<mjloggm ver="2.3"><GO type="225" lobby="0"/><UN n0="%E3%83%94%E3%83%B3%E3%82%B5%E3%83%AD%E5%BA%97%E5%93%A1" n1="%72%69%6F%75%63%68%61%6E" n2="%E3%81%A9%E3%82%8F%E3%82%93%E3%81%94" n3="%E3%81%BF%E3%81%BF%E3%81%9A" dan="16,16,16,17" rate="2178.44,2114.54,2089.38,2217.59" sx="M,M,M,M"/><TAIKYOKU oya="0"/><INIT seed="0,0,0,2,1,62" ten="250,250,250,250" oya="0" hai0="29,92,67,135,24,50,10,81,44,11,97,58,114" hai1="93,5,22,94,33,87,69,124,98,110,3,2,73" hai2="104,14,71,112,4,64,1,132,31,35,123,120,43" hai3="109,57,84,79,102,52,56,6,74,108,72,8,127"/><T26/><D114/><U51/><E33/><V45/><F14/><W25/><G102/><T76/><D135/><U12/><E73/><V105/><F112/><W115/><G115/><T34/><D26/><U47/><E110/><N who="3" m="42602" /><G127/><T121/><D121/><N who="2" m="46666" /><F132/><W37/><G37/><T106/><D106/><U28/><E124/><V129/><F129/><W134/><G134/><T82/><D82/><U48/><E69/><V95/><F95/><W90/><G79/><T27/><D27/><N who="1" m="16503" /><E2/><V46/><F46/><W85/><G25/><T125/><D125/><U54/><E3/><V89/><F89/><W19/><G19/><T100/><D58/><N who="3" m="22633" /><G52/><T0/><D0/><U66/><E87/><N who="3" m="33354" /><G90/><T18/><D18/><U21/><E5/><V103/><F103/><W113/><G113/><T88/><D100/><N who="1" m="60495" /><E48/><V65/><F4/><W128/><G128/><T107/><D107/><U15/><E94/><V111/><F105/><W101/><G101/><T117/><D50/><U75/><E75/><V39/><F104/><W68/><G68/><T70/><D70/><U59/><E21/><V13/><F111/><W55/><G55/><T38/><D38/><U53/><E54/><V61/><F71/><W119/><G119/><T83/><D117/><U42/><E53/><V32/><F39/><W78/><G78/><T133/><D76/><U91/><E91/><V131/><F131/><W63/><G63/><AGARI ba="0,0" hai="12,15,42,47,51,59,63,66" m="60495,16503" machi="63" ten="30,3900,0" yaku="25,1,8,1,52,1" doraHai="62" who="1" fromWho="3" sc="250,0,250,39,250,0,250,-39" /><INIT seed="1,0,0,0,4,120" ten="250,289,250,211" oya="1" hai0="125,62,123,42,119,68,109,96,130,133,32,38,113" hai1="126,91,15,18,43,89,48,21,47,112,59,9,77" hai2="83,28,10,100,3,61,64,41,127,110,67,37,93" hai3="92,12,60,45,104,129,132,108,74,33,14,78,7"/><U99/><E126/><V69/><F127/><W97/><G33/><T85/><RYUUKYOKU type="yao9" ba="0,0" sc="250,0,289,0,250,0,211,0" hai0="32,38,42,62,68,85,96,109,113,119,123,125,130,133" /><INIT seed="1,1,0,5,0,55" ten="250,289,250,211" oya="1" hai0="126,50,97,132,22,108,28,102,18,81,76,111,46" hai1="99,15,125,31,37,60,95,74,133,113,9,92,73" hai2="58,89,62,121,65,131,98,40,56,67,13,75,88" hai3="47,80,3,24,112,93,51,64,16,116,117,100,120"/><U91/><E113/><V30/><F121/><W72/><G120/><T96/><D28/><U129/><E125/><V17/><F75/><W77/><G112/><T48/><D132/><U49/><E129/><V10/><F131/><W110/><G3/><T118/><D118/><N who="3" m="45673" /><G110/><N who="0" m="42027" /><D126/><U104/><E37/><V103/><F40/><N who="3" m="25063" /><G64/><T90/><D90/><U57/><E133/><V124/><F30/><W114/><G114/><T36/><D36/><U32/><E104/><V66/><F124/><W34/><G34/><T119/><D119/><U4/><E49/><N who="0" m="19049" /><D102/><U134/><E134/><V107/><F67/><W1/><G1/><T26/><D46/><U78/><E78/><V54/><REACH who="2" step="1"/><F66/><REACH who="2" ten="250,289,240,211" step="2"/><W8/><G24/><T27/><D26/><U6/><E31/><V59/><F59/><W122/><G122/><T69/><D69/><U86/><E32/><V14/><F14/><N who="3" m="7239" /><G100/><T21/><D22/><U127/><E127/><V87/><F87/><AGARI ba="1,1" hai="18,21,27,76,81,87,96,97" m="19049,42027" machi="87" ten="30,1000,0" yaku="14,1" doraHai="55" who="0" fromWho="2" sc="250,23,289,0,240,-13,211,0" /><INIT seed="2,0,0,2,5,38" ten="273,289,227,211" oya="2" hai0="81,118,30,31,83,40,67,78,65,70,37,58,129" hai1="6,62,96,101,89,91,90,92,97,87,20,17,85" hai2="9,34,21,54,114,44,47,41,108,0,32,60,111" hai3="2,63,68,16,39,18,119,71,3,49,1,33,82"/><V132/><F114/><W27/><G119/><T124/><D70/><U8/><E62/><V46/><F132/><W94/><G39/><T95/><D118/><U5/><E97/><V53/><F21/><W73/><G94/><T29/><D129/><U59/><E59/><V74/><F74/><W11/><G49/><T13/><D124/><U100/><E101/><V84/><F84/><N who="1" m="32329" /><E8/><V7/><F60/><W110/><G110/><N who="2" m="42025" /><F41/><W35/><G63/><T80/><D78/><U77/><E77/><V75/><F75/><W36/><G36/><T48/><D95/><U121/><E121/><V133/><F133/><W103/><G82/><T127/><D127/><U116/><E116/><V64/><F64/><W126/><G73/><T24/><D37/><U88/><N who="1" m="22528" /><DORA hai="107" /><U86/><N who="1" m="32337" /><U122/><DORA hai="19" /><E122/><V51/><F54/><W79/><G79/><T123/><D123/><U105/><E105/><V131/><F131/><W134/><G126/><T22/><D67/><U113/><E113/><V12/><F0/><W66/><G134/><T26/><D65/><U106/><E106/><V28/><F34/><N who="3" m="12811" /><G66/><T130/><D130/><U125/><E125/><V42/><F53/><W104/><G104/><T69/><D69/><N who="3" m="26697" /><G103/><T25/><D81/><U98/><E98/><V55/><F55/><W135/><G135/><T115/><D83/><U10/><E10/><V52/><F52/><W99/><G99/><T56/><D80/><U112/><E112/><V57/><F57/><W72/><G72/><T43/><D115/><U102/><E102/><V93/><F93/><W61/><G61/><RYUUKYOKU ba="0,0" sc="273,-15,289,15,227,15,211,-15" hai1="5,6,17,20,92,96,100" hai2="7,9,12,28,32,42,44,46,47,51" /><INIT seed="2,1,0,5,4,11" ten="258,304,242,196" oya="2" hai0="15,126,124,79,101,18,36,113,33,9,3,42,127" hai1="0,62,68,22,57,69,105,52,16,1,51,70,39" hai2="117,98,78,64,60,100,123,80,23,46,115,55,88" hai3="114,119,25,7,61,21,58,103,28,84,49,120,86"/><V112/><F123/><W45/><G119/><T10/><D113/><U43/><E105/><V116/><F23/><W110/><G120/><T92/><D33/><U26/><REACH who="1" step="1"/><E51/><REACH who="1" ten="258,294,242,196" step="2"/><V32/><F117/><W133/><G114/><T20/><D127/><U97/><E97/><V77/><F116/><W4/><G133/><T99/><D126/><U91/><E91/><V50/><F115/><W44/><G103/><T74/><D124/><U111/><E111/><V93/><F112/><W104/><G104/><T76/><D99/><U85/><E85/><N who="3" m="32874" /><G110/><T130/><D101/><U29/><E29/><V94/><F78/><W129/><G129/><T71/><D130/><U53/><E53/><V13/><F77/><W121/><G121/><T132/><D132/><U125/><E125/><V24/><F98/><W72/><G72/><T37/><D74/><U19/><E19/><V82/><F100/><W2/><G2/><T109/><D3/><U106/><E106/><V96/><F96/><W87/><N who="3" m="32882" /><W90/><DORA hai="89" /><G90/><T6/><D109/><U81/><E81/><V31/><F82/><W12/><G49/><T27/><D79/><U41/><E41/><V134/><F134/><W67/><G4/><T122/><D6/><U38/><E38/><V59/><F80/><W128/><G128/><T131/><D37/><U83/><E83/><V8/><F88/><W47/><G7/><AGARI ba="1,1" hai="7,8,13,24,31,32,46,50,55,59,60,64,93,94" machi="7" ten="30,11600,0" yaku="7,1,52,3" doraHai="11,89" who="2" fromWho="3" sc="258,0,294,0,242,129,196,-119" /><INIT seed="2,2,0,1,1,122" ten="258,294,371,77" oya="2" hai0="41,100,88,67,4,82,19,113,24,73,34,80,3" hai1="77,117,124,62,48,114,95,9,127,89,66,129,130" hai2="119,83,99,64,128,69,23,57,7,94,133,28,81" hai3="47,10,86,16,53,51,97,54,15,45,96,59,85"/><V106/><F119/><W116/><G116/><T27/><D113/><U42/><E114/><V1/><F106/><W0/><G0/><T76/><D100/><U108/><E108/><V2/><F69/><W101/><G45/><T60/><D41/><U21/><E117/><V91/><F133/><W43/><G54/><T44/><D44/><N who="1" m="25623" /><E77/><V110/><F128/><N who="1" m="49257" /><E9/><V105/><F105/><W33/><G33/><T22/><D4/><U50/><E21/><V125/><F110/><W61/><REACH who="3" step="1"/><G97/><REACH who="3" ten="258,294,371,67" step="2"/><T31/><D3/><U72/><E50/><V92/><F2/><W36/><G36/><T131/><D131/><U120/><E120/><V52/><F1/><W14/><G14/><T135/><D135/><U115/><E115/><V103/><F99/><W5/><G5/><T68/><D34/><U18/><E124/><V134/><F7/><W12/><G12/><T71/><D27/><U38/><E127/><V17/><F125/><W6/><G6/><T102/><D24/><U74/><E38/><V20/><F134/><W75/><G75/><T107/><D73/><U70/><E18/><V46/><F17/><W93/><AGARI ba="2,1" hai="10,15,16,43,47,51,53,59,61,85,86,93,96,101" machi="93" ten="20,12000,2" yaku="1,1,0,1,7,1,8,1,54,1,53,1" doraHai="122" doraHaiUra="13" who="3" fromWho="3" sc="258,-32,294,-32,371,-62,67,136" /><INIT seed="3,0,0,4,3,47" ten="226,262,309,203" oya="3" hai0="21,108,17,70,3,125,23,51,128,62,26,65,44" hai1="97,60,49,111,68,54,24,66,45,127,35,0,98" hai2="83,91,16,12,31,119,15,102,106,135,113,134,9" hai3="67,104,48,121,4,38,32,42,95,107,77,105,29"/><W59/><G121/><T72/><D72/><U64/><E111/><V40/><F119/><W117/><G117/><T57/><D3/><U78/><E0/><V52/><F113/><W53/><G4/><T39/><D108/><U25/><E127/><V79/><F40/><W8/><G8/><T132/><D125/><U86/><E64/><V114/><F114/><W10/><G10/><T100/><D128/><U109/><E109/><V46/><F31/><W130/><G130/><T94/><D132/><N who="2" m="50730" /><F91/><W20/><G77/><T36/><D70/><U6/><E6/><V2/><F2/><W73/><G73/><T103/><D23/><U122/><E122/><V11/><F102/><W1/><G1/><T61/><D61/><U126/><E126/><V96/><F96/><W18/><G67/><T92/><D39/><U82/><REACH who="1" step="1"/><E24/><REACH who="1" ten="226,252,309,203" step="2"/><V133/><F133/><W56/><G56/><T88/><D65/><U7/><E7/><V27/><F27/><W112/><G112/><T131/><D57/><U85/><E85/><V22/><F15/><N who="3" m="9311" /><G95/><T116/><D94/><U101/><E101/><V43/><F106/><W37/><G42/><T81/><D131/><U75/><E75/><N who="2" m="43519" /><F43/><W87/><G87/><T90/><D92/><U30/><AGARI ba="0,1" hai="25,30,35,45,49,54,60,66,68,78,82,86,97,98" machi="30" ten="30,4000,0" yaku="1,1,0,1,52,1,53,0" doraHai="47" doraHaiUra="71" who="1" fromWho="1" sc="226,-10,252,50,309,-10,203,-20" owari="216,-18.4,302,40.2,299,9.9,183,-31.7" /></mjloggm>