<mjloggm ver="2.3"><GO type="225" lobby="0"/><UN n0="%E6%A1%9C%E8%8A%B1%E9%96%83%E3%80%85" n1="%E3%81%A9%E3%82%8F%E3%82%93%E3%81%94" n2="%4B%2E%32%2E%4B%2E" n3="%E6%B4%BE%E9%81%A3%E3%81%AE%E3%82%B8%E3%83%A3%E3%83%83%E3%82%AF" dan="16,16,17,16" rate="2069.26,2110.00,2231.93,2187.54" sx="M,M,M,M"/><TAIKYOKU oya="0"/><INIT seed="0,0,0,0,2,4" ten="250,250,250,250" oya="0" hai0="35,59,108,40,129,84,100,119,88,121,124,89,106" hai1="85,32,72,56,38,55,62,94,113,25,19,28,29" hai2="122,3,98,91,126,14,75,11,81,7,70,134,114" hai3="63,21,17,76,74,66,20,82,112,107,53,127,128"/><T87/><D35/><U117/><E117/><V133/><F114/><W90/><G112/><T12/><D119/><U125/><E113/><V48/><F122/><W36/><G107/><T78/><D121/><U52/><E72/><V31/><F70/><W69/><G36/><T135/><D135/><N who="2" m="51722" /><F126/><W13/><G128/><T61/><D124/><U49/><E38/><V6/><F31/><W118/><G127/><T95/><D129/><U131/><E131/><V73/><F48/><W50/><G118/><T79/><D40/><U41/><E41/><V111/><F111/><W67/><G67/><T46/><D46/><U105/><E105/><V22/><F22/><W18/><G90/><T65/><D108/><U26/><E125/><V51/><F51/><W8/><REACH who="3" step="1"/><G18/><REACH who="3" ten="250,250,250,240" step="2"/><T9/><D106/><U5/><E19/><V120/><F120/><W99/><G99/><T43/><D100/><U15/><E29/><V45/><F98/><W130/><G130/><T68/><D68/><U115/><E115/><V86/><F45/><AGARI ba="0,1" hai="8,13,17,20,21,45,50,53,63,66,69,74,76,82" machi="45" ten="30,3900,0" yaku="1,1,7,1,52,1,53,0" doraHai="4" doraHaiUra="80" who="3" fromWho="2" sc="250,0,250,0,250,-39,240,49" /><INIT seed="1,0,0,1,2,80" ten="250,250,211,289" oya="1" hai0="98,55,84,58,30,27,87,93,59,44,85,66,101" hai1="10,16,13,57,36,103,115,51,122,119,132,52,88" hai2="67,74,61,121,0,76,90,99,71,77,113,95,94" hai3="102,65,38,69,25,31,9,78,108,135,26,118,63"/><U47/><E122/><V116/><F121/><W35/><G108/><T46/><D66/><U123/><E115/><V54/><F116/><W40/><G135/><T106/><D106/><U82/><E119/><V1/><F113/><W70/><G118/><T117/><D117/><U91/><E132/><V125/><F125/><W20/><G78/><T68/><D68/><U41/><E123/><V11/><F74/><W37/><G70/><T131/><D131/><U62/><E103/><V56/><F94/><W110/><G110/><T7/><D7/><U104/><E104/><V28/><F28/><W43/><G9/><T19/><D19/><U32/><E32/><V73/><F73/><W53/><G53/><T134/><D134/><U34/><E34/><V96/><F96/><W42/><REACH who="3" step="1"/><G102/><REACH who="3" ten="250,250,211,279" step="2"/><T129/><D129/><U107/><E107/><V89/><F89/><W114/><G114/><T75/><D75/><U39/><REACH who="1" step="1"/><E91/><REACH who="1" ten="250,240,211,279" step="2"/><V112/><F112/><W29/><AGARI ba="0,2" hai="20,25,26,29,31,35,37,38,40,42,43,63,65,69" machi="29" ten="30,2000,0" yaku="1,1,0,1,53,0" doraHai="80" doraHaiUra="48" who="3" fromWho="3" sc="250,-5,240,-10,211,-5,279,40" /><INIT seed="2,0,0,5,3,9" ten="245,230,206,319" oya="2" hai0="83,25,63,38,4,41,69,107,75,7,120,46,68" hai1="24,11,10,72,81,15,3,121,124,54,17,118,52" hai2="43,113,23,103,98,56,27,16,92,93,119,115,13" hai3="87,21,8,116,110,128,77,39,40,112,122,134,65"/><V53/><F119/><W28/><G110/><T33/><D120/><U129/><E118/><V131/><F131/><W73/><G122/><T51/><D51/><U37/><E121/><V19/><F43/><W20/><G87/><T18/><D18/><U79/><E129/><V125/><F125/><W47/><G65/><T48/><D48/><U123/><E123/><V80/><F80/><W35/><G116/><T86/><D107/><U31/><E37/><V36/><F92/><W57/><G57/><T62/><D75/><U1/><E124/><V85/><F85/><W100/><G100/><T30/><D63/><U59/><E11/><V101/><F101/><W71/><G71/><T96/><D96/><U61/><REACH who="1" step="1"/><E54/><REACH who="1" ten="245,220,206,319" step="2"/><V45/><F36/><W0/><G8/><T102/><D38/><U74/><E74/><V70/><F70/><W108/><G73/><T132/><D69/><U127/><E127/><V50/><F56/><W5/><G128/><T64/><D68/><U97/><E97/><V14/><F27/><W34/><G39/><T26/><D26/><U109/><E109/><V22/><AGARI ba="0,1" hai="13,14,16,19,22,23,45,50,53,93,98,103,113,115" machi="22" ten="20,18000,2" yaku="0,1,7,1,9,1,52,2,54,1" doraHai="9" who="2" fromWho="2" sc="245,-60,220,-60,206,190,319,-60" /><INIT seed="2,1,0,5,0,62" ten="185,160,396,259" oya="2" hai0="17,134,88,110,26,86,6,42,50,79,56,22,66" hai1="113,98,23,65,28,14,126,108,38,34,27,59,45" hai2="20,107,112,84,48,124,24,19,74,118,21,13,51" hai3="103,53,115,54,105,39,10,73,122,64,11,96,104"/><V7/><F74/><W12/><G122/><T99/><D110/><U78/><E113/><V100/><F118/><W72/><G39/><T91/><D134/><U47/><E108/><V15/><F124/><W46/><G115/><T70/><D70/><U75/><E126/><V102/><F112/><W76/><G46/><N who="0" m="25943" /><D6/><U1/><E38/><V71/><F71/><W77/><G96/><T127/><D127/><U36/><E36/><V93/><F7/><W111/><G111/><T30/><D99/><U37/><E37/><V130/><F130/><W125/><G125/><T92/><D91/><U87/><E75/><V109/><F84/><W95/><G12/><T49/><D79/><U116/><E1/><V57/><F107/><W43/><G43/><T35/><D35/><U55/><E116/><V106/><F106/><W114/><G114/><T90/><D90/><U31/><E98/><V16/><F13/><W121/><G121/><T69/><D69/><U83/><E14/><V117/><F117/><W101/><G95/><T25/><D49/><U67/><E31/><V0/><F0/><W60/><G60/><N who="0" m="38151" /><D25/><U5/><E5/><V82/><F109/><W94/><G94/><T2/><D2/><U81/><E81/><V32/><F32/><W123/><G123/><T89/><D89/><U129/><E34/><V80/><F93/><W52/><G72/><T128/><D128/><U8/><E129/><V133/><F133/><W18/><G73/><T119/><D119/><U3/><E3/><V132/><F132/><W131/><G131/><T63/><D30/><U40/><E28/><RYUUKYOKU ba="1,0" sc="185,30,160,-10,396,-10,259,-10" hai0="17,22,26,63,86,88,92" /><INIT seed="3,2,0,4,0,99" ten="215,150,386,249" oya="3" hai0="29,107,22,116,19,79,85,23,102,106,88,108,109" hai1="78,52,105,39,71,114,13,43,10,66,77,133,28" hai2="34,120,33,132,67,100,135,7,72,89,110,134,11" hai3="9,113,6,111,40,0,27,60,73,115,97,1,31"/><W46/><G1/><T84/><D116/><U57/><E114/><V63/><F110/><N who="0" m="42602" /><D102/><U95/><E105/><N who="0" m="39945" /><D29/><U74/><E133/><V70/><F120/><W56/><G111/><T92/><D19/><U58/><E74/><V37/><F37/><W101/><G73/><T104/><N who="0" m="39953" /><T47/><DORA hai="62" /><D47/><U17/><E28/><V53/><F72/><W12/><G0/><T51/><D51/><N who="1" m="30879" /><E58/><N who="2" m="35279" /><F100/><W122/><G122/><T49/><D49/><U48/><E48/><V129/><F129/><W21/><G46/><T50/><D50/><U16/><E95/><V80/><F67/><W3/><G3/><T65/><D65/><U68/><E17/><V20/><F20/><W69/><G113/><T121/><D121/><U4/><E71/><V24/><F24/><W61/><G69/><T42/><D42/><U124/><E4/><V75/><F70/><W103/><G115/><T26/><D26/><U128/><E128/><V86/><F75/><W91/><G56/><T130/><D130/><U54/><E54/><V96/><F96/><W5/><G5/><T123/><D123/><U30/><E30/><V119/><F119/><W64/><G64/><T8/><D85/><U98/><E98/><V18/><F18/><W93/><G40/><T44/><D44/><N who="1" m="23679" /><E124/><V55/><F55/><W87/><G87/><N who="0" m="52255" /><D8/><U14/><E13/><AGARI ba="2,0" hai="7,11,13,33,34,80,86,89,132,134,135" m="35279" machi="13" ten="30,1000,0" yaku="20,1" doraHai="99,62" who="2" fromWho="1" sc="215,0,150,-16,386,16,249,0" owari="215,-18.5,134,-36.6,402,50.2,249,4.9" /></mjloggm>