<mjloggm ver="2.3"><GO type="225" lobby="0"/><UN n0="%E3%81%B8%E3%82%80%E3%81%B8%E3%82%80%EF%BC%92%E5%8F%B7" n1="%E3%81%A1%E3%82%85%E3%81%86%E3%81%A9%E3%81%8F%E8%B1%A1%E3%81%95%E3%82%93" n2="%E3%81%95%E3%81%8D%E3%81%9F%E3%81%BE%E6%9E%97%E6%AA%8E" n3="%E9%80%9F%E6%B0%B4%E5%87%9B%E9%A6%99" dan="17,17,16,16" rate="2173.31,2193.54,2093.15,2158.88" sx="M,M,M,F"/><TAIKYOKU oya="0"/><INIT seed="0,0,0,0,0,111" ten="250,250,250,250" oya="0" hai0="131,35,20,98,76,36,21,94,121,23,82,124,15" hai1="1,6,19,18,9,118,26,60,32,68,46,75,109" hai2="41,129,133,7,113,135,103,63,5,107,90,48,61" hai3="105,49,116,86,77,12,58,42,70,43,38,126,10"/><T88/><D121/><U125/><E75/><V0/><F0/><W17/><G70/><T22/><D124/><U2/><E46/><V96/><F129/><W74/><G74/><T71/><D131/><U37/><E37/><V27/><F27/><W83/><G105/><T100/><D71/><U56/><E68/><V108/><F108/><W50/><G126/><T119/><D35/><U3/><E109/><V117/><F117/><W54/><G116/><T40/><D119/><U95/><E125/><V73/><F73/><W91/><G38/><T114/><D114/><U123/><E118/><V4/><F90/><W122/><G122/><T25/><D15/><U106/><E106/><V57/><F113/><W64/><G64/><T93/><D40/><U92/><E123/><V128/><F128/><W45/><G77/><T104/><D36/><U79/><E79/><V132/><REACH who="2" step="1"/><F57/><REACH who="2" ten="250,250,240,250" step="2"/><W78/><G78/><T81/><D76/><U47/><E1/><V53/><F53/><AGARI ba="0,1" hai="10,12,17,42,43,45,49,50,53,54,58,83,86,91" machi="53" ten="30,7700,0" yaku="7,1,25,2,8,1" doraHai="111" who="3" fromWho="2" sc="250,0,250,0,240,-77,250,87" /><INIT seed="1,0,0,4,3,31" ten="250,250,163,337" oya="1" hai0="129,100,12,85,111,35,81,91,59,27,15,93,96" hai1="64,104,114,11,74,22,14,63,56,40,0,19,20" hai2="70,16,36,76,44,90,67,133,6,58,62,9,10" hai3="71,130,30,115,113,72,121,88,17,28,75,1,107"/><U132/><E114/><V48/><F133/><W78/><G107/><T83/><D111/><U82/><E104/><V24/><F76/><W26/><G1/><T18/><D129/><U32/><E132/><V68/><F36/><W106/><G106/><T45/><D59/><U3/><E40/><V124/><F124/><W34/><G71/><T103/><D81/><U77/><REACH who="1" step="1"/><E32/><REACH who="1" ten="250,240,163,337" step="2"/><V118/><F118/><W117/><G117/><T54/><D35/><U37/><E37/><V122/><F122/><W49/><G121/><T57/><D45/><U38/><E38/><V134/><F134/><W135/><G135/><T66/><D66/><U98/><E98/><V52/><F70/><W7/><G34/><T109/><D109/><U25/><E25/><V95/><F68/><W99/><G99/><T79/><D27/><U69/><E69/><V128/><F128/><W73/><G26/><T60/><REACH who="0" step="1"/><D12/><REACH who="0" ten="240,240,163,337" step="2"/><U123/><E123/><V55/><F67/><W94/><G130/><T108/><D108/><U92/><E92/><V101/><F95/><W105/><G94/><T125/><D125/><U33/><E33/><V47/><F24/><W53/><G105/><T119/><D119/><U21/><AGARI ba="0,2" hai="0,3,11,14,19,20,21,22,56,63,64,74,77,82" machi="21" ten="30,3000,0" yaku="1,1,0,1,53,0" doraHai="31" doraHaiUra="86" who="1" fromWho="1" sc="240,-10,240,50,163,-10,337,-10" /><INIT seed="1,1,0,2,4,125" ten="230,290,153,327" oya="1" hai0="122,105,47,85,62,93,63,116,66,123,54,16,95" hai1="88,120,12,114,21,35,36,127,55,58,111,56,57" hai2="68,15,50,102,128,20,70,97,117,22,0,9,133" hai3="67,8,74,104,7,81,107,32,99,26,106,129,48"/><U44/><E120/><N who="0" m="46121" /><D105/><U46/><E114/><V37/><F117/><W2/><G67/><T14/><D116/><U124/><E35/><V134/><F37/><W92/><G48/><N who="0" m="28959" /><D85/><U82/><E111/><V112/><F0/><W61/><G61/><N who="0" m="23051" /><D66/><U4/><E4/><V77/><F112/><W64/><G64/><T49/><D49/><N who="1" m="29095" /><E12/><V59/><F50/><W80/><G80/><T83/><D83/><U43/><E21/><AGARI ba="1,0" hai="14,16,21,93,95" m="23051,28959,46121" machi="21" ten="30,2000,0" yaku="13,1,54,1" doraHai="125" who="0" fromWho="1" sc="230,23,290,-23,153,0,327,0" /><INIT seed="2,0,0,1,5,54" ten="253,267,153,327" oya="2" hai0="56,63,74,10,131,53,82,84,75,28,27,26,3" hai1="22,101,133,117,110,103,111,124,16,118,68,20,32" hai2="66,13,61,115,94,92,86,0,24,55,65,15,104" hai3="41,121,44,6,40,95,34,93,51,128,102,43,122"/><V116/><F115/><W77/><G34/><T85/><D131/><U120/><E68/><V108/><F116/><N who="1" m="44649" /><E120/><V62/><F104/><W76/><G128/><T100/><D100/><N who="1" m="38475" /><E32/><V106/><F106/><W1/><G1/><T23/><D27/><U8/><E133/><V57/><F0/><W58/><G6/><T69/><D69/><U97/><E97/><V5/><F55/><W71/><G71/><T38/><D38/><U18/><E124/><V29/><F108/><N who="1" m="41513" /><E8/><V36/><F36/><W12/><G122/><T107/><D107/><U81/><E81/><V64/><F64/><W45/><G102/><T60/><D60/><U79/><E79/><V17/><F5/><W127/><G76/><T80/><D80/><U125/><E125/><V114/><F114/><W49/><G77/><T88/><D84/><U70/><E70/><V72/><F72/><W37/><G121/><T39/><D39/><U132/><E132/><V96/><F86/><W113/><G113/><T129/><D129/><U78/><E78/><V48/><F96/><W31/><G127/><T112/><D112/><U42/><E42/><V11/><F15/><W9/><G37/><T87/><D87/><U67/><E67/><V83/><F83/><W14/><G41/><T59/><D10/><U126/><E126/><V35/><REACH who="2" step="1"/><F48/><REACH who="2" ten="253,267,143,327" step="2"/><W52/><G14/><T73/><D3/><U98/><E98/><V119/><F119/><W109/><G109/><T7/><D7/><U90/><E90/><V50/><F50/><W135/><G12/><T25/><D25/><U99/><E99/><V30/><F30/><RYUUKYOKU ba="0,1" sc="253,10,267,10,143,10,327,-30" hai0="23,26,28,53,56,59,63,73,74,75,82,85,88" hai1="16,18,20,22" hai2="11,13,17,24,29,35,57,61,62,65,66,92,94" /><INIT seed="2,1,1,0,5,122" ten="263,277,153,297" oya="2" hai0="110,34,38,70,18,90,128,104,82,66,68,9,85" hai1="101,16,92,72,48,7,84,14,4,47,26,55,98" hai2="69,30,8,120,13,0,133,52,46,51,27,65,129" hai3="24,62,83,118,11,132,109,36,80,1,41,31,37"/><V21/><F120/><W115/><G118/><T53/><D34/><U88/><E26/><V35/><F129/><W23/><G115/><T22/><D128/><U39/><E72/><V10/><F133/><W114/><G114/><T58/><D38/><U95/><E39/><V119/><F119/><W28/><G28/><T135/><D104/><U5/><E5/><V20/><F0/><W71/><G132/><T12/><D135/><U131/><E131/><V57/><F69/><W96/><G96/><T86/><D66/><U56/><E47/><V87/><F87/><W111/><G62/><T134/><D134/><U113/><E113/><V103/><F103/><W108/><G71/><T124/><D124/><U44/><E44/><V100/><F100/><W126/><G126/><T78/><D9/><AGARI ba="1,1" hai="4,7,9,14,16,48,55,56,84,88,92,95,98,101" machi="9" ten="30,7700,0" yaku="7,1,8,1,54,2" doraHai="122" who="1" fromWho="0" sc="263,-80,277,90,153,0,297,0" /><INIT seed="3,0,0,2,1,19" ten="183,367,153,297" oya="3" hai0="124,105,17,104,129,59,120,4,12,48,18,31,46" hai1="1,7,86,108,88,107,15,133,40,115,97,28,60" hai2="130,135,111,80,76,30,113,54,27,23,96,52,38" hai3="73,126,77,134,70,39,118,85,98,100,22,66,69"/><W103/><G39/><T57/><D120/><U63/><E1/><V71/><F113/><W106/><G118/><T47/><D124/><U109/><E40/><V25/><F71/><W101/><G126/><T84/><D129/><U102/><E28/><V94/><F38/><W34/><G34/><T20/><D31/><U36/><E36/><V50/><F130/><W32/><G32/><T78/><D4/><U65/><E133/><V112/><F112/><W58/><G134/><T93/><D105/><U110/><E115/><V125/><F125/><W91/><G58/><T131/><D104/><U122/><E122/><V21/><F135/><W43/><G43/><T75/><D75/><U92/><E65/><V74/><F50/><W127/><G127/><T6/><D6/><U132/><E132/><V56/><F56/><N who="0" m="21578" /><D131/><U37/><E37/><V13/><F13/><W68/><G66/><T53/><D46/><U121/><E121/><V82/><F82/><W11/><G11/><AGARI ba="0,0" hai="7,11,15,60,63,86,88,92,97,102,107,108,109,110" machi="11" ten="40,2600,0" yaku="14,1,54,1" doraHai="19" who="1" fromWho="3" sc="183,0,367,26,153,0,297,-26" owari="183,-21.7,393,49.3,153,-34.7,271,7.1" /></mjloggm>