<mjloggm ver="2.3"><GO type="225" lobby="0"/><UN n0="%E7%BD%AA%E5%88%91%E6%B3%95%E5%AE%9A%E4%B8%BB%E7%BE%A9" n1="%E3%81%BE%E3%81%A8%E3%81%9F" n2="%48%61%61%61%6C%61%6E%64" n3="%E3%81%AF%E3%82%88%E3%81%8A%E3%81%98%E3%81%95%E3%82%93" dan="16,16,18,16" rate="2127.30,2156.25,2240.93,2183.52" sx="M,M,M,M"/><TAIKYOKU oya="0"/><INIT seed="0,0,0,5,1,119" ten="250,250,250,250" oya="0" hai0="57,93,16,30,26,44,12,10,56,132,115,135,40" hai1="94,128,106,21,70,68,89,84,129,122,108,71,80" hai2="35,96,107,86,50,121,98,81,117,17,131,109,112" hai3="3,92,74,97,51,11,69,91,113,67,72,49,123"/><T46/><D115/><U39/><E106/><V88/><F112/><W118/><G118/><T105/><D105/><U63/><E108/><V14/><F117/><W61/><G113/><T32/><D93/><U38/><E63/><V37/><F37/><N who="1" m="13833" /><E21/><V124/><F109/><W102/><G123/><T134/><REACH who="0" step="1"/><D46/><REACH who="0" ten="240,250,250,250" step="2"/><U99/><E122/><V60/><F107/><W59/><G92/><T6/><D6/><U47/><E47/><V43/><F121/><W53/><G102/><T20/><D20/><U90/><E94/><V120/><F120/><W9/><G97/><T42/><D42/><U130/><E99/><V36/><F98/><W65/><G11/><T66/><D66/><U33/><E33/><V48/><F35/><W133/><G67/><T101/><D101/><U125/><E125/><V34/><F34/><W31/><G9/><T41/><D41/><U78/><AGARI ba="0,1" hai="68,70,71,78,80,84,89,90,128,129,130" m="13833" machi="78" ten="50,1600,0" yaku="19,1" doraHai="119" who="1" fromWho="1" sc="240,-8,250,26,250,-4,250,-4" /><INIT seed="1,0,0,2,5,28" ten="232,276,246,246" oya="1" hai0="96,131,66,97,63,3,27,53,99,112,52,124,102" hai1="46,89,108,2,71,4,88,44,32,39,14,40,16" hai2="133,50,87,15,57,77,115,72,135,109,6,19,92" hai3="79,68,111,60,38,85,98,42,101,84,56,78,59"/><U7/><E71/><V93/><F109/><W110/><G68/><T128/><D112/><U17/><E32/><V41/><F6/><W82/><G42/><T104/><D3/><U70/><E70/><V118/><F118/><W5/><G38/><T45/><D124/><U75/><E75/><V37/><F37/><W134/><G134/><N who="2" m="51209" /><F72/><W61/><G5/><T9/><D9/><U86/><E108/><N who="3" m="41514" /><G84/><T55/><D27/><U8/><E46/><N who="2" m="25935" /><F115/><W94/><G78/><T132/><D45/><U49/><E39/><V105/><F105/><W126/><G126/><T119/><D119/><U83/><E2/><V90/><F57/><AGARI ba="0,0" hai="56,57,59,60,61,79,82,85,94,98,101" m="41514" machi="57" ten="30,1000,0" yaku="14,1" doraHai="28" who="3" fromWho="2" sc="232,0,276,0,246,-10,246,10" /><INIT seed="2,0,0,0,2,42" ten="232,276,236,256" oya="2" hai0="74,53,0,85,79,125,12,121,69,92,110,52,60" hai1="115,13,89,80,39,73,130,119,59,81,127,40,29" hai2="6,62,135,112,64,133,107,44,10,84,103,43,101" hai3="126,37,48,104,54,7,93,33,26,91,95,66,22"/><V31/><F112/><W129/><G104/><T67/><D121/><U96/><E115/><V55/><F55/><W30/><G37/><T18/><D0/><U36/><E36/><V102/><F31/><W51/><G126/><T35/><D35/><U38/><E39/><V98/><F84/><W21/><G129/><T14/><D110/><U114/><E38/><V109/><F109/><W28/><G66/><T50/><D125/><U25/><E73/><V3/><F43/><W120/><G120/><T99/><D74/><U105/><E105/><V11/><F44/><W88/><G7/><T23/><D12/><U83/><E40/><V71/><REACH who="2" step="1"/><F11/><REACH who="2" ten="232,276,226,256" step="2"/><W77/><G54/><T76/><D85/><U72/><E114/><V108/><F108/><W1/><G30/><T16/><D53/><U117/><E72/><V116/><F116/><W41/><G28/><T70/><D69/><U63/><E29/><V75/><F75/><W94/><G41/><T124/><D124/><U27/><E127/><V131/><F131/><W47/><G47/><T34/><D34/><U58/><E130/><V9/><F9/><W17/><G33/><T65/><D65/><U87/><E87/><V5/><F5/><W113/><G113/><T86/><D86/><U68/><E119/><V82/><F82/><W128/><G128/><T123/><D123/><U118/><E117/><V46/><F46/><W19/><G77/><T134/><D79/><U56/><E118/><V8/><F8/><W100/><G22/><T90/><D76/><U78/><E78/><V24/><F24/><W4/><G26/><RYUUKYOKU ba="0,1" sc="232,-10,276,-10,226,30,256,-10" hai2="3,6,10,62,64,71,98,101,102,103,107,133,135" /><INIT seed="2,1,1,3,5,92" ten="222,266,256,246" oya="2" hai0="122,54,10,49,64,116,110,28,3,69,134,33,24" hai1="75,76,96,25,95,124,56,121,132,19,35,21,52" hai2="91,101,59,38,114,5,131,68,70,86,130,78,27" hai3="79,77,23,42,26,7,55,17,89,9,6,99,112"/><V120/><F114/><W103/><G112/><T45/><D122/><U61/><E124/><V85/><F120/><W2/><G42/><T0/><D110/><U98/><E132/><V97/><F38/><W105/><G7/><T109/><D109/><U41/><E121/><V93/><F5/><W63/><G89/><T90/><D134/><U46/><E35/><V74/><F59/><W58/><AGARI ba="1,1" hai="2,6,9,17,23,26,55,58,63,77,79,99,103,105" machi="58" ten="30,2000,0" yaku="0,1,52,1" doraHai="92" who="3" fromWho="3" sc="222,-6,266,-6,256,-11,246,33" /><INIT seed="3,0,0,1,1,74" ten="216,260,245,279" oya="3" hai0="65,133,33,30,82,101,51,102,23,14,0,28,94" hai1="50,63,134,96,135,2,15,42,115,114,99,48,105" hai2="118,88,106,126,27,31,41,90,43,62,128,111,104" hai3="25,117,24,59,129,76,116,49,1,77,39,84,113"/><W36/><G1/><T80/><D0/><U93/><E2/><V83/><F118/><W85/><G49/><N who="1" m="19050" /><E63/><V55/><F111/><W95/><G95/><T121/><D121/><U13/><E42/><V109/><F109/><W98/><G98/><N who="1" m="37418" /><E93/><V112/><F43/><W47/><G59/><T70/><D133/><N who="1" m="50699" /><E105/><V22/><F41/><W97/><G97/><T6/><D33/><U46/><E46/><V58/><F106/><W32/><G47/><T71/><D94/><U10/><E10/><V11/><F11/><W86/><G32/><T9/><D51/><U79/><E79/><V87/><F112/><AGARI ba="0,0" hai="13,15,112,114,115" m="50699,37418,19050" machi="112" ten="40,5200,0" yaku="28,2,20,1" doraHai="74" who="1" fromWho="2" sc="216,0,260,52,245,-52,279,0" owari="216,-18.4,312,41.2,193,-30.7,279,7.9" /></mjloggm>