<mjloggm ver="2.3"><GO type="225" lobby="0"/><UN n0="%E3%81%8B%E3%82%8F%E3%81%A1%E3%82%83%E3%82%93%35%38" n1="%E6%A1%9C%E8%8A%B1%E9%96%83%E3%80%85" n2="%E3%81%A8%E3%82%93%E3%81%A8%E3%81%93%E3%81%A8%E3%82%93" n3="%E3%81%AD%E3%81%93%E3%81%AD%E3%81%93%E3%81%8B%E3%81%AD%E3%81%93" dan="17,16,16,16" rate="2225.38,2205.88,2141.59,2021.63" sx="M,M,F,M"/><TAIKYOKU oya="0"/><INIT seed="0,0,0,3,1,101" ten="250,250,250,250" oya="0" hai0="103,94,117,59,62,100,67,131,47,116,118,77,66" hai1="85,115,60,88,127,32,79,99,13,132,126,33,36" hai2="14,114,8,20,80,15,39,26,18,21,133,58,64" hai3="71,93,65,130,4,0,35,43,95,86,105,134,92"/><T27/><D131/><U90/><E132/><V73/><F114/><W6/><G35/><T107/><D77/><U78/><E36/><V129/><F39/><W30/><G30/><T23/><D66/><U53/><E13/><V96/><F129/><W104/><G130/><T98/><D47/><U63/><E99/><V16/><F133/><W102/><G134/><T106/><REACH who="0" step="1"/><D103/><REACH who="0" ten="240,250,250,250" step="2"/><U69/><E79/><V42/><F42/><W7/><G43/><T72/><D72/><U10/><E78/><V55/><F73/><W135/><G102/><T45/><D45/><U41/><E41/><V9/><F64/><W70/><G135/><T57/><D57/><U109/><E69/><N who="3" m="26122" /><G65/><T119/><N who="0" m="29696" /><DORA hai="121" /><T44/><D44/><U75/><E75/><V68/><F68/><W38/><G38/><T87/><D87/><U2/><E85/><V84/><F96/><W112/><G86/><T17/><AGARI ba="0,1" hai="17,23,27,59,62,67,94,98,100,106,107" m="29696" machi="17" ten="60,12000,1" yaku="1,1,0,1,52,2,53,1" doraHai="101,121" doraHaiUra="22,110" who="0" fromWho="0" sc="240,130,250,-40,250,-40,250,-40" /><INIT seed="0,1,0,0,0,76" ten="370,210,210,210" oya="0" hai0="34,45,63,125,39,38,71,29,120,53,30,44,113" hai1="74,133,82,48,87,119,102,92,13,98,131,127,70" hai2="91,77,10,51,55,103,78,17,26,132,0,122,105" hai3="68,75,135,41,121,83,46,2,47,134,35,129,90"/><T61/><D34/><U65/><E119/><V54/><F122/><W115/><G115/><T40/><D113/><U100/><E131/><V106/><F132/><N who="3" m="50731" /><G35/><T123/><D125/><U1/><E133/><V89/><F0/><W28/><G28/><T80/><D53/><U50/><E1/><V101/><F10/><W85/><G129/><T14/><D14/><U27/><E74/><V59/><F26/><W52/><G2/><T25/><D40/><U60/><E127/><V19/><F51/><N who="3" m="28791" /><G68/><T32/><D32/><U97/><E13/><V33/><F33/><W36/><G75/><T23/><D71/><U37/><E37/><V56/><AGARI ba="1,0" hai="17,19,54,55,56,59,77,78,89,91,101,103,105,106" machi="56" ten="25,3200,0" yaku="0,1,22,2" doraHai="76" who="2" fromWho="2" sc="370,-17,210,-9,210,35,210,-9" /><INIT seed="1,0,0,0,5,123" ten="353,201,245,201" oya="1" hai0="130,9,106,129,105,77,60,111,119,70,25,13,86" hai1="17,4,93,16,94,55,63,80,83,125,47,11,108" hai2="91,99,2,31,88,109,115,90,26,57,121,81,30" hai3="76,78,68,12,53,97,134,24,59,18,7,102,118"/><U35/><E35/><V96/><F121/><W29/><G68/><T37/><D37/><U61/><E125/><V128/><F2/><W46/><G7/><T113/><D113/><U65/><E47/><V117/><F117/><W74/><G134/><T100/><D100/><U6/><E55/><V127/><F127/><W33/><G46/><T114/><D114/><U131/><E11/><V32/><F115/><W3/><G74/><T112/><D112/><U27/><E27/><V41/><F128/><W45/><G45/><T56/><D70/><U21/><E21/><V64/><F41/><W126/><G3/><T50/><D50/><U10/><E10/><V107/><F107/><W5/><G5/><T85/><D25/><U67/><E131/><N who="0" m="50185" /><D119/><U133/><E133/><V15/><F31/><W62/><G126/><T23/><D23/><U22/><E22/><V51/><F81/><W8/><REACH who="3" step="1"/><G118/><REACH who="3" ten="353,201,245,191" step="2"/><T135/><D135/><U75/><REACH who="1" step="1"/><E75/><REACH who="1" ten="353,191,245,191" step="2"/><V66/><F32/><W79/><G79/><T28/><D77/><U120/><E120/><V92/><F30/><W38/><G38/><T44/><D28/><U42/><E42/><V95/><F26/><W48/><G48/><T84/><D44/><U43/><E43/><V72/><F72/><W87/><G87/><T49/><D49/><U39/><E39/><V52/><F15/><W73/><G73/><T36/><D36/><U122/><E122/><V14/><F14/><W89/><G89/><T40/><D40/><U104/><E104/><AGARI ba="0,2" hai="8,12,18,24,29,33,53,59,62,76,78,97,102,104" machi="104" ten="30,3900,0" yaku="1,1,7,1,53,1" doraHai="123" doraHaiUra="58" who="3" fromWho="1" sc="353,0,191,-39,245,0,191,59" /><INIT seed="2,0,0,0,5,121" ten="353,152,245,250" oya="2" hai0="67,43,52,44,103,122,31,80,92,27,8,117,129" hai1="37,59,73,81,5,13,127,41,89,10,0,118,21" hai2="64,16,7,85,98,78,115,30,87,130,17,70,88" hai3="38,79,56,96,49,15,107,126,116,131,128,25,119"/><V111/><F115/><W35/><G38/><T34/><D122/><U108/><E118/><V100/><F130/><N who="3" m="49707" /><G79/><T6/><D129/><U18/><E127/><V86/><F78/><W135/><G126/><T45/><D67/><U75/><E59/><V9/><F30/><N who="3" m="19919" /><G135/><T4/><D4/><U47/><E89/><V82/><F70/><W28/><G15/><T132/><D80/><U14/><E14/><V51/><F64/><W48/><G28/><T97/><D132/><U23/><E23/><V102/><F51/><N who="3" m="19531" /><G56/><T36/><D117/><U60/><E60/><V39/><F39/><W99/><G99/><T24/><D24/><U2/><E2/><V11/><F98/><W61/><G61/><T106/><D45/><U53/><E53/><V112/><F112/><W83/><G83/><T113/><D113/><U124/><E124/><V110/><F82/><W50/><N who="3" m="19539" /><W109/><DORA hai="32" /><G109/><N who="2" m="41481" /><F88/><W22/><G22/><T94/><D52/><U74/><REACH who="1" step="1"/><E108/><REACH who="1" ten="353,142,245,250" step="2"/><V54/><F54/><W55/><G55/><T84/><D43/><U93/><E93/><V76/><F76/><AGARI ba="0,1" hai="0,5,10,13,18,21,37,41,47,73,74,75,76,81" machi="76" ten="40,8000,1" yaku="1,1,25,2,52,1,53,1" doraHai="121,32" doraHaiUra="123,69" who="1" fromWho="2" sc="353,0,142,90,245,-80,250,0" /><INIT seed="3,0,0,1,4,88" ten="353,232,165,250" oya="3" hai0="34,21,83,80,40,75,26,106,111,112,27,57,109" hai1="107,1,125,61,115,103,19,66,41,44,78,15,33" hai2="11,22,99,50,16,79,101,65,31,64,86,46,94" hai3="0,118,93,127,98,110,48,54,62,7,135,17,87"/><W23/><G118/><T76/><D112/><U82/><E115/><V73/><F73/><W67/><G127/><T77/><D106/><U36/><E1/><V92/><F31/><W12/><G135/><T35/><D40/><U56/><E33/><V14/><F22/><W91/><G110/><N who="0" m="41995" /><D57/><U97/><E125/><V123/><F123/><W24/><G0/><T85/><D27/><U9/><E82/><V29/><F29/><AGARI ba="0,0" hai="21,26,29,34,35,75,76,77,80,83,85" m="41995" machi="29" ten="30,1000,0" yaku="14,1" doraHai="88" who="0" fromWho="2" sc="353,10,232,0,165,-10,250,0" owari="363,46.3,232,-16.8,155,-34.5,250,5.0" /></mjloggm>