<mjloggm ver="2.3"><GO type="225" lobby="0"/><UN n0="%E3%83%B4%E3%83%A0%EF%BC%99%E3%81%A6" n1="%E9%80%9F%E6%B0%B4%E5%87%9B%E9%A6%99" n2="%E5%A4%96%E5%B7%9D%E7%AB%9C%E6%88%90" n3="%E3%81%8F%E3%81%BE%E3%81%96%E3%82%8F" dan="17,16,16,16" rate="2190.83,2160.71,2128.31,2011.95" sx="M,F,M,M"/><TAIKYOKU oya="0"/><INIT seed="0,0,0,4,1,118" ten="250,250,250,250" oya="0" hai0="97,87,134,75,10,44,108,135,64,61,119,74,109" hai1="66,0,2,35,67,50,80,25,45,132,72,104,62" hai2="14,130,32,103,57,121,55,82,52,59,85,6,53" hai3="99,105,81,46,11,111,49,122,127,18,96,36,63"/><T22/><D119/><U17/><E67/><V114/><F114/><W28/><G111/><N who="0" m="42571" /><D10/><U128/><E104/><V126/><F32/><W113/><G113/><T19/><D87/><U20/><E132/><N who="0" m="50729" /><D97/><U98/><E98/><V15/><F130/><W95/><G99/><T92/><D92/><U30/><E128/><V86/><F126/><W65/><G105/><T115/><D44/><U31/><E80/><V33/><F103/><W27/><G127/><T3/><D3/><U120/><E72/><V106/><F106/><W69/><G81/><T16/><D115/><U48/><E45/><V89/><F86/><W84/><G84/><T73/><D22/><U26/><E20/><V40/><F33/><W39/><G11/><T129/><D129/><U100/><E35/><V56/><F6/><W101/><G95/><T12/><D12/><U117/><E0/><V71/><F14/><W41/><G96/><T79/><D79/><U7/><E2/><V88/><F15/><W54/><G101/><T124/><D124/><U5/><E7/><V94/><F40/><W68/><G41/><T13/><D13/><U76/><E5/><V123/><REACH who="2" step="1"/><F71/><AGARI ba="0,0" hai="16,19,61,64,71,73,74,75" m="50729,42571" machi="71" ten="40,12000,1" yaku="14,1,10,1,20,1,54,1" doraHai="118" who="0" fromWho="2" sc="250,120,250,0,250,-120,250,0" /><INIT seed="0,1,0,1,2,63" ten="370,250,130,250" oya="0" hai0="5,25,36,26,28,130,54,43,126,94,17,113,57" hai1="2,48,8,89,42,99,31,128,114,120,124,70,13" hai2="84,87,95,68,106,85,3,121,125,103,12,91,115" hai3="131,132,65,39,105,15,97,112,78,23,135,11,46"/><T90/><D113/><U9/><E120/><V45/><F3/><W47/><G112/><T86/><D126/><U92/><E114/><V111/><F115/><W110/><G110/><T34/><D130/><U38/><E124/><V33/><F125/><W7/><G131/><T44/><D5/><U52/><E70/><V82/><F33/><W123/><G123/><T71/><D71/><U14/><E128/><V37/><F68/><W24/><G78/><T81/><D25/><U116/><E116/><V50/><F37/><W22/><G22/><T30/><D81/><U19/><E2/><V76/><F121/><W93/><G105/><T61/><D28/><U64/><E64/><V102/><F111/><W16/><G65/><T98/><D17/><U100/><E42/><V69/><F69/><W21/><G21/><T109/><D109/><U80/><E38/><V10/><F87/><W118/><G118/><T74/><D74/><U18/><E31/><V104/><F104/><W67/><G67/><T29/><D30/><U6/><E6/><V134/><F134/><N who="3" m="51243" /><G39/><T0/><D0/><U75/><E75/><V107/><F107/><W62/><G62/><T40/><D40/><U127/><E127/><V77/><F77/><W1/><G1/><T49/><D36/><U51/><E52/><V133/><F106/><W83/><G83/><T66/><D43/><U129/><E129/><V60/><F60/><W55/><G55/><T27/><D27/><U59/><E59/><V58/><F58/><W79/><G79/><T101/><D90/><AGARI ba="1,0" hai="7,11,15,16,23,24,46,47,90,93,97" m="51243" machi="90" ten="30,2000,0" yaku="20,1,54,1" doraHai="63" who="3" fromWho="0" sc="370,-23,250,0,130,0,250,23" /><INIT seed="1,0,0,2,0,67" ten="347,250,130,273" oya="1" hai0="111,119,132,123,93,23,114,87,42,56,26,21,83" hai1="10,100,40,77,75,54,85,27,35,120,24,7,82" hai2="106,122,45,109,64,19,38,57,61,60,43,32,59" hai3="98,37,15,9,84,63,18,49,73,62,90,129,12"/><U125/><E120/><V124/><F106/><W118/><G37/><T117/><D114/><U86/><E125/><V127/><F32/><W16/><G129/><T5/><D123/><U41/><E100/><V95/><F95/><W4/><G73/><T70/><D70/><U6/><E35/><V36/><F122/><W78/><G118/><T29/><D111/><U81/><E75/><V13/><F109/><W105/><G78/><T30/><D132/><U128/><E128/><V91/><F91/><W88/><G49/><T0/><D93/><U69/><E54/><V25/><F25/><W31/><G31/><T89/><D42/><U101/><E101/><V66/><F19/><N who="3" m="7211" /><G15/><T102/><D102/><U2/><E10/><V107/><F13/><W79/><G105/><T110/><D110/><U52/><E52/><N who="2" m="33831" /><F107/><W68/><G68/><T33/><D33/><U97/><E97/><V47/><F66/><W72/><G72/><T11/><D56/><U51/><E69/><V1/><F1/><W17/><G17/><T39/><D39/><N who="2" m="14890" /><F43/><W112/><G98/><T76/><D76/><U48/><E77/><V96/><F96/><W104/><G104/><T20/><D20/><U108/><E108/><V74/><F74/><W113/><G79/><T44/><D23/><U134/><E2/><V55/><F64/><W126/><G90/><T80/><D30/><U46/><E6/><V28/><F28/><W71/><G71/><T99/><D99/><U58/><E7/><V131/><F131/><W65/><G65/><T135/><D5/><U50/><E24/><V121/><F121/><RYUUKYOKU ba="0,0" sc="347,-10,250,-10,130,30,273,-10" hai2="45,47,55,59,61,124,127" /><INIT seed="2,1,0,5,0,19" ten="337,240,160,263" oya="2" hai0="110,129,111,55,81,82,8,70,21,134,91,71,34" hai1="7,72,23,135,60,30,16,14,67,38,68,4,17" hai2="125,108,87,2,103,118,18,80,27,105,51,65,79" hai3="131,40,52,61,49,62,54,121,59,122,35,24,73"/><V107/><F118/><W0/><G0/><T10/><D34/><U83/><E38/><V94/><F2/><W25/><G73/><T64/><D129/><U88/><E135/><V109/><F125/><W99/><G99/><T86/><D134/><U75/><E30/><V39/><F39/><W32/><G40/><T92/><D55/><U106/><E106/><V63/><F51/><W66/><G49/><T9/><D21/><U90/><E17/><V33/><F94/><W58/><REACH who="3" step="1"/><G66/><REACH who="3" ten="337,240,160,253" step="2"/><T96/><D64/><U5/><REACH who="1" step="1"/><E75/><REACH who="1" ten="337,230,160,253" step="2"/><V37/><F37/><W69/><G69/><T85/><D70/><U28/><E28/><V124/><F124/><W31/><G31/><T93/><D71/><U95/><E95/><V130/><F107/><W127/><G127/><T101/><D92/><U20/><E20/><V133/><F133/><W3/><G3/><T104/><D104/><U45/><E45/><V47/><F47/><W11/><G11/><T41/><D8/><U1/><E1/><V48/><F105/><W15/><G15/><T42/><D9/><U50/><E50/><V132/><F48/><W77/><G77/><AGARI ba="1,2" hai="4,5,7,14,16,23,60,67,68,72,77,83,88,90" machi="77" ten="40,8000,1" yaku="1,1,52,1,54,2,53,1" doraHai="19" doraHaiUra="74" who="1" fromWho="3" sc="337,0,230,103,160,0,253,-83" /><INIT seed="3,0,0,1,3,74" ten="337,333,160,170" oya="3" hai0="78,72,14,70,116,99,111,60,6,94,124,134,41" hai1="18,40,22,64,92,91,28,53,0,58,66,89,77" hai2="13,29,119,35,131,123,49,12,93,32,51,57,73" hai3="133,27,75,114,128,59,23,87,9,113,19,85,33"/><W20/><G75/><T46/><D116/><U50/><E0/><V117/><F73/><W125/><G125/><T30/><D124/><U122/><E77/><V67/><F131/><W4/><G133/><T37/><D134/><U79/><E79/><V7/><F123/><W25/><G33/><N who="2" m="12873" /><F29/><W26/><G59/><T112/><D30/><U100/><E28/><V63/><F93/><W45/><G45/><T130/><D130/><U24/><E122/><V42/><F7/><W80/><G128/><T39/><D39/><U76/><E76/><V44/><F51/><W11/><G27/><T115/><D111/><U38/><E38/><N who="2" m="21591" /><F12/><W36/><G36/><T5/><D14/><U3/><E3/><V31/><F13/><W95/><G95/><T109/><D78/><U101/><E40/><V10/><F10/><W1/><G11/><T86/><D86/><N who="1" m="52279" /><E91/><V56/><F31/><W88/><G87/><T105/><D109/><U15/><E15/><V96/><F96/><W81/><G80/><T108/><D108/><U47/><E47/><V17/><F17/><AGARI ba="0,0" hai="1,4,9,17,19,20,23,25,26,81,85,88,113,114" machi="17" ten="30,5800,0" yaku="7,1,9,1,54,1" doraHai="74" who="3" fromWho="2" sc="337,0,333,0,160,-58,170,58" /><INIT seed="3,1,0,3,1,98" ten="337,333,102,228" oya="3" hai0="27,99,83,104,52,131,32,31,59,119,35,51,14" hai1="33,93,126,120,13,12,108,57,50,101,92,115,80" hai2="68,118,62,10,74,109,58,97,9,30,0,114,65" hai3="124,73,49,34,86,38,47,96,56,72,116,107,95"/><W110/><G34/><T75/><D119/><U113/><E33/><V44/><F118/><W67/><G116/><T88/><D32/><U91/><E120/><V69/><F114/><W79/><G38/><T19/><D131/><U84/><E108/><V77/><F109/><W76/><G110/><T64/><D104/><U21/><E126/><V94/><F0/><W61/><G107/><T133/><D133/><U2/><E2/><V40/><F77/><W134/><G134/><T85/><D99/><N who="1" m="59623" /><E115/><V36/><F74/><W23/><G124/><T81/><D64/><U71/><E71/><V82/><F82/><W66/><G66/><T130/><D130/><U37/><E37/><V105/><F105/><W46/><G46/><T103/><D103/><U42/><E113/><V129/><F129/><W121/><G121/><T28/><D28/><U54/><E21/><V55/><F30/><W90/><G76/><T20/><D75/><U16/><E16/><V6/><F6/><W4/><G4/><T5/><D5/><U25/><E25/><V78/><F78/><W125/><G125/><T135/><D135/><U26/><E26/><V60/><F69/><W18/><G79/><T106/><D106/><U102/><E42/><V41/><F41/><N who="3" m="24815" /><G72/><T123/><D123/><U89/><E102/><V3/><F3/><W111/><G73/><T127/><D127/><U11/><E11/><V7/><F7/><W17/><G111/><T100/><D100/><U87/><AGARI ba="1,0" hai="12,13,50,54,57,80,84,87,89,91,93" m="59623" machi="87" ten="30,2000,0" yaku="8,1,52,1" doraHai="98" who="1" fromWho="1" sc="337,-6,333,23,102,-6,228,-11" owari="331,13.1,356,45.6,96,-40.4,217,-18.3" /></mjloggm>