<mjloggm ver="2.3"><GO type="225" lobby="0"/><UN n0="%E3%82%BC%E3%83%AB%E3%83%80%E3%81%AE%E4%BC%9D%E8%AA%AC" n1="%E7%89%B9%E6%9D%B1%E3%81%AF%E4%B8%96%E7%95%8C%E3%82%92%E6%95%91%E3%81%86" n2="%E3%81%8B%E3%82%8F%E3%81%A1%E3%82%83%E3%82%93%35%38" n3="%E5%BA%83%E7%80%AC%E5%BA%B7%E4%B8%80" dan="17,16,17,16" rate="2241.50,2106.03,2134.52,2123.44" sx="M,M,M,M"/><TAIKYOKU oya="0"/><INIT seed="0,0,0,4,3,36" ten="250,250,250,250" oya="0" hai0="97,39,95,32,37,3,53,5,9,135,67,104,78" hai1="50,106,0,55,27,120,110,74,100,116,4,6,65" hai2="86,18,22,123,7,8,91,12,62,43,26,114,126" hai3="64,31,96,47,101,21,25,34,19,48,69,133,105"/><T16/><D135/><U87/><E74/><V109/><F109/><W35/><G133/><T130/><D130/><U129/><E116/><V122/><F126/><W118/><G118/><T71/><D53/><U98/><E120/><V73/><F73/><W38/><G38/><T46/><D78/><U132/><E132/><V102/><F114/><W107/><G107/><T45/><D45/><U13/><E0/><V15/><F102/><W80/><G80/><T75/><D75/><U124/><E110/><V33/><F62/><W119/><G119/><T66/><D104/><U111/><E111/><V117/><F117/><W42/><REACH who="3" step="1"/><G31/><REACH who="3" ten="250,250,250,240" step="2"/><T24/><D39/><U112/><E106/><V10/><F123/><W127/><G127/><T115/><D37/><U54/><E124/><V90/><F122/><W63/><AGARI ba="0,1" hai="19,21,25,34,35,42,47,48,63,64,69,96,101,105" machi="63" ten="30,4000,0" yaku="1,1,0,1,52,1,53,0" doraHai="36" doraHaiUra="68" who="3" fromWho="3" sc="250,-20,250,-10,250,-10,240,50" /><INIT seed="1,0,0,5,0,44" ten="230,240,240,290" oya="1" hai0="50,64,12,121,120,21,20,118,47,60,14,52,125" hai1="131,96,115,8,53,35,132,113,13,61,108,18,38" hai2="49,10,82,124,34,71,135,85,104,102,40,29,48" hai3="33,63,127,2,97,16,87,83,78,94,91,77,74"/><U66/><E38/><V73/><F73/><W105/><G2/><T84/><D118/><U101/><E131/><V3/><F71/><W86/><G33/><T54/><D125/><U0/><E132/><V57/><F124/><W70/><G127/><T55/><D84/><U28/><E0/><V75/><F75/><W110/><G110/><T46/><D14/><U134/><E134/><V37/><F135/><W88/><G70/><N who="0" m="42247" /><D12/><U24/><E53/><N who="0" m="20585" /><D47/><U30/><E30/><V9/><F37/><W26/><G105/><T90/><D90/><U117/><E117/><V112/><F40/><W65/><G74/><T92/><D92/><U116/><E116/><V126/><F57/><N who="3" m="37103" /><G86/><T103/><D103/><U45/><E108/><V122/><F126/><W32/><G32/><T27/><D27/><U41/><E96/><V5/><F9/><W23/><AGARI ba="0,0" hai="16,23,26,77,78,83,87,88,91,94,97" m="37103" machi="23" ten="30,4000,0" yaku="8,1,54,2" doraHai="44" who="3" fromWho="3" sc="230,-10,240,-20,240,-10,290,40" /><INIT seed="2,0,0,1,4,59" ten="220,220,230,330" oya="2" hai0="116,128,49,57,113,98,52,115,107,62,92,6,37" hai1="120,127,36,101,93,24,112,78,31,70,33,20,63" hai2="100,42,46,86,85,95,3,91,12,104,126,29,18" hai3="88,60,134,65,61,108,72,89,51,2,27,131,16"/><V32/><F126/><W54/><G108/><T71/><D128/><U74/><E112/><V66/><F3/><W99/><G131/><T83/><D116/><U0/><E36/><V19/><F104/><W22/><G134/><T81/><D107/><U15/><E127/><V35/><F100/><W68/><G72/><T114/><D37/><U21/><E0/><V28/><F66/><W13/><G2/><T14/><D71/><U76/><E120/><V5/><F5/><W48/><G99/><T103/><REACH who="0" step="1"/><D49/><REACH who="0" ten="210,220,230,330" step="2"/><U122/><E70/><V73/><F73/><W50/><G68/><T67/><D67/><U102/><E74/><V87/><F32/><W94/><G65/><T135/><D135/><U23/><E33/><V82/><F35/><W96/><G54/><T38/><D38/><U25/><E122/><V80/><F29/><N who="3" m="17655" /><G89/><T129/><D129/><U11/><E31/><V8/><F28/><W9/><AGARI ba="0,1" hai="9,13,16,48,50,51,60,61,88,94,96" m="17655" machi="9" ten="30,8000,1" yaku="8,1,52,2,54,2" doraHai="59" who="3" fromWho="3" sc="210,-20,220,-20,230,-40,330,90" /><INIT seed="3,0,0,0,1,47" ten="190,200,190,420" oya="3" hai0="106,116,53,25,11,63,54,102,95,38,57,104,72" hai1="92,78,70,30,82,81,132,61,107,21,84,14,46" hai2="117,50,97,42,129,12,77,56,6,101,55,113,65" hai3="125,39,89,32,100,26,75,85,80,18,74,126,86"/><W114/><G114/><T28/><D116/><U41/><E107/><V13/><F117/><W91/><G39/><T83/><D38/><U128/><E128/><V76/><F113/><W123/><G100/><T16/><D72/><U15/><E132/><V22/><F129/><W45/><G123/><T5/><D83/><U23/><E92/><N who="2" m="58535" /><F42/><W7/><G7/><T99/><D16/><U20/><E30/><V110/><F110/><W1/><G1/><T17/><D17/><U49/><E70/><V98/><F98/><W93/><G45/><T119/><D54/><U120/><E120/><V67/><F22/><N who="3" m="13655" /><G32/><T88/><D102/><U8/><E8/><N who="2" m="4119" /><F13/><N who="1" m="4617" /><E82/><V9/><F9/><W122/><G122/><T4/><D119/><U62/><AGARI ba="0,0" hai="20,21,23,41,46,49,61,62,78,81,84" m="4617" machi="62" ten="30,2000,0" yaku="8,1,52,1" doraHai="47" who="1" fromWho="1" sc="190,-5,200,20,190,-5,420,-10" owari="185,-21.5,220,2.0,185,-31.5,410,51.0" /></mjloggm>