<mjloggm ver="2.3"><GO type="225" lobby="0"/><UN n0="%E3%82%B5%E3%83%AB%E3%82%B7%E3%83%B3" n1="%4D%50%43%32%38%30%30" n2="%E3%83%8F%E3%82%A4%E3%83%91%E3%83%BC%E3%83%84%E3%83%8A%E7%BC%B6" n3="%E6%A1%9C%E8%8A%B1%E9%96%83%E3%80%85" dan="16,16,16,17" rate="2106.17,2146.26,2089.87,2199.61" sx="M,M,M,M"/><TAIKYOKU oya="0"/><INIT seed="0,0,0,3,4,80" ten="250,250,250,250" oya="0" hai0="121,100,64,99,6,114,60,18,3,46,15,110,72" hai1="135,39,87,14,56,113,53,109,96,24,54,66,10" hai2="130,61,17,92,41,58,34,44,71,106,12,2,98" hai3="97,122,82,105,52,7,94,42,5,20,117,129,95"/><T119/><D121/><U63/><E39/><V65/><F2/><W86/><G117/><T59/><D119/><U36/><E36/><V118/><F118/><W104/><G122/><T37/><D114/><U102/><E109/><V9/><F34/><W43/><G129/><T29/><D72/><U112/><E135/><V8/><F130/><W91/><G105/><T107/><D110/><U116/><E24/><V89/><F106/><W67/><G104/><T124/><D29/><U22/><E22/><V28/><F28/><W32/><G67/><T38/><D124/><U25/><E25/><V123/><F123/><W26/><G32/><T78/><D78/><U120/><E120/><V19/><F71/><W81/><G81/><T11/><REACH who="0" step="1"/><D46/><REACH who="0" ten="240,250,250,250" step="2"/><U83/><E116/><V127/><F127/><W125/><G125/><T90/><D90/><N who="1" m="51583" /><E113/><V126/><F126/><W77/><G77/><T47/><D47/><U21/><E112/><V74/><F74/><W1/><G91/><T115/><D115/><U133/><E133/><V31/><F31/><W132/><G132/><T55/><D55/><U27/><E54/><V103/><F103/><W76/><G52/><T13/><D13/><U70/><E53/><V101/><F101/><W85/><G76/><T79/><D79/><U16/><E102/><V23/><F44/><W51/><G26/><T30/><D30/><N who="1" m="17775" /><E70/><V50/><F41/><W68/><G42/><T4/><D4/><U35/><E35/><V131/><F131/><W128/><G7/><T88/><D88/><U40/><E40/><V33/><F12/><W69/><G128/><RYUUKYOKU ba="0,1" sc="240,15,250,15,250,-15,250,-15" hai0="3,6,11,15,18,37,38,59,60,64,99,100,107" hai1="10,14,16,56,63,66,96" /><INIT seed="0,1,1,1,5,113" ten="255,265,235,235" oya="0" hai0="59,53,110,54,27,21,85,37,123,5,44,68,15" hai1="75,82,119,11,111,122,3,121,91,120,133,22,104" hai2="50,79,118,16,55,67,130,38,60,116,19,32,93" hai3="13,107,66,24,106,17,90,49,61,43,58,62,80"/><T126/><D123/><U7/><E111/><V88/><F38/><W23/><G62/><T25/><D68/><U132/><E104/><V6/><F6/><W117/><G117/><N who="2" m="45161" /><F32/><W94/><G80/><T35/><D126/><U48/><E119/><V129/><F79/><W96/><G43/><T9/><D110/><U70/><E70/><N who="2" m="42343" /><F55/><W28/><REACH who="3" step="1"/><G49/><REACH who="3" ten="255,265,235,225" step="2"/><T98/><D37/><U127/><E48/><V84/><F50/><W95/><G95/><T52/><D54/><U34/><E82/><V78/><F78/><W56/><G56/><T109/><D59/><U2/><E120/><V33/><F33/><AGARI ba="1,2" hai="13,17,23,24,28,33,58,61,66,90,94,96,106,107" machi="33" ten="30,2000,0" yaku="1,1,7,1,53,0" doraHai="113" doraHaiUra="97" who="3" fromWho="2" sc="255,0,265,0,235,-23,225,43" /><INIT seed="1,0,0,4,1,27" ten="255,265,212,268" oya="1" hai0="19,122,48,30,45,32,21,12,71,98,104,103,51" hai1="3,35,22,57,78,106,80,26,118,70,1,75,73" hai2="33,69,4,50,88,123,114,24,89,120,9,41,36" hai3="99,130,116,102,126,39,20,15,43,2,129,101,67"/><U81/><E118/><V17/><F69/><W53/><G2/><T105/><D122/><U117/><E117/><V119/><F119/><W8/><G116/><T108/><D108/><U65/><E106/><V6/><F114/><W109/><G67/><T63/><D105/><U58/><E58/><V14/><F36/><W74/><G74/><T72/><D72/><U96/><E96/><V121/><F41/><W68/><G68/><T61/><D45/><U40/><E57/><V7/><REACH who="2" step="1"/><F50/><REACH who="2" ten="255,265,202,268" step="2"/><W55/><G43/><T10/><D71/><U94/><E40/><V111/><F111/><W87/><G39/><T84/><D51/><U46/><E70/><V16/><F16/><W56/><G109/><T37/><D48/><U38/><E38/><V52/><F52/><W59/><G55/><T127/><D37/><U115/><E115/><V66/><F66/><W86/><G53/><T90/><D61/><U60/><E60/><V97/><F97/><W77/><G99/><T95/><D63/><U82/><E65/><V42/><F42/><W11/><G130/><T34/><D127/><U49/><E49/><V113/><F113/><W133/><G129/><T64/><D64/><U92/><E46/><V134/><F134/><W124/><G133/><T93/><D104/><U135/><E135/><V110/><F110/><W83/><G126/><T112/><D112/><U13/><E75/><V100/><F100/><N who="3" m="38507" /><G124/><T79/><D79/><U25/><E78/><V5/><N who="2" m="1024" /><DORA hai="28" /><V31/><AGARI ba="0,1" hai="9,14,17,24,31,33,88,89,120,121,123" m="1024" machi="31" ten="50,12000,2" yaku="1,1,4,1,0,1,52,2,54,1,53,1" doraHai="27,28" doraHaiUra="23,62" who="2" fromWho="2" sc="255,-30,265,-60,202,130,268,-30" /><INIT seed="2,0,0,3,2,8" ten="225,205,332,238" oya="2" hai0="52,27,32,121,81,4,122,39,131,34,22,93,79" hai1="18,41,35,31,77,111,21,67,100,12,73,117,15" hai2="7,119,127,26,84,102,103,123,110,28,124,45,46" hai3="30,90,53,114,19,115,29,104,60,135,2,17,72"/><V97/><F119/><W92/><G104/><T80/><D39/><U116/><E100/><V48/><F123/><W78/><G2/><T57/><D122/><U76/><E67/><V85/><F7/><W25/><G135/><T109/><D121/><U3/><E41/><V120/><F120/><W24/><G78/><T107/><D107/><U132/><E73/><V94/><F103/><W51/><G72/><T64/><D64/><U88/><E3/><V86/><F110/><W106/><G60/><T36/><D36/><U105/><E105/><V9/><F9/><W44/><G106/><T13/><D109/><U69/><E69/><V38/><F38/><W66/><G66/><T10/><D93/><U16/><E111/><V14/><F14/><N who="1" m="5161" /><E35/><V95/><F95/><W128/><G128/><T126/><D131/><U63/><E132/><V70/><F70/><W0/><G0/><T82/><D126/><N who="2" m="48170" /><F48/><W87/><G114/><T55/><D34/><AGARI ba="0,0" hai="26,28,34,45,46,84,85,86,94,97,102" m="48170" machi="34" ten="30,1500,0" yaku="18,1" doraHai="8" who="2" fromWho="0" sc="225,-15,205,0,332,15,238,0" /><INIT seed="2,1,0,1,1,51" ten="210,205,347,238" oya="2" hai0="93,88,13,23,55,5,119,78,85,46,82,133,107" hai1="62,11,99,72,33,117,54,111,6,110,80,91,100" hai2="63,98,9,84,38,97,105,83,69,129,125,42,49" hai3="67,28,127,113,0,27,104,44,19,92,1,3,61"/><V43/><F129/><W65/><G104/><T8/><D133/><U114/><E114/><V132/><F132/><W41/><G113/><T36/><D107/><U94/><E33/><V87/><F125/><W103/><G127/><T48/><D119/><U116/><E116/><V4/><F38/><W45/><G19/><T106/><D106/><U77/><E117/><V75/><F75/><W29/><G67/><T89/><D36/><U47/><E91/><V57/><F69/><W20/><G29/><T26/><REACH who="0" step="1"/><D93/><REACH who="0" ten="200,205,347,238" step="2"/><U31/><E111/><V118/><F118/><W126/><G126/><T52/><D52/><U10/><E110/><V39/><F39/><W60/><G41/><T108/><D108/><U109/><E109/><V95/><F105/><W18/><G65/><T50/><D50/><U35/><E62/><V7/><F49/><W2/><G61/><T30/><AGARI ba="1,1" hai="5,8,13,23,26,30,46,48,55,78,82,85,88,89" machi="30" ten="20,12000,2" yaku="1,1,0,1,7,1,8,1,52,1,54,1,53,1" doraHai="51" doraHaiUra="76" who="0" fromWho="0" sc="200,133,205,-31,347,-61,238,-31" /><INIT seed="3,0,0,3,5,35" ten="333,174,286,207" oya="3" hai0="22,99,134,65,122,98,123,106,40,56,129,70,31" hai1="26,68,131,90,3,100,88,41,101,10,7,107,59" hai2="17,69,76,58,37,18,64,39,128,130,83,1,51" hai3="104,82,46,33,47,91,132,119,125,5,62,85,6"/><W114/><G119/><T16/><D70/><U11/><E68/><V9/><F69/><W15/><G114/><T87/><D106/><U28/><E131/><N who="2" m="50219" /><F9/><W55/><G33/><T63/><D129/><U115/><E115/><V19/><F64/><W120/><G120/><T84/><D134/><U25/><E41/><V53/><F1/><W27/><G104/><T110/><D110/><U42/><E42/><V44/><F58/><N who="3" m="35167" /><G132/><T94/><D123/><U36/><E36/><V112/><F112/><W61/><G125/><T105/><D105/><U13/><E59/><V34/><F34/><W133/><G133/><T29/><D99/><U92/><E107/><V24/><F24/><W73/><G73/><AGARI ba="0,0" hai="17,18,19,37,39,44,51,53,73,76,83" m="50219" machi="73" ten="30,1000,0" yaku="19,1" doraHai="35" who="2" fromWho="3" sc="333,0,174,0,286,10,207,-10" owari="333,43.3,174,-32.6,296,9.6,197,-20.3" /></mjloggm>