<mjloggm ver="2.3"><GO type="225" lobby="0"/><UN n0="%E3%81%A0%E3%81%8A" n1="%4C%4F%4C%49%54%41" n2="%32%E9%99%90" n3="%E3%81%B5%E3%81%98%E3%81%8B%E3%81%A4" dan="16,16,16,16" rate="2027.74,2173.10,2142.11,2095.38" sx="M,F,M,M"/><TAIKYOKU oya="0"/><INIT seed="0,0,0,4,4,95" ten="250,250,250,250" oya="0" hai0="83,50,107,61,132,54,91,16,31,12,82,49,44" hai1="75,56,45,131,60,115,80,47,74,63,52,57,11" hai2="123,77,119,96,59,14,133,66,65,113,7,87,67" hai3="122,105,93,71,114,29,130,100,109,3,79,8,13"/><T22/><D107/><U51/><E131/><V103/><F123/><W35/><G114/><T21/><D132/><U99/><E115/><V64/><F113/><W127/><G71/><T108/><D108/><U23/><E11/><N who="2" m="4479" /><F133/><W58/><G105/><T110/><D110/><U41/><E23/><V129/><F129/><W4/><G109/><T97/><D61/><U48/><E80/><N who="2" m="47503" /><F119/><W121/><G130/><T20/><D50/><U26/><E26/><V37/><F37/><W118/><G79/><T102/><D31/><U24/><E24/><V46/><F46/><W34/><G118/><T92/><REACH who="0" step="1"/><D102/><REACH who="0" ten="240,250,250,250" step="2"/><U76/><E76/><V111/><F111/><W43/><G100/><T81/><AGARI ba="0,1" hai="12,16,20,21,22,44,49,54,81,82,83,91,92,97" machi="81" ten="30,18000,2" yaku="1,1,2,1,0,1,8,1,52,1,54,1,53,1" doraHai="95" doraHaiUra="10" who="0" fromWho="0" sc="240,190,250,-60,250,-60,250,-60" /><INIT seed="0,1,0,4,2,41" ten="430,190,190,190" oya="0" hai0="83,18,108,107,38,55,13,124,128,50,127,40,58" hai1="88,63,51,60,27,77,92,53,133,28,56,4,82" hai2="36,57,76,81,84,130,98,65,125,110,29,12,10" hai3="131,42,47,109,31,8,112,35,90,11,104,7,48"/><T100/><D38/><U39/><E39/><V132/><F110/><W111/><G112/><T49/><D108/><N who="3" m="41545" /><G104/><T62/><D128/><U79/><E133/><V61/><F130/><W1/><G131/><T101/><D83/><U78/><E4/><V129/><F129/><W3/><G31/><T64/><D40/><U66/><E82/><V71/><F132/><W113/><G113/><T21/><D107/><U89/><E92/><V68/><F125/><N who="0" m="48202" /><D50/><U2/><E2/><N who="3" m="522" /><G35/><T96/><D96/><U16/><E16/><V74/><F36/><W117/><G117/><T102/><D102/><U106/><E106/><V135/><F135/><W91/><G11/><T22/><D22/><U25/><E63/><V114/><F114/><W75/><G75/><T24/><D24/><U70/><REACH who="1" step="1"/><E25/><REACH who="1" ten="430,180,190,190" step="2"/><V80/><F61/><W134/><G134/><T87/><D62/><U5/><E5/><V85/><F81/><W121/><G121/><T95/><D18/><U32/><AGARI ba="1,1" hai="27,28,32,51,53,56,60,66,70,77,78,79,88,89" machi="32" ten="30,4000,0" yaku="1,1,0,1,54,1,53,0" doraHai="41" doraHaiUra="34" who="1" fromWho="1" sc="430,-21,180,53,190,-11,190,-11" /><INIT seed="1,0,0,4,1,19" ten="409,233,179,179" oya="1" hai0="135,20,67,49,97,68,95,72,74,128,40,131,104" hai1="118,88,26,1,29,106,98,80,46,17,0,91,76" hai2="114,108,52,21,36,35,77,25,57,132,103,44,15" hai3="102,14,93,126,113,125,134,18,62,27,38,115,105"/><U127/><E118/><V112/><F108/><W60/><G38/><T43/><D104/><U110/><E127/><N who="3" m="48650" /><G105/><T53/><D135/><U32/><E110/><V55/><F132/><W28/><G102/><T51/><D51/><U12/><E46/><V3/><F3/><W54/><G54/><N who="2" m="20521" /><F103/><W66/><G93/><T58/><D95/><U101/><E0/><V129/><F35/><N who="3" m="20895" /><G134/><T64/><D128/><U83/><E1/><V4/><F77/><W33/><G33/><T10/><D131/><U117/><E117/><V2/><F2/><W79/><G79/><T107/><D74/><U50/><E50/><V70/><F70/><N who="3" m="42311" /><G62/><T45/><D72/><U71/><E71/><V94/><F57/><W73/><G73/><T5/><D68/><U85/><REACH who="1" step="1"/><E83/><REACH who="1" ten="409,223,179,179" step="2"/><V41/><F129/><W119/><G119/><T84/><D49/><U6/><E6/><V16/><F4/><W69/><G69/><T65/><D5/><U8/><AGARI ba="0,1" hai="8,12,17,26,29,32,76,80,85,88,91,98,101,106" machi="8" ten="20,7800,0" yaku="1,1,0,1,7,1,54,1,53,0" doraHai="19" doraHaiUra="89" who="1" fromWho="1" sc="409,-26,223,88,179,-26,179,-26" /><INIT seed="1,1,0,0,1,93" ten="383,311,153,153" oya="1" hai0="118,109,15,36,22,41,57,126,16,99,59,38,94" hai1="116,117,26,111,1,4,72,23,78,133,120,56,10" hai2="119,21,47,30,89,100,73,134,115,6,135,2,86" hai3="61,92,25,90,132,77,68,102,14,52,107,74,66"/><U79/><E72/><V104/><F119/><N who="1" m="45641" /><E78/><V83/><F115/><W87/><G132/><N who="2" m="50729" /><F73/><W0/><G0/><T32/><D118/><U11/><E79/><V44/><F2/><W46/><G14/><T96/><D36/><U24/><E56/><V123/><F6/><W108/><G25/><T98/><D59/><U91/><E91/><V80/><F80/><N who="3" m="45111" /><G108/><T81/><D57/><U65/><E65/><V17/><F30/><W62/><G46/><N who="2" m="17449" /><F123/><W129/><G129/><T31/><D41/><U110/><E133/><V71/><F71/><W64/><G62/><T88/><D38/><U3/><E120/><V45/><N who="2" m="17457" /><V50/><DORA hai="48" /><F50/><W106/><G66/><T124/><D124/><U76/><E76/><V103/><F104/><W105/><G105/><T58/><D126/><U42/><E42/><V130/><F130/><W39/><G106/><T49/><D109/><N who="1" m="41483" /><E23/><V27/><AGARI ba="1,0" hai="17,21,27,83,86,89,100,103" m="17457,50729" machi="27" ten="40,1500,0" yaku="20,1" doraHai="93,48" who="2" fromWho="2" sc="383,-5,311,-8,153,18,153,-5" /><INIT seed="2,0,0,4,1,31" ten="378,303,171,148" oya="2" hai0="53,61,3,89,46,43,100,91,49,84,93,126,99" hai1="75,135,66,116,34,60,115,22,79,103,18,95,1" hai2="105,83,127,37,2,48,81,45,21,125,33,7,42" hai3="74,5,76,10,90,29,0,102,129,107,108,38,25"/><V62/><F105/><W63/><G129/><T96/><D126/><N who="2" m="48138" /><F37/><W134/><G134/><T120/><D3/><U55/><E116/><V118/><F118/><W58/><G108/><T113/><D120/><U28/><E1/><V86/><F33/><W51/><G38/><T20/><D113/><U82/><E115/><V6/><F62/><W128/><G128/><T72/><D72/><U52/><E135/><V78/><F2/><W94/><G51/><T8/><D8/><U69/><E103/><V26/><F81/><W133/><G133/><T36/><D20/><U119/><E119/><V65/><F65/><W35/><G107/><T98/><D61/><U27/><REACH who="1" step="1"/><E95/><REACH who="1" ten="378,293,171,148" step="2"/><V117/><F117/><W77/><G102/><T32/><D100/><U130/><E130/><V56/><F56/><W50/><G74/><T4/><D93/><U64/><E64/><V123/><F123/><W30/><G58/><T59/><D59/><U80/><E80/><V97/><F97/><W70/><G70/><T106/><D99/><U44/><E44/><V122/><F122/><W67/><G67/><T124/><D98/><U16/><E16/><AGARI ba="0,1" hai="6,7,16,21,26,42,45,48,78,83,86" m="48138" machi="16" ten="30,2900,0" yaku="18,1,54,1" doraHai="31" who="2" fromWho="1" sc="378,0,293,-29,171,39,148,0" /><INIT seed="2,1,0,4,5,105" ten="378,264,210,148" oya="2" hai0="107,35,63,60,86,69,97,42,83,90,89,46,66" hai1="91,133,75,94,109,102,32,12,79,59,27,15,33" hai2="14,38,85,5,9,7,48,64,95,100,28,68,77" hai3="17,52,57,122,87,78,25,21,92,104,47,119,4"/><V132/><F38/><W3/><G122/><T22/><D35/><U6/><E109/><V129/><F28/><W124/><G119/><T50/><D60/><U111/><E111/><V43/><F129/><W11/><G104/><T36/><D22/><U24/><E133/><V10/><F132/><W121/><G121/><T74/><D74/><U112/><E112/><V101/><F68/><W82/><G124/><T41/><D107/><U93/><E102/><V110/><F64/><W80/><G92/><T65/><D65/><U31/><E59/><V84/><F77/><W53/><G47/><T130/><D130/><U16/><E6/><V117/><F117/><W30/><G57/><T54/><D36/><U108/><E108/><V62/><F62/><W29/><G29/><T98/><D98/><U0/><E0/><V128/><F128/><W34/><REACH who="3" step="1"/><G80/><REACH who="3" ten="378,264,210,138" step="2"/><T49/><D83/><U134/><E31/><V135/><F110/><W67/><G67/><T72/><D66/><U120/><E120/><V19/><F95/><W58/><G58/><T45/><D45/><U55/><E94/><V37/><F135/><W44/><G44/><T8/><D46/><U88/><E93/><V127/><F127/><W61/><G61/><T56/><D63/><U2/><E134/><V51/><F37/><W20/><G20/><T81/><D56/><U125/><E125/><V113/><F101/><W23/><G23/><T70/><D69/><U131/><E33/><V71/><F100/><W118/><G118/><T26/><D70/><U73/><E131/><V116/><F116/><W126/><G126/><RYUUKYOKU ba="1,1" sc="378,-10,264,-10,210,-10,138,30" hai3="3,4,11,17,21,25,30,34,52,53,78,82,87" /><INIT seed="3,2,1,3,4,20" ten="368,254,200,168" oya="3" hai0="10,129,9,115,5,69,88,40,26,18,78,56,27" hai1="3,116,121,125,7,79,41,43,14,0,132,35,55" hai2="84,15,99,21,53,12,64,44,85,98,59,118,101" hai3="49,91,62,61,22,108,31,113,48,34,71,130,83"/><W107/><G113/><T8/><D129/><U70/><E121/><V131/><F118/><W46/><G107/><T75/><D69/><U80/><E35/><V111/><F111/><W50/><G130/><T57/><D5/><U16/><E70/><V77/><F64/><W24/><G108/><T63/><D40/><U104/><E104/><V51/><F131/><W124/><G124/><T52/><D88/><U103/><E103/><V110/><F110/><W100/><G100/><T68/><D68/><U114/><E114/><V117/><F117/><W87/><G71/><T127/><D57/><U29/><E29/><V47/><F77/><W112/><G112/><T126/><D78/><U102/><E102/><V105/><F98/><W58/><G34/><T30/><D115/><U54/><E7/><V32/><F32/><W119/><G119/><T39/><D126/><U96/><E96/><V76/><F85/><W19/><G31/><T133/><D30/><U123/><E132/><V86/><F84/><W33/><G33/><T95/><D133/><U37/><E123/><V42/><F21/><W94/><G83/><T120/><D127/><U6/><E116/><V134/><F47/><W4/><G4/><T135/><D135/><U60/><E6/><V38/><F134/><W11/><G11/><T128/><D120/><U17/><E80/><V36/><REACH who="2" step="1"/><F36/><REACH who="2" ten="368,254,190,168" step="2"/><W89/><G89/><T66/><D39/><U106/><E37/><V25/><F25/><W90/><G90/><T97/><D95/><U72/><E125/><V13/><F13/><W74/><G74/><T92/><D75/><RYUUKYOKU ba="2,2" sc="368,-10,254,-10,190,30,168,-10" hai2="12,15,38,42,44,51,53,59,76,86,99,101,105" owari="378,47.8,244,4.4,220,-18.0,158,-34.2" /></mjloggm>