<mjloggm ver="2.3"><GO type="225" lobby="0"/><UN n0="%E6%B4%BE%E9%81%A3%E3%81%AE%E3%82%B8%E3%83%A3%E3%83%83%E3%82%AF" n1="%E3%82%82%E3%82%93%E3%81%8D%E3%82%93%E3%81%90" n2="%E3%81%99%E3%81%84%E3%81%BE%E3%81%9B%E3%83%BC%E3%82%93" n3="%72%65%6E%6B%75%6E" dan="17,16,17,17" rate="2179.07,2068.16,2247.66,2205.63" sx="M,M,M,M"/><TAIKYOKU oya="0"/><INIT seed="0,0,0,4,5,101" ten="250,250,250,250" oya="0" hai0="37,127,118,48,47,123,23,104,16,122,3,99,98" hai1="135,28,34,83,77,35,10,76,133,96,70,103,108" hai2="68,26,114,4,19,134,79,81,119,107,44,90,50" hai3="102,105,95,117,0,54,25,115,22,86,17,40,71"/><T92/><D3/><U49/><E108/><V7/><F114/><W109/><G71/><T93/><D118/><U32/><E70/><V87/><F68/><W41/><G0/><T110/><D37/><U73/><E76/><V112/><F112/><W46/><G115/><T15/><D127/><U56/><E56/><V120/><F120/><W29/><G117/><T65/><D65/><U111/><E111/><V74/><F134/><N who="1" m="51209" /><E49/><V88/><F107/><W124/><G105/><T62/><D62/><U38/><E10/><V52/><F119/><W131/><G124/><T45/><D110/><U21/><E21/><N who="2" m="13631" /><F74/><W8/><G8/><T53/><D47/><U42/><E42/><V5/><AGARI ba="0,0" hai="4,5,7,44,50,52,79,81,87,88,90" m="13631" machi="5" ten="30,4000,0" yaku="8,1,54,2" doraHai="101" who="2" fromWho="2" sc="250,-20,250,-10,250,40,250,-10" /><INIT seed="1,0,0,1,4,80" ten="230,240,290,240" oya="1" hai0="17,35,39,4,45,18,81,55,51,36,124,10,38" hai1="130,119,63,62,120,76,9,53,64,71,108,61,97" hai2="78,60,49,94,68,21,77,52,42,22,121,73,117" hai3="132,66,67,54,57,105,92,3,29,126,102,72,74"/><U56/><E120/><V2/><F121/><W84/><G3/><T70/><D70/><U110/><E76/><V114/><F117/><W133/><G126/><T112/><D112/><U118/><E97/><V125/><F2/><W7/><G7/><T6/><D35/><U69/><E9/><V32/><F32/><W46/><G46/><T19/><D124/><U14/><E14/><V135/><F135/><N who="3" m="51787" /><G29/><T95/><D95/><U33/><E33/><V24/><F114/><W27/><G27/><T79/><REACH who="0" step="1"/><D10/><REACH who="0" ten="220,240,290,240" step="2"/><U47/><E130/><V128/><F128/><W83/><G105/><T101/><D101/><U86/><E119/><V85/><F125/><W23/><G92/><T15/><D15/><U31/><E118/><V127/><F94/><W58/><G102/><T91/><D91/><U93/><E93/><V25/><F68/><W99/><G99/><T113/><D113/><U41/><E71/><V30/><F127/><W104/><G104/><T131/><D131/><U122/><E122/><V96/><F96/><W106/><G106/><T88/><D88/><U107/><E107/><V40/><F77/><N who="3" m="46191" /><G23/><T16/><N who="0" m="4096" /><DORA hai="82" /><T123/><D123/><U13/><E13/><V89/><F21/><W100/><G100/><T5/><D5/><U34/><E34/><V43/><F22/><W59/><G67/><T90/><D90/><U12/><E12/><V20/><F89/><W98/><G66/><T0/><D0/><U8/><E8/><V75/><F20/><W26/><G98/><T1/><D1/><U111/><E69/><V109/><F78/><W48/><G26/><RYUUKYOKU ba="0,1" sc="220,15,240,-15,290,-15,240,15" hai0="4,6,36,38,39,45,51,55,79,81" hai3="48,54,57,58,59,72,74" /><INIT seed="2,1,1,4,5,68" ten="235,225,275,255" oya="2" hai0="109,113,60,117,30,98,92,11,70,55,102,63,111" hai1="39,38,1,24,61,82,135,77,8,13,26,130,3" hai2="23,37,124,19,89,95,35,18,57,42,29,67,31" hai3="118,83,133,10,25,21,114,45,132,112,34,76,2"/><V123/><F123/><W17/><G118/><T59/><D113/><N who="3" m="43625" /><G45/><T116/><D30/><U41/><E41/><V128/><F128/><W6/><G83/><T87/><D87/><U32/><E135/><N who="3" m="51786" /><G76/><T94/><D11/><U40/><E40/><V91/><F42/><W72/><G72/><T4/><D4/><U107/><E107/><V81/><F124/><W97/><G97/><T103/><D70/><U126/><E126/><V74/><F81/><W20/><G20/><T28/><D28/><U15/><E61/><V119/><F23/><W121/><G121/><T14/><D14/><U105/><E105/><V79/><F29/><W33/><AGARI ba="1,1" hai="2,6,10,17,21,25,33,34" m="51786,43625" machi="33" ten="40,8000,1" yaku="11,1,20,1,34,2" doraHai="68" who="3" fromWho="3" sc="235,-21,225,-21,275,-41,255,93" /><INIT seed="3,0,0,4,4,87" ten="214,204,234,348" oya="3" hai0="102,85,11,133,63,121,73,7,122,67,2,78,92" hai1="18,4,52,83,64,90,13,54,91,118,98,25,16" hai2="114,19,123,44,23,1,131,68,82,14,65,106,37" hai3="69,33,6,12,89,128,101,124,46,35,108,29,24"/><W79/><G69/><T126/><D126/><U41/><E118/><V120/><F114/><W17/><G124/><T36/><D36/><U8/><E64/><V43/><F106/><W0/><G101/><T47/><D133/><U57/><E41/><V9/><F131/><W59/><G79/><T53/><D73/><U81/><E54/><V103/><F103/><W20/><G128/><T3/><D3/><U125/><E125/><V135/><F135/><W95/><G46/><T100/><D100/><U49/><E98/><V84/><F65/><W22/><G59/><T5/><D5/><U70/><E70/><V66/><F66/><W104/><G104/><T94/><D94/><U34/><E34/><V72/><F68/><W39/><G39/><T109/><D109/><U15/><E25/><V10/><F72/><W26/><G0/><T51/><D78/><U40/><E40/><V88/><F1/><W119/><G119/><T56/><D102/><U58/><E4/><V74/><F74/><W32/><G6/><T60/><REACH who="0" step="1"/><D63/><REACH who="0" ten="204,204,234,348" step="2"/><U105/><E105/><V129/><F129/><W21/><G95/><T127/><D127/><U134/><E134/><V113/><F113/><W62/><G62/><T75/><D75/><U112/><E112/><V45/><F123/><W28/><G108/><T86/><D86/><U27/><E49/><N who="2" m="26783" /><F120/><W110/><G110/><T38/><D38/><U116/><E116/><V130/><F130/><W132/><G132/><T99/><D99/><U107/><E107/><V48/><F37/><W96/><G96/><T77/><D77/><U55/><E8/><RYUUKYOKU ba="0,1" sc="204,0,204,0,234,0,348,0" hai0="2,7,11,47,51,53,56,60,67,85,92,121,122" hai1="13,15,16,18,27,52,55,57,58,81,83,90,91" hai2="9,10,14,19,23,45,48,82,84,88" hai3="12,17,20,21,22,24,26,28,29,32,33,35,89" owari="204,-19.6,204,-29.6,234,3.4,358,45.8" /></mjloggm>