<mjloggm ver="2.3"><GO type="225" lobby="0"/><UN n0="%45%6C%79%73%69%75%6D" n1="%E3%81%A1%E3%82%85%E3%81%86%E3%81%A9%E3%81%8F%E8%B1%A1%E3%81%95%E3%82%93" n2="%E9%80%9F%E6%B0%B4%E5%87%9B%E9%A6%99" n3="%E8%81%B7%E6%A5%AD%E3%80%81%E9%A2%A8%32" dan="17,16,16,16" rate="2113.50,2069.25,2064.22,2136.76" sx="F,M,F,M"/><TAIKYOKU oya="0"/><INIT seed="0,0,0,4,2,117" ten="250,250,250,250" oya="0" hai0="5,88,132,104,69,21,42,32,78,126,18,46,37" hai1="101,90,76,22,84,10,57,103,30,63,106,94,49" hai2="73,43,85,53,29,31,6,122,89,38,47,98,70" hai3="114,2,109,65,123,15,128,112,17,124,44,115,82"/><T111/><D32/><U62/><E106/><V59/><F70/><W8/><G65/><T45/><D104/><U39/><E39/><V61/><F73/><W130/><G44/><T24/><D69/><U100/><E10/><V95/><F122/><W55/><G55/><T33/><D33/><U105/><E76/><V12/><F6/><N who="3" m="1111" /><G82/><T110/><D132/><U134/><E134/><V36/><F36/><W96/><G96/><T66/><D66/><U133/><E133/><V48/><F12/><W79/><G79/><T50/><D5/><U102/><E105/><V72/><F72/><W77/><G77/><T121/><D78/><U81/><E49/><V41/><F41/><W54/><G54/><T83/><D126/><U131/><E131/><N who="3" m="50218" /><G124/><T67/><D67/><U52/><E63/><V1/><F1/><W86/><G86/><N who="0" m="50271" /><D45/><U97/><REACH who="1" step="1"/><E101/><REACH who="1" ten="250,240,250,250" step="2"/><N who="2" m="60639" /><F38/><W60/><G60/><T11/><D37/><U129/><E129/><V58/><F58/><W87/><G87/><T68/><D68/><U19/><E19/><V3/><F3/><W26/><G109/><N who="0" m="41483" /><D11/><U99/><E99/><V71/><F71/><W75/><G75/><T56/><D56/><U40/><E40/><V74/><F74/><W34/><G17/><T92/><D92/><AGARI ba="0,1" hai="29,31,43,47,48,53,59,61,85,89,92" m="60639" machi="92" ten="30,1000,0" yaku="8,1" doraHai="117" who="2" fromWho="0" sc="250,-10,240,0,250,20,250,0" /><INIT seed="1,0,0,1,1,76" ten="240,240,270,250" oya="1" hai0="14,22,85,129,98,119,36,38,59,75,84,134,55" hai1="32,33,96,34,70,20,5,130,77,9,54,41,3" hai2="121,25,122,1,135,68,118,65,35,37,44,4,128" hai3="132,81,104,125,100,113,82,86,48,49,13,43,8"/><U24/><E70/><V29/><F65/><W26/><G113/><T103/><D119/><U15/><E41/><V63/><F68/><W89/><G125/><T39/><D75/><U45/><E130/><V111/><F63/><W95/><G132/><T18/><D129/><U21/><E77/><V6/><F118/><W106/><G104/><T90/><D134/><U19/><E96/><V97/><F97/><N who="3" m="59455" /><G106/><T0/><D0/><U79/><E79/><V107/><F107/><W133/><G133/><T108/><D108/><U83/><E83/><N who="3" m="31754" /><G26/><T123/><D123/><U71/><E71/><V80/><F25/><W28/><G28/><T109/><D109/><U50/><REACH who="1" step="1"/><E33/><REACH who="1" ten="240,230,270,250" step="2"/><V131/><F35/><W64/><G43/><T27/><D98/><U30/><AGARI ba="0,1" hai="3,5,9,15,19,20,21,24,30,32,34,45,50,54" machi="30" ten="20,7800,0" yaku="1,1,2,1,0,1,7,1,53,0" doraHai="76" doraHaiUra="114" who="1" fromWho="1" sc="240,-26,230,88,270,-26,250,-26" /><INIT seed="1,1,0,5,3,31" ten="214,318,244,224" oya="1" hai0="70,22,46,132,117,28,19,50,16,1,95,55,134" hai1="51,4,40,5,53,44,62,54,15,102,75,57,121" hai2="124,48,126,41,97,77,123,99,61,135,110,60,69" hai3="59,74,96,38,23,93,12,79,68,27,98,104,33"/><U14/><E121/><V78/><F69/><W76/><G68/><T111/><D70/><U39/><E75/><V43/><F48/><W67/><G38/><T112/><D117/><U47/><REACH who="1" step="1"/><E102/><REACH who="1" ten="214,308,244,224" step="2"/><V10/><F110/><W81/><G74/><T26/><D111/><U116/><E116/><V101/><F101/><W94/><G104/><T49/><D112/><U87/><E87/><V18/><F135/><N who="0" m="51754" /><D1/><U122/><E122/><V21/><F123/><W17/><G98/><T11/><D11/><U63/><E63/><V133/><F10/><W2/><G96/><T0/><D0/><U71/><E71/><V36/><F97/><W13/><G2/><T90/><D50/><U30/><E30/><V100/><F99/><AGARI ba="1,1" hai="16,19,22,26,28,46,49,55,90,95,99" m="51754" machi="99" ten="30,2000,0" yaku="20,1,54,1" doraHai="31" who="0" fromWho="2" sc="214,33,308,0,244,-23,224,0" /><INIT seed="2,0,0,5,4,88" ten="247,308,221,224" oya="2" hai0="65,87,11,57,9,7,35,10,51,78,6,77,119" hai1="42,134,114,102,20,56,61,125,55,95,2,81,99" hai2="0,133,26,41,28,70,17,54,40,44,8,122,130" hai3="18,132,106,97,39,93,120,34,127,14,16,48,121"/><V104/><F122/><W3/><G39/><T52/><D35/><U67/><E114/><V90/><F70/><W94/><G3/><T72/><D119/><U98/><E2/><V36/><F104/><W89/><G34/><T108/><D108/><U129/><E129/><V110/><F130/><W128/><G128/><T15/><D72/><U111/><E111/><V37/><F133/><W64/><G106/><T12/><D65/><U126/><E134/><V49/><F110/><W118/><G118/><T73/><D73/><U92/><E42/><V33/><F37/><W63/><G127/><N who="1" m="48650" /><E81/><V79/><F79/><W24/><G132/><T135/><D135/><U4/><E4/><V103/><F103/><N who="3" m="60847" /><G121/><T84/><D9/><U113/><E113/><V21/><F36/><W83/><G83/><T13/><D13/><U86/><E86/><AGARI ba="0,0" hai="6,7,10,11,12,15,51,52,57,77,78,84,86,87" machi="86" ten="40,5200,0" yaku="9,1,8,1,54,1" doraHai="88" who="0" fromWho="1" sc="247,52,308,-52,221,0,224,0" /><INIT seed="3,0,0,1,5,118" ten="299,256,221,224" oya="3" hai0="43,89,48,80,135,134,75,64,99,67,11,120,54" hai1="87,65,123,1,23,15,50,37,61,92,4,79,97" hai2="94,69,8,5,84,72,30,6,93,24,39,115,49" hai3="85,31,117,10,83,27,116,38,3,111,46,55,57"/><W18/><G111/><T103/><D120/><U82/><E37/><V113/><F39/><W74/><G74/><T45/><D11/><U71/><E1/><V52/><F72/><W129/><G129/><T131/><D131/><U58/><E123/><V40/><F69/><W35/><G46/><T101/><D101/><N who="1" m="60583" /><E71/><V105/><F105/><W106/><G106/><T119/><D119/><U109/><E109/><V0/><F40/><W42/><G42/><T76/><D89/><U7/><E50/><V78/><F6/><W124/><G38/><T132/><D43/><U81/><E81/><V91/><F78/><W112/><G112/><T60/><D60/><U127/><E127/><V56/><REACH who="2" step="1"/><F93/><AGARI ba="0,0" hai="45,48,54,64,67,75,76,80,93,99,103,132,134,135" machi="93" ten="40,1300,0" yaku="20,1" doraHai="118" who="0" fromWho="2" sc="299,13,256,0,221,-13,224,0" owari="312,41.2,256,5.6,208,-29.2,224,-17.6" /></mjloggm>