<mjloggm ver="2.3"><GO type="225" lobby="0"/><UN n0="%6D%75%75%6D%75%72%61" n1="%E6%80%AA%E3%81%97%E3%81%99%E3%81%8E%E3%82%8B%E3%83%81%E3%83%BC" n2="%47%48%4F%53%54" n3="%E3%81%91%E3%83%BC%E3%81%9E%E3%81%88" dan="16,16,17,16" rate="2171.61,2117.66,2244.66,2157.10" sx="F,M,M,M"/><TAIKYOKU oya="0"/><INIT seed="0,0,0,2,2,47" ten="250,250,250,250" oya="0" hai0="32,101,76,9,94,121,6,74,24,37,109,99,108" hai1="61,35,104,86,65,82,96,127,67,66,2,123,84" hai2="44,42,91,48,11,3,31,13,71,22,117,59,113" hai3="20,68,125,45,132,95,79,116,29,129,38,5,50"/><T114/><D114/><U130/><E2/><V34/><F113/><W30/><G116/><T126/><D121/><U112/><E35/><V26/><F117/><W89/><G68/><T120/><D120/><U63/><E123/><V92/><F71/><W135/><G38/><T58/><D37/><U18/><E112/><V118/><F118/><W119/><G119/><T43/><D126/><U83/><E127/><V51/><F3/><W80/><G125/><T106/><D43/><U115/><E130/><V81/><F81/><N who="1" m="30729" /><E104/><V88/><F34/><W40/><G5/><T60/><D74/><U133/><E133/><N who="3" m="51274" /><G20/><T103/><D76/><U87/><E115/><V73/><F73/><N who="3" m="43119" /><G129/><T39/><D39/><U70/><E70/><V16/><F92/><W105/><G105/><T56/><D32/><U72/><E72/><V78/><F78/><W107/><G107/><T90/><D106/><U49/><E18/><V111/><F111/><N who="0" m="42570" /><D24/><U102/><E102/><N who="0" m="38921" /><D60/><N who="1" m="23115" /><E96/><AGARI ba="0,0" hai="29,30,40,45,50,89,95,96" m="43119,51274" machi="96" ten="30,2000,0" yaku="20,1,52,1" doraHai="47" who="3" fromWho="1" sc="250,0,250,-20,250,0,250,20" /><INIT seed="1,0,0,1,0,127" ten="250,230,250,270" oya="1" hai0="12,30,74,122,55,50,61,9,131,132,79,73,20" hai1="1,19,6,82,135,126,57,120,80,70,34,66,85" hai2="103,109,60,105,29,91,64,41,35,128,47,17,56" hai3="134,98,104,62,63,97,11,31,77,14,75,26,28"/><U0/><E120/><V95/><F109/><W116/><G134/><T110/><D110/><U46/><E135/><V2/><F2/><W84/><G75/><T33/><D132/><U65/><E126/><V87/><F35/><W90/><G116/><T4/><D33/><U121/><E121/><V86/><F29/><N who="3" m="11339" /><G77/><T21/><D122/><U39/><E34/><V108/><F108/><W25/><G104/><T18/><D131/><U112/><E70/><V83/><F128/><W133/><G133/><T93/><D61/><N who="3" m="23049" /><G84/><T101/><D30/><U78/><E112/><V51/><F105/><W16/><G90/><T111/><D111/><U53/><E1/><V76/><REACH who="2" step="1"/><F17/><REACH who="2" ten="250,230,240,270" step="2"/><W106/><G106/><T54/><D18/><U68/><E19/><V123/><F123/><W58/><G26/><T52/><D50/><U5/><E0/><V100/><AGARI ba="0,1" hai="41,47,51,56,60,64,76,83,86,87,91,95,100,103" machi="100" ten="30,7900,0" yaku="1,1,0,1,8,1,53,1" doraHai="127" doraHaiUra="43" who="2" fromWho="2" sc="250,-20,230,-39,240,89,270,-20" /><INIT seed="2,0,0,1,3,4" ten="230,191,329,250" oya="2" hai0="135,48,49,127,133,42,81,62,43,92,23,0,30" hai1="94,5,89,29,76,37,128,53,122,6,7,74,123" hai2="132,106,129,15,110,95,131,72,77,51,115,1,125" hai3="47,54,31,33,71,58,38,103,12,16,32,63,134"/><V39/><RYUUKYOKU type="yao9" ba="0,0" sc="230,0,191,0,329,0,250,0" hai2="1,15,39,51,72,77,95,106,110,115,125,129,131,132" /><INIT seed="2,1,0,1,3,69" ten="230,191,329,250" oya="2" hai0="13,2,100,80,123,91,101,130,68,37,4,67,27" hai1="81,72,109,77,25,133,106,61,34,121,93,50,43" hai2="54,115,96,82,63,66,132,24,87,48,108,84,104" hai3="114,20,125,113,79,65,56,83,38,105,94,42,32"/><V40/><F115/><N who="3" m="44043" /><G105/><T71/><D123/><U95/><E106/><V88/><F132/><W22/><G32/><T112/><D2/><U97/><E133/><V17/><F108/><W33/><G33/><T55/><D112/><U1/><E109/><V107/><F40/><W52/><G65/><T11/><D130/><U29/><E1/><V89/><F17/><W18/><G94/><T116/><D116/><U28/><E121/><V0/><F24/><W47/><G18/><T128/><D128/><U70/><E29/><V7/><F7/><W46/><G46/><T30/><D55/><U131/><E131/><V8/><F54/><W23/><G23/><T6/><D6/><U3/><E3/><V35/><F35/><W119/><G125/><T86/><D37/><U120/><E120/><V36/><F66/><W92/><G92/><T21/><REACH who="0" step="1"/><D71/><REACH who="0" ten="220,191,329,250" step="2"/><U117/><E117/><V129/><F36/><W64/><G64/><T26/><D26/><U31/><E70/><V98/><F0/><W75/><G119/><T85/><D85/><U39/><E39/><V41/><F87/><W57/><G57/><T12/><D12/><U135/><E135/><V111/><F84/><W49/><AGARI ba="1,1" hai="20,22,38,42,47,49,52,56,75,79,83" m="44043" machi="49" ten="30,4000,0" yaku="11,1,52,1,54,1" doraHai="69" who="3" fromWho="3" sc="220,-11,191,-11,329,-21,250,53" /><INIT seed="3,0,0,2,0,55" ten="209,180,308,303" oya="3" hai0="71,74,73,16,59,8,41,44,70,53,22,36,130" hai1="85,18,91,134,87,81,127,110,28,29,27,56,20" hai2="6,13,21,122,48,131,84,99,133,51,4,19,47" hai3="43,103,45,115,93,24,0,106,132,54,65,63,92"/><W58/><G132/><T3/><D130/><U68/><E68/><V52/><F131/><W72/><G72/><T128/><D128/><U113/><E113/><V5/><F133/><W31/><G0/><T61/><D71/><U90/><E134/><V50/><F122/><W49/><G115/><T9/><D70/><U26/><E110/><V78/><F99/><W35/><G106/><T34/><D34/><U111/><E111/><V38/><F38/><W17/><G103/><T98/><D98/><U75/><E75/><V101/><F101/><W15/><G65/><T89/><D89/><U126/><E18/><V118/><F118/><W1/><G1/><T96/><D96/><U69/><E69/><V7/><F7/><W57/><G58/><T10/><REACH who="0" step="1"/><D3/><REACH who="0" ten="199,180,308,303" step="2"/><U23/><REACH who="1" step="1"/><E56/><REACH who="1" ten="199,170,308,303" step="2"/><V125/><F125/><W119/><G119/><T94/><D94/><AGARI ba="0,2" hai="20,23,26,27,28,29,81,85,87,90,91,94,126,127" machi="94" ten="40,5200,0" yaku="1,1,2,1,9,1,53,0" doraHai="55" doraHaiUra="46" who="1" fromWho="0" sc="199,-52,170,72,308,0,303,0" owari="147,-35.3,242,-15.8,308,40.8,303,10.3" /></mjloggm>