<mjloggm ver="2.3"><GO type="225" lobby="0"/><UN n0="%30%2E%31%32%30" n1="%E5%82%8D%E8%8B%A5%E7%84%A1%E4%BA%BA%35%31" n2="%45%6C%79%73%69%75%6D" n3="%E6%B8%A9%E2%98%85%E6%83%85%E2%98%85%E6%8E%AA%E2%98%85%E7%BD%AE" dan="16,16,17,16" rate="2128.46,2101.38,2088.65,2151.49" sx="M,M,F,M"/><TAIKYOKU oya="0"/><INIT seed="0,0,0,3,1,41" ten="250,250,250,250" oya="0" hai0="2,14,9,106,129,63,65,104,99,83,87,11,6" hai1="123,24,91,125,109,89,0,4,61,66,48,1,86" hai2="23,19,73,57,27,102,121,26,59,85,120,92,72" hai3="131,15,93,29,135,81,56,84,133,36,44,124,3"/><T8/><D129/><U55/><E109/><V39/><F39/><W82/><G3/><T79/><D99/><U34/><E125/><V100/><F85/><W21/><G124/><T68/><REACH who="0" step="1"/><D9/><REACH who="0" ten="240,250,250,250" step="2"/><U128/><E128/><V22/><F120/><W47/><G131/><T105/><D105/><U74/><E123/><V7/><F121/><W80/><G135/><T30/><D30/><U77/><E74/><V108/><F73/><W33/><G133/><T49/><D49/><U43/><E48/><V35/><F72/><W17/><G36/><T18/><AGARI ba="0,1" hai="2,6,8,11,14,18,63,65,68,79,83,87,104,106" machi="18" ten="20,3900,0" yaku="1,1,0,1,7,1,53,0" doraHai="41" doraHaiUra="54" who="0" fromWho="0" sc="240,49,250,-13,250,-13,250,-13" /><INIT seed="0,1,0,5,3,18" ten="289,237,237,237" oya="0" hai0="71,23,125,21,95,32,83,4,102,131,96,48,58" hai1="129,44,64,28,19,128,43,24,76,106,59,52,63" hai2="98,62,75,55,104,120,27,68,103,69,109,122,100" hai3="42,130,134,20,77,34,29,126,35,85,5,113,16"/><T116/><D71/><U94/><E106/><V78/><F109/><W10/><G113/><T38/><D38/><U82/><E94/><V36/><F36/><W135/><G42/><T2/><D32/><U79/><E19/><V8/><F103/><W114/><G114/><T119/><D125/><U49/><E64/><N who="2" m="40983" /><F55/><W90/><G77/><T133/><D133/><N who="3" m="50697" /><G126/><T93/><D131/><N who="1" m="50251" /><E82/><N who="2" m="45407" /><F69/><W9/><G29/><T92/><D116/><U99/><E99/><V46/><F46/><W111/><G111/><T47/><D119/><U22/><AGARI ba="1,0" hai="22,24,28,43,44,49,52,59,63,76,79" m="50251" machi="22" ten="30,4000,0" yaku="19,1,52,1,54,1" doraHai="18" who="1" fromWho="1" sc="289,-21,237,43,237,-11,237,-11" /><INIT seed="1,0,0,4,5,46" ten="268,280,226,226" oya="1" hai0="100,128,68,3,33,2,10,36,39,65,1,62,96" hai1="56,25,6,55,93,86,102,70,26,94,12,24,124" hai2="114,58,61,85,67,112,98,129,27,123,82,53,118" hai3="117,13,77,30,0,75,90,69,50,89,104,17,133"/><U101/><E70/><V22/><F123/><W31/><G0/><T54/><D128/><U73/><E73/><V127/><F129/><W111/><G69/><T80/><D10/><N who="1" m="4183" /><E124/><V7/><F127/><W40/><G104/><N who="0" m="63495" /><D54/><U49/><E94/><V113/><F118/><W116/><G111/><T37/><D80/><U99/><E86/><V57/><F98/><W51/><G133/><T74/><D74/><U95/><E93/><V21/><F7/><W88/><G40/><T115/><D115/><U131/><E131/><V29/><F22/><N who="3" m="11567" /><G77/><T134/><D134/><U52/><E55/><V19/><F29/><N who="3" m="10763" /><G75/><T76/><D76/><U91/><AGARI ba="0,0" hai="24,25,26,49,52,56,91,95,99,101,102" m="4183" machi="91" ten="30,6000,0" yaku="8,1,52,1,54,1" doraHai="46" who="1" fromWho="1" sc="268,-20,280,60,226,-20,226,-20" /><INIT seed="1,1,0,3,2,91" ten="248,340,206,206" oya="1" hai0="79,55,57,66,82,30,40,13,46,125,83,1,96" hai1="7,128,50,110,118,78,34,61,74,121,93,62,71" hai2="63,64,131,86,112,37,95,117,69,2,81,114,56" hai3="102,129,89,111,12,77,65,107,68,99,10,123,60"/><U27/><E121/><V3/><F117/><W16/><G111/><T39/><D1/><U108/><E118/><V42/><F131/><W35/><G123/><T85/><D125/><U92/><E128/><V115/><F69/><W53/><G129/><T33/><D66/><N who="1" m="41423" /><E7/><V48/><F37/><W9/><G77/><T21/><D82/><N who="1" m="45399" /><E50/><V90/><REACH who="2" step="1"/><F81/><REACH who="2" ten="248,340,196,206" step="2"/><W122/><G122/><T6/><D39/><U45/><E62/><V49/><F49/><W127/><G127/><T52/><D83/><U58/><E58/><V31/><F31/><W76/><G76/><T132/><D30/><N who="1" m="19807" /><E45/><AGARI ba="1,1" hai="2,3,42,45,48,56,63,64,86,90,95,112,114,115" machi="45" ten="40,8000,1" yaku="1,1,11,1,52,1,53,1" doraHai="91" doraHaiUra="59" who="2" fromWho="1" sc="248,0,340,-83,196,93,206,0" /><INIT seed="2,0,0,2,2,34" ten="248,257,289,206" oya="2" hai0="135,99,131,79,133,12,108,50,44,14,48,119,60" hai1="24,6,35,69,103,81,110,62,31,75,87,19,26" hai2="41,29,28,37,101,115,30,112,57,109,52,92,65" hai3="59,22,49,77,96,118,13,90,126,104,66,105,40"/><V1/><F1/><W54/><G118/><T68/><D119/><U46/><E110/><V5/><F5/><W17/><G126/><T134/><D108/><U16/><E75/><V120/><F120/><W0/><G77/><T83/><D131/><U47/><E103/><V93/><F65/><W114/><G114/><T43/><D99/><U18/><E6/><V70/><F70/><W91/><G0/><T125/><D125/><U11/><E11/><V33/><F33/><W2/><G2/><T88/><D50/><U10/><E10/><V106/><F106/><W42/><G66/><N who="0" m="41031" /><D79/><U116/><E116/><V98/><F109/><W25/><G105/><T95/><D83/><U128/><E128/><V73/><F73/><W72/><G72/><T8/><D8/><U111/><E111/><V63/><REACH who="2" step="1"/><F93/><REACH who="2" ten="248,257,279,206" step="2"/><W132/><G104/><T74/><D74/><U55/><E69/><V36/><F36/><W15/><G132/><T39/><D39/><U9/><E9/><V94/><F94/><W107/><G107/><T58/><D95/><U51/><E35/><V67/><F67/><W97/><G97/><T71/><D71/><U38/><E38/><V23/><F23/><W64/><G64/><T3/><D3/><U89/><E62/><V129/><F129/><W127/><G127/><T7/><D7/><U53/><E31/><V113/><F113/><W117/><G117/><T45/><D133/><U76/><E76/><V78/><F78/><W123/><G123/><T61/><D134/><U102/><E102/><V124/><F124/><W80/><G96/><T27/><D135/><RYUUKYOKU ba="0,1" sc="248,-15,257,15,279,15,206,-15" hai1="16,18,19,24,26,46,47,51,53,55,81,87,89" hai2="28,29,30,37,41,52,57,63,92,98,101,112,115" /><INIT seed="2,1,1,3,0,33" ten="233,272,294,191" oya="2" hai0="10,8,71,58,5,105,27,79,67,64,2,75,24" hai1="30,135,39,104,63,55,42,45,73,98,99,49,53" hai2="121,15,13,123,88,91,22,44,76,62,125,119,46" hai3="6,48,28,65,131,11,7,14,78,57,114,23,83"/><V69/><F119/><W56/><G131/><T103/><D71/><U102/><E135/><V107/><F107/><W124/><G124/><T32/><D10/><U0/><E73/><V59/><F69/><W126/><G126/><T111/><D111/><U38/><E0/><V116/><F116/><W118/><G118/><T66/><D58/><U36/><E30/><V89/><F76/><W130/><G130/><T72/><D79/><U19/><E19/><V34/><F34/><W17/><G114/><T51/><D51/><U18/><E18/><V129/><F129/><W61/><G28/><T35/><D35/><U95/><REACH who="1" step="1"/><E63/><REACH who="1" ten="233,262,294,191" step="2"/><V122/><F125/><W86/><REACH who="3" step="1"/><G11/><REACH who="3" ten="233,262,294,181" step="2"/><T82/><D8/><U84/><E84/><V110/><F122/><W113/><G113/><T37/><D75/><U97/><E97/><V77/><F121/><W47/><G47/><T41/><D72/><U21/><E21/><V68/><F123/><W81/><G81/><T106/><D82/><U85/><E85/><V87/><F87/><W133/><G133/><T115/><D115/><U70/><E70/><V52/><F68/><W108/><G108/><T26/><D32/><U40/><E40/><V90/><F110/><W74/><G74/><T112/><D112/><U94/><E94/><V60/><F44/><W128/><G128/><T9/><D105/><U93/><E93/><V54/><F46/><W3/><G3/><T20/><D20/><U92/><E92/><V120/><F22/><W134/><G134/><T4/><D41/><U16/><E16/><V50/><N who="2" m="22528" /><DORA hai="132" /><V101/><F120/><RYUUKYOKU ba="1,3" sc="233,-15,262,15,294,-15,181,15" hai1="36,38,39,42,45,49,53,55,95,98,99,102,104" hai3="6,7,14,17,23,48,56,57,61,65,78,83,86" /><INIT seed="3,2,3,0,0,76" ten="218,277,279,196" oya="3" hai0="82,68,17,128,78,125,103,66,105,34,91,111,95" hai1="135,108,93,51,129,7,104,31,44,53,61,0,75" hai2="97,13,118,69,48,132,113,117,116,123,49,88,28" hai3="6,58,11,43,130,109,65,94,90,99,10,120,36"/><W25/><G120/><T47/><D111/><U86/><E108/><V8/><F69/><W59/><G109/><T23/><D34/><U40/><E75/><V37/><F37/><W21/><G130/><T84/><D128/><U121/><E104/><V27/><F113/><W110/><G110/><T32/><D32/><U20/><E135/><V57/><F132/><W54/><G36/><T38/><D125/><U2/><E121/><V101/><F123/><W4/><G43/><T98/><D38/><U50/><E61/><V79/><F79/><W19/><G65/><T70/><D47/><U77/><E7/><N who="3" m="2602" /><G59/><T3/><D66/><U63/><E63/><AGARI ba="2,3" hai="10,11,19,21,25,54,58,63,90,94,99" m="2602" machi="63" ten="30,2900,0" yaku="25,1,8,1" doraHai="76" who="3" fromWho="1" sc="218,0,277,-35,279,0,196,65" /><INIT seed="3,3,0,4,5,37" ten="218,242,279,261" oya="3" hai0="56,35,7,16,36,108,10,54,74,25,79,127,102" hai1="19,64,41,96,86,45,80,21,50,72,28,123,73" hai2="66,61,132,39,8,53,40,65,51,129,6,59,126" hai3="11,43,49,23,99,115,18,89,100,84,27,76,26"/><W47/><G115/><T113/><D108/><U1/><E1/><V46/><F129/><W94/><G11/><T112/><D36/><U20/><E123/><V93/><F132/><W119/><G119/><T90/><D102/><U135/><E135/><V42/><F126/><W103/><G27/><T114/><D127/><U88/><E64/><V120/><F120/><W29/><G29/><T9/><D90/><U125/><E125/><V69/><F93/><W134/><G134/><T107/><D107/><U2/><E2/><N who="2" m="87" /><F66/><W13/><G13/><N who="0" m="7223" /><D25/><U33/><E33/><V77/><F40/><W78/><G103/><T71/><D71/><U124/><E124/><V118/><F77/><W31/><G18/><T60/><D79/><U63/><E63/><V70/><F70/><W44/><G44/><T52/><D54/><U104/><E104/><AGARI ba="3,0" hai="23,26,31,43,47,49,76,78,84,89,94,99,100,104" machi="104" ten="30,2900,0" yaku="7,1,52,1" doraHai="37" who="3" fromWho="1" sc="218,0,242,-38,279,0,261,38" /><INIT seed="3,4,0,2,3,5" ten="218,204,279,299" oya="3" hai0="44,96,58,70,82,2,33,37,68,119,4,135,56" hai1="108,64,107,39,62,28,91,63,85,52,73,87,117" hai2="74,115,111,132,83,86,40,45,113,22,98,8,34" hai3="60,69,13,80,46,43,41,61,99,79,27,78,48"/><W71/><G71/><T47/><D33/><U131/><E73/><V112/><F34/><W105/><G69/><T102/><D119/><U114/><E114/><V88/><F111/><W128/><G128/><T130/><D130/><U90/><E107/><V9/><F132/><W30/><G43/><T76/><D135/><U89/><E39/><V134/><F134/><W23/><G13/><T67/><D70/><U18/><E28/><V17/><F98/><W54/><G79/><T125/><D125/><U51/><E108/><V3/><F3/><W77/><G77/><T50/><D68/><U72/><E72/><V7/><F7/><W38/><G99/><T20/><D67/><U100/><E100/><V12/><REACH who="2" step="1"/><F74/><REACH who="2" ten="218,204,269,299" step="2"/><W57/><G105/><T75/><D4/><U14/><E131/><V133/><F133/><W11/><G11/><T32/><D2/><U95/><E117/><V123/><F123/><W15/><G15/><T129/><D32/><U109/><E109/><V103/><F103/><W106/><G106/><T94/><D129/><U36/><E36/><AGARI ba="4,1" hai="8,9,12,17,22,36,40,45,83,86,88,112,113,115" machi="36" ten="40,8000,1" yaku="1,1,52,2,54,1,53,0" doraHai="5" doraHaiUra="59" who="2" fromWho="1" sc="218,0,204,-92,269,102,299,0" owari="218,-18.2,112,-38.8,371,47.1,299,9.9" /></mjloggm>