<mjloggm ver="2.3"><GO type="225" lobby="0"/><UN n0="%E6%9D%B1%E9%A2%A8%E3%81%AE%E3%81%8D%E3%82%83%E3%81%B7%E3%81%95%E3%82%93" n1="%E4%BF%BA%E3%81%A8%E5%A6%96%E5%A4%A2" n2="%E5%8D%A0%E3%81%84%E5%B8%AB%E8%A3%8F%E3%81%AA%E3%81%84%E3%81%97" n3="%72%69%6F%75%63%68%61%6E" dan="17,17,17,16" rate="2215.09,2185.00,2199.81,2213.76" sx="M,F,M,M"/><TAIKYOKU oya="0"/><INIT seed="0,0,0,5,2,29" ten="250,250,250,250" oya="0" hai0="99,55,68,1,128,133,5,59,38,76,10,91,0" hai1="19,62,66,122,49,52,57,94,4,47,115,8,92" hai2="116,89,83,95,82,86,101,78,98,63,36,56,120" hai3="81,93,73,118,15,2,50,119,72,75,58,64,61"/><T31/><D38/><U20/><E122/><V129/><F36/><W43/><G2/><T103/><D68/><U90/><E115/><V107/><F120/><W37/><G37/><T80/><D31/><U42/><E66/><V21/><F129/><W54/><G43/><T69/><D69/><U105/><E105/><V33/><F21/><W51/><G51/><T27/><D128/><U53/><E53/><V96/><F33/><W88/><G81/><T9/><D27/><U71/><E71/><V14/><F14/><W124/><G15/><T87/><D133/><U30/><E30/><V60/><F116/><W67/><G124/><T111/><D111/><U79/><E79/><V135/><F135/><W131/><G64/><T18/><D76/><U25/><REACH who="1" step="1"/><E90/><REACH who="1" ten="250,240,250,250" step="2"/><V13/><F60/><W39/><G131/><T110/><D110/><U65/><E65/><V74/><F63/><W106/><G106/><T34/><D55/><U40/><E40/><V132/><F132/><W113/><G113/><T23/><D91/><U121/><E121/><V125/><F125/><W46/><REACH who="3" step="1"/><G39/><REACH who="3" ten="250,240,250,240" step="2"/><T108/><D108/><U28/><E28/><V84/><F13/><AGARI ba="0,2" hai="4,8,13,19,20,25,42,47,49,52,57,62,92,94" machi="13" ten="30,8000,1" yaku="1,1,7,1,8,1,54,1,53,1" doraHai="29" doraHaiUra="22" who="1" fromWho="2" sc="250,0,240,100,250,-80,240,0" /><INIT seed="1,0,0,2,0,95" ten="250,340,170,240" oya="1" hai0="81,18,125,58,68,109,31,24,60,5,69,120,35" hai1="67,65,28,75,100,134,102,129,49,101,63,121,112" hai2="88,7,57,43,80,85,78,71,3,70,82,6,1" hai3="47,36,122,45,105,11,22,48,132,41,29,130,17"/><U128/><E112/><V46/><F57/><W110/><G122/><T111/><D120/><U62/><E121/><V79/><F43/><W55/><G110/><N who="0" m="41995" /><D5/><U20/><E75/><V27/><F27/><W50/><G130/><N who="1" m="50282" /><E49/><V4/><F46/><W53/><G132/><T124/><D81/><U127/><E134/><V133/><F133/><W59/><G105/><T26/><D18/><U33/><E33/><V61/><F61/><N who="1" m="23049" /><E127/><N who="0" m="48713" /><D24/><AGARI ba="0,0" hai="20,24,28,65,67,100,101,102" m="23049,50282" machi="24" ten="40,2000,0" yaku="19,1" doraHai="95" who="1" fromWho="0" sc="250,-20,340,20,170,0,240,0" /><INIT seed="1,1,0,5,0,112" ten="230,360,170,240" oya="1" hai0="6,21,63,43,73,24,20,108,87,68,72,2,23" hai1="132,103,93,117,125,118,62,59,41,70,50,31,64" hai2="10,111,110,52,91,130,128,115,25,37,42,89,74" hai3="27,119,61,12,29,88,66,38,5,4,45,96,32"/><U99/><E132/><V131/><F115/><W113/><G113/><T19/><D43/><U135/><E135/><V109/><F74/><W58/><G119/><T15/><D108/><U34/><E125/><V14/><F25/><W107/><G107/><T105/><D105/><U92/><E31/><V56/><F42/><W22/><G38/><T76/><D73/><U121/><E34/><V17/><F37/><W49/><G32/><T90/><D72/><U85/><E121/><V1/><F1/><W8/><G4/><T116/><D116/><U39/><E92/><V47/><F47/><W83/><G96/><T133/><D76/><U81/><E39/><V94/><F94/><W18/><G5/><T30/><D133/><U60/><E50/><AGARI ba="1,0" hai="10,14,17,50,52,56,89,91,109,110,111,128,130,131" machi="50" ten="50,6400,0" yaku="14,1,19,1,54,1" doraHai="112" who="2" fromWho="1" sc="230,0,360,-67,170,67,240,0" /><INIT seed="2,0,0,0,5,75" ten="230,293,237,240" oya="2" hai0="78,102,35,62,68,25,131,74,30,83,86,85,81" hai1="33,15,61,59,96,32,12,52,108,67,8,50,27" hai2="109,53,114,89,127,70,71,128,95,51,54,87,58" hai3="111,88,19,118,55,117,56,41,10,73,18,135,93"/><V13/><F114/><W1/><G111/><T23/><D131/><U72/><E108/><V92/><F109/><W31/><G135/><T49/><D102/><U121/><E121/><V132/><F132/><W110/><G110/><T6/><D6/><U130/><E130/><V0/><F0/><W21/><G73/><T66/><D49/><U63/><E72/><V3/><F3/><W129/><G129/><T112/><D112/><U115/><E27/><V122/><F122/><W20/><G41/><T126/><D126/><U42/><E115/><V94/><F127/><W69/><G69/><T106/><D106/><U104/><E42/><V40/><F40/><W84/><G31/><T28/><D28/><U113/><E12/><V11/><F128/><W119/><G19/><T64/><D64/><U7/><E61/><N who="2" m="36047" /><F70/><W91/><G91/><T57/><D68/><U65/><E65/><V76/><F76/><W38/><G38/><T17/><REACH who="0" step="1"/><D81/><REACH who="0" ten="220,293,237,240" step="2"/><U133/><E113/><V82/><F71/><W97/><G119/><T105/><D105/><U29/><E29/><V34/><F34/><W36/><G118/><T16/><D16/><U90/><E133/><V44/><F82/><N who="3" m="49175" /><G117/><T14/><AGARI ba="0,1" hai="14,17,23,25,30,35,57,62,66,74,78,83,85,86" machi="14" ten="20,5200,0" yaku="1,1,0,1,7,1,52,1,53,0" doraHai="75" doraHaiUra="125" who="0" fromWho="0" sc="220,62,293,-13,237,-26,240,-13" /><INIT seed="3,0,0,3,0,105" ten="282,280,211,227" oya="3" hai0="23,35,118,19,77,117,126,119,62,88,84,59,48" hai1="93,54,16,73,38,36,75,103,116,13,5,68,121" hai2="97,66,72,115,107,132,135,95,11,10,1,96,104" hai3="17,22,108,129,43,111,112,7,63,60,18,67,28"/><W87/><G112/><T40/><D35/><U130/><E5/><V0/><F115/><W128/><G7/><T82/><D126/><U45/><E68/><V24/><F95/><W31/><G43/><T42/><D77/><U14/><E14/><V53/><F53/><W52/><G87/><T20/><D48/><N who="1" m="28943" /><E121/><V89/><F89/><W98/><G98/><N who="2" m="37993" /><F24/><N who="3" m="14415" /><G18/><T109/><D109/><N who="3" m="42057" /><G52/><T79/><D79/><U61/><E38/><V27/><F27/><W33/><G60/><T86/><D86/><U4/><E36/><V34/><F66/><W12/><G12/><T90/><D90/><U131/><E61/><V122/><F122/><W81/><G81/><T83/><D83/><U57/><E4/><N who="2" m="1287" /><F72/><N who="1" m="27721" /><E57/><V70/><F70/><N who="3" m="42367" /><G33/><T69/><D69/><U25/><E25/><V55/><F34/><W134/><G28/><T21/><REACH who="0" step="1"/><D19/><REACH who="0" ten="272,280,211,227" step="2"/><U85/><E85/><V133/><F55/><AGARI ba="0,1" hai="20,21,23,40,42,55,59,62,82,84,88,117,118,119" machi="55" ten="50,6400,0" yaku="1,1,2,1,54,1,53,0" doraHai="105" doraHaiUra="92" who="0" fromWho="2" sc="272,74,280,0,211,-64,227,0" owari="346,44.6,280,8.0,147,-35.3,227,-17.3" /></mjloggm>