<mjloggm ver="2.3"><GO type="225" lobby="0"/><UN n0="%E7%99%BD%E5%92%B2%E8%8A%B1%E3%81%A1%E3%82%83%E3%82%93" n1="%E3%81%82%E3%81%B9%E3%81%99%E3%81%91" n2="%E3%82%B2%E3%82%B9%E8%8C%82%E5%8B%9D" n3="%E5%B0%8F%E9%B3%A5%E9%81%8A%E7%B7%B4%E7%84%A1%32%31%E6%AD%B3" dan="16,16,16,16" rate="2103.50,2130.05,2066.01,2192.42" sx="F,M,F,F"/><TAIKYOKU oya="0"/><INIT seed="0,0,0,0,0,15" ten="250,250,250,250" oya="0" hai0="114,28,48,33,129,55,105,69,40,124,132,108,63" hai1="134,36,72,22,49,68,116,4,83,94,102,89,11" hai2="46,99,97,44,88,109,47,78,12,10,95,93,65" hai3="118,2,135,120,54,110,45,37,96,76,121,122,98"/><T91/><D114/><U24/><E36/><V85/><F109/><W81/><G110/><T31/><D108/><U79/><E116/><V0/><F0/><W43/><G118/><T84/><D105/><U123/><E68/><V39/><F65/><W52/><G2/><T67/><D124/><U104/><E134/><V61/><F61/><W42/><G135/><T56/><D132/><U127/><E127/><V112/><F112/><W9/><G9/><T13/><D129/><U126/><E126/><V6/><F39/><W16/><G42/><T21/><D33/><U7/><E49/><V111/><F111/><W113/><G113/><T101/><D101/><U70/><E11/><V130/><F130/><W14/><G96/><T8/><D40/><U30/><E70/><V51/><F78/><W71/><G98/><N who="2" m="37385" /><F95/><W29/><G29/><T74/><D74/><U77/><E77/><V58/><F58/><W35/><G35/><T32/><D32/><U64/><E102/><V41/><AGARI ba="0,0" hai="6,10,12,41,44,46,47,51,85,88,93" m="37385" machi="41" ten="30,2000,0" yaku="8,1,54,1" doraHai="15" who="2" fromWho="2" sc="250,-10,250,-5,250,20,250,-5" /><INIT seed="1,0,0,1,2,1" ten="240,245,270,245" oya="1" hai0="74,82,88,71,123,64,6,13,30,11,118,107,15" hai1="124,120,87,95,111,5,89,119,92,43,34,9,98" hai2="22,31,81,35,66,65,41,27,103,80,10,18,63" hai3="19,16,45,117,91,46,101,116,76,28,133,60,79"/><U42/><E119/><N who="3" m="45642" /><G101/><T115/><D118/><U57/><E120/><V68/><F41/><W17/><G91/><T49/><D115/><U84/><E34/><V61/><F103/><W72/><G28/><T94/><D123/><U25/><E124/><V128/><F10/><W7/><G60/><T108/><D107/><U77/><E25/><V39/><F39/><W51/><G133/><T110/><D30/><U104/><E111/><N who="0" m="42537" /><D49/><U112/><E57/><V99/><F99/><W93/><G93/><T129/><D129/><U62/><E62/><V20/><F35/><W96/><G96/><N who="0" m="57415" /><D71/><U53/><E104/><V85/><F128/><W67/><G67/><T26/><D26/><U55/><E112/><V14/><REACH who="2" step="1"/><F85/><REACH who="2" ten="240,245,260,245" step="2"/><W83/><G72/><T24/><D74/><U47/><E98/><V75/><F75/><W78/><G83/><T109/><D82/><N who="1" m="47183" /><E95/><V100/><F100/><W44/><G51/><T29/><D109/><U132/><E132/><V54/><F54/><N who="1" m="20489" /><E47/><V33/><F33/><W56/><G56/><AGARI ba="0,1" hai="14,18,20,22,27,31,56,61,63,65,66,68,80,81" machi="56" ten="30,7700,0" yaku="1,1,7,1,53,2" doraHai="1" doraHaiUra="58" who="2" fromWho="3" sc="240,0,245,0,260,87,245,-77" /><INIT seed="2,0,0,2,4,62" ten="240,245,347,168" oya="2" hai0="45,55,130,65,78,7,99,2,102,98,131,46,4" hai1="109,58,113,122,8,124,94,83,1,12,24,92,126" hai2="57,26,118,30,117,69,95,115,106,44,132,38,87" hai3="21,51,31,72,19,23,42,43,134,135,105,119,54"/><V64/><F115/><W34/><G105/><T49/><D78/><U66/><E109/><V91/><F132/><N who="3" m="50731" /><G72/><T36/><D36/><U63/><E1/><V33/><F106/><W86/><G34/><T85/><D85/><U96/><E122/><V75/><F75/><W70/><G70/><T108/><D108/><U77/><E24/><V120/><F69/><W59/><G119/><T104/><D46/><U61/><E61/><V116/><F120/><W3/><G3/><T82/><D82/><U112/><E112/><V27/><F27/><N who="3" m="16895" /><G86/><T17/><D17/><U10/><E113/><V47/><F38/><W125/><G125/><T22/><D104/><U84/><E126/><V81/><F81/><W50/><G51/><T32/><D2/><U107/><E107/><V37/><F37/><W35/><G35/><T73/><D32/><U48/><E48/><V110/><F110/><W101/><G101/><T14/><D102/><N who="1" m="60679" /><E94/><V11/><F116/><W29/><G29/><T100/><D100/><U90/><E124/><V16/><F117/><W41/><G41/><T40/><D40/><U60/><E77/><V80/><F80/><W93/><G93/><T133/><D73/><U89/><E83/><V79/><F79/><W67/><G67/><T20/><D65/><U127/><E127/><V15/><F118/><W129/><G129/><N who="0" m="49163" /><D133/><U71/><E66/><V68/><F68/><W121/><G121/><T76/><D76/><U123/><E71/><V53/><F64/><W28/><G28/><T13/><D99/><U39/><E123/><V111/><F111/><W0/><G0/><RYUUKYOKU ba="0,0" sc="240,-15,245,-15,347,15,168,15" hai2="11,15,16,26,30,33,44,47,53,57,87,91,95" hai3="19,21,42,43,50,54,59" /><INIT seed="2,1,0,1,5,26" ten="225,230,362,183" oya="2" hai0="51,126,125,81,134,45,109,103,76,31,10,56,87" hai1="34,127,95,77,43,65,49,52,89,6,20,115,119" hai2="124,113,55,101,59,60,129,53,50,96,85,98,7" hai3="19,4,90,24,36,44,104,67,80,120,105,9,62"/><V1/><F124/><N who="0" m="47722" /><D109/><U42/><E119/><V97/><F129/><W75/><G120/><T48/><D134/><U28/><E34/><V92/><F113/><W99/><G19/><T69/><D69/><U12/><E65/><V86/><F96/><W35/><G90/><T121/><D121/><U11/><E77/><V23/><F7/><W58/><G99/><T70/><D70/><U66/><E66/><V122/><F1/><W39/><G105/><T54/><D103/><U0/><E0/><V102/><F23/><W130/><G130/><T8/><D31/><U17/><E28/><V83/><F83/><W128/><G104/><T3/><D3/><U94/><E115/><V14/><F14/><W2/><G128/><T18/><D18/><U21/><E17/><V91/><F122/><W5/><G5/><T64/><D64/><U30/><E30/><V118/><F118/><W79/><G36/><T114/><D114/><U63/><E6/><V41/><F91/><W40/><G24/><T111/><D111/><U133/><E89/><V71/><F71/><W93/><REACH who="3" step="1"/><G93/><REACH who="3" ten="225,230,362,173" step="2"/><T13/><D13/><U46/><E95/><V27/><F27/><W47/><G47/><T106/><D106/><U82/><E94/><V38/><F98/><W116/><G116/><T57/><D57/><U73/><E127/><V135/><F59/><W16/><G16/><T37/><D37/><U108/><E108/><V110/><F38/><W15/><G15/><T72/><D87/><U29/><E12/><V100/><F85/><W33/><AGARI ba="1,1" hai="2,4,9,33,35,39,40,44,58,62,67,75,79,80" machi="33" ten="30,7900,0" yaku="1,1,0,1,25,2,53,0" doraHai="26" doraHaiUra="84" who="3" fromWho="3" sc="225,-21,230,-21,362,-40,173,92" /><INIT seed="3,0,0,5,0,46" ten="204,209,322,265" oya="3" hai0="31,110,106,77,119,29,68,64,41,102,26,19,40" hai1="57,113,36,131,128,14,132,97,16,27,60,8,48" hai2="126,92,7,96,54,4,124,9,70,84,21,129,56" hai3="37,80,33,75,0,109,50,32,83,55,59,100,76"/><W104/><G37/><T99/><D119/><U2/><E113/><V72/><F70/><W89/><G0/><T101/><D110/><U120/><E132/><V45/><F72/><W81/><G109/><T73/><D102/><U12/><E36/><V34/><F34/><W18/><G18/><T69/><D19/><U98/><E120/><V38/><F129/><N who="1" m="49737" /><E48/><V6/><F84/><W114/><G114/><T90/><D90/><U30/><E2/><V58/><F21/><W79/><G89/><T105/><D105/><U123/><E14/><V122/><F122/><W43/><G43/><T71/><D31/><U94/><E94/><V108/><F108/><W87/><REACH who="3" step="1"/><G81/><REACH who="3" ten="204,209,322,255" step="2"/><N who="0" m="45231" /><D41/><U28/><E28/><V3/><F38/><W95/><G95/><T121/><D40/><U115/><E123/><V23/><F4/><W61/><G61/><N who="0" m="39951" /><D121/><U67/><E115/><V88/><F6/><W11/><G11/><T133/><D133/><U53/><E67/><V66/><F66/><W134/><G134/><T25/><D25/><U35/><AGARI ba="0,1" hai="8,12,16,27,30,35,53,57,60,97,98" m="49737" machi="35" ten="30,2000,0" yaku="19,1,54,1" doraHai="46" who="1" fromWho="1" sc="204,-5,209,30,322,-5,255,-10" owari="199,-30.1,239,-16.1,317,41.7,245,4.5" /></mjloggm>