<mjloggm ver="2.3"><GO type="225" lobby="0"/><UN n0="%E6%81%AC%E6%B7%A1%E5%AF%82%E5%AF%9E" n1="%E6%98%93%E5%88%A9%E8%96%A9%E4%BC%AF" n2="%E3%83%AD%E3%83%83%E3%83%86%E9%9B%80%E7%90%83" n3="%E3%81%B8%E3%82%80%E3%81%B8%E3%82%80%EF%BC%92%E5%8F%B7" dan="16,16,17,17" rate="2108.78,2158.99,2207.82,2175.93" sx="F,F,M,M"/><TAIKYOKU oya="0"/><INIT seed="0,0,0,1,0,128" ten="250,250,250,250" oya="0" hai0="88,54,112,26,127,20,81,58,119,83,87,122,76" hai1="55,61,18,90,95,64,110,57,10,6,115,41,117" hai2="12,0,89,120,51,9,123,102,36,29,45,79,109" hai3="25,73,2,16,85,40,106,50,65,56,48,126,33"/><T107/><D112/><U44/><E110/><V113/><F113/><W14/><G73/><T91/><D119/><U1/><E115/><V67/><F0/><W23/><G106/><T11/><D122/><U3/><E117/><V30/><F36/><W135/><G135/><T75/><D107/><U31/><E31/><V59/><F109/><W69/><G69/><T116/><D116/><U46/><E3/><V86/><F102/><W94/><G2/><T70/><D70/><U27/><E64/><V96/><F96/><W71/><G71/><T97/><D11/><U131/><E131/><V24/><F79/><W84/><G33/><T4/><D4/><U132/><E41/><V22/><F30/><N who="3" m="17727" /><G40/><T7/><D7/><U63/><E63/><V133/><F133/><W42/><G126/><T101/><D127/><U99/><REACH who="1" step="1"/><E132/><REACH who="1" ten="250,240,250,250" step="2"/><V21/><F67/><W77/><G42/><T78/><D75/><U47/><E47/><V111/><F111/><W68/><G65/><T34/><D34/><U98/><E98/><V28/><F45/><W8/><G68/><T66/><D66/><U35/><E35/><V121/><F29/><W104/><G56/><T32/><D32/><U39/><E39/><V74/><F59/><W17/><G48/><N who="0" m="31047" /><D97/><U53/><E53/><V43/><F51/><W129/><G50/><T124/><D124/><U118/><E118/><V82/><F43/><W37/><G37/><T19/><D101/><U38/><E38/><V130/><F130/><W62/><G129/><T5/><D5/><U72/><E72/><V60/><F121/><W108/><G108/><RYUUKYOKU ba="0,1" sc="250,15,240,15,250,-15,250,-15" hai0="19,20,26,76,78,81,83,87,88,91" hai1="1,6,10,18,27,44,46,55,57,61,90,95,99" /><INIT seed="0,1,1,2,5,106" ten="265,255,235,235" oya="0" hai0="94,93,135,24,96,29,38,58,57,13,115,34,107" hai1="116,31,126,22,54,27,121,65,47,86,117,82,109" hai2="118,95,130,36,44,99,132,90,74,59,55,10,124" hai3="6,105,72,21,125,127,56,62,98,42,129,32,110"/><T100/><D115/><U112/><E121/><V113/><F113/><W84/><G32/><T119/><D119/><U40/><E112/><V35/><F35/><W79/><G42/><T51/><D38/><U64/><E109/><V128/><F124/><N who="3" m="47691" /><G6/><T102/><D135/><U87/><E126/><V78/><F132/><W71/><G71/><T122/><D122/><U39/><E87/><V11/><F118/><W68/><G68/><T63/><D102/><U76/><E65/><V52/><F78/><W49/><G49/><T37/><D37/><U70/><REACH who="1" step="1"/><E54/><REACH who="1" ten="265,245,235,235" step="2"/><V9/><F55/><W101/><G84/><T92/><D51/><U45/><E45/><V43/><REACH who="2" step="1"/><F74/><REACH who="2" ten="265,245,225,235" step="2"/><W77/><G72/><T30/><D34/><U91/><E91/><V8/><N who="2" m="2048" /><DORA hai="114" /><V28/><F28/><W85/><G77/><T111/><D30/><U69/><E69/><V3/><F3/><W46/><G79/><T48/><D29/><U5/><E5/><V103/><F103/><W60/><G101/><T20/><D100/><U0/><E0/><V131/><F131/><W83/><G129/><T134/><D134/><U33/><E33/><V120/><F120/><W50/><G110/><T88/><D111/><U18/><E18/><V123/><F123/><W89/><G89/><T7/><D88/><U133/><E133/><V15/><F15/><W75/><G75/><T104/><D13/><U2/><E2/><V16/><F16/><W12/><G12/><T66/><D7/><U81/><E81/><V97/><F97/><W14/><G98/><T23/><D96/><U25/><E25/><RYUUKYOKU ba="1,3" sc="265,-15,245,15,225,15,235,-15" hai1="22,27,31,39,40,47,64,70,76,82,86,116,117" hai2="36,43,44,52,59,90,95,99,128,130" /><INIT seed="1,2,3,0,3,29" ten="250,260,240,220" oya="1" hai0="50,63,95,67,59,97,110,16,82,32,20,116,4" hai1="45,64,13,69,93,66,0,89,81,65,121,55,84" hai2="119,37,79,26,87,27,124,98,47,5,7,25,108" hai3="19,62,44,127,39,42,114,94,80,54,1,106,120"/><U83/><E0/><V58/><F119/><W132/><G106/><T130/><D116/><U92/><E121/><V21/><F108/><W30/><G120/><T61/><D32/><U41/><E69/><V134/><F124/><W78/><G114/><T70/><D110/><U68/><E68/><V129/><F134/><W36/><G1/><T48/><D82/><U2/><E2/><V105/><F129/><W71/><G30/><T88/><D4/><N who="2" m="1610" /><F37/><W99/><G132/><T91/><D91/><U49/><E13/><V34/><F34/><W76/><G127/><T43/><D43/><U103/><REACH who="1" step="1"/><E41/><REACH who="1" ten="250,250,240,220" step="2"/><V101/><F26/><W17/><G42/><T18/><D130/><U102/><E102/><V113/><F27/><W12/><G71/><T100/><D100/><U85/><E85/><V35/><F87/><W86/><G86/><T51/><REACH who="0" step="1"/><D20/><REACH who="0" ten="240,250,240,220" step="2"/><U112/><E112/><V109/><F21/><W3/><G3/><T53/><AGARI ba="2,5" hai="16,18,48,50,51,53,59,61,63,67,70,88,95,97" machi="53" ten="30,16000,3" yaku="1,1,2,1,0,1,54,2,53,3" doraHai="29" doraHaiUra="46" who="0" fromWho="0" sc="240,216,250,-82,240,-42,220,-42" /><INIT seed="2,0,0,5,2,84" ten="456,168,198,178" oya="2" hai0="93,95,43,60,57,30,92,129,70,23,66,22,36" hai1="110,115,4,9,11,8,119,68,62,15,106,67,45" hai2="97,41,114,53,81,58,123,56,118,130,104,19,3" hai3="124,18,40,113,38,55,47,69,52,25,88,46,10"/><V96/><F114/><W86/><G113/><T117/><D30/><U80/><E115/><V128/><F123/><W39/><G69/><T5/><D5/><U133/><E119/><V121/><F121/><W72/><G72/><T102/><D102/><U107/><E110/><V91/><F118/><W44/><G124/><T34/><D34/><U33/><E33/><V101/><F3/><W111/><G111/><T59/><D117/><U125/><E133/><V126/><F126/><W61/><G61/><T79/><D79/><U31/><E31/><V122/><F122/><W64/><G64/><T127/><D129/><N who="2" m="49770" /><F41/><W0/><G0/><T132/><D132/><U77/><E125/><V7/><F7/><W2/><G2/><T105/><D105/><U89/><E45/><N who="3" m="17514" /><G39/><T65/><D43/><U75/><E107/><V71/><F71/><W78/><G78/><T74/><D36/><U27/><E27/><V51/><F19/><W29/><G38/><T108/><D70/><U116/><E106/><V48/><F58/><W134/><G134/><T13/><D59/><U37/><E37/><V26/><F26/><W49/><G29/><T98/><D57/><U20/><E116/><V32/><F32/><W21/><G10/><T103/><D127/><U24/><E24/><V63/><F81/><AGARI ba="0,0" hai="18,21,25,40,47,49,52,55,81,86,88" m="17514" machi="81" ten="30,7700,0" yaku="8,1,52,1,54,2" doraHai="84" who="3" fromWho="2" sc="456,0,168,0,198,-77,178,77" /><INIT seed="3,0,0,1,0,131" ten="456,168,121,255" oya="3" hai0="31,97,51,59,110,19,81,121,108,89,44,122,16" hai1="62,103,93,129,57,106,67,8,78,10,111,0,24" hai2="39,33,127,49,5,61,40,30,119,79,105,35,50" hai3="95,53,113,26,45,124,85,66,25,38,72,32,64"/><W135/><G113/><T90/><D31/><U104/><E111/><N who="0" m="42537" /><D59/><U41/><E129/><V88/><F127/><W86/><G72/><T128/><D128/><U87/><E41/><V114/><F119/><W71/><G124/><T7/><D7/><U60/><E104/><V52/><F114/><W125/><G125/><T29/><D29/><U123/><E0/><V54/><F105/><W4/><G4/><T92/><D81/><U47/><E47/><N who="2" m="25831" /><F35/><W22/><G45/><T73/><D90/><U107/><E106/><V68/><F33/><W118/><G32/><T23/><D73/><U80/><E107/><V27/><F39/><W6/><G38/><T117/><D117/><U115/><E115/><V132/><F68/><W116/><G64/><T37/><D37/><U101/><E123/><N who="0" m="47113" /><D23/><U65/><E101/><V69/><F69/><W56/><G66/><T9/><D9/><U102/><E102/><V74/><F74/><W96/><G71/><T15/><D15/><U20/><E103/><V134/><F79/><W82/><G116/><T84/><D97/><U77/><E77/><V58/><F5/><W48/><G6/><T28/><D28/><N who="1" m="17415" /><E93/><V46/><F88/><W75/><G95/><T112/><D112/><U2/><E2/><V36/><F36/><W42/><G75/><T130/><D130/><U63/><E67/><V1/><F1/><W98/><G118/><T3/><D3/><U12/><E65/><V13/><F13/><W94/><G94/><T14/><D14/><U17/><E12/><V133/><F30/><N who="3" m="17719" /><G98/><T91/><D91/><U34/><E34/><RYUUKYOKU ba="0,0" sc="456,15,168,-15,121,15,255,-15" hai0="16,19,44,51,84,89,92" hai2="27,46,50,52,54,58,61,132,133,134" owari="471,57.1,153,-24.7,136,-36.4,240,4.0" /></mjloggm>