<mjloggm ver="2.3"><GO type="225" lobby="0"/><UN n0="%E6%98%93%E5%88%A9%E8%96%A9%E4%BC%AF" n1="%E3%83%A9%E3%82%B9%E7%8E%87%EF%BC%93%E5%89%B2" n2="%E3%81%99%E3%81%84%E3%81%BE%E3%81%9B%E3%83%BC%E3%82%93" n3="%6D%61%74%69%67%75%73%61" dan="16,16,18,17" rate="2116.56,2195.76,2199.86,2156.99" sx="F,F,M,M"/><TAIKYOKU oya="0"/><INIT seed="0,0,0,1,4,76" ten="250,250,250,250" oya="0" hai0="27,62,22,13,3,94,84,101,113,131,78,51,96" hai1="123,121,106,134,60,80,49,87,65,135,105,82,85" hai2="79,9,12,43,59,74,34,133,1,99,26,54,108" hai3="104,63,35,97,67,14,20,100,4,118,28,66,69"/><T38/><D3/><U117/><E49/><V6/><F133/><N who="1" m="50697" /><E60/><V98/><F108/><W0/><G118/><T127/><D131/><U119/><E65/><V53/><F1/><W40/><G66/><T61/><D113/><U10/><E10/><V7/><F7/><W15/><G20/><T64/><D127/><U21/><E21/><V32/><F43/><W73/><G73/><T17/><D38/><U72/><E72/><V128/><F128/><W33/><G33/><T48/><D13/><U11/><E11/><V89/><F54/><W5/><G40/><T58/><REACH who="0" step="1"/><D62/><REACH who="0" ten="240,250,250,250" step="2"/><U102/><E119/><V41/><F12/><N who="3" m="4651" /><G0/><T81/><AGARI ba="0,1" hai="17,22,27,48,51,58,61,64,78,81,84,94,96,101" machi="81" ten="30,12000,1" yaku="1,1,0,1,8,1,52,1,53,1" doraHai="76" doraHaiUra="75" who="0" fromWho="0" sc="240,130,250,-40,250,-40,250,-40" /><INIT seed="0,1,0,3,1,110" ten="370,210,210,210" oya="0" hai0="12,25,121,111,47,9,2,92,90,91,88,130,109" hai1="17,76,105,26,24,86,103,54,8,42,44,14,62" hai2="29,36,89,18,33,75,112,50,63,102,37,60,22" hai3="71,93,81,128,32,132,15,43,66,7,116,59,27"/><T126/><D121/><U127/><E127/><V11/><F75/><W82/><G71/><T133/><D126/><U123/><E123/><V106/><F112/><W99/><G116/><T68/><D2/><U49/><E105/><V40/><F11/><W41/><G128/><T46/><D68/><U100/><E62/><V58/><F89/><N who="0" m="34410" /><D130/><U45/><E24/><V52/><F29/><W10/><G132/><T28/><D133/><U80/><REACH who="1" step="1"/><E26/><REACH who="1" ten="370,200,210,210" step="2"/><V23/><F63/><N who="3" m="38271" /><G27/><T119/><D25/><U30/><E30/><V79/><F106/><W78/><G32/><T84/><D28/><U115/><E115/><V87/><F33/><W107/><G107/><T5/><D119/><U0/><E0/><V73/><F60/><W51/><G78/><T74/><D74/><U55/><E55/><V85/><F79/><W56/><G43/><T65/><D65/><U1/><E1/><V13/><F40/><W4/><G41/><T35/><D35/><U113/><E113/><V48/><F73/><W94/><G7/><T21/><D111/><U61/><E61/><V69/><F18/><W34/><G34/><T125/><D109/><U67/><E67/><V39/><F69/><W129/><G129/><T3/><D125/><U6/><E6/><V117/><F117/><W19/><G4/><T120/><D120/><U131/><E131/><V97/><F13/><W134/><G134/><T108/><D108/><U101/><E101/><V96/><F102/><N who="3" m="60783" /><G94/><T70/><D70/><U122/><E122/><V118/><F118/><W77/><G77/><T135/><D135/><U83/><E83/><RYUUKYOKU ba="1,1" sc="370,10,200,10,210,-30,210,10" hai0="3,5,9,12,21,46,47,84,91,92" hai1="8,14,17,42,44,45,49,54,76,80,86,100,103" hai3="10,15,19,51,56,81,82" /><INIT seed="0,2,1,0,4,110" ten="380,210,180,220" oya="0" hai0="83,89,114,101,125,44,134,111,28,81,55,94,61" hai1="133,119,97,106,69,128,117,35,105,41,46,84,27" hai2="82,16,102,70,68,100,86,10,76,92,72,42,32" hai3="104,21,5,131,19,30,109,57,88,39,52,23,130"/><T20/><D114/><U48/><E128/><N who="3" m="49194" /><G109/><T40/><D134/><U56/><E133/><V38/><F32/><W60/><G104/><T58/><D125/><U124/><E124/><V91/><F38/><W1/><G39/><T71/><D71/><U34/><E69/><V37/><F68/><W26/><G5/><T14/><D101/><U9/><E35/><V3/><F70/><W65/><G1/><T51/><D111/><U98/><E105/><V49/><F49/><W135/><G135/><T115/><D115/><U2/><E2/><V43/><F43/><W54/><G88/><T118/><D118/><U63/><E9/><V116/><F116/><W120/><G120/><T15/><D14/><AGARI ba="2,1" hai="14,19,21,23,26,30,52,54,57,60,65" m="49194" machi="14" ten="30,2000,0" yaku="19,1,54,1" doraHai="110" who="3" fromWho="0" sc="380,-26,210,0,180,0,220,36" /><INIT seed="1,0,0,1,4,55" ten="354,210,180,256" oya="1" hai0="133,88,79,134,45,58,14,132,49,130,113,36,110" hai1="23,93,13,65,67,29,71,25,97,19,84,118,104" hai2="127,46,94,8,80,68,27,7,107,56,73,18,86" hai3="32,40,61,70,89,98,131,5,129,37,69,30,72"/><U119/><E84/><V43/><F107/><W31/><G72/><T95/><D113/><U90/><E104/><V44/><F68/><W0/><G40/><T48/><D110/><U54/><E71/><V12/><F127/><W121/><G37/><T24/><D130/><U75/><E75/><V122/><F122/><W74/><G74/><T77/><D14/><U57/><E118/><V51/><F73/><W41/><G41/><N who="0" m="22695" /><D24/><U101/><E101/><V53/><F94/><W34/><G98/><N who="0" m="57703" /><D49/><U22/><REACH who="1" step="1"/><E119/><REACH who="1" ten="354,200,180,256" step="2"/><V62/><F46/><W91/><G69/><T60/><D48/><AGARI ba="0,1" hai="13,19,22,23,25,29,48,54,57,65,67,90,93,97" machi="48" ten="30,18000,2" yaku="1,1,2,1,7,1,8,1,52,1,53,1" doraHai="55" doraHaiUra="52" who="1" fromWho="0" sc="354,-180,200,190,180,0,256,0" /><INIT seed="1,1,0,0,5,50" ten="174,390,180,256" oya="1" hai0="65,78,117,83,48,12,7,58,9,55,97,45,135" hai1="31,23,126,59,20,103,118,15,77,47,91,110,27" hai2="57,74,60,56,119,106,28,61,134,81,41,24,36" hai3="35,19,88,67,128,125,64,32,94,8,104,114,52"/><U132/><E118/><V112/><F119/><W108/><G104/><T116/><D135/><U71/><E71/><V6/><F134/><W43/><G114/><T100/><D65/><U13/><E132/><V22/><F106/><W90/><G43/><T73/><REACH who="0" step="1"/><D58/><REACH who="0" ten="164,390,180,256" step="2"/><U34/><E59/><V37/><F112/><W44/><G64/><T18/><D18/><U5/><E5/><V101/><F6/><W120/><G19/><T2/><D2/><U69/><E69/><V129/><F57/><W86/><G67/><T99/><D99/><U3/><E3/><V46/><F60/><W42/><G35/><T82/><D82/><U76/><E34/><V21/><F81/><W62/><G32/><T63/><D63/><U68/><E68/><V66/><F129/><W10/><G128/><T16/><D16/><U4/><E4/><V85/><F66/><W105/><G62/><T133/><D133/><U79/><E126/><V26/><F61/><W130/><G125/><T33/><D33/><U14/><E110/><V11/><F56/><W54/><G108/><T53/><D53/><U107/><E31/><V80/><F80/><W30/><G54/><T121/><D121/><U111/><E111/><V38/><F28/><W40/><G30/><T0/><D0/><U29/><E29/><V93/><F41/><W25/><G120/><T96/><D96/><U70/><E70/><V89/><F22/><W39/><G40/><T115/><D115/><U17/><E23/><V1/><F21/><W131/><G42/><T87/><D87/><U124/><E124/><V51/><F85/><RYUUKYOKU ba="1,1" sc="164,30,390,-10,180,-10,256,-10" hai0="7,9,12,45,48,55,73,78,83,97,100,116,117" /><INIT seed="2,2,1,2,5,53" ten="194,380,170,246" oya="2" hai0="127,100,38,87,6,39,115,40,117,132,37,75,10" hai1="57,20,91,22,41,4,18,129,131,49,59,2,105" hai2="60,114,47,43,46,78,88,69,119,109,48,51,120" hai3="44,17,3,83,108,128,98,55,111,50,68,5,66"/><V7/><F114/><W67/><G17/><T58/><D115/><U36/><E105/><V13/><F119/><W64/><G98/><T0/><D117/><U24/><E36/><V33/><F120/><W31/><G31/><T95/><D132/><U9/><E91/><V79/><F33/><W56/><G83/><T25/><D75/><U118/><E118/><V113/><F113/><W133/><G5/><T126/><D25/><U12/><E41/><V85/><F109/><N who="3" m="42059" /><G3/><T130/><D130/><N who="1" m="49675" /><E49/><V62/><F69/><W99/><G99/><T112/><D112/><U23/><E23/><V54/><F78/><W82/><G82/><T19/><D19/><AGARI ba="2,1" hai="2,4,9,12,18,19,20,22,24,57,59" m="49675" machi="19" ten="30,3900,0" yaku="19,1,52,2" doraHai="53" who="1" fromWho="0" sc="194,-45,380,55,170,0,246,0" /><INIT seed="3,0,0,1,5,89" ten="149,435,170,246" oya="3" hai0="37,62,79,69,95,11,100,88,21,7,130,104,40" hai1="12,58,133,109,98,68,106,82,23,29,2,118,36" hai2="85,3,81,34,96,107,75,14,76,13,30,46,70" hai3="135,66,121,20,56,80,64,27,63,112,42,17,97"/><W4/><G135/><T57/><D69/><U111/><E68/><V49/><F3/><W5/><G112/><T31/><D130/><U117/><E36/><V83/><F70/><W60/><G121/><T10/><D104/><U77/><E2/><V129/><F129/><W35/><G35/><T8/><D100/><N who="1" m="62743" /><E58/><V122/><F122/><W84/><G42/><T24/><D79/><U123/><E133/><V90/><F107/><W134/><G134/><T131/><D131/><U33/><E33/><V43/><F96/><W124/><G124/><T18/><D37/><U114/><E114/><V41/><F41/><W38/><G38/><T61/><D40/><U55/><E55/><V119/><F119/><N who="1" m="45577" /><E123/><V128/><F128/><W73/><G73/><T125/><D125/><U67/><E67/><V22/><F34/><W53/><G97/><N who="0" m="57575" /><D7/><N who="3" m="2633" /><G63/><N who="0" m="24075" /><D57/><U1/><E1/><V19/><F75/><W52/><G53/><T26/><D26/><N who="1" m="16607" /><E12/><AGARI ba="0,0" hai="8,10,11,12,18,21,24,31" m="24075,57575" machi="12" ten="30,3900,0" yaku="8,1,52,1,54,1" doraHai="89" who="0" fromWho="1" sc="149,39,435,-39,170,0,246,0" owari="188,-21.2,396,49.6,170,-33.0,246,4.6" /></mjloggm>