<mjloggm ver="2.3"><GO type="225" lobby="0"/><UN n0="%73%61%6B%6F%EF%BC%A0%E6%9C%80" n1="%73%6C%69%63%6B%33%31%39" n2="%E3%83%B4%E3%83%A0%EF%BC%99%E3%81%A6" n3="%E5%80%89%E6%A9%8B%EF%BC%A0%E4%BA%8B%E5%8B%99" dan="16,16,17,16" rate="2149.44,2162.56,2182.21,2081.10" sx="M,M,M,M"/><TAIKYOKU oya="0"/><INIT seed="0,0,0,4,4,9" ten="250,250,250,250" oya="0" hai0="124,104,99,120,133,12,117,135,21,24,42,3,46" hai1="35,54,115,14,70,38,69,132,40,65,1,130,59" hai2="16,80,68,4,78,49,60,95,81,20,50,51,62" hai3="47,105,100,89,106,123,22,33,61,28,30,17,34"/><T8/><D120/><U126/><E1/><V107/><F107/><W119/><G119/><T74/><D74/><U127/><E35/><V19/><F4/><W13/><G123/><T88/><D117/><U45/><E132/><N who="0" m="50761" /><D124/><N who="1" m="47659" /><E14/><N who="2" m="9239" /><F68/><N who="1" m="26217" /><E130/><V125/><F125/><W93/><G34/><T72/><D72/><U79/><E79/><V25/><F95/><W85/><G33/><T39/><D3/><U23/><E23/><N who="2" m="13567" /><F78/><W0/><G0/><T116/><D116/><U37/><E115/><V94/><F94/><W67/><G47/><T101/><D88/><U73/><E73/><V113/><F113/><W52/><G67/><T128/><D128/><U87/><E87/><V53/><F53/><W76/><G76/><T7/><D21/><U110/><E110/><V57/><F57/><W6/><G6/><T96/><D96/><U29/><E29/><V102/><F102/><W27/><G30/><T134/><N who="0" m="50769" /><T92/><DORA hai="108" /><D24/><U129/><E129/><V82/><AGARI ba="0,0" hai="49,50,51,60,62,80,81,82" m="13567,9239" machi="82" ten="30,4000,0" yaku="8,1,52,1,54,1" doraHai="9,108" who="2" fromWho="2" sc="250,-20,250,-10,250,40,250,-10" /><INIT seed="1,0,0,1,1,76" ten="230,240,290,240" oya="1" hai0="92,127,133,109,49,27,112,118,100,98,50,93,24" hai1="126,48,116,124,19,129,45,122,23,63,74,114,26" hai2="36,128,134,2,37,54,18,75,107,22,59,101,4" hai3="77,113,68,28,69,121,115,135,96,62,0,117,14"/><U110/><E114/><V85/><F75/><W61/><G0/><T1/><D1/><U53/><E116/><V120/><F120/><W46/><G121/><T15/><D118/><U55/><E122/><V67/><F67/><W89/><G117/><T38/><D38/><U95/><E74/><V39/><F128/><W125/><G135/><T83/><D112/><U13/><E129/><V42/><F134/><W10/><G125/><T51/><D109/><U65/><E110/><V131/><F131/><W123/><G123/><T60/><D127/><N who="1" m="48683" /><E95/><V84/><F42/><W41/><G28/><T102/><D133/><U8/><E45/><V105/><F4/><W31/><G31/><T82/><D60/><U99/><E99/><V91/><F85/><W72/><G61/><T73/><D73/><U29/><E48/><V111/><F101/><W90/><G62/><T66/><D66/><U80/><E80/><N who="0" m="30761" /><D15/><U5/><E29/><V64/><F2/><W81/><G115/><T132/><D132/><U20/><E20/><V56/><F36/><W130/><G113/><T7/><D7/><U32/><E32/><V17/><F37/><W16/><G130/><T44/><D44/><U70/><AGARI ba="0,0" hai="5,8,13,19,23,26,53,55,63,65,70" m="48683" machi="70" ten="30,1500,0" yaku="18,1" doraHai="76" who="1" fromWho="1" sc="230,-5,240,15,290,-5,240,-5" /><INIT seed="1,1,0,3,3,57" ten="225,255,285,235" oya="1" hai0="60,87,34,40,91,15,110,124,37,58,115,69,51" hai1="92,120,62,18,63,22,97,27,56,46,71,129,134" hai2="50,70,31,38,66,96,11,52,5,102,53,12,133" hai3="82,90,17,65,61,118,79,64,72,83,112,35,89"/><U25/><E129/><V76/><F38/><W4/><G112/><T122/><D115/><U59/><E134/><V3/><F133/><W74/><G35/><T105/><D105/><U125/><E125/><V33/><F76/><W130/><G130/><T10/><D34/><U7/><E120/><V117/><F117/><W116/><G4/><T2/><D124/><U104/><E104/><N who="2" m="63559" /><F50/><W108/><G17/><T42/><D122/><U32/><E71/><V126/><F3/><W81/><G108/><T80/><D110/><U88/><E7/><V9/><F9/><W99/><G99/><T131/><D131/><U29/><E46/><V23/><F23/><W30/><G30/><T73/><D73/><U86/><REACH who="1" step="1"/><E97/><REACH who="1" ten="225,245,285,235" step="2"/><V68/><F68/><W100/><G118/><T111/><D69/><U41/><E41/><V21/><F126/><W24/><G116/><T16/><D111/><U47/><E47/><V28/><F5/><W128/><G128/><T54/><D37/><U113/><E113/><V135/><F135/><W103/><G72/><T6/><D51/><U44/><E44/><V121/><F70/><W132/><G74/><T78/><D78/><U1/><E1/><V14/><F121/><W109/><G79/><T26/><REACH who="0" step="1"/><D26/><REACH who="0" ten="215,245,285,235" step="2"/><U85/><E85/><V119/><F119/><W114/><G109/><T19/><D19/><U106/><E106/><V93/><F31/><W84/><G132/><T75/><D75/><U43/><E43/><V127/><F28/><W98/><G24/><T45/><D45/><U20/><E20/><AGARI ba="1,2" hai="2,6,10,15,16,20,40,42,54,58,60,80,87,91" machi="20" ten="30,7700,0" yaku="1,1,7,1,52,1,54,1,53,0" doraHai="57" doraHaiUra="95" who="0" fromWho="1" sc="215,100,245,-80,285,0,235,0" /><INIT seed="2,0,0,2,4,135" ten="315,165,285,235" oya="2" hai0="76,83,17,80,93,72,113,75,99,130,125,67,91" hai1="121,19,123,39,42,81,59,112,114,48,62,44,92" hai2="127,78,33,18,43,15,63,32,128,55,102,116,34" hai3="25,131,13,68,65,8,24,79,38,58,109,41,90"/><V94/><F116/><W71/><G109/><T49/><D67/><N who="1" m="39391" /><E92/><V45/><F128/><W122/><G122/><N who="1" m="46602" /><E19/><V53/><F78/><W88/><G131/><T69/><D69/><U77/><E81/><V133/><F133/><W2/><G2/><T129/><D49/><U30/><E30/><V61/><F61/><W14/><G79/><N who="0" m="44135" /><D17/><U56/><E77/><V35/><F63/><W9/><G58/><T100/><D125/><U6/><E6/><V73/><F127/><W60/><G41/><T3/><D3/><U134/><E134/><V20/><F73/><W104/><G60/><T46/><D46/><N who="1" m="23903" /><E56/><V111/><F111/><W132/><G132/><T28/><D28/><U54/><AGARI ba="0,0" hai="44,48,54,112,114" m="23903,46602,39391" machi="54" ten="30,4000,0" yaku="13,1,34,2" doraHai="135" who="1" fromWho="1" sc="315,-10,165,40,285,-20,235,-10" /><INIT seed="3,0,0,2,2,94" ten="305,205,265,225" oya="3" hai0="30,75,38,63,16,134,8,9,106,69,56,129,130" hai1="65,17,73,3,49,88,39,66,133,34,18,121,64" hai2="20,47,21,40,35,122,60,24,135,108,71,85,80" hai3="131,11,105,114,78,111,120,31,96,127,48,6,119"/><W50/><G114/><T23/><D75/><U59/><E121/><V132/><F122/><W2/><G119/><T36/><D30/><U19/><E73/><V41/><F108/><W1/><G120/><T54/><D106/><U25/><E39/><N who="0" m="14889" /><D69/><U55/><E3/><V109/><F109/><W86/><G111/><T81/><D81/><U58/><E133/><N who="2" m="51275" /><F35/><W124/><G1/><T5/><D5/><U12/><E34/><V113/><F113/><W126/><G131/><N who="0" m="50187" /><D134/><U52/><E25/><AGARI ba="0,0" hai="8,9,16,23,25,54,56,63" m="50187,14889" machi="25" ten="30,2000,0" yaku="19,1,54,1" doraHai="94" who="0" fromWho="1" sc="305,20,205,-20,265,0,225,0" owari="325,42.5,185,-31.5,265,6.5,225,-17.5" /></mjloggm>