<mjloggm ver="2.3"><GO type="225" lobby="0"/><UN n0="%E8%81%B7%E6%A5%AD%E3%80%81%E9%A2%A8%32" n1="%4E%55%44%41" n2="%E5%8F%AF%E5%85%90%E9%82%A3%E7%94%B1%E5%A4%9A" n3="%50%65%74%65%72%50%61%6E" dan="16,16,17,16" rate="2140.27,2132.81,2192.59,2153.53" sx="M,M,F,M"/><TAIKYOKU oya="0"/><INIT seed="0,0,0,3,1,44" ten="250,250,250,250" oya="0" hai0="124,16,96,78,106,89,45,84,55,105,76,4,13" hai1="101,54,58,125,48,87,23,71,127,36,3,32,77" hai2="88,30,57,2,17,134,42,51,83,103,7,11,49" hai3="107,113,130,102,133,111,82,69,80,131,28,114,20"/><T135/><D124/><N who="1" m="47691" /><E32/><V119/><F134/><W39/><G39/><T66/><D135/><U0/><E36/><V40/><F119/><W74/><G69/><T65/><D4/><U112/><E71/><V31/><F103/><W121/><G20/><N who="0" m="11279" /><D105/><U9/><E112/><N who="3" m="43114" /><G28/><N who="2" m="10793" /><F7/><W93/><G133/><T8/><D106/><U132/><E132/><V47/><F2/><N who="1" m="553" /><E23/><V72/><F72/><W53/><G53/><T86/><D8/><U63/><E9/><V99/><F57/><W33/><G33/><T19/><D19/><U126/><E126/><V59/><F59/><W120/><G107/><T43/><D43/><N who="2" m="16426" /><F47/><W6/><G6/><T75/><D75/><U18/><E18/><V60/><F60/><W24/><G74/><T34/><D34/><U15/><E101/><V92/><F83/><W22/><G82/><T81/><D76/><U61/><E15/><AGARI ba="0,0" hai="11,15,17,49,51,88,92,99" m="16426,10793" machi="15" ten="30,7700,0" yaku="8,1,52,2,54,1" doraHai="44" who="2" fromWho="1" sc="250,0,250,-77,250,77,250,0" /><INIT seed="1,0,0,5,3,100" ten="250,173,327,250" oya="1" hai0="79,29,83,51,84,27,89,81,74,96,66,115,69" hai1="7,117,102,118,99,88,60,49,90,80,105,109,30" hai2="125,17,4,123,93,10,50,108,106,78,9,76,1" hai3="77,52,119,103,14,70,129,73,122,121,63,0,42"/><U64/><E109/><V44/><F123/><W62/><G0/><T59/><D115/><U127/><E127/><V18/><F108/><W6/><G129/><T36/><D36/><U39/><E39/><V113/><F125/><W34/><G34/><T35/><D96/><U128/><E128/><V107/><F113/><W67/><G42/><T41/><D41/><U54/><E7/><V11/><F1/><W57/><G119/><T86/><D69/><U38/><E30/><V32/><F32/><W75/><G103/><T16/><D51/><U120/><E38/><V126/><F4/><W135/><G135/><T112/><D112/><U8/><E8/><V101/><F126/><W3/><G3/><T28/><D74/><U13/><E13/><V68/><F68/><W72/><REACH who="3" step="1"/><G77/><REACH who="3" ten="250,173,327,240" step="2"/><T46/><D35/><U56/><E120/><V19/><F78/><W21/><G21/><N who="0" m="13735" /><D46/><U133/><E133/><V12/><F76/><W98/><G98/><T87/><D87/><U134/><E134/><V92/><F101/><W37/><G37/><T20/><D20/><U24/><E24/><V33/><F33/><W26/><G26/><T110/><D110/><U2/><E2/><V131/><F131/><W82/><G82/><T94/><D83/><U130/><E130/><V58/><F12/><W23/><G23/><T116/><D116/><N who="1" m="44651" /><E80/><V22/><F22/><W97/><G97/><T40/><D40/><U25/><E25/><V31/><F44/><W91/><G91/><T48/><D79/><U124/><E124/><V61/><F9/><AGARI ba="0,1" hai="6,9,14,52,57,62,63,67,70,72,73,75,121,122" machi="9" ten="40,5200,0" yaku="1,1,54,1,53,1" doraHai="100" doraHaiUra="5" who="3" fromWho="2" sc="250,0,173,0,327,-52,240,62" /><INIT seed="2,0,0,0,3,102" ten="250,173,275,302" oya="2" hai0="22,74,86,112,43,21,45,13,27,114,125,10,130" hai1="103,47,64,89,2,124,41,29,77,87,0,93,105" hai2="14,83,11,19,123,16,91,31,23,6,128,52,127" hai3="78,28,90,4,75,129,7,94,82,3,133,92,96"/><V40/><F123/><W120/><G120/><T97/><D74/><U49/><E124/><V46/><F127/><W39/><G39/><T68/><D68/><U8/><E64/><V79/><F128/><W104/><G133/><T38/><D130/><U65/><E65/><V18/><F91/><W69/><G69/><T80/><D97/><U107/><E29/><V30/><F23/><W131/><G28/><T25/><D22/><U50/><E103/><V88/><F79/><W81/><G3/><T48/><D38/><U72/><E50/><N who="2" m="28759" /><F40/><W35/><G35/><T119/><D119/><U1/><REACH who="1" step="1"/><E8/><REACH who="1" ten="250,163,275,302" step="2"/><V33/><F33/><W15/><G131/><T101/><D101/><U53/><E53/><V98/><F83/><AGARI ba="0,1" hai="0,1,2,41,47,49,72,77,83,87,89,93,105,107" machi="83" ten="40,5200,0" yaku="1,1,52,2,53,0" doraHai="102" doraHaiUra="71" who="1" fromWho="2" sc="250,0,163,62,275,-52,302,0" /><INIT seed="3,0,0,5,2,113" ten="250,225,223,302" oya="3" hai0="71,123,19,65,122,23,34,83,79,132,45,49,104" hai1="33,118,124,133,86,12,36,94,46,120,5,25,106" hai2="126,55,18,91,43,69,17,115,50,64,61,7,20" hai3="85,0,119,93,9,57,96,92,14,26,81,47,67"/><W100/><G119/><T135/><D34/><U84/><E120/><V29/><F115/><W31/><G0/><T13/><D104/><U16/><E106/><V102/><F126/><W108/><G108/><T40/><D65/><U95/><E124/><V62/><F102/><W22/><G93/><T24/><D71/><U4/><E133/><N who="0" m="51273" /><D13/><U56/><E56/><V131/><F131/><W99/><G99/><T111/><D111/><U32/><E32/><V10/><F43/><W38/><G38/><T63/><D63/><U109/><E109/><V128/><F61/><N who="3" m="38319" /><G47/><T105/><D105/><U114/><E114/><V42/><F42/><W52/><G52/><T35/><D35/><U27/><E46/><V68/><F68/><W77/><G14/><T82/><D82/><U116/><E33/><V88/><F128/><W66/><G66/><T98/><D98/><U121/><E36/><V70/><F70/><W8/><AGARI ba="0,0" hai="8,9,22,26,31,77,81,85,92,96,100" m="38319" machi="8" ten="30,3000,0" yaku="25,1,8,1" doraHai="113" who="3" fromWho="3" sc="250,-10,225,-10,223,-10,302,30" owari="240,4.0,215,-18.5,213,-28.7,332,43.2" /></mjloggm>