<mjloggm ver="2.3"><GO type="225" lobby="0"/><UN n0="%E8%A8%88%E7%AE%97%E6%A9%9F%E8%87%AA%E7%84%B6" n1="%E3%81%BE%E3%81%A8%E3%81%9F" n2="%72%69%6F%75%63%68%61%6E" n3="%E8%81%B7%E6%A5%AD%E3%80%81%E9%A2%A8%32" dan="17,16,17,16" rate="2240.12,2174.67,2253.32,2069.71" sx="M,M,M,M"/><TAIKYOKU oya="0"/><INIT seed="0,0,0,5,1,71" ten="250,250,250,250" oya="0" hai0="36,17,3,68,29,61,5,21,57,121,118,127,20" hai1="6,77,83,24,65,113,55,108,42,80,111,67,122" hai2="87,56,91,26,10,86,69,60,46,35,94,117,30" hai3="135,1,85,33,63,119,123,114,97,134,128,133,14"/><T101/><D118/><U32/><E122/><V38/><F117/><W70/><G119/><T66/><D121/><U50/><E6/><V62/><F69/><W58/><G1/><T109/><D127/><U28/><E42/><V31/><F30/><W95/><G70/><T107/><D109/><N who="1" m="42059" /><E80/><V45/><F10/><W82/><G123/><T23/><D29/><U78/><E113/><V51/><F87/><W7/><G33/><T99/><D68/><U126/><E126/><V18/><F18/><W89/><G114/><T79/><D79/><N who="1" m="30219" /><E83/><V124/><F124/><W54/><G128/><T22/><D5/><U49/><E49/><V44/><REACH who="2" step="1"/><F38/><REACH who="2" ten="250,250,240,250" step="2"/><W27/><G7/><T47/><D3/><U16/><E16/><V100/><F100/><W8/><G8/><T125/><D125/><U11/><E11/><V93/><F93/><W15/><REACH who="3" step="1"/><G27/><REACH who="3" ten="250,250,240,240" step="2"/><T0/><D0/><U129/><E129/><V59/><F59/><AGARI ba="0,2" hai="24,28,32,50,55,59,65,67" m="30219,42059" machi="59" ten="30,1000,0" yaku="14,1" doraHai="71" who="1" fromWho="2" sc="250,0,250,30,240,-10,240,0" /><INIT seed="1,0,0,4,0,56" ten="250,280,230,240" oya="1" hai0="48,31,100,19,116,82,95,113,93,98,118,71,23" hai1="108,114,38,112,128,110,67,83,64,101,89,77,85" hai2="32,43,3,65,0,6,91,86,132,30,127,94,4" hai3="25,87,62,9,111,125,74,60,131,70,115,61,130"/><U18/><E38/><V73/><F73/><W35/><G74/><T27/><D113/><N who="1" m="43627" /><E18/><V52/><F127/><W58/><G115/><T68/><D82/><N who="1" m="49335" /><E67/><V117/><F132/><W97/><G70/><T8/><D93/><U50/><E50/><V55/><F117/><W119/><G125/><T124/><D124/><U16/><E16/><V26/><F43/><W105/><G119/><T51/><D116/><U76/><E64/><V121/><F121/><W75/><G111/><N who="1" m="42538" /><E101/><V135/><F135/><W47/><G9/><T12/><D118/><U72/><E77/><V88/><F65/><W46/><G47/><T107/><D48/><U10/><E10/><V20/><F32/><W90/><G46/><T45/><D68/><U17/><E17/><V57/><F0/><W120/><G58/><T28/><D71/><U36/><E36/><V109/><F3/><W78/><G78/><T63/><D28/><U106/><E128/><V5/><F109/><W96/><G130/><T39/><D39/><U79/><E79/><V69/><F69/><W29/><G131/><T104/><D63/><U40/><E40/><AGARI ba="0,0" hai="8,12,19,23,27,31,40,45,51,95,98,100,104,107" machi="40" ten="30,1000,0" yaku="7,1" doraHai="56" who="0" fromWho="1" sc="250,10,280,-10,230,0,240,0" /><INIT seed="2,0,0,4,4,101" ten="260,270,230,240" oya="2" hai0="94,5,0,115,80,103,134,37,47,16,64,132,7" hai1="74,8,99,56,90,91,32,131,118,4,55,97,18" hai2="22,33,73,52,42,129,123,43,3,124,84,108,96" hai3="6,128,11,76,9,117,93,85,19,89,49,75,38"/><V112/><F112/><W15/><G38/><T61/><D115/><U58/><E32/><V35/><F123/><W92/><G117/><T126/><D126/><U135/><E74/><V107/><F73/><W57/><G128/><T63/><D80/><U26/><E118/><V20/><F3/><W127/><G127/><T68/><D61/><U53/><E26/><V113/><F113/><W105/><G105/><T54/><D94/><U60/><E18/><V104/><F124/><W36/><G36/><T62/><D103/><U21/><E21/><N who="2" m="8299" /><F84/><W111/><G111/><T25/><D16/><U120/><E120/><V23/><N who="2" m="8307" /><V34/><DORA hai="130" /><F96/><W119/><G75/><T66/><D25/><U121/><E99/><V95/><F129/><W116/><G76/><T114/><D114/><U72/><E97/><V12/><F95/><W87/><G93/><T13/><D0/><U110/><E72/><V71/><F12/><W48/><G87/><T125/><D13/><U41/><E121/><V39/><F39/><W78/><G15/><T27/><D27/><U46/><E110/><V88/><F108/><W40/><G85/><T79/><D125/><U100/><E131/><V70/><F52/><W24/><G92/><T28/><D79/><U30/><E55/><V102/><F88/><W86/><G78/><T1/><D1/><U29/><E90/><V109/><F109/><W50/><G89/><T10/><D54/><U31/><E91/><V122/><F122/><W45/><G86/><T133/><D37/><U44/><E53/><V83/><F102/><W51/><G24/><RYUUKYOKU ba="0,0" sc="260,0,270,0,230,0,240,0" /><INIT seed="3,1,0,3,5,47" ten="260,270,230,240" oya="3" hai0="7,45,124,28,22,107,115,33,114,12,125,24,23" hai1="97,135,46,82,52,39,88,85,93,102,99,64,76" hai2="29,15,104,89,111,14,134,116,87,18,48,32,60" hai3="100,11,132,118,80,55,113,123,75,128,129,121,119"/><W56/><G113/><N who="0" m="43019" /><D107/><U73/><E135/><V53/><F116/><N who="3" m="44587" /><G132/><T63/><D63/><U79/><E64/><V62/><F111/><W27/><G100/><T36/><D45/><U40/><E79/><V49/><F134/><W65/><G75/><T92/><D92/><U106/><E52/><V50/><F104/><W126/><G80/><T95/><D36/><U84/><AGARI ba="1,0" hai="39,40,46,73,76,82,84,85,88,93,97,99,102,106" machi="84" ten="30,2000,0" yaku="0,1,54,1" doraHai="47" who="1" fromWho="1" sc="260,-6,270,23,230,-6,240,-11" /><INIT seed="4,0,0,2,3,32" ten="254,293,224,229" oya="0" hai0="69,6,62,131,117,12,132,11,2,67,26,28,82" hai1="37,122,98,47,106,108,115,1,109,66,64,124,110" hai2="105,50,93,77,20,52,118,81,42,9,99,97,13" hai3="86,104,25,23,18,0,128,22,72,31,121,127,29"/><T4/><D117/><U3/><E122/><V35/><F35/><W89/><G72/><T78/><D132/><U134/><E134/><V123/><F123/><W33/><G104/><T119/><D131/><U7/><E115/><V49/><F118/><W60/><G128/><T41/><D119/><U75/><E124/><V103/><F20/><W85/><G121/><T129/><D129/><U84/><E84/><V107/><F42/><W53/><G0/><N who="1" m="74" /><E7/><V51/><F52/><W102/><G33/><T16/><D41/><N who="1" m="22959" /><E64/><V54/><F54/><W61/><G53/><T116/><D116/><U95/><E95/><V80/><F99/><W45/><G127/><T19/><D4/><U73/><E66/><V43/><F43/><W94/><G86/><T5/><D6/><U91/><E91/><V48/><N who="2" m="12288" /><DORA hai="40" /><V70/><F70/><W39/><G45/><T120/><D12/><U76/><E76/><V133/><F133/><W100/><G39/><T90/><D90/><U30/><E30/><N who="3" m="11274" /><G23/><T113/><D120/><U126/><E126/><V125/><F125/><W15/><G15/><T8/><D8/><U55/><E55/><V96/><F77/><W71/><G71/><T57/><D69/><U36/><E36/><V58/><F58/><W135/><G135/><T44/><D44/><U46/><E46/><V17/><REACH who="2" step="1"/><F107/><REACH who="2" ten="254,293,214,229" step="2"/><W27/><G27/><T101/><D26/><U87/><E98/><V34/><F34/><W112/><G112/><T68/><D113/><U10/><E106/><V92/><F92/><W79/><G79/><T74/><D78/><U38/><E38/><RYUUKYOKU ba="0,1" sc="254,-15,293,-15,214,15,229,15" hai2="9,13,17,80,81,93,96,97,103,105" hai3="18,22,25,60,61,85,89,94,100,102" /><INIT seed="5,1,1,3,0,38" ten="239,278,229,244" oya="1" hai0="96,11,54,114,5,87,44,102,68,105,71,110,91" hai1="41,23,31,53,73,2,36,59,62,4,10,66,99" hai2="88,28,116,132,40,93,98,92,122,6,7,70,27" hai3="22,34,80,45,30,109,121,133,117,63,19,24,95"/><U115/><E73/><V57/><F116/><W26/><G121/><T1/><D110/><U84/><E115/><V123/><F70/><W58/><G109/><T42/><D54/><U128/><E84/><V18/><F132/><W135/><G117/><T90/><D114/><U125/><E125/><V83/><F40/><W33/><G80/><T131/><D131/><U21/><E31/><V50/><F18/><W103/><G45/><T56/><D56/><U13/><E2/><V85/><F93/><W55/><G34/><T111/><D90/><U3/><E3/><V60/><F50/><W127/><G127/><T74/><D74/><U17/><E4/><V124/><F124/><W112/><G112/><T119/><D111/><U78/><E78/><V37/><F37/><W89/><REACH who="3" step="1"/><G103/><REACH who="3" ten="239,278,229,234" step="2"/><T16/><D119/><U8/><E128/><V52/><F123/><W118/><G118/><T75/><D44/><U106/><E36/><V94/><F122/><W97/><AGARI ba="1,2" hai="19,22,24,26,30,33,55,58,63,89,95,97,133,135" machi="97" ten="30,8000,1" yaku="1,1,0,1,25,2,53,1" doraHai="38" doraHaiUra="29" who="3" fromWho="3" sc="239,-21,278,-41,229,-21,234,103" owari="218,-18.2,237,3.7,208,-29.2,337,43.7" /></mjloggm>