<mjloggm ver="2.3"><GO type="225" lobby="0"/><UN n0="%6D%75%75%6D%75%72%61" n1="%E3%81%86%E3%82%8B%E3%81%8A%E3%81%A1%E3%82%83" n2="%43%68%65" n3="%E3%81%95%E3%81%8D%E3%81%9F%E3%81%BE%E6%9E%97%E6%AA%8E" dan="17,16,16,16" rate="2196.51,2113.44,2094.65,2134.63" sx="F,F,M,M"/><TAIKYOKU oya="0"/><INIT seed="0,0,0,3,5,29" ten="250,250,250,250" oya="0" hai0="13,47,34,16,98,127,107,106,118,55,109,102,64" hai1="8,80,84,133,44,30,101,129,121,108,90,132,128" hai2="116,122,130,60,65,79,9,0,110,105,112,123,26" hai3="33,5,78,94,21,124,54,35,15,23,48,67,63"/><T134/><D118/><U69/><E69/><V96/><F112/><W71/><G78/><T70/><D127/><U76/><E8/><V73/><F116/><W17/><G5/><T12/><D134/><N who="1" m="51819" /><E44/><V32/><F110/><W19/><G94/><T28/><D109/><U93/><E30/><N who="2" m="19543" /><F130/><N who="1" m="50281" /><E108/><V92/><F92/><W91/><G124/><T36/><D107/><U61/><E61/><V53/><F53/><W74/><G74/><T82/><D55/><U49/><E49/><V99/><F99/><W115/><G91/><T120/><D47/><U51/><E51/><V50/><F50/><W37/><G37/><T95/><D36/><U85/><E101/><N who="2" m="62631" /><F9/><W113/><G113/><T42/><D106/><U46/><E46/><V86/><F0/><W87/><G115/><T40/><D40/><U58/><E58/><V59/><F59/><W41/><G41/><T103/><D42/><U43/><E43/><V1/><F1/><W104/><G54/><T7/><D103/><U22/><E22/><V2/><F2/><W20/><G20/><T119/><D119/><U97/><E121/><V3/><F3/><W117/><G23/><T66/><D120/><U62/><E62/><V72/><F123/><W39/><G63/><T88/><D70/><U126/><E126/><V77/><F122/><W81/><G21/><N who="0" m="11399" /><D28/><U100/><E100/><V135/><F135/><W25/><G71/><T11/><D34/><U114/><E114/><V27/><F60/><W57/><G48/><T14/><D14/><U89/><E89/><V38/><F38/><W31/><G39/><T18/><D18/><RYUUKYOKU ba="0,0" sc="250,15,250,15,250,-15,250,-15" hai0="7,11,13,64,66,82,88,95,98,102" hai1="76,80,84,85,90,93,97" /><INIT seed="0,1,0,5,3,84" ten="265,265,235,235" oya="0" hai0="4,124,97,58,37,41,81,56,59,134,77,36,66" hai1="21,94,104,89,111,70,2,39,31,118,18,127,38" hai2="78,73,90,106,13,91,128,76,67,42,116,82,23" hai3="96,44,108,1,12,35,34,103,98,132,29,105,9"/><T43/><D124/><U47/><E70/><V75/><F42/><W51/><G108/><T83/><D134/><U53/><E104/><V5/><F67/><W17/><G132/><T79/><D66/><U15/><E2/><V93/><F106/><W72/><G72/><T0/><D97/><U11/><E118/><V133/><F133/><W68/><G68/><T20/><D20/><U100/><E111/><V119/><F128/><W10/><G29/><T24/><D24/><U46/><E100/><V26/><F93/><W40/><REACH who="3" step="1"/><G96/><REACH who="3" ten="265,265,235,225" step="2"/><T109/><D109/><U121/><E31/><V125/><F119/><W55/><G55/><T30/><D30/><U62/><E53/><V80/><F116/><W69/><G69/><T88/><D41/><U131/><E131/><V95/><F125/><W3/><G3/><T110/><D43/><U22/><E127/><V123/><F123/><W25/><G25/><T52/><D110/><U86/><E121/><V45/><F26/><W63/><G63/><T28/><D28/><U32/><E62/><V50/><F73/><W71/><G71/><T7/><D0/><U107/><E32/><V8/><F75/><W101/><G101/><T33/><D33/><U74/><E74/><V117/><F117/><W61/><G61/><T19/><D52/><U60/><E60/><V48/><F13/><W87/><G87/><T102/><D102/><U85/><E85/><V65/><F65/><W122/><G122/><T14/><D14/><U126/><E15/><V112/><F112/><W120/><G120/><T6/><D37/><N who="1" m="13835" /><E126/><V129/><F129/><RYUUKYOKU ba="1,1" sc="265,-10,265,-10,235,-10,225,30" hai3="1,9,10,12,17,34,35,40,44,51,98,103,105" /><INIT seed="1,2,1,5,0,42" ten="255,255,225,255" oya="1" hai0="86,88,133,52,114,19,124,55,81,120,4,115,83" hai1="99,13,93,0,134,14,85,22,125,98,25,111,78" hai2="113,51,102,72,53,29,48,109,61,112,76,66,65" hai3="131,104,50,97,70,56,24,39,106,87,20,73,135"/><U75/><E0/><V38/><F102/><W63/><G73/><T117/><D117/><U30/><E125/><V45/><F29/><W123/><G39/><T44/><D124/><U132/><E75/><V103/><F103/><W126/><G126/><T43/><D133/><N who="1" m="51307" /><E111/><V89/><F109/><W16/><G135/><T54/><D120/><U129/><E129/><V32/><F32/><W116/><G116/><T100/><D100/><N who="1" m="60495" /><E99/><V58/><F89/><W108/><G108/><T84/><D19/><U69/><E69/><V37/><F76/><W91/><G70/><T121/><D4/><U49/><E49/><V10/><F10/><W21/><G131/><T60/><D60/><U36/><E36/><N who="2" m="13931" /><F72/><W79/><G50/><T128/><D128/><U15/><E85/><V33/><F33/><W74/><G74/><T95/><D121/><U90/><E90/><V57/><F51/><W62/><G62/><AGARI ba="2,1" hai="45,48,53,57,58,61,62,65,66,112,113" m="13931" machi="62" ten="30,3900,0" yaku="34,2,52,1" doraHai="42" who="2" fromWho="3" sc="255,0,255,0,225,55,255,-45" /><INIT seed="2,0,0,0,5,33" ten="255,255,280,210" oya="2" hai0="11,29,61,34,129,15,115,104,62,55,74,77,12" hai1="100,133,92,53,106,132,112,135,122,17,63,36,107" hai2="86,111,50,47,6,109,131,18,31,93,85,78,88" hai3="64,76,79,87,23,45,19,39,9,127,95,42,70"/><V7/><F31/><W103/><G127/><T69/><D115/><U65/><E112/><V52/><F131/><W117/><G117/><T60/><D129/><U41/><E122/><V108/><F18/><W123/><G123/><T54/><D104/><U125/><E125/><V116/><F116/><W75/><G75/><T126/><D69/><U20/><E53/><V2/><F2/><W80/><G79/><T37/><D37/><U118/><E118/><V8/><F8/><W114/><G114/><T94/><D126/><U24/><E41/><V16/><F16/><W32/><G32/><T44/><D94/><U28/><E36/><V84/><F78/><W73/><G9/><T110/><D110/><U71/><REACH who="1" step="1"/><E28/><REACH who="1" ten="255,245,280,210" step="2"/><V43/><REACH who="2" step="1"/><F43/><REACH who="2" ten="255,245,270,210" step="2"/><W83/><G42/><T57/><D29/><U91/><E91/><V13/><F13/><W96/><G76/><T134/><D15/><U121/><E121/><V40/><F40/><W72/><G39/><T98/><D12/><U14/><E14/><V0/><F0/><W49/><G19/><T4/><D77/><U22/><E22/><V56/><F56/><W38/><G23/><T130/><D57/><U59/><E59/><V68/><F68/><W51/><G70/><T90/><D130/><U35/><E35/><V101/><F101/><W5/><G103/><T120/><D34/><U48/><E48/><V1/><F1/><W128/><G51/><T46/><D120/><U58/><E58/><V81/><F81/><W27/><G49/><T124/><D124/><U113/><E113/><V3/><F3/><W82/><G38/><RYUUKYOKU ba="0,2" sc="255,-15,245,15,270,15,210,-15" hai1="17,20,24,63,65,71,92,100,106,107,132,133,135" hai2="6,7,47,50,52,84,85,86,88,93,108,109,111" /><INIT seed="2,1,2,4,5,58" ten="240,260,285,195" oya="2" hai0="115,86,125,19,74,99,15,0,22,101,82,34,134" hai1="123,63,79,17,135,116,31,75,78,106,67,11,49" hai2="43,18,110,46,94,64,97,56,93,113,20,71,132" hai3="37,60,52,55,10,51,47,121,98,38,118,66,120"/><V40/><F113/><W81/><G10/><T32/><D115/><U21/><E106/><V28/><F71/><N who="3" m="42439" /><G81/><T85/><D125/><U119/><E123/><N who="3" m="47178" /><G98/><T124/><D124/><U117/><E135/><V35/><F132/><W133/><G133/><T105/><D134/><U29/><E75/><V13/><F110/><W27/><G27/><T112/><D112/><U8/><E49/><V61/><F35/><W103/><G103/><T44/><D0/><U36/><E36/><N who="3" m="13930" /><G118/><T25/><D74/><U41/><E116/><V6/><F6/><W87/><G87/><T5/><D85/><U130/><E117/><V88/><F28/><W39/><G39/><T114/><D114/><U111/><E119/><V62/><F94/><W9/><G9/><T89/><D5/><U30/><E8/><V76/><F76/><W45/><G45/><T107/><D107/><U95/><E11/><V126/><F126/><W70/><G70/><T65/><D44/><U104/><E79/><V77/><F46/><W1/><G1/><T72/><D72/><U108/><E78/><V33/><F33/><W96/><G96/><T131/><D34/><U73/><E95/><V59/><F77/><W68/><G68/><T91/><D91/><U80/><E73/><V129/><F129/><W83/><G83/><T26/><D131/><U24/><E80/><V48/><F48/><W54/><AGARI ba="1,2" hai="47,51,52,54,55" m="13930,47178,42439" machi="54" ten="40,8000,1" yaku="34,2,52,1,54,1" doraHai="58" who="3" fromWho="3" sc="240,-21,260,-21,285,-41,195,103" /><INIT seed="3,0,0,5,3,19" ten="219,239,244,298" oya="3" hai0="32,106,87,60,103,20,7,75,15,17,39,46,126" hai1="8,54,59,74,72,71,96,121,3,61,29,79,6" hai2="84,37,53,27,114,56,65,50,10,1,133,41,30" hai3="90,76,5,35,51,77,81,83,111,44,115,97,130"/><W112/><G35/><T108/><D75/><U78/><E121/><V125/><F114/><W117/><G117/><T73/><D73/><U55/><E74/><V52/><F125/><W122/><G122/><T38/><D126/><U104/><E71/><V101/><F133/><W91/><G5/><T18/><D32/><U47/><E29/><V57/><F65/><W124/><G124/><T2/><D108/><U118/><E118/><V24/><F101/><W95/><G51/><T63/><D2/><U134/><E134/><V64/><F64/><W23/><G23/><T70/><D7/><U12/><E3/><V4/><F84/><N who="3" m="50447" /><G44/><T49/><D87/><U129/><E129/><V9/><F9/><W22/><G22/><T14/><D39/><U88/><E72/><V31/><F41/><W131/><G111/><T21/><D38/><U68/><E68/><V11/><F37/><W100/><G100/><T43/><REACH who="0" step="1"/><D70/><REACH who="0" ten="209,239,244,298" step="2"/><U13/><E13/><V110/><F110/><W67/><G115/><T120/><D120/><U127/><E127/><V42/><F4/><W89/><G112/><T16/><D16/><U26/><E26/><V28/><F1/><W80/><G131/><T105/><D105/><U98/><E104/><V116/><F116/><W94/><G130/><T99/><AGARI ba="0,1" hai="14,15,17,18,20,21,43,46,49,60,63,99,103,106" machi="99" ten="30,8000,1" yaku="1,1,0,1,9,1,52,2,53,0" doraHai="19" doraHaiUra="86" who="0" fromWho="0" sc="209,90,239,-20,244,-20,298,-40" /><INIT seed="4,0,0,5,1,43" ten="299,219,224,258" oya="0" hai0="95,9,64,24,61,107,115,91,11,56,31,73,52" hai1="32,90,92,2,85,36,130,94,27,66,76,89,21" hai2="97,98,83,86,121,3,44,48,109,129,132,108,87" hai3="12,134,23,46,133,135,126,81,6,20,38,25,1"/><T41/><D115/><U105/><E130/><V103/><F121/><W19/><G81/><T55/><D107/><U14/><E2/><V28/><F129/><W106/><G106/><T59/><D73/><U42/><E105/><V101/><F3/><W33/><G38/><T119/><D41/><U29/><E66/><V104/><F132/><W45/><G33/><T93/><D119/><U118/><E118/><V79/><F28/><N who="3" m="17447" /><G126/><T22/><D93/><U0/><E0/><V62/><F62/><W77/><G77/><T4/><D4/><U18/><E76/><V116/><F116/><W99/><G99/><N who="0" m="57855" /><D64/><U70/><E70/><V128/><F128/><W68/><G68/><T37/><D37/><U127/><E127/><V113/><F113/><W72/><G72/><T57/><D57/><U30/><E30/><V53/><F87/><W131/><G131/><T78/><D78/><U111/><E111/><V122/><F122/><W26/><G1/><T58/><D58/><U74/><E74/><V84/><F84/><W47/><G6/><T125/><D125/><U82/><REACH who="1" step="1"/><E90/><REACH who="1" ten="299,209,224,258" step="2"/><V75/><F75/><W100/><G100/><T60/><AGARI ba="0,1" hai="9,11,22,24,31,52,55,56,59,60,61" m="57855" machi="60" ten="30,3000,0" yaku="8,1,54,1" doraHai="43" who="0" fromWho="0" sc="299,40,209,-10,224,-10,258,-10" owari="339,43.9,199,-30.1,214,-18.6,248,4.8" /></mjloggm>