<mjloggm ver="2.3"><GO type="225" lobby="0"/><UN n0="%6D%75%75%6D%75%72%61" n1="%E3%81%A8%E3%82%93%E3%81%A8%E3%81%93%E3%81%A8%E3%82%93" n2="%E7%B4%94%E6%BD%94%E3%83%94%E3%83%A9%E3%83%8B%E3%82%A2" n3="%E3%83%AD%E3%83%BC%E3%83%89%E3%82%AB%E3%83%8A%E3%83%AD%E3%82%A2" dan="16,16,16,16" rate="2112.67,2128.88,2141.41,2108.87" sx="F,F,M,M"/><TAIKYOKU oya="0"/><INIT seed="0,0,0,5,4,66" ten="250,250,250,250" oya="0" hai0="49,88,0,1,122,131,45,119,111,96,121,99,125" hai1="69,17,55,82,19,104,36,65,8,109,93,32,7" hai2="90,14,54,117,59,101,23,37,51,42,13,132,71" hai3="72,10,118,9,77,87,18,43,79,115,128,21,120"/><T28/><D119/><U63/><E104/><V20/><F117/><W33/><G115/><T56/><D131/><U46/><E32/><V15/><F132/><W94/><G118/><T130/><D130/><U52/><E109/><V68/><F101/><W83/><G33/><T89/><D28/><U127/><E127/><V105/><F105/><W95/><G128/><T97/><D125/><U80/><E93/><V64/><F90/><W129/><G120/><T81/><D111/><U98/><E98/><V75/><F75/><W91/><G129/><T29/><D29/><U24/><E55/><V4/><F4/><W112/><G112/><T110/><D110/><U67/><E67/><V62/><F68/><W2/><G2/><T126/><D126/><U38/><E36/><V73/><F73/><W107/><G107/><T60/><D121/><U57/><E24/><V11/><F11/><W41/><G77/><T53/><D122/><U123/><E80/><V102/><F102/><W50/><G95/><T3/><REACH who="0" step="1"/><D81/><REACH who="0" ten="240,250,250,250" step="2"/><U40/><E82/><V31/><F31/><W12/><G72/><T61/><D61/><U103/><E123/><V25/><F20/><W114/><G114/><T134/><D134/><U124/><E124/><V86/><F23/><W44/><G79/><T106/><D106/><U34/><E34/><V27/><F86/><W6/><G83/><T84/><D84/><U26/><E63/><V116/><F116/><W85/><G87/><T78/><D78/><U35/><E35/><V133/><F133/><W108/><G108/><T16/><D16/><U5/><E19/><RYUUKYOKU ba="0,1" sc="240,15,250,-15,250,15,250,-15" hai0="0,1,3,45,49,53,56,60,88,89,96,97,99" hai2="13,14,15,25,27,37,42,51,54,59,62,64,71" /><INIT seed="0,1,1,4,1,72" ten="255,235,265,235" oya="0" hai0="32,58,123,76,84,57,8,19,86,102,121,94,115" hai1="89,60,26,47,93,90,56,95,67,54,59,87,21" hai2="18,1,74,114,85,122,96,119,5,75,124,20,13" hai3="62,109,91,61,40,131,113,11,36,2,92,98,12"/><T120/><D115/><U22/><E47/><V37/><F114/><W132/><G113/><T78/><D32/><U65/><E26/><V81/><F122/><W45/><G109/><T41/><D41/><U48/><REACH who="1" step="1"/><E65/><REACH who="1" ten="255,225,265,235" step="2"/><V101/><F37/><W68/><G132/><T99/><D120/><U104/><E104/><V130/><F119/><W24/><G131/><T100/><D121/><U17/><E17/><V23/><F130/><W116/><G116/><T80/><D123/><U52/><E52/><V110/><F18/><W28/><G68/><T10/><D19/><U70/><E70/><V14/><F5/><W126/><G126/><T30/><D30/><U82/><E82/><V64/><F64/><W83/><G83/><N who="0" m="47207" /><D102/><U3/><E3/><V134/><F1/><W27/><G27/><T25/><D25/><U51/><E51/><V135/><F124/><W129/><G129/><T73/><D73/><U0/><E0/><V79/><F75/><W88/><G2/><T44/><D44/><U133/><E133/><V43/><F74/><W55/><G55/><T128/><D128/><U69/><E69/><V71/><F71/><W127/><G127/><T42/><D42/><U38/><E38/><V112/><F112/><W77/><G24/><T63/><D58/><U117/><E117/><V35/><F135/><W105/><G28/><T31/><D31/><U53/><E53/><AGARI ba="1,2" hai="8,10,53,57,63,78,80,86,94,99,100" m="47207" machi="53" ten="30,5800,0" yaku="8,1,52,2" doraHai="72" who="0" fromWho="1" sc="255,81,225,-61,265,0,235,0" /><INIT seed="0,2,0,0,0,39" ten="336,164,265,235" oya="0" hai0="119,78,37,19,75,31,76,61,1,7,4,125,92" hai1="35,22,23,95,73,132,9,47,69,110,3,54,79" hai2="63,16,84,130,80,53,24,42,70,122,30,121,114" hai3="20,29,89,97,71,21,6,60,134,127,83,90,46"/><T32/><D119/><U100/><E35/><V135/><F114/><W94/><G134/><T57/><D37/><U102/><E69/><V33/><F135/><W77/><G127/><T43/><D125/><U115/><E132/><V17/><F130/><W88/><G6/><T50/><D19/><U62/><E110/><V67/><F53/><W112/><G112/><T123/><D123/><U59/><E115/><V45/><F122/><W124/><G124/><T8/><D7/><U66/><E73/><V11/><F11/><W41/><G71/><T55/><D75/><U109/><E109/><V34/><F33/><W36/><G60/><T72/><D72/><U108/><E108/><V86/><F86/><W118/><G118/><T15/><D1/><U48/><E79/><V49/><REACH who="2" step="1"/><F121/><REACH who="2" ten="336,164,255,235" step="2"/><W98/><G98/><T129/><D129/><U106/><E9/><V87/><F87/><W103/><REACH who="3" step="1"/><G29/><REACH who="3" ten="336,164,255,225" step="2"/><T26/><D31/><U128/><E128/><V27/><F27/><W56/><G56/><T51/><D26/><U38/><E59/><V65/><F65/><W10/><G10/><T12/><D8/><U93/><E66/><V58/><F58/><W82/><G82/><T101/><D57/><U96/><E96/><V99/><F99/><W0/><G0/><T107/><D4/><U44/><E3/><V91/><AGARI ba="2,2" hai="16,17,24,30,34,42,45,49,63,67,70,80,84,91" machi="91" ten="20,12000,2" yaku="1,1,0,1,7,1,52,1,54,1,53,1" doraHai="39" doraHaiUra="85" who="2" fromWho="2" sc="336,-62,164,-32,255,146,225,-32" /><INIT seed="1,0,0,0,2,31" ten="274,132,401,193" oya="1" hai0="94,90,63,10,81,99,61,106,65,53,7,38,87" hai1="98,18,75,128,60,104,12,44,85,26,122,66,67" hai2="48,40,47,3,1,59,101,27,17,103,72,0,32" hai3="134,120,105,4,110,108,133,37,6,46,113,64,93"/><U135/><E75/><V116/><F72/><W89/><G105/><T41/><D106/><U96/><E122/><V118/><F59/><W88/><G113/><T54/><D41/><U74/><E74/><V9/><F9/><W11/><G120/><T29/><D38/><U58/><E128/><V129/><F129/><W84/><G64/><T14/><D29/><U50/><E135/><N who="3" m="51722" /><G37/><T71/><REACH who="0" step="1"/><D63/><REACH who="0" ten="264,132,401,193" step="2"/><U95/><E104/><V30/><REACH who="2" step="1"/><F17/><REACH who="2" ten="264,132,391,193" step="2"/><W21/><G4/><T91/><AGARI ba="0,2" hai="7,10,14,53,54,61,65,71,81,87,90,91,94,99" machi="91" ten="20,5200,0" yaku="1,1,2,1,0,1,7,1,53,0" doraHai="31" doraHaiUra="33" who="0" fromWho="0" sc="264,72,132,-26,391,-13,193,-13" /><INIT seed="2,0,0,3,5,74" ten="336,106,378,180" oya="2" hai0="69,81,12,9,120,88,33,29,79,7,128,130,109" hai1="14,51,104,108,75,105,84,47,70,64,5,60,92" hai2="71,41,17,55,112,113,100,52,98,77,22,25,24" hai3="115,127,110,73,54,38,28,59,101,46,58,36,95"/><V27/><F71/><W10/><G73/><T66/><D120/><U114/><E75/><V125/><F41/><W89/><G110/><T131/><D109/><U67/><E114/><V72/><F125/><W107/><G127/><T97/><D33/><U20/><E67/><V80/><F113/><W23/><G101/><T87/><D29/><U62/><E62/><V13/><REACH who="2" step="1"/><F112/><REACH who="2" ten="336,106,368,180" step="2"/><W49/><G115/><T132/><D69/><U30/><E108/><V56/><F56/><W1/><G59/><T43/><D43/><U126/><E126/><V102/><F102/><W135/><G58/><T53/><D53/><U15/><E70/><V21/><F21/><W31/><G23/><T57/><D57/><U82/><E20/><V16/><F16/><W4/><G28/><T3/><D66/><U93/><E64/><V19/><F19/><W39/><G31/><T35/><D35/><U118/><E30/><V94/><AGARI ba="0,1" hai="13,17,22,24,25,27,52,55,72,77,80,94,98,100" machi="94" ten="30,12000,1" yaku="1,1,0,1,52,1,54,1,53,1" doraHai="74" doraHaiUra="91" who="2" fromWho="2" sc="336,-40,106,-40,368,130,180,-40" /><INIT seed="2,1,0,5,5,30" ten="296,66,498,140" oya="2" hai0="15,113,80,112,75,135,88,123,61,3,78,47,45" hai1="90,39,11,92,33,133,114,31,12,111,41,79,26" hai2="110,74,17,126,21,91,105,14,104,38,116,93,63" hai3="18,40,122,48,129,60,119,134,84,24,66,58,52"/><V7/><F116/><W32/><G119/><T57/><D3/><U10/><E114/><V120/><F120/><W77/><G122/><T73/><D123/><U130/><E111/><V109/><F38/><W42/><G134/><T72/><D135/><U35/><E133/><V36/><F36/><W2/><G129/><T96/><D78/><U0/><E130/><V44/><F74/><W59/><G2/><T13/><D112/><U70/><E70/><V8/><F44/><W87/><G32/><T71/><D71/><U27/><E0/><N who="2" m="103" /><F63/><W99/><G99/><T86/><D96/><U68/><E68/><V128/><F128/><W117/><G117/><T29/><D29/><U4/><E79/><V81/><F81/><N who="3" m="47151" /><G87/><T55/><REACH who="0" step="1"/><D113/><REACH who="0" ten="286,66,498,140" step="2"/><U82/><E31/><V76/><F76/><W98/><G98/><T97/><D97/><U131/><E131/><V100/><F100/><W46/><G46/><AGARI ba="1,1" hai="13,15,45,46,47,55,57,61,72,73,75,80,86,88" machi="46" ten="40,5200,0" yaku="1,1,54,1,53,1" doraHai="30" doraHaiUra="85" who="0" fromWho="3" sc="286,65,66,0,498,0,140,-55" /><INIT seed="3,0,0,4,3,134" ten="351,66,498,85" oya="3" hai0="127,65,100,115,88,19,60,120,31,121,50,58,28" hai1="40,42,13,34,118,11,82,125,9,25,67,116,7" hai2="53,41,97,71,119,24,113,91,83,105,17,43,54" hai3="20,76,104,99,18,61,64,110,86,15,4,39,132"/><W48/><G39/><T85/><D100/><U89/><E67/><V44/><F71/><W95/><G132/><T103/><D103/><U51/><E82/><V72/><F113/><W79/><G104/><T98/><D98/><U122/><E89/><V49/><F119/><N who="1" m="45609" /><E51/><V45/><F105/><W73/><G73/><T8/><D8/><N who="1" m="4255" /><E42/><V38/><F72/><W5/><G110/><T30/><D30/><N who="1" m="19791" /><E40/><V87/><F97/><W75/><G75/><T130/><D19/><U55/><E55/><V126/><F126/><W3/><G48/><T46/><D115/><U74/><E74/><V117/><F117/><W114/><G114/><T10/><D10/><N who="1" m="3595" /><E125/><V90/><F90/><W56/><G3/><T92/><D130/><U84/><E84/><V22/><AGARI ba="0,0" hai="17,22,24,38,41,43,44,45,49,53,54,83,87,91" machi="22" ten="30,1100,0" yaku="0,1" doraHai="134" who="2" fromWho="2" sc="351,-3,66,-3,498,11,85,-5" owari="348,14.8,63,-43.7,509,60.9,80,-32.0" /></mjloggm>