<mjloggm ver="2.3"><GO type="225" lobby="0"/><UN n0="%E3%82%B2%E3%82%B9%E8%8C%82%E5%8B%9D" n1="%E3%82%BC%E3%83%AB%E3%83%80%E3%81%AE%E4%BC%9D%E8%AA%AC" n2="%E9%87%A3%E8%88%B9" n3="%E6%98%93%E5%88%A9%E8%96%A9%E4%BC%AF" dan="16,17,16,16" rate="2072.31,2148.79,2090.94,2054.45" sx="F,M,M,F"/><TAIKYOKU oya="0"/><INIT seed="0,0,0,5,1,81" ten="250,250,250,250" oya="0" hai0="104,15,23,98,118,93,37,33,50,105,42,127,125" hai1="122,24,88,124,130,100,101,41,10,6,86,3,113" hai2="0,19,74,116,121,90,110,112,62,52,61,5,135" hai3="30,69,99,95,132,75,89,16,27,38,92,131,2"/><T129/><BYE who="1" /><D37/><UN n1="%E3%82%BC%E3%83%AB%E3%83%80%E3%81%AE%E4%BC%9D%E8%AA%AC" /><U73/><E122/><V77/><F112/><W32/><G2/><T56/><D33/><U9/><E113/><V119/><F121/><W1/><G1/><T111/><D118/><N who="2" m="45098" /><F135/><W106/><G38/><T12/><D129/><U53/><E73/><V46/><F110/><W65/><G75/><T28/><D111/><U128/><E41/><V133/><F133/><W120/><G120/><T80/><D104/><U13/><E124/><N who="0" m="47689" /><D105/><U34/><E53/><V8/><F19/><W87/><G131/><N who="1" m="50218" /><E24/><V83/><F90/><W63/><G132/><T31/><D42/><U47/><E47/><V7/><F7/><W115/><G115/><T103/><D50/><AGARI ba="0,0" hai="0,5,8,46,50,52,61,62,74,77,83" m="45098" machi="50" ten="30,2000,0" yaku="12,1,54,1" doraHai="81" who="2" fromWho="0" sc="250,-20,250,0,250,20,250,0" /><INIT seed="1,0,0,0,0,35" ten="230,250,270,250" oya="1" hai0="70,87,125,10,1,9,112,109,61,13,117,126,130" hai1="40,105,80,95,20,48,103,83,134,106,98,53,17" hai2="28,2,41,49,38,92,91,65,75,120,8,72,104" hai3="21,60,89,15,115,71,46,30,3,128,78,0,62"/><U22/><E134/><V85/><F104/><W123/><G115/><T90/><D112/><U93/><E106/><V69/><F120/><W39/><G123/><T84/><D117/><U122/><E122/><V119/><F119/><W113/><G113/><T5/><D109/><U23/><E40/><V127/><F127/><N who="0" m="48650" /><D130/><U96/><E17/><V114/><F114/><W31/><G78/><T111/><D111/><U45/><REACH who="1" step="1"/><E105/><REACH who="1" ten="230,240,270,250" step="2"/><V116/><F116/><W133/><G133/><T86/><D70/><U68/><E68/><V19/><F69/><W63/><G71/><T76/><D76/><U26/><E26/><V7/><F41/><W37/><G128/><T4/><D61/><U43/><E43/><V124/><F124/><W6/><G62/><T102/><D102/><AGARI ba="0,1" hai="20,22,23,45,48,53,80,83,93,95,96,98,102,103" machi="102" ten="40,7700,0" yaku="1,1,9,1,8,1,53,0" doraHai="35" doraHaiUra="110" who="1" fromWho="0" sc="230,-77,240,87,270,0,250,0" /><INIT seed="1,1,0,2,0,116" ten="153,327,270,250" oya="1" hai0="20,41,42,128,121,55,7,65,39,96,72,40,113" hai1="48,43,89,36,8,107,80,101,38,26,14,63,34" hai2="79,9,75,16,93,111,135,35,54,73,103,21,97" hai3="64,90,99,12,50,98,57,31,33,129,105,125,2"/><U56/><E107/><V60/><F35/><W130/><G2/><T59/><D72/><U19/><E101/><V126/><F135/><W61/><G125/><T114/><D96/><U4/><E48/><V66/><F126/><W32/><G50/><N who="0" m="31223" /><D20/><U78/><E89/><V27/><F9/><W124/><G124/><T23/><D23/><U13/><E43/><V119/><F111/><W83/><G12/><T132/><D7/><U123/><E123/><V28/><F119/><W52/><G64/><T3/><D3/><U100/><E100/><V68/><F79/><W37/><G37/><T92/><D92/><U71/><E71/><V69/><F69/><W45/><G31/><T47/><D132/><U74/><E26/><V53/><REACH who="2" step="1"/><F28/><REACH who="2" ten="153,327,260,250" step="2"/><W84/><G130/><T30/><D30/><U44/><E34/><V51/><F51/><W104/><G129/><T133/><D133/><U15/><E36/><V82/><F82/><W85/><G32/><T110/><D110/><U112/><E38/><V87/><F87/><W1/><G85/><T29/><D29/><U81/><E81/><V70/><F70/><W6/><G33/><T122/><D128/><U109/><E109/><V120/><F120/><N who="0" m="46186" /><D65/><U95/><E80/><V62/><F62/><W94/><G83/><T102/><D102/><U46/><E63/><V118/><F118/><W0/><G84/><T25/><D25/><U67/><E67/><V115/><F115/><AGARI ba="1,1" hai="39,40,41,42,47,113,114,115" m="46186,31223" machi="115" ten="30,12000,2" yaku="13,1,34,2,52,3" doraHai="116" who="0" fromWho="2" sc="153,133,327,0,260,-123,250,0" /><INIT seed="2,0,0,0,0,132" ten="286,327,137,250" oya="2" hai0="135,5,70,123,11,118,77,121,75,53,38,124,45" hai1="131,23,91,126,88,35,54,106,93,51,110,52,46" hai2="39,24,33,16,96,68,89,63,108,74,20,9,86" hai3="0,18,61,32,134,84,83,73,120,127,1,107,4"/><V2/><F39/><W90/><G120/><T42/><D135/><U57/><E126/><V47/><F74/><W22/><G134/><T109/><D109/><U14/><E106/><V12/><F108/><W104/><G32/><T58/><D124/><U26/><E110/><V43/><F96/><W115/><G115/><T50/><D118/><U8/><E35/><V13/><F13/><W25/><G73/><T62/><D77/><U21/><E131/><V99/><F99/><W111/><G111/><T17/><D17/><N who="1" m="8391" /><E93/><V56/><F68/><W130/><G130/><T15/><REACH who="0" step="1"/><D75/><REACH who="0" ten="276,327,137,250" step="2"/><U112/><E112/><V59/><F63/><W122/><G127/><T72/><D72/><U101/><E101/><V37/><F33/><W94/><G61/><T113/><D113/><U40/><E40/><V64/><F64/><AGARI ba="0,1" hai="5,11,15,38,42,45,50,53,58,62,64,70,121,123" machi="64" ten="40,5200,0" yaku="1,1,24,2,53,0" doraHai="132" doraHaiUra="76" who="0" fromWho="2" sc="276,62,327,0,137,-52,250,0" /><INIT seed="3,0,0,3,1,14" ten="338,327,85,250" oya="3" hai0="117,8,96,128,26,0,12,105,130,56,121,7,19" hai1="48,70,47,55,100,57,65,112,134,78,25,123,89" hai2="36,102,109,82,80,10,44,133,66,71,49,113,106" hai3="37,125,24,54,30,97,59,129,28,23,46,39,4"/><W11/><G125/><T22/><D117/><U122/><E78/><V18/><F36/><W5/><G129/><N who="0" m="49771" /><D121/><N who="1" m="46091" /><E89/><V131/><F133/><W132/><G132/><T126/><D126/><U6/><E100/><V76/><F109/><W69/><G69/><T61/><D96/><U58/><E25/><V53/><F131/><W116/><G116/><T115/><D115/><U45/><E6/><V135/><F113/><W92/><G30/><T27/><D105/><U33/><E33/><V41/><F135/><W74/><G46/><N who="1" m="17418" /><E134/><V98/><F71/><W88/><G74/><T34/><D34/><U63/><E112/><V15/><F66/><AGARI ba="0,0" hai="0,7,8,12,19,22,26,27,56,61,66" m="49771" machi="66" ten="30,2000,0" yaku="19,1,52,1" doraHai="14" who="0" fromWho="2" sc="338,20,327,0,85,-20,250,0" owari="358,45.8,327,12.7,65,-43.5,250,-15.0" /></mjloggm>