<mjloggm ver="2.3"><GO type="225" lobby="0"/><UN n0="%4B%2E%32%2E%4B%2E" n1="%65%6B%61%72%75%74%65" n2="%4E%49%4A%49%49%52%4F" n3="%73%61%6E%64%69%72%69%73" dan="16,16,16,16" rate="2089.55,2131.77,2208.20,2135.42" sx="M,M,M,M"/><TAIKYOKU oya="0"/><INIT seed="0,0,0,0,2,34" ten="250,250,250,250" oya="0" hai0="7,32,112,110,61,106,1,81,119,23,27,130,66" hai1="114,126,58,15,0,79,99,98,46,76,69,88,125" hai2="72,111,118,4,90,55,12,37,50,133,20,38,100" hai3="56,105,87,29,121,43,57,5,102,48,73,30,95"/><T91/><D112/><U89/><E114/><V39/><F111/><W3/><G73/><T78/><D119/><U115/><E69/><V124/><F118/><W16/><G105/><T92/><D106/><U122/><E122/><V6/><F72/><W62/><G121/><T60/><D32/><U22/><E58/><V134/><F124/><N who="1" m="47721" /><E46/><V82/><F100/><W107/><G5/><T93/><D130/><U117/><E117/><V84/><F20/><W113/><G3/><T129/><D129/><U97/><E0/><V59/><REACH who="2" step="1"/><F12/><REACH who="2" ten="250,250,240,250" step="2"/><W51/><G102/><T135/><D110/><U33/><E115/><V120/><F120/><W85/><G113/><T70/><D135/><AGARI ba="0,1" hai="4,6,37,38,39,50,55,59,82,84,90,133,134,135" machi="135" ten="50,6400,0" yaku="1,1,20,1,53,1" doraHai="34" doraHaiUra="49" who="2" fromWho="0" sc="250,-64,250,0,240,74,250,0" /><INIT seed="1,0,0,5,4,109" ten="186,250,314,250" oya="1" hai0="94,135,81,36,122,116,28,24,79,105,104,44,78" hai1="125,66,58,21,113,12,68,43,73,84,57,87,77" hai2="5,127,119,82,38,98,50,60,70,131,130,95,26" hai3="85,51,120,96,37,13,6,93,92,118,16,31,117"/><U59/><E125/><V56/><F38/><W133/><G120/><T115/><D122/><U99/><E113/><V114/><F119/><W86/><G37/><T106/><D116/><N who="3" m="44649" /><G133/><T108/><D135/><U103/><E43/><V97/><F114/><W126/><G126/><T41/><D108/><U20/><E73/><V46/><F5/><W8/><G31/><T80/><D115/><U34/><E34/><V9/><F70/><W62/><G51/><T30/><D94/><N who="3" m="36457" /><G96/><T45/><D45/><U0/><E0/><V25/><F9/><N who="3" m="6191" /><G62/><T132/><D132/><U102/><E99/><V35/><F97/><W18/><G18/><T90/><D90/><U11/><E102/><V27/><F35/><W32/><G32/><T49/><D49/><U4/><E103/><V64/><F82/><W128/><G128/><N who="2" m="49193" /><F127/><W76/><G76/><T134/><D134/><U110/><E110/><V54/><F27/><W74/><G74/><T65/><D24/><U111/><E111/><V124/><F124/><W2/><AGARI ba="0,0" hai="2,6,8,85,86" m="6191,36457,44649" machi="2" ten="30,2000,0" yaku="12,1,54,1" doraHai="109" who="3" fromWho="3" sc="186,-5,250,-10,314,-5,250,20" /><INIT seed="2,0,0,2,3,64" ten="181,240,309,270" oya="2" hai0="117,22,55,18,122,41,130,61,131,19,95,17,133" hai1="115,127,9,91,51,12,105,29,5,23,124,82,132" hai2="76,47,121,46,39,21,102,129,114,59,32,13,49" hai3="135,128,86,80,48,2,87,56,103,79,84,111,63"/><V85/><F121/><W94/><G2/><T107/><D107/><U58/><E115/><V77/><F32/><W113/><G113/><T14/><D122/><U93/><E105/><V99/><F114/><W24/><G111/><T16/><D41/><U116/><E116/><V66/><F129/><N who="0" m="49162" /><D95/><U30/><E82/><V57/><F39/><W112/><G135/><T90/><D90/><U100/><E100/><V53/><F85/><W40/><G24/><N who="0" m="14415" /><D55/><N who="1" m="32127" /><E23/><V42/><F21/><W69/><G69/><T6/><D61/><U126/><E132/><V68/><F13/><W97/><G128/><T28/><D133/><U108/><E108/><V44/><F68/><W119/><G119/><T52/><D52/><U3/><E3/><V11/><F11/><W50/><G112/><T98/><D98/><AGARI ba="0,0" hai="5,9,12,29,30,91,93,98,124,126,127" m="32127" machi="98" ten="30,1000,0" yaku="18,1" doraHai="64" who="1" fromWho="0" sc="181,-10,240,10,309,0,270,0" /><INIT seed="3,0,0,0,5,11" ten="171,250,309,270" oya="3" hai0="27,120,3,56,122,58,82,8,106,80,87,39,50" hai1="20,12,0,110,55,93,63,104,81,17,18,4,37" hai2="102,21,105,25,121,16,118,129,76,67,60,69,42" hai3="128,26,108,46,77,40,126,117,29,33,85,23,54"/><W59/><G117/><T45/><D39/><U44/><E104/><V72/><F118/><W107/><G107/><T111/><D106/><U28/><E110/><V86/><F72/><W30/><G126/><T114/><D111/><U96/><E28/><V89/><F76/><W35/><G108/><T119/><D119/><U53/><E0/><V116/><F116/><W113/><G113/><T131/><D114/><U123/><E4/><V125/><F125/><W95/><G128/><T38/><D38/><U115/><E123/><V98/><F129/><W112/><G112/><T134/><D131/><U62/><E81/><V5/><F5/><W75/><G75/><T79/><D134/><U6/><E6/><V31/><F121/><W94/><G30/><T135/><D135/><U32/><E32/><V130/><F130/><W132/><G132/><T91/><D120/><U83/><E83/><V48/><F48/><N who="3" m="26695" /><G35/><T61/><D122/><U71/><E115/><V15/><F42/><W64/><G64/><T66/><D3/><U68/><E71/><V127/><F127/><W74/><G74/><T88/><D8/><N who="1" m="6279" /><E68/><V57/><F69/><W73/><G73/><T52/><D82/><U34/><E34/><V133/><F133/><W100/><G33/><T41/><REACH who="0" step="1"/><D27/><REACH who="0" ten="161,250,309,270" step="2"/><N who="1" m="14743" /><E37/><V97/><F105/><W22/><G26/><T49/><AGARI ba="0,1" hai="41,45,49,50,52,56,58,61,66,79,80,87,88,91" machi="49" ten="20,12000,2" yaku="1,1,0,1,7,1,8,1,54,2,53,0" doraHai="11" doraHaiUra="90" who="0" fromWho="0" sc="161,130,250,-30,309,-30,270,-60" /><INIT seed="4,0,0,5,5,43" ten="291,220,279,210" oya="0" hai0="82,126,108,25,98,71,6,60,94,83,30,91,104" hai1="5,55,12,40,103,29,49,1,96,48,0,61,81" hai2="32,44,118,134,125,111,124,2,38,75,52,90,37" hai3="8,33,41,97,117,74,72,46,19,22,3,132,133"/><T109/><D126/><N who="2" m="48746" /><F111/><N who="0" m="42570" /><D6/><U101/><E29/><V63/><F2/><W65/><G117/><T36/><D36/><U70/><E81/><N who="0" m="30729" /><D104/><U4/><E1/><V69/><F118/><W99/><G33/><N who="0" m="20687" /><D60/><U14/><E61/><V95/><F32/><W102/><G65/><T23/><D23/><U27/><E5/><V7/><F7/><N who="3" m="1151" /><G22/><T135/><D71/><U77/><E70/><V115/><F75/><N who="3" m="28715" /><G19/><T47/><D47/><N who="1" m="25703" /><E4/><V35/><F134/><AGARI ba="0,0" hai="91,94,98,134,135" m="20687,30729,42570" machi="134" ten="30,1500,0" yaku="10,1" doraHai="43" who="0" fromWho="2" sc="291,15,220,0,279,-15,210,0" owari="306,40.6,220,-18.0,264,6.4,210,-29.0" /></mjloggm>