<mjloggm ver="2.3"><GO type="225" lobby="0"/><UN n0="%73%69%67%65%6E%6F%72%69" n1="%6D%75%75%6D%75%72%61" n2="%E9%80%9F%E6%B0%B4%E5%87%9B%E9%A6%99" n3="%E5%B8%86%E7%AB%8B%E5%A4%8F%E8%A1%A3" dan="18,17,16,17" rate="2249.69,2179.99,2155.47,2177.06" sx="M,F,F,M"/><TAIKYOKU oya="0"/><INIT seed="0,0,0,5,0,0" ten="250,250,250,250" oya="0" hai0="77,129,6,109,32,68,10,105,108,116,48,43,119" hai1="61,122,24,131,69,79,135,42,125,81,106,63,78" hai2="58,62,28,22,95,134,72,103,17,133,44,12,83" hai3="84,56,9,101,20,2,31,71,88,15,53,89,82"/><T65/><D105/><U114/><E122/><V120/><F120/><W51/><G71/><T80/><D32/><U54/><E125/><V27/><F44/><W25/><G2/><T7/><D129/><U57/><E106/><V115/><F115/><W39/><G39/><T23/><D23/><U111/><E111/><N who="0" m="42569" /><D43/><U45/><E131/><V86/><F72/><W96/><G89/><T118/><D48/><U4/><E135/><V40/><F40/><W92/><G15/><T90/><D90/><U36/><E24/><V34/><F95/><W37/><G37/><T67/><D68/><U30/><E30/><V126/><F103/><W112/><G112/><T3/><D7/><U85/><E114/><V117/><F117/><W33/><G33/><T64/><D64/><U66/><E4/><V123/><F123/><W102/><G102/><T74/><AGARI ba="0,0" hai="3,6,10,65,67,74,77,80,116,118,119" m="42569" machi="74" ten="40,7800,0" yaku="14,1,10,1,52,1" doraHai="0" who="0" fromWho="0" sc="250,78,250,-26,250,-26,250,-26" /><INIT seed="0,1,0,1,4,134" ten="328,224,224,224" oya="0" hai0="75,42,108,36,37,106,48,74,90,44,117,131,61" hai1="58,119,95,55,67,11,114,105,71,115,5,101,2" hai2="26,18,52,77,53,45,25,22,33,120,34,92,54" hai3="9,113,97,40,24,81,79,1,69,28,13,23,66"/><T86/><D117/><U51/><E119/><V72/><F120/><W118/><G113/><N who="1" m="43018" /><E105/><V29/><F92/><W65/><G118/><T133/><D133/><U27/><E27/><V103/><F103/><W63/><G66/><T7/><D7/><U85/><E71/><V93/><F93/><W84/><G1/><T60/><D131/><U56/><E85/><V15/><F45/><W132/><G132/><T59/><D61/><N who="1" m="38311" /><E95/><V110/><F110/><W88/><G40/><T83/><D106/><U12/><E101/><V10/><REACH who="2" step="1"/><F26/><REACH who="2" ten="328,224,214,224" step="2"/><W109/><G109/><T68/><D108/><U111/><E111/><V125/><F125/><W104/><G104/><T76/><D44/><U128/><E128/><V87/><F87/><W17/><REACH who="3" step="1"/><G97/><REACH who="3" ten="328,224,214,214" step="2"/><T80/><D86/><U130/><E130/><V19/><F19/><W102/><G102/><T35/><D75/><U94/><E94/><V100/><F100/><W50/><G50/><T62/><D48/><U31/><E31/><V73/><F73/><W32/><G32/><T107/><D35/><U21/><E2/><V47/><F47/><W70/><G70/><T49/><D68/><U121/><E121/><V89/><F89/><AGARI ba="1,2" hai="9,13,17,23,24,28,63,65,69,79,81,84,88,89" machi="89" ten="40,2600,0" yaku="1,1,54,1,53,0" doraHai="134" doraHaiUra="135" who="3" fromWho="2" sc="328,0,224,0,214,-29,214,49" /><INIT seed="1,0,0,1,5,17" ten="328,224,185,263" oya="1" hai0="77,59,15,115,110,34,19,56,53,91,23,121,2" hai1="84,65,120,55,116,135,86,78,100,132,25,112,134" hai2="5,82,35,104,79,111,107,130,125,57,52,40,85" hai3="126,69,75,16,87,32,123,98,48,6,18,73,36"/><U117/><E65/><V71/><F71/><W8/><G123/><T131/><D115/><U109/><E55/><V21/><F35/><W9/><G126/><T44/><D131/><U124/><E124/><V12/><F125/><W14/><G36/><T95/><D110/><U108/><E112/><V33/><F33/><W96/><G69/><T1/><D34/><U47/><E47/><V118/><F118/><N who="1" m="45673" /><E120/><V102/><F130/><W54/><G32/><T13/><D44/><U38/><E38/><V61/><F40/><W64/><G64/><T83/><D59/><U133/><N who="1" m="33792" /><DORA hai="3" /><U88/><E25/><V97/><F111/><N who="1" m="42569" /><E100/><V122/><F122/><W67/><G67/><T30/><D56/><U41/><E41/><V0/><F0/><W119/><G54/><T45/><D1/><U20/><E20/><V27/><F27/><W39/><G39/><T51/><D2/><U37/><E37/><V92/><REACH who="2" step="1"/><F21/><REACH who="2" ten="328,224,175,263" step="2"/><W80/><G119/><T72/><D121/><U106/><E106/><V81/><F81/><W127/><G80/><T114/><D83/><U76/><E84/><V68/><F68/><W31/><G87/><T113/><D23/><U74/><E74/><V49/><F49/><W42/><G73/><T62/><D72/><U4/><E4/><V66/><F66/><W60/><G75/><T43/><D51/><U22/><E22/><V10/><AGARI ba="0,1" hai="5,10,12,52,57,61,79,82,85,92,97,102,104,107" machi="10" ten="30,12000,2" yaku="1,1,0,1,52,1,54,1,53,2" doraHai="17,3" doraHaiUra="94,89" who="2" fromWho="2" sc="328,-30,224,-60,175,130,263,-30" /><INIT seed="2,0,0,5,4,103" ten="298,164,305,233" oya="2" hai0="24,12,35,74,42,102,22,68,88,64,28,58,0" hai1="97,57,20,33,25,107,84,15,85,41,46,36,115" hai2="18,11,120,71,4,131,34,130,83,108,80,45,39" hai3="51,104,60,67,124,113,72,37,3,92,82,65,101"/><V118/><F71/><W106/><G37/><T111/><D68/><U63/><E115/><V40/><F34/><W129/><G3/><T16/><D111/><U135/><E33/><V10/><F118/><W5/><G5/><T99/><D74/><U53/><E135/><V77/><F120/><W87/><G113/><T14/><D0/><U78/><E15/><V32/><F32/><W73/><G51/><T8/><D42/><U17/><REACH who="1" step="1"/><E78/><REACH who="1" ten="298,154,305,233" step="2"/><V110/><F110/><W62/><G124/><T23/><D35/><U89/><E89/><V50/><F108/><W61/><G129/><T55/><D88/><U9/><E9/><V109/><F109/><W44/><G73/><T1/><D12/><U48/><E48/><V21/><F50/><W47/><G72/><T2/><D8/><U123/><E123/><V49/><F49/><W38/><G38/><T86/><D1/><U66/><E66/><V56/><F11/><W91/><G67/><T26/><D2/><U95/><E95/><V98/><F77/><W128/><G65/><T105/><D64/><U121/><E121/><V7/><F10/><W54/><G128/><T19/><D14/><U122/><E122/><V70/><F131/><W81/><G54/><T119/><D119/><U133/><E133/><V116/><F130/><W69/><G69/><T6/><D55/><U117/><E117/><V114/><F70/><W31/><G82/><T127/><D127/><U43/><E43/><V30/><F116/><W29/><G81/><T13/><D13/><U126/><E126/><V94/><F83/><W134/><G134/><RYUUKYOKU ba="0,1" sc="298,-10,154,30,305,-10,233,-10" hai1="17,20,25,36,41,46,53,57,63,84,85,97,107" /><INIT seed="3,1,1,5,4,10" ten="288,184,295,223" oya="3" hai0="85,114,123,84,129,100,26,24,69,27,105,16,56" hai1="108,97,20,125,51,64,11,46,41,49,132,110,19" hai2="106,78,89,65,60,80,42,70,33,66,58,71,126" hai3="35,55,95,39,116,104,44,94,2,8,32,98,118"/><W50/><G104/><T109/><D69/><U128/><E125/><V115/><F33/><W119/><G39/><T9/><D123/><U121/><E121/><V0/><F0/><W96/><G2/><T62/><D109/><N who="1" m="42091" /><E132/><V133/><F106/><W93/><G8/><T38/><D38/><N who="1" m="21815" /><E128/><V77/><F42/><W15/><G15/><N who="0" m="7279" /><D105/><U92/><E64/><V134/><F115/><W48/><G35/><T45/><D129/><U72/><E11/><V91/><F77/><W12/><G12/><T120/><D120/><U73/><E73/><V52/><F126/><W29/><G32/><T30/><D114/><U135/><E72/><N who="2" m="43079" /><F66/><W31/><REACH who="3" step="1"/><G50/><REACH who="3" ten="288,184,295,213" step="2"/><T1/><D1/><U113/><E113/><V14/><F14/><W86/><G86/><T54/><D84/><U68/><E135/><V21/><F134/><W7/><G7/><T22/><D85/><U18/><E68/><V83/><F133/><W47/><G47/><T117/><D45/><U40/><E40/><V127/><F127/><W4/><G4/><T67/><D24/><N who="1" m="14359" /><E19/><V3/><F71/><W90/><G90/><AGARI ba="1,2" hai="49,51,90,92,97" m="14359,21815,42091" machi="90" ten="30,1000,0" yaku="14,1" doraHai="10" who="1" fromWho="3" sc="288,0,184,33,295,0,213,-13" /><INIT seed="4,0,0,4,4,65" ten="288,217,295,200" oya="0" hai0="78,117,129,26,55,96,9,56,20,88,108,93,32" hai1="24,99,29,8,28,121,119,17,34,51,22,39,16" hai2="68,109,61,90,105,19,7,95,54,46,10,124,125" hai3="2,127,45,41,130,0,128,91,120,11,66,47,107"/><T30/><D117/><U57/><E39/><V115/><F105/><W80/><G107/><T62/><D129/><N who="3" m="49769" /><G120/><T37/><D108/><U50/><E119/><V15/><F109/><W43/><G127/><N who="2" m="48713" /><F115/><W40/><G66/><T44/><D78/><U123/><E34/><V92/><F90/><W59/><G59/><T49/><D37/><U86/><E57/><N who="2" m="34999" /><F68/><W133/><G133/><T70/><D70/><U31/><E121/><V23/><F46/><N who="3" m="17419" /><G11/><T134/><D134/><U83/><E123/><V69/><F69/><W81/><G91/><T79/><D79/><N who="1" m="46463" /><E99/><V131/><F131/><W85/><G85/><T74/><D74/><U103/><E103/><V118/><F118/><W18/><G18/><T52/><REACH who="0" step="1"/><D9/><REACH who="0" ten="278,217,295,200" step="2"/><U104/><E8/><V77/><F77/><W6/><G6/><T48/><D48/><U114/><E51/><V94/><F10/><W97/><G97/><T64/><D64/><U98/><E50/><V60/><F60/><W76/><G76/><T12/><D12/><U5/><E5/><AGARI ba="0,1" hai="5,7,15,19,23,92,94,95" m="34999,48713" machi="5" ten="30,1000,0" yaku="18,1" doraHai="65" who="2" fromWho="1" sc="278,0,217,-10,295,20,200,0" owari="278,7.8,207,-19.3,315,41.5,200,-30.0" /></mjloggm>