<mjloggm ver="2.3"><GO type="225" lobby="0"/><UN n0="%E3%82%BC%E3%83%AB%E3%83%80%E3%81%AE%E4%BC%9D%E8%AA%AC" n1="%E3%81%86%E3%82%8C%E3%81%9F%E3%82%93%E6%9E%95" n2="%45%6C%79%73%69%75%6D" n3="%E3%81%A8%E3%82%93%E3%81%A8%E3%81%93%E3%81%A8%E3%82%93" dan="17,16,17,16" rate="2277.00,2106.32,2138.78,2105.48" sx="M,F,F,M"/><TAIKYOKU oya="0"/><INIT seed="0,0,0,1,0,48" ten="250,250,250,250" oya="0" hai0="70,4,10,125,127,100,88,135,15,19,78,44,112" hai1="129,13,131,108,14,56,128,113,86,18,81,29,107" hai2="47,104,53,36,2,1,6,50,95,22,67,45,75" hai3="89,31,71,37,52,35,115,130,79,65,103,64,62"/><T74/><D112/><U110/><E113/><V92/><F104/><W93/><G115/><T132/><D70/><U40/><E107/><V126/><F126/><N who="0" m="48138" /><D100/><U133/><E133/><N who="0" m="51273" /><D74/><U68/><E68/><V34/><F34/><W11/><G103/><T69/><D69/><U83/><E40/><V122/><F75/><W8/><G130/><T73/><D73/><U114/><E29/><V7/><F67/><W58/><G65/><T54/><D78/><N who="1" m="46391" /><E114/><V124/><F124/><W42/><G79/><T101/><D101/><U90/><E56/><V12/><F122/><W24/><G42/><T97/><D4/><U26/><E83/><V3/><F6/><W57/><G37/><T77/><D77/><U27/><E90/><V0/><F7/><W84/><G71/><T118/><D118/><U98/><E98/><V21/><F36/><W102/><G102/><T106/><D106/><U16/><E110/><V109/><F109/><W66/><G64/><T117/><D117/><U120/><E120/><V80/><F80/><W63/><AGARI ba="0,0" hai="8,11,24,31,35,52,57,58,62,63,66,84,89,93" machi="63" ten="20,5200,0" yaku="0,1,7,1,52,1,54,1" doraHai="48" who="3" fromWho="3" sc="250,-26,250,-13,250,-13,250,52" /><INIT seed="1,0,0,0,5,73" ten="224,237,237,302" oya="1" hai0="27,7,13,42,10,81,104,97,86,43,134,58,108" hai1="96,5,72,63,135,107,76,130,92,34,12,41,112" hai2="57,87,20,120,67,119,91,82,88,37,75,101,80" hai3="68,100,48,8,79,19,118,123,98,51,106,46,4"/><U38/><E112/><V50/><F37/><W103/><G123/><T23/><D108/><U95/><E130/><V60/><F119/><W2/><G68/><T105/><D134/><U54/><E135/><V15/><F120/><W1/><G118/><T59/><D105/><U84/><E34/><V14/><F101/><W85/><G1/><T31/><D104/><U126/><E126/><V121/><F121/><W64/><G64/><T28/><D97/><U16/><E5/><V94/><F82/><W62/><G62/><T132/><D31/><U6/><E6/><V9/><F20/><W71/><G71/><T47/><D132/><U33/><E33/><V56/><F9/><W35/><G35/><T52/><D47/><U122/><E72/><V113/><F113/><W24/><G103/><T69/><D69/><U30/><E30/><V77/><REACH who="2" step="1"/><F91/><REACH who="2" ten="224,237,227,302" step="2"/><W25/><G100/><T29/><D29/><U18/><E38/><V44/><F44/><W90/><G46/><T11/><D10/><N who="1" m="6167" /><E107/><V117/><F117/><W83/><G106/><T0/><D0/><U49/><E122/><V109/><F109/><W65/><G2/><T115/><D115/><U45/><E96/><V40/><F40/><W3/><G98/><T124/><D124/><U70/><E41/><V61/><F61/><W55/><G3/><T93/><D93/><U111/><E111/><V129/><F129/><W74/><G8/><T53/><D43/><U128/><E128/><V102/><F102/><W114/><G114/><T39/><D42/><U89/><E95/><V78/><F78/><W32/><G79/><RYUUKYOKU ba="0,1" sc="224,-10,237,-10,227,30,302,-10" hai2="14,15,50,56,57,60,67,75,77,80,87,88,94" /><INIT seed="2,1,1,2,1,58" ten="214,227,257,292" oya="2" hai0="19,7,126,50,77,118,108,60,20,11,128,30,31" hai1="49,25,88,95,52,41,59,47,78,40,70,112,80" hai2="120,110,85,29,135,27,3,106,1,0,111,36,39" hai3="122,28,34,90,72,123,114,119,98,9,44,127,113"/><V94/><F120/><W87/><G72/><T68/><D108/><N who="2" m="41514" /><F135/><W104/><G9/><T83/><D126/><U109/><E70/><V131/><F131/><W103/><G44/><T89/><D128/><U75/><E112/><N who="3" m="43114" /><G119/><T13/><D118/><U99/><E109/><V42/><F42/><W81/><G127/><T97/><D50/><U38/><E38/><V6/><F106/><W14/><G14/><T5/><D68/><U100/><E25/><AGARI ba="1,1" hai="25,28,34,81,87,90,98,103,104,122,123" m="43114" machi="25" ten="30,1000,0" yaku="11,1" doraHai="58" who="3" fromWho="1" sc="214,0,227,-13,257,0,292,23" /><INIT seed="3,0,0,5,2,48" ten="214,214,257,315" oya="3" hai0="109,110,32,0,119,118,22,29,126,13,45,114,105" hai1="91,78,9,6,3,18,11,46,124,103,55,122,99" hai2="30,79,60,88,24,86,37,80,116,12,73,94,117" hai3="53,131,5,82,90,133,39,57,10,7,56,84,130"/><W41/><G133/><T89/><D126/><U58/><E124/><V54/><F37/><W44/><G57/><T97/><D0/><U77/><E122/><V95/><F12/><W128/><G10/><T52/><D32/><U14/><E46/><V92/><F60/><AGARI ba="0,0" hai="5,7,39,41,44,53,56,60,82,84,90,128,130,131" machi="60" ten="40,3900,0" yaku="19,1,52,1" doraHai="48" who="3" fromWho="2" sc="214,0,214,0,257,-39,315,39" owari="214,-18.6,214,-28.6,218,1.8,354,45.4" /></mjloggm>