<mjloggm ver="2.3"><GO type="225" lobby="0"/><UN n0="%E6%9D%B1%E9%A2%A8%E3%81%AE%E3%81%8D%E3%82%83%E3%81%B7%E3%81%95%E3%82%93" n1="%E3%82%B2%E3%82%B9%E8%8C%82%E5%8B%9D" n2="%E5%8F%AF%E5%85%90%E9%82%A3%E7%94%B1%E5%A4%9A" n3="%33%74%72%65%65" dan="16,16,17,16" rate="2118.85,2073.12,2139.12,2087.92" sx="M,F,F,F"/><TAIKYOKU oya="0"/><INIT seed="0,0,0,4,1,128" ten="250,250,250,250" oya="0" hai0="123,74,25,63,79,49,73,107,121,96,80,133,51" hai1="47,67,125,134,78,61,106,68,131,86,91,117,71" hai2="129,72,124,88,93,98,55,57,10,115,105,99,70" hai3="26,89,109,87,77,14,118,8,39,95,97,58,69"/><T24/><D63/><U19/><E117/><V110/><F70/><W48/><G118/><T54/><D107/><U15/><E125/><V4/><F72/><W83/><G69/><T122/><D96/><U31/><E131/><V18/><F115/><W7/><G39/><T50/><D54/><U36/><E106/><V42/><F129/><W113/><G113/><T34/><D73/><U100/><E100/><V103/><F124/><W126/><G126/><T82/><D82/><U66/><E31/><V92/><F110/><W112/><G112/><T52/><D52/><U29/><E29/><V119/><F119/><W114/><G114/><T46/><D46/><U111/><E111/><V94/><F18/><W60/><G109/><T127/><D127/><U20/><E78/><V90/><F42/><W41/><G26/><T0/><D0/><U3/><E3/><V64/><F64/><N who="3" m="38935" /><G48/><T6/><D6/><U40/><E67/><V1/><REACH who="2" step="1"/><F90/><REACH who="2" ten="250,250,240,250" step="2"/><N who="3" m="55543" /><G41/><T22/><D34/><U53/><E71/><V11/><F11/><W33/><G33/><T35/><D35/><U43/><E40/><V32/><F32/><W130/><G130/><T44/><D44/><U102/><E53/><V17/><F17/><W120/><G120/><T65/><D65/><U108/><E108/><V84/><F84/><W101/><G89/><T13/><D122/><U23/><E68/><V81/><F81/><W37/><G37/><T56/><D123/><U30/><E36/><V38/><F38/><W135/><G135/><T27/><D133/><U62/><E134/><V104/><F104/><W75/><G75/><RYUUKYOKU ba="0,1" sc="250,-15,250,-15,240,15,250,15" hai2="1,4,10,55,57,88,92,93,94,98,99,103,105" hai3="7,8,14,77,83,87,101" /><INIT seed="1,1,1,5,2,53" ten="235,235,255,265" oya="1" hai0="24,26,58,18,4,75,66,29,19,61,103,41,0" hai1="120,60,55,135,69,33,9,45,12,89,122,52,76" hai2="25,116,39,6,117,31,59,110,1,5,54,88,43" hai3="50,3,20,128,108,71,47,28,72,37,105,90,97"/><U38/><E33/><V10/><F110/><W112/><G112/><T16/><D75/><U49/><E38/><V101/><F6/><W27/><G108/><T62/><D41/><U36/><E36/><V124/><F124/><W67/><G128/><T125/><D125/><U30/><E30/><V23/><F101/><W2/><G37/><T17/><D103/><U93/><E76/><V86/><F43/><W65/><G72/><T130/><D130/><U126/><E126/><V94/><REACH who="2" step="1"/><F39/><REACH who="2" ten="235,235,245,265" step="2"/><W87/><G2/><T11/><N who="0" m="4096" /><DORA hai="51" /><T46/><D46/><U92/><E120/><V115/><F115/><W95/><G3/><T129/><D129/><U63/><E122/><V98/><F98/><W14/><G97/><T73/><D73/><U56/><E9/><V107/><F107/><W78/><G105/><T74/><D74/><U34/><E12/><V118/><F118/><W42/><G14/><T48/><D11/><U114/><E114/><V8/><F8/><W127/><G127/><T7/><D0/><U91/><E93/><V32/><F32/><W113/><G113/><T123/><D123/><U83/><E34/><V99/><F99/><W40/><G40/><T84/><D4/><U64/><E92/><V100/><F100/><W77/><REACH who="3" step="1"/><G71/><REACH who="3" ten="235,235,245,255" step="2"/><T104/><D104/><U81/><E69/><V119/><F119/><W35/><G35/><T82/><D24/><U44/><E83/><V106/><F106/><W70/><G70/><T134/><D82/><U80/><E81/><V21/><F21/><W68/><G68/><T102/><D26/><U13/><E80/><RYUUKYOKU ba="1,3" sc="235,-15,235,-15,245,15,255,15" hai2="1,5,10,23,25,31,54,59,86,88,94,116,117" hai3="20,27,28,42,47,50,65,67,77,78,87,90,95" /><INIT seed="2,2,3,1,0,66" ten="220,220,260,270" oya="2" hai0="69,87,34,14,90,44,64,21,26,103,18,58,49" hai1="63,95,19,135,52,47,77,112,17,45,118,73,107" hai2="131,20,25,51,4,123,75,41,110,134,36,40,76" hai3="83,48,121,94,54,126,60,119,132,124,129,65,102"/><V108/><F123/><W1/><G121/><T114/><D114/><U42/><E107/><V59/><F36/><W23/><G119/><T79/><D69/><U84/><E112/><V96/><F131/><W92/><G129/><T120/><D120/><U46/><E118/><V29/><F134/><W85/><G132/><T57/><D34/><U115/><E115/><V117/><F117/><W37/><G37/><T5/><D103/><U86/><E135/><V127/><F127/><N who="3" m="48683" /><G23/><T3/><D3/><U13/><E42/><V122/><F122/><W111/><G1/><T113/><D64/><U27/><E73/><V104/><F4/><W22/><G22/><T24/><D113/><U32/><E77/><V67/><F76/><N who="3" m="46311" /><G102/><T6/><D79/><U97/><E32/><V68/><F75/><W109/><G92/><N who="0" m="54367" /><D5/><U43/><E43/><V133/><F133/><W125/><G94/><T50/><D6/><U33/><E33/><V31/><F31/><W101/><G101/><T88/><D88/><N who="1" m="55527" /><E27/><N who="0" m="10281" /><D49/><U93/><E93/><V70/><F104/><W38/><G38/><T116/><D116/><U15/><E13/><V0/><F0/><W78/><G78/><T56/><D50/><U100/><E100/><V12/><F12/><W30/><G125/><T35/><D35/><U9/><E19/><V128/><F128/><W106/><G106/><T82/><D82/><U55/><E63/><N who="2" m="38399" /><F96/><W91/><G30/><T81/><D81/><U2/><E2/><V98/><F98/><W89/><G89/><T80/><D80/><U62/><E62/><V8/><F41/><W71/><G91/><RYUUKYOKU ba="2,3" sc="220,10,220,10,260,-30,270,10" hai0="14,18,21,44,56,57,58" hai1="9,15,17,45,46,47,52,55,84,86" hai3="48,54,60,65,71,109,111" /><INIT seed="3,3,3,3,3,124" ten="230,230,230,280" oya="3" hai0="49,108,1,66,102,76,21,6,24,52,95,78,8" hai1="107,109,118,122,63,40,36,101,59,56,87,100,116" hai2="104,3,86,35,119,89,92,110,125,98,91,94,48" hai3="74,58,33,13,120,9,129,37,85,46,22,72,25"/><W50/><G129/><T23/><D23/><U47/><E122/><V88/><F119/><N who="1" m="45609" /><E109/><V112/><F112/><W70/><G70/><T20/><D20/><U69/><E69/><V93/><F35/><W51/><G33/><T135/><D66/><N who="1" m="39271" /><E107/><V0/><F125/><W77/><G120/><T42/><D42/><U14/><E14/><V132/><F110/><W57/><G13/><T12/><D1/><U130/><E130/><V16/><F104/><W31/><G9/><T83/><D135/><U96/><E96/><V79/><F132/><W55/><G37/><T65/><D65/><U34/><E34/><V45/><F16/><W111/><G111/><T133/><D133/><U29/><E29/><V15/><F15/><W90/><G77/><T53/><D108/><U131/><E131/><V32/><F32/><W17/><G31/><T60/><D60/><U44/><E59/><V73/><F73/><W26/><G26/><T7/><D7/><U126/><E126/><V61/><F61/><W68/><G68/><T121/><D121/><U128/><E128/><V114/><F114/><W103/><G58/><T115/><D115/><U30/><E30/><V71/><F71/><W123/><G123/><T117/><D117/><U134/><E134/><V10/><F10/><W28/><G28/><T127/><D127/><U97/><E47/><V80/><REACH who="2" step="1"/><F98/><REACH who="2" ten="230,230,220,280" step="2"/><W62/><G62/><T113/><D113/><U41/><E97/><V54/><AGARI ba="3,4" hai="0,3,45,48,54,79,80,86,88,89,91,92,93,94" machi="54" ten="30,7900,0" yaku="1,1,2,1,0,1,54,1,53,0" doraHai="124" doraHaiUra="106" who="2" fromWho="2" sc="230,-23,230,-23,220,128,280,-42" owari="207,-19.3,207,-29.3,348,44.8,238,3.8" /></mjloggm>