<mjloggm ver="2.3"><GO type="225" lobby="0"/><UN n0="%E3%81%8B%E3%82%8F%E3%81%A1%E3%82%83%E3%82%93%35%38" n1="%E5%B8%86%E7%AB%8B%E5%A4%8F%E8%A1%A3" n2="%72%69%6F%75%63%68%61%6E" n3="%E3%82%B2%E3%82%B9%E8%8C%82%E5%8B%9D" dan="16,16,16,16" rate="2139.02,2090.37,2178.33,2136.32" sx="M,M,M,F"/><TAIKYOKU oya="0"/><INIT seed="0,0,0,0,1,22" ten="250,250,250,250" oya="0" hai0="102,44,58,80,14,7,43,15,16,9,82,11,105" hai1="125,130,1,28,17,98,89,12,73,20,71,132,41" hai2="60,83,134,123,91,87,52,122,110,100,36,37,3" hai3="4,25,133,85,116,109,90,50,42,119,10,106,34"/><T62/><D102/><U18/><E73/><V81/><F3/><W2/><G109/><T84/><D105/><U92/><E130/><V95/><F110/><W111/><G111/><T115/><D115/><U49/><E125/><V0/><F0/><W13/><G133/><T120/><D120/><U108/><E108/><V24/><F134/><W56/><G106/><T21/><D11/><U72/><E72/><V88/><F100/><W99/><G99/><T113/><D113/><U53/><E71/><V127/><F127/><W97/><G97/><T124/><D84/><U29/><E1/><V78/><F24/><W93/><G2/><T51/><REACH who="0" step="1"/><D124/><REACH who="0" ten="240,250,250,250" step="2"/><U46/><E132/><V70/><F123/><W6/><G116/><T38/><D38/><U45/><REACH who="1" step="1"/><E18/><REACH who="1" ten="240,240,250,250" step="2"/><V59/><F122/><W19/><G119/><T118/><D118/><U32/><E32/><V75/><REACH who="2" step="1"/><F70/><REACH who="2" ten="240,240,240,250" step="2"/><W31/><G34/><T5/><D5/><U40/><E40/><V67/><F67/><AGARI ba="0,3" hai="7,9,14,15,16,21,43,44,51,58,62,67,80,82" machi="67" ten="30,11600,0" yaku="1,1,7,1,8,1,54,1,53,0" doraHai="22" doraHaiUra="107" who="0" fromWho="2" sc="240,146,240,0,240,-116,250,0" /><INIT seed="0,1,0,1,2,51" ten="386,240,124,250" oya="0" hai0="88,82,49,89,25,28,31,30,95,32,103,56,63" hai1="14,118,50,91,119,96,29,135,133,90,19,4,8" hai2="71,39,40,104,122,117,47,58,126,18,67,114,78" hai3="75,33,131,94,5,7,100,36,12,65,43,38,93"/><T64/><D103/><U74/><E74/><V37/><F122/><W121/><G33/><T106/><D106/><U26/><E96/><V46/><F104/><W120/><G75/><T115/><D115/><U108/><E50/><V0/><F0/><W83/><G83/><T17/><D17/><U86/><E91/><V34/><F34/><W3/><G3/><T132/><D132/><N who="1" m="50763" /><E108/><V15/><F114/><W130/><G12/><T97/><REACH who="0" step="1"/><D49/><REACH who="0" ten="376,240,124,250" step="2"/><U85/><E19/><V59/><F37/><W116/><G100/><T123/><D123/><U57/><E119/><V20/><F117/><W87/><G116/><T52/><D52/><U41/><E118/><V109/><F109/><W2/><G120/><T69/><D69/><U72/><E29/><V60/><F126/><W73/><G121/><T111/><D111/><U80/><E4/><V92/><F47/><W45/><G45/><T84/><AGARI ba="1,1" hai="25,28,30,31,32,56,63,64,82,84,88,89,95,97" machi="84" ten="30,11700,0" yaku="1,1,0,1,54,1,53,1" doraHai="51" doraHaiUra="23" who="0" fromWho="0" sc="376,130,240,-40,124,-40,250,-40" /><INIT seed="0,2,0,4,1,16" ten="506,200,84,210" oya="0" hai0="27,84,118,44,76,87,11,95,120,5,54,12,104" hai1="48,21,57,129,68,86,122,62,130,20,43,59,61" hai2="3,14,128,69,116,108,101,98,82,30,56,109,42" hai3="41,52,123,112,65,133,47,35,26,93,71,31,100"/><T2/><D104/><U0/><E0/><V28/><F69/><W1/><G112/><T13/><D120/><U103/><E122/><V32/><F3/><W107/><G93/><T79/><D118/><U113/><E103/><V22/><F116/><W36/><G52/><T80/><D27/><U115/><E86/><V38/><F128/><N who="1" m="49257" /><E68/><V63/><F32/><W58/><G58/><N who="1" m="22026" /><E48/><V89/><F42/><W18/><G18/><T67/><D67/><U33/><E33/><V88/><F38/><W25/><G25/><T51/><D95/><U17/><E43/><V74/><F14/><W73/><G123/><T40/><REACH who="0" step="1"/><D54/><REACH who="0" ten="496,200,84,210" step="2"/><U6/><E115/><V121/><F121/><W81/><G65/><T114/><D114/><U64/><E113/><V131/><F131/><W117/><G117/><T106/><D106/><U83/><E64/><N who="2" m="39015" /><F30/><W78/><G26/><T60/><D60/><U134/><E62/><V55/><F55/><W37/><G31/><T29/><D29/><U94/><E61/><V7/><F28/><W66/><G66/><T50/><D50/><U110/><E94/><V23/><F109/><W24/><G24/><T111/><D111/><U99/><E110/><V77/><F108/><W91/><G107/><T8/><D8/><U124/><E124/><V132/><F23/><W34/><G35/><T97/><D97/><U135/><E99/><V15/><F22/><W85/><G34/><T72/><D72/><U92/><E21/><V75/><F74/><W10/><G73/><T45/><D45/><U119/><E20/><V53/><F75/><W46/><G46/><RYUUKYOKU ba="2,1" sc="496,30,200,-10,84,-10,210,-10" hai0="2,5,11,12,13,40,44,51,76,79,80,84,87" /><INIT seed="0,3,1,0,2,64" ten="526,190,74,200" oya="0" hai0="83,87,56,59,17,101,85,7,72,74,25,15,89" hai1="60,110,1,127,62,122,79,58,55,130,75,98,108" hai2="49,95,38,107,10,73,51,68,128,35,126,21,22" hai3="65,54,23,77,93,12,102,131,0,113,71,42,6"/><T16/><D101/><U34/><E34/><V4/><F107/><W109/><G109/><N who="1" m="42090" /><E122/><V106/><F106/><W26/><G131/><T81/><D7/><U134/><E134/><V133/><F38/><W3/><G113/><T114/><D114/><U30/><E130/><V78/><F128/><W105/><G105/><T45/><D45/><U92/><E30/><V43/><F35/><W88/><G102/><T40/><D40/><U97/><E127/><V69/><F133/><W70/><G77/><T124/><D124/><U11/><E62/><V27/><F126/><W125/><G125/><T76/><D25/><U100/><E97/><V18/><F95/><W37/><G54/><T86/><D86/><U44/><E44/><V129/><F129/><W39/><G12/><T47/><D47/><U94/><E94/><V24/><F43/><W111/><G111/><T19/><D15/><U41/><E41/><V32/><F32/><W132/><G132/><T80/><REACH who="0" step="1"/><D83/><REACH who="0" ten="516,190,74,200" step="2"/><N who="1" m="45567" /><E1/><V48/><F73/><AGARI ba="3,2" hai="16,17,19,56,59,72,73,74,76,80,81,85,87,89" machi="73" ten="40,3900,0" yaku="1,1,54,1,53,0" doraHai="64" doraHaiUra="31" who="0" fromWho="2" sc="516,68,190,0,74,-48,200,0" /><INIT seed="0,4,0,1,0,132" ten="584,190,26,200" oya="0" hai0="116,8,48,23,82,79,89,54,57,109,61,106,73" hai1="88,43,114,74,93,50,35,84,102,41,1,17,104" hai2="133,94,124,53,69,111,32,62,92,90,117,66,67" hai3="86,78,47,12,64,126,7,4,63,72,37,56,98"/><T58/><D116/><U128/><E35/><V46/><F32/><W97/><G72/><T40/><D109/><U20/><E1/><V75/><F75/><W91/><G78/><T24/><D106/><U26/><E128/><V59/><F111/><W80/><G37/><T33/><D33/><U13/><E114/><V60/><F133/><W11/><G47/><T122/><D122/><U5/><E74/><V15/><F117/><W110/><G110/><T99/><D8/><N who="1" m="4239" /><E104/><V108/><F108/><W107/><G107/><T77/><D73/><U127/><E127/><V65/><F124/><W36/><G36/><T70/><D70/><U29/><E29/><V45/><F15/><W121/><G126/><T113/><D113/><U9/><E9/><V123/><F123/><W2/><G121/><T14/><D14/><U118/><E118/><V131/><F131/><W134/><G134/><T95/><D82/><N who="1" m="49175" /><E50/><N who="2" m="31159" /><F94/><W3/><G12/><T55/><REACH who="0" step="1"/><D40/><REACH who="0" ten="574,190,26,200" step="2"/><U76/><E76/><V81/><F81/><W52/><G2/><T18/><AGARI ba="4,1" hai="18,23,24,48,54,55,57,58,61,77,79,89,95,99" machi="18" ten="20,18000,2" yaku="1,1,2,1,0,1,7,1,25,2,8,1,53,0" doraHai="132" doraHaiUra="31" who="0" fromWho="0" sc="574,202,190,-64,26,-64,200,-64" owari="776,87.6,126,-27.4,-38,-53.8,136,-6.4" /></mjloggm>