<mjloggm ver="2.3"><GO type="225" lobby="0"/><UN n0="%E5%B8%86%E7%AB%8B%E5%A4%8F%E8%A1%A3" n1="%72%69%6F%75%63%68%61%6E" n2="%E3%81%86%E3%81%A3%E3%81%97%E3%83%BC%30%30" n3="%E5%A4%96%E5%B7%9D%E7%AB%9C%E6%88%90" dan="16,17,16,16" rate="2109.94,2235.74,2098.43,2130.28" sx="M,M,M,M"/><TAIKYOKU oya="0"/><INIT seed="0,0,0,0,4,32" ten="250,250,250,250" oya="0" hai0="104,95,41,30,50,72,68,93,27,106,76,8,66" hai1="97,100,63,87,29,48,23,89,71,54,73,126,88" hai2="130,83,77,65,114,1,6,36,133,11,3,39,20" hai3="44,61,81,85,18,37,132,64,86,62,110,129,45"/><T120/><D120/><U16/><E73/><V28/><F114/><W42/><G110/><T60/><D106/><U113/><E113/><V38/><F133/><W13/><G129/><T122/><D122/><U134/><E134/><V49/><F130/><W117/><G117/><T19/><D72/><U35/><E126/><V74/><F65/><W115/><G115/><T53/><D76/><U12/><E35/><V14/><REACH who="2" step="1"/><F49/><REACH who="2" ten="250,250,240,250" step="2"/><W94/><G132/><T21/><D41/><U69/><E63/><V22/><F22/><W128/><G128/><T103/><D104/><U102/><E29/><V70/><F70/><W90/><G62/><T0/><D103/><U135/><E135/><V79/><F79/><W4/><G61/><T31/><D31/><U121/><E121/><V80/><F80/><W78/><G64/><T98/><D30/><U67/><E67/><V131/><F131/><W99/><G42/><T25/><D21/><U9/><E23/><V10/><F10/><W127/><G127/><T109/><D66/><U43/><E43/><V92/><F92/><W47/><G37/><T119/><D68/><U52/><E54/><V46/><F46/><W107/><G107/><T101/><D53/><U5/><E69/><V26/><AGARI ba="0,1" hai="1,3,6,11,14,20,26,28,36,38,39,74,77,83" machi="26" ten="40,8000,1" yaku="1,1,0,1,52,2,53,0" doraHai="32" doraHaiUra="118" who="2" fromWho="2" sc="250,-40,250,-20,240,90,250,-20" /><INIT seed="1,0,0,1,3,71" ten="210,230,330,230" oya="1" hai0="80,91,60,12,25,68,131,103,78,41,44,96,61" hai1="4,75,65,101,109,52,92,126,59,117,95,58,116" hai2="35,39,102,124,115,21,119,76,90,33,10,37,49" hai3="2,104,97,23,93,89,24,122,94,133,48,63,132"/><U36/><E75/><V69/><F119/><W27/><G122/><T18/><D131/><U72/><E72/><V87/><F76/><W82/><G2/><T17/><D68/><U64/><E126/><V20/><F69/><W29/><G63/><T81/><D78/><U66/><E36/><V50/><F10/><W6/><G6/><T30/><D61/><U128/><E128/><V73/><F73/><W15/><G15/><T34/><D60/><U56/><E109/><V114/><F87/><W8/><G8/><T53/><D53/><U3/><E52/><V107/><F102/><W47/><G82/><T98/><D18/><U9/><REACH who="1" step="1"/><E101/><REACH who="1" ten="210,220,330,230" step="2"/><V67/><F124/><W22/><G133/><T134/><D134/><U40/><E40/><V26/><F39/><W108/><G132/><T28/><D41/><U105/><E105/><V55/><F55/><W46/><G104/><T31/><D44/><U42/><E42/><V118/><F37/><W113/><G108/><T54/><D54/><U77/><E77/><V16/><F50/><W1/><G48/><T74/><D74/><U130/><E130/><V85/><F49/><W125/><G125/><T62/><D103/><U86/><E86/><V106/><F85/><W19/><G47/><T43/><D43/><U51/><E51/><V121/><F107/><W123/><G46/><T83/><D62/><U112/><E112/><V99/><F106/><W0/><G113/><T7/><D96/><U45/><E45/><V57/><F114/><W129/><G129/><T14/><D98/><U32/><E32/><V88/><F35/><RYUUKYOKU ba="0,1" sc="210,-10,220,30,330,-10,230,-10" hai1="3,4,9,56,58,59,64,65,66,92,95,116,117" /><INIT seed="1,1,1,0,1,5" ten="200,250,320,220" oya="1" hai0="115,92,75,133,31,25,43,112,77,29,69,103,101" hai1="54,68,118,26,65,119,40,104,110,8,16,24,88" hai2="81,1,98,107,96,71,47,33,15,13,49,80,4" hai3="84,79,2,126,85,86,17,76,114,100,60,39,64"/><U20/><E104/><V14/><F33/><W42/><G114/><T73/><D69/><U70/><E40/><V34/><F34/><W117/><G2/><T11/><D133/><U120/><E120/><V134/><F71/><W50/><G39/><T57/><D43/><U116/><E110/><V105/><F134/><W35/><G35/><T30/><D25/><U99/><E65/><V95/><F1/><W94/><G126/><T7/><D57/><U10/><E26/><V108/><F4/><W12/><G100/><T82/><D75/><U37/><E37/><V23/><F23/><W83/><G94/><T36/><D36/><U106/><E54/><V44/><F15/><W125/><G79/><T6/><D6/><U67/><E68/><V38/><F95/><W122/><G117/><T93/><D93/><U56/><E70/><V131/><F38/><W97/><G97/><T129/><D129/><U111/><E111/><V18/><F49/><W52/><G42/><T0/><REACH who="0" step="1"/><D92/><REACH who="0" ten="190,250,320,220" step="2"/><N who="1" m="56711" /><E106/><V132/><F132/><W41/><G41/><T55/><D55/><U45/><E45/><V74/><F108/><W90/><G52/><T87/><D87/><U135/><E135/><V3/><F74/><W19/><G85/><T66/><D66/><U59/><E67/><V123/><F131/><W28/><G84/><T61/><D61/><U63/><E56/><V53/><F53/><W51/><G64/><T48/><D48/><U89/><E59/><V113/><F107/><W27/><G51/><T121/><D121/><U78/><E63/><V127/><F105/><W9/><G122/><RYUUKYOKU ba="1,2" sc="190,30,250,-10,320,-10,220,-10" hai0="0,7,11,29,30,31,73,77,82,101,103,112,115" /><INIT seed="2,2,2,0,3,105" ten="220,240,310,210" oya="2" hai0="26,13,125,87,101,77,122,1,103,15,92,84,93" hai1="52,22,76,24,37,82,69,113,8,53,23,96,63" hai2="81,45,68,18,17,80,48,0,127,86,38,56,95" hai3="4,30,108,91,133,104,57,25,117,132,2,14,35"/><V43/><F127/><W7/><G104/><T110/><D110/><U55/><E113/><V49/><F68/><W131/><G108/><T44/><D122/><U99/><E37/><V51/><F0/><W65/><G117/><T67/><D1/><U6/><E69/><V94/><F81/><W19/><G91/><N who="0" m="53351" /><D125/><U27/><E63/><V29/><F29/><W106/><G106/><T64/><D44/><U41/><E41/><V135/><F135/><N who="3" m="51787" /><G2/><T40/><D40/><U115/><E115/><V16/><REACH who="2" step="1"/><F56/><REACH who="2" ten="220,240,300,210" step="2"/><W107/><G131/><T85/><D77/><AGARI ba="2,3" hai="16,17,18,38,43,45,48,49,51,77,80,86,94,95" machi="77" ten="40,7700,0" yaku="1,1,2,1,54,1,53,0" doraHai="105" doraHaiUra="21" who="2" fromWho="0" sc="220,-83,240,0,300,113,210,0" /><INIT seed="2,3,0,4,0,21" ten="137,240,413,210" oya="2" hai0="16,31,65,10,34,97,36,20,67,134,2,76,62" hai1="133,51,59,39,18,38,116,92,5,40,123,15,47" hai2="122,37,3,11,99,56,124,19,9,83,46,0,63" hai3="14,25,54,79,41,68,95,74,57,118,125,82,32"/><V26/><F122/><W1/><G118/><T42/><D134/><U72/><E116/><V80/><F99/><W22/><G1/><T117/><D117/><U61/><E72/><V88/><F19/><W44/><G68/><T27/><D76/><U55/><E133/><V81/><F81/><W105/><G105/><T12/><D36/><U121/><E5/><V50/><F50/><W94/><G14/><T128/><D42/><U87/><E87/><V100/><F56/><W111/><G32/><T75/><D75/><U102/><E92/><V89/><F63/><W29/><G111/><T30/><D128/><U114/><E102/><V131/><F46/><W115/><G115/><T7/><D31/><U6/><E6/><V103/><F37/><W106/><G106/><T70/><D97/><U53/><E114/><V104/><F104/><W93/><G125/><T90/><D65/><U33/><E33/><V101/><F101/><W4/><G4/><T109/><D109/><U112/><E112/><V127/><F26/><W45/><REACH who="3" step="1"/><G41/><REACH who="3" ten="137,240,413,200" step="2"/><T64/><D64/><U8/><REACH who="1" step="1"/><E39/><REACH who="1" ten="137,230,413,200" step="2"/><V13/><F127/><W52/><G52/><T73/><D73/><U98/><E98/><V120/><F124/><W66/><G66/><T84/><D84/><U132/><E132/><V96/><F96/><W129/><G129/><T91/><AGARI ba="3,2" hai="2,7,10,12,16,20,27,30,34,62,67,70,90,91" machi="91" ten="30,8000,1" yaku="0,1,24,2,52,1,54,1" doraHai="21" who="0" fromWho="0" sc="137,109,230,-23,413,-43,200,-23" /><INIT seed="3,0,0,2,1,71" ten="246,207,370,177" oya="3" hai0="57,87,13,91,3,63,2,130,44,66,1,38,53" hai1="88,27,106,0,80,10,114,97,69,14,36,125,5" hai2="127,6,29,61,58,52,62,68,109,50,113,134,23" hai3="118,22,94,108,48,16,126,107,32,111,96,121,116"/><W84/><G121/><T117/><D117/><U104/><E114/><V120/><F113/><W112/><G112/><T42/><D130/><U35/><E69/><V105/><F105/><W56/><G32/><T45/><D45/><U85/><E125/><V20/><F109/><N who="3" m="42059" /><G126/><T133/><D133/><U132/><E36/><V40/><F20/><W7/><G7/><T37/><D37/><U75/><E132/><V101/><F23/><W33/><G33/><T74/><D74/><U12/><E75/><V17/><F17/><W79/><G107/><T115/><D115/><U135/><E135/><V4/><F29/><W129/><G129/><T9/><D66/><U98/><E106/><V25/><F6/><W93/><G48/><T73/><D73/><U64/><E64/><V78/><F50/><W26/><G56/><T41/><D3/><U24/><E35/><V110/><F58/><W65/><G65/><T99/><D2/><U18/><E0/><V124/><F4/><W43/><G43/><T72/><D42/><U11/><E104/><V47/><F120/><W15/><G15/><T21/><D1/><U82/><REACH who="1" step="1"/><E80/><REACH who="1" ten="246,197,370,177" step="2"/><V39/><F39/><W8/><G8/><T131/><D9/><U51/><E51/><V102/><F134/><W103/><G94/><T95/><D131/><U100/><E100/><V83/><F110/><W119/><G119/><T122/><D122/><U34/><E34/><V28/><F127/><W55/><G55/><T77/><D21/><U128/><E128/><V49/><F52/><W67/><G67/><T60/><D53/><U70/><E70/><RYUUKYOKU ba="0,1" sc="246,-15,197,15,370,-15,177,15" hai1="5,10,11,12,14,18,24,27,82,85,88,97,98" hai3="16,22,26,79,84,93,96,103,116,118" /><INIT seed="3,1,1,4,1,87" ten="231,212,355,192" oya="3" hai0="85,29,54,14,59,72,69,34,2,60,32,6,122" hai1="58,10,112,117,75,23,22,57,61,7,115,110,67" hai2="42,84,111,79,21,51,64,76,135,24,93,31,124" hai3="99,78,80,88,12,90,40,17,65,36,128,39,107"/><W86/><G128/><T37/><D72/><U130/><E75/><V3/><F111/><W33/><G33/><T19/><D122/><U41/><E110/><V89/><F3/><W5/><G5/><T116/><D116/><U104/><E117/><V129/><F135/><W53/><G65/><T133/><D133/><U4/><E130/><V114/><F114/><W134/><G134/><T97/><D37/><U98/><E41/><V121/><F124/><W52/><G39/><T27/><D97/><U94/><E104/><V66/><F121/><W16/><G17/><T74/><D74/><U50/><E115/><V102/><F102/><W56/><G36/><T30/><D85/><U106/><E106/><V48/><F48/><N who="3" m="30727" /><G40/><T77/><D69/><U125/><E125/><V26/><F129/><W44/><G99/><T113/><D113/><U120/><E120/><V43/><F43/><W92/><G92/><T28/><D34/><U100/><E112/><V108/><F108/><W62/><G107/><T45/><D32/><U103/><E103/><V109/><F109/><W105/><G105/><T9/><D2/><U127/><E127/><V35/><F66/><W25/><G25/><T20/><D45/><U91/><E100/><V95/><F95/><W47/><G62/><T96/><D96/><U118/><E118/><V15/><F64/><W46/><G53/><T18/><D6/><U101/><E101/><V8/><F24/><W70/><G70/><T81/><D18/><U13/><E4/><N who="2" m="3463" /><F35/><W126/><G126/><T71/><D71/><U68/><E68/><V63/><F63/><RYUUKYOKU ba="1,1" sc="231,0,212,0,355,0,192,0" hai0="9,14,19,20,27,28,29,30,54,59,60,77,81" hai1="7,10,13,22,23,50,57,58,61,67,91,94,98" hai2="21,26,31,42,51,76,79,84,89,93" hai3="12,16,44,46,47,78,80,86,88,90" /><INIT seed="3,2,1,1,4,68" ten="231,212,355,192" oya="3" hai0="21,72,87,84,74,12,73,10,105,75,96,79,19" hai1="5,109,30,11,107,120,42,92,118,55,110,133,93" hai2="102,34,124,43,119,127,44,116,111,2,6,130,38" hai3="59,112,67,64,134,24,81,94,23,20,22,56,1"/><W63/><G112/><T33/><D33/><U49/><E120/><V51/><F111/><N who="1" m="42505" /><E133/><V123/><F123/><W101/><G1/><T126/><D126/><N who="2" m="48170" /><F130/><W40/><G134/><T8/><D75/><U62/><E107/><V99/><F34/><W7/><G7/><T53/><D79/><U45/><E118/><V69/><F69/><W13/><G13/><T32/><D32/><U129/><E129/><V37/><F6/><W3/><G3/><T91/><D84/><U36/><E62/><V27/><F27/><W71/><G40/><T82/><D53/><U135/><E30/><V31/><F31/><W86/><G24/><T78/><D78/><U46/><E135/><V106/><F2/><AGARI ba="2,1" hai="2,5,11,36,42,45,46,49,55,92,93" m="42505" machi="2" ten="30,2000,0" yaku="14,1,52,1" doraHai="68" who="1" fromWho="2" sc="231,0,212,36,355,-26,192,0" owari="231,-16.9,248,4.8,329,42.9,192,-30.8" /></mjloggm>