<mjloggm ver="2.3"><GO type="225" lobby="0"/><UN n0="%6D%75%75%73%61%6E%6D%75" n1="%33%74%72%65%65" n2="%E5%B0%8F%E9%B3%A5%E9%81%8A%E7%B7%B4%E7%84%A1%32%31%E6%AD%B3" n3="%E3%83%81%E3%83%AF%E3%83%AF%E9%9A%8A%E9%95%B7" dan="16,16,16,17" rate="2124.00,2153.11,2175.48,2149.29" sx="F,F,F,M"/><TAIKYOKU oya="0"/><INIT seed="0,0,0,4,1,68" ten="250,250,250,250" oya="0" hai0="20,44,121,58,5,82,1,78,36,87,119,100,14" hai1="81,46,88,61,15,80,70,123,69,3,74,127,101" hai2="113,54,22,76,13,93,122,99,103,97,63,25,47" hai3="110,4,130,96,90,45,77,65,83,17,26,41,128"/><T79/><D119/><U53/><E3/><V28/><F122/><W66/><G110/><T86/><D121/><U0/><E0/><V84/><F113/><W71/><G4/><T89/><D1/><U105/><E123/><V135/><F135/><W94/><G17/><T37/><D100/><U34/><E34/><V39/><F97/><W108/><G26/><T125/><D125/><U12/><E105/><V31/><F31/><W52/><G108/><T29/><D58/><U40/><E101/><V107/><F107/><W55/><G65/><T23/><D44/><U11/><E15/><V132/><F132/><W24/><G24/><T42/><D42/><U106/><E106/><V115/><F115/><W111/><G111/><T10/><D78/><U56/><E74/><V21/><F39/><W91/><G91/><T104/><D104/><U62/><E127/><V118/><F118/><W2/><G2/><T116/><D116/><U59/><E88/><V109/><F109/><W75/><G66/><T102/><D102/><U60/><E70/><V51/><F63/><N who="1" m="24137" /><E59/><V19/><F76/><W114/><G71/><T112/><D112/><U134/><E69/><V32/><REACH who="2" step="1"/><F84/><REACH who="2" ten="250,250,240,250" step="2"/><W92/><G114/><T98/><D98/><U129/><E134/><V38/><F38/><N who="0" m="14954" /><D29/><U18/><E62/><V9/><AGARI ba="0,1" hai="9,13,19,21,22,25,28,32,47,51,54,93,99,103" machi="9" ten="20,2700,0" yaku="1,1,0,1,7,1,53,0" doraHai="68" doraHaiUra="131" who="2" fromWho="2" sc="250,-13,250,-7,240,37,250,-7" /><INIT seed="1,0,0,0,2,5" ten="237,243,277,243" oya="1" hai0="6,113,45,47,56,27,0,85,11,80,46,65,58" hai1="88,112,123,22,35,24,89,101,71,17,109,130,23" hai2="61,36,110,62,2,66,119,106,33,70,13,63,133" hai3="31,51,67,131,68,26,49,120,115,84,59,20,75"/><U15/><E112/><V48/><F2/><W100/><G115/><T122/><D113/><U74/><E123/><V12/><F106/><W107/><G75/><T32/><D122/><U129/><E74/><V95/><F33/><W9/><G120/><T124/><D124/><U53/><E35/><V93/><F119/><W87/><G68/><T126/><D126/><U18/><E71/><V127/><F36/><W134/><G131/><N who="1" m="50186" /><E101/><V10/><F127/><W64/><G134/><T8/><D8/><N who="1" m="6375" /><E109/><V40/><F133/><W69/><G69/><T30/><REACH who="0" step="1"/><D65/><REACH who="0" ten="227,243,277,243" step="2"/><U28/><E53/><V44/><F110/><W29/><G64/><T128/><D128/><U76/><E76/><AGARI ba="0,1" hai="0,6,11,27,30,32,45,46,47,56,58,76,80,85" machi="76" ten="40,2600,0" yaku="1,1,52,1,53,0" doraHai="5" doraHaiUra="125" who="0" fromWho="1" sc="227,36,243,-26,277,0,243,0" /><INIT seed="2,0,0,3,1,34" ten="263,217,277,243" oya="2" hai0="46,57,29,85,23,3,30,61,21,123,56,75,43" hai1="108,119,33,9,83,125,68,38,45,129,41,52,76" hai2="86,7,35,1,26,50,124,88,42,49,99,8,87" hai3="81,126,15,66,80,90,44,120,39,132,48,115,73"/><V2/><F124/><W64/><G120/><T67/><D75/><U78/><E119/><V40/><F99/><W72/><G39/><T16/><D123/><U102/><E125/><V127/><F127/><W84/><G126/><T51/><D3/><U19/><E108/><V77/><F77/><W135/><G115/><T112/><D112/><U110/><E110/><V122/><F122/><W89/><G15/><T130/><D130/><U118/><E118/><V31/><F86/><N who="3" m="50375" /><G72/><T71/><D85/><U91/><E129/><V62/><F62/><W0/><G73/><T113/><D113/><U25/><E68/><V32/><F32/><W128/><G0/><T94/><D94/><U13/><E102/><V96/><F96/><W60/><G60/><T106/><D106/><U14/><E14/><V10/><F42/><N who="3" m="24599" /><G128/><T104/><D104/><U6/><E33/><V95/><F40/><W121/><G121/><T133/><D133/><AGARI ba="0,0" hai="64,66,81,84,90,132,133,135" m="24599,50375" machi="133" ten="30,1000,0" yaku="20,1" doraHai="34" who="3" fromWho="0" sc="263,-10,217,0,277,0,243,10" /><INIT seed="3,0,0,2,3,21" ten="253,217,277,253" oya="3" hai0="67,113,98,74,26,62,88,36,110,1,12,105,79" hai1="82,15,34,86,41,116,70,96,119,27,133,65,11" hai2="78,131,49,129,120,19,114,100,29,3,126,28,107" hai3="48,80,35,47,46,115,61,99,0,53,24,93,7"/><W42/><G115/><T63/><D1/><U123/><E123/><V128/><F114/><W85/><G0/><T20/><D36/><U71/><E41/><V37/><F37/><W92/><G7/><T16/><D113/><U30/><E96/><N who="2" m="61831" /><F3/><W112/><G112/><T50/><D74/><U22/><E22/><V52/><F78/><W130/><G130/><N who="2" m="50281" /><F126/><W56/><G99/><T69/><D110/><U77/><E133/><V111/><F111/><W106/><G106/><T84/><D79/><U118/><REACH who="1" step="1"/><E65/><REACH who="1" ten="253,207,277,253" step="2"/><V40/><F120/><W44/><G42/><T18/><D67/><U109/><E109/><V45/><F131/><W125/><G125/><T73/><D98/><U132/><E132/><V6/><F40/><W81/><G35/><T124/><D124/><U95/><E95/><V108/><F108/><W97/><G93/><N who="0" m="54407" /><D105/><U90/><E90/><V94/><F94/><W14/><G92/><T25/><D73/><U9/><E9/><V33/><F33/><W23/><G97/><T87/><D87/><U39/><E39/><V89/><F89/><W72/><G85/><T43/><D69/><U127/><E127/><V66/><F66/><W134/><G72/><T59/><D43/><U101/><E101/><V91/><F91/><W104/><G104/><T122/><D122/><U51/><E51/><V64/><F64/><W117/><G48/><T17/><D50/><U103/><E103/><V31/><F49/><W68/><G134/><T8/><D62/><U121/><E121/><V75/><F75/><W102/><G61/><T54/><D20/><U135/><E135/><RYUUKYOKU ba="0,1" sc="253,15,207,15,277,-15,253,-15" hai0="8,12,16,17,18,25,26,54,59,63" hai1="11,15,27,30,34,70,71,77,82,86,116,118,119" /><INIT seed="4,1,1,4,5,23" ten="268,222,262,238" oya="0" hai0="81,133,95,88,84,20,51,83,44,91,69,126,37" hai1="72,121,85,48,38,113,74,50,94,45,21,13,109" hai2="76,32,117,67,63,79,80,60,16,86,25,98,116" hai3="7,18,104,46,55,5,0,9,119,127,53,120,40"/><T17/><D69/><U87/><E121/><V102/><F76/><W68/><G119/><N who="2" m="45641" /><F67/><W129/><G68/><T3/><D3/><U123/><E123/><V132/><F132/><W19/><G120/><T96/><D37/><U90/><E109/><V111/><F111/><W131/><G104/><T99/><D126/><U134/><E134/><V2/><F2/><W22/><G7/><T64/><D133/><U59/><E113/><V107/><F32/><W105/><G105/><T122/><D64/><U56/><E38/><V52/><F52/><W26/><G19/><T110/><D122/><U27/><E13/><V49/><F49/><W43/><G127/><T100/><D110/><U97/><E72/><V41/><F41/><W71/><G71/><T58/><D58/><N who="1" m="22059" /><E74/><V31/><F31/><W6/><G40/><N who="0" m="24967" /><D100/><U1/><E1/><V70/><F70/><W47/><G0/><T112/><D112/><U61/><E61/><V34/><F34/><W30/><G43/><T15/><D91/><U73/><E73/><V24/><F16/><W28/><G18/><T106/><D106/><U114/><E114/><V89/><F89/><W82/><G53/><T135/><D135/><U92/><E45/><V115/><F115/><W101/><G55/><T118/><D118/><U75/><E75/><V33/><F33/><W57/><G46/><T128/><D128/><U66/><E66/><V93/><F107/><W10/><G131/><T125/><D125/><U29/><E94/><V65/><F65/><W124/><G129/><T14/><D14/><U36/><E36/><V108/><F108/><RYUUKYOKU ba="1,1" sc="268,10,222,10,262,10,238,-30" hai0="15,17,20,81,83,84,88,95,96,99" hai1="21,27,29,48,50,85,87,90,92,97" hai2="24,25,60,63,79,80,86,93,98,102" /><INIT seed="4,2,1,3,5,75" ten="278,232,272,208" oya="0" hai0="18,55,40,133,114,106,59,83,12,118,123,6,43" hai1="33,35,44,46,90,87,7,96,99,117,34,31,89" hai2="74,120,37,9,112,15,54,81,129,76,67,85,70" hai3="20,121,24,102,91,39,119,38,124,45,56,19,132"/><T61/><D118/><U95/><E117/><V111/><F111/><W131/><G119/><T27/><D123/><U30/><E7/><V14/><F120/><W41/><G121/><T104/><D114/><U80/><REACH who="1" step="1"/><E99/><REACH who="1" ten="278,222,272,208" step="2"/><V79/><F112/><W135/><G135/><T11/><D133/><U29/><AGARI ba="2,2" hai="29,30,31,33,34,35,44,46,80,87,89,90,95,96" machi="29" ten="40,5200,0" yaku="1,1,2,1,0,1,53,0" doraHai="75" doraHaiUra="0" who="1" fromWho="1" sc="278,-28,222,78,272,-15,208,-15" owari="250,-15.0,300,40.0,257,5.7,193,-30.7" /></mjloggm>