<mjloggm ver="2.3"><GO type="225" lobby="0"/><UN n0="%E3%81%BF%E3%81%BF%E3%81%9A" n1="%E3%81%A8%E3%82%93%E3%81%A8%E3%81%93%E3%81%A8%E3%82%93" n2="%E4%BF%BA%E3%81%A8%E5%A6%96%E5%A4%A2" n3="%33%74%72%65%65" dan="17,16,17,16" rate="2261.33,2122.15,2180.49,2112.24" sx="M,F,F,F"/><TAIKYOKU oya="0"/><INIT seed="0,0,0,5,5,128" ten="250,250,250,250" oya="0" hai0="40,18,22,113,103,69,26,85,114,51,83,2,6" hai1="9,89,20,64,49,66,44,112,108,71,102,101,92" hai2="82,30,100,117,88,45,118,57,58,16,97,21,104" hai3="79,10,99,96,52,62,120,13,38,90,109,135,86"/><T105/><D69/><U0/><E108/><V61/><F30/><W59/><G109/><T77/><D105/><U12/><E0/><V110/><F110/><W34/><G120/><T78/><D103/><N who="1" m="39435" /><E20/><V75/><F45/><W115/><G115/><T48/><D2/><U3/><E3/><V15/><F57/><W5/><G34/><T39/><D6/><N who="1" m="3127" /><E71/><V124/><F124/><W32/><G32/><T24/><D39/><U111/><E112/><V131/><F131/><W60/><G38/><T106/><D106/><U29/><E29/><V25/><F15/><W47/><G79/><T33/><D113/><U133/><E133/><V4/><F4/><W81/><G135/><T134/><D134/><U123/><E123/><V11/><F11/><W125/><G125/><T37/><D114/><U73/><E73/><V122/><F122/><W72/><G72/><T28/><REACH who="0" step="1"/><D77/><REACH who="0" ten="240,250,250,250" step="2"/><U130/><E111/><V27/><F117/><W46/><G60/><T67/><D67/><U74/><E130/><V41/><F118/><W121/><G121/><T63/><D63/><U119/><E119/><V129/><F129/><W7/><G7/><T8/><D8/><U84/><E74/><V43/><F75/><W17/><G5/><T55/><D55/><AGARI ba="0,1" hai="44,49,55,64,66,84,89,92" m="3127,39435" machi="55" ten="30,1000,0" yaku="8,1" doraHai="128" who="1" fromWho="0" sc="240,-10,250,20,250,0,250,0" /><INIT seed="1,0,0,4,3,49" ten="230,270,250,250" oya="1" hai0="61,16,5,104,51,74,130,114,28,56,88,13,57" hai1="94,117,9,131,65,45,11,80,55,8,122,70,112" hai2="69,27,15,22,4,127,68,87,12,124,110,72,71" hai3="0,42,105,115,79,64,121,32,111,108,84,63,33"/><U38/><E112/><V39/><F72/><W100/><G121/><T128/><D114/><U102/><E117/><V135/><F39/><W67/><G0/><T119/><D119/><U41/><E122/><V52/><F110/><N who="3" m="42027" /><G42/><T17/><D74/><U48/><E131/><N who="0" m="50217" /><D104/><U92/><E102/><V77/><F135/><W76/><G115/><T2/><D28/><U134/><E80/><V54/><F87/><W99/><G64/><N who="0" m="38951" /><D2/><U10/><E134/><V29/><F77/><N who="3" m="29771" /><G84/><T129/><N who="0" m="50225" /><T46/><DORA hai="109" /><D57/><AGARI ba="0,0" hai="32,33,57,63,67,99,100,105" m="29771,42027" machi="57" ten="30,1000,0" yaku="14,1" doraHai="49,109" who="3" fromWho="0" sc="230,-10,270,0,250,0,250,10" /><INIT seed="2,0,0,2,3,117" ten="220,270,250,260" oya="2" hai0="82,61,55,119,65,52,28,111,118,37,103,30,91" hai1="45,27,122,8,0,100,33,133,71,86,75,21,43" hai2="92,80,125,69,115,81,36,1,110,46,72,22,23" hai3="121,95,102,18,13,99,49,79,48,131,25,107,132"/><V53/><F115/><W56/><G132/><T4/><D37/><U12/><E71/><V120/><F1/><W73/><G131/><T83/><D103/><U76/><E33/><V128/><F69/><W44/><G121/><T34/><D4/><N who="1" m="1031" /><E100/><V47/><F128/><W50/><G25/><T78/><D91/><U16/><E86/><V35/><F35/><W105/><G79/><T104/><D104/><U89/><E89/><V42/><F125/><W54/><G73/><T108/><D34/><U20/><E133/><V98/><F110/><N who="0" m="42026" /><D65/><U2/><E2/><V84/><F120/><W112/><G112/><T135/><D135/><U101/><E101/><V60/><F72/><W70/><G70/><T126/><D126/><U39/><E27/><V3/><F3/><W94/><G107/><T123/><D123/><U77/><E77/><V29/><F80/><N who="0" m="30762" /><D78/><U58/><E122/><V38/><F81/><W15/><G105/><T31/><D61/><U62/><E76/><V5/><F84/><W32/><G32/><T124/><D124/><U10/><E75/><V114/><F5/><W116/><G102/><T24/><D24/><U7/><E62/><V87/><F87/><W106/><G106/><T17/><D17/><U6/><E6/><V51/><F114/><W88/><G18/><T129/><D129/><U26/><E7/><V130/><F130/><W63/><G94/><T113/><D113/><U14/><E26/><V11/><F36/><W66/><G116/><AGARI ba="0,0" hai="28,30,31,52,55,116,118,119" m="30762,42026" machi="116" ten="40,8000,1" yaku="28,2,12,1,14,1,54,1" doraHai="117" who="0" fromWho="3" sc="220,80,270,0,250,0,260,-80" /><INIT seed="3,0,0,1,3,32" ten="300,270,250,180" oya="3" hai0="15,71,103,45,78,68,9,79,36,7,125,4,34" hai1="106,17,21,74,83,104,86,118,33,52,109,19,70" hai2="61,135,62,134,105,57,53,76,42,8,31,56,0" hai3="107,64,58,6,26,72,91,111,93,119,11,101,108"/><W85/><G119/><T10/><D34/><U59/><E33/><V97/><F31/><W13/><G72/><T94/><D125/><U47/><E70/><V102/><F76/><W121/><G121/><T66/><D103/><U20/><E74/><V5/><REACH who="2" step="1"/><F42/><REACH who="2" ten="300,270,240,180" step="2"/><W49/><G26/><T43/><D79/><U25/><E118/><V18/><F18/><W98/><REACH who="3" step="1"/><G49/><REACH who="3" ten="300,270,240,170" step="2"/><T84/><D36/><U89/><E109/><V38/><F38/><W44/><G44/><T41/><D45/><U39/><E47/><V120/><F120/><W81/><G81/><T29/><D29/><U116/><E39/><V92/><F92/><W126/><G126/><T90/><D94/><U129/><E116/><V82/><F82/><W12/><G12/><T133/><D15/><U27/><E129/><V16/><F16/><W75/><G75/><T37/><D37/><U51/><AGARI ba="0,2" hai="17,19,20,21,25,27,51,52,59,83,86,89,104,106" machi="51" ten="20,5200,0" yaku="0,1,7,1,9,1,54,1" doraHai="32" who="1" fromWho="1" sc="300,-13,270,72,240,-13,170,-26" owari="287,8.7,342,44.2,227,-17.3,144,-35.6" /></mjloggm>