<mjloggm ver="2.3"><GO type="225" lobby="0"/><UN n0="%6D%75%75%73%61%6E%6D%75" n1="%6C%61%6D%62" n2="%E6%81%A5%E6%99%92%E3%81%97" n3="%4B%2E%32%2E%4B%2E" dan="17,16,16,16" rate="2147.08,2178.04,2100.23,2194.95" sx="F,M,M,M"/><TAIKYOKU oya="0"/><INIT seed="0,0,0,5,3,116" ten="250,250,250,250" oya="0" hai0="2,70,105,11,17,61,135,87,108,90,100,4,56" hai1="63,95,124,43,22,118,67,98,94,6,27,121,45" hai2="55,62,9,71,28,39,12,13,133,14,76,104,97" hai3="8,78,20,10,51,89,15,129,112,65,19,86,68"/><T75/><D135/><U122/><E118/><V66/><F133/><W24/><G112/><T88/><D75/><U130/><E130/><V18/><F39/><W102/><G129/><T16/><D70/><U81/><E6/><V3/><F76/><W103/><G78/><T128/><D128/><U57/><E81/><V126/><F126/><W131/><G131/><T109/><D105/><U54/><E124/><V30/><F55/><W113/><G113/><T132/><D100/><U32/><E32/><V72/><F72/><W31/><G68/><T69/><D69/><U0/><E0/><V99/><F99/><W101/><G65/><T77/><D77/><U53/><E53/><V35/><F3/><W79/><G79/><T47/><D47/><U1/><E95/><V48/><F48/><W37/><G37/><T125/><D132/><U83/><E83/><V38/><F30/><W84/><G51/><T120/><D125/><U36/><E1/><V80/><F80/><W41/><G41/><T123/><D123/><U58/><E58/><V42/><F42/><W73/><G73/><T59/><D120/><U7/><E7/><V74/><F38/><W64/><G64/><N who="0" m="38951" /><D59/><U46/><E46/><V115/><F115/><W111/><G111/><N who="0" m="42571" /><D87/><N who="3" m="33321" /><G89/><AGARI ba="0,0" hai="2,4,11,16,17,88,89,90" m="42571,38951" machi="89" ten="30,11600,0" yaku="14,1,10,1,54,2" doraHai="116" who="0" fromWho="3" sc="250,116,250,0,250,0,250,-116" /><INIT seed="0,1,0,2,0,14" ten="366,250,250,134" oya="0" hai0="53,45,110,80,0,98,71,16,75,42,86,84,58" hai1="2,74,52,82,97,34,30,39,33,126,40,51,132" hai2="113,135,105,7,5,63,122,1,6,114,31,125,89" hai3="41,95,133,9,124,87,129,65,99,37,104,55,91"/><T64/><D0/><U119/><E119/><V78/><F105/><W121/><G124/><T79/><D110/><U117/><E2/><V60/><F1/><W13/><G129/><T19/><D71/><U134/><E117/><V101/><F101/><W107/><G133/><N who="1" m="51306" /><E126/><V15/><F135/><W81/><G121/><T96/><D75/><U29/><E40/><V69/><F125/><W112/><G112/><T120/><D120/><U109/><E39/><V48/><F78/><W57/><G65/><T127/><D64/><U47/><E109/><V92/><F31/><N who="1" m="11785" /><E97/><N who="0" m="37481" /><D127/><U59/><E59/><V46/><F122/><W35/><G41/><T43/><D86/><U4/><E4/><V10/><F113/><W36/><G35/><N who="1" m="13322" /><E82/><V123/><F123/><W67/><G67/><T21/><D45/><U23/><E23/><V24/><F114/><W49/><G37/><T3/><D3/><U61/><E61/><V108/><F108/><W68/><G36/><T128/><D128/><U11/><E11/><V76/><F5/><W83/><G83/><T88/><D21/><U27/><E27/><V100/><F24/><W85/><G68/><T111/><D111/><U77/><E77/><V56/><F69/><W28/><G28/><T106/><D79/><U44/><E44/><V25/><F76/><N who="3" m="46247" /><G99/><T22/><D106/><U118/><E118/><V131/><F25/><W102/><G102/><T12/><D19/><U73/><AGARI ba="1,0" hai="47,51,52,73,74" m="13322,11785,51306" machi="73" ten="40,2700,0" yaku="20,1,54,1" doraHai="14" who="1" fromWho="1" sc="366,-14,250,30,250,-8,134,-8" /><INIT seed="1,0,0,3,4,7" ten="352,280,242,126" oya="1" hai0="19,51,42,54,50,26,133,56,119,14,57,43,118" hai1="16,71,9,122,96,102,114,45,32,134,85,33,129" hai2="47,27,81,135,70,131,29,35,65,72,109,127,97" hai3="84,100,104,18,20,88,8,73,95,67,132,13,62"/><U128/><E114/><V1/><F109/><W123/><G132/><T82/><D133/><U6/><E134/><V101/><F135/><W103/><G123/><T63/><D82/><U40/><E71/><V55/><F127/><W11/><G73/><T25/><D118/><U91/><E122/><V68/><F131/><N who="1" m="50249" /><E91/><V78/><F65/><W76/><G76/><T46/><D119/><U112/><E85/><V41/><F55/><W83/><G104/><T87/><D87/><U94/><E112/><V113/><F113/><W106/><G106/><T38/><D38/><N who="1" m="21655" /><E16/><V92/><REACH who="2" step="1"/><F1/><AGARI ba="0,0" hai="1,6,9,32,33,94,96,102" m="21655,50249" machi="1" ten="30,2900,0" yaku="19,1,52,1" doraHai="7" who="1" fromWho="2" sc="352,0,280,29,242,-29,126,0" /><INIT seed="1,1,0,3,3,22" ten="352,309,213,126" oya="1" hai0="19,111,54,49,125,71,57,102,66,130,42,91,90" hai1="68,135,121,58,30,76,74,10,77,133,11,16,1" hai2="70,117,110,80,14,126,46,55,47,67,26,8,5" hai3="0,44,87,89,93,108,84,92,85,98,41,132,83"/><U62/><E68/><V64/><F117/><W48/><G108/><T107/><D111/><U27/><E121/><V104/><F110/><W94/><G132/><N who="1" m="50762" /><E1/><V25/><F104/><W50/><G0/><T128/><D125/><U36/><E36/><V112/><F126/><W24/><G50/><T31/><D71/><U61/><E61/><V7/><F112/><W99/><G99/><T101/><D66/><N who="2" m="25130" /><F70/><W40/><G40/><T81/><D128/><U28/><E28/><V88/><F5/><W37/><G37/><T118/><D31/><U56/><E74/><V109/><F109/><W95/><REACH who="3" step="1"/><G24/><REACH who="3" ten="352,309,213,116" step="2"/><N who="2" m="9321" /><F55/><W32/><G32/><T113/><D54/><U23/><E30/><V3/><F3/><W43/><G43/><T15/><D42/><U119/><E119/><V39/><F39/><W127/><G127/><T106/><D118/><U45/><E27/><V60/><F60/><W96/><G96/><T35/><D35/><U103/><E62/><V6/><F6/><W120/><G120/><T51/><D113/><U72/><E72/><V12/><F14/><W52/><G52/><T115/><D115/><U18/><E18/><V82/><F46/><W78/><AGARI ba="1,1" hai="41,44,48,78,83,84,85,87,89,92,93,94,95,98" machi="78" ten="30,4000,0" yaku="1,1,0,1,8,1,53,0" doraHai="22" doraHaiUra="65" who="3" fromWho="3" sc="352,-11,309,-21,213,-11,116,53" /><INIT seed="2,0,0,3,4,2" ten="341,288,202,169" oya="2" hai0="53,31,83,102,85,82,17,42,8,1,89,128,81" hai1="71,3,121,98,96,134,135,127,57,22,44,0,23" hai2="91,27,48,68,94,105,14,25,59,78,46,93,65" hai3="6,12,129,95,56,72,4,132,92,110,118,49,37"/><V41/><F105/><W39/><G118/><T116/><D116/><U115/><E57/><V126/><F126/><W63/><G110/><T131/><D31/><U114/><E44/><V51/><F78/><W54/><G72/><T20/><D102/><U125/><REACH who="1" step="1"/><E121/><REACH who="1" ten="341,278,202,169" step="2"/><V11/><F68/><AGARI ba="0,1" hai="0,3,22,23,68,71,96,98,114,115,125,127,134,135" machi="68" ten="25,6400,0" yaku="1,1,2,1,22,2,53,0" doraHai="2" doraHaiUra="73" who="1" fromWho="2" sc="341,0,278,74,202,-64,169,0" /><INIT seed="3,0,0,2,0,23" ten="341,352,138,169" oya="3" hai0="58,110,96,19,29,116,119,8,11,130,72,102,15" hai1="109,105,62,31,100,35,98,54,50,103,0,40,108" hai2="135,78,127,84,68,118,91,1,114,106,69,22,9" hai3="44,124,27,128,80,82,70,24,18,65,76,10,34"/><W94/><G124/><T47/><D72/><U93/><E0/><V48/><F118/><W20/><G128/><T43/><D130/><U33/><E40/><V52/><F114/><W121/><G121/><T95/><D110/><N who="1" m="42603" /><E62/><V6/><F127/><W59/><G70/><T73/><D73/><U71/><E71/><V36/><F36/><W32/><G94/><T51/><D29/><U74/><E74/><V30/><F106/><W75/><G82/><T57/><REACH who="0" step="1"/><D8/><REACH who="0" ten="331,352,138,169" step="2"/><U46/><E31/><V63/><F135/><W89/><G10/><T87/><D87/><U99/><AGARI ba="0,1" hai="33,35,46,50,54,93,98,99,100,103,105" m="42603" machi="99" ten="30,1100,0" yaku="14,1" doraHai="23" who="1" fromWho="1" sc="331,-3,352,21,138,-3,169,-5" owari="328,12.8,373,47.3,135,-36.5,164,-23.6" /></mjloggm>