<mjloggm ver="2.3"><GO type="225" lobby="0"/><UN n0="%E3%81%BF%E3%81%BF%E3%81%9A" n1="%72%61%6B%33" n2="%E7%82%8E%E3%81%AE%E3%83%88%E3%83%AC%E3%83%BC%E3%83%80%E3%83%BC" n3="%6D%75%75%6D%75%72%61" dan="17,16,16,16" rate="2261.11,2115.39,2121.15,2162.24" sx="M,M,M,F"/><TAIKYOKU oya="0"/><INIT seed="0,0,0,4,2,101" ten="250,250,250,250" oya="0" hai0="24,131,70,130,52,23,85,133,108,1,121,17,112" hai1="124,20,127,2,71,25,76,91,14,59,97,92,47" hai2="66,128,118,39,29,107,36,116,135,102,34,90,132" hai3="11,38,48,50,43,33,6,19,95,35,125,113,110"/><T12/><D70/><U105/><E71/><V72/><F90/><W114/><G38/><N who="2" m="14377" /><F72/><W94/><G110/><T61/><D1/><U115/><E2/><V0/><F66/><W21/><G125/><T98/><D112/><U58/><E115/><V69/><F0/><W126/><G126/><T122/><D108/><U77/><E105/><V104/><F69/><W42/><G11/><T74/><D74/><U53/><E47/><V37/><N who="2" m="14385" /><V28/><DORA hai="109" /><F128/><N who="0" m="49194" /><D133/><N who="2" m="51274" /><F102/><W87/><G87/><T40/><D40/><U129/><E129/><V55/><F55/><W79/><G19/><T4/><D85/><U123/><E127/><V78/><F78/><W51/><G51/><T56/><D98/><U16/><E124/><V111/><F111/><W75/><G75/><T8/><AGARI ba="0,0" hai="4,8,12,17,23,24,52,56,61,121,122" m="49194" machi="8" ten="30,3000,0" yaku="19,1,54,1" doraHai="101,109" who="0" fromWho="0" sc="250,30,250,-10,250,-10,250,-10" /><INIT seed="0,1,0,2,2,114" ten="280,240,240,240" oya="0" hai0="110,134,47,124,27,28,31,34,9,58,94,7,5" hai1="128,85,20,107,41,12,102,84,125,37,26,80,68" hai2="54,100,25,39,19,121,65,14,115,81,103,38,61" hai3="15,22,8,3,46,91,120,97,43,53,24,90,126"/><T49/><D124/><U77/><E68/><V122/><F115/><W1/><G126/><T133/><D110/><U87/><E125/><V96/><F54/><W83/><G53/><T92/><D58/><U57/><E128/><V2/><F2/><W105/><G120/><T63/><D63/><U71/><E71/><V109/><F109/><W44/><G44/><T113/><D113/><U101/><E12/><V73/><F25/><W16/><G91/><T17/><D17/><U135/><E135/><N who="0" m="51721" /><D31/><U29/><E57/><V72/><F61/><W35/><G35/><T119/><D119/><U78/><E107/><V11/><F65/><W108/><G108/><T60/><D60/><U89/><E77/><V70/><F70/><W75/><G75/><T118/><D118/><U66/><E66/><V129/><F129/><W36/><G83/><T86/><D86/><U62/><E62/><V88/><F81/><W4/><REACH who="3" step="1"/><G90/><REACH who="3" ten="280,240,240,230" step="2"/><T51/><D51/><U98/><E89/><V32/><F88/><W55/><G55/><N who="0" m="30143" /><D5/><U111/><E111/><V59/><F122/><W67/><G67/><T64/><D64/><U116/><E80/><V30/><F121/><W45/><G45/><T117/><D117/><U0/><E116/><V112/><F73/><W93/><G93/><T79/><D79/><U23/><E78/><V130/><F72/><W10/><G10/><T104/><D104/><U42/><E42/><V99/><F11/><W69/><G69/><T132/><N who="0" m="51729" /><T82/><DORA hai="76" /><D82/><U40/><E41/><V95/><F112/><W106/><G106/><T52/><D52/><RYUUKYOKU ba="1,1" sc="280,15,240,-15,240,-15,230,15" hai0="7,9,27,28,34,92,94" hai3="1,3,4,8,15,16,22,24,36,43,46,97,105" /><INIT seed="0,2,1,3,4,127" ten="295,225,225,245" oya="0" hai0="38,69,117,14,89,42,6,97,107,67,80,23,133" hai1="82,134,81,45,16,31,118,56,86,125,15,131,121" hai2="22,98,36,112,63,64,78,94,102,59,62,32,93" hai3="119,55,13,91,66,20,46,111,49,7,90,0,92"/><T109/><D117/><U8/><E118/><V72/><F32/><W27/><G119/><T60/><D133/><U101/><E121/><V74/><F36/><W12/><G111/><T58/><D109/><U48/><E125/><V37/><F37/><W28/><G66/><T106/><D38/><U110/><E110/><V73/><F112/><W40/><G90/><T116/><D116/><U29/><E134/><V11/><F94/><W95/><G95/><T50/><D97/><U87/><E101/><V85/><F11/><W17/><G0/><T65/><D69/><U47/><E56/><V44/><F44/><W120/><G120/><T129/><D129/><U9/><E131/><V70/><F22/><W3/><G3/><T5/><D67/><U34/><E34/><V33/><F33/><W122/><G7/><T113/><D113/><U77/><E8/><V61/><REACH who="2" step="1"/><F70/><REACH who="2" ten="295,225,215,245" step="2"/><W128/><G128/><T104/><D107/><U105/><E105/><V135/><F135/><W25/><G122/><T68/><D106/><U4/><E4/><V99/><F99/><W41/><G41/><T39/><D104/><U100/><E100/><V124/><F124/><W57/><G46/><N who="0" m="25943" /><D39/><U71/><E71/><V19/><F19/><W43/><G43/><T132/><D132/><U26/><E45/><V79/><F79/><W103/><G40/><T18/><D68/><U10/><E10/><V83/><AGARI ba="2,2" hai="59,61,62,63,64,72,73,74,78,83,85,93,98,102" machi="83" ten="40,5200,0" yaku="1,1,0,1,53,1" doraHai="127" doraHaiUra="75" who="2" fromWho="2" sc="295,-28,225,-15,215,78,245,-15" /><INIT seed="1,0,0,3,4,7" ten="267,210,293,230" oya="1" hai0="19,130,75,31,129,2,29,26,45,50,127,55,8" hai1="104,121,49,68,133,107,9,106,102,108,103,5,81" hai2="59,97,126,84,58,125,89,73,21,124,37,54,77" hai3="16,117,116,99,69,32,57,101,23,36,82,1,47"/><U96/><E68/><V28/><F37/><W11/><G69/><T10/><D75/><U14/><E121/><V111/><F111/><W83/><G32/><T61/><D127/><U65/><E108/><V110/><F110/><W119/><G57/><N who="0" m="35007" /><D2/><U115/><E115/><V39/><F39/><W113/><G113/><T91/><D91/><U123/><E123/><V78/><F97/><W100/><G47/><T44/><D19/><U20/><E133/><V80/><F54/><W22/><G22/><N who="0" m="15575" /><D31/><U15/><E65/><V120/><F120/><W88/><G36/><T85/><D45/><U118/><E118/><V18/><F28/><W64/><G64/><T87/><D129/><U43/><E81/><N who="2" m="49295" /><F78/><W62/><G82/><T86/><D130/><U112/><E112/><V94/><F94/><N who="3" m="56775" /><G83/><T66/><D66/><U17/><REACH who="1" step="1"/><E96/><REACH who="1" ten="267,200,293,230" step="2"/><V48/><F125/><W52/><G119/><T27/><D27/><U132/><E132/><V40/><F126/><W105/><G117/><T122/><D122/><U93/><E93/><V24/><F124/><W70/><G116/><T53/><AGARI ba="0,1" hai="8,10,44,50,53,85,86,87" m="15575,35007" machi="53" ten="30,4000,0" yaku="8,1,52,2" doraHai="7" who="0" fromWho="0" sc="267,50,200,-20,293,-10,230,-10" /><INIT seed="2,0,0,4,0,72" ten="317,180,283,220" oya="2" hai0="52,10,131,40,13,65,28,15,129,49,113,22,47" hai1="83,69,82,38,79,46,77,122,39,56,75,54,29" hai2="89,11,61,23,37,45,53,121,124,2,84,19,119" hai3="98,116,100,73,91,132,126,134,36,110,120,31,123"/><V117/><F121/><W130/><G36/><T59/><D113/><U60/><E122/><V57/><F124/><W90/><G31/><T7/><D65/><U12/><E69/><V76/><F2/><W133/><G126/><T32/><D32/><U48/><E12/><V0/><F0/><W55/><G116/><T43/><D43/><U35/><E29/><V94/><F11/><W78/><G55/><T9/><D22/><U16/><E16/><V95/><F95/><N who="3" m="58463" /><G110/><T80/><D80/><U111/><E35/><V97/><F45/><W105/><G105/><T101/><D101/><U102/><E102/><V66/><F37/><W112/><G130/><T21/><D21/><U87/><REACH who="1" step="1"/><E111/><REACH who="1" ten="317,170,283,220" step="2"/><V109/><F109/><W70/><G70/><T85/><D28/><U58/><E58/><V74/><F19/><W81/><G112/><T26/><D26/><U17/><E17/><V51/><F23/><W3/><G3/><T127/><D127/><U92/><E92/><V103/><F119/><W93/><G91/><T68/><D68/><U25/><E25/><V62/><F117/><W8/><G8/><T71/><D71/><U96/><E96/><AGARI ba="0,1" hai="73,78,81,90,93,96,120,123,132,133,134" m="58463" machi="96" ten="30,7700,0" yaku="20,1,34,2,52,1" doraHai="72" who="3" fromWho="1" sc="317,0,170,-77,283,0,220,87" /><INIT seed="3,0,0,2,0,113" ten="317,93,283,307" oya="3" hai0="56,87,70,5,105,42,47,72,108,83,57,39,51" hai1="44,80,96,117,74,84,116,35,52,24,81,94,22" hai2="10,15,61,23,77,118,62,9,49,30,92,104,11" hai3="64,135,50,102,0,97,100,37,21,69,131,34,18"/><W95/><G34/><T79/><D108/><U114/><E35/><V124/><F104/><W115/><G37/><T89/><D70/><U63/><E114/><V40/><F124/><W1/><G115/><T54/><D105/><U46/><E74/><V119/><F77/><W82/><G131/><T90/><D5/><U55/><E46/><V48/><F92/><W73/><G135/><T38/><D38/><U101/><E81/><V20/><F15/><W112/><G112/><T14/><D14/><U122/><E122/><V103/><F103/><W121/><G121/><T71/><D71/><U98/><E98/><V127/><F127/><W123/><G102/><T60/><D72/><U59/><E44/><V45/><F30/><W128/><G128/><T28/><D28/><U41/><E41/><V129/><F129/><W125/><G125/><T31/><D31/><U75/><E75/><V25/><F25/><W4/><G123/><T107/><D107/><U7/><E7/><V16/><F16/><W36/><G36/><T126/><D126/><U13/><E13/><V109/><F109/><W111/><G111/><T29/><D29/><U91/><REACH who="1" step="1"/><E55/><AGARI ba="0,0" hai="39,42,47,51,54,55,56,57,60,79,83,87,89,90" machi="55" ten="30,1000,0" yaku="7,1" doraHai="113" who="0" fromWho="1" sc="317,10,93,-10,283,0,307,0" owari="327,42.7,83,-41.7,283,-11.7,307,10.7" /></mjloggm>