<mjloggm ver="2.3"><GO type="225" lobby="0"/><UN n0="%E8%B7%AF%E9%9C%B8" n1="%72%61%6B%33" n2="%E9%80%9F%E6%B0%B4%E5%87%9B%E9%A6%99" n3="%54%4F%52" dan="17,16,16,17" rate="2201.17,2165.12,2100.72,2245.18" sx="M,M,F,M"/><TAIKYOKU oya="0"/><INIT seed="0,0,0,0,3,129" ten="250,250,250,250" oya="0" hai0="131,114,110,69,119,11,75,133,130,34,96,39,106" hai1="92,12,15,23,50,79,60,53,58,25,107,101,56" hai2="61,4,87,76,77,3,13,32,120,59,52,83,134" hai3="123,80,41,40,14,21,90,9,95,74,121,112,122"/><T44/><RYUUKYOKU type="yao9" ba="0,0" sc="250,0,250,0,250,0,250,0" hai0="11,34,39,44,69,75,96,106,110,114,119,130,131,133" /><INIT seed="0,1,0,1,5,82" ten="250,250,250,250" oya="0" hai0="83,33,126,104,100,37,36,9,50,53,61,69,4" hai1="41,101,12,15,120,40,109,131,96,30,3,124,122" hai2="78,111,48,102,67,65,98,56,127,72,110,74,55" hai3="132,62,18,24,79,58,94,90,20,51,70,31,125"/><T2/><D126/><U10/><E124/><V97/><F97/><W116/><G125/><T77/><D33/><U11/><E109/><N who="2" m="41483" /><F127/><W66/><G116/><T63/><D63/><U54/><E131/><V106/><F78/><W60/><G132/><T85/><D104/><U91/><E3/><V75/><AGARI ba="1,0" hai="48,55,56,65,67,72,74,75,98,102,106" m="41483" machi="75" ten="40,1500,0" yaku="14,1" doraHai="82" who="2" fromWho="2" sc="250,-8,250,-5,250,18,250,-5" /><INIT seed="1,0,0,3,1,97" ten="242,245,268,245" oya="1" hai0="27,3,36,121,128,26,70,58,124,19,110,118,55" hai1="99,92,117,44,93,135,109,45,52,43,54,13,105" hai2="73,100,34,49,82,37,77,40,95,31,104,125,30" hai3="133,122,81,83,42,41,63,102,127,38,113,106,123"/><U134/><E117/><V5/><F37/><W33/><G113/><T23/><D118/><U11/><E105/><V78/><F78/><W120/><G33/><T98/><D36/><U119/><E119/><V4/><F125/><W24/><G127/><T39/><D39/><U115/><E115/><V35/><F104/><W25/><G133/><N who="1" m="50698" /><E109/><V86/><F34/><W48/><G38/><T69/><D110/><U50/><E45/><N who="2" m="25767" /><F73/><W9/><G63/><T21/><D3/><U111/><E111/><V103/><F95/><N who="1" m="36425" /><E99/><V17/><F35/><W96/><G9/><T131/><D124/><U51/><E51/><V29/><F17/><AGARI ba="0,0" hai="11,13,17,43,44,50,52,54" m="36425,50698" machi="17" ten="30,2900,0" yaku="20,1,54,1" doraHai="97" who="1" fromWho="2" sc="242,0,245,29,268,-29,245,0" /><INIT seed="1,1,0,2,0,42" ten="242,274,239,245" oya="1" hai0="26,90,79,44,87,13,72,133,2,80,20,47,46" hai1="83,102,77,31,33,40,29,86,36,128,45,67,5" hai2="15,100,11,94,121,12,112,123,82,126,117,135,6" hai3="125,75,131,38,56,48,14,24,9,97,51,127,57"/><U61/><E128/><V111/><F117/><W91/><G38/><T0/><D13/><U19/><E33/><V109/><F82/><W32/><G75/><T74/><D133/><U108/><E108/><N who="2" m="41547" /><F100/><W116/><G131/><T118/><D118/><U3/><E19/><V101/><F101/><W54/><G116/><T103/><D103/><U71/><REACH who="1" step="1"/><E102/><REACH who="1" ten="242,264,239,245" step="2"/><V34/><F34/><W58/><G32/><T8/><D8/><AGARI ba="1,1" hai="3,5,8,29,31,36,40,45,61,67,71,77,83,86" machi="8" ten="40,12000,1" yaku="1,1,2,1,52,1,53,2" doraHai="42" doraHaiUra="27" who="1" fromWho="0" sc="242,-123,264,133,239,0,245,0" /><INIT seed="1,2,0,0,1,82" ten="119,397,239,245" oya="1" hai0="54,12,28,17,46,40,8,108,109,96,44,118,55" hai1="39,130,85,83,32,27,98,31,121,101,89,59,16" hai2="78,111,19,95,4,48,21,5,69,73,1,91,120" hai3="132,14,77,56,37,114,80,122,25,86,42,88,134"/><U74/><E121/><V72/><F69/><W97/><G122/><T104/><D118/><U49/><E39/><V81/><F120/><W76/><G114/><T116/><D116/><U61/><E130/><V26/><F111/><W70/><G70/><T0/><D28/><U41/><E74/><V71/><F71/><W107/><G14/><T103/><D0/><U68/><E41/><V45/><F73/><W131/><G131/><T30/><D30/><U34/><E49/><V128/><F128/><W24/><G56/><T18/><D46/><U10/><E68/><V2/><F2/><W23/><G42/><T87/><D18/><U64/><E10/><V124/><F124/><W135/><G37/><T9/><D9/><U106/><REACH who="1" step="1"/><E16/><REACH who="1" ten="119,387,239,245" step="2"/><V15/><F1/><W52/><G25/><T112/><D112/><U53/><E53/><V6/><F26/><W50/><G50/><T29/><D29/><U115/><E115/><V113/><F113/><W125/><G52/><T127/><D127/><U11/><E11/><V110/><F110/><W33/><G125/><T51/><D108/><U126/><E126/><V65/><F65/><W7/><G7/><T123/><D109/><U47/><E47/><V79/><F48/><W100/><G33/><AGARI ba="2,1" hai="27,31,32,33,34,59,61,64,83,85,89,98,101,106" machi="33" ten="30,11600,0" yaku="1,1,7,1,52,1,53,1" doraHai="82" doraHaiUra="60" who="1" fromWho="3" sc="119,0,387,132,239,0,245,-122" /><INIT seed="1,3,0,1,2,111" ten="119,519,239,123" oya="1" hai0="131,95,113,51,66,21,118,45,107,74,79,46,31" hai1="93,112,120,88,77,108,86,133,1,18,129,97,9" hai2="125,32,42,89,56,130,6,17,14,123,114,19,87" hai3="27,58,35,98,4,99,122,12,103,104,10,81,80"/><U7/><E120/><V24/><F123/><W76/><G122/><T39/><D118/><U2/><E108/><V8/><F130/><W23/><G35/><T82/><D107/><U85/><E129/><V26/><F125/><W47/><G99/><T78/><D131/><U121/><E121/><V41/><F114/><W5/><G5/><T13/><D66/><U38/><E38/><V119/><F119/><W105/><G105/><T55/><D78/><U28/><E112/><V128/><F128/><W126/><G126/><T33/><D33/><U134/><E1/><V11/><F32/><W72/><G81/><T101/><D113/><U22/><E28/><V52/><F24/><W57/><REACH who="3" step="1"/><G47/><REACH who="3" ten="119,519,239,113" step="2"/><T63/><D45/><U135/><E77/><V60/><F6/><W124/><G124/><T69/><D39/><U61/><E61/><V127/><F127/><W16/><AGARI ba="3,1" hai="4,10,12,16,23,27,57,58,72,76,80,98,103,104" machi="16" ten="20,5200,0" yaku="1,1,0,1,7,1,54,1,53,0" doraHai="111" doraHaiUra="40" who="3" fromWho="3" sc="119,-16,519,-29,239,-16,113,71" /><INIT seed="2,0,0,5,4,83" ten="103,490,223,184" oya="2" hai0="75,66,7,123,2,15,14,68,120,71,5,112,129" hai1="55,27,62,97,115,105,122,42,58,4,124,82,11" hai2="20,104,29,106,119,52,86,60,69,118,10,51,12" hai3="96,64,111,133,103,113,39,18,93,59,109,79,65"/><V76/><F106/><W89/><G39/><T47/><D66/><U67/><E115/><V63/><F104/><W57/><G113/><T77/><D112/><U16/><E124/><V128/><F128/><W54/><G133/><T98/><D98/><U8/><E122/><V126/><F126/><W94/><G79/><T80/><D129/><U38/><E38/><V135/><F135/><W3/><G3/><T49/><D2/><U88/><E42/><V6/><F69/><W132/><G132/><T46/><D77/><U36/><E36/><V90/><F76/><W99/><G57/><T131/><D131/><U45/><E4/><V134/><F134/><W91/><G103/><T100/><D80/><U74/><E74/><V43/><F43/><W101/><G101/><T28/><D100/><U107/><E8/><V110/><F110/><N who="3" m="41995" /><G18/><T56/><D56/><U25/><E107/><V127/><F127/><W33/><G33/><T35/><D49/><AGARI ba="0,0" hai="49,54,59,64,65,89,91,93,94,96,99" m="41995" machi="49" ten="30,1000,0" yaku="14,1" doraHai="83" who="3" fromWho="0" sc="103,-10,490,0,223,0,184,10" /><INIT seed="3,0,0,5,5,9" ten="93,490,223,194" oya="3" hai0="72,98,52,65,113,0,32,56,97,54,99,24,10" hai1="15,36,13,57,25,22,116,42,53,49,119,61,46" hai2="71,83,101,18,3,21,43,86,130,20,17,78,2" hai3="31,96,69,30,62,117,76,47,92,85,123,67,135"/><W81/><G117/><N who="1" m="45130" /><E36/><V114/><F71/><W93/><G123/><T84/><D72/><U12/><E25/><V87/><F114/><W129/><G129/><T45/><D113/><U55/><E22/><V68/><F68/><W14/><G135/><T90/><D32/><U1/><E1/><V131/><F101/><W77/><G77/><T19/><D0/><U106/><E106/><V132/><F43/><AGARI ba="0,0" hai="12,13,15,42,43,46,49,53,55,57,61" m="45130" machi="43" ten="30,7700,0" yaku="12,1,52,3" doraHai="9" who="1" fromWho="2" sc="93,0,490,77,223,-77,194,0" owari="93,-40.7,567,66.7,146,-25.4,194,-0.6" /></mjloggm>