<mjloggm ver="2.3"><GO type="225" lobby="0"/><UN n0="%E3%82%BC%E3%83%AB%E3%83%80%E3%81%AE%E4%BC%9D%E8%AA%AC" n1="%6D%75%75%6D%75%72%61" n2="%33%74%72%65%65" n3="%E6%B0%B7%E5%B7%9D%E9%87%8C%E5%A5%88" dan="17,17,16,16" rate="2208.68,2178.35,2155.87,2112.94" sx="M,F,F,F"/><TAIKYOKU oya="0"/><INIT seed="0,0,0,4,4,119" ten="250,250,250,250" oya="0" hai0="45,131,48,21,7,1,6,98,15,127,94,110,71" hai1="9,27,35,133,67,117,84,38,66,13,11,16,135" hai2="25,12,65,109,5,95,106,88,114,121,22,51,76" hai3="73,96,28,125,44,132,63,102,123,43,72,34,105"/><T116/><D116/><U87/><E117/><V37/><F114/><W124/><G132/><N who="1" m="50762" /><E38/><V77/><F37/><W29/><G63/><T53/><D71/><U14/><E27/><V18/><F106/><W26/><G29/><T86/><D127/><U107/><E35/><V40/><F109/><W118/><G118/><T78/><D110/><U85/><E107/><V128/><F128/><W111/><G111/><T112/><D1/><U104/><E104/><V70/><F121/><W122/><G72/><T93/><D112/><U17/><AGARI ba="0,0" hai="9,11,13,14,16,17,66,67,84,85,87" m="50762" machi="17" ten="30,2000,0" yaku="20,1,54,1" doraHai="119" who="1" fromWho="1" sc="250,-10,250,20,250,-5,250,-5" /><INIT seed="1,0,0,2,0,18" ten="240,270,245,245" oya="1" hai0="15,1,118,20,6,103,78,42,30,25,57,108,76" hai1="93,89,27,72,114,69,0,71,51,95,84,38,90" hai2="88,66,123,97,68,82,43,131,83,58,122,29,24" hai3="80,119,129,47,134,55,31,33,74,52,54,17,40"/><U4/><E114/><V5/><F131/><W16/><G129/><T132/><D118/><U53/><E38/><V75/><F68/><W105/><G105/><T21/><D108/><U128/><E72/><V60/><F43/><W61/><G134/><T67/><D132/><U101/><E128/><V100/><F5/><W110/><G110/><T127/><D127/><U79/><E79/><V77/><F83/><W121/><G121/><T9/><D42/><U62/><E101/><V8/><F8/><W46/><G119/><T85/><D103/><U50/><E4/><V44/><F44/><W28/><G61/><N who="0" m="38319" /><D1/><U32/><E0/><V48/><F48/><W35/><G80/><N who="0" m="47239" /><D78/><U64/><E71/><V124/><F88/><W91/><G91/><T117/><D117/><U96/><REACH who="1" step="1"/><E53/><REACH who="1" ten="240,260,245,245" step="2"/><V45/><F124/><W98/><G74/><T22/><AGARI ba="0,1" hai="6,9,15,20,21,22,25,30" m="47239,38319" machi="22" ten="30,7900,0" yaku="8,1,52,3" doraHai="18" who="0" fromWho="0" sc="240,89,260,-39,245,-20,245,-20" /><INIT seed="2,0,0,0,4,98" ten="329,221,225,225" oya="2" hai0="110,5,3,51,112,86,67,132,42,60,26,6,119" hai1="109,101,46,126,49,76,78,17,44,116,118,58,100" hai2="19,127,34,30,96,13,133,113,130,32,36,59,85" hai3="82,80,1,72,12,131,64,102,54,88,114,107,53"/><V14/><F113/><W50/><G1/><T128/><D112/><U15/><E116/><V39/><F133/><W21/><G114/><T134/><D119/><U115/><E109/><V122/><F122/><W25/><G131/><T99/><D128/><U11/><E126/><V129/><F127/><W56/><G64/><T70/><D110/><U20/><E118/><V22/><F85/><W61/><G72/><T71/><D71/><U135/><E135/><N who="0" m="51753" /><D3/><U124/><E124/><V35/><F30/><W63/><G12/><T77/><D99/><U23/><E58/><V97/><F22/><N who="1" m="8233" /><E115/><V28/><F28/><W57/><G50/><T55/><D42/><N who="1" m="24727" /><E46/><V10/><F35/><W75/><G75/><T41/><D41/><U65/><E65/><V68/><F68/><W2/><G2/><T105/><D105/><U31/><E31/><V9/><F59/><W104/><G21/><T62/><D62/><U95/><E95/><V106/><F106/><W7/><G25/><T0/><D26/><U120/><E120/><V38/><F38/><W69/><G69/><T121/><D0/><U43/><E43/><V93/><F93/><W123/><G123/><T52/><D121/><U89/><E89/><V66/><F66/><W37/><G37/><T29/><D29/><U79/><AGARI ba="0,0" hai="11,15,17,76,78,79,100,101" m="24727,8233" machi="79" ten="30,4000,0" yaku="8,1,52,2" doraHai="98" who="1" fromWho="1" sc="329,-10,221,40,225,-20,225,-10" /><INIT seed="3,0,0,5,2,77" ten="319,261,205,215" oya="3" hai0="37,64,47,10,67,28,97,39,29,131,82,40,90" hai1="56,85,105,50,95,100,88,69,124,9,91,57,93" hai2="92,45,30,61,78,33,2,99,83,76,8,18,3" hai3="53,119,75,7,103,87,19,1,26,133,42,32,16"/><W70/><G119/><T94/><D37/><U121/><E69/><V5/><F3/><W55/><G75/><T109/><D109/><U122/><E121/><V34/><F30/><W128/><G70/><T38/><D38/><U134/><E105/><V44/><F61/><W36/><G133/><T81/><D131/><U58/><E122/><V31/><F18/><W118/><G128/><T54/><D10/><U80/><E134/><V62/><F62/><W0/><G87/><T113/><D113/><U89/><E124/><V35/><F31/><N who="0" m="11850" /><D40/><U43/><E9/><V98/><F76/><W22/><G19/><T27/><D27/><U4/><E4/><V125/><F125/><W96/><G32/><T41/><D41/><U11/><E11/><V14/><F2/><W114/><G114/><T21/><D21/><U65/><E65/><N who="0" m="25161" /><D39/><U117/><E117/><V6/><F6/><W48/><G118/><T110/><D110/><U23/><E23/><V13/><F13/><W104/><G7/><T108/><D108/><U71/><E71/><V84/><REACH who="2" step="1"/><F99/><REACH who="2" ten="319,261,195,215" step="2"/><W135/><G135/><T15/><D15/><U79/><E100/><AGARI ba="0,1" hai="5,8,14,33,34,35,44,45,78,83,84,92,98,100" machi="100" ten="40,5200,0" yaku="1,1,2,1,52,1,53,0" doraHai="77" doraHaiUra="126" who="2" fromWho="1" sc="319,0,261,-52,195,62,215,0" owari="319,41.9,209,-29.1,257,5.7,215,-18.5" /></mjloggm>