<mjloggm ver="2.3"><GO type="225" lobby="0"/><UN n0="%E7%9C%9F%E4%B8%80" n1="%E9%A2%A8%E3%81%A7%E9%B3%B4%E3%81%8F" n2="%E2%91%A3%E9%81%BF%E9%81%8A%E6%88%AF%E3%80%90%E6%9D%B1%E5%8D%97%E3%80%91" n3="%E3%81%82%E3%81%99%E3%81%AB%E3%82%83%E3%82%80" dan="17,16,16,16" rate="2245.02,2117.19,2165.21,2051.10" sx="M,M,M,F"/><TAIKYOKU oya="0"/><INIT seed="0,0,0,5,2,17" ten="250,250,250,250" oya="0" hai0="6,107,81,84,44,123,98,26,59,102,105,19,76" hai1="28,75,127,108,39,68,4,94,95,133,32,74,71" hai2="7,52,110,77,101,29,50,80,111,99,43,15,1" hai3="116,46,78,9,20,62,35,117,88,2,23,31,86"/><T112/><D112/><U8/><E94/><V18/><F43/><W82/><G35/><T3/><D123/><U126/><E95/><V48/><F48/><W132/><G132/><T21/><D107/><U11/><E11/><V70/><F70/><N who="1" m="26665" /><E133/><V0/><F29/><W87/><G62/><T56/><REACH who="0" step="1"/><D44/><REACH who="0" ten="240,250,250,250" step="2"/><U109/><E39/><V47/><F99/><W134/><G134/><T121/><D121/><U73/><E109/><N who="2" m="41483" /><F101/><W45/><G117/><T42/><D42/><U12/><E108/><V97/><F97/><W114/><G116/><T90/><D90/><U83/><E126/><V10/><F7/><W30/><G114/><T57/><D57/><U135/><E127/><V119/><F119/><W58/><G58/><T55/><D55/><U24/><E135/><V22/><F10/><AGARI ba="0,1" hai="3,6,10,19,21,26,56,59,76,81,84,98,102,105" machi="10" ten="40,7700,0" yaku="1,1,52,1,53,1" doraHai="17" doraHaiUra="92" who="0" fromWho="2" sc="240,87,250,0,250,-77,250,0" /><INIT seed="0,1,0,3,3,94" ten="327,250,173,250" oya="0" hai0="32,133,56,60,102,112,90,14,42,69,125,85,29" hai1="123,75,135,115,63,53,106,79,122,111,17,59,31" hai2="40,54,103,50,64,41,76,65,4,57,83,116,84" hai3="104,127,126,68,93,95,43,74,58,119,8,121,3"/><T33/><D112/><U91/><E106/><V46/><F116/><W45/><G119/><T6/><D69/><U89/><E115/><V27/><F41/><W36/><G68/><T25/><D133/><U48/><E135/><V49/><F27/><W86/><G121/><T23/><D125/><N who="3" m="47625" /><G104/><T2/><D42/><U34/><E111/><V62/><F62/><W5/><G74/><T13/><D2/><U97/><E79/><V118/><F118/><W24/><G86/><T15/><D102/><U108/><E75/><V12/><F103/><W66/><G24/><T52/><REACH who="0" step="1"/><D6/><REACH who="0" ten="317,250,173,250" step="2"/><U120/><E120/><V71/><REACH who="2" step="1"/><F71/><REACH who="2" ten="317,250,163,250" step="2"/><W110/><G43/><T28/><D28/><U22/><E31/><V47/><F47/><W99/><G45/><T39/><D39/><U61/><E123/><V114/><F114/><W51/><G36/><T0/><D0/><U72/><E122/><V7/><F7/><W107/><G5/><T10/><D10/><AGARI ba="1,2" hai="4,10,12,40,46,49,50,54,57,64,65,76,83,84" machi="10" ten="40,8000,1" yaku="1,1,25,2,8,1,53,0" doraHai="94" doraHaiUra="101" who="2" fromWho="0" sc="317,-83,250,0,163,103,250,0" /><INIT seed="1,0,0,2,4,56" ten="234,250,266,250" oya="1" hai0="103,70,130,8,113,17,120,25,12,15,22,63,82" hai1="33,81,48,128,34,108,87,57,111,60,88,55,32" hai2="97,110,4,134,68,65,90,125,9,66,84,52,74" hai3="121,1,114,133,64,101,92,30,115,72,19,2,18"/><U23/><E128/><V132/><F74/><W6/><G121/><T78/><D113/><U58/><REACH who="1" step="1"/><E23/><REACH who="1" ten="234,240,266,250" step="2"/><V86/><F132/><W131/><G133/><T109/><D130/><U79/><E79/><V80/><F134/><W21/><G131/><T13/><D120/><U119/><E119/><V91/><F125/><W96/><G21/><T126/><D126/><U54/><AGARI ba="0,1" hai="32,33,34,48,54,55,57,58,60,81,87,88,108,111" machi="54" ten="40,12000,1" yaku="1,1,0,1,52,1,54,1,53,0" doraHai="56" doraHaiUra="24" who="1" fromWho="1" sc="234,-40,240,130,266,-40,250,-40" /><INIT seed="1,1,0,5,4,74" ten="194,370,226,210" oya="1" hai0="19,88,47,39,67,59,45,83,14,15,28,121,132" hai1="6,26,10,65,110,102,37,38,116,1,58,134,48" hai2="128,72,75,81,117,135,57,55,79,133,96,129,127" hai3="78,118,113,84,11,93,5,120,119,44,25,112,73"/><U108/><E116/><N who="3" m="44586" /><G44/><N who="0" m="16971" /><D39/><U16/><E134/><N who="2" m="51211" /><F117/><W100/><G25/><T104/><D104/><U20/><E102/><V98/><F57/><W42/><G42/><T107/><D107/><U69/><E69/><V125/><F72/><W86/><G11/><T77/><D132/><U4/><E4/><V80/><F81/><N who="3" m="45263" /><G5/><T51/><D28/><U49/><E49/><V111/><F55/><W61/><G61/><N who="0" m="38335" /><D121/><U33/><E48/><V99/><F111/><N who="1" m="42537" /><E33/><V22/><F22/><W76/><G120/><T46/><D19/><U56/><E56/><V68/><F68/><W18/><G18/><T54/><D77/><U40/><E40/><V114/><F114/><N who="3" m="44139" /><G76/><T52/><D54/><U94/><E58/><V101/><F101/><W91/><G100/><T13/><D14/><U62/><E62/><V85/><F75/><W130/><G130/><AGARI ba="1,0" hai="79,80,85,96,98,99,125,127,128,129,130" m="51211" machi="130" ten="40,12000,2" yaku="30,2,19,1,20,1,34,2,52,1" doraHai="74" who="2" fromWho="3" sc="194,0,370,0,226,123,210,-123" /><INIT seed="2,0,0,2,1,20" ten="194,370,349,87" oya="2" hai0="89,30,76,124,128,92,116,101,63,12,80,51,75" hai1="103,97,122,42,132,104,69,131,130,90,112,23,43" hai2="58,16,105,56,34,25,78,55,126,10,108,45,31" hai3="99,61,117,38,5,134,65,88,135,79,1,86,2"/><V82/><F105/><W24/><G38/><T0/><D0/><U26/><E69/><V47/><F126/><W94/><G117/><T72/><D124/><U118/><E112/><V46/><F108/><W39/><G39/><T96/><D116/><U62/><E118/><V6/><F55/><W114/><G114/><T22/><D128/><N who="1" m="49195" /><E132/><N who="3" m="50730" /><G5/><T111/><D111/><U119/><E119/><V8/><F8/><W60/><G60/><T7/><D51/><U120/><E90/><V95/><F95/><W109/><G109/><T29/><D75/><U21/><E21/><V64/><F64/><W15/><G15/><T19/><D7/><U50/><E62/><V129/><F129/><W9/><G9/><T67/><REACH who="0" step="1"/><D89/><REACH who="0" ten="184,370,349,87" step="2"/><U91/><E91/><V115/><F115/><W125/><G125/><T40/><D40/><U52/><E43/><V27/><F6/><W85/><G2/><T18/><D18/><N who="1" m="12663" /><E42/><V107/><F16/><W57/><G1/><T35/><D35/><U113/><E113/><V13/><F34/><W102/><G79/><T49/><D49/><U70/><E70/><AGARI ba="0,1" hai="12,19,22,29,30,63,67,70,72,76,80,92,96,101" machi="70" ten="30,3900,0" yaku="1,1,7,1,53,1" doraHai="20" doraHaiUra="14" who="0" fromWho="1" sc="184,49,370,-39,349,0,87,0" /><INIT seed="3,0,0,5,0,2" ten="233,331,349,87" oya="3" hai0="30,60,135,59,98,55,107,63,109,21,92,111,128" hai1="97,90,130,64,29,45,74,36,34,41,93,68,132" hai2="31,99,35,105,1,54,72,19,0,28,65,85,3" hai3="78,123,49,53,52,32,119,20,79,26,43,70,100"/><W115/><G115/><T67/><D107/><U122/><E74/><V125/><F72/><W22/><G119/><T69/><D135/><U44/><E122/><V87/><F125/><W121/><G70/><T10/><D128/><U120/><E120/><V23/><F65/><W129/><G129/><T5/><D30/><U27/><E130/><V33/><F54/><N who="3" m="21099" /><G32/><T118/><D21/><N who="3" m="8297" /><G123/><T25/><D25/><U104/><E104/><V91/><F35/><W7/><G121/><T126/><D126/><U89/><E132/><V116/><F33/><W6/><G26/><T9/><D9/><U40/><E64/><V133/><F116/><W127/><G100/><T110/><D118/><U50/><E68/><V117/><F133/><W66/><G66/><T57/><D69/><U131/><E131/><V16/><F19/><W71/><G71/><T102/><REACH who="0" step="1"/><D10/><REACH who="0" ten="223,331,349,87" step="2"/><U37/><E37/><V17/><F117/><W61/><G127/><T83/><D83/><U88/><AGARI ba="0,1" hai="27,29,34,36,40,41,44,45,50,88,89,90,93,97" machi="88" ten="20,2700,0" yaku="0,1,7,1,54,1" doraHai="2" who="1" fromWho="1" sc="223,-7,331,37,349,-7,87,-13" owari="216,-18.4,368,46.8,342,14.2,74,-42.6" /></mjloggm>