<mjloggm ver="2.3"><GO type="225" lobby="0"/><UN n0="%6D%75%75%73%61%6E%6D%75" n1="%E3%81%A8%E3%82%89%E3%81%84%E3%81%A1" n2="%E3%81%AF%E3%82%88%E3%81%8A%E3%81%98%E3%81%95%E3%82%93" n3="%E3%81%99%E3%81%84%E3%81%BE%E3%81%9B%E3%83%BC%E3%82%93" dan="16,16,17,18" rate="2150.46,2130.71,2151.98,2265.75" sx="F,M,M,M"/><TAIKYOKU oya="0"/><INIT seed="0,0,0,4,5,100" ten="250,250,250,250" oya="0" hai0="35,25,79,69,2,106,114,8,63,28,33,111,119" hai1="129,12,132,51,72,68,70,97,0,128,88,16,92" hai2="113,71,90,94,46,49,20,124,131,73,123,62,42" hai3="26,98,133,32,48,118,104,120,80,105,110,116,1"/><T30/><D114/><U41/><E0/><V77/><F113/><W57/><G1/><T55/><D119/><U23/><E72/><V4/><F123/><W3/><G3/><T31/><D111/><U93/><E132/><V36/><F124/><W59/><G110/><T109/><D109/><U67/><E93/><V66/><F131/><N who="1" m="50249" /><E67/><V76/><F73/><W61/><G133/><T82/><D55/><U130/><N who="1" m="50257" /><U101/><DORA hai="17" /><E101/><V99/><F4/><W37/><G37/><T78/><D106/><U89/><E89/><V102/><F90/><W10/><G120/><T87/><D79/><U117/><E117/><V81/><F81/><W74/><G80/><T91/><D91/><U11/><E11/><V5/><F5/><W53/><G10/><T43/><D43/><U83/><E83/><V9/><F9/><W65/><G74/><T64/><REACH who="0" step="1"/><D35/><REACH who="0" ten="240,250,250,250" step="2"/><U15/><E15/><V7/><F77/><W75/><G118/><T127/><D127/><U40/><E40/><V108/><F76/><W107/><G116/><T122/><D122/><U58/><E41/><V47/><F108/><W134/><G134/><T95/><D95/><U39/><E39/><V56/><F36/><W50/><G75/><T60/><D60/><U6/><E6/><AGARI ba="0,1" hai="2,6,8,25,28,30,31,33,63,64,69,78,82,87" machi="6" ten="40,2000,0" yaku="1,1,53,0" doraHai="100,17" doraHaiUra="86,19" who="0" fromWho="1" sc="240,30,250,-20,250,0,250,0" /><INIT seed="0,1,0,0,5,28" ten="270,230,250,250" oya="0" hai0="27,91,78,107,68,0,46,129,7,92,61,84,83" hai1="90,54,25,135,32,120,100,42,79,105,86,44,128" hai2="19,23,103,36,122,67,87,88,66,5,37,6,17" hai3="20,40,39,53,60,64,8,22,29,31,76,9,65"/><T134/><D129/><U48/><E120/><V73/><F73/><W115/><G115/><T89/><D134/><U112/><E135/><V41/><F122/><W114/><G114/><T104/><D0/><U13/><E112/><V127/><F127/><W35/><G76/><T58/><D7/><U99/><E128/><V24/><F103/><W125/><G40/><T131/><D68/><U98/><E13/><V77/><F77/><W113/><G113/><T121/><D121/><U21/><E98/><V57/><F37/><W124/><G53/><T45/><D131/><U51/><E79/><V130/><F130/><W119/><G60/><T62/><D62/><U94/><E32/><V10/><F36/><W116/><G39/><T69/><D69/><U49/><REACH who="1" step="1"/><E42/><REACH who="1" ten="270,220,250,250" step="2"/><V74/><F41/><W33/><AGARI ba="1,1" hai="8,9,20,22,29,31,33,35,64,65,116,119,124,125" machi="33" ten="25,8000,1" yaku="0,1,22,2,52,2" doraHai="28" who="3" fromWho="3" sc="270,-41,220,-21,250,-21,250,93" /><INIT seed="1,0,0,5,0,103" ten="229,199,229,343" oya="1" hai0="50,71,89,39,76,18,4,32,107,110,25,33,73" hai1="104,12,132,78,0,5,119,75,135,58,77,22,94" hai2="124,83,115,74,126,114,109,100,90,1,53,84,7" hai3="65,29,128,14,51,41,26,24,131,49,9,8,31"/><U46/><E119/><V28/><F28/><W11/><G65/><T57/><D39/><U112/><E112/><N who="2" m="43051" /><F7/><W16/><G41/><T17/><D71/><U44/><E58/><V108/><F1/><W61/><G61/><T62/><D4/><U48/><E94/><V72/><F53/><W59/><G59/><T106/><D110/><N who="2" m="42602" /><F100/><W79/><G79/><T43/><D76/><U93/><E93/><V64/><F64/><W13/><G8/><T92/><D73/><AGARI ba="0,0" hai="72,73,74,83,84,90,124,126" m="42602,43051" machi="73" ten="40,8000,1" yaku="11,1,14,1,34,2" doraHai="103" who="2" fromWho="0" sc="229,-80,199,0,229,80,343,0" /><INIT seed="2,0,0,2,4,99" ten="149,199,309,343" oya="2" hai0="47,22,118,13,124,4,61,86,48,88,35,113,33" hai1="3,65,49,25,1,95,107,15,69,26,79,102,101" hai2="34,8,16,60,72,110,70,14,74,76,117,44,50" hai3="68,71,6,133,21,120,123,39,0,32,24,92,23"/><V73/><F117/><W126/><G39/><T106/><D113/><U7/><E107/><V91/><F34/><W18/><G92/><T128/><D118/><U57/><E69/><V112/><F112/><W31/><G71/><T96/><D128/><U40/><E79/><V98/><F110/><W27/><G68/><T2/><D124/><U42/><E1/><V84/><F98/><W85/><G85/><T19/><D61/><N who="1" m="38063" /><E3/><V51/><F76/><W67/><G67/><T108/><D108/><U129/><E95/><V38/><F70/><W97/><G97/><T122/><D122/><U10/><E129/><V100/><F60/><W131/><G131/><T81/><D2/><U54/><E26/><V90/><F90/><W80/><G80/><T58/><D58/><N who="1" m="33103" /><E25/><V53/><F50/><W12/><G126/><T66/><D66/><U132/><E132/><V45/><F38/><W62/><G62/><T83/><D83/><U94/><E94/><V111/><F111/><W56/><G133/><T103/><REACH who="0" step="1"/><D4/><REACH who="0" ten="139,199,309,343" step="2"/><U134/><E134/><V87/><F44/><W104/><G56/><T109/><D109/><U105/><E105/><V121/><F121/><W130/><G104/><T127/><D127/><U11/><E11/><V28/><F45/><W135/><G130/><T5/><D5/><U59/><E59/><V116/><F116/><W9/><G135/><T20/><D20/><U119/><E119/><V37/><F8/><W77/><G123/><T43/><AGARI ba="0,1" hai="13,19,22,33,35,43,47,48,81,86,88,96,103,106" machi="43" ten="20,8000,1" yaku="1,1,0,1,7,1,52,1,54,1,53,0" doraHai="99" doraHaiUra="75" who="0" fromWho="0" sc="139,90,199,-20,309,-40,343,-20" /><INIT seed="3,0,0,4,1,134" ten="229,179,269,323" oya="3" hai0="96,69,32,65,133,2,80,123,40,55,31,101,102" hai1="85,74,42,23,68,49,120,66,22,3,90,127,37" hai2="121,17,52,44,81,92,13,115,100,48,9,125,109" hai3="39,54,5,60,83,113,86,19,29,108,82,15,64"/><W8/><G39/><T14/><D123/><U11/><E120/><V38/><F115/><W114/><G108/><T103/><D2/><U93/><E74/><V67/><F121/><W131/><G131/><T84/><D133/><U18/><E37/><V61/><F109/><W63/><G29/><T46/><D55/><U116/><E116/><V28/><F38/><W118/><G118/><T6/><D65/><U98/><E68/><V124/><F28/><W97/><G97/><T75/><D69/><U27/><E66/><V107/><F107/><W10/><G54/><T1/><D1/><U95/><E23/><V128/><F128/><W70/><G63/><T110/><D75/><U24/><E24/><V47/><F44/><W89/><G83/><T122/><D110/><U62/><E62/><V91/><F100/><W88/><G89/><T111/><D122/><U117/><E117/><V112/><F112/><W51/><G51/><N who="0" m="27079" /><D111/><U20/><E20/><V53/><F53/><W0/><AGARI ba="0,0" hai="0,5,8,10,15,19,60,64,70,82,86,88,113,114" machi="0" ten="20,3900,0" yaku="0,1,7,1,54,1" doraHai="134" who="3" fromWho="3" sc="229,-13,179,-13,269,-13,323,39" owari="216,-18.4,166,-33.4,256,5.6,362,46.2" /></mjloggm>