<mjloggm ver="2.3"><GO type="225" lobby="0"/><UN n0="%E8%90%BD%E6%97%A5" n1="%72%61%6B%33" n2="%E9%80%9F%E6%B0%B4%E5%87%9B%E9%A6%99" n3="%73%61%6E%64%69%72%69%73" dan="19,16,17,16" rate="2249.18,2202.65,2190.81,2114.44" sx="F,M,F,M"/><TAIKYOKU oya="0"/><INIT seed="0,0,0,0,1,113" ten="250,250,250,250" oya="0" hai0="50,82,21,37,118,67,35,134,68,100,135,94,47" hai1="16,1,99,107,84,62,115,116,104,24,58,20,19" hai2="25,85,36,120,40,92,111,79,70,80,22,59,97" hai3="64,72,126,73,44,103,42,69,9,66,83,89,10"/><T109/><D35/><U131/><E115/><V127/><F70/><W27/><G103/><T48/><D82/><U90/><E116/><V7/><F120/><W23/><G126/><T117/><D21/><U8/><E131/><V38/><F127/><W51/><G73/><T125/><D125/><U124/><E124/><V114/><F111/><W31/><G69/><T5/><D5/><U52/><E99/><V101/><F114/><W34/><G34/><T119/><D109/><U91/><E91/><V13/><F40/><W106/><G106/><T56/><D68/><U133/><E133/><N who="0" m="50697" /><D94/><U4/><REACH who="1" step="1"/><E19/><REACH who="1" ten="250,240,250,250" step="2"/><V81/><F97/><W29/><G89/><T41/><D100/><U129/><E129/><V122/><F101/><W33/><G31/><T61/><AGARI ba="0,1" hai="37,41,47,48,50,56,61,67,117,118,119" m="50697" machi="61" ten="40,18000,2" yaku="20,1,34,2,52,3" doraHai="113" who="0" fromWho="0" sc="250,190,240,-60,250,-60,250,-60" /><INIT seed="0,1,0,2,1,81" ten="440,180,190,190" oya="0" hai0="101,104,29,107,109,95,51,75,30,83,63,82,100" hai1="91,28,23,118,61,113,111,20,35,47,93,59,42" hai2="65,44,134,89,40,56,54,52,105,130,10,87,21" hai3="36,129,2,14,4,67,34,123,73,94,68,84,62"/><T60/><D95/><U80/><E118/><V11/><F105/><W32/><G73/><T48/><REACH who="0" step="1"/><D75/><REACH who="0" ten="430,180,190,190" step="2"/><U79/><E113/><V72/><F72/><W27/><G94/><T115/><D115/><U131/><E131/><V110/><F134/><W120/><G129/><T78/><D78/><U9/><E79/><V57/><F130/><W3/><G120/><T50/><D50/><U12/><E93/><V128/><F128/><W97/><G123/><T31/><D31/><U6/><E28/><V18/><F110/><AGARI ba="1,1" hai="29,30,48,51,60,63,82,83,100,101,104,107,109,110" machi="110" ten="25,4800,0" yaku="1,1,22,2,53,0" doraHai="81" doraHaiUra="88" who="0" fromWho="2" sc="430,61,180,0,190,-51,190,0" /><INIT seed="0,2,0,0,0,132" ten="491,180,139,190" oya="0" hai0="21,118,44,38,71,115,40,134,114,6,31,29,102" hai1="57,48,82,89,72,130,108,99,107,112,4,66,58" hai2="35,43,116,79,86,121,91,62,14,5,10,30,126" hai3="85,17,105,69,100,81,16,94,133,3,125,127,135"/><T98/><D118/><U32/><E108/><V47/><F121/><W96/><G3/><T13/><D134/><N who="3" m="51209" /><G69/><T54/><D71/><U24/><E130/><V39/><F116/><W122/><G122/><T36/><D36/><U88/><E112/><V12/><F79/><N who="3" m="46271" /><G105/><T52/><D114/><U106/><E4/><V18/><F35/><W9/><G9/><T61/><D115/><U124/><E72/><V56/><F30/><W59/><G59/><T53/><D61/><U46/><E57/><V103/><F103/><W55/><G55/><T64/><D64/><U73/><E58/><V97/><F97/><W1/><G1/><T75/><D75/><U92/><E66/><V123/><F123/><W2/><G2/><T113/><D113/><U131/><E73/><V51/><F39/><W63/><G63/><T95/><REACH who="0" step="1"/><D6/><REACH who="0" ten="481,180,139,190" step="2"/><U25/><E131/><V77/><F62/><W7/><G7/><T45/><D45/><U78/><E46/><V129/><F129/><W101/><G101/><T28/><D28/><U117/><E117/><V0/><F56/><W41/><G100/><T19/><AGARI ba="2,1" hai="13,19,21,29,31,38,40,44,52,53,54,95,98,102" machi="19" ten="30,6000,0" yaku="1,1,0,1,54,1,53,0" doraHai="132" doraHaiUra="83" who="0" fromWho="0" sc="481,76,180,-22,139,-22,190,-22" /><INIT seed="0,3,0,5,1,2" ten="557,158,117,168" oya="0" hai0="119,3,99,14,15,0,52,56,24,77,89,70,118" hai1="10,41,78,76,85,12,129,42,6,98,101,127,13" hai2="124,8,79,128,110,65,5,125,68,7,108,53,59" hai3="113,38,94,87,63,121,61,27,40,50,1,86,45"/><T29/><D70/><U83/><E127/><N who="2" m="48715" /><F79/><W73/><G73/><T72/><D72/><U104/><E129/><V31/><F128/><W102/><G113/><T58/><D77/><U64/><E64/><V96/><F8/><W23/><G1/><T60/><D3/><U57/><E57/><V49/><F31/><W30/><G38/><T71/><D0/><U120/><E120/><V80/><F80/><W55/><G121/><T130/><D71/><U44/><E76/><V133/><F133/><W46/><G46/><T22/><D130/><U43/><REACH who="1" step="1"/><E13/><REACH who="1" ten="557,148,117,168" step="2"/><V91/><F65/><W51/><G63/><T88/><D58/><U103/><E103/><V33/><F68/><W69/><G61/><T18/><D15/><U112/><E112/><V111/><F33/><W54/><G69/><T32/><D89/><U20/><E20/><V47/><F59/><W34/><G34/><T75/><D75/><U115/><E115/><V9/><F9/><W132/><G102/><T81/><D32/><U90/><E90/><V36/><F36/><AGARI ba="3,1" hai="6,10,12,36,41,42,43,44,78,83,85,98,101,104" machi="36" ten="30,3900,0" yaku="1,1,7,1,52,1,53,0" doraHai="2" doraHaiUra="35" who="1" fromWho="2" sc="557,0,148,58,117,-48,168,0" /><INIT seed="1,0,0,1,2,27" ten="557,206,69,168" oya="1" hai0="74,84,64,15,49,80,24,91,59,79,89,66,58" hai1="72,114,9,71,85,105,126,12,113,124,8,70,110" hai2="2,112,77,78,63,130,10,76,102,33,18,61,127" hai3="41,65,53,3,16,83,39,87,73,48,29,42,107"/><U98/><E72/><V62/><F130/><W104/><G73/><T111/><D111/><U115/><E85/><V97/><F127/><N who="1" m="48681" /><E110/><V5/><F112/><W75/><G75/><T131/><D131/><U1/><E1/><V81/><F33/><W6/><G65/><T22/><D15/><U95/><E105/><V21/><F81/><W96/><G39/><T69/><D69/><N who="1" m="26123" /><E12/><V67/><F67/><N who="0" m="25642" /><D74/><U35/><E35/><V51/><F51/><W46/><G104/><T14/><D14/><U129/><E129/><V118/><F118/><W132/><G3/><T86/><D49/><U134/><E134/><V19/><REACH who="2" step="1"/><F21/><REACH who="2" ten="557,206,59,168" step="2"/><W50/><G50/><T135/><D135/><U119/><E119/><V31/><F31/><W44/><G29/><N who="0" m="17559" /><D79/><U28/><E28/><V94/><AGARI ba="0,1" hai="2,5,10,18,19,61,62,63,76,77,78,94,97,102" machi="94" ten="30,2000,0" yaku="1,1,0,1,53,0" doraHai="27" doraHaiUra="40" who="2" fromWho="2" sc="557,-5,206,-10,59,30,168,-5" /><BYE who="1" /><INIT seed="2,0,0,5,0,80" ten="552,196,89,163" oya="2" hai0="19,56,65,68,45,32,93,4,132,85,55,67,108" hai1="90,63,20,37,0,133,9,116,74,6,2,31,87" hai2="34,99,126,102,12,48,71,42,26,83,129,47,124" hai3="8,24,72,36,33,89,64,69,128,121,53,38,117"/><V75/><F71/><W77/><G121/><T39/><D32/><U98/><E98/><V16/><F129/><W113/><G117/><T54/><D108/><U40/><E40/><V79/><F26/><W101/><G53/><T134/><D4/><U115/><E115/><V106/><REACH who="2" step="1"/><F34/><REACH who="2" ten="552,196,79,163" step="2"/><W131/><G24/><T96/><D132/><U103/><E103/><V51/><F51/><W122/><G33/><T125/><D134/><U104/><E104/><V28/><F28/><W50/><G128/><T27/><D39/><U43/><E43/><V29/><F29/><W84/><G50/><T95/><D27/><U46/><E46/><V110/><F110/><W118/><G69/><T5/><D45/><U66/><E66/><V123/><F123/><W107/><G64/><T44/><D68/><U21/><E21/><AGARI ba="0,1" hai="12,16,21,42,47,48,75,79,83,99,102,106,124,126" machi="21" ten="40,3900,0" yaku="1,1,54,1,53,0" doraHai="80" doraHaiUra="82" who="2" fromWho="1" sc="552,0,196,-39,79,49,163,0" /><INIT seed="2,1,0,5,1,87" ten="552,157,128,163" oya="2" hai0="2,91,123,6,63,17,4,100,83,16,62,45,50" hai1="67,73,59,70,35,121,111,116,46,76,75,30,20" hai2="48,65,43,32,126,93,39,41,88,1,117,96,49" hai3="82,51,36,94,105,7,115,102,3,85,113,114,77"/><V13/><F117/><W56/><G36/><T124/><D123/><U79/><E79/><V33/><F1/><W84/><G7/><N who="0" m="2603" /><D2/><U104/><E104/><V24/><F33/><W44/><G3/><UN n1="%72%61%6B%33" /><T12/><D100/><U55/><E116/><V133/><F133/><W18/><G105/><T40/><D124/><U71/><E121/><V52/><F39/><W128/><G128/><T81/><D17/><U22/><E111/><V125/><F65/><W92/><G102/><T64/><D64/><U97/><E35/><V74/><F48/><W108/><G108/><T9/><D91/><U14/><E67/><V103/><F74/><W110/><G110/><T112/><D112/><U101/><E73/><V127/><F13/><W68/><G68/><T54/><D40/><U29/><E75/><V37/><F37/><W34/><G56/><T135/><D135/><U134/><E59/><N who="2" m="33167" /><F103/><W98/><G34/><T15/><D15/><U58/><E14/><V95/><F95/><W26/><G98/><T78/><D78/><U23/><E76/><V42/><F32/><W130/><G130/><T109/><D109/><U60/><E134/><V99/><F24/><W38/><G38/><T21/><D9/><U90/><E101/><V69/><F99/><W19/><G26/><T5/><D5/><U10/><E10/><V31/><F31/><N who="1" m="11785" /><E71/><AGARI ba="1,0" hai="41,42,43,69,71,88,93,96,125,126,127" m="33167" machi="71" ten="40,12000,1" yaku="18,1,52,1,54,2" doraHai="87" who="2" fromWho="1" sc="552,0,157,-123,128,123,163,0" /><INIT seed="2,2,0,1,0,34" ten="552,34,251,163" oya="2" hai0="18,109,38,86,40,92,71,117,122,57,17,65,134" hai1="91,29,83,112,130,43,84,10,25,47,68,49,16" hai2="69,20,128,50,94,98,39,48,70,36,90,127,114" hai3="27,97,31,72,23,81,116,3,102,22,62,120,110"/><V82/><F114/><W11/><G120/><T115/><D71/><U125/><E112/><V21/><F128/><W33/><G116/><T54/><D115/><U95/><E130/><V87/><F127/><W66/><G110/><T32/><D65/><U132/><E125/><V51/><F69/><N who="3" m="42199" /><G81/><T6/><D32/><U126/><E126/><V44/><F70/><W105/><G72/><T135/><D109/><U5/><E132/><N who="0" m="50729" /><D6/><AGARI ba="2,0" hai="3,6,11,22,23,27,31,33,97,102,105" m="42199" machi="6" ten="30,2000,0" yaku="25,1,52,1" doraHai="34" who="3" fromWho="0" sc="552,-26,34,0,251,0,163,26" /><INIT seed="3,0,0,4,0,74" ten="526,34,251,189" oya="3" hai0="38,121,86,56,12,5,109,134,88,113,122,108,32" hai1="125,48,101,90,49,100,72,66,30,68,104,34,57" hai2="35,102,69,3,62,41,36,65,6,63,70,127,79" hai3="31,25,133,11,97,27,87,55,26,53,1,20,33"/><W75/><G75/><T43/><D32/><U46/><E46/><BYE who="1" /><V28/><F102/><W0/><G133/><T61/><D134/><U94/><E94/><V77/><F127/><W135/><G135/><T16/><D5/><U42/><E42/><V15/><F3/><N who="3" m="1099" /><G55/><T40/><D113/><U91/><E91/><V39/><F28/><N who="3" m="19615" /><G53/><N who="0" m="33935" /><D38/><U73/><E73/><V92/><F35/><N who="3" m="20975" /><G87/><T132/><D132/><U14/><E14/><V106/><F106/><W89/><G89/><T60/><D60/><U64/><E64/><V10/><F92/><W83/><G83/><T129/><D129/><U7/><E7/><V117/><F117/><W126/><G97/><T58/><D58/><U110/><E110/><N who="0" m="42601" /><D122/><U98/><E98/><V107/><F107/><W105/><G105/><T24/><D24/><U128/><E128/><V112/><F112/><W119/><G126/><T99/><D121/><U50/><E50/><V111/><F111/><W80/><G80/><N who="0" m="49223" /><D99/><U131/><E131/><V17/><F41/><W67/><G67/><T29/><D29/><U103/><E103/><V76/><F70/><W116/><G11/><AGARI ba="0,0" hai="11,12,16,40,43" m="49223,42601,33935" machi="11" ten="30,3900,0" yaku="14,1,54,2" doraHai="74" who="0" fromWho="3" sc="526,39,34,0,251,0,189,-39" owari="565,66.5,34,-46.6,251,5.1,150,-25.0" /></mjloggm>