<mjloggm ver="2.3"><GO type="225" lobby="0"/><UN n0="%E8%B6%85%E7%B4%9A%E9%B3%B3%E5%87%B0" n1="%E3%81%99%E3%81%84%E3%81%BE%E3%81%9B%E3%83%BC%E3%82%93" n2="%E5%A4%96%E5%B7%9D%E7%AB%9C%E6%88%90" n3="%E3%81%B2%E3%81%AA%E3%81%AE%E3%82%8A%E3%81%8F" dan="16,17,16,17" rate="2140.27,2231.19,2163.44,2198.23" sx="M,M,M,M"/><TAIKYOKU oya="0"/><INIT seed="0,0,0,5,0,86" ten="250,250,250,250" oya="0" hai0="21,94,20,125,44,17,78,4,66,84,32,11,80" hai1="69,34,61,42,77,76,97,0,130,106,132,68,25" hai2="37,116,102,57,121,52,109,15,33,26,99,63,58" hai3="40,129,91,101,117,135,75,65,49,92,96,131,126"/><T29/><D125/><U55/><E0/><V16/><F116/><W107/><G117/><T123/><D123/><U90/><E130/><N who="3" m="49674" /><G126/><T60/><D32/><U51/><E132/><V118/><F118/><W93/><G135/><T134/><D134/><U72/><E42/><V113/><F121/><W133/><G133/><T22/><D29/><U59/><E72/><V7/><F37/><W39/><G39/><T64/><D44/><U100/><E90/><V104/><F113/><W56/><G65/><T12/><D94/><U74/><E74/><V112/><F112/><W70/><G70/><T50/><D50/><U36/><E36/><V124/><F124/><W9/><G75/><T23/><REACH who="0" step="1"/><D60/><REACH who="0" ten="240,250,250,250" step="2"/><U67/><REACH who="1" step="1"/><E69/><REACH who="1" ten="240,240,250,250" step="2"/><V111/><F111/><W115/><G115/><T6/><D6/><U71/><E71/><V85/><F7/><W27/><G40/><T120/><D120/><U53/><E53/><V48/><F109/><W18/><G56/><T30/><D30/><AGARI ba="0,2" hai="25,30,34,51,55,59,61,67,68,76,77,97,100,106" machi="30" ten="40,5200,0" yaku="1,1,25,2,53,0" doraHai="86" doraHaiUra="10" who="1" fromWho="0" sc="240,-52,240,72,250,0,250,0" /><INIT seed="1,0,0,5,2,32" ten="188,312,250,250" oya="1" hai0="37,11,77,112,8,90,16,95,69,65,133,99,5" hai1="64,21,110,62,14,111,0,38,20,126,45,42,61" hai2="50,116,123,83,60,24,26,59,25,73,109,40,135" hai3="106,98,130,129,46,84,124,67,125,76,17,92,53"/><U134/><E126/><N who="3" m="48746" /><G67/><T30/><D112/><U96/><E134/><V63/><F116/><W19/><G106/><T44/><D133/><U2/><E96/><V132/><F109/><N who="1" m="41481" /><E62/><V18/><F123/><W22/><G46/><T128/><D128/><N who="3" m="49257" /><G53/><T52/><D30/><U27/><E14/><V127/><F127/><W115/><G115/><T78/><D69/><N who="1" m="42127" /><E21/><V88/><F63/><W72/><G72/><T48/><D65/><U119/><E119/><V131/><F73/><W57/><G57/><T93/><D37/><U80/><E80/><V71/><F59/><W85/><G76/><N who="0" m="29291" /><D5/><U13/><E13/><V15/><F131/><W75/><G75/><T12/><D95/><U51/><E38/><V43/><F60/><W118/><G118/><T102/><D8/><U100/><E100/><AGARI ba="0,0" hai="11,12,16,44,48,52,90,93,99,100,102" m="29291" machi="100" ten="30,3900,0" yaku="8,1,54,2" doraHai="32" who="0" fromWho="1" sc="188,39,312,-39,250,0,250,0" /><INIT seed="2,0,0,3,2,35" ten="227,273,250,250" oya="2" hai0="58,4,127,72,5,121,49,122,44,17,24,125,42" hai1="11,28,36,30,34,97,43,31,62,114,76,126,130" hai2="48,132,124,105,71,113,82,66,134,106,23,85,128" hai3="102,3,100,70,83,98,73,59,37,41,87,69,45"/><V13/><F113/><W65/><G73/><T89/><D72/><U110/><E114/><V111/><F124/><N who="0" m="47690" /><D58/><U54/><E126/><V93/><F93/><W19/><G102/><T75/><D75/><U25/><E76/><V108/><F48/><W0/><G59/><T131/><D131/><U63/><E130/><V133/><F128/><W32/><G32/><T112/><D112/><U2/><E43/><V46/><F46/><W15/><G65/><T91/><D24/><U90/><E36/><V129/><F129/><W119/><G119/><T53/><D42/><U7/><E110/><N who="2" m="42027" /><F23/><W135/><G70/><T88/><D17/><U20/><E34/><V22/><F22/><W81/><G69/><T96/><D96/><U55/><E63/><N who="2" m="40415" /><F13/><W56/><G37/><T50/><D50/><U78/><E62/><V64/><F64/><W67/><G67/><T8/><D4/><U10/><E20/><V61/><F61/><W51/><G51/><T107/><D107/><U79/><E7/><V18/><F18/><W6/><G6/><T57/><D44/><U26/><E26/><V104/><F104/><W86/><G45/><T47/><D47/><U77/><E25/><V52/><F52/><W29/><G41/><T103/><D103/><U95/><E55/><V40/><F40/><W116/><G100/><T21/><D21/><U16/><E54/><V14/><F14/><AGARI ba="0,0" hai="5,8,14,49,53,57,88,89,91,121,122" m="47690" machi="14" ten="30,2000,0" yaku="18,1,54,1" doraHai="35" who="0" fromWho="2" sc="227,20,273,0,250,-20,250,0" /><INIT seed="3,0,0,4,0,58" ten="247,273,230,250" oya="3" hai0="57,28,41,2,46,86,21,99,128,66,100,110,49" hai1="92,121,48,12,10,93,134,4,6,39,79,14,77" hai2="122,76,129,85,113,119,123,43,105,25,13,26,40" hai3="89,94,59,32,30,88,15,72,19,1,78,69,80"/><W118/><G1/><T126/><D2/><U133/><E39/><V114/><F119/><W120/><G69/><T104/><D110/><U64/><E64/><V107/><F13/><W17/><G118/><T56/><D128/><U3/><E48/><V18/><F85/><W33/><G120/><N who="2" m="46121" /><F18/><W0/><G0/><T90/><D126/><U37/><E121/><V50/><F50/><W125/><G125/><T67/><D67/><U111/><E37/><V34/><F76/><W51/><G19/><T96/><D96/><U84/><E3/><V83/><F83/><W35/><G30/><T81/><REACH who="0" step="1"/><D66/><REACH who="0" ten="237,273,230,250" step="2"/><U60/><E134/><V61/><F129/><W22/><G94/><T73/><D73/><U102/><E93/><V44/><F107/><W23/><G23/><T7/><D7/><U131/><E4/><V68/><F105/><W8/><G22/><T95/><D95/><U115/><E92/><V135/><F135/><W55/><AGARI ba="0,1" hai="8,15,17,32,33,35,51,55,59,72,78,80,88,89" machi="55" ten="40,3900,0" yaku="0,1,54,1" doraHai="58" who="3" fromWho="3" sc="237,-13,273,-13,230,-13,250,49" /><INIT seed="3,1,0,4,0,124" ten="224,260,217,299" oya="3" hai0="48,15,28,54,12,7,76,110,133,101,38,72,35" hai1="96,33,14,13,29,70,49,87,1,112,67,81,79" hai2="24,98,94,65,26,9,6,56,126,43,52,46,90" hai3="121,129,34,58,10,102,125,23,75,91,117,36,105"/><W77/><G34/><T61/><D38/><U109/><E1/><V88/><F126/><W42/><G36/><T50/><D110/><U95/><E112/><V85/><F65/><W17/><G75/><T27/><D133/><U0/><E0/><V4/><F46/><W74/><G74/><T92/><D72/><U21/><E33/><V64/><F64/><W31/><G105/><T60/><D76/><U30/><E109/><V114/><F43/><W39/><G39/><T134/><D134/><U86/><E86/><V93/><F114/><W71/><G71/><T73/><D73/><U69/><E69/><V83/><F83/><W18/><G77/><T5/><D101/><U22/><E67/><V53/><F53/><W8/><G42/><T55/><D35/><U40/><E70/><V131/><F131/><W113/><G102/><T120/><D120/><U123/><E123/><V68/><F68/><W78/><G78/><T97/><D27/><N who="2" m="10282" /><F9/><W66/><G10/><T116/><D28/><U41/><E30/><V32/><F32/><W130/><G66/><T118/><D92/><U115/><E29/><V82/><F94/><W44/><G31/><T99/><AGARI ba="1,0" hai="5,7,12,15,48,50,54,55,60,61,97,99,116,118" machi="99" ten="25,3200,0" yaku="0,1,22,2" doraHai="124" who="0" fromWho="0" sc="224,35,260,-9,217,-9,299,-17" /><INIT seed="4,0,0,1,5,33" ten="259,251,208,282" oya="0" hai0="123,103,93,62,17,43,73,11,74,29,75,120,21" hai1="99,52,108,110,54,1,78,95,105,32,119,79,76" hai2="69,116,88,0,3,37,84,80,18,27,15,26,71" hai3="16,9,130,2,30,118,68,94,6,59,23,56,89"/><T13/><D43/><U10/><E119/><V86/><F37/><W100/><G118/><T101/><D62/><U57/><E32/><V46/><F116/><W107/><G68/><T124/><D124/><U24/><E105/><V42/><F71/><W38/><G38/><T115/><D115/><U31/><E24/><V81/><F69/><W102/><G30/><T97/><REACH who="0" step="1"/><D103/><REACH who="0" ten="249,251,208,282" step="2"/><U8/><E110/><V61/><F61/><W122/><G102/><T63/><D63/><U36/><E108/><V92/><F42/><W112/><G100/><T67/><D67/><U127/><E127/><V60/><F60/><W70/><G112/><T114/><D114/><U50/><E54/><V35/><F35/><W128/><G70/><T65/><D65/><U45/><E52/><V129/><F129/><W82/><G130/><T98/><D98/><U96/><E96/><V44/><F92/><W47/><G94/><T132/><D132/><U28/><E95/><V51/><F51/><W126/><G126/><T41/><D41/><U72/><E50/><V111/><F111/><W125/><G125/><T109/><D109/><U14/><E36/><V12/><F18/><W117/><G16/><T77/><D77/><U20/><E79/><V58/><F58/><W104/><G59/><T121/><D121/><U134/><E57/><V106/><REACH who="2" step="1"/><F88/><REACH who="2" ten="249,251,198,282" step="2"/><W90/><G56/><T49/><D49/><U40/><E40/><V22/><F22/><W133/><G23/><T135/><D135/><U85/><E134/><V48/><F48/><W91/><G133/><T113/><D113/><U5/><E20/><RYUUKYOKU ba="0,2" sc="249,15,251,-15,198,15,282,-15" hai0="11,13,17,21,29,73,74,75,93,97,101,120,123" hai2="0,3,12,15,26,27,44,46,80,81,84,86,106" /><INIT seed="4,1,2,0,3,39" ten="264,236,213,267" oya="0" hai0="126,90,47,94,112,135,101,75,134,132,37,24,5" hai1="95,10,14,0,89,129,61,106,83,108,27,42,125" hai2="107,124,63,73,58,119,11,79,74,4,93,65,49" hai3="54,26,103,109,38,97,133,69,12,50,43,85,102"/><T92/><D75/><U20/><E108/><V62/><F107/><W118/><G69/><T36/><D112/><U77/><E106/><V7/><F119/><W8/><G109/><T48/><D126/><U3/><E129/><V40/><F124/><W21/><G118/><T66/><D66/><U68/><E42/><V6/><F11/><W72/><G72/><T29/><D5/><U113/><E113/><V115/><F115/><W67/><G67/><T17/><D17/><U96/><E61/><V100/><F63/><W57/><G133/><T76/><D76/><U44/><E44/><V28/><F28/><W9/><G85/><N who="0" m="52303" /><D94/><U45/><E68/><V55/><F79/><W34/><G34/><N who="0" m="20775" /><D101/><U33/><E33/><V128/><F128/><W53/><G53/><AGARI ba="1,2" hai="36,37,47,48,53,132,134,135" m="20775,52303" machi="53" ten="30,1500,0" yaku="20,1" doraHai="39" who="0" fromWho="3" sc="264,38,236,0,213,0,267,-18" owari="302,40.2,236,-16.4,213,-28.7,249,4.9" /></mjloggm>