<mjloggm ver="2.3"><GO type="225" lobby="0"/><UN n0="%E3%82%AD%E3%83%AA%E3%83%B3%E3%82%AD%E3%83%AA%E3%83%B3" n1="%E5%B8%86%E7%AB%8B%E5%A4%8F%E8%A1%A3" n2="%E8%A8%88%E7%AE%97%E6%A9%9F%E8%87%AA%E7%84%B6" n3="%54%4F%52" dan="16,16,17,17" rate="2058.99,2073.12,2234.56,2245.00" sx="M,M,M,M"/><TAIKYOKU oya="0"/><INIT seed="0,0,0,5,2,108" ten="250,250,250,250" oya="0" hai0="82,57,87,75,66,119,18,109,93,106,81,55,114" hai1="80,124,41,24,116,39,76,44,29,27,107,13,71" hai2="36,0,34,91,73,126,58,94,128,21,83,7,25" hai3="32,67,54,10,65,115,11,52,14,62,31,19,102"/><T90/><D106/><U92/><E124/><V15/><F36/><W59/><G115/><T37/><D37/><U51/><E116/><V12/><F34/><W47/><G102/><T28/><D119/><U79/><E107/><V125/><F128/><W121/><G121/><T22/><D66/><U42/><E71/><V20/><F0/><W17/><G32/><T30/><D75/><U117/><E117/><V132/><F132/><W43/><G31/><N who="0" m="11819" /><D109/><U129/><E129/><V86/><F58/><W97/><G97/><T77/><D77/><U78/><E92/><V101/><F7/><W9/><G67/><T1/><D1/><U120/><E120/><V23/><F25/><W4/><G19/><T64/><D64/><U70/><E27/><V68/><F68/><W131/><G131/><T134/><D134/><U48/><E13/><V33/><F33/><W98/><G98/><T3/><D3/><U118/><E70/><V96/><REACH who="2" step="1"/><F73/><REACH who="2" ten="250,250,240,250" step="2"/><W56/><G56/><T99/><D57/><U6/><E6/><V88/><F88/><W133/><G133/><T113/><D90/><U72/><E118/><V112/><F112/><W103/><G103/><T95/><D114/><U35/><REACH who="1" step="1"/><E39/><REACH who="1" ten="250,240,240,250" step="2"/><V69/><F69/><W16/><G4/><T105/><D113/><U104/><E104/><V135/><F135/><W100/><G100/><T127/><D105/><U61/><E61/><V53/><F53/><N who="3" m="20587" /><G14/><AGARI ba="0,2" hai="12,14,15,20,21,23,83,86,91,94,96,101,125,126" machi="14" ten="40,1300,0" yaku="1,1,53,0" doraHai="108" doraHaiUra="122" who="2" fromWho="3" sc="250,0,240,0,240,33,250,-13" /><INIT seed="1,0,0,2,0,120" ten="250,240,273,237" oya="1" hai0="82,84,1,48,91,20,73,102,95,4,97,25,115" hai1="134,15,94,123,131,71,130,41,30,19,66,89,101" hai2="132,92,43,38,93,88,104,121,90,77,42,56,117" hai3="9,26,85,28,23,133,96,49,22,98,10,83,122"/><U60/><E123/><V46/><F121/><W100/><G122/><T116/><D115/><U17/><E30/><V33/><F117/><W12/><G133/><T125/><D116/><U99/><E134/><V119/><F119/><W16/><G49/><T54/><D73/><U2/><E2/><V8/><F104/><W109/><G109/><T124/><D4/><U113/><E113/><V74/><F33/><W39/><G39/><T6/><D6/><U55/><E41/><V61/><F132/><W63/><G63/><T57/><D1/><U50/><E101/><V0/><F42/><W75/><G75/><T72/><REACH who="0" step="1"/><D72/><REACH who="0" ten="240,240,273,237" step="2"/><U58/><REACH who="1" step="1"/><E19/><AGARI ba="0,1" hai="19,20,25,48,54,57,82,84,91,95,97,102,124,125" machi="19" ten="40,5200,0" yaku="1,1,2,1,53,1" doraHai="120" doraHaiUra="79" who="0" fromWho="1" sc="240,62,240,-52,273,0,237,0" /><INIT seed="2,0,0,3,4,79" ten="302,188,273,237" oya="2" hai0="126,130,71,92,46,97,56,135,33,123,47,57,5" hai1="24,50,19,4,96,119,76,90,78,3,40,37,10" hai2="59,128,105,64,83,15,17,117,2,103,124,109,114" hai3="49,23,20,68,34,100,87,36,9,116,134,13,42"/><V69/><F114/><W91/><G34/><T1/><D71/><U65/><E119/><V43/><F117/><W62/><G36/><T31/><D123/><U127/><E127/><V72/><F2/><W82/><G116/><T104/><D104/><U55/><E65/><V54/><F124/><W84/><G134/><T88/><D135/><U107/><E37/><V25/><F43/><W39/><G39/><T32/><D126/><U94/><E40/><V7/><F128/><W45/><G100/><T53/><D56/><U75/><E107/><V38/><F38/><W101/><G101/><T118/><D118/><U133/><E133/><V44/><F44/><W60/><G68/><T11/><D130/><U93/><E93/><V86/><F72/><W27/><G87/><T81/><D81/><U16/><E24/><V21/><F109/><W18/><REACH who="3" step="1"/><G23/><REACH who="3" ten="302,188,273,227" step="2"/><T48/><D32/><U30/><E30/><AGARI ba="0,1" hai="9,13,18,20,27,30,42,45,49,60,62,82,84,91" machi="30" ten="30,8000,1" yaku="1,1,2,1,7,1,8,1,52,1,53,0" doraHai="79" doraHaiUra="0" who="3" fromWho="1" sc="302,0,188,-80,273,0,227,90" /><INIT seed="3,0,0,3,2,117" ten="302,108,273,317" oya="3" hai0="65,98,54,80,116,12,22,24,9,45,47,20,66" hai1="87,82,53,109,30,23,6,1,38,107,56,26,15" hai2="125,113,97,63,103,121,90,40,129,42,81,21,17" hai3="34,68,28,133,52,69,131,64,7,99,91,50,10"/><W108/><G108/><T5/><D116/><U25/><E109/><V120/><F113/><W3/><G133/><T11/><D98/><U89/><E107/><V135/><F135/><W72/><G72/><T49/><D11/><U43/><E38/><V16/><F129/><W118/><G118/><T130/><D130/><U62/><E1/><V74/><F125/><W35/><G131/><T2/><D2/><U119/><E119/><V123/><F63/><W32/><G28/><T33/><D33/><U8/><E26/><N who="2" m="14631" /><F17/><W27/><G27/><T51/><D80/><U29/><REACH who="1" step="1"/><E43/><REACH who="1" ten="302,98,273,317" step="2"/><V85/><F74/><W126/><G126/><T94/><D24/><U92/><E92/><AGARI ba="0,1" hai="40,42,81,85,90,92,97,103,120,121,123" m="14631" machi="92" ten="30,8000,1" yaku="13,1,52,3,54,1" doraHai="117" who="2" fromWho="1" sc="302,0,98,-80,273,90,317,0" owari="302,-9.8,18,-48.2,363,46.3,317,11.7" /></mjloggm>