<mjloggm ver="2.3"><GO type="225" lobby="0"/><UN n0="%77%72%77%72%77%72%77%72" n1="%E3%81%82%E3%82%93%E3%81%AA%E3%81%A4" n2="%E3%82%BC%E3%83%AB%E3%83%80%E3%81%AE%E4%BC%9D%E8%AA%AC" n3="%E3%83%A9%E3%83%96%E3%83%AC%E3%83%BC" dan="16,16,16,18" rate="2107.46,2126.45,2099.22,2253.95" sx="M,M,M,M"/><TAIKYOKU oya="0"/><INIT seed="0,0,0,1,4,9" ten="250,250,250,250" oya="0" hai0="27,124,117,133,115,110,12,45,111,114,125,93,118" hai1="44,32,128,24,127,81,82,50,70,37,101,98,119" hai2="2,74,54,56,66,17,107,46,19,43,129,89,6" hai3="34,33,90,36,8,59,53,18,7,63,51,42,25"/><T61/><D93/><U41/><E119/><N who="0" m="45577" /><D45/><U55/><E70/><V116/><F116/><W60/><G36/><T39/><D61/><U84/><E128/><V78/><F129/><W79/><G79/><T95/><D95/><U75/><E75/><V96/><F66/><W64/><G42/><T21/><D12/><U120/><E120/><V23/><F89/><W28/><G90/><T69/><D39/><U88/><E82/><V31/><F96/><W30/><G18/><T121/><D69/><U92/><E127/><N who="0" m="48713" /><D121/><U87/><E87/><V13/><F17/><W132/><G63/><T52/><D52/><U104/><E37/><V123/><F123/><W14/><G30/><N who="0" m="17775" /><D133/><U108/><E92/><V97/><F54/><W40/><G40/><T26/><D26/><U106/><E55/><V29/><F56/><W3/><G132/><T35/><D35/><U86/><E86/><V112/><F46/><W85/><G85/><T0/><D0/><U134/><E134/><V48/><F43/><W1/><G34/><T91/><D91/><U11/><E24/><V77/><F48/><W62/><G62/><T20/><D20/><U67/><E32/><V47/><F47/><AGARI ba="0,0" hai="1,3,7,8,14,25,28,33,47,51,53,59,60,64" machi="47" ten="30,2000,0" yaku="7,1,52,1" doraHai="9" who="3" fromWho="2" sc="250,0,250,0,250,-20,250,20" /><INIT seed="1,0,0,3,3,56" ten="250,250,230,270" oya="1" hai0="81,14,109,86,126,12,96,106,133,65,61,122,42" hai1="49,52,132,11,19,107,120,112,116,129,43,33,76" hai2="73,69,130,3,79,21,48,28,57,98,54,9,20" hai3="58,37,31,32,27,75,4,35,114,24,23,78,55"/><U84/><E112/><V25/><F69/><W89/><G37/><T18/><D109/><U47/><E116/><V36/><F36/><W70/><G70/><T15/><D133/><U68/><E120/><V108/><F108/><W16/><G114/><T7/><D122/><U115/><E115/><V6/><F130/><W44/><G44/><T102/><D42/><U134/><E33/><V83/><REACH who="2" step="1"/><F98/><REACH who="2" ten="250,250,220,270" step="2"/><W125/><G125/><T87/><D126/><U64/><E68/><V117/><F117/><W2/><G35/><AGARI ba="0,1" hai="3,6,9,20,21,25,28,35,48,54,57,73,79,83" machi="35" ten="30,2000,0" yaku="1,1,7,1,53,0" doraHai="56" doraHaiUra="67" who="2" fromWho="3" sc="250,0,250,0,220,30,270,-20" /><INIT seed="2,0,0,0,1,124" ten="250,250,250,250" oya="2" hai0="104,59,11,117,62,132,102,44,58,90,53,43,22" hai1="67,113,125,80,109,88,30,20,37,120,27,84,118" hai2="38,32,15,82,47,16,122,4,71,127,50,133,14" hai3="108,63,60,126,54,103,31,25,76,92,19,130,70"/><V135/><F122/><W49/><G76/><T115/><D115/><U55/><E113/><V42/><F127/><W13/><G108/><T1/><D132/><N who="2" m="50762" /><F71/><W74/><G74/><T77/><D117/><U65/><E125/><V35/><F82/><W68/><G130/><T48/><D77/><U72/><E72/><V56/><F4/><W3/><G3/><T87/><D102/><U91/><E120/><V75/><F75/><W40/><G40/><T33/><D33/><N who="2" m="12874" /><F16/><W39/><G70/><T51/><D104/><U93/><E118/><V94/><F94/><W106/><G106/><T18/><D11/><U9/><E9/><V64/><F38/><W85/><G39/><T89/><D87/><U29/><E37/><V114/><F114/><W105/><G105/><T28/><D28/><U99/><E30/><V8/><F8/><N who="3" m="6567" /><G68/><T83/><D83/><U111/><E111/><V112/><F112/><W95/><G92/><T81/><D81/><U2/><E109/><V61/><AGARI ba="0,0" hai="14,15,42,47,50,56,61,64" m="12874,50762" machi="61" ten="40,2100,0" yaku="20,1" doraHai="124" who="2" fromWho="2" sc="250,-7,250,-7,250,21,250,-7" /><INIT seed="2,1,0,0,1,27" ten="243,243,271,243" oya="2" hai0="108,112,6,93,105,71,53,88,54,120,25,82,36" hai1="26,79,135,45,106,13,68,97,100,29,125,119,103" hai2="16,116,111,129,43,5,38,50,85,15,31,84,56" hai3="17,101,74,134,7,49,9,33,96,90,47,63,123"/><V64/><F116/><W61/><G123/><T72/><D112/><U44/><E119/><V41/><F38/><W52/><G74/><T83/><D120/><U110/><E110/><V87/><F111/><W22/><G33/><T12/><D71/><U130/><E135/><V86/><F129/><W20/><G90/><T62/><D36/><U30/><E130/><V11/><F31/><N who="1" m="11785" /><E106/><V14/><N who="2" m="21504" /><DORA hai="117" /><V66/><F50/><W24/><G22/><T69/><D105/><U126/><E68/><V75/><F75/><W4/><G4/><T59/><D69/><U133/><E79/><V32/><F32/><W107/><G134/><T102/><D102/><N who="1" m="38955" /><E97/><V57/><F57/><W18/><G18/><T132/><D72/><U127/><E133/><V78/><F78/><W91/><G91/><T124/><D108/><U81/><E81/><V19/><F5/><W118/><G118/><T67/><D83/><U92/><E26/><V46/><F46/><N who="1" m="18025" /><E92/><V113/><F113/><W0/><AGARI ba="1,0" hai="0,7,9,17,20,24,47,49,52,61,63,96,101,107" machi="0" ten="20,2700,0" yaku="0,1,7,1,54,1" doraHai="27,117" who="3" fromWho="3" sc="243,-8,243,-8,271,-14,243,30" /><INIT seed="3,0,0,2,1,106" ten="235,235,257,273" oya="3" hai0="41,127,84,26,111,65,6,108,59,115,83,123,101" hai1="78,76,64,79,3,130,1,98,34,82,134,42,89" hai2="86,56,22,128,49,46,54,48,44,67,45,93,11" hai3="51,12,94,39,125,14,131,15,73,28,27,18,61"/><W77/><G39/><T103/><D123/><U95/><E134/><V33/><F33/><W88/><G73/><T121/><D121/><U109/><E109/><N who="0" m="42057" /><D127/><U124/><E124/><V114/><F114/><W17/><G77/><T80/><D115/><U81/><E34/><V30/><F128/><W97/><G131/><T113/><D113/><U74/><E130/><V69/><F69/><W36/><G36/><T72/><D41/><U47/><E64/><V70/><F70/><W10/><G61/><N who="0" m="38079" /><D6/><U107/><E107/><V55/><F67/><W4/><G51/><T57/><D57/><U120/><E78/><V0/><F0/><W96/><G125/><T24/><D80/><U122/><E122/><V92/><F11/><W135/><G135/><T40/><D40/><U66/><E66/><V91/><REACH who="2" step="1"/><F93/><REACH who="2" ten="235,235,247,273" step="2"/><N who="3" m="56359" /><G10/><T20/><D20/><U29/><E120/><V132/><F132/><W117/><G117/><T43/><D43/><U116/><E116/><V100/><F100/><N who="3" m="60471" /><G4/><T62/><D103/><U53/><E53/><V35/><F35/><W126/><G126/><T118/><D101/><U119/><E119/><V32/><F32/><W90/><G90/><T85/><D118/><U104/><E104/><V7/><F7/><W52/><G52/><T71/><D71/><U75/><E1/><V5/><F5/><W38/><G38/><T13/><D83/><U105/><E3/><V37/><F37/><W112/><G112/><T102/><D102/><U60/><E105/><V19/><F19/><W25/><G28/><T8/><D8/><U16/><E29/><V21/><F21/><RYUUKYOKU ba="0,1" sc="235,-15,235,-15,247,15,273,15" hai2="22,30,44,45,46,48,49,54,55,56,86,91,92" hai3="12,14,15,17,18,25,27" /><INIT seed="3,1,1,4,4,77" ten="220,220,262,288" oya="3" hai0="43,63,30,86,11,115,98,76,105,59,40,47,114" hai1="109,103,134,82,51,58,89,128,34,60,54,48,119" hai2="84,19,88,74,132,66,28,80,42,68,4,1,57" hai3="97,116,55,27,17,37,64,56,117,87,52,53,111"/><W65/><G37/><T33/><D33/><U81/><E109/><V99/><F28/><W44/><G111/><T107/><D30/><U25/><E134/><V95/><F132/><W0/><G0/><T50/><D43/><U12/><E128/><V123/><F68/><W23/><G116/><T94/><D11/><U72/><E119/><V45/><F123/><W7/><G7/><T83/><D114/><U8/><E103/><V108/><F108/><W90/><G97/><T15/><D15/><U29/><E89/><V122/><F122/><W2/><G2/><T120/><D120/><U135/><E135/><V126/><F126/><W13/><G27/><T110/><D115/><U22/><E34/><V96/><F19/><W93/><G117/><T129/><D129/><U62/><E51/><V106/><F57/><W38/><G38/><T75/><D75/><U125/><E125/><V70/><F70/><W61/><G65/><T31/><D31/><U102/><E102/><V32/><F66/><W24/><G24/><T41/><D41/><U26/><E26/><V39/><F106/><W10/><G10/><T6/><D6/><N who="1" m="3095" /><E72/><V78/><F32/><W121/><G121/><T69/><D110/><U112/><E112/><V85/><F74/><W36/><G36/><T131/><D131/><U18/><E29/><V79/><F79/><W71/><G71/><T91/><D69/><U9/><E9/><V101/><F101/><W16/><G17/><T20/><D20/><U113/><E113/><V73/><F73/><W104/><G104/><T46/><D46/><AGARI ba="1,1" hai="13,16,23,44,46,52,53,55,56,61,64,87,90,93" machi="46" ten="40,7700,0" yaku="8,1,54,2" doraHai="77" who="3" fromWho="0" sc="220,-80,220,0,262,0,288,90" owari="140,-36.0,220,-18.0,262,6.2,378,47.8" /></mjloggm>