<mjloggm ver="2.3"><GO type="225" lobby="0"/><UN n0="%E3%81%A8%E3%82%93%E3%81%A8%E3%81%93%E3%81%A8%E3%82%93" n1="%E3%81%B8%E3%82%80%E3%81%B8%E3%82%80%EF%BC%92%E5%8F%B7" n2="%6E%69%63%6F%6E%74%6F" n3="%6D%75%75%6D%75%72%61" dan="16,16,17,17" rate="2094.97,2124.28,2133.85,2199.34" sx="M,M,M,F"/><TAIKYOKU oya="0"/><INIT seed="0,0,0,0,3,2" ten="250,250,250,250" oya="0" hai0="81,20,6,59,90,89,87,1,21,54,105,128,8" hai1="118,124,117,60,53,51,86,29,69,39,37,95,79" hai2="70,49,74,65,33,9,19,112,110,121,24,114,120" hai3="92,16,34,52,55,57,14,126,56,82,80,125,67"/><T78/><BYE who="3" /><D128/><UN n3="%6D%75%75%6D%75%72%61" /><U76/><E29/><BYE who="3" /><N who="2" m="19623" /><F70/><W38/><G38/><UN n3="%6D%75%75%6D%75%72%61" /><T99/><D89/><U93/><E86/><V102/><F65/><W75/><G34/><T104/><D104/><U23/><E23/><V115/><F49/><N who="3" m="30735" /><G75/><T71/><D71/><U11/><E11/><V47/><F47/><W129/><G67/><T58/><D58/><U106/><E69/><V131/><F74/><W28/><G28/><T35/><D35/><U91/><E51/><V64/><F64/><W41/><G41/><T4/><D4/><U107/><E53/><V109/><F102/><W50/><G129/><T97/><D99/><U132/><E91/><V123/><F131/><W44/><G44/><T43/><D43/><U17/><E17/><V31/><F31/><W127/><G92/><T103/><REACH who="0" step="1"/><D78/><REACH who="0" ten="240,250,250,250" step="2"/><U133/><REACH who="1" step="1"/><E60/><AGARI ba="0,1" hai="1,6,8,20,21,54,59,60,81,87,90,97,103,105" machi="60" ten="30,11600,0" yaku="1,1,2,1,7,1,52,1,53,0" doraHai="2" doraHaiUra="27" who="0" fromWho="1" sc="240,126,250,-116,250,0,250,0" /><INIT seed="0,1,0,3,5,7" ten="366,134,250,250" oya="0" hai0="34,25,127,38,58,33,20,106,64,18,32,9,48" hai1="62,81,41,99,23,121,92,117,17,112,77,68,123" hai2="0,63,55,83,113,42,104,73,61,28,21,1,4" hai3="14,103,75,3,51,49,126,65,43,94,128,105,131"/><T59/><D38/><U36/><E117/><V88/><F113/><W102/><G105/><T60/><D106/><U85/><E112/><V29/><F104/><W98/><G3/><T70/><D127/><U45/><E68/><V37/><F37/><W124/><G75/><T52/><REACH who="0" step="1"/><D9/><REACH who="0" ten="356,134,250,250" step="2"/><U130/><E130/><V119/><F119/><W57/><G124/><T47/><AGARI ba="1,1" hai="18,20,25,32,33,34,47,48,52,58,59,60,64,70" machi="47" ten="30,11700,0" yaku="1,1,2,1,0,1,54,1,53,0" doraHai="7" doraHaiUra="89" who="0" fromWho="0" sc="356,130,134,-40,250,-40,250,-40" /><INIT seed="0,2,0,4,3,50" ten="486,94,210,210" oya="0" hai0="97,126,118,65,55,21,44,51,130,14,90,125,113" hai1="58,131,104,5,42,62,66,29,79,46,20,109,116" hai2="57,100,77,34,75,86,82,49,74,6,103,45,127" hai3="54,15,17,102,39,0,68,110,78,25,69,72,88"/><T80/><D113/><U106/><E116/><V89/><F34/><W28/><G0/><T40/><D118/><U10/><E109/><V8/><F127/><N who="0" m="48650" /><D65/><U83/><E20/><V64/><F57/><W133/><G39/><T92/><D130/><U96/><E29/><V122/><F122/><W134/><G102/><T48/><D80/><U59/><E59/><V124/><F64/><W63/><G78/><T36/><D55/><U38/><E96/><V76/><F76/><W52/><G72/><T30/><D30/><U16/><E131/><V91/><F91/><W108/><G88/><T84/><D84/><U71/><E16/><AGARI ba="2,0" hai="14,16,21,36,40,44,48,51,90,92,97" m="48650" machi="16" ten="30,2900,0" yaku="18,1,54,1" doraHai="50" who="0" fromWho="1" sc="486,35,94,-35,210,0,210,0" /><INIT seed="0,3,0,5,4,135" ten="521,59,210,210" oya="0" hai0="69,60,10,127,103,63,59,44,22,28,116,61,82" hai1="23,38,1,56,65,95,79,130,114,85,107,133,45" hai2="39,98,67,121,106,78,52,35,109,54,119,62,122" hai3="64,68,26,15,9,132,111,13,18,115,3,19,94"/><T24/><D116/><U33/><E107/><V66/><F35/><W134/><G115/><T118/><D69/><U49/><E33/><V16/><F78/><W43/><G3/><T113/><D113/><U36/><E114/><V25/><F39/><W55/><G111/><T34/><D118/><U128/><E133/><N who="3" m="51306" /><G43/><T20/><D103/><U88/><E1/><V48/><F119/><W73/><G73/><T101/><D101/><U105/><E105/><V102/><F109/><W14/><G94/><T72/><D59/><U75/><E23/><V6/><F6/><N who="3" m="3255" /><G55/><T29/><D34/><U77/><E56/><V0/><F0/><W37/><G37/><N who="1" m="14442" /><E65/><V117/><F67/><W87/><G87/><T86/><D72/><U58/><E58/><V129/><F129/><N who="1" m="49769" /><E75/><V91/><F91/><W7/><G64/><T99/><D99/><U112/><E112/><V81/><F117/><W70/><G26/><T123/><D24/><U32/><E32/><V76/><F25/><W11/><G15/><T80/><D123/><U74/><E74/><V53/><F122/><W84/><G84/><T125/><D86/><U71/><E71/><AGARI ba="3,0" hai="7,11,14,18,19,68,70,71" m="3255,51306" machi="71" ten="30,1000,0" yaku="20,1" doraHai="135" who="3" fromWho="1" sc="521,0,59,-19,210,0,210,19" /><INIT seed="1,0,0,5,4,126" ten="521,40,210,229" oya="1" hai0="73,42,77,59,2,6,34,99,15,135,35,69,45" hai1="9,119,109,118,55,11,7,125,57,5,108,91,14" hai2="20,22,52,132,85,90,67,27,44,37,83,10,39" hai3="51,117,127,120,17,88,65,0,81,107,32,50,105"/><U97/><E125/><V63/><F132/><W26/><G127/><T80/><D59/><U49/><E91/><V111/><F111/><N who="1" m="42569" /><E97/><V92/><F10/><W33/><G120/><T16/><D69/><U29/><E29/><V76/><F22/><W41/><G0/><AGARI ba="0,0" hai="0,5,7,9,11,14,49,55,57,118,119" m="42569" machi="0" ten="30,2900,0" yaku="14,1,10,1" doraHai="126" who="1" fromWho="3" sc="521,0,40,29,210,0,229,-29" /><INIT seed="1,1,0,2,4,107" ten="521,69,210,200" oya="1" hai0="71,44,114,70,15,94,69,63,12,16,57,124,125" hai1="130,59,40,33,51,22,97,18,78,123,100,75,89" hai2="39,28,79,24,90,106,64,105,121,14,66,48,104" hai3="52,118,29,119,21,38,128,8,88,96,31,3,19"/><U35/><E123/><V74/><F121/><W36/><G128/><T91/><D114/><U129/><E89/><V131/><F131/><N who="1" m="50185" /><E78/><V68/><F39/><N who="3" m="14891" /><G8/><T92/><D44/><N who="1" m="25991" /><E59/><V6/><F90/><W25/><G3/><T72/><D72/><U43/><E43/><V13/><F48/><W99/><G52/><N who="0" m="34215" /><D91/><U81/><E81/><V65/><F6/><W7/><G7/><T0/><D0/><U95/><E75/><V127/><F127/><N who="0" m="48714" /><D15/><AGARI ba="1,0" hai="15,18,22,33,35,95,97,100" m="25991,50185" machi="15" ten="30,1500,0" yaku="19,1" doraHai="107" who="1" fromWho="0" sc="521,-18,69,18,210,0,200,0" /><INIT seed="1,2,0,1,2,20" ten="503,87,210,200" oya="1" hai0="111,89,129,22,25,64,75,125,21,94,48,55,29" hai1="40,34,78,3,49,56,18,71,84,73,107,45,15" hai2="53,81,27,38,133,83,77,69,31,5,28,16,110" hai3="26,91,68,19,67,37,4,11,124,9,54,121,65"/><U97/><E71/><V32/><F110/><W46/><G121/><T23/><D75/><U82/><E3/><V99/><F133/><W93/><G124/><T61/><D111/><U70/><E70/><V0/><F38/><W102/><G68/><T66/><D129/><U47/><E34/><V42/><F42/><W10/><G102/><T96/><D125/><U130/><E130/><V108/><F31/><W63/><G37/><T116/><D116/><U126/><E126/><V74/><F83/><W33/><G4/><T51/><D48/><U112/><E112/><V72/><F99/><N who="3" m="57791" /><G33/><T109/><D109/><U44/><E56/><V92/><F92/><W119/><G119/><T98/><D98/><U8/><REACH who="1" step="1"/><E73/><REACH who="1" ten="503,77,210,200" step="2"/><V52/><F69/><W118/><G118/><T62/><D66/><U2/><E2/><V35/><F74/><W76/><G67/><T58/><D64/><U104/><E104/><V43/><F35/><W12/><G65/><T79/><D79/><U120/><E120/><V39/><F108/><W95/><G76/><T132/><D132/><U85/><E85/><V103/><F32/><W128/><G128/><T127/><D127/><U13/><E13/><V101/><F72/><W50/><G12/><T123/><D123/><U134/><E134/><V90/><F0/><W113/><G113/><T131/><D131/><U122/><E122/><V41/><F5/><W60/><G95/><T114/><D114/><U86/><E86/><V115/><F115/><W100/><G100/><AGARI ba="2,1" hai="8,15,18,40,44,45,47,49,78,82,84,97,100,107" machi="100" ten="40,2000,0" yaku="1,1,53,0" doraHai="20" doraHaiUra="106" who="1" fromWho="3" sc="503,0,77,36,210,0,200,-26" /><INIT seed="1,3,0,5,2,108" ten="503,113,210,174" oya="1" hai0="103,112,84,21,49,23,66,131,16,99,125,81,14" hai1="52,95,116,127,134,47,2,135,114,94,4,6,37" hai2="118,117,33,60,20,70,17,43,54,98,28,119,9" hai3="109,75,78,67,50,89,45,27,113,25,53,18,73"/><U124/><E116/><V132/><F43/><W0/><G109/><T57/><D112/><U11/><E6/><V82/><F82/><W1/><G113/><T77/><D125/><N who="1" m="48203" /><E114/><V38/><F38/><W61/><G89/><T46/><D131/><U41/><E52/><V42/><F42/><W51/><G51/><T85/><D85/><U90/><E90/><V30/><F98/><W105/><G105/><T58/><D66/><U13/><E2/><V7/><F70/><W110/><G110/><T56/><D23/><U10/><E10/><V44/><F60/><W115/><G115/><T133/><D133/><AGARI ba="3,0" hai="4,11,13,37,41,47,94,95,133,134,135" m="48203" machi="133" ten="30,2900,0" yaku="20,1,18,1" doraHai="108" who="1" fromWho="0" sc="503,-38,113,38,210,0,174,0" /><INIT seed="1,4,0,0,4,51" ten="465,151,210,174" oya="1" hai0="123,12,1,72,127,68,115,65,58,119,41,89,11" hai1="9,100,79,110,76,129,116,132,80,34,94,75,95" hai2="131,122,21,83,81,61,55,104,53,24,82,64,13" hai3="103,120,18,39,92,30,17,22,33,49,77,66,78"/><U26/><E116/><V71/><F131/><W27/><G39/><T57/><D1/><U36/><E129/><V16/><F122/><W125/><G120/><T29/><D72/><U97/><E36/><V20/><REACH who="2" step="1"/><F104/><REACH who="2" ten="465,151,200,174" step="2"/><W46/><G125/><T87/><D123/><U107/><E132/><V5/><F5/><W128/><G128/><T37/><D127/><U54/><E110/><V91/><F91/><W99/><G77/><T35/><D89/><U113/><E79/><V23/><F23/><W8/><G78/><T25/><D35/><U28/><E113/><V59/><F59/><W86/><G22/><T67/><D58/><U15/><REACH who="1" step="1"/><E54/><REACH who="1" ten="465,141,200,174" step="2"/><V56/><F56/><W111/><G111/><T112/><D57/><U50/><E50/><V88/><F88/><W47/><G49/><T124/><D112/><U52/><E52/><V31/><AGARI ba="4,2" hai="13,16,20,21,24,31,53,55,61,64,71,81,82,83" machi="31" ten="30,8000,1" yaku="1,1,0,1,52,2,54,1,53,0" doraHai="51" doraHaiUra="2" who="2" fromWho="2" sc="465,-24,141,-44,200,112,174,-24" /><INIT seed="2,0,0,5,4,19" ten="441,97,312,150" oya="2" hai0="131,73,110,23,102,69,65,115,37,62,118,36,13" hai1="92,49,94,10,66,76,80,112,135,6,24,79,85" hai2="106,89,4,18,74,7,133,41,67,109,77,93,107" hai3="59,8,90,11,78,46,70,108,88,116,68,26,98"/><V14/><F133/><W54/><G116/><T60/><D115/><U127/><E135/><V43/><F107/><W21/><G108/><T20/><D73/><U9/><E112/><V126/><F106/><W86/><G46/><T1/><D1/><U121/><E127/><V30/><F126/><W96/><G78/><T99/><D131/><U44/><E66/><V113/><F113/><W91/><G86/><T100/><D110/><U117/><E121/><V123/><F123/><W105/><G70/><T0/><D0/><U25/><E117/><V47/><F109/><W38/><G38/><T97/><D13/><U114/><E114/><V81/><F67/><W27/><G27/><T125/><D125/><U95/><E79/><V101/><F30/><N who="3" m="17743" /><G68/><T35/><D35/><U40/><REACH who="1" step="1"/><E10/><REACH who="1" ten="441,87,312,150" step="2"/><N who="3" m="3626" /><G105/><T34/><D65/><U124/><E124/><V82/><F77/><W42/><G42/><T39/><D118/><U103/><E103/><V15/><F101/><W48/><AGARI ba="0,1" hai="48,54,59,88,90,91,96,98" m="3626,17743" machi="48" ten="30,4000,0" yaku="8,1,52,1,54,1" doraHai="19" who="3" fromWho="3" sc="441,-10,87,-10,312,-20,150,50" /><INIT seed="3,0,0,5,0,57" ten="431,77,292,200" oya="3" hai0="29,83,10,128,35,80,110,32,93,107,60,39,118" hai1="106,7,47,69,131,61,36,103,8,72,19,120,87" hai2="62,117,12,129,94,71,73,91,78,28,59,113,46" hai3="52,33,98,119,48,100,3,135,37,68,55,64,40"/><W101/><G119/><T133/><D107/><U102/><E120/><V54/><F113/><W58/><G135/><T112/><D39/><U16/><E72/><V126/><F117/><W99/><G33/><T6/><D110/><U114/><E114/><V124/><F129/><W77/><G3/><T132/><D128/><U130/><E87/><V0/><F0/><W79/><G68/><T45/><D112/><U105/><E36/><V25/><F12/><W65/><G40/><T86/><D60/><U11/><E47/><V2/><F46/><W123/><G37/><T75/><D45/><U108/><E69/><V51/><F2/><W34/><G34/><T24/><D75/><U134/><E7/><V13/><F13/><W84/><G123/><T125/><D125/><N who="2" m="48234" /><F78/><W95/><G55/><T15/><D35/><U14/><E14/><V41/><F73/><W49/><G49/><T67/><D67/><N who="3" m="25673" /><G84/><T111/><D111/><U38/><E38/><V115/><F115/><W31/><G31/><T66/><D66/><U89/><E108/><V42/><F51/><W88/><G99/><T81/><D118/><U109/><E109/><V85/><F71/><W74/><G74/><T26/><D132/><U50/><E50/><V63/><F42/><W90/><G90/><N who="0" m="53463" /><D133/><U20/><E134/><V92/><F41/><W82/><G82/><T43/><D43/><U70/><E70/><V121/><F121/><W21/><G21/><N who="0" m="15503" /><D81/><U30/><E20/><N who="2" m="15399" /><F63/><W18/><G18/><T104/><D104/><U17/><E17/><V27/><F94/><W56/><G58/><T97/><D97/><RYUUKYOKU ba="0,0" sc="431,10,77,-30,292,10,200,10" hai0="6,10,15,26,32,80,83" hai2="27,54,59,62,85,91,92" hai3="48,52,56,77,79,88,95,98,100,101" /><INIT seed="3,1,0,0,3,121" ten="441,47,302,210" oya="3" hai0="19,125,41,64,93,57,76,134,16,47,18,115,40" hai1="70,97,96,36,37,113,112,29,46,103,10,13,62" hai2="107,133,74,91,85,94,20,14,48,67,135,5,119" hai3="63,84,111,128,50,44,129,60,51,35,127,73,66"/><W49/><G73/><T117/><D117/><U38/><E29/><V39/><F39/><W109/><G35/><T130/><D130/><N who="3" m="50281" /><G127/><T110/><D134/><N who="2" m="51210" /><F119/><W21/><G21/><T116/><D116/><U11/><E13/><V82/><F107/><W99/><G84/><T105/><D105/><U88/><E46/><V1/><F1/><W81/><G81/><T6/><D115/><U83/><E62/><N who="3" m="23594" /><G66/><T124/><D64/><U22/><E22/><V15/><F67/><W123/><G123/><T33/><D33/><U92/><E70/><V43/><F20/><W87/><G87/><T45/><D124/><U3/><E3/><V28/><F28/><W90/><G44/><T23/><D47/><U102/><E83/><V108/><F74/><W24/><G24/><T79/><D45/><U27/><E27/><V32/><F82/><W34/><G34/><T58/><D23/><U8/><REACH who="1" step="1"/><E97/><REACH who="1" ten="441,37,302,210" step="2"/><V42/><F32/><W52/><G99/><T131/><D125/><U12/><E12/><V106/><F15/><W80/><G80/><T31/><D131/><U75/><E75/><V104/><F14/><W54/><G90/><T126/><D126/><U120/><E120/><V71/><F91/><W132/><G132/><T77/><D76/><U101/><AGARI ba="1,1" hai="8,10,11,36,37,38,88,92,96,101,102,103,112,113" machi="101" ten="40,8000,1" yaku="1,1,0,1,29,2,54,1,53,0" doraHai="121" doraHaiUra="53" who="1" fromWho="1" sc="441,-21,37,93,302,-21,210,-41" owari="420,52.0,130,-37.0,281,8.1,169,-23.1" /></mjloggm>