<mjloggm ver="2.3"><GO type="225" lobby="0"/><UN n0="%72%69%6F%75%63%68%61%6E" n1="%E3%81%AA%E3%81%8C%E3%81%95%E3%82%8F%E3%81%BE%E3%81%95%E3%81%BF" n2="%E3%81%82%E3%81%84%E3%81%82%E3%81%8A%E3%81%84" n3="%E3%81%AF%E3%82%88%E3%81%8A%E3%81%98%E3%81%95%E3%82%93" dan="17,16,18,16" rate="2278.73,2105.75,2179.38,2151.32" sx="M,F,M,M"/><TAIKYOKU oya="0"/><INIT seed="0,0,0,0,1,93" ten="250,250,250,250" oya="0" hai0="98,32,15,121,109,97,56,13,14,92,123,29,131" hai1="129,120,116,8,101,7,42,64,78,107,111,23,55" hai2="67,61,5,108,122,1,68,48,33,125,51,25,130" hai3="57,96,100,119,69,22,118,46,117,86,126,76,70"/><T27/><D131/><U114/><E116/><V60/><F122/><W3/><G3/><T17/><D109/><U79/><E120/><V49/><F108/><W50/><G126/><T88/><D17/><U11/><E129/><V19/><F125/><W62/><G22/><T82/><D82/><U102/><E42/><V89/><F130/><W124/><G124/><T6/><D6/><U45/><E64/><V10/><F61/><W72/><G72/><T52/><REACH who="0" step="1"/><D97/><REACH who="0" ten="240,250,250,250" step="2"/><U73/><E7/><V133/><F133/><W83/><G117/><T81/><D81/><U134/><E134/><V47/><F19/><W54/><G118/><T104/><D104/><U43/><E107/><V16/><F16/><W84/><G119/><T41/><D41/><U30/><E43/><V115/><F115/><W24/><G84/><T103/><D103/><U113/><E102/><V106/><F106/><W36/><G96/><T94/><D94/><U66/><E101/><V31/><REACH who="2" step="1"/><F89/><REACH who="2" ten="240,250,240,250" step="2"/><W39/><G100/><T35/><D35/><U74/><E111/><V44/><AGARI ba="0,2" hai="1,5,10,25,31,33,44,47,48,49,51,60,67,68" machi="44" ten="30,7900,0" yaku="1,1,2,1,0,1,53,1" doraHai="93" doraHaiUra="65" who="2" fromWho="2" sc="240,-39,250,-20,240,99,250,-20" /><INIT seed="1,0,0,4,1,9" ten="201,230,339,230" oya="1" hai0="88,22,38,82,114,71,20,12,5,34,61,21,19" hai1="101,106,84,17,100,74,0,80,52,40,87,77,30" hai2="10,59,25,72,123,83,46,75,44,70,13,86,107" hai3="76,6,29,90,58,133,69,16,98,117,18,85,47"/><U37/><E0/><V7/><F70/><W102/><G69/><T126/><D114/><U54/><E30/><V121/><F107/><W15/><G133/><T93/><D34/><U35/><E35/><V118/><F118/><W67/><G117/><T110/><D38/><U78/><E37/><V122/><F59/><W68/><G68/><T120/><D110/><U130/><E40/><V55/><F25/><W96/><G29/><T33/><D33/><U116/><E130/><V42/><F55/><N who="1" m="21033" /><E74/><V111/><F111/><W127/><G76/><N who="1" m="29290" /><E106/><V131/><F131/><W134/><G127/><T51/><D126/><U2/><E2/><V26/><F26/><W129/><G47/><T23/><D120/><U91/><E116/><V119/><F119/><W49/><G134/><T27/><D51/><U60/><E84/><V45/><REACH who="2" step="1"/><F42/><REACH who="2" ten="201,230,329,230" step="2"/><W95/><G129/><T104/><D104/><U39/><E60/><V103/><F103/><W99/><G102/><T79/><D71/><U135/><E135/><V11/><F11/><N who="3" m="4599" /><G67/><T36/><D61/><U56/><E56/><V48/><F48/><W62/><G49/><T128/><D36/><U124/><E124/><V64/><F64/><W66/><AGARI ba="0,1" hai="16,18,58,62,66,85,90,95,96,98,99" m="4599" machi="66" ten="30,4000,0" yaku="8,1,52,1,54,1" doraHai="9" who="3" fromWho="3" sc="201,-10,230,-20,329,-10,230,50" /><INIT seed="2,0,0,0,5,85" ten="191,210,319,280" oya="2" hai0="132,76,124,36,61,133,77,47,39,80,91,22,45" hai1="99,16,105,82,49,66,78,21,68,6,32,25,100" hai2="96,7,9,24,29,38,26,55,114,104,57,27,69" hai3="37,70,98,71,88,63,93,54,33,102,5,90,4"/><V84/><F114/><W128/><G37/><N who="0" m="14411" /><D124/><U31/><E6/><N who="3" m="2666" /><G71/><T123/><D123/><U109/><E109/><V18/><F38/><W101/><G33/><T131/><D22/><U87/><E49/><V67/><F18/><W74/><G74/><T0/><D0/><U134/><E134/><N who="0" m="51817" /><D131/><U40/><E40/><V12/><F84/><W107/><G107/><T11/><D11/><U127/><E127/><V108/><F96/><N who="3" m="57383" /><G70/><T1/><D1/><U52/><E52/><V97/><F97/><W8/><G8/><T79/><D61/><U83/><E83/><V115/><F104/><W58/><G128/><T41/><D41/><U2/><E2/><V51/><F115/><W42/><G42/><T15/><D15/><U35/><REACH who="1" step="1"/><E31/><REACH who="1" ten="191,200,319,280" step="2"/><V28/><F28/><W118/><G118/><T53/><D53/><U43/><E43/><V103/><F29/><W129/><G129/><T72/><D72/><U117/><E117/><V122/><F55/><W64/><G54/><T19/><D19/><U112/><E112/><V59/><F51/><W113/><G113/><T10/><D10/><U48/><E48/><V81/><F9/><W111/><G111/><T116/><D116/><U73/><E73/><V30/><F108/><W126/><G126/><T125/><D125/><U17/><E17/><V46/><F30/><W34/><G34/><T89/><D80/><U110/><E110/><V20/><F81/><W95/><AGARI ba="0,1" hai="58,63,64,90,95,98,101,102" m="57383,2666" machi="95" ten="30,7900,0" yaku="8,1,52,2,54,1" doraHai="85" who="3" fromWho="3" sc="191,-20,200,-20,319,-39,280,89" /><INIT seed="3,0,0,1,4,14" ten="171,180,280,369" oya="3" hai0="82,18,29,68,118,27,25,122,121,115,58,11,109" hai1="86,125,100,7,123,97,79,107,106,111,126,61,75" hai2="66,90,54,96,1,17,65,105,93,114,38,3,56" hai3="128,43,130,72,101,76,69,31,120,127,70,37,5"/><W81/><G120/><T95/><D68/><U91/><E7/><V94/><F105/><W6/><G127/><N who="1" m="48650" /><E123/><N who="0" m="47113" /><D82/><N who="1" m="45439" /><E111/><V57/><F38/><W116/><G31/><T87/><D87/><U55/><E55/><V108/><F114/><W30/><G116/><T104/><D104/><N who="1" m="63503" /><E61/><V26/><F1/><W12/><G69/><T99/><D99/><U19/><E19/><V52/><F3/><W73/><G5/><T24/><D95/><AGARI ba="0,0" hai="86,91,95,106,107" m="63503,45439,48650" machi="95" ten="30,7700,0" yaku="24,1,18,1,34,2" doraHai="14" who="1" fromWho="0" sc="171,-77,180,77,280,0,369,0" owari="94,-40.6,257,-14.3,280,8.0,369,46.9" /></mjloggm>