<mjloggm ver="2.3"><GO type="225" lobby="0"/><UN n0="%E6%B4%BE%E9%81%A3%E3%81%AE%E3%82%B8%E3%83%A3%E3%83%83%E3%82%AF" n1="%E6%98%93%E5%88%A9%E8%96%A9%E4%BC%AF" n2="%E5%85%88%E7%89%A9%E3%81%AF%74%72%61%73%68" n3="%6D%75%75%73%61%6E%6D%75" dan="17,16,17,16" rate="2194.21,2090.94,2144.13,2134.30" sx="M,F,M,F"/><TAIKYOKU oya="0"/><INIT seed="0,0,0,0,5,66" ten="250,250,250,250" oya="0" hai0="61,91,128,106,21,50,57,133,1,25,17,83,19" hai1="110,123,10,89,54,24,27,59,43,124,98,86,39" hai2="65,26,29,72,114,90,8,31,107,4,126,9,47" hai3="94,99,111,7,81,135,87,14,56,62,5,95,23"/><T64/><D106/><U101/><E123/><V85/><F114/><W35/><G35/><T78/><D1/><U121/><E110/><V82/><F107/><W129/><G111/><T132/><D128/><U45/><E124/><V55/><F126/><W3/><G135/><T120/><D120/><U42/><E42/><V73/><F65/><W130/><G3/><T38/><D38/><U69/><E69/><V63/><F31/><W96/><G23/><T41/><D91/><U116/><E10/><V79/><F9/><W52/><G129/><T13/><D41/><U11/><E11/><V104/><F104/><W32/><G32/><T6/><D50/><U33/><E33/><V20/><F90/><N who="3" m="55383" /><G14/><T49/><D49/><U67/><E67/><V48/><REACH who="2" step="1"/><F63/><REACH who="2" ten="250,250,240,250" step="2"/><W115/><G115/><T105/><D105/><U134/><E121/><V113/><F113/><W84/><G130/><T37/><D132/><U103/><E134/><V100/><F100/><N who="3" m="60543" /><G81/><T102/><D102/><U112/><E103/><V30/><F30/><W51/><G62/><T77/><D133/><U2/><E101/><V117/><F117/><W0/><G0/><AGARI ba="0,1" hai="0,4,8,20,26,29,47,48,55,72,73,79,82,85" machi="0" ten="30,2000,0" yaku="1,1,7,1,53,0" doraHai="66" doraHaiUra="70" who="2" fromWho="3" sc="250,0,250,0,240,30,250,-20" /><INIT seed="1,0,0,1,0,128" ten="250,250,270,230" oya="1" hai0="133,49,63,6,26,81,114,126,96,7,57,120,100" hai1="34,65,30,135,84,112,125,17,94,73,98,119,2" hai2="87,111,27,13,50,45,1,85,42,36,19,102,93" hai3="95,77,31,53,89,83,121,48,80,20,22,43,86"/><U51/><E112/><V0/><F111/><W21/><G121/><T134/><D114/><U113/><E113/><V130/><F130/><W66/><G66/><N who="0" m="39279" /><D120/><U60/><E73/><V56/><F27/><W127/><G127/><T71/><D71/><U41/><E2/><V28/><F28/><W40/><G31/><T110/><D110/><U116/><E135/><N who="0" m="51721" /><D126/><U69/><E125/><V23/><F102/><W24/><G24/><T44/><D81/><U54/><E84/><V25/><F87/><W122/><G122/><T68/><D68/><U67/><E67/><V99/><F25/><W5/><G80/><T35/><D26/><U123/><E123/><V16/><F19/><W124/><G5/><T106/><D35/><U10/><E34/><V90/><F99/><N who="3" m="57839" /><G124/><T59/><D59/><AGARI ba="0,0" hai="20,21,22,40,43,48,53,59,77,83,86" m="57839" machi="59" ten="30,1000,0" yaku="8,1" doraHai="128" who="3" fromWho="0" sc="250,-10,250,0,270,0,230,10" /><INIT seed="2,0,0,1,0,33" ten="240,250,270,240" oya="2" hai0="52,80,65,89,39,71,88,42,64,107,61,29,94" hai1="120,134,21,51,56,93,122,30,135,15,35,60,50" hai2="123,47,100,81,59,36,20,37,90,130,119,1,98" hai3="86,117,91,44,116,23,125,32,16,92,24,84,85"/><V18/><F119/><W124/><G116/><T103/><D107/><U0/><E35/><V126/><F123/><N who="1" m="47145" /><E93/><V79/><F130/><W102/><G117/><T45/><D29/><U129/><E129/><V14/><F126/><N who="3" m="48747" /><G32/><T17/><D71/><U83/><E83/><V8/><F90/><W67/><G67/><T75/><D17/><N who="1" m="10431" /><E30/><V2/><F59/><W68/><G68/><T72/><D72/><U62/><E62/><V54/><F20/><W82/><G44/><T6/><D6/><U25/><E25/><V73/><F37/><W10/><G10/><T113/><D113/><U49/><E0/><V111/><F111/><W48/><G48/><N who="1" m="12290" /><U3/><DORA hai="95" /><E3/><V77/><F77/><W11/><G11/><T46/><D75/><U63/><E63/><V57/><F57/><W106/><G106/><T41/><D80/><U101/><E101/><V104/><REACH who="2" step="1"/><F54/><AGARI ba="0,0" hai="54,56,60,134,135" m="12290,10431,47145" machi="54" ten="40,1300,0" yaku="13,1" doraHai="33,95" who="1" fromWho="2" sc="240,0,250,13,270,-13,240,0" /><INIT seed="3,0,0,3,3,68" ten="240,263,257,240" oya="3" hai0="64,85,65,135,8,12,98,107,14,94,100,96,121" hai1="16,36,105,25,66,124,1,120,81,102,46,128,24" hai2="54,70,90,78,41,77,31,34,39,88,75,99,45" hai3="6,18,69,28,13,35,22,56,129,4,76,112,118"/><W79/><G69/><T101/><D121/><U122/><E1/><V3/><F3/><W133/><G112/><T20/><D135/><U123/><E128/><V114/><F114/><W104/><G118/><T108/><D108/><U29/><E124/><V113/><F113/><W53/><G104/><T63/><D85/><U92/><E105/><V72/><F70/><W127/><G129/><T43/><D43/><U9/><E66/><V27/><F54/><W50/><G127/><T115/><D115/><U37/><E81/><V23/><F34/><W33/><G133/><T15/><D20/><U131/><E46/><V84/><F99/><W126/><G126/><T117/><D117/><U58/><E58/><V71/><F71/><W97/><G97/><T21/><D21/><U91/><E102/><V106/><F106/><W87/><G35/><T130/><D130/><U74/><E74/><V73/><REACH who="2" step="1"/><F90/><REACH who="2" ten="240,263,247,240" step="2"/><W42/><G33/><T110/><D110/><U55/><E55/><V86/><F86/><W32/><G87/><T103/><D103/><U109/><E131/><V95/><AGARI ba="0,1" hai="23,27,31,39,41,45,72,73,75,77,78,84,88,95" machi="95" ten="30,7900,0" yaku="1,1,0,1,52,1,54,1,53,0" doraHai="68" doraHaiUra="52" who="2" fromWho="2" sc="240,-20,263,-20,247,89,240,-39" owari="220,-18.0,243,4.3,336,43.6,201,-29.9" /></mjloggm>