<mjloggm ver="2.3"><GO type="225" lobby="0"/><UN n0="%E3%81%BE%E3%81%A8%E3%81%9F" n1="%E3%81%86%E3%82%8C%E3%81%9F%E3%82%93%E6%9E%95" n2="%E5%80%89%E6%A9%8B%EF%BC%A0%E4%BA%8B%E5%8B%99" n3="%30%2E%31%32%30" dan="16,16,16,16" rate="2114.68,2155.60,2131.15,2083.85" sx="M,F,M,M"/><TAIKYOKU oya="0"/><INIT seed="0,0,0,1,3,25" ten="250,250,250,250" oya="0" hai0="90,67,78,62,124,6,21,94,81,53,22,18,76" hai1="37,102,123,71,14,44,13,1,46,105,66,122,60" hai2="83,45,113,61,5,2,75,119,31,109,56,35,84" hai3="107,125,43,41,26,8,116,121,19,97,64,63,99"/><T88/><D124/><U54/><E1/><V59/><F113/><W68/><G121/><T87/><D6/><U34/><E34/><V85/><F109/><W114/><G116/><T74/><D53/><U20/><E44/><V24/><F119/><W134/><G125/><T30/><D30/><U103/><E105/><V49/><F2/><W118/><G118/><T80/><D18/><U130/><E130/><V92/><F5/><W55/><G134/><T98/><REACH who="0" step="1"/><D78/><REACH who="0" ten="240,250,250,250" step="2"/><U133/><E54/><V15/><F31/><W110/><G55/><T9/><D9/><U4/><E4/><V16/><F16/><W131/><G131/><T52/><D52/><U120/><E133/><V100/><F35/><W33/><G8/><T12/><D12/><U96/><E13/><V47/><F15/><W50/><G19/><T40/><D40/><U23/><E14/><V128/><F128/><W112/><G43/><T126/><D126/><U42/><REACH who="1" step="1"/><E96/><REACH who="1" ten="240,240,250,250" step="2"/><V57/><F24/><W70/><G97/><T91/><D91/><U0/><E0/><V79/><F45/><W117/><G99/><T106/><D106/><U69/><E69/><AGARI ba="0,2" hai="21,22,62,67,69,74,76,80,81,87,88,90,94,98" machi="69" ten="30,5800,0" yaku="1,1,7,1,54,1,53,0" doraHai="25" doraHaiUra="11" who="0" fromWho="1" sc="240,78,240,-58,250,0,250,0" /><INIT seed="0,1,0,1,0,75" ten="318,182,250,250" oya="0" hai0="125,133,10,43,28,27,30,14,8,78,50,57,44" hai1="129,59,12,89,64,114,81,0,7,90,31,128,84" hai2="134,91,79,16,112,38,106,115,94,33,70,72,92" hai3="122,131,19,18,1,65,58,41,97,69,55,39,105"/><T24/><D125/><U88/><E0/><V4/><F33/><W98/><G1/><T40/><D133/><U76/><E31/><V118/><F70/><W20/><G131/><N who="1" m="50250" /><E114/><V54/><F38/><W120/><G69/><T71/><D71/><U96/><E7/><V111/><F4/><W42/><G65/><T95/><D43/><N who="3" m="16393" /><G105/><T82/><D95/><N who="1" m="56423" /><E12/><V22/><F54/><W5/><G5/><N who="0" m="3343" /><D57/><U108/><E108/><V86/><F106/><W2/><G2/><T17/><D10/><U83/><E59/><V132/><F111/><W51/><G39/><T3/><D3/><U46/><E46/><V23/><F118/><W61/><G18/><T119/><D119/><U100/><E64/><V104/><F104/><W87/><G122/><T135/><D135/><N who="2" m="51754" /><F23/><W110/><G120/><T52/><D40/><U25/><E25/><N who="0" m="9801" /><D17/><U11/><E11/><V101/><F16/><W74/><G110/><T45/><D45/><U56/><E56/><V117/><F22/><W53/><G20/><T121/><D121/><U80/><E100/><V29/><F29/><W63/><G19/><T48/><D48/><U13/><E13/><V130/><F117/><W103/><G51/><T35/><D35/><U127/><E127/><V66/><F130/><W47/><G47/><T37/><D37/><U68/><E68/><V123/><F123/><W116/><G116/><T67/><D67/><U6/><E6/><V60/><F66/><W32/><G32/><T109/><D109/><U21/><E21/><V34/><F34/><W126/><G126/><T99/><D28/><U113/><E113/><RYUUKYOKU ba="1,0" sc="318,-10,182,30,250,-10,250,-10" hai1="76,80,81,83,84,89,90" /><INIT seed="1,2,0,5,1,135" ten="308,212,240,240" oya="1" hai0="88,127,100,3,109,43,116,69,28,13,119,56,113" hai1="25,115,121,35,108,2,53,55,94,10,50,27,36" hai2="70,75,12,1,91,128,57,17,38,131,32,47,110" hai3="68,66,30,14,21,101,31,95,120,18,58,4,62"/><U124/><E115/><V24/><F70/><W44/><G120/><T81/><D3/><U42/><E121/><V134/><F75/><W132/><G132/><T60/><D69/><U49/><E108/><V112/><F1/><W15/><G68/><T99/><D113/><U90/><E36/><V48/><F134/><W104/><G104/><T80/><D109/><U65/><E65/><V41/><F110/><W102/><G44/><T16/><D28/><N who="3" m="10793" /><G95/><T71/><D71/><U0/><E35/><V34/><F24/><W73/><G73/><T37/><D43/><U6/><E0/><V87/><F112/><W122/><G122/><T63/><D37/><U123/><E123/><V5/><F5/><W51/><G51/><T11/><D127/><U105/><E105/><V103/><F103/><W67/><G67/><T107/><D63/><U93/><E42/><V46/><F57/><W78/><G78/><T29/><D29/><U52/><E94/><N who="2" m="54655" /><F46/><W77/><G77/><T26/><D26/><U72/><E72/><V106/><F106/><W20/><G4/><T74/><D74/><U9/><E124/><V22/><F38/><W96/><G96/><T8/><D8/><N who="1" m="3179" /><E6/><V61/><F61/><W118/><G118/><T23/><D11/><U33/><E2/><V84/><F84/><W54/><G66/><N who="0" m="39175" /><D80/><U86/><E33/><V98/><F98/><W59/><G58/><T114/><D114/><U129/><E129/><AGARI ba="2,0" hai="12,17,22,32,34,41,47,48,128,129,131" m="54655" machi="129" ten="30,1000,0" yaku="19,1" doraHai="135" who="2" fromWho="1" sc="308,0,212,-16,240,16,240,0" /><INIT seed="2,0,0,1,5,22" ten="308,196,256,240" oya="2" hai0="63,119,14,108,92,73,36,69,100,111,48,101,117" hai1="128,68,65,66,112,42,0,19,43,123,12,51,5" hai2="26,118,95,74,58,110,75,98,9,37,50,38,16" hai3="104,49,70,134,91,67,24,64,122,2,35,4,30"/><V96/><F118/><N who="0" m="45066" /><D36/><U10/><E112/><V57/><F50/><W130/><G122/><T28/><D73/><N who="2" m="27658" /><F9/><W40/><G104/><T131/><D131/><U109/><E109/><N who="0" m="42057" /><D92/><U113/><E113/><V132/><F95/><W55/><G130/><T71/><D48/><U54/><E123/><V88/><F110/><W23/><G134/><T60/><D14/><U44/><E128/><V78/><F78/><W52/><G70/><N who="0" m="26635" /><D28/><U33/><E33/><V6/><F37/><W99/><G40/><T86/><D86/><U79/><E79/><V94/><F38/><W107/><G107/><T56/><D56/><U47/><E68/><V20/><F58/><W103/><G103/><AGARI ba="0,0" hai="60,63,100,101,103" m="26635,42057,45066" machi="103" ten="40,8000,1" yaku="28,2,12,1,14,1" doraHai="22" who="0" fromWho="3" sc="308,80,196,0,256,0,240,-80" /><INIT seed="3,0,0,5,1,126" ten="388,196,256,160" oya="3" hai0="46,95,18,97,64,63,11,10,114,79,78,70,29" hai1="40,35,1,90,51,45,117,122,104,73,72,120,110" hai2="124,132,125,31,25,100,33,38,23,34,41,119,80" hai3="32,57,82,129,28,59,65,121,71,5,56,101,103"/><W27/><G121/><T113/><D29/><U115/><E115/><N who="0" m="44041" /><D46/><U77/><E110/><V16/><F119/><W131/><G5/><T9/><D18/><U39/><E104/><V61/><F132/><W3/><G3/><T37/><D37/><U69/><E69/><V8/><F100/><AGARI ba="0,0" hai="9,10,11,63,64,70,78,79,95,97,100" m="44041" machi="100" ten="30,1000,0" yaku="11,1" doraHai="126" who="0" fromWho="2" sc="388,10,196,0,256,-10,160,0" owari="398,49.8,196,-20.4,246,4.6,160,-34.0" /></mjloggm>