<mjloggm ver="2.3"><GO type="225" lobby="0"/><UN n0="%E5%8F%AF%E5%85%90%E9%82%A3%E7%94%B1%E5%A4%9A" n1="%E8%83%83%E3%81%A8%E8%85%B8" n2="%28%EF%BF%A3%E2%96%BD%EF%BF%A3%29%CE%B4%E2%8C%92%E3%83%BB" n3="%E7%99%BD%E9%9B%AA%E4%B9%83%E6%84%9B" dan="17,17,16,16" rate="2212.19,2258.10,2157.29,2096.28" sx="F,M,M,F"/><TAIKYOKU oya="0"/><INIT seed="0,0,0,5,3,124" ten="250,250,250,250" oya="0" hai0="75,110,119,97,42,52,49,10,71,78,90,20,122" hai1="5,50,37,61,126,26,84,14,35,7,32,8,64" hai2="127,17,115,89,102,96,76,9,46,120,54,114,45" hai3="128,130,111,21,103,33,73,133,83,41,3,56,98"/><T28/><D119/><U43/><E37/><V72/><F127/><W0/><G33/><T57/><D122/><U31/><E126/><V88/><F120/><W13/><G41/><T109/><D71/><U125/><E125/><V134/><F134/><W129/><G111/><N who="0" m="42507" /><D42/><U91/><E35/><V82/><F46/><W95/><G56/><T27/><D10/><U121/><E121/><V132/><F132/><W44/><G44/><T81/><D97/><U62/><E7/><V53/><F53/><W77/><G133/><T85/><D75/><U65/><E43/><V59/><F45/><W16/><AGARI ba="0,0" hai="0,3,13,16,21,73,77,83,95,98,103,128,129,130" machi="16" ten="40,12000,2" yaku="0,1,19,1,52,3,54,1" doraHai="124" who="3" fromWho="3" sc="250,-60,250,-30,250,-30,250,120" /><INIT seed="1,0,0,3,3,88" ten="190,220,220,370" oya="1" hai0="101,109,89,54,36,52,68,45,100,50,134,13,17" hai1="9,3,27,39,122,62,64,25,8,65,76,20,103" hai2="78,96,92,41,86,7,135,2,58,106,63,127,56" hai3="124,22,57,4,44,112,69,74,95,133,37,130,98"/><U97/><E122/><V91/><F127/><W77/><G112/><T67/><D109/><U61/><E39/><V28/><F135/><W38/><G69/><T99/><D134/><U118/><E76/><V75/><F28/><W82/><G133/><T94/><D36/><U46/><E46/><V18/><F41/><W113/><G113/><T121/><D121/><U81/><E81/><N who="2" m="45279" /><F63/><W85/><G124/><T51/><D67/><U80/><E80/><V126/><F126/><W87/><G4/><T0/><D0/><U12/><E3/><V35/><F35/><W60/><G38/><T83/><D68/><U107/><E118/><V66/><F66/><W128/><G22/><T120/><D83/><U42/><E42/><V125/><F18/><W19/><G19/><T102/><D120/><U23/><E12/><V48/><F48/><N who="0" m="18474" /><D45/><U33/><E33/><V131/><F131/><N who="3" m="50219" /><G44/><T117/><D117/><U105/><REACH who="1" step="1"/><E103/><REACH who="1" ten="190,210,220,370" step="2"/><N who="0" m="26369" /><T31/><DORA hai="90" /><D31/><U53/><E53/><V59/><F125/><W108/><G37/><T14/><D14/><U72/><E72/><V73/><F73/><W34/><G34/><T24/><D24/><U71/><E71/><V119/><F119/><W47/><G47/><T10/><AGARI ba="0,1" hai="10,13,17,52,54,89,94,99" m="26369,18474" machi="10" ten="40,8000,1" yaku="8,1,52,2,54,1" doraHai="88,90" who="0" fromWho="0" sc="190,90,210,-40,220,-20,370,-20" /><INIT seed="2,0,0,4,5,98" ten="280,170,200,350" oya="2" hai0="53,19,120,133,78,72,81,123,126,13,38,41,131" hai1="106,90,62,82,1,11,91,118,40,89,96,117,14" hai2="6,61,63,88,25,48,70,83,22,60,32,112,132" hai3="104,4,0,36,49,65,46,68,59,24,37,9,58"/><V21/><F112/><W75/><G75/><T12/><D126/><U42/><E1/><V50/><F70/><W66/><G104/><T54/><D131/><U129/><E129/><V134/><F32/><W33/><G59/><T125/><D125/><U74/><E62/><V114/><F6/><W27/><G65/><T109/><D109/><U2/><E2/><V127/><F127/><W85/><G85/><T15/><D133/><N who="2" m="51306" /><F114/><W80/><G80/><T115/><D115/><U86/><E74/><V3/><F3/><W20/><G33/><T34/><D34/><U56/><E56/><V84/><F22/><W113/><G113/><T110/><D110/><U69/><E69/><V122/><F122/><W57/><G57/><T87/><D72/><U116/><E11/><V55/><F55/><N who="3" m="32111" /><G20/><T101/><D53/><U100/><REACH who="1" step="1"/><E14/><REACH who="1" ten="280,160,200,350" step="2"/><V17/><AGARI ba="0,1" hai="17,21,25,48,50,60,61,63,83,84,88" m="51306" machi="17" ten="30,3000,0" yaku="20,1,54,1" doraHai="98" who="2" fromWho="2" sc="280,-10,160,-10,200,40,350,-10" /><INIT seed="2,1,0,4,0,60" ten="270,150,240,340" oya="2" hai0="39,111,22,102,109,12,42,32,135,2,9,23,1" hai1="134,69,78,36,122,93,96,8,94,67,116,61,104" hai2="121,75,49,57,120,73,90,28,91,51,71,124,112" hai3="19,24,82,127,62,92,110,13,3,99,107,16,83"/><V31/><F57/><W64/><G3/><N who="0" m="1035" /><D102/><U85/><E116/><V101/><F101/><W18/><G107/><T44/><D32/><U40/><E134/><V128/><F71/><W59/><G110/><N who="0" m="41995" /><D135/><U52/><E122/><V100/><F100/><N who="3" m="60519" /><G127/><T66/><D66/><U117/><E117/><V81/><F81/><N who="3" m="30731" /><G24/><T6/><AGARI ba="1,0" hai="6,9,12,22,23,39,42,44" m="41995,1035" machi="6" ten="30,1100,0" yaku="14,1" doraHai="60" who="0" fromWho="0" sc="270,14,150,-4,240,-6,340,-4" /><INIT seed="3,0,0,3,2,67" ten="284,146,234,336" oya="3" hai0="1,118,42,19,15,107,81,77,133,110,39,134,73" hai1="2,33,132,109,120,35,53,101,102,91,127,98,22" hai2="122,95,93,44,89,6,5,87,7,43,82,112,115" hai3="30,20,51,117,27,78,26,52,116,85,80,121,28"/><W100/><G121/><T18/><D118/><U104/><E120/><V54/><F122/><W71/><G71/><T92/><D107/><U11/><E109/><V106/><F106/><W66/><G66/><T97/><D1/><U10/><E132/><N who="0" m="50793" /><D110/><U36/><E36/><V57/><F115/><W0/><G100/><N who="0" m="60455" /><D15/><U130/><E130/><V129/><F129/><W123/><G0/><T58/><D58/><U60/><E127/><V12/><F12/><W37/><G37/><T25/><D25/><U128/><E128/><V70/><F70/><W59/><G123/><T45/><AGARI ba="0,0" hai="18,19,39,42,45,73,77,81" m="60455,50793" machi="45" ten="30,1100,0" yaku="20,1" doraHai="67" who="0" fromWho="0" sc="284,11,146,-3,234,-3,336,-5" owari="295,9.5,143,-35.7,231,-16.9,331,43.1" /></mjloggm>