<mjloggm ver="2.3"><GO type="225" lobby="0"/><UN n0="%E9%A2%A8%E3%81%A7%E9%B3%B4%E3%81%8F" n1="%E3%82%B7%E3%83%B3%E5%A4%AA%E6%9C%97" n2="%72%61%6B%33" n3="%72%69%6F%75%63%68%61%6E" dan="16,16,17,17" rate="2119.53,2111.71,2251.53,2284.44" sx="M,M,M,M"/><TAIKYOKU oya="0"/><INIT seed="0,0,0,1,1,37" ten="250,250,250,250" oya="0" hai0="98,66,9,11,97,36,17,31,114,2,24,60,96" hai1="52,82,123,54,124,28,133,122,108,80,42,74,101" hai2="41,1,104,127,131,23,100,49,126,63,72,116,18" hai3="35,21,83,62,22,33,20,8,71,128,34,0,48"/><T93/><D114/><U81/><E108/><V88/><F1/><W40/><G128/><T3/><D36/><U5/><E133/><V67/><F72/><W120/><G120/><T135/><D135/><U59/><E74/><V55/><F131/><W38/><G38/><T45/><D45/><U118/><E118/><V15/><F116/><W73/><G71/><T95/><D2/><U26/><E124/><V94/><F100/><W7/><G62/><T103/><D3/><U4/><E101/><V89/><F104/><W61/><G61/><T16/><D9/><U69/><E69/><V132/><F132/><W75/><REACH who="3" step="1"/><G83/><REACH who="3" ten="250,250,250,240" step="2"/><T112/><D112/><U50/><E122/><V25/><F63/><W117/><G117/><T65/><D65/><U29/><E123/><V92/><F67/><W51/><G51/><T77/><D60/><U115/><E115/><V32/><F49/><W90/><G90/><T105/><D66/><U53/><E82/><V56/><F89/><W46/><AGARI ba="0,1" hai="0,7,8,20,21,22,33,34,35,40,46,48,73,75" machi="46" ten="40,8000,1" yaku="1,1,0,1,52,1,53,1" doraHai="37" doraHaiUra="39" who="3" fromWho="3" sc="250,-40,250,-20,250,-20,240,90" /><INIT seed="1,0,0,2,2,135" ten="210,230,230,330" oya="1" hai0="28,22,80,24,36,129,62,67,3,19,21,111,56" hai1="79,122,63,54,38,34,69,13,94,81,88,84,99" hai2="115,27,76,109,102,46,4,0,105,18,106,116,108" hai3="125,110,29,61,31,49,91,9,1,26,93,87,131"/><U95/><E122/><V37/><F116/><W7/><G125/><T123/><D123/><U73/><E34/><V66/><F18/><W89/><G110/><T134/><D111/><U16/><E38/><V98/><F115/><W75/><G131/><T71/><D134/><U65/><E54/><V127/><F127/><W45/><G75/><T68/><D129/><U101/><E95/><V53/><F53/><W114/><G114/><T77/><D3/><U104/><E13/><V113/><F113/><W41/><G26/><T103/><D103/><U35/><E35/><V90/><F90/><W132/><G132/><T92/><D92/><U50/><E50/><V20/><F106/><W23/><G23/><T107/><D36/><U119/><REACH who="1" step="1"/><E16/><REACH who="1" ten="210,220,230,330" step="2"/><V124/><F37/><W130/><G130/><T86/><D107/><U85/><E85/><V74/><F105/><W100/><G100/><T78/><D78/><U43/><E43/><V44/><F76/><W30/><G91/><T51/><D51/><U47/><E47/><V133/><F44/><W64/><REACH who="3" step="1"/><G30/><REACH who="3" ten="210,220,230,320" step="2"/><T17/><REACH who="0" step="1"/><D28/><REACH who="0" ten="200,220,230,320" step="2"/><U97/><E97/><V72/><F98/><W42/><G42/><T32/><D32/><U25/><E25/><AGARI ba="0,3" hai="17,19,21,22,24,25,56,62,67,68,71,77,80,86" machi="25" ten="30,7700,0" yaku="1,1,7,1,9,1,53,1" doraHai="135" doraHaiUra="59" who="0" fromWho="1" sc="200,107,220,-77,230,0,320,0" /><INIT seed="2,0,0,2,3,81" ten="307,143,230,320" oya="2" hai0="130,92,98,76,116,21,133,88,85,90,1,86,119" hai1="32,114,89,123,71,80,17,102,109,11,38,108,96" hai2="14,128,135,61,127,59,68,129,24,52,53,62,39" hai3="0,124,41,56,51,12,104,16,42,35,3,74,64"/><V66/><F14/><W6/><G104/><T9/><D130/><N who="2" m="50282" /><F24/><W117/><G124/><T77/><D133/><U26/><E71/><V58/><F127/><W43/><G117/><N who="0" m="45131" /><D21/><U54/><E38/><V101/><F101/><W19/><G74/><T15/><D1/><U46/><E123/><V2/><F2/><W99/><G35/><T8/><D8/><U113/><E54/><V83/><F83/><W33/><G33/><T121/><D121/><U122/><E46/><V28/><F28/><W82/><G99/><T29/><D29/><U23/><E32/><V31/><F31/><W134/><G134/><T72/><D72/><U60/><E60/><N who="2" m="40007" /><F39/><W100/><G100/><T13/><D13/><U65/><E65/><N who="2" m="39095" /><F135/><W37/><G37/><T93/><D98/><U94/><E122/><V132/><F132/><W47/><G0/><T57/><D57/><U70/><E70/><V27/><F27/><W115/><G3/><T112/><D112/><U107/><E11/><V79/><F79/><W10/><G115/><T118/><D118/><U36/><E36/><V126/><F126/><W78/><G19/><AGARI ba="0,0" hai="9,15,19,76,77,85,86,88,90,92,93" m="45131" machi="19" ten="30,7700,0" yaku="12,1,52,2,54,1" doraHai="81" who="0" fromWho="3" sc="307,77,143,0,230,0,320,-77" /><INIT seed="3,0,0,2,0,97" ten="384,143,230,243" oya="3" hai0="89,1,73,41,70,3,131,21,51,93,16,53,101" hai1="124,106,11,46,63,39,56,31,47,123,19,54,30" hai2="13,125,61,20,26,52,79,27,115,126,100,9,95" hai3="133,60,94,48,66,34,7,132,82,102,44,25,55"/><W8/><G82/><T28/><D73/><U0/><E123/><V18/><F79/><W5/><G34/><T77/><D70/><U10/><E124/><N who="2" m="47723" /><F115/><W12/><G5/><T88/><D41/><U62/><E39/><V4/><F95/><W105/><G105/><T109/><D28/><U6/><E106/><V15/><F100/><W118/><G118/><T74/><D109/><U135/><E135/><N who="3" m="51786" /><G25/><N who="2" m="9225" /><F61/><W38/><G38/><T33/><D33/><U107/><E107/><V68/><F68/><N who="3" m="42055" /><G94/><T40/><D1/><U130/><E130/><V134/><F134/><W57/><G102/><T91/><D3/><U84/><E84/><V78/><F78/><W59/><AGARI ba="0,0" hai="7,8,12,44,48,55,57,59" m="42055,51786" machi="59" ten="30,1500,0" yaku="20,1" doraHai="97" who="3" fromWho="3" sc="384,-5,143,-5,230,-5,243,15" /><INIT seed="3,1,0,2,3,17" ten="379,138,225,258" oya="3" hai0="41,18,122,82,52,119,120,102,104,24,34,84,76" hai1="99,87,56,21,94,91,118,63,6,22,62,32,85" hai2="73,88,37,33,109,19,60,116,0,105,113,61,114" hai3="95,49,53,96,127,115,103,71,97,106,130,65,1"/><W134/><G115/><T2/><D2/><U133/><E32/><V58/><F116/><W31/><G1/><T29/><D119/><U50/><E118/><V92/><F105/><W66/><G130/><T4/><D4/><U20/><E133/><V3/><F37/><W68/><G127/><T79/><D79/><U47/><E6/><V10/><F73/><W128/><G128/><T131/><D131/><U98/><E85/><V13/><F33/><W132/><G31/><T89/><D41/><N who="1" m="24943" /><E63/><V36/><F36/><W7/><G7/><T11/><D52/><AGARI ba="1,0" hai="20,21,22,52,56,62,87,91,94,98,99" m="24943" machi="52" ten="30,8000,1" yaku="8,1,52,3,54,1" doraHai="17" who="1" fromWho="0" sc="379,-83,138,83,225,0,258,0" /><INIT seed="4,0,0,1,3,38" ten="296,221,225,258" oya="0" hai0="123,44,3,53,102,67,107,37,81,28,89,49,2" hai1="92,6,77,129,131,72,14,97,126,115,134,79,78" hai2="59,125,5,120,114,82,66,110,42,7,12,70,48" hai3="88,69,111,117,13,99,93,40,22,45,62,55,80"/><T127/><D123/><U52/><E126/><V94/><F110/><W76/><G111/><T25/><D127/><U27/><E134/><V21/><F125/><W96/><G117/><T63/><D37/><U121/><E121/><V124/><F114/><W74/><G55/><T85/><D102/><U95/><E115/><V29/><F70/><W105/><G13/><T101/><D101/><U39/><E39/><V58/><F94/><W54/><G22/><T108/><D107/><U23/><E72/><V106/><F106/><W113/><G113/><T8/><D8/><N who="1" m="4375" /><E97/><V104/><F104/><W47/><G54/><T24/><D24/><U10/><E10/><V51/><F82/><W0/><G0/><T65/><D65/><U61/><E131/><V128/><F66/><W87/><G105/><T98/><D98/><U15/><E15/><V64/><F64/><W17/><G62/><T35/><D108/><U83/><E83/><V57/><F12/><W91/><G69/><AGARI ba="0,0" hai="2,3,25,28,35,44,49,53,63,67,69,81,85,89" machi="69" ten="30,1500,0" yaku="7,1" doraHai="38" who="0" fromWho="3" sc="296,15,221,0,225,0,258,-15" owari="311,41.1,221,-27.9,225,-17.5,243,4.3" /></mjloggm>