<mjloggm ver="2.3"><GO type="225" lobby="0"/><UN n0="%E7%89%8C%E6%B5%81%E7%8A%B6%E6%85%8B%E9%BA%BB%E9%9B%80" n1="%72%61%6B%33" n2="%E6%B8%A9%E2%98%85%E6%83%85%E2%98%85%E6%8E%AA%E2%98%85%E7%BD%AE" n3="%E6%B4%BE%E9%81%A3%E3%81%AE%E3%82%B8%E3%83%A3%E3%83%83%E3%82%AF" dan="16,17,16,16" rate="2143.62,2153.66,2176.00,2218.80" sx="M,M,M,M"/><TAIKYOKU oya="0"/><INIT seed="0,0,0,4,4,74" ten="250,250,250,250" oya="0" hai0="81,25,110,94,68,113,124,131,121,27,116,35,129" hai1="125,90,73,82,38,57,122,18,80,128,88,98,59" hai2="100,12,17,6,33,65,86,43,11,64,22,8,114" hai3="28,36,101,135,69,30,120,83,37,52,45,84,71"/><T112/><D68/><U108/><E38/><V9/><F114/><N who="0" m="44138" /><D94/><U56/><E108/><V21/><F33/><W119/><G119/><T134/><D81/><N who="1" m="31339" /><E73/><V51/><F100/><W60/><G101/><T0/><D116/><U109/><E109/><V93/><F6/><W54/><G135/><T46/><D46/><U92/><E122/><V77/><F21/><W115/><G115/><T24/><D110/><U47/><E125/><V53/><F43/><W85/><G83/><T78/><D35/><U75/><E75/><V118/><F77/><W79/><G45/><T39/><D39/><U126/><E126/><V58/><REACH who="2" step="1"/><F118/><REACH who="2" ten="250,250,240,250" step="2"/><W5/><G5/><T132/><D124/><U76/><E76/><V91/><AGARI ba="0,1" hai="8,9,11,12,17,22,51,53,58,64,65,86,91,93" machi="91" ten="30,16000,3" yaku="1,1,2,1,0,1,25,2,8,1,53,3" doraHai="74" doraHaiUra="4" who="2" fromWho="2" sc="250,-80,250,-40,240,170,250,-40" /><INIT seed="1,0,0,3,2,53" ten="170,210,410,210" oya="1" hai0="93,49,126,111,101,88,17,110,116,41,90,64,33" hai1="133,123,99,23,24,76,98,47,48,45,16,28,42" hai2="130,109,10,67,20,62,104,107,37,135,85,46,51" hai3="34,50,78,36,1,125,68,32,127,108,74,89,21"/><U59/><E133/><V56/><F135/><W38/><G89/><T115/><D115/><U80/><E123/><V91/><F109/><N who="0" m="41482" /><D116/><U73/><E59/><V14/><F130/><W2/><G21/><T69/><D33/><N who="3" m="12905" /><G50/><T11/><D126/><N who="3" m="48137" /><G108/><T0/><D101/><U95/><E95/><V35/><F35/><W82/><G68/><T15/><D0/><AGARI ba="0,0" hai="0,1,2,36,38,74,78,82" m="48137,12905" machi="0" ten="40,2600,0" yaku="18,1,23,1" doraHai="53" who="3" fromWho="0" sc="170,-26,210,0,410,0,210,26" /><INIT seed="2,0,0,4,4,135" ten="144,210,410,236" oya="2" hai0="129,101,100,77,25,42,99,96,40,61,10,27,103" hai1="51,130,106,5,31,24,50,32,121,104,58,110,26" hai2="30,119,17,81,120,65,3,11,112,6,48,46,21" hai3="64,102,86,111,126,54,19,117,1,123,7,63,72"/><V127/><F112/><W23/><G72/><T38/><D129/><U105/><E130/><V76/><F120/><W89/><G117/><T35/><D35/><U134/><E134/><V8/><F119/><W28/><G123/><T85/><D10/><U41/><E121/><V70/><F30/><W83/><G102/><T122/><D122/><U88/><E110/><V60/><F11/><W22/><G28/><T49/><D38/><U44/><E24/><V57/><F70/><W12/><G111/><T0/><D0/><U92/><E5/><V124/><F17/><W4/><G1/><T47/><D61/><U71/><E71/><V52/><REACH who="2" step="1"/><F21/><REACH who="2" ten="144,210,400,236" step="2"/><W14/><G23/><T118/><D118/><U109/><E109/><V59/><F59/><W66/><G4/><T39/><D25/><U43/><E58/><V62/><F62/><W93/><G63/><T33/><D27/><U55/><REACH who="1" step="1"/><E50/><REACH who="1" ten="144,200,400,236" step="2"/><V9/><F9/><W36/><G7/><T128/><D128/><U84/><AGARI ba="0,2" hai="26,31,32,41,43,44,51,55,84,88,92,104,105,106" machi="84" ten="30,7900,0" yaku="1,1,2,1,0,1,54,1,53,0" doraHai="135" doraHaiUra="107" who="1" fromWho="1" sc="144,-20,200,99,400,-39,236,-20" /><INIT seed="3,0,0,3,1,6" ten="124,299,361,216" oya="3" hai0="69,40,114,85,87,13,110,49,122,88,103,7,116" hai1="61,10,47,54,128,48,21,60,8,34,9,77,112" hai2="45,27,66,76,133,97,135,11,74,38,29,84,41" hai3="5,120,44,92,19,14,118,33,30,22,134,16,71"/><W79/><G71/><T96/><D116/><U95/><E112/><V131/><F131/><W56/><G79/><T32/><D122/><U63/><E34/><V81/><F66/><W90/><G120/><T105/><D110/><U115/><E115/><V123/><F123/><W91/><G118/><T83/><D114/><U12/><E128/><V2/><F97/><W28/><G134/><N who="2" m="51209" /><F74/><W20/><G44/><T111/><D111/><U51/><E77/><V58/><F58/><W35/><G5/><T59/><D69/><U86/><E51/><V23/><F11/><W106/><G56/><T1/><D32/><U39/><E39/><V98/><F98/><W129/><G129/><T37/><D1/><AGARI ba="0,0" hai="1,2,23,27,29,38,41,45,76,81,84" m="51209" machi="1" ten="30,1000,0" yaku="20,1" doraHai="6" who="2" fromWho="0" sc="124,-10,299,0,361,10,216,0" owari="114,-38.6,299,9.9,371,47.1,216,-18.4" /></mjloggm>