<mjloggm ver="2.3"><GO type="225" lobby="0"/><UN n0="%28%EF%BF%A3%E2%96%BD%EF%BF%A3%29%CE%B4%E2%8C%92%E3%83%BB" n1="%E7%AC%B9%E9%A4%85" n2="%73%61%6E%64%69%72%69%73" n3="%E3%81%AF%E3%81%BE%E3%81%A1%E3%83%AA%E3%83%BC%E3%82%B0" dan="16,16,16,16" rate="2150.54,2213.35,2176.08,2062.27" sx="M,M,M,M"/><TAIKYOKU oya="0"/><INIT seed="0,0,0,3,2,51" ten="250,250,250,250" oya="0" hai0="20,62,121,79,96,117,43,88,37,128,94,3,15" hai1="99,72,56,70,16,52,18,0,108,34,66,47,4" hai2="6,28,55,74,49,71,21,111,129,109,76,58,100" hai3="115,78,65,67,102,101,84,107,114,17,83,31,132"/><T113/><D3/><U98/><E72/><V87/><F71/><W40/><G40/><T130/><D117/><U50/><E34/><V126/><F74/><W123/><G31/><T19/><D121/><U57/><E108/><V11/><F100/><W13/><G123/><T38/><D113/><U48/><E70/><V27/><F129/><N who="0" m="49770" /><D79/><U59/><E66/><V64/><F64/><W14/><G132/><T30/><D43/><N who="1" m="24703" /><E4/><V90/><F76/><W29/><G78/><T35/><D62/><U97/><E0/><V26/><F26/><AGARI ba="0,0" hai="15,19,20,26,30,35,37,38,88,94,96" m="49770" machi="26" ten="30,2900,0" yaku="19,1,54,1" doraHai="51" who="0" fromWho="2" sc="250,29,250,0,250,-29,250,0" /><INIT seed="0,1,0,2,1,128" ten="279,250,221,250" oya="0" hai0="22,34,64,82,119,101,113,63,39,14,37,4,71" hai1="49,70,108,38,1,45,68,127,111,18,6,126,47" hai2="118,72,99,95,31,36,62,55,117,32,3,105,112" hai3="23,61,40,104,77,60,9,46,85,90,91,98,125"/><T81/><D34/><U27/><E1/><V67/><F112/><W130/><G130/><T51/><D113/><U53/><E6/><V106/><F3/><W21/><G125/><N who="1" m="47626" /><E27/><V57/><F36/><W54/><G77/><T41/><D119/><N who="2" m="45578" /><F72/><W116/><G116/><T11/><D101/><U30/><E18/><V97/><F31/><W33/><G33/><T88/><D22/><N who="3" m="8201" /><G9/><T42/><D81/><U110/><E30/><V7/><F7/><W58/><G104/><N who="2" m="40041" /><F32/><W15/><G15/><T103/><D103/><U50/><E38/><V83/><F83/><N who="3" m="49471" /><G40/><AGARI ba="1,0" hai="40,45,47,49,50,53,68,70,108,110,111" m="47626" machi="40" ten="40,8000,1" yaku="14,1,18,1,34,2" doraHai="128" who="1" fromWho="3" sc="279,0,250,83,221,0,250,-83" /><INIT seed="1,0,0,3,0,79" ten="279,333,221,167" oya="1" hai0="65,105,43,134,86,54,102,95,122,125,119,110,5" hai1="49,33,97,34,70,73,14,46,126,38,84,127,124" hai2="99,135,109,80,132,1,88,92,63,30,112,115,62" hai3="85,48,42,52,100,26,72,68,57,24,4,0,6"/><U56/><E73/><V2/><F30/><W64/><G72/><T22/><D105/><U114/><E70/><V66/><F109/><W9/><G100/><T123/><D65/><U18/><E114/><N who="2" m="43563" /><F63/><W91/><G6/><T81/><D43/><U121/><E121/><V89/><F89/><W61/><REACH who="3" step="1"/><G42/><REACH who="3" ten="279,333,221,157" step="2"/><T31/><D5/><U41/><E126/><V103/><F132/><W90/><G90/><T8/><D102/><U50/><E124/><V98/><F135/><W19/><G19/><T40/><D40/><U7/><E18/><V120/><F120/><W107/><G107/><T37/><D134/><U130/><E127/><V71/><F80/><AGARI ba="0,1" hai="0,4,9,24,26,48,52,57,61,64,68,80,85,91" machi="80" ten="30,7700,0" yaku="1,1,7,1,52,1,54,1,53,0" doraHai="79" doraHaiUra="10" who="3" fromWho="2" sc="279,0,333,0,221,-77,157,87" /><INIT seed="2,0,0,3,1,55" ten="279,333,144,244" oya="2" hai0="77,26,122,3,70,87,105,58,76,128,110,74,30" hai1="69,130,106,89,21,53,126,88,43,73,51,121,83" hai2="134,80,11,66,5,109,16,132,95,13,33,117,50" hai3="1,79,93,46,111,118,44,41,31,114,85,107,67"/><V90/><F117/><W49/><G107/><T100/><D3/><U42/><E69/><V2/><F33/><W84/><G118/><T52/><D74/><U91/><E106/><V94/><F66/><W35/><G1/><T64/><D122/><U14/><E121/><V71/><F71/><W120/><G120/><T24/><D110/><U19/><E126/><V60/><F60/><W62/><G111/><T32/><D24/><U17/><E130/><V61/><F61/><W27/><G79/><T39/><D39/><U68/><E68/><V125/><F109/><W6/><G6/><T8/><D8/><N who="1" m="6343" /><E83/><V36/><F36/><W10/><G10/><T57/><D128/><U102/><E102/><V82/><F125/><W9/><G9/><T119/><D119/><U18/><E73/><V22/><F94/><W81/><G93/><T75/><D87/><U101/><E101/><V113/><F113/><W115/><G85/><T103/><D70/><U96/><E96/><N who="2" m="57463" /><F50/><W0/><G0/><T124/><D124/><U99/><E99/><V20/><F20/><W112/><G62/><N who="0" m="37967" /><D105/><U28/><E28/><V37/><F37/><W25/><G31/><T127/><D127/><U48/><E48/><V98/><F98/><W23/><G35/><T59/><D75/><U133/><E51/><V45/><F45/><W116/><G46/><T40/><D103/><U123/><E123/><V97/><F97/><W63/><G116/><T7/><D100/><U72/><E72/><V108/><F108/><W34/><G34/><T135/><D32/><U78/><E21/><V4/><F4/><RYUUKYOKU ba="0,0" sc="279,-10,333,-10,144,30,244,-10" hai2="2,5,11,13,16,22,80,82,132,134" /><INIT seed="2,1,0,1,0,12" ten="269,323,174,234" oya="2" hai0="121,85,0,76,73,39,79,65,10,36,71,15,46" hai1="8,70,135,9,1,80,107,122,63,48,133,120,26" hai2="72,54,117,108,38,2,16,81,104,27,125,89,21" hai3="131,75,99,29,113,6,124,101,95,130,90,34,88"/><V68/><F117/><W14/><G124/><T20/><D121/><N who="1" m="46699" /><E107/><V30/><F104/><W92/><G75/><T58/><D71/><U93/><E93/><V67/><F38/><W23/><G34/><T94/><D20/><U112/><E112/><V114/><F114/><W97/><G113/><T33/><D33/><U51/><E26/><V78/><F2/><W7/><G101/><T127/><D0/><U83/><E51/><V106/><F125/><W53/><G53/><T3/><D3/><U128/><E48/><V52/><F106/><W47/><G47/><T86/><D73/><U129/><E63/><V49/><F108/><W111/><G111/><T110/><D110/><U62/><E62/><V41/><F68/><W98/><G98/><T64/><D127/><U28/><E28/><V105/><F105/><W57/><G57/><T119/><D58/><U55/><E55/><V4/><F67/><W115/><G115/><T118/><D46/><U22/><E70/><V45/><F4/><W69/><G69/><T56/><D56/><U100/><E100/><V37/><F89/><W60/><G60/><T43/><D39/><U19/><E1/><V132/><F132/><W96/><G96/><T116/><D36/><U82/><E133/><V109/><F109/><W32/><G32/><T87/><D94/><U134/><E134/><V18/><F54/><W11/><G6/><N who="0" m="3543" /><D43/><U13/><E135/><V103/><F103/><W91/><G91/><T25/><D25/><AGARI ba="1,0" hai="7,11,14,23,25,29,88,90,92,95,97,99,130,131" machi="25" ten="40,2600,0" yaku="9,1,54,1" doraHai="12" who="3" fromWho="0" sc="269,-29,323,0,174,0,234,29" /><INIT seed="3,0,0,3,3,128" ten="240,323,174,263" oya="3" hai0="130,95,64,90,118,45,75,68,56,18,126,28,26" hai1="44,99,91,15,65,39,32,67,11,27,9,131,77" hai2="76,123,108,73,35,2,110,112,79,37,47,103,42" hai3="69,16,0,14,6,125,23,106,51,24,46,61,31"/><W81/><G106/><T53/><D75/><U80/><E131/><V36/><F112/><W49/><G125/><T71/><D126/><U29/><E11/><V113/><F113/><W129/><G129/><T86/><D130/><U30/><E30/><V134/><F35/><W21/><G81/><T54/><D118/><U87/><E39/><V116/><F116/><W59/><G69/><T58/><D18/><U13/><E13/><V85/><F123/><W119/><G119/><T52/><D45/><U20/><E44/><V114/><F114/><W66/><G46/><T57/><REACH who="0" step="1"/><D64/><REACH who="0" ten="230,323,174,263" step="2"/><U120/><E67/><V8/><F37/><W88/><G0/><T55/><N who="0" m="13312" /><DORA hai="84" /><T107/><D107/><U109/><E65/><V83/><F103/><W102/><G6/><T17/><D17/><U101/><E120/><V3/><F3/><W40/><G40/><T94/><D94/><U48/><E109/><V133/><F108/><W50/><G102/><T41/><D41/><U82/><E101/><V98/><F110/><W62/><G62/><T92/><D92/><U96/><E48/><V70/><F70/><W60/><G60/><T93/><D93/><U25/><E80/><N who="2" m="47263" /><F98/><W10/><G51/><T43/><D43/><U132/><E99/><V33/><F33/><AGARI ba="0,1" hai="26,28,33,56,57,58,68,71,86,90,95" m="13312" machi="33" ten="50,6400,0" yaku="1,1,52,1,54,1,53,0" doraHai="128,84" doraHaiUra="135,5" who="0" fromWho="2" sc="230,74,323,0,174,-64,263,0" owari="304,10.4,323,42.3,110,-39.0,263,-13.7" /></mjloggm>