<mjloggm ver="2.3"><GO type="225" lobby="0"/><UN n0="%E8%B6%85%E7%B4%9A%E9%B3%B3%E5%87%B0" n1="%E3%81%BF%E3%81%BF%E3%81%9A" n2="%6D%75%75%6D%75%72%61" n3="%E9%95%B7%E5%B7%9E%E3%81%AE%E5%85%8B" dan="16,16,16,16" rate="2107.60,2156.36,2144.85,2086.35" sx="M,M,F,M"/><TAIKYOKU oya="0"/><INIT seed="0,0,0,1,0,111" ten="250,250,250,250" oya="0" hai0="120,43,19,12,112,97,130,88,91,6,125,128,52" hai1="34,96,40,26,17,99,84,114,50,94,80,126,36" hai2="20,71,30,15,133,14,81,110,48,54,69,35,75" hai3="119,33,31,0,25,92,56,21,123,85,64,4,32"/><T44/><D120/><U121/><E121/><V129/><F110/><W70/><G119/><T103/><D125/><U132/><E126/><V24/><F129/><N who="0" m="49770" /><D6/><U82/><E36/><V104/><F104/><W47/><G70/><T49/><D43/><U11/><E132/><V102/><F102/><W116/><G116/><T86/><D86/><U2/><E82/><V68/><F133/><W107/><G107/><N who="0" m="63983" /><D112/><U100/><E114/><V42/><F42/><W8/><G123/><T45/><D45/><U87/><E99/><V16/><F15/><W134/><G47/><T105/><D105/><U61/><E87/><V66/><F66/><W1/><G134/><T22/><AGARI ba="0,0" hai="12,19,22,44,49,52,88,91" m="63983,49770" machi="22" ten="30,6000,0" yaku="19,1,54,2" doraHai="111" who="0" fromWho="0" sc="250,60,250,-20,250,-20,250,-20" /><INIT seed="0,1,0,3,3,8" ten="310,230,230,230" oya="0" hai0="13,93,100,85,74,14,79,83,29,113,56,88,11" hai1="62,121,107,65,68,49,18,106,36,131,133,38,21" hai2="19,124,120,37,134,73,104,96,119,95,27,97,59" hai3="31,105,44,89,6,15,51,116,94,55,39,57,67"/><T16/><D113/><U40/><E121/><V5/><F120/><W109/><G105/><T108/><D108/><U99/><E131/><V90/><F124/><W66/><G109/><T23/><D56/><U48/><E133/><V7/><F134/><W63/><G116/><T41/><D41/><U98/><E106/><V32/><F119/><W132/><G31/><T92/><D29/><U122/><E122/><V71/><F71/><W123/><G39/><T4/><D100/><U87/><E87/><V1/><F73/><W34/><G34/><T60/><D60/><U45/><E38/><V77/><F77/><W30/><G30/><T20/><D20/><U42/><E107/><V0/><F37/><W28/><G28/><T125/><REACH who="0" step="1"/><D93/><REACH who="0" ten="300,230,230,230" step="2"/><U78/><E36/><V81/><F32/><W128/><G123/><T2/><D2/><U110/><E110/><V9/><F1/><W102/><G132/><T112/><D112/><U43/><E43/><V46/><F0/><W47/><G102/><T70/><D70/><U50/><E50/><V3/><F3/><W127/><G47/><T130/><D130/><U53/><E42/><V69/><F69/><W24/><G128/><T111/><D111/><U82/><E48/><V33/><F46/><W12/><G44/><T52/><D52/><U72/><REACH who="1" step="1"/><E40/><REACH who="1" ten="300,220,230,230" step="2"/><V118/><F104/><W76/><G51/><T84/><D84/><U114/><E114/><V126/><F118/><W58/><G63/><T54/><D54/><U103/><E103/><V135/><F135/><W35/><G55/><T26/><D26/><AGARI ba="1,2" hai="18,21,26,45,49,53,62,65,68,72,78,82,98,99" machi="26" ten="30,3900,0" yaku="1,1,7,1,53,1" doraHai="8" doraHaiUra="22" who="1" fromWho="0" sc="300,-42,220,62,230,0,230,0" /><INIT seed="1,0,0,5,0,88" ten="258,282,230,230" oya="1" hai0="133,105,41,79,121,129,91,113,111,104,131,102,92" hai1="101,34,109,82,55,52,77,69,84,14,22,19,20" hai2="78,15,74,60,10,13,2,110,65,48,119,27,0" hai3="21,115,37,47,124,46,58,35,80,71,114,44,23"/><U68/><E34/><V87/><F119/><W89/><G71/><T38/><D113/><U8/><E109/><V135/><F110/><W32/><G37/><T62/><D111/><U98/><E69/><V90/><F135/><W127/><G89/><T54/><D133/><U50/><E68/><V17/><F74/><W108/><G58/><N who="0" m="35159" /><D121/><U53/><REACH who="1" step="1"/><E50/><REACH who="1" ten="258,272,230,230" step="2"/><V85/><F48/><W123/><G108/><T96/><D129/><U12/><E12/><V26/><F15/><W118/><G35/><T9/><D131/><U72/><E72/><V134/><F134/><W106/><G32/><T116/><D116/><U93/><AGARI ba="0,1" hai="8,14,19,20,22,52,53,55,77,82,84,93,98,101" machi="93" ten="30,18000,2" yaku="1,1,0,1,8,1,52,1,54,1,53,1" doraHai="88" doraHaiUra="75" who="1" fromWho="1" sc="258,-60,272,190,230,-60,230,-60" /><INIT seed="1,1,0,3,2,132" ten="198,462,170,170" oya="1" hai0="27,15,116,74,67,16,112,62,44,18,12,72,103" hai1="83,93,109,25,134,89,75,24,59,105,99,92,66" hai2="131,130,77,10,7,19,135,119,107,126,90,113,46" hai3="96,29,56,13,17,100,38,129,14,122,33,4,39"/><U20/><E134/><V28/><F135/><W81/><G122/><T1/><D112/><U47/><E109/><V102/><F119/><W76/><G33/><T0/><D116/><U64/><E105/><V45/><F113/><W125/><G29/><T86/><D103/><U61/><E64/><V78/><F90/><W133/><G129/><N who="2" m="49161" /><F28/><W123/><G123/><T127/><D127/><U79/><E47/><N who="2" m="17931" /><F19/><W50/><G133/><T8/><D44/><U111/><E111/><V101/><F126/><W120/><G120/><T97/><D27/><U73/><E73/><V3/><F107/><W41/><G125/><T69/><D97/><U52/><E93/><V57/><F57/><W88/><G56/><T21/><REACH who="0" step="1"/><D86/><REACH who="0" ten="188,462,170,170" step="2"/><U95/><E25/><V110/><F110/><W94/><G100/><AGARI ba="1,1" hai="3,7,10,77,78,100,101,102" m="17931,49161" machi="100" ten="30,1000,0" yaku="19,1" doraHai="132" who="2" fromWho="3" sc="188,0,462,0,170,23,170,-13" /><INIT seed="2,0,0,5,5,78" ten="188,462,193,157" oya="2" hai0="5,68,103,20,116,7,25,32,87,105,101,84,38" hai1="64,39,31,80,43,63,50,4,125,85,9,102,65" hai2="46,88,14,113,120,114,17,67,129,90,111,121,122" hai3="94,99,72,45,130,54,134,73,26,71,33,95,24"/><V66/><F129/><W93/><G71/><T57/><D68/><U92/><E125/><V37/><F111/><W81/><G130/><T117/><D32/><U123/><E123/><V6/><F6/><N who="0" m="2058" /><D38/><U108/><E108/><V1/><F1/><W12/><G134/><T91/><D57/><U16/><E31/><V79/><F79/><W75/><G33/><T11/><D11/><U110/><E110/><V49/><F37/><W104/><G12/><T23/><D87/><U56/><E39/><V107/><F107/><W59/><G45/><T15/><D15/><U27/><E65/><V77/><F77/><W126/><G126/><T132/><D132/><U44/><E102/><N who="0" m="38921" /><D105/><U3/><E92/><V61/><F113/><W10/><G10/><T98/><D98/><U97/><E97/><V53/><F114/><W47/><G99/><T34/><D25/><U55/><E27/><V112/><F112/><W115/><G104/><T86/><D34/><U41/><E16/><V133/><F133/><W109/><G115/><T18/><D18/><U96/><E96/><V76/><F76/><AGARI ba="0,0" hai="3,4,9,41,43,44,50,55,56,63,64,76,80,85" machi="76" ten="30,2000,0" yaku="7,1,52,1" doraHai="78" who="1" fromWho="2" sc="188,0,462,20,193,-20,157,0" /><INIT seed="3,0,0,4,5,135" ten="188,482,173,157" oya="3" hai0="23,90,66,89,15,100,48,78,19,18,30,37,88" hai1="9,17,85,67,115,65,130,20,80,3,26,14,16" hai2="49,104,129,4,50,55,92,7,57,107,5,22,79" hai3="91,103,75,97,96,62,105,127,99,131,36,11,43"/><W113/><G113/><T86/><D37/><U29/><E115/><V110/><F110/><W116/><G116/><T114/><D114/><U71/><E130/><V82/><F129/><W108/><G131/><T13/><D100/><U109/><E109/><V106/><F92/><W63/><G108/><T58/><D30/><U69/><E69/><V54/><F22/><W73/><G36/><T128/><D128/><U39/><E39/><V47/><REACH who="2" step="1"/><F106/><REACH who="2" ten="188,482,163,157" step="2"/><W41/><G105/><T95/><D95/><U134/><E134/><V51/><F51/><W44/><G103/><T120/><D48/><U28/><E3/><V52/><F52/><W68/><G68/><T60/><D120/><U76/><E71/><V45/><F45/><W83/><G44/><T33/><D33/><U70/><E70/><V59/><F59/><W125/><G11/><T98/><D98/><U111/><E111/><V117/><F117/><W74/><G43/><T53/><D53/><U0/><E0/><V122/><F122/><W77/><G41/><T133/><D133/><U126/><E126/><N who="3" m="48138" /><G91/><T1/><D89/><U31/><AGARI ba="0,1" hai="9,14,16,17,20,26,28,29,31,65,67,76,80,85" machi="31" ten="30,4000,0" yaku="0,1,8,1,54,1" doraHai="135" who="1" fromWho="1" sc="188,-10,482,50,163,-10,157,-20" owari="178,-2.2,532,63.2,153,-24.7,137,-36.3" /></mjloggm>