<mjloggm ver="2.3"><GO type="225" lobby="0"/><UN n0="%E6%97%A5%E6%9B%9C%E6%97%A5%E3%82%88%E3%82%8A%E3%81%AE%E4%BD%BF%E8%80%85" n1="%E4%B8%AD%E5%B9%B4%E3%81%AE%E5%8D%B1%E6%A9%9F" n2="%6D%75%75%6D%75%72%61" n3="%E7%9C%9F%E4%B8%80" dan="18,17,16,17" rate="2152.50,2253.47,2190.58,2161.41" sx="M,M,F,M"/><TAIKYOKU oya="0"/><INIT seed="0,0,0,3,1,87" ten="250,250,250,250" oya="0" hai0="22,94,88,25,119,98,115,15,56,60,55,135,18" hai1="74,17,57,43,117,95,41,131,11,6,2,128,134" hai2="23,21,89,37,9,112,100,114,12,124,4,132,19" hai3="50,62,42,80,106,104,84,118,36,40,83,14,45"/><T85/><D115/><U16/><E74/><V53/><F124/><W73/><G118/><T111/><D119/><U67/><E117/><V65/><F132/><W92/><G73/><T129/><D135/><U113/><E134/><V130/><F130/><N who="1" m="49705" /><E113/><V20/><F37/><W121/><G121/><T13/><D129/><U52/><E67/><V38/><F38/><W76/><G83/><N who="0" m="49215" /><D111/><U97/><E43/><V105/><F65/><W71/><G36/><T59/><D59/><U108/><E41/><V78/><F78/><W10/><G71/><T49/><D49/><N who="1" m="30863" /><E108/><V35/><F53/><W5/><G42/><T90/><AGARI ba="0,0" hai="13,15,18,22,25,55,56,60,90,94,98" m="49215" machi="90" ten="30,12000,1" yaku="25,1,8,1,52,2,54,1" doraHai="87" who="0" fromWho="0" sc="250,120,250,-40,250,-40,250,-40" /><INIT seed="0,1,0,0,2,77" ten="370,210,210,210" oya="0" hai0="134,116,123,110,69,52,92,122,28,65,57,133,66" hai1="6,55,119,54,39,75,26,101,46,131,22,11,88" hai2="4,5,56,113,44,104,40,1,62,8,68,70,97" hai3="80,102,98,132,34,128,47,126,12,94,3,79,112"/><T58/><D28/><U86/><E119/><V35/><F113/><W23/><G34/><T33/><D33/><U82/><E131/><V13/><F35/><W125/><G112/><T76/><D76/><U105/><E75/><V14/><F104/><W38/><G3/><T51/><D92/><U24/><E105/><V41/><F97/><W99/><G128/><T61/><D116/><U121/><E121/><N who="0" m="46089" /><D110/><U0/><E101/><V109/><F109/><W87/><G132/><N who="0" m="50795" /><D66/><U89/><E89/><V49/><F41/><W63/><G99/><T15/><D15/><U78/><E78/><V25/><F25/><W127/><G63/><T37/><D37/><U7/><E24/><V16/><F1/><W27/><G12/><T120/><D120/><U73/><E73/><V60/><F60/><W85/><G38/><T103/><D103/><U42/><REACH who="1" step="1"/><E7/><REACH who="1" ten="370,200,210,210" step="2"/><V135/><F135/><W30/><REACH who="3" step="1"/><G47/><AGARI ba="1,1" hai="47,51,52,57,58,61,65,69" m="50795,46089" machi="47" ten="30,11600,0" yaku="20,1,34,2,54,1" doraHai="77" who="0" fromWho="3" sc="370,129,200,0,210,0,210,-119" /><INIT seed="0,2,0,0,3,53" ten="499,200,210,91" oya="0" hai0="127,22,75,76,73,83,68,90,118,105,29,13,115" hai1="61,133,44,38,20,109,89,99,101,30,32,69,60" hai2="126,122,102,117,37,112,14,17,132,103,100,124,47" hai3="70,134,71,55,35,79,84,41,119,129,120,97,34"/><T28/><D115/><U63/><E109/><V59/><F112/><W92/><G120/><T3/><D118/><U27/><E89/><V42/><F122/><W49/><G119/><T66/><D3/><U94/><E133/><V43/><F117/><W88/><G129/><T96/><D127/><N who="2" m="48682" /><F43/><W11/><G134/><T62/><D75/><U67/><E32/><V82/><F82/><W80/><G41/><T7/><D7/><U74/><E74/><V110/><F110/><W72/><G35/><T33/><D33/><U10/><E38/><V15/><F132/><W48/><G49/><T131/><D131/><U81/><E81/><V128/><F128/><W39/><G39/><T6/><D6/><U108/><E108/><V18/><F59/><W111/><G34/><T91/><D91/><U19/><E44/><V58/><F58/><W50/><G50/><T65/><D65/><U45/><E45/><V1/><F1/><W40/><G40/><T54/><D54/><U57/><E69/><V2/><F2/><W4/><G72/><T21/><D90/><U77/><E77/><V52/><F52/><W36/><G36/><T114/><D114/><U95/><E95/><V98/><F98/><W16/><G111/><T64/><D64/><U93/><E93/><V135/><F135/><W86/><G84/><T56/><D68/><U85/><E85/><V104/><F104/><W78/><G78/><T23/><REACH who="0" step="1"/><D13/><AGARI ba="2,0" hai="10,13,19,20,27,30,57,60,61,63,67,94,99,101" machi="13" ten="40,8000,1" yaku="25,2,8,1,52,1" doraHai="53" who="1" fromWho="0" sc="499,-86,200,86,210,0,91,0" /><AGARI ba="2,0" hai="13,14,15,17,18,37,42,47,100,102,103" m="48682" machi="13" ten="30,1000,0" yaku="18,1" doraHai="53" who="2" fromWho="0" sc="413,-10,286,0,210,10,91,0" /><INIT seed="1,0,0,1,5,0" ten="403,286,220,91" oya="1" hai0="84,10,5,36,63,20,43,1,70,96,76,30,28" hai1="102,46,72,89,122,14,124,80,42,53,73,79,90" hai2="106,51,52,99,95,130,56,24,107,6,55,133,59" hai3="2,126,127,117,116,111,134,78,115,74,86,16,101"/><U114/><E122/><V112/><F130/><W132/><G2/><T104/><D20/><U77/><E114/><V85/><F112/><W38/><G38/><T29/><D84/><U68/><E68/><V33/><F133/><N who="3" m="51307" /><G115/><T25/><D76/><U128/><E128/><V121/><F121/><W40/><G40/><T105/><D43/><U83/><E124/><N who="3" m="47658" /><G16/><T31/><D36/><U108/><E108/><V88/><F6/><W92/><G111/><T39/><D39/><U75/><E75/><V15/><F15/><W50/><G50/><T67/><D30/><U109/><E109/><V110/><F110/><W18/><G18/><T119/><D29/><U35/><E35/><V45/><F33/><W65/><G65/><T54/><D31/><U69/><E53/><V11/><F24/><W93/><G74/><T98/><D25/><U34/><E34/><V32/><F11/><W57/><G57/><T19/><D19/><U94/><E69/><V113/><F32/><W17/><G17/><T62/><D28/><U3/><E14/><V49/><F113/><W91/><G101/><T8/><D1/><U125/><E3/><V71/><F71/><W48/><G48/><T12/><D12/><U81/><E125/><V60/><F99/><N who="3" m="57759" /><G93/><T135/><D135/><U27/><E27/><V44/><F56/><W47/><G47/><T26/><D26/><U22/><E22/><V103/><F103/><W41/><G41/><AGARI ba="0,0" hai="41,44,45,49,51,52,55,59,60,85,88,95,106,107" machi="41" ten="30,3900,0" yaku="7,1,54,2" doraHai="0" who="2" fromWho="3" sc="403,0,286,0,220,39,91,-39" /><INIT seed="2,0,0,5,4,85" ten="403,286,259,52" oya="2" hai0="69,32,57,81,21,109,72,36,106,83,9,29,2" hai1="114,42,118,44,111,12,39,11,79,117,135,65,0" hai2="84,63,134,107,73,13,97,19,123,124,66,17,64" hai3="125,82,22,38,53,43,30,120,60,129,47,31,130"/><V26/><F73/><W68/><G120/><T86/><D69/><U35/><E114/><V55/><F123/><W24/><G125/><T105/><D32/><U25/><E111/><V101/><F124/><W14/><G82/><T98/><D36/><U90/><E79/><V58/><F134/><W99/><G31/><T15/><D2/><U113/><E135/><V3/><F3/><W18/><G99/><T4/><D72/><U104/><E104/><V10/><F84/><W122/><G122/><T78/><D83/><U74/><E74/><V1/><F1/><W89/><G68/><T119/><D109/><U100/><E100/><V95/><F107/><W96/><G30/><T6/><D119/><U20/><E65/><V71/><F71/><W75/><G14/><T41/><D41/><U80/><E35/><V115/><F115/><W131/><G75/><T121/><D121/><U16/><E113/><V49/><F49/><W87/><G87/><T56/><D4/><U59/><E0/><V52/><F55/><W7/><G7/><T77/><D77/><U133/><E133/><V91/><F101/><W61/><REACH who="3" step="1"/><G53/><REACH who="3" ten="403,286,259,42" step="2"/><T40/><D29/><N who="1" m="17575" /><E118/><V110/><F110/><W128/><N who="3" m="32768" /><DORA hai="116" /><W54/><G54/><T37/><D98/><U62/><E117/><V103/><F103/><W88/><G88/><T92/><D86/><U127/><E127/><V76/><F76/><W45/><G45/><T50/><D78/><U112/><E112/><V48/><F97/><W46/><G46/><T8/><D81/><U93/><E80/><V102/><F102/><W126/><G126/><RYUUKYOKU ba="0,1" sc="403,-10,286,-10,259,-10,42,30" hai3="18,22,24,38,43,47,60,61,89,96" /><INIT seed="3,1,1,1,3,27" ten="393,276,249,72" oya="3" hai0="29,129,24,85,5,99,20,25,31,130,17,8,125" hai1="92,116,108,134,110,67,42,106,86,111,9,121,91" hai2="44,10,98,123,23,78,38,56,40,33,131,102,101" hai3="81,48,90,32,55,52,4,65,71,107,46,43,22"/><W62/><G107/><T26/><D85/><U115/><E106/><V117/><F33/><W84/><G32/><T100/><D125/><U83/><E115/><V15/><F117/><W66/><G4/><T119/><D119/><U12/><E116/><V47/><F131/><N who="0" m="50186" /><D17/><U60/><E42/><V95/><F123/><W94/><G66/><T69/><D20/><U7/><E121/><V76/><F101/><W135/><G135/><T54/><D54/><U104/><E104/><V61/><F44/><W89/><REACH who="3" step="1"/><G22/><REACH who="3" ten="393,276,249,62" step="2"/><T127/><D127/><U36/><E134/><V11/><F23/><W18/><G18/><T79/><D69/><U75/><E111/><V72/><F11/><W70/><G70/><T34/><D34/><U80/><E110/><V19/><F72/><W39/><G39/><T93/><D79/><U49/><E36/><V64/><AGARI ba="1,2" hai="10,15,19,38,40,47,56,61,64,76,78,95,98,102" machi="64" ten="20,1500,0" yaku="0,1,7,1" doraHai="27" who="2" fromWho="2" sc="393,-5,276,-5,249,38,62,-8" owari="388,48.8,271,-12.9,287,8.7,54,-44.6" /></mjloggm>