<mjloggm ver="2.3"><GO type="225" lobby="0"/><UN n0="%E9%89%A2%E5%B7%BB%E3%82%AC%E3%83%96" n1="%E3%82%A2%E3%83%9E%E3%83%9D%EF%BD%9E%EF%BD%9E%E3%83%A9" n2="%E3%81%A9%E3%82%8F%E3%82%93%E3%81%94" n3="%E7%B4%94%E6%BD%94%E3%83%94%E3%83%A9%E3%83%8B%E3%82%A2" dan="16,17,16,16" rate="2100.53,2180.07,2139.90,2135.39" sx="M,M,M,M"/><TAIKYOKU oya="0"/><INIT seed="0,0,0,0,3,127" ten="250,250,250,250" oya="0" hai0="115,81,29,12,114,95,37,131,134,73,49,19,42" hai1="133,116,46,7,94,14,86,80,123,77,31,50,34" hai2="57,56,125,129,105,83,132,112,2,23,44,126,97" hai3="60,71,119,41,69,27,64,17,5,54,107,67,111"/><T66/><D134/><U8/><E133/><V4/><F112/><W76/><G107/><T22/><D37/><U24/><E123/><V74/><F132/><W82/><G5/><T65/><D29/><U58/><E116/><V101/><F44/><W92/><G119/><T32/><D32/><U25/><E25/><V108/><F108/><W128/><G111/><T35/><D35/><U9/><E9/><N who="2" m="2199" /><F23/><W117/><G92/><T21/><D21/><U11/><E11/><V104/><F104/><W113/><G17/><T28/><D28/><U96/><E58/><V48/><F48/><W6/><G27/><T1/><D1/><U135/><E135/><V120/><F120/><W100/><G6/><T79/><D49/><U20/><E34/><V26/><F26/><W15/><G15/><T30/><D30/><U72/><E72/><V70/><F70/><W122/><G76/><T61/><D42/><N who="1" m="24919" /><E94/><V99/><F99/><AGARI ba="0,0" hai="7,8,14,20,24,31,77,80,86,96,99" m="24919" machi="99" ten="30,2000,0" yaku="25,1,8,1" doraHai="127" who="1" fromWho="2" sc="250,0,250,20,250,-20,250,0" /><INIT seed="1,0,0,1,3,12" ten="250,270,230,250" oya="1" hai0="101,129,81,10,48,22,90,46,79,42,99,87,127" hai1="126,80,45,108,115,118,13,116,28,131,19,120,61" hai2="66,69,112,5,4,36,53,83,111,54,72,100,114" hai3="125,135,122,68,77,104,132,39,78,49,71,15,97"/><U106/><E115/><N who="2" m="44075" /><F36/><W93/><G104/><T29/><D129/><U119/><E120/><V73/><F100/><W30/><G39/><T85/><D127/><U75/><E106/><V91/><F69/><N who="3" m="26699" /><G30/><T9/><D99/><U92/><E126/><V113/><F66/><W102/><G122/><T35/><D35/><U82/><E75/><N who="2" m="28747" /><F113/><W124/><G49/><T37/><D101/><U17/><E131/><V23/><F111/><W62/><G62/><T50/><D50/><U103/><E61/><V64/><F64/><W51/><G51/><T74/><D74/><U60/><E60/><V59/><F59/><W89/><G102/><T96/><D96/><U84/><E108/><V11/><F23/><W21/><G125/><T57/><D57/><U41/><E103/><V95/><F83/><W1/><G1/><T27/><REACH who="0" step="1"/><D37/><REACH who="0" ten="240,270,230,250" step="2"/><U65/><E118/><V14/><F5/><W107/><G124/><T31/><D31/><U6/><E28/><V34/><F34/><W109/><G107/><T25/><D25/><U33/><E6/><V94/><F54/><W0/><G109/><T86/><D86/><U110/><E84/><N who="2" m="52583" /><F53/><W44/><G97/><T58/><D58/><U18/><E110/><V32/><F32/><W40/><G40/><T38/><D38/><U98/><E33/><V3/><F3/><W128/><G0/><T121/><D121/><U24/><E119/><V2/><F2/><W47/><G128/><T20/><D20/><U56/><E116/><V134/><F134/><W16/><G135/><T8/><D8/><N who="1" m="6311" /><E41/><V67/><F67/><W130/><G130/><RYUUKYOKU ba="0,1" sc="240,15,270,-15,230,15,250,-15" hai0="9,10,22,27,29,42,46,48,79,81,85,87,90" hai2="4,11,14,95" /><INIT seed="2,1,1,3,5,116" ten="255,255,245,235" oya="2" hai0="106,4,55,108,21,122,71,104,30,109,48,125,35" hai1="19,13,69,31,58,95,107,3,17,117,23,34,74" hai2="110,92,99,60,134,14,79,130,26,40,66,76,43" hai3="22,120,29,62,12,96,119,15,82,20,37,7,88"/><V50/><F134/><W56/><G119/><T33/><D71/><U102/><E69/><V132/><F132/><W18/><G37/><T8/><D21/><U39/><E107/><V97/><F130/><W118/><G118/><T113/><D113/><U86/><E74/><V63/><F26/><N who="3" m="16583" /><G120/><T123/><D125/><U72/><E72/><V101/><F110/><N who="0" m="42602" /><D104/><U94/><E39/><V42/><F50/><W54/><G82/><T80/><D80/><U6/><E102/><V24/><F24/><N who="3" m="14423" /><G7/><T75/><D106/><U103/><E6/><V27/><F27/><W131/><G131/><T16/><D16/><U57/><E19/><V52/><F99/><W44/><G44/><N who="0" m="28039" /><D75/><U78/><E17/><V59/><REACH who="2" step="1"/><F14/><REACH who="2" ten="255,255,235,235" step="2"/><W83/><G96/><T28/><D33/><U49/><E34/><V114/><F114/><W91/><G12/><N who="0" m="5127" /><D35/><U1/><E13/><V5/><F5/><W9/><G15/><T111/><D111/><U11/><E117/><V89/><F89/><W53/><G91/><T87/><D87/><U112/><E86/><V90/><F90/><W115/><G115/><T41/><D41/><U0/><E112/><V81/><F81/><W70/><G88/><T126/><D126/><U51/><E0/><V129/><F129/><W77/><G83/><T36/><D36/><U127/><E127/><V32/><F32/><W61/><G9/><T93/><D93/><U68/><E95/><V10/><F10/><W105/><G105/><T98/><D98/><U100/><E1/><V65/><F65/><N who="3" m="39079" /><G77/><T128/><D128/><U38/><E78/><V133/><F133/><RYUUKYOKU ba="1,2" sc="255,10,255,-30,235,10,235,10" hai0="28,30,122,123" hai2="40,42,43,52,59,60,63,66,76,79,92,97,101" hai3="53,54,62,70" /><INIT seed="2,2,2,0,5,97" ten="265,225,245,245" oya="2" hai0="35,46,62,76,18,92,126,98,107,116,54,134,66" hai1="101,6,48,104,131,53,71,19,90,44,119,58,2" hai2="43,108,16,82,30,124,22,120,45,87,61,77,41" hai3="86,83,42,51,5,59,100,96,114,27,85,113,0"/><V3/><F120/><W38/><G38/><T89/><D35/><U40/><E119/><V117/><F117/><W29/><G0/><T14/><D116/><U70/><E131/><V49/><F3/><W75/><G5/><T56/><D126/><U36/><E90/><V122/><F124/><W52/><G42/><T105/><D134/><U4/><E19/><V125/><F125/><W135/><G135/><T68/><D76/><U17/><E17/><V21/><F122/><W128/><G128/><T103/><D46/><U73/><E73/><V63/><F108/><W72/><G75/><T37/><D37/><U32/><E32/><V81/><F43/><W69/><G69/><T23/><REACH who="0" step="1"/><D89/><REACH who="0" ten="255,225,245,245" step="2"/><U130/><E130/><V25/><F82/><W110/><G83/><T91/><D91/><U84/><E44/><V95/><F95/><N who="3" m="58399" /><G110/><T64/><D64/><U15/><E36/><V109/><F109/><W31/><G72/><T74/><D74/><U7/><E2/><V9/><F9/><W93/><G93/><T57/><D57/><U118/><E58/><V24/><AGARI ba="2,3" hai="16,21,22,24,25,30,41,45,49,61,63,77,81,87" machi="24" ten="20,7800,0" yaku="0,1,7,1,8,1,54,1" doraHai="97" who="2" fromWho="2" sc="255,-28,225,-28,245,114,245,-28" /><INIT seed="2,3,0,1,3,43" ten="227,197,359,217" oya="2" hai0="19,130,127,52,9,24,20,98,46,75,135,14,120" hai1="116,32,101,94,16,59,26,35,8,18,100,125,87" hai2="13,3,66,126,115,86,105,17,12,22,0,57,2" hai3="15,44,39,6,112,106,38,69,122,74,56,77,36"/><V71/><F115/><W47/><G69/><T37/><D120/><U1/><E116/><V123/><F105/><W72/><G122/><T4/><D75/><U67/><E125/><V34/><F34/><W27/><G112/><T97/><D37/><U54/><E67/><V107/><F71/><W83/><G106/><T21/><D127/><U124/><E124/><V133/><F107/><W41/><G72/><T48/><D130/><U109/><E109/><V102/><F102/><N who="1" m="39529" /><E1/><V103/><F103/><W134/><G134/><T50/><D135/><U11/><E32/><V7/><F66/><W92/><G41/><N who="0" m="24655" /><D20/><N who="1" m="13575" /><E18/><V110/><F17/><W73/><G73/><T113/><D113/><U118/><E35/><V89/><F3/><W68/><G68/><T108/><D108/><U62/><E118/><V63/><F2/><W88/><G27/><T93/><D93/><U51/><E62/><V49/><F63/><W99/><G6/><T76/><D76/><U85/><E94/><V29/><F7/><W117/><G15/><T96/><D96/><U82/><E87/><V10/><F0/><W53/><REACH who="3" step="1"/><G117/><REACH who="3" ten="227,197,359,207" step="2"/><T80/><D80/><U114/><E114/><V78/><F110/><W129/><G129/><T61/><D61/><AGARI ba="3,1" hai="36,38,39,44,47,53,56,61,74,77,83,88,92,99" machi="61" ten="40,12000,2" yaku="1,1,52,2,54,1,53,2" doraHai="43" doraHaiUra="42" who="3" fromWho="0" sc="227,-129,197,0,359,0,207,139" /><INIT seed="3,0,0,1,4,122" ten="98,197,359,346" oya="3" hai0="77,105,129,34,9,19,85,120,46,32,22,121,100" hai1="56,30,57,84,33,68,51,11,127,26,76,94,25" hai2="3,54,29,116,92,103,41,114,67,2,18,90,63" hai3="135,117,86,28,72,61,119,71,48,23,47,45,60"/><W8/><G72/><T7/><D129/><U66/><E127/><V101/><F114/><W79/><G71/><T110/><D100/><U35/><E11/><V93/><F116/><W102/><G102/><T95/><D105/><U12/><E12/><V89/><F41/><W31/><G135/><T62/><D95/><U38/><E38/><V27/><F54/><W123/><G123/><T44/><D62/><N who="3" m="24169" /><G119/><T10/><D85/><U16/><E51/><V1/><F18/><W69/><G69/><T109/><D77/><U111/><E16/><V65/><F65/><W124/><G124/><T21/><D19/><U112/><E66/><V0/><F0/><W49/><G8/><T64/><D64/><U6/><E35/><V37/><F37/><W96/><G96/><T88/><D7/><U97/><E6/><V132/><F132/><W106/><G106/><T24/><D24/><U134/><E25/><V39/><F39/><W36/><G36/><T128/><D128/><U91/><E26/><V115/><F115/><W98/><G98/><T15/><D15/><U14/><E14/><V73/><F73/><W113/><G113/><T81/><D81/><U55/><E97/><N who="2" m="57495" /><F93/><W40/><G117/><T78/><D78/><U5/><E76/><V107/><F89/><W130/><G130/><T50/><D50/><U125/><E91/><AGARI ba="0,0" hai="9,10,21,22,32,34,44,46,88,91,109,110,120,121" machi="91" ten="25,8000,1" yaku="22,2,52,2,54,1" doraHai="122" who="0" fromWho="1" sc="98,80,197,-80,359,0,346,0" owari="178,-22.2,117,-38.3,359,45.9,346,14.6" /></mjloggm>