<mjloggm ver="2.3"><GO type="225" lobby="0"/><UN n0="%E3%81%BF%E3%81%BF%E3%81%9A" n1="%4C%4F%4C%49%54%41" n2="%E3%83%A9%E3%83%BC%E3%83%A1%E3%83%B3%E4%BA%94%E9%83%8E" n3="%E3%80%93%E3%81%97%E3%83%BC%E3%82%89%E3%80%93" dan="17,16,16,16" rate="2251.98,2147.89,2032.16,2079.23" sx="M,F,M,M"/><TAIKYOKU oya="0"/><INIT seed="0,0,0,5,0,37" ten="250,250,250,250" oya="0" hai0="10,74,50,34,47,101,85,71,89,120,7,54,68" hai1="53,26,123,97,60,118,105,21,11,1,52,93,90" hai2="25,113,31,107,103,126,115,59,86,18,88,46,131" hai3="0,109,81,128,82,8,112,58,69,87,102,23,4"/><T49/><D120/><U13/><E118/><V24/><F126/><W77/><G69/><T73/><D34/><U20/><E123/><V44/><F131/><W91/><G128/><T51/><D101/><U122/><E122/><V9/><F59/><W75/><G112/><T33/><D33/><U41/><E1/><V15/><F107/><W35/><G35/><T119/><D119/><U99/><E105/><V16/><F103/><W66/><G109/><T106/><D106/><U124/><E124/><V94/><F18/><W104/><G23/><T57/><D71/><U134/><E134/><V48/><F46/><W117/><G117/><T12/><D68/><U22/><E26/><V121/><F121/><W83/><G66/><T100/><D100/><U70/><E97/><V84/><F86/><W36/><G58/><T132/><D132/><U111/><E111/><V55/><REACH who="2" step="1"/><F24/><REACH who="2" ten="250,250,240,250" step="2"/><W64/><G102/><T67/><D67/><U92/><E70/><V61/><F61/><W130/><G104/><T27/><D27/><U96/><E60/><V29/><F29/><W95/><G130/><T5/><D5/><U19/><E96/><V135/><F135/><W129/><G129/><T43/><REACH who="0" step="1"/><D51/><REACH who="0" ten="240,250,240,250" step="2"/><U72/><E99/><V125/><F125/><W39/><G64/><T42/><D42/><U116/><E41/><V78/><F78/><W56/><G39/><T65/><D65/><U63/><E116/><V32/><AGARI ba="0,2" hai="9,15,16,25,31,32,44,48,55,84,88,94,113,115" machi="32" ten="20,12000,2" yaku="1,1,0,1,7,1,54,2,53,1" doraHai="37" doraHaiUra="45" who="2" fromWho="2" sc="240,-60,250,-30,240,140,250,-30" /><INIT seed="1,0,0,4,1,11" ten="180,220,380,220" oya="1" hai0="93,95,120,100,80,16,92,47,70,133,84,74,53" hai1="23,134,15,26,36,66,71,81,88,131,102,44,39" hai2="112,135,61,13,17,4,33,56,111,10,5,116,72" hai3="58,20,76,75,127,14,67,110,64,49,103,78,62"/><U129/><E134/><V37/><F116/><W0/><G0/><T91/><D70/><U105/><E102/><V87/><F72/><W98/><G127/><T51/><D133/><U65/><E105/><V43/><F135/><W117/><G117/><T77/><D120/><U42/><E39/><V97/><F33/><W106/><G110/><T132/><D132/><U19/><E71/><V90/><F111/><W40/><G75/><T68/><D68/><U59/><E59/><V83/><F112/><W125/><G67/><T48/><D100/><U30/><E81/><V34/><F34/><W35/><G35/><T6/><D6/><U55/><E55/><V118/><F118/><W69/><G125/><T1/><D1/><U3/><E88/><N who="2" m="51327" /><F43/><W104/><G104/><T94/><D51/><U101/><E101/><V18/><F4/><W89/><G89/><T38/><D38/><U7/><E7/><V115/><F37/><W57/><G69/><T52/><REACH who="0" step="1"/><D16/><REACH who="0" ten="170,220,380,220" step="2"/><U27/><E3/><V99/><F115/><W79/><G49/><T22/><D22/><N who="1" m="15703" /><E27/><V60/><F60/><W73/><G106/><T114/><D114/><U21/><E23/><V122/><F122/><W126/><G20/><T8/><D8/><U113/><E113/><V46/><F17/><W31/><G62/><T50/><D50/><U45/><E44/><V119/><F18/><W121/><G103/><T107/><D107/><U29/><E29/><V124/><F61/><W24/><G31/><T12/><D12/><U130/><AGARI ba="0,1" hai="15,19,21,36,42,45,65,66,129,130,131" m="15703" machi="130" ten="30,3000,0" yaku="19,1,52,1" doraHai="11" who="1" fromWho="1" sc="170,-10,220,40,380,-10,220,-10" /><INIT seed="1,1,0,5,2,22" ten="160,260,370,210" oya="1" hai0="88,62,117,23,60,30,90,69,29,56,106,109,74" hai1="103,80,115,85,9,2,105,87,76,16,135,63,118" hai2="123,8,28,79,17,104,94,0,35,126,44,11,5" hai3="116,77,52,43,58,82,101,36,25,132,18,50,4"/><U31/><E115/><V51/><F123/><W46/><G132/><T21/><D117/><U49/><E118/><V75/><F104/><W111/><G116/><T54/><D106/><U13/><E135/><V65/><F126/><W15/><G111/><T95/><D74/><U38/><E38/><V119/><F119/><W97/><G4/><T81/><D109/><U78/><E2/><V57/><F94/><W67/><G67/><T134/><D134/><U121/><E121/><V96/><F96/><W7/><G7/><T107/><D107/><U99/><E31/><V34/><F75/><W73/><G25/><N who="0" m="16559" /><D69/><U93/><E63/><V47/><F79/><W24/><G24/><N who="0" m="16671" /><D81/><N who="1" m="47271" /><E105/><V66/><F34/><W89/><G101/><T108/><D108/><U86/><E87/><V83/><F35/><W10/><G97/><N who="0" m="57575" /><D90/><U26/><E26/><V1/><F0/><W114/><REACH who="3" step="1"/><G89/><REACH who="3" ten="160,260,370,200" step="2"/><T100/><D62/><U48/><AGARI ba="1,1" hai="9,13,16,48,49,78,80,86,93,99,103" m="47271" machi="48" ten="30,3000,0" yaku="8,1,54,1" doraHai="22" who="1" fromWho="1" sc="160,-11,260,43,370,-11,200,-11" /><INIT seed="1,2,0,5,2,75" ten="149,303,359,189" oya="1" hai0="42,55,93,26,89,107,66,11,19,0,123,44,88" hai1="115,102,111,73,108,40,61,35,6,30,104,64,125" hai2="124,63,80,53,32,65,101,21,24,96,2,5,129" hai3="113,86,79,36,106,12,13,70,23,109,41,38,43"/><U74/><E115/><V27/><F124/><W57/><G57/><T22/><D107/><U29/><E125/><V49/><F129/><W20/><G106/><T91/><D123/><U37/><E6/><V92/><F32/><W4/><G86/><T16/><D66/><U18/><E18/><V131/><F131/><W9/><G4/><T87/><D55/><U128/><E128/><V45/><F80/><W8/><G109/><N who="1" m="42058" /><E37/><V127/><F127/><W135/><G135/><T1/><D0/><U130/><E40/><V122/><F122/><W47/><G47/><T48/><D1/><U99/><E130/><V119/><F119/><W71/><REACH who="3" step="1"/><G113/><REACH who="3" ten="149,303,359,179" step="2"/><T120/><D120/><U81/><E74/><V52/><F5/><W95/><G95/><T50/><D50/><U68/><E35/><V118/><F2/><W82/><G82/><T34/><D34/><U121/><E121/><V58/><F118/><W54/><G54/><T100/><D100/><U90/><E73/><V60/><F53/><W126/><G126/><T105/><D105/><U97/><E81/><V25/><REACH who="2" step="1"/><F60/><REACH who="2" ten="149,303,349,179" step="2"/><W112/><G112/><T3/><D3/><U56/><E61/><V15/><F15/><AGARI ba="2,2" hai="11,15,16,19,22,26,42,44,48,87,88,89,91,93" machi="15" ten="40,5200,0" yaku="8,1,54,2" doraHai="75" who="0" fromWho="2" sc="149,78,303,0,349,-58,179,0" /><INIT seed="2,0,0,5,1,110" ten="227,303,291,179" oya="2" hai0="123,62,118,91,59,12,41,21,69,35,79,99,25" hai1="66,4,58,24,0,89,100,36,39,86,117,11,8" hai2="37,47,112,73,2,98,54,88,130,82,22,68,6" hai3="131,18,15,115,105,93,52,121,103,94,42,40,3"/><V85/><F68/><W27/><G3/><T70/><D123/><U90/><E117/><V31/><F130/><W10/><G121/><T106/><D118/><U64/><E100/><V49/><F112/><W43/><G131/><T67/><D79/><U32/><E32/><V14/><F37/><W126/><G126/><T28/><D41/><U125/><E24/><N who="2" m="16791" /><F2/><W114/><G27/><T108/><D108/><U7/><E0/><V96/><F73/><W55/><G105/><T107/><D107/><U19/><E58/><V45/><F45/><W127/><G127/><T46/><D46/><U92/><E125/><V50/><F50/><W17/><G103/><T119/><D119/><U135/><E86/><V48/><F48/><W122/><G122/><T26/><D12/><U72/><E92/><N who="3" m="35434" /><G15/><T57/><D70/><U44/><E44/><V23/><F6/><W101/><G10/><T113/><D91/><U71/><E71/><V120/><F120/><W76/><G76/><T53/><D53/><N who="3" m="20553" /><G101/><N who="0" m="62783" /><D113/><AGARI ba="0,0" hai="17,18,40,42,43,113,114,115" m="20553,35434" machi="113" ten="40,12000,2" yaku="28,2,11,1,52,3,54,1" doraHai="110" who="3" fromWho="0" sc="227,-120,303,0,291,0,179,120" /><INIT seed="3,0,0,0,2,27" ten="107,303,291,299" oya="3" hai0="53,106,126,48,61,131,97,47,13,22,84,24,57" hai1="105,73,28,49,82,65,71,50,116,19,2,66,110" hai2="69,130,89,32,12,37,34,90,33,120,103,88,79" hai3="85,5,67,129,64,127,14,94,98,108,55,74,4"/><W68/><G74/><T7/><D126/><U15/><E105/><V96/><F37/><W46/><G127/><T51/><D131/><U16/><E2/><V118/><F118/><W104/><G104/><T60/><D106/><U38/><E38/><V123/><F130/><W99/><G129/><T134/><D134/><U63/><E110/><V10/><F69/><W31/><G31/><N who="0" m="17815" /><D97/><N who="3" m="36873" /><G68/><T11/><D84/><U128/><E128/><V35/><N who="2" m="8192" /><DORA hai="111" /><V125/><F125/><W62/><G108/><T132/><D132/><U102/><E28/><V20/><F20/><W76/><G94/><T112/><D112/><U25/><E102/><V30/><F30/><W36/><G36/><T29/><D29/><U3/><E3/><V107/><REACH who="2" step="1"/><F79/><REACH who="2" ten="107,303,281,299" step="2"/><W92/><G76/><T133/><D133/><U95/><E71/><V23/><F23/><W80/><G80/><T17/><D17/><AGARI ba="0,1" hai="10,12,17,88,89,90,96,103,107,120,123" m="8192" machi="17" ten="70,8000,1" yaku="1,1,54,1,53,1" doraHai="27,111" doraHaiUra="75,101" who="2" fromWho="0" sc="107,-80,303,0,281,90,299,0" owari="27,-47.3,303,10.3,371,47.1,299,-10.1" /></mjloggm>