<mjloggm ver="2.3"><GO type="225" lobby="0"/><UN n0="%E3%81%BF%E3%81%BF%E3%81%9A" n1="%77%72%77%72%77%72%77%72" n2="%E7%B4%94%E6%BD%94%E3%83%94%E3%83%A9%E3%83%8B%E3%82%A2" n3="%6D%79%6D%65%6C%6F%58%58" dan="17,17,17,16" rate="2330.14,2169.44,2186.43,2108.35" sx="M,M,M,F"/><TAIKYOKU oya="0"/><INIT seed="0,0,0,0,0,102" ten="250,250,250,250" oya="0" hai0="101,54,43,99,61,52,98,85,86,92,47,40,20" hai1="72,121,84,37,68,129,30,133,115,123,10,18,100" hai2="51,73,82,112,75,2,105,122,26,70,56,64,7" hai3="59,69,65,95,93,94,39,113,130,62,114,126,46"/><T87/><D20/><U45/><E72/><V36/><F56/><W135/><G126/><T91/><D61/><U1/><E68/><V34/><F51/><W31/><G130/><T35/><D35/><U57/><E129/><V0/><F112/><W55/><G135/><T108/><D108/><U109/><E109/><V53/><F53/><W32/><G31/><T103/><D91/><U89/><E133/><V117/><F117/><W38/><G32/><T131/><D131/><U120/><E115/><V14/><F14/><W132/><G132/><T6/><D6/><U28/><E100/><V3/><F7/><W15/><G15/><T50/><REACH who="0" step="1"/><D40/><REACH who="0" ten="240,250,250,250" step="2"/><U33/><E33/><V67/><F34/><W4/><G4/><T12/><D12/><U88/><E89/><V90/><F90/><W125/><G125/><T58/><D58/><U22/><E57/><V66/><F26/><W81/><G114/><T110/><D110/><U78/><E88/><V27/><F27/><W60/><G113/><T96/><D96/><U11/><E22/><V41/><F70/><W128/><G128/><T63/><D63/><U74/><E120/><V16/><F122/><W48/><REACH who="3" step="1"/><G81/><REACH who="3" ten="240,250,250,240" step="2"/><T127/><D127/><U42/><E121/><V5/><F82/><W118/><G118/><T71/><D71/><U77/><E123/><V83/><F83/><W111/><G111/><T19/><D19/><U49/><E18/><V9/><F16/><W97/><G97/><T124/><D124/><U80/><E80/><V44/><F5/><W24/><G24/><T23/><D23/><U119/><E119/><RYUUKYOKU ba="0,2" sc="240,15,250,-15,250,-15,240,15" hai0="43,47,50,52,54,85,86,87,92,98,99,101,103" hai3="38,39,46,48,55,59,60,62,65,69,93,94,95" /><INIT seed="0,1,2,0,4,125" ten="255,235,235,255" oya="0" hai0="120,36,33,85,106,81,111,51,65,49,58,132,91" hai1="112,23,131,19,135,133,98,6,105,28,47,72,124" hai2="13,5,116,3,70,14,126,92,84,29,88,63,76" hai3="53,27,102,90,60,79,7,101,78,11,45,46,77"/><T119/><D119/><U43/><E72/><V86/><F126/><W110/><G110/><T18/><D120/><U42/><E124/><V62/><F116/><W114/><G114/><T40/><D33/><U38/><E112/><V134/><F134/><N who="1" m="51209" /><E6/><V21/><F3/><W57/><G90/><T129/><D106/><U96/><E28/><V34/><F34/><W123/><G123/><T12/><D132/><U55/><E43/><V95/><F70/><W118/><G27/><T115/><D115/><U66/><E66/><V71/><F71/><W8/><G118/><T52/><D129/><U94/><E105/><V89/><F76/><W25/><G25/><T15/><D111/><U2/><E2/><V9/><F29/><W113/><G113/><T50/><D65/><U4/><E4/><V68/><F68/><W127/><G127/><T121/><D121/><U75/><E75/><V56/><F56/><W87/><G87/><T82/><D82/><U48/><E94/><V39/><F39/><W73/><G73/><T10/><REACH who="0" step="1"/><D15/><REACH who="0" ten="245,235,235,255" step="2"/><N who="1" m="9727" /><E131/><V31/><F14/><N who="3" m="5407" /><G11/><T54/><D54/><U130/><E130/><V122/><F122/><W0/><G0/><T30/><D30/><U32/><E32/><V100/><F31/><W117/><G117/><T108/><D108/><U99/><E55/><V61/><F21/><W22/><G22/><T17/><D17/><U67/><E67/><V1/><F1/><W35/><G35/><T97/><D97/><U109/><E109/><V26/><F26/><W37/><G37/><AGARI ba="1,3" hai="37,38,42,47,48,96,98,99" m="9727,51209" machi="37" ten="30,1000,0" yaku="20,1" doraHai="125" who="1" fromWho="3" sc="245,0,235,43,235,0,255,-13" /><INIT seed="1,0,0,2,1,7" ten="245,278,235,242" oya="1" hai0="47,108,63,30,34,74,81,92,84,100,49,36,73" hai1="96,26,91,1,41,59,109,45,32,104,24,0,40" hai2="38,113,105,14,51,39,118,57,95,106,110,9,13" hai3="69,121,102,99,22,89,56,71,116,48,98,61,4"/><U50/><E109/><V3/><F3/><W82/><G121/><T78/><D36/><U86/><E40/><V5/><F118/><W31/><G116/><T87/><D108/><U126/><E126/><V35/><F35/><W103/><G4/><T21/><D34/><U11/><E32/><V134/><F134/><W123/><G123/><T43/><D63/><U115/><E115/><V20/><F113/><W44/><G69/><T117/><D117/><U16/><E59/><V90/><F106/><W54/><G71/><T111/><D111/><U67/><E67/><V25/><F105/><W122/><G122/><T46/><D46/><U2/><E96/><V112/><F14/><W70/><G70/><T94/><D94/><U8/><E104/><V131/><F131/><W62/><G62/><T19/><D30/><U68/><E68/><V58/><F58/><W85/><G99/><T83/><D92/><U120/><E120/><V119/><F112/><W125/><G125/><T23/><D100/><U60/><E60/><V37/><F119/><W28/><G22/><T129/><D23/><U128/><E128/><V72/><F72/><W29/><REACH who="3" step="1"/><G98/><REACH who="3" ten="245,278,235,232" step="2"/><T97/><D97/><U79/><E0/><V80/><F110/><W107/><G107/><T93/><D129/><U15/><E1/><V64/><F20/><W124/><G124/><T18/><D18/><U127/><E127/><V17/><F17/><W88/><G88/><N who="0" m="51215" /><D93/><N who="1" m="54519" /><E79/><V10/><F95/><W101/><G101/><T6/><D6/><N who="1" m="3479" /><E2/><V33/><F33/><W130/><G130/><T12/><D78/><U27/><E16/><RYUUKYOKU ba="0,1" sc="245,10,278,10,235,-30,232,10" hai0="12,19,21,43,47,49,73,74,83,87" hai1="11,24,26,27,41,45,50" hai3="28,29,31,44,48,54,56,61,82,85,89,102,103" /><INIT seed="1,1,1,1,2,126" ten="255,288,205,242" oya="1" hai0="48,103,5,4,55,27,78,2,52,31,102,89,67" hai1="134,20,133,69,64,122,115,29,121,0,12,39,95" hai2="128,113,32,94,120,112,135,124,30,51,75,127,25" hai3="40,21,8,15,41,116,109,117,87,1,61,91,93"/><U132/><E39/><V22/><F75/><W18/><G109/><T66/><D78/><U119/><E115/><N who="2" m="44107" /><F120/><W99/><G61/><T101/><D89/><U98/><E119/><N who="3" m="45642" /><G99/><T46/><D55/><U97/><E0/><V118/><F118/><W23/><G23/><N who="0" m="15871" /><D2/><U130/><E97/><V47/><F94/><W88/><G91/><T37/><D37/><U84/><E84/><V14/><F135/><W79/><G79/><T38/><D38/><U6/><E98/><V57/><F57/><W35/><G35/><T56/><D56/><U7/><E95/><V9/><F32/><W96/><G96/><T24/><D24/><N who="1" m="16519" /><E64/><AGARI ba="1,1" hai="4,5,46,48,52,64,66,67,101,102,103" m="15871" machi="64" ten="30,2000,0" yaku="8,1,54,1" doraHai="126" who="0" fromWho="1" sc="255,33,288,-23,205,0,242,0" /><INIT seed="2,0,0,3,4,57" ten="288,265,205,242" oya="2" hai0="41,18,79,8,14,65,46,110,11,92,118,44,21" hai1="135,131,69,23,59,0,24,63,109,64,39,40,70" hai2="49,67,30,87,19,62,38,103,58,35,102,104,100" hai3="116,130,93,106,6,112,129,75,101,96,61,1,12"/><V66/><F38/><W36/><G36/><T54/><D110/><U89/><E0/><V99/><F67/><W28/><G1/><T134/><D134/><U85/><E109/><V91/><F19/><W26/><G75/><T82/><D118/><U114/><E114/><V73/><F73/><W56/><G116/><T77/><D65/><U32/><E32/><V123/><F123/><W50/><G50/><T10/><D82/><U122/><E135/><V120/><F120/><W86/><G112/><T128/><D128/><N who="3" m="49257" /><G12/><T113/><D113/><U7/><E122/><V97/><F104/><W108/><G6/><T34/><D34/><U25/><E7/><V71/><F35/><N who="3" m="20887" /><G86/><T68/><D41/><U115/><E25/><V48/><F30/><W126/><G126/><T90/><D68/><U121/><E115/><V22/><F22/><W53/><G108/><T83/><D83/><U17/><E131/><V5/><F5/><W51/><G51/><N who="2" m="19529" /><F71/><W42/><G42/><T4/><D4/><U37/><E121/><V27/><F27/><W132/><G132/><T125/><D125/><U43/><E37/><V29/><F29/><W117/><G117/><T33/><D33/><U60/><E39/><V88/><F87/><W105/><AGARI ba="0,0" hai="53,56,61,93,96,101,105,106" m="20887,49257" machi="105" ten="30,2000,0" yaku="19,1,52,1" doraHai="57" who="3" fromWho="3" sc="288,-5,265,-5,205,-10,242,20" /><INIT seed="3,0,0,2,4,35" ten="283,260,195,262" oya="3" hai0="112,81,79,111,101,6,128,23,116,78,117,61,131" hai1="64,50,7,44,31,11,69,26,19,52,62,43,55" hai2="10,74,22,20,27,17,85,71,105,67,88,100,93" hai3="94,45,134,120,130,75,126,36,57,63,15,66,47"/><W98/><G120/><T51/><D111/><U38/><E19/><V135/><F135/><W65/><G75/><T46/><D101/><U127/><E127/><V91/><F74/><W18/><G134/><T16/><D6/><U114/><E114/><V96/><F71/><W122/><G122/><T123/><D61/><U80/><E80/><V99/><F67/><W29/><G130/><N who="0" m="49707" /><D112/><U4/><E11/><V33/><F10/><W59/><G36/><T24/><D123/><U42/><E42/><V12/><F33/><W49/><G29/><T89/><D89/><U110/><E55/><V48/><F48/><W9/><G126/><T40/><D79/><U86/><E86/><AGARI ba="0,0" hai="16,23,24,40,46,51,78,81,86,116,117" m="49707" machi="86" ten="30,2000,0" yaku="19,1,54,1" doraHai="35" who="0" fromWho="1" sc="283,20,260,-20,195,0,262,0" owari="303,40.3,240,-16.0,195,-30.5,262,6.2" /></mjloggm>