<mjloggm ver="2.3"><GO type="225" lobby="0"/><UN n0="%E3%81%BF%E3%81%BF%E3%81%9A" n1="%E6%B4%BE%E9%81%A3%E3%81%AE%E3%82%B8%E3%83%A3%E3%83%83%E3%82%AF" n2="%33%74%72%65%65" n3="%E5%8D%A0%E3%81%84%E5%B8%AB%E8%A3%8F%E3%81%AA%E3%81%84%E3%81%97" dan="18,17,16,17" rate="2260.59,2228.75,2178.40,2198.57" sx="M,M,F,M"/><TAIKYOKU oya="0"/><INIT seed="0,0,0,3,3,39" ten="250,250,250,250" oya="0" hai0="105,34,13,119,4,98,20,35,135,33,60,133,2" hai1="15,122,118,62,104,43,58,72,126,16,61,19,108" hai2="124,112,88,0,82,44,45,8,109,48,25,120,41" hai3="28,51,123,57,106,1,3,129,30,128,103,97,42"/><T131/><D105/><U90/><E108/><V99/><F120/><W91/><G123/><T17/><D98/><U63/><E122/><V102/><F112/><W29/><G91/><T101/><D101/><U77/><E118/><V114/><F114/><W59/><G59/><T93/><D93/><U80/><E126/><V22/><F124/><W125/><G125/><T96/><D96/><U18/><E104/><V9/><F0/><W116/><G116/><T132/><D60/><U26/><E26/><V115/><F115/><W75/><G75/><T79/><D79/><U67/><E90/><V69/><F69/><W87/><G87/><T71/><D71/><U11/><REACH who="1" step="1"/><E43/><REACH who="1" ten="250,240,250,250" step="2"/><V89/><F109/><W127/><G127/><T55/><D119/><U134/><E134/><V54/><F89/><W10/><G42/><T130/><D55/><U12/><E12/><V47/><F41/><W95/><G106/><T111/><D111/><U37/><E37/><V21/><F25/><W38/><G38/><T6/><D2/><U53/><E53/><V50/><F54/><N who="3" m="31967" /><G1/><T94/><D94/><U5/><AGARI ba="0,1" hai="5,11,15,16,18,19,58,61,62,63,67,72,77,80" machi="5" ten="30,4000,0" yaku="1,1,0,1,54,1,53,0" doraHai="39" doraHaiUra="83" who="1" fromWho="1" sc="250,-20,240,50,250,-10,250,-10" /><INIT seed="1,0,0,1,0,16" ten="230,290,240,240" oya="1" hai0="50,46,88,23,45,26,49,31,13,125,95,85,130" hai1="89,0,55,90,44,129,19,119,124,32,3,72,127" hai2="118,96,99,61,77,133,2,115,47,14,36,86,64" hai3="73,41,114,54,68,9,100,70,57,105,8,92,33"/><U17/><E72/><V134/><F2/><N who="1" m="553" /><E32/><V20/><F118/><W75/><G114/><T7/><D125/><N who="1" m="48203" /><E119/><V24/><F14/><W69/><G105/><T135/><D130/><U5/><E5/><V67/><F115/><W66/><G33/><T38/><D135/><N who="2" m="51722" /><F77/><W25/><G66/><N who="2" m="25129" /><F61/><W76/><G76/><T104/><D104/><U39/><E129/><V81/><F86/><W94/><G41/><T112/><D112/><U110/><E110/><V35/><F81/><W1/><G1/><T34/><D38/><U74/><E74/><V84/><F84/><W91/><G75/><T102/><D102/><U82/><E82/><V30/><F35/><W53/><G73/><T116/><D116/><U132/><E132/><V121/><F121/><W113/><G113/><T87/><D87/><U117/><E117/><V126/><F126/><W43/><G100/><T40/><D34/><U120/><E120/><V56/><F56/><W111/><G57/><T97/><D85/><U71/><E71/><V12/><F47/><N who="0" m="17930" /><D40/><N who="1" m="22559" /><E55/><N who="3" m="21002" /><G43/><T80/><D80/><U22/><E90/><V106/><F36/><W108/><G91/><T65/><D65/><U60/><E60/><V131/><F131/><W48/><G111/><T52/><D52/><U15/><E89/><V83/><F83/><W21/><G108/><T98/><D97/><U123/><E123/><V107/><F99/><W79/><G79/><T18/><D7/><U42/><E42/><V37/><F96/><W109/><G109/><T103/><D103/><U93/><E93/><N who="3" m="35946" /><G48/><T58/><D58/><U4/><E4/><V59/><F37/><RYUUKYOKU ba="0,0" sc="230,10,290,10,240,-30,240,10" hai0="13,18,23,26,31,49,50,88,95,98" hai1="15,17,19,22" hai3="8,9,21,25,68,69,70" /><INIT seed="1,1,0,2,3,127" ten="240,300,210,250" oya="1" hai0="131,110,111,5,96,81,13,69,3,120,124,78,99" hai1="92,4,55,33,60,114,15,128,123,71,46,18,125" hai2="30,35,59,36,75,72,29,115,25,19,80,61,135" hai3="50,54,67,21,49,98,58,37,63,107,17,10,88"/><U121/><E114/><V64/><F115/><W22/><G37/><T16/><D124/><U68/><E33/><V40/><F135/><W112/><G112/><T45/><D69/><U95/><E4/><V102/><F30/><W93/><G107/><T100/><D120/><U79/><E125/><V53/><F102/><W39/><G39/><T109/><D45/><U51/><E79/><V84/><F19/><W2/><G49/><T32/><D32/><U116/><E116/><V119/><F119/><W132/><G132/><T87/><D131/><U94/><E128/><V26/><F26/><W73/><G73/><T134/><D134/><U91/><E91/><V38/><F38/><W101/><G101/><T86/><D86/><U20/><E68/><V23/><F35/><W27/><G2/><T105/><D99/><U108/><E108/><V77/><REACH who="2" step="1"/><F64/><REACH who="2" ten="240,300,200,250" step="2"/><W56/><G27/><T104/><D105/><U106/><E106/><V129/><F129/><W82/><G17/><T57/><D5/><U103/><E103/><V6/><F6/><W83/><G10/><N who="0" m="6199" /><D3/><U130/><E130/><V65/><F65/><W66/><G67/><T126/><D126/><U12/><E121/><V7/><F7/><W122/><G122/><T117/><D117/><U43/><E123/><V89/><F89/><W8/><G8/><T34/><D34/><U41/><E15/><V113/><F113/><W31/><G31/><T24/><D24/><U0/><E0/><V9/><F9/><W28/><G28/><T52/><D110/><U90/><E90/><V11/><F11/><W85/><G98/><RYUUKYOKU ba="1,1" sc="240,0,300,0,200,0,250,0" hai0="52,57,78,81,87,96,100,104,109,111" hai1="12,18,20,41,43,46,51,55,60,71,92,94,95" hai2="23,25,29,36,40,53,59,61,72,75,77,80,84" hai3="21,22,50,54,56,58,63,66,82,83,85,88,93" /><INIT seed="1,2,1,4,2,115" ten="240,300,200,250" oya="1" hai0="63,80,66,6,108,7,86,102,68,26,28,109,59" hai1="64,110,34,99,104,96,114,71,56,107,69,37,122" hai2="31,4,113,49,84,97,105,131,101,45,2,15,112" hai3="38,47,60,48,22,120,25,83,51,50,42,44,24"/><U39/><E34/><V18/><F131/><W35/><G120/><T23/><D102/><U3/><E3/><V111/><F111/><N who="0" m="42570" /><D68/><U79/><E114/><N who="2" m="44139" /><F31/><W119/><G35/><T72/><D72/><U126/><E122/><V121/><F121/><W88/><G60/><T29/><D29/><U21/><E79/><AGARI ba="2,1" hai="6,7,23,26,28,59,63,66,79,80,86" m="42570" machi="79" ten="30,1000,0" yaku="14,1" doraHai="115" who="0" fromWho="1" sc="240,26,300,-16,200,0,250,0" /><INIT seed="2,0,0,4,4,77" ten="266,284,200,250" oya="2" hai0="129,71,26,44,16,3,57,50,100,81,56,86,123" hai1="14,96,66,118,32,45,116,43,34,65,54,82,104" hai2="68,29,49,78,17,41,30,83,84,113,0,93,103" hai3="1,115,133,134,46,52,74,8,2,35,109,102,119"/><V63/><F113/><W70/><G119/><T31/><D71/><U37/><E14/><V61/><F0/><W85/><G70/><T127/><D3/><U12/><E12/><V92/><F17/><W106/><G74/><T91/><D123/><U122/><E122/><V114/><F114/><W121/><G121/><T15/><D127/><U117/><E54/><V88/><F68/><W125/><G115/><T97/><D129/><U5/><E5/><V42/><F103/><W38/><G125/><T126/><D126/><U89/><E104/><V105/><F105/><W90/><G35/><T9/><D97/><U99/><E32/><V132/><F132/><N who="3" m="50795" /><G109/><T120/><D100/><U23/><E23/><V73/><F93/><N who="3" m="54479" /><G8/><T18/><D18/><U40/><E34/><V111/><F111/><W27/><G27/><T20/><D120/><U7/><E7/><V59/><F63/><W64/><G64/><T62/><D62/><U11/><E11/><V25/><F49/><N who="3" m="28727" /><G38/><T107/><D107/><U101/><E101/><V76/><F76/><W28/><G28/><T6/><D6/><U21/><E116/><V24/><F29/><W72/><G72/><T130/><D130/><U51/><E118/><V80/><F92/><W75/><G75/><T128/><D128/><U79/><E117/><V13/><F13/><W53/><G53/><AGARI ba="0,0" hai="9,15,16,20,26,31,44,50,53,56,57,81,86,91" machi="53" ten="30,12000,2" yaku="7,1,25,2,8,1,52,1,54,1" doraHai="77" who="0" fromWho="3" sc="266,120,284,0,200,0,250,-120" /><INIT seed="3,0,0,5,0,82" ten="386,284,200,130" oya="3" hai0="4,18,105,20,67,121,131,49,24,66,129,29,27" hai1="73,86,19,116,56,85,77,102,41,72,26,115,7" hai2="35,75,0,58,74,9,3,113,17,10,48,132,89" hai3="88,65,81,107,2,108,135,43,103,55,97,22,112"/><W91/><G112/><T104/><D4/><U94/><E115/><V99/><F113/><W61/><G2/><T15/><D49/><U117/><E7/><V32/><F48/><W62/><G135/><T109/><D109/><U126/><E41/><V21/><F58/><W46/><G108/><T128/><D27/><U127/><E56/><V53/><F53/><W59/><G22/><N who="0" m="11615" /><D121/><U57/><E57/><V38/><F38/><W30/><G30/><T124/><D124/><N who="1" m="47659" /><E19/><V63/><F17/><W34/><G34/><T123/><D123/><U69/><E69/><V120/><F132/><W1/><G1/><T76/><D76/><U100/><E26/><V25/><F120/><W5/><G5/><T42/><D42/><U78/><E94/><V11/><F25/><W54/><G81/><T122/><D122/><U98/><E98/><V28/><F99/><W119/><G119/><N who="1" m="45642" /><E77/><V47/><F0/><W71/><REACH who="3" step="1"/><G55/><REACH who="3" ten="386,284,200,120" step="2"/><T8/><D8/><U83/><E73/><V106/><F32/><W50/><AGARI ba="0,1" hai="43,46,50,54,59,61,62,65,71,88,91,97,103,107" machi="50" ten="20,12000,1" yaku="1,1,2,1,0,1,7,1,54,1,53,0" doraHai="82" doraHaiUra="79" who="3" fromWho="3" sc="386,-40,284,-40,200,-40,120,130" /><INIT seed="3,1,0,3,5,68" ten="346,244,160,250" oya="3" hai0="47,72,24,113,23,48,38,39,45,112,32,22,9" hai1="0,73,92,5,124,26,74,61,115,21,118,85,77" hai2="15,41,70,94,65,125,20,63,119,91,66,116,123" hai3="58,99,69,51,7,57,90,30,6,111,1,8,109"/><W25/><G69/><T2/><D72/><U64/><E115/><N who="0" m="44105" /><D32/><U34/><E34/><V81/><F125/><W12/><G7/><N who="0" m="1271" /><D22/><U89/><E124/><V105/><F123/><W122/><G122/><T83/><D83/><U132/><E132/><V76/><F105/><W87/><G99/><T55/><D45/><U10/><E77/><V133/><F133/><W37/><G37/><T71/><D71/><U88/><E89/><V100/><F100/><W129/><G1/><T40/><D55/><U79/><E79/><V82/><F66/><W95/><G129/><T98/><D98/><U46/><E46/><V96/><F81/><W50/><G58/><T121/><D121/><U53/><E53/><V97/><F97/><W75/><G75/><T3/><D3/><U131/><E131/><V13/><F41/><W62/><G111/><T78/><D78/><U42/><E42/><V43/><F43/><W27/><G109/><T31/><AGARI ba="1,0" hai="23,24,31,38,39,40,47,48" m="1271,44105" machi="31" ten="30,4000,0" yaku="11,1,52,2" doraHai="68" who="0" fromWho="0" sc="346,43,244,-11,160,-11,250,-21" owari="389,48.9,233,3.3,149,-35.1,229,-17.1" /></mjloggm>