<mjloggm ver="2.3"><GO type="225" lobby="0"/><UN n0="%E6%97%A5%E6%9B%9C%E6%97%A5%E3%82%88%E3%82%8A%E3%81%AE%E4%BD%BF%E8%80%85" n1="%E7%AD%89%E3%80%85%E5%8A%9B%E5%8A%87%E5%A0%B4" n2="%72%61%6B%33" n3="%6D%75%75%6D%75%72%61" dan="18,16,18,16" rate="2170.70,2144.60,2255.47,2141.74" sx="M,M,M,F"/><TAIKYOKU oya="0"/><INIT seed="0,0,0,4,3,96" ten="250,250,250,250" oya="0" hai0="58,130,115,89,33,24,101,94,129,53,55,41,95" hai1="114,110,134,25,19,60,28,49,118,121,117,34,1" hai2="93,40,23,97,99,14,78,82,106,61,108,56,133" hai3="37,123,9,84,105,20,80,87,10,8,44,85,59"/><T48/><D115/><U74/><E74/><V77/><F108/><W43/><G123/><T63/><D41/><U62/><E1/><V65/><F133/><W91/><G105/><T79/><D79/><U22/><E121/><V98/><F40/><W102/><G102/><T66/><D89/><U124/><E110/><V69/><F69/><W38/><G38/><T29/><D55/><U71/><E124/><V88/><F106/><W111/><G111/><T31/><D31/><U64/><E134/><V113/><F113/><W92/><G59/><T86/><D86/><U13/><E114/><V0/><F0/><W12/><REACH who="3" step="1"/><G92/><REACH who="3" ten="250,250,250,240" step="2"/><T26/><D101/><U51/><E62/><V42/><F61/><W6/><G6/><T107/><D107/><U35/><E51/><V4/><F56/><W122/><G122/><T2/><D95/><U32/><REACH who="1" step="1"/><E49/><REACH who="1" ten="250,240,250,240" step="2"/><V30/><F93/><W27/><G27/><T135/><D94/><U70/><E70/><V125/><F98/><W132/><G132/><T104/><D135/><U45/><E45/><V3/><F99/><W127/><G127/><T52/><D104/><U90/><E90/><V11/><F97/><W16/><AGARI ba="0,2" hai="8,9,10,12,16,20,37,43,44,80,84,85,87,91" machi="16" ten="30,7900,0" yaku="1,1,0,1,54,1,53,1" doraHai="96" doraHaiUra="76" who="3" fromWho="3" sc="250,-39,240,-20,250,-20,240,99" /><INIT seed="1,0,0,4,4,132" ten="211,220,230,339" oya="1" hai0="45,15,73,74,37,13,118,43,33,81,14,26,124" hai1="52,68,62,85,110,24,8,54,31,40,99,134,34" hai2="25,17,20,58,94,22,86,121,92,131,90,56,12" hai3="51,23,91,75,109,44,135,65,1,16,53,125,133"/><U117/><E117/><V4/><F131/><W96/><G109/><T76/><D118/><U2/><E134/><N who="3" m="51210" /><G75/><T80/><D124/><U57/><E110/><V106/><F121/><W101/><G1/><T6/><D6/><U47/><E68/><V130/><F106/><N who="3" m="63783" /><G65/><T120/><D120/><U55/><E85/><V126/><F126/><W69/><G69/><T7/><D7/><U28/><E28/><V61/><F130/><W67/><G67/><T84/><REACH who="0" step="1"/><D80/><REACH who="0" ten="201,220,230,339" step="2"/><U97/><E2/><V103/><F4/><W115/><G125/><T113/><D113/><U0/><E0/><V128/><F128/><W21/><G115/><T78/><D78/><U11/><E62/><V70/><F61/><W64/><G64/><T122/><D122/><U79/><E79/><V102/><F70/><W48/><G91/><T114/><D114/><U104/><E57/><V72/><F56/><N who="3" m="32807" /><G16/><T50/><D50/><U89/><E89/><V41/><F17/><W93/><G93/><T77/><D77/><U30/><E104/><V27/><F90/><W3/><G3/><T5/><D5/><U100/><E100/><V83/><F102/><W127/><G127/><T59/><D59/><U87/><E31/><AGARI ba="0,1" hai="13,14,15,26,31,33,37,43,45,73,74,76,81,84" machi="31" ten="40,2600,0" yaku="1,1,53,1" doraHai="132" doraHaiUra="39" who="0" fromWho="1" sc="201,36,220,-26,230,0,339,0" /><INIT seed="2,0,0,1,1,79" ten="237,194,230,339" oya="2" hai0="122,36,88,58,125,0,41,40,51,119,9,91,70" hai1="113,116,98,60,12,17,10,15,3,120,85,35,57" hai2="42,124,72,4,47,111,37,48,5,21,103,8,38" hai3="117,100,26,121,64,69,131,6,78,95,96,134,102"/><V66/><F124/><W87/><G117/><T59/><D122/><U23/><E113/><V93/><F72/><W14/><G121/><T76/><D70/><U110/><E120/><V31/><F111/><W127/><G131/><T86/><D36/><U108/><E116/><V90/><F103/><W68/><G127/><T75/><D75/><U109/><E35/><V77/><F77/><W22/><G134/><T7/><D125/><U62/><E3/><V89/><F66/><W74/><G74/><T114/><D114/><U30/><E98/><V71/><F71/><W73/><G73/><T63/><D119/><U19/><E30/><V104/><F104/><W49/><G102/><T80/><D59/><U105/><E105/><V52/><F4/><W24/><G49/><T112/><D112/><U54/><REACH who="1" step="1"/><E85/><REACH who="1" ten="237,184,230,339" step="2"/><V46/><F31/><W132/><G96/><T97/><D97/><U20/><E20/><V28/><F21/><W1/><G22/><T16/><D0/><U82/><E82/><V84/><F28/><W18/><G1/><T128/><D128/><U25/><E25/><V83/><F93/><W55/><G95/><T94/><D94/><U101/><E101/><V118/><F118/><W130/><G100/><T99/><D99/><U123/><E123/><V43/><F84/><W13/><G87/><T106/><D106/><U67/><E67/><V65/><F65/><W34/><G64/><T61/><D86/><U107/><E107/><V135/><F83/><W45/><G130/><T81/><D81/><U126/><E126/><V53/><F90/><W29/><G34/><RYUUKYOKU ba="0,1" sc="237,-10,184,30,230,-10,339,-10" hai1="10,12,15,17,19,23,54,57,60,62,108,109,110" /><INIT seed="3,1,1,3,4,38" ten="227,214,220,329" oya="3" hai0="33,8,123,6,102,129,119,65,46,3,64,131,89" hai1="36,66,22,42,37,127,125,55,10,121,115,52,124" hai2="12,61,53,73,96,77,85,60,23,27,44,128,49" hai3="101,58,74,83,5,29,7,82,40,67,104,117,103"/><W19/><G117/><T88/><D119/><U1/><E121/><V71/><F73/><W11/><G104/><T75/><D123/><U97/><E115/><V72/><F72/><W0/><G29/><T118/><D118/><U95/><E66/><N who="0" m="25705" /><D75/><U116/><E116/><V9/><F71/><W87/><G82/><T109/><D33/><U15/><E22/><V31/><F128/><N who="0" m="49226" /><D109/><U54/><E1/><V107/><F107/><W25/><G0/><T110/><D110/><U47/><E36/><V80/><REACH who="2" step="1"/><F96/><REACH who="2" ten="227,214,210,329" step="2"/><W113/><G74/><T86/><D102/><N who="1" m="60735" /><E55/><V57/><F57/><W43/><G58/><T130/><N who="0" m="49234" /><T4/><DORA hai="90" /><D4/><AGARI ba="1,2" hai="4,10,15,37,42,47,52,54,124,125,127" m="60735" machi="4" ten="30,7700,0" yaku="18,1,52,2,54,1" doraHai="38,90" who="1" fromWho="0" sc="227,-80,214,100,210,0,329,0" /><AGARI ba="1,0" hai="4,9,12,23,27,31,44,49,53,60,61,77,80,85" machi="4" ten="30,7700,0" yaku="1,1,7,1,8,1,53,1" doraHai="38,90" doraHaiUra="78,39" who="2" fromWho="0" sc="147,-77,314,0,210,77,329,0" owari="70,-43.0,314,11.4,287,-11.3,329,42.9" /></mjloggm>