<mjloggm ver="2.3"><GO type="225" lobby="0"/><UN n0="%E4%B8%89%E5%86%A0%E7%8E%8B%E3%83%BB%E5%B1%B1%E7%94%B0%E5%93%B2%E4%BA%BA" n1="%4C%4F%4C%49%54%41" n2="%E8%81%B7%E6%A5%AD%E3%80%81%E9%A2%A8%32" n3="%72%69%6F%75%63%68%61%6E" dan="17,16,16,17" rate="2197.99,2184.45,2097.55,2242.11" sx="M,F,M,M"/><TAIKYOKU oya="0"/><INIT seed="0,0,0,1,4,97" ten="250,250,250,250" oya="0" hai0="96,43,95,86,25,113,66,72,53,70,20,106,8" hai1="85,117,9,44,75,115,27,120,87,46,6,100,24" hai2="1,99,23,81,2,98,39,123,88,105,101,61,133" hai3="102,93,82,30,38,14,118,15,51,47,58,77,55"/><T60/><D72/><U19/><E117/><V78/><F123/><W125/><G125/><T132/><D113/><U69/><E120/><V109/><F109/><W56/><G118/><T124/><D124/><U126/><E126/><V89/><F39/><W21/><G38/><T129/><D132/><U57/><E69/><V3/><F133/><W114/><G114/><T122/><D122/><U112/><E75/><V34/><F34/><W67/><G56/><T59/><D129/><U90/><E57/><V131/><F131/><W52/><G67/><T22/><D43/><U63/><E63/><V49/><F61/><W108/><G108/><T107/><D8/><U127/><E127/><V31/><F49/><N who="3" m="28735" /><G82/><T71/><D86/><U74/><E74/><V13/><F99/><N who="3" m="59759" /><G77/><T12/><D107/><U103/><E9/><V91/><F31/><W83/><G83/><T28/><D106/><U110/><E110/><V65/><F65/><W84/><G84/><T48/><D48/><U17/><REACH who="1" step="1"/><E90/><REACH who="1" ten="250,240,250,250" step="2"/><V135/><F135/><W62/><G62/><T80/><D70/><U45/><E45/><V32/><F91/><W36/><G36/><T7/><D71/><U104/><E104/><V130/><F130/><W40/><G40/><T29/><D66/><U73/><E73/><V11/><F88/><W33/><G33/><T0/><D60/><U10/><E10/><V94/><F11/><W116/><G116/><T42/><D59/><U50/><E50/><V92/><F32/><W79/><G79/><T35/><D35/><U68/><E68/><V18/><F78/><W26/><AGARI ba="0,1" hai="14,15,21,26,30,51,55,58" m="59759,28735" machi="26" ten="30,7900,0" yaku="5,1,8,1,52,1,54,1" doraHai="97" who="3" fromWho="3" sc="250,-39,240,-20,250,-20,250,89" /><INIT seed="1,0,0,0,5,132" ten="211,220,230,339" oya="1" hai0="86,64,102,68,63,10,97,58,0,60,76,48,111" hai1="124,87,39,34,82,20,14,128,5,3,69,122,11" hai2="67,112,125,72,106,130,24,50,120,107,8,41,131" hai3="29,92,59,96,66,89,40,16,47,94,79,99,6"/><U19/><E122/><V51/><F72/><W30/><G6/><T70/><D111/><U103/><E39/><V114/><F120/><W115/><G115/><N who="2" m="44073" /><F67/><W84/><G79/><T33/><D33/><U85/><E69/><V83/><F83/><W21/><G84/><T116/><D116/><U4/><E128/><N who="2" m="49195" /><F41/><W7/><G7/><T123/><D123/><U126/><E34/><V100/><F8/><W73/><G73/><T93/><D10/><N who="1" m="2335" /><E103/><V25/><F100/><W62/><G99/><T117/><D117/><U18/><E82/><V36/><F36/><W95/><G95/><T46/><D70/><U119/><E119/><V61/><F61/><W43/><G94/><T129/><D129/><U71/><E71/><V65/><F65/><W2/><G2/><T9/><D63/><U26/><E87/><V75/><F75/><W38/><REACH who="3" step="1"/><G40/><REACH who="3" ten="211,220,230,329" step="2"/><T27/><D0/><N who="1" m="423" /><E85/><V15/><F107/><W56/><G56/><T81/><D68/><U44/><E44/><V35/><F106/><W57/><G57/><T105/><D105/><U12/><E12/><AGARI ba="0,1" hai="12,16,21,29,30,38,43,47,59,62,66,89,92,96" machi="12" ten="30,3900,0" yaku="1,1,7,1,54,1,53,0" doraHai="132" doraHaiUra="77" who="3" fromWho="1" sc="211,0,220,-39,230,0,329,49" /><INIT seed="2,0,0,1,2,10" ten="211,181,230,378" oya="2" hai0="11,4,43,107,119,25,128,115,51,57,20,47,53" hai1="26,56,78,69,74,9,54,106,73,112,90,34,105" hai2="96,103,113,100,111,135,61,67,2,88,132,17,121" hai3="16,39,38,49,42,101,134,129,19,12,122,85,24"/><V60/><F2/><W1/><G122/><T124/><D124/><U93/><E112/><V41/><F121/><W50/><G1/><T83/><D128/><U6/><E69/><V28/><F113/><W31/><G129/><T22/><D115/><U130/><E130/><V30/><F41/><W63/><G134/><N who="2" m="51241" /><F111/><W87/><G101/><N who="2" m="38985" /><F17/><W5/><G63/><N who="2" m="24137" /><F67/><W127/><G127/><T64/><D107/><U75/><E78/><V97/><F88/><W14/><G5/><T79/><D64/><U89/><E89/><V62/><F62/><W3/><G3/><T82/><D119/><U133/><E133/><V110/><F110/><W59/><G42/><T108/><D108/><U72/><N who="1" m="18432" /><DORA hai="86" /><U91/><E91/><V120/><F120/><W37/><G59/><T48/><D79/><U52/><E54/><V29/><AGARI ba="0,0" hai="28,29,30,96,97" m="24137,38985,51241" machi="29" ten="40,7800,0" yaku="28,2,20,1" doraHai="10,86" who="2" fromWho="2" sc="211,-26,181,-26,230,78,378,-26" /><INIT seed="2,1,0,4,4,62" ten="185,155,308,352" oya="2" hai0="8,39,84,36,42,127,82,122,78,119,10,107,35" hai1="128,113,18,80,59,117,111,16,45,64,54,23,125" hai2="132,98,68,53,118,101,123,134,33,20,79,91,51" hai3="102,129,21,92,71,86,41,112,24,73,43,87,135"/><V48/><F118/><W99/><G73/><T76/><D35/><U121/><E113/><V95/><F33/><W26/><G112/><T77/><D107/><U75/><E117/><V31/><F123/><W32/><G129/><T90/><D122/><U14/><E121/><V126/><F68/><W81/><G135/><N who="2" m="51753" /><F126/><W28/><G71/><T70/><D119/><U34/><E34/><V66/><F79/><W27/><G87/><T60/><D127/><U93/><E125/><V2/><F2/><W110/><G110/><T85/><D85/><U46/><E111/><V15/><F66/><W115/><G115/><T65/><REACH who="0" step="1"/><D42/><REACH who="0" ten="175,155,308,352" step="2"/><N who="3" m="15881" /><G32/><T55/><D55/><U103/><E128/><V50/><F53/><W57/><G57/><T89/><D89/><AGARI ba="1,1" hai="21,24,26,27,28,81,86,89,92,99,102" m="15881" machi="89" ten="30,1000,0" yaku="8,1" doraHai="62" who="3" fromWho="0" sc="175,-13,155,0,308,0,352,23" /><INIT seed="3,0,0,5,0,70" ten="162,155,308,375" oya="3" hai0="74,45,0,61,41,108,23,80,1,132,22,133,130" hai1="49,6,98,16,125,53,43,124,83,72,127,90,47" hai2="113,106,52,129,128,9,29,7,34,91,76,102,123" hai3="104,27,20,77,4,62,2,119,71,44,21,26,33"/><W101/><G119/><T39/><D108/><U110/><E110/><V63/><F113/><W11/><G77/><N who="0" m="44087" /><D130/><U116/><E116/><V68/><F76/><W99/><G44/><T86/><D86/><N who="1" m="50527" /><E72/><V19/><F19/><W54/><G26/><T69/><D23/><U10/><E98/><V81/><F123/><W17/><G54/><T14/><D22/><U13/><E53/><V114/><F114/><W64/><G17/><AGARI ba="0,0" hai="6,10,13,16,17,43,47,49,124,125,127" m="50527" machi="17" ten="30,2000,0" yaku="18,1,54,1" doraHai="70" who="1" fromWho="3" sc="162,0,155,20,308,0,375,-20" owari="162,-33.8,175,-22.5,308,10.8,355,45.5" /></mjloggm>