<mjloggm ver="2.3"><GO type="225" lobby="0"/><UN n0="%E4%BF%BA%E3%81%A8%E5%A6%96%E5%A4%A2" n1="%E9%B3%B3%E6%9D%B1%E3%81%AE%E3%81%86%E3%81%95%E3%81%8E%E3%81%95%E3%82%93" n2="%E3%81%88%E3%81%8C%E3%82%8F%E3%82%8A%E3%81%8A" n3="%72%69%6F%75%63%68%61%6E" dan="17,16,16,16" rate="2208.18,2124.04,2110.04,2175.66" sx="F,M,M,M"/><TAIKYOKU oya="0"/><INIT seed="0,0,0,2,3,45" ten="250,250,250,250" oya="0" hai0="112,84,42,10,64,9,113,95,40,31,127,78,96" hai1="62,65,71,3,97,102,55,72,44,123,111,34,5" hai2="89,134,11,41,16,23,8,46,56,128,36,80,47" hai3="90,18,48,27,94,130,13,2,104,132,70,91,88"/><T39/><D127/><U17/><E111/><V24/><F134/><W68/><G2/><T54/><D64/><U135/><E135/><V6/><F128/><W115/><G115/><T14/><D31/><U101/><E123/><V98/><F47/><W43/><G132/><T117/><D117/><U86/><E72/><V25/><F25/><W77/><G104/><T107/><D107/><U103/><E34/><V61/><F6/><W82/><G130/><T30/><D113/><U12/><E86/><V108/><F108/><W73/><G27/><T60/><D30/><U118/><E118/><V83/><F83/><W126/><G126/><T69/><D69/><U74/><E74/><V100/><F80/><W109/><G109/><T93/><D39/><U129/><E129/><V92/><REACH who="2" step="1"/><F100/><REACH who="2" ten="250,250,240,250" step="2"/><W119/><G119/><T116/><D116/><U1/><E5/><V59/><F59/><W29/><G68/><T87/><D112/><U75/><E75/><V52/><AGARI ba="0,1" hai="8,11,16,23,24,36,41,46,52,56,61,89,92,98" machi="52" ten="20,16000,3" yaku="1,1,0,1,7,1,25,2,54,2,53,1" doraHai="45" doraHaiUra="21" who="2" fromWho="2" sc="250,-80,250,-40,240,170,250,-40" /><INIT seed="1,0,0,0,5,28" ten="170,210,410,210" oya="1" hai0="84,120,76,73,69,119,80,63,105,127,77,40,12" hai1="106,34,36,5,88,126,95,33,17,62,101,85,31" hai2="6,87,70,82,58,86,74,22,113,27,132,61,53" hai3="83,48,66,43,4,15,18,51,79,114,64,11,109"/><U24/><E36/><V49/><F132/><W93/><G109/><T111/><D119/><U35/><E5/><V107/><F107/><W134/><G114/><T133/><D111/><U92/><E106/><V29/><F113/><W60/><G134/><T41/><D133/><U94/><E126/><V21/><F6/><W14/><G93/><T23/><D127/><U123/><E123/><V7/><F7/><W16/><G4/><T125/><D125/><U100/><E17/><V81/><F21/><W9/><G43/><T112/><D105/><U75/><E75/><V124/><F124/><W121/><G121/><T3/><D3/><U98/><E62/><V1/><F1/><W118/><G118/><T0/><D0/><U56/><E56/><V131/><F131/><W37/><G37/><T8/><D120/><U19/><E19/><V65/><F81/><W42/><G42/><T122/><D122/><U89/><E101/><V108/><F108/><W104/><G104/><T45/><D69/><U130/><E130/><V44/><F70/><W110/><G110/><T57/><D112/><U10/><E10/><V115/><F115/><W102/><G102/><T38/><D73/><U129/><E129/><V78/><AGARI ba="0,0" hai="22,27,29,44,49,53,58,61,65,74,78,82,86,87" machi="78" ten="30,1100,0" yaku="0,1" doraHai="28" who="2" fromWho="2" sc="170,-3,210,-5,410,11,210,-3" /><INIT seed="2,0,0,0,3,86" ten="167,205,421,207" oya="2" hai0="50,48,33,78,15,24,49,13,99,125,73,81,37" hai1="25,128,43,60,92,11,52,41,90,64,116,135,97" hai2="0,21,123,105,18,131,59,114,66,110,88,129,120" hai3="55,27,77,85,10,29,108,61,71,100,36,107,132"/><V103/><F114/><W111/><G132/><T54/><D125/><U26/><E116/><V91/><F0/><W6/><G36/><T39/><D54/><U31/><E135/><V101/><F66/><N who="3" m="41423" /><G55/><T75/><D99/><U35/><E128/><N who="2" m="49227" /><F59/><W8/><G85/><T32/><D24/><U113/><E113/><V65/><F65/><W3/><G77/><T76/><D81/><U16/><E52/><V34/><F34/><N who="3" m="20799" /><G10/><T58/><D58/><U47/><E47/><V7/><F7/><W44/><G44/><T51/><D51/><U117/><E117/><V38/><F38/><W20/><G20/><T69/><REACH who="0" step="1"/><D49/><REACH who="0" ten="157,205,421,207" step="2"/><U126/><E126/><V45/><F45/><W28/><G28/><T119/><D119/><U124/><E124/><V40/><F40/><W79/><G79/><T121/><D121/><N who="2" m="46666" /><F110/><W62/><G62/><T106/><D106/><U87/><E43/><V82/><F105/><W94/><G94/><T1/><D1/><U74/><E41/><V5/><F82/><W98/><AGARI ba="0,1" hai="3,6,8,98,100,107,108,111" m="20799,41423" machi="98" ten="30,2000,0" yaku="25,1,23,1" doraHai="86" who="3" fromWho="3" sc="157,-5,205,-5,421,-10,207,30" /><INIT seed="3,0,0,4,2,42" ten="152,200,411,237" oya="3" hai0="54,5,74,91,70,78,10,133,126,51,4,103,77" hai1="130,84,125,66,87,122,97,98,41,100,72,81,55" hai2="107,132,93,59,99,56,120,44,24,111,43,14,36" hai3="21,57,86,48,119,45,75,8,129,113,33,18,115"/><W82/><G119/><T28/><D133/><U76/><E122/><V108/><F120/><W89/><G33/><T85/><D126/><U22/><E125/><V88/><F132/><W40/><G129/><T29/><D70/><U134/><E134/><V135/><F135/><W114/><G75/><T37/><D37/><U26/><E130/><V13/><F24/><W83/><G8/><T16/><D103/><U123/><E123/><V17/><F107/><W35/><G35/><T105/><D105/><U1/><E1/><V19/><F13/><W71/><G71/><T25/><D74/><U65/><E41/><V67/><F67/><BYE who="2" /><W95/><REACH who="3" step="1"/><G57/><REACH who="3" ten="152,200,411,227" step="2"/><T12/><D4/><U7/><E7/><V131/><F131/><W63/><G63/><T58/><D5/><U39/><E72/><V6/><F6/><W60/><G60/><T104/><D104/><U94/><E22/><UN n2="%E3%81%88%E3%81%8C%E3%82%8F%E3%82%8A%E3%81%8A" /><V34/><F34/><W49/><G49/><T47/><D58/><U23/><E23/><V68/><F68/><W106/><G106/><T127/><D127/><U102/><E39/><V116/><F116/><W109/><G109/><T52/><D54/><U38/><E38/><V92/><F59/><W79/><G79/><N who="0" m="30219" /><D25/><AGARI ba="0,1" hai="18,21,25,40,45,48,82,83,86,89,95,113,114,115" machi="25" ten="40,3900,0" yaku="1,1,52,1,53,0" doraHai="42" doraHaiUra="112" who="3" fromWho="0" sc="152,-39,200,0,411,0,227,49" /><INIT seed="3,1,0,1,0,49" ten="113,200,411,276" oya="3" hai0="86,127,45,53,21,102,111,70,1,80,66,63,3" hai1="134,94,110,71,50,29,125,15,67,92,88,79,69" hai2="34,72,35,46,121,118,39,124,96,25,74,85,51" hai3="130,91,9,55,36,6,19,116,135,76,10,99,30"/><W62/><G116/><T78/><D111/><U52/><E110/><V132/><F118/><W117/><G117/><T41/><D127/><U115/><E115/><V56/><F85/><W133/><G36/><T89/><D102/><U37/><E37/><V38/><F56/><N who="3" m="35103" /><G30/><T47/><D47/><U59/><E125/><V93/><F35/><W73/><G130/><T5/><D21/><U61/><E134/><N who="3" m="51210" /><G76/><T4/><D1/><U106/><E106/><V97/><F34/><W40/><G40/><T13/><D3/><U20/><E79/><V81/><F38/><W48/><G73/><T105/><D105/><U90/><E69/><V43/><F74/><W114/><G114/><T131/><D131/><U83/><E83/><V109/><F72/><W126/><G126/><T129/><D129/><U113/><E113/><V54/><F124/><W57/><G19/><T120/><D120/><U7/><E29/><V32/><F121/><W104/><G6/><T60/><D13/><U103/><E7/><V14/><F132/><W119/><G119/><T95/><D63/><U77/><E77/><V100/><F39/><W8/><G91/><T31/><D41/><U17/><REACH who="1" step="1"/><E92/><REACH who="1" ten="113,190,411,276" step="2"/><V42/><F43/><W22/><G104/><T123/><D31/><U75/><E75/><V2/><F42/><W112/><G112/><T23/><D123/><U122/><E122/><V28/><F28/><W65/><G65/><T82/><D80/><U87/><E87/><V24/><F109/><W33/><G99/><AGARI ba="1,1" hai="15,17,20,50,52,59,61,67,71,88,90,94,99,103" machi="99" ten="40,8000,1" yaku="1,1,52,1,54,2,53,0" doraHai="49" doraHaiUra="101" who="1" fromWho="3" sc="113,0,190,93,411,0,276,-83" owari="113,-38.7,283,8.3,411,51.1,193,-20.7" /></mjloggm>