<mjloggm ver="2.3"><GO type="225" lobby="0"/><UN n0="%E6%A0%B9%E5%85%83%E3%81%8B%E3%82%89%E5%90%B9%E3%81%A3%E9%A3%9B%E3%81%B6" n1="%E3%81%99%E3%81%84%E3%81%BE%E3%81%9B%E3%83%BC%E3%82%93" n2="%47%48%4F%53%54" n3="%E3%81%8F%E3%81%BE%E3%81%96%E3%82%8F" dan="16,16,17,16" rate="2146.54,2126.43,2232.94,2048.41" sx="F,M,M,M"/><TAIKYOKU oya="0"/><INIT seed="0,0,0,0,5,110" ten="250,250,250,250" oya="0" hai0="72,106,33,117,64,74,109,57,70,122,92,115,21" hai1="25,129,83,112,104,69,23,67,32,39,40,49,54" hai2="53,61,114,43,103,105,16,19,90,123,133,14,93" hai3="107,11,79,1,68,100,66,127,91,51,42,82,113"/><T38/><RYUUKYOKU type="yao9" ba="0,0" sc="250,0,250,0,250,0,250,0" hai0="21,33,38,57,64,70,72,74,92,106,109,115,117,122" /><INIT seed="0,1,0,1,5,23" ten="250,250,250,250" oya="0" hai0="123,124,67,117,20,94,28,6,44,70,62,61,92" hai1="96,9,121,127,106,11,38,91,105,104,17,63,108" hai2="131,103,27,87,118,84,111,25,29,3,55,22,47" hai3="30,115,122,51,40,88,59,73,33,133,26,116,46"/><T109/><D117/><U72/><E121/><V83/><F118/><W128/><G116/><T49/><D123/><U102/><E108/><V101/><F111/><W79/><G122/><T43/><D124/><U58/><E38/><V114/><F114/><W31/><G115/><T2/><D109/><U65/><E127/><V50/><F131/><W134/><G128/><T110/><D110/><U71/><E72/><V57/><F3/><W80/><G31/><T48/><D62/><U64/><E91/><V36/><F87/><W132/><G59/><T15/><D2/><U8/><E17/><V7/><F7/><W119/><G119/><T24/><REACH who="0" step="1"/><D48/><REACH who="0" ten="240,250,250,250" step="2"/><U66/><REACH who="1" step="1"/><E71/><REACH who="1" ten="240,240,250,250" step="2"/><V68/><F68/><W35/><G133/><T21/><D21/><U4/><E4/><V112/><F22/><W56/><G134/><T41/><D41/><U95/><AGARI ba="1,2" hai="8,9,11,58,63,64,65,66,95,96,102,104,105,106" machi="95" ten="40,2700,0" yaku="1,1,0,1,53,0" doraHai="23" doraHaiUra="18" who="1" fromWho="1" sc="240,-14,240,50,250,-8,250,-8" /><INIT seed="1,0,0,1,1,109" ten="226,290,242,242" oya="1" hai0="111,99,52,93,51,17,62,13,59,128,68,63,103" hai1="27,16,24,112,121,7,37,74,44,97,9,87,78" hai2="69,58,92,100,96,129,1,77,75,113,117,48,107" hai3="60,22,130,42,40,35,84,18,89,132,3,45,124"/><U49/><E121/><V20/><F69/><W119/><G130/><T106/><D111/><U6/><E112/><V83/><F129/><W81/><G124/><T80/><D128/><U26/><E74/><V19/><F1/><W86/><G132/><T134/><D134/><U23/><E37/><V31/><F31/><W123/><G123/><T2/><D2/><U70/><E70/><V32/><F32/><W39/><G119/><T88/><D68/><U30/><E97/><V15/><F117/><W108/><G108/><T53/><D53/><U98/><E98/><V122/><F122/><W85/><G3/><T5/><D5/><N who="1" m="1547" /><E9/><V115/><REACH who="2" step="1"/><F107/><REACH who="2" ten="226,290,232,242" step="2"/><W131/><G35/><T21/><D106/><U56/><E30/><V73/><F73/><W66/><G131/><T41/><D41/><N who="1" m="24719" /><E56/><V126/><F126/><W79/><G40/><T116/><D116/><U105/><E105/><V4/><F4/><W33/><G33/><T135/><D135/><U101/><E101/><V29/><F29/><W14/><G42/><T55/><D55/><AGARI ba="0,1" hai="15,19,20,48,55,58,75,77,83,92,96,100,113,115" machi="55" ten="40,5200,0" yaku="1,1,52,2,53,0" doraHai="109" doraHaiUra="125" who="2" fromWho="0" sc="226,-52,290,0,232,62,242,0" /><INIT seed="2,0,0,2,3,77" ten="174,290,294,242" oya="2" hai0="116,103,105,68,78,2,107,8,56,69,125,92,84" hai1="30,80,53,33,44,49,121,20,11,73,115,74,128" hai2="40,61,62,83,26,48,32,81,67,89,31,70,113" hai3="27,66,4,135,127,42,3,91,6,45,23,101,7"/><V24/><F113/><W17/><G127/><T41/><D125/><U13/><E115/><V65/><F26/><W99/><G135/><T98/><D116/><U12/><E33/><V120/><F120/><W1/><G66/><T88/><D41/><U87/><E121/><V90/><F90/><W0/><G91/><T64/><D105/><U38/><E38/><V133/><F133/><W43/><REACH who="3" step="1"/><G45/><REACH who="3" ten="174,290,294,232" step="2"/><T110/><D110/><U114/><E114/><V131/><F89/><W76/><G76/><T79/><D79/><U25/><E128/><V34/><F131/><W18/><G18/><T111/><D111/><U57/><E44/><V124/><F124/><W60/><G60/><T118/><D118/><U21/><E30/><V86/><F67/><W14/><G14/><T119/><D119/><U63/><E13/><V52/><F62/><W106/><AGARI ba="0,1" hai="0,1,3,4,6,7,17,23,27,42,43,99,101,106" machi="106" ten="40,2700,0" yaku="1,1,0,1,53,0" doraHai="77" doraHaiUra="72" who="3" fromWho="3" sc="174,-7,290,-7,294,-13,232,37" /><INIT seed="3,0,0,0,5,36" ten="167,283,281,269" oya="3" hai0="58,97,14,55,2,48,113,84,38,93,91,16,1" hai1="133,87,68,64,19,122,71,100,20,134,78,23,27" hai2="25,85,65,51,18,73,101,135,88,0,120,56,126" hai3="33,4,32,9,80,127,72,69,7,41,107,17,50"/><W128/><G107/><T110/><D110/><U124/><E122/><V111/><F120/><W31/><G69/><T26/><D113/><U99/><E124/><V123/><F111/><W130/><G127/><T21/><D38/><U12/><E64/><V75/><F126/><W129/><G72/><T119/><D119/><U43/><E43/><V24/><F0/><N who="3" m="135" /><G80/><T104/><D26/><N who="2" m="10346" /><F75/><W83/><G83/><T70/><D70/><U86/><E78/><V89/><F73/><W60/><G31/><T15/><D15/><U57/><E57/><V77/><F135/><N who="1" m="51721" /><E71/><V92/><F123/><W29/><G29/><T67/><D67/><U42/><E42/><V11/><F77/><W94/><G60/><T39/><REACH who="0" step="1"/><D39/><REACH who="0" ten="157,283,281,269" step="2"/><U61/><E68/><V117/><F65/><W10/><G130/><T74/><D74/><U109/><E109/><V79/><F117/><W34/><G129/><T114/><D114/><U63/><E12/><V30/><F30/><W102/><G128/><T53/><D53/><U6/><E27/><V95/><F11/><W96/><G34/><T76/><D76/><U125/><E125/><V49/><F79/><W82/><G33/><T103/><AGARI ba="0,1" hai="1,2,14,16,21,48,55,58,84,91,93,97,103,104" machi="103" ten="30,8000,1" yaku="1,1,0,1,25,2,54,1,53,0" doraHai="36" doraHaiUra="105" who="0" fromWho="0" sc="157,90,283,-20,281,-20,269,-40" /><INIT seed="4,0,0,4,4,79" ten="247,263,261,229" oya="0" hai0="103,128,25,134,38,107,14,104,117,48,2,92,67" hai1="135,63,7,5,0,101,110,58,126,65,37,36,33" hai2="73,27,116,21,129,114,125,94,78,52,112,130,74" hai3="127,1,19,57,133,41,90,28,47,95,45,131,122"/><T29/><D117/><U113/><E110/><V72/><F116/><W66/><G127/><T121/><D2/><U50/><E126/><V51/><F125/><W30/><G131/><N who="2" m="50185" /><F94/><W12/><G1/><T119/><D38/><U75/><E33/><V91/><F91/><W82/><G133/><T97/><D134/><U120/><E120/><V56/><F78/><W24/><G122/><T109/><D109/><U87/><E75/><N who="2" m="19203" /><V46/><DORA hai="31" /><F46/><W8/><G82/><T111/><D111/><U15/><E101/><V102/><F102/><W100/><G100/><T3/><D107/><U60/><E135/><V123/><F123/><W96/><G41/><T86/><D104/><U4/><E87/><V105/><F105/><W59/><G30/><AGARI ba="0,0" hai="21,27,30,51,52,56,112,114" m="19203,50185" machi="30" ten="50,3200,0" yaku="19,1,54,1" doraHai="79,31" who="2" fromWho="3" sc="247,0,263,0,261,32,229,-32" /><INIT seed="5,0,0,1,5,23" ten="247,263,293,197" oya="1" hai0="118,41,22,42,113,50,110,119,96,13,114,127,12" hai1="103,130,45,28,112,134,35,31,55,20,133,70,37" hai2="79,30,107,0,90,75,36,47,78,83,64,19,80" hai3="124,128,86,48,63,25,2,59,43,6,57,46,5"/><U11/><E70/><V9/><F107/><W3/><G124/><T39/><D127/><U51/><E112/><V94/><F64/><W69/><G128/><T101/><D39/><U82/><E130/><V100/><F100/><W53/><G2/><T117/><D110/><U131/><E131/><V26/><F19/><W106/><G106/><T108/><D108/><U125/><E125/><V10/><F0/><W123/><G123/><T61/><D61/><U76/><E37/><V24/><F47/><W111/><G111/><T7/><D50/><U62/><E103/><V33/><F26/><W49/><G3/><T129/><D129/><U105/><E105/><V132/><F132/><W77/><G69/><T29/><D7/><U17/><E62/><V4/><F4/><W102/><G25/><N who="0" m="16567" /><D12/><U84/><E11/><V18/><F18/><W8/><G102/><T14/><D13/><N who="1" m="9263" /><E35/><V81/><F36/><W34/><G34/><T27/><D14/><U135/><AGARI ba="0,0" hai="28,31,45,51,55,76,82,84,133,134,135" m="9263" machi="135" ten="30,1500,0" yaku="20,1" doraHai="23" who="1" fromWho="1" sc="247,-5,263,15,293,-5,197,-5" /><INIT seed="5,1,0,2,1,119" ten="242,278,288,192" oya="1" hai0="78,80,104,117,109,77,103,6,74,112,111,38,48" hai1="32,127,26,123,11,35,63,1,27,49,65,52,128" hai2="79,59,126,41,19,113,81,12,91,134,40,64,75" hai3="87,96,58,57,99,105,84,37,31,23,60,7,101"/><U116/><E123/><V98/><F126/><W122/><G37/><T17/><D38/><U135/><E116/><V107/><F134/><W94/><G7/><T67/><D6/><U9/><E135/><V76/><F113/><W130/><G130/><T132/><D112/><U90/><E127/><V3/><F3/><W108/><G108/><T42/><D67/><U39/><E39/><V25/><F79/><W71/><G71/><T47/><D117/><U120/><E120/><V43/><F25/><W61/><G122/><T82/><D132/><U72/><E72/><V29/><F29/><W83/><G31/><T5/><D17/><U8/><E1/><V14/><F19/><W66/><G23/><T102/><D5/><U53/><E128/><V15/><F91/><W13/><G13/><T24/><D24/><N who="1" m="9259" /><E49/><V30/><F30/><W95/><G83/><T55/><D104/><U36/><E36/><V28/><F28/><W4/><G4/><T51/><D111/><U118/><E118/><V21/><F21/><W115/><G115/><T22/><D22/><U0/><E0/><V70/><F70/><W100/><G105/><T34/><D34/><U133/><E133/><V93/><F107/><W44/><G44/><T121/><D121/><U2/><E2/><V86/><F75/><W69/><G69/><T85/><D109/><U131/><E131/><V124/><F124/><W110/><G110/><T88/><REACH who="0" step="1"/><D78/><REACH who="0" ten="232,278,288,192" step="2"/><U129/><E129/><V33/><F33/><W89/><G89/><T18/><D18/><U10/><N who="1" m="2048" /><DORA hai="73" /><U16/><E90/><N who="2" m="55607" /><F64/><AGARI ba="1,1" hai="57,58,60,61,64,66,84,87,94,95,96,99,100,101" machi="64" ten="30,8000,1" yaku="7,1,32,3,8,1" doraHai="119,73" who="3" fromWho="2" sc="232,0,278,0,288,-83,192,93" /><INIT seed="6,0,0,0,2,71" ten="232,278,205,285" oya="2" hai0="52,27,65,107,113,78,120,23,79,117,56,28,98" hai1="22,130,115,87,37,5,64,38,129,67,66,119,10" hai2="135,29,86,96,81,36,90,121,97,1,15,31,33" hai3="62,133,48,105,84,102,24,43,6,39,59,109,122"/><V32/><F1/><W8/><G122/><T51/><D113/><U49/><E119/><V95/><F121/><W69/><G109/><T118/><D120/><U131/><E115/><V18/><F135/><W3/><G133/><T82/><D65/><U70/><E70/><V132/><F132/><W45/><G24/><T54/><D54/><U30/><E49/><V7/><F36/><W80/><G102/><T124/><D124/><U2/><E87/><V114/><F114/><W125/><G105/><T61/><D61/><U53/><E53/><V99/><F7/><W21/><G21/><T92/><D107/><U104/><E104/><V75/><F75/><W89/><G125/><T17/><D28/><U12/><E12/><V14/><F14/><W93/><G69/><T112/><D112/><U60/><E60/><V100/><F33/><W44/><G93/><T94/><D94/><U116/><E116/><N who="0" m="44649" /><D82/><U47/><E47/><V68/><F68/><W126/><G126/><T35/><D35/><U11/><E11/><N who="2" m="6527" /><F32/><W91/><G44/><T76/><D79/><U46/><E46/><V77/><F100/><AGARI ba="0,0" hai="17,23,27,51,52,56,76,78,92,98,100" m="44649" machi="100" ten="30,2000,0" yaku="12,1,54,1" doraHai="71" who="0" fromWho="2" sc="232,20,278,0,205,-20,285,0" /><INIT seed="7,0,0,5,3,100" ten="252,278,185,285" oya="3" hai0="37,128,32,119,94,72,71,111,114,73,74,86,77" hai1="108,29,102,56,1,110,127,97,92,90,19,106,43" hai2="115,104,26,132,134,6,93,25,12,30,131,42,41" hai3="99,103,31,133,83,8,65,101,51,67,105,10,7"/><W135/><G31/><T113/><D111/><U126/><E1/><V62/><F115/><N who="0" m="44042" /><D119/><U82/><E43/><V16/><F131/><W130/><G130/><T44/><D71/><U109/><E56/><V68/><F93/><W122/><G122/><T118/><D118/><U60/><E60/><V66/><F6/><W121/><G121/><T61/><D32/><U85/><E19/><V13/><F104/><W112/><G112/><T91/><D61/><U33/><E29/><V11/><F13/><W80/><G7/><T53/><D53/><U63/><E63/><V116/><F116/><W75/><G75/><N who="0" m="28747" /><D128/><U120/><E33/><V78/><F78/><W22/><G22/><T34/><D34/><U48/><E48/><V5/><F5/><W95/><G51/><T96/><N who="0" m="28755" /><T89/><DORA hai="4" /><D77/><N who="1" m="46287" /><E120/><V0/><F0/><W64/><G64/><T59/><D59/><U39/><E39/><V52/><F52/><W45/><G65/><T23/><D23/><U2/><E2/><V50/><F26/><W54/><G67/><T69/><D69/><U38/><E38/><V123/><F123/><W57/><G57/><T18/><D37/><U40/><E40/><V88/><F88/><W76/><G76/><T35/><D89/><U129/><E129/><V107/><F107/><W58/><G58/><T55/><D55/><U20/><E106/><V124/><F124/><N who="1" m="47657" /><E90/><V81/><F81/><N who="3" m="31307" /><G54/><T17/><D44/><U84/><E84/><V46/><REACH who="2" step="1"/><F42/><REACH who="2" ten="252,278,175,285" step="2"/><W15/><G105/><T79/><D79/><U47/><E47/><V70/><F70/><W14/><G45/><RYUUKYOKU ba="0,1" sc="252,-15,278,15,175,15,285,-15" hai1="20,92,97,102,108,109,110" hai2="11,12,16,25,30,41,46,50,62,66,68,132,134" owari="237,-16.3,303,40.3,190,-31.0,270,7.0" /></mjloggm>