<mjloggm ver="2.3"><GO type="225" lobby="0"/><UN n0="%6D%75%75%6D%75%72%61" n1="%E3%83%88%E3%83%A9%E3%83%9E%E3%83%AB" n2="%4C%4F%4C%49%54%41" n3="%54%4F%52" dan="16,16,16,17" rate="2168.45,2107.19,2137.18,2234.70" sx="F,M,F,M"/><TAIKYOKU oya="0"/><INIT seed="0,0,0,4,2,57" ten="250,250,250,250" oya="0" hai0="63,12,70,129,49,115,13,29,54,48,33,120,61" hai1="107,40,1,18,85,133,122,86,123,113,119,55,84" hai2="109,62,0,117,65,31,66,74,112,34,53,78,52" hai3="102,82,8,103,42,121,69,27,130,134,72,92,43"/><T68/><D115/><U58/><E119/><V26/><F112/><W89/><G69/><T36/><D120/><U10/><E107/><V2/><F109/><W132/><G121/><T98/><D36/><U91/><E133/><N who="3" m="51306" /><G130/><T126/><D129/><U116/><E116/><V5/><F117/><W50/><G27/><T135/><D135/><U19/><E40/><N who="3" m="15402" /><G50/><T56/><D126/><U100/><E100/><V16/><F66/><W60/><G8/><T64/><D70/><U14/><E1/><V114/><F114/><W105/><G105/><T9/><D98/><U15/><E113/><V96/><F96/><N who="3" m="57359" /><G60/><T11/><D29/><U131/><E131/><V32/><F32/><W25/><G25/><T28/><D28/><U101/><E101/><V80/><F16/><W20/><G20/><T111/><D33/><U21/><E123/><V73/><F5/><W47/><G47/><T24/><D24/><U97/><E97/><V93/><F93/><W87/><G72/><T38/><D38/><U79/><E79/><AGARI ba="0,0" hai="79,82,87,102,103" m="57359,15402,51306" machi="79" ten="30,1000,0" yaku="20,1" doraHai="57" who="3" fromWho="1" sc="250,0,250,-10,250,0,250,10" /><INIT seed="1,0,0,4,0,13" ten="250,240,250,260" oya="1" hai0="31,61,35,99,63,87,107,74,94,119,78,100,105" hai1="123,7,47,32,110,65,127,52,3,101,34,134,80" hai2="121,60,57,12,44,108,26,118,122,95,55,36,76" hai3="50,0,88,68,23,15,20,115,40,6,37,117,84"/><U85/><E123/><V17/><F118/><W39/><G115/><T66/><D119/><U129/><E127/><V71/><F108/><W41/><G117/><T81/><D35/><U56/><E129/><V116/><F116/><W70/><G0/><T93/><D31/><U132/><E65/><V42/><F76/><W111/><G111/><T75/><D61/><U28/><E110/><V124/><F124/><W83/><G39/><T109/><D109/><U10/><E47/><V11/><F95/><N who="0" m="36362" /><D63/><U16/><E101/><V53/><F53/><W113/><G37/><T98/><D66/><U126/><E126/><V30/><REACH who="2" step="1"/><F71/><REACH who="2" ten="250,240,240,260" step="2"/><W4/><G70/><T96/><D100/><U18/><E34/><AGARI ba="0,1" hai="11,12,17,26,30,34,36,42,44,55,57,60,121,122" machi="34" ten="30,8000,1" yaku="1,1,2,1,7,1,52,1,53,1" doraHai="13" doraHaiUra="8" who="2" fromWho="1" sc="250,0,240,-80,240,90,260,0" /><INIT seed="2,0,0,3,3,107" ten="250,160,330,260" oya="2" hai0="44,132,15,120,126,1,93,71,40,98,51,45,46" hai1="92,13,78,7,111,75,31,106,119,76,77,67,135" hai2="0,83,72,84,103,36,89,43,52,24,69,62,117" hai3="50,41,20,79,22,14,105,60,18,99,56,48,74"/><V121/><F117/><W90/><G22/><T108/><D120/><U58/><E119/><V112/><F112/><W23/><G23/><T5/><D1/><U81/><E106/><V80/><F0/><W63/><G63/><T88/><D108/><U133/><E111/><V30/><F121/><W66/><G41/><T122/><D71/><U33/><E33/><V87/><F103/><W27/><G14/><T53/><D122/><U125/><E31/><V68/><F72/><W118/><G118/><T123/><D123/><U131/><E125/><V4/><F4/><W61/><G61/><T64/><D126/><U109/><E109/><V42/><F36/><W100/><REACH who="3" step="1"/><G90/><REACH who="3" ten="250,160,330,250" step="2"/><T29/><D40/><U101/><E133/><V19/><F43/><W82/><AGARI ba="0,1" hai="18,20,27,48,50,56,60,66,74,79,82,99,100,105" machi="82" ten="30,7900,0" yaku="1,1,2,1,0,1,52,1,53,0" doraHai="107" doraHaiUra="128" who="3" fromWho="3" sc="250,-20,160,-20,330,-39,250,89" /><INIT seed="3,0,0,1,0,72" ten="230,140,291,339" oya="3" hai0="54,131,23,98,38,123,103,57,115,106,21,14,113" hai1="12,133,51,102,13,104,125,18,30,63,55,58,119" hai2="45,81,29,134,16,109,88,114,53,20,124,47,65" hai3="44,89,10,97,36,108,91,101,69,49,19,107,34"/><W112/><G112/><T85/><D123/><U43/><E125/><V42/><F114/><N who="0" m="43530" /><D38/><U70/><E133/><V126/><F109/><W48/><G34/><T87/><D131/><U67/><E119/><V120/><F134/><W75/><G69/><T1/><D1/><U130/><E130/><V15/><F120/><W11/><G75/><T95/><D106/><U83/><E30/><V4/><F65/><W59/><G108/><T6/><D6/><U135/><E135/><V2/><F29/><W93/><G36/><T117/><D117/><U25/><E104/><V80/><F53/><W100/><G100/><T27/><D14/><U129/><E102/><V40/><F4/><W92/><G107/><T33/><D33/><U94/><E129/><V0/><F81/><W82/><G82/><T3/><D3/><N who="2" m="1066" /><F42/><W64/><G101/><T50/><D21/><U17/><E94/><V121/><F40/><N who="3" m="24583" /><G19/><AGARI ba="0,0" hai="19,23,27,50,54,57,85,87,95,98,103" m="43530" machi="19" ten="30,1000,0" yaku="11,1" doraHai="72" who="0" fromWho="3" sc="230,10,140,0,291,0,339,-10" owari="240,-16.0,140,-36.0,291,9.1,329,42.9" /></mjloggm>