<mjloggm ver="2.3"><GO type="225" lobby="0"/><UN n0="%E7%B4%94%E6%BD%94%E3%83%94%E3%83%A9%E3%83%8B%E3%82%A2" n1="%E3%81%AF%E3%82%88%E3%81%8A%E3%81%98%E3%81%95%E3%82%93" n2="%54%4F%52" n3="%E3%83%A1%E3%82%AC%E3%83%87%E3%82%B8" dan="16,16,17,16" rate="2062.12,2177.85,2237.17,2099.99" sx="M,M,M,F"/><TAIKYOKU oya="0"/><INIT seed="0,0,0,0,1,119" ten="250,250,250,250" oya="0" hai0="72,14,28,92,7,30,94,9,63,26,131,82,90" hai1="98,11,99,62,13,117,44,73,113,135,50,56,115" hai2="17,121,21,15,24,118,103,104,52,130,43,29,8" hai3="64,71,19,127,35,81,25,85,93,70,111,86,133"/><T12/><D131/><U88/><E73/><V37/><F130/><W97/><G111/><T101/><D101/><U120/><E117/><V18/><F118/><W38/><G38/><T34/><D28/><U108/><E108/><V31/><F121/><W132/><G127/><T36/><D36/><U40/><E135/><N who="3" m="51786" /><G64/><T109/><D109/><U87/><E120/><V27/><F37/><W107/><G107/><T100/><D100/><U51/><E51/><V33/><F43/><W57/><G57/><T39/><D39/><U102/><E102/><V74/><F74/><W48/><G48/><T3/><D94/><U42/><E40/><V65/><F65/><W116/><G116/><T134/><D134/><U91/><E115/><V106/><F103/><N who="3" m="60847" /><G86/><T95/><D95/><U53/><E113/><V69/><F69/><W122/><G122/><T78/><REACH who="0" step="1"/><D63/><REACH who="0" ten="240,250,250,250" step="2"/><U16/><E98/><AGARI ba="0,1" hai="3,7,9,12,14,26,30,34,72,78,82,90,92,98" machi="98" ten="30,5800,0" yaku="1,1,2,1,7,1,53,0" doraHai="119" doraHaiUra="61" who="0" fromWho="1" sc="240,68,250,-58,250,0,250,0" /><INIT seed="0,1,0,4,4,29" ten="308,192,250,250" oya="0" hai0="49,98,95,6,123,67,122,45,34,92,68,53,93" hai1="115,58,55,134,127,99,70,39,48,113,116,107,97" hai2="125,24,22,0,31,33,119,112,83,50,80,126,69" hai3="77,27,133,14,105,75,101,16,8,43,131,10,7"/><T66/><D98/><U4/><E39/><V121/><F121/><W15/><G131/><T12/><D34/><U114/><E70/><V62/><F112/><W102/><G133/><T89/><D68/><U103/><E116/><V120/><F120/><W40/><G27/><T59/><D123/><U3/><E134/><V47/><F0/><W57/><G57/><T36/><D122/><U130/><E130/><V100/><F119/><W79/><G105/><T11/><D36/><U135/><E135/><V30/><F100/><N who="3" m="38507" /><G75/><T38/><D38/><U61/><E97/><V2/><F2/><W85/><G85/><T54/><REACH who="0" step="1"/><D89/><REACH who="0" ten="298,192,250,250" step="2"/><U63/><REACH who="1" step="1"/><E127/><REACH who="1" ten="298,182,250,250" step="2"/><V19/><F126/><W74/><G74/><T9/><D9/><AGARI ba="1,2" hai="3,4,9,48,55,58,61,63,99,103,107,113,114,115" machi="9" ten="40,8000,1" yaku="1,1,2,1,11,1,53,1" doraHai="29" doraHaiUra="32" who="1" fromWho="0" sc="298,-83,182,103,250,0,250,0" /><INIT seed="1,0,0,2,1,103" ten="215,285,250,250" oya="1" hai0="5,16,97,69,13,39,61,48,132,3,72,133,96" hai1="88,6,117,53,128,60,59,126,89,32,125,80,7" hai2="57,83,18,108,44,112,113,98,22,114,63,17,14" hai3="94,104,46,38,116,78,121,84,20,85,54,45,102"/><U4/><E117/><V76/><F108/><W55/><G121/><T93/><D39/><U43/><E32/><V2/><F2/><W64/><G116/><T47/><D72/><U56/><E128/><V70/><F70/><W129/><G129/><T95/><D3/><U86/><E43/><V28/><F28/><W135/><G135/><N who="0" m="51787" /><D5/><U19/><E19/><V110/><F110/><W10/><G64/><N who="0" m="41103" /><D95/><U30/><E30/><V99/><F44/><W81/><G104/><T134/><N who="0" m="51795" /><T12/><DORA hai="25" /><D12/><U122/><E122/><V36/><F18/><W118/><G10/><N who="0" m="6199" /><D93/><U67/><REACH who="1" step="1"/><E89/><REACH who="1" ten="215,275,250,250" step="2"/><V33/><F33/><W40/><G118/><T35/><D35/><U42/><E42/><AGARI ba="0,1" hai="42,47,48,96,97" m="6199,41103,51795" machi="42" ten="40,2600,0" yaku="20,1,54,1" doraHai="103,25" who="0" fromWho="1" sc="215,36,275,-26,250,0,250,0" /><INIT seed="2,0,0,4,3,28" ten="251,249,250,250" oya="2" hai0="42,87,116,67,96,72,118,41,45,5,82,39,9" hai1="15,14,79,32,126,52,40,50,95,59,75,80,16" hai2="114,63,110,105,46,93,129,101,18,109,19,24,36" hai3="61,103,33,104,73,21,27,99,17,25,81,11,54"/><V62/><F114/><W134/><G134/><T123/><D123/><U55/><E126/><V30/><F105/><W65/><G11/><T0/><D42/><U23/><E32/><V34/><F129/><W102/><G102/><T58/><D96/><U64/><E40/><V8/><F36/><W71/><G54/><T10/><D10/><U92/><E64/><V127/><F127/><W115/><G115/><T131/><D131/><U6/><E6/><V89/><F101/><W133/><G133/><T2/><D2/><U29/><E29/><V53/><F63/><W43/><G43/><T35/><D35/><U106/><E106/><V13/><F19/><W119/><G119/><T84/><D67/><U4/><E14/><V78/><F78/><W121/><G121/><T22/><D58/><U86/><E4/><V56/><REACH who="2" step="1"/><F46/><REACH who="2" ten="251,249,240,250" step="2"/><W31/><G73/><T130/><D130/><U108/><E108/><V51/><F51/><W1/><G1/><T74/><D74/><U47/><E75/><V107/><F107/><W90/><G90/><T98/><D118/><U111/><E111/><V70/><F70/><W7/><G7/><T20/><D116/><U60/><AGARI ba="0,1" hai="15,16,23,47,50,52,55,59,60,79,80,86,92,95" machi="60" ten="20,8000,1" yaku="0,1,7,1,8,1,54,2" doraHai="28" who="1" fromWho="1" sc="251,-20,249,90,240,-40,250,-20" /><INIT seed="3,0,0,2,3,73" ten="231,339,200,230" oya="3" hai0="105,12,15,97,36,50,67,32,131,82,42,7,66" hai1="118,89,70,28,33,48,19,127,93,13,110,23,16" hai2="120,43,37,64,3,104,80,38,58,10,133,100,129" hai3="52,6,78,98,122,91,132,53,46,20,11,117,116"/><W108/><G122/><T72/><D36/><U49/><E70/><V44/><F120/><W74/><G132/><T61/><D32/><U102/><E110/><V27/><F133/><W60/><G108/><T106/><D131/><U65/><E127/><V121/><F121/><W0/><G20/><T101/><D106/><U26/><E118/><V84/><F129/><W62/><G91/><T128/><D67/><U40/><E65/><V124/><F124/><W45/><G98/><T30/><D30/><U63/><E63/><V57/><F38/><W103/><G103/><T83/><D72/><U123/><E123/><V81/><F81/><W135/><G135/><T90/><D128/><U55/><E102/><V71/><F71/><W95/><G95/><T18/><D7/><U21/><E40/><V51/><F37/><W111/><G111/><T35/><D35/><U29/><E33/><V107/><F27/><W31/><G31/><N who="1" m="11850" /><E55/><V130/><F130/><W96/><G96/><AGARI ba="0,0" hai="13,16,19,21,23,26,48,49,89,93,96" m="11850" machi="96" ten="30,2000,0" yaku="8,1,54,1" doraHai="73" who="1" fromWho="3" sc="231,0,339,20,200,0,230,-20" owari="231,3.1,359,45.9,200,-30.0,210,-19.0" /></mjloggm>