<mjloggm ver="2.3"><GO type="225" lobby="0"/><UN n0="%E5%8D%A0%E3%81%84%E5%B8%AB%E8%A3%8F%E3%81%AA%E3%81%84%E3%81%97" n1="%E7%89%B9%E6%9D%B1%E3%81%AF%E4%B8%96%E7%95%8C%E3%82%92%E6%95%91%E3%81%86" n2="%E3%82%BC%E3%83%AB%E3%83%80%E3%81%AE%E4%BC%9D%E8%AA%AC" n3="%E7%AB%8B%E8%8A%B1%E9%9F%BF" dan="17,16,17,17" rate="2200.43,2124.07,2176.92,2171.93" sx="M,M,M,F"/><TAIKYOKU oya="0"/><INIT seed="0,0,0,5,4,76" ten="250,250,250,250" oya="0" hai0="129,4,105,56,117,131,52,47,17,87,10,106,130" hai1="11,26,86,31,60,42,95,109,40,36,92,102,6" hai2="112,127,48,63,27,38,96,57,34,13,69,7,81" hai3="101,80,114,73,97,113,77,16,12,119,82,20,24"/><T54/><D117/><U126/><E109/><V98/><F112/><W50/><G119/><T37/><D17/><U41/><E126/><V78/><F38/><W35/><G80/><T33/><D33/><U124/><E124/><V110/><F127/><W0/><G0/><T67/><D67/><U53/><E36/><V132/><F110/><W18/><G50/><T8/><D8/><U25/><E102/><V55/><F132/><W15/><G35/><T66/><D66/><U58/><E86/><V5/><F69/><W107/><REACH who="3" step="1"/><G24/><REACH who="3" ten="250,250,250,240" step="2"/><T122/><D122/><U61/><E26/><V30/><F48/><W23/><AGARI ba="0,1" hai="12,15,16,18,20,23,73,77,82,97,101,107,113,114" machi="23" ten="20,12000,2" yaku="1,1,2,1,0,1,7,1,9,1,52,1,54,1,53,0" doraHai="76" doraHaiUra="32" who="3" fromWho="3" sc="250,-60,250,-30,250,-30,240,130" /><INIT seed="1,0,0,1,1,58" ten="190,220,220,370" oya="1" hai0="17,104,39,49,75,40,97,112,41,5,123,56,63" hai1="124,108,3,11,61,21,50,89,131,18,65,74,51" hai2="47,80,6,72,96,79,130,105,76,95,24,92,133" hai3="98,42,93,88,118,132,121,68,23,71,37,38,19"/><U33/><E33/><V27/><F133/><W91/><G121/><T25/><D112/><U99/><E74/><V30/><F130/><W114/><G114/><T13/><D75/><U8/><E131/><V32/><F6/><W69/><G132/><T116/><D116/><U87/><E99/><V117/><F117/><W125/><G118/><T110/><D39/><U100/><E100/><V67/><F76/><W101/><G125/><T0/><D110/><U28/><E28/><V31/><F47/><W4/><G4/><T83/><D123/><U128/><E124/><V135/><F135/><W109/><G109/><T66/><D83/><U34/><E34/><V9/><F9/><W111/><G111/><T70/><D25/><U84/><E84/><V55/><F55/><W15/><G42/><T94/><D104/><U81/><E128/><V122/><F122/><W22/><G22/><T85/><D85/><U77/><E77/><V12/><F12/><W57/><G57/><T44/><D5/><U53/><E3/><V46/><F46/><W45/><G45/><T120/><D0/><U43/><E43/><V73/><F67/><W115/><G115/><T36/><D120/><U126/><E126/><V60/><F60/><W10/><G10/><N who="1" m="3626" /><E53/><V107/><F72/><W78/><G78/><T59/><D40/><U2/><E2/><V35/><REACH who="2" step="1"/><F92/><REACH who="2" ten="190,220,210,370" step="2"/><W62/><G38/><T14/><D36/><U86/><E108/><V102/><AGARI ba="0,1" hai="24,27,30,31,32,35,73,79,80,95,96,102,105,107" machi="102" ten="20,8000,1" yaku="1,1,2,1,0,1,7,1,9,1,53,0" doraHai="58" doraHaiUra="54" who="2" fromWho="2" sc="190,-20,220,-40,210,90,370,-20" /><INIT seed="2,0,0,0,4,96" ten="170,180,300,350" oya="2" hai0="51,87,3,19,57,77,58,107,18,120,62,1,129" hai1="65,11,76,89,49,66,88,39,81,102,111,114,9" hai2="31,70,103,36,110,8,113,27,135,50,55,130,98" hai3="127,60,29,116,131,0,104,64,78,34,86,90,105"/><V22/><F113/><W100/><G116/><T123/><D107/><U44/><E39/><V54/><F36/><W75/><G0/><T119/><D119/><U23/><E114/><V45/><F70/><W63/><G131/><T17/><D129/><U4/><E111/><V16/><F130/><W115/><G115/><T67/><D77/><U91/><E23/><V47/><F110/><W124/><G78/><T25/><D25/><U59/><E102/><V7/><F135/><W83/><G75/><T14/><D14/><U42/><E59/><V40/><F45/><W95/><G95/><T35/><D35/><U74/><REACH who="1" step="1"/><E11/><REACH who="1" ten="170,170,300,350" step="2"/><V21/><F21/><W32/><G100/><T99/><D120/><U43/><E43/><V12/><F31/><W48/><G29/><T121/><D121/><U118/><E118/><V30/><F30/><W128/><G32/><T101/><D123/><U108/><E108/><V20/><F22/><W37/><G37/><T80/><D101/><U24/><E24/><V6/><F6/><W92/><G34/><T52/><D99/><U71/><E71/><V93/><AGARI ba="0,1" hai="7,8,12,16,20,27,40,47,50,54,55,93,98,103" machi="93" ten="20,12000,1" yaku="0,1,7,1,8,1,52,1,54,1" doraHai="96" who="2" fromWho="2" sc="170,-40,170,-40,300,130,350,-40" /><INIT seed="2,1,0,3,3,73" ten="130,130,430,310" oya="2" hai0="92,4,108,37,38,112,115,76,97,122,78,49,127" hai1="51,17,129,5,50,56,128,113,15,84,30,82,62" hai2="52,91,71,7,104,75,103,101,72,28,135,134,100" hai3="27,16,86,26,20,53,132,119,87,74,40,9,43"/><V81/><F71/><W77/><G119/><T59/><D122/><U58/><E30/><V29/><F7/><W114/><G132/><N who="2" m="50729" /><F28/><W133/><G133/><T18/><D4/><U107/><E107/><V48/><F29/><W61/><G114/><T21/><D108/><U89/><E5/><V90/><F104/><W35/><G9/><T2/><D2/><U34/><E34/><V57/><F75/><W10/><G10/><T54/><D127/><U85/><E113/><V36/><F36/><W44/><G35/><T121/><D121/><U46/><E85/><V124/><F124/><W41/><G27/><N who="0" m="14775" /><D115/><U95/><E95/><V94/><F94/><W68/><G68/><T19/><D112/><U32/><E32/><V14/><F14/><W105/><G105/><T106/><D37/><U83/><E15/><V63/><F63/><W111/><G111/><T60/><D38/><U65/><E17/><V55/><F55/><W110/><G110/><T31/><D31/><U6/><E6/><V99/><F99/><W0/><G0/><T3/><D3/><U123/><E123/><V88/><F72/><W45/><G61/><T125/><D125/><U130/><E130/><V64/><F64/><W67/><G67/><N who="0" m="39327" /><D19/><U12/><E65/><V117/><F117/><W69/><G69/><T131/><D131/><N who="1" m="50251" /><E62/><V39/><F39/><W23/><G74/><T42/><D106/><U33/><E33/><V98/><F98/><W109/><G109/><T1/><D1/><U8/><E50/><V25/><F48/><W118/><G118/><T126/><D126/><U79/><E51/><RYUUKYOKU ba="1,0" sc="130,0,130,0,430,0,310,0" /><INIT seed="3,2,0,2,2,31" ten="130,130,430,310" oya="3" hai0="99,77,86,80,30,9,109,16,76,101,6,93,45" hai1="51,103,11,67,105,127,130,132,49,4,52,66,98" hai2="19,110,54,22,50,64,119,5,102,69,25,56,73" hai3="33,120,36,121,95,106,118,90,14,131,87,96,55"/><W38/><G118/><T47/><D109/><U27/><E130/><V24/><F119/><W20/><G131/><T1/><D30/><U97/><E132/><V35/><F73/><W68/><G68/><T123/><D123/><U74/><E74/><V53/><F110/><W17/><G33/><T65/><D65/><U114/><E114/><V43/><F43/><W83/><G106/><T23/><D77/><U44/><E127/><V135/><F135/><W62/><G121/><T111/><D111/><U117/><E117/><V8/><F102/><W48/><G62/><T34/><D34/><U13/><E27/><AGARI ba="2,0" hai="1,6,9,16,23,27,45,47,76,80,86,93,99,101" machi="27" ten="30,2000,0" yaku="7,1,54,1" doraHai="31" who="0" fromWho="1" sc="130,26,130,-26,430,0,310,0" owari="156,-24.4,104,-39.6,430,53.0,310,11.0" /></mjloggm>