<mjloggm ver="2.3"><GO type="225" lobby="0"/><UN n0="%E3%81%BF%E3%81%BF%E3%81%9A" n1="%E3%81%A8%E3%82%93%E3%81%A8%E3%81%93%E3%81%A8%E3%82%93" n2="%E5%86%B7%E5%87%8D%E3%82%AE%E3%83%A7%E3%83%BC%E3%82%B6" n3="%E3%81%AF%E3%82%88%E3%81%8A%E3%81%98%E3%81%95%E3%82%93" dan="16,16,16,17" rate="2141.58,2119.92,2123.07,2166.11" sx="M,M,M,M"/><TAIKYOKU oya="0"/><INIT seed="0,0,0,3,1,77" ten="250,250,250,250" oya="0" hai0="89,74,78,10,125,106,65,63,110,130,134,71,2" hai1="34,28,103,36,27,4,23,80,95,123,88,109,41" hai2="1,122,43,50,83,55,127,52,31,94,58,73,81" hai3="117,35,6,13,54,76,112,132,93,91,107,24,40"/><T21/><D125/><U68/><E123/><V64/><F122/><W67/><G112/><T33/><D130/><U46/><E109/><V57/><F1/><W87/><G117/><T85/><D110/><U32/><E68/><V118/><F73/><W135/><G107/><T49/><D33/><U97/><REACH who="1" step="1"/><E4/><REACH who="1" ten="250,240,250,250" step="2"/><V15/><F118/><W45/><G6/><T102/><D71/><U56/><E56/><N who="2" m="32791" /><F127/><W128/><G128/><T62/><D134/><U115/><E115/><V7/><F43/><W104/><G40/><T26/><D2/><U59/><E59/><V19/><F7/><W75/><G135/><T101/><D106/><U60/><E60/><N who="2" m="37903" /><F31/><W113/><G104/><T3/><D62/><U14/><E14/><V72/><F72/><W8/><G13/><T121/><D63/><U116/><E116/><V66/><F66/><W114/><G67/><T18/><D65/><U29/><E29/><V42/><F42/><W131/><G131/><T51/><D121/><U44/><E44/><V96/><F55/><W38/><G132/><T11/><D3/><U25/><E25/><V17/><F58/><W12/><G54/><T98/><D74/><U105/><E105/><V129/><F129/><W126/><G126/><T39/><D26/><U111/><E111/><V20/><F19/><N who="3" m="8583" /><G45/><T37/><D18/><U86/><AGARI ba="0,1" hai="23,27,28,32,34,36,41,46,80,86,88,95,97,103" machi="86" ten="30,8000,1" yaku="1,1,0,1,52,1,54,1,53,1" doraHai="77" doraHaiUra="69" who="1" fromWho="1" sc="250,-40,240,90,250,-20,250,-20" /><INIT seed="1,0,0,2,0,95" ten="210,330,230,230" oya="1" hai0="39,78,94,20,64,44,8,34,7,31,50,33,19" hai1="72,90,73,0,88,16,38,115,23,57,93,117,111" hai2="103,123,97,116,96,76,32,61,131,132,134,135,80" hai3="69,106,128,58,30,11,6,125,107,47,52,70,5"/><U1/><E115/><V41/><F116/><W104/><G125/><T59/><D78/><U84/><E117/><V129/><F123/><W89/><G128/><N who="2" m="49225" /><F32/><W63/><G30/><T65/><D39/><U28/><E38/><V36/><F103/><W13/><G5/><T25/><D59/><U55/><E28/><V113/><F113/><W122/><G122/><T40/><D34/><U99/><E111/><V10/><F61/><W15/><G15/><T126/><D126/><U121/><E0/><V46/><F10/><W119/><G119/><T112/><D112/><U4/><E4/><V51/><F36/><W83/><G47/><T56/><D56/><U48/><E1/><V130/><N who="2" m="49233" /><V91/><DORA hai="105" /><F91/><W21/><REACH who="3" step="1"/><G21/><REACH who="3" ten="210,330,230,220" step="2"/><T12/><REACH who="0" step="1"/><D94/><REACH who="0" ten="200,330,230,220" step="2"/><N who="1" m="54599" /><E121/><V124/><F124/><W75/><G75/><AGARI ba="0,2" hai="41,46,51,75,76,80,96,97,132,134,135" m="49233" machi="75" ten="50,8000,1" yaku="20,1,19,1,52,3" doraHai="95,105" who="2" fromWho="3" sc="200,0,330,0,230,100,220,-80" /><INIT seed="2,0,0,2,1,96" ten="200,330,330,140" oya="2" hai0="60,131,1,132,106,79,86,120,36,125,52,15,28" hai1="22,97,68,90,29,85,42,99,37,20,14,122,100" hai2="91,54,17,116,35,33,109,111,113,104,19,67,88" hai3="83,108,48,38,78,76,130,82,45,21,70,46,57"/><V59/><F113/><W47/><G70/><T64/><D1/><U112/><E68/><V41/><F41/><W58/><G38/><T16/><D120/><U27/><E112/><V53/><F104/><W63/><G108/><N who="2" m="41545" /><F67/><W7/><G130/><T124/><D36/><U55/><E122/><V26/><F116/><W32/><G32/><N who="2" m="12361" /><F26/><W135/><G135/><T51/><D28/><U117/><E117/><V12/><F12/><W93/><G7/><T80/><D131/><U101/><E42/><V102/><F102/><N who="1" m="39529" /><E55/><N who="2" m="21003" /><F59/><W92/><G47/><T103/><D132/><U107/><E107/><V61/><F61/><W98/><G63/><T3/><D103/><U13/><E37/><V69/><F69/><W0/><G0/><T77/><D3/><U2/><E2/><V6/><F6/><W56/><G56/><N who="0" m="32799" /><D106/><U118/><E118/><V49/><F49/><W71/><G71/><T115/><D115/><U134/><E134/><V11/><F11/><W84/><G48/><T129/><D129/><U87/><E13/><V72/><F72/><W110/><G110/><T89/><D60/><U10/><E10/><V24/><F24/><W114/><G114/><T81/><D64/><U73/><E73/><V75/><F75/><W119/><G119/><T43/><D43/><U128/><E128/><V9/><F9/><W121/><G121/><T95/><D125/><U133/><E133/><V40/><F40/><W4/><G4/><T126/><D124/><U62/><E62/><V65/><F65/><W23/><G98/><T25/><D126/><U123/><E97/><V18/><AGARI ba="0,0" hai="17,18,19,88,91" m="21003,12361,41545" machi="18" ten="40,18000,2" yaku="5,1,28,2,14,1,10,1,54,1" doraHai="96" who="2" fromWho="2" sc="200,-60,330,-60,330,180,140,-60" /><INIT seed="2,1,0,1,4,104" ten="140,270,510,80" oya="2" hai0="54,94,125,38,63,60,14,56,129,22,109,40,59" hai1="7,113,126,108,90,119,69,36,64,23,67,72,98" hai2="81,33,44,122,50,131,1,19,84,110,101,10,107" hai3="73,65,43,11,79,29,31,8,47,3,21,41,17"/><V105/><F122/><W18/><G65/><T61/><D109/><U97/><E113/><V34/><F131/><W9/><G3/><T86/><D129/><U102/><E119/><V120/><F120/><W46/><G79/><T130/><D130/><U128/><E36/><V71/><F71/><W28/><G73/><T12/><D125/><U96/><E69/><V85/><F85/><W117/><G117/><T133/><D133/><U24/><E102/><V57/><F57/><W32/><G32/><T93/><D38/><U111/><E128/><V95/><F95/><N who="0" m="36362" /><D40/><N who="3" m="15433" /><G21/><T2/><D2/><U39/><E39/><V135/><F135/><W20/><G20/><T115/><D115/><U66/><E126/><V127/><F110/><W124/><G124/><T114/><D114/><U99/><E7/><V5/><F19/><AGARI ba="1,0" hai="8,9,11,17,18,19,28,29,31,46,47" m="15433" machi="19" ten="40,5200,0" yaku="28,2,8,1" doraHai="104" who="3" fromWho="2" sc="140,0,270,0,510,-55,80,55" /><INIT seed="3,0,0,4,1,112" ten="140,270,455,135" oya="3" hai0="107,61,97,75,106,130,99,129,126,7,38,1,41" hai1="32,25,128,95,44,79,28,134,19,62,15,4,89" hai2="24,127,37,26,58,94,2,116,67,20,40,105,85" hai3="96,84,18,65,54,22,108,36,103,135,93,74,63"/><W81/><G135/><T60/><D75/><U48/><E134/><V114/><F105/><N who="0" m="39946" /><D126/><U91/><E128/><N who="0" m="49257" /><D7/><U117/><E117/><V92/><F116/><W17/><G108/><T111/><D1/><U76/><E62/><N who="0" m="24169" /><D111/><U42/><E4/><V69/><F40/><W72/><G36/><T29/><D29/><U77/><REACH who="1" step="1"/><E95/><REACH who="1" ten="140,260,455,135" step="2"/><V82/><F94/><W0/><G0/><T30/><D30/><U68/><E68/><V73/><F92/><W14/><G17/><T118/><D118/><U70/><E70/><V125/><F69/><W45/><G65/><T50/><D38/><U35/><E35/><V27/><F37/><W12/><G63/><T52/><D41/><U23/><AGARI ba="0,1" hai="15,19,23,25,28,32,42,44,48,76,77,79,89,91" machi="23" ten="30,2000,0" yaku="1,1,0,1,53,0" doraHai="112" doraHaiUra="34" who="1" fromWho="1" sc="140,-5,260,30,455,-5,135,-10" owari="135,-26.5,290,9.0,450,55.0,125,-37.5" /></mjloggm>