<mjloggm ver="2.3"><GO type="225" lobby="0"/><UN n0="%E7%99%BD%E6%97%A5%E9%9B%AA%E8%8F%9C" n1="%E3%81%A9%E3%82%8F%E3%82%93%E3%81%94" n2="%E3%83%97%E3%83%92" n3="%E3%81%AF%E3%82%88%E3%81%8A%E3%81%98%E3%81%95%E3%82%93" dan="16,16,17,17" rate="2206.56,2093.67,2196.16,2184.56" sx="M,M,M,M"/><TAIKYOKU oya="0"/><INIT seed="0,0,0,3,2,56" ten="250,250,250,250" oya="0" hai0="67,131,112,57,12,94,19,124,130,47,86,91,96" hai1="21,2,100,13,59,87,18,40,60,120,50,4,51" hai2="92,127,42,17,133,30,104,78,126,26,9,135,103" hai3="66,6,105,5,43,52,36,116,0,38,34,79,129"/><T7/><D112/><U61/><E120/><V54/><F42/><W123/><G52/><T24/><D124/><N who="2" m="47658" /><F104/><W132/><G66/><T89/><D47/><N who="1" m="25959" /><E2/><V95/><F78/><W101/><G101/><T29/><D7/><U115/><E115/><V71/><F71/><W33/><G79/><T63/><D12/><U73/><E73/><V1/><F54/><W106/><G43/><T31/><D19/><U14/><E100/><V97/><F92/><W46/><G46/><T113/><D113/><U28/><E28/><V58/><F58/><W122/><G0/><T55/><D67/><U32/><E32/><N who="2" m="20567" /><F17/><W72/><G72/><T25/><D31/><U74/><E74/><V118/><F118/><W119/><G129/><N who="0" m="49163" /><D29/><U76/><E51/><V114/><F114/><W98/><G98/><T39/><D39/><U16/><E4/><AGARI ba="0,0" hai="1,4,9,95,97,103,133,135" m="20567,47658" machi="4" ten="30,1000,0" yaku="18,1" doraHai="56" who="2" fromWho="1" sc="250,0,250,-10,250,10,250,0" /><INIT seed="1,0,0,0,2,106" ten="250,240,260,250" oya="1" hai0="118,9,20,65,46,3,14,53,82,27,70,111,86" hai1="76,17,63,96,52,37,126,35,125,55,95,68,6" hai2="87,123,98,16,5,80,48,61,43,119,115,131,47" hai3="77,2,57,15,101,85,8,30,38,90,120,114,12"/><U64/><E35/><V40/><F119/><W56/><G120/><T127/><D118/><U121/><E121/><V81/><F123/><W128/><G114/><T102/><D3/><U78/><E37/><V84/><F5/><W18/><G2/><T129/><D111/><U116/><E6/><V59/><F131/><W89/><G38/><T88/><D129/><U93/><E116/><V41/><F98/><W39/><G39/><T13/><D127/><N who="1" m="48651" /><E17/><V134/><F134/><W97/><G128/><T83/><D102/><N who="1" m="60687" /><E95/><V45/><F115/><W132/><G132/><T99/><D99/><U104/><E104/><V133/><F16/><N who="3" m="8199" /><G30/><T23/><D82/><N who="2" m="31850" /><F133/><W22/><G101/><T110/><D110/><U112/><E112/><V100/><F100/><W67/><G97/><T75/><D75/><U66/><E64/><N who="2" m="38975" /><F45/><W71/><G67/><T94/><D65/><U31/><E31/><V74/><F74/><W62/><G71/><T124/><D70/><U109/><E109/><V19/><F19/><W29/><G29/><T1/><D124/><U11/><E11/><V49/><F47/><W34/><G34/><T73/><D9/><U44/><E44/><V103/><F103/><W72/><G72/><T42/><D46/><U25/><E25/><V21/><F21/><W135/><G135/><T92/><D23/><U105/><E105/><V51/><AGARI ba="0,0" hai="40,41,43,48,49,51,84,87" m="38975,31850" machi="51" ten="40,1500,0" yaku="8,1" doraHai="106" who="2" fromWho="2" sc="250,-4,240,-7,260,15,250,-4" /><INIT seed="2,0,0,5,2,64" ten="246,233,275,246" oya="2" hai0="126,41,48,105,102,13,16,111,28,25,85,90,72" hai1="34,39,74,112,0,118,104,62,7,122,91,95,93" hai2="20,106,5,133,79,127,107,55,18,89,22,10,129" hai3="32,114,68,23,44,14,69,130,27,53,116,11,29"/><V40/><F127/><W54/><G116/><T58/><D72/><U61/><E112/><V83/><F129/><W31/><G130/><T17/><D111/><U86/><E118/><V43/><F133/><W66/><G114/><T81/><D126/><U50/><E104/><V60/><F89/><W113/><G113/><T19/><D105/><U49/><E39/><V135/><F20/><W128/><G128/><T121/><D102/><U70/><E74/><V131/><F135/><W24/><G66/><T100/><D100/><U59/><E34/><V123/><F123/><W35/><G23/><N who="0" m="15423" /><D121/><U88/><E122/><V94/><F94/><W87/><G87/><T124/><D124/><U97/><E70/><V73/><F107/><W78/><G78/><T84/><D85/><U30/><E30/><V36/><F106/><W38/><G38/><T3/><D3/><U76/><E76/><V110/><F36/><W80/><G80/><T8/><D58/><U75/><E75/><V21/><F21/><W15/><G44/><AGARI ba="0,0" hai="8,13,16,17,19,41,44,48,81,84,90" m="15423" machi="44" ten="30,2000,0" yaku="8,1,54,1" doraHai="64" who="0" fromWho="3" sc="246,20,233,0,275,0,246,-20" /><INIT seed="3,0,0,1,5,129" ten="266,233,275,226" oya="3" hai0="130,37,108,45,22,26,60,52,109,68,53,84,4" hai1="44,89,123,40,50,88,59,93,120,28,5,10,99" hai2="41,54,16,82,48,134,132,63,124,51,100,106,102" hai3="0,74,85,2,101,32,104,119,42,78,121,3,66"/><W115/><G121/><T71/><D130/><U9/><E28/><V38/><F124/><W56/><G115/><T8/><D84/><U112/><E112/><V97/><F38/><W36/><G119/><T70/><D60/><U30/><E30/><V83/><F100/><W77/><G32/><T1/><D37/><U64/><E10/><V20/><F41/><W49/><G74/><T47/><D47/><U62/><REACH who="1" step="1"/><E89/><REACH who="1" ten="266,223,275,226" step="2"/><V29/><F29/><W110/><G0/><AGARI ba="0,1" hai="0,5,9,40,44,50,59,62,64,88,93,99,120,123" machi="0" ten="30,7700,0" yaku="1,1,2,1,7,1,54,1,53,0" doraHai="129" doraHaiUra="14" who="1" fromWho="3" sc="266,0,223,87,275,0,226,-77" owari="266,-13.4,310,41.0,275,7.5,149,-35.1" /></mjloggm>