<mjloggm ver="2.3"><GO type="225" lobby="0"/><UN n0="%72%69%6F%75%63%68%61%6E" n1="%72%61%6B%33" n2="%E4%B8%89%E6%A7%93%E5%AD%90" n3="%E8%81%B7%E6%A5%AD%E3%80%81%E9%A2%A8%32" dan="17,17,16,16" rate="2228.01,2250.84,2058.11,2142.43" sx="M,M,F,M"/><TAIKYOKU oya="0"/><INIT seed="0,0,0,1,2,52" ten="250,250,250,250" oya="0" hai0="112,67,11,101,10,51,116,115,83,119,5,73,41" hai1="48,19,66,98,79,65,34,105,57,88,53,126,75" hai2="45,113,50,37,18,3,109,74,49,42,58,104,54" hai3="76,46,64,92,78,72,106,59,110,114,27,133,77"/><T90/><D101/><U86/><E126/><V55/><F104/><W134/><G110/><T63/><D11/><U21/><E34/><V95/><F74/><W71/><G71/><T85/><D73/><U17/><E75/><V96/><F109/><W93/><G72/><T102/><D102/><U81/><E17/><V69/><F113/><W129/><G106/><T1/><D41/><U97/><E105/><V16/><F3/><W82/><G82/><T23/><D51/><U33/><E33/><V68/><F68/><W39/><G27/><T38/><D38/><U9/><E9/><V22/><F69/><W103/><G103/><T127/><D127/><U43/><E43/><V111/><F22/><W131/><G114/><T80/><D80/><U122/><E122/><V123/><F123/><W0/><G0/><T29/><D115/><U36/><E36/><V124/><F124/><W25/><G25/><T32/><D32/><U89/><E89/><V121/><F121/><W107/><G107/><T24/><REACH who="0" step="1"/><D112/><REACH who="0" ten="240,250,250,250" step="2"/><U61/><E79/><V108/><F108/><W28/><G78/><T84/><D84/><U100/><E100/><V6/><F111/><W70/><G77/><T94/><D94/><U30/><E48/><V40/><F40/><W132/><G76/><T47/><D47/><U31/><E98/><V117/><F117/><W99/><G39/><T14/><D14/><N who="1" m="9463" /><E97/><V118/><F118/><W130/><G99/><T15/><D15/><U20/><E20/><V7/><F37/><W26/><G93/><T120/><D120/><U60/><E60/><V128/><F42/><RYUUKYOKU ba="0,1" sc="240,15,250,15,250,-15,250,-15" hai0="1,5,10,23,24,29,63,67,83,85,90,116,119" hai1="30,31,53,57,61,65,66,81,86,88" /><INIT seed="0,1,1,4,3,24" ten="255,265,235,235" oya="0" hai0="103,89,11,64,125,13,128,53,16,80,83,6,76" hai1="131,104,33,135,58,37,69,85,117,40,36,29,114" hai2="71,113,38,65,23,68,120,91,52,73,62,44,78" hai3="109,86,130,19,111,115,42,21,31,66,99,49,55"/><T2/><D125/><U5/><E5/><V54/><F113/><W74/><G74/><T48/><D128/><U126/><E85/><V43/><F120/><W22/><G115/><T72/><D103/><U95/><E95/><V122/><F122/><W60/><G42/><T88/><D64/><U84/><E84/><V94/><F71/><W112/><G112/><T110/><D110/><N who="3" m="41993" /><G130/><T75/><D75/><U12/><E12/><V124/><F124/><W0/><G0/><T82/><D80/><U127/><E58/><V4/><F4/><W27/><G99/><T101/><D101/><U51/><E51/><V30/><F78/><W106/><G86/><T34/><D34/><U116/><E40/><V35/><F35/><N who="3" m="20991" /><G19/><T90/><D83/><U77/><E77/><V108/><F108/><W118/><G106/><T9/><D90/><U105/><E114/><V81/><F73/><W79/><G118/><T96/><REACH who="0" step="1"/><D96/><REACH who="0" ten="245,265,235,235" step="2"/><U132/><E131/><V26/><REACH who="2" step="1"/><F81/><REACH who="2" ten="245,265,225,235" step="2"/><W8/><G79/><T18/><D18/><U39/><E127/><V25/><F25/><W121/><G121/><T61/><D61/><U32/><E126/><V50/><F50/><W67/><G49/><T107/><D107/><U119/><E33/><V93/><F93/><W92/><G60/><T56/><AGARI ba="1,3" hai="2,6,9,11,13,16,48,53,56,72,76,82,88,89" machi="56" ten="20,12000,1" yaku="1,1,0,1,7,1,54,2,53,0" doraHai="24" doraHaiUra="97" who="0" fromWho="0" sc="245,153,265,-41,225,-41,235,-41" /><INIT seed="0,2,0,2,4,132" ten="398,224,184,194" oya="0" hai0="120,99,42,116,93,96,48,1,87,111,3,17,123" hai1="54,61,105,26,23,103,100,5,130,55,128,39,67" hai2="101,68,47,46,118,21,108,131,71,53,19,124,79" hai3="33,69,34,75,90,52,88,57,9,18,8,27,2"/><T125/><D125/><U15/><E39/><V66/><F108/><W35/><G69/><T115/><D115/><U76/><E76/><V0/><F0/><W127/><G75/><T129/><D116/><U78/><E78/><V83/><F118/><W102/><G127/><T6/><D129/><U7/><E15/><V122/><F122/><W117/><G117/><T60/><D111/><U70/><E5/><V40/><F124/><W44/><G44/><T56/><D87/><U37/><E7/><V97/><F66/><W32/><G102/><T82/><D82/><U92/><E105/><V11/><F11/><W12/><G8/><T45/><D17/><U30/><E37/><V80/><F53/><N who="1" m="19977" /><E92/><V73/><F83/><W110/><G2/><T4/><D4/><U64/><E64/><V41/><F47/><W85/><G110/><T133/><D133/><U109/><E109/><V13/><F131/><AGARI ba="2,0" hai="23,26,30,61,67,70,100,103,128,130,131" m="19977" machi="131" ten="30,1000,0" yaku="19,1" doraHai="132" who="1" fromWho="2" sc="398,0,224,16,184,-16,194,0" /><INIT seed="1,0,0,2,4,9" ten="398,240,168,194" oya="1" hai0="5,42,14,41,19,3,114,113,108,118,28,70,35" hai1="18,66,88,128,59,69,135,29,126,98,91,78,10" hai2="115,109,49,94,64,30,79,95,119,116,63,13,111" hai3="61,11,134,34,48,86,68,53,73,80,71,45,99"/><U65/><E126/><V87/><F30/><W131/><G73/><T102/><D108/><N who="2" m="41546" /><F49/><W24/><G131/><T52/><D118/><N who="2" m="45098" /><F63/><W57/><G134/><T58/><D70/><U25/><E128/><V51/><F51/><W123/><G123/><T8/><D102/><U96/><E135/><V54/><F54/><W83/><G99/><N who="1" m="37930" /><E69/><V67/><F67/><N who="1" m="25609" /><E59/><V112/><F64/><W82/><G86/><T37/><D37/><U31/><E78/><V104/><F13/><W32/><G32/><T100/><D100/><U120/><E120/><V0/><F0/><W40/><G34/><T36/><D36/><U17/><E25/><V85/><F104/><W103/><G24/><N who="0" m="18823" /><D114/><N who="2" m="43562" /><F87/><W77/><G68/><T38/><D113/><U56/><E56/><V130/><F130/><W50/><G71/><T26/><D26/><U97/><E18/><V43/><F43/><W117/><G40/><T21/><D38/><U4/><E17/><V133/><F133/><W44/><G117/><T23/><D21/><U84/><E4/><V101/><F101/><W132/><G103/><T62/><AGARI ba="0,0" hai="3,5,8,14,19,23,41,42,52,58,62" m="18823" machi="62" ten="30,4000,0" yaku="24,1,52,1,54,1" doraHai="9" who="0" fromWho="0" sc="398,40,240,-20,168,-10,194,-10" /><INIT seed="2,0,0,5,0,60" ten="438,220,158,184" oya="2" hai0="96,132,118,37,41,117,5,129,82,48,34,61,86" hai1="84,134,33,81,122,18,2,1,54,95,70,57,43" hai2="51,17,68,38,97,120,20,44,58,112,62,46,52" hai3="119,114,26,30,80,29,27,53,121,65,13,89,50"/><V93/><F112/><W107/><G107/><T87/><D37/><U32/><E70/><V131/><F120/><W3/><G3/><T11/><D129/><U24/><E134/><V115/><F131/><W56/><G119/><N who="0" m="45579" /><D34/><U126/><E43/><V72/><F115/><W106/><G106/><T35/><D35/><U14/><E126/><V6/><F72/><W113/><G121/><T125/><D125/><U101/><E32/><V67/><F6/><W10/><G113/><T63/><D132/><U55/><E55/><V8/><F8/><W91/><G65/><T77/><D96/><U92/><E101/><V135/><F135/><W100/><G100/><T39/><D39/><U105/><E105/><V42/><F44/><W0/><G0/><N who="0" m="423" /><D86/><U108/><E84/><V66/><F66/><W45/><G114/><T23/><D23/><U127/><E33/><V76/><F76/><W75/><G75/><T59/><D59/><U99/><E57/><V69/><F69/><W64/><G56/><T40/><D40/><U73/><E73/><V94/><F97/><W128/><G128/><T109/><D109/><U7/><E99/><V31/><F31/><W22/><G30/><T71/><D71/><U124/><E127/><V74/><F74/><W4/><G29/><T133/><D133/><U104/><E124/><V79/><F79/><W116/><G116/><T78/><D77/><U25/><E122/><V103/><F103/><W16/><G22/><T9/><D9/><U47/><E108/><V49/><F38/><W111/><G111/><T102/><D102/><U15/><E104/><RYUUKYOKU ba="0,0" sc="438,15,220,-15,158,15,184,-15" hai0="41,48,61,63,78,82,87" hai2="17,20,42,46,49,51,52,58,62,67,68,93,94" /><INIT seed="2,1,0,1,0,97" ten="453,205,173,169" oya="2" hai0="87,55,34,27,41,1,31,21,4,8,133,96,132" hai1="58,57,99,119,15,35,20,116,47,110,82,40,94" hai2="44,126,37,30,56,16,62,50,19,89,67,106,60" hai3="72,90,0,130,105,95,76,114,120,117,113,5,122"/><V17/><F126/><W23/><G105/><T46/><D87/><U111/><E35/><V22/><F106/><W101/><G117/><T69/><D69/><U18/><E82/><V42/><F62/><W118/><G118/><T63/><D96/><U115/><E115/><N who="3" m="44042" /><G101/><T61/><D34/><U12/><E12/><V104/><F104/><W64/><G130/><T26/><D26/><U86/><E86/><V128/><F128/><W75/><G64/><T108/><D108/><N who="1" m="41515" /><E57/><V54/><F30/><W92/><G23/><T43/><D43/><U100/><E58/><V49/><F89/><W123/><G5/><T103/><D103/><U112/><E112/><V2/><F2/><W85/><G0/><T59/><REACH who="0" step="1"/><D63/><REACH who="0" ten="443,205,173,169" step="2"/><U68/><E68/><N who="2" m="42087" /><F50/><AGARI ba="1,1" hai="1,4,8,21,27,31,41,46,50,55,59,61,132,133" machi="50" ten="40,1300,0" yaku="1,1,53,0" doraHai="97" doraHaiUra="134" who="0" fromWho="2" sc="443,26,205,0,173,-16,169,0" /><AGARI ba="1,0" hai="15,18,20,40,47,50,94,99,100,116,119" m="41515" machi="50" ten="30,2000,0" yaku="14,1,52,1" doraHai="97" who="1" fromWho="2" sc="469,0,205,20,157,-20,169,0" /><INIT seed="3,0,0,4,1,1" ten="469,225,137,169" oya="3" hai0="32,113,125,19,72,132,93,123,48,20,73,49,57" hai1="39,7,126,102,14,66,81,63,24,96,60,124,0" hai2="69,89,16,35,95,103,115,97,36,114,117,104,119" hai3="42,121,105,34,92,22,70,54,133,74,10,120,52"/><W109/><G105/><T76/><D32/><U118/><E39/><V38/><F35/><W68/><G74/><T3/><D3/><U111/><E111/><V91/><F69/><W2/><G22/><T25/><D123/><U98/><E118/><V17/><F95/><W6/><G42/><T90/><D125/><U30/><E81/><V131/><F104/><W58/><G54/><T50/><D132/><U107/><E98/><V43/><F97/><W99/><G34/><T11/><D113/><U100/><E14/><V84/><F84/><W53/><G53/><T122/><D122/><U59/><E102/><V47/><F43/><W55/><G55/><T101/><D101/><U78/><E78/><V33/><F103/><W18/><G120/><T9/><D57/><U8/><E60/><V12/><F33/><W83/><G83/><T67/><D67/><U87/><E87/><V5/><F12/><W77/><G77/><T62/><D62/><U56/><E56/><V4/><REACH who="2" step="1"/><F47/><REACH who="2" ten="469,225,127,169" step="2"/><W130/><G68/><T94/><D94/><U64/><E107/><V28/><F28/><W61/><G70/><T71/><D71/><U23/><E100/><V88/><F88/><W13/><G121/><T106/><D106/><U40/><E40/><V26/><F26/><W27/><G92/><T29/><D29/><U116/><E96/><V82/><F82/><W79/><G99/><N who="0" m="57783" /><D73/><U21/><E30/><V44/><F44/><W46/><G46/><T75/><D75/><U134/><E24/><V65/><F65/><W51/><G27/><T129/><D72/><U86/><E66/><RYUUKYOKU ba="0,1" sc="469,-10,225,-10,127,30,169,-10" hai2="4,5,16,17,36,38,89,91,114,115,117,119,131" owari="469,56.9,215,1.5,157,-34.3,159,-24.1" /></mjloggm>