<mjloggm ver="2.3"><GO type="225" lobby="0"/><UN n0="%E7%99%BD%E6%97%A5%E9%9B%AA%E8%8F%9C" n1="%E3%81%BF%E3%81%BF%E3%81%9A" n2="%E5%84%AA%40%41%42%43" n3="%E3%81%BE%E3%81%A8%E3%81%9F" dan="16,16,17,16" rate="2204.23,2113.53,2185.35,2113.49" sx="M,M,M,M"/><TAIKYOKU oya="0"/><INIT seed="0,0,0,0,5,5" ten="250,250,250,250" oya="0" hai0="109,50,48,44,4,105,106,28,121,85,122,61,98" hai1="118,24,32,51,113,22,116,45,128,93,49,69,101" hai2="23,60,112,66,9,54,129,7,72,77,33,74,17" hai3="75,15,102,91,84,96,70,13,0,80,76,2,29"/><T11/><D109/><U117/><E69/><V31/><F112/><W38/><G70/><T55/><D85/><U127/><E32/><V42/><F129/><W47/><G29/><T30/><D61/><U26/><E128/><V41/><F54/><W123/><G123/><T125/><D125/><U37/><E127/><V63/><F60/><W8/><G15/><T89/><D89/><U114/><E37/><V94/><F94/><W131/><G47/><T34/><D50/><U133/><E133/><V107/><F107/><W57/><G57/><T100/><D106/><U59/><E59/><V10/><F10/><W39/><G38/><T120/><REACH who="0" step="1"/><D34/><REACH who="0" ten="240,250,250,250" step="2"/><U126/><E126/><V87/><F87/><W124/><G124/><T35/><D35/><U132/><E49/><V104/><F104/><N who="3" m="63559" /><G39/><T130/><D130/><U14/><E51/><V81/><F33/><W40/><G131/><T65/><D65/><U43/><E101/><V68/><F72/><W92/><G40/><T78/><D78/><U108/><E43/><V135/><F135/><W67/><G67/><T134/><D134/><U115/><E132/><V95/><F95/><W16/><AGARI ba="0,1" hai="0,2,8,13,16,75,76,80,84,91,92" m="63559" machi="16" ten="30,4000,0" yaku="24,1,52,1,54,1" doraHai="5" who="3" fromWho="3" sc="240,-20,250,-10,250,-10,250,50" /><INIT seed="1,0,0,2,3,55" ten="220,240,240,300" oya="1" hai0="41,20,18,94,10,52,122,27,48,1,104,50,7" hai1="13,117,38,60,54,88,83,35,91,77,19,105,102" hai2="98,12,47,30,65,9,93,87,33,5,113,108,59" hai3="37,79,120,70,3,89,90,78,51,95,101,58,56"/><U36/><E117/><V6/><F108/><W99/><G120/><T68/><D104/><U22/><E35/><V0/><F113/><W71/><G37/><T85/><D122/><U82/><E105/><V76/><F33/><W127/><G3/><T112/><D112/><U128/><E128/><V106/><F30/><W73/><G71/><T126/><D68/><U125/><E125/><V121/><F106/><W114/><G70/><T45/><D126/><U64/><E102/><V39/><F121/><W63/><G114/><T129/><D129/><U43/><E54/><V86/><F76/><N who="3" m="29227" /><G73/><T135/><D135/><U131/><E131/><V134/><F6/><W119/><G119/><T40/><REACH who="0" step="1"/><D48/><REACH who="0" ten="210,240,240,300" step="2"/><U17/><E38/><V118/><F134/><W132/><G132/><T25/><D25/><U42/><E36/><V23/><F118/><W107/><G107/><T11/><D11/><U46/><E42/><V28/><F9/><W110/><G127/><T115/><D115/><U80/><E43/><V92/><F39/><W75/><G51/><T116/><D116/><U133/><E133/><V100/><F0/><W66/><G110/><T44/><D44/><U2/><E46/><V61/><F47/><W53/><G75/><T29/><D29/><U67/><E2/><V109/><F109/><W31/><G31/><T8/><D8/><U57/><E17/><N who="2" m="10663" /><F28/><W74/><G74/><T21/><D21/><U62/><E77/><V103/><F5/><W14/><G14/><T124/><D124/><U81/><N who="1" m="20480" /><DORA hai="96" /><U16/><E19/><V4/><F4/><W97/><G58/><AGARI ba="0,1" hai="13,16,22,57,58,60,62,64,67,88,91" m="20480" machi="58" ten="50,18000,2" yaku="6,1,9,1,8,1,52,2,54,2" doraHai="55,96" who="1" fromWho="3" sc="210,0,240,190,240,0,300,-180" /><INIT seed="1,1,0,5,2,112" ten="210,430,240,120" oya="1" hai0="13,4,48,7,77,118,47,69,32,105,91,103,41" hai1="107,128,45,23,6,125,127,79,60,25,42,21,131" hai2="49,43,132,28,61,126,33,14,76,117,83,123,70" hai3="18,40,5,50,35,130,122,99,98,62,82,88,34"/><U90/><E107/><V22/><F123/><W10/><G122/><T92/><D32/><U95/><E79/><V17/><F126/><N who="1" m="48137" /><E6/><V58/><F132/><W78/><G130/><N who="1" m="49706" /><E60/><V56/><F76/><W94/><G18/><T115/><D7/><U68/><E68/><V53/><F17/><W129/><G129/><T2/><D69/><U44/><E25/><V84/><F61/><W73/><G62/><T27/><D27/><U19/><E19/><V63/><F63/><W1/><REACH who="3" step="1"/><G98/><REACH who="3" ten="210,430,240,110" step="2"/><T85/><D4/><U59/><E59/><V102/><F58/><W29/><G29/><T20/><D115/><U57/><E57/><V8/><F28/><W116/><G116/><T96/><D118/><U81/><E45/><AGARI ba="1,1" hai="1,5,10,34,35,40,45,50,73,78,82,88,94,99" machi="45" ten="40,2600,0" yaku="1,1,54,1,53,0" doraHai="112" doraHaiUra="26" who="3" fromWho="1" sc="210,0,430,-29,240,0,110,39" /><INIT seed="2,0,0,3,4,40" ten="210,401,240,149" oya="2" hai0="90,48,96,81,69,134,130,26,109,95,27,10,53" hai1="94,111,57,43,60,112,13,41,11,103,102,64,46" hai2="28,101,39,33,67,8,47,78,126,55,80,88,45" hai3="87,124,58,133,32,131,63,72,97,76,34,22,37"/><V31/><F39/><W1/><G72/><T84/><D69/><U9/><E112/><V73/><F101/><W62/><G37/><T44/><D109/><U16/><E111/><V114/><F114/><W91/><G1/><T21/><D130/><U36/><E43/><V65/><F126/><W122/><G122/><T3/><D134/><U77/><E77/><V89/><F8/><W68/><G124/><T14/><D3/><U2/><REACH who="1" step="1"/><E94/><REACH who="1" ten="210,391,240,149" step="2"/><V116/><F116/><W29/><G76/><T129/><D129/><U121/><E121/><V38/><F78/><W17/><G131/><T93/><D93/><U61/><E61/><V19/><F80/><W120/><G120/><T30/><D27/><U70/><E70/><V6/><F73/><W107/><G68/><T127/><D127/><U12/><E12/><V35/><F38/><W23/><G63/><T115/><D115/><U75/><E75/><V117/><F117/><W15/><G133/><T56/><D81/><U128/><E128/><V71/><F71/><W52/><G107/><T113/><D113/><U79/><E79/><V4/><F55/><W132/><G132/><T92/><D92/><U49/><E49/><V24/><F24/><W123/><G123/><T74/><D74/><U18/><E18/><AGARI ba="0,1" hai="4,6,18,19,28,31,33,35,45,47,65,67,88,89" machi="18" ten="25,12000,1" yaku="22,2,52,2,54,1" doraHai="40" who="2" fromWho="1" sc="210,0,391,-120,240,130,149,0" /><INIT seed="2,1,0,4,1,27" ten="210,271,370,149" oya="2" hai0="134,65,94,121,116,11,76,72,112,123,67,38,105" hai1="93,133,101,15,96,74,56,103,109,62,100,2,75" hai2="70,97,6,32,46,91,36,5,64,98,132,18,39" hai3="59,84,57,127,14,26,7,35,118,61,135,108,73"/><V88/><F32/><W54/><G73/><T34/><D112/><U124/><E2/><V53/><F70/><W86/><G118/><T16/><D105/><U23/><E109/><V102/><F64/><W28/><G108/><T49/><D38/><U117/><E117/><V81/><F53/><W115/><G127/><T82/><D116/><U107/><E124/><V24/><F24/><W22/><G135/><T25/><D134/><U130/><E133/><V125/><F18/><W71/><G115/><T90/><D49/><U13/><E130/><V63/><F46/><W45/><G71/><T9/><D121/><U78/><E75/><V89/><F81/><W1/><G45/><T52/><D123/><U48/><E107/><V110/><F102/><N who="1" m="39529" /><E74/><V122/><F63/><W129/><G129/><T4/><D67/><N who="1" m="39367" /><E78/><V50/><F122/><W79/><G79/><T119/><D119/><U69/><E69/><V114/><F39/><W126/><G126/><T47/><D65/><U21/><E48/><V12/><F50/><W20/><G35/><T37/><D34/><U17/><E13/><V95/><F12/><W3/><G1/><N who="0" m="143" /><D37/><U29/><E21/><V111/><F36/><W8/><G3/><T55/><D72/><U10/><E23/><V43/><F114/><W66/><REACH who="3" step="1"/><G20/><REACH who="3" ten="210,271,370,139" step="2"/><T120/><D76/><U113/><E113/><V87/><F125/><W0/><G0/><T104/><D120/><U44/><E44/><V85/><F132/><W68/><G68/><T131/><D47/><U128/><E128/><V31/><F111/><W41/><G41/><T83/><D131/><RYUUKYOKU ba="1,1" sc="210,-15,271,15,370,-15,139,15" hai1="10,15,17,29,93,96,103" hai3="7,8,14,22,26,28,54,57,59,61,66,84,86" /><INIT seed="3,2,1,1,1,106" ten="195,286,355,154" oya="3" hai0="132,48,25,55,133,98,111,90,74,113,66,89,23" hai1="29,60,80,88,110,104,53,103,2,69,94,41,47" hai2="79,21,65,114,57,39,72,95,135,28,34,108,33" hai3="92,44,84,134,59,40,123,82,50,46,128,96,129"/><W36/><G123/><T85/><D74/><U120/><E120/><V100/><F39/><W1/><G1/><T76/><D111/><U11/><E110/><V7/><F7/><W91/><G134/><N who="0" m="51819" /><D113/><U112/><E112/><V5/><F5/><W101/><REACH who="3" step="1"/><G59/><REACH who="3" ten="195,286,355,144" step="2"/><N who="0" m="33255" /><D66/><U26/><E69/><V56/><F65/><W20/><G20/><T75/><D75/><U12/><E2/><V122/><F57/><W87/><G87/><T83/><D98/><U115/><E115/><V30/><F56/><W16/><G16/><AGARI ba="2,2" hai="16,23,25,76,83,85,89,90" m="33255,51819" machi="16" ten="30,2000,0" yaku="20,1,54,1" doraHai="106" who="0" fromWho="3" sc="195,46,286,0,355,0,144,-26" owari="241,-15.9,286,8.6,355,45.5,118,-38.2" /></mjloggm>