<mjloggm ver="2.3"><GO type="225" lobby="0"/><UN n0="%E7%B4%94%E6%BD%94%E3%83%94%E3%83%A9%E3%83%8B%E3%82%A2" n1="%72%69%6F%75%63%68%61%6E" n2="%E3%80%93%E3%81%97%E3%83%BC%E3%82%89%E3%80%93" n3="%E3%81%A9%E3%82%8F%E3%82%93%E3%81%94" dan="16,16,16,16" rate="2155.77,2138.16,2084.33,2103.73" sx="M,M,M,M"/><TAIKYOKU oya="0"/><INIT seed="0,0,0,3,4,39" ten="250,250,250,250" oya="0" hai0="99,85,90,50,104,42,105,71,61,26,81,51,3" hai1="128,87,112,76,126,89,59,69,57,102,80,130,125" hai2="83,64,124,94,98,17,24,35,19,106,127,60,70" hai3="1,46,13,116,78,118,5,11,4,91,23,111,21"/><T123/><D3/><U133/><E69/><V101/><F83/><W40/><G78/><T65/><D123/><U7/><E112/><V6/><F6/><W67/><G67/><T117/><D117/><U75/><E7/><V92/><F17/><W109/><G91/><T10/><D10/><U100/><E57/><V54/><F54/><W33/><G33/><T36/><D26/><U73/><E59/><V114/><F114/><W107/><G107/><T68/><D68/><U77/><E133/><V30/><REACH who="2" step="1"/><F19/><REACH who="2" ten="250,250,240,250" step="2"/><W63/><G5/><T52/><D52/><U74/><E76/><V0/><F0/><W44/><G1/><T48/><REACH who="0" step="1"/><D99/><REACH who="0" ten="240,250,240,250" step="2"/><U22/><E22/><V95/><AGARI ba="0,2" hai="24,30,35,60,64,70,92,94,95,98,101,106,124,127" machi="95" ten="30,7900,0" yaku="1,1,0,1,25,2,53,0" doraHai="39" doraHaiUra="55" who="2" fromWho="2" sc="240,-39,250,-20,240,99,250,-20" /><INIT seed="1,0,0,5,4,129" ten="201,230,339,230" oya="1" hai0="32,133,1,95,98,94,80,24,18,31,63,6,84" hai1="113,122,60,81,115,102,54,103,34,39,72,126,49" hai2="116,56,100,17,109,20,106,35,13,47,91,96,114" hai3="79,29,45,8,16,118,66,59,50,9,71,123,19"/><U23/><E122/><V88/><F35/><W108/><G123/><T40/><D40/><U83/><E34/><V52/><F116/><W25/><G118/><T78/><D1/><U28/><E39/><V117/><F117/><W134/><G71/><T44/><D6/><U10/><E126/><V99/><F109/><W82/><G108/><T101/><D44/><U22/><E60/><V4/><F114/><W0/><G134/><T70/><D18/><U30/><E72/><V69/><F69/><W55/><G0/><T65/><REACH who="0" step="1"/><D133/><REACH who="0" ten="191,230,339,230" step="2"/><U89/><E115/><V15/><F47/><W74/><G8/><T90/><D90/><U73/><E113/><V97/><F100/><N who="1" m="38441" /><E10/><N who="2" m="4295" /><F106/><AGARI ba="0,1" hai="24,31,32,63,65,70,78,80,84,94,95,98,101,106" machi="106" ten="30,7700,0" yaku="1,1,7,1,25,2,53,0" doraHai="129" doraHaiUra="68" who="0" fromWho="2" sc="191,87,230,0,339,-77,230,0" /><INIT seed="2,0,0,0,1,130" ten="278,230,262,230" oya="2" hai0="48,21,17,14,118,26,103,128,64,55,79,74,117" hai1="22,38,78,108,114,107,25,43,110,104,8,39,121" hai2="27,105,77,126,102,18,101,51,57,32,124,92,71" hai3="56,125,98,40,7,20,62,49,16,10,76,37,19"/><V6/><F105/><N who="1" m="40521" /><E114/><V133/><F71/><W88/><G125/><N who="2" m="48233" /><F77/><W5/><G37/><T111/><D103/><N who="2" m="39434" /><F92/><N who="3" m="56583" /><G76/><T132/><D64/><U82/><E43/><V115/><F6/><N who="3" m="2059" /><G10/><T24/><D128/><U85/><E8/><V2/><F2/><W31/><G40/><T60/><D79/><U68/><E68/><V131/><F131/><W80/><G49/><T13/><D74/><U106/><N who="1" m="40529" /><U83/><DORA hai="90" /><E83/><V54/><F115/><W23/><G80/><T58/><D48/><U127/><E121/><V122/><F122/><W135/><G135/><T72/><D132/><U33/><E33/><V35/><F133/><W89/><G89/><T52/><D72/><U123/><E123/><V34/><F18/><N who="3" m="6699" /><G31/><AGARI ba="0,0" hai="27,31,32,34,35,51,54,57" m="39434,48233" machi="31" ten="30,1500,0" yaku="18,1" doraHai="130,90" who="2" fromWho="3" sc="278,0,230,0,262,15,230,-15" /><INIT seed="2,1,0,4,2,29" ten="278,230,277,215" oya="2" hai0="45,27,79,108,73,50,66,130,75,115,118,129,95" hai1="77,93,20,131,113,39,94,4,18,132,74,83,48" hai2="123,40,65,100,25,72,6,56,69,31,84,60,78" hai3="1,116,44,49,125,128,24,126,97,124,0,117,120"/><V101/><F72/><W34/><G97/><T41/><D115/><U96/><E113/><V119/><F119/><N who="3" m="45643" /><G49/><T127/><D108/><U64/><E131/><N who="0" m="50185" /><D127/><U85/><E132/><V23/><F123/><W59/><G59/><T57/><D118/><U14/><E39/><V35/><F40/><W53/><G53/><T62/><D79/><U61/><E4/><V76/><F69/><W38/><G128/><T88/><D27/><U16/><E48/><V87/><F76/><W92/><G92/><T134/><D134/><U3/><E3/><N who="3" m="1098" /><G120/><T15/><D15/><N who="1" m="9247" /><E74/><V80/><F84/><AGARI ba="1,0" hai="41,45,50,57,62,66,73,75,84,88,95" m="50185" machi="84" ten="30,2000,0" yaku="19,1,54,1" doraHai="29" who="0" fromWho="2" sc="278,23,230,0,277,-23,215,0" /><INIT seed="3,0,0,3,3,77" ten="301,230,254,215" oya="3" hai0="89,116,102,51,14,78,132,97,110,119,20,65,8" hai1="79,124,131,4,112,49,100,26,87,72,71,56,10" hai2="105,41,18,13,38,90,101,118,113,98,47,107,88" hai3="28,1,64,129,128,2,104,94,106,121,108,29,27"/><W69/><G121/><T114/><D78/><U12/><E112/><V44/><F113/><W85/><G69/><T70/><D114/><U30/><E71/><V23/><F118/><W11/><G64/><T126/><D89/><U83/><E124/><V76/><F107/><N who="3" m="41003" /><G94/><T17/><D126/><U123/><E131/><N who="3" m="50250" /><G108/><T40/><D110/><U80/><E123/><V52/><REACH who="2" step="1"/><F76/><REACH who="2" ten="301,230,244,215" step="2"/><W92/><G11/><T32/><D116/><U22/><E100/><V60/><F60/><W84/><G29/><T37/><D102/><U31/><E30/><V95/><F95/><W134/><G134/><T7/><D8/><U96/><E96/><V19/><F19/><W93/><G93/><T130/><D17/><U135/><E135/><V115/><F115/><W54/><G54/><T74/><D130/><U55/><REACH who="1" step="1"/><E80/><REACH who="1" ten="301,220,244,215" step="2"/><V46/><F46/><W0/><G92/><T81/><D81/><U62/><E62/><V57/><F57/><W15/><G15/><T6/><D14/><U39/><E39/><V21/><F21/><AGARI ba="0,2" hai="0,1,2,21,27,28,84,85" m="50250,41003" machi="21" ten="40,2000,0" yaku="19,1" doraHai="77" who="3" fromWho="2" sc="301,0,220,0,244,-20,215,40" /><INIT seed="3,1,0,0,4,29" ten="301,220,224,255" oya="3" hai0="127,70,76,52,74,51,42,71,135,17,8,7,38" hai1="80,100,73,108,55,109,94,98,111,121,129,24,88" hai2="50,41,10,23,39,115,101,48,78,54,65,64,34" hai3="130,99,122,67,128,82,102,44,133,16,84,124,95"/><W12/><G122/><T31/><D31/><U36/><E121/><V47/><F115/><W105/><G67/><N who="2" m="25673" /><F34/><W66/><G66/><T89/><D89/><U40/><E129/><N who="3" m="49770" /><G133/><T37/><D17/><U110/><N who="1" m="27648" /><DORA hai="79" /><U2/><E2/><V57/><F101/><W60/><G60/><T43/><D43/><U91/><E55/><N who="2" m="31975" /><F78/><N who="3" m="46167" /><G44/><N who="0" m="23631" /><D38/><U96/><E36/><V113/><F23/><N who="3" m="11655" /><G124/><T118/><D127/><U28/><E40/><V5/><F113/><W114/><G114/><T56/><D135/><U107/><E73/><V126/><F126/><W4/><G4/><T83/><D118/><U1/><E1/><AGARI ba="1,0" hai="1,7,8,51,52,56,70,71,74,76,83" m="23631" machi="1" ten="30,3900,0" yaku="25,1,52,1,54,1" doraHai="29,79" who="0" fromWho="1" sc="301,42,220,-42,224,0,255,0" owari="343,44.3,178,-32.2,224,-17.6,255,5.5" /></mjloggm>