<mjloggm ver="2.3"><GO type="225" lobby="0"/><UN n0="%E3%81%AF%E3%82%88%E3%81%8A%E3%81%98%E3%81%95%E3%82%93" n1="%E5%B8%86%E7%AB%8B%E5%A4%8F%E8%A1%A3" n2="%E9%80%9F%E6%B0%B4%E5%87%9B%E9%A6%99" n3="%72%69%6F%75%63%68%61%6E" dan="16,17,16,17" rate="2165.31,2139.78,2167.72,2268.88" sx="M,M,F,M"/><TAIKYOKU oya="0"/><INIT seed="0,0,0,0,2,13" ten="250,250,250,250" oya="0" hai0="39,81,23,50,63,114,89,106,129,95,11,72,8" hai1="109,45,110,105,43,33,0,30,115,88,26,34,90" hai2="126,56,80,125,69,76,15,116,21,35,20,67,74" hai3="47,37,14,73,79,130,55,12,19,4,62,96,9"/><T25/><D114/><U5/><E105/><V7/><F35/><W51/><G130/><T100/><D39/><U85/><E34/><V128/><F69/><W1/><G37/><T10/><D129/><U113/><E5/><V29/><F29/><W101/><G73/><T102/><D106/><U16/><E0/><V91/><F91/><N who="1" m="34857" /><E85/><V71/><F71/><W3/><G79/><T2/><D2/><U127/><E127/><N who="2" m="48651" /><F128/><W28/><G62/><T117/><D117/><U18/><E45/><V99/><F99/><W84/><G84/><T66/><D50/><U42/><E42/><V59/><F116/><W24/><G12/><T52/><D66/><U112/><E43/><V92/><F92/><W108/><G108/><AGARI ba="0,0" hai="16,18,26,30,33,108,109,110,112,113,115" m="34857" machi="108" ten="40,12000,2" yaku="14,1,11,1,52,2,54,2" doraHai="13" who="1" fromWho="3" sc="250,0,250,120,250,0,250,-120" /><INIT seed="1,0,0,5,5,105" ten="250,370,250,130" oya="1" hai0="39,15,51,94,75,113,86,19,130,121,36,84,129" hai1="118,114,111,20,126,73,96,25,125,54,76,110,30" hai2="99,65,42,107,63,131,101,5,3,40,68,33,11" hai3="72,49,6,35,80,23,115,21,87,116,16,48,81"/><U26/><E114/><V100/><F131/><N who="0" m="50186" /><D113/><U28/><E118/><V61/><F101/><W9/><G115/><T133/><D133/><U46/><E96/><V14/><F3/><W127/><G127/><N who="1" m="48650" /><E54/><V134/><F134/><W43/><G116/><T7/><D121/><U56/><E56/><V12/><F12/><W109/><G109/><N who="1" m="41482" /><E46/><V85/><F85/><W67/><G67/><T74/><D7/><U119/><E119/><V50/><F5/><W44/><G6/><T108/><D108/><U104/><E104/><V34/><F99/><W102/><G102/><T4/><D4/><U2/><E2/><V66/><F100/><W95/><G44/><T24/><D86/><U47/><E47/><V93/><F107/><W90/><G43/><T79/><D51/><U29/><E26/><V1/><F1/><W58/><G48/><T117/><D24/><U8/><E8/><V122/><F11/><W62/><G49/><T124/><D117/><U41/><E41/><V103/><F50/><W53/><G9/><N who="0" m="6639" /><D124/><U52/><E52/><V0/><F40/><W78/><G53/><T89/><D79/><U91/><E91/><V98/><F42/><W82/><G78/><T27/><D27/><U55/><E55/><V22/><F0/><W38/><G90/><T10/><D10/><U88/><E88/><V18/><F122/><W17/><G58/><AGARI ba="0,0" hai="14,18,22,33,34,58,61,63,65,66,68,93,98,103" machi="58" ten="30,1000,0" yaku="7,1" doraHai="105" who="2" fromWho="3" sc="250,0,370,0,250,10,130,-10" /><INIT seed="2,0,0,4,2,5" ten="250,370,260,120" oya="2" hai0="83,80,97,77,126,92,132,66,3,28,10,61,17" hai1="87,20,93,114,113,47,31,43,26,135,51,0,89" hai2="54,99,27,98,107,42,48,72,39,29,102,120,68" hai3="75,74,82,128,19,24,121,55,7,30,90,81,22"/><V119/><F72/><W117/><G117/><T95/><D126/><U33/><E135/><V37/><F120/><W115/><G128/><T45/><D132/><U88/><E0/><V109/><F119/><W123/><G115/><T94/><D28/><U1/><E1/><V23/><F68/><W64/><G64/><T4/><D17/><U41/><E41/><V15/><F109/><W67/><G67/><T100/><D45/><U79/><E79/><V14/><F42/><W46/><G7/><T63/><D63/><U108/><E108/><V122/><F122/><W60/><G30/><T62/><D61/><U85/><E33/><V110/><F110/><W131/><G131/><T69/><REACH who="0" step="1"/><D83/><AGARI ba="0,0" hai="20,26,31,43,47,51,83,85,87,88,89,93,113,114" machi="83" ten="30,2000,0" yaku="7,1,54,1" doraHai="5" who="1" fromWho="0" sc="250,-20,370,20,260,0,120,0" /><INIT seed="3,0,0,4,1,19" ten="230,390,260,120" oya="3" hai0="103,88,72,14,4,18,44,42,46,105,27,25,111" hai1="130,132,93,112,84,28,121,109,135,24,96,85,125" hai2="70,87,5,92,128,37,57,129,1,35,17,59,73" hai3="50,119,79,60,0,94,123,74,3,86,8,114,20"/><W9/><G114/><T120/><D72/><U56/><E112/><V26/><F70/><W68/><G119/><T124/><D120/><U91/><E121/><V62/><F37/><W102/><G123/><T126/><D111/><U36/><E36/><V65/><F73/><W23/><G74/><T12/><D103/><U71/><E71/><V38/><F38/><W43/><G0/><T108/><D105/><U21/><E109/><V101/><F5/><W81/><G3/><T113/><D108/><U41/><E41/><V89/><F1/><W63/><G68/><T106/><D106/><U110/><E125/><N who="0" m="48233" /><D113/><U83/><E130/><N who="2" m="50283" /><F101/><W66/><G102/><T58/><D58/><U116/><E116/><V33/><F57/><N who="3" m="37135" /><G63/><T100/><D100/><U53/><E110/><V39/><F39/><W64/><G64/><T48/><D44/><U30/><E56/><V55/><F65/><W134/><G134/><T16/><D4/><U34/><E135/><V54/><F54/><W69/><G69/><T67/><D67/><U49/><E132/><V82/><F82/><W131/><G131/><T6/><D6/><U107/><E107/><V32/><F32/><W104/><G104/><T115/><D115/><U2/><E2/><V95/><F95/><W15/><G94/><T22/><D88/><U13/><E83/><V122/><F122/><W133/><G133/><T127/><N who="0" m="48241" /><T76/><DORA hai="118" /><D76/><U31/><E53/><V77/><F77/><W90/><G79/><T51/><D51/><U99/><E85/><V78/><F78/><W75/><G75/><T61/><D61/><RYUUKYOKU ba="0,0" sc="230,15,390,-15,260,15,120,-15" hai0="12,14,16,18,22,25,27,42,46,48" hai2="17,26,33,35,55,59,62,87,89,92" owari="245,-15.5,375,47.5,275,7.5,105,-39.5" /></mjloggm>