<mjloggm ver="2.3"><GO type="225" lobby="0"/><UN n0="%E8%A8%88%E7%AE%97%E6%A9%9F%E8%87%AA%E7%84%B6" n1="%E3%83%96%E3%83%A9%E3%82%B6%E3%83%BC" n2="%E3%81%A1%E3%82%85%E3%81%86%E3%81%A9%E3%81%8F%E8%B1%A1%E3%81%95%E3%82%93" n3="%70%68%65%6E%6F%6D%65" dan="17,16,16,16" rate="2219.81,2114.45,2142.94,2148.67" sx="M,M,M,M"/><TAIKYOKU oya="0"/><INIT seed="0,0,0,4,5,65" ten="250,250,250,250" oya="0" hai0="54,66,95,14,7,104,93,57,120,51,100,82,85" hai1="1,73,69,9,30,59,123,115,84,107,131,46,19" hai2="124,10,76,2,94,5,4,125,134,22,118,88,92" hai3="133,27,63,41,13,77,33,90,75,45,86,113,35"/><T91/><D120/><U32/><E59/><V15/><F134/><W62/><G113/><T119/><D119/><U53/><E84/><V0/><F118/><W106/><G106/><T25/><D104/><U39/><E53/><V110/><F76/><W103/><G103/><T97/><D66/><U55/><E55/><V87/><F110/><W58/><G133/><T42/><D42/><U50/><E50/><V23/><F92/><W67/><G77/><T74/><D74/><U130/><E19/><V18/><REACH who="2" step="1"/><F22/><REACH who="2" ten="250,250,240,250" step="2"/><W36/><G75/><T37/><D93/><U38/><E115/><V61/><F61/><W101/><G63/><T128/><D95/><U72/><E123/><V26/><F26/><W29/><G35/><T105/><D25/><U127/><E32/><V49/><F49/><W34/><G33/><T89/><D37/><U60/><E107/><V31/><F31/><W99/><G34/><T108/><D108/><U126/><E60/><V79/><F79/><W3/><G29/><T129/><D89/><U12/><E30/><V81/><F81/><W112/><G27/><T40/><D91/><U48/><E48/><V44/><F44/><W28/><G28/><T111/><D111/><U116/><E46/><V16/><F16/><W114/><G112/><T135/><D135/><U102/><E116/><V98/><F98/><W17/><G114/><T24/><D24/><U21/><E39/><V70/><F70/><W64/><G90/><N who="0" m="51511" /><D40/><U80/><E38/><V83/><F83/><W117/><G117/><T8/><D105/><U52/><E69/><V78/><F78/><RYUUKYOKU ba="0,1" sc="250,15,250,-15,240,15,250,-15" hai0="7,8,14,51,54,57,97,100,128,129" hai2="0,2,4,5,10,15,18,23,87,88,94,124,125" /><INIT seed="0,1,1,3,4,125" ten="265,235,255,235" oya="0" hai0="67,11,19,128,38,79,83,134,126,102,105,74,36" hai1="10,88,69,129,87,54,41,106,47,64,22,49,24" hai2="70,121,34,63,42,9,18,89,98,0,119,104,120" hai3="44,30,90,95,122,12,76,116,62,40,14,4,85"/><T130/><D126/><U133/><E106/><V113/><F113/><W2/><G116/><T78/><D134/><U82/><E133/><V48/><F34/><W117/><G117/><T96/><D67/><U84/><E10/><V56/><F119/><W21/><G122/><T135/><D135/><U80/><E64/><V101/><F70/><W58/><G76/><T91/><D78/><U20/><E69/><V8/><F89/><W103/><G103/><T50/><D50/><U115/><E115/><V73/><F73/><W27/><G2/><T71/><D71/><U59/><E129/><N who="0" m="49769" /><D91/><U17/><E22/><V15/><F42/><W100/><G100/><T46/><D46/><U13/><E24/><V86/><F48/><N who="3" m="26631" /><G4/><T3/><D19/><U123/><E123/><V66/><REACH who="2" step="1"/><F86/><REACH who="2" ten="265,235,245,235" step="2"/><N who="1" m="32809" /><E88/><V131/><F131/><W109/><G109/><T26/><D26/><U23/><E41/><V114/><F114/><W43/><G43/><T107/><D107/><U6/><E49/><V72/><F72/><W1/><G85/><T55/><D55/><U60/><E54/><V33/><F33/><W16/><G90/><T93/><D105/><U108/><E108/><V52/><F52/><W118/><G118/><T37/><D36/><U75/><E75/><V65/><F65/><W29/><G95/><T35/><D35/><U111/><E111/><V53/><F53/><W31/><G58/><T77/><D79/><U45/><E59/><V61/><F61/><W81/><G62/><T32/><D32/><U110/><E110/><V28/><F28/><W112/><G112/><T25/><D25/><RYUUKYOKU ba="1,2" sc="265,15,235,-15,245,15,235,-15" hai0="3,11,37,38,74,77,83,93,96,102" hai2="0,8,9,15,18,56,63,66,98,101,104,120,121" /><INIT seed="0,2,2,1,0,81" ten="280,220,260,220" oya="0" hai0="83,46,49,25,102,116,119,80,109,50,26,54,112" hai1="130,1,61,110,23,118,63,40,27,84,92,89,69" hai2="115,7,62,3,39,106,48,22,68,133,14,18,79" hai3="98,73,32,64,107,117,103,77,88,129,87,10,37"/><T78/><D112/><U114/><E118/><V24/><F115/><W71/><G117/><T13/><D102/><U0/><E114/><V76/><F39/><W120/><G37/><T17/><D109/><U82/><E110/><V59/><F106/><W101/><G32/><T134/><D134/><U8/><E130/><V45/><F133/><W36/><G36/><T5/><D5/><U91/><E40/><N who="2" m="24615" /><F68/><W4/><G129/><T35/><D80/><U42/><E42/><V99/><F3/><W121/><G101/><T43/><D35/><U15/><E69/><V51/><F51/><W131/><G131/><T56/><D119/><U41/><E41/><V34/><F99/><W74/><G64/><T47/><D116/><U20/><E1/><V132/><F34/><W11/><G71/><T58/><D56/><U66/><E23/><N who="2" m="11735" /><F7/><W31/><G31/><T95/><D95/><U65/><E0/><V60/><F132/><W70/><G70/><T105/><D105/><U52/><E63/><N who="2" m="24107" /><F59/><W38/><G38/><T44/><D46/><U126/><E126/><V30/><AGARI ba="2,2" hai="22,24,30,76,79" m="24107,11735,24615" machi="30" ten="30,1100,0" yaku="8,1" doraHai="81" who="2" fromWho="2" sc="280,-7,220,-5,260,37,220,-5" /><INIT seed="1,0,0,0,3,119" ten="273,215,297,215" oya="1" hai0="128,61,3,123,98,103,72,21,135,1,85,86,4" hai1="58,97,79,5,81,112,134,95,82,52,71,47,22" hai2="23,46,20,118,90,74,92,60,43,65,115,116,68" hai3="62,83,127,104,67,107,57,120,126,10,101,63,8"/><U11/><E112/><V80/><F115/><W75/><G120/><T41/><D72/><U35/><E35/><V84/><F116/><W130/><G130/><T78/><D128/><U131/><E71/><V124/><F124/><N who="3" m="47659" /><G62/><T49/><D135/><U32/><E32/><V87/><F74/><W100/><G101/><T18/><D61/><U44/><E134/><V16/><F118/><W0/><G100/><T24/><D4/><U122/><E122/><V37/><REACH who="2" step="1"/><F16/><REACH who="2" ten="273,215,287,215" step="2"/><W89/><G75/><T28/><D18/><U53/><E131/><V96/><F96/><W56/><G10/><T121/><D98/><U55/><E11/><V26/><F26/><W132/><G132/><T125/><D125/><U27/><E27/><V14/><F14/><W7/><G0/><T29/><D24/><U113/><E113/><V105/><F105/><W17/><G17/><T114/><D114/><U38/><E97/><V45/><F45/><W133/><G133/><T93/><D1/><U102/><E47/><V117/><F117/><W94/><G107/><T40/><D3/><U39/><E44/><V25/><F25/><W109/><G104/><T64/><D123/><U48/><E5/><V30/><F30/><W77/><G8/><T76/><D28/><U2/><E2/><V69/><F69/><W6/><G7/><T59/><D29/><U129/><E129/><V42/><F42/><W15/><G15/><T31/><D31/><U66/><E22/><V9/><F9/><W106/><G106/><T70/><D121/><U73/><E73/><V91/><AGARI ba="0,1" hai="20,23,37,43,46,60,65,68,80,84,87,90,91,92" machi="91" ten="20,2700,0" yaku="1,1,0,1,7,1,53,0" doraHai="119" doraHaiUra="110" who="2" fromWho="2" sc="273,-7,215,-13,287,37,215,-7" /><INIT seed="2,0,0,5,3,15" ten="266,202,324,208" oya="2" hai0="10,91,59,70,96,35,122,32,21,66,50,72,5" hai1="62,76,134,26,111,100,69,42,22,74,27,43,33" hai2="83,131,45,47,113,71,67,39,58,68,52,37,25" hai3="87,102,30,61,49,107,0,77,109,11,128,97,4"/><V1/><F1/><W120/><G120/><T28/><D72/><U14/><E134/><V13/><F83/><W51/><G109/><T7/><D70/><N who="2" m="26666" /><F13/><W41/><G128/><T121/><D21/><U101/><E111/><V117/><F25/><W73/><G30/><T129/><D129/><U132/><E132/><V92/><F92/><W133/><G133/><T112/><D112/><U24/><E62/><N who="2" m="36167" /><F131/><W18/><G61/><T60/><D5/><U114/><E33/><V99/><F99/><W135/><G135/><T54/><D96/><U108/><E14/><V44/><F113/><W3/><G3/><T29/><D91/><U12/><E12/><V34/><F34/><W82/><G41/><T20/><D32/><U103/><E22/><V55/><F117/><W127/><G73/><T63/><D35/><U56/><E108/><V19/><F19/><W123/><G18/><T84/><D28/><U36/><E69/><V31/><F31/><W79/><G77/><T93/><D29/><U106/><E114/><V80/><F80/><W89/><G79/><T118/><D118/><U9/><E106/><V110/><F110/><W53/><G82/><T130/><D130/><U2/><E76/><V8/><F8/><W81/><G0/><T88/><D20/><U78/><E78/><V23/><F23/><W40/><G4/><T57/><D60/><U119/><E74/><V46/><F67/><W124/><G11/><T115/><D115/><U125/><E9/><V94/><F94/><W38/><G107/><T65/><D66/><U86/><E2/><AGARI ba="0,0" hai="2,7,10,50,54,57,59,63,65,84,88,93,121,122" machi="2" ten="30,2000,0" yaku="7,1,54,1" doraHai="15" who="0" fromWho="1" sc="266,20,202,-20,324,0,208,0" /><INIT seed="3,0,0,0,3,42" ten="286,182,324,208" oya="3" hai0="102,110,23,78,98,112,116,96,27,119,107,113,56" hai1="13,55,30,94,11,115,20,9,75,16,46,29,62" hai2="33,49,51,105,104,109,81,2,26,52,114,38,123" hai3="132,135,31,118,103,50,0,3,53,76,36,67,80"/><W134/><G118/><N who="0" m="45099" /><D56/><U99/><E115/><N who="0" m="44105" /><D23/><U101/><E75/><V120/><F114/><W82/><G36/><T69/><D27/><U86/><E86/><V68/><F68/><W35/><G103/><N who="0" m="62951" /><D69/><U93/><E93/><V90/><F2/><W111/><G67/><T7/><D7/><U24/><E30/><N who="2" m="19671" /><F109/><W73/><G111/><T100/><D110/><U44/><E9/><V66/><F38/><W25/><REACH who="3" step="1"/><G80/><REACH who="3" ten="286,182,324,198" step="2"/><T28/><D100/><U89/><E101/><V91/><F120/><W124/><G124/><T108/><D108/><U129/><E129/><V117/><F123/><W37/><G37/><T97/><D102/><U10/><E10/><V87/><F117/><W15/><G15/><T41/><D98/><U70/><E70/><V45/><F66/><W79/><G79/><T39/><D97/><U88/><E89/><V121/><F121/><W5/><G5/><T8/><D39/><U12/><E13/><V72/><F91/><W43/><G43/><T58/><D41/><U17/><E29/><V84/><F90/><W64/><G64/><T83/><D28/><U40/><E40/><N who="2" m="24743" /><F105/><W95/><G95/><T92/><D92/><U18/><E18/><V63/><F104/><W59/><AGARI ba="0,1" hai="0,3,25,31,35,50,53,59,73,76,82,132,134,135" machi="59" ten="30,6000,0" yaku="1,1,0,1,20,1,53,0" doraHai="42" doraHaiUra="14" who="3" fromWho="3" sc="286,-20,182,-20,324,-20,198,70" /><INIT seed="3,1,0,3,5,84" ten="266,162,304,268" oya="3" hai0="50,38,82,23,62,133,3,128,118,40,44,108,101" hai1="34,95,104,80,13,22,129,24,56,42,18,63,126" hai2="12,135,112,55,25,90,5,8,14,19,105,75,32" hai3="96,122,102,127,107,76,125,36,120,48,45,21,65"/><W61/><G36/><T27/><D118/><U30/><E104/><V89/><F112/><W20/><G76/><T53/><D108/><U37/><E129/><V66/><F105/><W35/><G35/><T92/><D133/><U57/><E126/><N who="3" m="48138" /><G21/><T103/><D3/><U26/><E80/><V98/><F75/><W67/><G20/><T39/><D128/><U86/><E42/><V132/><F66/><N who="3" m="25099" /><G61/><T116/><D116/><U87/><E37/><V83/><F55/><AGARI ba="1,0" hai="45,48,55,96,102,107,120,122" m="25099,48138" machi="55" ten="30,1500,0" yaku="18,1" doraHai="84" who="3" fromWho="2" sc="266,0,162,0,304,-18,268,18" /><INIT seed="3,2,0,4,5,99" ten="266,162,286,286" oya="3" hai0="132,14,75,125,60,15,40,100,2,34,11,27,1" hai1="22,131,0,41,18,17,77,80,62,95,120,4,114" hai2="88,36,76,123,5,3,19,54,50,122,37,84,79" hai3="124,53,35,48,47,21,64,86,106,24,81,83,133"/><W10/><G124/><T117/><D75/><U12/><E120/><N who="2" m="46123" /><F19/><N who="3" m="12351" /><G35/><T63/><D40/><U57/><E114/><V109/><F109/><W51/><G106/><T70/><D117/><U39/><E131/><V92/><F3/><W82/><G133/><T126/><D132/><U43/><E39/><N who="2" m="14923" /><F5/><W94/><G64/><T115/><D115/><U16/><E17/><V30/><F30/><W58/><G10/><T74/><D74/><U46/><E41/><V61/><F61/><N who="3" m="36047" /><G47/><AGARI ba="2,0" hai="47,50,54,76,79,84,88,92" m="14923,46123" machi="47" ten="30,2000,0" yaku="13,1,54,1" doraHai="99" who="2" fromWho="3" sc="266,0,162,0,286,26,286,-26" owari="266,6.6,162,-33.8,312,41.2,260,-14.0" /></mjloggm>