<mjloggm ver="2.3"><GO type="225" lobby="0"/><UN n0="%E3%82%A2%E3%82%A4%E3%82%B9%E3%83%86%E3%82%A3%E3%83%BC%E3%81%82%E3%81%B9" n1="%E3%83%A1%E3%82%AC%E3%83%87%E3%82%B8" n2="%E7%AD%89%E3%80%85%E5%8A%9B%E5%8A%87%E5%A0%B4" n3="%72%69%6F%75%63%68%61%6E" dan="16,16,16,17" rate="2077.20,2069.05,2165.57,2161.13" sx="M,F,M,M"/><TAIKYOKU oya="0"/><INIT seed="0,0,0,2,1,88" ten="250,250,250,250" oya="0" hai0="113,42,35,102,15,49,104,41,124,67,6,48,43" hai1="131,10,62,125,123,54,29,39,12,23,66,36,114" hai2="103,64,57,9,7,122,4,24,2,86,101,26,56" hai3="110,95,115,46,33,34,126,100,127,60,108,78,121"/><T63/><D113/><U45/><E123/><V82/><F122/><W17/><G115/><T71/><D124/><N who="3" m="47657" /><G121/><T112/><D112/><U129/><E114/><V58/><F64/><W69/><G78/><T44/><D35/><N who="3" m="13321" /><G46/><T55/><D104/><U134/><E134/><V16/><F7/><W75/><G75/><T19/><D102/><U116/><E116/><V68/><F68/><W53/><G17/><T83/><D83/><U72/><E72/><V107/><F107/><W50/><G60/><T30/><D30/><U80/><E80/><V18/><F18/><W32/><N who="3" m="13329" /><W11/><DORA hai="94" /><G69/><T21/><REACH who="0" step="1"/><D6/><REACH who="0" ten="240,250,250,250" step="2"/><N who="1" m="3159" /><E29/><V106/><F4/><W111/><G100/><T76/><D76/><U120/><E125/><V51/><F103/><W109/><G108/><T5/><D5/><U38/><E120/><V105/><F101/><W84/><G109/><T77/><D77/><U70/><E131/><V25/><F106/><W92/><G110/><T128/><D128/><U118/><E129/><V65/><F105/><W14/><G111/><T40/><D40/><U61/><E118/><V96/><F82/><W28/><G28/><T135/><D135/><U97/><E70/><V20/><F20/><W1/><BYE who="2" /><G1/><T79/><D79/><U90/><E90/><V47/><F47/><AGARI ba="0,1" hai="15,19,21,41,42,43,44,47,48,49,55,63,67,71" machi="47" ten="30,5800,0" yaku="1,1,7,1,53,1" doraHai="88,94" doraHaiUra="87,8" who="0" fromWho="2" sc="240,68,250,0,250,-58,250,0" /><UN n2="%E7%AD%89%E3%80%85%E5%8A%9B%E5%8A%87%E5%A0%B4" /><INIT seed="0,1,0,4,3,102" ten="308,250,192,250" oya="0" hai0="118,2,57,26,93,109,0,129,100,30,132,3,85" hai1="80,11,63,18,120,77,105,126,16,78,87,134,15" hai2="112,86,124,50,66,67,5,35,113,56,125,110,70" hai3="101,12,71,14,111,69,52,99,53,60,22,37,61"/><T116/><D132/><U128/><E120/><V133/><F35/><W33/><G33/><T73/><D73/><U96/><E134/><V32/><F32/><W84/><G111/><T28/><D129/><U27/><E128/><V106/><F5/><W1/><G1/><T89/><D109/><U20/><E126/><N who="2" m="48747" /><F86/><W9/><G37/><T51/><D100/><U108/><E108/><V38/><F110/><W43/><G43/><T92/><D93/><U94/><E105/><V95/><F95/><N who="3" m="58623" /><G69/><T123/><D123/><U121/><E121/><V119/><F133/><W55/><G71/><T8/><D8/><U4/><E78/><V25/><F25/><W7/><G84/><T135/><D135/><U39/><E39/><V81/><F81/><W45/><G45/><T83/><D92/><U72/><E63/><V19/><F19/><AGARI ba="1,0" hai="7,9,12,14,19,22,52,53,55,60,61" m="58623" machi="19" ten="30,2000,0" yaku="8,1,54,1" doraHai="102" who="3" fromWho="2" sc="308,0,250,0,192,-23,250,23" /><INIT seed="1,0,0,4,1,83" ten="308,250,169,273" oya="1" hai0="75,10,37,135,78,9,122,77,101,42,60,31,11" hai1="113,35,124,4,16,123,54,30,3,8,56,64,81" hai2="67,99,92,85,125,38,66,91,25,76,32,40,18" hai3="114,65,73,0,59,109,14,49,33,112,69,46,26"/><U88/><E113/><V58/><F125/><W71/><G0/><T24/><D135/><U105/><E105/><V53/><F40/><W98/><G73/><T121/><D101/><U93/><E123/><N who="0" m="47113" /><D75/><U116/><E116/><V51/><F38/><W89/><G109/><T102/><D102/><U19/><E64/><V97/><F32/><W86/><G98/><N who="2" m="37385" /><F76/><N who="0" m="29290" /><D60/><U1/><E81/><V57/><F58/><W20/><G33/><N who="0" m="20711" /><D42/><U5/><E124/><V111/><F111/><W27/><G114/><T95/><D95/><U63/><E35/><V22/><AGARI ba="0,0" hai="18,22,25,51,53,57,66,67,85,91,92" m="37385" machi="22" ten="30,2000,0" yaku="8,1,52,1" doraHai="83" who="2" fromWho="2" sc="308,-5,250,-10,169,20,273,-5" /><INIT seed="2,0,0,4,4,38" ten="303,240,189,268" oya="2" hai0="123,118,41,108,12,59,83,94,92,21,104,78,99" hai1="69,18,122,51,130,23,46,40,117,133,74,65,115" hai2="81,113,66,28,58,111,79,102,9,98,135,19,3" hai3="47,132,110,11,16,75,63,29,82,70,107,55,87"/><V7/><F113/><W26/><G107/><T13/><D108/><U43/><E115/><V0/><F135/><W52/><G75/><T56/><D123/><U22/><E117/><V80/><F111/><W76/><G110/><T35/><D35/><U106/><E133/><V120/><F120/><W32/><G132/><T42/><D104/><U84/><E74/><V126/><F126/><W68/><G47/><T57/><D94/><U129/><E106/><V71/><F71/><W134/><G134/><T97/><D99/><U67/><E122/><V24/><F0/><W112/><G112/><T60/><D60/><U119/><E119/><V61/><F19/><W36/><G36/><T53/><D53/><N who="1" m="29943" /><E23/><N who="2" m="15391" /><F79/><W48/><G48/><T131/><D131/><N who="1" m="50187" /><E84/><V114/><F114/><W50/><G50/><T103/><D118/><U85/><E85/><V10/><F10/><W88/><G76/><T128/><D128/><U124/><E124/><V6/><F6/><W93/><G93/><AGARI ba="0,0" hai="3,7,9,58,61,66,80,81,93,98,102" m="15391" machi="93" ten="30,1500,0" yaku="25,1" doraHai="38" who="2" fromWho="3" sc="303,0,240,0,189,15,268,-15" /><INIT seed="2,1,0,2,4,13" ten="303,240,204,253" oya="2" hai0="81,47,14,59,24,66,74,102,11,65,38,56,27" hai1="75,109,72,26,21,134,86,70,122,106,84,62,129" hai2="91,31,3,79,127,118,97,80,69,132,52,20,50" hai3="104,128,46,103,114,89,107,39,108,92,28,105,0"/><V124/><F118/><W68/><G0/><T90/><D102/><U57/><E106/><V71/><F3/><W117/><G117/><T93/><D74/><U36/><E36/><V22/><F132/><W45/><G68/><T1/><D81/><U67/><E134/><V135/><F135/><W76/><G39/><T116/><D116/><U123/><E109/><V113/><F113/><W55/><G103/><T40/><D1/><U83/><E70/><V18/><F31/><W23/><G76/><T63/><D59/><U49/><E49/><V42/><F42/><W16/><G28/><T77/><D77/><N who="1" m="46191" /><E86/><V120/><F120/><N who="1" m="46121" /><E129/><V5/><F5/><W88/><G108/><T95/><D66/><U61/><E61/><V130/><F130/><W32/><G32/><T48/><D38/><U60/><E60/><V37/><F37/><W35/><G35/><T7/><D95/><U6/><E6/><V51/><F51/><W111/><G111/><T87/><AGARI ba="1,0" hai="7,11,14,24,27,40,47,48,56,63,65,87,90,93" machi="87" ten="20,2700,0" yaku="0,1,7,1,8,1" doraHai="13" who="0" fromWho="0" sc="303,30,240,-8,204,-14,253,-8" /><INIT seed="3,0,0,0,1,119" ten="333,232,190,245" oya="3" hai0="83,72,100,115,17,29,3,110,105,13,126,113,41" hai1="50,6,134,52,20,34,66,18,40,42,106,46,14" hai2="43,68,74,79,51,44,120,135,22,26,118,37,69" hai3="102,75,19,85,94,38,54,5,121,97,124,133,98"/><W2/><G121/><T117/><D3/><U45/><E106/><V59/><F118/><W76/><G124/><T11/><D117/><U127/><E127/><V33/><F33/><W10/><G133/><T24/><D126/><U27/><E134/><V31/><F135/><W35/><G38/><T7/><D110/><U82/><E66/><V86/><F74/><W63/><G35/><T21/><D41/><U95/><E34/><V92/><F79/><W131/><G131/><T23/><D72/><U81/><E95/><V60/><F37/><W91/><G19/><T67/><D83/><N who="1" m="31755" /><E45/><V4/><F4/><W62/><G75/><T36/><D23/><N who="1" m="11735" /><E6/><V73/><F73/><W125/><G125/><T93/><D11/><U109/><E109/><V47/><F47/><W39/><G39/><T114/><D13/><U61/><E61/><V89/><REACH who="2" step="1"/><F120/><REACH who="2" ten="333,232,180,245" step="2"/><W87/><G76/><T123/><D36/><U122/><E122/><V78/><F78/><W55/><G5/><T107/><D123/><U84/><E84/><V99/><F99/><W16/><G98/><T104/><D7/><U12/><E46/><V77/><F77/><W128/><G87/><T70/><D115/><U101/><E42/><V53/><AGARI ba="0,1" hai="22,26,31,43,44,51,53,59,60,68,69,86,89,92" machi="53" ten="20,5200,0" yaku="1,1,0,1,7,1,53,1" doraHai="119" doraHaiUra="88" who="2" fromWho="2" sc="333,-13,232,-13,180,62,245,-26" owari="320,42.0,219,-18.1,242,4.2,219,-28.1" /></mjloggm>