<mjloggm ver="2.3"><GO type="225" lobby="0"/><UN n0="%E3%82%BC%E3%83%AB%E3%83%80%E3%81%AE%E4%BC%9D%E8%AA%AC" n1="%E7%B4%94%E6%BD%94%E3%83%94%E3%83%A9%E3%83%8B%E3%82%A2" n2="%E9%B3%B3%E6%9D%B1%E3%81%AE%E3%81%86%E3%81%95%E3%81%8E%E3%81%95%E3%82%93" n3="%E5%84%AA%40%41%42%43" dan="16,16,16,17" rate="2170.50,2182.58,2250.11,2247.92" sx="M,M,M,M"/><TAIKYOKU oya="0"/><INIT seed="0,0,0,2,2,87" ten="250,250,250,250" oya="0" hai0="59,66,38,62,120,132,11,1,68,23,47,15,26" hai1="2,82,78,27,103,60,89,133,45,111,46,9,36" hai2="61,5,122,125,83,32,18,93,134,3,7,64,19" hai3="22,14,17,28,55,31,101,54,69,127,16,108,104"/><T57/><D120/><U126/><E111/><V118/><F122/><W29/><G69/><T79/><D132/><U71/><E126/><V106/><F106/><W135/><G108/><T4/><D1/><U35/><E103/><V107/><F107/><W117/><G117/><T33/><D33/><U114/><E89/><V58/><F32/><W97/><G127/><T77/><D38/><U73/><E45/><V124/><F134/><W80/><G135/><T131/><D131/><U39/><E114/><V74/><F118/><W102/><G102/><T40/><D68/><U128/><E128/><V92/><F125/><W109/><G109/><T48/><REACH who="0" step="1"/><D57/><REACH who="0" ten="240,250,250,250" step="2"/><U84/><E39/><V24/><F3/><W52/><G80/><T49/><D49/><U110/><E36/><V56/><F56/><W121/><G121/><T42/><D42/><U53/><E2/><V63/><F124/><W21/><REACH who="3" step="1"/><G55/><REACH who="3" ten="240,250,250,240" step="2"/><T8/><D8/><U12/><E71/><V95/><F83/><W67/><G67/><T0/><D0/><U81/><E110/><V6/><F64/><W105/><G105/><T20/><D20/><U30/><E133/><V99/><F92/><W88/><G88/><T41/><D41/><U90/><E53/><V116/><F93/><W112/><G112/><T10/><D10/><U25/><E9/><V34/><F116/><W70/><G70/><T13/><D13/><AGARI ba="0,2" hai="13,14,16,17,21,22,28,29,31,52,54,97,101,104" machi="13" ten="40,12000,2" yaku="1,1,9,1,54,2,53,2" doraHai="87" doraHaiUra="51" who="3" fromWho="0" sc="240,-120,250,0,250,0,240,140" /><INIT seed="1,0,0,0,5,134" ten="120,250,250,380" oya="1" hai0="133,118,121,21,0,44,36,107,4,92,76,115,60" hai1="131,106,85,127,90,94,65,128,35,73,3,40,14" hai2="37,82,32,22,51,24,41,108,123,15,88,74,105" hai3="8,135,5,55,13,120,6,132,46,7,34,56,114"/><U126/><E3/><V19/><F123/><W39/><G114/><T18/><D107/><U45/><E106/><V95/><F37/><W31/><G120/><T80/><D118/><U130/><E35/><V63/><F105/><W129/><G129/><T124/><D121/><U38/><E73/><V119/><F119/><W64/><G64/><T33/><D115/><U66/><E14/><V23/><F32/><W27/><G46/><T84/><D33/><U117/><E117/><V113/><F108/><W77/><G77/><T42/><D133/><N who="3" m="51273" /><G39/><T20/><D124/><AGARI ba="0,0" hai="38,40,45,65,66,85,90,94,124,126,127,128,130,131" machi="124" ten="50,12000,1" yaku="18,1,19,1,52,3" doraHai="134" who="1" fromWho="0" sc="120,-120,250,120,250,0,380,0" /><INIT seed="1,1,0,0,0,1" ten="0,370,250,380" oya="1" hai0="24,132,119,14,55,100,39,107,65,76,48,90,89" hai1="57,115,122,91,34,109,79,73,120,30,105,3,2" hai2="110,85,32,118,114,128,5,42,129,50,52,17,26" hai3="70,80,9,72,77,133,45,60,93,0,103,58,35"/><U29/><E91/><V59/><F118/><W28/><G133/><T67/><D119/><U96/><E57/><V16/><F110/><W86/><G70/><T74/><D39/><U22/><E22/><V40/><F114/><W43/><G35/><T71/><D132/><U4/><E30/><V21/><F32/><W135/><G28/><T108/><D108/><U99/><E99/><V38/><F17/><W88/><G135/><T25/><D107/><U127/><E127/><V117/><F117/><W53/><G103/><T44/><D100/><N who="1" m="62599" /><E115/><V19/><F19/><W51/><G0/><N who="1" m="42" /><E4/><V95/><F5/><W130/><REACH who="3" step="1"/><G9/><REACH who="3" ten="0,370,250,370" step="2"/><T66/><D71/><U37/><E109/><V36/><F36/><W46/><G46/><T125/><D125/><U113/><E113/><V92/><F38/><W94/><G94/><N who="2" m="35881" /><F85/><W98/><G98/><T104/><D104/><U97/><E97/><V61/><F129/><AGARI ba="1,1" hai="43,45,51,53,58,60,72,77,80,86,88,93,129,130" machi="129" ten="40,2600,0" yaku="1,1,54,1,53,0" doraHai="1" doraHaiUra="111" who="3" fromWho="2" sc="0,0,370,0,250,-29,370,39" /><INIT seed="2,0,0,5,5,132" ten="0,370,221,409" oya="2" hai0="24,88,72,80,54,104,127,102,128,123,71,120,74" hai1="129,84,64,57,23,17,78,105,55,91,113,14,61" hai2="51,52,121,109,62,83,134,28,99,59,67,110,41" hai3="68,5,39,53,116,35,20,0,60,124,7,12,122"/><V135/><F83/><W11/><G122/><N who="0" m="46635" /><D71/><U36/><E129/><V77/><F77/><W112/><G116/><T26/><D54/><U30/><E105/><V114/><F99/><W1/><G39/><T44/><D44/><U92/><E113/><V100/><F100/><W90/><G124/><T43/><D43/><U40/><E36/><V38/><F121/><W119/><G119/><T2/><D2/><U25/><E78/><V32/><F28/><W50/><G112/><T103/><D26/><U70/><E40/><V118/><F32/><W125/><G125/><T65/><D65/><U19/><E19/><V96/><F96/><W133/><G35/><T86/><D24/><U48/><REACH who="1" step="1"/><E30/><REACH who="1" ten="0,360,221,409" step="2"/><V73/><F73/><N who="0" m="28266" /><D128/><U117/><E117/><V69/><F114/><W87/><G133/><N who="2" m="50697" /><F118/><W10/><G5/><T95/><D104/><U94/><E94/><V82/><F82/><W31/><G7/><T126/><D103/><U108/><E108/><N who="2" m="41579" /><F41/><W58/><G31/><T66/><D66/><U16/><E16/><V81/><F81/><W8/><G0/><T130/><D130/><U101/><E101/><V37/><AGARI ba="0,1" hai="37,38,51,52,59,62,67,69" m="41579,50697" machi="37" ten="40,18000,2" yaku="20,1,14,1,10,1,34,2,54,1" doraHai="132" who="2" fromWho="2" sc="0,-60,360,-60,221,190,409,-60" owari="-60,-56.0,300,-10.0,411,51.1,349,14.9" /></mjloggm>