<mjloggm ver="2.3"><GO type="225" lobby="0"/><UN n0="%E3%81%A8%E3%82%93%E3%81%A8%E3%81%93%E3%81%A8%E3%82%93" n1="%E3%81%86%E3%81%A9%E3%82%93%E3%81%93" n2="%70%65%6E%74%6F%6C%61" n3="%E3%82%BC%E3%83%AB%E3%83%80%E3%81%AE%E4%BC%9D%E8%AA%AC" dan="16,16,17,17" rate="2137.16,2153.91,2166.12,2202.48" sx="F,M,M,M"/><TAIKYOKU oya="0"/><INIT seed="0,0,0,5,3,73" ten="250,250,250,250" oya="0" hai0="22,49,78,2,24,134,91,72,100,109,96,82,94" hai1="70,33,51,39,42,80,15,62,114,74,40,32,3" hai2="71,36,53,16,43,128,10,103,119,60,47,99,57" hai3="31,131,55,87,1,83,121,48,29,84,11,111,21"/><T35/><D134/><U52/><E3/><V118/><F128/><W28/><G111/><T25/><D2/><U27/><E114/><V85/><F85/><W102/><G131/><T123/><D123/><U41/><E39/><V135/><F135/><W110/><G110/><T130/><D130/><U13/><E62/><V58/><F58/><W61/><G121/><T117/><D117/><U125/><E70/><V129/><F129/><W95/><G61/><T38/><D38/><U64/><E64/><V120/><F120/><W79/><G1/><T56/><D109/><U19/><E125/><V101/><F71/><W17/><G11/><T20/><D100/><U69/><E69/><V34/><F34/><W106/><G106/><T105/><D105/><U59/><E27/><V113/><F113/><W14/><G102/><T124/><D124/><U107/><E107/><V132/><F132/><W9/><G9/><T127/><D127/><U37/><E37/><V76/><F76/><W77/><G95/><T97/><D97/><U45/><E59/><V63/><F63/><W115/><G115/><T75/><D75/><U54/><E54/><V30/><F30/><W133/><G133/><T26/><REACH who="0" step="1"/><D35/><REACH who="0" ten="240,250,250,250" step="2"/><U81/><E74/><V108/><F108/><W6/><G87/><T90/><D90/><U68/><E32/><V8/><F101/><W116/><G116/><N who="2" m="44585" /><F99/><W12/><G84/><T92/><D92/><U104/><E33/><V126/><F103/><W23/><G83/><N who="1" m="31818" /><E104/><V86/><F86/><W50/><G79/><T0/><D0/><U112/><E112/><V89/><F126/><RYUUKYOKU ba="0,1" sc="240,30,250,-10,250,-10,250,-10" hai0="20,22,24,25,26,49,56,72,78,82,91,94,96" /><INIT seed="0,1,1,5,3,88" ten="270,240,240,240" oya="0" hai0="27,80,117,24,135,61,8,71,102,111,66,89,84" hai1="54,121,63,62,23,37,81,57,83,127,34,26,28" hai2="109,108,106,35,56,7,46,128,96,94,131,14,60" hai3="20,118,43,85,73,47,40,16,123,72,134,33,9"/><T93/><D117/><U107/><E121/><V10/><F35/><W12/><G118/><T130/><D130/><N who="2" m="49706" /><F46/><W114/><G114/><T104/><D104/><U112/><E107/><V52/><F106/><W32/><G123/><T125/><D125/><U15/><E127/><V69/><F69/><W99/><G134/><T74/><D135/><U95/><E37/><V77/><F77/><W65/><G99/><T18/><D111/><U49/><E112/><V78/><F78/><W67/><G85/><T97/><REACH who="0" step="1"/><D74/><REACH who="0" ten="260,240,240,240" step="2"/><U110/><E110/><V75/><F75/><W91/><G73/><T126/><D126/><U79/><E79/><V86/><F86/><W105/><G72/><T68/><D68/><U17/><E95/><V55/><F55/><W101/><G105/><T44/><D44/><U4/><E4/><V120/><F120/><W103/><G47/><T124/><D124/><U45/><REACH who="1" step="1"/><E63/><REACH who="1" ten="260,230,240,240" step="2"/><V51/><F60/><W87/><G87/><T90/><D90/><AGARI ba="1,3" hai="7,10,14,51,52,56,90,94,96,108,109" m="49706" machi="90" ten="30,3900,0" yaku="19,1,52,1,54,1" doraHai="88" who="2" fromWho="0" sc="260,-42,230,0,240,72,240,0" /><INIT seed="1,0,0,0,4,13" ten="218,230,312,240" oya="1" hai0="45,52,104,81,34,20,106,41,80,25,47,54,28" hai1="26,115,22,57,87,125,130,21,78,77,68,46,67" hai2="111,103,24,62,121,5,60,61,0,32,127,74,124" hai3="120,110,101,48,118,7,95,72,122,131,23,89,35"/><U93/><E115/><V113/><F121/><W99/><G35/><T19/><D106/><U16/><E130/><V86/><F74/><W117/><G7/><T8/><D104/><U27/><E68/><V42/><F42/><W56/><G56/><T39/><D8/><U129/><E129/><V58/><F103/><W76/><G48/><T100/><D100/><U15/><E125/><N who="2" m="48203" /><F86/><N who="3" m="52663" /><G23/><T79/><D47/><U98/><E46/><V53/><F111/><W84/><G84/><T36/><D36/><U123/><E123/><N who="3" m="47146" /><G110/><T128/><D128/><U59/><E27/><V2/><F113/><W132/><G132/><T105/><D105/><U4/><E4/><V9/><F2/><W17/><G17/><T85/><REACH who="0" step="1"/><D81/><REACH who="0" ten="208,230,312,240" step="2"/><N who="1" m="47535" /><E78/><V82/><F82/><N who="3" m="45319" /><G131/><T12/><AGARI ba="0,1" hai="12,19,20,25,28,34,39,41,45,52,54,79,80,85" machi="12" ten="20,8000,1" yaku="1,1,0,1,7,1,52,1,54,1,53,0" doraHai="13" doraHaiUra="65" who="0" fromWho="0" sc="208,90,230,-40,312,-20,240,-20" /><INIT seed="2,0,0,2,4,53" ten="298,190,292,220" oya="2" hai0="98,66,2,125,34,127,77,0,85,14,120,102,95" hai1="56,69,117,130,118,107,42,37,40,83,62,58,128" hai2="52,74,76,82,104,70,96,30,122,106,113,101,110" hai3="23,11,59,132,126,65,54,115,10,100,7,133,27"/><V44/><F122/><W93/><G126/><N who="0" m="48139" /><D120/><U123/><E107/><V12/><F113/><W13/><G115/><T90/><D34/><U109/><E123/><V112/><F112/><W87/><G10/><T67/><D77/><U24/><E83/><V22/><F70/><W55/><G65/><N who="0" m="24587" /><D14/><U91/><E69/><V15/><F110/><W78/><G78/><T38/><D38/><U50/><E109/><V103/><F30/><W21/><G55/><T46/><D46/><N who="1" m="23823" /><E91/><V31/><F31/><W28/><G21/><T111/><D111/><U4/><E4/><V86/><F22/><W92/><G87/><T17/><D17/><U6/><E6/><V43/><F86/><W25/><G25/><T72/><D72/><U19/><E19/><V20/><F20/><W60/><REACH who="3" step="1"/><G100/><REACH who="3" ten="298,190,292,210" step="2"/><T124/><D124/><U41/><E24/><V84/><F84/><W114/><G114/><T9/><D9/><U116/><E41/><V81/><F43/><W48/><G48/><T61/><D61/><U32/><E32/><V8/><F8/><W51/><G51/><T79/><D79/><U45/><E62/><V33/><F33/><W94/><AGARI ba="0,1" hai="7,11,13,23,27,28,54,59,60,92,93,94,132,133" machi="94" ten="30,7900,0" yaku="1,1,0,1,52,1,53,1" doraHai="53" doraHaiUra="57" who="3" fromWho="3" sc="298,-20,190,-20,292,-39,210,89" /><INIT seed="3,0,0,1,3,129" ten="278,170,253,299" oya="3" hai0="5,51,8,18,62,32,85,102,19,125,15,98,84" hai1="34,74,99,31,25,10,131,28,109,23,6,107,126" hai2="67,14,0,41,92,12,16,55,64,60,57,119,43" hai3="78,100,7,87,115,49,122,44,30,9,134,58,116"/><W26/><G134/><T103/><D32/><U128/><E74/><V111/><F0/><W40/><G115/><T123/><D123/><U76/><E76/><V113/><F119/><W135/><G135/><T13/><D125/><U94/><E107/><V17/><F113/><W11/><G122/><T2/><D2/><U104/><E104/><V88/><F111/><W86/><G116/><T35/><D35/><U53/><E109/><V1/><F1/><W114/><G114/><T22/><D62/><U37/><E37/><V106/><F106/><W133/><G133/><T56/><D103/><U81/><E81/><V120/><F120/><W95/><G58/><T50/><D5/><U121/><E121/><V82/><F82/><N who="3" m="47447" /><G7/><T21/><D8/><U48/><E126/><V71/><F71/><W97/><G87/><N who="0" m="33355" /><D56/><U118/><E118/><V61/><F61/><W112/><G112/><T68/><D68/><U24/><E10/><N who="2" m="6167" /><F67/><W33/><G33/><T20/><D21/><U38/><E6/><V89/><F64/><W42/><G42/><N who="2" m="15881" /><F92/><AGARI ba="0,0" hai="13,15,18,19,20,22,50,51,92,98,102" m="33355" machi="92" ten="30,1000,0" yaku="8,1" doraHai="129" who="0" fromWho="2" sc="278,10,170,0,253,-10,299,0" /><INIT seed="4,0,0,1,2,10" ten="288,170,243,299" oya="0" hai0="48,39,103,9,31,75,86,102,135,53,44,35,30" hai1="21,43,17,4,3,49,115,101,79,83,93,29,40" hai2="80,78,88,11,54,87,119,133,69,36,76,16,7" hai3="121,131,37,64,124,42,46,26,8,89,33,117,95"/><T45/><D75/><U94/><E115/><V63/><F36/><W22/><G117/><T71/><D71/><U74/><E29/><V23/><F133/><W0/><G33/><T72/><D72/><U6/><E94/><V1/><F119/><W2/><G124/><T52/><D135/><U129/><E129/><V73/><F73/><W84/><G131/><T114/><D114/><U60/><E60/><V34/><F34/><W92/><G121/><T105/><D105/><U99/><E3/><V126/><F126/><W61/><G95/><T134/><D134/><U128/><E128/><V96/><F96/><W68/><G8/><T15/><D86/><U123/><E123/><V28/><F28/><AGARI ba="0,0" hai="0,2,22,26,28,37,42,46,61,64,68,84,89,92" machi="28" ten="30,1000,0" yaku="7,1" doraHai="10" who="3" fromWho="2" sc="288,0,170,0,243,-10,299,10" owari="288,8.8,170,-33.0,233,-16.7,309,40.9" /></mjloggm>