<mjloggm ver="2.3"><GO type="225" lobby="0"/><UN n0="%E6%B4%BE%E9%81%A3%E3%81%AE%E3%82%B8%E3%83%A3%E3%83%83%E3%82%AF" n1="%72%69%6F%75%63%68%61%6E" n2="%2D%E8%B1%8A%E5%8F%A3%E3%82%81%E3%81%90%E3%81%BF%2D" n3="%E5%B8%86%E7%AB%8B%E5%A4%8F%E8%A1%A3" dan="17,17,17,16" rate="2219.35,2200.20,2192.34,2163.10" sx="M,M,F,M"/><TAIKYOKU oya="0"/><INIT seed="0,0,0,5,4,126" ten="250,250,250,250" oya="0" hai0="33,38,79,31,74,35,109,85,104,73,30,11,95" hai1="90,133,32,26,64,130,12,47,65,4,28,103,10" hai2="86,54,72,88,124,51,122,76,40,78,19,14,84" hai3="82,42,93,81,117,21,97,25,34,92,39,43,17"/><T100/><D38/><U13/><E130/><V123/><F124/><W37/><G117/><T68/><D68/><U2/><E133/><V115/><F115/><W46/><G34/><T102/><D11/><U75/><E75/><V112/><F112/><W1/><G1/><T53/><D53/><U66/><E103/><V58/><F72/><W108/><G108/><T3/><D3/><U9/><E47/><V111/><F111/><W70/><G70/><T22/><D109/><U29/><E29/><V24/><F24/><W52/><G39/><T0/><D0/><U44/><E90/><V59/><F40/><N who="3" m="15403" /><G93/><T18/><D104/><U67/><E44/><V45/><F123/><W101/><G37/><T49/><D49/><AGARI ba="0,0" hai="17,21,25,46,49,52,81,82,92,97,101" m="15403" machi="49" ten="30,2000,0" yaku="8,1,54,1" doraHai="126" who="3" fromWho="0" sc="250,-20,250,0,250,0,250,20" /><INIT seed="1,0,0,2,4,33" ten="230,250,250,270" oya="1" hai0="67,4,123,115,65,9,102,60,19,48,81,39,85" hai1="128,28,119,30,36,109,99,50,34,18,125,0,133" hai2="126,97,52,47,43,111,76,112,63,108,94,20,64" hai3="11,35,80,90,83,49,120,13,122,74,92,110,41"/><U72/><RYUUKYOKU type="yao9" ba="0,0" sc="230,0,250,0,250,0,270,0" hai1="0,18,28,30,34,36,50,72,99,109,119,125,128,133" /><INIT seed="1,1,0,0,3,71" ten="230,250,250,270" oya="1" hai0="114,81,101,74,15,108,70,86,19,23,89,7,116" hai1="58,87,132,57,111,117,126,90,64,107,106,115,91" hai2="127,13,119,125,131,48,77,61,24,8,75,133,122" hai3="29,28,66,1,82,21,120,105,51,41,118,109,113"/><U36/><E115/><V85/><F119/><W112/><G51/><T104/><D114/><U42/><E117/><V50/><F122/><W46/><G21/><T4/><D70/><U16/><E126/><N who="2" m="48139" /><F75/><W123/><G118/><T72/><D116/><U79/><E132/><V49/><F133/><W128/><G82/><T33/><D108/><U10/><E111/><V95/><F131/><W99/><G66/><T102/><D33/><U44/><E79/><V18/><F61/><W134/><G134/><T20/><D20/><U93/><E90/><N who="2" m="53711" /><F24/><W37/><G109/><T73/><REACH who="0" step="1"/><D104/><REACH who="0" ten="220,250,250,270" step="2"/><U103/><E107/><V52/><F77/><W43/><G113/><T56/><D56/><AGARI ba="1,1" hai="8,13,18,48,49,50,52,56" m="53711,48139" machi="56" ten="30,2000,0" yaku="18,1,54,1" doraHai="71" who="2" fromWho="0" sc="220,-23,250,0,250,33,270,0" /><INIT seed="2,0,0,5,3,102" ten="197,250,283,270" oya="2" hai0="118,128,82,20,75,121,131,61,18,39,93,66,85" hai1="124,126,59,104,115,43,117,21,63,98,49,5,79" hai2="133,12,94,56,80,22,62,71,109,78,33,65,54" hai3="13,27,24,77,134,122,114,103,48,58,64,2,97"/><V135/><F33/><W95/><G2/><T129/><D39/><U130/><E117/><V50/><F109/><W11/><G122/><T52/><D121/><U40/><E130/><N who="0" m="33281" /><T4/><DORA hai="127" /><D118/><U26/><E115/><V81/><F94/><W6/><G134/><N who="2" m="51209" /><F78/><W35/><G35/><T87/><D4/><U60/><E5/><V30/><F12/><W68/><G114/><T10/><D10/><U28/><E79/><V120/><F120/><W16/><G6/><T44/><D93/><U37/><E37/><V108/><F108/><W7/><G7/><T105/><D105/><U51/><E63/><V83/><F22/><W31/><G77/><N who="0" m="44351" /><D52/><N who="1" m="33895" /><E104/><V46/><F30/><W91/><G31/><T96/><D44/><AGARI ba="0,0" hai="44,46,50,54,56,62,65,71,80,81,83" m="51209" machi="44" ten="30,1500,0" yaku="20,1" doraHai="102,127" who="2" fromWho="0" sc="197,-15,250,0,283,15,270,0" /><INIT seed="2,1,0,0,0,14" ten="182,250,298,270" oya="2" hai0="95,98,78,99,65,75,76,73,72,104,92,129,57" hai1="102,89,42,119,38,6,22,21,84,111,125,74,97" hai2="58,39,116,31,103,71,85,9,45,70,108,131,36" hai3="118,50,8,83,10,35,1,114,34,127,54,25,43"/><V79/><F116/><W120/><G118/><T46/><D46/><U29/><E119/><V15/><F131/><W106/><G106/><T51/><D51/><U11/><E111/><V82/><F108/><W128/><G120/><T132/><D57/><U134/><E125/><V4/><F31/><W110/><G110/><T100/><D65/><U55/><E134/><V3/><F103/><W115/><G43/><T87/><D132/><U47/><E74/><V80/><F58/><W61/><G61/><T77/><D129/><U52/><E29/><V133/><F133/><W26/><G83/><N who="0" m="47607" /><D104/><U59/><E55/><V88/><F15/><W49/><G54/><T44/><D44/><U48/><E97/><V69/><REACH who="2" step="1"/><F45/><REACH who="2" ten="182,250,288,270" step="2"/><W68/><G128/><T117/><D117/><U67/><E102/><AGARI ba="1,1" hai="72,73,75,76,77,92,95,98,99,100,102" m="47607" machi="102" ten="30,8000,1" yaku="35,5" doraHai="14" who="0" fromWho="1" sc="182,93,250,-83,288,0,270,0" /><INIT seed="3,0,0,1,1,106" ten="275,167,288,270" oya="3" hai0="103,111,94,45,126,119,110,80,43,27,85,76,74" hai1="65,5,22,31,86,115,75,125,133,6,67,122,102" hai2="2,26,117,77,123,23,48,3,128,93,50,130,0" hai3="40,42,78,118,44,19,38,69,58,72,4,56,28"/><W13/><G118/><T12/><D119/><U49/><E122/><V134/><F117/><W97/><G69/><T10/><D27/><U109/><E115/><V135/><F93/><W90/><G28/><T18/><D126/><U92/><E75/><V98/><F98/><W15/><G42/><T105/><D105/><U8/><E125/><V68/><F68/><W113/><G113/><T20/><D20/><U59/><E109/><N who="0" m="41481" /><D103/><U101/><E133/><N who="2" m="50699" /><F77/><W108/><G108/><T116/><D116/><U17/><E31/><N who="2" m="17887" /><F123/><W37/><G37/><N who="0" m="21743" /><D94/><U14/><E49/><AGARI ba="0,0" hai="0,2,3,48,49,50,128,130" m="17887,50699" machi="49" ten="40,1300,0" yaku="20,1" doraHai="106" who="2" fromWho="1" sc="275,0,167,-13,288,13,270,0" owari="275,7.5,154,-34.6,301,40.1,270,-13.0" /></mjloggm>