<mjloggm ver="2.3"><GO type="225" lobby="0"/><UN n0="%E8%90%BD%E6%97%A5" n1="%E5%84%AA%40%41%42%43" n2="%E3%81%8B%E3%82%8F%E3%81%A1%E3%82%83%E3%82%93%35%38" n3="%E3%81%B5%E3%81%98%E3%81%8B%E3%81%A4" dan="16,17,17,17" rate="2155.99,2165.79,2230.61,2213.54" sx="F,M,M,M"/><TAIKYOKU oya="0"/><INIT seed="0,0,0,4,1,36" ten="250,250,250,250" oya="0" hai0="87,56,117,32,47,14,39,62,100,89,78,96,19" hai1="127,43,73,8,81,28,2,110,34,88,60,126,129" hai2="7,51,35,113,128,105,37,12,25,45,76,92,17" hai3="94,97,53,52,9,121,24,72,71,18,61,59,4"/><T44/><D117/><U82/><E110/><V91/><F105/><W58/><G121/><T46/><D32/><U54/><E129/><V31/><F128/><W30/><G71/><T40/><D78/><U48/><E28/><V33/><F113/><W6/><G72/><T74/><D74/><U55/><E34/><V10/><F37/><W80/><G80/><T0/><D0/><U20/><E20/><V83/><F33/><W111/><G111/><T95/><D14/><U70/><E73/><V93/><F91/><W29/><G18/><T122/><D19/><U124/><E81/><V5/><F5/><N who="3" m="2155" /><G24/><T116/><D116/><U13/><E2/><V135/><F135/><W134/><G9/><T50/><D39/><U49/><E60/><V85/><REACH who="2" step="1"/><F17/><REACH who="2" ten="250,250,240,250" step="2"/><W21/><G134/><T107/><REACH who="0" step="1"/><D122/><REACH who="0" ten="240,250,240,250" step="2"/><U86/><E124/><V69/><F69/><W41/><G30/><T16/><D16/><N who="1" m="8231" /><E70/><V125/><F125/><N who="1" m="47625" /><E49/><V38/><F38/><W119/><G119/><T11/><D11/><U3/><E3/><V133/><F133/><W120/><G120/><T131/><D131/><U104/><E104/><V42/><AGARI ba="0,2" hai="7,10,12,25,31,35,42,45,51,76,83,85,92,93" machi="42" ten="20,12000,2" yaku="1,1,0,1,7,1,25,2,52,1,53,0" doraHai="36" doraHaiUra="109" who="2" fromWho="2" sc="240,-60,250,-30,240,140,250,-30" /><INIT seed="1,0,0,5,1,117" ten="180,220,380,220" oya="1" hai0="39,106,103,61,88,77,135,71,4,24,122,27,121" hai1="37,52,104,64,128,132,99,84,113,59,81,20,89" hai2="10,66,70,17,134,129,116,114,82,43,45,2,91" hai3="54,126,36,65,93,28,125,7,21,30,69,0,68"/><U23/><E37/><V94/><F116/><W105/><G105/><T110/><D110/><U78/><E113/><V22/><F70/><W76/><G36/><T133/><D39/><U14/><E128/><V95/><F66/><W92/><G76/><T19/><D77/><U90/><E132/><N who="0" m="50761" /><D4/><U123/><E123/><N who="0" m="47113" /><D88/><U120/><E64/><V111/><F91/><W58/><G7/><T73/><D73/><U55/><E90/><V86/><F86/><W49/><G0/><T80/><D80/><U112/><E112/><V75/><F82/><W127/><G69/><T72/><D72/><U25/><E120/><V40/><F75/><W102/><G68/><T34/><D34/><U50/><E78/><V18/><F2/><W60/><G102/><T38/><D38/><U3/><E81/><V48/><F111/><W8/><G126/><T47/><D47/><N who="1" m="27743" /><E84/><V53/><F134/><W96/><G127/><T6/><D6/><U118/><E3/><V31/><F114/><W74/><G74/><T63/><D71/><U62/><E118/><V13/><F45/><W29/><G125/><T12/><D103/><U85/><E85/><V35/><F35/><W26/><G58/><T1/><D1/><U51/><E59/><V33/><F33/><W87/><G87/><T42/><D42/><U9/><E89/><V56/><F43/><W32/><G32/><T57/><D106/><U83/><E104/><V46/><F40/><W11/><G93/><N who="2" m="35337" /><F56/><N who="3" m="36999" /><G92/><T108/><D108/><U119/><E83/><V109/><F109/><W107/><G107/><T15/><D57/><N who="1" m="33023" /><E119/><V5/><F129/><RYUUKYOKU ba="0,0" sc="180,-10,220,-10,380,30,220,-10" hai2="5,10,13,17,18,22,31,46,48,53" /><INIT seed="2,1,0,1,5,72" ten="170,210,410,210" oya="2" hai0="32,57,65,52,103,129,133,0,85,61,132,37,78" hai1="19,74,15,83,18,110,45,51,127,92,114,26,107" hai2="60,23,130,81,38,34,117,24,44,97,67,101,20" hai3="27,84,48,46,91,119,126,11,79,63,121,21,8"/><V102/><F117/><W75/><G121/><T98/><D32/><U40/><E107/><V76/><F102/><W77/><G119/><T66/><D0/><U1/><E1/><V124/><F44/><W39/><G39/><T88/><D37/><U17/><E114/><V73/><F38/><W53/><G126/><T94/><D129/><U47/><E127/><V108/><F124/><W49/><G75/><T123/><D123/><U116/><E116/><V100/><F100/><W56/><G48/><T135/><REACH who="0" step="1"/><D78/><REACH who="0" ten="160,210,410,210" step="2"/><N who="3" m="29705" /><G91/><T89/><D89/><U69/><E110/><V54/><F34/><W105/><G84/><T9/><D9/><U113/><E113/><V104/><F76/><W118/><G118/><T128/><D128/><U115/><E115/><V125/><F73/><W82/><G82/><AGARI ba="1,1" hai="52,57,61,65,66,82,85,88,94,98,103,132,133,135" machi="82" ten="40,8000,1" yaku="1,1,20,1,54,2,53,0" doraHai="72" doraHaiUra="4" who="0" fromWho="3" sc="160,93,210,0,410,0,210,-83" /><INIT seed="3,0,0,0,4,66" ten="253,210,410,127" oya="3" hai0="14,119,49,133,76,31,5,0,116,7,44,58,117" hai1="121,104,124,114,27,16,60,125,29,30,78,36,68" hai2="3,64,75,50,128,63,17,11,103,51,102,43,80" hai3="62,90,57,1,38,45,25,84,99,2,52,88,82"/><W6/><G6/><T95/><D0/><U92/><E114/><V69/><F128/><W83/><G25/><T54/><D133/><U56/><E104/><V97/><F103/><W61/><G61/><T73/><D31/><U126/><E121/><V21/><F43/><W81/><G38/><T91/><D14/><U9/><E36/><V132/><F132/><W41/><G1/><T105/><D105/><U19/><E78/><V70/><F70/><W34/><G2/><T23/><D23/><N who="1" m="13799" /><E92/><V12/><F3/><W67/><G34/><T131/><D131/><U87/><E87/><V106/><F11/><W48/><REACH who="3" step="1"/><G67/><REACH who="3" ten="253,210,410,117" step="2"/><T110/><D7/><U98/><E125/><V71/><F63/><W65/><G65/><T77/><D5/><U115/><E126/><V127/><F64/><W46/><G46/><T33/><D33/><U120/><E124/><V13/><F127/><W135/><G135/><T134/><D134/><U42/><E60/><V55/><F12/><W113/><G113/><T10/><D44/><U93/><E115/><V107/><F13/><W89/><G89/><T18/><D91/><U72/><E120/><V39/><F39/><W108/><G108/><T28/><D116/><U59/><E30/><V37/><F37/><W4/><G4/><T96/><D119/><U122/><E29/><V53/><F17/><W100/><G100/><T111/><D117/><U40/><E122/><V15/><F15/><W130/><G130/><T22/><D110/><U74/><E9/><V94/><F102/><W35/><G35/><T109/><D111/><U112/><E112/><RYUUKYOKU ba="0,1" sc="253,-10,210,-10,410,-10,117,30" hai3="41,45,48,52,57,62,81,82,83,84,88,90,99" /><INIT seed="3,1,1,1,2,71" ten="243,200,400,147" oya="3" hai0="12,18,45,111,97,126,76,107,68,100,28,33,7" hai1="80,79,70,114,110,57,82,81,86,56,69,129,43" hai2="83,39,95,51,4,37,8,101,17,53,52,104,105" hai3="30,131,9,123,41,92,85,96,88,23,118,62,0"/><W6/><G123/><T26/><D111/><U2/><E110/><V121/><F121/><W64/><G118/><T90/><D126/><U15/><E2/><V109/><F109/><W91/><G131/><T103/><D76/><U94/><E114/><V60/><F104/><W54/><G41/><T125/><D125/><U127/><E127/><V36/><F105/><W84/><G54/><T115/><D103/><U67/><E129/><V120/><F120/><W130/><G130/><T49/><D115/><U113/><E43/><V16/><F83/><W40/><G40/><T134/><D68/><U5/><E69/><V74/><F74/><W31/><G23/><T46/><D134/><U87/><E70/><V78/><F78/><W29/><REACH who="3" step="1"/><G91/><REACH who="3" ten="243,200,400,137" step="2"/><T32/><D90/><N who="1" m="53591" /><E113/><V108/><F108/><W89/><G89/><T98/><D33/><U93/><E79/><V73/><F53/><W59/><AGARI ba="1,2" hai="0,6,9,29,30,31,59,62,64,84,85,88,92,96" machi="59" ten="30,6000,0" yaku="1,1,0,1,54,1,53,0" doraHai="71" doraHaiUra="124" who="3" fromWho="3" sc="243,-21,200,-21,400,-21,137,83" /><INIT seed="3,2,0,3,1,39" ten="222,179,379,220" oya="3" hai0="34,0,103,93,17,113,98,29,37,5,51,49,83" hai1="4,66,74,68,117,35,52,27,43,135,101,31,126" hai2="102,47,80,92,36,82,87,22,32,85,15,19,75" hai3="65,132,57,78,24,90,112,116,118,133,89,104,121"/><W131/><G104/><T96/><D37/><U125/><E74/><V120/><F32/><W18/><G78/><T69/><D69/><U59/><E135/><N who="3" m="51786" /><G112/><T109/><D109/><U25/><E4/><V67/><F75/><W95/><G121/><T107/><D113/><U114/><E114/><V48/><F36/><W46/><G131/><T76/><D17/><U42/><E117/><V63/><F120/><W105/><G105/><T119/><D119/><U40/><E101/><V53/><F87/><N who="3" m="52671" /><G90/><T84/><D29/><U129/><E129/><V64/><F82/><W41/><G65/><T88/><D34/><U97/><E97/><N who="2" m="59687" /><F63/><W33/><G57/><T23/><D23/><U26/><E66/><V8/><F22/><N who="3" m="13399" /><G33/><T44/><D98/><U115/><E68/><V61/><F61/><W77/><G77/><AGARI ba="2,0" hai="8,15,19,47,48,53,64,67,77,80,85" m="59687" machi="77" ten="30,1000,0" yaku="8,1" doraHai="39" who="2" fromWho="3" sc="222,0,179,0,379,16,220,-16" owari="222,2.2,179,-32.1,395,49.5,204,-19.6" /></mjloggm>