<mjloggm ver="2.3"><GO type="225" lobby="0"/><UN n0="%6D%75%75%6D%75%72%61" n1="%E6%B8%A9%E2%98%85%E6%83%85%E2%98%85%E6%8E%AA%E2%98%85%E7%BD%AE" n2="%72%61%6B%33" n3="%6E%69%63%6B%6C%6F%77" dan="16,16,18,16" rate="2135.77,2126.32,2235.75,2109.47" sx="F,M,M,F"/><TAIKYOKU oya="0"/><INIT seed="0,0,0,3,0,25" ten="250,250,250,250" oya="0" hai0="32,116,61,119,19,44,22,124,27,86,97,26,104" hai1="112,21,23,57,67,6,62,107,100,13,9,78,29" hai2="125,64,56,93,120,115,82,89,73,131,130,4,3" hai3="102,77,94,38,53,117,54,132,36,50,75,34,118"/><T95/><D124/><U60/><E112/><V80/><F115/><W52/><G34/><T20/><D32/><U46/><E78/><V111/><F120/><W7/><G7/><T17/><D104/><U74/><E74/><V41/><F125/><W113/><G113/><T51/><D86/><U66/><E46/><V42/><F111/><W101/><G50/><T127/><D61/><U79/><E79/><V14/><F3/><W24/><G77/><T28/><D127/><U105/><E100/><V40/><F4/><W33/><G75/><T106/><D106/><U135/><E135/><V81/><F14/><W10/><G10/><T72/><D72/><U122/><E23/><V99/><REACH who="2" step="1"/><F73/><REACH who="2" ten="250,250,240,250" step="2"/><W8/><G132/><T121/><D121/><U98/><E122/><V134/><F134/><W35/><G118/><T55/><REACH who="0" step="1"/><D17/><REACH who="0" ten="240,250,240,250" step="2"/><U90/><E107/><V110/><F110/><W16/><G16/><T5/><D5/><U71/><E105/><V88/><F88/><AGARI ba="0,2" hai="19,20,22,26,27,28,44,51,55,88,95,97,116,119" machi="88" ten="30,11600,0" yaku="1,1,7,1,52,1,54,1,53,0" doraHai="25" doraHaiUra="103" who="0" fromWho="2" sc="240,136,250,0,240,-116,250,0" /><INIT seed="0,1,0,5,5,35" ten="376,250,124,250" oya="0" hai0="3,80,54,58,22,129,48,17,85,79,115,57,128" hai1="63,52,66,43,118,116,110,105,125,90,70,113,0" hai2="74,86,47,53,20,96,72,82,130,23,6,77,71" hai3="83,114,19,31,14,124,126,40,5,69,102,32,75"/><T39/><D115/><U84/><E105/><V46/><F71/><W41/><G69/><T106/><D106/><U1/><E43/><V120/><F120/><W15/><G102/><T98/><D39/><U21/><E113/><V135/><F130/><N who="0" m="50282" /><D98/><U8/><E110/><V127/><F127/><N who="3" m="48683" /><G114/><T10/><D58/><U91/><E125/><V13/><F135/><W55/><G31/><T30/><D30/><U134/><E134/><V73/><F96/><W109/><G32/><T99/><D99/><U62/><E21/><V42/><F53/><W100/><G100/><T36/><D36/><U93/><E8/><V4/><F46/><W123/><G109/><T107/><D107/><U88/><E91/><V76/><F76/><N who="3" m="44447" /><G55/><T111/><D111/><U59/><REACH who="1" step="1"/><E90/><REACH who="1" ten="376,240,124,250" step="2"/><V24/><F20/><N who="3" m="11383" /><G123/><T104/><D104/><U133/><E133/><V131/><F131/><W89/><G89/><T119/><D10/><AGARI ba="1,1" hai="5,10,15,40,41" m="11383,44447,48683" machi="10" ten="30,1000,0" yaku="18,1" doraHai="35" who="3" fromWho="0" sc="376,-13,240,0,124,0,250,23" /><INIT seed="1,0,0,2,3,40" ten="363,240,124,273" oya="1" hai0="1,81,41,73,89,60,93,61,48,45,87,84,22" hai1="49,42,133,43,99,34,117,17,44,57,129,51,70" hai2="82,77,11,32,114,127,50,20,47,5,35,53,55" hai3="66,97,39,75,122,59,58,37,74,96,14,104,123"/><U26/><E117/><V125/><F114/><W27/><G14/><T86/><D1/><U8/><E70/><V130/><F130/><W16/><G66/><T121/><D121/><U12/><E129/><V19/><F55/><W107/><REACH who="3" step="1"/><G16/><REACH who="3" ten="363,240,124,263" step="2"/><T65/><D65/><U68/><E68/><V88/><F127/><W64/><G64/><T124/><D124/><U63/><E133/><V25/><F125/><W52/><G52/><T15/><D15/><U24/><E34/><V56/><F32/><W72/><G72/><T119/><D119/><U102/><E63/><N who="0" m="24137" /><D73/><U3/><E3/><V69/><F35/><W2/><G2/><T103/><D22/><U67/><E67/><V6/><F69/><W80/><G80/><T110/><D110/><U7/><E17/><V116/><F116/><W113/><G113/><T134/><D134/><U31/><E31/><V115/><F115/><W18/><G18/><T46/><D81/><U111/><E111/><V4/><F11/><W83/><G83/><T9/><D41/><U62/><E62/><V10/><F10/><W109/><G109/><T36/><D9/><U131/><E131/><V105/><F77/><W106/><G106/><T30/><D30/><U21/><E21/><V54/><F105/><W29/><G29/><T94/><D36/><U78/><E78/><V101/><F82/><W23/><G23/><T0/><D0/><U118/><E118/><V100/><F54/><W76/><G76/><T79/><D79/><U120/><E42/><V91/><F56/><W126/><G126/><T13/><D13/><U98/><E12/><RYUUKYOKU ba="0,1" sc="363,-15,240,-15,124,15,263,15" hai2="4,5,6,19,20,25,47,50,53,88,91,100,101" hai3="27,37,39,58,59,74,75,96,97,104,107,122,123" /><INIT seed="2,1,1,3,0,44" ten="348,225,139,278" oya="2" hai0="35,103,120,86,64,92,102,53,114,3,23,125,16" hai1="7,115,113,42,10,105,29,0,6,59,111,18,27" hai2="66,55,89,75,72,91,15,94,129,126,83,101,116" hai3="77,132,43,28,69,63,119,60,33,14,90,22,5"/><V40/><F116/><W17/><G119/><T4/><D120/><U31/><E105/><V49/><F126/><W123/><G69/><T110/><D114/><N who="1" m="43531" /><E59/><V134/><F129/><W2/><G132/><T65/><D110/><U12/><E42/><V62/><F134/><W45/><G77/><T124/><D35/><U21/><E111/><V84/><F101/><W36/><G90/><N who="0" m="53335" /><D4/><N who="1" m="1579" /><E0/><V56/><F15/><W85/><G85/><T133/><D3/><U61/><E61/><V32/><F32/><W106/><G106/><T37/><D133/><U118/><E118/><V122/><F122/><W131/><G131/><T74/><D23/><U51/><E51/><V11/><F11/><N who="3" m="2487" /><G123/><T71/><D16/><AGARI ba="1,1" hai="10,12,16,18,21,27,29,31" m="1579,43531" machi="16" ten="30,3900,0" yaku="34,2,54,1" doraHai="44" who="1" fromWho="0" sc="348,-42,225,52,139,0,278,0" /><INIT seed="3,0,0,4,5,53" ten="306,277,139,278" oya="3" hai0="74,33,65,46,114,0,76,48,9,101,91,79,67" hai1="117,126,27,41,44,20,110,109,116,17,4,55,19" hai2="75,10,84,7,57,83,22,61,106,49,38,60,6" hai3="64,3,90,73,128,100,56,125,34,86,119,95,1"/><W92/><G119/><N who="1" m="45642" /><E55/><V96/><F38/><W13/><G73/><T51/><D33/><U50/><E126/><V131/><F75/><W35/><G125/><T134/><D134/><U81/><E4/><V104/><F131/><W66/><G35/><T26/><D26/><U78/><E17/><V111/><F111/><W115/><G34/><T93/><D0/><U122/><E122/><V43/><F22/><W80/><G1/><T71/><D71/><U127/><E127/><V123/><F123/><W58/><G3/><T107/><D107/><U120/><E120/><V28/><F28/><W29/><G29/><T102/><D9/><U36/><E36/><V15/><F6/><W87/><G115/><T18/><D18/><U112/><E112/><V5/><F5/><W130/><G13/><T103/><D51/><U63/><E63/><V77/><F96/><N who="3" m="59399" /><G130/><T135/><D74/><AGARI ba="0,0" hai="19,20,27,41,44,50,74,78,81,109,110" m="45642" machi="74" ten="30,1000,0" yaku="12,1" doraHai="53" who="1" fromWho="0" sc="306,-10,277,10,139,0,278,0" /><INIT seed="4,0,0,5,4,100" ten="296,287,139,278" oya="0" hai0="60,54,33,64,98,43,14,41,123,1,61,29,53" hai1="11,15,129,127,134,97,118,115,44,50,69,40,120" hai2="109,74,25,121,105,30,110,116,20,132,80,106,49" hai3="10,76,91,72,42,63,57,113,124,36,71,3,111"/><T95/><D1/><U39/><E118/><V27/><F121/><W84/><G111/><T135/><D123/><U9/><E120/><V12/><F116/><W133/><G113/><T47/><D33/><U19/><E69/><V68/><F68/><W107/><G71/><T130/><D135/><U78/><E134/><V52/><F132/><W38/><G133/><T32/><D32/><U21/><E129/><V101/><F12/><W66/><G107/><T22/><D130/><U67/><E127/><V119/><F119/><W23/><G72/><T125/><D125/><U88/><E39/><V70/><F70/><W6/><G76/><T94/><D94/><U104/><E104/><V18/><F80/><W56/><G42/><N who="0" m="15883" /><D64/><U62/><E78/><V8/><F74/><W73/><G73/><T81/><D81/><U103/><E115/><V13/><F25/><W0/><G0/><T58/><D47/><U114/><E114/><V87/><F87/><W31/><G56/><T48/><D54/><U55/><E67/><V85/><F85/><W2/><G2/><T24/><D14/><U17/><E103/><AGARI ba="0,0" hai="22,24,29,48,53,58,60,61,95,98,103" m="15883" machi="103" ten="30,1500,0" yaku="8,1" doraHai="100" who="0" fromWho="1" sc="296,15,287,-15,139,0,278,0" owari="311,41.1,272,-12.8,139,-36.1,278,7.8" /></mjloggm>