<mjloggm ver="2.3"><GO type="225" lobby="0"/><UN n0="%77%72%77%72%77%72%77%72" n1="%E3%82%BD%E3%83%AB%E3%83%88%E3%82%AF%E3%83%AA%E3%83%BC%E3%82%AF" n2="%72%69%6F%75%63%68%61%6E" n3="%E9%80%86%E9%80%A3%E5%B8%AF%E3%81%AE%E9%AC%BC" dan="17,16,16,17" rate="2212.85,2080.14,2167.50,2202.20" sx="M,M,M,M"/><TAIKYOKU oya="0"/><INIT seed="0,0,0,2,1,18" ten="250,250,250,250" oya="0" hai0="0,71,57,48,54,93,21,19,7,103,51,60,24" hai1="72,85,20,17,119,114,123,99,39,125,27,66,45" hai2="12,53,41,129,9,34,31,124,64,50,23,42,111" hai3="115,95,28,126,87,4,110,75,8,69,43,13,96"/><T80/><D71/><U84/><E72/><V46/><F111/><W112/><G75/><T106/><D106/><U15/><E119/><V3/><F124/><W55/><G110/><T81/><D0/><U68/><E123/><V89/><F129/><W73/><G73/><T130/><D7/><U58/><E68/><V117/><F117/><W16/><G126/><T2/><D2/><U11/><E39/><V76/><F76/><W79/><G69/><T10/><D10/><U25/><E125/><V116/><F116/><W40/><G28/><T37/><D37/><U77/><E114/><V122/><F122/><W91/><G115/><T134/><D134/><U109/><E109/><V38/><F64/><W67/><G67/><T35/><D35/><U62/><E45/><V82/><F34/><W107/><G112/><T36/><D36/><U52/><E77/><V30/><F3/><W120/><G120/><T61/><D130/><U5/><E66/><V59/><F41/><W86/><G55/><T101/><D48/><U121/><E121/><V88/><F82/><N who="0" m="31850" /><D93/><U44/><E44/><V132/><F132/><W63/><G63/><AGARI ba="0,0" hai="19,21,24,51,54,57,60,61,63,101,103" m="31850" machi="63" ten="30,2900,0" yaku="8,1,52,1" doraHai="18" who="0" fromWho="3" sc="250,29,250,0,250,0,250,-29" /><INIT seed="0,1,0,3,4,105" ten="279,250,250,221" oya="0" hai0="30,37,124,22,125,1,117,25,81,94,102,106,38" hai1="113,28,6,96,76,2,11,126,58,65,84,49,77" hai2="85,7,48,122,26,60,72,16,29,111,23,20,64" hai3="115,32,114,68,14,24,134,98,0,50,67,100,18"/><T42/><D117/><U123/><E123/><V4/><F122/><W87/><G0/><T55/><D1/><U79/><E126/><N who="0" m="48745" /><D106/><U21/><E113/><V3/><F111/><W109/><G134/><T132/><D132/><U90/><E96/><V120/><F72/><W35/><G109/><T71/><D71/><U121/><E121/><V13/><F120/><W86/><G50/><T10/><D10/><U15/><E2/><V9/><F4/><W104/><G115/><T62/><D42/><U52/><E65/><V78/><F48/><W101/><G101/><T36/><D81/><U69/><E69/><V133/><F133/><W31/><G35/><T56/><D94/><U135/><E135/><V45/><F45/><W131/><G131/><T88/><D88/><U8/><E8/><V59/><F85/><W103/><G103/><AGARI ba="1,0" hai="22,25,30,36,37,38,55,56,62,102,103" m="48745" machi="103" ten="40,2000,0" yaku="18,1" doraHai="105" who="0" fromWho="3" sc="279,23,250,0,250,0,221,-23" /><INIT seed="0,2,0,1,4,105" ten="302,250,250,198" oya="0" hai0="117,88,26,51,95,42,130,131,55,135,12,2,14" hai1="13,25,4,73,121,11,100,16,133,109,52,59,84" hai2="35,47,119,77,53,49,20,101,0,32,56,118,61" hai3="5,8,93,76,116,129,90,87,103,19,7,72,18"/><T54/><D117/><N who="2" m="44554" /><F0/><W29/><G116/><T48/><D2/><U66/><E121/><V104/><F77/><W46/><G129/><N who="0" m="49163" /><D135/><U68/><E68/><V62/><F62/><W108/><G108/><T30/><D42/><U83/><E66/><N who="2" m="39207" /><F20/><W39/><G103/><T82/><D82/><U1/><E100/><V43/><F43/><W31/><G31/><T74/><D54/><U37/><E109/><V22/><F22/><W81/><G29/><T112/><D112/><U75/><E37/><V10/><F10/><W86/><G86/><T78/><D51/><U115/><E25/><V58/><F47/><W40/><REACH who="3" step="1"/><G5/><REACH who="3" ten="302,250,250,188" step="2"/><T67/><D30/><U50/><E115/><V91/><F91/><W41/><G41/><T96/><D88/><U15/><E133/><V107/><F107/><W45/><G45/><T79/><D96/><AGARI ba="2,1" hai="32,35,49,53,58,96,101,104" m="39207,44554" machi="96" ten="30,1000,0" yaku="12,1" doraHai="105" who="2" fromWho="0" sc="302,-16,250,0,250,26,188,0" /><INIT seed="1,0,0,1,4,40" ten="286,250,276,188" oya="1" hai0="13,42,96,32,21,8,75,70,55,113,50,18,74" hai1="116,79,86,62,31,29,121,72,100,63,52,106,99" hai2="27,130,12,60,126,119,124,14,78,58,129,76,0" hai3="103,10,95,101,90,88,82,98,89,92,47,17,28"/><U4/><E116/><V20/><F119/><W94/><G28/><T5/><D113/><U118/><E118/><V39/><F0/><W83/><G47/><T128/><D70/><U80/><E121/><V7/><F39/><W6/><G17/><T56/><D128/><N who="2" m="49258" /><F76/><W44/><G44/><T127/><D127/><N who="2" m="48682" /><F78/><W77/><G98/><T85/><D32/><U131/><E131/><V73/><F73/><W9/><G6/><T25/><D96/><U107/><E107/><V38/><F38/><W51/><G51/><T132/><D42/><U110/><E110/><V117/><F7/><W135/><G135/><T69/><D132/><U61/><E4/><V87/><F87/><W3/><G3/><T134/><D134/><U11/><E11/><N who="3" m="4106" /><G77/><T112/><D69/><U34/><E34/><V102/><F102/><AGARI ba="0,0" hai="82,83,88,89,90,92,94,95,101,102,103" m="4106" machi="102" ten="40,8000,1" yaku="28,2,8,1,54,1" doraHai="40" who="3" fromWho="2" sc="286,0,250,0,276,-80,188,80" /><INIT seed="2,0,0,4,3,116" ten="286,250,196,268" oya="2" hai0="101,28,89,66,50,52,102,126,58,98,125,84,78" hai1="23,27,71,9,29,31,82,51,30,105,4,61,104" hai2="123,32,72,43,53,130,97,2,49,106,60,64,6" hai3="16,19,100,112,47,65,121,25,21,57,12,48,135"/><V24/><F72/><W122/><G135/><T76/><D28/><U13/><E82/><V80/><F130/><W124/><G124/><N who="0" m="47723" /><D66/><U59/><E71/><V36/><F80/><W70/><G70/><T99/><D99/><U73/><E73/><V131/><F131/><W113/><G100/><N who="0" m="38507" /><D98/><U85/><E85/><V11/><F97/><W109/><G109/><T133/><D133/><U90/><E90/><V94/><F94/><AGARI ba="0,0" hai="50,52,58,76,78,84,89,94" m="38507,47723" machi="94" ten="30,2000,0" yaku="18,1,54,1" doraHai="116" who="0" fromWho="2" sc="286,20,250,0,196,-20,268,0" /><INIT seed="3,0,0,1,5,14" ten="306,250,176,268" oya="3" hai0="79,76,52,118,8,4,124,134,71,58,120,35,57" hai1="75,83,132,95,17,86,110,32,38,106,113,133,64" hai2="47,94,81,62,96,108,24,105,92,72,12,131,101" hai3="107,125,2,16,19,60,26,15,22,119,123,61,68"/><W25/><G119/><T36/><D118/><U102/><E38/><V21/><F108/><W88/><G123/><T55/><D120/><U128/><E32/><V28/><F131/><W30/><G107/><T85/><D36/><U121/><E121/><V114/><F114/><W98/><G2/><T56/><D35/><U42/><E42/><V84/><F72/><W65/><G125/><T129/><D71/><U103/><E106/><V111/><F111/><W112/><G112/><T49/><D129/><U54/><E110/><V89/><F47/><W23/><G61/><T11/><D124/><U78/><E128/><V1/><F1/><W6/><G6/><T135/><D85/><U104/><E64/><V122/><F122/><W41/><G41/><T116/><D116/><U40/><E40/><V31/><F31/><W0/><G0/><T43/><D43/><U37/><E37/><V93/><F12/><W10/><G88/><T70/><D70/><U77/><E113/><V74/><REACH who="2" step="1"/><F62/><REACH who="2" ten="306,250,166,268" step="2"/><W48/><G60/><T99/><D49/><U20/><E75/><V33/><F33/><W100/><G48/><T46/><D46/><U34/><E34/><V69/><F69/><W67/><G68/><T80/><D56/><U44/><E44/><V29/><F29/><W59/><G59/><T90/><D57/><U63/><E63/><V51/><F51/><W50/><G50/><T127/><D58/><U45/><E45/><V109/><F109/><W117/><G117/><T53/><D127/><U13/><E13/><V82/><F82/><W66/><G66/><T73/><D80/><RYUUKYOKU ba="0,1" sc="306,-15,250,-15,166,15,268,15" hai2="21,24,28,74,81,84,89,92,93,94,96,101,105" hai3="10,15,16,19,22,23,25,26,30,65,67,98,100" /><INIT seed="3,1,1,1,1,107" ten="291,235,181,283" oya="3" hai0="104,83,67,20,18,95,13,51,74,68,130,53,80" hai1="76,45,47,129,61,39,25,49,6,38,48,97,70" hai2="19,11,135,94,90,56,59,28,54,44,96,101,77" hai3="32,41,100,78,81,69,132,16,30,98,109,65,85"/><W73/><G132/><T26/><D104/><U123/><E25/><V33/><F135/><W126/><G126/><T60/><D130/><U124/><E6/><V102/><F77/><W3/><G109/><T116/><D116/><U93/><E76/><V31/><F44/><N who="1" m="16969" /><E93/><V17/><F59/><W4/><G41/><T34/><D74/><U133/><E97/><V64/><F64/><W29/><G32/><T119/><D119/><U62/><E133/><V89/><F33/><W55/><G55/><T75/><D75/><U5/><E5/><V15/><F19/><W113/><G113/><T115/><D115/><U8/><E8/><V112/><F112/><W27/><G85/><T134/><D134/><U92/><E92/><V7/><F17/><W23/><G65/><T21/><D95/><U9/><E9/><V99/><F89/><W84/><G69/><T50/><D50/><N who="1" m="19563" /><E123/><V128/><F128/><W1/><G84/><T91/><D91/><U111/><E129/><V71/><F71/><W86/><G86/><T58/><D34/><U10/><E10/><V122/><F122/><W63/><G4/><T110/><D110/><U22/><E22/><V2/><F2/><W105/><REACH who="3" step="1"/><G63/><REACH who="3" ten="291,235,181,273" step="2"/><N who="1" m="24074" /><E124/><V120/><F120/><W36/><G36/><N who="1" m="13866" /><E70/><V108/><F108/><AGARI ba="1,2" hai="108,111" m="13866,24074,19563,16969" machi="108" ten="40,8000,1" yaku="28,2,34,2" doraHai="107" who="1" fromWho="2" sc="291,0,235,103,181,-83,273,0" owari="291,9.1,338,43.8,98,-40.2,273,-12.7" /></mjloggm>