<mjloggm ver="2.3"><GO type="225" lobby="0"/><UN n0="%E5%84%AA%40%41%42%43" n1="%E6%80%AA%E3%81%97%E3%81%99%E3%81%8E%E3%82%8B%E3%83%81%E3%83%BC" n2="%E3%81%BE%E3%81%A8%E3%81%9F" n3="%73%6C%69%63%6B%33%31%39" dan="17,16,16,16" rate="2258.56,2164.82,2168.31,2191.26" sx="M,M,M,M"/><TAIKYOKU oya="0"/><INIT seed="0,0,0,1,5,72" ten="250,250,250,250" oya="0" hai0="82,116,69,59,107,80,127,6,114,109,41,46,67" hai1="94,61,110,96,77,99,90,27,22,134,34,2,37" hai2="79,132,62,12,122,135,97,40,26,58,128,89,81" hai3="126,65,111,19,9,1,106,87,31,102,71,83,85"/><T66/><D114/><U88/><E34/><V52/><F122/><W35/><G111/><T33/><D116/><U44/><E110/><V131/><F40/><W23/><G126/><T13/><D109/><U113/><E2/><V101/><F12/><W103/><G71/><T48/><D127/><U43/><E113/><V92/><F101/><W91/><G65/><T124/><D33/><U73/><E134/><N who="2" m="51243" /><F26/><N who="3" m="18935" /><G87/><AGARI ba="0,0" hai="52,58,62,79,81,87,89,92,97,128,131" m="51243" machi="87" ten="30,3900,0" yaku="20,1,52,1,54,1" doraHai="72" who="2" fromWho="3" sc="250,0,250,0,250,39,250,-39" /><INIT seed="1,0,0,2,1,91" ten="250,250,289,211" oya="1" hai0="30,128,74,84,92,33,69,36,0,81,71,38,6" hai1="58,64,114,129,65,55,126,122,46,72,9,127,87" hai2="39,34,67,14,79,76,86,111,21,115,82,85,116" hai3="121,53,59,60,56,109,101,50,68,132,125,89,49"/><U51/><E72/><V73/><F34/><W61/><G121/><T102/><D84/><U95/><E122/><V96/><F39/><N who="0" m="14890" /><D92/><U112/><E129/><V90/><F67/><N who="1" m="25673" /><E9/><V75/><F21/><W28/><G68/><N who="0" m="26187" /><D102/><U93/><E87/><V5/><F14/><W105/><G109/><T23/><D23/><U100/><E58/><V120/><F5/><W88/><G28/><T15/><D15/><U52/><E55/><V42/><F42/><W13/><G105/><T16/><D16/><U31/><E31/><V117/><F120/><W22/><G13/><T48/><D128/><U134/><E134/><V108/><F115/><N who="1" m="44073" /><E100/><V45/><F45/><W130/><G101/><T98/><D98/><U107/><E107/><V43/><F43/><W123/><G130/><T8/><D48/><U104/><E104/><V27/><F27/><W3/><G123/><T29/><D29/><U77/><E77/><V106/><F106/><W41/><G132/><T35/><D30/><U47/><E47/><V113/><F113/><W17/><G53/><T66/><D66/><U44/><E44/><V97/><F90/><W63/><G41/><T25/><D25/><U54/><E54/><V26/><F26/><W11/><G63/><T80/><D80/><AGARI ba="0,0" hai="73,75,76,79,80,82,85,86,96,97,108,111,116,117" machi="80" ten="25,8000,1" yaku="22,2,34,3" doraHai="91" who="2" fromWho="0" sc="250,-80,250,0,289,80,211,0" /><INIT seed="2,0,0,2,3,56" ten="170,250,369,211" oya="2" hai0="46,59,28,39,18,85,112,101,19,4,25,96,38" hai1="5,107,14,104,88,73,122,11,33,67,29,21,8" hai2="121,26,102,57,113,44,48,24,36,77,117,22,103" hai3="98,74,49,16,87,20,76,75,127,32,58,3,9"/><V89/><F113/><W6/><G127/><T131/><D112/><U78/><E122/><V13/><F117/><W105/><G32/><T124/><D131/><U118/><E118/><V52/><F77/><W125/><G125/><T123/><D123/><U116/><E116/><V63/><F36/><W86/><G105/><T110/><D110/><U128/><E128/><V82/><F13/><W114/><G114/><T45/><D124/><U81/><E33/><V27/><F22/><W54/><G98/><T62/><D4/><U84/><E67/><N who="2" m="39407" /><F121/><W80/><REACH who="3" step="1"/><G75/><REACH who="3" ten="170,250,369,201" step="2"/><T83/><D38/><U17/><E104/><V60/><F60/><W72/><G72/><T135/><D39/><U111/><E107/><V99/><F99/><W51/><G51/><T79/><D135/><U15/><E73/><V65/><F65/><W71/><G71/><T134/><D134/><U66/><E111/><V109/><F109/><W97/><G97/><T43/><D96/><U68/><E66/><V50/><F48/><W130/><G130/><T30/><D101/><U7/><E68/><V47/><F44/><W31/><G31/><T132/><D132/><U2/><REACH who="1" step="1"/><E29/><REACH who="1" ten="170,240,369,201" step="2"/><V64/><F64/><W0/><G0/><T55/><D30/><U37/><E37/><V12/><F102/><W120/><G120/><T133/><D133/><U10/><E10/><V34/><F103/><W53/><G53/><T90/><D28/><U1/><E1/><V100/><F100/><W91/><G91/><AGARI ba="0,2" hai="2,5,7,8,11,14,15,17,21,78,81,84,88,91" machi="91" ten="40,2600,0" yaku="1,1,54,1,53,0" doraHai="56" doraHaiUra="69" who="1" fromWho="3" sc="170,0,240,46,369,0,201,-26" /><INIT seed="3,0,0,5,3,26" ten="170,286,369,175" oya="3" hai0="104,15,23,64,112,57,32,88,8,109,30,91,122" hai1="35,43,1,48,127,105,24,33,61,49,85,56,55" hai2="10,134,116,103,7,58,130,51,77,114,52,106,50" hai3="71,111,67,31,68,90,78,54,115,108,29,86,132"/><W128/><G115/><T113/><D122/><U99/><E105/><V81/><F116/><W63/><G128/><T62/><D32/><U18/><E1/><V9/><F114/><N who="0" m="44138" /><D104/><U119/><E127/><V129/><F134/><W25/><G132/><T16/><D109/><N who="3" m="42057" /><G78/><T4/><D30/><N who="3" m="11273" /><G25/><AGARI ba="0,0" hai="4,8,15,16,23,25,57,62,64,88,91" m="44138" machi="25" ten="30,3900,0" yaku="11,1,54,2" doraHai="26" who="0" fromWho="3" sc="170,39,286,0,369,0,175,-39" owari="209,-19.1,286,8.6,369,46.9,136,-36.4" /></mjloggm>