<mjloggm ver="2.3"><GO type="225" lobby="0"/><UN n0="%70%6F%6B%6B%6F" n1="%E3%81%95%E3%81%8D%E3%81%9F%E3%81%BE%E6%9E%97%E6%AA%8E" n2="%72%69%6F%75%63%68%61%6E" n3="%6D%75%75%6D%75%72%61" dan="16,16,16,16" rate="2139.38,2087.27,2236.59,2148.61" sx="M,M,M,F"/><TAIKYOKU oya="0"/><INIT seed="0,0,0,5,4,123" ten="250,250,250,250" oya="0" hai0="86,122,16,5,28,103,126,131,90,26,53,12,21" hai1="17,76,52,77,94,48,7,2,64,84,61,13,96" hai2="112,49,99,18,56,120,72,107,36,8,105,102,0" hai3="95,63,11,38,33,114,127,71,34,79,9,57,70"/><T29/><D122/><U89/><E2/><V41/><F120/><W130/><G114/><T47/><D126/><U78/><E7/><V119/><F112/><W74/><G38/><T1/><D131/><U100/><E64/><V81/><F119/><W40/><G40/><T31/><D103/><U132/><E61/><V22/><F36/><W116/><G116/><T4/><D1/><U75/><E75/><V92/><F72/><W30/><G74/><T106/><D106/><U14/><E14/><V111/><F111/><W46/><G95/><T20/><D4/><U3/><E3/><V60/><F81/><W121/><G46/><T59/><D5/><U109/><E109/><V44/><F8/><W54/><G121/><T25/><D47/><N who="1" m="27679" /><E132/><V39/><F39/><W24/><G63/><T23/><D25/><U117/><E117/><V128/><F128/><W83/><G130/><T37/><D37/><U69/><E69/><V10/><F10/><W32/><G127/><T19/><D23/><N who="1" m="11695" /><E100/><V110/><F110/><W62/><G70/><T108/><D108/><U58/><E58/><V6/><F6/><W93/><G71/><T133/><D133/><U42/><E42/><V15/><REACH who="2" step="1"/><F0/><REACH who="2" ten="250,250,240,250" step="2"/><W35/><G11/><T118/><D118/><U125/><E125/><V50/><F50/><W91/><G9/><T134/><D134/><U66/><E66/><AGARI ba="0,1" hai="15,18,22,41,44,49,56,60,66,92,99,102,105,107" machi="66" ten="30,2000,0" yaku="1,1,7,1,53,0" doraHai="123" doraHaiUra="80" who="2" fromWho="1" sc="250,0,250,-20,240,30,250,0" /><INIT seed="1,0,0,0,1,124" ten="250,230,270,250" oya="1" hai0="91,86,89,25,60,19,53,85,78,132,99,42,18" hai1="112,23,88,22,10,7,83,3,28,130,87,108,133" hai2="51,29,67,63,82,50,45,128,69,47,38,55,20" hai3="0,32,76,59,12,101,95,93,31,100,24,104,34"/><U64/><E112/><V77/><F128/><W30/><G0/><T118/><D118/><U72/><E72/><V102/><F38/><W110/><G110/><T16/><D132/><U68/><E133/><V111/><F111/><W15/><G76/><T5/><D42/><U6/><E130/><V70/><F102/><W127/><G59/><N who="0" m="34927" /><D5/><U62/><E108/><V8/><F8/><W103/><G103/><T54/><D78/><U4/><REACH who="1" step="1"/><E22/><REACH who="1" ten="250,220,270,250" step="2"/><V9/><F20/><W114/><G34/><T135/><D135/><U117/><E117/><V96/><F9/><W113/><G32/><T105/><D25/><AGARI ba="0,1" hai="3,4,6,7,10,23,25,28,62,64,68,83,87,88" machi="25" ten="40,3900,0" yaku="1,1,54,1,53,0" doraHai="124" doraHaiUra="94" who="1" fromWho="0" sc="250,-39,220,49,270,0,250,0" /><INIT seed="1,1,0,1,4,77" ten="211,269,270,250" oya="1" hai0="13,1,126,93,31,87,7,4,33,106,107,95,129" hai1="133,113,50,78,55,114,15,21,64,124,65,29,26" hai2="118,52,112,109,59,56,42,99,76,102,45,49,40" hai3="90,57,117,127,125,82,34,74,80,132,88,9,72"/><U27/><E133/><V122/><F118/><W70/><G70/><T44/><D126/><N who="3" m="48137" /><G132/><T23/><D129/><U6/><E124/><V69/><F122/><W16/><G34/><T75/><D75/><N who="3" m="28713" /><G117/><T19/><D106/><U115/><E78/><V123/><F123/><W86/><G57/><T71/><D71/><U89/><E27/><V73/><F109/><W46/><G46/><T110/><D107/><U60/><E60/><V20/><F112/><W128/><G128/><T92/><D110/><U8/><REACH who="1" step="1"/><E89/><REACH who="1" ten="211,259,270,250" step="2"/><N who="3" m="34410" /><G86/><T79/><D1/><U119/><E119/><V25/><F73/><W98/><G98/><T116/><D116/><U83/><E83/><V41/><F69/><W14/><AGARI ba="1,1" hai="9,14,16,80,82" m="34410,28713,48137" machi="14" ten="40,8000,1" yaku="18,1,52,2,54,2" doraHai="77" who="3" fromWho="3" sc="211,-21,259,-41,270,-21,250,93" /><INIT seed="2,0,0,1,3,102" ten="190,218,249,343" oya="2" hai0="48,33,38,135,130,123,122,28,78,27,90,76,12" hai1="37,50,49,89,74,82,59,35,14,104,73,101,52" hai2="117,41,112,18,108,132,66,17,75,65,118,3,106" hai3="0,24,25,8,7,94,86,107,55,69,87,126,110"/><V88/><F112/><W61/><G107/><T60/><D38/><U42/><E37/><V77/><F3/><W40/><G110/><T47/><D130/><U51/><E35/><V23/><F132/><W21/><G126/><T120/><D135/><U105/><E101/><V111/><F41/><W91/><G40/><T5/><D60/><U46/><E74/><V63/><F106/><W10/><G10/><T32/><D32/><U30/><E30/><V72/><F77/><W133/><G133/><T58/><D58/><U9/><E50/><V113/><F113/><W81/><G21/><T29/><D29/><U6/><REACH who="1" step="1"/><E89/><REACH who="1" ten="190,208,249,343" step="2"/><V57/><F88/><W67/><G91/><T4/><D90/><U93/><E93/><V116/><F72/><W62/><G94/><T36/><D36/><U70/><E70/><V11/><F75/><W79/><G69/><T125/><D125/><U43/><E43/><V114/><F114/><W22/><G79/><AGARI ba="0,1" hai="6,9,14,42,46,49,51,52,59,73,79,82,104,105" machi="79" ten="40,8000,1" yaku="1,1,52,2,54,1,53,0" doraHai="102" doraHaiUra="121" who="1" fromWho="3" sc="190,0,208,90,249,0,343,-80" /><INIT seed="3,0,0,2,5,98" ten="190,298,249,263" oya="3" hai0="94,19,72,91,70,101,22,33,113,66,30,74,3" hai1="68,43,61,100,15,25,99,6,23,36,16,12,45" hai2="124,102,125,117,130,114,55,79,31,76,21,32,67" hai3="35,53,65,105,62,88,107,106,64,118,93,14,120"/><W47/><G118/><T18/><D3/><U85/><E85/><V82/><F114/><W80/><G120/><T0/><D0/><U134/><E134/><V59/><F130/><W69/><G35/><T10/><D113/><U109/><E109/><V29/><F117/><W44/><G65/><T119/><D119/><U57/><E68/><V34/><F67/><W8/><G80/><T126/><D126/><N who="2" m="48746" /><F21/><W104/><G104/><T131/><D131/><U132/><E6/><V20/><F20/><W77/><G77/><N who="2" m="29769" /><F82/><W9/><G53/><T63/><D33/><N who="2" m="12906" /><F102/><W133/><G133/><T84/><D101/><U1/><E1/><V28/><F55/><W4/><REACH who="3" step="1"/><G9/><REACH who="3" ten="190,298,249,253" step="2"/><T81/><D81/><U56/><E132/><V115/><F115/><W39/><G39/><T128/><D128/><U86/><E36/><V51/><F51/><W11/><G11/><T54/><D54/><U127/><E127/><V110/><F59/><W50/><G50/><T5/><D74/><U2/><E57/><V87/><F110/><W108/><G108/><T46/><D72/><U37/><E56/><V73/><F73/><W96/><AGARI ba="0,1" hai="4,8,14,44,47,62,64,69,88,93,96,105,106,107" machi="96" ten="30,6000,0" yaku="1,1,0,1,54,1,53,0" doraHai="98" doraHaiUra="48" who="3" fromWho="3" sc="190,-20,298,-20,249,-20,253,70" owari="170,-33.0,278,7.8,229,-17.1,323,42.3" /></mjloggm>