<mjloggm ver="2.3"><GO type="225" lobby="0"/><UN n0="%63%72%65%61%6D%38%32%34" n1="%E3%81%86%E3%81%A1%E3%83%BC" n2="%E8%90%BD%E6%97%A5" n3="%E3%82%B7%E3%83%B3%E5%A4%AA%E6%9C%97" dan="16,17,19,16" rate="2161.21,2155.37,2241.10,2140.58" sx="M,M,F,M"/><TAIKYOKU oya="0"/><INIT seed="0,0,0,2,2,133" ten="250,250,250,250" oya="0" hai0="24,97,104,32,35,81,113,11,65,59,75,22,111" hai1="4,64,71,107,9,77,40,108,76,51,14,118,2" hai2="25,33,28,131,54,126,86,114,109,62,3,0,5" hai3="60,49,68,8,20,74,83,10,19,44,73,17,120"/><T6/><D113/><U18/><E118/><V106/><F114/><W99/><G120/><T13/><D111/><U88/><E107/><V70/><F106/><W112/><G112/><T58/><D75/><U48/><E108/><V56/><F109/><W36/><G36/><T127/><D81/><U12/><E71/><V15/><F131/><W47/><G99/><T117/><D117/><U85/><E64/><V82/><F70/><W50/><G20/><T29/><D127/><U116/><E2/><V80/><F80/><W124/><G68/><T31/><D65/><U79/><E40/><V26/><F26/><W30/><G83/><T122/><D122/><U16/><E18/><V94/><F94/><W55/><G60/><T7/><D7/><U101/><E101/><V135/><F135/><W134/><G30/><T103/><REACH who="0" step="1"/><D29/><REACH who="0" ten="240,250,250,250" step="2"/><U125/><E125/><V63/><F126/><W91/><G124/><T130/><D130/><U39/><E116/><V89/><F5/><W69/><G134/><T43/><D43/><U128/><E128/><V67/><F67/><W132/><G132/><T92/><D92/><N who="1" m="54287" /><E39/><V42/><F42/><W123/><G123/><T84/><D84/><U90/><E90/><V21/><F89/><W61/><G91/><T102/><D102/><U38/><E38/><V52/><F86/><W95/><G95/><T96/><D96/><U23/><AGARI ba="0,1" hai="4,9,12,14,16,23,48,51,76,77,79" m="54287" machi="23" ten="30,4000,0" yaku="8,1,54,2" doraHai="133" who="1" fromWho="1" sc="240,-20,250,50,250,-10,250,-10" /><INIT seed="1,0,0,5,1,15" ten="220,300,240,240" oya="1" hai0="131,50,28,83,85,92,26,134,115,111,55,42,75" hai1="65,49,86,117,80,43,114,33,98,18,127,101,41" hai2="35,74,64,23,1,118,8,19,96,84,5,88,68" hai3="56,108,122,16,48,69,102,21,78,45,53,10,125"/><U112/><E117/><V71/><F118/><W126/><G122/><T36/><D115/><U62/><E33/><V120/><F120/><W70/><G102/><T34/><D111/><U38/><E38/><V82/><F74/><W133/><G108/><T113/><D113/><U60/><E127/><N who="3" m="48650" /><G78/><T31/><D131/><U72/><E72/><V116/><F116/><W14/><G133/><T104/><D104/><U9/><E62/><V110/><F110/><W105/><G105/><T59/><D31/><U106/><E43/><V67/><F35/><W90/><G90/><T128/><D128/><U40/><E41/><V22/><F22/><W20/><G56/><T29/><D29/><U11/><E49/><V47/><F47/><W73/><G73/><T66/><D134/><U132/><E40/><V100/><F71/><AGARI ba="0,0" hai="10,14,16,20,21,45,48,53,69,70,71" m="48650" machi="71" ten="30,3900,0" yaku="18,1,52,1,54,1" doraHai="15" who="3" fromWho="2" sc="220,0,300,0,240,-39,240,39" /><INIT seed="2,0,0,1,5,3" ten="220,300,201,279" oya="2" hai0="73,93,101,103,126,22,67,90,82,0,58,133,110" hai1="123,122,34,53,102,32,88,91,46,33,18,131,76" hai2="11,109,60,80,124,112,75,92,81,121,129,47,113" hai3="44,61,7,63,111,78,45,1,13,40,48,25,35"/><V120/><F60/><W119/><G111/><T50/><D110/><U57/><E131/><V77/><F47/><W86/><G1/><T128/><D128/><U51/><E102/><V62/><F109/><W97/><G119/><T29/><D126/><U100/><E100/><V108/><F108/><W43/><G97/><T8/><D133/><U20/><E76/><V41/><F41/><W117/><G117/><T96/><D73/><U95/><E46/><V64/><F129/><W9/><G25/><N who="0" m="16567" /><D0/><U52/><E53/><V38/><F38/><W59/><G59/><T70/><D70/><U15/><REACH who="1" step="1"/><E95/><REACH who="1" ten="220,290,201,279" step="2"/><V17/><F124/><W16/><G78/><T66/><D103/><U21/><E21/><V99/><F81/><W12/><G35/><T26/><D101/><U132/><E132/><V42/><F42/><W118/><G118/><T36/><D82/><U69/><E69/><V39/><F39/><W98/><G44/><T27/><D36/><U23/><E23/><V30/><F113/><W79/><G40/><T71/><D71/><U54/><E54/><V107/><F112/><W115/><G115/><T65/><D8/><U114/><E114/><V134/><F134/><W31/><G45/><T130/><D130/><U14/><E14/><N who="2" m="7391" /><F107/><W74/><G43/><T87/><D58/><U85/><E85/><V106/><F106/><W28/><G86/><T68/><D68/><U2/><E2/><V37/><F37/><W55/><G74/><T19/><D87/><U4/><E4/><V125/><F125/><W94/><G7/><T72/><D72/><U24/><E24/><RYUUKYOKU ba="0,1" sc="220,-10,290,30,201,-10,279,-10" hai1="15,18,20,32,33,34,51,52,57,88,91,122,123" /><INIT seed="3,1,1,1,1,103" ten="210,320,191,269" oya="3" hai0="30,37,108,125,6,106,28,132,97,102,114,12,81" hai1="60,87,34,115,68,0,45,19,100,133,61,9,77" hai2="38,90,57,91,118,107,42,2,129,48,117,89,3" hai3="105,112,47,24,76,16,124,44,50,31,69,43,53"/><W126/><G112/><T131/><D37/><U65/><E34/><V83/><F129/><W134/><G69/><T62/><D131/><U1/><E100/><V18/><F107/><W55/><G134/><T66/><D132/><U119/><E61/><V13/><F38/><W73/><G73/><T84/><D114/><U96/><E96/><V5/><F5/><W10/><G76/><T49/><D108/><U20/><E9/><V116/><F83/><W15/><G105/><T23/><D49/><U72/><E72/><V86/><F86/><W26/><G26/><T127/><D6/><U98/><E98/><V59/><F42/><W128/><G128/><T33/><D12/><U122/><E122/><V70/><F70/><W135/><G135/><T54/><D54/><U94/><E77/><V58/><F48/><W8/><G8/><AGARI ba="1,1" hai="2,3,8,13,18,57,58,59,89,90,91,116,117,118" machi="8" ten="50,3200,0" yaku="29,2" doraHai="103" who="2" fromWho="3" sc="210,0,320,0,191,45,269,-35" owari="210,-29.0,320,42.0,236,3.6,234,-16.6" /></mjloggm>