<mjloggm ver="2.3"><GO type="225" lobby="0"/><UN n0="%E6%97%A5%E6%9B%9C%E6%97%A5%E3%82%88%E3%82%8A%E3%81%AE%E4%BD%BF%E8%80%85" n1="%E3%81%86%E3%83%BC%E3%81%B1%E3%83%BC" n2="%E3%83%A1%E3%82%AC%E3%83%87%E3%82%B8" n3="%E7%AD%89%E3%80%85%E5%8A%9B%E5%8A%87%E5%A0%B4" dan="18,16,16,16" rate="2174.67,2140.45,2074.71,2163.29" sx="M,F,F,M"/><TAIKYOKU oya="0"/><INIT seed="0,0,0,4,4,18" ten="250,250,250,250" oya="0" hai0="77,30,27,7,85,19,75,73,105,11,66,5,76" hai1="128,86,79,55,23,34,22,43,6,49,106,16,3" hai2="38,59,111,54,94,78,70,133,126,118,68,8,53" hai3="57,63,107,83,125,44,127,129,122,87,113,64,95"/><T69/><D105/><U46/><E106/><V32/><F32/><W114/><G107/><T56/><D69/><U35/><E128/><V135/><F78/><W91/><G129/><T123/><D123/><U101/><E101/><V81/><F81/><W90/><G44/><T21/><D75/><U13/><E3/><V88/><F111/><W131/><G131/><T28/><D73/><U10/><E35/><V42/><F126/><N who="3" m="48139" /><G122/><T92/><D76/><U93/><E34/><V45/><F118/><W31/><G31/><N who="0" m="11819" /><D11/><U116/><E116/><V37/><F37/><W26/><G26/><T47/><D47/><U108/><E108/><V103/><F103/><W72/><G72/><T20/><D20/><U1/><E43/><V48/><F54/><W71/><G71/><T41/><D41/><U12/><E79/><V132/><REACH who="2" step="1"/><F8/><REACH who="2" ten="250,250,240,250" step="2"/><W52/><G52/><T115/><D115/><U100/><E100/><V29/><F29/><W117/><G117/><T40/><D40/><U80/><E80/><V67/><F67/><W121/><G121/><T0/><D77/><U50/><E50/><V60/><F60/><W124/><G124/><T98/><D66/><U84/><E93/><V82/><F82/><W89/><G89/><T39/><D39/><U36/><E36/><V15/><F15/><W102/><G102/><T112/><D112/><U109/><E109/><V24/><F24/><W17/><G91/><T61/><D92/><U62/><E62/><V134/><N who="2" m="33792" /><DORA hai="96" /><V110/><F110/><W74/><G95/><T104/><D61/><U97/><E97/><AGARI ba="0,1" hai="38,42,45,48,53,59,68,70,88,94,97" m="33792" machi="97" ten="70,8000,1" yaku="1,1,20,1,54,1,53,0" doraHai="18,96" doraHaiUra="2,25" who="2" fromWho="1" sc="250,0,250,-80,240,90,250,0" /><INIT seed="1,0,0,4,1,0" ten="250,170,330,250" oya="1" hai0="122,57,128,47,89,77,98,18,80,59,64,41,25" hai1="10,133,82,58,110,79,131,66,15,12,114,120,48" hai2="86,22,24,30,125,49,65,111,50,35,121,119,115" hai3="135,14,118,92,97,91,67,129,19,105,53,106,40"/><U104/><E120/><V123/><F119/><W88/><G135/><T27/><D122/><U42/><E114/><V32/><F115/><W13/><G129/><T7/><D128/><U9/><E104/><V94/><F123/><W17/><G67/><T87/><D7/><U45/><E133/><V44/><F121/><W68/><G68/><T113/><D113/><U78/><E110/><V130/><F111/><W81/><G40/><T29/><D18/><U95/><E95/><V54/><F125/><W11/><G118/><T112/><D112/><U38/><E131/><V126/><F126/><W99/><G53/><T103/><D77/><U72/><E79/><V62/><F50/><W4/><G19/><T132/><D132/><U52/><E66/><V90/><F130/><W26/><G26/><T5/><D5/><U1/><E9/><V134/><F134/><W74/><G74/><T73/><D73/><U37/><E38/><V23/><F23/><W96/><G106/><T100/><D25/><U43/><E42/><V34/><F34/><W116/><G105/><T2/><D2/><U101/><E101/><N who="0" m="38985" /><D98/><U61/><E48/><V51/><F51/><W31/><G31/><T3/><D3/><U36/><E36/><V84/><F84/><N who="3" m="50191" /><G116/><T70/><D70/><AGARI ba="0,0" hai="22,24,30,32,35,44,49,54,62,65,70,86,90,94" machi="70" ten="30,1000,0" yaku="7,1" doraHai="0" who="2" fromWho="0" sc="250,-10,170,0,330,10,250,0" /><INIT seed="2,0,0,4,4,88" ten="240,170,340,250" oya="2" hai0="23,98,131,72,31,49,51,89,26,123,77,5,8" hai1="84,115,66,108,14,9,32,96,59,2,69,54,63" hai2="117,109,25,7,47,99,56,113,104,30,95,122,70" hai3="119,126,50,17,91,18,107,65,10,41,15,85,13"/><V134/><F113/><W133/><G119/><T1/><D123/><U76/><E115/><V94/><F117/><W61/><G133/><T42/><D131/><U120/><E108/><V83/><F70/><W38/><G126/><T71/><D71/><U79/><E32/><V116/><F122/><W28/><G107/><T68/><D68/><U64/><E2/><V127/><F116/><W27/><G38/><T112/><D42/><U37/><E120/><V74/><F134/><W44/><G28/><T60/><D60/><U111/><E111/><V82/><F109/><W132/><G132/><T45/><D45/><U24/><E37/><V86/><F47/><W62/><G27/><T101/><D89/><U12/><E24/><V3/><F127/><W97/><G97/><T11/><D11/><U40/><E40/><V128/><F128/><W53/><G41/><T106/><D112/><U103/><E14/><V92/><F56/><W39/><G65/><T125/><D125/><U58/><E69/><V67/><F67/><W105/><G105/><T78/><REACH who="0" step="1"/><D72/><REACH who="0" ten="230,170,340,250" step="2"/><U87/><E66/><V110/><F74/><W4/><G39/><T124/><D124/><U130/><E130/><V43/><F43/><W135/><G135/><T35/><D35/><U93/><E76/><AGARI ba="0,1" hai="1,5,8,23,26,31,49,51,76,77,78,98,101,106" machi="76" ten="40,2600,0" yaku="1,1,53,1" doraHai="88" doraHaiUra="100" who="0" fromWho="1" sc="230,36,170,-26,340,0,250,0" /><INIT seed="3,0,0,0,2,84" ten="266,144,340,250" oya="3" hai0="111,4,134,30,98,86,25,63,1,89,19,126,40" hai1="59,128,109,95,135,76,66,13,127,7,52,97,36" hai2="21,77,91,38,105,18,80,26,110,5,16,3,96" hai3="57,17,102,107,121,88,92,6,73,15,50,130,125"/><W69/><G69/><T64/><D111/><U62/><E127/><V71/><F38/><W53/><G121/><T99/><D40/><U32/><E128/><V60/><F110/><W42/><G73/><T117/><D117/><U79/><E135/><V85/><F3/><W72/><G72/><T61/><D126/><U67/><E32/><V87/><F5/><W104/><G125/><T83/><D134/><U24/><E36/><V124/><F124/><W101/><G130/><T29/><D4/><U12/><E24/><V129/><F129/><W45/><G6/><T112/><D1/><U9/><E109/><V20/><F105/><W11/><G107/><T54/><D54/><U68/><E68/><V74/><F96/><N who="3" m="57351" /><G104/><T132/><D112/><U118/><E118/><V22/><F74/><W23/><G11/><T58/><D63/><AGARI ba="0,0" hai="15,17,23,42,45,50,53,57,63,101,102" m="57351" machi="63" ten="30,5800,0" yaku="8,1,52,1,54,1" doraHai="84" who="3" fromWho="0" sc="266,-58,144,0,340,0,250,58" /><INIT seed="3,1,0,0,2,87" ten="208,144,340,308" oya="3" hai0="73,104,76,63,18,75,53,109,67,106,93,22,55" hai1="101,100,1,120,112,25,59,52,95,58,132,44,128" hai2="83,125,21,0,124,45,68,19,12,32,24,90,20" hai3="28,36,126,84,118,91,42,103,92,10,31,69,131"/><W86/><G118/><T29/><D29/><U46/><E112/><V5/><F68/><W133/><G69/><T41/><D41/><U3/><E120/><V77/><F32/><W17/><G133/><T114/><D104/><U119/><E25/><V65/><F65/><W39/><G131/><T96/><D106/><U99/><E128/><V113/><F113/><W33/><G126/><N who="2" m="48745" /><F45/><W49/><G39/><T62/><D109/><U98/><E95/><V9/><F90/><N who="3" m="53319" /><G36/><T50/><D114/><U102/><E102/><V123/><F123/><W16/><G33/><T122/><D122/><U7/><E7/><V71/><F71/><W105/><G103/><T60/><D67/><U129/><E129/><V134/><F134/><W43/><G105/><T26/><D76/><U38/><E38/><V23/><F0/><W81/><G43/><T15/><D15/><U78/><E132/><V13/><F13/><N who="3" m="7223" /><G17/><T66/><D66/><U116/><REACH who="1" step="1"/><E78/><REACH who="1" ten="208,134,340,308" step="2"/><V6/><F6/><W54/><G42/><T34/><D93/><U56/><E56/><AGARI ba="1,1" hai="28,31,49,54,56,81,86,91" m="7223,53319" machi="56" ten="30,11600,0" yaku="8,1,52,2,54,1" doraHai="87" who="3" fromWho="1" sc="208,0,134,-119,340,0,308,129" owari="208,-19.2,15,-48.5,340,14.0,437,53.7" /></mjloggm>