<mjloggm ver="2.3"><GO type="225" lobby="0"/><UN n0="%E5%84%AA%40%41%42%43" n1="%48%61%61%61%6C%61%6E%64" n2="%E6%B8%A9%E2%98%85%E6%83%85%E2%98%85%E6%8E%AA%E2%98%85%E7%BD%AE" n3="%E3%83%99%E3%83%AB%E3%83%A2%E3%83%83%E3%83%88" dan="17,18,17,16" rate="2134.46,2225.27,2225.92,2099.72" sx="M,M,M,M"/><TAIKYOKU oya="0"/><INIT seed="0,0,0,2,5,114" ten="250,250,250,250" oya="0" hai0="113,96,18,63,85,93,116,50,19,121,130,6,100" hai1="89,59,92,67,80,4,75,117,24,115,126,9,71" hai2="70,73,119,129,22,99,128,20,131,120,106,5,10" hai3="94,40,68,112,45,102,11,125,0,28,56,37,95"/><T57/><D113/><U91/><E115/><V87/><F120/><W132/><G68/><T107/><D121/><U127/><E71/><V110/><F73/><W62/><G112/><T118/><D6/><U2/><E117/><V38/><F110/><W123/><G123/><T101/><D130/><U103/><E24/><V25/><F38/><W49/><G125/><N who="1" m="47626" /><E67/><V79/><F70/><W1/><G28/><T15/><D19/><U16/><E59/><V14/><F119/><W90/><G102/><T54/><D63/><U83/><E16/><N who="2" m="12487" /><F20/><W7/><G0/><T64/><D64/><U29/><E29/><V135/><F135/><W88/><G132/><T108/><D108/><U27/><E27/><V109/><F109/><W52/><REACH who="3" step="1"/><G37/><REACH who="3" ten="250,250,250,240" step="2"/><T97/><REACH who="0" step="1"/><D85/><REACH who="0" ten="240,250,250,240" step="2"/><U78/><E75/><V133/><F87/><W98/><G98/><T51/><D51/><U3/><E3/><V12/><F133/><W105/><G105/><T55/><D55/><U53/><E53/><V23/><F99/><W65/><G65/><T124/><D124/><U48/><E48/><V31/><F106/><W66/><G66/><T34/><D34/><U44/><E2/><V33/><F33/><W111/><G111/><T39/><D39/><U82/><E4/><V26/><F5/><W134/><G134/><T43/><D43/><U30/><E30/><V36/><F36/><W86/><G86/><T21/><AGARI ba="0,2" hai="15,18,21,50,54,57,93,96,97,100,101,107,116,118" machi="21" ten="20,18000,2" yaku="1,1,0,1,7,1,52,2,53,1" doraHai="114" doraHaiUra="46" who="0" fromWho="0" sc="240,200,250,-60,250,-60,240,-60" /><INIT seed="0,1,0,3,5,12" ten="440,190,190,180" oya="0" hai0="36,80,127,59,74,5,88,57,10,103,81,69,45" hai1="37,13,56,99,83,112,46,29,130,34,111,15,122" hai2="63,107,126,66,97,49,3,105,44,65,58,24,75" hai3="8,47,134,50,64,109,101,128,52,95,33,125,2"/><T89/><D69/><U7/><E122/><V117/><F126/><W31/><G109/><T18/><D103/><U132/><E111/><V68/><F117/><W91/><G101/><T70/><D70/><U25/><E130/><V32/><F3/><W86/><G125/><T100/><D100/><U113/><E132/><V27/><F75/><W22/><G64/><T19/><D127/><U17/><E99/><V84/><F97/><W71/><G71/><T118/><D118/><U102/><E102/><V78/><F66/><W129/><G134/><T41/><D59/><U96/><E96/><V72/><F72/><W98/><G33/><T60/><D57/><U23/><E83/><V61/><F61/><W39/><G39/><T87/><D60/><U4/><E56/><V14/><F68/><W16/><G31/><T116/><D116/><U30/><E30/><V40/><F14/><W94/><G8/><T20/><D20/><U26/><E15/><V121/><F121/><W93/><G2/><N who="0" m="311" /><D89/><U73/><E4/><V51/><F32/><W21/><G21/><T104/><D104/><U48/><E37/><V115/><F115/><W43/><G43/><T76/><AGARI ba="1,0" hai="18,19,36,41,45,74,76,80,81,87,88" m="311" machi="76" ten="30,11700,0" yaku="25,1,52,2,54,1" doraHai="12" who="0" fromWho="0" sc="440,120,190,-40,190,-40,180,-40" /><INIT seed="0,2,0,4,4,133" ten="560,150,150,140" oya="0" hai0="7,39,85,55,22,98,72,45,30,51,99,95,66" hai1="68,24,1,47,115,74,97,73,9,57,21,103,65" hai2="59,105,38,2,60,126,46,81,20,53,52,111,19" hai3="3,86,101,62,77,96,49,10,120,92,119,69,135"/><T124/><D72/><U5/><E68/><V93/><F105/><W18/><G135/><T63/><D124/><U125/><E115/><V54/><F2/><W131/><G131/><T13/><D39/><U114/><E114/><V12/><F111/><W88/><G119/><T78/><D66/><U34/><E34/><V4/><F126/><W87/><G120/><T117/><D63/><U37/><E125/><V118/><F118/><W64/><G49/><T67/><D67/><U82/><E82/><V27/><F81/><W41/><G41/><T42/><D55/><U89/><E89/><V58/><F38/><W132/><G77/><T40/><D42/><U71/><E71/><V26/><F4/><W14/><G132/><T83/><D117/><U6/><E6/><V8/><F93/><W25/><G3/><T134/><D134/><U17/><E47/><V79/><F79/><W113/><G113/><T90/><D30/><U129/><E37/><V80/><F80/><W84/><REACH who="3" step="1"/><G25/><REACH who="3" ten="560,150,150,130" step="2"/><T23/><D99/><U31/><E129/><V104/><F27/><W100/><AGARI ba="2,1" hai="10,14,18,62,64,69,84,86,87,88,92,96,100,101" machi="100" ten="30,7900,0" yaku="1,1,2,1,0,1,54,1,53,0" doraHai="133" doraHaiUra="33" who="3" fromWho="3" sc="560,-41,150,-22,150,-22,130,95" /><INIT seed="1,0,0,0,2,40" ten="519,128,128,225" oya="1" hai0="62,50,70,133,120,95,26,24,105,108,94,11,97" hai1="6,9,100,128,122,25,41,123,131,130,71,42,15" hai2="27,33,77,3,19,82,28,30,104,54,60,121,48" hai3="20,46,111,75,37,56,87,61,76,85,32,135,134"/><U107/><E71/><V38/><F121/><W5/><G32/><T39/><D108/><U113/><E113/><V59/><F38/><W21/><G5/><T92/><D39/><U67/><E67/><V8/><F104/><W13/><G13/><T84/><D133/><N who="3" m="50697" /><G75/><T127/><D127/><U1/><E1/><V86/><F30/><W79/><G79/><T106/><D50/><U99/><REACH who="1" step="1"/><E25/><REACH who="1" ten="519,118,128,225" step="2"/><V112/><F112/><W116/><G116/><T34/><D26/><U49/><E49/><V14/><F3/><W72/><G37/><T74/><D24/><U4/><E4/><V10/><REACH who="2" step="1"/><F48/><REACH who="2" ten="519,118,118,225" step="2"/><W22/><G111/><T23/><D70/><U43/><AGARI ba="0,2" hai="6,9,15,41,42,43,99,100,107,122,123,128,130,131" machi="43" ten="40,12000,1" yaku="1,1,0,1,19,1,53,2" doraHai="40" doraHaiUra="119" who="1" fromWho="1" sc="519,-40,118,140,118,-40,225,-40" /><INIT seed="1,1,0,4,3,121" ten="479,258,78,185" oya="1" hai0="107,120,43,86,88,39,40,75,19,65,81,99,6" hai1="84,97,44,134,95,34,41,47,74,17,21,54,73" hai2="35,2,51,10,96,70,46,27,131,1,130,28,50" hai3="128,110,48,119,112,87,9,13,79,56,24,68,132"/><U126/><E34/><V57/><F70/><W109/><G68/><T90/><D120/><U103/><E126/><V37/><F96/><W63/><G112/><T42/><D39/><U83/><E134/><V124/><F124/><W98/><G48/><T29/><D29/><U93/><E93/><V129/><F10/><W12/><G132/><T36/><D36/><U20/><E54/><V72/><F72/><W118/><G98/><T23/><D6/><U104/><E104/><V78/><F78/><W22/><G128/><T85/><D75/><U108/><E21/><V32/><F32/><W114/><G114/><T76/><D65/><U77/><E47/><V105/><F105/><W38/><G38/><T125/><D125/><U52/><E108/><N who="3" m="41578" /><G87/><N who="0" m="48551" /><D107/><U111/><E111/><V89/><F89/><N who="0" m="34410" /><D99/><U82/><E74/><V117/><F117/><N who="3" m="44555" /><G79/><T30/><D30/><U33/><E73/><V14/><F37/><W26/><G26/><AGARI ba="1,0" hai="19,23,26,40,42,43,85,86" m="34410,48551" machi="26" ten="30,2000,0" yaku="8,1,54,1" doraHai="121" who="0" fromWho="3" sc="479,23,258,0,78,0,185,-23" /><INIT seed="2,0,0,1,0,131" ten="502,258,78,162" oya="2" hai0="86,128,75,121,46,92,67,8,111,64,102,27,5" hai1="123,107,132,124,61,63,11,51,22,26,135,24,127" hai2="117,7,89,23,96,14,21,78,29,109,93,28,119" hai3="3,6,1,88,99,80,95,129,115,83,77,98,91"/><V38/><F38/><W31/><G31/><T122/><D111/><U17/><E107/><V101/><F109/><W81/><G6/><T118/><D75/><U68/><E123/><V47/><F78/><W58/><G129/><T70/><D128/><U130/><E130/><V125/><F125/><N who="1" m="48201" /><E68/><V104/><F47/><W60/><G115/><T72/><D27/><U97/><E97/><V12/><F23/><W76/><G60/><N who="1" m="23114" /><E51/><V90/><F104/><W112/><G58/><T71/><D5/><U54/><E54/><V13/><F7/><W103/><G1/><T113/><D46/><U40/><E40/><V34/><F34/><W108/><G112/><T43/><D43/><U133/><E11/><V100/><F100/><N who="3" m="60511" /><G3/><T49/><D102/><U62/><N who="1" m="23122" /><U52/><DORA hai="30" /><E52/><V37/><F37/><W25/><G25/><AGARI ba="0,0" hai="17,22,24,25,26,132,133,135" m="23122,48201" machi="25" ten="50,8000,1" yaku="20,1,18,1,52,3" doraHai="131,30" who="1" fromWho="3" sc="502,0,258,80,78,0,162,-80" /><INIT seed="3,0,0,1,2,134" ten="502,338,78,82" oya="3" hai0="17,86,88,66,130,79,1,6,34,50,18,73,37" hai1="68,116,92,85,75,28,65,99,36,59,40,4,64" hai2="54,124,46,135,69,13,62,55,133,32,22,23,57" hai3="51,70,58,76,117,105,35,101,96,7,8,118,9"/><W38/><G35/><T60/><D37/><U97/><E75/><V95/><F124/><W21/><G70/><T41/><D34/><U12/><E68/><V74/><F74/><W91/><G38/><T16/><D73/><U11/><E116/><V19/><F32/><W15/><G76/><T128/><D79/><U61/><E40/><V132/><F69/><W14/><G21/><T43/><D6/><U33/><E36/><V47/><F95/><W102/><G101/><T104/><D1/><U90/><REACH who="1" step="1"/><E65/><REACH who="1" ten="502,328,78,82" step="2"/><V31/><F55/><W100/><G102/><T5/><D43/><U81/><E81/><V49/><F49/><W119/><G51/><T84/><D41/><U115/><E115/><V20/><F31/><W108/><G108/><T111/><D50/><U72/><E72/><V125/><F125/><W67/><G67/><T25/><D66/><U71/><E71/><V80/><F80/><W29/><G58/><T27/><D111/><U129/><E129/><V126/><F126/><W45/><G29/><T53/><D53/><U44/><E44/><AGARI ba="0,1" hai="13,19,20,22,23,44,46,47,54,57,62,132,133,135" machi="44" ten="40,1300,0" yaku="20,1" doraHai="134" who="2" fromWho="1" sc="502,0,328,-13,78,23,82,0" owari="502,60.2,315,11.5,101,-29.9,82,-41.8" /></mjloggm>