<mjloggm ver="2.3"><GO type="225" lobby="0"/><UN n0="%E3%81%82%E3%81%B9%E3%81%99%E3%81%91" n1="%E7%99%BD%E9%9B%AA%E4%B9%83%E6%84%9B" n2="%77%72%77%72%77%72%77%72" n3="%28%EF%BF%A3%E2%96%BD%EF%BF%A3%29%CE%B4%E2%8C%92%E3%83%BB" dan="16,16,16,16" rate="2145.54,2061.43,2164.76,2114.75" sx="M,F,M,M"/><TAIKYOKU oya="0"/><INIT seed="0,0,0,5,2,6" ten="250,250,250,250" oya="0" hai0="95,14,53,55,75,62,57,12,91,9,27,38,117" hai1="105,71,79,51,113,46,101,69,32,106,135,16,26" hai2="60,47,85,59,118,99,88,110,42,109,24,116,18" hai3="36,64,77,93,41,76,31,73,11,96,68,66,23"/><T115/><D115/><U78/><E135/><V107/><F107/><W100/><G68/><T5/><D75/><U39/><E39/><V114/><F114/><W84/><G73/><T80/><D38/><U134/><E113/><V49/><F99/><W1/><G36/><T40/><D40/><U90/><E134/><V104/><F104/><W112/><G41/><T67/><D117/><N who="2" m="45162" /><F18/><W45/><G45/><T21/><D14/><U34/><E90/><V52/><F24/><N who="3" m="16799" /><G1/><T29/><REACH who="0" step="1"/><D80/><AGARI ba="0,0" hai="42,47,49,52,59,60,80,85,88,109,110" m="45162" machi="80" ten="30,3900,0" yaku="12,1,54,2" doraHai="6" who="2" fromWho="0" sc="250,-39,250,0,250,39,250,0" /><INIT seed="1,0,0,2,0,13" ten="211,250,289,250" oya="1" hai0="36,107,3,101,25,11,98,34,28,90,94,33,82" hai1="16,22,51,108,63,116,64,1,21,77,5,131,39" hai2="42,30,97,135,88,100,53,117,67,121,76,122,129" hai3="95,74,18,118,58,44,70,102,52,29,26,17,124"/><U114/><E114/><V134/><F42/><W32/><G74/><T60/><D36/><U133/><E39/><V113/><F67/><W8/><G70/><T75/><D34/><U72/><E116/><V15/><F117/><W111/><G118/><T4/><D60/><U83/><E131/><V130/><F76/><W55/><G111/><T123/><D123/><N who="2" m="47114" /><F30/><W12/><G124/><T66/><D66/><U6/><E133/><N who="2" m="50699" /><F53/><W0/><G0/><T57/><D75/><U126/><E126/><V112/><F15/><W20/><G44/><T73/><D73/><U71/><E108/><V115/><F88/><W9/><G9/><T109/><D109/><U7/><E1/><V103/><F103/><W23/><G58/><T37/><D57/><U105/><E105/><AGARI ba="0,0" hai="97,100,105,112,113,115,129,130" m="50699,47114" machi="105" ten="40,8000,1" yaku="11,1,20,1,23,1,34,2" doraHai="13" who="2" fromWho="1" sc="211,0,250,-80,289,80,250,0" /><INIT seed="2,0,0,3,3,81" ten="211,170,369,250" oya="2" hai0="20,126,104,21,38,15,109,135,42,16,124,65,12" hai1="31,17,72,116,86,84,35,88,23,58,53,10,127" hai2="76,107,14,27,3,36,43,123,133,77,19,30,112" hai3="63,98,0,79,96,114,80,120,93,119,100,92,74"/><V83/><F112/><W39/><G0/><T118/><D109/><U134/><E116/><V33/><F123/><W18/><G39/><T2/><D2/><U101/><E72/><V37/><F133/><W64/><G114/><T73/><D135/><U131/><E134/><V6/><F107/><W61/><G120/><T106/><D118/><U66/><E131/><V24/><F24/><W26/><G119/><T129/><D73/><U44/><E127/><N who="0" m="48681" /><D129/><U110/><E110/><V29/><F29/><W70/><G63/><T115/><D115/><U130/><E130/><V71/><F71/><W8/><G8/><N who="0" m="6151" /><D65/><U91/><E101/><V40/><F36/><W13/><G13/><T7/><D7/><U34/><E10/><N who="2" m="2399" /><F77/><W32/><G18/><N who="0" m="10335" /><D21/><U78/><E78/><V48/><F37/><W11/><G11/><T94/><D94/><U41/><E66/><V46/><F76/><W51/><G51/><T69/><D69/><U59/><E31/><V105/><F30/><N who="3" m="19543" /><G98/><T68/><D68/><U89/><E34/><V113/><F48/><W60/><G60/><T5/><D5/><U85/><E35/><V99/><F33/><W28/><G28/><T132/><D132/><U102/><E102/><V75/><F99/><W108/><G108/><T25/><D25/><N who="1" m="14575" /><E53/><V90/><F75/><W52/><G52/><T62/><D106/><AGARI ba="0,0" hai="61,64,70,74,79,80,92,93,96,100,106" m="19543" machi="106" ten="30,1000,0" yaku="25,1" doraHai="81" who="3" fromWho="0" sc="211,-10,170,0,369,0,250,10" /><INIT seed="3,0,0,0,5,106" ten="201,170,369,260" oya="3" hai0="8,27,25,129,26,33,108,134,77,70,73,102,98" hai1="36,132,60,66,3,112,124,37,84,128,68,1,109" hai2="32,116,7,19,55,49,130,80,24,79,93,113,53" hai3="120,85,51,87,74,41,29,10,107,42,121,100,16"/><W59/><G29/><T28/><D129/><U86/><E112/><V40/><F113/><W89/><G74/><T48/><D108/><U72/><E109/><V61/><F116/><W30/><G30/><T88/><D134/><U96/><E128/><V99/><F130/><W44/><G42/><T50/><D8/><U4/><E132/><V123/><F123/><W0/><G0/><T11/><D11/><U81/><E124/><V131/><F131/><W71/><G71/><T76/><D70/><U5/><E96/><V127/><F7/><W91/><G59/><T83/><D77/><N who="1" m="44199" /><E86/><N who="2" m="48415" /><F32/><W15/><G100/><T43/><D28/><U46/><E84/><V57/><F127/><W34/><G107/><T115/><D33/><U63/><E63/><V105/><F105/><W56/><G56/><T90/><D50/><U97/><E97/><V20/><F40/><W21/><G34/><T126/><D126/><U95/><E95/><V62/><F53/><W45/><G45/><N who="0" m="25663" /><D115/><U6/><E6/><V39/><F39/><W135/><G135/><T117/><D117/><U13/><E13/><V92/><F92/><W54/><G41/><T82/><D82/><U110/><E110/><V104/><F104/><W18/><G87/><T94/><D90/><AGARI ba="0,0" hai="19,20,24,49,55,57,61,62,90,93,99" m="48415" machi="90" ten="30,1000,0" yaku="8,1" doraHai="106" who="2" fromWho="0" sc="201,-10,170,0,369,10,260,0" owari="191,-20.9,170,-33.0,379,47.9,260,6.0" /></mjloggm>