<mjloggm ver="2.3"><GO type="225" lobby="0"/><UN n0="%E3%83%AB%E3%83%9B%E3%83%B3%E3%83%87%E3%82%A3%E3%82%A8" n1="%E3%81%9F%E3%81%93%E2%98%86%E7%84%BC%E3%81%8D" n2="%E9%BB%92%E4%BA%BA%40%E3%81%8F%E3%82%8D%E3%82%93%E3%81%A1%E3%82%85" n3="%53%61%63%68%69%30%34" dan="17,16,17,16" rate="2171.40,2120.69,2122.10,2096.35" sx="M,M,M,M"/><TAIKYOKU oya="0"/><INIT seed="0,0,0,4,0,129" ten="250,250,250,250" oya="0" hai0="3,109,30,65,91,9,83,110,59,90,43,15,12" hai1="128,120,19,63,100,104,118,105,55,61,66,114,33" hai2="113,6,111,77,23,51,78,69,39,32,133,115,134" hai3="98,4,103,101,1,68,42,74,80,84,57,0,34"/><T36/><D30/><U47/><E33/><V75/><F39/><W135/><G68/><T81/><D36/><U82/><E118/><V27/><F69/><W70/><G70/><T76/><D43/><U132/><E128/><V38/><F38/><W88/><G34/><T117/><D117/><U16/><E66/><V97/><F32/><W67/><G42/><T35/><D35/><U10/><E82/><N who="0" m="31241" /><D76/><N who="2" m="29290" /><F75/><W119/><G74/><T86/><D86/><U31/><E31/><V13/><F51/><W123/><G123/><T21/><D21/><U2/><E10/><N who="2" m="4311" /><F97/><W99/><G98/><T8/><D3/><U127/><E2/><V40/><F40/><W44/><G99/><T20/><D20/><U62/><E100/><V116/><F116/><W94/><G103/><T71/><D71/><U92/><E120/><V29/><F111/><N who="0" m="42506" /><D59/><U107/><E47/><V73/><F73/><W24/><G44/><T72/><D65/><U11/><E11/><N who="0" m="4169" /><D72/><U26/><E107/><V50/><F50/><W121/><G67/><T95/><D95/><U96/><E92/><V112/><F112/><W89/><G94/><T64/><D64/><U46/><E114/><V25/><F25/><W85/><G119/><T106/><D106/><U17/><E26/><V53/><F53/><W7/><G121/><T54/><D54/><U5/><E55/><V93/><F93/><W87/><G0/><T56/><D56/><U125/><E105/><V79/><F79/><N who="3" m="46111" /><G57/><T126/><D126/><U131/><E125/><V49/><F49/><W122/><G122/><T58/><D58/><U108/><E127/><RYUUKYOKU ba="0,0" sc="250,15,250,-15,250,15,250,-15" hai0="12,15,90,91" hai2="23,27,29,113,115,133,134" /><INIT seed="0,1,0,5,5,81" ten="265,235,265,235" oya="0" hai0="76,48,91,49,17,25,68,40,52,4,7,19,18" hai1="31,56,100,27,93,101,53,106,129,78,134,1,8" hai2="66,15,118,88,29,99,132,16,89,127,71,12,9" hai3="116,123,32,133,109,120,26,117,98,73,113,77,79"/><T128/><D68/><U41/><E106/><V94/><F127/><W2/><G2/><T69/><D69/><U11/><E129/><V59/><F71/><W3/><G3/><T58/><D128/><U112/><E41/><V130/><F130/><W50/><G50/><T82/><D25/><U6/><E8/><V97/><F132/><W23/><G32/><T64/><D64/><U75/><E134/><V135/><F135/><W83/><G133/><T39/><D39/><U30/><E30/><V5/><F29/><W20/><G26/><T38/><D38/><U87/><E75/><V14/><F118/><W114/><G109/><T102/><D102/><U103/><E78/><V110/><F110/><W22/><G98/><T74/><REACH who="0" step="1"/><D91/><REACH who="0" ten="255,235,265,235" step="2"/><U95/><E101/><V34/><F89/><W111/><G111/><T45/><AGARI ba="1,1" hai="4,7,17,18,19,40,45,48,49,52,58,74,76,82" machi="45" ten="30,11700,0" yaku="1,1,2,1,0,1,54,1,53,0" doraHai="81" doraHaiUra="10" who="0" fromWho="0" sc="255,130,235,-40,265,-40,235,-40" /><INIT seed="0,2,0,3,0,103" ten="385,195,225,195" oya="0" hai0="47,25,125,102,26,17,114,81,20,42,22,27,95" hai1="80,86,0,84,90,39,7,49,77,21,3,11,135" hai2="88,85,66,63,56,100,130,31,62,112,115,67,104" hai3="109,89,50,108,123,118,113,15,45,40,70,29,60"/><T134/><D114/><U34/><E39/><V51/><F130/><W28/><G113/><T35/><D35/><U41/><E34/><V24/><F51/><W46/><G118/><T23/><D134/><U44/><E135/><V116/><F116/><W126/><G126/><T4/><D4/><U38/><E21/><V71/><F100/><W54/><G89/><T72/><D125/><U57/><E57/><V65/><F65/><N who="3" m="41255" /><G15/><T76/><D102/><U91/><E38/><V93/><REACH who="2" step="1"/><F104/><REACH who="2" ten="385,195,215,195" step="2"/><W36/><G123/><T133/><D133/><U2/><REACH who="1" step="1"/><E77/><REACH who="1" ten="385,185,215,195" step="2"/><V79/><F79/><W52/><G36/><T43/><D76/><U105/><E105/><V69/><F69/><W68/><G68/><T97/><D27/><U73/><E73/><V121/><F121/><W53/><G46/><T8/><D72/><U5/><E5/><V129/><F129/><W94/><G45/><T48/><D47/><U13/><E13/><V111/><F111/><W106/><G106/><T12/><D26/><U83/><AGARI ba="2,2" hai="0,2,3,7,11,41,44,49,80,83,84,86,90,91" machi="83" ten="20,12000,2" yaku="1,1,0,1,7,1,9,1,53,3" doraHai="103" doraHaiUra="33" who="1" fromWho="1" sc="385,-62,185,146,215,-32,195,-32" /><INIT seed="1,0,0,5,3,94" ten="323,331,183,163" oya="1" hai0="111,106,4,127,0,103,125,6,75,115,120,32,19" hai1="36,132,40,77,89,53,13,126,82,90,118,59,73" hai2="70,72,37,50,84,99,123,68,102,29,85,86,38" hai3="79,7,52,81,117,110,80,108,97,41,122,47,3"/><U33/><E118/><V78/><F123/><W54/><G122/><T21/><D115/><U114/><E33/><V8/><F29/><W129/><G117/><T112/><D75/><U14/><E114/><V107/><F72/><N who="3" m="43111" /><G81/><T69/><D69/><U124/><E132/><V95/><F78/><W39/><G129/><T49/><D32/><U18/><E40/><V130/><F130/><W83/><G83/><T9/><D111/><N who="3" m="42537" /><G97/><N who="0" m="61807" /><D49/><U34/><E36/><V91/><F38/><W35/><G35/><T64/><D6/><U92/><E90/><V87/><F37/><W24/><G24/><N who="0" m="14399" /><D64/><U15/><E34/><V100/><F100/><W56/><G56/><T61/><D61/><U74/><E74/><V48/><REACH who="2" step="1"/><F8/><AGARI ba="0,0" hai="3,7,8,39,41,47,52,54" m="42537,43111" machi="8" ten="30,3900,0" yaku="25,1,14,1,54,1" doraHai="94" who="3" fromWho="2" sc="323,0,331,0,183,-39,163,39" /><INIT seed="2,0,0,2,5,92" ten="323,331,144,202" oya="2" hai0="15,115,49,123,73,13,61,80,108,126,28,107,17" hai1="57,77,119,22,59,51,32,95,83,53,42,103,62" hai2="19,130,124,16,112,34,7,41,2,84,68,99,90" hai3="129,39,76,56,132,50,81,40,106,101,58,79,23"/><V118/><F112/><W91/><G39/><T63/><D107/><U127/><E32/><V94/><F118/><W86/><G129/><T52/><D115/><U74/><E127/><V82/><F124/><W8/><G132/><T128/><D123/><U66/><E42/><V55/><F68/><W125/><G125/><T4/><D28/><U46/><E22/><V27/><F130/><W21/><G8/><N who="0" m="4231" /><D73/><U110/><E110/><V48/><F41/><W6/><G6/><T9/><D108/><U31/><E31/><V67/><F67/><W102/><G106/><T26/><D128/><U85/><E119/><V29/><F7/><W70/><G70/><T131/><D131/><U1/><E1/><V36/><F2/><W37/><G37/><T43/><D43/><U135/><E135/><V3/><F3/><W20/><G91/><T5/><D80/><U97/><REACH who="1" step="1"/><E74/><REACH who="1" ten="323,321,144,202" step="2"/><V104/><F36/><W45/><G21/><N who="0" m="13615" /><D126/><U105/><E105/><V54/><F104/><W44/><G20/><T65/><D65/><U33/><E33/><V114/><F114/><W120/><G23/><T100/><D100/><U113/><E113/><V25/><F25/><W122/><G101/><T10/><D10/><U109/><E109/><V116/><F116/><W64/><G102/><T133/><D133/><U121/><E121/><V89/><REACH who="2" step="1"/><F55/><REACH who="2" ten="323,321,134,202" step="2"/><N who="3" m="30151" /><G122/><T69/><D69/><AGARI ba="0,2" hai="46,51,53,57,59,62,66,69,77,83,85,95,97,103" machi="69" ten="30,3900,0" yaku="1,1,7,1,52,1,53,0" doraHai="92" doraHaiUra="11" who="1" fromWho="0" sc="323,-39,321,59,134,0,202,0" /><INIT seed="3,0,0,0,0,33" ten="284,380,134,202" oya="3" hai0="80,57,83,23,113,6,75,55,64,108,118,81,98" hai1="132,0,7,70,29,82,110,45,106,115,54,30,40" hai2="60,84,35,56,101,125,99,25,127,59,42,117,41" hai3="129,49,96,124,38,9,53,68,126,21,97,27,71"/><W93/><G38/><T109/><D118/><U10/><E70/><V114/><F117/><W69/><G129/><T130/><D130/><U13/><E106/><V134/><F114/><W105/><G105/><T24/><D113/><U1/><E29/><V65/><F134/><W62/><G62/><T119/><D119/><U90/><E110/><N who="0" m="42601" /><D6/><U44/><E30/><V100/><F35/><W47/><G9/><T16/><D98/><U87/><E132/><V18/><F84/><W116/><G116/><T95/><D95/><U36/><E115/><V121/><F121/><W76/><G76/><N who="0" m="44063" /><D64/><U112/><E112/><V133/><F133/><W135/><G135/><T61/><AGARI ba="0,0" hai="16,23,24,55,57,61,81,83" m="44063,42601" machi="61" ten="30,2000,0" yaku="14,1,54,1" doraHai="33" who="0" fromWho="0" sc="284,20,380,-5,134,-5,202,-10" owari="304,10.4,375,47.5,129,-37.1,192,-20.8" /></mjloggm>