<mjloggm ver="2.3"><GO type="225" lobby="0"/><UN n0="%E3%82%B2%E3%82%B9%E8%8C%82%E5%8B%9D" n1="%6D%75%75%6D%75%72%61" n2="%2D%E8%B1%8A%E5%8F%A3%E3%82%81%E3%81%90%E3%81%BF%2D" n3="%E3%81%BF%E3%81%BF%E3%81%9A" dan="16,16,16,16" rate="2054.79,2140.11,2104.75,2114.64" sx="F,F,F,M"/><TAIKYOKU oya="0"/><INIT seed="0,0,0,4,4,94" ten="250,250,250,250" oya="0" hai0="115,125,91,109,7,112,42,9,131,82,0,8,133" hai1="57,2,113,106,38,62,85,47,30,6,16,44,72" hai2="92,110,69,49,96,28,1,118,27,3,101,25,74" hai3="26,95,68,58,24,128,55,86,36,56,10,59,53"/><T80/><D125/><U78/><E106/><V51/><F110/><W12/><G68/><T11/><D131/><U18/><E30/><V107/><F74/><W71/><G71/><T73/><D133/><U98/><E85/><V39/><F39/><W88/><G36/><T32/><D32/><U15/><E15/><V14/><F69/><W13/><G13/><T22/><D22/><U76/><E44/><V116/><F14/><W52/><REACH who="3" step="1"/><G128/><REACH who="3" ten="250,250,250,240" step="2"/><T20/><D109/><U120/><E38/><V45/><F3/><W114/><G114/><T46/><D112/><U54/><E2/><V35/><F1/><W129/><G129/><T124/><D115/><U102/><E113/><V61/><F118/><W100/><G100/><T19/><D0/><U103/><E103/><V64/><F116/><W21/><G21/><T40/><D20/><U23/><E23/><V89/><F25/><W5/><AGARI ba="0,1" hai="5,10,12,24,26,52,53,55,56,58,59,86,88,95" machi="5" ten="30,8000,1" yaku="1,1,0,1,8,1,54,2,53,0" doraHai="94" doraHaiUra="60" who="3" fromWho="3" sc="250,-40,250,-20,250,-20,240,90" /><INIT seed="1,0,0,1,5,103" ten="210,230,230,330" oya="1" hai0="86,41,124,123,72,16,79,108,117,55,87,12,107" hai1="1,59,91,83,39,47,7,5,13,104,119,88,75" hai2="92,4,78,84,128,126,102,82,35,37,50,20,127" hai3="121,133,6,106,105,96,3,46,71,97,11,28,18"/><U111/><E119/><V45/><F35/><W10/><G121/><T131/><D117/><U24/><E1/><V125/><F128/><W114/><G114/><T52/><D123/><U53/><E111/><V40/><F4/><W113/><G71/><T62/><D108/><U73/><E104/><V134/><F134/><W42/><G28/><T110/><D110/><U112/><E112/><V69/><F69/><W68/><G68/><T120/><D120/><U23/><E39/><V81/><F20/><W67/><G67/><T63/><D107/><U66/><E47/><V80/><REACH who="2" step="1"/><F37/><REACH who="2" ten="210,230,220,330" step="2"/><W14/><G113/><T30/><D131/><U48/><E5/><V58/><F58/><W101/><G133/><T100/><D124/><U93/><E7/><V85/><F85/><W64/><G64/><T77/><D72/><U118/><E66/><V25/><F25/><W33/><G33/><T15/><D30/><U29/><E13/><V36/><F36/><W22/><G22/><T109/><D109/><U95/><E118/><V27/><F27/><W90/><G3/><T9/><D9/><U32/><E32/><V132/><F132/><W130/><G130/><T2/><D2/><U17/><E73/><V26/><F26/><W31/><G31/><T98/><D86/><N who="1" m="50271" /><E29/><V115/><F115/><W8/><G6/><T135/><D135/><U21/><E75/><V34/><F34/><W49/><G8/><T70/><D70/><U74/><E74/><V0/><F0/><W60/><G10/><T56/><D87/><N who="1" m="52479" /><E23/><V44/><F44/><N who="3" m="25751" /><G14/><T122/><D12/><U99/><E99/><AGARI ba="0,1" hai="40,45,50,78,80,81,82,84,92,99,102,125,126,127" machi="99" ten="40,5200,0" yaku="1,1,6,1,18,1,53,0" doraHai="103" doraHaiUra="116" who="2" fromWho="1" sc="210,0,230,-52,220,62,330,0" /><INIT seed="2,0,0,1,2,34" ten="210,178,282,330" oya="2" hai0="128,105,40,118,13,114,108,22,0,77,53,86,65" hai1="96,47,57,115,119,74,104,52,9,21,76,129,62" hai2="16,32,125,63,45,122,82,124,130,94,106,30,103" hai3="23,51,89,37,35,25,10,17,61,80,46,6,43"/><V133/><F122/><W58/><G35/><T75/><D86/><U111/><E115/><V134/><F106/><W98/><G37/><T85/><D85/><U83/><E119/><V131/><F82/><W127/><G127/><N who="2" m="48713" /><F63/><W8/><G6/><T31/><D40/><U92/><E111/><V109/><F109/><W121/><G121/><T2/><D53/><U93/><E129/><N who="2" m="49163" /><F16/><W41/><G41/><T28/><D77/><U55/><E104/><V19/><F19/><W1/><G80/><T18/><D65/><U20/><E93/><V88/><F103/><W66/><G1/><N who="0" m="619" /><D105/><U95/><E95/><AGARI ba="0,0" hai="8,10,17,23,25,43,46,51,58,61,66,89,95,98" machi="95" ten="40,1300,0" yaku="8,1" doraHai="34" who="3" fromWho="1" sc="210,0,178,-13,282,0,330,13" /><INIT seed="3,0,0,4,3,47" ten="210,165,282,343" oya="3" hai0="95,103,109,35,79,84,40,131,86,69,27,126,116" hai1="28,10,50,15,25,74,124,110,34,128,64,22,78" hai2="2,36,16,102,0,41,42,51,58,19,81,73,111" hai3="38,89,65,68,9,49,4,82,121,31,96,97,119"/><W127/><G38/><T90/><D69/><U108/><E64/><V125/><F102/><W1/><G31/><T59/><D116/><U63/><E63/><V12/><F19/><W122/><G97/><T71/><D71/><U67/><E67/><V14/><F12/><W100/><G119/><T132/><D40/><U120/><E78/><V33/><F33/><W11/><G127/><T91/><D27/><N who="1" m="18719" /><E74/><V7/><F111/><N who="1" m="42537" /><E50/><V57/><F51/><W133/><G49/><T39/><D39/><U101/><E101/><V61/><F125/><W83/><G65/><T23/><D109/><U77/><E77/><V117/><F117/><W106/><G82/><T43/><D126/><U46/><E46/><V8/><F58/><W87/><G68/><T20/><D79/><U135/><E124/><V54/><F36/><W62/><G62/><T55/><D103/><U3/><E120/><V99/><F73/><W107/><G107/><T21/><D43/><U93/><E93/><V45/><F81/><W26/><G83/><T56/><D95/><U94/><E94/><V60/><F60/><W29/><G122/><T114/><D59/><U88/><E88/><V104/><F45/><W6/><G121/><T30/><D91/><U80/><E80/><V98/><F42/><W37/><G37/><T75/><D75/><U115/><E115/><V52/><F41/><W129/><G89/><T72/><D90/><U112/><E112/><V130/><F61/><W32/><G100/><T113/><D72/><U123/><E123/><V92/><F92/><W17/><G106/><T105/><D113/><RYUUKYOKU ba="0,0" sc="210,0,165,0,282,0,343,0" owari="210,-19.0,165,-33.5,282,8.2,343,44.3" /></mjloggm>