<mjloggm ver="2.3"><GO type="225" lobby="0"/><UN n0="%E3%81%B5%E3%81%98%E3%81%8B%E3%81%A4" n1="%E3%83%AD%E3%83%83%E3%83%86%E9%9B%80%E7%90%83" n2="%28%EF%BF%A3%E2%96%BD%EF%BF%A3%29%CE%B4%E2%8C%92%E3%83%BB" n3="%E4%BF%BA%E3%81%A8%E5%A6%96%E5%A4%A2" dan="16,16,16,17" rate="2192.08,2173.36,2155.97,2159.97" sx="M,M,M,F"/><TAIKYOKU oya="0"/><INIT seed="0,0,0,3,5,106" ten="250,250,250,250" oya="0" hai0="122,59,6,125,72,65,120,10,123,34,69,89,14" hai1="4,128,13,124,32,130,114,85,96,81,3,117,131" hai2="88,83,56,54,129,68,132,66,98,41,80,67,33" hai3="78,102,108,135,39,30,18,21,25,37,48,97,61"/><T74/><D34/><U55/><E117/><V35/><F68/><W127/><G108/><T64/><D125/><U9/><E124/><V75/><F41/><W101/><G127/><T29/><D29/><U82/><E114/><V27/><F132/><W40/><G135/><T2/><D2/><U46/><E32/><V15/><F35/><W58/><G78/><T26/><D26/><U8/><E96/><V57/><F56/><W103/><G97/><T31/><D31/><U118/><E118/><V0/><F33/><W53/><REACH who="3" step="1"/><G30/><REACH who="3" ten="250,250,250,240" step="2"/><T71/><D123/><U87/><E87/><V116/><F98/><W112/><G112/><T104/><D122/><U73/><E85/><V62/><F116/><W7/><G7/><T60/><D120/><U36/><E131/><V92/><F129/><W44/><AGARI ba="0,1" hai="18,21,25,37,39,40,44,48,53,58,61,101,102,103" machi="44" ten="30,2000,0" yaku="1,1,0,1,53,0" doraHai="106" doraHaiUra="77" who="3" fromWho="3" sc="250,-10,250,-5,250,-5,240,30" /><INIT seed="1,0,0,4,4,130" ten="240,245,245,270" oya="1" hai0="119,37,57,55,84,29,52,50,107,121,101,46,100" hai1="128,81,60,33,92,0,8,123,66,124,5,32,97" hai2="35,15,88,61,7,113,23,6,21,68,63,9,71" hai3="54,20,73,64,86,115,17,117,122,99,78,56,12"/><U75/><E123/><V58/><F35/><W18/><G122/><T47/><D121/><U16/><E128/><V48/><F113/><W89/><G115/><T11/><D119/><U80/><E124/><V129/><F129/><W62/><G117/><T90/><D107/><U110/><E110/><V1/><F1/><W79/><G73/><T93/><D29/><U96/><E96/><V131/><F131/><W120/><G120/><T13/><D37/><U69/><E16/><N who="2" m="8303" /><F71/><W74/><G74/><T41/><D47/><U118/><E118/><V51/><F68/><W108/><G108/><T19/><REACH who="0" step="1"/><D41/><REACH who="0" ten="230,245,245,270" step="2"/><U45/><E45/><V40/><F40/><W72/><G72/><T112/><D112/><U39/><E39/><V34/><F63/><AGARI ba="0,1" hai="11,13,19,46,50,52,55,57,63,84,90,93,100,101" machi="63" ten="30,7700,0" yaku="1,1,7,1,8,1,54,1,53,0" doraHai="130" doraHaiUra="105" who="0" fromWho="2" sc="230,87,245,0,245,-77,270,0" /><INIT seed="2,0,0,1,5,135" ten="317,245,168,270" oya="2" hai0="109,59,1,106,55,87,43,112,23,120,79,100,31" hai1="61,39,85,30,104,114,42,27,38,134,2,117,34" hai2="9,50,77,108,6,70,92,16,45,122,73,12,121" hai3="71,69,113,53,47,64,74,118,111,84,25,116,126"/><V115/><F70/><W54/><G74/><T19/><D1/><U133/><E114/><V36/><F115/><W67/><G113/><T99/><D43/><U37/><E117/><N who="3" m="45162" /><G84/><T72/><D112/><U65/><E2/><N who="2" m="215" /><F50/><W131/><G25/><T32/><D120/><U10/><E10/><N who="2" m="6167" /><F92/><W95/><G95/><T49/><D31/><U40/><E85/><V13/><F108/><W88/><G88/><T3/><D109/><U28/><E28/><V22/><F22/><W68/><G111/><T7/><D23/><U76/><E76/><V94/><F94/><W58/><G47/><T93/><D79/><U17/><E17/><V96/><F96/><W83/><G83/><T35/><D19/><U57/><REACH who="1" step="1"/><E104/><REACH who="1" ten="317,235,168,270" step="2"/><V81/><F13/><W21/><G21/><T48/><D106/><U56/><E56/><V86/><F86/><W123/><G58/><T97/><D87/><U66/><E66/><V18/><F18/><W20/><G20/><T89/><D59/><U78/><E78/><V90/><F90/><W101/><G67/><T80/><D89/><U5/><E5/><V51/><F51/><W110/><G64/><T128/><D49/><U46/><E46/><V44/><F44/><W41/><G110/><T4/><D7/><U119/><E119/><V8/><F8/><W75/><G71/><T103/><D4/><U33/><E33/><V0/><F0/><W15/><G69/><T91/><D3/><U129/><E129/><V14/><F14/><W62/><G68/><T82/><D128/><U107/><E107/><V127/><F127/><W52/><G126/><RYUUKYOKU ba="0,1" sc="317,-15,235,15,168,15,270,-15" hai1="27,30,34,37,38,39,40,42,57,61,65,133,134" hai2="36,45,73,77,81,121,122" /><INIT seed="2,1,1,2,2,60" ten="302,250,183,255" oya="2" hai0="72,55,124,112,86,37,49,81,76,7,58,77,92" hai1="74,34,31,119,121,89,94,13,42,40,122,64,87" hai2="127,133,33,110,43,57,111,97,105,99,51,120,19" hai3="108,132,41,98,75,56,25,78,63,135,29,118,70"/><V66/><F120/><N who="1" m="46185" /><E119/><V47/><F33/><W96/><G118/><T10/><D112/><U113/><E113/><V134/><F19/><W115/><G115/><T107/><D37/><U62/><E74/><V46/><F127/><W27/><G70/><T38/><D38/><U106/><E106/><V44/><F105/><W68/><G68/><T23/><D107/><U82/><E13/><V39/><F99/><W14/><G41/><T61/><D124/><U59/><E82/><V54/><F97/><N who="3" m="37483" /><G14/><N who="0" m="5471" /><D72/><U102/><E102/><V3/><F3/><W73/><G108/><N who="2" m="41513" /><F66/><N who="3" m="39271" /><G78/><N who="0" m="46391" /><D92/><U69/><E69/><V65/><F65/><W100/><G100/><T128/><D128/><U50/><E50/><V101/><F101/><W12/><G12/><T21/><D49/><U4/><E4/><V9/><F9/><W53/><G25/><AGARI ba="1,1" hai="25,31,34,40,42,59,62,64,87,89,94" m="46185" machi="25" ten="30,2000,0" yaku="13,1,52,1" doraHai="60" who="1" fromWho="3" sc="302,0,250,33,183,0,255,-23" /><INIT seed="3,0,0,0,0,75" ten="302,283,183,232" oya="3" hai0="135,63,5,90,110,65,29,22,78,13,129,31,37" hai1="94,15,24,41,72,55,111,106,18,122,56,40,109" hai2="28,104,67,114,76,69,79,120,128,51,102,105,83" hai3="36,21,57,118,16,98,42,133,87,2,43,74,49"/><W60/><G74/><T39/><D110/><N who="1" m="41995" /><E106/><N who="2" m="41067" /><F28/><W127/><G118/><T45/><D135/><U93/><E122/><V112/><F51/><W44/><G133/><T100/><D100/><U132/><E72/><V35/><F35/><W61/><G127/><T113/><D90/><U88/><E94/><V27/><F27/><W134/><G134/><T84/><D45/><U91/><E24/><V80/><F67/><W85/><G2/><T46/><D46/><U126/><E126/><V108/><F69/><W95/><G42/><N who="1" m="16490" /><E93/><V130/><F102/><N who="3" m="60767" /><G36/><T1/><D37/><U123/><E123/><V77/><F120/><W48/><G48/><T82/><D39/><U3/><E3/><V70/><F70/><W0/><G0/><T71/><D1/><U17/><E132/><V58/><F58/><W59/><G59/><T11/><D113/><N who="2" m="43626" /><F108/><W20/><G20/><T119/><D22/><N who="1" m="11583" /><E18/><V52/><F52/><N who="3" m="33831" /><G61/><AGARI ba="0,0" hai="55,56,61,88,91" m="11583,16490,41995" machi="61" ten="30,2000,0" yaku="14,1,54,1" doraHai="75" who="1" fromWho="3" sc="302,0,283,20,183,0,232,-20" owari="302,10.2,303,40.3,183,-31.7,212,-18.8" /></mjloggm>