<mjloggm ver="2.3"><GO type="225" lobby="0"/><UN n0="%E8%B7%AF%E9%9C%B8" n1="%E5%8E%9F%E7%AF%80%E5%AD%90" n2="%E9%80%9F%E6%B0%B4%E5%87%9B%E9%A6%99" n3="%6D%75%75%6D%75%72%61" dan="17,16,16,16" rate="2195.63,2077.35,2197.32,2131.82" sx="M,F,F,F"/><TAIKYOKU oya="0"/><INIT seed="0,0,0,2,1,106" ten="250,250,250,250" oya="0" hai0="73,22,49,39,70,21,121,74,93,97,118,63,81" hai1="4,127,30,99,62,14,11,135,45,52,50,111,35" hai2="78,15,57,24,98,109,29,7,124,28,34,9,33" hai3="117,101,104,27,36,71,18,132,108,89,112,100,38"/><T61/><D118/><U58/><E111/><V130/><F78/><W13/><G117/><T128/><D39/><U1/><E135/><V66/><F66/><W75/><G112/><T42/><D121/><U69/><E127/><V23/><F57/><W125/><G71/><T113/><D113/><U123/><E123/><V65/><F65/><W43/><G108/><T119/><D119/><U86/><E69/><V115/><F98/><W31/><G132/><T87/><D70/><U8/><E99/><V60/><F60/><N who="0" m="23114" /><D73/><U76/><E86/><V3/><F109/><W126/><G75/><T12/><D74/><U32/><E30/><N who="2" m="11883" /><F124/><W116/><G116/><T25/><D12/><U68/><E68/><V105/><F105/><W64/><G64/><T114/><D128/><U134/><E76/><V77/><F77/><W46/><G36/><T107/><D107/><U54/><REACH who="1" step="1"/><E134/><REACH who="1" ten="250,240,250,250" step="2"/><V59/><F115/><W6/><G125/><T85/><D114/><U92/><E92/><V91/><F130/><W120/><G126/><T26/><D85/><U0/><E0/><V103/><F103/><W84/><G120/><T5/><D87/><U10/><E10/><N who="2" m="2431" /><F91/><W96/><G101/><T41/><D97/><U51/><E51/><V129/><F129/><W17/><G89/><T56/><D93/><U79/><E79/><V72/><F72/><W19/><G84/><T133/><D49/><U67/><E67/><V102/><F102/><W122/><G122/><T94/><D94/><U82/><E82/><V110/><F110/><W37/><G37/><T80/><D81/><U90/><E90/><RYUUKYOKU ba="0,1" sc="250,-10,240,30,250,-10,250,-10" hai1="1,4,8,11,14,32,35,45,50,52,54,58,62" /><INIT seed="1,1,1,3,3,30" ten="240,270,240,240" oya="1" hai0="135,51,41,23,63,74,130,18,29,64,44,40,19" hai1="54,11,55,111,102,93,108,71,36,110,117,65,95" hai2="17,92,86,90,116,16,46,53,131,24,22,121,9" hai3="134,7,118,123,72,81,89,21,84,82,96,132,109"/><U98/><E117/><V128/><F121/><W49/><G123/><T1/><D1/><U39/><E11/><V50/><F116/><W35/><G118/><T25/><D74/><U0/><E0/><V129/><REACH who="2" step="1"/><F9/><REACH who="2" ten="240,270,230,240" step="2"/><W91/><G132/><T66/><D135/><U83/><E83/><V104/><F104/><W124/><G134/><T115/><D115/><U101/><E36/><V32/><F32/><W34/><G82/><T37/><D37/><U15/><E39/><V133/><F133/><W106/><G35/><T6/><D130/><U67/><E95/><V60/><F60/><W8/><G34/><T27/><D63/><U80/><E80/><V4/><F4/><W12/><G7/><T73/><D6/><U14/><E93/><V79/><F79/><W5/><G81/><T78/><D78/><U94/><E94/><V70/><F70/><W56/><G5/><T47/><D73/><U45/><E71/><V52/><F52/><W87/><G72/><T57/><D51/><U59/><E111/><V61/><F61/><W112/><G109/><T26/><D23/><U120/><E120/><V42/><F42/><W68/><G68/><T38/><D41/><U33/><E33/><V75/><F75/><W127/><G8/><T125/><D40/><U105/><E105/><V114/><F114/><W48/><G112/><T107/><D38/><U3/><E108/><V88/><F88/><N who="3" m="33867" /><G106/><T2/><D107/><U77/><E110/><V85/><F85/><N who="3" m="32843" /><G49/><T97/><D2/><U100/><E3/><V122/><F122/><W99/><G48/><T20/><D20/><RYUUKYOKU ba="1,2" sc="240,-10,270,-10,230,30,240,-10" hai2="16,17,22,24,46,50,53,86,90,92,128,129,131" /><INIT seed="2,2,2,0,5,70" ten="230,260,260,230" oya="2" hai0="35,8,7,50,13,36,104,27,15,116,75,85,14" hai1="114,118,10,26,86,41,127,108,33,135,32,102,103" hai2="17,101,89,21,69,43,28,3,58,83,76,123,131" hai3="93,67,95,80,49,113,56,39,87,61,1,19,119"/><V73/><F123/><W65/><G119/><T51/><D75/><U71/><E118/><V12/><F69/><W57/><G39/><T122/><D122/><U106/><E114/><V46/><F131/><W79/><G113/><T90/><D104/><U20/><E71/><V64/><F3/><W92/><G1/><T133/><D116/><U72/><E72/><V47/><F101/><W0/><G0/><T34/><D36/><U94/><E106/><V112/><F112/><W66/><G19/><T109/><D109/><U38/><E10/><V6/><F6/><W99/><G99/><T52/><D133/><U24/><E24/><V74/><F46/><W129/><G129/><T97/><D97/><U98/><E108/><V124/><F124/><W9/><G9/><T125/><D125/><U60/><E60/><V11/><F74/><W121/><G121/><T128/><D128/><U84/><E103/><V37/><F89/><W107/><G107/><T105/><D105/><U82/><E86/><V59/><F64/><W42/><G42/><T132/><D50/><U22/><E135/><V44/><F44/><W100/><G100/><T31/><D34/><N who="1" m="13419" /><E26/><V16/><F28/><W68/><G68/><T77/><D77/><N who="1" m="46159" /><E127/><V40/><F40/><W30/><G30/><T130/><D132/><U62/><E62/><V111/><F111/><W4/><G4/><T78/><D78/><U81/><E81/><V63/><F63/><W2/><G2/><T48/><D130/><U18/><E18/><V126/><F126/><W96/><G96/><T5/><D5/><U54/><E54/><AGARI ba="2,2" hai="49,54,56,57,61,65,66,67,79,80,87,92,93,95" machi="54" ten="40,2600,0" yaku="6,1,8,1" doraHai="70" who="3" fromWho="1" sc="230,0,260,-32,260,0,230,52" /><INIT seed="3,0,0,0,4,110" ten="230,228,260,282" oya="3" hai0="120,78,24,12,33,25,66,99,118,49,46,44,52" hai1="8,4,18,96,21,32,87,72,61,1,48,126,100" hai2="84,7,101,112,98,35,113,92,50,2,27,3,134" hai3="105,74,65,67,131,119,62,16,17,26,30,36,123"/><W42/><G119/><T102/><D120/><U5/><E72/><V91/><F134/><W104/><G123/><T128/><D118/><U97/><E32/><V79/><F79/><W103/><G74/><T47/><D128/><U63/><E126/><V53/><F7/><W10/><G131/><T106/><D66/><U68/><E5/><V107/><F35/><N who="3" m="20951" /><G67/><T129/><D129/><U19/><E97/><V69/><F69/><N who="3" m="42167" /><G105/><T58/><D78/><U70/><E19/><V117/><F117/><W57/><G10/><T6/><D33/><U86/><E68/><V37/><F37/><W41/><G57/><T135/><D135/><U89/><E48/><V114/><REACH who="2" step="1"/><F27/><REACH who="2" ten="230,228,250,282" step="2"/><W39/><G39/><T125/><D24/><U23/><E70/><V31/><F31/><W81/><G36/><T29/><D25/><U45/><E18/><N who="3" m="7274" /><G81/><T127/><D29/><U88/><E21/><V71/><F71/><W109/><G109/><T121/><D121/><U64/><E23/><V94/><F94/><W59/><G59/><AGARI ba="0,1" hai="2,3,50,53,59,84,91,92,98,101,107,112,113,114" machi="59" ten="40,8000,1" yaku="1,1,52,3,53,0" doraHai="110" doraHaiUra="11" who="2" fromWho="3" sc="230,0,228,0,250,90,282,-80" owari="230,3.0,228,-17.2,340,44.0,202,-29.8" /></mjloggm>