<mjloggm ver="2.3"><GO type="225" lobby="0"/><UN n0="%E3%83%B4%E3%82%A3%E3%83%AF%E3%82%B3%E3%82%B0%E3%83%8B" n1="%E3%81%86%E3%83%BC%E3%81%B1%E3%83%BC" n2="%4E%49%4A%49%49%52%4F" n3="%E5%8D%A0%E3%81%84%E5%B8%AB%E8%A3%8F%E3%81%AA%E3%81%84%E3%81%97" dan="16,17,17,16" rate="2165.80,2186.21,2206.61,2134.05" sx="M,F,M,M"/><TAIKYOKU oya="0"/><INIT seed="0,0,0,4,2,79" ten="250,250,250,250" oya="0" hai0="62,11,77,119,123,56,12,96,29,99,33,64,27" hai1="94,57,54,76,108,42,82,38,88,118,127,2,106" hai2="85,121,74,23,125,100,61,1,97,92,69,8,49" hai3="91,126,5,131,132,51,130,81,107,22,48,16,20"/><T43/><D119/><U95/><E118/><V26/><F121/><W135/><G107/><T84/><D123/><U68/><E68/><V75/><F125/><W28/><G5/><T86/><D43/><U50/><E127/><V24/><F24/><N who="3" m="14407" /><G20/><T7/><REACH who="0" step="1"/><D84/><REACH who="0" ten="240,250,250,250" step="2"/><U14/><E42/><V73/><F85/><N who="3" m="50607" /><G126/><T34/><D34/><U18/><E38/><V78/><F74/><W71/><G28/><T6/><D6/><U9/><E108/><V32/><F75/><W13/><G71/><T3/><D3/><U25/><E2/><V55/><F73/><W129/><G13/><T102/><D102/><U115/><E14/><V112/><F32/><W101/><G101/><T128/><D128/><U109/><E109/><V114/><F1/><W63/><G63/><T10/><D10/><U0/><E9/><V111/><F8/><W67/><G67/><T60/><D60/><U93/><E0/><V59/><F111/><W39/><G39/><T17/><D17/><U46/><E18/><V110/><F110/><W116/><G116/><T117/><D117/><U31/><E31/><V103/><F103/><W21/><G21/><T134/><D134/><AGARI ba="0,1" hai="48,51,129,130,131,132,134,135" m="50607,14407" machi="134" ten="40,8000,1" yaku="19,1,20,1,52,1,54,1" doraHai="79" who="3" fromWho="0" sc="240,-80,250,0,250,0,250,90" /><INIT seed="1,0,0,5,4,63" ten="160,250,250,340" oya="1" hai0="2,58,36,122,52,39,94,119,118,88,108,38,95" hai1="100,102,85,56,50,42,10,22,126,67,9,82,71" hai2="72,106,60,13,92,91,30,35,25,33,103,45,97" hai3="21,6,129,110,47,34,77,117,18,61,48,66,59"/><U14/><E126/><V40/><F72/><W46/><G34/><T132/><D2/><U65/><E71/><V5/><F5/><W11/><G110/><T12/><D132/><U29/><E22/><V78/><F78/><W133/><G129/><T105/><D105/><U31/><E10/><V89/><F13/><N who="3" m="5367" /><G133/><T23/><D108/><U131/><E131/><V20/><F60/><W79/><G117/><T17/><D95/><U15/><E15/><V121/><F121/><W55/><G47/><T76/><D76/><N who="1" m="46279" /><E56/><V62/><F62/><W32/><G32/><T124/><D124/><U135/><E135/><V44/><F44/><W112/><G112/><T83/><D83/><U51/><E31/><V69/><F69/><W114/><G114/><T115/><D122/><U120/><E29/><V57/><F57/><W3/><G3/><T80/><D80/><U43/><E51/><V84/><REACH who="2" step="1"/><F91/><REACH who="2" ten="160,250,240,340" step="2"/><W73/><G73/><T109/><D115/><U116/><E120/><V16/><F16/><W123/><G123/><T113/><D113/><U0/><E116/><V101/><F101/><N who="1" m="39017" /><E0/><V8/><F8/><W98/><G18/><T134/><D134/><U4/><E50/><AGARI ba="0,1" hai="20,25,30,33,35,40,45,50,84,89,92,97,103,106" machi="50" ten="30,2000,0" yaku="1,1,7,1,53,0" doraHai="63" doraHaiUra="128" who="2" fromWho="1" sc="160,0,250,-20,240,30,340,0" /><INIT seed="2,0,0,4,3,31" ten="160,230,270,340" oya="2" hai0="121,106,8,53,26,2,134,42,59,113,0,66,95" hai1="71,3,48,62,110,117,64,56,20,50,10,65,82" hai2="132,54,69,68,90,102,39,11,72,25,130,67,107" hai3="23,43,28,126,101,129,123,16,81,97,98,18,9"/><V30/><F39/><W17/><G123/><T63/><D121/><U115/><E117/><V124/><F124/><W93/><G126/><T36/><D106/><U89/><E115/><V49/><F132/><W120/><G120/><T46/><D134/><U51/><E110/><V14/><F130/><W47/><G129/><T77/><D113/><U15/><E3/><V96/><F72/><W38/><G9/><T135/><D135/><U40/><E20/><V91/><F67/><W24/><G81/><T73/><D95/><U21/><E21/><V127/><F127/><W80/><G80/><T22/><D8/><U128/><E128/><V19/><F68/><W52/><G52/><T78/><D73/><U111/><E111/><V61/><F61/><W6/><G6/><T35/><D35/><U12/><E12/><V99/><F99/><W74/><G74/><T58/><D0/><U119/><E119/><V125/><F69/><W85/><G85/><T104/><D104/><U88/><E40/><V92/><F107/><W86/><G86/><T84/><D84/><U55/><E82/><V60/><F60/><W105/><G105/><T87/><BYE who="3" /><D87/><U5/><E71/><UN n3="%E5%8D%A0%E3%81%84%E5%B8%AB%E8%A3%8F%E3%81%AA%E3%81%84%E3%81%97" /><V116/><F116/><W34/><REACH who="3" step="1"/><G97/><REACH who="3" ten="160,230,270,330" step="2"/><T37/><D2/><U133/><E133/><V32/><REACH who="2" step="1"/><F125/><REACH who="2" ten="160,230,260,330" step="2"/><W41/><G41/><T83/><D83/><U79/><E79/><V103/><F103/><W114/><G114/><T112/><D112/><U75/><E75/><V131/><F131/><W13/><AGARI ba="0,2" hai="13,16,17,18,23,24,28,34,38,43,47,93,98,101" machi="13" ten="20,8000,1" yaku="1,1,0,1,7,1,52,1,54,1,53,0" doraHai="31" doraHaiUra="1" who="3" fromWho="3" sc="160,-20,230,-20,260,-40,330,100" /><INIT seed="3,0,0,5,0,95" ten="140,210,220,430" oya="3" hai0="9,70,90,124,46,65,118,120,66,114,93,60,33" hai1="80,126,63,52,55,116,88,102,87,135,50,43,85" hai2="117,39,129,56,47,98,2,68,48,19,99,67,69" hai3="92,109,64,134,15,113,25,112,24,91,128,1,125"/><W30/><G1/><T7/><D120/><U82/><E126/><V121/><F117/><W17/><G125/><T20/><D118/><U51/><E116/><V54/><F121/><W123/><G123/><T111/><D124/><U28/><E135/><V59/><F129/><W21/><G128/><T97/><D33/><U3/><E3/><V6/><F2/><W106/><G106/><T84/><D114/><U49/><E43/><N who="2" m="23039" /><F59/><W57/><G109/><T12/><D111/><U53/><E102/><V26/><F6/><W13/><G134/><T83/><D65/><U62/><E28/><V37/><F37/><W16/><G112/><T86/><D46/><U107/><E107/><V133/><F68/><W44/><G44/><T119/><D119/><U5/><E5/><V79/><F79/><AGARI ba="0,0" hai="49,50,51,52,53,55,62,63,79,80,82,85,87,88" machi="79" ten="40,5200,0" yaku="8,1,54,2" doraHai="95" who="1" fromWho="2" sc="140,0,210,52,220,-52,430,0" owari="140,-36.0,262,6.2,168,-23.2,430,53.0" /></mjloggm>