<mjloggm ver="2.3"><GO type="225" lobby="0"/><UN n0="%E9%B3%B3%E6%9D%B1%E3%81%AE%E3%81%BF%E3%81%91%E3%81%AB%E3%82%83%E3%82%93" n1="%E7%99%BD%E6%97%A5%E9%9B%AA%E8%8F%9C" n2="%E6%A0%B9%E5%85%83%E3%81%8B%E3%82%89%E5%90%B9%E3%81%A3%E9%A3%9B%E3%81%B6" n3="%E4%BF%BA%E3%81%A8%E5%A6%96%E5%A4%A2" dan="17,17,17,17" rate="2154.72,2213.35,2170.84,2179.26" sx="F,M,F,F"/><TAIKYOKU oya="0"/><INIT seed="0,0,0,0,0,49" ten="250,250,250,250" oya="0" hai0="85,10,133,105,23,51,55,50,76,101,41,43,134" hai1="108,15,82,113,14,57,2,30,7,61,81,8,96" hai2="80,115,13,45,21,59,94,35,9,102,77,18,114" hai3="118,34,106,91,131,79,123,0,128,58,121,11,93"/><T27/><D10/><U119/><E119/><V95/><F35/><W135/><G34/><T117/><D117/><U116/><E116/><V44/><F114/><W5/><G118/><T64/><D64/><U24/><E108/><V126/><F126/><W98/><G106/><T88/><D76/><U111/><E111/><V130/><F130/><N who="3" m="49707" /><G135/><N who="0" m="51723" /><D101/><U36/><E36/><V89/><F102/><W62/><G79/><T110/><D105/><U60/><E113/><V109/><F115/><W12/><G0/><T90/><D50/><U1/><E1/><V17/><F95/><W39/><G39/><T74/><D74/><U122/><E122/><V71/><F71/><W87/><G98/><T78/><D78/><U127/><E61/><V70/><F70/><W112/><G112/><T83/><D90/><U99/><E127/><V120/><F120/><W26/><G26/><T124/><D110/><U97/><E2/><V67/><F77/><W31/><G31/><N who="0" m="17919" /><D124/><U47/><E14/><N who="2" m="7375" /><F109/><W22/><G22/><T33/><D33/><U37/><E37/><V19/><F19/><W72/><G72/><T48/><D48/><U129/><E129/><V38/><F38/><W132/><G132/><T6/><D6/><U52/><E47/><AGARI ba="0,0" hai="41,43,47,51,55,83,85,88" m="17919,51723" machi="47" ten="30,5800,0" yaku="20,1,52,1,54,1" doraHai="49" who="0" fromWho="1" sc="250,58,250,-58,250,0,250,0" /><INIT seed="0,1,0,2,5,31" ten="308,192,250,250" oya="0" hai0="80,19,65,59,75,2,47,41,109,123,11,62,132" hai1="3,55,129,118,17,20,78,73,104,111,99,91,4" hai2="21,113,14,77,68,6,44,115,5,63,76,71,1" hai3="12,69,108,130,87,29,72,35,53,92,121,89,18"/><T88/><D123/><U40/><E118/><V13/><F1/><W127/><G121/><T83/><D132/><U60/><E111/><V96/><F96/><W105/><G72/><T120/><D120/><U26/><E129/><V94/><F94/><W90/><G108/><T36/><D109/><U16/><E40/><V58/><F44/><W56/><G130/><T134/><D134/><U97/><E3/><V49/><F49/><W54/><G105/><T67/><D67/><U101/><E4/><V46/><F46/><W38/><G38/><T106/><D106/><U74/><E78/><V24/><F24/><W8/><G69/><T117/><D117/><U50/><E17/><V7/><F21/><W86/><G127/><T27/><D75/><U112/><E112/><V79/><F58/><W52/><G29/><T95/><D27/><U15/><E15/><N who="2" m="5643" /><F63/><N who="3" m="36231" /><G35/><T107/><D107/><U114/><E114/><AGARI ba="1,0" hai="5,6,7,68,71,76,77,79,113,114,115" m="5643" machi="114" ten="40,2600,0" yaku="28,2" doraHai="31" who="2" fromWho="1" sc="308,0,192,-29,250,29,250,0" /><INIT seed="1,0,0,4,5,59" ten="308,163,279,250" oya="1" hai0="50,57,22,106,92,26,68,36,13,52,105,7,35" hai1="89,90,51,9,128,121,109,76,123,29,12,126,3" hai2="49,111,38,88,114,24,16,55,102,56,70,10,18" hai3="31,63,44,113,134,2,64,34,37,73,62,61,122"/><U125/><E3/><V117/><F117/><W99/><G122/><N who="1" m="46602" /><E76/><V104/><F38/><W103/><G113/><T94/><D35/><U131/><E29/><V6/><F70/><W100/><G73/><T95/><D36/><U1/><E1/><V4/><F104/><W110/><G2/><T11/><REACH who="0" step="1"/><D68/><REACH who="0" ten="298,163,279,250" step="2"/><U132/><E109/><V71/><F111/><W79/><G110/><T19/><AGARI ba="0,1" hai="7,11,13,19,22,26,50,52,57,92,94,95,105,106" machi="19" ten="30,7900,0" yaku="1,1,2,1,0,1,54,1,53,0" doraHai="59" doraHaiUra="72" who="0" fromWho="0" sc="298,89,163,-39,279,-20,250,-20" /><INIT seed="2,0,0,3,4,69" ten="387,124,259,230" oya="2" hai0="116,2,119,56,35,21,74,75,133,0,3,89,90" hai1="122,63,49,118,134,1,42,46,128,57,104,29,17" hai2="84,123,78,22,126,113,8,55,95,88,40,100,51" hai3="101,76,114,16,45,85,26,135,94,83,130,9,79"/><V43/><F113/><W110/><G110/><T68/><D35/><U70/><E104/><V13/><F126/><W44/><G114/><T111/><D68/><U4/><E118/><N who="0" m="45097" /><D111/><U27/><E17/><V11/><F123/><W34/><G135/><T103/><D133/><U12/><E134/><V61/><F61/><W81/><G130/><T77/><D103/><U129/><E1/><V23/><F78/><W109/><G109/><T132/><D132/><U98/><E122/><V96/><F43/><W31/><G94/><T124/><D124/><U41/><E70/><V37/><F37/><W131/><G101/><T47/><D56/><U121/><E121/><V33/><F11/><W59/><G59/><T62/><D62/><U108/><E108/><V99/><F40/><W53/><G53/><T60/><D60/><U24/><E98/><V86/><F33/><W87/><G131/><T54/><D21/><N who="2" m="7690" /><F99/><W20/><REACH who="3" step="1"/><G9/><REACH who="3" ten="387,124,259,220" step="2"/><T105/><D105/><U106/><E106/><V65/><F100/><W58/><G58/><T52/><D54/><N who="1" m="34231" /><E41/><V18/><F65/><W112/><G112/><T73/><D77/><U10/><E128/><V50/><F55/><W38/><G38/><T71/><D71/><U32/><E129/><V25/><F25/><AGARI ba="0,1" hai="16,20,25,26,31,34,44,45,76,79,81,83,85,87" machi="25" ten="30,12000,2" yaku="1,1,7,1,9,1,54,1,53,2" doraHai="69" doraHaiUra="80" who="3" fromWho="2" sc="387,0,124,0,259,-120,220,130" /><INIT seed="3,0,0,2,4,130" ten="387,124,139,350" oya="3" hai0="58,129,123,55,117,48,104,82,63,51,56,73,57" hai1="45,70,62,90,93,9,28,84,85,23,64,101,12" hai2="20,122,19,79,31,71,16,53,83,41,105,44,74" hai3="3,78,135,97,4,112,65,27,94,115,1,36,119"/><W107/><G119/><T17/><D104/><U66/><E66/><V98/><F71/><W72/><G107/><T13/><D117/><U30/><E101/><V134/><F53/><W116/><G116/><T15/><D123/><U131/><E131/><V99/><F134/><W110/><G36/><T121/><D121/><U126/><E126/><V61/><F61/><W133/><G65/><T89/><D129/><U91/><E45/><V69/><F69/><W22/><G110/><T108/><D108/><U49/><E49/><N who="0" m="19017" /><D73/><U127/><E23/><V43/><F31/><N who="3" m="17911" /><G78/><T35/><D35/><U81/><REACH who="1" step="1"/><E127/><REACH who="1" ten="387,114,139,350" step="2"/><V118/><F118/><W47/><G47/><T114/><D114/><N who="3" m="43561" /><G72/><T75/><D75/><U87/><E87/><N who="2" m="48639" /><F122/><W46/><G46/><T132/><D57/><U106/><E106/><V80/><F105/><W2/><G97/><N who="2" m="36873" /><F44/><W76/><G76/><T103/><D58/><U24/><E24/><N who="2" m="14343" /><F74/><W7/><G94/><T109/><D109/><U88/><E88/><V33/><F33/><W34/><G34/><T102/><D89/><U67/><E67/><V0/><F80/><W96/><G96/><T26/><D82/><U11/><E11/><V50/><F43/><W38/><G38/><T113/><D113/><U100/><E100/><V40/><F41/><W125/><G125/><T18/><D102/><U95/><E95/><V21/><F40/><W59/><G59/><T10/><D103/><U6/><AGARI ba="0,1" hai="6,9,12,28,30,62,64,70,81,84,85,90,91,93" machi="6" ten="20,2700,0" yaku="1,1,0,1,7,1,53,0" doraHai="130" doraHaiUra="37" who="1" fromWho="1" sc="387,-7,114,37,139,-7,350,-13" owari="380,48.0,151,-24.9,132,-36.8,337,13.7" /></mjloggm>