<mjloggm ver="2.3"><GO type="225" lobby="0"/><UN n0="%E7%89%B9%E6%9D%B1%E3%81%AF%E4%B8%96%E7%95%8C%E3%82%92%E6%95%91%E3%81%86" n1="%E3%81%A1%E3%82%85%E3%81%86%E3%81%A9%E3%81%8F%E8%B1%A1%E3%81%95%E3%82%93" n2="%E3%81%86%E3%82%8B%E3%81%8A%E3%81%A1%E3%82%83" n3="%74%61%6B%65%2D%79%6F%75" dan="16,17,16,17" rate="2163.93,2176.85,2047.41,2139.85" sx="M,M,F,M"/><TAIKYOKU oya="0"/><INIT seed="0,0,0,3,5,45" ten="250,250,250,250" oya="0" hai0="57,109,33,115,83,99,68,118,70,14,37,122,130" hai1="100,4,97,53,49,84,88,25,133,110,43,78,79" hai2="63,16,72,93,98,128,116,120,38,28,56,81,15" hai3="126,66,17,39,90,125,22,67,7,132,13,46,71"/><T42/><D115/><U29/><E110/><V32/><F120/><W35/><G132/><T114/><D114/><U107/><E43/><V119/><F38/><W26/><G90/><T96/><D122/><U65/><E4/><V117/><F128/><W5/><G35/><T20/><D33/><U31/><E65/><N who="3" m="24586" /><G71/><T18/><D118/><U101/><E101/><V3/><F3/><W80/><G80/><T62/><D130/><U47/><E133/><V36/><F36/><W74/><G74/><T6/><D109/><U19/><E19/><V113/><F113/><W60/><G60/><T92/><D6/><U85/><E85/><V58/><F63/><W8/><G46/><T21/><D83/><U59/><E47/><V121/><F121/><W50/><G50/><T86/><D70/><U69/><E69/><V64/><F64/><W111/><G39/><T40/><D68/><U52/><E53/><V55/><F55/><W95/><G95/><T135/><D135/><U27/><E27/><N who="2" m="18463" /><F81/><W89/><G111/><T73/><D73/><U82/><E29/><V61/><F61/><W106/><G106/><T24/><D37/><U9/><E9/><N who="2" m="6255" /><F72/><W51/><G7/><T2/><D2/><U104/><E107/><V75/><F75/><W91/><G51/><T76/><D76/><U105/><E104/><V134/><F134/><W30/><G5/><T102/><D99/><U11/><E11/><V124/><F124/><W129/><G129/><T48/><D48/><U54/><E54/><V94/><F94/><W1/><G1/><T44/><D86/><U87/><E84/><RYUUKYOKU ba="0,0" sc="250,-30,250,10,250,10,250,10" hai1="25,31,49,52,59,78,79,82,87,88,97,100,105" hai2="56,58,93,98,116,117,119" hai3="8,13,17,22,26,30,89,91,125,126" /><INIT seed="1,1,0,1,2,107" ten="220,260,260,260" oya="1" hai0="17,27,62,37,131,24,108,35,66,91,41,46,93" hai1="110,53,40,43,26,68,90,12,38,134,30,81,100" hai2="125,16,22,63,9,20,34,89,8,103,132,61,118" hai3="51,96,64,133,29,130,70,98,15,126,128,80,105"/><U124/><E68/><V76/><F34/><W39/><G39/><T123/><D108/><U19/><E124/><V111/><F118/><W73/><G126/><T36/><D131/><N who="3" m="50217" /><G133/><T1/><D1/><U25/><E134/><V92/><F111/><W5/><G29/><T120/><D36/><U48/><E110/><V58/><F76/><N who="3" m="44047" /><G105/><T99/><D17/><U109/><E109/><V56/><F103/><W31/><G31/><T106/><D106/><U95/><E81/><V121/><F22/><W32/><G32/><T87/><D99/><N who="1" m="57847" /><E100/><V85/><F121/><N who="0" m="46666" /><D35/><U69/><E69/><AGARI ba="1,0" hai="24,27,37,41,46,62,66,69,87,91,93" m="46666" machi="69" ten="30,1000,0" yaku="13,1" doraHai="107" who="0" fromWho="1" sc="220,13,260,-13,260,0,260,0" /><INIT seed="2,0,0,0,4,34" ten="233,247,260,260" oya="2" hai0="78,98,48,89,19,64,117,25,94,81,110,102,62" hai1="9,24,106,3,44,27,95,2,41,114,13,103,90" hai2="52,14,105,46,61,49,43,26,113,96,77,5,73" hai3="42,70,4,47,99,55,127,121,126,135,11,54,84"/><V35/><F113/><W17/><G121/><T82/><D110/><U107/><E114/><V39/><F35/><W93/><G70/><T10/><D117/><U66/><E66/><V108/><F26/><W45/><G135/><T28/><D48/><U71/><E71/><V8/><F61/><W100/><G17/><T118/><D118/><U115/><E115/><V32/><F32/><W97/><G84/><T60/><D89/><U31/><E103/><V123/><F123/><W57/><G99/><T72/><D82/><U20/><E27/><V12/><F108/><W104/><G104/><T68/><D62/><U128/><E128/><V79/><F14/><W76/><G76/><T80/><D80/><U122/><E122/><V38/><F73/><W85/><G85/><T119/><D119/><U116/><E116/><V59/><REACH who="2" step="1"/><F39/><REACH who="2" ten="233,247,250,260" step="2"/><W65/><G126/><T16/><D10/><U111/><E111/><V69/><F69/><W56/><G11/><T91/><D102/><AGARI ba="0,1" hai="5,8,12,38,43,46,49,52,59,77,79,96,102,105" machi="102" ten="40,3900,0" yaku="1,1,54,1,53,0" doraHai="34" doraHaiUra="33" who="2" fromWho="0" sc="233,-39,247,0,250,49,260,0" /><INIT seed="2,1,0,5,3,79" ten="194,247,299,260" oya="2" hai0="28,78,10,88,47,102,69,60,16,108,56,129,37" hai1="125,52,46,113,105,8,38,39,64,131,1,134,117" hai2="116,98,90,44,93,62,80,31,59,74,13,85,34" hai3="29,48,9,82,76,68,124,110,0,72,18,51,54"/><V30/><F116/><W119/><G119/><T32/><D69/><U49/><E117/><V114/><F114/><W15/><G110/><T127/><D108/><U3/><E113/><V104/><F104/><W24/><G124/><T118/><D118/><U121/><E125/><V67/><F34/><W26/><G68/><T123/><D127/><U50/><E105/><V66/><F74/><W57/><G0/><T61/><D123/><U11/><E121/><V77/><F67/><W20/><REACH who="3" step="1"/><G26/><REACH who="3" ten="194,247,299,250" step="2"/><T4/><D129/><U89/><E131/><V73/><F73/><W81/><G81/><T27/><D27/><U5/><E1/><V36/><F36/><W53/><G53/><T111/><D37/><U135/><E3/><V99/><F99/><W70/><G70/><T25/><D25/><U83/><E38/><V128/><F128/><W75/><G75/><T107/><D111/><U84/><E39/><V87/><F98/><W122/><G122/><T41/><D41/><U120/><E120/><V86/><F86/><W115/><G115/><T109/><D109/><U106/><E84/><V17/><REACH who="2" step="1"/><F44/><REACH who="2" ten="194,247,289,250" step="2"/><W130/><G130/><T94/><D47/><U35/><E46/><V33/><F33/><W14/><G14/><T55/><D32/><U40/><E35/><V101/><F101/><W23/><G23/><AGARI ba="1,2" hai="13,17,23,30,31,59,62,66,77,80,85,87,90,93" machi="23" ten="30,12000,1" yaku="1,1,7,1,8,1,52,1,53,1" doraHai="79" doraHaiUra="12" who="2" fromWho="3" sc="194,0,247,0,289,143,250,-123" /><INIT seed="2,2,0,5,5,25" ten="194,247,432,127" oya="2" hai0="37,33,10,46,102,112,88,53,9,130,83,134,94" hai1="40,61,111,12,89,98,103,75,43,74,68,106,55" hai2="20,97,63,11,123,99,122,66,82,125,120,100,93" hai3="119,56,121,27,117,69,35,39,15,50,7,104,96"/><V85/><F125/><W73/><G121/><T14/><D112/><U32/><E32/><V127/><F127/><W135/><G39/><T133/><D33/><U65/><E111/><V19/><F11/><W132/><G69/><T110/><D110/><U114/><E114/><V13/><F99/><W107/><G73/><T54/><D102/><U16/><E55/><V21/><F21/><W131/><G56/><T34/><D34/><U38/><E89/><V70/><F122/><W49/><G96/><N who="0" m="57415" /><D83/><U24/><E24/><V109/><F109/><W0/><G0/><T57/><D130/><U26/><E26/><V108/><F108/><W76/><G76/><AGARI ba="2,0" hai="13,19,20,63,66,70,76,82,85,93,97,100,120,123" machi="76" ten="30,1500,0" yaku="7,1" doraHai="25" who="2" fromWho="3" sc="194,0,247,0,432,21,127,-21" /><INIT seed="2,3,0,4,0,112" ten="194,247,453,106" oya="2" hai0="52,130,94,102,63,17,90,5,114,28,125,93,58" hai1="79,39,10,66,67,40,49,1,60,59,133,32,27" hai2="104,4,111,62,108,7,77,84,135,129,122,6,81" hai3="44,107,99,38,91,57,50,118,41,23,34,119,73"/><V22/><F122/><W72/><G34/><T120/><D114/><U126/><E79/><V75/><F104/><W97/><G23/><T132/><D120/><U124/><E10/><V9/><F135/><W12/><G12/><T0/><D132/><U2/><E133/><V18/><F129/><W37/><G107/><T35/><D130/><U83/><E83/><V14/><F75/><W25/><G25/><T8/><D125/><N who="1" m="48235" /><E39/><V101/><F101/><W19/><G19/><T15/><D102/><U46/><E67/><V20/><F62/><W92/><G97/><T128/><D128/><U51/><E51/><V13/><F22/><W65/><G38/><T105/><D105/><U30/><AGARI ba="3,0" hai="1,2,27,30,32,40,46,49,59,60,66" m="48235" machi="30" ten="30,1100,0" yaku="18,1" doraHai="112" who="1" fromWho="1" sc="194,-6,247,20,453,-8,106,-6" /><INIT seed="3,0,0,5,2,45" ten="188,267,445,100" oya="3" hai0="11,65,33,114,6,10,46,28,8,19,24,129,34" hai1="27,41,73,49,5,53,77,20,123,72,26,96,60" hai2="107,48,83,135,0,90,40,43,131,80,57,93,70" hai3="127,67,106,92,13,38,128,7,56,122,14,17,110"/><W36/><G122/><T130/><D65/><U30/><E5/><V63/><F107/><W121/><G121/><T102/><D102/><U94/><E41/><N who="2" m="15947" /><F0/><W47/><G106/><T109/><D46/><U104/><E77/><V15/><F70/><W52/><G128/><N who="0" m="49259" /><D109/><U119/><E104/><V132/><F48/><W81/><G110/><T21/><D114/><U42/><E26/><V62/><F15/><W126/><G67/><T115/><D115/><U37/><E53/><N who="2" m="34095" /><F63/><W29/><G29/><T125/><D125/><N who="3" m="47625" /><G47/><T55/><D55/><U66/><E94/><V76/><F76/><W3/><G3/><N who="0" m="95" /><D34/><U99/><E96/><N who="2" m="57399" /><F131/><W120/><G120/><T18/><D18/><U98/><E66/><V35/><F35/><W61/><G92/><T25/><AGARI ba="0,0" hai="10,11,19,21,24,25,28,33" m="95,49259" machi="25" ten="30,4000,0" yaku="19,1,34,2" doraHai="45" who="0" fromWho="0" sc="188,40,267,-10,445,-10,100,-20" owari="228,-17.2,257,5.7,435,53.5,80,-42.0" /></mjloggm>