<mjloggm ver="2.3"><GO type="225" lobby="0"/><UN n0="%72%61%6B%33" n1="%E7%B4%94%E6%BD%94%E3%83%94%E3%83%A9%E3%83%8B%E3%82%A2" n2="%4E%6F%2E%30%30%30%31" n3="%E3%81%B5%E3%81%98%E3%81%8B%E3%81%A4" dan="16,16,18,16" rate="2055.37,2147.50,2198.53,2172.71" sx="M,M,M,M"/><TAIKYOKU oya="0"/><INIT seed="0,0,0,5,5,131" ten="250,250,250,250" oya="0" hai0="5,47,126,26,8,0,57,128,31,11,42,38,114" hai1="123,10,76,92,41,16,116,133,125,100,89,13,130" hai2="91,78,104,94,61,79,25,39,33,73,67,3,48" hai3="14,95,37,51,60,45,36,97,135,56,87,68,122"/><T70/><D128/><U40/><E116/><V22/><F39/><W65/><G122/><T117/><D117/><U69/><E123/><V112/><F112/><W99/><G87/><T105/><D114/><U134/><E69/><V62/><F3/><W49/><G99/><T7/><D126/><U30/><E130/><V44/><F33/><W1/><G1/><N who="0" m="47" /><D57/><U107/><E125/><V6/><F6/><W120/><G120/><T24/><D24/><U108/><E30/><V53/><F104/><W102/><G14/><T54/><D54/><U74/><E100/><V50/><F50/><W19/><G19/><T96/><D70/><U93/><E107/><V18/><F73/><W4/><G4/><T77/><D77/><N who="2" m="29194" /><F67/><W21/><G21/><T111/><D26/><U52/><E76/><V28/><F18/><W35/><G35/><T71/><D31/><U88/><E74/><V115/><F115/><W82/><G82/><T90/><D71/><U121/><E121/><V58/><F58/><W23/><G23/><T101/><D90/><U80/><E80/><V43/><F53/><N who="3" m="31807" /><G36/><T27/><D27/><U32/><E52/><V127/><F127/><W124/><G124/><T132/><D111/><U98/><E108/><V63/><F61/><W46/><G49/><T2/><D2/><U84/><REACH who="1" step="1"/><E32/><REACH who="1" ten="250,240,250,250" step="2"/><V109/><F109/><W64/><G64/><T15/><D15/><U59/><E59/><V12/><F12/><W85/><G46/><T34/><D34/><U55/><E55/><V83/><F83/><W9/><G45/><T113/><D113/><U118/><E118/><RYUUKYOKU ba="0,1" sc="250,10,240,10,250,10,250,-30" hai0="0,7,11,38,42,47,96,101,105,132" hai1="10,13,16,40,41,84,88,89,92,93,98,133,134" hai2="22,25,28,43,44,48,62,63,91,94" /><INIT seed="0,1,1,3,5,67" ten="260,250,260,220" oya="0" hai0="12,77,98,74,33,90,103,127,18,53,25,133,58" hai1="28,115,69,65,10,101,107,104,68,102,119,109,63" hai2="95,42,123,82,113,131,108,61,36,46,55,11,14" hai3="126,16,89,83,128,85,40,93,76,17,13,3,120"/><T130/><D127/><U79/><E119/><V114/><F123/><W56/><G120/><T9/><D130/><U59/><E79/><V20/><F108/><W31/><G126/><T99/><D133/><U71/><E109/><V96/><F131/><W111/><G3/><T41/><D41/><U116/><E116/><V106/><F106/><W0/><G0/><T81/><D90/><U19/><E28/><V4/><F82/><W34/><G128/><T129/><D129/><U50/><E50/><V35/><F35/><W72/><G111/><T91/><D91/><U112/><E107/><V135/><F135/><W6/><G40/><T132/><D132/><U105/><E105/><V125/><F125/><W75/><G75/><T1/><D1/><U88/><E88/><V15/><F20/><W134/><G134/><T78/><D78/><U26/><E104/><V7/><F55/><W54/><G34/><T5/><D103/><U51/><E51/><V49/><F61/><W39/><G39/><T80/><D80/><U118/><E118/><V117/><F117/><W62/><REACH who="3" step="1"/><G31/><REACH who="3" ten="260,250,260,210" step="2"/><T94/><D33/><U87/><E112/><V45/><F36/><W22/><G22/><N who="0" m="13527" /><D94/><U124/><E115/><V29/><F29/><W23/><G23/><T38/><D38/><U57/><E124/><V24/><F114/><W47/><G47/><T32/><D32/><U84/><E10/><AGARI ba="1,2" hai="6,10,13,16,17,54,56,62,72,76,83,85,89,93" machi="10" ten="40,5200,0" yaku="1,1,54,1,53,1" doraHai="67" doraHaiUra="48" who="3" fromWho="1" sc="260,0,250,-55,260,0,210,75" /><INIT seed="1,0,0,0,2,31" ten="260,195,260,285" oya="1" hai0="85,79,48,101,54,88,128,24,61,103,100,129,116" hai1="59,115,30,104,121,15,84,68,78,5,99,50,4" hai2="3,2,108,81,39,82,120,51,71,36,126,65,42" hai3="60,106,40,38,64,111,35,33,45,29,80,58,134"/><U7/><E115/><V55/><F120/><W16/><G111/><T95/><D116/><U113/><E113/><V77/><F108/><W102/><G134/><T97/><D24/><U8/><E121/><V17/><F126/><W25/><G80/><N who="0" m="47263" /><D61/><U10/><E68/><V12/><F82/><W53/><G106/><N who="0" m="63759" /><D48/><U94/><E104/><V75/><F65/><W107/><G107/><T112/><D54/><N who="1" m="32215" /><E30/><V119/><F71/><W52/><G102/><N who="0" m="38923" /><D112/><U13/><E99/><AGARI ba="0,0" hai="88,95,99,128,129" m="38923,63759,47263" machi="99" ten="30,3900,0" yaku="34,2,54,1" doraHai="31" who="0" fromWho="1" sc="260,39,195,-39,260,0,285,0" /><INIT seed="2,0,0,1,3,94" ten="299,156,260,285" oya="2" hai0="8,1,56,73,71,34,129,23,111,14,6,11,63" hai1="16,125,99,69,134,107,64,74,135,49,96,110,0" hai2="112,55,85,44,132,31,122,81,62,83,121,36,21" hai3="26,105,100,95,38,75,82,24,97,86,45,89,58"/><V118/><F112/><W72/><G58/><T131/><D111/><U68/><E110/><V3/><F118/><W91/><G72/><T103/><D73/><U79/><E107/><V33/><F3/><W61/><G61/><T7/><D34/><U51/><E0/><V113/><F113/><W126/><G126/><T54/><D71/><N who="1" m="27211" /><E79/><V127/><F33/><W123/><G123/><T19/><REACH who="0" step="1"/><D103/><REACH who="0" ten="289,156,260,285" step="2"/><U124/><E74/><V13/><F122/><W60/><G75/><T12/><AGARI ba="0,1" hai="1,6,7,8,11,12,14,19,23,54,56,63,129,131" machi="12" ten="30,4000,0" yaku="1,1,2,1,0,1,53,0" doraHai="94" doraHaiUra="46" who="0" fromWho="0" sc="289,50,156,-10,260,-20,285,-10" /><INIT seed="3,0,0,5,1,46" ten="339,146,240,275" oya="3" hai0="104,73,59,50,48,13,9,108,72,83,110,76,24" hai1="70,65,129,102,64,37,78,107,19,15,2,126,103" hai2="100,116,8,0,10,115,17,119,3,5,63,55,54" hai3="120,123,12,66,40,117,62,77,135,4,33,106,84"/><W20/><G117/><T16/><D104/><U34/><E78/><V97/><F115/><W71/><G33/><T41/><D73/><U95/><E95/><V69/><F17/><W18/><G106/><T1/><D41/><U80/><E107/><V85/><F85/><W11/><G135/><T14/><D1/><U22/><E2/><V56/><F69/><W32/><G40/><T7/><D24/><U49/><E37/><V47/><F97/><W35/><G35/><T44/><D59/><U121/><E34/><V89/><F89/><W68/><G68/><T128/><D128/><U29/><E129/><V125/><F100/><W51/><G51/><T94/><D94/><U93/><E121/><V52/><F125/><W26/><REACH who="3" step="1"/><G32/><REACH who="3" ten="339,146,240,265" step="2"/><T87/><D72/><U25/><E70/><V39/><F119/><W88/><G88/><T43/><D48/><U42/><E126/><V86/><F116/><W67/><G67/><T31/><D31/><U57/><E80/><AGARI ba="0,1" hai="4,11,12,18,20,26,62,66,71,77,80,84,120,123" machi="80" ten="40,2000,0" yaku="1,1,53,0" doraHai="46" doraHaiUra="113" who="3" fromWho="1" sc="339,0,146,-20,240,0,265,30" /><INIT seed="3,1,0,1,5,48" ten="339,126,240,295" oya="3" hai0="44,54,85,81,67,60,111,2,13,29,93,109,5" hai1="79,22,126,108,96,82,94,122,42,57,124,117,68" hai2="61,86,66,0,97,114,84,90,101,98,74,95,53" hai3="4,65,35,12,50,9,105,71,75,43,49,80,130"/><W14/><G105/><T125/><D125/><U112/><E42/><V28/><F0/><W107/><G107/><T34/><D2/><U7/><E7/><V64/><F74/><W1/><G35/><T23/><D93/><U100/><E22/><V104/><F114/><W24/><G130/><T118/><D118/><U25/><E25/><V129/><F129/><W113/><G113/><T8/><D34/><U45/><E45/><V134/><F134/><W73/><G24/><N who="0" m="16543" /><D44/><U102/><E57/><V33/><F64/><W131/><G131/><T37/><D37/><U11/><E11/><V40/><F40/><W88/><G71/><T103/><D103/><U116/><E68/><V56/><F33/><W77/><G65/><T15/><D54/><U99/><E112/><V69/><REACH who="2" step="1"/><F28/><REACH who="2" ten="339,126,230,295" step="2"/><W32/><G32/><T110/><D67/><U89/><E108/><V120/><F120/><W91/><G73/><T63/><D13/><U115/><E115/><V16/><F16/><W31/><G31/><T10/><D10/><U51/><E122/><V52/><F52/><W19/><G14/><T21/><D21/><U70/><E70/><V3/><F3/><W133/><G133/><T135/><D135/><U106/><E51/><N who="3" m="19466" /><G43/><T6/><D6/><U36/><E36/><V92/><F92/><W27/><G1/><T83/><D83/><U47/><E47/><V26/><F26/><W30/><G19/><T59/><D59/><U121/><E121/><V18/><F18/><W132/><G132/><T78/><AGARI ba="1,1" hai="5,8,15,60,63,78,81,85,109,110,111" m="16543" machi="78" ten="30,1100,0" yaku="14,1" doraHai="48" who="0" fromWho="0" sc="339,24,126,-4,230,-4,295,-6" owari="363,46.3,122,-37.8,226,-17.4,289,8.9" /></mjloggm>