<mjloggm ver="2.3"><GO type="225" lobby="0"/><UN n0="%E3%81%A1%E3%82%85%E3%81%86%E3%81%A9%E3%81%8F%E8%B1%A1%E3%81%95%E3%82%93" n1="%E7%89%B9%E6%9D%B1%E3%81%AF%E4%B8%96%E7%95%8C%E3%82%92%E6%95%91%E3%81%86" n2="%54%4F%52" n3="%73%6C%69%63%6B%33%31%39" dan="17,16,17,16" rate="2194.77,2181.26,2270.25,2186.50" sx="M,M,M,M"/><TAIKYOKU oya="0"/><INIT seed="0,0,0,3,0,115" ten="250,250,250,250" oya="0" hai0="95,58,101,34,5,35,26,8,0,59,6,49,55" hai1="76,47,12,50,107,44,64,65,110,134,102,29,39" hai2="1,19,70,20,61,124,60,82,87,123,71,25,36" hai3="118,18,38,62,57,104,96,80,7,22,45,54,105"/><T48/><D5/><U84/><E110/><V122/><F1/><W117/><G7/><T97/><REACH who="0" step="1"/><D26/><REACH who="0" ten="240,250,250,250" step="2"/><U2/><E2/><V85/><F25/><W86/><G118/><T109/><D109/><U81/><E12/><V42/><F122/><W16/><G117/><T43/><D43/><U98/><E134/><V83/><F42/><W106/><G106/><T88/><D88/><U111/><E111/><V67/><F123/><W78/><G105/><T125/><D125/><U31/><E107/><V27/><F124/><W126/><G104/><T13/><D13/><U79/><E102/><V33/><F27/><W46/><G126/><T4/><D4/><U17/><E79/><V40/><F40/><W32/><G78/><T37/><D37/><U24/><E39/><V99/><F36/><W90/><G38/><T14/><D14/><U21/><E29/><V91/><F91/><W103/><G103/><T135/><D135/><U3/><E31/><V68/><F19/><W69/><G16/><T66/><D66/><U41/><E3/><V23/><F67/><W30/><G30/><T116/><D116/><U74/><E65/><V93/><F33/><W130/><G32/><T92/><D92/><U77/><E64/><V72/><F93/><W73/><G18/><T51/><D51/><U89/><E77/><V56/><F70/><W63/><G90/><T113/><D113/><U28/><E28/><V11/><F68/><W120/><G69/><T112/><D112/><U53/><E76/><V108/><F71/><W100/><G120/><T132/><D132/><U129/><E41/><RYUUKYOKU ba="0,1" sc="240,30,250,-10,250,-10,250,-10" hai0="0,6,8,34,35,48,49,55,58,59,95,97,101" /><INIT seed="0,1,1,2,2,119" ten="270,240,240,240" oya="0" hai0="111,90,104,95,96,53,32,59,68,40,75,41,24" hai1="4,18,46,86,50,0,56,117,60,105,19,106,100" hai2="99,76,34,27,118,36,52,116,45,3,103,31,115" hai3="94,125,38,35,79,29,10,5,109,74,82,26,77"/><T16/><D68/><U130/><E117/><N who="2" m="45163" /><F115/><W20/><G109/><T93/><D75/><U62/><E130/><V124/><F124/><W64/><G125/><T107/><D111/><U30/><E30/><V121/><F121/><W65/><G79/><T134/><D134/><U73/><E73/><V98/><F3/><W85/><G38/><T81/><D81/><U127/><E127/><V133/><F133/><W126/><G126/><T61/><D32/><U108/><E4/><V70/><F70/><W83/><G83/><T92/><D104/><U47/><E0/><V11/><F11/><W43/><G43/><N who="0" m="16459" /><D107/><U54/><E106/><V17/><F36/><W132/><G132/><T66/><D66/><U97/><E108/><V28/><F76/><W57/><G35/><T122/><D122/><U84/><E62/><V102/><F28/><W21/><G74/><T12/><D24/><U22/><E46/><V33/><F33/><W8/><G57/><T69/><D69/><U114/><E114/><V39/><F17/><W87/><G5/><T78/><D78/><U89/><E19/><V72/><F72/><W13/><G65/><T135/><D135/><U6/><E6/><V63/><F39/><W112/><G64/><T9/><AGARI ba="1,1" hai="9,12,16,53,59,61,90,92,93,95,96" m="16459" machi="9" ten="30,3000,0" yaku="8,1,54,1" doraHai="119" who="0" fromWho="0" sc="270,43,240,-11,240,-11,240,-11" /><INIT seed="0,2,0,4,1,76" ten="313,229,229,229" oya="0" hai0="89,73,4,57,44,51,13,37,102,128,25,2,117" hai1="106,80,35,67,22,61,92,53,118,105,8,135,6" hai2="0,28,103,95,38,133,12,16,97,90,72,96,68" hai3="98,104,93,17,91,23,45,1,24,60,18,33,29"/><T74/><D117/><U126/><E118/><V41/><F0/><W14/><G104/><T100/><D2/><U19/><E35/><V86/><F68/><W107/><G107/><T11/><D37/><U129/><E129/><V20/><F72/><W94/><G1/><T32/><D57/><U87/><E135/><V21/><F133/><W131/><G131/><T124/><D128/><U88/><E126/><V109/><F109/><W84/><G45/><T122/><D122/><U27/><E53/><V83/><F38/><W85/><G60/><T69/><D69/><U10/><E92/><N who="2" m="58759" /><F41/><W59/><G59/><T79/><D89/><U123/><E123/><V36/><F36/><W26/><REACH who="3" step="1"/><G94/><REACH who="3" ten="313,229,229,219" step="2"/><T125/><D125/><U65/><E65/><V49/><F49/><W42/><G42/><T5/><D124/><U113/><E113/><V82/><F97/><W39/><G39/><T15/><D44/><U132/><E132/><V30/><F30/><W64/><G64/><T48/><D48/><U111/><E111/><V75/><F75/><W40/><G40/><T114/><D51/><U77/><E106/><V101/><F101/><W47/><G47/><T112/><D102/><U70/><E105/><V71/><F71/><W119/><G119/><T116/><D100/><U3/><E70/><V81/><F28/><W134/><G134/><T7/><D116/><U56/><E67/><V52/><F52/><W130/><G130/><T115/><D115/><U127/><E127/><V110/><F110/><W55/><G55/><T31/><D114/><U50/><E61/><V63/><F63/><RYUUKYOKU ba="2,1" sc="313,-15,229,-15,229,15,219,15" hai2="12,16,20,21,81,82,83,86,90,95" hai3="14,17,18,23,24,26,29,33,84,85,91,93,98" /><INIT seed="1,3,1,1,2,64" ten="298,214,244,234" oya="1" hai0="102,73,50,112,57,100,77,103,49,75,122,59,74" hai1="3,127,105,89,33,29,125,76,27,128,93,118,4" hai2="123,61,31,51,69,134,32,108,26,19,28,37,44" hai3="11,129,22,79,90,20,0,87,6,82,131,132,107"/><U12/><E118/><V35/><F123/><W91/><G107/><T96/><D122/><U120/><E120/><V58/><F108/><W66/><G66/><T88/><D77/><U81/><E105/><V135/><F37/><W52/><G132/><N who="2" m="50729" /><F69/><W130/><G90/><T114/><D88/><U63/><E3/><V99/><F19/><W2/><G2/><T110/><D96/><U14/><E128/><V94/><F31/><W54/><G22/><T40/><D40/><U60/><E4/><V36/><F36/><W5/><G5/><T48/><REACH who="0" step="1"/><D110/><REACH who="0" ten="288,214,244,234" step="2"/><U15/><E127/><V30/><F99/><W1/><G1/><T45/><D45/><U41/><E125/><V16/><F94/><W39/><G39/><T25/><D25/><U46/><E89/><V119/><F119/><W72/><G72/><T86/><D86/><U67/><E93/><V68/><F26/><W71/><G91/><T92/><D92/><U101/><E101/><V126/><F126/><W78/><G78/><T133/><D133/><U95/><E95/><V42/><F42/><W117/><G117/><T23/><D23/><U8/><E8/><V83/><F44/><W115/><G20/><T111/><D111/><U124/><E124/><V7/><F32/><W70/><G115/><AGARI ba="3,2" hai="48,49,50,57,59,73,74,75,100,102,103,112,114,115" machi="115" ten="50,12000,2" yaku="1,1,29,2,28,2,53,2" doraHai="64" doraHaiUra="53" who="0" fromWho="3" sc="288,149,214,0,244,0,234,-129" /><INIT seed="2,0,0,5,0,120" ten="437,214,244,105" oya="2" hai0="134,14,87,100,18,84,39,29,97,90,76,95,1" hai1="110,44,19,58,47,51,64,71,57,115,27,38,123" hai2="24,130,25,16,5,132,81,8,31,30,73,59,20" hai3="74,69,83,6,119,63,98,46,9,85,86,121,135"/><V82/><F130/><W49/><G135/><T89/><D39/><U42/><E19/><V2/><F132/><W61/><G119/><T50/><D1/><U67/><E27/><V114/><F114/><W116/><G116/><T117/><D117/><U118/><E118/><V111/><F111/><W17/><G121/><T48/><D29/><U68/><E123/><V105/><F105/><W65/><G74/><T91/><D134/><U54/><E115/><V21/><F59/><N who="1" m="22537" /><E110/><V126/><F126/><W94/><G61/><T128/><D128/><U77/><E77/><V32/><REACH who="2" step="1"/><F73/><REACH who="2" ten="437,214,234,105" step="2"/><W60/><G69/><AGARI ba="0,1" hai="38,42,44,47,51,54,64,67,68,69,71" m="22537" machi="69" ten="30,8000,1" yaku="35,5" doraHai="120" who="1" fromWho="3" sc="437,0,214,90,234,0,105,-80" /><INIT seed="3,0,0,5,4,61" ten="437,304,234,25" oya="3" hai0="76,36,8,14,31,40,65,100,56,54,128,97,119" hai1="87,11,125,58,104,5,134,131,41,113,38,95,49" hai2="82,120,103,62,96,117,39,59,109,92,77,80,4" hai3="64,106,78,33,115,75,44,86,83,118,105,50,16"/><W98/><G115/><T63/><D119/><U43/><E113/><V111/><F117/><W94/><G118/><T1/><D1/><U27/><E104/><V48/><F39/><W123/><G123/><T107/><D31/><U93/><E38/><V116/><F116/><W26/><G33/><T15/><D76/><U121/><E121/><V60/><F120/><W101/><G75/><T130/><D36/><U2/><E131/><N who="0" m="50217" /><D40/><U42/><E134/><V6/><F48/><W37/><G37/><T35/><D35/><U122/><E125/><V9/><F60/><W108/><G108/><N who="2" m="41545" /><F9/><W52/><REACH who="3" step="1"/><G64/><REACH who="3" ten="437,304,234,15" step="2"/><T23/><D65/><U57/><E122/><V81/><F77/><W89/><G89/><T72/><D72/><U53/><E27/><V102/><F102/><W18/><G18/><T70/><D100/><U66/><E66/><AGARI ba="0,1" hai="4,6,59,62,66,80,81,82,92,96,103" m="41545" machi="66" ten="30,2000,0" yaku="14,1,52,1" doraHai="61" who="2" fromWho="1" sc="437,0,304,-20,234,30,15,0" owari="437,53.7,284,8.4,264,-13.6,15,-48.5" /></mjloggm>