<mjloggm ver="2.3"><GO type="225" lobby="0"/><UN n0="%E3%81%99%E3%81%84%E3%81%BE%E3%81%9B%E3%83%BC%E3%82%93" n1="%E9%B3%B3%E6%9D%B1%E3%81%AE%E3%81%86%E3%81%95%E3%81%8E%E3%81%95%E3%82%93" n2="%E3%81%86%E3%83%BC%E3%81%B1%E3%83%BC" n3="%E6%A1%9C%E8%8A%B1%E9%96%83%E3%80%85" dan="16,17,16,17" rate="2135.31,2205.69,2190.54,2125.57" sx="M,M,F,M"/><TAIKYOKU oya="0"/><INIT seed="0,0,0,5,1,61" ten="250,250,250,250" oya="0" hai0="122,74,22,60,25,10,51,117,38,18,32,82,101" hai1="41,36,15,83,113,123,121,3,96,6,54,55,111" hai2="93,135,132,131,88,97,13,0,78,133,42,124,98" hai3="26,115,12,43,75,30,21,85,110,73,66,107,90"/><T120/><D117/><U72/><E111/><V104/><F0/><W69/><G115/><T112/><D38/><U58/><E113/><V129/><F42/><W126/><G126/><T81/><D112/><U70/><E70/><V86/><F13/><W20/><G107/><T64/><D32/><U68/><E68/><V28/><F28/><W118/><G43/><T8/><D101/><U14/><E96/><N who="2" m="36971" /><F104/><W71/><G110/><T103/><D103/><U47/><E14/><V39/><F39/><W84/><G84/><T79/><D51/><N who="1" m="31103" /><E15/><V94/><F78/><W87/><G71/><T119/><D82/><U29/><E54/><V9/><F9/><W45/><G12/><T80/><D80/><U7/><E7/><V1/><F1/><W89/><G69/><T46/><D119/><U52/><E52/><V76/><F76/><W130/><G75/><T106/><D106/><U16/><E16/><V5/><F5/><W102/><G30/><T44/><D8/><N who="1" m="2143" /><E29/><V65/><F124/><W56/><G102/><T128/><D10/><U19/><E19/><V48/><F48/><W114/><G114/><T37/><D37/><U105/><E105/><V127/><F127/><W59/><G20/><T134/><D46/><U23/><E23/><V2/><F2/><W49/><G21/><T77/><D44/><U40/><E40/><V100/><F65/><W116/><G45/><T95/><D64/><U11/><E11/><V17/><F17/><W63/><G66/><T24/><D18/><U50/><E36/><V33/><F33/><W53/><G118/><T35/><D35/><RYUUKYOKU ba="0,0" sc="250,-15,250,15,250,15,250,-15" hai1="41,47,50,72,83,121,123" hai2="86,88,93,94,100,129,131,132,133,135" /><INIT seed="1,1,0,5,2,23" ten="235,265,265,235" oya="1" hai0="111,105,11,60,18,101,114,51,55,15,91,46,85" hai1="86,76,103,80,10,79,117,42,30,128,118,53,107" hai2="122,67,33,25,14,119,90,47,56,34,130,113,26" hai3="88,8,71,0,83,31,100,50,35,68,66,27,3"/><U96/><E128/><V64/><F119/><W4/><G3/><T81/><D114/><U104/><E42/><V48/><F122/><W120/><G120/><T62/><REACH who="0" step="1"/><D111/><REACH who="0" ten="225,265,265,235" step="2"/><U134/><E118/><V59/><F113/><W5/><G5/><T43/><D43/><U45/><E117/><V73/><F130/><W69/><G100/><T63/><D63/><U38/><E103/><V78/><F34/><W17/><G50/><T9/><D9/><U39/><E10/><V29/><F33/><W74/><G74/><T99/><AGARI ba="1,1" hai="11,15,18,46,51,55,60,62,81,85,91,99,101,105" machi="99" ten="30,8000,1" yaku="1,1,0,1,25,2,53,1" doraHai="23" doraHaiUra="92" who="0" fromWho="0" sc="225,93,265,-41,265,-21,235,-21" /><INIT seed="2,0,0,2,1,108" ten="318,224,244,214" oya="2" hai0="111,119,90,9,14,87,112,51,39,104,23,128,71" hai1="120,118,41,96,86,59,98,72,99,22,63,122,8" hai2="113,133,84,130,124,20,11,115,5,49,94,117,21" hai3="114,69,58,57,19,131,129,76,56,27,43,10,12"/><V89/><F117/><W134/><G134/><T1/><D39/><U97/><E118/><V54/><F133/><W34/><G69/><T91/><D71/><U2/><E72/><V25/><F124/><W100/><G76/><T110/><D104/><U6/><E41/><V44/><F130/><N who="3" m="49675" /><G100/><T66/><D66/><U93/><E22/><V62/><F62/><W77/><G77/><T73/><D73/><U88/><N who="1" m="24576" /><DORA hai="45" /><U109/><REACH who="1" step="1"/><E109/><REACH who="1" ten="318,214,244,214" step="2"/><V47/><F21/><N who="3" m="13759" /><G43/><T116/><D116/><U105/><E105/><V121/><F121/><W55/><G34/><T50/><D119/><U40/><E40/><V78/><F78/><W37/><G37/><T106/><D106/><U92/><E92/><V24/><F24/><W68/><G68/><T48/><D111/><U35/><E35/><V38/><F38/><W101/><G101/><T60/><D110/><U7/><E7/><V31/><REACH who="2" step="1"/><F44/><REACH who="2" ten="318,214,234,214" step="2"/><W46/><G46/><T0/><D128/><U80/><E80/><V107/><F107/><W15/><G57/><T53/><D23/><U42/><E42/><V17/><F17/><W3/><G58/><T16/><D16/><U83/><E83/><V75/><F75/><W61/><G56/><T103/><D103/><U67/><AGARI ba="0,2" hai="2,6,8,59,63,67,86,88,93,120,122" m="24576" machi="67" ten="40,8000,1" yaku="1,1,0,1,54,1,53,2" doraHai="108,45" doraHaiUra="52,4" who="1" fromWho="1" sc="318,-20,214,100,234,-40,214,-20" /><INIT seed="3,0,0,0,4,35" ten="298,314,194,194" oya="3" hai0="28,80,46,59,66,123,125,52,92,99,58,128,72" hai1="69,61,107,87,127,7,89,131,45,34,16,93,135" hai2="1,105,24,83,109,132,63,57,81,104,15,74,94" hai3="40,112,90,85,51,86,13,44,77,133,96,95,27"/><W60/><G112/><T114/><D123/><U118/><E34/><V116/><F116/><W48/><G133/><T106/><D106/><U65/><E135/><V25/><F132/><W71/><G27/><T56/><D114/><U22/><E107/><V33/><F1/><W41/><G77/><T4/><D128/><U53/><E131/><V75/><F15/><W64/><REACH who="3" step="1"/><G13/><REACH who="3" ten="298,314,194,184" step="2"/><T108/><D125/><U50/><E127/><V98/><F33/><W129/><G129/><T124/><D124/><U2/><E118/><V119/><F119/><W10/><G10/><T100/><D28/><U115/><E115/><V103/><F24/><W79/><G79/><T31/><D31/><U9/><E22/><V126/><F126/><W37/><G37/><T97/><D108/><U36/><E36/><V113/><F113/><W134/><G134/><T6/><D6/><U102/><E16/><V3/><F109/><W82/><G82/><T122/><D80/><N who="2" m="30794" /><F25/><W0/><G0/><T19/><D19/><U42/><REACH who="1" step="1"/><E102/><REACH who="1" ten="298,304,194,184" step="2"/><V17/><F17/><W14/><G14/><T21/><D100/><U5/><E5/><V111/><F111/><W20/><G20/><T26/><D21/><U130/><E130/><V88/><F3/><W39/><G39/><T117/><D117/><U47/><E47/><AGARI ba="0,2" hai="40,41,44,47,48,51,60,64,71,85,86,90,95,96" machi="47" ten="40,3900,0" yaku="1,1,9,1,53,0" doraHai="35" doraHaiUra="18" who="3" fromWho="1" sc="298,0,304,-39,194,0,184,59" /><INIT seed="3,1,0,2,3,46" ten="298,265,194,243" oya="3" hai0="109,65,62,14,13,26,100,1,107,79,132,59,40" hai1="16,37,21,76,121,74,75,33,71,96,133,57,7" hai2="86,126,60,131,53,110,23,99,98,52,38,30,84" hai3="66,92,82,119,44,20,118,56,41,61,5,72,102"/><W111/><G111/><T0/><D109/><U113/><E121/><V58/><F110/><W115/><G115/><T89/><D79/><U49/><E37/><V55/><F38/><W17/><G5/><T114/><D40/><U25/><E71/><V51/><F131/><W129/><G129/><T24/><D89/><U88/><E113/><V68/><F68/><W123/><G123/><T12/><D114/><U70/><E70/><V64/><F126/><W73/><G82/><T90/><D90/><U101/><E133/><V15/><F30/><W135/><G135/><T45/><D45/><U2/><E76/><V93/><F51/><W78/><G92/><T48/><D48/><U130/><E130/><V87/><REACH who="2" step="1"/><F93/><REACH who="2" ten="298,265,184,243" step="2"/><W42/><G118/><T117/><D117/><U63/><E49/><V122/><F122/><W19/><G119/><T81/><D132/><U124/><E124/><V83/><F83/><W108/><G108/><T18/><D81/><U54/><E33/><V77/><F77/><W95/><G78/><T34/><D34/><U32/><E32/><V11/><F11/><W134/><G134/><T94/><D94/><N who="1" m="56391" /><E101/><V106/><F106/><W97/><G72/><T4/><D100/><U27/><E75/><V36/><F36/><N who="3" m="21543" /><G73/><T112/><D107/><U47/><E74/><V3/><F3/><W67/><G20/><N who="0" m="11335" /><D112/><U80/><E80/><V9/><F9/><W127/><G127/><T39/><D39/><U10/><E47/><V103/><F103/><W50/><G50/><T31/><D0/><U105/><E105/><V120/><F120/><W43/><G102/><RYUUKYOKU ba="1,1" sc="298,-15,265,15,184,15,243,-15" hai1="2,7,10,16,21,25,27,54,57,63" hai2="15,23,52,53,55,58,60,64,84,86,87,98,99" /><INIT seed="4,2,1,3,4,49" ten="283,280,199,228" oya="0" hai0="89,31,18,57,123,81,90,132,35,47,54,131,93" hai1="122,46,85,42,20,17,10,125,29,78,70,72,40" hai2="39,67,118,44,77,11,114,133,126,63,28,111,73" hai3="130,8,116,102,79,103,22,104,32,110,60,24,65"/><T30/><D123/><U36/><E122/><V84/><F111/><W98/><G110/><T27/><D131/><U64/><E72/><V69/><F114/><W53/><G116/><T19/><D132/><U82/><E125/><V121/><F121/><W38/><G38/><T59/><D47/><U4/><E29/><N who="0" m="10761" /><D35/><U106/><E106/><V113/><F113/><W21/><G79/><T23/><D18/><U68/><E64/><V115/><F115/><W0/><G102/><T100/><D81/><U96/><E42/><V55/><F133/><W14/><G0/><T12/><D27/><U87/><E70/><V101/><F28/><W41/><G41/><T50/><D59/><U9/><E68/><V3/><F84/><W51/><G24/><T48/><D48/><U97/><E87/><V5/><F101/><W13/><G130/><T112/><D112/><U75/><E85/><V66/><F66/><W71/><G14/><T94/><D100/><U74/><E74/><V15/><F15/><W105/><G105/><T33/><D33/><U37/><E37/><V109/><F109/><W6/><REACH who="3" step="1"/><G32/><REACH who="3" ten="283,280,199,218" step="2"/><T124/><D124/><U16/><E36/><V91/><F126/><W7/><G7/><T45/><D90/><U76/><E76/><V86/><F118/><W117/><G117/><T56/><D89/><U2/><E40/><N who="2" m="22559" /><F91/><W58/><AGARI ba="2,2" hai="6,8,13,21,22,51,53,58,60,65,71,98,103,104" machi="58" ten="20,5200,0" yaku="1,1,0,1,7,1,52,1,53,0" doraHai="49" doraHaiUra="43" who="3" fromWho="3" sc="283,-28,280,-15,199,-15,218,78" /><INIT seed="5,0,0,0,0,119" ten="255,265,184,296" oya="1" hai0="105,111,1,16,7,75,102,123,52,32,90,81,18" hai1="39,85,92,31,61,55,28,44,27,36,13,37,133" hai2="76,34,33,109,101,110,127,108,54,35,11,46,70" hai3="6,113,47,38,135,23,122,56,58,106,89,83,91"/><U22/><E133/><V87/><F70/><W48/><G122/><T73/><D111/><U30/><E13/><V51/><F101/><W21/><G38/><T57/><D32/><U67/><E55/><V121/><F127/><W49/><G106/><T112/><D7/><U78/><E44/><V2/><F121/><W95/><G95/><T8/><D1/><U72/><E72/><V93/><F76/><W12/><G83/><T104/><D8/><U117/><E117/><V26/><F26/><W60/><G60/><T68/><D68/><U130/><E130/><V94/><REACH who="2" step="1"/><F87/><REACH who="2" ten="255,265,174,296" step="2"/><W124/><G124/><T118/><D123/><U88/><REACH who="1" step="1"/><E78/><REACH who="1" ten="255,255,174,296" step="2"/><V99/><F99/><W14/><G135/><T96/><D96/><U5/><E5/><AGARI ba="0,2" hai="2,5,11,33,34,35,46,51,54,93,94,108,109,110" machi="5" ten="50,1600,0" yaku="1,1,53,0" doraHai="119" doraHaiUra="20" who="2" fromWho="1" sc="255,0,255,-16,174,36,296,0" /><INIT seed="6,0,0,2,0,116" ten="255,239,210,296" oya="2" hai0="131,8,118,37,55,97,87,98,127,80,26,107,130" hai1="120,90,16,71,85,114,67,52,29,64,79,124,66" hai2="84,110,19,58,89,91,50,101,31,15,128,102,44" hai3="112,34,82,5,86,62,126,117,83,134,92,57,13"/><V123/><F123/><W93/><G34/><T28/><D118/><U7/><E71/><V17/><F128/><N who="0" m="49194" /><D107/><U81/><E114/><V25/><F110/><W40/><G126/><T121/><D37/><U12/><E124/><V109/><F109/><W10/><G134/><T0/><D121/><U61/><E120/><V113/><F113/><W70/><G70/><T69/><D69/><U106/><E106/><V11/><F58/><W47/><G83/><T59/><D8/><N who="1" m="6151" /><E29/><V48/><F50/><N who="3" m="26983" /><G117/><T73/><D0/><U33/><E33/><V18/><F31/><W21/><G21/><N who="0" m="15439" /><D73/><U132/><E7/><V115/><F115/><W88/><G112/><T32/><D32/><U95/><E132/><V35/><F35/><W133/><G133/><T30/><D30/><U122/><E122/><V4/><F25/><W99/><G99/><T77/><D127/><U119/><E119/><V20/><F20/><W1/><G1/><T104/><D104/><U76/><E81/><N who="2" m="49295" /><F91/><W60/><G60/><AGARI ba="0,0" hai="55,59,60,77,80,87,97,98" m="15439,49194" machi="60" ten="30,1000,0" yaku="19,1" doraHai="116" who="0" fromWho="3" sc="255,10,239,0,210,0,296,-10" /><INIT seed="7,0,0,5,5,10" ten="265,239,210,286" oya="3" hai0="128,99,0,19,18,78,30,73,50,21,12,6,93" hai1="116,43,110,84,54,75,105,87,38,96,85,1,2" hai2="68,95,114,117,63,82,52,127,97,67,56,102,22" hai3="112,36,53,88,39,106,100,24,92,119,61,74,44"/><W122/><G119/><T26/><D128/><U132/><E110/><V51/><F117/><W129/><G122/><T34/><D18/><U131/><E116/><V23/><F114/><W47/><G74/><T14/><D14/><U8/><E131/><V49/><F127/><W40/><G100/><T33/><D50/><U69/><E69/><V113/><F113/><W120/><G106/><T31/><D78/><U135/><E75/><V25/><F82/><W32/><G120/><T37/><D37/><U104/><E54/><V17/><REACH who="2" step="1"/><F22/><REACH who="2" ten="265,239,200,286" step="2"/><W108/><G112/><T81/><D81/><U42/><E38/><V29/><F29/><W89/><G129/><T57/><D30/><U76/><E76/><V41/><F41/><N who="1" m="15369" /><E8/><V83/><F83/><W35/><G39/><T64/><D21/><U60/><E60/><AGARI ba="0,1" hai="17,23,25,49,51,52,56,60,63,67,68,95,97,102" machi="60" ten="30,3900,0" yaku="1,1,7,1,54,1,53,0" doraHai="10" doraHaiUra="5" who="2" fromWho="1" sc="265,0,239,-39,200,49,286,0" owari="265,6.5,200,-30.0,249,-15.1,286,38.6" /></mjloggm>