<mjloggm ver="2.3"><GO type="225" lobby="0"/><UN n0="%E3%81%82%E3%81%99%E3%81%AB%E3%82%83%E3%82%80" n1="%E3%83%8F%E3%82%AC%E3%82%BF%E3%82%AB%E3%81%AE%E3%81%88%E3%81%98%E3%81%8D" n2="%6D%75%75%6D%75%72%61" n3="%43%68%65" dan="16,16,17,16" rate="2022.29,2125.32,2102.48,2151.51" sx="F,M,F,M"/><TAIKYOKU oya="0"/><INIT seed="0,0,0,1,5,77" ten="250,250,250,250" oya="0" hai0="132,1,55,13,45,29,97,114,27,38,59,14,133" hai1="49,9,84,65,35,123,24,60,135,71,69,108,79" hai2="116,7,12,107,110,87,100,42,54,89,23,32,17" hai3="50,64,58,39,113,86,72,36,8,74,68,92,6"/><T67/><D1/><U15/><E123/><V117/><F32/><W44/><G113/><T37/><D114/><U91/><E79/><V56/><F110/><W130/><G130/><T81/><D97/><U30/><E135/><N who="0" m="51785" /><D67/><U119/><E108/><V5/><F42/><W115/><G115/><T118/><D118/><N who="2" m="45674" /><F100/><W57/><G57/><T70/><D70/><U99/><E99/><V103/><F103/><W82/><G92/><T61/><D81/><U126/><E126/><V85/><F107/><W66/><G68/><T90/><D90/><U4/><E119/><V129/><F129/><W112/><G64/><T121/><D121/><U11/><E49/><N who="2" m="30799" /><F87/><W94/><G112/><T48/><D37/><U26/><E69/><V76/><F76/><W134/><G39/><T125/><D125/><U40/><E40/><V28/><F28/><W131/><G36/><T80/><D38/><U88/><E84/><V98/><F98/><W105/><G105/><T127/><D127/><U52/><E30/><V96/><F96/><W95/><G74/><T33/><D13/><U20/><E65/><V31/><F31/><W128/><G72/><T75/><D14/><U83/><E15/><V102/><F102/><W41/><G134/><T62/><D59/><U19/><E71/><V25/><F12/><N who="3" m="5143" /><G128/><T18/><D18/><U111/><E111/><V124/><F124/><W93/><G131/><T2/><D2/><U0/><E0/><V22/><F22/><W101/><G101/><T16/><D16/><U47/><E20/><V53/><F53/><W43/><G66/><T73/><D73/><RYUUKYOKU ba="0,0" sc="250,15,250,-15,250,15,250,-15" hai0="27,29,33,45,48,55,61,62,75,80" hai2="5,7,17,23,25,85,89" /><INIT seed="0,1,0,5,4,72" ten="265,235,265,235" oya="0" hai0="70,121,135,39,55,12,127,10,1,19,126,62,130" hai1="85,40,122,91,110,6,48,21,90,123,134,73,86" hai2="111,66,3,23,49,106,30,32,42,107,112,74,17" hai3="76,22,129,103,96,29,25,38,60,61,44,52,35"/><T109/><D121/><U89/><E110/><V2/><F112/><W118/><G118/><T63/><D39/><U0/><E134/><V31/><F32/><W7/><G129/><T43/><D135/><U28/><E73/><V92/><F111/><W11/><G35/><T14/><D43/><U77/><E0/><V108/><F108/><W78/><G38/><T117/><D117/><U104/><E104/><V15/><F74/><W87/><G87/><T68/><D109/><U5/><E122/><V4/><F66/><W57/><G61/><N who="0" m="23051" /><D1/><U124/><E124/><N who="0" m="47657" /><D130/><U101/><E101/><V125/><F125/><W99/><G44/><T102/><D102/><U69/><E69/><V83/><F2/><W53/><G53/><T81/><D81/><N who="1" m="47279" /><E86/><V67/><F83/><W26/><G26/><T56/><D14/><U95/><E95/><V128/><F92/><N who="3" m="58759" /><G99/><T98/><D98/><U18/><E28/><V24/><F3/><W36/><G36/><T27/><D27/><N who="1" m="14775" /><E123/><V58/><F128/><W9/><G7/><T113/><D113/><U41/><E41/><V75/><F75/><W8/><AGARI ba="1,0" hai="8,9,11,22,25,29,52,57,60,76,78" m="58759" machi="8" ten="30,7900,0" yaku="8,1,52,2,54,1" doraHai="72" who="3" fromWho="3" sc="265,-40,235,-21,265,-21,235,82" /><INIT seed="1,0,0,1,4,100" ten="225,214,244,317" oya="1" hai0="56,34,52,92,21,88,4,78,0,50,3,71,131" hai1="2,103,133,77,134,47,73,90,76,122,75,35,36" hai2="123,48,72,118,31,22,5,29,85,57,95,46,109" hai3="113,61,124,37,112,105,117,18,104,115,82,97,121"/><U80/><E35/><V12/><F72/><N who="1" m="27721" /><E2/><V53/><F118/><W68/><G37/><T24/><D34/><U98/><E36/><V40/><F123/><W70/><G121/><T51/><D71/><N who="3" m="27177" /><G97/><T84/><D131/><U107/><E47/><V38/><F109/><W127/><G117/><T8/><D78/><N who="1" m="30315" /><E122/><V89/><REACH who="2" step="1"/><F5/><REACH who="2" ten="225,214,234,317" step="2"/><W91/><G115/><T99/><D0/><U93/><E80/><V79/><F79/><W44/><G82/><T110/><D110/><U30/><E30/><V9/><F9/><W19/><G113/><T125/><D8/><U58/><E58/><V101/><F101/><W87/><G112/><T59/><D4/><U74/><E74/><V15/><F15/><W42/><G19/><AGARI ba="0,1" hai="12,19,22,29,31,38,40,46,48,53,57,85,89,95" machi="19" ten="40,8000,1" yaku="1,1,25,2,53,1" doraHai="100" doraHaiUra="55" who="2" fromWho="3" sc="225,0,214,0,234,90,317,-80" /><INIT seed="2,0,0,4,5,48" ten="225,214,324,237" oya="2" hai0="131,64,8,14,134,13,125,40,116,57,90,115,132" hai1="84,58,117,21,77,73,80,92,66,31,96,53,99" hai2="69,119,60,78,17,101,3,86,22,46,0,51,74" hai3="94,100,128,29,105,15,121,49,59,43,34,127,88"/><V71/><F119/><W102/><G121/><T1/><D115/><U47/><E117/><V87/><F101/><W24/><G105/><T130/><D116/><U103/><E66/><V54/><F74/><W36/><G128/><N who="0" m="49195" /><D40/><U63/><E47/><V23/><F23/><W20/><G36/><T4/><D90/><U37/><E37/><V33/><F33/><W98/><G127/><T11/><D64/><U108/><E108/><V70/><F60/><W91/><G91/><T61/><D61/><U68/><E68/><V12/><REACH who="2" step="1"/><F78/><REACH who="2" ten="225,214,314,237" step="2"/><W83/><G34/><T79/><D79/><U118/><E118/><V124/><F124/><W126/><G126/><T55/><D125/><U56/><E73/><V129/><F129/><W7/><G102/><T76/><D76/><U50/><E96/><V10/><F10/><W25/><G100/><T113/><D8/><U2/><E63/><V110/><F110/><W9/><G20/><T107/><D107/><U18/><E31/><V19/><F19/><W44/><G29/><T38/><D113/><U16/><E18/><V67/><F67/><W82/><G25/><T120/><D11/><U114/><E114/><V85/><AGARI ba="0,1" hai="0,3,12,17,22,46,51,54,69,70,71,85,86,87" machi="85" ten="40,7800,0" yaku="1,1,0,1,52,1,53,0" doraHai="48" doraHaiUra="72" who="2" fromWho="2" sc="225,-26,214,-26,314,88,237,-26" /><INIT seed="2,1,0,4,4,27" ten="199,188,402,211" oya="2" hai0="70,25,14,110,84,77,29,98,108,65,118,106,68" hai1="64,117,111,10,24,133,32,47,81,69,5,23,73" hai2="2,109,75,83,123,82,28,9,90,45,88,49,93" hai3="100,121,58,36,60,79,66,17,135,101,43,74,125"/><V44/><F123/><W21/><G121/><T30/><D118/><U34/><E117/><V87/><F109/><N who="0" m="42090" /><D25/><U37/><E111/><V3/><F28/><N who="0" m="10858" /><D65/><U92/><E133/><V51/><F75/><W99/><G66/><T52/><D14/><U131/><E92/><V120/><F120/><W96/><G125/><T115/><D115/><U114/><E131/><V116/><F116/><W63/><G135/><T126/><D126/><U103/><E103/><V8/><F93/><W129/><G101/><N who="0" m="62775" /><D52/><U46/><E64/><V105/><REACH who="2" step="1"/><F87/><REACH who="2" ten="199,188,392,211" step="2"/><W7/><G74/><T113/><D113/><U57/><E73/><V54/><F54/><W15/><G129/><T59/><D59/><U67/><E57/><V4/><F4/><W16/><G7/><T42/><D42/><U50/><E5/><V61/><F61/><W53/><G63/><T40/><D40/><U71/><E114/><V20/><F20/><W35/><G21/><T19/><D19/><U80/><E23/><V134/><F134/><W48/><G16/><T55/><D55/><U89/><E67/><V91/><F91/><W112/><G17/><T62/><D62/><U1/><E89/><V124/><F124/><W13/><G60/><T130/><D130/><U41/><E41/><V128/><F128/><W78/><G43/><T0/><D0/><U12/><E1/><V18/><F18/><W127/><G53/><T33/><D33/><U132/><E34/><V94/><F94/><W85/><G35/><T97/><D97/><U76/><E32/><V72/><F72/><W95/><G99/><T6/><D6/><RYUUKYOKU ba="1,1" sc="199,15,188,-15,392,15,211,-15" hai0="68,70,77,84" hai2="2,3,8,9,44,45,49,51,82,83,88,90,105" /><INIT seed="2,2,1,4,0,25" ten="214,173,407,196" oya="2" hai0="108,69,45,90,46,119,102,86,107,99,73,33,55" hai1="123,39,24,98,58,115,29,37,9,61,27,83,94" hai2="59,72,2,79,101,44,109,75,4,85,12,32,133" hai3="100,48,26,17,60,16,121,1,112,11,34,78,114"/><V67/><F2/><W6/><G78/><T106/><D106/><U30/><E115/><N who="3" m="44074" /><G100/><T132/><D69/><U49/><E123/><V22/><F32/><W0/><G60/><T52/><D33/><U124/><E124/><V62/><F133/><W7/><G48/><T87/><D132/><U95/><E49/><V23/><F101/><W10/><G121/><T18/><D108/><U8/><E61/><V56/><F109/><W66/><G66/><T64/><D64/><U97/><E83/><V93/><F56/><AGARI ba="2,1" hai="8,9,24,27,29,30,37,39,56,58,94,95,97,98" machi="56" ten="25,6400,0" yaku="22,2,52,2" doraHai="25" who="1" fromWho="2" sc="214,0,173,80,407,-70,196,0" /><INIT seed="3,0,0,1,2,68" ten="214,253,337,196" oya="3" hai0="121,75,119,33,122,88,93,77,90,54,86,105,4" hai1="15,34,84,58,10,22,102,99,128,50,118,20,96" hai2="129,18,64,3,112,133,49,82,117,132,63,35,62" hai3="116,130,126,81,61,38,47,135,91,55,120,42,98"/><W5/><G116/><T16/><D33/><U69/><E69/><V36/><F36/><W17/><G120/><T31/><D31/><U19/><E34/><V60/><F117/><W114/><G114/><T1/><D119/><U26/><E118/><V24/><F129/><W70/><G130/><T6/><D54/><U115/><E115/><V108/><F108/><W40/><G40/><T113/><D113/><U2/><E2/><V134/><F112/><W8/><G135/><T51/><D51/><U43/><E22/><N who="2" m="13399" /><F35/><W76/><G126/><T28/><D28/><U44/><E102/><V9/><F49/><W101/><G91/><T110/><D110/><U106/><E58/><N who="2" m="36887" /><F82/><W67/><G17/><T27/><D1/><U48/><E96/><V78/><F78/><W52/><G98/><T79/><D105/><U41/><E10/><V100/><F100/><W72/><G101/><T89/><D75/><U107/><E26/><V94/><F94/><W92/><REACH who="3" step="1"/><G92/><REACH who="3" ten="214,253,337,186" step="2"/><T11/><D93/><U13/><E99/><V53/><F134/><W23/><G23/><T104/><D122/><U29/><E20/><V87/><F133/><W74/><G74/><T45/><D121/><U71/><E128/><V57/><F132/><W125/><G125/><T39/><D16/><U21/><E43/><V127/><F127/><W12/><AGARI ba="0,1" hai="5,8,12,38,42,47,52,55,61,67,70,72,76,81" machi="12" ten="20,12000,1" yaku="1,1,0,1,7,1,52,1,54,1,53,0" doraHai="68" doraHaiUra="80" who="3" fromWho="3" sc="214,-40,253,-40,337,-40,186,130" owari="174,-32.6,213,-18.7,297,9.7,316,41.6" /></mjloggm>