<mjloggm ver="2.3"><GO type="225" lobby="0"/><UN n0="%E6%9A%87%E4%BA%BA%EF%BC%A0%E9%85%8D%E4%BF%A1%E5%9E%A2" n1="%70%6E%64%73%6E%67" n2="%E3%83%97%E3%83%AC%E3%83%B4%E3%82%A1%E3%83%86%E3%82%A3" n3="%E9%B3%B3%E6%9D%B1%E3%81%AE%E3%81%86%E3%81%95%E3%81%8E%E3%81%95%E3%82%93" dan="17,16,16,17" rate="2188.72,2096.23,2143.92,2218.29" sx="M,M,F,M"/><TAIKYOKU oya="0"/><INIT seed="0,0,0,1,2,47" ten="250,250,250,250" oya="0" hai0="91,80,61,51,35,40,52,44,58,79,36,53,71" hai1="20,121,106,98,45,116,64,14,75,31,89,74,117" hai2="19,102,41,123,17,107,42,133,83,82,21,56,39" hai3="37,97,68,100,95,90,63,60,109,84,0,23,131"/><T34/><D91/><U94/><E121/><V5/><F123/><W135/><G109/><T28/><D28/><U108/><E108/><V65/><F133/><W130/><G135/><T125/><D125/><U2/><E2/><V81/><F5/><W16/><G37/><T32/><D71/><U62/><E106/><V7/><F7/><W3/><G3/><T66/><REACH who="0" step="1"/><D36/><REACH who="0" ten="240,250,250,250" step="2"/><U43/><E31/><V76/><F39/><W120/><G120/><T103/><D103/><U99/><E117/><V48/><F76/><W115/><G68/><T118/><D118/><U129/><E116/><V105/><F102/><W124/><G124/><T114/><D114/><U9/><E89/><V22/><F105/><W122/><G115/><T96/><D96/><U25/><E99/><V73/><F107/><W6/><G122/><T88/><D88/><U128/><E98/><V55/><F73/><AGARI ba="0,1" hai="32,34,35,40,44,51,52,53,58,61,66,73,79,80" machi="73" ten="40,7700,0" yaku="1,1,52,1,54,1,53,0" doraHai="47" doraHaiUra="101" who="0" fromWho="2" sc="240,87,250,0,250,-77,250,0" /><INIT seed="0,1,0,3,5,62" ten="327,250,173,250" oya="0" hai0="4,102,38,46,93,118,55,42,135,25,41,119,113" hai1="49,115,48,91,116,114,130,15,89,6,54,87,53" hai2="21,82,3,78,128,33,7,59,74,95,105,36,43" hai3="103,88,108,90,127,104,76,50,121,109,52,112,122"/><T14/><D113/><N who="1" m="43019" /><E116/><V106/><F128/><W12/><G112/><T34/><D42/><U19/><E6/><V61/><F95/><W107/><G127/><T22/><D135/><U27/><E27/><V44/><F21/><W28/><G28/><T75/><D75/><U8/><E130/><V132/><F132/><W66/><G12/><T16/><D55/><N who="1" m="21003" /><E91/><N who="3" m="34858" /><G66/><T11/><REACH who="0" step="1"/><D34/><REACH who="0" ten="317,250,173,250" step="2"/><U5/><E5/><V77/><F33/><W47/><G52/><T125/><D125/><U73/><E73/><V10/><F77/><W32/><G76/><T17/><D17/><U124/><E124/><V30/><F30/><W80/><G32/><T20/><D20/><U67/><E67/><AGARI ba="1,1" hai="3,7,10,36,43,44,59,61,67,74,78,82,105,106" machi="67" ten="30,7700,0" yaku="7,1,25,2,52,1" doraHai="62" who="2" fromWho="1" sc="317,0,250,-80,173,90,250,0" /><INIT seed="1,0,0,2,3,114" ten="317,170,263,250" oya="1" hai0="107,23,74,22,79,29,103,126,116,135,91,6,32" hai1="7,2,40,78,108,33,28,41,52,3,50,131,11" hai2="71,4,58,62,101,115,21,34,122,42,57,20,54" hai3="121,94,82,19,89,95,106,16,112,39,36,9,110"/><U10/><E131/><V17/><F115/><W30/><G112/><T37/><D37/><U73/><E108/><V93/><F122/><W81/><G106/><T55/><D116/><U104/><E104/><V85/><F34/><W123/><G9/><T80/><D6/><U127/><E127/><V18/><F71/><W92/><G30/><T64/><D126/><U83/><E28/><V75/><F75/><W86/><G110/><T65/><D32/><U0/><E33/><V90/><F42/><W45/><G45/><T117/><D117/><U120/><E120/><V8/><F101/><W72/><G95/><T15/><D135/><U133/><E133/><V38/><F38/><W87/><G89/><T125/><D125/><U124/><E124/><V35/><F35/><W68/><G68/><T70/><D91/><U5/><REACH who="1" step="1"/><E0/><REACH who="1" ten="317,160,263,250" step="2"/><V102/><F102/><W44/><G44/><AGARI ba="0,1" hai="2,3,5,7,10,11,40,41,44,50,52,73,78,83" machi="44" ten="30,18000,2" yaku="1,1,2,1,7,1,9,1,54,1,53,1" doraHai="114" doraHaiUra="43" who="1" fromWho="3" sc="317,0,160,190,263,0,250,-180" /><INIT seed="1,1,0,5,1,14" ten="317,350,263,70" oya="1" hai0="40,85,70,95,27,43,13,92,91,29,37,117,101" hai1="67,88,79,126,42,111,32,23,132,75,109,89,49" hai2="12,69,133,39,1,48,50,103,135,63,107,55,78" hai3="71,51,11,47,56,16,73,22,9,104,86,58,83"/><U131/><E32/><V15/><F1/><W44/><G71/><T76/><D117/><U128/><E132/><N who="2" m="50763" /><F39/><W114/><G104/><T112/><D112/><U34/><E34/><V38/><F38/><W134/><G73/><T108/><D70/><U77/><E126/><V120/><F120/><W26/><G114/><T119/><D119/><U61/><E23/><V17/><F78/><N who="1" m="29705" /><E75/><V36/><F36/><W115/><G115/><T87/><D108/><N who="1" m="41547" /><E49/><V90/><F12/><N who="3" m="7199" /><G9/><T59/><D37/><U35/><E42/><V106/><F103/><W84/><G134/><T2/><D2/><U21/><E21/><N who="2" m="11455" /><F50/><W52/><G47/><T46/><D46/><U105/><E105/><V19/><F63/><W54/><G83/><T72/><D40/><U3/><E35/><V110/><F110/><W20/><G20/><T5/><D43/><U127/><E3/><V121/><F69/><W82/><G82/><T129/><D72/><U62/><E62/><V57/><F121/><W123/><G123/><T94/><D13/><U18/><E61/><V45/><F45/><W0/><G0/><T8/><D8/><U130/><E131/><V41/><F41/><W28/><G44/><T7/><D129/><U93/><E128/><V100/><F100/><W116/><G116/><T66/><D101/><U96/><E130/><V64/><F64/><W124/><G124/><T65/><D65/><U24/><E67/><V60/><F60/><AGARI ba="1,0" hai="22,26,28,51,52,54,56,58,60,84,86" m="7199" machi="60" ten="30,7700,0" yaku="8,1,52,1,54,2" doraHai="14" who="3" fromWho="2" sc="317,0,350,0,263,-80,70,80" /><INIT seed="2,0,0,1,2,95" ten="317,350,183,150" oya="2" hai0="41,42,30,124,73,81,68,35,128,19,12,121,56" hai1="0,65,16,112,117,57,79,108,52,59,104,80,60" hai2="101,89,83,75,33,105,119,110,9,70,24,15,67" hai3="11,4,88,8,111,58,10,127,66,116,47,109,94"/><V45/><F119/><W135/><G116/><T120/><D68/><U115/><E0/><V18/><F110/><N who="3" m="41995" /><G47/><T99/><D35/><U74/><E108/><V86/><F75/><W38/><G38/><T129/><D30/><U126/><E117/><V69/><F67/><W27/><G27/><T98/><D56/><U90/><E104/><V13/><F45/><W53/><G66/><T40/><D124/><U49/><E126/><V87/><F87/><W103/><G103/><T36/><D36/><U23/><REACH who="1" step="1"/><E90/><REACH who="1" ten="317,340,183,150" step="2"/><V78/><F89/><W55/><G127/><T102/><D102/><U28/><E28/><V125/><F125/><W22/><G135/><T122/><D128/><U25/><AGARI ba="0,1" hai="16,23,25,49,52,57,59,60,65,74,79,80,112,115" machi="25" ten="20,8000,1" yaku="1,1,0,1,7,1,54,2,53,0" doraHai="95" doraHaiUra="96" who="1" fromWho="1" sc="317,-20,340,90,183,-40,150,-20" /><INIT seed="3,0,0,2,1,58" ten="297,430,143,130" oya="3" hai0="13,100,31,42,67,35,68,122,102,48,78,7,106" hai1="80,23,25,1,126,56,65,116,118,24,92,74,125" hai2="32,77,64,0,61,73,134,117,45,52,60,131,49" hai3="111,62,5,53,51,3,115,47,88,21,57,22,27"/><W50/><G115/><T121/><D78/><N who="1" m="44119" /><E1/><V114/><F117/><W4/><G111/><T127/><D127/><N who="1" m="48651" /><E92/><V41/><F114/><W94/><G3/><T112/><D112/><U34/><E34/><V103/><F0/><W37/><G37/><T123/><D48/><N who="3" m="18473" /><G47/><T54/><D54/><U29/><E25/><V98/><F32/><W96/><G22/><T120/><D42/><U129/><E129/><V95/><F131/><W91/><G91/><T16/><D120/><U33/><E33/><V12/><F134/><W124/><G124/><T83/><D121/><U71/><E71/><V17/><F77/><W82/><G82/><T81/><D81/><U38/><E38/><V135/><F73/><W30/><AGARI ba="0,0" hai="4,5,21,27,30,53,57,62,88,94,96" m="18473" machi="30" ten="30,6000,0" yaku="8,1,52,1,54,1" doraHai="58" who="3" fromWho="3" sc="297,-20,430,-20,143,-20,130,60" /><INIT seed="3,1,0,5,5,115" ten="277,410,123,190" oya="3" hai0="72,133,82,79,47,73,127,90,64,134,95,53,105" hai1="99,68,2,131,65,23,62,120,126,51,116,128,135" hai2="13,66,36,21,57,29,122,104,59,5,85,84,63" hai3="110,61,107,96,83,49,41,33,80,12,81,70,27"/><W74/><G74/><N who="0" m="43383" /><D64/><U56/><E126/><V114/><F104/><W32/><G110/><T25/><D25/><U15/><E135/><N who="0" m="51721" /><D105/><U35/><E2/><V18/><F114/><W58/><G12/><T60/><D127/><U98/><E35/><V45/><F122/><W31/><G33/><T11/><D11/><U54/><E120/><V34/><F34/><W123/><G123/><T17/><D17/><N who="1" m="10687" /><E116/><V76/><F29/><W94/><G70/><T67/><D53/><U1/><E1/><V43/><F76/><W37/><G49/><T88/><D47/><U55/><E55/><V14/><F5/><W91/><G107/><T86/><D90/><U102/><E102/><V97/><F97/><W69/><G69/><AGARI ba="1,0" hai="60,67,69,72,73,86,88,95" m="51721,43383" machi="69" ten="30,2000,0" yaku="20,1,54,1" doraHai="115" who="0" fromWho="3" sc="277,23,410,0,123,0,190,-23" owari="300,10.0,410,51.0,123,-37.7,167,-23.3" /></mjloggm>