<mjloggm ver="2.3"><GO type="225" lobby="0"/><UN n0="%E3%81%B7%E3%82%8A%E3%82%93%E8%81%96%E4%BA%BA" n1="%E2%91%A3%E9%81%BF%E9%81%8A%E6%88%AF%E3%80%90%E6%9D%B1%E5%8D%97%E3%80%91" n2="%E3%81%82%E3%81%99%E3%81%AB%E3%82%83%E3%82%80" n3="%E3%82%B7%E3%83%B3%E3%83%9C%E3%83%AA%E3%83%AB%E3%83%89%E3%83%AB%E3%83%95" dan="16,16,16,17" rate="2131.67,2138.24,2019.27,2198.84" sx="M,M,F,M"/><TAIKYOKU oya="0"/><INIT seed="0,0,0,2,0,123" ten="250,250,250,250" oya="0" hai0="127,124,38,108,18,32,47,19,23,5,55,27,99" hai1="63,14,133,119,12,110,36,1,129,66,106,20,115" hai2="118,53,89,107,61,60,122,57,120,58,76,109,69" hai3="9,98,62,104,103,65,0,33,105,86,68,74,82"/><T42/><D5/><U4/><E14/><V2/><F2/><W67/><G86/><T13/><D32/><U46/><E12/><V95/><F107/><N who="3" m="63991" /><G67/><T51/><D99/><U131/><E20/><V59/><F76/><N who="3" m="44311" /><G33/><T116/><D116/><U30/><E30/><V37/><F37/><W96/><G96/><T113/><D113/><U54/><E106/><V114/><F114/><W85/><G85/><T93/><D93/><U52/><E4/><AGARI ba="0,0" hai="0,4,9,62,65,68,104,105" m="44311,63991" machi="4" ten="30,2000,0" yaku="33,2" doraHai="123" who="3" fromWho="1" sc="250,0,250,-20,250,0,250,20" /><INIT seed="1,0,0,2,3,32" ten="250,230,250,270" oya="1" hai0="93,3,101,65,97,127,55,100,96,8,132,84,81" hai1="125,14,78,51,49,119,27,42,114,58,62,116,74" hai2="83,50,13,31,135,35,98,23,79,40,34,108,63" hai3="133,24,22,86,6,12,128,70,45,25,122,38,36"/><U106/><E114/><V18/><F108/><W16/><G122/><T76/><D132/><U94/><E106/><V120/><F135/><W111/><G133/><T126/><D65/><U1/><E1/><V82/><F120/><W92/><G70/><T53/><D8/><U48/><E42/><V71/><F98/><W21/><G111/><T17/><D17/><U0/><E0/><V123/><F123/><W29/><G128/><T134/><D3/><U75/><E78/><V64/><F31/><W103/><G45/><T73/><D134/><U105/><E105/><V90/><F90/><W10/><REACH who="3" step="1"/><G86/><REACH who="3" ten="250,230,250,260" step="2"/><T5/><D84/><U102/><E75/><V104/><F71/><W68/><G68/><T7/><D7/><U69/><E74/><V87/><F87/><W117/><G117/><T54/><D5/><U56/><E69/><V37/><F79/><W115/><G115/><T131/><D131/><U110/><E110/><V43/><F37/><W95/><G95/><AGARI ba="0,1" hai="53,54,55,73,76,81,93,95,96,97,100,101,126,127" machi="95" ten="40,1300,0" yaku="9,1" doraHai="32" who="0" fromWho="3" sc="250,23,230,0,250,0,260,-13" /><INIT seed="2,0,0,2,0,126" ten="273,230,250,247" oya="2" hai0="33,66,96,24,103,122,90,0,53,127,63,118,37" hai1="83,94,84,80,56,133,65,78,75,51,4,106,86" hai2="25,115,54,92,113,23,43,20,82,102,134,128,13" hai3="79,87,62,14,108,19,5,97,67,34,31,125,104"/><V55/><F134/><W61/><G125/><T111/><D90/><U22/><E133/><V135/><F135/><W123/><G123/><T112/><D53/><U50/><E106/><V95/><F43/><W1/><G108/><T101/><D103/><U120/><E120/><V41/><F41/><W69/><G62/><T131/><D96/><U36/><E36/><V42/><F42/><W12/><G1/><T3/><D101/><U10/><E75/><V64/><F64/><W76/><G5/><T124/><D66/><U2/><E94/><V59/><F82/><W16/><G104/><T17/><D63/><U9/><E9/><V47/><F102/><W73/><G97/><T70/><D17/><U38/><E38/><V109/><F109/><W98/><G98/><T130/><D24/><U114/><E114/><V117/><F117/><W6/><G6/><T26/><D26/><U100/><E100/><V88/><F25/><W107/><G107/><T35/><D37/><U89/><E22/><V93/><F88/><W121/><G73/><T71/><D111/><U72/><E72/><V116/><F116/><W11/><G87/><T91/><D91/><U48/><REACH who="1" step="1"/><E65/><REACH who="1" ten="273,220,250,247" step="2"/><V99/><F23/><N who="3" m="11655" /><G121/><T74/><D74/><U39/><E39/><V132/><F20/><W60/><G34/><T27/><D122/><U110/><E110/><V81/><F132/><W77/><G31/><T46/><D112/><U49/><E49/><V7/><F113/><W44/><G61/><T45/><D27/><U29/><E29/><V105/><F115/><W58/><G69/><T28/><D28/><RYUUKYOKU ba="0,1" sc="273,10,220,10,250,-30,247,10" hai0="0,3,33,35,45,46,70,71,118,124,127,130,131" hai1="2,4,10,48,50,51,56,78,80,83,84,86,89" hai3="11,14,19,44,58,60,67,76,77,79" /><INIT seed="3,1,1,2,1,113" ten="283,230,220,257" oya="3" hai0="1,28,54,14,121,125,65,96,103,123,29,82,111" hai1="67,2,62,23,43,90,20,115,4,134,122,27,8" hai2="91,74,45,102,7,53,116,38,83,19,99,30,75" hai3="61,40,76,112,66,106,63,94,64,5,36,51,129"/><W48/><G106/><T68/><D1/><U3/><E115/><V105/><F116/><W95/><G76/><T109/><D82/><U77/><E122/><V46/><F30/><W126/><G112/><T78/><D78/><U60/><E134/><V56/><F7/><W118/><G5/><T79/><D79/><U127/><E127/><V132/><F132/><W42/><G126/><T31/><D125/><U80/><E2/><V0/><F0/><W37/><G129/><T70/><D54/><U32/><E90/><V15/><F75/><W21/><G21/><T108/><D14/><U11/><E11/><V110/><F110/><W9/><G9/><T17/><D17/><U33/><E43/><V26/><F26/><W97/><G97/><T16/><D16/><U104/><E104/><V120/><F38/><W88/><G88/><T52/><D52/><U49/><E49/><V18/><F18/><W89/><G89/><T131/><D131/><U81/><E81/><V41/><F41/><W57/><G57/><T22/><D22/><N who="1" m="8235" /><E27/><V73/><F120/><N who="0" m="46154" /><D65/><U24/><E24/><V6/><F6/><W124/><G124/><T59/><D59/><N who="1" m="37279" /><E62/><N who="2" m="36111" /><F73/><W72/><G72/><T133/><D133/><U135/><E135/><V34/><F34/><W44/><G44/><T130/><D130/><U114/><E114/><V119/><F74/><W85/><G85/><T92/><AGARI ba="1,1" hai="28,29,31,68,70,92,96,103,108,109,111" m="46154" machi="92" ten="40,1500,0" yaku="14,1" doraHai="113" who="0" fromWho="0" sc="283,28,230,-5,220,-5,257,-8" owari="311,41.1,225,-17.5,215,-28.5,249,4.9" /></mjloggm>