<mjloggm ver="2.3"><GO type="225" lobby="0"/><UN n0="%73%6C%69%63%6B%33%31%39" n1="%E5%8D%8D%E6%B1%A0%E8%A2%8B%E6%9C%80%E5%BC%B7%E5%8D%8D" n2="%E6%97%A5%E6%9B%9C%E6%97%A5%E3%82%88%E3%82%8A%E3%81%AE%E4%BD%BF%E8%80%85" n3="%E7%99%BD%E9%9B%AA%E4%B9%83%E6%84%9B" dan="16,16,18,16" rate="2192.82,2134.16,2180.70,2047.46" sx="M,M,M,F"/><TAIKYOKU oya="0"/><INIT seed="0,0,0,3,5,37" ten="250,250,250,250" oya="0" hai0="35,70,87,132,104,22,76,19,32,20,51,79,120" hai1="109,108,126,92,133,117,41,24,110,30,64,128,75" hai2="61,72,116,69,114,57,88,112,107,105,44,106,93" hai3="122,53,21,100,83,77,97,4,99,134,96,89,10"/><T43/><D120/><U84/><E117/><V28/><F69/><W71/><G71/><T26/><D70/><U125/><E75/><V0/><F0/><W46/><G134/><T81/><D104/><U38/><E133/><V123/><F123/><W34/><G122/><T58/><D132/><U8/><E8/><V78/><F28/><W111/><G34/><T52/><D79/><U101/><E128/><V98/><F116/><W23/><G111/><T121/><D121/><U113/><E113/><V103/><F44/><W55/><G89/><T135/><D135/><U12/><E64/><V7/><F7/><W95/><G97/><T25/><REACH who="0" step="1"/><D43/><REACH who="0" ten="240,250,250,250" step="2"/><U67/><E41/><V49/><F114/><W82/><G77/><T62/><D62/><U31/><E110/><V85/><F112/><W127/><G127/><T54/><D54/><U94/><E126/><V90/><F61/><W6/><G55/><T36/><D36/><U40/><E125/><V73/><F49/><W9/><G53/><T74/><D74/><N who="2" m="28778" /><F57/><W27/><G46/><T50/><D50/><U15/><E40/><V13/><F13/><W11/><G4/><T102/><D102/><U65/><E101/><V66/><F66/><W39/><G100/><T42/><D42/><U118/><E38/><V16/><F78/><W5/><G39/><T86/><D86/><U60/><E84/><V115/><F85/><W59/><G5/><T17/><AGARI ba="0,1" hai="17,19,20,22,25,26,32,35,51,52,58,76,81,87" machi="17" ten="20,12000,1" yaku="1,1,0,1,7,1,9,1,54,1,53,0" doraHai="37" doraHaiUra="129" who="0" fromWho="0" sc="240,130,250,-40,250,-40,250,-40" /><INIT seed="0,1,0,5,2,59" ten="370,210,210,210" oya="0" hai0="8,27,23,133,62,132,87,65,117,92,120,5,118" hai1="93,85,47,16,68,114,17,100,44,24,3,22,78" hai2="91,69,86,106,121,129,83,110,30,61,33,128,90" hai3="7,41,28,57,104,54,107,55,20,103,56,115,35"/><T79/><D79/><U105/><E105/><V98/><F121/><W9/><G115/><T126/><D87/><U72/><E3/><V95/><F106/><W19/><G41/><T116/><D92/><U34/><E72/><V70/><F110/><W0/><G103/><T39/><D39/><U76/><E34/><V15/><F15/><W67/><G67/><T122/><D126/><U32/><E32/><V1/><F1/><W109/><G109/><T48/><D48/><U11/><E68/><V63/><F70/><W49/><G28/><N who="0" m="17535" /><D62/><U80/><E78/><V36/><F36/><W50/><REACH who="3" step="1"/><G35/><REACH who="3" ten="370,210,210,200" step="2"/><T25/><D65/><U26/><E114/><V102/><F102/><W60/><G60/><T82/><D25/><AGARI ba="1,1" hai="0,7,9,19,20,25,49,50,54,55,56,57,104,107" machi="25" ten="30,3900,0" yaku="1,1,7,1,9,1,53,0" doraHai="59" doraHaiUra="29" who="3" fromWho="0" sc="370,-42,210,0,210,0,200,52" /><INIT seed="1,0,0,4,4,23" ten="328,210,210,252" oya="1" hai0="4,78,113,116,38,48,34,21,3,121,134,111,87" hai1="133,37,33,83,64,65,44,9,100,13,52,135,101" hai2="2,105,70,19,26,104,22,31,35,119,128,74,130" hai3="62,114,118,16,77,57,109,55,73,60,15,5,117"/><U131/><E131/><N who="2" m="50219" /><F119/><N who="3" m="45579" /><G109/><T32/><D113/><U75/><E33/><V51/><F74/><W29/><G5/><T106/><D106/><N who="2" m="41066" /><F70/><W12/><G114/><T72/><D38/><U82/><E37/><V39/><F39/><W122/><G29/><T88/><D116/><U132/><E65/><V94/><F2/><W96/><G96/><T110/><D121/><U102/><E64/><V49/><F94/><W58/><G122/><T28/><D72/><U129/><E129/><V120/><F120/><W84/><G16/><T127/><D78/><U61/><E75/><V11/><F11/><W42/><G42/><T81/><D3/><U59/><REACH who="1" step="1"/><E44/><REACH who="1" ten="328,200,210,252" step="2"/><V123/><F123/><W125/><G73/><T93/><D32/><U10/><E10/><V126/><F126/><W97/><G125/><T115/><D34/><U20/><E20/><V112/><F112/><W66/><G97/><T24/><D115/><U40/><E40/><V71/><F71/><W85/><G77/><T46/><D127/><U56/><E56/><V27/><AGARI ba="0,1" hai="19,22,26,27,31,35,49,51" m="41066,50219" machi="27" ten="40,5200,0" yaku="19,1,52,2" doraHai="23" who="2" fromWho="2" sc="328,-13,200,-26,210,62,252,-13" /><INIT seed="2,0,0,1,4,12" ten="315,174,272,239" oya="2" hai0="33,77,18,97,95,114,107,73,121,30,134,10,52" hai1="130,133,65,63,9,48,6,55,84,41,109,102,91" hai2="51,88,126,100,22,59,64,123,96,57,75,119,93" hai3="132,111,90,19,43,103,3,120,17,113,71,35,72"/><V49/><F119/><W129/><RYUUKYOKU type="yao9" ba="0,0" sc="315,0,174,0,272,0,239,0" hai3="3,17,19,35,43,71,72,90,103,111,113,120,129,132" /><INIT seed="2,1,0,3,2,118" ten="315,174,272,239" oya="2" hai0="80,92,117,4,50,74,111,68,134,23,71,65,15" hai1="36,106,64,108,3,121,57,9,32,101,123,75,26" hai2="31,126,115,35,128,12,2,122,11,99,110,43,37" hai3="97,79,132,33,135,45,49,96,29,114,103,93,87"/><V89/><F43/><W95/><G114/><T127/><D117/><U120/><E36/><V86/><F37/><W88/><G33/><T60/><D111/><U70/><E75/><V105/><F115/><W30/><G79/><T63/><D127/><U42/><E108/><V78/><F122/><W54/><REACH who="3" step="1"/><G97/><REACH who="3" ten="315,174,272,229" step="2"/><T107/><D74/><U7/><E42/><V0/><F78/><W102/><G102/><T24/><D107/><U53/><E101/><V125/><F99/><W59/><G59/><T27/><D68/><U5/><E106/><V47/><F105/><W25/><G25/><T38/><D24/><U76/><E76/><V129/><F110/><W72/><G72/><T67/><D71/><U51/><E70/><V91/><F126/><W113/><G113/><T61/><D27/><U20/><E32/><V83/><F125/><W112/><G112/><T41/><D134/><AGARI ba="1,1" hai="29,30,45,49,54,87,88,93,95,96,103,132,134,135" machi="134" ten="40,12000,2" yaku="1,1,20,1,54,1,53,3" doraHai="118" doraHaiUra="131" who="3" fromWho="0" sc="315,-123,174,0,272,0,229,133" /><INIT seed="3,0,0,4,5,109" ten="192,174,272,362" oya="3" hai0="48,65,107,118,1,22,100,119,67,98,82,79,2" hai1="4,24,127,47,93,54,97,88,117,112,92,63,125" hai2="84,133,105,36,57,81,129,31,42,30,35,115,3" hai3="29,123,69,51,14,46,77,20,8,33,90,104,13"/><W39/><G123/><T7/><D65/><U121/><E117/><V110/><F105/><W55/><G104/><T134/><D134/><U124/><E4/><V87/><F3/><W41/><G69/><T96/><D96/><U89/><E121/><V114/><F36/><W126/><G126/><T120/><D120/><U12/><E12/><V135/><F42/><W75/><G33/><T64/><D64/><U83/><E83/><V116/><F116/><W68/><G68/><T99/><D99/><U10/><E10/><V131/><F57/><W72/><G77/><T18/><D67/><U52/><E112/><N who="2" m="43051" /><F110/><W128/><G90/><T19/><D48/><N who="1" m="28703" /><E24/><N who="2" m="18887" /><F31/><W61/><G39/><T86/><D18/><U70/><E70/><V23/><F23/><W32/><G32/><T102/><D1/><U56/><E92/><V15/><F15/><W78/><G14/><T40/><D40/><U85/><E85/><N who="2" m="32843" /><F81/><W59/><G20/><T21/><D21/><U49/><E63/><V6/><F6/><W11/><G29/><T101/><D118/><U108/><E108/><V45/><F45/><W26/><G26/><T111/><D119/><U62/><E62/><V44/><F44/><W28/><G28/><T66/><D111/><U71/><E71/><V132/><AGARI ba="0,0" hai="129,131,132,133,135" m="32843,18887,43051" machi="132" ten="40,8000,1" yaku="20,1,52,3" doraHai="109" who="2" fromWho="2" sc="192,-20,174,-20,272,80,362,-40" owari="172,-22.8,154,-34.6,352,45.2,322,12.2" /></mjloggm>