<mjloggm ver="2.3"><GO type="225" lobby="0"/><UN n0="%6D%75%75%6D%75%72%61" n1="%E3%81%AF%E3%82%88%E3%81%8A%E3%81%98%E3%81%95%E3%82%93" n2="%72%69%6F%75%63%68%61%6E" n3="%48%61%61%61%6C%61%6E%64" dan="16,16,17,17" rate="2126.35,2181.26,2297.33,2254.97" sx="F,M,M,M"/><TAIKYOKU oya="0"/><INIT seed="0,0,0,4,3,34" ten="250,250,250,250" oya="0" hai0="39,21,43,83,110,94,30,113,75,132,76,91,6" hai1="48,99,44,37,7,90,11,111,129,80,41,19,96" hai2="104,62,85,2,118,25,67,134,114,112,66,130,108" hai3="126,14,93,52,13,38,63,122,131,88,105,124,123"/><T18/><D113/><U31/><E111/><V98/><F108/><W115/><G105/><T100/><D110/><U107/><E129/><V70/><F134/><W119/><G38/><T26/><D132/><U60/><E31/><V57/><F130/><W65/><G119/><T89/><D6/><U42/><E19/><V95/><F118/><W69/><G115/><T109/><D109/><U79/><E107/><V12/><F2/><W45/><G131/><T55/><D39/><U116/><E116/><V71/><F12/><N who="3" m="4715" /><G45/><T84/><D43/><U15/><E90/><V9/><F9/><W28/><G28/><T128/><D128/><U58/><E41/><V103/><F25/><W87/><G52/><T17/><D100/><U78/><E37/><V82/><F104/><W101/><G101/><T29/><D29/><U16/><E7/><V0/><F0/><W24/><G24/><T64/><D64/><U4/><E4/><V8/><F8/><W73/><G73/><T51/><REACH who="0" step="1"/><D89/><REACH who="0" ten="240,250,250,250" step="2"/><U32/><E32/><V27/><F67/><W3/><G3/><T61/><D61/><U77/><E80/><V40/><F40/><W121/><AGARI ba="0,1" hai="63,65,69,87,88,93,121,122,123,124,126" m="4715" machi="121" ten="40,2700,0" yaku="13,1,54,1" doraHai="34" who="3" fromWho="3" sc="240,-13,250,-7,250,-7,250,37" /><INIT seed="1,0,0,1,0,50" ten="227,243,243,287" oya="1" hai0="45,109,113,49,133,75,102,37,61,125,6,58,122" hai1="66,91,5,95,85,126,135,88,23,48,119,83,56" hai2="40,65,117,62,10,89,20,130,7,84,96,22,1" hai3="132,54,110,29,129,114,38,111,60,108,112,68,35"/><U32/><E32/><V99/><F130/><W30/><G129/><T46/><D113/><N who="3" m="43625" /><G132/><T51/><D75/><U26/><E119/><V79/><F117/><W36/><G35/><T53/><D133/><U31/><E126/><V80/><F40/><W127/><G127/><T115/><D125/><U106/><E106/><V124/><F124/><W100/><G100/><T8/><D115/><U72/><E135/><V57/><REACH who="2" step="1"/><F99/><REACH who="2" ten="227,243,233,287" step="2"/><W105/><G110/><T93/><D109/><U15/><E72/><V90/><F90/><W39/><G111/><T52/><D37/><U25/><E91/><V21/><F21/><W13/><G38/><T69/><D122/><U9/><E23/><V70/><F70/><W42/><G68/><T12/><D69/><U14/><E88/><V41/><F41/><W107/><G42/><T82/><D82/><U64/><E83/><V0/><F0/><W19/><G39/><T121/><D121/><U77/><E77/><V86/><F86/><W134/><G36/><T97/><REACH who="0" step="1"/><D61/><REACH who="0" ten="217,243,233,287" step="2"/><U59/><E48/><V98/><F98/><W28/><G108/><T74/><D74/><U4/><E85/><V11/><F11/><N who="3" m="6591" /><G134/><T71/><D71/><U55/><E9/><V131/><F131/><W16/><G60/><T120/><D120/><U34/><E34/><V17/><F17/><W104/><G16/><T123/><D123/><U87/><E87/><V43/><F43/><W81/><G81/><T92/><D92/><AGARI ba="0,2" hai="1,7,10,20,22,57,62,65,79,80,84,89,92,96" machi="92" ten="40,2600,0" yaku="1,1,53,1" doraHai="50" doraHaiUra="33" who="2" fromWho="0" sc="217,-26,243,0,233,46,287,0" /><INIT seed="2,0,0,5,2,127" ten="191,243,279,287" oya="2" hai0="62,30,12,58,49,117,56,103,108,31,131,48,114" hai1="65,74,72,70,39,102,112,60,46,66,14,77,122" hai2="35,27,19,55,109,76,125,101,38,25,96,111,78" hai3="99,98,50,71,24,94,100,28,45,0,126,120,64"/><V135/><F135/><W69/><G120/><T95/><D114/><U47/><E112/><V59/><F125/><W129/><G126/><T82/><D108/><N who="2" m="41546" /><F38/><W124/><G124/><T105/><D117/><U22/><E122/><V104/><F19/><W40/><G0/><T88/><D131/><U2/><E2/><V21/><F35/><W110/><G110/><T17/><D105/><U10/><E102/><V7/><F7/><W5/><G5/><T86/><D30/><U116/><E116/><V52/><F55/><W118/><G118/><T133/><D31/><U73/><E39/><V113/><F113/><W85/><G129/><T9/><D133/><U6/><E65/><V92/><F104/><W13/><G64/><T80/><D56/><U83/><REACH who="1" step="1"/><E22/><REACH who="1" ten="191,233,279,287" step="2"/><V87/><F21/><W18/><G100/><T36/><D36/><U51/><E51/><N who="0" m="19529" /><D103/><U132/><E132/><V32/><F32/><W16/><G50/><T107/><D107/><U42/><E42/><V81/><F76/><W34/><G40/><T75/><D75/><AGARI ba="0,1" hai="6,10,14,46,47,60,66,70,72,73,74,75,77,83" machi="75" ten="40,8000,1" yaku="1,1,53,4" doraHai="127" doraHaiUra="106" who="1" fromWho="0" sc="191,-80,233,90,279,0,287,0" /><INIT seed="3,0,0,1,4,107" ten="111,323,279,287" oya="3" hai0="27,126,23,28,81,44,93,135,124,42,11,58,19" hai1="31,131,62,98,3,101,84,75,83,99,14,47,39" hai2="26,30,134,45,6,117,103,48,55,96,2,80,50" hai3="113,25,65,20,32,54,133,77,17,9,87,122,15"/><W13/><G113/><T8/><D135/><U68/><E3/><V127/><F117/><W41/><G122/><T100/><D124/><U120/><E75/><V35/><F134/><W57/><G133/><T61/><D81/><U121/><E98/><V70/><F127/><W78/><G41/><T33/><D126/><U106/><E131/><V79/><F70/><W85/><G65/><T63/><D33/><U115/><E115/><V24/><F26/><W91/><G32/><T56/><D19/><U40/><E31/><V71/><F71/><W132/><G15/><T94/><D42/><U109/><E109/><V119/><F119/><W51/><G132/><T92/><D44/><U88/><E14/><V129/><F129/><W95/><REACH who="3" step="1"/><G85/><REACH who="3" ten="111,323,279,277" step="2"/><T116/><D116/><U1/><E1/><V16/><F2/><W69/><G69/><T86/><D86/><U90/><E68/><V53/><F6/><AGARI ba="0,1" hai="6,9,13,17,20,25,51,54,57,77,78,87,91,95" machi="6" ten="30,5800,0" yaku="1,1,7,1,8,1,53,0" doraHai="107" doraHaiUra="125" who="3" fromWho="2" sc="111,0,323,0,279,-58,277,68" owari="111,-38.9,323,12.3,221,-17.9,345,44.5" /></mjloggm>