<mjloggm ver="2.3"><GO type="225" lobby="0"/><UN n0="%E3%81%B5%E3%81%98%E3%81%8B%E3%81%A4" n1="%E3%81%99%E3%81%84%E3%81%BE%E3%81%9B%E3%83%BC%E3%82%93" n2="%E3%81%82%E3%81%B9%E3%81%99%E3%81%91" n3="%6D%61%74%69%67%75%73%61" dan="16,17,16,17" rate="2119.74,2262.54,2092.93,2175.94" sx="M,M,M,M"/><TAIKYOKU oya="0"/><INIT seed="0,0,0,2,5,2" ten="250,250,250,250" oya="0" hai0="109,11,20,15,56,132,87,68,54,60,106,114,92" hai1="63,57,122,131,8,124,59,98,97,16,112,43,93" hai2="66,37,34,10,47,133,135,12,5,64,67,22,108" hai3="28,75,83,33,78,125,40,113,79,6,80,65,69"/><T14/><D114/><U35/><E122/><V103/><F34/><W73/><G113/><T76/><D106/><U107/><E112/><V49/><F108/><W21/><G125/><T17/><D109/><U61/><E35/><V38/><F103/><W46/><G33/><T44/><D132/><N who="2" m="50762" /><F22/><W18/><G28/><T72/><D72/><U45/><E124/><V32/><F32/><W48/><G65/><N who="2" m="16641" /><V50/><DORA hai="123" /><F50/><W86/><G86/><T71/><D44/><U128/><E107/><V26/><F26/><W94/><G94/><T29/><D29/><U89/><E98/><V111/><F111/><W7/><G69/><T55/><D55/><AGARI ba="0,0" hai="5,10,12,37,38,47,49,55" m="16641,50762" machi="55" ten="40,2600,0" yaku="20,1,52,1" doraHai="2,123" who="2" fromWho="0" sc="250,-26,250,0,250,26,250,0" /><INIT seed="1,0,0,0,4,104" ten="224,250,276,250" oya="1" hai0="125,101,36,108,116,14,74,107,28,63,46,34,114" hai1="92,18,95,71,35,51,79,61,42,16,24,68,33" hai2="40,49,131,38,81,23,85,77,84,27,73,135,132" hai3="96,72,4,93,29,6,66,57,121,103,56,75,17"/><U44/><E79/><V91/><F131/><W97/><G121/><T0/><RYUUKYOKU type="yao9" ba="0,0" sc="224,0,250,0,276,0,250,0" hai0="0,14,28,34,36,46,63,74,101,107,108,114,116,125" /><INIT seed="1,1,0,3,1,86" ten="224,250,276,250" oya="1" hai0="14,109,131,66,9,46,43,1,82,24,57,21,129" hai1="126,60,87,12,107,81,105,25,113,10,115,85,61" hai2="97,11,15,40,79,27,30,0,125,123,55,78,16" hai3="53,101,72,84,32,31,37,119,112,45,28,134,4"/><U110/><E126/><V106/><F123/><W22/><G72/><T7/><D82/><U58/><E110/><V51/><F125/><W88/><G112/><T17/><D109/><U90/><E60/><V132/><F40/><W56/><G32/><T130/><D57/><U47/><E47/><V41/><F41/><W91/><G101/><T108/><D66/><U20/><E87/><V26/><F0/><W5/><G134/><T38/><REACH who="0" step="1"/><D108/><REACH who="0" ten="214,250,276,250" step="2"/><U8/><E115/><V49/><F79/><W39/><G56/><T94/><D94/><U50/><E113/><V99/><F78/><W80/><G80/><T117/><D117/><U73/><E73/><V103/><F106/><W118/><G119/><T135/><D135/><U70/><E107/><V18/><F132/><W75/><G75/><T122/><D122/><U83/><E105/><V104/><F104/><W23/><G118/><T44/><D44/><U120/><E83/><V133/><F133/><W34/><G45/><T52/><D52/><N who="1" m="32023" /><E120/><V121/><F55/><W29/><G53/><T102/><D102/><U77/><E77/><V63/><F103/><W19/><G91/><T127/><D127/><U96/><E90/><V128/><F121/><W33/><G88/><T64/><D64/><U124/><E124/><V74/><F74/><W59/><G59/><T54/><D54/><U36/><E81/><V89/><F89/><W68/><G84/><T111/><D111/><U98/><E85/><V93/><F93/><W13/><G68/><T114/><D114/><U100/><E70/><V62/><F99/><W69/><G69/><RYUUKYOKU ba="1,1" sc="214,30,250,-10,276,-10,250,-10" hai0="1,7,9,14,17,21,24,38,43,46,129,130,131" /><INIT seed="2,2,1,3,0,130" ten="244,240,266,240" oya="2" hai0="29,116,107,25,98,123,122,44,71,118,135,38,8" hai1="18,91,3,54,134,12,27,40,53,85,86,66,119" hai2="34,0,46,72,19,128,76,74,32,13,127,36,42" hai3="129,78,49,106,65,109,88,48,105,112,73,21,17"/><V50/><F128/><W26/><G129/><T2/><D71/><U81/><E119/><N who="0" m="45609" /><D135/><U102/><E3/><V67/><F127/><W57/><G109/><T101/><D44/><U15/><E134/><V125/><F67/><W9/><G73/><T84/><D84/><U100/><E66/><V115/><F115/><W104/><G78/><T62/><D62/><U82/><E40/><V47/><F125/><W10/><G112/><T39/><D8/><U41/><E41/><V120/><F0/><W4/><G10/><T113/><D2/><U132/><E132/><V63/><F120/><N who="0" m="46122" /><D113/><U56/><E27/><V75/><F63/><W79/><G79/><T93/><D93/><U22/><E12/><V37/><F76/><W31/><G65/><T124/><D124/><U16/><E18/><V114/><F114/><W51/><G17/><T92/><D92/><U131/><E131/><V87/><F87/><W23/><G57/><T83/><D83/><U6/><E6/><V35/><REACH who="2" step="1"/><F47/><REACH who="2" ten="244,240,256,240" step="2"/><W95/><G4/><T70/><D70/><U24/><E86/><V96/><F96/><W43/><G43/><T45/><D45/><U90/><E85/><V55/><F55/><W11/><REACH who="3" step="1"/><G21/><AGARI ba="2,2" hai="21,25,29,38,39,98,101,107" m="46122,45609" machi="21" ten="30,1000,0" yaku="12,1" doraHai="130" who="0" fromWho="3" sc="244,36,240,0,256,0,240,-16" /><AGARI ba="2,0" hai="13,19,21,32,34,35,36,37,42,46,50,72,74,75" machi="21" ten="50,2400,0" yaku="1,1,53,0" doraHai="130" doraHaiUra="110" who="2" fromWho="3" sc="280,0,240,0,256,24,224,-24" /><INIT seed="2,3,0,3,1,57" ten="280,240,280,200" oya="2" hai0="53,114,89,98,76,124,72,4,87,5,121,126,85" hai1="21,101,8,107,43,123,103,77,118,105,60,65,111" hai2="119,83,78,93,67,50,45,0,47,2,135,120,30" hai3="95,42,9,33,46,14,116,62,122,128,130,113,80"/><V74/><F119/><W24/><G116/><T54/><D121/><U79/><E118/><V88/><F120/><W11/><G122/><T104/><D114/><U92/><E123/><V55/><F135/><W20/><G33/><T27/><D72/><U133/><E133/><V38/><F67/><W110/><G110/><T52/><D76/><U40/><E111/><V102/><F102/><W34/><G34/><T66/><D66/><U1/><E21/><V39/><F30/><W32/><G32/><T61/><D27/><U99/><E79/><V112/><F112/><W63/><G113/><T44/><D44/><U36/><E77/><V106/><F106/><W86/><G95/><N who="0" m="56687" /><D104/><U48/><E36/><V37/><REACH who="2" step="1"/><F47/><REACH who="2" ten="280,240,270,200" step="2"/><W132/><G132/><T49/><D126/><U7/><E103/><V26/><F26/><W56/><G56/><N who="0" m="34967" /><D124/><U10/><E107/><V25/><F25/><W69/><G69/><T13/><D13/><U129/><E105/><V109/><F109/><W22/><G14/><T84/><D53/><U19/><E65/><V23/><F23/><W125/><G125/><T127/><D127/><U17/><E101/><V94/><F94/><W81/><G24/><T91/><D52/><U96/><E92/><V18/><F18/><W51/><G46/><T100/><D100/><U68/><E17/><V35/><F35/><W71/><G71/><T134/><D134/><U90/><E19/><V73/><F73/><W82/><G42/><T16/><D16/><U12/><E68/><V131/><F131/><W15/><G15/><T58/><D91/><U97/><E90/><RYUUKYOKU ba="3,1" sc="280,15,240,-15,270,15,200,-15" hai0="4,5,49,58,84,85,87" hai2="0,2,37,38,39,45,50,55,74,78,83,88,93" /><INIT seed="2,4,1,5,2,114" ten="295,225,285,185" oya="2" hai0="50,36,81,54,100,77,55,65,62,74,69,38,93" hai1="109,30,8,90,25,39,61,67,116,64,112,70,113" hai2="3,101,115,48,52,87,134,4,106,10,27,99,83" hai3="51,21,56,104,57,79,14,63,88,131,2,82,42"/><V122/><F115/><W75/><G131/><T59/><D100/><U102/><E116/><V73/><F134/><W60/><G2/><T124/><D124/><U7/><E109/><V68/><F68/><W17/><G104/><T94/><D94/><U66/><E39/><V19/><F73/><W44/><G60/><T107/><D107/><U45/><E45/><V53/><F122/><W105/><G105/><T40/><D93/><U119/><E119/><V47/><F19/><W33/><G33/><T118/><D118/><U23/><E102/><V125/><F27/><W43/><G43/><T91/><D91/><U15/><E67/><V84/><F125/><W72/><G72/><T20/><D20/><U6/><E66/><V9/><F10/><W86/><REACH who="3" step="1"/><G63/><REACH who="3" ten="295,225,285,175" step="2"/><T96/><D40/><U127/><E127/><V58/><REACH who="2" step="1"/><F83/><AGARI ba="4,2" hai="14,17,21,42,44,51,56,57,75,79,82,83,86,88" machi="83" ten="30,7700,0" yaku="1,1,2,1,7,1,54,1,53,0" doraHai="114" doraHaiUra="135" who="3" fromWho="2" sc="295,0,225,0,285,-89,175,109" /><INIT seed="3,0,0,5,4,96" ten="295,225,196,284" oya="3" hai0="9,20,125,101,93,74,2,1,114,30,104,43,91" hai1="122,120,56,119,95,54,0,103,64,70,132,45,62" hai2="5,80,19,79,25,36,109,112,81,12,135,22,106" hai3="110,83,63,28,78,69,29,113,65,66,49,59,116"/><W67/><G113/><T26/><D74/><U105/><E105/><V88/><F112/><W27/><G116/><T117/><D114/><U50/><E0/><V73/><F135/><W31/><G110/><T134/><D117/><U3/><E3/><V76/><F109/><W121/><G121/><T111/><D134/><U35/><E35/><V4/><F36/><W52/><REACH who="3" step="1"/><G27/><REACH who="3" ten="295,225,196,274" step="2"/><T39/><D111/><U127/><E119/><V10/><F106/><W126/><G126/><T7/><D104/><U46/><E127/><V38/><F38/><W61/><G61/><T102/><D125/><U15/><E122/><V128/><F128/><W130/><G130/><T40/><D39/><U85/><E120/><V57/><F57/><W34/><G34/><T77/><D26/><U53/><E56/><V86/><REACH who="2" step="1"/><F79/><REACH who="2" ten="295,225,186,274" step="2"/><W32/><G32/><T6/><D77/><U129/><E129/><V51/><F51/><W124/><G124/><T13/><D1/><U68/><E50/><V14/><F14/><W75/><AGARI ba="0,2" hai="28,29,31,49,52,59,63,65,66,67,69,75,78,83" machi="75" ten="30,6000,0" yaku="1,1,0,1,54,1,53,0" doraHai="96" doraHaiUra="98" who="3" fromWho="3" sc="295,-20,225,-20,186,-20,274,80" owari="275,7.5,205,-19.5,166,-33.4,354,45.4" /></mjloggm>