<mjloggm ver="2.3"><GO type="225" lobby="0"/><UN n0="%6D%75%75%6D%75%72%61" n1="%E5%A4%96%E5%B7%9D%E7%AB%9C%E6%88%90" n2="%74%61%6B%65%2D%79%6F%75" n3="%72%61%6B%33" dan="16,16,17,18" rate="2201.99,2215.28,2138.96,2263.56" sx="F,M,M,M"/><TAIKYOKU oya="0"/><INIT seed="0,0,0,5,3,106" ten="250,250,250,250" oya="0" hai0="80,53,20,46,25,37,135,72,10,43,99,93,98" hai1="9,83,102,7,129,24,19,105,28,92,48,97,49" hai2="128,88,110,2,39,122,85,117,13,33,61,113,130" hai3="116,50,131,75,132,38,94,114,16,36,52,125,60"/><T127/><D127/><U91/><E129/><N who="2" m="49771" /><F122/><W29/><G114/><T121/><D121/><U123/><E123/><V51/><F113/><W0/><G116/><T115/><D115/><U30/><E83/><V57/><F39/><W71/><G0/><T58/><D135/><U95/><E105/><V101/><F2/><W12/><G131/><T18/><D10/><U73/><E73/><V4/><F117/><W108/><G75/><T27/><D27/><U23/><E28/><V126/><F126/><W26/><G108/><T79/><REACH who="0" step="1"/><D93/><REACH who="0" ten="240,250,250,250" step="2"/><U40/><E30/><V21/><F110/><W74/><G94/><T103/><D103/><U42/><E95/><V112/><F101/><W14/><G125/><T119/><D119/><U86/><E102/><V59/><F112/><W69/><G132/><T8/><D8/><U31/><E97/><V17/><F4/><W5/><G5/><T84/><D84/><U111/><E31/><V6/><F85/><W45/><G26/><T133/><D133/><U41/><REACH who="1" step="1"/><E111/><REACH who="1" ten="240,240,250,250" step="2"/><V100/><F100/><W118/><G29/><T82/><D82/><U65/><E65/><V76/><F6/><W64/><G64/><T87/><D87/><U104/><E104/><V62/><F17/><W47/><G16/><T55/><D55/><U34/><E34/><V15/><F33/><W107/><G52/><T67/><D67/><U134/><E134/><V68/><F21/><W109/><G107/><T56/><D56/><U90/><E90/><V32/><F88/><W120/><G109/><T89/><D89/><U3/><AGARI ba="0,2" hai="3,7,9,19,23,24,40,41,42,48,49,86,91,92" machi="3" ten="30,4000,0" yaku="1,1,0,1,53,1" doraHai="106" doraHaiUra="1" who="1" fromWho="1" sc="240,-20,240,60,250,-10,250,-10" /><INIT seed="1,0,0,2,4,17" ten="220,300,240,240" oya="1" hai0="6,133,51,44,54,45,113,24,58,77,80,56,89" hai1="12,38,124,22,55,13,114,132,42,63,57,70,28" hai2="108,18,49,90,61,1,95,97,112,115,88,20,87" hai3="46,116,60,47,59,34,72,101,53,105,67,83,96"/><U74/><E114/><N who="2" m="43563" /><F108/><W99/><G116/><T126/><D113/><U104/><E74/><V35/><F35/><W127/><G127/><T33/><D126/><U128/><E124/><V43/><F1/><W131/><G131/><T62/><D133/><U71/><E104/><V93/><F61/><W3/><G3/><T98/><D6/><U15/><E128/><V134/><F134/><W5/><G5/><T121/><D121/><U106/><E106/><V123/><F123/><W68/><G34/><T30/><D89/><U14/><E132/><V85/><F43/><W91/><G99/><T23/><D98/><U9/><E42/><V2/><F2/><W79/><G91/><T0/><D0/><U8/><E38/><V78/><F49/><AGARI ba="0,0" hai="46,47,49,53,59,60,67,68,72,79,83,96,101,105" machi="49" ten="30,1000,0" yaku="7,1" doraHai="17" who="3" fromWho="2" sc="220,0,300,0,240,-10,240,10" /><INIT seed="2,0,0,2,1,90" ten="220,300,230,250" oya="2" hai0="84,123,88,63,15,86,26,71,45,66,104,36,124" hai1="112,93,56,38,120,113,89,96,40,14,125,6,76" hai2="98,72,110,47,82,31,97,105,77,80,135,95,29" hai3="11,129,121,103,9,28,43,99,42,51,122,35,108"/><V94/><F47/><W114/><G108/><T30/><D123/><U20/><E120/><V52/><F110/><W59/><G129/><T0/><D0/><U68/><E68/><V130/><F130/><W117/><G117/><T21/><D124/><U49/><E76/><N who="2" m="44039" /><F52/><W69/><G69/><T58/><D104/><U19/><E125/><V12/><F12/><W64/><G114/><T8/><D71/><U87/><E6/><V132/><F29/><W34/><G64/><T25/><D25/><U75/><E75/><N who="2" m="43327" /><F31/><W109/><G109/><T74/><D74/><U23/><E23/><V127/><F127/><W131/><G131/><T116/><D116/><U44/><E96/><N who="2" m="36971" /><F105/><W85/><G34/><T18/><D36/><U126/><E126/><V55/><F55/><AGARI ba="0,0" hai="14,19,20,38,40,44,49,55,56,87,89,93,112,113" machi="55" ten="40,5200,0" yaku="25,2,52,1" doraHai="90" who="1" fromWho="2" sc="220,0,300,52,230,-52,250,0" /><INIT seed="3,0,0,3,4,125" ten="220,352,178,250" oya="3" hai0="13,36,103,76,62,110,38,123,65,111,80,131,5" hai1="6,70,84,0,10,55,71,121,23,85,82,69,129" hai2="107,32,14,72,24,9,48,96,42,133,3,4,12" hai3="28,104,77,81,33,83,66,63,79,51,21,1,95"/><W88/><G104/><T86/><D123/><U47/><E121/><V29/><F72/><W57/><G1/><T73/><D131/><U124/><E129/><V35/><F133/><W101/><G33/><T112/><D112/><U20/><E124/><V118/><F118/><W37/><G37/><T130/><D130/><U61/><E85/><V106/><F32/><W40/><G101/><T22/><D103/><U113/><E113/><V50/><F96/><W27/><G81/><T134/><D134/><U92/><E92/><V114/><F114/><W8/><G8/><N who="0" m="4239" /><D22/><U93/><E93/><V26/><F26/><W7/><G7/><T19/><D19/><U54/><E61/><V74/><F74/><W90/><G83/><T49/><D49/><U116/><E47/><V56/><F12/><W135/><G135/><T100/><D100/><U91/><E116/><V75/><F75/><W128/><G128/><T120/><D73/><U43/><E43/><V97/><F97/><W87/><REACH who="3" step="1"/><G90/><REACH who="3" ten="220,352,178,240" step="2"/><T108/><D120/><U98/><E0/><V127/><F127/><W68/><G68/><AGARI ba="0,1" hai="36,38,62,65,68,76,80,86,108,110,111" m="4239" machi="68" ten="30,1000,0" yaku="14,1" doraHai="125" who="0" fromWho="3" sc="220,20,352,0,178,0,240,-10" owari="240,4.0,352,45.2,178,-32.2,230,-17.0" /></mjloggm>