<mjloggm ver="2.3"><GO type="225" lobby="0"/><UN n0="%72%69%6F%75%63%68%61%6E" n1="%E3%81%86%E3%82%8C%E3%81%9F%E3%82%93%E6%9E%95" n2="%74%61%6B%75%61%6B%61" n3="%E5%AE%AE%E4%BF%9D%E9%B6%8F%E8%82%89" dan="16,16,17,16" rate="2148.58,2181.48,2266.88,2138.31" sx="M,F,M,M"/><TAIKYOKU oya="0"/><INIT seed="0,0,0,0,1,47" ten="250,250,250,250" oya="0" hai0="39,55,54,129,44,115,35,123,65,77,31,2,133" hai1="9,127,64,122,16,101,113,22,34,93,15,3,56" hai2="1,84,0,23,95,73,4,71,10,52,82,108,74" hai3="41,45,91,5,20,102,69,18,111,26,21,130,124"/><T42/><D115/><U125/><E122/><V80/><F0/><W98/><G69/><T68/><D123/><U28/><E113/><V128/><F108/><W70/><G70/><T29/><D2/><U86/><E64/><V104/><F104/><W94/><G111/><T53/><D129/><U8/><E56/><V17/><F71/><W120/><G124/><N who="1" m="47690" /><E101/><V89/><F128/><W7/><G130/><T60/><D133/><U50/><E50/><V24/><F80/><W51/><G120/><T79/><REACH who="0" step="1"/><D35/><REACH who="0" ten="240,250,250,250" step="2"/><U61/><E34/><V110/><F110/><W33/><G33/><T96/><D96/><U13/><E3/><V106/><F106/><W49/><G102/><T126/><D126/><U99/><E99/><V112/><F112/><W81/><G81/><T62/><D62/><U118/><E61/><V121/><F82/><W67/><G67/><T66/><D66/><U116/><E116/><V37/><F121/><W100/><G100/><T58/><D58/><U40/><E118/><V32/><F32/><W132/><G132/><T43/><D43/><U76/><E40/><V27/><F1/><W114/><G114/><T78/><AGARI ba="0,1" hai="29,31,39,42,44,53,54,55,60,65,68,77,78,79" machi="78" ten="30,3000,0" yaku="1,1,0,1,53,0" doraHai="47" doraHaiUra="11" who="0" fromWho="0" sc="240,40,250,-10,250,-10,250,-10" /><INIT seed="0,1,0,3,0,85" ten="280,240,240,240" oya="0" hai0="64,30,133,58,3,7,36,53,132,80,125,108,116" hai1="0,113,69,87,134,89,83,9,17,111,28,118,8" hai2="37,44,61,102,47,91,84,12,130,23,94,39,10" hai3="96,45,48,107,52,63,16,99,60,13,50,115,1"/><T86/><D116/><U11/><E118/><V100/><F130/><W131/><G131/><T104/><D104/><U92/><E111/><V31/><F37/><W90/><G115/><T93/><D36/><U41/><E134/><N who="0" m="51817" /><D125/><U62/><E113/><V42/><F47/><N who="3" m="27679" /><G1/><T56/><D30/><U20/><E41/><V98/><F61/><N who="3" m="23627" /><G90/><N who="0" m="51527" /><D64/><U15/><E0/><V95/><F31/><W114/><G107/><T70/><D70/><U5/><E28/><V55/><F55/><N who="3" m="30159" /><G114/><T105/><D105/><U33/><E33/><V25/><F102/><W78/><G78/><T73/><D73/><U112/><E112/><V71/><F71/><W135/><G135/><T6/><D3/><U51/><E69/><V101/><F101/><W128/><G128/><T123/><D123/><U34/><E34/><V21/><REACH who="2" step="1"/><F25/><REACH who="2" ten="280,240,230,240" step="2"/><W24/><G24/><T27/><D27/><U106/><E106/><V40/><F40/><W68/><G68/><T57/><D108/><U26/><E26/><V74/><F74/><W72/><G72/><T76/><D53/><U79/><E62/><V129/><F129/><W117/><G117/><T88/><D76/><U29/><E29/><V4/><AGARI ba="1,1" hai="4,10,12,21,23,39,42,44,84,91,94,95,98,100" machi="4" ten="20,5200,0" yaku="1,1,0,1,7,1,52,1,53,0" doraHai="85" doraHaiUra="103" who="2" fromWho="2" sc="280,-27,240,-14,230,65,240,-14" /><INIT seed="1,0,0,3,4,31" ten="253,226,295,226" oya="1" hai0="100,1,25,95,80,99,132,40,33,8,41,108,77" hai1="17,0,4,97,43,70,9,103,79,56,87,34,96" hai2="14,64,74,12,109,114,71,49,30,118,63,59,85" hai3="76,35,105,90,45,128,69,88,116,6,84,107,26"/><U120/><E120/><V53/><F74/><W27/><G69/><T55/><D108/><U39/><E70/><V130/><F118/><W52/><G116/><T61/><D132/><U93/><E34/><V125/><F109/><W65/><G65/><T123/><D123/><U134/><E134/><V129/><F125/><W124/><G124/><T98/><D55/><U66/><E39/><V112/><F30/><W54/><G6/><T28/><D61/><U75/><E43/><V92/><F92/><W104/><G128/><N who="2" m="49257" /><F85/><W5/><G5/><T115/><D115/><AGARI ba="0,0" hai="12,14,49,53,59,63,64,71,112,114,115" m="49257" machi="115" ten="30,2000,0" yaku="11,1,19,1" doraHai="31" who="2" fromWho="0" sc="253,-20,226,0,295,20,226,0" /><INIT seed="2,0,0,2,5,21" ten="233,226,315,226" oya="2" hai0="115,93,74,34,27,104,44,122,94,108,35,53,105" hai1="132,88,86,1,60,28,131,18,38,73,23,22,77" hai2="55,68,33,43,14,124,70,51,92,96,102,58,82" hai3="114,11,76,119,80,135,63,99,65,97,98,87,111"/><V79/><F33/><W42/><G119/><T52/><D122/><U15/><E38/><V128/><F128/><W46/><G111/><T126/><D115/><U91/><E131/><V85/><F124/><W90/><G135/><T32/><D74/><U36/><E36/><V49/><REACH who="2" step="1"/><F14/><REACH who="2" ten="233,226,305,226" step="2"/><W30/><G114/><T39/><D126/><U12/><E132/><V25/><F25/><W45/><G30/><T125/><D125/><U9/><E28/><V101/><F101/><W117/><G117/><T5/><D108/><U112/><E112/><V37/><F37/><W16/><G42/><T120/><D120/><U8/><E1/><V72/><F72/><W4/><G90/><N who="1" m="34346" /><E73/><V69/><F69/><W106/><G106/><T113/><D113/><U83/><E60/><V71/><F71/><W17/><G63/><T47/><D39/><U118/><E118/><V2/><F2/><W130/><G130/><T59/><D34/><U48/><E48/><V62/><F62/><W103/><G103/><T109/><D109/><U57/><E57/><V54/><F54/><W6/><G65/><T20/><D59/><U31/><E31/><V29/><F29/><W10/><G46/><AGARI ba="0,1" hai="43,46,49,51,55,58,68,70,79,82,85,92,96,102" machi="46" ten="40,3900,0" yaku="1,1,53,1" doraHai="21" doraHaiUra="81" who="2" fromWho="3" sc="233,0,226,0,305,49,226,-39" /><INIT seed="2,1,0,5,2,55" ten="233,226,354,187" oya="2" hai0="64,99,48,94,108,74,80,1,90,67,103,3,44" hai1="117,134,102,25,33,129,19,66,26,21,69,91,132" hai2="46,20,97,4,42,28,30,77,0,41,62,107,88" hai3="106,34,84,54,105,59,32,121,68,72,17,24,100"/><V27/><F77/><W65/><G121/><T115/><D115/><U133/><E117/><V15/><F0/><W18/><G72/><T10/><D108/><U79/><E129/><V118/><F118/><W38/><G38/><T82/><D1/><U58/><E69/><V14/><F30/><W96/><G105/><T120/><D120/><U53/><E102/><V110/><F110/><W98/><G98/><T114/><D114/><U101/><E101/><V22/><F107/><W83/><G68/><T45/><D45/><U50/><E79/><V119/><F119/><W51/><G65/><N who="0" m="25163" /><D3/><U49/><E66/><V131/><F4/><W95/><G106/><T128/><D128/><U125/><E125/><V87/><F97/><W126/><G126/><T116/><D74/><U56/><E91/><V6/><F6/><W52/><G54/><N who="0" m="29959" /><D116/><U2/><E2/><V63/><F131/><W75/><G75/><T111/><D111/><U71/><E71/><V61/><F46/><W43/><G43/><N who="2" m="16393" /><F20/><W81/><G81/><AGARI ba="1,0" hai="14,15,22,27,28,61,62,63,81,87,88" m="16393" machi="81" ten="30,2900,0" yaku="8,1,54,1" doraHai="55" who="2" fromWho="3" sc="233,0,226,0,354,32,187,-32" /><INIT seed="2,2,0,0,0,11" ten="233,226,386,155" oya="2" hai0="17,128,0,1,112,133,119,13,78,106,67,83,41" hai1="4,95,92,130,34,36,51,39,19,24,115,105,8" hai2="55,72,118,125,35,110,6,89,120,80,101,69,10" hai3="79,111,57,61,114,40,96,116,7,18,65,75,63"/><V82/><F69/><W60/><G111/><T62/><D112/><U5/><E115/><V121/><F118/><W2/><G114/><T93/><D106/><U85/><E105/><V3/><F125/><W26/><G116/><T87/><D119/><U27/><E130/><V117/><F117/><W29/><G40/><T90/><D133/><U77/><E39/><V14/><F35/><W28/><G96/><T42/><D128/><U12/><E36/><V15/><F101/><W16/><G2/><T30/><D30/><U56/><E34/><V53/><F110/><W132/><G7/><N who="1" m="2634" /><E77/><V98/><F98/><W31/><G132/><T22/><D0/><U134/><E134/><V38/><F38/><W123/><G123/><T32/><D32/><U48/><E48/><V127/><F127/><W108/><G108/><T107/><D107/><U66/><E66/><V9/><F3/><W45/><G45/><T131/><D131/><U104/><E104/><V47/><F6/><W54/><G26/><N who="1" m="9770" /><E85/><V70/><F70/><W20/><G18/><T59/><REACH who="0" step="1"/><D1/><REACH who="0" ten="223,226,386,155" step="2"/><U126/><E126/><V129/><F129/><W46/><G46/><T76/><D76/><U33/><E33/><V100/><F47/><W103/><G103/><T124/><D124/><U102/><E102/><V64/><F100/><W43/><G43/><T21/><D21/><U81/><E8/><V74/><F9/><W84/><G75/><AGARI ba="2,1" hai="13,17,22,41,42,59,62,67,75,78,83,87,90,93" machi="75" ten="30,3900,0" yaku="1,1,7,1,52,1,53,0" doraHai="11" doraHaiUra="99" who="0" fromWho="3" sc="223,55,226,0,386,0,155,-45" /><INIT seed="3,0,0,0,5,90" ten="278,226,386,110" oya="3" hai0="76,110,61,91,63,18,94,112,117,78,66,77,93" hai1="103,101,133,38,65,125,15,118,116,13,68,31,132" hai2="50,40,111,36,134,44,119,122,32,109,128,81,58" hai3="87,35,83,14,95,41,1,42,2,120,115,45,84"/><W30/><G115/><T97/><D117/><N who="1" m="45163" /><E38/><V79/><F119/><W92/><G120/><T3/><D110/><U73/><E73/><V29/><F128/><W6/><G35/><T129/><D129/><U22/><E65/><V33/><F134/><N who="1" m="51817" /><E68/><V131/><F131/><W62/><G30/><T23/><D112/><U126/><E101/><V51/><F122/><W26/><G26/><N who="0" m="14711" /><D3/><U28/><E103/><V57/><F57/><W107/><G107/><T47/><D66/><U130/><E130/><V55/><F36/><W10/><G62/><N who="0" m="23563" /><D47/><U8/><E13/><V88/><F111/><W135/><G135/><T75/><D75/><U11/><E11/><V39/><F39/><W121/><G121/><T54/><D54/><U46/><E46/><V21/><F44/><W123/><G123/><T69/><D69/><U4/><E22/><V34/><F55/><W43/><G45/><T49/><D49/><U124/><AGARI ba="0,0" hai="4,8,15,28,31,124,125,126" m="51817,45163" machi="124" ten="40,8000,1" yaku="18,1,12,1,20,1,34,2" doraHai="90" who="1" fromWho="1" sc="278,-20,226,80,386,-20,110,-40" owari="258,-14.2,306,10.6,366,46.6,70,-43.0" /></mjloggm>