<mjloggm ver="2.3"><GO type="225" lobby="0"/><UN n0="%E8%B6%85%E7%B4%9A%E9%B3%B3%E5%87%B0" n1="%E3%82%A2%E3%82%A4%E3%82%B9%E3%83%86%E3%82%A3%E3%83%BC%E3%81%82%E3%81%B9" n2="%E7%99%BD%E6%97%A5%E9%9B%AA%E8%8F%9C" n3="%E3%81%A9%E3%82%8F%E3%82%93%E3%81%94" dan="16,16,16,16" rate="2146.30,2124.58,2139.23,2066.66" sx="M,M,M,M"/><TAIKYOKU oya="0"/><INIT seed="0,0,0,2,4,91" ten="250,250,250,250" oya="0" hai0="109,17,89,29,133,82,104,88,100,40,124,117,116" hai1="45,65,121,42,99,15,48,26,50,80,115,66,86" hai2="103,93,64,79,135,10,83,13,134,32,107,97,37" hai3="4,24,127,98,112,60,84,72,62,2,55,5,44"/><T38/><D124/><U53/><E121/><V87/><F32/><W105/><G72/><T95/><D133/><N who="2" m="50698" /><F37/><W92/><G112/><T51/><D109/><U122/><E122/><V12/><F64/><W6/><G127/><T114/><D114/><U39/><E39/><V9/><F107/><W132/><G132/><T34/><D38/><U76/><E115/><V90/><F103/><W56/><G2/><T108/><D108/><U36/><E36/><V30/><F30/><W35/><G105/><T67/><D67/><U71/><E71/><V74/><F97/><W1/><G1/><T123/><D123/><U7/><E26/><V94/><F93/><W46/><G84/><T3/><D104/><U102/><E99/><V63/><F63/><W78/><G78/><T27/><D3/><U110/><E102/><V85/><F85/><W118/><G62/><T75/><D100/><U119/><E119/><V52/><F52/><W101/><REACH who="3" step="1"/><G118/><REACH who="3" ten="250,250,250,240" step="2"/><T69/><D116/><U33/><E110/><V16/><F12/><W120/><G120/><T8/><D117/><U54/><E15/><V106/><F106/><W49/><G49/><T21/><D51/><U18/><E48/><V0/><F0/><W11/><G11/><AGARI ba="0,1" hai="9,10,11,13,16,74,79,83,87,90,94" m="50698" machi="11" ten="30,3900,0" yaku="20,1,52,1,54,1" doraHai="91" who="2" fromWho="3" sc="250,0,250,0,250,49,240,-39" /><INIT seed="1,0,0,1,5,10" ten="250,250,299,201" oya="1" hai0="44,78,132,59,106,128,23,103,126,122,40,6,98" hai1="46,93,131,26,82,77,15,100,119,99,96,29,134" hai2="130,11,75,92,116,108,117,113,38,61,83,115,1" hai3="129,95,114,33,55,65,34,32,90,60,35,85,54"/><U7/><E119/><N who="2" m="45643" /><F92/><W70/><G114/><N who="2" m="43529" /><F108/><W51/><N who="3" m="8192" /><DORA hai="135" /><W36/><G36/><T124/><D132/><U120/><E134/><V57/><F38/><W118/><G118/><T73/><D128/><U109/><E131/><V94/><F130/><W76/><G129/><T4/><D122/><U5/><E120/><V53/><F94/><W79/><REACH who="3" step="1"/><G55/><REACH who="3" ten="250,250,299,191" step="2"/><T20/><D124/><U63/><E109/><V72/><F83/><W39/><G39/><T71/><D126/><U12/><E82/><V27/><F27/><W18/><G18/><T62/><D4/><AGARI ba="0,1" hai="1,4,11,53,57,61,72,75" m="43529,45643" machi="4" ten="30,1000,0" yaku="11,1" doraHai="10,135" who="2" fromWho="0" sc="250,-10,250,0,299,20,191,0" /><INIT seed="2,0,0,5,3,134" ten="240,250,319,191" oya="2" hai0="33,102,60,42,76,122,120,20,123,133,100,32,127" hai1="97,6,35,126,80,57,129,39,2,3,40,38,71" hai2="114,28,49,11,8,9,12,112,36,48,54,113,117" hai3="16,17,21,130,90,116,52,119,15,64,94,82,103"/><V93/><F36/><W83/><G130/><T27/><D133/><U1/><E71/><V91/><F117/><W55/><G119/><T81/><D42/><U5/><E35/><V86/><F28/><W46/><G116/><T84/><D60/><U41/><E129/><V72/><F72/><W109/><G109/><T87/><D87/><U121/><E57/><V59/><REACH who="2" step="1"/><F49/><REACH who="2" ten="240,250,309,191" step="2"/><N who="3" m="28727" /><G64/><T77/><D120/><U4/><E121/><V51/><F51/><W58/><G103/><T99/><D102/><U74/><E74/><V111/><F111/><W34/><G34/><T95/><D33/><U14/><E39/><V107/><F107/><W30/><G30/><T110/><D32/><U10/><E38/><V19/><AGARI ba="0,1" hai="8,9,11,12,19,48,54,59,86,91,93,112,113,114" machi="19" ten="30,3000,0" yaku="1,1,0,1,53,0" doraHai="134" doraHaiUra="18" who="2" fromWho="2" sc="240,-10,250,-10,309,40,191,-10" /><INIT seed="2,1,0,4,0,47" ten="230,240,349,181" oya="2" hai0="89,29,129,33,19,42,3,54,66,88,114,98,122" hai1="70,46,22,11,1,32,117,7,115,113,65,9,128" hai2="10,101,67,58,131,39,100,116,34,50,104,121,102" hai3="92,134,41,74,14,31,85,5,112,130,37,109,110"/><V77/><F116/><W16/><G74/><T83/><D122/><U99/><E99/><V17/><F39/><W60/><G5/><T106/><D114/><U18/><E70/><V75/><F34/><W25/><G112/><N who="1" m="43082" /><E46/><V8/><F121/><W61/><G134/><T62/><D3/><N who="1" m="255" /><E65/><V132/><F132/><W2/><G2/><T95/><D42/><U84/><E84/><V59/><F104/><W118/><G118/><T49/><D106/><U51/><E51/><V0/><F75/><W120/><G120/><T15/><D83/><U6/><E117/><V119/><F77/><W96/><G85/><T78/><D78/><U4/><E6/><V124/><F119/><W123/><G41/><T76/><D76/><U52/><E52/><V79/><F102/><N who="3" m="60679" /><G37/><T73/><D73/><U56/><E56/><V107/><F59/><W55/><G55/><T86/><D86/><U97/><E97/><V105/><F58/><W90/><G90/><T80/><D80/><U20/><E32/><V63/><F67/><W81/><G81/><T71/><D54/><U103/><E103/><V36/><F101/><W64/><G123/><T133/><D133/><U44/><E44/><V57/><F100/><W35/><G64/><T40/><D66/><U125/><E125/><V38/><F124/><W53/><G53/><T23/><D71/><U108/><E108/><N who="3" m="41578" /><G130/><T26/><D129/><U127/><E127/><V13/><F131/><W28/><G28/><T72/><D72/><U111/><E111/><V69/><F69/><W12/><G16/><T21/><D19/><U24/><E128/><RYUUKYOKU ba="1,0" sc="230,-15,240,15,349,-15,181,15" hai1="1,4,11,18,20,22,24" hai3="12,14,25,31,35,60,61" /><INIT seed="3,2,0,2,5,92" ten="215,255,334,196" oya="3" hai0="77,1,126,10,55,48,24,100,60,47,112,125,98" hai1="110,72,12,90,106,57,50,91,131,120,68,85,25" hai2="116,101,78,9,15,83,43,123,26,93,79,95,28" hai3="114,113,129,117,61,11,82,115,108,52,99,73,13"/><W2/><G2/><T34/><D112/><U38/><E110/><V40/><F116/><W97/><G117/><T80/><D60/><U94/><E131/><V118/><F118/><W32/><G32/><T5/><D34/><U81/><E38/><V36/><F123/><W102/><G129/><T22/><D22/><U65/><E106/><V7/><F36/><W18/><G108/><T103/><D24/><U119/><E120/><V74/><F79/><W41/><G41/><T49/><D49/><U84/><E68/><V70/><F70/><W30/><G30/><T66/><D66/><U46/><E72/><V35/><F101/><W33/><G33/><T69/><D69/><U53/><E119/><V51/><F43/><W17/><G17/><T71/><D71/><U122/><E122/><V88/><F88/><W107/><G99/><T124/><D98/><U96/><E25/><V62/><F62/><W59/><G82/><T104/><D104/><U89/><E12/><V21/><F35/><W64/><REACH who="3" step="1"/><G64/><REACH who="3" ten="215,255,334,186" step="2"/><T134/><REACH who="0" step="1"/><D134/><REACH who="0" ten="205,255,334,186" step="2"/><U130/><E130/><V29/><F40/><W132/><G132/><T27/><D27/><U111/><E111/><V109/><F26/><W16/><G16/><T76/><D76/><N who="1" m="46119" /><E96/><V133/><F109/><W0/><G0/><T39/><D39/><U54/><E65/><V44/><F133/><W58/><G58/><T4/><D4/><U14/><E14/><V20/><F15/><W56/><G56/><T127/><D127/><U75/><E57/><V105/><F7/><W31/><G31/><T45/><D45/><U8/><E46/><RYUUKYOKU ba="2,2" sc="205,15,255,-15,334,-15,186,15" hai0="1,5,10,47,48,55,77,80,100,103,124,125,126" hai3="11,13,18,52,59,61,73,97,102,107,113,114,115" /><INIT seed="3,3,2,1,5,38" ten="220,240,319,201" oya="3" hai0="90,111,134,17,74,25,103,3,29,44,47,126,0" hai1="116,45,55,73,115,39,86,30,50,19,128,26,106" hai2="35,117,108,119,14,84,123,9,99,53,113,109,75" hai3="40,49,85,65,89,133,15,76,121,41,77,24,31"/><W125/><G121/><T131/><D74/><U95/><E73/><V72/><F113/><W91/><G133/><T97/><D134/><U98/><E115/><V61/><F123/><W100/><G125/><T22/><D126/><U1/><E128/><V36/><F35/><W23/><G100/><T130/><D111/><N who="2" m="42570" /><F36/><W82/><G65/><T102/><D90/><N who="3" m="34313" /><G77/><T132/><D132/><U66/><E1/><N who="0" m="585" /><D29/><U32/><E39/><V60/><F75/><W70/><G70/><T42/><D97/><U88/><E66/><V101/><F72/><W56/><G15/><T69/><D69/><U124/><E124/><V92/><F84/><W4/><G4/><T48/><D47/><U37/><E37/><V71/><F53/><AGARI ba="3,2" hai="23,24,31,40,41,49,53,56,76,82,85" m="34313" machi="53" ten="30,5800,0" yaku="8,1,52,2" doraHai="38" who="3" fromWho="2" sc="220,0,240,0,319,-67,201,87" /><INIT seed="3,4,0,0,1,16" ten="220,240,252,288" oya="3" hai0="63,69,10,134,32,93,117,120,101,0,95,79,22" hai1="12,74,1,56,84,24,73,82,3,7,131,66,4" hai2="96,107,124,77,55,106,104,65,78,47,121,98,94" hai3="105,51,119,49,122,25,86,33,89,42,6,85,129"/><W90/><G122/><T75/><D120/><U62/><E131/><V92/><F121/><W20/><G129/><T17/><D117/><U80/><E24/><V68/><F124/><W132/><G105/><T87/><D32/><U28/><E28/><V9/><F65/><W26/><G132/><T108/><D134/><U50/><E50/><N who="3" m="18954" /><G33/><T70/><D108/><U116/><E116/><V103/><F68/><W14/><G42/><T46/><D46/><U27/><E27/><N who="3" m="10250" /><G119/><T44/><D44/><U76/><E74/><V130/><F130/><W41/><G41/><T34/><D34/><U123/><E123/><V71/><F71/><W126/><G126/><T18/><D75/><U38/><E38/><V59/><F47/><W60/><G60/><T88/><D79/><U133/><E133/><V5/><F104/><W111/><G111/><T2/><D63/><U35/><E35/><V15/><F106/><W109/><G109/><T128/><D128/><U58/><E56/><V21/><F107/><W112/><G112/><T45/><D45/><U36/><E36/><V40/><F40/><W114/><G114/><T52/><D52/><U57/><E58/><V81/><F55/><W99/><G99/><N who="0" m="59631" /><D18/><U37/><E37/><V23/><F59/><W39/><G39/><T100/><D100/><U113/><E113/><V83/><F77/><W48/><G48/><T43/><D43/><U110/><E110/><V91/><F78/><W135/><G135/><T72/><D72/><U31/><E31/><V61/><F61/><W118/><G118/><T11/><D0/><N who="1" m="75" /><E12/><V13/><F13/><RYUUKYOKU ba="4,0" sc="220,-15,240,15,252,15,288,-15" hai1="4,7,57,62,66,73,76,80,82,84" hai2="5,9,15,21,23,81,83,91,92,94,96,98,103" /><INIT seed="4,5,0,2,0,86" ten="205,255,267,273" oya="0" hai0="40,47,41,90,101,72,71,124,9,24,135,77,45" hai1="46,29,57,134,16,51,120,0,32,96,104,115,5" hai2="110,129,83,114,52,59,17,28,121,22,100,73,113" hai3="108,76,119,55,64,85,33,50,123,127,18,69,6"/><T126/><D71/><U15/><E120/><V95/><F121/><W105/><G108/><T35/><D135/><U111/><E111/><V109/><F129/><W44/><G105/><T68/><D68/><U43/><E134/><V84/><F73/><W49/><G33/><T98/><D9/><U97/><E115/><N who="2" m="44043" /><F28/><W133/><G119/><T48/><D72/><U117/><E117/><V21/><F100/><W74/><G6/><T31/><D77/><U75/><E75/><V128/><F95/><W107/><G107/><T12/><D12/><U26/><E104/><V102/><F102/><W39/><G123/><T53/><D101/><U25/><E25/><N who="2" m="14511" /><F22/><W94/><G133/><T63/><D63/><U78/><E5/><V122/><F128/><W66/><G74/><T67/><D67/><U2/><E97/><V125/><F125/><N who="0" m="48234" /><D45/><U70/><E46/><V58/><F58/><W42/><G127/><T7/><D7/><U8/><E57/><V61/><F122/><W23/><G69/><T112/><D112/><U34/><E70/><V62/><F61/><W13/><G66/><T88/><D98/><U65/><E96/><V131/><F131/><W3/><G64/><T37/><D37/><U60/><E65/><V79/><AGARI ba="5,0" hai="52,59,62,79,83,84,109,110" m="14511,44043" machi="79" ten="30,2000,0" yaku="15,1,54,1" doraHai="86" who="2" fromWho="2" sc="205,-15,255,-10,267,35,273,-10" owari="190,-31.0,245,-15.5,302,40.2,263,6.3" /></mjloggm>