<mjloggm ver="2.3"><GO type="225" lobby="0"/><UN n0="%E3%82%A2%E3%82%A4%E3%82%B9%E3%83%86%E3%82%A3%E3%83%BC%E3%81%82%E3%81%B9" n1="%E7%A6%8F%E5%8E%9F%E9%81%A5%E3%81%A8%E7%B5%90%E5%A9%9A%E3%81%99%E3%82%8B" n2="%E3%82%A2%E3%83%BC%E3%83%A2%E3%83%AD%E3%83%BC%E3%83%B4%E3%82%A1" n3="%E5%A4%9C%E3%81%AE%E3%82%AC%E3%82%B9%E3%83%91%E3%83%BC%E3%83%AB" dan="16,17,16,16" rate="2082.02,2114.34,2205.97,2121.08" sx="M,M,M,M"/><TAIKYOKU oya="0"/><INIT seed="0,0,0,1,0,81" ten="250,250,250,250" oya="0" hai0="48,53,131,32,74,72,90,64,78,91,122,40,22" hai1="76,57,43,108,120,38,52,11,117,134,128,36,13" hai2="101,135,71,104,51,5,50,105,0,89,19,55,103" hai3="94,7,27,99,77,29,69,58,60,34,119,79,100"/><T67/><D32/><U95/><E117/><V45/><F71/><W6/><G119/><T46/><D122/><U61/><E120/><V85/><F0/><W96/><G96/><T113/><D113/><U68/><E108/><V26/><F5/><W28/><G28/><T23/><D131/><U116/><E116/><V112/><F112/><W129/><G69/><T56/><D74/><U12/><E128/><V130/><F135/><W18/><G18/><T4/><D4/><U44/><E134/><V33/><F130/><W102/><G102/><T24/><D78/><U73/><E38/><V111/><F111/><W97/><G97/><T31/><D72/><U115/><E115/><V42/><F104/><W2/><G2/><T127/><D127/><U92/><E13/><V35/><F105/><W110/><G129/><T126/><D126/><U125/><E125/><V1/><F1/><W63/><G63/><T80/><D23/><U15/><E15/><V88/><F89/><N who="0" m="33802" /><D80/><U118/><E118/><V83/><F33/><W62/><G62/><AGARI ba="0,0" hai="22,24,31,40,46,48,53,56,62,64,67" m="33802" machi="62" ten="30,1500,0" yaku="8,1" doraHai="81" who="0" fromWho="3" sc="250,15,250,0,250,0,250,-15" /><INIT seed="0,1,0,5,4,3" ten="265,250,250,235" oya="0" hai0="32,34,25,11,52,26,95,80,91,110,6,0,31" hai1="35,44,88,105,65,7,4,68,96,87,36,72,119" hai2="131,104,126,1,79,66,108,9,84,82,93,106,77" hai3="112,67,90,63,64,70,20,62,100,15,46,50,124"/><T43/><D43/><U117/><E35/><V28/><F28/><W8/><G112/><T14/><D110/><U122/><E122/><V99/><F66/><W12/><G124/><T24/><D34/><U45/><E68/><V120/><F120/><W58/><G100/><T27/><D80/><U57/><E72/><V60/><F60/><W29/><G90/><T116/><D116/><U42/><E45/><V56/><F56/><W5/><G15/><T127/><D127/><U59/><E96/><V19/><F126/><W33/><G33/><T17/><D52/><U49/><E105/><V102/><F131/><W22/><REACH who="3" step="1"/><G29/><REACH who="3" ten="265,250,250,225" step="2"/><T85/><REACH who="0" step="1"/><D27/><REACH who="0" ten="255,250,250,225" step="2"/><U41/><E117/><V71/><F108/><W47/><G47/><T75/><D75/><U134/><E119/><V51/><F79/><W48/><G48/><T118/><D118/><U92/><E49/><V78/><F77/><W94/><G94/><T113/><D113/><U16/><E92/><V61/><F51/><W107/><G107/><T13/><D13/><U81/><E44/><V135/><F104/><W2/><G2/><T111/><D111/><U132/><E132/><V39/><F135/><W97/><G97/><T86/><D86/><U10/><E134/><V128/><F106/><W125/><G125/><T101/><D101/><U98/><E98/><V40/><F1/><W37/><G37/><T83/><D83/><U123/><E36/><V89/><F39/><W18/><G18/><T38/><D38/><U103/><E103/><V74/><F102/><W23/><G23/><AGARI ba="1,2" hai="0,6,11,14,17,23,24,25,26,31,32,85,91,95" machi="23" ten="30,24000,3" yaku="1,1,7,1,24,2,52,1,53,3" doraHai="3" doraHaiUra="21" who="0" fromWho="3" sc="255,263,250,0,250,0,225,-243" owari="518,61.8,250,5.0,250,-15.0,-18,-51.8" /></mjloggm>