<mjloggm ver="2.3"><GO type="225" lobby="0"/><UN n0="%E9%80%86%E9%80%A3%E5%B8%AF%E3%81%AE%E9%AC%BC" n1="%72%69%6F%75%63%68%61%6E" n2="%48%61%61%61%6C%61%6E%64" n3="%E5%A4%9C%E3%81%AE%E3%82%AC%E3%82%B9%E3%83%91%E3%83%BC%E3%83%AB" dan="16,16,18,16" rate="2168.80,2219.49,2227.51,2146.48" sx="M,M,M,M"/><TAIKYOKU oya="0"/><INIT seed="0,0,0,2,3,114" ten="250,250,250,250" oya="0" hai0="62,60,72,84,48,96,56,57,134,68,117,133,95" hai1="92,25,135,55,70,118,123,1,0,88,12,59,106" hai2="8,93,53,74,51,76,13,2,27,11,66,86,52" hai3="64,23,7,35,43,28,30,105,69,132,17,110,39"/><T47/><D72/><U82/><E118/><V128/><F128/><W3/><G105/><T111/><D111/><U54/><E123/><V100/><F74/><W102/><G102/><T81/><D117/><U129/><E129/><V45/><F66/><W97/><G97/><T50/><D68/><U26/><E70/><V130/><F130/><W63/><G132/><T109/><D109/><U15/><E106/><V124/><F124/><W36/><G110/><T46/><D84/><U120/><E120/><V83/><F2/><W14/><G43/><T32/><D32/><U18/><E135/><V75/><F27/><N who="3" m="18847" /><G30/><T10/><D10/><AGARI ba="0,0" hai="3,7,10,14,17,23,36,39,63,64,69" m="18847" machi="10" ten="30,1000,0" yaku="24,1" doraHai="114" who="3" fromWho="0" sc="250,-10,250,0,250,0,250,10" /><INIT seed="1,0,0,2,0,66" ten="240,250,250,260" oya="1" hai0="107,96,100,44,123,124,31,3,73,79,85,94,0" hai1="53,108,119,40,54,116,71,102,113,32,55,105,38" hai2="131,10,62,26,74,130,51,12,122,6,90,46,111" hai3="33,20,8,84,118,75,112,132,50,101,39,15,63"/><U117/><E32/><V92/><F122/><W47/><G112/><T25/><D123/><U2/><E2/><V68/><F74/><W114/><G114/><T48/><D124/><U82/><E113/><V56/><F111/><W11/><G39/><T14/><D73/><U72/><E108/><V37/><F37/><W87/><G33/><T35/><D14/><U60/><E102/><V18/><F68/><W126/><G75/><T129/><D129/><U81/><E105/><V103/><F103/><W36/><G36/><T59/><D59/><U28/><E28/><V104/><F104/><W88/><G132/><T29/><D29/><U134/><E134/><V95/><F26/><W67/><G101/><T43/><REACH who="0" step="1"/><D107/><REACH who="0" ten="230,250,250,260" step="2"/><U93/><E72/><V78/><F130/><W49/><G15/><T89/><D89/><U23/><E119/><V91/><F131/><W41/><G126/><T80/><AGARI ba="0,1" hai="0,3,25,31,35,43,44,48,79,80,85,94,96,100" machi="80" ten="30,7900,0" yaku="1,1,0,1,53,2" doraHai="66" doraHaiUra="34" who="0" fromWho="0" sc="230,89,250,-39,250,-20,260,-20" /><INIT seed="2,0,0,1,3,104" ten="319,211,230,240" oya="2" hai0="84,79,20,47,111,38,43,63,109,15,16,116,35" hai1="113,53,128,103,95,106,66,123,124,51,129,2,26" hai2="9,85,58,86,82,118,133,93,36,76,13,17,59" hai3="77,131,11,60,61,122,39,0,3,14,73,126,78"/><V89/><F118/><W18/><G122/><T50/><D35/><U22/><E113/><V90/><F36/><W10/><G39/><T1/><D116/><U12/><E2/><V112/><F112/><W94/><G126/><T44/><D1/><U32/><E124/><V102/><F133/><W80/><G131/><N who="1" m="50250" /><E123/><V100/><REACH who="2" step="1"/><F90/><REACH who="2" ten="319,211,220,240" step="2"/><W62/><G78/><T134/><D134/><U105/><E32/><V67/><F67/><W21/><G3/><T69/><D79/><U55/><E66/><V41/><F41/><W99/><REACH who="3" step="1"/><G0/><REACH who="3" ten="319,211,220,230" step="2"/><T46/><D38/><U121/><E121/><V71/><F71/><W83/><G83/><T37/><D37/><U74/><E55/><V24/><F24/><W64/><G64/><T96/><D69/><U75/><E26/><V6/><F6/><W19/><G19/><T98/><D16/><N who="1" m="10503" /><E53/><V114/><F114/><W101/><AGARI ba="0,2" hai="10,11,14,18,21,60,61,62,73,77,80,94,99,101" machi="101" ten="30,4000,0" yaku="1,1,0,1,52,1,53,0" doraHai="104" doraHaiUra="30" who="3" fromWho="3" sc="319,-10,211,-10,220,-20,230,60" /><INIT seed="3,0,0,3,3,43" ten="309,201,200,290" oya="3" hai0="127,7,78,111,38,87,59,32,82,46,44,0,100" hai1="52,17,39,53,133,81,131,117,71,22,130,56,29" hai2="14,54,6,21,119,10,75,13,69,20,126,77,62" hai3="121,67,132,68,94,120,89,47,11,9,134,3,51"/><W28/><G28/><T109/><D32/><U24/><E133/><N who="3" m="51306" /><G3/><T107/><D127/><U104/><E71/><V125/><F119/><W102/><G102/><T84/><D38/><U97/><E39/><V123/><F123/><N who="3" m="47179" /><G67/><T113/><D113/><U70/><E70/><V108/><F108/><N who="0" m="41546" /><D87/><U30/><E117/><V116/><F116/><W55/><G68/><T5/><D59/><U66/><E56/><N who="2" m="35095" /><F69/><W85/><AGARI ba="0,0" hai="9,11,47,51,55,85,89,94" m="47179,51306" machi="85" ten="30,3000,0" yaku="20,1,52,1" doraHai="43" who="3" fromWho="3" sc="309,-10,201,-10,200,-10,290,30" owari="299,9.9,191,-20.9,190,-31.0,320,42.0" /></mjloggm>