<mjloggm ver="2.3"><GO type="225" lobby="0"/><UN n0="%E6%98%93%E5%88%A9%E8%96%A9%E4%BC%AF" n1="%73%69%72%6F%75%74" n2="%50%65%74%65%72%50%61%6E" n3="%E8%81%B7%E6%A5%AD%E3%80%81%E9%A2%A8%32" dan="16,16,17,16" rate="2121.14,2066.94,2230.73,2106.51" sx="F,M,M,M"/><TAIKYOKU oya="0"/><INIT seed="0,0,0,4,0,1" ten="250,250,250,250" oya="0" hai0="54,87,126,72,36,52,69,118,132,42,35,45,108" hai1="91,105,62,57,3,18,13,9,11,134,58,0,15" hai2="102,90,76,6,21,77,74,125,2,41,60,96,114" hai3="47,115,38,10,8,94,51,56,65,81,46,97,111"/><T95/><D118/><U25/><E105/><V59/><F114/><W63/><G111/><T16/><D72/><U122/><E134/><V27/><F125/><W4/><G115/><T67/><D35/><U113/><E122/><V101/><F41/><W99/><G38/><T129/><D132/><U93/><E113/><V110/><F110/><W100/><G81/><T79/><D108/><U103/><E103/><V130/><F130/><W30/><G30/><T55/><D129/><U39/><E39/><V44/><F44/><W86/><G86/><T84/><D126/><U75/><E75/><V37/><F37/><W64/><G10/><T88/><D67/><U80/><E80/><V92/><F74/><W20/><G20/><T24/><D69/><U33/><E25/><V82/><F82/><W106/><G51/><T48/><D79/><U70/><E70/><V68/><F68/><W50/><G50/><T73/><D73/><U19/><E57/><V43/><F43/><W133/><G65/><T107/><D107/><U32/><E32/><V7/><F2/><W12/><REACH who="3" step="1"/><G133/><REACH who="3" ten="250,250,250,240" step="2"/><T40/><D87/><U78/><E33/><V131/><F131/><W135/><G135/><T61/><D36/><U123/><E78/><N who="2" m="30315" /><F102/><AGARI ba="0,1" hai="4,8,12,46,47,56,63,64,94,97,99,100,102,106" machi="102" ten="30,3900,0" yaku="1,1,7,1,52,1,53,0" doraHai="1" doraHaiUra="112" who="3" fromWho="2" sc="250,0,250,0,250,-39,240,49" /><INIT seed="1,0,0,5,4,5" ten="250,250,211,289" oya="1" hai0="4,84,48,0,135,55,21,118,57,109,80,112,56" hai1="119,14,113,17,60,74,126,89,71,13,127,31,12" hai2="130,83,25,65,70,38,134,2,46,63,69,3,6" hai3="125,30,9,99,129,117,51,41,108,86,10,72,87"/><U53/><E74/><V91/><F134/><W26/><G108/><T54/><D112/><U104/><E113/><V27/><F130/><W111/><G111/><T115/><D115/><U79/><E79/><V88/><F70/><W121/><G121/><T32/><D32/><U101/><E119/><V132/><F132/><W110/><G110/><T92/><D135/><U23/><E31/><V77/><F2/><W107/><G72/><T68/><D68/><U29/><E29/><V103/><F103/><W66/><G129/><T75/><D75/><U15/><E89/><V102/><F102/><W1/><G1/><T105/><D105/><U73/><E73/><N who="2" m="43439" /><F25/><W24/><G125/><N who="1" m="47626" /><E101/><V90/><F27/><W122/><G122/><T94/><D118/><U7/><E104/><V36/><F36/><W96/><G107/><T78/><D21/><U100/><E100/><V131/><F131/><W123/><G123/><T58/><D109/><U95/><E95/><V124/><F124/><W22/><G117/><T35/><D35/><U40/><E40/><N who="2" m="22807" /><F91/><W81/><G26/><T44/><REACH who="0" step="1"/><D55/><REACH who="0" ten="240,250,211,289" step="2"/><U93/><E53/><V52/><F52/><W42/><G66/><T33/><D33/><U64/><E93/><V116/><F116/><W34/><G34/><T20/><D20/><U47/><E71/><V61/><F61/><W82/><G22/><T37/><D37/><U39/><E60/><V133/><F133/><W50/><G24/><T62/><D62/><U128/><E128/><V98/><F98/><W8/><G8/><AGARI ba="0,1" hai="0,4,8,44,48,54,56,57,58,78,80,84,92,94" machi="8" ten="40,2600,0" yaku="1,1,52,1,53,0" doraHai="5" doraHaiUra="97" who="0" fromWho="3" sc="240,36,250,0,211,0,289,-26" /><AGARI ba="0,0" hai="3,6,8,63,65,69,88,90" m="22807,43439" machi="8" ten="30,3900,0" yaku="25,1,52,1,54,1" doraHai="5" who="2" fromWho="3" sc="276,0,250,0,211,39,263,-39" /><INIT seed="2,0,0,4,1,14" ten="276,250,250,224" oya="2" hai0="0,113,85,40,1,56,91,108,41,99,74,135,114" hai1="121,6,18,54,96,68,24,116,29,59,55,9,120" hai2="22,88,38,84,52,89,106,11,112,15,35,62,17" hai3="127,72,70,12,80,51,134,98,43,60,105,19,71"/><V10/><F112/><W125/><G134/><T76/><D74/><U111/><E68/><V90/><F35/><W101/><G43/><T100/><D76/><U37/><E37/><V86/><F106/><W126/><G60/><T92/><D108/><U67/><E116/><V21/><F38/><W102/><G51/><T25/><D135/><U61/><E96/><V122/><F122/><N who="1" m="47209" /><E111/><V107/><F107/><W118/><G118/><T83/><D56/><U78/><E78/><V3/><F3/><W49/><G49/><T97/><D97/><U69/><E69/><V4/><F21/><N who="3" m="11495" /><G102/><T119/><D119/><U16/><E54/><V30/><F30/><W110/><G110/><T93/><D93/><U129/><E129/><V66/><F66/><W81/><G81/><T73/><D73/><U36/><E55/><V77/><F77/><AGARI ba="0,0" hai="70,71,72,77,80,98,101,105,125,126,127" m="11495" machi="77" ten="30,2000,0" yaku="18,1,52,1" doraHai="14" who="3" fromWho="2" sc="276,0,250,0,250,-20,224,20" /><INIT seed="3,0,0,0,4,96" ten="276,250,230,244" oya="3" hai0="121,11,125,61,120,83,91,104,119,7,86,44,81" hai1="10,84,58,93,73,126,0,55,88,23,117,101,51" hai2="8,32,75,67,132,87,38,85,15,5,122,135,59" hai3="18,41,22,109,92,107,30,27,111,48,110,131,69"/><W127/><G107/><T77/><D119/><U39/><E39/><V70/><F75/><W57/><G69/><T100/><D125/><U112/><E73/><V21/><F32/><W129/><G127/><T13/><D61/><U1/><E126/><V128/><F38/><W25/><G92/><T64/><D64/><U97/><E112/><V24/><F128/><N who="3" m="49227" /><G41/><T42/><D100/><U108/><E108/><V43/><F43/><W36/><G36/><T9/><D104/><U90/><E90/><V123/><F70/><W19/><G27/><T26/><D26/><U71/><E71/><V65/><F65/><W54/><AGARI ba="0,0" hai="18,19,22,25,30,48,54,57,109,110,111" m="49227" machi="54" ten="40,7800,0" yaku="14,1,10,1,19,1" doraHai="96" who="3" fromWho="3" sc="276,-26,250,-26,230,-26,244,78" owari="250,5.0,224,-17.6,204,-29.6,322,42.2" /></mjloggm>