<mjloggm ver="2.3"><GO type="225" lobby="0"/><UN n0="%72%61%6B%33" n1="%E5%B7%9D%E7%80%AC%E6%99%BA%E5%AD%90" n2="%E3%81%8B%E3%82%8F%E3%81%A1%E3%82%83%E3%82%93%35%38" n3="%6D%75%75%6D%75%72%61" dan="17,16,17,17" rate="2145.82,2103.63,2213.12,2136.61" sx="M,M,M,F"/><TAIKYOKU oya="0"/><INIT seed="0,0,0,5,1,3" ten="250,250,250,250" oya="0" hai0="89,10,133,57,44,91,132,20,123,85,81,100,31" hai1="98,65,15,63,54,46,0,6,28,8,120,25,4" hai2="64,41,86,37,18,1,14,129,122,36,76,52,106" hai3="16,12,50,56,112,80,83,96,92,117,131,119,22"/><T74/><D123/><U128/><E120/><V67/><F122/><W104/><G112/><T97/><D44/><U101/><E128/><V130/><F106/><W49/><G104/><T127/><D127/><U23/><E46/><N who="2" m="23847" /><F1/><W70/><G70/><T27/><D74/><U69/><E54/><V71/><F71/><W78/><G131/><N who="2" m="50185" /><F37/><W43/><G83/><T116/><D116/><U40/><E40/><V55/><F86/><W121/><G121/><T110/><D110/><U84/><E84/><V99/><F99/><W39/><G39/><T87/><D57/><U103/><E103/><V95/><F95/><W32/><G32/><T68/><D68/><U38/><E38/><V109/><F76/><W2/><G2/><T82/><REACH who="0" step="1"/><D10/><REACH who="0" ten="240,250,250,250" step="2"/><U79/><E79/><V53/><F109/><W114/><G114/><T58/><D58/><U29/><E69/><V94/><F94/><AGARI ba="0,1" hai="20,27,31,81,82,85,87,89,91,94,97,100,132,133" machi="94" ten="40,3900,0" yaku="1,1,9,1,53,0" doraHai="3" doraHaiUra="13" who="0" fromWho="2" sc="240,49,250,0,250,-39,250,0" /><INIT seed="0,1,0,3,0,55" ten="289,250,211,250" oya="0" hai0="3,107,0,109,96,7,37,47,19,78,5,115,21" hai1="54,14,61,50,104,20,35,51,124,28,57,69,2" hai2="81,127,40,18,31,101,46,44,16,10,77,27,79" hai3="134,64,36,48,71,30,100,98,76,129,32,73,119"/><T116/><D115/><U130/><E2/><V83/><F127/><W43/><G48/><T82/><D116/><U59/><E104/><V34/><F101/><W33/><G119/><T22/><D109/><U11/><E35/><V99/><F99/><W25/><G129/><T92/><D107/><U108/><E69/><V58/><F10/><W91/><G91/><T121/><D121/><U13/><E124/><V110/><F110/><W131/><G131/><T132/><D132/><U125/><E125/><V26/><F58/><W126/><G126/><T75/><D3/><U111/><E130/><V63/><F63/><N who="3" m="40351" /><G134/><T128/><D128/><U15/><E11/><V85/><F27/><W52/><G52/><T74/><D74/><U62/><E108/><V24/><F24/><W86/><G86/><T87/><D87/><U102/><E102/><V113/><F113/><W118/><G118/><T12/><D21/><U105/><E105/><V8/><F8/><W122/><G122/><T65/><D0/><U133/><E133/><V114/><F114/><W90/><G90/><T39/><D65/><N who="1" m="39087" /><E111/><V70/><F70/><W95/><G73/><T120/><D120/><U67/><E67/><V41/><F41/><W123/><G123/><T106/><D106/><U84/><E84/><N who="2" m="48175" /><F40/><W117/><G117/><T1/><D1/><U89/><E89/><V38/><F38/><N who="0" m="14346" /><D47/><N who="2" m="17962" /><F85/><W97/><G76/><T93/><D96/><U23/><E23/><V66/><F66/><W42/><G33/><T135/><D135/><U88/><E88/><V29/><F29/><W56/><G36/><T103/><D103/><RYUUKYOKU ba="1,0" sc="289,10,250,10,211,10,250,-30" hai0="5,7,12,19,22,75,78,82,92,93" hai1="13,14,15,20,28,50,51,54,59,62" hai2="16,18,26,31,34,79,83" /><INIT seed="0,2,0,5,5,97" ten="299,260,221,220" oya="0" hai0="7,73,90,135,122,108,2,44,1,111,124,37,104" hai1="43,45,77,120,9,55,42,19,40,48,29,53,85" hai2="58,129,54,134,119,30,88,80,74,121,70,91,21" hai3="38,109,49,78,31,69,114,72,101,46,20,128,61"/><T26/><D122/><U100/><E120/><V93/><F121/><W13/><G38/><T67/><D73/><U106/><E29/><V98/><F70/><W24/><G114/><T127/><D67/><U131/><E131/><V63/><F129/><W18/><G128/><T87/><D26/><U16/><E106/><V60/><F134/><W102/><G109/><N who="0" m="42059" /><D104/><U86/><E100/><N who="2" m="60495" /><F74/><W83/><G69/><T81/><D135/><U14/><E77/><V50/><F119/><W17/><G61/><N who="2" m="23625" /><F80/><W11/><REACH who="3" step="1"/><G31/><REACH who="3" ten="299,260,221,210" step="2"/><T28/><D28/><U89/><E89/><V76/><F76/><W92/><G92/><T66/><D66/><U68/><E68/><V52/><F54/><AGARI ba="2,1" hai="11,13,17,18,20,24,46,49,54,72,78,83,101,102" machi="54" ten="30,7700,0" yaku="1,1,7,1,52,2,53,0" doraHai="97" doraHaiUra="56" who="3" fromWho="2" sc="299,0,260,0,221,-83,210,93" /><INIT seed="1,0,0,0,5,30" ten="299,260,138,303" oya="1" hai0="116,86,108,14,23,68,81,89,88,97,39,36,90" hai1="117,114,37,106,131,63,73,62,48,53,110,15,120" hai2="79,51,122,8,70,34,127,54,102,12,98,80,125" hai3="60,3,43,16,77,2,91,82,87,20,45,93,22"/><U58/><E73/><V118/><F70/><W44/><G60/><T135/><D116/><U71/><E106/><V28/><F122/><W42/><G22/><T119/><D119/><U69/><E117/><V129/><F129/><W115/><G115/><T27/><D68/><N who="1" m="26187" /><E15/><V67/><F67/><W35/><G35/><T5/><D135/><U4/><E4/><V52/><F118/><W133/><G133/><T38/><D108/><U11/><E11/><V124/><F28/><W26/><G45/><T61/><D97/><U21/><E21/><V113/><F113/><W17/><G17/><T64/><D5/><U121/><E114/><V85/><F51/><W112/><G112/><T105/><D14/><U132/><E132/><V29/><F12/><W31/><G31/><T41/><D105/><U10/><E10/><V6/><F6/><W1/><REACH who="3" step="1"/><G44/><REACH who="3" ten="299,260,138,293" step="2"/><T107/><D23/><U50/><E131/><V83/><F8/><W74/><AGARI ba="0,1" hai="1,2,3,16,20,26,42,43,74,77,82,87,91,93" machi="74" ten="30,7900,0" yaku="1,1,2,1,0,1,54,1,53,0" doraHai="30" doraHaiUra="103" who="3" fromWho="3" sc="299,-20,260,-39,138,-20,293,89" /><INIT seed="2,0,0,4,1,8" ten="279,221,118,382" oya="2" hai0="120,135,129,122,70,80,92,72,10,56,45,37,29" hai1="3,121,32,81,76,125,50,103,62,25,51,34,79" hai2="11,65,132,89,1,109,52,95,102,115,23,100,66" hai3="113,130,75,28,39,105,60,73,83,18,2,101,55"/><V84/><F115/><W104/><G2/><T63/><D70/><U117/><E3/><V40/><F40/><W94/><G39/><T49/><D37/><U47/><E117/><V54/><F132/><W46/><G28/><T0/><D129/><U116/><E116/><V26/><F109/><W14/><G94/><T57/><D135/><U90/><E103/><N who="2" m="39467" /><F1/><W107/><G101/><T71/><D92/><U12/><E34/><V19/><F11/><W20/><G130/><T99/><D99/><U4/><E32/><V131/><F131/><W86/><G113/><T17/><D29/><U91/><E4/><V30/><F30/><W118/><G118/><T33/><D33/><U127/><E121/><V38/><F38/><W77/><REACH who="3" step="1"/><G60/><REACH who="3" ten="279,221,118,372" step="2"/><T124/><D63/><U44/><E62/><V13/><F26/><W114/><G114/><T112/><D112/><U61/><E61/><V96/><F96/><W82/><G82/><T9/><D80/><U93/><E25/><V5/><F5/><W87/><G87/><T48/><D0/><U59/><E93/><V108/><F108/><W106/><N who="3" m="26624" /><DORA hai="31" /><W88/><G88/><T123/><D122/><U119/><E119/><V58/><F54/><W36/><G36/><T53/><D53/><U27/><E27/><V68/><F68/><W97/><G97/><T24/><D71/><U15/><E81/><V43/><F43/><W67/><G67/><T134/><D24/><U98/><E98/><V64/><F64/><W41/><G41/><T85/><D123/><U7/><E7/><V35/><F35/><W16/><G16/><RYUUKYOKU ba="0,1" sc="279,-30,221,10,118,10,372,10" hai1="12,15,44,47,50,51,59,76,79,90,91,125,127" hai2="13,19,23,52,58,65,66,84,89,95" hai3="14,18,20,46,55,73,75,77,83,86" /><INIT seed="2,1,1,4,2,122" ten="249,231,128,382" oya="2" hai0="11,128,46,5,90,102,66,125,67,105,106,10,1" hai1="55,60,107,127,48,117,100,124,14,69,85,96,63" hai2="25,23,77,95,109,36,61,43,80,19,79,118,104" hai3="73,129,92,33,134,34,16,110,52,84,78,135,132"/><V75/><F118/><W112/><G110/><T21/><D125/><N who="1" m="48203" /><E117/><V9/><F104/><W13/><G129/><T26/><D128/><U108/><E69/><V74/><F36/><W45/><G73/><T20/><D46/><N who="1" m="28055" /><E108/><V126/><F126/><W32/><G112/><T28/><D90/><U49/><E14/><V111/><F43/><W94/><G78/><T22/><D11/><U86/><E49/><V103/><F61/><AGARI ba="1,1" hai="60,61,63,85,86,96,100,107" m="28055,48203" machi="61" ten="30,1000,0" yaku="18,1" doraHai="122" who="1" fromWho="2" sc="249,0,231,23,128,-13,382,0" /><INIT seed="3,0,0,1,2,35" ten="249,254,115,382" oya="3" hai0="120,101,90,31,40,74,32,49,16,113,47,2,84" hai1="28,129,67,116,48,20,123,92,119,83,57,105,37" hai2="6,36,134,70,25,18,21,81,10,39,64,23,96" hai3="97,88,45,11,9,112,121,107,52,98,78,38,104"/><W14/><G38/><T82/><D120/><U124/><E105/><V58/><F70/><W13/><G78/><T24/><D2/><U109/><E37/><V122/><F81/><W34/><G34/><T100/><D113/><U27/><E123/><V68/><F68/><W0/><G45/><T125/><D125/><U3/><E3/><V46/><F46/><W73/><G0/><T75/><D16/><U102/><E109/><V89/><F134/><W103/><G52/><T42/><D42/><U114/><E114/><V26/><F122/><W65/><G112/><T131/><D131/><U60/><E124/><V62/><F39/><W115/><G115/><T7/><D7/><U86/><E48/><V128/><F128/><W56/><G56/><T94/><D101/><U71/><E71/><V61/><F36/><W53/><G53/><T72/><D100/><U87/><E129/><V118/><F118/><N who="1" m="45097" /><E83/><V41/><F41/><W132/><G103/><T95/><AGARI ba="0,0" hai="24,31,32,40,47,49,72,74,75,82,84,90,94,95" machi="95" ten="40,1500,0" yaku="0,1" doraHai="35" who="0" fromWho="0" sc="249,15,254,-4,115,-4,382,-7" owari="264,6.4,250,-15.0,111,-38.9,375,47.5" /></mjloggm>