<mjloggm ver="2.3"><GO type="225" lobby="0"/><UN n0="%E8%90%A9%E5%8E%9F%E9%9B%AA%E6%AD%A9" n1="%E3%81%A8%E3%82%93%E3%81%A8%E3%81%93%E3%81%A8%E3%82%93" n2="%E5%B5%90%E9%9B%B2%E3%81%AE%E3%82%AB%E3%83%A9%E3%82%B9" n3="%E3%81%B5%E3%81%98%E3%81%8B%E3%81%A4" dan="16,16,16,16" rate="2113.46,2095.51,2068.49,2098.66" sx="F,F,F,M"/><TAIKYOKU oya="0"/><INIT seed="0,0,0,0,4,65" ten="250,250,250,250" oya="0" hai0="27,102,126,51,107,97,134,105,13,90,0,104,46" hai1="127,101,31,20,118,3,94,63,9,89,129,133,37" hai2="7,115,56,116,132,2,38,14,5,128,88,106,54" hai3="33,28,96,81,76,21,92,25,110,114,39,85,1"/><T100/><D134/><U124/><E118/><V41/><F115/><W43/><G114/><T103/><D0/><U130/><E37/><V93/><F106/><W17/><G110/><T72/><D27/><N who="1" m="16871" /><E101/><V42/><F132/><W16/><G1/><T10/><D72/><U12/><E63/><V83/><F128/><N who="1" m="49257" /><E3/><V48/><F2/><W55/><G39/><T112/><D112/><U109/><E109/><V45/><F41/><W117/><G43/><T6/><D126/><U77/><E77/><V44/><F44/><W135/><G135/><T87/><D97/><N who="1" m="57551" /><E133/><V121/><F116/><W86/><G117/><T131/><D131/><U98/><E98/><V53/><F121/><W108/><G108/><T50/><REACH who="0" step="1"/><D46/><REACH who="0" ten="240,250,250,250" step="2"/><U120/><E120/><V40/><F45/><W8/><G96/><T18/><D18/><AGARI ba="0,1" hai="9,12,18,124,127" m="57551,49257,16871" machi="18" ten="30,1000,0" yaku="19,1" doraHai="65" who="1" fromWho="0" sc="240,-10,250,20,250,0,250,0" /><INIT seed="1,0,0,1,5,72" ten="230,270,250,250" oya="1" hai0="84,124,44,88,7,126,120,58,45,121,132,81,101" hai1="3,128,4,27,129,54,110,85,17,106,22,93,19" hai2="91,29,97,67,92,70,75,41,33,61,13,64,26" hai3="87,103,63,104,112,30,21,107,77,62,15,86,16"/><U115/><E115/><V76/><F64/><W43/><G112/><T100/><D132/><U18/><E106/><V117/><F117/><W5/><G107/><T73/><D7/><U24/><E110/><V114/><F114/><W14/><G43/><T11/><D11/><N who="1" m="2463" /><E54/><V1/><F1/><W48/><G104/><T53/><D73/><U90/><E22/><V51/><F13/><W74/><G103/><N who="0" m="39499" /><D58/><U71/><E71/><V38/><F38/><W60/><G30/><T23/><D23/><U122/><E122/><N who="0" m="47209" /><D53/><U131/><AGARI ba="0,0" hai="17,18,19,24,27,85,90,93,128,129,131" m="2463" machi="131" ten="40,2100,0" yaku="19,1" doraHai="72" who="1" fromWho="1" sc="230,-7,270,21,250,-7,250,-7" /><INIT seed="1,1,0,0,5,130" ten="223,291,243,243" oya="1" hai0="89,124,81,133,79,43,88,113,11,10,111,66,64" hai1="56,23,12,91,63,71,7,114,15,28,108,95,93" hai2="61,107,94,125,97,42,30,132,16,17,27,47,9" hai3="39,96,134,48,55,1,36,77,100,106,18,118,24"/><U21/><E114/><V90/><F125/><W44/><G1/><T117/><D113/><U33/><E71/><V68/><F132/><W25/><G77/><T32/><D117/><U49/><E108/><V52/><F107/><W74/><G74/><T105/><D32/><U4/><E33/><V0/><F0/><W85/><G118/><T26/><D105/><U45/><E28/><V41/><F9/><W116/><G116/><T35/><D111/><U99/><E15/><V50/><F42/><W92/><G134/><T127/><D43/><U101/><E7/><V53/><F53/><W72/><G72/><T2/><D133/><U126/><E12/><V84/><F84/><W119/><G119/><T58/><D26/><U83/><E83/><V73/><F73/><W14/><G25/><T6/><D11/><U59/><E4/><V70/><F70/><W78/><G24/><T54/><D35/><U128/><E128/><V31/><F31/><W122/><G122/><T76/><D66/><N who="1" m="39271" /><E59/><N who="2" m="35047" /><F68/><W75/><G75/><T69/><D64/><U3/><E3/><V60/><F60/><W109/><G109/><T19/><D69/><U82/><E126/><N who="0" m="48169" /><D19/><U115/><E115/><V57/><F57/><W34/><G34/><T65/><D65/><U13/><E45/><V112/><F112/><W104/><G104/><T86/><D79/><U40/><E40/><V98/><F98/><N who="3" m="61719" /><G78/><T29/><D29/><U120/><E99/><V38/><F38/><N who="3" m="14379" /><G85/><T121/><D121/><U67/><E120/><V51/><F51/><AGARI ba="1,0" hai="2,6,10,51,54,58,76,81,86,88,89" m="48169" machi="51" ten="30,2000,0" yaku="18,1,54,1" doraHai="130" who="0" fromWho="2" sc="223,23,291,0,243,-23,243,0" /><INIT seed="2,0,0,1,1,84" ten="246,291,220,243" oya="2" hai0="90,134,50,27,4,125,105,107,100,47,20,76,25" hai1="130,87,69,73,110,23,93,113,18,44,24,61,32" hai2="13,66,3,39,19,121,103,120,127,29,53,115,40" hai3="41,64,99,35,71,112,37,108,9,12,82,114,102"/><V124/><F3/><W117/><G117/><T95/><D134/><U60/><E113/><N who="3" m="43626" /><G35/><T2/><D76/><U116/><E116/><V8/><F115/><W106/><G82/><T80/><D80/><U28/><E73/><V86/><F103/><W59/><G71/><T63/><D63/><U96/><E69/><V36/><F66/><W83/><G83/><T17/><D125/><N who="2" m="48202" /><F29/><W104/><G108/><T94/><D94/><U65/><E110/><V48/><F86/><W111/><G111/><T132/><D27/><U97/><E87/><V5/><F5/><N who="3" m="3119" /><G41/><T30/><D100/><U123/><E123/><N who="2" m="47179" /><F40/><W118/><G37/><T119/><D119/><U131/><E65/><V109/><F109/><W135/><G135/><T1/><D132/><U11/><E130/><V126/><N who="2" m="48210" /><V6/><DORA hai="62" /><F6/><W43/><G43/><T31/><D4/><U72/><E131/><V58/><AGARI ba="0,0" hai="8,13,19,36,39,48,53,58" m="47179,48210" machi="58" ten="50,2400,0" yaku="18,1" doraHai="84,62" who="2" fromWho="2" sc="246,-8,291,-8,220,24,243,-8" /><INIT seed="2,1,0,2,2,31" ten="238,283,244,235" oya="2" hai0="18,83,74,27,57,121,13,33,0,124,3,68,82" hai1="91,19,123,71,60,61,63,77,11,46,24,37,54" hai2="52,10,105,88,42,30,114,129,92,89,110,95,102" hai3="45,48,101,22,90,100,79,36,106,72,1,120,7"/><V44/><F114/><W35/><G120/><T2/><D68/><U20/><E123/><V23/><F105/><W117/><G117/><T5/><D121/><U21/><E77/><V97/><F129/><W96/><G36/><T8/><D124/><U65/><E11/><V99/><F102/><W93/><G1/><T94/><D94/><U122/><E122/><V15/><F110/><W75/><G7/><T112/><D112/><U53/><E91/><V84/><F42/><W103/><G35/><T59/><D74/><N who="3" m="28201" /><G48/><T29/><REACH who="0" step="1"/><D5/><REACH who="0" ten="228,283,244,235" step="2"/><U32/><E71/><V39/><F84/><W108/><G108/><T125/><D125/><U47/><E65/><V98/><F98/><W132/><G106/><T56/><AGARI ba="1,1" hai="0,2,3,8,13,18,27,29,33,56,57,59,82,83" machi="56" ten="40,5200,0" yaku="1,1,0,1,52,1,53,0" doraHai="31" doraHaiUra="119" who="0" fromWho="0" sc="228,65,283,-14,244,-27,235,-14" /><INIT seed="3,0,0,2,3,65" ten="293,269,217,221" oya="3" hai0="91,17,29,76,134,79,6,95,89,116,26,67,3" hai1="44,55,123,37,75,9,30,105,19,108,88,47,124" hai2="78,13,120,39,98,97,122,41,77,80,114,53,35" hai3="12,34,56,86,71,90,15,46,22,18,0,48,130"/><W129/><G34/><T128/><D116/><U40/><E123/><N who="2" m="47147" /><F114/><W121/><G121/><T104/><D104/><U81/><E105/><V94/><F35/><W23/><G0/><T83/><D3/><U21/><E108/><V100/><F41/><W57/><G71/><T52/><D134/><U27/><E124/><V101/><F39/><W73/><G73/><T92/><D67/><U103/><E103/><V7/><F53/><W5/><G130/><T87/><D6/><U117/><E117/><V133/><F133/><W132/><G132/><T20/><D128/><U45/><E55/><V111/><F111/><W74/><G74/><T31/><D52/><U125/><E125/><V126/><F126/><W58/><G129/><T61/><D61/><U11/><E75/><N who="2" m="43071" /><F13/><W42/><G5/><T24/><D24/><U62/><E40/><V59/><F59/><W16/><G58/><T14/><D83/><AGARI ba="0,0" hai="12,15,16,18,22,23,42,46,48,56,57,83,86,90" machi="83" ten="30,11600,0" yaku="7,1,9,1,8,1,54,1" doraHai="65" who="3" fromWho="0" sc="293,-116,269,0,217,0,221,116" owari="177,-32.3,269,6.9,217,-18.3,337,43.7" /></mjloggm>