<mjloggm ver="2.3"><GO type="225" lobby="0"/><UN n0="%E9%80%9F%E6%B0%B4%E5%87%9B%E9%A6%99" n1="%72%61%6B%33" n2="%70%68%65%6E%6F%6D%65" n3="%E4%B8%89%E5%86%A0%E7%8E%8B%E3%83%BB%E5%B1%B1%E7%94%B0%E5%93%B2%E4%BA%BA" dan="16,16,17,16" rate="2133.86,2176.37,2192.72,2136.48" sx="F,M,M,M"/><TAIKYOKU oya="0"/><INIT seed="0,0,0,5,3,38" ten="250,250,250,250" oya="0" hai0="94,41,101,8,98,69,99,25,50,11,111,57,130" hai1="82,89,18,134,44,125,119,26,132,55,53,127,5" hai2="15,48,24,16,76,32,93,45,84,123,29,79,65" hai3="68,39,21,80,36,78,110,90,85,115,49,40,7"/><T2/><D69/><U20/><E119/><V1/><F123/><W28/><G115/><T13/><D130/><U128/><E5/><V108/><F108/><W74/><G110/><T129/><D129/><U66/><E66/><V112/><F112/><W105/><G68/><T62/><D111/><U0/><E0/><V23/><F65/><W52/><G7/><T126/><D126/><N who="1" m="48139" /><E128/><V31/><F31/><W131/><G105/><T60/><D2/><U106/><E106/><V43/><REACH who="2" step="1"/><F1/><REACH who="2" ten="250,250,240,250" step="2"/><W17/><G28/><T116/><D116/><U37/><E134/><V54/><F54/><W100/><G131/><T51/><D62/><U104/><E132/><V14/><F14/><W81/><G40/><T75/><D41/><N who="1" m="22575" /><E104/><V10/><F10/><W27/><REACH who="3" step="1"/><G100/><REACH who="3" ten="250,250,240,240" step="2"/><T77/><D101/><U71/><E71/><V35/><F35/><W58/><AGARI ba="0,2" hai="17,21,27,36,39,49,52,58,74,78,80,81,85,90" machi="58" ten="20,8000,1" yaku="1,1,2,1,0,1,7,1,54,1,53,0" doraHai="38" doraHaiUra="33" who="3" fromWho="3" sc="250,-40,250,-20,240,-20,240,100" /><INIT seed="1,0,0,1,2,74" ten="210,230,220,340" oya="1" hai0="133,128,79,22,62,21,0,105,108,107,87,32,3" hai1="109,39,7,89,43,27,45,5,124,71,106,12,123" hai2="76,48,82,36,126,113,67,135,54,68,16,129,99" hai3="40,13,29,110,83,18,100,78,4,112,26,85,58"/><U132/><E123/><V117/><F117/><W41/><G112/><T9/><D32/><U30/><E71/><V75/><F113/><W19/><G110/><T90/><D108/><U14/><E109/><V23/><F126/><W98/><G4/><T80/><D133/><U65/><E132/><V130/><F36/><W34/><G58/><T121/><D121/><U77/><E124/><V127/><F127/><W11/><REACH who="3" step="1"/><G18/><REACH who="3" ten="210,230,220,330" step="2"/><T96/><D128/><U118/><E5/><V114/><F114/><W17/><G17/><T72/><D0/><U25/><E7/><V111/><F135/><W2/><G2/><T44/><D3/><U125/><E125/><V61/><F111/><W15/><G15/><T49/><D9/><U91/><E12/><V50/><F129/><W59/><G59/><T24/><D24/><U95/><E14/><V53/><F130/><W88/><G88/><T42/><D62/><U104/><E25/><V73/><F73/><W6/><G6/><T115/><D115/><U120/><E27/><V86/><F75/><W63/><G63/><T134/><D134/><U131/><E131/><V116/><F116/><W35/><G35/><T8/><D8/><U56/><E118/><V33/><F33/><W70/><G70/><T47/><D21/><U101/><E89/><V64/><F68/><W46/><G46/><T10/><D22/><U38/><E91/><V69/><F69/><W122/><G122/><T81/><D10/><U60/><E120/><V20/><F16/><W55/><G55/><N who="0" m="30119" /><D96/><U84/><E60/><V66/><F61/><W57/><G57/><RYUUKYOKU ba="0,1" sc="210,15,230,-15,220,-15,330,15" hai0="42,47,72,79,80,81,87,90,105,107" hai3="11,13,19,26,29,34,40,41,78,83,85,98,100" /><INIT seed="2,1,1,0,2,67" ten="225,215,205,345" oya="2" hai0="71,47,113,21,133,97,69,29,134,52,3,18,111" hai1="93,81,108,53,10,109,110,118,100,28,87,105,131" hai2="48,57,80,41,26,132,64,99,114,96,102,35,14" hai3="13,126,38,32,135,79,72,56,31,6,63,15,120"/><V9/><F114/><W25/><G38/><T90/><D3/><U51/><E118/><V84/><F132/><N who="0" m="50794" /><D29/><U24/><E131/><V58/><F35/><W78/><G72/><T107/><D111/><U60/><E10/><V86/><F26/><W34/><G79/><T40/><D113/><U112/><E112/><V30/><F30/><W115/><G56/><T130/><D130/><U39/><E39/><V77/><F86/><W88/><G15/><T11/><D11/><U106/><E60/><V17/><F64/><W23/><G6/><T83/><D83/><U61/><E61/><V68/><F68/><N who="0" m="26186" /><D52/><U27/><E28/><V70/><F70/><W65/><G115/><T43/><D47/><U98/><E81/><V55/><F41/><W19/><G34/><T74/><D74/><U122/><E110/><V42/><F42/><W94/><G32/><T16/><D18/><U95/><E53/><N who="2" m="31911" /><F102/><W92/><G135/><T49/><D49/><AGARI ba="1,1" hai="9,14,17,49,55,58,77,80,84,96,99" m="31911" machi="49" ten="30,1500,0" yaku="8,1" doraHai="67" who="2" fromWho="0" sc="225,-18,215,0,205,28,345,0" /><INIT seed="2,2,0,2,0,71" ten="207,215,233,345" oya="2" hai0="81,86,36,25,87,49,42,99,104,128,121,29,97" hai1="6,64,55,94,63,17,96,127,85,129,16,107,106" hai2="8,93,50,10,12,41,52,120,115,80,3,58,134" hai3="34,28,72,105,77,30,4,116,112,26,68,91,117"/><V18/><F115/><W109/><G105/><T131/><D121/><U118/><E118/><V9/><F120/><W79/><G68/><T126/><D126/><U14/><E127/><V125/><F125/><W108/><G112/><T0/><D0/><U101/><E129/><N who="0" m="49737" /><D104/><U31/><E31/><V82/><F134/><W51/><G4/><T32/><D49/><U43/><E55/><V98/><F41/><W100/><G100/><T1/><D1/><U132/><E132/><V59/><F59/><W11/><G11/><N who="2" m="4169" /><F3/><W61/><G51/><T83/><D86/><U92/><E6/><V70/><F70/><W37/><G72/><T54/><D54/><U124/><E124/><V89/><AGARI ba="2,0" hai="10,12,18,50,52,58,80,82,89,93,98" m="4169" machi="89" ten="30,3000,0" yaku="8,1,54,1" doraHai="71" who="2" fromWho="2" sc="207,-12,215,-12,233,36,345,-12" /><INIT seed="2,3,0,2,1,131" ten="195,203,269,333" oya="2" hai0="26,19,118,63,117,2,13,92,23,103,5,93,40" hai1="1,22,47,125,96,62,114,83,81,75,49,124,34" hai2="82,76,132,87,69,42,126,98,50,53,25,59,72" hai3="86,95,65,46,36,106,17,48,101,109,133,119,11"/><V8/><F126/><W29/><G36/><T56/><D40/><U88/><E34/><V16/><F69/><W122/><G29/><T85/><D2/><U99/><E1/><V61/><F132/><W71/><G133/><T41/><D41/><U67/><E22/><V115/><F115/><W21/><G106/><T4/><D118/><U44/><E75/><V74/><F98/><W128/><G11/><T68/><D68/><U14/><E14/><V33/><F33/><W116/><G101/><T73/><D73/><U110/><E110/><V45/><REACH who="2" step="1"/><F8/><REACH who="2" ten="195,203,259,333" step="2"/><W104/><G71/><T134/><D134/><U89/><E114/><V129/><F129/><W20/><G128/><T18/><D117/><U37/><E99/><V30/><F30/><W24/><G119/><T38/><D38/><U102/><E37/><V55/><F55/><W51/><G116/><T52/><D103/><U32/><E96/><V84/><F84/><W54/><G86/><T0/><D0/><U28/><E32/><V77/><F77/><W94/><G54/><T9/><D85/><U135/><E135/><V10/><F10/><W127/><G127/><T91/><D91/><U12/><E102/><V79/><F79/><W15/><G65/><T31/><D31/><U60/><E28/><V58/><F58/><W43/><G43/><T105/><REACH who="0" step="1"/><D105/><REACH who="0" ten="185,203,259,333" step="2"/><U97/><E89/><V6/><F6/><AGARI ba="3,2" hai="4,5,6,9,13,18,19,23,26,52,56,63,92,93" machi="6" ten="40,8000,1" yaku="1,1,2,1,8,1,54,1,53,0" doraHai="131" doraHaiUra="123" who="0" fromWho="2" sc="185,109,203,0,259,-89,333,0" /><INIT seed="3,0,0,2,4,66" ten="294,203,170,333" oya="3" hai0="123,74,93,70,88,112,127,104,77,26,31,91,87" hai1="52,51,90,99,11,110,75,5,82,118,67,105,40" hai2="37,134,32,120,15,44,122,116,61,3,117,115,48" hai3="103,8,101,38,50,124,83,41,14,29,0,57,102"/><W63/><G0/><T95/><D123/><N who="2" m="47146" /><F3/><W113/><G113/><T85/><D127/><U34/><E110/><V96/><F32/><W130/><G130/><T109/><D109/><U24/><E118/><N who="2" m="45675" /><F15/><W60/><G38/><T1/><D1/><U13/><E34/><V9/><F9/><W28/><G83/><T62/><D104/><U68/><E24/><V7/><F7/><N who="3" m="3359" /><G63/><T54/><D112/><U92/><E105/><V80/><F80/><W12/><G12/><T114/><D114/><U111/><E111/><V16/><F115/><W119/><G124/><T4/><D4/><U43/><E82/><V100/><F37/><W72/><G72/><T121/><D121/><U20/><E75/><V39/><F39/><W132/><G119/><T17/><D17/><U45/><REACH who="1" step="1"/><E20/><REACH who="1" ten="294,193,170,333" step="2"/><V27/><F134/><W86/><G132/><T35/><D74/><U30/><E30/><V128/><F128/><W126/><G126/><T131/><D131/><U106/><E106/><N who="2" m="63751" /><F61/><AGARI ba="0,1" hai="5,11,13,40,43,45,51,52,61,67,68,90,92,99" machi="61" ten="40,5200,0" yaku="1,1,52,1,54,1,53,0" doraHai="66" doraHaiUra="69" who="1" fromWho="2" sc="294,0,193,62,170,-52,333,0" owari="294,9.4,255,-14.5,118,-38.2,333,43.3" /></mjloggm>