<mjloggm ver="2.3"><GO type="225" lobby="0"/><UN n0="%E3%81%A1%E3%82%85%E3%81%86%E3%81%A9%E3%81%8F%E8%B1%A1%E3%81%95%E3%82%93" n1="%E9%B3%B3%E6%9D%B1%E3%81%AE%E3%81%86%E3%81%95%E3%81%8E%E3%81%95%E3%82%93" n2="%E3%81%95%E3%81%8D%E3%81%9F%E3%81%BE%E6%9E%97%E6%AA%8E" n3="%E5%80%89%E6%A9%8B%EF%BC%A0%E4%BA%8B%E5%8B%99" dan="17,16,16,16" rate="2141.60,2170.11,2176.12,2091.66" sx="M,M,M,M"/><TAIKYOKU oya="0"/><INIT seed="0,0,0,3,4,69" ten="250,250,250,250" oya="0" hai0="38,17,5,98,54,104,103,116,24,4,7,100,68" hai1="130,43,111,32,53,105,40,110,102,75,86,121,30" hai2="22,82,47,2,9,64,65,133,46,37,13,122,39" hai3="27,127,89,120,73,70,29,87,128,72,34,76,119"/><T78/><D116/><U135/><E75/><V115/><F122/><W108/><G119/><T125/><D68/><U31/><E121/><V57/><F115/><W95/><G120/><T35/><D125/><U83/><E130/><V41/><F2/><W21/><G70/><T71/><D71/><U56/><E135/><V80/><F133/><W109/><G128/><T126/><D126/><U6/><E6/><V23/><F23/><W112/><G127/><T0/><D0/><U94/><E105/><V12/><F22/><W20/><G112/><T8/><D103/><U92/><E32/><V114/><F114/><W49/><G49/><T90/><D78/><U131/><E131/><V107/><F107/><W97/><G73/><T113/><D113/><U18/><E18/><V63/><F65/><W55/><G72/><T60/><D90/><U85/><E56/><V36/><F13/><W117/><G55/><T134/><D134/><U48/><E48/><V3/><F3/><W74/><G74/><T44/><D35/><U33/><E33/><V19/><REACH who="2" step="1"/><F47/><REACH who="2" ten="250,250,240,250" step="2"/><W51/><G20/><T58/><D24/><U123/><E123/><V61/><F61/><W62/><G34/><T132/><D132/><U99/><E31/><V96/><F96/><W93/><G117/><T50/><D60/><U10/><E30/><V52/><F52/><W26/><G62/><T129/><D129/><U118/><E53/><V25/><F25/><W88/><G27/><T42/><D8/><U14/><E10/><V66/><F66/><W84/><G26/><T67/><D67/><U28/><E118/><RYUUKYOKU ba="0,1" sc="250,15,250,-15,240,15,250,-15" hai0="4,5,7,17,38,42,44,50,54,58,98,100,104" hai2="9,12,19,36,37,39,41,46,57,63,64,80,82" /><INIT seed="0,1,1,1,1,34" ten="265,235,255,235" oya="0" hai0="81,40,25,56,66,74,127,118,43,69,3,109,130" hai1="104,52,113,117,110,92,103,87,35,91,16,114,1" hai2="33,64,77,12,101,99,94,82,133,105,124,36,80" hai3="39,54,98,67,38,63,108,123,27,95,132,68,76"/><T93/><D118/><U8/><E117/><V111/><F111/><W112/><G112/><N who="1" m="43114" /><E110/><V71/><F36/><W70/><G108/><T119/><D109/><U45/><E35/><V89/><F33/><W48/><G68/><T107/><D107/><U86/><E103/><V100/><F71/><W24/><G132/><T4/><D69/><U49/><E104/><V85/><F64/><W125/><G125/><T15/><D127/><U75/><E75/><N who="2" m="43071" /><F12/><W0/><G76/><T18/><D25/><U22/><E8/><V47/><F47/><W135/><G135/><T53/><D66/><U61/><E61/><V60/><F60/><W97/><G63/><T79/><D130/><U55/><E1/><V126/><F133/><W32/><G39/><T26/><D26/><N who="1" m="14663" /><E87/><N who="2" m="52543" /><F101/><W17/><G38/><T72/><D72/><U106/><E106/><V59/><F59/><W62/><G32/><T131/><D74/><U9/><E9/><V20/><F20/><W23/><G23/><T122/><D119/><U88/><E91/><AGARI ba="1,1" hai="82,85,91,99,100,105,124,126" m="52543,43071" machi="91" ten="30,3900,0" yaku="24,1,34,2" doraHai="34" who="2" fromWho="1" sc="265,0,235,-42,255,52,235,0" /><INIT seed="1,0,0,0,5,123" ten="265,193,307,235" oya="1" hai0="86,58,127,33,50,27,67,7,99,118,6,121,101" hai1="20,116,28,91,71,64,82,107,62,21,59,34,26" hai2="52,40,78,75,56,8,129,41,80,63,103,87,70" hai3="133,22,106,1,110,65,88,29,32,96,57,120,124"/><U54/><E116/><V16/><F129/><W122/><G1/><T83/><D127/><U49/><E91/><V94/><F70/><W35/><G124/><T43/><D118/><U47/><E82/><V102/><F75/><W23/><G106/><T112/><D112/><U46/><E46/><V13/><F94/><W97/><G57/><T4/><D121/><U135/><E135/><V105/><F105/><W115/><G65/><T104/><D43/><AGARI ba="0,0" hai="8,13,16,40,41,43,52,56,63,78,80,87,102,103" machi="43" ten="40,5200,0" yaku="8,1,54,2" doraHai="123" who="2" fromWho="0" sc="265,-52,193,0,307,52,235,0" /><INIT seed="2,0,0,2,4,40" ten="213,193,359,235" oya="2" hai0="68,135,49,1,50,24,84,118,53,76,58,71,69" hai1="64,93,94,111,46,79,42,2,31,63,57,61,19" hai2="127,20,36,102,35,38,17,107,80,101,6,22,97" hai3="109,65,87,114,21,37,52,44,99,28,104,77,81"/><V67/><F127/><W29/><G109/><T85/><D1/><U12/><E111/><V30/><F35/><W8/><G114/><T5/><D118/><U133/><E133/><V132/><F132/><W60/><G8/><T100/><D135/><U110/><E110/><V4/><F67/><W134/><G134/><T9/><D100/><U120/><E2/><V125/><F125/><W75/><G75/><T18/><D76/><U113/><E113/><V89/><F30/><W10/><G10/><T23/><REACH who="0" step="1"/><D49/><REACH who="0" ten="203,193,359,235" step="2"/><N who="1" m="26839" /><E120/><V91/><F102/><W3/><G77/><T43/><D43/><U130/><E130/><V90/><F101/><W117/><G3/><T126/><D126/><U59/><E79/><V11/><F38/><W74/><G37/><T86/><D86/><U82/><E82/><V72/><F80/><W16/><G81/><T115/><D115/><U33/><E33/><V41/><F36/><W92/><G117/><T128/><D128/><U25/><E94/><V66/><F41/><W62/><G92/><T103/><D103/><U73/><E93/><V0/><F0/><W108/><G108/><T34/><D34/><U121/><E121/><V51/><F107/><W13/><G104/><T32/><D32/><N who="1" m="20591" /><E73/><V106/><F72/><W48/><G74/><T45/><D45/><U70/><E63/><V96/><F106/><W7/><G62/><T27/><D27/><U55/><E55/><V56/><F96/><W54/><G99/><T119/><D119/><U39/><E39/><V131/><F97/><W122/><G122/><T123/><D123/><U83/><E83/><RYUUKYOKU ba="0,1" sc="203,15,193,15,359,-15,235,-15" hai0="5,9,18,23,24,50,53,58,68,69,71,84,85" hai1="12,19,57,59,61,64,70" /><INIT seed="3,1,1,2,4,38" ten="218,208,344,220" oya="3" hai0="10,108,119,51,1,11,132,100,78,85,126,57,17" hai1="129,94,31,37,26,64,55,69,62,97,35,44,82" hai2="135,116,113,89,72,130,4,80,58,110,23,106,24" hai3="42,107,112,25,52,73,20,3,29,63,133,105,54"/><W67/><G112/><T103/><D119/><U50/><E37/><V59/><F110/><W81/><G3/><T114/><D108/><U30/><E30/><V87/><F113/><W90/><G133/><T0/><D114/><U22/><E129/><V111/><F111/><W49/><G107/><T123/><D123/><U13/><E82/><V102/><F116/><W46/><G105/><T76/><D132/><U65/><E65/><V7/><F135/><W28/><G28/><T41/><D57/><U125/><E125/><V43/><F130/><W75/><G75/><T61/><D61/><U8/><E35/><V71/><F71/><W131/><G131/><T2/><D126/><U96/><E94/><V66/><F72/><W79/><REACH who="3" step="1"/><G90/><REACH who="3" ten="218,208,344,210" step="2"/><T12/><D0/><U47/><E47/><V33/><F106/><W93/><G93/><T91/><D1/><U127/><E127/><V88/><F88/><W15/><G15/><T118/><D91/><U92/><E92/><V99/><F89/><W120/><G120/><T27/><D12/><U56/><E44/><V122/><F122/><W109/><G109/><T14/><D14/><U21/><E21/><V40/><F23/><W48/><G48/><T98/><D51/><U117/><E117/><V124/><F124/><W45/><G45/><T128/><D118/><U77/><E77/><V19/><F80/><W6/><G6/><AGARI ba="1,2" hai="6,8,13,22,26,31,50,55,56,62,64,69,96,97" machi="6" ten="30,1000,0" yaku="7,1" doraHai="38" who="1" fromWho="3" sc="218,0,208,33,344,0,210,-13" owari="218,-18.2,241,4.1,344,44.4,197,-30.3" /></mjloggm>