<mjloggm ver="2.3"><GO type="225" lobby="0"/><UN n0="%6D%75%75%6D%75%72%61" n1="%E3%81%8B%E3%82%8F%E3%81%A1%E3%82%83%E3%82%93%35%38" n2="%6B%65%6E%6E%64%69" n3="%72%65%6E%6B%75%6E" dan="16,16,16,17" rate="2181.39,2084.69,2153.27,2298.26" sx="F,M,M,M"/><TAIKYOKU oya="0"/><INIT seed="0,0,0,3,2,13" ten="250,250,250,250" oya="0" hai0="108,93,14,99,22,120,114,43,83,87,95,121,42" hai1="94,2,106,36,63,104,56,116,97,15,5,54,45" hai2="102,1,18,6,96,59,90,39,32,72,25,49,11" hai3="122,80,62,64,50,124,131,67,70,115,127,92,41"/><T126/><D114/><U84/><E2/><V60/><F39/><W113/><G80/><T81/><D126/><N who="3" m="48169" /><G92/><T78/><D108/><U109/><E116/><V20/><F72/><W100/><G100/><T125/><D125/><U7/><E109/><V111/><F111/><W75/><G75/><T33/><D33/><U26/><E84/><V68/><F68/><W133/><G131/><T27/><D81/><U76/><E76/><V88/><F49/><W51/><G133/><T21/><D14/><U29/><E104/><V71/><F71/><N who="3" m="42391" /><G122/><T65/><D65/><U9/><E106/><V89/><F32/><W105/><G105/><T86/><D86/><U35/><E36/><V112/><F112/><N who="3" m="43083" /><G41/><T4/><D95/><U135/><E135/><V74/><F74/><W52/><G52/><T57/><D120/><U0/><E45/><V28/><F102/><W16/><G16/><T98/><D121/><U12/><REACH who="1" step="1"/><E7/><REACH who="1" ten="250,240,250,250" step="2"/><V38/><F96/><W23/><G23/><T31/><D21/><U69/><E69/><V19/><REACH who="2" step="1"/><F38/><REACH who="2" ten="250,240,240,250" step="2"/><W24/><G70/><T110/><D98/><U118/><E118/><V34/><F34/><W10/><G51/><T48/><D110/><U107/><E107/><V77/><F77/><W73/><G50/><T101/><D4/><U8/><E8/><V37/><F37/><W17/><G73/><T123/><D123/><U129/><E129/><V58/><F58/><W55/><G10/><T44/><D57/><U47/><E47/><V79/><F79/><W91/><G91/><AGARI ba="0,2" hai="0,5,9,12,15,26,29,35,54,56,63,91,94,97" machi="91" ten="30,2000,0" yaku="1,1,7,1,53,0" doraHai="13" doraHaiUra="82" who="1" fromWho="3" sc="250,0,240,40,240,0,250,-20" /><INIT seed="1,0,0,2,5,50" ten="250,280,240,230" oya="1" hai0="130,135,118,72,101,65,95,57,125,89,16,49,126" hai1="88,108,127,76,129,11,134,12,113,37,83,99,60" hai2="47,128,107,39,44,131,3,70,20,92,104,21,35" hai3="43,80,40,74,97,112,61,30,121,41,87,122,5"/><U120/><E113/><V73/><F70/><W64/><G74/><T102/><D118/><U36/><E120/><V38/><F73/><W67/><G112/><T115/><D115/><U78/><E129/><N who="2" m="49739" /><F92/><W77/><G5/><T18/><D130/><U34/><E34/><V94/><F94/><W26/><G97/><T132/><D72/><U15/><E37/><N who="2" m="13835" /><F35/><W55/><G55/><N who="0" m="31983" /><D65/><U69/><E36/><V98/><F98/><W84/><G87/><N who="0" m="52671" /><D101/><U51/><E69/><V9/><F3/><W91/><G77/><T10/><D10/><U85/><E99/><V59/><F9/><W42/><N who="3" m="10240" /><DORA hai="110" /><W56/><REACH who="3" step="1"/><G64/><REACH who="3" ten="250,280,240,220" step="2"/><T4/><D4/><U63/><E78/><V54/><F47/><W75/><G75/><T58/><D102/><U13/><E76/><V23/><F44/><W119/><G119/><T81/><D81/><U86/><E83/><V0/><F0/><W66/><G66/><T8/><D125/><U27/><E127/><V133/><F133/><W2/><G2/><T28/><D126/><U14/><E134/><V32/><F32/><AGARI ba="0,1" hai="26,30,32,56,61,67,80,84,91,121,122" m="10240" machi="32" ten="50,1600,0" yaku="1,1,53,0" doraHai="50,110" doraHaiUra="109,33" who="3" fromWho="2" sc="250,0,280,0,240,-16,220,26" /><INIT seed="2,0,0,4,4,66" ten="250,280,224,246" oya="2" hai0="118,119,81,69,82,1,90,84,128,21,4,134,54" hai1="50,51,68,94,32,64,59,0,2,38,114,120,65" hai2="80,87,70,131,108,111,72,125,34,11,96,18,102" hai3="16,106,47,109,45,133,91,30,71,83,27,44,29"/><V26/><F131/><W12/><G106/><T48/><D128/><U115/><E94/><V130/><F130/><W117/><G117/><N who="0" m="44555" /><D134/><U132/><E59/><V35/><F125/><W99/><G133/><T37/><D37/><U53/><E132/><V76/><F72/><W75/><G109/><N who="2" m="42057" /><F70/><W40/><G71/><T17/><D69/><U3/><E68/><V101/><F101/><W74/><G40/><T39/><D39/><U103/><E38/><V63/><F63/><W9/><G29/><T112/><D112/><N who="1" m="43051" /><E103/><V20/><F11/><W105/><G105/><AGARI ba="0,0" hai="18,20,26,34,35,76,80,87,96,102,105" m="42057" machi="105" ten="30,2900,0" yaku="14,1,10,1" doraHai="66" who="2" fromWho="3" sc="250,0,280,0,224,29,246,-29" /><INIT seed="2,1,0,5,5,82" ten="250,280,253,217" oya="2" hai0="19,129,4,69,86,126,1,94,58,99,37,121,67" hai1="75,72,73,115,105,128,116,109,50,30,120,27,70" hai2="25,45,24,125,23,36,5,133,20,33,47,53,35" hai3="68,106,2,92,84,38,29,42,93,34,102,65,31"/><V7/><F133/><W88/><G2/><T87/><D121/><U66/><E105/><V95/><F125/><W76/><G76/><T63/><D126/><U32/><E115/><V59/><F95/><W83/><G38/><T10/><D129/><U16/><E116/><V97/><F97/><N who="3" m="61775" /><G29/><T130/><D130/><U78/><E128/><V90/><F90/><W123/><G123/><T14/><D37/><U104/><E104/><V61/><F36/><W80/><G42/><T89/><REACH who="0" step="1"/><D69/><REACH who="0" ten="240,280,253,217" step="2"/><U96/><E70/><V11/><F35/><W100/><G100/><T91/><D91/><U0/><E120/><V64/><F33/><W48/><G80/><T71/><D71/><U119/><E32/><V98/><F5/><W21/><G21/><AGARI ba="1,1" hai="1,4,10,14,19,21,58,63,67,86,87,89,94,99" machi="21" ten="30,7700,0" yaku="1,1,7,1,52,2,53,0" doraHai="82" doraHaiUra="79" who="0" fromWho="3" sc="240,90,280,0,253,0,217,-80" /><INIT seed="3,0,0,1,3,62" ten="330,280,253,137" oya="3" hai0="113,37,124,133,125,22,43,65,60,73,122,17,44" hai1="54,76,82,66,92,86,120,102,100,116,45,71,95" hai2="53,85,107,24,39,104,89,26,123,59,90,1,63" hai3="41,15,75,114,4,57,91,111,110,56,9,93,49"/><W67/><G75/><T121/><D133/><U105/><E120/><V55/><F123/><W96/><G114/><T129/><D129/><U77/><E116/><V3/><F39/><W31/><G31/><T5/><D5/><U135/><E135/><V21/><F63/><W131/><G131/><T127/><D73/><U83/><E45/><V58/><F85/><W84/><G96/><T52/><D52/><U7/><E7/><V18/><F21/><W13/><G13/><N who="0" m="9519" /><D113/><U11/><E54/><V97/><F18/><W128/><G128/><T87/><D87/><N who="1" m="48583" /><E66/><V130/><F130/><W117/><G117/><T99/><D99/><AGARI ba="0,0" hai="1,3,24,26,53,55,58,59,89,90,97,99,104,107" machi="99" ten="25,1600,0" yaku="22,2" doraHai="62" who="2" fromWho="0" sc="330,-16,280,0,253,16,137,0" owari="314,41.4,280,8.0,269,-13.1,137,-36.3" /></mjloggm>