<mjloggm ver="2.3"><GO type="225" lobby="0"/><UN n0="%E9%B3%B3%E6%9D%B1%E3%81%AE%E3%81%86%E3%81%95%E3%81%8E%E3%81%95%E3%82%93" n1="%6E%69%63%6F%6E%74%6F" n2="%E3%80%93%E3%81%97%E3%83%BC%E3%82%89%E3%80%93" n3="%6D%75%75%73%61%6E%6D%75" dan="17,16,16,16" rate="2246.60,2091.95,2109.45,2116.78" sx="M,M,M,F"/><TAIKYOKU oya="0"/><INIT seed="0,0,0,5,1,111" ten="250,250,250,250" oya="0" hai0="7,19,43,0,21,107,53,117,29,95,85,63,9" hai1="13,104,122,20,1,62,27,109,75,97,110,81,45" hai2="32,18,114,92,120,44,10,46,133,67,40,14,78" hai3="73,77,86,106,54,58,115,112,68,59,123,42,101"/><T74/><D117/><U71/><E122/><V64/><F32/><W4/><G68/><T2/><D107/><U124/><E1/><V83/><F120/><W90/><G123/><T3/><D74/><U5/><E124/><V57/><F133/><W50/><G4/><T35/><D43/><U119/><E119/><V103/><F114/><W89/><G42/><T118/><D118/><U131/><E45/><V61/><F67/><W87/><G73/><T93/><D63/><U15/><E97/><V91/><F103/><W82/><G59/><T134/><D53/><U34/><E104/><V17/><F17/><W55/><G55/><T70/><D70/><U8/><E34/><V48/><F46/><W37/><G37/><T23/><D134/><U24/><E131/><V116/><F116/><W135/><G135/><T36/><D36/><U47/><E47/><V12/><F12/><W33/><G33/><T49/><D49/><U127/><E15/><V56/><F56/><W31/><G31/><T28/><D35/><U88/><E75/><V60/><F60/><W121/><G121/><T65/><D65/><N who="1" m="41399" /><E20/><N who="0" m="7753" /><D7/><U126/><E127/><V69/><F69/><W41/><G41/><T80/><D9/><U38/><E38/><V130/><F130/><W100/><G77/><N who="0" m="46223" /><D19/><U105/><E105/><V72/><F92/><N who="0" m="35402" /><D29/><U96/><E126/><V108/><REACH who="2" step="1"/><F91/><REACH who="2" ten="250,250,240,250" step="2"/><W16/><G16/><T6/><D28/><U79/><E79/><V51/><F51/><W98/><G101/><T129/><D129/><U102/><E102/><V76/><F76/><W39/><G39/><T125/><D125/><RYUUKYOKU ba="0,1" sc="250,10,250,-30,240,10,250,10" hai0="0,2,3,6" hai2="10,14,18,40,44,48,57,61,64,72,78,83,108" hai3="50,54,58,82,86,87,89,90,98,100,106,112,115" /><INIT seed="0,1,1,0,5,50" ten="260,220,250,260" oya="0" hai0="91,114,33,6,101,34,104,117,5,32,10,26,100" hai1="62,67,97,127,123,90,28,22,125,48,99,65,63" hai2="113,135,105,20,11,21,132,134,108,81,83,60,71" hai3="13,2,58,66,57,23,131,59,25,69,55,56,88"/><T35/><D114/><U47/><E22/><N who="2" m="8811" /><F105/><W128/><G2/><T72/><D117/><U111/><E28/><V74/><F113/><W107/><G107/><T31/><D72/><U16/><E123/><V86/><F74/><W14/><G69/><T133/><D133/><U94/><E16/><V122/><F122/><W129/><G66/><T53/><D104/><U8/><E8/><V126/><F108/><W17/><REACH who="3" step="1"/><G88/><REACH who="3" ten="260,220,250,250" step="2"/><T79/><D91/><U18/><E111/><V75/><F71/><W118/><G118/><T51/><D79/><U96/><E67/><V52/><F132/><W116/><G116/><T70/><D70/><U124/><E65/><V106/><F134/><W92/><G92/><T78/><D78/><U49/><E49/><AGARI ba="1,2" hai="13,14,17,23,25,49,55,56,57,58,59,128,129,131" machi="49" ten="50,6400,0" yaku="1,1,19,1,52,1,53,0" doraHai="50" doraHaiUra="3" who="3" fromWho="1" sc="260,0,220,-67,250,0,250,87" /><INIT seed="1,0,0,0,5,89" ten="260,153,250,337" oya="1" hai0="17,93,11,90,38,124,7,105,92,44,46,3,91" hai1="134,74,108,43,62,55,76,121,45,115,22,123,42" hai2="26,133,48,77,52,28,88,111,106,49,25,6,107" hai3="129,50,132,10,63,114,86,94,75,95,96,1,34"/><U116/><E74/><V101/><F133/><W54/><G75/><T51/><D105/><U66/><E76/><V53/><F77/><W125/><G34/><T82/><D124/><U72/><E72/><V122/><F6/><W135/><G114/><T131/><D131/><U99/><E99/><V65/><F65/><W102/><G129/><T117/><D117/><U104/><E104/><V31/><F101/><W35/><G35/><T21/><D38/><U60/><E22/><V127/><F88/><N who="0" m="33834" /><D3/><U71/><E115/><V13/><F13/><W103/><G86/><T112/><D112/><U9/><E9/><V68/><F68/><W5/><G125/><T8/><D82/><U83/><E83/><V20/><F127/><W98/><G63/><T27/><D46/><AGARI ba="0,0" hai="1,5,10,46,50,54,94,95,96,98,102,103,132,135" machi="46" ten="40,5200,0" yaku="9,1,52,2" doraHai="89" who="3" fromWho="0" sc="260,-52,153,0,250,0,337,52" /><INIT seed="2,0,0,3,1,50" ten="208,153,250,389" oya="2" hai0="65,123,71,64,26,126,48,119,103,69,101,41,118" hai1="100,91,104,34,13,46,28,93,80,114,106,131,77" hai2="18,125,45,92,99,86,11,130,27,87,57,25,31" hai3="67,4,37,112,29,98,76,129,17,43,9,32,61"/><V22/><F125/><W74/><G129/><T72/><D72/><U19/><E114/><V10/><F130/><W105/><G17/><T12/><D126/><U133/><E131/><V82/><F45/><N who="3" m="23791" /><G112/><T38/><D38/><U95/><E133/><V62/><F27/><W111/><G111/><T53/><D41/><U116/><E116/><N who="0" m="44585" /><D12/><U35/><E95/><V68/><F68/><N who="0" m="26186" /><D26/><U85/><E28/><V59/><F59/><W81/><G29/><T124/><D124/><U117/><E117/><V5/><F5/><W8/><G8/><N who="2" m="3113" /><F82/><W107/><G32/><T55/><D123/><U16/><E46/><V52/><F31/><W109/><G109/><T30/><D30/><U121/><E121/><V0/><F0/><N who="3" m="135" /><G98/><T83/><D83/><U132/><E132/><V60/><F60/><W2/><G2/><T128/><D128/><U102/><E106/><V44/><F44/><W56/><AGARI ba="0,0" hai="56,61,67,74,76,81,105,107" m="135,23791" machi="56" ten="30,1100,0" yaku="25,1" doraHai="50" who="3" fromWho="3" sc="208,-3,153,-3,250,-5,389,11" /><INIT seed="3,0,0,1,0,39" ten="205,150,245,400" oya="3" hai0="102,131,89,98,71,15,132,130,72,35,123,7,80" hai1="88,86,61,62,73,18,40,64,8,121,114,135,126" hai2="54,50,45,97,26,75,24,96,112,70,46,110,134" hai3="128,83,94,120,32,36,107,65,4,29,87,14,30"/><W127/><G107/><T68/><D35/><U103/><E114/><V17/><F75/><W69/><G36/><T12/><D123/><U77/><E121/><V76/><F70/><N who="0" m="26666" /><D7/><U118/><E118/><V59/><F76/><W13/><G127/><T116/><D116/><U38/><E126/><V37/><F112/><W100/><G128/><N who="0" m="49195" /><D132/><U16/><E135/><V48/><F110/><W21/><G32/><T78/><D89/><U1/><E103/><V84/><F134/><W92/><G92/><AGARI ba="0,0" hai="12,15,72,78,80,92,98,102" m="49195,26666" machi="92" ten="30,1000,0" yaku="19,1" doraHai="39" who="0" fromWho="3" sc="205,10,150,0,245,0,400,-10" owari="215,-18.5,150,-35.0,245,4.5,390,49.0" /></mjloggm>