<mjloggm ver="2.3"><GO type="225" lobby="0"/><UN n0="%E8%B6%85%E7%B4%9A%E9%B3%B3%E5%87%B0" n1="%E3%80%93%E3%81%97%E3%83%BC%E3%82%89%E3%80%93" n2="%EF%BC%B3%E3%81%9E%E3%81%88%E2%98%86" n3="%E3%81%B5%E3%81%98%E3%81%8B%E3%81%A4" dan="17,16,16,17" rate="2141.47,2162.37,2098.70,2216.65" sx="F,M,F,M"/><TAIKYOKU oya="0"/><INIT seed="0,0,0,0,4,47" ten="250,250,250,250" oya="0" hai0="2,113,114,127,82,37,72,116,132,50,65,0,110" hai1="14,85,108,118,67,105,78,29,15,95,7,68,124" hai2="73,3,129,44,41,104,97,11,83,126,36,42,58" hai3="93,125,111,128,77,17,59,5,40,38,24,57,99"/><T16/><D116/><U66/><E105/><V123/><F58/><W120/><G111/><T115/><D37/><U20/><E108/><V87/><F42/><W112/><G112/><T35/><D110/><U100/><E68/><V107/><F87/><W55/><G5/><T56/><D35/><U135/><E135/><V13/><F13/><W4/><G4/><T6/><D132/><U109/><E124/><V80/><F80/><W26/><G77/><T74/><D127/><U25/><E118/><V34/><F129/><W23/><G128/><T32/><D32/><U70/><E70/><V52/><F52/><W62/><G125/><T94/><D94/><U92/><E109/><V39/><F39/><W12/><G120/><T88/><D16/><U51/><E95/><V71/><F97/><W48/><G38/><T130/><D130/><U91/><E78/><N who="2" m="44495" /><F123/><W1/><G1/><T89/><D2/><U106/><E100/><V18/><F18/><W81/><G81/><T45/><D56/><U64/><E106/><V75/><F75/><N who="0" m="28714" /><D82/><U61/><E61/><V43/><F43/><W28/><G40/><N who="0" m="24871" /><D65/><U8/><E15/><V49/><F126/><W122/><G122/><T131/><D131/><U10/><E10/><V46/><F71/><W119/><G119/><T79/><D79/><U96/><E96/><V9/><F34/><W133/><G133/><T76/><D76/><U84/><E84/><V103/><F103/><N who="3" m="60911" /><G28/><T53/><D53/><AGARI ba="0,0" hai="12,17,23,24,26,48,53,55,57,59,62" m="60911" machi="53" ten="30,2000,0" yaku="8,1,52,1" doraHai="47" who="3" fromWho="0" sc="250,-20,250,0,250,0,250,20" /><INIT seed="1,0,0,4,2,3" ten="230,250,250,270" oya="1" hai0="38,14,34,4,119,76,124,85,112,93,64,68,45" hai1="2,1,101,13,100,24,23,51,58,132,79,39,26" hai2="55,41,57,127,73,111,120,128,91,20,43,53,122" hai3="46,107,103,32,126,25,92,131,21,52,121,22,123"/><U60/><E39/><V115/><F73/><W84/><G107/><T82/><D112/><U65/><E132/><V75/><F75/><W48/><G126/><T63/><D119/><U10/><E1/><V7/><F115/><W8/><G131/><T6/><D34/><U102/><E2/><V88/><F57/><W44/><G32/><T74/><D124/><U47/><E79/><V0/><F0/><W49/><G8/><T19/><D74/><U135/><E23/><V12/><F127/><W30/><G21/><T69/><D69/><U89/><E89/><N who="2" m="34379" /><F20/><W61/><G61/><T72/><D72/><U114/><E135/><V113/><F12/><W31/><G84/><T77/><D77/><U129/><E129/><V28/><F128/><W42/><REACH who="3" step="1"/><G31/><REACH who="3" ten="230,250,250,260" step="2"/><T40/><D93/><U108/><E114/><V94/><F28/><W99/><AGARI ba="0,1" hai="22,25,30,42,44,46,48,49,52,92,99,103,121,123" machi="99" ten="30,7900,0" yaku="1,1,2,1,0,1,54,1,53,0" doraHai="3" doraHaiUra="130" who="3" fromWho="3" sc="230,-20,250,-39,250,-20,260,89" /><INIT seed="2,0,0,4,1,78" ten="210,211,230,349" oya="2" hai0="84,55,113,77,67,9,102,110,71,25,90,2,117" hai1="85,3,29,75,114,128,73,119,22,107,129,131,47" hai2="31,10,16,45,96,56,27,92,50,61,14,18,134" hai3="37,63,121,93,24,69,12,15,72,115,100,1,81"/><V79/><F134/><W8/><G121/><T76/><D113/><U33/><E3/><V30/><F79/><W120/><G37/><T98/><D110/><U5/><E5/><V130/><F130/><W103/><G120/><T95/><D117/><U101/><E119/><V7/><F31/><W127/><G127/><T38/><D38/><U88/><E114/><V51/><F51/><W49/><G24/><T19/><D55/><U105/><E33/><V4/><F4/><W44/><G1/><T57/><D71/><U35/><E35/><V91/><F30/><W40/><G15/><N who="0" m="7663" /><D2/><U132/><E132/><V46/><F27/><W0/><G93/><N who="0" m="54471" /><D25/><N who="1" m="16567" /><E47/><N who="2" m="17931" /><F50/><W82/><G72/><N who="1" m="27722" /><E101/><V99/><F99/><W97/><G0/><T26/><D26/><U64/><E64/><AGARI ba="0,0" hai="7,10,14,16,18,56,61,64,91,92,96" m="17931" machi="64" ten="30,2900,0" yaku="8,1,54,1" doraHai="78" who="2" fromWho="1" sc="210,0,211,-29,230,29,349,0" /><INIT seed="2,1,0,3,5,112" ten="210,182,259,349" oya="2" hai0="40,20,62,90,53,128,113,130,48,65,13,57,84" hai1="38,79,100,27,82,95,69,45,119,67,4,72,106" hai2="129,133,80,15,5,0,8,121,64,87,59,36,96" hai3="111,55,120,41,86,16,32,125,103,73,98,118,94"/><V37/><F121/><W33/><G118/><T17/><D40/><N who="1" m="22679" /><E95/><V18/><F133/><W21/><G120/><T83/><REACH who="0" step="1"/><D113/><REACH who="0" ten="200,182,259,349" step="2"/><U9/><E27/><V108/><F37/><W85/><G41/><T51/><D51/><U89/><E89/><V34/><F36/><W52/><G32/><T110/><D110/><U101/><E119/><V1/><F34/><W104/><G33/><T47/><AGARI ba="1,1" hai="13,17,20,47,48,53,57,62,65,83,84,90,128,130" machi="47" ten="30,4000,0" yaku="1,1,0,1,53,1" doraHai="112" doraHaiUra="78" who="0" fromWho="0" sc="200,53,182,-11,259,-21,349,-11" /><INIT seed="3,0,0,1,5,44" ten="253,171,238,338" oya="3" hai0="79,105,37,64,88,134,90,65,24,104,57,47,53" hai1="12,17,97,118,4,10,46,71,109,93,2,112,135" hai2="98,33,120,43,42,21,121,39,100,41,36,91,95" hai3="75,86,30,9,3,78,73,108,131,66,18,45,58"/><W1/><G30/><T22/><D134/><U127/><E71/><V31/><F33/><W119/><G58/><T19/><D79/><U89/><E135/><V7/><F7/><W67/><G18/><T132/><D132/><U13/><E118/><V84/><F31/><W87/><G45/><T32/><D32/><U23/><E109/><V74/><F21/><W56/><G56/><T60/><D64/><U27/><E127/><V111/><F74/><W20/><G20/><T122/><D122/><N who="2" m="47210" /><F111/><W35/><G9/><T16/><D19/><U76/><E112/><V0/><F0/><W114/><G78/><T129/><D129/><U70/><E70/><V124/><F124/><W8/><G8/><T15/><D15/><U68/><E68/><V5/><F5/><W29/><G29/><T25/><D25/><U6/><E76/><V133/><F133/><W40/><G35/><T125/><D125/><U130/><E130/><V80/><AGARI ba="0,0" hai="36,39,41,42,43,80,84,91,95,98,100" m="47210" machi="80" ten="30,1100,0" yaku="13,1" doraHai="44" who="2" fromWho="2" sc="253,-3,171,-3,238,11,338,-5" owari="250,5.0,168,-33.2,249,-15.1,333,43.3" /></mjloggm>