<mjloggm ver="2.3"><GO type="225" lobby="0"/><UN n0="%E6%A1%9C%E8%8A%B1%E9%96%83%E3%80%85" n1="%E3%82%B8%E3%83%A3%E3%83%9E%E3%83%BC%E3%83%AB%E3%83%9E%E3%83%AC%E3%83%BC" n2="%E6%97%A5%E6%9B%9C%E6%97%A5%E3%82%88%E3%82%8A%E3%81%AE%E4%BD%BF%E8%80%85" n3="%4B%2E%32%2E%4B%2E" dan="18,17,18,16" rate="2204.65,2199.97,2162.52,2112.77" sx="M,M,M,M"/><TAIKYOKU oya="0"/><INIT seed="0,0,0,4,4,112" ten="250,250,250,250" oya="0" hai0="60,128,71,38,83,24,100,4,48,12,61,63,93" hai1="120,0,14,121,50,72,11,96,117,132,116,82,135" hai2="40,81,58,103,49,45,43,125,64,47,54,119,18" hai3="75,39,127,69,17,78,23,91,6,31,44,35,29"/><T3/><D3/><U79/><E50/><V70/><F103/><W129/><G69/><T9/><D38/><U41/><E41/><V20/><F125/><W84/><G35/><T89/><D128/><U10/><E96/><V42/><F81/><W90/><G6/><T77/><D71/><U51/><E51/><V56/><F119/><N who="1" m="45641" /><E11/><V57/><F18/><W80/><G127/><T101/><D24/><U65/><E65/><V107/><F20/><W2/><G129/><T126/><D48/><U111/><E111/><V7/><F7/><W37/><G2/><T53/><D53/><U95/><E95/><V108/><F107/><W55/><G55/><T52/><D126/><U87/><E87/><V118/><F108/><W110/><G110/><T16/><D4/><N who="1" m="1287" /><E14/><V123/><F118/><W109/><G109/><T130/><D130/><U131/><E131/><V133/><F123/><AGARI ba="0,0" hai="72,79,82,120,121,123,132,135" m="1287,45641" machi="123" ten="30,7700,0" yaku="23,1,52,3" doraHai="112" who="1" fromWho="2" sc="250,0,250,77,250,-77,250,0" /><INIT seed="1,0,0,5,2,29" ten="250,327,173,250" oya="1" hai0="8,47,94,76,114,72,20,110,108,10,39,25,42" hai1="53,28,102,33,6,122,5,14,46,88,117,98,121" hai2="49,80,79,78,71,63,77,131,93,115,58,34,69" hai3="55,13,82,12,61,91,27,11,7,84,57,22,48"/><U32/><E117/><V45/><F131/><W59/><G13/><T67/><D114/><U127/><E28/><V41/><F115/><W96/><G96/><T120/><D67/><U116/><E116/><V104/><F104/><W99/><G99/><T52/><D120/><U106/><E88/><V21/><F34/><W133/><G133/><T62/><D94/><U44/><E127/><V81/><F71/><W18/><REACH who="3" step="1"/><G61/><REACH who="3" ten="250,327,173,240" step="2"/><T16/><D108/><U113/><E98/><V90/><F69/><W26/><G26/><T38/><D110/><U40/><E14/><V130/><F130/><W24/><G24/><T134/><D134/><U129/><E113/><V68/><F68/><W95/><G95/><T2/><D2/><U135/><E129/><V111/><F111/><W65/><G65/><T43/><D8/><U30/><E135/><V89/><F21/><W31/><G31/><T123/><D10/><U101/><E30/><V105/><F105/><W19/><G19/><T128/><D128/><U9/><E9/><V85/><REACH who="2" step="1"/><F90/><REACH who="2" ten="250,327,163,240" step="2"/><W66/><G66/><AGARI ba="0,2" hai="41,45,49,58,63,66,77,78,79,80,81,85,89,93" machi="66" ten="40,12000,2" yaku="1,1,2,1,8,1,53,3" doraHai="29" doraHaiUra="74" who="2" fromWho="3" sc="250,0,327,0,163,140,240,-120" /><INIT seed="2,0,0,1,5,135" ten="250,327,303,120" oya="2" hai0="54,37,115,62,20,30,103,25,95,112,12,45,27" hai1="124,39,52,72,128,18,56,73,65,102,90,129,46" hai2="58,49,77,78,2,55,116,101,67,31,61,38,74" hai3="3,34,81,117,35,83,36,6,88,89,75,26,91"/><V100/><F2/><W42/><G117/><T123/><D123/><U28/><E102/><V7/><F116/><W59/><G59/><T64/><D27/><U127/><E28/><V119/><F119/><W133/><G133/><T32/><D32/><U1/><E90/><V47/><F7/><W109/><G109/><T132/><D132/><U96/><E96/><V126/><F126/><N who="1" m="48169" /><E65/><V134/><F134/><W85/><G75/><N who="1" m="28746" /><E1/><V76/><F74/><W111/><G111/><T51/><D103/><U48/><E18/><V114/><F114/><W110/><G110/><T40/><D64/><U13/><E13/><V80/><F31/><W68/><G3/><T98/><D12/><U93/><E93/><V113/><F113/><W121/><G6/><T71/><D95/><U63/><E63/><V16/><F80/><W44/><G121/><T131/><D98/><U24/><E24/><V97/><F97/><W10/><G26/><T69/><D62/><N who="1" m="36103" /><E39/><V70/><F16/><W118/><G118/><T84/><D112/><U15/><E15/><V105/><F105/><W11/><G83/><T9/><D115/><U104/><E104/><V29/><F29/><W17/><G17/><T5/><D30/><U8/><E8/><N who="3" m="3114" /><G68/><T92/><D69/><U41/><AGARI ba="0,0" hai="41,46,48,128,129" m="36103,28746,48169" machi="41" ten="40,8000,1" yaku="18,1,52,3,54,1" doraHai="135" who="1" fromWho="1" sc="250,-20,327,80,303,-40,120,-20" /><INIT seed="3,0,0,3,4,18" ten="230,407,263,100" oya="3" hai0="129,24,135,0,103,37,91,113,84,83,131,73,13" hai1="4,106,48,97,122,87,6,67,75,44,42,50,96" hai2="14,66,124,123,60,119,26,51,104,99,89,28,8" hai3="11,117,121,47,59,92,5,20,79,112,49,116,55"/><W98/><G112/><T62/><D0/><U1/><E75/><V9/><F119/><W25/><G121/><T120/><D120/><U95/><E122/><V2/><F123/><W63/><G79/><T70/><D113/><U64/><E1/><V111/><F2/><W57/><G116/><T39/><D135/><U29/><E29/><V65/><F111/><W34/><G34/><T86/><D73/><U134/><E106/><V69/><F124/><W88/><G117/><T77/><D103/><U58/><E87/><V17/><F66/><W19/><REACH who="3" step="1"/><G63/><REACH who="3" ten="230,407,263,90" step="2"/><T3/><D62/><U105/><E134/><V46/><F60/><W109/><G109/><T22/><D131/><U56/><E67/><V115/><F65/><W78/><G78/><T53/><D129/><U133/><E64/><V80/><F115/><W16/><G16/><T68/><D68/><U81/><E133/><V35/><F69/><W128/><G128/><T40/><D70/><U21/><E4/><V82/><F35/><W12/><AGARI ba="0,1" hai="5,11,12,19,20,25,47,49,55,57,59,88,92,98" machi="12" ten="20,18000,2" yaku="1,1,0,1,7,1,8,1,52,1,54,1,53,1" doraHai="18" doraHaiUra="41" who="3" fromWho="3" sc="230,-60,407,-60,263,-60,90,190" /><INIT seed="3,1,0,0,4,94" ten="170,347,203,280" oya="3" hai0="64,52,31,76,53,133,44,78,25,5,20,50,86" hai1="34,79,113,126,112,101,87,81,67,45,111,18,88" hai2="93,49,119,61,6,9,13,130,75,37,22,59,43" hai3="56,4,7,95,122,17,91,116,36,103,21,117,134"/><W106/><G36/><T68/><D133/><U19/><E34/><V74/><F37/><W98/><G122/><T114/><D114/><U12/><E111/><V80/><F119/><W120/><G120/><T15/><D68/><U47/><E126/><V132/><F132/><W8/><G134/><T69/><D69/><U105/><E67/><V123/><F123/><W57/><G116/><T35/><D64/><U124/><E124/><V90/><F80/><W48/><G117/><T3/><D86/><U109/><E19/><V82/><F82/><W63/><G48/><T30/><D53/><U38/><E109/><V89/><F130/><W72/><G72/><T65/><D65/><U99/><E79/><V96/><F22/><W85/><G8/><T2/><D31/><U58/><E58/><V40/><F89/><W29/><G29/><T14/><D14/><U60/><E60/><V100/><F90/><W84/><G85/><T92/><D92/><U125/><E125/><V70/><F70/><W83/><G106/><T115/><D115/><U73/><E73/><V66/><REACH who="2" step="1"/><F40/><REACH who="2" ten="170,347,193,280" step="2"/><W24/><G56/><T131/><D131/><U39/><E39/><V41/><F41/><W28/><G28/><T16/><D2/><U62/><E38/><V46/><AGARI ba="1,1" hai="6,9,13,43,46,49,59,61,66,74,75,93,96,100" machi="46" ten="30,4000,0" yaku="1,1,0,1,52,1,53,0" doraHai="94" doraHaiUra="26" who="2" fromWho="2" sc="170,-11,347,-11,193,53,280,-21" owari="159,-34.1,336,43.6,246,-15.4,259,5.9" /></mjloggm>