<mjloggm ver="2.3"><GO type="225" lobby="0"/><UN n0="%E5%84%AA%40%41%42%43" n1="%E8%83%83%E3%81%A8%E8%85%B8" n2="%4E%6F%2E%30%30%30%31" n3="%6D%75%75%6D%75%72%61" dan="18,17,19,17" rate="2201.92,2264.60,2230.80,2187.23" sx="M,M,F,F"/><TAIKYOKU oya="0"/><INIT seed="0,0,0,5,3,125" ten="250,250,250,250" oya="0" hai0="53,51,33,52,97,83,27,11,48,124,88,103,98" hai1="17,127,65,91,132,31,38,74,3,67,2,18,66" hai2="1,39,47,135,81,0,133,45,106,82,85,21,80" hai3="134,14,4,13,40,99,107,130,25,61,29,37,104"/><T49/><D124/><U58/><E127/><V32/><F32/><W62/><G134/><N who="2" m="51209" /><F106/><W122/><G122/><T105/><D11/><U70/><E132/><V10/><F21/><W20/><G130/><T43/><D43/><U77/><E70/><V54/><F54/><W75/><G75/><T19/><D33/><U73/><E31/><V93/><F10/><W5/><G37/><T108/><D108/><U72/><E38/><V59/><F59/><W126/><G40/><T111/><D111/><U101/><E58/><V24/><F24/><W9/><G126/><T121/><D121/><U35/><E35/><V129/><F39/><W112/><G112/><T128/><D128/><U6/><E6/><V34/><F34/><W42/><G42/><T64/><D64/><U22/><E22/><V102/><F129/><W100/><G107/><T115/><D115/><U78/><E101/><V56/><F56/><W26/><G26/><T15/><D27/><U46/><E46/><N who="2" m="17419" /><F102/><W86/><G86/><N who="0" m="50271" /><D105/><U95/><E91/><AGARI ba="0,0" hai="0,1,80,81,82,85,91,93" m="17419,51209" machi="91" ten="40,1300,0" yaku="20,1" doraHai="125" who="2" fromWho="1" sc="250,0,250,-13,250,13,250,0" /><INIT seed="1,0,0,0,3,82" ten="250,237,263,250" oya="1" hai0="71,40,7,24,35,132,78,36,23,52,22,117,122" hai1="70,85,127,116,99,31,135,37,34,101,47,89,18" hai2="111,1,100,49,42,0,13,118,57,133,73,28,64" hai3="115,45,48,109,80,62,9,104,121,83,108,50,25"/><U134/><E116/><V110/><F118/><W86/><G121/><T10/><D71/><U129/><E70/><V124/><F73/><W93/><G104/><T19/><D117/><U81/><E18/><V39/><F124/><W95/><G115/><T21/><D122/><U29/><E34/><V43/><F133/><N who="1" m="50697" /><E127/><V41/><F39/><W114/><G114/><T97/><D132/><U14/><E14/><V120/><F120/><W6/><G62/><T32/><D35/><U17/><E17/><V65/><F28/><W58/><G58/><T125/><D32/><U105/><E129/><V103/><F13/><N who="3" m="5303" /><G80/><T26/><D23/><U38/><E38/><V33/><F33/><W72/><G72/><T79/><D125/><U102/><E102/><N who="2" m="38955" /><F49/><N who="3" m="19051" /><G45/><T55/><D36/><U128/><E128/><V130/><F57/><W53/><G53/><N who="0" m="20555" /><D40/><AGARI ba="0,0" hai="29,31,37,40,47,81,85,89,99,101,105" m="50697" machi="40" ten="30,2900,0" yaku="20,1,52,1" doraHai="82" who="1" fromWho="0" sc="250,-29,237,29,263,0,250,0" /><INIT seed="1,1,0,2,2,50" ten="221,266,263,250" oya="1" hai0="30,121,16,76,72,94,4,131,52,111,29,78,101" hai1="113,62,37,120,18,97,100,31,1,90,79,12,23" hai2="54,103,47,117,65,25,28,86,7,17,27,60,53" hai3="110,112,36,26,115,81,11,24,56,45,132,130,42"/><U85/><E113/><V46/><F117/><W64/><G110/><T88/><D111/><U38/><E120/><V33/><F7/><W118/><G118/><T104/><D121/><U41/><E1/><V0/><F0/><W39/><G130/><T73/><D131/><U21/><E79/><N who="0" m="30249" /><D104/><U109/><E109/><V127/><F127/><W129/><G129/><T122/><D4/><U71/><E41/><V67/><F103/><W63/><G132/><T40/><D40/><U2/><E2/><V48/><F86/><W13/><G36/><T126/><D101/><U51/><E51/><V44/><F48/><W8/><G81/><T93/><D122/><U134/><E134/><V74/><F74/><W10/><REACH who="3" step="1"/><G13/><REACH who="3" ten="221,266,263,240" step="2"/><T84/><D126/><U91/><E37/><V66/><REACH who="2" step="1"/><F60/><REACH who="2" ten="221,266,253,240" step="2"/><W69/><G69/><T59/><D72/><U102/><E38/><V68/><F68/><W32/><G32/><T61/><D73/><U20/><E71/><V108/><F108/><W83/><G83/><T96/><D16/><U57/><E18/><V75/><F75/><W119/><G119/><T98/><D94/><N who="1" m="56535" /><E31/><AGARI ba="1,2" hai="29,30,31,52,59,61,84,88,93,96,98" m="30249" machi="31" ten="30,7700,0" yaku="8,1,52,1,54,2" doraHai="50" who="0" fromWho="1" sc="221,100,266,-80,253,0,240,0" /><INIT seed="2,0,0,2,3,61" ten="321,186,253,240" oya="2" hai0="81,55,106,86,127,115,38,133,14,9,45,100,47" hai1="99,1,27,68,41,117,62,53,135,113,39,25,93" hai2="132,118,22,31,7,50,114,70,71,35,13,112,6" hai3="15,122,104,95,24,60,124,69,58,126,2,94,26"/><V90/><F118/><W33/><G104/><T128/><D115/><U107/><E113/><V51/><F35/><W40/><G2/><T98/><D127/><N who="3" m="48681" /><G122/><T110/><D110/><U17/><E117/><V116/><F116/><W87/><G69/><T4/><D128/><U77/><E135/><V8/><F31/><N who="3" m="19687" /><G40/><T11/><D38/><U46/><E1/><V91/><F22/><W20/><G15/><T66/><D66/><U131/><E131/><V43/><F13/><W59/><G87/><T48/><D11/><U130/><E130/><V76/><F8/><W52/><G59/><T28/><D28/><AGARI ba="0,0" hai="20,26,28,52,58,60,94,95" m="19687,48681" machi="28" ten="30,2000,0" yaku="18,1,54,1" doraHai="61" who="3" fromWho="0" sc="321,-20,186,0,253,0,240,20" /><INIT seed="3,0,0,2,5,12" ten="301,186,253,260" oya="3" hai0="3,14,32,51,39,100,9,68,131,8,62,26,75" hai1="19,118,92,79,106,13,7,114,21,83,47,105,127" hai2="112,95,29,42,71,135,45,104,59,94,122,52,119" hai3="117,78,63,25,49,38,2,90,133,54,11,128,85"/><W121/><G121/><T6/><D39/><U41/><E114/><V37/><F112/><W116/><G38/><T115/><D75/><U73/><E127/><V110/><F119/><W99/><G128/><T58/><D68/><U123/><E123/><V125/><F122/><W87/><G133/><T129/><D100/><U124/><E124/><V10/><F125/><W120/><G120/><T61/><D51/><U46/><E118/><V28/><F104/><W50/><G63/><T0/><D62/><U84/><E46/><V34/><F71/><W132/><G132/><T35/><D115/><U60/><E60/><V134/><F110/><W74/><G74/><T64/><D0/><U24/><E73/><V27/><F28/><W89/><G99/><T20/><D32/><U91/><E7/><V130/><F130/><N who="0" m="49674" /><D35/><U22/><E79/><V98/><F10/><W82/><G78/><T86/><D86/><U23/><E83/><V76/><F94/><W48/><G54/><T36/><D36/><U44/><E22/><V102/><REACH who="2" step="1"/><F76/><REACH who="2" ten="301,186,243,260" step="2"/><W56/><G11/><N who="0" m="4471" /><D3/><U31/><REACH who="1" step="1"/><E47/><REACH who="1" ten="301,176,243,260" step="2"/><V126/><F126/><W93/><G116/><T97/><D8/><U113/><E113/><V101/><F101/><W5/><G117/><T69/><D9/><U77/><E77/><V108/><F108/><W4/><G2/><T72/><D72/><U53/><E53/><V55/><F55/><N who="3" m="31847" /><G5/><T88/><D69/><U103/><E103/><V57/><F57/><W43/><G4/><T16/><D88/><U109/><E109/><V15/><F15/><W67/><G90/><T66/><D66/><RYUUKYOKU ba="0,2" sc="301,10,176,10,243,10,260,-30" hai0="16,20,26,58,61,64,97" hai1="13,19,21,23,24,31,41,44,84,91,92,105,106" hai2="27,29,34,37,42,45,52,59,95,98,102,134,135" owari="331,43.1,186,-31.4,253,5.3,230,-17.0" /></mjloggm>