<mjloggm ver="2.3"><GO type="225" lobby="0"/><UN n0="%E5%A4%9C%E3%81%AE%E3%82%AC%E3%82%B9%E3%83%91%E3%83%BC%E3%83%AB" n1="%E6%81%A5%E6%99%92%E3%81%97" n2="%E6%98%93%E5%88%A9%E8%96%A9%E4%BC%AF" n3="%E6%B4%BE%E9%81%A3%E3%81%AE%E3%82%B8%E3%83%A3%E3%83%83%E3%82%AF" dan="17,16,16,17" rate="2168.90,2134.05,2071.49,2228.41" sx="M,M,F,M"/><TAIKYOKU oya="0"/><INIT seed="0,0,0,5,0,99" ten="250,250,250,250" oya="0" hai0="65,88,92,86,2,122,4,43,87,67,42,90,68" hai1="3,101,54,21,93,78,109,100,53,83,116,108,48" hai2="12,77,95,107,131,75,103,84,19,25,126,49,69" hai3="20,132,97,58,66,128,27,46,52,38,64,9,111"/><T56/><D122/><U23/><E3/><V44/><F69/><W113/><G113/><T6/><D68/><U30/><E116/><V123/><F123/><W10/><G111/><N who="1" m="42570" /><E54/><V16/><F131/><W29/><G132/><T32/><D32/><U51/><E51/><V18/><F126/><W115/><G115/><T79/><D2/><U15/><E93/><V125/><F125/><W105/><G128/><T63/><D79/><U71/><E71/><V13/><F75/><W17/><G38/><T61/><D92/><U94/><E94/><V119/><F25/><W70/><G46/><T47/><D56/><N who="1" m="32807" /><E15/><N who="2" m="5707" /><F107/><W85/><G85/><T114/><REACH who="0" step="1"/><D114/><REACH who="0" ten="240,250,250,250" step="2"/><U39/><E39/><V96/><F119/><W59/><G59/><T91/><D91/><U127/><E127/><V82/><F19/><W121/><G70/><T11/><D11/><U26/><E23/><V134/><F134/><W35/><G121/><T34/><D34/><U76/><E78/><V72/><F72/><AGARI ba="0,1" hai="21,26,30,72,76,83,100,101" m="32807,42570" machi="72" ten="30,3900,0" yaku="14,1,52,2" doraHai="99" who="1" fromWho="2" sc="240,0,250,49,250,-39,250,0" /><INIT seed="1,0,0,0,0,13" ten="240,299,211,250" oya="1" hai0="30,16,66,34,64,108,32,42,3,88,61,71,95" hai1="134,4,17,70,111,47,127,65,104,103,43,78,20" hai2="76,94,54,74,48,116,98,57,120,110,119,85,79" hai3="114,25,113,115,69,59,51,121,106,126,15,73,31"/><U107/><E127/><V117/><F120/><W130/><G121/><T10/><D108/><U75/><E111/><V105/><F110/><W9/><G106/><T14/><D42/><U19/><E4/><V49/><F74/><W99/><G69/><T37/><D37/><U97/><E107/><V2/><F2/><W92/><G73/><T0/><D0/><U62/><E134/><V133/><F133/><W52/><G130/><T102/><D102/><U82/><REACH who="1" step="1"/><E20/><REACH who="1" ten="240,289,211,250" step="2"/><V8/><F105/><W40/><G126/><T53/><D3/><U101/><E101/><V135/><F135/><W45/><G114/><T60/><D30/><U5/><E5/><V18/><F119/><W84/><G113/><T125/><D125/><U132/><E132/><V22/><F117/><W86/><G115/><T27/><D34/><U35/><E35/><V91/><F116/><W100/><G31/><T89/><D32/><U93/><E93/><V1/><F22/><W67/><G25/><T6/><D95/><U128/><E128/><V33/><F33/><W46/><G67/><T26/><D26/><U131/><E131/><V50/><F1/><W109/><G109/><T83/><D66/><U55/><E55/><V118/><F118/><W58/><G9/><T123/><D123/><U28/><E28/><V129/><F129/><W90/><G100/><T81/><D64/><U80/><E80/><V38/><F8/><W11/><G11/><T12/><D27/><U96/><E96/><V77/><F98/><W56/><G15/><T21/><D10/><U112/><E112/><V24/><F94/><RYUUKYOKU ba="0,1" sc="240,-15,289,15,211,-15,250,15" hai1="17,19,43,47,62,65,70,75,78,82,97,103,104" hai3="40,45,46,51,52,56,58,59,84,86,90,92,99" /><INIT seed="1,1,1,1,0,118" ten="225,304,196,265" oya="1" hai0="105,6,104,101,120,25,39,27,90,18,10,68,46" hai1="107,48,35,125,26,37,60,83,74,127,1,16,8" hai2="126,135,73,20,21,51,114,47,97,121,77,3,129" hai3="106,111,75,89,19,0,93,59,87,85,12,76,17"/><U28/><E37/><V70/><F114/><W98/><G111/><T109/><D68/><U22/><E107/><V124/><F70/><W100/><G0/><T42/><D109/><U24/><E48/><V108/><F3/><W88/><G59/><T115/><D115/><U64/><E83/><V82/><F108/><W30/><G30/><T92/><D105/><U72/><E8/><V49/><F129/><W32/><G32/><T91/><D104/><U15/><E1/><V44/><F135/><W11/><G19/><T117/><D117/><U103/><E103/><V31/><F97/><W36/><G36/><T56/><D120/><U78/><E26/><V55/><F121/><W52/><G52/><T116/><D116/><U95/><E95/><V67/><F67/><W128/><G128/><T96/><D56/><N who="1" m="36871" /><E78/><V54/><REACH who="2" step="1"/><F31/><REACH who="2" ten="225,304,186,265" step="2"/><W61/><G98/><T130/><D130/><U43/><E125/><AGARI ba="1,2" hai="20,21,44,47,49,51,54,55,73,77,82,124,125,126" machi="125" ten="40,8000,1" yaku="1,1,2,1,9,1,18,1,53,0" doraHai="118" doraHaiUra="80" who="2" fromWho="1" sc="225,0,304,-83,186,103,265,0" /><INIT seed="2,0,0,4,1,12" ten="225,221,289,265" oya="2" hai0="73,42,101,4,107,20,128,62,67,76,61,94,24" hai1="108,43,135,121,82,130,129,133,53,88,109,10,115" hai2="80,47,45,56,48,11,35,84,120,119,92,58,41" hai3="78,23,21,34,126,125,127,74,52,77,69,30,25"/><V105/><F105/><W100/><G69/><T81/><D128/><N who="1" m="49259" /><E43/><V51/><F35/><W110/><G110/><N who="1" m="42602" /><E115/><V114/><F120/><W40/><G40/><T33/><D107/><U19/><E121/><V37/><F119/><W14/><G100/><T32/><D42/><U3/><E53/><N who="2" m="29839" /><F114/><W85/><G74/><T36/><D36/><U55/><E55/><V70/><F70/><W111/><G111/><T17/><D4/><N who="1" m="1311" /><E19/><V39/><F39/><W60/><G60/><T38/><D38/><U49/><E49/><V86/><F37/><W93/><G52/><T104/><D104/><U97/><E97/><V71/><F71/><W27/><G14/><T122/><D122/><U29/><E29/><V44/><F44/><W106/><G106/><T72/><D72/><U28/><E28/><V6/><F51/><W68/><G68/><T18/><D62/><U79/><E79/><N who="3" m="30218" /><G27/><T46/><D46/><U54/><E54/><V26/><F26/><W112/><G112/><T98/><D61/><U8/><E8/><V7/><F58/><W75/><G75/><T132/><D73/><U65/><E65/><V91/><F56/><W116/><G116/><T89/><D67/><U123/><E123/><V117/><F117/><W83/><G34/><T16/><D33/><U113/><E113/><V57/><F57/><W95/><G23/><T5/><D32/><U2/><E2/><V22/><F22/><W59/><G59/><T66/><D66/><U90/><E90/><AGARI ba="0,0" hai="21,25,30,83,85,90,93,95,125,126,127" m="30218" machi="90" ten="30,1000,0" yaku="18,1" doraHai="12" who="3" fromWho="1" sc="225,0,221,-10,289,0,265,10" /><INIT seed="3,0,0,3,4,41" ten="225,211,289,275" oya="3" hai0="106,117,11,95,97,110,34,113,46,39,84,49,36" hai1="16,131,88,47,2,120,30,111,99,12,32,126,73" hai2="48,28,94,6,35,65,20,125,40,57,93,74,130" hai3="56,127,38,24,29,9,78,17,25,68,43,50,10"/><W85/><G68/><T45/><D117/><U19/><E120/><V112/><F74/><W128/><G38/><T8/><D34/><U115/><E115/><V123/><F35/><W22/><G127/><T96/><D106/><U72/><E2/><V14/><F112/><W51/><G128/><T53/><D113/><U86/><E131/><V69/><F69/><W76/><G51/><N who="0" m="28911" /><D39/><U83/><E126/><V5/><F123/><W108/><G108/><T98/><D36/><U118/><E111/><V104/><F104/><W81/><G76/><T15/><D15/><U0/><E0/><V100/><F94/><W132/><G132/><T23/><D23/><U3/><E3/><V122/><F122/><W121/><G121/><T62/><D62/><U114/><E114/><V101/><F14/><W63/><G63/><T42/><D110/><U1/><E1/><V7/><F130/><W27/><G56/><T134/><D134/><U37/><E99/><N who="0" m="37961" /><D84/><U133/><E133/><V77/><F20/><N who="3" m="15591" /><G25/><T89/><AGARI ba="0,0" hai="8,11,42,46,49,89,95,98" m="37961,28911" machi="89" ten="30,4000,0" yaku="8,1,52,2" doraHai="41" who="0" fromWho="0" sc="225,40,211,-10,289,-10,275,-20" /><INIT seed="4,0,0,1,0,63" ten="265,201,279,255" oya="0" hai0="35,46,39,43,107,76,50,15,6,64,106,59,105" hai1="78,70,111,90,88,7,65,80,54,11,117,37,68" hai2="21,1,51,123,71,121,134,131,38,94,128,33,95" hai3="42,9,125,74,44,45,75,53,32,82,14,36,103"/><T2/><D35/><U122/><E117/><V67/><F1/><W12/><G32/><T18/><D76/><U112/><E122/><N who="2" m="46603" /><F33/><W16/><G125/><T56/><D6/><U41/><E111/><V126/><F21/><W62/><G103/><T108/><D2/><N who="1" m="503" /><E54/><V73/><F73/><W118/><G118/><T57/><D108/><U79/><E79/><V83/><F83/><W102/><G102/><T91/><D91/><U127/><E127/><V4/><F4/><W10/><G82/><T34/><D34/><U49/><E49/><V93/><F38/><W26/><G26/><T99/><D99/><U109/><E109/><V92/><F92/><W47/><G47/><T129/><D129/><N who="2" m="49738" /><F51/><W113/><G113/><T96/><D96/><U3/><E3/><V84/><F126/><W100/><G100/><T119/><D119/><U19/><E19/><V69/><F134/><W52/><G74/><T66/><REACH who="0" step="1"/><D39/><REACH who="0" ten="255,201,279,255" step="2"/><U115/><E78/><V48/><F84/><W27/><G36/><T13/><D13/><U28/><E90/><V97/><F97/><W55/><G75/><T132/><D132/><U86/><E28/><V110/><F110/><W77/><G77/><T30/><D30/><U87/><E86/><V98/><F98/><W124/><G124/><T22/><AGARI ba="0,1" hai="15,18,22,43,46,50,56,57,59,64,66,105,106,107" machi="22" ten="40,18000,2" yaku="1,1,0,1,52,2,53,2" doraHai="63" doraHaiUra="61" who="0" fromWho="0" sc="255,190,201,-60,279,-60,255,-60" owari="445,54.5,141,-35.9,219,1.9,195,-20.5" /></mjloggm>