<mjloggm ver="2.3"><GO type="225" lobby="0"/><UN n0="%E6%80%AA%E3%81%97%E3%81%99%E3%81%8E%E3%82%8B%E3%83%81%E3%83%BC" n1="%E3%81%AF%E3%82%88%E3%81%8A%E3%81%98%E3%81%95%E3%82%93" n2="%E7%9C%9F%E4%B8%80" n3="%4C%4F%4C%49%54%41" dan="16,16,17,16" rate="2153.45,2183.73,2245.99,2197.15" sx="M,M,M,F"/><TAIKYOKU oya="0"/><INIT seed="0,0,0,4,5,6" ten="250,250,250,250" oya="0" hai0="127,70,58,107,77,125,62,95,2,74,59,20,128" hai1="134,0,38,57,96,14,21,98,32,75,15,18,106" hai2="84,72,4,11,47,34,118,35,16,116,92,93,135" hai3="114,10,123,44,91,31,103,97,12,67,45,89,8"/><T101/><D107/><U76/><E0/><V130/><F72/><W28/><G114/><T63/><D2/><U29/><E38/><V87/><F130/><W120/><G67/><T22/><D128/><U40/><E40/><V30/><F135/><W46/><G12/><T24/><D77/><U17/><E134/><V115/><F115/><W41/><G41/><T66/><D74/><U105/><E57/><V5/><F47/><W131/><G131/><T117/><D117/><N who="2" m="45162" /><F87/><W80/><G80/><T113/><D113/><U110/><E110/><V27/><F35/><W122/><G89/><T88/><D101/><U36/><E36/><V73/><F73/><W83/><G91/><T112/><D112/><U133/><E133/><V7/><F84/><W85/><G85/><N who="0" m="52623" /><D24/><U121/><E121/><V50/><F50/><W68/><G83/><T52/><D70/><U132/><E132/><V49/><F49/><W102/><G68/><T51/><D51/><U9/><E76/><V119/><N who="2" m="45170" /><V111/><DORA hai="23" /><F111/><W90/><G90/><T48/><D48/><U79/><E79/><V56/><F56/><W37/><G37/><T108/><D108/><U55/><E75/><V124/><F124/><AGARI ba="0,0" hai="20,22,52,58,59,62,63,66,124,125,127" m="52623" machi="124" ten="30,5800,0" yaku="18,1,54,2" doraHai="6,23" who="0" fromWho="2" sc="250,58,250,0,250,-58,250,0" /><INIT seed="0,1,0,4,1,118" ten="308,250,192,250" oya="0" hai0="88,49,79,119,34,4,25,95,117,1,101,53,26" hai1="45,62,129,127,114,107,51,124,33,60,42,104,131" hai2="14,6,39,91,76,83,94,102,116,128,54,22,35" hai3="0,96,74,52,56,28,31,23,10,90,111,29,72"/><T115/><D115/><U47/><E33/><V37/><F35/><W24/><G111/><T105/><D79/><U126/><E114/><V18/><F116/><W7/><G90/><T63/><D63/><N who="1" m="24107" /><E107/><V100/><F128/><N who="1" m="49225" /><E104/><V2/><F2/><W106/><G96/><T108/><D101/><U44/><AGARI ba="1,0" hai="42,44,45,47,51,124,126,127" m="49225,24107" machi="44" ten="40,8000,1" yaku="18,1,19,1,34,2" doraHai="118" who="1" fromWho="1" sc="308,-41,250,83,192,-21,250,-21" /><INIT seed="1,0,0,2,0,125" ten="267,333,171,229" oya="1" hai0="3,84,9,25,88,66,104,64,85,4,134,44,46" hai1="68,35,123,1,130,74,96,83,10,71,16,128,33" hai2="118,0,91,99,51,81,92,6,75,58,69,13,29" hai3="82,94,56,59,117,36,80,127,53,106,126,76,73"/><U54/><E123/><V78/><F69/><W57/><G106/><T63/><D104/><U61/><E96/><V65/><F118/><W120/><G120/><T42/><D134/><U113/><E113/><V50/><F0/><W45/><G117/><T34/><D84/><U119/><E119/><V20/><F6/><W87/><G94/><T19/><D44/><U28/><E54/><V111/><F111/><W100/><G100/><T41/><D41/><U5/><E16/><V97/><F97/><W2/><G2/><T135/><D135/><U12/><E12/><V121/><F121/><W7/><G7/><T102/><D102/><U129/><E28/><V47/><F47/><W131/><G131/><T116/><D116/><U32/><E61/><V93/><F93/><W26/><G26/><T107/><D107/><U70/><E83/><V48/><F13/><W60/><G36/><T38/><D63/><U22/><E22/><V110/><F110/><W115/><G115/><T27/><D19/><U90/><E90/><V39/><F39/><W23/><G23/><T95/><REACH who="0" step="1"/><D27/><REACH who="0" ten="257,333,171,229" step="2"/><U98/><E98/><V49/><F65/><W8/><G45/><T112/><D112/><U89/><E89/><V79/><F79/><W62/><G62/><T52/><D52/><U30/><E30/><AGARI ba="0,1" hai="3,4,9,25,30,34,38,42,46,64,66,85,88,95" machi="30" ten="40,2600,0" yaku="1,1,54,1,53,0" doraHai="125" doraHaiUra="55" who="0" fromWho="1" sc="257,36,333,-26,171,0,229,0" /><INIT seed="2,0,0,5,2,49" ten="293,307,171,229" oya="2" hai0="118,52,7,75,72,31,91,123,13,133,76,22,102" hai1="105,16,15,128,63,6,126,9,2,98,70,65,62" hai2="100,121,26,38,33,122,48,50,64,39,81,99,32" hai3="109,23,131,117,56,134,55,119,53,130,41,107,125"/><V77/><F64/><W90/><G107/><T28/><D123/><U57/><E126/><V21/><F50/><N who="3" m="30775" /><G41/><T34/><D133/><U88/><E128/><N who="3" m="49194" /><G109/><T12/><D34/><N who="2" m="13418" /><F48/><W67/><G134/><T17/><D118/><U27/><E105/><N who="2" m="63647" /><F26/><W45/><G125/><T104/><D91/><U92/><E27/><V19/><F21/><W106/><G106/><T29/><D76/><U1/><E6/><V36/><F19/><W18/><G67/><AGARI ba="0,0" hai="1,2,9,15,16,57,62,63,65,67,70,88,92,98" machi="67" ten="30,3900,0" yaku="7,1,54,2" doraHai="49" who="1" fromWho="3" sc="293,0,307,39,171,0,229,-39" /><INIT seed="3,0,0,0,5,79" ten="293,346,171,190" oya="3" hai0="46,42,23,115,45,11,35,114,112,109,4,103,53" hai1="82,104,80,94,129,68,13,93,3,122,127,62,126" hai2="106,134,69,1,78,107,17,2,113,125,85,74,33" hai3="119,40,57,117,124,111,76,86,59,26,28,102,54"/><W83/><G124/><N who="1" m="47658" /><E3/><V52/><F125/><W95/><G40/><T97/><D109/><U70/><E104/><V100/><F69/><N who="1" m="26729" /><E129/><V48/><F33/><W21/><G111/><T10/><D35/><U116/><E122/><V6/><F113/><W121/><G121/><T108/><D108/><U96/><E116/><V65/><F65/><W87/><G57/><T39/><D23/><U44/><E62/><V38/><F38/><W37/><G37/><T61/><D4/><U118/><E118/><V18/><F134/><W75/><G75/><T47/><D61/><U0/><E0/><V27/><F74/><W89/><REACH who="3" step="1"/><G102/><REACH who="3" ten="293,346,171,180" step="2"/><T55/><D39/><U88/><E44/><V9/><F100/><W63/><AGARI ba="0,1" hai="21,26,28,54,59,63,76,83,86,87,89,95,117,119" machi="63" ten="20,12000,1" yaku="1,1,2,1,0,1,7,1,52,1,53,0" doraHai="79" doraHaiUra="105" who="3" fromWho="3" sc="293,-40,346,-40,171,-40,180,130" owari="253,-14.7,306,10.6,131,-36.9,310,41.0" /></mjloggm>