<mjloggm ver="2.3"><GO type="225" lobby="0"/><UN n0="%E3%81%86%E3%81%A9%E3%82%93%E3%81%93" n1="%E3%81%B2%E3%81%BE%E3%81%A4%E3%81%B6%E3%81%97" n2="%73%6C%69%63%6B%33%31%39" n3="%E3%81%AF%E3%82%88%E3%81%8A%E3%81%98%E3%81%95%E3%82%93" dan="16,17,16,17" rate="2155.12,2195.51,2116.83,2189.85" sx="M,M,M,M"/><TAIKYOKU oya="0"/><INIT seed="0,0,0,2,3,75" ten="250,250,250,250" oya="0" hai0="28,38,15,90,84,29,56,72,59,8,110,79,85" hai1="19,91,33,126,34,103,51,89,57,16,47,92,117" hai2="130,87,111,26,73,42,78,35,86,112,37,11,62" hai3="31,7,5,124,10,123,109,13,101,122,80,81,97"/><T53/><D38/><U116/><E126/><V4/><F112/><W36/><G36/><T45/><D72/><U0/><E0/><N who="2" m="391" /><F62/><W99/><G124/><T128/><D128/><U21/><E57/><V76/><F76/><W102/><G13/><T55/><D45/><U25/><E103/><V88/><F88/><W105/><G31/><T27/><D110/><U6/><E6/><V68/><F68/><W133/><G10/><T64/><D64/><U63/><E63/><V20/><F35/><W22/><G22/><T65/><D65/><U119/><E19/><V132/><F132/><W106/><REACH who="3" step="1"/><G109/><REACH who="3" ten="250,250,250,240" step="2"/><T44/><D29/><U108/><E108/><V94/><F20/><W100/><G100/><T71/><D28/><U67/><E34/><V107/><F37/><W9/><G9/><T82/><D27/><U3/><E33/><V115/><F26/><W104/><G104/><T50/><D71/><U121/><E3/><V14/><F107/><W52/><G52/><T125/><D125/><U61/><E119/><V39/><F14/><W118/><G118/><T95/><D55/><U135/><E117/><V60/><F111/><W83/><G83/><T1/><D1/><U49/><E116/><V32/><F32/><W2/><G2/><T131/><D131/><U120/><E135/><AGARI ba="0,1" hai="5,7,80,81,97,99,101,102,105,106,122,123,133,135" machi="135" ten="25,3200,0" yaku="1,1,22,2,53,0" doraHai="75" doraHaiUra="17" who="3" fromWho="1" sc="250,0,250,-32,250,0,240,42" /><INIT seed="1,0,0,1,3,37" ten="250,218,250,282" oya="1" hai0="94,10,127,57,88,85,0,46,51,114,58,13,59" hai1="125,39,27,55,11,66,7,109,6,79,92,36,83" hai2="98,100,134,81,33,20,121,48,49,44,123,105,45" hai3="5,25,106,76,119,80,116,93,32,63,120,95,12"/><U8/><E125/><V22/><F33/><W122/><G106/><T16/><D127/><U108/><E66/><V131/><F131/><W110/><G110/><N who="1" m="42602" /><E27/><V77/><F134/><W91/><G63/><T31/><D0/><N who="1" m="71" /><E92/><V129/><F129/><W30/><G95/><T124/><D124/><U68/><E68/><V89/><F89/><W21/><G5/><T67/><D114/><U41/><E55/><V4/><F4/><W47/><G12/><T19/><D31/><U35/><E35/><V90/><F121/><W101/><G32/><T135/><D135/><U102/><E102/><V50/><F123/><W65/><G65/><T2/><D2/><N who="1" m="503" /><E41/><V133/><F133/><W17/><G101/><T84/><D19/><U72/><AGARI ba="0,0" hai="36,39,72,79,83" m="503,71,42602" machi="72" ten="30,6000,0" yaku="14,1,10,1,23,1" doraHai="37" who="1" fromWho="1" sc="250,-20,218,60,250,-20,282,-20" /><INIT seed="1,1,0,5,3,7" ten="230,278,230,262" oya="1" hai0="15,54,113,3,52,70,105,4,13,81,37,20,85" hai1="123,58,28,41,135,125,18,10,35,66,121,71,51" hai2="75,65,132,6,98,25,16,72,77,119,86,109,73" hai3="90,107,103,30,112,116,104,95,76,5,24,38,12"/><U17/><E71/><V134/><F65/><W27/><G112/><T126/><D70/><U8/><E66/><V110/><F6/><W44/><G116/><T32/><D32/><U97/><E97/><V115/><F119/><W99/><G76/><T56/><D113/><U114/><E41/><V59/><F59/><W48/><G38/><T78/><D37/><U111/><E51/><V61/><F61/><W43/><G27/><T34/><D34/><U133/><E58/><V117/><F117/><W14/><G104/><T68/><D68/><U57/><E57/><V45/><F45/><W127/><G127/><T23/><D105/><U94/><E94/><V96/><F16/><N who="1" m="6249" /><E111/><N who="2" m="42507" /><F25/><W101/><G5/><T33/><D33/><U74/><E74/><V11/><F11/><N who="1" m="4137" /><E125/><V131/><F115/><W92/><G107/><T124/><D56/><U102/><E102/><N who="3" m="38922" /><G95/><T64/><D64/><U88/><E88/><V19/><F96/><W100/><N who="3" m="38930" /><W128/><DORA hai="1" /><G90/><T83/><D124/><U40/><E40/><V39/><F39/><W67/><G92/><T31/><D126/><U130/><E130/><V129/><F98/><W22/><G128/><N who="2" m="49225" /><F86/><W69/><G99/><T106/><D85/><U122/><E114/><V21/><F77/><W46/><G46/><T49/><D106/><U53/><E53/><V89/><F89/><W47/><G44/><T91/><D78/><U42/><E42/><V118/><F118/><W87/><G87/><T9/><D91/><U50/><E50/><V60/><F60/><W79/><G79/><T62/><D4/><U29/><E35/><RYUUKYOKU ba="1,0" sc="230,-30,278,10,230,10,262,10" hai1="28,29,121,122,123,133,135" hai2="19,21,72,73,75,132,134" hai3="12,14,22,24,30,43,47,48,67,69" /><INIT seed="1,2,0,5,1,45" ten="200,288,240,272" oya="1" hai0="113,52,85,129,54,88,74,8,127,13,47,26,5" hai1="10,64,131,50,73,106,62,18,82,117,94,107,60" hai2="134,23,81,24,66,51,61,37,16,0,2,38,43" hai3="122,77,116,101,119,19,27,98,11,15,70,7,79"/><U111/><E117/><N who="3" m="45130" /><G70/><T125/><D74/><U29/><E131/><V78/><F134/><W4/><G122/><T40/><D129/><U44/><E29/><V114/><F114/><W83/><G27/><T90/><D113/><U89/><E111/><V53/><F43/><W39/><G39/><T91/><D85/><U33/><E33/><V32/><F32/><W104/><G79/><T84/><D84/><AGARI ba="2,0" hai="4,7,11,15,19,77,83,84,98,101,104" m="45130" machi="84" ten="30,1000,0" yaku="12,1" doraHai="45" who="3" fromWho="0" sc="200,-16,288,0,240,0,272,16" /><INIT seed="2,0,0,0,2,77" ten="184,288,240,288" oya="2" hai0="22,39,76,18,44,121,110,40,16,46,80,9,96" hai1="32,43,106,7,93,3,12,133,86,118,131,135,29" hai2="126,14,41,17,54,38,67,69,83,100,78,4,20" hai3="70,114,64,72,1,120,101,85,19,65,42,130,129"/><V84/><F126/><W98/><G72/><T34/><D34/><U127/><E106/><V0/><F100/><W66/><G120/><T68/><D121/><U112/><E127/><V10/><F69/><W103/><G70/><T8/><D68/><U74/><E74/><V25/><F67/><W88/><G1/><T73/><D110/><U21/><E43/><V61/><F61/><W45/><G19/><T58/><D46/><U52/><E93/><V2/><REACH who="2" step="1"/><F54/><REACH who="2" ten="184,288,230,288" step="2"/><W48/><G103/><T71/><D71/><U37/><E52/><V81/><F81/><W92/><REACH who="3" step="1"/><G114/><REACH who="3" ten="184,288,230,278" step="2"/><T123/><D123/><U62/><E112/><V94/><F94/><AGARI ba="0,2" hai="42,45,48,64,65,66,85,88,92,94,98,101,129,130" machi="94" ten="40,8000,1" yaku="1,1,2,1,54,1,53,2" doraHai="77" doraHaiUra="89" who="3" fromWho="2" sc="184,0,288,0,230,-80,278,100" /><INIT seed="3,0,0,1,3,74" ten="184,288,150,378" oya="3" hai0="118,115,44,29,105,47,123,84,26,28,76,35,25" hai1="120,106,130,17,53,31,108,92,97,57,62,122,4" hai2="132,95,78,41,102,51,14,32,86,131,59,1,55" hai3="113,45,15,22,50,68,33,12,72,16,10,30,38"/><W42/><G113/><T27/><D118/><U73/><E108/><V48/><F1/><W96/><G72/><T66/><D123/><U5/><E73/><V129/><F32/><W11/><G68/><T124/><D105/><U104/><E130/><V36/><F132/><W3/><G33/><T46/><D124/><U9/><E31/><N who="0" m="11849" /><D35/><U40/><E40/><V128/><F36/><W126/><G126/><T34/><D34/><U94/><E17/><V18/><F102/><W20/><G3/><T133/><D133/><U110/><E110/><V60/><F41/><W6/><G30/><T21/><D66/><U134/><E134/><V2/><F2/><W24/><G24/><T54/><D115/><U83/><E83/><V117/><F117/><W135/><G135/><T61/><D21/><U93/><E97/><V90/><REACH who="2" step="1"/><F78/><REACH who="2" ten="184,288,140,378" step="2"/><W85/><G42/><T23/><D76/><U91/><E122/><V19/><F19/><W7/><G16/><T70/><D26/><U89/><E120/><V88/><F88/><W79/><G38/><T0/><D27/><U37/><E37/><V58/><F58/><W99/><G79/><T109/><D25/><U52/><E91/><V101/><F101/><W121/><G121/><T81/><D0/><U49/><E89/><V82/><F82/><W107/><G6/><T63/><D81/><U119/><E119/><V77/><F77/><W39/><G7/><T114/><D109/><U67/><E5/><V43/><F43/><W112/><G39/><T8/><D114/><U64/><E4/><V56/><F56/><W116/><G112/><RYUUKYOKU ba="0,1" sc="184,-10,288,-10,140,30,378,-10" hai2="14,18,48,51,55,59,60,86,90,95,128,129,131" owari="174,-22.6,278,7.8,170,-33.0,378,47.8" /></mjloggm>