<mjloggm ver="2.3"><GO type="225" lobby="0"/><UN n0="%E7%A6%8F%E5%8E%9F%E9%81%A5%E3%81%A8%E7%B5%90%E5%A9%9A%E3%81%99%E3%82%8B" n1="%E6%B8%A9%E2%98%85%E6%83%85%E2%98%85%E6%8E%AA%E2%98%85%E7%BD%AE" n2="%E3%81%B2%E3%81%AA%E3%81%AE%E3%82%8A%E3%81%8F" n3="%E7%B4%94%E6%BD%94%E3%83%94%E3%83%A9%E3%83%8B%E3%82%A2" dan="17,16,17,17" rate="2137.83,2152.36,2199.38,2204.12" sx="M,M,M,M"/><TAIKYOKU oya="0"/><INIT seed="0,0,0,3,4,121" ten="250,250,250,250" oya="0" hai0="56,110,86,123,107,28,45,43,7,70,135,118,15" hai1="133,31,103,106,101,112,27,36,67,35,13,50,117" hai2="38,96,66,82,25,85,126,19,80,129,2,104,119" hai3="51,125,26,79,81,102,49,128,24,100,76,3,1"/><T23/><D118/><U9/><E117/><V11/><F38/><W97/><G97/><T98/><D70/><U68/><E36/><V60/><F119/><W52/><G81/><T75/><D75/><U29/><E133/><V21/><F129/><W94/><G94/><T14/><D123/><U132/><E132/><V12/><F126/><W16/><G125/><T18/><D135/><U73/><E73/><V134/><F134/><W65/><G65/><T58/><D28/><U83/><E112/><V59/><F2/><W90/><G90/><T115/><D115/><U78/><E31/><V77/><F82/><W91/><G91/><T84/><D98/><U88/><E106/><V33/><F33/><W47/><G47/><T54/><D107/><U61/><E50/><V116/><F116/><W44/><G44/><T20/><D43/><U40/><E40/><V6/><F104/><W8/><G8/><N who="0" m="4383" /><D23/><U53/><E53/><V99/><AGARI ba="0,0" hai="6,11,12,19,21,25,59,60,66,77,80,85,96,99" machi="99" ten="30,2000,0" yaku="0,1,8,1" doraHai="121" who="2" fromWho="2" sc="250,-10,250,-5,250,20,250,-5" /><INIT seed="1,0,0,0,1,18" ten="240,245,270,245" oya="1" hai0="112,73,19,124,134,89,70,26,31,67,107,121,92" hai1="128,62,43,114,77,93,50,86,72,80,14,76,6" hai2="51,96,99,37,131,20,7,52,23,126,110,11,90" hai3="98,91,4,84,22,82,56,133,45,120,85,87,53"/><U48/><E114/><V8/><F37/><W68/><G68/><T108/><D112/><U81/><E128/><V28/><F131/><W63/><G120/><T132/><D73/><U65/><E43/><V16/><F110/><W127/><G133/><T59/><D108/><U32/><E32/><V78/><F78/><W135/><G135/><N who="0" m="51755" /><D107/><U94/><E6/><V60/><F60/><W54/><G127/><T27/><D70/><U47/><E14/><N who="2" m="9239" /><F126/><W88/><G4/><T25/><D121/><U106/><E106/><V71/><F71/><W64/><G98/><N who="2" m="37417" /><F90/><W104/><G104/><T33/><D19/><U5/><E5/><V66/><F66/><W41/><G87/><N who="0" m="52287" /><D124/><U69/><E50/><V109/><F7/><W125/><G125/><T105/><D105/><U79/><E79/><V44/><F109/><W24/><G85/><T102/><D102/><U12/><E12/><V36/><F36/><W74/><G91/><T58/><D58/><U97/><E97/><V103/><F103/><W42/><G74/><T13/><D13/><U39/><E39/><V130/><F130/><W38/><REACH who="3" step="1"/><G42/><REACH who="3" ten="240,245,270,235" step="2"/><T101/><D101/><U49/><E72/><V15/><F28/><AGARI ba="0,1" hai="22,24,28,38,41,45,53,54,56,63,64,82,84,88" machi="28" ten="30,8000,1" yaku="1,1,2,1,7,1,52,1,54,1,53,0" doraHai="18" doraHaiUra="119" who="3" fromWho="2" sc="240,0,245,0,270,-80,235,90" /><INIT seed="2,0,0,3,3,71" ten="240,245,190,325" oya="2" hai0="5,62,88,97,126,105,72,38,85,104,131,53,27" hai1="28,54,59,39,16,101,121,29,78,91,26,129,67" hai2="83,115,17,19,56,9,99,80,92,57,12,96,135" hai3="113,87,21,13,15,0,34,119,58,2,37,130,100"/><V6/><F135/><W46/><G119/><T11/><D72/><U81/><E39/><V24/><F115/><W112/><G100/><T43/><D131/><U122/><E67/><V49/><F99/><W132/><G34/><T45/><D126/><U117/><E101/><V33/><F33/><W98/><G98/><T102/><D27/><U116/><E91/><V123/><F123/><N who="1" m="47113" /><E129/><V77/><F49/><W110/><G130/><T41/><D41/><U120/><E120/><V69/><F69/><W103/><G103/><T25/><D25/><U4/><E4/><V51/><F51/><W90/><G58/><N who="2" m="22633" /><F77/><W74/><G74/><T14/><D53/><U133/><E133/><V35/><F35/><W36/><G46/><T64/><D62/><N who="1" m="36215" /><E117/><V82/><F24/><W125/><G125/><T32/><D64/><U22/><E116/><V65/><F65/><W86/><G132/><T106/><REACH who="0" step="1"/><D32/><REACH who="0" ten="230,245,190,325" step="2"/><U111/><E111/><V79/><F79/><W7/><G110/><T73/><D73/><AGARI ba="0,1" hai="16,22,26,28,29,73,78,81" m="36215,47113" machi="73" ten="30,2000,0" yaku="13,1,54,1" doraHai="71" who="1" fromWho="0" sc="230,-20,245,30,190,0,325,0" /><INIT seed="3,0,0,2,3,89" ten="210,275,190,325" oya="3" hai0="9,126,85,43,40,75,74,84,11,56,95,22,58" hai1="14,94,57,79,113,10,110,103,20,114,61,12,28" hai2="118,120,36,31,62,93,108,3,119,18,24,21,54" hai3="77,73,64,2,109,91,63,132,65,97,0,35,8"/><W52/><G35/><T59/><D22/><U131/><E110/><V101/><F108/><W4/><G109/><T92/><REACH who="0" step="1"/><D59/><REACH who="0" ten="200,275,190,325" step="2"/><U134/><E20/><V51/><F3/><W102/><G2/><T1/><D1/><U122/><E57/><V68/><F36/><W111/><G0/><T88/><D88/><U100/><E114/><V66/><F120/><W32/><G91/><T82/><D82/><U19/><E113/><V16/><F119/><W117/><G117/><T124/><AGARI ba="0,1" hai="9,11,40,43,56,58,74,75,84,85,92,95,124,126" machi="124" ten="25,16000,3" yaku="1,1,0,1,22,2,52,2,53,2" doraHai="89" doraHaiUra="38" who="0" fromWho="0" sc="200,170,275,-40,190,-40,325,-80" owari="370,47.0,235,-16.5,150,-35.0,245,4.5" /></mjloggm>