<mjloggm ver="2.3"><GO type="225" lobby="0"/><UN n0="%E4%B8%89%E5%88%86%E5%B0%8F%E5%83%A7" n1="%E3%83%9D%E3%82%B1%E3%83%83%E3%83%88" n2="%E7%AB%8B%E7%9B%B4%E5%A5%BD%E6%A3%92%40%E5%BF%98" n3="%E3%82%8C%E3%81%99%E3%81%93" dan="16,16,17,17" rate="2113.68,2101.65,2113.91,2165.49" sx="M,M,M,F"/><TAIKYOKU oya="0"/><INIT seed="0,0,0,1,1,79" ten="250,250,250,250" oya="0" hai0="8,4,62,53,134,77,112,101,30,59,129,118,37" hai1="40,41,38,55,91,88,119,51,96,107,117,24,46" hai2="85,98,78,49,33,12,29,108,67,35,19,60,69" hai3="3,47,16,74,94,114,7,15,127,42,43,58,9"/><T95/><D112/><U132/><E132/><V1/><F1/><W72/><G114/><T124/><D118/><U111/><E111/><V93/><F108/><W39/><G127/><T28/><D37/><U103/><E24/><V27/><F49/><W54/><G43/><T10/><D134/><U120/><E120/><V23/><F78/><W106/><G94/><T75/><D124/><U56/><REACH who="1" step="1"/><E41/><REACH who="1" ten="250,240,250,250" step="2"/><V123/><F123/><W90/><G106/><T50/><D129/><U81/><E81/><V97/><F35/><W130/><G130/><T100/><D30/><U128/><E128/><V86/><REACH who="2" step="1"/><F97/><REACH who="2" ten="250,240,240,250" step="2"/><W121/><G121/><T99/><D99/><U5/><E5/><V11/><F11/><W102/><G7/><T52/><D10/><U63/><E63/><V0/><F0/><W76/><G3/><T68/><D8/><U45/><E45/><V20/><F20/><W122/><G9/><T109/><D62/><U135/><E135/><V126/><F126/><W17/><G122/><T64/><D109/><U87/><E87/><V18/><F18/><W84/><G17/><T57/><D4/><U133/><E133/><V61/><F61/><W31/><G47/><T6/><D6/><U89/><AGARI ba="0,2" hai="38,40,46,51,55,56,88,89,91,96,103,107,117,119" machi="89" ten="30,4000,0" yaku="1,1,0,1,54,1,53,0" doraHai="79" doraHaiUra="13" who="1" fromWho="1" sc="250,-20,240,60,240,-10,250,-10" /><INIT seed="1,0,0,3,3,121" ten="230,300,230,240" oya="1" hai0="1,117,6,55,71,132,58,107,85,95,32,134,94" hai1="126,123,82,36,38,15,2,74,120,130,63,83,108" hai2="72,80,35,116,34,39,129,93,127,60,66,100,102" hai3="122,73,33,53,43,65,115,99,42,50,12,70,97"/><U25/><E2/><V13/><F116/><W112/><G122/><T26/><D107/><U84/><E126/><V111/><F111/><W109/><G33/><T49/><D71/><U105/><E105/><V113/><F39/><W104/><G73/><T90/><D117/><U29/><E130/><V119/><F119/><W57/><G99/><T7/><D95/><U54/><E15/><V67/><F127/><W4/><G4/><T135/><REACH who="0" step="1"/><D1/><REACH who="0" ten="220,300,230,240" step="2"/><U61/><E123/><V87/><F93/><W11/><G104/><T89/><D89/><U106/><E120/><V128/><F102/><W133/><G70/><T103/><D103/><U22/><E106/><V48/><F100/><W37/><G115/><T51/><D51/><U88/><E38/><V40/><F48/><W110/><G112/><T78/><D78/><U47/><E36/><V76/><F76/><W75/><G37/><T64/><D64/><U118/><E118/><V96/><F67/><W101/><G65/><T28/><AGARI ba="0,1" hai="6,7,26,28,32,49,55,58,85,90,94,132,134,135" machi="28" ten="40,5200,0" yaku="1,1,0,1,20,1,53,0" doraHai="121" doraHaiUra="8" who="0" fromWho="0" sc="220,62,300,-26,230,-13,240,-13" /><INIT seed="2,0,0,1,0,120" ten="282,274,217,227" oya="2" hai0="38,99,64,126,66,51,4,23,69,110,44,33,72" hai1="81,112,71,1,5,17,30,129,16,11,132,3,27" hai2="115,83,82,106,94,39,117,45,32,92,13,87,20" hai3="18,35,9,49,6,73,29,36,24,8,10,25,118"/><V55/><F32/><W125/><G36/><T101/><D33/><N who="1" m="20703" /><E81/><V0/><F106/><W122/><G73/><T90/><D38/><U2/><E71/><V22/><F0/><N who="1" m="105" /><E112/><V34/><F34/><W28/><G118/><T130/><D72/><U14/><E129/><V78/><F39/><W48/><G122/><T85/><D130/><U109/><E132/><V102/><F115/><W61/><G125/><T26/><D4/><N who="1" m="3431" /><E109/><V135/><F135/><W86/><G61/><T108/><D126/><U46/><E46/><V113/><F113/><W50/><G86/><T80/><D69/><U97/><E97/><N who="2" m="59687" /><F117/><W47/><G28/><T121/><D121/><U57/><E57/><V88/><F78/><W65/><G65/><T58/><D58/><U119/><E119/><V128/><F128/><W91/><G91/><T124/><D124/><U95/><E95/><V127/><F127/><W19/><G47/><T134/><D134/><U123/><E123/><V60/><F60/><W54/><G54/><T133/><D133/><U31/><E31/><V77/><F77/><W111/><G29/><T67/><D99/><U79/><E79/><V68/><F68/><W116/><G35/><T131/><D101/><U7/><N who="1" m="113" /><U63/><DORA hai="53" /><E63/><V42/><F42/><W40/><G40/><N who="0" m="24967" /><D131/><U103/><E103/><V89/><F89/><W74/><G116/><T107/><D107/><U15/><E17/><N who="3" m="6154" /><G74/><T96/><D96/><U52/><E52/><V93/><F93/><W21/><G50/><T12/><D90/><U114/><E114/><V37/><F37/><W104/><G104/><RYUUKYOKU ba="0,0" sc="282,-10,274,30,217,-10,227,-10" hai1="5,7,15,16" /><INIT seed="3,1,0,0,0,23" ten="272,304,207,217" oya="3" hai0="26,68,105,86,98,119,48,112,114,13,45,83,25" hai1="47,41,32,27,118,3,39,62,102,65,111,31,132" hai2="51,10,97,8,70,15,34,91,92,122,95,90,130" hai3="0,131,93,28,2,125,84,74,21,7,117,109,16"/><W127/><G117/><T18/><D119/><U79/><E111/><V108/><F108/><W58/><G109/><T67/><D68/><U11/><E118/><V106/><F106/><W89/><G74/><T80/><D67/><U120/><E120/><V63/><F34/><W40/><G131/><T135/><D135/><U85/><E102/><V101/><F130/><W69/><G69/><T77/><D105/><U24/><E132/><V5/><F122/><W71/><G71/><T133/><D98/><U113/><E113/><N who="0" m="43625" /><D83/><U134/><E134/><V61/><F70/><W103/><G28/><T38/><D38/><U82/><E27/><V29/><F29/><W124/><G7/><T43/><D133/><U87/><E62/><V22/><F22/><AGARI ba="1,0" hai="13,18,22,25,26,43,45,48,77,80,86" m="43625" machi="22" ten="30,3900,0" yaku="11,1,52,2" doraHai="23" who="0" fromWho="2" sc="272,42,304,0,207,-42,217,0" owari="314,41.4,304,10.4,165,-33.5,217,-18.3" /></mjloggm>