<mjloggm ver="2.3"><GO type="225" lobby="0"/><UN n0="%E3%81%86%E3%82%8B%E3%81%8A%E3%81%A1%E3%82%83" n1="%E3%81%AF%E3%82%88%E3%81%8A%E3%81%98%E3%81%95%E3%82%93" n2="%E3%83%B4%E3%82%A3%E3%83%AF%E3%82%B3%E3%82%B0%E3%83%8B" n3="%6E%69%63%6F%6E%74%6F" dan="16,16,16,16" rate="2114.31,2104.56,2175.28,2167.84" sx="F,M,M,M"/><TAIKYOKU oya="0"/><INIT seed="0,0,0,3,0,80" ten="250,250,250,250" oya="0" hai0="18,60,118,40,3,26,107,133,14,124,48,74,119" hai1="92,121,24,58,76,110,116,128,27,33,87,17,7" hai2="71,109,115,123,28,94,53,8,47,42,45,88,70" hai3="34,114,63,135,122,104,72,6,85,120,10,65,129"/><T56/><D3/><U5/><E116/><V61/><F123/><N who="3" m="47147" /><G114/><T95/><D107/><U75/><E121/><V106/><F106/><W37/><G37/><T19/><D74/><U90/><E110/><V111/><F115/><W69/><G72/><T2/><D2/><U102/><E128/><V23/><F8/><W13/><G34/><T25/><D124/><U36/><E36/><V105/><F105/><W21/><G104/><T86/><D133/><U93/><E75/><V11/><F11/><W81/><G129/><T50/><D118/><U4/><E33/><V108/><F28/><W31/><G135/><T66/><D119/><U20/><E76/><V117/><F23/><W89/><G21/><T82/><D95/><U0/><E0/><V127/><F127/><W9/><G9/><T46/><D50/><U84/><E58/><N who="2" m="35023" /><F117/><W125/><G125/><T16/><D14/><U12/><E102/><V112/><F112/><W126/><G126/><T1/><D1/><U32/><E32/><V57/><F57/><W29/><AGARI ba="0,0" hai="6,10,13,29,31,63,65,69,81,85,89" m="47147" machi="29" ten="30,2000,0" yaku="13,1,52,1" doraHai="80" who="3" fromWho="3" sc="250,-10,250,-5,250,-5,250,20" /><INIT seed="1,0,0,1,0,43" ten="240,245,245,270" oya="1" hai0="1,58,12,52,31,16,75,102,6,134,56,67,77" hai1="73,7,14,129,79,74,98,42,72,36,35,54,50" hai2="92,53,132,62,89,88,87,133,78,94,109,24,23" hai3="105,118,68,59,8,65,30,61,70,2,126,121,55"/><U84/><E35/><V127/><F109/><W29/><G121/><T80/><D134/><N who="2" m="51818" /><F127/><W69/><G118/><T104/><D31/><U97/><E129/><V63/><F78/><W108/><G108/><T86/><D1/><U48/><E36/><V103/><F53/><W13/><G126/><T91/><D6/><U5/><E42/><V26/><F103/><W120/><G120/><T40/><D40/><U25/><E25/><N who="2" m="9835" /><F23/><W60/><G105/><T90/><D67/><U112/><E112/><V123/><F123/><W107/><G107/><T21/><D58/><U18/><E48/><V124/><F124/><W57/><REACH who="3" step="1"/><G2/><REACH who="3" ten="240,245,245,260" step="2"/><T51/><REACH who="0" step="1"/><D75/><REACH who="0" ten="230,245,245,260" step="2"/><U93/><E72/><V85/><AGARI ba="0,2" hai="62,63,85,87,88,89,92,94" m="9835,51818" machi="85" ten="30,2000,0" yaku="20,1,54,1" doraHai="43" who="2" fromWho="2" sc="230,-5,245,-10,245,40,260,-5" /><INIT seed="2,0,0,0,0,18" ten="225,235,285,255" oya="2" hai0="92,103,60,25,9,96,94,27,12,102,2,101,31" hai1="65,58,62,40,13,28,72,119,7,56,129,23,82" hai2="76,105,69,109,108,43,20,42,73,68,110,91,49" hai3="88,93,35,34,51,1,0,126,87,53,30,3,38"/><V10/><F105/><W106/><G106/><T98/><D2/><U128/><E119/><V8/><F73/><W36/><G126/><T133/><D133/><U11/><E40/><N who="2" m="15403" /><F76/><W84/><G30/><T61/><D102/><U16/><E28/><V89/><F20/><W80/><G35/><T99/><D99/><U115/><E115/><V4/><F4/><W107/><G107/><T124/><D124/><U116/><E116/><V78/><F78/><W112/><G34/><T113/><D113/><U45/><E45/><V47/><F49/><W77/><REACH who="3" step="1"/><G112/><REACH who="3" ten="225,235,285,245" step="2"/><T132/><D132/><U50/><E129/><V100/><F110/><W26/><G26/><N who="0" m="9739" /><D31/><U74/><E128/><V48/><F109/><W67/><G67/><T86/><D86/><U71/><E74/><V64/><F64/><W59/><AGARI ba="0,1" hai="0,1,3,36,38,51,53,59,77,80,84,87,88,93" machi="59" ten="30,4000,0" yaku="1,1,0,1,54,1,53,0" doraHai="18" doraHaiUra="95" who="3" fromWho="3" sc="225,-10,235,-10,285,-20,245,50" /><INIT seed="3,0,0,3,2,24" ten="215,225,265,295" oya="3" hai0="87,112,117,120,133,1,92,102,40,127,116,65,10" hai1="100,89,114,25,54,86,57,59,16,12,22,85,32" hai2="130,6,29,20,84,37,2,134,64,72,3,13,27" hai3="14,90,78,52,124,66,33,55,123,58,35,60,4"/><W95/><G123/><T62/><D120/><U128/><E114/><V31/><F72/><W61/><G124/><T49/><D127/><U97/><E128/><V121/><F121/><W131/><G131/><T8/><D133/><U50/><E59/><V80/><F37/><W99/><G78/><T135/><D135/><U110/><E110/><V67/><F130/><W70/><G55/><T36/><D112/><U109/><E109/><V126/><F126/><W119/><G119/><T23/><D36/><U34/><E86/><V129/><F129/><W115/><G115/><T5/><D10/><U82/><REACH who="1" step="1"/><E25/><REACH who="1" ten="215,215,265,295" step="2"/><V111/><F111/><W26/><G26/><T63/><D116/><U107/><AGARI ba="0,1" hai="12,16,22,32,34,50,54,57,82,85,89,97,100,107" machi="107" ten="20,12000,2" yaku="1,1,2,1,0,1,7,1,54,1,53,1" doraHai="24" doraHaiUra="46" who="1" fromWho="1" sc="215,-30,215,130,265,-30,295,-60" owari="185,-31.5,345,44.5,235,3.5,235,-16.5" /></mjloggm>