<mjloggm ver="2.3"><GO type="225" lobby="0"/><UN n0="%E3%80%93%E3%81%97%E3%83%BC%E3%82%89%E3%80%93" n1="%6D%75%75%73%61%6E%6D%75" n2="%E4%BF%BA%E3%81%A8%E5%A6%96%E5%A4%A2" n3="%6C%61%6D%62" dan="16,16,16,16" rate="2161.95,2153.58,2110.32,2156.80" sx="M,F,F,M"/><TAIKYOKU oya="0"/><INIT seed="0,0,0,1,3,73" ten="250,250,250,250" oya="0" hai0="114,25,28,133,93,38,109,79,29,96,83,13,57" hai1="75,3,27,134,64,90,100,4,46,5,112,20,61" hai2="94,53,12,81,54,130,98,49,31,32,6,115,56" hai3="18,87,70,15,124,8,118,7,2,122,52,63,17"/><T78/><D38/><U58/><E134/><V40/><F115/><W19/><G118/><T34/><D114/><U106/><E112/><V128/><F40/><W110/><G110/><T24/><D133/><U127/><E127/><V131/><F81/><W119/><G119/><T121/><D121/><U42/><E75/><V60/><F31/><N who="0" m="11850" /><D34/><U82/><E3/><V123/><F32/><W91/><G124/><T39/><D39/><U85/><E100/><V132/><F132/><W62/><G122/><T21/><D83/><U103/><E103/><N who="2" m="60887" /><F123/><W126/><G126/><T71/><D71/><U67/><E106/><V47/><F12/><W102/><G102/><N who="0" m="60687" /><D109/><U41/><E67/><V135/><F135/><W37/><G37/><T105/><D105/><U22/><E27/><N who="0" m="10313" /><D57/><U86/><E82/><V74/><F74/><W11/><G70/><T55/><D55/><U116/><E116/><V104/><F104/><W125/><G125/><T23/><D13/><U113/><E113/><V89/><F89/><W108/><G108/><T48/><D48/><N who="1" m="26703" /><E90/><V10/><F53/><W26/><G26/><T92/><D92/><U129/><E42/><V80/><F80/><W97/><G52/><T0/><D0/><U95/><E95/><V51/><F47/><W43/><G43/><T69/><D69/><U65/><E65/><V68/><F68/><W33/><G33/><T14/><D14/><U84/><E129/><V45/><F45/><W88/><G91/><T99/><D99/><U101/><E101/><V77/><F51/><W111/><G111/><T36/><D36/><U76/><E64/><RYUUKYOKU ba="0,0" sc="250,30,250,-10,250,-10,250,-10" hai0="21,23,78,79" /><INIT seed="0,1,0,1,4,66" ten="280,240,240,240" oya="0" hai0="67,75,119,87,113,3,47,65,70,15,97,49,72" hai1="19,92,117,132,73,56,32,53,7,59,18,74,20" hai2="109,96,88,76,131,103,10,99,79,101,77,90,31" hai3="6,85,45,124,37,78,104,82,80,35,14,111,63"/><T83/><D3/><U50/><E32/><V28/><F10/><W22/><G35/><T48/><D113/><U41/><E117/><V81/><F109/><W30/><G111/><T134/><D119/><U52/><E132/><V27/><F27/><W98/><G124/><T60/><D134/><U57/><E7/><V4/><F4/><W71/><G37/><T122/><D49/><U54/><E92/><V133/><F133/><W13/><G45/><T130/><D67/><U89/><E89/><N who="2" m="34411" /><F131/><W25/><G6/><T11/><D97/><N who="2" m="37450" /><F81/><W16/><G82/><T34/><D34/><U5/><E5/><V17/><F17/><W127/><G127/><T38/><D38/><U84/><E84/><V2/><F2/><W61/><G30/><AGARI ba="1,0" hai="28,30,31,76,77,79,101,103" m="37450,34411" machi="30" ten="30,7700,0" yaku="28,2,8,1,54,1" doraHai="66" who="2" fromWho="3" sc="280,0,240,0,240,80,240,-80" /><INIT seed="1,0,0,0,5,74" ten="280,240,320,160" oya="1" hai0="102,53,80,41,111,40,48,34,54,116,126,14,75" hai1="133,11,10,35,83,105,32,125,17,114,62,78,112" hai2="5,39,132,31,70,122,86,77,92,51,20,29,55" hai3="59,88,33,110,84,18,8,113,103,12,68,19,56"/><U131/><E131/><V64/><F122/><W73/><G68/><T52/><D34/><U65/><E105/><V87/><F39/><W24/><G113/><T23/><D116/><U118/><E118/><V93/><F132/><W96/><G110/><T3/><D3/><U43/><E133/><V45/><F5/><W15/><G73/><T22/><D111/><U21/><E125/><V123/><F123/><W135/><G135/><T108/><D108/><U99/><E43/><V81/><F64/><W46/><G46/><T27/><D102/><U67/><E99/><V98/><F70/><W85/><G24/><T72/><D48/><U0/><E0/><V66/><F66/><W58/><G33/><T119/><D119/><U47/><E47/><V91/><REACH who="2" step="1"/><F20/><REACH who="2" ten="280,240,310,160" step="2"/><N who="3" m="11335" /><G103/><AGARI ba="0,1" hai="29,31,45,51,55,77,81,86,87,91,92,93,98,103" machi="103" ten="30,7700,0" yaku="1,1,7,1,8,1,52,1,53,0" doraHai="74" doraHaiUra="61" who="2" fromWho="3" sc="280,0,240,0,310,87,160,-77" /><INIT seed="2,0,0,0,2,122" ten="280,240,397,83" oya="2" hai0="0,31,5,88,87,111,53,106,37,79,11,92,32" hai1="110,82,118,42,21,6,131,33,14,56,25,91,97" hai2="63,109,55,112,78,61,76,114,20,41,103,81,48" hai3="127,7,29,117,35,22,104,28,102,113,124,9,19"/><V27/><F103/><W3/><G104/><T67/><D37/><U123/><E118/><V70/><F41/><W73/><G102/><T132/><D106/><U84/><E123/><V77/><F81/><W71/><G71/><T64/><D132/><U75/><E131/><V133/><F133/><W101/><G101/><T66/><D79/><U46/><E33/><V50/><F70/><W2/><G73/><T8/><D8/><U74/><E97/><V93/><F93/><W57/><G57/><T4/><D4/><U44/><E56/><V40/><F40/><W16/><G117/><T12/><D0/><U58/><E58/><V59/><F50/><W94/><G94/><T13/><D13/><U120/><E120/><V10/><F10/><W95/><G95/><T65/><D53/><U45/><E42/><V23/><F23/><W107/><G107/><T17/><D5/><U30/><E14/><V34/><F34/><W121/><G121/><T116/><D65/><U129/><E6/><V130/><F130/><W62/><G62/><T43/><D43/><U135/><E129/><V15/><F15/><N who="3" m="7279" /><G113/><T68/><D68/><U72/><REACH who="1" step="1"/><E135/><REACH who="1" ten="280,230,397,83" step="2"/><V119/><F119/><W100/><G7/><N who="0" m="3199" /><D116/><U52/><E52/><V60/><F114/><W39/><G35/><T105/><D67/><U47/><N who="1" m="11264" /><DORA hai="18" /><U125/><E125/><N who="3" m="48202" /><G39/><T26/><D66/><U86/><E86/><V85/><F85/><W54/><G54/><T38/><D64/><U115/><E115/><V90/><F112/><W69/><G69/><T80/><D38/><U36/><E36/><V128/><F128/><RYUUKYOKU ba="0,1" sc="280,-10,230,30,397,-10,83,-10" hai1="21,25,30,72,74,75,82,84,91,110" /><INIT seed="3,1,1,1,4,95" ten="270,260,387,73" oya="3" hai0="71,54,46,116,15,115,105,113,88,114,82,32,134" hai1="107,117,39,37,89,31,8,106,61,103,92,14,124" hai2="102,126,108,18,36,23,28,47,30,25,64,3,79" hai3="73,100,70,109,7,1,67,96,43,10,48,123,81"/><W38/><G123/><T2/><D2/><U29/><E124/><V13/><F3/><W62/><G48/><N who="0" m="28951" /><D32/><U42/><E61/><V129/><F126/><W9/><G109/><T120/><D105/><U87/><E117/><V4/><F108/><W125/><G125/><T131/><D71/><U26/><E42/><V55/><F129/><W110/><G110/><T75/><D120/><U16/><E31/><V101/><F64/><W91/><G10/><T45/><D116/><U84/><E84/><V78/><F4/><W34/><G91/><T74/><D131/><U57/><E57/><V6/><F6/><W72/><G34/><T132/><D15/><U118/><E118/><V35/><F30/><W83/><G83/><T51/><D88/><U19/><E19/><V77/><F36/><W65/><G65/><T122/><D122/><U68/><E68/><V127/><F127/><W97/><G81/><T60/><D60/><U86/><E86/><V80/><F80/><W11/><G11/><T52/><D82/><U66/><E66/><V76/><F76/><W17/><G17/><T130/><D130/><U53/><E53/><V56/><F47/><N who="3" m="24055" /><G97/><T50/><D50/><U22/><REACH who="1" step="1"/><E107/><AGARI ba="1,1" hai="1,7,9,62,67,70,72,73,96,100,107" m="24055" machi="107" ten="30,5800,0" yaku="33,2,52,1" doraHai="95" who="3" fromWho="1" sc="270,0,260,-61,387,0,73,71" /><INIT seed="3,2,0,5,1,99" ten="270,199,387,144" oya="3" hai0="57,55,42,32,18,122,53,111,41,71,39,82,8" hai1="22,94,56,21,126,118,17,14,38,6,1,124,74" hai2="84,125,54,116,63,24,93,47,91,52,76,89,72" hai3="43,15,9,97,4,36,29,51,59,60,105,114,28"/><W12/><G114/><T35/><D71/><U109/><E74/><V83/><F116/><W100/><G36/><T46/><D42/><U108/><E118/><V5/><F125/><N who="1" m="48233" /><E38/><V61/><F5/><W75/><G75/><T78/><D55/><U77/><E77/><V11/><F11/><W129/><G129/><T40/><D40/><U33/><E94/><V115/><F115/><W123/><G123/><T65/><D65/><U102/><E102/><V66/><F24/><W96/><G96/><T10/><D111/><N who="1" m="42571" /><E56/><V68/><F47/><W64/><REACH who="3" step="1"/><G15/><REACH who="3" ten="270,199,387,134" step="2"/><T87/><D122/><U127/><N who="1" m="48241" /><U130/><DORA hai="34" /><E130/><V37/><F37/><W67/><G67/><T119/><D39/><U92/><E92/><V80/><F66/><W3/><G3/><T131/><D131/><U107/><E107/><V134/><F72/><W70/><G70/><T132/><D119/><U79/><E79/><V49/><F68/><W69/><G69/><T0/><D78/><U85/><E85/><V106/><F106/><W44/><AGARI ba="2,1" hai="4,9,12,28,29,43,44,51,59,60,64,97,100,105" machi="44" ten="30,11700,0" yaku="1,1,0,1,52,1,53,1" doraHai="99,34" doraHaiUra="20,62" who="3" fromWho="3" sc="270,-41,199,-41,387,-41,134,133" /><INIT seed="3,3,0,5,1,103" ten="229,158,346,267" oya="3" hai0="81,135,5,77,44,34,23,93,122,37,42,57,27" hai1="47,97,98,87,59,64,41,124,28,95,89,96,118" hai2="3,82,48,66,51,39,35,117,112,56,130,131,53" hai3="91,17,26,68,121,30,72,133,15,55,10,24,52"/><W69/><G121/><T54/><D122/><U128/><E128/><N who="2" m="49195" /><F35/><W75/><G133/><T102/><D135/><U14/><E124/><V62/><F112/><W8/><G91/><T126/><D126/><U105/><E118/><V107/><F107/><W83/><G15/><T71/><D71/><U129/><E129/><V38/><F3/><W73/><G17/><T132/><D34/><U65/><E28/><V85/><F117/><W125/><G83/><T33/><D33/><U94/><E94/><V114/><F114/><W109/><G109/><T84/><D5/><U78/><E78/><N who="2" m="46295" /><F48/><W120/><G120/><T92/><D102/><U119/><E119/><V9/><F9/><N who="3" m="3691" /><G30/><T86/><D86/><U20/><E105/><V50/><F50/><W16/><G16/><T19/><D132/><U106/><E106/><V32/><F32/><W80/><G80/><T7/><D7/><U22/><E14/><V115/><F115/><W21/><G21/><T127/><D127/><U108/><E108/><V101/><F101/><W43/><G43/><T90/><D90/><U67/><REACH who="1" step="1"/><E59/><AGARI ba="3,0" hai="38,39,51,53,56,59,62,66" m="46295,49195" machi="59" ten="30,1000,0" yaku="19,1" doraHai="103" who="2" fromWho="1" sc="229,0,158,-19,346,19,267,0" owari="229,-17.1,139,-36.1,365,46.5,267,6.7" /></mjloggm>