<mjloggm ver="2.3"><GO type="225" lobby="0"/><UN n0="%E5%A4%9C%E5%85%89%E5%A4%A9%E6%A5%BC" n1="%E3%81%84%E3%81%A1%E3%81%B2%E3%81%8B%E3%82%8A" n2="%E6%A1%9C%E8%8A%B1%E9%96%83%E3%80%85" n3="%E3%81%A8%E3%82%93%E3%81%A8%E3%81%93%E3%81%A8%E3%82%93" dan="16,16,16,16" rate="2142.60,2117.09,2212.54,2126.93" sx="F,M,M,F"/><TAIKYOKU oya="0"/><INIT seed="0,0,0,4,0,48" ten="250,250,250,250" oya="0" hai0="30,85,82,126,45,73,117,24,10,1,102,47,74" hai1="121,123,5,67,11,36,25,133,69,83,118,132,32" hai2="19,63,59,15,88,103,61,108,7,41,42,120,49" hai3="134,57,12,52,58,106,113,95,18,97,54,38,22"/><T79/><D117/><U46/><E83/><V23/><F120/><N who="1" m="46153" /><E67/><V51/><F108/><W90/><G113/><T14/><D1/><N who="1" m="431" /><E69/><V105/><F7/><W99/><G38/><T26/><D102/><U2/><E2/><V37/><F37/><W16/><G134/><N who="1" m="51818" /><E46/><N who="2" m="25807" /><F105/><W43/><G43/><T4/><D47/><U104/><E104/><V44/><F103/><W98/><G106/><T89/><D73/><U66/><E66/><N who="2" m="39231" /><F63/><N who="3" m="36263" /><G18/><T128/><D45/><U114/><E36/><V87/><F87/><W53/><G53/><T35/><D74/><U124/><E118/><V75/><F75/><W72/><G72/><T39/><D39/><U8/><E8/><V70/><F70/><W31/><G31/><T80/><D30/><N who="1" m="19535" /><E114/><V28/><F28/><W107/><G107/><T65/><D65/><U77/><E77/><V101/><F101/><W21/><G22/><T29/><D79/><U78/><E78/><V6/><F6/><W112/><G112/><T125/><D82/><U109/><E109/><V110/><F110/><W68/><G68/><T33/><D29/><U81/><E81/><V127/><F42/><W55/><G55/><T64/><D64/><U111/><E111/><V86/><F23/><W0/><G0/><T13/><D80/><U122/><E122/><V9/><F9/><W50/><AGARI ba="0,0" hai="12,16,21,50,54,58,90,95,97,98,99" m="36263" machi="50" ten="30,8000,1" yaku="8,1,52,2,54,2" doraHai="48" who="3" fromWho="3" sc="250,-40,250,-20,250,-20,250,80" /><INIT seed="1,0,0,4,0,27" ten="210,230,230,330" oya="1" hai0="8,77,90,131,129,49,56,53,84,52,60,25,61" hai1="69,103,117,72,83,19,81,20,91,62,42,31,111" hai2="82,55,33,13,118,110,50,104,98,78,47,23,11" hai3="43,12,30,48,5,21,16,126,4,75,34,114,38"/><U64/><E117/><V93/><F118/><W99/><G38/><T130/><D77/><U24/><E111/><V115/><F110/><W88/><G75/><T100/><D100/><U9/><E72/><V37/><F33/><W26/><G114/><T73/><D73/><U94/><E103/><V85/><F104/><W108/><G126/><T17/><D53/><U128/><E42/><V121/><F121/><W39/><G48/><T105/><D105/><U74/><E74/><V107/><F107/><W51/><G39/><T0/><D25/><U44/><E44/><V1/><F115/><W95/><REACH who="3" step="1"/><G108/><REACH who="3" ten="210,230,230,320" step="2"/><T76/><D76/><U119/><E119/><V71/><F37/><W67/><G67/><T92/><D0/><U89/><E128/><V57/><F1/><W109/><G109/><T87/><D84/><U41/><E41/><V40/><F40/><W68/><G68/><T122/><D122/><U2/><E2/><V45/><F71/><W70/><G70/><T106/><D106/><U46/><E69/><V135/><F135/><W134/><G134/><T35/><D129/><U133/><E133/><V59/><F47/><AGARI ba="0,1" hai="4,5,12,16,21,26,30,34,43,47,51,88,95,99" machi="47" ten="40,8000,1" yaku="1,1,52,1,54,2,53,0" doraHai="27" doraHaiUra="113" who="3" fromWho="2" sc="210,0,230,0,230,-80,320,90" /><INIT seed="2,0,0,4,1,39" ten="210,230,150,410" oya="2" hai0="8,29,114,115,107,96,80,11,129,27,98,75,38" hai1="45,34,123,127,104,56,65,12,95,135,18,94,23" hai2="78,63,46,125,128,57,100,37,69,112,5,116,59" hai3="131,81,111,7,71,86,58,73,102,20,97,79,99"/><V26/><F112/><W6/><G71/><T84/><D38/><U13/><E34/><V87/><F116/><W19/><G111/><T108/><D75/><U85/><E104/><V21/><F125/><W17/><G131/><T122/><D122/><U40/><E127/><V88/><F128/><W61/><G73/><T70/><D70/><U25/><E135/><V51/><F37/><W28/><G28/><T93/><D107/><U52/><E65/><V74/><F100/><W15/><G19/><T48/><D129/><U82/><E123/><V110/><F5/><N who="3" m="1547" /><G102/><N who="0" m="60687" /><D98/><U1/><E1/><V9/><F9/><W0/><G0/><T31/><D114/><U54/><E12/><V134/><F134/><W30/><G30/><N who="0" m="11275" /><D27/><U76/><E25/><V117/><F117/><W55/><AGARI ba="0,0" hai="15,17,20,55,58,61,79,81,86,97,99" m="1547" machi="55" ten="30,1100,0" yaku="8,1" doraHai="39" who="3" fromWho="3" sc="210,-3,230,-3,150,-5,410,11" /><INIT seed="3,0,0,0,4,97" ten="207,227,145,421" oya="3" hai0="50,18,31,13,29,6,49,8,0,98,99,28,88" hai1="68,127,124,26,37,20,72,114,60,56,102,21,89" hai2="106,65,25,14,128,70,76,71,69,105,2,79,30" hai3="86,132,104,78,11,12,55,74,122,16,80,3,24"/><W109/><G122/><T108/><D108/><U39/><E72/><V129/><F14/><W38/><G38/><T101/><D0/><U66/><E114/><V27/><F2/><W7/><G104/><N who="2" m="40041" /><F30/><W115/><G115/><T90/><D18/><U9/><E9/><V96/><F96/><N who="0" m="36906" /><D101/><U53/><E102/><V81/><F81/><W120/><G120/><T57/><D50/><N who="1" m="30775" /><E89/><V23/><F23/><N who="1" m="8777" /><E26/><N who="2" m="9739" /><F65/><W54/><G109/><T134/><D134/><U93/><E93/><V85/><F85/><W119/><G119/><T91/><D91/><U45/><E45/><V94/><F94/><W75/><G132/><T41/><D57/><U62/><E62/><V82/><F82/><W125/><G74/><T131/><D90/><U4/><E4/><V118/><F118/><W33/><G75/><T15/><D88/><U121/><E121/><V135/><F135/><W19/><G3/><T61/><D61/><U64/><E64/><V111/><F111/><W92/><G24/><T95/><D95/><U17/><E17/><V117/><F117/><W83/><G92/><T126/><D15/><U116/><E116/><V107/><N who="2" m="40049" /><V43/><DORA hai="51" /><F43/><W130/><G12/><T110/><D110/><U32/><E32/><V34/><F34/><W58/><G33/><T42/><D42/><U22/><E22/><V67/><F67/><W5/><G80/><T10/><D41/><U63/><E63/><V84/><F84/><W103/><G86/><T59/><D13/><U87/><E87/><V77/><AGARI ba="0,0" hai="69,70,71,76,77,79,128,129" m="9739,40049" machi="77" ten="60,4000,0" yaku="28,2" doraHai="97,51" who="2" fromWho="2" sc="207,-10,227,-10,145,40,421,-20" owari="197,-20.3,217,1.7,185,-31.5,401,50.1" /></mjloggm>