<mjloggm ver="2.3"><GO type="225" lobby="0"/><UN n0="%E8%83%83%E3%81%A8%E8%85%B8" n1="%6D%75%75%6D%75%72%61" n2="%E3%82%BC%E3%83%AB%E3%83%80%E3%81%AE%E4%BC%9D%E8%AA%AC" n3="%E3%81%A8%E3%82%93%E3%81%A8%E3%81%93%E3%81%A8%E3%82%93" dan="16,17,17,16" rate="2215.29,2261.76,2222.38,2138.88" sx="M,F,M,M"/><TAIKYOKU oya="0"/><INIT seed="0,0,0,1,2,127" ten="250,250,250,250" oya="0" hai0="27,9,117,95,123,34,15,75,126,104,30,74,40" hai1="131,81,47,42,120,54,29,24,86,92,110,50,41" hai2="59,102,82,99,69,61,3,78,114,73,14,112,135" hai3="108,115,0,76,88,22,56,129,11,85,121,132,71"/><T1/><D104/><U91/><E120/><V116/><F3/><W130/><G71/><T125/><D123/><U89/><E110/><V103/><F135/><W77/><G121/><T62/><D117/><U4/><E4/><V57/><F116/><W35/><G35/><T45/><D1/><U101/><E101/><V122/><F122/><W6/><G115/><T65/><D95/><U46/><E131/><N who="3" m="50186" /><G108/><T80/><D15/><U19/><E19/><V16/><F69/><W51/><G132/><T133/><D9/><U38/><E24/><V2/><F2/><W134/><G22/><T79/><D133/><U20/><E20/><V52/><F59/><W70/><G70/><N who="0" m="42295" /><D74/><U13/><E13/><V67/><F67/><W25/><G25/><T113/><D113/><U31/><REACH who="1" step="1"/><E42/><REACH who="1" ten="250,240,250,250" step="2"/><V5/><F5/><W33/><G134/><T32/><D32/><U119/><E119/><V97/><F102/><W128/><G33/><T96/><D96/><AGARI ba="0,1" hai="29,31,38,41,46,47,50,54,81,86,89,91,92,96" machi="96" ten="30,3900,0" yaku="1,1,7,1,53,1" doraHai="127" doraHaiUra="36" who="1" fromWho="0" sc="250,-39,240,49,250,0,250,0" /><INIT seed="1,0,0,1,5,21" ten="211,289,250,250" oya="1" hai0="64,19,29,118,80,76,54,51,35,77,14,49,132" hai1="12,79,110,94,50,119,78,7,63,59,104,83,20" hai2="24,62,16,113,90,45,13,61,18,93,128,40,6" hai3="107,134,129,58,106,57,124,5,131,122,17,116,135"/><U69/><E104/><N who="3" m="39978" /><G122/><T46/><D118/><U8/><E119/><V42/><F128/><N who="3" m="49227" /><G116/><T53/><D132/><N who="3" m="50729" /><G5/><T9/><D64/><U108/><E69/><V39/><F113/><W25/><G124/><T11/><D80/><U101/><E50/><V0/><F0/><W56/><G17/><T30/><D11/><U115/><E115/><V130/><F130/><W126/><G126/><T72/><D35/><U67/><E20/><V88/><F40/><W34/><G34/><T99/><D99/><N who="1" m="59639" /><E83/><V125/><F125/><W75/><G75/><T36/><D36/><U68/><E68/><V109/><F6/><W48/><G48/><T26/><D72/><U31/><E31/><V105/><F18/><W43/><G43/><T89/><D29/><U4/><E4/><V66/><F16/><W23/><G23/><N who="0" m="15711" /><D89/><U70/><E70/><V97/><F90/><W100/><G100/><T73/><D73/><U52/><E67/><V33/><F66/><W81/><G81/><T15/><D15/><U120/><E120/><V47/><F13/><W55/><G55/><T121/><D121/><U82/><E82/><V65/><F65/><W44/><G44/><AGARI ba="0,0" hai="9,14,19,44,46,49,51,53,54,76,77" m="15711" machi="44" ten="30,2000,0" yaku="8,1,52,1" doraHai="21" who="0" fromWho="3" sc="211,20,289,0,250,0,250,-20" /><INIT seed="2,0,0,4,2,38" ten="231,289,250,230" oya="2" hai0="68,41,15,103,23,21,50,80,7,107,58,99,29" hai1="24,57,118,48,47,65,129,66,76,13,61,71,2" hai2="105,12,86,72,83,28,101,128,75,102,85,123,97" hai3="110,42,111,88,0,45,91,131,84,79,133,11,92"/><V27/><F123/><W98/><G131/><T126/><D68/><U32/><E2/><V18/><F128/><W33/><G33/><T60/><D126/><U69/><E129/><V96/><F12/><W73/><G133/><T87/><D29/><U39/><E118/><V93/><F18/><W115/><G115/><T1/><D1/><U10/><E39/><V135/><F135/><W104/><G73/><N who="2" m="28233" /><F27/><W49/><G79/><T17/><D7/><U56/><E76/><N who="2" m="46311" /><F28/><W5/><REACH who="3" step="1"/><G104/><REACH who="3" ten="231,289,250,220" step="2"/><T100/><D107/><U20/><E32/><V25/><F25/><W82/><AGARI ba="0,1" hai="0,5,11,42,45,49,82,84,88,91,92,98,110,111" machi="82" ten="30,12000,2" yaku="1,1,2,1,0,1,52,1,54,1,53,1" doraHai="38" doraHaiUra="35" who="3" fromWho="3" sc="231,-30,289,-30,250,-60,220,130" /><INIT seed="3,0,0,3,4,129" ten="201,259,190,350" oya="3" hai0="24,70,89,102,103,110,29,43,34,107,134,68,6" hai1="122,126,25,55,49,33,12,93,113,101,65,109,10" hai2="119,40,72,125,4,73,75,131,8,77,116,67,133" hai3="37,123,95,52,74,36,50,79,105,58,41,124,46"/><W120/><G105/><T26/><D110/><U21/><E113/><V5/><F131/><W3/><G124/><T83/><D43/><U97/><E122/><V35/><F125/><W99/><G37/><T2/><D24/><U13/><E33/><V16/><F35/><W90/><REACH who="3" step="1"/><G3/><REACH who="3" ten="201,259,190,340" step="2"/><T20/><D107/><U132/><E126/><V54/><F133/><W66/><G66/><T127/><D127/><U84/><E132/><V94/><F67/><W86/><G86/><T31/><D134/><U39/><E39/><V128/><F128/><W111/><G111/><T42/><D2/><U87/><E109/><V57/><F119/><W130/><G130/><T32/><D32/><U23/><E65/><V62/><F116/><W17/><G17/><T1/><D34/><U104/><E104/><V118/><F118/><W61/><G61/><T53/><D1/><U91/><E84/><V38/><F77/><W76/><G76/><T56/><D31/><U11/><E87/><V44/><REACH who="2" step="1"/><F94/><REACH who="2" ten="201,259,180,340" step="2"/><W48/><G48/><N who="0" m="30759" /><D68/><U88/><E49/><V121/><F121/><W117/><G117/><T80/><D70/><U112/><E93/><V69/><F69/><W22/><G22/><T81/><D20/><U64/><E64/><V60/><F60/><W82/><AGARI ba="0,2" hai="36,41,46,50,52,58,74,79,82,90,95,99,120,123" machi="82" ten="30,6000,0" yaku="1,1,0,1,54,1,53,0" doraHai="129" doraHaiUra="59" who="3" fromWho="3" sc="201,-20,259,-20,180,-20,340,80" owari="181,-21.9,239,3.9,160,-34.0,420,52.0" /></mjloggm>