<mjloggm ver="2.3"><GO type="225" lobby="0"/><UN n0="%53%61%63%68%69%30%34" n1="%E4%B8%89%E5%86%A0%E7%8E%8B%E3%83%BB%E5%B1%B1%E7%94%B0%E5%93%B2%E4%BA%BA" n2="%E3%81%9F%E3%81%A3%E3%81%A1%E3%82%87" n3="%48%61%61%61%6C%61%6E%64" dan="16,17,16,17" rate="2082.56,2185.88,2046.32,2242.78" sx="M,M,M,M"/><TAIKYOKU oya="0"/><INIT seed="0,0,0,5,1,105" ten="250,250,250,250" oya="0" hai0="13,112,40,111,126,21,61,56,67,2,72,85,48" hai1="108,60,45,79,134,118,128,95,31,1,135,70,18" hai2="77,69,81,103,10,86,91,23,94,25,127,59,116" hai3="49,44,30,52,26,15,7,104,99,73,5,36,71"/><T88/><D112/><U109/><E118/><V102/><F69/><W82/><G71/><T89/><D2/><U123/><E123/><V120/><F120/><W39/><G104/><T133/><D133/><N who="1" m="50699" /><E128/><V98/><F127/><W62/><G99/><T42/><D126/><U93/><E1/><V117/><F10/><W53/><G62/><T63/><D72/><U125/><E125/><V130/><F130/><W74/><G53/><T90/><D111/><N who="1" m="42571" /><E31/><V113/><F113/><W66/><G66/><T33/><D33/><U41/><E79/><V19/><REACH who="2" step="1"/><F59/><REACH who="2" ten="250,250,240,250" step="2"/><W110/><G110/><T37/><D56/><U28/><E28/><V64/><F64/><W38/><G5/><T47/><D67/><N who="1" m="41319" /><E18/><V75/><F75/><W119/><G119/><AGARI ba="0,1" hai="19,23,25,77,81,86,91,94,98,102,103,116,117,119" machi="119" ten="40,2600,0" yaku="1,1,12,1,53,0" doraHai="105" doraHaiUra="54" who="2" fromWho="3" sc="250,0,250,0,240,36,250,-26" /><INIT seed="1,0,0,1,2,131" ten="250,250,276,224" oya="1" hai0="26,67,112,87,124,81,50,80,75,4,35,83,82" hai1="134,127,122,41,109,65,44,13,104,20,56,113,16" hai2="15,90,101,39,107,68,100,27,8,29,135,31,30" hai3="23,103,102,121,76,93,55,85,54,63,9,36,5"/><U37/><E113/><V132/><F39/><W59/><G121/><T69/><D112/><U64/><E122/><V110/><F110/><W118/><G118/><T45/><D75/><U84/><E109/><V86/><F68/><W7/><G36/><T1/><D124/><U18/><E127/><V32/><F107/><W115/><G115/><T49/><D69/><U14/><E104/><V38/><F38/><W96/><G103/><T106/><D67/><U22/><E134/><N who="2" m="51243" /><F27/><W119/><G119/><T34/><D26/><U133/><E133/><V11/><F32/><W28/><G55/><T114/><D50/><U123/><E123/><V48/><F48/><W99/><G99/><T19/><D49/><U77/><REACH who="1" step="1"/><E56/><REACH who="1" ten="250,240,276,224" step="2"/><V72/><F72/><W62/><G59/><T61/><D106/><U91/><E91/><V52/><F100/><W79/><G102/><T10/><D114/><U57/><E57/><V130/><F101/><W3/><G79/><T117/><D117/><U0/><E0/><V116/><F130/><W89/><G3/><T126/><D126/><U12/><E12/><V105/><F15/><W78/><G78/><T40/><D1/><U51/><E51/><V129/><F105/><W128/><G128/><T98/><D61/><U58/><E58/><V71/><F129/><W95/><G76/><T24/><D24/><U60/><E60/><V17/><F116/><W33/><G62/><T21/><D35/><U43/><E43/><V74/><F74/><W70/><G33/><T111/><D34/><U92/><E92/><N who="2" m="54359" /><F71/><W88/><G70/><T66/><D111/><RYUUKYOKU ba="0,1" sc="250,-10,240,30,276,-10,224,-10" hai1="13,14,16,18,20,22,37,41,44,64,65,77,84" /><INIT seed="1,1,1,3,0,81" ten="240,270,266,214" oya="1" hai0="77,87,56,64,55,13,57,116,84,105,118,94,8" hai1="28,52,63,6,37,98,59,117,1,36,114,47,76" hai2="135,97,83,85,20,119,15,27,120,5,38,44,62" hai3="26,50,110,130,124,91,41,34,21,88,19,129,31"/><U100/><E114/><V45/><F119/><W22/><G110/><T93/><D105/><U111/><E117/><V10/><F120/><W2/><G2/><T107/><D107/><U4/><E111/><V61/><F135/><W115/><G115/><T43/><D118/><U74/><E28/><V82/><F82/><W132/><G132/><T39/><D116/><U53/><E74/><V51/><F97/><W113/><G113/><T127/><D127/><U35/><E35/><V86/><F44/><N who="3" m="25871" /><G34/><T102/><D39/><U30/><E30/><N who="2" m="17767" /><F38/><W73/><G73/><T58/><D43/><U108/><E76/><N who="2" m="46311" /><F86/><N who="0" m="32810" /><D77/><U96/><E108/><V131/><F131/><N who="3" m="50187" /><G124/><T90/><D64/><U126/><E126/><V99/><F99/><W11/><G11/><T23/><D23/><U3/><E98/><V14/><F14/><AGARI ba="1,1" hai="14,19,21,22,26,31,88,91" m="50187,25871" machi="14" ten="30,2000,0" yaku="19,1,54,1" doraHai="81" who="3" fromWho="2" sc="240,0,270,0,266,-23,214,33" /><INIT seed="2,0,0,2,3,16" ten="240,270,243,247" oya="2" hai0="62,132,114,81,123,121,68,85,105,63,72,101,83" hai1="97,59,91,51,26,127,11,86,2,18,23,46,99" hai2="0,108,36,64,7,98,60,124,110,1,37,94,89" hai3="32,28,109,77,107,112,69,126,95,75,39,15,90"/><V104/><F124/><W50/><G39/><N who="2" m="14921" /><F104/><W78/><G107/><T10/><D114/><U38/><E38/><V65/><F7/><W30/><G126/><T12/><D132/><U40/><E127/><V48/><F48/><W92/><G69/><T21/><D72/><U100/><E100/><V31/><F31/><N who="3" m="11819" /><G75/><T120/><D68/><U84/><E59/><N who="2" m="36895" /><F65/><W115/><G32/><T24/><D101/><U134/><E134/><V27/><F27/><W4/><G50/><T34/><D34/><U29/><E86/><V41/><F41/><W111/><G4/><T103/><D103/><U19/><E2/><V5/><F5/><W73/><G15/><T3/><D3/><U9/><E29/><V96/><F98/><N who="1" m="37385" /><E18/><V80/><F80/><AGARI ba="0,0" hai="9,11,19,23,26,40,46,51,80,84,91" m="37385" machi="80" ten="30,2000,0" yaku="8,1,52,1" doraHai="16" who="1" fromWho="2" sc="240,0,270,20,243,-20,247,0" /><INIT seed="3,0,0,3,3,59" ten="240,290,223,247" oya="3" hai0="69,34,113,48,129,6,64,117,56,127,134,7,4" hai1="67,79,91,70,32,82,95,81,118,11,108,104,46" hai2="126,52,114,106,21,40,77,45,31,107,17,62,85" hai3="97,78,37,96,128,90,115,50,119,58,24,20,109"/><W63/><G37/><T92/><D117/><U131/><E104/><V75/><F114/><W122/><G115/><T30/><D113/><U22/><E32/><V88/><F126/><W98/><G122/><T133/><D127/><U0/><E118/><V15/><F106/><W94/><G119/><T80/><D129/><U99/><E131/><V103/><F107/><W14/><G128/><T105/><D105/><U74/><E108/><V16/><F75/><W87/><G109/><T54/><D80/><U35/><E35/><V89/><F103/><W25/><G78/><T68/><D92/><U29/><E82/><N who="2" m="47311" /><F31/><W66/><G50/><T9/><D9/><U19/><E11/><N who="2" m="6399" /><F40/><W18/><AGARI ba="0,0" hai="14,18,20,24,25,58,63,66,87,90,94,96,97,98" machi="18" ten="30,6000,0" yaku="0,1,8,1,52,1" doraHai="59" who="3" fromWho="3" sc="240,-20,290,-20,223,-20,247,60" owari="220,-18.0,270,7.0,203,-29.7,307,40.7" /></mjloggm>