<mjloggm ver="2.3"><GO type="225" lobby="0"/><UN n0="%E6%A1%9C%E8%8A%B1%E9%96%83%E3%80%85" n1="%E5%A4%9C%E3%81%AE%E3%82%AC%E3%82%B9%E3%83%91%E3%83%BC%E3%83%AB" n2="%E3%83%81%E3%83%AF%E3%83%AF%E9%9A%8A%E9%95%B7" n3="%E3%81%A4%E3%81%A3%E3%81%B1%E3%82%8A%E3%83%9D%E3%83%BC%E3%83%AB" dan="16,17,17,17" rate="2198.83,2170.84,2149.58,2253.46" sx="M,M,M,M"/><TAIKYOKU oya="0"/><INIT seed="0,0,0,0,1,70" ten="250,250,250,250" oya="0" hai0="16,64,114,44,1,132,58,41,101,5,134,135,6" hai1="110,103,124,93,85,83,13,25,29,76,57,71,77" hai2="55,86,26,65,30,87,115,67,121,34,99,127,10" hai3="54,8,109,100,96,3,37,91,123,31,113,12,22"/><T23/><D114/><U81/><E71/><V84/><F115/><W95/><G113/><T14/><D101/><U9/><E110/><V17/><F121/><W27/><G109/><T24/><D1/><U107/><E124/><V15/><F127/><W73/><G123/><T28/><D58/><U62/><E107/><V45/><REACH who="2" step="1"/><F99/><REACH who="2" ten="250,250,240,250" step="2"/><W21/><G73/><T56/><D64/><U2/><E2/><V20/><F20/><W90/><G3/><T94/><D94/><U53/><E93/><V119/><F119/><W47/><G22/><N who="0" m="11543" /><D56/><U111/><E111/><V125/><F125/><W60/><G96/><T18/><D28/><U19/><E103/><V63/><F63/><W116/><G95/><T108/><D108/><U52/><E53/><V98/><F98/><W48/><G60/><T33/><D33/><U0/><E0/><V118/><F118/><W131/><G116/><T130/><D130/><U82/><REACH who="1" step="1"/><E85/><REACH who="1" ten="250,240,240,250" step="2"/><V80/><F80/><W38/><G131/><T106/><D106/><U75/><E75/><V46/><F46/><W40/><G100/><T43/><D43/><U79/><E79/><V59/><F59/><W126/><G126/><T32/><D32/><AGARI ba="0,2" hai="9,13,19,25,29,32,52,57,62,76,77,81,82,83" machi="32" ten="40,2600,0" yaku="1,1,54,1,53,0" doraHai="70" doraHaiUra="92" who="1" fromWho="0" sc="250,-26,240,46,240,0,250,0" /><INIT seed="1,0,0,3,0,126" ten="224,286,240,250" oya="1" hai0="19,101,77,122,13,8,5,104,15,99,69,50,18" hai1="42,116,86,45,1,80,82,67,102,37,134,133,129" hai2="26,33,55,62,3,20,25,114,123,135,0,121,120" hai3="118,44,40,29,92,22,60,35,46,127,100,128,48"/><U28/><E116/><V78/><F114/><W53/><G127/><T68/><D122/><U49/><E1/><V111/><F135/><N who="1" m="51721" /><E28/><V130/><F111/><W113/><G113/><T6/><D77/><U56/><E102/><V97/><F78/><W17/><G118/><T132/><D132/><U88/><E129/><V83/><F130/><W11/><G11/><T59/><D59/><U105/><E105/><V112/><F112/><W23/><G128/><T38/><D50/><U107/><E107/><V109/><F109/><W73/><G73/><T96/><D38/><U91/><E49/><V51/><F33/><W30/><G35/><T124/><D124/><U93/><E91/><V24/><F62/><AGARI ba="0,0" hai="37,42,45,56,62,67,80,82,86,88,93" m="51721" machi="62" ten="30,2900,0" yaku="20,1,54,1" doraHai="126" who="1" fromWho="2" sc="224,0,286,29,240,-29,250,0" /><INIT seed="1,1,0,2,4,84" ten="224,315,211,250" oya="1" hai0="133,76,77,70,30,15,57,95,27,97,109,105,100" hai1="69,98,128,78,34,1,96,116,25,59,90,88,22" hai2="47,58,31,36,21,12,85,11,135,45,51,93,56" hai3="26,122,134,123,108,39,129,91,6,126,40,110,74"/><U61/><E116/><V104/><F104/><W2/><G74/><T80/><D70/><U10/><E34/><V19/><F135/><W3/><G134/><T64/><D133/><U67/><E128/><V54/><F36/><W4/><G129/><T41/><D109/><N who="3" m="42089" /><G126/><T81/><D41/><U18/><E78/><N who="0" m="30313" /><D105/><U60/><E1/><N who="3" m="10" /><G40/><T103/><D103/><U121/><E121/><N who="3" m="46090" /><G39/><T24/><D15/><N who="1" m="7543" /><E69/><V75/><F75/><W44/><G44/><T127/><D127/><U79/><E79/><V9/><F47/><W112/><G112/><T111/><D111/><U16/><E61/><V113/><F113/><W101/><G101/><T0/><D0/><U82/><E82/><N who="0" m="31849" /><D30/><U17/><E17/><V131/><F131/><W13/><G13/><T132/><D132/><U32/><E32/><V46/><F46/><W55/><G26/><T118/><D118/><U14/><E25/><V53/><F45/><W106/><G106/><T52/><D64/><U50/><E50/><AGARI ba="1,0" hai="24,27,50,52,57,95,97,100" m="31849,30313" machi="50" ten="30,2000,0" yaku="8,1,54,1" doraHai="84" who="0" fromWho="1" sc="224,23,315,-23,211,0,250,0" /><INIT seed="2,0,0,3,1,120" ten="247,292,211,250" oya="2" hai0="125,126,22,131,135,26,102,17,2,119,108,90,4" hai1="83,91,101,93,37,21,43,134,129,79,112,98,103" hai2="127,13,115,100,88,3,48,47,1,106,18,92,69" hai3="65,9,61,132,124,81,0,52,72,116,5,117,15"/><V58/><F69/><W14/><G132/><T11/><D102/><U44/><E134/><V86/><F115/><W71/><G124/><N who="0" m="47723" /><D135/><U84/><E129/><V63/><F127/><W38/><G38/><T51/><D90/><U62/><E112/><V29/><F29/><W107/><G107/><T6/><D51/><U89/><E89/><V76/><F76/><W23/><G72/><T68/><D68/><U77/><E77/><V8/><F100/><W31/><G81/><T33/><D131/><U130/><E130/><V20/><F106/><W113/><G113/><T73/><D73/><U49/><E37/><V39/><F39/><W34/><G52/><T80/><D80/><U70/><E70/><V27/><F58/><W10/><G34/><T41/><D41/><U57/><REACH who="1" step="1"/><E21/><REACH who="1" ten="247,282,211,250" step="2"/><V96/><F20/><W104/><G23/><T30/><D119/><U111/><E111/><V121/><F121/><W64/><G117/><T25/><D6/><U109/><E109/><AGARI ba="0,1" hai="2,4,11,17,22,25,26,30,33,108,109" m="47723" machi="109" ten="30,8000,1" yaku="18,1,34,2,52,2" doraHai="120" who="0" fromWho="1" sc="247,90,282,-80,211,0,250,0" /><INIT seed="3,0,0,2,2,24" ten="337,202,211,250" oya="3" hai0="115,59,0,104,93,52,125,102,95,124,16,127,81" hai1="61,135,131,94,123,15,44,69,83,73,71,14,86" hai2="76,33,20,106,37,74,67,26,101,27,1,7,97" hai3="48,121,113,3,58,8,45,90,50,11,134,31,56"/><W40/><G121/><T5/><D115/><U117/><E123/><V108/><F37/><W130/><G113/><T47/><D16/><U9/><E73/><V70/><F108/><W85/><G134/><T30/><D30/><U62/><E135/><V28/><F74/><W78/><G130/><T42/><D81/><U19/><E131/><V120/><F120/><W118/><G118/><T46/><D104/><U77/><E117/><V65/><F76/><W12/><G3/><T111/><D111/><U91/><E71/><V10/><REACH who="2" step="1"/><F70/><REACH who="2" ten="337,202,201,250" step="2"/><W99/><G78/><T34/><D125/><U35/><E69/><V82/><F82/><W17/><G58/><T32/><D59/><U13/><E35/><V39/><F39/><W72/><G56/><T64/><D34/><U41/><E83/><V49/><F49/><W88/><G50/><T51/><D32/><U68/><E77/><V126/><F126/><W100/><G48/><T132/><D51/><N who="1" m="27023" /><E68/><V129/><F129/><W43/><G72/><T22/><D127/><U57/><E62/><V109/><F109/><W66/><G43/><T112/><D42/><U116/><E116/><V89/><F89/><W80/><G88/><T4/><D124/><U105/><E105/><V84/><F84/><W55/><G85/><T103/><D132/><U107/><E107/><V110/><F110/><W2/><G90/><T38/><D38/><U92/><E92/><V133/><F133/><W87/><G40/><T75/><D95/><U6/><E6/><V36/><F36/><W128/><G80/><T54/><D93/><U119/><E119/><RYUUKYOKU ba="0,1" sc="337,-15,202,15,201,15,250,-15" hai1="9,13,14,15,19,57,61,86,91,94" hai2="1,7,10,20,26,27,28,33,65,67,97,101,106" owari="332,43.2,217,-18.3,216,-28.4,235,3.5" /></mjloggm>