<mjloggm ver="2.3"><GO type="225" lobby="0"/><UN n0="%4E%55%44%41" n1="%6D%75%75%6D%75%72%61" n2="%72%69%6F%75%63%68%61%6E" n3="%E9%80%9F%E6%B0%B4%E5%87%9B%E9%A6%99" dan="17,17,17,16" rate="2167.61,2162.29,2277.41,2061.76" sx="M,F,M,F"/><TAIKYOKU oya="0"/><INIT seed="0,0,0,0,2,91" ten="250,250,250,250" oya="0" hai0="65,86,58,93,42,29,96,57,13,55,115,20,121" hai1="104,135,64,123,78,129,112,44,9,63,67,22,130" hai2="131,8,59,95,52,34,7,73,124,132,127,94,69" hai3="110,16,77,26,72,109,1,66,19,125,100,32,75"/><T39/><D115/><U113/><E123/><V46/><F131/><N who="1" m="50185" /><E104/><V116/><F132/><W0/><G66/><T84/><D121/><U11/><E135/><V61/><F34/><W111/><G77/><T128/><D128/><U106/><E106/><V85/><F73/><N who="3" m="28235" /><G100/><N who="0" m="60431" /><D39/><U117/><E117/><V31/><F31/><N who="3" m="19575" /><G125/><N who="2" m="48201" /><F116/><W76/><G76/><T120/><D42/><U33/><E78/><V2/><F69/><W102/><G102/><T47/><D47/><U81/><E33/><V90/><F46/><W114/><G114/><N who="1" m="44138" /><E81/><AGARI ba="0,0" hai="2,7,8,52,59,61,81,85,90,94,95" m="48201" machi="81" ten="30,7700,0" yaku="18,1,52,2,54,1" doraHai="91" who="2" fromWho="1" sc="250,0,250,-77,250,77,250,0" /><INIT seed="1,0,0,2,4,71" ten="250,173,327,250" oya="1" hai0="78,2,114,1,104,83,56,49,51,54,37,84,80" hai1="3,107,91,97,85,45,95,77,69,81,118,8,110" hai2="22,117,122,27,74,46,96,123,73,129,134,21,115" hai3="68,7,72,67,88,135,130,17,52,86,70,111,44"/><U100/><E118/><V58/><F117/><W16/><G72/><T41/><D114/><U40/><E69/><V106/><F115/><W75/><G75/><T31/><D104/><U133/><E133/><V113/><F113/><W0/><G135/><T48/><D31/><U34/><E34/><V65/><F134/><W93/><G111/><T63/><REACH who="0" step="1"/><D83/><REACH who="0" ten="240,173,327,250" step="2"/><U28/><E28/><N who="2" m="17519" /><F106/><W94/><G130/><T55/><D55/><U128/><E128/><V59/><F122/><W109/><G109/><T20/><D20/><U11/><E110/><V6/><F22/><W50/><G67/><T26/><D26/><U82/><E82/><V42/><F65/><W15/><G0/><T119/><D119/><U23/><E23/><V112/><F123/><W120/><G120/><T47/><AGARI ba="0,1" hai="1,2,37,41,47,48,49,51,54,56,63,78,80,84" machi="47" ten="30,4000,0" yaku="1,1,0,1,52,1,53,0" doraHai="71" doraHaiUra="102" who="0" fromWho="0" sc="240,50,173,-20,327,-10,250,-10" /><INIT seed="2,0,0,2,4,124" ten="290,153,317,240" oya="2" hai0="120,42,29,13,39,53,12,116,21,89,59,104,70" hai1="117,73,132,95,125,32,118,84,31,75,94,82,8" hai2="106,80,108,20,130,35,131,83,96,76,24,111,65" hai3="41,134,86,123,7,64,2,74,114,113,109,122,92"/><V112/><F112/><N who="3" m="43115" /><G7/><T0/><D0/><U50/><E125/><V129/><F35/><W63/><G2/><T90/><D104/><U43/><E132/><V100/><F65/><W98/><G74/><T107/><D107/><U72/><E8/><V14/><F14/><W5/><G5/><T4/><D70/><U3/><E3/><V79/><F80/><W71/><G134/><T55/><D120/><U54/><E43/><V36/><F36/><W49/><G86/><T126/><D126/><U9/><E9/><V103/><F103/><N who="3" m="60871" /><G109/><N who="2" m="42057" /><F83/><W15/><G15/><T28/><D39/><U110/><E110/><V88/><F88/><W77/><G77/><T101/><D101/><U23/><E32/><V66/><F66/><W6/><G6/><T46/><D116/><U52/><E117/><V78/><F76/><W61/><G61/><T102/><D102/><U11/><E118/><V105/><F105/><W133/><G133/><T44/><D4/><U93/><E11/><V69/><F69/><W22/><G22/><T45/><D42/><U135/><E135/><V48/><F48/><W33/><G33/><T58/><D45/><AGARI ba="0,0" hai="41,45,49,63,64,71,122,123" m="60871,43115" machi="45" ten="30,1000,0" yaku="11,1" doraHai="124" who="3" fromWho="0" sc="290,-10,153,0,317,0,240,10" /><INIT seed="3,0,0,1,1,17" ten="280,153,317,250" oya="3" hai0="10,28,97,23,18,25,31,9,90,132,46,55,88" hai1="92,53,133,80,57,22,81,52,113,38,87,126,82" hai2="123,103,24,3,70,56,51,76,5,62,20,98,85" hai3="68,47,118,102,106,83,129,105,89,30,125,21,135"/><W15/><G118/><T14/><D132/><U72/><E113/><V104/><F123/><W127/><G68/><T11/><D31/><U112/><E112/><V107/><F70/><W71/><G71/><T16/><D18/><U94/><E133/><V77/><F51/><W59/><G102/><T42/><D55/><U108/><E108/><V60/><F107/><W128/><G135/><T74/><D74/><U1/><E1/><V121/><F121/><W43/><G59/><T26/><D26/><U58/><E38/><V67/><F62/><W110/><G89/><T111/><D111/><U75/><E126/><N who="3" m="48138" /><G83/><T39/><REACH who="0" step="1"/><D97/><REACH who="0" ten="270,153,317,250" step="2"/><U134/><E134/><V50/><F5/><W86/><G86/><T101/><D101/><U66/><E66/><V40/><F85/><W27/><G110/><T79/><D79/><U34/><E34/><AGARI ba="0,1" hai="9,10,11,14,16,23,25,28,34,39,42,46,88,90" machi="34" ten="40,8000,1" yaku="1,1,52,1,54,2,53,0" doraHai="17" doraHaiUra="33" who="0" fromWho="1" sc="270,90,153,-80,317,0,250,0" owari="360,46.0,73,-42.7,317,11.7,250,-15.0" /></mjloggm>