<mjloggm ver="2.3"><GO type="225" lobby="0"/><UN n0="%E6%A1%9C%E8%8A%B1%E9%96%83%E3%80%85" n1="%E9%80%9F%E6%B0%B4%E5%87%9B%E9%A6%99" n2="%E3%83%A1%E3%82%AC%E3%83%87%E3%82%B8" n3="%E5%B8%86%E7%AB%8B%E5%A4%8F%E8%A1%A3" dan="17,16,16,16" rate="2214.56,2115.46,2098.44,2114.61" sx="M,F,F,M"/><TAIKYOKU oya="0"/><INIT seed="0,0,0,0,1,95" ten="250,250,250,250" oya="0" hai0="87,106,54,72,97,105,10,58,98,83,13,33,46" hai1="96,4,111,77,99,89,131,20,63,5,81,104,3" hai2="128,100,27,60,18,69,36,6,12,23,129,26,30" hai3="40,19,47,107,125,39,68,75,133,113,119,103,45"/><T16/><D72/><U28/><E111/><V126/><F36/><W29/><G113/><T93/><D33/><U115/><E115/><V51/><F126/><W21/><G119/><T25/><D25/><N who="1" m="16423" /><E104/><V112/><F112/><W76/><G125/><T90/><D46/><U65/><E3/><V74/><F74/><W101/><G133/><T91/><REACH who="0" step="1"/><D98/><REACH who="0" ten="240,250,250,250" step="2"/><N who="1" m="37419" /><E131/><V43/><F129/><W49/><G47/><T121/><D121/><U59/><E77/><V41/><F27/><W48/><G76/><T79/><D79/><U32/><E32/><V86/><F26/><W116/><G75/><T114/><D114/><U7/><E89/><V80/><F128/><W127/><G127/><T64/><D64/><N who="1" m="39039" /><E81/><V56/><F80/><W124/><G124/><T42/><D42/><U1/><E1/><V66/><F43/><W85/><G40/><T9/><D9/><U50/><E65/><V110/><F41/><W108/><G116/><T122/><D122/><U14/><E14/><V34/><F12/><W109/><G39/><T123/><D123/><U24/><E24/><V31/><F66/><W67/><G67/><T35/><D35/><U53/><E4/><V8/><F6/><W84/><G109/><T78/><D78/><U130/><E130/><V0/><F34/><W73/><G108/><T57/><D57/><AGARI ba="0,1" hai="5,7,50,53,57" m="39039,37419,16423" machi="57" ten="30,7700,0" yaku="8,1,52,3" doraHai="95" who="1" fromWho="0" sc="240,-77,250,87,250,0,250,0" /><INIT seed="1,0,0,0,4,94" ten="163,337,250,250" oya="1" hai0="3,25,62,4,125,105,53,36,112,91,35,76,86" hai1="81,11,15,107,131,65,80,123,1,10,118,49,30" hai2="117,90,84,106,9,2,58,39,52,46,44,129,18" hai3="67,122,56,119,134,85,75,32,89,88,8,24,132"/><U96/><E123/><V0/><F117/><W110/><G122/><T135/><D112/><U111/><E118/><V43/><F106/><W124/><G119/><T83/><D36/><U114/><E114/><V92/><F46/><W22/><G75/><T121/><D121/><U93/><E107/><V20/><F9/><W63/><G110/><T98/><D125/><U128/><E30/><V59/><F59/><W69/><G124/><T54/><D135/><N who="3" m="51753" /><G32/><T73/><D4/><U60/><E1/><V55/><F129/><N who="1" m="49737" /><E49/><V104/><F104/><W79/><G8/><T72/><D3/><U26/><E26/><V42/><F55/><W40/><G40/><T101/><D62/><U45/><E45/><V6/><F6/><W14/><G14/><T71/><D71/><N who="1" m="42407" /><E111/><V19/><F43/><W21/><G69/><T31/><REACH who="0" step="1"/><D73/><REACH who="0" ten="153,337,250,250" step="2"/><U66/><E66/><V7/><F0/><W61/><G61/><T64/><D64/><U99/><E10/><V108/><F108/><W74/><G74/><T27/><D27/><U133/><E133/><V87/><F2/><W68/><G68/><T113/><D113/><U47/><E11/><V57/><F7/><W109/><G109/><T23/><D23/><N who="3" m="8713" /><G24/><T5/><D5/><U78/><E15/><V48/><F20/><W13/><G13/><T120/><D120/><U28/><E28/><V126/><F126/><W50/><G50/><T95/><AGARI ba="0,1" hai="25,31,35,53,54,72,76,83,86,91,95,98,101,105" machi="95" ten="20,12000,2" yaku="1,1,0,1,7,1,24,2,52,1,53,1" doraHai="94" doraHaiUra="102" who="0" fromWho="0" sc="153,130,337,-60,250,-30,250,-30" /><INIT seed="2,0,0,4,1,93" ten="283,277,220,220" oya="2" hai0="120,101,62,7,128,75,19,37,18,85,48,13,56" hai1="69,127,112,103,90,109,129,10,1,78,15,58,82" hai2="116,57,8,106,6,72,131,61,54,5,38,96,66" hai3="121,83,16,79,49,39,123,124,30,17,67,68,51"/><V99/><F116/><W95/><G39/><T22/><D120/><U80/><E69/><V64/><F72/><W21/><G124/><T40/><D75/><U108/><E112/><V74/><F74/><W100/><G123/><T50/><D128/><U29/><E1/><V134/><F131/><W91/><G100/><T63/><D7/><N who="2" m="2570" /><F38/><W98/><G121/><T105/><D105/><U25/><E129/><V35/><F35/><W65/><G30/><T133/><D101/><U55/><E127/><V110/><F106/><W23/><G68/><T111/><D111/><N who="1" m="42571" /><E103/><V28/><F110/><W36/><G36/><T42/><D133/><U102/><E102/><V59/><F28/><W20/><G67/><N who="2" m="25641" /><F134/><W118/><G65/><N who="0" m="39111" /><D63/><N who="1" m="36319" /><E90/><V33/><F33/><W117/><G117/><T43/><D37/><U45/><E45/><V125/><F59/><W0/><G118/><T76/><D18/><N who="3" m="7273" /><G0/><T114/><D114/><U73/><E73/><V12/><F125/><W119/><G119/><T126/><D126/><U113/><E113/><V130/><F130/><W60/><G60/><T3/><D3/><U107/><E107/><V53/><F57/><W71/><G71/><T94/><D76/><U86/><E78/><V89/><F61/><W88/><G79/><T92/><D50/><U115/><E115/><V122/><F89/><W47/><G47/><T27/><D48/><U77/><E77/><V11/><F122/><W24/><G24/><T44/><D44/><U26/><E29/><V31/><F31/><W104/><G104/><T32/><D27/><U87/><E25/><V52/><F12/><RYUUKYOKU ba="0,0" sc="283,-15,277,-15,220,15,220,15" hai2="8,11,52,53,54,96,99" hai3="20,21,23,49,51,83,88,91,95,98" /><INIT seed="2,1,0,3,0,0" ten="268,262,235,235" oya="2" hai0="94,5,21,46,127,91,45,119,40,121,86,69,73" hai1="85,79,33,129,134,16,135,27,97,4,65,66,70" hai2="8,82,87,72,17,19,11,126,7,47,131,114,96" hai3="44,88,20,36,100,76,81,12,105,74,6,64,68"/><V30/><F114/><W62/><G105/><T53/><D121/><U18/><E129/><V28/><F72/><W9/><G100/><T124/><D119/><U84/><E97/><V55/><F131/><W92/><G20/><T52/><D69/><U112/><E112/><V31/><F96/><W60/><G60/><T111/><D111/><U117/><E117/><V50/><F126/><N who="0" m="48170" /><D73/><U57/><E57/><V99/><F99/><W80/><G80/><T61/><D21/><U118/><E118/><V107/><F107/><W93/><REACH who="3" step="1"/><G88/><REACH who="3" ten="268,262,235,225" step="2"/><T130/><D61/><U56/><E33/><V43/><F11/><W77/><G77/><T35/><D35/><U10/><E79/><N who="2" m="46559" /><F55/><W78/><G78/><T106/><D106/><U83/><E83/><V51/><F51/><W90/><G90/><T1/><D130/><U123/><E123/><V24/><F24/><W39/><G39/><N who="0" m="21663" /><D46/><U103/><E27/><V38/><F38/><W115/><G115/><T95/><D95/><U120/><E103/><V41/><F41/><AGARI ba="1,1" hai="6,9,12,36,41,44,62,64,68,74,76,81,92,93" machi="41" ten="40,2600,0" yaku="1,1,52,1,53,0" doraHai="0" doraHaiUra="14" who="3" fromWho="2" sc="268,0,262,0,235,-29,225,39" /><INIT seed="3,0,0,5,0,47" ten="268,262,206,264" oya="3" hai0="132,90,44,30,27,91,89,117,127,59,112,102,121" hai1="18,31,39,19,37,41,61,48,103,50,58,104,107" hai2="21,43,109,15,6,106,135,28,32,7,119,98,134" hai3="130,94,96,1,72,80,62,111,57,92,87,51,45"/><W99/><G1/><T97/><D117/><U16/><E31/><V49/><F32/><W36/><G36/><T101/><D121/><U8/><E8/><V68/><F68/><W122/><G122/><T93/><D127/><U84/><E103/><N who="2" m="62839" /><F119/><W86/><G72/><T20/><D132/><N who="2" m="50730" /><F109/><W115/><G115/><T116/><D116/><U42/><E107/><V10/><F7/><W53/><G130/><T118/><D118/><U126/><E104/><V3/><F28/><W63/><G63/><T52/><D102/><U38/><E126/><V66/><F66/><N who="3" m="39247" /><G111/><T64/><D112/><U40/><E84/><N who="3" m="32298" /><G80/><T120/><D120/><U33/><E33/><V25/><F25/><W124/><G124/><T35/><D35/><U82/><E82/><V105/><F105/><W29/><G29/><T65/><D44/><U56/><E56/><V34/><F34/><W123/><G123/><T69/><D69/><U77/><E77/><V71/><F71/><W73/><G73/><T13/><D13/><U24/><E24/><V26/><F26/><W110/><G110/><T2/><D2/><U11/><E11/><V129/><F129/><W5/><G5/><T46/><D46/><U128/><E128/><V95/><F95/><AGARI ba="0,0" hai="45,51,53,92,94,95,96,99" m="32298,39247" machi="95" ten="30,2900,0" yaku="8,1,52,1" doraHai="47" who="3" fromWho="2" sc="268,0,262,0,206,-29,264,29" /><INIT seed="3,1,0,1,4,60" ten="268,262,177,293" oya="3" hai0="85,3,7,15,94,110,105,119,35,88,91,42,117" hai1="67,36,55,95,59,16,134,118,34,99,130,111,93" hai2="100,71,62,82,30,46,107,47,54,113,87,74,51" hai3="65,115,58,127,79,19,9,126,52,69,97,73,104"/><W132/><G115/><T24/><D3/><U76/><E34/><V44/><F74/><W21/><G9/><T18/><D105/><U41/><E118/><V57/><F113/><W27/><G132/><T23/><D110/><U40/><E111/><V102/><F30/><W121/><G121/><T56/><D42/><U17/><E134/><V109/><F109/><W103/><G79/><T75/><D75/><U124/><E124/><N who="3" m="47658" /><G73/><T13/><D56/><U92/><E76/><V14/><F107/><W48/><G65/><T135/><D135/><U39/><E39/><V125/><F125/><W45/><G58/><T114/><D114/><U66/><E36/><V86/><F86/><W70/><AGARI ba="1,0" hai="19,21,27,45,48,52,69,70,97,103,104" m="47658" machi="70" ten="30,3000,0" yaku="18,1,54,1" doraHai="60" who="3" fromWho="3" sc="268,-11,262,-11,177,-11,293,33" owari="257,5.7,251,-14.9,166,-33.4,326,42.6" /></mjloggm>