<mjloggm ver="2.3"><GO type="225" lobby="0"/><UN n0="%E8%A8%88%E7%AE%97%E6%A9%9F%E8%87%AA%E7%84%B6" n1="%72%69%6F%75%63%68%61%6E" n2="%43%68%65" n3="%E3%81%AF%E3%82%88%E3%81%8A%E3%81%98%E3%81%95%E3%82%93" dan="17,17,16,16" rate="2214.70,2225.53,2143.66,2199.36" sx="M,M,M,M"/><TAIKYOKU oya="0"/><INIT seed="0,0,0,5,5,36" ten="250,250,250,250" oya="0" hai0="118,82,59,130,99,128,18,32,90,86,42,132,131" hai1="58,67,95,106,45,65,69,21,83,52,134,54,40" hai2="68,10,22,9,88,24,78,11,85,44,47,105,35" hai3="57,115,49,98,8,107,111,28,80,12,121,39,48"/><T63/><D118/><U4/><E106/><V97/><F68/><W14/><G39/><T2/><D32/><U94/><E134/><V103/><F78/><W64/><G115/><T56/><D132/><U23/><E69/><V34/><F34/><W126/><G111/><T17/><D2/><U33/><E33/><V53/><F53/><N who="1" m="20585" /><E4/><V113/><F35/><W46/><G126/><T112/><D112/><U51/><E83/><V125/><F125/><W41/><G121/><T71/><D99/><U92/><E65/><V0/><F0/><W124/><G124/><T102/><D102/><U91/><E91/><V20/><F113/><W30/><G49/><T114/><D114/><U37/><E37/><V119/><F119/><W38/><G38/><T19/><REACH who="0" step="1"/><D42/><REACH who="0" ten="240,250,250,250" step="2"/><U109/><E109/><V61/><F97/><W96/><G98/><T15/><D15/><U13/><E13/><V1/><F1/><W29/><G14/><T74/><D74/><U104/><E104/><V66/><F105/><W6/><G96/><T25/><D25/><U100/><E100/><V120/><F103/><W62/><G107/><T27/><D27/><U3/><E3/><V123/><F24/><W89/><G12/><T75/><D75/><U72/><E72/><V93/><F123/><W60/><G6/><T43/><D43/><U135/><E135/><V84/><F120/><W87/><G8/><T133/><D133/><U116/><E116/><V129/><F11/><W76/><G41/><T101/><D101/><U108/><E108/><V73/><F10/><W77/><G87/><N who="2" m="33353" /><F9/><W7/><G7/><RYUUKYOKU ba="0,1" sc="240,15,250,15,250,-15,250,-15" hai0="17,18,19,56,59,63,71,82,86,90,128,130,131" hai1="21,23,40,45,51,58,67,92,94,95" /><INIT seed="0,1,1,2,3,83" ten="255,265,235,235" oya="0" hai0="118,121,31,39,86,25,87,72,111,21,110,56,104" hai1="15,107,8,97,22,132,58,123,109,102,30,89,63" hai2="99,88,42,28,46,85,119,90,70,100,4,80,94" hai3="7,65,117,11,23,133,0,79,47,105,14,81,74"/><T93/><D118/><U51/><E109/><N who="0" m="41481" /><D121/><U124/><E123/><V98/><F119/><W19/><G117/><T76/><D104/><U36/><E124/><V44/><F70/><W5/><G133/><T49/><D39/><U129/><E129/><V55/><F28/><W78/><G105/><T91/><D72/><U64/><E132/><V34/><F34/><W125/><G125/><T57/><D49/><U116/><E116/><V26/><F26/><W6/><G79/><T128/><D128/><U52/><E36/><V75/><F75/><W3/><G3/><T77/><D77/><U112/><E112/><V41/><F4/><W17/><G65/><T113/><D113/><U82/><E30/><V62/><F62/><W92/><G19/><T54/><D54/><U131/><E131/><V33/><F33/><W115/><G115/><T43/><D43/><U134/><E134/><V101/><F55/><W10/><G10/><T38/><D38/><U12/><E22/><V126/><F126/><W60/><G11/><T27/><D25/><U29/><E29/><V73/><F73/><W95/><G0/><T135/><D135/><U59/><REACH who="1" step="1"/><E8/><REACH who="1" ten="255,255,235,235" step="2"/><V66/><F66/><W130/><G130/><T32/><D32/><U20/><E20/><V13/><F42/><W71/><G23/><T120/><D120/><U106/><E106/><V48/><F41/><W68/><G74/><T50/><D50/><U127/><E127/><V96/><F48/><W16/><G60/><T2/><D2/><U9/><E9/><V69/><F46/><W108/><G47/><T35/><D35/><RYUUKYOKU ba="1,2" sc="255,15,255,15,235,-15,235,-15" hai0="21,27,31,56,57,76,86,87,91,93" hai1="12,15,51,52,58,59,63,64,82,89,97,102,107" /><INIT seed="0,2,2,5,2,79" ten="270,270,220,220" oya="0" hai0="44,65,11,1,88,96,95,104,121,38,12,73,75" hai1="48,53,2,42,32,82,35,117,28,103,128,58,84" hai2="51,25,133,110,27,47,86,92,22,123,26,43,20" hai3="83,8,132,7,107,108,106,36,29,67,74,111,130"/><T80/><D121/><U125/><E117/><V13/><F123/><W68/><G36/><T23/><D104/><U37/><E2/><V50/><F110/><N who="3" m="42027" /><G29/><T116/><D116/><U122/><E122/><V87/><F133/><W115/><G115/><T59/><D1/><U124/><E128/><V4/><F51/><W91/><G130/><T41/><D23/><N who="2" m="8746" /><F92/><W24/><G24/><T71/><D71/><U39/><E103/><V101/><F101/><W62/><G132/><T10/><D10/><AGARI ba="2,2" hai="4,10,13,25,26,27,43,47,50,86,87" m="8746" machi="10" ten="30,1000,0" yaku="8,1" doraHai="79" who="2" fromWho="0" sc="270,-16,270,0,220,36,220,0" /><INIT seed="1,0,0,5,5,61" ten="254,270,256,220" oya="1" hai0="51,89,100,46,123,26,125,40,122,48,105,43,99" hai1="97,103,102,23,39,22,126,65,87,128,81,16,52" hai2="10,28,45,120,130,11,82,41,113,104,76,15,70" hai3="85,121,25,30,107,20,101,93,1,134,21,9,86"/><U132/><E39/><V119/><F119/><W35/><G121/><N who="0" m="46091" /><D125/><U27/><E126/><V29/><F120/><W64/><G134/><T17/><D89/><U108/><E132/><V14/><F104/><W68/><G86/><T117/><D117/><U12/><E128/><V47/><F130/><W73/><G73/><T0/><D0/><U71/><E108/><V106/><F106/><W80/><G93/><T135/><D135/><U6/><E97/><V90/><F90/><W38/><G38/><N who="0" m="21783" /><D43/><U33/><E33/><V112/><F41/><W124/><G124/><T109/><D109/><U72/><E72/><V115/><F76/><W63/><G9/><N who="2" m="3081" /><F82/><W44/><G44/><N who="2" m="16969" /><F70/><W91/><REACH who="3" step="1"/><G1/><REACH who="3" ten="254,270,256,210" step="2"/><T114/><D114/><U19/><E6/><V110/><F110/><W75/><G75/><T78/><D78/><U59/><E87/><V98/><F98/><AGARI ba="0,1" hai="20,21,25,30,35,63,64,68,80,85,91,98,101,107" machi="98" ten="40,8000,1" yaku="1,1,25,2,52,1,53,0" doraHai="61" doraHaiUra="3" who="3" fromWho="2" sc="254,0,270,0,256,-80,210,90" /><INIT seed="2,0,0,1,5,104" ten="254,270,176,300" oya="2" hai0="70,61,98,14,57,0,62,37,111,36,2,79,1" hai1="7,90,124,3,39,100,109,45,6,99,41,112,72" hai2="10,130,18,80,40,74,63,131,75,71,30,86,78" hai3="43,85,5,20,33,97,77,135,34,9,83,103,76"/><V88/><F30/><W16/><G135/><T110/><D70/><U121/><E109/><N who="0" m="41481" /><D79/><U29/><E112/><V8/><F40/><W69/><G43/><T38/><D57/><U24/><E124/><V95/><F75/><W15/><G77/><T32/><D32/><U102/><E121/><V117/><F117/><W92/><REACH who="3" step="1"/><G69/><REACH who="3" ten="254,270,176,290" step="2"/><T68/><D68/><U133/><E133/><V56/><F71/><W55/><G55/><T107/><D14/><AGARI ba="0,1" hai="5,9,14,15,16,20,33,34,76,83,85,92,97,103" machi="14" ten="30,7700,0" yaku="1,1,7,1,54,1,53,1" doraHai="104" doraHaiUra="13" who="3" fromWho="0" sc="254,-77,270,0,176,0,290,87" /><INIT seed="3,0,0,0,5,24" ten="177,270,176,377" oya="3" hai0="81,77,39,124,123,50,104,126,32,64,27,37,91" hai1="29,131,8,80,20,92,117,61,0,56,58,28,51" hai2="52,48,85,22,105,36,46,75,79,82,19,84,107" hai3="35,110,119,69,33,30,73,93,63,5,2,71,49"/><W59/><G73/><N who="0" m="43183" /><D123/><U74/><E131/><V130/><F130/><W88/><G119/><T95/><D104/><U98/><E117/><V72/><F72/><W109/><G49/><T23/><D32/><U113/><E113/><V7/><F7/><W13/><G2/><T9/><D64/><U111/><E111/><N who="3" m="42506" /><G13/><T114/><D9/><U1/><E51/><V3/><F3/><W10/><G10/><T38/><D50/><U134/><E134/><V115/><F115/><W127/><G5/><T133/><D114/><U45/><E45/><V118/><F118/><W132/><G127/><N who="0" m="48683" /><D133/><U26/><E8/><V76/><F36/><W67/><G132/><T57/><D57/><U42/><E56/><V129/><F129/><W66/><G30/><N who="0" m="17791" /><D37/><U102/><E42/><V18/><F18/><W34/><G67/><T100/><D100/><U121/><E121/><V87/><REACH who="2" step="1"/><F79/><REACH who="2" ten="177,270,166,377" step="2"/><W54/><G66/><T112/><D112/><U70/><E0/><V40/><F40/><W60/><G63/><T89/><D89/><U65/><E1/><V135/><F135/><W116/><G116/><T101/><D101/><U25/><E70/><V62/><F62/><W41/><G41/><T90/><D90/><U6/><E6/><V97/><F97/><AGARI ba="0,1" hai="33,34,35,54,59,60,69,71,88,93,97" m="42506" machi="97" ten="40,7700,0" yaku="14,1,10,1,54,1" doraHai="24" who="3" fromWho="2" sc="177,0,270,0,166,-77,377,87" /><AGARI ba="0,0" hai="38,39,91,95,97" m="17791,48683,43183" machi="97" ten="30,2000,0" yaku="18,1,52,1" doraHai="24" who="0" fromWho="2" sc="177,20,270,0,89,-20,464,0" owari="197,-20.3,270,7.0,69,-43.1,464,56.4" /></mjloggm>