<mjloggm ver="2.3"><GO type="225" lobby="0"/><UN n0="%E5%86%B7%E5%87%8D%E3%82%AE%E3%83%A7%E3%83%BC%E3%82%B6" n1="%E3%81%B2%E3%81%AA%E3%81%AE%E3%82%8A%E3%81%8F" n2="%63%68%78%62%64" n3="%E3%83%A9%E3%83%96%E3%83%AC%E3%83%BC" dan="16,17,16,18" rate="2141.03,2149.10,2121.04,2191.03" sx="M,M,M,M"/><TAIKYOKU oya="0"/><INIT seed="0,0,0,3,4,115" ten="250,250,250,250" oya="0" hai0="12,79,60,49,104,71,24,58,130,97,103,43,80" hai1="77,40,83,107,121,56,19,135,70,111,86,116,39" hai2="46,42,133,61,72,110,30,118,105,36,109,54,67" hai3="108,117,0,89,91,126,82,53,99,102,45,52,75"/><T119/><D119/><U68/><BYE who="0" /><E121/><UN n0="%E5%86%B7%E5%87%8D%E3%82%AE%E3%83%A7%E3%83%BC%E3%82%B6" /><V32/><F105/><W94/><G0/><T13/><D130/><U132/><E107/><V28/><F72/><W27/><G117/><T59/><D71/><U63/><E116/><V62/><F118/><W6/><G6/><T29/><D49/><U8/><E111/><N who="2" m="42507" /><F32/><W114/><G114/><T47/><D47/><N who="1" m="23967" /><E19/><V95/><F95/><W92/><G126/><T31/><D43/><U22/><E22/><V41/><F30/><W50/><G108/><T55/><D59/><U10/><E10/><V123/><F28/><W84/><G27/><T57/><D58/><U69/><E8/><V16/><F16/><W85/><G75/><T124/><D124/><U74/><E74/><V129/><F129/><W88/><G53/><T21/><REACH who="0" step="1"/><D31/><REACH who="0" ten="240,250,250,250" step="2"/><U125/><E125/><V127/><F127/><W78/><AGARI ba="0,1" hai="45,50,52,78,82,84,85,88,89,91,92,94,99,102" machi="78" ten="20,8000,1" yaku="0,1,7,1,8,1,54,2" doraHai="115" who="3" fromWho="3" sc="240,-40,250,-20,250,-20,250,90" /><INIT seed="1,0,0,5,4,12" ten="200,230,230,340" oya="1" hai0="70,60,117,36,49,85,106,66,127,96,59,61,120" hai1="118,92,50,94,27,74,37,79,78,67,6,52,62" hai2="22,126,81,128,88,2,31,24,69,5,4,87,109" hai3="84,89,99,72,35,8,41,108,48,29,54,30,130"/><U28/><E118/><V116/><F116/><W110/><G72/><T40/><D117/><U86/><E37/><V11/><F69/><W124/><G130/><T107/><D120/><U21/><E74/><V10/><F128/><W34/><G99/><T121/><D121/><U132/><E6/><V75/><F126/><W26/><G41/><T9/><D127/><U45/><E132/><V100/><F75/><W51/><G8/><T71/><D85/><U114/><E114/><V133/><F133/><W115/><G115/><T102/><D107/><U53/><E53/><V58/><F109/><N who="3" m="42091" /><G124/><T65/><D9/><U63/><E63/><V82/><F58/><N who="3" m="33095" /><G51/><T39/><REACH who="0" step="1"/><D59/><REACH who="0" ten="190,230,230,340" step="2"/><U123/><E123/><V97/><F82/><N who="3" m="49303" /><G30/><T103/><D103/><U57/><E86/><V17/><F10/><W111/><G111/><T16/><D16/><U23/><E78/><V7/><REACH who="2" step="1"/><F31/><REACH who="2" ten="190,230,220,340" step="2"/><W131/><G131/><T129/><D129/><U38/><E28/><V83/><F83/><W80/><G80/><T32/><D32/><AGARI ba="0,2" hai="26,29,32,34,35" m="49303,33095,42091" machi="32" ten="30,1000,0" yaku="14,1" doraHai="12" who="3" fromWho="0" sc="190,-10,230,0,220,0,340,30" /><INIT seed="2,0,0,3,0,103" ten="180,230,220,370" oya="2" hai0="80,130,34,11,70,82,17,39,122,25,52,37,102" hai1="41,36,111,12,53,44,0,24,23,125,129,3,120" hai2="7,33,126,92,54,31,29,133,96,84,116,66,9" hai3="58,135,134,100,60,63,127,97,112,26,48,45,91"/><V4/><F116/><W69/><G127/><T64/><D122/><U56/><E120/><V73/><F126/><W94/><G69/><T50/><D130/><U62/><E125/><V81/><F73/><W77/><G77/><T18/><D102/><U74/><E111/><V57/><F66/><W98/><G112/><T128/><D128/><U27/><E129/><V72/><F72/><W76/><G76/><T106/><D106/><U132/><E74/><V30/><F33/><W123/><G26/><T99/><D99/><U65/><E132/><N who="3" m="50730" /><G58/><T14/><D64/><U1/><E12/><V79/><F133/><W38/><G38/><T85/><D70/><U118/><E118/><V16/><F9/><W59/><G59/><T95/><D95/><U87/><E87/><V115/><F16/><W114/><G114/><T90/><D80/><U78/><E78/><V49/><REACH who="2" step="1"/><F115/><REACH who="2" ten="180,230,210,370" step="2"/><W89/><G123/><T75/><D75/><U46/><E23/><V28/><N who="2" m="7168" /><DORA hai="21" /><V47/><F47/><W32/><G45/><N who="0" m="27727" /><D34/><U55/><E65/><V2/><F2/><W68/><G68/><T40/><D40/><U22/><E22/><AGARI ba="0,1" hai="11,14,17,18,22,25,37,39,82,85,90" m="27727" machi="22" ten="30,3900,0" yaku="25,1,52,1,54,1" doraHai="103,21" who="0" fromWho="1" sc="180,49,230,-39,210,0,370,0" /><INIT seed="3,0,0,4,3,13" ten="229,191,210,370" oya="3" hai0="51,69,116,27,128,113,112,97,123,44,46,32,12" hai1="126,117,127,36,75,2,53,56,23,103,71,29,33" hai2="63,101,52,119,81,19,59,4,24,38,78,95,49" hai3="17,122,98,82,134,61,102,94,10,130,14,47,72"/><W50/><G130/><T84/><D116/><U28/><E75/><V66/><F38/><W8/><G134/><T89/><D123/><U43/><E71/><V86/><F119/><W41/><G122/><T108/><D128/><U88/><E117/><V90/><F4/><W105/><G105/><T64/><D108/><U11/><E103/><V58/><F101/><W57/><G72/><T129/><D97/><U0/><E33/><V111/><F111/><W7/><G82/><T21/><D64/><U31/><E36/><V67/><F67/><W55/><G7/><T92/><D69/><U96/><E43/><V131/><F131/><W110/><G110/><T26/><D46/><U40/><E40/><V73/><F19/><W76/><G76/><T132/><D132/><U65/><E65/><V3/><F3/><W99/><G98/><T30/><D12/><U109/><E109/><V85/><F24/><W39/><G39/><T87/><D87/><AGARI ba="0,0" hai="49,52,58,59,63,66,73,78,81,85,86,87,90,95" machi="87" ten="30,2000,0" yaku="7,1,54,1" doraHai="13" who="2" fromWho="0" sc="229,-20,191,0,210,20,370,0" owari="209,-19.1,191,-30.9,230,3.0,370,47.0" /></mjloggm>