<mjloggm ver="2.3"><GO type="225" lobby="0"/><UN n0="%E3%83%A9%E3%83%BC%E3%83%A1%E3%83%B3%E4%BA%94%E9%83%8E" n1="%E8%81%B7%E6%A5%AD%E3%80%81%E9%A2%A8%32" n2="%E9%B3%B3%E6%9D%B1%E3%81%AE%E3%81%86%E3%81%95%E3%81%8E%E3%81%95%E3%82%93" n3="%E8%BE%9B%E5%8F%A3%E3%82%AB%E3%83%AC%E3%83%BC%E3%83%A9%E3%82%A4%E3%82%B9" dan="16,16,16,16" rate="2084.82,2096.21,2207.82,2191.70" sx="M,M,M,M"/><TAIKYOKU oya="0"/><INIT seed="0,0,0,0,3,8" ten="250,250,250,250" oya="0" hai0="31,115,107,20,17,53,133,102,105,97,23,4,92" hai1="61,12,55,123,73,27,88,50,0,118,60,19,113" hai2="70,69,112,94,71,54,68,41,35,40,81,82,65" hai3="5,89,9,100,48,2,98,3,1,21,45,124,56"/><T90/><D115/><U51/><E0/><V131/><F35/><W49/><G124/><T84/><D133/><U66/><E73/><V15/><F112/><W135/><G135/><T37/><D37/><U87/><E118/><V13/><F131/><W103/><G56/><T122/><D122/><U6/><E123/><V75/><F54/><W126/><G126/><T121/><D121/><U64/><E27/><V42/><F94/><W116/><G116/><T86/><D4/><U128/><E50/><V67/><N who="2" m="17408" /><DORA hai="134" /><V99/><F99/><W33/><G33/><T76/><D31/><U22/><E6/><V59/><F75/><W108/><G108/><T93/><D53/><U80/><E128/><V72/><F72/><W14/><G21/><T109/><D109/><U74/><E74/><V91/><F91/><W62/><G62/><N who="1" m="24170" /><E113/><V28/><F28/><W36/><G36/><T114/><D114/><U25/><E25/><V32/><F32/><W39/><G89/><T130/><D130/><U132/><E132/><V26/><F26/><W127/><G127/><T11/><D107/><U111/><E111/><V85/><F59/><AGARI ba="0,0" hai="12,19,22,51,55,59,64,66,80,87,88" m="24170" machi="59" ten="30,3900,0" yaku="8,1,52,1,54,1" doraHai="8,134" who="1" fromWho="2" sc="250,0,250,39,250,-39,250,0" /><INIT seed="1,0,0,2,3,40" ten="250,289,211,250" oya="1" hai0="64,81,92,80,46,4,9,34,61,107,121,123,31" hai1="88,19,57,16,122,55,114,116,73,67,100,132,99" hai2="87,17,41,21,72,75,43,85,103,93,8,60,65" hai3="25,74,20,63,108,117,10,96,135,42,38,133,125"/><U129/><E116/><V104/><F104/><W66/><G117/><T0/><D107/><U24/><E73/><V70/><F8/><W30/><G74/><T126/><D126/><U2/><E2/><V33/><F33/><W112/><G112/><T18/><D92/><N who="1" m="56711" /><E114/><V62/><F75/><W59/><G125/><T7/><D7/><U102/><E122/><N who="0" m="46601" /><D18/><N who="1" m="6699" /><E132/><V68/><F72/><W28/><G38/><T105/><D105/><U32/><E32/><V51/><F103/><N who="1" m="39465" /><E129/><V134/><F134/><W6/><G133/><T58/><D34/><U95/><E95/><V94/><F94/><W115/><G135/><T111/><D80/><U71/><E71/><V39/><F39/><W37/><G37/><T29/><D81/><U78/><E78/><V84/><F93/><W124/><G115/><T12/><D0/><U48/><E24/><V44/><F68/><W26/><G25/><T13/><D13/><U50/><E67/><V79/><F79/><W97/><G26/><T106/><D106/><U49/><AGARI ba="0,0" hai="48,49,50,55,57" m="39465,6699,56711" machi="49" ten="30,6000,0" yaku="8,1,54,2" doraHai="40" who="1" fromWho="1" sc="250,-20,289,60,211,-20,250,-20" /><INIT seed="1,1,0,5,1,66" ten="230,349,191,230" oya="1" hai0="56,14,113,19,67,0,96,98,107,85,119,124,84" hai1="122,26,81,80,34,42,10,103,23,79,132,100,46" hai2="129,47,83,50,94,54,74,44,2,105,93,58,120" hai3="71,126,21,121,116,51,72,78,8,133,135,90,115"/><U28/><E122/><V27/><F120/><W33/><G121/><T30/><D113/><U45/><E132/><N who="3" m="50762" /><G115/><T118/><D0/><U31/><E10/><V16/><F105/><W108/><G33/><T127/><D30/><N who="1" m="11307" /><E34/><V15/><F2/><W114/><G114/><T39/><D39/><U63/><E63/><V7/><F129/><W5/><G108/><T92/><D107/><U125/><E125/><N who="0" m="48201" /><D67/><U13/><E13/><V102/><F74/><W18/><G126/><T128/><D56/><U9/><E9/><N who="2" m="4543" /><F83/><N who="1" m="31817" /><E79/><V25/><F25/><W117/><G78/><T40/><D128/><U37/><E37/><V95/><F102/><N who="1" m="38953" /><E42/><V130/><F130/><W64/><G8/><N who="0" m="6599" /><D40/><U43/><E43/><V87/><F87/><N who="0" m="33354" /><D98/><U109/><E109/><V22/><AGARI ba="1,0" hai="16,22,27,44,47,50,54,58,93,94,95" m="4543" machi="22" ten="30,2000,0" yaku="8,1,54,1" doraHai="66" who="2" fromWho="2" sc="230,-6,349,-11,191,23,230,-6" /><INIT seed="2,0,0,5,1,64" ten="224,338,214,224" oya="2" hai0="111,124,38,119,95,57,134,62,106,40,20,105,59" hai1="85,90,13,79,115,43,108,92,67,27,113,102,46" hai2="82,58,56,29,78,30,24,44,104,54,100,8,22" hai3="133,132,39,66,18,125,73,94,80,97,129,10,14"/><V126/><F126/><W51/><G125/><T47/><D124/><U5/><E108/><V15/><F29/><W118/><G118/><T117/><D111/><U74/><E67/><V42/><F54/><W84/><G39/><T72/><D134/><N who="3" m="51817" /><G129/><T77/><D95/><U61/><E61/><V52/><F100/><W128/><G128/><T75/><D20/><U89/><E102/><V45/><F104/><N who="0" m="40042" /><D77/><U110/><E79/><V103/><F103/><N who="3" m="60855" /><G66/><N who="0" m="39247" /><D59/><U91/><E74/><V19/><F42/><W70/><G51/><T36/><D36/><U135/><E43/><V48/><REACH who="2" step="1"/><F58/><REACH who="2" ten="224,338,204,224" step="2"/><W130/><G130/><T53/><D53/><U98/><E135/><V35/><F35/><W0/><G70/><T109/><D109/><U68/><E110/><V49/><F49/><W131/><G131/><T2/><D38/><U87/><E68/><V121/><F121/><W28/><G28/><T116/><D40/><U88/><E87/><AGARI ba="0,1" hai="8,15,19,22,24,30,44,45,48,52,56,78,82,87" machi="87" ten="30,12000,1" yaku="1,1,7,1,8,1,54,1,53,1" doraHai="64" doraHaiUra="7" who="2" fromWho="1" sc="224,0,338,-120,204,130,224,0" /><INIT seed="2,1,0,0,0,76" ten="224,218,334,224" oya="2" hai0="12,55,91,28,108,132,39,19,45,32,85,16,103" hai1="73,65,72,98,115,90,56,69,121,79,34,21,70" hai2="111,44,42,35,77,81,48,24,95,6,94,71,50" hai3="100,119,66,86,122,63,120,27,118,113,36,40,0"/><V123/><F123/><N who="3" m="47147" /><G0/><T89/><D108/><U4/><E34/><V88/><F71/><N who="3" m="42463" /><G27/><T80/><D132/><U51/><E115/><V29/><F111/><W114/><G86/><T9/><D103/><U64/><E121/><V83/><F6/><W38/><G100/><T43/><D55/><U26/><E4/><V87/><F48/><W82/><G82/><T127/><D127/><U124/><E124/><V67/><F67/><W128/><G128/><T23/><D28/><U133/><E65/><V52/><F42/><W84/><G84/><AGARI ba="1,0" hai="24,29,35,44,50,52,77,81,83,84,87,88,94,95" machi="84" ten="30,12000,1" yaku="7,1,52,2,54,2" doraHai="76" who="2" fromWho="3" sc="224,0,218,0,334,123,224,-123" /><INIT seed="2,2,0,4,3,73" ten="224,218,457,101" oya="2" hai0="92,24,32,104,18,46,3,87,67,68,85,41,21" hai1="44,58,135,11,5,48,4,6,74,133,65,86,55" hai2="125,79,12,115,126,39,23,120,113,93,15,77,25" hai3="30,63,1,82,29,13,35,10,54,14,97,102,84"/><V132/><F39/><W62/><G1/><T109/><D104/><U108/><E108/><V121/><F93/><W91/><G35/><T112/><D112/><N who="2" m="43082" /><F132/><N who="1" m="50761" /><E74/><V57/><F57/><W96/><G14/><N who="2" m="5161" /><F23/><W103/><G97/><T80/><D32/><U28/><E28/><V38/><F38/><W20/><G20/><T78/><D3/><N who="1" m="415" /><E86/><V34/><F25/><W33/><G33/><T45/><D109/><U124/><E124/><N who="2" m="47723" /><F34/><W107/><G103/><T117/><D68/><U27/><E27/><V122/><AGARI ba="2,0" hai="77,79,120,121,122" m="47723,5161,43082" machi="122" ten="40,12000,1" yaku="28,2,18,1,52,2" doraHai="73" who="2" fromWho="2" sc="224,-42,218,-42,457,126,101,-42" /><INIT seed="2,3,0,1,4,81" ten="182,176,583,59" oya="2" hai0="57,101,22,96,46,104,61,133,76,5,3,45,85" hai1="13,100,14,48,118,25,33,0,106,128,63,47,30" hai2="15,109,126,55,134,58,70,86,90,79,97,83,34" hai3="120,49,73,80,40,113,2,68,6,7,102,54,117"/><V122/><F70/><W29/><G117/><T36/><D133/><U17/><E118/><V23/><F122/><W42/><G120/><T10/><D36/><U26/><E0/><V91/><F134/><W93/><G68/><T37/><D37/><U92/><E106/><V38/><F34/><W24/><G113/><T52/><REACH who="0" step="1"/><D22/><REACH who="0" ten="172,176,583,59" step="2"/><U31/><E33/><V94/><F23/><W114/><G114/><T41/><D41/><U129/><E129/><V131/><F131/><W60/><G42/><T56/><D56/><U4/><E128/><V124/><F38/><W20/><G40/><T132/><D132/><U103/><E47/><V69/><F69/><W18/><G2/><T89/><D89/><U108/><E103/><V123/><F123/><W82/><G102/><T64/><D64/><U75/><E100/><V65/><F65/><W135/><G135/><T121/><D121/><U8/><E108/><V87/><F109/><W125/><G20/><T78/><D78/><U127/><E127/><V39/><F39/><W19/><G125/><T98/><D98/><U43/><E43/><V84/><F126/><W66/><G66/><T130/><D130/><U115/><E115/><V35/><F35/><W28/><G28/><T9/><D9/><U1/><E8/><V11/><F124/><W107/><G29/><T99/><D99/><U53/><E31/><V72/><F90/><W119/><G119/><T16/><D16/><U110/><E17/><N who="2" m="8447" /><F58/><N who="3" m="34903" /><G19/><T71/><D71/><U59/><E30/><V51/><F55/><W12/><G18/><T95/><D95/><U50/><E92/><RYUUKYOKU ba="3,1" sc="172,15,176,-15,583,15,59,-15" hai0="3,5,10,45,46,52,57,61,76,85,96,101,104" hai2="51,72,79,83,84,86,87,91,94,97" /><INIT seed="2,4,1,0,2,122" ten="187,161,598,44" oya="2" hai0="123,79,112,44,86,113,67,129,61,116,32,85,71" hai1="99,132,131,128,100,115,76,59,2,52,60,96,16" hai2="65,70,135,69,89,3,24,87,21,20,0,27,57" hai3="74,48,33,1,119,80,53,82,94,55,83,29,68"/><V114/><F114/><W40/><G119/><T124/><D123/><U93/><E2/><V63/><F135/><W110/><G1/><T78/><D32/><U47/><E115/><V15/><F15/><W73/><G68/><T101/><D116/><U106/><E132/><V7/><F69/><W38/><G38/><T19/><D101/><U88/><E76/><V125/><F125/><W104/><G104/><T107/><D107/><U43/><REACH who="1" step="1"/><E16/><REACH who="1" ten="187,151,598,44" step="2"/><V134/><F134/><W4/><G4/><T17/><D112/><U18/><E18/><V105/><F7/><W126/><G126/><T62/><D113/><U26/><E26/><V37/><F24/><W111/><G29/><T102/><D78/><U81/><E81/><V121/><F27/><W13/><G33/><T118/><D79/><U34/><E34/><V28/><F0/><W75/><G13/><T72/><D17/><U6/><E6/><V84/><F28/><W130/><G130/><T77/><D19/><U12/><E12/><V64/><F3/><W39/><G94/><T97/><D129/><U117/><E117/><V5/><F5/><W92/><G92/><N who="0" m="58663" /><D124/><U133/><E133/><V36/><F105/><W103/><G103/><T127/><D127/><U41/><E41/><V46/><F121/><W95/><G95/><T58/><D118/><U54/><E54/><V120/><F120/><W9/><G9/><T66/><D44/><U49/><AGARI ba="4,2" hai="43,47,49,52,59,60,88,93,96,99,100,106,128,131" machi="49" ten="30,7900,0" yaku="1,1,0,1,54,2,53,0" doraHai="122" doraHaiUra="109" who="1" fromWho="1" sc="187,-24,151,111,598,-43,44,-24" /><INIT seed="3,0,0,3,1,77" ten="163,262,555,20" oya="3" hai0="37,47,81,82,21,134,95,84,73,71,109,60,64" hai1="52,117,48,76,53,102,85,43,113,122,56,51,38" hai2="29,0,114,110,35,54,68,88,118,31,33,66,46" hai3="57,22,99,108,61,92,124,27,32,16,6,5,89"/><W70/><G124/><T107/><D107/><U65/><E102/><V90/><F114/><W49/><G108/><T93/><D73/><U129/><E129/><V58/><F0/><W44/><G32/><T98/><D109/><U34/><E122/><V2/><F2/><W69/><G69/><T13/><D134/><U20/><E65/><V15/><F118/><W135/><G70/><T133/><D133/><U40/><E38/><V123/><F46/><W8/><G8/><T94/><D98/><U86/><E86/><V115/><F115/><W130/><G130/><T25/><D13/><U74/><E74/><V18/><F66/><W87/><G87/><T126/><D84/><U100/><E113/><V78/><F78/><W12/><G12/><T128/><D128/><U67/><E67/><V19/><F68/><W11/><G11/><T104/><D104/><U55/><E34/><V42/><F42/><W120/><G120/><T79/><D79/><U26/><E43/><V45/><F33/><W75/><G75/><T72/><D72/><U106/><E117/><V4/><F4/><W83/><G83/><T105/><D105/><U101/><E106/><V63/><F110/><W103/><G103/><T28/><D126/><U59/><E100/><V132/><F132/><W80/><G80/><T50/><D37/><U10/><E10/><V24/><F15/><W111/><G111/><T14/><D14/><U131/><E101/><V17/><F123/><W23/><G23/><T36/><D36/><U125/><E125/><V127/><F127/><W39/><G135/><T96/><D96/><RYUUKYOKU ba="0,0" sc="163,30,262,-10,555,-10,20,-10" hai0="21,25,28,47,50,60,64,71,81,82,93,94,95" owari="193,-20.7,252,5.2,545,64.5,10,-49.0" /></mjloggm>