<mjloggm ver="2.3"><GO type="225" lobby="0"/><UN n0="%79%75%72%69%6D%6F%67" n1="%E5%B8%86%E7%AB%8B%E5%A4%8F%E8%A1%A3" n2="%E7%8B%82%E6%B0%97%E3%81%AE%E7%9E%B3" n3="%E6%A1%9C%E8%8A%B1%E9%96%83%E3%80%85" dan="16,17,16,16" rate="2151.20,2223.35,2043.91,2219.11" sx="F,M,F,M"/><TAIKYOKU oya="0"/><INIT seed="0,0,0,5,1,110" ten="250,250,250,250" oya="0" hai0="15,39,4,13,103,91,105,106,98,34,77,61,86" hai1="108,10,53,54,2,51,57,70,62,87,74,24,27" hai2="99,78,5,23,121,60,135,94,38,132,115,130,42" hai3="49,40,41,125,56,36,83,133,22,11,69,111,100"/><T59/><D39/><U68/><E74/><V84/><F121/><W104/><G111/><T47/><D34/><U29/><E108/><V21/><F130/><W72/><G69/><T30/><D77/><U119/><E119/><V25/><F5/><W66/><G133/><T122/><D30/><U65/><E87/><V33/><F33/><W114/><G36/><T126/><D122/><U118/><E118/><V109/><F109/><W93/><G104/><T3/><D3/><U45/><E27/><V92/><F60/><W97/><G114/><T48/><D4/><U9/><E2/><V85/><F42/><W113/><G113/><T6/><D106/><U79/><E79/><V28/><F38/><W88/><G125/><T43/><D6/><U107/><E107/><V75/><F115/><W26/><G11/><T18/><D18/><U76/><E76/><V71/><F71/><W32/><G32/><T96/><D96/><U129/><E129/><V17/><F75/><W64/><G41/><T46/><D46/><U37/><E70/><V131/><F131/><W123/><G40/><T80/><REACH who="0" step="1"/><D126/><REACH who="0" ten="240,250,250,250" step="2"/><U20/><REACH who="1" step="1"/><E37/><REACH who="1" ten="240,240,250,250" step="2"/><V63/><F132/><W102/><G123/><T14/><D14/><U0/><E0/><V81/><F135/><W35/><G26/><T116/><D116/><U82/><E82/><V95/><F81/><W117/><G83/><T12/><D12/><U127/><E127/><V8/><F78/><W67/><G117/><T55/><AGARI ba="0,2" hai="13,15,43,47,48,55,59,61,80,86,91,98,103,105" machi="55" ten="20,3900,0" yaku="1,1,0,1,7,1,53,0" doraHai="110" doraHaiUra="89" who="0" fromWho="0" sc="240,59,240,-13,250,-13,250,-13" /><INIT seed="0,1,0,0,0,17" ten="299,227,237,237" oya="0" hai0="24,20,105,12,69,78,8,18,13,54,128,95,130" hai1="61,33,135,92,131,68,44,97,94,16,19,104,106" hai2="129,93,79,88,98,83,103,26,123,86,41,5,31" hai3="67,59,70,116,38,75,134,45,100,43,9,110,64"/><T96/><D69/><U114/><E33/><V27/><F123/><W132/><G75/><T3/><D105/><U109/><E106/><V77/><F129/><W58/><G100/><T57/><D78/><U108/><E104/><V84/><F41/><W30/><G30/><T112/><D3/><U29/><E131/><N who="0" m="50217" /><D8/><U127/><E29/><V91/><F5/><W71/><G9/><T124/><D124/><U34/><E34/><V56/><F56/><N who="3" m="21547" /><G110/><N who="1" m="42602" /><E127/><V36/><F36/><W102/><G102/><T133/><D133/><N who="3" m="51305" /><G116/><T113/><D113/><U101/><E114/><V62/><F62/><W119/><G119/><T107/><D107/><U125/><E135/><V60/><F60/><W50/><G38/><T6/><D6/><U89/><E125/><V121/><F121/><W7/><G7/><T15/><D112/><U28/><E28/><V63/><F63/><W81/><G81/><T73/><D73/><U48/><E61/><V118/><F118/><W4/><G4/><T99/><D95/><U111/><N who="1" m="42610" /><U0/><DORA hai="51" /><E68/><AGARI ba="1,0" hai="43,45,50,64,67,68,70,71" m="51305,21547" machi="68" ten="30,3900,0" yaku="20,1,34,2" doraHai="17,51" who="3" fromWho="1" sc="299,0,227,-42,237,0,237,42" /><INIT seed="1,0,0,4,2,125" ten="299,185,237,279" oya="1" hai0="55,31,30,34,21,95,59,7,117,13,54,18,25" hai1="118,75,65,68,47,78,100,61,49,4,96,124,92" hai2="112,84,109,40,28,107,129,115,103,72,69,133,105" hai3="29,77,120,50,104,57,17,35,91,71,79,74,102"/><U76/><E124/><V101/><F69/><W93/><G120/><T85/><D117/><U32/><E118/><V135/><F40/><W6/><G71/><T22/><D7/><U80/><E76/><V111/><F28/><W70/><G70/><T33/><D55/><U106/><E4/><V8/><F8/><W126/><G6/><T14/><D85/><U119/><E119/><V10/><F10/><W60/><G50/><T130/><D95/><U1/><E32/><N who="0" m="12393" /><D59/><U110/><E110/><V24/><F24/><W90/><G93/><T67/><D54/><U19/><E92/><V16/><F16/><W86/><G17/><N who="0" m="12463" /><D67/><U132/><E19/><V38/><F38/><W3/><G57/><T51/><D51/><U15/><E15/><N who="0" m="5641" /><D130/><U99/><E99/><V116/><F84/><W83/><G60/><T56/><D56/><U113/><E113/><V73/><F116/><W48/><G79/><T66/><D66/><U64/><E64/><V88/><F88/><W39/><G91/><T81/><D81/><U131/><E1/><V2/><F2/><W123/><G3/><T122/><D122/><U128/><REACH who="1" step="1"/><E132/><REACH who="1" ten="299,175,237,279" step="2"/><V37/><REACH who="2" step="1"/><F37/><REACH who="2" ten="299,175,227,279" step="2"/><W23/><G39/><T53/><D53/><AGARI ba="0,2" hai="47,49,53,61,65,68,75,78,80,96,100,106,128,131" machi="53" ten="40,12000,1" yaku="1,1,2,1,52,2,53,1" doraHai="125" doraHaiUra="46" who="1" fromWho="0" sc="299,-120,175,140,227,0,279,0" /><INIT seed="1,1,0,2,3,89" ten="179,315,227,279" oya="1" hai0="69,57,107,63,27,8,78,113,121,25,98,108,38" hai1="125,28,117,73,87,86,122,37,11,23,30,46,10" hai2="4,71,13,66,2,39,35,58,59,62,116,102,53" hai3="72,134,1,79,52,9,65,95,120,77,133,101,54"/><U110/><E117/><V18/><F116/><W67/><G120/><T55/><D113/><U88/><E122/><V132/><F39/><W22/><G22/><T45/><D108/><U114/><E73/><V103/><F132/><N who="3" m="50795" /><G1/><T130/><D130/><U19/><E125/><V83/><F35/><W109/><G9/><N who="1" m="3082" /><E37/><V50/><F83/><N who="3" m="45479" /><G79/><T43/><D78/><U96/><E114/><V26/><F26/><W127/><G109/><T118/><D118/><U51/><E96/><V33/><F33/><W41/><G41/><T104/><D121/><U82/><E87/><V90/><F90/><W94/><G127/><T128/><D128/><U119/><E119/><V44/><F2/><W91/><G101/><T61/><D8/><U68/><E68/><V85/><F4/><W131/><G94/><T70/><D107/><U36/><E36/><V42/><F85/><N who="3" m="52719" /><G131/><T105/><D105/><U56/><E110/><V115/><F115/><W111/><G111/><T21/><D104/><U80/><E80/><V135/><F135/><W76/><G76/><T126/><D126/><U16/><E30/><V5/><F5/><W0/><G0/><T47/><D27/><N who="1" m="14823" /><E28/><V24/><F24/><W48/><G54/><T112/><D112/><U124/><E124/><V34/><F34/><W81/><G81/><T64/><D98/><U7/><E7/><V40/><F102/><W17/><G17/><T106/><D106/><U100/><E100/><V99/><F103/><W129/><G129/><T49/><D21/><U74/><E19/><V32/><F32/><W75/><G75/><T31/><D31/><RYUUKYOKU ba="1,0" sc="179,-10,315,-10,227,-10,279,30" hai3="48,52,65,67" /><INIT seed="2,2,0,5,5,93" ten="169,305,217,309" oya="2" hai0="70,124,120,131,92,16,56,51,41,31,98,66,49" hai1="104,20,47,73,7,36,97,115,13,87,32,79,35" hai2="69,119,84,109,108,0,130,88,105,100,99,53,9" hai3="54,96,134,30,123,48,117,50,60,57,121,1,42"/><V135/><F119/><W95/><G117/><T52/><D120/><U2/><E13/><V5/><F69/><W62/><G1/><T90/><D124/><U64/><E20/><V43/><F43/><W37/><G134/><T113/><D131/><U25/><E87/><V34/><F130/><W3/><G3/><T46/><D113/><U101/><E64/><V21/><F135/><W4/><G4/><T102/><D70/><U86/><E86/><V126/><F126/><W77/><G77/><T132/><D132/><U38/><E115/><V78/><F34/><N who="1" m="12841" /><E25/><V106/><F78/><W61/><G30/><T18/><D31/><U23/><E23/><V89/><F21/><W103/><G37/><N who="1" m="14442" /><E47/><V27/><F27/><W40/><G123/><T58/><D90/><N who="2" m="34922" /><F84/><W127/><G121/><T111/><D111/><N who="2" m="42570" /><F53/><N who="3" m="31927" /><G127/><T118/><D118/><U45/><E45/><AGARI ba="2,0" hai="40,42,45,48,54,60,61,62,95,96,103" m="31927" machi="45" ten="30,2000,0" yaku="8,1,52,1" doraHai="93" who="3" fromWho="1" sc="169,0,305,-26,217,0,309,26" /><INIT seed="3,0,0,2,4,109" ten="169,279,217,335" oya="3" hai0="89,26,13,59,42,73,105,22,87,79,104,0,91" hai1="51,82,56,44,98,107,84,85,120,117,72,2,41" hai2="54,124,90,67,38,24,132,83,129,64,110,125,122" hai3="94,103,12,135,61,37,60,45,10,113,23,70,99"/><W71/><G113/><T101/><D0/><U29/><E120/><V74/><F38/><W17/><G135/><T93/><D42/><U130/><E2/><V133/><F54/><W7/><G37/><T27/><D101/><U52/><E130/><V63/><F63/><N who="3" m="24139" /><G70/><T127/><D127/><N who="2" m="48714" /><F24/><N who="3" m="14447" /><G71/><T20/><D79/><U14/><E117/><V121/><F90/><W128/><G128/><T96/><D73/><U119/><E119/><V19/><F19/><W11/><G11/><T49/><D13/><U100/><E29/><V108/><F83/><W131/><G131/><T21/><D105/><U30/><E30/><V134/><F74/><W46/><AGARI ba="0,0" hai="7,10,12,45,46,94,99,103" m="14447,24139" machi="46" ten="30,1500,0" yaku="8,1" doraHai="109" who="3" fromWho="3" sc="169,-5,279,-5,217,-5,335,15" owari="164,-33.6,274,7.4,212,-18.8,350,45.0" /></mjloggm>