<mjloggm ver="2.3"><GO type="225" lobby="0"/><UN n0="%E6%9D%B1%E9%A2%A8%E3%81%AE%E3%81%8D%E3%82%83%E3%81%B7%E3%81%95%E3%82%93" n1="%E3%82%B7%E3%83%B3%E5%A4%AA%E6%9C%97" n2="%48%61%61%61%6C%61%6E%64" n3="%37%2F%32%E3%81%AB%E7%94%9F%E3%81%BE%E3%82%8C%E3%81%A6" dan="16,16,18,16" rate="2156.35,2195.87,2175.01,2147.46" sx="M,M,M,M"/><TAIKYOKU oya="0"/><INIT seed="0,0,0,2,1,104" ten="250,250,250,250" oya="0" hai0="80,25,97,105,108,135,13,96,19,117,134,33,44" hai1="110,109,41,2,45,92,39,130,102,113,3,34,49" hai2="5,29,14,0,8,7,56,128,62,11,98,81,77" hai3="94,119,86,23,18,16,70,100,65,64,132,129,1"/><T9/><D117/><U68/><E113/><V10/><F128/><W121/><G119/><T17/><D44/><U127/><E130/><V52/><F11/><W115/><G115/><T88/><D108/><N who="1" m="41579" /><E34/><V114/><F114/><W42/><G1/><T122/><D122/><U31/><E31/><V40/><F29/><W73/><G73/><T74/><D105/><U123/><E123/><V15/><F40/><W6/><G6/><N who="0" m="3255" /><D33/><U99/><E127/><V116/><F116/><W12/><G132/><N who="0" m="50731" /><D25/><U76/><E68/><V84/><REACH who="2" step="1"/><F98/><REACH who="2" ten="250,250,240,250" step="2"/><N who="0" m="37994" /><D74/><U4/><E99/><V78/><F78/><W43/><G129/><T54/><D54/><U36/><E76/><V47/><F47/><W67/><G121/><T21/><D21/><U131/><E45/><V53/><F53/><W125/><G125/><T22/><D22/><U27/><E131/><V112/><F112/><W79/><G43/><T111/><D111/><U124/><E41/><V46/><F46/><W85/><G42/><T32/><D32/><U90/><E124/><V60/><F60/><W50/><G23/><T37/><D37/><U24/><E36/><V91/><F91/><W58/><G67/><T71/><D88/><U95/><E39/><V35/><F35/><W107/><G65/><T133/><D133/><U75/><E90/><V118/><F118/><W126/><G64/><T48/><D48/><U55/><E49/><V72/><F72/><W59/><G50/><T26/><D26/><U106/><E27/><V69/><F69/><W93/><G70/><T61/><D71/><U87/><E24/><V103/><F103/><RYUUKYOKU ba="0,1" sc="250,-10,250,-10,240,30,250,-10" hai2="0,5,7,8,10,14,15,52,56,62,77,81,84" /><INIT seed="1,1,1,2,5,6" ten="240,240,270,240" oya="1" hai0="79,80,74,21,3,54,37,62,83,130,34,12,38" hai1="71,51,48,35,126,102,25,46,60,9,56,67,129" hai2="112,5,133,20,122,90,94,17,40,1,132,127,105" hai3="135,30,43,77,100,11,16,103,65,66,28,111,107"/><U97/><E129/><V101/><F122/><W59/><G111/><T69/><D34/><U7/><E126/><V22/><F127/><W120/><G120/><T63/><D3/><U14/><E56/><V61/><F112/><W119/><G135/><N who="2" m="51785" /><F40/><W95/><G119/><T93/><D130/><U50/><E25/><V58/><F101/><N who="3" m="38987" /><G107/><T76/><D93/><U33/><REACH who="1" step="1"/><E46/><REACH who="1" ten="240,230,270,240" step="2"/><V53/><F58/><W98/><G59/><T110/><D110/><U78/><E78/><V116/><F116/><W113/><G77/><T57/><D69/><U124/><E124/><V55/><F61/><W121/><G121/><T109/><D63/><U23/><E23/><V125/><F20/><W18/><G113/><T2/><D109/><U134/><E134/><V4/><F125/><W52/><G66/><T47/><D47/><U13/><E13/><V49/><F22/><W81/><G65/><T108/><D108/><U88/><E88/><V87/><F90/><W117/><G117/><T8/><D21/><U70/><E70/><V123/><F123/><W68/><G68/><T0/><D0/><U82/><E82/><V75/><F1/><W86/><G81/><T106/><D2/><U92/><AGARI ba="1,2" hai="7,9,14,33,35,48,50,51,60,67,71,92,97,102" machi="92" ten="30,6000,0" yaku="1,1,0,1,52,1,53,0" doraHai="6" doraHaiUra="42" who="1" fromWho="1" sc="240,-21,230,83,270,-21,240,-21" /><INIT seed="1,2,0,3,0,33" ten="219,313,249,219" oya="1" hai0="129,97,28,95,46,132,11,64,84,74,93,127,96" hai1="0,120,117,44,79,41,23,133,63,48,107,80,126" hai2="60,27,42,65,70,2,61,15,35,43,19,90,31" hai3="45,115,101,94,89,30,62,39,122,18,67,52,100"/><U26/><E117/><V73/><F73/><W83/><G122/><T103/><D64/><U118/><E120/><V72/><F72/><W56/><G115/><T111/><D28/><U58/><E118/><V91/><F2/><W7/><G83/><T128/><D46/><U8/><E126/><V10/><REACH who="2" step="1"/><F61/><REACH who="2" ten="219,313,239,219" step="2"/><W87/><G30/><T51/><D74/><U77/><E133/><V59/><F59/><W12/><G7/><T13/><D127/><U109/><E58/><V98/><F98/><W135/><G135/><T1/><D132/><U99/><E63/><V113/><F113/><W21/><G39/><T38/><D38/><U112/><E112/><V3/><F3/><W54/><G45/><T50/><D1/><U102/><E109/><V71/><F71/><W20/><G20/><T105/><D111/><U76/><E0/><V37/><F37/><W85/><G67/><T108/><D108/><U124/><E124/><V17/><F17/><W116/><G116/><T55/><D97/><U69/><E69/><V53/><F53/><W110/><G110/><T81/><D55/><U25/><E8/><V125/><F125/><W5/><G54/><T14/><D11/><U119/><E119/><V57/><F57/><W106/><G106/><T88/><D105/><U34/><E23/><V36/><F36/><W114/><G114/><T4/><D4/><U16/><E16/><V24/><F24/><N who="1" m="9321" /><E34/><V49/><F49/><W47/><G47/><T75/><D51/><U9/><E9/><V130/><F130/><N who="0" m="50282" /><D50/><U92/><E107/><V134/><F134/><W123/><G123/><RYUUKYOKU ba="2,1" sc="219,10,313,10,239,10,219,-30" hai0="13,14,75,81,84,88,93,95,96,103" hai1="41,44,48,76,77,79,80,92,99,102" hai2="10,15,19,27,31,35,42,43,60,65,70,90,91" /><INIT seed="1,3,1,2,3,18" ten="229,323,249,189" oya="1" hai0="74,9,123,114,101,103,59,121,11,119,33,57,105" hai1="107,52,55,110,118,56,122,6,5,26,24,47,67" hai2="25,7,15,49,115,22,1,117,62,50,0,77,89" hai3="82,73,58,98,126,130,36,35,69,116,48,53,125"/><U94/><E122/><N who="0" m="46601" /><D33/><U131/><E118/><V70/><F117/><W111/><G116/><T79/><D119/><U37/><E107/><V39/><F39/><W127/><G35/><T30/><D30/><U128/><E110/><V31/><F115/><W102/><G111/><T23/><D114/><U41/><E67/><V113/><F113/><W129/><G36/><T3/><D105/><U86/><E55/><V133/><F133/><W34/><G34/><T20/><D79/><U29/><E94/><V32/><F77/><N who="3" m="44335" /><G69/><T17/><D74/><U66/><E86/><V42/><F89/><W120/><G120/><T45/><D45/><U95/><E95/><AGARI ba="3,1" hai="48,53,58,95,98,102,125,126,127,129,130" m="44335" machi="95" ten="30,1000,0" yaku="18,1" doraHai="18" who="3" fromWho="1" sc="229,0,323,-19,249,0,189,29" /><INIT seed="2,0,0,2,3,125" ten="229,304,249,218" oya="2" hai0="26,97,22,53,73,62,134,16,112,92,41,84,109" hai1="93,51,25,43,104,126,11,88,6,111,2,57,106" hai2="74,49,7,56,70,44,48,96,91,12,110,127,18" hai3="8,120,10,135,38,20,82,124,52,35,80,58,122"/><V103/><F70/><W5/><G35/><T55/><D73/><U100/><E111/><V115/><F115/><W101/><G38/><T81/><D134/><U27/><E126/><V30/><F127/><W95/><G124/><T36/><D112/><U98/><E106/><V132/><F132/><W131/><G135/><T69/><D109/><U37/><E37/><V113/><F113/><W40/><G40/><T4/><D4/><U71/><E71/><V86/><F74/><W102/><G20/><T119/><D119/><U63/><E51/><V17/><F30/><W67/><G67/><T78/><D69/><U47/><E47/><V29/><F29/><W21/><G21/><T116/><D116/><U60/><E43/><N who="2" m="24607" /><F96/><W3/><G5/><T0/><D0/><U121/><E60/><V34/><F103/><W15/><G3/><T39/><D41/><U133/><E121/><V105/><F105/><W9/><G15/><T50/><D62/><U117/><E117/><V76/><F76/><W85/><G82/><T46/><REACH who="0" step="1"/><D53/><REACH who="0" ten="219,304,249,218" step="2"/><U45/><E133/><V128/><F110/><W99/><G122/><T77/><D77/><U87/><E2/><V61/><F61/><N who="3" m="36039" /><G120/><T72/><D72/><U129/><E63/><V123/><F123/><W130/><G102/><AGARI ba="0,1" hai="16,22,26,36,39,46,50,55,78,81,84,92,97,102" machi="102" ten="30,3900,0" yaku="1,1,7,1,54,1,53,0" doraHai="125" doraHaiUra="28" who="0" fromWho="3" sc="219,49,304,0,249,0,218,-39" /><INIT seed="3,0,0,4,0,118" ten="268,304,249,179" oya="3" hai0="112,44,109,50,25,90,127,37,65,35,4,54,119" hai1="1,27,105,125,34,74,62,67,107,102,46,126,115" hai2="108,93,113,120,41,103,42,124,80,26,33,87,69" hai3="22,72,82,0,78,23,98,106,86,57,48,18,36"/><W12/><G36/><T73/><D73/><U76/><E1/><V51/><F113/><W13/><G0/><T52/><D119/><U2/><E2/><V32/><F69/><W94/><G106/><T10/><D112/><U97/><E107/><V30/><F108/><W101/><G72/><T135/><D127/><N who="1" m="48651" /><E46/><V96/><F124/><W19/><G48/><T129/><D129/><U24/><E115/><V15/><F120/><W70/><REACH who="3" step="1"/><G57/><REACH who="3" ten="268,304,249,169" step="2"/><T85/><D37/><U31/><E74/><V60/><F51/><W117/><G117/><T11/><D109/><U133/><E133/><V40/><F60/><W61/><G61/><T130/><D135/><U38/><E38/><V134/><F134/><W128/><G128/><T29/><D130/><U89/><E62/><V83/><F15/><W92/><G92/><T71/><D50/><U111/><E111/><V7/><F93/><W8/><G8/><T88/><D11/><U5/><E105/><V79/><F83/><W39/><G39/><T114/><D10/><U66/><E27/><V123/><F123/><W77/><G77/><T63/><D25/><U81/><E76/><V56/><F56/><W68/><AGARI ba="0,1" hai="12,13,18,19,22,23,68,70,78,82,86,94,98,101" machi="68" ten="30,6000,0" yaku="1,1,0,1,9,1,53,0" doraHai="118" doraHaiUra="84" who="3" fromWho="3" sc="268,-20,304,-20,249,-20,169,70" /><INIT seed="3,1,0,1,5,98" ten="248,284,229,239" oya="3" hai0="2,16,103,40,112,30,31,59,43,100,116,24,53" hai1="90,70,48,122,75,47,28,38,135,60,50,99,110" hai2="46,3,65,107,4,124,35,26,58,72,7,25,57" hai3="62,42,83,27,37,131,80,84,22,127,15,101,66"/><W67/><G127/><T117/><D2/><U5/><E38/><V87/><F72/><W114/><G114/><T111/><D111/><U23/><E122/><V33/><F107/><W113/><G113/><T118/><D112/><U82/><E110/><V91/><F124/><W93/><G131/><T73/><D73/><U105/><E135/><V95/><F33/><W45/><G15/><T32/><D30/><U34/><E23/><V126/><F126/><W92/><G67/><T49/><REACH who="0" step="1"/><D16/><REACH who="0" ten="238,284,229,239" step="2"/><U10/><E28/><V1/><F1/><W29/><G101/><AGARI ba="1,1" hai="24,31,32,40,43,49,53,59,100,101,103,116,117,118" machi="101" ten="40,8000,1" yaku="1,1,2,1,52,3,53,0" doraHai="98" doraHaiUra="120" who="0" fromWho="3" sc="238,93,284,0,229,0,239,-83" owari="331,43.1,284,8.4,229,-17.1,156,-34.4" /></mjloggm>