<mjloggm ver="2.3"><GO type="225" lobby="0"/><UN n0="%70%68%65%6E%6F%6D%65" n1="%E3%83%B4%E3%83%A0%EF%BC%99%E3%81%A6" n2="%E4%B8%AD%E5%B9%B4%E3%81%AE%E5%8D%B1%E6%A9%9F" n3="%61%69%73%79%6F" dan="16,17,17,17" rate="2124.09,2239.23,2206.39,2166.63" sx="M,M,M,M"/><TAIKYOKU oya="0"/><INIT seed="0,0,0,4,0,110" ten="250,250,250,250" oya="0" hai0="12,20,122,47,55,74,27,49,1,131,64,19,7" hai1="0,82,25,128,129,111,24,75,134,83,115,10,99" hai2="80,108,28,21,57,31,33,23,72,65,96,34,36" hai3="98,78,35,67,91,104,14,48,26,41,94,51,52"/><T43/><D122/><U2/><E111/><V73/><F108/><W58/><G78/><T60/><D131/><U76/><E134/><V126/><F36/><W87/><G67/><T39/><D74/><U84/><E99/><V18/><F96/><W71/><G71/><T81/><D1/><U105/><E105/><V97/><F97/><W13/><G41/><T44/><D81/><U29/><E10/><V59/><F65/><W56/><G35/><T77/><D77/><U109/><E109/><V66/><F66/><W120/><G120/><T125/><D125/><U93/><E93/><V3/><F80/><W121/><G121/><T130/><D130/><U116/><E76/><V90/><F18/><W123/><G26/><T37/><D39/><U63/><E75/><V112/><F3/><W135/><G135/><T4/><REACH who="0" step="1"/><D12/><REACH who="0" ten="240,250,250,250" step="2"/><U6/><E0/><V32/><F126/><W79/><G123/><T92/><D92/><U117/><E83/><V46/><F73/><W38/><G38/><T89/><D89/><U100/><E128/><V103/><F72/><W107/><G79/><T17/><D17/><U62/><E129/><V118/><F90/><W5/><G5/><T119/><D119/><U85/><E2/><V106/><F118/><W113/><G107/><T69/><AGARI ba="0,1" hai="4,7,19,20,27,37,43,44,47,49,55,60,64,69" machi="69" ten="20,3900,0" yaku="1,1,0,1,7,1,53,0" doraHai="110" doraHaiUra="86" who="0" fromWho="0" sc="240,49,250,-13,250,-13,250,-13" /><INIT seed="0,1,0,1,2,37" ten="289,237,237,237" oya="0" hai0="59,119,128,96,28,45,120,70,34,88,47,89,108" hai1="104,121,62,118,52,124,39,64,27,110,67,44,113" hai2="40,125,107,4,115,1,33,25,19,29,105,14,68" hai3="8,26,135,106,32,98,60,127,10,23,116,114,5"/><T112/><D70/><U12/><E104/><V126/><F68/><W16/><G114/><T101/><D112/><U58/><E113/><V93/><F115/><W11/><G116/><T31/><D119/><U2/><E2/><V76/><F76/><W77/><G127/><N who="2" m="48649" /><F93/><W30/><G135/><T103/><D120/><U81/><E118/><V71/><F71/><W79/><G60/><T102/><D128/><U92/><E124/><V91/><F91/><N who="0" m="34890" /><D34/><U131/><E131/><V111/><F111/><W20/><G32/><T7/><D7/><U97/><E110/><V134/><F134/><W72/><G5/><T22/><D108/><U15/><E81/><V95/><F95/><W130/><G72/><T54/><D96/><U132/><E121/><V56/><F56/><W0/><G0/><T133/><D133/><U73/><E73/><V36/><F4/><W94/><G106/><T65/><D65/><U43/><E132/><V123/><F1/><W55/><G55/><T38/><D38/><U61/><E64/><V100/><F123/><W78/><G130/><T18/><D47/><U86/><E86/><V21/><F100/><W13/><REACH who="3" step="1"/><G77/><REACH who="3" ten="289,237,237,227" step="2"/><T69/><D69/><U129/><E129/><V6/><F6/><W117/><G117/><T49/><D59/><U85/><E58/><V35/><F35/><W63/><G63/><T82/><D82/><U75/><E61/><V3/><F3/><W122/><G122/><T99/><D99/><U84/><E62/><V80/><F80/><W83/><G83/><T87/><D87/><U17/><E84/><V24/><F33/><RYUUKYOKU ba="1,1" sc="289,15,237,-15,237,-15,227,15" hai0="18,22,28,31,45,49,54,101,102,103" hai3="8,10,11,13,16,20,23,26,30,78,79,94,98" /><INIT seed="0,2,1,1,1,60" ten="304,222,222,242" oya="0" hai0="87,11,104,56,57,112,41,58,47,116,27,128,18" hai1="105,19,59,0,53,93,110,73,24,135,3,117,14" hai2="37,8,13,5,15,9,91,6,120,21,88,102,50" hai3="111,54,133,63,43,23,95,92,100,22,72,20,7"/><T2/><D112/><U12/><E117/><V83/><F37/><W35/><G35/><T42/><D116/><U75/><E105/><V55/><F120/><W86/><G72/><T79/><D104/><U44/><E44/><V65/><F102/><W101/><G133/><T82/><D128/><U17/><E24/><V134/><F134/><W90/><G111/><T68/><D68/><U66/><E135/><V16/><F83/><W52/><G7/><T74/><D87/><U99/><E110/><V10/><F65/><W33/><G33/><T97/><D97/><U126/><E126/><V96/><F96/><W85/><G43/><T123/><D123/><U4/><E4/><V98/><F98/><W61/><G22/><T121/><D121/><U29/><E29/><V129/><F129/><W62/><G62/><T69/><D69/><U1/><E66/><V124/><F124/><W70/><G70/><T45/><D47/><U115/><E115/><V80/><F80/><W38/><G38/><T119/><D119/><U40/><E40/><V28/><F28/><W113/><G113/><T31/><D45/><U46/><E46/><N who="2" m="28119" /><F10/><W130/><G130/><T118/><D118/><U122/><E122/><V94/><F94/><W78/><G78/><T77/><D79/><U106/><E106/><V84/><F84/><W71/><G71/><T34/><REACH who="0" step="1"/><D2/><REACH who="0" ten="294,222,222,242" step="2"/><U51/><E73/><V49/><F49/><W89/><AGARI ba="2,2" hai="20,23,52,54,61,63,85,86,89,90,92,95,100,101" machi="89" ten="25,8000,1" yaku="0,1,22,2,8,1,54,1" doraHai="60" who="3" fromWho="3" sc="294,-42,222,-22,222,-22,242,106" /><INIT seed="1,0,0,1,4,37" ten="252,200,200,348" oya="1" hai0="71,74,18,98,64,118,26,24,135,39,92,59,58" hai1="105,107,3,55,41,101,29,121,42,70,17,49,21" hai2="30,7,40,90,19,23,133,35,76,47,124,110,36" hai3="89,8,97,117,33,52,85,4,134,75,108,68,78"/><U27/><E121/><V123/><F123/><W125/><G68/><T13/><D118/><U6/><E70/><V119/><F119/><W69/><G117/><T109/><D74/><U111/><E111/><V67/><F110/><W45/><G33/><T16/><D109/><U130/><E130/><V65/><F124/><W77/><G69/><T102/><D135/><U132/><E132/><V38/><F38/><W73/><G134/><T11/><D39/><U81/><E81/><V66/><F133/><W93/><G125/><T10/><D71/><U5/><E29/><V84/><F76/><W31/><G31/><T12/><REACH who="0" step="1"/><D64/><REACH who="0" ten="242,200,200,348" step="2"/><U91/><E105/><V83/><F7/><W80/><G108/><T43/><D43/><U51/><E6/><V34/><REACH who="2" step="1"/><F30/><REACH who="2" ten="242,200,190,348" step="2"/><W115/><G75/><T122/><D122/><U103/><E5/><V61/><F61/><W113/><G73/><T100/><D100/><U1/><E101/><V86/><F86/><W20/><G4/><T112/><D112/><U131/><E103/><V87/><F87/><W99/><G115/><T46/><D46/><U62/><E1/><V25/><AGARI ba="0,2" hai="19,23,25,34,35,36,40,47,65,66,67,83,84,90" machi="25" ten="30,7900,0" yaku="1,1,0,1,52,1,53,1" doraHai="37" doraHaiUra="79" who="2" fromWho="2" sc="242,-20,200,-39,190,99,348,-20" /><INIT seed="2,0,0,3,5,84" ten="222,161,289,328" oya="2" hai0="12,37,132,100,6,27,54,133,113,114,135,71,59" hai1="7,47,128,40,2,125,10,134,129,36,126,4,33" hai2="79,43,120,116,64,25,3,66,69,119,123,67,115" hai3="13,35,49,29,34,99,87,117,9,44,19,24,96"/><V65/><N who="2" m="16384" /><DORA hai="0" /><V70/><F3/><W97/><G117/><N who="2" m="45129" /><F79/><W38/><G38/><T108/><D108/><U41/><E41/><V63/><F25/><W46/><G35/><T18/><D37/><U72/><E33/><V122/><F43/><W88/><REACH who="3" step="1"/><G49/><REACH who="3" ten="222,161,289,318" step="2"/><T61/><D132/><U58/><E134/><V55/><F115/><W109/><G109/><T104/><D133/><U8/><E72/><V56/><AGARI ba="0,1" hai="55,56,63,69,70,120,122,123" m="45129,16384" machi="56" ten="60,6000,0" yaku="34,2" doraHai="84,0" who="2" fromWho="2" sc="222,-20,161,-20,289,70,318,-20" /><INIT seed="2,1,0,5,5,55" ten="202,141,359,298" oya="2" hai0="58,0,60,47,31,92,49,103,105,4,125,35,84" hai1="132,96,44,57,67,111,114,87,51,61,106,74,21" hai2="46,10,48,5,100,15,95,128,134,26,131,13,3" hai3="16,68,83,71,75,33,62,56,104,101,110,123,14"/><V85/><F134/><W107/><G123/><T37/><D125/><U73/><E132/><V109/><F109/><W127/><G33/><T8/><D37/><U124/><E124/><V108/><F108/><W69/><G127/><T64/><D105/><U12/><E114/><V38/><F38/><W2/><G2/><T91/><D103/><U29/><E111/><V59/><F26/><W41/><G41/><T93/><D35/><U54/><E106/><V42/><F59/><W130/><G130/><T79/><D79/><U113/><E113/><V17/><F3/><W94/><G94/><T77/><D77/><U43/><E96/><V129/><F100/><W7/><G7/><T70/><D31/><U89/><E12/><V98/><F85/><W50/><G50/><T102/><D102/><U126/><E126/><V118/><F118/><W11/><G101/><T81/><REACH who="0" step="1"/><D70/><REACH who="0" ten="192,141,359,298" step="2"/><U82/><REACH who="1" step="1"/><E43/><AGARI ba="1,1" hai="0,4,8,43,47,49,58,60,64,81,84,91,92,93" machi="43" ten="30,7700,0" yaku="1,1,2,1,7,1,52,1,53,0" doraHai="55" doraHaiUra="30" who="0" fromWho="1" sc="192,90,141,-80,359,0,298,0" /><INIT seed="3,0,0,2,0,105" ten="282,61,359,298" oya="3" hai0="25,80,3,133,35,24,81,5,34,11,23,51,70" hai1="132,113,127,50,55,110,94,90,58,13,68,83,116" hai2="6,42,61,135,14,56,10,126,114,57,84,62,74" hai3="12,130,100,123,49,89,65,122,26,88,128,20,71"/><W101/><G71/><T82/><D133/><U15/><E113/><V75/><F114/><W30/><G65/><T117/><D117/><U47/><E116/><V112/><F112/><W1/><G1/><T17/><D70/><U32/><E68/><V103/><F135/><W16/><G101/><T37/><D37/><U85/><E32/><V27/><F126/><W4/><G4/><T98/><D98/><U0/><E0/><V87/><F75/><W92/><G100/><T43/><REACH who="0" step="1"/><D24/><REACH who="0" ten="272,61,359,298" step="2"/><U60/><E127/><V76/><F27/><W64/><G123/><T104/><D104/><U91/><E132/><V97/><F97/><W53/><G122/><T78/><D78/><U118/><E118/><V121/><F76/><W102/><G102/><T41/><D41/><U119/><E119/><V99/><F42/><W77/><G77/><T86/><D86/><N who="2" m="32810" /><F74/><W129/><G92/><T36/><D36/><U46/><E110/><V134/><F134/><W2/><G2/><T8/><D8/><U7/><E94/><V33/><F121/><W38/><G38/><T106/><D106/><U22/><E90/><V66/><F99/><W131/><G131/><T9/><D9/><U96/><E96/><V120/><F120/><W45/><G64/><T31/><D31/><U124/><E124/><V95/><F95/><W69/><G69/><T59/><D59/><U54/><E46/><AGARI ba="0,1" hai="3,5,11,17,23,25,34,35,43,46,51,80,81,82" machi="46" ten="40,1300,0" yaku="1,1,53,0" doraHai="105" doraHaiUra="73" who="0" fromWho="1" sc="272,23,61,-13,359,0,298,0" owari="295,-10.5,48,-45.2,359,45.9,298,9.8" /></mjloggm>