<mjloggm ver="2.3"><GO type="225" lobby="0"/><UN n0="%48%61%61%61%6C%61%6E%64" n1="%43%68%65" n2="%E8%A8%88%E7%AE%97%E6%A9%9F%E8%87%AA%E7%84%B6" n3="%E3%82%B7%E3%83%B3%E5%A4%AA%E6%9C%97" dan="17,16,17,16" rate="2224.63,2171.10,2241.99,2117.12" sx="M,M,M,M"/><TAIKYOKU oya="0"/><INIT seed="0,0,0,1,0,134" ten="250,250,250,250" oya="0" hai0="87,84,24,85,106,20,96,4,0,89,76,13,67" hai1="71,122,74,48,65,69,75,104,116,132,81,124,95" hai2="54,80,55,23,82,33,77,61,30,68,108,126,114" hai3="130,10,123,94,43,131,21,22,90,60,32,36,125"/><T97/><D0/><U46/><E104/><V16/><F114/><W58/><G123/><T29/><D76/><U45/><E95/><V111/><F30/><W18/><G32/><T49/><D67/><U98/><E98/><N who="0" m="37993" /><D106/><U91/><E48/><V118/><F33/><W39/><G10/><N who="0" m="4295" /><D49/><U63/><E65/><N who="2" m="41007" /><F118/><W50/><G22/><T57/><D57/><U3/><E63/><V9/><F9/><W135/><G135/><T26/><D24/><U88/><E88/><BYE who="1" /><AGARI ba="0,0" hai="20,26,29,84,85,87,88,89" m="4295,37993" machi="88" ten="30,2900,0" yaku="8,1,54,1" doraHai="134" who="0" fromWho="1" sc="250,29,250,-29,250,0,250,0" /><INIT seed="0,1,0,3,0,35" ten="279,221,250,250" oya="0" hai0="69,133,56,29,99,20,36,4,119,81,48,79,113" hai1="87,134,46,82,111,102,95,71,18,120,3,53,85" hai2="23,86,75,83,128,131,103,6,98,62,96,91,76" hai3="42,19,80,121,94,14,60,27,44,17,92,64,89"/><T117/><D113/><U13/><E13/><V65/><F23/><W109/><G121/><T61/><D36/><U135/><E135/><V15/><F15/><W16/><G109/><T43/><D133/><U84/><E84/><V72/><F6/><W8/><G80/><T107/><D4/><U112/><E112/><V24/><F24/><W97/><G27/><UN n1="%43%68%65" /><T74/><D69/><U11/><E120/><V122/><F122/><W132/><G94/><T123/><D123/><U59/><E71/><V68/><F96/><W126/><G126/><T0/><D0/><U33/><E33/><V12/><F12/><W32/><G32/><T73/><D73/><U101/><E134/><V129/><REACH who="2" step="1"/><F76/><REACH who="2" ten="279,221,240,250" step="2"/><W45/><G132/><T130/><D20/><U63/><E111/><V67/><F67/><W2/><G2/><T30/><D99/><U124/><E3/><V77/><F77/><W100/><G100/><T40/><D79/><U108/><E102/><V127/><F127/><W47/><REACH who="3" step="1"/><G42/><REACH who="3" ten="279,221,240,240" step="2"/><T34/><D43/><U1/><E101/><V105/><AGARI ba="1,2" hai="62,65,68,72,75,83,86,91,98,103,105,128,129,131" machi="105" ten="30,4000,0" yaku="1,1,0,1,19,1,53,0" doraHai="35" doraHaiUra="110" who="2" fromWho="2" sc="279,-21,221,-11,240,63,240,-11" /><INIT seed="1,0,0,2,0,113" ten="258,210,303,229" oya="1" hai0="4,36,82,122,15,54,65,132,84,78,74,103,67" hai1="85,26,120,97,71,42,104,20,108,34,70,25,83" hai2="112,35,22,39,6,88,69,62,68,60,29,117,46" hai3="99,18,124,77,79,106,115,76,47,95,0,125,72"/><U81/><E120/><V2/><F35/><W87/><G0/><T44/><D122/><U93/><E104/><V40/><F112/><W102/><G47/><T45/><D132/><U128/><E34/><V19/><F29/><W133/><G18/><T135/><D135/><U8/><E42/><V10/><F117/><W9/><G9/><N who="0" m="4519" /><D74/><U11/><E128/><V98/><F60/><W21/><G21/><T100/><D36/><U17/><E108/><V3/><F3/><W14/><G14/><T37/><D37/><U41/><E41/><V110/><F62/><W12/><G12/><T116/><D116/><U59/><E59/><V32/><F32/><W63/><G63/><T1/><D1/><U55/><E55/><V127/><F127/><N who="3" m="48715" /><G133/><T53/><D44/><U33/><E71/><V64/><F64/><N who="0" m="24650" /><D53/><U129/><E70/><V66/><F110/><W49/><G49/><AGARI ba="0,0" hai="45,49,54,78,82,84,100,103" m="24650,4519" machi="49" ten="30,1000,0" yaku="8,1" doraHai="113" who="0" fromWho="3" sc="258,10,210,0,303,0,229,-10" /><INIT seed="2,0,0,1,5,42" ten="268,210,303,219" oya="2" hai0="133,5,65,76,34,89,24,52,77,73,15,117,49" hai1="22,46,30,41,69,97,106,83,16,93,120,84,110" hai2="10,129,48,26,90,87,135,51,12,103,28,101,2" hai3="4,61,23,20,128,95,56,32,88,70,98,107,130"/><V104/><F135/><W40/><G70/><T132/><D117/><U8/><E69/><V92/><F129/><N who="3" m="49771" /><G32/><T63/><D89/><U82/><E106/><V121/><F2/><W124/><G124/><T112/><D112/><U0/><E110/><V100/><F104/><W33/><G33/><T126/><D126/><U47/><E120/><V116/><F116/><W122/><G122/><T45/><D5/><U11/><E0/><V18/><REACH who="2" step="1"/><F121/><REACH who="2" ten="268,210,293,219" step="2"/><W99/><G107/><T13/><D132/><U44/><E41/><V17/><F17/><W75/><G40/><T114/><D133/><U125/><E125/><V131/><F131/><W105/><G4/><T43/><D43/><U78/><E30/><V54/><F54/><N who="3" m="33943" /><G75/><T67/><D73/><U102/><E83/><V134/><F134/><W19/><G19/><T53/><D53/><U115/><E115/><V60/><F60/><W64/><G64/><T86/><D67/><U123/><REACH who="1" step="1"/><E123/><REACH who="1" ten="268,200,293,219" step="2"/><V68/><F68/><W59/><G105/><T109/><D114/><U71/><E71/><V62/><F62/><W21/><G59/><T119/><D119/><U3/><E3/><V91/><F91/><W74/><G74/><T113/><D113/><U36/><E36/><V29/><F29/><W127/><G127/><T108/><D63/><U9/><E9/><V58/><F58/><W66/><G66/><T25/><D65/><U39/><E39/><V72/><F72/><W118/><G118/><T94/><D109/><U96/><E96/><AGARI ba="0,2" hai="20,21,23,88,95,96,98,99" m="33943,49771" machi="96" ten="30,2000,0" yaku="19,1,54,1" doraHai="42" who="3" fromWho="1" sc="268,0,200,-20,293,0,219,40" /><INIT seed="3,0,0,5,0,128" ten="268,180,293,259" oya="3" hai0="5,1,42,101,86,0,127,26,10,79,75,33,93" hai1="9,132,134,111,37,40,7,55,119,12,65,57,70" hai2="114,76,92,43,72,135,107,47,13,116,56,20,112" hai3="102,90,48,53,23,50,82,58,24,115,6,122,67"/><W66/><G122/><T69/><D69/><U54/><E111/><V59/><F135/><N who="1" m="51753" /><E119/><V27/><F107/><W30/><G115/><T110/><D110/><U98/><E98/><V125/><F13/><W28/><G102/><T16/><D127/><U87/><E70/><V84/><F72/><W44/><G6/><T77/><D75/><U96/><E96/><V74/><F74/><W97/><G30/><T123/><D123/><U124/><E124/><V99/><F116/><W81/><G97/><T68/><D68/><U117/><E117/><V39/><F125/><W8/><G8/><T62/><D101/><U15/><E87/><V4/><F4/><W11/><G11/><T64/><D86/><U88/><E88/><V85/><F84/><N who="3" m="50447" /><G82/><T95/><D93/><U31/><E31/><V17/><F114/><W100/><G100/><T126/><D95/><U105/><E105/><V133/><F112/><W29/><G28/><T46/><D126/><U45/><E15/><V89/><F133/><W52/><AGARI ba="0,0" hai="23,24,29,44,48,50,52,53,58,66,67" m="50447" machi="52" ten="30,3000,0" yaku="8,1,54,1" doraHai="128" who="3" fromWho="3" sc="268,-10,180,-10,293,-10,259,30" /><INIT seed="3,1,0,2,1,23" ten="258,170,283,289" oya="3" hai0="17,106,5,22,113,35,118,61,107,18,7,90,55" hai1="119,37,10,57,81,123,67,88,47,117,68,125,45" hai2="89,30,76,128,34,71,134,13,2,26,36,78,25" hai3="129,66,127,116,32,130,73,74,50,86,124,79,11"/><W39/><G32/><T0/><D35/><U1/><E123/><V85/><F2/><W3/><G116/><N who="1" m="44618" /><E68/><V115/><F115/><W54/><G39/><T84/><D118/><U121/><E121/><V120/><F120/><W126/><G66/><T97/><D113/><U15/><E1/><V94/><F71/><W31/><G31/><T48/><D61/><N who="1" m="38319" /><E37/><V77/><F36/><W102/><G102/><T28/><D0/><U133/><E133/><V104/><F104/><W60/><G60/><T43/><D107/><U87/><E125/><V114/><F114/><W105/><G105/><T72/><D72/><N who="3" m="27753" /><G86/><T122/><D122/><U9/><E9/><V64/><F128/><N who="3" m="49259" /><G79/><T110/><D106/><U51/><E51/><V16/><F64/><W49/><G54/><T83/><D55/><U96/><E96/><N who="2" m="57423" /><F34/><W69/><G69/><T91/><D97/><U33/><E33/><V14/><F134/><W92/><G92/><T56/><D48/><U40/><E40/><V38/><F38/><W112/><G112/><T12/><D43/><U20/><E20/><N who="2" m="15655" /><F85/><W75/><G75/><T63/><D84/><U108/><E108/><V135/><F135/><W82/><G82/><T80/><D110/><U109/><E109/><V46/><F76/><W42/><G42/><T98/><D98/><U131/><E131/><V59/><F77/><W24/><G3/><T132/><D132/><U52/><E52/><V44/><F78/><W29/><G11/><T111/><D111/><U101/><E101/><V21/><F59/><W99/><G99/><T58/><D58/><U103/><E103/><RYUUKYOKU ba="1,0" sc="258,-30,170,10,283,10,289,10" hai1="10,15,45,47,81,87,88" hai2="13,14,16,21,26,44,46" hai3="24,29,49,50,124,126,127" /><INIT seed="3,2,0,0,1,78" ten="228,180,293,299" oya="3" hai0="62,89,64,55,24,88,25,8,60,85,83,106,54" hai1="21,75,129,43,6,134,1,61,105,72,77,38,81" hai2="97,94,50,42,74,12,127,23,26,49,73,69,57" hai3="76,118,122,18,44,52,108,93,15,100,47,59,17"/><W70/><G118/><T51/><D106/><U48/><E129/><V16/><F69/><W117/><G117/><T87/><D8/><N who="1" m="2127" /><E134/><V11/><F127/><W63/><G122/><T22/><D64/><U101/><E48/><V36/><F36/><W130/><G70/><T67/><D67/><U131/><E131/><V128/><F128/><W86/><G130/><T19/><D25/><U35/><E75/><V4/><F73/><W114/><G114/><T126/><D126/><U56/><E21/><V107/><F74/><W53/><G108/><T7/><D7/><U120/><E120/><V71/><F107/><W66/><G18/><T80/><D54/><N who="3" m="21097" /><G100/><T34/><D34/><U29/><E56/><AGARI ba="2,0" hai="19,22,24,51,55,56,60,62,80,83,85,87,88,89" machi="56" ten="30,12000,2" yaku="7,1,9,1,8,1,52,2,54,1" doraHai="78" who="0" fromWho="1" sc="228,126,180,-126,293,0,299,0" owari="354,45.4,54,-44.6,293,-10.7,299,9.9" /></mjloggm>