<mjloggm ver="2.3"><GO type="225" lobby="0"/><UN n0="%6D%75%75%6D%75%72%61" n1="%E3%81%99%E3%81%84%E3%81%BE%E3%81%9B%E3%83%BC%E3%82%93" n2="%E3%82%BC%E3%83%AB%E3%83%80%E3%81%AE%E4%BC%9D%E8%AA%AC" n3="%E3%82%BD%E3%83%83%E3%82%AF%E3%82%B9%E2%99%AA" dan="17,16,17,16" rate="2182.42,2194.61,2204.99,2070.76" sx="F,M,M,M"/><TAIKYOKU oya="0"/><INIT seed="0,0,0,4,2,116" ten="250,250,250,250" oya="0" hai0="18,90,39,82,86,110,2,73,76,21,43,94,1" hai1="106,48,0,91,34,49,33,38,8,27,109,14,112" hai2="118,22,32,42,10,97,83,77,6,51,20,41,23" hai3="30,89,56,68,26,93,52,70,104,69,81,127,119"/><T5/><D110/><U113/><E109/><V35/><F118/><W46/><G127/><T63/><D5/><U57/><E38/><V134/><F134/><W28/><G104/><T133/><D133/><U92/><E106/><V121/><F121/><W17/><G119/><T55/><D39/><U96/><E0/><V117/><F117/><W44/><G81/><T111/><D43/><U114/><E57/><V37/><F97/><W45/><G17/><T4/><D111/><U101/><E101/><V78/><F78/><W29/><G26/><T98/><D4/><N who="1" m="3335" /><E33/><V61/><F61/><W130/><G130/><T60/><D73/><U47/><E47/><N who="2" m="23983" /><F51/><W129/><G129/><T128/><D128/><U19/><E19/><V15/><F15/><W99/><REACH who="3" step="1"/><G46/><REACH who="3" ten="250,250,250,240" step="2"/><T74/><D74/><U102/><E27/><V9/><F83/><W71/><N who="3" m="17408" /><DORA hai="126" /><W135/><G135/><T85/><D82/><U64/><E114/><V11/><F6/><W36/><G36/><T88/><D76/><U62/><E113/><V67/><F77/><W31/><N who="3" m="7168" /><DORA hai="107" /><W16/><G16/><T53/><D18/><U84/><E112/><V3/><F32/><W95/><G95/><T108/><D108/><U12/><E34/><V87/><F35/><W103/><G103/><T58/><D94/><N who="1" m="54631" /><E12/><V25/><F25/><W120/><G120/><T13/><D13/><U132/><E132/><V105/><F105/><W100/><G100/><T115/><D115/><U80/><E80/><V75/><F75/><W123/><G123/><T72/><D72/><U131/><E131/><V54/><F20/><RYUUKYOKU ba="0,1" sc="250,-15,250,15,250,-15,240,15" hai1="48,49,62,64,92,96,102" hai3="44,45,52,56,89,93,99" /><INIT seed="1,1,1,1,3,101" ten="235,265,235,255" oya="1" hai0="104,46,107,112,44,119,79,131,68,21,98,128,124" hai1="83,100,17,52,115,118,96,20,130,81,60,99,62" hai2="12,39,106,82,75,126,58,108,45,7,102,110,1" hai3="3,91,4,111,38,73,8,26,18,84,55,15,103"/><U116/><E115/><V135/><F126/><W69/><G111/><N who="2" m="42537" /><F135/><W120/><G120/><T134/><D112/><U72/><E130/><N who="0" m="49705" /><D119/><U10/><E10/><N who="2" m="2415" /><F12/><W61/><G73/><T85/><D134/><U93/><E99/><N who="2" m="61791" /><F58/><W16/><G15/><T33/><D33/><U87/><E72/><V76/><F45/><N who="0" m="17514" /><D124/><U65/><E81/><V14/><F14/><W25/><G3/><T13/><D68/><U36/><E118/><V113/><F113/><W37/><G69/><T51/><D98/><U132/><E116/><V27/><F27/><W5/><G26/><T34/><D34/><U43/><E132/><V9/><F9/><W40/><G25/><T23/><D13/><U94/><E83/><V117/><F117/><W63/><G8/><T114/><D114/><U59/><E94/><V49/><F49/><W123/><G5/><T53/><D21/><U56/><E20/><V50/><F50/><W121/><G4/><T70/><D70/><U105/><E96/><V11/><F11/><W0/><G123/><T47/><D23/><U22/><E22/><V88/><F88/><W71/><G91/><T86/><D79/><U6/><E6/><V57/><F57/><W30/><G121/><T129/><N who="0" m="49713" /><T127/><DORA hai="35" /><D127/><U122/><E59/><V74/><F74/><W125/><G71/><T133/><D133/><U42/><E56/><V28/><F28/><W54/><G30/><T48/><D51/><U95/><E122/><V90/><F90/><W67/><G125/><T19/><D19/><U31/><E17/><V97/><F97/><W66/><G18/><RYUUKYOKU ba="1,1" sc="235,15,265,-15,235,15,255,-15" hai0="47,48,53,85,86,104,107" hai2="39,75,76,82" /><INIT seed="2,2,1,1,1,44" ten="250,250,250,240" oya="2" hai0="86,53,119,101,35,91,130,4,15,109,113,131,99" hai1="104,121,14,23,38,82,87,50,24,63,70,85,58" hai2="27,67,33,75,111,19,64,125,122,72,59,13,21" hai3="18,43,78,127,116,132,73,31,77,37,97,8,26"/><V7/><F122/><W84/><G116/><T39/><D113/><U76/><E38/><V12/><F125/><W16/><G127/><T57/><D119/><U51/><E104/><V95/><F111/><W69/><G69/><T94/><D39/><U107/><E107/><V88/><F75/><W9/><G73/><T90/><D35/><U114/><E70/><V22/><F72/><W106/><G132/><T36/><D36/><U112/><E121/><V98/><F33/><W3/><G43/><T28/><D28/><U30/><E114/><V129/><F129/><N who="0" m="49162" /><D109/><U56/><E112/><V68/><F68/><W11/><G3/><T123/><D123/><U55/><E14/><V65/><F7/><W118/><G37/><T93/><D4/><U103/><E103/><V81/><F81/><W0/><G0/><T80/><D15/><N who="2" m="5706" /><F22/><W41/><G41/><T62/><D94/><U79/><E58/><AGARI ba="2,1" hai="19,21,27,58,59,64,65,67,88,95,98" m="5706" machi="58" ten="30,2900,0" yaku="8,1,54,1" doraHai="44" who="2" fromWho="1" sc="250,0,250,-35,250,45,240,0" /><INIT seed="2,3,0,0,0,124" ten="250,215,295,240" oya="2" hai0="60,64,102,0,22,95,135,20,9,59,43,58,36" hai1="114,6,84,57,34,23,94,80,11,38,93,69,133" hai2="109,31,14,88,70,127,68,132,92,101,67,16,32" hai3="27,35,49,40,126,128,39,103,63,71,19,134,76"/><V77/><F127/><W62/><G126/><T73/><D135/><U87/><E69/><V85/><F132/><W46/><G134/><T79/><D36/><U111/><E34/><V21/><F109/><W98/><G76/><T121/><D43/><U108/><E114/><V37/><F37/><W54/><G128/><T78/><D121/><U1/><E38/><V116/><F116/><W24/><G19/><T51/><D0/><U28/><E133/><V53/><F77/><N who="0" m="29194" /><D9/><U41/><E41/><V55/><F101/><W25/><G35/><T104/><D104/><U131/><E131/><V45/><F67/><W130/><G71/><T10/><D10/><U89/><E57/><V66/><F45/><W18/><G18/><T74/><D74/><U99/><E80/><V86/><F86/><W33/><G33/><T5/><D5/><U123/><E123/><V129/><F129/><W75/><G75/><T30/><D30/><U91/><REACH who="1" step="1"/><E99/><REACH who="1" ten="250,205,295,240" step="2"/><V3/><F68/><W115/><G115/><T106/><D73/><U8/><E8/><V17/><F70/><W119/><G130/><T100/><D58/><U26/><AGARI ba="3,1" hai="1,6,11,23,26,28,84,87,89,91,93,94,108,111" machi="26" ten="30,4000,0" yaku="1,1,0,1,9,1,53,0" doraHai="124" doraHaiUra="42" who="1" fromWho="1" sc="250,-13,205,59,295,-23,240,-13" /><INIT seed="3,0,0,0,0,43" ten="237,264,272,227" oya="3" hai0="113,125,66,87,105,67,38,7,95,9,96,123,122" hai1="29,37,4,13,65,16,110,36,24,1,21,45,6" hai2="84,35,130,92,50,81,82,88,120,48,2,44,100" hai3="15,135,57,98,11,75,72,27,104,107,26,68,77"/><W49/><G135/><T134/><D134/><U69/><E110/><V103/><F2/><W102/><G68/><T111/><D111/><U47/><E65/><V116/><F116/><W118/><G118/><T28/><D105/><U83/><E69/><V108/><F108/><W23/><G107/><T22/><D125/><U59/><E59/><V112/><F112/><W46/><G57/><T124/><D124/><U33/><E83/><N who="2" m="31755" /><F35/><W85/><G85/><T109/><D109/><U56/><E56/><V76/><F130/><W3/><G3/><T106/><D106/><U119/><E119/><V127/><F127/><W101/><G101/><N who="2" m="38985" /><F120/><W129/><G129/><T71/><D38/><N who="1" m="14955" /><E4/><V63/><F48/><W133/><G133/><T73/><D113/><U10/><AGARI ba="0,0" hai="1,6,10,13,16,21,24,29,33,45,47" m="14955" machi="10" ten="30,7900,0" yaku="24,1,52,2,54,1" doraHai="43" who="1" fromWho="1" sc="237,-20,264,79,272,-20,227,-39" owari="217,-18.3,343,44.3,252,5.2,188,-31.2" /></mjloggm>