<mjloggm ver="2.3"><GO type="225" lobby="0"/><UN n0="%E3%82%A2%E3%83%BC%E3%83%A2%E3%83%AD%E3%83%BC%E3%83%B4%E3%82%A1" n1="%E3%82%BC%E3%83%AB%E3%83%80%E3%81%AE%E4%BC%9D%E8%AA%AC" n2="%E4%BF%BA%E3%81%A8%E5%A6%96%E5%A4%A2" n3="%E7%89%B9%E6%9D%B1%E3%81%AF%E4%B8%96%E7%95%8C%E3%82%92%E6%95%91%E3%81%86" dan="16,18,17,16" rate="2067.85,2177.07,2140.84,2184.32" sx="M,M,F,M"/><TAIKYOKU oya="0"/><INIT seed="0,0,0,3,1,108" ten="250,250,250,250" oya="0" hai0="83,56,18,22,52,122,93,10,82,7,8,65,91" hai1="31,42,48,92,49,27,36,73,101,109,120,5,117" hai2="58,129,19,116,13,44,30,64,28,105,75,2,131" hai3="135,103,74,38,32,1,123,46,106,84,29,87,104"/><T113/><D122/><U53/><E73/><V100/><F75/><W118/><G74/><T112/><D65/><U90/><E117/><V99/><F2/><W24/><G118/><T79/><D79/><U85/><E109/><V78/><F78/><W110/><G110/><T11/><D7/><U88/><E120/><V63/><F44/><W41/><G1/><T40/><D40/><U80/><E101/><V126/><F126/><W127/><G123/><T130/><D130/><N who="2" m="49674" /><F116/><W121/><G121/><T47/><D47/><N who="1" m="25719" /><E36/><V77/><F77/><W60/><G127/><T134/><D134/><U107/><E107/><V81/><F81/><W39/><G39/><T125/><D125/><U67/><E67/><V14/><F14/><W33/><G33/><T95/><D83/><U23/><E5/><V102/><F102/><W21/><G135/><T6/><D82/><U68/><E68/><V132/><F132/><W98/><G106/><T35/><D35/><U133/><E133/><V62/><F62/><W4/><G4/><T16/><D6/><U96/><E49/><V76/><F76/><W71/><REACH who="3" step="1"/><G21/><AGARI ba="0,0" hai="13,19,21,28,30,58,63,64,99,100,105" m="49674" machi="21" ten="30,1000,0" yaku="19,1" doraHai="108" who="2" fromWho="3" sc="250,0,250,0,250,10,250,-10" /><INIT seed="1,0,0,1,4,66" ten="250,250,260,240" oya="1" hai0="84,72,17,35,118,33,78,112,25,20,13,111,135" hai1="92,21,10,126,54,79,16,100,127,74,62,95,5" hai2="101,8,11,90,124,106,97,109,125,128,122,18,131" hai3="85,38,65,63,114,7,132,42,49,26,75,60,105"/><U64/><E54/><V22/><F122/><W108/><G114/><T67/><D112/><U34/><E34/><V40/><F40/><W120/><G75/><T123/><D118/><U6/><E79/><V80/><F109/><W43/><G120/><T30/><D123/><U119/><E74/><V41/><F41/><W29/><G105/><T24/><D72/><U53/><E53/><V27/><F80/><W14/><G108/><T87/><D111/><U23/><E119/><V104/><F90/><W89/><G38/><T59/><D135/><U88/><E100/><V52/><F52/><W129/><G132/><T102/><D102/><U28/><E28/><V110/><F106/><W58/><G63/><T130/><D130/><N who="2" m="49706" /><F110/><W116/><G116/><T37/><D37/><U91/><E62/><V61/><F61/><W3/><G3/><T57/><D67/><U93/><E64/><V4/><F8/><N who="3" m="4383" /><G49/><T99/><D99/><U70/><E93/><V76/><F76/><W1/><G129/><T31/><REACH who="0" step="1"/><D78/><REACH who="0" ten="240,250,260,240" step="2"/><U77/><E77/><V71/><F97/><W0/><G65/><T121/><D121/><U36/><E36/><V94/><F101/><W2/><G89/><T12/><D12/><U107/><E91/><V113/><F113/><W103/><G103/><T56/><AGARI ba="0,1" hai="13,17,20,24,25,30,31,33,35,56,57,59,84,87" machi="56" ten="30,4000,0" yaku="1,1,0,1,9,1,53,0" doraHai="66" doraHaiUra="44" who="0" fromWho="0" sc="240,50,250,-20,260,-10,240,-10" /><INIT seed="2,0,0,5,2,135" ten="290,230,250,230" oya="2" hai0="77,105,132,59,21,72,92,1,82,103,25,19,46" hai1="15,14,108,37,102,8,44,18,64,56,36,97,23" hai2="84,122,123,49,22,40,9,67,47,24,66,26,73" hai3="81,54,2,83,70,91,118,89,96,104,68,58,16"/><V20/><F73/><W31/><G118/><T106/><D132/><U79/><E108/><V125/><F9/><W7/><G31/><T85/><D1/><U43/><E79/><V61/><F84/><W114/><G114/><T126/><D126/><U45/><E64/><V124/><F61/><W93/><G104/><T60/><D46/><U76/><E76/><V113/><F113/><W121/><G121/><N who="2" m="46089" /><F24/><W107/><G107/><T29/><D19/><U65/><E65/><N who="2" m="24587" /><F26/><W78/><G89/><T87/><D85/><U11/><E56/><V90/><F90/><W10/><G16/><T28/><D28/><U4/><E23/><V6/><F6/><W120/><G120/><T34/><D21/><U116/><E116/><V133/><F133/><W130/><G83/><T30/><D30/><U52/><E37/><V74/><F74/><W32/><G81/><T71/><D72/><U129/><E44/><V35/><F35/><W86/><G78/><T101/><D29/><U0/><E0/><V110/><F110/><W88/><G32/><T13/><D34/><U5/><E18/><V127/><AGARI ba="0,0" hai="20,22,40,47,49,124,125,127" m="24587,46089" machi="127" ten="40,12000,1" yaku="18,1,52,3" doraHai="135" who="2" fromWho="2" sc="290,-40,230,-40,250,120,230,-40" /><INIT seed="2,1,0,2,2,49" ten="250,190,370,190" oya="2" hai0="121,106,34,1,43,5,29,33,9,38,96,48,135" hai1="119,59,97,75,105,118,130,52,127,35,37,123,66" hai2="109,101,71,2,22,21,100,132,95,55,10,77,20" hai3="120,32,99,19,107,42,108,88,89,8,12,72,70"/><V81/><F71/><W54/><G120/><T65/><D121/><U90/><E123/><V98/><F132/><W80/><G32/><T36/><D135/><U23/><E35/><V50/><F109/><W110/><G70/><T74/><D48/><U27/><E75/><V18/><F101/><N who="3" m="62911" /><G42/><T30/><D65/><U91/><E37/><V131/><F131/><W115/><G115/><T83/><D30/><U24/><E66/><V62/><F62/><W116/><G116/><T47/><D29/><U41/><E41/><V129/><F129/><W7/><G7/><T16/><D16/><N who="1" m="12391" /><E27/><V69/><F69/><W126/><G54/><T6/><D6/><U57/><E130/><V28/><F2/><W60/><G60/><T93/><D36/><U4/><E4/><V125/><F125/><W94/><G94/><T76/><D106/><U58/><E127/><V14/><F28/><W84/><G72/><T85/><D85/><U133/><E133/><V82/><REACH who="2" step="1"/><F77/><REACH who="2" ten="250,190,360,190" step="2"/><N who="3" m="46095" /><G126/><T122/><REACH who="0" step="1"/><D122/><REACH who="0" ten="240,190,360,190" step="2"/><U87/><E119/><V11/><F11/><W15/><G108/><T114/><D114/><U104/><E118/><V124/><F124/><W39/><G110/><T117/><D117/><U56/><E105/><V26/><F26/><W63/><G63/><T113/><D113/><U53/><E104/><V68/><F68/><W3/><G8/><T67/><D67/><U134/><E134/><V0/><F0/><W51/><G3/><T31/><D31/><U46/><N who="1" m="14336" /><DORA hai="25" /><U61/><E61/><V86/><F86/><W64/><G64/><T44/><D44/><AGARI ba="1,2" hai="10,14,18,20,21,22,44,50,55,81,82,95,98,100" machi="44" ten="40,7700,0" yaku="1,1,8,1,52,1,53,0" doraHai="49,25" doraHaiUra="103,128" who="2" fromWho="0" sc="240,-80,190,0,360,100,190,0" /><INIT seed="2,2,0,0,4,134" ten="160,190,460,190" oya="2" hai0="43,80,98,65,24,116,18,111,130,66,106,44,85" hai1="36,81,97,40,22,20,17,124,38,51,26,72,28" hai2="114,58,94,76,112,5,27,110,31,120,74,101,92" hai3="64,113,23,93,4,55,9,77,104,115,10,96,37"/><V135/><F120/><W90/><G37/><T105/><D111/><U102/><E124/><V99/><F135/><W12/><G64/><T2/><D130/><U1/><E1/><V132/><F132/><W107/><G77/><T87/><D2/><U50/><E72/><V84/><F74/><W125/><G125/><T129/><D129/><U131/><E131/><V46/><F110/><W133/><G133/><T86/><D116/><U71/><E71/><V100/><F5/><W19/><G55/><T48/><D80/><U119/><E81/><V7/><F7/><W47/><G47/><T89/><D106/><U49/><E40/><V78/><F46/><W122/><G10/><T68/><D68/><U108/><E119/><V15/><F15/><W63/><G63/><T59/><D59/><U69/><E69/><V88/><F101/><W42/><G42/><T91/><D105/><U45/><E45/><V8/><F8/><W61/><G61/><T52/><D43/><U95/><REACH who="1" step="1"/><E108/><REACH who="1" ten="160,180,460,190" step="2"/><V75/><F75/><W103/><G122/><T123/><D123/><U57/><E57/><V73/><F73/><W83/><G83/><T118/><D118/><U13/><AGARI ba="2,1" hai="13,17,20,22,26,28,36,38,49,50,51,95,97,102" machi="13" ten="30,2000,0" yaku="1,1,0,1,53,0" doraHai="134" doraHaiUra="109" who="1" fromWho="1" sc="160,-7,180,36,460,-12,190,-7" /><INIT seed="3,0,0,5,0,31" ten="153,216,448,183" oya="3" hai0="94,131,29,90,8,83,105,18,113,23,11,5,48" hai1="121,61,102,117,119,135,20,25,6,38,50,44,66" hai2="130,45,33,60,70,39,55,124,127,41,133,98,47" hai3="13,35,128,1,93,0,116,65,3,78,32,132,9"/><W91/><G116/><N who="1" m="44618" /><E135/><V54/><F133/><W79/><G65/><T42/><D131/><U75/><E121/><V120/><F120/><W110/><G132/><T115/><D105/><U46/><E75/><V74/><F74/><W122/><G122/><T24/><D83/><U97/><E6/><V134/><F134/><W51/><G128/><T118/><D118/><U12/><E12/><V96/><F33/><W36/><G36/><T2/><D48/><U26/><E38/><V106/><F130/><W103/><G103/><T101/><D42/><N who="1" m="24855" /><E20/><V52/><F45/><W77/><G110/><T49/><D49/><U16/><E16/><V104/><F104/><W10/><G51/><T14/><REACH who="0" step="1"/><D101/><REACH who="0" ten="143,216,448,183" step="2"/><U37/><E46/><V19/><F106/><W129/><G129/><T17/><D17/><U34/><E37/><V56/><F19/><W73/><G73/><T126/><D126/><N who="2" m="48170" /><F70/><W80/><G80/><T63/><D63/><U72/><E61/><V67/><AGARI ba="0,1" hai="39,41,47,52,54,55,56,60,67,96,98" m="48170" machi="67" ten="30,2000,0" yaku="18,1,54,1" doraHai="31" who="2" fromWho="2" sc="143,-5,216,-5,448,30,183,-10" owari="138,-36.2,211,1.1,478,57.8,173,-22.7" /></mjloggm>