<mjloggm ver="2.3"><GO type="225" lobby="0"/><UN n0="%E9%B3%B3%E6%9D%B1%E3%81%AE%E3%81%86%E3%81%95%E3%81%8E%E3%81%95%E3%82%93" n1="%E3%81%BF%E3%81%BF%E3%81%9A" n2="%E3%83%99%E3%83%AB%E3%83%A2%E3%83%83%E3%83%88" n3="%E7%99%BD%E6%97%A5%E9%9B%AA%E8%8F%9C" dan="17,16,16,17" rate="2248.45,2131.84,2107.92,2237.37" sx="M,M,M,M"/><TAIKYOKU oya="0"/><INIT seed="0,0,0,2,2,87" ten="250,250,250,250" oya="0" hai0="119,64,0,103,38,80,20,126,33,130,49,37,97" hai1="100,113,67,106,16,124,112,88,111,30,104,63,95" hai2="35,94,9,58,5,45,82,26,76,2,47,57,8" hai3="90,12,19,71,133,115,108,79,41,72,132,53,40"/><T75/><D119/><U66/><E30/><V14/><F35/><W31/><G115/><N who="1" m="44106" /><E111/><V125/><F26/><W91/><G71/><T98/><D33/><U43/><E100/><V21/><F21/><W32/><G108/><T28/><D0/><U99/><E124/><V77/><F125/><W17/><G53/><T24/><D38/><U42/><E66/><V127/><F127/><W118/><G118/><T7/><D37/><U116/><E116/><V36/><F77/><W18/><G12/><T121/><D103/><U54/><E54/><V86/><F94/><W74/><G79/><T48/><D64/><U129/><E129/><V105/><F105/><N who="1" m="40553" /><E16/><V39/><F36/><W69/><G69/><AGARI ba="0,0" hai="42,43,63,67,69,88,95,99" m="40553,44106" machi="69" ten="30,3900,0" yaku="11,1,52,1,54,1" doraHai="87" who="1" fromWho="3" sc="250,0,250,39,250,0,250,-39" /><INIT seed="1,0,0,2,3,20" ten="250,289,250,211" oya="1" hai0="34,63,131,27,127,112,126,108,10,90,14,72,123" hai1="103,39,29,54,46,11,121,15,132,76,49,38,28" hai2="122,91,85,40,35,120,60,99,55,12,93,26,32" hai3="8,57,2,100,134,51,9,96,98,59,30,89,105"/><U130/><E121/><V36/><F36/><W19/><G134/><T37/><D37/><U74/><E132/><V107/><F40/><W82/><G30/><N who="0" m="19807" /><D72/><U106/><E130/><V69/><F12/><W101/><G2/><T111/><D90/><U84/><E74/><V129/><F129/><W17/><G51/><T81/><D81/><U71/><E71/><V70/><F70/><W6/><G105/><T43/><D43/><U61/><E103/><V68/><F68/><W77/><G89/><T124/><D63/><U114/><E106/><V0/><F0/><W118/><G6/><N who="0" m="3415" /><D131/><U24/><E114/><V117/><F107/><W18/><G18/><T56/><D56/><N who="1" m="34967" /><E39/><V22/><F69/><W73/><G73/><T23/><D123/><U116/><E116/><V88/><F117/><W21/><G21/><T78/><D78/><U3/><E3/><V66/><F66/><W125/><G118/><T83/><D83/><N who="1" m="47207" /><E38/><V58/><F120/><W102/><G102/><T65/><D65/><U16/><E24/><V113/><F122/><W45/><G101/><T95/><D95/><U92/><E92/><V48/><F48/><W75/><G100/><T47/><D112/><U31/><E31/><V64/><F64/><W86/><G75/><T133/><D133/><U62/><E62/><V128/><F113/><W5/><G82/><T97/><D97/><U52/><AGARI ba="0,0" hai="11,15,16,28,29,46,49,52" m="47207,34967" machi="52" ten="30,6000,0" yaku="8,1,54,2" doraHai="20" who="1" fromWho="1" sc="250,-20,289,60,250,-20,211,-20" /><INIT seed="1,1,0,1,2,63" ten="230,349,230,191" oya="1" hai0="118,115,82,99,111,72,37,71,29,84,69,93,83" hai1="106,28,43,17,122,62,44,57,14,92,45,10,59" hai2="21,36,32,15,91,109,133,11,60,129,1,70,126" hai3="18,77,102,49,110,54,86,24,97,52,48,66,87"/><U116/><E106/><V76/><F36/><W33/><G110/><T119/><D37/><U81/><E116/><V13/><F32/><W132/><G132/><T90/><D29/><U73/><E122/><V135/><F109/><W67/><G33/><T23/><D111/><U26/><E92/><V124/><F76/><W4/><G4/><T39/><D39/><U19/><E59/><V114/><F91/><W123/><G123/><T68/><D115/><U2/><E2/><V47/><F47/><N who="3" m="27935" /><G97/><T56/><D23/><U20/><E43/><V55/><F55/><W78/><G102/><T100/><D56/><U113/><E113/><V8/><F114/><W107/><G107/><N who="0" m="63903" /><D82/><U94/><E73/><V42/><F42/><W5/><G5/><T22/><D22/><U50/><E50/><V31/><F60/><W64/><G18/><T85/><D85/><N who="3" m="32265" /><G24/><T16/><D16/><U65/><E81/><V105/><F70/><W88/><G88/><T131/><D119/><U117/><E117/><V95/><F105/><W104/><G104/><T112/><D118/><U121/><E121/><V34/><F34/><W38/><G38/><T134/><D134/><N who="2" m="51210" /><F1/><W12/><G12/><N who="2" m="4681" /><F95/><W101/><G101/><T58/><D112/><U128/><E94/><V127/><F31/><W61/><G61/><T3/><D3/><U27/><E128/><V120/><F21/><AGARI ba="1,0" hai="10,14,17,19,20,21,26,27,28,44,45,57,62,65" machi="21" ten="30,5800,0" yaku="7,1,8,1,52,1" doraHai="63" who="1" fromWho="2" sc="230,0,349,61,230,-61,191,0" /><INIT seed="1,2,0,0,0,76" ten="230,410,169,191" oya="1" hai0="114,95,77,110,94,4,109,86,49,91,120,92,113" hai1="53,30,14,0,41,115,118,18,2,122,13,98,112" hai2="108,75,15,130,25,123,47,58,27,22,33,127,71" hai3="45,67,54,6,82,66,78,60,21,129,16,61,106"/><U59/><E118/><V84/><F75/><W42/><G106/><T119/><D4/><U104/><E122/><V39/><F123/><W48/><G129/><T103/><D120/><U17/><E30/><V128/><F71/><W134/><G6/><T102/><D77/><U26/><E26/><V87/><F127/><W65/><G134/><T36/><D36/><U101/><E41/><V43/><F108/><N who="0" m="41578" /><D49/><U11/><E112/><N who="0" m="43113" /><D119/><U28/><E28/><V37/><F33/><W38/><G38/><T10/><D10/><U125/><E125/><V121/><F37/><W105/><G105/><T29/><D29/><U88/><E115/><V52/><F121/><W1/><G1/><T7/><D7/><U32/><E32/><V50/><F15/><W31/><G31/><T133/><D133/><U20/><REACH who="1" step="1"/><E88/><REACH who="1" ten="230,400,169,191" step="2"/><V79/><F27/><N who="3" m="14759" /><G42/><T97/><D102/><U80/><E80/><AGARI ba="2,1" hai="80,86,91,92,94,95,97,103" m="43113,41578" machi="80" ten="30,7700,0" yaku="14,1,34,2,52,1" doraHai="76" who="0" fromWho="1" sc="230,93,400,-83,169,0,191,0" /><INIT seed="2,0,0,4,2,103" ten="323,317,169,191" oya="2" hai0="87,123,101,62,15,4,21,35,76,131,50,42,32" hai1="16,69,34,121,59,10,108,3,6,125,20,27,58" hai2="97,5,114,126,102,65,129,23,133,44,117,53,132" hai3="91,107,26,118,113,93,74,2,19,75,40,86,37"/><V85/><F117/><W135/><G118/><T11/><D123/><U7/><E69/><V89/><F114/><W128/><G2/><T36/><D36/><U92/><E121/><V99/><F65/><W63/><G113/><T67/><D101/><U88/><E108/><V66/><F66/><W22/><G135/><N who="2" m="51785" /><F5/><W79/><G128/><T119/><D119/><U110/><E110/><V134/><N who="2" m="51793" /><V29/><DORA hai="41" /><F129/><W24/><G24/><T120/><D21/><U0/><E125/><V14/><F126/><W25/><G25/><T68/><D131/><U17/><E17/><N who="2" m="10679" /><F29/><W13/><G26/><T64/><D64/><U33/><E34/><V83/><F102/><W28/><G28/><T127/><D120/><U80/><E33/><V12/><F12/><W1/><G1/><T105/><D127/><U38/><E80/><V56/><F56/><W112/><G13/><T47/><D105/><U45/><E6/><V54/><F54/><W124/><G107/><T72/><D72/><U84/><REACH who="1" step="1"/><E0/><REACH who="1" ten="323,307,169,191" step="2"/><V73/><F73/><W116/><G75/><T109/><D109/><U60/><E60/><V77/><F77/><W115/><G63/><T100/><D100/><U82/><E82/><AGARI ba="0,1" hai="4,11,15,32,35,42,47,50,62,67,68,76,82,87" machi="82" ten="40,5200,0" yaku="25,2,52,1" doraHai="103,41" who="0" fromWho="1" sc="323,62,307,-52,169,0,191,0" /><INIT seed="3,0,0,0,1,109" ten="385,255,169,191" oya="3" hai0="17,131,64,39,104,9,89,46,49,12,125,123,107" hai1="5,92,20,15,34,32,116,1,51,3,87,106,112" hai2="21,14,60,0,37,16,129,119,80,61,67,130,90" hai3="38,134,24,97,135,70,52,100,36,73,83,98,117"/><W31/><G117/><T50/><D123/><U120/><E106/><V133/><F37/><W18/><G70/><T42/><D131/><U86/><E51/><V85/><F0/><W55/><G18/><T47/><D125/><U88/><E120/><V58/><F119/><W105/><G97/><T53/><D64/><U13/><E116/><V22/><F133/><N who="3" m="50699" /><G73/><T7/><D89/><U93/><E20/><V44/><F44/><W43/><G83/><T48/><D48/><U74/><E88/><V94/><F94/><W6/><G6/><T62/><D62/><U57/><E57/><V110/><F110/><W82/><G82/><T118/><D118/><U95/><E95/><V115/><F115/><W10/><G10/><T124/><D124/><U35/><E35/><V23/><REACH who="2" step="1"/><F61/><REACH who="2" ten="385,255,159,191" step="2"/><W54/><G43/><T77/><D77/><U25/><E112/><V33/><F33/><AGARI ba="0,1" hai="24,31,33,36,38,52,54,55,98,100,105" m="50699" machi="33" ten="30,2900,0" yaku="20,1,54,1" doraHai="109" who="3" fromWho="2" sc="385,0,255,0,159,-29,191,39" /><INIT seed="3,1,0,4,5,83" ten="385,255,130,230" oya="3" hai0="32,26,58,120,7,10,13,133,38,53,37,60,87" hai1="78,95,94,114,123,109,101,67,103,122,96,99,0" hai2="44,22,46,77,104,35,106,45,118,115,25,129,36" hai3="89,61,28,63,79,19,74,8,73,50,85,124,113"/><W111/><G113/><T21/><D120/><U108/><E67/><V54/><F118/><W52/><G124/><T2/><D133/><U39/><E0/><V81/><F115/><W131/><G131/><T80/><D32/><U102/><E39/><V27/><F129/><W51/><G28/><T107/><D107/><U18/><E18/><V16/><F36/><W110/><G79/><T88/><D2/><U17/><E17/><AGARI ba="1,0" hai="7,10,13,17,21,26,37,38,53,58,60,80,87,88" machi="17" ten="30,3900,0" yaku="7,1,52,1,54,1" doraHai="83" who="0" fromWho="1" sc="385,42,255,-42,130,0,230,0" owari="427,52.7,213,-18.7,130,-37.0,230,3.0" /></mjloggm>