<mjloggm ver="2.3"><GO type="225" lobby="0"/><UN n0="%E3%81%8B%E3%82%8F%E3%81%A1%E3%82%83%E3%82%93%35%38" n1="%E3%83%97%E3%83%AC%E3%83%B4%E3%82%A1%E3%83%86%E3%82%A3" n2="%E3%81%A0%E3%81%8A" n3="%E3%82%BF%E3%83%BC%E3%83%90%E3%83%B3%E9%87%8E%E5%8F%A3" dan="16,16,16,16" rate="2165.86,2070.71,2041.57,2133.25" sx="M,F,M,M"/><TAIKYOKU oya="0"/><INIT seed="0,0,0,3,2,119" ten="250,250,250,250" oya="0" hai0="18,107,32,44,106,94,37,63,54,96,125,3,40" hai1="82,10,88,29,31,0,85,45,123,122,49,75,116" hai2="11,79,99,91,23,61,89,110,24,84,102,14,1" hai3="111,12,53,124,100,27,43,30,80,47,115,131,117"/><T51/><D125/><U71/><E116/><V104/><F110/><W133/><G115/><T98/><D3/><U70/><E75/><V135/><F135/><W114/><G117/><T62/><D32/><U5/><E31/><V36/><F1/><W120/><G114/><T19/><D106/><U109/><E29/><V20/><F36/><W68/><G68/><T21/><D107/><U130/><E109/><V86/><F61/><W42/><G111/><T78/><D78/><U97/><E130/><V34/><F34/><W103/><G133/><T64/><D63/><U6/><E6/><V112/><F23/><N who="3" m="15743" /><G131/><T38/><D38/><U7/><E7/><V129/><F112/><W87/><G120/><T33/><D33/><U22/><E22/><V90/><F79/><N who="3" m="46495" /><G124/><T77/><D77/><U121/><REACH who="1" step="1"/><E97/><REACH who="1" ten="250,240,250,250" step="2"/><V2/><F129/><W39/><G12/><T16/><D21/><U128/><E128/><V58/><F14/><W127/><G127/><T73/><D73/><U13/><E13/><V15/><F15/><W48/><G39/><T113/><D113/><U65/><E65/><V46/><F2/><W60/><G60/><T93/><D98/><U52/><AGARI ba="0,1" hai="0,5,10,45,49,52,70,71,82,85,88,121,122,123" machi="52" ten="30,12000,2" yaku="1,1,0,1,52,3,54,2,53,0" doraHai="119" doraHaiUra="26" who="1" fromWho="1" sc="250,-60,240,130,250,-30,250,-30" /><INIT seed="1,0,0,2,0,14" ten="190,370,220,220" oya="1" hai0="27,7,13,21,53,12,11,109,17,97,89,2,121" hai1="104,80,5,114,25,59,41,85,32,113,94,44,54" hai2="122,1,134,103,79,26,70,16,38,123,28,91,75" hai3="10,74,82,86,106,19,3,93,51,116,67,0,57"/><U39/><E104/><V33/><F1/><W100/><G106/><T72/><D72/><U45/><E5/><V61/><F38/><W34/><G74/><T87/><D109/><U127/><E127/><V77/><F134/><W83/><G34/><T35/><D121/><U18/><E44/><V105/><F91/><N who="3" m="53495" /><G0/><T130/><D130/><U78/><E94/><V81/><F79/><W8/><G3/><T117/><D117/><U69/><E69/><V43/><F16/><W60/><G100/><T62/><D97/><U63/><REACH who="1" step="1"/><E32/><REACH who="1" ten="190,360,220,220" step="2"/><V66/><REACH who="2" step="1"/><F43/><REACH who="2" ten="190,360,210,220" step="2"/><W23/><G116/><T40/><D40/><U48/><E48/><V110/><F110/><W36/><G51/><T42/><D42/><U119/><E119/><V111/><F111/><W128/><G36/><T49/><D49/><U98/><E98/><AGARI ba="0,2" hai="26,28,33,61,66,70,75,77,81,98,103,105,122,123" machi="98" ten="40,12000,2" yaku="1,1,25,2,23,2,53,1" doraHai="14" doraHaiUra="29" who="2" fromWho="1" sc="190,0,360,-120,210,140,220,0" /><INIT seed="2,0,0,3,3,69" ten="190,240,350,220" oya="2" hai0="57,20,29,121,118,96,86,76,53,14,75,128,130" hai1="65,36,60,50,131,84,0,16,39,55,32,82,92" hai2="98,41,7,88,44,63,37,12,123,46,133,122,19" hai3="30,13,8,21,3,79,11,107,42,73,17,106,70"/><V116/><F116/><W61/><G73/><T109/><D121/><U111/><E32/><V6/><F133/><W64/><G79/><T77/><D75/><U35/><E35/><V10/><F63/><W120/><G120/><T85/><D96/><U83/><E0/><V112/><F112/><W114/><G114/><T94/><D118/><U1/><E1/><V15/><F46/><W134/><G134/><T66/><D66/><U102/><E111/><V48/><F48/><W28/><G3/><T110/><D29/><U93/><E131/><N who="0" m="50217" /><D20/><U108/><E108/><N who="0" m="41577" /><D14/><U113/><E113/><V81/><F12/><W135/><G135/><T49/><D86/><U95/><E102/><V18/><F15/><W71/><G30/><T27/><D27/><U24/><E83/><V117/><F81/><W100/><G71/><T40/><D40/><U103/><E103/><V89/><F41/><W25/><G100/><T43/><D43/><U2/><E2/><V59/><F122/><W31/><G31/><T115/><D115/><U99/><E99/><V127/><F98/><W91/><G42/><T54/><D53/><U105/><E105/><V67/><F123/><W126/><G106/><T52/><D54/><U74/><E74/><V119/><F117/><W33/><G107/><T124/><D124/><U56/><E24/><V101/><F119/><W51/><G126/><T68/><D68/><U62/><E16/><V129/><F18/><W23/><G33/><T104/><D104/><U9/><E9/><V58/><F10/><W5/><G70/><T90/><AGARI ba="0,0" hai="49,52,57,76,77,85,90,94" m="41577,50217" machi="90" ten="40,5200,0" yaku="19,1,14,1,54,1" doraHai="69" who="0" fromWho="0" sc="190,52,240,-13,350,-26,220,-13" /><INIT seed="3,0,0,0,1,119" ten="242,227,324,207" oya="3" hai0="106,98,114,118,70,6,104,71,73,103,40,47,32" hai1="84,28,44,23,82,130,97,52,89,131,99,67,68" hai2="83,17,37,10,61,39,77,88,107,100,31,24,29" hai3="94,111,116,78,48,81,62,96,13,121,53,101,102"/><W22/><G116/><T34/><D118/><U36/><E36/><V33/><F29/><W125/><G125/><T1/><D114/><U64/><E68/><N who="0" m="26153" /><D73/><U46/><E46/><V60/><F88/><N who="3" m="55367" /><G121/><T109/><D109/><U127/><E127/><V126/><F126/><W50/><G111/><T20/><D20/><U72/><E72/><V65/><F37/><W27/><G13/><T110/><D110/><U87/><E87/><V9/><F39/><W113/><G113/><T122/><D122/><U55/><E130/><V3/><F3/><W79/><G62/><T58/><D58/><U132/><E132/><V42/><F61/><W12/><G12/><T35/><D47/><U86/><E86/><V105/><F60/><W4/><G4/><T38/><D40/><U2/><E2/><V135/><F42/><W8/><G8/><N who="0" m="2127" /><D38/><U80/><E131/><V90/><F9/><W95/><G95/><T91/><D91/><U128/><E128/><V41/><F10/><W14/><G14/><T5/><D5/><U123/><E80/><V76/><F83/><W74/><G74/><T69/><N who="0" m="26161" /><T112/><DORA hai="63" /><D112/><U133/><E133/><V18/><F41/><W57/><G50/><T26/><D106/><U21/><E123/><V134/><F105/><W129/><G129/><T56/><D56/><U54/><E44/><V124/><F107/><W92/><G81/><T0/><D0/><U120/><E120/><V43/><F134/><W51/><G51/><T115/><D115/><U19/><E19/><V45/><F135/><W7/><G7/><T85/><D85/><RYUUKYOKU ba="0,0" sc="242,30,227,-10,324,-10,207,-10" hai0="26,32,34,35,98,103,104" owari="272,7.2,217,-18.3,314,41.4,197,-30.3" /></mjloggm>