<mjloggm ver="2.3"><GO type="225" lobby="0"/><UN n0="%E8%BE%9B%E5%8F%A3%E3%82%AB%E3%83%AC%E3%83%BC%E3%83%A9%E3%82%A4%E3%82%B9" n1="%72%69%6F%75%63%68%61%6E" n2="%E3%81%82%E3%81%99%E3%81%AB%E3%82%83%E3%82%80" n3="%E5%B3%B6%E7%94%B0%E7%9C%9F%E5%A4%A2" dan="17,16,16,16" rate="2268.77,2138.77,2091.88,2107.63" sx="M,M,F,F"/><TAIKYOKU oya="0"/><INIT seed="0,0,0,4,0,25" ten="250,250,250,250" oya="0" hai0="97,36,65,26,45,20,46,132,71,13,129,110,59" hai1="60,0,39,107,48,78,52,6,120,86,44,67,8" hai2="117,73,58,102,49,19,24,41,115,121,74,33,83" hai3="95,22,75,32,50,3,21,99,51,43,7,54,63"/><T38/><D71/><U114/><E120/><V93/><F115/><W94/><G75/><T109/><D129/><U53/><E114/><V55/><F121/><W62/><G32/><T90/><D13/><U79/><E107/><V108/><F108/><N who="0" m="41578" /><D65/><U23/><E39/><N who="0" m="14889" /><D59/><U123/><E123/><V125/><F125/><W10/><G3/><T61/><D61/><U133/><E133/><V68/><F68/><W56/><G63/><T16/><D132/><U112/><E112/><V103/><F117/><W128/><G62/><T35/><D35/><U5/><E5/><V81/><F33/><W72/><G50/><T84/><D97/><U98/><E98/><V88/><F41/><W122/><G99/><T116/><D116/><U135/><E135/><V96/><F24/><W92/><G51/><T17/><D17/><U9/><E53/><V40/><F19/><W101/><G43/><T118/><D118/><U85/><E9/><V126/><F40/><W37/><G56/><T105/><D105/><U106/><E106/><V4/><F4/><W119/><G37/><T30/><D30/><U76/><REACH who="1" step="1"/><E23/><REACH who="1" ten="250,240,250,250" step="2"/><V57/><F55/><W29/><G122/><T100/><D100/><U2/><E2/><V28/><F103/><W131/><G101/><T14/><D26/><U80/><E80/><AGARI ba="0,1" hai="14,16,20,45,46,80,84,90" m="14889,41578" machi="80" ten="30,5800,0" yaku="14,1,10,1,54,1" doraHai="25" who="0" fromWho="1" sc="250,68,240,-58,250,0,250,0" /><INIT seed="0,1,0,2,2,49" ten="318,182,250,250" oya="0" hai0="51,31,8,71,47,73,0,124,81,117,40,132,5" hai1="41,76,135,57,24,70,36,125,34,65,80,84,114" hai2="129,94,59,91,43,28,118,54,1,55,19,21,105" hai3="33,18,79,42,103,69,121,56,102,97,108,123,39"/><T104/><D117/><U82/><E125/><V37/><F105/><W127/><G69/><T7/><D124/><U112/><E135/><V120/><F120/><W78/><G33/><T60/><D132/><U52/><E70/><V126/><F126/><W11/><G102/><T50/><D104/><U95/><E65/><V90/><F1/><W32/><G32/><T131/><D7/><U93/><E41/><V92/><F129/><W48/><G39/><N who="0" m="21919" /><D31/><N who="1" m="19815" /><E80/><V99/><F118/><W17/><G127/><T110/><D131/><U74/><E74/><V128/><F128/><W75/><G75/><T130/><D130/><U67/><E67/><V101/><F37/><W38/><G38/><T9/><D9/><U64/><E64/><V44/><F28/><W45/><G11/><T2/><D2/><U12/><E12/><V107/><F107/><W3/><G3/><T46/><D71/><U133/><E133/><V89/><F43/><W111/><G18/><T119/><D119/><U86/><E86/><V23/><F44/><W109/><G17/><T35/><D46/><U20/><E20/><N who="2" m="7755" /><F19/><W27/><G27/><T106/><D35/><U15/><E15/><V116/><F116/><W30/><G30/><T58/><D106/><U98/><E36/><V113/><F113/><N who="1" m="43625" /><E98/><N who="2" m="59591" /><F59/><W77/><G56/><T85/><D58/><U68/><E68/><V88/><AGARI ba="1,0" hai="54,55,88,89,90,91,94,99" m="59591,7755" machi="88" ten="30,7900,0" yaku="8,1,52,2,54,1" doraHai="49" who="2" fromWho="2" sc="318,-40,182,-21,250,82,250,-21" /><INIT seed="1,0,0,0,3,74" ten="278,161,332,229" oya="1" hai0="29,48,90,52,109,45,63,13,82,107,126,129,16" hai1="104,130,51,76,106,73,31,17,12,83,119,112,66" hai2="99,78,105,116,56,110,15,132,86,113,58,30,28" hai3="33,50,43,120,128,84,96,121,7,37,3,115,91"/><U27/><E112/><V47/><F110/><W8/><G115/><T10/><D107/><U80/><E119/><V71/><F71/><W64/><G33/><T49/><D109/><U14/><E130/><V5/><F116/><W0/><G128/><T98/><D129/><U62/><E51/><V125/><F113/><W60/><G37/><T102/><D126/><U111/><E111/><V65/><F125/><W57/><G96/><T34/><D34/><U97/><E83/><N who="2" m="47479" /><F105/><W55/><G43/><T53/><D29/><N who="2" m="11370" /><F65/><W70/><REACH who="3" step="1"/><G3/><REACH who="3" ten="278,161,332,219" step="2"/><T81/><D98/><U26/><E97/><V89/><F132/><W67/><G67/><T95/><D102/><U135/><E135/><V24/><F99/><W69/><G69/><T19/><D53/><U25/><E31/><V22/><F22/><W42/><G42/><T72/><D52/><U101/><E101/><V41/><F41/><W124/><G124/><T4/><D10/><U59/><REACH who="1" step="1"/><E12/><REACH who="1" ten="278,151,332,219" step="2"/><V2/><F15/><W1/><G1/><T61/><D13/><U87/><E87/><V68/><F2/><W35/><G35/><T36/><D36/><U94/><E94/><AGARI ba="0,2" hai="0,7,8,50,55,57,60,64,70,84,91,94,120,121" machi="94" ten="30,2000,0" yaku="1,1,7,1,53,0" doraHai="74" doraHaiUra="114" who="3" fromWho="1" sc="278,0,151,-20,332,0,219,40" /><INIT seed="2,0,0,3,1,52" ten="278,131,332,259" oya="2" hai0="40,79,8,23,28,74,58,134,56,89,7,116,2" hai1="20,34,80,128,17,21,3,71,60,119,16,50,42" hai2="25,43,99,31,124,87,110,86,120,30,59,47,121" hai3="1,126,98,81,88,112,12,77,94,5,122,44,76"/><V54/><F124/><W51/><G122/><T135/><D40/><U95/><E119/><V69/><F69/><W113/><G1/><T93/><D116/><U15/><E128/><V108/><F99/><W6/><G126/><T37/><D37/><U111/><E111/><N who="2" m="42539" /><F86/><W123/><G123/><N who="2" m="47177" /><F25/><W62/><G62/><T63/><D79/><U66/><E3/><V0/><F87/><W73/><G77/><T127/><D74/><U82/><E34/><V49/><F0/><W65/><G65/><T107/><D63/><AGARI ba="0,0" hai="30,31,43,47,49,54,59,63" m="47177,42539" machi="63" ten="30,5800,0" yaku="14,1,10,1,52,1" doraHai="52" who="2" fromWho="0" sc="278,-58,131,0,332,58,259,0" /><INIT seed="2,1,0,1,5,82" ten="220,131,390,259" oya="2" hai0="52,62,0,57,13,70,132,111,36,83,65,14,7" hai1="5,39,105,133,64,88,89,129,113,26,96,56,69" hai2="101,50,68,45,104,60,126,84,92,10,58,32,21" hai3="128,40,76,55,30,63,103,112,44,71,38,67,121"/><V99/><F32/><W95/><G121/><T22/><D36/><U87/><E113/><V108/><F126/><W66/><G128/><T2/><D111/><U120/><E69/><V85/><F68/><W98/><G76/><T91/><D132/><U130/><E133/><V135/><F135/><W106/><G112/><T48/><D7/><U131/><E120/><V34/><F34/><W123/><G123/><T9/><D22/><U107/><E39/><V51/><F108/><W59/><G30/><T23/><D23/><U11/><E26/><V110/><F104/><N who="1" m="40009" /><E96/><V24/><F10/><W61/><REACH who="3" step="1"/><G106/><REACH who="3" ten="220,131,390,249" step="2"/><T41/><D41/><U27/><E27/><V16/><F110/><W93/><G93/><T119/><D119/><U53/><E64/><AGARI ba="1,1" hai="38,40,44,55,59,61,63,64,66,67,71,95,98,103" machi="64" ten="40,1300,0" yaku="1,1,53,0" doraHai="82" doraHaiUra="116" who="3" fromWho="1" sc="220,0,131,-16,390,0,249,26" /><INIT seed="3,0,0,0,5,88" ten="220,115,390,275" oya="3" hai0="37,64,97,44,14,21,43,91,102,6,108,81,76" hai1="106,66,94,125,45,85,54,131,128,3,2,101,127" hai2="9,103,55,29,15,121,83,59,57,12,135,119,72" hai3="35,50,38,49,126,111,82,41,129,13,10,68,80"/><W107/><G107/><T61/><D108/><U5/><E66/><V75/><F119/><W99/><G68/><T30/><D6/><U120/><E106/><V31/><F103/><W118/><G35/><T100/><D91/><U77/><E120/><V20/><F20/><W67/><G67/><T86/><D97/><U60/><E5/><V40/><F55/><W89/><G38/><T134/><D134/><U4/><E4/><V98/><F98/><W39/><G39/><T96/><D96/><N who="1" m="59543" /><E77/><V24/><F83/><W47/><G80/><T84/><D84/><U114/><E114/><V73/><F24/><W51/><G82/><T92/><D64/><U93/><E45/><V105/><F9/><W58/><G10/><T11/><D44/><U78/><E78/><V130/><F72/><W87/><G47/><T1/><D76/><U33/><E33/><V32/><F32/><W17/><G111/><T90/><D1/><U116/><E116/><V56/><F56/><W8/><G58/><T26/><D37/><U16/><E60/><V69/><F105/><W109/><G109/><T74/><D61/><U133/><E54/><V22/><F69/><W52/><G52/><T62/><D62/><U36/><E36/><V18/><F59/><W23/><G118/><T34/><D34/><U19/><E133/><V42/><F57/><W63/><G63/><T53/><D53/><U71/><E71/><V122/><F135/><W7/><G7/><T0/><D74/><U110/><E2/><V113/><F122/><W104/><G104/><T124/><D0/><U117/><E3/><RYUUKYOKU ba="0,0" sc="220,0,115,0,390,0,275,0" owari="220,-18.0,115,-38.5,390,49.0,275,7.5" /></mjloggm>