<mjloggm ver="2.3"><GO type="225" lobby="0"/><UN n0="%72%69%6F%75%63%68%61%6E" n1="%41%6F%54" n2="%E6%B8%A9%E2%98%85%E6%83%85%E2%98%85%E6%8E%AA%E2%98%85%E7%BD%AE" n3="%E5%8D%A0%E3%81%84%E5%B8%AB%E8%A3%8F%E3%81%AA%E3%81%84%E3%81%97" dan="16,16,17,17" rate="2193.78,2046.87,2129.96,2182.71" sx="M,M,M,M"/><TAIKYOKU oya="0"/><INIT seed="0,0,0,4,5,106" ten="250,250,250,250" oya="0" hai0="48,21,135,26,5,1,7,92,0,99,133,120,86" hai1="77,74,114,95,121,53,107,17,131,3,33,108,89" hai2="44,22,111,91,9,8,2,82,14,134,46,73,24" hai3="47,52,83,90,97,68,101,39,34,116,113,125,10"/><T16/><D120/><U15/><E121/><V122/><F122/><W13/><G113/><T84/><D5/><U28/><E3/><N who="0" m="1097" /><D7/><U55/><E107/><V23/><F2/><W128/><G34/><T4/><D4/><U29/><E114/><V115/><F91/><W130/><G68/><T94/><D48/><U12/><E12/><V93/><F93/><N who="0" m="35946" /><D99/><U20/><E89/><V11/><F115/><W71/><G125/><T126/><D126/><U70/><E70/><V118/><F9/><W79/><G71/><T25/><D26/><U100/><E95/><V117/><F24/><W51/><G39/><T65/><D65/><U27/><E27/><V40/><F14/><W96/><G116/><T49/><D49/><U56/><E15/><V78/><F11/><W104/><G97/><T30/><D30/><U119/><E28/><V98/><F8/><W35/><G35/><T36/><D36/><U31/><E29/><V110/><F98/><W76/><G76/><T59/><D59/><U6/><E31/><V63/><F118/><W88/><G90/><T124/><D124/><U72/><E77/><V62/><F117/><W123/><G123/><T58/><D58/><U69/><E119/><V85/><F78/><W105/><G105/><T37/><D37/><U64/><E33/><V112/><F112/><W42/><G88/><T45/><D45/><U61/><E69/><V57/><F46/><W50/><G50/><T75/><D75/><U66/><E74/><V103/><F44/><W67/><G47/><T127/><D127/><U102/><E72/><V60/><F73/><RYUUKYOKU ba="0,0" sc="250,30,250,-10,250,-10,250,-10" hai0="16,21,25,84,86,133,135" /><INIT seed="0,1,0,1,1,51" ten="280,240,240,240" oya="0" hai0="126,115,124,76,61,99,113,112,17,116,92,53,128" hai1="7,129,105,35,33,46,107,80,122,133,91,56,57" hai2="14,93,104,45,37,102,77,41,79,19,78,58,31" hai3="63,49,81,47,125,90,32,72,130,39,121,4,85"/><T25/><D116/><U36/><E122/><V68/><F68/><W21/><G121/><T95/><D128/><U54/><E7/><V26/><F104/><W100/><G32/><T12/><D76/><U30/><E80/><V106/><F106/><W16/><G130/><T114/><D25/><U120/><E91/><V44/><F58/><W123/><G39/><T6/><D6/><U131/><E46/><V82/><F45/><W71/><G125/><N who="0" m="48235" /><D99/><U29/><E120/><V75/><F93/><W15/><G72/><T86/><D86/><U134/><REACH who="1" step="1"/><E36/><REACH who="1" ten="280,230,240,240" step="2"/><V3/><F3/><W66/><G123/><T59/><D112/><U132/><E132/><V23/><REACH who="2" step="1"/><F102/><REACH who="2" ten="280,230,230,240" step="2"/><W109/><G100/><T96/><D96/><U97/><E97/><V22/><AGARI ba="1,2" hai="14,19,22,23,26,31,37,41,44,75,77,78,79,82" machi="22" ten="20,5200,0" yaku="1,1,2,1,0,1,7,1,53,0" doraHai="51" doraHaiUra="89" who="2" fromWho="2" sc="280,-27,230,-14,230,75,240,-14" /><INIT seed="1,0,0,0,0,6" ten="253,216,305,226" oya="1" hai0="52,75,36,21,87,44,60,42,102,118,59,85,16" hai1="130,0,129,1,73,135,121,122,133,26,4,80,123" hai2="65,93,34,56,12,29,128,134,25,95,17,74,125" hai3="11,43,46,84,50,51,20,18,22,127,88,38,115"/><U64/><E64/><V82/><F128/><N who="1" m="49257" /><E80/><V97/><F125/><W119/><G115/><T96/><D118/><U100/><E100/><V33/><F33/><W55/><G127/><T9/><D75/><U47/><E47/><V79/><F134/><N who="1" m="51209" /><E73/><V94/><F56/><W70/><G70/><T109/><D9/><N who="1" m="2183" /><E26/><V69/><F65/><W117/><G117/><T116/><D109/><U19/><E19/><V126/><F126/><W10/><G119/><T101/><D116/><U66/><E66/><V113/><F69/><W30/><G38/><T114/><D114/><U107/><E107/><V14/><F113/><W2/><G2/><AGARI ba="0,0" hai="1,2,121,122,123" m="2183,51209,49257" machi="2" ten="40,18000,2" yaku="19,1,20,1,23,1,34,2,52,1" doraHai="6" who="1" fromWho="3" sc="253,0,216,180,305,0,226,-180" /><INIT seed="1,1,0,1,2,53" ten="253,396,305,46" oya="1" hai0="110,4,64,120,3,67,58,127,128,119,83,22,37" hai1="71,102,126,42,35,26,13,27,74,24,131,118,55" hai2="72,21,116,7,100,93,80,106,61,114,25,99,16" hai3="130,48,88,34,109,23,54,12,6,135,59,95,115"/><U38/><E118/><V47/><F116/><W65/><G115/><T101/><D119/><U1/><E1/><V122/><F114/><W73/><G109/><T45/><D110/><U30/><E74/><V132/><F122/><W98/><G34/><T79/><D120/><U77/><E77/><V60/><F132/><W94/><G135/><T75/><D127/><U134/><E71/><V121/><F121/><W113/><G73/><T15/><D128/><U9/><E131/><V66/><F7/><W29/><G130/><T96/><D15/><U85/><E85/><V41/><F106/><W56/><G113/><T17/><D17/><U18/><E126/><V70/><F61/><N who="3" m="38055" /><G95/><T125/><D22/><U92/><E42/><V111/><F111/><W20/><G29/><T107/><D125/><U69/><E69/><V52/><F72/><W76/><G76/><T31/><D31/><U91/><E38/><V46/><F80/><W57/><G57/><T50/><D58/><U105/><E134/><V5/><F5/><W51/><G51/><T43/><REACH who="0" step="1"/><D50/><REACH who="0" ten="243,396,305,46" step="2"/><U62/><E30/><V89/><F70/><W123/><G123/><T82/><D82/><U86/><E35/><V2/><F2/><W103/><G103/><T44/><D44/><U78/><E102/><V14/><F100/><W40/><G40/><T87/><D87/><U90/><E86/><V33/><F41/><W39/><G39/><T19/><D19/><U108/><E18/><V129/><F129/><W28/><G28/><T32/><D32/><U36/><E108/><V112/><F112/><W97/><G97/><RYUUKYOKU ba="1,1" sc="243,15,396,-15,305,-15,46,15" hai0="3,4,37,43,45,64,67,75,79,83,96,101,107" hai3="6,12,20,23,48,54,59,88,94,98" /><INIT seed="2,2,1,3,4,18" ten="258,381,290,61" oya="2" hai0="79,37,33,26,81,127,19,103,55,31,101,27,109" hai1="30,70,12,34,59,67,72,130,131,24,54,75,74" hai2="95,25,83,56,94,29,126,36,80,10,91,13,78" hai3="135,89,85,20,86,96,48,122,99,4,45,17,97"/><V133/><F133/><W2/><G122/><T129/><D109/><U32/><E12/><V112/><F112/><W108/><G108/><T46/><D127/><U53/><E34/><V128/><F126/><W76/><G135/><T69/><D69/><U123/><E123/><V125/><F125/><W50/><G2/><T111/><D111/><U22/><E32/><V23/><F36/><W60/><G4/><T1/><D129/><N who="1" m="49163" /><E70/><V115/><F115/><W52/><G76/><T9/><D26/><U21/><E21/><V84/><F56/><W47/><G60/><AGARI ba="2,1" hai="22,24,30,53,54,59,60,67,72,74,75" m="49163" machi="60" ten="40,2600,0" yaku="19,1,52,1" doraHai="18" who="1" fromWho="3" sc="258,0,381,42,290,0,61,-32" /><INIT seed="3,0,0,3,5,23" ten="258,423,290,29" oya="3" hai0="60,37,69,128,22,64,76,123,62,96,66,3,61" hai1="15,1,17,124,131,134,11,80,63,115,107,75,35" hai2="130,5,78,114,85,71,120,27,88,70,6,38,54" hai3="19,13,45,106,132,9,91,112,40,81,56,74,18"/><W49/><G112/><T126/><D123/><U90/><E107/><V105/><F105/><W89/><G106/><T77/><D3/><U133/><E35/><V50/><F38/><W103/><G132/><T135/><D135/><U117/><E115/><V14/><F114/><W47/><G103/><T44/><D126/><U127/><E131/><V108/><F130/><W28/><G28/><T113/><D128/><U68/><E1/><V102/><F102/><W72/><G72/><T84/><D113/><U21/><E11/><V118/><F118/><W43/><G56/><T73/><D73/><U33/><E33/><V42/><F42/><W109/><G109/><T97/><D22/><U0/><E0/><V116/><F78/><W57/><G57/><T12/><D12/><U46/><E46/><V110/><F27/><W36/><REACH who="3" step="1"/><G18/><REACH who="3" ten="258,423,290,19" step="2"/><T52/><D64/><U32/><E17/><V94/><F110/><W58/><G58/><T79/><D66/><U20/><E75/><V2/><F108/><W34/><G34/><T59/><D59/><U125/><E32/><V41/><F71/><W31/><G31/><T16/><D69/><U119/><E68/><V111/><F70/><W101/><G101/><T30/><D30/><U39/><E127/><V25/><F111/><W122/><G122/><T95/><D16/><U98/><E134/><V4/><F120/><W87/><G87/><T65/><D65/><U67/><E133/><V93/><F85/><W55/><G55/><T48/><D37/><U53/><E125/><V100/><F100/><W99/><G99/><N who="0" m="37963" /><D84/><U86/><E124/><RYUUKYOKU ba="0,1" sc="258,15,423,-15,290,-15,19,15" hai0="44,48,52,60,61,62,76,77,79,95" hai3="9,13,19,36,40,43,45,47,49,74,81,89,91" /><INIT seed="3,1,1,2,2,57" ten="273,408,275,34" oya="3" hai0="9,100,37,26,5,47,17,38,25,32,117,75,124" hai1="28,120,43,115,71,68,35,67,129,70,108,119,36" hai2="114,22,131,30,14,111,116,83,18,122,39,79,134" hai3="54,31,58,60,125,102,52,82,121,132,16,73,0"/><W74/><G121/><T72/><D117/><U96/><E120/><V97/><F116/><W107/><G0/><N who="0" m="167" /><D17/><U7/><E119/><V8/><F122/><W4/><G4/><T95/><D95/><U130/><E115/><V128/><F114/><W29/><G132/><T12/><D12/><U62/><E108/><V53/><F39/><N who="0" m="14858" /><D25/><N who="1" m="18831" /><E7/><V40/><F40/><W19/><G125/><T41/><D124/><U33/><E96/><V101/><F111/><W76/><G74/><T6/><D6/><U98/><E98/><V109/><F53/><W123/><G123/><T61/><D100/><U64/><E33/><V112/><F134/><W2/><G2/><T135/><D135/><U105/><E105/><N who="2" m="63663" /><F112/><W85/><G73/><T92/><D92/><U93/><E93/><V104/><F104/><W51/><G102/><T56/><D56/><U84/><E84/><N who="2" m="48255" /><F30/><N who="3" m="11275" /><G107/><T50/><D26/><U13/><E13/><V20/><F109/><W63/><G54/><T49/><D32/><U106/><E106/><V48/><F48/><W91/><G91/><T78/><D50/><U46/><E71/><V103/><F103/><W77/><G77/><T99/><D99/><U24/><E24/><V88/><F88/><W23/><G19/><T113/><D113/><U87/><E87/><V44/><F44/><W42/><G42/><T15/><D15/><AGARI ba="1,1" hai="15,16,23,51,52,58,60,63,76,82,85" m="11275" machi="15" ten="30,12000,1" yaku="8,1,52,2,54,2" doraHai="57" who="3" fromWho="0" sc="273,-123,408,0,275,0,34,133" /><INIT seed="3,2,0,5,1,97" ten="150,408,275,167" oya="3" hai0="111,76,5,109,59,46,25,122,81,77,0,14,69" hai1="128,131,41,36,39,118,60,1,115,79,70,89,83" hai2="120,113,63,58,73,57,52,124,68,130,102,12,56" hai3="55,72,93,3,19,53,61,123,16,38,37,104,108"/><W125/><G123/><T112/><D122/><U114/><E118/><V67/><F120/><W13/><G104/><T107/><D69/><U21/><E1/><V96/><F113/><W29/><G3/><T103/><D112/><U92/><E21/><V74/><F130/><N who="1" m="49705" /><E60/><V2/><F2/><W33/><G125/><T119/><D119/><U65/><E65/><V106/><F124/><W22/><G72/><T110/><D0/><U7/><E7/><V86/><F86/><W126/><G126/><T134/><D134/><U44/><E70/><V62/><F12/><W35/><G61/><T105/><D25/><U4/><E4/><V75/><AGARI ba="2,0" hai="52,56,57,58,62,63,67,68,73,74,75,96,102,106" machi="75" ten="30,4000,0" yaku="0,1,52,1,54,1" doraHai="97" who="2" fromWho="2" sc="150,-12,408,-12,275,46,167,-22" owari="138,-36.2,396,49.6,321,12.1,145,-25.5" /></mjloggm>