<mjloggm ver="2.3"><GO type="225" lobby="0"/><UN n0="%72%69%6F%75%63%68%61%6E" n1="%E9%AD%9A%E8%B0%B7%E4%BE%91%E7%BE%8E" n2="%E3%81%B5%E3%81%98%E3%81%8B%E3%81%A4" n3="%E6%A0%B9%E5%85%83%E3%81%8B%E3%82%89%E5%90%B9%E3%81%A3%E9%A3%9B%E3%81%B6" dan="16,17,16,17" rate="2263.49,2138.75,2149.39,2152.96" sx="M,M,M,F"/><TAIKYOKU oya="0"/><INIT seed="0,0,0,1,2,123" ten="250,250,250,250" oya="0" hai0="116,77,0,41,87,11,46,20,108,133,28,12,79" hai1="43,48,17,26,90,59,101,49,75,39,73,52,94" hai2="107,16,37,74,114,8,38,21,80,127,98,22,88" hai3="13,4,83,64,63,113,119,61,68,89,128,35,29"/><T97/><D108/><U84/><E39/><V105/><F114/><W67/><G113/><T30/><D116/><U110/><E110/><V50/><F127/><W100/><G128/><T106/><D133/><U45/><REACH who="1" step="1"/><E101/><REACH who="1" ten="250,240,250,250" step="2"/><V5/><F38/><W135/><G100/><T111/><D111/><U76/><E76/><V47/><F37/><W24/><G135/><T70/><D77/><U132/><E132/><V95/><F107/><W109/><G109/><T25/><D79/><U129/><E129/><V51/><F105/><W18/><G119/><T65/><D106/><U66/><E66/><V14/><F74/><W55/><G67/><T23/><D65/><U121/><E121/><V104/><F104/><W130/><G64/><T117/><D117/><U27/><E27/><N who="2" m="14759" /><F22/><AGARI ba="0,1" hai="17,22,26,43,45,48,49,52,59,73,75,84,90,94" machi="22" ten="40,2600,0" yaku="1,1,54,1,53,0" doraHai="123" doraHaiUra="57" who="1" fromWho="2" sc="250,0,240,36,250,-26,250,0" /><INIT seed="1,0,0,3,0,60" ten="250,276,224,250" oya="1" hai0="101,35,67,25,47,31,17,18,87,22,130,121,129" hai1="113,32,6,135,10,26,126,116,9,114,88,40,61" hai2="80,19,81,48,92,44,118,79,110,125,53,104,115" hai3="99,30,8,59,91,43,0,98,106,51,63,86,89"/><U28/><E116/><V103/><F118/><W42/><G30/><T112/><D112/><U77/><E126/><V133/><F115/><W134/><G134/><T23/><D101/><U69/><E135/><V55/><F133/><W70/><G70/><T94/><D47/><U4/><E77/><V131/><F125/><W75/><G75/><T39/><D39/><U15/><E40/><V24/><F131/><N who="0" m="50186" /><D121/><U96/><E88/><V105/><F110/><W38/><G38/><T127/><BYE who="3" /><D127/><U34/><E96/><N who="2" m="59783" /><F104/><UN n3="%E6%A0%B9%E5%85%83%E3%81%8B%E3%82%89%E5%90%B9%E3%81%A3%E9%A3%9B%E3%81%B6" /><W52/><G106/><T49/><D49/><U73/><E73/><V109/><F105/><W58/><G0/><T66/><D35/><U16/><E34/><V57/><F109/><W12/><G98/><T122/><D122/><U65/><E6/><V68/><F68/><W124/><G99/><T102/><D102/><U1/><AGARI ba="0,0" hai="1,4,9,10,15,16,26,28,32,61,65,69,113,114" machi="1" ten="20,7800,0" yaku="0,1,7,1,52,1,54,1" doraHai="60" who="1" fromWho="1" sc="250,-26,276,78,224,-26,250,-26" /><INIT seed="1,1,0,4,1,45" ten="224,354,198,224" oya="1" hai0="39,81,72,37,95,59,58,56,0,128,129,2,24" hai1="127,121,104,54,71,64,7,82,133,34,80,73,98" hai2="6,111,100,91,123,51,21,75,48,118,87,25,23" hai3="61,13,83,41,102,74,16,67,76,101,40,47,122"/><U14/><E121/><V66/><F123/><W116/><G116/><T52/><D24/><U62/><E127/><V77/><F118/><W93/><G93/><T68/><D68/><U107/><E133/><V89/><F100/><W42/><G122/><T19/><D19/><U92/><E34/><V43/><F75/><W96/><G96/><T8/><D95/><U135/><E135/><V31/><F43/><W49/><G102/><T69/><D69/><U44/><E104/><V11/><F66/><W88/><G88/><N who="2" m="33865" /><F21/><W106/><G101/><T109/><D109/><U108/><E107/><V70/><F70/><W5/><G5/><T20/><D20/><U131/><E131/><N who="0" m="50249" /><D8/><N who="1" m="4383" /><E71/><V28/><F28/><W10/><G106/><T46/><D81/><U22/><E22/><V32/><F32/><W130/><G130/><T94/><D94/><U112/><E108/><V18/><F6/><W15/><REACH who="3" step="1"/><G13/><REACH who="3" ten="224,354,198,214" step="2"/><T27/><D0/><U86/><E92/><V17/><F111/><W120/><G120/><T65/><D2/><U26/><E98/><V33/><F33/><W90/><G90/><T63/><D72/><U115/><E73/><V124/><F124/><W3/><G3/><T114/><D114/><U50/><E112/><V105/><F105/><W12/><G12/><T84/><D84/><U97/><E115/><V85/><F85/><W60/><G60/><T103/><D103/><U55/><E97/><V132/><F132/><W4/><G4/><T113/><D113/><U78/><E86/><V35/><F35/><W9/><G9/><T36/><D27/><U125/><E26/><RYUUKYOKU ba="1,1" sc="224,15,354,-15,198,-15,214,15" hai0="36,37,39,46,52,56,58,59,63,65" hai3="10,15,16,40,41,42,47,49,61,67,74,76,83" /><INIT seed="2,2,1,5,3,128" ten="239,339,183,229" oya="2" hai0="22,50,95,120,135,17,25,115,51,44,18,64,126" hai1="54,46,4,56,107,133,127,53,16,37,47,5,8" hai2="59,2,30,109,116,66,99,102,87,68,72,103,26" hai3="32,100,77,65,96,73,40,42,31,119,121,36,122"/><V111/><F116/><W79/><G119/><T12/><D135/><U35/><E35/><V52/><F72/><W48/><G65/><T67/><D115/><U21/><E107/><V61/><F2/><W113/><G113/><T23/><D120/><U49/><E133/><V0/><F0/><W89/><G89/><T123/><D123/><U97/><E127/><V69/><F87/><W14/><G14/><T94/><D126/><U125/><E125/><V83/><F83/><W1/><G1/><T38/><D38/><U91/><E8/><V86/><F86/><W130/><G48/><T29/><D51/><N who="1" m="28919" /><E37/><V78/><F78/><W3/><G3/><T45/><D45/><U63/><E91/><V9/><F9/><W118/><G118/><T58/><D18/><U105/><E105/><N who="2" m="63711" /><F103/><W6/><G130/><T33/><D33/><U19/><E97/><V13/><F13/><W106/><G73/><T60/><REACH who="0" step="1"/><D64/><REACH who="0" ten="229,339,183,229" step="2"/><N who="1" m="39015" /><E19/><V57/><F66/><W24/><G122/><T98/><D98/><U10/><E10/><V15/><F59/><W114/><G121/><T11/><D11/><U110/><E110/><N who="2" m="41995" /><F15/><AGARI ba="2,2" hai="4,5,15,16,21,47,49,54" m="39015,28919" machi="15" ten="30,2000,0" yaku="8,1,54,1" doraHai="128" who="1" fromWho="2" sc="229,0,339,46,183,-26,229,0" /><INIT seed="3,0,0,5,2,45" ten="229,385,157,229" oya="3" hai0="33,51,17,92,28,67,105,91,2,12,43,58,121" hai1="113,54,36,5,20,97,83,108,129,26,78,47,53" hai2="10,116,7,118,38,65,6,68,82,123,11,9,90" hai3="124,109,59,15,49,32,75,60,102,4,119,94,120"/><W99/><G119/><N who="2" m="45609" /><F65/><N who="3" m="39071" /><G75/><T46/><D121/><U21/><E113/><V76/><F68/><W79/><G32/><T66/><D2/><U87/><E108/><V106/><F38/><W39/><G120/><T127/><D127/><U24/><E129/><V0/><F106/><W133/><G39/><T56/><D105/><U22/><E5/><N who="2" m="1547" /><F76/><W107/><G124/><T40/><D40/><U74/><E74/><V115/><F82/><W125/><G125/><T50/><D28/><U57/><E97/><V64/><F64/><N who="0" m="24618" /><D33/><U13/><E13/><V110/><F90/><W23/><G107/><T89/><D51/><N who="1" m="28927" /><E36/><V134/><F123/><W117/><G109/><T81/><D81/><U34/><E34/><V130/><F110/><W95/><G49/><AGARI ba="0,0" hai="20,21,22,24,26,49,54,57,78,83,87" m="28927" machi="49" ten="30,3900,0" yaku="8,1,52,2" doraHai="45" who="1" fromWho="3" sc="229,0,385,39,157,0,229,-39" owari="229,2.9,424,52.4,157,-34.3,190,-21.0" /></mjloggm>