<mjloggm ver="2.3"><GO type="225" lobby="0"/><UN n0="%E3%81%BF%E3%81%BF%E3%81%9A" n1="%E6%A1%9C%E8%8A%B1%E9%96%83%E3%80%85" n2="%E9%B3%B3%E6%9D%B1%E3%81%AE%E3%81%86%E3%81%95%E3%81%8E%E3%81%95%E3%82%93" n3="%E3%81%8B%E3%82%8F%E3%81%A1%E3%82%83%E3%82%93%35%38" dan="16,16,17,16" rate="2136.95,2108.37,2279.16,2170.61" sx="M,M,M,M"/><TAIKYOKU oya="0"/><INIT seed="0,0,0,3,2,102" ten="250,250,250,250" oya="0" hai0="79,110,57,34,10,13,53,18,80,39,46,125,17" hai1="83,36,123,67,88,112,92,86,103,48,106,14,6" hai2="8,89,51,91,122,26,74,134,32,113,128,85,76" hai3="119,68,1,75,38,70,56,117,129,25,66,114,105"/><T118/><D118/><U108/><E123/><V43/><F122/><W54/><G25/><T97/><D125/><U87/><E108/><V55/><F113/><W30/><G30/><T20/><D110/><U73/><E36/><V9/><F128/><W22/><G22/><T3/><D34/><U35/><E35/><V2/><F74/><W101/><G1/><T69/><D69/><U0/><E0/><V28/><F43/><W23/><G23/><T124/><D124/><U58/><E112/><V84/><F76/><W45/><G75/><T127/><D127/><U96/><E73/><V126/><F134/><W62/><G114/><T131/><D131/><U4/><E14/><V115/><F115/><W29/><G29/><T109/><D97/><U19/><E19/><V33/><F126/><W95/><G95/><T21/><D3/><U135/><E135/><V71/><F71/><N who="3" m="27179" /><G129/><T107/><D107/><U63/><REACH who="1" step="1"/><E48/><REACH who="1" ten="250,240,250,250" step="2"/><V99/><F51/><N who="3" m="29039" /><G38/><T27/><D109/><U12/><E12/><V98/><F2/><W60/><G119/><T16/><D18/><U100/><E100/><V90/><F28/><W132/><G117/><T5/><D17/><U82/><E82/><V11/><F32/><W44/><G132/><T59/><D20/><U130/><E130/><V7/><F33/><W52/><G101/><T72/><D39/><U104/><E104/><V40/><F11/><W50/><G105/><T78/><D72/><U81/><E81/><V93/><F8/><W47/><G50/><N who="0" m="28887" /><D80/><U42/><E42/><V24/><F9/><W64/><G62/><T116/><D116/><RYUUKYOKU ba="0,1" sc="250,10,240,10,250,-30,250,10" hai0="5,10,13,16,21,27,57,59,78,79" hai1="4,6,58,63,67,83,86,87,88,92,96,103,106" hai3="44,47,52,56,60,64,66" /><INIT seed="0,1,1,1,3,83" ten="260,250,220,260" oya="0" hai0="96,134,101,52,82,20,98,109,66,106,135,61,62" hai1="50,46,90,100,76,88,118,128,99,48,124,86,13" hai2="18,29,115,24,4,25,5,77,125,6,89,67,107" hai3="110,121,21,122,35,72,26,112,81,22,129,36,30"/><T68/><D109/><U79/><E118/><V95/><F115/><W92/><G36/><T108/><D108/><U1/><E1/><V11/><F107/><W69/><G110/><T42/><D42/><U85/><E128/><V45/><F125/><W123/><G69/><T60/><D98/><U113/><E124/><V80/><F67/><W63/><G112/><T133/><D20/><U34/><E34/><V41/><F29/><W32/><G129/><T65/><D68/><U57/><E57/><V51/><F11/><W130/><G130/><T19/><D19/><U9/><E113/><V37/><F37/><W28/><G63/><T70/><D70/><U23/><E23/><N who="3" m="8714" /><G92/><T55/><D82/><N who="1" m="49239" /><E100/><V56/><F18/><W104/><G104/><T73/><D73/><U105/><E99/><N who="2" m="57839" /><F56/><W14/><G14/><T91/><D91/><U17/><E105/><V75/><F75/><W103/><G103/><T43/><D43/><N who="1" m="24671" /><E50/><V87/><AGARI ba="1,1" hai="4,5,6,24,25,41,45,51,77,80,87" m="57839" machi="87" ten="30,2000,0" yaku="8,1,52,1" doraHai="83" who="2" fromWho="2" sc="260,-11,250,-6,220,33,260,-6" /><INIT seed="1,0,0,5,2,50" ten="249,244,253,254" oya="1" hai0="43,12,124,49,62,89,93,120,114,68,63,20,52" hai1="69,121,91,29,94,40,108,98,71,58,122,112,64" hai2="129,37,44,85,15,13,56,26,59,80,119,45,25" hai3="27,16,103,111,109,102,86,135,53,65,11,39,107"/><U92/><E112/><V19/><F129/><W126/><G39/><T14/><D114/><U101/><E40/><V106/><F106/><W34/><G107/><T77/><D77/><U36/><E36/><V127/><F127/><W55/><G126/><T117/><D117/><U123/><E29/><V105/><F105/><W35/><G65/><T38/><D124/><U82/><E82/><V33/><F119/><W67/><G67/><N who="0" m="41079" /><D20/><U31/><E31/><V104/><F104/><W30/><G86/><N who="0" m="52407" /><D63/><U76/><E76/><V48/><F37/><W9/><G135/><T132/><D132/><U51/><E108/><N who="3" m="41546" /><G34/><T87/><D87/><U18/><E18/><V83/><F85/><W61/><G61/><T133/><D133/><U131/><E131/><V110/><F110/><W32/><G32/><T5/><D5/><U41/><E64/><V88/><F33/><W84/><G84/><T78/><D78/><U99/><REACH who="1" step="1"/><E41/><REACH who="1" ten="249,234,253,254" step="2"/><V6/><F19/><W73/><G16/><T4/><D4/><U128/><E128/><V70/><F6/><W72/><G30/><T75/><D75/><U81/><E81/><V10/><F83/><W60/><G73/><T47/><D120/><U113/><E113/><V22/><F80/><W24/><G72/><T17/><D17/><U54/><AGARI ba="0,1" hai="51,54,58,69,71,91,92,94,98,99,101,121,122,123" machi="54" ten="40,12000,1" yaku="1,1,0,1,52,1,53,1" doraHai="50" doraHaiUra="97" who="1" fromWho="1" sc="249,-40,234,130,253,-40,254,-40" /><INIT seed="1,1,0,1,1,24" ten="209,364,213,214" oya="1" hai0="79,106,100,109,33,56,31,28,113,17,41,66,77" hai1="72,25,96,132,44,108,112,1,91,47,39,51,111" hai2="53,64,95,89,105,81,57,63,117,104,29,46,19" hai3="20,76,119,50,35,8,122,15,52,118,129,82,114"/><U11/><E112/><V92/><F117/><N who="3" m="44555" /><G35/><T94/><D113/><U107/><E132/><V12/><F29/><N who="0" m="11338" /><D106/><U73/><E25/><V27/><F27/><W87/><G114/><T135/><D33/><U58/><E58/><V32/><F32/><W60/><G129/><T85/><D135/><U84/><E44/><V13/><F13/><W115/><G115/><T61/><D109/><N who="1" m="42059" /><E39/><V74/><F46/><W7/><G20/><T103/><D41/><N who="1" m="25071" /><E96/><V16/><F53/><W65/><G122/><T69/><D69/><U3/><E107/><V120/><F120/><W78/><G65/><T10/><D85/><U102/><E102/><N who="0" m="38953" /><D94/><N who="1" m="54631" /><E1/><V38/><F105/><W2/><G2/><T97/><D97/><U130/><E130/><V34/><F104/><W121/><G121/><T127/><D127/><U98/><E98/><V14/><F34/><W6/><G87/><T45/><D45/><U90/><E90/><V26/><F89/><W93/><G93/><T30/><N who="0" m="11346" /><T83/><DORA hai="71" /><D83/><U80/><E80/><V133/><F81/><W99/><G99/><T21/><D10/><U116/><E116/><V49/><F95/><W68/><G82/><T110/><D110/><U18/><E3/><V101/><F92/><W123/><G123/><T40/><D40/><U59/><E73/><V125/><F74/><W36/><G36/><T9/><D9/><U62/><E72/><V43/><F38/><W124/><G68/><T48/><D48/><U70/><E70/><V128/><F133/><W4/><G50/><T0/><D0/><U134/><E134/><V22/><F49/><RYUUKYOKU ba="1,0" sc="209,30,364,-10,213,-10,214,-10" hai0="17,21,56,61,66,77,79" /><INIT seed="2,2,0,3,5,35" ten="239,354,203,204" oya="2" hai0="36,105,52,107,72,30,23,20,61,11,73,131,14" hai1="130,96,68,100,75,128,98,55,126,13,89,99,112" hai2="92,3,71,43,6,57,134,54,39,119,31,135,82" hai3="83,64,114,58,50,106,133,129,110,7,67,26,29"/><V88/><F119/><W123/><G123/><T40/><D40/><U127/><E112/><V121/><F71/><W77/><G106/><T33/><D33/><U25/><E68/><V111/><F121/><W94/><G114/><T132/><D36/><U12/><E75/><V37/><F31/><W91/><G7/><T116/><D116/><U8/><E100/><V27/><F27/><W60/><G50/><T49/><D61/><U70/><E70/><V80/><F111/><W84/><G110/><T78/><D131/><N who="1" m="50219" /><E25/><V41/><F6/><W63/><G133/><N who="2" m="50697" /><F3/><W45/><G45/><T19/><D132/><U42/><E42/><N who="2" m="15883" /><F37/><W85/><G129/><T18/><D30/><U95/><E55/><V108/><F108/><W9/><G9/><T66/><D66/><U90/><E13/><V21/><F21/><N who="3" m="15567" /><G63/><T93/><D11/><U87/><E89/><V101/><F101/><W62/><G62/><T28/><D28/><U4/><AGARI ba="2,0" hai="4,8,12,87,90,95,96,98,99,126,127" m="50219" machi="4" ten="40,1500,0" yaku="19,1" doraHai="35" who="1" fromWho="1" sc="239,-6,354,21,203,-9,204,-6" /><INIT seed="3,0,0,4,4,65" ten="233,375,194,198" oya="3" hai0="132,43,91,122,31,45,38,127,78,16,5,134,46" hai1="133,10,14,26,114,30,52,51,85,129,33,2,15" hai2="112,119,19,71,98,60,47,87,7,107,66,117,44" hai3="34,55,104,95,103,20,6,120,1,4,123,116,61"/><W101/><G34/><T79/><D122/><U69/><E114/><V40/><F112/><W53/><G104/><T42/><D127/><U96/><E129/><V108/><F108/><W23/><G95/><T131/><D131/><U11/><E69/><V70/><F70/><W3/><REACH who="3" step="1"/><G61/><REACH who="3" ten="233,375,194,188" step="2"/><T113/><D113/><U81/><E33/><V106/><F106/><W41/><G41/><T35/><D35/><U124/><E124/><V28/><F107/><W9/><G9/><T130/><D42/><U54/><E11/><V105/><F105/><W115/><G115/><T75/><D43/><U59/><E10/><V89/><F40/><W0/><G0/><T94/><D130/><U102/><E2/><V125/><F125/><W21/><G21/><T27/><D38/><U128/><E128/><V100/><F60/><W76/><G76/><T22/><D79/><U109/><E109/><V64/><F119/><AGARI ba="0,1" hai="1,3,4,6,20,23,53,55,101,103,116,119,120,123" machi="119" ten="25,4800,0" yaku="1,1,22,2,53,0" doraHai="65" doraHaiUra="12" who="3" fromWho="2" sc="233,0,375,0,194,-48,188,58" /><INIT seed="3,1,0,2,0,95" ten="233,375,146,246" oya="3" hai0="7,24,73,109,118,100,8,107,0,108,37,86,25" hai1="128,36,49,47,34,35,79,134,48,60,97,80,12" hai2="76,10,1,94,135,13,55,88,122,26,129,18,9" hai3="68,45,124,121,82,132,116,40,52,90,130,66,126"/><W104/><G104/><T58/><D73/><U98/><E36/><V21/><F129/><W63/><G90/><T70/><D70/><U117/><E128/><V11/><F135/><W33/><G82/><T74/><D74/><U15/><E134/><V28/><F122/><W31/><G132/><T2/><D118/><U65/><E35/><V106/><F106/><W59/><G130/><T105/><D86/><N who="1" m="48415" /><E34/><V77/><F55/><W93/><G93/><T64/><D37/><U110/><E110/><N who="0" m="42601" /><D0/><U127/><E127/><N who="3" m="48682" /><G31/><T57/><D57/><N who="1" m="37007" /><E49/><V27/><F27/><N who="0" m="10314" /><D100/><U56/><E56/><V131/><F131/><W44/><G33/><T103/><D103/><U29/><E29/><V113/><F113/><W91/><G91/><T99/><D99/><N who="1" m="37899" /><E117/><V125/><F125/><W42/><G116/><T6/><D58/><U72/><E72/><V20/><REACH who="2" step="1"/><F1/><REACH who="2" ten="233,375,136,246" step="2"/><W92/><G121/><T83/><D105/><U53/><AGARI ba="1,1" hai="12,15,47,48,53" m="37899,37007,48415" machi="53" ten="30,7900,0" yaku="8,1,52,3" doraHai="95" who="1" fromWho="1" sc="233,-21,375,92,136,-21,246,-40" owari="212,1.2,467,56.7,115,-38.5,206,-19.4" /></mjloggm>