<mjloggm ver="2.3"><GO type="225" lobby="0"/><UN n0="%E6%A1%9C%E8%8A%B1%E9%96%83%E3%80%85" n1="%E6%97%A5%E6%9B%9C%E6%97%A5%E3%82%88%E3%82%8A%E3%81%AE%E4%BD%BF%E8%80%85" n2="%E3%83%A9%E3%83%BC%E3%83%A1%E3%83%B3%E4%BA%94%E9%83%8E" n3="%E3%81%B2%E3%81%AA%E3%81%AE%E3%82%8A%E3%81%8F" dan="18,17,16,17" rate="2249.71,2172.93,2084.84,2208.09" sx="M,M,M,M"/><TAIKYOKU oya="0"/><INIT seed="0,0,0,0,0,70" ten="250,250,250,250" oya="0" hai0="74,15,13,91,98,128,124,14,41,60,107,94,133" hai1="56,52,80,121,101,116,67,34,83,102,66,123,51" hai2="12,61,40,48,26,132,64,55,127,117,103,62,76" hai3="9,97,69,125,113,109,31,63,73,75,111,78,50"/><T19/><D128/><U42/><E116/><V36/><F127/><W87/><G113/><T90/><D124/><U112/><E34/><V28/><F117/><W122/><G125/><T114/><D114/><U2/><E2/><V43/><F132/><W119/><G119/><T38/><D133/><U120/><E112/><V20/><F76/><W53/><G31/><T81/><D107/><U126/><E126/><V23/><F103/><W35/><G35/><T88/><D60/><U118/><E118/><V115/><F115/><W134/><G97/><T65/><D65/><U44/><E66/><V68/><F61/><W92/><G122/><T85/><D74/><U77/><E67/><V58/><REACH who="2" step="1"/><F36/><REACH who="2" ten="250,250,240,250" step="2"/><W106/><G63/><T30/><D91/><U82/><REACH who="1" step="1"/><E77/><REACH who="1" ten="250,240,240,250" step="2"/><V84/><F84/><W49/><G87/><T72/><D72/><U79/><E79/><V86/><F86/><W131/><G78/><T54/><D85/><U1/><E1/><V130/><F130/><W7/><G75/><T135/><D135/><U110/><E110/><V89/><F89/><W29/><G73/><T0/><D0/><U47/><E47/><V10/><F10/><W57/><G109/><T96/><D90/><U32/><E32/><V104/><F104/><W5/><G106/><T4/><D88/><U39/><AGARI ba="0,2" hai="39,42,44,51,52,56,80,82,83,101,102,120,121,123" machi="39" ten="40,8000,1" yaku="1,1,0,1,52,1,54,1,53,0" doraHai="70" doraHaiUra="108" who="1" fromWho="1" sc="250,-40,240,100,240,-20,250,-20" /><INIT seed="1,0,0,2,2,129" ten="210,340,220,230" oya="1" hai0="69,102,0,1,19,58,86,20,38,60,34,133,75" hai1="40,5,89,23,132,80,55,105,72,3,52,111,61" hai2="110,47,103,51,104,64,10,127,50,13,112,121,128" hai3="131,33,73,84,94,17,116,68,18,44,46,78,56"/><U125/><E105/><V45/><F121/><W11/><G68/><T118/><D75/><U79/><E125/><V71/><F127/><W35/><G73/><T8/><D118/><U70/><E132/><V7/><F128/><W22/><G116/><T36/><D34/><U82/><E23/><V85/><F110/><W48/><G56/><T119/><D69/><U6/><E6/><V67/><F112/><W59/><G59/><T9/><D102/><U26/><E26/><V113/><F113/><W2/><G2/><T39/><D119/><U15/><E15/><V106/><F71/><W120/><G11/><T27/><D86/><U134/><E134/><V109/><F109/><W101/><G46/><T93/><D93/><U100/><E100/><V12/><F103/><W76/><G18/><T65/><REACH who="0" step="1"/><D133/><REACH who="0" ten="200,340,220,230" step="2"/><U28/><E70/><V81/><F104/><W41/><G84/><T25/><D25/><U4/><E72/><V87/><F106/><W126/><G131/><T124/><D124/><U16/><E111/><V31/><F87/><W97/><G126/><T54/><D54/><U98/><E52/><V108/><F108/><W123/><G35/><T95/><D95/><U53/><E55/><V130/><F130/><W66/><G33/><T37/><N who="0" m="9216" /><DORA hai="62" /><T88/><D88/><U57/><E89/><V74/><F74/><W21/><G120/><T114/><D114/><U83/><E53/><V115/><F115/><W63/><G123/><T99/><D99/><U32/><E98/><V43/><F85/><W49/><G94/><T117/><D117/><U96/><E32/><RYUUKYOKU ba="0,1" sc="200,30,340,-10,220,-10,230,-10" hai0="0,1,8,9,19,20,27,58,60,65" /><INIT seed="2,1,1,0,1,79" ten="230,330,210,220" oya="2" hai0="5,67,39,102,95,57,54,72,105,71,86,27,125" hai1="104,11,59,99,32,14,49,28,116,13,107,114,34" hai2="131,129,44,133,18,10,98,94,7,85,87,73,17" hai3="12,80,15,2,70,69,9,60,55,52,113,37,3"/><V43/><F73/><W89/><G37/><T120/><D120/><U109/><E114/><V101/><F133/><W112/><G89/><T45/><D72/><U123/><E116/><V91/><F17/><W36/><G36/><T96/><D125/><U61/><E49/><V126/><F18/><W93/><G93/><T134/><D5/><N who="1" m="3311" /><E99/><V62/><F62/><W124/><G124/><T47/><D27/><N who="1" m="18463" /><E14/><N who="2" m="5471" /><F101/><W119/><G9/><T1/><D1/><U40/><E123/><V4/><F4/><W78/><G78/><T88/><D134/><U127/><E34/><V19/><F19/><W65/><G60/><N who="0" m="38287" /><D71/><U111/><E127/><V6/><F6/><W26/><G119/><T53/><D39/><U132/><E132/><V63/><F63/><W58/><G65/><T35/><D35/><U82/><E104/><V83/><F126/><W66/><G66/><T106/><D106/><U51/><E107/><V90/><F131/><W68/><G68/><T110/><D110/><U23/><E61/><V31/><F129/><W48/><G48/><T118/><D118/><U115/><E115/><V130/><F130/><W0/><G0/><T25/><D25/><U108/><E108/><V92/><F31/><W20/><G3/><T56/><D54/><N who="1" m="32223" /><E23/><V74/><F74/><W8/><G2/><T64/><D64/><U77/><E40/><V41/><F44/><W135/><G112/><T97/><D97/><U84/><E111/><V81/><F98/><W117/><G113/><T16/><D16/><U100/><E109/><V24/><F24/><W122/><G26/><T128/><D128/><RYUUKYOKU ba="1,1" sc="230,10,330,10,210,10,220,-30" hai0="45,47,53,56,86,88,95,96,102,105" hai1="77,82,84,100" hai2="41,43,81,83,85,87,90,91,92,94" /><INIT seed="2,2,1,3,1,14" ten="240,340,220,190" oya="2" hai0="37,54,53,4,120,23,5,89,25,133,6,132,18" hai1="26,36,71,51,10,77,45,29,88,41,123,129,48" hai2="33,72,24,131,135,112,107,128,100,106,64,98,104" hai3="74,9,1,56,16,52,19,105,82,81,102,101,11"/><V80/><F135/><N who="0" m="51786" /><D120/><U0/><E71/><V39/><F39/><W66/><G66/><T17/><D37/><U127/><E127/><V12/><F112/><W96/><G74/><T93/><D17/><U103/><E103/><V114/><F114/><W61/><G102/><T50/><D50/><U97/><E129/><N who="2" m="49739" /><F64/><W32/><G32/><T57/><D57/><U70/><E36/><V113/><F113/><W34/><G34/><T47/><D47/><U111/><E111/><V83/><F12/><W116/><G116/><T8/><D8/><U49/><E0/><V68/><F68/><W22/><G19/><T95/><D95/><N who="1" m="56551" /><E70/><V44/><F44/><W13/><REACH who="3" step="1"/><G11/><REACH who="3" ten="240,340,220,180" step="2"/><T85/><AGARI ba="2,2" hai="4,5,6,18,23,25,53,54,85,89,93" m="51786" machi="85" ten="30,2000,0" yaku="20,1,52,1" doraHai="14" who="0" fromWho="0" sc="240,46,340,-7,220,-12,180,-7" /><INIT seed="3,0,0,3,4,104" ten="286,333,208,173" oya="3" hai0="50,107,126,21,71,70,89,100,109,39,84,62,59" hai1="22,1,103,92,99,30,60,38,101,117,75,111,129" hai2="15,96,55,35,10,64,133,93,11,44,18,86,37" hai3="105,31,57,82,51,6,43,110,132,47,49,69,119"/><W9/><G119/><T36/><D109/><U130/><E75/><V120/><F35/><W128/><G105/><T83/><D126/><U97/><E1/><V2/><F133/><W48/><G69/><T85/><D39/><U65/><E111/><V42/><F64/><W94/><G110/><T80/><D36/><U16/><E38/><V46/><F2/><W72/><G132/><T106/><D106/><N who="1" m="63791" /><E16/><V25/><F25/><W115/><G115/><T114/><D50/><U81/><E81/><V66/><F66/><W5/><G31/><T113/><D21/><U29/><E117/><V13/><F86/><W34/><G34/><T116/><D116/><U3/><E3/><V19/><F120/><W131/><G94/><T88/><D100/><U74/><E74/><V40/><F55/><W122/><G122/><T53/><D107/><U54/><E54/><V135/><F135/><W20/><G20/><T14/><D14/><U41/><E41/><N who="2" m="15979" /><F37/><N who="3" m="21999" /><G57/><T26/><REACH who="0" step="1"/><D26/><REACH who="0" ten="276,333,208,173" step="2"/><N who="1" m="16599" /><E30/><V108/><F108/><W78/><G9/><T112/><AGARI ba="0,1" hai="53,59,62,70,71,80,83,84,85,88,89,112,113,114" machi="112" ten="30,8000,1" yaku="1,1,0,1,9,1,11,1,54,1,53,0" doraHai="104" doraHaiUra="127" who="0" fromWho="0" sc="276,90,333,-20,208,-20,173,-40" owari="366,46.6,313,11.3,188,-21.2,133,-36.7" /></mjloggm>