<mjloggm ver="2.3"><GO type="225" lobby="0"/><UN n0="%E3%83%AD%E3%83%83%E3%83%86%E9%9B%80%E7%90%83" n1="%E6%A1%9C%E8%8A%B1%E9%96%83%E3%80%85" n2="%E7%89%B9%E6%9D%B1%E3%81%AF%E4%B8%96%E7%95%8C%E3%82%92%E6%95%91%E3%81%86" n3="%E3%81%86%E3%81%A9%E3%82%93%E3%81%93" dan="16,16,16,16" rate="2191.88,2151.97,2136.95,2123.55" sx="M,M,M,M"/><TAIKYOKU oya="0"/><INIT seed="0,0,0,1,1,91" ten="250,250,250,250" oya="0" hai0="7,10,60,3,49,24,80,30,63,118,126,6,55" hai1="94,124,1,108,50,57,65,70,13,112,92,2,22" hai2="25,46,67,44,51,39,84,125,103,8,40,98,4" hai3="52,48,100,31,56,134,37,78,76,47,115,20,128"/><T82/><D118/><U110/><E70/><V32/><F125/><W130/><G115/><T35/><D126/><U107/><E107/><V95/><F67/><W96/><G134/><T23/><D7/><U120/><E124/><V135/><F135/><W88/><G100/><T53/><D53/><N who="1" m="31927" /><E65/><V16/><F84/><W129/><G31/><T19/><D63/><U127/><E120/><V101/><F101/><W81/><G20/><T64/><D60/><U104/><E104/><V75/><F75/><W41/><G81/><T119/><D64/><U131/><E131/><V66/><F66/><W21/><G21/><T59/><REACH who="0" step="1"/><D119/><REACH who="0" ten="240,250,250,250" step="2"/><U5/><E127/><V111/><F4/><W33/><G33/><T132/><D132/><U61/><E61/><V123/><F40/><W36/><G36/><T43/><D43/><U121/><E5/><V18/><F39/><W89/><G89/><T133/><D133/><U109/><E121/><V87/><F123/><W69/><G69/><T68/><D68/><U72/><E112/><V62/><F62/><W117/><G117/><T74/><D74/><U71/><E72/><V38/><F38/><W28/><G28/><T122/><D122/><U106/><E71/><V90/><F90/><W9/><G9/><T17/><D17/><N who="1" m="10543" /><E106/><V113/><F18/><W14/><G14/><AGARI ba="0,1" hai="3,6,10,14,19,23,24,30,35,49,55,59,80,82" machi="14" ten="30,11600,0" yaku="1,1,7,1,24,2,53,0" doraHai="91" doraHaiUra="58" who="0" fromWho="3" sc="240,126,250,0,250,0,250,-116" /><INIT seed="0,1,0,2,1,88" ten="366,250,250,134" oya="0" hai0="85,91,104,117,0,14,28,92,2,95,23,112,116" hai1="90,49,87,93,76,121,84,57,107,130,15,127,53" hai2="21,18,96,37,69,101,50,32,132,47,38,97,60" hai3="71,103,51,1,79,114,120,39,54,27,72,5,64"/><T36/><D112/><U111/><E121/><V89/><F32/><W122/><G114/><T78/><D104/><U7/><E111/><V43/><F132/><W46/><G103/><T16/><D36/><U83/><E127/><V62/><F89/><W4/><G39/><T102/><D78/><U34/><E34/><V86/><F86/><W123/><G1/><T75/><D75/><U125/><E130/><V119/><F119/><W115/><G115/><T13/><D28/><U100/><E125/><V129/><F96/><W41/><G41/><T8/><D0/><U35/><E35/><V126/><F129/><W24/><G71/><T82/><D2/><U118/><E118/><V70/><F70/><W80/><REACH who="3" step="1"/><G64/><REACH who="3" ten="366,250,250,124" step="2"/><T44/><D117/><U56/><E100/><V131/><F131/><W135/><G135/><T77/><D116/><U63/><E107/><V58/><F126/><W74/><G74/><T10/><D102/><U81/><E81/><V17/><F38/><W26/><AGARI ba="1,1" hai="4,5,24,26,27,46,51,54,72,79,80,120,122,123" machi="26" ten="40,8000,1" yaku="1,1,0,1,13,1,53,1" doraHai="88" doraHaiUra="106" who="3" fromWho="3" sc="366,-41,250,-21,250,-21,124,93" /><INIT seed="1,0,0,1,5,43" ten="325,229,229,217" oya="1" hai0="94,42,76,102,71,28,54,37,107,114,57,36,52" hai1="50,64,25,30,99,51,15,103,24,63,40,29,128" hai2="53,67,48,55,132,9,73,121,81,123,92,109,65" hai3="6,35,95,47,84,72,33,104,59,0,108,70,111"/><U34/><E128/><V19/><F109/><N who="3" m="42059" /><G104/><T126/><D114/><U120/><E120/><V8/><F132/><W62/><G70/><T105/><D71/><U86/><E86/><V79/><F123/><W83/><G72/><T129/><D76/><U31/><E15/><V44/><F121/><W134/><G134/><T125/><D129/><U22/><E30/><V77/><F77/><N who="3" m="46191" /><G95/><T135/><D135/><U82/><E40/><V133/><F133/><W68/><G68/><T75/><D28/><U88/><E88/><V14/><F8/><N who="3" m="2119" /><G47/><T17/><D75/><U4/><E82/><V69/><F69/><W16/><G16/><T56/><D17/><U61/><E4/><V119/><F119/><W124/><G124/><T46/><D94/><N who="1" m="58871" /><E61/><V130/><F130/><W87/><G87/><T112/><D112/><U90/><E90/><V20/><F9/><W60/><G60/><N who="0" m="35847" /><D36/><U5/><E5/><V96/><REACH who="2" step="1"/><F55/><AGARI ba="0,0" hai="33,35,55,59,62" m="2119,46191,42059" machi="55" ten="30,1000,0" yaku="14,1" doraHai="43" who="3" fromWho="2" sc="325,0,229,0,229,-10,217,10" /><INIT seed="2,0,0,5,1,95" ten="325,229,219,227" oya="2" hai0="89,5,61,110,71,73,80,42,75,99,100,119,49" hai1="67,76,43,96,64,81,45,52,9,28,77,113,12" hai2="103,112,62,126,68,32,57,16,63,79,56,86,18" hai3="6,98,22,97,74,20,46,128,35,10,14,125,11"/><V37/><F112/><W24/><G74/><T39/><D39/><U21/><E113/><V104/><F37/><W66/><G128/><T58/><D71/><U59/><E45/><V4/><F32/><W55/><G35/><T114/><D114/><U19/><E43/><V130/><F130/><W108/><G108/><T27/><D5/><U48/><E96/><N who="3" m="36970" /><G125/><T41/><D27/><N who="1" m="16495" /><E81/><V31/><F68/><W123/><G123/><T129/><D80/><U92/><E92/><V7/><F31/><N who="3" m="17799" /><G66/><AGARI ba="0,0" hai="9,12,19,48,52,59,64,66,67,76,77" m="16495" machi="66" ten="30,2000,0" yaku="8,1,54,1" doraHai="95" who="1" fromWho="3" sc="325,0,229,20,219,0,227,-20" /><INIT seed="3,0,0,2,4,3" ten="325,249,219,207" oya="3" hai0="35,130,41,11,120,54,46,37,19,9,20,15,105" hai1="44,24,112,8,75,125,13,64,109,56,73,122,55" hai2="93,5,97,38,70,126,77,25,121,128,36,101,78" hai3="76,32,0,23,74,65,106,59,31,14,113,94,69"/><W135/><G113/><T57/><D105/><U118/><E112/><V133/><F70/><W62/><G106/><T50/><D35/><U68/><E122/><V85/><F121/><W99/><G0/><T42/><D120/><U17/><E109/><V108/><F108/><W28/><G135/><T132/><D132/><U82/><E125/><V131/><F133/><W98/><G32/><T58/><D130/><N who="2" m="49706" /><F126/><W119/><G119/><T96/><D96/><U33/><E68/><V7/><F25/><W117/><G117/><T123/><D123/><U49/><E118/><V51/><F51/><W12/><G98/><T63/><D42/><U84/><E64/><AGARI ba="0,0" hai="9,11,15,19,20,37,41,46,50,54,57,58,63,64" machi="64" ten="30,1000,0" yaku="7,1" doraHai="3" who="0" fromWho="1" sc="325,10,249,-10,219,0,207,0" owari="335,43.5,239,3.9,219,-18.1,207,-29.3" /></mjloggm>