<mjloggm ver="2.3"><GO type="225" lobby="0"/><UN n0="%72%69%6F%75%63%68%61%6E" n1="%E7%AD%89%E3%80%85%E5%8A%9B%E5%8A%87%E5%A0%B4" n2="%E3%83%A9%E3%83%96%E3%83%AC%E3%83%BC" n3="%6E%69%63%6B%6C%6F%77" dan="16,16,18,16" rate="2135.46,2136.29,2234.52,2106.07" sx="M,M,M,F"/><TAIKYOKU oya="0"/><INIT seed="0,0,0,3,3,96" ten="250,250,250,250" oya="0" hai0="4,32,95,112,6,98,33,118,38,134,43,123,25" hai1="82,97,0,59,73,81,23,35,76,129,22,79,132" hai2="50,93,74,87,103,12,8,91,122,90,55,105,71" hai3="44,67,131,120,80,128,75,127,26,92,17,66,1"/><T119/><D112/><U135/><E35/><V53/><F122/><W27/><G1/><T60/><D123/><U14/><E0/><V86/><F71/><W116/><G116/><T52/><D134/><U46/><E59/><V56/><F74/><W63/><G120/><T107/><D107/><U15/><E97/><N who="2" m="59823" /><F105/><W83/><G92/><T114/><D114/><U10/><E46/><N who="2" m="27863" /><F87/><W7/><G44/><T5/><D43/><U58/><E58/><V100/><F100/><W124/><G17/><T47/><D38/><U13/><E129/><N who="3" m="49738" /><G7/><T111/><D111/><U40/><E40/><V109/><F86/><W106/><G63/><T31/><D33/><U48/><E48/><N who="2" m="30823" /><F109/><W49/><G49/><T42/><D42/><U99/><E99/><V61/><F61/><W29/><G29/><T89/><D60/><U133/><REACH who="1" step="1"/><E10/><REACH who="1" ten="250,240,250,250" step="2"/><V126/><F126/><N who="3" m="48171" /><G106/><T84/><D47/><U2/><E2/><V3/><F3/><W69/><G69/><T57/><D57/><U121/><E121/><V102/><F102/><W30/><G30/><T45/><D45/><U16/><E16/><AGARI ba="0,1" hai="8,12,16,90,91" m="30823,27863,59823" machi="16" ten="30,3900,0" yaku="8,1,52,1,54,1" doraHai="96" who="2" fromWho="1" sc="250,0,240,-39,250,49,250,0" /><INIT seed="1,0,0,2,1,99" ten="250,201,299,250" oya="1" hai0="16,67,128,76,11,42,120,4,121,58,73,79,44" hai1="51,72,49,122,117,41,0,25,37,113,30,18,47" hai2="32,95,110,52,55,75,17,5,13,124,133,83,50" hai3="28,74,31,80,63,135,8,125,102,98,89,86,108"/><U66/><E113/><V9/><F32/><W35/><G108/><T27/><D128/><U97/><E117/><V20/><F110/><W77/><G125/><T57/><D27/><U101/><E122/><N who="0" m="47209" /><D16/><U100/><E72/><V69/><F69/><W84/><G135/><T19/><D19/><U129/><E129/><V26/><F124/><W6/><G35/><T14/><D67/><U24/><E0/><V119/><F133/><W93/><G63/><T21/><D21/><N who="1" m="15631" /><E37/><V43/><F83/><W22/><G22/><T12/><D12/><U82/><E66/><V62/><F75/><W78/><G78/><N who="0" m="29739" /><D73/><U46/><E97/><V15/><F62/><W131/><G131/><T114/><D114/><U59/><E59/><V91/><F119/><W111/><G111/><T40/><D40/><N who="1" m="24775" /><E82/><V96/><F26/><W81/><REACH who="3" step="1"/><G74/><REACH who="3" ten="250,201,299,240" step="2"/><T3/><D3/><AGARI ba="0,1" hai="3,6,8,28,31,77,80,81,84,86,89,93,98,102" machi="3" ten="30,8000,1" yaku="1,1,2,1,7,1,52,1,53,1" doraHai="99" doraHaiUra="2" who="3" fromWho="0" sc="250,-80,201,0,299,0,240,90" /><INIT seed="2,0,0,1,3,74" ten="170,201,299,330" oya="2" hai0="11,29,135,92,65,110,116,53,119,8,62,52,125" hai1="87,91,23,84,98,104,96,114,128,121,33,66,12" hai2="57,113,75,28,36,77,80,63,105,129,71,124,45" hai3="42,127,59,101,44,50,25,68,76,26,9,90,22"/><V61/><F113/><W7/><G127/><T131/><D110/><U67/><E33/><V17/><F124/><W31/><G68/><T5/><D125/><U134/><E114/><V0/><F129/><W85/><G26/><T56/><D131/><U109/><E128/><V83/><F105/><W111/><G111/><T10/><D135/><U60/><E109/><V3/><F28/><W27/><G27/><T64/><D29/><U79/><E134/><V72/><F57/><W126/><G126/><T93/><D5/><U122/><E104/><V48/><F36/><W43/><G101/><T95/><REACH who="0" step="1"/><D53/><REACH who="0" ten="160,201,299,330" step="2"/><U94/><E122/><V19/><F19/><W32/><G32/><T130/><D130/><U49/><E121/><V133/><F17/><W39/><G7/><T55/><D55/><U30/><E30/><V15/><F133/><W46/><G9/><T118/><AGARI ba="0,1" hai="8,10,11,52,56,62,64,65,92,93,95,116,118,119" machi="118" ten="40,12000,2" yaku="1,1,0,1,29,2,12,1,54,1,53,0" doraHai="74" doraHaiUra="73" who="0" fromWho="0" sc="160,130,201,-30,299,-60,330,-30" /><INIT seed="3,0,0,4,3,109" ten="290,171,239,300" oya="3" hai0="53,96,104,56,50,36,10,9,60,37,111,123,16" hai1="11,23,87,63,97,108,114,20,86,135,57,29,106" hai2="91,84,85,15,74,122,72,112,41,49,43,107,126" hai3="125,61,98,129,45,62,120,24,7,117,18,59,26"/><W48/><G117/><T71/><D123/><U21/><E108/><V95/><F126/><W22/><G120/><T105/><D111/><U44/><E135/><V38/><F122/><W17/><G125/><T25/><D105/><U92/><E106/><V40/><F107/><W3/><G3/><T28/><D16/><N who="3" m="6249" /><G129/><T88/><D36/><U39/><E114/><V73/><F15/><W116/><G116/><T128/><D37/><U33/><E11/><V101/><F101/><W83/><G7/><T78/><D78/><U76/><E33/><V12/><F12/><W32/><G32/><N who="0" m="20495" /><D88/><N who="1" m="55431" /><E39/><V134/><F134/><W90/><G98/><T118/><D128/><U80/><E44/><V54/><F38/><W133/><G133/><T55/><D55/><N who="1" m="34239" /><E87/><V8/><F8/><W5/><G5/><T67/><D118/><U64/><E64/><V132/><F85/><N who="3" m="50495" /><G22/><N who="1" m="5634" /><U35/><DORA hai="0" /><E35/><V100/><F132/><W30/><G30/><AGARI ba="0,0" hai="29,30,76,80,86" m="5634,34239,55431" machi="30" ten="30,2000,0" yaku="8,1,54,1" doraHai="109,0" who="1" fromWho="3" sc="290,0,171,20,239,0,300,-20" /><INIT seed="4,0,0,4,0,28" ten="290,191,239,280" oya="0" hai0="79,128,97,36,132,17,107,91,123,49,72,40,45" hai1="18,63,32,68,38,59,50,26,54,108,48,112,118" hai2="52,21,33,117,90,12,62,114,89,104,86,116,125" hai3="94,29,13,83,81,39,11,23,20,9,47,3,122"/><T124/><D123/><U53/><E108/><V16/><F104/><W1/><G122/><T56/><D72/><U121/><E121/><V96/><F114/><W70/><G70/><T120/><D120/><U67/><E118/><N who="2" m="45675" /><F96/><W2/><G94/><N who="0" m="56543" /><D107/><U43/><E18/><V88/><F125/><W8/><G39/><T51/><D79/><U110/><E110/><V93/><F33/><W102/><G102/><T37/><D37/><U19/><E19/><V111/><F111/><W133/><G47/><T103/><D103/><U75/><E75/><V106/><F106/><W64/><G64/><T127/><D128/><U10/><E10/><V74/><F74/><W25/><G133/><T101/><D132/><U131/><E26/><V82/><F93/><W73/><G73/><T61/><D101/><U34/><E131/><V92/><F92/><W14/><G14/><T22/><D36/><U60/><E112/><V78/><F78/><W115/><G115/><T129/><D129/><U15/><E15/><V7/><F7/><W80/><G13/><N who="0" m="9519" /><D51/><U99/><E99/><V66/><F66/><W95/><G95/><T0/><D0/><U65/><E65/><V77/><F77/><W24/><G29/><T42/><D42/><U27/><E27/><AGARI ba="0,0" hai="1,2,3,8,9,11,20,23,24,25,27,80,81,83" machi="27" ten="50,8000,1" yaku="29,2,28,2" doraHai="28" who="3" fromWho="1" sc="290,0,191,-80,239,0,280,80" owari="290,9.0,111,-38.9,239,-16.1,360,46.0" /></mjloggm>