<mjloggm ver="2.3"><GO type="225" lobby="0"/><UN n0="%E3%81%BF%E3%81%BF%E3%81%9A" n1="%48%61%61%61%6C%61%6E%64" n2="%72%69%6F%75%63%68%61%6E" n3="%E3%81%8B%E3%82%8F%E3%81%A1%E3%82%83%E3%82%93%35%38" dan="18,18,17,17" rate="2268.07,2195.90,2245.31,2245.47" sx="M,M,M,M"/><TAIKYOKU oya="0"/><INIT seed="0,0,0,2,1,84" ten="250,250,250,250" oya="0" hai0="11,26,114,96,46,47,73,57,67,131,70,95,124" hai1="77,125,113,7,40,22,88,132,127,12,63,83,32" hai2="36,126,8,90,78,43,9,6,4,86,64,51,66" hai3="48,103,121,105,5,112,92,116,0,31,87,18,107"/><T24/><D114/><U102/><E32/><V25/><F126/><N who="1" m="48137" /><E102/><V122/><F122/><W119/><G48/><T41/><D124/><U60/><E113/><V130/><F36/><W65/><G18/><T100/><D73/><N who="1" m="43439" /><E40/><V56/><F130/><W99/><G31/><T118/><D118/><N who="3" m="45097" /><G5/><N who="2" m="2153" /><F78/><W123/><G65/><N who="2" m="25193" /><F25/><N who="0" m="9834" /><D70/><U62/><E132/><V59/><F43/><W108/><G0/><T75/><D75/><U69/><E69/><V16/><F51/><W53/><G53/><T30/><D131/><U74/><E74/><V2/><F2/><W91/><G112/><T10/><D30/><U28/><E28/><V14/><F8/><N who="0" m="3114" /><D41/><U101/><E7/><V34/><F34/><W19/><G19/><T54/><D67/><U109/><E101/><V110/><F110/><W104/><G108/><T13/><D13/><U61/><E109/><V1/><F1/><W27/><G27/><T37/><D37/><U17/><N who="1" m="15360" /><DORA hai="80" /><U38/><E38/><V89/><F89/><AGARI ba="0,0" hai="12,17,22,88,89" m="15360,43439,48137" machi="89" ten="50,8000,1" yaku="18,1,52,2,54,1" doraHai="84,80" who="1" fromWho="2" sc="250,0,250,80,250,-80,250,0" /><INIT seed="1,0,0,2,4,53" ten="250,330,170,250" oya="1" hai0="35,50,117,76,97,46,116,127,111,26,19,62,91" hai1="124,47,118,9,90,55,20,56,73,63,31,125,23" hai2="10,43,89,134,110,48,72,28,52,105,12,68,101" hai3="108,106,2,30,69,100,64,17,98,132,3,66,67"/><U0/><E118/><V51/><F68/><W60/><G108/><T1/><D1/><U54/><E73/><V41/><F110/><W14/><G132/><T123/><D127/><N who="1" m="48715" /><E31/><V88/><F72/><W95/><G66/><T96/><D111/><U27/><E90/><N who="2" m="34923" /><F105/><W135/><G135/><T79/><D123/><U102/><E102/><V113/><F134/><W4/><G95/><T112/><D112/><U6/><E27/><V13/><F113/><W61/><G4/><T94/><D116/><U29/><E29/><V24/><F101/><W22/><REACH who="3" step="1"/><G30/><REACH who="3" ten="250,330,170,240" step="2"/><T33/><D117/><U85/><E85/><V65/><F65/><W92/><G92/><T34/><D97/><U5/><E6/><N who="2" m="3159" /><F13/><W86/><G86/><T129/><D129/><U39/><E5/><V77/><F77/><W126/><G126/><T78/><D19/><U21/><E0/><V70/><F70/><AGARI ba="0,1" hai="2,3,14,17,22,60,61,64,67,69,70,98,100,106" machi="70" ten="30,7700,0" yaku="1,1,7,1,9,1,53,1" doraHai="53" doraHaiUra="11" who="3" fromWho="2" sc="250,0,330,0,170,-77,240,87" /><INIT seed="2,0,0,1,2,73" ten="250,330,93,327" oya="2" hai0="102,29,88,46,81,117,82,133,28,75,132,78,89" hai1="14,83,25,74,39,32,128,53,43,129,114,58,103" hai2="22,1,21,37,92,135,47,124,50,76,49,0,125" hai3="93,26,86,100,45,104,96,52,63,91,69,122,6"/><V2/><F135/><N who="0" m="51786" /><D117/><U134/><E134/><V13/><F37/><W16/><G122/><T65/><D65/><U48/><E114/><V5/><F92/><W31/><G6/><T94/><D46/><N who="1" m="23935" /><E103/><V71/><F71/><W130/><G130/><N who="1" m="50282" /><E14/><V23/><F76/><W41/><G16/><T66/><D66/><U18/><E18/><V24/><F24/><W11/><G11/><T35/><D35/><U110/><E110/><V61/><F61/><W115/><G115/><T72/><D102/><U131/><E131/><V68/><F68/><W57/><G69/><T56/><D56/><U101/><E101/><V30/><F30/><N who="0" m="11882" /><D94/><U8/><E8/><N who="2" m="4239" /><F47/><W116/><G116/><T15/><D15/><U17/><E32/><V84/><F84/><W27/><REACH who="3" step="1"/><G31/><REACH who="3" ten="250,330,93,317" step="2"/><T33/><D33/><U60/><E17/><V7/><F7/><W108/><G108/><T112/><D112/><U42/><E25/><V40/><F40/><W123/><G123/><T38/><D38/><AGARI ba="0,1" hai="26,27,38,41,45,52,57,63,86,91,93,96,100,104" machi="38" ten="30,3900,0" yaku="1,1,7,1,54,1,53,0" doraHai="73" doraHaiUra="119" who="3" fromWho="0" sc="250,-39,330,0,93,0,317,49" /><INIT seed="3,0,0,1,1,26" ten="211,330,93,366" oya="3" hai0="5,37,120,53,132,62,17,31,126,27,12,32,19" hai1="106,123,60,65,84,43,127,86,124,30,47,91,98" hai2="57,74,134,104,46,21,70,117,119,114,97,78,35" hai3="18,49,14,23,20,73,13,122,107,4,8,50,88"/><W29/><G107/><T24/><D37/><U2/><E2/><V71/><F21/><W11/><G73/><T33/><D53/><U59/><E123/><V130/><F57/><W36/><G36/><T38/><D62/><U44/><E30/><V96/><F97/><W72/><G72/><T3/><D38/><U15/><E15/><V131/><F46/><W103/><G103/><T67/><D67/><U77/><E77/><V92/><F92/><W94/><G122/><T118/><D120/><U82/><E84/><V110/><F114/><W80/><G80/><T85/><D85/><U52/><E65/><V9/><F9/><W68/><G68/><T79/><D79/><U42/><E44/><V40/><F40/><W89/><G89/><T95/><D95/><U56/><E56/><V115/><F115/><W116/><G116/><T10/><D132/><U6/><E6/><V133/><F110/><W105/><G105/><T54/><D54/><U135/><E42/><V81/><F35/><N who="0" m="13386" /><D126/><U7/><E124/><V93/><F70/><W22/><G50/><T51/><D51/><U99/><E43/><V69/><F71/><W45/><G49/><T121/><D121/><U39/><E82/><V28/><F28/><W75/><G45/><T58/><D58/><U125/><E59/><V112/><F112/><W1/><G94/><T113/><D113/><U41/><E47/><V128/><F69/><W87/><G75/><T63/><D10/><U100/><E125/><V109/><F109/><W0/><G87/><T66/><D118/><N who="2" m="45066" /><F93/><W64/><G64/><T76/><D66/><RYUUKYOKU ba="0,0" sc="211,-10,330,-10,93,30,366,-10" hai2="74,78,81,96,104,128,130,131,133,134" owari="201,-19.9,320,12.0,123,-37.7,356,45.6" /></mjloggm>