<mjloggm ver="2.3"><GO type="225" lobby="0"/><UN n0="%E3%81%A8%E3%82%93%E3%81%A8%E3%81%93%E3%81%A8%E3%82%93" n1="%E6%B0%B7%E5%B7%9D%E9%87%8C%E5%A5%88" n2="%E3%81%AA%E3%81%A1%30%39%32%37" n3="%38%63%E3%81%AF%E3%81%A3%E3%81%97%E3%83%BC" dan="16,16,16,16" rate="2118.56,2111.57,2099.67,2125.73" sx="M,F,M,M"/><TAIKYOKU oya="0"/><INIT seed="0,0,0,2,5,47" ten="250,250,250,250" oya="0" hai0="116,79,18,7,35,8,34,11,32,88,61,6,56" hai1="63,52,107,54,38,97,20,19,29,3,9,84,95" hai2="102,103,85,90,106,96,130,59,87,133,10,67,37" hai3="126,114,93,25,89,41,128,1,121,46,24,16,74"/><T132/><D116/><U124/><E124/><V105/><F37/><W15/><G114/><T27/><D79/><U36/><E29/><V4/><F67/><W51/><G1/><T53/><D132/><U55/><E63/><V62/><F133/><W28/><G126/><T43/><D43/><U98/><E107/><V131/><F62/><W50/><G74/><T92/><D27/><U33/><E33/><V23/><F23/><W111/><G111/><T72/><D72/><U83/><E9/><V12/><F59/><W135/><G135/><T73/><D73/><U78/><E3/><V110/><F110/><W100/><G100/><T69/><D69/><U17/><E17/><V122/><F122/><W77/><G77/><T129/><D129/><N who="2" m="49162" /><F90/><W76/><G76/><T48/><D61/><U57/><E57/><V49/><F49/><N who="3" m="26831" /><G128/><T2/><D35/><U115/><E115/><V30/><F30/><W58/><G121/><T108/><D108/><U75/><E75/><V44/><F44/><W70/><G70/><T125/><D125/><U45/><E45/><V134/><F134/><W82/><G28/><T42/><D42/><U80/><E80/><V86/><F102/><W109/><G109/><T118/><D118/><U31/><E31/><V117/><F117/><W68/><G68/><T104/><D104/><AGARI ba="0,0" hai="4,10,12,85,86,87,96,103,104,105,106" m="49162" machi="104" ten="30,1000,0" yaku="19,1" doraHai="47" who="2" fromWho="0" sc="250,-10,250,0,250,10,250,0" /><INIT seed="1,0,0,4,5,117" ten="240,250,260,250" oya="1" hai0="83,86,134,52,4,69,78,27,91,105,111,20,87" hai1="34,42,51,119,6,21,16,93,37,72,90,59,102" hai2="0,74,89,132,45,79,24,50,38,120,106,11,64" hai3="18,77,28,94,113,33,129,84,128,131,47,48,40"/><U73/><E119/><V75/><F106/><W68/><G68/><T56/><D69/><U70/><E34/><V53/><F132/><W114/><G18/><T3/><D105/><U61/><E102/><V81/><F120/><W31/><G33/><T130/><D111/><U55/><E6/><N who="2" m="1479" /><F74/><W26/><G26/><T104/><D104/><U125/><E125/><V10/><F10/><W57/><G57/><T85/><D130/><U98/><E37/><V66/><F89/><N who="3" m="53543" /><G77/><T121/><D134/><U63/><E63/><V108/><F24/><W71/><G71/><T13/><D3/><U67/><REACH who="1" step="1"/><E42/><REACH who="1" ten="240,240,260,250" step="2"/><N who="2" m="22743" /><F108/><W23/><G129/><T65/><D121/><U29/><E29/><V135/><F135/><W100/><G100/><T92/><D4/><U76/><E76/><V95/><F95/><W5/><G5/><T32/><D32/><U9/><E9/><V80/><F80/><W14/><G28/><T35/><D35/><U99/><E99/><V118/><F118/><W96/><G96/><T133/><D133/><U54/><E54/><V36/><F36/><W62/><G31/><N who="0" m="17895" /><D65/><U58/><E58/><AGARI ba="0,1" hai="50,53,58,64,66,75,79,81" m="22743,1479" machi="58" ten="30,1000,0" yaku="25,1" doraHai="117" who="2" fromWho="1" sc="240,0,240,-10,260,20,250,0" /><INIT seed="2,0,0,5,4,33" ten="240,230,280,250" oya="2" hai0="37,21,15,41,79,1,57,38,62,16,108,7,23" hai1="131,111,56,84,72,51,66,70,44,134,112,83,95" hai2="4,76,124,102,117,113,12,58,46,11,48,97,99" hai3="13,116,73,3,120,71,63,31,123,42,110,40,119"/><V69/><F113/><W65/><G73/><T132/><D108/><U125/><E112/><V8/><F117/><W87/><G87/><T75/><D132/><U92/><E111/><V89/><F69/><W122/><G31/><T10/><D41/><U29/><E134/><V86/><F124/><W5/><G13/><T121/><D121/><U35/><E125/><V61/><F11/><W129/><G110/><T105/><D105/><U118/><E118/><N who="3" m="45098" /><G3/><T9/><D79/><U104/><E104/><V6/><F6/><W36/><G5/><T59/><D75/><U53/><E72/><V130/><F102/><W77/><G77/><T19/><D57/><U126/><E126/><V55/><F130/><W34/><G34/><T39/><REACH who="0" step="1"/><D19/><REACH who="0" ten="230,230,280,250" step="2"/><U0/><E70/><V80/><REACH who="2" step="1"/><F76/><REACH who="2" ten="230,230,270,250" step="2"/><W96/><G129/><T93/><D93/><U22/><E131/><V43/><AGARI ba="0,2" hai="4,8,12,43,46,48,55,58,61,80,86,89,97,99" machi="43" ten="20,12000,1" yaku="1,1,2,1,0,1,7,1,8,1,53,0" doraHai="33" doraHaiUra="64" who="2" fromWho="2" sc="230,-40,230,-40,270,140,250,-40" /><INIT seed="2,1,0,3,3,61" ten="190,190,410,210" oya="2" hai0="100,2,106,84,120,102,135,70,86,74,16,87,130" hai1="115,42,31,90,89,78,85,58,131,75,44,55,52" hai2="9,72,118,40,112,59,28,68,36,7,37,49,46" hai3="117,54,110,101,8,109,99,18,24,34,12,107,95"/><V0/><F112/><W129/><G117/><T88/><D2/><U105/><E115/><V17/><F118/><W4/><G129/><T126/><D70/><U51/><E131/><V38/><F68/><W98/><G54/><T96/><D130/><U92/><E105/><V124/><F124/><W76/><G76/><T39/><D39/><U127/><E127/><V15/><F28/><W10/><G34/><T132/><D126/><U83/><E31/><V53/><REACH who="2" step="1"/><F72/><REACH who="2" ten="190,190,400,210" step="2"/><W108/><G24/><T65/><D74/><U71/><E71/><V64/><F64/><W81/><G81/><N who="0" m="49167" /><D65/><U122/><E122/><V119/><F119/><W1/><REACH who="3" step="1"/><G109/><REACH who="3" ten="190,190,400,200" step="2"/><T134/><D120/><U11/><E55/><V111/><F111/><W80/><G80/><T82/><D82/><U104/><E83/><V22/><AGARI ba="1,2" hai="0,7,9,15,17,22,36,37,38,40,46,49,53,59" machi="22" ten="20,3900,0" yaku="1,1,0,1,7,1,53,0" doraHai="61" doraHaiUra="77" who="2" fromWho="2" sc="190,-14,190,-14,400,62,200,-14" /><INIT seed="2,2,0,3,4,129" ten="176,176,462,186" oya="2" hai0="84,48,68,92,25,133,8,101,115,10,62,64,31" hai1="33,105,39,50,66,6,125,104,29,78,21,80,88" hai2="16,130,4,44,11,123,91,24,116,103,121,58,128" hai3="45,17,54,34,13,85,2,26,98,55,109,71,59"/><V81/><F103/><W63/><G2/><T36/><D36/><U35/><E39/><V53/><F116/><W83/><G71/><T119/><D115/><U76/><E6/><V23/><F44/><W114/><G114/><T82/><D119/><U106/><E66/><V18/><F81/><W1/><G1/><T56/><D133/><U27/><E125/><V14/><F91/><W111/><G98/><N who="0" m="59591" /><D48/><U97/><E50/><V32/><F53/><W127/><G127/><T67/><D64/><U95/><REACH who="1" step="1"/><E78/><REACH who="1" ten="176,166,462,186" step="2"/><V89/><F4/><W19/><G111/><T113/><D113/><U47/><E47/><V122/><F122/><W40/><G109/><T120/><D120/><U72/><AGARI ba="2,1" hai="21,27,29,33,35,72,76,80,88,95,97,104,105,106" machi="72" ten="30,7900,0" yaku="1,1,0,1,54,1,53,1" doraHai="129" doraHaiUra="79" who="1" fromWho="1" sc="176,-22,166,95,462,-41,186,-22" /><INIT seed="3,0,0,4,4,73" ten="154,261,421,164" oya="3" hai0="118,15,34,54,84,42,88,35,76,58,109,24,23" hai1="70,90,36,129,114,31,62,52,30,55,119,105,8" hai2="49,29,65,95,74,80,121,78,48,102,61,77,116" hai3="26,124,20,130,69,98,75,9,1,57,39,110,106"/><W56/><G69/><T117/><D42/><U125/><E105/><V85/><F116/><W112/><G112/><T46/><D76/><U103/><E103/><V12/><F121/><W111/><G39/><T10/><D46/><U66/><E114/><V135/><F135/><W6/><G75/><T131/><D109/><N who="3" m="41481" /><G124/><T18/><D131/><U5/><E36/><V83/><F29/><N who="3" m="17607" /><G130/><T11/><D117/><U94/><E119/><V96/><F12/><W113/><G113/><T82/><D118/><U44/><E129/><V122/><F122/><W67/><G67/><T107/><D107/><U108/><E108/><V64/><F64/><W22/><G22/><N who="0" m="11615" /><D34/><U92/><E125/><V68/><AGARI ba="0,0" hai="48,49,61,65,68,74,77,78,80,83,85,95,96,102" machi="68" ten="20,5200,0" yaku="0,1,7,1,52,2" doraHai="73" who="2" fromWho="2" sc="154,-13,261,-13,421,52,164,-26" owari="141,-25.9,248,4.8,473,57.3,138,-36.2" /></mjloggm>