<mjloggm ver="2.3"><GO type="225" lobby="0"/><UN n0="%6D%75%75%73%61%6E%6D%75" n1="%E9%A6%AC%E4%BA%86%E9%9A%94%E5%A3%81" n2="%E3%81%BF%E3%81%BF%E3%81%9A" n3="%72%69%6F%75%63%68%61%6E" dan="16,18,17,16" rate="2073.42,2215.19,2284.75,2173.17" sx="F,M,M,M"/><TAIKYOKU oya="0"/><INIT seed="0,0,0,3,3,51" ten="250,250,250,250" oya="0" hai0="57,31,0,60,35,82,89,18,38,21,104,20,25" hai1="54,97,63,26,77,40,116,75,1,86,69,115,103" hai2="131,16,36,52,74,8,46,6,79,3,111,30,90" hai3="56,88,10,29,109,4,106,95,73,15,27,68,17"/><T81/><D38/><U129/><E116/><V19/><F111/><W114/><G114/><T58/><D0/><U53/><E1/><V23/><F131/><W32/><G109/><T133/><D133/><U14/><E75/><V117/><F117/><W83/><G68/><T45/><D104/><U76/><E129/><V110/><F110/><W7/><G106/><T34/><D45/><U125/><E115/><V134/><F134/><W70/><G70/><T126/><D126/><U67/><E125/><V50/><F90/><W5/><G56/><T48/><D48/><U62/><E40/><N who="2" m="22791" /><F23/><W24/><G73/><T64/><D58/><U120/><E120/><V99/><F30/><W121/><G121/><T65/><D65/><U9/><E26/><V87/><F87/><W13/><G83/><T102/><D102/><U112/><E112/><V96/><F99/><W33/><G95/><T2/><D2/><U12/><E12/><V80/><F96/><W55/><G55/><T108/><D108/><U119/><E119/><V61/><F61/><W72/><G88/><T78/><D89/><U28/><E28/><V127/><F127/><W100/><G100/><T113/><D113/><U107/><E63/><V44/><AGARI ba="0,0" hai="3,6,8,16,19,44,50,52,74,79,80" m="22791" machi="44" ten="30,7900,0" yaku="25,1,52,1,54,2" doraHai="51" who="2" fromWho="2" sc="250,-39,250,-20,250,79,250,-20" /><INIT seed="1,0,0,4,4,13" ten="211,230,329,230" oya="1" hai0="0,39,44,56,5,128,34,115,42,134,132,75,96" hai1="19,18,45,48,35,69,124,1,88,80,89,53,77" hai2="135,121,7,103,16,67,120,123,51,74,23,37,32" hai3="131,60,15,68,30,104,4,57,10,82,50,105,54"/><U92/><E35/><V47/><F32/><W85/><G131/><T91/><D115/><U106/><E106/><V24/><F74/><W11/><G30/><T49/><D128/><U112/><E112/><V12/><F37/><W108/><G108/><T110/><D110/><U102/><E1/><V133/><F67/><W97/><G97/><T114/><D114/><U22/><E69/><V26/><F103/><W94/><G94/><N who="0" m="56415" /><D34/><U113/><E113/><V119/><F119/><W72/><G72/><T8/><D75/><U29/><E124/><V84/><F84/><W14/><G68/><T52/><D39/><U59/><E102/><V21/><F7/><W46/><G85/><T66/><D66/><U25/><E77/><V2/><F2/><W78/><G82/><T98/><D98/><N who="1" m="57615" /><E45/><V65/><F65/><W117/><G117/><T129/><D56/><U111/><E111/><V70/><F70/><W55/><REACH who="3" step="1"/><G78/><REACH who="3" ten="211,230,329,220" step="2"/><T122/><D129/><U28/><E28/><V73/><F73/><W118/><G118/><T43/><D122/><U107/><E107/><V109/><F109/><W83/><G83/><T20/><D132/><N who="2" m="50762" /><F21/><W17/><AGARI ba="0,1" hai="4,10,11,14,15,17,46,50,54,55,57,60,104,105" machi="17" ten="20,5200,0" yaku="1,1,0,1,7,1,52,1,53,0" doraHai="13" doraHaiUra="36" who="3" fromWho="3" sc="211,-13,230,-26,329,-13,220,62" /><INIT seed="2,0,0,4,2,105" ten="198,204,316,282" oya="2" hai0="85,61,22,25,2,54,122,14,103,66,126,117,83" hai1="74,35,7,108,65,13,60,127,124,20,82,34,91" hai2="118,84,98,76,99,100,59,95,75,55,39,97,15" hai3="90,68,5,53,63,16,106,8,94,133,46,44,69"/><V113/><F39/><W17/><G106/><T89/><D2/><U110/><E91/><V80/><F113/><W10/><G133/><T23/><D122/><U58/><E82/><V1/><F1/><W125/><G125/><N who="1" m="48202" /><E74/><V62/><F118/><W116/><G116/><T47/><D126/><U92/><E92/><V70/><F70/><W121/><G121/><T29/><D117/><U9/><E20/><V49/><F15/><N who="3" m="5519" /><G68/><T131/><D131/><U4/><E4/><V101/><F101/><W67/><G69/><T71/><D103/><U77/><E77/><V130/><F130/><W96/><G67/><T32/><D14/><U28/><E28/><V21/><F21/><W87/><G96/><T3/><D3/><U114/><E114/><V43/><F75/><W50/><G63/><T30/><D30/><U18/><E7/><V64/><F43/><N who="3" m="24863" /><G10/><T42/><REACH who="0" step="1"/><D54/><REACH who="0" ten="188,204,316,282" step="2"/><U0/><E0/><V33/><F33/><AGARI ba="0,1" hai="9,13,18,33,34,35,58,60,65,108,110" m="48202" machi="33" ten="30,1000,0" yaku="18,1" doraHai="105" who="1" fromWho="2" sc="188,0,204,20,316,-10,282,0" /><INIT seed="3,0,0,1,3,57" ten="188,224,306,282" oya="3" hai0="117,135,103,18,15,97,94,75,10,110,72,69,71" hai1="33,34,111,26,31,67,16,108,126,115,113,90,128" hai2="93,132,107,5,95,45,131,58,21,14,133,70,99" hai3="39,38,4,22,129,47,66,96,46,61,64,7,87"/><W88/><G129/><T52/><D117/><U51/><E128/><V49/><F70/><W98/><G38/><T50/><D110/><N who="1" m="42027" /><E126/><V118/><F58/><N who="3" m="36919" /><G39/><T130/><D135/><N who="2" m="51786" /><F131/><W36/><G36/><T109/><D130/><U125/><E125/><V80/><F80/><N who="3" m="49255" /><G66/><T40/><D40/><U23/><E67/><V43/><F118/><W121/><G121/><T48/><D48/><U92/><E51/><V2/><F2/><W63/><G63/><T105/><D109/><U73/><E73/><V32/><F32/><N who="1" m="12393" /><E31/><V35/><F35/><W89/><G22/><T83/><D105/><U42/><E42/><V6/><F107/><W53/><G53/><T106/><D106/><U100/><E100/><N who="2" m="60527" /><F95/><N who="3" m="56431" /><G98/><AGARI ba="0,0" hai="16,23,26,90,92,98,113,115" m="12393,42027" machi="98" ten="30,2000,0" yaku="14,1,54,1" doraHai="57" who="1" fromWho="3" sc="188,0,224,20,306,0,282,-20" owari="188,-31.2,244,-15.6,306,40.6,262,6.2" /></mjloggm>