<mjloggm ver="2.3"><GO type="225" lobby="0"/><UN n0="%E3%81%B5%E3%81%98%E3%81%8B%E3%81%A4" n1="%E3%81%BF%E3%81%BF%E3%81%9A" n2="%E5%B0%8F%E9%B3%A5%E9%81%8A%E7%B7%B4%E7%84%A1%32%31%E6%AD%B3" n3="%E4%BA%95%E5%B8%AF" dan="16,16,16,16" rate="2141.43,2140.49,2159.29,2053.96" sx="M,M,F,M"/><TAIKYOKU oya="0"/><INIT seed="0,0,0,1,2,81" ten="250,250,250,250" oya="0" hai0="47,6,80,93,29,41,52,58,17,122,53,48,114" hai1="31,77,92,103,131,101,26,45,46,4,16,25,115" hai2="57,113,87,129,43,85,127,12,23,20,95,35,89" hai3="104,88,33,30,63,68,99,133,102,49,50,9,84"/><T97/><D114/><U51/><E4/><V96/><F35/><W69/><G133/><T11/><D122/><U111/><E115/><V100/><F113/><W70/><G9/><T13/><D29/><U107/><E107/><V117/><F129/><W73/><G73/><T94/><D17/><U32/><E131/><V24/><F127/><W44/><G63/><T98/><D80/><U90/><E77/><V10/><F43/><W28/><G33/><T118/><D118/><U71/><E71/><V78/><F57/><W34/><G49/><T39/><REACH who="0" step="1"/><D53/><REACH who="0" ten="240,250,250,250" step="2"/><U19/><E19/><N who="2" m="8599" /><F117/><W109/><G34/><T120/><D120/><U62/><E16/><N who="2" m="12295" /><F78/><W37/><G28/><T124/><D124/><U22/><E31/><V0/><F0/><W7/><G30/><T128/><D128/><U8/><E32/><V67/><F67/><W76/><G76/><T66/><D66/><U82/><E26/><V59/><F59/><W1/><G1/><T132/><D132/><U74/><E25/><V14/><F14/><W91/><G68/><T2/><D2/><U36/><E22/><V21/><F23/><W83/><G69/><T79/><D79/><U40/><E82/><V18/><F21/><W135/><G70/><T130/><D130/><U60/><E74/><V54/><F18/><W116/><G135/><T61/><D61/><U106/><E62/><V56/><F100/><W55/><G116/><T65/><D65/><U42/><E60/><AGARI ba="0,1" hai="54,56,60,85,87,89,95,96" m="12295,8599" machi="60" ten="30,8000,1" yaku="25,1,8,1,52,2,54,1" doraHai="81" who="2" fromWho="1" sc="240,0,250,-80,250,90,250,0" /><INIT seed="1,0,0,1,0,3" ten="240,170,340,250" oya="1" hai0="15,101,6,60,124,54,0,85,115,113,9,80,77" hai1="98,57,26,111,73,24,97,25,78,134,14,61,20" hai2="22,114,5,65,35,45,107,87,128,94,19,127,21" hai3="7,31,58,70,102,90,46,86,36,63,1,126,79"/><U37/><E37/><V72/><F35/><W131/><G70/><T49/><D124/><U34/><E134/><V53/><F72/><W108/><G102/><T106/><D60/><U105/><E34/><V23/><F107/><W51/><G36/><T29/><D29/><U123/><E123/><V62/><F128/><W59/><G108/><T95/><D106/><U74/><E111/><V135/><F135/><W38/><G38/><T119/><D119/><U4/><E105/><V118/><F118/><W129/><G31/><T121/><D121/><U69/><E69/><V16/><F127/><W82/><G126/><T44/><D101/><U52/><E20/><V84/><F114/><W75/><G63/><T92/><REACH who="0" step="1"/><D0/><REACH who="0" ten="230,170,340,250" step="2"/><U48/><E61/><V112/><F62/><W18/><G131/><T71/><D71/><U68/><E68/><V32/><F112/><AGARI ba="0,1" hai="6,9,15,44,49,54,77,80,85,92,95,112,113,115" machi="112" ten="40,2600,0" yaku="1,1,52,1,53,0" doraHai="3" doraHaiUra="116" who="0" fromWho="2" sc="230,36,170,0,340,-26,250,0" /><INIT seed="2,0,0,4,2,2" ten="266,170,314,250" oya="2" hai0="26,87,68,76,37,116,13,110,33,24,74,94,12" hai1="5,51,78,97,6,66,63,16,113,20,102,95,55" hai2="50,105,54,48,1,18,27,9,126,22,93,84,60" hai3="64,35,133,122,96,89,100,75,91,111,108,3,92"/><V135/><F105/><W118/><G35/><T131/><D68/><U120/><E113/><V53/><F126/><W114/><G64/><T23/><D37/><U62/><E78/><V4/><F135/><W43/><G43/><T117/><D74/><U21/><E21/><V32/><F32/><W34/><G34/><T39/><D39/><U58/><E120/><V109/><F109/><N who="3" m="42059" /><G3/><T38/><D38/><U14/><REACH who="1" step="1"/><E63/><REACH who="1" ten="266,160,314,250" step="2"/><V83/><F60/><W56/><G122/><T8/><D76/><U99/><E99/><V112/><F112/><W82/><G114/><T61/><D61/><U125/><E125/><V71/><F71/><AGARI ba="0,1" hai="5,6,14,16,20,51,55,58,62,66,71,95,97,102" machi="71" ten="30,8000,1" yaku="1,1,7,1,52,2,54,1,53,0" doraHai="2" doraHaiUra="123" who="1" fromWho="2" sc="266,0,160,90,314,-80,250,0" /><INIT seed="3,0,0,4,0,133" ten="266,250,234,250" oya="3" hai0="69,6,127,114,78,62,96,16,9,110,1,128,27" hai1="82,34,45,123,124,61,8,81,118,109,39,84,37" hai2="113,90,119,30,88,20,7,120,18,87,135,131,3" hai3="115,79,85,66,101,47,72,70,121,52,43,11,25"/><W21/><G121/><T23/><D110/><U24/><E123/><V134/><F120/><W53/><G115/><T32/><D114/><U57/><E109/><V56/><F113/><W40/><G72/><T12/><D128/><U48/><E8/><N who="2" m="2175" /><F30/><W65/><G101/><T55/><D78/><U5/><E124/><V54/><F87/><W51/><G11/><T33/><D127/><U122/><E5/><V126/><F119/><W104/><G104/><T17/><D96/><U99/><E99/><V15/><F131/><W10/><G10/><T80/><D80/><U60/><E82/><V49/><F126/><W63/><G66/><T35/><D69/><U13/><E13/><V28/><F28/><W36/><G79/><T98/><D98/><U75/><E75/><V76/><F76/><W41/><G85/><T108/><D108/><U58/><E118/><V129/><F129/><W46/><REACH who="3" step="1"/><G40/><REACH who="3" ten="266,250,234,240" step="2"/><T83/><D9/><U74/><E74/><V29/><F29/><AGARI ba="0,1" hai="21,25,29,36,41,43,46,47,51,52,53,63,65,70" machi="29" ten="30,12000,1" yaku="1,1,2,1,7,1,54,1,53,1" doraHai="133" doraHaiUra="64" who="3" fromWho="2" sc="266,0,250,0,234,-120,240,130" owari="266,6.6,250,-15.0,114,-38.6,370,47.0" /></mjloggm>