<mjloggm ver="2.3"><GO type="225" lobby="0"/><UN n0="%72%65%6E%6B%75%6E" n1="%E6%B4%BE%E9%81%A3%E3%81%AE%E3%82%B8%E3%83%A3%E3%83%83%E3%82%AF" n2="%E5%A4%9C%E3%81%AE%E3%82%AC%E3%82%B9%E3%83%91%E3%83%BC%E3%83%AB" n3="%48%61%61%61%6C%61%6E%64" dan="17,17,16,18" rate="2217.57,2202.29,2122.70,2277.35" sx="M,M,M,M"/><TAIKYOKU oya="0"/><INIT seed="0,0,0,0,2,133" ten="250,250,250,250" oya="0" hai0="99,54,121,30,94,93,29,71,24,26,45,101,82" hai1="9,42,98,73,16,118,76,95,134,96,53,34,92" hai2="64,69,80,56,129,50,86,38,85,8,83,120,66" hai3="122,6,2,43,115,125,5,104,79,89,130,49,46"/><T87/><D87/><U4/><E118/><V19/><F120/><W124/><G115/><T32/><D32/><U52/><BYE who="0" /><E34/><V13/><F38/><W90/><G122/><T62/><D62/><U31/><E31/><V27/><F129/><W114/><G114/><T75/><D75/><U78/><E134/><V3/><F3/><W60/><G130/><T21/><D21/><U102/><E42/><V25/><F69/><W23/><G104/><UN n0="%72%65%6E%6B%75%6E" /><T48/><D121/><U109/><E109/><V51/><F56/><W61/><G79/><N who="1" m="30250" /><E4/><N who="3" m="1642" /><G23/><T108/><D71/><U22/><E9/><V107/><F8/><W12/><G12/><T35/><D82/><U15/><E73/><V74/><F74/><W112/><G2/><T41/><D108/><U81/><E81/><V10/><F10/><W36/><G36/><T39/><D26/><U17/><E17/><V58/><F58/><W40/><G40/><T119/><D29/><U7/><E7/><V127/><F107/><W72/><G72/><T1/><D1/><U68/><E68/><V100/><F13/><W28/><G28/><T128/><D128/><U47/><E47/><V88/><F19/><W84/><G112/><T113/><D113/><U103/><AGARI ba="0,0" hai="15,16,22,52,53,92,95,96,98,102,103" m="30250" machi="103" ten="30,4000,0" yaku="8,1,54,2" doraHai="133" who="1" fromWho="1" sc="250,-20,250,40,250,-10,250,-10" /><INIT seed="1,0,0,2,0,120" ten="230,290,240,240" oya="1" hai0="7,39,134,133,68,12,81,98,65,118,24,60,115" hai1="56,101,1,20,91,18,86,3,131,90,8,45,41" hai2="55,122,96,6,103,89,52,17,63,113,112,80,128" hai3="124,75,49,66,99,33,76,129,105,87,108,15,19"/><U106/><E131/><V107/><F128/><W77/><G129/><T92/><D115/><N who="2" m="44106" /><F122/><W73/><G33/><T126/><D118/><U48/><E106/><V94/><F6/><W16/><G124/><T111/><D39/><U71/><E71/><V21/><F80/><W23/><G66/><T35/><D126/><U100/><E91/><V9/><F9/><W95/><G105/><T83/><D111/><U27/><E56/><V54/><F63/><W78/><G108/><T22/><D35/><U36/><E36/><V127/><F127/><W4/><G4/><T47/><D47/><U34/><E34/><V13/><F55/><W109/><G109/><T37/><D12/><N who="1" m="7431" /><E3/><V50/><F50/><W85/><G49/><T123/><D7/><U114/><E1/><V10/><F10/><N who="3" m="6263" /><G75/><T25/><D25/><U132/><E114/><V67/><F67/><W5/><G73/><T88/><D37/><U61/><E61/><V30/><F30/><W135/><G5/><T119/><D123/><U82/><E132/><N who="0" m="50793" /><D119/><U130/><E130/><V58/><F58/><W116/><G116/><T31/><AGARI ba="0,0" hai="22,24,31,60,65,68,81,83,88,92,98" m="50793" machi="31" ten="30,2000,0" yaku="20,1,54,1" doraHai="120" who="0" fromWho="0" sc="230,20,290,-10,240,-5,240,-5" /><INIT seed="2,0,0,1,5,5" ten="250,280,235,235" oya="2" hai0="15,20,28,114,83,87,65,86,38,88,73,25,35" hai1="99,11,126,104,19,22,84,55,43,106,102,124,100" hai2="125,39,94,54,121,41,110,18,51,29,82,118,80" hai3="117,57,2,26,4,44,31,97,89,107,91,129,12"/><V6/><F118/><W127/><G117/><T48/><D114/><U115/><E115/><V76/><F121/><W116/><G116/><T0/><D38/><U23/><E43/><V59/><F125/><N who="1" m="48233" /><E84/><V101/><F29/><W64/><G2/><T75/><D0/><U74/><E74/><V78/><F110/><W62/><G127/><T10/><D65/><U72/><E72/><V133/><F133/><W36/><G129/><T113/><D35/><U3/><E55/><V14/><F6/><W61/><G61/><T119/><D113/><U49/><E49/><V50/><F39/><W70/><G57/><T17/><D119/><U122/><E122/><V108/><F108/><W135/><G135/><T128/><D128/><U130/><E130/><V47/><F78/><W21/><G44/><T67/><D67/><U58/><E58/><V123/><F123/><W69/><G69/><T109/><D109/><U13/><E3/><V79/><F76/><W33/><G36/><T111/><D111/><U42/><E42/><V1/><F1/><W7/><G33/><T32/><D32/><U98/><AGARI ba="0,0" hai="11,13,19,22,23,98,99,100,102,104,106" m="48233" machi="98" ten="30,2000,0" yaku="18,1,52,1" doraHai="5" who="1" fromWho="1" sc="250,-5,280,20,235,-10,235,-5" /><INIT seed="3,0,0,3,0,111" ten="245,300,225,230" oya="3" hai0="31,84,37,116,38,109,63,112,0,132,52,66,1" hai1="80,107,5,44,36,64,33,90,51,115,7,134,125" hai2="99,130,19,98,82,121,94,123,78,86,49,95,13" hai3="42,39,88,2,68,131,71,133,32,120,17,85,96"/><W122/><G131/><T16/><D116/><U61/><E107/><V57/><F130/><W11/><G32/><T23/><D31/><U91/><E36/><N who="0" m="13929" /><D66/><U104/><E115/><V46/><F57/><W35/><G35/><T20/><D20/><U103/><E125/><V83/><F83/><W9/><G133/><T60/><D60/><U75/><E33/><V28/><F28/><W45/><G96/><T21/><D21/><U69/><E134/><V25/><F25/><W58/><G58/><N who="0" m="35271" /><D84/><U129/><E129/><V135/><F135/><W81/><G120/><N who="2" m="46153" /><F99/><W65/><G122/><T72/><D72/><U48/><E75/><V15/><F98/><W117/><G117/><T34/><D34/><U56/><E61/><V30/><F30/><W110/><G65/><T114/><D132/><U93/><E64/><V4/><F4/><W8/><G110/><T100/><D100/><U12/><E5/><V50/><F13/><W106/><G106/><T101/><D101/><U105/><E12/><V77/><F77/><W55/><G2/><T89/><D89/><U128/><E7/><V40/><F50/><N who="3" m="29135" /><G17/><T14/><D109/><U76/><E105/><V59/><F59/><W87/><G87/><T24/><D14/><U29/><E29/><V22/><AGARI ba="0,0" hai="15,19,22,40,46,49,78,82,86,94,95" m="46153" machi="22" ten="30,1100,0" yaku="13,1" doraHai="111" who="2" fromWho="2" sc="245,-3,300,-3,225,11,230,-5" /><INIT seed="4,0,0,1,1,38" ten="242,297,236,225" oya="0" hai0="53,103,132,0,49,51,98,126,118,81,69,128,97" hai1="43,16,35,14,33,125,19,70,75,50,52,24,60" hai2="13,109,63,79,92,76,17,32,3,106,115,85,111" hai3="100,5,86,31,101,9,104,87,55,131,93,94,48"/><T113/><D118/><U58/><E75/><V18/><F106/><W1/><G131/><T37/><D37/><U66/><E125/><V39/><F3/><W40/><G31/><T129/><D69/><U56/><E24/><V95/><F32/><W102/><G104/><T44/><D0/><U91/><E91/><V80/><F115/><W8/><G8/><T68/><D68/><U112/><E112/><V29/><F29/><W30/><G30/><T2/><D2/><U28/><E28/><V119/><F39/><W42/><G94/><T4/><D4/><U72/><E72/><V25/><F119/><W34/><G34/><T41/><D113/><U99/><E99/><V67/><F79/><W108/><G108/><T74/><D126/><U77/><E77/><V121/><F121/><W107/><G107/><T124/><D124/><U122/><E122/><V84/><F84/><W47/><REACH who="3" step="1"/><G87/><REACH who="3" ten="242,297,236,215" step="2"/><T117/><D117/><U45/><E19/><V20/><F111/><W127/><G127/><T82/><D132/><U26/><E33/><V21/><REACH who="2" step="1"/><F109/><REACH who="2" ten="242,297,226,215" step="2"/><W83/><G83/><T71/><D81/><U110/><E110/><V12/><F12/><W96/><G96/><T57/><D82/><U7/><E35/><V135/><F135/><W10/><G10/><T11/><D11/><U6/><E26/><V59/><AGARI ba="0,2" hai="13,17,18,20,21,25,59,63,67,76,80,85,92,95" machi="59" ten="20,8000,1" yaku="1,1,0,1,7,1,8,1,53,1" doraHai="38" doraHaiUra="54" who="2" fromWho="2" sc="242,-40,297,-20,226,100,215,-20" owari="202,-19.8,277,7.7,326,42.6,195,-30.5" /></mjloggm>