<mjloggm ver="2.3"><GO type="225" lobby="0"/><UN n0="%E3%81%B5%E3%81%98%E3%81%8B%E3%81%A4" n1="%E8%BE%9B%E5%8F%A3%E3%82%AB%E3%83%AC%E3%83%BC%E3%83%A9%E3%82%A4%E3%82%B9" n2="%E3%83%A9%E3%83%BC%E3%83%A1%E3%83%B3%E4%BA%94%E9%83%8E" n3="%E6%9D%B1%E9%A2%A8%E3%81%AE%E3%81%8D%E3%82%83%E3%81%B7%E3%81%95%E3%82%93" dan="16,17,16,16" rate="2137.64,2223.06,2050.20,2219.46" sx="M,M,M,M"/><TAIKYOKU oya="0"/><INIT seed="0,0,0,5,5,86" ten="250,250,250,250" oya="0" hai0="89,63,96,73,37,80,88,40,95,112,84,132,24" hai1="20,106,127,21,27,126,36,42,30,102,76,128,131" hai2="43,100,79,78,22,105,51,94,18,109,87,13,35" hai3="68,122,47,49,33,50,15,44,90,125,129,53,39"/><T133/><D112/><U93/><E106/><V26/><F109/><W82/><G68/><T72/><D37/><U97/><E76/><V32/><F105/><W99/><G33/><T115/><D115/><U64/><E64/><V103/><F32/><W45/><G129/><N who="1" m="49738" /><E20/><V19/><F35/><W71/><G71/><T101/><D40/><U65/><E65/><V41/><F79/><W92/><G125/><N who="1" m="47626" /><E36/><V118/><F78/><W56/><G122/><T66/><D24/><U119/><E42/><N who="2" m="15883" /><F51/><W25/><G39/><T52/><D52/><U134/><E119/><V12/><F26/><W62/><G82/><T10/><D10/><U107/><E107/><V55/><F55/><W67/><G25/><T98/><D66/><U104/><E104/><V75/><F75/><N who="0" m="28746" /><D63/><U59/><E59/><V113/><F113/><W108/><G108/><T38/><D38/><U85/><E85/><V124/><F124/><W28/><G67/><T29/><D29/><U3/><E3/><V61/><F61/><W114/><G28/><T135/><D98/><U74/><E74/><V116/><F116/><W69/><G69/><T91/><AGARI ba="0,0" hai="80,84,88,89,91,95,96,101,132,133,135" m="28746" machi="91" ten="40,18000,2" yaku="20,1,34,2,52,3,54,1" doraHai="86" who="0" fromWho="0" sc="250,180,250,-60,250,-60,250,-60" /><INIT seed="0,1,0,2,1,110" ten="430,190,190,190" oya="0" hai0="121,24,5,131,45,74,124,118,14,117,113,52,21" hai1="1,15,37,53,23,3,29,84,9,26,78,71,77" hai2="63,57,66,83,130,34,72,92,19,10,98,111,38" hai3="8,58,80,87,95,68,49,40,88,133,69,123,109"/><T51/><D113/><U103/><E71/><V61/><F38/><W89/><G109/><T20/><D121/><U86/><E37/><V107/><F111/><W41/><G133/><T101/><D74/><U39/><E39/><V96/><F34/><W11/><G123/><T100/><D124/><U106/><E106/><V79/><F130/><W55/><G68/><T125/><D125/><U31/><E31/><V2/><F107/><W104/><G69/><T59/><D131/><U0/><E103/><V129/><F129/><W56/><G56/><T120/><D120/><U6/><REACH who="1" step="1"/><E53/><REACH who="1" ten="430,180,190,190" step="2"/><V46/><F66/><W81/><G104/><T47/><D101/><U90/><E90/><V70/><F70/><W108/><G108/><T94/><D117/><U27/><E27/><V44/><F79/><AGARI ba="1,1" hai="0,1,3,6,9,15,23,26,29,77,78,79,84,86" machi="79" ten="40,1300,0" yaku="1,1,53,0" doraHai="110" doraHaiUra="65" who="1" fromWho="2" sc="430,0,180,26,190,-16,190,0" /><INIT seed="1,0,0,3,0,51" ten="430,206,174,190" oya="1" hai0="35,92,131,91,12,3,126,66,29,116,135,22,71" hai1="27,70,76,36,127,20,120,102,87,95,37,18,115" hai2="83,30,62,97,90,6,68,39,41,4,65,94,28" hai3="5,101,57,14,45,34,7,81,119,130,44,80,8"/><U75/><E115/><V11/><F4/><W47/><G34/><T103/><D116/><U85/><E120/><V40/><F83/><W122/><G130/><T118/><D118/><U21/><E70/><V23/><F39/><W61/><G122/><T111/><D3/><U69/><E69/><V60/><F60/><W2/><G119/><T49/><D103/><U88/><E127/><V73/><F73/><W121/><G101/><T26/><D111/><U67/><E67/><V129/><F129/><W33/><G33/><T9/><D135/><U79/><E75/><V55/><F55/><N who="3" m="33983" /><G2/><T99/><D131/><U77/><E102/><V46/><F23/><W64/><G64/><T114/><D114/><U19/><REACH who="1" step="1"/><E85/><REACH who="1" ten="430,196,174,190" step="2"/><V113/><F113/><W108/><G121/><T1/><D126/><U89/><E89/><V100/><F90/><W50/><G108/><T58/><D71/><U43/><E43/><V96/><F40/><N who="3" m="24839" /><G5/><N who="0" m="1199" /><D66/><U10/><E10/><V106/><F68/><W117/><G117/><T56/><D49/><U112/><E112/><V105/><F65/><W59/><G8/><T48/><D48/><U74/><E74/><V32/><F11/><N who="3" m="4479" /><G45/><T93/><D91/><U63/><E63/><V132/><F62/><W104/><G47/><T52/><D99/><U107/><E107/><V13/><F105/><W72/><G104/><T109/><D109/><U124/><E124/><V42/><F106/><W15/><G72/><T98/><D98/><U123/><E123/><V25/><F96/><W82/><G59/><T134/><D58/><U53/><E53/><V38/><F97/><RYUUKYOKU ba="0,1" sc="430,-15,196,15,174,-15,190,15" hai1="18,19,20,21,27,36,37,76,77,79,87,88,95" hai3="15,80,81,82" /><INIT seed="1,1,1,5,3,37" ten="415,211,159,205" oya="1" hai0="81,48,128,85,71,10,126,32,77,133,121,117,59" hai1="109,122,130,83,56,61,2,131,42,8,108,66,125" hai2="75,15,99,113,87,118,31,0,1,3,68,74,72" hai3="20,44,21,89,123,82,94,23,90,46,28,64,95"/><U22/><E122/><V127/><F118/><W103/><G64/><T120/><D117/><U7/><E125/><V24/><F127/><W105/><G123/><N who="0" m="47179" /><D71/><U124/><E124/><V50/><F68/><W53/><G28/><T12/><D32/><U67/><E67/><V106/><F113/><W92/><G82/><T18/><D126/><U102/><E102/><V41/><F15/><W49/><REACH who="3" step="1"/><G46/><REACH who="3" ten="415,211,159,195" step="2"/><T93/><D81/><U73/><E83/><V96/><F31/><W62/><G62/><T17/><D128/><U55/><E66/><V76/><F72/><W34/><G34/><T107/><D133/><U14/><E73/><V88/><F74/><W135/><G135/><T45/><D45/><U6/><E131/><V57/><F75/><W5/><G5/><T79/><D59/><U19/><E7/><V60/><F57/><W40/><G40/><T134/><D134/><U114/><E130/><V36/><F41/><W100/><G100/><T52/><D18/><U116/><E116/><V26/><F60/><W98/><AGARI ba="1,2" hai="20,21,23,44,49,53,89,90,92,94,95,98,103,105" machi="98" ten="40,2700,0" yaku="1,1,0,1,53,0" doraHai="37" doraHaiUra="129" who="3" fromWho="3" sc="415,-8,211,-14,159,-8,195,50" /><INIT seed="2,0,0,0,4,87" ten="407,197,151,245" oya="2" hai0="66,131,92,109,77,107,62,0,57,59,32,38,33" hai1="100,37,55,121,16,133,79,70,89,90,5,95,108" hai2="2,127,17,31,102,126,25,35,53,8,114,26,125" hai3="96,13,45,132,128,130,72,116,60,84,9,111,129"/><V58/><F102/><W94/><G72/><T85/><D107/><U49/><E37/><V1/><F114/><W74/><G74/><T56/><D38/><U18/><E70/><V48/><REACH who="2" step="1"/><F8/><REACH who="2" ten="407,197,141,245" step="2"/><W15/><G9/><T19/><D131/><U36/><E121/><V112/><F112/><W76/><G129/><T123/><D123/><U75/><E100/><V12/><F12/><W103/><G13/><T21/><D0/><U98/><E133/><V41/><F41/><W52/><G15/><N who="0" m="9471" /><D33/><U14/><E14/><V46/><F46/><W68/><G45/><T69/><D32/><U91/><E5/><V28/><F28/><W83/><G103/><T24/><D24/><U106/><E106/><V97/><F97/><W118/><G96/><T67/><D62/><U34/><E34/><V3/><F3/><W99/><G99/><T22/><D22/><AGARI ba="0,1" hai="1,2,17,22,25,26,31,35,48,53,58,125,126,127" machi="22" ten="40,3900,0" yaku="1,1,18,1,53,0" doraHai="87" doraHaiUra="11" who="2" fromWho="0" sc="407,-39,197,0,141,49,245,0" /><INIT seed="2,1,0,2,4,88" ten="368,197,190,245" oya="2" hai0="74,117,103,33,111,2,133,58,108,128,41,93,95" hai1="98,59,62,66,52,99,16,43,112,20,44,91,55" hai2="64,5,35,85,130,83,54,115,0,94,121,45,60" hai3="28,107,120,76,118,8,18,29,70,96,114,132,92"/><V34/><F115/><W12/><G107/><T31/><D2/><U4/><E112/><V79/><F121/><W109/><G70/><T134/><D74/><U51/><E4/><V80/><F130/><W17/><G120/><T39/><D103/><U9/><E9/><V15/><F0/><W6/><G118/><T40/><D58/><U36/><E91/><V90/><F80/><W65/><G109/><N who="0" m="42059" /><D117/><U47/><REACH who="1" step="1"/><E66/><REACH who="1" ten="368,187,190,245" step="2"/><V63/><F5/><W101/><G114/><T123/><D123/><U56/><E56/><V1/><F64/><W77/><G65/><T87/><D128/><U113/><E113/><V24/><F90/><W61/><G6/><T10/><D10/><U104/><E104/><V124/><F45/><W21/><G8/><T72/><D134/><U89/><E89/><V3/><F1/><W13/><G132/><T97/><D133/><U49/><E49/><V106/><F3/><W119/><G119/><T125/><D39/><U32/><E32/><V122/><F106/><W73/><G76/><T50/><D50/><U105/><E105/><V38/><F122/><W67/><G77/><T53/><D33/><U110/><E110/><V75/><F38/><W131/><G131/><T46/><D46/><U23/><E23/><V14/><F34/><W57/><G67/><T135/><D135/><U7/><E7/><V84/><F35/><W26/><G21/><T48/><D48/><U27/><AGARI ba="1,1" hai="16,20,27,36,43,44,47,51,52,55,59,62,98,99" machi="27" ten="20,8000,1" yaku="1,1,0,1,7,1,54,2,53,0" doraHai="88" doraHaiUra="30" who="1" fromWho="1" sc="368,-21,187,93,190,-41,245,-21" /><INIT seed="3,0,0,2,4,72" ten="347,280,149,224" oya="3" hai0="18,32,122,132,16,17,127,94,35,62,118,63,113" hai1="88,112,114,40,75,101,115,51,38,3,129,2,106" hai2="109,121,64,39,9,31,53,7,105,78,98,67,125" hai3="91,22,42,43,29,12,79,108,65,34,70,71,100"/><W84/><G34/><T90/><D122/><U77/><E38/><V58/><F109/><W1/><G1/><T14/><D118/><U111/><E111/><V92/><F125/><W57/><G100/><T133/><D127/><U25/><E106/><V28/><F121/><W86/><G108/><T4/><D4/><U134/><E101/><V20/><F39/><W6/><G71/><T81/><D81/><U110/><E110/><V46/><F105/><W48/><G70/><T126/><D14/><U41/><E88/><V0/><F46/><W54/><G65/><T82/><D82/><U102/><E102/><V15/><F0/><W59/><G59/><T128/><D128/><U19/><E77/><V30/><F20/><W103/><G103/><T60/><D113/><U27/><E75/><V119/><F119/><W97/><G97/><T23/><D23/><N who="1" m="13567" /><E2/><V61/><REACH who="2" step="1"/><F78/><REACH who="2" ten="347,280,139,224" step="2"/><W21/><G79/><T104/><D104/><U80/><E3/><V89/><AGARI ba="0,1" hai="7,9,15,28,30,31,53,58,61,64,67,89,92,98" machi="89" ten="30,7900,0" yaku="1,1,2,1,0,1,8,1,53,0" doraHai="72" doraHaiUra="117" who="2" fromWho="2" sc="347,-20,280,-20,139,89,224,-39" owari="327,42.7,260,6.0,228,-17.2,185,-31.5" /></mjloggm>