<mjloggm ver="2.3"><GO type="225" lobby="0"/><UN n0="%E6%A0%B9%E5%85%83%E3%81%8B%E3%82%89%E5%90%B9%E3%81%A3%E9%A3%9B%E3%81%B6" n1="%E3%81%A1%E3%82%85%E3%81%86%E3%81%A9%E3%81%8F%E8%B1%A1%E3%81%95%E3%82%93" n2="%E3%83%B4%E3%83%A0%EF%BC%99%E3%81%A6" n3="%73%61%6B%6F%EF%BC%A0%E6%9C%80" dan="17,16,17,16" rate="2198.46,2110.83,2184.02,2155.42" sx="F,M,M,M"/><TAIKYOKU oya="0"/><INIT seed="0,0,0,2,1,109" ten="250,250,250,250" oya="0" hai0="135,18,114,57,119,62,116,40,100,110,64,73,41" hai1="86,10,133,122,101,61,80,91,24,65,71,82,69" hai2="75,129,79,20,77,37,1,46,16,34,63,102,50" hai3="118,54,83,9,7,60,30,42,128,21,66,130,32"/><T27/><D73/><U72/><E122/><V98/><F34/><W99/><G118/><T131/><D110/><U22/><E133/><V115/><F1/><W31/><G32/><T126/><D135/><U5/><E101/><V44/><F129/><N who="3" m="49771" /><G42/><T107/><D131/><U23/><E71/><V25/><F115/><W49/><G83/><T78/><D126/><U112/><E112/><V43/><F63/><W97/><G54/><T8/><D78/><U89/><E24/><V96/><F75/><W121/><G49/><T81/><D81/><U15/><REACH who="1" step="1"/><E72/><REACH who="1" ten="250,240,250,250" step="2"/><V127/><F127/><W33/><G121/><T95/><D114/><U2/><E2/><V48/><F37/><W104/><G104/><T125/><D107/><U134/><E134/><V0/><F0/><N who="3" m="231" /><G33/><T87/><D125/><U35/><E35/><V58/><F102/><W106/><G106/><T12/><D27/><U84/><AGARI ba="0,1" hai="5,10,15,22,23,61,65,69,80,82,84,86,89,91" machi="84" ten="30,4000,0" yaku="1,1,0,1,9,1,53,0" doraHai="109" doraHaiUra="68" who="1" fromWho="1" sc="250,-20,240,50,250,-10,250,-10" /><INIT seed="1,0,0,1,4,99" ten="230,290,240,240" oya="1" hai0="131,16,29,74,56,48,103,42,123,128,62,33,68" hai1="47,127,20,66,111,44,69,81,115,21,50,76,102" hai2="104,13,126,8,121,28,15,38,9,85,2,84,89" hai3="124,1,19,35,97,122,129,57,130,43,75,110,55"/><U60/><E115/><V31/><F121/><W51/><G75/><T91/><D123/><U107/><E127/><V88/><F2/><W92/><G1/><T106/><D74/><U77/><E111/><V34/><F104/><W32/><G110/><T64/><D91/><U23/><E47/><V37/><REACH who="2" step="1"/><F126/><REACH who="2" ten="230,290,230,240" step="2"/><W90/><G122/><T82/><D106/><U7/><E107/><V58/><F58/><W10/><G124/><T39/><D56/><U18/><E69/><V132/><F132/><W63/><G129/><T100/><D68/><U133/><E133/><V96/><F96/><W87/><G130/><T98/><D131/><U109/><E109/><V3/><F3/><W70/><G97/><T112/><D98/><U83/><E44/><V6/><F6/><W113/><G113/><T54/><D112/><U4/><E7/><V73/><F73/><W93/><G70/><T45/><D45/><U71/><E4/><V120/><F120/><W22/><G57/><T79/><D128/><U118/><E71/><V52/><F52/><W41/><G55/><T72/><D54/><U101/><E66/><V135/><F135/><W5/><G5/><T86/><D72/><U125/><E125/><V40/><F40/><W134/><G43/><T78/><D64/><U105/><E105/><V53/><F53/><W61/><G41/><T36/><D42/><U25/><E118/><V119/><F119/><W94/><G134/><T117/><D117/><U11/><E77/><V59/><F59/><W116/><G116/><T26/><D79/><U46/><E76/><V65/><F65/><RYUUKYOKU ba="0,1" sc="230,-10,290,-10,230,30,240,-10" hai2="8,9,13,15,28,31,34,37,38,84,85,88,89" /><INIT seed="2,1,1,3,1,68" ten="220,280,260,230" oya="2" hai0="101,53,103,106,52,2,28,40,113,105,6,121,99" hai1="55,58,69,50,47,80,114,54,128,125,11,33,107" hai2="37,46,24,48,110,31,124,13,63,17,64,92,18" hai3="35,23,62,21,135,41,44,87,60,12,131,111,8"/><V82/><F124/><W118/><G118/><T0/><D121/><U27/><E107/><V65/><F110/><W109/><G35/><T4/><D28/><U9/><E125/><V15/><F82/><W117/><G117/><T67/><D67/><U100/><E69/><V95/><F31/><W78/><G135/><T79/><D40/><U129/><E114/><V71/><F24/><W22/><G131/><N who="1" m="50250" /><E100/><V81/><F81/><W122/><G122/><T76/><REACH who="0" step="1"/><D99/><REACH who="0" ten="210,280,260,230" step="2"/><U10/><E33/><V34/><F34/><W77/><G111/><T14/><D14/><U90/><E27/><V119/><F119/><W70/><G109/><T51/><D51/><N who="1" m="31071" /><E9/><V96/><F64/><W66/><G66/><T116/><D116/><U126/><E126/><V25/><F25/><W134/><G134/><T20/><D20/><U94/><E80/><V104/><F48/><N who="3" m="26639" /><G70/><T123/><D123/><U59/><E47/><V133/><F133/><W89/><G62/><T84/><D84/><AGARI ba="1,2" hai="10,11,50,55,59,84,90,94" m="31071,50250" machi="84" ten="30,1000,0" yaku="19,1" doraHai="68" who="1" fromWho="0" sc="210,-13,280,33,260,0,230,0" /><INIT seed="3,0,0,4,0,50" ten="197,313,260,230" oya="3" hai0="67,123,126,83,3,95,1,48,65,107,77,43,135" hai1="2,64,35,84,112,130,37,45,109,41,101,113,90" hai2="66,10,19,46,100,74,114,63,79,18,88,24,34" hai3="108,8,31,47,93,104,111,106,27,20,61,97,85"/><W119/><G119/><T129/><D123/><U86/><E35/><V29/><F114/><W118/><G118/><T110/><D110/><N who="3" m="42025" /><G8/><T14/><D107/><U49/><E101/><V89/><F100/><N who="3" m="60463" /><G61/><T13/><D126/><U4/><E109/><V52/><F74/><W87/><G47/><T39/><D129/><U91/><E130/><V38/><F79/><W121/><G121/><T40/><D135/><U116/><E116/><V103/><F103/><W115/><G115/><T81/><D95/><U9/><E37/><V117/><F117/><W28/><G28/><T0/><D48/><U33/><E64/><V102/><F102/><W127/><G127/><T16/><D77/><U73/><E73/><V5/><F66/><W51/><G51/><T128/><D128/><U58/><E112/><V120/><F38/><W60/><G60/><T133/><D133/><U76/><E113/><V57/><F46/><W6/><G6/><T42/><D39/><U17/><E76/><V15/><F120/><W82/><G87/><T78/><D78/><AGARI ba="0,0" hai="20,27,31,78,82,85,104,106" m="60463,42025" machi="78" ten="30,2900,0" yaku="14,1,10,1" doraHai="50" who="3" fromWho="0" sc="197,-29,313,0,260,0,230,29" /><INIT seed="3,1,0,2,2,101" ten="168,313,260,259" oya="3" hai0="79,9,21,133,39,110,75,2,59,66,3,95,32" hai1="114,89,20,0,67,127,68,100,131,22,73,123,23" hai2="18,82,94,40,105,77,5,116,13,52,10,128,29" hai3="81,102,17,28,47,53,27,87,70,35,104,63,129"/><W64/><G129/><T33/><D110/><U112/><E0/><V106/><F116/><W65/><G17/><T8/><D39/><U38/><E38/><V1/><F128/><W98/><G64/><T30/><D95/><U19/><E127/><V4/><F40/><W37/><G37/><T49/><D79/><U15/><E123/><V135/><F29/><W26/><G26/><N who="0" m="16719" /><D66/><U72/><E100/><V46/><F94/><W92/><G92/><T45/><D59/><U122/><E122/><V50/><F135/><W111/><G111/><T83/><D83/><U55/><E131/><V132/><F132/><W119/><G119/><T84/><D84/><U96/><E55/><V24/><F24/><W12/><G12/><T16/><D75/><U62/><E73/><V14/><F14/><W86/><G81/><T107/><D107/><U115/><E72/><V76/><F76/><W71/><G71/><T134/><D49/><AGARI ba="1,0" hai="27,28,35,47,49,53,63,65,70,86,87,98,102,104" machi="49" ten="40,7700,0" yaku="25,2,52,1" doraHai="101" who="3" fromWho="0" sc="168,-80,313,0,260,0,259,80" owari="88,-41.2,313,11.3,260,-14.0,339,43.9" /></mjloggm>