<mjloggm ver="2.3"><GO type="225" lobby="0"/><UN n0="%E6%9A%87%E4%BA%BA%EF%BC%A0%E9%85%8D%E4%BF%A1%E5%9E%A2" n1="%E6%B4%BE%E9%81%A3%E3%81%AE%E3%82%B8%E3%83%A3%E3%83%83%E3%82%AF" n2="%E3%82%BC%E3%83%AB%E3%83%80%E3%81%AE%E4%BC%9D%E8%AA%AC" n3="%E5%84%AA%40%41%42%43" dan="17,16,16,18" rate="2142.78,2173.25,2243.57,2233.23" sx="F,M,M,M"/><TAIKYOKU oya="0"/><INIT seed="0,0,0,5,3,51" ten="250,250,250,250" oya="0" hai0="53,96,64,88,44,121,28,109,5,32,1,33,103" hai1="114,50,58,70,56,125,105,95,34,20,52,43,117" hai2="37,111,21,83,84,131,13,81,11,62,91,60,19" hai3="40,85,49,69,18,108,12,127,65,25,42,128,8"/><T82/><D121/><U4/><E70/><V130/><F111/><W101/><G108/><T72/><D109/><U80/><E105/><V23/><F37/><W98/><G128/><N who="2" m="49193" /><F81/><W119/><G119/><T86/><D64/><U94/><E34/><V17/><F23/><W90/><G127/><T104/><D28/><U38/><E117/><V100/><F100/><W48/><G25/><AGARI ba="0,0" hai="11,13,17,19,21,25,60,62,83,84,91" m="49193" machi="25" ten="30,1000,0" yaku="19,1" doraHai="51" who="2" fromWho="3" sc="250,0,250,0,250,10,250,-10" /><INIT seed="1,0,0,3,2,68" ten="250,250,260,240" oya="1" hai0="32,37,39,82,16,79,130,112,104,93,69,92,21" hai1="119,96,40,94,125,80,11,34,77,19,76,59,65" hai2="42,3,10,122,73,84,86,22,1,91,133,56,61" hai3="105,83,31,127,118,64,131,102,15,4,51,116,87"/><U9/><E119/><N who="3" m="45610" /><G131/><T48/><D112/><U41/><E34/><V29/><F73/><W109/><G109/><T53/><D32/><U97/><E125/><V74/><F74/><W62/><G127/><T108/><D104/><U38/><E19/><V8/><F122/><W49/><G31/><T58/><D69/><U71/><E71/><V124/><F124/><W6/><G102/><T44/><D108/><U89/><E59/><V110/><F110/><W50/><G105/><T132/><D130/><U111/><E111/><V14/><F133/><W95/><G95/><T5/><D5/><N who="3" m="2153" /><G15/><T123/><D132/><U7/><E7/><V57/><F14/><W67/><G62/><T129/><D123/><U23/><E23/><V20/><F61/><W60/><G60/><T135/><D135/><U0/><E94/><V101/><F101/><W106/><G106/><T90/><D129/><U85/><E80/><V98/><F29/><W45/><G45/><T46/><D93/><U103/><E103/><V35/><F35/><W18/><G18/><T63/><D46/><U47/><E47/><V25/><F25/><W70/><G70/><T126/><D126/><U12/><E12/><V128/><F128/><W33/><G33/><T52/><D92/><U121/><E121/><V114/><F114/><W26/><G26/><T36/><D90/><AGARI ba="0,0" hai="49,50,51,64,67,83,87,90" m="2153,45610" machi="90" ten="30,1000,0" yaku="12,1" doraHai="68" who="3" fromWho="0" sc="250,-10,250,0,260,0,240,10" /><INIT seed="2,0,0,1,2,117" ten="240,250,260,250" oya="2" hai0="107,44,68,21,126,124,76,88,23,61,113,43,22" hai1="131,125,59,123,72,115,108,81,62,47,52,135,34" hai2="6,55,9,36,111,13,84,122,42,94,69,10,11" hai3="15,35,90,67,38,116,30,8,93,71,86,109,65"/><V130/><F69/><W25/><G116/><T12/><D113/><U75/><E34/><V104/><F104/><W70/><G38/><T82/><D107/><U41/><E115/><V16/><F122/><W17/><REACH who="3" step="1"/><G109/><REACH who="3" ten="240,250,260,240" step="2"/><T37/><D124/><U33/><E108/><V57/><F111/><W24/><G24/><T49/><D126/><U73/><E125/><V60/><F130/><W26/><G26/><T92/><D37/><U2/><E131/><V78/><F36/><W14/><G14/><T31/><D31/><U105/><E105/><V56/><F42/><W114/><G114/><T74/><D12/><U99/><E2/><V18/><F6/><W19/><G19/><T28/><D28/><U53/><E41/><V97/><F13/><W100/><G100/><T64/><REACH who="0" step="1"/><D23/><REACH who="0" ten="230,250,260,240" step="2"/><U27/><E27/><V110/><F110/><W87/><G87/><AGARI ba="0,2" hai="21,22,43,44,49,61,64,68,74,76,82,87,88,92" machi="87" ten="30,8000,1" yaku="1,1,2,1,7,1,54,1,53,1" doraHai="117" doraHaiUra="80" who="0" fromWho="3" sc="230,100,250,0,260,0,240,-80" /><INIT seed="3,0,0,1,3,26" ten="330,250,260,160" oya="3" hai0="124,4,14,18,37,49,31,86,61,67,111,29,17" hai1="120,70,75,101,7,19,64,33,3,9,74,66,133" hai2="134,127,85,2,45,11,84,76,110,79,114,90,39" hai3="118,10,131,125,52,6,23,32,13,77,65,55,108"/><W34/><G118/><T69/><D37/><U97/><E120/><V132/><F114/><W100/><G131/><T93/><D111/><U57/><E57/><V62/><F110/><W42/><G108/><T119/><D119/><U104/><E133/><N who="2" m="51307" /><F127/><W115/><G115/><T58/><D124/><U129/><E129/><V103/><F103/><W68/><G125/><T1/><D1/><U117/><E117/><V24/><F24/><W0/><G42/><T130/><D130/><U15/><E33/><V89/><F62/><W105/><G77/><N who="2" m="29769" /><F39/><W21/><G32/><T106/><D106/><U63/><E66/><V116/><F116/><W122/><G34/><T46/><D69/><U5/><E5/><N who="2" m="1463" /><F45/><W99/><G122/><T88/><D4/><U95/><E104/><V81/><F85/><W121/><G121/><T112/><D112/><U8/><AGARI ba="0,0" hai="3,7,8,9,15,19,63,64,70,74,75,95,97,101" machi="8" ten="20,1500,0" yaku="0,1,7,1" doraHai="26" who="1" fromWho="1" sc="330,-4,250,15,260,-4,160,-7" owari="326,42.6,265,6.5,256,-14.4,153,-34.7" /></mjloggm>