<mjloggm ver="2.3"><GO type="225" lobby="0"/><UN n0="%72%61%6B%33" n1="%E8%A8%88%E7%AE%97%E6%A9%9F%E8%87%AA%E7%84%B6" n2="%48%61%61%61%6C%61%6E%64" n3="%E3%81%9F%E3%81%A3%E3%81%A1%E3%82%87" dan="16,17,17,16" rate="2207.52,2203.80,2258.95,2102.16" sx="M,M,M,M"/><TAIKYOKU oya="0"/><INIT seed="0,0,0,5,4,88" ten="250,250,250,250" oya="0" hai0="2,95,24,93,79,46,20,133,77,49,30,21,32" hai1="89,101,29,125,6,134,42,126,91,112,70,75,53" hai2="63,26,0,65,28,25,85,13,23,123,4,16,66" hai3="57,10,121,100,113,72,37,51,41,83,19,117,3"/><T69/><D69/><U92/><E70/><V130/><F123/><W111/><G113/><T78/><D2/><U64/><E64/><V98/><F130/><W118/><G121/><T38/><D38/><U87/><E42/><V27/><F85/><W119/><G100/><T55/><D133/><U39/><E39/><V40/><F40/><W48/><G111/><T106/><D106/><U108/><E29/><V36/><F36/><W76/><G57/><T35/><REACH who="0" step="1"/><D21/><REACH who="0" ten="240,250,250,250" step="2"/><U104/><E104/><V47/><F0/><W61/><G117/><T54/><D54/><U90/><E53/><V59/><F66/><W80/><G118/><T45/><D45/><U34/><E134/><V43/><F47/><W1/><G37/><T44/><D44/><U96/><E125/><V67/><F67/><W122/><G119/><T127/><D127/><U132/><E132/><V99/><F43/><W97/><G1/><T115/><D115/><U86/><E126/><V22/><F26/><W74/><G3/><T124/><D124/><U128/><E112/><V15/><F27/><W116/><G116/><T120/><D120/><U71/><E71/><V56/><F56/><W94/><G122/><T31/><D31/><U7/><E128/><V33/><F33/><AGARI ba="0,1" hai="20,24,30,32,33,35,46,49,55,77,78,79,93,95" machi="33" ten="40,18000,2" yaku="1,1,52,2,53,3" doraHai="88" doraHaiUra="73" who="0" fromWho="2" sc="240,190,250,0,250,-180,250,0" /><INIT seed="0,1,0,1,0,1" ten="430,250,70,250" oya="0" hai0="26,110,68,43,63,23,27,94,16,51,71,54,57" hai1="37,21,62,128,133,102,73,79,39,9,78,121,4" hai2="106,35,91,11,86,34,127,103,56,114,76,65,24" hai3="36,115,19,90,42,113,28,47,59,12,31,119,49"/><T117/><D117/><U100/><E121/><V2/><F114/><W81/><G119/><T29/><D110/><U95/><E128/><V45/><F127/><W85/><G113/><T6/><D6/><U25/><E133/><V75/><F24/><W15/><G115/><T52/><D43/><U38/><E62/><V55/><F65/><W109/><G109/><T8/><D94/><U13/><E73/><V135/><F45/><W88/><G12/><T58/><REACH who="0" step="1"/><D8/><REACH who="0" ten="420,250,70,250" step="2"/><U107/><E95/><V118/><F118/><W69/><G36/><T132/><D132/><U87/><E37/><V64/><F135/><W125/><G125/><T46/><D46/><U92/><E38/><V48/><F11/><W22/><G42/><T122/><D122/><U131/><E39/><V30/><F106/><W129/><G47/><T124/><D124/><U111/><E111/><V116/><F116/><W44/><G44/><T97/><D97/><U101/><E107/><V70/><F2/><W93/><G129/><T134/><D134/><U61/><E131/><V84/><F103/><W104/><G104/><T7/><D7/><U10/><E10/><V80/><F80/><W66/><G81/><T3/><D3/><U120/><E120/><V33/><F30/><W89/><G28/><T99/><D99/><U77/><E92/><V108/><F108/><W105/><G31/><T53/><D53/><U98/><E98/><V32/><F55/><N who="3" m="32239" /><G105/><T60/><D60/><AGARI ba="1,1" hai="15,19,22,60,66,69,85,88,89,90,93" m="32239" machi="60" ten="30,2000,0" yaku="25,1,54,1" doraHai="1" who="3" fromWho="0" sc="420,-23,250,0,70,0,250,33" /><INIT seed="1,0,0,2,0,38" ten="397,250,70,283" oya="1" hai0="11,132,88,126,58,97,81,50,17,134,0,123,8" hai1="79,117,69,68,52,119,102,113,89,80,46,127,57" hai2="63,120,4,64,82,31,54,62,22,84,56,20,108" hai3="124,85,3,61,130,59,30,33,72,111,6,99,12"/><U116/><E113/><V83/><F108/><W77/><G111/><T96/><D126/><U78/><E127/><V70/><F120/><W18/><G124/><T94/><D123/><U32/><E32/><V19/><F4/><W27/><G72/><T26/><D81/><U125/><E125/><V73/><F31/><W39/><G39/><T43/><D96/><U45/><E102/><V114/><F114/><W9/><G130/><T47/><D58/><U42/><E89/><V131/><F131/><W15/><G99/><T36/><D36/><U93/><E93/><V60/><F60/><W51/><G12/><T21/><REACH who="0" step="1"/><D0/><REACH who="0" ten="387,250,70,283" step="2"/><U23/><E45/><V103/><F82/><W37/><G37/><T1/><D1/><U100/><E80/><V95/><F83/><W48/><G59/><T76/><D76/><U86/><E78/><V25/><F84/><W115/><G85/><T5/><D5/><U92/><E79/><V75/><F56/><W109/><G77/><T106/><D106/><U104/><E104/><V7/><F7/><W14/><G115/><T101/><D101/><U44/><E44/><V118/><F103/><W10/><G3/><T91/><D91/><N who="1" m="53367" /><E100/><V2/><F2/><W41/><G61/><T65/><D65/><U128/><E128/><V66/><F62/><W74/><G51/><T121/><D121/><U34/><E57/><V28/><F63/><W29/><G48/><T49/><D49/><U87/><E87/><V35/><F64/><W122/><G122/><T90/><D90/><U53/><E46/><V112/><F66/><W110/><G6/><RYUUKYOKU ba="0,1" sc="387,30,250,-10,70,-10,283,-10" hai0="8,11,17,21,26,43,47,50,88,94,97,132,134" /><INIT seed="2,1,1,1,1,126" ten="417,240,60,273" oya="2" hai0="50,106,135,43,109,56,127,14,15,67,111,98,78" hai1="90,132,40,2,88,12,76,34,95,25,107,124,125" hai2="6,80,49,10,1,18,91,81,23,29,79,7,110" hai3="62,82,58,32,53,113,68,8,112,33,72,69,123"/><V13/><F110/><N who="0" m="41994" /><D127/><N who="1" m="48715" /><E2/><V9/><F29/><W128/><G128/><T134/><D78/><U115/><E107/><V116/><F116/><W3/><G123/><T44/><D67/><U89/><E115/><N who="3" m="44106" /><G72/><T17/><D56/><U36/><E76/><V92/><F49/><W24/><G82/><T84/><D84/><U130/><E132/><N who="0" m="50729" /><D17/><U108/><E108/><V54/><F54/><W118/><G118/><T41/><D41/><U45/><E12/><V85/><REACH who="2" step="1"/><F79/><REACH who="2" ten="417,240,50,273" step="2"/><W74/><G53/><T5/><D50/><U96/><E130/><V101/><F101/><W11/><G62/><T83/><D43/><U66/><E66/><V59/><F59/><W20/><G58/><T37/><D44/><U103/><E103/><V131/><F131/><W100/><G68/><T48/><D48/><U4/><E4/><V0/><AGARI ba="1,2" hai="0,1,6,7,9,10,13,18,23,80,81,85,91,92" machi="0" ten="20,7800,0" yaku="1,1,0,1,7,1,9,1,53,0" doraHai="126" doraHaiUra="117" who="2" fromWho="2" sc="417,-27,240,-27,50,101,273,-27" /><INIT seed="2,2,0,0,4,57" ten="390,213,151,246" oya="2" hai0="115,78,35,127,19,100,27,68,106,123,89,23,113" hai1="80,20,58,11,90,126,134,71,30,50,1,104,53" hai2="73,110,72,101,29,84,117,65,118,3,70,12,129" hai3="33,98,76,49,13,4,32,92,63,74,61,119,6"/><V82/><F3/><W21/><G119/><T2/><D89/><U85/><E104/><V130/><F29/><W87/><G74/><N who="2" m="28777" /><F12/><W15/><G32/><T97/><D2/><U120/><E71/><V124/><F65/><W44/><G33/><T75/><D123/><U81/><E120/><V62/><F70/><W125/><G87/><T45/><D68/><U91/><E1/><V36/><F36/><W95/><G76/><T43/><D35/><U66/><E66/><V47/><F47/><W94/><G98/><T79/><D127/><U26/><E126/><V16/><F16/><N who="3" m="10383" /><G125/><T38/><D78/><U69/><E69/><V96/><F62/><N who="3" m="23563" /><G15/><T40/><D79/><U103/><E85/><V34/><F34/><W54/><AGARI ba="2,0" hai="4,6,44,49,54,92,94,95" m="23563,10383" machi="54" ten="30,8000,1" yaku="8,1,52,3,54,1" doraHai="57" who="3" fromWho="3" sc="390,-22,213,-22,151,-42,246,86" /><INIT seed="3,0,0,1,0,25" ten="368,191,109,332" oya="3" hai0="36,44,97,110,95,15,4,98,14,31,51,106,130" hai1="38,91,94,54,6,41,52,48,117,103,128,56,32" hai2="19,28,26,49,27,118,66,112,127,57,107,113,71" hai3="69,53,76,100,80,50,13,9,114,93,34,133,70"/><W122/><G114/><T135/><D36/><U67/><E32/><V96/><F118/><W126/><G122/><T104/><D110/><U83/><E128/><V8/><F127/><W87/><G126/><T37/><D37/><U58/><E117/><V116/><F116/><W102/><G34/><T99/><D130/><U75/><E67/><V39/><F39/><W131/><G131/><T134/><D95/><U35/><E35/><V124/><F124/><W82/><G133/><N who="0" m="50699" /><D31/><U29/><E6/><V24/><F71/><W108/><G108/><T68/><D68/><U72/><E103/><N who="3" m="39466" /><G69/><T21/><D21/><U23/><E41/><V5/><F107/><N who="0" m="41002" /><D4/><U85/><E38/><V22/><F96/><W61/><G70/><T12/><D99/><U17/><E83/><N who="3" m="31786" /><G61/><T30/><D30/><U43/><E29/><V81/><F81/><N who="3" m="47527" /><G93/><T1/><D1/><U89/><E43/><AGARI ba="0,0" hai="12,14,15,43,44,51,97,98" m="41002,50699" machi="43" ten="40,1300,0" yaku="20,1" doraHai="25" who="0" fromWho="1" sc="368,13,191,-13,109,0,332,0" owari="381,48.1,178,-22.2,109,-39.1,332,13.2" /></mjloggm>