<mjloggm ver="2.3"><GO type="225" lobby="0"/><UN n0="%E3%81%B2%E3%81%AA%E3%81%AE%E3%82%8A%E3%81%8F" n1="%E5%84%AA%40%41%42%43" n2="%6A%70%74%77%61%32" n3="%E6%97%A5%E6%9B%9C%E6%97%A5%E3%82%88%E3%82%8A%E3%81%AE%E4%BD%BF%E8%80%85" dan="17,17,16,17" rate="2174.30,2261.88,2042.40,2164.84" sx="M,M,M,M"/><TAIKYOKU oya="0"/><INIT seed="0,0,0,2,0,111" ten="250,250,250,250" oya="0" hai0="35,55,28,73,78,20,63,42,97,103,60,2,70" hai1="36,96,56,83,121,24,108,32,4,76,5,12,47" hai2="59,79,92,115,93,82,48,89,58,124,30,53,10" hai3="131,69,15,100,130,18,29,116,127,0,132,120,7"/><T104/><D2/><U17/><E108/><V85/><F124/><W64/><G100/><T26/><D42/><U72/><E121/><V1/><F30/><W74/><G74/><T84/><D73/><U45/><E36/><V19/><F115/><W21/><G64/><T94/><D70/><U125/><E125/><V13/><F1/><W54/><G54/><T71/><D71/><U117/><E117/><V50/><F50/><W101/><G101/><T77/><D35/><U91/><E56/><V11/><F11/><N who="3" m="2535" /><G69/><T90/><REACH who="0" step="1"/><D55/><REACH who="0" ten="240,250,250,250" step="2"/><U86/><E32/><V106/><F106/><W3/><G127/><T66/><D66/><U33/><E33/><V99/><REACH who="2" step="1"/><F92/><REACH who="2" ten="240,250,240,250" step="2"/><W67/><G3/><T39/><D39/><U128/><E128/><V65/><F65/><W102/><G67/><T87/><D87/><U9/><E72/><V113/><F113/><W81/><G131/><T49/><D49/><U133/><E86/><V95/><F95/><W23/><G130/><T41/><D41/><U119/><E119/><V88/><F88/><W8/><G116/><T110/><D110/><U22/><E91/><V118/><F118/><W31/><G120/><T27/><D27/><U129/><E129/><V51/><F51/><W105/><G105/><T112/><D112/><U68/><E68/><V126/><F126/><W14/><G102/><T6/><D6/><U135/><E4/><V61/><F61/><AGARI ba="0,2" hai="20,26,28,60,61,63,77,78,84,90,94,97,103,104" machi="61" ten="40,2000,0" yaku="1,1,53,0" doraHai="111" doraHaiUra="52" who="0" fromWho="2" sc="240,40,250,0,240,-20,250,0" /><INIT seed="0,1,0,2,5,57" ten="280,250,220,250" oya="0" hai0="1,65,81,76,70,91,77,37,32,8,35,94,68" hai1="124,18,112,131,118,31,54,92,66,110,50,123,60" hai2="83,59,62,108,48,63,127,71,100,106,103,99,24" hai3="95,78,2,88,41,79,56,20,6,134,98,49,16"/><T10/><D37/><U104/><E104/><V9/><F108/><W132/><G6/><T34/><D1/><U116/><E31/><V15/><F127/><W4/><G4/><T25/><D25/><U73/><E73/><V28/><F100/><W14/><G2/><T23/><D23/><U87/><E123/><V42/><F83/><W7/><G7/><T26/><D26/><U101/><E110/><V47/><F59/><W89/><G89/><T12/><D12/><U43/><E43/><V129/><F71/><W67/><G41/><T17/><D17/><U113/><E18/><V97/><F97/><W29/><G29/><T119/><D119/><U5/><E5/><V53/><F42/><W93/><G93/><T80/><D91/><N who="1" m="53375" /><E101/><V36/><F36/><W13/><G13/><T33/><D94/><U135/><E124/><V27/><F129/><W107/><G107/><T115/><D115/><N who="1" m="44107" /><E135/><N who="3" m="51754" /><G49/><T130/><D130/><U86/><E86/><V90/><F90/><W51/><G51/><T126/><D126/><U85/><E85/><V111/><F111/><W114/><G114/><T69/><D35/><U45/><E131/><V74/><F74/><W82/><G82/><N who="0" m="31851" /><D65/><U19/><E19/><V72/><F72/><W117/><G117/><T58/><D58/><AGARI ba="1,0" hai="45,50,54,58,60,66,116,118" m="44107,53375" machi="58" ten="30,2000,0" yaku="11,1,52,1" doraHai="57" who="1" fromWho="0" sc="280,-23,250,23,220,0,250,0" /><INIT seed="1,0,0,4,3,52" ten="257,273,220,250" oya="1" hai0="40,7,95,47,24,27,115,10,129,51,32,79,75" hai1="120,127,131,112,72,74,36,125,123,82,66,57,134" hai2="3,81,20,2,93,87,18,106,28,64,55,23,43" hai3="56,122,77,11,26,78,9,50,121,21,38,39,86"/><U84/><E112/><V12/><F106/><W22/><G50/><T59/><D115/><U111/><E36/><V60/><F43/><W132/><G86/><T49/><D129/><U135/><E66/><V45/><F93/><W73/><G26/><T90/><D79/><U102/><E57/><V54/><F54/><W41/><G73/><N who="1" m="28266" /><E102/><V76/><F45/><W114/><G114/><T67/><D32/><U5/><E5/><V70/><REACH who="2" step="1"/><F55/><REACH who="2" ten="257,273,210,250" step="2"/><W107/><G107/><T98/><D40/><U91/><E131/><V92/><F92/><W119/><G41/><T104/><D104/><U105/><E105/><V14/><F14/><W71/><G119/><T68/><D95/><U29/><E111/><V13/><F13/><W63/><G122/><T8/><D47/><U96/><E96/><V126/><F126/><N who="1" m="48137" /><E29/><V124/><F124/><W89/><G121/><AGARI ba="0,1" hai="82,84,91,120,121,123,134,135" m="48137,28266" machi="121" ten="40,7700,0" yaku="18,1,34,2" doraHai="52" who="1" fromWho="3" sc="257,0,273,87,210,0,250,-77" /><INIT seed="1,1,0,0,2,132" ten="257,360,210,173" oya="1" hai0="129,116,8,66,58,54,74,39,101,10,89,105,88" hai1="96,20,57,6,18,1,47,118,29,30,109,126,61" hai2="32,27,0,71,16,56,84,25,19,120,12,60,85" hai3="78,52,123,36,125,107,81,65,49,14,42,77,95"/><U82/><E118/><V76/><F120/><W135/><G107/><T11/><D74/><U92/><E126/><V50/><F0/><W90/><G123/><T33/><D116/><U114/><E114/><V17/><F71/><W22/><G135/><T35/><D39/><U2/><E109/><V69/><F69/><W23/><G125/><T97/><D66/><U24/><E82/><N who="2" m="47175" /><F32/><W104/><G104/><T15/><D15/><U106/><E47/><V117/><F117/><W79/><G65/><T45/><D45/><U43/><E43/><V31/><F50/><W13/><G36/><T111/><D129/><U94/><E94/><V86/><F12/><N who="3" m="4715" /><G81/><T72/><D72/><U55/><E106/><V26/><F31/><N who="1" m="11785" /><E6/><V112/><F112/><W59/><G42/><T48/><REACH who="0" step="1"/><D111/><REACH who="0" ten="247,360,210,173" step="2"/><U51/><E1/><V103/><F103/><W46/><G46/><T3/><D3/><U70/><E2/><V4/><F4/><W64/><G64/><AGARI ba="1,1" hai="16,17,19,25,26,27,56,60,64,85,86" m="47175" machi="64" ten="30,2000,0" yaku="8,1,54,1" doraHai="132" who="2" fromWho="3" sc="247,0,360,0,210,33,173,-23" /><INIT seed="2,0,0,0,2,72" ten="247,360,243,150" oya="2" hai0="127,113,82,8,19,103,99,109,35,40,20,102,2" hai1="14,85,7,28,86,30,114,104,65,92,11,79,108" hai2="73,26,16,125,50,69,56,49,59,96,91,36,60" hai3="93,32,116,4,97,98,58,43,55,132,42,39,51"/><V88/><F36/><W27/><G116/><T101/><D113/><U75/><E104/><V18/><F125/><W6/><G132/><T24/><D127/><U105/><E105/><V47/><F73/><W48/><G39/><T115/><D115/><U3/><E108/><V128/><F69/><W133/><G133/><T31/><D109/><U9/><E114/><V70/><F70/><W46/><G42/><T5/><D40/><U131/><E65/><V107/><F128/><W77/><G32/><T83/><REACH who="0" step="1"/><D99/><REACH who="0" ten="237,360,243,150" step="2"/><U112/><E112/><V12/><F96/><W57/><G98/><T129/><D129/><U90/><E131/><V80/><F107/><W111/><G111/><T134/><D134/><U81/><E75/><V78/><F80/><W37/><G97/><T64/><D64/><U126/><E126/><V61/><F26/><AGARI ba="0,1" hai="2,5,8,19,20,24,26,31,35,82,83,101,102,103" machi="26" ten="40,1300,0" yaku="1,1,53,0" doraHai="72" doraHaiUra="117" who="0" fromWho="2" sc="237,23,360,0,243,-13,150,0" /><INIT seed="3,0,0,0,4,104" ten="260,360,230,150" oya="3" hai0="95,100,37,89,3,109,117,29,9,120,18,49,103" hai1="112,51,28,26,59,96,98,110,130,61,44,55,125" hai2="81,93,82,123,5,31,113,106,36,32,69,108,22" hai3="12,19,122,47,65,53,83,66,24,73,35,116,15"/><W6/><G116/><T54/><D37/><U45/><E112/><V4/><F106/><W43/><G122/><T126/><D120/><U92/><E110/><V23/><F123/><W42/><G53/><T128/><D109/><U85/><E130/><V87/><F108/><W84/><G73/><T68/><D68/><U10/><E125/><V25/><F113/><W115/><G115/><T101/><D29/><U40/><E10/><V13/><F69/><W33/><G33/><T105/><D117/><U63/><E45/><V121/><F36/><W127/><G127/><T131/><D126/><U118/><E118/><V133/><F121/><W27/><G35/><T114/><D105/><U58/><E85/><V97/><F133/><W119/><G119/><T124/><D114/><U90/><E96/><V14/><F32/><W102/><G102/><T39/><D39/><U62/><E58/><V79/><F81/><W129/><G129/><N who="0" m="49739" /><D124/><U1/><E1/><V135/><F135/><W30/><G6/><N who="0" m="1247" /><D18/><U91/><E91/><V70/><F70/><W50/><G42/><T60/><D60/><U99/><E99/><V80/><F80/><W16/><G19/><T64/><D64/><N who="3" m="24681" /><G16/><T71/><D71/><U67/><E67/><V75/><F75/><W86/><G30/><T38/><D38/><U111/><E111/><V52/><F52/><W78/><G86/><N who="0" m="52663" /><D103/><U2/><E2/><V46/><F22/><AGARI ba="0,0" hai="22,26,28,40,44,51,55,59,61,62,63,90,92,98" machi="22" ten="30,2000,0" yaku="7,1,8,1" doraHai="104" who="1" fromWho="2" sc="260,0,360,20,230,-20,150,0" owari="260,6.0,380,48.0,210,-19.0,150,-35.0" /></mjloggm>