<mjloggm ver="2.3"><GO type="225" lobby="0"/><UN n0="%E3%81%BF%E3%81%BF%E3%81%9A" n1="%E3%81%B5%E3%81%98%E3%81%8B%E3%81%A4" n2="%E3%81%B2%E3%81%AA%E3%81%AE%E3%82%8A%E3%81%8F" n3="%E3%83%97%E3%83%92" dan="16,16,17,16" rate="2153.73,2111.19,2224.27,2168.60" sx="M,M,M,M"/><TAIKYOKU oya="0"/><INIT seed="0,0,0,5,3,65" ten="250,250,250,250" oya="0" hai0="85,23,124,52,134,37,54,15,68,30,80,113,96" hai1="48,121,51,98,116,49,92,21,63,89,71,105,126" hai2="25,42,101,28,13,3,44,12,112,35,10,17,33" hai3="79,57,61,78,39,46,86,73,77,107,87,97,0"/><T38/><D113/><U72/><E116/><V103/><F112/><W111/><G73/><T26/><D124/><U64/><E121/><V75/><F35/><W29/><G0/><T53/><D134/><U4/><E126/><V100/><F75/><W81/><G29/><T66/><D96/><U59/><E72/><V1/><REACH who="2" step="1"/><F13/><REACH who="2" ten="250,250,240,250" step="2"/><W32/><G32/><T56/><D15/><U43/><E105/><V60/><F60/><W18/><G61/><T83/><D56/><U62/><E4/><V2/><F2/><W131/><G57/><T119/><D119/><U9/><E9/><V40/><F40/><W109/><G107/><T94/><D94/><U70/><E21/><V27/><F27/><W104/><G104/><T120/><D120/><U45/><REACH who="1" step="1"/><E71/><REACH who="1" ten="250,240,240,250" step="2"/><V93/><F93/><W90/><G111/><T16/><D68/><U91/><E91/><V67/><F67/><AGARI ba="0,2" hai="43,45,48,49,51,59,62,63,64,67,70,89,92,98" machi="67" ten="30,8000,1" yaku="1,1,7,1,52,1,53,2" doraHai="65" doraHaiUra="58" who="1" fromWho="2" sc="250,0,240,100,240,-80,250,0" /><INIT seed="1,0,0,4,4,104" ten="250,340,160,250" oya="1" hai0="81,30,31,8,58,84,33,4,16,107,15,77,79" hai1="52,57,59,38,14,83,95,105,97,25,65,43,18" hai2="71,124,111,2,7,129,89,82,5,49,109,10,131" hai3="24,110,117,48,134,125,80,27,130,9,103,61,113"/><U56/><E105/><V92/><F71/><W20/><G113/><T3/><D107/><U119/><E119/><V54/><F7/><W42/><G117/><T114/><D114/><U66/><E38/><V88/><F82/><W28/><G110/><N who="2" m="41993" /><F124/><W55/><G125/><T13/><D3/><U41/><E83/><V32/><F32/><W121/><G80/><T99/><D33/><U86/><E86/><N who="2" m="52247" /><F89/><W0/><G0/><T39/><D39/><U101/><E25/><V29/><F29/><W40/><G24/><T85/><D99/><U108/><E108/><V93/><F93/><W133/><G27/><T74/><D79/><U70/><E70/><V87/><F87/><W50/><G28/><T90/><D85/><U73/><E66/><V60/><F60/><W123/><G61/><T116/><D116/><U23/><E65/><V6/><F6/><W47/><G121/><T94/><REACH who="0" step="1"/><D58/><AGARI ba="0,0" hai="2,5,10,49,54,58,129,131" m="52247,41993" machi="58" ten="30,2000,0" yaku="14,1,54,1" doraHai="104" who="2" fromWho="0" sc="250,-20,340,0,160,20,250,0" /><INIT seed="2,0,0,5,4,121" ten="230,340,180,250" oya="2" hai0="20,16,89,104,122,75,48,125,0,28,1,30,15" hai1="40,82,77,64,23,84,99,46,14,107,103,81,112" hai2="85,55,33,18,44,126,83,52,21,90,86,124,4" hai3="108,67,13,37,106,6,80,47,7,54,97,58,93"/><V78/><F33/><W57/><G106/><T3/><D104/><U42/><E112/><V101/><F101/><W87/><G67/><T41/><D75/><U53/><E64/><V128/><F128/><W69/><G69/><T61/><D61/><U130/><E130/><V8/><F18/><W113/><G108/><T131/><D131/><U39/><E42/><V17/><F17/><W56/><G37/><T9/><D89/><U116/><E116/><V105/><F105/><W12/><G47/><T120/><D48/><U118/><E118/><V114/><F21/><W49/><G7/><N who="0" m="3519" /><D41/><U31/><E53/><V65/><F65/><W79/><G113/><T19/><D19/><U70/><E70/><V74/><F74/><W95/><G95/><T100/><D100/><U71/><E71/><V66/><F66/><W43/><G43/><T68/><D125/><N who="2" m="48234" /><F44/><N who="3" m="27943" /><G6/><T51/><D51/><U127/><E127/><V94/><F114/><W5/><G5/><T72/><D72/><U73/><E14/><AGARI ba="0,0" hai="4,8,14,52,55,78,83,85,86,90,94" m="48234" machi="14" ten="30,2900,0" yaku="18,1,54,1" doraHai="121" who="2" fromWho="1" sc="230,0,340,-29,180,29,250,0" /><INIT seed="2,1,0,3,1,61" ten="230,311,209,250" oya="2" hai0="2,27,95,97,44,135,83,31,10,5,64,58,48" hai1="65,19,124,43,79,73,37,0,62,104,35,4,60" hai2="121,129,23,66,28,119,47,21,123,25,116,93,16" hai3="94,112,9,59,100,81,8,22,51,88,67,131,98"/><V133/><F133/><W106/><G131/><T78/><D135/><U57/><E104/><V29/><F129/><W126/><G126/><T17/><D17/><U75/><E19/><V36/><F29/><W101/><G112/><T56/><D64/><U99/><E99/><V1/><F1/><W39/><G39/><T24/><D24/><U34/><E62/><V127/><F127/><W49/><G81/><T80/><D80/><N who="1" m="45167" /><E75/><V109/><F109/><W74/><G74/><T26/><D26/><U91/><E91/><V128/><F128/><W117/><G101/><T82/><D82/><U122/><E122/><V103/><F66/><W111/><G111/><T96/><D96/><U46/><E124/><V20/><F20/><W45/><G22/><T11/><D10/><AGARI ba="1,0" hai="0,4,10,34,35,37,43,46,57,60,65" m="45167" machi="10" ten="30,2000,0" yaku="25,1,52,1" doraHai="61" who="1" fromWho="0" sc="230,-23,311,23,209,0,250,0" /><INIT seed="3,0,0,5,5,112" ten="207,334,209,250" oya="3" hai0="130,4,24,98,70,32,18,14,93,115,8,117,104" hai1="119,105,52,90,116,39,37,107,81,44,124,25,56" hai2="128,10,73,1,23,45,133,131,95,71,58,57,62" hai3="122,127,72,67,82,7,59,84,91,114,92,97,135"/><W75/><G114/><T96/><D115/><U40/><E124/><V63/><F73/><W103/><G127/><T26/><D70/><U77/><E37/><V2/><F71/><W113/><G113/><T64/><D64/><U17/><E90/><V111/><F111/><W22/><G122/><T53/><D117/><N who="1" m="45131" /><E17/><V11/><F23/><W35/><G35/><T28/><D130/><N who="2" m="49706" /><F95/><W102/><G135/><T83/><D104/><U16/><E16/><V30/><F45/><W125/><G125/><T80/><D53/><U101/><E101/><V55/><F30/><W106/><G7/><T66/><D66/><U100/><E25/><V79/><F79/><N who="3" m="44415" /><G102/><T78/><D78/><U54/><E100/><V3/><F133/><W46/><G72/><T50/><D50/><N who="1" m="30743" /><E54/><AGARI ba="0,0" hai="1,2,3,10,11,54,55,57,58,62,63" m="49706" machi="54" ten="40,1300,0" yaku="19,1" doraHai="112" who="2" fromWho="1" sc="207,0,334,-13,209,13,250,0" owari="207,-29.3,321,42.1,222,-17.8,250,5.0" /></mjloggm>