<mjloggm ver="2.3"><GO type="225" lobby="0"/><UN n0="%E4%B8%AD%E5%B9%B4%E3%81%AE%E5%8D%B1%E6%A9%9F" n1="%E5%A4%96%E5%B7%9D%E7%AB%9C%E6%88%90" n2="%E3%81%82%E3%82%93%E3%81%AA%E3%81%A4" n3="%48%61%61%61%6C%61%6E%64" dan="16,16,16,18" rate="2113.91,2115.94,2133.08,2244.47" sx="M,M,M,M"/><TAIKYOKU oya="0"/><INIT seed="0,0,0,0,5,82" ten="250,250,250,250" oya="0" hai0="85,97,132,70,98,121,91,48,122,13,61,100,115" hai1="22,18,59,50,29,73,117,49,32,80,8,30,40" hai2="55,35,4,11,111,51,78,94,38,133,125,104,64" hai3="17,72,41,134,39,107,6,47,3,36,66,101,99"/><T52/><D115/><U12/><E117/><V119/><F104/><W128/><G128/><T124/><D124/><U34/><E32/><V14/><F38/><W25/><G134/><T74/><D74/><U20/><E34/><V87/><F35/><W16/><G36/><T56/><D132/><U7/><E73/><V21/><F133/><W60/><G25/><T46/><D70/><U57/><E80/><V90/><F125/><W53/><G53/><T131/><D131/><U89/><E89/><V123/><F123/><W43/><G43/><T58/><D121/><U95/><E95/><V37/><F37/><W1/><G72/><T68/><D122/><U26/><E30/><V19/><F111/><W71/><REACH who="3" step="1"/><G6/><REACH who="3" ten="250,250,250,240" step="2"/><T120/><D120/><U108/><E108/><V129/><F129/><W67/><G67/><N who="0" m="39335" /><D68/><U15/><E40/><V113/><F119/><W103/><G103/><T135/><D100/><U88/><E50/><V5/><F64/><W65/><G65/><T106/><D135/><U130/><E130/><V54/><F113/><W109/><G109/><T105/><D106/><U75/><E75/><V114/><F114/><W81/><G81/><N who="0" m="49583" /><D105/><U23/><E49/><V86/><F51/><W93/><G93/><T63/><D13/><U118/><E118/><V96/><F4/><W69/><G69/><T33/><D33/><U44/><E12/><N who="2" m="9447" /><F78/><W77/><G77/><T42/><AGARI ba="0,1" hai="42,46,48,52,58,63,97,98" m="49583,39335" machi="42" ten="30,6000,0" yaku="8,1,52,1,54,1" doraHai="82" who="0" fromWho="0" sc="250,70,250,-20,250,-20,240,-20" /><INIT seed="0,1,0,3,0,94" ten="320,230,230,220" oya="0" hai0="43,134,113,26,48,86,58,34,121,98,72,110,97" hai1="78,4,130,7,0,49,83,31,117,103,10,111,15" hai2="88,119,14,77,54,55,5,32,126,27,81,71,66" hai3="65,125,100,105,123,25,37,95,135,118,82,73,51"/><T76/><D72/><U18/><E117/><V87/><F119/><W53/><G118/><T41/><D121/><U91/><E111/><V104/><F126/><W52/><G125/><T8/><D113/><U33/><E130/><V62/><F104/><W28/><G37/><T75/><D75/><U64/><E64/><V74/><F5/><W115/><G115/><T101/><D110/><U40/><E103/><V46/><F46/><W20/><G123/><T99/><D101/><U90/><E40/><N who="0" m="15433" /><D34/><U116/><E49/><V122/><F14/><W56/><G135/><T132/><D26/><N who="1" m="18679" /><E7/><V92/><REACH who="2" step="1"/><F122/><REACH who="2" ten="320,230,220,220" step="2"/><W13/><G105/><T133/><D8/><U69/><E116/><V23/><F23/><W17/><G20/><T44/><D44/><U68/><E15/><V2/><F2/><W39/><G13/><T30/><D30/><AGARI ba="1,1" hai="27,30,32,54,55,62,66,71,74,77,81,87,88,92" machi="30" ten="40,2600,0" yaku="1,1,54,1,53,0" doraHai="94" doraHaiUra="47" who="2" fromWho="0" sc="320,-29,230,0,220,39,220,0" /><INIT seed="1,0,0,3,5,103" ten="291,230,259,220" oya="1" hai0="11,117,21,135,127,22,97,12,0,41,113,39,121" hai1="5,74,128,49,115,16,79,9,120,30,32,69,42" hai2="129,88,47,26,3,122,17,33,55,111,66,91,130" hai3="78,46,81,67,132,2,6,35,37,71,108,89,1"/><U56/><E115/><V61/><F122/><W134/><G108/><T52/><D113/><U106/><E120/><V13/><F3/><W123/><G123/><T40/><D121/><U53/><E69/><V116/><F116/><W43/><G89/><T19/><D117/><U25/><E128/><N who="2" m="49259" /><F55/><W10/><G2/><T75/><D75/><U14/><E42/><N who="0" m="16489" /><D0/><U110/><E110/><V118/><F47/><W95/><G95/><T60/><D39/><U94/><E94/><V63/><F63/><N who="3" m="40447" /><G35/><T59/><D127/><U104/><REACH who="1" step="1"/><E5/><REACH who="1" ten="291,220,259,220" step="2"/><V54/><F111/><W18/><G18/><T126/><D126/><U105/><E105/><V83/><F17/><W86/><G43/><T119/><D119/><U90/><E90/><V82/><F91/><W34/><G6/><T80/><D135/><U28/><E28/><V99/><F88/><W51/><G134/><T114/><D114/><U112/><E112/><V27/><F118/><W85/><G132/><T77/><D97/><U101/><E101/><V36/><F99/><W100/><G100/><T107/><D107/><U64/><E64/><V98/><F66/><W45/><G37/><T20/><D77/><U70/><E70/><V24/><F36/><W131/><G131/><T15/><D80/><AGARI ba="0,1" hai="9,14,16,25,30,32,49,53,56,74,79,80,104,106" machi="80" ten="40,12000,1" yaku="1,1,52,2,54,1,53,0" doraHai="103" doraHaiUra="87" who="1" fromWho="0" sc="291,-120,220,130,259,0,220,0" /><INIT seed="1,1,0,1,0,56" ten="171,350,259,220" oya="1" hai0="102,135,7,49,126,97,114,26,84,116,19,118,73" hai1="119,8,59,77,39,81,123,117,32,23,20,31,74" hai2="83,22,124,92,40,75,72,127,53,82,133,52,94" hai3="16,34,15,5,85,67,17,44,63,109,110,129,24"/><U70/><E70/><V46/><F22/><W35/><G129/><T76/><D7/><U11/><E123/><V108/><F40/><W57/><G85/><T12/><D73/><U91/><E39/><V37/><F37/><W1/><G1/><T9/><D114/><U50/><E91/><V122/><F46/><W107/><G107/><T112/><D112/><U65/><E32/><N who="3" m="12330" /><G44/><T14/><D126/><U6/><E8/><V41/><F41/><W66/><G66/><T88/><D76/><U95/><E95/><V134/><F108/><N who="3" m="41579" /><G24/><T100/><D135/><U121/><E65/><V10/><F10/><AGARI ba="1,0" hai="5,10,15,16,17,57,63,67" m="41579,12330" machi="10" ten="30,3900,0" yaku="14,1,52,1,54,1" doraHai="56" who="3" fromWho="2" sc="171,0,350,0,259,-42,220,42" /><INIT seed="2,0,0,0,4,98" ten="171,350,217,262" oya="2" hai0="134,3,132,55,9,74,54,35,89,79,34,48,10" hai1="43,65,32,2,23,28,31,127,56,58,76,52,86" hai2="82,100,30,49,45,68,64,46,125,97,94,5,110" hai3="13,24,123,12,107,67,99,63,17,128,33,80,119"/><V103/><F125/><W75/><G119/><T133/><D89/><U4/><E32/><N who="0" m="12329" /><D48/><U40/><E4/><V21/><F110/><W61/><G123/><T39/><D79/><U15/><E2/><V130/><F130/><W42/><G128/><T87/><D87/><U126/><E15/><V11/><F82/><W47/><G75/><T117/><D3/><U96/><E96/><V85/><F85/><W18/><G80/><T6/><D6/><U0/><E0/><V124/><F124/><N who="1" m="47657" /><E86/><V1/><F49/><W135/><G12/><T95/><D95/><U27/><E31/><V36/><F36/><W26/><G13/><T109/><D39/><U104/><E104/><V72/><F72/><W53/><G33/><T90/><D90/><U62/><E76/><V77/><F77/><W22/><G26/><T59/><D74/><U91/><E91/><V7/><F7/><W71/><G17/><T112/><D109/><U102/><E102/><V121/><F103/><W84/><G84/><T29/><D29/><U105/><E105/><V16/><F30/><W118/><G107/><T37/><D37/><U114/><E114/><V93/><F94/><W92/><G92/><T8/><D59/><U131/><E131/><V44/><F121/><W106/><G106/><T73/><D73/><U83/><E83/><V88/><F100/><W19/><G99/><T57/><D57/><U129/><E129/><V122/><F122/><W108/><G18/><T115/><D117/><U66/><E58/><V111/><F111/><W20/><G108/><T60/><D60/><U78/><E78/><RYUUKYOKU ba="0,0" sc="171,15,350,15,217,-15,262,-15" hai0="8,9,10,54,55,112,115,132,133,134" hai1="23,27,28,40,43,52,56,62,65,66" /><INIT seed="3,1,0,0,1,92" ten="186,365,202,247" oya="3" hai0="67,81,42,38,109,56,36,8,30,51,62,58,132" hai1="34,3,2,116,24,88,86,39,87,78,121,53,129" hai2="23,40,79,123,111,47,115,108,70,33,20,4,13" hai3="25,99,124,120,37,49,96,46,97,1,64,41,119"/><W117/><G120/><T127/><D30/><U48/><E39/><N who="0" m="14889" /><D8/><U50/><E121/><V28/><F123/><W14/><G1/><T95/><D95/><U11/><E116/><V134/><F70/><W27/><G124/><T102/><D81/><U84/><E78/><V43/><F115/><W122/><G122/><T114/><D102/><U17/><E129/><V12/><F134/><W74/><G74/><T103/><D103/><U128/><E128/><V118/><F118/><W91/><G117/><T104/><D104/><U93/><E50/><N who="2" m="26983" /><F43/><W65/><G37/><T107/><D107/><U0/><E11/><N who="2" m="4199" /><F79/><W89/><G119/><T26/><D26/><N who="3" m="9737" /><G14/><T69/><D132/><U113/><E113/><V110/><F13/><W94/><G89/><T68/><D114/><U59/><REACH who="1" step="1"/><E17/><REACH who="1" ten="186,355,202,247" step="2"/><V35/><F28/><AGARI ba="1,1" hai="0,2,3,24,28,34,48,53,59,84,86,87,88,93" machi="28" ten="40,5200,0" yaku="1,1,2,1,54,1,53,0" doraHai="92" doraHaiUra="130" who="1" fromWho="2" sc="186,0,355,65,202,-55,247,0" owari="186,-21.4,420,52.0,147,-35.3,247,4.7" /></mjloggm>