<mjloggm ver="2.3"><GO type="225" lobby="0"/><UN n0="%E5%A4%9C%E3%81%AE%E3%82%AC%E3%82%B9%E3%83%91%E3%83%BC%E3%83%AB" n1="%E4%BF%BA%E3%81%A8%E5%A6%96%E5%A4%A2" n2="%E6%81%A5%E6%99%92%E3%81%97" n3="%E7%AB%8B%E8%8A%B1%E9%9F%BF" dan="17,17,16,17" rate="2241.56,2168.80,2093.12,2148.43" sx="M,F,M,F"/><TAIKYOKU oya="0"/><INIT seed="0,0,0,4,4,47" ten="250,250,250,250" oya="0" hai0="82,62,33,2,112,43,70,57,78,41,16,15,29" hai1="83,118,76,58,97,95,6,52,24,31,59,63,46" hai2="129,91,92,81,114,115,20,90,94,69,28,60,3" hai3="11,65,77,104,68,48,117,72,101,38,32,12,123"/><T36/><D112/><U120/><E120/><V5/><F129/><W128/><G38/><T122/><D70/><U108/><E118/><V54/><F3/><W21/><G32/><T30/><D2/><U9/><E108/><V49/><F5/><W125/><G117/><T107/><D107/><U132/><E132/><V50/><F69/><W134/><G123/><T19/><D122/><U56/><E46/><V100/><F100/><W61/><G128/><T67/><D19/><U4/><E24/><N who="2" m="16391" /><F114/><W89/><G134/><T98/><D98/><U103/><E31/><V53/><F115/><W18/><G89/><N who="2" m="33801" /><F81/><W17/><G125/><T126/><D126/><U86/><REACH who="1" step="1"/><E6/><REACH who="1" ten="250,240,250,250" step="2"/><V80/><F80/><W10/><G72/><T121/><D121/><U8/><E8/><V109/><F109/><W84/><G11/><T102/><D30/><U87/><E87/><V113/><F113/><W106/><G10/><N who="0" m="6263" /><D29/><U0/><AGARI ba="0,1" hai="0,4,9,52,56,58,59,63,76,83,86,95,97,103" machi="0" ten="20,5200,0" yaku="1,1,0,1,7,1,54,1,53,0" doraHai="47" doraHaiUra="26" who="1" fromWho="1" sc="250,-26,240,62,250,-13,250,-13" /><INIT seed="1,0,0,4,1,119" ten="224,302,237,237" oya="1" hai0="118,98,9,88,60,51,44,116,134,50,132,83,2" hai1="81,67,70,73,42,97,66,90,52,121,104,95,27" hai2="47,120,29,84,124,125,53,106,93,26,74,92,10" hai3="72,35,63,41,123,0,100,114,31,78,130,4,36"/><U17/><E42/><V108/><F106/><W76/><G114/><T133/><D60/><U128/><E128/><V131/><F74/><W129/><G100/><T64/><D64/><U49/><E70/><V12/><F131/><N who="3" m="50187" /><G63/><T22/><D22/><U103/><E27/><V30/><F108/><W28/><G123/><T37/><D37/><U13/><E121/><V107/><F107/><W54/><G54/><N who="0" m="30023" /><D51/><U80/><E73/><V38/><F53/><W19/><G19/><T122/><D122/><U110/><E110/><V79/><F120/><W7/><G0/><T6/><D98/><U20/><E67/><V18/><F38/><W135/><G135/><N who="0" m="34563" /><T58/><DORA hai="57" /><D58/><N who="1" m="33039" /><E66/><V14/><F47/><N who="3" m="23975" /><G72/><T112/><D112/><U40/><E40/><V105/><F105/><W77/><G35/><T23/><D23/><U115/><E115/><V16/><F124/><W69/><G69/><T68/><D68/><U96/><E96/><V126/><F125/><W61/><G61/><T39/><D39/><U33/><E33/><V43/><F43/><W89/><G89/><T65/><D65/><U94/><E104/><V101/><F126/><W109/><G109/><T111/><D111/><U71/><E71/><V5/><F30/><AGARI ba="0,0" hai="4,7,28,30,31,76,77,78" m="23975,50187" machi="30" ten="30,1000,0" yaku="19,1" doraHai="119,57" who="3" fromWho="2" sc="224,0,302,0,237,-10,237,10" /><INIT seed="2,0,0,0,4,2" ten="224,302,227,247" oya="2" hai0="125,89,85,33,100,27,54,40,36,88,34,43,96" hai1="48,69,35,57,92,64,116,65,105,37,126,62,104" hai2="130,112,122,51,78,44,20,32,14,10,120,131,7" hai3="22,93,80,102,55,119,8,94,58,121,28,75,17"/><V129/><F78/><W84/><G121/><N who="2" m="46697" /><F112/><W50/><G119/><T29/><D125/><U99/><E116/><V1/><F32/><W21/><G75/><T77/><D34/><U9/><E126/><V63/><F63/><W79/><G102/><T41/><D36/><U82/><E37/><V117/><F117/><W5/><G28/><T49/><D77/><U0/><E35/><V86/><F86/><W134/><G134/><T59/><REACH who="0" step="1"/><D85/><REACH who="0" ten="214,302,227,247" step="2"/><U91/><E99/><V101/><F101/><W26/><REACH who="3" step="1"/><G22/><REACH who="3" ten="214,302,227,237" step="2"/><T13/><D13/><AGARI ba="0,2" hai="5,8,13,17,21,26,50,55,58,79,80,84,93,94" machi="13" ten="30,8000,1" yaku="1,1,2,1,7,1,8,1,52,1,53,0" doraHai="2" doraHaiUra="38" who="3" fromWho="0" sc="214,-80,302,0,227,0,237,100" /><INIT seed="3,0,0,3,3,62" ten="134,302,227,337" oya="3" hai0="71,29,52,113,59,75,86,121,102,107,85,97,106" hai1="90,7,61,76,89,66,83,16,10,37,12,34,88" hai2="58,39,124,45,134,78,48,35,135,27,81,43,103" hai3="17,42,80,19,118,115,24,4,25,94,74,96,55"/><W99/><G115/><T36/><D36/><U127/><E37/><V119/><F119/><W41/><G4/><T104/><D121/><U133/><E34/><V50/><F103/><W22/><G118/><T14/><D113/><U15/><E133/><N who="2" m="50699" /><F124/><W28/><G74/><T120/><D120/><U31/><E127/><V109/><F109/><W64/><G64/><T3/><D3/><U38/><E38/><V70/><F70/><W100/><G80/><T73/><D71/><U131/><E131/><V30/><F58/><W57/><G99/><T122/><D122/><U111/><E111/><V20/><F20/><N who="3" m="13327" /><G28/><T54/><D29/><U40/><E40/><V116/><F116/><W46/><G46/><T93/><D75/><AGARI ba="0,0" hai="27,30,35,39,43,45,48,50,75,78,81" m="50699" machi="75" ten="30,1000,0" yaku="20,1" doraHai="62" who="2" fromWho="0" sc="134,-10,302,0,227,10,337,0" owari="124,-37.6,302,10.2,237,-16.3,337,43.7" /></mjloggm>