<mjloggm ver="2.3"><GO type="225" lobby="0"/><UN n0="%72%69%6F%75%63%68%61%6E" n1="%E7%89%8C%E6%B5%81%E7%8A%B6%E6%85%8B%E9%BA%BB%E9%9B%80" n2="%E5%A4%9C%E5%85%89%E5%A4%A9%E6%A5%BC" n3="%E6%A1%9C%E8%8A%B1%E9%96%83%E3%80%85" dan="16,18,17,16" rate="2167.52,2207.57,2160.17,2197.98" sx="M,M,F,M"/><TAIKYOKU oya="0"/><INIT seed="0,0,0,4,2,129" ten="250,250,250,250" oya="0" hai0="46,80,18,3,54,100,134,48,26,25,106,1,115" hai1="23,124,95,51,83,125,90,70,45,62,44,116,132" hai2="81,60,52,88,87,74,5,85,118,33,114,131,29" hai3="86,43,84,36,123,9,97,102,39,15,10,72,120"/><T104/><D134/><U96/><E116/><V8/><F114/><W119/><G72/><T65/><D115/><U13/><E83/><V122/><F122/><N who="3" m="46635" /><G119/><T68/><D80/><U34/><E34/><V58/><F118/><W101/><G9/><T30/><D18/><N who="1" m="10703" /><E51/><V22/><F33/><W133/><G133/><T82/><D82/><U75/><E75/><V79/><F131/><W38/><G43/><T77/><D77/><U49/><E49/><V98/><F98/><W107/><G102/><T16/><D25/><U12/><E12/><V40/><F40/><W108/><G108/><T28/><D30/><U7/><E7/><AGARI ba="0,0" hai="7,10,15,36,38,39,84,86,97,101,107" m="46635" machi="7" ten="40,1300,0" yaku="13,1" doraHai="129" who="3" fromWho="1" sc="250,0,250,-13,250,0,250,13" /><INIT seed="1,0,0,0,5,93" ten="250,237,250,263" oya="1" hai0="130,2,20,7,3,73,45,86,125,9,66,42,30" hai1="112,56,81,113,83,15,135,11,121,107,89,105,131" hai2="79,32,91,77,106,108,69,61,111,17,29,98,52" hai3="94,33,133,67,118,22,34,97,21,65,115,100,47"/><U123/><E56/><N who="2" m="34951" /><F69/><W99/><G115/><N who="1" m="44106" /><E15/><V1/><F1/><W26/><G133/><T120/><D125/><U58/><E58/><V82/><F29/><W103/><G118/><T25/><D130/><U16/><E16/><V18/><F32/><W90/><G90/><T39/><D120/><N who="1" m="46155" /><E11/><V63/><F79/><W54/><G54/><T60/><D73/><U127/><E135/><V5/><F5/><W85/><G85/><T0/><REACH who="0" step="1"/><D86/><REACH who="0" ten="240,237,250,263" step="2"/><N who="1" m="50383" /><E127/><V104/><F63/><W4/><G34/><T40/><D40/><U6/><E6/><V88/><F18/><W76/><G33/><T37/><D37/><U23/><E23/><V44/><F17/><W80/><G4/><T19/><D19/><U28/><E28/><V31/><F31/><W14/><G21/><T122/><D122/><U53/><E53/><V134/><F134/><W102/><G22/><T114/><D114/><U72/><E131/><V124/><F124/><W87/><G67/><T27/><D27/><U48/><E48/><V64/><F64/><W75/><G65/><T132/><D132/><U41/><E41/><V119/><F44/><W74/><G47/><T13/><D13/><U46/><E46/><V55/><F55/><W62/><G14/><T128/><D128/><U101/><E101/><V43/><F43/><W57/><G26/><T78/><D78/><AGARI ba="0,1" hai="72,78,83,105,107" m="50383,46155,44106" machi="78" ten="30,2900,0" yaku="34,2" doraHai="93" who="1" fromWho="0" sc="240,-29,237,39,250,0,263,0" /><INIT seed="1,1,0,4,5,53" ten="211,276,250,263" oya="1" hai0="67,45,72,105,111,77,113,31,1,125,98,106,7" hai1="134,96,94,28,25,133,126,100,12,33,35,32,40" hai2="50,8,74,60,63,61,82,118,37,90,39,54,48" hai3="66,59,84,97,75,109,95,78,13,122,115,47,132"/><U20/><E126/><V64/><F118/><W16/><G122/><T46/><D113/><U62/><E40/><V112/><F112/><W36/><G115/><T26/><D125/><U42/><E42/><V5/><F64/><W103/><G109/><T104/><D111/><U86/><E86/><V29/><F29/><W17/><G75/><T44/><D67/><U21/><E21/><V83/><F50/><W130/><G130/><T65/><D65/><U3/><E3/><V56/><F90/><W102/><G132/><N who="1" m="50794" /><E62/><V81/><REACH who="2" step="1"/><F74/><REACH who="2" ten="211,276,240,263" step="2"/><W2/><G66/><T52/><D72/><U114/><E114/><V18/><F18/><AGARI ba="1,1" hai="12,18,20,25,28,32,33,35,94,96,100" m="50794" machi="18" ten="30,1500,0" yaku="20,1" doraHai="53" who="1" fromWho="2" sc="211,0,276,28,240,-18,263,0" /><INIT seed="1,2,0,5,1,19" ten="211,304,222,263" oya="1" hai0="3,61,70,88,8,111,72,84,91,76,34,51,115" hai1="71,30,93,33,5,44,6,26,11,50,18,1,83" hai2="135,40,62,60,94,116,12,86,49,126,102,110,57" hai3="119,27,95,7,42,112,17,121,77,2,106,131,9"/><U129/><E129/><V22/><F116/><W82/><G121/><T78/><D115/><U113/><E113/><V96/><F110/><W97/><G112/><T48/><D111/><U100/><E71/><V81/><F126/><W74/><G119/><T29/><D72/><U43/><E83/><V125/><F125/><W14/><G131/><T24/><D91/><U79/><E79/><V117/><F135/><W15/><G106/><T105/><D105/><U37/><E6/><V101/><F101/><W114/><G114/><T16/><D70/><U109/><E109/><V58/><F117/><W85/><G74/><T4/><D61/><N who="2" m="23658" /><F40/><W13/><G42/><T23/><D51/><U31/><E31/><V32/><F32/><W89/><REACH who="3" step="1"/><G27/><REACH who="3" ten="211,304,222,253" step="2"/><T92/><D48/><U132/><E50/><V68/><F49/><W67/><G67/><T0/><D3/><U127/><E127/><V66/><F66/><W104/><G104/><T59/><D59/><U47/><E132/><V63/><F68/><W122/><G122/><T54/><D54/><U55/><E55/><V53/><F58/><W120/><G120/><T21/><D34/><U56/><E56/><V99/><F53/><W10/><AGARI ba="2,1" hai="2,7,9,10,13,14,15,17,77,82,85,89,95,97" machi="10" ten="20,5200,0" yaku="1,1,0,1,7,1,53,1" doraHai="19" doraHaiUra="87" who="3" fromWho="3" sc="211,-15,304,-28,222,-15,253,68" /><INIT seed="2,0,0,2,0,123" ten="196,276,207,321" oya="2" hai0="1,32,75,114,44,127,8,48,11,67,15,33,7" hai1="78,54,105,87,5,60,26,92,69,31,66,108,85" hai2="40,131,3,41,104,97,22,88,119,121,62,128,71" hai3="51,18,38,23,6,133,130,73,46,19,107,80,96"/><V10/><F119/><W35/><G35/><T37/><D114/><U90/><E105/><V0/><F22/><W56/><G130/><N who="2" m="49705" /><F121/><W2/><G133/><T129/><D129/><U49/><E5/><N who="2" m="1319" /><F3/><W115/><G38/><T135/><D127/><U74/><E74/><V126/><F126/><W83/><G19/><T36/><D135/><U81/><E108/><V124/><F124/><W109/><G18/><T125/><D125/><U61/><E69/><V116/><F116/><W93/><G109/><T9/><D75/><U30/><E66/><N who="2" m="41431" /><F88/><W112/><G23/><T13/><D67/><U58/><REACH who="1" step="1"/><E31/><REACH who="1" ten="196,266,207,321" step="2"/><V12/><F12/><W45/><G112/><T101/><D13/><U102/><E102/><AGARI ba="0,1" hai="40,41,97,102,104" m="41431,1319,49705" machi="102" ten="30,1500,0" yaku="19,1" doraHai="123" who="2" fromWho="1" sc="196,0,266,-15,207,25,321,0" /><INIT seed="2,1,0,5,2,43" ten="196,251,232,321" oya="2" hai0="128,130,69,126,28,18,30,94,14,66,6,100,84" hai1="107,8,53,56,35,15,41,11,80,19,51,42,47" hai2="7,85,127,2,102,44,112,97,23,3,27,98,59" hai3="133,96,32,106,60,49,113,64,99,46,95,29,110"/><V135/><F112/><W38/><G38/><T123/><D123/><U50/><E35/><V74/><F74/><W4/><G113/><T86/><D126/><U45/><E107/><V114/><F114/><W17/><G110/><T125/><D125/><U104/><E104/><V77/><F127/><W39/><G39/><T122/><D122/><U55/><E80/><V63/><F135/><W109/><G109/><T20/><D6/><U26/><E26/><V79/><F3/><W121/><G4/><T101/><D66/><U93/><E93/><V105/><F97/><W34/><G133/><T108/><D69/><U82/><E82/><V83/><F2/><W25/><G106/><T37/><D37/><U81/><E81/><V72/><F7/><W88/><G121/><T33/><D108/><U103/><E103/><N who="0" m="39497" /><D33/><U119/><E119/><V21/><F72/><W70/><G17/><T0/><D0/><U9/><E55/><N who="2" m="34303" /><F79/><W10/><G10/><T1/><D1/><U57/><E57/><V118/><F118/><W67/><G67/><T24/><D94/><U22/><E8/><V120/><F120/><W61/><G61/><AGARI ba="1,0" hai="9,11,15,19,22,41,42,45,47,50,51,53,56,61" machi="61" ten="30,8000,1" yaku="7,1,9,1,8,1,52,2" doraHai="43" who="1" fromWho="3" sc="196,0,251,83,232,0,321,-83" /><INIT seed="3,0,0,3,0,115" ten="196,334,232,238" oya="3" hai0="5,95,90,72,87,89,113,70,100,106,133,21,131" hai1="56,23,53,97,44,30,74,73,0,105,129,102,82" hai2="33,93,14,81,67,130,75,99,35,91,49,39,109" hai3="58,15,85,134,27,48,63,38,65,135,128,94,66"/><W59/><G38/><T17/><D113/><U121/><E0/><V32/><F39/><W62/><G128/><T112/><D112/><U116/><E121/><V117/><F117/><W34/><G15/><T78/><D131/><U120/><E120/><V119/><F119/><W132/><G48/><T43/><D133/><U122/><E122/><V114/><F130/><W2/><G2/><T26/><D70/><U57/><E116/><V92/><F67/><W22/><G34/><T28/><D5/><U101/><E101/><V125/><F114/><W42/><G42/><T8/><D43/><U69/><E69/><V126/><F109/><W123/><G123/><T84/><D72/><U108/><E97/><V76/><F49/><W3/><G3/><T4/><D78/><U13/><E23/><V55/><F55/><W9/><G9/><T77/><D77/><U61/><E82/><V47/><F47/><W52/><G65/><T104/><D100/><U45/><E30/><V7/><F92/><W51/><G51/><T68/><D68/><U54/><E13/><V36/><F36/><W83/><G94/><T111/><D111/><U20/><E108/><V31/><F31/><W64/><G64/><T107/><D28/><U60/><E129/><V11/><AGARI ba="0,0" hai="7,11,14,32,33,35,75,76,81,91,93,99,125,126" machi="11" ten="40,1500,0" yaku="0,1" doraHai="115" who="2" fromWho="2" sc="196,-4,334,-4,232,15,238,-7" owari="192,-30.8,330,43.0,247,4.7,231,-16.9" /></mjloggm>