<mjloggm ver="2.3"><GO type="225" lobby="0"/><UN n0="%E6%B8%A9%E2%98%85%E6%83%85%E2%98%85%E6%8E%AA%E2%98%85%E7%BD%AE" n1="%28%EF%BF%A3%E2%96%BD%EF%BF%A3%29%CE%B4%E2%8C%92%E3%83%BB" n2="%E5%B0%8F%E9%B3%A5%E9%81%8A%E7%B7%B4%E7%84%A1%32%31%E6%AD%B3" n3="%E5%B7%9D%E7%80%AC%E6%99%BA%E5%AD%90" dan="16,16,16,16" rate="2168.79,2139.93,2180.08,2104.38" sx="M,M,F,M"/><TAIKYOKU oya="0"/><INIT seed="0,0,0,5,5,134" ten="250,250,250,250" oya="0" hai0="88,125,31,129,19,107,29,60,47,120,75,91,35" hai1="105,69,74,92,9,109,38,15,55,58,64,65,48" hai2="67,127,94,26,90,51,39,46,23,116,63,114,18" hai3="106,83,99,68,24,14,37,3,82,66,98,41,59"/><T54/><D120/><U73/><E105/><V2/><F114/><W17/><G3/><T27/><D75/><U85/><E38/><V76/><F39/><W40/><G68/><T21/><D129/><U126/><E109/><V16/><F2/><W10/><G37/><T28/><D107/><U78/><E126/><V79/><F18/><W1/><G1/><T87/><D125/><U72/><E69/><V110/><F110/><W70/><G70/><T43/><D35/><U0/><E0/><V130/><F130/><W95/><G106/><T61/><D54/><U80/><REACH who="1" step="1"/><E92/><REACH who="1" ten="250,240,250,250" step="2"/><V84/><F127/><W123/><G95/><N who="0" m="54687" /><D91/><U22/><E22/><V49/><F116/><W81/><G123/><T100/><D100/><U128/><E128/><V101/><F101/><W96/><REACH who="3" step="1"/><G24/><REACH who="3" ten="250,240,250,240" step="2"/><T97/><D97/><U122/><E122/><V133/><F133/><W104/><G104/><T71/><D71/><U77/><E77/><V42/><F79/><W30/><G30/><T124/><D124/><U131/><E131/><V62/><F76/><W11/><G11/><T89/><D89/><U33/><E33/><V45/><REACH who="2" step="1"/><F67/><REACH who="2" ten="250,240,240,240" step="2"/><W112/><G112/><T34/><D34/><U86/><E86/><V135/><F135/><W113/><G113/><T56/><D31/><U57/><E57/><V108/><F108/><W13/><G13/><N who="0" m="9455" /><D56/><U25/><E25/><V32/><F32/><W8/><G8/><T111/><D111/><U6/><AGARI ba="0,3" hai="6,9,15,48,55,58,64,65,72,73,74,78,80,85" machi="6" ten="30,2000,0" yaku="1,1,0,1,53,0" doraHai="134" doraHaiUra="115" who="1" fromWho="1" sc="250,-10,240,50,240,-5,240,-5" /><INIT seed="1,0,0,2,2,54" ten="240,290,235,235" oya="1" hai0="55,86,0,124,26,126,58,135,43,103,130,8,87" hai1="93,2,15,134,81,46,36,9,83,105,12,33,92" hai2="118,128,112,60,14,108,76,59,84,99,67,123,32" hai3="23,122,73,113,74,41,28,71,11,10,3,44,88"/><U133/><E105/><V66/><F118/><W127/><G122/><T57/><D135/><N who="1" m="51723" /><E33/><V119/><F119/><W7/><G71/><T27/><D130/><U129/><E2/><V69/><F128/><W131/><G131/><T49/><D103/><U102/><E129/><V116/><F116/><W29/><G113/><T42/><D0/><U82/><E102/><V89/><F32/><W121/><G10/><T22/><D8/><U111/><E111/><V30/><F123/><W77/><G121/><T20/><D55/><U75/><E75/><V39/><F39/><W117/><G117/><T104/><REACH who="0" step="1"/><D49/><REACH who="0" ten="230,290,235,235" step="2"/><U125/><E125/><V72/><F112/><W101/><G101/><T68/><D68/><U48/><E36/><V100/><F69/><W51/><G127/><T120/><D120/><U18/><E15/><V95/><F14/><W70/><G70/><T132/><D132/><U61/><E61/><V31/><F108/><W13/><G3/><T109/><D109/><U40/><AGARI ba="0,1" hai="9,12,18,40,46,48,81,82,83,92,93" m="51723" machi="40" ten="30,1500,0" yaku="20,1" doraHai="54" who="1" fromWho="1" sc="230,-5,290,25,235,-5,235,-5" /><INIT seed="1,1,0,1,4,76" ten="225,315,230,230" oya="1" hai0="41,97,39,52,129,116,51,20,118,121,71,117,45" hai1="90,36,84,105,75,133,29,77,14,85,25,59,115" hai2="132,98,11,79,46,119,38,81,131,21,69,109,24" hai3="16,6,22,4,96,13,100,120,3,63,57,47,37"/><U78/><E36/><V68/><F119/><W15/><G120/><T0/><D0/><U54/><E105/><V135/><F109/><W32/><G32/><T56/><D97/><U113/><E133/><N who="2" m="51275" /><F98/><W128/><G128/><T104/><D104/><U33/><E75/><N who="2" m="43263" /><F11/><W126/><G126/><T87/><D87/><U86/><E90/><V44/><F131/><W42/><G13/><T5/><D5/><U2/><E2/><V125/><F125/><W28/><G28/><T111/><D129/><U10/><E115/><V62/><F62/><W1/><G1/><T94/><D94/><U48/><REACH who="1" step="1"/><E113/><REACH who="1" ten="225,305,230,230" step="2"/><V92/><F38/><W27/><G3/><T103/><D103/><U95/><E95/><V64/><F92/><W19/><G100/><T23/><D121/><U65/><E65/><V106/><F106/><W88/><G88/><T67/><D111/><U93/><E93/><V50/><F64/><W123/><G123/><T72/><D72/><U99/><E99/><V122/><F122/><W112/><G112/><T89/><D89/><U26/><E26/><V12/><F12/><W30/><G96/><T83/><D83/><U107/><E107/><V110/><F110/><W127/><G127/><T82/><D82/><U74/><E74/><V7/><F24/><W35/><REACH who="3" step="1"/><G19/><AGARI ba="1,1" hai="10,14,19,25,29,33,48,54,59,77,78,84,85,86" machi="19" ten="40,2000,0" yaku="1,1,53,0" doraHai="76" doraHaiUra="114" who="1" fromWho="3" sc="225,0,305,33,230,0,230,-23" /><INIT seed="1,2,0,5,5,113" ten="225,338,230,207" oya="1" hai0="26,30,87,116,89,35,2,133,63,16,49,32,43" hai1="99,31,58,18,74,10,47,93,128,104,103,86,81" hai2="62,94,100,28,44,41,114,126,131,106,66,51,120" hai3="1,48,108,4,8,52,92,7,60,75,135,22,112"/><U15/><E128/><V97/><F114/><W130/><G112/><T54/><D2/><U96/><E31/><V34/><F120/><W24/><G75/><T70/><D116/><U37/><E74/><V110/><F110/><W101/><G108/><T33/><D133/><U123/><E123/><V23/><F131/><W78/><G78/><T27/><D43/><U118/><E58/><N who="2" m="37207" /><F34/><W129/><G7/><T102/><D102/><U14/><E14/><V6/><F6/><W76/><G76/><T11/><D63/><U36/><E47/><V134/><F106/><W85/><G60/><T20/><D70/><U59/><E59/><V29/><F134/><W56/><G135/><T84/><D11/><U46/><E46/><V132/><F126/><W67/><G67/><T72/><D72/><U3/><E3/><V80/><F80/><W25/><G25/><T125/><D125/><U91/><REACH who="1" step="1"/><E118/><REACH who="1" ten="225,328,230,207" step="2"/><V42/><F132/><W39/><G129/><T71/><D71/><U88/><AGARI ba="2,1" hai="10,15,18,36,37,81,86,88,91,93,96,99,103,104" machi="88" ten="20,12000,1" yaku="1,1,2,1,0,1,7,1,54,1,53,0" doraHai="113" doraHaiUra="111" who="1" fromWho="1" sc="225,-42,328,136,230,-42,207,-42" /><INIT seed="1,3,0,4,3,132" ten="183,464,188,165" oya="1" hai0="79,10,100,25,118,99,124,119,130,129,27,93,15" hai1="133,4,17,78,34,6,111,107,40,77,64,92,49" hai2="114,87,108,115,125,135,11,52,54,22,122,109,44" hai3="103,19,32,81,131,42,7,57,46,66,1,55,26"/><U73/><E107/><V60/><F11/><W74/><G131/><N who="0" m="50187" /><D124/><U120/><E34/><V80/><F135/><W12/><G66/><T8/><D79/><U14/><E133/><V67/><F22/><W90/><G103/><T95/><D95/><U20/><E111/><N who="2" m="42571" /><F122/><W36/><G1/><T113/><D10/><U112/><E112/><N who="2" m="43051" /><F125/><W86/><G74/><T89/><D100/><U127/><E127/><V85/><F85/><W68/><G68/><T16/><D113/><U13/><E73/><V24/><F24/><AGARI ba="3,0" hai="8,15,16,24,25,27,89,93,99,118,119" m="50187" machi="24" ten="30,2000,0" yaku="19,1,54,1" doraHai="132" who="0" fromWho="2" sc="183,29,464,0,188,-29,165,0" /><INIT seed="2,0,0,5,1,132" ten="212,464,159,165" oya="2" hai0="39,63,128,114,58,104,123,109,74,29,56,103,43" hai1="117,98,129,25,119,126,17,1,84,116,108,22,24" hai2="14,51,89,40,130,72,92,11,3,75,88,70,81" hai3="33,23,48,46,16,131,94,32,78,50,57,112,101"/><V62/><F3/><W20/><G131/><T2/><D29/><U80/><E129/><V106/><F106/><W100/><G112/><T30/><D30/><U102/><E1/><V54/><F130/><W133/><G133/><T86/><D86/><U4/><E4/><V26/><F26/><W82/><G57/><T5/><D5/><U90/><E108/><V0/><F0/><W67/><G67/><N who="0" m="39399" /><D103/><U8/><E8/><V34/><F34/><W19/><G94/><T91/><D91/><U99/><E25/><V42/><F81/><W60/><G60/><T65/><D74/><U55/><E55/><V83/><F89/><W41/><G82/><T7/><D7/><U77/><E90/><V118/><F118/><W110/><G46/><N who="0" m="23935" /><D114/><U53/><E99/><V18/><F75/><W124/><G41/><T85/><D128/><U21/><E21/><V95/><F72/><W6/><G6/><T35/><D65/><U111/><E98/><V28/><F28/><W105/><G78/><T115/><D115/><U71/><E102/><V87/><F95/><W93/><G93/><T47/><D123/><U27/><E27/><V79/><F92/><W12/><G12/><T134/><D134/><U122/><E24/><V13/><F79/><W127/><G105/><T96/><D96/><U68/><E77/><V69/><F13/><W64/><G64/><T36/><D104/><U97/><E117/><V59/><REACH who="2" step="1"/><F40/><REACH who="2" ten="212,464,149,165" step="2"/><W66/><G66/><T121/><D2/><U31/><E119/><V113/><F113/><W135/><G135/><T9/><D35/><U38/><E116/><RYUUKYOKU ba="0,1" sc="212,-15,464,-15,149,15,165,15" hai2="11,14,18,42,51,54,59,62,69,70,83,87,88" hai3="16,19,20,23,32,33,48,50,100,101,110,124,127" /><INIT seed="2,1,1,0,3,46" ten="197,449,164,180" oya="2" hai0="74,45,99,48,38,56,11,80,127,43,40,100,106" hai1="66,37,16,12,20,122,62,9,49,98,82,26,24" hai2="36,119,90,73,67,59,3,123,29,28,22,112,124" hai3="128,108,76,84,39,113,72,125,42,105,61,18,19"/><V23/><F3/><W0/><G105/><T57/><D127/><U60/><E37/><V13/><F36/><W87/><G125/><T44/><REACH who="0" step="1"/><D11/><REACH who="0" ten="187,449,164,180" step="2"/><U96/><E9/><V63/><F124/><W95/><G113/><T94/><D94/><U33/><E122/><V52/><F112/><W50/><G95/><T32/><D32/><U68/><E33/><V30/><F123/><W131/><G131/><T15/><D15/><U117/><E12/><V79/><F119/><W101/><G128/><T116/><D116/><U7/><E117/><V104/><F104/><W130/><G130/><T64/><D64/><U27/><E66/><V14/><F67/><W51/><G0/><T81/><D81/><U89/><E82/><V85/><F73/><W111/><G111/><T91/><D91/><U92/><E89/><V4/><F79/><AGARI ba="1,2" hai="38,40,43,44,45,48,56,57,74,79,80,99,100,106" machi="79" ten="40,5200,0" yaku="1,1,52,1,53,1" doraHai="46" doraHaiUra="107" who="0" fromWho="2" sc="187,75,449,0,164,-55,180,0" /><INIT seed="3,0,0,1,1,114" ten="262,449,109,180" oya="3" hai0="93,14,113,98,89,81,7,116,56,125,80,49,121" hai1="115,88,27,21,30,41,118,85,77,75,39,94,5" hai2="102,105,26,123,1,50,69,8,126,61,107,87,92" hai3="131,20,10,78,71,37,108,109,12,24,83,122,133"/><W48/><G37/><T134/><D121/><U73/><E118/><V46/><F123/><W63/><G122/><T23/><D116/><U96/><E115/><V29/><F126/><W55/><G63/><T15/><D113/><U42/><E5/><V44/><F44/><W32/><G71/><T52/><D134/><U51/><E39/><V119/><F119/><W2/><G32/><T36/><D125/><U128/><E128/><V34/><F87/><W57/><G2/><T17/><D36/><U110/><E110/><N who="3" m="42602" /><G133/><T33/><D33/><U16/><E73/><V132/><F132/><W25/><G20/><T127/><D127/><U76/><E75/><V82/><F82/><N who="0" m="31850" /><D7/><U129/><E129/><V106/><F92/><W67/><G67/><T53/><D53/><U70/><E70/><V97/><F50/><W3/><G3/><T130/><D130/><U112/><E112/><V79/><F79/><N who="1" m="30281" /><E51/><V18/><F46/><W99/><G99/><T117/><D117/><U101/><E30/><V9/><F9/><W47/><G47/><T124/><D124/><U65/><E65/><V28/><F28/><W6/><G131/><T43/><D43/><N who="1" m="16395" /><E85/><AGARI ba="0,0" hai="6,10,12,24,25,48,55,57,78,83,85" m="42602" machi="85" ten="30,2900,0" yaku="14,1,10,1" doraHai="114" who="3" fromWho="1" sc="262,0,449,-29,109,0,180,29" /><INIT seed="3,1,0,1,4,37" ten="262,420,109,209" oya="3" hai0="80,116,85,61,83,86,30,123,51,109,34,88,66" hai1="76,31,2,16,96,14,128,6,101,98,121,58,95" hai2="39,10,27,100,102,60,5,13,131,8,129,94,73" hai3="59,99,97,53,127,62,70,7,69,113,43,126,29"/><W57/><G113/><T23/><D34/><U89/><E121/><V112/><F73/><W79/><G79/><T122/><D116/><U90/><E128/><V118/><F118/><W19/><G29/><T46/><D109/><U114/><E114/><V106/><F106/><W20/><G7/><T67/><D23/><U81/><E31/><V119/><F119/><W92/><G43/><T125/><D125/><N who="3" m="47625" /><G59/><T63/><D30/><U22/><E2/><V28/><F112/><W132/><G132/><T18/><D18/><U78/><E6/><V25/><F25/><N who="3" m="14495" /><G99/><T65/><D123/><U26/><E14/><V0/><F39/><W64/><G64/><T110/><D110/><U77/><E58/><V135/><F135/><W105/><G105/><T32/><D32/><U120/><E120/><V91/><F131/><W130/><G130/><T4/><D4/><U134/><E134/><V71/><F129/><W36/><G36/><T133/><D122/><U115/><E115/><V49/><F71/><W55/><G55/><N who="0" m="30199" /><D133/><U15/><E26/><V35/><F8/><W42/><G42/><T117/><D117/><U3/><E3/><V93/><F0/><W1/><G1/><T87/><D86/><N who="1" m="50383" /><E98/><V107/><F5/><W21/><G21/><T47/><D47/><U54/><E54/><V108/><F107/><W44/><G44/><T38/><D38/><U52/><E52/><V104/><F104/><W48/><G48/><T56/><D56/><U68/><E68/><V9/><F108/><W40/><G70/><T24/><D24/><U103/><AGARI ba="1,0" hai="15,16,22,76,77,78,90,95,96,101,103" m="50383" machi="103" ten="30,2000,0" yaku="8,1,54,1" doraHai="37" who="1" fromWho="1" sc="262,-6,420,23,109,-6,209,-11" owari="256,5.6,443,54.3,103,-39.7,198,-20.2" /></mjloggm>