<mjloggm ver="2.3"><GO type="225" lobby="0"/><UN n0="%E7%B4%94%E6%BD%94%E3%83%94%E3%83%A9%E3%83%8B%E3%82%A2" n1="%E3%83%81%E3%83%AF%E3%83%AF%E9%9A%8A%E9%95%B7" n2="%E4%BF%BA%E3%81%A8%E5%A6%96%E5%A4%A2" n3="%E3%81%BF%E3%81%BF%E3%81%9A" dan="17,16,17,18" rate="2206.66,2091.22,2190.95,2254.29" sx="M,M,F,M"/><TAIKYOKU oya="0"/><INIT seed="0,0,0,5,3,3" ten="250,250,250,250" oya="0" hai0="109,7,71,130,39,121,88,32,91,99,76,124,96" hai1="128,126,54,117,104,28,73,63,14,24,93,56,94" hai2="72,102,57,65,29,35,0,133,23,41,79,101,36" hai3="11,34,82,132,59,12,120,89,20,85,118,103,40"/><T90/><D121/><U16/><E104/><V95/><F35/><W42/><G34/><T75/><D39/><U98/><E73/><V112/><F112/><W134/><G118/><T100/><D71/><U66/><E117/><V111/><F111/><W44/><G120/><T5/><D32/><U55/><E126/><V97/><F133/><N who="3" m="51307" /><G103/><T10/><D124/><U19/><E128/><V2/><F101/><W116/><G116/><T122/><D122/><U37/><E37/><V1/><F79/><W60/><G20/><T48/><D130/><U6/><E93/><V106/><F72/><W8/><G44/><T129/><D129/><U30/><E6/><V80/><F80/><W18/><G8/><T49/><D109/><U110/><E19/><V45/><F106/><W81/><G81/><T67/><D75/><U125/><E125/><V15/><F15/><W105/><G105/><T58/><D76/><U78/><E78/><V119/><F119/><W50/><G50/><N who="0" m="19563" /><D10/><U77/><E77/><V74/><F74/><W70/><G70/><T38/><D38/><U68/><E110/><V61/><REACH who="2" step="1"/><F0/><REACH who="2" ten="250,250,240,250" step="2"/><W31/><G31/><T86/><D100/><U17/><E28/><V53/><F53/><AGARI ba="0,1" hai="11,12,18,40,42,53,59,60,82,85,89" m="51307" machi="53" ten="30,1000,0" yaku="20,1" doraHai="3" who="3" fromWho="2" sc="250,0,250,0,240,-10,250,20" /><INIT seed="1,0,0,1,0,123" ten="250,250,230,270" oya="1" hai0="20,83,9,19,107,7,89,26,59,80,78,82,99" hai1="73,133,11,103,102,47,88,18,12,87,106,67,76" hai2="3,46,44,1,104,41,77,122,56,84,54,112,28" hai3="0,109,129,64,85,25,65,6,131,114,29,135,16"/><U130/><E130/><N who="3" m="49674" /><G114/><T15/><D107/><U128/><E128/><V43/><F122/><W40/><G135/><T134/><D134/><U53/><E133/><V92/><F104/><W60/><G109/><T93/><REACH who="0" step="1"/><D59/><REACH who="0" ten="240,250,230,270" step="2"/><U24/><E106/><V32/><F112/><W2/><G2/><T118/><D118/><U95/><E103/><V5/><F1/><W21/><G0/><T52/><D52/><U116/><E102/><V57/><F54/><W58/><G40/><T8/><D8/><U30/><E116/><V113/><F113/><W62/><G58/><T38/><D38/><U33/><E53/><V72/><F56/><W126/><G65/><T124/><D124/><U105/><E67/><V61/><F57/><W42/><G126/><T119/><D119/><U91/><E105/><V48/><F61/><W50/><G64/><T13/><D13/><U132/><E132/><V97/><F3/><W71/><G42/><T70/><D70/><U68/><E68/><V10/><F43/><W81/><G71/><T75/><AGARI ba="0,1" hai="7,9,15,19,20,26,75,78,80,82,83,89,93,99" machi="75" ten="20,2700,0" yaku="1,1,0,1,7,1,53,0" doraHai="123" doraHaiUra="51" who="0" fromWho="0" sc="240,37,250,-13,230,-7,270,-7" /><INIT seed="2,0,0,2,4,128" ten="277,237,223,263" oya="2" hai0="45,85,131,29,116,68,30,111,1,106,69,117,134" hai1="129,114,107,33,18,109,19,76,40,56,32,61,104" hai2="102,86,113,97,58,2,53,27,51,110,39,13,120" hai3="48,59,34,126,55,88,49,99,80,63,20,82,3"/><V31/><F113/><W74/><G34/><T6/><D131/><U115/><E129/><V105/><F120/><W72/><G3/><T0/><D106/><U77/><E40/><V28/><F2/><N who="0" m="1130" /><D6/><U96/><E56/><V70/><F39/><W91/><G126/><T23/><D23/><U81/><E81/><N who="3" m="31338" /><G74/><T132/><D85/><U66/><E61/><V50/><F70/><N who="0" m="27242" /><D45/><U38/><E38/><V17/><F110/><W22/><G72/><T9/><D9/><U87/><E109/><V98/><F86/><W10/><G10/><T94/><D94/><U75/><E87/><V60/><F97/><W121/><G121/><T15/><D15/><U44/><E75/><V8/><REACH who="2" step="1"/><F31/><REACH who="2" ten="277,237,213,263" step="2"/><N who="0" m="11786" /><D111/><U135/><E114/><V100/><F100/><W26/><G99/><T124/><D124/><U123/><E115/><V130/><F130/><W37/><G37/><T78/><D78/><U14/><E76/><V67/><F67/><W93/><G91/><T89/><D89/><U122/><E77/><V16/><F16/><N who="3" m="12551" /><G22/><AGARI ba="0,1" hai="8,13,17,22,27,28,50,51,53,58,60,98,102,105" machi="22" ten="30,2900,0" yaku="1,1,7,1,53,0" doraHai="128" doraHaiUra="71" who="2" fromWho="3" sc="277,0,237,0,213,39,263,-29" /><INIT seed="2,1,0,5,3,32" ten="277,237,252,234" oya="2" hai0="87,66,40,63,4,91,129,122,10,30,135,110,55" hai1="75,111,1,59,65,45,107,134,116,67,132,81,17" hai2="3,42,78,56,68,69,31,99,14,41,119,38,9" hai3="11,12,23,0,108,89,28,5,97,37,49,86,60"/><V100/><F119/><W133/><G37/><T22/><D122/><U71/><E71/><V127/><F127/><W124/><G124/><T2/><D110/><U117/><E107/><V44/><F41/><W13/><G108/><T39/><D129/><U104/><E104/><V83/><F56/><W102/><G133/><T58/><D135/><U120/><E111/><V121/><F31/><W16/><G60/><T85/><D85/><U29/><E120/><V35/><F35/><W92/><G28/><T101/><D101/><U46/><E29/><V103/><F103/><W90/><G49/><T77/><D77/><U43/><E17/><V74/><F121/><W61/><G61/><T72/><D72/><U53/><E75/><V131/><F131/><W105/><REACH who="3" step="1"/><G90/><REACH who="3" ten="277,237,252,224" step="2"/><T51/><D39/><U98/><E132/><V64/><F64/><W84/><G84/><T36/><D36/><U88/><E65/><V25/><F38/><W118/><G118/><T125/><D125/><U115/><E67/><V62/><F62/><W80/><G80/><T95/><D40/><U106/><E43/><V18/><F42/><W70/><G70/><T130/><D130/><U76/><E134/><V26/><F68/><W79/><G79/><T94/><D66/><U7/><E117/><V82/><F69/><W15/><AGARI ba="1,1" hai="0,5,11,12,13,15,16,23,86,89,92,97,102,105" machi="15" ten="20,8000,1" yaku="1,1,0,1,7,1,52,1,54,1,53,0" doraHai="32" doraHaiUra="52" who="3" fromWho="3" sc="277,-21,237,-21,252,-41,224,93" /><INIT seed="3,0,0,5,4,119" ten="256,216,211,317" oya="3" hai0="33,17,4,19,106,31,12,104,83,88,65,96,134" hai1="63,99,92,66,5,10,67,76,131,35,24,109,77" hai2="49,37,135,3,62,6,7,34,68,56,93,21,108" hai3="52,40,44,126,59,41,29,71,36,53,61,79,45"/><W95/><G126/><T122/><D122/><U58/><E131/><V87/><F34/><W16/><G29/><T26/><D134/><U103/><E109/><V14/><F37/><N who="3" m="21519" /><G16/><T89/><D65/><U115/><E115/><V85/><F108/><W28/><G95/><T94/><D17/><U43/><E66/><V110/><F110/><W2/><G79/><T130/><D130/><U46/><E24/><V129/><F129/><W25/><G2/><T22/><D83/><U98/><E98/><V125/><F125/><W118/><G28/><T69/><D69/><U70/><E70/><V57/><F135/><W0/><G0/><T80/><D80/><U132/><E35/><V73/><F73/><W123/><G25/><T121/><D121/><U116/><E132/><V112/><F112/><W90/><G90/><T81/><D81/><U128/><E128/><V9/><F93/><W78/><G78/><T100/><D89/><U47/><E116/><V30/><F30/><W1/><G1/><T60/><D4/><U105/><E105/><V111/><F111/><W18/><G18/><T55/><D100/><U54/><E67/><N who="2" m="39367" /><F68/><W15/><G71/><T97/><D97/><U38/><E47/><V84/><F21/><W23/><G123/><T91/><D91/><U48/><E38/><V117/><F117/><W8/><G118/><T86/><D96/><U13/><AGARI ba="0,0" hai="5,10,13,43,46,48,54,58,63,76,77,92,99,103" machi="13" ten="20,2700,0" yaku="0,1,7,1,8,1" doraHai="119" who="1" fromWho="1" sc="256,-7,216,27,211,-7,317,-13" owari="249,4.9,243,-15.7,204,-29.6,304,40.4" /></mjloggm>