<mjloggm ver="2.3"><GO type="225" lobby="0"/><UN n0="%72%65%6E%6B%75%6E" n1="%33%74%72%65%65" n2="%E3%81%BF%E3%81%BF%E3%81%9A" n3="%4B%2E%32%2E%4B%2E" dan="17,16,18,16" rate="2176.17,2193.01,2264.94,2137.99" sx="M,F,M,M"/><TAIKYOKU oya="0"/><INIT seed="0,0,0,1,4,106" ten="250,250,250,250" oya="0" hai0="107,96,9,101,51,1,119,28,35,6,57,44,117" hai1="29,62,104,115,123,5,71,45,110,26,95,70,23" hai2="99,8,131,122,12,127,76,64,94,87,56,111,108" hai3="118,73,120,25,91,80,21,77,113,98,85,47,79"/><T105/><D105/><U4/><E104/><V86/><F122/><W27/><G113/><T82/><D57/><U24/><E123/><V54/><F64/><W31/><G120/><T67/><D67/><U20/><E110/><N who="2" m="42027" /><F76/><W55/><G118/><T34/><D82/><U65/><E115/><V68/><F68/><W103/><G73/><T11/><D9/><U74/><E74/><V116/><F131/><W46/><G27/><T59/><D59/><U17/><E71/><V130/><F127/><W49/><REACH who="3" step="1"/><G46/><REACH who="3" ten="250,250,250,240" step="2"/><T135/><D135/><U102/><E45/><V66/><F116/><W3/><G3/><T50/><D117/><U114/><E114/><V42/><F130/><W88/><G88/><T92/><D119/><U100/><E100/><N who="2" m="60535" /><F66/><W129/><G129/><T32/><D44/><U48/><E65/><V63/><F42/><W13/><G13/><T78/><D78/><U75/><E26/><V126/><F126/><W112/><G112/><T41/><D41/><U36/><E24/><V125/><F125/><W16/><G16/><AGARI ba="0,1" hai="8,12,16,54,56,63,86,87" m="60535,42027" machi="16" ten="30,2000,0" yaku="14,1,54,1" doraHai="106" who="2" fromWho="3" sc="250,0,250,0,250,30,240,-20" /><INIT seed="1,0,0,5,2,75" ten="250,250,280,220" oya="1" hai0="41,23,21,24,94,15,46,125,105,54,124,17,20" hai1="33,31,28,65,50,37,95,132,51,58,108,119,79" hai2="62,67,11,111,114,103,38,39,93,12,1,44,130" hai3="60,107,57,19,87,16,126,2,120,131,64,47,116"/><U110/><E119/><V122/><F122/><W66/><G120/><T49/><D105/><U45/><E37/><V13/><F1/><W128/><G107/><T92/><D41/><U90/><E132/><V3/><F3/><W14/><G2/><T0/><D0/><U10/><E10/><V8/><F111/><N who="1" m="42537" /><E33/><V89/><F103/><W77/><G66/><T42/><D42/><N who="1" m="24887" /><E79/><V22/><F130/><W35/><G35/><T78/><D78/><U69/><E69/><V56/><F114/><W5/><G116/><T72/><D72/><U29/><E65/><V32/><F32/><W80/><G126/><N who="0" m="48747" /><D24/><U7/><E7/><V53/><F22/><AGARI ba="0,0" hai="15,17,20,21,22,23,46,49,54,92,94" m="48747" machi="22" ten="30,1000,0" yaku="18,1" doraHai="75" who="0" fromWho="2" sc="250,10,250,0,280,-10,220,0" /><INIT seed="2,0,0,2,1,68" ten="260,250,270,220" oya="2" hai0="125,71,81,121,80,76,105,77,39,112,58,6,135" hai1="42,113,89,35,29,129,66,17,99,54,52,106,40" hai2="86,92,48,24,87,56,26,64,132,101,130,108,85" hai3="45,118,84,7,19,44,12,15,49,14,67,18,79"/><V75/><F75/><W33/><G118/><T90/><D71/><U102/><E113/><V116/><F116/><W103/><G33/><T22/><D22/><U16/><E129/><V60/><F130/><W3/><G103/><T70/><D58/><U63/><E89/><V10/><F132/><W47/><G67/><T30/><D70/><N who="1" m="42335" /><E42/><V100/><F108/><W128/><G128/><T46/><D46/><U53/><E40/><V72/><F72/><W37/><G3/><T109/><D6/><U123/><E123/><V95/><F48/><W50/><G7/><T27/><D90/><U28/><E28/><V124/><F124/><W9/><G37/><T127/><D30/><U69/><E69/><V0/><F10/><W96/><G96/><T65/><D65/><U133/><E133/><V38/><F38/><W32/><G32/><T126/><D39/><U120/><E120/><V114/><F0/><W104/><G104/><T74/><D121/><U5/><E5/><V23/><F114/><W41/><G41/><T8/><D135/><U107/><E107/><V59/><F59/><W73/><G73/><N who="0" m="43023" /><D105/><U88/><E88/><V62/><F62/><W91/><G79/><T2/><D112/><U78/><E78/><V94/><REACH who="2" step="1"/><F24/><AGARI ba="0,0" hai="16,17,24,29,35,52,53,54,99,102,106" m="42335" machi="24" ten="30,3900,0" yaku="25,1,54,2" doraHai="68" who="1" fromWho="2" sc="260,0,250,39,270,-39,220,0" /><INIT seed="3,0,0,5,5,134" ten="260,289,231,220" oya="3" hai0="47,29,129,61,105,82,102,99,81,77,18,42,115" hai1="34,16,37,66,41,135,60,57,85,21,90,14,55" hai2="59,39,125,73,74,32,20,106,26,133,10,130,45" hai3="33,63,71,7,15,11,2,119,111,84,30,48,67"/><W58/><G119/><T128/><D115/><U121/><E121/><V132/><F106/><W46/><G111/><T123/><D123/><U91/><E135/><N who="2" m="51787" /><F32/><W9/><G84/><T83/><D29/><U17/><E34/><V13/><F59/><W95/><G95/><T96/><D96/><U50/><E37/><V117/><F117/><W108/><G108/><T107/><D61/><U94/><E41/><N who="2" m="22719" /><F130/><N who="0" m="50282" /><D18/><N who="1" m="10455" /><E91/><V31/><F125/><W126/><G126/><T79/><D105/><U4/><E4/><AGARI ba="0,0" hai="4,10,13,20,26,31,73,74" m="22719,51787" machi="4" ten="30,1000,0" yaku="20,1" doraHai="134" who="2" fromWho="1" sc="260,0,289,-10,231,10,220,0" /><INIT seed="4,0,0,4,5,18" ten="260,279,241,220" oya="0" hai0="8,31,67,40,93,112,100,48,120,86,64,9,56" hai1="68,76,81,98,1,24,117,87,129,29,122,128,102" hai2="16,126,39,104,74,124,41,34,106,127,101,75,115" hai3="13,30,70,77,108,4,132,11,42,96,69,49,36"/><T10/><D120/><U20/><E117/><V130/><F34/><W119/><G119/><T131/><D131/><N who="1" m="50251" /><E122/><V62/><F130/><W114/><G108/><T107/><D112/><U26/><E1/><V17/><F115/><W35/><G36/><T83/><D107/><N who="2" m="41002" /><F101/><W84/><G114/><T6/><D6/><U97/><E68/><V7/><F7/><W19/><G132/><T63/><D31/><N who="1" m="17799" /><E102/><V111/><F62/><W45/><G96/><N who="0" m="59407" /><D67/><U28/><E28/><V65/><F65/><W32/><G19/><N who="2" m="7241" /><F111/><W0/><G0/><T61/><D61/><U82/><E82/><V46/><AGARI ba="0,0" hai="39,41,46,74,75,124,126,127" m="7241,41002" machi="46" ten="40,2700,0" yaku="18,1,54,1" doraHai="18" who="2" fromWho="2" sc="260,-13,279,-7,241,27,220,-7" /><INIT seed="5,0,0,4,3,14" ten="247,272,268,213" oya="1" hai0="35,32,91,3,25,45,133,90,29,78,68,107,50" hai1="92,58,63,117,111,28,65,62,100,124,134,119,113" hai2="15,121,6,77,52,36,128,104,21,47,23,51,71" hai3="56,72,67,82,123,97,93,18,66,110,22,83,39"/><U74/><E113/><V70/><F121/><W99/><G110/><T73/><D68/><U27/><E111/><V37/><F104/><W59/><G123/><T12/><D3/><U127/><E74/><V9/><F128/><W132/><G132/><T33/><D107/><U114/><E114/><V103/><F103/><W81/><G39/><T125/><D133/><U2/><E2/><V54/><F71/><W10/><G10/><T89/><D125/><N who="1" m="48203" /><E63/><V96/><F70/><W31/><G31/><T24/><D12/><U4/><E4/><V115/><F96/><N who="3" m="36939" /><G72/><T86/><D73/><U118/><E134/><V131/><F131/><W88/><G67/><T17/><D78/><U43/><E43/><V11/><F77/><W85/><G66/><T13/><D86/><U64/><E65/><V57/><F115/><W48/><G48/><T116/><D116/><U26/><E28/><V69/><F69/><W108/><G108/><T112/><D29/><U80/><E119/><V79/><F79/><W87/><G87/><T126/><D112/><U76/><E118/><V40/><F36/><W102/><G102/><T42/><REACH who="0" step="1"/><D126/><REACH who="0" ten="237,272,268,213" step="2"/><U49/><E117/><V105/><F105/><W20/><G20/><AGARI ba="0,1" hai="13,17,20,24,25,32,33,35,42,45,50,89,90,91" machi="20" ten="50,6400,0" yaku="1,1,2,1,52,1,53,0" doraHai="14" doraHaiUra="101" who="0" fromWho="3" sc="237,74,272,0,268,0,213,-64" owari="311,41.1,272,7.2,268,-13.2,149,-35.1" /></mjloggm>