<mjloggm ver="2.3"><GO type="225" lobby="0"/><UN n0="%E5%A4%9C%E3%81%AE%E3%82%AC%E3%82%B9%E3%83%91%E3%83%BC%E3%83%AB" n1="%72%69%6F%75%63%68%61%6E" n2="%33%74%72%65%65" n3="%E3%81%A4%E3%81%A3%E3%81%B1%E3%82%8A%E3%83%9D%E3%83%BC%E3%83%AB" dan="17,16,16,16" rate="2183.33,2151.57,2123.09,2118.74" sx="M,M,F,M"/><TAIKYOKU oya="0"/><INIT seed="0,0,0,4,5,121" ten="250,250,250,250" oya="0" hai0="70,101,84,82,41,63,124,13,135,72,17,5,7" hai1="14,132,88,2,20,126,45,87,122,35,16,111,119" hai2="58,64,50,102,68,62,11,92,86,8,40,61,33" hai3="23,4,95,55,110,130,19,60,128,81,118,116,26"/><T113/><D113/><U98/><E111/><V24/><F33/><W96/><G81/><T56/><D70/><U57/><E119/><V93/><F24/><W75/><G4/><T34/><D72/><U104/><E122/><V42/><F68/><W32/><G75/><T99/><D34/><U59/><E126/><V129/><F129/><N who="3" m="49771" /><G32/><T25/><D135/><U71/><E132/><V114/><F114/><W89/><G110/><T31/><D41/><N who="2" m="15978" /><F62/><W29/><G29/><T47/><D47/><U90/><E71/><V123/><F123/><W76/><G76/><T53/><D124/><U79/><E2/><V48/><F93/><W10/><G10/><N who="2" m="3625" /><F86/><W38/><G38/><T27/><D25/><U30/><E45/><V3/><F3/><W112/><G112/><T54/><D27/><N who="1" m="16743" /><E35/><V108/><F108/><W117/><G118/><T120/><D31/><U39/><E39/><V107/><F107/><W21/><G21/><T85/><D120/><U103/><E104/><V83/><F83/><W131/><N who="3" m="49779" /><W115/><DORA hai="18" /><G115/><T106/><D82/><N who="1" m="47583" /><E103/><V134/><F134/><W49/><G60/><T97/><D106/><U9/><E90/><V44/><F44/><AGARI ba="0,0" hai="19,23,26,44,49,55,89,95,96,116,117" m="49779" machi="44" ten="40,2600,0" yaku="19,1,52,1" doraHai="121,18" who="3" fromWho="2" sc="250,0,250,0,250,-26,250,26" /><INIT seed="1,0,0,4,4,127" ten="250,250,224,276" oya="1" hai0="15,68,2,26,7,71,86,101,9,28,87,116,107" hai1="96,84,134,76,46,38,74,102,25,45,56,100,119" hai2="82,115,133,0,130,5,88,27,23,80,94,43,3" hai3="79,47,103,35,10,36,1,123,8,50,17,29,124"/><U59/><E119/><V37/><F133/><W6/><G123/><T62/><D116/><U24/><E134/><V118/><F118/><W97/><G124/><T95/><D2/><U34/><E74/><V135/><F135/><W31/><G36/><T16/><D7/><U126/><E126/><V70/><F70/><W55/><G35/><N who="0" m="20887" /><D71/><U51/><E38/><V32/><F32/><W63/><G79/><T83/><D95/><U33/><E84/><V54/><F0/><W128/><G128/><T113/><D83/><U131/><E76/><V30/><F130/><W106/><REACH who="3" step="1"/><G63/><REACH who="3" ten="250,250,224,266" step="2"/><T85/><D113/><U20/><E131/><V91/><F115/><W120/><G120/><T12/><D62/><U72/><E72/><V19/><F37/><W108/><G108/><T132/><D132/><U53/><E33/><V122/><F122/><W60/><G60/><T49/><D49/><N who="1" m="28847" /><E34/><V39/><F39/><W78/><G78/><T129/><D129/><U112/><E112/><V125/><F125/><W75/><G75/><T18/><D68/><U11/><E51/><V44/><F91/><W21/><G21/><T93/><D9/><U66/><E11/><V114/><F23/><W52/><G52/><T40/><D40/><U73/><E73/><V99/><F43/><W64/><G64/><T121/><D121/><U22/><E66/><V89/><F54/><W77/><G77/><T4/><D101/><N who="1" m="39019" /><E46/><V81/><F44/><W57/><G57/><N who="1" m="22090" /><E96/><V104/><F99/><W65/><G65/><T14/><D107/><U105/><E105/><V69/><F104/><W92/><G92/><RYUUKYOKU ba="0,1" sc="250,-15,250,15,224,-15,266,15" hai1="20,22,24,25" hai3="1,6,8,10,17,29,31,47,50,55,97,103,106" /><INIT seed="1,1,1,2,4,20" ten="235,265,209,281" oya="1" hai0="105,72,9,2,90,116,115,65,6,81,25,118,121" hai1="35,98,119,103,111,130,88,7,44,78,74,68,46" hai2="129,1,106,31,123,73,70,10,113,96,85,51,27" hai3="57,128,89,16,58,52,15,107,53,49,109,80,26"/><U0/><E119/><V79/><F85/><N who="3" m="50343" /><G107/><T66/><D115/><U34/><E68/><V8/><F8/><N who="3" m="6247" /><G109/><T55/><D105/><U37/><E130/><V43/><F51/><N who="3" m="30879" /><G128/><T133/><D121/><U86/><E111/><V126/><F106/><W14/><G14/><T95/><D72/><U91/><E34/><V132/><F129/><W77/><G26/><T39/><D25/><U117/><E35/><V3/><F27/><W69/><G69/><T12/><D39/><U122/><E117/><V94/><F123/><W50/><G77/><T124/><D12/><U134/><E122/><V92/><F79/><W127/><G127/><T131/><D131/><U84/><E134/><V75/><F126/><W59/><G50/><T29/><D124/><U104/><E37/><V18/><F132/><W23/><G23/><T24/><D133/><U56/><E74/><V5/><F75/><W48/><G48/><T63/><D118/><U60/><E78/><V28/><F73/><W67/><G67/><T17/><D116/><U100/><E100/><V71/><F71/><W110/><G110/><T36/><D36/><U32/><E32/><V125/><F70/><W99/><G99/><T82/><D66/><N who="1" m="39175" /><E91/><V93/><F125/><W22/><G22/><N who="0" m="13391" /><D65/><U108/><E108/><V61/><F113/><W102/><G102/><T11/><D90/><U13/><E88/><N who="2" m="55303" /><F1/><W112/><G112/><T45/><D2/><U42/><E0/><V41/><F3/><W64/><G64/><T62/><D9/><N who="1" m="4287" /><E46/><AGARI ba="1,1" hai="46,49,53,58,59" m="30879,6247,50343" machi="46" ten="30,7700,0" yaku="25,1,8,1,54,2" doraHai="20" who="3" fromWho="1" sc="235,0,265,-80,209,0,281,90" /><INIT seed="2,0,0,1,1,100" ten="235,185,209,371" oya="2" hai0="124,25,89,7,71,134,33,26,82,80,42,94,44" hai1="49,83,4,112,36,3,60,27,122,119,95,131,21" hai2="53,41,31,28,19,67,23,99,90,54,62,29,58" hai3="75,91,24,39,47,96,17,74,97,5,34,123,132"/><V128/><F128/><W22/><G123/><T103/><D71/><U117/><E112/><V37/><F37/><W69/><G69/><T86/><D124/><U76/><E131/><V65/><F41/><W125/><G125/><T126/><D126/><U87/><E122/><V85/><F53/><W6/><G34/><T56/><D134/><U11/><E36/><V84/><F99/><W70/><G70/><T43/><D7/><U1/><E1/><V107/><F107/><W121/><G121/><T92/><D33/><U88/><E60/><V35/><F35/><W102/><G132/><T66/><D103/><U2/><E49/><V51/><F62/><W64/><G64/><T40/><D44/><U73/><REACH who="1" step="1"/><E3/><REACH who="1" ten="235,175,209,371" step="2"/><V78/><F78/><W55/><G39/><T106/><D66/><N who="2" m="25098" /><F90/><W12/><G91/><T63/><D63/><U110/><E110/><V9/><F9/><W48/><G48/><T118/><D89/><U10/><E10/><V109/><F109/><W105/><G105/><T111/><D106/><U113/><E113/><V98/><F98/><W45/><G97/><T133/><D111/><U32/><E32/><V14/><AGARI ba="0,1" hai="14,19,23,28,29,31,51,54,58,84,85" m="25098" machi="14" ten="30,1500,0" yaku="8,1" doraHai="100" who="2" fromWho="2" sc="235,-5,175,-5,209,25,371,-5" /><INIT seed="2,1,0,0,1,52" ten="230,170,234,366" oya="2" hai0="82,134,61,100,119,129,58,135,63,79,41,87,99" hai1="21,9,20,88,57,56,48,64,38,67,101,49,5" hai2="29,93,47,31,12,23,37,39,113,122,51,86,127" hai3="59,112,91,103,84,118,62,46,54,42,40,133,126"/><V34/><F122/><W94/><G118/><T55/><D129/><U25/><E38/><V32/><F113/><W13/><G133/><N who="0" m="50699" /><D41/><U44/><E101/><V75/><F75/><W92/><G126/><T65/><D119/><U125/><E125/><V89/><F127/><W106/><G106/><N who="0" m="63775" /><D63/><N who="1" m="37991" /><E5/><V98/><F37/><W90/><G103/><T124/><D124/><U130/><E9/><V17/><F39/><W28/><G28/><N who="2" m="10825" /><F32/><W26/><G26/><T131/><D131/><U95/><E130/><V110/><F110/><W8/><G46/><T114/><D65/><U71/><E71/><V10/><F34/><W36/><G36/><T116/><D116/><U128/><E128/><V85/><F10/><W117/><G112/><AGARI ba="1,0" hai="55,58,61,79,82,87,112,114" m="63775,50699" machi="112" ten="30,2000,0" yaku="20,1,52,1" doraHai="52" who="0" fromWho="3" sc="230,23,170,0,234,0,366,-23" /><INIT seed="3,0,0,1,1,135" ten="253,170,234,343" oya="3" hai0="106,127,109,121,45,7,16,61,66,102,12,42,37" hai1="30,81,114,63,67,8,32,104,130,87,72,103,35" hai2="28,5,17,43,40,41,14,78,74,90,134,101,91" hai3="108,59,47,77,54,76,120,33,129,119,70,13,132"/><W0/><G0/><T4/><D121/><U95/><E114/><V10/><F134/><W83/><G70/><T38/><D109/><U51/><E130/><V11/><F28/><W118/><G33/><T80/><D38/><U22/><E8/><V115/><F115/><W39/><G77/><T50/><D37/><U93/><E51/><V24/><F101/><W96/><G96/><T100/><D127/><U48/><E48/><V69/><F69/><W52/><G13/><T105/><D80/><U97/><E104/><V116/><F116/><W92/><G92/><T56/><D106/><U18/><E72/><V26/><F78/><W89/><G89/><N who="2" m="33801" /><F74/><W55/><G59/><T126/><D126/><U27/><E95/><V15/><AGARI ba="0,0" hai="5,10,11,14,15,17,24,26,40,41,43" m="33801" machi="15" ten="30,1100,0" yaku="8,1" doraHai="135" who="2" fromWho="2" sc="253,-3,170,-3,234,11,343,-5" owari="250,5.0,167,-33.3,245,-15.5,338,43.8" /></mjloggm>