<mjloggm ver="2.3"><GO type="225" lobby="0"/><UN n0="%33%73%74%72%69%6B%65%73" n1="%72%69%6F%75%63%68%61%6E" n2="%E5%80%89%E6%A9%8B%EF%BC%A0%E4%BA%8B%E5%8B%99" n3="%E8%A8%88%E7%AE%97%E6%A9%9F%E8%87%AA%E7%84%B6" dan="16,17,16,17" rate="2102.25,2250.43,2096.32,2212.48" sx="M,M,M,M"/><TAIKYOKU oya="0"/><INIT seed="0,0,0,3,1,16" ten="250,250,250,250" oya="0" hai0="55,76,63,124,48,126,77,36,54,23,15,122,53" hai1="116,6,1,60,51,18,105,120,74,47,70,130,112" hai2="10,99,41,129,118,101,50,93,42,73,115,66,20" hai3="131,8,14,128,52,25,121,102,98,12,11,75,94"/><T71/><D122/><U96/><E116/><V108/><F115/><W103/><G75/><T32/><D32/><U29/><E120/><V40/><F73/><W56/><G121/><T64/><D36/><U67/><E112/><V109/><F118/><W49/><G102/><T125/><D48/><U19/><E130/><V5/><F129/><W65/><G65/><T61/><D63/><U87/><E74/><V133/><F66/><W28/><G12/><T68/><D68/><U26/><E87/><V37/><F37/><W91/><G8/><T3/><D3/><U30/><E30/><V100/><F133/><W4/><REACH who="3" step="1"/><G103/><REACH who="3" ten="250,250,250,240" step="2"/><T22/><D15/><U113/><E113/><V134/><F101/><W107/><G107/><T135/><D135/><U43/><E105/><V117/><F134/><W89/><G89/><T38/><D38/><U119/><E119/><V114/><F117/><W88/><G88/><T79/><AGARI ba="0,1" hai="22,23,53,54,55,61,64,71,76,77,79,124,125,126" machi="79" ten="40,18000,2" yaku="0,1,29,2,18,1,52,2" doraHai="16" who="0" fromWho="0" sc="250,190,250,-60,250,-60,240,-60" /><INIT seed="0,1,0,1,5,104" ten="440,190,190,180" oya="0" hai0="59,38,4,23,48,72,115,94,36,105,122,49,56" hai1="128,35,133,63,96,7,58,93,75,8,69,13,64" hai2="110,20,19,37,131,83,121,50,73,14,5,30,77" hai3="66,103,80,119,10,71,97,90,52,42,130,101,116"/><T126/><D105/><U102/><E133/><V9/><F37/><W82/><G42/><T55/><D72/><U28/><E128/><V78/><F121/><W88/><G66/><T17/><D4/><U86/><E35/><V40/><F131/><W32/><G130/><T99/><D126/><U107/><E28/><V26/><F110/><W57/><G71/><T113/><D38/><U31/><E31/><V134/><F134/><W0/><G32/><T51/><D36/><U15/><E75/><V62/><F62/><W16/><G0/><T81/><D81/><N who="3" m="31337" /><G119/><T95/><D56/><U34/><E34/><V111/><F111/><W124/><G116/><T3/><D3/><U45/><E45/><V11/><F77/><W79/><G79/><T100/><D122/><U74/><E74/><V135/><F135/><W109/><G124/><T127/><D127/><U85/><E107/><V114/><F114/><W24/><G109/><T112/><D95/><U65/><REACH who="1" step="1"/><E15/><REACH who="1" ten="440,180,190,180" step="2"/><V123/><F123/><W22/><G10/><T39/><D113/><U67/><E67/><V54/><F40/><W29/><G29/><T41/><D115/><U68/><E68/><V108/><F108/><W87/><G97/><T98/><D99/><U21/><E21/><V118/><F118/><W129/><G129/><T18/><D112/><U53/><E53/><V1/><REACH who="2" step="1"/><F54/><REACH who="2" ten="440,180,180,180" step="2"/><W120/><G120/><T76/><D39/><U125/><E125/><V46/><F46/><W33/><G33/><T91/><D41/><U92/><E92/><V25/><F25/><W60/><G87/><T27/><D55/><RYUUKYOKU ba="1,2" sc="440,-30,180,10,180,10,180,10" hai1="7,8,13,58,63,64,65,69,85,86,93,96,102" hai2="1,5,9,11,14,19,20,26,30,50,73,78,83" hai3="16,22,24,52,57,60,88,90,101,103" /><INIT seed="1,2,2,0,4,53" ten="410,190,190,190" oya="1" hai0="20,47,121,100,78,57,116,63,91,79,48,85,67" hai1="74,44,59,22,71,30,101,66,129,125,65,83,93" hai2="81,15,26,82,64,42,115,3,45,62,0,124,134" hai3="135,117,90,23,51,56,17,72,16,39,36,89,99"/><U9/><E71/><V77/><F134/><W38/><G72/><T27/><D116/><U18/><E125/><V41/><F124/><W102/><G135/><T1/><D100/><U107/><E107/><V43/><F115/><W122/><G122/><T24/><D24/><N who="1" m="16663" /><E74/><V55/><F15/><W104/><G117/><T29/><D1/><U110/><E129/><V32/><F55/><W87/><G89/><T128/><D128/><U113/><E113/><V33/><F45/><W13/><G17/><T130/><D121/><U111/><E83/><V68/><F82/><W103/><G103/><T5/><D5/><U58/><E44/><V88/><F77/><W76/><G76/><T6/><D6/><U94/><E65/><V8/><F8/><W34/><G34/><T112/><D112/><U98/><E93/><V80/><F80/><W21/><G21/><T106/><D106/><U40/><E40/><V118/><F118/><W28/><G28/><T60/><D130/><U31/><E31/><V7/><F26/><W46/><G46/><T69/><D79/><U54/><E54/><V10/><REACH who="2" step="1"/><F0/><REACH who="2" ten="410,190,180,190" step="2"/><W131/><G131/><T126/><D78/><U120/><E120/><V52/><F52/><N who="3" m="31775" /><G36/><T132/><D126/><U73/><E73/><V97/><F97/><W12/><G12/><T2/><D2/><U61/><E9/><V19/><F19/><W49/><G49/><T11/><D11/><U95/><E18/><V35/><F35/><W109/><G38/><T133/><D47/><U70/><E94/><V25/><F25/><W108/><G39/><T14/><D48/><RYUUKYOKU ba="2,3" sc="410,-30,190,10,180,10,190,10" hai1="58,59,61,66,70,95,98,101,110,111" hai2="3,7,10,32,33,41,42,43,62,64,68,81,88" hai3="13,16,23,87,90,99,102,104,108,109" /><INIT seed="1,3,3,0,1,13" ten="380,200,190,200" oya="1" hai0="17,98,45,88,44,102,104,35,109,9,93,101,38" hai1="96,65,70,108,76,123,52,58,34,32,117,105,5" hai2="30,78,1,31,28,103,91,85,111,2,79,50,134" hai3="115,63,82,66,133,42,16,122,92,75,10,110,119"/><U18/><E117/><V121/><F121/><W36/><G122/><T46/><D35/><U130/><E123/><V125/><F103/><N who="0" m="39434" /><D38/><U60/><E105/><V74/><F74/><W53/><G115/><T89/><D104/><U19/><E96/><V57/><F111/><W126/><G53/><T12/><D109/><U86/><E108/><V81/><F134/><W7/><G92/><T99/><D89/><U3/><E130/><V4/><F125/><W43/><G110/><T15/><D12/><U27/><E5/><V100/><F100/><W48/><G36/><T127/><D127/><U107/><E3/><V106/><F106/><W24/><G126/><T94/><D94/><U26/><E107/><V54/><REACH who="2" step="1"/><F1/><REACH who="2" ten="380,200,180,200" step="2"/><W40/><G133/><T132/><D132/><U80/><E27/><V120/><F120/><W128/><G75/><T33/><D33/><U84/><E32/><V97/><F97/><AGARI ba="3,4" hai="9,15,17,44,45,46,88,93,97,98,99" m="39434" machi="97" ten="30,3900,0" yaku="8,1,52,1,54,1" doraHai="13" who="0" fromWho="2" sc="380,88,200,0,180,-48,200,0" /><INIT seed="2,0,0,0,1,24" ten="468,200,132,200" oya="2" hai0="23,111,118,45,129,46,43,77,84,54,126,14,6" hai1="102,32,28,92,40,121,4,82,112,79,68,27,59" hai2="9,37,104,53,135,123,78,57,7,131,127,33,83" hai3="119,96,132,31,124,22,41,125,19,86,72,94,25"/><V50/><F123/><W70/><G72/><T116/><D111/><U2/><E112/><V42/><F104/><W17/><G119/><T89/><D126/><N who="3" m="48745" /><G70/><T134/><D134/><U15/><E68/><V36/><F127/><W11/><G132/><T67/><D67/><U20/><E121/><V122/><F135/><W35/><G41/><T1/><D1/><U52/><E40/><V65/><F122/><W99/><G11/><N who="0" m="4471" /><D23/><U30/><E2/><V13/><F33/><W85/><G96/><T73/><D89/><U95/><E102/><V44/><F131/><W98/><G99/><T100/><D100/><U55/><E55/><V38/><REACH who="2" step="1"/><F65/><REACH who="2" ten="468,200,122,200" step="2"/><W133/><G133/><T105/><D129/><U69/><E32/><V103/><F103/><N who="3" m="60887" /><G35/><T108/><D105/><U12/><E4/><V26/><F26/><W128/><G128/><T87/><D116/><U101/><E101/><V16/><F16/><AGARI ba="0,1" hai="16,17,19,22,25,31,85,86" m="60887,48745" machi="16" ten="30,3900,0" yaku="18,1,52,1,54,1" doraHai="24" who="3" fromWho="2" sc="468,0,200,0,122,-39,200,49" /><INIT seed="3,0,0,4,2,10" ten="468,200,83,249" oya="3" hai0="126,109,3,39,69,122,133,106,18,25,57,86,118" hai1="102,128,101,72,27,94,121,35,40,95,20,98,54" hai2="85,0,50,134,60,71,120,64,108,55,73,42,67" hai3="22,116,9,74,104,13,82,56,31,110,130,75,58"/><W24/><G116/><T125/><RYUUKYOKU type="yao9" ba="0,0" sc="468,0,200,0,83,0,249,0" hai0="3,18,25,39,57,69,86,106,109,118,122,125,126,133" /><INIT seed="3,1,0,2,0,24" ten="468,200,83,249" oya="3" hai0="16,46,63,34,109,134,75,83,90,103,101,0,132" hai1="32,62,38,9,29,91,82,77,25,72,56,43,122" hai2="115,68,23,74,47,79,7,3,84,107,59,36,21" hai3="104,67,121,86,131,8,54,33,73,49,31,96,45"/><W17/><G73/><T65/><D34/><U125/><E122/><V39/><F84/><W44/><G121/><T1/><D46/><U2/><E125/><V92/><F92/><W4/><G67/><T120/><D16/><U40/><E38/><V48/><F21/><W57/><G131/><T81/><D90/><U106/><E106/><V118/><F23/><W100/><G17/><T116/><D63/><U129/><E129/><V133/><F59/><W127/><G127/><T51/><D51/><U71/><E71/><V119/><F48/><W14/><REACH who="3" step="1"/><G86/><REACH who="3" ten="468,200,83,239" step="2"/><T95/><D65/><U5/><E91/><V123/><F47/><W66/><G66/><AGARI ba="1,1" hai="2,5,9,25,29,32,40,43,56,62,66,72,77,82" machi="66" ten="30,2000,0" yaku="7,1,52,1" doraHai="24" who="1" fromWho="3" sc="468,0,200,33,83,0,239,-23" owari="468,56.8,233,3.3,83,-41.7,216,-18.4" /></mjloggm>