<mjloggm ver="2.3"><GO type="225" lobby="0"/><UN n0="%E3%82%B2%E3%82%B9%E8%8C%82%E5%8B%9D" n1="%72%69%6F%75%63%68%61%6E" n2="%E3%83%8F%E3%82%AC%E3%82%BF%E3%82%AB%E3%81%AE%E3%81%88%E3%81%98%E3%81%8D" n3="%E5%8D%A0%E3%81%84%E5%B8%AB%E8%A3%8F%E3%81%AA%E3%81%84%E3%81%97" dan="16,17,16,16" rate="2014.16,2169.05,2148.67,2127.29" sx="F,M,M,M"/><TAIKYOKU oya="0"/><INIT seed="0,0,0,0,1,3" ten="250,250,250,250" oya="0" hai0="126,2,113,121,44,80,98,82,10,60,18,21,49" hai1="47,135,31,108,118,37,27,5,55,32,122,107,89" hai2="24,117,95,85,102,106,25,78,96,53,100,93,90" hai3="127,116,104,124,111,125,16,133,123,14,72,41,58"/><T40/><D113/><U79/><E118/><V52/><F117/><W77/><G116/><T84/><D126/><U101/><E122/><V39/><F39/><W38/><G123/><T46/><D121/><U70/><E108/><V23/><F24/><W74/><G111/><T87/><D98/><U63/><E135/><V65/><F65/><W131/><G133/><T132/><D132/><U129/><E129/><V17/><F102/><W71/><G71/><T119/><D119/><U42/><E79/><V115/><F115/><W83/><G104/><T20/><D60/><U50/><E89/><V112/><F112/><W86/><G131/><T22/><D44/><U67/><E5/><V103/><F103/><W57/><G41/><T12/><REACH who="0" step="1"/><D2/><REACH who="0" ten="240,250,250,250" step="2"/><U54/><E37/><V11/><F106/><W114/><G38/><T34/><D34/><U48/><E50/><V15/><REACH who="2" step="1"/><F78/><REACH who="2" ten="240,250,240,250" step="2"/><W88/><G114/><T61/><D61/><U45/><E45/><V97/><F97/><AGARI ba="0,2" hai="27,31,32,42,47,48,54,55,63,67,70,97,101,107" machi="97" ten="40,2600,0" yaku="25,2" doraHai="3" who="1" fromWho="2" sc="240,0,250,46,240,-26,250,0" /><INIT seed="1,0,0,2,4,33" ten="240,296,214,250" oya="1" hai0="39,131,36,65,62,89,76,29,88,44,110,95,111" hai1="4,51,92,49,117,101,77,121,96,0,74,59,58" hai2="118,63,127,1,37,128,102,108,134,85,48,56,31" hai3="135,11,40,26,72,124,129,64,22,27,16,103,35"/><U69/><E117/><V23/><F118/><W78/><G129/><T100/><D131/><U18/><E121/><V84/><F37/><W28/><G135/><T17/><D29/><U53/><E69/><V90/><F128/><W14/><G124/><T2/><D2/><U125/><E125/><V83/><F127/><W38/><G103/><T75/><D100/><U93/><E18/><V115/><F134/><W68/><G38/><T12/><D76/><U21/><E21/><V98/><F115/><W99/><G40/><T122/><D75/><U106/><E77/><V94/><F108/><N who="0" m="41514" /><D122/><U123/><E74/><V132/><F132/><W50/><G68/><N who="0" m="42039" /><D44/><U71/><E71/><V6/><F48/><W105/><G50/><T45/><D45/><U79/><E79/><V24/><F85/><W73/><G78/><T130/><D89/><U61/><E123/><V43/><F43/><W20/><G64/><T15/><D15/><U54/><REACH who="1" step="1"/><E61/><REACH who="1" ten="240,286,214,250" step="2"/><V52/><REACH who="2" step="1"/><F6/><REACH who="2" ten="240,286,204,250" step="2"/><W119/><G119/><T7/><D7/><U109/><E109/><V133/><F133/><W80/><G73/><T86/><D130/><U9/><AGARI ba="0,2" hai="0,4,9,49,51,53,54,58,59,92,93,96,101,106" machi="9" ten="30,11700,0" yaku="1,1,0,1,9,1,52,1,53,0" doraHai="33" doraHaiUra="30" who="1" fromWho="1" sc="240,-39,286,137,204,-39,250,-39" /><INIT seed="1,1,0,1,3,96" ten="201,423,165,211" oya="1" hai0="129,76,51,40,39,88,4,127,18,3,89,37,123" hai1="120,16,118,60,25,24,69,14,58,11,41,56,77" hai2="82,107,35,92,128,10,61,87,80,99,134,54,102" hai3="94,86,116,110,114,105,33,83,8,74,130,98,90"/><U46/><E118/><V26/><F128/><W32/><G114/><T100/><D123/><U36/><E120/><V62/><F134/><W28/><G116/><T71/><D127/><U19/><E77/><V50/><F10/><W103/><G130/><T126/><D129/><U73/><E73/><V112/><F112/><W67/><G110/><T93/><D126/><U34/><E34/><V42/><F42/><W23/><G67/><T17/><D71/><U9/><E69/><V6/><F6/><W124/><G124/><T47/><D76/><U66/><REACH who="1" step="1"/><E56/><REACH who="1" ten="201,413,165,211" step="2"/><V106/><F35/><W45/><G32/><T117/><D117/><U64/><E64/><V0/><F0/><W55/><G33/><T85/><D3/><U119/><E119/><V122/><F122/><W1/><G74/><T91/><D37/><U135/><E135/><V44/><F26/><W38/><G38/><T113/><D39/><U68/><E68/><V115/><F115/><W78/><G78/><T20/><D113/><U52/><E52/><V43/><F54/><W81/><G55/><T48/><D40/><U132/><E132/><V22/><F43/><W104/><G1/><T133/><D133/><U29/><E29/><V27/><F27/><W53/><G53/><T30/><D47/><U125/><E125/><V75/><F44/><W95/><G45/><T31/><D30/><U121/><E121/><V101/><F62/><W49/><G28/><T5/><D31/><U84/><E84/><V59/><F61/><W13/><G86/><T12/><D85/><U131/><E131/><V72/><F87/><RYUUKYOKU ba="1,1" sc="201,-10,413,30,165,-10,211,-10" hai1="9,11,14,16,19,24,25,36,41,46,58,60,66" /><INIT seed="1,2,1,0,5,70" ten="191,443,155,201" oya="1" hai0="69,117,29,46,16,39,113,127,32,60,121,128,21" hai1="36,133,9,28,96,132,67,77,64,91,131,6,45" hai2="44,8,88,13,38,15,101,24,41,79,43,126,73" hai3="134,7,14,42,84,116,111,66,50,11,108,135,31"/><U103/><E131/><V5/><F126/><W72/><G72/><T17/><D117/><U56/><E77/><V26/><F101/><W63/><G116/><T71/><D113/><U122/><E122/><V57/><F43/><W81/><G31/><T82/><D121/><U74/><E74/><V62/><F15/><W107/><G107/><T119/><D119/><U105/><E28/><V40/><F40/><W123/><G123/><T80/><D127/><U0/><E91/><V86/><F79/><N who="3" m="46143" /><G50/><T102/><D102/><U89/><E89/><V4/><F4/><W30/><G30/><T35/><D128/><U120/><E120/><V94/><REACH who="2" step="1"/><F73/><REACH who="2" ten="191,443,145,201" step="2"/><W37/><G42/><T49/><D32/><U95/><E103/><V83/><F83/><W68/><G37/><T1/><D35/><U52/><E36/><V93/><F93/><W25/><G25/><T115/><D39/><U114/><E95/><V2/><F2/><W118/><G118/><T104/><D1/><U10/><E0/><V48/><F48/><W76/><G76/><T106/><D49/><U61/><E105/><V75/><F75/><W97/><G97/><T55/><D104/><U34/><E96/><V58/><F58/><W125/><G125/><T130/><D106/><U3/><E56/><V19/><F19/><W33/><G33/><T129/><D130/><U12/><E34/><V124/><F124/><W85/><G85/><T110/><D129/><U20/><E3/><V23/><F23/><W53/><G53/><AGARI ba="2,2" hai="5,8,13,24,26,38,41,44,53,57,62,86,88,94" machi="53" ten="30,8000,1" yaku="1,1,7,1,52,1,54,1,53,1" doraHai="70" doraHaiUra="54" who="2" fromWho="3" sc="191,0,443,0,145,106,201,-86" /><INIT seed="2,0,0,4,2,77" ten="191,443,251,115" oya="2" hai0="45,4,15,108,23,121,111,17,84,122,86,34,106" hai1="98,46,67,6,56,36,76,128,24,74,8,70,49" hai2="99,80,109,132,69,126,44,115,61,125,96,53,130" hai3="94,102,133,19,135,38,1,41,52,73,95,110,48"/><V97/><F115/><W50/><G1/><T32/><D106/><U114/><E114/><V107/><F130/><W116/><G116/><T58/><D45/><U100/><E128/><V71/><F132/><W55/><G73/><T14/><D58/><U59/><E24/><V57/><F107/><W22/><G38/><T75/><D75/><U13/><E36/><V62/><F109/><N who="0" m="42058" /><D84/><U90/><E90/><V129/><F129/><W119/><G119/><T37/><D86/><U78/><E70/><V47/><F80/><W42/><G110/><T93/><D93/><N who="1" m="58447" /><E74/><V51/><F44/><W101/><REACH who="3" step="1"/><G22/><REACH who="3" ten="191,443,251,105" step="2"/><T54/><D37/><U103/><E103/><V87/><F125/><W127/><G127/><T11/><D54/><N who="1" m="30007" /><E67/><V82/><F126/><W123/><G123/><AGARI ba="0,1" hai="4,11,14,15,17,23,32,34,121,122,123" m="42058" machi="123" ten="30,3900,0" yaku="14,1,34,2" doraHai="77" who="0" fromWho="3" sc="191,49,443,0,251,0,105,-39" /><INIT seed="3,0,0,4,2,33" ten="240,443,251,66" oya="3" hai0="116,40,13,35,48,2,39,14,98,73,128,130,23" hai1="6,126,24,78,104,82,17,113,101,22,56,51,57" hai2="75,11,127,60,129,61,70,74,100,46,10,123,4" hai3="86,121,43,41,5,71,31,72,94,64,105,32,3"/><W84/><G121/><T55/><D73/><U80/><E113/><V66/><F123/><W117/><G117/><T21/><D116/><U53/><E126/><V67/><F127/><W111/><G72/><T89/><D35/><U29/><E6/><V93/><F129/><N who="0" m="49770" /><D2/><U50/><E104/><V20/><F20/><N who="0" m="7754" /><D40/><U59/><E101/><V107/><F46/><W120/><G120/><T69/><D69/><U122/><E122/><V125/><F93/><W45/><G105/><T124/><D39/><U1/><E1/><N who="2" m="271" /><F11/><W119/><G119/><T52/><D124/><U90/><E29/><V109/><F109/><W63/><G111/><T42/><D42/><U103/><E103/><V36/><F36/><W79/><G79/><T37/><D37/><U30/><E30/><V54/><F54/><N who="0" m="20522" /><D48/><N who="1" m="18475" /><E78/><V112/><F112/><W44/><G41/><T95/><AGARI ba="0,0" hai="13,14,89,95,98" m="20522,7754,49770" machi="95" ten="40,2700,0" yaku="19,1,54,1" doraHai="33" who="0" fromWho="0" sc="240,27,443,-7,251,-7,66,-13" owari="267,6.7,436,53.6,244,-15.6,53,-44.7" /></mjloggm>