<mjloggm ver="2.3"><GO type="225" lobby="0"/><UN n0="%E5%8F%AF%E5%85%90%E9%82%A3%E7%94%B1%E5%A4%9A" n1="%E6%A0%B9%E5%85%83%E3%81%8B%E3%82%89%E5%90%B9%E3%81%A3%E9%A3%9B%E3%81%B6" n2="%E3%83%B4%E3%82%A3%E3%83%AF%E3%82%B3%E3%82%B0%E3%83%8B" n3="%48%61%61%61%6C%61%6E%64" dan="16,17,16,18" rate="2202.22,2226.58,2162.31,2227.43" sx="F,F,M,M"/><TAIKYOKU oya="0"/><INIT seed="0,0,0,0,5,6" ten="250,250,250,250" oya="0" hai0="34,38,81,14,118,78,44,112,65,74,40,1,8" hai1="61,94,62,70,28,59,47,102,53,114,117,63,105" hai2="95,30,97,90,26,22,108,9,45,68,48,17,67" hai3="75,72,71,127,24,54,7,51,104,25,89,35,42"/><T125/><D112/><U96/><E117/><V69/><F108/><W92/><G104/><T37/><D118/><U91/><E114/><V123/><F123/><W130/><G71/><T39/><D125/><U111/><E111/><V33/><F67/><W60/><G127/><T122/><D122/><U132/><E132/><V134/><F134/><W133/><G133/><T20/><D34/><U109/><E109/><V107/><F107/><W12/><G130/><T2/><D65/><U83/><E28/><V98/><F98/><W50/><G75/><T129/><D129/><U32/><E32/><V119/><F119/><W49/><G72/><T126/><D126/><U120/><E120/><V86/><F97/><W16/><G7/><N who="0" m="1143" /><D1/><U110/><E110/><V19/><F19/><AGARI ba="0,0" hai="14,19,20,37,38,39,40,44,74,78,81" m="1143" machi="19" ten="30,2900,0" yaku="25,1,52,1" doraHai="6" who="0" fromWho="2" sc="250,29,250,0,250,-29,250,0" /><INIT seed="0,1,0,0,1,76" ten="279,250,221,250" oya="0" hai0="41,71,87,58,108,85,36,129,9,11,103,133,106" hai1="18,3,93,32,131,65,69,111,13,67,27,125,16" hai2="113,116,42,61,80,112,104,50,2,51,22,121,110" hai3="28,35,8,19,96,24,68,53,98,1,72,132,123"/><T102/><D71/><U21/><E111/><V15/><F2/><W130/><G130/><T43/><D129/><U44/><E125/><V30/><F104/><W119/><G119/><T0/><D133/><U55/><E131/><V34/><F34/><W60/><G132/><T25/><D108/><U37/><E3/><V23/><F110/><W134/><G134/><T10/><D0/><U86/><E69/><V40/><F121/><W54/><G123/><T92/><D106/><U66/><E32/><V94/><F30/><W128/><G128/><T84/><D36/><U7/><E7/><V117/><F94/><W62/><G72/><T91/><D25/><U20/><E37/><V105/><F105/><W4/><G19/><T56/><D91/><N who="1" m="53495" /><E55/><V127/><F15/><W33/><G33/><T17/><D17/><N who="1" m="10287" /><E44/><V135/><F135/><W81/><G68/><T120/><D120/><U26/><E26/><V47/><F47/><W109/><G109/><T77/><D77/><U99/><E99/><V73/><F61/><N who="3" m="23659" /><G98/><T57/><D92/><U12/><E12/><V83/><REACH who="2" step="1"/><F73/><REACH who="2" ten="279,250,211,250" step="2"/><W38/><G1/><T122/><D122/><U45/><E18/><V48/><F48/><W90/><G38/><T31/><D31/><U39/><E39/><V14/><F14/><N who="3" m="5383" /><G35/><T118/><D118/><U82/><E45/><V63/><F63/><W88/><G28/><T75/><D75/><U74/><E74/><V124/><AGARI ba="1,1" hai="22,23,40,42,50,51,80,83,112,113,116,117,124,127" machi="124" ten="25,12000,2" yaku="1,1,0,1,22,2,52,2,53,0" doraHai="76" doraHaiUra="6" who="2" fromWho="2" sc="279,-61,250,-31,211,133,250,-31" /><INIT seed="1,0,0,4,4,0" ten="218,219,344,219" oya="1" hai0="93,29,63,34,68,38,46,18,99,50,125,79,85" hai1="124,92,56,98,83,16,127,89,71,52,116,13,123" hai2="96,9,40,5,1,35,30,86,106,117,4,57,80" hai3="113,128,15,66,100,54,70,115,94,49,43,73,42"/><U90/><E116/><V45/><F117/><W101/><G73/><T69/><D38/><U133/><E123/><V110/><F110/><W2/><G2/><T111/><D111/><U102/><E71/><V33/><F30/><W44/><G128/><T58/><D125/><N who="1" m="48203" /><E133/><V129/><F129/><W77/><G77/><T7/><D18/><U87/><E83/><V107/><F4/><W51/><G70/><T104/><D104/><U20/><E87/><V14/><F1/><W95/><G66/><T81/><D7/><U91/><E102/><N who="3" m="39530" /><G115/><T31/><D34/><N who="2" m="12810" /><F57/><N who="3" m="32975" /><G113/><T28/><D58/><U131/><E131/><V134/><F96/><W78/><G78/><T82/><D82/><U27/><E13/><V60/><F134/><W8/><G43/><T3/><D3/><U74/><E74/><V6/><F86/><W75/><G75/><T103/><REACH who="0" step="1"/><D63/><AGARI ba="0,0" hai="16,20,27,52,56,63,89,90,91,92,98" m="48203" machi="63" ten="30,11600,0" yaku="25,1,18,1,54,2" doraHai="0" who="1" fromWho="0" sc="218,-116,219,116,344,0,219,0" /><INIT seed="1,1,0,1,5,63" ten="102,335,344,219" oya="1" hai0="86,92,23,84,59,104,103,128,37,91,87,133,126" hai1="62,69,64,16,55,75,8,7,43,56,77,107,72" hai2="98,31,20,35,10,90,93,109,83,40,22,6,78" hai3="85,25,24,30,111,68,38,79,51,108,101,45,47"/><U119/><E119/><V41/><F109/><N who="3" m="42059" /><G68/><T94/><D37/><U18/><E107/><V9/><F35/><W124/><G124/><T13/><D13/><U11/><E43/><V44/><F40/><N who="3" m="22679" /><G101/><T125/><D23/><U14/><E77/><V12/><F9/><W17/><G17/><T5/><D5/><U28/><E28/><V1/><F31/><W39/><G39/><T70/><D70/><U130/><E130/><V131/><F131/><W48/><G24/><T76/><D128/><U81/><E81/><V50/><REACH who="2" step="1"/><F1/><REACH who="2" ten="102,335,334,219" step="2"/><W102/><G30/><T122/><D126/><U95/><E18/><V117/><F117/><W123/><G123/><T134/><D125/><U58/><E11/><V36/><F36/><W132/><G132/><T21/><D122/><U61/><E7/><V34/><F34/><W49/><G47/><T127/><D127/><U46/><E46/><V73/><AGARI ba="1,1" hai="6,10,12,20,22,41,44,50,73,78,83,90,93,98" machi="73" ten="20,2700,0" yaku="1,1,0,1,7,1,53,0" doraHai="63" doraHaiUra="53" who="2" fromWho="2" sc="102,-8,335,-14,334,40,219,-8" /><INIT seed="2,0,0,5,1,92" ten="94,321,374,211" oya="2" hai0="71,83,123,87,96,109,48,6,38,60,30,70,51" hai1="58,46,0,22,2,91,122,74,50,32,101,115,62" hai2="7,63,93,84,81,40,88,15,33,26,57,85,116" hai3="56,24,17,98,114,66,36,64,117,44,99,47,76"/><V102/><F116/><W61/><G117/><T133/><D123/><U135/><E115/><V41/><F33/><W20/><G114/><T8/><D38/><U49/><E32/><V77/><F26/><W27/><G76/><T103/><D30/><U82/><E135/><V97/><F7/><W53/><G27/><T79/><D109/><U21/><E101/><V134/><F15/><W69/><G66/><T78/><D78/><U131/><E131/><V113/><F134/><W35/><G35/><T43/><D133/><U111/><E111/><V67/><REACH who="2" step="1"/><F113/><REACH who="2" ten="94,321,364,211" step="2"/><W42/><REACH who="3" step="1"/><G44/><REACH who="3" ten="94,321,364,201" step="2"/><T4/><D4/><U112/><E46/><V119/><F119/><W110/><G110/><T23/><D6/><U5/><E112/><V25/><F25/><W105/><G105/><AGARI ba="0,2" hai="40,41,57,63,67,77,81,84,85,88,93,97,102,105" machi="105" ten="30,12000,1" yaku="1,1,7,1,52,1,54,1,53,1" doraHai="92" doraHaiUra="73" who="2" fromWho="3" sc="94,0,321,0,364,140,201,-120" /><INIT seed="2,1,0,4,0,117" ten="94,321,504,81" oya="2" hai0="102,17,49,57,107,30,95,131,103,54,77,84,12" hai1="58,72,18,99,40,21,24,82,4,22,42,98,45" hai2="88,101,83,67,5,96,133,2,126,62,14,70,91" hai3="90,28,128,41,34,13,132,3,59,118,106,97,15"/><V127/><F2/><W6/><G118/><T11/><D107/><U33/><E33/><V105/><F133/><W10/><G132/><T108/><D108/><U115/><E115/><V19/><F5/><W86/><G128/><T1/><D131/><U114/><E4/><V64/><F64/><W73/><G73/><T113/><D113/><U80/><E58/><V74/><F74/><W110/><G110/><T61/><D1/><U100/><E114/><V39/><F39/><W16/><G41/><T36/><D36/><U38/><E42/><V85/><REACH who="2" step="1"/><F91/><REACH who="2" ten="94,321,494,81" step="2"/><W8/><G3/><T44/><D77/><U79/><E100/><V65/><F65/><W55/><G90/><N who="0" m="53703" /><D30/><U121/><E72/><V104/><F104/><W66/><G28/><T122/><D122/><U51/><E79/><V111/><F111/><W81/><G106/><T92/><D92/><U9/><E38/><V56/><F56/><W29/><G29/><T20/><D102/><U0/><E121/><V60/><F60/><W75/><G75/><T135/><D103/><U46/><E0/><V129/><F129/><W124/><G66/><T120/><D120/><U63/><E63/><V25/><F25/><W116/><G116/><T26/><D135/><U23/><E24/><V78/><F78/><W27/><G27/><T53/><D26/><U48/><E48/><V123/><F123/><W35/><G6/><T134/><D134/><U87/><E51/><V112/><F112/><W89/><G89/><T93/><D93/><U69/><E69/><V32/><F32/><W50/><G34/><T71/><D71/><RYUUKYOKU ba="1,1" sc="94,15,321,-15,494,15,81,-15" hai0="11,12,17,20,44,49,53,54,57,61" hai2="14,19,62,67,70,83,85,88,96,101,105,126,127" /><INIT seed="2,2,1,5,5,115" ten="109,306,509,66" oya="2" hai0="54,15,7,107,119,25,110,108,56,97,126,66,21" hai1="44,89,46,67,121,38,65,113,23,35,24,6,8" hai2="18,84,116,37,133,42,30,72,28,100,117,17,114" hai3="85,104,11,0,86,106,87,81,60,103,32,132,63"/><V73/><F114/><W49/><G32/><T33/><D126/><U39/><E35/><V48/><F37/><W10/><G132/><T105/><D66/><U47/><E121/><V27/><F133/><W135/><G135/><T53/><D119/><U14/><E113/><V109/><F100/><W26/><G26/><T5/><D33/><U34/><E34/><V122/><F84/><W124/><G124/><T129/><D129/><U45/><E39/><V70/><F42/><W59/><G81/><T127/><D127/><U90/><E38/><V2/><F48/><W125/><G125/><T80/><D80/><U52/><E52/><N who="0" m="20073" /><D56/><U83/><E83/><V4/><F4/><N who="0" m="1610" /><D15/><U40/><E40/><V69/><F27/><W22/><G59/><T95/><D95/><U64/><N who="1" m="11264" /><DORA hai="82" /><U12/><REACH who="1" step="1"/><E12/><REACH who="1" ten="109,296,509,66" step="2"/><V78/><F122/><W93/><G49/><T36/><D36/><U13/><E13/><V41/><F41/><W57/><G0/><T20/><D25/><U68/><E68/><V92/><F2/><W51/><G51/><T98/><D110/><U101/><E101/><V99/><F69/><W120/><G120/><T111/><D108/><U76/><E76/><V88/><F70/><W102/><G57/><T112/><D111/><U31/><AGARI ba="2,2" hai="6,8,14,23,24,31,64,65,67,89,90" m="11264" machi="31" ten="50,6400,0" yaku="1,1,0,1,8,1,53,0" doraHai="115,82" doraHaiUra="58,118" who="1" fromWho="1" sc="109,-18,296,90,509,-34,66,-18" /><INIT seed="3,0,0,4,1,99" ten="91,386,475,48" oya="3" hai0="115,83,50,134,87,132,102,86,8,66,28,100,15" hai1="32,123,74,121,89,41,68,113,29,125,127,101,128" hai2="26,43,96,130,118,35,58,21,25,90,31,14,1" hai3="37,103,92,98,116,63,10,0,76,64,70,53,48"/><W40/><G116/><T82/><D115/><U84/><E41/><V126/><F118/><W85/><G37/><T62/><D28/><U4/><E4/><V30/><F1/><W34/><G34/><T124/><D124/><N who="1" m="47691" /><E29/><V51/><F126/><W44/><G40/><T72/><D72/><U135/><E32/><V114/><F114/><W104/><G76/><N who="0" m="46407" /><D50/><U108/><E68/><V57/><F130/><W73/><G73/><T69/><D87/><U81/><E128/><V119/><F119/><W93/><REACH who="3" step="1"/><G85/><REACH who="3" ten="91,386,475,38" step="2"/><T3/><D83/><U13/><E74/><V27/><F35/><W45/><G45/><T133/><D3/><U38/><E38/><V129/><F129/><W2/><G2/><T24/><D24/><U80/><E113/><V19/><F26/><W131/><G131/><T60/><D60/><U122/><E81/><V91/><F27/><W71/><G71/><T23/><D23/><U112/><E112/><V65/><F30/><W61/><G61/><T105/><D105/><U7/><E80/><V47/><F43/><W33/><G33/><T120/><D120/><U17/><E84/><V110/><F31/><W12/><G12/><T75/><D75/><U20/><E13/><V97/><F14/><W9/><G9/><T95/><D95/><U55/><E20/><V42/><F42/><W36/><G36/><T88/><D15/><U59/><E121/><V67/><F25/><W16/><G16/><T54/><D8/><U79/><E122/><V18/><F21/><W11/><G11/><T117/><D117/><U56/><E123/><V107/><F107/><RYUUKYOKU ba="0,1" sc="91,-10,386,-10,475,-10,38,30" hai3="0,10,44,48,53,63,64,70,92,93,98,103,104" /><INIT seed="3,1,1,1,4,76" ten="81,376,465,68" oya="3" hai0="81,1,42,49,134,92,119,37,9,38,108,106,74" hai1="82,135,55,18,72,57,44,22,87,6,13,16,68" hai2="128,130,132,89,121,91,3,59,63,19,32,2,15" hai3="33,61,120,45,36,53,14,99,93,111,40,124,31"/><W58/><G120/><T88/><D106/><U23/><E72/><V127/><F32/><W4/><G124/><T0/><D119/><U56/><E68/><V48/><F121/><W5/><G111/><T97/><D134/><U85/><E85/><V66/><F127/><W25/><REACH who="3" step="1"/><G14/><REACH who="3" ten="81,376,465,58" step="2"/><T71/><D108/><U41/><E135/><V104/><F132/><W94/><G94/><T70/><D0/><U64/><E13/><V102/><F2/><W69/><G69/><T95/><D95/><U12/><E12/><V115/><F3/><W50/><G50/><T28/><D49/><U34/><E57/><V52/><F15/><W117/><G117/><T67/><D38/><U90/><E56/><V43/><F59/><W29/><G29/><T62/><D28/><U8/><E44/><V24/><F48/><W35/><G35/><T109/><D109/><U26/><E22/><V86/><F104/><W75/><G75/><T65/><D1/><U126/><E126/><V129/><F129/><W78/><G78/><N who="0" m="44247" /><D9/><U131/><E34/><V125/><F125/><W112/><G112/><T100/><D37/><U113/><E113/><V77/><F115/><W101/><AGARI ba="1,2" hai="4,5,25,31,33,36,40,45,53,58,61,93,99,101" machi="101" ten="20,3900,0" yaku="1,1,0,1,7,1,53,0" doraHai="76" doraHaiUra="17" who="3" fromWho="3" sc="81,-14,376,-14,465,-14,58,62" /><INIT seed="3,2,0,3,2,47" ten="67,362,451,120" oya="3" hai0="76,19,61,17,124,72,93,11,80,75,122,116,79" hai1="97,68,104,31,85,39,130,59,37,88,118,119,117" hai2="82,1,34,45,132,9,111,87,22,110,0,71,63" hai3="103,107,33,83,7,115,102,90,54,121,21,125,101"/><W51/><G115/><T74/><D116/><U70/><E130/><V133/><F34/><W10/><G33/><T77/><D122/><U89/><E31/><V26/><F45/><W14/><G121/><T13/><D124/><U131/><E131/><V99/><F99/><W86/><G125/><T126/><D126/><U108/><E108/><N who="2" m="41515" /><F63/><W78/><G21/><T129/><D129/><U57/><E97/><V127/><F71/><N who="1" m="27177" /><E85/><V3/><F9/><W135/><G135/><N who="2" m="51785" /><F127/><W91/><G107/><T92/><D80/><U42/><E42/><V66/><F66/><W25/><G25/><T106/><D106/><U6/><E6/><V35/><F35/><W44/><AGARI ba="2,0" hai="7,10,14,44,51,54,78,83,86,90,91,101,102,103" machi="44" ten="30,6000,0" yaku="0,1,8,1,52,1" doraHai="47" who="3" fromWho="3" sc="67,-22,362,-22,451,-22,120,66" /><INIT seed="3,3,0,4,2,37" ten="45,340,429,186" oya="3" hai0="97,35,11,58,126,12,63,109,99,23,135,68,79" hai1="100,130,15,59,108,88,119,96,94,72,78,93,4" hai2="9,74,127,26,64,55,25,110,17,20,117,86,75" hai3="24,6,0,18,70,51,131,29,116,52,46,65,103"/><W83/><G116/><T3/><D109/><U102/><E108/><V120/><F117/><W80/><G131/><T28/><D135/><U104/><E59/><V121/><F110/><W115/><G115/><T49/><D126/><U41/><E4/><V57/><F64/><W54/><G18/><T71/><D79/><U32/><E32/><V73/><F127/><W105/><G54/><T13/><D13/><U14/><E130/><V66/><F66/><W95/><G95/><T128/><D128/><U77/><E41/><V91/><F25/><W134/><G134/><T31/><D31/><U84/><E119/><V112/><F9/><W76/><G6/><T82/><D82/><N who="1" m="45351" /><E14/><V122/><F112/><W67/><G0/><T107/><D49/><U101/><E15/><V36/><F36/><W92/><G105/><T34/><D34/><U87/><E104/><V114/><F114/><W2/><G2/><T39/><D39/><U48/><E48/><N who="2" m="30951" /><F73/><W7/><G7/><N who="0" m="3199" /><D35/><U1/><E1/><V125/><F125/><W133/><G133/><T19/><D28/><U62/><E62/><V56/><F56/><W61/><G76/><T111/><D111/><U50/><E50/><V53/><F53/><W40/><G65/><N who="0" m="39159" /><D3/><U124/><E124/><V98/><F74/><W85/><G29/><T10/><D10/><U8/><E8/><V69/><F75/><W43/><G24/><N who="0" m="14463" /><D107/><U16/><E16/><V113/><F113/><W5/><G5/><T106/><D106/><U27/><E27/><V45/><F26/><W81/><G70/><T30/><D30/><U47/><E78/><RYUUKYOKU ba="3,0" sc="45,30,340,-10,429,-10,186,-10" hai0="68,71,97,99" owari="75,-42.5,330,13.0,419,51.9,176,-22.4" /></mjloggm>