<mjloggm ver="2.3"><GO type="225" lobby="0"/><UN n0="%E3%83%97%E3%83%92" n1="%E3%81%BF%E3%81%BF%E3%81%9A" n2="%65%2D%73%65%70%65%6E%3B" n3="%E5%8D%A0%E3%81%84%E5%B8%AB%E8%A3%8F%E3%81%AA%E3%81%84%E3%81%97" dan="17,16,16,16" rate="2202.47,2173.18,2151.52,2157.71" sx="M,M,M,M"/><TAIKYOKU oya="0"/><INIT seed="0,0,0,0,2,120" ten="250,250,250,250" oya="0" hai0="17,65,20,32,56,72,23,93,45,69,107,8,129" hai1="113,130,55,89,81,133,11,134,74,91,22,6,36" hai2="111,84,131,112,39,97,35,14,53,59,123,44,54" hai3="126,103,60,5,62,101,63,13,18,26,70,68,10"/><T33/><D107/><U27/><E36/><V3/><F123/><W29/><G126/><T106/><D106/><U115/><E55/><V117/><F112/><N who="1" m="43081" /><E74/><V92/><F3/><W88/><G5/><T86/><D72/><U7/><E81/><V110/><F35/><W52/><G88/><N who="1" m="33866" /><E130/><V47/><F84/><W51/><G68/><T34/><D69/><U83/><E83/><V85/><F85/><W87/><G87/><T42/><D129/><U25/><E7/><V135/><F131/><W21/><REACH who="3" step="1"/><G70/><REACH who="3" ten="250,250,250,240" step="2"/><T66/><D86/><U38/><E38/><V24/><F39/><W76/><G76/><T46/><D65/><U77/><E77/><V73/><F73/><W119/><G119/><T2/><D66/><U109/><E109/><V19/><F117/><W57/><AGARI ba="0,1" hai="10,13,18,21,26,29,51,52,57,60,62,63,101,103" machi="57" ten="30,7900,0" yaku="1,1,0,1,8,1,54,1,53,0" doraHai="120" doraHaiUra="43" who="3" fromWho="3" sc="250,-39,250,-20,250,-20,240,89" /><INIT seed="1,0,0,1,2,118" ten="211,230,230,329" oya="1" hai0="36,130,127,106,110,69,85,27,134,104,31,0,38" hai1="49,26,7,112,119,51,41,40,87,12,86,115,61" hai2="78,133,19,97,24,76,131,2,91,4,34,21,13" hai3="122,98,47,74,124,66,10,125,9,81,53,50,5"/><U11/><E119/><V14/><F131/><W103/><G66/><T18/><D130/><U37/><E37/><N who="0" m="14441" /><D18/><U120/><E120/><V95/><F133/><W99/><G122/><T90/><D134/><U32/><E32/><V56/><F14/><W46/><G46/><T15/><D15/><U72/><E72/><V35/><F35/><W64/><G64/><T92/><D0/><U94/><E26/><V108/><F108/><W75/><G99/><T63/><D110/><U79/><E115/><V73/><F73/><W132/><G132/><T84/><D85/><U126/><E112/><V39/><F39/><W129/><G129/><T107/><D63/><U117/><E117/><V82/><F82/><W8/><G5/><T109/><D69/><U60/><E126/><N who="3" m="48746" /><G81/><T59/><D109/><U6/><E79/><V100/><F56/><W83/><G83/><T16/><D59/><U3/><E12/><V70/><F70/><W111/><G111/><T33/><D127/><U121/><E94/><AGARI ba="0,0" hai="8,9,10,47,50,53,74,75,94,98,103" m="48746" machi="94" ten="30,1000,0" yaku="18,1" doraHai="118" who="3" fromWho="1" sc="211,0,230,-10,230,0,329,10" /><INIT seed="2,0,0,0,1,118" ten="211,220,230,339" oya="2" hai0="110,15,80,84,99,22,101,23,45,65,81,70,66" hai1="126,26,27,51,5,106,132,82,91,87,135,109,67" hai2="60,57,4,114,72,14,0,73,133,32,6,1,112" hai3="63,120,83,12,75,18,46,28,103,121,33,59,71"/><V37/><F37/><W98/><G46/><T88/><D110/><U119/><E119/><V9/><F32/><W3/><G3/><T105/><D70/><U74/><E109/><V19/><F133/><N who="1" m="51273" /><E126/><V61/><F57/><W20/><G83/><T2/><D2/><U125/><E125/><V95/><F95/><W7/><G7/><T31/><D80/><U85/><E106/><V96/><F14/><W48/><G48/><T13/><D45/><U76/><E67/><V116/><F9/><W122/><G75/><T56/><D31/><U131/><E131/><V69/><F96/><W127/><G127/><T35/><D35/><U79/><E5/><V39/><F19/><W53/><G71/><T47/><D47/><U130/><E130/><V36/><REACH who="2" step="1"/><F69/><REACH who="2" ten="211,220,220,339" step="2"/><W40/><G33/><T107/><D105/><U16/><E16/><V50/><F50/><W113/><G18/><T117/><D56/><U77/><E74/><V64/><F64/><W62/><G12/><T38/><D13/><U89/><E51/><V58/><F58/><W93/><G59/><T54/><D38/><U29/><E29/><V78/><F78/><N who="1" m="19969" /><U21/><DORA hai="90" /><E21/><V25/><F25/><N who="1" m="9225" /><E82/><V97/><F97/><W92/><G20/><T102/><D23/><U134/><N who="1" m="51281" /><U111/><DORA hai="42" /><E111/><V128/><F128/><W44/><G28/><T100/><D66/><U52/><E52/><V8/><F8/><W115/><G53/><T123/><D65/><U108/><E108/><V17/><F17/><W41/><G98/><N who="0" m="61847" /><D54/><U11/><E11/><V94/><F94/><W49/><G93/><RYUUKYOKU ba="0,1" sc="211,-15,220,15,220,15,339,-15" hai1="85,87,89,91" hai2="0,1,4,6,36,39,60,61,72,73,112,114,116" /><INIT seed="2,1,1,5,3,101" ten="196,235,235,324" oya="2" hai0="28,16,106,1,47,85,53,117,48,108,21,76,57" hai1="14,123,98,111,52,133,24,77,89,62,83,4,41" hai2="70,84,15,40,61,95,55,134,22,46,17,58,99" hai3="31,60,59,23,100,56,103,120,6,9,37,92,10"/><V74/><F74/><W104/><G37/><T38/><D1/><U78/><E111/><V126/><F126/><W25/><G120/><T93/><D108/><U128/><E123/><V130/><F130/><W20/><G104/><T33/><D117/><U87/><E128/><V42/><F134/><W30/><G92/><T44/><D106/><U19/><E133/><V13/><F70/><W94/><G94/><T35/><D28/><U27/><E41/><V82/><F46/><W115/><G115/><T81/><D47/><U73/><E4/><V5/><F5/><W3/><G9/><T63/><D38/><U91/><E73/><V118/><F118/><W125/><G59/><T34/><D93/><N who="1" m="56623" /><E52/><V32/><F32/><W12/><G125/><T51/><REACH who="0" step="1"/><D44/><REACH who="0" ten="186,235,235,324" step="2"/><U124/><E124/><V65/><F40/><W11/><G3/><T8/><D8/><N who="1" m="6599" /><E62/><V50/><F42/><W66/><G10/><T26/><AGARI ba="1,2" hai="16,21,26,33,34,35,48,51,53,57,63,76,81,85" machi="26" ten="30,4000,0" yaku="1,1,0,1,54,1,53,0" doraHai="101" doraHaiUra="97" who="0" fromWho="0" sc="186,63,235,-11,235,-21,324,-11" /><INIT seed="3,0,0,2,1,73" ten="249,224,214,313" oya="3" hai0="71,111,86,83,32,128,67,133,125,103,36,55,79" hai1="109,9,108,104,119,72,106,88,91,34,114,43,53" hai2="117,26,12,46,10,11,44,126,42,17,47,102,105" hai3="49,132,74,66,57,29,120,30,69,64,81,96,5"/><W8/><G120/><T82/><D32/><U48/><E114/><V63/><F117/><W78/><G132/><T39/><D133/><U77/><E43/><V16/><F126/><W18/><G69/><T94/><D125/><U6/><E34/><V33/><F105/><N who="1" m="40553" /><E119/><V118/><F102/><W59/><G18/><T85/><D67/><U27/><E27/><V134/><F118/><W54/><G96/><T70/><D55/><U15/><E77/><V101/><F134/><W35/><G35/><T58/><D58/><N who="1" m="33063" /><E72/><V50/><F101/><W21/><G21/><T4/><D103/><U87/><E87/><V92/><F92/><W20/><G20/><T122/><D94/><U129/><E129/><V52/><F33/><W31/><G59/><T1/><D128/><U93/><E93/><V75/><F75/><W41/><G41/><T2/><D122/><U89/><E89/><V22/><F10/><W98/><G98/><T107/><D107/><U95/><E95/><V135/><F135/><W97/><G97/><T45/><D45/><N who="2" m="17514" /><F63/><W131/><G131/><T121/><D121/><U13/><E91/><V113/><F113/><W25/><G25/><T28/><D28/><U56/><E88/><V110/><F42/><W3/><AGARI ba="0,0" hai="3,5,8,29,30,31,49,54,57,64,66,74,78,81" machi="3" ten="30,3000,0" yaku="0,1,52,1" doraHai="73" who="3" fromWho="3" sc="249,-10,224,-10,214,-10,313,30" owari="239,3.9,214,-18.6,204,-29.6,343,44.3" /></mjloggm>