<mjloggm ver="2.3"><GO type="225" lobby="0"/><UN n0="%28%EF%BF%A3%E2%96%BD%EF%BF%A3%29%CE%B4%E2%8C%92%E3%83%BB" n1="%E8%BE%9B%E5%8F%A3%E3%82%AB%E3%83%AC%E3%83%BC%E3%83%A9%E3%82%A4%E3%82%B9" n2="%E7%89%B9%E6%9D%B1%E3%81%AF%E4%B8%96%E7%95%8C%E3%82%92%E6%95%91%E3%81%86" n3="%E3%80%90%E3%83%88%E3%83%AA%E3%83%A5%E3%83%95%E3%80%91" dan="17,17,16,16" rate="2253.04,2225.06,2116.92,2081.00" sx="M,M,M,M"/><TAIKYOKU oya="0"/><INIT seed="0,0,0,4,4,16" ten="250,250,250,250" oya="0" hai0="24,103,48,107,31,124,51,30,133,135,15,95,25" hai1="101,108,80,111,12,96,67,63,120,65,64,110,112" hai2="47,54,60,109,123,1,82,129,89,97,76,7,69" hai3="18,94,127,8,27,44,32,28,117,57,119,36,14"/><T50/><D107/><U66/><E120/><V52/><F123/><W88/><G127/><T113/><D124/><U70/><E112/><V130/><F109/><W71/><G71/><T45/><D113/><U121/><E121/><V41/><F7/><W10/><G57/><T118/><D118/><U56/><E80/><V26/><F1/><W23/><G117/><T78/><D78/><U73/><E73/><V42/><F26/><N who="0" m="10346" /><D15/><U49/><E12/><V35/><F35/><W53/><G119/><T0/><D0/><U84/><E84/><V99/><F42/><W100/><G100/><T6/><D6/><U75/><E75/><V62/><F62/><W114/><G114/><T55/><D95/><U87/><E87/><N who="2" m="50423" /><F76/><W17/><G17/><T3/><D103/><U98/><REACH who="1" step="1"/><E101/><REACH who="1" ten="250,240,250,250" step="2"/><V59/><F99/><W4/><G4/><T9/><D3/><U115/><E115/><V29/><F97/><W46/><G8/><T13/><D9/><U102/><E102/><V33/><F130/><W106/><G10/><T92/><D13/><U90/><E90/><V21/><F129/><W77/><G14/><T122/><D122/><U126/><E126/><V134/><F33/><W61/><G32/><T5/><D92/><U39/><E39/><V40/><F21/><W85/><G106/><T72/><D72/><U20/><E20/><V131/><F131/><W22/><G36/><T132/><D5/><U43/><E43/><V128/><F40/><W86/><G86/><T2/><D2/><U74/><E74/><V34/><F128/><W68/><G85/><T93/><D93/><RYUUKYOKU ba="0,1" sc="250,15,240,15,250,-15,250,-15" hai0="30,31,45,48,50,51,55,132,133,135" hai1="49,56,63,64,65,66,67,70,96,98,108,110,111" /><INIT seed="0,1,1,3,2,58" ten="265,255,235,235" oya="0" hai0="119,70,106,13,42,110,68,11,93,74,56,133,121" hai1="43,20,129,1,73,47,123,28,5,59,105,23,102" hai2="67,7,26,79,71,61,46,77,21,6,87,81,134" hai3="9,22,2,14,114,120,127,113,124,122,39,98,85"/><T72/><D106/><U75/><E123/><N who="3" m="47146" /><G39/><T62/><D121/><U107/><E129/><V49/><F134/><W60/><G98/><T48/><D119/><U51/><E1/><V65/><F65/><W95/><G2/><T19/><D133/><U30/><E5/><V132/><F79/><W8/><G60/><T92/><D110/><U63/><E30/><V94/><F94/><W125/><G85/><T84/><D74/><U86/><E86/><V4/><F132/><W18/><G95/><T54/><D72/><U53/><E23/><V128/><F128/><W57/><G57/><T40/><D70/><U117/><E117/><V112/><F112/><AGARI ba="1,1" hai="8,9,14,18,22,112,113,114,124,125,127" m="47146" machi="112" ten="40,8000,1" yaku="18,1,13,1,34,2" doraHai="58" who="3" fromWho="2" sc="265,0,255,0,235,-83,235,93" /><INIT seed="1,0,0,3,1,129" ten="265,255,152,328" oya="1" hai0="40,100,67,60,47,85,21,5,9,51,3,118,30" hai1="28,7,16,110,15,64,73,45,76,93,46,48,65" hai2="14,96,62,58,107,43,31,90,105,26,4,77,78" hai3="74,108,79,54,20,75,95,19,134,23,29,111,97"/><U120/><E120/><V88/><F43/><W94/><G134/><T66/><D118/><U122/><E122/><V0/><F0/><W119/><G54/><T71/><D100/><U103/><E7/><V42/><F42/><W86/><G79/><T102/><D102/><U89/><E103/><V27/><F4/><W109/><G119/><T133/><D67/><U49/><E28/><V33/><F14/><N who="3" m="9335" /><G86/><T8/><D8/><N who="1" m="6247" /><E76/><V39/><F39/><W2/><G2/><T116/><D116/><U91/><E73/><N who="3" m="27658" /><G97/><T41/><D85/><N who="1" m="52399" /><E110/><V55/><F27/><AGARI ba="0,0" hai="23,27,29,94,95,108,109,111" m="27658,9335" machi="27" ten="40,1300,0" yaku="14,1" doraHai="129" who="3" fromWho="2" sc="265,0,255,0,152,-13,328,13" /><INIT seed="2,0,0,4,3,33" ten="265,255,139,341" oya="2" hai0="58,42,76,28,98,89,71,45,35,7,77,124,81" hai1="92,32,72,40,38,51,18,60,87,23,4,43,122" hai2="126,121,66,24,67,109,29,130,52,34,120,30,6" hai3="21,85,59,5,83,78,80,119,96,129,1,105,61"/><V79/><F130/><W65/><G129/><T56/><D71/><U64/><E72/><V74/><F126/><W99/><G119/><T62/><D124/><U54/><E32/><V131/><F131/><W70/><G105/><T125/><D125/><U3/><E122/><V115/><F115/><W118/><G118/><T15/><D28/><U97/><E38/><V55/><F6/><W128/><G128/><T69/><D35/><U82/><E4/><V112/><F34/><W31/><G1/><T106/><D69/><U41/><E3/><V16/><F79/><W12/><G70/><T13/><D106/><U26/><E64/><V19/><F24/><N who="3" m="16783" /><G83/><T73/><D77/><N who="1" m="46543" /><E60/><V108/><REACH who="2" step="1"/><F112/><REACH who="2" ten="265,255,129,341" step="2"/><W84/><G5/><T94/><D7/><U44/><E43/><V49/><F49/><W123/><G123/><T10/><D76/><U27/><E27/><V46/><F46/><W88/><G12/><T101/><D15/><U102/><AGARI ba="0,1" hai="18,23,26,40,41,44,51,54,92,97,102" m="46543" machi="102" ten="30,1100,0" yaku="8,1" doraHai="33" who="1" fromWho="1" sc="265,-3,255,21,129,-5,341,-3" /><INIT seed="3,0,0,2,1,94" ten="262,276,124,338" oya="3" hai0="79,24,61,46,42,1,72,8,67,129,119,5,100" hai1="53,68,124,96,10,116,77,108,49,58,21,101,2" hai2="65,130,38,34,62,107,120,57,87,122,44,125,135" hai3="41,131,23,128,73,66,83,126,133,39,80,69,121"/><W93/><G121/><T114/><D119/><U33/><E33/><V56/><F34/><W64/><G23/><T19/><D129/><N who="3" m="49737" /><G93/><T99/><D114/><U109/><E68/><V20/><F107/><W43/><G133/><T90/><D90/><U11/><E124/><V59/><F87/><W32/><G32/><T48/><D72/><U71/><E71/><V113/><F20/><W9/><G9/><T104/><D79/><U105/><E116/><V123/><F130/><W40/><G39/><T16/><REACH who="0" step="1"/><D24/><REACH who="0" ten="252,276,124,338" step="2"/><U110/><E2/><V102/><F102/><W89/><G73/><T92/><D92/><U78/><E21/><V70/><F113/><W106/><G106/><T22/><D22/><U91/><E91/><V18/><F18/><W13/><G89/><T85/><D85/><U51/><E51/><V55/><F125/><W112/><G112/><T98/><D98/><U115/><E115/><V52/><F135/><W63/><G126/><T117/><D117/><U6/><E6/><V17/><F17/><W7/><G83/><T74/><D74/><U54/><E54/><V84/><F84/><W111/><G80/><T81/><D81/><U27/><E27/><V28/><F28/><W75/><G75/><T36/><D36/><U14/><E14/><V134/><F134/><W12/><G66/><T103/><D103/><U15/><E15/><V60/><F60/><W37/><G37/><T25/><D25/><U97/><E97/><V47/><REACH who="2" step="1"/><F38/><REACH who="2" ten="252,276,114,338" step="2"/><W31/><G31/><T30/><D30/><U50/><E50/><V45/><AGARI ba="0,2" hai="44,45,47,52,55,56,57,59,62,65,70,120,122,123" machi="45" ten="40,16000,3" yaku="1,1,2,1,0,1,29,2,13,1,34,3,54,1,53,0" doraHai="94" doraHaiUra="4" who="2" fromWho="2" sc="252,-40,276,-40,114,180,338,-80" /><INIT seed="4,0,0,0,5,22" ten="212,236,294,258" oya="0" hai0="118,82,108,68,134,32,117,132,47,93,120,126,125" hai1="91,65,57,115,89,76,73,46,15,35,98,11,135" hai2="81,31,18,75,84,128,110,28,96,56,44,10,4" hai3="13,113,66,127,67,63,53,37,86,69,23,114,29"/><T49/><D32/><U78/><E35/><V25/><F75/><W121/><G37/><T3/><D3/><U59/><E135/><N who="0" m="51753" /><D82/><U39/><E73/><V97/><F110/><W30/><G67/><T58/><D93/><N who="1" m="56623" /><E39/><V103/><F128/><W60/><G127/><N who="0" m="48651" /><D108/><U41/><E115/><N who="3" m="44042" /><G86/><T43/><D68/><U51/><E91/><V2/><F97/><W5/><G121/><T48/><D120/><U106/><E106/><V109/><F109/><W90/><G90/><T17/><D17/><N who="1" m="8447" /><E65/><V111/><F111/><W112/><G5/><T21/><D21/><U72/><E72/><V94/><F103/><W33/><G33/><T130/><D130/><U95/><E95/><V0/><F4/><W105/><G105/><T100/><D100/><U123/><E123/><V62/><F94/><W24/><G13/><T50/><D58/><AGARI ba="0,0" hai="41,46,51,57,58,59,76,78" m="8447,56623" machi="58" ten="30,1000,0" yaku="8,1" doraHai="22" who="1" fromWho="0" sc="212,-10,236,10,294,0,258,0" /><INIT seed="5,0,0,3,4,75" ten="202,246,294,258" oya="1" hai0="36,131,44,38,20,29,106,54,87,101,11,65,69" hai1="31,79,52,12,49,109,77,53,89,63,46,100,0" hai2="55,84,7,125,126,1,122,28,10,6,56,111,17" hai3="83,61,98,68,21,90,40,43,108,102,120,23,72"/><U71/><E0/><V24/><F111/><W60/><G108/><T97/><D131/><U88/><E109/><V5/><F122/><W8/><G120/><T4/><D87/><U121/><E121/><V3/><F84/><W91/><G8/><T86/><D86/><U39/><E39/><V19/><F55/><W127/><G72/><T80/><D80/><U130/><E130/><V76/><F56/><W103/><G68/><T15/><D65/><U135/><E135/><V134/><F76/><N who="1" m="29257" /><E71/><V114/><F114/><W22/><G127/><N who="2" m="48649" /><F134/><W104/><G104/><T30/><D69/><U16/><E31/><V18/><F10/><W42/><G83/><T70/><D70/><U59/><E100/><N who="3" m="38442" /><G98/><T99/><D99/><U37/><E37/><V112/><F112/><W94/><G94/><T132/><D132/><U34/><E34/><AGARI ba="0,0" hai="1,3,5,6,7,17,18,19,24,28,34" m="48649" machi="34" ten="40,5200,0" yaku="18,1,34,2" doraHai="75" who="2" fromWho="1" sc="202,0,246,-52,294,52,258,0" owari="202,-19.8,194,-30.6,346,44.6,258,5.8" /></mjloggm>