<mjloggm ver="2.3"><GO type="225" lobby="0"/><UN n0="%6B%75%7A%75%6E" n1="%E5%AD%90%E4%BE%9B%E4%BC%9A%E5%93%A1" n2="%E5%8D%A0%E3%81%84%E5%B8%AB%E8%A3%8F%E3%81%AA%E3%81%84%E3%81%97" n3="%79%75%72%69%6D%6F%67" dan="17,17,17,16" rate="2171.90,2105.48,2204.70,2126.44" sx="M,M,M,F"/><TAIKYOKU oya="0"/><INIT seed="0,0,0,3,2,95" ten="250,250,250,250" oya="0" hai0="15,56,36,26,28,97,90,41,37,43,78,122,65" hai1="134,25,102,9,91,104,67,93,128,81,6,40,133" hai2="44,51,46,1,69,2,70,87,7,32,113,118,33" hai3="31,135,109,105,27,94,117,24,30,96,82,119,132"/><T79/><D122/><U35/><E104/><V66/><F113/><W55/><G82/><T123/><D123/><U45/><E67/><V80/><F66/><W116/><G55/><T127/><D127/><U21/><E35/><V86/><F80/><W72/><G72/><T38/><D15/><N who="1" m="5559" /><E102/><V85/><F7/><W126/><G105/><T49/><D78/><U100/><E100/><V20/><F20/><W61/><G61/><T74/><D79/><U17/><E128/><V19/><F19/><W42/><G42/><T60/><D74/><U53/><E53/><V103/><F103/><W63/><G63/><T98/><D90/><U57/><E57/><V110/><F51/><W0/><G0/><N who="2" m="105" /><F110/><W124/><G94/><T121/><D121/><U10/><E10/><V29/><F29/><N who="3" m="10763" /><G96/><T11/><D11/><U68/><E68/><N who="2" m="26219" /><F118/><W47/><G47/><AGARI ba="0,0" hai="32,33,44,46,47,85,86,87" m="26219,105" machi="47" ten="40,2600,0" yaku="28,2" doraHai="95" who="2" fromWho="3" sc="250,0,250,0,250,26,250,-26" /><INIT seed="1,0,0,2,1,3" ten="250,250,276,224" oya="1" hai0="38,100,41,132,129,64,103,43,7,11,104,62,135" hai1="119,101,50,72,67,55,112,87,36,54,33,66,105" hai2="12,51,77,46,121,18,117,20,123,16,19,26,85" hai3="57,81,24,32,92,10,42,31,28,44,126,49,22"/><U109/><E72/><V61/><F117/><W53/><G126/><T68/><D129/><U111/><E119/><V45/><F121/><W89/><G81/><T131/><D131/><U63/><E112/><V65/><F123/><W125/><G125/><T23/><D23/><U75/><E75/><V97/><F97/><W120/><G120/><T83/><D83/><U8/><E36/><V34/><F34/><W73/><G73/><T80/><D80/><U2/><E33/><V95/><F77/><W25/><G10/><T59/><D59/><N who="1" m="35327" /><E87/><V69/><F12/><W35/><G22/><T76/><D76/><U116/><E116/><V124/><F124/><W48/><G48/><T0/><D43/><U98/><E8/><V21/><F21/><W15/><G15/><T96/><D103/><U4/><E4/><V27/><F27/><W5/><G5/><T94/><D94/><U52/><E2/><V79/><F79/><W60/><G60/><T102/><D102/><U70/><E70/><V82/><F82/><W17/><G17/><N who="2" m="6761" /><F51/><W74/><G74/><T110/><D110/><N who="1" m="41995" /><E54/><V78/><F78/><W114/><G114/><T128/><D128/><U118/><E118/><V106/><F106/><W90/><REACH who="3" step="1"/><G92/><REACH who="3" ten="250,250,276,214" step="2"/><T133/><D133/><U13/><E13/><V56/><F69/><W1/><G1/><T130/><D130/><U47/><AGARI ba="0,1" hai="47,50,52,66,67,98,101,105" m="41995,35327" machi="47" ten="30,6000,0" yaku="14,1,10,1,54,1" doraHai="3" who="1" fromWho="1" sc="250,-20,250,70,276,-20,214,-20" /><INIT seed="1,1,0,1,1,49" ten="230,320,256,194" oya="1" hai0="77,29,121,43,110,73,8,12,134,103,20,56,87" hai1="17,80,84,69,7,116,107,1,68,79,3,78,37" hai2="50,89,109,52,44,63,13,67,114,6,34,21,24" hai3="54,128,130,26,16,61,94,83,115,10,125,82,45"/><U22/><E116/><V25/><F109/><W57/><G115/><T99/><D110/><U102/><E37/><V53/><F114/><W42/><G94/><N who="0" m="58871" /><D73/><U91/><E102/><V65/><F34/><W66/><G66/><N who="2" m="25097" /><F89/><W48/><G125/><T108/><D134/><U135/><E107/><V129/><F129/><W122/><G122/><T132/><D132/><U58/><E135/><V14/><F6/><W60/><G60/><T113/><D113/><U36/><E36/><V9/><F9/><W31/><G31/><T111/><D43/><U70/><E58/><N who="2" m="35271" /><F24/><W133/><G133/><T88/><D121/><U92/><E79/><V4/><F4/><W85/><G26/><N who="0" m="16583" /><D77/><U27/><REACH who="1" step="1"/><E7/><REACH who="1" ten="230,310,256,194" step="2"/><V51/><F51/><N who="3" m="27063" /><G130/><T95/><D111/><U124/><E124/><V19/><AGARI ba="1,1" hai="13,14,19,21,25,44,50,53" m="35271,25097" machi="19" ten="30,7900,0" yaku="8,1,52,2,54,1" doraHai="49" who="2" fromWho="2" sc="230,-21,310,-40,256,92,194,-21" /><INIT seed="2,0,0,5,3,122" ten="209,270,348,173" oya="2" hai0="118,131,17,35,103,114,3,67,119,37,48,41,28" hai1="7,47,76,54,71,0,9,135,63,10,49,66,113" hai2="40,31,126,21,65,95,34,15,29,134,44,39,1" hai3="100,58,74,42,132,38,22,19,43,96,53,64,51"/><V83/><F34/><W117/><G132/><T84/><D114/><U105/><E113/><V91/><F134/><W56/><G117/><N who="0" m="44555" /><D3/><U120/><E120/><V99/><F1/><W70/><G74/><T24/><D67/><U52/><E135/><V27/><F126/><W73/><G70/><T128/><D48/><U127/><E127/><V78/><F65/><W69/><G73/><T88/><D103/><U55/><E105/><V14/><REACH who="2" step="1"/><F29/><REACH who="2" ten="209,270,338,173" step="2"/><W75/><G69/><T110/><D110/><U93/><E0/><V61/><F61/><W79/><G64/><T111/><D111/><U33/><E33/><V59/><F59/><W124/><G58/><T130/><D17/><U92/><E63/><V101/><F101/><W57/><G124/><T115/><D115/><U60/><E66/><V45/><F45/><W12/><G57/><T89/><D84/><AGARI ba="0,1" hai="14,15,21,27,31,39,40,44,78,83,84,91,95,99" machi="84" ten="30,2900,0" yaku="1,1,7,1,53,0" doraHai="122" doraHaiUra="106" who="2" fromWho="0" sc="209,-29,270,0,338,39,173,0" /><INIT seed="2,1,0,1,3,0" ten="180,270,377,173" oya="2" hai0="128,102,49,4,3,34,114,52,109,90,7,93,66" hai1="9,70,18,129,58,96,67,29,47,19,16,62,2" hai2="11,101,61,73,81,127,104,133,124,45,120,6,98" hai3="33,110,77,30,119,118,87,35,82,130,41,69,121"/><V57/><F120/><W65/><G121/><T115/><D34/><U107/><E129/><V60/><F133/><W97/><G130/><T32/><D128/><U38/><E29/><V71/><F45/><W86/><G41/><T27/><D109/><U84/><E84/><V20/><F20/><W44/><G110/><T1/><D66/><U88/><E70/><V125/><F71/><W14/><G44/><T91/><D102/><U40/><E107/><V53/><F81/><W46/><G46/><T122/><D122/><U131/><E131/><V116/><F73/><W25/><G86/><T39/><D39/><U105/><E105/><V51/><REACH who="2" step="1"/><F116/><REACH who="2" ten="180,270,367,173" step="2"/><W68/><G35/><T94/><D32/><U37/><E37/><V80/><F80/><W112/><G69/><T23/><D23/><U22/><E22/><V79/><F79/><W89/><G112/><T48/><REACH who="0" step="1"/><D27/><REACH who="0" ten="170,270,367,173" step="2"/><U76/><E38/><V28/><F28/><W8/><G33/><T13/><D13/><AGARI ba="1,2" hai="6,11,13,51,53,57,60,61,98,101,104,124,125,127" machi="13" ten="40,7700,0" yaku="1,1,18,1,52,1,53,0" doraHai="0" doraHaiUra="21" who="2" fromWho="0" sc="170,-80,270,0,367,100,173,0" /><INIT seed="2,2,0,0,3,60" ten="90,270,467,173" oya="2" hai0="116,2,78,94,61,56,9,39,67,86,89,44,91" hai1="30,13,95,98,25,81,118,18,92,93,77,68,63" hai2="41,119,23,0,135,29,79,87,115,49,48,100,131" hai3="52,111,107,105,5,50,15,128,80,123,28,103,24"/><V62/><F115/><W70/><G111/><T125/><D125/><U33/><E118/><V82/><F0/><W17/><G123/><T102/><D116/><U76/><E98/><V71/><F119/><W46/><G103/><T121/><D121/><U32/><E32/><V11/><F100/><W47/><G5/><T99/><D2/><U75/><E76/><V74/><F131/><W42/><G70/><T66/><D39/><U19/><REACH who="1" step="1"/><E13/><REACH who="1" ten="90,260,467,173" step="2"/><V126/><F79/><W36/><G128/><T69/><D78/><U31/><E31/><V37/><F29/><W7/><G24/><T27/><D27/><U57/><E57/><V109/><F71/><W73/><G28/><T83/><D44/><U108/><E108/><V58/><F109/><W3/><G73/><T14/><D69/><U45/><E45/><V96/><F58/><W122/><G122/><T20/><D20/><U55/><E55/><V40/><F23/><W54/><G54/><T130/><D130/><U114/><E114/><V35/><F96/><W88/><G3/><T129/><D129/><U104/><E104/><V101/><F35/><W34/><G34/><T124/><D124/><U127/><E127/><V16/><F126/><W64/><G107/><T8/><D8/><U97/><E97/><V117/><F11/><N who="3" m="6399" /><G105/><T110/><D110/><U26/><E26/><V113/><F113/><W6/><G64/><AGARI ba="2,1" hai="18,19,25,30,33,63,64,68,75,77,81,92,93,95" machi="64" ten="40,2600,0" yaku="1,1,52,1,53,0" doraHai="60" doraHaiUra="132" who="1" fromWho="3" sc="90,0,260,42,467,0,173,-32" /><INIT seed="3,0,0,3,5,98" ten="90,302,467,141" oya="3" hai0="57,62,53,75,15,60,6,86,122,96,50,34,134" hai1="72,130,47,120,128,99,1,52,112,64,82,95,110" hai2="24,117,13,40,113,111,0,127,80,133,83,132,46" hai3="12,14,59,79,135,115,21,22,19,4,49,100,76"/><W20/><G115/><T123/><D134/><N who="2" m="51818" /><F111/><W114/><G114/><T3/><D75/><U70/><E112/><V42/><F0/><W10/><G135/><T31/><D3/><U73/><E1/><V30/><F117/><W106/><G106/><T71/><D34/><U107/><E120/><V103/><F127/><W56/><G100/><T28/><D123/><U23/><E107/><V45/><F103/><W102/><G102/><T129/><D129/><N who="1" m="49771" /><E82/><N who="2" m="31275" /><F13/><W124/><G124/><T61/><D122/><U33/><E23/><N who="2" m="15647" /><F113/><W48/><G19/><T27/><D71/><U89/><E64/><V32/><F32/><W63/><G14/><T9/><D27/><U41/><E52/><V88/><F88/><W66/><REACH who="3" step="1"/><G59/><REACH who="3" ten="90,302,467,131" step="2"/><T125/><D125/><U78/><E70/><V109/><F109/><W81/><G81/><T104/><D104/><U18/><E110/><V131/><F131/><W7/><G7/><T55/><D96/><U74/><E18/><V118/><F118/><W91/><G91/><T126/><D126/><U25/><E89/><V11/><F45/><W44/><G44/><T121/><D121/><U39/><E47/><V17/><F46/><W119/><G119/><T68/><D68/><U93/><E74/><V37/><F17/><W8/><G8/><T94/><D94/><U87/><E73/><V51/><F11/><W54/><G54/><T116/><D116/><U97/><E93/><V16/><F16/><W5/><G5/><T105/><D105/><U69/><E95/><V108/><F108/><W35/><G35/><T2/><D2/><U29/><E72/><RYUUKYOKU ba="0,1" sc="90,-10,302,-10,467,-10,131,30" hai3="4,10,12,20,21,22,48,49,56,63,66,76,79" /><INIT seed="3,1,1,3,1,115" ten="80,292,457,161" oya="3" hai0="94,71,14,68,69,43,125,24,78,114,42,32,4" hai1="89,48,60,26,118,129,108,88,57,107,21,45,96" hai2="13,44,7,122,34,62,15,37,35,70,40,46,29" hai3="61,9,63,90,92,76,124,106,87,133,12,97,41"/><W117/><G133/><T105/><D105/><U80/><E108/><V109/><F109/><W25/><G124/><T54/><D125/><U58/><E129/><V2/><F122/><W18/><G117/><T123/><D123/><U102/><E118/><V135/><F135/><W38/><G38/><T22/><D32/><U0/><E0/><V95/><F2/><W6/><G41/><T112/><D78/><U51/><E80/><V49/><F70/><N who="0" m="17922" /><T85/><DORA hai="59" /><D94/><U119/><E119/><V101/><F62/><N who="3" m="23563" /><G106/><T74/><D85/><U116/><E116/><V67/><F67/><W16/><G25/><T132/><D74/><U82/><E82/><AGARI ba="1,1" hai="6,9,12,16,18,76,82,87,90,92,97" m="23563" machi="82" ten="30,12000,1" yaku="8,1,52,3,54,1" doraHai="115,59" who="3" fromWho="1" sc="80,0,292,-123,457,0,161,133" /><INIT seed="3,2,0,2,2,59" ten="80,169,457,294" oya="3" hai0="54,65,40,75,15,74,43,83,84,25,57,46,6" hai1="3,23,118,42,27,111,47,129,76,16,4,36,86" hai2="82,72,110,94,67,68,44,58,88,133,114,32,108" hai3="106,9,79,45,35,100,115,11,38,22,63,103,80"/><W112/><G35/><T61/><D74/><U105/><E111/><N who="2" m="42539" /><F114/><W120/><G120/><T101/><D75/><U116/><E105/><V113/><F113/><W10/><G112/><T109/><D109/><U39/><E129/><V18/><F68/><W95/><G106/><T107/><D101/><U102/><E102/><V51/><F133/><W77/><G115/><T89/><D107/><U26/><E39/><V41/><F32/><W131/><G131/><T52/><D25/><U17/><E4/><V93/><F18/><W12/><G38/><T135/><D135/><U33/><E3/><V70/><F70/><W117/><G117/><N who="1" m="45162" /><E33/><V0/><F0/><W126/><G126/><T85/><D85/><U24/><E17/><V7/><F7/><W98/><G103/><T28/><D28/><U64/><E64/><V130/><F130/><W123/><G45/><T34/><D34/><U49/><E36/><V99/><F94/><W125/><G125/><T124/><D124/><U1/><E1/><V66/><F58/><W60/><G123/><T48/><REACH who="0" step="1"/><D65/><REACH who="0" ten="70,169,457,294" step="2"/><U87/><E86/><V21/><F21/><W55/><G55/><T13/><D13/><U56/><E27/><V121/><F121/><W29/><G29/><T78/><D78/><AGARI ba="2,1" hai="41,44,51,66,67,72,78,82,88,93,99" m="42539" machi="78" ten="30,2000,0" yaku="14,1,54,1" doraHai="59" who="2" fromWho="0" sc="70,-26,169,0,457,36,294,0" owari="44,-45.6,169,-23.1,493,59.3,294,9.4" /></mjloggm>