<mjloggm ver="2.3"><GO type="225" lobby="0"/><UN n0="%E5%82%8D%E8%8B%A5%E7%84%A1%E4%BA%BA%35%31" n1="%E3%82%A2%E3%83%A1%E3%82%A2%E3%83%A9%E3%83%AC" n2="%E3%83%81%E3%83%AF%E3%83%AF%E9%9A%8A%E9%95%B7" n3="%4C%4F%4C%49%54%41" dan="16,16,17,16" rate="2139.06,2156.38,2170.14,2165.87" sx="M,M,M,F"/><TAIKYOKU oya="0"/><INIT seed="0,0,0,5,5,116" ten="250,250,250,250" oya="0" hai0="5,67,78,84,86,75,93,0,80,19,129,71,56" hai1="97,74,68,101,95,63,33,53,58,113,77,128,4" hai2="94,10,91,42,73,121,1,111,6,21,2,61,47" hai3="122,65,35,16,32,22,120,3,124,100,88,25,40"/><T13/><D129/><U133/><E133/><V52/><F73/><W118/><G118/><T104/><D104/><U106/><E128/><V90/><F111/><W38/><G3/><T44/><D71/><U114/><E33/><V51/><F1/><W26/><G124/><T102/><D5/><U130/><E130/><V131/><F131/><W119/><G119/><T31/><D31/><U115/><E4/><V45/><F121/><N who="3" m="46699" /><G100/><T24/><D24/><U69/><REACH who="1" step="1"/><E95/><REACH who="1" ten="250,240,250,250" step="2"/><V92/><F92/><W39/><G35/><T117/><D117/><U7/><E7/><V126/><F94/><W96/><G32/><T12/><D0/><U48/><E48/><V125/><F125/><W41/><G38/><T23/><D102/><U49/><E49/><V132/><F126/><W85/><G39/><T134/><D134/><U29/><E29/><V62/><F132/><W79/><G79/><T50/><D93/><U15/><E15/><V82/><F2/><W112/><G112/><T34/><D13/><U46/><E46/><V59/><F45/><W20/><G96/><T81/><D34/><U99/><E99/><V87/><F47/><W54/><G26/><T30/><D30/><U70/><E70/><V9/><F51/><W66/><G25/><T11/><D11/><U83/><AGARI ba="0,1" hai="53,58,63,68,69,74,77,83,97,101,106,113,114,115" machi="83" ten="40,8000,1" yaku="1,1,0,1,11,1,53,1" doraHai="116" doraHaiUra="103" who="1" fromWho="1" sc="250,-40,240,90,250,-20,250,-20" /><INIT seed="1,0,0,1,2,98" ten="210,330,230,230" oya="1" hai0="12,31,107,106,115,15,111,135,72,55,121,117,104" hai1="126,50,52,100,97,76,102,109,0,78,41,112,80" hai2="53,129,45,82,101,132,77,49,133,103,23,113,124" hai3="28,130,85,110,73,39,22,96,16,58,61,131,70"/><U89/><E112/><V69/><F69/><W118/><G73/><T38/><D117/><U84/><E0/><V114/><F124/><W128/><G39/><T92/><D115/><N who="2" m="44042" /><F23/><W7/><G110/><T93/><D111/><U74/><E109/><V2/><F2/><W90/><G118/><T120/><D72/><U14/><E126/><V13/><F13/><N who="0" m="5194" /><D38/><U40/><E14/><V42/><F42/><N who="1" m="16489" /><E74/><N who="2" m="43319" /><F129/><W21/><G7/><T24/><D55/><U127/><E127/><V43/><F43/><W87/><G70/><T11/><D11/><U33/><E33/><V27/><F27/><N who="3" m="14759" /><G22/><T95/><D135/><AGARI ba="0,0" hai="45,49,53,101,103,132,133,135" m="43319,44042" machi="135" ten="30,7700,0" yaku="20,1,11,1,52,2" doraHai="98" who="2" fromWho="0" sc="210,-77,330,0,230,77,230,0" /><INIT seed="2,0,0,1,2,123" ten="133,330,307,230" oya="2" hai0="66,29,28,41,7,8,121,49,60,19,110,106,80" hai1="61,65,37,82,77,78,43,3,111,122,5,89,33" hai2="95,126,75,84,117,70,86,120,87,85,12,4,69" hai3="94,48,113,9,114,32,91,115,101,53,63,38,88"/><V67/><F120/><W39/><G32/><T119/><D106/><U92/><E122/><V10/><F117/><W30/><G30/><T54/><D119/><U58/><E33/><V100/><F75/><W59/><G9/><T24/><D41/><U47/><E3/><V134/><F126/><W128/><G128/><T116/><D116/><U68/><E5/><V131/><F131/><W99/><G91/><T109/><D121/><U81/><E68/><V15/><F134/><W129/><G129/><T25/><D80/><U40/><E40/><V90/><F67/><W17/><G17/><T13/><D28/><U56/><E56/><V1/><REACH who="2" step="1"/><F100/><REACH who="2" ten="133,330,297,230" step="2"/><W104/><REACH who="3" step="1"/><G63/><REACH who="3" ten="133,330,297,220" step="2"/><T22/><D60/><U133/><E61/><V6/><F6/><W46/><G46/><T57/><REACH who="0" step="1"/><D66/><REACH who="0" ten="123,330,297,220" step="2"/><U18/><E65/><V16/><F16/><W14/><G14/><AGARI ba="0,3" hai="1,4,10,12,14,15,69,70,84,85,86,87,90,95" machi="14" ten="40,2000,0" yaku="1,1,53,0" doraHai="123" doraHaiUra="21" who="2" fromWho="3" sc="123,0,330,0,297,50,220,-20" /><INIT seed="2,1,0,5,2,10" ten="123,330,347,200" oya="2" hai0="77,63,60,114,17,18,104,38,75,22,97,15,134" hai1="32,59,69,129,47,27,37,124,58,85,126,71,64" hai2="107,98,135,102,86,54,84,122,79,66,40,113,112" hai3="103,7,44,118,67,65,46,99,132,68,78,16,28"/><V39/><F122/><W2/><G118/><T93/><D38/><U6/><E6/><V31/><F66/><W14/><G132/><T62/><D114/><U100/><E100/><V5/><F135/><W19/><G28/><T110/><D104/><U105/><E105/><V87/><F79/><W61/><G78/><T29/><D110/><U127/><E85/><V20/><F5/><W11/><G67/><T92/><D134/><U133/><E133/><V120/><F120/><W108/><G108/><T45/><D45/><U41/><E129/><V43/><F54/><W57/><G68/><N who="1" m="26186" /><E64/><V42/><REACH who="2" step="1"/><F39/><REACH who="2" ten="123,330,337,200" step="2"/><W96/><G7/><T95/><D77/><U91/><E37/><V72/><F72/><W123/><G65/><T34/><D75/><U33/><E126/><V25/><AGARI ba="1,1" hai="20,25,31,40,42,43,84,86,87,98,102,107,112,113" machi="25" ten="40,3900,0" yaku="1,1,0,1,53,0" doraHai="10" doraHaiUra="8" who="2" fromWho="2" sc="123,-14,330,-14,337,52,200,-14" /><INIT seed="2,2,0,0,4,51" ten="109,316,389,186" oya="2" hai0="50,74,102,121,87,134,25,77,53,23,12,107,79" hai1="132,88,49,36,37,44,59,55,43,120,6,68,86" hai2="10,21,71,122,126,20,63,85,82,47,93,81,118" hai3="109,3,32,116,26,91,125,76,0,117,2,90,106"/><V124/><F118/><W17/><G106/><T57/><D134/><U73/><E73/><V9/><F122/><W92/><G109/><T95/><D121/><U113/><E113/><V18/><F93/><W41/><G125/><N who="2" m="48233" /><F47/><W56/><G76/><T131/><D131/><U133/><E120/><V94/><F94/><W19/><G41/><T111/><D111/><U84/><E84/><V58/><F71/><W64/><G32/><T38/><D38/><U48/><E68/><V83/><F85/><W70/><G70/><T108/><D108/><U33/><E33/><V66/><F21/><W8/><G92/><T42/><D42/><U34/><E34/><V101/><F101/><W40/><G40/><T115/><D115/><U114/><E114/><V100/><F100/><W30/><G116/><T60/><D74/><U89/><E6/><V61/><F61/><W5/><G5/><T127/><D107/><U7/><E7/><V78/><F78/><W62/><G90/><N who="1" m="34922" /><E86/><V97/><F97/><W110/><G91/><N who="0" m="53759" /><D102/><U14/><E14/><AGARI ba="2,0" hai="9,10,14,18,20,58,63,66,81,82,83" m="48233" machi="14" ten="30,1500,0" yaku="18,1" doraHai="51" who="2" fromWho="1" sc="109,0,316,-21,389,21,186,0" /><INIT seed="2,3,0,0,3,95" ten="109,295,410,186" oya="2" hai0="129,37,61,22,108,109,100,101,57,93,120,20,69" hai1="34,73,28,30,67,7,81,85,89,1,131,125,127" hai2="63,110,122,114,82,27,71,132,38,19,121,77,2" hai3="124,106,3,128,53,10,115,107,44,25,24,26,83"/><V62/><F114/><W18/><G115/><T135/><D120/><U54/><E131/><V91/><F2/><W75/><G128/><T5/><D129/><U104/><E104/><V16/><F38/><W130/><G130/><T92/><D37/><U40/><E40/><V103/><F132/><W80/><G124/><N who="1" m="47690" /><E34/><V8/><F110/><W12/><G3/><T76/><D69/><U117/><E67/><V50/><F91/><W74/><G44/><T52/><D76/><N who="1" m="44175" /><E54/><V49/><F122/><W0/><G53/><T116/><D5/><U68/><E68/><V66/><F121/><W97/><G0/><T113/><D113/><U105/><E105/><V59/><F71/><W47/><G106/><T48/><D116/><U13/><E1/><V96/><F66/><W55/><G55/><T111/><D135/><U41/><E41/><V112/><F112/><W102/><G47/><T11/><D11/><N who="1" m="4351" /><E117/><V43/><F43/><W51/><G51/><T14/><D48/><U58/><E58/><V31/><F49/><W70/><G70/><T35/><D35/><U32/><E32/><V42/><F50/><W21/><G75/><T133/><D133/><U118/><E118/><V45/><F42/><W17/><REACH who="3" step="1"/><G74/><REACH who="3" ten="109,295,410,176" step="2"/><T29/><D101/><U33/><E33/><V36/><F103/><W65/><G65/><T134/><D134/><U9/><E9/><V126/><F8/><W56/><G56/><T87/><D100/><U86/><E86/><V90/><F126/><W6/><G6/><T79/><D22/><U39/><E39/><V60/><F36/><W119/><G119/><RYUUKYOKU ba="3,1" sc="109,-15,295,15,410,-15,176,15" hai1="28,30,85,89" hai3="10,12,17,18,21,24,25,26,80,83,97,102,107" /><INIT seed="3,4,1,3,5,104" ten="94,310,395,191" oya="3" hai0="11,64,122,39,78,5,3,27,70,29,23,95,132" hai1="129,131,117,30,96,100,36,57,41,91,34,51,59" hai2="133,130,24,106,49,6,72,119,109,114,20,9,38" hai3="81,98,14,13,123,94,75,113,67,10,46,65,15"/><W89/><G113/><T7/><D122/><U68/><E91/><V115/><F38/><W116/><G116/><T99/><D132/><U37/><E30/><V25/><F106/><W87/><G123/><T4/><D39/><N who="1" m="14923" /><E96/><V82/><F119/><W31/><G75/><T135/><D135/><U71/><E100/><V0/><F133/><W47/><G31/><T107/><D107/><U92/><E92/><V40/><F24/><W126/><G126/><T16/><D78/><U83/><E83/><V66/><F82/><W45/><REACH who="3" step="1"/><G10/><REACH who="3" ten="94,310,395,181" step="2"/><T128/><D128/><U69/><E117/><V88/><F114/><W60/><G60/><T43/><D43/><U120/><E120/><V108/><F40/><W102/><AGARI ba="4,2" hai="13,14,15,45,46,47,65,67,81,87,89,94,98,102" machi="102" ten="30,6000,0" yaku="1,1,0,1,8,1,53,0" doraHai="104" doraHaiUra="21" who="3" fromWho="3" sc="94,-24,310,-24,395,-24,181,92" /><INIT seed="3,5,0,2,3,112" ten="70,286,371,273" oya="3" hai0="46,108,64,116,100,41,77,57,38,115,50,81,16" hai1="24,2,113,51,117,69,99,95,47,20,63,30,28" hai2="31,80,49,71,133,86,36,25,110,89,21,5,66" hai3="8,128,79,129,104,70,105,96,7,0,132,35,56"/><W45/><G70/><T78/><D115/><U90/><E113/><V1/><F36/><W123/><G123/><T9/><D108/><U102/><E2/><V75/><F110/><W3/><G3/><T58/><D78/><U27/><E117/><V52/><F133/><W84/><G35/><T72/><D100/><U125/><E125/><V134/><F134/><W62/><G132/><T22/><D64/><U11/><E11/><V87/><F75/><W48/><G84/><T34/><D34/><U15/><E15/><V6/><F1/><W131/><G96/><T17/><D38/><U39/><E39/><V114/><F114/><W124/><G79/><T4/><D116/><U97/><E63/><V122/><F122/><W32/><G32/><T98/><D98/><U14/><E14/><V74/><F74/><W53/><REACH who="3" step="1"/><G124/><REACH who="3" ten="70,286,371,263" step="2"/><T54/><D22/><N who="1" m="15383" /><E69/><V109/><F86/><W61/><G61/><T18/><REACH who="0" step="1"/><D41/><AGARI ba="5,1" hai="0,7,8,41,45,48,53,56,62,104,105,128,129,131" machi="41" ten="40,3900,0" yaku="1,1,19,1,53,0" doraHai="112" doraHaiUra="67" who="3" fromWho="0" sc="70,-54,286,0,371,0,263,64" /><INIT seed="3,6,0,2,3,32" ten="16,286,371,327" oya="3" hai0="103,43,66,54,97,81,73,57,131,58,69,53,20" hai1="127,9,88,48,86,120,25,125,80,113,128,115,21" hai2="65,112,82,34,29,106,67,79,19,13,47,89,74" hai3="59,12,41,10,102,37,1,96,83,135,5,121,61"/><W35/><G121/><T71/><D20/><U23/><E120/><V49/><F106/><W62/><G35/><T14/><D14/><U109/><E109/><V7/><F112/><W45/><G135/><T134/><D97/><U70/><E70/><V114/><F114/><W0/><G83/><T76/><D103/><U8/><E128/><V85/><F7/><W110/><G110/><T24/><D24/><U11/><E23/><V90/><F29/><W94/><G61/><T18/><D18/><U126/><REACH who="1" step="1"/><E48/><REACH who="1" ten="16,276,371,327" step="2"/><V33/><F33/><W87/><G87/><T75/><D131/><U105/><E105/><V116/><F34/><W55/><AGARI ba="6,1" hai="0,1,5,10,12,37,41,45,55,59,62,94,96,102" machi="55" ten="20,7800,0" yaku="0,1,7,1,52,2" doraHai="32" who="3" fromWho="3" sc="16,-32,276,-32,371,-32,327,106" owari="-16,-51.6,244,-15.6,339,13.9,433,53.3" /></mjloggm>