<mjloggm ver="2.3"><GO type="225" lobby="0"/><UN n0="%E3%81%AF%E3%82%88%E3%81%8A%E3%81%98%E3%81%95%E3%82%93" n1="%E5%BA%97%E9%95%B7%4D" n2="%E3%81%BF%E3%81%BF%E3%81%9A" n3="%50%65%74%65%72%50%61%6E" dan="17,16,18,16" rate="2191.50,2093.02,2247.21,2123.16" sx="M,M,M,M"/><TAIKYOKU oya="0"/><INIT seed="0,0,0,2,0,84" ten="250,250,250,250" oya="0" hai0="20,134,112,1,110,80,88,27,98,25,65,122,22" hai1="78,117,67,96,3,52,35,51,121,2,120,59,43" hai2="87,101,108,11,63,111,102,54,26,47,129,50,24" hai3="9,103,57,130,97,132,71,109,115,74,119,123,73"/><T66/><D1/><U99/><E35/><V79/><F129/><W44/><G71/><T113/><D122/><U68/><E78/><V29/><F11/><W40/><G115/><T19/><D134/><U77/><E77/><V60/><F111/><W131/><G119/><T85/><D110/><U39/><E117/><V48/><F108/><W107/><G109/><T128/><D128/><U104/><E3/><V16/><F29/><W42/><G42/><T75/><D75/><U93/><E2/><V105/><F105/><W76/><G132/><T30/><REACH who="0" step="1"/><D98/><REACH who="0" ten="240,250,250,250" step="2"/><U23/><E99/><V92/><F102/><W114/><G73/><T100/><D100/><U36/><E96/><V5/><F101/><W14/><G123/><T55/><D55/><U0/><E52/><V116/><F116/><W61/><G74/><T72/><D72/><U7/><E0/><V64/><F54/><W62/><G97/><T69/><D69/><U86/><E68/><V127/><F87/><W135/><G103/><T83/><D83/><U70/><E70/><V53/><F53/><W10/><G135/><T32/><D32/><U33/><E33/><V15/><F92/><W21/><G131/><T58/><D58/><U18/><E59/><V49/><F64/><AGARI ba="0,1" hai="19,20,22,25,27,30,64,65,66,80,85,88,112,113" machi="64" ten="40,7700,0" yaku="1,1,52,1,54,1,53,0" doraHai="84" doraHaiUra="95" who="0" fromWho="2" sc="240,87,250,0,250,-77,250,0" /><INIT seed="0,1,0,0,3,1" ten="327,250,173,250" oya="0" hai0="132,11,20,64,21,79,18,4,122,135,0,102,105" hai1="26,15,124,123,128,90,19,30,113,23,50,99,89" hai2="2,14,41,47,22,44,36,53,134,46,68,76,51" hai3="97,10,131,35,9,55,54,118,127,8,52,70,17"/><T80/><D122/><U37/><E37/><V25/><F2/><W7/><G118/><T6/><D64/><U61/><E123/><V65/><F76/><W92/><G127/><T69/><D69/><U72/><E72/><V86/><F134/><N who="0" m="51242" /><D4/><U93/><E124/><V78/><F78/><W91/><G35/><T117/><D117/><U73/><E73/><V115/><F86/><W108/><G108/><T27/><D20/><U121/><E121/><V60/><F115/><W3/><G131/><T88/><D102/><U28/><E113/><V48/><F14/><W100/><G70/><T116/><D105/><U31/><E128/><V62/><F22/><W111/><G111/><T95/><D116/><U67/><E50/><N who="2" m="18987" /><F25/><W130/><G130/><T12/><D80/><U98/><E26/><V133/><F133/><W38/><G38/><T43/><D79/><U77/><E77/><V74/><F74/><W107/><REACH who="3" step="1"/><G17/><REACH who="3" ten="327,250,173,240" step="2"/><T42/><D27/><U66/><E31/><V119/><F119/><W39/><G39/><T58/><D58/><AGARI ba="1,1" hai="36,41,44,46,47,53,58,60,62,65,68" m="18987" machi="58" ten="30,8000,1" yaku="35,5" doraHai="1" who="2" fromWho="0" sc="327,-83,250,0,173,93,240,0" /><INIT seed="1,0,0,5,4,88" ten="244,250,266,240" oya="1" hai0="125,66,22,21,105,20,56,26,12,8,51,129,74" hai1="70,122,79,40,78,97,134,106,121,81,89,114,44" hai2="80,117,11,10,109,25,47,85,64,15,116,27,37" hai3="77,2,4,0,24,65,62,30,32,67,131,29,111"/><U60/><E114/><V34/><F64/><W55/><G111/><T76/><D105/><U5/><E134/><V48/><F37/><W123/><G123/><T128/><D125/><U87/><E5/><V104/><F104/><W68/><G131/><N who="0" m="50251" /><D76/><U119/><E119/><V132/><F132/><W57/><G67/><T49/><D74/><U33/><E33/><V50/><F109/><W94/><G77/><T135/><D26/><U36/><E79/><V28/><F27/><W9/><G30/><T13/><D135/><U69/><E60/><V118/><F10/><W84/><G84/><T14/><D8/><U16/><E16/><V38/><F38/><W82/><G82/><T86/><D86/><U93/><REACH who="1" step="1"/><E106/><REACH who="1" ten="244,240,266,240" step="2"/><V18/><F117/><W103/><G4/><T19/><D19/><U46/><E46/><V45/><F47/><W112/><G112/><T17/><D17/><U41/><E41/><V3/><F116/><W120/><G120/><AGARI ba="0,1" hai="36,40,44,69,70,78,81,87,89,93,97,120,121,122" machi="120" ten="40,3900,0" yaku="1,1,52,1,53,0" doraHai="88" doraHaiUra="54" who="1" fromWho="3" sc="244,0,240,49,266,0,240,-39" /><INIT seed="1,1,0,2,4,52" ten="244,289,266,201" oya="1" hai0="128,13,123,90,19,74,130,82,100,55,84,105,47" hai1="61,103,115,53,66,0,63,73,28,131,108,76,122" hai2="41,135,48,65,4,32,44,117,118,86,50,127,15" hai3="104,24,11,31,79,9,64,114,23,17,10,111,87"/><U59/><E115/><V120/><F120/><W101/><G114/><T93/><D123/><U12/><E122/><V26/><F127/><W21/><G111/><T29/><D29/><U119/><E0/><V45/><F135/><W88/><G79/><N who="0" m="44407" /><D55/><U81/><E119/><V95/><F65/><W7/><G64/><T8/><D47/><U20/><E108/><V96/><F86/><W37/><G37/><T112/><D112/><U18/><E103/><V80/><F80/><W109/><G109/><T99/><AGARI ba="1,0" hai="8,13,19,84,90,93,99,100,105,128,130" m="44407" machi="99" ten="30,1100,0" yaku="24,1" doraHai="52" who="0" fromWho="0" sc="244,14,289,-6,266,-4,201,-4" /><INIT seed="2,0,0,0,3,88" ten="258,283,262,197" oya="2" hai0="45,67,23,85,115,91,99,113,77,121,20,73,72" hai1="109,119,127,86,75,82,107,1,33,83,48,124,18" hai2="66,21,0,59,133,94,9,14,68,122,2,78,13" hai3="15,34,16,132,117,100,69,29,81,111,61,131,43"/><V96/><F122/><W129/><G117/><T55/><D67/><U118/><E1/><V58/><F133/><W104/><G111/><T37/><D55/><U25/><E107/><V79/><F68/><W125/><G125/><N who="1" m="48202" /><E109/><V38/><F38/><W50/><G132/><T19/><D121/><U126/><N who="1" m="48210" /><U51/><DORA hai="30" /><E82/><V60/><F0/><W49/><G81/><T7/><D99/><U44/><E75/><V130/><F130/><N who="3" m="49675" /><G43/><T52/><D52/><N who="1" m="29703" /><E51/><V47/><F2/><W105/><G105/><T46/><D37/><U87/><E87/><V24/><F47/><W89/><G89/><T128/><D91/><N who="1" m="51679" /><E18/><N who="2" m="12343" /><F78/><W63/><G104/><T27/><D77/><U56/><E56/><N who="2" m="37127" /><F79/><W71/><G100/><T62/><D73/><U120/><E120/><V135/><F135/><W31/><G71/><T17/><D72/><U32/><E25/><V35/><F14/><W90/><G69/><T28/><D128/><U53/><E53/><V80/><F80/><W84/><G50/><T93/><D27/><U54/><E54/><V11/><F13/><W42/><G49/><T95/><D85/><U36/><E36/><V3/><F3/><W74/><G74/><T97/><D62/><U106/><E106/><V5/><F58/><W134/><G134/><T57/><D57/><U10/><E10/><V64/><F11/><N who="3" m="6271" /><G42/><T110/><D110/><U98/><E98/><V40/><F96/><W116/><G63/><T4/><D97/><U22/><E22/><V101/><F101/><W26/><G61/><T8/><D8/><U70/><E70/><V114/><F9/><RYUUKYOKU ba="0,0" sc="258,15,283,15,262,-15,197,-15" hai0="4,7,17,19,20,23,28,45,46,93,95,113,115" hai1="32,33,118,119" /><INIT seed="3,1,0,5,2,40" ten="273,298,247,182" oya="3" hai0="99,115,80,41,15,79,117,4,111,91,125,108,105" hai1="119,39,54,106,52,123,11,135,116,43,17,21,49" hai2="95,37,102,48,96,90,28,14,56,113,44,51,24" hai3="87,75,20,67,57,133,12,60,122,27,50,127,97"/><W42/><G122/><T89/><D117/><N who="1" m="45131" /><E106/><V53/><F113/><W86/><G75/><T63/><D63/><U112/><E112/><V8/><F37/><W78/><G127/><T3/><D3/><U19/><E123/><V62/><F102/><W114/><G114/><T7/><D115/><U46/><E135/><V107/><F107/><W5/><G133/><T110/><D125/><U82/><E82/><V58/><F48/><W109/><G109/><T61/><D61/><U69/><E69/><V65/><F24/><W84/><G97/><T26/><D26/><N who="1" m="14639" /><E39/><V36/><F28/><W76/><G12/><AGARI ba="1,0" hai="11,12,19,43,46,49,52,54" m="14639,45131" machi="12" ten="30,3900,0" yaku="12,1,52,1,54,1" doraHai="40" who="1" fromWho="3" sc="273,0,298,42,247,0,182,-42" owari="273,7.3,340,44.0,247,-15.3,140,-36.0" /></mjloggm>