<mjloggm ver="2.3"><GO type="225" lobby="0"/><UN n0="%E6%9A%87%E4%BA%BA%EF%BC%A0%E9%85%8D%E4%BF%A1%E5%9E%A2" n1="%E3%81%BF%E3%81%BF%E3%81%9A" n2="%E7%BD%AA%E5%88%91%E6%B3%95%E5%AE%9A%E4%B8%BB%E7%BE%A9" n3="%72%69%6F%75%63%68%61%6E" dan="17,17,16,17" rate="2189.10,2189.95,2162.53,2259.22" sx="F,M,M,M"/><TAIKYOKU oya="0"/><INIT seed="0,0,0,4,1,45" ten="250,250,250,250" oya="0" hai0="128,61,123,73,53,90,63,38,64,102,58,22,23" hai1="11,135,96,56,70,74,129,20,31,108,120,122,18" hai2="80,7,30,78,15,94,124,40,65,32,69,42,111" hai3="51,127,68,109,2,49,25,130,54,87,34,112,4"/><T75/><D128/><U117/><E70/><V10/><F111/><W121/><G112/><T41/><D123/><U92/><E117/><V119/><F119/><W132/><G68/><T24/><D102/><U50/><E74/><V101/><F124/><W8/><G109/><T44/><D90/><U6/><E129/><V133/><F133/><W28/><G130/><T9/><D9/><U16/><E135/><V84/><F32/><W39/><G132/><T79/><D79/><U37/><E37/><V62/><REACH who="2" step="1"/><F30/><REACH who="2" ten="250,250,240,250" step="2"/><W81/><G127/><T105/><D105/><U55/><E108/><V76/><F76/><W43/><G121/><T93/><D93/><U12/><E122/><V98/><AGARI ba="0,1" hai="7,10,15,40,42,62,65,69,78,80,84,94,98,101" machi="98" ten="30,2000,0" yaku="1,1,0,1,53,0" doraHai="45" doraHaiUra="29" who="2" fromWho="2" sc="250,-10,250,-5,240,30,250,-5" /><INIT seed="1,0,0,5,5,43" ten="240,245,270,245" oya="1" hai0="14,82,124,11,32,2,63,6,48,17,41,67,135" hai1="64,86,9,91,40,103,31,134,51,50,129,119,73" hai2="127,22,99,7,12,46,120,132,88,83,93,126,104" hai3="72,66,47,49,87,18,39,92,44,97,24,62,109"/><U28/><E73/><V78/><F120/><W58/><G72/><T36/><D135/><U85/><E119/><V80/><F132/><W27/><G109/><T110/><D110/><U108/><E108/><V4/><F104/><W128/><G128/><T3/><D124/><N who="2" m="47658" /><F83/><W71/><G87/><T61/><D36/><U84/><E134/><V105/><F105/><W1/><G1/><T70/><D32/><U95/><E129/><V13/><F22/><N who="3" m="13399" /><G39/><T57/><D82/><U54/><E64/><V111/><F111/><W107/><G71/><T77/><D77/><U76/><E103/><V5/><F46/><N who="3" m="17451" /><G107/><T75/><D75/><AGARI ba="0,0" hai="4,5,7,12,13,75,78,80,88,93,99" m="47658" machi="75" ten="30,2000,0" yaku="18,1,54,1" doraHai="43" who="2" fromWho="0" sc="240,-20,245,0,270,20,245,0" /><INIT seed="2,0,0,4,4,40" ten="220,245,290,245" oya="2" hai0="29,64,128,78,53,34,81,42,45,131,63,8,23" hai1="74,0,109,105,16,84,122,21,26,24,123,99,28" hai2="83,68,30,25,97,2,90,77,112,93,95,87,20" hai3="1,17,66,47,71,15,100,96,12,56,73,86,130"/><V69/><F112/><W50/><G130/><N who="0" m="49707" /><D8/><U132/><E74/><V41/><F2/><W60/><G73/><T55/><D34/><U125/><E0/><V67/><F67/><W5/><G71/><N who="0" m="42399" /><D29/><U94/><E109/><V75/><REACH who="2" step="1"/><F41/><REACH who="2" ten="220,245,280,245" step="2"/><W117/><G1/><T22/><D55/><U102/><E125/><V89/><AGARI ba="0,1" hai="20,25,30,68,69,75,77,83,87,89,90,93,95,97" machi="89" ten="20,7800,0" yaku="1,1,2,1,0,1,7,1,53,0" doraHai="40" doraHaiUra="134" who="2" fromWho="2" sc="220,-26,245,-26,280,88,245,-26" /><INIT seed="2,1,0,4,3,107" ten="194,219,368,219" oya="2" hai0="79,14,61,55,52,84,86,121,89,82,99,124,15" hai1="95,123,33,100,74,108,0,17,132,60,8,54,50" hai2="26,64,76,85,111,20,40,34,110,23,75,114,36" hai3="125,44,126,88,38,16,51,70,120,71,97,18,5"/><V127/><F114/><W119/><G119/><T31/><D121/><U27/><E123/><V134/><F75/><W12/><G120/><T9/><D124/><N who="3" m="47721" /><G38/><T21/><D99/><U90/><E100/><V68/><F127/><W66/><G5/><N who="0" m="3375" /><D61/><U72/><E108/><N who="2" m="41515" /><F68/><N who="3" m="26155" /><G66/><T122/><D122/><U117/><E60/><V67/><F34/><W112/><G112/><T104/><D104/><U115/><E117/><V73/><F73/><W78/><G78/><T106/><D106/><U92/><E115/><V37/><F134/><W65/><G65/><N who="2" m="25161" /><F40/><N who="3" m="24967" /><G12/><T105/><D105/><U109/><E109/><V41/><F41/><W133/><G133/><T81/><D15/><U48/><E132/><V25/><F76/><W58/><G58/><T42/><D42/><U46/><E74/><V11/><F11/><W91/><G91/><T4/><D4/><U93/><E72/><V45/><F45/><W19/><G19/><T3/><D3/><U28/><E0/><V53/><F53/><W7/><G7/><T49/><D49/><U128/><E50/><V101/><F101/><W29/><G29/><T56/><D56/><U57/><E57/><V87/><F37/><W130/><G130/><T94/><D81/><U103/><E128/><V63/><F36/><W35/><G35/><T10/><D10/><U98/><E103/><V30/><F63/><W118/><G118/><T131/><D131/><U129/><E129/><V24/><F30/><W47/><G47/><T22/><D31/><U135/><E135/><V83/><F83/><W59/><G59/><T43/><D43/><U77/><E77/><RYUUKYOKU ba="1,0" sc="194,0,219,0,368,0,219,0" hai0="21,22,52,55,79,82,84,86,89,94" hai1="8,17,27,28,33,46,48,54,90,92,93,95,98" hai2="20,23,24,25,26,85,87" hai3="16,18,88,97" /><INIT seed="2,2,0,5,0,20" ten="194,219,368,219" oya="2" hai0="17,93,22,36,86,99,112,49,39,18,68,73,88" hai1="7,128,119,66,43,32,124,13,122,95,101,29,131" hai2="8,25,78,0,52,79,42,83,6,1,72,127,117" hai3="47,74,130,33,11,56,96,57,31,37,70,82,75"/><V133/><F117/><W81/><G70/><T38/><D112/><U125/><E119/><V24/><F127/><N who="1" m="48713" /><E43/><V98/><F133/><W35/><G130/><N who="1" m="49706" /><E66/><V59/><F42/><W15/><G96/><T5/><D73/><N who="3" m="27657" /><G31/><T92/><D68/><U60/><E60/><V110/><F110/><W116/><G116/><T121/><D121/><U14/><E122/><V63/><F1/><W76/><G15/><N who="1" m="5642" /><E7/><V58/><F79/><W84/><G76/><T51/><D5/><U89/><E101/><V55/><F98/><W104/><G11/><T107/><D107/><U23/><E23/><V3/><F3/><W77/><G104/><T94/><D99/><U12/><N who="1" m="5650" /><U120/><DORA hai="16" /><E120/><V10/><F10/><W103/><G103/><T53/><D49/><AGARI ba="2,0" hai="0,6,8,24,25,49,52,55,58,59,63,72,78,83" machi="49" ten="30,11600,0" yaku="7,1,52,2,54,1" doraHai="20,16" who="2" fromWho="0" sc="194,-122,219,0,368,122,219,0" /><INIT seed="2,3,0,4,4,1" ten="72,219,490,219" oya="2" hai0="50,39,52,121,115,106,119,36,34,123,105,21,107" hai1="103,94,113,116,71,24,4,66,19,17,130,51,32" hai2="44,53,28,85,117,80,3,41,18,97,99,67,33" hai3="20,38,78,125,13,56,77,133,14,74,9,69,59"/><V93/><F117/><W122/><G122/><T15/><D34/><U25/><E116/><V65/><F3/><W11/><G69/><T70/><D119/><U112/><E71/><V102/><F53/><W49/><G38/><T98/><D70/><U101/><E66/><V27/><F18/><W92/><G125/><T100/><D115/><U46/><E130/><V40/><F99/><W47/><G133/><T16/><D36/><U58/><E58/><N who="3" m="22058" /><G74/><T75/><D75/><U76/><E76/><N who="3" m="29290" /><G92/><T62/><D39/><U129/><E129/><V84/><F84/><W124/><G124/><T134/><D62/><U79/><E79/><V63/><F63/><W42/><G20/><T8/><D134/><U109/><E94/><V43/><F44/><W12/><AGARI ba="3,0" hai="9,11,12,13,14,42,47,49" m="29290,22058" machi="12" ten="30,1100,0" yaku="8,1" doraHai="1" who="3" fromWho="3" sc="72,-6,219,-6,490,-8,219,20" /><INIT seed="3,0,0,4,3,58" ten="66,213,482,239" oya="3" hai0="88,34,25,122,85,39,76,91,68,53,6,52,11" hai1="135,43,120,80,4,72,110,30,28,64,90,130,106" hai2="33,51,100,97,65,119,82,111,92,77,40,38,108" hai3="47,14,16,22,19,10,103,129,127,69,71,131,113"/><W109/><G113/><T125/><D122/><U67/><E120/><V41/><F119/><W99/><G127/><T62/><D125/><U2/><E106/><V45/><F33/><W32/><G32/><T118/><D118/><U126/><E126/><V61/><F38/><W70/><G47/><T133/><D133/><U121/><E121/><V46/><F61/><W116/><G116/><T112/><D112/><U60/><E43/><N who="2" m="25023" /><F65/><W79/><G79/><T24/><D39/><U12/><E2/><V114/><F114/><W84/><G84/><T59/><D68/><U35/><E135/><V117/><F117/><W123/><G123/><T13/><D34/><U75/><E35/><V36/><F36/><W0/><G109/><N who="2" m="42057" /><F46/><W78/><G78/><T63/><D76/><U42/><E42/><V105/><F105/><W89/><G89/><T8/><D8/><U128/><E110/><V93/><F93/><W87/><G87/><AGARI ba="0,0" hai="40,41,77,82,87,92,97,100" m="42057,25023" machi="87" ten="30,1000,0" yaku="14,1" doraHai="58" who="2" fromWho="3" sc="66,0,213,0,482,10,239,-10" owari="66,-43.4,213,-18.7,492,59.2,229,2.9" /></mjloggm>