<mjloggm ver="2.3"><GO type="225" lobby="0"/><UN n0="%E9%B3%B3%E6%9D%B1%E3%81%AE%E3%81%86%E3%81%95%E3%81%8E%E3%81%95%E3%82%93" n1="%72%61%6B%33" n2="%E3%82%82%E3%81%90%E3%82%89" n3="%6D%75%75%6D%75%72%61" dan="16,17,17,16" rate="2197.20,2246.40,2147.63,2091.50" sx="M,M,M,F"/><TAIKYOKU oya="0"/><INIT seed="0,0,0,0,3,32" ten="250,250,250,250" oya="0" hai0="61,78,52,108,10,37,98,79,19,88,46,91,9" hai1="122,40,17,15,128,72,42,132,58,45,69,49,109" hai2="105,28,125,36,70,39,27,82,25,31,1,135,57" hai3="119,111,117,120,104,34,54,26,134,130,41,100,4"/><T38/><D108/><U74/><E122/><V83/><F57/><W116/><G120/><T95/><D38/><U77/><E69/><V113/><F105/><W68/><G111/><T80/><D37/><U106/><E106/><V59/><F59/><W24/><G68/><T56/><D46/><U51/><E132/><V3/><F70/><W60/><G41/><T102/><D78/><U87/><E128/><V81/><F81/><W110/><G110/><T94/><D19/><U123/><E123/><V63/><F135/><W62/><G134/><T30/><D30/><U16/><E109/><V71/><F71/><W12/><G54/><T115/><D115/><U13/><E58/><V126/><REACH who="2" step="1"/><F113/><REACH who="2" ten="250,250,240,250" step="2"/><W48/><G104/><T84/><REACH who="0" step="1"/><D102/><REACH who="0" ten="240,250,240,250" step="2"/><U121/><E121/><V99/><F99/><AGARI ba="0,2" hai="9,10,52,56,61,79,80,84,88,91,94,95,98,99" machi="99" ten="30,18000,2" yaku="1,1,2,1,7,1,9,1,8,1,54,2,53,0" doraHai="32" doraHaiUra="127" who="0" fromWho="2" sc="240,200,250,0,240,-180,250,0" /><INIT seed="0,1,0,3,0,39" ten="440,250,60,250" oya="0" hai0="55,87,2,115,37,23,97,127,114,18,42,104,47" hai1="10,59,78,67,44,131,133,79,83,89,108,50,117" hai2="128,61,106,122,101,48,124,31,9,15,26,112,56" hai3="35,86,100,8,32,21,98,80,88,130,53,82,129"/><T51/><D2/><U93/><E108/><V68/><F122/><W81/><G21/><T62/><D127/><U13/><E133/><V17/><F112/><W0/><G53/><T57/><D87/><U125/><E131/><N who="3" m="50186" /><G8/><T69/><D97/><U41/><E117/><V29/><F128/><W19/><G19/><T12/><D104/><U40/><E125/><V22/><F124/><W73/><G0/><T132/><D132/><U36/><E36/><V75/><F75/><W76/><G80/><T52/><D55/><U7/><E41/><V91/><F68/><W6/><G6/><T111/><D111/><U33/><E33/><V109/><F109/><W116/><G116/><T65/><AGARI ba="1,0" hai="12,18,23,37,42,47,51,52,57,62,65,69,114,115" machi="65" ten="30,12000,1" yaku="0,1,24,2,52,1,54,1" doraHai="39" who="0" fromWho="0" sc="440,123,250,-41,60,-41,250,-41" /><INIT seed="0,2,0,3,5,114" ten="563,209,19,209" oya="0" hai0="118,25,81,77,55,35,91,18,43,119,13,89,71" hai1="98,50,128,57,37,16,51,33,135,31,88,93,131" hai2="52,82,48,99,58,74,92,87,12,111,27,45,32" hai3="15,96,6,10,102,106,69,70,61,4,0,68,30"/><T47/><D71/><U65/><E37/><V22/><F111/><W116/><G116/><T97/><D55/><U125/><E125/><V34/><F74/><W53/><G30/><T23/><D35/><U56/><E135/><V109/><F109/><W90/><G90/><T113/><D113/><U132/><E132/><V101/><F12/><W108/><G108/><T7/><D91/><U79/><E79/><V39/><F39/><W9/><REACH who="3" step="1"/><G53/><REACH who="3" ten="563,209,19,199" step="2"/><T11/><D89/><U66/><E31/><V40/><F82/><W17/><G17/><T134/><D134/><U20/><E33/><V63/><REACH who="2" step="1"/><F87/><REACH who="2" ten="563,209,9,199" step="2"/><W5/><G5/><T133/><D133/><U36/><E36/><V112/><F112/><W76/><G76/><T75/><D97/><U42/><E98/><V127/><F127/><W80/><G80/><T59/><D75/><U54/><E54/><V2/><F2/><W117/><G117/><T85/><D118/><U121/><E131/><V46/><F46/><W72/><G72/><T44/><D119/><U26/><E128/><V95/><F95/><W103/><G103/><T84/><D84/><U122/><E93/><V24/><F24/><W19/><G19/><AGARI ba="2,2" hai="19,22,27,32,34,40,45,48,52,58,63,92,99,101" machi="19" ten="30,3900,0" yaku="1,1,7,1,54,1,53,0" doraHai="114" doraHaiUra="100" who="2" fromWho="3" sc="563,0,209,0,9,65,199,-45" /><INIT seed="1,0,0,0,4,103" ten="563,209,74,154" oya="1" hai0="131,67,36,44,27,47,66,31,119,69,111,68,41" hai1="20,5,12,132,2,0,28,51,55,81,82,123,52" hai2="18,32,133,108,109,62,71,80,30,86,1,61,46" hai3="4,127,35,107,99,43,83,64,92,100,125,8,72"/><U93/><E123/><V76/><F1/><W114/><G114/><T84/><D119/><U39/><E39/><V124/><F133/><W17/><G35/><T101/><D111/><N who="2" m="42570" /><F124/><N who="3" m="47691" /><G64/><T112/><D112/><U26/><E132/><V53/><F71/><W24/><G43/><T16/><D131/><U126/><E126/><V115/><F115/><W40/><G40/><T102/><D16/><U129/><E129/><V48/><F18/><W77/><G17/><T38/><D41/><U89/><E0/><V118/><F118/><W13/><G24/><AGARI ba="0,0" hai="24,30,32,46,48,53,61,62,76,80,86" m="42570" machi="24" ten="30,1000,0" yaku="14,1" doraHai="103" who="2" fromWho="3" sc="563,0,209,0,74,10,154,-10" /><INIT seed="2,0,0,5,5,91" ten="563,209,84,144" oya="2" hai0="49,120,135,118,39,27,20,51,59,13,80,9,132" hai1="50,35,57,33,38,101,40,15,79,46,94,43,53" hai2="96,23,81,30,89,60,56,8,31,93,124,112,113" hai3="70,42,87,54,73,97,122,22,45,123,128,121,82"/><V74/><F124/><W3/><G128/><T127/><D120/><U105/><E105/><V18/><F8/><W7/><G70/><T37/><D118/><U62/><E79/><V72/><F113/><W17/><G73/><T47/><D59/><U19/><E38/><V75/><F112/><W52/><G97/><T126/><D80/><U69/><E69/><V1/><F1/><W48/><G7/><N who="0" m="3263" /><D37/><U100/><E40/><V58/><F81/><W95/><G95/><T11/><D39/><U84/><E33/><V66/><REACH who="2" step="1"/><F58/><REACH who="2" ten="563,209,74,144" step="2"/><W114/><G3/><T6/><D126/><U115/><E115/><V68/><F68/><W107/><G114/><T130/><D127/><U55/><E57/><V111/><F111/><W36/><G107/><T24/><D11/><U63/><E35/><V103/><F103/><W5/><G5/><T12/><D6/><U90/><E101/><V131/><F131/><W29/><G36/><T32/><D130/><U99/><E100/><V2/><F2/><W134/><G134/><T129/><D32/><U116/><E116/><V65/><F65/><W14/><REACH who="3" step="1"/><G29/><REACH who="3" ten="563,209,74,134" step="2"/><T25/><D129/><U102/><E102/><V85/><F85/><W4/><G4/><T78/><D135/><U26/><E84/><V108/><F108/><W64/><G64/><T88/><D132/><U41/><E99/><V98/><F98/><W110/><G110/><T133/><D133/><U44/><E19/><V28/><F28/><W0/><G0/><T77/><D20/><U10/><E10/><V83/><F83/><W92/><G92/><T61/><D77/><AGARI ba="0,2" hai="14,17,22,42,45,48,52,54,77,82,87,121,122,123" machi="77" ten="40,5200,0" yaku="1,1,6,1,54,1,53,0" doraHai="91" doraHaiUra="109" who="3" fromWho="0" sc="563,-52,209,0,74,0,134,72" /><INIT seed="3,0,0,5,0,20" ten="511,209,74,206" oya="3" hai0="128,119,89,98,120,0,14,87,101,107,133,83,55" hai1="100,86,124,24,68,129,134,57,72,26,8,96,125" hai2="123,41,38,77,65,93,56,15,74,92,62,44,13" hai3="70,46,40,81,102,35,126,122,3,39,51,16,19"/><W60/><G122/><T88/><D119/><U22/><E72/><V9/><F74/><W79/><G126/><N who="1" m="48746" /><E68/><V58/><F77/><W28/><G3/><T54/><D0/><U132/><E129/><V103/><F103/><W18/><G102/><T82/><D120/><U114/><E114/><V45/><F123/><W76/><G39/><T43/><D128/><U6/><E86/><V113/><F113/><W34/><G28/><T110/><D133/><N who="1" m="51307" /><E57/><V21/><F38/><W71/><G79/><T50/><D110/><U135/><E22/><V73/><F73/><W99/><G99/><T37/><D37/><U127/><E127/><V78/><F78/><W12/><G12/><T67/><D43/><U42/><E42/><V106/><F106/><W61/><G71/><T112/><D89/><U7/><E135/><V117/><F117/><W80/><G70/><T49/><D107/><N who="1" m="63879" /><E6/><V66/><F21/><W121/><G121/><T10/><D14/><AGARI ba="0,0" hai="7,8,14,24,26" m="63879,51307,48746" machi="14" ten="30,7700,0" yaku="18,1,20,1,52,2" doraHai="20" who="1" fromWho="0" sc="511,-77,209,77,74,0,206,0" owari="434,53.4,286,8.6,74,-42.6,206,-19.4" /></mjloggm>