<mjloggm ver="2.3"><GO type="225" lobby="0"/><UN n0="%43%68%65" n1="%4C%4F%4C%49%54%41" n2="%E3%81%9F%E3%81%93%E2%98%86%E7%84%BC%E3%81%8D" n3="%E7%9C%9F%E4%B8%80" dan="16,16,16,16" rate="2101.46,2152.65,2105.92,2167.11" sx="M,F,M,M"/><TAIKYOKU oya="0"/><INIT seed="0,0,0,1,3,24" ten="250,250,250,250" oya="0" hai0="50,106,87,92,102,28,47,23,94,115,105,79,129" hai1="135,116,84,34,55,13,114,83,20,98,41,33,124" hai2="21,37,76,3,39,77,38,27,96,11,111,67,40" hai3="5,58,82,65,12,32,46,15,60,22,118,128,68"/><T0/><D0/><U126/><E116/><V14/><F3/><W51/><G32/><T127/><D115/><U19/><E135/><V85/><F111/><W9/><G118/><T88/><D127/><N who="1" m="48683" /><E114/><V16/><F67/><W121/><G128/><T112/><D79/><N who="1" m="46207" /><E41/><V113/><F40/><W26/><G121/><T78/><D78/><U42/><E42/><V81/><F113/><W100/><G100/><T134/><D134/><U1/><E1/><V44/><F76/><W18/><G82/><T103/><D129/><U56/><E98/><V122/><F96/><W75/><G75/><T91/><D106/><U107/><E107/><V54/><F122/><W130/><G130/><T72/><D72/><U57/><E57/><V4/><F44/><W66/><G68/><T131/><D105/><U62/><AGARI ba="0,0" hai="13,19,20,33,34,55,56,62" m="46207,48683" machi="62" ten="30,1100,0" yaku="18,1" doraHai="24" who="1" fromWho="1" sc="250,-5,250,11,250,-3,250,-3" /><INIT seed="1,0,0,5,2,45" ten="245,261,247,247" oya="1" hai0="16,77,105,2,48,3,62,86,26,74,12,122,18" hai1="118,54,5,95,23,119,71,93,43,92,114,81,130" hai2="19,32,113,31,80,84,34,57,29,85,97,76,42" hai3="78,110,64,99,14,89,63,58,83,133,128,28,127"/><U30/><E114/><V94/><F113/><W21/><G110/><T7/><D74/><U115/><E115/><V135/><F135/><W35/><G133/><T53/><D105/><U69/><E130/><V15/><F84/><W61/><G35/><T96/><D122/><U87/><E43/><V129/><F129/><W101/><G127/><T6/><D62/><U124/><E124/><V121/><F42/><W24/><G128/><T46/><D3/><U134/><E134/><V125/><F125/><W82/><G63/><T55/><D2/><U41/><E41/><V106/><F106/><W131/><G131/><T123/><D26/><U20/><E5/><N who="0" m="1545" /><D96/><U56/><E69/><V107/><F107/><W44/><G89/><T90/><D77/><U60/><E71/><V70/><F70/><W39/><G14/><T22/><D18/><U11/><E11/><V73/><F73/><W50/><G39/><T36/><D36/><U51/><E60/><V98/><F98/><W17/><G78/><T91/><D123/><U108/><E108/><V88/><F121/><W65/><G17/><T47/><D86/><U75/><E75/><V103/><F76/><W72/><G72/><T111/><D111/><U33/><E33/><V0/><F0/><W102/><G65/><T27/><D27/><N who="1" m="16743" /><E23/><N who="2" m="11775" /><F32/><W13/><G13/><T112/><D112/><U37/><E37/><V116/><F34/><W67/><G67/><T10/><D10/><U49/><E49/><AGARI ba="0,0" hai="12,16,22,46,47,48,49,53,55,90,91" m="1545" machi="49" ten="30,7700,0" yaku="8,1,52,2,54,1" doraHai="45" who="0" fromWho="1" sc="245,77,261,-77,247,0,247,0" /><INIT seed="2,0,0,3,1,43" ten="322,184,247,247" oya="2" hai0="101,132,12,15,80,47,105,42,45,27,87,99,133" hai1="135,33,64,5,98,59,39,61,115,72,57,9,116" hai2="81,86,89,30,65,111,36,51,69,92,2,28,46" hai3="53,75,4,124,97,129,102,17,76,66,40,56,109"/><V52/><F2/><W67/><G109/><T48/><D27/><U131/><E115/><V95/><F111/><W8/><G129/><T73/><D73/><U108/><E116/><V123/><F123/><W23/><G124/><T93/><D105/><U11/><E108/><V7/><F7/><W44/><G76/><T77/><D47/><U125/><E72/><V106/><F106/><W104/><G75/><T10/><REACH who="0" step="1"/><D12/><REACH who="0" ten="312,184,247,247" step="2"/><U3/><E131/><V130/><F130/><W26/><G44/><T19/><AGARI ba="0,1" hai="10,15,19,42,45,48,77,80,87,93,99,101,132,133" machi="19" ten="30,7900,0" yaku="1,1,2,1,0,1,52,1,53,0" doraHai="43" doraHaiUra="25" who="0" fromWho="0" sc="312,89,184,-20,247,-39,247,-20" /><INIT seed="3,0,0,4,5,8" ten="401,164,208,227" oya="3" hai0="86,107,0,50,98,129,73,90,6,116,1,34,40" hai1="27,12,7,42,130,123,108,25,51,37,104,109,88" hai2="81,64,11,132,5,94,48,124,23,57,31,71,63" hai3="133,28,16,128,46,74,122,29,32,56,66,3,49"/><W39/><G122/><T22/><D34/><U84/><E123/><V58/><F132/><W105/><G133/><T33/><D73/><U92/><E37/><V118/><F124/><W102/><G3/><T134/><D33/><U60/><E104/><V121/><F118/><W26/><G128/><T135/><D22/><U13/><E130/><V61/><F121/><W30/><G74/><T127/><D127/><U9/><E60/><V45/><F81/><W78/><G78/><T95/><D116/><U85/><E85/><V80/><F80/><W52/><G39/><T2/><D6/><U125/><E125/><V24/><F94/><W79/><G79/><T77/><D129/><U103/><E103/><V113/><F113/><W91/><G105/><T106/><D106/><U101/><E101/><V76/><F61/><N who="3" m="38183" /><G32/><T38/><D38/><U83/><E83/><V111/><F111/><N who="1" m="42569" /><E12/><V87/><F87/><W115/><G115/><T55/><D77/><U62/><E62/><V21/><F21/><N who="3" m="13607" /><G102/><T114/><D114/><U65/><E65/><V126/><F76/><W72/><G72/><T100/><D135/><U18/><E7/><V97/><F97/><W47/><G91/><T54/><D134/><U69/><E69/><V131/><F126/><W99/><G99/><T59/><D2/><U89/><E89/><V96/><F96/><W41/><G47/><AGARI ba="0,0" hai="9,13,18,25,27,42,47,51,84,88,92" m="42569" machi="47" ten="30,3900,0" yaku="14,1,52,1,54,1" doraHai="8" who="1" fromWho="3" sc="401,0,164,39,208,0,227,-39" owari="401,50.1,203,-19.7,208,0.8,188,-31.2" /></mjloggm>