<mjloggm ver="2.3"><GO type="225" lobby="0"/><UN n0="%E3%81%82%E3%82%93%E3%81%AA%E3%81%A4" n1="%E3%81%A4%E3%81%A3%E3%81%B1%E3%82%8A%E3%83%9D%E3%83%BC%E3%83%AB" n2="%E9%80%86%E9%80%A3%E5%B8%AF%E3%81%AE%E9%AC%BC" n3="%70%6E%64%73%6E%67" dan="17,17,17,16" rate="2166.82,2224.22,2158.22,2118.51" sx="M,M,M,M"/><TAIKYOKU oya="0"/><INIT seed="0,0,0,2,0,49" ten="250,250,250,250" oya="0" hai0="52,6,71,122,42,77,84,103,100,108,7,95,85" hai1="13,113,29,26,46,47,24,45,57,109,1,31,43" hai2="99,123,126,73,44,61,37,127,62,90,131,19,35" hai3="8,58,15,25,104,72,75,16,17,105,9,30,51"/><T92/><D122/><U118/><E118/><V89/><F123/><W14/><G51/><T20/><D71/><U106/><E1/><V132/><F35/><W111/><G58/><T76/><D42/><U128/><E106/><V21/><F73/><W70/><G70/><T5/><D20/><U27/><E109/><V91/><F132/><W93/><G93/><N who="0" m="35915" /><D108/><U23/><E128/><V130/><F99/><W120/><G120/><T63/><D63/><N who="2" m="24074" /><F44/><W12/><G12/><T0/><D0/><U64/><E113/><V124/><F37/><W98/><G111/><T107/><D107/><U11/><E43/><V135/><F135/><W117/><G117/><T67/><D67/><U119/><E119/><V82/><F82/><W56/><G56/><T18/><D18/><U87/><E87/><N who="0" m="33353" /><D52/><U115/><E115/><V101/><F101/><AGARI ba="0,0" hai="5,6,7,76,77,100,101,103" m="33353,35915" machi="101" ten="30,5800,0" yaku="28,2,8,1" doraHai="49" who="0" fromWho="2" sc="250,58,250,0,250,-58,250,0" /><INIT seed="0,1,0,5,1,68" ten="308,250,192,250" oya="0" hai0="114,130,1,71,28,37,41,38,127,59,81,7,65" hai1="121,11,116,17,25,46,42,55,132,117,78,115,5" hai2="92,10,105,129,14,24,94,50,88,96,82,39,124" hai3="95,62,126,123,97,19,12,27,125,40,0,72,87"/><T31/><D114/><U134/><E78/><V110/><F129/><W101/><G72/><T99/><D71/><U77/><E77/><V22/><F124/><N who="3" m="47723" /><G0/><T100/><D127/><U53/><E121/><V98/><F110/><W118/><G118/><N who="1" m="45674" /><E17/><V112/><F112/><W66/><G123/><T133/><D41/><U83/><E83/><V108/><F108/><W20/><G40/><T73/><D133/><N who="1" m="51307" /><E25/><V104/><F82/><W2/><G2/><T79/><D130/><U48/><E115/><V3/><F3/><AGARI ba="1,0" hai="3,5,11,42,46,48,53,55" m="51307,45674" machi="3" ten="30,1000,0" yaku="20,1" doraHai="68" who="1" fromWho="2" sc="308,0,250,13,192,-13,250,0" /><INIT seed="1,0,0,2,2,80" ten="308,263,179,250" oya="1" hai0="77,67,37,90,124,21,0,66,17,89,125,103,71" hai1="51,33,93,131,78,47,48,49,36,60,40,58,42" hai2="123,96,68,109,117,53,98,4,46,56,6,3,25" hai3="62,35,79,63,76,100,94,50,129,134,45,92,12"/><U115/><E33/><V61/><F117/><W72/><G35/><T86/><D0/><U26/><E78/><V39/><F123/><W118/><G118/><T95/><D37/><U102/><E115/><V74/><F109/><W101/><G129/><T28/><D28/><U132/><E132/><V8/><F6/><W130/><G130/><T9/><D9/><U15/><E131/><V82/><F68/><W69/><G72/><T73/><D103/><N who="3" m="39497" /><G69/><T23/><D90/><U19/><E26/><V10/><F10/><W55/><G134/><T52/><D23/><N who="1" m="11775" /><E36/><V31/><F25/><W43/><G12/><N who="0" m="9383" /><D71/><U97/><E47/><V105/><F105/><W83/><G43/><T122/><D122/><U81/><E81/><V1/><F31/><W112/><G112/><T14/><D14/><U87/><E87/><V110/><F1/><W13/><G13/><T113/><D113/><U41/><E40/><N who="2" m="22815" /><F110/><W119/><G119/><T108/><D108/><U88/><E102/><V70/><F70/><W29/><G29/><T126/><D73/><U65/><AGARI ba="0,0" hai="41,42,48,49,51,58,60,65,88,93,97" m="11775" machi="65" ten="30,3000,0" yaku="8,1,54,1" doraHai="80" who="1" fromWho="1" sc="308,-10,263,30,179,-10,250,-10" /><INIT seed="1,1,0,2,5,8" ten="298,293,169,240" oya="1" hai0="14,108,80,9,13,131,115,135,125,52,105,4,101" hai1="37,39,103,3,77,32,74,83,133,46,38,55,121" hai2="88,107,81,15,33,67,76,31,87,63,104,126,96" hai3="119,29,6,43,11,22,95,114,64,113,106,36,7"/><U5/><E121/><V94/><F126/><W24/><G106/><T130/><D115/><U91/><E133/><V123/><F123/><W79/><G119/><T116/><D116/><U69/><E103/><V51/><F51/><W110/><G110/><T93/><D135/><U97/><E69/><V16/><F31/><W54/><G64/><T57/><D108/><U73/><E73/><V68/><F33/><W42/><G7/><T128/><D125/><U70/><E70/><V92/><F92/><W40/><G36/><T99/><D80/><U60/><E32/><V56/><F68/><W89/><G54/><T129/><N who="0" m="32768" /><DORA hai="61" /><T120/><D120/><U84/><E97/><V23/><AGARI ba="1,0" hai="15,16,23,56,63,67,76,81,87,88,94,96,104,107" machi="23" ten="20,12000,2" yaku="0,1,7,1,52,2,54,2" doraHai="8,61" who="2" fromWho="2" sc="298,-31,293,-61,169,123,240,-31" /><INIT seed="2,0,0,3,3,60" ten="267,232,292,209" oya="2" hai0="50,33,27,99,34,90,84,22,9,120,89,41,53" hai1="6,59,71,93,74,79,51,101,63,48,19,52,10" hai2="118,70,72,82,73,128,116,103,62,8,112,16,134" hai3="13,94,91,78,76,57,119,66,31,21,32,127,81"/><V131/><F112/><W88/><G127/><T11/><D120/><U69/><E19/><V29/><F134/><W61/><G119/><T54/><D33/><U56/><E74/><V23/><F103/><W30/><G32/><T92/><D41/><U24/><E79/><N who="3" m="30250" /><G81/><N who="0" m="49295" /><D34/><U18/><E18/><V133/><F133/><W109/><G109/><T38/><D38/><U42/><E24/><V83/><F29/><N who="3" m="10763" /><G94/><T7/><D7/><U132/><E132/><V44/><F8/><N who="0" m="3146" /><D50/><U40/><E71/><V67/><F73/><W15/><G21/><T46/><D46/><U87/><E69/><V37/><F118/><W115/><G115/><T102/><D102/><U28/><E28/><AGARI ba="0,0" hai="22,27,28,53,54,90,92,99" m="3146,49295" machi="28" ten="30,1000,0" yaku="8,1" doraHai="60" who="0" fromWho="1" sc="267,10,232,-10,292,0,209,0" /><INIT seed="3,0,0,3,2,77" ten="277,222,292,209" oya="3" hai0="42,134,105,64,55,39,102,96,110,18,62,34,127" hai1="23,60,82,32,33,84,66,8,48,135,17,92,36" hai2="119,74,54,107,81,120,59,1,61,56,117,49,130" hai3="121,75,53,88,40,44,68,114,52,83,31,99,2"/><W76/><G114/><T13/><D110/><U123/><E36/><V106/><F1/><W87/><G121/><T124/><D34/><U25/><E123/><V0/><F0/><W28/><G2/><T51/><D134/><U5/><E135/><V78/><F120/><W67/><G99/><T116/><D116/><U129/><E129/><V22/><F130/><W29/><G67/><T112/><D112/><U38/><E38/><V35/><F35/><W131/><G68/><T72/><D72/><U98/><E48/><V113/><F113/><W30/><N who="3" m="7168" /><DORA hai="111" /><W89/><G131/><T7/><D7/><U16/><E17/><V69/><F69/><W65/><G65/><T118/><D118/><U100/><E8/><V10/><F10/><W104/><G104/><T3/><D3/><U122/><E5/><V41/><F41/><W46/><G46/><T19/><D42/><U63/><E63/><V58/><F119/><W128/><G128/><T90/><D90/><N who="3" m="34921" /><G75/><T50/><D39/><U86/><E86/><V4/><F117/><W80/><G83/><T24/><D64/><U125/><E122/><V115/><F115/><W43/><G43/><T95/><D105/><U21/><E21/><V14/><F58/><W94/><G94/><T101/><D95/><U27/><E33/><V126/><F107/><W9/><G9/><T109/><D109/><U73/><E73/><V71/><F106/><W20/><G20/><T91/><D124/><U6/><E125/><V85/><F126/><W37/><G37/><T15/><D127/><U70/><E32/><V45/><F74/><RYUUKYOKU ba="0,0" sc="277,-10,222,-10,292,-10,209,30" hai3="40,44,52,53,76,80,87" /><INIT seed="3,1,0,5,5,13" ten="267,212,282,239" oya="3" hai0="69,126,91,35,30,25,12,76,6,96,95,39,94" hai1="80,14,36,93,92,24,67,50,1,57,130,113,27" hai2="43,84,15,8,63,88,59,60,7,109,55,49,38" hai3="66,11,127,111,105,71,56,28,4,104,116,58,74"/><W68/><G116/><T129/><D39/><U65/><E1/><V16/><F109/><W77/><G127/><T90/><D126/><U97/><E36/><V102/><F102/><W9/><G28/><T22/><D129/><U108/><E113/><V85/><F85/><W61/><G111/><T75/><D69/><U119/><E108/><V99/><F99/><W18/><G68/><T133/><D133/><U125/><E125/><V40/><F7/><W45/><G45/><T122/><D122/><U132/><E130/><V23/><F8/><W82/><G11/><T89/><D6/><U48/><E119/><V21/><F21/><W70/><G70/><T101/><D76/><U124/><E124/><V31/><F31/><W110/><G110/><T47/><D47/><U98/><E14/><V3/><F3/><W106/><REACH who="3" step="1"/><G18/><REACH who="3" ten="267,212,282,229" step="2"/><T19/><REACH who="0" step="1"/><D75/><REACH who="0" ten="257,212,282,229" step="2"/><U41/><E132/><V117/><F117/><W46/><G46/><T72/><D72/><U37/><E37/><V115/><F38/><W86/><G86/><AGARI ba="1,2" hai="12,19,22,25,30,35,86,89,90,91,94,95,96,101" machi="86" ten="30,3900,0" yaku="1,1,7,1,52,1,53,0" doraHai="13" doraHaiUra="135" who="0" fromWho="3" sc="257,62,212,0,282,0,229,-42" owari="319,41.9,212,-18.8,282,8.2,187,-31.3" /></mjloggm>