<mjloggm ver="2.3"><GO type="225" lobby="0"/><UN n0="%E3%81%A1%E3%82%85%E3%81%86%E3%81%A9%E3%81%8F%E8%B1%A1%E3%81%95%E3%82%93" n1="%E4%B8%89%E5%86%A0%E7%8E%8B%E3%83%BB%E5%B1%B1%E7%94%B0%E5%93%B2%E4%BA%BA" n2="%E9%80%9F%E6%B0%B4%E5%87%9B%E9%A6%99" n3="%41%54%53%4D" dan="17,16,16,16" rate="2160.13,2136.58,2122.48,2100.64" sx="M,M,F,M"/><TAIKYOKU oya="0"/><INIT seed="0,0,0,0,4,60" ten="250,250,250,250" oya="0" hai0="71,109,126,112,127,128,91,16,15,69,45,3,21" hai1="86,27,47,135,49,33,64,83,5,99,131,25,13" hai2="7,37,129,106,97,115,57,10,38,65,87,90,114" hai3="56,0,103,51,28,20,36,121,88,134,35,59,101"/><T93/><D112/><U19/><E135/><V14/><F129/><W2/><G35/><T11/><BYE who="2" /><D128/><U26/><E131/><V70/><F70/><W4/><G36/><UN n2="%E9%80%9F%E6%B0%B4%E5%87%9B%E9%A6%99" /><T50/><D109/><U100/><E5/><V30/><F30/><W119/><G119/><T107/><D107/><U23/><E64/><V12/><F12/><W17/><G28/><T85/><D11/><U130/><E130/><V66/><F38/><W96/><G134/><T84/><D84/><U39/><E39/><V1/><F37/><W117/><G117/><T98/><D98/><U74/><E74/><V68/><F68/><W62/><G121/><T41/><REACH who="0" step="1"/><D3/><REACH who="0" ten="240,250,250,250" step="2"/><U122/><E122/><V46/><F1/><W34/><G2/><T48/><D48/><U105/><E105/><V73/><F73/><W24/><G0/><T22/><D22/><U8/><E33/><V94/><F115/><W58/><G34/><T104/><D104/><U92/><E23/><V113/><F113/><W43/><G4/><T44/><D44/><U125/><E125/><AGARI ba="0,1" hai="15,16,21,41,45,50,69,71,85,91,93,125,126,127" machi="125" ten="40,7700,0" yaku="1,1,18,1,54,1,53,0" doraHai="60" doraHaiUra="124" who="0" fromWho="1" sc="240,87,250,-77,250,0,250,0" /><INIT seed="0,1,0,1,1,56" ten="327,173,250,250" oya="0" hai0="10,132,112,69,37,88,67,35,32,110,49,51,19" hai1="50,119,66,90,128,25,99,111,2,13,103,80,104" hai2="85,76,41,93,70,78,121,83,5,8,117,102,64" hai3="123,28,6,115,1,106,94,22,71,53,130,113,79"/><T86/><D112/><U14/><E2/><V45/><F121/><W122/><G106/><T48/><D37/><U46/><E119/><V129/><F129/><W17/><G71/><T11/><D132/><U77/><E128/><V73/><F117/><W75/><G130/><T92/><D110/><U98/><E111/><V43/><F43/><W58/><G94/><T105/><D105/><U118/><E118/><V30/><F30/><W26/><G79/><T87/><D87/><U61/><E25/><V82/><F102/><W15/><G75/><T33/><REACH who="0" step="1"/><D19/><REACH who="0" ten="317,173,250,250" step="2"/><U4/><E99/><V52/><F73/><W126/><G115/><T134/><D134/><U40/><E4/><V68/><F85/><W54/><G113/><T127/><D127/><U91/><E104/><V63/><F5/><W95/><G126/><T100/><D100/><U24/><E103/><V55/><F76/><W29/><G123/><T16/><D16/><U74/><E98/><V34/><F78/><W108/><G122/><T31/><D31/><U124/><E124/><V72/><F72/><W59/><G108/><T27/><D27/><U135/><E135/><V109/><F109/><W101/><G101/><T81/><D81/><U89/><REACH who="1" step="1"/><E24/><REACH who="1" ten="317,163,250,250" step="2"/><V9/><F82/><W120/><G120/><T60/><AGARI ba="1,2" hai="10,11,32,33,35,48,49,51,60,67,69,86,88,92" machi="60" ten="40,12000,1" yaku="1,1,0,1,52,1,54,1,53,0" doraHai="56" doraHaiUra="114" who="0" fromWho="0" sc="317,143,163,-41,250,-41,250,-41" /><INIT seed="0,2,0,2,0,130" ten="460,122,209,209" oya="0" hai0="66,54,50,118,99,58,123,18,0,127,84,44,12" hai1="87,55,108,82,21,43,3,73,105,62,46,23,132" hai2="53,65,122,97,4,81,120,95,79,34,48,40,61" hai3="8,26,94,134,36,57,85,74,22,5,71,112,75"/><T93/><D123/><U51/><E105/><V7/><F34/><W52/><G71/><T135/><D118/><U33/><E33/><V60/><F40/><W114/><G36/><T6/><D84/><U37/><E108/><V42/><F42/><W27/><G134/><T14/><D0/><U115/><E3/><V47/><F122/><W106/><G106/><T100/><D135/><U15/><E132/><V24/><F120/><W64/><G64/><T116/><D116/><U86/><E115/><V45/><F45/><W67/><G67/><T39/><D127/><U29/><E73/><V107/><F24/><W63/><G75/><T35/><D35/><U56/><E37/><V128/><F107/><W32/><G74/><T68/><D6/><U9/><E29/><V129/><F129/><W59/><G59/><T83/><D83/><U80/><E87/><N who="2" m="48575" /><F128/><W16/><G26/><T113/><D113/><U119/><E119/><V98/><F98/><W11/><G32/><T13/><D68/><U96/><E96/><V121/><F121/><W70/><G70/><T1/><D1/><U78/><REACH who="1" step="1"/><E80/><REACH who="1" ten="460,112,209,209" step="2"/><V10/><F97/><W92/><G85/><T28/><D39/><U19/><AGARI ba="2,1" hai="9,15,19,21,23,43,46,51,55,56,62,78,82,86" machi="19" ten="20,8000,1" yaku="1,1,2,1,0,1,7,1,8,1,53,0" doraHai="130" doraHaiUra="133" who="1" fromWho="1" sc="460,-42,112,96,209,-22,209,-22" /><INIT seed="1,0,0,5,3,90" ten="418,208,187,187" oya="1" hai0="91,63,68,37,18,94,105,31,74,30,119,44,107" hai1="89,33,128,35,108,49,133,118,97,131,76,80,95" hai2="120,58,75,43,27,79,36,81,19,46,101,61,20" hai3="93,1,12,65,13,51,135,32,110,29,126,23,17"/><U104/><E118/><V53/><REACH who="2" step="1"/><F101/><REACH who="2" ten="418,208,177,187" step="2"/><W103/><G110/><T60/><D119/><U48/><E108/><V28/><F28/><W0/><G29/><T77/><D30/><U86/><E133/><V109/><F109/><W127/><G135/><T98/><D31/><U134/><E134/><V3/><F3/><W106/><G0/><T52/><D107/><U8/><E104/><V59/><F59/><W82/><G1/><T2/><D105/><U121/><E121/><AGARI ba="0,1" hai="19,20,27,36,43,46,53,58,61,75,79,81,120,121" machi="121" ten="40,2600,0" yaku="21,2,53,0" doraHai="90" doraHaiUra="4" who="2" fromWho="1" sc="418,0,208,-26,177,36,187,0" /><INIT seed="2,0,0,5,0,37" ten="418,182,213,187" oya="2" hai0="81,41,30,96,90,28,1,35,118,79,52,51,84" hai1="42,40,109,63,100,116,27,134,34,97,89,70,58" hai2="112,20,45,13,95,64,38,102,106,80,123,53,10" hai3="47,60,117,5,32,86,91,129,110,59,24,4,2"/><V94/><F123/><W26/><G117/><T39/><D1/><U111/><E116/><V33/><F112/><W21/><G110/><N who="1" m="41994" /><E89/><V69/><F33/><W88/><G129/><T25/><D30/><N who="1" m="19807" /><E134/><V62/><F20/><W18/><G2/><T3/><D3/><U44/><E44/><V74/><F74/><W108/><G108/><T127/><D39/><U61/><E70/><V119/><F80/><W115/><G115/><T82/><D127/><U19/><E19/><V55/><F119/><W72/><G72/><T36/><D96/><U29/><E29/><V7/><F106/><W11/><G11/><T87/><D118/><U23/><E23/><V78/><F78/><W104/><G104/><T48/><D52/><N who="1" m="33991" /><E63/><V56/><F102/><W15/><G47/><T124/><D124/><U43/><E40/><N who="2" m="22679" /><F55/><N who="3" m="33919" /><G32/><T113/><D113/><U71/><E71/><V83/><F83/><N who="3" m="49247" /><G91/><T31/><D90/><U65/><E65/><V50/><AGARI ba="0,0" hai="7,10,13,50,53,56,62,64,69,94,95" m="22679" machi="50" ten="30,3000,0" yaku="24,1,52,1" doraHai="37" who="2" fromWho="2" sc="418,-10,182,-10,213,30,187,-10" /><INIT seed="2,1,0,0,0,100" ten="408,172,243,177" oya="2" hai0="84,93,108,54,46,60,131,124,97,128,53,42,129" hai1="6,105,66,9,92,103,26,18,125,50,3,126,49" hai2="13,5,64,86,43,17,19,72,25,44,90,28,133" hai3="62,96,32,2,74,15,135,134,58,41,110,30,21"/><V47/><F72/><W95/><G74/><T12/><D108/><U75/><E75/><V101/><F133/><N who="3" m="50699" /><G2/><T81/><D124/><N who="1" m="47723" /><E66/><V37/><F64/><N who="3" m="38999" /><G41/><T70/><D12/><U24/><E92/><V11/><F101/><N who="3" m="60575" /><G110/><T34/><D34/><U40/><E40/><V114/><F114/><W1/><G1/><T115/><D115/><U27/><E18/><V127/><F127/><W51/><G51/><N who="0" m="27095" /><D60/><U120/><E120/><V117/><F117/><W29/><G32/><T88/><D70/><U107/><E103/><AGARI ba="1,0" hai="53,54,81,84,88,93,97,103,128,129,131" m="27095" machi="103" ten="30,2000,0" yaku="19,1,54,1" doraHai="100" who="0" fromWho="1" sc="408,23,172,-23,243,0,177,0" /><INIT seed="3,0,0,1,4,38" ten="431,149,243,177" oya="3" hai0="55,48,84,54,42,79,58,85,23,16,46,86,50" hai1="83,117,41,70,88,19,51,14,39,66,134,13,128" hai2="8,132,101,20,59,78,91,24,80,114,27,67,74" hai3="37,123,94,72,76,40,103,122,100,57,65,131,63"/><W107/><G131/><T49/><D79/><U60/><E128/><V105/><F114/><W97/><G103/><T64/><D64/><U112/><E112/><V124/><F132/><W47/><REACH who="3" step="1"/><G94/><REACH who="3" ten="431,149,243,167" step="2"/><T31/><D85/><U109/><E134/><V113/><F101/><W110/><G110/><T52/><D86/><U87/><E109/><V89/><F113/><W95/><G95/><T53/><D84/><U18/><E117/><V82/><F105/><W45/><G45/><T135/><D135/><U26/><E39/><V108/><F108/><W10/><G10/><T61/><D31/><U119/><E119/><V9/><F8/><W0/><G0/><T33/><D33/><U32/><E32/><V99/><F9/><W34/><G34/><T98/><D98/><U71/><E71/><V22/><F99/><W7/><G7/><T44/><D44/><N who="1" m="25999" /><E70/><V92/><F92/><W96/><G96/><T111/><D111/><U90/><E90/><V56/><F91/><W25/><G25/><AGARI ba="0,1" hai="16,23,25,42,46,48,49,50,52,53,54,55,58,61" machi="25" ten="40,8000,1" yaku="8,1,52,1,54,2" doraHai="38" who="0" fromWho="3" sc="431,90,149,0,243,0,167,-80" owari="521,62.1,149,-25.1,243,4.3,87,-41.3" /></mjloggm>