<mjloggm ver="2.3"><GO type="225" lobby="0"/><UN n0="%52%61%69%61%6E%2E" n1="%E3%83%AD%E3%83%83%E3%83%86%E9%9B%80%E7%90%83" n2="%E3%81%AA%E3%82%81%E3%81%93%E9%9B%80%E5%A3%AB" n3="%E3%81%B5%E3%81%98%E3%81%8B%E3%81%A4" dan="16,16,16,16" rate="2011.16,2179.86,2071.65,2185.33" sx="M,M,M,M"/><TAIKYOKU oya="0"/><INIT seed="0,0,0,0,4,36" ten="250,250,250,250" oya="0" hai0="63,1,121,132,112,16,116,95,82,103,105,25,70" hai1="126,47,54,78,86,9,129,77,38,43,69,7,57" hai2="135,134,88,51,31,102,68,33,133,50,59,99,127" hai3="24,3,65,48,46,84,12,107,11,114,21,130,85"/><T34/><D112/><U111/><E111/><V28/><F68/><W118/><G114/><T66/><D116/><U71/><E126/><V40/><F127/><W119/><G118/><T90/><D121/><U49/><E129/><V74/><F74/><W123/><G107/><T44/><D1/><U93/><E78/><V89/><F51/><W61/><G123/><T55/><D132/><U122/><E122/><V62/><F33/><W27/><G3/><T10/><D82/><U97/><E86/><V14/><F14/><W5/><G27/><T4/><D105/><U60/><E77/><V79/><F79/><W32/><G32/><T37/><D103/><U76/><E76/><V19/><F19/><W13/><G13/><T94/><D94/><U109/><E109/><V128/><F128/><W115/><G130/><T30/><D4/><U83/><E83/><V0/><F0/><W35/><G35/><T20/><D10/><U64/><E71/><V80/><F80/><W18/><G119/><T58/><D37/><U125/><E125/><V96/><F96/><W81/><G81/><T117/><D44/><U39/><E39/><V67/><F102/><W17/><G5/><T92/><D117/><U131/><E131/><V2/><F2/><W113/><G113/><T26/><REACH who="0" step="1"/><D90/><REACH who="0" ten="240,250,250,250" step="2"/><N who="2" m="34922" /><F99/><W6/><G6/><T106/><D106/><U23/><E7/><V22/><F22/><W91/><G91/><T124/><D124/><U100/><E9/><V8/><F8/><W120/><G115/><T45/><D45/><AGARI ba="0,1" hai="28,31,40,45,50,59,62,67,133,134,135" m="34922" machi="45" ten="40,5200,0" yaku="20,1,52,1,54,1" doraHai="36" who="2" fromWho="0" sc="240,-52,250,0,250,62,250,0" /><INIT seed="1,0,0,5,5,127" ten="188,250,312,250" oya="1" hai0="101,116,81,105,54,80,2,11,26,45,42,78,57" hai1="4,38,95,128,7,74,48,59,58,64,83,14,102" hai2="69,29,8,104,107,56,96,5,124,84,46,90,52" hai3="126,40,33,51,86,49,12,119,112,63,118,25,10"/><U66/><E38/><V68/><F124/><W1/><G112/><T27/><D116/><N who="3" m="44585" /><G1/><T125/><D125/><U72/><E128/><V73/><F46/><W98/><G126/><T111/><D111/><U17/><E83/><V28/><F73/><W92/><G63/><T65/><D65/><U70/><E70/><V109/><F109/><W93/><G40/><T53/><D101/><U130/><E130/><V113/><F113/><W91/><G25/><T21/><D105/><U120/><E120/><V97/><F84/><W89/><G33/><T16/><D26/><U67/><E74/><V71/><F90/><W22/><G22/><T35/><D35/><U99/><E72/><V60/><F107/><W121/><G121/><T123/><D123/><U13/><E13/><V41/><F41/><W47/><G47/><T9/><D2/><U30/><E30/><V32/><F32/><W122/><G122/><T94/><D94/><U55/><REACH who="1" step="1"/><E59/><REACH who="1" ten="188,240,312,250" step="2"/><V76/><F29/><W50/><G50/><N who="0" m="26935" /><D81/><U6/><E6/><AGARI ba="0,1" hai="6,10,12,49,51,86,89,91,92,93,98" m="44585" machi="6" ten="30,1000,0" yaku="12,1" doraHai="127" who="3" fromWho="1" sc="188,0,240,-10,312,0,250,20" /><INIT seed="2,0,0,3,3,38" ten="188,230,312,270" oya="2" hai0="50,127,16,8,57,102,116,121,65,1,61,0,4" hai1="75,45,80,52,34,11,96,126,67,77,97,60,74" hai2="69,22,14,81,78,76,43,79,39,124,132,17,58" hai3="106,110,2,73,86,40,119,44,72,56,66,18,3"/><V20/><F69/><W92/><G119/><T62/><D121/><U90/><E34/><V107/><F107/><W19/><G106/><T129/><D0/><U15/><E126/><V108/><F132/><W134/><G134/><T54/><D127/><U28/><E28/><V46/><F108/><W24/><G110/><T32/><D32/><U83/><E74/><V135/><F124/><W122/><G122/><T120/><D120/><U68/><E83/><V125/><F135/><W48/><G2/><T51/><D116/><U70/><E70/><V99/><F99/><W87/><G3/><T94/><D129/><U88/><E97/><V23/><F81/><W59/><G24/><T5/><D5/><U71/><E71/><V12/><F125/><W6/><G6/><T95/><D95/><U89/><E96/><V9/><REACH who="2" step="1"/><F58/><REACH who="2" ten="188,230,302,270" step="2"/><W21/><G59/><T101/><D94/><U49/><REACH who="1" step="1"/><E90/><REACH who="1" ten="188,220,302,270" step="2"/><V131/><F131/><W55/><G72/><T29/><D102/><U26/><E26/><V98/><F98/><W30/><G73/><T85/><D101/><U31/><E31/><V128/><F128/><W111/><G30/><T25/><D29/><U10/><E10/><V112/><F112/><W27/><G92/><T105/><D105/><U35/><E35/><V118/><F118/><W13/><G111/><T115/><D115/><U33/><E33/><V114/><F114/><W109/><G109/><T36/><D25/><U42/><E42/><V104/><F104/><W47/><G40/><T103/><D103/><U100/><E100/><V123/><F123/><W82/><G82/><RYUUKYOKU ba="0,2" sc="188,-15,220,15,302,15,270,-15" hai1="11,15,45,49,52,60,67,68,75,77,80,88,89" hai2="9,12,14,17,20,22,23,39,43,46,76,78,79" /><INIT seed="2,1,2,2,3,116" ten="173,235,317,255" oya="2" hai0="122,23,13,124,119,91,53,18,97,96,44,6,19" hai1="108,132,102,60,47,130,86,120,64,105,118,74,9" hai2="12,46,135,50,17,27,8,126,99,54,33,107,110" hai3="1,84,36,40,21,3,4,70,71,31,69,61,58"/><V7/><F126/><W14/><G84/><T115/><D115/><U62/><E74/><V104/><F135/><W56/><G36/><T94/><D124/><U66/><E118/><V89/><F110/><W103/><G40/><T129/><D119/><U35/><E35/><V52/><F54/><W15/><G103/><T30/><D129/><U88/><E130/><V134/><F134/><W25/><G58/><T48/><D122/><U100/><E105/><V68/><F68/><W127/><G127/><T2/><D30/><U63/><E108/><V92/><REACH who="2" step="1"/><F17/><REACH who="2" ten="173,235,307,255" step="2"/><W32/><G71/><T29/><D18/><U85/><E132/><V112/><F112/><W0/><G70/><T72/><D29/><AGARI ba="1,3" hai="7,8,12,27,29,33,46,50,52,89,92,99,104,107" machi="29" ten="40,3900,0" yaku="1,1,54,1,53,0" doraHai="116" doraHaiUra="59" who="2" fromWho="0" sc="173,-42,235,0,307,72,255,0" /><INIT seed="2,2,0,5,2,26" ten="131,235,379,255" oya="2" hai0="74,40,86,106,79,49,126,96,120,104,13,124,12" hai1="95,57,43,36,8,82,54,117,122,34,11,92,51" hai2="15,119,85,60,44,70,105,61,97,134,28,7,53" hai3="94,75,48,32,20,113,107,84,93,22,88,80,100"/><V19/><F119/><W25/><G113/><T77/><D40/><U71/><E117/><V38/><F134/><W135/><G135/><T42/><D42/><U81/><E34/><V21/><F7/><W37/><G37/><T45/><D45/><U123/><E71/><V47/><F85/><W128/><G128/><T109/><D49/><U89/><E95/><V58/><F38/><W17/><G32/><T62/><D62/><U69/><E69/><V52/><F105/><N who="0" m="40554" /><D12/><U72/><E72/><V87/><F97/><N who="3" m="59447" /><G107/><T3/><D13/><U125/><E125/><N who="0" m="48233" /><D3/><U112/><E112/><V2/><F87/><N who="3" m="52383" /><G75/><T91/><D120/><N who="1" m="46123" /><E43/><V9/><F70/><W64/><G22/><T115/><D115/><U35/><E35/><V111/><F2/><W83/><G64/><T30/><D30/><U10/><E36/><V129/><F28/><W102/><G102/><T65/><D65/><U132/><E132/><V39/><F39/><W114/><G114/><T127/><D74/><U5/><E5/><V56/><F21/><W27/><G48/><T33/><D33/><U66/><E66/><V73/><F73/><W99/><G25/><T118/><D127/><U46/><E46/><V116/><F116/><W90/><G27/><T6/><D118/><U1/><E1/><V23/><F47/><W18/><G20/><T108/><D6/><U130/><E130/><V31/><F129/><W131/><G131/><T16/><D16/><N who="3" m="6249" /><G80/><N who="1" m="30826" /><E8/><V101/><F44/><W76/><G76/><N who="0" m="29259" /><D96/><AGARI ba="2,0" hai="10,11,51,54,57,89,92,96" m="30826,46123" machi="96" ten="30,1000,0" yaku="13,1" doraHai="26" who="1" fromWho="0" sc="131,-16,235,16,379,0,255,0" /><AGARI ba="2,0" hai="83,84,90,96,99" m="6249,52383,59447" machi="96" ten="30,3900,0" yaku="8,1,54,2" doraHai="26" who="3" fromWho="0" sc="115,-39,251,0,379,0,255,39" /><INIT seed="3,0,0,5,4,76" ten="76,251,379,294" oya="3" hai0="11,26,2,85,58,99,15,9,22,86,126,57,40" hai1="0,38,90,39,41,19,119,108,117,49,130,8,20" hai2="6,13,53,62,122,23,56,54,135,106,37,7,131" hai3="77,34,115,93,68,10,30,132,60,101,14,72,96"/><W50/><G115/><T17/><D126/><U104/><E104/><V92/><F106/><W36/><G132/><T111/><D111/><U16/><E108/><V74/><F37/><W110/><G36/><T114/><D114/><U133/><E133/><V87/><F74/><W118/><G110/><T95/><D2/><U27/><E130/><V88/><F135/><W46/><G118/><N who="1" m="45066" /><E41/><V127/><F127/><W51/><G34/><T134/><D134/><U55/><E19/><N who="2" m="10735" /><F122/><W63/><G30/><T65/><D40/><U112/><E112/><V45/><F131/><W98/><G98/><T33/><D33/><U105/><E105/><V32/><F32/><W52/><G51/><AGARI ba="0,0" hai="6,7,45,51,53,54,56,62,87,88,92" m="10735" machi="51" ten="30,2000,0" yaku="8,1,54,1" doraHai="76" who="2" fromWho="3" sc="76,0,251,0,379,20,294,-20" owari="76,-42.4,251,-14.9,399,49.9,274,7.4" /></mjloggm>