<mjloggm ver="2.3"><GO type="225" lobby="0"/><UN n0="%E7%8B%82%E6%B0%97%E3%81%AE%E7%9E%B3" n1="%E3%82%BC%E3%83%AB%E3%83%80%E3%81%AE%E4%BC%9D%E8%AA%AC" n2="%E6%81%A5%E6%99%92%E3%81%97" n3="%E3%80%90%E3%83%88%E3%83%AA%E3%83%A5%E3%83%95%E3%80%91" dan="16,17,16,16" rate="2048.06,2182.88,2155.09,2064.48" sx="F,M,M,M"/><TAIKYOKU oya="0"/><INIT seed="0,0,0,2,5,128" ten="250,250,250,250" oya="0" hai0="104,82,71,102,129,89,13,90,44,124,72,120,7" hai1="45,2,130,109,127,78,85,91,19,9,53,60,23" hai2="55,59,111,88,46,50,41,56,107,125,116,30,117" hai3="57,74,118,51,68,6,70,8,48,35,134,54,133"/><T110/><D120/><U105/><E105/><V95/><F107/><W81/><G35/><T63/><D129/><U0/><E130/><V21/><F111/><W27/><G118/><N who="2" m="45673" /><F125/><W69/><G27/><T34/><D34/><U98/><E109/><V123/><F123/><W40/><G81/><T100/><D110/><U3/><E127/><V16/><F30/><W73/><G40/><T101/><D124/><U87/><E9/><V115/><F115/><W43/><G43/><T67/><D44/><U99/><E78/><V103/><F103/><W10/><G48/><T119/><D119/><U52/><E53/><V31/><F31/><W86/><G86/><T108/><D108/><U22/><E22/><V64/><F64/><W61/><G51/><T49/><D49/><U11/><E11/><N who="3" m="4138" /><G6/><T33/><D33/><U37/><E37/><V77/><F77/><W75/><G54/><T66/><D66/><U93/><E99/><N who="2" m="57831" /><F41/><W39/><G39/><T32/><D32/><U14/><REACH who="1" step="1"/><E45/><REACH who="1" ten="250,240,250,250" step="2"/><V38/><F38/><W122/><G122/><T106/><D106/><U92/><E92/><V113/><F113/><W112/><G112/><T25/><D104/><U29/><E29/><V76/><F76/><W17/><G17/><T18/><D82/><U131/><E131/><V42/><F42/><W20/><G20/><N who="0" m="13463" /><D72/><U114/><E114/><V121/><F121/><W15/><G73/><T83/><D83/><U26/><E26/><AGARI ba="0,1" hai="16,21,26,46,50,55,56,59" m="57831,45673" machi="26" ten="30,3900,0" yaku="12,1,54,2" doraHai="128" who="2" fromWho="1" sc="250,0,240,-39,250,49,250,0" /><INIT seed="1,0,0,0,0,85" ten="250,201,299,250" oya="1" hai0="4,126,84,10,22,133,20,123,127,31,33,135,131" hai1="8,118,128,35,65,64,117,99,11,52,38,111,61" hai2="92,68,53,37,124,69,75,40,132,98,27,134,48" hai3="28,72,47,130,115,101,58,18,32,16,7,89,95"/><U96/><E35/><V34/><F75/><W14/><G115/><T50/><D50/><U86/><E38/><V87/><F34/><W100/><G72/><T66/><D66/><U56/><E128/><V73/><F73/><W19/><G130/><T97/><D131/><U80/><E111/><V113/><F27/><W83/><G47/><T26/><D97/><N who="1" m="37451" /><E118/><V46/><F113/><W36/><G36/><T1/><D84/><U59/><E117/><V41/><F87/><W2/><G58/><T74/><D74/><U105/><E105/><V122/><F122/><W9/><G83/><T88/><D123/><U116/><E116/><V24/><F24/><W93/><G93/><T81/><D81/><U120/><E120/><V104/><F104/><W0/><G28/><T70/><D70/><U45/><E45/><N who="2" m="23695" /><F124/><N who="0" m="47658" /><D88/><N who="1" m="51271" /><E65/><V29/><F29/><W102/><G32/><T44/><D44/><U62/><AGARI ba="0,0" hai="8,11,52,56,59,61,62,64" m="51271,37451" machi="62" ten="30,11700,0" yaku="8,1,52,1,54,2" doraHai="85" who="1" fromWho="1" sc="250,-39,201,117,299,-39,250,-39" /><INIT seed="1,1,0,1,5,53" ten="211,318,260,211" oya="1" hai0="112,27,78,134,65,92,118,44,18,2,42,56,107" hai1="98,83,81,13,51,129,70,15,131,79,11,122,5" hai2="58,8,63,119,7,54,132,127,14,22,26,111,86" hai3="9,30,115,66,6,110,46,93,36,125,109,3,99"/><U88/><E122/><V85/><F119/><W96/><G115/><T61/><D112/><U64/><E15/><V24/><F111/><N who="3" m="42507" /><G125/><T84/><D118/><U103/><E51/><V117/><F117/><W35/><G66/><T68/><D107/><U73/><E70/><V121/><F121/><W20/><G35/><T32/><D2/><U105/><REACH who="1" step="1"/><E64/><REACH who="1" ten="211,308,260,211" step="2"/><V71/><F71/><W57/><G36/><T45/><D68/><U60/><E60/><V62/><F63/><W130/><G3/><T77/><D61/><U67/><E67/><V4/><F14/><W75/><G130/><T29/><D65/><U48/><E48/><V72/><F62/><W113/><G113/><T100/><D42/><U120/><E120/><V47/><F26/><W59/><G46/><T0/><D0/><U135/><E135/><V41/><F132/><W19/><G6/><T37/><D134/><U39/><E39/><V97/><F7/><W25/><G25/><T82/><D37/><U94/><E94/><V123/><F123/><W49/><G49/><T40/><D40/><U21/><E21/><V1/><F22/><W52/><G93/><T124/><D124/><U55/><E55/><V74/><F127/><W126/><G52/><T116/><D116/><U114/><E114/><V133/><F24/><W34/><G126/><T108/><D45/><U90/><E90/><V28/><F47/><W80/><G20/><T69/><D44/><U76/><E76/><V12/><F41/><W128/><G128/><T101/><D77/><U87/><AGARI ba="1,1" hai="5,11,13,73,79,81,83,87,88,98,103,105,129,131" machi="87" ten="30,6000,0" yaku="1,1,0,1,54,1,53,0" doraHai="53" doraHaiUra="23" who="1" fromWho="1" sc="211,-21,308,73,260,-21,211,-21" /><INIT seed="1,2,0,0,2,68" ten="190,381,239,190" oya="1" hai0="96,11,91,120,72,69,78,1,83,15,35,119,38" hai1="58,56,106,65,116,94,25,52,39,118,124,85,27" hai2="60,19,128,37,7,84,115,105,28,62,2,59,46" hai3="117,88,67,29,55,30,121,40,16,9,127,31,74"/><U0/><E106/><V86/><F105/><W130/><G121/><T101/><D119/><U133/><E0/><V99/><F128/><W23/><G74/><T103/><D120/><U95/><E85/><V61/><F115/><W49/><G130/><T34/><D69/><U17/><E17/><V50/><F28/><W6/><G127/><T131/><D131/><U14/><E14/><V71/><F99/><W5/><G67/><T76/><D91/><U87/><E87/><V125/><F125/><W47/><G117/><T135/><D135/><U45/><E65/><N who="2" m="41383" /><F19/><W100/><G100/><T75/><D15/><U134/><E124/><V42/><F84/><W98/><G9/><T12/><D12/><U92/><E92/><V79/><F79/><W82/><G40/><T114/><D114/><U57/><E116/><V122/><F86/><N who="3" m="50263" /><G98/><T93/><D103/><U90/><E118/><V123/><F122/><W53/><G53/><T26/><D26/><AGARI ba="2,0" hai="5,6,16,23,26,29,30,31,47,49,55" m="50263" machi="26" ten="30,3900,0" yaku="8,1,54,2" doraHai="68" who="3" fromWho="0" sc="190,-45,381,0,239,0,190,45" /><INIT seed="2,0,0,5,5,48" ten="145,381,239,235" oya="2" hai0="100,123,107,113,75,105,25,52,81,101,110,37,128" hai1="22,132,69,78,44,130,46,133,39,64,74,106,17" hai2="21,56,28,93,35,7,61,126,120,115,67,76,65" hai3="94,79,43,131,124,0,1,41,3,58,118,82,8"/><V121/><F115/><W104/><G104/><T73/><D113/><U125/><E106/><N who="0" m="40457" /><D37/><U102/><E102/><N who="0" m="39529" /><D25/><U53/><E125/><V20/><F126/><W84/><G124/><T72/><D123/><U80/><E130/><V18/><F35/><W99/><G131/><T114/><D114/><U87/><E74/><N who="0" m="28777" /><D52/><U135/><E39/><V119/><F120/><W129/><G129/><T15/><D15/><N who="1" m="9535" /><E53/><V98/><F121/><W92/><G8/><T4/><D4/><U117/><E117/><V5/><F119/><W24/><G24/><T38/><D38/><U47/><E64/><V77/><F67/><W27/><G27/><T10/><D10/><U12/><E12/><N who="2" m="9287" /><F21/><W14/><G14/><T83/><D128/><U91/><E69/><V109/><F28/><W50/><G118/><T54/><D54/><U68/><E68/><V70/><F70/><W88/><G0/><T34/><D34/><U60/><E60/><V63/><F61/><W16/><G16/><T42/><D42/><N who="3" m="15881" /><G1/><T31/><D31/><U45/><N who="1" m="11264" /><DORA hai="49" /><U85/><E85/><V32/><F32/><W127/><G3/><T116/><D116/><U103/><E103/><N who="2" m="60879" /><F7/><W55/><G127/><T51/><D51/><U112/><E112/><V30/><F5/><W96/><G94/><T23/><D23/><U108/><E91/><V19/><F63/><W26/><G26/><T134/><N who="0" m="28785" /><AGARI ba="0,0" hai="50,55,58,75,79,82,84,88,92,96,99" m="15881" machi="75" ten="30,7700,0" yaku="3,1,52,2,54,1" doraHai="48,49" who="3" fromWho="0" sc="145,-77,381,0,239,0,235,77" /><INIT seed="3,0,0,0,1,64" ten="68,381,239,312" oya="3" hai0="26,7,87,122,95,119,10,132,124,109,21,86,116" hai1="90,84,111,93,11,120,16,19,52,25,110,34,20" hai2="55,41,133,60,70,18,71,89,5,73,32,100,126" hai3="23,75,74,108,59,91,43,107,58,96,33,42,3"/><W51/><G33/><T56/><D122/><U135/><E120/><V44/><F73/><W121/><G121/><T67/><D109/><N who="1" m="41483" /><E135/><V8/><F32/><W37/><G3/><T103/><D132/><U112/><E112/><V12/><F133/><W68/><G37/><T83/><D124/><U29/><E52/><V62/><F126/><W65/><G108/><T38/><D38/><U114/><E114/><V131/><F131/><W66/><G23/><T53/><D116/><U36/><E36/><V15/><F100/><W2/><G2/><T101/><D119/><U40/><E40/><V76/><F76/><W27/><G27/><T134/><D134/><U9/><E16/><V123/><F89/><W85/><G51/><T88/><D67/><U82/><E93/><V115/><F115/><W97/><G91/><T117/><D117/><U106/><E106/><V6/><F123/><W128/><G128/><T13/><D87/><U125/><E125/><V77/><F77/><W14/><G85/><T105/><D95/><U127/><E127/><V46/><F55/><W54/><G54/><T92/><D92/><U28/><E28/><V94/><F94/><W31/><G31/><T47/><D105/><U129/><E129/><V72/><F72/><W0/><G0/><T81/><D81/><U63/><E63/><V61/><F61/><W57/><G107/><T50/><D56/><U118/><E118/><V102/><F18/><W99/><G74/><T69/><REACH who="0" step="1"/><D69/><REACH who="0" ten="58,381,239,312" step="2"/><U17/><E17/><AGARI ba="0,1" hai="7,10,13,17,21,26,47,50,53,83,86,88,101,103" machi="17" ten="30,12000,2" yaku="1,1,2,1,7,1,8,1,54,1,53,1" doraHai="64" doraHaiUra="48" who="0" fromWho="1" sc="58,130,381,-120,239,0,312,0" owari="188,-31.2,261,6.1,239,-16.1,312,41.2" /></mjloggm>