<mjloggm ver="2.3"><GO type="225" lobby="0"/><UN n0="%E3%83%A9%E3%82%B9%E7%8E%87%EF%BC%93%E5%89%B2" n1="%E3%81%82%E3%81%B9%E3%81%99%E3%81%91" n2="%38%63%E3%81%AF%E3%81%A3%E3%81%97%E3%83%BC" n3="%E6%B4%BE%E9%81%A3%E3%81%AE%E3%82%B8%E3%83%A3%E3%83%83%E3%82%AF" dan="16,16,16,16" rate="2130.53,2092.48,2124.37,2192.77" sx="F,M,M,M"/><TAIKYOKU oya="0"/><INIT seed="0,0,0,0,1,90" ten="250,250,250,250" oya="0" hai0="77,51,36,23,5,67,72,12,40,39,118,122,97" hai1="103,78,70,66,0,102,4,20,56,21,46,125,13" hai2="74,7,10,19,63,62,131,109,113,59,50,88,55" hai3="27,130,44,45,68,121,112,73,31,3,135,71,54"/><T114/><D114/><U17/><E70/><V38/><F113/><W22/><G3/><T2/><D118/><U124/><E78/><V53/><F38/><W101/><G73/><T16/><D122/><U93/><E46/><V129/><F74/><W11/><G112/><T84/><D67/><U82/><E82/><V58/><F109/><W34/><G121/><T107/><D72/><U47/><E47/><V91/><F19/><W18/><G130/><T65/><D65/><U81/><E81/><V25/><F25/><W108/><G108/><T95/><D51/><U111/><E111/><V37/><F37/><W14/><G135/><T35/><D40/><U48/><E21/><V86/><F50/><W106/><G44/><T110/><D35/><U105/><E105/><V30/><F30/><W96/><G34/><T85/><D77/><U29/><E48/><V26/><F26/><W76/><G76/><T1/><D107/><U28/><E0/><N who="0" m="105" /><D5/><U9/><E103/><V49/><F49/><N who="3" m="28975" /><G71/><T98/><D98/><U134/><E134/><V64/><F64/><W60/><G68/><T79/><D79/><U115/><E115/><V33/><F33/><W128/><G128/><N who="2" m="49225" /><F86/><N who="0" m="33386" /><D110/><U120/><E120/><V24/><F24/><W32/><G32/><T69/><D69/><U57/><E66/><V100/><F100/><W61/><G106/><T6/><D6/><U80/><E4/><V126/><F7/><W127/><G101/><N who="0" m="60607" /><D39/><U133/><E133/><V52/><F55/><W41/><G41/><T87/><N who="0" m="33394" /><T99/><DORA hai="119" /><D36/><U116/><E116/><V132/><F132/><RYUUKYOKU ba="0,0" sc="250,30,250,-10,250,-10,250,-10" hai0="12,16,23,99" /><INIT seed="0,1,0,5,4,8" ten="280,240,240,240" oya="0" hai0="102,55,73,99,75,47,96,28,17,44,35,119,89" hai1="88,25,52,126,113,68,67,86,127,81,3,13,33" hai2="5,41,122,82,78,72,123,19,16,11,45,111,66" hai3="125,114,59,77,97,109,20,135,134,98,26,21,69"/><T60/><D119/><U79/><E3/><V106/><F106/><W92/><G69/><T61/><D28/><N who="1" m="19599" /><E113/><V42/><F42/><W101/><G109/><T84/><D35/><U62/><E13/><V74/><F74/><W56/><G125/><N who="1" m="47626" /><E52/><V50/><F111/><W121/><G114/><T53/><D17/><U38/><E38/><V48/><F66/><W76/><G121/><T22/><D22/><N who="3" m="8809" /><G26/><T64/><D84/><U0/><E0/><V24/><F50/><W90/><G76/><AGARI ba="1,0" hai="62,67,68,76,79,81,86,88" m="47626,19599" machi="76" ten="30,2000,0" yaku="18,1,54,1" doraHai="8" who="1" fromWho="3" sc="280,0,240,23,240,0,240,-23" /><INIT seed="1,0,0,2,2,9" ten="280,263,240,217" oya="1" hai0="48,95,58,89,21,63,30,10,71,17,52,96,119" hai1="103,1,98,106,69,104,81,32,4,113,134,130,78" hai2="2,64,19,86,16,126,100,12,36,62,107,73,74" hai3="93,112,76,110,39,45,77,108,20,67,75,42,11"/><U124/><E32/><V18/><F2/><W61/><G112/><T133/><D119/><U115/><E69/><V102/><F36/><W5/><G20/><T8/><D133/><U118/><E118/><V14/><F126/><W29/><G93/><T54/><D30/><U0/><E124/><V88/><F73/><W122/><G29/><T111/><D111/><N who="3" m="42537" /><G75/><T38/><D38/><U80/><E4/><V87/><F87/><W68/><G122/><T13/><D71/><U7/><E7/><V128/><F74/><W121/><G121/><T84/><D96/><U3/><E130/><V109/><F128/><W60/><G60/><T131/><D131/><U23/><E134/><V40/><F40/><W117/><G117/><T94/><D94/><U47/><E23/><V37/><F37/><W91/><G91/><T41/><D41/><U132/><E132/><V83/><F109/><W66/><G66/><T99/><D99/><U65/><E65/><V27/><F27/><W101/><G101/><T105/><D105/><N who="1" m="63735" /><E81/><V35/><F35/><W129/><G129/><T85/><D85/><N who="1" m="48279" /><E115/><V55/><F107/><W46/><G46/><AGARI ba="0,0" hai="8,10,13,17,21,46,48,52,54,58,63,84,89,95" machi="46" ten="30,7700,0" yaku="7,1,8,1,52,1,54,1" doraHai="9" who="0" fromWho="3" sc="280,77,263,0,240,0,217,-77" /><INIT seed="2,0,0,0,3,93" ten="357,263,240,140" oya="2" hai0="70,131,33,124,81,20,50,96,61,40,113,106,79" hai1="12,103,59,39,25,135,87,52,8,119,42,45,4" hai2="35,21,128,85,30,99,6,24,127,134,38,43,22" hai3="76,112,37,10,88,27,64,14,108,47,63,29,23"/><V16/><F134/><W83/><G108/><T82/><D113/><U90/><E119/><V104/><F128/><W100/><G112/><T111/><D33/><U34/><E135/><V117/><F117/><W98/><G37/><T92/><D106/><U46/><E46/><V110/><F6/><W84/><G47/><N who="0" m="25959" /><D70/><U71/><E71/><V51/><F38/><W62/><G64/><T126/><D111/><U133/><E103/><V44/><F110/><W74/><G74/><T80/><D61/><U94/><E25/><V53/><F127/><N who="0" m="48682" /><D20/><U0/><E34/><V18/><F85/><W115/><G115/><T107/><D107/><U122/><E122/><V66/><F66/><W55/><G55/><T73/><D131/><U65/><E65/><V114/><F114/><W3/><G3/><T15/><D15/><U78/><E133/><V105/><F53/><W2/><G2/><T67/><D67/><U97/><E12/><V121/><F121/><W123/><G123/><T89/><AGARI ba="0,0" hai="73,79,80,81,82,89,92,96" m="48682,25959" machi="89" ten="30,2000,0" yaku="18,1,52,1" doraHai="93" who="0" fromWho="0" sc="357,20,263,-5,240,-10,140,-5" /><INIT seed="3,0,0,0,2,122" ten="377,258,230,135" oya="3" hai0="114,15,134,85,121,31,26,131,47,41,96,71,132" hai1="42,20,126,33,115,37,19,79,94,119,107,32,55" hai2="21,30,14,28,82,58,46,9,105,99,4,5,6" hai3="84,133,90,74,72,34,130,65,60,88,24,61,56"/><W76/><G130/><T57/><D71/><U124/><E119/><V10/><F105/><W129/><G129/><T69/><D69/><U40/><E115/><V53/><F46/><W59/><G133/><N who="0" m="51307" /><D131/><U27/><E107/><V102/><F82/><W98/><G98/><T106/><D121/><U97/><E79/><V29/><F99/><W36/><G36/><T83/><D57/><U125/><E55/><V0/><F102/><W62/><G76/><T23/><D15/><U135/><E135/><V39/><F39/><W16/><G34/><N who="1" m="13418" /><E37/><V18/><F53/><W38/><G38/><N who="0" m="21943" /><D114/><U54/><E54/><V100/><F100/><AGARI ba="0,0" hai="19,20,27,40,42,94,97,100,124,125,126" m="13418" machi="100" ten="40,1300,0" yaku="18,1" doraHai="122" who="1" fromWho="2" sc="377,0,258,13,230,-13,135,0" owari="377,47.7,271,7.1,217,-18.3,135,-36.5" /></mjloggm>