<mjloggm ver="2.3"><GO type="225" lobby="0"/><UN n0="%E3%82%BC%E3%83%AB%E3%83%80%E3%81%AE%E4%BC%9D%E8%AA%AC" n1="%E3%82%A2%E3%83%A1%E3%82%A2%E3%83%A9%E3%83%AC" n2="%E7%89%B9%E6%9D%B1%E3%81%AF%E4%B8%96%E7%95%8C%E3%82%92%E6%95%91%E3%81%86" n3="%6B%75%7A%75%6E" dan="18,16,16,17" rate="2238.59,2048.75,2144.32,2164.61" sx="M,M,M,M"/><TAIKYOKU oya="0"/><INIT seed="0,0,0,2,5,90" ten="250,250,250,250" oya="0" hai0="40,130,52,44,101,102,13,53,12,29,6,9,10" hai1="22,73,76,49,110,107,95,26,121,62,69,133,32" hai2="34,79,111,108,15,126,64,39,66,88,124,0,112" hai3="59,97,85,1,38,54,36,119,128,99,74,93,60"/><T82/><D130/><U58/><E121/><V84/><F0/><W68/><G119/><T116/><D116/><U72/><E107/><V71/><F112/><W51/><G74/><T61/><D29/><U43/><E32/><V19/><F39/><W48/><G1/><T50/><D82/><U37/><E76/><V5/><F5/><W55/><G128/><T33/><D33/><U105/><E105/><V63/><F66/><W46/><G85/><T83/><D83/><U67/><E110/><N who="2" m="42027" /><F79/><W18/><G99/><T47/><D61/><U131/><E133/><V96/><F96/><W120/><G120/><T75/><D75/><U25/><E25/><V117/><F34/><W118/><G118/><T70/><D70/><U109/><E131/><V23/><F117/><W4/><G4/><T31/><D31/><U21/><E21/><V77/><F77/><W24/><G68/><T81/><D81/><AGARI ba="0,0" hai="15,19,23,63,64,71,81,84,88,124,126" m="42027" machi="81" ten="30,2000,0" yaku="14,1,54,1" doraHai="90" who="2" fromWho="0" sc="250,-20,250,0,250,20,250,0" /><INIT seed="1,0,0,5,5,81" ten="230,250,270,250" oya="1" hai0="76,101,115,9,56,92,21,89,36,8,93,59,6" hai1="121,128,37,25,99,5,127,98,85,16,17,20,24" hai2="15,47,18,63,126,40,51,55,3,52,67,107,109" hai3="84,49,83,61,130,27,66,12,134,102,118,122,33"/><U31/><E121/><V44/><F3/><W124/><G122/><T29/><D36/><U95/><E128/><V135/><F107/><W53/><G130/><T69/><D69/><U13/><E127/><V64/><F126/><W43/><G134/><T48/><D115/><U62/><E37/><V100/><F100/><W19/><G118/><T94/><D76/><U58/><E5/><V86/><F109/><W78/><G43/><T71/><D71/><U120/><E120/><V110/><F110/><W11/><G102/><T57/><D101/><U91/><E17/><V111/><F111/><W88/><G124/><T41/><D89/><U38/><E38/><V117/><F117/><W103/><G103/><T104/><D104/><U75/><E75/><V129/><F135/><W132/><G132/><T46/><REACH who="0" step="1"/><D6/><REACH who="0" ten="220,250,270,250" step="2"/><U80/><E80/><V108/><F108/><W60/><G78/><T97/><D97/><U4/><E4/><V87/><F129/><W54/><G66/><N who="2" m="25129" /><F44/><N who="3" m="27815" /><G54/><N who="2" m="20521" /><F63/><W90/><G90/><T125/><D125/><U22/><E62/><V70/><F70/><W123/><G123/><T32/><D32/><U23/><E58/><V79/><F79/><W73/><G73/><T106/><D106/><U42/><E42/><V114/><F114/><W96/><G96/><N who="1" m="36906" /><E31/><AGARI ba="0,1" hai="11,12,19,27,31,33,60,61,83,84,88" m="27815" machi="31" ten="30,3900,0" yaku="25,1,52,1,54,1" doraHai="81" who="3" fromWho="1" sc="220,0,250,-39,270,0,250,49" /><INIT seed="2,0,0,4,4,52" ten="220,211,270,299" oya="2" hai0="14,0,129,60,93,35,134,32,88,92,128,44,72" hai1="3,77,18,26,115,91,114,45,16,90,55,125,96" hai2="66,51,43,12,2,65,108,98,109,79,36,42,84" hai3="81,56,76,24,73,97,89,75,37,5,13,117,101"/><V20/><F2/><W9/><G117/><T67/><D0/><U127/><E3/><V123/><F123/><W82/><G37/><T8/><D72/><U116/><E77/><V28/><F36/><W30/><G89/><N who="1" m="33802" /><E96/><V86/><F98/><W38/><G38/><T61/><D44/><U69/><E69/><V23/><F12/><W39/><G39/><T11/><D134/><U95/><E95/><V22/><F28/><W19/><G81/><T78/><D78/><U132/><E116/><V105/><F105/><W15/><G75/><T119/><D119/><U120/><E132/><V113/><F113/><N who="1" m="43017" /><E26/><V118/><F118/><W58/><G97/><T85/><D92/><U122/><E55/><V124/><F23/><W6/><G101/><T133/><D133/><U59/><E59/><V135/><F79/><W41/><G41/><T71/><D61/><U4/><E45/><V29/><F29/><W83/><G83/><T34/><REACH who="0" step="1"/><D8/><REACH who="0" ten="210,211,270,299" step="2"/><U130/><E130/><V47/><F47/><W94/><G94/><T63/><D63/><U100/><E100/><V27/><F135/><W46/><G46/><T1/><D1/><U80/><E80/><V62/><F62/><W49/><G73/><T131/><D131/><U126/><E4/><AGARI ba="0,1" hai="4,11,14,32,34,35,60,67,71,85,88,93,128,129" machi="4" ten="40,2600,0" yaku="1,1,54,1,53,0" doraHai="52" doraHaiUra="53" who="0" fromWho="1" sc="210,36,211,-26,270,0,299,0" /><INIT seed="3,0,0,3,2,53" ten="246,185,270,299" oya="3" hai0="113,83,48,128,111,101,118,14,78,122,32,21,92" hai1="59,63,15,36,119,90,54,95,45,28,11,29,1" hai2="23,61,49,94,10,0,135,127,65,123,132,71,60" hai3="9,62,2,74,12,84,4,24,8,7,75,129,52"/><W31/><G129/><T115/><D32/><U116/><E1/><V27/><F127/><W5/><G5/><T117/><D21/><U98/><E36/><V89/><F123/><W25/><G84/><N who="0" m="48247" /><D14/><U6/><REACH who="1" step="1"/><E45/><REACH who="1" ten="246,175,270,299" step="2"/><V93/><F0/><W80/><G2/><T120/><D128/><U43/><E43/><V41/><F41/><W124/><G124/><T51/><D111/><U121/><E121/><V88/><F135/><W99/><G4/><T20/><D122/><U34/><E34/><V22/><F132/><W134/><G7/><T130/><D130/><U82/><E82/><V126/><F126/><W39/><G80/><T70/><D120/><U68/><E68/><V26/><F71/><W97/><G39/><T72/><D70/><U67/><E67/><V30/><F65/><W102/><G134/><T56/><D113/><U37/><E37/><V66/><F66/><W33/><G33/><T77/><D115/><U57/><E57/><V40/><F40/><W108/><G108/><T16/><D56/><U19/><E19/><V64/><F64/><W3/><G3/><T50/><D118/><AGARI ba="0,1" hai="6,11,15,28,29,54,59,63,90,95,98,116,118,119" machi="118" ten="40,8000,1" yaku="1,1,12,1,52,1,53,1" doraHai="53" doraHaiUra="85" who="1" fromWho="0" sc="246,-80,175,90,270,0,299,0" /><INIT seed="4,0,0,4,2,18" ten="166,265,270,299" oya="0" hai0="31,48,45,70,128,84,24,10,7,120,16,93,3" hai1="85,118,131,71,91,74,75,88,0,65,43,54,32" hai2="106,49,67,102,99,37,35,38,26,100,95,116,8" hai3="58,79,17,42,69,40,25,28,90,11,15,124,89"/><T68/><D128/><U78/><E32/><V103/><F116/><W51/><G69/><T133/><D133/><U34/><E34/><V59/><F8/><W2/><G79/><T101/><D120/><U81/><E0/><V61/><F49/><W110/><G110/><T73/><D73/><N who="1" m="27659" /><E54/><V50/><F50/><W36/><G124/><T33/><D101/><U56/><E56/><V6/><F6/><W80/><G2/><T21/><D93/><U114/><E65/><V20/><F35/><W108/><G108/><T14/><D84/><U62/><E62/><V76/><F76/><W41/><G36/><T19/><D19/><U9/><E9/><V98/><F102/><W53/><G80/><T82/><D82/><U77/><E43/><AGARI ba="0,0" hai="3,7,10,14,16,21,24,31,33,43,45,48,68,70" machi="43" ten="30,12000,1" yaku="7,1,24,2,52,1,54,1" doraHai="18" who="0" fromWho="1" sc="166,120,265,-120,270,0,299,0" /><INIT seed="4,1,0,5,0,113" ten="286,145,270,299" oya="0" hai0="125,51,87,131,30,8,14,54,6,23,71,28,56" hai1="12,98,43,29,107,68,10,103,134,62,53,80,22" hai2="20,2,114,115,104,18,121,1,93,132,0,89,100" hai3="78,7,73,85,52,63,81,119,13,47,133,24,99"/><T129/><D71/><U39/><E134/><V58/><F121/><W44/><G119/><T19/><D125/><U57/><E68/><V120/><F120/><W111/><G111/><T32/><D87/><U90/><E39/><V33/><F33/><W21/><G73/><T102/><D102/><U97/><E43/><V34/><F34/><W86/><G99/><T128/><D32/><U92/><E80/><V46/><F132/><W31/><G86/><T26/><AGARI ba="1,0" hai="6,8,14,19,23,26,28,30,51,54,56,128,129,131" machi="26" ten="30,3000,0" yaku="0,1,19,1" doraHai="113" who="0" fromWho="0" sc="286,33,145,-11,270,-11,299,-11" owari="319,41.9,134,-36.6,259,-14.1,288,8.8" /></mjloggm>