<mjloggm ver="2.3"><GO type="225" lobby="0"/><UN n0="%E5%A4%96%E5%B7%9D%E7%AB%9C%E6%88%90" n1="%6D%75%75%6D%75%72%61" n2="%E6%98%93%E5%88%A9%E8%96%A9%E4%BC%AF" n3="%E9%80%9F%E6%B0%B4%E5%87%9B%E9%A6%99" dan="16,16,16,16" rate="2076.04,2154.33,2123.90,2126.11" sx="M,F,F,F"/><TAIKYOKU oya="0"/><INIT seed="0,0,0,2,4,83" ten="250,250,250,250" oya="0" hai0="22,43,123,131,122,41,96,8,36,38,106,103,21" hai1="3,107,71,62,67,30,32,91,72,81,16,120,28" hai2="116,129,115,69,113,105,14,47,132,26,89,61,101" hai3="59,108,104,40,25,17,5,90,110,82,97,130,58"/><T53/><D8/><U114/><E120/><V117/><F14/><W51/><G5/><T24/><D131/><U46/><E3/><V1/><F1/><W133/><G133/><T84/><D53/><U63/><E107/><V66/><F26/><W34/><G130/><T100/><D96/><U87/><E114/><V45/><F101/><W52/><G40/><T57/><D57/><U64/><E32/><V75/><F75/><W92/><G104/><T18/><D106/><U20/><E46/><N who="2" m="17419" /><F89/><W128/><G128/><T35/><D18/><U39/><E39/><V94/><F94/><W50/><G82/><T121/><D121/><U7/><E72/><V93/><F93/><W78/><G78/><T88/><D88/><U33/><E33/><V65/><F105/><W126/><G126/><T44/><D35/><U76/><E76/><V95/><F95/><W125/><G125/><T13/><D44/><U119/><E119/><N who="2" m="45643" /><F129/><W134/><G134/><T60/><D13/><U10/><E10/><V23/><F23/><N who="3" m="13551" /><G34/><T86/><D24/><U111/><E111/><N who="3" m="42538" /><G59/><T68/><REACH who="0" step="1"/><D60/><AGARI ba="0,0" hai="50,51,52,58,60,90,92,97" m="42538,13551" machi="60" ten="30,3900,0" yaku="25,1,14,1,54,1" doraHai="83" who="3" fromWho="0" sc="250,-39,250,0,250,0,250,39" /><INIT seed="1,0,0,5,1,25" ten="211,250,250,289" oya="1" hai0="3,27,41,74,31,107,46,59,18,10,16,44,30" hai1="76,65,85,100,35,113,48,119,28,110,98,68,91" hai2="67,64,39,131,86,40,87,93,5,62,112,49,34" hai3="38,6,66,12,81,89,128,96,132,23,19,111,17"/><U122/><E113/><V32/><F39/><W55/><G38/><T115/><D115/><U126/><E119/><V43/><F112/><W129/><G111/><T90/><D107/><U88/><E122/><V125/><F125/><W97/><G132/><T114/><D114/><U52/><E126/><V56/><F131/><N who="3" m="50251" /><G66/><T0/><D74/><U7/><E7/><V36/><F36/><W61/><G6/><T104/><D104/><N who="1" m="63511" /><E85/><V80/><F67/><W37/><G37/><T83/><D0/><U60/><E76/><V84/><F80/><W108/><G108/><T50/><D3/><U95/><E95/><V133/><F133/><W121/><G121/><T70/><D70/><U75/><E75/><V13/><F93/><W69/><G69/><T109/><D109/><U78/><E78/><V120/><F120/><W124/><G124/><T1/><D1/><U123/><E123/><V11/><REACH who="2" step="1"/><F49/><REACH who="2" ten="211,250,240,289" step="2"/><W33/><G81/><T134/><D134/><U71/><E110/><V2/><F2/><W21/><G97/><T127/><D127/><U79/><E71/><V24/><F24/><W130/><G130/><T47/><D27/><N who="1" m="18847" /><E79/><V14/><F14/><W15/><G15/><N who="0" m="7287" /><D83/><U22/><E22/><V72/><F72/><W8/><G23/><T103/><D50/><U45/><AGARI ba="0,1" hai="45,48,52,60,65,68,88,91" m="18847,63511" machi="45" ten="30,11700,0" yaku="25,1,52,1,54,2" doraHai="25" who="1" fromWho="1" sc="211,-39,250,127,240,-39,289,-39" /><INIT seed="1,1,0,4,3,21" ten="172,377,201,250" oya="1" hai0="131,132,43,47,91,62,127,24,89,69,115,102,101" hai1="77,107,66,119,75,41,61,67,42,120,123,33,3" hai2="59,84,44,29,20,19,30,32,68,14,9,4,63" hai3="113,34,54,105,83,126,71,7,81,55,87,121,86"/><U79/><E119/><V124/><F124/><W11/><G71/><T25/><D127/><U23/><E33/><V130/><F130/><W116/><G105/><T48/><D115/><U45/><E107/><V64/><F44/><W2/><G113/><T39/><D131/><U118/><E3/><V53/><F84/><W82/><G126/><T108/><D108/><U114/><E114/><V129/><F32/><W16/><G121/><T112/><D112/><U12/><E118/><V97/><F97/><W103/><G103/><T99/><D132/><U109/><E109/><V135/><F135/><W78/><G34/><T122/><D39/><U58/><E67/><V76/><F76/><W80/><G116/><T106/><D102/><U31/><E12/><V8/><F8/><W37/><G37/><T27/><REACH who="0" step="1"/><D122/><REACH who="0" ten="162,377,201,250" step="2"/><U74/><E123/><V96/><F129/><W35/><G78/><T5/><D5/><U72/><E77/><V36/><F36/><W50/><G7/><T46/><D46/><U40/><E45/><V6/><F6/><W60/><G2/><T15/><D15/><U100/><E79/><V13/><REACH who="2" step="1"/><F96/><REACH who="2" ten="162,377,191,250" step="2"/><W0/><G87/><T18/><D18/><U95/><E120/><V38/><F38/><W128/><G16/><T98/><D98/><U125/><E125/><V88/><F88/><W94/><G86/><T52/><D52/><U57/><E74/><V17/><F17/><W134/><G54/><T22/><D22/><U111/><E72/><V73/><F73/><W104/><G55/><T70/><D70/><N who="1" m="42319" /><E75/><V133/><F133/><W110/><G134/><RYUUKYOKU ba="1,2" sc="162,15,377,-15,191,15,250,-15" hai0="24,25,27,43,47,48,62,69,89,91,99,101,106" hai2="4,9,13,14,19,20,29,30,53,59,63,64,68" /><INIT seed="2,2,2,0,2,11" ten="177,362,206,235" oya="2" hai0="56,57,106,40,73,48,127,23,38,27,74,3,0" hai1="134,80,88,115,92,95,49,2,18,19,84,110,65" hai2="78,111,102,97,131,125,120,28,34,35,129,22,87" hai3="86,98,16,32,53,79,77,52,14,103,58,1,100"/><V62/><F120/><W85/><G32/><T17/><D106/><U89/><E2/><V104/><F125/><W76/><G1/><T108/><D0/><U7/><E115/><V20/><F111/><W29/><G29/><T71/><D3/><U119/><E119/><V5/><F5/><W69/><G69/><T12/><D108/><U99/><E134/><V91/><F78/><W45/><G45/><T101/><D127/><U118/><E118/><V39/><F39/><W51/><G53/><T135/><D71/><U8/><E65/><V24/><F35/><W54/><G54/><T82/><D101/><N who="3" m="38985" /><G98/><T123/><D123/><U75/><E49/><V43/><F43/><W132/><G132/><T41/><D135/><U10/><E75/><V90/><F62/><W81/><G86/><T25/><D38/><U6/><E99/><V30/><F87/><W36/><G36/><T33/><D33/><U47/><E84/><V117/><F117/><W83/><G83/><T4/><D74/><U130/><E110/><V96/><F96/><W59/><G59/><N who="0" m="22603" /><D41/><U9/><E47/><V93/><F104/><W113/><G113/><T61/><D61/><U121/><E121/><V64/><F64/><W122/><G122/><T46/><D73/><U107/><E107/><V114/><F114/><W124/><G124/><T116/><D116/><U94/><E80/><V109/><F109/><W112/><G112/><T68/><D82/><U126/><E126/><V50/><F50/><W15/><G15/><N who="0" m="9663" /><D68/><U55/><E6/><V66/><F34/><W31/><G31/><T67/><D67/><RYUUKYOKU ba="2,2" sc="177,15,362,-15,206,-15,235,15" hai0="4,12,25,27,40,46,48" hai3="14,16,51,52,58,76,77,79,81,85" /><INIT seed="3,3,2,4,1,43" ten="192,347,191,250" oya="3" hai0="2,117,90,12,105,106,82,115,92,42,19,108,35" hai1="56,71,126,94,93,91,21,73,66,38,7,121,30" hai2="63,81,62,111,68,120,39,75,131,6,36,18,109" hai3="96,32,51,99,53,133,28,65,40,114,83,34,41"/><W135/><G65/><T113/><D117/><U116/><E71/><V100/><F6/><W119/><G119/><T86/><D2/><U122/><E73/><V104/><F131/><W16/><G114/><N who="0" m="43531" /><D108/><N who="2" m="41546" /><F120/><W70/><G70/><T110/><D110/><U25/><E126/><V1/><F1/><W50/><G83/><T22/><D35/><U97/><E38/><N who="2" m="14379" /><F68/><W11/><G28/><T26/><D42/><U47/><E7/><V89/><F18/><W10/><G53/><T52/><D52/><U69/><E66/><V61/><F89/><W103/><G103/><T112/><N who="0" m="43539" /><T58/><DORA hai="59" /><D58/><U57/><E57/><V55/><F55/><W23/><G16/><N who="0" m="12615" /><D82/><U0/><E56/><V13/><F13/><W129/><G129/><T60/><D60/><U134/><E116/><V95/><F104/><W49/><G49/><T29/><D29/><U31/><E31/><V15/><F15/><W20/><AGARI ba="3,2" hai="10,11,20,23,32,34,40,41,50,51,96,99,133,135" machi="20" ten="25,4800,0" yaku="0,1,22,2" doraHai="43,59" who="3" fromWho="3" sc="192,-19,347,-19,191,-19,250,77" /><INIT seed="3,4,0,4,3,6" ten="173,328,172,327" oya="3" hai0="10,111,46,45,11,96,33,99,81,109,16,80,124" hai1="134,90,100,61,56,120,58,65,127,110,36,12,57" hai2="118,131,128,13,114,84,69,27,133,32,50,48,25" hai3="117,79,41,63,70,82,95,112,39,135,7,55,64"/><W47/><G117/><T31/><D33/><U3/><E3/><V51/><F114/><W19/><G112/><T92/><D31/><U102/><E36/><V107/><F118/><W93/><G135/><T67/><D67/><U52/><E120/><V8/><F133/><W85/><G7/><T119/><D119/><U132/><E132/><V54/><F107/><W101/><G101/><N who="1" m="39018" /><E134/><V108/><F108/><W23/><G55/><T103/><D103/><U89/><E110/><V113/><F113/><W28/><G28/><T116/><D116/><U130/><E130/><N who="2" m="49707" /><F69/><W83/><G83/><T2/><D92/><U87/><E127/><V76/><F32/><W22/><G22/><T26/><D26/><AGARI ba="4,0" hai="19,23,26,39,41,47,63,64,70,79,82,85,93,95" machi="26" ten="30,1500,0" yaku="7,1" doraHai="6" who="3" fromWho="0" sc="173,-27,328,0,172,0,327,27" owari="146,-35.4,328,12.8,172,-22.8,354,45.4" /></mjloggm>