<mjloggm ver="2.3"><GO type="225" lobby="0"/><UN n0="%33%74%72%65%65" n1="%E3%81%A1%E3%82%85%E3%81%86%E3%81%A9%E3%81%8F%E8%B1%A1%E3%81%95%E3%82%93" n2="%E3%81%A9%E3%82%8F%E3%82%93%E3%81%94" n3="%43%68%65" dan="17,17,16,16" rate="2153.55,2197.15,2185.37,2139.38" sx="F,M,M,M"/><TAIKYOKU oya="0"/><INIT seed="0,0,0,5,0,132" ten="250,250,250,250" oya="0" hai0="82,56,127,68,81,26,4,79,73,40,2,34,131" hai1="57,77,135,121,67,98,74,63,44,59,10,21,69" hai2="70,19,117,118,86,58,3,30,92,18,46,11,50" hai3="64,12,61,71,60,130,9,16,75,15,49,104,28"/><T103/><D68/><U122/><E135/><V42/><F70/><W101/><G75/><T1/><D131/><U48/><E10/><V123/><F123/><W133/><G130/><T112/><D112/><U35/><E35/><V20/><F30/><W47/><G133/><T93/><D40/><U36/><E21/><V14/><F58/><W114/><G61/><T111/><D111/><U33/><E33/><V6/><F92/><W106/><G114/><T95/><D81/><U134/><E134/><V91/><F86/><W45/><G28/><T7/><D93/><U0/><E0/><V113/><F113/><W105/><G101/><T80/><D80/><U94/><E36/><V66/><F91/><W115/><G115/><T100/><D100/><U116/><E116/><N who="2" m="44651" /><F19/><W32/><G32/><T38/><D95/><U110/><E110/><V25/><F66/><W85/><G85/><T23/><D56/><U54/><E77/><V41/><F41/><W83/><G83/><T99/><D38/><U124/><E74/><V43/><F43/><W129/><G129/><T109/><D109/><U13/><E13/><AGARI ba="0,0" hai="3,6,11,13,14,18,20,25,42,46,50" m="44651" machi="13" ten="30,1000,0" yaku="12,1" doraHai="132" who="2" fromWho="1" sc="250,0,250,-10,250,10,250,0" /><INIT seed="1,0,0,5,3,22" ten="250,240,260,250" oya="1" hai0="17,112,80,33,113,37,109,101,42,27,96,54,25" hai1="63,114,123,98,124,90,23,51,107,103,125,56,69" hai2="83,50,41,93,87,72,39,47,58,53,40,99,0" hai3="134,89,52,57,131,132,5,61,9,62,122,115,118"/><U36/><E114/><V31/><F0/><W43/><G115/><T129/><D109/><U104/><E123/><V91/><F72/><W79/><G122/><T81/><D129/><U60/><E36/><V66/><F66/><W117/><G131/><T130/><D130/><U95/><E23/><V82/><F82/><W75/><G43/><T70/><D70/><U77/><E77/><V68/><F68/><W29/><G89/><T128/><D128/><U67/><E51/><V21/><F39/><W16/><G29/><T1/><D1/><U3/><E3/><V30/><F21/><W10/><G5/><T106/><D17/><U14/><E14/><V32/><F32/><W2/><G62/><T116/><D116/><N who="3" m="44649" /><G2/><T85/><D33/><U100/><E100/><V88/><REACH who="2" step="1"/><F41/><REACH who="2" ten="250,240,250,250" step="2"/><W19/><G75/><T20/><D113/><U28/><E28/><V4/><F4/><W74/><G74/><T38/><D112/><U55/><REACH who="1" step="1"/><E103/><REACH who="1" ten="250,230,250,250" step="2"/><V34/><F34/><W64/><G10/><T44/><D38/><U6/><E6/><V59/><F59/><W135/><G9/><T35/><D35/><U11/><E11/><V12/><F12/><W13/><G13/><T8/><D8/><U18/><E18/><N who="3" m="6698" /><G79/><T78/><D20/><U45/><E45/><V86/><F86/><W92/><G92/><T48/><REACH who="0" step="1"/><D81/><REACH who="0" ten="240,230,250,250" step="2"/><U105/><AGARI ba="0,3" hai="55,56,60,63,67,69,90,95,98,104,105,107,124,125" machi="105" ten="40,3900,0" yaku="1,1,0,1,53,0" doraHai="22" doraHaiUra="121" who="1" fromWho="1" sc="240,-13,230,69,250,-13,250,-13" /><INIT seed="1,1,0,4,1,20" ten="227,299,237,237" oya="1" hai0="75,115,132,59,34,100,127,10,21,7,48,84,55" hai1="62,2,61,22,121,69,9,49,39,80,120,43,117" hai2="77,72,64,23,70,83,29,103,27,88,11,38,109" hai3="79,54,24,124,108,26,1,19,122,13,52,16,71"/><U17/><E117/><V6/><F38/><W78/><G122/><T92/><D34/><U82/><E39/><V28/><F103/><W106/><G1/><T91/><D115/><U44/><E80/><V134/><F109/><W118/><G71/><T63/><D132/><U110/><E110/><V47/><F134/><W102/><G108/><T3/><D127/><U30/><E82/><V4/><F47/><W133/><G133/><T128/><D128/><U101/><E101/><V41/><F41/><W111/><G111/><T53/><D100/><U107/><E107/><V51/><F51/><W113/><G113/><T130/><D130/><U68/><E30/><V96/><F29/><W18/><G124/><T104/><D104/><U36/><E49/><V42/><F42/><W40/><G40/><T116/><D116/><U67/><E9/><V50/><F50/><W66/><G66/><T129/><D129/><U5/><E5/><V45/><F45/><W87/><G118/><T32/><D32/><U98/><E98/><V35/><F35/><W119/><G119/><T8/><D8/><U90/><E90/><V114/><F114/><W33/><G33/><T14/><D75/><U15/><REACH who="1" step="1"/><E2/><REACH who="1" ten="227,289,237,237" step="2"/><V60/><REACH who="2" step="1"/><F11/><REACH who="2" ten="227,289,227,237" step="2"/><W112/><G112/><T123/><D48/><U56/><E56/><V126/><F126/><W46/><G102/><T131/><D131/><U97/><E97/><V73/><F73/><W81/><G106/><T125/><D125/><U99/><E99/><V0/><F0/><W93/><G46/><T94/><D3/><U31/><E31/><V135/><F135/><RYUUKYOKU ba="1,2" sc="227,-15,289,15,227,15,237,-15" hai1="15,17,22,36,43,44,61,62,67,68,69,120,121" hai2="4,6,23,27,28,60,64,70,72,77,83,88,96" /><INIT seed="1,2,2,2,3,2" ten="212,304,242,222" oya="1" hai0="73,113,70,111,6,126,16,10,22,109,108,90,110" hai1="36,61,60,134,97,66,88,132,32,20,5,3,71" hai2="89,29,76,101,125,117,121,80,53,18,123,34,131" hai3="122,44,75,94,54,65,35,49,46,106,67,12,21"/><U79/><E32/><V38/><F117/><W1/><G1/><N who="0" m="335" /><D113/><U13/><E36/><V104/><F18/><W43/><G106/><T45/><N who="0" m="27648" /><DORA hai="118" /><T112/><D112/><U37/><E37/><V99/><F53/><W39/><G75/><T105/><D126/><U115/><E115/><V69/><F69/><W50/><G35/><T17/><D105/><U47/><E79/><V8/><F38/><W92/><G39/><T93/><D73/><U84/><E97/><V28/><F125/><W128/><G128/><T59/><D70/><U52/><E3/><V33/><F89/><W25/><G12/><T107/><D107/><U27/><E61/><V72/><F131/><W23/><G122/><T14/><D17/><U83/><E13/><V74/><F74/><W64/><G23/><T4/><D45/><U11/><E11/><V119/><F119/><W85/><REACH who="3" step="1"/><G85/><REACH who="3" ten="212,304,242,212" step="2"/><N who="0" m="52431" /><D4/><U91/><E5/><V15/><F34/><W82/><G82/><T135/><D135/><U62/><E134/><V103/><F33/><W51/><G51/><T81/><D81/><U42/><E132/><V100/><F123/><W96/><G96/><T116/><D116/><U120/><E120/><V124/><F121/><W30/><AGARI ba="2,3" hai="21,25,30,43,44,46,49,50,54,64,65,67,92,94" machi="30" ten="30,4000,0" yaku="1,1,0,1,8,1,53,0" doraHai="2,118" doraHaiUra="0,7" who="3" fromWho="3" sc="212,-12,304,-22,242,-12,212,76" /><INIT seed="2,0,0,1,3,6" ten="200,282,230,288" oya="2" hai0="55,16,25,106,109,135,85,68,82,115,133,35,4" hai1="79,30,94,127,96,84,123,59,119,77,132,32,124" hai2="65,90,29,108,3,61,118,42,49,105,36,13,67" hai3="15,50,5,48,88,80,76,21,26,107,116,66,60"/><V101/><F118/><W120/><G120/><T71/><D115/><U100/><E119/><V41/><F3/><W78/><G107/><T44/><D106/><N who="1" m="63751" /><E30/><V34/><F36/><W111/><G111/><T10/><D109/><U83/><E32/><V103/><F108/><W122/><G122/><T74/><D74/><U92/><E59/><V110/><F110/><W95/><G116/><T58/><D44/><U69/><E69/><V129/><F129/><W45/><G15/><N who="0" m="7287" /><D4/><U128/><E123/><V19/><F29/><W93/><G93/><N who="1" m="35946" /><E128/><V62/><F34/><W46/><G5/><T75/><D75/><N who="1" m="43455" /><E132/><N who="0" m="50761" /><D25/><U52/><E52/><V131/><F131/><W12/><G46/><T37/><D35/><U28/><E28/><V104/><F13/><W102/><G12/><T89/><D37/><U38/><E38/><V126/><F19/><W47/><G47/><T31/><D31/><U11/><E11/><V112/><F112/><W1/><G1/><T125/><D125/><U40/><E40/><V51/><F126/><W98/><G45/><T97/><D97/><U99/><E99/><V113/><F113/><W8/><G26/><T130/><D130/><U70/><E70/><V33/><F33/><W86/><G21/><T81/><D81/><AGARI ba="0,0" hai="79,81,84,124,127" m="43455,35946,63751" machi="81" ten="30,2000,0" yaku="34,2" doraHai="6" who="1" fromWho="0" sc="200,-20,282,20,230,0,288,0" /><INIT seed="3,0,0,2,4,26" ten="180,302,230,288" oya="3" hai0="4,57,110,17,24,116,126,40,76,113,97,67,31" hai1="68,119,69,32,87,30,121,122,128,13,115,133,84" hai2="102,45,49,99,0,60,78,8,19,56,64,125,21" hai3="38,96,48,124,28,111,47,93,16,11,25,88,58"/><W74/><G74/><T86/><D116/><U72/><E115/><V108/><F108/><W3/><G111/><T71/><D110/><U73/><E119/><V27/><F125/><W123/><G123/><T131/><D126/><U118/><E118/><V59/><F78/><W14/><G124/><T120/><D120/><U15/><E32/><V106/><F0/><W112/><G3/><T1/><D113/><U104/><E104/><V98/><F8/><W35/><G112/><T66/><D71/><U37/><E37/><V77/><F77/><W89/><G58/><T129/><D17/><U10/><E10/><V95/><F56/><W43/><G38/><T82/><D40/><U85/><E85/><V50/><F45/><W91/><AGARI ba="0,0" hai="11,14,16,25,28,35,43,47,48,88,89,91,93,96" machi="91" ten="20,12000,1" yaku="0,1,7,1,52,1,54,2" doraHai="26" who="3" fromWho="3" sc="180,-40,302,-40,230,-40,288,120" owari="140,-36.0,262,6.2,190,-21.0,408,50.8" /></mjloggm>