<mjloggm ver="2.3"><GO type="225" lobby="0"/><UN n0="%E3%83%9F%E3%83%AA%E3%83%80%E3%81%97%E3%82%88" n1="%E8%A8%88%E7%AE%97%E6%A9%9F%E8%87%AA%E7%84%B6" n2="%48%61%61%61%6C%61%6E%64" n3="%E3%83%AD%E3%83%83%E3%83%86%E9%9B%80%E7%90%83" dan="16,17,17,17" rate="2067.08,2194.93,2246.35,2167.15" sx="M,M,M,M"/><TAIKYOKU oya="0"/><INIT seed="0,0,0,5,1,49" ten="250,250,250,250" oya="0" hai0="75,121,88,24,58,64,7,27,135,78,10,115,105" hai1="125,97,44,77,120,131,80,21,1,82,110,38,74" hai2="18,31,34,86,106,60,11,12,117,19,16,55,6" hai3="126,15,113,87,4,37,46,92,51,36,95,90,81"/><T8/><D121/><U50/><E120/><V2/><F106/><W101/><G113/><T96/><D115/><U13/><E1/><V69/><F117/><W122/><G126/><T111/><D135/><U71/><E71/><V14/><F86/><W57/><G122/><T62/><D111/><U56/><E125/><V79/><F79/><W108/><G108/><T112/><D112/><U40/><E110/><V23/><F12/><W124/><G57/><T132/><D132/><U128/><E82/><V17/><F69/><W9/><G124/><T107/><D10/><U89/><E89/><V123/><F123/><W85/><G95/><T103/><D107/><U52/><REACH who="1" step="1"/><E97/><REACH who="1" ten="250,240,250,250" step="2"/><V70/><F70/><W43/><REACH who="3" step="1"/><G101/><REACH who="3" ten="250,240,250,240" step="2"/><T67/><D103/><U109/><E109/><V61/><F55/><W104/><G104/><T134/><D105/><U41/><E41/><V22/><F22/><W83/><G83/><T116/><D134/><U100/><E100/><V32/><F32/><W59/><G59/><T42/><D58/><U93/><E93/><V102/><F102/><W130/><G130/><T47/><D116/><U129/><E129/><V73/><F23/><W114/><G114/><T65/><D96/><U133/><E133/><V91/><F34/><W118/><G118/><T66/><D8/><U39/><E39/><V54/><F11/><W99/><G99/><T72/><D78/><AGARI ba="0,2" hai="4,9,15,36,37,43,46,51,78,81,85,87,90,92" machi="78" ten="30,7700,0" yaku="1,1,7,1,25,2,53,0" doraHai="49" doraHaiUra="20" who="3" fromWho="0" sc="250,-77,240,0,250,0,240,97" /><INIT seed="1,0,0,0,2,33" ten="173,240,250,337" oya="1" hai0="111,87,21,113,4,120,35,116,82,128,123,30,96" hai1="12,24,109,34,83,2,39,64,108,122,61,49,132" hai2="56,88,9,67,11,102,125,77,22,91,28,104,105" hai3="54,5,18,69,81,133,98,110,40,23,134,60,93"/><U106/><E122/><V103/><F77/><W38/><G110/><N who="1" m="42602" /><E39/><V15/><F125/><W117/><G117/><T45/><D116/><U55/><E106/><V27/><F104/><W1/><G81/><T51/><D111/><U101/><E101/><N who="2" m="38411" /><F105/><W66/><G54/><T99/><D113/><U86/><E132/><V94/><F15/><W114/><G114/><T119/><D119/><U46/><E12/><V85/><F91/><W29/><G29/><T52/><D128/><U63/><E24/><V25/><F25/><W32/><G40/><T78/><D35/><U13/><E13/><V112/><F112/><W47/><G32/><T48/><D4/><U73/><E73/><V44/><F44/><W75/><G47/><T43/><D21/><U41/><E34/><V53/><F67/><W74/><G38/><T84/><D84/><U6/><E41/><V92/><F92/><W50/><G75/><T118/><D30/><U79/><E64/><V131/><F131/><W62/><G74/><T42/><D42/><U71/><E71/><V89/><F89/><N who="3" m="55599" /><G66/><T58/><REACH who="0" step="1"/><D118/><REACH who="0" ten="163,240,250,337" step="2"/><U20/><E20/><V16/><F28/><W127/><G23/><T129/><D129/><U17/><E17/><V72/><F72/><W130/><G18/><T124/><D124/><U115/><E115/><V10/><F10/><AGARI ba="0,1" hai="2,6,10,46,49,55,61,63,79,83,86" m="42602" machi="10" ten="30,5800,0" yaku="14,1,10,1,52,1" doraHai="33" who="1" fromWho="2" sc="163,0,240,68,250,-58,337,0" /><INIT seed="1,1,0,3,0,124" ten="163,308,192,337" oya="1" hai0="108,16,54,134,59,35,67,20,78,37,88,125,2" hai1="128,132,57,14,86,76,6,117,112,122,49,23,18" hai2="24,118,115,129,46,98,22,92,81,25,97,107,65" hai3="74,51,53,64,96,121,50,110,106,62,45,17,3"/><U133/><E112/><V55/><F118/><W70/><G110/><T100/><D35/><U90/><E117/><V38/><F115/><W8/><G121/><T103/><D125/><U85/><E122/><V123/><F123/><W41/><G74/><T42/><D108/><U116/><E116/><V40/><F65/><W91/><G17/><T84/><D78/><U34/><E34/><V28/><F55/><W26/><G26/><T83/><D2/><U66/><E6/><V61/><F61/><W39/><G51/><T120/><D120/><U29/><E29/><V52/><F52/><W63/><G63/><T13/><D134/><N who="1" m="51819" /><E76/><V131/><F81/><W114/><G114/><T111/><D111/><U47/><E90/><V101/><REACH who="2" step="1"/><F24/><REACH who="2" ten="163,308,182,337" step="2"/><W56/><G53/><T104/><D67/><U12/><E66/><V43/><F43/><W135/><G41/><T11/><D104/><U32/><E57/><V10/><F10/><W73/><G8/><T4/><D42/><U79/><E47/><V126/><F126/><W82/><G45/><T33/><D37/><U94/><E49/><V109/><F109/><W77/><G50/><T19/><D33/><U75/><E32/><V27/><F27/><W105/><G39/><T95/><D83/><U102/><E23/><V89/><AGARI ba="1,1" hai="22,25,28,38,40,46,89,92,97,98,101,107,129,131" machi="89" ten="30,8000,1" yaku="1,1,0,1,52,2,53,1" doraHai="124" doraHaiUra="99" who="2" fromWho="2" sc="163,-21,308,-41,182,93,337,-21" /><INIT seed="2,0,0,1,5,68" ten="142,267,275,316" oya="2" hai0="124,123,103,4,29,88,100,27,106,11,95,72,58" hai1="99,119,90,64,46,116,52,56,107,77,10,30,33" hai2="73,83,54,108,1,23,113,63,120,37,89,19,105" hai3="25,109,14,24,98,131,17,18,13,134,9,96,45"/><V21/><F113/><W101/><G109/><T126/><D123/><U31/><E77/><V76/><F120/><W135/><G131/><T129/><D129/><U49/><E10/><V130/><F130/><W57/><G57/><T91/><D72/><U114/><E114/><V41/><F1/><W55/><G55/><T48/><D106/><U71/><E56/><V70/><F105/><W84/><G84/><T79/><D79/><U115/><E115/><V81/><F108/><W8/><G45/><T111/><D111/><U6/><E6/><V50/><F83/><W74/><REACH who="3" step="1"/><G101/><REACH who="3" ten="142,267,275,306" step="2"/><T44/><D58/><U112/><E112/><V22/><F54/><W117/><G117/><T93/><D126/><U7/><E52/><V85/><F85/><W127/><G127/><T132/><D124/><U12/><E46/><V5/><F70/><W66/><G66/><T78/><D132/><U97/><E64/><V61/><F73/><AGARI ba="0,1" hai="8,9,13,14,17,18,24,25,73,74,96,98,134,135" machi="73" ten="25,3200,0" yaku="1,1,22,2,53,0" doraHai="68" doraHaiUra="40" who="3" fromWho="2" sc="142,0,267,0,275,-32,306,42" /><INIT seed="3,0,0,5,2,85" ten="142,267,243,348" oya="3" hai0="79,47,105,32,96,125,123,76,107,28,116,49,101" hai1="33,38,0,48,5,89,62,100,15,61,70,14,29" hai2="40,30,24,91,87,7,82,36,88,131,9,1,95" hai3="13,41,50,65,12,20,77,83,130,52,99,21,97"/><W16/><G41/><T114/><D123/><U11/><E38/><V86/><F131/><W57/><G130/><T92/><D28/><U134/><E134/><V25/><REACH who="2" step="1"/><F30/><REACH who="2" ten="142,267,233,348" step="2"/><W118/><G118/><T72/><D32/><U19/><E100/><V68/><F68/><W4/><G65/><T121/><D121/><U22/><E70/><V102/><F102/><W75/><G4/><T8/><D8/><U58/><E14/><V63/><F63/><W93/><G12/><T71/><D71/><U66/><E61/><V3/><F3/><W115/><G13/><T74/><D49/><U128/><E128/><V2/><F2/><W43/><G50/><T135/><D47/><AGARI ba="0,1" hai="1,7,9,24,25,36,40,47,82,86,87,88,91,95" machi="47" ten="40,12000,2" yaku="1,1,52,2,54,1,53,2" doraHai="85" doraHaiUra="23" who="2" fromWho="0" sc="142,-120,267,0,233,130,348,0" owari="22,-47.8,267,-13.3,363,46.3,348,14.8" /></mjloggm>