<mjloggm ver="2.3"><GO type="225" lobby="0"/><UN n0="%E3%81%A1%E3%82%85%E3%81%86%E3%81%A9%E3%81%8F%E8%B1%A1%E3%81%95%E3%82%93" n1="%E7%9C%9F%E4%B8%80" n2="%6D%75%75%6D%75%72%61" n3="%E3%81%9F%E3%81%93%E2%98%86%E7%84%BC%E3%81%8D" dan="17,16,16,16" rate="2203.12,2154.80,2172.30,2113.41" sx="M,M,F,M"/><TAIKYOKU oya="0"/><INIT seed="0,0,0,3,1,123" ten="250,250,250,250" oya="0" hai0="6,117,59,50,22,85,67,9,108,34,60,120,80" hai1="61,13,14,4,122,101,57,69,100,11,65,63,95" hai2="106,10,92,125,107,51,19,126,109,18,88,12,71" hai3="84,79,0,17,21,54,75,33,62,116,97,115,76"/><T99/><D117/><U36/><E122/><V45/><F71/><W82/><G33/><T83/><D120/><U127/><E127/><N who="2" m="48651" /><F19/><W55/><G115/><T105/><D34/><U5/><E36/><V78/><F78/><W131/><G0/><T2/><D22/><U26/><E26/><V111/><F106/><W133/><G133/><T52/><D105/><U110/><E110/><V43/><F107/><W24/><G131/><T23/><D99/><AGARI ba="0,0" hai="10,12,18,43,45,51,88,92,99,109,111" m="48651" machi="99" ten="30,7700,0" yaku="18,1,52,2,54,1" doraHai="123" who="2" fromWho="0" sc="250,-77,250,0,250,77,250,0" /><INIT seed="1,0,0,5,1,40" ten="173,250,327,250" oya="1" hai0="14,74,71,130,27,79,134,125,67,87,46,61,115" hai1="24,110,76,85,103,80,126,23,108,3,60,92,98" hai2="65,55,56,116,20,2,48,10,133,121,118,102,7" hai3="39,51,128,97,0,37,100,1,84,25,83,81,33"/><U96/><E3/><V105/><F121/><W26/><G51/><T21/><D115/><U88/><E60/><V75/><F133/><W13/><G100/><T34/><D134/><U62/><E62/><V8/><F75/><W132/><G33/><T22/><D74/><N who="1" m="43031" /><E23/><V86/><F65/><W119/><G84/><T64/><D130/><U32/><E24/><V123/><F123/><W120/><G97/><T95/><D67/><U127/><E32/><V54/><F20/><W42/><G42/><T12/><D125/><N who="1" m="47627" /><E98/><V36/><F10/><W58/><G120/><T57/><D34/><U70/><E70/><V129/><F8/><W117/><G128/><T107/><D71/><U15/><E15/><V122/><F2/><W114/><G13/><T4/><D12/><U68/><E68/><V113/><F122/><W77/><G77/><T66/><D66/><U53/><E53/><V31/><F129/><W45/><G132/><T47/><D79/><U43/><E43/><V30/><F55/><W82/><G0/><T35/><D35/><U104/><AGARI ba="0,0" hai="85,88,92,96,103,104,108,110" m="47627,43031" machi="104" ten="30,12000,1" yaku="24,1,18,1,34,2,54,1" doraHai="40" who="1" fromWho="1" sc="173,-40,250,120,327,-40,250,-40" /><INIT seed="1,1,0,0,5,42" ten="133,370,287,210" oya="1" hai0="44,8,29,79,135,127,58,110,108,94,41,128,16" hai1="72,39,62,115,57,40,15,4,55,9,67,27,38" hai2="5,83,60,64,56,116,74,12,81,105,47,31,37" hai3="134,121,26,112,6,53,68,45,10,54,125,0,109"/><U123/><E123/><V129/><F116/><W89/><G112/><T22/><D79/><U24/><E115/><V113/><F113/><W133/><G68/><T35/><D135/><N who="3" m="51721" /><G121/><T7/><D128/><U100/><E72/><V92/><F105/><W102/><G102/><T32/><D127/><U28/><E100/><V87/><F129/><W2/><G109/><N who="0" m="42091" /><D58/><U82/><E27/><V11/><F31/><W97/><G26/><N who="0" m="14663" /><D94/><U84/><E40/><V103/><F74/><W61/><G61/><T20/><D20/><U33/><REACH who="1" step="1"/><E67/><REACH who="1" ten="133,360,287,210" step="2"/><V122/><F64/><W52/><G125/><T25/><D25/><U30/><E30/><V117/><F122/><W85/><G97/><T98/><D98/><U75/><E75/><V59/><F103/><W93/><G0/><N who="0" m="103" /><D29/><U19/><E19/><V46/><F87/><W18/><G18/><T131/><D131/><U78/><AGARI ba="1,1" hai="4,9,15,24,28,33,38,39,55,57,62,78,82,84" machi="78" ten="20,3900,0" yaku="1,1,0,1,7,1,53,0" doraHai="42" doraHaiUra="66" who="1" fromWho="1" sc="133,-14,360,52,287,-14,210,-14" /><INIT seed="1,2,0,4,3,29" ten="119,412,273,196" oya="1" hai0="93,8,53,114,58,91,13,66,9,117,80,46,126" hai1="25,65,105,94,7,60,125,86,36,102,30,24,110" hai2="33,89,88,62,45,20,47,106,17,112,96,22,98" hai3="0,4,111,78,115,19,57,5,124,73,121,81,38"/><U103/><E36/><V55/><F33/><W134/><G115/><T39/><D114/><U130/><E130/><V100/><F112/><W119/><G111/><T74/><D117/><U43/><E43/><V63/><F106/><W40/><G121/><T107/><D107/><U92/><E125/><V51/><F17/><W11/><G4/><T35/><D126/><U77/><E7/><V27/><F27/><W131/><G19/><T18/><D66/><U10/><E10/><V75/><F75/><W76/><G76/><T44/><D8/><U59/><E24/><V82/><F51/><W41/><G41/><T16/><D18/><U85/><E110/><V132/><F132/><W34/><G57/><T99/><D39/><U127/><E127/><V54/><F82/><W90/><G90/><T42/><D42/><U23/><E105/><V37/><F37/><W104/><G134/><T21/><D35/><U12/><E12/><V120/><F120/><W3/><G119/><T133/><D133/><U56/><E59/><V50/><F50/><W70/><G0/><T72/><D9/><U116/><E116/><V69/><F69/><W87/><G70/><T14/><D14/><U79/><E77/><V122/><F122/><W67/><G34/><T6/><D6/><U129/><E129/><V1/><F1/><W71/><G131/><T2/><D2/><U83/><E85/><V31/><F31/><W108/><G124/><T26/><D13/><U28/><E30/><V109/><F109/><W123/><G108/><T52/><D80/><U68/><E68/><V32/><F32/><RYUUKYOKU ba="2,0" sc="119,-15,412,15,273,15,196,-15" hai1="23,25,28,56,60,65,79,83,86,92,94,102,103" hai2="20,22,45,47,54,55,62,63,88,89,96,98,100" /><INIT seed="1,3,0,3,0,97" ten="104,427,288,181" oya="1" hai0="133,37,39,56,35,116,45,123,26,70,117,84,87" hai1="16,82,48,93,53,32,90,6,17,9,100,80,112" hai2="106,130,108,50,110,51,67,74,52,101,75,76,58" hai3="71,63,128,94,40,79,62,49,65,57,121,7,46"/><U0/><E112/><V5/><F130/><W96/><G7/><T33/><D70/><U66/><E32/><V18/><F67/><W68/><G128/><T103/><D56/><U83/><E66/><V22/><F5/><W86/><G121/><T114/><D114/><U129/><E129/><V34/><F34/><W28/><G28/><T60/><D60/><U20/><E100/><V44/><F101/><W92/><G63/><T72/><D72/><U4/><E4/><V21/><F106/><W27/><G27/><T73/><D26/><U59/><REACH who="1" step="1"/><E20/><REACH who="1" ten="104,417,288,181" step="2"/><V115/><F22/><W126/><G71/><T41/><D103/><U89/><E89/><V54/><F115/><W29/><G68/><T131/><D131/><U78/><E78/><V109/><F76/><W98/><G79/><T111/><D123/><U88/><E88/><V3/><F3/><W122/><G65/><T24/><D33/><U107/><E107/><V119/><F119/><W77/><G77/><T42/><D35/><U38/><E38/><V8/><F8/><W61/><G122/><T113/><D113/><U104/><E104/><V36/><F36/><W30/><G126/><T10/><D37/><U95/><E95/><V85/><F85/><AGARI ba="3,1" hai="0,6,9,16,17,48,53,59,80,82,83,85,90,93" machi="85" ten="40,12000,1" yaku="1,1,54,1,53,2" doraHai="97" doraHaiUra="14" who="1" fromWho="2" sc="104,0,417,139,288,-129,181,0" /><INIT seed="1,4,0,0,2,133" ten="104,556,159,181" oya="1" hai0="61,91,89,88,62,39,71,104,73,46,57,44,4" hai1="58,52,30,95,13,116,122,98,16,63,33,40,100" hai2="127,35,99,29,90,97,94,20,102,93,14,123,85" hai3="34,31,65,103,5,77,75,76,25,129,68,74,36"/><U3/><E116/><V110/><F123/><W22/><G103/><T67/><D104/><U54/><E122/><V80/><F110/><W17/><G129/><T28/><D73/><U119/><E3/><V9/><F127/><W70/><G36/><T27/><D4/><U26/><E119/><V78/><F35/><W126/><G126/><T53/><REACH who="0" step="1"/><D39/><REACH who="0" ten="94,556,159,181" step="2"/><U11/><E40/><V112/><F112/><W48/><G5/><T12/><D12/><U18/><E18/><N who="2" m="10327" /><F29/><W109/><G75/><T72/><D72/><U23/><E33/><AGARI ba="4,1" hai="27,28,33,44,46,53,57,61,62,67,71,88,89,91" machi="33" ten="40,2600,0" yaku="1,1,54,1,53,0" doraHai="133" doraHaiUra="96" who="0" fromWho="1" sc="94,48,556,-38,159,0,181,0" /><INIT seed="2,0,0,3,2,107" ten="142,518,159,181" oya="2" hai0="78,34,6,27,2,33,84,8,9,21,120,104,29" hai1="1,58,81,63,89,119,77,23,103,16,28,59,0" hai2="95,32,96,55,14,121,125,5,123,50,66,132,124" hai3="85,74,109,56,64,106,71,112,82,129,90,40,37"/><V25/><F66/><W75/><G106/><T91/><D104/><U41/><E119/><V15/><F132/><W94/><G71/><T101/><D120/><U11/><E103/><V35/><F35/><W70/><G70/><T3/><D101/><U49/><E89/><V126/><F32/><W79/><G109/><T65/><D78/><U116/><E28/><V98/><F25/><W72/><G129/><T51/><D65/><U7/><E116/><V122/><F5/><W30/><G30/><T45/><D8/><U4/><E7/><V47/><REACH who="2" step="1"/><F95/><REACH who="2" ten="142,518,149,181" step="2"/><W62/><G112/><T117/><D117/><U133/><E133/><V115/><F115/><W48/><G37/><T113/><D113/><U36/><E4/><V31/><F31/><W93/><G93/><T110/><D2/><U97/><E0/><V57/><F57/><W68/><REACH who="3" step="1"/><G56/><REACH who="3" ten="142,518,149,171" step="2"/><T18/><D29/><U80/><E58/><V10/><F10/><W99/><G99/><AGARI ba="0,2" hai="14,15,47,50,55,96,98,99,121,122,123,124,125,126" machi="99" ten="50,4800,0" yaku="1,1,18,1,53,0" doraHai="107" doraHaiUra="13" who="2" fromWho="3" sc="142,0,518,0,149,68,171,-48" /><INIT seed="2,1,0,3,0,1" ten="142,518,217,123" oya="2" hai0="35,70,59,39,30,55,84,112,45,117,92,125,133" hai1="63,61,9,32,17,53,10,76,131,120,79,108,66" hai2="132,34,28,130,75,102,93,16,83,122,100,27,11" hai3="4,37,73,43,50,135,2,110,25,91,29,118,87"/><V80/><F122/><W54/><G118/><T47/><D112/><U128/><E120/><V89/><F130/><N who="1" m="49705" /><E108/><V95/><F132/><W77/><G110/><T126/><D70/><U48/><E32/><V90/><F75/><W62/><G62/><N who="1" m="23562" /><E66/><V42/><F42/><W3/><G135/><T8/><D35/><U129/><E129/><V60/><F60/><W40/><G77/><N who="1" m="29770" /><E17/><V46/><F34/><W44/><G73/><T58/><D133/><U101/><E101/><V56/><F100/><W123/><G123/><T64/><D64/><U69/><E69/><V71/><F102/><W78/><G78/><T18/><D125/><U21/><E21/><V103/><F71/><W24/><G29/><T81/><D30/><U23/><E23/><V99/><F103/><W115/><G2/><T33/><D33/><U6/><E6/><V107/><F28/><W41/><G115/><T82/><D126/><U86/><E86/><V7/><F7/><W106/><G3/><T94/><D84/><U113/><E113/><V49/><F16/><W19/><G19/><T114/><D18/><U22/><E22/><V127/><F127/><W119/><G119/><T14/><D117/><U88/><E88/><V52/><F89/><W67/><G67/><T98/><D114/><U65/><E65/><V31/><F90/><W111/><G111/><T74/><D74/><U5/><E5/><V13/><F31/><W51/><G4/><T15/><D98/><U38/><E38/><V68/><F68/><W97/><G37/><T26/><D39/><U105/><E105/><V36/><F107/><RYUUKYOKU ba="1,0" sc="142,-10,518,30,217,-10,123,-10" hai1="9,10,48,53" /><INIT seed="3,2,0,2,4,17" ten="132,548,207,113" oya="3" hai0="73,22,135,23,34,134,103,2,102,14,48,100,21" hai1="25,40,38,27,50,54,28,132,70,15,83,64,75" hai2="120,115,68,60,125,12,92,41,57,91,56,51,47" hai3="104,65,26,24,29,87,119,93,16,58,96,110,0"/><W128/><G0/><T82/><D34/><U7/><E38/><V4/><F115/><W6/><G119/><T114/><D2/><U89/><E40/><V74/><F74/><W105/><G6/><T86/><D73/><U122/><E64/><V95/><F68/><W36/><G36/><T126/><D114/><U123/><E70/><V99/><F125/><W44/><G44/><T77/><D126/><U129/><E27/><V30/><F30/><W112/><G112/><T13/><D48/><U52/><E54/><V78/><F78/><W66/><G128/><T85/><D85/><U1/><E132/><AGARI ba="2,0" hai="13,14,21,22,23,77,82,86,100,102,103,132,134,135" machi="132" ten="50,8000,1" yaku="20,1,52,3" doraHai="17" who="0" fromWho="1" sc="132,86,548,-86,207,0,113,0" owari="218,1.8,462,56.2,207,-19.3,113,-38.7" /></mjloggm>