<mjloggm ver="2.3"><GO type="225" lobby="0"/><UN n0="%E6%80%AA%E3%81%97%E3%81%99%E3%81%8E%E3%82%8B%E3%83%81%E3%83%BC" n1="%E6%A1%9C%E8%8A%B1%E9%96%83%E3%80%85" n2="%E4%B8%89%E5%86%A0%E7%8E%8B%E3%83%BB%E5%B1%B1%E7%94%B0%E5%93%B2%E4%BA%BA" n3="%E3%81%A0%E3%81%8A" dan="17,18,17,16" rate="2132.12,2248.38,2218.64,2029.16" sx="M,M,M,M"/><TAIKYOKU oya="0"/><INIT seed="0,0,0,0,2,59" ten="250,250,250,250" oya="0" hai0="56,81,54,43,15,105,119,5,64,14,35,55,50" hai1="94,6,62,104,45,51,112,26,86,69,52,107,25" hai2="120,87,134,83,2,102,18,3,37,27,132,75,22" hai3="122,23,116,40,11,24,91,97,92,36,88,85,118"/><T63/><D119/><U65/><E112/><V9/><F120/><W46/><G122/><T31/><D105/><U0/><E107/><V49/><F37/><W67/><G11/><T113/><D113/><U28/><E104/><V99/><F75/><W129/><G67/><T72/><D35/><U127/><E127/><V89/><F49/><W77/><G77/><T108/><D108/><U53/><E0/><V80/><F80/><W41/><G41/><T34/><D34/><U33/><E6/><V106/><REACH who="2" step="1"/><F9/><REACH who="2" ten="250,250,240,250" step="2"/><W48/><G36/><T4/><D81/><U57/><E26/><V58/><F58/><W73/><G73/><T123/><D72/><U32/><E32/><V30/><F30/><W133/><G133/><AGARI ba="0,1" hai="2,3,18,22,27,83,87,89,99,102,106,132,133,134" machi="133" ten="40,5200,0" yaku="1,1,20,1,53,1" doraHai="59" doraHaiUra="93" who="2" fromWho="3" sc="250,0,250,0,240,62,250,-52" /><INIT seed="1,0,0,0,1,102" ten="250,250,302,198" oya="1" hai0="52,123,104,98,13,124,54,49,21,7,16,39,113" hai1="99,27,41,18,17,57,75,76,28,34,112,46,81" hai2="109,78,15,11,93,6,105,111,55,62,24,66,131" hai3="10,97,40,70,120,35,22,107,31,115,108,5,106"/><U133/><E112/><V94/><F131/><W121/><G115/><T79/><D113/><U91/><E133/><V110/><F105/><W63/><G35/><T1/><D39/><U14/><E57/><N who="2" m="37199" /><F78/><W9/><G108/><T25/><D124/><U37/><REACH who="1" step="1"/><E14/><REACH who="1" ten="250,240,302,198" step="2"/><V125/><F110/><W8/><G120/><T56/><D123/><U73/><E73/><V90/><F111/><W45/><G121/><T65/><D13/><U100/><E100/><V134/><F134/><W60/><G70/><T38/><D56/><U64/><E64/><V71/><F71/><W89/><G5/><T88/><D65/><U129/><E129/><V119/><F15/><W80/><G63/><T19/><D7/><U118/><E118/><V29/><F119/><W122/><G60/><T135/><D135/><U50/><E50/><V3/><F109/><W95/><G122/><T68/><D49/><U51/><E51/><V74/><F74/><W82/><G80/><T132/><D68/><U30/><E30/><V116/><F29/><W44/><G82/><T32/><D132/><U48/><E48/><V12/><F12/><W2/><G2/><T43/><D1/><U117/><E117/><V61/><F116/><W42/><G45/><T47/><D47/><U0/><E0/><V77/><F3/><W33/><G44/><T58/><D58/><U20/><E20/><V114/><F114/><W53/><G33/><T36/><D32/><U85/><E85/><V126/><F61/><W130/><G130/><T69/><D69/><U87/><E87/><V72/><F6/><W128/><G128/><RYUUKYOKU ba="0,1" sc="250,-10,240,30,302,-10,198,-10" hai1="17,18,27,28,34,37,41,46,75,76,81,91,99" /><INIT seed="1,1,1,2,2,109" ten="240,270,292,188" oya="1" hai0="45,58,68,50,38,135,15,82,78,93,95,104,21" hai1="90,59,20,42,10,87,46,91,9,17,88,128,8" hai2="33,65,126,114,4,102,39,115,19,14,30,11,56" hai3="133,116,99,76,80,43,0,52,47,122,112,97,106"/><U1/><E128/><V36/><F126/><W132/><G122/><T124/><D104/><U127/><E127/><V130/><F130/><W84/><G0/><T110/><D68/><U13/><E59/><V70/><F70/><W100/><G116/><T27/><D124/><U113/><E1/><V69/><F69/><W92/><G112/><N who="2" m="43049" /><F102/><W101/><REACH who="3" step="1"/><G52/><REACH who="3" ten="240,270,292,178" step="2"/><T49/><D110/><U29/><E113/><V7/><F65/><W79/><G79/><T111/><D78/><U118/><E118/><V34/><F56/><W120/><G120/><T25/><D111/><U94/><REACH who="1" step="1"/><E29/><REACH who="1" ten="240,260,292,178" step="2"/><V117/><F117/><W107/><G107/><T103/><D135/><U98/><E98/><V53/><F30/><W55/><G55/><T31/><D31/><U108/><E108/><V5/><F53/><W67/><G67/><T24/><D45/><U121/><E121/><V18/><F18/><W2/><G2/><T37/><D58/><U41/><E41/><V134/><F134/><W85/><G85/><T40/><D40/><U71/><E71/><V63/><F63/><W64/><G64/><T54/><D54/><U131/><E131/><V86/><F86/><W66/><G66/><T57/><D57/><U83/><E83/><V16/><F19/><W62/><G62/><T3/><D82/><U6/><E6/><V74/><F74/><W123/><G123/><T105/><D105/><U26/><E26/><V75/><F75/><W73/><G73/><T125/><D25/><U51/><AGARI ba="1,3" hai="8,9,10,13,17,20,42,46,51,87,88,90,91,94" machi="51" ten="30,11700,0" yaku="1,1,0,1,8,1,54,1,53,0" doraHai="109" doraHaiUra="28" who="1" fromWho="1" sc="240,-40,260,150,292,-40,178,-40" /><INIT seed="1,2,0,5,1,128" ten="200,410,252,138" oya="1" hai0="78,64,20,108,111,66,8,103,43,69,97,89,82" hai1="17,123,1,126,79,19,30,26,35,9,0,21,7" hai2="135,72,120,110,13,5,6,53,107,94,3,91,134" hai3="131,65,121,37,101,16,25,130,92,59,96,73,10"/><U77/><E123/><V44/><F120/><W88/><G37/><T84/><D69/><U2/><E79/><V55/><F107/><W85/><G73/><T117/><D117/><U86/><E86/><V27/><F110/><N who="0" m="42026" /><D43/><U11/><E77/><V49/><F72/><W23/><G121/><T60/><D60/><U61/><E61/><V22/><F13/><W83/><G65/><N who="0" m="25195" /><D20/><U24/><E126/><V74/><F74/><W87/><G59/><T18/><D78/><U98/><E98/><N who="2" m="57695" /><F53/><W40/><G40/><T48/><D48/><U90/><E90/><V51/><F3/><N who="1" m="1097" /><E11/><V58/><F51/><W50/><G50/><T75/><D75/><U80/><E80/><V28/><F58/><W122/><G122/><T95/><D8/><U56/><E56/><V102/><F102/><W133/><G133/><AGARI ba="2,0" hai="5,6,22,27,28,44,49,55,133,134,135" m="57695" machi="133" ten="30,7700,0" yaku="20,1,52,3" doraHai="128" who="2" fromWho="3" sc="200,0,410,0,252,83,138,-83" /><INIT seed="2,0,0,0,2,28" ten="200,410,335,55" oya="2" hai0="45,111,30,19,62,64,3,67,40,33,54,106,26" hai1="126,42,59,83,82,117,0,75,116,132,85,98,14" hai2="16,12,69,44,89,123,5,47,37,58,81,21,97" hai3="92,43,86,93,121,9,7,127,25,56,103,8,101"/><V27/><F69/><W66/><G121/><T135/><D106/><U113/><E0/><V1/><F123/><W41/><G127/><T76/><D3/><U133/><E113/><V107/><F37/><W57/><G25/><T105/><D105/><U91/><E126/><V34/><F107/><W68/><G68/><T104/><D104/><U73/><E42/><V79/><F58/><W48/><G86/><T35/><D111/><U102/><E14/><V120/><F120/><W77/><G77/><T122/><D122/><U32/><E32/><V2/><F2/><W131/><G131/><T49/><D135/><N who="1" m="51787" /><E59/><V115/><F115/><W99/><G48/><T130/><D130/><U20/><E20/><V36/><F36/><W112/><G112/><T70/><D67/><U96/><E102/><V10/><F89/><W13/><G13/><T119/><D119/><N who="1" m="45643" /><E83/><V74/><F97/><AGARI ba="0,0" hai="73,75,82,85,91,96,97,98" m="45643,51787" machi="97" ten="30,3900,0" yaku="20,1,34,2" doraHai="28" who="1" fromWho="2" sc="200,0,410,39,335,-39,55,0" /><INIT seed="3,0,0,5,2,106" ten="200,449,296,55" oya="3" hai0="16,115,121,97,25,19,21,113,56,91,86,114,89" hai1="69,11,109,49,17,58,85,82,15,28,102,133,129" hai2="76,130,36,78,45,46,68,74,99,77,117,93,12" hai3="67,53,104,111,126,72,124,5,112,35,132,2,1"/><W71/><G5/><T20/><D121/><U38/><E109/><V29/><F68/><W57/><G57/><T7/><D7/><U59/><E38/><V3/><F3/><W60/><G53/><T26/><D97/><U81/><E129/><V63/><F29/><W34/><G60/><T50/><D86/><U6/><E133/><V24/><F24/><W80/><G80/><T101/><D101/><U119/><E119/><V47/><F117/><W107/><G67/><T73/><D73/><U23/><E102/><V8/><F130/><W127/><G112/><T79/><D79/><U105/><E105/><V13/><F74/><W32/><G132/><T108/><D108/><U128/><E85/><V125/><F125/><W98/><G71/><T62/><REACH who="0" step="1"/><D50/><REACH who="0" ten="190,449,296,55" step="2"/><U64/><E49/><V70/><F77/><W43/><G111/><T51/><D51/><U31/><E23/><V87/><F78/><W14/><G72/><T9/><D9/><U120/><E59/><V118/><F8/><W92/><G43/><T40/><D40/><U96/><E15/><V66/><F12/><W30/><G14/><T94/><D94/><U135/><E135/><V88/><F13/><W10/><G10/><T116/><D116/><U48/><E82/><N who="2" m="47559" /><F118/><W61/><G61/><T95/><D95/><U0/><E0/><N who="3" m="106" /><G30/><T4/><D4/><U122/><E6/><V44/><N who="2" m="11264" /><DORA hai="65" /><V37/><AGARI ba="0,1" hai="36,37,63,66,70,88,93,99" m="11264,47559" machi="37" ten="40,5200,0" yaku="4,1,52,1,54,1" doraHai="106,65" who="2" fromWho="2" sc="190,-13,449,-13,296,62,55,-26" owari="177,-22.3,436,53.6,358,15.8,29,-47.1" /></mjloggm>