<mjloggm ver="2.3"><GO type="225" lobby="0"/><UN n0="%E7%BD%AA%E5%88%91%E6%B3%95%E5%AE%9A%E4%B8%BB%E7%BE%A9" n1="%E3%81%A1%E3%82%85%E3%81%86%E3%81%A9%E3%81%8F%E8%B1%A1%E3%81%95%E3%82%93" n2="%E9%80%9F%E6%B0%B4%E5%87%9B%E9%A6%99" n3="%E4%B8%89%E5%86%A0%E7%8E%8B%E3%83%BB%E5%B1%B1%E7%94%B0%E5%93%B2%E4%BA%BA" dan="16,17,16,16" rate="2191.27,2244.77,2103.53,2154.93" sx="M,M,F,M"/><TAIKYOKU oya="0"/><INIT seed="0,0,0,2,2,22" ten="250,250,250,250" oya="0" hai0="41,53,134,35,60,39,12,130,7,43,17,116,93" hai1="74,66,0,11,44,97,125,78,58,38,29,131,23" hai2="69,16,132,10,6,119,26,92,46,91,84,34,112" hai3="59,87,50,20,19,110,129,61,98,48,13,68,57"/><T8/><D116/><U108/><E108/><V42/><F112/><W118/><G118/><T135/><D35/><U96/><E125/><V36/><F132/><N who="0" m="50730" /><D39/><U103/><E131/><V37/><F69/><W105/><G68/><T81/><D93/><U123/><E123/><V64/><F119/><W47/><G110/><T83/><D130/><U30/><E97/><V15/><F64/><W76/><G129/><T127/><D127/><U90/><E90/><V99/><F36/><W28/><G105/><T67/><D53/><U14/><E0/><V85/><REACH who="2" step="1"/><F6/><REACH who="2" ten="250,250,240,250" step="2"/><W31/><G98/><T65/><D7/><U95/><E38/><V18/><F18/><W115/><G115/><T121/><D121/><U2/><E66/><V54/><F54/><W32/><G19/><T79/><D67/><U3/><E96/><V113/><F113/><W63/><G31/><AGARI ba="0,1" hai="10,15,16,26,31,34,37,42,46,84,85,91,92,99" machi="31" ten="40,8000,1" yaku="1,1,52,1,54,1,53,1" doraHai="22" doraHaiUra="40" who="2" fromWho="3" sc="250,0,250,0,240,90,250,-80" /><INIT seed="1,0,0,0,0,20" ten="250,250,330,170" oya="1" hai0="105,72,125,68,76,7,29,103,70,13,101,134,45" hai1="94,97,112,8,27,42,93,108,127,130,110,119,10" hai2="98,132,84,73,106,23,28,63,99,88,86,41,116" hai3="16,75,78,95,17,48,21,24,102,121,40,109,2"/><U55/><E112/><V61/><F73/><W1/><G121/><T74/><D125/><U22/><E119/><V113/><F116/><W66/><G109/><N who="1" m="42090" /><E127/><V133/><F41/><W128/><G128/><T36/><D134/><N who="2" m="51818" /><F113/><W82/><G66/><T14/><D105/><U49/><E42/><V64/><F84/><W44/><REACH who="3" step="1"/><G17/><REACH who="3" ten="250,250,330,160" step="2"/><T87/><D7/><U80/><E130/><V59/><F64/><W35/><G35/><T129/><D129/><U107/><E107/><V6/><F6/><W114/><G114/><T117/><D117/><U0/><E80/><V47/><F63/><W135/><G135/><T60/><D60/><U12/><E94/><V57/><F106/><W18/><G18/><T126/><D126/><U26/><E0/><V31/><F61/><W53/><G53/><T89/><D70/><U33/><E33/><V51/><F57/><W11/><G11/><T62/><D68/><U15/><E8/><V52/><F59/><W4/><G4/><T81/><D62/><U69/><E69/><V67/><F67/><W46/><G46/><T79/><D45/><N who="1" m="28079" /><E10/><V19/><F19/><W34/><G34/><T120/><D120/><U131/><E131/><V30/><F23/><W91/><G91/><T65/><D89/><N who="1" m="55471" /><E22/><V25/><F25/><AGARI ba="0,1" hai="12,15,25,26,27" m="55471,28079,42090" machi="25" ten="30,12000,1" yaku="14,1,10,1,52,3" doraHai="20" who="1" fromWho="2" sc="250,0,250,130,330,-120,160,0" /><INIT seed="1,1,0,2,1,25" ten="250,380,210,160" oya="1" hai0="54,1,87,12,40,79,88,73,89,64,48,59,135" hai1="100,82,118,45,69,6,123,23,46,60,96,81,133" hai2="92,30,119,61,63,85,68,8,26,13,132,31,77" hai3="134,67,32,66,19,42,44,115,15,43,76,16,93"/><U111/><E123/><V105/><F119/><W130/><G115/><T51/><D1/><U9/><E118/><V109/><F105/><W57/><G134/><T7/><D135/><U113/><E113/><V37/><F37/><W35/><G76/><T39/><D39/><U102/><E23/><V18/><F68/><W86/><G130/><T117/><D117/><U22/><E22/><N who="2" m="13655" /><F109/><W28/><G86/><T50/><D73/><U11/><E133/><V83/><F92/><W121/><G93/><T101/><D101/><U34/><E34/><V49/><F49/><N who="0" m="19050" /><D64/><U99/><E69/><V56/><F132/><W131/><G57/><T0/><D0/><U103/><E111/><V120/><F120/><W104/><G121/><T72/><D72/><U2/><E60/><N who="2" m="23115" /><F56/><W36/><G36/><T112/><D40/><U128/><E128/><V38/><F38/><W21/><G131/><T126/><D112/><U125/><E102/><V5/><AGARI ba="1,0" hai="5,8,13,30,31,77,83,85" m="23115,13655" machi="5" ten="30,4000,0" yaku="8,1,52,2" doraHai="25" who="2" fromWho="2" sc="250,-11,380,-21,210,43,160,-11" /><INIT seed="2,0,0,2,1,130" ten="239,359,253,149" oya="2" hai0="45,87,98,97,47,39,56,135,134,99,4,132,84" hai1="80,119,28,54,108,115,66,6,103,71,26,117,101" hai2="3,96,113,59,20,34,102,13,112,95,30,64,129" hai3="69,57,110,126,133,51,92,78,83,73,7,81,46"/><V0/><F34/><W76/><G69/><T109/><D109/><U24/><E6/><V82/><F129/><W60/><G126/><T31/><D31/><U17/><E54/><V62/><F82/><W41/><G110/><T122/><D122/><U21/><E80/><V11/><F0/><W8/><G92/><T10/><D56/><U85/><E85/><N who="0" m="32841" /><D39/><U15/><E26/><N who="2" m="16711" /><F3/><AGARI ba="0,0" hai="3,4,10,45,47,97,98,99,132,134,135" m="32841" machi="3" ten="40,8000,1" yaku="20,1,52,3" doraHai="130" who="0" fromWho="2" sc="239,80,359,0,253,-80,149,0" /><INIT seed="3,0,0,5,2,70" ten="319,359,173,149" oya="3" hai0="80,101,125,6,71,12,1,39,112,17,103,3,96" hai1="4,63,5,74,28,42,38,123,111,84,77,102,43" hai2="106,37,132,78,24,0,105,11,79,76,23,21,68" hai3="46,117,60,32,9,66,113,108,73,95,10,61,115"/><W134/><G117/><T135/><D71/><U47/><E111/><V58/><F68/><W65/><G73/><T64/><D64/><U52/><E74/><V89/><F37/><W69/><G32/><T87/><D125/><U82/><E123/><V72/><F72/><W48/><G134/><T110/><D110/><U126/><E126/><V83/><F132/><W59/><G108/><T40/><D135/><U29/><E42/><V53/><F106/><W62/><G95/><T19/><D19/><U75/><E102/><V104/><F105/><W26/><G26/><T118/><D6/><U44/><E75/><V92/><F104/><W20/><G20/><N who="2" m="7753" /><F0/><W88/><G88/><T120/><D120/><U124/><E4/><V8/><F24/><W93/><G93/><T54/><D101/><U51/><E124/><V14/><F14/><W94/><G94/><T116/><D112/><U2/><E63/><N who="2" m="36303" /><F83/><W34/><G34/><T122/><D122/><U45/><E45/><V91/><F91/><W56/><G9/><T22/><D118/><U13/><E2/><V127/><F127/><W41/><G10/><T90/><D116/><U81/><E81/><V15/><F15/><W98/><G98/><AGARI ba="0,0" hai="8,11,76,78,79,89,92,98" m="36303,7753" machi="98" ten="30,1000,0" yaku="8,1" doraHai="70" who="2" fromWho="3" sc="319,0,359,0,173,10,149,-10" owari="319,11.9,359,45.9,183,-21.7,139,-36.1" /></mjloggm>