<mjloggm ver="2.3"><GO type="225" lobby="0"/><UN n0="%E9%BB%99%E8%81%B4%E3%81%AE%E3%81%99%E3%82%9D%E3%82%81" n1="%E3%83%8F%E3%83%B3%E3%83%89%E3%83%A9%E3%83%BC%E3%83%BB%E3%83%AF%E3%83%B3" n2="%72%69%6F%75%63%68%61%6E" n3="%E3%81%82%E3%81%B9%E3%81%99%E3%81%91" dan="16,17,16,16" rate="2132.07,2156.76,2188.80,2055.26" sx="M,M,M,M"/><TAIKYOKU oya="0"/><INIT seed="0,0,0,4,1,3" ten="250,250,250,250" oya="0" hai0="124,29,92,121,18,15,1,134,40,9,8,86,48" hai1="108,38,77,122,4,78,46,16,49,98,80,79,10" hai2="66,106,91,75,71,104,42,61,100,135,73,87,43" hai3="34,14,89,101,55,99,113,114,76,129,63,72,22"/><T123/><D134/><U88/><E122/><V59/><F135/><W74/><G34/><T65/><D124/><U112/><E38/><V35/><F35/><W128/><G89/><T133/><D133/><U126/><E108/><V44/><F42/><W20/><G63/><T24/><D65/><U115/><E126/><V81/><F71/><W21/><G14/><N who="0" m="7495" /><D48/><U67/><E67/><V33/><F33/><W30/><G55/><T90/><D92/><U31/><E31/><V7/><F7/><W83/><G74/><T58/><D58/><U11/><E16/><V27/><F27/><W5/><G30/><T45/><D86/><N who="1" m="50247" /><E98/><V69/><F69/><W84/><G72/><T82/><D82/><U70/><E70/><V68/><F68/><W85/><G85/><T26/><D45/><U110/><E110/><V54/><F66/><W25/><G25/><T2/><D90/><U51/><E46/><V120/><F120/><N who="0" m="46154" /><D40/><U17/><E17/><V19/><F19/><W96/><G99/><T131/><D131/><U130/><E130/><V36/><REACH who="2" step="1"/><F106/><REACH who="2" ten="250,250,240,250" step="2"/><W107/><G129/><T117/><D26/><U47/><E112/><V119/><F119/><W102/><G128/><T64/><D64/><U132/><E115/><V50/><F50/><W39/><G114/><T109/><D117/><U28/><E132/><V111/><F111/><W53/><G113/><T97/><D109/><U127/><E127/><V52/><F52/><W95/><G53/><T12/><D24/><U56/><E49/><V62/><F62/><W37/><G107/><T105/><D105/><U60/><E51/><RYUUKYOKU ba="0,1" sc="250,-10,250,-10,240,30,250,-10" hai2="36,43,44,54,59,61,73,75,81,87,91,100,104" /><INIT seed="1,1,1,2,3,33" ten="240,240,270,240" oya="1" hai0="79,59,30,87,18,43,53,42,82,89,73,37,135" hai1="96,50,106,54,41,64,11,51,7,95,0,133,22" hai2="125,122,56,6,23,121,67,102,117,124,39,17,12" hai3="25,110,109,128,129,108,123,66,93,49,97,63,105"/><U28/><E106/><V8/><F39/><W99/><G25/><T120/><D135/><U46/><E133/><V21/><F102/><N who="3" m="62671" /><G123/><N who="2" m="47113" /><F56/><N who="3" m="37223" /><G49/><T92/><D120/><U104/><E104/><V57/><F57/><W36/><G36/><T55/><D37/><U111/><E64/><V35/><F67/><W34/><G34/><T107/><D30/><U61/><E61/><V130/><F35/><W16/><G16/><T100/><D18/><U74/><E74/><V101/><F101/><AGARI ba="1,1" hai="93,99,101,108,109,110,128,129" m="37223,62671" machi="101" ten="30,1000,0" yaku="14,1" doraHai="33" who="3" fromWho="2" sc="240,0,240,0,270,-13,240,23" /><INIT seed="2,0,0,3,4,46" ten="240,240,257,263" oya="2" hai0="51,86,111,82,126,91,110,129,31,36,71,95,135" hai1="12,100,50,57,103,74,83,98,43,27,21,14,116" hai2="49,97,18,104,123,3,17,107,32,20,120,99,10" hai3="105,55,118,127,90,87,84,22,93,76,101,114,62"/><V0/><F32/><W70/><G118/><T35/><D36/><U4/><E116/><V67/><F67/><W94/><G127/><T47/><D71/><U26/><E26/><V115/><F10/><W108/><G108/><N who="0" m="41515" /><D129/><U128/><E128/><V33/><F33/><W89/><G105/><N who="2" m="40521" /><F20/><W56/><G101/><T23/><D35/><U48/><E74/><V88/><F115/><W19/><G76/><T11/><D11/><N who="1" m="4199" /><E83/><V5/><F5/><W8/><G8/><T132/><D126/><U96/><E14/><V60/><F60/><W1/><G1/><N who="2" m="585" /><F88/><W130/><G114/><T106/><D106/><U40/><E103/><V29/><F49/><N who="1" m="19049" /><E57/><V75/><F29/><W7/><G130/><T64/><D31/><N who="1" m="17903" /><E100/><V45/><F45/><W73/><G70/><T109/><D109/><U42/><AGARI ba="0,0" hai="40,42,43,96,98" m="17903,19049,4199" machi="42" ten="30,7900,0" yaku="8,1,52,3" doraHai="46" who="1" fromWho="1" sc="240,-20,240,79,257,-39,263,-20" /><INIT seed="3,0,0,5,5,62" ten="220,319,218,243" oya="3" hai0="91,17,12,3,127,88,70,54,131,89,124,77,135" hai1="84,58,11,37,123,28,129,98,65,46,2,63,107" hai2="121,115,100,85,39,52,0,21,97,61,25,36,106" hai3="119,9,8,47,126,120,81,1,48,24,83,51,95"/><W94/><G119/><T111/><D3/><U22/><E123/><V93/><F115/><W73/><G120/><T41/><D111/><U14/><E129/><V104/><F0/><W105/><G105/><T45/><D135/><U64/><E2/><V43/><F121/><W82/><G73/><T33/><D33/><U96/><E107/><V16/><F43/><W71/><G71/><T18/><D131/><U134/><E134/><V92/><F106/><W60/><G60/><T40/><D77/><U44/><E65/><V29/><F29/><W75/><G126/><N who="0" m="48171" /><D70/><U59/><E59/><N who="2" m="35047" /><F104/><W57/><G75/><T86/><D54/><U101/><E84/><V103/><F103/><W74/><G74/><T67/><D67/><U122/><E122/><V35/><F35/><W133/><G133/><T66/><D66/><U20/><E37/><V30/><F30/><W27/><G1/><T56/><D56/><U116/><E116/><V128/><F128/><W10/><G57/><T55/><D55/><U7/><E101/><V34/><F34/><W90/><G90/><N who="0" m="34923" /><D12/><U130/><E14/><V109/><F109/><W6/><G51/><N who="0" m="27047" /><D41/><U69/><E130/><V78/><F78/><W114/><G114/><T87/><D87/><U50/><E69/><V53/><F53/><N who="3" m="29855" /><G6/><T110/><D110/><U108/><E108/><V118/><F118/><W13/><G13/><T132/><D132/><U5/><E5/><V99/><F85/><W19/><G27/><T76/><D76/><U79/><E7/><V26/><F26/><W32/><G32/><T125/><D125/><U23/><E79/><RYUUKYOKU ba="0,0" sc="220,10,319,-30,218,10,243,10" hai0="17,18,86,91" hai2="16,21,25,36,39,92,93,97,99,100" hai3="8,9,10,19,24,81,82,83,94,95" /><INIT seed="3,1,0,3,1,21" ten="230,289,228,253" oya="3" hai0="93,40,74,123,24,8,23,125,113,134,25,124,109" hai1="53,84,13,35,115,55,119,60,51,63,101,15,30" hai2="57,132,81,111,76,78,120,37,16,3,114,129,91" hai3="128,72,27,2,68,47,26,106,6,9,34,108,33"/><W0/><G106/><T86/><D74/><U14/><E115/><V105/><F114/><W52/><G72/><T67/><D123/><U59/><E119/><V122/><F3/><N who="3" m="1067" /><G52/><T18/><D113/><U110/><E110/><V131/><F111/><W39/><G68/><T88/><D134/><U20/><E35/><N who="3" m="13322" /><G47/><T127/><D109/><U98/><E84/><N who="2" m="50575" /><F132/><W70/><G70/><T49/><D8/><U71/><E71/><V102/><F37/><W97/><G97/><T22/><D67/><U32/><E32/><V17/><F57/><W75/><G75/><T56/><D56/><U112/><E112/><V92/><F105/><W116/><G39/><T64/><D64/><U80/><E80/><V96/><F78/><W69/><G69/><T117/><D117/><U85/><E85/><V65/><F76/><W99/><G99/><T38/><D38/><U79/><E79/><V130/><F65/><W50/><G50/><T104/><D104/><U94/><E55/><V7/><F7/><W121/><G121/><AGARI ba="1,0" hai="16,17,92,96,102,120,121,122,129,130,131" m="50575" machi="121" ten="40,5200,0" yaku="13,1,19,1,54,1" doraHai="21" who="2" fromWho="3" sc="230,0,289,0,228,55,253,-55" /><INIT seed="4,0,0,4,3,19" ten="230,289,283,198" oya="0" hai0="91,93,108,38,103,126,14,101,45,36,8,95,90" hai1="63,6,115,120,86,31,66,85,124,111,40,125,65" hai2="104,123,59,102,72,41,82,23,128,84,75,12,0" hai3="129,28,5,87,37,52,133,27,114,80,33,132,64"/><T10/><D126/><N who="1" m="48747" /><E111/><V18/><F123/><W116/><G116/><T122/><D122/><U22/><E120/><V16/><F0/><W25/><G129/><T96/><D108/><U32/><E32/><V78/><F128/><W107/><G107/><T110/><D110/><U15/><E40/><V88/><F41/><W94/><G37/><T68/><D68/><N who="1" m="42047" /><E66/><V100/><F104/><W92/><G114/><T53/><D38/><U130/><E115/><V48/><F18/><W81/><G5/><T21/><D8/><N who="1" m="4503" /><E130/><V131/><F131/><W98/><G64/><T44/><D36/><U2/><E2/><V70/><F70/><W9/><G9/><T77/><D77/><U106/><E106/><V3/><F3/><W60/><G27/><AGARI ba="0,0" hai="22,27,31,85,86" m="4503,42047,48747" machi="27" ten="30,2000,0" yaku="18,1,52,1" doraHai="19" who="1" fromWho="3" sc="230,0,289,20,283,0,198,-20" owari="230,-17.0,309,40.9,283,8.3,178,-32.2" /></mjloggm>