<mjloggm ver="2.3"><GO type="225" lobby="0"/><UN n0="%E6%9D%B1%E9%A2%A8%E3%81%AE%E3%81%8D%E3%82%83%E3%81%B7%E3%81%95%E3%82%93" n1="%E7%AB%8B%E8%8A%B1%E9%9F%BF" n2="%E3%83%99%E3%83%AB%E3%83%A2%E3%83%83%E3%83%88" n3="%E4%BA%95%E5%B8%AF" dan="16,17,16,16" rate="2215.58,2158.46,2091.19,2053.08" sx="M,F,M,M"/><TAIKYOKU oya="0"/><INIT seed="0,0,0,3,4,18" ten="250,250,250,250" oya="0" hai0="83,110,111,6,8,15,116,5,48,104,135,44,16" hai1="73,85,53,20,68,124,90,134,4,1,108,77,34" hai2="57,25,106,79,50,11,10,117,121,59,39,31,75" hai3="88,62,131,37,30,58,81,13,70,101,46,21,76"/><T7/><D104/><U32/><E108/><N who="0" m="41513" /><D116/><U130/><E130/><V109/><F39/><W36/><G131/><T115/><D115/><U95/><E134/><V35/><F121/><W3/><G3/><T23/><D83/><U89/><E124/><V97/><F117/><W47/><G70/><T133/><D8/><U82/><E68/><V0/><F0/><W38/><G101/><T42/><AGARI ba="0,0" hai="5,6,7,15,16,23,42,44,48,133,135" m="41513" machi="42" ten="40,12000,1" yaku="14,1,10,1,52,1,54,1" doraHai="18" who="0" fromWho="0" sc="250,120,250,-40,250,-40,250,-40" /><INIT seed="0,1,0,3,2,58" ten="370,210,210,210" oya="0" hai0="51,52,116,14,75,56,71,64,41,39,26,119,42" hai1="85,22,81,63,48,16,83,133,82,69,77,55,86" hai2="28,49,50,113,111,38,73,61,99,25,54,115,72" hai3="109,1,94,95,17,117,6,23,108,15,20,88,128"/><T68/><D75/><U118/><E133/><V47/><F111/><N who="3" m="42571" /><G117/><N who="0" m="45131" /><D14/><U135/><E135/><V98/><F38/><W10/><G128/><T134/><D26/><U0/><E0/><V3/><F3/><W112/><G112/><T45/><D134/><U21/><E118/><V34/><F98/><N who="3" m="57671" /><G95/><T66/><D42/><U32/><E32/><V29/><F99/><W46/><G46/><T100/><D100/><U131/><E22/><AGARI ba="1,0" hai="1,6,10,15,17,20,22,23" m="57671,42571" machi="22" ten="30,2000,0" yaku="14,1,54,1" doraHai="58" who="3" fromWho="1" sc="370,0,210,-23,210,0,210,23" /><INIT seed="1,0,0,1,5,98" ten="370,187,210,233" oya="1" hai0="50,89,69,19,23,38,11,93,131,126,108,74,112" hai1="53,13,122,134,67,1,58,91,118,9,17,106,12" hai2="2,44,14,124,100,35,3,94,28,59,40,45,48" hai3="87,52,119,24,133,62,63,20,132,96,65,18,54"/><U55/><E118/><V111/><F111/><W85/><G96/><T15/><D108/><U34/><E122/><V120/><F124/><W135/><G119/><T39/><D69/><U82/><E34/><V0/><F14/><W41/><G41/><T104/><D74/><U5/><E134/><V113/><F113/><W92/><G63/><T130/><D104/><U22/><E106/><V114/><F114/><W117/><G117/><T123/><D112/><U49/><E67/><V107/><F107/><W70/><REACH who="3" step="1"/><G92/><REACH who="3" ten="370,187,210,223" step="2"/><T25/><D123/><U6/><E55/><AGARI ba="0,1" hai="18,20,24,52,54,55,62,65,70,85,87,132,133,135" machi="55" ten="40,8000,1" yaku="1,1,2,1,20,1,54,1,53,0" doraHai="98" doraHaiUra="29" who="3" fromWho="1" sc="370,0,187,-80,210,0,223,90" /><INIT seed="2,0,0,5,2,8" ten="370,107,210,313" oya="2" hai0="25,5,10,81,42,90,111,101,4,71,34,119,74" hai1="79,116,61,133,65,21,78,127,39,29,85,130,91" hai2="62,20,55,60,50,109,114,44,24,97,134,54,18" hai3="40,115,22,45,69,32,108,128,28,48,117,76,59"/><V58/><F114/><W121/><G117/><T131/><D71/><U122/><E116/><V12/><F134/><W31/><G69/><T9/><D42/><U7/><E133/><V70/><F109/><W11/><G121/><T51/><D131/><U63/><E130/><V135/><F135/><W66/><G32/><T99/><D51/><U35/><E35/><V72/><F72/><W14/><G128/><T98/><D34/><U95/><E95/><V89/><F70/><W16/><G108/><T15/><D25/><U73/><E73/><V68/><F68/><W103/><G115/><T27/><D27/><U38/><E127/><V107/><F107/><W118/><G118/><T13/><D111/><U57/><E7/><V46/><F46/><W126/><G126/><T88/><D119/><U102/><E102/><V92/><F24/><W86/><G103/><T0/><D0/><U26/><E122/><V94/><REACH who="2" step="1"/><F92/><REACH who="2" ten="370,107,200,313" step="2"/><W77/><G45/><T41/><D74/><U123/><E123/><V83/><F83/><W49/><G59/><T64/><D81/><U104/><E104/><V43/><F43/><W100/><G40/><T2/><D41/><U1/><E26/><V87/><F87/><W3/><G86/><T96/><D2/><U106/><E85/><V110/><F110/><W19/><G3/><T6/><D101/><U17/><E1/><V67/><F67/><W37/><G66/><T124/><D64/><U113/><E65/><V93/><F93/><W125/><G100/><T53/><D124/><U105/><E106/><V82/><F82/><W33/><G125/><RYUUKYOKU ba="0,1" sc="370,-10,107,-10,200,30,313,-10" hai2="12,18,20,44,50,54,55,58,60,62,89,94,97" /><INIT seed="2,1,1,1,1,73" ten="360,97,230,303" oya="2" hai0="108,11,9,44,120,35,60,133,67,48,70,41,98" hai1="69,116,63,20,107,5,28,62,8,119,32,51,83" hai2="134,30,19,118,36,80,89,102,13,93,10,87,122" hai3="114,65,16,82,58,75,21,121,54,46,113,47,34"/><V52/><F122/><W49/><G34/><T12/><D35/><U85/><E107/><V125/><F36/><W55/><G121/><T1/><D120/><U129/><E129/><V18/><F118/><W110/><G65/><T90/><D108/><U94/><E32/><V106/><F106/><W99/><G110/><T91/><D133/><U68/><E68/><V3/><F3/><W104/><G104/><T15/><D1/><U22/><E116/><V24/><F125/><W124/><G99/><T126/><D126/><U131/><E131/><V53/><F134/><W101/><G101/><T50/><D50/><U64/><E119/><V88/><F102/><W74/><G47/><T81/><D81/><U95/><E63/><V40/><F40/><W23/><G23/><T38/><D38/><U72/><E72/><V77/><F89/><W66/><G66/><T29/><D29/><U132/><E51/><V123/><F123/><W61/><G124/><T0/><D0/><U4/><E132/><V42/><F42/><W103/><G103/><T135/><D98/><U128/><E128/><V7/><F30/><W78/><REACH who="3" step="1"/><G74/><REACH who="3" ten="360,97,230,293" step="2"/><T79/><D135/><U100/><E100/><V59/><F59/><W97/><G97/><T127/><D127/><U43/><E69/><V111/><F111/><W6/><G6/><T26/><D70/><U2/><E5/><V109/><F109/><W105/><G105/><T117/><D67/><U45/><E64/><V115/><F115/><W86/><G86/><T84/><D117/><U27/><E85/><N who="2" m="52367" /><F19/><W25/><AGARI ba="1,2" hai="16,21,25,46,49,54,55,58,61,75,78,82,113,114" machi="25" ten="30,7900,0" yaku="1,1,0,1,52,1,54,1,53,0" doraHai="73" doraHaiUra="31" who="3" fromWho="3" sc="360,-21,97,-21,230,-40,293,102" /><INIT seed="3,0,0,5,5,54" ten="339,76,190,395" oya="3" hai0="83,120,115,131,130,65,5,85,66,62,0,3,106" hai1="14,124,49,93,71,55,108,44,73,52,111,61,69" hai2="10,34,45,59,128,56,43,135,74,89,70,132,112" hai3="107,20,2,116,78,80,104,37,35,25,96,95,103"/><W38/><G35/><T11/><D106/><U109/><E73/><V15/><F34/><W16/><G2/><T87/><D120/><U67/><E93/><V12/><F70/><W99/><G107/><T101/><D101/><U9/><E14/><V33/><F33/><W42/><G42/><T23/><D23/><U50/><E9/><V134/><F74/><W32/><G32/><T57/><D0/><U133/><E133/><V84/><F128/><W30/><G30/><T53/><D115/><U7/><E7/><N who="2" m="3167" /><F15/><W51/><G51/><T117/><D117/><U13/><E13/><V102/><F102/><W118/><G118/><T127/><D127/><U129/><E129/><N who="0" m="49161" /><D87/><U75/><E75/><V17/><F17/><W31/><G116/><T47/><D47/><U19/><E19/><V114/><F114/><W82/><G31/><T36/><D36/><U119/><E119/><V24/><F24/><W63/><G96/><T79/><AGARI ba="0,0" hai="3,5,11,53,57,62,65,66,79,83,85" m="49161" machi="79" ten="30,2000,0" yaku="19,1,52,1" doraHai="54" who="0" fromWho="0" sc="339,20,76,-5,190,-5,395,-10" owari="359,15.9,71,-42.9,185,-21.5,385,48.5" /></mjloggm>