<mjloggm ver="2.3"><GO type="225" lobby="0"/><UN n0="%41%54%53%4D" n1="%47%32%E9%BE%8D%E9%96%80" n2="%E3%81%8F%E3%81%BE%E3%81%96%E3%82%8F" n3="%E3%81%A1%E3%82%85%E3%81%86%E3%81%A9%E3%81%8F%E8%B1%A1%E3%81%95%E3%82%93" dan="16,16,16,17" rate="2101.39,2110.46,2038.94,2184.52" sx="M,M,M,M"/><TAIKYOKU oya="0"/><INIT seed="0,0,0,1,1,119" ten="250,250,250,250" oya="0" hai0="47,83,25,49,37,103,22,84,72,20,7,123,128" hai1="52,56,70,0,8,94,114,92,35,81,62,125,13" hai2="19,15,133,115,135,79,134,129,65,67,17,121,66" hai3="122,38,113,102,18,112,54,77,109,58,12,48,91"/><T31/><D72/><U3/><E35/><V87/><F115/><W64/><G38/><T21/><D37/><U116/><E116/><V41/><F129/><W131/><G131/><T132/><D128/><U39/><E39/><V100/><F100/><W111/><G77/><T110/><D132/><U30/><E114/><N who="3" m="44138" /><G64/><T127/><D127/><U124/><E30/><V43/><F121/><W42/><G102/><T61/><D123/><U32/><E32/><V16/><F15/><W1/><G1/><T29/><D110/><N who="3" m="41993" /><G42/><T27/><D103/><U93/><E70/><V95/><F79/><W78/><G78/><T75/><D75/><U108/><E108/><V96/><F96/><W69/><G91/><AGARI ba="0,0" hai="16,17,19,41,43,65,66,67,87,91,95,133,134,135" machi="91" ten="50,8000,1" yaku="29,2,20,1,54,1" doraHai="119" who="2" fromWho="3" sc="250,0,250,0,250,80,250,-80" /><INIT seed="1,0,0,5,0,39" ten="250,250,330,170" oya="1" hai0="112,122,107,124,130,3,133,126,117,114,123,106,75" hai1="52,85,99,72,102,67,10,116,28,24,37,121,44" hai2="127,46,70,13,47,53,4,34,131,105,14,59,82" hai3="87,80,50,84,109,25,103,118,79,12,31,71,18"/><U5/><E116/><V97/><F70/><W135/><G71/><T83/><D3/><U91/><E121/><N who="0" m="46089" /><D117/><U62/><E72/><V77/><F34/><W88/><G118/><T22/><D133/><U19/><E19/><V60/><F127/><N who="0" m="48682" /><D130/><U96/><E102/><V55/><F131/><W78/><G109/><T33/><D22/><U30/><E30/><V76/><F76/><W101/><G135/><T111/><D33/><U68/><E10/><V100/><F53/><W26/><G50/><T40/><D40/><U115/><E5/><V20/><F14/><W61/><G61/><T41/><D41/><U49/><E37/><V65/><F65/><W8/><G25/><T125/><D111/><U21/><REACH who="1" step="1"/><E115/><REACH who="1" ten="250,240,330,170" step="2"/><N who="0" m="44073" /><D125/><U69/><E69/><V42/><F20/><W43/><G31/><T89/><D89/><U90/><E90/><V113/><F113/><W29/><G88/><T64/><D64/><U23/><E23/><V63/><F100/><W134/><G134/><T51/><D51/><U11/><E11/><V108/><F108/><W73/><G103/><T119/><D119/><U2/><E2/><V94/><F77/><AGARI ba="0,1" hai="75,77,83,106,107" m="44073,48682,46089" machi="77" ten="40,8000,1" yaku="13,1,18,1,23,1,34,2" doraHai="39" who="0" fromWho="2" sc="250,90,240,0,330,-80,170,0" /><INIT seed="2,0,0,3,1,89" ten="340,240,250,170" oya="2" hai0="20,68,115,41,127,133,22,67,131,91,135,110,26" hai1="101,59,96,37,0,72,65,113,116,71,11,62,99" hai2="56,7,33,43,90,40,44,58,132,9,3,87,55" hai3="35,130,46,19,29,47,117,100,129,34,63,94,27"/><V32/><F132/><N who="0" m="50762" /><D115/><U79/><E113/><V13/><F3/><W88/><G100/><T112/><D112/><U126/><E116/><V49/><F43/><W45/><G117/><T31/><D110/><U51/><E37/><V42/><F40/><W57/><G19/><T28/><D131/><U106/><E126/><V81/><REACH who="2" step="1"/><F58/><REACH who="2" ten="340,240,240,170" step="2"/><W52/><REACH who="3" step="1"/><G34/><REACH who="3" ten="340,240,240,160" step="2"/><T53/><D127/><U84/><E0/><V83/><F83/><W66/><G66/><T8/><D67/><U75/><E65/><V124/><F124/><W61/><G61/><AGARI ba="0,2" hai="7,9,13,32,33,42,44,49,55,56,61,81,87,90" machi="61" ten="30,5800,0" yaku="1,1,7,1,53,1" doraHai="89" doraHaiUra="1" who="2" fromWho="3" sc="340,0,240,0,240,78,160,-58" /><INIT seed="2,1,0,1,1,67" ten="340,240,318,102" oya="2" hai0="124,11,16,51,31,35,130,52,56,122,112,127,94" hai1="99,129,134,118,8,123,88,69,75,103,104,102,114" hai2="53,117,74,65,78,40,12,81,86,44,100,0,18" hai3="20,89,72,59,68,39,41,32,73,34,82,70,43"/><V14/><F117/><W128/><G128/><T29/><D122/><U125/><RYUUKYOKU type="yao9" ba="1,0" sc="340,0,240,0,318,0,102,0" hai1="8,69,75,88,99,102,103,104,114,118,123,125,129,134" /><INIT seed="2,2,0,3,3,36" ten="340,240,318,102" oya="2" hai0="97,16,37,81,5,31,74,41,133,49,88,109,8" hai1="44,95,65,24,4,40,0,51,104,30,27,18,67" hai2="45,80,96,69,124,32,62,114,75,125,48,70,135" hai3="73,35,2,12,126,63,130,10,77,79,94,43,28"/><V78/><F114/><W7/><G130/><T14/><D37/><U19/><E104/><V117/><F117/><W100/><G126/><N who="2" m="48745" /><F32/><W82/><G77/><T55/><D74/><U11/><E95/><V98/><F135/><W68/><G12/><T127/><D133/><U118/><E118/><V33/><F33/><W90/><G100/><T21/><D109/><U22/><REACH who="1" step="1"/><E19/><REACH who="1" ten="340,230,318,102" step="2"/><V121/><F121/><W57/><G68/><T54/><D127/><U122/><E122/><V93/><F93/><W105/><G105/><T110/><D110/><U107/><E107/><V64/><F70/><W47/><G28/><T119/><D119/><U71/><E71/><V112/><F112/><W116/><G116/><T66/><D16/><U29/><E29/><V17/><F17/><W83/><G83/><T53/><D81/><U89/><E89/><V86/><F75/><W113/><G113/><T131/><D31/><U128/><E128/><V92/><F92/><W87/><G35/><AGARI ba="2,1" hai="0,4,11,18,22,24,27,30,35,40,44,51,65,67" machi="35" ten="30,7700,0" yaku="1,1,7,1,52,1,53,1" doraHai="36" doraHaiUra="25" who="1" fromWho="3" sc="340,0,230,93,318,0,102,-83" /><INIT seed="3,0,0,0,1,38" ten="340,323,318,19" oya="3" hai0="124,104,45,113,101,0,69,4,85,80,123,103,90" hai1="13,48,65,67,14,31,35,55,135,129,79,34,76" hai2="6,87,52,108,122,117,19,97,118,16,23,126,75" hai3="39,24,9,98,77,10,70,127,2,134,71,93,92"/><W109/><G39/><T46/><D123/><U84/><E129/><V44/><F75/><W105/><G77/><N who="1" m="29770" /><E31/><V89/><F122/><W128/><G128/><T50/><D69/><U30/><E30/><V22/><F108/><W3/><G24/><T12/><D0/><U66/><E135/><V78/><F126/><W42/><G98/><T47/><D113/><U20/><E20/><N who="2" m="7723" /><F118/><W15/><G15/><N who="1" m="5642" /><E84/><V132/><F6/><W29/><G29/><T125/><D104/><U27/><E27/><V68/><F68/><W74/><G74/><T37/><D37/><U106/><E55/><V1/><F1/><W53/><G53/><T86/><D86/><U18/><E48/><N who="2" m="28679" /><F132/><W121/><G134/><T5/><D5/><U11/><E11/><V115/><F115/><W7/><G105/><T73/><D73/><U94/><E94/><N who="2" m="56527" /><F117/><W54/><G54/><T99/><D4/><U116/><E106/><V88/><F78/><W60/><G7/><T133/><D133/><U32/><E116/><V72/><F72/><W41/><G109/><T63/><D124/><U36/><E36/><V130/><F130/><W111/><G111/><T49/><D125/><U25/><E25/><V120/><F120/><W43/><G127/><T62/><D12/><U131/><E131/><V17/><F17/><AGARI ba="0,0" hai="17,18,32,34,35,65,66,67" m="5642,29770" machi="17" ten="40,2600,0" yaku="28,2" doraHai="38" who="1" fromWho="2" sc="340,0,323,26,318,-26,19,0" owari="340,14.0,349,44.9,292,-10.8,19,-48.1" /></mjloggm>