<mjloggm ver="2.3"><GO type="225" lobby="0"/><UN n0="%E3%81%84%E3%81%A1%E3%81%B2%E3%81%8B%E3%82%8A" n1="%E6%B4%BE%E9%81%A3%E3%81%AE%E3%82%B8%E3%83%A3%E3%83%83%E3%82%AF" n2="%E5%8D%A0%E3%81%84%E5%B8%AB%E8%A3%8F%E3%81%AA%E3%81%84%E3%81%97" n3="%E3%81%BF%E3%81%BF%E3%81%9A" dan="17,17,17,18" rate="2195.93,2212.07,2196.22,2225.20" sx="M,M,M,M"/><TAIKYOKU oya="0"/><INIT seed="0,0,0,2,2,5" ten="250,250,250,250" oya="0" hai0="8,104,123,97,119,90,26,23,1,43,69,127,18" hai1="72,99,80,3,105,39,107,40,46,35,73,34,12" hai2="70,111,60,48,92,79,88,29,91,130,33,19,117" hai3="103,47,116,49,37,134,78,87,128,83,9,28,114"/><T100/><D69/><U75/><E12/><V121/><F121/><W13/><G114/><T59/><D123/><U118/><E118/><V27/><F111/><W52/><G116/><T98/><D119/><U11/><E80/><V82/><F117/><W45/><G128/><T71/><D71/><U22/><E22/><V4/><F130/><W125/><G125/><T132/><D127/><U41/><E41/><V56/><F70/><W109/><G109/><T55/><D43/><U106/><E99/><V53/><F4/><AGARI ba="0,0" hai="3,4,11,34,35,39,40,46,72,73,75,105,106,107" machi="4" ten="50,8000,1" yaku="33,3,52,1" doraHai="5" who="1" fromWho="2" sc="250,0,250,80,250,-80,250,0" /><INIT seed="1,0,0,0,1,118" ten="250,330,170,250" oya="1" hai0="7,34,63,39,2,59,102,77,75,105,122,125,35" hai1="85,100,94,9,108,13,32,8,82,129,51,113,26" hai2="93,114,124,56,92,70,91,43,89,52,134,128,88" hai3="99,4,3,101,78,119,90,110,84,126,31,20,61"/><U40/><E113/><V64/><F114/><W115/><G115/><T22/><D125/><U49/><E129/><V38/><F124/><W135/><G126/><T87/><D22/><U33/><E108/><V47/><F128/><W50/><G110/><T1/><D87/><U0/><E0/><N who="0" m="105" /><D59/><U11/><E13/><V19/><F19/><W131/><G131/><T98/><D63/><U27/><E100/><V23/><F134/><W109/><G135/><T29/><D7/><U25/><E94/><V132/><F23/><W44/><G119/><T48/><D48/><U97/><E97/><V21/><F21/><W54/><G109/><T42/><D29/><U62/><E62/><N who="2" m="40215" /><F132/><W12/><G78/><T111/><D122/><U41/><E33/><V24/><F24/><W116/><G116/><T36/><D111/><U10/><N who="1" m="2048" /><DORA hai="112" /><U107/><E107/><V55/><F55/><W79/><G79/><T121/><D121/><U96/><E32/><N who="0" m="12329" /><D42/><N who="1" m="16491" /><E96/><V71/><F71/><W73/><G61/><T46/><D46/><U68/><E68/><V60/><F60/><W80/><G3/><T15/><D15/><U6/><E6/><V28/><F28/><W103/><G4/><T17/><D17/><U45/><E45/><V104/><F104/><N who="3" m="63551" /><G103/><T65/><D65/><U58/><E58/><V123/><F123/><W86/><G31/><T72/><D72/><U53/><E53/><V127/><F127/><W18/><G73/><T16/><D16/><U57/><E57/><V83/><F83/><AGARI ba="0,0" hai="36,39,75,77,83,98,102,105" m="12329,105" machi="83" ten="30,2000,0" yaku="33,2" doraHai="118,112" who="0" fromWho="2" sc="250,20,330,0,170,-20,250,0" /><INIT seed="2,0,0,2,1,17" ten="270,330,150,250" oya="2" hai0="89,12,7,86,101,41,112,88,26,98,60,50,76" hai1="79,22,113,128,77,135,87,93,68,42,82,18,20" hai2="103,78,56,70,111,106,23,95,11,118,63,45,0" hai3="15,115,119,91,52,1,51,71,134,54,133,130,116"/><V24/><F118/><W66/><G1/><T4/><D112/><U117/><E117/><N who="3" m="45130" /><G91/><T92/><D26/><U84/><E113/><V114/><F114/><W43/><G15/><T55/><D60/><U125/><E125/><V90/><F70/><W121/><G115/><T72/><D41/><U94/><E135/><N who="3" m="51722" /><G130/><T69/><D69/><U80/><E128/><V104/><F111/><W97/><G97/><T14/><D89/><U129/><E68/><V31/><F78/><W122/><G43/><T67/><D67/><U105/><E105/><V27/><F27/><W39/><G39/><T124/><D124/><U57/><E42/><V99/><F90/><W19/><G19/><T85/><D85/><U109/><E129/><V120/><F120/><N who="3" m="46187" /><G51/><T65/><D12/><U9/><E18/><V132/><F132/><W38/><G38/><T5/><D14/><U40/><E40/><V126/><F126/><W74/><G74/><T35/><D72/><U36/><E36/><V25/><F25/><W3/><G3/><T75/><D75/><U83/><E77/><V48/><F0/><W29/><G29/><T107/><D76/><U8/><E80/><V64/><F11/><W44/><G44/><T108/><D88/><U102/><E79/><V110/><F110/><W33/><G33/><T53/><D35/><U30/><E30/><V28/><F31/><W62/><AGARI ba="0,0" hai="52,54,62,66,71" m="46187,51722,45130" machi="62" ten="40,8000,1" yaku="20,1,34,2,54,1" doraHai="17" who="3" fromWho="3" sc="270,-20,330,-20,150,-40,250,80" /><INIT seed="3,0,0,5,2,135" ten="250,310,110,330" oya="3" hai0="3,133,86,8,45,68,73,22,67,113,17,11,110" hai1="79,121,101,44,14,41,6,70,64,131,128,16,4" hai2="49,88,37,123,55,108,72,42,60,71,43,103,96" hai3="19,5,124,18,80,114,15,51,34,69,75,63,87"/><W47/><G114/><T85/><D73/><U84/><E121/><V81/><F108/><W9/><G124/><T122/><D122/><U94/><E70/><V28/><F123/><W52/><G75/><T53/><D110/><U33/><E33/><V92/><F37/><W20/><G34/><T38/><D133/><U30/><E30/><V48/><F71/><W78/><G69/><T118/><D118/><U89/><E64/><V105/><F60/><W24/><G63/><T99/><D67/><U62/><E62/><V25/><F48/><W23/><G23/><T126/><D3/><U36/><E101/><V91/><F91/><W35/><G35/><T127/><D99/><U29/><E79/><V107/><F107/><W112/><G112/><T50/><D38/><U82/><E82/><V1/><F1/><W93/><G93/><T58/><D45/><U61/><E29/><AGARI ba="0,0" hai="5,9,15,18,19,20,24,29,47,51,52,78,80,87" machi="29" ten="30,5800,0" yaku="7,1,8,1,54,1" doraHai="135" who="3" fromWho="1" sc="250,0,310,-58,110,0,330,58" owari="250,-15.0,252,5.2,110,-39.0,388,48.8" /></mjloggm>