<mjloggm ver="2.3"><GO type="225" lobby="0"/><UN n0="%E8%81%B7%E6%A5%AD%E3%80%81%E9%A2%A8%32" n1="%E3%81%86%E3%83%BC%E3%81%B1%E3%83%BC" n2="%E7%AD%89%E3%80%85%E5%8A%9B%E5%8A%87%E5%A0%B4" n3="%E6%9F%B3%E6%A2%A6%E7%92%83" dan="16,16,16,16" rate="2141.81,2168.81,2134.74,2147.57" sx="M,F,M,F"/><TAIKYOKU oya="0"/><INIT seed="0,0,0,2,2,43" ten="250,250,250,250" oya="0" hai0="41,30,52,106,55,87,99,102,112,113,132,7,84" hai1="98,78,34,128,133,76,111,72,110,85,20,49,67" hai2="46,51,36,39,115,29,71,1,134,86,82,5,57" hai3="25,130,47,10,100,65,23,2,68,15,14,12,105"/><T81/><D132/><U97/><E34/><V69/><F115/><W42/><G130/><T92/><D7/><U94/><E67/><V77/><F134/><W90/><G90/><T35/><D41/><U88/><E133/><V109/><F109/><N who="1" m="41481" /><E20/><V118/><F118/><W3/><G10/><T40/><D40/><U119/><E49/><V89/><F29/><W13/><N who="3" m="3072" /><DORA hai="58" /><W50/><G105/><T114/><D30/><U38/><E38/><V125/><F125/><W74/><G100/><T79/><REACH who="0" step="1"/><D35/><REACH who="0" ten="240,250,250,250" step="2"/><U28/><E28/><V123/><F5/><W80/><G23/><T75/><D75/><U54/><E72/><V11/><F11/><W31/><G31/><T8/><D8/><U48/><E119/><V0/><F0/><W122/><G122/><T127/><D127/><U124/><E124/><V91/><F1/><W53/><G25/><T62/><D62/><U120/><E120/><V9/><F9/><W116/><G116/><T32/><D32/><U73/><E73/><V44/><F123/><W108/><G108/><T26/><D26/><U66/><E128/><V22/><F22/><W83/><G74/><T61/><D61/><U103/><E66/><V60/><F60/><N who="3" m="39975" /><G2/><T96/><D96/><U135/><E135/><V70/><F36/><N who="3" m="21959" /><G3/><T27/><D27/><U104/><E98/><V18/><F39/><W45/><G45/><AGARI ba="0,1" hai="45,48,54,76,78,85,88,94,97,103,104" m="41481" machi="45" ten="30,3900,0" yaku="14,1,52,1,54,1" doraHai="43,58" who="1" fromWho="3" sc="240,0,250,49,250,0,250,-39" /><INIT seed="1,0,0,0,3,57" ten="240,299,250,211" oya="1" hai0="37,62,110,21,74,20,31,69,93,124,103,52,39" hai1="106,54,73,11,44,120,3,102,43,77,18,118,85" hai2="56,107,29,53,41,27,26,70,17,23,28,46,14" hai3="112,45,42,33,123,19,34,25,88,115,8,40,0"/><U104/><E120/><V109/><F70/><W99/><G123/><T48/><D110/><U108/><E118/><V134/><F107/><W22/><G112/><T79/><D124/><U1/><E108/><V101/><F109/><W68/><G68/><T84/><D74/><U38/><E102/><V130/><F101/><W95/><G115/><T96/><D39/><U66/><E66/><V105/><F105/><W117/><G117/><T4/><D37/><U47/><E85/><V97/><F97/><W127/><G127/><T76/><D69/><U131/><E3/><V75/><F75/><W13/><G0/><T50/><D4/><N who="1" m="1423" /><E18/><V119/><F119/><W114/><G114/><T2/><D2/><U116/><E131/><V135/><F130/><W81/><G81/><N who="0" m="47143" /><D79/><U86/><E86/><V55/><F55/><W67/><G67/><T51/><D31/><U9/><E9/><V91/><F29/><W126/><G126/><T7/><D7/><U65/><E65/><V24/><F28/><W132/><G132/><T94/><D94/><U72/><E72/><V90/><F135/><W129/><G129/><T80/><D80/><N who="1" m="45103" /><E116/><V35/><F134/><W64/><G64/><T5/><D5/><U60/><E47/><V89/><F35/><W98/><G45/><T59/><AGARI ba="0,0" hai="20,21,48,50,51,52,59,62,93,96,103" m="47143" machi="59" ten="30,4000,0" yaku="8,1,52,1,54,1" doraHai="57" who="0" fromWho="0" sc="240,40,299,-20,250,-10,211,-10" /><INIT seed="2,0,0,5,2,41" ten="280,279,240,201" oya="2" hai0="99,103,45,93,50,29,114,117,97,30,4,82,135" hai1="5,36,92,111,122,52,3,115,7,87,72,19,54" hai2="17,88,81,77,51,70,62,20,15,129,130,74,57" hai3="22,126,118,80,96,71,0,120,43,94,67,61,68"/><V25/><F70/><W132/><G118/><T134/><D114/><U10/><E115/><V69/><F69/><W119/><G119/><T14/><D117/><U128/><E7/><V60/><F60/><W84/><G120/><T31/><D82/><U86/><E72/><V102/><F102/><W116/><G116/><T48/><D48/><U58/><E122/><V44/><F25/><W123/><G123/><T127/><D127/><U75/><E75/><V13/><F13/><W18/><G0/><T133/><D99/><U53/><E111/><V113/><F113/><W27/><G126/><T78/><D78/><U1/><E1/><V32/><F32/><W121/><G132/><T34/><D14/><U42/><E19/><V91/><F57/><W33/><G33/><T8/><D8/><U6/><E6/><V83/><F62/><W107/><G107/><T108/><D4/><U24/><E24/><V56/><F56/><W12/><G121/><T16/><D108/><U125/><E125/><V46/><F46/><W59/><G43/><N who="0" m="24895" /><D34/><U37/><E37/><V131/><REACH who="2" step="1"/><F83/><REACH who="2" ten="280,279,230,201" step="2"/><W105/><G27/><T104/><D104/><U55/><E58/><V21/><F21/><W90/><REACH who="3" step="1"/><G105/><REACH who="3" ten="280,279,230,191" step="2"/><T112/><D112/><U73/><E3/><V63/><F63/><W9/><G9/><T79/><D135/><U35/><E10/><V106/><F106/><W2/><G2/><T47/><D134/><U124/><E35/><V98/><F98/><W101/><AGARI ba="0,2" hai="12,18,22,59,61,67,68,71,80,84,90,94,96,101" machi="101" ten="20,8000,1" yaku="1,1,0,1,7,1,53,2" doraHai="41" doraHaiUra="64" who="3" fromWho="3" sc="280,-20,279,-20,230,-40,191,100" /><INIT seed="3,0,0,3,0,75" ten="260,259,190,291" oya="3" hai0="14,46,68,111,9,25,80,70,50,89,59,126,94" hai1="8,33,103,31,78,51,72,67,19,97,16,13,69" hai2="65,76,84,1,73,56,36,62,60,92,58,32,100" hai3="28,83,11,127,95,17,98,20,116,107,49,133,47"/><W125/><G116/><T87/><D111/><U110/><E110/><V44/><F32/><W82/><G107/><T81/><D126/><N who="3" m="48137" /><G133/><T102/><D25/><N who="1" m="18671" /><E51/><V63/><F1/><W43/><G28/><T35/><D35/><U91/><E91/><V0/><F0/><W105/><G105/><T18/><D59/><U22/><E22/><V118/><F118/><W26/><G11/><T112/><D112/><U48/><E48/><V4/><F73/><W131/><G131/><T27/><D27/><U21/><E21/><V45/><F4/><W42/><G42/><T93/><D81/><N who="1" m="45255" /><E13/><V7/><F7/><W74/><G74/><T41/><REACH who="0" step="1"/><D102/><AGARI ba="0,0" hai="17,20,26,43,47,49,82,83,95,98,102" m="48137" machi="102" ten="30,1500,0" yaku="18,1" doraHai="75" who="3" fromWho="0" sc="260,-15,259,0,190,0,291,15" owari="245,-15.5,259,5.9,190,-31.0,306,40.6" /></mjloggm>