<mjloggm ver="2.3"><GO type="225" lobby="0"/><UN n0="%E3%83%B4%E3%83%A0%EF%BC%99%E3%81%A6" n1="%E6%A1%9C%E8%8A%B1%E9%96%83%E3%80%85" n2="%E3%83%A9%E3%82%B9%E7%8E%87%EF%BC%93%E5%89%B2" n3="%54%4F%52" dan="17,18,16,17" rate="2211.48,2284.36,2114.97,2235.82" sx="M,M,F,M"/><TAIKYOKU oya="0"/><INIT seed="0,0,0,4,5,9" ten="250,250,250,250" oya="0" hai0="44,33,130,110,53,89,127,88,124,25,64,122,118" hai1="70,37,115,105,47,101,92,78,56,27,60,94,73" hai2="96,106,67,95,42,134,52,57,63,84,45,129,12" hai3="19,43,103,61,126,26,85,86,22,132,3,28,24"/><T108/><D118/><U121/><E121/><V98/><F129/><W29/><G132/><T40/><D122/><U65/><E115/><V55/><F134/><W102/><G126/><N who="0" m="48171" /><D130/><U5/><E5/><V8/><F84/><W13/><G3/><T35/><D53/><U71/><E78/><V15/><F106/><W74/><G74/><T77/><D64/><U116/><E73/><V111/><F111/><N who="0" m="42538" /><D77/><U128/><E116/><V100/><F98/><W31/><G43/><T114/><D114/><U117/><E65/><V4/><REACH who="2" step="1"/><F15/><REACH who="2" ten="250,250,240,250" step="2"/><W66/><G86/><T112/><D112/><U2/><E128/><V90/><F90/><N who="0" m="34922" /><D25/><U17/><E27/><V62/><F62/><W82/><G26/><T133/><D133/><U135/><E60/><V16/><F16/><W59/><G24/><T87/><D87/><U119/><E17/><V7/><F7/><W46/><G85/><T79/><D79/><U50/><E135/><V10/><F10/><W21/><G82/><T109/><D109/><U51/><E119/><V1/><F1/><W20/><G22/><T81/><D81/><U113/><E2/><V83/><F83/><W0/><G0/><T91/><D91/><U58/><E117/><V32/><F32/><W76/><G76/><T107/><D107/><U14/><E105/><V131/><F131/><W48/><G20/><T68/><D68/><U38/><E71/><V72/><F72/><W123/><G123/><T30/><D30/><U99/><E70/><V69/><F69/><W104/><G104/><T41/><D44/><U80/><E47/><V54/><F54/><RYUUKYOKU ba="0,1" sc="250,10,250,-30,240,10,250,10" hai0="33,35,40,41" hai2="4,8,12,42,45,52,55,57,63,67,95,96,100" hai3="13,19,21,28,29,31,46,48,59,61,66,102,103" /><INIT seed="0,1,1,0,0,111" ten="260,220,250,260" oya="0" hai0="80,114,119,47,82,67,62,128,112,74,52,5,46" hai1="26,68,115,92,122,57,53,28,24,88,71,135,29" hai2="107,124,55,131,18,83,60,75,12,65,130,44,20" hai3="94,32,9,37,27,116,8,76,22,2,50,133,90"/><T49/><D119/><U63/><E122/><V91/><F107/><W43/><G116/><T129/><D5/><U120/><E120/><V17/><F124/><W30/><G37/><T10/><D10/><U134/><E71/><V100/><F100/><W69/><G69/><N who="0" m="42231" /><D80/><U127/><E68/><V15/><F55/><W41/><G133/><N who="1" m="50698" /><E127/><V0/><F0/><W123/><G123/><T35/><D35/><N who="1" m="20871" /><E26/><V1/><F1/><W36/><G36/><T66/><D66/><U121/><E29/><V113/><F44/><W106/><G106/><T58/><D46/><U77/><E77/><V16/><F18/><W103/><G103/><T97/><D97/><N who="1" m="57479" /><E121/><V7/><F7/><W101/><G101/><T81/><D47/><U64/><E64/><V13/><F17/><W4/><G76/><N who="0" m="44183" /><D82/><U33/><E33/><V40/><F40/><W73/><G73/><T109/><D109/><U84/><E84/><N who="2" m="50591" /><F75/><W79/><G79/><T3/><D3/><U95/><E95/><V117/><F117/><W132/><G132/><T86/><D86/><U105/><E105/><V48/><F65/><W25/><G43/><T42/><D42/><U38/><E38/><V59/><F60/><W31/><G41/><T104/><D104/><U89/><E89/><V23/><F23/><W34/><G22/><T56/><D56/><U45/><E45/><V6/><F6/><W126/><G126/><T19/><D19/><U85/><E85/><V99/><F59/><W39/><G39/><T110/><D110/><U14/><E14/><V51/><F15/><W70/><G70/><T72/><D72/><RYUUKYOKU ba="1,1" sc="260,15,220,15,250,-15,260,-15" hai0="49,52,58,112,114,128,129" hai1="53,57,63,115" /><INIT seed="0,2,1,3,1,65" ten="275,235,235,245" oya="0" hai0="113,23,95,20,5,104,74,126,110,62,2,25,51" hai1="32,116,30,71,29,134,80,57,33,9,135,129,121" hai2="0,78,81,122,86,54,77,93,44,38,68,128,131" hai3="4,7,14,133,91,36,87,106,48,101,28,90,112"/><T47/><D113/><U17/><E80/><V64/><F122/><W3/><G36/><T72/><D104/><U11/><E57/><V46/><F0/><W127/><G3/><T117/><D117/><U96/><E96/><V15/><F78/><W94/><G112/><T35/><D35/><N who="1" m="13387" /><E71/><V70/><F93/><W31/><G133/><N who="1" m="50698" /><E121/><V79/><F79/><W119/><G119/><T22/><D95/><U42/><E42/><V66/><F15/><W132/><G132/><T69/><D25/><U97/><E97/><V118/><F118/><W24/><G127/><T115/><D126/><U85/><E85/><V59/><F54/><W76/><G76/><T26/><D26/><U19/><E129/><N who="2" m="49739" /><F59/><W100/><G106/><T61/><D61/><U8/><E116/><V108/><F38/><W84/><G87/><T18/><D115/><U130/><E130/><V50/><F50/><W105/><G84/><T43/><D51/><U88/><E88/><V120/><F120/><W53/><G48/><T82/><D43/><U102/><E102/><V124/><F46/><W125/><G100/><T27/><D47/><U56/><E56/><V109/><F44/><W12/><G101/><T39/><D39/><U83/><E83/><V111/><F124/><W41/><G94/><T107/><D107/><U55/><E55/><V60/><F60/><W21/><G53/><T89/><D89/><U114/><E114/><V10/><F10/><N who="1" m="2561" /><U52/><DORA hai="67" /><E52/><V75/><F86/><W73/><G105/><T49/><D49/><U40/><E40/><V92/><F92/><W103/><G125/><RYUUKYOKU ba="2,1" sc="275,-15,235,15,235,15,245,-15" hai1="17,19,29,30" hai2="64,66,68,70,75,77,81,108,109,111" /><INIT seed="1,3,1,0,1,75" ten="260,250,250,230" oya="1" hai0="58,129,121,85,17,113,115,104,74,114,33,51,68" hai1="42,112,46,122,23,25,22,78,98,79,108,107,69" hai2="111,130,70,62,13,37,116,45,82,118,30,43,4" hai3="95,132,103,0,56,19,66,97,90,67,128,28,63"/><U131/><E112/><V31/><F111/><W134/><G128/><T14/><D74/><U3/><E122/><V81/><F130/><W54/><G0/><T52/><D129/><U6/><E131/><V47/><F4/><W125/><G125/><T64/><D121/><U101/><E69/><V110/><F110/><W34/><G34/><T1/><D1/><U53/><E53/><V123/><F123/><W7/><G7/><T57/><D33/><U120/><E120/><V10/><F70/><W41/><G28/><T21/><D104/><U16/><E23/><V102/><F102/><W48/><G19/><T59/><REACH who="0" step="1"/><D85/><REACH who="0" ten="250,250,250,230" step="2"/><U26/><E108/><V106/><F106/><W60/><G134/><T93/><D93/><U12/><E3/><V94/><F94/><W61/><G132/><T49/><D49/><U88/><E26/><V72/><F72/><W119/><G119/><T126/><D126/><U76/><E25/><V36/><F118/><W24/><G24/><T84/><D84/><U96/><E96/><V18/><F116/><W124/><G124/><T86/><D86/><U35/><E35/><V135/><F135/><W2/><G2/><T91/><D91/><U65/><E88/><V20/><F37/><W38/><G90/><T15/><D15/><U27/><E27/><V5/><F36/><W99/><G99/><T71/><D71/><U39/><REACH who="1" step="1"/><E6/><REACH who="1" ten="250,240,250,230" step="2"/><V8/><F5/><W117/><G117/><T87/><D87/><U11/><E11/><V44/><F10/><W89/><G89/><T100/><D100/><U40/><E40/><V77/><F43/><RYUUKYOKU ba="3,3" sc="250,10,240,10,250,-30,230,10" hai0="14,17,21,51,52,57,58,59,64,68,113,114,115" hai1="12,16,22,39,42,46,65,76,78,79,98,101,107" hai3="38,41,48,54,56,60,61,63,66,67,95,97,103" /><INIT seed="1,4,3,5,0,60" ten="260,250,220,240" oya="1" hai0="63,55,94,74,132,97,56,37,61,112,53,29,21" hai1="12,49,128,36,57,18,44,115,31,90,4,43,65" hai2="27,102,3,1,108,82,0,33,13,14,135,125,107" hai3="87,39,9,129,121,109,2,64,127,73,100,38,118"/><U42/><E115/><V75/><F102/><W5/><G121/><T16/><D112/><U35/><E128/><V101/><F101/><W130/><G73/><T15/><D132/><U6/><E35/><V92/><F92/><W83/><G109/><T26/><D37/><U105/><E105/><V124/><F107/><W104/><G127/><N who="2" m="48713" /><F108/><W81/><G118/><T58/><D74/><U46/><E31/><N who="2" m="19711" /><F135/><W133/><G133/><T51/><D51/><N who="1" m="27031" /><E90/><V111/><F111/><W8/><G100/><T7/><D7/><U122/><E36/><V120/><F120/><W40/><G104/><T113/><D113/><U41/><E41/><V30/><F30/><W91/><G83/><T114/><D114/><U48/><E122/><V80/><F80/><W88/><G91/><N who="0" m="55519" /><D29/><U71/><E71/><V99/><F99/><W24/><G39/><T106/><D106/><U68/><E68/><V25/><F25/><AGARI ba="4,3" hai="15,16,21,25,26,53,55,56,58,61,63" m="55519" machi="25" ten="30,2000,0" yaku="8,1,54,1" doraHai="60" who="0" fromWho="2" sc="260,62,250,0,220,-32,240,0" /><INIT seed="2,0,0,5,1,131" ten="322,250,188,240" oya="2" hai0="74,8,56,13,70,65,104,102,57,55,109,1,4" hai1="6,20,42,105,54,128,85,23,130,63,113,17,24" hai2="60,88,96,121,15,119,71,103,0,75,62,44,127" hai3="10,73,129,108,59,114,40,22,51,46,53,87,25"/><V126/><F0/><W52/><G73/><T100/><D74/><U50/><E113/><V18/><F119/><W117/><G117/><T94/><D104/><U135/><E105/><V58/><F121/><W95/><G129/><N who="1" m="49770" /><E135/><V78/><F71/><W31/><G114/><T61/><D109/><U34/><E6/><V68/><F68/><W32/><G108/><T41/><D41/><U89/><E42/><V26/><F44/><W28/><G10/><T84/><D1/><U19/><E63/><V82/><F26/><W16/><G32/><T134/><D134/><U83/><E34/><V111/><F111/><W47/><G47/><T107/><D107/><U5/><E5/><V9/><F62/><W7/><G7/><T124/><D124/><U72/><E72/><V76/><F76/><W101/><G53/><T99/><D84/><U81/><E81/><V38/><F38/><W97/><REACH who="3" step="1"/><G87/><REACH who="3" ten="322,250,188,230" step="2"/><T123/><D123/><U116/><E116/><V43/><F43/><W77/><G77/><T115/><D115/><U122/><E122/><V92/><REACH who="2" step="1"/><F103/><REACH who="2" ten="322,250,178,230" step="2"/><W80/><G80/><T36/><D100/><U133/><E133/><V93/><F93/><W48/><AGARI ba="0,2" hai="16,22,25,28,31,40,46,48,51,52,59,95,97,101" machi="48" ten="20,12000,2" yaku="1,1,0,1,7,1,8,1,54,2,53,1" doraHai="131" doraHaiUra="12" who="3" fromWho="3" sc="322,-30,250,-30,178,-60,230,140" /><INIT seed="3,0,0,1,3,133" ten="292,220,118,370" oya="3" hai0="66,0,93,25,74,84,37,65,50,26,95,81,68" hai1="49,60,41,27,105,4,100,128,108,135,132,19,55" hai2="35,127,111,86,76,46,97,23,119,101,29,73,38" hai3="118,30,113,16,9,34,92,5,61,10,54,21,102"/><W126/><G113/><T121/><D37/><U44/><E4/><V24/><F86/><W131/><G118/><T129/><D0/><U90/><E108/><V91/><F91/><W122/><G122/><T53/><D121/><U85/><E128/><V75/><F119/><W114/><G114/><T80/><D74/><U72/><E72/><V130/><F130/><W87/><G30/><T8/><D8/><U70/><E105/><V20/><F111/><W2/><G34/><T104/><D104/><U63/><E100/><V33/><F23/><W107/><G107/><T124/><D68/><U94/><E70/><V56/><F33/><W48/><G10/><T39/><D39/><U125/><E19/><V14/><F14/><W116/><G61/><T83/><D50/><U22/><E27/><V3/><F3/><W59/><G131/><T6/><D6/><U115/><E22/><V43/><F35/><W77/><G116/><T98/><D84/><U106/><E94/><V13/><F13/><W110/><G102/><T47/><D25/><U82/><E106/><V12/><F12/><N who="3" m="9351" /><G77/><T88/><D26/><U58/><E115/><V28/><F28/><W45/><G45/><T40/><D47/><U15/><E15/><V51/><F76/><W134/><G134/><T117/><D117/><U123/><E123/><V31/><F31/><W32/><G32/><T1/><D1/><U18/><E135/><V120/><F120/><W11/><G5/><T89/><D129/><U17/><E17/><V69/><F69/><W42/><G2/><T36/><D89/><U7/><E90/><RYUUKYOKU ba="0,0" sc="292,0,220,0,118,0,370,0" owari="292,9.2,220,-18.0,118,-38.2,370,47.0" /></mjloggm>