<mjloggm ver="2.3"><GO type="225" lobby="0"/><UN n0="%E3%82%82%E3%81%90%E3%82%89" n1="%E3%81%86%E3%82%8C%E3%81%9F%E3%82%93%E6%9E%95" n2="%E3%81%82%E3%81%84%E3%81%82%E3%81%8A%E3%81%84" n3="%E3%81%AF%E3%82%88%E3%81%8A%E3%81%98%E3%81%95%E3%82%93" dan="16,16,18,16" rate="2208.67,2195.28,2242.38,2098.95" sx="M,F,M,M"/><TAIKYOKU oya="0"/><INIT seed="0,0,0,4,3,87" ten="250,250,250,250" oya="0" hai0="18,47,117,38,104,48,130,17,69,85,110,100,97" hai1="11,6,88,13,61,31,60,135,71,131,33,2,32" hai2="95,30,45,9,16,24,84,106,56,123,133,82,127" hai3="118,109,57,66,62,44,58,89,37,65,125,34,70"/><T43/><D117/><U132/><E131/><V50/><F106/><W51/><G34/><T113/><D113/><U59/><E71/><V7/><F127/><W14/><G14/><T29/><D130/><U74/><E74/><V25/><F133/><N who="1" m="51273" /><E31/><V116/><F123/><W86/><G118/><T0/><D0/><U122/><E122/><V114/><F114/><W42/><G125/><T28/><D69/><U121/><E121/><V5/><F95/><W3/><G3/><T64/><D64/><N who="1" m="38943" /><E2/><V67/><F116/><W21/><G109/><T4/><D110/><U94/><E61/><N who="2" m="38311" /><F30/><W98/><G66/><T112/><D112/><U36/><E36/><V54/><F25/><W73/><G73/><T46/><D29/><U41/><E41/><V78/><F24/><W81/><G21/><T80/><D28/><U8/><E8/><V52/><F54/><W115/><G115/><T53/><REACH who="0" step="1"/><D4/><REACH who="0" ten="240,250,250,250" step="2"/><U90/><E33/><V40/><F40/><W23/><G42/><T22/><D22/><U107/><E32/><V126/><F126/><W10/><G23/><T105/><D105/><U26/><E107/><V72/><F72/><W102/><G70/><T129/><D129/><U68/><E68/><V39/><F39/><W103/><G37/><T76/><AGARI ba="0,1" hai="17,18,38,43,46,47,48,53,76,80,85,97,100,104" machi="76" ten="20,7800,0" yaku="1,1,0,1,7,1,53,1" doraHai="87" doraHaiUra="101" who="0" fromWho="0" sc="240,88,250,-26,250,-26,250,-26" /><INIT seed="0,1,0,4,2,86" ten="328,224,224,224" oya="0" hai0="119,81,28,23,76,132,126,55,70,42,79,108,114" hai1="98,104,62,35,56,0,27,100,36,60,72,105,1" hai2="133,14,120,115,97,2,130,124,68,92,13,39,63" hai3="78,53,11,33,134,38,99,51,32,113,71,65,109"/><T24/><D119/><U40/><E72/><V82/><F2/><W46/><G113/><T48/><D114/><U37/><E105/><V21/><F39/><W127/><G109/><T20/><D70/><U110/><E110/><V87/><F115/><W61/><G127/><T90/><D108/><U10/><E62/><V5/><F120/><W16/><G134/><T30/><D126/><U49/><E49/><V50/><F124/><W29/><G78/><T45/><D132/><U47/><E37/><V52/><F133/><W118/><G118/><T18/><D55/><U69/><E10/><V122/><F122/><W84/><G99/><T26/><D18/><U75/><E75/><V74/><F74/><W112/><G112/><T41/><D41/><U64/><REACH who="1" step="1"/><E56/><REACH who="1" ten="328,214,224,224" step="2"/><V95/><F63/><W67/><G38/><T83/><D83/><U117/><E117/><V15/><F68/><W129/><G61/><T89/><D79/><U58/><E58/><N who="2" m="33047" /><F130/><W91/><G71/><T93/><D93/><U128/><E128/><V66/><F95/><W106/><G106/><T80/><D81/><U43/><E43/><V73/><F73/><AGARI ba="1,1" hai="20,23,24,26,28,30,42,45,48,73,76,80,89,90" machi="73" ten="30,11600,0" yaku="7,1,9,1,52,2" doraHai="86" who="0" fromWho="2" sc="328,129,214,0,224,-119,224,0" /><INIT seed="0,2,0,4,0,94" ten="457,214,105,224" oya="0" hai0="109,105,3,50,125,67,32,27,49,86,56,62,30" hai1="126,31,10,63,24,34,89,14,72,59,88,35,42" hai2="69,13,41,43,111,44,46,36,124,78,29,57,130" hai3="48,104,76,106,133,37,23,28,97,107,128,16,80"/><T52/><D105/><U108/><E72/><V101/><F69/><W119/><G37/><T99/><D125/><U77/><E77/><V18/><F124/><W55/><G119/><T40/><D3/><U121/><E121/><V113/><F113/><W25/><G128/><T47/><D109/><U75/><E75/><V15/><F130/><W65/><G133/><T116/><D116/><U95/><E126/><V26/><F111/><W115/><G115/><T6/><D6/><U114/><E114/><V5/><F5/><W58/><G65/><T96/><D86/><U73/><E73/><V0/><F0/><W51/><G48/><T135/><D135/><U117/><E117/><V39/><F78/><W17/><REACH who="3" step="1"/><G97/><REACH who="3" ten="457,214,105,214" step="2"/><T12/><D12/><U120/><E108/><V134/><F134/><W87/><AGARI ba="2,1" hai="16,17,23,25,28,51,55,58,76,80,87,104,106,107" machi="87" ten="30,7900,0" yaku="1,1,2,1,0,1,54,1,53,0" doraHai="94" doraHaiUra="131" who="3" fromWho="3" sc="457,-41,214,-22,105,-22,214,95" /><INIT seed="1,0,0,3,3,133" ten="416,192,83,309" oya="1" hai0="118,55,16,113,61,110,87,32,37,76,6,92,128" hai1="114,66,53,105,17,23,20,38,84,0,15,51,72" hai2="62,30,35,67,52,68,91,2,46,50,102,75,96" hai3="107,116,82,117,86,40,5,74,106,88,120,124,104"/><U132/><E114/><V26/><F2/><W122/><G40/><T9/><D118/><N who="3" m="45673" /><G5/><T48/><D113/><U101/><E72/><V31/><F75/><W108/><G108/><T56/><D37/><U7/><E38/><V3/><F3/><W54/><G54/><T33/><D110/><U127/><E132/><V115/><F115/><W70/><G70/><T13/><D128/><U73/><E73/><V100/><F31/><W112/><G112/><T71/><D71/><U78/><E66/><V44/><F91/><W10/><G10/><T90/><D76/><U24/><E0/><V94/><REACH who="2" step="1"/><F100/><REACH who="2" ten="416,192,73,309" step="2"/><W85/><G74/><T4/><D33/><U97/><E7/><V47/><AGARI ba="0,1" hai="26,30,35,44,46,47,50,52,62,67,68,94,96,102" machi="47" ten="20,8000,1" yaku="1,1,2,1,0,1,7,1,54,1,53,0" doraHai="133" doraHaiUra="39" who="2" fromWho="2" sc="416,-20,192,-40,73,90,309,-20" /><INIT seed="2,0,0,3,4,121" ten="396,152,163,289" oya="2" hai0="53,114,26,37,109,120,128,119,107,47,51,70,117" hai1="34,42,64,99,75,58,91,102,116,24,33,129,12" hai2="27,17,78,122,135,28,88,68,127,90,69,108,15" hai3="80,133,81,46,11,67,112,21,20,23,59,126,100"/><V57/><F122/><W40/><G126/><T123/><D107/><U71/><E116/><N who="0" m="44617" /><D26/><U16/><E129/><V25/><F127/><W6/><G133/><T30/><D30/><U3/><E75/><V113/><F113/><W131/><G131/><T43/><D114/><U83/><E3/><V95/><F135/><W97/><G112/><T36/><D128/><U48/><E71/><V45/><F78/><W38/><G59/><N who="0" m="33215" /><D109/><U92/><E64/><V118/><F118/><W49/><G38/><T79/><D79/><U111/><E111/><V5/><F108/><W73/><G67/><T96/><D96/><U66/><E66/><V76/><F76/><W13/><REACH who="3" step="1"/><G73/><REACH who="3" ten="396,152,163,279" step="2"/><T105/><D37/><U35/><E35/><N who="2" m="20879" /><F57/><W4/><G4/><T85/><D70/><U72/><E34/><V94/><F5/><W134/><G134/><T2/><D123/><U93/><E72/><V1/><F68/><W125/><G125/><T65/><D65/><U60/><E58/><V110/><F69/><W87/><G87/><T104/><D85/><N who="1" m="50623" /><E33/><V18/><F110/><W74/><G74/><T29/><D120/><U61/><E24/><V19/><F27/><W10/><G10/><T52/><D29/><U86/><E86/><N who="2" m="52503" /><F45/><W32/><G32/><T132/><D132/><U31/><E31/><V63/><F1/><W55/><G55/><T124/><D2/><U89/><E42/><V77/><F63/><W39/><G39/><T101/><D124/><U22/><E48/><V103/><F77/><W50/><G50/><T7/><D36/><U98/><AGARI ba="0,1" hai="12,16,22,60,61,89,92,93,98,99,102" m="50623" machi="98" ten="30,2000,0" yaku="8,1,54,1" doraHai="121" who="1" fromWho="1" sc="396,-5,152,30,163,-10,279,-5" /><INIT seed="3,0,0,3,3,12" ten="391,182,153,274" oya="3" hai0="82,3,96,43,25,118,133,13,57,128,130,45,134" hai1="29,37,34,7,30,125,114,0,93,23,75,38,22" hai2="68,86,36,72,2,8,131,83,108,67,1,49,40" hai3="73,32,132,76,85,103,89,78,27,51,70,35,117"/><W4/><G70/><T42/><D3/><U59/><E75/><V88/><F108/><W81/><G117/><T80/><D118/><U31/><E34/><V60/><F131/><N who="0" m="50218" /><D25/><U99/><E114/><V94/><F36/><W112/><G112/><T79/><D82/><U14/><E0/><V64/><F64/><W120/><G120/><T16/><D57/><U110/><E110/><V20/><F8/><W56/><G132/><N who="0" m="50795" /><D96/><U123/><E123/><V69/><F69/><W91/><G103/><T97/><D97/><U115/><E115/><V47/><REACH who="2" step="1"/><F20/><REACH who="2" ten="391,182,143,274" step="2"/><N who="1" m="7721" /><E38/><V9/><F9/><W98/><G35/><T116/><D116/><U28/><E37/><V17/><F17/><W90/><G32/><T71/><D71/><U84/><E30/><V44/><F44/><W122/><G122/><T66/><D45/><U63/><E28/><V92/><F92/><N who="3" m="56591" /><G4/><T55/><D55/><N who="1" m="34303" /><E29/><V24/><F24/><W102/><G27/><T104/><D104/><U54/><E31/><V113/><F113/><W121/><G121/><T101/><D66/><U105/><E54/><V77/><AGARI ba="0,1" hai="1,2,40,47,49,60,67,68,72,77,83,86,88,94" machi="77" ten="30,4000,0" yaku="1,1,0,1,54,1,53,0" doraHai="12" doraHaiUra="109" who="2" fromWho="2" sc="391,-10,182,-10,143,50,274,-20" owari="381,48.1,172,-32.8,193,-20.7,254,5.4" /></mjloggm>