<mjloggm ver="2.3"><GO type="225" lobby="0"/><UN n0="%E3%81%8B%E3%82%8F%E3%81%A1%E3%82%83%E3%82%93%35%38" n1="%E3%81%8A%E3%81%8B%E3%81%8F%E3%82%89" n2="%E3%82%A2%E3%83%9E%E3%83%9D%EF%BD%9E%EF%BD%9E%E3%83%A9" n3="%E3%81%9F%E3%81%93%E2%98%86%E7%84%BC%E3%81%8D" dan="16,17,17,16" rate="2125.23,2089.76,2204.59,2096.19" sx="M,M,M,M"/><TAIKYOKU oya="0"/><INIT seed="0,0,0,5,3,42" ten="250,250,250,250" oya="0" hai0="83,116,2,132,123,78,92,7,84,135,109,126,66" hai1="101,40,45,91,62,105,79,128,125,111,60,1,102" hai2="96,118,104,98,85,80,127,33,35,82,56,71,77" hai3="112,18,72,38,29,89,44,19,28,130,75,119,36"/><T113/><D2/><U115/><E111/><V81/><F71/><W93/><G112/><T30/><D30/><U25/><E1/><V124/><F56/><W17/><G119/><T133/><D7/><U87/><E128/><V58/><F58/><W63/><G63/><T4/><D4/><U117/><E79/><V10/><F10/><W107/><G107/><T8/><D8/><U15/><E125/><N who="2" m="48203" /><F33/><W103/><G103/><T16/><D126/><U11/><E25/><V3/><F35/><W5/><G130/><T114/><D66/><U76/><E76/><N who="2" m="46215" /><F3/><W120/><G5/><T67/><D67/><U95/><E117/><V48/><F48/><W39/><G120/><T90/><D123/><U27/><E27/><V23/><F23/><W46/><G28/><T129/><D129/><U106/><E115/><N who="0" m="44041" /><D116/><U100/><E105/><V131/><F131/><W54/><G54/><T55/><D55/><U134/><E106/><V37/><F37/><W34/><G29/><T43/><D16/><N who="1" m="8319" /><E134/><N who="0" m="34305" /><T24/><DORA hai="22" /><D24/><U21/><E21/><V6/><F6/><W74/><REACH who="3" step="1"/><G34/><REACH who="3" ten="250,250,250,240" step="2"/><T73/><D43/><U86/><E60/><V97/><F118/><W52/><G52/><T99/><D109/><U32/><E62/><V14/><F104/><W31/><G31/><T121/><D121/><U50/><E32/><V88/><F77/><W41/><G41/><T51/><D51/><U65/><E65/><V26/><F88/><W13/><G13/><T61/><D61/><U47/><E40/><V70/><F14/><W57/><G57/><T12/><D12/><U68/><E50/><RYUUKYOKU ba="0,1" sc="250,15,250,-15,250,-15,240,15" hai0="73,78,83,84,90,92,99" hai3="17,18,19,36,38,39,44,46,72,74,75,89,93" /><INIT seed="0,1,1,4,2,61" ten="265,235,235,255" oya="0" hai0="119,79,6,31,14,93,86,124,103,75,102,131,63" hai1="81,51,135,89,20,64,55,60,87,43,130,88,46" hai2="56,129,45,91,7,66,120,49,36,65,47,52,42" hai3="27,40,22,58,33,70,19,95,72,90,11,50,114"/><T73/><D119/><U106/><E130/><V54/><F120/><W16/><G72/><T117/><D117/><U34/><E135/><V23/><F129/><W107/><G107/><T17/><D131/><U35/><E106/><V57/><F7/><W83/><G33/><T104/><D104/><U85/><E20/><V37/><F23/><W13/><G70/><T101/><D124/><U9/><E43/><N who="2" m="22759" /><F91/><W12/><G83/><T59/><D31/><U21/><E21/><V133/><F133/><W67/><G40/><T94/><D6/><U62/><E62/><AGARI ba="1,1" hai="37,42,47,49,52,54,56,57,62,65,66" m="22759" machi="62" ten="30,16000,3" yaku="35,5,52,2,54,1" doraHai="61" who="2" fromWho="1" sc="265,0,235,-163,235,173,255,0" /><INIT seed="1,0,0,1,5,88" ten="265,72,408,255" oya="1" hai0="37,72,83,8,84,39,90,119,1,12,94,82,122" hai1="106,42,80,9,62,36,21,100,60,98,120,24,44" hai2="127,135,65,19,77,2,3,57,43,16,56,110,73" hai3="51,107,131,125,74,4,15,87,116,17,14,70,126"/><U105/><E120/><V86/><F110/><W113/><G107/><T26/><D119/><U29/><E106/><V52/><F73/><W28/><G74/><T89/><D1/><U48/><E36/><V103/><F103/><W18/><G70/><T117/><D117/><U50/><E80/><N who="2" m="47375" /><F2/><W115/><G51/><T112/><D112/><N who="3" m="43081" /><G87/><T0/><D0/><U121/><E121/><V130/><F3/><W78/><G78/><T41/><D122/><U38/><E9/><V71/><F71/><W31/><G4/><T91/><D72/><U40/><REACH who="1" step="1"/><E38/><REACH who="1" ten="265,62,408,255" step="2"/><V59/><F127/><W30/><G116/><T101/><D82/><U134/><E134/><V133/><F135/><W97/><G131/><T132/><D132/><U104/><E104/><V92/><F130/><W46/><G126/><T6/><D39/><U53/><E53/><V93/><F133/><W109/><G125/><T10/><D10/><U129/><E129/><V69/><F52/><W22/><G109/><T68/><D37/><U54/><E54/><V64/><F43/><W61/><G22/><T111/><D41/><U32/><E32/><V33/><F33/><W118/><G118/><T13/><D111/><U128/><E128/><V27/><F65/><W67/><G67/><T81/><D8/><U11/><E11/><V96/><F64/><W95/><G46/><AGARI ba="0,1" hai="21,24,29,40,42,44,46,48,50,60,62,98,100,105" machi="46" ten="40,12000,1" yaku="1,1,9,1,53,2" doraHai="88" doraHaiUra="45" who="1" fromWho="3" sc="265,0,62,130,408,0,255,-120" /><INIT seed="1,1,0,4,2,91" ten="265,192,408,135" oya="1" hai0="75,0,21,1,128,31,13,34,12,97,70,117,18" hai1="8,102,94,72,66,113,100,127,104,6,41,44,108" hai2="48,73,123,54,22,38,16,86,32,43,119,56,67" hai3="45,14,122,17,135,95,93,110,126,130,11,64,23"/><U92/><E72/><V105/><F119/><W58/><G122/><T52/><D70/><U71/><E113/><V103/><F32/><W134/><G110/><T36/><D36/><U74/><E74/><V59/><F73/><W65/><G45/><T69/><D69/><U61/><E108/><V132/><F132/><N who="3" m="50731" /><G126/><T47/><D117/><U33/><E33/><V7/><F7/><N who="3" m="3455" /><G130/><T53/><D75/><U5/><E5/><V51/><F86/><W133/><N who="3" m="50739" /><W55/><DORA hai="76" /><G64/><T77/><D128/><U29/><E127/><V3/><F103/><W50/><G65/><T49/><D97/><U46/><E29/><V81/><F22/><W57/><G58/><T99/><D99/><U90/><E46/><V39/><F59/><W98/><G98/><T40/><D31/><U111/><E104/><V80/><F56/><W118/><G118/><T131/><D34/><U26/><E102/><V78/><F67/><W68/><G68/><T42/><D131/><U121/><E100/><V116/><F105/><W115/><G115/><T37/><D47/><U60/><E121/><V129/><F123/><W19/><G19/><T9/><D18/><U85/><E66/><V88/><F16/><W63/><G63/><T82/><D37/><U30/><E71/><V62/><F116/><W106/><G106/><T125/><D125/><U124/><E124/><V79/><F39/><W101/><G101/><T87/><D49/><N who="2" m="19018" /><F38/><W24/><AGARI ba="1,0" hai="17,23,24,50,55,57,93,95" m="3455,50739" machi="24" ten="40,5200,0" yaku="20,1,52,2" doraHai="91,76" who="3" fromWho="3" sc="265,-14,192,-27,408,-14,135,55" /><INIT seed="2,0,0,4,4,98" ten="251,165,394,190" oya="2" hai0="71,5,35,52,4,18,29,27,55,82,44,83,58" hai1="59,17,25,43,8,94,133,100,1,51,46,134,89" hai2="57,24,74,85,80,127,31,119,63,69,97,13,7" hai3="75,111,90,37,67,125,115,88,105,12,66,121,50"/><V124/><F119/><W126/><G37/><T15/><D71/><U9/><E59/><V114/><F114/><W3/><G3/><T118/><D118/><U33/><E1/><V53/><F74/><W113/><G75/><T123/><D123/><U39/><E39/><V62/><F97/><W109/><G50/><T45/><D44/><U129/><E129/><V22/><F7/><W86/><G12/><T108/><D108/><N who="3" m="41545" /><G105/><T32/><D32/><U87/><E100/><V135/><F85/><W64/><G121/><T68/><D68/><U110/><E110/><V56/><F80/><N who="3" m="49223" /><G90/><T11/><D45/><U54/><E43/><V103/><F13/><W65/><N who="3" m="16384" /><DORA hai="72" /><W21/><G21/><T112/><D112/><AGARI ba="0,0" hai="112,113,115,125,126" m="16384,49223,41545" machi="112" ten="50,6400,0" yaku="11,1,14,1,54,1" doraHai="98,72" who="3" fromWho="0" sc="251,-64,165,0,394,0,190,64" /><INIT seed="3,0,0,2,3,97" ten="187,165,394,254" oya="3" hai0="25,79,2,75,14,62,4,65,104,28,124,84,66" hai1="6,108,81,40,46,87,53,54,122,103,16,134,55" hai2="100,31,18,120,12,13,1,106,19,130,22,23,45" hai3="98,61,133,115,94,85,132,116,24,3,107,86,93"/><W50/><G3/><T88/><D2/><U121/><E108/><V73/><F73/><W42/><G61/><T110/><D104/><U91/><E134/><N who="3" m="51818" /><G24/><T70/><D66/><U26/><E6/><V102/><F106/><W126/><G50/><T30/><D110/><U119/><E119/><V71/><F71/><W20/><G20/><T10/><D124/><U51/><REACH who="1" step="1"/><E103/><REACH who="1" ten="187,155,394,254" step="2"/><N who="2" m="39467" /><F1/><W83/><G116/><T15/><D15/><U89/><E89/><V52/><F31/><W56/><G126/><T43/><D43/><U34/><E34/><V64/><F64/><W47/><G42/><T127/><D127/><U0/><E0/><V101/><F22/><AGARI ba="0,1" hai="16,22,26,40,46,51,53,54,55,81,87,91,121,122" machi="22" ten="40,5200,0" yaku="1,1,54,1,53,1" doraHai="97" doraHaiUra="80" who="1" fromWho="2" sc="187,0,155,62,394,-52,254,0" owari="187,-31.3,217,-18.3,342,44.2,254,5.4" /></mjloggm>