<mjloggm ver="2.3"><GO type="225" lobby="0"/><UN n0="%E6%A1%9C%E8%8A%B1%E9%96%83%E3%80%85" n1="%E3%83%B4%E3%83%A0%EF%BC%99%E3%81%A6" n2="%E6%81%A5%E6%99%92%E3%81%97" n3="%E5%8D%A0%E3%81%84%E5%B8%AB%E8%A3%8F%E3%81%AA%E3%81%84%E3%81%97" dan="16,16,16,17" rate="2116.62,2103.51,2142.19,2138.10" sx="M,M,M,M"/><TAIKYOKU oya="0"/><INIT seed="0,0,0,0,4,109" ten="250,250,250,250" oya="0" hai0="10,123,58,50,81,18,21,4,129,95,106,135,16" hai1="80,25,101,27,86,59,105,97,71,31,99,64,76" hai2="14,111,78,75,19,24,87,69,104,91,49,70,35" hai3="118,113,38,93,32,7,1,41,65,77,34,12,133"/><T30/><D123/><U52/><E97/><V127/><F111/><W79/><G118/><T102/><D106/><U9/><E9/><V112/><F127/><W85/><G1/><T114/><D129/><U126/><E126/><V56/><F35/><W131/><G131/><T63/><D135/><U89/><E76/><V120/><F24/><W11/><G133/><T3/><D114/><U107/><E107/><V119/><F120/><W74/><G74/><T82/><D30/><U36/><E36/><V46/><F119/><W62/><G113/><T108/><D50/><U33/><E25/><V124/><F124/><W60/><G79/><T96/><D108/><U83/><E83/><V122/><F104/><W47/><G62/><T20/><D20/><U68/><REACH who="1" step="1"/><E64/><REACH who="1" ten="250,240,250,250" step="2"/><V44/><F78/><W67/><G67/><T103/><D103/><U98/><E98/><V92/><F122/><W39/><G38/><T132/><D132/><U48/><AGARI ba="0,1" hai="27,31,33,48,52,59,68,71,80,86,89,99,101,105" machi="48" ten="20,5200,0" yaku="1,1,0,1,7,1,54,1,53,0" doraHai="109" doraHaiUra="73" who="1" fromWho="1" sc="250,-26,240,62,250,-13,250,-13" /><INIT seed="1,0,0,2,0,25" ten="224,302,237,237" oya="1" hai0="75,89,123,7,2,125,18,124,111,55,113,97,66" hai1="8,95,33,87,29,65,54,10,42,79,44,59,81" hai2="99,60,96,52,1,76,126,24,41,14,63,82,40" hai3="38,134,101,34,39,46,70,9,30,11,128,26,64"/><U12/><E65/><V73/><F126/><N who="0" m="48746" /><D113/><U17/><E8/><V45/><F1/><W133/><G128/><T118/><D118/><U0/><E0/><V13/><F40/><N who="3" m="22807" /><G39/><T74/><D111/><U109/><E109/><V127/><F127/><W85/><G85/><T5/><D123/><U36/><E95/><V58/><F63/><N who="3" m="40223" /><G101/><T83/><D66/><U72/><E72/><V105/><F24/><W114/><G114/><T98/><D55/><U49/><REACH who="1" step="1"/><E33/><REACH who="1" ten="224,292,237,237" step="2"/><V71/><F71/><W115/><G115/><T48/><D2/><U3/><E3/><V84/><F73/><W132/><AGARI ba="0,1" hai="9,11,26,30,34,132,133,134" m="40223,22807" machi="132" ten="30,2000,0" yaku="20,1,52,1" doraHai="25" who="3" fromWho="3" sc="224,-5,292,-10,237,-5,237,30" /><INIT seed="2,0,0,0,1,124" ten="219,282,232,267" oya="2" hai0="117,21,60,51,77,100,63,19,123,64,34,38,65" hai1="53,41,95,73,113,0,133,82,114,25,66,67,32" hai2="57,5,107,108,45,81,134,132,29,91,56,72,42" hai3="26,135,122,86,116,84,39,55,54,33,20,105,126"/><V49/><F107/><W61/><G116/><T87/><D123/><U35/><E0/><V15/><F29/><W103/><G122/><T90/><D38/><U27/><E41/><V96/><F108/><W52/><G126/><T44/><D34/><U76/><E133/><N who="2" m="51307" /><F96/><W106/><G33/><T110/><D77/><U97/><E53/><V102/><F102/><W75/><G75/><T109/><D100/><U24/><E32/><V99/><F72/><W12/><G39/><T70/><D117/><U104/><E35/><V101/><F101/><W43/><G43/><T111/><D51/><U31/><E31/><V115/><F115/><W4/><G135/><T62/><D44/><U9/><E104/><V78/><F78/><W17/><G105/><T28/><D28/><U47/><E9/><N who="2" m="4527" /><F99/><W7/><G103/><T92/><REACH who="0" step="1"/><D70/><REACH who="0" ten="209,282,232,267" step="2"/><U30/><E30/><V1/><F1/><W2/><G2/><T23/><D23/><U88/><E113/><V18/><F18/><W94/><G106/><T121/><D121/><U89/><E114/><V93/><F57/><W13/><G17/><T129/><D129/><U3/><E3/><V10/><F56/><W131/><G131/><T16/><D16/><U14/><E89/><V119/><F119/><W36/><G20/><T85/><D85/><U68/><E68/><V50/><F49/><W98/><G36/><T130/><D130/><U79/><E79/><V128/><F128/><W80/><G86/><T118/><D118/><U71/><E71/><V59/><F59/><W22/><G84/><T112/><D112/><U125/><E76/><RYUUKYOKU ba="0,1" sc="209,30,282,-10,232,-10,267,-10" hai0="19,21,60,62,63,64,65,87,90,92,109,110,111" /><INIT seed="3,1,1,2,1,131" ten="239,272,222,257" oya="3" hai0="85,106,3,58,125,95,62,120,30,89,51,93,27" hai1="7,119,102,11,0,13,42,118,36,9,10,78,40" hai2="60,71,80,22,134,97,24,6,130,44,99,82,50" hai3="57,37,98,135,61,96,105,34,67,115,66,32,18"/><W17/><G115/><T86/><D120/><U2/><E102/><V132/><F130/><W133/><G37/><T1/><D106/><U73/><E0/><V123/><F6/><W53/><G53/><T25/><D125/><U56/><E56/><V38/><F38/><W64/><G105/><T12/><D51/><U59/><E59/><V104/><F123/><W76/><G76/><T63/><D12/><U92/><E92/><V113/><F113/><W49/><G49/><T23/><D27/><U46/><E40/><N who="2" m="24839" /><F82/><W65/><G17/><T70/><D70/><U43/><E43/><V74/><F80/><W110/><G110/><T88/><REACH who="0" step="1"/><D63/><REACH who="0" ten="229,272,222,257" step="2"/><U33/><E13/><V128/><F128/><W87/><G87/><T19/><D19/><U90/><E7/><V103/><F74/><W29/><G18/><T20/><D20/><U112/><E73/><V124/><F124/><W109/><G109/><T107/><D107/><U108/><E108/><V77/><F60/><W28/><G32/><T122/><D122/><U5/><E33/><V8/><F71/><W75/><G75/><T101/><D101/><U121/><E121/><V26/><F22/><W35/><G35/><T126/><D126/><U72/><E72/><V117/><F24/><N who="3" m="18695" /><G29/><T116/><D116/><U91/><E118/><V39/><F26/><W81/><G81/><T48/><D48/><U52/><E119/><V114/><F117/><W84/><G84/><T45/><D45/><U111/><E111/><V55/><F39/><W4/><G4/><T79/><D79/><U127/><E36/><V69/><F77/><RYUUKYOKU ba="1,2" sc="229,15,272,-15,222,-15,257,15" hai0="1,3,23,25,30,58,62,85,86,88,89,93,95" hai3="57,61,64,65,66,67,96,98,133,135" /><INIT seed="3,2,2,2,0,87" ten="244,257,207,272" oya="3" hai0="125,92,62,89,56,16,127,15,65,31,97,5,77" hai1="117,119,21,115,68,7,51,39,45,35,114,44,3" hai2="130,18,13,2,105,11,79,131,33,67,129,70,10" hai3="95,94,22,58,38,135,71,49,37,83,99,24,61"/><W19/><G135/><T81/><D31/><U96/><E35/><V9/><F105/><W109/><G109/><T0/><D0/><U12/><E3/><V53/><F79/><W4/><G71/><T28/><D28/><U82/><E68/><V84/><F33/><W121/><G121/><T6/><D127/><U100/><E39/><V78/><F53/><N who="3" m="33999" /><G94/><T133/><D133/><U128/><E128/><N who="2" m="32771" /><V57/><DORA hai="75" /><F70/><W102/><G37/><T26/><D26/><U59/><E59/><V112/><F112/><W42/><G38/><T60/><D60/><U93/><E82/><N who="2" m="47191" /><F2/><W126/><G126/><T123/><D123/><U23/><E114/><V98/><F98/><W27/><G83/><T116/><D116/><U17/><E115/><V118/><F118/><W85/><G85/><N who="0" m="48303" /><D125/><U30/><E117/><V110/><F110/><W108/><G108/><T20/><AGARI ba="2,2" hai="5,6,15,16,20,56,62,65,89,92,97" m="48303" machi="20" ten="30,7900,0" yaku="8,1,52,2,54,1" doraHai="87,75" who="0" fromWho="0" sc="244,105,257,-22,207,-22,272,-41" owari="349,44.9,235,3.5,185,-31.5,231,-16.9" /></mjloggm>