<mjloggm ver="2.3"><GO type="225" lobby="0"/><UN n0="%4C%4F%4C%49%54%41" n1="%E6%97%A5%E6%9B%9C%E6%97%A5%E3%82%88%E3%82%8A%E3%81%AE%E4%BD%BF%E8%80%85" n2="%E4%B8%AD%E5%B9%B4%E3%81%AE%E5%8D%B1%E6%A9%9F" n3="%E6%80%AA%E3%81%97%E3%81%99%E3%81%8E%E3%82%8B%E3%83%81%E3%83%BC" dan="16,18,17,16" rate="2188.08,2148.30,2198.52,2131.04" sx="F,M,M,M"/><TAIKYOKU oya="0"/><INIT seed="0,0,0,5,3,29" ten="250,250,250,250" oya="0" hai0="84,67,35,15,44,55,6,45,30,102,59,70,40" hai1="77,21,78,130,56,134,17,116,48,68,81,92,1" hai2="58,105,60,23,65,51,79,125,110,87,18,76,13" hai3="104,95,83,3,54,80,2,90,11,121,53,42,28"/><T124/><D124/><U101/><E68/><V117/><F125/><W39/><G104/><T36/><D44/><U31/><E1/><V99/><F117/><W49/><G121/><T41/><D41/><U97/><E116/><V98/><F110/><W88/><G28/><T32/><D30/><U73/><E130/><V33/><F33/><W85/><G39/><T61/><D102/><U119/><E119/><V4/><F105/><W111/><G111/><T69/><D69/><U50/><E134/><V96/><F4/><W27/><G27/><T46/><D46/><U126/><E126/><V62/><F51/><W91/><G42/><T120/><D120/><U74/><E31/><V8/><F23/><W22/><G22/><T131/><D131/><U34/><E56/><V47/><F47/><W43/><G43/><T7/><D84/><U82/><REACH who="1" step="1"/><E34/><REACH who="1" ten="250,240,250,250" step="2"/><N who="0" m="12841" /><D15/><AGARI ba="0,1" hai="15,17,21,48,50,73,74,77,78,81,82,92,97,101" machi="15" ten="30,3900,0" yaku="1,1,7,1,9,1,53,0" doraHai="29" doraHaiUra="109" who="1" fromWho="0" sc="250,-39,240,49,250,0,250,0" /><INIT seed="1,0,0,5,0,84" ten="211,289,250,250" oya="1" hai0="112,45,64,121,68,12,72,131,98,122,78,74,52" hai1="3,34,36,100,35,33,82,117,17,120,56,69,80" hai2="91,16,107,114,47,92,25,42,31,27,63,37,94" hai3="119,123,96,95,23,93,62,24,15,104,40,116,102"/><U124/><E69/><V61/><F107/><W32/><G123/><N who="0" m="47115" /><D112/><U51/><E120/><V81/><F114/><W89/><G40/><T22/><D131/><U39/><E3/><V76/><F27/><W7/><G32/><T18/><D78/><U13/><E117/><N who="3" m="45130" /><G62/><N who="0" m="39959" /><D98/><U109/><E100/><V65/><F16/><N who="3" m="12391" /><G89/><T1/><D1/><U127/><E109/><V79/><F79/><W73/><G73/><T14/><D14/><U99/><E99/><V132/><F132/><W9/><AGARI ba="0,0" hai="7,9,15,93,95,96,102,104" m="12391,45130" machi="9" ten="30,2000,0" yaku="12,1,54,1" doraHai="84" who="3" fromWho="3" sc="211,-5,289,-10,250,-5,250,20" /><INIT seed="2,0,0,1,2,5" ten="206,279,245,270" oya="2" hai0="47,104,124,122,56,116,2,54,114,34,76,14,10" hai1="125,83,48,98,100,118,107,126,36,113,60,62,29" hai2="115,52,58,79,40,0,49,108,31,57,130,97,69" hai3="23,88,65,121,22,28,6,12,112,68,105,18,117"/><V30/><F115/><W15/><G112/><T67/><D114/><U110/><E113/><RYUUKYOKU type="kaze4" ba="0,0" sc="206,0,279,0,245,0,270,0" /><INIT seed="2,1,0,0,2,114" ten="206,279,245,270" oya="2" hai0="71,14,89,134,92,98,107,49,131,22,109,5,133" hai1="119,101,3,44,81,13,40,38,64,68,16,58,0" hai2="60,80,27,37,86,33,125,75,17,128,41,76,108" hai3="59,23,94,73,67,10,117,52,30,104,97,34,4"/><V103/><F125/><W55/><G117/><T120/><D120/><U19/><E119/><V111/><F128/><W85/><G34/><T24/><D71/><U48/><E101/><V77/><F103/><N who="3" m="60855" /><G104/><T1/><D1/><U116/><E116/><V105/><F105/><W15/><G73/><T79/><D131/><U2/><E81/><V20/><F33/><W106/><G85/><T28/><D109/><N who="2" m="42058" /><F60/><N who="3" m="38303" /><G106/><T102/><D79/><U84/><E84/><V100/><F100/><W62/><G62/><T42/><D102/><U74/><E74/><V95/><F95/><W8/><G8/><T132/><D107/><U126/><E126/><V122/><F122/><W12/><G12/><T118/><D118/><U35/><E35/><V70/><F70/><W113/><G113/><T69/><D69/><U7/><E68/><V46/><F75/><W51/><G51/><T25/><D25/><AGARI ba="1,0" hai="4,10,15,23,25,30,52,55" m="38303,60855" machi="25" ten="30,3900,0" yaku="25,1,8,1,54,1" doraHai="114" who="3" fromWho="0" sc="206,-42,279,0,245,0,270,42" /><INIT seed="3,0,0,2,4,26" ten="164,279,245,312" oya="3" hai0="1,22,36,105,9,18,87,15,65,75,12,106,135" hai1="21,121,47,51,114,5,30,109,3,34,111,64,32" hai2="42,43,39,37,122,2,28,89,55,60,45,67,7" hai3="59,53,134,82,4,90,95,57,20,128,31,66,38"/><W101/><G38/><T124/><D75/><U123/><E64/><V119/><F119/><W92/><G134/><T97/><D135/><U23/><E51/><V85/><F122/><N who="1" m="46601" /><E47/><V118/><F118/><W11/><G128/><T77/><D124/><U54/><E54/><V132/><F132/><W61/><G31/><T52/><D36/><U40/><E40/><V74/><F74/><W63/><G20/><N who="1" m="7754" /><E114/><V29/><F55/><W107/><G107/><T131/><D131/><U112/><E112/><V102/><F102/><W88/><G82/><T116/><D1/><U69/><E69/><V35/><F35/><N who="1" m="13353" /><E30/><N who="2" m="11883" /><F2/><W16/><G4/><T76/><D65/><U8/><AGARI ba="0,0" hai="3,5,8,109,111" m="13353,7754,46601" machi="8" ten="40,2700,0" yaku="34,2" doraHai="26" who="1" fromWho="1" sc="164,-7,279,27,245,-7,312,-13" owari="157,-34.3,306,40.6,238,-16.2,299,9.9" /></mjloggm>