<mjloggm ver="2.3"><GO type="225" lobby="0"/><UN n0="%E6%A1%9C%E8%8A%B1%E9%96%83%E3%80%85" n1="%E3%81%AF%E3%82%88%E3%81%8A%E3%81%98%E3%81%95%E3%82%93" n2="%43%68%65" n3="%E3%81%99%E3%81%84%E3%81%BE%E3%81%9B%E3%83%BC%E3%82%93" dan="16,16,16,16" rate="2132.23,2114.40,2109.70,2156.70" sx="M,M,M,M"/><TAIKYOKU oya="0"/><INIT seed="0,0,0,2,1,9" ten="250,250,250,250" oya="0" hai0="68,0,96,26,23,135,22,56,45,88,14,33,69" hai1="105,28,129,51,49,84,54,18,32,66,27,25,44" hai2="7,65,114,131,37,72,36,52,112,125,80,102,63" hai3="86,104,21,15,116,59,4,103,19,57,115,64,55"/><T101/><D0/><U117/><E117/><V99/><F125/><W76/><G116/><T1/><D1/><U58/><E129/><V134/><F131/><W92/><G115/><T122/><D122/><U35/><E105/><V40/><F7/><W42/><G42/><T94/><D135/><U82/><E66/><V8/><F134/><W11/><G104/><T48/><D56/><U87/><E82/><V133/><F133/><W60/><G76/><T16/><D33/><U75/><E75/><V118/><F118/><W127/><G127/><T5/><D101/><U107/><E107/><V53/><F8/><W93/><G86/><T71/><D5/><U74/><E74/><V43/><F72/><W79/><G79/><T110/><D110/><U124/><E124/><V30/><F30/><W12/><G103/><T83/><D83/><U62/><E62/><AGARI ba="0,0" hai="4,11,12,15,19,21,55,57,59,60,62,64,92,93" machi="62" ten="30,7700,0" yaku="7,1,8,1,52,2" doraHai="9" who="3" fromWho="1" sc="250,0,250,-77,250,0,250,77" /><INIT seed="1,0,0,5,2,58" ten="250,173,250,327" oya="1" hai0="54,93,118,18,23,21,29,67,116,64,135,34,107" hai1="132,33,79,112,43,80,5,85,88,39,98,104,114" hai2="52,15,50,102,113,129,124,82,17,19,72,108,57" hai3="73,27,48,103,131,37,32,117,45,133,7,68,66"/><U121/><E33/><V106/><F108/><W130/><G73/><T40/><D107/><U31/><E31/><V111/><F111/><W59/><G133/><T16/><D40/><U13/><E121/><V100/><F124/><W30/><G117/><T94/><D54/><U49/><E39/><V4/><F129/><W99/><G7/><T2/><D29/><U101/><E132/><V6/><F113/><W74/><G74/><T61/><D135/><U42/><E42/><V8/><F106/><N who="3" m="63871" /><G59/><T28/><D28/><U96/><E96/><V127/><F127/><W65/><G37/><T35/><D2/><U10/><REACH who="1" step="1"/><E88/><REACH who="1" ten="250,163,250,327" step="2"/><V92/><F102/><W119/><G30/><T97/><D97/><U36/><E36/><V87/><F100/><W62/><G32/><T84/><D84/><U123/><E123/><V89/><F72/><W110/><G110/><T134/><D134/><U122/><E122/><V38/><F38/><W14/><G131/><T120/><D120/><U75/><E75/><V128/><F128/><W71/><G130/><T115/><D115/><U0/><E0/><V77/><F77/><W63/><G119/><T24/><D35/><U11/><E11/><V41/><F41/><W60/><G27/><N who="0" m="14759" /><D34/><U76/><E76/><V81/><F81/><W9/><G9/><T70/><D118/><U12/><E12/><N who="2" m="7303" /><F82/><W109/><G14/><T53/><D116/><U56/><E56/><V20/><AGARI ba="0,1" hai="4,6,15,19,20,50,52,57,87,89,92" m="7303" machi="20" ten="30,4000,0" yaku="25,1,8,1,54,1" doraHai="58" who="2" fromWho="2" sc="250,-10,163,-20,250,50,327,-10" /><INIT seed="2,0,0,0,3,108" ten="240,143,300,317" oya="2" hai0="69,43,36,91,35,111,82,48,131,135,123,49,9" hai1="114,86,52,117,4,53,124,10,34,116,44,1,72" hai2="92,37,121,24,32,19,96,64,39,26,51,73,3" hai3="88,22,66,25,29,100,89,2,47,98,55,101,79"/><V17/><F121/><W115/><G2/><T62/><D123/><U122/><E122/><V11/><F73/><W30/><G115/><T54/><D35/><U45/><E72/><V99/><F64/><W61/><G79/><T85/><D111/><U118/><E34/><V7/><F51/><W14/><G30/><T81/><D131/><U105/><E105/><V23/><F99/><W107/><G101/><T60/><D135/><U59/><E124/><V33/><F33/><W13/><G55/><T102/><D102/><U127/><E127/><V129/><F129/><W128/><G47/><N who="0" m="25727" /><D36/><U87/><E114/><V97/><F97/><W6/><G128/><T15/><D81/><U104/><E104/><V65/><F65/><W80/><G6/><N who="0" m="3511" /><D69/><U18/><E18/><V134/><F134/><W76/><G13/><T12/><D12/><U41/><E45/><AGARI ba="0,0" hai="45,49,54,60,62,82,85,91" m="3511,25727" machi="45" ten="30,1000,0" yaku="8,1" doraHai="108" who="0" fromWho="1" sc="240,10,143,-10,300,0,317,0" /><INIT seed="3,0,0,5,2,21" ten="250,133,300,317" oya="3" hai0="126,86,131,30,50,88,57,28,82,35,0,24,13" hai1="127,69,132,34,32,59,79,61,46,106,98,36,5" hai2="85,116,40,77,23,11,58,47,122,96,128,113,104" hai3="124,60,120,76,25,55,41,94,78,90,102,4,117"/><W87/><G120/><T92/><D0/><U63/><E127/><V100/><F113/><W123/><G123/><T52/><D126/><U64/><E132/><V29/><F122/><W54/><G117/><T118/><D131/><U112/><E112/><V1/><F116/><W2/><G124/><T8/><D118/><U27/><E5/><V43/><F128/><W6/><G41/><T114/><D114/><U44/><E79/><N who="3" m="30250" /><G102/><T107/><D107/><U99/><E36/><V72/><F85/><W129/><G2/><T37/><D30/><U84/><E84/><V89/><F89/><W83/><G25/><T42/><D42/><U71/><E59/><V62/><F43/><W14/><G14/><T93/><D37/><U110/><E64/><V16/><F29/><W125/><G129/><T7/><AGARI ba="0,0" hai="7,8,13,24,28,35,50,52,57,82,86,88,92,93" machi="7" ten="20,8000,1" yaku="0,1,7,1,52,1,54,2" doraHai="21" who="0" fromWho="0" sc="250,80,133,-20,300,-20,317,-40" owari="330,43.0,113,-38.7,280,8.0,277,-12.3" /></mjloggm>