<mjloggm ver="2.3"><GO type="225" lobby="0"/><UN n0="%E3%81%9F%E3%81%A3%E3%81%A1%E3%82%87" n1="%E8%81%B7%E6%A5%AD%E3%80%81%E9%A2%A8%32" n2="%33%74%72%65%65" n3="%45%6C%79%73%69%75%6D" dan="16,16,17,17" rate="2096.76,2117.72,2134.56,2128.92" sx="M,M,F,F"/><TAIKYOKU oya="0"/><INIT seed="0,0,0,4,3,97" ten="250,250,250,250" oya="0" hai0="23,85,51,63,49,66,11,35,40,68,127,112,78" hai1="58,96,69,4,1,95,57,79,19,28,26,91,81" hai2="126,65,102,82,89,71,121,111,56,6,54,100,98" hai3="86,3,42,39,93,10,36,115,87,114,31,130,46"/><T72/><D112/><U118/><E69/><V20/><F121/><W105/><G105/><T61/><D35/><U104/><E118/><V13/><F111/><W32/><G130/><T64/><D72/><U5/><E19/><N who="2" m="10351" /><F71/><W107/><G107/><T0/><D127/><U99/><E5/><V124/><F65/><W122/><G36/><T67/><D40/><U8/><E99/><V34/><F34/><W41/><G41/><T59/><D67/><U80/><E80/><V22/><F6/><W53/><G122/><T45/><D23/><U116/><E104/><V60/><F22/><W108/><G108/><T120/><D120/><U88/><E91/><V129/><F129/><W12/><G3/><T14/><D0/><U44/><E116/><V62/><F62/><W110/><G110/><T123/><D45/><U17/><E17/><V29/><F29/><W43/><G31/><T131/><D123/><U7/><E7/><V25/><F25/><W74/><G32/><T134/><D134/><U133/><E133/><V135/><F135/><W52/><G74/><T24/><D24/><U55/><E26/><V9/><F9/><W92/><G42/><T94/><D131/><U103/><E28/><V132/><F132/><W75/><G75/><T18/><REACH who="0" step="1"/><D78/><REACH who="0" ten="240,250,250,250" step="2"/><U15/><E1/><V47/><F124/><W30/><G115/><T77/><D77/><U27/><E79/><V70/><F126/><W2/><G114/><T84/><D84/><N who="3" m="32297" /><G2/><T109/><D109/><U37/><E27/><V73/><F73/><W16/><G30/><T33/><D33/><U117/><E117/><RYUUKYOKU ba="0,1" sc="240,15,250,-15,250,-15,250,15" hai0="11,14,18,49,51,59,61,63,64,66,68,85,94" hai3="10,12,16,39,43,46,52,53,92,93" /><INIT seed="0,1,1,1,0,75" ten="255,235,235,265" oya="0" hai0="101,88,64,2,7,54,68,58,25,98,103,50,4" hai1="109,83,51,36,134,113,84,24,124,62,111,119,99" hai2="53,121,74,105,9,31,16,97,67,40,95,56,70" hai3="42,118,87,55,130,94,66,0,115,100,120,81,14"/><T92/><D2/><U104/><E36/><V29/><F121/><W21/><G0/><T18/><D68/><U89/><E119/><V82/><F105/><W60/><G115/><T10/><D64/><U63/><E113/><V45/><F70/><W125/><G118/><T27/><D27/><U126/><E134/><V72/><F67/><W77/><G125/><N who="1" m="48234" /><E24/><V114/><F72/><W96/><G130/><T107/><D107/><U78/><E51/><N who="2" m="27047" /><F74/><W131/><G131/><T61/><D50/><U33/><E33/><V15/><F82/><W93/><G42/><T85/><D10/><U30/><E30/><V112/><F112/><W52/><G94/><T19/><D85/><N who="1" m="48375" /><E62/><N who="2" m="36111" /><F114/><W57/><G120/><T6/><D18/><AGARI ba="1,1" hai="14,18,21,52,55,57,60,66,77,81,87,93,96,100" machi="18" ten="40,5200,0" yaku="8,1,52,1,54,1" doraHai="75" who="3" fromWho="0" sc="255,-55,235,0,235,0,265,65" /><INIT seed="1,0,0,4,1,130" ten="200,235,235,330" oya="1" hai0="40,97,115,63,26,13,93,45,5,102,22,95,68" hai1="38,80,10,35,122,64,23,118,119,27,12,17,82" hai2="65,66,73,11,76,100,18,39,61,55,127,57,32" hai3="46,24,31,25,120,131,71,114,134,52,37,3,84"/><U121/><E38/><V104/><F127/><W72/><G72/><T126/><D115/><U105/><E105/><V67/><F32/><W19/><G71/><T112/><D112/><U117/><E64/><V62/><F39/><W98/><G114/><T54/><D126/><U36/><E36/><V91/><F73/><W70/><G70/><T85/><D68/><U43/><E43/><V94/><F76/><W34/><G131/><T109/><D109/><U21/><E82/><V88/><F104/><W50/><G3/><T6/><D13/><U16/><E80/><V113/><F113/><W110/><G84/><T8/><D8/><U86/><E86/><V60/><F100/><W4/><G4/><T83/><D93/><U78/><E78/><V81/><F81/><W53/><G120/><T9/><D9/><U101/><E101/><V124/><F124/><W59/><G37/><T20/><D40/><U96/><E96/><N who="2" m="57415" /><F91/><W56/><G110/><T51/><D63/><U129/><E129/><V30/><F30/><W74/><G74/><T125/><D125/><U89/><E89/><V28/><F28/><W116/><G31/><T42/><D42/><U99/><E99/><V29/><F29/><W0/><G98/><T107/><D107/><U79/><E79/><V2/><F2/><W87/><G0/><T132/><D132/><U49/><E35/><V58/><F55/><W108/><G53/><T15/><D15/><AGARI ba="0,0" hai="11,15,18,57,58,60,61,62,65,66,67" m="57415" machi="15" ten="30,2000,0" yaku="8,1,54,1" doraHai="130" who="2" fromWho="0" sc="200,-20,235,0,235,20,330,0" /><INIT seed="2,0,0,4,0,65" ten="180,235,255,330" oya="2" hai0="111,13,62,56,23,114,72,126,91,97,135,67,42" hai1="93,48,120,39,89,44,36,15,3,10,29,121,47" hai2="73,88,20,61,40,7,127,102,125,82,122,79,49" hai3="80,63,12,33,26,43,41,85,55,59,54,119,64"/><V60/><F122/><N who="1" m="47209" /><E3/><V35/><F35/><W27/><G119/><T6/><D114/><U106/><E29/><V71/><F102/><W133/><G133/><T30/><D135/><U31/><E31/><V5/><F20/><W132/><G132/><T1/><D72/><U123/><E106/><V95/><F40/><N who="3" m="15435" /><G12/><T117/><D111/><U37/><E48/><V22/><F22/><W131/><G33/><T81/><D126/><N who="2" m="48138" /><F49/><W84/><G131/><T74/><D1/><U107/><E107/><V90/><F60/><W109/><G109/><T70/><D42/><U66/><E66/><N who="2" m="41423" /><F90/><W83/><G63/><T98/><D117/><U16/><N who="1" m="47217" /><U45/><DORA hai="112" /><E39/><V75/><F75/><W104/><G104/><T108/><D108/><U105/><E105/><V103/><F103/><W11/><G11/><T100/><D100/><U87/><AGARI ba="0,0" hai="10,15,16,36,37,44,45,47,87,89,93" m="47217" machi="87" ten="50,3200,0" yaku="13,1,54,1" doraHai="65,112" who="1" fromWho="1" sc="180,-8,235,32,255,-16,330,-8" /><INIT seed="3,0,0,0,4,87" ten="172,267,239,322" oya="3" hai0="1,77,104,17,62,131,36,90,78,26,21,135,8" hai1="40,44,111,56,93,110,49,121,43,119,80,89,11" hai2="72,94,16,95,109,48,118,123,6,96,125,18,0" hai3="12,84,133,27,4,59,14,116,22,46,30,23,69"/><W15/><G69/><T128/><D104/><U50/><E121/><V85/><F118/><W75/><G75/><T39/><D135/><U73/><E119/><V126/><F72/><W117/><G133/><T86/><D62/><U74/><E11/><N who="2" m="2503" /><F123/><W101/><G101/><T24/><D8/><U58/><E80/><V32/><F32/><W33/><G46/><T51/><D1/><U5/><E5/><V106/><F106/><W45/><G45/><T13/><D51/><U31/><E31/><V127/><F109/><W57/><G4/><T47/><D47/><U113/><E44/><V63/><F48/><W107/><G107/><T76/><D36/><U38/><E93/><V82/><F63/><W71/><G71/><T103/><D103/><U98/><E98/><V102/><F94/><W10/><G10/><T120/><D120/><U115/><E38/><V105/><F105/><W41/><G41/><T81/><REACH who="0" step="1"/><D39/><REACH who="0" ten="162,267,239,322" step="2"/><U19/><E40/><V91/><AGARI ba="0,1" hai="16,18,82,85,91,95,96,102,125,126,127" m="2503" machi="91" ten="30,4000,0" yaku="18,1,52,1,54,1" doraHai="87" who="2" fromWho="2" sc="162,-10,267,-10,239,50,322,-20" owari="152,-34.8,257,-14.3,289,8.9,302,40.2" /></mjloggm>