<mjloggm ver="2.3"><GO type="225" lobby="0"/><UN n0="%4C%4F%4C%49%54%41" n1="%E5%84%AA%40%41%42%43" n2="%E3%83%99%E3%83%AB%E3%83%A2%E3%83%83%E3%83%88" n3="%E9%B3%B3%E6%9D%B1%E3%81%AE%E3%81%86%E3%81%95%E3%81%8E%E3%81%95%E3%82%93" dan="16,17,16,17" rate="2157.49,2134.30,2103.21,2259.74" sx="F,M,M,M"/><TAIKYOKU oya="0"/><INIT seed="0,0,0,5,0,116" ten="250,250,250,250" oya="0" hai0="59,67,87,85,88,130,53,43,68,90,5,58,17" hai1="110,124,13,79,12,34,119,70,80,24,134,3,39" hai2="120,21,16,97,94,30,102,9,23,33,51,2,20" hai3="99,123,60,63,121,75,126,56,48,91,71,44,49"/><T133/><D68/><U25/><E80/><V107/><F120/><N who="3" m="46155" /><G126/><T6/><D130/><U29/><E79/><V81/><F81/><W89/><G75/><T32/><D32/><U57/><E57/><V65/><F65/><N who="3" m="41383" /><G99/><T1/><D1/><U77/><E13/><V115/><F115/><W10/><G10/><T42/><D17/><U66/><E12/><V113/><F113/><W132/><G132/><T108/><D67/><U14/><E14/><V125/><F2/><W76/><G76/><T96/><D96/><U131/><E77/><V61/><F125/><W26/><G26/><T114/><D53/><U54/><E54/><V117/><F9/><W35/><G35/><T4/><D114/><U122/><E25/><V69/><F33/><W129/><G129/><T100/><D6/><U11/><E24/><V106/><F30/><W8/><G8/><T31/><D31/><U86/><E11/><V93/><F97/><W84/><G44/><T135/><REACH who="0" step="1"/><D108/><REACH who="0" ten="240,250,250,250" step="2"/><U22/><E110/><V15/><F15/><W127/><G127/><T72/><D72/><U82/><E124/><V19/><F19/><W46/><G84/><T101/><AGARI ba="0,1" hai="4,5,42,43,58,59,85,87,88,90,100,101,133,135" machi="101" ten="25,12000,1" yaku="1,1,0,1,22,2,54,1,53,0" doraHai="116" doraHaiUra="50" who="0" fromWho="0" sc="240,130,250,-40,250,-40,250,-40" /><INIT seed="0,1,0,1,4,86" ten="370,210,210,210" oya="0" hai0="11,7,76,25,59,42,24,28,115,68,108,26,54" hai1="78,128,1,102,126,18,30,131,100,84,109,133,114" hai2="123,119,16,62,39,60,21,49,97,13,110,41,63" hai3="20,132,77,72,116,35,32,64,79,33,44,120,96"/><T66/><D115/><U48/><E1/><V80/><F39/><W103/><G116/><T6/><D68/><U127/><E30/><V23/><F110/><W10/><G132/><T92/><D108/><U75/><E109/><V95/><F123/><W89/><G120/><T70/><D70/><U3/><E3/><V85/><F41/><W19/><G64/><T69/><D69/><U36/><E36/><V4/><F4/><W91/><G10/><T101/><D42/><U5/><E5/><V81/><F49/><W45/><G45/><T129/><D66/><U121/><E18/><V65/><F119/><W125/><G44/><T99/><D76/><U2/><E48/><V47/><F47/><W107/><G125/><N who="1" m="47626" /><E2/><V124/><F65/><W130/><G130/><N who="1" m="49706" /><E121/><V93/><F124/><W38/><G38/><T82/><D129/><U22/><E22/><V57/><F23/><W50/><G50/><N who="0" m="31191" /><D6/><U9/><E9/><V15/><F15/><W55/><G55/><T43/><D43/><U12/><E12/><V118/><F118/><W88/><REACH who="3" step="1"/><G72/><REACH who="3" ten="370,210,210,200" step="2"/><T8/><D8/><U105/><E75/><V17/><F60/><W135/><G135/><T117/><D117/><U51/><E133/><V46/><F63/><W29/><G29/><T27/><D11/><U90/><E51/><V67/><F46/><W94/><G94/><T37/><D37/><U0/><E0/><V52/><F67/><W71/><G71/><T61/><D61/><U14/><E105/><V53/><F53/><W58/><G58/><T87/><N who="0" m="6144" /><DORA hai="122" /><T31/><D7/><U106/><E106/><RYUUKYOKU ba="1,1" sc="370,15,210,-15,210,-15,200,15" hai0="28,31,82,87,92,99,101" hai3="19,20,32,33,35,77,79,88,89,91,96,103,107" /><INIT seed="0,2,1,2,3,18" ten="385,195,195,215" oya="0" hai0="121,90,1,135,44,66,33,45,13,118,99,130,38" hai1="95,8,9,3,60,67,92,34,30,128,56,21,82" hai2="91,100,103,96,62,133,134,107,29,126,108,11,127" hai3="89,72,65,116,77,17,79,53,131,52,106,5,61"/><T105/><D1/><U69/><E128/><V51/><F62/><W80/><G116/><T20/><D118/><U16/><E34/><V63/><F63/><W15/><G106/><T23/><D33/><U98/><E30/><V4/><F29/><W119/><G119/><T39/><D121/><U57/><E82/><V114/><F114/><W70/><G131/><T42/><D135/><N who="2" m="51722" /><F51/><W10/><G77/><T2/><D2/><U55/><E69/><V54/><F54/><W88/><REACH who="3" step="1"/><G5/><REACH who="3" ten="385,195,195,205" step="2"/><T50/><D105/><U122/><E122/><V43/><F107/><W115/><G115/><T37/><D130/><U124/><E124/><V87/><F4/><W112/><G112/><T14/><D37/><U132/><E132/><V48/><F127/><W78/><G78/><T36/><D38/><U27/><E3/><V81/><F126/><W83/><G83/><T7/><D7/><U59/><E92/><V32/><F108/><W110/><G110/><T68/><D36/><U73/><E73/><V25/><F81/><W19/><G19/><T28/><D39/><U35/><E35/><V26/><F103/><W125/><G125/><T24/><D28/><U113/><E113/><V75/><F100/><W47/><G47/><T12/><D45/><U31/><E31/><V64/><F75/><W97/><G97/><T109/><D109/><U40/><E95/><V49/><F96/><W41/><G41/><T0/><D99/><U101/><E40/><V6/><F43/><W46/><G46/><T94/><D42/><U117/><E98/><V85/><F6/><W120/><G120/><RYUUKYOKU ba="2,2" sc="385,-10,195,-10,195,-10,205,30" hai3="10,15,17,52,53,61,65,70,72,79,80,88,89" /><INIT seed="1,3,2,1,0,8" ten="375,185,185,235" oya="1" hai0="79,128,28,32,18,22,120,67,74,91,123,66,122" hai1="135,49,10,30,9,124,58,132,42,105,16,55,103" hai2="36,106,93,83,41,50,76,104,51,44,131,77,90" hai3="37,12,81,60,43,71,78,6,59,24,86,72,4"/><U20/><E124/><V3/><F131/><W39/><G71/><T5/><D128/><U33/><E33/><V89/><F77/><W101/><G101/><T125/><D125/><U107/><E30/><V116/><F116/><W38/><G43/><T35/><D5/><U117/><E117/><V0/><F90/><W95/><G24/><N who="0" m="14423" /><D91/><U99/><E42/><V46/><F36/><W108/><G108/><T112/><D112/><U97/><E99/><V129/><F129/><W119/><G119/><T48/><D48/><U21/><E21/><V115/><F115/><W134/><G134/><N who="1" m="51242" /><E105/><V7/><F104/><W63/><G63/><T69/><D28/><U57/><E58/><V25/><F106/><W70/><G70/><T14/><D69/><U19/><E19/><V87/><F25/><AGARI ba="3,2" hai="9,10,16,20,25,49,55,57,97,103,107" m="51242" machi="25" ten="30,2900,0" yaku="20,1,54,1" doraHai="8" who="1" fromWho="2" sc="375,0,185,58,185,-38,235,0" /><INIT seed="1,4,0,0,2,126" ten="375,243,147,235" oya="1" hai0="25,75,19,119,120,46,117,123,99,58,102,122,111" hai1="87,106,36,28,59,115,74,24,77,85,57,15,83" hai2="29,84,47,1,69,82,14,121,108,9,34,56,11" hai3="70,63,86,52,129,132,101,13,7,55,127,79,97"/><U89/><E115/><V31/><F69/><W134/><G127/><T78/><D111/><U100/><E36/><V20/><F121/><W4/><G129/><T133/><D133/><N who="3" m="51305" /><G79/><T42/><D58/><U125/><E125/><V50/><F34/><W49/><G86/><T30/><D19/><U73/><E87/><V135/><F108/><W51/><G13/><T93/><D78/><U103/><E73/><V118/><F118/><W92/><G63/><T6/><D6/><N who="3" m="2089" /><G70/><T71/><D71/><U45/><E15/><V95/><F1/><W22/><G22/><N who="0" m="15671" /><D75/><U37/><E77/><V65/><F95/><W131/><G131/><T27/><D27/><U32/><E74/><V8/><F135/><W17/><G17/><T39/><AGARI ba="4,0" hai="39,42,46,93,99,102,117,119,120,122,123" m="15671" machi="39" ten="30,1100,0" yaku="13,1" doraHai="126" who="0" fromWho="0" sc="375,23,243,-9,147,-7,235,-7" /><INIT seed="2,0,0,4,3,69" ten="398,234,140,228" oya="2" hai0="76,6,13,86,107,95,79,56,129,82,83,135,21" hai1="40,23,121,15,105,87,39,118,59,36,10,19,12" hai2="25,24,104,109,50,73,103,63,32,45,108,26,37" hai3="64,89,71,97,33,44,120,78,68,38,0,9,51"/><V5/><F5/><W66/><G33/><T2/><D107/><U14/><E118/><V90/><F73/><W62/><G78/><T11/><D129/><U18/><E105/><V126/><F32/><W20/><G120/><T55/><D135/><U48/><E121/><V31/><F31/><W102/><G38/><T8/><D21/><U72/><E72/><V96/><F126/><W65/><G89/><N who="0" m="53687" /><D8/><U34/><E34/><V53/><F90/><W61/><G20/><T70/><D70/><U81/><E14/><V7/><F7/><W43/><G65/><T94/><D94/><U1/><E1/><V91/><F91/><W28/><G28/><T58/><D58/><U99/><E99/><V4/><F4/><W111/><G111/><N who="2" m="42569" /><F63/><W117/><G117/><T128/><D128/><U46/><E59/><V16/><F37/><W77/><G77/><AGARI ba="0,0" hai="10,12,15,18,19,23,36,39,40,46,48,77,81,87" machi="77" ten="30,3900,0" yaku="7,1,52,2" doraHai="69" who="1" fromWho="3" sc="398,0,234,39,140,0,228,-39" /><INIT seed="3,0,0,0,3,16" ten="398,273,140,189" oya="3" hai0="12,2,94,81,48,20,88,47,40,71,69,119,28" hai1="24,59,53,92,99,82,38,60,109,33,4,55,72" hai2="19,41,130,131,64,27,96,83,11,113,110,49,44" hai3="104,43,98,10,37,132,91,124,58,106,1,125,84"/><W29/><G58/><T100/><D2/><U5/><E109/><V105/><F113/><W63/><G63/><T121/><D121/><U89/><E38/><V31/><F110/><W14/><G1/><T46/><D119/><U22/><E33/><V134/><F134/><W67/><G67/><T42/><D100/><U103/><E55/><V51/><F130/><W32/><G43/><T111/><D81/><U65/><E53/><V76/><F64/><W15/><G37/><T7/><D111/><U3/><E3/><V35/><F131/><W86/><G132/><T54/><D54/><U95/><E82/><V45/><F105/><W68/><G68/><T13/><D7/><U8/><E72/><V85/><F96/><W102/><G29/><T129/><D129/><U118/><E8/><V6/><F19/><W57/><G32/><T79/><D79/><U135/><E118/><V120/><F120/><W36/><G36/><T116/><D116/><U25/><E25/><V107/><F107/><W128/><G106/><T114/><D114/><U77/><E77/><V90/><F90/><W66/><G91/><T123/><D123/><U61/><E61/><V18/><F18/><W93/><G104/><T23/><D69/><U122/><E135/><V39/><REACH who="2" step="1"/><F45/><REACH who="2" ten="398,273,130,189" step="2"/><W117/><G128/><T50/><D47/><U112/><E112/><V133/><F133/><W115/><G117/><T26/><D46/><U56/><E122/><V127/><F127/><W0/><G125/><T30/><D88/><U17/><E89/><V101/><F101/><W9/><G115/><T62/><D30/><RYUUKYOKU ba="0,1" sc="398,-10,273,-10,130,30,189,-10" hai2="6,11,27,31,35,39,41,44,49,51,76,83,85" owari="398,49.8,263,6.3,160,-34.0,179,-22.1" /></mjloggm>