<mjloggm ver="2.3"><GO type="225" lobby="0"/><UN n0="%E4%BF%BA%E3%81%A8%E5%A6%96%E5%A4%A2" n1="%72%65%6E%6B%75%6E" n2="%E5%8D%8D%E6%B1%A0%E8%A2%8B%E6%9C%80%E5%BC%B7%E5%8D%8D" n3="%E7%89%B9%E6%9D%B1%E3%81%AF%E4%B8%96%E7%95%8C%E3%82%92%E6%95%91%E3%81%86" dan="16,17,16,16" rate="2110.39,2268.92,2143.15,2128.10" sx="F,M,M,M"/><TAIKYOKU oya="0"/><INIT seed="0,0,0,0,3,73" ten="250,250,250,250" oya="0" hai0="121,13,97,8,6,126,86,79,24,116,51,23,49" hai1="39,42,102,3,9,98,52,77,34,114,64,85,103" hai2="134,41,67,59,46,93,122,57,14,62,135,65,96" hai3="127,75,40,19,18,47,30,131,125,106,130,74,119"/><T84/><D116/><U29/><E114/><V91/><F122/><W21/><G106/><T37/><D121/><U117/><E117/><V10/><F59/><W107/><G107/><T72/><D37/><U105/><E102/><V82/><F82/><W80/><G119/><T128/><D128/><N who="3" m="49193" /><G30/><T4/><D126/><N who="3" m="48137" /><G80/><N who="0" m="47135" /><D72/><N who="3" m="27689" /><G21/><T26/><D86/><U32/><E29/><V89/><F89/><W88/><G88/><T16/><D97/><U94/><E85/><V50/><REACH who="2" step="1"/><F65/><REACH who="2" ten="250,250,240,250" step="2"/><W92/><G92/><T95/><D95/><U54/><E64/><V45/><F45/><W83/><G83/><T27/><D4/><AGARI ba="0,1" hai="4,10,14,41,46,50,57,62,67,91,93,96,134,135" machi="4" ten="40,2600,0" yaku="1,1,53,1" doraHai="73" doraHaiUra="43" who="2" fromWho="0" sc="250,-26,250,0,240,36,250,0" /><INIT seed="1,0,0,4,5,49" ten="224,250,276,250" oya="1" hai0="75,2,124,54,117,51,71,89,21,23,74,79,80" hai1="72,10,130,86,44,101,118,3,129,100,65,37,17" hai2="91,14,108,22,8,134,32,30,96,90,133,123,92" hai3="11,70,19,31,45,0,107,88,53,125,25,50,109"/><U104/><E72/><V68/><F123/><W78/><G109/><T102/><D117/><U99/><E118/><V42/><F32/><W126/><G70/><T48/><D71/><U34/><E34/><V57/><F42/><W47/><G107/><T87/><D2/><U20/><E65/><V26/><F68/><W35/><G78/><T121/><D121/><U110/><E101/><V55/><F108/><W73/><G73/><T82/><D124/><N who="3" m="47721" /><G88/><T63/><D75/><U41/><E110/><V135/><F91/><W112/><G112/><T43/><D102/><U98/><E98/><V111/><F111/><W12/><G0/><T105/><D105/><U77/><E10/><V97/><F90/><W7/><G19/><T83/><D83/><U13/><REACH who="1" step="1"/><E3/><REACH who="1" ten="224,240,276,250" step="2"/><V114/><F114/><W18/><G7/><T40/><D21/><U56/><E56/><AGARI ba="0,1" hai="11,12,18,25,31,35,45,47,50,53,56" m="47721" machi="56" ten="30,2000,0" yaku="18,1,52,1" doraHai="49" who="3" fromWho="1" sc="224,0,240,-20,276,0,250,30" /><INIT seed="2,0,0,0,5,36" ten="224,220,276,280" oya="2" hai0="50,76,43,70,104,120,73,5,131,72,4,18,37" hai1="31,128,38,68,64,83,132,29,121,17,27,7,126" hai2="110,81,93,22,94,26,124,67,101,3,125,66,80" hai3="47,84,102,105,10,24,123,129,133,15,2,89,85"/><V52/><F3/><W88/><G123/><T82/><D120/><U109/><E121/><V12/><F12/><W56/><G2/><T87/><D37/><U134/><E38/><V23/><F110/><W99/><G129/><T96/><D70/><U55/><E128/><V116/><F116/><W65/><G133/><N who="1" m="51306" /><E109/><V1/><F1/><W127/><G127/><N who="2" m="48713" /><F52/><W117/><G117/><T97/><D131/><U46/><E7/><V11/><F11/><W135/><G135/><T14/><D4/><U113/><E113/><V91/><F91/><W69/><G69/><T78/><D5/><U0/><E0/><V107/><F107/><W8/><G24/><T33/><D33/><U35/><E55/><V112/><F112/><W115/><G115/><T71/><D71/><U42/><E126/><V90/><F90/><W108/><G15/><T63/><D63/><N who="1" m="39967" /><E83/><N who="2" m="31819" /><F93/><W95/><G108/><T118/><D118/><U79/><E79/><V103/><F94/><W39/><G105/><T40/><D76/><U130/><E130/><V32/><F32/><W114/><G95/><T60/><D104/><U49/><E35/><V20/><F26/><W19/><G114/><T16/><D60/><U51/><E51/><V100/><AGARI ba="0,0" hai="20,22,23,66,67,100,101,103" m="31819,48713" machi="100" ten="40,7800,0" yaku="28,2,18,1" doraHai="36" who="2" fromWho="2" sc="224,-26,220,-26,276,78,280,-26" /><INIT seed="2,1,0,2,2,128" ten="198,194,354,254" oya="2" hai0="52,135,13,23,109,112,28,22,56,134,80,105,131" hai1="95,122,62,53,36,67,55,88,79,58,82,103,70" hai2="37,72,61,69,133,24,45,123,107,39,12,74,115" hai3="46,93,114,57,77,64,100,34,121,29,132,129,65"/><V130/><F130/><W14/><G129/><T18/><D131/><U108/><E108/><V30/><F12/><W98/><G121/><T38/><D38/><U50/><E122/><V86/><F86/><W117/><G117/><T51/><D112/><U19/><E36/><V111/><F111/><W99/><G77/><T104/><D80/><U8/><E103/><V47/><F47/><W83/><G83/><T2/><D2/><U15/><E55/><V71/><F45/><W66/><G98/><T125/><D109/><U92/><REACH who="1" step="1"/><E88/><REACH who="1" ten="198,184,354,254" step="2"/><V68/><F39/><W126/><G100/><T124/><D124/><U31/><E31/><V25/><F30/><W35/><G29/><T5/><D125/><U97/><E97/><V118/><F37/><W33/><G99/><T40/><D40/><U113/><E113/><V73/><F115/><W27/><G114/><T96/><D96/><U120/><E120/><V54/><F123/><W59/><G126/><T91/><D91/><U63/><E63/><V10/><F61/><W101/><G101/><T41/><D41/><U119/><E119/><V75/><F54/><W4/><G66/><T49/><D49/><U32/><E32/><V17/><F118/><W48/><G65/><T6/><D104/><U43/><E43/><V21/><F107/><W90/><G64/><T110/><D105/><U81/><E81/><V87/><F68/><W60/><G60/><T85/><D110/><U0/><E0/><V7/><F69/><W76/><G33/><T94/><D28/><U26/><E26/><V16/><N who="2" m="18432" /><DORA hai="89" /><V11/><F25/><RYUUKYOKU ba="1,1" sc="198,-10,184,30,354,-10,254,-10" hai1="8,15,19,50,53,58,62,67,70,79,82,92,95" /><INIT seed="3,2,1,3,3,114" ten="188,214,344,244" oya="3" hai0="68,23,102,108,100,92,118,129,62,131,46,80,39" hai1="61,55,12,134,4,63,33,26,83,117,96,85,128" hai2="91,52,40,89,132,9,109,48,130,43,5,76,73" hai3="35,95,93,3,38,13,122,45,27,79,69,94,2"/><W72/><G69/><T78/><D118/><U41/><E117/><V101/><F132/><W28/><G122/><T16/><D108/><U82/><E134/><V17/><F130/><N who="0" m="49674" /><D92/><U59/><E128/><V84/><F73/><W67/><G67/><N who="0" m="41079" /><D46/><U30/><E41/><N who="2" m="15947" /><F17/><W6/><G38/><T19/><D39/><U75/><E96/><V110/><F101/><N who="0" m="39018" /><D23/><U103/><E103/><V90/><F76/><W31/><G45/><T123/><D123/><U107/><E107/><V88/><F9/><W135/><G135/><T21/><D21/><U44/><E44/><N who="2" m="27655" /><F5/><W29/><G6/><T11/><D11/><U65/><E4/><V0/><F0/><W133/><G133/><T116/><D116/><U66/><E61/><V14/><F14/><W47/><G13/><T57/><D57/><U126/><E12/><V120/><F120/><W70/><G47/><T53/><D53/><U97/><E97/><V115/><F115/><W58/><G58/><T87/><AGARI ba="2,1" hai="16,19,78,80,87" m="39018,41079,49674" machi="87" ten="30,2000,0" yaku="19,1,54,1" doraHai="114" who="0" fromWho="0" sc="188,36,214,-7,344,-7,244,-12" owari="224,-17.6,207,-29.3,337,43.7,232,3.2" /></mjloggm>