<mjloggm ver="2.3"><GO type="225" lobby="0"/><UN n0="%E8%81%B7%E6%A5%AD%E3%80%81%E9%A2%A8%32" n1="%E8%A8%88%E7%AE%97%E6%A9%9F%E8%87%AA%E7%84%B6" n2="%E3%81%9F%E3%81%A3%E3%81%A1%E3%82%87" n3="%6D%75%75%6D%75%72%61" dan="16,17,16,17" rate="2076.65,2206.74,2082.64,2187.76" sx="M,M,M,F"/><TAIKYOKU oya="0"/><INIT seed="0,0,0,1,3,53" ten="250,250,250,250" oya="0" hai0="55,22,60,51,89,75,5,118,116,48,107,76,9" hai1="101,47,58,108,29,120,50,17,98,83,31,97,59" hai2="41,88,49,43,11,109,1,35,90,6,37,81,68" hai3="36,61,84,74,105,112,110,38,64,0,26,14,102"/><T127/><D107/><U117/><E117/><V133/><F68/><W131/><G0/><T16/><D127/><U15/><E120/><V27/><F109/><W66/><G74/><T44/><D89/><U104/><E108/><V56/><F133/><W79/><G110/><T72/><D60/><U128/><E128/><V7/><F7/><W130/><G112/><T13/><D51/><U3/><E3/><V125/><F125/><W67/><G61/><T80/><REACH who="0" step="1"/><D75/><REACH who="0" ten="240,250,250,250" step="2"/><U71/><E104/><V65/><F90/><W25/><G130/><T121/><D121/><U78/><E101/><V100/><F100/><W23/><G131/><T103/><D103/><U30/><E71/><V132/><F88/><W63/><G105/><T123/><D123/><U52/><E97/><V46/><F37/><W70/><G102/><T115/><D115/><U10/><REACH who="1" step="1"/><E98/><REACH who="1" ten="240,240,250,250" step="2"/><V19/><F132/><W124/><G70/><T106/><D106/><U42/><E42/><V18/><F41/><W122/><G124/><T62/><D62/><U96/><E96/><V73/><F43/><W91/><G122/><T24/><AGARI ba="0,2" hai="5,9,13,16,22,24,44,48,55,72,76,80,116,118" machi="24" ten="20,7800,0" yaku="1,1,0,1,7,1,54,1,53,0" doraHai="53" doraHaiUra="39" who="0" fromWho="0" sc="240,98,240,-26,250,-26,250,-26" /><INIT seed="0,1,0,2,2,32" ten="338,214,224,224" oya="0" hai0="0,93,25,81,86,91,85,19,35,22,116,112,47" hai1="108,80,84,13,51,75,43,21,117,20,62,6,30" hai2="64,73,59,52,55,88,77,102,128,33,2,113,48" hai3="129,12,9,135,60,133,134,34,126,97,41,37,29"/><T15/><D112/><U109/><E117/><V5/><F113/><W24/><G126/><T82/><D116/><U3/><E75/><V111/><F111/><N who="1" m="42569" /><E62/><V46/><F128/><W131/><G60/><T105/><D105/><U39/><E39/><V70/><F102/><W14/><G97/><T78/><D0/><U17/><E43/><V83/><F33/><W8/><G41/><T27/><D35/><U40/><E40/><V114/><F114/><W125/><G37/><T54/><REACH who="0" step="1"/><D82/><REACH who="0" ten="328,214,224,224" step="2"/><U119/><E119/><V98/><F2/><W87/><G125/><T45/><D45/><U69/><E80/><V10/><F46/><W118/><G118/><T28/><D28/><U65/><E30/><V16/><F83/><W1/><G1/><T115/><D115/><U74/><E3/><V63/><F70/><W121/><G121/><T100/><D100/><U132/><E69/><V120/><F120/><W56/><G56/><T130/><D130/><U67/><E132/><V68/><F68/><W106/><G106/><T44/><D44/><U101/><E101/><V96/><F59/><W72/><G72/><T122/><D122/><U107/><E74/><V31/><F73/><W95/><G95/><T18/><D18/><U53/><E107/><V92/><F16/><N who="3" m="8199" /><G87/><T11/><D11/><N who="1" m="4343" /><E84/><N who="2" m="52231" /><F31/><W71/><G71/><T4/><D4/><AGARI ba="1,1" hai="4,9,14,24,29,34,129,131,133,134,135" m="8199" machi="4" ten="30,7700,0" yaku="20,1,34,2,54,1" doraHai="32" who="3" fromWho="0" sc="328,-80,214,0,224,0,224,90" /><INIT seed="1,0,0,4,5,114" ten="248,214,224,314" oya="1" hai0="44,77,76,118,101,40,99,43,16,7,69,34,52" hai1="12,2,104,85,37,51,87,110,113,8,60,25,56" hai2="119,134,116,123,108,74,117,6,126,90,80,97,111" hai3="19,26,91,45,3,78,15,27,100,70,57,59,84"/><U127/><E113/><V54/><F6/><W106/><G70/><T79/><D69/><U86/><E37/><V29/><F29/><W88/><G3/><T71/><D71/><U0/><E104/><V132/><F54/><W130/><G130/><T21/><D34/><U39/><E39/><V41/><F41/><W89/><G45/><T72/><D72/><U23/><E127/><V38/><F38/><W13/><G106/><T14/><D118/><U61/><E110/><N who="2" m="42027" /><F123/><W107/><G100/><T36/><D36/><U94/><E0/><V18/><F126/><W28/><G107/><T46/><D46/><U124/><E2/><V105/><F74/><W53/><G59/><T68/><D68/><U62/><E124/><V55/><F18/><W67/><G67/><T11/><D99/><U10/><E94/><N who="2" m="56535" /><F105/><W95/><G28/><T92/><D92/><U128/><E128/><V93/><F80/><N who="3" m="47127" /><G95/><T65/><D101/><U112/><E112/><V129/><F129/><W58/><G53/><T131/><D65/><U33/><E33/><V32/><F32/><W64/><G64/><T9/><D131/><U109/><E109/><V63/><F93/><W20/><G13/><N who="0" m="9359" /><D11/><U66/><E12/><V22/><F22/><W83/><G83/><T125/><D125/><U120/><E66/><V49/><F63/><W96/><G96/><T35/><D35/><U103/><E103/><V115/><F115/><W17/><G58/><AGARI ba="0,0" hai="49,55,58,116,117,119,132,134" m="56535,42027" machi="58" ten="40,8000,1" yaku="14,1,52,3" doraHai="114" who="2" fromWho="3" sc="248,0,214,0,224,80,314,-80" /><INIT seed="2,0,0,5,4,29" ten="248,214,304,234" oya="2" hai0="42,54,119,126,78,43,33,8,132,55,118,107,7" hai1="92,85,115,103,105,97,90,124,135,39,88,11,30" hai2="101,10,62,61,60,2,1,67,133,123,73,91,51" hai3="98,113,22,37,99,47,48,32,0,46,58,125,23"/><V117/><F123/><W28/><G0/><T94/><D107/><U69/><E69/><V52/><F117/><N who="0" m="44554" /><D126/><U84/><E39/><V80/><F133/><W56/><G125/><T27/><D132/><U110/><E135/><V71/><F101/><W129/><G129/><T12/><D78/><U108/><E124/><V75/><F10/><W114/><G37/><T4/><D94/><N who="1" m="54535" /><E30/><V38/><F38/><W57/><G28/><N who="0" m="19615" /><D4/><U64/><E64/><V15/><F67/><W104/><G104/><T77/><D77/><U102/><E11/><V111/><F73/><W76/><G76/><T122/><D122/><U18/><E18/><V17/><F75/><W89/><G89/><T40/><AGARI ba="0,0" hai="7,8,12,40,42,43,54,55" m="19615,44554" machi="40" ten="30,2000,0" yaku="12,1,52,1" doraHai="29" who="0" fromWho="0" sc="248,20,214,-5,304,-10,234,-5" /><INIT seed="3,0,0,3,4,48" ten="268,209,294,229" oya="3" hai0="10,7,80,40,68,110,49,3,19,112,132,113,72" hai1="100,73,125,95,129,63,99,66,90,79,32,27,104" hai2="85,97,31,24,108,98,115,75,47,70,20,4,30" hai3="33,11,50,81,111,8,64,124,9,89,46,12,126"/><W133/><G33/><T93/><D110/><U14/><E129/><V101/><F115/><N who="0" m="44106" /><D68/><U94/><E125/><N who="3" m="48234" /><G111/><T51/><D132/><U54/><E14/><V55/><F75/><W34/><G34/><T117/><D117/><U84/><E94/><V39/><F70/><W78/><G133/><T135/><D135/><U6/><E6/><V36/><F4/><N who="3" m="3079" /><G64/><T38/><D93/><U76/><E73/><V103/><F30/><W105/><G105/><T67/><D19/><U57/><REACH who="1" step="1"/><E66/><REACH who="1" ten="268,199,294,229" step="2"/><V107/><F108/><W65/><G65/><T35/><D67/><U116/><E116/><V86/><F107/><W1/><G1/><T128/><D128/><U127/><E127/><V71/><F24/><W83/><G83/><T56/><D80/><U53/><E53/><V120/><F55/><N who="3" m="30167" /><G89/><T91/><D91/><U5/><E5/><V74/><F74/><AGARI ba="0,1" hai="9,11,74,78,81" m="30167,3079,48234" machi="74" ten="30,2900,0" yaku="18,1,52,1" doraHai="48" who="3" fromWho="2" sc="268,0,199,0,294,-29,229,39" /><INIT seed="3,1,0,5,0,39" ten="268,199,265,268" oya="3" hai0="115,98,26,70,122,95,43,76,45,54,31,29,125" hai1="34,8,50,87,109,20,103,44,118,111,27,12,11" hai2="7,63,51,64,110,15,113,2,82,93,75,52,108" hai3="33,23,58,106,40,129,56,22,134,86,35,46,83"/><W133/><G106/><T99/><D70/><U69/><E69/><V3/><F113/><W21/><G129/><T73/><D122/><U89/><E118/><V130/><F130/><W114/><G114/><T126/><D115/><U42/><E34/><V120/><F120/><W65/><G35/><T124/><D54/><U97/><E109/><N who="2" m="42091" /><F93/><W74/><G74/><T132/><D132/><N who="3" m="50793" /><G33/><N who="0" m="20663" /><D31/><U9/><E111/><V0/><F15/><W101/><G101/><N who="0" m="60639" /><D99/><U119/><E119/><V19/><F19/><W38/><G65/><T107/><D107/><U123/><E123/><V68/><F82/><W79/><AGARI ba="1,0" hai="21,22,23,38,40,46,56,58,79,83,86" m="50793" machi="79" ten="30,3000,0" yaku="20,1,52,1" doraHai="39" who="3" fromWho="3" sc="268,-11,199,-11,265,-11,268,33" owari="257,5.7,188,-31.2,254,-14.6,301,40.1" /></mjloggm>