<mjloggm ver="2.3"><GO type="225" lobby="0"/><UN n0="%E5%B6%BA%E4%B8%8A%E5%92%B2" n1="%33%74%72%65%65" n2="%E5%8F%AF%E5%85%90%E9%82%A3%E7%94%B1%E5%A4%9A" n3="%E3%81%86%E3%83%BC%E3%81%B1%E3%83%BC" dan="16,16,16,17" rate="2079.84,2159.85,2217.17,2184.93" sx="F,F,F,F"/><TAIKYOKU oya="0"/><INIT seed="0,0,0,4,4,74" ten="250,250,250,250" oya="0" hai0="124,56,40,95,66,127,15,24,107,59,118,80,61" hai1="14,98,111,10,112,69,72,53,102,65,122,29,115" hai2="48,97,123,89,42,92,46,58,76,105,90,134,25" hai3="33,78,13,64,31,79,100,85,34,39,113,57,12"/><T82/><D107/><U51/><E122/><V22/><F123/><W84/><G39/><T23/><D118/><U131/><E131/><V135/><F105/><W104/><G104/><T17/><D40/><U9/><E111/><V106/><F106/><W103/><G57/><T60/><D95/><N who="1" m="58719" /><E29/><V21/><F90/><W27/><G64/><T108/><D108/><U87/><E72/><V11/><F11/><W52/><G113/><N who="1" m="43594" /><E14/><V8/><F8/><W45/><G31/><T96/><D96/><U99/><E99/><V71/><F71/><W117/><G117/><T32/><D32/><U2/><E2/><V125/><F125/><N who="0" m="48202" /><D24/><U62/><E87/><V19/><F21/><W109/><G109/><T119/><D119/><U67/><E67/><AGARI ba="0,0" hai="15,17,23,56,59,60,61,66,67,80,82" m="48202" machi="67" ten="30,1500,0" yaku="18,1" doraHai="74" who="0" fromWho="1" sc="250,15,250,-15,250,0,250,0" /><INIT seed="0,1,0,0,5,11" ten="265,235,250,250" oya="0" hai0="28,10,104,98,68,75,47,111,34,122,61,33,70" hai1="69,115,95,16,92,135,129,108,15,130,128,52,101" hai2="76,44,4,8,32,9,6,127,90,110,54,132,48" hai3="0,120,114,59,103,112,23,134,60,63,41,77,24"/><T131/><D122/><U40/><E108/><V51/><F32/><W65/><G0/><T113/><D113/><U102/><E115/><V96/><F110/><W31/><G120/><T87/><D131/><U12/><E135/><V26/><F132/><W83/><G134/><T50/><D75/><U62/><E40/><V91/><F127/><W53/><G41/><T124/><D124/><U46/><E69/><V84/><F26/><W72/><REACH who="3" step="1"/><G103/><REACH who="3" ten="265,235,250,240" step="2"/><N who="0" m="62583" /><D111/><U38/><E102/><V37/><F37/><W29/><G29/><T27/><D34/><U116/><E101/><V100/><F100/><W119/><G119/><T82/><D33/><U43/><E116/><V126/><F126/><W107/><G107/><T42/><D28/><U35/><E35/><V2/><F96/><W13/><G13/><N who="1" m="5194" /><E16/><V5/><F2/><W88/><G88/><N who="0" m="51319" /><D27/><U86/><E86/><V25/><F25/><W21/><G21/><T94/><D10/><U14/><E14/><V109/><F109/><W106/><G106/><T81/><D42/><U89/><E89/><N who="2" m="33803" /><F84/><W121/><G121/><T19/><D19/><U3/><E3/><V1/><F1/><W20/><G20/><T56/><D94/><U7/><E7/><V117/><F117/><W58/><AGARI ba="1,1" hai="23,24,31,53,58,59,60,63,65,72,77,83,112,114" machi="58" ten="20,5200,0" yaku="1,1,0,1,7,1,53,1" doraHai="11" doraHaiUra="105" who="3" fromWho="3" sc="265,-27,235,-14,250,-14,240,65" /><INIT seed="1,0,0,0,4,9" ten="238,221,236,305" oya="1" hai0="68,105,76,10,107,80,52,122,115,29,25,21,118" hai1="49,35,73,77,100,104,0,102,127,79,84,103,128" hai2="57,8,42,13,44,55,11,126,6,123,67,117,7" hai3="94,134,56,88,28,1,38,121,41,20,97,135,23"/><U86/><E0/><V60/><F117/><W133/><G121/><T27/><D115/><U51/><E35/><V91/><F126/><W96/><G1/><T106/><D118/><U92/><E49/><V63/><F123/><W40/><G56/><T111/><D111/><U5/><E51/><V131/><F131/><W46/><G28/><T90/><D68/><U72/><E5/><V22/><F22/><N who="3" m="8235" /><G41/><T132/><D132/><U119/><E119/><V16/><F11/><W112/><G97/><T45/><D122/><U81/><E128/><V14/><F14/><W93/><G93/><T74/><D27/><U58/><E58/><N who="2" m="37367" /><F91/><W50/><G112/><T125/><D125/><U64/><E64/><V120/><F120/><W12/><G38/><T75/><D10/><U43/><E43/><V101/><F101/><N who="1" m="39017" /><E127/><V71/><F71/><W53/><G40/><T66/><D66/><U98/><E104/><V18/><F6/><W61/><G61/><T26/><D26/><U95/><E95/><V99/><F99/><W34/><G34/><T24/><D24/><U37/><E37/><V85/><F85/><W130/><G130/><T65/><D65/><U108/><E108/><V30/><F30/><W36/><G36/><T110/><D110/><U69/><E69/><V48/><AGARI ba="0,0" hai="7,8,13,16,18,42,44,48,55,57,60" m="37367" machi="48" ten="30,4000,0" yaku="8,1,52,1,54,1" doraHai="9" who="2" fromWho="2" sc="238,-10,221,-20,236,40,305,-10" /><INIT seed="2,0,0,3,4,100" ten="228,201,276,295" oya="2" hai0="90,30,4,53,65,110,83,114,115,60,105,31,131" hai1="125,35,62,51,39,20,79,98,10,117,77,91,67" hai2="40,7,89,94,102,2,71,70,25,119,118,135,42" hai3="55,12,123,85,130,92,120,52,109,87,133,48,32"/><V54/><F102/><W106/><G106/><T11/><D110/><U82/><E35/><V86/><F135/><W26/><G133/><T6/><D131/><U56/><E39/><V122/><F122/><W58/><G130/><T9/><D105/><U50/><E117/><V22/><F54/><W27/><G109/><T1/><D53/><U8/><E125/><V18/><F119/><W129/><G129/><T96/><D114/><U103/><E91/><V93/><F118/><W72/><G72/><T107/><D115/><U38/><E38/><V36/><F94/><W78/><G12/><T112/><D112/><U111/><E111/><V66/><F36/><W24/><G32/><T84/><D107/><U104/><E20/><V81/><F93/><W113/><G113/><T34/><D96/><U29/><E29/><V73/><F73/><W19/><G19/><T64/><D34/><U28/><E28/><V57/><F57/><W108/><G108/><T41/><D41/><U88/><E88/><V127/><F127/><W46/><G92/><T95/><D95/><U0/><E0/><V17/><F17/><W44/><G58/><T128/><D128/><U97/><E97/><V21/><F21/><W116/><G116/><T14/><D65/><U15/><E79/><V69/><REACH who="2" step="1"/><F66/><REACH who="2" ten="228,201,266,295" step="2"/><W101/><G101/><T61/><D64/><U124/><E124/><V47/><F47/><W49/><G87/><T76/><D76/><U59/><E59/><V23/><F23/><W132/><G132/><T68/><D68/><U80/><E56/><V126/><F126/><W3/><G78/><RYUUKYOKU ba="0,1" sc="228,15,201,-15,266,15,295,-15" hai0="1,4,6,9,11,14,30,31,60,61,83,84,90" hai2="2,7,18,22,25,40,42,69,70,71,81,86,89" /><INIT seed="2,1,1,3,0,11" ten="243,186,281,280" oya="2" hai0="13,58,51,128,110,135,87,134,77,20,12,2,61" hai1="119,67,73,57,118,76,97,107,100,60,130,38,1" hai2="17,6,14,8,132,41,63,72,45,33,127,23,80" hai3="69,98,103,36,29,16,42,82,124,43,56,46,105"/><V49/><F33/><W27/><G69/><T47/><D2/><U30/><E130/><V0/><F132/><N who="0" m="50730" /><D110/><U59/><E1/><V66/><F127/><W10/><G124/><T125/><D125/><U102/><E38/><V15/><F72/><W68/><G68/><T96/><D96/><U40/><E40/><V95/><F80/><W75/><G56/><T21/><D128/><U31/><E102/><V83/><F83/><W5/><G43/><N who="0" m="25087" /><D77/><U122/><E122/><V54/><F95/><W34/><G75/><T85/><D21/><U89/><E89/><V37/><F0/><W74/><G74/><T109/><D109/><U112/><E112/><V94/><F94/><W22/><G82/><T99/><D99/><U26/><E76/><V121/><F121/><W92/><G105/><T71/><D71/><U115/><E73/><V123/><F123/><W88/><G103/><T35/><D35/><U108/><E108/><V70/><REACH who="2" step="1"/><F54/><REACH who="2" ten="243,186,271,280" step="2"/><W113/><G34/><T62/><D87/><U78/><E115/><V79/><F79/><W28/><G113/><T18/><D85/><U81/><E78/><V117/><F117/><W111/><G111/><T32/><D32/><N who="1" m="20567" /><E119/><V129/><F129/><W4/><G4/><T65/><D62/><N who="1" m="38351" /><E118/><V93/><F93/><W104/><G104/><T25/><AGARI ba="1,2" hai="12,13,18,20,25,58,61,65" m="25087,50730" machi="25" ten="30,4000,0" yaku="20,1,52,2" doraHai="11" who="0" fromWho="0" sc="243,63,186,-11,271,-21,280,-11" /><INIT seed="3,0,0,1,1,23" ten="306,175,250,269" oya="3" hai0="6,76,12,18,41,102,88,97,67,45,116,49,42" hai1="104,55,111,47,90,74,69,80,101,110,124,98,126" hai2="85,125,134,53,10,120,7,62,122,9,40,38,92" hai3="15,87,64,61,8,79,72,17,33,0,32,22,121"/><W48/><G121/><N who="2" m="46697" /><F134/><W89/><G48/><T129/><D129/><U57/><E69/><V37/><F125/><N who="1" m="48233" /><E47/><V82/><F92/><W44/><G44/><T107/><D116/><U68/><E68/><V86/><F40/><W123/><G123/><T1/><D67/><U115/><E57/><N who="2" m="35119" /><F10/><W105/><G105/><T78/><D42/><U11/><E11/><V46/><F46/><W131/><G131/><T75/><D75/><U63/><E63/><V14/><F86/><W30/><G79/><AGARI ba="0,0" hai="7,9,14,37,38,79,82,85" m="35119,46697" machi="79" ten="30,1000,0" yaku="13,1" doraHai="23" who="2" fromWho="3" sc="306,0,175,0,250,10,269,-10" owari="306,40.6,175,-32.5,260,6.0,259,-14.1" /></mjloggm>