<mjloggm ver="2.3"><GO type="225" lobby="0"/><UN n0="%E9%B3%B3%E6%9D%B1%E3%81%AE%E3%81%BF%E3%81%91%E3%81%AB%E3%82%83%E3%82%93" n1="%E3%82%A2%E3%83%A1%E3%82%A2%E3%83%A9%E3%83%AC" n2="%E7%89%B9%E6%9D%B1%E3%81%AF%E4%B8%96%E7%95%8C%E3%82%92%E6%95%91%E3%81%86" n3="%4B%2E%32%2E%4B%2E" dan="17,16,16,16" rate="2186.52,2100.41,2174.02,2151.34" sx="F,M,M,M"/><TAIKYOKU oya="0"/><INIT seed="0,0,0,2,0,92" ten="250,250,250,250" oya="0" hai0="93,73,8,80,18,133,54,20,120,61,101,65,98" hai1="50,51,126,15,22,34,1,66,124,97,69,88,10" hai2="24,122,35,62,117,21,4,45,38,96,33,5,95" hai3="43,118,109,17,81,130,100,67,23,111,19,25,82"/><T39/><D120/><U52/><E34/><V112/><F122/><W90/><G118/><T116/><D116/><U13/><E1/><V48/><F117/><W7/><G130/><T71/><D39/><U47/><E69/><V37/><F112/><W127/><G127/><N who="1" m="48682" /><E66/><V84/><F33/><W85/><G43/><T14/><D133/><U9/><E50/><V87/><F35/><W31/><G7/><N who="2" m="2633" /><F62/><W107/><G81/><T102/><D54/><U132/><E132/><V68/><F68/><W28/><G67/><T30/><D30/><N who="3" m="11305" /><G100/><T86/><D73/><U11/><E22/><V6/><F6/><W41/><G41/><T40/><D40/><U103/><E88/><N who="2" m="55399" /><F37/><W59/><G23/><T44/><D44/><U115/><E115/><V110/><F38/><W105/><G59/><T0/><D0/><U56/><E56/><V135/><F135/><W55/><G55/><T26/><D101/><U60/><E60/><V27/><F21/><W3/><G3/><T12/><REACH who="0" step="1"/><D8/><REACH who="0" ten="240,250,250,250" step="2"/><U36/><E36/><V89/><F45/><W16/><G25/><T121/><D121/><U83/><E11/><V64/><F27/><W74/><G74/><T77/><AGARI ba="0,1" hai="12,14,18,20,26,61,65,71,77,80,86,93,98,102" machi="77" ten="20,12000,1" yaku="1,1,0,1,7,1,52,1,53,1" doraHai="92" doraHaiUra="75" who="0" fromWho="0" sc="240,130,250,-40,250,-40,250,-40" /><INIT seed="0,1,0,1,2,72" ten="370,210,210,210" oya="0" hai0="69,96,29,120,82,99,33,76,108,112,127,101,13" hai1="55,52,94,126,103,114,28,104,87,45,0,93,48" hai2="125,110,5,124,14,74,117,97,100,19,105,129,11" hai3="95,41,122,91,113,121,59,109,40,111,133,80,39"/><T25/><D112/><U44/><E126/><N who="2" m="48747" /><F110/><N who="3" m="41995" /><G113/><T71/><D120/><N who="3" m="46185" /><G39/><T81/><D99/><N who="1" m="59887" /><E0/><V56/><F129/><W77/><G59/><T60/><D127/><U68/><E104/><V2/><F117/><W118/><G133/><T16/><D82/><U84/><E68/><V86/><F74/><N who="3" m="43063" /><G118/><T131/><D60/><U30/><E114/><V65/><F65/><W17/><G17/><T51/><D51/><N who="1" m="28775" /><E94/><V20/><F56/><W128/><G128/><T47/><D47/><U89/><E89/><V79/><F2/><W70/><G70/><T90/><D90/><U135/><E135/><V35/><F105/><W83/><G83/><T37/><D37/><U57/><E57/><V18/><F5/><W26/><G26/><T73/><D131/><U53/><E55/><V1/><F1/><W132/><G132/><T62/><D62/><U54/><E53/><V67/><F67/><W23/><G23/><T66/><D66/><U7/><E7/><V92/><F20/><W12/><G12/><T32/><D108/><U63/><E63/><V22/><F22/><W116/><G116/><T85/><D69/><U123/><E123/><V106/><F18/><W115/><G115/><T8/><D71/><U27/><E27/><V98/><F35/><W119/><G119/><T75/><D33/><U78/><E54/><V4/><F4/><W49/><G49/><T107/><AGARI ba="1,0" hai="8,13,16,25,29,32,73,75,76,81,85,96,101,107" machi="107" ten="20,7800,0" yaku="0,1,7,1,52,1,54,1" doraHai="72" who="0" fromWho="0" sc="370,81,210,-27,210,-27,210,-27" /><INIT seed="0,2,0,2,4,38" ten="451,183,183,183" oya="0" hai0="92,53,130,88,116,49,126,133,85,131,120,24,68" hai1="96,103,99,9,48,102,71,4,42,132,107,45,135" hai2="112,17,90,61,31,128,60,125,10,11,26,74,56" hai3="47,83,95,29,25,124,7,119,3,97,54,2,87"/><T41/><D116/><U82/><E71/><V64/><F112/><W73/><G119/><T117/><D117/><U5/><E82/><V46/><F74/><W78/><G124/><T70/><D120/><U129/><E129/><N who="0" m="49161" /><D126/><U23/><E23/><V39/><F128/><W13/><G13/><T121/><D121/><U40/><E40/><V35/><F125/><W84/><G7/><T110/><D133/><U101/><E101/><V1/><F1/><W127/><G127/><T33/><D110/><U50/><E50/><V12/><F90/><W69/><G69/><T22/><D33/><U86/><E86/><V57/><F46/><W111/><G111/><T98/><D85/><U93/><REACH who="1" step="1"/><E5/><REACH who="1" ten="451,173,183,183" step="2"/><V15/><F39/><W6/><G87/><T94/><D41/><U123/><E123/><V44/><F61/><W75/><G75/><T66/><D94/><U113/><E113/><V8/><F35/><W59/><G6/><T52/><D68/><U28/><E28/><V30/><F30/><W79/><G73/><T65/><D70/><U108/><E108/><V118/><F118/><W91/><G78/><T51/><D51/><U104/><E104/><V58/><F31/><W114/><G114/><T115/><D115/><U34/><E34/><V72/><F72/><W37/><G37/><T134/><D49/><U0/><AGARI ba="2,1" hai="0,4,9,42,45,48,93,96,99,102,103,107,132,135" machi="0" ten="30,7900,0" yaku="1,1,0,1,52,1,53,1" doraHai="38" doraHaiUra="36" who="1" fromWho="1" sc="451,-41,173,95,183,-22,183,-22" /><INIT seed="1,0,0,2,2,131" ten="410,268,161,161" oya="1" hai0="52,70,4,63,118,69,73,82,13,83,134,114,50" hai1="0,85,98,17,68,30,9,108,14,127,109,121,23" hai2="105,92,88,46,62,18,6,2,58,54,79,22,130" hai3="107,91,61,53,106,60,45,42,100,8,124,90,5"/><U28/><E68/><V84/><F130/><W116/><G124/><T48/><D114/><U128/><E128/><V44/><F105/><W112/><G112/><T74/><D118/><U55/><E98/><V113/><F113/><W101/><G116/><T65/><D4/><N who="1" m="1159" /><E85/><V77/><F6/><W26/><G26/><T89/><D63/><N who="3" m="24137" /><G42/><T95/><D95/><U57/><E121/><V29/><F29/><N who="1" m="11369" /><E57/><V27/><REACH who="2" step="1"/><F2/><REACH who="2" ten="410,268,151,161" step="2"/><W40/><G106/><T12/><D69/><U33/><E55/><V10/><F10/><W3/><G107/><T125/><D52/><U24/><E127/><V120/><F120/><W99/><G3/><T71/><D71/><U97/><E97/><V75/><F75/><W19/><G99/><T38/><D73/><U132/><E33/><V102/><F102/><W47/><G53/><T117/><D74/><U76/><E109/><V129/><F129/><W93/><G100/><T87/><D70/><U110/><E110/><V78/><AGARI ba="0,1" hai="18,22,27,44,46,54,58,62,77,78,79,84,88,92" machi="78" ten="30,8000,1" yaku="1,1,0,1,8,1,54,1,53,1" doraHai="131" doraHaiUra="56" who="2" fromWho="2" sc="410,-20,268,-40,151,90,161,-20" /><INIT seed="2,0,0,1,3,59" ten="390,228,241,141" oya="2" hai0="110,52,64,66,18,111,133,105,76,25,85,22,3" hai1="57,31,81,44,48,124,56,128,43,34,106,71,79" hai2="65,77,39,115,5,80,61,123,83,94,26,7,38" hai3="102,97,89,46,19,82,92,33,54,114,29,36,116"/><V122/><F115/><W67/><G116/><T127/><D127/><U0/><E0/><V112/><F112/><W20/><G114/><T99/><D133/><U8/><E71/><V13/><F94/><W6/><G33/><T101/><D3/><U91/><E106/><V42/><F26/><W130/><G130/><T58/><D85/><U73/><E124/><V41/><F13/><W55/><G36/><T120/><D76/><U27/><E128/><V117/><F77/><W14/><G29/><T51/><REACH who="0" step="1"/><D120/><REACH who="0" ten="380,228,241,141" step="2"/><U72/><E73/><V75/><F75/><W68/><G82/><T28/><D28/><U109/><E79/><V16/><F117/><W50/><G6/><T62/><D62/><U125/><E72/><V135/><F135/><W108/><G108/><AGARI ba="0,1" hai="18,22,25,51,52,58,64,66,99,101,105,108,110,111" machi="108" ten="40,5200,0" yaku="1,1,14,1,54,1,53,0" doraHai="59" doraHaiUra="118" who="0" fromWho="3" sc="380,62,228,0,241,0,141,-52" /><INIT seed="3,0,0,4,0,47" ten="442,228,241,89" oya="3" hai0="113,37,100,65,104,10,12,127,81,26,23,58,16" hai1="33,75,99,122,85,59,62,57,102,111,135,91,48" hai2="70,0,17,106,7,61,74,124,90,21,109,117,35" hai3="130,101,105,31,110,119,69,53,1,78,30,112,71"/><W20/><G112/><T89/><D37/><U96/><E122/><V87/><F117/><W51/><G119/><T83/><D127/><U86/><E111/><V49/><F74/><W125/><G125/><T103/><D104/><U52/><E75/><V80/><F35/><W123/><G123/><T39/><D39/><U25/><E135/><V94/><F106/><W98/><G130/><T97/><D113/><U60/><E60/><V6/><F124/><W72/><G1/><T114/><D114/><U116/><E116/><V38/><F38/><W120/><G120/><T63/><D97/><U84/><E91/><N who="2" m="51687" /><F70/><W82/><G110/><T34/><D34/><U121/><E121/><V132/><F0/><W28/><REACH who="3" step="1"/><G20/><REACH who="3" ten="442,228,241,79" step="2"/><T108/><D108/><U40/><E33/><V54/><F109/><W43/><G43/><T19/><D83/><U92/><E40/><V5/><F132/><W11/><G11/><T67/><D81/><U64/><E99/><N who="2" m="57815" /><F61/><W93/><G93/><T68/><D10/><U129/><E129/><V8/><F8/><W29/><N who="3" m="7168" /><DORA hai="13" /><W115/><G115/><T3/><D23/><U88/><E96/><V134/><F134/><W50/><G50/><T15/><D63/><U73/><E92/><V118/><F118/><W128/><G128/><T14/><D3/><U66/><E48/><V95/><F95/><W76/><G76/><T41/><D41/><U9/><E9/><V42/><F42/><W46/><AGARI ba="0,1" hai="46,51,53,69,71,72,78,82,98,101,105" m="7168" machi="46" ten="40,12000,1" yaku="1,1,0,1,52,1,53,1" doraHai="47,13" doraHaiUra="18,79" who="3" fromWho="3" sc="442,-40,228,-40,241,-40,79,130" /><INIT seed="3,1,0,5,3,34" ten="402,188,201,209" oya="3" hai0="24,54,73,37,23,106,101,55,65,1,25,35,30" hai1="67,40,68,109,13,39,20,96,76,70,81,95,72" hai2="121,102,75,7,15,103,91,21,134,38,115,69,41" hai3="105,14,5,118,78,124,31,93,61,133,3,19,28"/><W84/><G118/><T114/><D73/><U11/><E109/><V113/><F69/><W79/><G105/><T99/><D37/><U123/><E123/><V0/><F75/><W122/><G122/><T111/><D111/><U53/><E20/><V125/><F121/><W47/><G124/><T89/><D1/><U116/><E116/><V44/><F0/><W8/><G133/><T36/><D36/><U77/><E77/><V27/><F125/><W4/><G47/><T60/><D89/><U32/><E32/><V127/><F127/><W108/><G108/><T94/><D94/><U58/><E67/><V63/><F63/><W130/><G130/><T49/><D49/><U92/><E40/><V97/><F91/><N who="3" m="53479" /><G61/><T107/><D107/><U98/><E39/><V88/><F88/><W9/><G3/><T71/><D114/><U57/><E95/><N who="2" m="58687" /><F103/><W59/><G59/><T117/><D117/><U46/><E46/><V135/><F115/><W17/><G8/><T86/><D86/><U119/><E119/><V83/><F83/><W22/><G5/><T112/><D112/><U12/><E96/><V56/><F56/><W6/><G4/><T87/><D87/><U16/><E58/><V2/><F2/><W42/><G42/><T29/><AGARI ba="1,0" hai="23,24,25,29,30,35,54,55,60,65,71,99,101,106" machi="29" ten="20,5200,0" yaku="0,1,7,1,25,2" doraHai="34" who="0" fromWho="0" sc="402,55,188,-14,201,-14,209,-27" owari="457,55.7,174,-32.6,187,-1.3,182,-21.8" /></mjloggm>