<mjloggm ver="2.3"><GO type="225" lobby="0"/><UN n0="%E6%B8%A9%E2%98%85%E6%83%85%E2%98%85%E6%8E%AA%E2%98%85%E7%BD%AE" n1="%E3%81%BF%E3%81%BF%E3%81%9A" n2="%E7%89%B9%E6%9D%B1%E3%81%AF%E4%B8%96%E7%95%8C%E3%82%92%E6%95%91%E3%81%86" n3="%E7%BD%AA%E5%88%91%E6%B3%95%E5%AE%9A%E4%B8%BB%E7%BE%A9" dan="16,17,16,16" rate="2165.47,2210.48,2140.40,2168.04" sx="M,M,M,M"/><TAIKYOKU oya="0"/><INIT seed="0,0,0,1,5,105" ten="250,250,250,250" oya="0" hai0="99,77,66,124,7,6,92,28,69,133,106,21,22" hai1="100,26,79,64,126,24,70,12,74,40,37,135,121" hai2="118,54,45,61,53,72,76,25,8,122,134,32,34" hai3="129,16,112,20,101,30,36,84,117,42,2,87,43"/><T59/><D106/><U33/><E121/><V3/><F122/><W60/><G112/><T132/><D69/><U107/><E12/><V123/><F123/><W49/><G117/><T78/><D124/><U108/><E24/><V86/><F86/><W65/><G2/><T18/><D28/><N who="1" m="19607" /><E108/><V75/><F76/><N who="0" m="29290" /><D59/><U127/><E135/><N who="0" m="51785" /><D66/><U125/><E40/><V63/><F134/><W56/><G129/><T0/><D0/><U104/><E37/><V114/><F25/><W109/><G109/><T88/><D22/><U110/><E110/><V10/><F45/><W57/><G30/><T38/><D38/><U5/><E5/><V113/><F3/><W111/><G111/><T71/><D71/><U50/><E50/><V29/><F29/><W52/><G101/><T95/><D92/><U47/><E47/><V67/><F67/><W103/><G103/><T58/><D58/><U90/><E90/><V97/><REACH who="2" step="1"/><F118/><REACH who="2" ten="250,250,240,250" step="2"/><W31/><G31/><T94/><D94/><U15/><E107/><V116/><F116/><W51/><G36/><T62/><D62/><N who="1" m="40215" /><E15/><AGARI ba="0,1" hai="6,7,15,18,21,88,95,99" m="51785,29290" machi="15" ten="30,2900,0" yaku="20,1,54,1" doraHai="105" who="0" fromWho="1" sc="250,39,250,-29,240,0,250,0" /><INIT seed="0,1,0,3,3,93" ten="289,221,240,250" oya="0" hai0="21,42,76,34,38,6,100,24,20,49,39,22,134" hai1="17,96,102,66,30,57,13,9,4,112,110,88,133" hai2="3,52,120,48,40,121,95,105,109,129,83,18,119" hai3="51,5,127,67,54,135,85,41,50,2,46,31,113"/><T128/><D128/><U11/><E110/><V107/><F3/><W86/><G113/><T10/><D134/><U99/><E133/><V61/><F129/><W69/><G135/><T70/><D70/><U58/><E112/><V81/><F109/><W132/><G132/><T97/><D76/><U77/><E30/><V82/><F119/><W8/><G127/><T35/><D49/><U23/><E77/><V84/><F40/><W14/><G2/><T116/><D116/><U92/><E66/><V19/><F61/><W101/><G31/><T32/><D24/><U16/><E17/><V72/><F72/><W53/><G41/><T59/><D59/><U80/><E80/><V74/><F74/><W73/><G73/><T68/><D68/><U123/><E123/><V45/><F84/><W62/><REACH who="3" step="1"/><G101/><REACH who="3" ten="289,221,240,240" step="2"/><T12/><REACH who="0" step="1"/><D42/><REACH who="0" ten="279,221,240,240" step="2"/><U89/><E89/><V75/><F75/><W37/><G37/><T104/><AGARI ba="1,2" hai="6,10,12,20,21,22,32,34,35,38,39,97,100,104" machi="104" ten="40,12000,1" yaku="1,1,2,1,0,1,52,1,53,0" doraHai="93" doraHaiUra="90" who="0" fromWho="0" sc="279,143,221,-41,240,-41,240,-41" /><INIT seed="0,2,0,0,4,79" ten="422,180,199,199" oya="0" hai0="20,115,123,5,12,73,9,126,30,106,51,38,17" hai1="127,24,35,119,58,3,98,71,111,129,68,100,135" hai2="132,104,57,60,59,75,99,97,85,91,25,50,0" hai3="88,34,18,134,70,39,28,16,27,55,114,1,128"/><T44/><D115/><U47/><E119/><V31/><F75/><W21/><G114/><T61/><D123/><U22/><E3/><V103/><F132/><W80/><G134/><T124/><D106/><U122/><E135/><V95/><F0/><W116/><G116/><T81/><D61/><U78/><E122/><V133/><F133/><W54/><G39/><T43/><D30/><U6/><E6/><V26/><F50/><W131/><G70/><T11/><D51/><U45/><E35/><V96/><F26/><W110/><G1/><N who="0" m="175" /><D11/><U86/><E111/><V109/><F59/><W40/><G40/><T63/><D63/><U67/><E58/><V89/><F89/><W2/><G2/><T108/><D108/><U125/><E67/><V93/><F104/><W14/><G18/><T105/><D105/><U66/><E66/><V41/><F41/><W4/><G4/><T7/><D7/><U10/><E10/><V13/><F13/><W48/><G110/><T82/><D73/><U120/><E120/><V87/><F87/><N who="3" m="50279" /><G48/><T49/><D38/><U62/><E62/><V94/><F109/><W69/><G69/><T19/><D19/><N who="1" m="12383" /><E71/><V33/><REACH who="2" step="1"/><F103/><REACH who="2" ten="422,180,189,199" step="2"/><W36/><G36/><T117/><D117/><U121/><E68/><V23/><F23/><W29/><G29/><T90/><D20/><U102/><E102/><V37/><F37/><W8/><G21/><T83/><D12/><U32/><E32/><V77/><F77/><W101/><G101/><T112/><D112/><U113/><E113/><V64/><AGARI ba="2,1" hai="25,31,33,57,60,64,85,91,93,94,95,96,97,99" machi="64" ten="30,2000,0" yaku="1,1,0,1,53,0" doraHai="79" doraHaiUra="15" who="2" fromWho="2" sc="422,-12,180,-7,189,36,199,-7" /><INIT seed="1,0,0,4,3,20" ten="410,173,225,192" oya="1" hai0="97,45,88,33,5,58,107,75,124,103,118,55,10" hai1="62,117,21,63,99,114,101,108,126,41,22,34,2" hai2="74,70,79,60,44,96,89,77,120,7,82,30,6" hai3="113,133,28,48,80,66,15,106,112,94,56,3,0"/><U40/><E114/><V121/><F79/><W8/><G106/><T42/><D118/><U13/><E117/><V27/><F44/><W43/><G133/><T109/><D33/><U29/><E2/><V105/><F7/><W111/><G111/><T59/><D75/><U134/><E34/><N who="2" m="20831" /><F6/><W130/><G130/><T67/><D109/><U9/><E108/><V119/><F89/><W53/><G113/><T4/><D124/><U19/><E126/><V132/><F132/><W104/><G104/><T69/><D88/><U98/><E134/><V26/><F26/><W122/><G122/><T71/><D58/><U1/><E1/><V61/><F61/><N who="1" m="23049" /><E21/><V87/><F87/><W50/><G112/><T131/><D71/><U73/><E73/><V18/><F18/><W102/><G0/><T84/><D69/><U31/><E31/><V47/><F47/><N who="3" m="25727" /><G3/><T116/><D116/><U93/><E99/><V135/><F135/><W68/><G68/><T110/><D97/><U83/><E83/><V54/><F119/><W57/><G80/><T14/><D110/><U95/><E93/><V49/><F60/><N who="3" m="38151" /><G28/><T92/><D107/><U76/><E76/><V91/><F70/><W36/><G36/><T37/><D131/><U32/><E32/><V23/><F23/><W81/><G81/><T24/><D37/><U128/><E128/><V52/><F105/><W123/><G123/><N who="2" m="47177" /><F49/><W65/><G94/><T46/><D92/><U125/><E125/><V115/><F115/><W12/><G102/><T90/><D103/><U39/><E39/><V11/><F11/><W38/><G8/><RYUUKYOKU ba="0,0" sc="410,-15,173,15,225,15,192,-15" hai1="9,13,19,22,29,40,41,95,98,101" hai2="52,54,74,77,82,91,96" /><INIT seed="1,1,0,5,3,28" ten="395,188,240,177" oya="1" hai0="124,134,84,51,37,5,76,120,121,1,31,122,95" hai1="44,69,115,45,129,47,86,109,131,49,63,133,57" hai2="113,75,130,92,105,16,56,111,78,94,61,39,83" hai3="65,40,54,66,119,25,42,74,91,70,32,2,106"/><U60/><E86/><V36/><F105/><W102/><G2/><T41/><D134/><U90/><E90/><V116/><F116/><W96/><G74/><T59/><D124/><U43/><E115/><V26/><F111/><W20/><G119/><T17/><D31/><U58/><E133/><V19/><F130/><N who="1" m="49673" /><E109/><V35/><F113/><W24/><G54/><N who="0" m="32223" /><D76/><U55/><E69/><V128/><F128/><W8/><G8/><N who="0" m="2095" /><D17/><U118/><E118/><V108/><F108/><W89/><G70/><T29/><D29/><U85/><E85/><V9/><F35/><W126/><G126/><T79/><D79/><U80/><E80/><V64/><F19/><W4/><G4/><T34/><D84/><U48/><E48/><V23/><REACH who="2" step="1"/><F9/><REACH who="2" ten="395,188,230,177" step="2"/><W50/><G32/><T0/><D122/><U52/><AGARI ba="1,1" hai="43,44,45,47,49,52,55,57,58,60,63" m="49673" machi="52" ten="30,11700,0" yaku="19,1,34,2,54,1" doraHai="28" who="1" fromWho="1" sc="395,-40,188,130,230,-40,177,-40" /><INIT seed="1,2,0,1,3,103" ten="355,318,190,137" oya="1" hai0="44,24,70,25,135,124,126,63,119,18,6,95,27" hai1="30,52,66,29,60,3,33,7,61,133,53,20,5" hai2="23,122,54,62,68,117,9,96,47,107,123,118,11" hai3="114,104,109,28,51,10,130,110,39,72,59,82,32"/><U75/><E75/><V26/><F96/><W134/><G114/><T56/><D119/><N who="2" m="45578" /><F54/><W125/><G39/><T101/><D135/><U36/><E36/><V73/><F62/><W48/><G134/><T81/><D6/><U93/><E133/><V69/><F47/><W84/><G72/><T80/><D70/><U128/><E33/><V92/><F92/><W100/><G10/><N who="2" m="3593" /><F73/><W88/><G125/><N who="0" m="48235" /><D18/><U57/><E3/><V79/><F79/><W77/><G77/><T43/><D95/><U55/><E128/><V1/><F1/><W71/><G71/><T99/><D101/><U45/><E45/><V112/><F69/><W98/><G130/><T16/><D16/><U86/><E61/><V115/><F107/><W46/><G59/><T67/><D99/><U15/><E15/><V41/><F41/><W31/><G51/><AGARI ba="2,0" hai="24,25,27,43,44,51,56,63,67,80,81" m="48235" machi="51" ten="30,1000,0" yaku="18,1" doraHai="103" who="0" fromWho="3" sc="355,16,318,0,190,0,137,-16" /><INIT seed="2,0,0,3,5,109" ten="371,318,190,121" oya="2" hai0="25,77,103,19,114,69,31,14,91,126,42,117,8" hai1="131,104,56,63,30,33,6,73,18,28,88,24,98" hai2="3,93,128,48,92,29,2,70,108,43,90,74,17" hai3="44,122,85,130,97,78,35,110,1,124,22,34,58"/><V125/><F70/><W132/><G122/><T23/><D69/><U79/><E131/><V129/><F74/><W4/><G110/><T41/><D114/><U12/><E6/><V106/><F106/><W82/><G130/><N who="2" m="50281" /><F108/><W39/><G124/><T76/><D126/><U0/><E0/><V16/><F29/><W38/><G132/><T21/><D117/><U134/><E134/><V15/><F125/><W53/><G1/><N who="2" m="9" /><F90/><W81/><G4/><N who="0" m="3335" /><D103/><U26/><E73/><V9/><F17/><W62/><G97/><T50/><D91/><U7/><E79/><N who="0" m="30281" /><D50/><U107/><E7/><V65/><F65/><W32/><G82/><T72/><D72/><U61/><E98/><V105/><F105/><W37/><REACH who="3" step="1"/><G22/><REACH who="3" ten="371,318,190,111" step="2"/><T115/><D115/><U118/><E118/><V101/><F101/><W123/><G123/><T60/><D23/><U111/><E111/><V102/><F102/><W94/><G94/><T54/><D31/><U66/><E104/><V27/><F27/><W20/><G20/><T133/><D133/><U55/><E107/><V87/><F87/><W83/><G83/><T68/><D21/><N who="1" m="11463" /><E28/><V46/><AGARI ba="0,1" hai="9,15,16,43,46,48,92,93" m="9,50281" machi="46" ten="40,3900,0" yaku="19,1,54,1" doraHai="109" who="2" fromWho="2" sc="371,-13,318,-13,190,49,111,-13" /><INIT seed="2,1,0,4,2,11" ten="358,305,239,98" oya="2" hai0="47,88,78,111,10,62,96,110,71,39,126,63,1" hai1="59,90,27,38,73,109,45,0,97,53,85,101,123" hai2="42,44,58,128,48,16,87,80,130,24,66,77,135" hai3="76,116,103,86,91,5,100,68,82,112,60,117,34"/><V55/><F135/><W17/><G34/><T118/><D126/><U25/><E73/><V50/><REACH who="2" step="1"/><F66/><REACH who="2" ten="358,305,229,98" step="2"/><W6/><G117/><T108/><D118/><U75/><E123/><V92/><F92/><W3/><G116/><T28/><D111/><U114/><E109/><V99/><F99/><W94/><G112/><T134/><D96/><U127/><E114/><V115/><F115/><W12/><G68/><T132/><D71/><U54/><E97/><V67/><F67/><W21/><G60/><T121/><D63/><U22/><E127/><V70/><F70/><W95/><G95/><T113/><D62/><U69/><E69/><V8/><F8/><W129/><G129/><T104/><D10/><U15/><E101/><V2/><F2/><W93/><G93/><T33/><D1/><U46/><E0/><V57/><F57/><W40/><G3/><T124/><D113/><U49/><E59/><V37/><F37/><W9/><G9/><T35/><D124/><U32/><E38/><V20/><AGARI ba="1,1" hai="16,20,24,42,44,48,50,55,58,77,80,87,128,130" machi="20" ten="30,6000,0" yaku="1,1,0,1,54,1,53,0" doraHai="11" doraHaiUra="98" who="2" fromWho="2" sc="358,-21,305,-21,229,73,98,-21" /><INIT seed="2,2,0,3,0,86" ten="337,284,302,77" oya="2" hai0="129,41,102,104,69,124,10,100,42,134,55,87,24" hai1="75,91,17,108,4,113,133,57,12,114,127,111,115" hai2="105,58,98,135,50,9,93,34,66,33,112,5,46" hai3="132,8,64,48,120,38,103,96,56,126,44,82,15"/><V18/><F112/><W85/><G120/><T130/><D134/><U14/><E75/><V80/><F105/><W84/><G132/><T81/><D124/><U99/><E133/><V63/><F80/><W52/><G126/><T90/><D69/><U39/><E127/><V83/><F83/><W37/><G37/><T54/><D24/><U26/><E39/><V88/><F18/><W77/><G38/><T73/><D10/><U72/><E72/><V92/><F93/><W30/><G30/><T62/><D73/><U125/><E125/><V13/><REACH who="2" step="1"/><F135/><REACH who="2" ten="337,284,292,77" step="2"/><W6/><G85/><T25/><D104/><U89/><E99/><V45/><F45/><W11/><G11/><T31/><D81/><U29/><E4/><V36/><F36/><W2/><G2/><T53/><D130/><U59/><E17/><V117/><F117/><W118/><G118/><T22/><D129/><U116/><E116/><V128/><F128/><W51/><G96/><T74/><D74/><U60/><E114/><V106/><F106/><W0/><G0/><T131/><D131/><U32/><E29/><V95/><F95/><W121/><G121/><T70/><D31/><U68/><E113/><V67/><F67/><W79/><G64/><N who="0" m="41239" /><D102/><U20/><E115/><V123/><F123/><W16/><G103/><T109/><D100/><U21/><E26/><V76/><F76/><N who="3" m="46151" /><G6/><T101/><D101/><U35/><E68/><V65/><F65/><W23/><G8/><T3/><D3/><U40/><E40/><AGARI ba="2,1" hai="5,9,13,33,34,40,46,50,58,63,66,88,92,98" machi="40" ten="30,11600,0" yaku="1,1,7,1,52,1,54,1,53,0" doraHai="86" doraHaiUra="78" who="2" fromWho="1" sc="337,0,284,-122,292,132,77,0" /><AGARI ba="2,0" hai="15,16,23,40,44,48,51,52,56,77,79" m="46151" machi="40" ten="30,3900,0" yaku="8,1,54,2" doraHai="86" who="3" fromWho="1" sc="337,0,162,-39,424,0,77,39" /><INIT seed="2,3,0,3,0,60" ten="337,123,424,116" oya="2" hai0="5,8,96,69,132,26,4,74,78,134,79,18,81" hai1="38,53,100,14,16,67,117,27,7,55,17,39,23" hai2="86,127,68,1,59,115,110,95,44,48,111,10,43" hai3="40,107,63,33,3,98,66,84,105,93,118,41,75"/><V35/><F115/><W24/><G75/><T2/><D69/><U109/><E117/><V54/><F35/><W104/><G3/><T108/><D108/><N who="2" m="41514" /><F68/><W57/><G118/><T30/><D78/><U94/><E109/><V88/><F127/><W102/><REACH who="3" step="1"/><G84/><REACH who="3" ten="337,123,424,106" step="2"/><T120/><D120/><U52/><E7/><N who="2" m="1391" /><F43/><W128/><G128/><T80/><D74/><U21/><REACH who="1" step="1"/><E67/><REACH who="1" ten="337,113,424,106" step="2"/><V12/><F12/><W112/><G112/><T58/><D2/><U62/><E62/><V122/><F122/><W61/><G61/><T106/><D132/><U13/><E13/><V97/><F86/><W47/><G47/><AGARI ba="3,2" hai="44,47,48,54,59,88,95,97" m="1391,41514" machi="47" ten="30,5800,0" yaku="14,1,10,1,54,1" doraHai="60" who="2" fromWho="3" sc="337,0,113,0,424,87,106,-67" /><INIT seed="2,4,0,5,2,93" ten="337,113,511,39" oya="2" hai0="19,28,16,116,114,98,82,89,124,121,7,3,100" hai1="112,60,127,47,66,24,85,13,18,42,65,27,5" hai2="46,126,81,99,12,117,25,55,108,113,31,48,111" hai3="77,10,122,70,73,8,133,78,17,105,26,76,4"/><V83/><F113/><W35/><G122/><T118/><D121/><U97/><E112/><V39/><F117/><N who="0" m="45162" /><D114/><U80/><E127/><V125/><F39/><W87/><G70/><T11/><D124/><N who="2" m="47722" /><F12/><W130/><G130/><T74/><D28/><U22/><E97/><V64/><F64/><W38/><G38/><T63/><D63/><U71/><E5/><V36/><F36/><W23/><G133/><T34/><D34/><U40/><E65/><V61/><F61/><W0/><G105/><N who="0" m="63639" /><D89/><U21/><E47/><V44/><F44/><W86/><G73/><T45/><D45/><U75/><E75/><V15/><F15/><W134/><G134/><T79/><AGARI ba="4,0" hai="3,7,11,16,19,74,79,82" m="63639,45162" machi="79" ten="30,4000,0" yaku="12,1,52,1,54,1" doraHai="93" who="0" fromWho="0" sc="337,52,113,-14,511,-24,39,-14" /><INIT seed="3,0,0,2,0,42" ten="389,99,487,25" oya="3" hai0="107,37,31,16,96,47,67,3,64,32,95,75,24" hai1="123,108,49,124,125,89,7,12,87,46,51,134,45" hai2="25,133,81,97,39,50,109,106,20,44,74,2,105" hai3="9,36,103,65,128,29,33,84,92,102,8,101,85"/><W91/><G128/><T18/><D75/><U23/><E108/><V22/><F39/><W99/><G36/><T83/><D3/><U61/><E123/><V5/><F109/><W21/><G33/><T119/><D119/><U27/><E134/><V121/><F133/><W59/><G85/><T111/><D111/><U40/><E61/><V131/><F131/><W48/><G84/><T90/><D107/><U79/><E79/><V82/><F82/><W14/><G91/><T52/><D83/><U56/><E56/><V72/><F5/><W0/><G0/><T132/><D132/><U80/><E12/><V38/><F22/><W66/><G66/><T86/><D86/><U115/><E7/><V116/><F97/><W104/><G104/><T1/><D1/><U135/><E115/><V6/><F6/><W58/><G58/><T26/><D26/><U11/><E11/><V19/><F116/><W118/><G118/><T113/><D113/><U4/><E4/><V127/><F127/><N who="1" m="48713" /><E135/><V73/><F81/><W60/><G48/><N who="1" m="18506" /><E40/><V78/><F19/><AGARI ba="0,0" hai="19,23,27,45,46,80,87,89" m="18506,48713" machi="19" ten="30,3900,0" yaku="18,1,52,2" doraHai="42" who="1" fromWho="2" sc="389,0,99,39,487,-39,25,0" owari="389,18.9,138,-26.2,448,54.8,25,-47.5" /></mjloggm>