<mjloggm ver="2.3"><GO type="225" lobby="0"/><UN n0="%E4%B8%89%E6%A7%93%E5%AD%90" n1="%E3%81%B2%E3%81%AA%E3%81%AE%E3%82%8A%E3%81%8F" n2="%E5%A4%96%E5%B7%9D%E7%AB%9C%E6%88%90" n3="%E3%83%8F%E3%82%AC%E3%82%BF%E3%82%AB%E3%81%AE%E3%81%88%E3%81%98%E3%81%8D" dan="16,17,16,16" rate="2044.89,2201.14,2121.14,2158.29" sx="F,M,M,M"/><TAIKYOKU oya="0"/><INIT seed="0,0,0,2,1,112" ten="250,250,250,250" oya="0" hai0="95,129,126,0,100,12,7,19,51,121,47,13,16" hai1="93,113,11,105,110,43,87,70,119,48,106,15,10" hai2="4,71,90,26,102,109,114,45,34,123,63,132,9" hai3="92,28,80,111,91,32,98,18,29,99,62,57,5"/><T85/><D121/><U130/><E70/><V21/><F123/><W65/><G111/><T60/><D126/><U94/><E110/><V96/><F114/><W24/><G5/><T117/><D117/><U88/><E113/><V37/><F109/><W8/><G29/><T58/><D0/><U3/><E119/><V49/><F37/><W35/><G80/><T42/><D129/><U1/><E130/><V82/><F34/><W86/><REACH who="3" step="1"/><G32/><REACH who="3" ten="250,250,250,240" step="2"/><T75/><D75/><U122/><E122/><V44/><F82/><W74/><G74/><T69/><D7/><U125/><E125/><V31/><F4/><W108/><G108/><T46/><D19/><U50/><E3/><V83/><F83/><W84/><G84/><T81/><D16/><U2/><E87/><V118/><F31/><W72/><G72/><T36/><D81/><U76/><E76/><V116/><F116/><W23/><G23/><T131/><D85/><U79/><E79/><V56/><F21/><W6/><G6/><T41/><D131/><U33/><E33/><V40/><F118/><W89/><G89/><T22/><D22/><U54/><E88/><V17/><F90/><W39/><G39/><T67/><D13/><AGARI ba="0,1" hai="8,13,18,24,28,35,57,62,65,86,91,92,98,99" machi="13" ten="40,2600,0" yaku="1,1,53,1" doraHai="112" doraHaiUra="27" who="3" fromWho="0" sc="250,-26,250,0,250,0,240,36" /><INIT seed="1,0,0,2,5,2" ten="224,250,250,276" oya="1" hai0="98,81,126,20,135,5,78,132,15,133,123,109,117" hai1="43,94,62,59,103,122,4,116,99,41,1,71,118" hai2="33,102,22,82,49,89,79,104,72,8,34,58,124" hai3="31,13,26,127,38,77,44,106,3,23,90,101,75"/><U67/><E122/><V128/><F22/><W84/><G3/><T69/><D117/><U30/><E30/><V120/><F58/><W88/><G127/><T63/><D109/><U51/><E71/><V60/><F60/><W47/><G75/><T29/><D126/><U46/><REACH who="1" step="1"/><E43/><REACH who="1" ten="224,240,250,276" step="2"/><V112/><F120/><W93/><G31/><T110/><D123/><U9/><AGARI ba="0,1" hai="1,4,9,41,46,51,59,62,67,94,99,103,116,118" machi="9" ten="30,11700,0" yaku="1,1,2,1,0,1,52,1,53,0" doraHai="2" doraHaiUra="68" who="1" fromWho="1" sc="224,-39,240,127,250,-39,276,-39" /><INIT seed="1,1,0,3,4,59" ten="185,367,211,237" oya="1" hai0="117,40,39,69,134,116,75,46,122,8,0,68,81" hai1="99,88,78,37,18,17,125,10,94,98,82,110,55" hai2="3,83,89,129,104,71,85,52,90,74,51,11,6" hai3="14,35,100,28,41,29,127,48,123,32,9,53,30"/><U126/><E37/><V105/><F129/><W47/><G123/><T113/><D113/><U119/><E119/><N who="0" m="45641" /><D122/><U114/><E114/><V57/><F71/><W2/><G127/><N who="1" m="48650" /><E110/><V4/><F4/><W34/><G100/><T1/><D134/><U66/><E66/><V12/><F3/><N who="0" m="1098" /><D8/><U19/><E55/><V44/><F74/><W92/><G2/><T25/><D25/><U22/><E10/><V128/><F128/><W36/><G92/><T107/><D107/><U38/><E38/><V42/><REACH who="2" step="1"/><F89/><REACH who="2" ten="185,367,201,237" step="2"/><W27/><G34/><T56/><D56/><U50/><E50/><AGARI ba="1,1" hai="6,11,12,42,44,50,51,52,57,83,85,90,104,105" machi="50" ten="30,7700,0" yaku="1,1,2,1,7,1,54,1,53,0" doraHai="59" doraHaiUra="131" who="2" fromWho="1" sc="185,0,367,-80,201,90,237,0" /><INIT seed="2,0,0,4,0,133" ten="185,287,291,237" oya="2" hai0="53,94,45,33,18,85,65,17,68,88,15,84,37" hai1="79,126,22,106,97,66,38,82,96,69,134,10,128" hai2="115,107,64,60,24,2,90,98,9,13,52,121,61" hai3="26,12,7,77,49,20,14,50,89,76,75,16,131"/><V130/><F115/><W124/><G131/><T1/><D1/><U132/><E38/><V112/><F112/><W19/><G124/><T86/><D33/><U120/><E128/><V57/><F121/><W92/><G75/><T122/><D122/><U30/><E120/><V80/><F2/><W27/><G7/><T72/><D72/><U111/><E126/><V123/><F123/><W35/><G35/><T93/><D68/><U83/><E111/><V5/><F130/><W3/><G3/><T55/><D65/><U32/><E32/><V110/><F110/><W108/><G108/><T74/><D74/><U39/><E39/><V117/><F117/><W54/><G27/><T81/><D94/><U109/><E106/><V73/><F24/><W102/><G102/><T99/><D37/><U91/><E69/><V113/><F113/><W78/><G26/><T25/><D45/><U63/><E109/><V62/><F64/><W71/><G54/><T51/><D51/><U46/><E30/><V23/><F23/><N who="3" m="11655" /><G71/><T42/><D42/><U100/><E66/><V11/><F11/><W48/><G48/><T103/><D25/><U44/><E10/><V95/><F107/><W56/><G56/><T127/><D127/><U8/><E8/><V47/><F47/><W87/><AGARI ba="0,0" hai="14,19,20,49,50,76,77,78,87,89,92" m="11655" machi="87" ten="30,2000,0" yaku="8,1,54,1" doraHai="133" who="3" fromWho="3" sc="185,-5,287,-5,291,-10,237,20" /><INIT seed="3,0,0,0,1,100" ten="180,282,281,257" oya="3" hai0="37,87,94,21,91,108,33,83,70,14,86,45,129" hai1="96,23,118,47,58,5,132,121,30,44,110,76,15" hai2="124,59,106,77,120,9,90,105,25,12,122,20,1" hai3="27,51,78,2,117,89,68,11,34,65,4,92,52"/><W114/><G114/><T82/><D108/><U135/><E121/><N who="2" m="46699" /><F124/><W130/><G117/><T133/><D133/><N who="1" m="51275" /><E110/><V8/><F77/><W98/><G130/><T69/><D129/><U134/><E76/><V0/><F90/><W32/><G27/><T102/><D33/><U111/><E111/><V38/><F38/><W54/><G54/><T49/><D37/><U81/><E81/><V64/><F59/><W56/><REACH who="3" step="1"/><G78/><REACH who="3" ten="180,282,281,247" step="2"/><T26/><D14/><U16/><E15/><V123/><F123/><W41/><G41/><T74/><D74/><U99/><E118/><V22/><F12/><W85/><G85/><T104/><D104/><N who="2" m="40042" /><F64/><W17/><G17/><T7/><D7/><U24/><E16/><N who="2" m="12423" /><F22/><W125/><G125/><T126/><D126/><U6/><E23/><V67/><F67/><W40/><G40/><T107/><D107/><U84/><E134/><V116/><F116/><W103/><G103/><T13/><D13/><U10/><E6/><V36/><F36/><W19/><G19/><T66/><D66/><U43/><E5/><V127/><F127/><W115/><G115/><T109/><D109/><U55/><E43/><V28/><F28/><W112/><G112/><T128/><D128/><U119/><E30/><V93/><F93/><W97/><G97/><N who="0" m="59703" /><D21/><U31/><E99/><V57/><F0/><W50/><G50/><T62/><D26/><U39/><E96/><V60/><F1/><W131/><G131/><T35/><D35/><U101/><E119/><V73/><F73/><W42/><G42/><N who="0" m="24759" /><D62/><AGARI ba="0,1" hai="2,4,11,32,34,51,52,56,62,65,68,89,92,98" machi="62" ten="40,7700,0" yaku="1,1,54,1,53,1" doraHai="100" doraHaiUra="53" who="3" fromWho="0" sc="180,-77,282,0,281,0,247,87" owari="103,-39.7,282,8.2,281,-11.9,334,43.4" /></mjloggm>