<mjloggm ver="2.3"><GO type="225" lobby="0"/><UN n0="%72%69%6F%75%63%68%61%6E" n1="%E3%81%AA%E3%82%81%E3%81%93%E9%9B%80%E5%A3%AB" n2="%E3%81%AF%E3%82%88%E3%81%8A%E3%81%98%E3%81%95%E3%82%93" n3="%E3%82%BC%E3%83%AB%E3%83%80%E3%81%AE%E4%BC%9D%E8%AA%AC" dan="16,16,17,17" rate="2244.34,2033.21,2191.50,2248.00" sx="M,M,M,M"/><TAIKYOKU oya="0"/><INIT seed="0,0,0,0,2,126" ten="250,250,250,250" oya="0" hai0="79,41,23,17,78,85,103,26,27,8,65,120,62" hai1="104,124,69,67,73,33,89,35,47,49,123,39,80" hai2="119,96,76,37,4,46,131,48,51,74,68,91,30" hai3="16,77,99,83,88,121,54,127,84,71,0,115,19"/><T97/><D120/><U109/><E123/><V29/><F119/><W14/><G121/><T116/><D116/><U13/><E124/><V106/><F68/><W43/><G127/><T95/><D41/><U125/><E125/><V34/><F37/><W114/><G0/><T31/><D85/><U11/><E104/><V81/><F4/><W93/><G71/><T132/><D132/><U40/><E109/><V87/><F131/><W6/><G43/><T86/><D86/><U134/><E134/><V66/><F66/><W102/><G6/><T135/><D135/><U1/><E89/><V98/><F34/><W22/><G54/><T100/><D100/><U90/><E90/><V75/><F48/><W56/><G56/><T15/><REACH who="0" step="1"/><D26/><REACH who="0" ten="240,250,250,250" step="2"/><U110/><E40/><N who="2" m="25031" /><F75/><W12/><REACH who="3" step="1"/><G102/><REACH who="3" ten="240,250,250,240" step="2"/><T5/><D5/><U94/><E110/><V70/><F70/><AGARI ba="0,2" hai="8,15,17,23,27,31,62,65,70,78,79,95,97,103" machi="70" ten="30,5800,0" yaku="1,1,7,1,53,1" doraHai="126" doraHaiUra="18" who="0" fromWho="2" sc="240,78,250,0,250,-58,240,0" /><INIT seed="0,1,0,5,0,13" ten="318,250,192,240" oya="0" hai0="68,33,64,120,98,113,53,21,42,116,108,119,90" hai1="134,16,7,71,99,28,115,126,107,69,9,47,56" hai2="2,61,104,58,122,112,85,23,3,95,76,67,12" hai3="81,29,75,88,130,18,44,59,36,93,118,5,24"/><T40/><D113/><U35/><E115/><V32/><F112/><W111/><G118/><T74/><D120/><U124/><E134/><V83/><F122/><W123/><G123/><T10/><D33/><U46/><E56/><V106/><F32/><W73/><G5/><T101/><D74/><U41/><E28/><V57/><F58/><W80/><G111/><T14/><D108/><U87/><E87/><V51/><F51/><W92/><G59/><T133/><D53/><U43/><E35/><V89/><F104/><W84/><G130/><T94/><D133/><U19/><E99/><V6/><F106/><W22/><G29/><T103/><D21/><U11/><E107/><V105/><F105/><W20/><G20/><T50/><D119/><U117/><E7/><V49/><F49/><W131/><G131/><T135/><D135/><U38/><E38/><V110/><F110/><W77/><REACH who="3" step="1"/><G73/><REACH who="3" ten="318,250,192,230" step="2"/><T39/><D116/><AGARI ba="1,1" hai="9,11,16,19,41,43,46,47,69,71,116,117,124,126" machi="116" ten="25,8000,1" yaku="22,2,52,2,54,1" doraHai="13" who="1" fromWho="0" sc="318,-83,250,93,192,0,230,0" /><INIT seed="1,0,0,1,1,63" ten="235,343,192,230" oya="1" hai0="117,104,10,75,45,83,26,57,103,109,62,84,36" hai1="18,6,37,9,100,51,23,91,106,29,128,86,118" hai2="94,78,61,56,82,73,21,70,123,124,79,35,50" hai3="13,22,31,111,93,4,32,30,98,95,114,3,113"/><U85/><E37/><V92/><F123/><W90/><G111/><T127/><D117/><U101/><E128/><V68/><F35/><W59/><G3/><T122/><D109/><U76/><E29/><V40/><F124/><W34/><G34/><T54/><D75/><U67/><E106/><V133/><F133/><W135/><G135/><T38/><D127/><U60/><E51/><V55/><F78/><W12/><G32/><T20/><D122/><U102/><E76/><V131/><F131/><W49/><G113/><T89/><D10/><U19/><E86/><V74/><F73/><W42/><G114/><T0/><D0/><U80/><E118/><V132/><F132/><W107/><G107/><T129/><D129/><U15/><REACH who="1" step="1"/><E23/><REACH who="1" ten="235,333,192,230" step="2"/><V69/><F21/><W44/><G31/><T39/><D104/><U134/><E134/><V24/><F24/><W28/><G28/><T27/><D20/><U1/><E1/><V58/><REACH who="2" step="1"/><F40/><REACH who="2" ten="235,333,182,230" step="2"/><W130/><G130/><T72/><D72/><U7/><E7/><V77/><F77/><W65/><G4/><T5/><D5/><U43/><E43/><V48/><F48/><W112/><G112/><T108/><D108/><U81/><E81/><V125/><F125/><W17/><G30/><T88/><D26/><U25/><E25/><V126/><F126/><W115/><G115/><T53/><D27/><U96/><E96/><V105/><F105/><W110/><G110/><T41/><D36/><U47/><E47/><V46/><F46/><W66/><G42/><N who="0" m="22743" /><D39/><U120/><E120/><V116/><F116/><W99/><G44/><RYUUKYOKU ba="0,2" sc="235,-15,333,15,182,15,230,-15" hai1="6,9,15,18,19,60,67,80,85,91,100,101,102" hai2="50,55,56,58,61,68,69,70,74,79,82,92,94" /><INIT seed="1,1,2,2,2,23" ten="220,348,197,215" oya="1" hai0="20,95,22,4,110,38,73,69,55,130,33,50,103" hai1="111,57,36,112,1,127,133,46,122,87,14,74,105" hai2="10,30,19,15,59,7,35,91,29,49,72,45,86" hai3="75,71,53,42,24,134,117,92,118,107,52,102,106"/><U0/><RYUUKYOKU type="yao9" ba="1,2" sc="220,0,348,0,197,0,215,0" hai1="0,1,14,36,46,57,74,87,105,111,112,122,127,133" /><INIT seed="1,2,2,4,0,65" ten="220,348,197,215" oya="1" hai0="107,55,102,42,116,122,80,73,50,71,132,76,123" hai1="26,31,20,90,58,11,56,88,66,67,45,82,59" hai2="81,43,51,7,2,95,30,14,113,77,1,125,29" hai3="112,92,53,89,40,121,74,94,24,72,52,120,18"/><U86/><E90/><V8/><F125/><W115/><G40/><T54/><D132/><U25/><E45/><V6/><F113/><W38/><G89/><T10/><D116/><U117/><E117/><V118/><F118/><W129/><G24/><T79/><D71/><U78/><E11/><V49/><F95/><W108/><G18/><T27/><D79/><U41/><E41/><V33/><F6/><W97/><G97/><N who="0" m="61903" /><D27/><U62/><E67/><V13/><F13/><W91/><G91/><T134/><D134/><U36/><E36/><V105/><F105/><W64/><G64/><T3/><D42/><U23/><REACH who="1" step="1"/><E78/><REACH who="1" ten="220,338,197,215" step="2"/><V4/><F43/><W35/><G38/><T99/><D10/><U85/><E85/><V135/><F135/><W106/><G115/><T60/><D76/><U46/><E46/><V126/><F126/><W128/><G112/><T48/><D55/><U17/><AGARI ba="2,3" hai="17,20,23,25,26,31,56,58,59,62,66,82,86,88" machi="17" ten="20,12000,1" yaku="1,1,0,1,7,1,8,1,54,1,53,0" doraHai="65" doraHaiUra="37" who="1" fromWho="1" sc="220,-42,338,156,197,-42,215,-42" /><INIT seed="1,3,0,1,5,23" ten="178,494,155,173" oya="1" hai0="24,50,92,94,133,109,134,117,20,89,101,48,18" hai1="83,79,14,3,16,104,4,131,110,29,105,128,9" hai2="72,25,46,13,135,58,61,123,96,10,75,98,129" hai3="6,52,40,108,114,73,120,56,116,130,1,64,62"/><U30/><E110/><V47/><F123/><W49/><G114/><T7/><D109/><U132/><E132/><N who="0" m="50793" /><D117/><U103/><E30/><V107/><F135/><W39/><G108/><T87/><D7/><U11/><E103/><V81/><F129/><N who="1" m="49737" /><E29/><V68/><F68/><W44/><G130/><T28/><D28/><U35/><E35/><V100/><F98/><AGARI ba="3,0" hai="18,20,24,48,50,87,89,92,94,98,101" m="50793" machi="98" ten="30,2000,0" yaku="20,1,52,1" doraHai="23" who="0" fromWho="2" sc="178,29,494,0,155,-29,173,0" /><INIT seed="2,0,0,0,0,96" ten="207,494,126,173" oya="2" hai0="85,120,104,119,111,44,60,61,71,79,25,98,67" hai1="115,54,64,82,75,14,121,69,135,7,10,90,21" hai2="34,18,2,94,68,132,124,102,52,99,13,84,66" hai3="37,80,113,77,26,87,3,47,89,110,117,92,58"/><V22/><F124/><W103/><G117/><T91/><D120/><U126/><E115/><V32/><F132/><W105/><G113/><T127/><D119/><U100/><E121/><V16/><F2/><W45/><G110/><T123/><D123/><U33/><E33/><V88/><F66/><W129/><G129/><T116/><D116/><U30/><E135/><V51/><F68/><W43/><G3/><T63/><D111/><U106/><E64/><V41/><F41/><W42/><G58/><T86/><D127/><U11/><E69/><V55/><F18/><W122/><G26/><T107/><D44/><U70/><E70/><V97/><F97/><N who="3" m="61679" /><G122/><T29/><D79/><U57/><E30/><V20/><F20/><W93/><G93/><T35/><D85/><U59/><E54/><V4/><F4/><W50/><G37/><T40/><D40/><N who="3" m="15401" /><G50/><T131/><D131/><U83/><E21/><V36/><F36/><W133/><G133/><T8/><D8/><U1/><E59/><N who="2" m="33183" /><F55/><W24/><G24/><T0/><D0/><U19/><E75/><AGARI ba="0,0" hai="45,47,75,77,80,87,89,92" m="15401,61679" machi="75" ten="30,2000,0" yaku="24,1,52,1" doraHai="96" who="3" fromWho="1" sc="207,0,494,-20,126,0,173,20" /><INIT seed="3,0,0,5,3,19" ten="207,474,126,193" oya="3" hai0="56,133,122,106,35,115,43,94,21,42,134,79,76" hai1="112,15,100,111,23,109,60,75,125,8,113,0,40" hai2="91,90,70,89,47,124,6,58,68,34,66,30,118" hai3="82,5,50,116,31,20,71,128,110,101,102,105,81"/><W27/><G71/><T123/><D35/><U3/><E75/><V129/><F118/><W131/><G116/><T48/><D106/><U22/><E125/><V96/><F124/><W126/><G126/><T46/><D115/><N who="1" m="44107" /><E60/><V54/><F129/><W62/><G110/><N who="1" m="41994" /><E100/><V84/><F6/><W4/><G62/><T97/><D43/><U108/><E40/><V59/><F84/><W63/><G63/><T77/><D56/><U10/><E108/><V12/><F66/><W1/><G50/><T72/><D72/><U93/><E15/><V127/><F127/><W61/><G61/><T83/><D83/><U87/><E93/><V2/><F2/><N who="1" m="553" /><E87/><V41/><F96/><W92/><G92/><T17/><D94/><U98/><E98/><V24/><F12/><W67/><G82/><T14/><D97/><U107/><E107/><V55/><F58/><W32/><G81/><T135/><AGARI ba="0,0" hai="14,17,21,42,46,48,76,77,79,122,123,133,134,135" machi="135" ten="40,5200,0" yaku="0,1,20,1,52,1" doraHai="19" who="0" fromWho="0" sc="207,52,474,-13,126,-13,193,-26" owari="259,5.9,461,56.1,113,-38.7,167,-23.3" /></mjloggm>