<mjloggm ver="2.3"><GO type="225" lobby="0"/><UN n0="%72%69%6F%75%63%68%61%6E" n1="%E3%81%8B%E3%82%8F%E3%81%A1%E3%82%83%E3%82%93%35%38" n2="%E3%81%BF%E3%81%BF%E3%81%9A" n3="%E5%B0%8F%E9%B3%A5%E9%81%8A%E7%B7%B4%E7%84%A1%32%31%E6%AD%B3" dan="16,16,16,16" rate="2140.89,2191.81,2156.21,2144.71" sx="M,M,M,F"/><TAIKYOKU oya="0"/><INIT seed="0,0,0,4,1,82" ten="250,250,250,250" oya="0" hai0="62,7,25,73,91,46,133,47,105,17,118,71,89" hai1="122,115,30,37,84,77,128,75,135,69,61,130,38" hai2="10,29,116,65,21,85,15,49,79,107,45,54,93" hai3="114,68,6,100,22,39,26,98,40,57,80,34,9"/><T32/><D118/><U24/><E75/><V64/><F107/><W60/><G68/><T8/><D133/><U19/><E19/><V14/><F116/><W56/><G34/><T121/><D121/><U50/><E50/><V83/><F93/><W125/><G125/><T97/><D73/><U42/><E42/><V18/><REACH who="2" step="1"/><F29/><REACH who="2" ten="250,250,240,250" step="2"/><W1/><G114/><T5/><D105/><U76/><E115/><V48/><F48/><W95/><G39/><T110/><D62/><U43/><E61/><V101/><F101/><W109/><G109/><T90/><D110/><U119/><E30/><V55/><F55/><W81/><G40/><T131/><D131/><U52/><E52/><V134/><F134/><W104/><G104/><T94/><D94/><U33/><E135/><V102/><F102/><W123/><G123/><T129/><D129/><U58/><E128/><V63/><F63/><W108/><G108/><T106/><D106/><U13/><E130/><V92/><F92/><W103/><G100/><T132/><D132/><U120/><E38/><V96/><F96/><W127/><G127/><T36/><D97/><U113/><E37/><V2/><F2/><W126/><G126/><T0/><D36/><U67/><E122/><V111/><F111/><W87/><G60/><T27/><D0/><U35/><E120/><V88/><F88/><W41/><G41/><T11/><D91/><U117/><E43/><V53/><F53/><W16/><G80/><T28/><D28/><U74/><E117/><V70/><F70/><W20/><G20/><T124/><D124/><U12/><E119/><RYUUKYOKU ba="0,1" sc="250,-15,250,-15,240,15,250,15" hai2="10,14,15,18,21,45,49,54,64,65,79,83,85" hai3="1,6,9,16,22,26,56,57,81,87,95,98,103" /><INIT seed="1,1,1,4,2,50" ten="235,235,255,265" oya="1" hai0="40,101,103,95,117,104,91,20,81,8,10,57,115" hai1="17,14,27,12,106,132,21,122,123,94,65,58,100" hai2="22,61,68,11,34,47,46,126,36,111,125,109,110" hai3="116,41,16,53,98,69,83,70,30,93,25,42,96"/><U29/><E106/><V63/><F34/><W114/><G114/><T133/><D115/><U24/><E132/><V66/><F22/><W127/><G127/><N who="2" m="48649" /><F11/><W38/><G83/><T128/><D117/><U79/><E79/><V134/><F134/><W55/><G116/><T86/><D133/><U118/><E118/><V15/><F15/><N who="1" m="5673" /><E24/><V99/><F99/><W90/><G98/><T88/><D128/><U105/><E105/><V43/><F61/><W108/><G108/><T6/><D104/><U130/><E130/><V49/><F46/><W44/><G41/><T85/><D40/><U131/><E131/><V51/><AGARI ba="1,1" hai="36,43,47,49,51,63,66,68,109,110,111" m="48649" machi="51" ten="40,8000,1" yaku="14,1,18,1,34,2" doraHai="50" who="2" fromWho="2" sc="235,-21,235,-41,255,93,265,-21" /><INIT seed="2,0,0,4,0,95" ten="214,194,348,244" oya="2" hai0="116,114,74,133,121,60,33,106,73,122,129,127,16" hai1="59,36,27,80,8,47,3,22,0,1,104,94,71" hai2="113,10,91,119,7,78,77,29,84,67,38,110,34" hai3="37,64,97,86,24,30,26,21,17,93,28,9,50"/><V35/><F113/><W54/><G37/><T96/><RYUUKYOKU type="yao9" ba="0,0" sc="214,0,194,0,348,0,244,0" hai0="16,33,60,73,74,96,106,114,116,121,122,127,129,133" /><INIT seed="2,1,0,1,3,93" ten="214,194,348,244" oya="2" hai0="101,81,110,33,71,86,1,24,79,82,44,8,54" hai1="105,55,114,133,118,132,65,43,124,70,38,17,58" hai2="11,120,117,112,32,106,72,42,68,95,6,115,35" hai3="26,9,46,4,50,15,121,14,97,116,78,53,92"/><V30/><F117/><W109/><G121/><T85/><D110/><U135/><E17/><V73/><F120/><W52/><G109/><T130/><D130/><U88/><E105/><V45/><F95/><W21/><G78/><T2/><D71/><U123/><E118/><V0/><F68/><W64/><G64/><T56/><D101/><U22/><E22/><V13/><F13/><W49/><G116/><T90/><D44/><N who="1" m="23671" /><E123/><V128/><F128/><W94/><G94/><T127/><D127/><U61/><E88/><V119/><F119/><W57/><G9/><T131/><D131/><U89/><E89/><V40/><F40/><W102/><G4/><T111/><D111/><U80/><E80/><V98/><F112/><W62/><REACH who="3" step="1"/><G49/><REACH who="3" ten="214,194,348,234" step="2"/><T99/><D8/><U74/><E74/><V75/><F115/><W29/><AGARI ba="1,1" hai="14,15,21,26,29,46,50,52,53,57,62,92,97,102" machi="29" ten="20,16000,3" yaku="1,1,2,1,0,1,7,1,8,1,52,1,54,1,53,1" doraHai="93" doraHaiUra="59" who="3" fromWho="3" sc="214,-41,194,-41,348,-81,234,173" /><INIT seed="3,0,0,3,5,131" ten="173,153,267,407" oya="3" hai0="23,30,64,65,57,32,69,97,71,81,24,20,91" hai1="50,37,34,61,113,114,107,78,88,116,133,46,29" hai2="103,45,21,31,17,85,108,74,128,2,55,66,58" hai3="4,51,82,14,40,33,104,87,49,9,67,41,90"/><W126/><G33/><T76/><D71/><U52/><E107/><V112/><F74/><W47/><G104/><T16/><D69/><U95/><E37/><V42/><F2/><W10/><G126/><T127/><D127/><U83/><E133/><V86/><F128/><W59/><G9/><T38/><D38/><U19/><E116/><V129/><F129/><W25/><G25/><T54/><D32/><U80/><E34/><V100/><F31/><W99/><G99/><T75/><D91/><U28/><E113/><V13/><F108/><W106/><G106/><T135/><D97/><N who="1" m="57575" /><E114/><V27/><F66/><W120/><G120/><T35/><D135/><U73/><E73/><V36/><F27/><W77/><G90/><T132/><D132/><U93/><E93/><V115/><F112/><W11/><G11/><T130/><D130/><U101/><E101/><V62/><F115/><W72/><G72/><T44/><D44/><U96/><E96/><V12/><F12/><W111/><G111/><T43/><D43/><N who="3" m="16457" /><G47/><T56/><D35/><U70/><E70/><V1/><F1/><W84/><G84/><N who="0" m="48167" /><D56/><N who="1" m="34951" /><E19/><V6/><F86/><W94/><G94/><T79/><D75/><U68/><E68/><V0/><F85/><W109/><G109/><T117/><D117/><U63/><E63/><AGARI ba="0,0" hai="4,10,14,49,51,59,63,67,77,82,87" m="16457" machi="63" ten="30,1500,0" yaku="8,1" doraHai="131" who="3" fromWho="1" sc="173,0,153,-15,267,0,407,15" owari="173,-22.7,138,-36.2,267,6.7,422,52.2" /></mjloggm>