<mjloggm ver="2.3"><GO type="225" lobby="0"/><UN n0="%E3%81%82%E3%81%B9%E3%81%99%E3%81%91" n1="%E3%81%8B%E3%82%8F%E3%81%A1%E3%82%83%E3%82%93%35%38" n2="%E8%80%81%E6%A5%BD" n3="%E6%98%93%E5%88%A9%E8%96%A9%E4%BC%AF" dan="16,16,16,16" rate="2104.09,2191.26,2102.48,2047.17" sx="M,M,M,F"/><TAIKYOKU oya="0"/><INIT seed="0,0,0,0,1,1" ten="250,250,250,250" oya="0" hai0="2,29,74,116,68,108,56,35,83,113,49,24,27" hai1="131,5,37,90,134,121,106,88,36,44,15,89,124" hai2="71,63,21,125,110,132,109,114,69,16,60,111,46" hai3="0,70,23,19,86,82,130,31,32,105,64,10,26"/><T73/><D116/><U34/><E121/><V53/><F114/><W122/><G105/><T135/><D113/><U54/><E106/><V92/><F125/><W47/><G130/><T79/><D68/><N who="2" m="26186" /><F132/><W102/><G102/><T38/><D38/><U99/><E34/><V43/><F53/><W77/><G122/><T118/><D135/><U128/><E134/><V76/><F76/><W104/><G104/><T11/><D118/><U119/><E119/><V20/><F92/><W51/><G64/><T112/><D27/><U96/><E124/><V3/><F3/><W78/><G70/><T7/><D112/><U97/><E54/><V62/><F16/><W91/><G0/><T39/><D39/><AGARI ba="0,0" hai="20,21,39,43,46,60,62,63,109,110,111" m="26186" machi="39" ten="40,1300,0" yaku="14,1" doraHai="1" who="2" fromWho="0" sc="250,-13,250,0,250,13,250,0" /><INIT seed="1,0,0,3,0,40" ten="237,250,263,250" oya="1" hai0="133,89,9,86,106,3,45,1,85,58,135,74,66" hai1="11,38,105,107,79,113,112,42,123,15,19,102,69" hai2="20,78,55,22,32,23,2,127,88,48,17,95,25" hai3="122,116,82,100,52,68,61,50,8,36,111,4,84"/><U64/><E79/><V115/><F2/><W76/><G111/><T70/><D74/><U118/><E102/><V71/><F71/><W14/><G116/><T98/><D70/><U53/><E19/><V59/><F127/><W65/><G122/><T94/><D106/><U51/><E15/><V109/><F109/><W39/><REACH who="3" step="1"/><G100/><REACH who="3" ten="237,250,263,240" step="2"/><T31/><D135/><U49/><E123/><V77/><F115/><W97/><G97/><T124/><D133/><U130/><E118/><V16/><F32/><W41/><G41/><T57/><D98/><U96/><E96/><N who="2" m="57447" /><F22/><W80/><G80/><T63/><D124/><U0/><E113/><V34/><F34/><W24/><G24/><AGARI ba="0,1" hai="16,17,20,23,24,25,48,55,59,77,78" m="57447" machi="24" ten="30,3900,0" yaku="8,1,54,2" doraHai="40" who="2" fromWho="3" sc="237,0,250,0,263,49,240,-39" /><INIT seed="2,0,0,3,3,61" ten="237,250,312,201" oya="2" hai0="119,1,91,31,90,106,3,24,39,47,124,64,22" hai1="54,27,94,86,127,11,110,35,102,77,83,42,67" hai2="51,130,6,30,38,87,96,115,76,29,116,12,126" hai3="52,25,93,134,65,84,98,50,120,40,82,15,4"/><V48/><F38/><W85/><G134/><T109/><D109/><U53/><E110/><V20/><F115/><W71/><G120/><T56/><D106/><U14/><E127/><V34/><F34/><W129/><G129/><T92/><D124/><U17/><E42/><V88/><F116/><W62/><G40/><T60/><D119/><U108/><E108/><V44/><F130/><W10/><G25/><T8/><D91/><U135/><E135/><V74/><F74/><W79/><G98/><T41/><REACH who="0" step="1"/><D8/><REACH who="0" ten="227,250,312,201" step="2"/><U32/><E11/><N who="2" m="4215" /><F126/><W69/><G93/><T118/><D118/><U132/><E94/><V26/><F76/><W103/><G103/><T70/><D70/><U131/><E77/><V55/><F96/><AGARI ba="0,1" hai="1,3,22,24,31,39,41,47,56,60,64,90,92,96" machi="96" ten="30,3900,0" yaku="1,1,7,1,52,1,53,0" doraHai="61" doraHaiUra="2" who="0" fromWho="2" sc="227,49,250,0,312,-39,201,0" /><INIT seed="3,0,0,1,3,59" ten="276,250,273,201" oya="3" hai0="117,67,120,44,63,18,109,12,102,2,34,23,113" hai1="9,135,129,97,104,93,51,39,71,105,20,73,84" hai2="86,28,19,27,115,8,11,125,66,6,31,111,121" hai3="108,72,87,30,80,16,79,60,76,43,122,99,65"/><W107/><G122/><T62/><D117/><U106/><E39/><V95/><F115/><W126/><G30/><T124/><D2/><U70/><E73/><V42/><F111/><W128/><G128/><T47/><D34/><U112/><E112/><V64/><F125/><W29/><G29/><T45/><D109/><U25/><E129/><V50/><F31/><W22/><G108/><T15/><D124/><U68/><E135/><V133/><F19/><W54/><G43/><T90/><D102/><U92/><E70/><V74/><F74/><W1/><G1/><T0/><D67/><U123/><E68/><V94/><F94/><W134/><G126/><T101/><D101/><U40/><E71/><V89/><F8/><W114/><G114/><T10/><D0/><U3/><E3/><V127/><F133/><W36/><G36/><T33/><D33/><U24/><E105/><V100/><F100/><W132/><G54/><T32/><D32/><U7/><E106/><V61/><F42/><W4/><G4/><N who="0" m="3143" /><D120/><U130/><E104/><V52/><F121/><W118/><G118/><T58/><D58/><U48/><E130/><V83/><F127/><W77/><G99/><T119/><D119/><U131/><E131/><V5/><F6/><W21/><G107/><T57/><D57/><U75/><E75/><V78/><F5/><W55/><G55/><T82/><D113/><U98/><E123/><V56/><F11/><W49/><G49/><T14/><D14/><U81/><E7/><V41/><F50/><W53/><G72/><T26/><D15/><U96/><E51/><RYUUKYOKU ba="0,0" sc="276,30,250,-10,273,-10,201,-10" hai0="18,23,26,44,45,47,62,63,82,90" owari="306,40.6,240,-16.0,263,6.3,191,-30.9" /></mjloggm>