<mjloggm ver="2.3"><GO type="225" lobby="0"/><UN n0="%E5%A4%9C%E5%85%89%E5%A4%A9%E6%A5%BC" n1="%6D%75%75%73%61%6E%6D%75" n2="%E3%81%B5%E3%81%98%E3%81%8B%E3%81%A4" n3="%E6%B8%A9%E2%98%85%E6%83%85%E2%98%85%E6%8E%AA%E2%98%85%E7%BD%AE" dan="16,16,17,18" rate="2068.18,2105.17,2225.63,2220.46" sx="F,F,M,M"/><TAIKYOKU oya="0"/><INIT seed="0,0,0,3,5,20" ten="250,250,250,250" oya="0" hai0="43,27,35,107,65,16,28,91,61,82,64,80,9" hai1="118,116,85,54,117,39,0,12,95,120,133,70,125" hai2="7,8,47,99,66,94,135,78,42,3,112,68,84" hai3="122,75,53,90,108,73,52,105,5,60,126,93,103"/><T21/><D107/><U59/><E0/><V101/><F112/><W62/><G108/><T127/><D127/><U129/><E120/><V69/><F135/><W23/><G126/><T128/><D128/><U97/><E125/><V45/><F66/><W34/><G34/><T113/><D113/><U18/><E70/><V110/><F110/><W57/><G122/><T96/><D43/><U63/><E39/><V56/><F56/><W11/><G23/><N who="0" m="15487" /><D9/><U40/><E40/><V31/><F31/><W87/><G53/><T32/><D32/><U124/><E124/><V13/><F3/><W114/><G114/><T10/><D10/><U71/><E71/><V77/><F47/><W121/><G62/><T111/><D35/><U130/><E85/><V30/><F30/><W1/><REACH who="3" step="1"/><G121/><REACH who="3" ten="250,250,250,240" step="2"/><T76/><D111/><U79/><E133/><V17/><F78/><W25/><G25/><N who="0" m="14503" /><D61/><U86/><E129/><V37/><REACH who="2" step="1"/><F7/><REACH who="2" ten="250,250,240,240" step="2"/><W22/><G22/><T109/><D109/><U4/><E130/><V15/><F15/><W24/><G24/><T67/><D76/><U48/><E4/><V51/><F51/><W119/><G119/><T83/><D67/><U102/><E12/><V74/><F74/><W134/><G134/><T36/><D36/><U81/><E18/><V98/><F98/><AGARI ba="0,2" hai="1,5,11,52,57,60,73,75,87,90,93,98,103,105" machi="98" ten="40,5200,0" yaku="1,1,54,1,53,1" doraHai="20" doraHaiUra="2" who="3" fromWho="2" sc="250,0,250,0,240,-52,240,72" /><INIT seed="1,0,0,3,0,57" ten="250,250,188,312" oya="1" hai0="132,133,71,103,62,40,99,118,32,85,67,27,18" hai1="39,9,119,80,72,56,17,129,51,73,30,120,104" hai2="36,43,76,93,68,31,11,128,78,35,59,106,82" hai3="134,28,55,15,88,3,87,121,16,19,113,126,8"/><U5/><E119/><V135/><F106/><W105/><G113/><T124/><D118/><U53/><E39/><V26/><F68/><W79/><G121/><T81/><D40/><U38/><E120/><V41/><F135/><W52/><G105/><N who="0" m="63743" /><D18/><U127/><E104/><V101/><F128/><W122/><G3/><T48/><D48/><U29/><E129/><V89/><F101/><W117/><G122/><T123/><D123/><U64/><E38/><V100/><F100/><W131/><G131/><T65/><D67/><U58/><E17/><N who="3" m="6730" /><G117/><T34/><D124/><U83/><E127/><V108/><F108/><W7/><G134/><N who="0" m="51819" /><D27/><U12/><E29/><V2/><F36/><W95/><G28/><T130/><D130/><U49/><E30/><V23/><F35/><W96/><G126/><T37/><D37/><U66/><E66/><V115/><F115/><W21/><G21/><T77/><AGARI ba="0,0" hai="32,34,62,65,71,77,81,85" m="51819,63743" machi="77" ten="30,2000,0" yaku="20,1,52,1" doraHai="57" who="0" fromWho="0" sc="250,20,250,-10,188,-5,312,-5" /><INIT seed="2,0,0,4,0,13" ten="270,240,183,307" oya="2" hai0="88,126,64,39,47,97,105,26,15,133,127,4,33" hai1="86,131,124,0,48,49,109,65,69,87,53,116,75" hai2="82,68,122,119,117,101,7,66,94,120,111,31,118" hai3="125,25,98,45,89,84,91,102,14,70,83,77,61"/><V103/><F31/><W27/><G125/><N who="0" m="47627" /><D64/><U24/><E124/><V21/><F7/><W20/><G45/><T74/><D74/><U8/><E75/><V67/><F21/><W114/><G114/><T71/><D71/><U34/><E116/><V80/><F68/><W11/><G70/><T17/><D133/><U35/><E35/><V56/><F56/><W93/><G61/><T58/><D58/><U135/><E65/><N who="2" m="24587" /><F94/><W54/><G54/><T28/><D4/><U108/><E69/><V9/><F9/><W110/><G110/><T30/><D30/><U29/><E8/><V106/><F106/><W115/><G115/><T3/><D3/><U73/><E73/><V32/><F32/><W43/><G43/><N who="0" m="23039" /><D105/><U40/><E0/><V90/><F111/><W46/><G46/><T128/><D128/><U23/><E131/><V79/><F79/><W10/><G10/><N who="0" m="6391" /><D97/><U55/><E108/><V123/><F90/><AGARI ba="0,0" hai="26,28,33,88,90" m="6391,23039,47627" machi="90" ten="30,3900,0" yaku="18,1,52,1,54,1" doraHai="13" who="0" fromWho="2" sc="270,39,240,0,183,-39,307,0" /><INIT seed="3,0,0,5,3,23" ten="309,240,144,307" oya="3" hai0="62,45,38,96,68,12,81,10,25,9,113,99,57" hai1="64,128,63,73,6,4,31,17,132,34,72,46,84" hai2="37,32,126,21,11,47,26,88,3,22,133,14,54" hai3="1,41,2,120,85,80,67,91,39,107,48,124,7"/><W28/><G120/><T16/><D68/><U103/><E128/><V130/><F126/><W123/><G123/><T24/><D113/><U118/><E17/><N who="2" m="8415" /><F37/><W114/><G114/><T36/><D36/><U121/><E73/><V111/><F130/><W74/><G39/><T65/><D10/><U15/><E72/><V50/><F32/><W92/><G124/><T8/><D8/><U82/><E34/><V115/><F115/><W127/><G127/><T100/><D81/><U42/><E121/><V135/><F3/><W90/><G67/><T59/><D99/><U77/><E118/><V66/><F66/><W98/><G7/><T69/><D69/><U75/><E4/><V20/><F111/><W102/><G28/><T43/><D59/><U104/><E75/><V5/><F5/><W95/><G107/><AGARI ba="0,0" hai="9,12,16,24,25,38,43,45,57,62,65,96,100,107" machi="107" ten="30,7700,0" yaku="7,1,52,2,54,1" doraHai="23" who="0" fromWho="3" sc="309,77,240,0,144,0,307,-77" owari="386,48.6,240,4.0,144,-35.6,230,-17.0" /></mjloggm>