<mjloggm ver="2.3"><GO type="225" lobby="0"/><UN n0="%E3%81%99%E3%81%84%E3%81%BE%E3%81%9B%E3%83%BC%E3%82%93" n1="%E7%AB%8B%E8%8A%B1%E9%9F%BF" n2="%E3%83%97%E3%83%92" n3="%4C%4F%4C%49%54%41" dan="17,17,16,16" rate="2272.45,2158.06,2173.97,2187.49" sx="M,F,M,F"/><TAIKYOKU oya="0"/><INIT seed="0,0,0,3,4,90" ten="250,250,250,250" oya="0" hai0="53,131,123,75,26,115,118,62,61,20,29,121,54" hai1="39,38,66,23,101,97,28,6,59,46,63,84,126" hai2="43,125,30,100,1,44,129,5,107,10,132,48,88" hai3="104,72,57,25,117,0,103,3,124,78,109,128,134"/><T27/><D115/><U68/><E126/><V22/><F125/><W4/><G124/><T47/><D118/><U82/><E6/><V106/><F129/><W32/><G117/><T31/><D75/><U130/><E68/><V7/><F132/><W64/><G57/><T94/><D131/><U127/><E46/><V71/><F7/><W74/><G128/><T92/><D47/><U21/><E127/><V110/><F110/><W8/><G109/><T55/><D55/><U19/><E28/><V14/><F100/><W12/><G64/><T50/><REACH who="0" step="1"/><D20/><REACH who="0" ten="240,250,250,250" step="2"/><U16/><E130/><V81/><F22/><W33/><G74/><T56/><D56/><U67/><E67/><V80/><F71/><W83/><G33/><T65/><D65/><U36/><E23/><V98/><F44/><W116/><G116/><T119/><D119/><U51/><E21/><V58/><F58/><W133/><G134/><T135/><D135/><U95/><REACH who="1" step="1"/><E51/><AGARI ba="0,1" hai="26,27,29,31,50,51,53,54,61,62,92,94,121,123" machi="51" ten="25,12000,1" yaku="1,1,22,2,52,2,53,0" doraHai="90" doraHaiUra="79" who="0" fromWho="1" sc="240,130,250,-120,250,0,250,0" /><INIT seed="0,1,0,3,3,45" ten="370,130,250,250" oya="0" hai0="73,121,80,98,27,4,69,71,2,84,1,95,117" hai1="65,31,49,5,112,48,18,105,78,29,134,96,22" hai2="97,129,30,63,21,115,43,36,89,32,132,114,86" hai3="116,37,109,59,28,108,103,10,12,106,131,101,19"/><T135/><D73/><U26/><E134/><V8/><F132/><W102/><G116/><T66/><D117/><U41/><E112/><V100/><F32/><W42/><G131/><T74/><D74/><U123/><E123/><V91/><F129/><W90/><G28/><T54/><D121/><U92/><E105/><V15/><F36/><W118/><G118/><T64/><D71/><U83/><E5/><V23/><F43/><W3/><G3/><T17/><D69/><U72/><E65/><V33/><F33/><W44/><G90/><T81/><D81/><U88/><REACH who="1" step="1"/><E41/><REACH who="1" ten="370,120,250,250" step="2"/><V104/><F114/><W62/><REACH who="3" step="1"/><G106/><REACH who="3" ten="370,120,250,240" step="2"/><T14/><D135/><U75/><E75/><V13/><F104/><W87/><G87/><T53/><D84/><U94/><E94/><V57/><F86/><W85/><G85/><T25/><D95/><U77/><E77/><V55/><F115/><W124/><G124/><T24/><D1/><U16/><E16/><N who="2" m="10399" /><F97/><W0/><G0/><T39/><D2/><U34/><E34/><V76/><F76/><W110/><G110/><T68/><D98/><U61/><E61/><V7/><F100/><W113/><G113/><T9/><D17/><U93/><E93/><V11/><F89/><W120/><G120/><T82/><D4/><U40/><E40/><V107/><F91/><W58/><G58/><T79/><D79/><U20/><E20/><V60/><F107/><W6/><G6/><T70/><D70/><U38/><E38/><V125/><F60/><W126/><G126/><T47/><D68/><U99/><E99/><V127/><F11/><RYUUKYOKU ba="1,2" sc="370,-30,120,10,250,10,240,10" hai1="18,22,26,29,31,48,49,72,78,83,88,92,96" hai2="7,8,13,23,30,55,57,63,125,127" hai3="10,12,19,37,42,44,59,62,101,102,103,108,109" /><INIT seed="1,2,2,2,4,118" ten="340,130,260,250" oya="1" hai0="110,121,116,5,30,105,117,52,47,90,74,11,96" hai1="31,107,13,83,82,72,120,26,38,6,58,28,131" hai2="49,101,73,44,109,69,85,98,0,12,102,60,123" hai3="45,50,36,7,43,92,75,68,35,16,70,41,54"/><U89/><E131/><V95/><F0/><W53/><G35/><T55/><D74/><U32/><E38/><V87/><F73/><W119/><G75/><T86/><D110/><U61/><E107/><V67/><F109/><W130/><G130/><T132/><D30/><U115/><E115/><V71/><F123/><W17/><G119/><T97/><D132/><U34/><E34/><V56/><F101/><W65/><G7/><T76/><D76/><U78/><E31/><V81/><F85/><W57/><G68/><T66/><D66/><U99/><E120/><V77/><REACH who="2" step="1"/><F12/><REACH who="2" ten="340,130,250,250" step="2"/><W106/><G106/><T79/><D121/><U22/><E22/><V18/><F18/><W39/><G16/><T84/><D105/><U2/><E2/><V19/><F19/><W15/><G17/><T42/><D117/><U21/><E21/><V14/><F14/><W25/><G15/><T111/><D111/><U125/><E125/><V127/><F127/><W108/><G108/><T51/><D116/><U104/><E13/><V4/><F4/><W48/><G92/><N who="0" m="54343" /><D5/><U62/><E6/><V114/><F114/><W91/><G91/><T129/><D129/><U126/><E126/><V64/><F64/><W113/><G113/><T94/><D94/><N who="1" m="56783" /><E104/><V23/><F23/><W33/><G33/><T27/><D11/><U24/><E83/><V100/><F100/><W122/><G122/><T133/><D133/><U10/><E10/><V80/><F80/><W29/><G29/><T88/><D86/><U9/><E9/><V93/><F93/><W59/><G65/><T135/><D135/><RYUUKYOKU ba="2,3" sc="340,-10,130,-10,250,30,250,-10" hai2="44,49,56,60,67,69,71,77,81,87,95,98,102" /><INIT seed="2,3,3,3,3,90" ten="330,120,280,240" oya="2" hai0="33,67,10,82,114,116,70,7,21,83,41,23,22" hai1="99,13,11,93,118,64,30,115,26,81,17,65,74" hai2="55,88,14,19,60,53,124,119,106,98,80,123,104" hai3="84,37,43,39,46,113,78,125,34,2,52,130,35"/><V1/><F119/><W45/><G2/><T0/><D114/><U9/><E115/><V126/><F123/><W4/><G113/><T133/><D33/><U102/><E118/><V131/><F1/><W24/><G4/><T68/><D116/><U107/><E107/><V16/><F131/><W135/><G130/><T32/><D32/><U18/><E74/><V15/><F80/><W103/><G103/><T72/><D83/><U36/><E36/><V54/><F60/><W44/><G135/><T85/><D67/><U100/><E100/><V56/><F56/><W3/><G3/><T92/><D133/><U117/><E81/><V51/><F51/><W71/><G71/><T47/><D92/><U63/><E117/><V38/><F38/><W75/><G75/><T48/><REACH who="0" step="1"/><D72/><REACH who="0" ten="320,120,280,240" step="2"/><U96/><E96/><V40/><F104/><W97/><G34/><T28/><D28/><U91/><E102/><V101/><F88/><AGARI ba="3,4" hai="0,7,10,21,22,23,41,47,48,68,70,82,85,88" machi="88" ten="40,2600,0" yaku="1,1,54,1,53,0" doraHai="90" doraHaiUra="49" who="0" fromWho="2" sc="320,75,120,0,280,-35,240,0" /><INIT seed="3,0,0,2,3,39" ten="395,120,245,240" oya="3" hai0="103,47,135,80,7,58,38,37,8,46,31,118,30" hai1="73,117,1,131,127,54,52,34,130,63,23,26,41" hai2="45,56,84,115,35,91,12,101,10,82,111,28,49" hai3="77,66,92,129,16,18,55,109,60,32,57,75,121"/><W22/><G121/><T59/><D103/><U96/><E34/><V50/><F115/><W44/><G32/><T51/><D80/><U120/><E1/><V43/><F111/><W14/><G129/><T134/><D8/><U19/><E73/><V90/><F101/><W72/><G109/><T62/><D51/><U69/><E120/><V21/><F35/><W40/><G77/><T125/><D62/><U93/><E127/><V36/><F90/><W128/><G128/><T106/><D106/><U29/><E117/><V20/><F28/><W104/><G104/><T6/><D125/><U94/><E29/><V87/><F87/><W2/><G2/><T11/><D11/><U99/><E41/><V24/><F24/><W100/><G66/><T86/><D86/><U79/><E79/><V122/><F122/><W17/><G72/><T9/><D9/><U107/><E107/><V42/><F36/><W71/><G71/><T3/><D3/><U53/><E69/><V89/><F91/><W85/><G75/><T108/><D108/><U0/><E0/><V81/><F81/><W15/><G15/><T68/><D68/><U123/><E123/><V64/><F64/><W65/><G65/><T126/><D126/><U33/><E33/><V112/><F112/><W102/><G102/><T25/><D25/><U113/><E113/><V5/><F56/><W119/><G119/><AGARI ba="0,0" hai="6,7,30,31,37,38,46,47,58,59,118,119,134,135" machi="119" ten="25,1600,0" yaku="22,2" doraHai="39" who="0" fromWho="3" sc="395,16,120,0,245,0,240,-16" owari="411,51.1,120,-38.0,245,4.5,224,-17.6" /></mjloggm>