<mjloggm ver="2.3"><GO type="225" lobby="0"/><UN n0="%E6%98%93%E5%88%A9%E8%96%A9%E4%BC%AF" n1="%E3%81%95%E3%81%8D%E3%81%9F%E3%81%BE%E6%9E%97%E6%AA%8E" n2="%E3%81%9F%E3%81%93%E2%98%86%E7%84%BC%E3%81%8D" n3="%E9%80%9F%E6%B0%B4%E5%87%9B%E9%A6%99" dan="16,16,16,16" rate="2156.81,2112.83,2132.83,2137.90" sx="F,M,M,F"/><TAIKYOKU oya="0"/><INIT seed="0,0,0,0,2,95" ten="250,250,250,250" oya="0" hai0="64,56,129,38,91,125,132,116,110,109,0,53,27" hai1="42,2,99,41,15,37,84,113,98,43,93,9,20" hai2="30,86,3,35,111,120,22,66,33,94,131,49,46" hai3="101,128,107,4,23,45,87,79,11,18,133,119,5"/><T122/><D0/><U26/><E2/><V82/><F120/><W68/><G119/><T10/><D38/><U36/><E113/><V19/><F111/><W6/><G68/><T112/><D112/><U44/><E37/><V39/><F66/><W29/><G128/><T58/><D116/><U72/><E72/><V115/><F131/><W85/><G133/><T127/><D129/><U75/><E75/><V77/><F39/><W97/><G29/><T40/><D40/><U102/><E84/><V118/><F118/><W74/><G11/><T48/><D10/><U8/><E8/><V51/><F51/><W92/><G45/><T123/><D91/><U103/><E15/><V60/><F60/><W54/><G54/><N who="0" m="31815" /><D64/><U28/><REACH who="1" step="1"/><E9/><REACH who="1" ten="250,240,250,250" step="2"/><V130/><F3/><W124/><G124/><N who="0" m="47691" /><D27/><U90/><E90/><V135/><F115/><W21/><G79/><T134/><D123/><U78/><E78/><V50/><F77/><W65/><G74/><T83/><D122/><U57/><E57/><V67/><F130/><W59/><G59/><T117/><D117/><U114/><E114/><V1/><F1/><W106/><G65/><T126/><D126/><U80/><E80/><V55/><F82/><W100/><G100/><T96/><D83/><U25/><E25/><V105/><F67/><W52/><G101/><T88/><D134/><U71/><E71/><V14/><F135/><W34/><G34/><T13/><D13/><U31/><E31/><V69/><F30/><W16/><G4/><T12/><D132/><U104/><AGARI ba="0,1" hai="20,26,28,36,41,42,43,44,93,98,99,102,103,104" machi="104" ten="20,8000,1" yaku="1,1,0,1,7,1,52,2,53,0" doraHai="95" doraHaiUra="61" who="1" fromWho="1" sc="250,-40,240,90,250,-20,250,-20" /><INIT seed="1,0,0,1,0,110" ten="210,330,230,230" oya="1" hai0="109,117,16,62,34,89,100,55,38,75,56,69,127" hai1="15,92,122,131,72,17,57,43,1,63,25,65,45" hai2="87,32,39,93,98,33,83,60,6,77,21,115,19" hai3="41,85,90,49,111,102,50,18,79,61,80,36,81"/><U13/><E122/><V48/><F39/><W10/><G111/><T12/><D117/><U71/><E131/><V86/><F6/><W113/><G113/><T130/><D127/><U105/><E105/><V104/><F87/><W47/><G102/><T108/><D38/><U52/><E1/><V29/><F29/><W24/><G61/><T132/><D132/><U88/><E72/><V59/><F48/><W135/><G135/><T84/><D75/><U28/><E17/><V68/><F68/><W114/><G114/><T129/><D34/><U8/><E8/><V103/><F104/><W134/><G134/><T73/><D73/><U101/><E101/><V9/><F9/><W26/><G49/><T125/><D100/><U82/><E82/><V128/><F128/><N who="0" m="49258" /><D69/><U66/><E28/><V35/><F115/><W20/><G36/><T14/><D14/><N who="1" m="5131" /><E25/><V54/><F33/><W123/><G123/><T95/><D125/><U53/><E71/><V22/><F22/><AGARI ba="0,0" hai="12,16,22,55,56,62,84,89,95,108,109" m="49258" machi="22" ten="30,2000,0" yaku="19,1,54,1" doraHai="110" who="0" fromWho="2" sc="210,20,330,0,230,-20,230,0" /><INIT seed="2,0,0,5,2,41" ten="230,330,210,230" oya="2" hai0="27,12,39,31,17,57,3,98,91,104,15,108,10" hai1="73,88,38,115,52,96,129,36,63,92,83,133,9" hai2="120,127,24,20,78,28,87,35,25,94,79,126,56" hai3="114,2,118,105,123,7,132,119,97,124,117,32,77"/><V113/><F120/><W128/><RYUUKYOKU type="yao9" ba="0,0" sc="230,0,330,0,210,0,230,0" hai3="2,7,32,77,97,105,114,117,118,119,123,124,128,132" /><INIT seed="2,1,0,5,0,12" ten="230,330,210,230" oya="2" hai0="8,75,94,47,42,14,37,32,103,92,111,74,134" hai1="101,115,53,82,135,100,40,63,81,119,77,25,21" hai2="87,7,117,88,23,33,64,112,20,67,61,30,49" hai3="48,59,121,113,68,122,90,13,54,129,45,28,106"/><V60/><F117/><W11/><G106/><T29/><D111/><U41/><E115/><V4/><F112/><W127/><G68/><T9/><D134/><U120/><E119/><V19/><F33/><W3/><G3/><T110/><D110/><U125/><E125/><V116/><F116/><W43/><G127/><T114/><D114/><U98/><E135/><V99/><F99/><W5/><G113/><T89/><D9/><U56/><E120/><V128/><F49/><W58/><G58/><T6/><D103/><N who="1" m="39499" /><E98/><V44/><F44/><W52/><G54/><T78/><D78/><U133/><E133/><V46/><F46/><W123/><G28/><T124/><D124/><U2/><E2/><V104/><F104/><W91/><REACH who="3" step="1"/><G129/><REACH who="3" ten="230,330,210,220" step="2"/><T62/><D29/><U57/><E57/><N who="2" m="36879" /><F128/><W15/><G15/><T24/><D24/><U108/><E108/><V31/><F30/><W80/><G80/><N who="1" m="30826" /><E77/><V109/><F109/><W83/><G83/><T79/><D79/><U22/><E53/><V118/><F118/><W51/><AGARI ba="1,1" hai="5,11,13,43,45,48,51,52,59,90,91,121,122,123" machi="51" ten="30,4000,0" yaku="1,1,0,1,54,1,53,0" doraHai="12" doraHaiUra="73" who="3" fromWho="3" sc="230,-11,330,-11,210,-21,220,53" /><INIT seed="3,0,0,4,4,133" ten="219,319,189,273" oya="3" hai0="37,11,106,9,28,54,70,124,30,117,45,60,82" hai1="94,92,22,55,127,14,93,112,50,10,17,40,57" hai2="8,95,64,29,20,125,6,18,81,98,38,23,111" hai3="85,77,87,104,91,4,53,119,128,105,0,73,46"/><W101/><G4/><T52/><D117/><U83/><E127/><V135/><F38/><W129/><G53/><T49/><D106/><N who="3" m="41065" /><G46/><T121/><D121/><U59/><E112/><V74/><F135/><W24/><G24/><T75/><D37/><U21/><E40/><V86/><F74/><W113/><G0/><T66/><D124/><U107/><E107/><V84/><F111/><W7/><G7/><T51/><D75/><U126/><E126/><V62/><F23/><N who="1" m="8713" /><E83/><V123/><F123/><W34/><G34/><T79/><D79/><U41/><E41/><V48/><F48/><W36/><G36/><T44/><D82/><U122/><E122/><V1/><F29/><AGARI ba="0,0" hai="9,11,28,29,30,44,45,49,51,52,54,60,66,70" machi="29" ten="40,2600,0" yaku="9,1,54,1" doraHai="133" who="0" fromWho="2" sc="219,26,319,0,189,-26,273,0" owari="245,-15.5,319,41.9,163,-33.7,273,7.3" /></mjloggm>