<mjloggm ver="2.3"><GO type="225" lobby="0"/><UN n0="%E6%80%AA%E3%81%97%E3%81%99%E3%81%8E%E3%82%8B%E3%83%81%E3%83%BC" n1="%E6%A1%9C%E8%8A%B1%E9%96%83%E3%80%85" n2="%E7%B4%94%E6%BD%94%E3%83%94%E3%83%A9%E3%83%8B%E3%82%A2" n3="%E7%99%BD%E9%9B%AA%E4%B9%83%E6%84%9B" dan="16,18,16,16" rate="2116.31,2260.83,2104.49,2058.08" sx="M,M,M,F"/><TAIKYOKU oya="0"/><INIT seed="0,0,0,5,3,70" ten="250,250,250,250" oya="0" hai0="92,76,131,95,18,100,57,24,105,31,116,125,20" hai1="39,82,62,44,132,90,8,69,81,2,110,29,54" hai2="38,58,19,51,10,134,71,66,88,63,108,28,43" hai3="119,9,11,102,40,111,120,84,115,72,15,4,117"/><T107/><D116/><U99/><E110/><V3/><F108/><W17/><G111/><T94/><D131/><U23/><E132/><V64/><F134/><W96/><G72/><T42/><D125/><U1/><E29/><V37/><F28/><W113/><G120/><T129/><D129/><U60/><E23/><V30/><F30/><W86/><G40/><T103/><D42/><U98/><E8/><V65/><F88/><W34/><G34/><T77/><D57/><U135/><E54/><N who="2" m="32095" /><F19/><W7/><G96/><T78/><REACH who="0" step="1"/><D31/><REACH who="0" ten="240,250,250,250" step="2"/><U61/><E135/><V112/><F43/><W46/><G119/><T35/><D35/><U127/><E127/><V126/><F126/><W59/><G117/><T104/><AGARI ba="0,1" hai="18,20,24,76,77,78,92,94,95,100,103,104,105,107" machi="104" ten="40,12000,1" yaku="1,1,0,1,29,2,53,0" doraHai="70" doraHaiUra="32" who="0" fromWho="0" sc="240,130,250,-40,250,-40,250,-40" /><INIT seed="0,1,0,0,5,21" ten="370,210,210,210" oya="0" hai0="40,15,24,106,135,120,123,54,82,105,58,66,111" hai1="22,29,32,12,19,11,121,41,128,90,52,77,57" hai2="34,7,92,23,127,59,53,2,27,47,14,64,43" hai3="113,124,74,72,109,9,62,112,134,20,31,65,3"/><T71/><D135/><U4/><E121/><V93/><F127/><W94/><G109/><T70/><D111/><U104/><E128/><V131/><F131/><W16/><G124/><T28/><D40/><U35/><E104/><V98/><F64/><W30/><G134/><T51/><D15/><U17/><E77/><V39/><F2/><W56/><G74/><T33/><D82/><U114/><E41/><V79/><F79/><W44/><G72/><T75/><D75/><U103/><E103/><V91/><F93/><W102/><G44/><T89/><D89/><U63/><E114/><V85/><F34/><W10/><G113/><T126/><D126/><U101/><E101/><V81/><F7/><W6/><G10/><T96/><D96/><U18/><REACH who="1" step="1"/><E90/><REACH who="1" ten="370,200,210,210" step="2"/><V26/><F23/><W13/><REACH who="3" step="1"/><G112/><REACH who="3" ten="370,200,210,200" step="2"/><T116/><D120/><U25/><AGARI ba="1,2" hai="4,11,12,17,18,19,22,25,29,32,35,52,57,63" machi="25" ten="30,8000,1" yaku="1,1,2,1,0,1,52,1,54,1,53,0" doraHai="21" doraHaiUra="61" who="1" fromWho="1" sc="370,-41,200,103,210,-21,200,-21" /><INIT seed="1,0,0,1,5,10" ten="329,303,189,179" oya="1" hai0="101,4,11,85,65,5,60,14,61,111,135,48,59" hai1="28,73,15,54,62,41,40,119,34,16,103,42,98" hai2="92,66,123,117,13,70,49,7,81,9,118,87,124" hai3="43,6,97,26,75,100,90,125,96,134,2,32,37"/><U18/><E119/><V29/><F123/><W64/><G134/><T22/><D135/><U126/><E73/><V77/><F124/><W68/><G125/><T115/><D115/><U35/><E126/><V131/><F131/><W33/><G90/><T114/><D114/><U44/><E18/><V69/><F29/><W88/><G75/><T36/><D36/><U116/><E116/><V113/><F113/><W79/><G79/><T86/><D111/><U99/><E99/><V82/><F82/><W91/><G43/><T39/><D39/><U21/><E28/><V112/><F112/><W72/><G37/><T71/><D5/><U0/><E0/><V17/><F92/><W30/><G72/><T25/><D48/><U58/><REACH who="1" step="1"/><E44/><REACH who="1" ten="329,293,189,179" step="2"/><V63/><F118/><W24/><G2/><T94/><D101/><U89/><E89/><V106/><F117/><W102/><G30/><T110/><D86/><U38/><E38/><V52/><F17/><W12/><G96/><T127/><D85/><U50/><E50/><V3/><F3/><W31/><G97/><T122/><D127/><U133/><E133/><V74/><F74/><W20/><G102/><T80/><D122/><U57/><E57/><V55/><F69/><W105/><G68/><T53/><D59/><U108/><E108/><V56/><F70/><W107/><G100/><T95/><D71/><U67/><E67/><V121/><F121/><W27/><G64/><T104/><D110/><U46/><E46/><N who="2" m="27703" /><F66/><W19/><G31/><T76/><D65/><U84/><E84/><V23/><F106/><AGARI ba="0,1" hai="15,16,21,34,35,40,41,42,54,58,62,98,103,106" machi="106" ten="40,7700,0" yaku="1,1,52,1,54,1,53,0" doraHai="10" doraHaiUra="83" who="1" fromWho="2" sc="329,0,293,87,189,-77,179,0" /><INIT seed="1,1,0,5,3,91" ten="329,380,112,179" oya="1" hai0="1,46,67,78,16,42,90,83,3,54,60,95,49" hai1="118,109,45,22,84,116,21,123,117,2,126,30,111" hai2="47,23,48,66,36,43,115,8,122,110,11,44,102" hai3="101,97,20,56,37,25,125,124,5,61,96,62,121"/><U104/><E104/><V129/><F122/><W39/><G121/><T50/><D16/><U14/><E123/><V12/><F115/><W34/><G34/><T131/><D131/><U38/><E126/><N who="3" m="48746" /><G5/><T106/><D106/><U40/><E2/><V99/><F129/><W17/><G62/><T35/><D35/><U24/><E84/><V63/><F110/><N who="1" m="41993" /><E14/><V86/><F86/><W74/><G74/><T28/><D83/><U71/><E71/><V79/><F79/><W87/><G87/><T85/><D78/><U93/><E93/><V33/><F33/><AGARI ba="1,0" hai="21,22,24,30,33,38,40,45,116,117,118" m="41993" machi="33" ten="40,3900,0" yaku="14,1,10,1" doraHai="91" who="1" fromWho="2" sc="329,0,380,42,112,-42,179,0" /><INIT seed="1,2,0,4,2,62" ten="329,422,70,179" oya="1" hai0="119,123,10,74,107,56,93,97,113,88,61,82,28" hai1="42,8,84,69,131,0,118,114,6,4,134,35,52" hai2="133,81,16,122,92,33,83,31,86,109,104,116,63" hai3="130,124,14,75,20,66,51,34,1,127,99,85,78"/><U110/><E114/><V120/><F116/><W132/><G75/><T67/><D113/><U58/><E118/><V44/><F109/><W41/><G34/><T112/><D112/><U36/><E69/><V106/><F133/><W17/><G1/><T7/><D119/><U76/><E134/><V53/><F33/><W43/><G132/><T115/><D123/><U49/><E131/><V45/><F31/><W46/><G130/><T22/><D115/><U48/><E35/><V11/><F92/><W90/><G41/><T79/><D107/><U135/><E135/><V32/><F32/><W12/><G12/><T87/><D22/><U5/><E110/><V103/><F103/><W95/><G66/><T2/><REACH who="0" step="1"/><D28/><REACH who="0" ten="319,422,70,179" step="2"/><U30/><E30/><V13/><F106/><W26/><G20/><T72/><AGARI ba="2,1" hai="2,7,10,56,61,67,72,74,79,82,87,88,93,97" machi="72" ten="30,8000,1" yaku="1,1,2,1,0,1,52,1,54,1,53,0" doraHai="62" doraHaiUra="29" who="0" fromWho="0" sc="319,96,422,-42,70,-22,179,-22" /><INIT seed="2,0,0,5,0,108" ten="415,380,48,157" oya="2" hai0="81,54,117,111,93,87,128,0,104,73,76,91,44" hai1="7,49,78,40,14,43,9,47,19,56,121,64,109" hai2="6,63,2,129,88,69,106,48,107,45,27,103,127" hai3="42,66,31,135,21,58,38,16,98,83,97,24,67"/><V125/><F129/><W71/><G71/><T113/><D113/><U132/><E109/><V1/><F27/><W133/><G83/><T85/><D0/><N who="2" m="106" /><F103/><W5/><G5/><T17/><D128/><U123/><E132/><N who="3" m="50762" /><G58/><T119/><D104/><U89/><E43/><V80/><F6/><W15/><G42/><T22/><D111/><U10/><E89/><V110/><F63/><W57/><G38/><T23/><D73/><U62/><REACH who="1" step="1"/><E78/><REACH who="1" ten="415,370,48,157" step="2"/><V13/><F110/><W130/><G130/><T74/><D117/><U51/><E51/><V122/><F122/><W33/><G57/><T124/><D119/><U96/><E96/><AGARI ba="0,1" hai="15,16,21,24,31,33,66,67,96,97,98" m="50762" machi="96" ten="30,2000,0" yaku="20,1,54,1" doraHai="108" who="3" fromWho="1" sc="415,0,370,-20,48,0,157,30" /><INIT seed="3,0,0,1,2,54" ten="415,350,48,187" oya="3" hai0="1,120,58,99,59,14,92,17,41,130,121,48,60" hai1="98,50,119,134,74,9,123,12,51,109,57,45,131" hai2="26,126,30,117,86,18,40,118,78,31,13,116,80" hai3="82,94,16,125,71,69,66,2,4,112,29,97,87"/><W61/><G112/><T102/><D1/><U62/><E123/><V107/><F40/><W105/><G125/><T115/><D130/><U47/><E109/><V55/><F55/><W128/><G128/><T83/><D115/><U68/><E131/><V75/><F13/><W124/><G124/><T52/><D83/><U63/><E74/><V56/><F18/><W135/><G135/><T36/><D36/><U101/><E134/><V96/><F26/><W15/><G105/><T5/><D5/><BYE who="0" /><U111/><E68/><V72/><F31/><W38/><G38/><UN n0="%E6%80%AA%E3%81%97%E3%81%99%E3%81%8E%E3%82%8B%E3%83%81%E3%83%BC" /><T25/><D25/><U19/><BYE who="0" /><E111/><UN n0="%E6%80%AA%E3%81%97%E3%81%99%E3%81%8E%E3%82%8B%E3%83%81%E3%83%BC" /><V32/><F30/><W67/><G29/><T10/><D41/><U39/><E39/><V133/><F32/><W85/><G85/><T43/><D43/><U24/><E24/><V122/><F56/><W91/><G4/><T103/><D103/><U114/><E119/><V132/><F126/><W27/><G2/><T46/><D46/><U64/><E63/><V7/><F7/><W11/><G27/><T84/><D84/><U21/><E9/><V23/><F23/><W33/><G33/><T89/><D102/><U8/><E8/><V108/><F122/><W42/><G42/><T113/><D113/><U34/><E34/><V73/><REACH who="2" step="1"/><F108/><REACH who="2" ten="415,350,38,187" step="2"/><W127/><G127/><T22/><D22/><U110/><E110/><V35/><F35/><W93/><G69/><T70/><D70/><U88/><E114/><V129/><F129/><W76/><G71/><T65/><AGARI ba="0,1" hai="10,14,17,48,52,58,59,60,65,89,92,99,120,121" machi="65" ten="20,8000,1" yaku="0,1,7,1,52,2,54,1" doraHai="54" who="0" fromWho="0" sc="415,90,350,-20,38,-20,187,-40" owari="505,60.5,330,13.0,18,-48.2,147,-25.3" /></mjloggm>