<mjloggm ver="2.3"><GO type="225" lobby="0"/><UN n0="%28%EF%BF%A3%E2%96%BD%EF%BF%A3%29%CE%B4%E2%8C%92%E3%83%BB" n1="%E3%81%99%E3%81%84%E3%81%BE%E3%81%9B%E3%83%BC%E3%82%93" n2="%E3%82%B2%E3%82%B9%E8%8C%82%E5%8B%9D" n3="%E5%87%BA%E6%B0%B4" dan="16,17,16,16" rate="2109.61,2210.61,2045.94,2111.88" sx="M,M,F,F"/><TAIKYOKU oya="0"/><INIT seed="0,0,0,2,0,128" ten="250,250,250,250" oya="0" hai0="134,42,99,52,11,38,44,28,37,124,104,122,68" hai1="54,16,98,116,50,91,121,131,103,62,24,82,101" hai2="18,132,70,115,126,22,77,19,7,21,36,120,107" hai3="30,23,33,29,57,34,108,93,133,84,135,49,74"/><T14/><D122/><U113/><E121/><V83/><F120/><W85/><G74/><T78/><D68/><U79/><E116/><V32/><F36/><W6/><G6/><T111/><D38/><U130/><E113/><V47/><F47/><W69/><G69/><T0/><D0/><U67/><E91/><V81/><F107/><W117/><G117/><T90/><D124/><U66/><E54/><V48/><F48/><W119/><G119/><T41/><D41/><U105/><E50/><V4/><F70/><W63/><G49/><T13/><D52/><U123/><E103/><V112/><F77/><W58/><G23/><T76/><D28/><U2/><E2/><V75/><F75/><W51/><G51/><T31/><D31/><U96/><E96/><V61/><F126/><W127/><G93/><T80/><D14/><U53/><E53/><V26/><F26/><W45/><G127/><T64/><D64/><U9/><E123/><V20/><F20/><W97/><G97/><T72/><D78/><U12/><E24/><V109/><F109/><W94/><G94/><T25/><D25/><U39/><E39/><V87/><F32/><W71/><G71/><T92/><D104/><U1/><E1/><V40/><F40/><W27/><G27/><T88/><D111/><U125/><E125/><V35/><F35/><W10/><G108/><T100/><REACH who="0" step="1"/><D134/><REACH who="0" ten="240,250,250,250" step="2"/><U59/><REACH who="1" step="1"/><E66/><REACH who="1" ten="240,240,250,250" step="2"/><V106/><F112/><W15/><G15/><T73/><D73/><AGARI ba="0,2" hai="9,12,16,59,62,67,73,79,82,98,101,105,130,131" machi="73" ten="40,8000,1" yaku="1,1,2,1,54,1,53,1" doraHai="128" doraHaiUra="56" who="1" fromWho="0" sc="240,-80,240,100,250,0,250,0" /><INIT seed="1,0,0,1,5,135" ten="160,340,250,250" oya="1" hai0="27,121,50,100,21,11,110,80,43,95,134,77,53" hai1="73,8,85,26,16,41,112,101,37,56,24,83,32" hai2="125,117,79,98,54,132,96,36,76,109,7,39,105" hai3="15,33,65,131,89,86,59,71,64,92,48,122,114"/><U128/><E73/><V30/><F117/><W57/><G122/><T13/><D134/><U130/><E112/><V106/><F132/><W47/><G114/><T78/><D121/><U107/><E56/><V25/><F54/><W42/><G33/><T104/><D104/><U123/><E123/><V94/><F94/><W46/><G131/><T72/><D43/><U29/><E41/><V49/><F49/><W66/><G71/><T111/><D78/><U4/><E37/><V63/><F7/><W84/><G47/><T2/><D2/><U28/><E101/><V3/><F3/><W51/><G51/><T68/><D68/><U12/><E107/><V69/><F69/><W22/><REACH who="3" step="1"/><G86/><REACH who="3" ten="160,340,250,240" step="2"/><T103/><D111/><U82/><E85/><V129/><F109/><W67/><N who="3" m="16384" /><DORA hai="23" /><W34/><G34/><T62/><D110/><U55/><E130/><V88/><F129/><W118/><G118/><T44/><D62/><U45/><E128/><V17/><F63/><W19/><AGARI ba="0,1" hai="15,19,22,42,46,48,57,59,84,89,92" m="16384" machi="19" ten="40,5200,0" yaku="1,1,0,1,8,1,53,0" doraHai="135,23" doraHaiUra="102,5" who="3" fromWho="3" sc="160,-13,340,-26,250,-13,240,62" /><INIT seed="2,0,0,0,0,78" ten="147,314,237,302" oya="2" hai0="102,3,113,116,121,19,9,49,14,15,60,32,92" hai1="0,91,42,89,133,34,67,118,108,28,105,131,88" hai2="66,5,68,120,79,110,62,4,26,58,21,103,35" hai3="51,22,119,130,107,72,30,24,99,98,55,111,135"/><V59/><F120/><W23/><G111/><T16/><D121/><U50/><E118/><V95/><F35/><W54/><G119/><T71/><D32/><U70/><E0/><V81/><F110/><W112/><G135/><T128/><D116/><U47/><E108/><V2/><F2/><W43/><G72/><T17/><D113/><U48/><E105/><V12/><F95/><W8/><G130/><T94/><D128/><U45/><E133/><V124/><F103/><W41/><G8/><T77/><D3/><U104/><E104/><V122/><F124/><W7/><G7/><T1/><D1/><U65/><E70/><V114/><F114/><W85/><G107/><T73/><D71/><U6/><E6/><V82/><F122/><W76/><G22/><T123/><D60/><U20/><E34/><V13/><F79/><W106/><G106/><T36/><D36/><U27/><E131/><V29/><F4/><W44/><G55/><AGARI ba="0,0" hai="20,27,28,42,45,47,48,50,55,65,67,88,89,91" machi="55" ten="40,2600,0" yaku="8,1,54,1" doraHai="78" who="1" fromWho="3" sc="147,0,314,26,237,0,302,-26" /><INIT seed="3,0,0,1,3,127" ten="147,340,237,276" oya="3" hai0="24,116,8,107,72,54,65,93,1,81,40,53,74" hai1="120,117,6,69,51,11,106,101,103,17,26,71,45" hai2="84,16,110,100,18,0,87,125,82,60,88,132,79" hai3="134,131,124,2,12,43,113,64,63,129,25,59,50"/><W66/><G2/><T48/><D107/><U76/><E120/><V58/><F110/><W77/><G124/><T49/><D116/><U104/><E117/><V32/><F125/><W23/><G113/><T28/><D65/><U33/><E76/><V78/><F32/><W29/><G134/><T3/><D40/><U70/><E103/><V31/><F0/><W55/><G77/><N who="2" m="29193" /><F132/><W91/><G91/><T13/><D93/><U102/><E102/><V34/><F34/><W80/><G80/><T14/><D8/><U121/><E101/><V52/><F100/><W108/><G108/><T90/><D28/><U89/><E89/><N who="2" m="51351" /><F31/><W5/><G43/><T30/><D30/><U19/><E33/><V46/><F46/><W105/><G105/><T92/><D92/><AGARI ba="0,0" hai="16,18,52,58,60,87,88,92" m="51351,29193" machi="92" ten="30,7700,0" yaku="8,1,54,3" doraHai="127" who="2" fromWho="0" sc="147,-77,340,0,237,77,276,0" owari="70,-43.0,340,44.0,314,11.4,276,-12.4" /></mjloggm>