<mjloggm ver="2.3"><GO type="225" lobby="0"/><UN n0="%E3%81%95%E3%81%8D%E3%81%9F%E3%81%BE%E6%9E%97%E6%AA%8E" n1="%43%68%65" n2="%E3%81%A1%E3%82%85%E3%81%86%E3%81%A9%E3%81%8F%E8%B1%A1%E3%81%95%E3%82%93" n3="%E5%80%89%E6%A9%8B%EF%BC%A0%E4%BA%8B%E5%8B%99" dan="16,16,17,16" rate="2117.10,2114.60,2215.41,2092.83" sx="M,M,M,M"/><TAIKYOKU oya="0"/><INIT seed="0,0,0,2,4,26" ten="250,250,250,250" oya="0" hai0="41,134,58,32,54,98,80,1,18,77,64,36,97" hai1="72,99,96,107,51,102,10,120,125,100,124,110,9" hai2="90,135,15,3,2,85,22,92,87,108,56,23,106" hai3="39,34,7,123,132,53,115,121,12,25,61,4,28"/><T60/><D1/><U111/><E51/><V83/><F106/><W89/><G39/><T0/><D0/><U31/><E72/><V74/><F74/><W119/><G115/><T35/><D134/><U84/><E84/><V75/><F75/><W57/><G119/><T27/><D35/><U113/><E113/><V55/><F135/><W66/><G132/><T30/><D18/><U16/><E120/><N who="3" m="46154" /><G89/><T52/><D41/><U112/><E112/><V93/><F108/><W128/><G128/><T24/><D24/><U48/><E48/><V73/><F73/><W13/><G53/><T5/><D5/><AGARI ba="0,0" hai="4,5,7,12,13,25,28,34,57,61,66" m="46154" machi="5" ten="30,2000,0" yaku="13,1,52,1" doraHai="26" who="3" fromWho="0" sc="250,-20,250,0,250,0,250,20" /><INIT seed="1,0,0,3,0,24" ten="230,250,250,270" oya="1" hai0="47,132,65,14,111,112,53,123,92,20,59,5,38" hai1="113,66,131,32,114,62,58,63,89,68,101,60,73" hai2="104,55,28,13,1,120,0,82,125,33,43,11,119" hai3="19,87,93,97,6,54,109,79,107,57,45,22,21"/><U76/><E101/><V34/><F120/><W126/><G109/><T106/><D111/><U26/><E76/><V122/><F122/><W51/><G126/><T78/><D112/><U27/><E73/><V95/><F104/><W42/><G107/><T31/><D123/><U134/><E134/><V52/><F119/><W85/><G6/><T74/><D106/><U10/><E10/><V88/><F43/><W77/><G77/><T115/><D65/><U44/><E44/><V39/><F39/><W130/><G130/><T29/><D115/><U4/><E4/><V23/><F125/><W83/><G87/><T40/><D74/><U128/><E89/><V110/><F82/><W116/><G19/><T84/><D132/><U17/><E17/><N who="2" m="10671" /><F33/><W72/><G72/><T121/><D121/><U49/><E49/><V67/><F67/><W96/><G96/><T91/><D78/><U103/><E103/><V127/><F127/><W7/><G7/><T69/><D69/><U56/><E63/><V30/><F110/><W16/><G116/><T9/><REACH who="0" step="1"/><D20/><REACH who="0" ten="220,250,250,270" step="2"/><U2/><E66/><V108/><F108/><W81/><G22/><T80/><D80/><U75/><E75/><V36/><F34/><W124/><G124/><T99/><D99/><U133/><E32/><V94/><F94/><W117/><G117/><T100/><D100/><U118/><E68/><V48/><F95/><W35/><G35/><T41/><D41/><U102/><E102/><V46/><F55/><W135/><G83/><T18/><D18/><U129/><E129/><V71/><F71/><W8/><G54/><RYUUKYOKU ba="0,1" sc="220,30,250,-10,250,-10,270,-10" hai0="5,9,14,29,31,38,40,47,53,59,84,91,92" /><INIT seed="2,1,1,4,3,82" ten="250,240,240,260" oya="2" hai0="34,57,28,9,97,132,91,108,36,12,116,80,15" hai1="109,95,78,127,94,75,70,119,48,58,92,111,2" hai2="61,77,0,101,74,16,86,25,46,8,32,107,33" hai3="124,4,79,128,93,117,37,133,104,35,47,114,24"/><V100/><F74/><W125/><G104/><T17/><D108/><N who="1" m="41547" /><E70/><V105/><F0/><W27/><G117/><T41/><D116/><U1/><E119/><V21/><F8/><W87/><G128/><T65/><D132/><U69/><E69/><V106/><F61/><W23/><G133/><T103/><D36/><U26/><E127/><V130/><F130/><W90/><G114/><T51/><D34/><U121/><E121/><V53/><F32/><W110/><G110/><T83/><D28/><U39/><E39/><V22/><F33/><W131/><G131/><T54/><D65/><U113/><E113/><V71/><F71/><W99/><G4/><T7/><D41/><U67/><E26/><V10/><F10/><W43/><G35/><T84/><D97/><U81/><E67/><V50/><REACH who="2" step="1"/><F21/><REACH who="2" ten="250,240,230,260" step="2"/><W18/><G124/><T52/><D103/><U89/><E2/><V6/><F6/><W62/><G125/><T19/><D7/><U20/><E20/><V112/><F112/><W63/><G27/><T102/><D9/><U68/><E1/><V38/><F38/><W14/><G24/><T66/><D15/><U129/><E68/><V120/><F120/><W76/><G63/><T85/><D12/><U31/><E129/><V123/><F123/><W126/><G126/><T13/><D13/><U56/><E75/><V45/><F45/><W59/><G62/><T134/><D134/><U3/><E3/><V60/><F60/><W72/><G72/><T73/><D73/><U42/><E58/><V118/><F118/><W40/><G59/><T122/><D122/><RYUUKYOKU ba="1,2" sc="250,-10,240,-10,230,30,260,-10" hai2="16,22,25,46,50,53,77,86,100,101,105,106,107" /><INIT seed="2,2,2,1,2,78" ten="240,230,260,250" oya="2" hai0="127,112,134,31,19,69,50,124,45,71,9,72,129" hai1="104,114,49,100,107,25,79,30,81,119,80,14,117" hai2="125,53,67,2,59,73,85,10,46,32,118,15,99" hai3="1,41,131,16,48,98,74,29,52,94,20,33,17"/><V57/><F118/><W3/><G74/><T106/><D106/><U43/><E114/><V87/><F73/><W61/><G33/><T8/><D134/><U24/><E14/><V116/><F116/><W4/><G131/><T42/><D129/><U90/><E90/><V40/><F32/><W77/><G77/><T66/><D112/><U37/><E37/><V65/><F2/><W55/><G1/><T108/><D108/><U103/><E79/><V18/><F125/><N who="0" m="48202" /><D72/><U130/><E130/><V60/><F99/><W75/><G75/><T89/><D31/><U109/><E49/><N who="2" m="26823" /><F67/><W84/><G84/><T83/><D66/><U115/><E115/><V68/><F68/><N who="0" m="26186" /><D19/><U97/><E109/><V62/><AGARI ba="2,2" hai="10,15,18,53,57,59,60,62,65,85,87" m="26823" machi="62" ten="30,1500,0" yaku="8,1" doraHai="78" who="2" fromWho="2" sc="240,-7,230,-7,260,41,250,-7" /><INIT seed="2,3,0,5,4,108" ten="233,223,301,243" oya="2" hai0="84,92,21,14,11,59,135,10,26,102,2,44,96" hai1="12,81,78,116,3,51,103,83,68,93,76,89,30" hai2="71,74,27,36,128,126,16,122,104,113,32,25,38" hai3="56,7,67,73,6,124,77,94,114,82,47,34,24"/><V119/><F16/><W109/><G109/><T63/><D135/><U86/><E3/><V41/><F41/><W85/><G124/><T127/><D127/><U66/><E116/><V29/><F25/><W91/><G47/><T133/><D133/><U69/><E30/><V0/><F27/><W20/><G34/><T42/><D2/><U112/><E103/><V31/><F29/><W22/><G22/><T105/><D105/><U125/><E125/><V97/><F97/><W65/><G114/><T18/><D84/><U80/><E112/><V39/><F31/><W8/><G56/><T57/><D63/><U60/><E69/><V23/><F23/><W46/><G46/><T43/><D11/><U100/><E100/><V131/><F38/><W19/><REACH who="3" step="1"/><G6/><REACH who="3" ten="233,223,301,233" step="2"/><N who="0" m="3415" /><D44/><U117/><E117/><V61/><F39/><W55/><G55/><T87/><D59/><U64/><E64/><V4/><F36/><W72/><G72/><T9/><D57/><U106/><E51/><V95/><F74/><W40/><G40/><T33/><D33/><U118/><E118/><V15/><F126/><W50/><G50/><T75/><D75/><U101/><E68/><V121/><F119/><W54/><G54/><T79/><D9/><U130/><E66/><V52/><F113/><W1/><AGARI ba="3,1" hai="1,7,8,19,20,24,65,67,73,77,82,85,91,94" machi="1" ten="20,2700,0" yaku="1,1,0,1,7,1,53,0" doraHai="108" doraHaiUra="98" who="3" fromWho="3" sc="233,-10,223,-10,301,-16,233,46" /><INIT seed="3,0,0,3,2,83" ten="223,213,285,279" oya="3" hai0="86,16,29,25,54,15,33,74,75,129,39,0,10" hai1="132,45,49,48,127,53,44,4,62,120,32,18,65" hai2="8,35,64,79,104,43,34,36,61,89,119,103,52" hai3="102,128,56,38,78,80,123,50,40,121,115,47,37"/><W114/><G102/><T28/><D39/><N who="3" m="14857" /><G80/><T124/><D124/><U20/><E32/><V93/><F119/><W125/><G78/><T22/><D129/><U6/><E127/><V1/><F79/><W116/><G125/><T112/><D29/><U60/><E132/><V133/><F133/><W108/><G116/><T30/><D30/><U130/><E120/><N who="3" m="46154" /><G128/><T51/><D112/><N who="3" m="43049" /><G56/><T111/><D111/><AGARI ba="0,0" hai="40,47,50,108,111" m="43049,46154,14857" machi="111" ten="40,3900,0" yaku="34,2" doraHai="83" who="3" fromWho="0" sc="223,-39,213,0,285,0,279,39" owari="184,-31.6,213,-18.7,285,8.5,318,41.8" /></mjloggm>