<mjloggm ver="2.3"><GO type="225" lobby="0"/><UN n0="%E9%80%9F%E6%B0%B4%E5%87%9B%E9%A6%99" n1="%72%69%6F%75%63%68%61%6E" n2="%6D%75%75%6D%75%72%61" n3="%33%74%72%65%65" dan="16,16,16,17" rate="2133.87,2193.51,2140.62,2225.42" sx="F,M,F,F"/><TAIKYOKU oya="0"/><INIT seed="0,0,0,4,5,80" ten="250,250,250,250" oya="0" hai0="97,26,58,53,119,95,59,42,101,10,89,75,132" hai1="50,46,54,60,88,122,105,41,0,55,100,82,22" hai2="116,106,21,45,96,91,84,121,44,47,123,8,6" hai3="130,77,128,76,12,93,102,7,52,131,103,35,65"/><T63/><D119/><U104/><E122/><V62/><F116/><W20/><G35/><T115/><D75/><U69/><E0/><V125/><F125/><W99/><G65/><T70/><D115/><U110/><E110/><V3/><F21/><W27/><G102/><T30/><D70/><U86/><E22/><V74/><F74/><W24/><G24/><T29/><D132/><U32/><E32/><V48/><F48/><W43/><G43/><T23/><D42/><U36/><E100/><V66/><F96/><W51/><G12/><T112/><D112/><U85/><E85/><V92/><REACH who="2" step="1"/><F106/><REACH who="2" ten="250,250,240,250" step="2"/><W98/><G98/><T108/><D108/><U73/><E73/><V118/><F118/><W111/><G111/><T19/><D10/><U28/><E28/><V33/><F33/><W71/><G71/><AGARI ba="0,1" hai="3,6,8,44,45,47,62,66,71,84,91,92,121,123" machi="71" ten="40,8000,1" yaku="1,1,52,1,53,2" doraHai="80" doraHaiUra="117" who="2" fromWho="3" sc="250,0,250,0,240,90,250,-80" /><INIT seed="1,0,0,1,0,135" ten="250,250,330,170" oya="1" hai0="110,82,22,106,111,99,53,64,67,0,63,26,8" hai1="124,66,71,101,68,70,3,122,46,35,44,7,16" hai2="31,48,61,100,42,15,55,87,116,25,23,88,121" hai3="2,60,97,95,20,32,103,93,36,11,127,75,52"/><U57/><E124/><V27/><F116/><W12/><G32/><T18/><D82/><U117/><E117/><V58/><F121/><W17/><G75/><T123/><D123/><U47/><E122/><V59/><F100/><W37/><G127/><T4/><D53/><U131/><E131/><V19/><F31/><W9/><G93/><T94/><D106/><U65/><E35/><V126/><F126/><W115/><G115/><T85/><D85/><U83/><E101/><V89/><F89/><W81/><G81/><T21/><D21/><U78/><E57/><V91/><F91/><W14/><G2/><T132/><D132/><U34/><E34/><V104/><F104/><W119/><G119/><T51/><D51/><U92/><E92/><N who="2" m="54303" /><F42/><W128/><G128/><T76/><D76/><U38/><E38/><V49/><F49/><W1/><G1/><T50/><D50/><U112/><E112/><V5/><F5/><W29/><G29/><T54/><D94/><U24/><E7/><V114/><F114/><W120/><G120/><T98/><D98/><U69/><N who="1" m="17408" /><DORA hai="6" /><U109/><E3/><V72/><F72/><W80/><G80/><T130/><D99/><U45/><N who="1" m="11264" /><DORA hai="79" /><U86/><REACH who="1" step="1"/><E109/><REACH who="1" ten="250,240,330,170" step="2"/><N who="0" m="41481" /><D130/><U30/><E30/><V107/><F107/><W129/><G129/><T118/><D118/><U133/><E133/><V28/><F28/><W43/><G43/><T113/><D113/><U73/><E73/><V41/><F41/><W77/><G37/><T125/><D125/><U56/><E56/><AGARI ba="0,1" hai="0,4,8,18,22,26,54,56,63,64,67" m="41481" machi="56" ten="30,2000,0" yaku="14,1,52,1" doraHai="135,6,79" who="0" fromWho="1" sc="250,30,240,-20,330,0,170,0" /><INIT seed="2,0,0,0,1,60" ten="280,220,330,170" oya="2" hai0="65,73,112,99,68,32,61,71,51,2,11,8,20" hai1="56,21,129,80,119,27,64,37,46,111,7,89,28" hai2="54,88,23,91,52,74,25,26,118,14,10,16,106" hai3="15,75,97,96,121,35,134,94,115,34,93,24,98"/><V79/><F118/><W3/><G121/><T82/><D32/><U45/><E119/><V76/><F106/><W135/><G3/><T92/><D112/><U22/><E111/><V114/><F114/><W63/><G115/><T29/><D68/><U84/><E129/><V101/><F101/><W108/><G108/><T132/><D132/><N who="3" m="50729" /><G75/><T85/><D73/><U81/><E37/><V49/><F74/><W90/><G15/><T31/><D51/><U105/><E105/><V66/><F66/><W42/><G42/><T30/><D20/><U39/><E39/><V57/><F54/><W33/><G24/><N who="2" m="9321" /><F23/><W9/><G9/><T130/><D130/><U127/><E127/><V102/><F102/><W95/><G63/><T0/><D0/><U72/><E21/><V12/><F12/><W77/><G90/><AGARI ba="0,0" hai="10,14,16,49,52,57,76,79,88,90,91" m="9321" machi="90" ten="30,11600,0" yaku="8,1,54,3" doraHai="60" who="2" fromWho="3" sc="280,0,220,0,330,116,170,-116" /><INIT seed="2,1,0,2,3,112" ten="280,220,446,54" oya="2" hai0="26,127,23,83,133,114,79,18,125,65,39,37,59" hai1="121,81,6,50,52,4,134,101,123,115,55,132,96" hai2="5,113,93,60,118,72,78,69,41,28,32,31,43" hai3="107,38,89,25,27,82,86,22,36,110,92,48,111"/><V14/><F118/><W91/><G107/><T98/><D114/><U7/><E115/><V24/><F113/><W53/><G38/><T61/><D133/><N who="1" m="51307" /><E81/><V64/><F31/><W11/><G36/><T94/><D39/><U120/><E50/><V54/><F72/><W116/><G116/><T129/><D37/><U46/><E46/><V76/><F54/><W35/><G35/><T124/><D129/><U130/><E130/><V29/><F29/><W74/><G74/><T71/><D71/><U88/><E88/><V67/><F67/><W16/><G27/><T131/><D131/><U40/><E40/><V99/><F41/><W15/><G91/><T1/><D1/><U2/><E2/><V17/><F43/><W45/><REACH who="3" step="1"/><G92/><AGARI ba="1,0" hai="4,6,7,52,55,92,96,101,120,121,123" m="51307" machi="92" ten="40,5200,0" yaku="13,1,20,1,54,1" doraHai="112" who="1" fromWho="3" sc="280,0,220,55,446,0,54,-55" owari="280,8.0,275,-12.5,446,54.6,-1,-50.1" /></mjloggm>