<mjloggm ver="2.3"><GO type="225" lobby="0"/><UN n0="%E3%83%9D%E3%83%B3%E3%83%9D%E3%82%B3%E5%95%86%E4%BA%8B" n1="%E7%99%BD%E6%97%A5%E9%9B%AA%E8%8F%9C" n2="%72%69%6F%75%63%68%61%6E" n3="%E6%9D%B1%E9%A2%A8%E3%81%AE%E3%81%8D%E3%82%83%E3%81%B7%E3%81%95%E3%82%93" dan="16,16,17,16" rate="2164.40,2189.00,2219.70,2140.57" sx="M,M,M,M"/><TAIKYOKU oya="0"/><INIT seed="0,0,0,2,2,100" ten="250,250,250,250" oya="0" hai0="13,29,99,42,81,30,1,7,12,35,47,79,15" hai1="43,27,50,31,66,94,60,68,130,90,56,117,104" hai2="123,134,103,114,73,14,53,52,132,96,76,57,118" hai3="89,34,71,121,44,41,101,63,24,36,86,78,48"/><T17/><D99/><U131/><E117/><V23/><F123/><W87/><G121/><T11/><D17/><U51/><E104/><V49/><F114/><W61/><G101/><T125/><D125/><U59/><E43/><V54/><F118/><W3/><G3/><T38/><REACH who="0" step="1"/><D35/><REACH who="0" ten="240,250,250,250" step="2"/><U72/><E131/><V64/><F134/><W126/><G126/><T18/><D18/><U91/><E130/><V106/><F132/><W112/><G112/><T95/><D95/><U67/><E94/><V97/><F96/><W16/><G34/><T25/><D25/><U88/><E27/><V128/><F128/><W4/><G24/><T115/><D115/><U120/><E120/><V21/><F97/><W93/><G16/><T8/><D8/><U33/><E33/><V98/><F23/><W75/><G4/><T45/><D45/><U6/><E6/><V10/><F21/><W109/><G44/><T5/><D5/><U2/><E31/><V107/><F107/><W58/><G93/><T83/><D83/><U84/><E2/><V135/><F135/><W40/><G71/><T22/><D22/><U37/><E68/><V85/><F10/><W77/><G58/><T70/><D70/><U19/><E59/><N who="2" m="33167" /><F14/><W133/><G133/><T111/><D111/><U65/><E56/><V74/><F57/><W113/><G109/><T26/><D26/><U108/><E108/><V110/><F110/><W46/><G113/><T116/><D116/><U55/><E19/><V32/><F32/><W69/><G69/><T39/><D39/><U82/><E37/><V62/><F106/><RYUUKYOKU ba="0,1" sc="240,30,250,-10,250,-10,250,-10" hai0="1,7,11,12,13,15,29,30,38,42,47,79,81" /><INIT seed="0,1,1,1,2,108" ten="270,240,240,240" oya="0" hai0="117,9,69,57,99,34,18,94,77,135,42,82,113" hai1="118,100,59,86,128,4,28,2,6,12,41,60,80" hai2="19,116,27,85,0,26,130,63,38,11,61,50,3" hai3="44,21,70,115,64,30,51,75,55,20,49,23,67"/><T17/><D69/><U47/><E118/><V81/><F130/><W114/><G75/><T65/><D117/><U54/><E2/><V22/><F116/><W98/><G30/><T62/><D34/><U112/><E128/><V109/><F109/><W56/><G98/><T32/><D32/><U31/><E100/><V46/><F38/><W110/><G110/><T122/><D122/><U106/><E106/><V14/><F0/><W126/><G126/><T111/><D111/><U121/><E121/><V104/><F3/><W66/><REACH who="3" step="1"/><G70/><REACH who="3" ten="270,240,240,230" step="2"/><T125/><D125/><U25/><E31/><V15/><F104/><W92/><G92/><T123/><D123/><U13/><E28/><V129/><F129/><W71/><G71/><T52/><D94/><U103/><E103/><V96/><F96/><W1/><G1/><T40/><D99/><U5/><E112/><V84/><F85/><W24/><G24/><T102/><D113/><U74/><E25/><V88/><F26/><W79/><G79/><T73/><D102/><U7/><E74/><V36/><F14/><W101/><G101/><T131/><D131/><U93/><E93/><V133/><F133/><W91/><G91/><T76/><D135/><U43/><N who="1" m="1024" /><DORA hai="16" /><U132/><E132/><V97/><F97/><W90/><G90/><T78/><D77/><N who="1" m="46351" /><E13/><V124/><F124/><W72/><G72/><T58/><D78/><U8/><E12/><V68/><F68/><W29/><G29/><T33/><D76/><U107/><E107/><V119/><F15/><W53/><AGARI ba="1,2" hai="20,21,23,44,49,51,53,55,56,64,66,67,114,115" machi="53" ten="40,12000,2" yaku="1,1,0,1,52,5,53,0" doraHai="108,16" doraHaiUra="37,35" who="3" fromWho="3" sc="270,-61,240,-31,240,-31,230,143" /><INIT seed="1,0,0,4,2,22" ten="209,209,209,373" oya="1" hai0="73,134,7,131,32,110,19,39,59,52,127,80,57" hai1="24,107,56,81,120,78,58,67,109,62,106,76,102" hai2="55,118,31,119,47,126,64,111,116,28,74,101,95" hai3="40,50,43,15,114,65,99,83,103,112,125,94,36"/><U37/><E120/><V10/><F111/><W122/><G125/><T98/><D110/><U38/><E109/><V54/><F74/><W75/><G36/><T113/><D113/><U48/><E76/><V85/><F126/><W45/><G43/><T16/><D127/><U68/><E58/><V79/><F64/><W53/><G65/><T30/><D39/><U20/><E38/><V133/><F133/><W5/><G40/><T1/><D59/><U9/><E37/><V108/><F108/><W92/><G92/><T18/><D98/><U27/><E9/><V123/><F123/><W29/><G29/><T34/><D134/><U104/><E102/><V33/><F10/><W117/><G117/><T11/><D30/><U63/><E48/><V128/><F128/><W115/><G122/><T6/><D6/><U135/><E20/><V61/><F61/><W42/><G42/><T25/><D25/><U100/><E100/><V23/><F33/><W129/><G129/><T130/><D80/><U88/><E135/><V14/><F101/><W21/><G21/><T93/><D73/><U82/><E82/><N who="2" m="47327" /><F95/><W12/><G5/><T49/><REACH who="0" step="1"/><D93/><REACH who="0" ten="199,209,209,373" step="2"/><U89/><E24/><N who="2" m="16415" /><F31/><W86/><G75/><T2/><D2/><U87/><REACH who="1" step="1"/><E27/><REACH who="1" ten="199,199,209,373" step="2"/><V77/><F116/><W41/><G112/><T17/><N who="0" m="4096" /><DORA hai="91" /><T84/><D84/><U8/><E8/><V26/><F26/><W13/><G114/><T35/><AGARI ba="0,2" hai="1,7,11,32,34,35,49,52,57,130,131" m="4096" machi="35" ten="50,8000,1" yaku="1,1,0,1,54,2,53,1" doraHai="22,91" doraHaiUra="66,4" who="0" fromWho="0" sc="199,100,199,-40,209,-20,373,-20" /><INIT seed="2,0,0,1,0,46" ten="299,159,189,353" oya="2" hai0="88,134,24,27,17,32,107,75,125,110,21,59,86" hai1="12,26,16,51,122,78,13,91,57,71,94,89,40" hai2="53,37,10,99,23,100,113,72,30,81,0,101,44" hai3="74,109,128,98,80,104,61,70,133,49,84,60,54"/><V96/><F113/><W121/><G74/><T63/><D110/><U29/><E71/><V129/><F129/><W2/><G70/><T87/><D75/><U108/><E108/><V69/><F69/><W7/><G128/><T83/><D125/><U92/><E122/><V22/><F99/><W33/><G33/><T124/><D124/><U130/><E130/><V82/><F30/><W132/><G121/><T1/><D134/><N who="3" m="51817" /><G109/><T66/><D1/><U11/><E78/><N who="2" m="44231" /><F82/><W14/><G2/><T62/><D107/><U102/><E13/><V77/><F77/><N who="3" m="46095" /><G14/><T45/><D87/><U67/><E102/><V20/><F96/><W34/><G7/><T64/><D45/><N who="1" m="26023" /><E26/><V65/><F65/><W52/><G34/><T39/><D39/><U28/><E67/><V105/><F53/><N who="3" m="20587" /><G49/><T119/><D32/><U55/><E92/><V19/><F105/><W103/><AGARI ba="0,0" hai="60,61,98,103,104" m="20587,46095,51817" machi="103" ten="30,2000,0" yaku="20,1,54,1" doraHai="46" who="3" fromWho="3" sc="299,-5,159,-5,189,-10,353,20" /><INIT seed="3,0,0,0,5,70" ten="294,154,179,373" oya="3" hai0="38,59,57,26,67,33,75,84,78,41,96,48,73" hai1="51,32,125,89,117,130,129,106,132,72,99,90,21" hai2="17,63,119,44,120,18,40,27,45,53,82,128,98" hai3="68,92,0,79,131,14,122,6,56,8,71,58,118"/><W39/><G92/><T100/><D84/><U126/><E32/><V54/><F119/><W52/><G58/><T25/><D78/><U134/><E117/><V49/><F128/><N who="1" m="49257" /><E72/><V121/><F98/><W15/><G39/><T43/><D67/><U10/><E21/><V22/><F82/><W104/><G104/><T83/><D83/><U36/><E36/><V114/><F114/><W74/><G122/><N who="2" m="47209" /><F63/><W11/><G0/><T87/><D87/><U94/><E106/><V113/><F113/><W34/><G34/><T85/><D85/><U42/><E10/><V116/><F116/><W13/><G13/><T76/><D76/><U93/><E42/><N who="2" m="24727" /><F17/><W16/><G131/><T65/><D33/><U103/><E51/><AGARI ba="0,0" hai="18,22,27,40,45,51,53,54" m="24727,47209" machi="51" ten="30,1000,0" yaku="13,1" doraHai="70" who="2" fromWho="1" sc="294,0,154,-10,179,10,373,0" owari="294,9.4,144,-35.6,189,-21.1,373,47.3" /></mjloggm>