<mjloggm ver="2.3"><GO type="225" lobby="0"/><UN n0="%E3%81%8B%E3%82%8F%E3%81%A1%E3%82%83%E3%82%93%35%38" n1="%E3%81%B2%E3%81%AA%E3%81%AE%E3%82%8A%E3%81%8F" n2="%43%6F%66%66%65%65" n3="%6C%61%6D%62" dan="17,17,16,16" rate="2240.48,2211.25,2084.70,2134.24" sx="M,M,F,M"/><TAIKYOKU oya="0"/><INIT seed="0,0,0,5,3,93" ten="250,250,250,250" oya="0" hai0="94,30,31,1,82,77,127,129,50,101,21,134,14" hai1="114,98,75,54,40,3,107,46,16,130,97,118,86" hai2="44,11,6,119,62,109,15,39,125,47,24,78,19" hai3="41,12,25,131,23,106,67,110,88,113,69,85,72"/><T133/><D1/><U34/><E75/><V55/><F109/><W10/><G113/><T95/><D127/><U9/><E34/><V5/><F125/><W92/><G72/><T60/><D129/><U81/><E118/><V37/><F119/><W48/><G106/><T35/><D35/><U33/><E33/><V116/><F116/><W28/><G110/><T13/><D60/><U102/><E130/><V124/><F124/><W99/><G131/><T117/><D50/><U66/><E66/><V0/><F78/><W122/><G122/><T126/><D126/><U120/><E120/><V61/><F0/><W57/><G69/><T22/><D117/><U58/><E102/><V2/><F2/><W100/><G41/><T73/><D101/><U49/><E107/><V27/><F55/><N who="3" m="31975" /><G67/><T96/><D73/><U64/><E64/><V18/><F15/><W115/><G115/><T59/><D59/><U135/><E135/><V90/><F11/><W42/><G42/><T26/><D77/><N who="1" m="46383" /><E3/><V36/><F36/><W112/><G112/><T63/><D63/><N who="1" m="36311" /><E114/><V65/><F65/><W43/><G43/><T89/><D82/><U128/><E128/><V29/><F90/><W8/><G12/><AGARI ba="0,0" hai="9,12,16,40,46,49,97,98" m="36311,46383" machi="12" ten="30,7700,0" yaku="8,1,52,2,54,1" doraHai="93" who="1" fromWho="3" sc="250,0,250,77,250,0,250,-77" /><INIT seed="1,0,0,0,4,103" ten="250,327,250,173" oya="1" hai0="121,124,75,68,106,84,67,12,70,123,116,36,132" hai1="53,119,112,19,127,5,15,130,29,28,95,101,89" hai2="48,111,77,44,129,55,83,24,30,82,134,108,94" hai3="93,135,99,96,76,60,49,122,3,47,42,118,125"/><U69/><E119/><V90/><F129/><W65/><G3/><T91/><D12/><U32/><E112/><V58/><F134/><W7/><G122/><N who="0" m="46603" /><D67/><U25/><E69/><V0/><F0/><W102/><G135/><T104/><D132/><U115/><E115/><V1/><F1/><W128/><G125/><T2/><D2/><U11/><E130/><V54/><F77/><W18/><G128/><T79/><D36/><U22/><E101/><V114/><F114/><W6/><G118/><T9/><D9/><U81/><E81/><V98/><F108/><W26/><G76/><T72/><D116/><U20/><E127/><V4/><F4/><W27/><G99/><T41/><D41/><U74/><E74/><N who="0" m="28201" /><D79/><U71/><E71/><N who="0" m="27177" /><D124/><U13/><E22/><N who="2" m="15639" /><F111/><W64/><G64/><T52/><D52/><U50/><E32/><V38/><F38/><W56/><REACH who="3" step="1"/><G27/><REACH who="3" ten="250,327,250,163" step="2"/><T21/><D21/><AGARI ba="0,1" hai="6,7,18,21,26,42,47,49,56,60,65,93,96,102" machi="21" ten="40,8000,1" yaku="1,1,2,1,8,1,53,1" doraHai="103" doraHaiUra="92" who="3" fromWho="0" sc="250,-80,327,0,250,0,163,90" /><INIT seed="2,0,0,3,2,86" ten="170,327,250,253" oya="2" hai0="93,17,65,11,130,77,52,31,35,32,134,79,30" hai1="16,22,73,133,59,121,102,51,107,82,111,57,74" hai2="38,46,127,117,44,50,81,120,6,45,99,27,94" hai3="48,69,70,135,42,12,58,0,87,100,37,62,54"/><V84/><F117/><W20/><G0/><T80/><D130/><U9/><E111/><V63/><F120/><W88/><G100/><T2/><D134/><U122/><E133/><V26/><F38/><W92/><G135/><T72/><D65/><U75/><E9/><V33/><F127/><W125/><G125/><T66/><D66/><U1/><E1/><V118/><F118/><W103/><G103/><T128/><D128/><U19/><E82/><V4/><F50/><W43/><G37/><T71/><D71/><U112/><E112/><V13/><F63/><W49/><G49/><T105/><D105/><U124/><E124/><V132/><F132/><W83/><G83/><T29/><D79/><U109/><E109/><V101/><F33/><W8/><G20/><T53/><D93/><U89/><E19/><V34/><F34/><W126/><G126/><T96/><D96/><U18/><E18/><V108/><F108/><W14/><G14/><T21/><D32/><U119/><E119/><V68/><F68/><W131/><G131/><T91/><D35/><U15/><E51/><V5/><REACH who="2" step="1"/><F13/><REACH who="2" ten="170,327,240,253" step="2"/><W47/><REACH who="3" step="1"/><G43/><REACH who="3" ten="170,327,240,243" step="2"/><T90/><D2/><U116/><E116/><V97/><F97/><W61/><G61/><T56/><D72/><U110/><E110/><V76/><AGARI ba="0,2" hai="4,5,6,26,27,44,45,46,76,81,84,94,99,101" machi="76" ten="30,11700,0" yaku="1,1,0,1,8,1,53,1" doraHai="86" doraHaiUra="95" who="2" fromWho="2" sc="170,-39,327,-39,240,137,243,-39" /><INIT seed="2,1,0,0,5,127" ten="131,288,377,204" oya="2" hai0="104,133,62,53,38,84,83,113,100,0,103,42,102" hai1="41,110,8,39,14,58,77,21,88,94,31,72,86" hai2="78,34,135,43,123,24,117,132,111,49,81,119,98" hai3="70,125,68,97,51,1,95,36,23,122,20,130,60"/><V124/><F123/><W6/><G36/><T35/><D0/><U40/><E110/><V105/><F124/><W54/><G122/><T17/><D35/><U28/><E72/><V19/><F111/><W64/><G125/><T13/><D113/><U9/><E77/><V48/><F117/><W82/><G70/><T61/><D133/><N who="2" m="51274" /><F119/><W52/><G54/><T115/><D104/><U126/><E8/><V67/><F67/><W80/><G6/><T50/><D42/><N who="1" m="16491" /><E39/><V26/><F19/><W11/><G11/><T18/><D38/><U22/><E58/><V89/><F89/><W87/><G1/><T106/><D106/><U120/><E120/><V57/><F57/><W129/><G20/><N who="1" m="7786" /><E126/><V71/><F71/><W107/><G23/><T29/><D29/><U69/><E69/><V118/><F118/><W101/><G107/><T92/><D92/><U56/><E56/><V5/><F5/><AGARI ba="1,0" hai="5,9,14,28,31,86,88,94" m="7786,16491" machi="5" ten="30,2000,0" yaku="8,1,54,1" doraHai="127" who="1" fromWho="2" sc="131,0,288,23,377,-23,204,0" /><INIT seed="3,0,0,4,2,102" ten="131,311,354,204" oya="3" hai0="110,15,75,43,108,103,21,52,115,41,78,70,59" hai1="17,35,83,32,25,9,56,99,71,128,23,132,16" hai2="24,2,53,131,42,34,26,3,84,82,54,18,51" hai3="58,113,85,40,72,129,36,123,47,67,65,100,10"/><W1/><G113/><T37/><D103/><U89/><E71/><V60/><F131/><W20/><G123/><T4/><D78/><U61/><E128/><V7/><F42/><N who="0" m="15882" /><D21/><U93/><E132/><V101/><F101/><W92/><G129/><T31/><D15/><U86/><E9/><V27/><F60/><W106/><G72/><T122/><D4/><U69/><E69/><V126/><F126/><W39/><G20/><T29/><D29/><U90/><REACH who="1" step="1"/><E17/><REACH who="1" ten="131,301,354,204" step="2"/><V104/><F18/><W76/><G10/><T30/><D30/><U46/><E46/><V119/><F7/><W45/><G36/><T79/><D31/><U133/><E133/><V114/><F114/><W74/><G39/><T130/><D130/><U49/><E49/><V5/><F51/><W68/><G68/><T33/><D70/><U12/><E12/><V116/><F5/><W94/><G1/><T64/><D37/><U96/><E96/><V66/><F2/><W22/><G47/><T109/><D115/><U38/><E38/><V13/><F13/><W63/><G45/><T55/><D33/><U11/><E11/><V57/><F34/><W125/><G22/><T80/><D122/><U14/><E14/><V134/><F3/><W50/><G50/><T107/><D107/><U95/><E95/><V112/><F104/><W88/><G94/><T6/><D6/><U48/><E48/><V62/><F112/><W0/><G92/><T91/><D91/><U118/><E118/><V135/><F119/><W81/><G106/><T98/><D98/><U77/><E77/><N who="2" m="46159" /><F116/><W117/><G117/><RYUUKYOKU ba="0,1" sc="131,10,301,10,354,10,204,-30" hai0="52,55,59,64,75,79,80,108,109,110" hai1="16,23,25,32,35,56,61,83,86,89,90,93,99" hai2="24,26,27,53,54,57,62,66,134,135" owari="141,-35.9,311,11.1,374,47.4,174,-22.6" /></mjloggm>