<mjloggm ver="2.3"><GO type="225" lobby="0"/><UN n0="%E3%82%A2%E3%82%A4%E3%82%B9%E3%83%86%E3%82%A3%E3%83%BC%E3%81%82%E3%81%B9" n1="%E5%B0%8F%E9%B3%A5%E9%81%8A%E7%B7%B4%E7%84%A1%32%31%E6%AD%B3" n2="%E6%9D%B1%E9%A2%A8%E3%81%AE%E3%81%8D%E3%82%83%E3%81%B7%E3%81%95%E3%82%93" n3="%E3%82%B7%E3%83%B3%E5%A4%AA%E6%9C%97" dan="16,16,16,16" rate="2127.63,2207.72,2148.53,2159.20" sx="M,F,M,M"/><TAIKYOKU oya="0"/><INIT seed="0,0,0,4,0,53" ten="250,250,250,250" oya="0" hai0="45,71,84,107,48,43,37,76,3,131,90,46,78" hai1="66,42,69,54,93,38,79,120,51,121,110,5,15" hai2="62,57,123,4,25,52,106,96,114,49,65,39,7" hai3="117,23,18,61,109,33,80,56,19,31,29,132,35"/><T47/><D131/><U85/><E110/><V9/><F123/><W94/><G109/><T92/><D107/><U40/><E5/><V64/><F39/><W118/><G132/><T36/><D3/><U12/><E38/><V1/><F114/><W101/><G80/><T11/><D71/><U126/><E126/><V60/><F7/><W14/><G101/><T88/><D11/><U97/><E66/><V75/><F75/><W21/><G94/><T119/><D119/><U81/><E69/><V24/><F106/><W108/><G108/><T77/><D37/><U27/><E27/><V91/><F96/><W70/><G70/><T86/><REACH who="0" step="1"/><D36/><REACH who="0" ten="240,250,250,250" step="2"/><U129/><E129/><V67/><REACH who="2" step="1"/><F91/><REACH who="2" ten="240,250,240,250" step="2"/><W0/><G118/><T2/><D2/><U73/><E121/><V30/><F30/><W50/><G117/><T41/><D41/><U13/><E120/><V20/><F20/><W6/><G0/><T102/><D102/><N who="1" m="60719" /><E73/><V100/><F100/><W63/><G31/><T16/><D16/><U44/><AGARI ba="0,2" hai="12,13,15,40,42,44,51,54,79,81,85" m="60719" machi="44" ten="30,1100,0" yaku="8,1" doraHai="53" who="1" fromWho="1" sc="240,-5,250,31,240,-3,250,-3" /><INIT seed="1,0,0,2,0,125" ten="235,281,237,247" oya="1" hai0="28,23,4,111,37,45,81,53,90,22,11,18,85" hai1="6,110,97,60,31,101,27,2,78,87,44,73,135" hai2="68,14,10,20,128,106,109,0,41,62,70,9,67" hai3="83,120,115,119,82,108,121,40,77,50,21,58,36"/><U43/><E135/><V16/><F106/><W133/><G115/><T113/><D111/><U35/><E87/><V51/><F109/><W30/><G119/><T112/><D28/><U102/><E60/><V13/><F70/><W69/><G36/><T117/><D117/><U80/><E110/><V66/><F66/><W26/><G108/><T25/><D23/><U116/><E116/><V7/><F41/><W49/><G69/><T107/><D107/><U72/><E97/><V34/><F51/><W96/><G133/><T94/><D81/><U130/><E130/><V104/><F104/><W95/><G49/><T93/><D94/><U74/><E101/><V118/><F34/><W123/><G77/><T65/><D65/><U3/><E102/><V29/><F118/><W126/><G126/><T42/><REACH who="0" step="1"/><D53/><REACH who="0" ten="225,281,237,247" step="2"/><U64/><E64/><V12/><REACH who="2" step="1"/><F128/><REACH who="2" ten="225,281,227,247" step="2"/><W54/><REACH who="3" step="1"/><G40/><REACH who="3" ten="225,281,227,237" step="2"/><T134/><D134/><U92/><E43/><V39/><F39/><W129/><G129/><T1/><AGARI ba="0,3" hai="1,4,11,18,22,25,37,42,45,85,90,93,112,113" machi="1" ten="20,2700,0" yaku="1,1,0,1,7,1,53,0" doraHai="125" doraHaiUra="63" who="0" fromWho="0" sc="225,57,281,-13,227,-7,237,-7" /><INIT seed="2,0,0,5,1,93" ten="282,268,220,230" oya="2" hai0="100,102,96,60,64,62,79,130,87,53,94,73,88" hai1="89,97,12,19,108,38,112,101,128,131,5,123,52" hai2="30,21,107,84,66,115,91,95,127,71,98,86,85" hai3="126,54,125,68,39,2,10,8,27,67,47,135,103"/><V121/><F121/><W16/><G135/><T9/><D130/><N who="1" m="49707" /><E112/><V56/><F115/><W51/><G39/><T77/><D73/><U124/><E38/><V74/><F127/><N who="3" m="48651" /><G2/><T20/><D9/><N who="3" m="3689" /><G103/><N who="0" m="39467" /><D64/><U59/><E124/><V122/><F122/><W46/><G67/><T118/><D118/><U105/><E5/><V90/><F74/><W57/><G68/><T69/><D69/><U133/><E123/><V34/><F34/><W25/><G25/><T120/><D120/><U55/><E108/><V26/><F71/><W82/><G82/><N who="0" m="47567" /><D79/><U3/><E3/><V23/><F107/><W44/><G27/><T15/><D53/><N who="1" m="20555" /><E59/><V75/><F75/><W117/><G117/><T70/><D70/><U1/><E1/><V81/><REACH who="2" step="1"/><F21/><REACH who="2" ten="282,268,210,230" step="2"/><W72/><G72/><T119/><D119/><U113/><E113/><V104/><F104/><W61/><G61/><AGARI ba="0,1" hai="23,26,30,56,61,66,81,84,85,86,90,91,95,98" machi="61" ten="40,7700,0" yaku="1,1,8,1,52,1,53,0" doraHai="93" doraHaiUra="110" who="2" fromWho="3" sc="282,0,268,0,210,87,230,-77" /><INIT seed="2,1,0,1,4,133" ten="282,268,297,153" oya="2" hai0="13,124,113,40,42,2,38,110,59,80,14,120,66" hai1="103,117,116,106,93,56,61,77,39,55,20,97,89" hai2="78,102,27,15,122,84,6,53,57,3,128,134,8" hai3="41,24,31,135,49,60,67,10,46,44,22,99,72"/><V95/><F134/><W94/><G135/><T26/><D110/><U45/><E77/><V73/><F128/><W17/><G72/><T23/><D2/><U62/><E62/><V111/><F122/><W90/><G44/><T58/><D113/><U121/><E121/><V98/><F111/><W64/><G10/><T88/><D124/><U118/><E39/><V32/><F73/><W50/><G50/><T16/><D38/><U48/><E20/><V65/><F65/><W52/><REACH who="3" step="1"/><G31/><REACH who="3" ten="282,268,297,143" step="2"/><T37/><D37/><U70/><E70/><V79/><F3/><W18/><G18/><T75/><D75/><U127/><E127/><V82/><F32/><W101/><G101/><T33/><D33/><U108/><E108/><V29/><F29/><W21/><G21/><T0/><D0/><U86/><REACH who="1" step="1"/><E117/><REACH who="1" ten="282,258,297,143" step="2"/><V63/><REACH who="2" step="1"/><F27/><REACH who="2" ten="282,258,287,143" step="2"/><W25/><G25/><T1/><D26/><U87/><E87/><V35/><F35/><W34/><G34/><T7/><D120/><U69/><E69/><V129/><F129/><W47/><G47/><T115/><D115/><U36/><E36/><V131/><F131/><W132/><G132/><T54/><D1/><U104/><E104/><V12/><F12/><W107/><G107/><T19/><D14/><U11/><E11/><V71/><F71/><W9/><G9/><T100/><D13/><U76/><E76/><AGARI ba="1,3" hai="6,8,15,53,57,63,76,78,79,82,84,95,98,102" machi="76" ten="30,5800,0" yaku="1,1,7,1,8,1,53,0" doraHai="133" doraHaiUra="105" who="2" fromWho="1" sc="282,0,258,-61,287,91,143,0" /><INIT seed="2,2,0,5,5,10" ten="282,197,378,143" oya="2" hai0="55,7,102,34,127,27,105,72,79,131,58,124,128" hai1="9,52,48,60,70,74,71,66,61,51,114,95,113" hai2="96,87,37,36,80,4,119,81,29,99,26,57,15" hai3="14,63,84,25,77,112,40,68,3,98,20,53,67"/><V88/><F119/><W132/><G132/><T44/><D72/><U39/><E74/><V107/><F80/><W50/><G112/><T120/><D79/><U45/><E95/><V117/><F117/><W46/><G3/><T109/><D105/><U5/><E39/><V122/><F122/><W90/><G77/><T12/><D102/><U32/><E32/><V92/><F107/><W82/><G98/><T135/><D44/><U30/><E30/><V62/><F99/><W133/><G133/><T93/><D93/><U130/><E130/><N who="0" m="49705" /><D135/><U89/><E89/><V49/><F49/><W43/><REACH who="3" step="1"/><G14/><REACH who="3" ten="282,197,378,133" step="2"/><T17/><D120/><U129/><E129/><V106/><F15/><W23/><G23/><N who="0" m="13807" /><D34/><U121/><E121/><V108/><F96/><W21/><G21/><T47/><D109/><U86/><E113/><V83/><F108/><W28/><AGARI ba="2,1" hai="20,25,28,40,43,46,50,53,63,67,68,82,84,90" machi="28" ten="20,5200,0" yaku="1,1,0,1,7,1,53,1" doraHai="10" doraHaiUra="22" who="3" fromWho="3" sc="282,-15,197,-15,378,-28,133,68" /><INIT seed="3,0,0,1,0,29" ten="267,182,350,201" oya="3" hai0="27,50,111,1,63,100,45,55,43,93,49,72,99" hai1="16,78,37,68,106,79,62,124,94,127,5,91,131" hai2="105,59,120,38,0,73,121,34,57,87,117,66,47" hai3="17,12,118,18,22,128,20,84,35,115,130,46,119"/><W98/><G98/><T75/><D1/><U85/><E106/><V8/><F73/><W15/><G84/><T3/><D3/><U44/><E5/><V135/><F105/><W39/><G39/><T14/><D111/><U25/><E131/><N who="3" m="50218" /><G46/><T52/><D14/><U102/><E102/><V67/><F135/><W80/><G80/><T133/><D133/><U88/><E91/><V42/><F117/><N who="3" m="44555" /><G115/><T58/><D27/><U54/><E37/><V83/><F67/><W89/><G89/><T104/><D104/><U65/><E54/><V33/><F66/><W90/><G90/><T19/><D19/><U41/><E41/><V56/><F0/><W92/><G92/><T97/><D97/><U31/><E44/><AGARI ba="0,0" hai="43,44,45,49,50,52,55,58,63,72,75,93,99,100" machi="44" ten="30,2000,0" yaku="7,1,54,1" doraHai="29" who="0" fromWho="1" sc="267,20,182,-20,350,0,201,0" owari="287,8.7,162,-33.8,350,45.0,201,-19.9" /></mjloggm>