<mjloggm ver="2.3"><GO type="225" lobby="0"/><UN n0="%77%72%77%72%77%72%77%72" n1="%E3%82%A2%E3%82%A4%E3%82%B9%E3%83%86%E3%82%A3%E3%83%BC%E3%81%82%E3%81%B9" n2="%E3%81%8C%E3%81%9F" n3="%E3%81%AF%E3%82%88%E3%81%8A%E3%81%98%E3%81%95%E3%82%93" dan="16,16,17,17" rate="2248.88,2074.92,2157.94,2205.19" sx="M,M,F,M"/><TAIKYOKU oya="0"/><INIT seed="0,0,0,3,4,10" ten="250,250,250,250" oya="0" hai0="60,81,128,7,117,106,37,23,124,52,27,125,64" hai1="36,99,79,86,31,9,44,61,109,47,123,63,17" hai2="114,127,45,103,73,97,93,82,57,22,66,8,126" hai3="32,1,59,2,11,6,72,42,95,77,120,38,121"/><T51/><D117/><U46/><E109/><V132/><F114/><W62/><G32/><T53/><D106/><U88/><E36/><V100/><F132/><W24/><G1/><T96/><D37/><U49/><E123/><V68/><F68/><W69/><G24/><T54/><D7/><U56/><E31/><V35/><F35/><W40/><G95/><T20/><D96/><U111/><E79/><N who="2" m="44399" /><F22/><W131/><G131/><T41/><D81/><N who="1" m="49231" /><E99/><V83/><F83/><N who="3" m="45479" /><G69/><T65/><D128/><U85/><E85/><V71/><F45/><N who="1" m="17513" /><E111/><V129/><F71/><W133/><G133/><T74/><D74/><U87/><E87/><V55/><F66/><N who="3" m="39263" /><G38/><T80/><D80/><U84/><E56/><V113/><F129/><W105/><G105/><T108/><D108/><U107/><E84/><V4/><F113/><W101/><G101/><T91/><D91/><U76/><E107/><V116/><F97/><W16/><G16/><N who="0" m="12679" /><D41/><N who="1" m="24815" /><E76/><V135/><F135/><W19/><G19/><T25/><D51/><U67/><E67/><V29/><F93/><W104/><G104/><T48/><D48/><U70/><E70/><V130/><F130/><W13/><G2/><T115/><D115/><U34/><E34/><V33/><F33/><W89/><G89/><T3/><D3/><U102/><E102/><N who="2" m="38955" /><F116/><W75/><G75/><T43/><D43/><U94/><E94/><V112/><F112/><W92/><G92/><T110/><D110/><U118/><E118/><V119/><F119/><W21/><G40/><T18/><D64/><U12/><AGARI ba="0,0" hai="9,12,17,61,63" m="24815,17513,49231" machi="12" ten="30,4000,0" yaku="8,1,52,1,54,1" doraHai="10" who="1" fromWho="1" sc="250,-20,250,40,250,-10,250,-10" /><INIT seed="1,0,0,2,2,66" ten="230,290,240,240" oya="1" hai0="116,10,18,46,73,61,101,59,58,103,88,129,135" hai1="113,133,120,67,80,134,53,124,128,36,60,99,82" hai2="31,23,4,33,30,114,89,65,75,41,38,1,32" hai3="118,49,21,14,85,100,17,87,111,45,81,24,13"/><U48/><E120/><V62/><F75/><W8/><G111/><T29/><D116/><U77/><E113/><V91/><F114/><W50/><G118/><T90/><D73/><U68/><E36/><V84/><F89/><N who="0" m="34410" /><D129/><U42/><E128/><V40/><F38/><W3/><G100/><N who="0" m="38475" /><D135/><N who="1" m="51723" /><E42/><V47/><F40/><W28/><G3/><T2/><D2/><U16/><E99/><V86/><F86/><W43/><G81/><T26/><D46/><N who="1" m="27799" /><E124/><V94/><F32/><W74/><G74/><T27/><D29/><U44/><E44/><V72/><F72/><W122/><G50/><T107/><D107/><U70/><E77/><V125/><F33/><W76/><G122/><T15/><D58/><N who="1" m="37271" /><E16/><V39/><F125/><W71/><G76/><T22/><D10/><U130/><E130/><V102/><F102/><W35/><G87/><T126/><D126/><U95/><E95/><V97/><F97/><W78/><G85/><T112/><D112/><U108/><E108/><V0/><F4/><W7/><REACH who="3" step="1"/><G78/><REACH who="3" ten="230,290,240,230" step="2"/><T110/><D110/><U69/><AGARI ba="0,1" hai="68,69,70,80,82" m="37271,27799,51723" machi="69" ten="40,12000,1" yaku="20,1,52,3" doraHai="66" who="1" fromWho="1" sc="230,-40,290,130,240,-40,230,-40" /><INIT seed="1,1,0,3,4,50" ten="190,420,200,190" oya="1" hai0="44,60,94,127,55,73,4,125,16,83,26,33,58" hai1="47,114,129,118,1,13,2,97,40,86,61,120,62" hai2="88,98,6,46,65,52,0,35,113,130,27,71,126" hai3="128,109,115,48,7,81,105,10,100,82,31,30,56"/><U69/><E120/><V53/><F130/><W123/><G123/><T29/><D4/><U67/><E118/><V95/><F126/><N who="0" m="48138" /><D94/><U135/><E129/><V38/><F113/><W134/><G115/><T43/><D16/><U59/><E135/><V99/><F99/><W102/><G128/><T19/><D19/><U39/><E114/><V5/><F71/><W111/><G134/><T85/><D73/><U23/><E86/><V41/><F65/><W78/><G105/><T110/><D110/><N who="3" m="41993" /><G30/><T21/><D21/><U63/><E63/><V12/><F0/><W124/><G31/><T75/><D75/><U87/><E87/><V91/><F91/><W25/><G25/><T34/><D34/><U15/><E97/><V79/><F79/><W18/><G18/><T101/><D101/><N who="3" m="39017" /><G78/><N who="0" m="46327" /><D44/><U74/><E74/><V68/><F35/><W42/><G124/><T80/><D80/><U77/><E77/><V8/><F68/><W20/><G20/><T89/><D89/><U132/><E23/><V84/><F27/><W117/><G117/><T66/><D43/><U36/><E132/><V121/><F121/><W106/><G106/><T72/><D72/><U112/><E112/><V90/><F6/><W24/><G24/><T76/><D76/><U70/><E40/><V3/><F3/><N who="3" m="383" /><G42/><T28/><D29/><U9/><E2/><V54/><F54/><AGARI ba="1,0" hai="48,54,56,81,82" m="383,39017,41993" machi="54" ten="30,2000,0" yaku="14,1,52,1" doraHai="50" who="3" fromWho="2" sc="190,0,420,0,200,-23,190,23" /><AGARI ba="1,0" hai="26,28,33,54,55,58,60,66" m="46327,48138" machi="54" ten="30,3900,0" yaku="18,1,52,2" doraHai="50" who="0" fromWho="2" sc="190,39,420,0,177,-39,213,0" /><INIT seed="2,0,0,3,0,59" ten="229,420,138,213" oya="2" hai0="135,121,133,75,44,32,73,66,24,36,86,119,120" hai1="22,83,21,65,125,6,10,115,18,84,62,39,109" hai2="129,20,96,31,64,0,47,123,50,107,63,40,95" hai3="70,88,19,93,41,118,131,106,111,68,33,102,54"/><V90/><F123/><W87/><G118/><T85/><D66/><U3/><E109/><V56/><F0/><W74/><G111/><T113/><D113/><U105/><E125/><V30/><F129/><W8/><G131/><T127/><D119/><U5/><E105/><V82/><F107/><W52/><G33/><T25/><D44/><U110/><E110/><V91/><REACH who="2" step="1"/><F20/><REACH who="2" ten="229,420,128,213" step="2"/><W28/><G106/><T67/><D121/><U126/><E22/><V98/><F98/><W46/><G74/><T103/><D120/><U79/><E21/><V15/><F15/><W58/><G70/><T117/><D117/><U16/><E3/><V45/><F45/><W43/><G68/><T132/><D73/><U94/><E115/><V72/><F72/><W55/><G46/><T1/><D1/><U92/><E126/><V80/><F80/><W108/><G108/><T37/><D75/><U53/><E83/><V77/><F77/><W48/><G58/><T35/><D127/><U97/><E79/><V38/><F38/><W29/><G48/><T104/><D104/><U51/><E97/><V78/><F78/><W100/><G28/><T99/><D99/><U116/><E51/><V128/><F128/><W12/><G29/><T57/><D57/><U124/><E39/><V71/><F71/><W4/><G19/><T60/><D36/><U49/><E49/><V76/><F76/><W130/><G130/><T112/><D37/><U9/><E124/><V101/><F101/><AGARI ba="0,1" hai="4,8,12,41,43,52,54,55,87,88,93,100,101,102" machi="101" ten="40,5200,0" yaku="8,1,54,2" doraHai="59" who="3" fromWho="2" sc="229,0,420,0,128,-52,213,62" /><INIT seed="3,0,0,2,0,110" ten="229,420,76,275" oya="3" hai0="75,1,82,3,60,49,96,69,46,98,5,126,67" hai1="127,4,72,51,124,133,26,94,79,23,34,114,47" hai2="36,17,135,99,95,84,112,22,40,8,117,100,7" hai3="18,52,123,56,15,78,130,120,86,53,11,63,57"/><W121/><G130/><T50/><D126/><N who="1" m="48171" /><E114/><V62/><F117/><W58/><G78/><T65/><D60/><U24/><E4/><V89/><F135/><W35/><G35/><T71/><D82/><N who="1" m="45415" /><E34/><V77/><F62/><W101/><G101/><T107/><D5/><U83/><E83/><V2/><F40/><W108/><G108/><T116/><D46/><U70/><E70/><V105/><F36/><W97/><G97/><T9/><D9/><U122/><E133/><V125/><F125/><W14/><G86/><T30/><D75/><U80/><E80/><V132/><F132/><W134/><G134/><T106/><REACH who="0" step="1"/><D30/><REACH who="0" ten="219,420,76,275" step="2"/><U19/><E122/><V68/><F68/><W29/><G29/><T73/><D73/><U32/><E94/><V39/><F39/><W0/><G0/><T103/><D103/><U55/><E32/><V119/><F119/><AGARI ba="0,1" hai="1,3,49,50,65,67,69,71,96,98,106,107,116,119" machi="119" ten="25,3200,0" yaku="1,1,22,2,53,0" doraHai="110" doraHaiUra="37" who="0" fromWho="2" sc="219,42,420,0,76,-32,275,0" owari="261,-13.9,420,52.0,44,-45.6,275,7.5" /></mjloggm>