<mjloggm ver="2.3"><GO type="225" lobby="0"/><UN n0="%E5%8F%AF%E5%85%90%E9%82%A3%E7%94%B1%E5%A4%9A" n1="%72%61%6B%33" n2="%30%2E%31%32%30" n3="%E3%82%A2%E3%82%A4%E3%82%B9%E3%83%86%E3%82%A3%E3%83%BC%E3%81%82%E3%81%B9" dan="16,17,16,16" rate="2185.94,2163.42,2151.42,2080.65" sx="F,M,M,M"/><TAIKYOKU oya="0"/><INIT seed="0,0,0,4,5,26" ten="250,250,250,250" oya="0" hai0="79,121,119,118,110,78,32,10,70,17,109,45,9" hai1="64,134,43,23,112,63,114,94,106,80,48,58,81" hai2="62,86,44,5,67,133,35,95,72,61,29,90,93" hai3="84,6,120,66,60,128,16,126,12,54,73,127,115"/><T46/><D121/><U96/><E106/><V88/><F72/><W13/><G73/><T36/><D70/><U71/><E134/><V15/><F133/><W59/><G115/><N who="1" m="44074" /><E23/><V52/><F35/><W74/><G74/><T99/><D32/><U8/><E8/><N who="2" m="4495" /><F67/><W103/><G120/><T69/><D69/><U124/><E124/><N who="3" m="47658" /><G103/><T27/><D99/><U25/><E25/><V116/><F116/><W28/><G28/><T98/><D98/><U68/><E68/><V14/><F14/><W108/><G108/><N who="0" m="41579" /><D27/><U19/><E19/><V11/><F11/><N who="0" m="4106" /><D17/><U111/><E111/><V122/><F29/><W18/><G6/><T38/><D46/><N who="1" m="25695" /><E71/><V21/><F21/><N who="3" m="11399" /><G128/><T65/><D65/><U77/><E77/><N who="0" m="29193" /><D45/><U105/><E105/><V39/><F122/><W82/><G18/><T22/><D22/><U97/><E97/><V83/><F44/><W57/><G13/><T34/><D34/><U135/><E135/><V24/><F24/><W47/><G47/><T30/><D30/><U107/><E107/><V51/><F86/><W7/><G7/><T101/><D101/><AGARI ba="0,0" hai="58,63,64,80,81,94,96,101" m="25695,44074" machi="101" ten="30,1000,0" yaku="11,1" doraHai="26" who="1" fromWho="0" sc="250,-10,250,10,250,0,250,0" /><INIT seed="1,0,0,4,1,35" ten="240,260,250,250" oya="1" hai0="23,82,121,15,126,34,42,62,49,20,24,96,132" hai1="28,1,113,78,84,12,114,38,6,31,18,47,103" hai2="66,40,123,44,33,111,106,73,86,59,7,61,133" hai3="8,45,90,81,51,112,43,79,16,54,39,134,105"/><U5/><E103/><V41/><F73/><W13/><G134/><T32/><D132/><U80/><E28/><V120/><F106/><W50/><G105/><T94/><D126/><U116/><E31/><V122/><F133/><W101/><G101/><T2/><D121/><U55/><E116/><V119/><F119/><W3/><G112/><T46/><D2/><U29/><E29/><V76/><F33/><W107/><G107/><T117/><D117/><U63/><E63/><V57/><F111/><W77/><G39/><T100/><D15/><U74/><E84/><V52/><F7/><W53/><G3/><T4/><D4/><U27/><E27/><V91/><F76/><W67/><G67/><T88/><D20/><U85/><E85/><V68/><F91/><W25/><G25/><T127/><D127/><U125/><E125/><V70/><F86/><N who="3" m="50511" /><G43/><N who="2" m="16457" /><F44/><AGARI ba="0,0" hai="8,13,16,44,45,50,51,53,54,77,79" m="50511" machi="44" ten="30,3900,0" yaku="25,1,8,1,54,1" doraHai="35" who="3" fromWho="2" sc="240,0,260,0,250,-39,250,39" /><INIT seed="2,0,0,2,3,64" ten="240,260,211,289" oya="2" hai0="61,87,26,134,105,102,51,94,118,7,129,98,65" hai1="32,49,132,90,68,53,43,92,103,128,76,130,22" hai2="40,1,38,18,116,124,46,20,67,27,42,17,104" hai3="108,71,63,58,41,52,10,133,131,24,121,100,112"/><V34/><F116/><W79/><G121/><T106/><D118/><U35/><E132/><V23/><F124/><W15/><G133/><T127/><D134/><U29/><E103/><V8/><F34/><W50/><G108/><T96/><D127/><U57/><E76/><V2/><F42/><W33/><G131/><T16/><D129/><N who="1" m="49771" /><E43/><V117/><F117/><W120/><G120/><T83/><D7/><U135/><E68/><V59/><F8/><W31/><G79/><T122/><D122/><U13/><E135/><V12/><REACH who="2" step="1"/><F104/><REACH who="2" ten="240,260,201,289" step="2"/><W125/><G125/><T81/><D106/><U114/><E32/><V82/><F82/><W74/><G41/><T9/><D9/><U14/><E35/><V55/><F55/><W77/><G52/><T62/><D83/><U37/><E37/><V47/><F47/><W60/><G33/><T86/><D81/><U73/><E114/><V123/><F123/><W6/><G10/><T95/><D105/><U4/><E53/><V107/><F107/><W66/><G112/><T75/><D75/><U30/><E73/><V78/><F78/><W5/><G77/><T39/><D39/><U115/><E115/><V72/><F72/><W44/><G44/><T111/><D111/><U99/><E22/><V119/><F119/><W70/><G74/><T36/><D36/><U80/><E80/><V109/><F109/><W88/><G5/><T3/><D3/><U89/><E4/><V97/><F97/><W48/><G6/><T25/><D98/><U85/><E99/><V91/><F91/><W0/><G88/><N who="0" m="53535" /><D96/><U54/><E90/><RYUUKYOKU ba="0,1" sc="240,-15,260,15,201,15,289,-15" hai1="13,14,29,30,49,54,57,85,89,92" hai2="1,2,12,17,18,20,23,27,38,40,46,59,67" /><INIT seed="2,1,1,5,2,10" ten="225,275,216,274" oya="2" hai0="111,37,93,35,54,103,59,61,85,15,66,1,49" hai1="112,55,23,117,77,8,113,41,101,133,131,29,127" hai2="74,71,128,36,22,13,95,14,97,48,5,96,28" hai3="105,91,38,82,102,75,18,119,4,63,43,44,94"/><V135/><F36/><W84/><G119/><T39/><D1/><U134/><E41/><V98/><F71/><W31/><G31/><T25/><D111/><U65/><E65/><V42/><F74/><W124/><G124/><T110/><D110/><U88/><E101/><V53/><F135/><W73/><G4/><T56/><D35/><U2/><E77/><V89/><F128/><W99/><G63/><T19/><D25/><N who="1" m="16575" /><E117/><V123/><F123/><W114/><G114/><T16/><D19/><U51/><E127/><V121/><F42/><W9/><G9/><T24/><D24/><U87/><E8/><N who="2" m="4239" /><F121/><W100/><G18/><T79/><D79/><U115/><E2/><V69/><F69/><W118/><G118/><T86/><D86/><U58/><E131/><V40/><F40/><W67/><G67/><T34/><D34/><U26/><E26/><N who="2" m="16471" /><F14/><W72/><REACH who="3" step="1"/><G102/><REACH who="3" ten="225,275,216,264" step="2"/><T125/><D125/><U52/><E115/><V92/><F92/><AGARI ba="1,2" hai="38,43,44,72,73,75,82,84,91,92,94,99,100,105" machi="92" ten="40,5200,0" yaku="1,1,2,1,53,1" doraHai="10" doraHaiUra="68" who="3" fromWho="2" sc="225,0,275,0,216,-55,264,75" /><INIT seed="3,0,0,3,2,9" ten="225,275,161,339" oya="3" hai0="34,0,49,123,32,100,129,8,70,67,40,96,89" hai1="11,46,75,12,19,14,128,3,2,88,118,63,126" hai2="74,50,125,120,132,64,71,36,53,87,92,60,121" hai3="37,66,69,33,113,114,58,59,7,4,76,43,48"/><W77/><G33/><T10/><D123/><N who="2" m="47178" /><F87/><W51/><G66/><T56/><D89/><U134/><E75/><V103/><F92/><W41/><G37/><T62/><D10/><U109/><E109/><V78/><F103/><W29/><G29/><T23/><D23/><U115/><E115/><V111/><F78/><W86/><G86/><T6/><D129/><U94/><E128/><V65/><F74/><W133/><G69/><T122/><D122/><U91/><E118/><V55/><F36/><W25/><G25/><T135/><D135/><AGARI ba="0,0" hai="4,7,41,43,48,51,58,59,76,77,113,114,133,135" machi="135" ten="25,2400,0" yaku="22,2" doraHai="9" who="3" fromWho="0" sc="225,-24,275,0,161,0,339,24" owari="201,-19.9,275,7.5,161,-33.9,363,46.3" /></mjloggm>