<mjloggm ver="2.3"><GO type="225" lobby="0"/><UN n0="%E3%81%BE%E3%81%A8%E3%81%9F" n1="%E3%81%8B%E3%82%8F%E3%81%A1%E3%82%83%E3%82%93%35%38" n2="%74%61%6B%75%61%6B%61" n3="%E3%81%A8%E3%82%93%E3%81%A8%E3%81%93%E3%81%A8%E3%82%93" dan="16,17,16,16" rate="2067.42,2151.80,2118.25,2121.31" sx="M,M,M,M"/><TAIKYOKU oya="0"/><INIT seed="0,0,0,5,2,2" ten="250,250,250,250" oya="0" hai0="7,81,42,99,41,48,19,98,13,108,66,22,130" hai1="32,131,91,89,125,63,10,47,122,104,94,116,37" hai2="27,115,119,135,52,128,44,78,59,97,62,70,86" hai3="100,3,38,33,112,113,69,110,35,120,60,25,40"/><T71/><D130/><U17/><E116/><V73/><F115/><W72/><G110/><T83/><D108/><U15/><E122/><V129/><F135/><W11/><G72/><T126/><D126/><U9/><E104/><V107/><F73/><W46/><G100/><T4/><D66/><U54/><E32/><N who="3" m="12362" /><G25/><T16/><D71/><U133/><E133/><V43/><F70/><W28/><G28/><T61/><D61/><U23/><E125/><V14/><F27/><W57/><G57/><T34/><D34/><U101/><E131/><N who="2" m="50251" /><F14/><W64/><G120/><T132/><D132/><U124/><E124/><V24/><F24/><W65/><G64/><T6/><D19/><U114/><E37/><N who="2" m="21615" /><F119/><W92/><G92/><T50/><D41/><U21/><E114/><V90/><F78/><W58/><G58/><T127/><D127/><U79/><E79/><V82/><F107/><W118/><G118/><T51/><D42/><U20/><E47/><V103/><F103/><W93/><G93/><T134/><D134/><U109/><E109/><V31/><F31/><W87/><G87/><T67/><D67/><U49/><E101/><V5/><F97/><AGARI ba="0,0" hai="4,6,7,13,16,22,48,50,51,81,83,97,98,99" machi="97" ten="40,12000,1" yaku="8,1,52,3,54,1" doraHai="2" who="0" fromWho="2" sc="250,120,250,0,250,-120,250,0" /><INIT seed="0,1,0,5,5,25" ten="370,250,130,250" oya="0" hai0="99,44,34,64,127,119,133,131,45,76,124,68,38" hai1="81,129,21,107,19,123,31,115,56,103,10,130,113" hai2="85,7,94,0,5,106,1,16,110,71,43,70,89" hai3="30,8,22,77,126,17,97,90,46,117,121,53,104"/><T40/><D76/><U57/><E123/><V134/><F110/><W14/><G117/><T29/><D119/><U72/><E10/><V109/><F109/><W100/><G126/><N who="0" m="48171" /><D99/><N who="1" m="61951" /><E81/><V108/><F108/><W12/><G121/><T61/><D34/><U114/><E72/><V95/><F106/><W92/><G77/><T135/><D29/><U27/><E19/><V101/><F43/><W87/><G30/><T111/><D111/><U33/><E33/><V112/><F112/><N who="1" m="28673" /><U86/><DORA hai="96" /><E86/><V125/><F125/><W2/><G2/><T51/><D131/><AGARI ba="1,0" hai="21,27,31,56,57,129,130,131" m="28673,61951" machi="131" ten="40,8000,1" yaku="19,1,11,1,52,2" doraHai="25,96" who="1" fromWho="0" sc="370,-83,250,83,130,0,250,0" /><INIT seed="1,0,0,0,0,108" ten="287,333,130,250" oya="1" hai0="101,17,117,44,114,121,100,32,0,49,42,54,74" hai1="28,25,3,2,75,46,66,135,132,21,56,80,8" hai2="123,15,71,113,51,99,64,107,90,27,19,131,37" hai3="116,20,105,36,50,65,11,129,98,6,24,63,68"/><U33/><E46/><V112/><F123/><W124/><G36/><T5/><D32/><U126/><E66/><V133/><F37/><W109/><G109/><T70/><D117/><U104/><E104/><V59/><F131/><W18/><G129/><T67/><D121/><U72/><E56/><V94/><F133/><N who="1" m="51273" /><E80/><V95/><F107/><W13/><G124/><T120/><D74/><U102/><E102/><V48/><F27/><W97/><G116/><T61/><D120/><U134/><E75/><V52/><F48/><W89/><G105/><T119/><D119/><U106/><E106/><V85/><F64/><W4/><G4/><T53/><D17/><U38/><E38/><V29/><F29/><W7/><G6/><T58/><D54/><U86/><E86/><V39/><F71/><W79/><G79/><T125/><D125/><U43/><E43/><V45/><F45/><W84/><REACH who="3" step="1"/><G50/><REACH who="3" ten="287,333,130,240" step="2"/><T111/><D111/><U31/><E126/><V26/><F39/><W16/><G16/><T115/><D5/><U69/><E134/><V73/><F73/><W60/><G60/><T118/><D118/><U92/><E72/><V9/><REACH who="2" step="1"/><F26/><REACH who="2" ten="287,333,120,240" step="2"/><W57/><G57/><T1/><D58/><U76/><E25/><V88/><AGARI ba="0,2" hai="9,15,19,51,52,59,85,88,90,94,95,99,112,113" machi="88" ten="30,16000,3" yaku="1,1,2,1,0,1,52,2,54,2,53,1" doraHai="108" doraHaiUra="93" who="2" fromWho="2" sc="287,-40,333,-80,120,180,240,-40" /><INIT seed="2,0,0,3,2,103" ten="247,253,300,200" oya="2" hai0="66,26,96,91,135,8,7,50,1,16,112,63,6" hai1="31,10,23,56,67,29,5,121,2,15,84,35,104" hai2="75,125,44,34,38,47,12,57,89,133,113,69,87" hai3="0,110,28,102,9,52,108,82,36,58,117,62,48"/><V59/><F75/><W118/><G28/><T49/><D112/><U39/><E39/><V120/><F120/><W99/><G82/><T95/><D135/><U80/><E121/><V106/><F34/><W88/><G36/><T127/><D127/><U81/><E104/><V114/><F69/><W68/><G0/><T76/><D76/><U86/><E35/><V94/><F133/><W85/><G9/><T123/><D123/><U25/><E31/><V90/><F125/><W20/><G20/><T53/><D7/><U98/><E98/><V92/><F38/><W70/><G70/><T22/><REACH who="0" step="1"/><D53/><REACH who="0" ten="237,253,300,200" step="2"/><U11/><E5/><V111/><F113/><W32/><G118/><T40/><D40/><U77/><E2/><V60/><F114/><W4/><G117/><T71/><AGARI ba="0,1" hai="1,6,8,16,22,26,49,50,63,66,71,91,95,96" machi="71" ten="20,5200,0" yaku="1,1,0,1,7,1,54,1,53,0" doraHai="103" doraHaiUra="74" who="0" fromWho="0" sc="237,62,253,-13,300,-26,200,-13" /><INIT seed="3,0,0,4,0,89" ten="299,240,274,187" oya="3" hai0="37,65,88,33,72,2,63,53,111,80,40,15,4" hai1="18,102,43,56,27,59,5,17,34,21,45,6,115" hai2="97,7,81,85,54,31,101,55,67,10,82,38,132" hai3="128,28,77,47,87,51,62,120,110,30,1,69,52"/><W92/><G120/><T73/><D33/><U13/><E115/><V127/><F38/><W25/><G1/><T134/><D53/><U64/><E34/><V22/><F127/><W94/><G128/><T114/><D15/><U58/><E64/><V96/><F132/><W86/><G110/><T126/><D134/><U35/><E102/><V68/><F68/><W103/><G103/><T135/><D88/><U105/><E105/><V19/><F31/><N who="3" m="11819" /><G69/><N who="0" m="42175" /><D73/><U20/><REACH who="1" step="1"/><E35/><REACH who="1" ten="299,230,274,187" step="2"/><V49/><F67/><W24/><G62/><T9/><D114/><U11/><E11/><V91/><F101/><W133/><G133/><T122/><D135/><U112/><E112/><V123/><F123/><W66/><G66/><T117/><D122/><U100/><E100/><V70/><F70/><W84/><G77/><N who="0" m="44071" /><D126/><U108/><E108/><V60/><F10/><W109/><G109/><T50/><D111/><U16/><E16/><V57/><F7/><W104/><G104/><T29/><D29/><U42/><E42/><V61/><F54/><W32/><G32/><T14/><D4/><U93/><E93/><AGARI ba="0,1" hai="24,25,47,51,52,84,86,87,92,93,94" m="11819" machi="93" ten="30,12000,1" yaku="8,1,52,3,54,1" doraHai="89" who="3" fromWho="1" sc="299,0,230,-120,274,0,187,130" owari="299,9.9,110,-39.0,274,-12.6,317,41.7" /></mjloggm>