<mjloggm ver="2.3"><GO type="225" lobby="0"/><UN n0="%E6%A1%9C%E8%8A%B1%E9%96%83%E3%80%85" n1="%E5%B8%86%E7%AB%8B%E5%A4%8F%E8%A1%A3" n2="%E3%83%81%E3%83%AF%E3%83%AF%E9%9A%8A%E9%95%B7" n3="%E6%81%A5%E6%99%92%E3%81%97" dan="17,17,16,16" rate="2199.48,2205.71,2111.41,2171.80" sx="M,M,M,M"/><TAIKYOKU oya="0"/><INIT seed="0,0,0,4,3,114" ten="250,250,250,250" oya="0" hai0="4,46,75,35,120,67,83,30,85,86,36,55,6" hai1="73,105,78,128,102,8,12,91,92,63,18,34,109" hai2="17,11,49,70,130,57,74,119,41,116,127,72,122" hai3="39,9,82,89,22,42,29,126,84,24,69,79,80"/><T108/><D120/><U124/><E109/><V93/><F70/><W90/><G126/><T117/><D67/><U32/><E128/><V45/><F122/><W76/><G69/><T131/><D131/><U23/><E124/><V54/><F130/><W51/><G39/><T38/><D75/><U68/><E105/><V133/><F127/><W104/><G104/><T2/><D86/><U61/><E102/><V106/><F106/><W40/><G9/><T59/><D117/><N who="2" m="45130" /><F133/><W64/><G64/><T95/><D95/><U129/><E129/><V52/><F93/><W3/><G3/><T33/><D46/><U37/><E37/><N who="2" m="21679" /><F54/><W10/><G10/><T87/><D55/><U60/><E68/><V20/><F11/><W94/><G94/><T5/><D108/><U16/><E73/><V56/><F56/><W1/><G42/><T134/><D59/><U15/><REACH who="1" step="1"/><E78/><REACH who="1" ten="250,240,250,250" step="2"/><V21/><F21/><W27/><G22/><T113/><D134/><U53/><E53/><V50/><F50/><W101/><G51/><T99/><D36/><U112/><E112/><V100/><F100/><W96/><G101/><T81/><D38/><U97/><AGARI ba="0,1" hai="8,12,15,16,18,23,32,34,60,61,63,91,92,97" machi="97" ten="30,4000,0" yaku="1,1,0,1,54,1,53,0" doraHai="114" doraHaiUra="0" who="1" fromWho="1" sc="250,-20,240,50,250,-10,250,-10" /><INIT seed="1,0,0,1,3,19" ten="230,290,240,240" oya="1" hai0="24,81,21,84,91,89,112,55,59,111,65,56,105" hai1="128,69,32,76,23,2,41,116,97,7,8,20,9" hai2="15,88,49,85,13,126,16,130,132,86,99,27,108" hai3="113,1,6,104,96,74,64,75,36,107,0,62,51"/><U10/><E69/><V60/><F126/><W120/><G113/><T25/><D112/><U67/><E67/><V57/><F130/><W3/><G120/><T95/><D111/><U102/><E32/><V50/><F108/><W125/><G51/><N who="2" m="19465" /><F132/><W135/><G135/><T117/><D105/><N who="3" m="40521" /><G96/><T83/><D117/><U4/><E116/><V66/><F99/><W103/><G103/><T87/><D65/><U82/><E128/><V101/><F101/><W98/><G98/><T5/><D5/><N who="1" m="2123" /><E41/><V61/><F61/><W90/><G90/><T100/><D100/><U106/><E106/><V38/><F38/><W34/><G125/><T93/><D55/><U45/><E45/><V73/><F73/><N who="3" m="27659" /><G36/><T42/><D42/><U71/><E2/><V131/><F131/><W35/><G6/><T63/><D63/><U118/><E71/><AGARI ba="0,0" hai="0,1,3,34,35,62,64,71" m="27659,40521" machi="71" ten="40,2600,0" yaku="33,2" doraHai="19" who="3" fromWho="1" sc="230,0,290,-26,240,0,240,26" /><INIT seed="2,0,0,0,1,90" ten="230,264,240,266" oya="2" hai0="77,51,12,41,39,133,80,87,89,44,100,79,105" hai1="101,60,63,8,70,102,125,20,86,95,118,31,22" hai2="11,1,29,56,69,107,68,19,103,117,92,48,96" hai3="82,97,123,115,126,104,27,42,62,94,131,75,88"/><V124/><F117/><W26/><G123/><T130/><D130/><U127/><E70/><V84/><F124/><N who="1" m="47689" /><E118/><V58/><F29/><W121/><G121/><T114/><D114/><U13/><E86/><V30/><F30/><W23/><G126/><T134/><D12/><U76/><E76/><V32/><F32/><W111/><G111/><T33/><D33/><U50/><E50/><V49/><F49/><W43/><G131/><T18/><D18/><U15/><E15/><V46/><F68/><W120/><G120/><T59/><D59/><U2/><E2/><V55/><F69/><W47/><G115/><T3/><D3/><U61/><E31/><V6/><REACH who="2" step="1"/><F19/><REACH who="2" ten="230,264,230,266" step="2"/><W52/><G27/><T54/><D39/><U71/><E71/><V106/><F106/><W113/><G104/><T73/><D41/><U99/><E102/><V0/><F0/><W78/><G113/><T72/><D100/><U132/><E132/><N who="0" m="50793" /><D105/><U83/><E83/><V10/><F10/><W40/><G26/><T9/><D9/><U108/><E108/><V112/><F112/><W7/><G23/><T38/><D38/><U53/><E22/><V16/><F16/><W74/><G43/><T110/><D110/><U24/><E20/><V98/><F98/><W37/><G42/><T116/><D116/><U129/><E24/><V35/><F35/><W57/><G7/><T64/><D80/><U67/><E129/><V109/><F109/><W85/><AGARI ba="0,1" hai="37,40,47,52,57,62,74,75,78,82,85,88,94,97" machi="85" ten="20,8000,1" yaku="0,1,7,1,52,1,54,2" doraHai="90" who="3" fromWho="3" sc="230,-20,264,-20,230,-40,266,90" /><INIT seed="3,0,0,4,5,24" ten="210,244,190,356" oya="3" hai0="1,135,7,45,134,92,124,21,59,66,87,20,110" hai1="68,116,38,85,84,119,125,17,34,107,96,105,126" hai2="40,98,101,63,117,5,39,16,113,123,10,32,51" hai3="88,65,53,62,23,112,102,121,132,11,58,35,133"/><W91/><G112/><T115/><D115/><U70/><E17/><V79/><F113/><W90/><G35/><T37/><D110/><U106/><E34/><V47/><F117/><N who="1" m="45129" /><E38/><V12/><F123/><W43/><G121/><T29/><D87/><N who="1" m="33355" /><E70/><V76/><F32/><W82/><G82/><T77/><D92/><U14/><E14/><V64/><F39/><W55/><G43/><N who="0" m="22767" /><D77/><U129/><E129/><V42/><F42/><W28/><G11/><N who="0" m="2543" /><D29/><U33/><E33/><V69/><REACH who="2" step="1"/><F5/><REACH who="2" ten="210,244,180,356" step="2"/><W52/><G132/><N who="0" m="50731" /><D124/><N who="1" m="47723" /><E68/><V27/><F27/><N who="3" m="16511" /><G133/><T111/><D111/><U18/><E18/><V2/><F2/><W103/><AGARI ba="0,1" hai="52,53,55,58,62,65,88,90,91,102,103" m="16511" machi="103" ten="40,12000,1" yaku="8,1,52,1,54,2" doraHai="24" who="3" fromWho="3" sc="210,-40,244,-40,180,-40,356,130" owari="170,-23.0,204,0.4,140,-36.0,486,58.6" /></mjloggm>