<mjloggm ver="2.3"><GO type="225" lobby="0"/><UN n0="%E8%BE%9B%E5%8F%A3%E3%82%AB%E3%83%AC%E3%83%BC%E3%83%A9%E3%82%A4%E3%82%B9" n1="%4C%4F%4C%49%54%41" n2="%E7%89%8C%E6%B5%81%E7%8A%B6%E6%85%8B%E9%BA%BB%E9%9B%80" n3="%E3%83%81%E3%83%83%E3%82%BF%E3%82%BD%E3%83%BC" dan="17,16,16,17" rate="2218.88,2171.53,2140.13,2173.16" sx="M,F,M,F"/><TAIKYOKU oya="0"/><INIT seed="0,0,0,3,3,124" ten="250,250,250,250" oya="0" hai0="119,64,95,112,32,82,10,48,115,2,125,11,86" hai1="127,70,120,88,20,102,37,54,9,104,8,43,130" hai2="118,62,74,84,83,101,126,73,57,51,35,98,134" hai3="94,25,16,50,6,5,123,49,106,111,21,87,133"/><T71/><D119/><U60/><E120/><V103/><F35/><W129/><G111/><T47/><D32/><U31/><E127/><V90/><F126/><W30/><G133/><T89/><D125/><U12/><E130/><V96/><F51/><N who="3" m="19467" /><G106/><T68/><D64/><U79/><E79/><V44/><F44/><W26/><G129/><T107/><D107/><U93/><E102/><N who="2" m="38923" /><F57/><W108/><G108/><T69/><D95/><U15/><E104/><V109/><F62/><W100/><G123/><T42/><REACH who="0" step="1"/><D2/><REACH who="0" ten="240,250,250,250" step="2"/><U117/><E117/><V55/><F118/><W67/><G67/><T122/><D122/><U128/><E93/><V116/><F116/><W97/><G87/><T17/><D17/><U33/><E33/><V53/><F109/><W52/><G30/><T114/><AGARI ba="0,1" hai="10,11,42,47,48,68,69,71,82,86,89,112,114,115" machi="114" ten="40,7800,0" yaku="1,1,0,1,53,1" doraHai="124" doraHaiUra="78" who="0" fromWho="0" sc="240,88,250,-26,250,-26,250,-26" /><INIT seed="0,1,0,5,4,10" ten="328,224,224,224" oya="0" hai0="83,130,8,69,132,129,110,48,107,52,90,70,60" hai1="131,114,11,79,66,127,103,1,91,16,13,6,14" hai2="133,92,95,64,94,59,34,24,26,106,73,104,49" hai3="56,121,17,23,5,80,20,9,86,2,40,65,134"/><T118/><D118/><U102/><E127/><V29/><F73/><W122/><G134/><T27/><D107/><U44/><E131/><N who="0" m="50185" /><D132/><U4/><E114/><V61/><F133/><W87/><G40/><T77/><D60/><U22/><E79/><V124/><F124/><W46/><G46/><N who="0" m="27671" /><D90/><U71/><E1/><V42/><F26/><W63/><G23/><T31/><D8/><U15/><E4/><V53/><REACH who="2" step="1"/><F42/><REACH who="2" ten="328,224,214,224" step="2"/><W68/><G68/><AGARI ba="1,1" hai="24,29,34,49,53,59,61,64,68,92,94,95,104,106" machi="68" ten="40,2600,0" yaku="1,1,2,1,53,0" doraHai="10" doraHaiUra="82" who="2" fromWho="3" sc="328,0,224,0,214,39,224,-29" /><INIT seed="1,0,0,2,2,128" ten="328,224,253,195" oya="1" hai0="2,85,101,37,108,34,17,93,81,4,80,104,62" hai1="40,42,31,6,77,16,36,38,64,130,68,124,75" hai2="30,11,43,44,46,95,27,111,7,120,84,110,107" hai3="78,102,39,13,54,98,87,60,97,92,76,25,0"/><U3/><E130/><V23/><F107/><W45/><G0/><T116/><D37/><U106/><E106/><V47/><F120/><W126/><G126/><T28/><D116/><U50/><E124/><V112/><F112/><W67/><G13/><T33/><D104/><U129/><E129/><V9/><F43/><W48/><G39/><T15/><D108/><N who="2" m="41514" /><F7/><W22/><G87/><T56/><D4/><U51/><E31/><V115/><F115/><W65/><G97/><T49/><D49/><N who="1" m="18443" /><E77/><V26/><F26/><W118/><G118/><T21/><D2/><U18/><E75/><V113/><F113/><W53/><G53/><T29/><D34/><U100/><E100/><V69/><F69/><W109/><G109/><T59/><D33/><U127/><E40/><V133/><F133/><W12/><G12/><T96/><D29/><U61/><E127/><V71/><F71/><W94/><G94/><T74/><D28/><U121/><E38/><V79/><F95/><W73/><G73/><T88/><REACH who="0" step="1"/><D62/><REACH who="0" ten="318,224,253,195" step="2"/><U52/><E36/><V89/><F79/><AGARI ba="0,1" hai="15,17,21,56,59,74,79,80,81,85,88,93,96,101" machi="79" ten="40,5200,0" yaku="1,1,2,1,54,1,53,0" doraHai="128" doraHaiUra="1" who="0" fromWho="2" sc="318,62,224,0,253,-52,195,0" /><INIT seed="2,0,0,3,5,77" ten="380,224,201,195" oya="2" hai0="33,68,125,98,73,122,87,131,0,17,70,130,108" hai1="65,66,11,133,97,67,45,38,21,18,101,10,110" hai2="88,103,16,115,99,92,57,69,83,39,109,85,44" hai3="93,74,30,120,116,112,126,27,75,8,106,105,29"/><V63/><F115/><W84/><G116/><T40/><D73/><N who="3" m="27657" /><G8/><T35/><D122/><U12/><E110/><V107/><F109/><W60/><G27/><T94/><D108/><U79/><E133/><V41/><F69/><W7/><G7/><T28/><D0/><U24/><E79/><V119/><F119/><W118/><G60/><T89/><D40/><U50/><E38/><V117/><F117/><W4/><G4/><T80/><D125/><U134/><E134/><V19/><F107/><N who="3" m="40971" /><G118/><T127/><D127/><U36/><E36/><V132/><F132/><W78/><G29/><T42/><D42/><N who="1" m="24887" /><E24/><V124/><F124/><W53/><G30/><T49/><D17/><U56/><E56/><V1/><F1/><W13/><G13/><T55/><D28/><U5/><E5/><V31/><F31/><W47/><G126/><T3/><D3/><U61/><E61/><V81/><REACH who="2" step="1"/><F81/><REACH who="2" ten="380,224,191,195" step="2"/><N who="3" m="47159" /><G112/><T104/><D70/><U32/><E32/><V22/><F22/><W52/><G120/><T20/><D68/><U123/><E123/><V129/><F129/><W86/><G47/><T46/><D20/><U90/><E21/><V26/><F26/><W114/><G114/><T100/><D33/><U37/><E12/><V82/><F82/><W135/><G135/><T59/><D35/><U54/><E10/><V15/><F15/><W128/><G128/><N who="0" m="49195" /><D46/><U111/><E111/><V58/><F58/><W14/><G14/><T95/><AGARI ba="0,1" hai="49,55,59,80,87,89,94,95,98,100,104" m="49195" machi="95" ten="30,2000,0" yaku="19,1,52,1" doraHai="77" who="0" fromWho="0" sc="380,30,224,-5,191,-10,195,-5" /><INIT seed="3,0,0,2,2,93" ten="410,219,181,190" oya="3" hai0="23,91,79,47,106,61,122,86,7,58,127,15,77" hai1="37,54,13,126,102,35,46,81,11,14,63,117,109" hai2="135,90,92,36,32,73,113,56,45,71,49,99,60" hai3="95,78,121,123,28,9,89,33,38,88,130,55,66"/><W27/><G130/><T44/><D106/><U115/><E35/><V111/><F113/><W80/><G38/><T16/><D122/><U96/><E115/><V69/><F32/><W59/><G66/><N who="0" m="39223" /><D7/><U75/><E109/><V104/><F111/><W134/><G134/><T83/><D127/><U4/><E126/><V43/><F73/><W131/><G131/><T51/><D47/><U48/><E117/><V82/><F135/><W98/><G89/><T26/><D26/><U50/><E63/><V42/><F82/><W12/><G55/><AGARI ba="0,0" hai="15,16,23,44,51,55,77,79,83,86,91" m="39223" machi="55" ten="30,2000,0" yaku="8,1,54,1" doraHai="93" who="0" fromWho="3" sc="410,20,219,0,181,0,190,-20" owari="430,53.0,219,1.9,181,-21.9,170,-33.0" /></mjloggm>