<mjloggm ver="2.3"><GO type="225" lobby="0"/><UN n0="%6D%75%75%73%61%6E%6D%75" n1="%E4%BF%BA%E3%81%A8%E5%A6%96%E5%A4%A2" n2="%E3%81%A4%E3%81%A3%E3%81%B1%E3%82%8A%E3%83%9D%E3%83%BC%E3%83%AB" n3="%E6%81%A5%E6%99%92%E3%81%97" dan="16,17,16,16" rate="2139.21,2166.91,2143.36,2091.15" sx="F,F,M,M"/><TAIKYOKU oya="0"/><INIT seed="0,0,0,4,1,34" ten="250,250,250,250" oya="0" hai0="15,18,32,95,51,42,65,108,70,12,5,133,94" hai1="66,112,107,105,99,130,74,103,58,127,134,121,59" hai2="101,22,106,67,85,27,91,61,29,55,16,113,8" hai3="111,63,24,0,120,77,19,89,128,114,48,118,116"/><T39/><D32/><U81/><E121/><V60/><F113/><W110/><G77/><T13/><D39/><U80/><E112/><V132/><F132/><W123/><G128/><T135/><D70/><U37/><E37/><V69/><F106/><W9/><G89/><T1/><D65/><U38/><E38/><V124/><F124/><W62/><G48/><T7/><D18/><U46/><E134/><N who="0" m="51209" /><D108/><N who="3" m="41513" /><G24/><T17/><D17/><U88/><E130/><V35/><F101/><W86/><G86/><T75/><D75/><U33/><E33/><V53/><F61/><N who="3" m="23051" /><G114/><T23/><D23/><U31/><E74/><V49/><F49/><W102/><G102/><T104/><D104/><U57/><E107/><V122/><F122/><N who="3" m="46635" /><G19/><T56/><D42/><U90/><E81/><V30/><F35/><W20/><G20/><T71/><D71/><U131/><E80/><V97/><F97/><W126/><G126/><T52/><D1/><U21/><E127/><V92/><REACH who="2" step="1"/><F30/><REACH who="2" ten="250,250,240,250" step="2"/><W72/><G72/><T2/><D2/><U54/><E131/><V43/><F43/><W26/><G26/><T76/><D76/><U73/><E73/><V78/><F78/><W119/><G118/><T115/><D115/><U82/><E105/><V4/><F4/><AGARI ba="0,1" hai="0,4,9,116,119" m="46635,23051,41513" machi="4" ten="40,5200,0" yaku="14,1,13,1,52,1" doraHai="34" who="3" fromWho="2" sc="250,0,250,0,240,-52,250,62" /><AGARI ba="0,0" hai="4,5,7,12,13,15,51,52,56,94,95" m="51209" machi="4" ten="30,2900,0" yaku="20,1,54,1" doraHai="34" who="0" fromWho="2" sc="250,29,250,0,188,-29,312,0" /><INIT seed="0,1,0,5,1,125" ten="279,250,159,312" oya="0" hai0="37,101,90,82,27,75,35,78,14,26,52,0,120" hai1="8,94,54,13,107,64,33,29,114,127,71,84,19" hai2="102,45,103,65,61,44,55,132,58,86,18,111,98" hai3="60,129,22,59,39,104,109,124,81,4,134,122,57"/><T50/><D120/><U95/><E127/><V123/><F123/><W43/><G122/><T67/><D0/><U74/><E107/><V92/><F111/><W36/><G124/><T49/><D37/><U3/><E74/><V79/><F132/><W126/><G126/><T96/><D67/><U97/><E114/><V128/><F103/><W106/><G109/><T89/><D49/><U88/><E3/><V118/><F118/><W48/><G4/><T63/><D63/><U70/><E64/><V23/><F128/><W85/><G134/><T115/><D14/><U46/><E29/><V121/><F121/><W47/><G39/><T12/><D12/><U34/><E34/><V80/><REACH who="2" step="1"/><F65/><REACH who="2" ten="279,250,149,312" step="2"/><W116/><G116/><T131/><D131/><U91/><REACH who="1" step="1"/><E33/><REACH who="1" ten="279,240,149,312" step="2"/><V1/><F1/><W72/><G129/><T56/><D35/><U20/><E20/><V76/><F76/><W2/><G22/><T93/><REACH who="0" step="1"/><D115/><REACH who="0" ten="269,240,149,312" step="2"/><U113/><E113/><V66/><F66/><W87/><G2/><T41/><D41/><U110/><E110/><V25/><AGARI ba="1,3" hai="18,23,25,44,45,55,58,61,79,80,86,92,98,102" machi="25" ten="20,5200,0" yaku="1,1,0,1,7,1,8,1,53,0" doraHai="125" doraHaiUra="68" who="2" fromWho="2" sc="269,-27,240,-14,149,85,312,-14" /><INIT seed="1,0,0,0,0,41" ten="242,226,234,298" oya="1" hai0="103,40,111,38,86,33,101,11,69,135,15,9,6" hai1="39,48,44,10,55,113,37,1,31,87,133,99,24" hai2="119,131,124,61,34,17,70,12,66,96,125,75,120" hai3="81,0,19,65,80,90,4,100,85,84,79,130,72"/><U98/><E113/><V62/><F120/><W50/><G130/><T8/><D33/><U60/><E133/><V21/><F119/><W116/><G116/><T43/><D69/><U20/><E60/><N who="2" m="40263" /><F131/><W91/><G100/><N who="0" m="38475" /><D38/><U104/><E104/><V22/><F34/><W88/><G65/><T51/><D111/><U18/><E87/><V109/><F109/><W118/><G118/><T122/><D135/><U76/><E76/><V95/><F75/><W36/><G36/><T45/><D122/><U29/><E39/><V94/><F22/><W115/><G115/><T35/><D35/><U46/><E1/><V129/><F129/><W127/><G127/><N who="2" m="48713" /><F95/><W28/><G28/><N who="1" m="10826" /><E37/><V102/><AGARI ba="0,0" hai="12,17,21,61,62,94,96,102" m="48713,40263" machi="102" ten="30,1100,0" yaku="18,1" doraHai="41" who="2" fromWho="2" sc="242,-3,226,-5,234,11,298,-3" /><INIT seed="2,0,0,0,0,24" ten="239,221,245,295" oya="2" hai0="27,80,60,49,16,6,7,54,75,56,55,116,62" hai1="132,2,100,93,37,51,74,36,40,111,32,73,50" hai2="76,126,125,120,70,104,29,15,131,90,10,22,108" hai3="122,20,67,5,11,103,84,91,77,71,117,4,26"/><V46/><F120/><W31/><G117/><T72/><D116/><U107/><E107/><V118/><F118/><W30/><G122/><T102/><D102/><U109/><E2/><V52/><F70/><W53/><G77/><T94/><D94/><U61/><E32/><V79/><F104/><W13/><G103/><T85/><D72/><N who="1" m="27755" /><E61/><V47/><F90/><W88/><G5/><T8/><D75/><U12/><E132/><V0/><F0/><W66/><G53/><T81/><D62/><U89/><E100/><V114/><F114/><W44/><G44/><N who="2" m="16937" /><F52/><N who="0" m="20010" /><D49/><N who="1" m="18443" /><E12/><V68/><F68/><W110/><G71/><T135/><D135/><U41/><E89/><N who="3" m="34378" /><G110/><N who="1" m="41994" /><E93/><V128/><F108/><W1/><G1/><T115/><D115/><U65/><E65/><N who="3" m="24586" /><G84/><T134/><D85/><U28/><E28/><AGARI ba="0,0" hai="4,11,13,20,26,28,30,31" m="24586,34378" machi="28" ten="30,8000,1" yaku="8,1,52,3,54,1" doraHai="24" who="3" fromWho="1" sc="239,0,221,-80,245,0,295,80" /><INIT seed="3,0,0,4,0,119" ten="239,141,245,375" oya="3" hai0="91,42,128,39,36,13,2,107,125,3,41,118,126" hai1="73,62,81,120,106,69,117,116,47,129,27,7,85" hai2="76,88,94,111,57,4,64,33,37,115,54,90,45" hai3="24,12,71,109,10,112,97,89,58,40,55,102,98"/><W48/><G112/><T60/><D118/><N who="1" m="45675" /><E73/><V50/><F115/><W29/><G109/><T114/><D114/><U110/><E110/><V122/><F33/><W74/><G71/><T16/><D107/><U6/><E106/><V99/><F111/><W92/><G40/><N who="0" m="15467" /><D91/><U31/><E47/><V103/><F4/><W93/><G74/><T51/><D51/><U66/><E129/><V87/><F37/><N who="0" m="14410" /><D60/><U38/><E38/><V15/><F15/><W133/><G133/><T83/><D83/><U28/><E7/><V135/><F135/><W68/><G68/><T131/><D13/><U96/><E96/><V63/><F76/><W35/><G12/><T9/><D9/><U75/><E6/><V113/><F113/><W34/><G10/><T30/><D30/><U26/><E75/><V18/><F90/><W124/><G35/><T80/><D80/><U52/><E28/><V25/><F88/><W70/><G89/><T20/><D20/><U121/><E31/><V134/><F134/><W32/><G29/><T14/><D131/><U65/><E65/><V123/><F87/><W21/><G32/><T8/><D128/><U44/><E26/><V56/><F45/><W61/><G24/><T105/><D105/><U130/><E130/><V5/><F5/><W79/><G98/><T104/><D104/><U67/><E67/><V46/><F46/><W100/><G97/><T17/><D17/><U22/><E22/><N who="2" m="13527" /><F64/><W59/><G34/><T132/><D132/><U72/><E27/><V11/><F11/><W86/><G21/><T78/><D78/><N who="1" m="46263" /><E72/><V53/><AGARI ba="0,0" hai="50,53,54,56,57,63,94,99,103,122,123" m="13527" machi="53" ten="30,4000,0" yaku="5,1,52,2" doraHai="119" who="2" fromWho="2" sc="239,-10,141,-10,245,40,375,-20" owari="229,-17.1,131,-36.9,285,8.5,355,45.5" /></mjloggm>