<mjloggm ver="2.3"><GO type="225" lobby="0"/><UN n0="%E6%A1%9C%E8%8A%B1%E9%96%83%E3%80%85" n1="%E3%81%AE%E3%81%AA%E3%82%81%E3%83%BC%E3%82%93" n2="%43%6F%66%66%65%65" n3="%E6%9D%B1%E9%A2%A8%E3%81%AE%E3%81%8D%E3%82%83%E3%81%B7%E3%81%95%E3%82%93" dan="16,16,16,17" rate="2141.46,2033.47,2098.04,2199.19" sx="M,M,F,M"/><TAIKYOKU oya="0"/><INIT seed="0,0,0,2,3,72" ten="250,250,250,250" oya="0" hai0="45,88,83,14,27,98,119,3,101,133,12,93,68" hai1="57,59,92,34,55,90,56,126,114,69,5,19,70" hai2="15,52,131,71,67,25,28,4,132,17,73,129,48" hai3="21,51,124,46,37,76,107,23,103,130,50,89,80"/><T134/><D119/><U9/><E34/><V42/><F132/><N who="0" m="50794" /><D3/><U105/><E105/><V108/><F108/><W30/><G37/><T13/><D68/><U32/><E126/><V1/><F42/><W128/><G124/><T2/><D2/><U112/><E32/><V122/><F122/><W78/><G103/><T65/><D65/><U63/><E19/><V77/><F4/><W110/><G107/><T82/><D27/><U116/><E116/><V33/><F1/><W96/><G110/><T111/><D111/><U22/><E22/><N who="3" m="8202" /><G30/><T60/><D60/><U44/><E63/><V58/><F67/><W8/><G8/><T40/><D101/><U18/><E70/><V26/><F71/><W38/><G38/><AGARI ba="0,0" hai="12,13,14,38,40,45,82,83,88,93,98" m="50794" machi="38" ten="30,2900,0" yaku="20,1,54,1" doraHai="72" who="0" fromWho="3" sc="250,29,250,0,250,0,250,-29" /><INIT seed="0,1,0,5,1,37" ten="279,250,250,221" oya="0" hai0="75,94,93,31,0,86,118,132,12,24,33,121,50" hai1="14,64,8,11,78,79,60,67,77,107,9,22,128" hai2="119,108,129,10,66,55,30,2,59,57,19,70,99" hai3="53,69,87,84,80,45,106,5,28,56,88,91,44"/><T82/><D118/><U126/><E107/><V34/><F70/><W20/><G106/><T72/><D121/><U7/><E126/><V25/><F108/><W58/><G69/><T40/><D0/><U6/><E128/><V16/><F129/><W4/><G28/><T74/><D132/><U96/><E96/><V38/><F38/><W43/><G20/><T71/><D12/><U97/><E97/><V15/><F119/><W134/><G134/><T48/><D71/><U135/><E135/><V90/><F2/><W98/><G98/><T27/><D27/><U3/><E60/><V62/><F99/><W47/><G43/><T113/><D113/><U124/><E124/><V92/><F92/><W17/><G17/><T1/><D1/><U123/><E123/><V103/><F90/><W117/><G117/><T120/><D120/><U65/><E3/><V95/><F95/><W101/><G101/><T68/><D50/><U42/><E42/><V61/><REACH who="2" step="1"/><F103/><REACH who="2" ten="279,250,240,221" step="2"/><W131/><G131/><T26/><D68/><U13/><E22/><V115/><F115/><W112/><G112/><T133/><D133/><U81/><E81/><V102/><F102/><W63/><G56/><T36/><D93/><AGARI ba="1,1" hai="4,5,44,45,47,53,58,63,80,84,87,88,91,93" machi="93" ten="40,2600,0" yaku="8,1,54,1" doraHai="37" who="3" fromWho="0" sc="279,-29,250,0,240,0,221,39" /><INIT seed="1,0,0,1,3,102" ten="250,250,240,260" oya="1" hai0="106,129,47,99,127,36,113,63,111,75,87,93,105" hai1="19,109,62,50,48,27,9,51,133,73,85,112,29" hai2="2,89,76,92,4,96,14,24,124,79,58,26,20" hai3="116,6,103,86,120,68,22,83,3,7,123,28,52"/><U101/><E112/><V42/><F2/><W53/><G68/><T135/><D113/><U43/><E73/><V38/><F124/><W46/><G116/><T126/><D75/><U33/><E133/><V11/><F38/><W107/><G28/><T18/><D135/><U66/><E109/><V13/><F42/><W118/><G22/><T90/><D111/><U37/><E101/><V56/><F14/><W12/><G118/><T17/><D63/><U80/><E37/><V88/><F89/><W74/><G74/><T35/><D35/><U95/><E95/><V5/><F5/><W71/><G71/><T32/><D32/><U77/><E43/><V114/><F24/><W108/><G108/><T97/><D129/><U34/><E34/><V64/><F114/><W78/><G3/><T21/><D47/><U41/><E41/><V117/><F117/><W115/><G115/><T125/><D36/><U94/><E94/><V70/><F70/><W110/><G110/><T55/><D55/><U130/><E130/><V81/><F64/><W31/><G31/><T134/><D134/><U59/><E19/><N who="0" m="7177" /><D21/><U67/><E67/><V25/><F25/><W23/><G46/><T45/><D45/><U82/><E9/><V131/><F131/><W84/><G23/><T119/><D119/><U30/><E30/><N who="2" m="17735" /><F81/><W49/><G83/><T15/><D15/><U61/><E82/><V60/><F60/><W132/><G12/><T54/><D54/><U39/><E62/><V1/><F1/><W104/><G132/><T98/><AGARI ba="0,0" hai="87,90,93,97,98,99,105,106,125,126,127" m="7177" machi="98" ten="40,5200,0" yaku="18,1,52,2" doraHai="102" who="0" fromWho="0" sc="250,52,250,-26,240,-13,260,-13" /><INIT seed="2,0,0,1,5,65" ten="302,224,227,247" oya="2" hai0="99,122,33,21,6,14,25,119,19,126,105,84,29" hai1="11,92,54,37,57,109,68,30,27,13,47,5,98" hai2="77,28,20,120,16,75,124,44,90,51,50,40,58" hai3="134,118,45,23,36,9,0,39,55,103,56,133,125"/><V127/><F120/><W102/><G23/><T74/><D74/><U104/><E109/><V135/><F28/><W79/><G79/><T69/><D122/><U93/><E68/><V35/><F35/><W101/><G118/><T66/><D119/><U107/><E47/><V108/><F135/><N who="3" m="51723" /><G45/><T80/><D126/><N who="2" m="48170" /><F108/><W8/><G125/><T100/><D6/><U67/><E67/><V12/><F90/><W4/><G8/><T114/><D114/><U78/><E78/><V7/><F7/><W113/><G113/><T34/><D34/><U106/><E37/><N who="2" m="21519" /><F58/><W95/><G95/><T43/><D43/><U86/><E86/><V49/><F77/><W2/><G2/><T63/><D84/><U130/><E130/><V52/><F75/><W89/><G89/><T112/><D112/><U111/><E111/><V87/><F87/><W131/><G131/><T31/><D31/><U10/><E10/><V42/><F42/><W70/><G70/><T83/><AGARI ba="0,0" hai="14,19,21,25,29,33,63,66,69,80,83,99,100,105" machi="83" ten="30,7900,0" yaku="0,1,25,2,52,1" doraHai="65" who="0" fromWho="0" sc="302,79,224,-20,227,-39,247,-20" /><INIT seed="3,0,0,5,4,104" ten="381,204,188,227" oya="3" hai0="5,134,90,26,118,79,50,21,128,54,7,57,119" hai1="121,41,20,18,112,40,61,48,80,42,78,10,101" hai2="126,0,89,106,98,124,83,87,39,75,69,116,132" hai3="29,96,59,16,1,2,102,65,92,64,60,55,28"/><W86/><G1/><T135/><D79/><U25/><E121/><V37/><F69/><W43/><G2/><T76/><D76/><U130/><E130/><V95/><F0/><W81/><G43/><T32/><D32/><U4/><E112/><V31/><F116/><N who="0" m="44586" /><D90/><U45/><E61/><V94/><F31/><N who="3" m="11851" /><G16/><N who="0" m="12583" /><D128/><U27/><E27/><V47/><F132/><AGARI ba="0,0" hai="5,7,50,54,57,132,134,135" m="12583,44586" machi="132" ten="30,2000,0" yaku="20,1,54,1" doraHai="104" who="0" fromWho="2" sc="381,20,204,0,188,-20,227,0" owari="401,50.1,204,-19.6,168,-33.2,227,2.7" /></mjloggm>