<mjloggm ver="2.3"><GO type="225" lobby="0"/><UN n0="%72%65%6E%6B%75%6E" n1="%E3%81%8B%E3%82%8F%E3%81%A1%E3%82%83%E3%82%93%35%38" n2="%E3%81%BE%E3%81%A8%E3%81%9F" n3="%E3%81%B5%E3%81%98%E3%81%8B%E3%81%A4" dan="17,16,16,16" rate="2225.02,2174.47,2122.77,2137.22" sx="M,M,M,M"/><TAIKYOKU oya="0"/><INIT seed="0,0,0,0,5,10" ten="250,250,250,250" oya="0" hai0="66,135,41,48,114,31,39,11,126,123,60,16,116" hai1="77,68,78,115,105,5,132,26,35,91,33,72,90" hai2="50,29,64,40,104,129,127,85,22,80,8,102,15" hai3="43,51,62,81,45,57,55,79,111,42,106,14,67"/><T3/><D114/><U134/><E26/><V18/><F129/><W133/><G106/><T96/><D116/><U6/><E105/><V30/><F127/><W44/><G133/><N who="1" m="51306" /><E72/><V84/><F64/><W56/><G111/><T2/><D39/><U25/><E25/><V17/><F102/><W94/><G94/><T37/><D37/><U73/><E73/><V69/><F69/><N who="3" m="42231" /><G81/><T93/><D31/><N who="2" m="11786" /><F104/><W36/><G79/><N who="1" m="30218" /><E68/><V63/><F63/><W125/><G14/><T12/><D126/><U61/><E61/><V4/><F80/><W75/><G75/><T117/><D117/><U108/><E108/><V19/><F22/><W74/><G74/><T38/><D38/><U20/><E20/><V65/><F65/><W110/><G125/><T99/><D135/><U121/><E121/><V13/><F13/><W120/><G120/><T107/><D107/><U128/><E128/><V58/><F40/><N who="3" m="22535" /><G110/><T122/><D122/><U53/><E53/><AGARI ba="0,0" hai="4,8,15,17,18,19,50,53,58,84,85" m="11786" machi="53" ten="30,2000,0" yaku="8,1,52,1" doraHai="10" who="2" fromWho="1" sc="250,0,250,-20,250,20,250,0" /><INIT seed="1,0,0,5,4,69" ten="250,230,270,250" oya="1" hai0="107,12,70,59,34,77,87,99,131,127,100,30,124" hai1="46,16,58,63,2,119,67,32,126,120,1,97,61" hai2="41,106,49,130,64,114,10,47,92,19,133,29,101" hai3="20,8,118,51,103,60,57,102,95,98,27,105,113"/><U123/><E119/><V85/><F130/><W55/><G118/><T42/><D131/><U108/><E32/><V65/><F133/><W91/><G113/><T3/><D3/><U62/><E62/><V14/><F114/><W22/><G105/><T71/><D42/><U36/><E126/><N who="0" m="48169" /><D59/><U45/><E97/><V81/><F106/><W125/><G125/><T40/><D40/><U84/><E84/><V109/><F109/><W104/><G104/><T31/><D12/><U79/><E79/><N who="2" m="46271" /><F29/><N who="0" m="10762" /><D34/><U112/><E112/><V7/><F7/><W76/><G76/><T80/><AGARI ba="0,0" hai="70,71,77,80,87,99,100,107" m="10762,48169" machi="80" ten="30,1100,0" yaku="18,1" doraHai="69" who="0" fromWho="0" sc="250,11,230,-5,270,-3,250,-3" /><INIT seed="2,0,0,1,2,6" ten="261,225,267,247" oya="2" hai0="30,1,57,63,76,133,17,110,93,19,102,124,90" hai1="101,50,78,127,61,64,103,28,112,83,99,122,79" hai2="49,69,37,3,111,66,10,92,120,73,60,22,82" hai3="87,45,18,134,71,80,125,39,25,9,89,54,94"/><V129/><F120/><W52/><G125/><T44/><D1/><U67/><E112/><V131/><F37/><W15/><G71/><T43/><D124/><U0/><E127/><V121/><F121/><W2/><G134/><T59/><D133/><U29/><E0/><V34/><F34/><W95/><G2/><T5/><D5/><U40/><E122/><V85/><F73/><W68/><G68/><T35/><D76/><U119/><E119/><V123/><F22/><N who="3" m="13527" /><G39/><T98/><D110/><U96/><E50/><V38/><F38/><W33/><G33/><T81/><D30/><U114/><E114/><V109/><F49/><N who="3" m="28719" /><G54/><N who="0" m="34231" /><D35/><U97/><E83/><V91/><F123/><W106/><G106/><T56/><D44/><U13/><E13/><V105/><F82/><W72/><G72/><T46/><D46/><U126/><E126/><V117/><F105/><W77/><G77/><N who="1" m="29194" /><E40/><V11/><F117/><W58/><G58/><N who="0" m="22059" /><D43/><U8/><E61/><V20/><F3/><W108/><G108/><N who="2" m="41545" /><F20/><W36/><G36/><T128/><D128/><AGARI ba="0,0" hai="10,11,60,66,69,85,91,92,128,129,131" m="41545" machi="128" ten="30,12000,1" yaku="19,1,14,1,10,1,52,2" doraHai="6" who="2" fromWho="0" sc="261,-120,225,0,267,120,247,0" /><INIT seed="2,1,0,1,5,73" ten="141,225,387,247" oya="2" hai0="59,49,131,110,10,44,27,98,109,46,72,92,1" hai1="19,133,21,104,107,14,119,117,125,66,53,116,40" hai2="101,24,11,71,86,74,56,114,60,75,111,132,45" hai3="54,93,61,94,90,68,25,52,35,33,62,70,124"/><V76/><F114/><W97/><G124/><T42/><D131/><U67/><E125/><V79/><F132/><W58/><G25/><T3/><D72/><U96/><E133/><V28/><F71/><W84/><G70/><T106/><D106/><U43/><E53/><V112/><F101/><W48/><G68/><T41/><D59/><U64/><REACH who="1" step="1"/><E96/><REACH who="1" ten="141,215,387,247" step="2"/><V88/><F112/><W38/><G54/><T16/><D109/><U127/><E127/><V129/><F129/><W31/><G35/><T2/><D110/><U36/><E36/><V30/><F111/><W37/><G38/><T63/><D63/><U77/><E77/><V105/><F76/><W65/><G37/><T118/><D118/><U103/><E103/><V82/><F79/><W22/><G33/><T51/><D27/><U6/><E6/><V12/><F60/><W78/><G78/><T108/><D108/><U87/><E87/><V20/><F74/><W50/><G65/><T8/><REACH who="0" step="1"/><D16/><REACH who="0" ten="131,215,387,247" step="2"/><U83/><E83/><V91/><F75/><W134/><G62/><T81/><D81/><U69/><E69/><V39/><F82/><W5/><G134/><T26/><D26/><U120/><E120/><V7/><F24/><N who="3" m="16791" /><G5/><T135/><D135/><U23/><E23/><V121/><F7/><W13/><G13/><T115/><D115/><U95/><E95/><V128/><F20/><W15/><G15/><T100/><AGARI ba="1,2" hai="1,2,3,8,10,41,42,44,46,49,51,92,98,100" machi="100" ten="30,7900,0" yaku="1,1,0,1,9,1,53,1" doraHai="73" doraHaiUra="89" who="0" fromWho="0" sc="131,102,215,-21,387,-40,247,-21" /><INIT seed="3,0,0,1,1,75" ten="233,194,347,226" oya="3" hai0="8,52,67,131,22,11,79,29,93,90,114,2,112" hai1="134,109,115,26,60,121,76,127,81,126,61,102,34" hai2="133,124,53,111,7,27,87,64,101,72,129,45,18" hai3="5,65,37,97,38,118,74,86,89,119,54,39,122"/><W84/><G122/><T98/><D131/><U130/><E121/><V68/><F72/><W73/><G65/><T132/><D132/><U100/><E34/><V21/><F111/><W9/><G54/><T78/><D67/><U1/><E1/><V94/><F68/><W30/><G30/><T36/><D36/><U95/><E26/><V55/><F7/><W80/><G97/><T135/><D135/><U99/><E134/><V125/><F133/><W92/><G74/><T104/><D104/><U16/><E115/><N who="0" m="44073" /><D52/><N who="2" m="20042" /><F45/><W41/><G41/><T12/><D2/><U44/><E44/><V128/><F64/><W19/><G19/><N who="0" m="8607" /><D8/><U88/><E109/><V48/><F48/><W107/><G73/><T108/><D108/><U83/><E130/><V0/><F0/><W46/><G46/><T15/><D15/><U62/><E16/><V116/><F116/><W32/><G107/><T85/><D98/><U110/><E110/><V103/><F101/><W40/><G40/><T33/><D33/><U42/><E42/><V28/><F103/><W117/><G32/><T105/><D105/><U6/><E6/><V14/><F128/><W120/><G120/><T47/><D47/><U66/><E66/><V82/><F129/><W69/><G69/><T63/><D63/><U31/><E31/><V123/><F28/><W4/><REACH who="3" step="1"/><G9/><REACH who="3" ten="233,194,347,216" step="2"/><T13/><D29/><U35/><E35/><V58/><F123/><W20/><G20/><T10/><D22/><U106/><E106/><V56/><F21/><W50/><G50/><T23/><D23/><U24/><E60/><V113/><F113/><RYUUKYOKU ba="0,1" sc="233,15,194,-15,347,-15,216,15" hai0="10,13,78,79,85,90,93" hai3="4,5,37,38,39,80,84,86,89,92,117,118,119" /><INIT seed="3,1,1,3,3,57" ten="248,179,332,231" oya="3" hai0="89,78,117,36,15,80,67,107,21,102,31,62,71" hai1="24,66,27,110,16,120,19,7,88,109,35,48,23" hai2="12,39,14,13,77,1,65,105,112,128,104,132,126" hai3="114,125,9,29,11,75,20,124,51,74,26,34,56"/><W2/><G114/><T32/><D117/><U119/><E48/><V64/><F112/><W116/><G116/><T123/><D89/><U50/><E119/><V4/><F126/><N who="3" m="48747" /><G51/><T38/><D123/><U0/><E50/><V30/><F128/><W97/><G97/><N who="0" m="61903" /><D15/><U115/><E66/><V28/><F1/><W63/><G2/><T100/><D21/><N who="1" m="13351" /><E115/><V61/><F4/><W72/><G34/><T73/><D100/><U60/><E60/><V91/><F39/><W134/><G134/><T52/><D52/><AGARI ba="1,1" hai="9,11,20,26,29,52,56,63,72,74,75" m="48747" machi="52" ten="40,7700,0" yaku="18,1,52,1,54,1" doraHai="57" who="3" fromWho="0" sc="248,-80,179,0,332,0,231,90" /><INIT seed="3,2,0,0,1,66" ten="168,179,332,321" oya="3" hai0="36,8,56,113,31,25,87,89,129,29,84,46,127" hai1="53,80,93,9,79,72,100,110,1,28,131,10,69" hai2="52,65,4,44,62,92,115,59,12,98,32,20,38" hai3="120,34,17,134,23,103,13,77,122,61,105,63,78"/><W91/><G34/><T106/><D106/><U112/><E28/><V101/><F32/><W119/><G119/><T99/><D127/><U57/><E1/><V15/><F115/><W116/><G116/><T7/><D113/><U132/><E112/><V48/><F4/><W117/><G117/><T71/><D71/><U55/><E69/><N who="2" m="42167" /><F20/><W6/><G134/><T135/><D135/><U102/><E132/><V90/><F101/><W126/><G126/><T133/><D133/><U19/><E102/><V94/><F94/><W35/><G35/><T27/><D56/><U39/><E93/><V33/><F33/><W64/><G6/><T49/><D36/><U16/><E39/><V76/><F76/><N who="3" m="29291" /><G63/><T109/><D109/><U22/><E100/><V45/><F45/><W75/><G75/><T60/><D60/><U81/><E110/><V95/><F95/><W68/><G91/><T111/><D111/><U26/><E80/><V2/><F2/><W125/><G125/><T83/><D99/><U130/><E81/><V70/><F70/><W85/><G85/><T124/><D87/><U82/><E82/><V97/><F97/><N who="3" m="61679" /><G122/><T96/><D96/><U108/><E108/><V37/><F37/><W114/><G114/><T51/><D124/><U107/><E107/><V5/><F5/><W40/><G120/><T58/><D58/><U50/><E79/><V43/><AGARI ba="2,0" hai="12,15,38,43,44,48,52,59,90,92,98" m="42167" machi="43" ten="30,4000,0" yaku="24,1,52,1,54,1" doraHai="66" who="2" fromWho="2" sc="168,-12,179,-12,332,46,321,-22" owari="156,-34.4,167,-23.3,378,47.8,299,9.9" /></mjloggm>