<mjloggm ver="2.3"><GO type="225" lobby="0"/><UN n0="%E3%81%BE%E3%81%A8%E3%81%9F" n1="%72%61%6B%33" n2="%E6%80%AA%E3%81%97%E3%81%99%E3%81%8E%E3%82%8B%E3%83%81%E3%83%BC" n3="%33%74%72%65%65" dan="16,17,16,16" rate="2152.59,2267.52,2100.21,2074.29" sx="M,M,M,M"/><TAIKYOKU oya="0"/><INIT seed="0,0,0,1,0,126" ten="250,250,250,250" oya="0" hai0="47,71,66,63,57,11,96,94,135,7,105,106,99" hai1="68,5,22,76,103,117,125,124,14,41,131,115,95" hai2="6,72,110,123,67,0,88,31,17,1,87,54,130" hai3="128,8,59,15,121,65,108,107,35,90,9,60,133"/><T36/><D135/><U85/><E68/><V100/><F72/><W40/><G133/><T101/><D71/><U134/><E117/><V55/><F123/><W4/><G108/><T27/><D27/><U75/><E134/><V92/><F110/><W104/><G121/><T10/><D10/><U122/><E122/><V81/><F130/><W39/><G128/><T26/><D26/><U61/><E131/><V50/><F31/><W82/><G35/><T45/><D36/><U29/><E61/><V38/><F38/><W102/><G102/><T62/><D62/><U64/><E64/><V98/><F67/><W30/><G30/><T91/><REACH who="0" step="1"/><D105/><REACH who="0" ten="240,250,250,250" step="2"/><U109/><E109/><V83/><F1/><AGARI ba="0,1" hai="1,7,11,45,47,57,63,66,91,94,96,99,101,106" machi="1" ten="30,5800,0" yaku="1,1,2,1,7,1,53,0" doraHai="126" doraHaiUra="20" who="0" fromWho="2" sc="240,68,250,0,250,-58,250,0" /><INIT seed="0,1,0,3,0,33" ten="308,250,192,250" oya="0" hai0="92,81,45,94,114,9,58,54,20,21,27,95,113" hai1="66,40,88,44,50,38,56,63,131,82,7,116,91" hai2="47,107,86,51,130,69,24,96,105,79,125,126,110" hai3="70,4,102,52,132,57,93,122,78,135,73,22,99"/><T46/><D9/><U129/><E116/><V16/><F69/><W18/><G70/><T115/><D81/><U59/><E7/><V3/><F110/><W10/><G122/><T55/><D27/><U6/><E6/><V62/><F130/><N who="1" m="49673" /><E82/><N who="2" m="47455" /><F62/><W60/><G78/><T12/><D12/><U23/><E23/><N who="0" m="8777" /><D58/><U85/><E85/><V76/><F76/><W87/><G87/><T98/><D98/><U17/><E17/><V34/><F16/><W28/><G28/><T133/><D133/><U1/><E1/><V39/><F3/><W61/><G61/><T83/><D83/><U64/><E64/><V74/><F74/><W30/><G30/><T35/><D35/><U67/><E67/><V80/><F80/><W134/><G73/><T118/><D118/><U32/><E32/><V15/><F15/><W0/><REACH who="3" step="1"/><G132/><REACH who="3" ten="308,250,192,240" step="2"/><T13/><D13/><AGARI ba="1,1" hai="0,4,10,13,18,22,52,57,60,93,99,102,134,135" machi="13" ten="40,8000,1" yaku="1,1,2,1,52,1,54,1,53,0" doraHai="33" doraHaiUra="71" who="3" fromWho="0" sc="308,-83,250,0,192,0,240,93" /><INIT seed="1,0,0,4,2,134" ten="225,250,192,333" oya="1" hai0="114,7,64,20,67,21,36,44,49,107,33,50,39" hai1="90,121,76,79,129,73,69,135,81,120,71,132,85" hai2="17,109,0,105,68,28,110,54,126,35,96,127,83" hai3="34,15,106,27,55,16,93,47,102,41,95,26,10"/><U108/><E69/><V11/><F68/><W48/><G106/><T128/><D33/><U66/><E66/><V18/><F54/><W2/><G34/><T4/><D107/><U103/><E71/><V13/><F83/><W74/><G74/><T61/><D128/><U60/><E60/><V51/><F51/><N who="3" m="27119" /><G2/><T87/><D87/><U100/><E129/><V111/><F96/><N who="3" m="59663" /><G95/><T59/><D114/><U131/><E131/><V116/><F105/><W117/><G117/><T113/><D113/><U12/><E12/><N who="2" m="7327" /><F0/><W52/><G55/><T123/><D123/><N who="1" m="47179" /><E108/><V115/><F115/><W24/><G24/><T72/><D72/><U46/><E46/><AGARI ba="0,0" hai="10,15,16,26,27,46,48,52" m="59663,27119" machi="46" ten="30,3900,0" yaku="8,1,54,2" doraHai="134" who="3" fromWho="1" sc="225,0,250,-39,192,0,333,39" /><INIT seed="2,0,0,0,3,24" ten="225,211,192,372" oya="2" hai0="41,88,68,132,60,10,49,134,40,110,20,84,33" hai1="15,67,25,63,131,78,83,5,70,38,133,1,124" hai2="89,74,118,43,119,30,115,91,29,120,99,7,76" hai3="22,52,9,42,94,17,130,12,109,14,66,100,98"/><V122/><F43/><N who="0" m="16458" /><D33/><U69/><E38/><V16/><F115/><W72/><G72/><T114/><D114/><U13/><E70/><V51/><F51/><W75/><G75/><T90/><D110/><U54/><E1/><V23/><F74/><W65/><G130/><T106/><D106/><U80/><E131/><V85/><F76/><W34/><G34/><T103/><D103/><U105/><E105/><V86/><F7/><N who="3" m="3135" /><G42/><T18/><D49/><U123/><E5/><V121/><F99/><W59/><G109/><T55/><D10/><U2/><E2/><V19/><F120/><W104/><G104/><T39/><D39/><U126/><E123/><V37/><F37/><W45/><G45/><T50/><D60/><AGARI ba="0,0" hai="14,17,22,52,59,60,65,66,94,98,100" m="3135" machi="60" ten="30,2000,0" yaku="8,1,54,1" doraHai="24" who="3" fromWho="0" sc="225,-20,211,0,192,0,372,20" /><INIT seed="3,0,0,2,5,33" ten="205,211,192,392" oya="3" hai0="70,119,65,78,127,53,31,44,117,107,63,132,126" hai1="45,124,19,113,25,51,30,75,52,121,2,135,114" hai2="54,108,96,6,68,14,64,66,22,112,95,20,118" hai3="92,15,120,91,115,28,67,17,59,71,134,0,110"/><W84/><G115/><T43/><D107/><U116/><E121/><V123/><F112/><W39/><G120/><T94/><D132/><U23/><E135/><V16/><F123/><W11/><G39/><N who="0" m="21631" /><D78/><U79/><E2/><V47/><F108/><W62/><G110/><T32/><D94/><U81/><E116/><N who="0" m="44617" /><D53/><U35/><E124/><V49/><F68/><W86/><G134/><T106/><D106/><U99/><E99/><V76/><F118/><W129/><G129/><T34/><D34/><U69/><E69/><V111/><F111/><W26/><G0/><T48/><D48/><U87/><E87/><V4/><F76/><W82/><G71/><T40/><D40/><U61/><E61/><V41/><F20/><N who="3" m="15431" /><G86/><T12/><D12/><AGARI ba="0,0" hai="12,19,23,25,30,35,45,51,52,75,79,81,113,114" machi="12" ten="30,2000,0" yaku="7,1,54,1" doraHai="33" who="1" fromWho="0" sc="205,-20,211,20,192,0,392,0" owari="185,-31.5,231,3.1,192,-20.8,392,49.2" /></mjloggm>