<mjloggm ver="2.3"><GO type="225" lobby="0"/><UN n0="%E9%97%98%E5%B0%86%E3%81%A0%E3%82%93%E3%81%A7%E3%81%83" n1="%E4%BA%95%E5%B8%AF" n2="%E3%82%BC%E3%83%AB%E3%83%80%E3%81%AE%E4%BC%9D%E8%AA%AC" n3="%E3%81%86%E3%81%A9%E3%82%93%E3%81%93" dan="16,16,17,16" rate="2134.01,2046.49,2224.66,2186.06" sx="M,M,M,M"/><TAIKYOKU oya="0"/><INIT seed="0,0,0,5,4,111" ten="250,250,250,250" oya="0" hai0="132,102,5,103,79,4,39,31,128,104,24,116,118" hai1="47,106,58,53,25,122,44,2,16,28,15,59,114" hai2="14,29,51,67,22,90,69,73,71,9,50,32,105" hai3="129,20,112,52,68,23,21,120,109,124,11,100,57"/><T42/><D128/><U97/><E2/><V119/><F73/><W101/><G68/><T7/><D132/><U81/><E81/><V72/><F72/><W135/><G129/><T48/><D39/><U93/><E106/><V55/><F119/><W56/><G135/><T26/><D79/><U96/><E122/><V74/><F74/><W123/><G109/><T117/><D104/><U61/><E59/><N who="3" m="22602" /><G124/><T127/><D127/><U99/><E93/><V19/><F105/><W92/><G92/><T0/><D0/><U54/><E114/><V49/><F32/><W110/><G110/><T121/><D121/><N who="3" m="46665" /><G52/><T78/><D78/><U13/><E54/><V38/><F38/><W94/><G94/><T3/><D3/><U41/><E41/><V83/><F67/><W108/><G108/><T115/><D42/><U35/><REACH who="1" step="1"/><E13/><REACH who="1" ten="250,240,250,250" step="2"/><V37/><F55/><W91/><G112/><T60/><D115/><U12/><E12/><V33/><F14/><W45/><G45/><T82/><D82/><U84/><E84/><V1/><F83/><W80/><G80/><T86/><D86/><U40/><E40/><V36/><F1/><W18/><G91/><T133/><D133/><U126/><E126/><V65/><F90/><W70/><G70/><T125/><D125/><U89/><E89/><V113/><F71/><W30/><G101/><T63/><D116/><U85/><E85/><V10/><F69/><W64/><G100/><T98/><D103/><U34/><E34/><V87/><F113/><W66/><G30/><T27/><D31/><U75/><E75/><V134/><F29/><RYUUKYOKU ba="0,1" sc="250,-15,240,15,250,-15,250,15" hai1="15,16,25,28,35,44,47,53,58,61,96,97,99" hai3="11,18,20,21,23,64,66" /><INIT seed="1,1,1,3,4,81" ten="235,255,235,265" oya="1" hai0="19,88,74,100,102,93,56,51,67,132,44,92,14" hai1="4,12,112,27,17,95,76,99,40,73,98,126,129" hai2="30,22,10,28,104,23,31,26,55,115,15,58,130" hai3="68,64,8,86,32,91,2,120,122,39,11,20,61"/><U1/><E112/><V96/><F130/><W42/><G32/><T114/><D132/><U101/><E126/><V131/><F131/><W34/><G34/><T18/><D74/><U33/><E129/><V43/><F115/><W128/><G128/><T105/><D105/><U117/><E117/><V52/><F43/><W29/><G42/><N who="0" m="24983" /><D93/><U48/><E1/><V89/><F22/><W69/><G39/><T83/><D83/><U106/><E4/><N who="2" m="3527" /><F104/><W37/><G37/><T63/><D114/><U62/><E62/><N who="2" m="36167" /><F55/><W25/><G69/><T71/><D71/><U135/><E73/><V41/><F41/><W6/><REACH who="3" step="1"/><G11/><REACH who="3" ten="235,255,235,255" step="2"/><N who="0" m="6495" /><D19/><U59/><E17/><V36/><F36/><W3/><G3/><T5/><D5/><U118/><E33/><V45/><F31/><W0/><G0/><T65/><D65/><U66/><E40/><V53/><F30/><W119/><G119/><T124/><D124/><U94/><E66/><V50/><F28/><W46/><G46/><T85/><AGARI ba="1,2" hai="56,63,67,85,88,92,100,102" m="6495,24983" machi="85" ten="30,4000,0" yaku="8,1,52,1,54,1" doraHai="81" who="0" fromWho="0" sc="235,63,255,-21,235,-11,255,-11" /><INIT seed="2,0,0,2,3,116" ten="298,234,224,244" oya="2" hai0="58,117,81,28,93,44,31,91,49,75,68,17,135" hai1="56,128,123,115,124,73,51,114,127,96,11,131,109" hai2="67,78,113,89,24,83,48,88,37,86,46,33,107" hai3="125,103,120,100,14,27,64,10,57,111,69,25,39"/><V0/><F113/><N who="1" m="43017" /><E73/><V112/><F112/><W2/><G2/><T6/><D68/><U5/><E96/><V55/><F0/><W12/><G39/><T7/><D135/><U102/><E102/><V19/><F107/><W79/><G69/><T21/><D58/><U35/><E109/><V32/><F37/><W40/><G40/><T108/><D108/><U16/><E35/><V45/><F67/><W29/><G111/><T15/><D81/><U119/><E119/><V87/><F45/><W47/><G47/><T71/><D71/><U92/><E92/><V52/><F55/><W90/><G79/><T4/><D75/><U110/><E110/><V72/><F72/><W18/><G90/><T98/><REACH who="0" step="1"/><D117/><REACH who="0" ten="288,234,224,244" step="2"/><U130/><E56/><V22/><F78/><W30/><G57/><T26/><D26/><U105/><E131/><V95/><AGARI ba="0,1" hai="19,22,24,32,33,46,48,52,83,86,87,88,89,95" machi="95" ten="20,7800,0" yaku="0,1,7,1,54,2" doraHai="116" who="2" fromWho="2" sc="288,-26,234,-26,224,88,244,-26" /><INIT seed="2,1,0,3,2,48" ten="262,208,312,218" oya="2" hai0="110,135,128,70,59,99,74,75,92,15,23,85,61" hai1="109,22,112,0,88,115,62,16,21,91,106,20,28" hai2="19,93,122,116,72,89,95,38,34,111,26,126,42" hai3="14,11,79,125,17,4,37,30,84,69,132,64,108"/><V8/><F116/><W58/><G37/><T123/><D123/><U102/><E0/><V65/><F122/><W13/><G108/><T12/><D70/><U35/><E109/><V100/><F72/><W130/><G130/><T43/><D110/><U46/><E35/><V6/><F111/><W121/><G121/><T60/><D75/><U82/><E28/><V56/><F100/><W129/><G129/><T49/><D74/><U90/><E82/><V119/><F119/><W18/><G132/><T31/><D85/><U98/><E46/><V32/><F95/><W33/><G69/><T114/><D61/><U41/><E41/><V29/><F126/><W127/><G30/><T55/><D135/><U86/><E86/><V133/><F19/><W68/><G33/><T44/><D114/><U10/><REACH who="1" step="1"/><E62/><REACH who="1" ten="262,198,312,218" step="2"/><V24/><F29/><W76/><G84/><T27/><D128/><U52/><E52/><V80/><F80/><W87/><G87/><T50/><D60/><U57/><E57/><V77/><F56/><W105/><G58/><T51/><D51/><U134/><E134/><V2/><F133/><W124/><G124/><T45/><D45/><U81/><E81/><V1/><F34/><W7/><G125/><T9/><D9/><U47/><E47/><V53/><F32/><W63/><G127/><T25/><D31/><U107/><E107/><V39/><F8/><N who="3" m="4231" /><G105/><T101/><D23/><U97/><E97/><V103/><F42/><W78/><G78/><T131/><D131/><U54/><E54/><V94/><F77/><N who="3" m="29771" /><G63/><T83/><D83/><U40/><E40/><RYUUKYOKU ba="1,1" sc="262,10,198,10,312,-30,218,10" hai0="12,15,25,27,43,44,49,50,55,59,92,99,101" hai1="10,16,20,21,22,88,90,91,98,102,106,112,115" hai3="7,11,14,17,18,64,68" /><INIT seed="3,2,1,5,0,95" ten="272,208,282,228" oya="3" hai0="72,2,8,15,7,123,77,125,56,49,102,84,16" hai1="126,40,74,127,78,63,91,86,94,103,68,22,76" hai2="83,122,114,108,47,34,60,33,13,128,121,38,48" hai3="3,12,45,132,52,4,88,116,54,75,11,20,5"/><W25/><G116/><T9/><D123/><N who="2" m="47114" /><F108/><W81/><G132/><T106/><D72/><U30/><E40/><V36/><F128/><W71/><G71/><T27/><D125/><N who="1" m="47627" /><E74/><V130/><F130/><W85/><G75/><T37/><D37/><N who="2" m="14442" /><F114/><W19/><G3/><T0/><D0/><U10/><E10/><V65/><F83/><W135/><G135/><T80/><D27/><N who="1" m="16759" /><E103/><V97/><F97/><W92/><G45/><T32/><D32/><U113/><E113/><V17/><F17/><N who="3" m="12431" /><G81/><T134/><D134/><U42/><E42/><N who="2" m="24695" /><F13/><W104/><G104/><T31/><D31/><U107/><E107/><V64/><F64/><AGARI ba="2,1" hai="63,64,68,76,78,86,91,94" m="16759,47627" machi="64" ten="30,1000,0" yaku="18,1" doraHai="95" who="1" fromWho="2" sc="272,0,208,26,282,-16,228,0" /><INIT seed="4,0,0,1,4,13" ten="272,234,266,228" oya="0" hai0="7,64,20,59,102,34,27,18,55,84,53,44,88" hai1="26,61,125,35,133,45,127,90,99,57,134,115,117" hai2="12,110,36,58,123,39,46,56,120,103,100,30,87" hai3="22,131,28,96,23,93,78,124,42,132,108,76,43"/><T82/><D34/><U0/><E117/><V49/><F110/><W24/><G108/><T8/><D102/><U4/><E45/><V47/><F12/><W80/><G131/><T38/><D64/><U52/><E115/><V66/><F87/><N who="3" m="48519" /><G132/><N who="1" m="50794" /><E4/><V37/><F30/><W48/><G124/><N who="1" m="47690" /><E0/><V101/><F66/><W41/><G78/><T5/><D8/><U98/><E90/><V114/><F114/><W116/><G116/><T85/><D38/><U86/><E86/><V126/><F126/><W106/><G106/><T92/><D44/><N who="2" m="16938" /><F49/><W40/><N who="3" m="10240" /><DORA hai="11" /><W73/><G73/><T6/><D59/><AGARI ba="0,0" hai="36,37,39,56,58,59,100,101,103,120,123" m="16938" machi="59" ten="40,2600,0" yaku="28,2" doraHai="13,11" who="2" fromWho="0" sc="272,-26,234,0,266,26,228,0" /><INIT seed="5,0,0,3,1,86" ten="246,234,292,228" oya="1" hai0="53,40,2,23,106,97,85,8,102,125,61,107,127" hai1="112,134,10,26,13,16,27,88,113,96,82,129,70" hai2="117,30,68,131,95,104,121,64,17,21,49,98,128" hai3="91,66,116,72,60,78,38,19,89,41,114,76,92"/><U63/><E129/><N who="2" m="49739" /><F117/><W18/><G116/><T56/><D106/><U45/><E45/><V135/><F135/><W22/><G114/><N who="1" m="44138" /><E134/><V55/><F121/><W32/><G32/><T87/><D40/><U51/><E51/><V44/><F30/><W48/><G38/><T4/><REACH who="0" step="1"/><D23/><REACH who="0" ten="236,234,292,228" step="2"/><U111/><E111/><V74/><F104/><W105/><G105/><T80/><D80/><U130/><E130/><V54/><F21/><W31/><G41/><T115/><D115/><U133/><E133/><V0/><F95/><W46/><G92/><T77/><D77/><U1/><E1/><V103/><F0/><W20/><G78/><T42/><D42/><U7/><E7/><V36/><F36/><W81/><G76/><T3/><D3/><U57/><E70/><V108/><F68/><W11/><G72/><T83/><D83/><U118/><E118/><V119/><F74/><W84/><G81/><T90/><D90/><U24/><E82/><V29/><F119/><W25/><G91/><T67/><D67/><N who="1" m="39407" /><E27/><V34/><F108/><W39/><G39/><T12/><D12/><U59/><E59/><V58/><F58/><N who="3" m="37143" /><G46/><T47/><D47/><U50/><E50/><V6/><F49/><W69/><G69/><T100/><D100/><U79/><E79/><V124/><F103/><W62/><G48/><T71/><D71/><U122/><E122/><V37/><F44/><W52/><G22/><T43/><D43/><U9/><E9/><V132/><F37/><W15/><G31/><T14/><D14/><U99/><E88/><V94/><F132/><W109/><G89/><RYUUKYOKU ba="0,1" sc="236,15,234,15,292,-15,228,-15" hai0="2,4,8,53,56,61,85,87,97,102,107,125,127" hai1="10,13,16,24,26,96,99" /><INIT seed="5,1,1,0,1,83" ten="251,249,277,213" oya="1" hai0="31,78,45,96,86,69,76,87,97,26,106,56,10" hai1="80,46,131,23,15,14,133,3,117,94,98,37,38" hai2="5,49,33,119,135,25,36,107,79,114,34,113,43" hai3="4,9,85,61,124,8,51,77,84,129,116,52,11"/><U100/><E117/><V110/><F110/><W75/><G116/><T35/><D69/><U12/><E3/><V88/><F119/><W109/><G109/><T6/><D78/><U126/><E126/><V118/><F118/><W67/><G124/><T13/><D76/><U130/><E133/><V40/><F135/><W68/><G129/><N who="1" m="49162" /><E46/><V105/><F79/><W121/><G121/><T120/><D120/><U47/><E47/><N who="2" m="23943" /><F5/><W32/><G32/><N who="2" m="12393" /><F25/><W132/><G132/><T29/><D29/><U41/><E41/><V93/><F49/><W62/><G62/><T24/><D24/><U102/><E102/><V1/><F43/><W95/><G4/><T103/><D45/><U72/><E72/><V50/><F50/><W53/><G95/><T74/><D74/><U91/><E23/><V59/><F59/><W125/><G125/><T64/><D56/><U128/><N who="1" m="49170" /><U7/><DORA hai="2" /><E7/><V65/><F1/><W89/><G51/><T63/><D103/><U127/><E127/><V20/><F20/><W48/><G89/><T66/><D35/><U134/><E134/><V16/><F88/><W60/><G60/><T42/><D63/><U0/><E0/><V30/><F30/><W122/><G122/><T22/><D42/><U55/><E55/><N who="3" m="21066" /><G48/><T115/><D115/><U70/><E70/><V21/><F114/><W123/><G123/><T111/><D111/><U39/><E39/><V73/><F73/><W17/><G17/><T101/><D66/><U99/><E99/><N who="0" m="37961" /><D64/><U81/><E91/><V92/><F65/><W57/><G68/><T108/><D108/><RYUUKYOKU ba="1,1" sc="251,10,249,10,277,-30,213,10" hai0="6,10,13,22,26,31,86,87,101,106" hai1="12,14,15,37,38,80,81,94,98,100" hai3="8,9,11,57,61,67,75,77,84,85" /><INIT seed="5,2,1,4,2,67" ten="261,259,247,223" oya="1" hai0="54,73,53,34,134,28,127,33,74,46,64,37,95" hai1="103,39,63,59,102,30,26,126,84,1,66,40,70" hai2="41,81,101,117,89,36,51,18,111,93,6,75,123" hai3="77,0,106,32,125,38,133,80,62,13,42,35,96"/><U99/><E126/><V3/><F111/><W119/><G125/><T128/><D127/><U43/><E1/><V15/><F117/><W10/><G133/><T16/><D64/><U132/><E132/><V85/><F123/><W50/><G50/><T107/><D107/><U61/><E84/><V135/><F36/><W48/><G119/><T82/><D134/><U83/><E83/><V118/><F118/><W5/><G62/><T122/><D128/><U90/><E90/><V115/><F135/><W76/><G76/><T104/><D104/><N who="1" m="63583" /><E103/><V129/><F129/><W87/><G0/><T29/><D95/><U98/><E98/><N who="2" m="59599" /><F75/><W124/><G38/><T108/><D82/><U22/><E22/><N who="2" m="11615" /><F3/><W52/><G124/><T105/><D105/><U100/><E100/><V94/><F115/><W49/><G96/><T109/><D37/><U88/><E88/><N who="2" m="51247" /><F6/><W24/><G106/><T21/><D74/><U25/><E39/><V68/><F68/><W55/><G24/><N who="0" m="14375" /><D73/><U19/><E26/><V92/><F89/><W31/><G31/><N who="0" m="11851" /><D122/><U11/><E30/><V58/><F41/><W14/><G42/><T45/><D34/><U65/><E43/><V79/><F79/><W112/><G14/><T56/><D33/><U44/><E25/><V86/><F86/><W2/><G13/><T27/><D27/><U121/><E121/><V97/><F97/><W47/><REACH who="3" step="1"/><G112/><REACH who="3" ten="261,259,247,213" step="2"/><T60/><D108/><U69/><E40/><V8/><F8/><W4/><G4/><T72/><D109/><U120/><E120/><V57/><F51/><W91/><G91/><T78/><D78/><RYUUKYOKU ba="2,2" sc="261,-15,259,-15,247,15,213,15" hai2="57,58,92,94" hai3="2,5,10,32,35,47,48,49,52,55,77,80,87" /><INIT seed="6,3,2,1,3,92" ten="246,244,262,228" oya="2" hai0="16,51,49,113,15,13,46,63,96,8,107,95,3" hai1="70,68,33,23,10,111,87,77,89,22,78,44,47" hai2="123,118,101,48,59,66,81,117,88,104,82,0,119" hai3="105,115,19,53,24,109,6,71,97,98,108,62,126"/><V85/><F0/><W32/><G126/><T14/><D113/><U84/><E111/><V21/><F123/><W73/><G115/><T86/><D3/><U120/><E33/><V42/><F21/><W133/><G73/><T41/><D107/><U65/><E65/><V79/><F42/><W100/><G6/><T26/><D86/><U30/><E10/><V55/><F66/><N who="3" m="41431" /><G133/><T5/><D63/><U121/><E89/><V2/><F2/><W50/><G19/><T94/><D94/><U91/><E91/><V37/><F37/><W75/><G75/><T9/><D51/><U72/><E72/><V34/><F34/><W93/><G50/><T90/><D9/><U12/><E12/><N who="0" m="4713" /><D26/><U36/><REACH who="1" step="1"/><E30/><REACH who="1" ten="246,234,262,228" step="2"/><V80/><F88/><N who="3" m="55463" /><G53/><T103/><D90/><U60/><E60/><V67/><F67/><W1/><G1/><T114/><D114/><U18/><E18/><AGARI ba="3,3" hai="5,8,15,16,18,41,46,49,95,96,103" m="4713" machi="18" ten="30,3900,0" yaku="8,1,52,1,54,1" doraHai="92" who="0" fromWho="1" sc="246,78,234,-48,262,0,228,0" owari="324,42.4,186,-31.4,262,6.2,228,-17.2" /></mjloggm>