<mjloggm ver="2.3"><GO type="225" lobby="0"/><UN n0="%E6%9A%87%E4%BA%BA%EF%BC%A0%E9%85%8D%E4%BF%A1%E5%9E%A2" n1="%E3%83%8F%E3%82%AC%E3%82%BF%E3%82%AB%E3%81%AE%E3%81%88%E3%81%98%E3%81%8D" n2="%73%61%6E%64%69%72%69%73" n3="%6D%75%75%6D%75%72%61" dan="17,16,16,16" rate="2145.61,2187.32,2142.47,2178.52" sx="F,M,M,F"/><TAIKYOKU oya="0"/><INIT seed="0,0,0,0,5,73" ten="250,250,250,250" oya="0" hai0="100,44,102,11,5,27,78,130,90,105,97,52,67" hai1="46,34,133,12,66,81,55,107,22,1,110,114,45" hai2="91,75,106,117,32,127,92,56,43,123,10,40,113" hai3="121,28,129,21,74,86,109,6,124,3,38,83,103"/><T23/><D130/><U120/><E34/><V8/><F106/><W70/><G129/><T84/><D67/><U79/><E1/><V53/><F32/><W57/><G70/><T134/><D134/><U4/><E22/><V111/><F123/><W62/><G109/><T89/><D100/><U61/><E107/><V85/><F113/><W48/><G38/><T35/><D35/><U122/><E110/><V108/><F108/><W115/><G74/><T94/><D44/><U2/><E2/><V65/><F75/><W31/><G115/><T71/><D71/><U33/><E33/><V125/><F65/><W50/><G124/><N who="2" m="47689" /><F117/><W80/><G103/><T7/><D52/><U99/><E99/><V118/><F118/><W18/><G3/><T13/><D7/><U88/><E133/><V37/><F111/><W63/><G6/><T98/><D98/><U126/><E126/><V135/><F135/><W68/><G68/><T132/><D132/><U60/><E55/><V15/><F37/><W119/><G121/><T25/><D25/><U116/><E116/><V47/><F47/><W54/><G83/><N who="0" m="47223" /><D105/><U17/><E45/><V76/><F76/><N who="3" m="46343" /><G119/><T96/><D96/><U58/><E114/><V64/><F64/><W95/><G95/><T0/><D0/><U41/><E66/><V14/><F43/><W29/><G63/><T36/><D36/><U16/><E120/><V49/><F40/><W77/><G77/><T59/><D59/><U42/><E41/><V9/><AGARI ba="0,0" hai="8,9,10,14,15,49,53,56,85,91,92" m="47689" machi="9" ten="30,1100,0" yaku="18,1" doraHai="73" who="2" fromWho="2" sc="250,-5,250,-3,250,11,250,-3" /><INIT seed="1,0,0,4,5,61" ten="245,247,261,247" oya="1" hai0="83,53,81,130,106,78,69,104,41,16,85,116,65" hai1="77,111,42,54,100,131,128,115,110,133,122,88,48" hai2="87,59,107,86,76,112,37,36,47,11,68,135,40" hai3="33,17,22,7,132,21,6,60,114,113,109,123,127"/><U96/><E115/><V121/><F107/><W19/><G33/><T79/><D116/><U75/><E122/><V2/><F121/><W63/><G123/><T101/><D130/><N who="1" m="49707" /><E42/><V26/><F68/><W120/><G120/><T73/><D41/><U4/><E4/><V30/><F135/><W14/><G109/><N who="1" m="41482" /><E133/><V94/><F112/><W103/><G132/><T45/><D101/><U35/><E35/><V89/><F37/><W129/><G129/><T93/><D104/><N who="1" m="63495" /><E88/><V13/><F2/><W108/><G108/><T5/><D106/><U99/><E99/><V95/><F40/><W56/><G103/><T24/><D5/><U105/><E105/><V84/><F89/><W66/><G113/><T23/><D93/><U134/><E134/><V18/><F94/><W12/><G114/><T25/><D83/><N who="1" m="45503" /><E48/><V58/><F36/><W91/><G127/><T46/><D79/><U43/><E43/><V39/><F76/><W118/><G118/><T98/><D98/><U31/><E54/><V125/><F95/><W70/><REACH who="3" step="1"/><G91/><REACH who="3" ten="245,247,261,237" step="2"/><T92/><D92/><U51/><E51/><V82/><F39/><W119/><G119/><T32/><D32/><U1/><E1/><V8/><F125/><W20/><G20/><T71/><D23/><U44/><E31/><V29/><F29/><W126/><G126/><T15/><D78/><U74/><E74/><V38/><F30/><W49/><G49/><T80/><D73/><U10/><E10/><V28/><F28/><W97/><G97/><T90/><D90/><U0/><E0/><V102/><F38/><W57/><G57/><RYUUKYOKU ba="0,1" sc="245,-15,247,15,261,-15,237,15" hai1="44" hai3="6,7,12,14,17,19,21,22,56,60,63,66,70" /><INIT seed="1,1,1,5,1,55" ten="230,262,246,252" oya="1" hai0="25,114,2,104,130,111,101,121,21,76,68,105,17" hai1="52,96,46,100,117,83,53,37,38,118,92,94,6" hai2="108,35,39,30,16,113,95,1,106,86,122,15,42" hai3="11,32,127,135,31,19,97,65,57,78,89,0,54"/><U112/><E112/><V133/><F122/><W126/><G135/><T93/><D114/><U58/><E6/><V125/><F106/><W132/><G132/><T79/><D121/><U99/><E83/><V4/><F133/><W56/><G78/><T102/><D2/><U88/><E53/><V23/><F108/><W5/><G19/><T62/><D111/><U41/><REACH who="1" step="1"/><E38/><REACH who="1" ten="230,252,246,252" step="2"/><V14/><F4/><W72/><G54/><T26/><D130/><U124/><E124/><V82/><F82/><W77/><G126/><T12/><D104/><U51/><AGARI ba="1,2" hai="37,41,46,51,52,58,88,92,94,96,99,100,117,118" machi="51" ten="20,18000,2" yaku="1,1,0,1,7,1,52,1,54,2,53,1" doraHai="55" doraHaiUra="40" who="1" fromWho="1" sc="230,-61,252,203,246,-61,252,-61" /><INIT seed="1,2,0,5,2,99" ten="169,455,185,191" oya="1" hai0="117,85,4,133,92,67,76,60,54,42,27,106,128" hai1="89,45,73,121,47,56,7,24,94,58,87,32,50" hai2="2,41,123,108,59,74,37,1,114,126,12,101,34" hai3="109,55,28,68,86,57,21,61,124,8,96,100,122"/><U15/><E121/><V69/><RYUUKYOKU type="yao9" ba="2,0" sc="169,0,455,0,185,0,191,0" hai2="1,2,12,34,37,41,59,69,74,101,108,114,123,126" /><INIT seed="1,3,0,3,1,42" ten="169,455,185,191" oya="1" hai0="26,51,131,49,135,50,134,27,68,96,9,6,133" hai1="130,97,10,15,99,82,20,105,12,118,59,45,60" hai2="76,120,90,11,92,33,116,14,28,65,69,86,63" hai3="62,108,117,55,102,126,58,119,21,17,127,1,123"/><U2/><E118/><N who="3" m="45066" /><G123/><T8/><D131/><U79/><E130/><V91/><F116/><W101/><G1/><T77/><D68/><U7/><E105/><V100/><F120/><W71/><G71/><T94/><D77/><U128/><E128/><V25/><F76/><W4/><G4/><T39/><D39/><U70/><E70/><V13/><F100/><N who="3" m="38507" /><G108/><T95/><D96/><U56/><E56/><V107/><F107/><W72/><G72/><T87/><D87/><U64/><E2/><V83/><REACH who="2" step="1"/><F11/><REACH who="2" ten="169,455,175,191" step="2"/><N who="0" m="4170" /><D6/><U124/><E10/><V44/><F44/><W109/><G109/><T93/><AGARI ba="3,1" hai="26,27,49,50,51,93,94,95,133,134,135" m="4170" machi="93" ten="40,8000,1" yaku="29,2,28,2,20,1" doraHai="42" who="0" fromWho="0" sc="169,99,455,-43,175,-23,191,-23" /><INIT seed="2,0,0,5,0,42" ten="268,412,152,168" oya="2" hai0="133,99,121,21,22,54,13,110,56,92,18,109,74" hai1="26,129,52,119,47,76,93,82,123,67,102,60,101" hai2="32,70,35,38,108,72,62,117,83,33,134,105,55" hai3="114,88,20,118,95,68,34,2,122,81,8,75,77"/><V71/><F117/><W94/><G118/><T49/><D121/><U113/><E119/><V5/><F105/><W50/><G122/><T111/><D74/><U1/><E1/><V79/><F38/><W37/><G34/><T41/><D133/><U65/><E123/><V23/><F134/><W131/><G37/><T43/><REACH who="0" step="1"/><D22/><REACH who="0" ten="258,412,152,168" step="2"/><U58/><E113/><V106/><F108/><W90/><G114/><T86/><D86/><U27/><E129/><V40/><F23/><W98/><G131/><T57/><D57/><U11/><E58/><V103/><F33/><W97/><G20/><T4/><D4/><U39/><E39/><V17/><F5/><W31/><G68/><T9/><D9/><U7/><E7/><V44/><F35/><W87/><G8/><T51/><D51/><U66/><E11/><V14/><F32/><W61/><G2/><T85/><D85/><U16/><E60/><V69/><F69/><W28/><G75/><T48/><D48/><U19/><E19/><V12/><F17/><W53/><G61/><T29/><D29/><U64/><E16/><V3/><F3/><W130/><G130/><T80/><D80/><U63/><E82/><V0/><F0/><W125/><G125/><T10/><D10/><U24/><E63/><V91/><F71/><W73/><G73/><T116/><D116/><U46/><E27/><V96/><F70/><W36/><G36/><T104/><D104/><U107/><E26/><V100/><F62/><W15/><G15/><T25/><D25/><U115/><N who="1" m="16384" /><DORA hai="126" /><U6/><E24/><V127/><F72/><RYUUKYOKU ba="0,1" sc="258,15,412,-15,152,-15,168,15" hai0="13,18,21,41,43,49,54,56,92,99,109,110,111" hai3="28,31,50,53,77,81,87,88,90,94,95,97,98" /><INIT seed="3,1,1,2,4,109" ten="273,397,137,183" oya="3" hai0="25,104,23,74,106,133,107,97,111,92,42,114,13" hai1="19,17,69,101,89,55,50,38,10,79,59,24,128" hai2="37,108,131,44,20,65,67,18,57,120,21,36,122" hai3="125,28,5,64,30,90,80,94,110,14,83,77,7"/><W135/><G110/><T63/><D111/><U86/><E69/><V93/><F108/><W33/><G125/><T60/><D74/><U27/><E38/><V15/><F131/><W132/><G64/><T32/><D42/><U62/><E128/><V8/><F93/><W129/><G129/><T31/><D133/><N who="3" m="51273" /><G33/><T53/><D114/><U47/><E101/><V49/><F37/><W112/><G112/><T68/><D68/><U6/><E79/><V3/><F36/><W46/><G46/><T0/><D0/><U16/><E6/><N who="3" m="2058" /><G14/><T96/><D53/><N who="1" m="34159" /><E10/><V22/><F3/><W51/><G51/><T95/><D13/><U105/><E105/><V11/><F11/><W75/><G80/><AGARI ba="1,1" hai="16,17,19,24,27,47,50,55,80,86,89" m="34159" machi="80" ten="30,2000,0" yaku="8,1,54,1" doraHai="109" who="1" fromWho="3" sc="273,0,397,33,137,0,183,-23" owari="273,7.3,430,53.0,137,-36.3,160,-24.0" /></mjloggm>