<mjloggm ver="2.3"><GO type="225" lobby="0"/><UN n0="%E8%90%BD%E6%97%A5" n1="%E3%81%B2%E3%81%AA%E3%81%AE%E3%82%8A%E3%81%8F" n2="%E3%83%97%E3%83%92" n3="%E3%81%B5%E3%81%98%E3%81%8B%E3%81%A4" dan="16,17,16,16" rate="2074.85,2221.98,2170.58,2117.46" sx="F,M,M,M"/><TAIKYOKU oya="0"/><INIT seed="0,0,0,2,4,118" ten="250,250,250,250" oya="0" hai0="68,0,53,97,17,129,126,116,121,26,77,135,23" hai1="29,27,7,5,65,128,61,31,106,35,42,19,93" hai2="24,90,101,51,111,110,8,130,117,66,70,16,113" hai3="37,52,88,3,89,109,72,79,33,12,122,63,21"/><T20/><D68/><U76/><E106/><V14/><F117/><W9/><G33/><T95/><D116/><U39/><E128/><V115/><F130/><W102/><G37/><T86/><D129/><U44/><E31/><V112/><F101/><W92/><G3/><T32/><D32/><U124/><E124/><V83/><F51/><W13/><G72/><T62/><D0/><U94/><E76/><V49/><F24/><W99/><G79/><T43/><D126/><U22/><E7/><V85/><F49/><W73/><G73/><T46/><D135/><U10/><E10/><V71/><REACH who="2" step="1"/><F66/><REACH who="2" ten="250,250,240,250" step="2"/><W131/><G131/><T125/><D125/><U96/><E65/><V84/><F84/><W57/><G109/><AGARI ba="0,1" hai="8,14,16,70,71,83,85,90,109,110,111,112,113,115" machi="109" ten="50,6400,0" yaku="1,1,14,1,54,1,53,0" doraHai="118" doraHaiUra="74" who="2" fromWho="3" sc="250,0,250,0,240,74,250,-64" /><INIT seed="1,0,0,3,2,34" ten="250,250,314,186" oya="1" hai0="110,36,31,73,15,111,129,57,71,51,58,72,81" hai1="20,134,93,46,24,82,45,17,60,127,0,101,9" hai2="1,121,99,56,68,117,126,104,122,83,42,18,6" hai3="116,38,100,39,37,50,106,128,74,75,19,25,115"/><U67/><E134/><V32/><F117/><W113/><G50/><T108/><D36/><U48/><E127/><V47/><F126/><W133/><G116/><T30/><D71/><U80/><E101/><N who="2" m="62527" /><F56/><W88/><G133/><T90/><D129/><U59/><E93/><V135/><F18/><W130/><G19/><T107/><D107/><U105/><E105/><V55/><F55/><W64/><G25/><T70/><D70/><U109/><E109/><V54/><F54/><W4/><G4/><T53/><D58/><U13/><E0/><V29/><F68/><W28/><G28/><N who="0" m="10795" /><D15/><U132/><E132/><V120/><F83/><N who="1" m="31785" /><E48/><V27/><F135/><W7/><G7/><AGARI ba="0,0" hai="7,9,13,17,20,24,45,46,59,60,67" m="31785" machi="7" ten="30,1500,0" yaku="8,1" doraHai="34" who="1" fromWho="3" sc="250,0,250,15,314,0,186,-15" /><INIT seed="1,1,0,3,0,124" ten="250,265,314,171" oya="1" hai0="93,98,101,18,79,104,65,57,5,132,96,7,106" hai1="87,73,78,0,48,41,59,86,25,35,39,125,126" hai2="81,20,113,17,89,24,117,129,122,66,56,28,75" hai3="130,36,26,52,62,72,61,119,85,91,71,102,74"/><U49/><E0/><V23/><F117/><W50/><G119/><T13/><D132/><U133/><E39/><V29/><F122/><W14/><G102/><T134/><D134/><U58/><E133/><V6/><F6/><W68/><G36/><T53/><D65/><U108/><E73/><V90/><F113/><W45/><G74/><T1/><D1/><U76/><E25/><V69/><F69/><W37/><G72/><T94/><D79/><U115/><E115/><V16/><F129/><W77/><G77/><T135/><D135/><U51/><E51/><V42/><F42/><W92/><G130/><T64/><D64/><U32/><REACH who="1" step="1"/><E41/><REACH who="1" ten="250,255,314,171" step="2"/><V107/><F75/><W43/><G26/><T83/><D104/><U21/><E21/><V30/><F20/><W120/><G120/><T111/><D106/><U4/><E4/><V127/><F107/><W84/><G14/><T88/><D111/><AGARI ba="1,1" hai="32,35,48,49,58,59,76,78,86,87,108,111,125,126" machi="111" ten="25,4800,0" yaku="1,1,22,2,53,0" doraHai="124" doraHaiUra="12" who="1" fromWho="0" sc="250,-51,255,61,314,0,171,0" /><INIT seed="1,2,0,4,4,84" ten="199,316,314,171" oya="1" hai0="26,11,54,20,115,33,31,14,111,87,77,0,86" hai1="55,89,5,6,34,107,117,123,75,61,108,17,37" hai2="68,63,29,58,118,106,132,7,10,82,97,109,9" hai3="57,98,56,83,65,78,120,23,85,121,64,67,74"/><U35/><E117/><V94/><F118/><W21/><G98/><T18/><D115/><U122/><E37/><V79/><F68/><W47/><G74/><T131/><D111/><U13/><E75/><V73/><F109/><W72/><G72/><T52/><D131/><U1/><E107/><V105/><F29/><W3/><G3/><T135/><D135/><U8/><E55/><N who="0" m="21033" /><D77/><U113/><E61/><V80/><F80/><W49/><G121/><T40/><D40/><U28/><E108/><V134/><F9/><W70/><G120/><T48/><D48/><U103/><E103/><V110/><F110/><W128/><G128/><T15/><D15/><U66/><E113/><V91/><F58/><N who="3" m="22635" /><G70/><T81/><D81/><U36/><E13/><N who="2" m="5343" /><F63/><W50/><G50/><T133/><D133/><AGARI ba="2,0" hai="73,79,82,91,94,97,105,106,132,133,134" m="5343" machi="133" ten="30,2000,0" yaku="20,1,52,1" doraHai="84" who="2" fromWho="0" sc="199,-26,316,0,314,26,171,0" /><INIT seed="2,0,0,4,2,59" ten="173,316,340,171" oya="2" hai0="97,91,112,88,123,109,17,36,33,85,124,56,92" hai1="87,101,14,40,83,22,44,57,49,37,134,31,74" hai2="117,26,45,43,58,11,32,96,75,67,54,68,130" hai3="2,13,69,106,66,60,10,61,27,77,78,118,80"/><V72/><F117/><W24/><G118/><T55/><D112/><U50/><E74/><V90/><F130/><W3/><G106/><T102/><D123/><U53/><E101/><V105/><F11/><W23/><G78/><T4/><D109/><U1/><E1/><V115/><F115/><W110/><G110/><T12/><D124/><U8/><E134/><V5/><F5/><W107/><G107/><T119/><D119/><U52/><E22/><V127/><F58/><W113/><G113/><T18/><D33/><U65/><E65/><V41/><F54/><W82/><G24/><T122/><D36/><U39/><E31/><N who="2" m="19575" /><F90/><W81/><G77/><T135/><D122/><U104/><E53/><V108/><F43/><W98/><G98/><T25/><D135/><U29/><E29/><V63/><F127/><W114/><G114/><T46/><D46/><U71/><E104/><V131/><F131/><W7/><REACH who="3" step="1"/><G61/><REACH who="3" ten="173,316,340,161" step="2"/><N who="0" m="35999" /><D25/><U21/><E21/><V89/><F108/><W16/><AGARI ba="0,1" hai="2,3,7,10,13,16,23,27,60,66,69,80,81,82" machi="16" ten="30,7900,0" yaku="1,1,0,1,52,1,54,1,53,0" doraHai="59" doraHaiUra="84" who="3" fromWho="3" sc="173,-20,316,-20,340,-39,161,89" /><INIT seed="3,0,0,3,0,115" ten="153,296,301,250" oya="3" hai0="123,121,122,72,130,12,80,60,126,56,106,6,27" hai1="103,24,134,70,88,55,98,64,76,135,28,127,101" hai2="111,77,84,61,133,117,86,82,92,78,62,2,73" hai3="90,69,22,118,124,104,44,15,47,26,38,35,58"/><W102/><G69/><T18/><D126/><U113/><E113/><V116/><F2/><W36/><G35/><T11/><D106/><U34/><E76/><N who="2" m="44303" /><F111/><W85/><G124/><T105/><D105/><N who="1" m="63671" /><E103/><V66/><F66/><W125/><G118/><N who="2" m="45673" /><F62/><W81/><G15/><T91/><D130/><U83/><E55/><V132/><F61/><W52/><G38/><T1/><D27/><U13/><E13/><V110/><F110/><W65/><G36/><T42/><D42/><U112/><E112/><V100/><F84/><W74/><G65/><T31/><D31/><U45/><E45/><V41/><F41/><W120/><G125/><T32/><D32/><U57/><E57/><V39/><F39/><W7/><G7/><T87/><D72/><U8/><E8/><V19/><F19/><W17/><G74/><T96/><D96/><U33/><E33/><V10/><F10/><W37/><G37/><T109/><D109/><U0/><E0/><V43/><F43/><W68/><G68/><T114/><D114/><U50/><E50/><V131/><F131/><W94/><G47/><T93/><D1/><U29/><E29/><V49/><F49/><N who="3" m="30991" /><G44/><T97/><D6/><U89/><E127/><V40/><F40/><W59/><G26/><T128/><D128/><U23/><E23/><V95/><F95/><W48/><G94/><T119/><D119/><U9/><E9/><V75/><F75/><W108/><G22/><T99/><REACH who="0" step="1"/><D93/><REACH who="0" ten="143,296,301,250" step="2"/><U107/><E107/><V54/><F92/><N who="3" m="54351" /><G104/><T53/><D53/><U67/><E34/><V63/><F54/><W46/><G108/><RYUUKYOKU ba="0,1" sc="143,30,296,-10,301,-10,250,-10" hai0="11,12,18,56,60,80,87,91,97,99,121,122,123" /><INIT seed="4,1,1,2,5,39" ten="173,286,291,240" oya="0" hai0="40,28,108,60,12,10,47,126,72,86,23,64,88" hai1="80,122,34,16,121,30,74,76,83,123,124,119,31" hai2="69,62,71,43,102,68,87,65,67,8,115,1,130" hai3="4,5,57,48,7,128,77,56,20,36,97,112,117"/><T0/><D108/><U24/><E119/><V73/><F73/><W52/><G117/><T113/><D113/><U17/><E124/><V53/><F115/><W92/><G36/><T75/><D126/><U63/><E31/><V15/><F1/><W81/><G128/><T98/><D98/><U103/><E103/><V89/><F130/><W44/><G20/><T84/><D84/><U118/><E118/><V85/><F102/><W35/><G35/><T78/><D78/><U32/><E32/><V46/><F53/><W106/><G106/><T90/><D0/><U107/><E107/><V127/><F65/><W131/><G131/><T54/><D54/><U116/><E116/><V50/><F127/><W70/><G70/><T100/><D100/><U99/><E99/><V42/><F42/><N who="3" m="24599" /><G112/><T38/><D23/><U19/><E83/><V66/><F66/><W114/><G114/><T26/><D26/><U11/><REACH who="1" step="1"/><E63/><REACH who="1" ten="173,276,291,240" step="2"/><V55/><F62/><N who="3" m="36103" /><G81/><T37/><D28/><U27/><E27/><V82/><F67/><W125/><G125/><T132/><D132/><U6/><E6/><V129/><F129/><W134/><G134/><T14/><D38/><U29/><E29/><V94/><F71/><W21/><G97/><T133/><D133/><U2/><E2/><V41/><F69/><W61/><G61/><T13/><D10/><AGARI ba="1,2" hai="10,11,16,17,19,24,30,34,74,76,80,121,122,123" machi="10" ten="50,3200,0" yaku="1,1,54,1,53,0" doraHai="39" doraHaiUra="135" who="1" fromWho="0" sc="173,-35,276,55,291,0,240,0" owari="138,-36.2,331,43.1,291,9.1,240,-16.0" /></mjloggm>