<mjloggm ver="2.3"><GO type="225" lobby="0"/><UN n0="%4C%4F%4C%49%54%41" n1="%E5%B8%86%E7%AB%8B%E5%A4%8F%E8%A1%A3" n2="%E3%81%82%E3%83%BC%E3%81%97" n3="%E3%81%AF%E3%82%88%E3%81%8A%E3%81%98%E3%81%95%E3%82%93" dan="16,17,16,16" rate="2140.38,2186.66,2089.82,2130.03" sx="F,M,M,M"/><TAIKYOKU oya="0"/><INIT seed="0,0,0,3,0,67" ten="250,250,250,250" oya="0" hai0="129,44,65,135,66,98,82,38,41,52,27,11,127" hai1="74,13,120,78,72,118,80,42,22,9,83,115,4" hai2="5,54,26,100,29,35,47,14,90,61,62,111,130" hai3="37,109,58,2,117,132,94,17,79,32,53,104,114"/><T1/><D129/><U76/><E118/><V112/><F130/><W106/><G117/><T84/><D135/><U50/><E120/><V36/><F112/><W107/><G114/><T34/><D127/><U19/><E115/><V73/><F111/><W88/><G109/><T56/><D98/><U110/><E110/><V39/><F73/><W8/><G132/><T121/><D121/><U116/><E116/><V7/><F100/><W23/><G32/><T122/><D122/><U91/><E91/><V70/><F62/><W31/><G37/><T92/><D92/><U87/><E50/><V60/><F60/><W96/><G79/><T49/><D34/><U71/><E42/><V131/><F131/><W46/><G46/><T20/><D11/><U93/><E93/><V77/><F77/><W28/><G8/><T21/><D1/><U55/><E55/><V97/><F14/><W133/><G2/><T12/><D12/><U119/><E119/><V101/><F90/><W30/><G133/><T24/><D24/><U25/><E87/><V105/><F54/><W95/><G94/><T86/><D21/><U124/><E124/><V0/><F47/><W126/><G126/><T6/><D6/><N who="2" m="2058" /><F0/><W85/><G96/><T68/><D68/><AGARI ba="0,0" hai="4,9,13,19,22,25,68,71,72,74,76,78,80,83" machi="68" ten="40,5200,0" yaku="9,1,52,2" doraHai="67" who="1" fromWho="0" sc="250,-52,250,52,250,0,250,0" /><INIT seed="1,0,0,0,0,91" ten="198,302,250,250" oya="1" hai0="92,32,8,35,49,51,41,66,39,122,1,29,126" hai1="9,114,131,47,48,46,0,118,65,50,100,130,79" hai2="115,52,95,57,69,90,3,71,93,17,110,113,123" hai3="10,7,26,5,84,129,21,6,19,108,16,128,18"/><U28/><E114/><N who="2" m="43531" /><F3/><W117/><G84/><T101/><D126/><U55/><E118/><V54/><F123/><W87/><G87/><T14/><D1/><U44/><E79/><V31/><F31/><N who="3" m="17871" /><G117/><T72/><D72/><U27/><E100/><V133/><F110/><W33/><G33/><T73/><D73/><U104/><E104/><V20/><F90/><W121/><G121/><T2/><D2/><U86/><E65/><V15/><F133/><W98/><G98/><T25/><D35/><U61/><E86/><V94/><F54/><W89/><G89/><T56/><D122/><U96/><E96/><V107/><F107/><W105/><G105/><T75/><D75/><U103/><E103/><V40/><F40/><W109/><G10/><T85/><D39/><U125/><E9/><V59/><F59/><W127/><G127/><T111/><D111/><AGARI ba="0,0" hai="5,6,7,16,18,19,108,109,111,128,129" m="17871" machi="111" ten="40,8000,1" yaku="14,1,34,2,54,1" doraHai="91" who="3" fromWho="0" sc="198,-80,302,0,250,0,250,80" /><INIT seed="2,0,0,1,5,122" ten="118,302,250,330" oya="2" hai0="67,99,45,19,74,11,64,54,121,115,88,117,87" hai1="3,8,21,20,70,77,97,123,15,116,120,90,4" hai2="42,96,108,58,114,94,132,36,81,65,71,61,112" hai3="28,135,29,93,84,2,13,100,48,103,49,14,104"/><V37/><F81/><W5/><G2/><T119/><D121/><N who="1" m="46667" /><E116/><V57/><F94/><W44/><G104/><T38/><D115/><U133/><E133/><V32/><F32/><W56/><G135/><T50/><D74/><U25/><E70/><V118/><F96/><W10/><G14/><T128/><D128/><U86/><E77/><V23/><F23/><N who="1" m="8777" /><E97/><V17/><F17/><W68/><G68/><T125/><D125/><U63/><E63/><N who="2" m="40383" /><F118/><W110/><G110/><T75/><D75/><U34/><E86/><V33/><F33/><W27/><G49/><T73/><D73/><U105/><E90/><V79/><F79/><W39/><G39/><N who="2" m="14921" /><F132/><W107/><G56/><N who="2" m="21609" /><F61/><W102/><G107/><T76/><D119/><U78/><E78/><V51/><F108/><W31/><G27/><T53/><D76/><U24/><E105/><V60/><F60/><W131/><G131/><T80/><D117/><U124/><E34/><V26/><F26/><N who="1" m="10345" /><E124/><V66/><F66/><W85/><REACH who="3" step="1"/><G93/><REACH who="3" ten="118,302,250,320" step="2"/><T129/><D129/><U59/><E3/><V130/><F130/><W72/><G72/><T0/><D0/><U98/><E98/><V22/><F22/><W113/><G113/><T111/><D99/><U12/><E12/><V109/><F109/><W30/><N who="3" m="7168" /><DORA hai="126" /><W83/><G83/><T69/><D111/><U52/><E15/><V91/><F91/><W89/><G89/><T18/><D69/><U82/><E82/><V41/><F51/><W62/><G62/><T1/><D38/><U7/><E8/><V9/><F9/><W43/><AGARI ba="0,1" hai="5,10,13,43,44,48,84,85,100,102,103" m="7168" machi="43" ten="50,8000,1" yaku="1,1,0,1,8,1,53,1" doraHai="122,126" doraHaiUra="6,55" who="3" fromWho="3" sc="118,-20,302,-20,250,-40,320,90" /><INIT seed="3,0,0,0,3,75" ten="98,282,210,410" oya="3" hai0="109,121,23,54,43,56,58,21,86,37,99,101,28" hai1="120,39,73,107,132,128,88,76,68,123,24,81,82" hai2="14,5,46,45,92,40,42,77,17,96,134,113,133" hai3="69,52,61,83,12,117,36,15,34,32,87,59,11"/><W94/><G36/><T90/><D121/><U89/><E68/><V64/><F5/><W62/><G117/><T44/><D109/><U124/><E39/><V33/><F64/><W105/><G105/><T18/><D28/><U66/><E66/><V114/><F33/><W74/><G74/><T63/><D101/><U91/><E24/><V127/><F92/><W31/><G94/><T57/><D86/><U103/><E124/><V131/><F96/><W26/><G32/><T49/><D37/><U111/><E111/><V2/><F14/><W72/><G72/><T55/><D23/><U16/><E16/><V112/><F17/><W130/><G130/><T48/><D48/><U122/><E132/><N who="2" m="50795" /><F2/><W6/><G69/><T19/><D19/><U3/><E3/><V53/><F53/><W78/><G61/><T67/><D43/><N who="2" m="16426" /><F131/><W106/><G106/><T84/><D67/><U41/><E41/><V10/><F10/><W30/><G31/><T118/><D118/><U20/><E20/><V29/><F29/><W8/><G11/><T104/><D104/><U65/><E65/><V7/><F7/><W22/><G34/><T97/><D97/><N who="1" m="61935" /><E128/><V35/><F35/><W4/><G6/><T60/><D60/><U108/><E108/><V79/><F127/><W129/><G129/><T85/><D85/><AGARI ba="0,0" hai="73,76,81,82,85,88,89,91,120,122,123" m="61935" machi="85" ten="30,7700,0" yaku="34,2,52,1,54,1" doraHai="75" who="1" fromWho="0" sc="98,-77,282,77,210,0,410,0" owari="21,-47.9,359,15.9,210,-19.0,410,51.0" /></mjloggm>