<mjloggm ver="2.3"><GO type="225" lobby="0"/><UN n0="%48%61%61%61%6C%61%6E%64" n1="%E6%A1%9C%E8%8A%B1%E9%96%83%E3%80%85" n2="%E6%B8%A9%E2%98%85%E6%83%85%E2%98%85%E6%8E%AA%E2%98%85%E7%BD%AE" n3="%E3%81%A9%E3%82%8F%E3%82%93%E3%81%94" dan="18,16,18,16" rate="2263.25,2127.47,2266.77,2104.44" sx="M,M,M,M"/><TAIKYOKU oya="0"/><INIT seed="0,0,0,5,3,32" ten="250,250,250,250" oya="0" hai0="79,42,118,88,53,19,78,38,106,54,44,127,1" hai1="31,62,74,9,132,131,104,27,43,14,34,133,92" hai2="113,2,109,11,111,36,39,61,93,73,122,6,58" hai3="12,15,60,107,57,5,23,63,8,66,85,126,28"/><T101/><D118/><U13/><E104/><V130/><F122/><W21/><G126/><T16/><D127/><U80/><E131/><V123/><F123/><W18/><G107/><T48/><D1/><U47/><E92/><V128/><F73/><W35/><G35/><T82/><D101/><U84/><E62/><V120/><F120/><W4/><G28/><T51/><D106/><U10/><E74/><V49/><F49/><W0/><G0/><T83/><D38/><N who="2" m="14378" /><F93/><W26/><G23/><T25/><D25/><U117/><E47/><V97/><F97/><W59/><G85/><N who="0" m="50231" /><D42/><U100/><E43/><V75/><F75/><W30/><REACH who="3" step="1"/><G15/><REACH who="3" ten="250,250,250,240" step="2"/><T22/><D22/><U95/><E14/><V110/><F113/><W52/><AGARI ba="0,1" hai="4,5,8,12,18,21,26,30,52,57,59,60,63,66" machi="52" ten="20,12000,2" yaku="1,1,2,1,0,1,7,1,8,1,54,1,53,0" doraHai="32" doraHaiUra="116" who="3" fromWho="3" sc="250,-60,250,-30,250,-30,240,130" /><INIT seed="1,0,0,1,3,19" ten="190,220,220,370" oya="1" hai0="97,82,78,6,69,85,64,129,98,120,1,113,102" hai1="49,39,57,116,96,54,30,126,33,92,118,24,73" hai2="5,14,15,63,135,104,117,45,35,31,13,46,84" hai3="110,105,131,7,3,103,127,77,43,80,88,2,52"/><U134/><E134/><V90/><F117/><W51/><G43/><T56/><D113/><U121/><E121/><V44/><F104/><W132/><G7/><T108/><D120/><U91/><E126/><V114/><F114/><W62/><G62/><T109/><D69/><U100/><E39/><V123/><F123/><W125/><G132/><T22/><D129/><U34/><E73/><V115/><F115/><W32/><G32/><T8/><D22/><U36/><E36/><V50/><F135/><W106/><G131/><T20/><D20/><U70/><E70/><V75/><F75/><W42/><G42/><T11/><D11/><U26/><REACH who="1" step="1"/><E100/><REACH who="1" ten="190,210,220,370" step="2"/><V41/><F5/><W133/><G133/><T59/><D102/><U27/><E27/><V37/><F37/><W74/><G103/><T16/><D108/><U67/><E67/><V76/><F76/><W58/><G110/><T107/><D109/><U4/><E4/><V66/><F66/><W65/><G65/><T60/><D6/><U25/><E25/><V21/><F35/><W38/><G38/><T53/><D1/><N who="3" m="9" /><G88/><T48/><REACH who="0" step="1"/><D107/><REACH who="0" ten="180,210,220,370" step="2"/><U72/><E72/><V95/><F90/><W87/><G127/><T61/><D61/><U94/><E94/><V81/><F63/><W124/><G106/><T9/><D9/><U71/><E71/><V93/><F15/><AGARI ba="0,2" hai="8,15,16,48,53,56,59,60,64,78,82,85,97,98" machi="15" ten="40,5200,0" yaku="1,1,8,1,54,1,53,0" doraHai="19" doraHaiUra="111" who="0" fromWho="2" sc="180,72,210,0,220,-52,370,0" /><INIT seed="2,0,0,5,2,79" ten="252,210,168,370" oya="2" hai0="128,35,4,73,51,22,103,105,59,126,127,75,41" hai1="24,131,29,2,14,87,57,58,40,18,26,134,130" hai2="90,120,88,89,19,84,37,123,44,125,6,7,36" hai3="1,114,96,56,97,12,47,111,76,49,67,133,27"/><V78/><F125/><N who="0" m="47626" /><D35/><N who="1" m="20903" /><E2/><V109/><F109/><W33/><G1/><T108/><D108/><U54/><E40/><V124/><F124/><W117/><G133/><T63/><D128/><N who="1" m="49195" /><E134/><V39/><F44/><W15/><G111/><T116/><D116/><U101/><E101/><V91/><F19/><W8/><G114/><T70/><D4/><U102/><E102/><V113/><F78/><W81/><G117/><T104/><D103/><U20/><E87/><V82/><REACH who="2" step="1"/><F113/><REACH who="2" ten="252,210,158,370" step="2"/><W52/><G76/><T95/><D73/><U68/><E68/><V93/><F93/><W83/><G47/><N who="0" m="26095" /><D70/><U42/><E42/><V21/><F21/><W25/><G33/><T98/><D22/><N who="1" m="11607" /><E54/><V121/><AGARI ba="0,1" hai="6,7,36,37,39,82,84,88,89,90,91,120,121,123" machi="121" ten="50,24000,3" yaku="1,1,0,1,29,2,52,1,54,1,53,3" doraHai="79" doraHaiUra="119" who="2" fromWho="2" sc="252,-80,210,-80,158,250,370,-80" /><INIT seed="2,1,0,5,3,2" ten="172,130,408,290" oya="2" hai0="14,82,7,50,95,12,37,3,81,103,67,36,55" hai1="75,30,11,73,110,52,4,113,46,47,96,93,65" hai2="0,129,105,9,23,5,17,27,56,101,33,6,74" hai3="61,115,44,63,49,59,84,125,22,100,38,99,77"/><V118/><F74/><W109/><G125/><T134/><D134/><U104/><E113/><V31/><F56/><W43/><G109/><T88/><D67/><U123/><E104/><V28/><F101/><W45/><G115/><T21/><D103/><U131/><E110/><V108/><F105/><W24/><G77/><T121/><D121/><U79/><E123/><V114/><F108/><W122/><G84/><N who="0" m="52615" /><D3/><U13/><E131/><V124/><F114/><W106/><G122/><T90/><D36/><U39/><E65/><V64/><F64/><W57/><G63/><T111/><D37/><U98/><E30/><N who="2" m="19679" /><F124/><W91/><G91/><T69/><D69/><U117/><E117/><V70/><F70/><W34/><G61/><T51/><D90/><U132/><E132/><V68/><F68/><W83/><G83/><T32/><D32/><U78/><E73/><V86/><F86/><W126/><G34/><T130/><D50/><N who="1" m="28759" /><E75/><V72/><F72/><W26/><G126/><T94/><D111/><U8/><E39/><V119/><F129/><W97/><G38/><T10/><D130/><U107/><E107/><V35/><F35/><W71/><G71/><T54/><D94/><U85/><E47/><V53/><F53/><N who="0" m="19978" /><D51/><U120/><E120/><V76/><F76/><N who="1" m="29225" /><E93/><V135/><F135/><W25/><G106/><T20/><D81/><U92/><E92/><V102/><F119/><W18/><G45/><T80/><D80/><U128/><E128/><V1/><F118/><W127/><G127/><T62/><D82/><U89/><E11/><N who="2" m="2471" /><F102/><W19/><G100/><T87/><D87/><RYUUKYOKU ba="1,0" sc="172,-15,130,15,408,15,290,-15" hai1="4,8,13,85,89,96,98" hai2="1,6,9,17,23,28,31" /><INIT seed="2,2,0,5,1,54" ten="157,145,423,275" oya="2" hai0="34,91,9,55,86,33,72,118,6,125,61,42,35" hai1="104,19,52,115,101,79,37,18,13,41,116,76,114" hai2="130,67,123,98,60,40,111,95,126,133,131,15,117" hai3="129,46,90,93,22,25,1,8,78,14,47,103,5"/><V124/><F117/><W66/><G129/><N who="2" m="49161" /><F123/><W82/><G103/><T43/><D72/><U119/><E41/><V134/><F40/><W57/><G1/><T63/><D125/><N who="2" m="48234" /><F15/><W122/><G122/><T20/><D118/><U28/><E28/><V70/><F111/><W89/><G14/><T16/><D42/><U26/><E101/><AGARI ba="2,0" hai="60,67,70,95,98,101,133,134" m="48234,49161" machi="101" ten="30,11600,0" yaku="30,2,19,1,18,1" doraHai="54" who="2" fromWho="1" sc="157,0,145,-122,423,122,275,0" /><INIT seed="2,3,0,3,1,47" ten="157,23,545,275" oya="2" hai0="98,74,44,123,126,114,68,79,41,16,26,85,37" hai1="91,78,8,52,17,50,62,111,83,93,3,42,33" hai2="53,64,105,122,61,21,1,4,67,25,29,86,51" hai3="132,30,12,36,100,87,115,120,43,7,59,99,23"/><V97/><F122/><W130/><G120/><T109/><D123/><U113/><E113/><V129/><F129/><W38/><G130/><T28/><D114/><U108/><E33/><V39/><F39/><W9/><G115/><T46/><D109/><N who="1" m="42059" /><E42/><V107/><F67/><W73/><G73/><T110/><D110/><U131/><E131/><V77/><F97/><W72/><G72/><T81/><D68/><U116/><E116/><V24/><F24/><W82/><G132/><T76/><D126/><U101/><E101/><V103/><F103/><W22/><G59/><T128/><D128/><U31/><E31/><V96/><F96/><W48/><G38/><T19/><D98/><N who="1" m="57663" /><E62/><V5/><F105/><W94/><G36/><T90/><D41/><U27/><E27/><V102/><F102/><W60/><G60/><T75/><D37/><U88/><E78/><V32/><F32/><W57/><G30/><T11/><D79/><U13/><E3/><V106/><F1/><W10/><G43/><T58/><D28/><U121/><E121/><V80/><F107/><W84/><G100/><T14/><D26/><U134/><E134/><V124/><F106/><W135/><G135/><T89/><D76/><U112/><E112/><V70/><F124/><W119/><G119/><T95/><D90/><U34/><E34/><V125/><F125/><W133/><G133/><T40/><D89/><U15/><E15/><V6/><F5/><W63/><G7/><T65/><D14/><U56/><E88/><V104/><F104/><W0/><G0/><T54/><D95/><U127/><E127/><RYUUKYOKU ba="3,0" sc="157,-15,23,15,545,15,275,-15" hai1="8,13,17,50,52,56,83" hai2="4,6,21,25,29,51,53,61,64,70,77,80,86" /><INIT seed="2,4,0,2,2,13" ten="142,38,560,260" oya="2" hai0="125,101,12,73,18,28,59,109,83,10,24,9,98" hai1="87,49,116,40,50,129,32,106,94,38,34,91,5" hai2="127,64,30,65,44,124,104,88,71,19,35,16,130" hai3="2,62,8,72,103,75,37,122,52,70,128,46,82"/><V39/><F104/><W74/><G122/><T25/><D109/><U105/><E116/><V48/><F39/><W76/><G103/><T111/><D111/><U107/><E129/><V20/><F130/><W63/><G128/><T80/><D125/><N who="2" m="48202" /><F35/><W22/><G22/><T90/><D9/><U0/><E38/><V61/><F65/><N who="3" m="41271" /><G52/><T115/><D101/><U27/><E40/><N who="2" m="24583" /><F88/><W96/><G63/><T57/><D90/><U55/><E34/><V66/><F66/><W4/><G96/><T17/><D98/><U78/><E32/><V42/><F42/><AGARI ba="4,0" hai="2,4,8,37,42,46,72,74,75,76,82" m="41271" machi="42" ten="30,3900,0" yaku="25,1,33,2" doraHai="13" who="3" fromWho="2" sc="142,0,38,0,560,-51,260,51" /><INIT seed="3,0,0,5,1,114" ten="142,38,509,311" oya="3" hai0="134,21,42,65,50,122,52,92,4,20,71,43,3" hai1="59,127,0,15,117,118,97,57,95,116,130,109,110" hai2="73,34,119,17,24,106,78,61,54,77,45,107,53" hai3="129,83,14,99,91,35,60,40,44,64,94,125,13"/><W112/><G35/><T88/><D122/><U113/><E0/><V16/><F119/><N who="1" m="30465" /><U28/><DORA hai="111" /><E113/><V103/><F103/><W66/><G112/><T115/><D134/><U8/><E28/><V5/><F5/><W67/><G129/><T75/><D75/><U86/><E86/><V133/><F73/><W108/><G125/><T39/><D4/><N who="1" m="3463" /><E130/><V84/><F34/><W56/><G108/><N who="1" m="41578" /><E127/><V98/><F24/><W46/><G83/><T30/><D3/><U22/><E22/><V85/><F45/><N who="3" m="17515" /><G40/><T32/><D42/><U62/><E62/><V25/><F25/><W48/><G48/><T81/><D115/><U1/><E1/><V80/><F54/><AGARI ba="0,0" hai="13,14,54,56,60,64,66,67,91,94,99" m="17515" machi="54" ten="30,1500,0" yaku="8,1" doraHai="114,111" who="3" fromWho="2" sc="142,0,38,0,509,-15,311,15" /><INIT seed="3,1,0,3,3,12" ten="142,38,494,326" oya="3" hai0="73,124,54,114,109,90,75,1,84,72,27,61,35" hai1="69,40,10,8,105,7,31,96,42,24,62,108,64" hai2="30,135,87,9,132,93,59,45,11,101,53,111,33" hai3="34,63,32,51,112,39,57,119,16,21,41,19,82"/><W107/><G119/><T74/><D1/><U118/><E108/><V36/><F111/><W0/><G112/><T22/><D109/><U128/><E128/><V68/><F68/><W26/><G0/><T38/><D38/><U65/><E65/><V129/><F129/><W122/><G107/><T98/><D74/><U123/><E10/><V104/><F104/><W100/><G39/><T25/><D98/><U71/><E71/><V78/><F30/><N who="3" m="17743" /><G32/><T126/><D114/><U52/><E123/><V49/><F33/><W131/><G34/><T46/><D35/><U18/><E31/><V134/><F101/><W28/><G28/><T43/><D75/><U76/><E118/><V37/><F37/><W113/><G113/><T48/><D73/><U89/><E76/><V85/><F78/><W117/><G117/><T121/><D72/><U127/><E127/><V95/><F36/><W23/><G131/><T92/><D121/><U3/><E89/><N who="2" m="53423" /><F45/><N who="3" m="26031" /><G122/><T94/><D124/><U47/><E96/><V103/><F103/><W15/><G100/><T115/><D126/><U83/><E83/><V97/><F97/><W130/><G130/><T77/><D115/><U106/><E106/><V67/><F67/><N who="3" m="39407" /><G82/><T99/><D99/><U60/><E105/><V70/><F70/><W6/><G23/><T120/><D22/><N who="1" m="13399" /><E47/><V125/><F125/><W17/><G6/><T116/><D120/><U13/><E3/><V79/><F95/><W14/><AGARI ba="1,0" hai="14,15,16,17,19" m="39407,26031,17743" machi="14" ten="30,12000,1" yaku="8,1,52,3,54,1" doraHai="12" who="3" fromWho="3" sc="142,-41,38,-41,494,-41,326,123" owari="101,-29.9,-3,-50.3,453,55.3,449,24.9" /></mjloggm>