<mjloggm ver="2.3"><GO type="225" lobby="0"/><UN n0="%33%74%72%65%65" n1="%E3%83%A2%E3%82%B0%E3%83%9E%E3%83%AA%E3%83%A2" n2="%E3%81%A9%E3%82%93%E3%82%88%E3%81%8F%4D%6B%2E%32" n3="%73%6C%69%63%6B%33%31%39" dan="16,16,16,16" rate="2139.46,2101.14,2181.03,2151.77" sx="F,M,M,M"/><TAIKYOKU oya="0"/><INIT seed="0,0,0,1,2,90" ten="250,250,250,250" oya="0" hai0="94,69,32,74,115,49,36,130,89,15,16,106,44" hai1="135,70,21,53,118,125,18,122,57,123,20,133,132" hai2="88,112,98,61,29,81,108,11,105,4,121,85,104" hai3="119,60,120,5,92,58,78,71,24,27,128,38,111"/><T82/><D115/><U26/><E70/><V99/><F112/><W117/><G38/><T87/><D106/><U129/><E118/><V84/><F121/><N who="1" m="46089" /><E53/><V91/><F29/><W55/><G120/><T22/><D69/><U50/><E50/><V43/><F43/><W79/><G111/><T65/><D32/><U42/><E42/><V54/><F108/><W14/><G128/><T80/><D36/><U8/><E57/><V93/><F54/><W19/><G71/><T17/><D65/><U127/><E8/><V114/><F61/><W68/><G68/><T9/><D74/><U76/><E76/><N who="3" m="29226" /><G5/><T77/><D77/><U41/><E41/><V66/><F66/><W13/><G13/><N who="0" m="9487" /><D130/><U47/><E47/><V95/><F114/><W12/><G12/><T63/><D63/><U31/><E129/><V102/><F85/><W6/><G6/><T62/><D62/><U109/><E109/><V30/><F30/><W86/><G117/><T131/><D131/><U134/><N who="1" m="33792" /><DORA hai="97" /><U67/><E67/><V1/><AGARI ba="0,0" hai="1,4,11,81,84,88,91,93,95,98,99,102,104,105" machi="1" ten="20,12000,2" yaku="0,1,7,1,52,3,54,1" doraHai="90,97" who="2" fromWho="2" sc="250,-60,250,-30,250,120,250,-30" /><INIT seed="1,0,0,1,4,116" ten="190,220,370,220" oya="1" hai0="131,129,26,34,38,3,25,11,33,114,132,6,80" hai1="97,124,123,66,13,9,22,49,122,83,104,8,70" hai2="59,102,21,67,87,100,5,1,84,135,110,45,55" hai3="46,86,61,96,88,76,133,69,109,127,85,101,30"/><U4/><E124/><V98/><F110/><W39/><G109/><T120/><D38/><U105/><E22/><V19/><F135/><W119/><G127/><T62/><D62/><U115/><E115/><V27/><F67/><W93/><G133/><T51/><D132/><U53/><E83/><V92/><F45/><W72/><G119/><T112/><D51/><U121/><E97/><V74/><F74/><W64/><G30/><T7/><D80/><U108/><E108/><V73/><F73/><W31/><G31/><T40/><D40/><U32/><E32/><V28/><F1/><W117/><G117/><T24/><D7/><U118/><E118/><V50/><F5/><W77/><G72/><T29/><D120/><U12/><E70/><V91/><F28/><W54/><G86/><AGARI ba="0,0" hai="19,21,27,50,55,59,84,86,87,91,92,98,100,102" machi="86" ten="40,1300,0" yaku="8,1" doraHai="116" who="2" fromWho="3" sc="190,0,220,0,370,13,220,-13" /><INIT seed="2,0,0,5,5,72" ten="190,220,383,207" oya="2" hai0="127,6,34,87,124,21,108,85,115,52,111,7,104" hai1="107,109,98,92,88,12,86,79,119,133,114,122,89" hai2="10,47,57,1,32,105,45,63,17,50,69,84,55" hai3="103,2,56,60,117,101,59,126,118,18,76,81,112"/><V113/><F105/><W9/><G126/><N who="0" m="48171" /><D34/><U37/><E37/><V120/><F120/><W13/><G112/><T28/><D104/><U90/><E114/><V74/><F74/><W135/><G135/><T70/><D70/><U38/><E38/><V24/><F113/><W58/><G60/><T49/><D115/><U27/><E27/><V64/><F84/><N who="0" m="32330" /><D21/><U131/><E122/><V14/><REACH who="2" step="1"/><F1/><REACH who="2" ten="190,220,373,207" step="2"/><W65/><G2/><T116/><D116/><U31/><E107/><V77/><F77/><W75/><REACH who="3" step="1"/><G65/><REACH who="3" ten="190,220,373,197" step="2"/><T91/><D108/><U39/><E109/><V61/><F61/><W99/><G99/><T54/><D111/><U71/><E98/><V67/><F67/><W48/><G48/><T30/><D49/><U95/><E39/><V78/><F78/><W121/><G121/><T66/><D66/><U68/><E79/><V132/><F132/><W5/><G5/><T51/><D51/><U8/><E133/><V106/><F106/><W40/><G40/><T123/><D123/><U134/><E134/><V82/><F82/><W94/><G94/><T19/><D6/><U46/><E119/><AGARI ba="0,2" hai="9,13,18,56,58,59,75,76,81,101,103,117,118,119" machi="119" ten="40,5200,0" yaku="1,1,52,1,53,1" doraHai="72" doraHaiUra="4" who="3" fromWho="1" sc="190,0,220,-52,373,0,197,72" /><INIT seed="3,0,0,1,2,92" ten="190,168,373,269" oya="3" hai0="64,38,31,99,93,17,21,41,23,1,102,113,130" hai1="115,57,12,19,122,50,42,132,101,9,43,60,53" hai2="47,106,26,123,114,8,133,22,79,63,65,83,54" hai3="55,37,13,10,16,107,117,3,134,118,82,74,76"/><W110/><G107/><T58/><D1/><U36/><E132/><V32/><F106/><W18/><G134/><T40/><D130/><U69/><E122/><V73/><F114/><W6/><G110/><T15/><D38/><U70/><E115/><V125/><F133/><W95/><G37/><T112/><D112/><U81/><E81/><V68/><F32/><W78/><G78/><T96/><D96/><U56/><E70/><V48/><F125/><W121/><G121/><T27/><D113/><U98/><E69/><V71/><F8/><W90/><G55/><T128/><D128/><U84/><E84/><V86/><F123/><W109/><G109/><T94/><D94/><U89/><E89/><V97/><F97/><W24/><G24/><T91/><D91/><U33/><E33/><V14/><F14/><W34/><G34/><T72/><D72/><U59/><E36/><V135/><F135/><W0/><G18/><T5/><D5/><U108/><E108/><V51/><F51/><W52/><G52/><T119/><D119/><U67/><REACH who="1" step="1"/><E59/><REACH who="1" ten="190,158,373,269" step="2"/><V131/><F71/><W87/><G118/><T29/><D29/><U105/><AGARI ba="0,1" hai="9,12,19,42,43,50,53,56,57,60,67,98,101,105" machi="105" ten="20,8000,1" yaku="1,1,2,1,0,1,7,1,52,1,53,0" doraHai="92" doraHaiUra="30" who="1" fromWho="1" sc="190,-20,158,90,373,-20,269,-40" owari="170,-33.0,248,4.8,353,45.3,229,-17.1" /></mjloggm>