<mjloggm ver="2.3"><GO type="225" lobby="0"/><UN n0="%6D%75%75%6D%75%72%61" n1="%45%6C%79%73%69%75%6D" n2="%30%2E%31%32%30" n3="%E3%81%95%E3%81%8D%E3%81%9F%E3%81%BE%E6%9E%97%E6%AA%8E" dan="17,18,16,16" rate="2187.95,2153.99,2075.94,2104.34" sx="F,F,M,M"/><TAIKYOKU oya="0"/><INIT seed="0,0,0,4,4,28" ten="250,250,250,250" oya="0" hai0="89,71,30,109,107,35,36,121,5,78,80,37,58" hai1="70,13,15,18,17,24,62,74,84,129,106,130,63" hai2="3,91,86,104,133,75,65,85,40,14,45,50,43" hai3="135,110,33,44,7,61,19,100,8,34,97,31,51"/><T72/><D121/><U29/><E74/><V119/><F3/><W73/><G73/><T102/><D71/><U9/><E106/><V41/><F75/><W124/><G124/><T20/><D109/><U39/><E39/><V132/><F104/><W25/><G19/><T123/><D123/><U101/><E84/><V4/><F65/><W122/><G110/><T38/><D20/><N who="1" m="11327" /><E101/><V16/><F4/><W112/><G112/><T42/><D5/><U108/><E70/><V68/><F68/><W49/><G122/><T111/><D111/><U48/><E48/><V76/><F76/><W116/><G116/><T96/><D58/><U67/><E67/><V128/><F86/><W82/><G82/><T77/><D77/><U94/><E94/><N who="2" m="54639" /><F119/><W64/><G135/><N who="2" m="51785" /><F128/><N who="1" m="49257" /><E108/><V134/><N who="2" m="51793" /><V115/><DORA hai="66" /><F115/><W47/><G51/><T0/><D0/><U55/><E55/><V54/><F54/><W114/><G114/><T79/><D79/><U92/><E92/><V10/><AGARI ba="0,0" hai="10,14,16,40,41,43,45,50" m="51793,54639" machi="10" ten="40,2700,0" yaku="20,1,54,1" doraHai="28,66" who="2" fromWho="2" sc="250,-13,250,-7,250,27,250,-7" /><INIT seed="1,0,0,1,5,25" ten="237,243,277,243" oya="1" hai0="84,57,97,49,18,6,116,33,103,106,99,37,88" hai1="73,108,74,3,105,77,52,64,10,72,75,7,67" hai2="15,120,47,46,53,13,17,86,119,9,135,107,104" hai3="69,121,60,122,36,78,35,39,58,83,61,79,5"/><U133/><E105/><V82/><F120/><W21/><G35/><T19/><D37/><U62/><E133/><V56/><F119/><W113/><G113/><T124/><D116/><U129/><E129/><V24/><F135/><W126/><G126/><T80/><D124/><U50/><E108/><V12/><F107/><W40/><G5/><T48/><D33/><U11/><E11/><V117/><F104/><W127/><G127/><T54/><D99/><U100/><E100/><V110/><F110/><W45/><G39/><T41/><REACH who="0" step="1"/><D6/><REACH who="0" ten="227,243,277,243" step="2"/><U30/><E7/><V14/><F117/><W16/><G69/><T89/><D89/><U8/><E77/><N who="2" m="46415" /><F24/><W98/><G98/><T123/><D123/><U130/><E130/><V68/><F68/><W22/><G79/><T42/><D42/><U111/><E111/><V134/><F134/><W87/><G22/><T109/><D109/><U91/><E91/><V28/><F28/><W131/><G131/><T102/><D102/><U4/><E8/><V23/><F9/><W76/><G76/><T94/><D94/><U51/><E30/><V31/><F31/><W43/><G43/><T115/><D115/><U32/><E32/><V20/><F20/><W38/><G38/><T63/><D63/><AGARI ba="0,1" hai="12,13,14,15,17,23,46,47,53,56,63" m="46415" machi="63" ten="30,1000,0" yaku="8,1" doraHai="25" who="2" fromWho="0" sc="227,-10,243,0,277,20,243,0" /><INIT seed="2,0,0,1,0,49" ten="217,243,297,243" oya="2" hai0="111,65,82,21,96,69,57,13,39,32,5,79,87" hai1="46,37,36,9,125,20,0,129,101,24,54,3,16" hai2="38,23,43,123,67,130,51,91,66,83,41,27,114" hai3="12,29,50,22,76,17,62,128,119,102,58,68,131"/><V107/><F107/><W109/><G109/><T75/><D32/><U121/><E125/><V132/><F123/><W63/><G119/><T42/><D111/><U70/><E70/><V84/><F38/><W73/><G102/><T19/><D69/><U81/><E129/><N who="3" m="49738" /><G29/><T90/><D96/><U34/><E121/><V94/><F130/><W110/><G110/><T134/><D134/><U86/><E34/><V112/><F132/><W97/><G97/><T45/><D5/><U106/><E101/><V74/><F112/><W95/><G95/><T18/><D18/><U52/><E106/><V31/><F114/><W61/><G68/><T10/><D65/><U15/><E0/><V99/><F74/><W40/><G40/><N who="2" m="15433" /><F51/><W47/><G47/><T2/><D2/><U89/><E3/><V4/><F4/><W118/><G118/><T85/><D75/><U135/><E135/><V30/><F30/><W98/><G98/><T93/><REACH who="0" step="1"/><D57/><REACH who="0" ten="207,243,297,243" step="2"/><U100/><E100/><AGARI ba="0,1" hai="23,27,31,66,67,83,84,91,94,99,100" m="15433" machi="100" ten="30,1500,0" yaku="8,1" doraHai="49" who="2" fromWho="1" sc="207,0,243,-15,297,25,243,0" /><INIT seed="2,1,0,2,4,40" ten="207,228,322,243" oya="2" hai0="53,127,79,88,130,74,29,60,134,122,55,110,16" hai1="81,112,64,66,80,13,68,87,108,129,99,123,78" hai2="93,6,41,45,135,10,75,117,8,69,57,115,26" hai3="62,86,35,70,56,15,1,25,77,128,28,46,73"/><V5/><F69/><W33/><G128/><T92/><D122/><U2/><E2/><V47/><F75/><W109/><G109/><T7/><D130/><U102/><E129/><V31/><F117/><W32/><G73/><T34/><D110/><U36/><E112/><V72/><F72/><W58/><G70/><T106/><D106/><U23/><E108/><V3/><F41/><W132/><G1/><T91/><D127/><U85/><E36/><V84/><F135/><W116/><G132/><T27/><D134/><U38/><E38/><V49/><F115/><W4/><G116/><T104/><D104/><U76/><E68/><V65/><F84/><W19/><G58/><T119/><D7/><U48/><E48/><V97/><F49/><W98/><G4/><T95/><D119/><U52/><E52/><V12/><F57/><W9/><G46/><T105/><D105/><U59/><E59/><V18/><F65/><W67/><G98/><T107/><D107/><U42/><E42/><V126/><F5/><W101/><G101/><T90/><D60/><U124/><E123/><V100/><F126/><W20/><G86/><T21/><D55/><U118/><E124/><V114/><F114/><W121/><G121/><T50/><D74/><U17/><E118/><V125/><F125/><W61/><G61/><T120/><D120/><U111/><E111/><V96/><F96/><W0/><G0/><T51/><D79/><U89/><E76/><V113/><F113/><W133/><G133/><T94/><D53/><U39/><E39/><V83/><F3/><W37/><G37/><RYUUKYOKU ba="1,0" sc="207,10,228,10,322,-30,243,10" hai0="16,21,27,29,34,50,51,88,90,91,92,94,95" hai1="13,17,23,64,66,78,80,81,85,87,89,99,102" hai3="9,15,19,20,25,28,32,33,35,56,62,67,77" /><INIT seed="3,2,0,3,1,34" ten="217,238,292,253" oya="3" hai0="28,36,33,134,56,103,81,26,106,17,80,125,23" hai1="20,92,91,48,58,84,88,41,74,31,27,29,83" hai2="42,86,45,3,132,105,6,43,89,90,98,63,64" hai3="2,16,38,117,85,129,78,100,19,70,55,62,104"/><W40/><G117/><T123/><D123/><U114/><E114/><V47/><F3/><W68/><G104/><T101/><D125/><U52/><E41/><N who="2" m="15371" /><F105/><W8/><G100/><T54/><D36/><U18/><E74/><V9/><F132/><W93/><G38/><T57/><D134/><U99/><AGARI ba="2,0" hai="18,20,27,29,31,48,52,58,83,84,88,91,92,99" machi="99" ten="20,8000,1" yaku="0,1,7,1,8,1,54,2" doraHai="34" who="1" fromWho="1" sc="217,-22,238,86,292,-22,253,-42" owari="195,-30.5,324,42.4,270,7.0,211,-18.9" /></mjloggm>