<mjloggm ver="2.3"><GO type="225" lobby="0"/><UN n0="%E6%B8%A9%E2%98%85%E6%83%85%E2%98%85%E6%8E%AA%E2%98%85%E7%BD%AE" n1="%73%61%6E%64%69%72%69%73" n2="%E4%B8%89%E5%86%A0%E7%8E%8B%E3%83%BB%E5%B1%B1%E7%94%B0%E5%93%B2%E4%BA%BA" n3="%E5%8C%97%E6%AC%A7%E3%81%AE%E3%82%82%E3%81%93%E3%81%86" dan="16,16,16,17" rate="2171.97,2163.08,2095.16,2140.34" sx="M,M,M,M"/><TAIKYOKU oya="0"/><INIT seed="0,0,0,0,3,15" ten="250,250,250,250" oya="0" hai0="100,11,61,50,13,40,62,49,91,122,116,17,71" hai1="6,123,52,55,45,28,120,67,112,34,114,103,4" hai2="57,29,132,73,111,102,3,117,125,124,43,27,118" hai3="2,108,129,72,14,16,86,106,0,70,81,94,10"/><T89/><D116/><N who="2" m="44650" /><F73/><W22/><G106/><T56/><D122/><U26/><E67/><V68/><F68/><W12/><G108/><T96/><D71/><U23/><E103/><V90/><F111/><W32/><G32/><T109/><D109/><U97/><E97/><V80/><F102/><W93/><G129/><T48/><D40/><U113/><E34/><N who="2" m="20799" /><F43/><W46/><G72/><T134/><D134/><U9/><E4/><V64/><F3/><W115/><G115/><T101/><D101/><U19/><E28/><V88/><F132/><W95/><G70/><T83/><D83/><U1/><REACH who="1" step="1"/><E45/><REACH who="1" ten="250,240,250,250" step="2"/><V131/><F131/><W121/><G46/><T128/><D128/><U107/><E107/><V133/><F133/><W78/><REACH who="3" step="1"/><G121/><AGARI ba="0,1" hai="1,6,9,19,23,26,52,55,112,113,114,120,121,123" machi="121" ten="50,8000,1" yaku="1,1,11,1,52,1,54,1,53,0" doraHai="15" doraHaiUra="30" who="1" fromWho="3" sc="250,0,240,90,250,0,250,-80" /><INIT seed="1,0,0,3,3,33" ten="250,330,250,170" oya="1" hai0="22,48,32,41,134,29,88,86,45,16,69,119,9" hai1="124,4,79,114,61,51,42,15,94,113,77,101,12" hai2="115,98,99,7,111,84,108,117,1,58,107,62,106" hai3="127,91,89,44,3,66,128,68,6,118,73,57,110"/><U129/><E129/><V70/><F117/><W59/><G73/><T25/><D119/><U95/><E124/><V126/><F126/><W63/><G118/><T5/><D134/><U121/><E121/><V47/><F70/><W97/><G127/><T100/><D69/><U71/><E101/><V49/><F115/><W40/><G128/><T50/><D100/><U36/><E51/><V131/><F131/><W43/><G110/><N who="2" m="42025" /><F84/><W65/><G68/><T11/><D50/><U75/><E71/><V39/><F39/><W81/><G81/><T87/><D87/><U64/><E4/><V102/><F99/><W28/><G28/><T19/><D32/><U135/><E64/><N who="2" m="38999" /><F107/><W35/><G97/><T53/><D53/><U72/><E61/><V30/><F30/><W0/><G63/><T120/><D120/><U109/><E109/><V76/><F76/><W38/><G6/><T125/><D125/><U24/><E42/><N who="2" m="24823" /><F7/><W133/><G35/><T132/><D132/><U116/><E116/><V60/><F60/><W56/><G56/><T67/><D67/><U8/><E36/><V93/><F106/><W78/><G38/><T92/><D11/><U74/><E74/><V80/><F80/><W85/><G133/><T27/><D27/><U10/><E135/><V82/><F82/><W46/><REACH who="3" step="1"/><G85/><REACH who="3" ten="250,330,250,160" step="2"/><T52/><D5/><U21/><E75/><V55/><F55/><W130/><G130/><T104/><D52/><U112/><E72/><V122/><F122/><W54/><G54/><T31/><D104/><U83/><E113/><V13/><F1/><W2/><G2/><RYUUKYOKU ba="0,1" sc="250,10,330,-30,250,10,160,10" hai0="9,16,19,22,25,29,31,41,45,48,86,88,92" hai2="13,93,98,102" hai3="0,3,40,43,44,46,57,59,65,66,78,89,91" /><INIT seed="2,1,1,2,3,121" ten="260,300,260,170" oya="2" hai0="75,86,55,13,2,135,127,17,33,77,93,103,63" hai1="44,65,96,50,45,52,28,70,34,7,125,84,10" hai2="102,12,71,66,23,32,83,11,92,106,0,9,58" hai3="22,60,49,27,132,122,81,18,8,64,80,24,120"/><V25/><F0/><W131/><G132/><T129/><D2/><U134/><E134/><V46/><F71/><W94/><G131/><T91/><D33/><U88/><E125/><V82/><F106/><W40/><G122/><T26/><D135/><U57/><E70/><V119/><F32/><W14/><G120/><T62/><D127/><U85/><E28/><N who="2" m="17471" /><F46/><N who="1" m="18025" /><E34/><V73/><F73/><W47/><G94/><T36/><D36/><U90/><E65/><V109/><F109/><W16/><REACH who="3" step="1"/><G24/><REACH who="3" ten="260,300,260,160" step="2"/><T42/><D93/><U41/><E96/><N who="2" m="59655" /><F119/><W53/><G53/><T107/><D55/><U118/><E118/><V95/><F95/><W56/><AGARI ba="1,2" hai="8,14,16,18,22,27,40,47,49,56,60,64,80,81" machi="56" ten="20,8000,1" yaku="1,1,0,1,7,1,8,1,54,1,53,0" doraHai="121" doraHaiUra="114" who="3" fromWho="3" sc="260,-21,300,-21,260,-41,160,103" /><INIT seed="3,0,0,3,3,124" ten="239,279,219,263" oya="3" hai0="29,61,66,32,82,55,93,19,104,1,74,105,102" hai1="94,72,10,56,133,129,97,123,116,31,5,21,28" hai2="95,107,2,59,44,130,83,77,132,18,67,23,49" hai3="127,125,106,115,88,114,60,30,110,57,53,46,126"/><W41/><G106/><T11/><D55/><U47/><E72/><V89/><F132/><W12/><G30/><T113/><D113/><N who="3" m="43017" /><G12/><T40/><D40/><U84/><E123/><V4/><F107/><W78/><G78/><T33/><D93/><U135/><E84/><V45/><F130/><W26/><G26/><N who="0" m="18487" /><D19/><U35/><E129/><V65/><F2/><W128/><G128/><T98/><D33/><U54/><E47/><N who="2" m="17995" /><F4/><W38/><G88/><T76/><D98/><U42/><E35/><V20/><F77/><W51/><G110/><T17/><D17/><U85/><E85/><N who="2" m="52655" /><F83/><W92/><G92/><T103/><D103/><U14/><E133/><V119/><F119/><W117/><G117/><T68/><D102/><U122/><E135/><V22/><F18/><W43/><G43/><T37/><D37/><AGARI ba="0,0" hai="37,38,41,46,51,53,57,60,125,126,127" m="43017" machi="37" ten="40,7700,0" yaku="18,1,34,2" doraHai="124" who="3" fromWho="0" sc="239,-77,279,0,219,0,263,77" owari="162,-33.8,279,7.9,219,-18.1,340,44.0" /></mjloggm>