<mjloggm ver="2.3"><GO type="225" lobby="0"/><UN n0="%E3%82%B5%E3%83%AB%E3%82%B7%E3%83%B3" n1="%E3%81%8F%E3%81%BE%E3%81%96%E3%82%8F" n2="%6D%75%75%6D%75%72%61" n3="%E3%83%A1%E3%82%AC%E3%83%87%E3%82%B8" dan="16,16,17,16" rate="2117.20,2058.76,2209.90,2100.33" sx="M,M,F,F"/><TAIKYOKU oya="0"/><INIT seed="0,0,0,3,1,102" ten="250,250,250,250" oya="0" hai0="132,3,67,50,63,24,78,73,47,121,0,81,89" hai1="65,17,130,122,131,39,129,108,20,19,72,55,30" hai2="90,54,82,5,123,28,46,87,37,66,2,85,113" hai3="35,104,116,110,56,71,128,53,135,25,48,16,61"/><T83/><D121/><U49/><E122/><V62/><F123/><W36/><G116/><T98/><D132/><U58/><E108/><V10/><F113/><W91/><G110/><T92/><D24/><N who="1" m="16647" /><E39/><V133/><F133/><W75/><G75/><T88/><D83/><U68/><E72/><V93/><F28/><W134/><G36/><T57/><REACH who="0" step="1"/><D89/><REACH who="0" ten="240,250,250,250" step="2"/><U8/><E131/><V12/><F82/><W117/><G91/><T32/><D32/><U51/><E130/><V59/><F87/><W100/><G35/><T18/><D18/><U27/><E19/><V31/><F31/><W77/><G128/><T86/><D86/><U45/><E27/><V15/><F85/><W14/><G25/><T125/><D125/><U96/><E17/><V127/><F127/><W94/><G134/><T52/><AGARI ba="0,1" hai="0,3,47,50,52,57,63,67,73,78,81,88,92,98" machi="52" ten="20,12000,1" yaku="1,1,0,1,7,1,54,2,53,0" doraHai="102" doraHaiUra="99" who="0" fromWho="0" sc="240,130,250,-40,250,-40,250,-40" /><INIT seed="0,1,0,4,2,61" ten="370,210,210,210" oya="0" hai0="130,21,84,108,124,43,99,47,125,13,110,71,54" hai1="66,78,38,16,118,50,26,76,48,95,30,60,31" hai2="102,19,10,7,57,109,20,79,87,65,9,28,36" hai3="63,5,74,96,107,14,94,90,58,35,1,62,55"/><T132/><D130/><U116/><E38/><V49/><F36/><W69/><G74/><T97/><D71/><U86/><E118/><V127/><F109/><N who="0" m="42090" /><D132/><U41/><E116/><V42/><F127/><N who="0" m="48714" /><D54/><U52/><E41/><V104/><F28/><W15/><G35/><T75/><D75/><U131/><E131/><V23/><F42/><W135/><G135/><T27/><D84/><U40/><E40/><V51/><F87/><W117/><G117/><T17/><D13/><U34/><E52/><V64/><F79/><W119/><G119/><T37/><AGARI ba="1,0" hai="17,21,27,37,43,47,97,99" m="48714,42090" machi="37" ten="30,6000,0" yaku="14,1,10,1,18,1" doraHai="61" who="0" fromWho="0" sc="370,63,210,-21,210,-21,210,-21" /><INIT seed="0,2,0,4,3,60" ten="433,189,189,189" oya="0" hai0="5,9,87,124,55,72,94,47,18,29,85,123,22" hai1="120,127,89,115,16,128,23,114,8,126,44,62,10" hai2="75,135,98,64,80,103,117,92,79,34,100,91,63" hai3="78,70,40,84,20,27,26,71,65,1,14,61,125"/><T77/><D123/><U90/><E120/><V0/><F135/><W6/><G125/><N who="1" m="47626" /><E44/><V104/><F117/><W53/><G71/><T105/><D105/><U108/><E108/><V11/><F34/><W111/><G111/><T76/><D124/><U95/><E128/><V46/><F46/><W17/><G40/><T101/><D29/><U42/><E42/><V15/><F0/><W59/><G1/><T119/><D119/><U52/><E10/><V82/><F82/><W58/><G6/><T48/><D72/><U39/><E8/><V96/><F104/><W129/><G70/><T107/><D107/><U4/><E4/><V67/><F98/><W35/><G35/><T19/><D9/><U130/><E39/><V99/><F99/><W134/><G134/><T113/><D5/><U56/><E130/><V110/><F110/><W106/><G106/><T57/><D47/><U13/><E90/><V3/><F3/><W7/><G7/><T54/><D48/><U31/><E31/><V41/><F41/><W2/><G2/><T51/><D51/><U121/><E121/><V28/><F28/><W83/><REACH who="3" step="1"/><G129/><REACH who="3" ten="433,189,189,179" step="2"/><T93/><D19/><U68/><E68/><V12/><F103/><W102/><G102/><T38/><D101/><U69/><E69/><V21/><F100/><W66/><G66/><T74/><D18/><U37/><E37/><V32/><F32/><W112/><G112/><T36/><D113/><U97/><AGARI ba="2,1" hai="13,16,23,52,56,62,89,95,97,114,115" m="47626" machi="97" ten="30,4000,0" yaku="18,1,54,2" doraHai="60" who="1" fromWho="1" sc="433,-22,189,56,189,-12,179,-12" /><INIT seed="1,0,0,1,4,40" ten="411,245,177,167" oya="1" hai0="122,44,111,86,15,1,117,105,0,13,87,11,46" hai1="43,65,5,67,23,27,110,97,71,116,49,120,32" hai2="128,73,56,77,99,123,112,109,80,2,94,114,8" hai3="31,69,64,81,30,70,75,88,22,6,96,59,135"/><U60/><E116/><V82/><F123/><W74/><G59/><T93/><D105/><U26/><E120/><V107/><F2/><W41/><G135/><T58/><D122/><U16/><E110/><V125/><F56/><W25/><G6/><T12/><D111/><U131/><E131/><V83/><F8/><W130/><G130/><T45/><D117/><U29/><E5/><V127/><F109/><W121/><G121/><T39/><D39/><U33/><E97/><V90/><F107/><W79/><G75/><T66/><D11/><U21/><REACH who="1" step="1"/><E65/><REACH who="1" ten="411,235,177,167" step="2"/><V10/><F128/><W20/><G64/><T113/><D113/><N who="2" m="43626" /><F10/><W61/><G96/><T36/><D66/><U84/><E84/><V48/><F48/><W54/><G74/><T92/><D86/><U35/><E35/><V53/><F53/><W108/><G54/><T126/><D87/><U9/><E9/><V50/><F50/><W134/><G108/><T68/><D1/><U51/><E51/><V47/><F47/><AGARI ba="0,1" hai="16,21,23,26,27,29,32,33,43,47,49,60,67,71" machi="47" ten="40,7700,0" yaku="1,1,52,1,54,1,53,0" doraHai="40" doraHaiUra="132" who="1" fromWho="2" sc="411,0,235,87,177,-77,167,0" /><INIT seed="1,1,0,5,4,48" ten="411,322,100,167" oya="1" hai0="49,12,59,117,35,115,77,124,53,17,118,27,68" hai1="122,33,111,89,56,93,107,74,52,86,103,130,126" hai2="63,72,85,37,95,67,131,30,39,4,19,22,23" hai3="134,20,32,91,13,113,110,11,1,66,50,71,44"/><U10/><E122/><V87/><F72/><W80/><G32/><T38/><D115/><U41/><E126/><V45/><F131/><W2/><G113/><T78/><D68/><U83/><E130/><V94/><F4/><W25/><G110/><T123/><D124/><U101/><E111/><V28/><F45/><W132/><G66/><T119/><D38/><U120/><E120/><V100/><F67/><W18/><G71/><T9/><REACH who="0" step="1"/><D123/><REACH who="0" ten="401,322,100,167" step="2"/><U36/><E36/><V31/><F39/><W70/><G70/><T47/><D47/><U57/><E57/><V112/><F37/><W62/><G134/><T42/><D42/><U127/><E41/><V29/><F112/><W125/><G132/><T81/><D81/><U79/><E127/><V104/><F31/><AGARI ba="1,1" hai="9,12,17,27,31,35,49,53,59,77,78,117,118,119" machi="31" ten="40,5200,0" yaku="1,1,52,1,53,1" doraHai="48" doraHaiUra="46" who="0" fromWho="2" sc="401,65,322,0,100,-55,167,0" /><INIT seed="2,0,0,3,3,39" ten="466,322,45,167" oya="2" hai0="125,1,84,22,58,90,116,57,20,53,47,79,31" hai1="62,36,16,91,63,48,68,75,7,119,86,78,42" hai2="17,124,81,34,88,44,130,101,67,64,5,52,71" hai3="11,126,19,110,105,129,13,35,135,10,92,26,112"/><V9/><F124/><W45/><G105/><T100/><D1/><U131/><E119/><V27/><F130/><W134/><G126/><T118/><D125/><U87/><E36/><V4/><F101/><W120/><G120/><T59/><D79/><U113/><E75/><V99/><F71/><W54/><G129/><T24/><D100/><U43/><E68/><V80/><F34/><W104/><G104/><T96/><D96/><U23/><E7/><N who="2" m="2635" /><F80/><W3/><G3/><T73/><D73/><U6/><E6/><V74/><F74/><W56/><G45/><T106/><D106/><U30/><E30/><V114/><F114/><W60/><G112/><T117/><D47/><N who="1" m="25719" /><E43/><V70/><F70/><W46/><G46/><T97/><D97/><U122/><E122/><V14/><F27/><W65/><G26/><T18/><D53/><U93/><E113/><V89/><F99/><W98/><G35/><N who="0" m="20967" /><D18/><U37/><E37/><V109/><F109/><W21/><G54/><T115/><D115/><U40/><E40/><V85/><F89/><N who="3" m="55567" /><G110/><T107/><D107/><U50/><E131/><V103/><F103/><W8/><G135/><T33/><D33/><U29/><E29/><V38/><F38/><W55/><G134/><T127/><D127/><U28/><E28/><V82/><F82/><AGARI ba="0,0" hai="20,22,57,58,59,82,84,90,116,117,118" m="20967" machi="82" ten="40,1300,0" yaku="12,1" doraHai="39" who="0" fromWho="2" sc="466,13,322,0,45,-13,167,0" /><INIT seed="3,0,0,2,1,63" ten="479,322,32,167" oya="3" hai0="58,80,43,111,70,133,114,127,109,24,38,33,118" hai1="62,26,4,75,19,69,22,15,100,88,115,97,40" hai2="87,99,76,65,8,120,2,79,68,49,108,110,11" hai3="51,85,46,57,103,129,89,96,102,56,67,39,44"/><W53/><G129/><T107/><RYUUKYOKU type="yao9" ba="0,0" sc="479,0,322,0,32,0,167,0" hai0="24,33,38,43,58,70,80,107,109,111,114,118,127,133" /><INIT seed="3,1,0,3,2,62" ten="479,322,32,167" oya="3" hai0="13,6,16,122,102,9,93,14,37,47,43,63,64" hai1="48,127,46,42,50,36,106,92,17,1,113,55,38" hai2="2,27,70,74,103,41,101,67,89,30,82,128,49" hai3="96,65,94,114,118,40,115,15,77,79,57,25,8"/><W132/><G118/><T125/><D122/><U18/><E106/><V24/><F2/><W90/><G132/><T112/><D125/><U100/><E113/><V33/><F70/><W61/><G115/><T60/><D112/><U133/><E1/><V131/><F74/><W110/><G114/><T72/><D72/><U109/><E109/><V0/><F0/><W56/><G110/><T126/><D126/><U95/><E127/><V120/><F30/><W97/><G40/><T10/><D64/><U26/><E133/><V85/><F41/><W44/><G44/><T135/><D135/><U54/><E42/><V116/><F49/><W59/><G25/><T31/><D31/><U76/><E76/><V81/><F85/><W124/><G124/><T75/><D75/><U78/><E78/><N who="3" m="29706" /><G97/><T51/><D37/><U29/><E26/><V119/><F89/><W129/><G129/><T7/><D7/><AGARI ba="1,0" hai="7,8,15,56,57,59,61,65,90,94,96" m="29706" machi="7" ten="30,2900,0" yaku="8,1,52,1" doraHai="62" who="3" fromWho="0" sc="479,-32,322,0,32,0,167,32" /><INIT seed="3,2,0,4,4,25" ten="447,322,32,199" oya="3" hai0="74,35,68,62,76,32,87,56,24,53,23,13,61" hai1="124,55,127,18,37,12,92,121,95,103,77,20,122" hai2="14,48,52,96,118,11,106,5,133,75,83,86,132" hai3="123,126,28,101,47,58,66,7,111,120,80,49,39"/><W22/><G126/><N who="1" m="48170" /><E37/><V9/><F118/><W50/><G39/><T131/><D74/><U54/><E77/><V4/><F75/><W115/><G115/><T110/><D110/><U135/><E135/><V6/><F106/><W70/><G70/><T19/><D131/><U82/><E82/><V59/><F132/><W3/><G111/><T73/><D73/><U42/><E42/><V21/><F133/><W93/><G3/><T30/><D68/><U129/><E129/><V17/><REACH who="2" step="1"/><F96/><REACH who="2" ten="447,322,22,199" step="2"/><N who="3" m="59535" /><G123/><T102/><D102/><U134/><E134/><V45/><F45/><W99/><G99/><T108/><D108/><U15/><E122/><V46/><F46/><W72/><G72/><T64/><D35/><U130/><E121/><V113/><F113/><W31/><G120/><T98/><D98/><U97/><E130/><V43/><F43/><W79/><G47/><T40/><D40/><U119/><E119/><V26/><F26/><W84/><G84/><T90/><D76/><U112/><E112/><V100/><F100/><W51/><G79/><T107/><D107/><U33/><E103/><V109/><F109/><W34/><G34/><T2/><D2/><U128/><E128/><V94/><F94/><W81/><G81/><T27/><D32/><U1/><E33/><V125/><F125/><W16/><G80/><T67/><D87/><U78/><E78/><V0/><F0/><W104/><G104/><T63/><D90/><U88/><E1/><V36/><F36/><W105/><G105/><T116/><D116/><U117/><E117/><V10/><F10/><W44/><G44/><RYUUKYOKU ba="2,1" sc="447,-10,322,-10,22,30,199,-10" hai2="4,5,6,9,11,14,17,21,48,52,59,83,86" owari="447,54.7,312,11.2,52,-44.8,189,-21.1" /></mjloggm>