<mjloggm ver="2.3"><GO type="225" lobby="0"/><UN n0="%74%61%6B%65%2D%79%6F%75" n1="%72%69%6F%75%63%68%61%6E" n2="%E3%81%95%E3%81%8D%E3%81%9F%E3%81%BE%E6%9E%97%E6%AA%8E" n3="%E3%81%AA%E3%81%8C%E3%81%95%E3%82%8F%E3%81%BE%E3%81%95%E3%81%BF" dan="16,17,16,16" rate="2207.85,2233.11,2136.50,2091.61" sx="M,M,M,F"/><TAIKYOKU oya="0"/><INIT seed="0,0,0,2,4,131" ten="250,250,250,250" oya="0" hai0="30,93,36,133,106,52,48,135,47,60,25,26,67" hai1="18,22,55,39,94,83,1,97,32,15,98,58,12" hai2="113,38,87,107,122,8,29,59,7,19,21,125,100" hai3="40,20,69,108,11,28,74,115,132,16,4,65,42"/><T64/><D106/><U77/><E1/><V110/><F113/><W46/><G74/><T89/><D36/><U49/><E39/><V99/><F122/><W35/><G115/><T124/><D124/><U91/><E32/><V81/><F125/><W70/><G108/><T128/><D128/><U78/><E83/><V71/><F71/><W54/><G35/><T85/><D64/><U33/><E33/><V68/><F68/><W84/><G28/><T117/><D117/><U37/><E37/><V50/><F38/><W134/><G84/><T43/><D43/><N who="3" m="16425" /><G65/><T6/><D6/><U96/><REACH who="1" step="1"/><E12/><REACH who="1" ten="250,240,250,250" step="2"/><N who="2" m="9447" /><F81/><W127/><G127/><T51/><D51/><U86/><AGARI ba="0,1" hai="15,18,22,49,55,58,77,78,86,91,94,96,97,98" machi="86" ten="30,8000,1" yaku="1,1,0,1,25,2,8,1,53,0" doraHai="131" doraHaiUra="130" who="1" fromWho="1" sc="250,-40,240,90,250,-20,250,-20" /><INIT seed="1,0,0,0,4,5" ten="210,330,230,230" oya="1" hai0="38,119,34,134,135,62,84,111,96,45,22,109,16" hai1="132,92,122,59,19,36,60,56,118,133,121,24,35" hai2="7,95,76,127,99,65,66,67,93,44,20,103,64" hai3="73,101,100,4,69,110,78,53,14,9,27,131,81"/><U114/><E114/><V82/><F127/><W41/><G69/><T26/><D119/><U13/><E118/><V57/><F95/><W10/><G110/><N who="0" m="41995" /><D34/><U39/><E92/><V87/><F44/><W124/><G124/><T107/><D84/><U86/><E86/><V40/><F40/><W2/><G131/><T61/><D38/><N who="1" m="14379" /><E24/><V80/><F80/><W130/><G41/><T51/><D107/><U104/><E35/><V50/><N who="2" m="16384" /><DORA hai="0" /><V128/><F128/><W49/><G27/><T117/><D96/><U79/><E79/><V88/><F20/><W129/><G129/><T21/><D21/><U120/><E104/><V15/><F57/><N who="1" m="22089" /><E60/><N who="0" m="23145" /><D117/><U115/><E115/><V68/><F68/><W94/><G94/><T105/><D105/><U3/><E3/><V63/><F63/><W52/><G130/><T97/><D97/><U54/><E54/><AGARI ba="0,0" hai="16,22,26,45,51,54,134,135" m="23145,41995" machi="54" ten="30,2000,0" yaku="14,1,54,1" doraHai="5,0" who="0" fromWho="1" sc="210,20,330,-20,230,0,230,0" /><INIT seed="2,0,0,4,5,124" ten="230,310,230,230" oya="2" hai0="74,87,120,84,127,115,59,33,21,43,98,12,134" hai1="27,19,23,18,61,65,132,128,114,49,17,116,77" hai2="111,113,11,125,86,89,70,117,47,62,32,135,68" hai3="133,95,60,101,51,40,29,10,9,129,75,85,37"/><V6/><F113/><W94/><G75/><T41/><D115/><U126/><E128/><V28/><F117/><W20/><G133/><T83/><D120/><U82/><E114/><V131/><F135/><W38/><G129/><T97/><D134/><U102/><E126/><V104/><F104/><W81/><G37/><T76/><D33/><U109/><E109/><V57/><F131/><W69/><G38/><T44/><D127/><U31/><E116/><V78/><F125/><W103/><G69/><T48/><D43/><U108/><E108/><V15/><F111/><W55/><G60/><T3/><D3/><U91/><E132/><V45/><F78/><W35/><G40/><T24/><D12/><U105/><E91/><V130/><F130/><W64/><G64/><T5/><D5/><U88/><E88/><V118/><F118/><W50/><G35/><T80/><D59/><U36/><E36/><V66/><F68/><W7/><G29/><N who="0" m="17551" /><D74/><U16/><E49/><V34/><F70/><W93/><G20/><T22/><D22/><U99/><E18/><V54/><F34/><W46/><G51/><T42/><D42/><U2/><E2/><V112/><F112/><W106/><G106/><T26/><D26/><U73/><E19/><V25/><F66/><W8/><G7/><T92/><D92/><AGARI ba="0,0" hai="6,11,15,25,28,32,45,47,54,57,62,86,89,92" machi="92" ten="30,1500,0" yaku="7,1" doraHai="124" who="2" fromWho="0" sc="230,-15,310,0,230,15,230,0" /><INIT seed="2,1,0,1,4,125" ten="215,310,245,230" oya="2" hai0="46,54,67,106,59,78,89,73,130,49,126,119,74" hai1="41,90,97,71,1,35,30,38,75,115,111,40,21" hai2="26,48,36,8,80,93,94,31,99,70,100,132,123" hai3="65,52,51,27,58,44,118,2,16,86,121,29,128"/><V43/><F36/><W34/><G121/><T53/><D126/><U14/><E115/><V104/><F123/><W114/><G118/><T131/><D119/><U60/><E111/><V22/><F132/><W55/><G2/><T3/><D3/><U57/><E75/><V15/><F70/><W17/><G114/><T64/><D106/><U108/><E108/><V98/><F80/><W0/><G0/><T25/><D89/><U72/><E72/><N who="0" m="27753" /><D25/><N who="1" m="16687" /><E71/><V96/><F104/><W81/><G65/><T101/><D101/><U92/><E38/><V23/><F23/><W13/><G13/><T12/><D12/><U120/><E35/><V20/><F20/><N who="3" m="15591" /><G128/><N who="0" m="49195" /><D78/><U18/><E120/><V50/><F100/><W102/><G102/><T37/><D37/><U76/><E76/><V61/><F15/><W127/><G127/><T63/><AGARI ba="1,0" hai="46,49,53,54,59,63,64,67" m="49195,27753" machi="63" ten="30,7900,0" yaku="19,1,52,3" doraHai="125" who="0" fromWho="0" sc="215,82,310,-21,245,-40,230,-21" /><INIT seed="3,0,0,4,3,51" ten="297,289,205,209" oya="3" hai0="82,87,41,20,81,35,53,112,47,123,110,62,107" hai1="89,15,34,13,54,18,126,85,43,125,113,69,122" hai2="92,55,2,12,4,52,72,95,97,91,48,28,63" hai3="79,27,11,73,105,32,65,120,102,78,93,58,64"/><W83/><G120/><T130/><D123/><U124/><E122/><V25/><F72/><W66/><G105/><T118/><D118/><U96/><E113/><V84/><F2/><W29/><G79/><T135/><D35/><U59/><E69/><V22/><F63/><W114/><G114/><T38/><D112/><U101/><E34/><V46/><F4/><W94/><G102/><T128/><D110/><U86/><E43/><N who="2" m="24671" /><F12/><N who="1" m="4681" /><E18/><V127/><F127/><W108/><G108/><T37/><D41/><U106/><E89/><AGARI ba="0,0" hai="22,25,28,52,55,84,89,91,92,95,97" m="24671" machi="89" ten="30,7700,0" yaku="8,1,52,2,54,1" doraHai="51" who="2" fromWho="1" sc="297,0,289,-77,205,77,209,0" /><INIT seed="4,0,0,5,0,68" ten="297,212,282,209" oya="0" hai0="55,13,29,5,94,45,108,98,128,130,111,52,20" hai1="8,135,31,121,118,36,86,47,133,64,30,67,105" hai2="103,23,87,19,134,21,77,127,32,16,124,28,74" hai3="100,44,79,78,53,73,2,132,35,69,119,24,4"/><T66/><D66/><U88/><E118/><V10/><F74/><W61/><G119/><T63/><D5/><U37/><E121/><V131/><F103/><W12/><G132/><N who="1" m="50762" /><E105/><V3/><F134/><W72/><G100/><N who="0" m="60503" /><D63/><U107/><E107/><V110/><F110/><N who="0" m="42026" /><D45/><U39/><E8/><V57/><F131/><N who="0" m="50218" /><D13/><U75/><E75/><V109/><F109/><W48/><G72/><T40/><D40/><U7/><E7/><V120/><F57/><W25/><G73/><T90/><D90/><U46/><E47/><V113/><F3/><W92/><G2/><T80/><D80/><N who="1" m="49223" /><E46/><V123/><F10/><N who="3" m="4167" /><G69/><T104/><D104/><U76/><E76/><N who="3" m="29226" /><G35/><T41/><D41/><U126/><E126/><V114/><F77/><W117/><G117/><T99/><D99/><U34/><E34/><V62/><F32/><W1/><G1/><T116/><D116/><U59/><E64/><V15/><F127/><W0/><G0/><T14/><D14/><U84/><E84/><V43/><F87/><W9/><G9/><T125/><D125/><U102/><E102/><V112/><F15/><W129/><G129/><T70/><D70/><U18/><E67/><V33/><F124/><W101/><G61/><T115/><D115/><U17/><E59/><V26/><F114/><W56/><G56/><T93/><D93/><U97/><E97/><AGARI ba="0,0" hai="24,25,44,48,53,92,97,101" m="29226,4167" machi="97" ten="30,1000,0" yaku="8,1" doraHai="68" who="3" fromWho="1" sc="297,0,212,-10,282,0,209,10" /><INIT seed="5,0,0,4,0,2" ten="297,202,282,219" oya="1" hai0="93,107,67,105,35,126,119,8,59,132,120,88,89" hai1="129,52,28,124,29,94,41,36,109,9,19,82,38" hai2="72,102,31,14,64,26,66,3,118,127,33,103,83" hai3="22,111,10,56,106,37,54,61,51,39,134,24,27"/><U80/><E124/><V92/><F118/><W104/><G111/><T47/><D119/><U1/><E109/><V17/><F127/><W108/><G108/><T55/><D126/><U121/><E121/><V86/><F3/><W76/><G134/><T13/><D120/><U69/><E69/><V110/><F110/><W43/><G76/><T20/><D35/><U62/><E129/><V130/><F130/><W114/><G24/><T90/><D132/><U99/><E41/><V78/><F102/><W7/><G114/><T25/><D67/><U122/><E122/><V96/><REACH who="2" step="1"/><F72/><REACH who="2" ten="297,202,272,219" step="2"/><W48/><G104/><T12/><D107/><U100/><E1/><V0/><F0/><W133/><G106/><T44/><D105/><U79/><E36/><V74/><F74/><W16/><G133/><T123/><D123/><U50/><E38/><V6/><F6/><W15/><G39/><T112/><D112/><U125/><E125/><V87/><F87/><W11/><G37/><T49/><D93/><U113/><E113/><V116/><F116/><W115/><G115/><T95/><D95/><U46/><E62/><V117/><F117/><W45/><G61/><T91/><N who="0" m="22528" /><DORA hai="75" /><T34/><D34/><U57/><E46/><N who="0" m="17449" /><D8/><AGARI ba="0,1" hai="8,14,17,26,31,33,64,66,78,83,86,92,96,103" machi="8" ten="30,3900,0" yaku="1,1,7,1,52,1,53,0" doraHai="2,75" doraHaiUra="42,68" who="2" fromWho="0" sc="297,-39,202,0,272,49,219,0" /><AGARI ba="0,0" hai="7,8,10,11,15,16,22,27,43,45,48,51,54,56" machi="8" ten="40,5200,0" yaku="8,1,52,1,54,1" doraHai="2,75" who="3" fromWho="0" sc="258,-52,202,0,321,0,219,52" owari="206,-19.4,202,-29.8,321,42.1,271,7.1" /></mjloggm>