<mjloggm ver="2.3"><GO type="225" lobby="0"/><UN n0="%4C%4F%4C%49%54%41" n1="%E3%83%97%E3%83%AC%E3%83%B4%E3%82%A1%E3%83%86%E3%82%A3" n2="%68%6F%72%69%30%39%30%31" n3="%E3%81%82%E3%81%99%E3%81%AB%E3%82%83%E3%82%80" dan="16,16,16,16" rate="2186.20,2131.07,2104.76,2116.98" sx="F,F,M,F"/><TAIKYOKU oya="0"/><INIT seed="0,0,0,5,4,77" ten="250,250,250,250" oya="0" hai0="100,27,34,13,108,115,80,30,133,60,2,65,0" hai1="75,87,11,72,7,117,48,90,70,112,98,38,14" hai2="57,81,129,107,120,131,23,6,61,67,50,86,93" hai3="105,134,55,46,128,71,47,8,21,17,97,42,79"/><T103/><D115/><U56/><E112/><V122/><F107/><W5/><G128/><N who="2" m="49225" /><F6/><W113/><G134/><T53/><D133/><U109/><E117/><V76/><F23/><W40/><G71/><T25/><D108/><U69/><E109/><V59/><F93/><W96/><G55/><AGARI ba="0,0" hai="50,55,57,59,61,67,76,81,86,120,122" m="49225" machi="55" ten="30,2000,0" yaku="19,1,52,1" doraHai="77" who="2" fromWho="3" sc="250,0,250,0,250,20,250,-20" /><INIT seed="1,0,0,5,4,39" ten="250,250,270,230" oya="1" hai0="3,10,31,61,26,20,81,132,30,43,109,73,27" hai1="100,98,29,16,78,70,17,72,45,23,35,127,76" hai2="21,119,41,50,55,121,104,114,102,53,62,48,71" hai3="124,0,25,96,67,113,88,2,24,93,77,120,22"/><U92/><E70/><V5/><F119/><W7/><G120/><T11/><D109/><U63/><E127/><V79/><F121/><W18/><G113/><T107/><D107/><U13/><E72/><V83/><F5/><W19/><G124/><T75/><D132/><U38/><E35/><V66/><F114/><W91/><G77/><T108/><D108/><U1/><E1/><V122/><F122/><W9/><G67/><T129/><D129/><U58/><E29/><V36/><F21/><W115/><G115/><T118/><D81/><U34/><E34/><V15/><F15/><W106/><G106/><T51/><D61/><U89/><E100/><V14/><F14/><W97/><G0/><T59/><D118/><U28/><E28/><V33/><F33/><W90/><REACH who="3" step="1"/><G93/><REACH who="3" ten="250,250,270,220" step="2"/><T68/><D3/><U6/><E78/><V103/><F104/><W54/><G54/><T47/><D68/><U128/><E76/><V64/><F53/><W134/><G134/><T130/><D130/><U126/><E128/><V4/><F55/><W8/><G8/><T69/><D69/><U49/><E126/><V40/><F64/><W85/><G85/><T133/><D133/><U32/><E6/><V84/><F84/><W101/><G101/><T57/><D10/><U74/><E74/><V12/><F102/><W131/><G131/><T52/><D11/><U111/><E111/><V135/><F103/><W65/><G65/><T56/><REACH who="0" step="1"/><D52/><REACH who="0" ten="240,250,270,220" step="2"/><N who="1" m="32015" /><E63/><V44/><F62/><W123/><G123/><T80/><D80/><U60/><E60/><V82/><F71/><W94/><G94/><RYUUKYOKU ba="0,2" sc="240,15,250,-15,270,-15,220,15" hai0="20,26,27,30,31,43,47,51,56,57,59,73,75" hai3="2,7,9,18,19,22,24,25,88,90,91,96,97" /><INIT seed="2,1,2,2,0,69" ten="255,235,255,235" oya="2" hai0="80,45,123,8,9,63,21,7,127,44,62,55,60" hai1="96,126,36,14,27,89,105,81,49,113,82,56,98" hai2="128,57,101,106,59,77,17,86,108,1,25,112,26" hai3="4,28,40,64,120,90,51,84,118,100,54,83,33"/><V12/><F112/><W70/><G118/><T18/><D123/><U99/><E113/><V85/><F1/><W24/><G120/><T38/><D127/><U32/><E105/><V94/><F128/><W93/><G4/><T121/><D121/><U109/><E126/><V58/><F106/><W107/><G40/><T130/><D130/><U71/><E71/><V30/><F108/><W74/><G74/><T129/><D129/><U5/><E109/><V35/><F26/><W53/><G93/><T92/><D80/><U46/><E32/><V111/><F77/><W61/><REACH who="3" step="1"/><G51/><REACH who="3" ten="255,235,255,225" step="2"/><T117/><D92/><U75/><E75/><V124/><F124/><W67/><G67/><T39/><D117/><U6/><E82/><V15/><F111/><W52/><G52/><T11/><D7/><U78/><E5/><V103/><F94/><W102/><G102/><T115/><D115/><U50/><E89/><V132/><F103/><W19/><G19/><T91/><D91/><U104/><E104/><V0/><F101/><W20/><G20/><T114/><D114/><U68/><E81/><V22/><F35/><W133/><G133/><T97/><D55/><N who="1" m="31855" /><E78/><V2/><F132/><W31/><G31/><T48/><D48/><U76/><E76/><V134/><F134/><W37/><G37/><T65/><D65/><U73/><E36/><V116/><F116/><W3/><G3/><N who="2" m="1065" /><F30/><W47/><G47/><N who="0" m="17995" /><D18/><U125/><E73/><V131/><F131/><W110/><G110/><T72/><D72/><U42/><E125/><V119/><F119/><W41/><G41/><T66/><D66/><RYUUKYOKU ba="1,3" sc="255,-15,235,-15,255,15,225,15" hai2="12,15,17,22,25,57,58,59,85,86" hai3="24,28,33,53,54,61,64,70,83,84,90,100,107" /><INIT seed="2,2,3,0,4,120" ten="240,220,270,240" oya="2" hai0="76,56,51,69,12,45,8,103,88,2,10,116,119" hai1="52,108,55,129,102,101,131,40,125,37,132,0,84" hai2="128,81,24,30,121,113,126,118,64,53,114,66,83" hai3="65,105,35,70,106,100,17,104,13,32,135,19,46"/><V43/><F121/><W94/><G135/><T1/><D69/><U29/><E0/><V23/><F118/><N who="0" m="45098" /><D103/><N who="1" m="39435" /><E29/><V85/><F128/><N who="1" m="49225" /><E132/><V96/><F126/><W9/><G46/><T97/><D76/><U47/><E125/><V112/><F43/><W25/><G94/><N who="0" m="56519" /><D56/><U60/><E108/><V117/><F117/><W50/><G50/><T59/><D59/><U77/><E60/><V63/><F96/><N who="3" m="61447" /><G19/><N who="0" m="8583" /><D10/><U21/><E21/><V41/><F112/><W61/><G32/><T34/><D34/><U72/><E72/><V7/><F113/><W133/><G133/><T107/><D107/><U82/><AGARI ba="2,3" hai="37,40,47,52,55,77,82,84" m="49225,39435" machi="82" ten="30,2000,0" yaku="19,1,54,1" doraHai="120" who="1" fromWho="1" sc="240,-7,220,56,270,-12,240,-7" /><INIT seed="3,0,0,4,4,17" ten="233,276,258,233" oya="3" hai0="112,45,31,65,1,28,18,7,90,123,109,95,99" hai1="4,50,114,10,107,85,125,121,2,41,96,3,27" hai2="49,35,129,0,53,47,20,106,92,78,101,105,79" hai3="87,6,25,111,88,52,80,120,32,12,100,118,75"/><W39/><G118/><T29/><D123/><U72/><E121/><V131/><F35/><W34/><G120/><T76/><D109/><U46/><E114/><V82/><F0/><W108/><G39/><T115/><D65/><U73/><E125/><V60/><F92/><W5/><G100/><T122/><D122/><U63/><E2/><V67/><F78/><W86/><G75/><T71/><D71/><U55/><E85/><V124/><F124/><W94/><G25/><T42/><D76/><U40/><E107/><V126/><F126/><W58/><G32/><T51/><D18/><U113/><E113/><N who="0" m="43593" /><D1/><U135/><E135/><V57/><F20/><W61/><G34/><T11/><D11/><U36/><E41/><V9/><F9/><W74/><G74/><T102/><D7/><U30/><E96/><V33/><F101/><AGARI ba="0,0" hai="28,29,31,42,45,51,90,95,99,101,102" m="43593" machi="101" ten="30,1000,0" yaku="11,1" doraHai="17" who="0" fromWho="2" sc="233,10,276,0,258,-10,233,0" /><INIT seed="4,0,0,3,1,84" ten="243,276,248,233" oya="0" hai0="48,37,134,124,35,60,8,109,111,16,88,65,72" hai1="73,54,120,112,79,26,105,85,71,87,100,133,68" hai2="25,67,40,75,29,59,13,36,89,63,49,80,76" hai3="33,14,24,9,44,38,56,122,116,55,70,3,7"/><T18/><D37/><U117/><E117/><V86/><F36/><W43/><G116/><T97/><D72/><U45/><E120/><V2/><F2/><W119/><G119/><T21/><D35/><U118/><E118/><V106/><F106/><W92/><G122/><T130/><D130/><U46/><E133/><V0/><F0/><W28/><G70/><T11/><D124/><U135/><E135/><V74/><F13/><W90/><G3/><T1/><D48/><U22/><E112/><V30/><F30/><W10/><G14/><N who="0" m="9367" /><D18/><U82/><E71/><V39/><F39/><W66/><G66/><T17/><D17/><U58/><E68/><V51/><F40/><W94/><G94/><N who="0" m="56519" /><D1/><U4/><E4/><V96/><F74/><W19/><G19/><T64/><D134/><U132/><E132/><V102/><F75/><W62/><REACH who="3" step="1"/><G7/><REACH who="3" ten="243,276,248,223" step="2"/><T78/><D64/><U5/><E5/><V108/><F67/><W121/><G121/><T81/><D65/><U27/><E27/><V20/><F29/><W23/><G23/><T126/><D126/><U41/><E22/><V6/><F20/><W93/><G93/><T83/><D8/><U32/><E26/><V98/><F6/><W131/><G131/><T50/><D11/><U52/><E32/><V57/><F25/><W110/><G110/><N who="0" m="41995" /><D83/><U34/><E34/><V104/><F108/><W47/><G47/><T103/><D103/><U128/><E45/><V129/><F80/><W53/><G53/><T113/><D81/><U114/><E54/><V123/><F129/><W69/><G69/><T15/><D15/><RYUUKYOKU ba="0,1" sc="243,-10,276,-10,248,-10,223,30" hai3="9,10,24,28,33,38,43,44,55,56,62,90,92" /><INIT seed="5,1,1,2,2,2" ten="233,266,238,253" oya="1" hai0="78,94,4,117,129,60,43,108,29,0,79,105,62" hai1="96,18,130,65,49,86,119,28,85,40,48,16,88" hai2="42,95,81,9,37,39,114,58,53,87,82,128,19" hai3="112,55,126,33,110,26,3,131,72,93,23,46,115"/><U109/><E119/><V134/><F128/><W52/><G110/><T84/><D105/><U103/><E109/><V71/><F71/><W6/><G72/><T98/><D108/><U102/><E130/><V123/><F123/><W89/><G33/><T56/><D129/><U132/><E132/><V1/><F134/><W11/><G46/><T76/><D117/><U14/><E65/><V35/><F35/><W20/><G126/><T38/><D29/><U125/><E28/><V51/><F95/><W97/><G131/><T21/><D21/><N who="1" m="11415" /><E125/><V8/><F81/><W54/><REACH who="3" step="1"/><G20/><REACH who="3" ten="233,266,238,243" step="2"/><T104/><D43/><U34/><E34/><V64/><F42/><W66/><G66/><T15/><D38/><U24/><E40/><V122/><F64/><W90/><G90/><N who="0" m="55639" /><D104/><U22/><E86/><V63/><F39/><W17/><AGARI ba="1,2" hai="3,6,11,17,23,26,52,54,55,89,93,97,112,115" machi="17" ten="30,7900,0" yaku="1,1,0,1,52,1,54,1,53,0" doraHai="2" doraHaiUra="118" who="3" fromWho="3" sc="233,-21,266,-40,238,-21,243,102" owari="212,-28.8,226,2.6,217,-18.3,345,44.5" /></mjloggm>