<mjloggm ver="2.3"><GO type="225" lobby="0"/><UN n0="%41%54%53%4D" n1="%4D%50%43%32%38%30%30" n2="%E3%81%9F%E3%81%93%E2%98%86%E7%84%BC%E3%81%8D" n3="%E3%81%A1%E3%82%85%E3%81%86%E3%81%A9%E3%81%8F%E8%B1%A1%E3%81%95%E3%82%93" dan="16,16,16,17" rate="2099.78,2093.63,2078.35,2178.53" sx="M,M,M,M"/><TAIKYOKU oya="0"/><INIT seed="0,0,0,2,3,131" ten="250,250,250,250" oya="0" hai0="99,20,121,123,86,70,77,109,124,12,38,19,50" hai1="3,59,1,128,89,41,66,79,98,92,6,35,15" hai2="82,27,95,107,73,129,97,91,8,100,69,72,7" hai3="118,53,68,114,42,117,65,62,55,54,108,132,67"/><T58/><D38/><U93/><E128/><V9/><F69/><N who="3" m="42167" /><G114/><T24/><D70/><U122/><E122/><V23/><F129/><W32/><G32/><T104/><D124/><U78/><E35/><V61/><F61/><N who="3" m="40047" /><G108/><T22/><D109/><U84/><E41/><V26/><F26/><W36/><G132/><T90/><D77/><U34/><E34/><V102/><F102/><W116/><G42/><T28/><D99/><U13/><E3/><V115/><F115/><W71/><G71/><T43/><D104/><U125/><E125/><V49/><F49/><W60/><G36/><T11/><D11/><N who="1" m="4343" /><E1/><V37/><F8/><W25/><G25/><T0/><D0/><U75/><E75/><V76/><F37/><W52/><G55/><T80/><REACH who="0" step="1"/><D58/><AGARI ba="0,0" hai="52,53,54,58,60,116,117,118" m="40047,42167" machi="58" ten="30,3900,0" yaku="34,2,54,1" doraHai="131" who="3" fromWho="0" sc="250,-39,250,0,250,0,250,39" /><INIT seed="1,0,0,3,5,81" ten="211,250,250,289" oya="1" hai0="91,105,75,132,1,4,0,94,50,20,28,104,57" hai1="97,15,123,26,59,41,24,72,93,40,87,129,84" hai2="121,12,131,16,22,21,135,18,54,119,2,34,109" hai3="111,96,31,48,73,125,127,66,70,60,68,11,88"/><U101/><E123/><V65/><F119/><W9/><G73/><T134/><D75/><U29/><E72/><V39/><F39/><W56/><G31/><T95/><D28/><U19/><E129/><V90/><F65/><W10/><G111/><T13/><D50/><U98/><E98/><V8/><F34/><W112/><G112/><T51/><D51/><U126/><E126/><N who="3" m="48138" /><G48/><T79/><D57/><U14/><E59/><V78/><F54/><W23/><G23/><T116/><D79/><U58/><E58/><V46/><F78/><W85/><G96/><T107/><D116/><U17/><E29/><V30/><F46/><W74/><G74/><T64/><D64/><U47/><E47/><V45/><F45/><W124/><N who="3" m="48146" /><W118/><DORA hai="35" /><G118/><T33/><D33/><U25/><E41/><V61/><F109/><W7/><G7/><T67/><D67/><U89/><E40/><V103/><F131/><W63/><G60/><T122/><D122/><U82/><E84/><V76/><F61/><W77/><G77/><T42/><D42/><U106/><E106/><V32/><F76/><W36/><G36/><T133/><D4/><U55/><E55/><V130/><F130/><W100/><G100/><T71/><D71/><U86/><E87/><V92/><F103/><W69/><G69/><T108/><D108/><U113/><E113/><V38/><F38/><W110/><G110/><T49/><D49/><U27/><N who="1" m="6144" /><DORA hai="52" /><U102/><REACH who="1" step="1"/><E101/><REACH who="1" ten="211,240,250,289" step="2"/><V5/><F121/><W114/><G114/><T43/><D43/><U80/><E80/><AGARI ba="0,1" hai="9,10,11,56,63,66,68,70,80,85,88" m="48146" machi="80" ten="40,8000,1" yaku="18,1,52,2,54,1" doraHai="81,35,52" who="3" fromWho="1" sc="211,0,240,-80,250,0,289,90" /><INIT seed="2,0,0,3,2,62" ten="211,160,250,379" oya="2" hai0="124,19,99,60,45,130,120,55,108,102,70,1,38" hai1="116,17,58,123,75,18,23,114,13,5,12,97,22" hai2="128,37,2,125,29,117,126,54,59,52,7,32,15" hai3="4,3,113,122,9,109,31,112,21,132,16,129,25"/><V121/><F37/><W83/><G122/><T103/><D120/><U81/><E123/><V51/><F117/><W28/><G109/><T6/><D108/><U26/><E116/><V14/><F121/><W104/><G104/><T87/><D124/><N who="2" m="47722" /><F128/><W127/><G127/><T134/><D130/><U39/><E39/><V90/><F2/><W73/><G129/><T110/><D110/><U48/><E114/><N who="3" m="44138" /><G132/><T119/><D119/><U118/><E118/><V94/><F7/><W27/><G27/><T133/><D87/><U42/><E75/><V111/><F111/><W77/><AGARI ba="0,0" hai="3,4,9,16,21,25,28,31,73,77,83" m="44138" machi="77" ten="30,2000,0" yaku="11,1,54,1" doraHai="62" who="3" fromWho="3" sc="211,-5,160,-5,250,-10,379,20" /><INIT seed="3,0,0,3,5,16" ten="206,155,240,399" oya="3" hai0="69,130,47,39,120,124,95,33,115,28,60,129,105" hai1="12,123,56,51,6,48,122,35,85,46,49,63,81" hai2="62,5,59,9,53,24,54,36,106,30,8,91,110" hai3="132,50,131,19,88,7,102,98,93,104,66,77,41"/><W84/><G7/><T113/><D105/><U134/><E35/><V121/><F36/><W90/><G66/><N who="0" m="41159" /><D120/><U64/><E134/><V57/><F110/><W89/><G19/><T112/><D124/><U119/><E119/><V78/><F106/><W45/><G131/><N who="0" m="50187" /><D95/><U97/><E97/><V128/><F78/><W18/><G132/><T109/><D109/><U32/><E32/><V13/><F121/><W15/><G77/><T1/><D1/><U34/><E34/><V22/><F91/><W20/><AGARI ba="0,0" hai="15,18,20,41,45,50,84,88,89,90,93,98,102,104" machi="20" ten="20,7800,0" yaku="0,1,7,1,52,1,54,1" doraHai="16" who="3" fromWho="3" sc="206,-26,155,-26,240,-26,399,78" owari="180,-22.0,129,-37.1,214,1.4,477,57.7" /></mjloggm>