<mjloggm ver="2.3"><GO type="225" lobby="0"/><UN n0="%E3%81%82%E3%81%99%E3%81%AB%E3%82%83%E3%82%80" n1="%41%6F%69%32%31" n2="%E7%89%B9%E6%9D%B1%E3%81%AF%E4%B8%96%E7%95%8C%E3%82%92%E6%95%91%E3%81%86" n3="%E3%81%AA%E3%81%A1%30%39%32%37" dan="16,16,16,16" rate="2116.60,2098.90,2105.42,2068.90" sx="F,M,M,M"/><TAIKYOKU oya="0"/><INIT seed="0,0,0,2,2,2" ten="250,250,250,250" oya="0" hai0="81,132,89,126,50,109,33,25,124,11,88,68,90" hai1="112,8,57,13,94,83,87,1,4,131,30,135,47" hai2="98,127,10,74,56,6,18,100,60,43,79,19,29" hai3="77,62,0,44,122,117,84,65,108,21,9,34,64"/><T22/><D68/><U125/><E135/><V133/><F133/><W71/><G117/><T45/><D132/><U114/><E125/><N who="0" m="48233" /><D33/><U28/><E131/><V102/><F127/><W15/><G108/><T85/><D11/><N who="1" m="2447" /><E94/><V70/><F70/><W115/><G115/><N who="1" m="44074" /><E57/><V75/><F29/><W24/><G65/><T101/><D101/><U17/><E47/><V20/><F43/><W61/><G61/><T7/><D7/><U69/><E69/><V58/><F79/><AGARI ba="0,0" hai="8,13,17,28,30,79,83,87" m="44074,2447" machi="79" ten="30,2000,0" yaku="11,1,52,1" doraHai="2" who="1" fromWho="2" sc="250,0,250,20,250,-20,250,0" /><INIT seed="1,0,0,2,5,131" ten="250,270,230,250" oya="1" hai0="7,94,1,47,83,115,56,97,104,135,9,14,110" hai1="36,12,98,35,6,96,0,40,60,79,28,24,18" hai2="50,69,126,39,132,63,34,128,46,62,89,92,53" hai3="67,72,77,49,31,59,42,87,93,3,4,21,78"/><U88/><E79/><V101/><F128/><W20/><G72/><T113/><D110/><U100/><E100/><V134/><F34/><W133/><G3/><T54/><D104/><U65/><E40/><V114/><F126/><W90/><G4/><T2/><D135/><N who="2" m="51754" /><F114/><W102/><G133/><T45/><D83/><U41/><E41/><N who="2" m="22847" /><F101/><W66/><G102/><T17/><D1/><U11/><E36/><V48/><F69/><W124/><G124/><T121/><D121/><U118/><E118/><V99/><F48/><W26/><G21/><T86/><D113/><U43/><E43/><V15/><F15/><W23/><G23/><T61/><D115/><U76/><E76/><N who="3" m="29290" /><G59/><AGARI ba="0,0" hai="50,53,59,62,63,89,92,99" m="22847,51754" machi="59" ten="30,7700,0" yaku="20,1,52,3" doraHai="131" who="2" fromWho="3" sc="250,0,270,0,230,77,250,-77" /><INIT seed="2,0,0,4,2,80" ten="250,270,307,173" oya="2" hai0="2,12,120,26,117,49,125,75,41,5,61,23,53" hai1="55,37,92,13,127,88,67,36,58,89,113,83,3" hai2="134,50,71,22,99,96,122,81,103,38,73,121,27" hai3="118,119,21,68,74,114,93,77,78,105,131,70,30"/><V98/><F38/><W66/><G105/><T116/><D120/><U132/><E3/><V35/><F71/><W11/><G131/><T101/><D75/><U45/><E113/><V95/><F35/><W90/><G114/><T59/><D125/><U63/><E127/><V18/><F134/><W47/><G47/><T0/><D101/><U42/><E37/><V106/><F50/><W24/><G11/><T72/><D72/><U48/><E132/><V31/><F98/><W85/><G70/><T33/><D33/><U17/><E83/><V15/><F73/><W69/><G69/><T86/><D12/><U19/><E89/><V28/><F81/><W9/><G9/><T97/><D97/><U62/><E62/><V54/><F54/><W46/><G46/><T112/><D112/><U133/><E133/><V40/><F40/><W57/><G68/><T8/><D2/><U91/><E91/><V6/><F6/><W20/><G20/><T124/><D124/><U60/><E67/><V7/><F7/><W84/><G74/><T34/><D34/><U128/><E17/><V14/><F14/><W109/><G109/><T87/><D49/><U56/><E56/><V29/><REACH who="2" step="1"/><F15/><REACH who="2" ten="250,270,297,173" step="2"/><W107/><G107/><T79/><D41/><U129/><E128/><V32/><F32/><W110/><G110/><T64/><D53/><U65/><E129/><V115/><F115/><W1/><G1/><T10/><D79/><N who="3" m="30217" /><G85/><N who="0" m="32267" /><D0/><U4/><E36/><V104/><F104/><W94/><G94/><T43/><D5/><U76/><E4/><V39/><F39/><W51/><G51/><RYUUKYOKU ba="0,1" sc="250,-15,270,-15,297,15,173,15" hai2="18,22,27,28,29,31,95,96,99,103,106,121,122" hai3="21,24,30,57,66,84,90,93,118,119" /><INIT seed="2,1,1,3,4,106" ten="235,255,312,188" oya="2" hai0="9,101,120,61,80,44,86,94,26,57,91,63,109" hai1="112,47,50,96,132,62,115,56,6,133,110,71,87" hai2="67,59,127,90,45,128,88,55,28,51,35,49,78" hai3="74,75,105,92,16,76,102,126,104,18,11,27,19"/><V125/><F128/><W12/><G126/><N who="2" m="48137" /><F78/><W65/><G65/><T5/><D109/><U81/><E6/><V134/><F134/><N who="1" m="51817" /><E96/><V36/><F36/><W131/><G131/><T72/><D120/><U70/><E87/><V64/><F64/><W124/><G124/><T73/><D26/><U42/><E81/><V1/><F1/><W25/><G92/><T43/><D101/><U77/><E77/><V46/><F67/><W58/><G58/><T118/><D94/><U60/><E110/><V21/><F35/><W83/><G75/><T119/><D57/><U29/><E29/><V48/><F46/><W4/><REACH who="3" step="1"/><G104/><REACH who="3" ten="235,255,312,178" step="2"/><T103/><D72/><U98/><E56/><V14/><F59/><W116/><G116/><T24/><D73/><U100/><E71/><V7/><F45/><W52/><G52/><T85/><D118/><U113/><E70/><V95/><F55/><W121/><G121/><T97/><D119/><U23/><E113/><V31/><F95/><W53/><G53/><T2/><D61/><U117/><E117/><V93/><F93/><W10/><G10/><T122/><D63/><U107/><E115/><V20/><F31/><W17/><N who="3" m="4096" /><DORA hai="22" /><W38/><G38/><T54/><D54/><U30/><E112/><V82/><F28/><W34/><G34/><T41/><D44/><U69/><E69/><V68/><F68/><W37/><G37/><T129/><D129/><U0/><E30/><V135/><F135/><W130/><G130/><T89/><D122/><U111/><E111/><V123/><F123/><W40/><G40/><T79/><D41/><RYUUKYOKU ba="1,2" sc="235,-10,255,-10,312,-10,178,30" hai3="4,11,12,25,27,74,76,83,102,105" /><INIT seed="3,2,2,3,2,75" ten="225,245,302,208" oya="3" hai0="50,51,66,38,53,22,45,111,94,127,26,123,62" hai1="113,135,93,40,63,23,121,129,7,39,97,116,103" hai2="44,110,105,77,114,27,61,126,59,11,87,2,71" hai3="79,80,90,30,36,14,73,89,131,125,55,1,35"/><W107/><G1/><T20/><D123/><U37/><E113/><V8/><F114/><W88/><G36/><T32/><D111/><U49/><E121/><V119/><F119/><W134/><G35/><T130/><D38/><U3/><E116/><V18/><F105/><W81/><G30/><T85/><D130/><U104/><E49/><V74/><F74/><W98/><G131/><T76/><D127/><U67/><E93/><V72/><F72/><W47/><G125/><T64/><D32/><U42/><E42/><V91/><F71/><W122/><G122/><T10/><D10/><N who="1" m="2431" /><E23/><N who="2" m="13815" /><F2/><W5/><G81/><N who="0" m="47271" /><D94/><U33/><E129/><V54/><F77/><W124/><G124/><T46/><D20/><U58/><E58/><V101/><F101/><W120/><G120/><T96/><D62/><U108/><E108/><V25/><F110/><W92/><G107/><T31/><D96/><U28/><E40/><AGARI ba="2,2" hai="22,26,31,40,45,46,50,51,53,64,66" m="47271" machi="40" ten="30,2000,0" yaku="8,1,52,1" doraHai="75" who="0" fromWho="1" sc="225,46,245,-26,302,0,208,0" owari="271,7.1,219,-18.1,302,40.2,208,-29.2" /></mjloggm>