<mjloggm ver="2.3"><GO type="225" lobby="0"/><UN n0="%E7%89%B9%E6%9D%B1%E3%81%AF%E4%B8%96%E7%95%8C%E3%82%92%E6%95%91%E3%81%86" n1="%E6%98%93%E5%88%A9%E8%96%A9%E4%BC%AF" n2="%77%72%77%72%77%72%77%72" n3="%4B%2E%32%2E%4B%2E" dan="16,16,17,16" rate="2170.59,2095.67,2217.39,2120.48" sx="M,F,M,M"/><TAIKYOKU oya="0"/><INIT seed="0,0,0,4,1,74" ten="250,250,250,250" oya="0" hai0="124,41,8,38,17,81,72,45,14,52,44,31,82" hai1="97,49,9,109,48,119,13,6,79,104,107,93,113" hai2="75,94,98,101,86,16,51,118,27,84,5,69,56" hai3="60,53,131,80,19,18,15,130,110,39,122,50,133"/><T105/><D124/><U57/><E109/><V111/><F69/><W33/><G110/><T28/><D105/><U64/><E119/><V1/><F75/><W47/><G33/><T128/><D128/><N who="3" m="49193" /><G133/><T76/><REACH who="0" step="1"/><D82/><REACH who="0" ten="240,250,250,250" step="2"/><U42/><E107/><V102/><F111/><W21/><G122/><T12/><D12/><U73/><E104/><V35/><F118/><W123/><G123/><T66/><D66/><U121/><E64/><V68/><F1/><W135/><G80/><T112/><D112/><U3/><E113/><V36/><F102/><W129/><G129/><T63/><D63/><U43/><E3/><V90/><F101/><W115/><G60/><T46/><D46/><U7/><E13/><V99/><F68/><W91/><G47/><T58/><D58/><U30/><E57/><V0/><F56/><W65/><G65/><T126/><D126/><U71/><E71/><V108/><F0/><W22/><G15/><T100/><D100/><U92/><E121/><V34/><F108/><W87/><G115/><T25/><D25/><U116/><E116/><V106/><F27/><W70/><G70/><T85/><D85/><U10/><E93/><V59/><F94/><W96/><G87/><T24/><D24/><U55/><E92/><V88/><F84/><W61/><G61/><T95/><D95/><U89/><E73/><V29/><F86/><W37/><G135/><T103/><D103/><U77/><E97/><V2/><F99/><W11/><G96/><T132/><D132/><U67/><E67/><V32/><F98/><W40/><G91/><N who="2" m="34857" /><F106/><W114/><G114/><RYUUKYOKU ba="0,1" sc="240,30,250,-10,250,-10,250,-10" hai0="8,14,17,28,31,38,41,44,45,52,72,76,81" /><INIT seed="0,1,1,4,4,33" ten="270,240,240,240" oya="0" hai0="62,56,60,82,80,99,36,19,3,10,29,76,39" hai1="38,118,18,34,124,91,121,108,130,52,44,89,55" hai2="48,100,2,7,117,57,131,68,119,61,133,12,93" hai3="77,25,126,22,104,17,92,75,72,30,26,110,8"/><T109/><D109/><U5/><E118/><N who="2" m="45067" /><F131/><W49/><G104/><T43/><D29/><U64/><E121/><V107/><F133/><W101/><G110/><T59/><D99/><U42/><E108/><V20/><F107/><W35/><G126/><T120/><D120/><U122/><E122/><V102/><F68/><W46/><G77/><T51/><D51/><U83/><E130/><V87/><F48/><W54/><G8/><T98/><D98/><U70/><E34/><V71/><F71/><W94/><G101/><T67/><D43/><U81/><E5/><V53/><F2/><W65/><G65/><T4/><D19/><U134/><E134/><V24/><F12/><W47/><G47/><T23/><D23/><U111/><E111/><V135/><F7/><W73/><AGARI ba="1,1" hai="17,22,25,26,30,35,46,49,54,72,73,75,92,94" machi="73" ten="30,1100,0" yaku="0,1" doraHai="33" who="3" fromWho="3" sc="270,-6,240,-4,240,-4,240,24" /><INIT seed="1,0,0,5,0,43" ten="264,236,236,264" oya="1" hai0="99,15,74,123,46,109,35,87,73,113,134,110,47" hai1="52,121,83,55,24,101,48,107,60,76,62,116,111" hai2="65,4,104,50,0,96,105,1,16,32,64,20,118" hai3="119,122,23,63,37,102,13,41,22,53,117,125,89"/><U19/><E116/><N who="3" m="44618" /><G122/><T33/><D123/><U97/><E121/><V27/><F118/><W31/><G125/><T56/><D113/><U25/><E111/><N who="0" m="42505" /><D134/><U42/><E42/><V68/><F68/><W114/><G114/><T100/><D87/><U51/><E62/><V49/><F32/><N who="0" m="12362" /><D56/><U45/><E19/><V133/><F133/><W103/><G89/><T85/><D85/><U124/><E60/><V3/><F4/><W26/><G63/><T14/><D14/><U2/><E2/><V81/><F81/><W36/><G53/><T91/><D15/><U69/><E69/><V66/><REACH who="2" step="1"/><F96/><REACH who="2" ten="264,236,226,264" step="2"/><W88/><G36/><T90/><D74/><U30/><E124/><V17/><F17/><N who="3" m="10543" /><G88/><N who="0" m="33835" /><D73/><U58/><E30/><V84/><F84/><AGARI ba="0,1" hai="24,25,45,48,51,52,55,58,76,83,84,97,101,107" machi="84" ten="30,5800,0" yaku="7,1,52,1,54,1" doraHai="43" who="1" fromWho="2" sc="264,0,236,68,226,-58,264,0" /><INIT seed="1,1,0,2,1,78" ten="264,304,168,264" oya="1" hai0="111,32,42,103,83,128,73,41,132,61,81,53,5" hai1="16,118,130,57,67,100,33,107,64,35,88,117,93" hai2="110,65,11,113,71,115,126,135,39,0,25,6,123" hai3="63,27,90,55,66,95,74,68,9,34,109,98,49"/><U4/><E4/><V89/><F123/><W8/><G74/><T133/><D111/><U76/><E130/><V112/><F110/><W19/><G109/><T69/><D128/><U29/><E76/><V45/><F135/><N who="0" m="51786" /><D32/><U108/><E108/><V56/><F126/><W77/><G77/><N who="0" m="44207" /><D103/><U84/><E29/><V47/><F71/><W79/><G79/><T120/><D120/><U85/><E85/><V72/><F39/><W125/><G125/><T7/><D83/><U114/><E114/><V62/><F72/><W99/><G99/><T50/><D61/><U2/><E2/><V86/><REACH who="2" step="1"/><F25/><REACH who="2" ten="264,304,158,264" step="2"/><W13/><G68/><T24/><D24/><U46/><E118/><V20/><F20/><W59/><G27/><T36/><D69/><U82/><E117/><V23/><F23/><N who="3" m="11759" /><G34/><T54/><D36/><U51/><E35/><V92/><AGARI ba="1,1" hai="0,6,11,45,47,56,62,65,86,89,92,112,113,115" machi="92" ten="30,7900,0" yaku="1,1,0,1,11,1,53,1" doraHai="78" doraHaiUra="87" who="2" fromWho="2" sc="264,-21,304,-40,158,92,264,-21" /><INIT seed="2,0,0,4,5,79" ten="243,264,250,243" oya="2" hai0="15,46,113,53,59,107,43,20,18,61,82,23,127" hai1="132,89,129,65,47,93,94,110,100,42,17,45,40" hai2="7,3,22,38,6,8,131,102,76,75,41,5,66" hai3="58,90,116,78,124,4,34,16,62,12,64,101,72"/><V133/><F131/><W99/><G116/><T119/><D127/><U28/><E110/><V87/><F133/><W29/><G124/><T84/><D119/><U44/><E129/><V54/><F66/><W31/><G34/><T135/><D107/><U13/><E28/><V122/><F122/><W130/><G130/><T37/><D113/><U26/><E26/><V21/><F102/><W86/><G4/><N who="2" m="1641" /><F87/><W92/><G78/><T114/><D114/><U81/><E65/><V73/><F73/><W32/><G72/><T35/><D35/><U25/><E25/><V71/><F54/><W9/><REACH who="3" step="1"/><G32/><REACH who="3" ten="243,264,250,233" step="2"/><T67/><D135/><U103/><E132/><V96/><F76/><W39/><G39/><T57/><D23/><U68/><E42/><V88/><F75/><W56/><G56/><T49/><D57/><U55/><E40/><V77/><F77/><W27/><G27/><T10/><D20/><U105/><E68/><V111/><F71/><W33/><G33/><T11/><D11/><U120/><E120/><V60/><F21/><W1/><G1/><T2/><D2/><U121/><E121/><V104/><F22/><W115/><G115/><T112/><D112/><U126/><E126/><V109/><F41/><W50/><G50/><T36/><D43/><U14/><E17/><V51/><F38/><W108/><G108/><N who="2" m="41545" /><F51/><W123/><G123/><T97/><D97/><U24/><E24/><V134/><F134/><W95/><AGARI ba="0,1" hai="9,12,16,29,31,58,62,64,86,90,92,95,99,101" machi="95" ten="20,8000,1" yaku="1,1,0,1,7,1,8,1,54,1,53,0" doraHai="79" doraHaiUra="74" who="3" fromWho="3" sc="243,-20,264,-20,250,-40,233,90" /><INIT seed="3,0,0,4,0,29" ten="223,244,210,323" oya="3" hai0="88,128,12,15,6,45,8,75,62,119,71,105,64" hai1="50,87,93,114,0,102,37,107,68,81,73,103,9" hai2="53,130,127,108,66,96,135,3,58,17,36,49,33" hai3="32,28,121,46,57,1,125,42,100,41,65,90,40"/><W60/><G121/><T132/><D119/><U19/><E37/><V74/><F36/><W106/><G1/><T99/><D75/><U25/><E68/><V118/><F118/><W72/><G72/><T83/><D128/><U133/><E73/><V51/><F74/><W10/><G10/><T82/><D132/><U97/><E114/><V76/><F130/><W21/><G32/><T69/><D69/><U85/><E85/><V122/><F135/><W101/><G106/><T95/><D105/><U39/><E39/><V35/><F3/><W94/><G46/><T11/><D45/><U124/><E124/><V86/><F127/><W54/><G54/><T2/><D2/><U134/><E50/><V43/><F122/><W31/><G125/><T38/><REACH who="0" step="1"/><D38/><REACH who="0" ten="213,244,210,323" step="2"/><U56/><E107/><V91/><F108/><W16/><G42/><T22/><D22/><U26/><E0/><V18/><F35/><W126/><G41/><T104/><D104/><U34/><E34/><V24/><F33/><W5/><G40/><T117/><D117/><U13/><E134/><V14/><F24/><W23/><G23/><T30/><D30/><U112/><E26/><V79/><F66/><W55/><G65/><T116/><D116/><U78/><E25/><V63/><F96/><W111/><G28/><T131/><D131/><U47/><E97/><V129/><F129/><W115/><G31/><T27/><D27/><U120/><E133/><V89/><F43/><W80/><G126/><T109/><D109/><U98/><E98/><V4/><F86/><N who="3" m="52567" /><G111/><T48/><D48/><N who="2" m="18506" /><F4/><AGARI ba="0,1" hai="4,6,8,11,12,15,62,64,71,82,83,88,95,99" machi="4" ten="30,7700,0" yaku="1,1,7,1,9,1,54,1,53,0" doraHai="29" doraHaiUra="113" who="0" fromWho="2" sc="213,87,244,0,210,-77,323,0" owari="300,10.0,244,-15.6,133,-36.7,323,42.3" /></mjloggm>