<mjloggm ver="2.3"><GO type="225" lobby="0"/><UN n0="%E8%B6%85%E7%B4%9A%E9%B3%B3%E5%87%B0" n1="%72%69%6F%75%63%68%61%6E" n2="%E3%81%BF%E3%81%BF%E3%81%9A" n3="%E3%81%AF%E3%82%88%E3%81%8A%E3%81%98%E3%81%95%E3%82%93" dan="16,17,16,17" rate="2152.91,2119.25,2129.13,2197.07" sx="M,M,M,M"/><TAIKYOKU oya="0"/><INIT seed="0,0,0,2,1,91" ten="250,250,250,250" oya="0" hai0="86,76,83,22,131,134,78,106,96,26,110,118,123" hai1="63,127,55,80,32,104,24,40,43,50,101,77,68" hai2="125,89,116,4,73,7,75,39,38,1,56,14,115" hai3="85,3,5,70,72,122,28,59,9,57,60,67,20"/><T128/><D118/><U29/><E127/><V18/><F115/><W93/><G72/><T98/><D123/><U49/><E49/><V103/><F125/><W52/><G122/><T23/><D134/><U126/><E126/><V84/><F116/><W41/><G41/><T114/><D114/><U54/><E104/><V135/><F103/><W33/><G33/><T71/><D71/><U21/><E101/><V88/><F135/><W65/><G70/><T107/><D26/><U94/><E32/><V102/><F102/><W120/><G120/><T51/><D51/><U15/><E15/><V36/><F89/><W53/><G85/><T27/><D27/><U0/><E0/><V58/><F75/><W6/><G6/><T112/><D112/><U105/><E105/><V81/><F73/><W79/><G79/><T92/><D86/><N who="1" m="48399" /><E68/><V48/><F1/><W90/><G20/><T2/><D2/><U130/><E130/><V95/><F81/><W35/><G28/><T8/><D83/><U13/><E13/><V74/><F74/><W133/><G35/><T34/><D34/><U82/><E82/><V97/><F97/><N who="3" m="57527" /><G133/><T111/><D8/><U129/><E129/><V62/><F48/><W16/><G16/><T121/><D121/><U44/><E94/><AGARI ba="0,0" hai="22,23,76,78,92,94,96,98,106,107,110,111,128,131" machi="94" ten="25,9600,0" yaku="22,2,52,2" doraHai="91" who="0" fromWho="1" sc="250,96,250,-96,250,0,250,0" /><INIT seed="0,1,0,1,0,114" ten="346,154,250,250" oya="0" hai0="80,63,102,89,33,132,25,94,131,61,29,130,12" hai1="19,77,49,66,64,11,123,105,24,2,67,118,85" hai2="82,31,104,32,71,92,8,87,55,91,129,76,45" hai3="36,106,30,122,90,13,73,47,28,37,88,20,79"/><T126/><D126/><U133/><E123/><V112/><F112/><W125/><G106/><T83/><D132/><U41/><E133/><V26/><F129/><W109/><G125/><T117/><D12/><U6/><E105/><V107/><F71/><W128/><G128/><T101/><D94/><U58/><E77/><V75/><F55/><W34/><G34/><T44/><D44/><U115/><E115/><V21/><F45/><W95/><G122/><T84/><D83/><U38/><E38/><V9/><F104/><W108/><G79/><T27/><D27/><U60/><E85/><V119/><F119/><W42/><G73/><T113/><D113/><U57/><E41/><V40/><F40/><W100/><G100/><T86/><D86/><U54/><REACH who="1" step="1"/><E118/><REACH who="1" ten="346,144,250,250" step="2"/><V23/><F107/><W97/><G36/><T22/><D117/><U116/><E116/><V78/><F76/><W124/><G124/><T39/><D39/><U68/><E68/><V74/><F75/><W16/><REACH who="3" step="1"/><G90/><REACH who="3" ten="346,144,250,240" step="2"/><T4/><D130/><U134/><E134/><V14/><F74/><W127/><G127/><T110/><D131/><U121/><E121/><V50/><F78/><W48/><G48/><T72/><D72/><U43/><E43/><V62/><F50/><W1/><G1/><T59/><D89/><U65/><E65/><V69/><F91/><W53/><G53/><T98/><D101/><U70/><E70/><V96/><F69/><W17/><G17/><T81/><D102/><U5/><E5/><V7/><F7/><W120/><G120/><T0/><D4/><U103/><E103/><RYUUKYOKU ba="1,2" sc="346,-15,144,15,250,-15,240,15" hai1="2,6,11,19,24,49,54,57,58,60,64,66,67" hai3="13,16,20,28,30,37,42,47,88,95,97,108,109" /><INIT seed="1,2,2,1,0,69" ten="331,159,235,255" oya="1" hai0="13,97,66,112,59,78,10,11,109,17,123,4,7" hai1="103,2,79,62,107,86,63,119,47,0,114,87,132" hai2="30,44,29,37,95,121,130,24,116,127,106,32,27" hai3="76,61,33,85,117,100,57,9,45,14,125,122,82"/><U89/><E132/><V84/><F116/><W12/><G122/><T18/><D112/><U77/><E114/><V94/><F121/><W15/><G33/><T99/><D123/><U75/><E119/><V67/><F106/><W34/><G34/><T72/><D109/><U91/><E47/><V46/><F127/><W43/><G125/><T36/><D36/><U41/><E41/><V55/><F130/><W52/><G117/><T90/><D78/><N who="1" m="29707" /><E107/><V88/><F67/><W16/><G100/><T81/><D72/><U129/><E103/><V113/><F113/><W131/><G131/><T105/><D105/><U54/><E129/><V39/><F94/><W120/><G120/><T60/><D81/><N who="1" m="49359" /><E75/><V40/><F55/><W48/><AGARI ba="2,2" hai="9,12,14,15,16,43,45,48,52,57,61,76,82,85" machi="48" ten="20,8000,1" yaku="0,1,7,1,8,1,54,2" doraHai="69" who="3" fromWho="3" sc="331,-22,159,-42,235,-22,255,106" /><INIT seed="2,0,0,5,4,90" ten="309,117,213,361" oya="2" hai0="106,77,120,83,38,55,111,56,114,66,57,18,27" hai1="112,41,119,62,37,72,51,70,60,54,43,33,103" hai2="104,127,110,91,21,115,82,58,53,50,22,100,9" hai3="24,45,99,117,47,3,95,88,135,133,19,4,116"/><V29/><F115/><W128/><G128/><T26/><D114/><U14/><E33/><V65/><F127/><W13/><G24/><T108/><D120/><U28/><E72/><V0/><F110/><W30/><G30/><T86/><D38/><U17/><E112/><V124/><F124/><W64/><G64/><T121/><D121/><U126/><E126/><V132/><F132/><N who="3" m="50763" /><G4/><T81/><D106/><U10/><E119/><N who="3" m="45642" /><G3/><T16/><D66/><U102/><E28/><V74/><F29/><W98/><G99/><T52/><D86/><U7/><E7/><V42/><F9/><AGARI ba="0,0" hai="9,13,19,45,47,88,95,98" m="45642,50763" machi="9" ten="30,3900,0" yaku="20,1,52,1,54,1" doraHai="90" who="3" fromWho="2" sc="309,0,117,0,213,-39,361,39" /><INIT seed="3,0,0,0,2,121" ten="309,117,174,400" oya="3" hai0="3,10,113,5,89,131,44,63,88,87,9,19,7" hai1="25,27,6,51,47,91,35,122,109,85,112,133,101" hai2="54,72,30,114,130,20,84,95,37,40,75,36,39" hai3="23,97,59,4,118,104,99,82,79,28,61,53,56"/><W43/><G118/><T110/><D131/><U120/><E133/><V77/><F114/><W67/><G104/><T34/><D34/><U96/><E112/><V119/><F119/><W107/><G107/><T127/><D113/><U103/><E6/><V128/><F40/><W45/><G4/><T17/><D127/><U64/><E64/><V105/><F105/><W125/><G125/><T129/><D129/><N who="2" m="49770" /><F54/><W135/><G135/><T58/><D44/><U22/><E35/><V48/><F48/><N who="3" m="26687" /><G82/><T57/><D63/><U126/><E126/><V21/><F95/><W33/><G79/><T66/><D87/><U24/><E109/><V132/><F132/><W98/><G33/><T29/><D66/><U1/><E1/><V41/><F41/><W116/><G116/><T8/><D8/><U70/><E70/><V111/><F111/><W74/><G74/><N who="2" m="28201" /><F30/><W86/><G86/><T26/><D29/><U49/><E96/><V78/><F78/><W108/><G108/><T32/><D32/><U117/><E117/><V124/><F124/><W52/><G56/><T76/><D110/><U80/><E22/><V50/><F50/><W62/><G61/><T106/><D106/><U90/><E90/><V14/><F14/><W102/><G102/><T42/><D76/><U71/><E71/><V115/><F115/><W100/><G100/><T60/><D60/><U65/><E65/><V81/><AGARI ba="0,0" hai="20,21,36,37,39,77,81,84" m="28201,49770" machi="81" ten="40,1500,0" yaku="19,1" doraHai="121" who="2" fromWho="2" sc="309,-4,117,-4,174,15,400,-7" owari="305,10.5,113,-38.7,189,-21.1,393,49.3" /></mjloggm>