<mjloggm ver="2.3"><GO type="225" lobby="0"/><UN n0="%E4%B8%89%E5%86%A0%E7%8E%8B%E3%83%BB%E5%B1%B1%E7%94%B0%E5%93%B2%E4%BA%BA" n1="%E3%81%AA%E3%81%A1%30%39%32%37" n2="%E3%81%8B%E3%82%8F%E3%81%A1%E3%82%83%E3%82%93%35%38" n3="%E3%81%99%E3%81%84%E3%81%BE%E3%81%9B%E3%83%BC%E3%82%93" dan="16,16,16,16" rate="2164.52,2024.48,2119.19,2119.43" sx="M,M,M,M"/><TAIKYOKU oya="0"/><INIT seed="0,0,0,0,5,99" ten="250,250,250,250" oya="0" hai0="125,94,110,130,57,21,34,107,13,71,124,53,31" hai1="66,6,88,3,96,77,1,117,115,65,82,113,7" hai2="32,37,68,50,87,129,67,44,122,95,15,42,8" hai3="2,51,123,89,59,18,5,45,102,64,14,20,54"/><T4/><D107/><U28/><E28/><V79/><F122/><W69/><G123/><T84/><D71/><U80/><E96/><V39/><F32/><W111/><G111/><T109/><D130/><U127/><E77/><V62/><F129/><W91/><G69/><T135/><D135/><U74/><E74/><V61/><F61/><N who="3" m="37951" /><G2/><T93/><D34/><U33/><E33/><V56/><F68/><W46/><G5/><T19/><D31/><U24/><E24/><V90/><REACH who="2" step="1"/><F79/><REACH who="2" ten="250,250,240,250" step="2"/><W121/><G121/><T126/><D109/><U76/><E76/><V75/><F75/><W55/><G102/><T104/><D110/><U17/><E117/><V47/><F47/><N who="3" m="17931" /><G54/><T81/><D53/><U85/><E115/><V52/><F52/><W72/><G72/><T23/><D57/><AGARI ba="0,1" hai="14,18,20,51,55,57,89,91" m="17931,37951" machi="57" ten="30,1000,0" yaku="8,1" doraHai="99" who="3" fromWho="0" sc="250,-10,250,0,240,0,250,20" /><INIT seed="1,0,0,1,3,125" ten="240,250,240,270" oya="1" hai0="29,2,134,43,98,102,96,129,106,77,74,86,25" hai1="92,6,75,111,110,105,33,15,120,104,61,56,90" hai2="72,113,9,87,103,21,53,52,69,63,20,41,48" hai3="59,122,54,17,27,50,119,71,112,24,45,78,135"/><U85/><E120/><V114/><F72/><W95/><G122/><T26/><D2/><U32/><E75/><V118/><F118/><W23/><G71/><T22/><D134/><U83/><E83/><V19/><F103/><W65/><G112/><N who="2" m="43113" /><F41/><W58/><G135/><T116/><D116/><U97/><E15/><N who="2" m="7663" /><F87/><W42/><G119/><T12/><D74/><U55/><E6/><V34/><F34/><W84/><G65/><T49/><D98/><U7/><E7/><V127/><F127/><W88/><G78/><T108/><D86/><U66/><E66/><N who="2" m="41183" /><F53/><W16/><G42/><T57/><D43/><U36/><E36/><V14/><F14/><W126/><G126/><T0/><D12/><U35/><REACH who="1" step="1"/><E85/><REACH who="1" ten="240,240,240,270" step="2"/><V31/><F31/><W40/><G40/><T70/><D29/><U64/><E64/><V8/><F8/><W82/><G82/><T123/><D123/><U51/><E51/><V10/><F10/><W38/><G38/><T39/><D49/><U89/><E89/><V4/><F4/><W133/><G133/><T94/><D39/><U60/><E60/><V5/><F5/><W121/><G121/><T13/><D13/><U130/><E130/><V18/><F18/><W47/><G17/><T46/><D129/><U44/><E44/><AGARI ba="0,1" hai="20,21,44,48,52" m="41183,7663,43113" machi="44" ten="30,2000,0" yaku="11,1,54,1" doraHai="125" who="2" fromWho="1" sc="240,0,240,-20,240,30,270,0" /><INIT seed="2,0,0,5,1,67" ten="240,220,270,270" oya="2" hai0="126,10,16,15,74,97,44,61,22,18,25,122,30" hai1="21,5,41,13,105,87,80,123,81,68,56,0,75" hai2="65,4,124,69,93,48,112,50,24,29,114,60,45" hai3="121,36,78,113,133,134,103,130,101,7,90,12,86"/><V95/><F124/><W3/><G121/><T98/><D122/><U132/><E105/><V58/><F4/><W116/><G116/><T117/><D117/><U72/><E123/><V54/><F112/><W20/><G36/><T17/><D74/><U37/><E132/><V38/><F114/><W2/><G78/><T8/><D126/><U131/><E131/><V111/><F111/><W27/><G130/><T47/><D61/><U83/><E87/><V52/><REACH who="2" step="1"/><F38/><REACH who="2" ten="240,220,260,270" step="2"/><W91/><G7/><N who="0" m="3487" /><D10/><U100/><E5/><V64/><F64/><W94/><G113/><T120/><D120/><U115/><E37/><V107/><F107/><W76/><G134/><T85/><D85/><U102/><E115/><V89/><F89/><W35/><G91/><T34/><D34/><AGARI ba="0,1" hai="24,29,34,45,48,50,52,54,58,60,65,69,93,95" machi="34" ten="30,11600,0" yaku="1,1,7,1,52,1,54,1,53,0" doraHai="67" doraHaiUra="109" who="2" fromWho="0" sc="240,-116,220,0,260,126,270,0" /><INIT seed="2,1,0,1,4,110" ten="124,220,386,270" oya="2" hai0="111,11,26,134,86,64,7,69,92,57,80,68,52" hai1="24,122,79,6,3,28,45,55,21,56,130,78,126" hai2="101,99,107,46,30,15,81,87,70,100,120,5,58" hai3="34,94,35,135,60,63,132,84,17,42,95,61,76"/><V47/><F70/><W20/><G42/><T104/><D104/><U53/><E130/><V108/><F120/><W89/><G76/><T102/><D111/><U123/><E126/><V66/><F108/><W48/><G48/><T0/><D134/><N who="3" m="51241" /><G94/><T32/><D64/><U12/><E3/><V124/><F124/><W115/><G115/><T125/><D125/><U119/><E119/><V44/><F30/><W73/><G73/><T109/><D109/><U121/><E6/><V54/><F66/><W43/><G43/><T93/><D93/><U106/><E12/><AGARI ba="1,0" hai="12,17,20,34,35,60,61,63,84,89,95" m="51241" machi="12" ten="30,1000,0" yaku="20,1" doraHai="110" who="3" fromWho="1" sc="124,0,220,-13,386,0,270,13" /><INIT seed="3,0,0,2,1,13" ten="124,207,386,283" oya="3" hai0="88,101,19,108,106,74,45,115,112,25,33,98,65" hai1="84,41,46,79,125,110,76,119,70,94,49,77,126" hai2="96,23,97,40,120,135,69,73,28,37,95,107,51" hai3="92,38,35,62,30,44,6,34,131,81,5,128,104"/><W20/><G104/><T129/><D74/><U58/><E70/><V123/><F73/><W3/><G81/><T9/><D108/><U17/><E110/><V43/><F37/><W10/><G62/><T14/><D129/><N who="3" m="49737" /><G92/><T127/><D127/><N who="1" m="48651" /><E119/><V71/><F135/><W82/><G82/><T2/><D45/><U64/><E17/><V1/><F1/><N who="3" m="303" /><G44/><T130/><D130/><U103/><E103/><N who="2" m="62951" /><F51/><W57/><G57/><T27/><D2/><U134/><E134/><V36/><F36/><W63/><G63/><T85/><D65/><U12/><E12/><V53/><F53/><W52/><G52/><T61/><D61/><N who="1" m="37943" /><E94/><V24/><F43/><W31/><G38/><T124/><D124/><U72/><E72/><V111/><F111/><W90/><G90/><T117/><D117/><U133/><E133/><V93/><F40/><W100/><G100/><T15/><D15/><U68/><E68/><N who="2" m="26187" /><F97/><W109/><G109/><T67/><D67/><U86/><AGARI ba="0,0" hai="41,46,49,76,77,79,84,86" m="37943,48651" machi="86" ten="40,1500,0" yaku="18,1" doraHai="13" who="1" fromWho="1" sc="124,-4,207,15,386,-4,283,-7" owari="120,-38.0,222,-17.8,382,48.2,276,7.6" /></mjloggm>