<mjloggm ver="2.3"><GO type="225" lobby="0"/><UN n0="%72%61%6B%33" n1="%6D%75%75%6D%75%72%61" n2="%E5%B8%86%E7%AB%8B%E5%A4%8F%E8%A1%A3" n3="%E3%81%A8%E3%82%93%E3%81%A8%E3%81%93%E3%81%A8%E3%82%93" dan="16,17,16,16" rate="2076.14,2187.24,2134.58,2107.27" sx="M,F,M,M"/><TAIKYOKU oya="0"/><INIT seed="0,0,0,0,0,4" ten="250,250,250,250" oya="0" hai0="64,16,61,132,80,121,104,71,30,24,106,109,39" hai1="134,29,46,56,47,96,34,66,7,19,27,114,58" hai2="95,90,20,21,40,130,18,135,126,131,84,102,35" hai3="45,68,107,49,117,31,128,87,70,118,65,15,36"/><T113/><D113/><U59/><E114/><V43/><F126/><W127/><G107/><T111/><D121/><U120/><E134/><V44/><F135/><W112/><G31/><T133/><D39/><U41/><E120/><V5/><F35/><W89/><G112/><T116/><D116/><U88/><E66/><V97/><F5/><W101/><G101/><T23/><D80/><U122/><E122/><V98/><F43/><W33/><G33/><T124/><D124/><U72/><E72/><V91/><F91/><W103/><G103/><T62/><D133/><U37/><E47/><V54/><F54/><W67/><G15/><T50/><D132/><U73/><E73/><V6/><F6/><W0/><G0/><T48/><D61/><U14/><E7/><V13/><F21/><W42/><G128/><N who="2" m="49193" /><F102/><W86/><G127/><T82/><D82/><U79/><E79/><V2/><F2/><W63/><G36/><AGARI ba="0,0" hai="13,18,20,36,40,44,84,90,95,97,98" m="49193" machi="36" ten="30,1000,0" yaku="19,1" doraHai="4" who="2" fromWho="3" sc="250,0,250,0,250,10,250,-10" /><INIT seed="1,0,0,4,4,70" ten="250,250,260,240" oya="1" hai0="119,24,113,11,18,42,66,126,64,82,83,39,4" hai1="65,54,52,120,123,95,124,34,105,53,90,58,28" hai2="40,3,69,135,128,88,67,92,47,78,41,109,17" hai3="31,131,19,27,23,94,20,29,26,111,45,103,5"/><U86/><E124/><V32/><F3/><W107/><G107/><T48/><D113/><U10/><E105/><V16/><F32/><N who="3" m="20535" /><G45/><T68/><D119/><U104/><E104/><V99/><F135/><W122/><G94/><T101/><D126/><U77/><E10/><V61/><F128/><W62/><G62/><T133/><D133/><U97/><E34/><V85/><F109/><W108/><G103/><T93/><D48/><U0/><E28/><V37/><F41/><W127/><G127/><T57/><D68/><U106/><E0/><V76/><REACH who="2" step="1"/><F99/><REACH who="2" ten="250,250,250,240" step="2"/><W13/><G131/><T134/><D42/><U96/><E96/><V7/><F7/><W116/><G116/><T55/><D4/><U80/><REACH who="1" step="1"/><E106/><REACH who="1" ten="250,240,250,240" step="2"/><V71/><F71/><W59/><G122/><T50/><D134/><U22/><E22/><V36/><F36/><W75/><G108/><T121/><D39/><U110/><E110/><V33/><F33/><W9/><G111/><T2/><D2/><U114/><E114/><V15/><F15/><W46/><G13/><T74/><D121/><U84/><E84/><V49/><F49/><W79/><G20/><T63/><D50/><U60/><AGARI ba="0,2" hai="52,53,54,58,60,65,77,80,86,90,95,97,120,123" machi="60" ten="30,6000,0" yaku="1,1,0,1,54,1,53,0" doraHai="70" doraHaiUra="6" who="1" fromWho="1" sc="250,-20,240,80,250,-20,240,-20" /><INIT seed="1,1,0,0,4,90" ten="230,320,230,220" oya="1" hai0="48,77,56,25,63,36,128,86,107,64,96,32,134" hai1="1,49,22,7,98,91,68,52,132,21,127,89,82" hai2="34,45,81,5,13,114,84,39,17,101,40,76,54" hai3="30,61,115,27,29,26,66,11,41,95,122,53,112"/><U99/><E68/><V125/><F125/><W71/><G122/><T24/><D36/><U38/><E127/><V119/><F119/><W55/><G41/><T12/><D128/><U129/><E38/><V79/><F34/><W105/><G105/><T88/><D134/><U42/><E132/><V60/><F114/><W116/><G116/><T51/><D12/><U58/><E129/><V131/><F131/><W94/><G11/><T73/><D73/><U102/><E1/><V44/><F5/><W124/><G124/><T104/><D77/><U126/><E7/><V85/><F101/><W100/><G100/><T4/><D4/><U8/><E8/><V78/><F84/><W93/><G27/><T35/><D35/><U15/><E126/><V50/><REACH who="2" step="1"/><F60/><REACH who="2" ten="230,320,220,220" step="2"/><W69/><G69/><T67/><D32/><U33/><E33/><V2/><F2/><W72/><G72/><T118/><D86/><U70/><E70/><V75/><F75/><W87/><G87/><T9/><D63/><U120/><E102/><V3/><F3/><W6/><G6/><T14/><D118/><U46/><E120/><V19/><F19/><W109/><G30/><T130/><D130/><U133/><E133/><V16/><F16/><W18/><G18/><T103/><D103/><U113/><E113/><V97/><F97/><W10/><G112/><T57/><D96/><U59/><E98/><V135/><F135/><W47/><G115/><T37/><D107/><U117/><E99/><V111/><F111/><W23/><G109/><T28/><D104/><U110/><E117/><V83/><F83/><RYUUKYOKU ba="1,1" sc="230,-10,320,-10,220,30,220,-10" hai2="13,17,39,40,44,45,50,54,76,78,79,81,85" /><INIT seed="2,2,1,4,1,113" ten="220,310,250,210" oya="2" hai0="17,46,66,131,109,104,50,72,14,69,49,82,119" hai1="92,10,100,35,23,28,7,98,29,121,25,118,64" hai2="13,93,105,59,132,85,112,6,37,61,32,111,0" hai3="39,73,125,95,115,96,24,67,68,87,33,54,79"/><V124/><F112/><W52/><G73/><T56/><D104/><U30/><E121/><V74/><F105/><W83/><G39/><T103/><D103/><U60/><E118/><V18/><F74/><W2/><G2/><T12/><D109/><U88/><E100/><V26/><F37/><W21/><G33/><T128/><D69/><U77/><E77/><V106/><F106/><W38/><G38/><T126/><D126/><U63/><E35/><V99/><F132/><W11/><G115/><T8/><D14/><U22/><E22/><N who="2" m="13655" /><F0/><W65/><G11/><T71/><D71/><U80/><E80/><V108/><F32/><W45/><G125/><T27/><D27/><U4/><E4/><V36/><F36/><W9/><G9/><T70/><D70/><U19/><REACH who="1" step="1"/><E64/><REACH who="1" ten="220,300,250,210" step="2"/><N who="3" m="24650" /><G68/><T15/><D119/><U1/><AGARI ba="2,2" hai="1,7,10,19,23,25,28,29,30,60,63,88,92,98" machi="1" ten="30,4000,0" yaku="1,1,0,1,54,1,53,0" doraHai="113" doraHaiUra="114" who="1" fromWho="1" sc="220,-12,300,66,250,-22,210,-12" /><INIT seed="3,0,0,3,4,128" ten="208,366,228,198" oya="3" hai0="13,28,17,27,65,117,88,123,118,66,15,16,100" hai1="18,130,6,19,76,43,26,104,75,122,110,3,109" hai2="131,80,135,124,57,95,38,116,39,120,42,10,78" hai3="36,101,67,47,21,82,63,113,29,81,53,74,14"/><W60/><G113/><T8/><D123/><U34/><E122/><V133/><F120/><W129/><G129/><T89/><D100/><U49/><E130/><V54/><F131/><W35/><G35/><T73/><D73/><U62/><E104/><V98/><F116/><W77/><G101/><T94/><D27/><U55/><E3/><V0/><F124/><W7/><G82/><T64/><D28/><N who="1" m="19735" /><E6/><N who="2" m="1351" /><F54/><W103/><G103/><T59/><D59/><N who="1" m="35199" /><E76/><V30/><F57/><W127/><G127/><T40/><D40/><U125/><E75/><N who="2" m="43103" /><F30/><W44/><G36/><T84/><REACH who="0" step="1"/><D89/><REACH who="0" ten="198,366,228,198" step="2"/><U48/><E43/><V50/><F42/><W132/><G132/><N who="2" m="50761" /><F50/><W126/><G126/><T68/><D68/><U41/><E125/><V108/><F108/><W58/><G29/><T1/><D1/><U2/><E48/><V92/><F39/><W33/><G33/><T96/><D96/><U90/><E2/><V52/><F38/><W69/><REACH who="3" step="1"/><G21/><AGARI ba="0,1" hai="8,13,15,16,17,21,64,65,66,84,88,94,117,118" machi="21" ten="40,5200,0" yaku="1,1,54,2,53,0" doraHai="128" doraHaiUra="32" who="0" fromWho="3" sc="198,62,366,0,228,0,198,-52" owari="260,6.0,366,46.6,228,-17.2,146,-35.4" /></mjloggm>