<mjloggm ver="2.3"><GO type="225" lobby="0"/><UN n0="%72%69%6F%75%63%68%61%6E" n1="%E3%81%9F%E3%81%8C%E3%82%84%E3%81%99" n2="%E3%81%8C%E3%81%9F" n3="%E3%82%BC%E3%83%AB%E3%83%80%E3%81%AE%E4%BC%9D%E8%AA%AC" dan="17,16,17,16" rate="2163.95,2200.29,2199.22,2167.01" sx="M,M,F,M"/><TAIKYOKU oya="0"/><INIT seed="0,0,0,1,2,81" ten="250,250,250,250" oya="0" hai0="39,60,102,5,92,118,8,129,34,104,84,68,62" hai1="113,119,55,15,122,23,66,116,124,120,46,83,106" hai2="76,97,112,45,49,135,67,114,32,93,133,26,9" hai3="79,88,14,132,127,38,30,126,70,107,29,19,117"/><T99/><D129/><U130/><E83/><V20/><F67/><W25/><G70/><T28/><D118/><U100/><E100/><V41/><F32/><W103/><G38/><T1/><D39/><U86/><E106/><V17/><F76/><W98/><G117/><T108/><D108/><U105/><E105/><V35/><F35/><W43/><G79/><T56/><D68/><U64/><E23/><V4/><F133/><W80/><G43/><T18/><D18/><U123/><E15/><V54/><F41/><W37/><G37/><T2/><D2/><U94/><E130/><V0/><REACH who="2" step="1"/><F135/><REACH who="2" ten="250,250,240,250" step="2"/><W27/><G132/><T47/><D34/><U109/><E119/><V128/><F128/><W82/><G127/><T91/><D28/><U52/><E116/><V77/><F77/><W12/><G126/><T95/><D47/><U125/><E125/><V44/><F44/><W24/><G30/><T78/><D78/><U72/><E124/><V36/><F36/><W65/><G65/><T74/><D74/><U96/><E72/><V50/><F50/><W111/><G29/><T89/><REACH who="0" step="1"/><D56/><REACH who="0" ten="240,250,240,250" step="2"/><U115/><E46/><V57/><F57/><W6/><G111/><T21/><D21/><U22/><E22/><V73/><F73/><W69/><G69/><T75/><D75/><U90/><E109/><V85/><F85/><AGARI ba="0,2" hai="1,5,8,60,62,84,85,89,91,92,95,99,102,104" machi="85" ten="30,12000,1" yaku="1,1,7,1,9,1,52,2,53,0" doraHai="81" doraHaiUra="131" who="0" fromWho="2" sc="240,140,250,0,240,-120,250,0" /><INIT seed="0,1,0,3,5,128" ten="380,250,120,250" oya="0" hai0="65,43,134,119,22,76,97,16,5,47,110,74,118" hai1="96,68,126,103,135,62,12,72,2,109,127,24,108" hai2="42,59,82,93,81,60,121,75,19,44,107,8,129" hai3="125,106,61,7,27,79,39,114,117,87,131,80,38"/><T21/><D134/><U92/><E2/><V95/><F121/><W133/><G114/><T111/><D65/><N who="1" m="41015" /><E72/><V1/><F107/><W71/><G117/><T89/><D5/><U18/><E24/><V26/><F129/><W55/><G131/><T91/><D22/><N who="1" m="11591" /><E135/><V101/><F101/><W73/><G55/><T37/><D76/><U9/><E9/><V88/><F93/><W85/><G133/><T99/><D74/><U66/><E66/><V36/><F26/><W6/><G106/><T53/><D53/><U122/><E122/><V0/><F19/><W112/><G112/><T77/><D77/><U14/><E14/><V132/><F132/><W17/><G61/><T113/><D113/><U11/><E11/><V116/><F116/><W3/><G71/><T15/><D89/><U50/><E50/><V25/><F25/><W84/><G3/><T86/><D119/><U123/><E123/><V52/><F75/><W34/><G17/><T41/><D118/><U54/><E54/><V58/><F58/><W90/><G90/><T30/><D43/><U40/><E40/><V45/><F45/><W10/><G10/><T120/><D30/><U102/><E103/><V51/><F36/><N who="3" m="13867" /><G125/><AGARI ba="1,0" hai="92,96,102,108,109,125,126,127" m="11591,41015" machi="125" ten="30,1000,0" yaku="18,1" doraHai="128" who="1" fromWho="3" sc="380,0,250,13,120,0,250,-13" /><INIT seed="1,0,0,0,2,40" ten="380,263,120,237" oya="1" hai0="45,4,121,46,83,128,132,29,65,134,72,99,96" hai1="100,80,97,32,85,42,33,105,110,47,10,18,23" hai2="130,112,113,26,15,14,2,49,21,56,88,58,104" hai3="117,118,86,43,0,114,115,1,93,73,125,17,24"/><U64/><E64/><V124/><F2/><N who="3" m="1131" /><G86/><T59/><D128/><U36/><E10/><V92/><F104/><W57/><G57/><T9/><D121/><U54/><E54/><V133/><F130/><W120/><G93/><T102/><D29/><U48/><E36/><V101/><F101/><W79/><G43/><T90/><D9/><U135/><E110/><V41/><F124/><W7/><G79/><N who="0" m="44519" /><D4/><U44/><E47/><N who="0" m="17929" /><D90/><U81/><E81/><V75/><F75/><W77/><G7/><T39/><D39/><U71/><E71/><V8/><F133/><N who="0" m="51306" /><D102/><U5/><E5/><V12/><F8/><W62/><G120/><T123/><D123/><U63/><E135/><V126/><F126/><W84/><G125/><T119/><D119/><U19/><E19/><N who="2" m="12607" /><F112/><W91/><G114/><T16/><D16/><U31/><E31/><V27/><F27/><W37/><G37/><T53/><D65/><U131/><E131/><V74/><F74/><W69/><G115/><T6/><D6/><U38/><E38/><V127/><F127/><W109/><G17/><T3/><D3/><U122/><E122/><V50/><F113/><W78/><G118/><T25/><D25/><U28/><E28/><V103/><F103/><W129/><G117/><T111/><D111/><U70/><E18/><V82/><F82/><W66/><G109/><T20/><D20/><U34/><E23/><V13/><N who="2" m="3072" /><DORA hai="89" /><V67/><F67/><W98/><G129/><T61/><AGARI ba="0,0" hai="53,59,61,96,99" m="51306,17929,44519" machi="61" ten="30,7900,0" yaku="20,1,52,3" doraHai="40,89" who="0" fromWho="0" sc="380,79,263,-39,120,-20,237,-20" /><INIT seed="2,0,0,4,4,45" ten="459,224,100,217" oya="2" hai0="76,30,84,114,134,98,44,116,133,131,113,65,28" hai1="111,77,36,18,58,33,48,104,20,24,117,37,68" hai2="29,74,41,62,43,16,92,115,0,39,132,49,126" hai3="128,96,106,110,112,66,88,75,2,121,1,95,105"/><V50/><F115/><W34/><G34/><T63/><D131/><U25/><E68/><V54/><F74/><W107/><G66/><T109/><D109/><U91/><E117/><V46/><F0/><W47/><G121/><T93/><D116/><U17/><E111/><V129/><F29/><N who="0" m="11370" /><D44/><U82/><E104/><V22/><F129/><W32/><G32/><T67/><D84/><U83/><E91/><V10/><F126/><W94/><G94/><T53/><D53/><U9/><E33/><V26/><F132/><N who="0" m="50794" /><D76/><U14/><E25/><V3/><F41/><W57/><G47/><T127/><D67/><U59/><E59/><V55/><F92/><W125/><G57/><N who="0" m="37103" /><D127/><U56/><E56/><V42/><F62/><W23/><G125/><T79/><D79/><U40/><E83/><V35/><F35/><W81/><G128/><T27/><D27/><U135/><E135/><V51/><REACH who="2" step="1"/><F42/><REACH who="2" ten="459,224,90,217" step="2"/><W90/><G1/><T100/><AGARI ba="0,1" hai="93,98,100,113,114" m="37103,50794,11370" machi="100" ten="30,1100,0" yaku="20,1" doraHai="45" who="0" fromWho="0" sc="459,21,224,-3,90,-5,217,-3" /><INIT seed="3,0,0,0,1,124" ten="480,221,85,214" oya="3" hai0="37,103,78,64,109,100,120,128,25,83,99,39,76" hai1="0,12,90,6,126,18,42,119,44,102,22,104,115" hai2="131,41,97,129,19,63,105,23,117,71,112,107,113" hai3="30,68,114,7,108,135,27,89,8,75,111,40,133"/><W95/><G68/><T116/><D99/><U122/><E102/><V65/><F117/><W86/><G75/><T29/><D25/><U48/><E104/><N who="2" m="40011" /><F41/><W84/><G40/><T130/><D29/><U93/><E122/><V35/><F97/><W49/><G49/><T62/><D109/><N who="3" m="42057" /><G114/><N who="2" m="44137" /><F19/><W69/><G69/><N who="0" m="42135" /><D120/><U26/><E18/><V20/><F35/><N who="3" m="20959" /><G84/><N who="0" m="48231" /><D78/><U2/><E119/><V66/><F65/><W31/><G31/><T13/><D116/><U54/><E42/><V125/><F125/><W45/><G45/><T21/><D39/><U28/><E126/><V47/><F47/><W134/><G8/><T53/><D37/><U36/><E36/><V50/><F50/><W73/><G73/><T16/><D53/><U67/><E67/><V9/><F9/><W57/><G57/><T17/><D17/><U96/><E115/><V34/><F34/><W118/><G118/><T77/><D77/><U59/><E59/><V4/><F4/><AGARI ba="0,0" hai="4,7,86,89,95,133,134,135" m="20959,42057" machi="4" ten="40,7700,0" yaku="20,1,14,1,10,1" doraHai="124" who="3" fromWho="2" sc="480,0,221,0,85,-77,214,77" /><INIT seed="3,1,0,3,1,49" ten="480,221,8,291" oya="3" hai0="45,95,17,5,47,101,126,78,83,52,120,8,131" hai1="84,64,104,36,67,75,108,48,106,69,12,10,20" hai2="109,9,98,34,132,26,93,82,90,41,32,42,39" hai3="28,25,107,15,51,115,116,119,30,92,88,35,46"/><W124/><G124/><T118/><D118/><U4/><E75/><V22/><F109/><W19/><G107/><T70/><D120/><U54/><E108/><V50/><F132/><W127/><G127/><T14/><D70/><U56/><E36/><V29/><F39/><W13/><G115/><T0/><D126/><U68/><E68/><V3/><F34/><W72/><G72/><T37/><D131/><U122/><E122/><V23/><F32/><W111/><G28/><T43/><D52/><U114/><E114/><V96/><F3/><W112/><G112/><T16/><D47/><U134/><E134/><V66/><F66/><W102/><G102/><T135/><D135/><U11/><E20/><V44/><F41/><W71/><G71/><T87/><D0/><U38/><E38/><V79/><F22/><W53/><G111/><T57/><D57/><U100/><E84/><V63/><F63/><W18/><G15/><T121/><D121/><U24/><E24/><V62/><F62/><W105/><G105/><T60/><D60/><U73/><E73/><V59/><F59/><W74/><G74/><T33/><D33/><U113/><E113/><V103/><F103/><W133/><G133/><T129/><D129/><U61/><E67/><V85/><F9/><W110/><G110/><T117/><D117/><U97/><REACH who="1" step="1"/><E11/><REACH who="1" ten="480,211,8,291" step="2"/><V40/><F96/><N who="3" m="57351" /><G116/><T77/><REACH who="0" step="1"/><D77/><REACH who="0" ten="470,211,8,291" step="2"/><U86/><E86/><V2/><F2/><W76/><G76/><T89/><D89/><U27/><E27/><V91/><F79/><W128/><G119/><T80/><D80/><U1/><E1/><RYUUKYOKU ba="1,2" sc="470,10,211,10,8,10,291,-30" hai0="5,8,14,16,17,37,43,45,78,83,87,95,101" hai1="4,10,12,48,54,56,61,64,69,97,100,104,106" hai2="23,26,29,40,42,44,50,82,85,90,91,93,98" owari="500,60.0,221,-17.9,18,-48.2,261,6.1" /></mjloggm>