<mjloggm ver="2.3"><GO type="225" lobby="0"/><UN n0="%E3%82%B8%E3%83%A3%E3%83%9E%E3%83%BC%E3%83%AB%E3%83%9E%E3%83%AC%E3%83%BC" n1="%E3%81%BF%E3%81%BF%E3%81%9A" n2="%E6%98%93%E5%88%A9%E8%96%A9%E4%BC%AF" n3="%E3%83%AD%E3%83%83%E3%83%86%E9%9B%80%E7%90%83" dan="17,17,16,17" rate="2215.88,2198.93,2105.84,2268.25" sx="M,M,F,M"/><TAIKYOKU oya="0"/><INIT seed="0,0,0,5,0,71" ten="250,250,250,250" oya="0" hai0="43,85,97,129,93,87,128,68,125,135,83,132,36" hai1="52,72,127,81,46,51,112,79,134,104,119,76,65" hai2="53,103,118,2,47,92,98,124,7,115,123,106,48" hai3="120,64,38,67,121,49,18,78,11,77,80,63,57"/><T26/><D68/><U9/><E119/><V17/><F123/><N who="3" m="47179" /><G49/><T37/><D125/><U105/><E127/><V8/><F124/><W35/><G35/><T14/><D14/><U82/><E134/><N who="0" m="51241" /><D26/><U33/><E112/><V39/><F115/><W22/><G38/><N who="0" m="14955" /><D43/><U6/><E65/><V12/><F118/><W122/><G67/><T59/><D59/><U107/><E33/><V60/><F60/><W131/><G63/><T108/><D108/><U21/><E21/><V113/><F113/><W130/><G22/><T20/><D20/><U91/><E91/><V27/><F39/><W90/><G90/><N who="0" m="51519" /><D87/><U0/><E105/><V56/><F106/><W84/><G64/><T109/><D109/><U1/><REACH who="1" step="1"/><E1/><REACH who="1" ten="250,240,250,250" step="2"/><V55/><F2/><W10/><G122/><T126/><D126/><U94/><E94/><V34/><F34/><W117/><G117/><T54/><D54/><U23/><E23/><N who="2" m="13807" /><F55/><W50/><G10/><T133/><N who="0" m="51249" /><T95/><DORA hai="74" /><D95/><U58/><E58/><AGARI ba="0,1" hai="7,8,12,47,48,53,56,58,92,98,103" m="13807" machi="58" ten="30,1000,0" yaku="8,1" doraHai="71,74" who="2" fromWho="1" sc="250,0,240,-10,250,20,250,0" /><INIT seed="1,0,0,1,4,64" ten="250,230,270,250" oya="1" hai0="103,36,1,43,5,14,106,108,63,126,116,94,41" hai1="107,66,97,29,98,21,91,18,7,70,54,17,131" hai2="80,28,34,73,15,32,133,35,118,100,45,40,121" hai3="117,8,37,60,42,82,89,26,51,96,4,83,38"/><U68/><E7/><V119/><F121/><W124/><G124/><T128/><D116/><U2/><E2/><V120/><F120/><W49/><G117/><T135/><D1/><U105/><E29/><V81/><F133/><W78/><G26/><T115/><D115/><U67/><E54/><V111/><F111/><W53/><G60/><T11/><D108/><U102/><E131/><V113/><F113/><W88/><G42/><T130/><D106/><U19/><E21/><V65/><F28/><W33/><G33/><T86/><D126/><U129/><E129/><N who="0" m="49769" /><D36/><U48/><E48/><V31/><F31/><W99/><G53/><T93/><D63/><U47/><E47/><V12/><F65/><N who="1" m="24585" /><E91/><V87/><F73/><W71/><G4/><T16/><D5/><U13/><E102/><V52/><F40/><N who="0" m="15434" /><D135/><U127/><E13/><V55/><F35/><W69/><G8/><T125/><D125/><U134/><E127/><V132/><F100/><W39/><G39/><T62/><D62/><U44/><E44/><V25/><F45/><W110/><G78/><T104/><D86/><U72/><E72/><V74/><F74/><W101/><G101/><T24/><D24/><U59/><E59/><V95/><F87/><W76/><G76/><T112/><D112/><U9/><E134/><V50/><F132/><W92/><G92/><T20/><D11/><U23/><E9/><V27/><F95/><W77/><G77/><T122/><D122/><U46/><E23/><V3/><F3/><W30/><G110/><T61/><D61/><U58/><E107/><V6/><F6/><RYUUKYOKU ba="0,0" sc="250,10,230,-30,270,10,250,10" hai0="14,16,20,93,94,103,104" hai2="12,15,25,27,32,34,50,52,55,80,81,118,119" hai3="30,37,38,49,51,69,71,82,83,88,89,96,99" /><INIT seed="2,1,0,5,3,122" ten="260,200,280,260" oya="2" hai0="43,132,84,26,62,23,55,34,5,50,52,20,90" hai1="70,119,93,12,134,91,60,0,41,79,75,39,13" hai2="107,24,35,110,92,74,121,123,31,19,9,36,73" hai3="97,95,45,69,27,3,114,2,103,127,80,86,128"/><V7/><F107/><W58/><G69/><T72/><D72/><N who="2" m="27754" /><F92/><W77/><G127/><T89/><D132/><U30/><E119/><V54/><F54/><N who="0" m="20522" /><D34/><U113/><E113/><V25/><F25/><W63/><G128/><T29/><D62/><U53/><E0/><N who="2" m="231" /><F19/><W96/><G114/><T42/><D5/><U105/><E105/><V51/><F51/><W133/><G133/><T10/><D10/><U98/><E134/><V118/><F118/><W66/><G97/><T15/><D50/><U16/><E30/><V104/><F104/><W32/><G45/><T85/><D15/><U71/><E12/><V47/><F110/><W88/><REACH who="3" step="1"/><G103/><REACH who="3" ten="260,200,280,250" step="2"/><T68/><D68/><U22/><E39/><V61/><F61/><W56/><G56/><T116/><D116/><U102/><E41/><AGARI ba="1,1" hai="24,31,35,36,41,47,121,123" m="231,27754" machi="41" ten="30,1500,0" yaku="23,1" doraHai="122" who="2" fromWho="1" sc="260,0,200,-18,280,28,250,0" /><INIT seed="2,2,0,3,5,51" ten="260,182,308,250" oya="2" hai0="133,134,131,63,128,96,113,91,1,78,107,108,83" hai1="57,41,111,123,127,8,87,118,64,115,55,18,35" hai2="95,59,132,103,79,68,75,104,20,40,93,43,58" hai3="56,106,4,97,119,26,47,71,102,94,46,76,81"/><V84/><F68/><W27/><G71/><T10/><D63/><U6/><E115/><V12/><F75/><W126/><G126/><T117/><D113/><U100/><E118/><V114/><F104/><W42/><G106/><T86/><D108/><U29/><E111/><V14/><F132/><N who="0" m="50794" /><D117/><U23/><E127/><V21/><F84/><N who="3" m="48167" /><G119/><T11/><D1/><U122/><E100/><V61/><F79/><W88/><G4/><T72/><D10/><U25/><E41/><V135/><F135/><W22/><G42/><T28/><D11/><U37/><E37/><V5/><F5/><W121/><G121/><N who="1" m="46090" /><E64/><V85/><F85/><W69/><G69/><T19/><D19/><U116/><E87/><V0/><F0/><W124/><G124/><T50/><D28/><U34/><E116/><V66/><F66/><W73/><G73/><T98/><D50/><N who="1" m="30967" /><E29/><V9/><F9/><W13/><G102/><N who="0" m="62919" /><D98/><U45/><E45/><N who="3" m="16906" /><G56/><T120/><D120/><U17/><E17/><AGARI ba="2,0" hai="13,17,22,26,27,88,94,97" m="16906,48167" machi="17" ten="30,2000,0" yaku="8,1,54,1" doraHai="51" who="3" fromWho="1" sc="260,0,182,-26,308,0,250,26" /><INIT seed="3,0,0,3,2,123" ten="260,156,308,276" oya="3" hai0="72,38,49,45,9,76,47,39,43,6,69,89,121" hai1="15,59,8,32,114,120,42,20,26,122,104,33,54" hai2="74,102,22,58,10,34,4,126,31,28,30,79,81" hai3="50,125,51,11,14,1,117,111,13,48,96,90,41"/><W35/><G111/><T66/><D121/><N who="1" m="46699" /><E42/><V17/><F126/><W94/><G117/><T62/><D89/><U70/><E54/><V29/><F102/><W128/><G128/><T103/><D103/><U3/><E59/><V12/><F58/><W77/><G125/><T105/><D105/><U24/><E70/><V100/><F100/><W40/><G35/><N who="1" m="13386" /><E104/><V93/><F93/><W16/><G1/><N who="0" m="207" /><D49/><U86/><E86/><V124/><F124/><W129/><G129/><T133/><D47/><U130/><E130/><V80/><F31/><W75/><REACH who="3" step="1"/><G14/><REACH who="3" ten="260,156,308,266" step="2"/><T115/><D115/><U67/><E114/><V68/><F12/><W61/><G61/><T95/><D62/><U88/><E67/><V46/><F34/><W98/><G98/><T109/><D66/><U57/><E57/><V82/><F68/><W0/><G0/><T83/><D69/><U53/><E3/><V110/><F110/><W18/><G18/><T131/><D109/><U97/><E97/><V127/><F17/><W78/><G78/><T56/><D131/><U101/><E15/><V23/><F127/><W135/><G135/><T134/><D56/><U108/><E108/><V25/><F79/><W112/><G112/><T19/><D134/><U116/><E116/><V2/><F2/><W37/><G37/><N who="0" m="21743" /><D133/><U132/><E132/><V119/><F119/><W63/><G63/><T36/><D36/><U85/><E26/><V7/><F25/><W5/><G5/><T87/><D38/><U71/><E24/><V92/><F7/><W64/><G64/><T21/><D39/><U107/><E71/><RYUUKYOKU ba="0,1" sc="260,-10,156,-10,308,-10,266,30" hai3="11,13,16,40,41,48,50,51,75,77,90,94,96" /><INIT seed="3,1,1,5,4,73" ten="250,146,298,296" oya="3" hai0="79,42,44,128,43,96,135,116,46,131,55,2,114" hai1="58,122,121,70,62,75,23,80,123,57,134,118,133" hai2="41,74,21,5,22,98,16,59,103,87,99,35,115" hai3="100,15,6,83,97,31,81,63,49,126,124,37,112"/><W52/><G112/><T105/><D2/><U30/><E30/><V69/><F74/><W117/><G37/><T102/><D116/><U45/><E23/><V34/><F69/><W66/><G117/><T50/><D114/><U12/><E12/><V29/><F5/><W61/><G31/><T40/><D135/><N who="1" m="51723" /><E118/><V82/><F41/><W71/><G63/><T1/><D1/><U4/><E4/><V77/><F99/><W85/><G15/><T11/><D11/><U47/><E75/><V89/><F89/><W104/><G6/><T107/><D107/><U101/><E80/><V91/><F91/><W38/><G38/><T18/><D18/><U13/><E101/><V106/><F59/><N who="1" m="22537" /><E13/><V8/><F8/><W129/><G85/><T94/><D105/><U113/><E113/><V93/><F115/><W90/><G90/><T3/><D3/><U54/><E54/><V109/><F29/><W26/><G26/><T32/><D32/><U36/><E36/><V127/><F34/><W53/><G52/><T78/><REACH who="0" step="1"/><D44/><REACH who="0" ten="240,146,298,296" step="2"/><U56/><N who="1" m="22545" /><U24/><DORA hai="64" /><E24/><V7/><F35/><W68/><G104/><T25/><D25/><U0/><E0/><V17/><F106/><W132/><G132/><T72/><D72/><U65/><AGARI ba="1,2" hai="45,47,62,65,70,121,122,123" m="22545,51723" machi="65" ten="50,8000,1" yaku="20,1,34,2,52,1" doraHai="73,64" who="1" fromWho="1" sc="240,-21,146,103,298,-21,296,-41" /><INIT seed="4,0,0,3,0,125" ten="219,249,277,255" oya="0" hai0="94,126,91,68,8,100,67,72,71,120,98,63,121" hai1="77,24,81,85,50,27,66,62,12,75,17,114,22" hai2="118,2,69,40,107,133,70,113,6,37,53,43,42" hai3="41,112,109,39,48,103,35,34,19,54,14,31,128"/><T110/><D126/><U90/><E114/><V20/><F107/><W38/><G103/><T76/><D110/><U11/><E50/><V18/><F113/><W56/><G109/><T4/><D71/><U101/><E101/><V64/><F133/><W52/><G128/><T106/><D76/><U33/><E33/><V30/><F30/><W74/><G74/><T51/><D72/><U49/><E49/><V117/><F37/><W1/><G1/><T92/><D51/><U84/><E24/><V135/><F53/><W36/><G41/><T82/><D82/><U104/><E104/><V15/><F64/><W87/><G54/><T123/><REACH who="0" step="1"/><D91/><REACH who="0" ten="209,249,277,255" step="2"/><U116/><E116/><N who="2" m="44651" /><F135/><W5/><G38/><T47/><D47/><U25/><E25/><V58/><F58/><W122/><G56/><T45/><D45/><U89/><E75/><V55/><F70/><W44/><G44/><T97/><D97/><U10/><E27/><V28/><F69/><W108/><G108/><T3/><AGARI ba="0,1" hai="3,4,8,63,67,68,92,94,98,100,106,120,121,123" machi="3" ten="30,6000,0" yaku="1,1,0,1,53,1" doraHai="125" doraHaiUra="60" who="0" fromWho="0" sc="209,70,249,-20,277,-20,255,-20" /><INIT seed="4,1,0,4,0,114" ten="279,229,257,235" oya="0" hai0="53,67,80,109,132,49,107,74,32,120,61,94,118" hai1="34,87,63,86,106,135,21,6,64,133,22,11,95" hai2="4,122,17,105,70,121,48,68,43,16,10,41,92" hai3="14,44,56,27,59,12,39,78,85,60,101,129,31"/><T91/><D32/><U84/><E106/><V15/><F105/><W71/><G129/><T123/><D118/><U97/><E34/><V13/><F92/><W90/><G71/><T23/><D107/><U75/><E75/><V111/><F111/><W51/><G39/><T65/><D132/><N who="1" m="50763" /><E97/><V81/><F81/><W126/><G78/><T69/><D67/><U103/><E103/><V40/><F48/><W26/><G126/><T35/><D35/><U7/><E95/><V134/><F134/><W113/><G113/><T93/><D23/><N who="1" m="8715" /><E11/><V82/><F82/><N who="3" m="49463" /><G101/><T5/><D109/><U2/><E2/><V127/><F127/><W130/><G130/><T42/><D94/><U1/><E1/><V9/><REACH who="2" step="1"/><F41/><REACH who="2" ten="279,229,247,235" step="2"/><W3/><G51/><T119/><D93/><U18/><E18/><V0/><F0/><W98/><G3/><T115/><D80/><U25/><E25/><V96/><F96/><W125/><G98/><T45/><D42/><U128/><E128/><V108/><F108/><W117/><G27/><T54/><D49/><U24/><E24/><V76/><F76/><W36/><G26/><T104/><D104/><U79/><E79/><V46/><F46/><W20/><G44/><T33/><D45/><U66/><E63/><V29/><F29/><W57/><G31/><T72/><D61/><U28/><E28/><V38/><F38/><W73/><G36/><T112/><D112/><U102/><E102/><V88/><F88/><W58/><G60/><T77/><D91/><U52/><E52/><V89/><F89/><W62/><G62/><N who="0" m="40119" /><D115/><U37/><E37/><RYUUKYOKU ba="1,1" sc="279,-15,229,15,247,15,235,-15" hai1="6,7,64,66,84,86,87" hai2="4,9,10,13,15,16,17,40,43,68,70,121,122" /><INIT seed="5,2,1,4,3,106" ten="264,244,262,220" oya="1" hai0="45,99,9,128,7,105,58,59,112,96,0,127,21" hai1="101,30,83,118,87,24,40,51,17,114,82,47,37" hai2="46,98,18,53,25,33,5,90,77,91,72,69,54" hai3="66,126,100,108,116,39,28,109,124,14,85,52,13"/><U110/><E118/><V89/><F69/><W107/><G39/><T121/><D112/><U10/><E114/><V8/><F98/><N who="3" m="61847" /><G66/><T29/><D128/><U135/><E135/><V6/><F46/><W115/><G115/><T62/><D127/><N who="3" m="48681" /><G116/><T23/><D59/><U78/><E110/><N who="3" m="42602" /><G28/><T117/><D29/><U35/><E101/><V61/><F61/><W36/><G36/><T93/><D45/><U4/><E37/><V20/><F33/><W44/><G85/><T131/><D58/><U133/><E133/><V12/><REACH who="2" step="1"/><F6/><REACH who="2" ten="264,244,252,220" step="2"/><W50/><AGARI ba="2,2" hai="13,14,44,50,52" m="42602,48681,61847" machi="50" ten="40,2700,0" yaku="18,1,54,1" doraHai="106" who="3" fromWho="3" sc="264,-9,244,-15,252,-9,220,53" /><INIT seed="6,0,0,0,1,116" ten="255,229,243,273" oya="2" hai0="79,110,2,131,121,132,46,27,126,52,75,119,11" hai1="12,4,67,47,85,63,91,111,6,35,77,87,65" hai2="14,69,20,71,34,61,21,97,94,19,26,112,122" hai3="92,49,57,96,0,66,31,7,73,1,117,124,78"/><V36/><F36/><W51/><G117/><T128/><D110/><U114/><E35/><V104/><F112/><W16/><G124/><T39/><D119/><U22/><E111/><V118/><F118/><W3/><G31/><T60/><D132/><U82/><E114/><V107/><F122/><W109/><G7/><T106/><D27/><U70/><E47/><V89/><F34/><W127/><G78/><T37/><D106/><U74/><E67/><V50/><F50/><W48/><G73/><T123/><D126/><U101/><E101/><V102/><F61/><W23/><G127/><T56/><D79/><U15/><E74/><V83/><F83/><W29/><G29/><T84/><D84/><U113/><E113/><V93/><F94/><W13/><G109/><T30/><D30/><U88/><E77/><V105/><REACH who="2" step="1"/><F102/><REACH who="2" ten="255,229,233,273" step="2"/><W42/><G49/><T100/><D100/><U135/><E135/><V120/><F120/><W62/><G42/><N who="0" m="22863" /><D39/><U129/><E129/><N who="0" m="49737" /><D75/><U81/><E22/><V133/><F133/><W125/><G125/><T38/><D38/><U134/><E134/><V41/><F41/><W40/><G40/><T8/><D8/><U108/><E108/><V53/><F53/><W90/><AGARI ba="0,1" hai="0,1,3,13,16,23,48,51,57,62,66,90,92,96" machi="90" ten="30,2000,0" yaku="0,1,54,1" doraHai="116" who="3" fromWho="3" sc="255,-5,229,-5,233,-10,273,30" owari="250,5.0,224,-17.6,223,-27.7,303,40.3" /></mjloggm>