<mjloggm ver="2.3"><GO type="225" lobby="0"/><UN n0="%E3%81%BE%E3%81%A8%E3%81%9F" n1="%E5%AF%82%E5%AF%9E%E3%82%AE%E3%83%8D%E3%82%B9%E3%83%93%E3%83%BC%E3%83%AB" n2="%E7%B4%94%E6%BD%94%E3%83%94%E3%83%A9%E3%83%8B%E3%82%A2" n3="%67%61%79%75%6E%79" dan="16,16,16,16" rate="2159.12,2158.67,2145.89,2132.63" sx="M,M,M,M"/><TAIKYOKU oya="0"/><INIT seed="0,0,0,3,1,110" ten="250,250,250,250" oya="0" hai0="60,82,29,93,114,67,101,112,107,123,40,2,38" hai1="18,42,33,90,89,102,80,78,99,132,20,22,69" hai2="15,124,26,75,73,23,34,113,52,79,66,125,100" hai3="47,44,41,25,135,28,103,72,54,32,87,104,68"/><T128/><D123/><U37/><E33/><V31/><F66/><W95/><G72/><T5/><D29/><U19/><E69/><V77/><F100/><W98/><G135/><T88/><D128/><U1/><E1/><V83/><F23/><W74/><G74/><T120/><D120/><U118/><E118/><V92/><F92/><W4/><G4/><T43/><D82/><U59/><E59/><V105/><F15/><W11/><G11/><T27/><D27/><U17/><E42/><V116/><F116/><W76/><G54/><T12/><D5/><U109/><E37/><V9/><F9/><W8/><G8/><T6/><D6/><U122/><E109/><V55/><F105/><W115/><G68/><T63/><D12/><U130/><E132/><V48/><F55/><W10/><G10/><T53/><D53/><U61/><E61/><V46/><REACH who="2" step="1"/><F113/><REACH who="2" ten="250,250,240,250" step="2"/><W50/><G115/><T81/><D107/><U97/><E102/><V117/><F117/><W56/><G104/><T111/><D101/><U16/><E22/><V0/><F0/><W86/><G103/><T85/><D93/><U131/><E20/><V127/><F127/><W129/><G95/><T39/><D111/><U91/><N who="1" m="4096" /><DORA hai="65" /><U3/><E3/><V108/><F108/><W13/><G13/><T96/><D2/><U45/><E122/><V94/><F94/><W24/><G24/><T106/><D106/><U126/><E126/><V62/><F62/><N who="0" m="23594" /><D67/><U57/><E97/><V71/><F71/><W49/><G98/><T36/><D96/><U121/><E99/><V21/><F21/><RYUUKYOKU ba="0,1" sc="250,15,250,-15,240,15,250,-15" hai0="36,38,39,40,43,81,85,88,112,114" hai2="26,31,34,46,48,52,73,75,77,79,83,124,125" /><INIT seed="0,1,1,0,5,129" ten="265,235,255,235" oya="0" hai0="85,117,82,119,103,25,37,127,14,70,30,110,65" hai1="53,51,100,29,2,66,7,27,13,45,10,26,134" hai2="93,22,101,63,109,11,39,57,56,59,16,49,35" hai3="128,41,84,40,64,80,97,126,87,75,96,102,120"/><T43/><D127/><U78/><E134/><V111/><F39/><W88/><G120/><T125/><D125/><U61/><E78/><V123/><F35/><W19/><G126/><T107/><D14/><U15/><E100/><V4/><F123/><W28/><G75/><T118/><D110/><N who="2" m="41994" /><F49/><W131/><G28/><T69/><D43/><U79/><E79/><V99/><F4/><W58/><G19/><T21/><D37/><U6/><E6/><V34/><F34/><W62/><G87/><T23/><D23/><U32/><REACH who="1" step="1"/><E27/><REACH who="1" ten="265,225,255,235" step="2"/><N who="2" m="14791" /><F11/><W73/><G73/><T112/><D118/><U47/><E47/><V91/><F101/><W135/><G135/><T76/><D117/><U95/><E95/><V20/><F20/><W105/><REACH who="3" step="1"/><G97/><REACH who="3" ten="265,225,255,225" step="2"/><T67/><D119/><U113/><E113/><V83/><F83/><W104/><G104/><T132/><D112/><U71/><AGARI ba="1,3" hai="2,7,10,13,15,26,29,32,45,51,53,61,66,71" machi="71" ten="20,2700,0" yaku="1,1,0,1,7,1,53,0" doraHai="129" doraHaiUra="89" who="1" fromWho="1" sc="265,-14,225,60,255,-8,225,-8" /><INIT seed="1,0,0,0,3,22" ten="251,285,247,217" oya="1" hai0="99,57,16,8,2,106,63,81,115,68,38,12,117" hai1="93,28,1,43,56,32,111,77,47,82,73,3,102" hai2="86,69,19,130,78,40,103,90,50,104,53,128,74" hai3="64,76,66,114,23,20,26,94,109,88,34,65,126"/><U51/><E111/><V116/><F69/><W36/><G114/><T132/><D117/><U7/><E7/><V95/><F116/><W25/><G36/><T89/><D115/><U30/><E56/><V21/><F40/><W39/><G39/><T48/><D38/><U29/><REACH who="1" step="1"/><E32/><REACH who="1" ten="251,275,247,217" step="2"/><V4/><F4/><W91/><G34/><T75/><D57/><U70/><E70/><V120/><F130/><W112/><G109/><T83/><D68/><U31/><N who="1" m="7168" /><DORA hai="59" /><U108/><E108/><V44/><F128/><W41/><G112/><T0/><D132/><U127/><E127/><V119/><F119/><W101/><G126/><T85/><D0/><U100/><E100/><V107/><F103/><W62/><G101/><T121/><D2/><U134/><E134/><V84/><F120/><W17/><G66/><T61/><D121/><U72/><E72/><V58/><F74/><W79/><G62/><T27/><D75/><U97/><AGARI ba="0,1" hai="1,3,43,47,51,73,77,82,93,97,102" m="7168" machi="97" ten="40,3900,0" yaku="1,1,0,1,53,0" doraHai="22,59" doraHaiUra="11,123" who="1" fromWho="1" sc="251,-13,275,49,247,-13,217,-13" /><INIT seed="1,1,0,0,3,6" ten="238,324,234,204" oya="1" hai0="115,123,58,15,17,94,48,51,14,87,84,66,134" hai1="35,42,33,108,61,0,72,89,79,47,77,120,56" hai2="98,34,129,78,59,20,130,4,24,119,22,31,112" hai3="110,76,13,63,67,43,99,36,25,91,109,75,46"/><U122/><E0/><V12/><F78/><W69/><G91/><T11/><D115/><U45/><E89/><V54/><F112/><W95/><G25/><T64/><D134/><U92/><E92/><V38/><F38/><W73/><G13/><T100/><D123/><U80/><E79/><V7/><F98/><W116/><G116/><T19/><D100/><U29/><E47/><V85/><F85/><N who="0" m="32842" /><D94/><U8/><E108/><V1/><F119/><W2/><G2/><T74/><D74/><U9/><E122/><V57/><F57/><W81/><G75/><T21/><D51/><U125/><E125/><V41/><F41/><W104/><REACH who="3" step="1"/><G95/><REACH who="3" ten="238,324,234,194" step="2"/><T124/><D124/><U18/><E120/><V55/><F1/><W121/><G121/><T49/><D66/><U65/><E35/><V82/><F34/><W135/><G135/><T30/><D30/><U40/><E29/><V32/><F32/><W131/><G131/><T68/><D64/><U86/><E33/><V53/><F130/><W111/><G111/><T16/><D14/><U60/><E72/><V39/><F12/><W103/><AGARI ba="1,1" hai="36,43,46,63,67,69,73,76,81,99,103,104,109,110" machi="103" ten="30,7900,0" yaku="1,1,0,1,23,2,53,0" doraHai="6" doraHaiUra="44" who="3" fromWho="3" sc="238,-21,324,-40,234,-21,194,92" /><INIT seed="2,0,0,4,1,94" ten="217,284,213,286" oya="2" hai0="51,36,82,9,112,1,106,12,42,48,16,3,2" hai1="67,104,132,108,13,29,84,135,76,63,43,66,133" hai2="19,7,40,53,37,27,38,124,73,57,17,87,25" hai3="99,103,78,91,35,34,128,54,8,89,14,39,68"/><V69/><F73/><W18/><G39/><T77/><D112/><U62/><E108/><V105/><F69/><W30/><G68/><T81/><D106/><U49/><E104/><V116/><F116/><W95/><G128/><T126/><D126/><U58/><E29/><V129/><F105/><W55/><G78/><T6/><D36/><U50/><E13/><V64/><F64/><N who="1" m="24617" /><E84/><V21/><F124/><W20/><G35/><T120/><D81/><U80/><E80/><V110/><F110/><W0/><G34/><T96/><D96/><U125/><E76/><V31/><F129/><W130/><G0/><T123/><D120/><U70/><E70/><V26/><F7/><W59/><G130/><T60/><D60/><N who="1" m="23083" /><E125/><V92/><F38/><W100/><G91/><T134/><D123/><U32/><E32/><V52/><F37/><W83/><G83/><T45/><D51/><N who="1" m="19467" /><E58/><V97/><F87/><W85/><G59/><T131/><D131/><U46/><E46/><V90/><F57/><W15/><G103/><T107/><D107/><U79/><E79/><V22/><F31/><W122/><G122/><T117/><D6/><U109/><E109/><V98/><F26/><W86/><G30/><T10/><D10/><U102/><E43/><V75/><F75/><W44/><G44/><T127/><D127/><U56/><E56/><V11/><F40/><W24/><G86/><N who="0" m="48463" /><D117/><U93/><E135/><V5/><REACH who="2" step="1"/><F97/><REACH who="2" ten="217,284,203,286" step="2"/><W65/><G99/><T119/><D134/><U111/><E111/><V33/><F33/><W114/><G24/><T47/><D47/><U88/><E133/><RYUUKYOKU ba="0,1" sc="217,15,284,-15,203,15,286,-15" hai0="1,2,3,9,12,16,42,45,48,119" hai2="5,11,17,19,21,22,25,27,52,53,90,92,98" /><INIT seed="2,1,1,0,4,116" ten="232,269,218,271" oya="2" hai0="17,88,70,43,102,27,103,51,39,65,21,3,105" hai1="4,96,78,133,75,36,16,118,84,134,54,99,121" hai2="125,77,124,74,94,32,114,97,15,100,128,6,45" hai3="95,108,101,58,2,85,126,90,9,12,19,10,42"/><V5/><F114/><W52/><G108/><T115/><D115/><U48/><E36/><V104/><F32/><W81/><G126/><N who="2" m="48745" /><F128/><W7/><G42/><T120/><D39/><U13/><E75/><V113/><F113/><W107/><G107/><T41/><D3/><U86/><E4/><N who="2" m="1643" /><F15/><W62/><REACH who="3" step="1"/><G101/><REACH who="3" ten="232,269,218,261" step="2"/><T73/><D103/><U72/><E118/><V60/><F104/><W44/><G44/><T76/><D102/><U111/><E111/><V119/><F119/><W18/><G18/><T31/><D17/><U23/><E16/><V127/><F127/><W61/><G61/><T109/><D105/><U98/><E134/><V112/><F112/><W68/><G68/><T83/><D70/><U35/><E133/><V91/><F45/><W49/><G49/><T47/><D51/><U64/><E48/><V50/><F50/><W11/><G11/><T28/><D47/><U117/><E117/><V80/><F100/><W40/><G40/><T82/><D43/><U26/><E54/><V135/><F135/><W67/><G67/><T59/><D41/><U34/><E64/><V66/><F66/><W29/><G29/><T0/><D109/><U69/><E69/><V123/><F60/><W25/><G25/><T56/><D65/><U71/><E71/><V1/><F1/><W106/><G106/><T130/><D0/><U38/><E26/><V79/><F79/><W20/><G20/><T22/><D130/><U57/><E78/><V129/><F129/><W14/><G14/><T122/><D76/><U132/><E132/><V92/><F123/><W24/><G24/><RYUUKYOKU ba="1,2" sc="232,-15,269,-15,218,15,261,15" hai2="74,77,80,91,92,94,97" hai3="2,7,9,10,12,19,52,58,62,81,85,90,95" /><INIT seed="2,2,2,1,1,12" ten="217,254,233,276" oya="2" hai0="51,123,10,91,70,101,71,38,23,96,115,8,9" hai1="135,41,111,50,4,35,14,80,98,68,33,16,113" hai2="54,106,105,57,40,28,92,69,21,78,103,117,74" hai3="26,120,18,76,72,100,0,32,27,133,83,17,134"/><V42/><F69/><W94/><G0/><T87/><D38/><U45/><E113/><V86/><F117/><W3/><G3/><T25/><D123/><U128/><E68/><V62/><F74/><W47/><G120/><T37/><D37/><U13/><E111/><V7/><F7/><W122/><G122/><T119/><D119/><U66/><E66/><V90/><F78/><W130/><G130/><T127/><D127/><U97/><E128/><V93/><F106/><W20/><G47/><T24/><D51/><U6/><E135/><N who="3" m="51722" /><G32/><T15/><D24/><N who="3" m="9257" /><G20/><T82/><D115/><U60/><E35/><V58/><F105/><W102/><G94/><T31/><REACH who="0" step="1"/><D15/><REACH who="0" ten="207,254,233,276" step="2"/><U49/><E13/><V108/><F108/><W125/><G125/><T67/><D67/><U118/><E118/><V52/><F28/><W61/><G61/><T85/><D85/><U43/><E60/><N who="2" m="35879" /><F21/><W110/><G110/><T107/><AGARI ba="2,3" hai="8,9,10,23,25,31,70,71,82,87,91,96,101,107" machi="107" ten="30,2000,0" yaku="1,1,0,1,53,0" doraHai="12" doraHaiUra="75" who="0" fromWho="0" sc="207,56,254,-7,233,-12,276,-7" /><INIT seed="3,0,0,0,0,63" ten="263,247,221,269" oya="3" hai0="66,128,18,61,135,120,10,122,110,94,76,118,83" hai1="74,60,69,40,41,115,134,14,39,43,103,105,81" hai2="90,107,3,28,46,12,102,8,131,95,30,44,49" hai3="23,71,22,37,111,57,119,132,54,104,99,117,80"/><W13/><G71/><T109/><D118/><U91/><E115/><V1/><F131/><W5/><G37/><T116/><D116/><U50/><E39/><V67/><F107/><W42/><G42/><T33/><D33/><U34/><E14/><V88/><F102/><W85/><G132/><T16/><D94/><U98/><E134/><V79/><F79/><W106/><G111/><N who="0" m="42507" /><D128/><U29/><E91/><V25/><F90/><W129/><G129/><T56/><D10/><U65/><E81/><V20/><F28/><W51/><G23/><T108/><N who="0" m="42515" /><T133/><DORA hai="58" /><D135/><U82/><E82/><V112/><F112/><W97/><G106/><T113/><D113/><U121/><E74/><V4/><F67/><W32/><G32/><T0/><D0/><U36/><E36/><V11/><F49/><W47/><G104/><T9/><D9/><U86/><E86/><V77/><F77/><W48/><G117/><T84/><D133/><U6/><E6/><V38/><F38/><W62/><G48/><T7/><D7/><U130/><E130/><V59/><F59/><W124/><G119/><T19/><AGARI ba="0,0" hai="16,18,19,56,61,66,76,83,84,120,122" m="42515" machi="19" ten="50,8000,1" yaku="14,1,52,2,54,1" doraHai="63,58" who="0" fromWho="0" sc="263,80,247,-20,221,-20,269,-40" owari="343,44.3,227,-17.3,201,-29.9,229,2.9" /></mjloggm>