<mjloggm ver="2.3"><GO type="225" lobby="0"/><UN n0="%E5%B8%86%E7%AB%8B%E5%A4%8F%E8%A1%A3" n1="%6D%75%75%6D%75%72%61" n2="%E3%81%A9%E3%82%8F%E3%82%93%E3%81%94" n3="%E9%B3%B3%E6%9D%B1%E3%81%AE%E3%81%86%E3%81%95%E3%81%8E%E3%81%95%E3%82%93" dan="16,16,16,16" rate="2072.23,2139.82,2150.01,2254.85" sx="M,F,M,M"/><TAIKYOKU oya="0"/><INIT seed="0,0,0,1,1,44" ten="250,250,250,250" oya="0" hai0="70,125,67,108,102,40,130,49,79,104,80,124,106" hai1="9,94,7,25,33,66,134,58,93,73,47,1,17" hai2="89,74,35,20,68,37,117,100,18,69,129,31,41" hai3="59,72,110,76,55,113,131,115,8,63,28,77,50"/><T5/><D130/><U119/><E119/><V75/><F129/><W126/><G131/><T86/><D108/><U85/><E73/><V12/><F117/><W4/><G110/><T29/><D29/><U83/><E134/><V97/><F89/><W118/><G118/><T60/><D5/><U48/><E66/><V78/><F78/><W56/><G126/><N who="0" m="48747" /><D102/><U99/><E58/><V26/><F75/><W116/><G116/><T96/><D96/><U98/><E33/><V62/><F74/><W42/><G28/><T132/><D132/><U32/><E32/><V38/><F41/><W53/><G42/><T128/><D128/><U133/><E133/><V13/><F13/><W105/><G105/><N who="0" m="40555" /><D40/><U135/><E135/><V87/><F97/><W61/><G72/><T43/><D43/><U65/><E65/><V57/><F100/><W52/><G115/><T21/><D21/><U15/><E1/><V109/><F109/><W19/><G19/><T122/><D122/><U10/><E98/><V90/><F37/><W112/><G112/><T23/><D23/><N who="1" m="13551" /><E10/><V22/><F35/><W91/><G113/><T64/><D64/><U123/><E99/><V36/><F36/><W30/><G30/><T103/><D103/><U114/><E123/><V81/><F38/><W54/><G8/><T45/><D45/><U34/><E34/><V39/><F39/><W51/><G4/><T127/><N who="0" m="48755" /><T27/><DORA hai="84" /><D27/><U2/><E2/><V46/><REACH who="2" step="1"/><F46/><REACH who="2" ten="250,250,240,250" step="2"/><W120/><G120/><T6/><D6/><U82/><E114/><V121/><F121/><W14/><G14/><RYUUKYOKU ba="0,1" sc="250,15,250,-15,240,15,250,-15" hai0="49,60,67,70,79,80,86" hai2="12,18,20,22,26,31,57,62,68,69,81,87,90" /><INIT seed="0,1,1,5,3,34" ten="265,235,255,235" oya="0" hai0="66,42,127,2,114,50,94,52,24,86,115,98,85" hai1="49,32,96,62,65,106,25,29,102,90,35,79,105" hai2="11,45,4,63,28,1,92,44,58,100,84,93,69" hai3="97,123,31,132,13,56,71,19,131,118,17,101,76"/><T83/><D127/><U21/><E106/><V53/><F69/><W117/><G71/><T124/><D124/><U59/><E79/><V121/><F121/><W112/><G112/><T60/><D42/><U16/><E90/><V37/><F37/><W122/><G31/><T107/><D107/><U74/><E74/><V5/><F5/><W113/><G113/><T54/><D2/><U61/><E49/><V41/><F28/><W30/><G30/><T8/><D8/><U20/><REACH who="1" step="1"/><E62/><REACH who="1" ten="265,225,255,235" step="2"/><V18/><F63/><W110/><G76/><T33/><D115/><U9/><E9/><V6/><F11/><W134/><G123/><T64/><D114/><U72/><E72/><V116/><F116/><W81/><G122/><T80/><D50/><U22/><E22/><V104/><F104/><W68/><G117/><T23/><D23/><U99/><E99/><V111/><F84/><W57/><G97/><T91/><D98/><U120/><E120/><V14/><F93/><W27/><G118/><T88/><D94/><U133/><E133/><V87/><F92/><W128/><G134/><T108/><D60/><U26/><AGARI ba="1,2" hai="16,20,21,25,26,29,32,35,59,61,65,96,102,105" machi="26" ten="20,5200,0" yaku="1,1,0,1,7,1,54,1,53,0" doraHai="34" doraHaiUra="126" who="1" fromWho="1" sc="265,-27,225,75,255,-14,235,-14" /><INIT seed="1,0,0,0,2,20" ten="238,300,241,221" oya="1" hai0="58,88,56,14,33,32,22,99,70,117,112,115,76" hai1="62,41,90,95,35,116,7,39,94,93,84,123,66" hai2="38,89,118,72,106,51,78,98,128,2,49,113,50" hai3="92,55,120,109,67,9,121,27,19,105,83,40,64"/><U57/><E116/><V82/><F118/><W134/><G105/><T13/><D117/><U108/><E123/><V42/><F2/><W110/><G40/><T59/><D70/><U12/><E35/><V5/><F5/><W107/><G107/><T18/><D76/><U119/><E119/><V75/><F128/><W127/><G134/><T122/><D122/><U24/><E108/><N who="3" m="41578" /><G127/><T28/><D14/><U23/><E39/><V61/><F113/><W132/><G132/><T1/><D1/><U3/><E3/><V102/><F61/><W65/><G92/><T130/><D130/><U36/><E41/><V37/><F75/><W74/><G55/><T97/><D33/><U29/><REACH who="1" step="1"/><E36/><REACH who="1" ten="238,290,241,221" step="2"/><V79/><F42/><W26/><G121/><T30/><D32/><U104/><E104/><V103/><F38/><W85/><G120/><T47/><D115/><U45/><E45/><V133/><F37/><W31/><G74/><T54/><D112/><U126/><E126/><V73/><F133/><W16/><G9/><AGARI ba="0,1" hai="7,9,12,23,24,29,57,62,66,84,90,93,94,95" machi="9" ten="40,7700,0" yaku="1,1,8,1,52,1,53,0" doraHai="20" doraHaiUra="43" who="1" fromWho="3" sc="238,0,290,87,241,0,221,-77" /><INIT seed="1,1,0,3,0,66" ten="238,377,241,144" oya="1" hai0="115,62,38,59,17,57,98,48,64,119,9,30,68" hai1="50,14,74,34,29,116,113,47,35,131,7,0,107" hai2="128,80,72,25,133,124,121,44,92,126,33,37,93" hai3="67,106,134,58,97,65,52,73,108,86,21,56,84"/><U77/><E113/><V60/><F121/><W19/><G134/><T83/><D115/><U31/><E116/><V110/><F133/><W100/><G108/><T36/><D119/><U46/><E107/><V78/><F110/><W12/><G73/><T101/><D83/><U55/><E0/><V41/><F128/><W109/><G109/><T69/><D30/><U16/><E131/><V85/><F60/><W11/><G58/><T5/><D17/><U39/><E7/><V104/><F104/><W53/><G53/><T105/><D59/><U1/><E1/><V132/><F132/><W129/><G129/><T117/><D117/><U15/><E15/><V70/><F70/><W13/><G65/><T22/><D22/><U71/><E71/><V6/><F6/><W88/><G67/><T26/><D26/><U3/><E3/><V91/><REACH who="2" step="1"/><F92/><REACH who="2" ten="238,377,231,144" step="2"/><W89/><G84/><T2/><REACH who="0" step="1"/><D69/><REACH who="0" ten="228,377,231,144" step="2"/><U87/><E74/><V45/><F45/><W76/><G86/><T135/><D135/><U81/><E46/><V63/><F63/><W114/><G114/><T90/><D90/><U24/><E87/><V32/><F32/><W8/><G76/><T123/><D123/><U79/><E79/><V61/><F61/><W94/><G89/><T43/><D43/><U99/><E77/><V122/><F122/><W75/><G75/><T10/><D10/><N who="1" m="6231" /><E35/><V112/><F112/><W40/><G40/><T42/><D42/><U27/><E34/><V18/><F18/><N who="3" m="8479" /><G8/><T118/><D118/><U102/><E47/><V82/><F82/><W125/><G88/><T96/><D96/><RYUUKYOKU ba="1,2" sc="228,15,377,-15,231,15,144,-15" hai0="2,5,9,36,38,48,57,62,64,68,98,101,105" hai2="25,33,37,41,44,72,78,80,85,91,93,124,126" /><INIT seed="2,2,2,0,3,46" ten="243,362,246,129" oya="2" hai0="13,47,26,107,22,81,124,79,4,95,115,82,1" hai1="49,65,98,92,78,52,125,54,57,0,105,16,19" hai2="51,30,50,112,10,34,32,121,104,6,135,53,87" hai3="114,120,75,86,62,76,17,126,128,77,9,131,14"/><V61/><F121/><W94/><G120/><T91/><D124/><U70/><E105/><V60/><F112/><W45/><G126/><T85/><D115/><U83/><E0/><V12/><F104/><W96/><G114/><T64/><D107/><U31/><E125/><V59/><F135/><W116/><G116/><T127/><D127/><U118/><E118/><V35/><F30/><W2/><G75/><T66/><D1/><U40/><E31/><V102/><F102/><W71/><G2/><T7/><D81/><U106/><E106/><V29/><F29/><W88/><G45/><T28/><D47/><N who="1" m="25831" /><E70/><V67/><REACH who="2" step="1"/><F87/><REACH who="2" ten="243,362,236,129" step="2"/><W100/><G131/><T122/><D122/><U109/><E109/><V39/><F39/><W69/><G128/><T110/><D110/><U93/><E98/><V123/><F123/><W90/><G100/><T84/><REACH who="0" step="1"/><D7/><REACH who="0" ten="233,362,236,129" step="2"/><U74/><E74/><V15/><F15/><W56/><G71/><AGARI ba="2,4" hai="6,10,12,32,34,35,50,51,53,59,60,61,67,71" machi="71" ten="40,7700,0" yaku="1,1,52,2,53,0" doraHai="46" doraHaiUra="99" who="2" fromWho="3" sc="233,0,362,0,236,123,129,-83" /><INIT seed="2,3,0,2,0,1" ten="233,362,359,46" oya="2" hai0="40,39,11,46,50,130,116,119,35,81,96,33,21" hai1="86,92,34,75,55,26,79,118,49,132,16,22,27" hai2="30,90,87,68,56,129,65,83,133,106,28,95,128" hai3="89,4,63,38,8,77,126,14,71,102,51,135,73"/><V32/><F106/><W44/><G135/><T13/><D130/><N who="2" m="50282" /><F133/><W76/><G126/><T123/><D123/><U17/><E132/><V112/><F112/><W25/><G38/><T74/><D21/><N who="1" m="13607" /><E34/><V127/><F127/><W124/><G124/><T41/><D96/><U120/><E75/><V84/><F68/><W66/><G102/><T113/><D113/><U109/><E118/><N who="0" m="45097" /><D41/><U67/><E109/><V5/><F32/><W110/><G110/><T93/><D93/><U45/><E120/><V94/><F5/><W131/><G131/><T60/><D60/><U6/><E6/><V24/><F87/><W122/><G122/><T47/><D47/><U103/><E67/><V62/><F24/><W52/><G73/><T15/><D39/><U48/><E48/><V101/><F101/><W64/><G64/><T2/><D2/><U53/><E103/><V18/><F18/><W54/><G25/><T9/><D35/><U98/><E98/><N who="2" m="57687" /><F95/><W82/><REACH who="3" step="1"/><G54/><REACH who="3" ten="233,362,359,36" step="2"/><T10/><D33/><U20/><E55/><V88/><AGARI ba="3,1" hai="28,30,56,62,65,83,84,88" m="57687,50282" machi="88" ten="30,3000,0" yaku="19,1,54,1" doraHai="1" who="2" fromWho="2" sc="233,-13,362,-13,359,49,36,-13" /><INIT seed="2,4,0,1,0,42" ten="220,349,408,23" oya="2" hai0="103,71,101,70,9,128,74,21,40,45,0,10,52" hai1="87,122,32,65,127,41,107,81,3,98,114,77,24" hai2="25,108,75,95,16,93,61,20,18,135,6,97,85" hai3="118,73,39,123,1,72,120,105,11,88,84,109,33"/><V54/><F75/><W50/><G33/><T12/><D128/><U113/><E3/><V68/><F135/><W30/><G30/><T63/><D74/><N who="3" m="28777" /><G50/><N who="0" m="26919" /><D70/><U46/><E127/><V58/><F108/><W90/><G11/><N who="0" m="4107" /><D71/><U80/><E122/><N who="3" m="46634" /><G39/><T91/><D91/><N who="3" m="34857" /><G1/><T44/><D0/><U13/><E13/><V26/><F6/><W37/><G37/><T53/><D63/><U27/><E32/><V57/><F68/><W56/><G56/><T28/><D53/><U134/><E65/><V86/><F54/><W55/><G55/><T51/><D28/><U59/><E59/><V83/><F61/><W17/><G17/><T8/><D21/><U23/><E23/><V64/><F20/><W66/><G66/><T133/><D133/><U35/><E134/><V119/><F64/><W19/><G19/><T89/><D89/><U104/><E35/><V38/><F38/><W132/><G132/><T22/><D22/><U94/><E41/><V82/><F58/><W121/><N who="3" m="46642" /><W124/><DORA hai="112" /><G109/><T76/><D76/><U47/><E77/><V4/><F57/><W7/><G7/><AGARI ba="4,0" hai="7,8,12,44,51,52,101,103" m="4107,26919" machi="7" ten="30,7700,0" yaku="8,1,52,2,54,1" doraHai="42,112" who="0" fromWho="3" sc="220,89,349,0,408,0,23,-89" owari="309,-9.1,349,14.9,408,50.8,-66,-56.6" /></mjloggm>