<mjloggm ver="2.3"><GO type="225" lobby="0"/><UN n0="%E3%81%B2%E3%81%AA%E3%81%AE%E3%82%8A%E3%81%8F" n1="%4C%4F%4C%49%54%41" n2="%72%69%6F%75%63%68%61%6E" n3="%E3%81%BF%E3%81%BF%E3%81%9A" dan="16,16,16,17" rate="2097.24,2166.97,2219.32,2217.51" sx="M,F,M,M"/><TAIKYOKU oya="0"/><INIT seed="0,0,0,0,1,2" ten="250,250,250,250" oya="0" hai0="118,80,131,34,100,17,4,35,84,52,18,132,78" hai1="46,79,73,77,74,69,57,70,95,99,134,32,30" hai2="27,108,55,129,1,45,72,88,47,75,29,130,93" hai3="82,13,6,128,97,115,90,65,22,60,8,53,12"/><T49/><D118/><U51/><E134/><V21/><F108/><W96/><G115/><T120/><D120/><U31/><E32/><V14/><F1/><W11/><G128/><N who="2" m="49257" /><F14/><W24/><G53/><T124/><D131/><U54/><E73/><N who="2" m="28235" /><F55/><W56/><G82/><T106/><D132/><U20/><E70/><V19/><F29/><N who="1" m="10761" /><E20/><V67/><F67/><W50/><G90/><T94/><D106/><U107/><E107/><V127/><F127/><W15/><G50/><T25/><D124/><U103/><E74/><V37/><F37/><W64/><G64/><T133/><D133/><U102/><E102/><V122/><F122/><W7/><G13/><T44/><D35/><U28/><N who="1" m="10769" /><AGARI ba="0,0" hai="6,7,8,11,12,15,22,24,28,56,60,65,96,97" machi="28" ten="30,12000,2" yaku="3,1,7,1,9,1,8,1,52,2" doraHai="2" who="3" fromWho="1" sc="250,0,250,-120,250,0,250,120" /><INIT seed="1,0,0,4,0,125" ten="250,130,250,370" oya="1" hai0="31,92,2,132,8,44,29,96,53,33,85,68,103" hai1="26,24,49,107,40,11,14,41,35,113,7,71,93" hai2="32,72,83,38,75,87,43,129,120,48,55,90,133" hai3="60,19,13,97,70,109,81,110,66,135,51,111,94"/><U58/><E113/><V3/><F129/><W101/><G135/><T112/><D68/><U130/><E107/><V28/><F120/><W22/><G51/><T117/><D117/><U37/><E71/><V42/><F133/><W104/><G81/><T123/><D112/><U122/><E122/><V118/><F118/><W76/><G76/><T16/><D132/><U77/><E37/><V88/><F3/><W25/><G13/><N who="0" m="7207" /><D33/><U115/><E115/><V9/><F9/><W45/><G45/><T79/><D2/><U20/><E77/><V0/><F0/><W61/><G61/><T106/><D106/><AGARI ba="0,0" hai="19,22,25,60,66,70,94,97,101,104,106,109,110,111" machi="106" ten="40,1300,0" yaku="14,1" doraHai="125" who="3" fromWho="0" sc="250,-13,130,0,250,0,370,13" /><INIT seed="2,0,0,5,1,46" ten="237,130,250,383" oya="2" hai0="13,110,78,131,21,80,119,93,14,83,116,129,9" hai1="74,107,92,35,113,19,2,20,11,56,125,117,17" hai2="1,58,94,16,103,106,28,95,76,10,24,18,128" hai3="15,124,39,104,34,5,0,26,81,77,64,22,122"/><V29/><F128/><N who="0" m="49226" /><D110/><U86/><E113/><V65/><F76/><W85/><G15/><T41/><D41/><U42/><E107/><V60/><F106/><W121/><G34/><T72/><D83/><U63/><E117/><N who="0" m="45129" /><D9/><U4/><E35/><V40/><F40/><W101/><G64/><T102/><D21/><U75/><E125/><V105/><F105/><W55/><G55/><T59/><D59/><U54/><E42/><V115/><F115/><W48/><G124/><T61/><D61/><U52/><E54/><V7/><F28/><W31/><G39/><T126/><D126/><U53/><E53/><V37/><F37/><W71/><G71/><T135/><D135/><U67/><E67/><V36/><F36/><W43/><G0/><T98/><AGARI ba="0,0" hai="13,14,72,78,80,93,98,102" m="45129,49226" machi="98" ten="40,2700,0" yaku="19,1,12,1" doraHai="46" who="0" fromWho="0" sc="237,27,130,-7,250,-13,383,-7" /><INIT seed="3,0,0,4,0,116" ten="264,123,237,376" oya="3" hai0="49,79,110,119,72,29,37,85,108,38,31,92,104" hai1="41,60,96,62,4,25,89,34,130,67,106,11,50" hai2="91,56,94,65,103,97,71,33,84,26,18,40,8" hai3="80,51,22,57,27,75,74,42,66,131,95,3,32"/><W23/><G32/><T122/><D119/><U87/><E130/><V59/><F40/><W133/><G3/><T93/><D104/><U13/><E62/><V53/><F53/><W10/><G10/><T35/><D72/><U124/><E124/><V114/><F114/><W63/><G133/><T0/><D0/><U21/><E89/><V46/><F46/><W111/><G111/><T117/><D117/><U45/><E34/><V54/><F54/><W76/><G131/><T83/><D122/><U9/><E106/><V128/><F128/><W101/><G75/><T17/><D17/><U70/><E70/><V39/><F39/><W30/><G51/><T125/><D125/><U20/><E96/><V73/><F73/><W69/><G22/><T1/><D1/><U90/><E25/><V115/><F115/><W77/><G77/><T120/><D120/><U43/><E43/><V126/><F126/><W109/><G109/><N who="0" m="42091" /><D49/><U68/><E68/><V82/><F33/><W2/><G2/><T12/><D12/><U24/><E24/><V14/><F26/><W135/><G135/><T15/><D15/><U105/><E105/><V88/><F103/><W132/><G132/><T58/><D58/><N who="2" m="22058" /><F71/><W6/><G69/><T28/><D35/><U7/><E60/><V129/><F129/><W5/><G42/><T118/><D118/><U36/><E36/><AGARI ba="0,0" hai="28,29,31,36,37,38,79,83,85,92,93" m="42091" machi="36" ten="40,1300,0" yaku="14,1" doraHai="116" who="0" fromWho="1" sc="264,13,123,-13,237,0,376,0" owari="277,7.7,110,-39.0,237,-16.3,376,47.6" /></mjloggm>