<mjloggm ver="2.3"><GO type="225" lobby="0"/><UN n0="%E4%BA%AE%E6%B5%81%E6%89%93%E8%80%85" n1="%E6%A1%9C%E8%8A%B1%E9%96%83%E3%80%85" n2="%E3%81%8B%E3%82%8F%E3%81%A1%E3%82%83%E3%82%93%35%38" n3="%6D%75%75%73%61%6E%6D%75" dan="16,16,16,17" rate="2095.29,2234.04,2106.96,2185.12" sx="F,M,M,F"/><TAIKYOKU oya="0"/><INIT seed="0,0,0,2,2,130" ten="250,250,250,250" oya="0" hai0="54,28,14,127,6,16,106,34,89,125,109,49,120" hai1="105,117,35,98,68,84,10,123,0,64,101,27,67" hai2="33,36,72,29,80,15,116,41,5,110,128,71,19" hai3="11,83,39,63,25,102,92,31,75,114,50,133,88"/><T32/><D120/><U121/><E84/><V40/><F71/><W56/><G39/><T135/><D106/><U59/><E59/><V48/><F36/><W118/><G114/><T108/><D135/><U93/><E67/><V104/><F104/><W97/><G118/><T85/><D6/><N who="1" m="1351" /><E93/><V69/><F69/><W8/><G133/><T2/><D2/><U23/><E23/><V21/><F116/><W13/><G50/><T12/><D12/><U43/><E43/><V129/><F5/><W126/><G126/><N who="0" m="48139" /><D85/><U74/><E74/><V95/><F72/><W131/><G131/><T94/><D94/><U124/><E117/><V90/><F80/><W73/><G73/><T82/><D82/><U52/><E52/><V62/><F128/><W55/><G13/><T37/><D89/><U96/><E96/><V60/><F129/><W38/><G38/><T112/><D112/><U26/><E27/><N who="2" m="18623" /><F41/><W47/><G75/><T44/><D37/><U30/><E124/><V79/><F79/><W81/><G81/><T119/><D119/><U113/><E113/><V53/><F40/><W18/><G83/><T77/><D77/><U61/><AGARI ba="0,0" hai="26,30,35,61,64,68,98,101,105,121,123" m="1351" machi="61" ten="30,2000,0" yaku="25,1,23,1" doraHai="130" who="1" fromWho="1" sc="250,-10,250,20,250,-5,250,-5" /><INIT seed="1,0,0,5,3,71" ten="240,270,245,245" oya="1" hai0="98,73,108,90,96,135,124,134,41,113,119,129,6" hai1="45,110,58,63,120,57,121,43,13,70,9,29,26" hai2="125,61,66,48,132,10,130,103,53,116,51,56,12" hai3="16,34,131,21,3,5,69,81,91,42,23,83,20"/><U104/><E104/><V114/><F116/><W76/><G34/><T112/><D6/><U8/><E70/><V50/><F130/><W101/><G131/><T28/><D129/><U11/><E110/><V35/><F35/><W37/><G69/><T1/><D1/><U89/><E89/><V38/><F125/><W62/><G62/><T88/><D28/><U0/><E13/><V117/><F117/><W84/><G101/><T7/><D7/><U133/><E133/><N who="0" m="50697" /><D119/><U24/><E0/><V60/><F132/><W33/><G33/><T105/><D41/><U106/><E106/><V14/><F114/><N who="0" m="44138" /><D108/><U79/><E79/><V47/><F103/><W19/><G5/><T32/><D32/><U30/><E63/><N who="2" m="38247" /><F12/><W65/><G3/><T93/><D124/><U40/><E9/><V46/><F14/><W2/><G2/><T94/><D105/><U15/><E15/><V17/><F17/><W75/><REACH who="3" step="1"/><G65/><REACH who="3" ten="240,270,245,235" step="2"/><T59/><D59/><U95/><E45/><AGARI ba="0,1" hai="16,19,20,21,23,37,42,45,75,76,81,83,84,91" machi="45" ten="40,8000,1" yaku="1,1,2,1,52,1,54,1,53,0" doraHai="71" doraHaiUra="102" who="3" fromWho="1" sc="240,0,270,-80,245,0,235,90" /><INIT seed="2,0,0,4,0,90" ten="240,190,245,325" oya="2" hai0="112,4,42,97,68,76,95,39,94,38,26,115,16" hai1="110,67,46,132,127,74,34,103,20,7,29,54,83" hai2="14,66,89,3,126,37,50,58,41,122,53,52,105" hai3="119,44,65,92,73,13,51,87,91,45,18,130,61"/><V135/><F122/><W98/><G119/><T69/><D4/><U2/><E110/><V75/><F3/><W6/><G73/><T60/><D76/><U35/><E54/><V9/><F126/><W21/><G130/><T17/><D97/><U113/><E67/><V123/><F123/><W40/><G45/><T25/><D60/><U5/><E103/><V120/><F120/><W15/><G98/><T36/><D36/><U12/><E46/><V121/><F121/><W100/><G100/><T82/><D82/><U43/><E43/><AGARI ba="0,0" hai="16,17,25,26,38,39,42,43,68,69,94,95,112,115" machi="43" ten="25,8000,1" yaku="22,2,52,2,54,1" doraHai="90" who="0" fromWho="1" sc="240,80,190,-80,245,0,325,0" /><INIT seed="3,0,0,5,0,62" ten="320,110,245,325" oya="3" hai0="36,32,47,34,126,4,29,46,110,82,79,72,76" hai1="60,41,71,114,113,78,49,57,89,99,98,31,27" hai2="118,69,38,103,104,123,28,8,1,18,23,66,109" hai3="86,128,108,50,107,45,105,95,122,97,133,24,120"/><W100/><G128/><T25/><D110/><U21/><E71/><V67/><F69/><W80/><G108/><T68/><D47/><U124/><E124/><V56/><F118/><W5/><G133/><T19/><D19/><U13/><E113/><V54/><F109/><W73/><G5/><T96/><D126/><U58/><E114/><V55/><F38/><W129/><G129/><T44/><D79/><U16/><E78/><V134/><F134/><W39/><G39/><T101/><D34/><U111/><E111/><V94/><F104/><W3/><G3/><T63/><D4/><U17/><E17/><V65/><F123/><W74/><G24/><T37/><D46/><U116/><E116/><V64/><F1/><W11/><G11/><T26/><D26/><U40/><E58/><V9/><F28/><W92/><G50/><T6/><D44/><U53/><E49/><N who="2" m="30799" /><F55/><W119/><G45/><T81/><D6/><U77/><E77/><V102/><N who="2" m="16384" /><DORA hai="84" /><V35/><F35/><W121/><G119/><T52/><D52/><U42/><REACH who="1" step="1"/><E89/><REACH who="1" ten="320,100,245,325" step="2"/><V132/><F132/><W33/><G120/><T91/><D68/><U87/><E87/><V83/><F18/><W59/><G121/><T125/><D125/><U43/><N who="1" m="10240" /><DORA hai="12" /><U112/><E112/><V48/><F48/><W90/><G122/><T115/><D115/><U106/><E106/><V22/><F103/><W131/><G100/><T88/><D91/><U127/><E127/><V130/><F130/><W51/><G131/><T15/><D101/><U75/><E75/><V61/><F102/><W93/><G74/><RYUUKYOKU ba="0,1" sc="320,-10,100,30,245,-10,325,-10" hai1="13,16,21,27,31,53,57,60,98,99" owari="310,11.0,130,-37.0,235,-16.5,325,42.5" /></mjloggm>