<mjloggm ver="2.3"><GO type="225" lobby="0"/><UN n0="%E3%81%95%E3%81%8D%E3%81%9F%E3%81%BE%E6%9E%97%E6%AA%8E" n1="%E3%81%82%E3%82%93%E3%81%AA%E3%81%A4" n2="%E6%98%93%E5%88%A9%E8%96%A9%E4%BC%AF" n3="%6D%75%75%73%61%6E%6D%75" dan="16,17,16,17" rate="2067.44,2190.33,2102.39,2167.40" sx="M,M,F,F"/><TAIKYOKU oya="0"/><INIT seed="0,0,0,3,2,62" ten="250,250,250,250" oya="0" hai0="35,64,106,76,81,89,42,92,111,77,36,68,3" hai1="2,8,124,134,46,30,84,34,107,101,78,43,85" hai2="13,23,48,118,75,1,6,19,90,95,86,24,96" hai3="113,25,9,83,40,131,108,52,60,79,74,129,45"/><T14/><D106/><U4/><E124/><V125/><F75/><W53/><G113/><T117/><D117/><U59/><E134/><V65/><F118/><W93/><G108/><T114/><D114/><U110/><E110/><V87/><F125/><W119/><G119/><T20/><D3/><U109/><E109/><V18/><F1/><W17/><G93/><T67/><D35/><U37/><E78/><N who="0" m="30313" /><D68/><U71/><E71/><V0/><F0/><W120/><G120/><T49/><D36/><U70/><E70/><V97/><F6/><W72/><G72/><T22/><D81/><U116/><E116/><V29/><F19/><W57/><G53/><T38/><D38/><U7/><E7/><V128/><F87/><W10/><G25/><T121/><D121/><U132/><E132/><V21/><F128/><N who="3" m="49227" /><G17/><N who="0" m="10295" /><D111/><U99/><E34/><V105/><F105/><W88/><G88/><T104/><D104/><U100/><E100/><V16/><F29/><W122/><G122/><T11/><D11/><U15/><E30/><V102/><F102/><W133/><G133/><T98/><D22/><U127/><E127/><V123/><F123/><W66/><G52/><T115/><D115/><U61/><E2/><V51/><F96/><W63/><G63/><T126/><D126/><U103/><E103/><V44/><F97/><W73/><G73/><T28/><D28/><U94/><E107/><V33/><F33/><W55/><G55/><AGARI ba="0,0" hai="4,8,15,37,43,46,55,59,61,84,85,94,99,101" machi="55" ten="30,1000,0" yaku="7,1" doraHai="62" who="1" fromWho="3" sc="250,0,250,10,250,0,250,-10" /><INIT seed="1,0,0,4,4,45" ten="250,260,250,240" oya="1" hai0="122,131,6,91,41,109,31,25,57,105,35,3,65" hai1="30,82,67,46,121,118,75,15,61,123,107,92,85" hai2="66,21,90,14,74,39,102,34,132,127,117,44,120" hai3="29,111,129,50,27,17,112,83,9,33,23,38,8"/><U32/><E107/><V12/><F117/><W28/><G38/><T88/><D109/><U103/><E118/><V64/><F34/><W94/><G112/><T1/><D105/><U42/><E75/><V125/><F74/><W62/><G111/><T110/><D110/><U51/><E15/><V43/><F102/><W78/><G129/><T116/><D116/><U80/><E32/><V119/><F120/><W86/><G62/><T126/><D126/><N who="2" m="48138" /><F132/><W63/><G63/><T70/><D70/><U36/><E36/><V5/><F119/><W134/><G134/><T68/><D68/><U16/><E30/><V93/><F21/><W81/><G81/><T0/><D131/><U49/><E82/><V24/><F24/><W124/><G124/><T128/><D128/><U54/><E92/><V53/><F53/><W58/><G94/><T106/><D106/><U40/><E103/><V108/><F108/><W52/><REACH who="3" step="1"/><G29/><REACH who="3" ten="250,260,250,230" step="2"/><T69/><D31/><U37/><E121/><V89/><F93/><W19/><G19/><T115/><D115/><U7/><E37/><V55/><F39/><W79/><G79/><T20/><D122/><U95/><E95/><V13/><F66/><W72/><G72/><T104/><D65/><U101/><E123/><V113/><F64/><W22/><G22/><T97/><D20/><U10/><E16/><V71/><F113/><W56/><G56/><T133/><D133/><U135/><E135/><V77/><F71/><W87/><G87/><T2/><D69/><N who="1" m="42223" /><E101/><V96/><F77/><W100/><G100/><T47/><D104/><U48/><E80/><RYUUKYOKU ba="0,1" sc="250,-10,260,-10,250,-10,230,30" hai3="8,9,17,23,27,28,33,50,52,58,78,83,86" /><INIT seed="2,1,1,4,4,30" ten="240,250,240,260" oya="2" hai0="69,116,126,63,102,50,54,72,10,98,65,106,112" hai1="3,68,53,55,95,134,113,117,33,66,124,82,94" hai2="5,109,81,6,34,32,127,52,123,75,9,70,135" hai3="111,43,131,38,91,31,57,22,87,2,0,121,15"/><V89/><F123/><W49/><G121/><T36/><D112/><U97/><E113/><V88/><F70/><W92/><G111/><T59/><D126/><U118/><E3/><V21/><F127/><W77/><G131/><T58/><D116/><U71/><E124/><V27/><F109/><W47/><G77/><T7/><D72/><U73/><E134/><V41/><F41/><W25/><G38/><T51/><D36/><U85/><E73/><V125/><F125/><W62/><REACH who="3" step="1"/><G15/><REACH who="3" ten="240,250,240,250" step="2"/><T46/><REACH who="0" step="1"/><D50/><REACH who="0" ten="230,250,240,250" step="2"/><U114/><E114/><V105/><F135/><W100/><G100/><T14/><AGARI ba="1,3" hai="7,10,14,46,51,54,58,59,63,65,69,98,102,106" machi="14" ten="20,5200,0" yaku="1,1,2,1,0,1,7,1,53,0" doraHai="30" doraHaiUra="12" who="0" fromWho="0" sc="230,85,250,-14,240,-27,250,-14" /><INIT seed="3,0,0,2,2,37" ten="315,236,213,236" oya="3" hai0="52,23,135,44,50,27,73,63,31,12,134,127,94" hai1="36,113,66,9,103,109,106,108,126,128,8,10,69" hai2="84,6,62,5,124,92,78,81,56,114,55,132,133" hai3="65,51,39,102,59,48,101,16,120,4,43,88,38"/><W25/><G120/><T42/><D127/><U45/><E113/><V61/><F114/><W32/><G38/><T121/><D121/><U3/><E126/><V20/><F124/><W99/><G39/><T22/><D73/><U90/><E128/><V7/><F92/><N who="3" m="56711" /><G32/><T26/><D12/><U67/><E3/><V33/><F33/><W54/><G4/><T49/><D63/><U131/><E69/><V122/><F122/><W87/><G65/><T91/><D135/><U79/><E79/><V75/><F75/><W24/><G87/><N who="0" m="52607" /><D134/><U93/><E103/><N who="3" m="39434" /><G16/><N who="0" m="12615" /><D50/><U83/><E106/><V53/><REACH who="2" step="1"/><F20/><REACH who="2" ten="315,236,203,236" step="2"/><W112/><G112/><T13/><D13/><U2/><E131/><V89/><F89/><W57/><G57/><AGARI ba="0,1" hai="5,6,7,53,55,56,57,61,62,78,81,84,132,133" machi="57" ten="40,2600,0" yaku="1,1,9,1,53,0" doraHai="37" doraHaiUra="18" who="2" fromWho="3" sc="315,0,236,0,203,36,236,-26" owari="315,41.5,236,-16.4,239,3.9,210,-29.0" /></mjloggm>