<mjloggm ver="2.3"><GO type="225" lobby="0"/><UN n0="%E3%81%95%E3%81%8D%E3%81%9F%E3%81%BE%E6%9E%97%E6%AA%8E" n1="%E3%81%82%E3%81%99%E3%81%AB%E3%82%83%E3%82%80" n2="%E6%9D%B1%E9%A2%A8%E3%81%AE%E3%81%8D%E3%82%83%E3%81%B7%E3%81%95%E3%82%93" n3="%E3%81%AA%E3%82%81%E3%81%93%E9%9B%80%E5%A3%AB" dan="16,16,17,16" rate="2055.68,2231.84,2176.50,2011.93" sx="M,F,M,M"/><TAIKYOKU oya="0"/><INIT seed="0,0,0,0,3,109" ten="250,250,250,250" oya="0" hai0="6,2,113,67,112,17,115,124,90,73,20,28,107" hai1="36,130,108,82,47,88,18,89,98,32,42,131,77" hai2="76,10,133,81,24,84,96,111,83,118,101,95,49" hai3="30,45,19,87,72,91,25,35,121,122,33,41,70"/><T110/><D107/><U102/><E32/><V21/><F111/><W104/><G72/><T15/><D73/><U43/><E43/><V61/><F118/><W54/><G70/><T38/><D38/><U16/><E108/><V0/><F133/><W9/><G104/><T106/><D106/><U48/><E36/><V8/><F0/><W46/><G35/><T31/><D67/><U3/><E3/><V116/><F116/><W34/><G34/><T97/><D97/><U66/><E66/><V4/><F4/><W39/><G54/><T62/><D62/><U129/><E102/><V74/><F49/><W105/><G46/><T64/><D90/><N who="1" m="34923" /><E98/><V37/><F61/><W44/><G105/><T126/><D64/><U125/><E125/><N who="0" m="48233" /><D110/><U14/><E14/><V85/><F37/><W11/><G41/><T99/><D99/><U5/><E5/><V63/><F63/><W119/><G39/><T12/><D2/><U68/><E68/><V80/><F74/><AGARI ba="0,0" hai="16,18,42,47,48,74,77,82,129,130,131" m="34923" machi="74" ten="30,3900,0" yaku="19,1,54,2" doraHai="109" who="1" fromWho="2" sc="250,0,250,39,250,-39,250,0" /><INIT seed="1,0,0,1,4,102" ten="250,289,211,250" oya="1" hai0="10,109,46,97,134,25,26,68,56,121,91,37,35" hai1="132,90,27,128,57,111,126,81,133,86,45,39,69" hai2="60,135,33,72,104,0,47,100,67,76,65,7,129" hai3="49,119,11,122,22,115,82,88,41,6,53,28,101"/><U17/><E69/><N who="2" m="42151" /><F67/><W118/><G115/><T64/><D121/><U24/><E128/><V106/><F47/><W58/><G122/><T44/><D68/><U83/><E126/><V89/><F89/><W21/><G101/><T75/><D75/><U51/><E39/><V66/><F66/><W127/><G28/><T117/><D117/><N who="3" m="44553" /><G41/><T103/><D91/><U71/><E71/><V63/><F63/><W96/><G127/><T13/><D134/><N who="1" m="51819" /><E57/><V59/><F59/><W120/><G120/><T108/><D35/><U98/><E98/><V80/><F135/><W61/><G61/><N who="0" m="37927" /><D37/><U5/><E5/><V54/><F54/><W32/><G32/><T114/><D114/><U48/><E81/><V107/><F33/><W9/><G82/><T1/><D1/><U73/><E73/><V43/><F43/><W18/><G6/><N who="0" m="3287" /><D46/><U31/><E45/><V116/><F116/><W70/><G70/><T130/><D130/><U3/><E83/><V38/><F38/><W62/><G62/><T131/><D44/><U113/><E113/><V4/><F4/><W79/><G58/><T2/><D2/><U112/><E3/><V124/><F124/><W20/><G49/><T77/><D131/><U12/><E112/><V19/><F129/><W42/><G42/><T40/><D40/><U110/><E48/><V34/><F34/><W99/><G99/><T8/><D77/><U30/><E51/><V87/><F19/><W78/><G18/><T95/><D8/><N who="3" m="3145" /><G53/><T23/><D23/><N who="3" m="5889" /><W36/><DORA hai="93" /><G36/><T52/><D52/><U16/><E17/><V105/><F72/><RYUUKYOKU ba="0,0" sc="250,15,289,-15,211,-15,250,15" hai0="25,26,95,97,103,108,109" hai3="78,79,88,96" /><INIT seed="2,1,0,1,2,55" ten="265,274,196,265" oya="2" hai0="6,123,120,80,91,103,81,121,104,90,38,52,87" hai1="73,135,83,42,84,64,78,79,32,74,96,39,44" hai2="65,34,69,102,15,4,72,35,112,50,100,36,58" hai3="29,0,106,94,54,134,19,30,40,14,37,129,115"/><V28/><F112/><W13/><G106/><T63/><D38/><U130/><E32/><V66/><F72/><W108/><G0/><T107/><D6/><U11/><E130/><V68/><F36/><W109/><G129/><T25/><D25/><U33/><E33/><N who="2" m="12299" /><F4/><W70/><G134/><T98/><D52/><U86/><E135/><V114/><F15/><W24/><G70/><N who="2" m="27241" /><F28/><W88/><G14/><T46/><D46/><U22/><E64/><N who="2" m="24683" /><F114/><W89/><G115/><T122/><D63/><U27/><E11/><V26/><F26/><W118/><G89/><T61/><D61/><U132/><E132/><V10/><F10/><W3/><G3/><T126/><D126/><U12/><E12/><V41/><F41/><W95/><G94/><T2/><D2/><U17/><E96/><V77/><F77/><W18/><G40/><T62/><D62/><U43/><E42/><V53/><F53/><W16/><G54/><T116/><D116/><U59/><E78/><V131/><F131/><W113/><G118/><T7/><D7/><U92/><E74/><V49/><F58/><W105/><G37/><T99/><D123/><U57/><E73/><V8/><F8/><W75/><G75/><T117/><D117/><U125/><E43/><V60/><F60/><W23/><G13/><T127/><D127/><U71/><E125/><V76/><F76/><W82/><G30/><T67/><D67/><U128/><E71/><V1/><F1/><W133/><G133/><T97/><D103/><AGARI ba="1,0" hai="49,50,100,102,103" m="24683,27241,12299" machi="103" ten="40,3900,0" yaku="28,2" doraHai="55" who="2" fromWho="0" sc="265,-42,274,0,196,42,265,0" /><INIT seed="2,2,0,3,2,25" ten="223,274,238,265" oya="2" hai0="65,79,99,71,82,56,47,48,61,86,111,9,11" hai1="64,128,127,39,26,132,17,5,135,108,67,126,14" hai2="103,77,85,49,29,130,46,27,51,57,54,114,120" hai3="129,60,19,68,72,52,110,13,16,104,1,7,40"/><V35/><F120/><W131/><G72/><T118/><D111/><U113/><E108/><V94/><F114/><W36/><G110/><T30/><D118/><U74/><E39/><V0/><F130/><N who="3" m="49675" /><G104/><T32/><D56/><U96/><E74/><V117/><F117/><W43/><G36/><T24/><REACH who="0" step="1"/><D99/><REACH who="0" ten="213,274,238,265" step="2"/><U62/><E128/><V21/><F0/><W73/><G1/><T58/><D58/><U63/><E96/><N who="2" m="59799" /><F35/><W95/><G68/><T90/><D90/><U28/><E113/><V55/><F85/><W44/><G73/><T22/><D22/><U101/><E101/><V38/><F38/><W4/><G44/><T41/><AGARI ba="2,1" hai="9,11,24,30,32,41,47,48,61,65,71,79,82,86" machi="41" ten="20,5200,0" yaku="1,1,0,1,7,1,52,1,53,0" doraHai="25" doraHaiUra="100" who="0" fromWho="0" sc="213,68,274,-15,238,-28,265,-15" /><INIT seed="3,0,0,3,3,24" ten="281,259,210,250" oya="3" hai0="112,133,78,3,21,7,83,123,125,101,46,90,44" hai1="66,55,119,116,103,20,96,104,14,130,31,131,82" hai2="23,73,5,6,11,128,134,35,126,51,9,42,26" hai3="0,69,121,58,115,16,87,92,50,110,89,70,109"/><W48/><G0/><T4/><D123/><U53/><E66/><V36/><F73/><W75/><G115/><T61/><D112/><U12/><E82/><V62/><F36/><W72/><G121/><T88/><D101/><U84/><E84/><V33/><F62/><W37/><G37/><T1/><D133/><U85/><E85/><V22/><F51/><W68/><G16/><T113/><D113/><U63/><E63/><V77/><F42/><W100/><G100/><T67/><D125/><U18/><E14/><N who="2" m="5423" /><F77/><W71/><N who="3" m="17408" /><DORA hai="13" /><W95/><G95/><T2/><D61/><U17/><E31/><N who="2" m="17879" /><F134/><W79/><G50/><T30/><D67/><U117/><REACH who="1" step="1"/><E18/><REACH who="1" ten="281,249,210,250" step="2"/><V106/><F126/><W74/><G79/><T60/><D60/><U19/><E19/><V98/><F128/><AGARI ba="0,1" hai="12,17,20,53,55,96,103,104,116,117,119,128,130,131" machi="128" ten="50,8000,1" yaku="1,1,12,1,19,1,52,1,53,0" doraHai="24,13" doraHaiUra="47,38" who="1" fromWho="2" sc="281,0,249,90,210,-80,250,0" owari="281,8.1,339,43.9,130,-37.0,250,-15.0" /></mjloggm>