<mjloggm ver="2.3"><GO type="225" lobby="0"/><UN n0="%6C%61%6D%62" n1="%E6%81%A5%E6%99%92%E3%81%97" n2="%6D%75%75%73%61%6E%6D%75" n3="%4B%2E%32%2E%4B%2E" dan="16,16,16,16" rate="2168.32,2111.20,2139.91,2089.68" sx="M,M,F,M"/><TAIKYOKU oya="0"/><INIT seed="0,0,0,4,3,49" ten="250,250,250,250" oya="0" hai0="72,28,106,20,16,80,75,104,17,120,90,54,88" hai1="42,22,109,122,44,101,64,130,115,125,91,15,100" hai2="127,55,24,68,110,30,10,58,2,40,85,102,128" hai3="78,73,51,63,21,0,81,14,66,65,117,77,123"/><T107/><D120/><U96/><E122/><V46/><F68/><W95/><G123/><T26/><D54/><U32/><E32/><V31/><F110/><W34/><G34/><T70/><D70/><U82/><E109/><V5/><F127/><W35/><G0/><T99/><D99/><U59/><E130/><V79/><F128/><W45/><G35/><T105/><N who="0" m="26624" /><DORA hai="76" /><T43/><D43/><U74/><E74/><V52/><F102/><W19/><G117/><T92/><D92/><U71/><E71/><V112/><F112/><W8/><G63/><T3/><D3/><U1/><E115/><V108/><F108/><W97/><G78/><T83/><D75/><U103/><E125/><V132/><F132/><W41/><REACH who="3" step="1"/><G8/><REACH who="3" ten="250,250,250,240" step="2"/><T69/><D69/><U27/><E1/><V133/><F133/><W94/><G94/><T7/><D80/><U4/><E82/><V60/><F2/><W37/><G37/><T113/><D113/><U86/><E103/><AGARI ba="0,1" hai="14,19,21,41,45,51,65,66,73,77,81,95,97,103" machi="103" ten="30,3900,0" yaku="1,1,7,1,52,1,53,0" doraHai="49,76" doraHaiUra="67,134" who="3" fromWho="1" sc="250,0,250,-39,250,0,240,49" /><INIT seed="1,0,0,1,4,72" ten="250,211,250,289" oya="1" hai0="119,66,132,86,30,52,127,111,35,114,65,98,43" hai1="42,135,4,27,57,38,31,11,97,121,17,0,74" hai2="110,79,36,9,124,82,33,84,103,109,91,41,112" hai3="78,115,125,89,50,61,131,24,13,93,130,108,23"/><U53/><E121/><V51/><F33/><W55/><G115/><T77/><D114/><U22/><E135/><V15/><F112/><W123/><G123/><T113/><D113/><U34/><E97/><V107/><F124/><W25/><G125/><T18/><D127/><U104/><E104/><V32/><F32/><W20/><G108/><N who="2" m="41577" /><F36/><W10/><G61/><T75/><D75/><U117/><E117/><V90/><F103/><W14/><G78/><T8/><D43/><U73/><E42/><V28/><F28/><W76/><G76/><T120/><D120/><U81/><E81/><V105/><F105/><W46/><G23/><T59/><D119/><U68/><E68/><V100/><F100/><W70/><G70/><T1/><D30/><U83/><E83/><V54/><F41/><W64/><G64/><T129/><D35/><U5/><E5/><N who="2" m="3503" /><F107/><W16/><G130/><T69/><D69/><U49/><REACH who="1" step="1"/><E38/><REACH who="1" ten="250,201,250,289" step="2"/><V40/><F40/><W106/><G106/><T88/><D111/><U12/><AGARI ba="0,1" hai="0,4,11,12,17,22,27,31,34,49,53,57,73,74" machi="12" ten="20,18000,2" yaku="1,1,2,1,0,1,7,1,24,2,53,0" doraHai="72" doraHaiUra="56" who="1" fromWho="1" sc="250,-60,201,190,250,-60,289,-60" /><INIT seed="1,1,0,3,1,59" ten="190,391,190,229" oya="1" hai0="38,0,73,52,6,121,123,122,70,76,43,120,37" hai1="5,48,3,51,129,113,33,22,90,119,30,9,104" hai2="89,19,106,63,40,69,58,93,110,118,99,68,86" hai3="36,130,108,81,62,107,39,66,83,117,65,23,125"/><U16/><E113/><V11/><F118/><W111/><G107/><T78/><N who="0" m="30720" /><DORA hai="64" /><T55/><D70/><U74/><E119/><V135/><F40/><W61/><G23/><T101/><D101/><U128/><E74/><V112/><F112/><W132/><G117/><T12/><D0/><U84/><E104/><V32/><F32/><W2/><G2/><T98/><D98/><U133/><E133/><V72/><F72/><W45/><G45/><N who="0" m="23791" /><D38/><U134/><E134/><V80/><F106/><W79/><G79/><N who="0" m="30251" /><D73/><U116/><E116/><V71/><F135/><W109/><G132/><T114/><D114/><U85/><E85/><V126/><F126/><W60/><G125/><T82/><D82/><N who="3" m="31241" /><G130/><T28/><D28/><U13/><E128/><V15/><F110/><W34/><G34/><T103/><D103/><U14/><E129/><V124/><F124/><W91/><G91/><T94/><D94/><N who="1" m="54599" /><E13/><V18/><F18/><W57/><G36/><T1/><D1/><U131/><E131/><V127/><F127/><W102/><G102/><T27/><D27/><AGARI ba="1,0" hai="3,5,9,14,16,22,27,30,33,48,51" m="54599" machi="27" ten="30,2900,0" yaku="24,1,54,1" doraHai="59,64" who="1" fromWho="0" sc="190,-32,391,32,190,0,229,0" /><INIT seed="1,2,0,1,5,110" ten="158,423,190,229" oya="1" hai0="118,7,134,81,91,99,90,3,125,86,46,40,35" hai1="61,123,112,16,9,107,98,114,42,17,108,83,23" hai2="45,109,73,49,69,105,96,115,62,92,14,53,6" hai3="44,104,130,111,78,97,12,25,135,8,37,64,15"/><U30/><E123/><V75/><F109/><W34/><G111/><T28/><D118/><U71/><E108/><V128/><F128/><W82/><G130/><T43/><D125/><U103/><E42/><V70/><F105/><W88/><G135/><T51/><D134/><U57/><E71/><V131/><F131/><W18/><G64/><T74/><D74/><U133/><E30/><V24/><F24/><W117/><G117/><T4/><D3/><U94/><E133/><V101/><F115/><W63/><G63/><T59/><D35/><U29/><E107/><V13/><F70/><W48/><G37/><T89/><D28/><U26/><E83/><V113/><F113/><N who="1" m="43625" /><E9/><V22/><F13/><W126/><G15/><T119/><D119/><U93/><E94/><V102/><F102/><W0/><G104/><T100/><D43/><U84/><E84/><V5/><F5/><W116/><G116/><T56/><D100/><U21/><E23/><V10/><REACH who="2" step="1"/><F22/><REACH who="2" ten="158,423,180,229" step="2"/><W77/><G12/><T127/><D4/><U36/><E21/><V79/><F79/><W87/><G78/><N who="0" m="46391" /><D127/><U80/><E103/><V47/><F47/><W20/><G126/><T67/><D7/><U65/><E26/><V1/><F1/><W27/><G0/><T85/><D59/><U33/><E57/><V50/><F50/><W58/><G58/><T39/><D39/><U52/><E36/><V121/><F121/><W72/><G34/><T32/><D32/><U66/><E33/><V2/><F2/><W11/><G27/><T76/><D76/><U124/><E124/><V120/><F120/><RYUUKYOKU ba="2,1" sc="158,-10,423,-10,180,30,229,-10" hai2="6,10,14,45,49,53,62,69,73,75,92,96,101" /><INIT seed="2,3,1,4,2,50" ten="148,413,210,219" oya="2" hai0="97,106,115,47,51,108,28,67,84,75,46,74,24" hai1="104,5,130,114,126,54,92,39,20,81,71,101,49" hai2="134,96,14,122,119,83,132,2,113,17,110,112,11" hai3="34,19,33,48,98,56,3,53,129,57,31,26,12"/><V52/><F119/><W35/><G129/><T60/><D115/><U6/><E39/><V121/><F2/><W22/><G3/><T107/><D108/><U55/><E126/><V125/><F125/><W16/><G98/><T93/><D84/><U76/><E71/><V29/><F110/><W62/><REACH who="3" step="1"/><G19/><REACH who="3" ten="148,413,210,209" step="2"/><T128/><D128/><U103/><E130/><V79/><F96/><W30/><G30/><T1/><D1/><U124/><E124/><V131/><F29/><W72/><G72/><T89/><D74/><U109/><E109/><V37/><F131/><W118/><G118/><T88/><D75/><U64/><E5/><V58/><F113/><W77/><G77/><T59/><D89/><U91/><E6/><V65/><F112/><W43/><G43/><T87/><D97/><U36/><E91/><V69/><F121/><W123/><G123/><T66/><D66/><AGARI ba="3,2" hai="12,16,22,26,31,33,34,35,48,53,56,57,62,66" machi="66" ten="30,8000,1" yaku="1,1,7,1,52,1,54,1,53,1" doraHai="50" doraHaiUra="8" who="3" fromWho="0" sc="148,-89,413,0,210,0,209,109" /><INIT seed="3,0,0,2,5,82" ten="59,413,210,318" oya="3" hai0="38,116,67,133,48,14,62,58,26,104,64,87,2" hai1="40,52,51,86,57,110,27,35,13,97,4,101,126" hai2="19,71,128,127,112,90,91,15,45,39,43,54,63" hai3="22,77,20,6,18,123,31,111,120,30,85,94,98"/><W124/><G124/><T24/><D2/><U37/><E110/><V46/><F128/><W17/><G111/><T121/><D38/><U28/><E126/><V129/><F112/><W44/><G6/><T117/><D121/><U74/><E74/><V115/><F71/><W118/><G118/><T84/><D104/><U107/><E86/><V49/><F90/><W122/><G44/><T65/><D48/><U79/><E79/><V47/><F63/><W99/><G77/><T61/><D14/><U1/><E1/><V56/><F127/><W16/><G85/><T119/><D58/><U12/><E4/><V55/><F129/><W0/><G0/><T103/><D65/><U34/><E34/><V130/><F115/><W88/><REACH who="3" step="1"/><G99/><REACH who="3" ten="59,413,210,308" step="2"/><T81/><D117/><U9/><E9/><V70/><F130/><W41/><G41/><T93/><D81/><U132/><E40/><V7/><F43/><W8/><G8/><T50/><D133/><U3/><E132/><V11/><F39/><W135/><G135/><T21/><D21/><AGARI ba="0,1" hai="16,17,18,20,21,22,30,31,88,94,98,120,122,123" machi="21" ten="50,12000,1" yaku="1,1,54,2,53,2" doraHai="82" doraHaiUra="25" who="3" fromWho="0" sc="59,-120,413,0,210,0,308,130" owari="-61,-56.1,413,21.3,210,-19.0,438,53.8" /></mjloggm>