<mjloggm ver="2.3"><GO type="225" lobby="0"/><UN n0="%28%EF%BF%A3%E2%96%BD%EF%BF%A3%29%CE%B4%E2%8C%92%E3%83%BB" n1="%E3%83%97%E3%83%AC%E3%83%B4%E3%82%A1%E3%83%86%E3%82%A3" n2="%73%6C%69%63%6B%33%31%39" n3="%6D%75%75%6D%75%72%61" dan="16,16,16,16" rate="2125.63,2073.49,2053.65,2073.79" sx="M,F,M,F"/><TAIKYOKU oya="0"/><INIT seed="0,0,0,3,5,37" ten="250,250,250,250" oya="0" hai0="133,49,40,8,19,132,91,57,20,32,105,3,89" hai1="38,109,83,75,15,13,80,112,117,131,67,21,23" hai2="62,94,46,78,58,16,124,77,79,47,27,90,26" hai3="87,69,82,101,97,84,2,53,99,45,28,14,22"/><T116/><D105/><U39/><E117/><V51/><F124/><W54/><G2/><T81/><D32/><U72/><E67/><V43/><F47/><W42/><G69/><T74/><D116/><U65/><E65/><V31/><F31/><W9/><G22/><T50/><D57/><U114/><REACH who="1" step="1"/><E109/><REACH who="1" ten="250,240,250,250" step="2"/><V55/><REACH who="2" step="1"/><F16/><REACH who="2" ten="250,240,240,250" step="2"/><W59/><G28/><T70/><D19/><U17/><E17/><V30/><F30/><W121/><G121/><T6/><D132/><U86/><E86/><AGARI ba="0,2" hai="26,27,43,46,51,55,58,62,77,78,79,86,90,94" machi="86" ten="40,5200,0" yaku="1,1,8,1,52,1,53,0" doraHai="37" doraHaiUra="119" who="2" fromWho="1" sc="250,0,240,-52,240,72,250,0" /><INIT seed="1,0,0,3,5,32" ten="250,188,312,250" oya="1" hai0="114,81,34,8,93,18,5,84,111,33,59,67,117" hai1="2,7,107,17,60,109,87,46,129,52,74,1,10" hai2="19,123,57,65,58,78,22,9,66,92,29,106,131" hai3="132,90,72,104,23,45,76,4,41,54,53,116,125"/><U127/><E74/><V94/><F106/><W112/><G112/><T79/><D114/><U133/><E107/><V85/><F123/><W47/><G104/><T61/><D117/><U48/><E129/><V73/><F73/><W12/><G116/><T115/><D115/><U27/><E133/><V101/><F131/><W14/><G132/><T113/><D113/><U30/><E127/><V28/><F9/><W120/><G120/><T35/><D18/><U122/><E122/><V6/><F6/><W96/><G125/><T119/><D119/><U24/><E109/><V50/><F78/><W43/><G72/><T42/><D111/><U135/><E135/><V97/><F85/><W31/><G76/><T51/><D93/><U75/><E75/><V77/><F77/><W121/><G121/><T16/><D16/><U99/><E87/><V37/><F37/><W39/><G90/><T62/><D62/><U25/><E99/><V105/><F94/><W55/><G4/><T134/><D134/><U86/><E86/><V71/><F71/><W68/><G68/><T21/><D21/><U98/><E98/><V69/><F69/><W82/><G82/><T95/><D95/><U100/><E100/><V110/><F110/><W83/><G83/><T49/><REACH who="0" step="1"/><D42/><REACH who="0" ten="240,188,312,250" step="2"/><U38/><E17/><V70/><F105/><W88/><G43/><T108/><D108/><U11/><E60/><V128/><F128/><W64/><G41/><T91/><D91/><U102/><E102/><V36/><F101/><W89/><G89/><T20/><D20/><N who="1" m="15623" /><E38/><V118/><F118/><W44/><G39/><RYUUKYOKU ba="0,1" sc="240,15,188,15,312,-15,250,-15" hai0="5,8,33,34,35,49,51,59,61,67,79,81,84" hai1="1,2,7,10,11,25,27,46,48,52" /><INIT seed="1,1,1,1,5,107" ten="255,203,297,235" oya="1" hai0="99,18,73,102,21,92,131,6,41,26,75,36,89" hai1="61,39,31,11,45,91,132,14,67,70,114,110,133" hai2="72,57,96,22,13,123,58,59,95,29,116,112,34" hai3="12,113,53,79,106,88,90,0,19,8,62,111,17"/><U101/><E114/><V55/><F116/><W77/><G113/><T3/><D131/><U28/><E101/><V84/><F123/><W83/><G106/><T15/><D3/><U94/><E110/><V56/><F34/><W64/><G0/><T7/><D36/><U5/><E39/><V20/><F112/><W80/><G53/><T109/><D41/><U93/><E94/><V37/><F37/><W23/><G80/><T108/><D89/><U78/><E45/><V65/><F65/><W40/><G40/><T81/><D81/><U16/><E78/><V126/><F126/><W49/><G49/><T24/><D7/><U117/><E117/><V97/><F72/><N who="0" m="27722" /><D6/><U27/><E5/><V50/><F29/><W38/><G38/><T105/><D105/><U87/><REACH who="1" step="1"/><E31/><REACH who="1" ten="255,193,297,235" step="2"/><V4/><F4/><W121/><G111/><AGARI ba="1,2" hai="15,18,21,24,26,92,99,102,108,109,111" m="27722" machi="111" ten="30,7700,0" yaku="14,1,52,3" doraHai="107" who="0" fromWho="3" sc="255,100,193,0,297,0,235,-80" /><INIT seed="2,0,0,1,4,88" ten="355,193,297,155" oya="2" hai0="104,54,110,56,63,112,76,25,78,102,82,74,105" hai1="131,42,8,101,44,10,24,21,68,91,97,55,134" hai2="65,33,43,75,4,2,50,135,77,92,90,20,129" hai3="119,120,79,58,116,126,53,89,49,111,107,3,100"/><V121/><F33/><W99/><G120/><T41/><D112/><U73/><E73/><V124/><F121/><W29/><G111/><T95/><D110/><U14/><E134/><V52/><F135/><W98/><G126/><T47/><D78/><U70/><E131/><V113/><F113/><W0/><G79/><T46/><D46/><U81/><E55/><V40/><F2/><W32/><G3/><T31/><D95/><U114/><E114/><V93/><F4/><W85/><G0/><T94/><D94/><N who="1" m="58551" /><E70/><V28/><F129/><W67/><G99/><T18/><D18/><N who="1" m="12343" /><E68/><V6/><F6/><W80/><G29/><T109/><D102/><U125/><E125/><V83/><F65/><W17/><G32/><T34/><REACH who="0" step="1"/><D109/><REACH who="0" ten="345,193,297,155" step="2"/><U115/><E115/><V19/><F124/><W9/><G116/><T133/><D133/><U27/><E27/><V59/><F28/><W103/><G119/><T118/><D118/><U57/><E81/><V128/><F93/><W62/><G107/><T35/><D35/><U86/><E91/><V36/><F128/><W37/><G98/><T64/><D64/><U39/><E86/><N who="2" m="52311" /><F36/><AGARI ba="0,1" hai="25,31,34,36,41,47,54,56,63,74,76,82,104,105" machi="36" ten="30,2000,0" yaku="1,1,7,1,53,0" doraHai="88" doraHaiUra="15" who="0" fromWho="2" sc="345,30,193,0,297,-20,155,0" /><INIT seed="3,0,0,5,1,16" ten="375,193,277,155" oya="3" hai0="48,7,115,118,59,1,19,96,42,120,17,21,74" hai1="70,38,8,95,84,130,62,106,2,117,123,26,0" hai2="90,99,63,10,25,50,125,126,89,36,34,39,46" hai3="65,11,47,133,12,86,102,29,32,82,4,85,66"/><W9/><G133/><T5/><D74/><U87/><E123/><V77/><F77/><W88/><G102/><T30/><D120/><U127/><E38/><N who="2" m="14379" /><F63/><W105/><G105/><T121/><D121/><U111/><E127/><N who="2" m="48651" /><F10/><W83/><G47/><N who="0" m="25719" /><D1/><U61/><E106/><V75/><F75/><W71/><G71/><T43/><D43/><U40/><E40/><N who="2" m="24903" /><F99/><W124/><G124/><T64/><D96/><U49/><E49/><V132/><F132/><W56/><G56/><T41/><D59/><U92/><E70/><V35/><F25/><W22/><G32/><AGARI ba="0,0" hai="32,34,35,89,90" m="24903,48651,14379" machi="32" ten="40,1300,0" yaku="18,1" doraHai="16" who="2" fromWho="3" sc="375,0,193,0,277,13,155,-13" owari="375,47.5,193,-20.7,290,9.0,142,-35.8" /></mjloggm>