<mjloggm ver="2.3"><GO type="225" lobby="0"/><UN n0="%E3%81%BE%E3%81%A8%E3%81%9F" n1="%E2%98%86%E5%AD%AB%E7%87%95%E5%A7%BF%E2%98%86" n2="%E6%A1%9C%E8%8A%B1%E9%96%83%E3%80%85" n3="%E9%80%9F%E6%B0%B4%E5%87%9B%E9%A6%99" dan="16,16,17,16" rate="2123.34,2174.06,2230.55,2101.53" sx="M,M,M,F"/><TAIKYOKU oya="0"/><INIT seed="0,0,0,3,0,74" ten="250,250,250,250" oya="0" hai0="62,124,3,52,91,116,31,8,125,127,15,87,46" hai1="65,53,5,1,60,25,34,45,108,57,41,79,47" hai2="29,9,36,54,18,19,28,61,64,114,88,24,20" hai3="67,0,26,134,75,81,83,55,96,100,135,72,109"/><T122/><D116/><U84/><E108/><V38/><F114/><W80/><G0/><T92/><D122/><U85/><E1/><V42/><F54/><W68/><G67/><T89/><D3/><U59/><E5/><V120/><F120/><W115/><G68/><T23/><D89/><U121/><E121/><V94/><F42/><W102/><G26/><T22/><D31/><U107/><E107/><V123/><F123/><W37/><G55/><T128/><D128/><U73/><E73/><N who="3" m="28234" /><G37/><T133/><D133/><N who="3" m="50697" /><G115/><T14/><D14/><U50/><E79/><V132/><F38/><W7/><G7/><T16/><D46/><U90/><E90/><V33/><F36/><W12/><G12/><T32/><D32/><U77/><E77/><V17/><F132/><W39/><G39/><T106/><D106/><U86/><REACH who="1" step="1"/><E41/><REACH who="1" ten="250,240,250,250" step="2"/><V78/><F78/><W71/><G109/><T49/><D49/><U13/><E13/><N who="2" m="7343" /><F33/><W69/><G102/><T129/><REACH who="0" step="1"/><D129/><REACH who="0" ten="240,240,250,250" step="2"/><U58/><E58/><AGARI ba="0,2" hai="8,15,16,22,23,52,58,62,87,91,92,124,125,127" machi="58" ten="40,12000,1" yaku="1,1,2,1,18,1,54,2,53,0" doraHai="74" doraHaiUra="117" who="0" fromWho="1" sc="240,140,240,-120,250,0,250,0" /><INIT seed="0,1,0,2,2,53" ten="380,120,250,250" oya="0" hai0="20,120,69,48,114,76,66,35,8,33,91,103,80" hai1="72,1,70,109,101,54,68,107,93,83,23,135,62" hai2="89,51,64,16,49,112,129,77,58,132,15,9,46" hai3="47,63,38,57,27,125,97,118,123,5,90,13,31"/><T113/><D120/><U6/><E109/><V86/><F112/><W128/><G118/><T24/><D103/><U59/><E107/><V2/><F132/><W84/><G128/><T3/><D91/><U10/><E135/><V100/><F129/><W105/><G125/><T28/><D48/><U98/><REACH who="1" step="1"/><E23/><REACH who="1" ten="380,110,250,250" step="2"/><V29/><F2/><W41/><G123/><T104/><D104/><U4/><E4/><V17/><F29/><W96/><G5/><T25/><D20/><U34/><E34/><V88/><F17/><W12/><G105/><T81/><D35/><U117/><E117/><V0/><F0/><W94/><G97/><T102/><D33/><U106/><E106/><V37/><F100/><W26/><G96/><T43/><D102/><U55/><E55/><N who="2" m="32127" /><F64/><W124/><G124/><T67/><D66/><U110/><E110/><V122/><F122/><W44/><G31/><T40/><D67/><U14/><E14/><V21/><F21/><W42/><G12/><T133/><D28/><U22/><E22/><V39/><F39/><W92/><G13/><T108/><D133/><U60/><E60/><V85/><F37/><W50/><G38/><T121/><D108/><U78/><AGARI ba="1,1" hai="1,6,10,54,59,62,68,70,72,78,83,93,98,101" machi="78" ten="30,4000,0" yaku="1,1,0,1,52,1,53,0" doraHai="53" doraHaiUra="131" who="1" fromWho="1" sc="380,-21,110,53,250,-11,250,-11" /><INIT seed="1,0,0,4,1,7" ten="359,163,239,239" oya="1" hai0="131,98,129,45,20,107,48,71,18,85,23,46,32" hai1="84,36,86,130,67,40,116,15,66,34,117,33,128" hai2="42,124,79,97,105,108,76,73,89,132,3,28,121" hai3="123,80,62,70,22,39,17,68,127,30,49,112,13"/><U115/><E40/><V110/><F3/><W53/><G39/><T35/><D71/><U78/><E36/><V103/><F42/><W43/><G123/><T135/><D135/><U52/><E15/><V100/><F28/><W64/><G112/><T119/><D119/><U47/><E78/><N who="2" m="29739" /><F121/><W26/><G127/><T59/><D85/><N who="1" m="32875" /><E47/><V2/><F2/><W38/><G80/><T77/><D45/><U109/><E52/><V82/><F124/><W72/><G72/><T61/><D77/><U8/><E8/><V81/><F132/><W126/><G126/><T69/><D46/><U60/><E60/><V27/><F27/><W74/><G74/><T37/><D61/><U118/><E115/><V6/><F6/><W104/><G104/><T101/><D37/><U58/><E58/><V56/><F56/><W125/><G125/><T5/><D59/><U92/><E92/><N who="2" m="56463" /><F73/><W51/><G70/><T120/><D69/><U91/><E91/><V63/><F63/><W87/><G38/><T14/><D5/><U44/><E44/><V94/><F94/><W57/><G43/><T113/><D113/><U25/><E25/><V90/><F90/><W11/><G51/><T83/><D48/><U65/><E109/><N who="2" m="42091" /><F105/><W134/><G134/><T111/><D107/><U122/><E122/><V55/><F55/><W41/><G41/><T93/><D120/><U96/><E96/><V102/><AGARI ba="0,0" hai="81,82,100,102,103" m="42091,56463,29739" machi="102" ten="40,5200,0" yaku="14,1,34,2" doraHai="7" who="2" fromWho="2" sc="359,-13,163,-26,239,52,239,-13" /><INIT seed="2,0,0,2,1,56" ten="346,137,291,226" oya="2" hai0="57,54,0,47,37,41,66,4,120,115,61,94,39" hai1="16,18,104,52,125,14,84,99,27,110,85,15,30" hai2="55,81,133,108,10,101,63,26,102,131,93,19,111" hai3="42,67,17,126,79,48,21,118,13,112,1,92,62"/><V128/><BYE who="3" /><F81/><UN n3="%E9%80%9F%E6%B0%B4%E5%87%9B%E9%A6%99" /><W5/><G118/><T20/><D120/><U3/><E3/><V70/><F133/><W43/><G126/><T29/><D115/><U22/><E125/><V73/><F73/><W2/><G112/><T82/><D94/><U90/><E110/><N who="2" m="42027" /><F55/><W116/><G116/><T98/><D98/><U64/><E64/><N who="2" m="41247" /><F93/><W33/><G79/><T46/><D82/><U50/><E104/><V109/><N who="2" m="42035" /><V130/><DORA hai="72" /><F10/><W134/><G92/><T34/><D34/><U106/><E106/><V95/><F95/><W91/><G134/><T51/><D54/><U8/><E99/><V49/><F49/><W40/><G48/><T31/><D51/><U78/><E78/><V36/><F36/><W9/><G91/><T132/><D132/><U38/><E38/><V124/><F124/><W74/><G74/><T100/><D100/><U83/><E85/><V80/><F80/><W114/><G114/><T105/><D105/><U113/><E113/><V103/><F19/><W35/><REACH who="3" step="1"/><G1/><REACH who="3" ten="346,137,291,216" step="2"/><T76/><D39/><U28/><REACH who="1" step="1"/><E15/><REACH who="1" ten="346,127,291,216" step="2"/><V122/><F122/><W7/><G7/><T44/><D4/><U32/><E32/><V45/><F130/><W6/><G6/><T89/><D37/><U71/><E71/><AGARI ba="0,2" hai="2,5,9,13,17,21,33,35,40,42,43,62,67,71" machi="71" ten="40,2600,0" yaku="1,1,52,1,53,0" doraHai="56,72" doraHaiUra="86,97" who="3" fromWho="1" sc="346,0,127,-26,291,0,216,46" /><INIT seed="3,0,0,0,5,111" ten="346,101,291,262" oya="3" hai0="78,97,47,52,134,76,70,118,28,80,90,14,100" hai1="68,77,5,83,107,54,26,31,92,57,122,114,33" hai2="106,110,113,84,101,53,3,10,86,32,41,20,22" hai3="17,56,69,125,93,123,129,50,132,124,43,105,67"/><W73/><G105/><T46/><D70/><U16/><E107/><V94/><F32/><W74/><G73/><T87/><D118/><U89/><E68/><V27/><F110/><W61/><G74/><T44/><D134/><U64/><E122/><V135/><F135/><W18/><G123/><T1/><D1/><U72/><E5/><V127/><F106/><W12/><G132/><T82/><D28/><U117/><E64/><V104/><F113/><W0/><G0/><T66/><D66/><U131/><E131/><V75/><F75/><W24/><G129/><T13/><D52/><U38/><E38/><V99/><F41/><W42/><G24/><T40/><D40/><U126/><E126/><N who="3" m="48746" /><G18/><T29/><D29/><U120/><E120/><V88/><F127/><W55/><G93/><N who="0" m="58415" /><D80/><U15/><E117/><V36/><F36/><W108/><G108/><T8/><D13/><U112/><E89/><V25/><F25/><W51/><G51/><T95/><D82/><U115/><E92/><V116/><F27/><W65/><G65/><T30/><D30/><U49/><REACH who="1" step="1"/><E114/><REACH who="1" ten="346,91,291,262" step="2"/><V96/><F116/><W133/><G133/><T79/><D79/><U71/><E71/><V60/><F104/><W45/><G69/><T85/><D78/><U34/><E34/><V81/><F94/><W58/><G58/><T11/><D76/><U121/><E121/><V98/><F88/><W102/><G102/><T48/><D90/><U7/><E7/><V63/><F101/><W19/><G19/><T4/><D95/><U37/><E37/><V59/><F96/><W39/><G39/><RYUUKYOKU ba="0,1" sc="346,-15,91,15,291,-15,262,15" hai1="15,16,26,31,33,49,54,57,72,77,83,112,115" hai3="12,17,42,43,45,50,55,56,61,67" /><INIT seed="3,1,1,2,4,66" ten="331,106,276,277" oya="3" hai0="56,64,84,46,0,78,65,109,45,37,67,3,12" hai1="105,118,80,2,42,89,101,28,131,40,69,59,102" hai2="26,93,44,90,36,103,100,16,29,128,63,52,50" hai3="38,135,25,94,61,47,104,120,48,22,127,20,10"/><W70/><G104/><T125/><D125/><U7/><E131/><V24/><F128/><W92/><G120/><T68/><D68/><U95/><E118/><V19/><F36/><W5/><G38/><T75/><D75/><U114/><E114/><V119/><F119/><W14/><G127/><T32/><D32/><U126/><E126/><V121/><F121/><W72/><G72/><T35/><D35/><U57/><E105/><V97/><F63/><W43/><G135/><T8/><D56/><U116/><E116/><V83/><F26/><W4/><G4/><T41/><D46/><U117/><E117/><V96/><F83/><W51/><G51/><T87/><D78/><U113/><E113/><V112/><F112/><W123/><G123/><T21/><D21/><U133/><E133/><V60/><F60/><W17/><G70/><T6/><D109/><U33/><E33/><V111/><F111/><W85/><G61/><T129/><D129/><U15/><E2/><V115/><F115/><W34/><G34/><T54/><D54/><U30/><E69/><V49/><F49/><W107/><G107/><T18/><D0/><U13/><E80/><V1/><F1/><W55/><G55/><T99/><D99/><U58/><E58/><V76/><F76/><W88/><G20/><T132/><D132/><U134/><E134/><V62/><F62/><W86/><G86/><T77/><D77/><U130/><E130/><V39/><F39/><W11/><G11/><T106/><D106/><U122/><E122/><V73/><F73/><W108/><G108/><T74/><D74/><RYUUKYOKU ba="1,1" sc="331,15,106,-15,276,-15,277,15" hai0="3,6,8,12,18,37,41,45,64,65,67,84,87" hai3="5,10,14,17,22,25,43,47,48,85,88,92,94" /><INIT seed="3,2,1,5,4,117" ten="346,91,261,292" oya="3" hai0="32,106,22,126,108,131,17,10,130,114,83,45,127" hai1="75,48,70,86,110,40,57,54,31,39,11,99,52" hai2="43,1,90,93,5,105,122,89,95,121,0,62,119" hai3="96,51,68,104,30,94,124,24,107,85,2,112,8"/><W4/><G68/><T29/><D108/><U133/><E75/><V81/><F119/><W13/><G112/><T7/><D106/><U55/><E31/><V129/><F105/><W18/><G124/><N who="0" m="47659" /><D114/><U44/><E110/><V98/><F129/><N who="0" m="49162" /><D45/><U56/><E99/><V87/><F43/><W82/><G51/><T109/><D83/><U102/><E102/><V100/><F62/><W46/><G46/><T134/><D109/><U72/><E72/><V50/><F50/><W66/><G66/><T23/><D17/><U92/><E11/><V41/><F41/><W74/><G74/><T69/><D69/><U25/><E25/><V37/><F37/><W60/><G60/><T35/><D134/><U63/><E133/><V3/><REACH who="2" step="1"/><F5/><REACH who="2" ten="346,91,251,292" step="2"/><W91/><G4/><T20/><D29/><U71/><E86/><AGARI ba="2,2" hai="0,1,3,81,86,87,89,90,93,95,98,100,121,122" machi="86" ten="50,8000,1" yaku="1,1,2,1,52,2,53,0" doraHai="117" doraHaiUra="19" who="2" fromWho="1" sc="346,0,91,-86,251,106,292,0" owari="346,14.6,5,-49.5,357,45.7,292,-10.8" /></mjloggm>