<mjloggm ver="2.3"><GO type="225" lobby="0"/><UN n0="%33%74%72%65%65" n1="%E3%81%BB%E3%82%8B%E3%81%B2%E3%81%99%E2%98%86%E5%A4%A7%E5%90%89" n2="%E7%99%BD%E6%97%A5%E9%9B%AA%E8%8F%9C" n3="%E3%81%99%E3%81%84%E3%81%BE%E3%81%9B%E3%83%BC%E3%82%93" dan="16,16,17,18" rate="2112.82,2138.10,2219.43,2180.65" sx="F,M,M,M"/><TAIKYOKU oya="0"/><INIT seed="0,0,0,1,2,29" ten="250,250,250,250" oya="0" hai0="30,5,103,90,28,114,61,25,64,57,38,119,18" hai1="17,11,89,117,131,27,12,59,48,78,4,3,102" hai2="23,65,94,135,133,109,36,81,32,46,132,40,76" hai3="87,107,50,118,82,125,104,19,70,56,121,52,120"/><T24/><D114/><U9/><E117/><V2/><F2/><W129/><G118/><T128/><D119/><U45/><E131/><V51/><F109/><W35/><G129/><T97/><D128/><U41/><E102/><V31/><F65/><W83/><G125/><T0/><D38/><U53/><E78/><V26/><F94/><W49/><G70/><T77/><D77/><U7/><E89/><V37/><REACH who="2" step="1"/><F23/><REACH who="2" ten="250,250,240,250" step="2"/><W111/><G107/><T115/><D64/><U74/><E74/><AGARI ba="0,1" hai="26,31,32,36,37,40,46,51,74,76,81,132,133,135" machi="74" ten="40,8000,1" yaku="1,1,2,1,20,1,52,1,53,0" doraHai="29" doraHaiUra="126" who="2" fromWho="1" sc="250,0,250,-80,240,90,250,0" /><INIT seed="1,0,0,5,0,8" ten="250,170,330,250" oya="1" hai0="100,119,71,135,35,41,5,44,121,128,80,127,105" hai1="31,92,28,108,1,106,27,4,111,74,85,36,102" hai2="109,25,107,50,16,116,125,72,34,67,53,3,56" hai3="47,39,2,60,79,49,37,133,84,46,58,48,95"/><U131/><E74/><V75/><F116/><W19/><G133/><T73/><RYUUKYOKU type="yao9" ba="0,0" sc="250,0,170,0,330,0,250,0" hai0="5,35,41,44,71,73,80,100,105,119,121,127,128,135" /><INIT seed="1,1,0,5,1,55" ten="250,170,330,250" oya="1" hai0="62,20,86,69,115,30,43,93,64,16,73,68,65" hai1="100,56,107,123,106,122,14,71,60,95,99,4,6" hai2="38,1,23,8,133,57,61,63,91,37,39,21,45" hai3="54,53,105,83,58,29,25,89,118,15,50,114,59"/><U12/><E71/><V40/><F133/><W124/><G114/><T24/><D115/><U92/><E92/><V33/><F33/><W90/><G105/><T101/><D73/><U51/><E51/><V108/><F108/><W80/><G124/><T66/><D43/><U109/><E109/><V10/><F63/><W87/><G118/><T120/><D120/><U88/><E123/><V111/><F111/><W85/><G15/><T32/><D68/><U27/><E27/><V125/><F125/><W17/><G17/><T18/><D18/><U84/><E107/><V112/><F91/><W19/><G19/><T130/><D130/><U134/><E122/><V67/><F112/><W9/><G9/><T132/><D132/><U116/><E116/><V81/><F81/><W52/><G50/><T94/><D86/><U28/><E28/><V129/><F129/><W103/><G103/><T26/><D101/><U0/><E134/><V127/><F127/><W11/><G11/><T34/><D34/><AGARI ba="1,0" hai="25,29,34,52,53,54,58,59,80,83,85,87,89,90" machi="34" ten="40,8000,1" yaku="9,1,52,2,54,1" doraHai="55" who="3" fromWho="0" sc="250,-83,170,0,330,0,250,83" /><INIT seed="2,0,0,2,4,14" ten="167,170,330,333" oya="2" hai0="133,66,81,94,45,110,117,107,93,78,52,5,103" hai1="65,43,47,6,129,26,116,21,29,46,60,132,34" hai2="50,31,17,1,38,134,72,131,104,109,23,123,9" hai3="12,86,36,80,113,20,11,37,128,2,61,42,15"/><V115/><RYUUKYOKU type="yao9" ba="0,0" sc="167,0,170,0,330,0,333,0" hai2="1,9,17,23,31,38,50,72,104,109,115,123,131,134" /><INIT seed="2,1,0,2,0,31" ten="167,170,330,333" oya="2" hai0="134,10,70,22,48,96,116,33,29,76,12,123,83" hai1="125,105,60,114,104,117,16,43,135,107,6,72,86" hai2="75,5,40,118,80,131,121,63,53,115,97,21,95" hai3="13,93,119,0,66,11,92,91,41,111,102,50,4"/><V99/><F115/><W132/><G119/><T108/><D123/><U30/><E117/><V32/><F32/><W106/><G111/><T15/><D116/><U46/><E114/><V113/><F113/><W55/><G132/><T23/><D108/><U51/><E135/><V28/><F121/><W126/><G126/><T27/><D134/><U36/><E125/><V59/><F131/><W109/><G41/><T73/><D70/><U8/><E72/><V88/><F40/><W38/><G38/><T45/><D96/><U14/><E30/><V98/><F5/><W3/><G66/><T68/><D68/><U130/><E130/><V122/><F122/><W52/><G106/><T34/><D23/><U1/><E60/><V100/><F118/><W87/><G55/><T90/><D90/><U24/><E24/><N who="2" m="16399" /><F75/><W120/><G109/><T94/><D94/><U124/><E124/><V20/><F20/><W85/><G120/><T69/><D69/><U35/><E86/><AGARI ba="1,0" hai="53,59,63,80,86,88,95,97,98,99,100" m="16399" machi="86" ten="30,2900,0" yaku="8,1,54,1" doraHai="31" who="2" fromWho="1" sc="167,0,170,-32,330,32,333,0" /><INIT seed="2,2,0,2,0,54" ten="167,138,362,333" oya="2" hai0="38,24,13,7,100,104,59,28,8,97,56,107,82" hai1="98,74,22,33,17,130,50,15,65,109,88,84,91" hai2="121,66,80,52,46,67,73,112,87,30,90,57,12" hai3="113,3,27,43,72,60,14,4,132,115,92,23,9"/><V133/><F112/><N who="3" m="43083" /><G72/><T105/><D38/><U96/><E74/><V106/><F121/><W41/><G132/><T110/><D110/><U0/><E0/><V36/><F106/><W114/><G114/><T1/><D1/><U70/><E109/><V119/><F119/><W10/><G92/><T108/><D108/><U55/><E130/><V120/><F120/><W124/><G60/><T20/><D104/><U69/><E33/><V37/><F133/><W29/><G124/><T101/><D82/><U61/><E70/><V62/><F30/><W45/><G45/><T116/><D116/><U42/><E42/><V44/><F73/><W79/><G79/><T2/><D2/><U127/><E127/><V68/><F12/><W81/><G81/><T47/><D47/><U53/><E53/><V131/><F131/><W34/><G34/><T128/><D128/><U126/><E126/><V32/><F32/><W102/><G102/><T93/><D93/><N who="1" m="54407" /><E91/><V19/><F19/><AGARI ba="2,0" hai="3,4,9,10,14,19,23,27,29,41,43" m="43083" machi="19" ten="30,1000,0" yaku="11,1" doraHai="54" who="3" fromWho="2" sc="167,0,138,0,362,-16,333,16" /><INIT seed="3,0,0,3,4,130" ten="167,138,346,349" oya="3" hai0="125,80,83,98,62,76,14,54,51,12,5,86,71" hai1="85,42,49,74,92,131,128,2,132,79,24,65,100" hai2="135,69,66,89,87,120,126,27,72,38,3,32,108" hai3="127,107,113,63,1,17,133,23,81,90,43,40,123"/><W39/><G133/><T29/><D125/><U115/><E115/><V7/><RYUUKYOKU type="yao9" ba="0,0" sc="167,0,138,0,346,0,349,0" hai2="3,7,27,32,38,66,69,72,87,89,108,120,126,135" /><INIT seed="3,1,0,1,3,13" ten="167,138,346,349" oya="3" hai0="17,12,104,129,75,60,106,118,53,86,59,102,70" hai1="10,108,77,63,19,38,47,56,134,71,37,61,31" hai2="133,7,113,117,51,101,1,29,93,96,4,82,18" hai3="128,20,121,64,5,87,103,92,91,0,34,21,3"/><W74/><G121/><T67/><D118/><U27/><E108/><V49/><F113/><W62/><G34/><T127/><D75/><U126/><E126/><V33/><F117/><W115/><G115/><T66/><D127/><U80/><E134/><V54/><F133/><W114/><G114/><T112/><D112/><U11/><E71/><V43/><F1/><W55/><G74/><T42/><D129/><U90/><E90/><V36/><F36/><W100/><G55/><T78/><D42/><U135/><E135/><V73/><F33/><W123/><G123/><T9/><D102/><U97/><E97/><V125/><F29/><W119/><G119/><T65/><D70/><U72/><E61/><V89/><F125/><W46/><G46/><T24/><REACH who="0" step="1"/><D24/><REACH who="0" ten="157,138,346,349" step="2"/><U68/><E68/><V22/><F73/><W85/><G128/><T94/><D94/><U39/><E47/><N who="2" m="27967" /><F43/><W124/><G124/><T98/><D98/><U88/><E88/><V2/><F96/><W116/><G116/><T15/><D15/><U44/><E44/><V25/><F101/><N who="3" m="38987" /><G87/><T132/><D132/><U109/><E109/><V84/><F93/><W58/><G0/><T26/><D26/><U30/><E19/><V23/><F2/><W130/><G130/><T50/><D50/><U110/><E110/><V14/><F51/><W95/><G92/><T52/><D52/><U107/><E107/><V83/><F83/><AGARI ba="1,1" hai="9,12,17,53,59,60,65,66,67,78,83,86,104,106" machi="83" ten="40,5200,0" yaku="1,1,52,1,53,1" doraHai="13" doraHaiUra="76" who="0" fromWho="2" sc="157,65,138,0,346,-55,349,0" owari="222,-17.8,138,-36.2,291,9.1,349,44.9" /></mjloggm>