<mjloggm ver="2.3"><GO type="225" lobby="0"/><UN n0="%E3%81%82%E3%82%93%E3%81%AA%E3%81%A4" n1="%E6%B4%BE%E9%81%A3%E3%81%AE%E3%82%B8%E3%83%A3%E3%83%83%E3%82%AF" n2="%E6%A1%9C%E8%8A%B1%E9%96%83%E3%80%85" n3="%E3%82%A2%E3%83%A1%E3%82%A2%E3%83%A9%E3%83%AC" dan="17,17,16,16" rate="2154.81,2197.43,2231.95,2158.93" sx="M,M,M,M"/><TAIKYOKU oya="0"/><INIT seed="0,0,0,2,3,113" ten="250,250,250,250" oya="0" hai0="77,44,60,96,71,11,45,133,98,93,42,90,107" hai1="70,5,105,37,34,41,134,116,111,128,36,46,18" hai2="12,39,123,122,84,118,117,112,73,78,62,38,108" hai3="53,51,33,131,97,89,49,103,2,99,61,40,102"/><T52/><D133/><U54/><E105/><V26/><F84/><W129/><G2/><T66/><D77/><U14/><E34/><V0/><F0/><W104/><G33/><T17/><D107/><U76/><E70/><V57/><F12/><W22/><G89/><T65/><D65/><U125/><E5/><V80/><F26/><W3/><G3/><T82/><D82/><U16/><E76/><V91/><F91/><W67/><G40/><T19/><D98/><U10/><E111/><V7/><F7/><W75/><G22/><T25/><D25/><U8/><E128/><N who="3" m="49226" /><G53/><T72/><D11/><U109/><E109/><V30/><F30/><W127/><G127/><T74/><D17/><U4/><E125/><V92/><F92/><N who="3" m="58663" /><G75/><T135/><D135/><U115/><E134/><V114/><F108/><W47/><G47/><T110/><D110/><U124/><E124/><V81/><F81/><W58/><AGARI ba="0,0" hai="49,51,58,61,67,99,103,104" m="58663,49226" machi="58" ten="30,1100,0" yaku="19,1" doraHai="113" who="3" fromWho="3" sc="250,-5,250,-3,250,-3,250,11" /><INIT seed="1,0,0,0,4,58" ten="245,247,247,261" oya="1" hai0="47,84,113,67,95,2,107,50,125,68,91,72,30" hai1="36,131,63,116,44,82,22,54,74,53,21,31,103" hai2="19,32,85,13,73,23,115,76,48,111,56,11,93" hai3="134,8,78,49,101,87,37,15,10,60,132,94,0"/><U98/><E116/><V112/><F32/><W109/><G37/><T127/><D113/><N who="2" m="43594" /><F111/><W123/><G123/><T52/><D2/><U70/><E131/><V14/><F73/><W106/><G106/><T4/><D72/><U108/><E108/><V118/><F118/><W121/><G121/><T20/><D4/><U9/><E9/><V51/><F56/><W122/><G122/><T117/><D107/><U105/><E36/><V26/><F13/><W130/><G130/><T129/><D129/><U71/><E44/><V38/><F38/><W100/><G0/><T81/><D117/><U110/><E110/><V5/><F76/><W86/><G15/><T41/><D41/><U46/><E46/><V88/><AGARI ba="0,0" hai="5,11,14,19,23,26,48,51,85,88,93" m="43594" machi="88" ten="30,2000,0" yaku="11,1,54,1" doraHai="58" who="2" fromWho="2" sc="245,-5,247,-10,247,20,261,-5" /><INIT seed="2,0,0,0,5,48" ten="240,237,267,256" oya="2" hai0="22,53,88,95,102,83,77,65,89,39,47,64,125" hai1="31,43,80,56,128,24,86,103,5,99,2,13,62" hai2="28,66,113,84,32,37,46,38,14,134,116,68,29" hai3="51,111,26,20,127,71,35,50,58,69,90,76,118"/><V106/><F113/><W82/><G118/><T115/><D115/><U108/><E108/><V96/><F116/><W27/><G111/><T135/><D125/><U72/><E128/><V130/><F130/><W100/><G127/><T75/><D135/><U9/><E43/><V67/><F134/><W23/><G35/><T94/><D102/><U97/><E72/><V78/><F14/><W15/><G100/><T4/><D4/><U61/><E2/><V55/><F78/><W59/><G15/><T119/><D22/><N who="1" m="15767" /><E103/><N who="2" m="62823" /><F84/><W123/><G76/><T7/><D7/><U110/><E110/><V1/><F67/><W74/><G74/><T87/><D119/><U129/><E129/><V120/><F28/><W114/><G114/><T16/><D16/><N who="1" m="8239" /><E62/><N who="2" m="40023" /><F120/><W126/><G126/><T63/><D39/><U112/><E5/><V91/><F91/><W41/><G90/><T11/><D11/><U121/><E121/><V109/><F1/><W104/><G123/><T54/><D64/><N who="1" m="38951" /><E112/><V132/><F132/><W34/><G104/><T42/><D42/><U107/><E107/><V85/><F109/><W131/><G41/><T3/><D3/><U25/><E25/><N who="2" m="18479" /><F37/><W98/><G131/><T79/><D75/><U70/><E70/><V18/><F18/><W124/><G124/><T12/><D65/><U36/><E36/><V6/><F6/><W60/><G34/><T40/><D12/><U0/><E0/><V73/><F73/><W122/><G122/><T33/><D33/><U81/><E86/><V57/><F85/><W117/><G117/><T8/><D87/><U19/><E19/><RYUUKYOKU ba="0,0" sc="240,-10,237,30,267,-10,256,-10" hai1="80,81,97,99" /><INIT seed="3,1,0,1,5,130" ten="230,267,257,246" oya="3" hai0="121,79,93,97,61,29,3,104,1,24,66,135,74" hai1="32,53,9,64,57,132,92,133,119,68,31,34,123" hai2="37,82,67,7,115,22,54,100,51,42,83,94,52" hai3="43,89,27,73,84,15,95,120,63,122,8,124,109"/><W10/><G124/><T40/><D121/><U28/><E123/><V116/><F115/><W36/><G73/><T2/><D40/><U127/><E127/><V71/><F116/><W20/><G109/><T12/><D12/><U56/><E92/><V41/><F37/><W129/><G129/><T45/><D45/><U106/><E106/><V19/><F7/><W77/><G77/><T55/><D55/><N who="2" m="21034" /><F71/><W5/><G63/><T39/><D39/><U81/><E81/><N who="2" m="30731" /><F51/><W105/><G105/><T112/><D112/><U111/><E111/><V13/><F67/><W118/><G118/><T60/><D135/><N who="1" m="51787" /><E9/><V80/><N who="2" m="30739" /><V108/><DORA hai="69" /><F108/><W134/><G134/><T14/><D104/><U50/><E68/><V99/><AGARI ba="1,0" hai="13,19,22,41,42,94,99,100" m="30739,21034" machi="99" ten="40,2700,0" yaku="8,1,54,1" doraHai="130,69" who="2" fromWho="2" sc="230,-8,267,-8,257,30,246,-14" /><INIT seed="4,0,0,1,5,21" ten="222,259,287,232" oya="0" hai0="87,24,77,130,71,64,99,47,128,121,44,14,7" hai1="0,13,19,86,27,75,89,54,135,38,40,116,112" hai2="18,15,65,117,51,72,88,8,97,46,26,2,131" hai3="105,52,20,132,31,106,9,22,84,90,125,58,83"/><T101/><D121/><U28/><E116/><V126/><F117/><W43/><G132/><T60/><D14/><U103/><E75/><V49/><F2/><W81/><G125/><T35/><D7/><U48/><E0/><V42/><F72/><W5/><G43/><T17/><D87/><U4/><E4/><V79/><F79/><W30/><G81/><T1/><D77/><U92/><E135/><V91/><F131/><N who="0" m="50218" /><D1/><U45/><E103/><V6/><F126/><W70/><G70/><T85/><D85/><U29/><E112/><V113/><F97/><W114/><G114/><T39/><D39/><U96/><E96/><V62/><F113/><W93/><G83/><T100/><D17/><U119/><E119/><V115/><F115/><W33/><G105/><N who="0" m="63647" /><D101/><U11/><REACH who="1" step="1"/><E27/><REACH who="1" ten="222,249,287,232" step="2"/><V109/><F26/><W74/><G74/><T122/><D122/><U69/><E69/><V123/><F6/><W98/><G98/><T50/><D50/><U78/><E78/><V67/><F51/><W61/><G106/><T80/><D80/><U10/><E10/><V12/><F49/><W118/><G118/><T41/><D41/><U55/><E55/><V107/><F8/><W104/><G104/><T59/><D71/><U23/><E23/><N who="3" m="8746" /><G33/><T37/><D37/><U120/><E120/><V111/><F123/><W127/><G127/><T63/><D63/><U34/><E34/><V102/><F62/><W53/><G53/><T36/><D36/><U3/><E3/><V16/><F42/><W94/><G5/><T68/><D68/><U76/><E76/><V66/><F107/><RYUUKYOKU ba="0,1" sc="222,15,249,15,287,-15,232,-15" hai0="24,35,44,47,59,60,64" hai1="11,13,19,28,29,38,40,45,48,54,86,89,92" /><INIT seed="4,1,1,2,2,123" ten="237,264,272,217" oya="0" hai0="94,52,110,61,4,8,15,37,56,133,11,5,72" hai1="78,116,71,54,63,21,7,46,128,131,27,115,113" hai2="23,38,87,57,42,19,33,43,66,126,98,69,76" hai3="17,83,90,108,112,1,35,20,53,58,81,132,105"/><T79/><D133/><U14/><E116/><V106/><F33/><W64/><G108/><T2/><D37/><U32/><E78/><V89/><F69/><W84/><G132/><T13/><D110/><U24/><E32/><V100/><F126/><W124/><G112/><N who="1" m="43082" /><E46/><V120/><F120/><W39/><G105/><T48/><D94/><U103/><E103/><V60/><F76/><W122/><G35/><T75/><D79/><U22/><E14/><V80/><F38/><W104/><G104/><T70/><D2/><U30/><E7/><V111/><F111/><W41/><G1/><T109/><D109/><U62/><E54/><V73/><F73/><W99/><G124/><T88/><D88/><U0/><E0/><V47/><F47/><W93/><G122/><T10/><D10/><U97/><E97/><V121/><F121/><W134/><G134/><T92/><D92/><U25/><E71/><V49/><F49/><N who="3" m="31023" /><G39/><T114/><D114/><U91/><E91/><V68/><F68/><W96/><G41/><T59/><D70/><U12/><E12/><AGARI ba="1,1" hai="12,19,23,42,43,57,60,66,80,87,89,98,100,106" machi="12" ten="30,1000,0" yaku="7,1" doraHai="123" who="2" fromWho="1" sc="237,0,264,-13,272,23,217,0" /><INIT seed="5,0,0,3,4,74" ten="237,251,295,217" oya="1" hai0="39,78,96,34,58,100,126,76,43,69,37,40,105" hai1="44,73,47,77,102,0,63,94,53,46,31,41,119" hai2="75,87,128,17,59,30,91,98,125,112,32,60,3" hai3="134,61,33,67,45,88,101,111,18,114,25,7,4"/><U132/><E119/><V80/><F75/><W35/><G111/><T52/><D69/><U36/><E31/><V22/><F3/><W70/><G114/><T81/><D34/><U130/><E132/><V1/><F112/><W66/><G134/><T135/><D135/><U23/><E23/><V95/><F1/><W127/><G127/><T83/><D126/><U51/><E63/><V106/><F106/><W56/><G101/><T29/><D29/><U86/><E130/><V64/><F128/><W8/><G4/><T110/><D110/><U99/><E0/><V11/><F125/><W16/><G45/><T89/><D89/><U72/><REACH who="1" step="1"/><E47/><REACH who="1" ten="237,241,295,217" step="2"/><V103/><F30/><W116/><G116/><T90/><D37/><U117/><E117/><V14/><F32/><W57/><G35/><T133/><D133/><U79/><E79/><V107/><F107/><W115/><G115/><T20/><D39/><U50/><E50/><V15/><F11/><W19/><G67/><T62/><D20/><U42/><E42/><V118/><F118/><W24/><G33/><T82/><D40/><U113/><E113/><V54/><F64/><W121/><G121/><T92/><REACH who="0" step="1"/><D43/><REACH who="0" ten="227,241,295,217" step="2"/><U131/><E131/><V122/><F122/><W27/><REACH who="3" step="1"/><G88/><REACH who="3" ten="227,241,295,207" step="2"/><T6/><D6/><U84/><E84/><AGARI ba="0,3" hai="52,58,62,76,78,81,82,83,84,90,92,96,100,105" machi="84" ten="40,8000,1" yaku="1,1,52,2,54,1,53,0" doraHai="74" doraHaiUra="28" who="0" fromWho="1" sc="227,110,241,-80,295,0,207,0" owari="337,43.7,161,-33.9,295,9.5,207,-19.3" /></mjloggm>