<mjloggm ver="2.3"><GO type="225" lobby="0"/><UN n0="%E5%8F%AF%E5%85%90%E9%82%A3%E7%94%B1%E5%A4%9A" n1="%6D%75%75%6D%75%72%61" n2="%48%61%61%61%6C%61%6E%64" n3="%72%69%6F%75%63%68%61%6E" dan="16,17,18,17" rate="2196.85,2199.25,2224.80,2241.23" sx="F,F,M,M"/><TAIKYOKU oya="0"/><INIT seed="0,0,0,2,0,67" ten="250,250,250,250" oya="0" hai0="48,16,120,84,57,131,133,0,72,17,42,106,21" hai1="56,109,50,94,74,103,19,135,31,64,92,10,53" hai2="97,104,124,35,70,85,11,7,44,127,79,29,117" hai3="82,93,2,116,58,23,55,6,75,12,45,115,8"/><T130/><D120/><U33/><E109/><V30/><F117/><W77/><G115/><T108/><D72/><U18/><E74/><V111/><F111/><W26/><G116/><T80/><D108/><U65/><E135/><V96/><F70/><W73/><G93/><T15/><D133/><U114/><E114/><V54/><F79/><W105/><G105/><T25/><D106/><U95/><E103/><V107/><F85/><W47/><G2/><T126/><D0/><U76/><E76/><V88/><F35/><W98/><G98/><T69/><D69/><U46/><E33/><V13/><F107/><W32/><G32/><T59/><D126/><N who="2" m="48170" /><F97/><W27/><G75/><T71/><D71/><U100/><E100/><N who="2" m="62471" /><F88/><W52/><G26/><T121/><D121/><U125/><E125/><V110/><F110/><W83/><G82/><T129/><D84/><U61/><E31/><V86/><F86/><W63/><REACH who="3" step="1"/><G55/><REACH who="3" ten="250,250,250,240" step="2"/><T81/><D81/><U22/><E94/><V118/><F118/><W9/><G9/><N who="0" m="6255" /><D80/><U36/><E95/><V112/><F112/><W34/><G34/><T20/><D20/><U89/><E10/><V134/><F134/><W28/><AGARI ba="0,1" hai="6,8,12,23,27,28,45,47,52,58,63,73,77,83" machi="28" ten="20,5200,0" yaku="1,1,0,1,7,1,54,1,53,0" doraHai="67" doraHaiUra="60" who="3" fromWho="3" sc="250,-26,250,-13,250,-13,240,62" /><INIT seed="1,0,0,0,3,66" ten="224,237,237,302" oya="1" hai0="29,44,58,117,23,112,109,1,78,111,73,62,124" hai1="3,49,87,89,16,68,35,104,125,33,71,95,32" hai2="77,37,53,92,31,18,27,94,55,88,122,52,8" hai3="43,85,2,81,110,84,20,70,74,119,59,108,98"/><U34/><N who="1" m="8192" /><DORA hai="130" /><U25/><E125/><V65/><F122/><W72/><G2/><T57/><D112/><U30/><E3/><V100/><F37/><W129/><G129/><T83/><D117/><U50/><E104/><V103/><F77/><W80/><G43/><T41/><D1/><U26/><E16/><V51/><F65/><W131/><G131/><T96/><D124/><U106/><E106/><V19/><F51/><W48/><G119/><T121/><D121/><U63/><E63/><V75/><F75/><W38/><G38/><T93/><D44/><U61/><E61/><V97/><F103/><W15/><G70/><T101/><D41/><U90/><E90/><V42/><F42/><W135/><G135/><T0/><D0/><U14/><E14/><V99/><F8/><W17/><G98/><T114/><D114/><U40/><E49/><V13/><F13/><W115/><G115/><T120/><D120/><U6/><E6/><V102/><F102/><W12/><G48/><T134/><D134/><U69/><REACH who="1" step="1"/><E30/><REACH who="1" ten="224,227,237,302" step="2"/><V91/><F100/><W133/><G133/><T127/><D127/><U76/><E76/><V118/><F118/><W126/><G126/><T28/><D28/><U9/><E9/><V107/><F107/><W21/><G17/><T46/><D62/><U10/><E10/><V36/><F36/><W86/><G12/><T45/><D29/><U56/><E56/><N who="0" m="21609" /><D23/><AGARI ba="0,1" hai="18,19,23,27,31,52,53,55,88,91,92,94,97,99" machi="23" ten="40,8000,1" yaku="9,1,8,1,54,2" doraHai="66,130" who="2" fromWho="0" sc="224,-80,227,0,237,90,302,0" /><INIT seed="2,0,0,4,0,35" ten="144,227,327,302" oya="2" hai0="131,27,58,113,114,103,69,100,98,31,94,5,92" hai1="2,10,71,85,125,87,28,77,15,55,117,91,40" hai2="130,68,86,122,36,62,12,101,111,106,47,70,13" hai3="64,51,6,56,126,132,7,4,11,34,41,42,96"/><V135/><F122/><W52/><G126/><T115/><D69/><U0/><E117/><V61/><F130/><W22/><G132/><T65/><D131/><U129/><E129/><V16/><F135/><W95/><G34/><T81/><D81/><U33/><E71/><V74/><F74/><W66/><G11/><T44/><D44/><U17/><E125/><V134/><F134/><W21/><G22/><T76/><D76/><U25/><E40/><N who="3" m="15466" /><G21/><T63/><D5/><U104/><E104/><V19/><F106/><W38/><G38/><T49/><D49/><U45/><E77/><V133/><F133/><W121/><G121/><T124/><D124/><U67/><E67/><V89/><F36/><W83/><G83/><T72/><D72/><U59/><E45/><V3/><F3/><W23/><G23/><T105/><REACH who="0" step="1"/><D103/><AGARI ba="0,0" hai="4,6,7,51,52,56,64,66,95,96,103" m="15466" machi="103" ten="30,2000,0" yaku="8,1,54,1" doraHai="35" who="3" fromWho="0" sc="144,-20,227,0,327,0,302,20" /><INIT seed="3,0,0,1,3,0" ten="124,227,327,322" oya="3" hai0="7,33,80,69,27,113,24,16,57,100,91,97,104" hai1="28,92,124,74,130,82,10,114,59,87,30,93,106" hai2="94,54,96,8,15,18,45,53,86,78,132,125,41" hai3="121,119,62,108,71,83,128,51,103,79,70,117,6"/><W60/><G121/><T133/><D133/><U52/><E74/><V61/><F132/><W115/><G115/><T11/><D69/><U123/><E106/><V19/><F125/><W101/><G6/><T76/><D113/><U134/><E130/><V31/><F31/><N who="1" m="11817" /><E123/><V81/><F19/><W77/><G51/><T14/><D33/><U38/><E38/><V55/><F61/><N who="3" m="23659" /><G83/><T46/><D57/><U68/><E68/><N who="3" m="26154" /><G128/><T105/><D105/><U110/><E110/><V40/><F45/><W20/><G20/><T23/><D91/><AGARI ba="0,0" hai="8,15,18,40,41,53,54,55,78,81,86,91,94,96" machi="91" ten="40,1300,0" yaku="8,1" doraHai="0" who="2" fromWho="0" sc="124,-13,227,0,327,13,322,0" owari="111,-38.9,227,-17.3,340,44.0,322,12.2" /></mjloggm>