<mjloggm ver="2.3"><GO type="225" lobby="0"/><UN n0="%E3%81%82%E3%81%99%E3%81%AB%E3%82%83%E3%82%80" n1="%E3%81%A8%E3%82%93%E3%81%A8%E3%81%93%E3%81%A8%E3%82%93" n2="%E5%8F%AF%E5%85%90%E9%82%A3%E7%94%B1%E5%A4%9A" n3="%E9%B3%B3%E6%9D%B1%E3%81%AE%E3%81%86%E3%81%95%E3%81%8E%E3%81%95%E3%82%93" dan="16,16,17,17" rate="2106.21,2116.84,2201.35,2235.95" sx="F,F,F,M"/><TAIKYOKU oya="0"/><INIT seed="0,0,0,0,4,56" ten="250,250,250,250" oya="0" hai0="95,40,68,22,20,19,50,85,76,97,64,65,59" hai1="27,58,129,9,127,88,87,91,93,54,111,3,6" hai2="55,4,121,135,109,33,30,131,31,100,61,102,130" hai3="38,103,89,99,60,13,133,49,11,63,83,39,108"/><T69/><D69/><U80/><E111/><V78/><F121/><W41/><G108/><T81/><D68/><U15/><E129/><N who="2" m="49163" /><F109/><W37/><G133/><T47/><D59/><U104/><E127/><V52/><F135/><W74/><G41/><T113/><D22/><U77/><E104/><V106/><F78/><W66/><G49/><T119/><D119/><U44/><E27/><N who="2" m="18655" /><F106/><W57/><G63/><T7/><D7/><U120/><E120/><V125/><F125/><W62/><G62/><T116/><D113/><U94/><E3/><V118/><F118/><W107/><G89/><N who="1" m="34378" /><E44/><V122/><F122/><W45/><G45/><T1/><D1/><U43/><E43/><V75/><F75/><W72/><REACH who="3" step="1"/><G83/><REACH who="3" ten="250,250,250,240" step="2"/><T34/><D116/><U112/><E112/><V26/><F61/><AGARI ba="0,1" hai="6,9,15,54,58,61,77,80,87,93,94" m="34378" machi="61" ten="30,3900,0" yaku="8,1,52,1,54,1" doraHai="56" who="1" fromWho="2" sc="250,0,250,49,250,-39,240,0" /><INIT seed="1,0,0,3,3,51" ten="250,299,211,240" oya="1" hai0="18,15,16,42,29,79,2,52,135,105,47,9,104" hai1="76,127,123,25,112,78,22,59,103,48,24,73,118" hai2="1,121,8,67,97,71,12,27,77,132,40,17,80" hai3="102,90,20,32,65,13,131,108,120,45,11,96,134"/><U14/><E112/><V31/><F121/><W21/><G120/><T100/><D2/><U92/><E118/><V91/><F132/><W106/><G134/><T81/><D135/><U49/><E127/><V129/><F129/><W34/><G131/><T10/><D42/><U62/><E73/><V6/><F40/><W39/><G108/><T54/><D47/><U4/><E123/><V23/><F71/><W107/><G107/><T41/><D41/><U110/><E110/><V101/><F67/><W28/><G39/><T128/><D128/><U68/><E68/><V35/><F91/><W46/><G65/><T0/><D0/><U56/><E92/><V50/><F50/><W75/><G75/><T57/><D57/><U3/><E3/><V84/><F97/><W63/><G63/><T99/><D29/><U43/><E103/><AGARI ba="0,0" hai="1,6,8,12,17,23,27,31,35,77,80,84,101,103" machi="103" ten="40,2600,0" yaku="24,2" doraHai="51" who="2" fromWho="1" sc="250,0,299,-26,211,26,240,0" /><INIT seed="2,0,0,1,3,60" ten="250,273,237,240" oya="2" hai0="122,4,104,120,87,56,23,11,43,24,131,13,50" hai1="133,76,14,0,94,16,107,21,128,64,40,27,72" hai2="59,85,44,129,103,91,75,116,74,22,93,1,111" hai3="31,32,83,61,78,42,105,8,28,130,135,41,25"/><V7/><F116/><W97/><G130/><T92/><D104/><U90/><E107/><V70/><F70/><W2/><G135/><T125/><D131/><U115/><E0/><V71/><F71/><W100/><G28/><T18/><D125/><U35/><E128/><V113/><F129/><W26/><G26/><T84/><D120/><U45/><E115/><V3/><F113/><W101/><G101/><T121/><D122/><U51/><E133/><V73/><F111/><W38/><G38/><T34/><D121/><U12/><E35/><V63/><F7/><W109/><G109/><T39/><D39/><U119/><E119/><V80/><F44/><W9/><G61/><T118/><D118/><U102/><E102/><V10/><F10/><W65/><G65/><T68/><D68/><U55/><E64/><V36/><F36/><W108/><G108/><T117/><D117/><U37/><E76/><V69/><F22/><W88/><G88/><N who="0" m="53255" /><D34/><U57/><REACH who="1" step="1"/><E72/><REACH who="1" ten="250,263,237,240" step="2"/><V98/><REACH who="2" step="1"/><F69/><REACH who="2" ten="250,263,227,240" step="2"/><W124/><G32/><T79/><D79/><U110/><E110/><V15/><F15/><W96/><G78/><T106/><D13/><U86/><AGARI ba="0,2" hai="12,14,16,21,27,37,40,45,51,55,57,86,90,94" machi="86" ten="20,8000,1" yaku="1,1,0,1,7,1,54,1,53,1" doraHai="60" doraHaiUra="89" who="1" fromWho="1" sc="250,-20,263,100,227,-40,240,-20" /><INIT seed="3,0,0,2,0,93" ten="230,363,187,220" oya="3" hai0="69,46,85,19,94,51,106,80,131,97,50,28,37" hai1="77,103,2,67,38,91,86,68,72,102,105,25,18" hai2="119,110,78,113,130,83,23,100,124,66,90,34,127" hai3="64,29,54,92,6,4,5,111,120,107,128,88,116"/><W112/><G120/><T123/><D106/><U126/><E2/><V53/><F34/><W12/><G116/><T36/><D69/><U1/><E38/><V129/><F66/><W109/><G112/><T98/><D123/><U125/><E1/><V35/><F35/><W31/><G107/><T21/><D28/><N who="3" m="10825" /><G64/><T95/><D131/><N who="2" m="50186" /><F113/><W115/><G115/><T33/><D33/><U16/><E67/><V45/><F119/><W65/><G65/><T70/><D70/><U9/><E68/><V122/><F122/><W81/><G81/><T73/><D73/><U44/><E105/><V17/><F100/><W10/><G54/><T41/><D37/><U43/><E103/><V134/><F110/><N who="3" m="41995" /><G128/><T14/><D36/><U56/><E102/><V117/><F117/><W13/><G10/><T8/><D8/><U96/><E9/><V79/><F53/><W7/><N who="3" m="1024" /><DORA hai="89" /><W26/><G26/><T52/><D94/><U121/><E25/><V49/><F45/><W75/><G75/><T133/><D95/><U82/><E121/><V101/><F101/><W24/><G24/><T55/><D55/><U32/><E44/><V71/><F71/><W15/><G15/><T58/><D133/><U47/><E47/><V57/><F57/><W48/><G48/><T3/><D3/><U84/><E56/><V108/><F108/><W132/><G132/><T87/><D80/><U40/><E82/><V20/><F49/><W118/><G118/><T62/><D50/><U42/><E72/><V59/><F79/><W135/><G135/><T22/><D22/><U99/><E32/><RYUUKYOKU ba="0,0" sc="230,15,363,-15,187,-15,220,15" hai0="14,19,21,41,46,51,52,58,62,85,87,97,98" hai3="12,13,88,92" /><INIT seed="3,1,0,1,5,30" ten="245,348,172,235" oya="3" hai0="101,14,48,17,88,135,107,80,34,94,7,133,98" hai1="57,60,26,83,97,102,134,79,53,16,18,112,1" hai2="78,39,128,123,62,116,90,87,56,108,124,42,84" hai3="12,89,99,0,81,47,10,32,113,75,126,105,35"/><W28/><G113/><T59/><D7/><U22/><E112/><V118/><F108/><W86/><G0/><T63/><D48/><U122/><E122/><V69/><F69/><W52/><G75/><T3/><D3/><U41/><E134/><N who="0" m="51209" /><D34/><U21/><E41/><V58/><F123/><W37/><G28/><T120/><D80/><U72/><E1/><V33/><F128/><W6/><G126/><T132/><D120/><U104/><E22/><V82/><F124/><W100/><REACH who="3" step="1"/><G52/><REACH who="3" ten="245,348,172,225" step="2"/><N who="0" m="34279" /><D132/><U46/><E46/><V74/><F74/><W92/><G92/><T45/><D107/><U76/><E79/><V54/><F33/><W51/><G51/><T43/><D43/><AGARI ba="1,1" hai="6,10,12,32,35,37,43,47,81,86,89,99,100,105" machi="43" ten="40,7700,0" yaku="1,1,52,2,53,0" doraHai="30" doraHaiUra="130" who="3" fromWho="0" sc="245,-80,348,0,172,0,225,90" /><INIT seed="3,2,0,3,1,2" ten="165,348,172,315" oya="3" hai0="101,20,99,59,76,94,96,82,114,83,26,100,115" hai1="68,56,71,120,16,1,65,25,19,51,117,62,104" hai2="121,106,89,57,91,10,12,46,69,107,86,18,28" hai3="54,92,81,23,5,29,3,77,79,132,9,55,88"/><W37/><G37/><T102/><D59/><U130/><E120/><V84/><F69/><W109/><G132/><T75/><D83/><U11/><E104/><V66/><F121/><W22/><G109/><T32/><D32/><U31/><E130/><V87/><F28/><W123/><G123/><T24/><D102/><U74/><E74/><V95/><F107/><W63/><G63/><T125/><D125/><U35/><E117/><V126/><F106/><W21/><G29/><T97/><D26/><U4/><REACH who="1" step="1"/><E51/><REACH who="1" ten="165,338,172,315" step="2"/><V45/><F126/><W70/><G70/><AGARI ba="2,1" hai="1,4,11,16,19,25,31,35,56,62,65,68,70,71" machi="70" ten="40,8000,1" yaku="1,1,2,1,52,1,54,1,53,0" doraHai="2" doraHaiUra="41" who="1" fromWho="3" sc="165,0,338,96,172,0,315,-86" owari="165,-33.5,434,53.4,172,-22.8,229,2.9" /></mjloggm>