<mjloggm ver="2.3"><GO type="225" lobby="0"/><UN n0="%4B%2E%32%2E%4B%2E" n1="%E5%8D%A0%E3%81%84%E5%B8%AB%E8%A3%8F%E3%81%AA%E3%81%84%E3%81%97" n2="%E3%82%BC%E3%83%AB%E3%83%80%E3%81%AE%E4%BC%9D%E8%AA%AC" n3="%E3%81%BF%E3%81%BF%E3%81%9A" dan="16,17,17,18" rate="2134.58,2207.26,2239.16,2255.66" sx="M,M,M,M"/><TAIKYOKU oya="0"/><INIT seed="0,0,0,1,2,110" ten="250,250,250,250" oya="0" hai0="9,38,2,125,104,90,120,131,19,84,130,101,57" hai1="106,76,134,54,69,122,126,0,87,79,124,116,77" hai2="107,11,102,52,47,88,92,80,75,44,34,128,111" hai3="45,51,25,118,78,83,89,7,100,18,66,63,29"/><T48/><D38/><U30/><E0/><V1/><F34/><W74/><G118/><T24/><D120/><U68/><E116/><V12/><F111/><W82/><G7/><T129/><D125/><N who="1" m="48235" /><E122/><V119/><F119/><W70/><G18/><T127/><D127/><U108/><E108/><V42/><F1/><W4/><G4/><T85/><D2/><U6/><E6/><V8/><F128/><W28/><G28/><T27/><D101/><U49/><E106/><V58/><F107/><W91/><G100/><T96/><D104/><U14/><E14/><V53/><F75/><W86/><G83/><T98/><D84/><U26/><E87/><N who="2" m="50279" /><F42/><W135/><G135/><T73/><D73/><U109/><E134/><V132/><F132/><W13/><G13/><N who="0" m="7599" /><D98/><U33/><E109/><V133/><F133/><W121/><G121/><T71/><D71/><U113/><E113/><V103/><F103/><W23/><REACH who="3" step="1"/><G74/><REACH who="3" ten="250,250,250,240" step="2"/><T20/><D131/><U117/><E117/><V123/><F123/><W41/><AGARI ba="0,1" hai="23,25,29,41,45,51,63,66,70,78,82,86,89,91" machi="41" ten="20,5200,0" yaku="1,1,2,1,0,1,7,1,53,0" doraHai="110" doraHaiUra="114" who="3" fromWho="3" sc="250,-26,250,-13,250,-13,240,62" /><INIT seed="1,0,0,5,2,12" ten="224,237,237,302" oya="1" hai0="73,92,63,52,33,101,115,31,106,117,69,93,96" hai1="49,132,80,47,30,82,91,54,29,9,88,14,1" hai2="60,64,41,67,42,103,19,24,129,35,57,26,95" hai3="37,70,46,108,71,2,50,27,56,15,90,55,39"/><U122/><E122/><V107/><F129/><W58/><G2/><T131/><D73/><U72/><E1/><V102/><F107/><W23/><G108/><T110/><D115/><U44/><E132/><V40/><F35/><W135/><G135/><T120/><D120/><U59/><E72/><V94/><F67/><W43/><G37/><T84/><D117/><U123/><E123/><V97/><REACH who="2" step="1"/><F19/><REACH who="2" ten="224,237,227,302" step="2"/><W21/><G71/><T126/><D131/><U75/><E29/><V20/><F20/><W6/><G70/><T22/><D33/><U76/><E30/><V89/><F89/><W105/><G105/><T118/><D106/><U128/><E128/><V65/><F65/><W99/><G23/><T116/><D69/><U13/><E91/><V62/><F62/><W25/><G90/><T98/><D22/><U78/><E78/><V51/><F51/><W5/><G21/><T133/><D31/><U121/><E121/><V34/><F34/><W79/><G50/><T100/><D133/><U8/><E88/><V124/><F124/><W3/><G79/><T7/><D126/><U81/><E76/><V66/><F66/><W77/><G77/><T114/><D63/><U112/><E75/><V74/><F74/><W87/><G39/><T109/><D109/><U111/><E111/><V17/><F17/><W11/><G87/><T36/><D36/><U4/><E112/><V86/><F86/><W32/><G32/><T48/><D114/><U113/><E113/><V85/><F85/><W61/><G61/><T125/><D125/><U38/><E38/><V83/><F83/><RYUUKYOKU ba="0,1" sc="224,-15,237,15,227,15,302,-15" hai1="4,8,9,13,14,44,47,49,54,59,80,81,82" hai2="24,26,40,41,42,57,60,64,94,95,97,102,103" /><INIT seed="1,1,1,3,5,119" ten="209,252,242,287" oya="1" hai0="104,108,22,6,83,106,100,37,25,11,40,93,66" hai1="18,19,129,57,43,60,114,10,62,84,101,123,14" hai2="70,126,50,120,122,12,113,128,46,103,58,133,79" hai3="107,64,47,76,82,23,48,77,5,4,26,102,45"/><U88/><E114/><V55/><F103/><W51/><G64/><T72/><D66/><U41/><E123/><N who="2" m="47147" /><F79/><W9/><G107/><T2/><D108/><U63/><E129/><V32/><F32/><W7/><G102/><T99/><D22/><U16/><E101/><V109/><F12/><W116/><G116/><T87/><D25/><U124/><E124/><V20/><F20/><W69/><G69/><T31/><D31/><U3/><E57/><V98/><F98/><W90/><G90/><T81/><D81/><N who="1" m="49167" /><E3/><V130/><F126/><W71/><G71/><T34/><D87/><U115/><E115/><V112/><F70/><W59/><G9/><T15/><D15/><U28/><E28/><V29/><F29/><W105/><G105/><T94/><D34/><U132/><E132/><V1/><F1/><W96/><G96/><T91/><D91/><U135/><E135/><V134/><F109/><W30/><G59/><T80/><D80/><U121/><E121/><V54/><F134/><W39/><G39/><T78/><REACH who="0" step="1"/><D104/><REACH who="0" ten="199,252,242,287" step="2"/><U36/><E36/><V117/><F133/><W86/><G77/><T67/><D67/><U92/><E92/><V73/><F117/><W13/><G13/><T44/><AGARI ba="1,2" hai="2,6,11,37,40,44,72,78,83,93,94,99,100,106" machi="44" ten="30,8000,1" yaku="1,1,0,1,25,2,53,1" doraHai="119" doraHaiUra="74" who="0" fromWho="0" sc="199,103,252,-41,242,-21,287,-21" /><INIT seed="2,0,0,0,4,131" ten="302,211,221,266" oya="2" hai0="27,109,117,62,38,42,119,74,72,78,63,111,127" hai1="29,87,24,71,25,2,105,11,113,7,22,106,124" hai2="6,66,97,40,120,98,43,4,84,115,75,100,114" hai3="135,112,76,68,67,8,130,54,110,82,79,134,31"/><V23/><F75/><N who="0" m="28714" /><D127/><U60/><E113/><V58/><F120/><W129/><G112/><T35/><D78/><U46/><E124/><V102/><F23/><W118/><G118/><N who="0" m="45067" /><D42/><U107/><E87/><V69/><F84/><W57/><G31/><N who="0" m="19967" /><D38/><U10/><E10/><V116/><F116/><W45/><G45/><T49/><D49/><U96/><E46/><V21/><F58/><W50/><G8/><T14/><D14/><U133/><E24/><V19/><F21/><W81/><G110/><AGARI ba="0,0" hai="62,63,109,110,111" m="19967,45067,28714" machi="110" ten="40,2600,0" yaku="14,1,12,1" doraHai="131" who="0" fromWho="3" sc="302,26,211,0,221,0,266,-26" /><INIT seed="3,0,0,0,0,107" ten="328,211,221,240" oya="3" hai0="62,132,91,19,51,85,78,102,122,47,63,65,77" hai1="95,116,84,0,1,29,54,97,117,45,42,34,5" hai2="68,103,125,104,17,44,72,82,100,126,131,38,23" hai3="108,73,76,106,11,49,88,37,61,20,69,75,4"/><W16/><G37/><T66/><D122/><U41/><E29/><V9/><F68/><W57/><G106/><T71/><D102/><N who="1" m="60735" /><E34/><V36/><F131/><W13/><G76/><T81/><D19/><U115/><E115/><V39/><F9/><W119/><G119/><N who="1" m="45642" /><E5/><V134/><F44/><W101/><G101/><N who="2" m="38985" /><F104/><W133/><G133/><T87/><D87/><U80/><E54/><V113/><F134/><W2/><G108/><T56/><D132/><U55/><E55/><AGARI ba="0,0" hai="47,51,55,56,62,63,65,66,71,77,78,81,85,91" machi="55" ten="30,1000,0" yaku="7,1" doraHai="107" who="0" fromWho="1" sc="328,10,211,-10,221,0,240,0" owari="338,43.8,201,-29.9,221,-17.9,240,4.0" /></mjloggm>