<mjloggm ver="2.3"><GO type="225" lobby="0"/><UN n0="%E3%81%8B%E3%82%8F%E3%81%A1%E3%82%83%E3%82%93%35%38" n1="%E4%BF%BA%E3%81%A8%E5%A6%96%E5%A4%A2" n2="%E3%82%BC%E3%83%AB%E3%83%80%E3%81%AE%E4%BC%9D%E8%AA%AC" n3="%4C%4F%4C%49%54%41" dan="16,16,17,16" rate="2154.24,2138.24,2149.45,2173.49" sx="M,F,M,F"/><TAIKYOKU oya="0"/><INIT seed="0,0,0,5,2,134" ten="250,250,250,250" oya="0" hai0="15,54,117,55,53,110,31,30,20,82,27,131,35" hai1="75,7,86,16,135,126,95,8,17,36,23,98,87" hai2="18,33,44,67,65,52,38,111,43,57,40,34,83" hai3="119,19,51,60,121,130,102,68,92,39,99,26,93"/><T112/><D112/><U106/><E75/><V132/><F132/><W14/><G39/><T66/><D117/><U2/><E135/><V48/><F111/><W72/><G119/><T58/><D131/><U76/><E106/><V115/><F115/><W64/><G72/><T89/><D110/><U56/><E36/><V123/><F123/><W81/><G130/><T63/><D35/><U127/><E56/><V49/><F83/><W114/><G114/><T79/><D15/><U11/><E11/><V116/><F116/><W62/><G121/><T6/><D6/><U109/><E109/><V50/><F18/><W22/><G81/><T118/><D118/><U41/><E41/><N who="2" m="22583" /><F33/><W45/><G62/><T85/><REACH who="0" step="1"/><D31/><REACH who="0" ten="240,250,250,250" step="2"/><U107/><E17/><V61/><F34/><W77/><G14/><T133/><D133/><U28/><E28/><V5/><F5/><W0/><G0/><T108/><D108/><U120/><E120/><V25/><F25/><W73/><G26/><T80/><D80/><U128/><E128/><V12/><F12/><W29/><G29/><T9/><D9/><U125/><E76/><AGARI ba="0,1" hai="20,27,30,53,54,55,58,63,66,76,79,82,85,89" machi="76" ten="40,3900,0" yaku="1,1,8,1,53,0" doraHai="134" doraHaiUra="70" who="0" fromWho="1" sc="240,49,250,-39,250,0,250,0" /><INIT seed="0,1,0,1,0,122" ten="289,211,250,250" oya="0" hai0="58,86,14,127,113,29,37,95,69,54,107,3,111" hai1="123,17,22,73,18,41,66,80,134,13,31,49,6" hai2="0,135,106,4,68,24,88,57,71,42,56,26,92" hai3="46,131,61,33,109,90,100,117,62,35,79,76,9"/><T99/><D113/><U39/><E123/><V110/><F106/><W30/><G117/><T67/><D3/><U121/><E121/><V8/><F135/><W103/><G90/><T10/><D37/><U23/><E134/><V75/><F75/><W40/><G131/><T53/><D107/><U81/><E39/><V84/><F110/><W114/><G114/><T51/><D69/><U7/><E31/><V25/><REACH who="2" step="1"/><F42/><REACH who="2" ten="289,211,240,250" step="2"/><W27/><G109/><T98/><D111/><U48/><E73/><V34/><F34/><W104/><G35/><T102/><D127/><U97/><E41/><V16/><F16/><W12/><G104/><T118/><D118/><U74/><E74/><V50/><F50/><W38/><G62/><T108/><D108/><U19/><E18/><V133/><F133/><W128/><G61/><T116/><D116/><U89/><E49/><V130/><F130/><W15/><G128/><T43/><D43/><U72/><E48/><V47/><F47/><W120/><G120/><T20/><D51/><U129/><E129/><V11/><F11/><W91/><G46/><T2/><D10/><U77/><E19/><V93/><F93/><W82/><G40/><T52/><D95/><N who="1" m="56559" /><E23/><V124/><F124/><W21/><G33/><T119/><D20/><U63/><E81/><V87/><F87/><N who="3" m="50679" /><G38/><T132/><D119/><U115/><E115/><V65/><F65/><W105/><G9/><T101/><D132/><U83/><E83/><V59/><AGARI ba="1,1" hai="0,4,8,24,25,26,56,57,59,68,71,84,88,92" machi="59" ten="30,4000,0" yaku="1,1,0,1,54,1,53,0" doraHai="122" doraHaiUra="36" who="2" fromWho="2" sc="289,-21,211,-11,240,53,250,-11" /><INIT seed="1,0,0,2,2,99" ten="268,200,293,239" oya="1" hai0="116,11,48,103,57,78,35,131,90,25,96,50,49" hai1="6,69,59,29,31,46,110,117,63,84,128,45,72" hai2="77,111,58,16,74,44,102,94,32,56,93,17,13" hai3="23,132,5,104,62,107,134,60,0,4,121,119,66"/><U65/><E117/><V67/><F32/><W15/><G121/><T30/><D116/><U51/><E72/><V89/><F111/><W91/><G119/><T81/><D131/><U130/><E110/><V28/><F28/><W21/><G91/><T118/><D118/><U82/><E6/><V54/><F74/><W88/><G15/><T109/><D109/><U120/><E120/><V52/><F77/><W127/><G66/><T27/><D27/><U39/><E45/><V41/><F102/><W76/><G76/><T68/><D68/><U126/><E126/><V108/><F108/><W92/><G92/><T71/><D71/><U83/><E83/><V10/><F17/><W34/><G34/><T61/><D11/><U124/><E124/><V75/><F75/><W80/><G127/><T86/><D78/><U9/><E9/><V135/><F135/><W2/><REACH who="3" step="1"/><G88/><REACH who="3" ten="268,200,293,229" step="2"/><T36/><D90/><N who="1" m="51479" /><E130/><V105/><F105/><W113/><G113/><T100/><D81/><AGARI ba="0,1" hai="0,2,4,5,21,23,60,62,80,81,104,107,132,134" machi="81" ten="25,3200,0" yaku="1,1,22,2,53,0" doraHai="99" doraHaiUra="115" who="3" fromWho="0" sc="268,-32,200,0,293,0,229,42" /><INIT seed="2,0,0,0,5,38" ten="236,200,293,271" oya="2" hai0="44,116,13,36,109,97,33,120,9,114,35,21,102" hai1="89,126,76,57,118,6,67,2,108,94,71,41,24" hai2="79,61,15,25,66,39,69,111,65,51,91,87,8" hai3="58,60,63,83,1,121,86,56,132,14,103,78,125"/><V128/><F39/><W31/><G1/><T55/><D114/><U40/><E118/><V7/><F128/><W115/><G121/><T32/><D120/><U42/><E71/><V77/><F111/><W74/><G132/><T73/><D73/><U70/><E108/><V5/><F65/><W27/><G125/><T130/><D109/><U28/><E70/><V112/><F112/><W75/><G115/><T134/><D130/><U19/><E126/><V54/><F25/><W104/><G14/><T133/><D21/><U47/><E76/><V123/><F7/><W20/><G104/><T45/><D116/><U113/><E113/><V117/><F117/><W105/><G105/><T34/><N who="0" m="8192" /><DORA hai="17" /><T100/><D55/><U127/><E28/><V124/><F124/><W18/><G103/><T93/><D100/><U122/><E122/><V52/><F54/><N who="3" m="33815" /><G75/><T26/><D26/><U129/><E129/><V110/><F123/><W53/><G74/><T82/><D82/><U22/><E127/><V68/><F68/><W12/><G12/><T106/><D106/><U59/><E47/><V90/><F90/><W50/><G63/><T0/><D0/><U64/><E6/><V3/><F3/><W98/><G98/><T131/><D131/><U46/><E46/><N who="0" m="18025" /><D36/><U101/><E101/><V29/><F29/><AGARI ba="0,0" hai="18,20,27,29,31,50,53,58,78,83,86" m="33815" machi="29" ten="30,2000,0" yaku="8,1,52,1" doraHai="38,17" who="3" fromWho="2" sc="236,0,200,0,293,-20,271,20" /><INIT seed="3,0,0,2,2,74" ten="236,200,273,291" oya="3" hai0="63,13,20,5,47,69,80,120,29,133,56,82,118" hai1="35,68,77,57,60,95,18,12,51,17,78,25,131" hai2="40,124,113,41,129,101,116,32,11,128,55,73,126" hai3="54,46,72,38,96,37,21,24,62,97,85,98,83"/><W34/><G34/><T58/><D118/><U132/><E68/><V2/><F101/><W134/><G72/><T49/><D120/><U4/><E131/><N who="2" m="50251" /><F32/><W31/><G134/><T92/><D69/><U8/><E132/><V102/><F102/><W122/><G122/><T22/><D133/><U103/><E35/><V7/><F116/><W104/><G104/><T125/><D125/><N who="2" m="48234" /><F113/><W87/><G87/><T27/><D92/><U76/><E25/><V105/><F105/><W43/><G62/><T100/><D100/><U130/><E130/><V71/><F71/><W106/><G54/><T86/><D63/><U114/><E114/><V99/><F99/><W59/><G59/><T44/><D82/><U28/><E28/><V66/><F66/><W121/><G121/><T65/><D65/><N who="1" m="39055" /><E51/><V88/><F55/><W30/><G106/><T108/><D47/><U112/><E112/><V107/><F107/><W1/><G1/><T0/><D0/><U117/><E117/><V70/><F70/><W3/><G3/><T115/><D115/><U6/><E6/><V42/><F73/><W110/><G38/><T26/><D5/><U135/><E135/><V53/><F53/><W111/><G31/><N who="0" m="17863" /><D13/><U90/><E103/><V19/><F19/><W79/><AGARI ba="0,0" hai="21,24,30,37,43,46,79,83,85,96,97,98,110,111" machi="79" ten="30,3000,0" yaku="0,1,52,1" doraHai="74" who="3" fromWho="3" sc="236,-10,200,-10,273,-10,291,30" owari="226,-17.4,190,-31.0,263,6.3,321,42.1" /></mjloggm>