<mjloggm ver="2.3"><GO type="225" lobby="0"/><UN n0="%E7%99%BD%E6%97%A5%E9%9B%AA%E8%8F%9C" n1="%E3%81%82%E3%81%99%E3%81%AB%E3%82%83%E3%82%80" n2="%E3%81%95%E3%81%8D%E3%81%9F%E3%81%BE%E6%9E%97%E6%AA%8E" n3="%E3%82%A2%E3%83%A1%E3%82%A2%E3%83%A9%E3%83%AC" dan="17,16,16,16" rate="2177.94,2141.68,2033.66,2149.61" sx="M,F,M,M"/><TAIKYOKU oya="0"/><INIT seed="0,0,0,4,2,1" ten="250,250,250,250" oya="0" hai0="24,89,6,65,53,42,32,48,46,107,40,7,109" hai1="73,70,83,135,50,110,47,69,26,27,29,87,118" hai2="41,43,10,67,94,128,133,0,37,49,35,98,85" hai3="131,101,63,88,95,93,31,125,18,30,51,36,56"/><T81/><D107/><U16/><E118/><V21/><F35/><W55/><G36/><T124/><D124/><U22/><E73/><V2/><F37/><W4/><G131/><T76/><D65/><U122/><E110/><V17/><F128/><W60/><G125/><T79/><D109/><U12/><E135/><V8/><F133/><W61/><G4/><N who="0" m="1579" /><D32/><U134/><E122/><V119/><F119/><W78/><G78/><N who="0" m="29739" /><D24/><U92/><E27/><V57/><F0/><W72/><G72/><T34/><D34/><U20/><E134/><V111/><F111/><W38/><G38/><T54/><D54/><U121/><E121/><V5/><F67/><W127/><G127/><T3/><D3/><U64/><E64/><V132/><F132/><W100/><G18/><T52/><D53/><U68/><E68/><V66/><F5/><W104/><G104/><T74/><D74/><U84/><E70/><V116/><F116/><W14/><G14/><T11/><D11/><U59/><E69/><V82/><F2/><W71/><G71/><T45/><D45/><U19/><E47/><V117/><F117/><W44/><G44/><T75/><D75/><U80/><E22/><V33/><F33/><W15/><G15/><T96/><D96/><U123/><E12/><N who="2" m="9383" /><F10/><W97/><G31/><T23/><D23/><U108/><E20/><V91/><F8/><W105/><G30/><T130/><D130/><U120/><E29/><V39/><F39/><W13/><G105/><T115/><D115/><U28/><E108/><V25/><F25/><W114/><G114/><T112/><D112/><RYUUKYOKU ba="0,0" sc="250,30,250,-10,250,-10,250,-10" hai0="40,42,46,48,52,81,89" /><INIT seed="0,1,0,5,4,95" ten="280,240,240,240" oya="0" hai0="131,92,132,35,76,49,108,46,74,11,69,114,53" hai1="38,100,115,99,121,33,51,83,113,60,123,15,70" hai2="117,104,120,21,67,75,129,55,3,6,91,7,109" hai3="63,32,134,130,88,58,105,9,78,17,39,66,20"/><T19/><D114/><N who="1" m="43531" /><E38/><V97/><F120/><W101/><G32/><T47/><D69/><U82/><E33/><V12/><F109/><W89/><G39/><T5/><D35/><U27/><E27/><V42/><F75/><W18/><G134/><T126/><D132/><U50/><E15/><V64/><F3/><W122/><G130/><T94/><D131/><U112/><E112/><V56/><F129/><W37/><G37/><T79/><D126/><U8/><E8/><V87/><F42/><W110/><G110/><T54/><D74/><U103/><E103/><V84/><F117/><W118/><G118/><T22/><D108/><U81/><E51/><V29/><F29/><W45/><G9/><T25/><D47/><U133/><E133/><V28/><F28/><W111/><G45/><T13/><REACH who="0" step="1"/><D54/><REACH who="0" ten="270,240,240,240" step="2"/><U106/><E50/><V127/><F55/><W85/><G111/><T116/><D116/><U62/><E62/><V16/><F127/><W77/><G63/><T80/><D80/><U98/><E60/><V44/><F44/><W43/><G43/><T26/><D26/><U124/><E70/><V40/><F40/><W86/><G122/><N who="1" m="46602" /><E124/><V24/><F24/><W48/><G48/><T96/><D96/><AGARI ba="1,1" hai="81,82,83,96,98,99,100,106" m="46602,43531" machi="96" ten="40,12000,2" yaku="11,1,34,2,52,3" doraHai="95" who="1" fromWho="0" sc="270,-123,240,133,240,0,240,0" /><INIT seed="1,0,0,2,2,44" ten="147,373,240,240" oya="1" hai0="119,58,113,85,32,133,115,57,123,3,84,9,46" hai1="129,14,50,21,7,52,0,81,2,17,95,114,76" hai2="20,66,109,19,99,35,96,74,8,5,98,91,73" hai3="65,88,13,71,53,15,92,75,27,100,23,79,6"/><U90/><E114/><V97/><F35/><W1/><G100/><T60/><D119/><U26/><E129/><V51/><F109/><W128/><G128/><T18/><D32/><U82/><E2/><V78/><F66/><W112/><G112/><T55/><D133/><U49/><E0/><V116/><F116/><W108/><G108/><T104/><D104/><U39/><E39/><V134/><F134/><W126/><G126/><T89/><D123/><U131/><E131/><V31/><F31/><W48/><G65/><T22/><D85/><N who="1" m="52687" /><E76/><V101/><F101/><W94/><G94/><T125/><D125/><U106/><E106/><V111/><F111/><W12/><G71/><T124/><D124/><U54/><E7/><V121/><F121/><W34/><G34/><T80/><D58/><N who="1" m="33103" /><E14/><V38/><F38/><W25/><G79/><T59/><D59/><AGARI ba="0,0" hai="17,21,26,50,52,59,81,82" m="33103,52687" machi="59" ten="30,11600,0" yaku="8,1,52,2,54,1" doraHai="44" who="1" fromWho="0" sc="147,-116,373,116,240,0,240,0" /><INIT seed="1,1,0,0,5,45" ten="31,489,240,240" oya="1" hai0="16,124,112,49,22,4,69,67,19,74,130,61,7" hai1="84,63,30,25,131,2,48,108,134,40,111,80,56" hai2="65,93,115,59,79,43,121,41,11,21,117,99,81" hai3="97,60,20,42,101,98,70,5,12,18,86,47,55"/><U39/><E2/><V52/><F117/><W90/><G5/><T31/><D74/><U135/><E131/><V104/><F121/><W26/><G26/><T66/><D112/><U85/><E39/><V78/><F104/><W132/><G132/><N who="1" m="50730" /><E40/><V83/><F115/><W68/><G68/><T73/><D73/><U37/><E37/><V133/><F133/><W35/><G35/><T6/><D130/><U105/><E105/><V122/><F122/><W28/><G28/><T54/><D124/><U50/><E85/><V8/><F65/><W29/><G29/><T77/><D77/><N who="2" m="29194" /><F21/><W106/><G97/><T103/><D103/><U94/><E94/><V46/><F46/><W23/><G23/><T24/><REACH who="0" step="1"/><D67/><REACH who="0" ten="21,489,240,240" step="2"/><N who="1" m="39399" /><E111/><V95/><F95/><W88/><G101/><T75/><D75/><U128/><E108/><V76/><F76/><W14/><G106/><T118/><D118/><U114/><E114/><V92/><F92/><W32/><G98/><T127/><D127/><U13/><E128/><V72/><F72/><W62/><G86/><T71/><D71/><U126/><E126/><V116/><F116/><W1/><G70/><T113/><D113/><U33/><E13/><V0/><F93/><W100/><G12/><T34/><D34/><U51/><E84/><V87/><F87/><W89/><G32/><T123/><D123/><U38/><E80/><V44/><F83/><W109/><G109/><T17/><D17/><U107/><E107/><V91/><F81/><W64/><G18/><T110/><D110/><U3/><E3/><V96/><F96/><W120/><G1/><RYUUKYOKU ba="1,1" sc="21,15,489,15,240,-15,240,-15" hai0="4,6,7,16,19,22,24,31,49,54,61,66,69" hai1="25,30,33,38,48,50,51" /><INIT seed="1,2,1,5,0,22" ten="36,504,225,225" oya="1" hai0="71,0,114,74,13,48,38,27,113,127,6,121,119" hai1="95,131,117,88,53,70,2,112,49,100,51,25,57" hai2="135,115,109,1,86,41,108,26,36,107,72,18,47" hai3="30,126,16,15,17,87,62,37,122,40,46,21,64"/><U55/><E112/><V43/><F135/><W84/><G122/><T129/><D48/><U130/><E2/><V79/><F115/><W31/><G126/><T35/><D13/><U23/><E70/><V118/><F118/><W69/><G84/><T24/><D6/><U73/><E73/><V133/><F107/><W106/><G106/><T93/><D93/><U103/><E117/><V105/><F105/><W90/><REACH who="3" step="1"/><G17/><REACH who="3" ten="36,504,225,215" step="2"/><T45/><D127/><U97/><E130/><V3/><F86/><W68/><G68/><T132/><D129/><U92/><E131/><V111/><F133/><W59/><G59/><T85/><D132/><U7/><E95/><AGARI ba="2,2" hai="15,16,21,30,31,37,40,46,62,64,69,87,90,95" machi="95" ten="30,7700,0" yaku="1,1,7,1,54,1,53,1" doraHai="22" doraHaiUra="9" who="3" fromWho="1" sc="36,0,504,-83,225,0,215,103" /><INIT seed="2,0,0,2,1,111" ten="36,421,225,318" oya="2" hai0="78,123,104,33,7,4,125,109,95,55,54,23,64" hai1="102,37,1,127,0,117,91,50,20,114,52,3,56" hai2="75,86,76,49,112,82,93,130,89,59,25,10,70" hai3="53,115,116,128,98,68,44,133,69,5,14,77,108"/><V26/><F70/><W71/><G108/><T15/><D104/><U36/><E114/><V84/><F130/><W80/><G116/><T39/><D109/><U51/><E117/><V31/><F112/><W110/><G110/><T65/><D33/><U34/><E34/><V100/><F100/><W126/><G128/><T85/><D123/><U21/><E127/><V74/><F10/><W97/><G126/><T118/><D125/><U6/><E6/><V48/><F26/><W46/><G133/><T67/><D39/><U131/><E102/><V107/><F107/><W60/><G60/><T11/><D118/><U12/><E131/><V72/><REACH who="2" step="1"/><F59/><REACH who="2" ten="36,421,215,318" step="2"/><W41/><G69/><T132/><D132/><U24/><E56/><V19/><F19/><W81/><G115/><T135/><D135/><U73/><E24/><V124/><F124/><W88/><G71/><T119/><D119/><U29/><E0/><V79/><F79/><W22/><G77/><T58/><D4/><U129/><E1/><V63/><F63/><W47/><G68/><T120/><D120/><U8/><E3/><V103/><F103/><W106/><G106/><T113/><D113/><U83/><E8/><V87/><F87/><W94/><G5/><T62/><D23/><AGARI ba="0,1" hai="23,25,31,48,49,72,74,75,76,82,84,86,89,93" machi="23" ten="40,2000,0" yaku="1,1,53,0" doraHai="111" doraHaiUra="101" who="2" fromWho="0" sc="36,-20,421,0,215,30,318,0" /><INIT seed="2,1,0,3,4,53" ten="16,421,245,318" oya="2" hai0="40,76,102,73,134,17,65,116,97,56,121,52,47" hai1="61,9,23,130,120,101,7,112,67,135,113,82,16" hai2="49,84,118,18,105,89,38,92,54,85,43,22,0" hai3="124,123,59,104,114,106,129,95,51,109,24,57,11"/><V8/><F118/><W36/><G123/><T41/><D121/><U20/><E120/><V71/><F105/><W127/><G36/><T87/><D134/><U133/><E130/><V99/><F71/><W115/><G129/><T29/><D116/><U88/><E101/><V32/><F32/><W1/><G109/><T15/><D73/><U132/><E82/><V98/><F38/><W37/><G37/><T14/><D29/><U58/><E88/><N who="2" m="53255" /><F0/><W75/><G75/><T44/><D65/><U74/><E74/><V70/><F70/><W79/><G79/><T26/><D26/><N who="1" m="14599" /><E23/><V30/><F30/><W78/><G78/><T50/><D76/><U4/><E4/><V91/><F8/><W48/><G24/><T100/><D87/><U83/><E83/><N who="2" m="49343" /><F91/><W46/><G95/><T42/><D100/><U60/><E60/><V94/><F94/><W126/><G11/><T55/><D17/><U63/><E63/><V117/><F117/><W35/><G1/><AGARI ba="1,0" hai="1,7,9,58,61,67,112,113,132,133,135" m="14599" machi="1" ten="30,3900,0" yaku="20,1,52,1,54,1" doraHai="53" who="1" fromWho="3" sc="16,0,421,42,245,0,318,-42" /><INIT seed="3,0,0,5,2,20" ten="16,463,245,276" oya="3" hai0="127,81,32,133,105,82,26,1,70,89,130,27,108" hai1="111,80,33,93,100,68,88,106,37,24,118,66,128" hai2="131,7,65,121,17,97,102,52,50,125,0,129,107" hai3="4,74,101,117,16,115,116,30,114,44,14,76,34"/><W91/><G101/><T104/><D89/><U57/><E111/><V87/><F125/><W112/><G91/><T42/><D42/><U18/><E18/><V8/><F65/><W46/><G76/><T69/><D32/><U83/><E57/><V64/><F64/><W67/><G74/><T135/><D1/><U15/><E15/><V29/><F121/><W124/><G67/><T60/><D60/><N who="1" m="40007" /><E128/><V95/><F17/><W134/><G134/><T99/><D99/><N who="1" m="61727" /><E37/><V43/><F43/><W49/><G4/><T85/><D85/><N who="1" m="52367" /><E118/><V53/><F29/><AGARI ba="0,0" hai="24,29,33,80,83" m="52367,61727,40007" machi="29" ten="30,3900,0" yaku="25,1,52,1,54,1" doraHai="20" who="1" fromWho="2" sc="16,0,463,39,245,-39,276,0" owari="16,-48.4,502,60.2,206,-19.4,276,7.6" /></mjloggm>