<mjloggm ver="2.3"><GO type="225" lobby="0"/><UN n0="%E5%8D%A0%E3%81%84%E5%B8%AB%E8%A3%8F%E3%81%AA%E3%81%84%E3%81%97" n1="%E6%B4%BE%E9%81%A3%E3%81%AE%E3%82%B8%E3%83%A3%E3%83%83%E3%82%AF" n2="%E3%81%B5%E3%81%98%E3%81%8B%E3%81%A4" n3="%E3%83%81%E3%83%AF%E3%83%AF%E9%9A%8A%E9%95%B7" dan="17,17,16,16" rate="2159.04,2231.18,2179.22,2170.72" sx="M,M,M,M"/><TAIKYOKU oya="0"/><INIT seed="0,0,0,0,3,7" ten="250,250,250,250" oya="0" hai0="108,64,23,4,9,14,26,21,117,106,28,54,70" hai1="30,83,120,44,38,51,75,29,78,19,16,57,97" hai2="119,123,115,126,113,42,15,45,87,40,68,127,43" hai3="10,100,135,36,96,99,73,92,80,5,66,41,103"/><T63/><D117/><U53/><E120/><V124/><F87/><W27/><G135/><T31/><D106/><U111/><E111/><V130/><F15/><W25/><G66/><T102/><D102/><U46/><E97/><V82/><F82/><W105/><G36/><T114/><D108/><U98/><E98/><V65/><F123/><W18/><G41/><N who="2" m="15977" /><F119/><W55/><G18/><T118/><D118/><U62/><E38/><N who="2" m="21751" /><F130/><W90/><G55/><T12/><D54/><U34/><E34/><V17/><F17/><W56/><G56/><T0/><REACH who="0" step="1"/><D114/><REACH who="0" ten="240,250,250,250" step="2"/><N who="2" m="43530" /><F65/><W88/><G100/><T122/><D122/><U39/><E39/><V24/><F24/><AGARI ba="0,1" hai="0,4,9,12,14,21,23,24,26,28,31,63,64,70" machi="24" ten="40,12000,1" yaku="1,1,9,1,52,1,53,1" doraHai="7" doraHaiUra="61" who="0" fromWho="2" sc="240,130,250,0,250,-120,250,0" /><INIT seed="0,1,0,5,0,96" ten="370,250,130,250" oya="0" hai0="23,20,90,105,122,88,76,101,108,91,133,18,5" hai1="79,51,62,132,75,89,134,42,45,59,83,22,65" hai2="64,29,98,38,103,116,32,110,130,39,3,11,43" hai3="118,104,52,97,27,48,99,35,21,66,68,25,7"/><T9/><D122/><U30/><REACH who="1" step="1"/><E89/><REACH who="1" ten="370,240,130,250" step="2"/><V81/><F110/><W111/><G111/><T129/><D108/><U16/><E16/><V14/><F116/><W2/><G118/><T113/><D18/><U93/><E93/><V131/><F81/><W78/><G104/><T40/><D90/><U117/><E117/><V92/><F64/><W57/><G66/><T28/><D88/><U15/><E15/><V86/><F3/><W115/><G2/><T54/><D91/><U77/><E77/><V31/><F86/><W13/><G78/><T34/><D76/><U87/><E87/><V112/><F112/><W85/><G85/><T19/><D113/><U6/><E6/><N who="2" m="3447" /><F32/><W135/><G115/><T37/><D34/><U4/><E4/><V72/><F72/><W82/><G35/><T50/><D5/><U67/><E67/><V107/><F92/><W58/><G7/><T74/><D105/><U106/><E106/><V36/><F43/><W41/><G41/><T0/><D40/><U60/><E60/><V124/><F124/><W12/><G82/><T84/><D74/><U123/><E123/><V100/><F100/><W125/><G125/><T127/><D101/><U119/><E119/><V8/><F8/><W33/><G33/><T70/><D127/><U126/><E126/><V71/><F71/><W10/><G68/><T26/><D70/><U94/><E94/><V114/><F114/><W120/><G120/><T80/><D84/><U17/><E17/><V109/><F109/><W121/><G121/><T55/><D80/><U56/><E56/><V47/><F47/><RYUUKYOKU ba="1,1" sc="370,-15,240,15,130,15,250,-15" hai1="22,30,42,45,51,59,62,65,75,79,83,132,134" hai2="29,31,36,38,39,98,103,107,130,131" /><INIT seed="1,2,1,4,3,104" ten="355,255,145,235" oya="1" hai0="39,79,7,2,122,54,47,30,65,89,12,36,49" hai1="125,5,46,135,100,76,134,81,105,74,14,119,83" hai2="78,97,45,48,118,128,88,95,55,8,108,0,102" hai3="20,86,35,75,72,44,73,107,60,113,115,98,50"/><U96/><E119/><V25/><F118/><W26/><G35/><T15/><D2/><U101/><E125/><V28/><F108/><W41/><G86/><T31/><D122/><U92/><E46/><V120/><F120/><W21/><G60/><T27/><D79/><N who="1" m="44279" /><E14/><V6/><F128/><W82/><G82/><T127/><D30/><U123/><E5/><V110/><F78/><W94/><G107/><T57/><D127/><U131/><E131/><V129/><F129/><W116/><G20/><T51/><D12/><U19/><E123/><V103/><REACH who="2" step="1"/><F110/><REACH who="2" ten="355,255,135,235" step="2"/><W38/><G116/><T84/><D39/><U1/><E134/><V67/><F67/><W32/><G38/><T112/><D36/><U106/><E135/><V68/><F68/><W91/><REACH who="3" step="1"/><G32/><AGARI ba="2,2" hai="0,6,8,25,28,32,45,48,55,88,95,97,102,103" machi="32" ten="30,3900,0" yaku="1,1,7,1,54,1,53,0" doraHai="104" doraHaiUra="80" who="2" fromWho="3" sc="355,0,255,0,135,65,235,-45" /><INIT seed="2,0,0,5,0,33" ten="355,255,200,190" oya="2" hai0="112,73,26,109,90,129,68,100,18,111,12,9,99" hai1="122,48,72,35,126,93,97,121,40,115,117,83,107" hai2="11,14,86,82,45,8,125,34,70,79,69,77,80" hai3="132,105,5,31,103,110,53,4,135,50,66,67,49"/><V22/><F34/><W130/><G130/><T7/><D112/><U54/><E35/><V60/><F125/><W41/><G110/><N who="0" m="41995" /><D129/><U65/><E115/><V76/><F45/><N who="3" m="25775" /><G31/><T6/><D73/><U123/><E65/><N who="3" m="24586" /><G105/><N who="0" m="63647" /><D68/><U38/><E117/><V113/><F70/><W128/><G103/><T1/><D26/><U88/><E126/><V96/><F113/><W119/><G119/><T131/><D131/><U71/><E107/><V62/><F69/><W64/><G128/><T56/><D56/><N who="1" m="32839" /><E71/><V13/><F62/><W59/><N who="3" m="24594" /><W74/><DORA hai="21" /><G74/><T15/><D6/><U63/><E63/><V30/><F60/><W20/><G20/><N who="0" m="11335" /><D90/><U84/><E72/><V19/><F77/><W46/><G59/><T104/><D104/><U42/><E38/><V27/><F76/><AGARI ba="0,0" hai="40,42,76,83,84,88,93,97,121,122,123" m="32839" machi="76" ten="30,2000,0" yaku="13,1,54,1" doraHai="33,21" who="1" fromWho="2" sc="355,0,255,20,200,-20,190,0" /><INIT seed="3,0,0,5,0,78" ten="355,275,180,190" oya="3" hai0="68,125,84,91,65,90,74,93,18,124,0,102,4" hai1="66,34,27,7,94,12,49,113,108,16,38,48,22" hai2="31,118,69,135,87,83,11,76,24,52,105,51,75" hai3="14,9,122,96,123,110,59,17,77,103,47,67,79"/><W111/><G47/><T57/><D74/><U32/><E113/><V33/><F105/><W35/><G35/><T61/><D102/><U106/><E106/><V89/><F69/><W115/><G115/><T46/><D46/><U71/><E38/><V127/><F127/><N who="0" m="48714" /><D18/><U130/><E108/><N who="3" m="41514" /><G123/><T86/><D4/><U40/><E130/><V120/><F120/><W131/><G122/><T132/><D0/><U99/><E66/><V70/><F70/><W23/><G131/><T109/><D132/><U54/><E71/><V133/><F118/><W29/><G29/><T25/><D68/><U45/><E7/><V107/><F107/><N who="3" m="63975" /><G9/><T6/><D109/><U88/><REACH who="1" step="1"/><E27/><REACH who="1" ten="355,265,180,190" step="2"/><V62/><F135/><W101/><G101/><T128/><D25/><U104/><E104/><V26/><F133/><W63/><AGARI ba="0,1" hai="14,17,23,59,63,67,77,79" m="63975,41514" machi="63" ten="30,3000,0" yaku="14,1,10,1" doraHai="78" who="3" fromWho="3" sc="355,-10,265,-10,180,-10,190,40" /><INIT seed="3,1,0,0,1,119" ten="345,255,170,230" oya="3" hai0="71,34,1,117,130,56,125,41,129,78,19,66,103" hai1="111,88,59,110,104,12,128,67,24,54,57,50,134" hai2="87,120,37,4,25,124,52,89,49,21,17,123,79" hai3="46,133,2,42,102,11,33,100,91,68,6,53,3"/><W75/><G33/><T44/><D117/><U69/><E104/><V9/><F37/><W51/><G68/><T99/><D125/><U35/><E128/><V58/><F124/><W115/><G115/><T106/><D78/><U7/><E134/><V96/><F96/><W18/><G75/><T121/><D121/><N who="2" m="46666" /><F79/><W85/><G133/><T65/><D1/><U30/><E69/><V98/><F98/><W83/><G2/><T32/><D19/><U8/><E88/><V38/><F38/><W127/><G127/><T132/><D132/><U113/><E113/><V0/><F89/><W45/><REACH who="3" step="1"/><G18/><REACH who="3" ten="345,255,170,220" step="2"/><T70/><D70/><U93/><E35/><V105/><F105/><W116/><G116/><T131/><D71/><U13/><E110/><V43/><F87/><W47/><G47/><T61/><D65/><U29/><E67/><V10/><F10/><W26/><G26/><T39/><AGARI ba="1,1" hai="32,34,39,41,44,56,61,66,99,103,106,129,130,131" machi="39" ten="30,2000,0" yaku="0,1,19,1" doraHai="119" who="0" fromWho="0" sc="345,33,255,-6,170,-6,220,-11" owari="378,47.8,249,4.9,164,-33.6,209,-19.1" /></mjloggm>