<mjloggm ver="2.3"><GO type="225" lobby="0"/><UN n0="%E5%A4%9C%E3%81%AE%E3%82%AC%E3%82%B9%E3%83%91%E3%83%BC%E3%83%AB" n1="%E3%80%93%E3%81%97%E3%83%BC%E3%82%89%E3%80%93" n2="%E5%AE%AE%E4%BF%9D%E9%B6%8F%E8%82%89" n3="%6B%79%6F%6E%6B%6F%31%31" dan="16,17,16,16" rate="2100.95,2219.79,2122.84,2141.80" sx="M,M,M,M"/><TAIKYOKU oya="0"/><INIT seed="0,0,0,4,4,4" ten="250,250,250,250" oya="0" hai0="115,69,13,84,64,94,81,53,135,7,73,124,62" hai1="60,59,103,113,37,122,19,129,106,121,68,71,91" hai2="66,16,32,74,35,87,14,22,11,15,3,50,58" hai3="63,99,20,78,52,31,108,54,0,48,17,24,132"/><T90/><D115/><U114/><E103/><V65/><F74/><W83/><G108/><T1/><D124/><U120/><E106/><V98/><F3/><W119/><G132/><T126/><D126/><U8/><E91/><V6/><F98/><W95/><G0/><T100/><D1/><U43/><E19/><V89/><F32/><W111/><G111/><T2/><D2/><U80/><E8/><V70/><F35/><W21/><G63/><T61/><D135/><U25/><E25/><V36/><F36/><W131/><G131/><T127/><D127/><U102/><E80/><V55/><F70/><N who="1" m="26665" /><E102/><V92/><AGARI ba="0,0" hai="6,11,14,15,16,22,50,55,58,65,66,87,89,92" machi="92" ten="20,12000,2" yaku="0,1,7,1,25,2,8,1,52,1,54,1" doraHai="4" who="2" fromWho="2" sc="250,-60,250,-30,250,120,250,-30" /><INIT seed="1,0,0,1,2,23" ten="190,220,370,220" oya="1" hai0="110,125,108,90,121,116,77,102,52,55,10,67,3" hai1="105,38,82,78,111,26,133,71,31,131,2,60,135" hai2="118,73,130,62,27,17,36,49,95,87,127,12,40" hai3="4,124,54,126,103,59,65,8,14,42,1,134,97"/><U109/><E38/><V35/><F118/><W57/><G134/><N who="1" m="51210" /><E105/><V72/><F36/><W24/><G42/><T128/><D116/><U68/><E2/><V51/><F130/><W101/><G1/><T117/><D117/><U5/><E5/><V64/><F127/><W29/><G65/><T79/><D125/><N who="3" m="48233" /><G54/><T70/><D128/><U89/><E89/><V9/><F73/><W39/><G39/><T100/><D121/><U93/><E93/><V119/><F72/><W63/><G63/><T22/><D90/><U50/><E50/><V46/><F119/><W7/><G7/><T86/><D10/><U114/><E114/><V41/><F95/><N who="3" m="58559" /><G103/><T43/><D3/><U91/><E91/><V81/><F62/><W112/><G112/><T99/><D43/><N who="2" m="16458" /><F64/><W37/><G37/><T132/><D132/><U83/><E60/><V6/><F6/><W107/><G107/><T21/><D67/><U47/><E47/><V84/><F46/><W33/><AGARI ba="0,0" hai="4,8,14,24,29,33,57,59" m="58559,48233" machi="33" ten="30,2000,0" yaku="18,1,52,1" doraHai="23" who="3" fromWho="3" sc="190,-5,220,-10,370,-5,220,20" /><INIT seed="2,0,0,4,0,10" ten="185,210,365,240" oya="2" hai0="8,84,98,108,7,91,71,134,68,94,100,33,2" hai1="78,6,83,19,101,109,56,28,42,64,125,32,133" hai2="14,22,124,116,31,111,20,81,60,70,15,49,122" hai3="77,74,120,3,135,129,23,66,30,123,58,50,37"/><V24/><F116/><W117/><G37/><T104/><D33/><U89/><E101/><V5/><F122/><W62/><G3/><T26/><D108/><U65/><E6/><V107/><F107/><W44/><G117/><T43/><D134/><U121/><E89/><V88/><F5/><W29/><G135/><T1/><D1/><U113/><E113/><V96/><F124/><W115/><G115/><T46/><REACH who="0" step="1"/><D26/><REACH who="0" ten="175,210,365,240" step="2"/><N who="1" m="18455" /><E133/><V92/><F111/><W48/><G120/><T130/><D130/><U131/><E121/><V76/><F24/><W118/><G129/><T112/><D112/><U0/><E0/><V86/><F22/><W82/><G123/><T72/><D72/><U126/><E131/><V105/><F20/><W27/><G118/><T39/><AGARI ba="0,1" hai="2,7,8,39,43,46,68,71,84,91,94,98,100,104" machi="39" ten="20,2700,0" yaku="1,1,0,1,7,1,53,0" doraHai="10" doraHaiUra="119" who="0" fromWho="0" sc="175,37,210,-7,365,-13,240,-7" /><INIT seed="3,0,0,2,5,52" ten="212,203,352,233" oya="3" hai0="108,14,24,103,50,133,17,13,85,104,60,33,42" hai1="117,54,88,62,78,95,92,112,64,35,37,100,81" hai2="15,11,18,8,4,48,21,73,69,61,124,109,134" hai3="111,12,20,82,63,132,10,72,129,31,84,6,94"/><W71/><G129/><T22/><D108/><U74/><E112/><V113/><F113/><W68/><G132/><T76/><D133/><U119/><E35/><V114/><F73/><W125/><G111/><T130/><D130/><U9/><E37/><V123/><F134/><W66/><G125/><T3/><D3/><U118/><E100/><V122/><F114/><W86/><G71/><T79/><D104/><U1/><E54/><V16/><F109/><W115/><G115/><T43/><D103/><U47/><E47/><V90/><F124/><W2/><G2/><T40/><D33/><U91/><E1/><V0/><F48/><W70/><G70/><T116/><D116/><U98/><E9/><V58/><F90/><N who="1" m="34345" /><E98/><V77/><F77/><N who="0" m="29770" /><D85/><U27/><E27/><V110/><F69/><AGARI ba="0,0" hai="62,64,69,74,78,81,92,95,117,118,119" m="34345" machi="69" ten="30,2000,0" yaku="12,1,54,1" doraHai="52" who="1" fromWho="2" sc="212,0,203,20,352,-20,233,0" owari="212,-28.8,223,-17.7,332,43.2,233,3.3" /></mjloggm>