<mjloggm ver="2.3"><GO type="225" lobby="0"/><UN n0="%77%72%77%72%77%72%77%72" n1="%E3%81%B5%E3%81%98%E3%81%8B%E3%81%A4" n2="%E3%81%BF%E3%81%BF%E3%81%9A" n3="%6D%61%74%69%67%75%73%61" dan="17,16,16,17" rate="2250.29,2177.87,2240.70,2227.39" sx="M,M,M,M"/><TAIKYOKU oya="0"/><INIT seed="0,0,0,1,2,107" ten="250,250,250,250" oya="0" hai0="106,103,126,27,2,58,47,1,34,90,111,55,40" hai1="93,91,53,50,101,118,19,105,115,74,16,12,77" hai2="97,62,38,127,134,82,80,18,81,92,49,69,68" hai3="8,64,4,26,44,46,36,116,57,70,24,78,23"/><T13/><D126/><U119/><E118/><V45/><F127/><W71/><G116/><T89/><D111/><U25/><E115/><V108/><F108/><W128/><G128/><T42/><D106/><U129/><E129/><V52/><F134/><W61/><G24/><T9/><D103/><U73/><E119/><V48/><F38/><W133/><G133/><T51/><D40/><U104/><E25/><V95/><F62/><W117/><G78/><T30/><D1/><U11/><E19/><V113/><F113/><W100/><G100/><T65/><D2/><U102/><E101/><V3/><F3/><W84/><G84/><T131/><D65/><U99/><E77/><V60/><F60/><W56/><G56/><T83/><D83/><U59/><E105/><V98/><F18/><W86/><G86/><AGARI ba="0,0" hai="11,12,16,50,53,59,73,74,86,91,93,99,102,104" machi="86" ten="30,7700,0" yaku="7,1,52,2,54,1" doraHai="107" who="1" fromWho="3" sc="250,0,250,77,250,0,250,-77" /><INIT seed="1,0,0,2,0,92" ten="250,327,250,173" oya="1" hai0="67,30,104,25,105,31,3,16,120,100,26,46,131" hai1="69,53,89,22,8,0,113,23,117,37,79,15,38" hai2="95,48,6,33,132,42,77,111,90,44,106,83,87" hai3="99,64,98,62,126,9,107,130,129,11,66,57,12"/><U51/><E113/><V19/><F111/><W63/><G107/><T118/><D118/><U7/><E117/><V123/><F123/><W88/><G126/><T28/><D3/><U24/><E69/><V52/><F132/><W112/><G112/><T49/><D120/><U110/><E79/><V91/><F106/><W108/><G108/><T43/><D131/><N who="3" m="50185" /><G88/><T21/><D67/><U2/><E23/><V72/><F33/><W128/><N who="3" m="50193" /><W14/><DORA hai="114" /><G14/><T56/><D105/><U10/><E89/><V133/><F133/><W121/><G121/><T73/><D73/><U60/><E60/><V85/><F6/><N who="3" m="3127" /><G11/><T58/><D104/><U103/><E103/><V135/><F135/><W125/><G125/><T78/><D100/><U97/><E0/><V39/><F19/><W115/><G115/><T36/><D78/><U18/><E110/><V86/><REACH who="2" step="1"/><F91/><REACH who="2" ten="250,327,240,173" step="2"/><W71/><AGARI ba="0,1" hai="57,62,63,64,66,71,98,99" m="3127,50193" machi="71" ten="40,5200,0" yaku="19,1,52,2" doraHai="92,114" who="3" fromWho="3" sc="250,-13,327,-26,240,-13,173,62" /><INIT seed="2,0,0,3,5,35" ten="237,301,227,235" oya="2" hai0="26,106,91,30,15,135,66,12,28,49,112,23,113" hai1="132,107,110,131,73,96,126,14,33,80,61,27,78" hai2="98,45,89,65,41,127,122,54,21,108,92,31,3" hai3="48,100,93,116,52,19,105,1,99,62,134,2,72"/><V10/><F122/><W64/><G116/><T55/><D106/><U24/><E110/><V22/><F108/><W46/><G72/><T114/><D135/><U111/><E111/><V13/><F127/><W25/><G134/><T16/><D66/><U133/><E126/><V40/><F65/><W11/><G105/><T47/><REACH who="0" step="1"/><D91/><REACH who="0" ten="227,301,227,235" step="2"/><U51/><E133/><V43/><F31/><AGARI ba="0,1" hai="12,15,16,23,26,28,30,31,47,49,55,112,113,114" machi="31" ten="40,8000,1" yaku="1,1,2,1,54,1,53,1" doraHai="35" doraHaiUra="17" who="0" fromWho="2" sc="227,90,301,0,227,-80,235,0" /><INIT seed="3,0,0,1,3,19" ten="317,301,147,235" oya="3" hai0="42,4,8,41,122,32,18,83,70,73,108,131,100" hai1="60,9,113,22,43,86,63,90,21,88,45,33,65" hai2="30,5,91,85,56,112,64,103,11,40,57,107,89" hai3="126,132,87,25,117,62,125,78,104,2,95,135,124"/><W134/><G2/><T93/><D122/><U10/><E33/><V67/><F112/><W116/><G62/><N who="1" m="23594" /><E65/><V55/><F107/><W111/><G104/><T84/><D32/><U44/><E113/><V119/><F119/><N who="3" m="45643" /><G25/><T106/><D73/><U1/><E1/><V98/><F40/><W76/><G111/><T102/><D106/><U6/><E6/><V35/><F35/><W79/><G95/><T29/><D29/><U123/><E123/><V46/><F46/><N who="1" m="18025" /><E43/><V99/><F30/><W13/><G13/><N who="0" m="5255" /><D70/><U47/><E47/><V109/><F109/><W80/><AGARI ba="0,0" hai="76,78,79,80,87,124,125,126,132,134,135" m="45643" machi="80" ten="50,12000,1" yaku="18,1,20,1,34,2" doraHai="19" who="3" fromWho="3" sc="317,-40,301,-40,147,-40,235,120" owari="277,7.7,261,-13.9,107,-39.3,355,45.5" /></mjloggm>