<mjloggm ver="2.3"><GO type="225" lobby="0"/><UN n0="%E3%81%A1%E3%82%85%E3%81%86%E3%81%A9%E3%81%8F%E8%B1%A1%E3%81%95%E3%82%93" n1="%E3%83%8F%E3%82%AC%E3%82%BF%E3%82%AB%E3%81%AE%E3%81%88%E3%81%98%E3%81%8D" n2="%43%68%65" n3="%E3%83%A1%E3%82%AC%E3%83%87%E3%82%B8" dan="17,16,16,16" rate="2151.72,2147.79,2071.08,2115.52" sx="M,M,M,F"/><TAIKYOKU oya="0"/><INIT seed="0,0,0,0,4,133" ten="250,250,250,250" oya="0" hai0="127,112,2,85,114,9,110,93,17,82,47,117,132" hai1="42,31,65,51,91,122,60,96,4,6,76,72,105" hai2="35,73,125,20,123,54,28,115,61,130,81,116,70" hai3="124,59,131,36,52,79,92,53,15,14,90,43,7"/><T58/><D117/><U44/><E122/><V87/><F73/><W62/><G131/><T78/><D132/><U71/><E72/><V120/><F115/><W97/><G124/><T21/><D110/><U13/><E76/><V77/><F35/><W103/><G79/><T46/><D58/><U41/><E41/><V50/><F130/><W99/><G7/><T88/><D2/><U129/><E129/><V80/><F125/><W64/><G43/><T108/><D9/><U89/><E31/><V57/><F81/><W100/><G36/><T33/><D33/><U68/><E68/><V75/><F75/><W5/><G90/><T83/><D83/><U18/><E91/><V10/><F10/><W67/><G5/><T119/><D119/><U29/><E29/><V26/><F116/><W118/><G118/><T23/><D108/><U19/><E19/><V1/><F1/><W0/><G0/><T69/><D69/><U111/><E111/><V128/><F128/><W126/><G126/><T48/><D21/><U109/><E109/><V24/><F24/><W74/><G74/><T27/><D127/><U63/><E63/><V84/><F84/><W104/><REACH who="3" step="1"/><G53/><REACH who="3" ten="250,250,250,240" step="2"/><T30/><D112/><U39/><E39/><V66/><AGARI ba="0,1" hai="20,26,28,50,54,57,61,66,70,77,80,87,120,123" machi="66" ten="30,1100,0" yaku="0,1" doraHai="133" who="2" fromWho="2" sc="250,-5,250,-3,250,21,240,-3" /><INIT seed="1,0,0,0,4,126" ten="245,247,271,237" oya="1" hai0="17,24,22,27,53,55,16,72,79,50,64,100,45" hai1="116,31,68,48,111,37,33,102,49,135,23,133,123" hai2="113,62,85,9,20,59,47,66,51,115,80,26,7" hai3="39,8,44,63,14,105,83,19,30,56,34,91,40"/><U109/><E33/><V3/><F26/><W96/><G105/><T92/><D64/><U32/><E32/><V86/><F20/><W89/><G96/><N who="0" m="59399" /><D72/><U81/><E68/><V38/><F38/><W78/><G30/><T130/><D79/><U103/><E37/><V70/><F70/><W97/><G97/><T36/><D36/><U6/><E6/><V124/><F124/><W54/><REACH who="3" step="1"/><G34/><REACH who="3" ten="245,247,271,227" step="2"/><T106/><D106/><U77/><E103/><V112/><REACH who="2" step="1"/><F80/><REACH who="2" ten="245,247,261,227" step="2"/><W67/><G67/><T43/><D130/><U21/><E81/><V42/><AGARI ba="0,2" hai="3,7,9,42,47,51,59,62,66,85,86,112,113,115" machi="42" ten="30,7900,0" yaku="1,1,2,1,0,1,11,1,53,0" doraHai="126" doraHaiUra="12" who="2" fromWho="2" sc="245,-20,247,-39,261,99,227,-20" /><INIT seed="2,0,0,3,0,129" ten="225,208,360,207" oya="2" hai0="4,19,93,13,47,117,41,66,97,128,11,131,127" hai1="79,5,50,95,12,78,106,65,103,8,119,23,33" hai2="26,90,24,45,27,134,109,96,18,84,89,86,125" hai3="73,34,111,135,2,57,80,21,76,28,36,0,101"/><V92/><F125/><W32/><G21/><T49/><D127/><U70/><E33/><N who="3" m="12906" /><G57/><T130/><D117/><U1/><E106/><V52/><F134/><W81/><G28/><T59/><D66/><U3/><E119/><V68/><F68/><W6/><G111/><T35/><D35/><U55/><E65/><V37/><F109/><W105/><G81/><T30/><D30/><U124/><E70/><V113/><F113/><W110/><G110/><T123/><D59/><U132/><E124/><V74/><F74/><W69/><G69/><T82/><D82/><U60/><E60/><V77/><F37/><W25/><G25/><T54/><D123/><U102/><E3/><N who="3" m="1066" /><G6/><T85/><D85/><N who="2" m="32874" /><F77/><W16/><G16/><T38/><D4/><U107/><E79/><V126/><F126/><W48/><G48/><T94/><D97/><U99/><E78/><V133/><F18/><W29/><G29/><T75/><D75/><U7/><E1/><V71/><F71/><W67/><G67/><T10/><D10/><U64/><E64/><V115/><F27/><W72/><G72/><T53/><D49/><U112/><E5/><V15/><F26/><W62/><G62/><T88/><D88/><U17/><E23/><V43/><F24/><W116/><G116/><T122/><D122/><U91/><E7/><V39/><F90/><W56/><G36/><T120/><D120/><U20/><E20/><V58/><F89/><W31/><G31/><T98/><D93/><U108/><E108/><V100/><F92/><W83/><G83/><T14/><D14/><N who="1" m="7367" /><E95/><N who="2" m="58399" /><F15/><W121/><G121/><RYUUKYOKU ba="0,0" sc="225,30,208,-10,360,-10,207,-10" hai0="11,13,19,38,41,47,53,54,94,98,128,130,131" /><INIT seed="3,1,0,0,3,125" ten="255,198,350,197" oya="3" hai0="72,83,22,56,54,122,13,99,49,68,109,134,36" hai1="86,102,90,38,48,9,96,61,12,15,45,81,92" hai2="2,21,17,129,16,85,52,51,43,93,76,23,6" hai3="66,78,80,91,26,28,31,117,18,27,30,14,94"/><W106/><G106/><T35/><D122/><U100/><E38/><V87/><F129/><W121/><G117/><T77/><D35/><U74/><E74/><V84/><F43/><W60/><G121/><T132/><D36/><U70/><E70/><V63/><F63/><W98/><G78/><T107/><D68/><U58/><E100/><V34/><F34/><W57/><REACH who="3" step="1"/><G80/><REACH who="3" ten="255,198,350,187" step="2"/><T79/><D107/><U32/><E32/><V103/><F76/><W127/><G127/><T133/><D79/><U4/><E4/><V71/><F6/><W5/><G5/><T7/><D7/><U123/><E123/><V101/><F2/><W111/><G111/><T44/><D109/><U69/><E69/><V114/><F71/><W11/><AGARI ba="1,1" hai="11,14,18,26,27,28,30,31,57,60,66,91,94,98" machi="11" ten="30,11700,0" yaku="1,1,0,1,8,1,53,1" doraHai="125" doraHaiUra="89" who="3" fromWho="3" sc="255,-40,198,-40,350,-40,187,130" owari="215,-18.5,158,-34.2,310,11.0,317,41.7" /></mjloggm>