<mjloggm ver="2.3"><GO type="225" lobby="0"/><UN n0="%E7%89%8C%E6%B5%81%E7%8A%B6%E6%85%8B%E9%BA%BB%E9%9B%80" n1="%E3%81%8B%E3%82%8F%E3%81%A1%E3%82%83%E3%82%93%35%38" n2="%E6%9D%B1%E9%A2%A8%E3%81%AE%E3%81%8D%E3%82%83%E3%81%B7%E3%81%95%E3%82%93" n3="%E4%BA%95%E5%B8%AF" dan="18,16,17,16" rate="2191.97,2154.82,2250.88,2051.54" sx="M,M,M,M"/><TAIKYOKU oya="0"/><INIT seed="0,0,0,0,5,43" ten="250,250,250,250" oya="0" hai0="9,30,22,29,78,23,26,112,54,76,86,24,85" hai1="111,116,10,44,67,107,27,13,122,59,38,51,82" hai2="55,101,131,56,4,125,97,135,124,127,74,61,57" hai3="68,71,120,114,62,65,11,100,18,108,109,12,96"/><T118/><D112/><U70/><E116/><V46/><F74/><W42/><G114/><T130/><D118/><U69/><E122/><V95/><F135/><W103/><G120/><T40/><D130/><U15/><E107/><V60/><F131/><W94/><G42/><T53/><D40/><U6/><E38/><V39/><F4/><W134/><G134/><T7/><D9/><U5/><E111/><V2/><F2/><W104/><G104/><T52/><D7/><U50/><E82/><V128/><F128/><W72/><G72/><T19/><D19/><U36/><E36/><V49/><F39/><W34/><G34/><T79/><AGARI ba="0,0" hai="22,23,24,26,29,30,52,53,54,76,78,79,85,86" machi="79" ten="30,11700,0" yaku="0,1,9,1,8,1,54,1" doraHai="43" who="0" fromWho="0" sc="250,117,250,-39,250,-39,250,-39" /><INIT seed="0,1,0,3,1,49" ten="367,211,211,211" oya="0" hai0="126,22,24,131,2,66,87,65,29,70,84,7,102" hai1="93,91,11,115,19,130,17,35,63,89,40,114,117" hai2="80,16,107,101,46,103,97,88,55,120,81,52,34" hai3="21,6,45,4,83,68,64,44,109,9,58,72,60"/><T50/><D131/><U12/><E117/><V54/><F34/><W10/><G109/><T0/><D126/><U90/><E130/><V26/><F120/><W123/><G123/><T112/><D112/><N who="1" m="43051" /><E35/><V74/><F46/><W106/><G106/><T95/><D84/><U104/><E104/><V20/><F74/><W92/><G68/><T75/><D75/><U57/><E40/><V100/><F107/><W36/><G92/><AGARI ba="1,0" hai="16,20,26,52,54,55,80,81,88,92,97,100,101,103" machi="92" ten="40,12000,2" yaku="8,1,52,3,54,3" doraHai="49" who="2" fromWho="3" sc="367,0,211,0,211,123,211,-123" /><INIT seed="1,0,0,4,2,28" ten="367,211,334,88" oya="1" hai0="125,94,4,133,118,117,99,52,22,85,37,36,55" hai1="119,27,60,74,81,59,31,1,64,100,19,11,77" hai2="38,123,76,112,68,129,47,35,7,86,54,41,34" hai3="90,42,20,53,75,95,61,69,26,115,63,44,40"/><U110/><E119/><V130/><F123/><W93/><G115/><T82/><D4/><U33/><E110/><V5/><F68/><W57/><G75/><T106/><D106/><U73/><E100/><V2/><F54/><W16/><G95/><T134/><D22/><U39/><E39/><V132/><F112/><W113/><G113/><T43/><D125/><U79/><E19/><V24/><F24/><W10/><G10/><T9/><D9/><U29/><E29/><V3/><F132/><N who="0" m="50794" /><D118/><U17/><E17/><V98/><F98/><W8/><G8/><T105/><D105/><U65/><E65/><V103/><F103/><W89/><G89/><N who="0" m="55759" /><D117/><U72/><REACH who="1" step="1"/><E81/><REACH who="1" ten="367,201,334,88" step="2"/><N who="2" m="47399" /><F5/><AGARI ba="0,1" hai="1,5,11,27,31,33,59,60,64,72,73,74,77,79" machi="5" ten="40,3900,0" yaku="1,1,52,1,53,0" doraHai="28" doraHaiUra="18" who="1" fromWho="2" sc="367,0,201,49,334,-39,88,0" /><INIT seed="1,1,0,1,3,116" ten="367,250,295,88" oya="1" hai0="23,63,5,57,113,49,25,95,1,16,87,70,99" hai1="135,100,129,69,6,103,117,34,130,66,83,94,92" hai2="119,131,37,50,133,14,80,75,38,59,53,54,48" hai3="27,10,7,128,39,93,2,79,18,82,47,77,12"/><U67/><E117/><V127/><F119/><W125/><G128/><N who="1" m="49258" /><E69/><V124/><F80/><W31/><G125/><N who="2" m="48201" /><F75/><W76/><G93/><N who="1" m="35946" /><E34/><V26/><F14/><W118/><G118/><T46/><D70/><U55/><E6/><V45/><F26/><W68/><G68/><T73/><D113/><U17/><E135/><V9/><F9/><W104/><G104/><T40/><D73/><U36/><E36/><N who="2" m="13931" /><F131/><W106/><G106/><T60/><D87/><U62/><E83/><V114/><F114/><W74/><G18/><T42/><D42/><U72/><E72/><V29/><F29/><W108/><G12/><T112/><D112/><U107/><E17/><V88/><F88/><W105/><G105/><T96/><D96/><N who="1" m="61831" /><E103/><V44/><F44/><W89/><G89/><T58/><D5/><U126/><E126/><V0/><F0/><W121/><G121/><T65/><D1/><U22/><E22/><V122/><F133/><W3/><G3/><T85/><D85/><U98/><E98/><V110/><F110/><W109/><G79/><T102/><D16/><U61/><E61/><V120/><AGARI ba="1,0" hai="45,48,50,53,54,59,120,122" m="13931,48201" machi="120" ten="40,8000,1" yaku="18,1,34,2,52,2" doraHai="116" who="2" fromWho="2" sc="367,-21,250,-41,295,83,88,-21" /><INIT seed="2,0,0,1,1,62" ten="346,209,378,67" oya="2" hai0="42,77,106,119,36,30,48,76,2,11,96,108,55" hai1="127,81,41,121,66,45,99,61,105,56,51,89,13" hai2="117,3,102,58,22,104,23,37,134,85,133,14,91" hai3="6,28,7,25,35,57,65,109,52,17,130,94,74"/><V100/><F37/><W50/><G109/><T128/><D108/><U118/><E118/><V73/><F73/><W19/><G130/><T67/><D128/><U32/><E127/><V49/><F3/><W97/><G74/><T93/><D106/><U47/><E121/><V101/><F117/><W59/><G7/><T107/><D107/><U44/><E32/><V120/><F104/><W40/><G40/><T92/><D92/><U71/><E71/><V1/><F1/><W75/><G6/><T27/><D2/><U98/><E13/><V5/><F5/><W87/><G87/><T79/><D11/><U38/><E38/><V4/><F4/><W115/><G75/><T112/><D112/><U39/><E39/><V116/><F116/><W18/><G115/><T9/><D9/><U86/><REACH who="1" step="1"/><E98/><REACH who="1" ten="346,199,378,67" step="2"/><V110/><F120/><W53/><G65/><T122/><D67/><U8/><E8/><V12/><F12/><W33/><G33/><T15/><D15/><U135/><E135/><V31/><F110/><W69/><G69/><T54/><D36/><U114/><E114/><V68/><F68/><W46/><REACH who="3" step="1"/><G53/><REACH who="3" ten="346,199,378,57" step="2"/><T16/><D122/><U131/><E131/><V111/><F111/><W78/><G78/><T113/><D113/><U90/><E90/><AGARI ba="0,2" hai="17,18,19,25,28,35,46,50,52,57,59,90,94,97" machi="90" ten="40,5200,0" yaku="1,1,54,1,53,1" doraHai="62" doraHaiUra="29" who="3" fromWho="1" sc="346,0,199,-52,378,0,57,72" /><INIT seed="3,0,0,4,4,18" ten="346,147,378,129" oya="3" hai0="127,33,122,24,43,56,91,101,48,99,21,112,28" hai1="111,19,102,3,121,69,12,96,75,64,110,52,76" hai2="105,117,32,62,14,87,51,135,120,26,124,119,97" hai3="70,30,114,63,84,9,82,55,128,25,89,50,39"/><W57/><G114/><T53/><D122/><U38/><E3/><V95/><F51/><W42/><G128/><T109/><D109/><N who="1" m="41483" /><E38/><V17/><F62/><W86/><G9/><T115/><D127/><U29/><E29/><V36/><F87/><W134/><G134/><T71/><D71/><U93/><E121/><V108/><F105/><W5/><G5/><T94/><D43/><U123/><E123/><V133/><F36/><W81/><G39/><T22/><REACH who="0" step="1"/><D101/><REACH who="0" ten="336,147,378,129" step="2"/><U44/><E102/><V20/><F124/><W34/><G70/><T4/><D4/><U45/><E69/><V13/><F120/><W80/><REACH who="3" step="1"/><G84/><REACH who="3" ten="336,147,378,119" step="2"/><T126/><D126/><U66/><E75/><V15/><F108/><W47/><AGARI ba="0,2" hai="25,30,34,42,47,50,55,57,63,80,81,82,86,89" machi="47" ten="30,11700,0" yaku="1,1,2,1,0,1,53,1" doraHai="18" doraHaiUra="41" who="3" fromWho="3" sc="336,-39,147,-39,378,-39,119,137" /><INIT seed="3,1,0,1,1,94" ten="297,108,339,256" oya="3" hai0="102,105,98,123,9,71,49,88,78,17,106,87,54" hai1="27,26,40,108,5,110,60,109,118,25,35,126,66" hai2="22,39,42,34,122,4,37,80,111,96,76,115,16" hai3="57,135,50,32,62,70,86,51,81,24,1,92,116"/><W30/><G116/><T65/><D123/><U91/><E40/><V127/><F34/><W107/><G107/><T74/><D106/><U10/><E91/><V41/><F4/><W129/><G135/><T6/><D17/><U128/><E60/><V28/><F28/><W119/><G129/><T13/><D65/><U36/><E36/><V85/><F115/><W19/><G70/><T31/><D31/><U48/><E48/><V23/><F23/><W53/><G1/><T114/><D71/><U73/><E73/><V83/><F122/><W33/><G33/><T11/><D11/><U12/><E66/><V59/><F59/><W79/><G119/><T0/><D114/><U67/><E67/><V125/><F96/><W77/><G77/><T14/><D74/><U58/><E58/><V47/><F83/><W82/><G82/><T120/><D78/><U75/><E75/><V121/><F111/><W131/><G131/><T99/><D99/><U104/><E104/><V20/><F20/><W45/><G19/><T21/><D21/><U46/><E128/><V134/><F134/><W7/><G7/><T44/><D120/><U97/><E126/><N who="2" m="48139" /><F121/><W117/><G117/><T68/><D68/><U56/><E118/><V69/><F69/><W43/><REACH who="3" step="1"/><G92/><AGARI ba="1,0" hai="0,6,9,13,14,44,49,54,87,88,92,98,102,105" machi="92" ten="30,3900,0" yaku="7,1,52,1,54,1" doraHai="94" who="0" fromWho="3" sc="297,42,108,0,339,0,256,-42" owari="339,43.9,108,-39.2,339,13.9,214,-18.6" /></mjloggm>