<mjloggm ver="2.3"><GO type="225" lobby="0"/><UN n0="%4C%4F%4C%49%54%41" n1="%48%61%61%61%6C%61%6E%64" n2="%E3%81%8F%E3%82%8A%E3%83%94%E3%83%BC" n3="%E7%99%BD%E9%9B%AA%E4%B9%83%E6%84%9B" dan="16,18,16,16" rate="2194.81,2252.76,2093.19,2063.87" sx="F,M,M,F"/><TAIKYOKU oya="0"/><INIT seed="0,0,0,3,3,38" ten="250,250,250,250" oya="0" hai0="61,45,73,33,85,106,57,123,84,3,44,53,49" hai1="56,19,5,42,15,72,21,103,35,31,69,12,114" hai2="55,89,18,126,30,101,117,116,70,130,13,28,24" hai3="66,113,88,109,1,105,112,27,40,90,17,75,86"/><T0/><D123/><U51/><E69/><V6/><F70/><W125/><G75/><T11/><D45/><U65/><E72/><V118/><F101/><W46/><G1/><T97/><D33/><U22/><E114/><V98/><F55/><W96/><G66/><T58/><D73/><U64/><E103/><V68/><F68/><W81/><G109/><T60/><D106/><U29/><E35/><V129/><F89/><W115/><G125/><T36/><D97/><U122/><E122/><V39/><F98/><W120/><G120/><T47/><D53/><N who="1" m="31807" /><E42/><V108/><F39/><W110/><G110/><T67/><D36/><U32/><E32/><V71/><F71/><W41/><G46/><T133/><D49/><U99/><E99/><V59/><F59/><W87/><G96/><T80/><D80/><U135/><E135/><V134/><F108/><W131/><G105/><T78/><D11/><N who="1" m="4207" /><E22/><N who="2" m="13399" /><F126/><W26/><G131/><N who="2" m="50185" /><F134/><W104/><G104/><T62/><D133/><U16/><E64/><V82/><F82/><W77/><G77/><T91/><D67/><U111/><E65/><V43/><F43/><W128/><G128/><T10/><D78/><U52/><E52/><V8/><AGARI ba="0,0" hai="6,8,13,28,30,116,117,118" m="50185,13399" machi="8" ten="40,8000,1" yaku="12,1,19,1,34,2" doraHai="38" who="2" fromWho="2" sc="250,-40,250,-20,250,80,250,-20" /><INIT seed="1,0,0,2,3,88" ten="210,230,330,230" oya="1" hai0="16,14,96,42,39,31,67,55,115,64,37,48,57" hai1="7,54,33,21,68,74,80,30,127,72,114,85,61" hai2="99,26,10,50,71,44,69,18,52,3,60,19,86" hai3="43,32,63,98,75,8,95,81,5,110,130,38,113"/><U51/><E33/><V17/><F3/><W70/><G113/><T105/><D115/><U121/><E114/><V93/><F71/><W107/><G32/><T106/><D31/><U118/><E118/><V83/><F69/><W112/><G112/><T122/><D122/><U0/><E121/><V100/><F60/><W111/><G130/><T133/><D133/><U91/><E127/><V76/><F26/><W24/><G24/><T23/><D105/><U46/><E30/><V62/><F62/><W13/><G107/><T12/><D42/><U20/><E7/><V78/><F78/><W120/><G120/><T103/><REACH who="0" step="1"/><D14/><AGARI ba="0,0" hai="10,14,17,18,19,44,50,52,76,83,86,93,99,100" machi="14" ten="40,5200,0" yaku="8,1,52,1,54,1" doraHai="88" who="2" fromWho="0" sc="210,-52,230,0,330,52,230,0" /><INIT seed="2,0,0,5,4,0" ten="158,230,382,230" oya="2" hai0="66,109,119,53,108,54,132,46,77,124,40,84,70" hai1="47,134,33,64,13,57,80,127,56,133,9,22,103" hai2="104,69,71,93,50,125,23,42,94,129,114,4,130" hai3="90,118,65,31,121,101,49,87,122,95,72,14,68"/><V67/><F104/><W44/><G118/><T10/><D77/><U110/><E33/><V92/><F114/><W62/><G72/><T58/><D84/><U106/><E110/><N who="0" m="42601" /><D10/><U25/><E127/><V52/><F125/><W7/><G101/><T86/><D86/><U115/><E115/><V2/><F42/><W41/><REACH who="3" step="1"/><G31/><REACH who="3" ten="158,230,382,220" step="2"/><T88/><D124/><U126/><E126/><V8/><F129/><W15/><G15/><T83/><D119/><U12/><E12/><V34/><F130/><W99/><G99/><T51/><D132/><U48/><E133/><V105/><F2/><W60/><G60/><N who="0" m="40263" /><D83/><U113/><E134/><V18/><F92/><W27/><G27/><T55/><D88/><U81/><E113/><V45/><F94/><W29/><G29/><T26/><D26/><U11/><E81/><V89/><F93/><W24/><G24/><T96/><D96/><U73/><E80/><V85/><F89/><W131/><G131/><T78/><D78/><U6/><E73/><V5/><F85/><W35/><G35/><T97/><D97/><U59/><E103/><V112/><F34/><W1/><G1/><T100/><D100/><U82/><E82/><V30/><F30/><W37/><G37/><AGARI ba="0,1" hai="37,40,46,51,53,54,55,58" m="40263,42601" machi="37" ten="30,7700,0" yaku="24,1,14,1,34,2" doraHai="0" who="0" fromWho="3" sc="158,87,230,0,382,0,220,-77" /><INIT seed="3,0,0,3,0,8" ten="245,230,382,143" oya="3" hai0="102,83,59,19,63,95,70,40,127,72,99,77,20" hai1="15,64,128,33,62,28,135,93,36,126,122,114,35" hai2="113,27,111,56,103,91,109,96,76,115,133,39,68" hai3="32,82,81,131,94,26,121,69,105,6,108,51,116"/><W58/><G105/><T134/><D134/><U18/><E122/><V2/><F68/><W117/><G121/><T22/><D127/><U75/><E114/><V119/><F76/><W46/><G69/><T23/><D40/><U14/><E36/><V50/><F91/><W73/><G108/><T61/><D70/><U12/><E75/><V86/><F86/><W54/><G131/><T13/><D61/><U25/><E128/><V125/><F27/><W7/><G116/><T104/><D95/><U74/><E74/><V106/><F39/><W118/><G117/><T44/><D44/><U78/><E78/><V43/><F2/><W53/><G118/><T47/><D47/><U66/><E126/><V132/><F125/><W9/><G94/><T42/><D42/><U87/><E33/><V1/><F1/><W97/><G97/><T107/><D104/><U65/><E135/><V45/><F56/><W55/><G73/><T30/><D30/><U101/><E62/><V80/><F80/><N who="3" m="30827" /><G58/><T112/><D112/><N who="2" m="43082" /><F119/><W124/><G124/><T130/><D130/><U52/><E87/><V123/><F123/><W85/><G85/><T37/><D37/><U84/><E84/><V89/><F89/><W17/><G32/><T110/><D110/><AGARI ba="0,0" hai="43,45,50,96,103,106,109,110,111,132,133" m="43082" machi="110" ten="30,1000,0" yaku="14,1" doraHai="8" who="2" fromWho="0" sc="245,-10,230,0,382,10,143,0" owari="235,3.5,230,-17.0,392,49.2,143,-35.7" /></mjloggm>