<mjloggm ver="2.3"><GO type="225" lobby="0"/><UN n0="%E6%81%A5%E6%99%92%E3%81%97" n1="%E5%A4%9C%E5%85%89%E5%A4%A9%E6%A5%BC" n2="%E3%81%B2%E3%81%AA%E3%81%AE%E3%82%8A%E3%81%8F" n3="%E3%82%8C%E3%81%99%E3%81%93" dan="16,16,17,16" rate="2142.16,2074.51,2202.32,2104.95" sx="M,M,M,F"/><TAIKYOKU oya="0"/><INIT seed="0,0,0,4,4,106" ten="250,250,250,250" oya="0" hai0="40,121,89,90,62,125,104,54,73,96,77,48,29" hai1="17,8,9,111,134,46,100,24,135,82,20,51,47" hai2="92,64,58,52,118,36,122,43,18,6,38,108,80" hai3="105,49,61,33,109,65,94,75,97,16,83,113,57"/><T76/><D121/><U127/><E111/><V103/><F122/><W101/><G113/><T114/><D114/><U5/><E127/><V123/><F123/><W70/><G33/><T19/><D125/><U39/><E39/><V37/><F64/><W14/><G109/><T81/><D29/><U87/><E100/><V107/><F107/><W115/><G115/><T117/><D117/><U128/><E128/><V1/><F108/><W50/><G70/><T22/><D40/><N who="1" m="25031" /><E47/><V102/><F43/><W112/><G112/><T95/><D77/><N who="1" m="46543" /><E5/><V72/><F118/><W71/><G71/><T69/><D69/><U27/><E24/><V25/><F92/><W30/><G30/><T13/><D62/><U63/><E63/><V68/><F68/><W119/><G119/><T84/><D104/><U110/><E110/><V4/><F1/><W60/><G60/><T88/><REACH who="0" step="1"/><D73/><REACH who="0" ten="240,250,250,250" step="2"/><U78/><E78/><V41/><F41/><W74/><G105/><T131/><D131/><U126/><E126/><V7/><F72/><W32/><G75/><T55/><D55/><U2/><E2/><V93/><F38/><W130/><G130/><T66/><D66/><U53/><E53/><V34/><F37/><W91/><G74/><T120/><D120/><U129/><E129/><V12/><F36/><W3/><G65/><T79/><D79/><U67/><E67/><V44/><F52/><W133/><G61/><T31/><D31/><U85/><E135/><V59/><F34/><W15/><G32/><T21/><D21/><U0/><E0/><V10/><F10/><N who="1" m="4201" /><E134/><V45/><F4/><RYUUKYOKU ba="0,1" sc="240,15,250,15,250,-15,250,-15" hai0="13,19,22,48,54,76,81,84,88,89,90,95,96" hai1="17,20,27,85" /><INIT seed="0,1,1,3,2,41" ten="255,265,235,235" oya="0" hai0="61,112,2,132,43,80,106,100,103,131,133,26,119" hai1="86,21,34,62,13,79,15,128,114,123,72,82,74" hai2="50,85,87,113,51,55,33,36,0,134,7,89,27" hai3="95,105,60,135,91,59,5,42,46,37,67,124,84"/><T121/><D119/><U35/><E123/><V75/><F75/><W127/><G105/><T40/><D112/><U58/><E114/><V19/><F36/><W6/><REACH who="3" step="1"/><G135/><REACH who="3" ten="255,265,235,225" step="2"/><T22/><D132/><U44/><E128/><V68/><F134/><W96/><G96/><T94/><D133/><U47/><E74/><V73/><F73/><W25/><G25/><T8/><D131/><U66/><E72/><V56/><F113/><W88/><G88/><T116/><D106/><U3/><E35/><V12/><F27/><W104/><G104/><T16/><D26/><U45/><E34/><V101/><F33/><W39/><G39/><T108/><D103/><U57/><E3/><V120/><F101/><W11/><G11/><T49/><D8/><U4/><E4/><AGARI ba="1,2" hai="4,5,6,37,42,46,59,60,67,84,91,95,124,127" machi="4" ten="40,2600,0" yaku="1,1,52,1,53,0" doraHai="41" doraHaiUra="118" who="3" fromWho="1" sc="255,0,265,-29,235,0,225,49" /><INIT seed="1,0,0,0,3,112" ten="255,236,235,274" oya="1" hai0="70,114,17,53,24,86,8,40,98,93,108,41,109" hai1="69,78,82,52,99,88,72,34,15,3,65,94,96" hai2="120,84,57,83,42,117,106,90,105,92,6,67,101" hai3="39,56,91,27,58,73,61,102,28,122,2,1,21"/><U36/><E3/><V5/><F120/><W79/><G122/><T75/><D114/><U16/><E36/><V43/><F106/><W0/><G39/><T32/><D75/><U51/><E34/><V115/><F105/><W118/><G102/><T81/><D70/><U85/><E65/><V55/><F67/><W128/><G128/><T31/><D53/><U30/><E30/><V62/><F117/><W37/><G37/><T46/><D8/><U26/><E26/><V59/><F59/><W13/><G118/><T4/><D17/><U97/><E69/><V47/><F115/><W64/><G91/><N who="0" m="55615" /><D4/><N who="2" m="1642" /><F47/><W113/><G113/><T12/><D12/><U119/><E119/><V76/><F101/><W135/><G135/><T107/><D107/><U33/><E33/><V50/><F62/><W23/><G58/><T111/><D46/><N who="1" m="27767" /><E72/><V11/><F11/><AGARI ba="0,0" hai="11,15,16,78,82,85,88,94,96,97,99" m="27767" machi="11" ten="30,11600,0" yaku="8,1,54,3" doraHai="112" who="1" fromWho="2" sc="255,0,236,116,235,-116,274,0" /><INIT seed="1,1,0,5,4,103" ten="255,352,119,274" oya="1" hai0="97,65,109,120,3,96,98,85,106,72,18,6,29" hai1="33,41,118,56,119,91,10,99,15,61,115,114,25" hai2="63,87,46,49,30,64,32,45,31,53,52,77,0" hai3="57,35,127,4,44,67,113,20,131,34,69,92,37"/><U59/><E41/><V68/><F0/><W130/><G113/><T50/><D72/><U107/><E114/><V12/><F32/><W9/><G69/><T89/><D29/><U133/><E115/><V66/><F66/><W111/><G111/><T48/><D109/><U79/><E79/><V17/><F77/><W108/><G108/><T5/><D65/><U105/><E118/><V19/><F19/><W129/><G127/><T100/><D120/><U101/><E107/><V125/><F125/><W102/><G20/><T60/><D18/><U26/><E33/><V16/><F87/><W13/><G37/><T88/><D60/><U122/><E122/><V38/><F17/><W54/><G44/><T7/><D3/><U8/><E8/><V42/><REACH who="2" step="1"/><F53/><REACH who="2" ten="255,352,109,274" step="2"/><W81/><G67/><T110/><D110/><U124/><E124/><V82/><F82/><W11/><G81/><T55/><D55/><U121/><E121/><V28/><F28/><W117/><G34/><T128/><D98/><U76/><E76/><V24/><F24/><W2/><G35/><T135/><D97/><U51/><E99/><V36/><F36/><W40/><G2/><T47/><D85/><U116/><E116/><V71/><F71/><W27/><G117/><T58/><D96/><U74/><E119/><V83/><F83/><W86/><G54/><N who="0" m="32071" /><D7/><U126/><E126/><V93/><F93/><W39/><G4/><T1/><D6/><U78/><E78/><V112/><F112/><W95/><G86/><T84/><D84/><U123/><E123/><V43/><F43/><W73/><G40/><RYUUKYOKU ba="1,1" sc="255,-10,352,-10,109,30,274,-10" hai2="12,16,30,31,38,42,45,46,49,52,63,64,68" /><INIT seed="2,2,1,3,0,57" ten="245,342,139,264" oya="2" hai0="102,86,45,49,19,58,59,122,44,98,14,112,120" hai1="93,130,75,68,87,62,17,105,20,8,31,38,50" hai2="61,6,85,82,65,10,99,15,73,69,133,24,18" hai3="53,84,23,128,39,77,66,12,113,79,2,0,1"/><V109/><F133/><W22/><G39/><T88/><D112/><U32/><E38/><V47/><F109/><W26/><G113/><T127/><D127/><U107/><E75/><V104/><F73/><W30/><G128/><T91/><D120/><U67/><E8/><V121/><F121/><W80/><G66/><T13/><D122/><U135/><E130/><V131/><F131/><W70/><G70/><T108/><D108/><U37/><E37/><V78/><F47/><N who="0" m="17994" /><D102/><U3/><E3/><V36/><F36/><W35/><G53/><N who="0" m="32047" /><D98/><U48/><E135/><V11/><F24/><W56/><G56/><T63/><D19/><U96/><E87/><V117/><F117/><W116/><G116/><T126/><D126/><U34/><E105/><V74/><F74/><W60/><G60/><T90/><D86/><U100/><E107/><V46/><F46/><W101/><G101/><T124/><D124/><U103/><E103/><V97/><REACH who="2" step="1"/><F104/><REACH who="2" ten="245,342,129,264" step="2"/><W118/><G118/><T5/><D5/><U95/><E100/><V81/><F81/><W119/><G119/><T111/><D111/><U4/><E95/><V40/><F40/><W54/><G80/><T125/><D125/><U94/><E93/><V129/><F129/><W123/><G26/><T25/><D25/><U76/><E94/><V16/><F16/><W114/><G123/><T7/><D7/><U55/><E4/><V51/><F51/><W42/><G114/><T110/><D110/><U27/><E50/><V83/><F83/><W106/><G106/><T52/><AGARI ba="2,2" hai="13,14,52,59,63,88,90,91" m="32047,17994" machi="52" ten="30,7900,0" yaku="8,1,52,1,54,2" doraHai="57" who="0" fromWho="0" sc="245,105,342,-22,129,-41,264,-22" /><INIT seed="3,0,0,2,1,89" ten="350,320,88,242" oya="3" hai0="129,7,19,125,23,67,88,85,42,9,41,46,94" hai1="55,98,110,0,35,128,118,18,109,40,21,95,59" hai2="15,57,82,69,11,62,113,5,30,34,58,16,108" hai3="47,25,92,36,26,44,8,4,51,32,91,28,68"/><W122/><G122/><T135/><D129/><U1/><E35/><V50/><F113/><W114/><G114/><T45/><D135/><U70/><E70/><V81/><F108/><N who="1" m="41577" /><E40/><N who="0" m="15465" /><D125/><U13/><E118/><V97/><F69/><W43/><G26/><N who="0" m="14719" /><D67/><U93/><E128/><V12/><F50/><W132/><G132/><T3/><D3/><N who="1" m="1099" /><E98/><V31/><F58/><W61/><G68/><T107/><D107/><U127/><E127/><V53/><F34/><W17/><G61/><AGARI ba="0,0" hai="13,18,21,55,59,61,93,95" m="1099,41577" machi="61" ten="30,3900,0" yaku="14,1,52,2" doraHai="89" who="1" fromWho="3" sc="350,0,320,39,88,0,242,-39" owari="350,15.0,359,45.9,88,-41.2,203,-19.7" /></mjloggm>