<mjloggm ver="2.3"><GO type="225" lobby="0"/><UN n0="%E2%91%A3%E9%81%BF%E9%81%8A%E6%88%AF%E3%80%90%E6%9D%B1%E5%8D%97%E3%80%91" n1="%6D%75%75%6D%75%72%61" n2="%6C%61%6D%62" n3="%33%73%74%72%69%6B%65%73" dan="16,17,16,16" rate="2110.17,2222.48,2145.55,2120.59" sx="M,F,M,M"/><TAIKYOKU oya="0"/><INIT seed="0,0,0,0,2,135" ten="250,250,250,250" oya="0" hai0="111,73,2,16,3,39,101,95,26,58,125,30,104" hai1="70,28,126,19,117,87,69,129,41,62,100,121,55" hai2="71,64,29,132,80,81,23,17,60,133,97,74,25" hai3="12,90,122,107,22,14,57,91,131,40,66,51,45"/><T7/><D39/><U49/><E117/><V109/><F109/><W32/><G32/><T13/><D73/><U6/><E121/><V34/><F97/><W61/><G122/><T85/><D111/><U38/><E129/><V72/><F72/><W8/><G107/><T20/><D104/><U84/><E100/><V108/><F108/><W65/><G131/><T1/><D58/><U9/><E19/><V18/><F18/><N who="3" m="10583" /><G65/><T92/><D92/><U42/><E28/><V21/><F34/><W67/><G67/><T116/><D116/><U52/><E38/><V83/><REACH who="2" step="1"/><F74/><REACH who="2" ten="250,250,240,250" step="2"/><W103/><G103/><T89/><D101/><U86/><E86/><V124/><F124/><W88/><G90/><T120/><D120/><U4/><E126/><V128/><F128/><W43/><G43/><T98/><D125/><U127/><E127/><V53/><F53/><W31/><G31/><T118/><D118/><U76/><E41/><V44/><F44/><W15/><G8/><T110/><D110/><U123/><E42/><V130/><F130/><W114/><G91/><T94/><D98/><U59/><E123/><V119/><F119/><W56/><G88/><T96/><D96/><U50/><E84/><V68/><F68/><W33/><G33/><N who="0" m="20695" /><D95/><U24/><E70/><V113/><F113/><W82/><G114/><T112/><D112/><U35/><E69/><V102/><F102/><W27/><G40/><T48/><D48/><N who="1" m="18539" /><E55/><V93/><F93/><W5/><G45/><T46/><D46/><U10/><E87/><V0/><F0/><W77/><G66/><T47/><D47/><RYUUKYOKU ba="0,1" sc="250,15,250,-15,240,15,250,-15" hai0="1,2,3,7,13,16,20,85,89,94" hai2="17,21,23,25,29,60,64,71,80,81,83,132,133" /><INIT seed="0,1,1,4,2,33" ten="265,235,255,235" oya="0" hai0="109,9,23,51,49,12,86,119,114,78,91,64,34" hai1="66,67,122,55,32,47,16,112,24,84,92,6,18" hai2="65,60,29,53,19,41,25,20,79,130,2,61,131" hai3="103,83,37,82,96,95,68,50,62,40,98,120,117"/><T74/><D119/><U108/><E122/><V123/><F123/><W81/><G117/><T0/><D34/><U126/><E108/><V13/><F2/><W87/><G37/><T3/><D109/><U14/><E126/><V31/><F41/><W4/><G120/><T45/><D114/><U116/><E116/><V10/><F79/><W115/><G115/><T93/><D64/><N who="1" m="24619" /><E32/><V89/><F89/><N who="3" m="53695" /><G68/><T36/><D23/><N who="1" m="13415" /><E6/><V42/><F42/><W134/><G4/><T22/><D22/><N who="1" m="11607" /><E112/><V110/><F110/><W48/><G134/><T5/><D36/><U71/><E71/><V39/><F39/><W77/><G77/><T132/><D132/><U44/><E55/><V56/><REACH who="2" step="1"/><F29/><REACH who="2" ten="265,235,245,235" step="2"/><W121/><G40/><T54/><REACH who="0" step="1"/><D51/><REACH who="0" ten="255,235,245,235" step="2"/><U97/><E44/><V104/><F104/><W80/><N who="3" m="20480" /><DORA hai="99" /><W128/><G121/><T88/><D88/><U26/><E47/><V7/><F7/><W90/><G50/><T69/><D69/><AGARI ba="1,3" hai="10,13,19,20,25,31,53,56,60,61,65,69,130,131" machi="69" ten="40,1300,0" yaku="1,1,53,0" doraHai="33,99" doraHaiUra="76,72" who="2" fromWho="0" sc="255,-16,235,0,245,46,235,0" /><INIT seed="1,0,0,4,3,33" ten="239,235,291,235" oya="1" hai0="14,24,122,62,5,4,90,47,117,39,74,16,104" hai1="11,73,95,36,112,86,46,129,99,37,0,72,82" hai2="76,32,110,8,27,13,3,106,17,105,68,71,84" hai3="42,75,126,19,124,114,44,1,116,83,100,108,9"/><U134/><E112/><V70/><F110/><W87/><G114/><T89/><D117/><U53/><E129/><V64/><F64/><W29/><G29/><T109/><D104/><U38/><E134/><V132/><F132/><W107/><G108/><T34/><D109/><U45/><E11/><V127/><F127/><N who="3" m="48683" /><G75/><T128/><D74/><U85/><E0/><V121/><F121/><W56/><G56/><T31/><D122/><U120/><E120/><V103/><F103/><W26/><G116/><T93/><D128/><U43/><E73/><V51/><F51/><N who="3" m="27031" /><G26/><T22/><D90/><U50/><E72/><V101/><F101/><W91/><G100/><T94/><D93/><U28/><E28/><V49/><F49/><W130/><G107/><T123/><D123/><U77/><REACH who="1" step="1"/><E85/><REACH who="1" ten="239,225,291,235" step="2"/><V41/><F84/><W66/><G130/><T113/><D113/><U79/><E79/><V131/><F3/><W2/><G66/><T135/><D135/><U119/><E119/><V111/><F131/><W25/><G9/><T97/><REACH who="0" step="1"/><D62/><REACH who="0" ten="229,225,291,235" step="2"/><U58/><E58/><V20/><F111/><W30/><G19/><T88/><D88/><AGARI ba="0,2" hai="36,37,38,43,45,46,50,53,77,82,86,88,95,99" machi="88" ten="30,5800,0" yaku="1,1,7,1,54,1,53,0" doraHai="33" doraHaiUra="67" who="1" fromWho="0" sc="229,-58,225,78,291,0,235,0" /><INIT seed="1,1,0,1,5,123" ten="171,303,291,235" oya="1" hai0="78,37,132,104,109,120,46,54,25,51,10,91,107" hai1="69,94,103,95,43,112,72,110,88,76,83,79,128" hai2="59,130,73,5,58,24,98,96,131,6,101,84,102" hai3="27,56,23,63,7,57,74,85,41,1,13,0,117"/><U39/><E112/><V26/><REACH who="2" step="1"/><F84/><REACH who="2" ten="171,303,281,235" step="2"/><W47/><G85/><T127/><D120/><U30/><E72/><AGARI ba="1,1" hai="5,6,24,26,58,59,72,73,96,98,101,102,130,131" machi="72" ten="25,8000,1" yaku="21,2,2,1,22,2,53,0" doraHai="123" doraHaiUra="38" who="2" fromWho="1" sc="171,0,303,-83,281,93,235,0" /><INIT seed="2,0,0,4,1,132" ten="171,220,374,235" oya="2" hai0="34,62,49,84,111,127,3,1,14,86,21,102,99" hai1="73,108,53,25,18,70,91,27,51,37,85,26,30" hai2="101,92,134,135,54,58,36,61,32,112,103,116,81" hai3="120,89,7,12,113,97,80,124,126,75,17,13,10"/><V100/><F112/><W72/><G120/><T16/><D111/><U69/><E108/><V50/><F36/><W95/><G113/><T5/><D34/><U29/><E37/><V114/><F114/><W109/><G109/><T43/><D62/><U96/><E73/><V11/><F116/><W60/><G60/><T119/><D119/><U15/><E96/><V82/><F32/><W74/><REACH who="3" step="1"/><G80/><REACH who="3" ten="171,220,374,225" step="2"/><T59/><D3/><U39/><E70/><V52/><F134/><W129/><G129/><T64/><D1/><U115/><E69/><V40/><F135/><W63/><G63/><N who="0" m="38015" /><D5/><U47/><E115/><V131/><F131/><W41/><G41/><T19/><D43/><U121/><E121/><V118/><F118/><W128/><G128/><T87/><D49/><U77/><E39/><V122/><F122/><W94/><G94/><N who="0" m="58743" /><D127/><U76/><E29/><V22/><F40/><W46/><G46/><T56/><D56/><U65/><E30/><V67/><F81/><W38/><G38/><T98/><D19/><U9/><E65/><V55/><F82/><AGARI ba="0,1" hai="9,15,18,25,26,27,47,51,53,76,77,82,85,91" machi="82" ten="40,5200,0" yaku="25,2,8,1" doraHai="132" who="1" fromWho="2" sc="171,0,220,62,374,-52,225,0" /><INIT seed="3,0,0,0,5,104" ten="171,282,322,225" oya="3" hai0="3,83,113,44,10,119,76,131,5,41,60,111,7" hai1="117,23,56,89,107,102,96,133,57,43,90,63,74" hai2="88,121,6,62,68,69,50,38,16,0,103,86,37" hai3="73,55,132,48,129,4,15,123,61,59,126,47,46"/><W115/><G115/><T84/><D113/><U110/><E110/><V25/><F103/><W70/><G123/><T67/><D111/><U24/><E133/><V75/><F75/><W116/><G116/><T19/><D119/><U94/><E117/><V33/><F0/><W53/><G132/><T87/><D131/><U13/><E74/><V77/><F6/><W72/><G129/><T1/><D19/><U109/><E109/><V30/><F77/><W21/><G126/><T20/><D20/><U100/><E107/><V64/><F68/><W65/><G21/><T51/><D7/><U114/><E43/><V8/><F121/><W118/><G118/><T127/><D127/><U125/><E114/><V112/><F112/><W120/><G120/><T91/><D91/><U106/><E106/><V35/><F35/><W2/><G2/><T9/><D9/><U82/><E13/><V105/><F105/><W135/><G135/><T66/><D66/><U98/><E56/><V128/><F50/><W45/><REACH who="3" step="1"/><G55/><REACH who="3" ten="171,282,322,215" step="2"/><T54/><D54/><N who="1" m="34231" /><E125/><V34/><F128/><W39/><G39/><T58/><REACH who="0" step="1"/><D87/><REACH who="0" ten="161,282,322,215" step="2"/><N who="1" m="50423" /><E96/><V130/><F130/><W85/><G85/><T52/><D52/><U93/><E23/><V40/><F34/><W134/><G134/><T80/><D80/><U99/><E99/><V95/><F33/><W18/><G18/><T97/><D97/><U14/><E98/><V32/><F16/><W71/><G71/><T17/><D17/><U28/><E100/><V124/><F124/><W108/><G108/><T31/><D31/><U78/><E102/><V81/><F32/><RYUUKYOKU ba="0,2" sc="161,15,282,-15,322,-15,215,15" hai0="1,3,5,10,41,44,51,58,60,67,76,83,84" hai3="4,15,45,46,47,48,53,59,61,65,70,72,73" /><INIT seed="3,1,2,1,2,14" ten="176,267,307,230" oya="3" hai0="113,100,18,43,30,27,59,53,111,2,76,75,17" hai1="58,73,84,120,35,99,114,108,31,36,62,81,82" hai2="66,88,3,0,86,109,92,57,110,22,85,103,121" hai3="8,101,21,118,130,74,20,1,124,12,38,51,87"/><W40/><G118/><T25/><D111/><N who="2" m="42506" /><F121/><W64/><G74/><T61/><D113/><U5/><E114/><V69/><F69/><W34/><G34/><T112/><D112/><U98/><E5/><V94/><F22/><W68/><G38/><T65/><D2/><N who="2" m="554" /><F103/><W129/><G101/><T122/><D122/><U119/><E99/><N who="2" m="57735" /><F94/><W107/><G1/><T135/><D135/><U132/><E98/><V80/><F80/><W96/><G96/><T63/><D100/><U102/><E82/><V9/><F9/><W48/><G87/><T123/><D123/><U19/><E81/><V39/><F39/><W70/><G107/><T89/><D89/><U95/><E36/><V42/><F42/><W78/><G78/><T115/><D115/><U93/><E93/><V128/><F128/><N who="3" m="49259" /><G40/><T37/><D76/><U56/><E95/><V50/><F66/><W33/><G33/><T116/><D75/><U24/><E35/><V126/><F126/><W117/><G124/><T10/><D116/><U105/><E73/><V44/><F44/><W67/><G117/><T11/><D37/><U46/><E102/><V29/><F29/><W104/><G104/><T91/><D91/><U72/><E31/><V55/><AGARI ba="1,2" hai="50,55,57,85,86" m="57735,554,42506" machi="55" ten="40,2700,0" yaku="14,1,54,1" doraHai="14" who="2" fromWho="2" sc="176,-8,267,-8,307,50,230,-14" owari="168,-33.2,259,5.9,357,45.7,216,-18.4" /></mjloggm>