<mjloggm ver="2.3"><GO type="225" lobby="0"/><UN n0="%33%74%72%65%65" n1="%E7%B4%94%E6%BD%94%E3%83%94%E3%83%A9%E3%83%8B%E3%82%A2" n2="%6D%75%75%6D%75%72%61" n3="%E3%81%82%E3%81%99%E3%81%AB%E3%82%83%E3%82%80" dan="16,18,16,16" rate="2158.07,2261.98,2149.70,2161.74" sx="F,M,F,F"/><TAIKYOKU oya="0"/><INIT seed="0,0,0,3,4,89" ten="250,250,250,250" oya="0" hai0="131,31,107,64,81,32,9,51,124,27,34,28,119" hai1="115,104,128,96,118,60,30,18,116,112,53,114,111" hai2="3,10,44,46,97,134,42,38,80,39,95,65,74" hai3="8,26,77,75,63,88,12,92,29,94,93,40,70"/><T105/><D119/><N who="1" m="45611" /><E30/><V61/><F134/><W20/><G75/><T7/><D131/><U33/><E33/><V57/><F46/><W126/><G77/><T106/><D124/><U41/><E18/><V66/><F74/><W108/><G108/><T73/><D64/><U59/><E96/><V4/><F80/><W91/><G126/><T127/><D127/><U82/><E82/><V43/><F43/><W24/><G40/><T90/><D51/><U102/><E102/><V78/><F78/><W110/><G110/><T87/><D73/><U48/><E104/><V109/><F109/><W123/><G123/><T2/><REACH who="0" step="1"/><D105/><REACH who="0" ten="240,250,250,250" step="2"/><U47/><E111/><V45/><F66/><W52/><G70/><T37/><D37/><N who="1" m="21935" /><E128/><V14/><F38/><W71/><G71/><T56/><D56/><U16/><E48/><V49/><F39/><W1/><G1/><T133/><D133/><U86/><E115/><V120/><F120/><W50/><G63/><T103/><D103/><U6/><E114/><V21/><F49/><W58/><REACH who="3" step="1"/><G26/><AGARI ba="0,1" hai="2,7,9,26,27,28,31,32,34,81,87,90,106,107" machi="26" ten="40,7700,0" yaku="1,1,9,1,53,1" doraHai="89" doraHaiUra="84" who="0" fromWho="3" sc="240,87,250,0,250,0,250,-77" /><INIT seed="0,1,0,1,5,82" ten="327,250,250,173" oya="0" hai0="45,100,88,18,91,56,48,130,101,35,128,123,127" hai1="44,27,121,23,14,47,61,41,83,60,79,59,28" hai2="11,25,90,31,43,132,104,129,71,50,108,10,29" hai3="26,72,122,24,105,89,6,64,119,73,17,20,0"/><T66/><D123/><U1/><E1/><V70/><F104/><W75/><G119/><T74/><D74/><U87/><E121/><V125/><F108/><W62/><G122/><T96/><D35/><U67/><E41/><V78/><F78/><W9/><G105/><T37/><D37/><U113/><E113/><V32/><F125/><W135/><G135/><T52/><D127/><U110/><E110/><V2/><F129/><N who="0" m="49770" /><D18/><U97/><E14/><V107/><F107/><W30/><G89/><N who="0" m="34379" /><D96/><U69/><REACH who="1" step="1"/><E97/><REACH who="1" ten="327,240,250,173" step="2"/><V13/><F132/><W111/><G111/><T99/><D99/><U112/><E112/><V95/><F43/><W12/><REACH who="3" step="1"/><G30/><REACH who="3" ten="327,240,250,163" step="2"/><T58/><D100/><U86/><E86/><V8/><F31/><W126/><G126/><T21/><D101/><U7/><E7/><V57/><F29/><W131/><G131/><T80/><D80/><U117/><E117/><V34/><F34/><W106/><G106/><T15/><D66/><AGARI ba="1,2" hai="23,27,28,44,47,59,60,61,66,67,69,79,83,87" machi="66" ten="30,3900,0" yaku="1,1,7,1,52,1,53,0" doraHai="82" doraHaiUra="4" who="1" fromWho="0" sc="327,-42,240,62,250,0,163,0" /><INIT seed="1,0,0,0,4,67" ten="285,302,250,163" oya="1" hai0="57,98,13,114,86,107,9,36,80,90,22,52,19" hai1="38,111,79,65,2,14,35,21,33,44,105,43,6" hai2="69,49,119,30,26,76,83,1,55,89,27,84,56" hai3="118,117,11,37,129,75,132,120,58,101,62,29,131"/><U94/><E105/><V12/><F119/><N who="3" m="45579" /><G75/><T133/><D36/><U50/><E2/><V39/><F1/><W96/><G37/><T123/><D114/><U121/><E121/><V108/><F108/><W15/><G29/><T16/><D133/><U20/><E111/><V8/><F39/><W42/><G42/><T95/><D107/><U115/><E115/><V99/><F69/><W17/><G120/><T45/><D123/><U47/><E21/><V78/><F99/><W93/><G132/><T81/><D98/><U41/><E94/><V51/><F51/><W46/><G46/><T116/><D45/><U7/><E65/><AGARI ba="0,0" hai="11,15,17,58,62,65,93,96,101,129,131" m="45579" machi="65" ten="30,1000,0" yaku="12,1" doraHai="67" who="3" fromWho="1" sc="285,0,302,-10,250,0,163,10" /><INIT seed="2,0,0,1,5,46" ten="285,292,250,173" oya="2" hai0="31,54,117,26,52,37,56,110,114,82,28,84,24" hai1="101,61,129,78,40,74,55,69,79,18,43,14,109" hai2="41,71,112,20,50,64,115,67,57,103,87,88,97" hai3="118,92,81,130,60,65,75,113,10,16,134,8,98"/><V94/><F71/><W124/><G118/><T125/><D114/><U45/><E109/><V15/><F112/><W80/><G113/><T59/><D117/><U96/><E129/><V23/><F115/><W121/><G130/><T108/><D37/><U38/><E43/><V5/><F5/><W25/><G121/><T51/><D125/><U6/><E6/><V105/><F15/><W30/><G124/><T36/><D36/><U127/><E74/><V62/><REACH who="2" step="1"/><F67/><REACH who="2" ten="285,292,240,173" step="2"/><W86/><G134/><T83/><D110/><U34/><E69/><V128/><F128/><W126/><G126/><T22/><D108/><U11/><E127/><V107/><F107/><W89/><G8/><T73/><D73/><U77/><E34/><V27/><F27/><W3/><G75/><T85/><D22/><U120/><E120/><V29/><F29/><W66/><G3/><T119/><D119/><U70/><E70/><V102/><F102/><W122/><G122/><T17/><D17/><U33/><E33/><V63/><F63/><W42/><G65/><T44/><D31/><U12/><E12/><V47/><AGARI ba="0,1" hai="20,23,41,47,50,57,62,64,87,88,94,97,103,105" machi="47" ten="30,12000,1" yaku="1,1,0,1,52,1,54,1,53,1" doraHai="46" doraHaiUra="100" who="2" fromWho="2" sc="285,-40,292,-40,240,130,173,-40" /><INIT seed="2,1,0,1,3,110" ten="245,252,370,133" oya="2" hai0="117,23,113,68,132,59,3,9,13,24,6,11,99" hai1="45,115,123,53,56,25,92,54,38,105,134,15,94" hai2="128,79,49,16,125,131,18,119,129,108,114,88,1" hai3="20,12,22,126,100,5,124,89,2,130,91,69,37"/><V102/><F119/><W90/><G69/><T85/><D68/><U120/><E105/><V104/><F1/><W46/><G130/><T55/><D117/><U72/><E72/><V97/><F108/><W67/><G67/><T7/><D132/><U41/><E134/><V43/><F125/><W21/><G100/><T44/><D44/><U87/><E25/><V112/><F79/><W39/><G2/><T66/><D66/><U81/><E15/><V27/><F88/><N who="3" m="22531" /><W47/><DORA hai="73" /><G46/><T133/><D133/><U77/><E54/><V80/><F80/><W58/><G47/><T74/><D74/><U42/><E41/><V34/><F43/><W75/><G75/><T33/><D33/><U127/><E127/><N who="3" m="48682" /><G58/><T63/><D59/><U135/><E135/><V118/><F118/><W57/><G57/><T103/><D103/><U28/><E28/><N who="2" m="19743" /><F49/><W29/><G29/><T31/><D31/><U36/><E38/><N who="3" m="14346" /><G5/><T96/><D6/><U35/><E35/><V86/><F86/><W26/><G26/><T60/><D85/><U106/><E94/><V98/><F98/><W116/><G116/><T62/><D24/><U32/><E92/><V65/><F65/><W93/><G93/><T61/><D3/><U107/><E32/><V84/><F84/><W50/><G50/><T51/><D51/><U19/><E36/><V83/><F83/><W121/><G121/><T40/><D7/><U4/><E123/><V76/><F76/><W64/><G64/><T14/><D60/><U48/><E120/><V10/><F97/><N who="0" m="37450" /><D63/><U82/><E48/><V78/><F131/><RYUUKYOKU ba="1,0" sc="245,-10,252,-10,370,-10,133,30" hai3="12,20,21,22" /><INIT seed="3,2,0,5,4,5" ten="235,242,360,163" oya="3" hai0="31,89,135,51,108,98,132,48,106,53,70,83,25" hai1="14,88,46,90,27,64,101,28,120,40,74,29,99" hai2="87,49,58,37,39,30,126,52,19,1,63,72,59" hai3="18,109,110,26,36,131,62,17,68,127,125,78,133"/><W114/><G36/><T7/><D70/><U8/><E74/><V123/><F72/><W85/><G114/><T84/><D108/><N who="3" m="41577" /><G133/><N who="0" m="51275" /><D7/><U80/><E64/><V73/><F73/><W34/><G131/><T67/><D67/><U112/><E120/><V115/><F39/><W23/><G68/><T56/><D98/><U75/><E75/><V0/><F37/><W128/><G128/><T43/><D106/><U9/><E14/><V102/><F115/><W122/><G122/><T21/><D43/><U10/><E112/><V82/><F123/><W105/><G105/><T41/><D41/><U95/><E27/><V104/><F104/><W3/><G62/><AGARI ba="2,0" hai="21,25,31,48,51,53,56,62,83,84,89" m="51275" machi="62" ten="30,1000,0" yaku="20,1" doraHai="5" who="0" fromWho="3" sc="235,16,242,0,360,0,163,-16" owari="251,5.1,242,-15.8,360,46.0,147,-35.3" /></mjloggm>