<mjloggm ver="2.3"><GO type="225" lobby="0"/><UN n0="%E4%BA%BA%E9%96%93%E3%83%81%E3%83%A3%E3%83%BC%E3%83%8F%E3%83%B3" n1="%EF%BC%AE%EF%BC%A1%EF%BC%AF%33%33%39" n2="%E6%A1%9C%E8%8A%B1%E9%96%83%E3%80%85" n3="%33%74%72%65%65" dan="16,17,16,16" rate="2132.85,2139.12,2172.62,2154.42" sx="M,M,M,F"/><TAIKYOKU oya="0"/><INIT seed="0,0,0,1,0,43" ten="250,250,250,250" oya="0" hai0="6,41,119,135,25,75,106,39,24,27,1,30,99" hai1="53,45,22,51,96,103,97,122,86,108,127,42,28" hai2="65,109,74,81,17,98,29,33,124,9,129,131,26" hai3="60,52,14,35,11,8,102,66,68,112,67,49,21"/><T105/><D119/><U87/><E122/><V100/><F109/><W79/><G112/><T5/><D75/><U93/><E108/><V110/><F110/><W104/><G35/><T32/><D135/><U55/><E127/><V40/><F124/><W69/><G79/><T92/><D105/><U77/><E97/><V70/><F40/><W47/><G104/><T90/><D106/><U125/><E125/><V4/><F17/><W73/><G73/><T13/><D1/><U83/><REACH who="1" step="1"/><E86/><REACH who="1" ten="250,240,250,250" step="2"/><V58/><F98/><W38/><G102/><T57/><D32/><U15/><E15/><V61/><F100/><W59/><G14/><T94/><D13/><U91/><E91/><V134/><F134/><W56/><G21/><T123/><D123/><U18/><E18/><V0/><REACH who="2" step="1"/><F58/><REACH who="2" ten="250,240,240,250" step="2"/><N who="3" m="33039" /><G11/><T114/><D114/><U46/><E46/><V95/><F95/><W48/><G8/><T84/><D92/><U76/><E76/><AGARI ba="0,2" hai="0,4,9,26,29,33,61,65,70,74,76,81,129,131" machi="76" ten="40,5200,0" yaku="1,1,23,2,53,0" doraHai="43" doraHaiUra="115" who="2" fromWho="1" sc="250,0,240,-52,240,72,250,0" /><INIT seed="1,0,0,2,3,118" ten="250,188,312,250" oya="1" hai0="53,94,133,120,66,131,68,59,26,62,105,76,129" hai1="60,89,75,28,43,61,37,12,16,30,23,19,38" hai2="86,73,82,74,24,14,46,121,1,114,96,79,109" hai3="100,4,107,39,13,77,98,130,111,35,67,45,128"/><U10/><E75/><V58/><F1/><W112/><G112/><T57/><D105/><U97/><E38/><V65/><F121/><W85/><G111/><T103/><D133/><U34/><E34/><V122/><F122/><W135/><G135/><T90/><D120/><U119/><E119/><V88/><F109/><W31/><G67/><T125/><D125/><U116/><E116/><V87/><F114/><W3/><G13/><T44/><D103/><U52/><E43/><V124/><F124/><W78/><G85/><T108/><D76/><U55/><E37/><V84/><F24/><N who="3" m="18919" /><G78/><T17/><D108/><U69/><E69/><V117/><F74/><W93/><G93/><T115/><D115/><U41/><E41/><V7/><F46/><W72/><G45/><T11/><D44/><U40/><E40/><V127/><F127/><W8/><G39/><T6/><D68/><U71/><E71/><V91/><F96/><W49/><G49/><T29/><D17/><U101/><E61/><V123/><F123/><W99/><G99/><N who="0" m="57815" /><D59/><N who="1" m="34919" /><E55/><V70/><F70/><W51/><G51/><T22/><D66/><U36/><E101/><V27/><F117/><W83/><AGARI ba="0,0" hai="3,4,8,72,77,83,98,100,107,128,130" m="18919" machi="83" ten="30,1100,0" yaku="23,1" doraHai="118" who="3" fromWho="3" sc="250,-3,188,-5,312,-3,250,11" /><INIT seed="2,0,0,4,0,114" ten="247,183,309,261" oya="2" hai0="21,39,124,66,127,79,22,49,95,4,65,30,0" hai1="28,123,126,111,15,6,133,77,74,19,125,135,46" hai2="67,3,48,86,88,78,23,42,91,17,83,9,69" hai3="98,93,109,2,32,61,34,119,55,45,35,16,75"/><V99/><F69/><W20/><G109/><T36/><D79/><U82/><E28/><V89/><F67/><N who="0" m="25610" /><D95/><U110/><E46/><N who="2" m="25687" /><F3/><W50/><G2/><T41/><D4/><U5/><E5/><V47/><F47/><W44/><G75/><T130/><D0/><U102/><E6/><V62/><F62/><W87/><G87/><T53/><D30/><U25/><E25/><N who="2" m="14575" /><F9/><W76/><G44/><N who="0" m="27815" /><D130/><U129/><E19/><V10/><F10/><W80/><G16/><T106/><D106/><U57/><E57/><V90/><F91/><W84/><G20/><N who="0" m="7787" /><D41/><U64/><E64/><V81/><F81/><W94/><G61/><T101/><D101/><U104/><E15/><V37/><F37/><W24/><G24/><T105/><D105/><U97/><E123/><V29/><F29/><W33/><G33/><T60/><D60/><U122/><E122/><V7/><F7/><W18/><G18/><T112/><D112/><U63/><E63/><V115/><F115/><W121/><G121/><T132/><D132/><N who="1" m="50763" /><E129/><V113/><F113/><W85/><G34/><T54/><D54/><U13/><E13/><V92/><AGARI ba="0,0" hai="78,83,86,88,89,90,92,99" m="14575,25687" machi="92" ten="30,3000,0" yaku="8,1,54,1" doraHai="114" who="2" fromWho="2" sc="247,-10,183,-10,309,30,261,-10" /><INIT seed="2,1,0,2,3,39" ten="237,173,339,251" oya="2" hai0="10,128,41,45,97,58,53,0,19,37,51,28,121" hai1="7,87,30,35,8,116,24,105,98,122,79,15,100" hai2="118,111,26,82,76,1,101,109,103,21,110,99,104" hai3="95,84,48,2,31,74,94,23,43,81,27,12,55"/><V6/><F118/><W29/><G2/><T114/><D128/><U13/><E116/><V18/><F103/><W70/><G70/><T9/><D121/><U77/><E122/><V3/><REACH who="2" step="1"/><F6/><REACH who="2" ten="237,173,329,251" step="2"/><W42/><G74/><AGARI ba="1,1" hai="1,3,18,21,26,74,76,82,99,101,104,109,110,111" machi="74" ten="40,12000,1" yaku="1,1,2,1,14,1,10,1,53,0" doraHai="39" doraHaiUra="124" who="2" fromWho="3" sc="237,0,173,0,329,133,251,-123" /><INIT seed="2,2,0,5,5,45" ten="237,173,462,128" oya="2" hai0="128,78,94,50,12,116,59,74,31,91,93,114,68" hai1="84,9,37,30,53,61,65,119,73,17,64,90,36" hai2="135,131,13,24,63,2,125,46,18,0,124,105,134" hai3="92,42,103,108,60,121,27,100,39,126,72,41,99"/><V115/><F105/><W40/><G121/><T22/><D114/><U81/><E119/><V28/><F63/><W21/><G108/><T102/><D68/><U6/><E30/><V107/><F46/><W106/><G126/><N who="2" m="48745" /><F107/><W35/><G35/><T44/><D128/><U32/><E32/><N who="2" m="20487" /><F115/><W117/><G117/><T82/><D116/><U29/><E29/><V66/><F66/><W14/><G72/><T48/><D102/><U86/><E73/><V56/><F56/><W8/><G39/><T112/><D112/><U7/><E37/><V47/><F47/><W101/><G106/><T129/><D129/><U113/><E36/><V11/><F131/><W15/><G60/><T69/><D69/><U49/><E113/><V62/><F62/><W77/><G77/><T25/><D12/><N who="1" m="7311" /><E61/><V110/><F110/><W96/><G96/><T85/><D44/><N who="1" m="27815" /><E84/><V19/><F19/><W52/><G99/><T57/><REACH who="0" step="1"/><D93/><REACH who="0" ten="227,173,462,128" step="2"/><U109/><E109/><V111/><F111/><W87/><G92/><T26/><D26/><U16/><E16/><V38/><F38/><W76/><G27/><T20/><D20/><U71/><E71/><V97/><F18/><W55/><G21/><T4/><D4/><AGARI ba="2,1" hai="4,6,7,64,65,81,86,90" m="27815,7311" machi="4" ten="30,3900,0" yaku="25,1,8,1,52,1" doraHai="45" who="1" fromWho="0" sc="227,-45,173,55,462,0,128,0" /><INIT seed="3,0,0,5,4,3" ten="182,228,462,128" oya="3" hai0="53,107,99,132,119,16,112,120,50,77,101,35,96" hai1="103,46,84,128,76,9,104,26,54,47,43,41,5" hai2="94,109,124,88,127,31,11,23,29,111,130,8,73" hai3="134,55,18,85,122,48,37,1,38,110,81,24,131"/><W20/><G122/><T28/><D120/><U90/><E76/><V62/><F73/><W70/><G134/><T115/><D119/><U108/><E104/><V93/><F62/><W87/><G131/><T4/><D132/><U56/><E103/><V133/><F133/><W98/><G110/><N who="2" m="41993" /><F94/><W14/><G1/><T67/><D4/><U13/><E108/><V79/><F79/><W44/><G70/><T105/><D67/><U95/><E128/><V106/><F106/><W82/><G98/><N who="0" m="37419" /><D77/><U51/><E26/><N who="2" m="16607" /><F31/><W15/><G38/><T123/><D101/><U36/><E36/><V25/><F25/><W78/><REACH who="3" step="1"/><G37/><REACH who="3" ten="182,228,462,118" step="2"/><T49/><D123/><U7/><E43/><V83/><F130/><W129/><G129/><T65/><D112/><U102/><E41/><V64/><F127/><W63/><G63/><T52/><D115/><U42/><E42/><V74/><F124/><W17/><G17/><T97/><D16/><N who="1" m="8239" /><E102/><V118/><F118/><W71/><G71/><T66/><D28/><U39/><E39/><V92/><F92/><W135/><G135/><T60/><D107/><U75/><E75/><V126/><F126/><W68/><G68/><T2/><D105/><U57/><E7/><V30/><F30/><W89/><AGARI ba="0,1" hai="14,15,18,20,24,44,48,55,78,81,82,85,87,89" machi="89" ten="20,7800,0" yaku="1,1,0,1,7,1,8,1,53,0" doraHai="3" doraHaiUra="34" who="3" fromWho="3" sc="182,-26,228,-26,462,-26,118,88" /><INIT seed="3,1,0,3,5,54" ten="156,202,436,206" oya="3" hai0="1,29,12,116,43,88,117,3,67,52,82,104,93" hai1="130,13,21,47,85,58,122,19,74,39,25,45,135" hai2="46,18,44,92,64,86,87,17,125,128,38,24,37" hai3="36,76,60,77,95,129,2,71,42,134,96,123,6"/><W70/><G123/><T27/><D104/><U118/><E122/><V89/><F125/><W11/><G134/><T90/><D43/><U28/><E74/><V109/><F109/><W79/><G129/><T35/><D67/><U9/><E39/><V83/><F128/><W105/><G105/><T132/><D132/><U100/><E130/><V4/><F4/><W102/><G36/><T112/><D112/><U99/><E135/><V133/><F133/><W50/><G42/><T113/><D113/><U65/><E118/><V8/><F64/><W61/><REACH who="3" step="1"/><G50/><REACH who="3" ten="156,202,436,196" step="2"/><T55/><D12/><U126/><E126/><V53/><F38/><W32/><G32/><T101/><D116/><U94/><E85/><V103/><F37/><W91/><G91/><T72/><D117/><U22/><E22/><V15/><F87/><W107/><G107/><T80/><D101/><U49/><E49/><V31/><F103/><W69/><AGARI ba="1,1" hai="2,6,11,60,61,69,70,71,76,77,79,95,96,102" machi="69" ten="40,3900,0" yaku="1,1,0,1,53,0" doraHai="54" doraHaiUra="10" who="3" fromWho="3" sc="156,-14,202,-14,436,-14,196,52" /><INIT seed="3,2,0,4,3,65" ten="142,188,422,248" oya="3" hai0="36,27,94,35,84,115,43,16,109,47,92,124,18" hai1="39,83,51,75,63,112,49,14,40,135,10,50,13" hai2="42,72,64,68,2,73,17,29,134,41,128,123,106" hai3="77,8,85,70,37,20,121,26,105,119,15,107,5"/><W89/><G119/><T88/><D109/><U52/><E112/><V114/><F106/><W45/><G77/><T33/><D115/><U25/><E135/><V57/><F114/><W6/><G6/><T22/><D124/><U48/><E39/><V127/><F68/><W46/><G70/><T98/><REACH who="0" step="1"/><D18/><REACH who="0" ten="132,188,422,248" step="2"/><U44/><E75/><V125/><F17/><W120/><G120/><T87/><D87/><U96/><E96/><V122/><F73/><W117/><G85/><T0/><D0/><U82/><E63/><V34/><F2/><W23/><G121/><T95/><D95/><U11/><E25/><V1/><F1/><W111/><G26/><T118/><D118/><U7/><E40/><V132/><F72/><W78/><G111/><T53/><D53/><U130/><E130/><V69/><F42/><W24/><G24/><T97/><D97/><U58/><E44/><V90/><F41/><W67/><G46/><T76/><D76/><U54/><E54/><V81/><F127/><W74/><G78/><T4/><D4/><AGARI ba="2,1" hai="4,7,10,11,13,14,48,49,50,51,52,58,82,83" machi="4" ten="40,5200,0" yaku="9,1,8,1,54,1" doraHai="65" who="1" fromWho="0" sc="132,-58,188,68,422,0,248,0" owari="74,-42.6,256,5.6,422,52.2,248,-15.2" /></mjloggm>