<mjloggm ver="2.3"><GO type="225" lobby="0"/><UN n0="%6D%75%75%6D%75%72%61" n1="%E3%81%A9%E3%82%8F%E3%82%93%E3%81%94" n2="%E9%89%A2%E5%B7%BB%E3%82%AC%E3%83%96" n3="%E3%82%BC%E3%83%AB%E3%83%80%E3%81%AE%E4%BC%9D%E8%AA%AC" dan="16,16,16,16" rate="2199.11,2145.95,2072.73,2173.59" sx="F,M,M,M"/><TAIKYOKU oya="0"/><INIT seed="0,0,0,0,0,10" ten="250,250,250,250" oya="0" hai0="33,68,103,70,32,6,99,52,8,31,64,17,80" hai1="75,62,28,107,5,83,124,88,108,44,36,76,22" hai2="97,7,67,135,66,101,74,73,39,110,59,123,26" hai3="129,54,18,94,126,51,63,65,117,90,87,85,61"/><T122/><D122/><U118/><E107/><V23/><F123/><W35/><G117/><T95/><D17/><U116/><E108/><V89/><F110/><W121/><G121/><T128/><D128/><U92/><E124/><V84/><F135/><W79/><G35/><T29/><D32/><U100/><E100/><V3/><F39/><W49/><G126/><T9/><D80/><U58/><E5/><V46/><F46/><W111/><G129/><T41/><D41/><U15/><E44/><V43/><F43/><W130/><G130/><T40/><D40/><U2/><E2/><V104/><F7/><W60/><G111/><T38/><D9/><U134/><E36/><V48/><F3/><W30/><G30/><T131/><D38/><U127/><E127/><V77/><F77/><W105/><G105/><T42/><D42/><U25/><E134/><V14/><F67/><W34/><G34/><T20/><D33/><U37/><E15/><V71/><F71/><W12/><G65/><T119/><D131/><U21/><E21/><V120/><F120/><W132/><G132/><T114/><D119/><U112/><E112/><V78/><F78/><W93/><G54/><T115/><D114/><U81/><E81/><N who="2" m="49295" /><F14/><W69/><G69/><T96/><D115/><U45/><E45/><V125/><F125/><W57/><G57/><T0/><D70/><U82/><E82/><V98/><F66/><W11/><G79/><T50/><D68/><U53/><E37/><V1/><F1/><W47/><G47/><T109/><D109/><U24/><E24/><V4/><F26/><RYUUKYOKU ba="0,0" sc="250,-15,250,15,250,-15,250,15" hai1="22,25,28,53,58,62,75,76,83,88,92,116,118" hai3="11,12,18,49,51,60,61,63,85,87,90,93,94" /><INIT seed="1,1,0,1,1,48" ten="235,265,235,265" oya="1" hai0="119,89,16,0,11,104,13,6,47,75,76,1,35" hai1="24,100,19,88,43,26,33,129,28,36,64,69,46" hai2="61,41,29,72,81,60,128,112,8,109,62,49,87" hai3="101,34,31,106,83,25,125,126,21,133,44,30,127"/><U117/><E129/><V63/><F109/><W23/><G133/><T95/><D119/><U5/><E117/><V66/><F128/><W130/><G130/><T134/><D104/><U122/><E122/><V70/><F72/><W80/><G44/><T111/><D111/><U107/><E5/><V57/><F112/><W2/><G2/><T74/><D134/><U67/><E69/><V102/><F102/><W91/><G91/><T120/><D35/><U12/><E26/><V135/><F135/><W37/><G37/><T14/><D120/><U52/><E100/><V56/><F29/><W10/><G10/><T53/><D0/><U17/><E107/><V124/><F124/><W97/><REACH who="3" step="1"/><G30/><REACH who="3" ten="235,265,235,255" step="2"/><T22/><D1/><U114/><E114/><V65/><F8/><W55/><G55/><T51/><REACH who="0" step="1"/><D76/><REACH who="0" ten="225,265,235,255" step="2"/><U93/><E36/><V96/><F65/><W116/><G116/><T38/><D38/><U54/><E67/><V27/><F66/><W45/><G45/><T123/><D123/><U110/><E64/><V86/><F70/><W7/><G7/><T82/><D82/><AGARI ba="1,2" hai="21,23,25,31,34,80,82,83,97,101,106,125,126,127" machi="82" ten="40,2600,0" yaku="1,1,18,1,53,0" doraHai="48" doraHaiUra="4" who="3" fromWho="0" sc="225,-29,265,0,235,0,255,49" /><INIT seed="2,0,0,2,1,48" ten="196,265,235,304" oya="2" hai0="16,45,105,101,64,24,9,131,122,108,42,71,25" hai1="50,90,20,81,83,88,98,38,115,84,78,6,111" hai2="21,87,99,126,125,5,11,56,89,130,68,100,86" hai3="19,51,54,34,85,12,13,113,47,129,118,55,36"/><V15/><F68/><W109/><G118/><T46/><D122/><U102/><E38/><V61/><F130/><W67/><G34/><T0/><D131/><U135/><E111/><V107/><F21/><W70/><G129/><T14/><D108/><U22/><E115/><V26/><F26/><W77/><G109/><T119/><D119/><U4/><E135/><V106/><F106/><W73/><G73/><T121/><D121/><U116/><E116/><V3/><F3/><W117/><G117/><T69/><D0/><U91/><E83/><V57/><F57/><W82/><G113/><T132/><D132/><U60/><E60/><V33/><F33/><W43/><G19/><T23/><D25/><U44/><E6/><V63/><F63/><N who="3" m="40319" /><G54/><T1/><D1/><U30/><E4/><V93/><REACH who="2" step="1"/><F87/><REACH who="2" ten="196,265,225,304" step="2"/><W120/><G120/><T58/><D69/><U27/><E22/><V18/><F18/><W127/><G127/><T59/><D71/><U110/><E110/><V35/><F35/><W37/><G12/><T134/><D134/><U65/><E65/><AGARI ba="0,1" hai="5,11,15,56,61,65,86,89,93,99,100,107,125,126" machi="65" ten="40,2000,0" yaku="1,1,53,0" doraHai="48" doraHaiUra="104" who="2" fromWho="1" sc="196,0,265,-20,225,30,304,0" /><INIT seed="2,1,0,1,0,8" ten="196,245,255,304" oya="2" hai0="12,72,118,22,114,19,37,68,88,113,15,21,109" hai1="33,52,20,67,134,70,108,7,131,128,121,65,25" hai2="57,38,54,103,32,48,92,46,132,102,84,49,73" hai3="17,130,83,62,2,35,125,85,30,55,101,100,107"/><V87/><F132/><W43/><G2/><T82/><D68/><U59/><E33/><V133/><F133/><W111/><G43/><T135/><D135/><U124/><E134/><V116/><F32/><W79/><G107/><T80/><D37/><U110/><E7/><V11/><F73/><W120/><G120/><T63/><D109/><N who="1" m="42091" /><E124/><V119/><F38/><W26/><G111/><T23/><D118/><U9/><E9/><V16/><F116/><W51/><G125/><T129/><D129/><N who="1" m="49739" /><E70/><V3/><F3/><W41/><G130/><T5/><D63/><N who="1" m="36327" /><E121/><V1/><F1/><W90/><G35/><T29/><D29/><AGARI ba="1,0" hai="20,25,29,65,67" m="36327,49739,42091" machi="29" ten="30,3900,0" yaku="14,1,19,1,54,1" doraHai="8" who="1" fromWho="0" sc="196,-42,245,42,255,0,304,0" /><INIT seed="3,0,0,1,5,60" ten="154,287,255,304" oya="3" hai0="45,76,61,13,74,93,7,52,23,27,39,17,66" hai1="32,122,34,44,79,50,28,113,19,115,116,36,107" hai2="126,119,16,6,43,48,83,105,81,49,106,8,64" hai3="111,30,96,25,109,42,31,86,110,85,92,59,4"/><W22/><G4/><T84/><D74/><U12/><E122/><V11/><F119/><W57/><G42/><T104/><D104/><U118/><E36/><V54/><F43/><W129/><G129/><T40/><D76/><U72/><E107/><V82/><F126/><W5/><G5/><T124/><D124/><U14/><E79/><V117/><F117/><N who="1" m="45161" /><E72/><V29/><F29/><W108/><G108/><T65/><D84/><N who="3" m="32361" /><G31/><T68/><D93/><U130/><E130/><V58/><F48/><W18/><G30/><T134/><D134/><U10/><E28/><V69/><F8/><W95/><G95/><T132/><D132/><U112/><E14/><V91/><F91/><AGARI ba="0,0" hai="18,22,25,57,59,91,92,96,109,110,111" m="32361" machi="91" ten="30,2900,0" yaku="14,1,10,1" doraHai="60" who="3" fromWho="2" sc="154,0,287,0,255,-29,304,29" owari="154,-34.6,287,8.7,226,-17.4,333,43.3" /></mjloggm>