<mjloggm ver="2.3"><GO type="225" lobby="0"/><UN n0="%E5%B0%8F%E9%B3%A5%E9%81%8A%E7%B7%B4%E7%84%A1%32%31%E6%AD%B3" n1="%E7%B4%94%E6%BD%94%E3%83%94%E3%83%A9%E3%83%8B%E3%82%A2" n2="%E5%AE%AE%E4%BF%9D%E9%B6%8F%E8%82%89" n3="%E5%8D%A0%E3%81%84%E5%B8%AB%E8%A3%8F%E3%81%AA%E3%81%84%E3%81%97" dan="16,17,16,17" rate="2197.68,2157.74,2125.02,2098.53" sx="F,M,M,M"/><TAIKYOKU oya="0"/><INIT seed="0,0,0,3,4,61" ten="250,250,250,250" oya="0" hai0="28,82,112,122,29,125,60,15,43,95,68,121,0" hai1="56,102,14,79,115,89,91,38,1,93,45,116,39" hai2="47,96,108,128,37,113,81,75,48,13,55,85,123" hai3="64,83,130,114,51,18,71,42,9,92,133,72,54"/><T70/><D112/><U105/><E1/><V67/><F123/><W131/><G114/><T12/><D0/><U106/><E79/><V40/><F113/><W111/><G111/><T20/><D82/><U109/><E109/><V21/><F75/><W84/><G42/><T77/><D77/><U104/><E116/><V16/><F128/><W118/><G118/><T19/><D43/><U34/><E34/><V3/><F3/><W36/><G36/><T24/><D95/><U4/><E56/><V76/><F108/><W66/><G71/><T62/><D20/><U134/><E134/><V86/><F96/><W97/><G72/><T17/><REACH who="0" step="1"/><D24/><REACH who="0" ten="240,250,250,250" step="2"/><U6/><E115/><V35/><F35/><W32/><G32/><T53/><D53/><U33/><E33/><V73/><REACH who="2" step="1"/><F67/><REACH who="2" ten="240,250,240,250" step="2"/><W49/><G131/><T22/><D22/><U65/><E65/><V100/><F100/><N who="3" m="60455" /><G130/><T57/><D57/><AGARI ba="0,2" hai="13,16,21,37,40,47,48,55,57,73,76,81,85,86" machi="57" ten="30,3900,0" yaku="1,1,7,1,54,1,53,0" doraHai="61" doraHaiUra="25" who="2" fromWho="0" sc="240,-39,250,0,240,59,250,0" /><INIT seed="1,0,0,0,4,52" ten="201,250,299,250" oya="1" hai0="125,59,24,9,66,109,102,42,45,104,63,14,87" hai1="5,98,43,132,51,18,23,22,7,111,127,71,58" hai2="16,116,29,10,94,75,37,13,110,85,79,108,78" hai3="57,91,103,34,120,77,107,134,65,113,62,106,121"/><U12/><E71/><V46/><F116/><W21/><G113/><T0/><D0/><U30/><E132/><V126/><F126/><W72/><G34/><T1/><D1/><U88/><E127/><V31/><F75/><W99/><G134/><T36/><D125/><U119/><E119/><V64/><F64/><W82/><G106/><T56/><D109/><N who="2" m="42090" /><F94/><W68/><G21/><T130/><D130/><U93/><E111/><V101/><F101/><W8/><G8/><T124/><D124/><U70/><E70/><V128/><F128/><W84/><REACH who="3" step="1"/><G68/><REACH who="3" ten="201,250,299,240" step="2"/><T61/><D104/><U40/><E23/><V38/><F10/><W41/><G41/><N who="1" m="15946" /><E30/><V44/><F31/><W118/><G118/><T135/><D135/><U11/><E11/><N who="2" m="6207" /><F29/><W96/><G96/><T74/><D9/><U115/><E115/><V49/><F37/><W112/><G112/><T133/><D133/><U80/><E80/><AGARI ba="0,1" hai="57,62,65,72,77,80,82,84,91,99,103,107,120,121" machi="80" ten="30,3900,0" yaku="1,1,7,1,52,1,53,0" doraHai="52" doraHaiUra="3" who="3" fromWho="1" sc="201,0,250,-39,299,0,240,49" /><INIT seed="2,0,0,2,3,15" ten="201,211,299,289" oya="2" hai0="56,45,32,69,2,105,119,57,122,73,131,30,18" hai1="16,118,99,27,25,9,107,74,60,120,3,5,53" hai2="61,33,109,100,83,96,46,86,134,130,17,127,88" hai3="29,114,129,21,58,98,28,26,49,4,121,37,104"/><V76/><F33/><W117/><G117/><T52/><D122/><U23/><E120/><V12/><F130/><W112/><G37/><T92/><D105/><U8/><E118/><V90/><F134/><W10/><G121/><T93/><D69/><U34/><E74/><V67/><F127/><W51/><G129/><T65/><D2/><U113/><E113/><N who="3" m="43626" /><G29/><T85/><D73/><U14/><E53/><V132/><F46/><W64/><G58/><N who="0" m="22635" /><D65/><U55/><E55/><V81/><F132/><W48/><G64/><T72/><D72/><U42/><E60/><V66/><F109/><W13/><G51/><N who="0" m="28783" /><D30/><N who="1" m="19791" /><E42/><V59/><F66/><W87/><G87/><T124/><D32/><U101/><E27/><V50/><F50/><W108/><G108/><T110/><D110/><U91/><E9/><V126/><F126/><W103/><AGARI ba="0,0" hai="4,10,13,21,26,28,48,49,98,103,104" m="43626" machi="103" ten="30,1100,0" yaku="11,1" doraHai="15" who="3" fromWho="3" sc="201,-3,211,-3,299,-5,289,11" /><INIT seed="3,0,0,2,3,105" ten="198,208,294,300" oya="3" hai0="22,48,83,108,17,125,14,46,43,124,23,84,35" hai1="4,99,94,120,49,26,32,97,79,58,62,52,134" hai2="73,127,110,24,95,47,69,135,76,130,38,6,36" hai3="70,39,31,121,96,40,111,133,104,13,16,5,8"/><W118/><G118/><T51/><D35/><U132/><E120/><V72/><F69/><W44/><G121/><T98/><D108/><U55/><E4/><V66/><F66/><W101/><G111/><T0/><D0/><U37/><E37/><V1/><F110/><W123/><G123/><T3/><D3/><U103/><E79/><V12/><F1/><W122/><G122/><T10/><D51/><U50/><E99/><V74/><F76/><W64/><G133/><N who="1" m="51306" /><E55/><V77/><F77/><W53/><G31/><AGARI ba="0,0" hai="26,31,32,49,50,52,58,62,94,97,103" m="51306" machi="31" ten="30,2000,0" yaku="20,1,54,1" doraHai="105" who="1" fromWho="3" sc="198,0,208,20,294,0,300,-20" /><INIT seed="4,0,0,0,1,109" ten="198,228,294,280" oya="0" hai0="2,79,1,73,123,120,82,115,5,53,68,19,83" hai1="59,108,64,118,122,74,89,15,69,113,76,45,66" hai2="44,130,106,6,116,72,88,52,0,70,13,127,36" hai3="47,48,135,11,81,4,96,78,37,34,12,86,105"/><T75/><D68/><U49/><E108/><V129/><F127/><W134/><G37/><T17/><D5/><U92/><E122/><V93/><F106/><W23/><G34/><T57/><D57/><U40/><E118/><V91/><F72/><W71/><G23/><T42/><D53/><U54/><E69/><V85/><F70/><W9/><G9/><T128/><D42/><U63/><E113/><V133/><F0/><W112/><G112/><T114/><REACH who="0" step="1"/><D79/><REACH who="0" ten="188,228,294,280" step="2"/><U16/><E76/><V28/><F52/><W60/><G71/><T29/><D29/><U56/><E56/><V111/><F111/><W124/><G124/><T51/><D51/><U84/><REACH who="1" step="1"/><E74/><REACH who="1" ten="188,218,294,280" step="2"/><V24/><F28/><W95/><G60/><T100/><D100/><U33/><E33/><V117/><F117/><W26/><G78/><T126/><D126/><U58/><E58/><V10/><F116/><W31/><G31/><T14/><D14/><U20/><AGARI ba="0,2" hai="15,16,20,40,45,49,54,59,63,64,66,84,89,92" machi="20" ten="20,8000,1" yaku="1,1,0,1,7,1,8,1,54,1,53,0" doraHai="109" doraHaiUra="30" who="1" fromWho="1" sc="188,-40,218,100,294,-20,280,-20" owari="148,-35.2,318,41.8,274,7.4,260,-14.0" /></mjloggm>