<mjloggm ver="2.3"><GO type="225" lobby="0"/><UN n0="%E3%81%8B%E3%82%8F%E3%81%A1%E3%82%83%E3%82%93%35%38" n1="%E3%81%A9%E3%82%8F%E3%82%93%E3%81%94" n2="%E3%81%9F%E3%81%93%E2%98%86%E7%84%BC%E3%81%8D" n3="%E3%81%A1%E3%82%85%E3%81%86%E3%81%A9%E3%81%8F%E8%B1%A1%E3%81%95%E3%82%93" dan="16,16,16,17" rate="2129.48,2166.82,2070.42,2197.74" sx="M,M,M,M"/><TAIKYOKU oya="0"/><INIT seed="0,0,0,0,0,1" ten="250,250,250,250" oya="0" hai0="60,76,50,112,56,77,25,87,63,79,48,34,113" hai1="20,118,8,117,92,24,40,42,36,85,14,74,26" hai2="102,9,19,98,35,100,37,62,121,104,122,78,107" hai3="27,65,44,12,135,99,132,21,41,111,71,129,39"/><T134/><D87/><U73/><E36/><V90/><F37/><W45/><G111/><T116/><D116/><U64/><E64/><V59/><F35/><W72/><G72/><T105/><D105/><U3/><E3/><V68/><F78/><W91/><G129/><T32/><D25/><U130/><E130/><V6/><F19/><W61/><G44/><T127/><D56/><U15/><E85/><V97/><F90/><W49/><G12/><T33/><D127/><U18/><E92/><V23/><F23/><W106/><G49/><N who="0" m="19051" /><D134/><N who="3" m="51241" /><G91/><T83/><D83/><U52/><E20/><V30/><F30/><N who="3" m="17775" /><G99/><T66/><D66/><U75/><E75/><V108/><F108/><W81/><G81/><T95/><D95/><U103/><E18/><V101/><F101/><W115/><G106/><T67/><D67/><U17/><E17/><V114/><F114/><AGARI ba="0,0" hai="39,41,45,61,65,71,114,115" m="17775,51241" machi="114" ten="30,1000,0" yaku="20,1" doraHai="1" who="3" fromWho="2" sc="250,0,250,0,250,-10,250,10" /><AGARI ba="0,0" hai="32,33,34,60,63,76,77,79,112,113,114" m="19051" machi="114" ten="40,3900,0" yaku="28,2" doraHai="1" who="0" fromWho="2" sc="250,39,250,0,240,-39,260,0" /><INIT seed="0,1,0,0,4,80" ten="289,250,201,260" oya="0" hai0="68,12,56,101,82,69,100,50,119,4,15,94,93" hai1="38,135,87,83,18,6,110,36,91,48,122,88,132" hai2="117,84,10,120,114,42,124,7,133,116,123,131,58" hai3="103,22,49,72,64,92,128,43,118,102,59,104,79"/><T52/><D119/><N who="2" m="45642" /><F42/><W19/><G118/><T66/><D69/><U17/><E122/><N who="2" m="46635" /><F58/><W108/><G108/><T25/><D68/><U74/><E110/><V67/><F67/><W29/><G128/><T97/><D66/><U35/><E35/><V78/><F131/><W41/><G29/><T90/><D4/><U113/><E74/><V73/><F114/><W70/><G70/><T71/><D71/><U20/><E6/><V5/><F5/><W86/><G72/><T85/><D25/><N who="1" m="14479" /><E18/><V26/><F26/><W105/><G64/><T126/><D126/><U32/><E48/><V47/><F47/><W61/><G59/><T23/><D23/><U65/><E32/><V63/><F63/><W14/><G61/><T75/><D75/><U81/><E113/><V127/><F73/><W62/><G62/><T21/><D21/><U30/><E30/><V130/><F130/><W55/><G41/><T40/><D40/><U95/><E65/><V31/><F31/><W99/><G43/><T16/><D16/><U51/><E51/><V98/><F98/><AGARI ba="1,0" hai="12,15,50,52,56,82,85,90,93,94,97,98,100,101" machi="98" ten="40,12000,1" yaku="9,1,8,1,52,1,54,1" doraHai="80" who="0" fromWho="2" sc="289,123,250,0,201,-123,260,0" /><INIT seed="0,2,0,3,3,115" ten="412,250,78,260" oya="0" hai0="129,27,82,58,54,49,57,133,130,3,38,10,31" hai1="9,29,52,15,35,1,108,75,68,32,11,105,0" hai2="17,23,37,44,7,43,16,109,4,46,101,85,73" hai3="71,98,128,66,6,70,79,62,106,33,121,63,69"/><T95/><D38/><U64/><E105/><V117/><F73/><W88/><G33/><N who="1" m="12874" /><E52/><V93/><F109/><W45/><G6/><N who="0" m="1375" /><D133/><U96/><E96/><V24/><F44/><W28/><G121/><T107/><D107/><U134/><E75/><V56/><F56/><W12/><G28/><T61/><D82/><U59/><E59/><V87/><F117/><W50/><G79/><T25/><D95/><U67/><E68/><V80/><F17/><W77/><G77/><T99/><D99/><U120/><E67/><V81/><F101/><W122/><G122/><T55/><D31/><U74/><E64/><V78/><REACH who="2" step="1"/><F93/><REACH who="2" ten="412,250,68,260" step="2"/><W86/><G70/><T47/><D58/><U89/><E74/><V76/><AGARI ba="2,1" hai="4,7,16,23,24,37,43,46,76,78,80,81,85,87" machi="76" ten="20,12000,2" yaku="1,1,2,1,0,1,7,1,9,1,54,1,53,0" doraHai="115" doraHaiUra="131" who="2" fromWho="2" sc="412,-62,250,-32,68,136,260,-32" /><INIT seed="1,0,0,3,1,133" ten="350,218,204,228" oya="1" hai0="102,0,122,5,99,4,62,119,48,125,20,74,11" hai1="115,3,44,87,29,121,8,7,96,1,97,92,28" hai2="131,56,15,22,65,85,52,2,21,104,37,26,78" hai3="49,63,34,9,113,134,69,25,73,24,98,43,67"/><U71/><E115/><V107/><F2/><W120/><G113/><T36/><D36/><U18/><E121/><V19/><F37/><W100/><G134/><T84/><D74/><U58/><E71/><V106/><F131/><W80/><G120/><T33/><D33/><U128/><E128/><V76/><F65/><W40/><G9/><T12/><D122/><U89/><E3/><V108/><F85/><W61/><G61/><T54/><D119/><U117/><E117/><V64/><F64/><W59/><G24/><T118/><D118/><U17/><E44/><V45/><F108/><W6/><G6/><T51/><D84/><U81/><E97/><V68/><F45/><W101/><G101/><T116/><D5/><U70/><E70/><V27/><F15/><W39/><G49/><T30/><D30/><U23/><E58/><V111/><F111/><W10/><G59/><N who="0" m="35191" /><D116/><U31/><REACH who="1" step="1"/><E23/><REACH who="1" ten="350,208,204,228" step="2"/><V105/><F68/><W93/><G69/><T132/><D20/><U72/><E72/><V86/><F86/><W16/><G73/><T60/><D0/><U77/><AGARI ba="0,1" hai="1,7,8,17,18,28,29,31,77,81,87,89,92,96" machi="77" ten="30,3000,0" yaku="1,1,0,1,53,0" doraHai="133" doraHaiUra="53" who="1" fromWho="1" sc="350,-10,208,40,204,-10,228,-10" /><INIT seed="1,1,0,5,0,115" ten="340,248,194,218" oya="1" hai0="90,94,81,56,19,30,69,97,9,41,47,32,40" hai1="22,129,135,120,128,4,84,55,86,3,108,63,87" hai2="110,72,119,50,71,83,74,125,76,117,77,102,43" hai3="12,70,25,133,79,14,27,2,103,101,28,100,126"/><U121/><E4/><V61/><F43/><W42/><G70/><T68/><D41/><U65/><E3/><V52/><F110/><W89/><G2/><T1/><D32/><U131/><E108/><V134/><F102/><W36/><G79/><T18/><D30/><U46/><E135/><V122/><F122/><W21/><G133/><T107/><D19/><U29/><E55/><V116/><F134/><W13/><G126/><T39/><D107/><U44/><E29/><V15/><F15/><W58/><G42/><T98/><D98/><U53/><E22/><V92/><F92/><W124/><G36/><T11/><D11/><U91/><E91/><V54/><F50/><W95/><G124/><T106/><D106/><U38/><E38/><V105/><F105/><W48/><G25/><T123/><D123/><N who="1" m="47179" /><E53/><V20/><F20/><W7/><G48/><T118/><D1/><U75/><E75/><V0/><F125/><W113/><G58/><AGARI ba="1,0" hai="44,46,58,63,65,84,86,87,128,129,131" m="47179" machi="58" ten="40,2000,0" yaku="19,1" doraHai="115" who="1" fromWho="3" sc="340,0,248,23,194,0,218,-23" /><INIT seed="1,2,0,3,2,82" ten="340,271,194,195" oya="1" hai0="34,133,76,13,105,67,59,18,37,109,4,12,115" hai1="61,35,19,132,99,66,38,97,50,80,130,54,87" hai2="51,9,63,62,53,114,70,28,89,15,123,56,23" hai3="104,92,128,111,117,95,42,113,5,45,49,2,39"/><U79/><E38/><V8/><F123/><W112/><G113/><T57/><D37/><U6/><E132/><V119/><F70/><W20/><G112/><T108/><D115/><U40/><E130/><V60/><F119/><W22/><G128/><T32/><D105/><U25/><E6/><V55/><F114/><W84/><G104/><T29/><D76/><U103/><E40/><V64/><F64/><W72/><G117/><T3/><D3/><U11/><E103/><V125/><F125/><W43/><G72/><T77/><D77/><U74/><E74/><V93/><F53/><W46/><G111/><T24/><D133/><U58/><E35/><V68/><F68/><W65/><G65/><T36/><D36/><U121/><E121/><V83/><F83/><W7/><G2/><T78/><D78/><U27/><E27/><N who="2" m="16511" /><F15/><W26/><G20/><N who="0" m="11335" /><D67/><U120/><E120/><V30/><F30/><W107/><G107/><T127/><D127/><U98/><E25/><V86/><AGARI ba="2,0" hai="8,9,51,55,56,60,62,63,86,89,93" m="16511" machi="86" ten="30,2000,0" yaku="8,1,52,1" doraHai="82" who="2" fromWho="2" sc="340,-7,271,-12,194,26,195,-7" /><INIT seed="2,0,0,5,1,129" ten="333,259,220,188" oya="2" hai0="7,40,6,128,67,49,61,112,0,92,76,20,10" hai1="30,13,28,12,63,33,4,127,79,25,131,70,121" hai2="98,101,97,90,37,51,3,85,8,134,102,16,88" hai3="29,109,1,24,26,126,71,108,43,100,96,75,91"/><V17/><F37/><W64/><G1/><T56/><D112/><U106/><E131/><V107/><F134/><W65/><G75/><T111/><D128/><U81/><E127/><V95/><F3/><W62/><G43/><T117/><D76/><U15/><E121/><V74/><F74/><W27/><G91/><T123/><D123/><U54/><E30/><V105/><F8/><W31/><G126/><T87/><D7/><U22/><E106/><V45/><REACH who="2" step="1"/><F90/><REACH who="2" ten="333,259,210,188" step="2"/><W38/><G38/><T46/><D10/><U48/><E4/><V55/><AGARI ba="0,1" hai="16,17,45,51,55,85,88,95,97,98,101,102,105,107" machi="55" ten="20,18000,2" yaku="1,1,2,1,0,1,7,1,9,1,54,2,53,0" doraHai="129" doraHaiUra="119" who="2" fromWho="2" sc="333,-60,259,-60,210,190,188,-60" /><INIT seed="2,1,0,0,5,31" ten="273,199,400,128" oya="2" hai0="1,8,114,4,58,104,72,26,78,93,121,10,2" hai1="126,46,47,35,135,5,84,65,77,42,131,16,14" hai2="43,20,81,100,92,128,74,80,116,75,88,105,25" hai3="83,0,134,69,6,120,53,94,9,90,124,119,33"/><V86/><F43/><W55/><G120/><T99/><D114/><U73/><E73/><N who="2" m="27659" /><F25/><W103/><G119/><T118/><D104/><U15/><E135/><V34/><F20/><W66/><G134/><T63/><D121/><U107/><E107/><V44/><F44/><W40/><G40/><T106/><D106/><U57/><E131/><V127/><F34/><W133/><G133/><T125/><D125/><U96/><E35/><V115/><F115/><W87/><G124/><T82/><D118/><U61/><E126/><V21/><F21/><W52/><G33/><T71/><D71/><U108/><E96/><N who="2" m="61575" /><F127/><W22/><G22/><T85/><D72/><U17/><E5/><V54/><F54/><W7/><G7/><T97/><D26/><U76/><E42/><V130/><F116/><W49/><G69/><T29/><D29/><U24/><E24/><V13/><F13/><W60/><G60/><T23/><D23/><U45/><E15/><V51/><F51/><W110/><G66/><T62/><D62/><U79/><E14/><V28/><F28/><W70/><G70/><T19/><D19/><U112/><E112/><V68/><F68/><W56/><REACH who="3" step="1"/><G110/><REACH who="3" ten="273,199,400,118" step="2"/><T50/><D63/><N who="1" m="38127" /><E108/><V37/><F37/><W59/><G59/><T18/><D58/><U102/><E61/><V64/><F64/><W12/><G12/><N who="0" m="7431" /><D50/><U3/><E17/><V48/><F48/><W101/><G101/><N who="0" m="60591" /><D1/><U122/><E3/><V129/><AGARI ba="1,1" hai="80,81,86,88,92,128,129,130" m="61575,27659" machi="129" ten="40,12000,1" yaku="19,1,34,2,54,1" doraHai="31" who="2" fromWho="2" sc="273,-41,199,-41,400,133,118,-41" /><INIT seed="2,2,0,3,5,54" ten="232,158,533,77" oya="2" hai0="16,37,62,94,78,120,25,20,98,21,127,126,18" hai1="38,105,12,15,64,74,111,58,14,6,107,31,121" hai2="99,106,77,65,68,67,26,36,88,2,75,122,124" hai3="51,115,133,41,69,85,50,46,55,11,57,39,10"/><V91/><F2/><W132/><G85/><T56/><D37/><U116/><E74/><V134/><F36/><W71/><G10/><T42/><D120/><U135/><E38/><V109/><F122/><W96/><G96/><T63/><D42/><U95/><E116/><V103/><F134/><N who="3" m="51819" /><G11/><T53/><D63/><U118/><E121/><V104/><F104/><W84/><G84/><T70/><D70/><N who="3" m="26633" /><G39/><T73/><D73/><U7/><E107/><V76/><F124/><N who="0" m="47658" /><D78/><U72/><E105/><V59/><F68/><W29/><G29/><N who="0" m="17575" /><D21/><U9/><E135/><V33/><F109/><W87/><G87/><T110/><D110/><U119/><E111/><V5/><F5/><W48/><G48/><T89/><AGARI ba="2,0" hai="16,18,53,56,62,89,94,98" m="17575,47658" machi="89" ten="30,4000,0" yaku="18,1,52,1,54,1" doraHai="54" who="0" fromWho="0" sc="232,46,158,-12,533,-22,77,-12" /><INIT seed="3,0,0,3,0,56" ten="278,146,511,65" oya="3" hai0="1,41,84,32,14,18,0,116,125,17,52,108,71" hai1="50,106,10,128,42,123,81,121,104,69,60,53,131" hai2="47,93,39,45,74,98,16,75,109,20,110,23,127" hai3="111,130,97,58,94,12,73,59,26,21,118,113,88"/><W122/><G113/><T79/><D71/><U5/><E42/><N who="2" m="22751" /><F47/><W4/><G118/><T105/><D108/><N who="2" m="41578" /><F127/><W29/><G111/><T55/><D105/><N who="1" m="40555" /><E81/><V134/><F134/><W96/><G122/><T43/><D32/><U51/><E60/><V31/><F31/><W40/><G130/><N who="1" m="49706" /><E69/><V92/><F20/><N who="3" m="15559" /><G73/><N who="2" m="27657" /><F98/><N who="3" m="57671" /><G40/><T77/><D84/><U46/><E51/><V102/><F102/><W54/><G58/><T11/><D11/><U82/><E82/><V107/><F107/><W24/><G4/><T115/><D14/><AGARI ba="0,0" hai="5,10,14,46,50,53,121,123" m="49706,40555" machi="14" ten="30,1000,0" yaku="19,1" doraHai="56" who="1" fromWho="0" sc="278,-10,146,10,511,0,65,0" /><AGARI ba="0,0" hai="14,16,23,92,93" m="27657,41578,22751" machi="14" ten="30,2000,0" yaku="14,1,54,1" doraHai="56" who="2" fromWho="0" sc="268,-20,156,0,511,20,65,0" owari="248,4.8,156,-24.4,531,63.1,65,-43.5" /></mjloggm>