<mjloggm ver="2.3"><GO type="225" lobby="0"/><UN n0="%E3%81%99%E3%81%84%E3%81%BE%E3%81%9B%E3%83%BC%E3%82%93" n1="%E3%81%A8%E3%82%89%E3%81%84%E3%81%A1" n2="%E3%81%B7%E3%82%8A%E3%82%93%E8%81%96%E4%BA%BA" n3="%54%4F%52" dan="16,16,16,17" rate="2126.59,2115.69,2099.64,2262.91" sx="M,M,M,M"/><TAIKYOKU oya="0"/><INIT seed="0,0,0,4,4,66" ten="250,250,250,250" oya="0" hai0="5,132,23,39,77,31,47,1,45,7,8,78,116" hai1="110,65,104,100,92,13,17,62,71,129,74,9,32" hai2="124,103,73,91,133,18,26,115,59,68,42,19,101" hai3="86,41,6,85,83,15,20,49,22,70,117,135,38"/><T3/><D116/><U93/><E110/><V30/><F73/><W4/><G117/><T57/><D132/><U56/><E129/><V27/><F42/><W122/><G38/><T131/><D131/><U94/><E74/><V134/><F115/><W53/><G41/><T63/><D39/><U51/><E32/><V55/><F124/><W130/><G130/><T113/><D113/><U123/><E123/><V75/><F75/><W34/><G34/><T81/><D7/><U14/><E14/><V128/><F128/><W105/><G105/><T69/><D1/><U98/><REACH who="1" step="1"/><E51/><REACH who="1" ten="250,240,250,250" step="2"/><V35/><F134/><W107/><G49/><T111/><D111/><U88/><E88/><V28/><F133/><W10/><G15/><T0/><D0/><U126/><E126/><V50/><F103/><W33/><G33/><T37/><D37/><U102/><E102/><V25/><F101/><W125/><G125/><T90/><D90/><U54/><E54/><V95/><F27/><W24/><G53/><N who="0" m="34223" /><D78/><U108/><E108/><V58/><F58/><AGARI ba="0,1" hai="9,13,17,56,58,62,65,71,92,93,94,98,100,104" machi="58" ten="40,8000,1" yaku="1,1,52,1,53,3" doraHai="66" doraHaiUra="89" who="1" fromWho="2" sc="250,0,240,90,250,-80,250,0" /><INIT seed="1,0,0,3,4,75" ten="250,330,170,250" oya="1" hai0="7,112,86,13,113,8,17,6,51,24,50,54,40" hai1="126,102,58,120,23,109,53,98,87,90,105,80,97" hai2="33,100,15,66,43,52,28,9,94,106,35,76,26" hai3="111,56,108,81,49,31,133,82,123,2,25,99,29"/><U116/><E116/><V95/><F43/><W128/><G123/><T10/><D40/><U119/><E119/><V5/><F66/><W70/><G70/><T101/><D101/><U117/><E117/><V127/><F127/><W71/><G71/><T1/><D51/><U37/><E120/><V57/><F35/><W20/><G2/><T121/><D121/><U124/><E37/><V68/><F68/><W60/><G128/><T69/><D69/><U3/><E3/><V59/><F57/><W118/><G118/><T73/><D73/><U41/><E41/><V84/><F106/><W36/><G36/><T61/><D61/><U30/><E98/><V110/><F100/><W21/><G49/><T89/><D24/><U16/><E30/><V63/><REACH who="2" step="1"/><F110/><REACH who="2" ten="250,330,160,250" step="2"/><W78/><G56/><T19/><D113/><U83/><E109/><V125/><F125/><W122/><G108/><T107/><D107/><U135/><E124/><V85/><F85/><W12/><G111/><T46/><D112/><U4/><E126/><V114/><F114/><W32/><G122/><T64/><D64/><U44/><E58/><V104/><F104/><W42/><G32/><T0/><D0/><U92/><E105/><V62/><F62/><W34/><G60/><T14/><REACH who="0" step="1"/><D1/><REACH who="0" ten="240,330,160,250" step="2"/><U39/><E102/><V103/><F103/><W47/><G42/><T88/><D88/><U96/><E90/><V72/><F72/><W130/><G130/><T115/><D115/><U93/><E39/><V77/><F77/><W48/><G78/><T11/><D11/><U18/><E53/><V91/><F91/><RYUUKYOKU ba="0,2" sc="240,15,330,-15,160,15,250,-15" hai0="6,7,8,10,13,14,17,19,46,50,54,86,89" hai2="5,9,15,26,28,33,52,59,63,76,84,94,95" /><INIT seed="2,1,2,1,1,100" ten="255,315,175,235" oya="2" hai0="114,27,21,43,102,128,45,28,77,47,57,75,74" hai1="32,6,41,31,37,16,96,103,106,25,112,71,30" hai2="53,130,65,35,86,76,70,62,55,78,40,119,1" hai3="69,10,19,18,73,23,42,91,132,135,97,44,26"/><V118/><F35/><W101/><G73/><T60/><D114/><U72/><E112/><V20/><F1/><W7/><G69/><T115/><D115/><U66/><E6/><V111/><F130/><W61/><G61/><T52/><D128/><U85/><E31/><V50/><F40/><W116/><G91/><T63/><D77/><U58/><E58/><V81/><F76/><W126/><G116/><T95/><D63/><N who="1" m="40415" /><E72/><V3/><F3/><W54/><G54/><T4/><D4/><U59/><E59/><V13/><F111/><W87/><G87/><T105/><D95/><U51/><E85/><V99/><F99/><W38/><G19/><T8/><D8/><U82/><E82/><V2/><F2/><W124/><G10/><T121/><D47/><N who="1" m="23983" /><E51/><V90/><F78/><W131/><G7/><T15/><D15/><U104/><E104/><V117/><REACH who="2" step="1"/><F50/><REACH who="2" ten="255,315,165,235" step="2"/><W64/><G131/><T98/><D121/><U11/><E32/><V79/><F79/><W56/><G97/><T129/><D129/><U93/><E96/><V123/><F123/><W84/><G84/><T22/><D75/><U17/><E103/><V125/><F125/><W88/><G101/><T68/><D74/><U12/><E12/><V14/><F14/><W133/><G88/><T110/><D110/><U24/><E25/><V89/><F89/><W33/><G33/><T108/><D108/><U107/><E24/><V46/><F46/><W80/><G126/><T49/><D21/><U109/><E109/><V29/><F29/><W9/><G124/><T127/><D127/><U48/><E30/><RYUUKYOKU ba="1,3" sc="255,15,315,-15,165,15,235,-15" hai0="22,27,28,43,45,49,52,57,60,68,98,102,105" hai2="13,20,53,55,62,65,70,81,86,90,117,118,119" /><INIT seed="2,2,3,4,4,62" ten="270,300,180,220" oya="2" hai0="10,120,116,11,33,104,60,82,110,95,86,75,99" hai1="35,118,15,8,65,80,130,19,24,37,39,126,63" hai2="16,2,22,6,13,103,107,78,66,114,41,58,79" hai3="121,1,32,96,112,44,54,90,70,30,72,127,101"/><V129/><F114/><W14/><G121/><T100/><D120/><U88/><E118/><V21/><F41/><W133/><G1/><T27/><D116/><U93/><E130/><V102/><F129/><W115/><G72/><T68/><D110/><U52/><E80/><V71/><F71/><W59/><G70/><T132/><D132/><U45/><E126/><V4/><F21/><W89/><G127/><T47/><D47/><U74/><E74/><V135/><F135/><W77/><G77/><N who="2" m="29193" /><F2/><W38/><G133/><T23/><D75/><U124/><E124/><V91/><F91/><W119/><G119/><T73/><D73/><U3/><E3/><V9/><F107/><W18/><G90/><T46/><D33/><U36/><E35/><V56/><F56/><W28/><G89/><T69/><D104/><U109/><E109/><V29/><F29/><W34/><G34/><T48/><D69/><U128/><E128/><V113/><F113/><N who="3" m="43595" /><G44/><T123/><D123/><U42/><E88/><V43/><F43/><W51/><G38/><T111/><D111/><U49/><E37/><V92/><F92/><N who="3" m="58503" /><G32/><T31/><D82/><U97/><E39/><V105/><F105/><W12/><G12/><T40/><D86/><U25/><E36/><V134/><F134/><W26/><G26/><T84/><D84/><U17/><E42/><V50/><F6/><W81/><G81/><T5/><D5/><N who="1" m="3471" /><E25/><N who="2" m="14535" /><F50/><W125/><G125/><T0/><D0/><U122/><E122/><V98/><F98/><W53/><G53/><T76/><D76/><U87/><E97/><V67/><F58/><RYUUKYOKU ba="2,3" sc="270,10,300,-30,180,10,220,10" hai0="10,11,23,27,31,40,46,48,60,68,95,99,100" hai2="4,9,13,66,67,102,103" hai3="14,18,28,30,51,54,59" /><INIT seed="2,3,3,4,0,110" ten="280,270,190,230" oya="2" hai0="76,8,56,41,78,71,25,80,104,129,36,102,108" hai1="132,39,82,89,65,124,74,50,52,122,58,16,88" hai2="21,34,30,32,51,119,60,100,113,95,126,68,53" hai3="13,23,92,123,4,96,43,75,114,133,46,48,28"/><V94/><F113/><W105/><G123/><T45/><D71/><U70/><E122/><V125/><F119/><W19/><G133/><T11/><D108/><U57/><E132/><V72/><F72/><W66/><G75/><T15/><D129/><U3/><E3/><V20/><F68/><W115/><G105/><T55/><D25/><U44/><E124/><N who="2" m="47723" /><F60/><W24/><G4/><T97/><D80/><U35/><E35/><N who="2" m="13355" /><F30/><W69/><G66/><T67/><D67/><U117/><E117/><V1/><F1/><W121/><G69/><T38/><D38/><U77/><E70/><V85/><F85/><W127/><G121/><T107/><D107/><U59/><E39/><V83/><F83/><W49/><G49/><T135/><D135/><U0/><E0/><V17/><F100/><W98/><G127/><T131/><D131/><U112/><E112/><N who="3" m="43050" /><G92/><N who="2" m="35369" /><F17/><W40/><G40/><T116/><D116/><U18/><REACH who="1" step="1"/><E65/><REACH who="1" ten="280,260,190,230" step="2"/><V2/><F2/><W26/><G26/><T47/><D36/><U64/><E64/><V61/><F61/><W14/><G14/><T106/><D15/><U73/><E73/><V93/><N who="2" m="35377" /><V118/><DORA hai="54" /><F118/><W22/><AGARI ba="3,4" hai="13,19,22,23,24,28,43,46,48,96,98" m="43050" machi="22" ten="30,7900,0" yaku="11,1,52,3" doraHai="110,54" who="3" fromWho="3" sc="280,-23,260,-23,190,-42,230,128" /><INIT seed="3,0,0,0,1,26" ten="257,237,148,358" oya="3" hai0="29,28,78,95,30,92,60,115,21,12,65,102,23" hai1="9,88,96,130,85,72,49,56,4,41,40,52,13" hai2="73,91,77,66,93,16,62,80,3,27,113,64,43" hai3="68,33,89,79,110,82,19,104,63,69,106,94,37"/><W86/><G37/><T50/><D115/><U42/><E130/><V70/><F3/><W112/><G112/><T119/><D119/><U109/><E109/><V61/><F43/><W83/><G33/><T53/><D78/><U126/><E126/><V108/><F113/><W57/><G110/><T45/><D12/><U90/><E72/><V7/><F7/><W87/><G94/><N who="0" m="35883" /><D102/><U135/><E135/><V54/><F54/><W67/><REACH who="3" step="1"/><G19/><REACH who="3" ten="257,237,148,348" step="2"/><T74/><D74/><U8/><E96/><V99/><F108/><W25/><G25/><T10/><D10/><N who="1" m="4295" /><E90/><V133/><F133/><W6/><G6/><T18/><D18/><U17/><E17/><V122/><F122/><W34/><G34/><T71/><D71/><AGARI ba="0,1" hai="57,63,67,68,69,71,79,82,83,86,87,89,104,106" machi="71" ten="40,2000,0" yaku="1,1,53,0" doraHai="26" doraHaiUra="2" who="3" fromWho="0" sc="257,-20,237,0,148,0,348,30" owari="237,3.7,237,-16.3,148,-35.2,378,47.8" /></mjloggm>