<mjloggm ver="2.3"><GO type="225" lobby="0"/><UN n0="%E6%9D%B1%E9%A2%A8%E3%81%AE%E3%81%8D%E3%82%83%E3%81%B7%E3%81%95%E3%82%93" n1="%E8%83%83%E3%81%A8%E8%85%B8" n2="%E3%81%8B%E3%82%8F%E3%81%A1%E3%82%83%E3%82%93%35%38" n3="%E3%81%BF%E3%81%BF%E3%81%9A" dan="16,17,16,16" rate="2172.36,2214.87,2132.73,2161.89" sx="M,M,M,M"/><TAIKYOKU oya="0"/><INIT seed="0,0,0,3,5,69" ten="250,250,250,250" oya="0" hai0="100,60,63,49,7,91,20,80,9,70,78,84,72" hai1="66,132,126,86,112,82,44,11,35,131,106,55,90" hai2="99,32,38,41,94,27,5,107,54,104,98,26,34" hai3="81,14,130,37,120,50,105,47,48,129,52,46,12"/><T13/><D70/><U111/><E111/><V116/><F94/><W113/><G113/><T16/><D49/><U109/><E66/><V19/><F41/><N who="3" m="22831" /><G105/><T3/><REACH who="0" step="1"/><D100/><REACH who="0" ten="240,250,250,250" step="2"/><U96/><E109/><V15/><F116/><W121/><G81/><AGARI ba="0,1" hai="3,7,9,13,16,20,60,63,72,78,80,81,84,91" machi="81" ten="30,18000,2" yaku="1,1,2,1,7,1,54,1,53,2" doraHai="69" doraHaiUra="58" who="0" fromWho="3" sc="240,190,250,0,250,0,250,-180" /><INIT seed="0,1,0,2,3,16" ten="430,250,250,70" oya="0" hai0="19,72,126,130,89,75,54,99,27,103,7,116,71" hai1="9,77,111,64,51,43,135,6,38,81,44,55,61" hai2="46,37,90,109,112,45,66,134,91,93,24,22,133" hai3="26,21,125,1,65,58,92,102,94,5,39,57,79"/><T52/><D71/><U82/><E111/><V95/><F66/><W120/><G39/><T83/><D116/><U41/><E135/><N who="2" m="51723" /><F112/><W124/><G120/><T11/><D130/><U104/><E104/><V122/><F122/><W34/><G34/><T29/><D126/><N who="3" m="48745" /><G79/><T113/><D19/><U76/><E76/><V63/><F63/><N who="3" m="38127" /><G102/><T60/><D113/><U80/><E77/><V56/><F56/><W84/><G84/><T88/><D75/><U85/><E85/><N who="2" m="52431" /><F37/><W131/><G58/><N who="0" m="34887" /><D72/><U118/><E118/><V115/><F109/><W128/><G5/><T123/><D123/><U47/><E64/><V73/><F115/><W129/><G1/><T106/><D54/><U23/><E61/><V53/><F53/><W18/><AGARI ba="1,0" hai="18,21,26,92,94,128,129,131" m="38127,48745" machi="18" ten="40,5200,0" yaku="19,1,18,1,52,1" doraHai="16" who="3" fromWho="3" sc="430,-27,250,-14,250,-14,70,55" /><INIT seed="1,0,0,4,4,31" ten="403,236,236,125" oya="1" hai0="61,72,134,107,15,111,93,133,121,27,109,125,67" hai1="96,55,20,37,81,11,69,2,65,23,84,76,120" hai2="46,25,40,82,117,50,118,100,4,97,36,115,34" hai3="106,85,56,19,13,54,39,103,114,10,90,71,62"/><U68/><E120/><V135/><F135/><W124/><G124/><T35/><D107/><U57/><E37/><V26/><F115/><W110/><G110/><T91/><D72/><U87/><E96/><V29/><F4/><W95/><G114/><T60/><D15/><U98/><E98/><V41/><F82/><W42/><G106/><T74/><D74/><U102/><E102/><V92/><REACH who="2" step="1"/><F25/><REACH who="2" ten="403,236,226,125" step="2"/><W116/><G116/><T53/><D27/><U78/><E81/><V24/><F24/><W64/><G103/><T44/><D134/><U79/><E2/><V130/><F130/><W48/><G39/><T43/><D133/><U22/><E11/><V59/><F59/><W132/><G132/><T51/><D125/><U6/><E6/><V119/><F119/><W127/><G127/><T30/><D121/><U28/><E57/><V73/><F73/><W7/><G7/><T1/><D1/><U18/><E28/><V52/><F52/><W21/><REACH who="3" step="1"/><G42/><REACH who="3" ten="403,236,226,115" step="2"/><N who="0" m="24983" /><D111/><U113/><E113/><V77/><F77/><W47/><G47/><AGARI ba="0,2" hai="26,29,34,36,40,41,46,47,50,92,97,100,117,118" machi="47" ten="40,2600,0" yaku="1,1,52,1,53,0" doraHai="31" doraHaiUra="131" who="2" fromWho="3" sc="403,0,236,0,226,46,115,-26" /><INIT seed="2,0,0,4,1,31" ten="403,236,272,89" oya="2" hai0="19,102,113,79,55,93,134,15,109,74,77,11,3" hai1="28,2,46,118,38,131,61,108,73,98,45,4,26" hai2="127,114,8,24,22,90,35,14,115,96,48,135,42" hai3="104,92,133,65,116,9,111,89,66,68,112,21,132"/><V20/><F42/><W81/><G104/><T117/><D109/><U12/><E108/><V85/><F96/><W106/><G106/><T71/><D134/><N who="3" m="51817" /><G111/><T51/><D113/><N who="2" m="43018" /><F90/><W58/><G112/><T39/><D71/><U97/><E131/><V122/><F85/><N who="3" m="50351" /><G68/><T129/><D39/><U63/><E38/><V105/><F48/><W70/><G70/><T80/><D77/><U123/><E73/><V101/><F101/><W56/><G116/><T54/><D129/><U52/><E118/><V103/><F103/><W13/><G21/><N who="2" m="8297" /><F105/><W36/><G36/><T82/><D82/><U83/><E83/><V37/><F37/><W47/><G47/><T125/><D117/><U40/><E40/><V1/><F135/><W49/><G92/><T95/><D102/><U34/><E45/><V5/><F122/><W18/><G49/><T17/><D95/><U50/><E123/><V99/><F99/><W107/><G107/><T44/><D93/><U119/><E119/><V130/><F130/><W6/><G6/><T126/><D55/><U57/><E97/><V94/><F94/><W41/><BYE who="2" /><G41/><T60/><D3/><U120/><E2/><V67/><F67/><N who="3" m="25611" /><G56/><T91/><D91/><U7/><E120/><V76/><F76/><W87/><G58/><N who="0" m="34903" /><D19/><U59/><E98/><V121/><F121/><W0/><G0/><T43/><D51/><U86/><E86/><V23/><F23/><W84/><G87/><T53/><D43/><U32/><E57/><UN n2="%E3%81%8B%E3%82%8F%E3%81%A1%E3%82%83%E3%82%93%35%38" /><V72/><F72/><W88/><G84/><T128/><D128/><U78/><E59/><V16/><F1/><RYUUKYOKU ba="0,0" sc="403,15,236,-15,272,-15,89,15" hai0="11,15,17,44,53,74,79,80,125,126" hai3="9,13,18,88" /><INIT seed="3,1,0,5,3,31" ten="418,221,257,104" oya="3" hai0="92,83,36,43,66,119,51,34,91,126,0,94,78" hai1="124,103,1,111,71,102,47,96,117,3,4,112,81" hai2="73,57,123,59,44,48,14,38,133,37,125,79,116" hai3="128,70,89,106,26,101,62,77,33,104,93,60,86"/><W87/><G128/><T84/><D34/><U108/><E112/><V118/><F79/><W130/><G130/><T80/><D0/><U75/><E124/><V5/><F14/><W42/><G42/><T135/><D36/><N who="2" m="13930" /><F5/><W113/><G113/><T45/><D126/><U76/><E117/><N who="2" m="45163" /><F73/><W99/><G104/><T127/><D119/><U69/><E47/><V90/><F90/><W40/><G40/><T129/><D127/><U54/><E54/><V63/><F125/><W72/><G87/><N who="0" m="48535" /><D135/><U134/><E134/><V41/><F133/><W58/><G70/><T110/><D110/><N who="1" m="42027" /><E103/><V65/><F123/><W27/><G33/><T52/><D66/><U35/><E35/><V29/><F29/><W85/><G85/><T17/><D129/><U19/><E19/><V121/><F121/><W24/><REACH who="3" step="1"/><G58/><AGARI ba="1,0" hai="41,44,48,57,58,59,63,65" m="45163,13930" machi="58" ten="30,2000,0" yaku="34,2" doraHai="31" who="2" fromWho="3" sc="418,0,221,0,257,23,104,-23" owari="418,51.8,221,-17.9,280,8.0,81,-41.9" /></mjloggm>