<mjloggm ver="2.3"><GO type="225" lobby="0"/><UN n0="%72%61%6B%33" n1="%E3%81%A8%E3%82%93%E3%81%A8%E3%81%93%E3%81%A8%E3%82%93" n2="%2D%E8%B1%8A%E5%8F%A3%E3%82%81%E3%81%90%E3%81%BF%2D" n3="%E6%98%93%E5%88%A9%E8%96%A9%E4%BC%AF" dan="16,16,17,16" rate="2162.07,2111.37,2109.27,2055.15" sx="M,F,F,F"/><TAIKYOKU oya="0"/><INIT seed="0,0,0,4,0,97" ten="250,250,250,250" oya="0" hai0="6,80,3,11,23,7,30,114,113,71,20,118,66" hai1="72,69,22,90,125,18,8,84,36,76,32,109,64" hai2="78,102,108,54,16,33,63,38,41,106,0,116,133" hai3="61,65,129,27,92,112,75,21,4,31,53,131,57"/><T123/><D71/><U40/><E32/><V48/><F0/><W10/><G75/><T67/><D80/><U37/><E109/><V86/><F33/><W2/><G112/><T96/><D96/><U17/><E125/><V135/><F108/><W34/><G53/><T127/><D127/><U79/><E72/><V25/><F63/><W93/><REACH who="3" step="1"/><G34/><REACH who="3" ten="250,250,250,240" step="2"/><T28/><D118/><U14/><E40/><V55/><F55/><W134/><G134/><T58/><D123/><U91/><E64/><V130/><F116/><W124/><G124/><T95/><D66/><U12/><E69/><V89/><F41/><W87/><G87/><T59/><D67/><U1/><E84/><V103/><F135/><W122/><G122/><T132/><D132/><U51/><E1/><V24/><F133/><W35/><G35/><T100/><D3/><U62/><E36/><V107/><F38/><W77/><G77/><T56/><D113/><U49/><E37/><V111/><F78/><W88/><G88/><T47/><D114/><U46/><E79/><V81/><F111/><W29/><G29/><T128/><D30/><U42/><E76/><V101/><F130/><AGARI ba="0,1" hai="2,4,10,21,27,31,57,61,65,92,93,129,130,131" machi="130" ten="40,2600,0" yaku="1,1,19,1,53,0" doraHai="97" doraHaiUra="104" who="3" fromWho="2" sc="250,0,250,0,250,-26,240,36" /><INIT seed="1,0,0,1,2,126" ten="250,250,224,276" oya="1" hai0="100,49,11,55,76,84,1,104,125,50,4,78,53" hai1="129,113,45,118,75,18,116,97,81,2,106,69,128" hai2="96,19,94,87,43,71,47,5,12,26,48,120,31" hai3="132,42,28,32,131,130,123,127,34,108,56,64,133"/><U63/><E18/><V98/><F71/><W51/><G123/><T54/><D125/><U90/><E45/><V41/><F120/><W73/><G73/><T135/><D135/><N who="3" m="51785" /><G127/><T93/><D104/><U37/><E37/><V52/><F5/><W61/><G108/><T114/><D114/><U15/><E15/><V111/><F111/><W101/><G101/><T68/><D68/><U83/><E2/><V65/><F65/><W38/><G38/><T115/><D115/><U25/><E25/><V70/><F70/><W66/><G66/><T22/><D22/><U119/><E63/><V89/><F41/><W58/><G28/><T82/><D78/><N who="1" m="44255" /><E69/><V21/><REACH who="2" step="1"/><F43/><REACH who="2" ten="250,250,214,276" step="2"/><W3/><G3/><T102/><D1/><U20/><E113/><V117/><F117/><W86/><G86/><T33/><D84/><N who="1" m="50463" /><E20/><AGARI ba="0,1" hai="12,19,20,21,26,31,47,48,52,87,89,94,96,98" machi="20" ten="30,7700,0" yaku="1,1,7,1,8,1,54,1,53,0" doraHai="126" doraHaiUra="0" who="2" fromWho="1" sc="250,0,250,-77,214,87,276,0" /><INIT seed="2,0,0,0,3,92" ten="250,173,301,276" oya="2" hai0="97,126,54,95,58,84,12,100,60,61,106,2,105" hai1="64,5,75,93,6,29,51,89,104,103,33,8,121" hai2="17,0,110,9,57,118,16,20,91,28,133,81,83" hai3="108,15,44,77,72,71,127,1,123,63,49,113,65"/><V114/><F114/><W25/><G1/><T85/><D2/><U38/><E38/><V134/><F118/><W47/><G123/><T42/><D126/><U99/><E121/><V53/><F28/><W96/><G108/><T46/><D60/><U128/><E128/><V66/><F66/><W62/><G62/><T74/><D74/><U107/><E75/><V80/><F110/><W101/><G127/><T36/><REACH who="0" step="1"/><D12/><REACH who="0" ten="240,173,301,276" step="2"/><U13/><E13/><N who="2" m="7215" /><F0/><W135/><G15/><T21/><D21/><U48/><E33/><V23/><F23/><W130/><G130/><T112/><D112/><U125/><E125/><V88/><F134/><W50/><G135/><T102/><D102/><U24/><E103/><V32/><F32/><W87/><G113/><T31/><D31/><U59/><E29/><V39/><F133/><W124/><G72/><T37/><D37/><U98/><E64/><V120/><F39/><W82/><G124/><T129/><D129/><U26/><E24/><N who="2" m="14351" /><F120/><W116/><G116/><T79/><D79/><U7/><E26/><V41/><F41/><W111/><G25/><T43/><D43/><U34/><E34/><V3/><F3/><W68/><G111/><T94/><D94/><U18/><E93/><V73/><F73/><W115/><G115/><T11/><D11/><U76/><E8/><V56/><F91/><W70/><G49/><T14/><D14/><U117/><E48/><N who="2" m="30759" /><F88/><W109/><G109/><T131/><D131/><U40/><E89/><V69/><F69/><N who="3" m="42175" /><G50/><T78/><D78/><U67/><E76/><V132/><F132/><W119/><G119/><RYUUKYOKU ba="0,1" sc="240,10,173,-30,301,10,276,10" hai0="36,42,46,54,58,61,84,85,95,97,100,105,106" hai2="57,80,81,83" hai3="44,47,68,70,71,77,82,87,96,101" /><INIT seed="2,1,1,3,4,41" ten="250,143,311,286" oya="2" hai0="70,54,2,6,3,59,91,106,130,43,105,101,98" hai1="45,119,51,73,27,115,10,21,75,30,36,72,83" hai2="77,93,63,20,76,123,23,49,82,48,92,7,109" hai3="100,97,129,80,110,68,60,22,14,62,25,125,15"/><V33/><F33/><W47/><G110/><T102/><D70/><U64/><E115/><V66/><F123/><W42/><G129/><T126/><D130/><U0/><E119/><V65/><F7/><W38/><G125/><T5/><D126/><U40/><E64/><V135/><F109/><W1/><G1/><T37/><D91/><U32/><E21/><V34/><F34/><W24/><G80/><T88/><D88/><U132/><E51/><V87/><F135/><W17/><G15/><T116/><D116/><U121/><E132/><V127/><F127/><W108/><G108/><T111/><D111/><U107/><E121/><V86/><F63/><W13/><G13/><T26/><D26/><U67/><E67/><V99/><F99/><W12/><G12/><T52/><D98/><U29/><E29/><V61/><F61/><W96/><G96/><T134/><D43/><U57/><E57/><V90/><F90/><W39/><G39/><T79/><D59/><U55/><E55/><V131/><F131/><W16/><G68/><T69/><D69/><U46/><E107/><V11/><F11/><W58/><G17/><T118/><D118/><U18/><E18/><V78/><F78/><W53/><REACH who="3" step="1"/><G60/><REACH who="3" ten="250,143,311,276" step="2"/><T31/><D134/><U50/><E83/><AGARI ba="1,2" hai="20,23,48,49,65,66,76,77,82,83,86,87,92,93" machi="83" ten="25,4800,0" yaku="22,2,8,1" doraHai="41" who="2" fromWho="1" sc="250,0,143,-51,311,71,276,0" /><INIT seed="2,2,0,0,2,2" ten="250,92,382,276" oya="2" hai0="34,125,134,108,31,63,100,103,73,51,75,78,90" hai1="123,119,58,92,14,25,130,52,87,9,18,32,59" hai2="55,60,27,57,61,10,111,99,45,53,62,128,8" hai3="121,107,112,80,4,19,29,5,88,116,98,113,72"/><V39/><F128/><W133/><G116/><T50/><D31/><U82/><E119/><V131/><F131/><W91/><G121/><T64/><D34/><U20/><E130/><V86/><F99/><W105/><G29/><T67/><D63/><U117/><E117/><V97/><F97/><W132/><G19/><T69/><D78/><U65/><E123/><V106/><F106/><N who="3" m="40459" /><G98/><T6/><D69/><U38/><E38/><V22/><F86/><W15/><G15/><T85/><D85/><U71/><E32/><V13/><F111/><W17/><G17/><T30/><D30/><U102/><E71/><V41/><F55/><W42/><G42/><T93/><D108/><U110/><E110/><V66/><F13/><W46/><G46/><T44/><D44/><U120/><E120/><V84/><F84/><N who="3" m="50183" /><G91/><T135/><D90/><U40/><E40/><V56/><F62/><W101/><G101/><T26/><D93/><U7/><E102/><V127/><F10/><W54/><G54/><T129/><D129/><U11/><E65/><V96/><F8/><W43/><G43/><T24/><D125/><U79/><E92/><V122/><F96/><W21/><G21/><T36/><D36/><U89/><E89/><V95/><F95/><W3/><G3/><T47/><D47/><U23/><E23/><V104/><F104/><W28/><G28/><T48/><D48/><U77/><E79/><V76/><F76/><W35/><G35/><T109/><D109/><U124/><E124/><V12/><F122/><W126/><G126/><T94/><D94/><U118/><E118/><RYUUKYOKU ba="2,0" sc="250,30,92,-10,382,-10,276,-10" hai0="6,24,26,50,51,64,67,73,75,100,103,134,135" /><INIT seed="3,3,0,5,5,100" ten="280,82,372,266" oya="3" hai0="62,37,93,109,28,41,58,135,63,85,66,112,64" hai1="43,129,16,61,34,59,90,48,24,8,67,29,120" hai2="88,79,20,71,102,119,17,123,52,91,127,132,74" hai3="14,22,86,73,92,30,31,13,84,38,113,33,32"/><W118/><G113/><T108/><D28/><U72/><E129/><V4/><F71/><W134/><G73/><T49/><D93/><U122/><E72/><V114/><F114/><W68/><G68/><T10/><D85/><U101/><E101/><V60/><F4/><W106/><G38/><T94/><D94/><U42/><E90/><V39/><F39/><W83/><G118/><T12/><D12/><U96/><E96/><V40/><F40/><W57/><G134/><T80/><D80/><U55/><E120/><V98/><F119/><W76/><G106/><T3/><D10/><U104/><E122/><V89/><F123/><W21/><G57/><T107/><D107/><U70/><E43/><V126/><F132/><W45/><G45/><N who="0" m="23727" /><D3/><U25/><E42/><V125/><F79/><W53/><G53/><T121/><D121/><U130/><E130/><V6/><F6/><W18/><G92/><T110/><D112/><U115/><E115/><V47/><F74/><W117/><G117/><T46/><D135/><U27/><REACH who="1" step="1"/><E104/><REACH who="1" ten="280,72,372,266" step="2"/><V51/><F102/><W65/><G86/><T78/><D78/><U19/><E19/><V1/><F98/><W44/><G84/><T54/><D110/><U128/><E128/><V124/><F124/><W103/><G103/><T36/><D36/><U35/><E35/><V26/><F91/><W50/><G76/><T5/><D109/><U2/><E2/><V82/><F1/><W111/><G32/><T7/><D108/><U105/><E105/><V0/><F0/><W11/><G111/><T133/><D133/><U23/><E23/><RYUUKYOKU ba="3,1" sc="280,15,72,15,372,-15,266,-15" hai0="5,7,46,49,54,58,62,63,64,66" hai1="8,16,24,25,27,29,34,48,55,59,61,67,70" owari="295,9.5,87,-41.3,367,46.7,251,-14.9" /></mjloggm>