<mjloggm ver="2.3"><GO type="225" lobby="0"/><UN n0="%E3%81%AA%E3%82%81%E3%81%93%E9%9B%80%E5%A3%AB" n1="%E4%BA%95%E5%B8%AF" n2="%E7%99%BD%E5%92%B2%E8%8A%B1%E3%81%A1%E3%82%83%E3%82%93" n3="%E9%AC%BC%E7%95%9C%E7%B1%B3%E5%85%B5" dan="16,16,16,17" rate="2053.98,2040.53,2097.30,2126.00" sx="M,M,F,M"/><TAIKYOKU oya="0"/><INIT seed="0,0,0,3,4,85" ten="250,250,250,250" oya="0" hai0="98,5,1,120,8,12,124,32,80,71,58,49,4" hai1="116,79,20,13,94,68,3,133,101,106,119,72,122" hai2="54,111,99,10,77,38,76,43,107,44,70,2,131" hai3="61,66,97,56,17,125,73,65,110,25,33,21,47"/><T23/><D71/><U30/><E13/><V134/><F111/><W64/><G73/><T91/><D120/><U78/><E20/><V113/><F113/><W63/><G110/><T31/><D124/><U123/><E30/><V135/><F70/><W15/><G125/><T67/><D32/><U62/><E3/><V84/><F131/><W114/><G114/><T128/><D128/><U108/><E62/><V82/><F54/><W27/><G33/><T127/><D1/><U50/><E50/><V28/><F28/><W103/><G47/><T104/><D104/><U9/><E9/><V24/><F24/><W35/><G35/><T18/><D127/><U95/><E68/><V83/><F99/><W117/><G117/><N who="1" m="45130" /><E108/><V121/><F107/><W90/><G90/><T81/><D31/><U37/><E37/><V92/><F92/><N who="1" m="35369" /><E133/><V129/><F129/><W132/><G132/><T74/><D8/><U6/><E6/><V52/><F135/><W53/><G63/><T11/><D11/><U22/><E22/><V46/><F134/><W7/><G7/><T26/><D26/><U126/><E126/><V14/><F2/><W42/><G42/><T105/><D5/><U93/><N who="1" m="35377" /><AGARI ba="0,0" hai="15,17,21,25,27,53,56,61,64,65,66,93,97,103" machi="93" ten="40,2600,0" yaku="3,1,8,1" doraHai="85" who="3" fromWho="1" sc="250,0,250,-26,250,0,250,26" /><INIT seed="1,0,0,1,3,119" ten="250,224,250,276" oya="1" hai0="6,27,67,78,82,80,10,101,15,94,11,46,76" hai1="33,88,52,57,133,51,69,9,2,131,81,29,14" hai2="44,72,90,60,65,125,13,109,22,96,41,83,85" hai3="117,34,53,8,132,135,58,115,0,3,56,127,68"/><U93/><E131/><V89/><F109/><W77/><G68/><T91/><D101/><U20/><E133/><V74/><F125/><W104/><G104/><T71/><D71/><U120/><E120/><V122/><F122/><W54/><G34/><T79/><D67/><U37/><E37/><V4/><F96/><W1/><G115/><T73/><D73/><U7/><E69/><V75/><F90/><W55/><G127/><T24/><D46/><U130/><E130/><V40/><F44/><W110/><G110/><T36/><D11/><U18/><E81/><N who="0" m="31337" /><D36/><U49/><E49/><V124/><F124/><W31/><G8/><T16/><D6/><U113/><E113/><V42/><F4/><W118/><G31/><T38/><D38/><U47/><E47/><V48/><F48/><W45/><G45/><T95/><D95/><U105/><E105/><V17/><REACH who="2" step="1"/><F72/><REACH who="2" ten="250,224,240,276" step="2"/><W5/><G5/><T59/><D59/><AGARI ba="0,1" hai="13,17,22,40,41,42,59,60,65,74,75,83,85,89" machi="59" ten="40,2600,0" yaku="1,1,2,1,53,0" doraHai="119" doraHaiUra="111" who="2" fromWho="0" sc="250,-26,224,0,240,36,276,0" /><INIT seed="2,0,0,5,0,60" ten="224,224,276,276" oya="2" hai0="74,132,122,83,1,7,59,61,70,67,130,64,90" hai1="6,113,96,92,112,108,43,63,135,88,39,128,22" hai2="32,110,101,14,82,33,31,13,21,17,2,73,42" hai3="29,68,104,0,25,11,97,38,94,116,12,115,111"/><V48/><F101/><W80/><G116/><T78/><D122/><U36/><E108/><V40/><F110/><W10/><G68/><T62/><D132/><U99/><E135/><V103/><F103/><W51/><G38/><T4/><D130/><U26/><E128/><V105/><F105/><W106/><G111/><T89/><REACH who="0" step="1"/><D1/><REACH who="0" ten="214,224,276,276" step="2"/><U16/><E113/><V9/><F2/><W119/><G0/><T23/><D23/><U35/><E112/><V131/><F131/><W84/><G115/><T102/><D102/><U123/><E123/><V50/><F33/><W30/><G119/><T20/><D20/><U98/><E35/><V37/><F32/><W34/><G34/><T15/><D15/><U124/><E124/><V5/><F21/><W120/><G12/><T79/><D79/><U19/><E6/><AGARI ba="0,1" hai="4,6,7,59,61,62,64,67,70,74,78,83,89,90" machi="6" ten="40,5200,0" yaku="1,1,52,2,53,0" doraHai="60" doraHaiUra="125" who="0" fromWho="1" sc="214,62,224,-52,276,0,276,0" /><INIT seed="3,0,0,1,1,113" ten="276,172,276,276" oya="3" hai0="64,36,22,133,87,53,60,125,52,17,127,105,72" hai1="68,97,54,50,33,92,15,12,57,49,82,114,120" hai2="88,126,59,7,51,74,96,34,91,85,135,14,69" hai3="84,111,129,90,23,39,112,55,28,89,56,46,43"/><W19/><G112/><T38/><D72/><U9/><E114/><V134/><F69/><W107/><G107/><T116/><D87/><U122/><E68/><V109/><F74/><W16/><G129/><T86/><D86/><U81/><E33/><V100/><F34/><W24/><G111/><T21/><D116/><U83/><E122/><V110/><F126/><N who="0" m="48138" /><D105/><U41/><E120/><V13/><F59/><W2/><G2/><T67/><D133/><N who="2" m="50698" /><F51/><W18/><REACH who="3" step="1"/><G84/><REACH who="3" ten="276,172,276,266" step="2"/><T29/><D29/><U115/><E115/><V26/><F109/><W58/><G58/><N who="0" m="36887" /><D67/><U37/><E37/><N who="0" m="14441" /><D22/><U94/><E97/><V62/><F85/><W101/><G101/><T35/><D35/><U75/><E75/><V77/><F100/><W108/><G108/><T76/><D76/><U40/><E12/><AGARI ba="0,1" hai="12,17,21,52,53" m="14441,36887,48138" machi="12" ten="30,2000,0" yaku="18,1,54,1" doraHai="113" who="0" fromWho="1" sc="276,30,172,-20,276,0,266,0" owari="306,40.6,152,-34.8,276,7.6,266,-13.4" /></mjloggm>