<mjloggm ver="2.3"><GO type="225" lobby="0"/><UN n0="%E3%81%B5%E3%81%98%E3%81%8B%E3%81%A4" n1="%E3%81%99%E3%81%84%E3%81%BE%E3%81%9B%E3%83%BC%E3%82%93" n2="%4C%4F%4C%49%54%41" n3="%E6%B8%A9%E2%98%85%E6%83%85%E2%98%85%E6%8E%AA%E2%98%85%E7%BD%AE" dan="16,18,16,18" rate="2165.85,2188.72,2167.59,2242.31" sx="M,M,F,M"/><TAIKYOKU oya="0"/><INIT seed="0,0,0,1,4,101" ten="250,250,250,250" oya="0" hai0="39,103,10,109,111,41,59,93,56,129,112,24,34" hai1="128,54,61,8,71,51,42,38,14,104,17,49,119" hai2="45,66,130,84,1,125,28,83,133,53,78,115,43" hai3="26,98,81,68,85,116,35,126,33,3,46,118,79"/><T74/><D112/><U13/><E119/><V52/><F115/><W11/><G126/><T32/><D74/><U55/><E128/><V9/><F130/><W36/><G68/><T25/><D129/><U97/><E38/><V67/><F125/><W16/><G98/><T12/><D39/><U91/><E42/><V77/><F133/><W0/><G0/><T92/><D41/><U37/><E37/><V40/><F28/><W134/><G134/><T113/><D113/><U69/><E69/><V99/><F78/><W57/><G57/><N who="0" m="22091" /><D103/><U87/><E71/><V80/><F80/><W86/><G46/><T76/><D76/><U124/><E61/><V105/><F43/><W31/><G36/><T72/><D10/><U65/><E65/><V88/><F40/><W123/><G35/><N who="0" m="13355" /><D12/><U114/><E124/><V131/><F131/><W15/><G123/><T90/><D90/><U58/><E14/><V21/><F77/><W132/><G132/><T48/><D48/><U27/><E114/><V70/><F70/><W2/><G2/><T23/><D72/><U75/><E75/><V29/><F66/><W100/><G100/><T60/><D60/><N who="1" m="35927" /><E55/><V135/><F67/><W82/><G3/><T96/><D96/><U95/><E27/><N who="0" m="10313" /><D23/><U121/><E121/><V7/><F135/><W20/><G33/><T102/><D102/><N who="1" m="62543" /><E51/><N who="2" m="28911" /><F52/><W5/><G31/><T107/><D107/><U62/><E49/><V44/><F44/><W89/><AGARI ba="0,0" hai="5,11,15,16,20,26,79,81,82,85,86,89,116,118" machi="89" ten="20,2700,0" yaku="0,1,7,1,54,1" doraHai="101" who="3" fromWho="3" sc="250,-13,250,-7,250,-7,250,27" /><INIT seed="1,0,0,5,0,27" ten="237,243,243,277" oya="1" hai0="6,9,70,108,51,49,50,74,120,103,46,8,3" hai1="45,11,40,60,113,133,93,57,85,72,104,48,1" hai2="90,31,86,75,20,69,16,79,56,30,82,17,123" hai3="109,13,25,28,77,64,118,54,83,53,78,66,135"/><U87/><E113/><V55/><F69/><W2/><G2/><T114/><D114/><U44/><E104/><V81/><F123/><W112/><G112/><T5/><D120/><U21/><E72/><V127/><F127/><W94/><G109/><T121/><D108/><U12/><E133/><V33/><F33/><W105/><G105/><T39/><D121/><U101/><E1/><V58/><F17/><W122/><G122/><T0/><D74/><U73/><E73/><V97/><F97/><W92/><G135/><T110/><D110/><U100/><E44/><V65/><F65/><N who="3" m="25195" /><G13/><T61/><D61/><U52/><E21/><V88/><F90/><W124/><G124/><T91/><D70/><U115/><E115/><V42/><F42/><W36/><G36/><T131/><D131/><U32/><E32/><V23/><F23/><N who="3" m="15423" /><G118/><T84/><D103/><N who="1" m="39499" /><E93/><N who="3" m="35946" /><G83/><T129/><D129/><U43/><E43/><V80/><F81/><W134/><G134/><T128/><D128/><U47/><E47/><V14/><F56/><W116/><G116/><T41/><REACH who="0" step="1"/><D39/><REACH who="0" ten="227,243,243,277" step="2"/><U126/><E126/><V24/><F24/><W7/><G7/><AGARI ba="0,1" hai="7,11,12,40,45,48,52,57,60,85,87" m="39499" machi="7" ten="30,2900,0" yaku="8,1,54,1" doraHai="27" who="1" fromWho="3" sc="227,0,243,39,243,0,277,-29" /><INIT seed="1,1,0,5,4,85" ten="227,282,243,248" oya="1" hai0="114,15,101,37,119,105,57,16,84,51,115,128,63" hai1="54,17,36,74,2,73,31,62,109,3,47,49,30" hai2="83,100,25,106,98,33,4,123,56,32,112,76,60" hai3="55,46,102,129,95,79,124,26,92,107,77,89,72"/><U132/><E132/><V29/><F123/><W71/><G71/><T65/><D119/><U22/><E36/><V94/><F112/><W96/><G129/><T50/><D128/><U7/><E109/><V48/><F4/><W111/><G111/><T12/><D12/><U116/><E116/><V28/><F48/><N who="3" m="29079" /><G107/><T91/><D37/><U103/><E103/><V10/><F10/><W70/><G70/><T66/><D66/><U75/><E7/><V99/><F29/><W44/><G72/><T20/><D114/><U18/><E18/><V88/><F25/><W43/><G124/><T53/><D115/><U34/><E62/><V86/><REACH who="2" step="1"/><F28/><REACH who="2" ten="227,282,233,248" step="2"/><W21/><G43/><T122/><D122/><U118/><E118/><V0/><F0/><W24/><G44/><T58/><D50/><U108/><E108/><V97/><F97/><N who="3" m="57487" /><G26/><T59/><D59/><U126/><E126/><V14/><F14/><W117/><G117/><T68/><D68/><U113/><E113/><V81/><F81/><W133/><G133/><T69/><D69/><U52/><E2/><V130/><F130/><W90/><G24/><T1/><D1/><U6/><E3/><V127/><F127/><W13/><G13/><T104/><REACH who="0" step="1"/><D101/><REACH who="0" ten="217,282,233,248" step="2"/><U131/><E131/><V120/><F120/><W110/><G110/><T41/><D41/><U11/><E6/><V64/><AGARI ba="1,2" hai="32,33,56,60,64,76,83,86,88,94,98,99,100,106" machi="64" ten="20,8000,1" yaku="1,1,0,1,7,1,52,1,54,1,53,0" doraHai="85" doraHaiUra="40" who="2" fromWho="2" sc="217,-21,282,-41,233,103,248,-21" /><INIT seed="2,0,0,4,0,119" ten="196,241,336,227" oya="2" hai0="13,2,31,87,102,58,91,36,45,52,106,51,120" hai1="69,11,4,99,97,103,21,8,86,123,93,43,35" hai2="26,23,132,80,122,53,75,22,73,130,74,12,95" hai3="64,98,18,62,34,16,125,105,39,134,0,3,47"/><V85/><F130/><W81/><G134/><T116/><D116/><U92/><E35/><V66/><F132/><W46/><G125/><T38/><D2/><U118/><E118/><V110/><F66/><W50/><G34/><T71/><D71/><U20/><E69/><V60/><F122/><W15/><G81/><T107/><D120/><U63/><E123/><V54/><F110/><W76/><G76/><T44/><D31/><U128/><E128/><V88/><F60/><W28/><G28/><T70/><D70/><U29/><E63/><V78/><F12/><W9/><G18/><T49/><D13/><N who="1" m="5255" /><E43/><V24/><F22/><W17/><G17/><T41/><D102/><N who="1" m="60711" /><E11/><V72/><F26/><W126/><G126/><T55/><REACH who="0" step="1"/><D38/><REACH who="0" ten="186,241,336,227" step="2"/><U94/><E29/><V101/><F101/><N who="3" m="62647" /><G39/><T27/><D27/><U135/><E135/><V61/><F24/><W30/><G30/><T33/><D33/><U56/><E103/><V14/><F14/><W7/><G3/><T82/><AGARI ba="0,1" hai="36,41,44,45,49,51,52,55,58,82,87,91,106,107" machi="82" ten="20,5200,0" yaku="1,1,0,1,7,1,54,1,53,0" doraHai="119" doraHaiUra="65" who="0" fromWho="0" sc="186,62,241,-13,336,-26,227,-13" /><INIT seed="3,0,0,5,5,14" ten="248,228,310,214" oya="3" hai0="105,103,118,53,15,79,135,73,76,124,129,27,131" hai1="32,23,21,67,1,120,39,107,26,66,40,83,52" hai2="112,134,17,109,49,117,68,55,28,7,116,71,74" hai3="5,11,97,130,122,82,72,81,33,25,96,43,47"/><W77/><G122/><T63/><D118/><U84/><E107/><V45/><F112/><W100/><G130/><N who="0" m="49675" /><D124/><U8/><E120/><V54/><F74/><W119/><G119/><T37/><D37/><U65/><E32/><V61/><F28/><W30/><G82/><T13/><D27/><U127/><E127/><V42/><F7/><W91/><G91/><T92/><D105/><U126/><E126/><V102/><F102/><W12/><REACH who="3" step="1"/><G100/><REACH who="3" ten="248,228,310,204" step="2"/><T86/><D103/><U44/><E83/><V123/><F123/><W31/><G31/><T128/><D128/><U110/><E110/><V70/><F109/><W19/><G19/><T104/><D76/><U78/><E78/><V75/><F17/><W69/><G69/><T56/><D73/><U22/><E84/><V125/><F75/><W132/><G132/><T98/><D79/><U85/><E85/><V38/><F125/><W64/><G64/><T50/><D135/><U16/><REACH who="1" step="1"/><E52/><REACH who="1" ten="248,218,310,204" step="2"/><V6/><F134/><W18/><G18/><T90/><D86/><U88/><E88/><V113/><F117/><W99/><G99/><T29/><D98/><U46/><E46/><V34/><F116/><W24/><G24/><T51/><D90/><U57/><E57/><V80/><F80/><W101/><G101/><T121/><D121/><U87/><E87/><V59/><F55/><W35/><G35/><T10/><D53/><U111/><E111/><V48/><F34/><W60/><G60/><T62/><D62/><U108/><E108/><V95/><F61/><W0/><G0/><T133/><D63/><U4/><AGARI ba="0,2" hai="1,4,8,16,21,22,23,26,39,40,44,65,66,67" machi="4" ten="30,8000,1" yaku="1,1,5,1,0,1,52,1,54,1,53,0" doraHai="14" doraHaiUra="106" who="1" fromWho="1" sc="248,-20,218,100,310,-20,204,-40" owari="228,-17.2,318,41.8,290,9.0,164,-33.6" /></mjloggm>