<mjloggm ver="2.3"><GO type="225" lobby="0"/><UN n0="%73%7A%2E%64%31" n1="%72%69%6F%75%63%68%61%6E" n2="%E5%84%AA%40%41%42%43" n3="%47%32%E9%BE%8D%E9%96%80" dan="16,17,17,16" rate="2101.81,2221.88,2230.69,2092.70" sx="M,M,M,M"/><TAIKYOKU oya="0"/><INIT seed="0,0,0,4,3,106" ten="250,250,250,250" oya="0" hai0="130,8,121,57,31,33,85,16,115,113,28,50,118" hai1="98,32,55,30,89,108,56,103,39,95,54,100,47" hai2="80,45,23,11,68,14,5,46,77,93,92,124,76" hai3="116,34,114,41,24,21,101,104,134,22,38,120,59"/><T133/><D121/><U94/><E108/><V62/><F124/><W36/><G116/><T123/><D118/><U44/><E39/><V64/><F77/><W87/><G114/><T1/><D123/><U71/><E71/><V27/><F92/><W83/><G120/><T19/><D133/><U105/><E105/><V65/><F65/><W127/><G127/><T111/><D85/><U112/><E112/><N who="0" m="43081" /><D50/><U15/><E32/><V91/><F91/><W73/><G134/><T42/><D42/><U48/><E30/><N who="0" m="11305" /><D57/><N who="1" m="32967" /><E15/><V58/><F93/><W35/><G41/><T26/><D130/><U10/><E10/><V53/><F23/><W128/><G104/><T25/><D111/><U51/><E103/><V75/><REACH who="2" step="1"/><F27/><REACH who="2" ten="250,250,240,250" step="2"/><N who="0" m="10250" /><D33/><U52/><E55/><V40/><F40/><W4/><G35/><T37/><D37/><U72/><E72/><V84/><F84/><AGARI ba="0,1" hai="44,47,51,52,56,84,89,94,95,98,100" m="32967" machi="84" ten="30,2000,0" yaku="8,1,54,1" doraHai="106" who="1" fromWho="2" sc="250,0,250,30,240,-20,250,0" /><INIT seed="1,0,0,5,4,44" ten="250,280,220,250" oya="1" hai0="129,67,27,84,68,48,98,112,32,33,87,114,39" hai1="22,61,116,43,127,63,123,30,99,69,115,134,5" hai2="21,66,103,105,59,85,50,35,83,23,102,51,93" hai3="117,100,76,24,16,86,36,2,52,80,89,74,28"/><U130/><E115/><V96/><F35/><W128/><G36/><T132/><D39/><U1/><E116/><V131/><F131/><W11/><G128/><T45/><D129/><U3/><E123/><V104/><F104/><W47/><G117/><T62/><D132/><U101/><E130/><V94/><F105/><W75/><G100/><T15/><D15/><U26/><E134/><V18/><F94/><W109/><G109/><T110/><D110/><U70/><E127/><V120/><F102/><W13/><G76/><T42/><D98/><U9/><E1/><V92/><F93/><W49/><G2/><T106/><D106/><U77/><E77/><N who="2" m="46319" /><F120/><W40/><G40/><T81/><D87/><U25/><E43/><V7/><F7/><W119/><G119/><T8/><D8/><U118/><E118/><V78/><F78/><W113/><G113/><T107/><D107/><U10/><E99/><V73/><F73/><W91/><G91/><T121/><D121/><U97/><E97/><V133/><F133/><W124/><G124/><T19/><D32/><AGARI ba="0,0" hai="11,13,16,24,28,32,47,49,52,74,75,80,86,89" machi="32" ten="30,12000,2" yaku="7,1,25,2,52,1,54,2" doraHai="44" who="3" fromWho="0" sc="250,-120,280,0,220,0,250,120" /><INIT seed="2,0,0,3,4,44" ten="130,280,220,370" oya="2" hai0="130,51,106,33,92,27,58,128,9,74,19,11,20" hai1="48,111,87,91,52,46,41,4,62,61,125,60,38" hai2="17,80,54,24,99,55,23,66,16,3,131,75,129" hai3="67,71,101,56,119,37,134,126,132,96,34,86,15"/><V18/><F3/><W120/><G119/><T124/><D106/><U39/><E111/><V83/><F66/><W29/><G120/><T100/><D74/><U109/><E109/><V10/><F99/><W97/><G37/><T2/><D124/><U5/><E125/><V115/><F115/><W118/><G118/><T102/><D33/><U14/><E14/><N who="2" m="7255" /><F17/><W30/><G71/><T31/><D9/><U82/><REACH who="1" step="1"/><E38/><REACH who="1" ten="130,270,220,370" step="2"/><V135/><F135/><W69/><G15/><T50/><D2/><U45/><AGARI ba="0,1" hai="4,5,39,41,45,46,48,52,60,61,62,82,87,91" machi="45" ten="30,8000,1" yaku="1,1,2,1,0,1,52,1,54,1,53,0" doraHai="44" doraHaiUra="21" who="1" fromWho="1" sc="130,-20,270,90,220,-40,370,-20" /><INIT seed="3,0,0,0,3,22" ten="110,360,180,350" oya="3" hai0="68,31,61,123,55,95,114,2,65,111,96,59,76" hai1="6,12,48,37,112,63,10,104,67,128,74,109,110" hai2="113,25,106,26,70,129,83,89,47,16,41,19,115" hai3="105,121,119,13,7,44,120,92,94,86,98,133,15"/><W125/><G119/><T28/><D123/><U39/><E128/><V34/><F70/><W0/><G0/><T100/><D111/><N who="1" m="42507" /><E112/><V36/><F106/><W90/><G105/><T91/><D114/><U64/><E74/><V78/><F129/><W8/><G133/><T35/><D2/><U79/><E104/><V131/><F131/><W118/><G118/><T21/><D35/><U3/><E79/><V72/><F89/><W77/><G125/><T87/><D76/><U135/><E135/><V20/><F34/><W57/><G15/><T38/><D38/><N who="1" m="14347" /><E48/><V27/><F19/><W82/><G44/><T4/><D4/><N who="1" m="1311" /><E63/><V108/><REACH who="2" step="1"/><F108/><REACH who="2" ten="110,360,170,350" step="2"/><W11/><G11/><AGARI ba="0,1" hai="6,11,12,64,67" m="1311,14347,42507" machi="11" ten="30,1000,0" yaku="14,1" doraHai="22" who="1" fromWho="3" sc="110,0,360,20,170,0,350,-10" owari="110,-39.0,380,48.0,170,-23.0,340,14.0" /></mjloggm>