<mjloggm ver="2.3"><GO type="225" lobby="0"/><UN n0="%E3%82%B2%E3%82%B9%E8%8C%82%E5%8B%9D" n1="%E3%83%A9%E3%83%96%E3%83%AC%E3%83%BC" n2="%E7%99%BD%E9%9B%AA%E4%B9%83%E6%84%9B" n3="%E5%8F%AF%E5%85%90%E9%82%A3%E7%94%B1%E5%A4%9A" dan="16,18,16,17" rate="2056.77,2175.12,2070.18,2187.07" sx="F,M,F,F"/><TAIKYOKU oya="0"/><INIT seed="0,0,0,2,2,44" ten="250,250,250,250" oya="0" hai0="86,30,61,82,120,43,93,98,34,77,6,4,39" hai1="13,7,123,119,91,33,12,10,133,49,51,129,87" hai2="90,27,16,1,47,66,24,126,74,70,96,81,65" hai3="36,20,106,73,52,71,22,23,72,122,17,107,108"/><T2/><D120/><U135/><E119/><V67/><F1/><W5/><G36/><T114/><D114/><U41/><E33/><V132/><F132/><N who="1" m="50761" /><E123/><V11/><F126/><W59/><G71/><T69/><D2/><U89/><E41/><V99/><F70/><W115/><G122/><T116/><D116/><U15/><E129/><V104/><F104/><W56/><G115/><T19/><D43/><U0/><E91/><V60/><F60/><W111/><G5/><T118/><D39/><U85/><E87/><N who="2" m="50543" /><F74/><N who="3" m="28779" /><G17/><T131/><D118/><U83/><AGARI ba="0,0" hai="0,7,10,12,13,15,49,51,83,85,89" m="50761" machi="83" ten="30,4000,0" yaku="20,1,52,2" doraHai="44" who="1" fromWho="1" sc="250,-20,250,40,250,-10,250,-10" /><INIT seed="1,0,0,5,3,109" ten="230,290,240,240" oya="1" hai0="65,135,70,117,72,39,15,99,106,132,114,12,69" hai1="104,119,83,120,74,28,64,26,57,81,121,79,23" hai2="5,103,113,50,43,40,91,84,16,51,73,68,37" hai3="93,49,123,130,95,27,56,60,25,100,107,128,24"/><U48/><E119/><V125/><F73/><W14/><G123/><T134/><D117/><U52/><E104/><V38/><F68/><N who="0" m="26218" /><D72/><U80/><E64/><V82/><F5/><W3/><G3/><T76/><D76/><U90/><E90/><V129/><F103/><W111/><G111/><T108/><D108/><U55/><E83/><V35/><F35/><W10/><G49/><T47/><D65/><U42/><E42/><V133/><F38/><W105/><G105/><T102/><D114/><U115/><E81/><V53/><F37/><W41/><G41/><AGARI ba="0,0" hai="12,15,39,41,47,99,102,106,132,134,135" m="26218" machi="41" ten="40,1300,0" yaku="20,1" doraHai="109" who="0" fromWho="3" sc="230,13,290,0,240,0,240,-13" /><INIT seed="2,0,0,0,2,71" ten="243,290,240,227" oya="2" hai0="129,12,43,82,107,50,44,34,119,121,36,133,86" hai1="74,87,81,73,64,26,131,38,8,103,88,69,108" hai2="31,115,105,104,33,75,32,4,16,62,51,15,35" hai3="22,77,53,25,14,24,125,127,78,97,41,102,0"/><V113/><F75/><W6/><G0/><T120/><D34/><U118/><E118/><V134/><F31/><W91/><G91/><T106/><D119/><U55/><E103/><V2/><F134/><W89/><G89/><T29/><D29/><U7/><E55/><V48/><F62/><W49/><G41/><T20/><D129/><U122/><E131/><V85/><F85/><W46/><G6/><T135/><D50/><N who="2" m="18986" /><F15/><W79/><G14/><T96/><D20/><U61/><E122/><V1/><F16/><W128/><G128/><T19/><D19/><U111/><E26/><V54/><F54/><W110/><G110/><N who="1" m="42026" /><E38/><V3/><F4/><W58/><G46/><T40/><D12/><AGARI ba="0,0" hai="7,8,12,61,64,69,73,74,81,87,88" m="42026" machi="12" ten="30,2000,0" yaku="14,1,54,1" doraHai="71" who="1" fromWho="0" sc="243,-20,290,20,240,0,227,0" /><INIT seed="3,0,0,0,5,31" ten="223,310,240,227" oya="3" hai0="93,12,29,41,32,82,68,86,85,65,45,53,44" hai1="24,99,43,1,51,76,125,21,110,92,15,48,135" hai2="33,70,112,34,118,59,16,131,90,30,11,84,77" hai3="81,117,96,132,20,113,8,74,14,69,78,79,130"/><W97/><G113/><T40/><D12/><U60/><E125/><V71/><F112/><W115/><G115/><T0/><D0/><U111/><E1/><V120/><F118/><W39/><G117/><T42/><D65/><U83/><E60/><V35/><F30/><W58/><G69/><T114/><D68/><U89/><E15/><V127/><F77/><W67/><G39/><T98/><D114/><U128/><E128/><V116/><F116/><W28/><G130/><T55/><D29/><N who="1" m="17551" /><E43/><V105/><F105/><W109/><G132/><T102/><D32/><U104/><E104/><V123/><F131/><W6/><G109/><N who="1" m="41482" /><E135/><V36/><F36/><W56/><G78/><N who="0" m="46295" /><D86/><AGARI ba="0,0" hai="48,51,76,83,86,89,92,99" m="41482,17551" machi="86" ten="30,1000,0" yaku="14,1" doraHai="31" who="1" fromWho="0" sc="223,-10,310,10,240,0,227,0" owari="213,-28.7,320,42.0,240,4.0,227,-17.3" /></mjloggm>