<mjloggm ver="2.3"><GO type="225" lobby="0"/><UN n0="%E6%9C%AA%E6%9D%A5%E5%B0%91%E5%B9%B4" n1="%E3%81%8F%E3%82%8A%E3%83%94%E3%83%BC" n2="%E3%83%A1%E3%82%AC%E3%83%87%E3%82%B8" n3="%72%61%6B%33" dan="16,16,16,16" rate="2151.93,2087.82,2121.12,2168.33" sx="M,M,F,M"/><TAIKYOKU oya="0"/><INIT seed="0,0,0,3,3,115" ten="250,250,250,250" oya="0" hai0="41,134,39,105,132,125,70,122,110,45,97,26,112" hai1="29,18,16,85,38,10,32,89,63,27,57,15,99" hai2="58,93,8,47,62,23,61,117,14,5,2,68,131" hai3="95,120,87,119,133,52,121,90,44,49,33,74,128"/><T56/><D112/><U91/><E38/><V129/><F47/><W76/><G33/><T66/><D122/><N who="3" m="47209" /><G128/><N who="2" m="49225" /><F117/><W83/><G133/><N who="0" m="51307" /><D125/><U96/><E18/><N who="2" m="10711" /><F68/><W36/><G36/><T60/><D26/><U81/><REACH who="1" step="1"/><E91/><REACH who="1" ten="250,240,250,250" step="2"/><V111/><F111/><W30/><G30/><T46/><D110/><U102/><E102/><V88/><F58/><W65/><G65/><AGARI ba="0,1" hai="10,15,16,27,29,32,57,63,65,81,85,89,96,99" machi="65" ten="30,3900,0" yaku="1,1,7,1,54,1,53,0" doraHai="115" doraHaiUra="1" who="1" fromWho="3" sc="250,0,240,49,250,0,250,-39" /><INIT seed="1,0,0,2,2,81" ten="250,289,250,211" oya="1" hai0="37,15,134,12,115,109,101,45,125,23,69,24,102" hai1="11,94,129,105,97,33,93,107,18,22,123,135,119" hai2="54,111,29,40,16,64,70,90,20,89,44,80,41" hai3="71,8,68,36,87,99,59,75,98,120,95,3,60"/><U66/><E33/><V72/><F29/><W74/><G36/><T122/><D115/><U73/><E119/><V34/><F34/><W84/><G120/><T110/><D69/><U53/><E73/><V113/><F111/><N who="0" m="42506" /><D122/><U65/><E123/><V133/><F133/><W27/><G27/><T1/><D1/><U32/><E32/><V25/><F113/><W86/><G68/><T0/><D0/><U35/><E35/><V130/><F130/><W96/><G71/><T39/><D125/><U2/><E135/><V126/><F126/><W92/><G3/><T128/><D128/><U116/><E94/><V14/><F64/><W4/><G4/><T52/><D134/><U108/><E66/><V67/><F67/><W118/><G8/><T124/><D124/><U88/><E65/><V131/><F70/><W30/><G30/><N who="0" m="17695" /><D39/><U83/><E116/><V58/><F131/><W85/><G118/><T76/><D76/><U50/><E108/><V104/><F104/><W127/><G127/><T51/><D37/><U117/><E129/><V103/><F20/><W132/><G132/><T5/><D5/><U55/><E2/><V121/><F121/><W31/><G31/><T56/><D56/><U49/><E22/><V42/><F58/><W77/><G59/><T91/><D91/><U19/><E88/><V100/><F90/><N who="3" m="53319" /><G60/><T28/><D28/><U62/><E62/><V10/><F10/><W17/><G17/><T78/><D78/><U106/><E19/><V57/><F16/><W38/><G38/><T43/><D43/><U79/><E117/><V46/><F41/><RYUUKYOKU ba="0,0" sc="250,30,289,-10,250,-10,211,-10" hai0="12,15,45,51,52,101,102" /><INIT seed="2,1,0,1,0,134" ten="280,279,240,201" oya="2" hai0="70,27,50,42,75,66,117,131,105,7,128,108,15" hai1="67,0,93,96,81,95,107,68,40,76,64,73,28" hai2="135,65,91,63,8,78,124,24,99,58,100,89,1" hai3="9,74,53,109,11,39,132,5,32,120,121,85,103"/><V98/><F135/><W4/><G132/><T113/><D113/><U115/><E0/><V110/><F110/><W3/><G74/><T59/><D70/><U60/><E67/><V123/><F123/><W61/><G39/><T12/><D75/><U102/><E115/><V119/><F119/><W19/><G103/><T101/><D108/><U133/><E133/><V69/><F78/><W52/><G109/><T47/><D117/><U31/><E40/><V49/><F124/><W14/><G32/><T29/><D101/><U16/><E16/><V44/><F69/><W30/><G30/><T129/><D7/><U90/><E95/><N who="2" m="58495" /><F1/><W79/><G19/><T84/><D84/><AGARI ba="1,0" hai="28,31,60,64,68,73,76,81,84,90,93,96,102,107" machi="84" ten="30,3900,0" yaku="7,1,24,2" doraHai="134" who="1" fromWho="0" sc="280,-42,279,42,240,0,201,0" /><INIT seed="3,0,0,4,5,119" ten="238,321,240,201" oya="3" hai0="49,79,54,84,64,63,71,9,34,87,128,46,83" hai1="41,50,109,104,91,117,116,38,132,24,85,122,44" hai2="108,115,22,74,97,19,62,23,88,1,33,36,2" hai3="124,53,20,82,58,6,25,60,106,77,30,86,101"/><W126/><REACH who="3" step="1"/><G6/><REACH who="3" ten="238,321,240,191" step="2"/><T37/><D128/><U125/><E117/><V102/><F33/><W92/><G92/><T120/><D120/><U32/><E116/><V100/><F115/><W89/><G89/><T69/><D34/><U17/><E91/><V5/><F5/><W42/><G42/><T107/><D107/><U16/><E41/><V12/><F88/><W13/><G13/><T28/><D37/><U67/><E32/><V76/><F36/><W133/><G133/><T39/><D39/><U48/><E104/><V45/><F12/><W110/><G110/><T81/><D28/><U127/><E109/><V73/><F108/><W113/><G113/><T0/><D0/><U130/><E122/><V47/><F19/><W55/><G55/><T66/><D9/><U40/><E16/><V68/><F1/><W18/><G18/><T80/><D79/><U65/><E132/><V135/><F2/><W99/><AGARI ba="0,1" hai="20,25,30,53,58,60,77,82,86,99,101,106,124,126" machi="99" ten="30,6000,0" yaku="21,2,0,1,53,0" doraHai="119" doraHaiUra="129" who="3" fromWho="3" sc="238,-20,321,-20,240,-20,191,70" /><INIT seed="3,1,0,4,4,24" ten="218,301,220,261" oya="3" hai0="65,87,123,73,63,64,109,126,0,43,124,80,58" hai1="97,20,6,98,33,53,128,130,107,71,41,132,72" hai2="117,114,7,79,1,45,104,127,122,129,134,9,23" hai3="95,108,51,38,96,69,50,56,103,26,112,30,115"/><W28/><G69/><T66/><D123/><U119/><E33/><V101/><F114/><W116/><G116/><T36/><D73/><U12/><E72/><V102/><F117/><W57/><G38/><T55/><D0/><U92/><E41/><V77/><F129/><W86/><G108/><T27/><D27/><U13/><E53/><V62/><F134/><W54/><G86/><T29/><D29/><N who="3" m="11369" /><G115/><T31/><D31/><U106/><E20/><V48/><F23/><W17/><G112/><T42/><D109/><U4/><E92/><V70/><F127/><N who="0" m="48682" /><D36/><U99/><E99/><V100/><F104/><W84/><G84/><T83/><D83/><U111/><E119/><V85/><F85/><W49/><G56/><T67/><N who="0" m="16384" /><DORA hai="25" /><T44/><D44/><U68/><E111/><V47/><F122/><W91/><G103/><T40/><D40/><U131/><E131/><V94/><F70/><W15/><G26/><T61/><D61/><U81/><E81/><V105/><F62/><W35/><G35/><T37/><D37/><U19/><E132/><V133/><F133/><W21/><AGARI ba="1,0" hai="15,17,21,49,50,51,54,57,91,95,96" m="11369" machi="21" ten="30,18000,2" yaku="8,1,52,6" doraHai="24,25" who="3" fromWho="3" sc="218,-61,301,-61,220,-61,261,183" owari="157,-34.3,240,4.0,159,-24.1,444,54.4" /></mjloggm>