<mjloggm ver="2.3"><GO type="225" lobby="0"/><UN n0="%E3%80%90%E3%83%88%E3%83%AA%E3%83%A5%E3%83%95%E3%80%91" n1="%E3%80%90%E8%92%BC%E7%90%89%E3%80%91" n2="%E4%B8%89%E5%88%86%E5%B0%8F%E5%83%A7" n3="%6D%75%75%73%61%6E%6D%75" dan="16,16,16,16" rate="2119.05,2128.07,2087.02,2138.36" sx="M,F,M,F"/><TAIKYOKU oya="0"/><INIT seed="0,0,0,2,5,97" ten="250,250,250,250" oya="0" hai0="25,64,90,4,80,82,63,93,53,119,135,22,45" hai1="83,23,33,133,50,35,9,129,107,71,24,100,43" hai2="110,67,76,103,36,98,31,68,75,21,121,128,28" hai3="42,94,34,40,113,134,106,132,55,27,87,99,56"/><T61/><D135/><N who="3" m="51753" /><G113/><T11/><D119/><U32/><E71/><V78/><F121/><W44/><G87/><T57/><D80/><U20/><E133/><V115/><F115/><W41/><G106/><T2/><D82/><U13/><E129/><V18/><F36/><N who="3" m="21511" /><G27/><T96/><D45/><U60/><E60/><V105/><F128/><W14/><G14/><T112/><D112/><U10/><E83/><V38/><F38/><W127/><G34/><T124/><D124/><U109/><E109/><V59/><F110/><W26/><G26/><T74/><D74/><U95/><E107/><V126/><F126/><W123/><G123/><T117/><D117/><U130/><E130/><V39/><F39/><W17/><G17/><T118/><D118/><U46/><E20/><V52/><F75/><W12/><G12/><T120/><D120/><U91/><E13/><V125/><F78/><W49/><G127/><T29/><D64/><U86/><REACH who="1" step="1"/><E100/><AGARI ba="0,0" hai="41,42,49,55,56,94,99,100" m="21511,51753" machi="100" ten="30,2000,0" yaku="20,1,52,1" doraHai="97" who="3" fromWho="1" sc="250,0,250,-20,250,0,250,20" /><INIT seed="1,0,0,2,0,5" ten="250,230,250,270" oya="1" hai0="45,19,53,40,44,75,74,17,120,13,26,92,134" hai1="67,4,51,37,88,46,68,27,101,43,2,132,23" hai2="111,6,104,83,77,59,97,66,50,62,35,36,110" hai3="84,3,100,76,130,105,122,52,47,30,72,12,22"/><U107/><E132/><V113/><F36/><W32/><G3/><T126/><D134/><U128/><E128/><V81/><F35/><W41/><G122/><T28/><D126/><U82/><E101/><N who="2" m="62511" /><F113/><W21/><G72/><T109/><D109/><N who="2" m="41482" /><F77/><W60/><G130/><T124/><D124/><U56/><E107/><V131/><F131/><W133/><G133/><T123/><D92/><U87/><E68/><N who="2" m="42071" /><F6/><W8/><G105/><T95/><D95/><U78/><E78/><V57/><F50/><N who="3" m="26991" /><G32/><T93/><D93/><U33/><E33/><V98/><F98/><W48/><G60/><T63/><D63/><N who="1" m="38375" /><E37/><V102/><F102/><W39/><G39/><T135/><D135/><U10/><E2/><V29/><F29/><W69/><G30/><T112/><D112/><U94/><E4/><V129/><F129/><W70/><G70/><T117/><D19/><N who="1" m="12799" /><E94/><V121/><F121/><W125/><G69/><T0/><D0/><U11/><AGARI ba="0,0" hai="10,11,43,46,51,82,87,88" m="12799,38375" machi="11" ten="30,11700,0" yaku="8,1,52,2,54,1" doraHai="5" who="1" fromWho="1" sc="250,-39,230,117,250,-39,270,-39" /><INIT seed="1,1,0,5,2,65" ten="211,347,211,231" oya="1" hai0="103,70,79,66,111,93,107,69,52,90,33,72,94" hai1="127,74,77,88,42,19,26,122,36,23,82,35,89" hai2="131,115,8,110,120,117,62,85,83,14,47,2,118" hai3="55,22,34,58,41,46,71,100,39,30,60,121,80"/><U86/><E122/><V43/><F120/><W1/><G121/><T97/><D111/><U59/><E127/><V0/><F110/><W3/><G34/><T31/><D72/><U16/><E35/><V119/><F131/><W98/><G80/><T124/><D79/><U108/><E108/><V37/><F62/><W81/><G81/><T134/><D134/><U87/><E36/><V133/><F133/><W6/><G6/><T76/><D76/><U92/><E42/><V68/><F115/><W11/><G11/><T126/><D52/><U84/><E89/><V18/><REACH who="2" step="1"/><F68/><REACH who="2" ten="211,347,201,231" step="2"/><N who="0" m="26218" /><D90/><AGARI ba="1,1" hai="0,2,8,14,18,37,43,47,83,85,90,117,118,119" machi="90" ten="40,1300,0" yaku="1,1,53,0" doraHai="65" doraHaiUra="21" who="2" fromWho="0" sc="211,-16,347,0,201,26,231,0" /><INIT seed="2,0,0,5,5,107" ten="195,347,227,231" oya="2" hai0="121,106,5,128,119,67,11,19,27,95,25,8,53" hai1="6,4,22,48,96,89,71,21,20,111,49,28,134" hai2="65,0,90,77,124,34,54,10,91,109,12,52,93" hai3="23,83,78,112,118,73,94,103,59,132,43,100,87"/><V80/><F34/><W120/><G118/><T66/><D106/><U75/><E71/><V18/><F0/><W33/><G120/><T42/><D121/><U68/><E68/><V74/><F124/><W15/><G33/><T70/><D70/><U29/><E75/><V108/><F65/><N who="0" m="24586" /><D128/><U76/><E76/><V46/><F91/><W97/><G132/><T30/><D42/><U13/><E111/><N who="2" m="42571" /><F46/><W133/><G133/><T17/><D95/><N who="1" m="56431" /><E134/><V131/><F131/><W122/><G122/><T36/><D36/><U31/><E13/><V9/><F9/><N who="0" m="3658" /><D5/><AGARI ba="0,0" hai="4,5,6,20,21,22,28,29,31,48,49" m="56431" machi="5" ten="30,1000,0" yaku="8,1" doraHai="107" who="1" fromWho="0" sc="195,-10,347,10,227,0,231,0" /><INIT seed="3,0,0,5,0,130" ten="185,357,227,231" oya="3" hai0="132,66,37,70,89,76,60,62,111,33,34,107,29" hai1="23,5,51,71,43,79,128,77,56,25,16,92,68" hai2="64,86,127,102,85,47,17,19,11,44,80,8,1" hai3="108,63,133,135,65,78,9,6,125,120,99,112,42"/><W24/><G112/><T52/><D111/><U21/><E5/><V97/><F127/><W32/><G120/><T4/><D107/><U134/><E128/><V26/><F64/><W69/><G125/><T73/><D37/><U110/><E71/><V0/><F97/><W36/><G78/><T87/><D4/><U20/><E68/><V49/><F102/><W115/><G115/><T58/><D29/><U106/><E106/><V74/><F74/><W91/><G91/><T67/><D67/><U39/><E21/><V119/><F119/><W28/><G99/><T50/><D50/><U122/><E51/><V48/><F26/><W45/><REACH who="3" step="1"/><G108/><REACH who="3" ten="185,357,227,221" step="2"/><T27/><D76/><U131/><E77/><V72/><F72/><W126/><G126/><T105/><D73/><U90/><E79/><V83/><AGARI ba="0,1" hai="0,1,8,11,17,19,44,47,48,49,80,83,85,86" machi="83" ten="25,3200,0" yaku="0,1,22,2" doraHai="130" who="2" fromWho="2" sc="185,-8,357,-8,227,42,221,-16" owari="177,-32.3,349,44.9,269,6.9,205,-19.5" /></mjloggm>