<mjloggm ver="2.3"><GO type="225" lobby="0"/><UN n0="%56%65%6E%75%73%53%61%79" n1="%E3%81%82%E3%81%99%E3%81%AB%E3%82%83%E3%82%80" n2="%E3%81%BF%E3%81%BF%E3%81%9A" n3="%72%69%6F%75%63%68%61%6E" dan="16,16,17,17" rate="2181.38,2172.71,2219.75,2162.68" sx="M,F,M,M"/><TAIKYOKU oya="0"/><INIT seed="0,0,0,1,0,106" ten="250,250,250,250" oya="0" hai0="127,68,40,67,70,39,64,10,124,100,125,15,55" hai1="99,47,73,1,4,79,5,92,34,114,95,109,43" hai2="86,108,24,132,53,56,128,12,118,75,59,20,69" hai3="135,96,80,129,46,2,48,45,81,54,85,87,66"/><T74/><D100/><U131/><E109/><V103/><F69/><N who="0" m="26730" /><D55/><U17/><E34/><V25/><F75/><W98/><G129/><T33/><D33/><U28/><E28/><V49/><F108/><W94/><G135/><T21/><D21/><U88/><E131/><V63/><F132/><W58/><G2/><T123/><D123/><U113/><E1/><V101/><F128/><W51/><G66/><N who="0" m="25131" /><D40/><U19/><E95/><V77/><F118/><W11/><G11/><T18/><D39/><U9/><E17/><N who="2" m="10279" /><F103/><W38/><G38/><T14/><D15/><U27/><E19/><V102/><F101/><W76/><G94/><T61/><D61/><U57/><E27/><V91/><F77/><W36/><G36/><T116/><D116/><U115/><E57/><V89/><F102/><W26/><G26/><N who="2" m="10345" /><F86/><W50/><G50/><T72/><AGARI ba="0,0" hai="10,14,18,72,74,124,125,127" m="25131,26730" machi="72" ten="40,7800,0" yaku="18,1,52,2" doraHai="106" who="0" fromWho="0" sc="250,78,250,-26,250,-26,250,-26" /><INIT seed="0,1,0,3,0,88" ten="328,224,224,224" oya="0" hai0="45,10,17,129,57,114,28,94,4,26,5,53,91" hai1="133,48,119,124,70,113,120,34,59,42,77,89,47" hai2="107,131,87,50,36,7,55,35,54,1,92,12,0" hai3="95,102,22,29,125,18,30,84,67,21,126,106,75"/><T38/><D114/><U64/><E34/><V83/><F107/><W61/><G75/><T66/><D129/><U108/><E119/><V44/><F35/><W122/><G122/><T62/><D17/><U49/><E120/><V25/><F131/><W72/><G72/><T76/><D76/><U14/><E77/><V65/><F36/><W82/><G106/><T6/><D38/><U23/><E108/><V127/><F127/><N who="3" m="48651" /><G102/><T39/><D39/><U43/><E124/><V128/><F65/><W96/><G21/><N who="0" m="15439" /><D45/><U116/><E116/><V85/><F128/><W86/><G86/><N who="0" m="52599" /><D66/><U32/><E113/><V69/><F69/><N who="3" m="42223" /><G96/><T24/><D24/><U81/><E70/><V60/><F25/><N who="3" m="14551" /><G95/><T37/><D37/><U111/><E32/><V8/><F87/><W27/><G27/><T80/><D80/><U41/><E81/><V46/><F92/><W103/><G103/><T100/><D100/><U112/><E64/><V31/><F31/><W105/><G105/><T132/><D132/><U15/><E133/><V71/><F71/><W110/><G110/><T90/><D90/><AGARI ba="1,0" hai="29,30,82,84,90" m="14551,42223,48651" machi="90" ten="30,1000,0" yaku="18,1" doraHai="88" who="3" fromWho="0" sc="328,-13,224,0,224,0,224,13" /><INIT seed="1,0,0,0,5,3" ten="315,224,224,237" oya="1" hai0="55,93,44,114,108,90,60,40,125,38,9,122,131" hai1="77,130,107,31,50,28,22,53,87,78,95,67,115" hai2="62,34,45,54,25,97,19,96,63,121,89,102,70" hai3="129,74,110,65,27,51,39,127,118,135,76,91,56"/><U126/><E107/><V101/><F121/><W84/><G110/><T2/><D114/><U17/><E115/><V99/><F70/><W13/><G39/><T58/><D108/><U33/><E130/><V68/><F68/><W128/><G127/><T113/><D113/><U69/><E126/><V111/><F111/><W36/><G36/><T100/><D125/><U134/><E134/><V103/><F34/><W37/><G37/><T6/><D122/><U132/><E132/><V71/><F71/><W35/><G135/><T104/><D104/><U24/><E31/><V64/><F64/><W105/><G118/><T52/><D131/><N who="3" m="50249" /><G105/><T18/><D18/><U92/><E67/><V59/><F45/><W109/><G109/><T30/><D30/><U48/><E69/><V10/><F10/><W7/><G76/><T123/><D123/><U112/><E48/><V79/><F79/><W80/><G74/><T12/><D100/><U11/><E11/><V117/><F117/><W119/><G119/><T41/><D41/><U42/><E42/><V83/><F62/><N who="3" m="38087" /><G51/><T46/><D46/><N who="1" m="27863" /><E112/><V29/><F29/><N who="3" m="19903" /><G13/><T21/><D2/><U8/><E77/><V5/><F89/><W26/><G26/><T72/><D72/><U4/><E33/><V20/><F83/><W14/><G14/><T98/><D55/><U32/><E32/><V15/><F15/><W106/><G106/><T47/><D47/><U81/><E28/><V66/><F66/><W49/><G49/><T1/><D1/><U57/><E57/><V120/><F120/><W94/><G80/><T88/><D21/><RYUUKYOKU ba="0,0" sc="315,0,224,0,224,0,237,0" hai0="6,9,12,38,40,44,52,58,60,88,90,93,98" hai1="4,8,17,22,24,78,81,87,92,95" hai2="5,19,20,25,54,59,63,96,97,99,101,102,103" hai3="7,84,91,94" /><INIT seed="1,1,0,3,4,95" ten="315,224,224,237" oya="1" hai0="61,4,27,69,26,78,103,70,6,97,64,104,71" hai1="85,114,44,52,7,5,126,37,51,124,50,100,118" hai2="80,72,130,24,15,115,86,93,117,12,125,122,132" hai3="20,32,128,74,25,35,33,91,77,108,19,3,89"/><U99/><E114/><V79/><F117/><W110/><G128/><T49/><D78/><U56/><E37/><V90/><F122/><W34/><G3/><T102/><D102/><U81/><E118/><V30/><F130/><W22/><N who="3" m="8192" /><DORA hai="92" /><W87/><G74/><T101/><D101/><U41/><E85/><V59/><F125/><N who="1" m="48233" /><E81/><V116/><F132/><W135/><G135/><T16/><D49/><U84/><E84/><V57/><F116/><W2/><G2/><T94/><D104/><AGARI ba="1,0" hai="5,7,41,44,50,51,52,56,99,100,104" m="48233" machi="104" ten="30,11600,0" yaku="18,1,52,2,54,1" doraHai="95,92" who="1" fromWho="0" sc="315,-119,224,119,224,0,237,0" /><INIT seed="1,2,0,4,5,104" ten="196,343,224,237" oya="1" hai0="20,109,97,56,3,107,25,129,71,30,70,57,21" hai1="51,66,5,48,29,27,83,93,40,127,49,120,47" hai2="45,50,42,114,11,67,58,94,22,119,44,43,90" hai3="87,68,54,35,95,85,112,81,7,38,99,72,13"/><U69/><E120/><V126/><F126/><W133/><G133/><T4/><D109/><U123/><E123/><V130/><F130/><W128/><G128/><T14/><D129/><U1/><E127/><V78/><F119/><W37/><G112/><T131/><D131/><U31/><E83/><V59/><F114/><W9/><G35/><T73/><D73/><U103/><E31/><V0/><F78/><W32/><G32/><T111/><D111/><U101/><E5/><V74/><F74/><W23/><G68/><T75/><D75/><U18/><E1/><V6/><F67/><W124/><G124/><T110/><D71/><U98/><E18/><V108/><F22/><W62/><G72/><T17/><D70/><U76/><E76/><V60/><F60/><W135/><G135/><T88/><D107/><U84/><E84/><V106/><F106/><W10/><G23/><T52/><D110/><U116/><E103/><V77/><F77/><W115/><G115/><T100/><D100/><U113/><E116/><V121/><F121/><W80/><G9/><N who="0" m="4391" /><D3/><U53/><E113/><V82/><F82/><N who="3" m="31851" /><G37/><T15/><D52/><U65/><E69/><V8/><F8/><W24/><G24/><T33/><D33/><N who="1" m="20671" /><E53/><V2/><F2/><W105/><G38/><T64/><D64/><U122/><E122/><V79/><F79/><W55/><G105/><T41/><D41/><U19/><E65/><V28/><F28/><W36/><G36/><T61/><D61/><U63/><E63/><V46/><F108/><W89/><G62/><T118/><D118/><U91/><E66/><RYUUKYOKU ba="2,0" sc="196,15,343,-15,224,-15,237,15" hai0="15,17,20,21,25,30,56,57,88,97" hai3="7,10,13,54,55,85,87,89,95,99" /><INIT seed="2,3,0,4,3,10" ten="211,328,209,252" oya="2" hai0="59,69,50,111,64,14,13,115,53,97,49,109,6" hai1="8,27,18,96,44,38,23,120,133,9,4,121,42" hai2="48,77,105,93,113,33,87,43,26,116,129,130,5" hai3="108,101,24,74,135,134,51,19,90,29,66,84,32"/><V61/><F113/><W71/><G108/><N who="0" m="41547" /><D115/><U73/><E133/><N who="3" m="50698" /><G74/><T52/><D6/><U56/><E73/><V3/><F116/><W37/><G37/><T128/><D128/><N who="2" m="49258" /><F105/><W39/><G39/><T79/><D79/><U126/><E126/><V2/><F5/><W54/><G101/><T89/><D64/><U25/><E25/><V11/><F11/><W100/><G100/><T68/><D97/><U67/><E96/><V40/><F61/><N who="3" m="40399" /><G19/><T12/><D89/><U60/><REACH who="1" step="1"/><E4/><REACH who="1" ten="211,318,209,252" step="2"/><V80/><F26/><W127/><G127/><T91/><D91/><U21/><E21/><V98/><F33/><W7/><G7/><T86/><D86/><U47/><E47/><AGARI ba="3,1" hai="12,13,14,47,49,50,52,53,59,68,69" m="41547" machi="47" ten="30,8000,1" yaku="14,1,52,3,54,1" doraHai="10" who="0" fromWho="1" sc="211,99,318,-89,209,0,252,0" /><INIT seed="3,0,0,1,3,113" ten="310,229,209,252" oya="3" hai0="11,40,78,21,69,98,86,111,104,0,117,28,9" hai1="73,81,84,42,6,129,19,46,8,92,135,57,66" hai2="22,30,83,53,68,130,1,55,29,13,62,94,131" hai3="2,77,49,26,61,110,59,100,60,70,109,3,74"/><W82/><G100/><T133/><D117/><U20/><E73/><V97/><F1/><W76/><G77/><T48/><D69/><U7/><E135/><V63/><F83/><W36/><G36/><T134/><D111/><N who="3" m="42505" /><G26/><N who="0" m="16463" /><D0/><N who="3" m="41" /><G70/><T125/><D125/><U89/><E129/><N who="2" m="49163" /><F68/><W116/><G116/><T124/><D124/><U107/><E107/><V23/><F13/><W122/><G122/><T112/><D112/><U71/><E71/><V38/><F38/><W47/><G59/><T12/><D12/><N who="1" m="9319" /><E8/><N who="0" m="3145" /><D86/><U18/><E18/><V45/><F22/><W34/><G34/><T65/><D78/><U123/><E123/><V119/><F23/><W39/><G39/><T88/><D104/><U15/><E15/><V43/><F119/><W75/><G74/><T126/><D126/><U41/><E57/><V50/><F29/><W33/><G33/><T118/><D118/><U102/><E66/><V51/><F30/><W24/><G24/><T72/><D65/><U120/><E120/><V101/><F101/><W115/><G115/><T37/><D37/><U58/><E58/><N who="2" m="33079" /><F97/><W5/><G5/><N who="1" m="1546" /><E46/><N who="2" m="26079" /><F94/><W64/><G64/><T96/><D72/><U44/><E44/><V106/><F106/><W52/><AGARI ba="0,0" hai="47,49,52,60,61,75,76,82" m="41,42505" machi="52" ten="30,6000,0" yaku="14,1,10,1,54,1" doraHai="113" who="3" fromWho="3" sc="310,-20,229,-20,209,-20,252,60" owari="290,9.0,209,-19.1,189,-31.1,312,41.2" /></mjloggm>