<mjloggm ver="2.3"><GO type="225" lobby="0"/><UN n0="%E5%84%AA%40%41%42%43" n1="%E3%81%8B%E3%82%8F%E3%81%A1%E3%82%83%E3%82%93%35%38" n2="%E3%81%A9%E3%82%8F%E3%82%93%E3%81%94" n3="%E6%B8%A1%E5%A4%A9%E8%97%8D" dan="17,16,16,16" rate="2178.27,2127.25,2078.80,2110.26" sx="M,M,M,M"/><TAIKYOKU oya="0"/><INIT seed="0,0,0,4,2,98" ten="250,250,250,250" oya="0" hai0="71,133,42,55,24,125,47,40,36,74,100,27,124" hai1="44,92,37,120,19,62,17,26,1,76,29,14,34" hai2="30,90,127,58,126,32,97,85,84,20,56,46,52" hai3="28,91,122,115,108,41,68,67,16,77,93,88,39"/><T5/><D74/><U10/><E120/><V22/><F32/><W113/><G108/><T70/><D5/><U83/><E62/><V104/><F46/><W48/><G39/><T66/><D100/><U123/><E123/><V107/><F30/><W33/><G122/><T73/><D73/><U116/><E116/><V63/><F97/><W94/><G77/><T23/><D23/><U109/><E109/><V102/><F90/><W3/><G3/><T134/><D24/><U132/><E132/><N who="0" m="50793" /><D27/><U0/><E92/><V11/><F11/><W128/><G128/><T89/><D89/><U49/><E37/><V119/><F119/><W38/><G38/><N who="0" m="21911" /><D55/><U7/><E0/><V118/><F118/><W31/><G91/><T15/><D15/><U25/><E25/><V64/><F102/><W50/><G88/><T117/><D117/><U81/><E76/><V59/><F104/><W79/><G79/><T75/><D75/><U110/><E110/><V82/><F107/><W57/><G33/><T129/><D129/><U114/><E19/><V13/><F13/><W72/><G16/><T111/><D111/><U106/><E106/><V65/><F82/><N who="1" m="31241" /><E7/><V2/><F2/><W6/><G6/><T35/><D35/><U69/><E1/><V121/><F121/><W4/><G4/><T18/><D18/><U9/><E9/><V99/><F22/><W12/><G72/><T135/><N who="0" m="50801" /><T95/><DORA hai="21" /><D95/><U51/><E10/><V130/><F20/><W80/><G94/><T43/><D66/><U112/><E17/><V101/><F65/><W131/><G131/><RYUUKYOKU ba="0,0" sc="250,0,250,0,250,0,250,0" /><INIT seed="1,1,0,3,1,111" ten="250,250,250,250" oya="1" hai0="29,128,86,97,116,30,12,35,124,130,1,66,87" hai1="92,67,105,43,18,121,17,52,135,13,44,58,75" hai2="79,6,100,113,20,4,80,77,82,27,63,32,94" hai3="51,16,53,99,36,110,45,103,74,7,72,39,48"/><U107/><E121/><V0/><F32/><W88/><G110/><T117/><D1/><U19/><E75/><V59/><F0/><W3/><G3/><T78/><D66/><U119/><E119/><V106/><F106/><W108/><G7/><N who="2" m="2601" /><F113/><W123/><G123/><T25/><D97/><U31/><E135/><V22/><F94/><N who="3" m="56775" /><G36/><T104/><D104/><U112/><E112/><V91/><F91/><W28/><G39/><T85/><D78/><N who="2" m="29706" /><F100/><W133/><G133/><T10/><D30/><U40/><E31/><N who="2" m="17895" /><F22/><W125/><G125/><T120/><D124/><U102/><E107/><V15/><F15/><W60/><G74/><T68/><D68/><U23/><E105/><V50/><F50/><N who="3" m="28879" /><G72/><T132/><D132/><U118/><E92/><V98/><F98/><W65/><G28/><T122/><D117/><U33/><E102/><V93/><F93/><W41/><G103/><T14/><D116/><U84/><E33/><V11/><F11/><W38/><G38/><T56/><D10/><U42/><E118/><V76/><N who="2" m="29714" /><V70/><DORA hai="34" /><F70/><W73/><G73/><T24/><D122/><U129/><E84/><V54/><AGARI ba="1,0" hai="54,59,63,80,82" m="17895,29714,2601" machi="54" ten="40,1500,0" yaku="8,1" doraHai="111,34" who="2" fromWho="2" sc="250,-5,250,-8,250,18,250,-5" /><INIT seed="2,0,0,2,4,18" ten="245,242,268,245" oya="2" hai0="9,119,36,114,57,100,109,19,78,103,105,62,23" hai1="25,88,61,24,16,20,95,26,30,3,117,94,92" hai2="83,22,98,2,10,7,112,45,75,37,46,134,115" hai3="106,1,0,87,34,38,4,49,27,28,132,39,118"/><V11/><F134/><W64/><G106/><T77/><D114/><U68/><E117/><V33/><F33/><W120/><G118/><T76/><D36/><U35/><E3/><V79/><F98/><W12/><G120/><T31/><D109/><U42/><E42/><V44/><F10/><W85/><G64/><T84/><D105/><U54/><E26/><V99/><F99/><W50/><G132/><T116/><D31/><U6/><E6/><V52/><F37/><W47/><G49/><T110/><D110/><U17/><E17/><V124/><F124/><W69/><G69/><T129/><D129/><U43/><E43/><V113/><REACH who="2" step="1"/><F22/><REACH who="2" ten="245,242,258,245" step="2"/><W80/><G39/><T41/><D9/><U21/><E35/><V91/><F91/><W67/><G38/><T126/><D126/><U86/><E68/><V128/><F128/><W89/><G34/><T125/><D125/><U5/><E5/><V97/><F97/><W32/><G32/><T14/><D119/><U133/><E133/><V58/><F58/><AGARI ba="0,1" hai="16,20,21,24,25,30,54,58,61,86,88,92,94,95" machi="58" ten="40,8000,1" yaku="8,1,52,2,54,2" doraHai="18" who="1" fromWho="2" sc="245,0,242,90,258,-80,245,0" /><INIT seed="3,0,0,5,3,80" ten="245,332,178,245" oya="3" hai0="19,135,39,132,50,91,94,70,54,87,10,63,131" hai1="21,86,64,92,109,83,123,75,133,51,23,47,22" hai2="58,12,128,124,117,57,11,97,24,129,104,102,36" hai3="52,71,114,46,2,1,6,90,55,65,121,30,69"/><W41/><G121/><T31/><D39/><U27/><E123/><V77/><F117/><W120/><G120/><T40/><D131/><U95/><E75/><V7/><F36/><W29/><G114/><T73/><D73/><U59/><E109/><V107/><F107/><W101/><G101/><T119/><D31/><U60/><E27/><V113/><F113/><W42/><G90/><T111/><D111/><U79/><E133/><N who="0" m="51273" /><D40/><AGARI ba="0,0" hai="21,22,23,40,47,51,59,60,64,79,83,86,92,95" machi="40" ten="40,2600,0" yaku="8,1,52,1" doraHai="80" who="1" fromWho="0" sc="245,-26,332,26,178,0,245,0" owari="219,-18.1,358,45.8,178,-32.2,245,4.5" /></mjloggm>