<mjloggm ver="2.3"><GO type="225" lobby="0"/><UN n0="%72%69%6F%75%63%68%61%6E" n1="%E4%BF%BA%E3%81%A8%E5%A6%96%E5%A4%A2" n2="%E3%82%B3%E3%83%90%E3%83%AC%E3%82%A4" n3="%2D%E8%B1%8A%E5%8F%A3%E3%82%81%E3%81%90%E3%81%BF%2D" dan="16,17,16,16" rate="2255.16,2190.49,2130.03,2162.65" sx="M,F,M,F"/><TAIKYOKU oya="0"/><INIT seed="0,0,0,3,2,121" ten="250,250,250,250" oya="0" hai0="18,79,42,72,133,123,71,51,122,75,68,0,110" hai1="64,35,50,61,91,120,113,86,105,37,1,74,134" hai2="89,127,47,10,102,33,15,70,55,17,57,132,28" hai3="54,27,26,5,58,62,43,107,6,73,135,60,83"/><T29/><D0/><U93/><E120/><N who="0" m="46121" /><D18/><U44/><E1/><V8/><F70/><N who="0" m="26666" /><D79/><U3/><E3/><V63/><F132/><W115/><G135/><T31/><D133/><U19/><E35/><V114/><F114/><W112/><G107/><T39/><D51/><U108/><E134/><V21/><F102/><W11/><G5/><T96/><D96/><U66/><E113/><V81/><F33/><W124/><G6/><T101/><D101/><U38/><E105/><V45/><F127/><W104/><G124/><T116/><D42/><U9/><E19/><V65/><F28/><N who="0" m="10826" /><D39/><U2/><E38/><V52/><F65/><W80/><G43/><T82/><D82/><U25/><E37/><V69/><F69/><W90/><G104/><T92/><D92/><U85/><E64/><V103/><F103/><W56/><G11/><N who="2" m="4137" /><F55/><W36/><G36/><T16/><D16/><U49/><E9/><V41/><F41/><W23/><G54/><T118/><D110/><U53/><E108/><V95/><F81/><W130/><G23/><T87/><D87/><AGARI ba="0,0" hai="15,17,21,45,47,52,57,63,87,89,95" m="4137" machi="87" ten="30,2000,0" yaku="8,1,54,1" doraHai="121" who="2" fromWho="0" sc="250,-20,250,0,250,20,250,0" /><INIT seed="1,0,0,4,2,87" ten="230,250,270,250" oya="1" hai0="36,100,62,67,105,127,101,24,15,59,51,27,71" hai1="23,89,49,111,30,81,88,80,43,6,123,120,117" hai2="31,28,4,35,52,3,83,109,41,66,65,18,118" hai3="14,126,50,124,16,93,57,13,54,86,58,21,125"/><U25/><E117/><V90/><F118/><W131/><G131/><T129/><D129/><U29/><E111/><V7/><F109/><W130/><G130/><T113/><D113/><U9/><E30/><N who="2" m="11307" /><F35/><W103/><G58/><T107/><D127/><U5/><E123/><V64/><F41/><W37/><G37/><T46/><D107/><U45/><E120/><V82/><F18/><W108/><G108/><T114/><D114/><U75/><E75/><V135/><F3/><W55/><G55/><N who="0" m="32255" /><D15/><N who="1" m="5551" /><E6/><N who="2" m="2091" /><F135/><W72/><G72/><T96/><D100/><U1/><E1/><V32/><F32/><W20/><G103/><T68/><D68/><U11/><E11/><V10/><F10/><N who="3" m="6199" /><G14/><T2/><D2/><U132/><E132/><V48/><F90/><AGARI ba="0,0" hai="20,21,50,54,57,86,90,93,124,125,126" m="6199" machi="90" ten="30,3900,0" yaku="18,1,52,1,54,1" doraHai="87" who="3" fromWho="2" sc="230,0,250,0,270,-39,250,39" /><AGARI ba="0,0" hai="23,25,29,43,45,49,80,81,88,89,90" m="5551" machi="90" ten="30,12000,1" yaku="8,1,52,3,54,1" doraHai="87" who="1" fromWho="2" sc="230,0,250,120,231,-120,289,0" /><INIT seed="1,1,0,5,0,11" ten="230,370,111,289" oya="1" hai0="59,62,60,108,104,134,99,131,4,52,71,29,68" hai1="97,117,40,106,92,30,86,43,124,64,16,87,103" hai2="44,2,57,113,116,135,67,6,55,10,0,126,45" hai3="27,20,18,109,127,23,42,105,53,25,94,46,85"/><U76/><E117/><V28/><F113/><W93/><G109/><T47/><D29/><U125/><E30/><V56/><F116/><W72/><G72/><T7/><D108/><U17/><E64/><V12/><F28/><W32/><G105/><T120/><D131/><U24/><E76/><V132/><F126/><N who="1" m="48745" /><E24/><V96/><F96/><W79/><G32/><T5/><D134/><N who="2" m="51242" /><F67/><W3/><G3/><N who="2" m="1065" /><F57/><W129/><G129/><T112/><D112/><U1/><E1/><V84/><F84/><N who="1" m="32297" /><E106/><V83/><F83/><W39/><G127/><T13/><D120/><U128/><E128/><V26/><F26/><W21/><G25/><T122/><D122/><U121/><E121/><V31/><F31/><W54/><G79/><T91/><D71/><U9/><E17/><V77/><F77/><W81/><G18/><T90/><D68/><U41/><E41/><V19/><F19/><W34/><G27/><T101/><D47/><U50/><E50/><AGARI ba="1,0" hai="6,10,12,44,45,50,55,56" m="1065,51242" machi="50" ten="30,2000,0" yaku="20,1,52,1" doraHai="11" who="2" fromWho="1" sc="230,0,370,-23,111,23,289,0" /><INIT seed="2,0,0,3,3,107" ten="230,347,134,289" oya="2" hai0="118,75,3,42,92,103,40,30,18,48,95,127,41" hai1="115,35,60,11,12,79,10,80,87,2,93,97,59" hai2="85,84,13,52,77,16,14,69,21,68,109,43,122" hai3="20,104,9,111,61,134,120,1,0,53,28,47,67"/><V23/><F122/><W135/><G104/><T121/><D121/><U57/><E115/><V123/><F123/><W56/><G120/><T50/><D3/><U110/><E35/><V94/><F43/><W82/><G111/><T27/><D75/><U8/><E110/><V64/><F109/><W101/><G101/><T78/><D127/><U66/><E2/><V126/><F126/><W132/><G9/><T105/><D118/><U7/><E59/><V72/><F64/><W54/><G54/><T15/><D78/><U133/><E133/><V131/><F131/><W90/><G28/><T29/><D105/><U63/><E63/><V19/><F85/><N who="3" m="50487" /><G20/><N who="0" m="15591" /><D30/><U129/><E129/><V86/><F86/><W4/><G4/><T112/><D112/><U34/><E34/><V22/><F22/><W70/><G47/><T89/><D103/><AGARI ba="0,0" hai="7,8,10,11,12,57,60,66,79,80,87,93,97,103" machi="103" ten="30,2000,0" yaku="7,1,8,1" doraHai="107" who="1" fromWho="0" sc="230,-20,347,20,134,0,289,0" /><INIT seed="3,0,0,3,1,121" ten="210,367,134,289" oya="3" hai0="1,59,127,49,9,108,18,36,52,84,87,97,29" hai1="110,0,42,5,23,50,128,10,24,80,134,14,48" hai2="73,83,41,66,32,67,75,86,91,89,62,90,95" hai3="64,74,43,37,115,116,85,55,125,21,114,126,123"/><W17/><G74/><T69/><D108/><U103/><E110/><V82/><F32/><W65/><G123/><T133/><D69/><U26/><E128/><V27/><F41/><W106/><G106/><T30/><D36/><U8/><E134/><V112/><F27/><W58/><G85/><N who="0" m="32843" /><D1/><U22/><E80/><N who="2" m="30763" /><F62/><W81/><G81/><T6/><D133/><U88/><E42/><V79/><F67/><N who="3" m="25675" /><G116/><T56/><D6/><U63/><E103/><V16/><F66/><W118/><G118/><T93/><D59/><U96/><E63/><V98/><F16/><W92/><G92/><T99/><D99/><U76/><E24/><V35/><F35/><W25/><G43/><T132/><D132/><U131/><E26/><V15/><F15/><W130/><G37/><T31/><D18/><U45/><E45/><V107/><F112/><W124/><G130/><T13/><D13/><U100/><E131/><V105/><F79/><W12/><G12/><T53/><D53/><U117/><E117/><V68/><F68/><W109/><G55/><T3/><D3/><U39/><E39/><V71/><F71/><W113/><G58/><T46/><D56/><U20/><E14/><V44/><F44/><W19/><G19/><T94/><D9/><U129/><E10/><V57/><F57/><W54/><G54/><T120/><D120/><U104/><E129/><V72/><F86/><W47/><G47/><T60/><D46/><U101/><E76/><V7/><F7/><W51/><G51/><T122/><D49/><U40/><E50/><V4/><F4/><W2/><G2/><RYUUKYOKU ba="0,0" sc="210,-15,367,-15,134,15,289,15" hai2="72,73,75,89,90,91,95,98,105,107" hai3="17,21,25,109,113,114,115,124,125,126" /><INIT seed="3,1,0,2,1,57" ten="195,352,149,304" oya="3" hai0="84,133,6,13,54,129,48,22,93,12,46,67,35" hai1="105,15,111,45,76,51,135,9,41,36,65,87,106" hai2="8,131,7,124,1,29,42,47,91,31,39,19,71" hai3="109,0,128,77,79,86,20,72,34,58,23,24,94"/><W121/><G121/><T110/><D110/><U27/><E111/><V120/><F120/><W132/><G0/><T104/><D129/><U69/><E135/><V43/><F131/><W89/><G128/><T66/><D133/><U78/><E65/><N who="0" m="24585" /><D35/><U70/><E70/><V102/><F71/><W112/><G112/><T16/><D104/><U101/><E69/><V99/><F124/><W44/><G109/><T62/><D62/><U59/><E101/><V117/><F117/><W4/><G34/><T134/><D134/><U55/><E76/><V17/><F43/><W115/><G115/><T26/><D6/><U123/><E123/><V97/><F31/><W127/><G4/><T108/><D108/><U92/><E27/><V100/><F29/><W119/><G72/><T14/><D93/><U83/><E92/><V90/><F19/><AGARI ba="1,0" hai="9,15,19,36,41,45,51,55,59,78,83,87,105,106" machi="19" ten="30,1000,0" yaku="7,1" doraHai="57" who="1" fromWho="2" sc="195,0,352,13,149,-13,304,0" owari="195,-20.5,365,46.5,136,-36.4,304,10.4" /></mjloggm>