<mjloggm ver="2.3"><GO type="225" lobby="0"/><UN n0="%E3%83%B4%E3%83%A0%EF%BC%99%E3%81%A6" n1="%52%61%69%61%6E%2E" n2="%E9%AC%BC%E7%95%9C%E7%B1%B3%E5%85%B5" n3="%E7%99%BD%E5%92%B2%E8%8A%B1%E3%81%A1%E3%82%83%E3%82%93" dan="16,16,16,16" rate="2113.81,2042.38,2112.68,2148.49" sx="M,M,M,F"/><TAIKYOKU oya="0"/><INIT seed="0,0,0,5,0,64" ten="250,250,250,250" oya="0" hai0="57,109,68,101,47,103,29,104,77,49,43,129,108" hai1="97,5,16,74,84,72,98,83,73,114,91,70,32" hai2="134,94,61,58,55,131,76,69,125,85,20,13,67" hai3="45,36,8,133,111,92,127,126,53,46,11,48,17"/><T82/><D129/><U88/><E32/><V24/><F125/><N who="3" m="47627" /><G111/><N who="0" m="42571" /><D29/><U78/><E5/><V23/><F131/><W35/><G35/><T27/><D27/><U1/><E1/><V112/><F134/><W39/><G133/><T25/><D25/><U79/><E70/><V10/><F112/><W93/><G17/><T22/><D22/><U6/><E6/><V118/><F118/><W52/><G39/><T106/><D57/><U102/><E16/><V38/><F38/><W59/><G36/><T80/><D80/><U121/><E121/><V107/><F107/><N who="0" m="41002" /><D68/><U7/><E7/><V113/><F23/><W130/><G130/><T0/><D0/><U62/><E62/><V81/><F20/><W86/><G45/><T66/><D66/><U26/><E26/><V110/><F24/><W65/><G65/><T96/><D96/><N who="1" m="36971" /><E114/><V120/><F113/><W116/><G116/><T2/><D2/><U87/><E102/><V115/><F115/><W4/><G46/><T54/><D43/><U122/><E122/><V19/><F120/><W50/><G59/><T123/><D123/><U31/><E31/><V40/><F40/><W135/><G53/><T37/><D37/><U12/><E12/><V132/><F110/><W100/><G135/><T42/><D42/><U95/><AGARI ba="0,0" hai="72,73,74,78,79,83,84,87,88,91,95" m="36971" machi="95" ten="40,12000,2" yaku="35,5,54,1" doraHai="64" who="1" fromWho="1" sc="250,-60,250,120,250,-30,250,-30" /><INIT seed="1,0,0,3,5,2" ten="190,370,220,220" oya="1" hai0="49,104,47,110,25,45,24,84,79,12,20,58,67" hai1="53,112,64,36,82,87,21,35,69,22,70,85,46" hai2="61,117,113,78,31,15,34,44,66,129,71,118,50" hai3="102,16,94,121,134,103,124,106,93,101,76,57,13"/><U135/><E35/><V108/><F34/><W89/><G121/><T59/><D104/><U55/><E112/><V7/><F31/><W0/><G0/><T63/><D110/><U107/><E107/><V130/><F78/><W65/><G134/><T119/><D119/><U128/><E135/><V9/><F108/><W19/><G124/><T29/><D24/><U52/><E128/><N who="2" m="49259" /><F113/><W97/><G106/><T17/><D58/><U62/><E70/><V6/><F6/><W81/><G94/><T116/><D116/><U60/><E60/><V88/><F88/><W105/><G105/><T86/><D79/><U5/><E5/><V8/><F8/><W100/><N who="3" m="25600" /><DORA hai="54" /><W39/><G39/><T3/><D3/><U68/><E68/><V115/><F115/><W109/><G109/><T77/><D77/><U125/><E125/><V27/><F27/><W133/><G133/><T32/><REACH who="0" step="1"/><D47/><REACH who="0" ten="180,370,220,220" step="2"/><U26/><E26/><V96/><F96/><W30/><G30/><T56/><D56/><U23/><E85/><V28/><F28/><W48/><G13/><T91/><D91/><U83/><E87/><V37/><F37/><W99/><G99/><T80/><D80/><U73/><E73/><V127/><F127/><W114/><G114/><T14/><D14/><U123/><E123/><V72/><F72/><W132/><G132/><T120/><D120/><U18/><E36/><V40/><AGARI ba="0,1" hai="7,9,15,40,44,50,61,66,71,117,118" m="49259" machi="40" ten="30,2000,0" yaku="19,1,52,1" doraHai="2,54" who="2" fromWho="2" sc="180,-5,370,-10,220,30,220,-5" /><INIT seed="2,0,0,3,3,91" ten="175,360,250,215" oya="2" hai0="18,101,77,50,85,26,99,51,112,3,119,109,32" hai1="105,40,1,14,80,129,15,116,56,42,16,117,43" hai2="29,48,12,86,75,103,79,104,35,124,59,17,93" hai3="21,81,74,22,89,41,68,63,125,24,73,70,94"/><V97/><F124/><W8/><G125/><T131/><D112/><U100/><E1/><V30/><F35/><W108/><G108/><T84/><D109/><U90/><E100/><V25/><F25/><W11/><G41/><T5/><D131/><U114/><E105/><V57/><F75/><W123/><G123/><T55/><D119/><U95/><E80/><N who="2" m="47391" /><F104/><W6/><G22/><T120/><D120/><U46/><E114/><V132/><F132/><W13/><G11/><T82/><D84/><U37/><E15/><V76/><F76/><W121/><G121/><T67/><D67/><U78/><E78/><V49/><F49/><W36/><G36/><T28/><D18/><U133/><E133/><V0/><F0/><W98/><G81/><T113/><D113/><U62/><E129/><V87/><F87/><W122/><G122/><T115/><D115/><U54/><E117/><V31/><F48/><W33/><G33/><T64/><D64/><U4/><E116/><V96/><F96/><W34/><G34/><T7/><D3/><U20/><E4/><V23/><AGARI ba="0,0" hai="12,17,23,29,30,31,57,59,93,97,103" m="47391" machi="23" ten="30,3000,0" yaku="8,1,52,1" doraHai="91" who="2" fromWho="2" sc="175,-10,360,-10,250,30,215,-10" /><INIT seed="2,1,0,2,5,52" ten="165,350,280,205" oya="2" hai0="95,67,100,5,106,125,116,132,85,31,44,115,9" hai1="72,86,91,46,12,18,126,99,17,80,29,111,57" hai2="128,118,2,41,77,61,15,108,19,37,96,14,36" hai3="11,23,4,93,92,24,26,32,50,103,40,87,65"/><V79/><F2/><W64/><G32/><T22/><D115/><U71/><E71/><V127/><F118/><W134/><G134/><T3/><D132/><U49/><E72/><V119/><F119/><W129/><G129/><T109/><D116/><U78/><E111/><V60/><F128/><W34/><G34/><T8/><D109/><U83/><E126/><V45/><F108/><W75/><G75/><T97/><D125/><U120/><E120/><V84/><F96/><W76/><G26/><T131/><D131/><U13/><E29/><V114/><F114/><W101/><G101/><T123/><D123/><U51/><E57/><V28/><F28/><W74/><G74/><T42/><D67/><N who="3" m="25673" /><G4/><T62/><D62/><U30/><E30/><V124/><F19/><N who="3" m="12415" /><G11/><T70/><D70/><U90/><E78/><V53/><F41/><W102/><G102/><T7/><D31/><U55/><E18/><V0/><F0/><W104/><G104/><T6/><D22/><U69/><E69/><V68/><F68/><W56/><G103/><T16/><D16/><U110/><E110/><V63/><F127/><W113/><G113/><T105/><D3/><U122/><E122/><V1/><F1/><W117/><G117/><T107/><REACH who="0" step="1"/><D85/><REACH who="0" ten="155,350,280,205" step="2"/><U43/><E17/><V39/><F84/><W21/><G21/><T73/><D73/><U133/><E86/><V121/><F124/><W88/><G87/><T38/><AGARI ba="1,1" hai="5,6,7,8,9,38,42,44,95,97,100,105,106,107" machi="38" ten="40,2700,0" yaku="1,1,0,1,53,0" doraHai="52" doraHaiUra="47" who="0" fromWho="0" sc="155,40,350,-8,280,-14,205,-8" /><INIT seed="3,0,0,4,3,21" ten="195,342,266,197" oya="3" hai0="121,102,41,14,118,17,49,51,134,96,67,91,97" hai1="59,31,26,53,128,42,108,47,38,119,24,37,36" hai2="78,12,107,48,90,29,68,33,92,4,54,0,2" hai3="111,20,120,28,123,46,86,43,105,23,66,65,73"/><W115/><G115/><T50/><D118/><U133/><E26/><V100/><F68/><W114/><G114/><T79/><D121/><U126/><E119/><V76/><F107/><W44/><G73/><T113/><D113/><U112/><E112/><V5/><F100/><W52/><G105/><T132/><D79/><U84/><E108/><V60/><F60/><W19/><G111/><T64/><D91/><U39/><E128/><V103/><F103/><W55/><G86/><T9/><D41/><U56/><E126/><V1/><F29/><W99/><G28/><T106/><D96/><U127/><E127/><V57/><F33/><W93/><G43/><T10/><D10/><U22/><E133/><AGARI ba="0,0" hai="9,14,17,49,50,51,64,67,97,102,106,132,133,134" machi="133" ten="40,1300,0" yaku="20,1" doraHai="21" who="0" fromWho="1" sc="195,13,342,-13,266,0,197,0" owari="208,-19.2,329,42.9,266,6.6,197,-30.3" /></mjloggm>