<mjloggm ver="2.3"><GO type="225" lobby="0"/><UN n0="%E6%B4%BE%E9%81%A3%E3%81%AE%E3%82%B8%E3%83%A3%E3%83%83%E3%82%AF" n1="%E3%80%93%E3%81%97%E3%83%BC%E3%82%89%E3%80%93" n2="%E6%A1%9C%E8%8A%B1%E9%96%83%E3%80%85" n3="%E6%98%93%E5%88%A9%E8%96%A9%E4%BC%AF" dan="17,17,16,16" rate="2204.54,2193.75,2174.86,2096.23" sx="M,M,M,F"/><TAIKYOKU oya="0"/><INIT seed="0,0,0,1,2,12" ten="250,250,250,250" oya="0" hai0="33,22,23,60,17,130,18,77,26,129,80,115,82" hai1="62,86,28,19,61,4,89,56,44,93,47,125,46" hai2="132,112,108,104,49,69,40,105,31,20,8,122,6" hai3="95,135,35,48,59,36,75,68,134,45,54,37,118"/><T42/><D42/><U114/><E125/><V64/><F122/><W2/><G75/><T11/><D60/><U13/><E114/><V30/><F112/><W71/><G35/><T65/><D65/><U81/><E28/><V10/><F108/><W29/><G29/><N who="0" m="19639" /><D115/><U117/><E117/><V14/><F64/><W92/><G2/><T107/><D107/><U99/><E4/><V52/><F132/><N who="3" m="50731" /><G95/><T84/><D11/><N who="1" m="6591" /><E56/><V94/><F69/><N who="3" m="26699" /><G92/><T128/><D80/><U16/><E16/><AGARI ba="0,0" hai="16,17,18,22,23,77,82,84,128,129,130" m="19639" machi="16" ten="30,12000,1" yaku="19,1,52,3,54,1" doraHai="12" who="0" fromWho="1" sc="250,120,250,-120,250,0,250,0" /><INIT seed="0,1,0,0,4,94" ten="370,130,250,250" oya="0" hai0="55,64,53,33,66,34,65,31,80,110,90,122,14" hai1="20,128,86,11,59,126,114,127,100,133,35,25,69" hai2="3,18,56,41,77,12,113,95,8,74,48,102,30" hai3="45,46,131,75,28,72,96,62,67,78,101,38,111"/><T125/><D122/><U98/><E69/><V7/><F113/><W15/><G111/><T135/><D135/><U123/><E123/><V37/><F30/><W61/><G131/><T84/><D125/><U23/><E114/><V16/><F37/><W63/><G67/><T106/><D106/><U54/><E128/><V39/><F39/><W116/><G116/><T119/><D119/><U1/><E133/><V44/><F56/><W93/><G28/><T49/><D110/><U71/><E71/><V5/><F18/><W73/><G78/><T50/><D14/><U4/><E35/><V24/><F24/><W89/><G38/><T40/><D40/><U17/><E23/><V99/><REACH who="2" step="1"/><F3/><REACH who="2" ten="370,130,240,250" step="2"/><W42/><G42/><T52/><REACH who="0" step="1"/><D31/><REACH who="0" ten="360,130,240,250" step="2"/><U29/><E29/><V76/><F76/><W43/><G43/><T85/><D85/><U117/><E86/><V82/><AGARI ba="1,2" hai="5,7,8,12,16,41,44,48,74,77,82,95,99,102" machi="82" ten="30,12000,2" yaku="1,1,0,1,52,1,54,1,53,2" doraHai="94" doraHaiUra="0" who="2" fromWho="2" sc="360,-61,130,-31,240,143,250,-31" /><INIT seed="1,0,0,1,4,126" ten="299,99,383,219" oya="1" hai0="40,25,56,60,31,50,44,102,43,88,100,58,17" hai1="11,118,79,52,35,26,128,65,32,97,132,72,103" hai2="130,13,34,80,104,6,87,122,94,116,81,78,95" hai3="49,99,5,131,119,8,19,135,113,38,98,114,90"/><U41/><E118/><V64/><F34/><W67/><G38/><T86/><D40/><U89/><E132/><V76/><F116/><W27/><G119/><T112/><D112/><U125/><E125/><V62/><F130/><W45/><G135/><T83/><D17/><U53/><E128/><V93/><F122/><W14/><G131/><T2/><D2/><U109/><E41/><V16/><F104/><W7/><G67/><T20/><REACH who="0" step="1"/><D56/><REACH who="0" ten="289,99,383,219" step="2"/><U74/><E109/><V10/><F6/><W15/><G114/><T106/><D106/><U75/><E79/><N who="2" m="46495" /><F81/><W85/><G7/><T33/><D33/><U117/><E117/><V69/><F69/><W68/><G68/><T47/><D47/><U18/><E35/><V46/><F46/><W61/><G113/><T57/><D57/><U105/><E65/><AGARI ba="0,1" hai="20,25,31,43,44,50,58,60,65,83,86,88,100,102" machi="65" ten="30,7700,0" yaku="1,1,7,1,8,1,54,1,53,0" doraHai="126" doraHaiUra="115" who="0" fromWho="1" sc="289,87,99,-77,383,0,219,0" /><INIT seed="2,0,0,5,4,4" ten="376,22,383,219" oya="2" hai0="132,113,20,95,102,36,25,6,129,24,74,26,56" hai1="40,70,108,63,87,134,13,59,44,104,48,82,111" hai2="101,121,103,7,0,117,135,38,105,93,120,81,90" hai3="45,32,125,130,67,8,43,114,27,57,107,78,41"/><V68/><F68/><W85/><G107/><T84/><D113/><U33/><E33/><V119/><F38/><W51/><G130/><T62/><D74/><U61/><E104/><V118/><F7/><W91/><G125/><T100/><D36/><U42/><E134/><V98/><F0/><W10/><G78/><T53/><D129/><U109/><E70/><V110/><F135/><W31/><G114/><T99/><D132/><U54/><E13/><V37/><F37/><W123/><G123/><N who="2" m="47177" /><F105/><W65/><G43/><T3/><D100/><N who="2" m="38474" /><F81/><W73/><G73/><T16/><REACH who="0" step="1"/><D84/><REACH who="0" ten="366,22,383,219" step="2"/><U131/><E131/><V106/><F106/><W92/><REACH who="3" step="1"/><G57/><REACH who="3" ten="366,22,383,209" step="2"/><T115/><D115/><U124/><E124/><V75/><F75/><W128/><G128/><T30/><D30/><U60/><REACH who="1" step="1"/><E59/><REACH who="1" ten="366,12,383,209" step="2"/><V28/><F118/><W22/><G22/><T122/><D122/><U5/><E5/><V80/><F119/><W11/><AGARI ba="0,3" hai="8,10,11,27,31,32,41,45,51,65,67,85,91,92" machi="11" ten="30,12000,2" yaku="1,1,0,1,52,3,53,1" doraHai="4" doraHaiUra="29" who="3" fromWho="3" sc="366,-30,12,-30,383,-60,209,150" owari="336,13.6,-18,-51.8,323,-7.7,359,45.9" /></mjloggm>