<mjloggm ver="2.3"><GO type="225" lobby="0"/><UN n0="%E3%80%93%E3%81%97%E3%83%BC%E3%82%89%E3%80%93" n1="%E3%81%8B%E3%82%8F%E3%81%A1%E3%82%83%E3%82%93%35%38" n2="%E5%82%8D%E8%8B%A5%E7%84%A1%E4%BA%BA%35%31" n3="%72%69%6F%75%63%68%61%6E" dan="16,17,16,17" rate="2154.37,2240.91,2099.81,2193.03" sx="M,M,M,M"/><TAIKYOKU oya="0"/><INIT seed="0,0,0,0,0,49" ten="250,250,250,250" oya="0" hai0="27,127,13,36,106,64,130,119,71,89,22,129,75" hai1="18,37,8,63,131,5,134,101,20,124,80,102,66" hai2="60,108,135,103,43,7,73,100,17,26,55,86,79" hai3="57,14,95,121,12,25,118,76,104,91,99,117,28"/><T33/><D36/><U98/><E37/><V31/><F108/><W120/><G104/><T122/><D75/><U115/><E131/><N who="0" m="50185" /><D106/><U3/><E134/><V88/><F135/><W39/><G39/><T133/><D133/><U58/><E124/><V1/><F43/><W48/><G76/><T72/><D72/><U77/><E115/><V46/><F7/><W87/><G99/><T15/><D33/><U10/><E10/><V67/><F1/><W44/><G57/><T85/><D119/><U29/><E29/><V0/><F0/><W30/><G30/><N who="0" m="17783" /><D122/><N who="3" m="47209" /><G118/><T41/><D41/><U23/><E18/><V112/><F17/><W114/><G114/><T126/><D64/><U65/><E65/><V128/><F79/><W53/><G117/><T32/><D32/><AGARI ba="0,0" hai="12,14,25,28,32,44,48,53,87,91,95" m="47209" machi="32" ten="30,2000,0" yaku="13,1,52,1" doraHai="49" who="3" fromWho="0" sc="250,-20,250,0,250,0,250,20" /><INIT seed="1,0,0,2,0,125" ten="230,250,250,270" oya="1" hai0="126,56,95,29,49,20,69,70,73,128,117,19,102" hai1="58,107,12,79,36,123,91,31,16,15,132,94,57" hai2="88,64,81,135,77,39,33,99,96,110,131,116,93" hai3="54,25,82,0,23,11,127,18,35,63,80,51,86"/><U50/><E36/><V90/><F33/><W14/><G127/><T4/><D73/><U9/><E123/><V43/><F64/><W121/><G121/><T1/><D126/><U52/><E107/><V37/><F43/><W10/><G63/><T133/><D29/><U124/><E124/><V8/><F116/><W27/><G35/><T100/><D117/><U6/><E132/><V38/><F110/><W32/><G32/><T104/><D104/><U113/><E113/><V98/><F135/><W59/><G80/><T84/><D4/><U101/><E31/><V89/><F8/><N who="3" m="3115" /><G0/><T122/><D1/><U7/><E79/><AGARI ba="0,0" hai="14,18,23,25,27,51,54,59,79,82,86" m="3115" machi="79" ten="30,1000,0" yaku="8,1" doraHai="125" who="3" fromWho="1" sc="230,0,250,-10,250,0,270,10" /><INIT seed="2,0,0,0,3,17" ten="230,240,250,280" oya="2" hai0="71,122,49,18,117,54,48,133,12,53,60,121,104" hai1="118,126,29,108,66,6,88,116,20,22,32,44,115" hai2="83,4,8,79,99,127,132,19,131,41,80,38,25" hai3="15,73,21,86,59,63,112,94,61,52,57,109,28"/><V62/><F131/><W72/><G109/><T16/><D104/><U40/><E66/><V46/><F132/><W87/><G112/><T105/><D105/><U39/><E115/><V23/><F127/><W50/><G63/><T36/><D36/><U97/><E6/><V75/><F83/><W3/><G3/><T67/><D133/><U47/><E108/><V55/><F99/><W85/><G94/><T77/><D77/><U27/><E126/><V119/><F119/><W92/><G92/><T90/><D90/><U101/><E47/><V1/><F55/><W0/><G0/><T9/><D117/><U33/><E88/><V130/><F130/><W106/><G106/><T102/><D102/><U78/><E78/><V100/><F62/><W135/><G135/><T14/><D49/><U110/><E110/><V91/><F91/><W134/><G134/><T37/><D37/><U65/><E65/><V70/><REACH who="2" step="1"/><F70/><REACH who="2" ten="230,240,240,280" step="2"/><W13/><G73/><T10/><REACH who="0" step="1"/><D54/><REACH who="0" ten="220,240,240,280" step="2"/><U114/><E114/><V120/><F120/><W30/><G72/><T82/><D82/><U96/><E118/><V64/><F64/><W89/><G89/><T107/><D107/><N who="1" m="63911" /><E116/><V124/><F124/><W128/><G128/><T74/><D74/><U26/><E97/><V34/><F34/><W125/><G125/><T93/><D93/><U7/><E7/><V43/><F43/><W24/><G52/><T58/><AGARI ba="0,2" hai="9,10,12,14,16,18,48,53,58,60,67,71,121,122" machi="58" ten="20,8000,1" yaku="1,1,0,1,7,1,9,1,54,1,53,0" doraHai="17" doraHaiUra="95" who="0" fromWho="0" sc="220,100,240,-20,240,-40,280,-20" /><INIT seed="3,0,0,3,0,117" ten="320,220,200,260" oya="3" hai0="124,95,48,82,102,72,37,87,133,2,128,111,42" hai1="74,125,99,50,70,71,22,4,101,77,76,51,67" hai2="97,91,35,90,44,40,27,123,88,34,65,81,85" hai3="19,98,0,127,96,115,13,75,23,100,5,126,122"/><W11/><G122/><T55/><D2/><U1/><E4/><V109/><F109/><W68/><G115/><T10/><D72/><U94/><E1/><V32/><F65/><W25/><G75/><T20/><D10/><U119/><E119/><V31/><F123/><W26/><G68/><T120/><D42/><U69/><E125/><N who="3" m="47626" /><G96/><T114/><D37/><U116/><E116/><V52/><F52/><W80/><G80/><T39/><D39/><U17/><E67/><V121/><F121/><W78/><G78/><T93/><D102/><U131/><E131/><V83/><F97/><W129/><G129/><T60/><D60/><U89/><E89/><V8/><F8/><W73/><G73/><T104/><D104/><AGARI ba="0,0" hai="0,5,11,13,19,23,25,26,98,100,104" m="47626" machi="104" ten="30,1500,0" yaku="18,1" doraHai="117" who="3" fromWho="0" sc="320,-15,220,0,200,0,260,15" /><INIT seed="3,1,0,5,3,81" ten="305,220,200,275" oya="3" hai0="8,48,85,52,89,51,33,113,66,16,59,41,103" hai1="68,84,22,112,23,97,57,121,91,109,20,65,96" hai2="13,49,131,1,83,74,43,44,108,34,42,10,100" hai3="29,133,123,60,54,61,129,110,7,94,95,19,37"/><W30/><G123/><T62/><D33/><U111/><E68/><V86/><F108/><N who="1" m="41545" /><E121/><V9/><F131/><W0/><G110/><T73/><D73/><U101/><E112/><V56/><F34/><W116/><G116/><T115/><D103/><U64/><E57/><V126/><F126/><W119/><G119/><T125/><D125/><U50/><E50/><V58/><F74/><W46/><G129/><T21/><D8/><N who="2" m="3178" /><F1/><W71/><G133/><T17/><D41/><N who="2" m="15370" /><F13/><W2/><G7/><T53/><D51/><U135/><E135/><V32/><F32/><W102/><G37/><T6/><D6/><U106/><E97/><V93/><F100/><W5/><G5/><T78/><D78/><U79/><E79/><N who="2" m="46463" /><F93/><AGARI ba="1,0" hai="20,22,23,64,65,84,91,93,96,101,106" m="41545" machi="93" ten="30,2000,0" yaku="14,1,52,1" doraHai="81" who="1" fromWho="2" sc="305,0,220,23,200,-23,275,0" owari="305,40.5,243,-15.7,177,-32.3,275,7.5" /></mjloggm>