<mjloggm ver="2.3"><GO type="225" lobby="0"/><UN n0="%E3%81%99%E3%81%84%E3%81%BE%E3%81%9B%E3%83%BC%E3%82%93" n1="%E3%81%86%E3%83%BC%E3%81%B1%E3%83%BC" n2="%E3%81%AF%E3%82%88%E3%81%8A%E3%81%98%E3%81%95%E3%82%93" n3="%E5%8F%AF%E5%85%90%E9%82%A3%E7%94%B1%E5%A4%9A" dan="16,17,17,17" rate="2217.06,2189.95,2187.92,2245.20" sx="M,F,M,F"/><TAIKYOKU oya="0"/><INIT seed="0,0,0,3,0,115" ten="250,250,250,250" oya="0" hai0="116,84,7,23,81,53,17,93,50,2,44,132,100" hai1="131,90,89,73,12,55,119,63,42,24,27,117,99" hai2="98,103,128,108,94,78,18,52,64,34,88,37,3" hai3="122,8,60,56,65,69,47,127,28,19,49,85,35"/><T77/><D132/><U22/><E73/><V32/><F37/><W123/><G127/><T96/><D116/><U41/><E12/><V114/><F114/><W74/><G74/><T80/><D2/><U126/><E126/><V107/><F3/><W66/><G28/><T58/><D81/><U92/><E90/><V133/><F133/><W20/><G35/><T124/><D124/><U134/><E27/><V16/><F108/><W59/><G8/><T113/><D7/><U21/><E21/><V68/><F128/><W101/><G101/><T121/><D121/><N who="3" m="46089" /><G85/><T75/><D113/><U102/><E102/><V125/><F125/><W135/><G135/><T97/><D97/><U82/><E82/><V61/><F78/><W9/><G9/><T83/><D83/><U4/><E4/><V1/><F1/><W54/><G66/><T46/><REACH who="0" step="1"/><D75/><REACH who="0" ten="240,250,250,250" step="2"/><U110/><E134/><V71/><F107/><W30/><G30/><T40/><D40/><U25/><E42/><V39/><F103/><W72/><G72/><T48/><D48/><U14/><E41/><V51/><F39/><W104/><G104/><T57/><D57/><N who="1" m="35263" /><E119/><V26/><F68/><W112/><G112/><T36/><D36/><U86/><E117/><V109/><F109/><W70/><G59/><T5/><D5/><U31/><E110/><V79/><F79/><W45/><G69/><T130/><D130/><U76/><E131/><V95/><F94/><W105/><G105/><T10/><D10/><U15/><E25/><AGARI ba="0,1" hai="19,20,25,45,47,49,54,56,60,65,70" m="46089" machi="25" ten="30,1000,0" yaku="13,1" doraHai="115" who="3" fromWho="1" sc="240,0,250,-10,250,0,250,20" /><AGARI ba="0,0" hai="17,23,25,44,46,50,53,58,77,80,84,93,96,100" machi="25" ten="30,5800,0" yaku="1,1,7,1,8,1,53,0" doraHai="115" doraHaiUra="111" who="0" fromWho="1" sc="240,58,240,-58,250,0,270,0" /><INIT seed="0,1,0,1,1,83" ten="298,182,250,270" oya="0" hai0="48,78,116,68,76,19,130,59,69,113,132,26,43" hai1="126,44,89,115,110,95,31,37,114,40,80,85,71" hai2="84,25,47,66,14,129,39,73,82,28,32,94,20" hai3="34,119,36,60,61,101,111,11,15,105,99,45,35"/><T63/><D113/><N who="1" m="43019" /><E110/><V33/><F129/><W92/><G119/><T109/><D116/><U16/><E126/><V133/><F133/><W1/><G111/><T103/><D109/><U52/><E71/><V134/><F134/><W108/><G108/><T2/><D2/><U21/><E31/><V79/><F66/><W120/><G120/><T74/><D130/><U67/><E67/><V17/><F39/><W96/><G1/><T42/><D132/><U22/><E22/><V93/><F47/><W23/><G23/><T5/><D5/><U87/><E52/><V88/><F93/><W46/><G35/><AGARI ba="1,0" hai="14,17,20,25,28,32,33,35,73,79,82,84,88,94" machi="35" ten="30,3900,0" yaku="7,1,52,1,54,1" doraHai="83" who="2" fromWho="3" sc="298,0,182,0,250,42,270,-42" /><INIT seed="1,0,0,4,2,29" ten="298,182,292,228" oya="1" hai0="118,8,23,40,126,92,121,108,104,12,111,90,100" hai1="79,76,2,125,135,117,99,131,67,9,26,31,13" hai2="10,109,32,6,110,55,49,27,28,119,64,77,123" hai3="18,58,87,46,63,1,21,96,15,120,22,52,4"/><U128/><E117/><V133/><F119/><W35/><G120/><T74/><D118/><U86/><E2/><V83/><F123/><W54/><G35/><T102/><D121/><U134/><E99/><V3/><F3/><W0/><G4/><T48/><D74/><U93/><E67/><V78/><F64/><W75/><G75/><T62/><D126/><U95/><E125/><V91/><F133/><N who="1" m="50697" /><E93/><V65/><F65/><W39/><G87/><N who="0" m="52319" /><D104/><U124/><E124/><V84/><F109/><W98/><G98/><T43/><D23/><U57/><E57/><V37/><F37/><W70/><G70/><T44/><D62/><U88/><E79/><V101/><F101/><W14/><G96/><T132/><D132/><U80/><E80/><V115/><F115/><W129/><G129/><N who="1" m="49738" /><E76/><V51/><F110/><W66/><G66/><T94/><D94/><U16/><E31/><V34/><F78/><W107/><G107/><T30/><D30/><U114/><E26/><V112/><F112/><AGARI ba="0,0" hai="9,13,16,86,88,95,112,114" m="49738,50697" machi="112" ten="30,11600,0" yaku="20,1,19,1,54,2" doraHai="29" who="1" fromWho="2" sc="298,0,182,116,292,-116,228,0" /><INIT seed="1,1,0,4,1,42" ten="298,298,176,228" oya="1" hai0="50,24,82,44,64,13,39,63,81,116,135,130,104" hai1="67,125,35,75,108,56,31,32,112,7,51,129,33" hai2="26,45,4,29,85,107,131,114,128,41,100,98,102" hai3="2,1,115,22,106,11,127,113,15,69,126,65,6"/><U99/><E112/><N who="3" m="43082" /><G106/><T94/><D116/><U28/><E75/><V25/><F114/><W5/><G65/><T111/><D104/><U70/><E70/><V17/><F102/><W46/><G69/><T57/><D130/><N who="2" m="49706" /><F4/><W133/><G46/><T61/><D111/><U83/><E7/><V0/><F0/><N who="3" m="107" /><G5/><T77/><D135/><U79/><E108/><V84/><F17/><N who="3" m="10559" /><G133/><T124/><D39/><U120/><E129/><V118/><F118/><W95/><G95/><T10/><D77/><U121/><E99/><V20/><F26/><W72/><G72/><T78/><D24/><U109/><E109/><V40/><F40/><W14/><AGARI ba="1,0" hai="6,11,14,126,127" m="10559,107,43082" machi="14" ten="40,2700,0" yaku="34,2" doraHai="42" who="3" fromWho="3" sc="298,-8,298,-14,176,-8,228,30" /><INIT seed="2,0,0,2,4,75" ten="290,284,168,258" oya="2" hai0="27,78,10,101,103,74,120,127,90,125,3,42,100" hai1="79,84,86,133,62,97,102,9,77,76,116,31,32" hai2="26,124,21,50,41,122,96,20,54,53,15,95,60" hai3="71,70,108,52,7,6,106,11,82,107,0,17,73"/><V29/><F124/><N who="0" m="47690" /><D120/><U63/><E116/><V126/><F122/><W33/><G33/><T40/><D90/><U12/><E133/><V64/><F126/><W128/><G108/><T39/><D27/><U43/><E43/><N who="0" m="16425" /><D39/><U130/><E130/><V94/><F41/><W51/><G128/><T93/><D93/><N who="1" m="58671" /><E31/><V81/><F81/><W18/><G7/><N who="0" m="1407" /><D74/><U2/><E2/><V112/><F112/><W36/><G36/><T92/><D92/><U117/><E117/><V85/><F85/><N who="1" m="32873" /><E32/><V49/><F95/><W66/><G106/><T48/><D48/><U24/><E24/><V19/><F50/><W45/><G107/><T99/><D99/><U55/><E55/><V65/><F60/><W98/><G98/><T1/><D1/><U113/><E113/><V89/><REACH who="2" step="1"/><F54/><REACH who="2" ten="290,284,158,258" step="2"/><W38/><G38/><T135/><D135/><U104/><E104/><V23/><F23/><W123/><G123/><T91/><D91/><U13/><E13/><V132/><F132/><W72/><G82/><T8/><D8/><U121/><E121/><V134/><F134/><W25/><G73/><T131/><D131/><U87/><E87/><V35/><F35/><W14/><G72/><T114/><D114/><U56/><E56/><AGARI ba="0,1" hai="15,19,20,21,26,29,49,53,56,64,65,89,94,96" machi="56" ten="30,5800,0" yaku="1,1,7,1,8,1,53,0" doraHai="75" doraHaiUra="67" who="2" fromWho="1" sc="290,0,284,-58,158,68,258,0" /><INIT seed="2,1,0,3,1,134" ten="290,226,226,258" oya="2" hai0="65,80,42,66,5,14,61,57,96,119,12,49,45" hai1="93,126,123,64,69,105,135,21,92,27,72,113,56" hai2="131,46,125,104,117,36,23,106,67,44,7,29,60" hai3="25,31,30,94,97,122,78,70,0,1,54,75,39"/><V118/><F131/><W71/><G122/><T120/><D120/><U17/><E123/><V15/><F125/><W110/><G39/><T20/><D119/><U88/><E113/><V4/><F117/><W101/><G110/><T58/><D80/><U28/><E105/><V9/><F118/><W38/><G38/><T116/><D116/><U40/><E72/><V52/><F4/><W2/><G31/><T24/><D96/><U95/><E69/><V91/><F36/><W109/><G109/><T124/><D124/><U79/><E79/><V108/><F108/><W43/><G43/><T114/><D114/><U59/><E135/><V82/><F104/><W73/><G54/><T33/><D33/><U127/><E40/><V77/><F106/><W48/><G48/><T81/><D81/><U11/><E88/><V6/><F6/><W103/><G103/><T3/><D3/><U100/><E100/><V50/><F46/><W84/><G84/><T34/><D34/><U89/><E89/><V87/><F91/><W129/><G129/><T132/><D132/><U26/><E56/><N who="2" m="37255" /><F23/><N who="3" m="15679" /><G75/><T99/><D99/><U62/><REACH who="1" step="1"/><E11/><REACH who="1" ten="290,216,226,258" step="2"/><V19/><F29/><W8/><G8/><T41/><D41/><U86/><E86/><V85/><F87/><W98/><G98/><T10/><D10/><U63/><E63/><V51/><F50/><W107/><G107/><T128/><D128/><U133/><E133/><V112/><F112/><W32/><G32/><AGARI ba="1,1" hai="17,21,26,27,28,32,59,62,64,92,93,95,126,127" machi="32" ten="40,8000,1" yaku="1,1,52,2,53,1" doraHai="134" doraHaiUra="53" who="1" fromWho="3" sc="290,0,216,93,226,0,258,-83" /><INIT seed="3,0,0,5,1,112" ten="290,309,226,175" oya="3" hai0="68,51,24,84,108,132,9,20,102,123,39,62,99" hai1="66,1,96,56,38,119,70,128,131,53,18,91,11" hai2="36,63,19,40,13,26,87,114,109,44,2,23,106" hai3="101,105,95,115,73,103,46,4,57,27,110,54,52"/><W98/><G115/><T88/><D39/><U32/><E38/><V12/><F114/><W120/><G120/><T41/><D123/><U89/><E32/><V47/><F109/><W45/><G73/><T121/><D121/><U80/><E119/><V8/><F106/><W15/><G110/><T60/><D132/><U107/><E66/><V3/><F47/><N who="3" m="17931" /><G105/><T59/><D108/><U75/><E70/><V35/><F63/><W6/><G103/><T100/><D9/><U48/><E107/><V127/><F127/><W67/><G27/><T125/><D125/><U83/><E96/><V17/><F87/><W82/><G82/><N who="1" m="31274" /><E75/><V79/><F79/><W21/><G67/><T37/><D37/><U113/><E113/><V65/><F65/><W116/><G116/><T10/><D62/><U49/><E48/><V133/><F133/><W97/><G97/><T0/><D24/><U93/><E93/><V14/><REACH who="2" step="1"/><F35/><REACH who="2" ten="290,309,216,175" step="2"/><W126/><G126/><T77/><D60/><U31/><E131/><V124/><F124/><W72/><G72/><T58/><D77/><U71/><E128/><V85/><F85/><W42/><G42/><T33/><D41/><U129/><E129/><V74/><F74/><W94/><G94/><T25/><D33/><U22/><E71/><V34/><F34/><W122/><G122/><T135/><D68/><U5/><E31/><V81/><F81/><W50/><G54/><T90/><D135/><U104/><E104/><V118/><F118/><W69/><G69/><T130/><D130/><U7/><E7/><V29/><F29/><W43/><G43/><RYUUKYOKU ba="0,1" sc="290,-30,309,10,216,10,175,10" hai1="1,5,11,18,22,49,53,56,89,91" hai2="2,3,8,12,13,14,17,19,23,26,36,40,44" hai3="4,6,15,21,50,52,57,95,98,101" /><INIT seed="3,1,1,5,1,51" ten="260,319,226,185" oya="3" hai0="129,52,122,120,118,13,112,130,26,78,14,11,6" hai1="15,106,133,91,2,3,32,84,53,123,110,96,43" hai2="85,76,71,70,9,113,20,131,17,104,75,102,128" hai3="66,62,100,108,72,49,64,47,65,41,114,56,48"/><W127/><G72/><T27/><D118/><U22/><E32/><V107/><F75/><W58/><G100/><T74/><D78/><U16/><E123/><N who="0" m="47145" /><D74/><U98/><E110/><V63/><F113/><W10/><G114/><T40/><D40/><U125/><E133/><V132/><F9/><W34/><G34/><T19/><D52/><U25/><E125/><V80/><F132/><W73/><G73/><T54/><D54/><U29/><E53/><V44/><F44/><N who="3" m="25615" /><G127/><T121/><N who="0" m="47153" /><T103/><DORA hai="119" /><D103/><U67/><E67/><N who="3" m="25674" /><G10/><N who="0" m="6583" /><D112/><U57/><E43/><V5/><F102/><W81/><G81/><T33/><D27/><U135/><E25/><V69/><F104/><W68/><G108/><T0/><D0/><U55/><E2/><V82/><F107/><W39/><G39/><T38/><D38/><U28/><E3/><V60/><F82/><W116/><G116/><T12/><D12/><U77/><E106/><V31/><F71/><W134/><G134/><T124/><D124/><U105/><E105/><V88/><F70/><W4/><G4/><T50/><D50/><U86/><E135/><V115/><F5/><W24/><G24/><T7/><D7/><U37/><E37/><V35/><F115/><W36/><G36/><T61/><D61/><U30/><E57/><V8/><F69/><W109/><G109/><T97/><D97/><U42/><E42/><AGARI ba="1,1" hai="42,47,49,56,58,62,66,68" m="25674,25615" machi="42" ten="30,12000,1" yaku="35,5" doraHai="51,119" who="3" fromWho="1" sc="260,0,319,-123,226,0,185,133" owari="260,6.0,196,-30.4,226,-17.4,318,41.8" /></mjloggm>