<mjloggm ver="2.3"><GO type="225" lobby="0"/><UN n0="%E3%83%8F%E3%82%A4%E3%83%91%E3%83%BC%E3%83%84%E3%83%8A%E7%BC%B6" n1="%45%6C%79%73%69%75%6D" n2="%63%68%78%62%64" n3="%E3%81%AA%E3%81%A1%30%39%32%37" dan="16,17,16,16" rate="2085.64,2099.82,2125.83,2089.51" sx="M,F,M,M"/><TAIKYOKU oya="0"/><INIT seed="0,0,0,3,1,113" ten="250,250,250,250" oya="0" hai0="107,24,64,0,36,116,1,9,44,89,17,15,124" hai1="95,6,7,91,84,5,134,53,42,30,99,71,135" hai2="109,61,69,68,8,129,12,10,87,23,41,57,121" hai3="70,82,59,86,29,25,27,38,62,102,119,40,85"/><T93/><D107/><U34/><E71/><V63/><F109/><W83/><G119/><T123/><D123/><U4/><E42/><V56/><F129/><W115/><G115/><T88/><D116/><U13/><E13/><V108/><F108/><W19/><G70/><T122/><D122/><U125/><E125/><V100/><F23/><W46/><G102/><T94/><D124/><U20/><E34/><V112/><F41/><W90/><G19/><T96/><D64/><U28/><N who="1" m="1024" /><DORA hai="101" /><U77/><E53/><V55/><F112/><W79/><REACH who="3" step="1"/><G29/><REACH who="3" ten="250,250,250,240" step="2"/><T35/><D1/><U117/><E117/><V75/><F100/><W105/><G105/><T132/><D0/><U92/><E30/><V126/><F69/><W50/><G50/><T120/><D120/><U106/><E106/><V97/><F68/><W3/><G3/><T114/><D114/><U33/><E33/><V104/><F104/><W81/><G81/><T16/><D35/><U60/><E28/><V14/><F126/><W131/><G131/><T111/><D111/><U127/><E127/><V45/><F121/><W21/><G21/><N who="0" m="13351" /><D36/><U18/><E20/><V26/><F8/><W110/><G110/><T32/><D32/><U22/><E22/><V52/><F10/><W118/><G118/><T43/><D132/><U39/><E18/><V98/><F63/><W37/><G37/><T74/><D74/><U72/><E39/><V65/><F61/><W130/><G130/><T31/><D31/><U54/><E72/><V66/><F12/><W47/><G47/><T128/><D128/><U11/><E134/><RYUUKYOKU ba="0,1" sc="250,-10,250,-10,250,-10,240,30" hai3="25,27,38,40,46,59,62,79,82,83,85,86,90" /><INIT seed="1,1,1,1,4,37" ten="240,240,240,270" oya="1" hai0="38,17,124,68,123,63,135,33,109,70,117,50,44" hai1="26,7,1,111,67,71,92,0,119,46,83,14,80" hai2="30,39,66,54,114,59,106,127,9,41,16,110,11" hai3="90,94,98,32,43,77,134,118,69,104,12,27,18"/><U57/><E71/><N who="0" m="27177" /><D33/><U2/><E119/><V102/><F110/><W89/><G69/><T93/><D93/><U115/><E115/><V79/><F114/><W6/><G134/><T29/><D29/><U62/><E111/><V4/><F127/><W35/><G118/><T128/><D17/><U88/><E26/><V24/><F66/><W76/><G6/><T56/><D109/><U34/><E34/><V15/><F79/><W55/><G104/><T112/><D112/><U95/><E46/><V97/><F39/><W108/><G94/><T132/><D38/><U99/><REACH who="1" step="1"/><E95/><REACH who="1" ten="240,230,240,270" step="2"/><V22/><F41/><W75/><G43/><N who="0" m="24863" /><D117/><U23/><E23/><V81/><F81/><W107/><G108/><T113/><D113/><U64/><E64/><V58/><REACH who="2" step="1"/><F54/><REACH who="2" ten="240,230,230,270" step="2"/><W116/><G55/><N who="0" m="34207" /><D123/><U5/><E5/><V121/><F121/><W61/><G116/><T19/><D135/><U86/><E86/><V130/><F130/><W21/><G75/><T78/><D132/><U45/><E45/><V3/><AGARI ba="1,3" hai="3,4,9,11,15,16,22,24,30,58,59,97,102,106" machi="3" ten="20,5200,0" yaku="1,1,0,1,7,1,54,1,53,0" doraHai="37" doraHaiUra="28" who="2" fromWho="2" sc="240,-14,230,-27,230,85,270,-14" /><INIT seed="2,0,0,4,4,54" ten="226,203,315,256" oya="2" hai0="63,105,127,14,43,83,88,93,67,27,24,134,133" hai1="94,109,126,41,90,102,5,30,75,107,115,1,113" hai2="125,116,77,29,72,118,99,45,55,85,129,39,78" hai3="100,0,56,132,110,86,74,68,124,131,18,73,80"/><V31/><F129/><W135/><G68/><T40/><D105/><U13/><E75/><N who="3" m="28682" /><G0/><T111/><D111/><U114/><E1/><V122/><F122/><W23/><G110/><T70/><D83/><U28/><E109/><V103/><F72/><W17/><G23/><T117/><D14/><U36/><E126/><V64/><F125/><W6/><G6/><T79/><D79/><U84/><E36/><V50/><F64/><W53/><G100/><T46/><D117/><U34/><E41/><V66/><F66/><W104/><G104/><T8/><D8/><U91/><E34/><V21/><F39/><W106/><G106/><T92/><D92/><U51/><E51/><V32/><F32/><W87/><G87/><T7/><D7/><U47/><E47/><V97/><F97/><W38/><G38/><T130/><D127/><U9/><REACH who="1" step="1"/><E90/><REACH who="1" ten="226,193,315,256" step="2"/><V58/><F45/><W128/><G124/><T65/><D43/><U25/><E25/><V52/><F50/><W96/><G128/><T35/><D130/><U71/><E71/><V98/><F116/><W44/><G44/><T61/><D35/><U57/><E57/><V121/><F58/><W108/><G56/><N who="0" m="37031" /><D40/><U20/><E20/><V120/><F21/><W22/><G22/><T48/><D46/><U76/><E76/><V10/><F118/><W101/><G108/><T81/><D48/><U19/><E19/><V12/><F77/><W60/><G18/><T15/><D27/><U42/><E42/><V49/><F78/><W69/><G131/><T37/><D24/><U16/><E16/><N who="2" m="8215" /><F121/><W89/><G17/><RYUUKYOKU ba="0,1" sc="226,-10,193,30,315,-10,256,-10" hai1="5,9,13,28,30,84,91,94,102,107,113,114,115" /><INIT seed="3,1,1,5,2,83" ten="216,223,305,246" oya="3" hai0="104,92,29,130,10,129,128,20,95,48,96,63,2" hai1="68,41,17,5,105,19,32,43,119,23,0,124,98" hai2="114,13,65,12,27,7,42,122,90,46,133,37,120" hai3="21,76,110,125,106,15,89,85,102,108,61,50,123"/><W73/><G123/><N who="2" m="47145" /><F114/><W31/><G125/><T6/><D63/><U88/><E68/><V35/><F65/><W86/><G73/><T127/><D127/><U72/><E32/><V113/><F113/><W70/><G50/><T91/><D104/><U9/><E72/><V67/><F67/><N who="3" m="41327" /><G89/><T112/><D112/><U79/><E79/><V45/><F133/><W77/><G15/><T109/><D109/><N who="3" m="42089" /><G77/><T100/><D48/><U94/><E124/><V57/><F57/><W59/><G59/><T54/><D54/><U25/><E119/><V116/><F116/><W80/><G102/><T121/><D121/><U38/><E38/><V3/><F90/><W93/><G106/><T39/><D39/><U131/><E105/><V132/><F132/><W26/><G93/><N who="0" m="58383" /><D91/><U60/><E60/><V101/><F101/><W40/><G86/><T75/><D75/><U87/><E98/><V24/><F13/><W28/><G28/><T135/><D135/><U58/><E58/><V34/><F12/><W117/><G117/><T52/><D52/><U115/><E115/><V22/><F27/><AGARI ba="1,1" hai="2,6,10,20,27,29,92,95,128,129,130" m="58383" machi="27" ten="30,1000,0" yaku="19,1" doraHai="83" who="0" fromWho="2" sc="216,23,223,0,305,-13,246,0" /><INIT seed="4,0,0,5,0,66" ten="239,223,292,246" oya="0" hai0="20,115,128,73,65,82,111,58,43,79,134,44,74" hai1="53,37,121,52,97,80,59,113,15,91,135,120,112" hai2="49,33,108,105,47,60,48,85,26,114,98,133,69" hai3="31,127,7,123,107,86,122,61,78,88,29,67,89"/><T77/><D115/><N who="1" m="44107" /><E37/><V6/><F108/><W13/><G107/><T129/><D111/><U84/><E135/><V87/><F6/><W28/><G127/><T36/><D134/><U22/><E97/><V93/><F133/><W75/><G75/><T110/><D110/><U92/><E80/><V72/><F72/><W68/><G78/><T38/><D20/><U81/><E81/><V19/><F48/><W16/><G7/><T117/><D117/><U18/><E53/><V0/><F0/><W57/><G57/><T27/><D27/><U9/><E9/><V17/><F17/><W70/><G70/><T34/><D34/><U95/><E95/><V24/><F24/><W30/><N who="3" m="7168" /><DORA hai="62" /><W125/><G125/><T76/><D38/><U5/><E5/><V55/><F33/><W119/><G119/><T54/><D82/><U90/><E90/><N who="2" m="55607" /><F69/><W8/><G86/><T2/><D2/><U42/><E42/><N who="2" m="24823" /><F105/><W94/><G94/><T116/><D116/><U106/><E106/><V71/><F71/><W11/><G11/><T64/><D74/><U118/><E118/><V103/><F103/><W131/><G131/><N who="0" m="50251" /><D73/><U63/><AGARI ba="0,0" hai="15,18,22,52,59,63,84,91,92,120,121" m="44107" machi="63" ten="30,4000,0" yaku="15,1,11,1,54,1" doraHai="66,62" who="1" fromWho="1" sc="239,-20,223,40,292,-10,246,-10" /><INIT seed="5,0,0,0,4,132" ten="219,263,282,236" oya="1" hai0="5,100,81,116,108,38,20,70,31,42,99,131,47" hai1="79,36,127,85,84,109,78,88,92,25,110,124,129" hai2="77,101,91,49,34,72,0,59,98,83,44,89,115" hai3="23,133,37,64,122,2,135,16,1,118,112,125,45"/><U12/><E36/><V67/><F115/><W74/><G74/><T68/><D108/><N who="1" m="41579" /><E129/><V19/><F0/><N who="3" m="107" /><G64/><T58/><D116/><U61/><E25/><V119/><F34/><W52/><G37/><T40/><D131/><U86/><E61/><V39/><F119/><W27/><G52/><T104/><D42/><U54/><E54/><V56/><F39/><W123/><G45/><T93/><D5/><U48/><E48/><V113/><F113/><W65/><G65/><T107/><D81/><N who="1" m="47167" /><E12/><V73/><F73/><W103/><G118/><T30/><D58/><U3/><E3/><V130/><F130/><W134/><G112/><T90/><D107/><U15/><E15/><V75/><F75/><W66/><G66/><T120/><D120/><N who="3" m="46121" /><G103/><T10/><D10/><U105/><E105/><V8/><F67/><W7/><G7/><T17/><D68/><U95/><E95/><V76/><F56/><W29/><G29/><T43/><D70/><U4/><E4/><V96/><F59/><W13/><G13/><T41/><D31/><U69/><E69/><V102/><F49/><W128/><G128/><T6/><D30/><U126/><E78/><V80/><F44/><W87/><G87/><AGARI ba="0,0" hai="85,86,87,88,92,124,126,127" m="47167,41579" machi="87" ten="40,24000,3" yaku="18,1,10,1,34,2,52,3,54,1" doraHai="132" who="1" fromWho="3" sc="219,0,263,240,282,0,236,-240" owari="219,-18.1,503,60.3,282,8.2,-4,-50.4" /></mjloggm>