<mjloggm ver="2.3"><GO type="225" lobby="0"/><UN n0="%E5%A4%9C%E5%85%89%E5%A4%A9%E6%A5%BC" n1="%E6%B8%A9%E2%98%85%E6%83%85%E2%98%85%E6%8E%AA%E2%98%85%E7%BD%AE" n2="%E3%82%BC%E3%83%AB%E3%83%80%E3%81%AE%E4%BC%9D%E8%AA%AC" n3="%4B%2E%32%2E%4B%2E" dan="17,18,17,16" rate="2184.42,2168.93,2241.20,2115.76" sx="M,M,M,M"/><TAIKYOKU oya="0"/><INIT seed="0,0,0,5,5,6" ten="250,250,250,250" oya="0" hai0="135,93,100,99,86,53,128,123,17,42,116,28,43" hai1="34,66,79,4,72,77,65,2,117,84,31,122,32" hai2="50,59,126,8,113,82,75,62,61,127,25,22,125" hai3="131,12,1,52,56,37,76,24,36,38,80,55,101"/><T89/><D123/><U85/><E122/><V118/><F113/><W63/><G1/><T5/><D116/><U110/><E4/><V95/><F118/><W106/><G131/><T83/><D128/><U9/><E117/><V105/><F105/><W98/><G24/><T20/><D135/><U67/><E2/><V40/><F95/><W119/><G119/><T44/><D28/><U11/><E31/><N who="2" m="17847" /><F8/><N who="1" m="3145" /><E72/><V70/><F70/><W120/><G12/><N who="0" m="9255" /><D5/><U35/><E110/><V29/><F29/><W96/><G96/><T109/><D109/><U134/><E134/><V51/><F40/><W10/><G10/><T16/><D16/><U124/><E124/><V91/><F61/><W130/><G130/><T30/><D30/><U87/><AGARI ba="0,0" hai="32,34,35,65,66,67,77,79,84,85,87" m="3145" machi="87" ten="40,12000,2" yaku="29,2,28,2,52,3" doraHai="6" who="1" fromWho="1" sc="250,-60,250,120,250,-30,250,-30" /><INIT seed="1,0,0,4,4,88" ten="190,370,220,220" oya="1" hai0="132,59,80,45,29,8,126,55,91,48,43,93,30" hai1="79,107,49,83,116,113,44,103,62,34,31,101,74" hai2="122,86,14,69,0,87,108,11,10,120,70,95,76" hai3="133,35,13,50,65,19,112,54,77,47,56,110,51"/><U67/><E113/><V75/><F108/><W121/><G121/><T3/><D126/><U130/><E116/><V109/><F109/><W102/><G110/><T41/><D132/><U118/><E118/><V53/><F0/><W17/><G112/><T23/><D80/><U97/><E103/><V135/><F135/><W89/><G133/><T71/><D71/><U111/><E111/><V124/><F124/><W33/><G77/><T72/><D72/><U84/><E130/><V78/><F14/><W61/><G102/><T60/><D23/><U117/><E117/><V38/><F53/><W105/><G105/><T123/><D123/><U64/><E74/><V39/><REACH who="2" step="1"/><F75/><REACH who="2" ten="190,370,210,220" step="2"/><W98/><G54/><T100/><D43/><N who="1" m="24735" /><E67/><V28/><F28/><W46/><G65/><T57/><D29/><U127/><E64/><V81/><F81/><W90/><G13/><T94/><D30/><U40/><E40/><V128/><F128/><W66/><G66/><T63/><D3/><U7/><E31/><V1/><F1/><W6/><G35/><T27/><D27/><U16/><E34/><V134/><F134/><W21/><G33/><T37/><D8/><U25/><E25/><V15/><F15/><W20/><G20/><T52/><D55/><U5/><E127/><V24/><F24/><W131/><G131/><T114/><D59/><U26/><E26/><V82/><F82/><W2/><G21/><T4/><D114/><U119/><E119/><V106/><F106/><W104/><G56/><T96/><D4/><N who="1" m="1611" /><E16/><V99/><F99/><AGARI ba="0,1" hai="37,41,45,48,52,57,60,63,91,93,94,96,99,100" machi="99" ten="30,7700,0" yaku="7,1,52,2,54,1" doraHai="88" who="0" fromWho="2" sc="190,87,370,0,210,-77,220,0" /><INIT seed="2,0,0,3,4,25" ten="277,370,133,220" oya="2" hai0="57,53,133,18,43,82,7,65,49,107,34,131,103" hai1="5,64,102,126,52,3,80,122,108,45,71,84,61" hai2="86,10,117,68,125,12,37,29,70,120,76,46,42" hai3="56,16,17,110,24,99,127,132,40,118,0,55,91"/><V38/><F117/><W112/><G0/><T85/><D133/><U75/><E75/><V54/><F120/><W134/><G118/><T115/><D115/><U74/><E74/><V79/><F125/><W60/><G127/><T15/><D131/><U95/><E126/><V69/><F37/><W100/><G112/><T58/><D34/><U23/><E5/><V111/><F111/><W30/><G110/><T20/><D43/><U13/><E3/><V90/><F54/><W81/><G40/><T66/><D107/><U31/><E52/><V19/><REACH who="2" step="1"/><F29/><REACH who="2" ten="277,370,123,220" step="2"/><W123/><G123/><T35/><D53/><U33/><E31/><V105/><F105/><W94/><G132/><T130/><D130/><U128/><E128/><V41/><F41/><W9/><G134/><T63/><D66/><U62/><E64/><V50/><F50/><W78/><G55/><T59/><D49/><U87/><E108/><V28/><F28/><W92/><G30/><T77/><D65/><U39/><E39/><V48/><F48/><W51/><G51/><T22/><D35/><U47/><E33/><V83/><AGARI ba="0,1" hai="10,12,19,38,42,46,68,69,70,76,79,83,86,90" machi="83" ten="30,3000,0" yaku="1,1,0,1,53,0" doraHai="25" doraHaiUra="101" who="2" fromWho="2" sc="277,-10,370,-10,123,40,220,-10" /><INIT seed="2,1,0,0,3,55" ten="267,360,163,210" oya="2" hai0="53,52,81,107,72,114,13,117,16,6,23,35,2" hai1="8,4,30,19,134,104,59,123,41,84,135,66,101" hai2="106,83,40,92,100,102,5,128,112,77,14,69,56" hai3="64,68,9,39,45,70,118,132,24,80,126,32,31"/><V22/><F112/><W110/><G118/><T67/><D114/><U89/><E123/><V94/><F69/><W17/><G64/><T21/><D107/><U85/><E30/><V25/><F128/><W78/><G110/><T54/><D117/><U10/><E41/><V42/><F106/><W125/><G132/><N who="1" m="50730" /><E19/><V116/><F116/><W20/><G9/><N who="1" m="3690" /><E4/><V27/><F14/><N who="3" m="9271" /><G45/><T49/><D67/><U91/><E101/><V74/><F5/><W129/><G39/><T18/><D35/><U71/><E71/><V61/><F102/><W113/><G113/><T47/><D2/><U48/><E104/><V90/><F100/><W96/><G96/><T1/><D1/><U111/><E111/><V3/><F3/><W28/><G31/><T60/><D6/><U88/><E48/><V82/><F40/><W79/><G129/><T93/><D60/><AGARI ba="1,0" hai="59,60,66,84,85,88,89,91" m="3690,50730" machi="60" ten="40,5200,0" yaku="20,1,52,1,54,1" doraHai="55" who="1" fromWho="0" sc="267,-55,360,55,163,0,210,0" /><INIT seed="3,0,0,1,0,92" ten="212,415,163,210" oya="3" hai0="46,12,0,80,2,8,45,112,113,122,114,108,133" hai1="106,9,41,34,75,36,95,28,130,124,102,24,74" hai2="48,78,67,119,37,63,15,65,109,97,57,64,49" hai3="120,33,21,29,115,31,73,90,7,42,69,72,54"/><W123/><G69/><T83/><D108/><U60/><E95/><V125/><F119/><W23/><G33/><T84/><D133/><U13/><E130/><V117/><F117/><W131/><G42/><T104/><D104/><U14/><E14/><V58/><F78/><W105/><G105/><T6/><D122/><U107/><E107/><V30/><F109/><W55/><G7/><T71/><D71/><U5/><E124/><V1/><F1/><N who="0" m="618" /><D80/><U99/><E60/><V121/><F125/><W88/><G115/><T20/><D20/><U70/><E70/><V10/><F121/><W89/><G89/><AGARI ba="0,0" hai="6,8,12,45,46,83,84,89,112,113,114" m="618" machi="89" ten="40,1300,0" yaku="11,1" doraHai="92" who="0" fromWho="3" sc="212,13,415,0,163,0,210,-13" owari="225,2.5,415,51.5,163,-33.7,197,-20.3" /></mjloggm>