<mjloggm ver="2.3"><GO type="225" lobby="0"/><UN n0="%E3%81%B5%E3%81%98%E3%81%8B%E3%81%A4" n1="%E4%BF%BA%E3%81%A8%E5%A6%96%E5%A4%A2" n2="%48%61%61%61%6C%61%6E%64" n3="%28%EF%BF%A3%E2%96%BD%EF%BF%A3%29%CE%B4%E2%8C%92%E3%83%BB" dan="16,17,18,16" rate="2156.05,2202.40,2202.15,2123.03" sx="M,F,M,M"/><TAIKYOKU oya="0"/><INIT seed="0,0,0,1,4,9" ten="250,250,250,250" oya="0" hai0="97,81,16,71,114,128,53,112,122,13,120,37,135" hai1="127,54,57,82,88,125,46,11,101,99,40,7,61" hai2="83,98,58,42,102,19,12,131,65,52,4,79,50" hai3="62,30,94,91,31,129,21,103,56,111,77,26,14"/><T2/><D71/><U24/><E24/><V5/><F131/><W75/><G129/><T119/><D37/><U49/><E82/><V33/><F33/><W32/><G111/><T44/><D119/><U113/><E113/><V29/><F29/><W66/><G103/><T8/><D128/><U68/><E68/><V60/><F42/><W72/><G77/><T130/><D130/><U70/><E70/><V55/><F98/><W110/><G110/><T132/><D2/><U95/><REACH who="1" step="1"/><E101/><REACH who="1" ten="250,240,250,250" step="2"/><V63/><F102/><W89/><G31/><T47/><D81/><U59/><E59/><N who="2" m="37023" /><F83/><W64/><G89/><T134/><D114/><U118/><E118/><V100/><F100/><W27/><G27/><T80/><D112/><U121/><E121/><N who="0" m="46697" /><D80/><U0/><AGARI ba="0,1" hai="0,7,11,40,46,49,54,57,61,88,95,99,125,127" machi="0" ten="30,4000,0" yaku="1,1,0,1,54,1,53,0" doraHai="9" doraHaiUra="78" who="1" fromWho="1" sc="250,-20,240,50,250,-10,250,-10" /><INIT seed="1,0,0,3,5,75" ten="230,290,240,240" oya="1" hai0="63,129,90,130,72,32,127,80,100,21,55,83,4" hai1="14,70,24,61,111,39,93,103,132,126,119,49,40" hai2="99,115,106,86,18,45,82,89,107,116,135,91,36" hai3="67,78,50,26,20,3,128,15,11,101,118,17,69"/><U0/><E119/><V76/><F18/><W51/><G118/><T66/><D32/><U8/><E0/><V35/><F116/><W122/><G3/><T74/><D55/><U117/><E117/><V124/><F35/><W42/><G122/><T9/><D21/><U133/><E39/><V53/><F53/><W71/><G128/><N who="0" m="49259" /><D100/><U7/><E126/><V108/><F36/><W57/><G101/><T113/><D127/><U25/><E49/><V102/><F45/><N who="3" m="25911" /><G69/><N who="0" m="42207" /><D113/><U77/><E40/><V79/><F124/><W114/><G71/><T6/><D90/><N who="2" m="34314" /><F115/><W104/><G104/><N who="2" m="39977" /><F108/><W5/><G114/><T34/><D34/><U54/><E111/><V31/><F31/><W38/><G38/><T84/><D4/><U10/><E10/><V105/><F135/><N who="1" m="51785" /><E54/><V30/><F30/><W12/><G51/><T56/><D56/><U125/><E125/><V52/><F52/><W97/><G57/><T22/><D22/><U120/><E24/><V59/><F59/><W27/><G67/><T29/><D29/><U28/><E25/><V121/><F121/><W48/><G48/><T123/><D123/><U16/><E120/><V92/><N who="2" m="39985" /><V44/><DORA hai="87" /><F44/><W2/><G27/><T65/><D65/><N who="1" m="41263" /><E28/><V33/><F33/><W68/><G26/><T62/><D62/><U1/><E7/><V94/><F94/><W58/><G5/><T81/><D84/><U64/><E64/><V112/><F112/><W23/><G68/><T85/><D85/><U46/><E46/><V96/><F96/><W109/><G97/><T134/><D134/><U110/><E110/><RYUUKYOKU ba="0,0" sc="230,15,290,-15,240,15,240,-15" hai0="6,9,72,74,80,81,83" hai2="76,79,82,86,92,99,102" /><INIT seed="2,1,0,1,1,57" ten="245,275,255,225" oya="2" hai0="32,46,118,116,58,35,81,104,73,40,50,84,72" hai1="102,8,88,61,134,113,17,65,55,51,92,111,21" hai2="42,103,18,6,9,31,62,53,130,86,70,114,56" hai3="95,68,59,83,133,22,10,2,52,99,105,44,85"/><V135/><F114/><W14/><G68/><T11/><D104/><U123/><E113/><V15/><F130/><W89/><G133/><T63/><D11/><U1/><E134/><V45/><F135/><W34/><G34/><T125/><D125/><U27/><E102/><V0/><F31/><W121/><G121/><T54/><D73/><U122/><E111/><V108/><F108/><W126/><G126/><T66/><D72/><U69/><E8/><V93/><F70/><W82/><G2/><T67/><D32/><U26/><E26/><V25/><F25/><W110/><G110/><T49/><D35/><U115/><E1/><V13/><F18/><W119/><G119/><N who="0" m="45611" /><D84/><U132/><E115/><V36/><REACH who="2" step="1"/><F86/><REACH who="2" ten="245,275,245,225" step="2"/><W71/><G71/><N who="0" m="42463" /><D81/><U12/><E132/><V91/><F91/><W112/><G112/><T79/><D79/><U64/><E27/><V43/><F43/><W47/><G83/><T76/><D76/><U7/><E123/><V120/><F120/><W48/><G105/><T30/><D30/><U96/><E122/><V41/><F41/><W100/><G22/><T60/><D67/><U24/><E64/><V78/><F78/><W129/><G129/><T117/><D117/><U33/><E33/><V3/><F3/><W39/><G39/><AGARI ba="1,1" hai="39,40,46,49,50,54,58,60" m="42463,45611" machi="39" ten="30,8000,1" yaku="12,1,34,2,52,2" doraHai="57" who="0" fromWho="3" sc="245,93,275,0,245,0,225,-83" /><INIT seed="3,0,0,2,5,17" ten="338,275,245,142" oya="3" hai0="113,98,108,70,11,31,132,71,16,32,118,53,19" hai1="14,107,126,62,50,87,68,41,67,38,105,124,40" hai2="114,116,25,112,83,94,79,135,111,127,121,47,48" hai3="24,65,109,69,35,101,18,131,75,133,49,30,88"/><W99/><G75/><T55/><D118/><U10/><E38/><V103/><F116/><W34/><G133/><T76/><D132/><U26/><E26/><V90/><F135/><W64/><G131/><T45/><D76/><U44/><E87/><V37/><F111/><W102/><G109/><T42/><D108/><U36/><E41/><V74/><F127/><N who="1" m="48681" /><E36/><V28/><F103/><W43/><G35/><T20/><D113/><U12/><E12/><V29/><F37/><W3/><G3/><T58/><D98/><U39/><E39/><V80/><F80/><W129/><G129/><T60/><D55/><U86/><E86/><V134/><F29/><W84/><G18/><AGARI ba="0,0" hai="10,14,18,40,44,50,62,67,68,105,107" m="48681" machi="18" ten="30,1000,0" yaku="18,1" doraHai="17" who="1" fromWho="3" sc="338,0,275,10,245,0,142,-10" owari="338,43.8,285,8.5,245,-15.5,132,-36.8" /></mjloggm>