<mjloggm ver="2.3"><GO type="225" lobby="0"/><UN n0="%E7%99%BD%E6%97%A5%E9%9B%AA%E8%8F%9C" n1="%E3%81%BE%E3%81%A8%E3%81%9F" n2="%6B%69%72%61%64%6F%6B%69" n3="%33%74%72%65%65" dan="17,16,16,16" rate="2207.86,2159.47,2109.22,2179.03" sx="M,M,M,F"/><TAIKYOKU oya="0"/><INIT seed="0,0,0,2,5,127" ten="250,250,250,250" oya="0" hai0="14,129,126,37,92,73,108,22,86,57,72,103,45" hai1="104,43,9,48,51,41,17,11,124,19,122,112,128" hai2="33,23,15,130,47,63,10,54,8,133,36,125,5" hai3="66,12,90,52,56,29,107,67,110,100,20,93,46"/><T0/><D0/><U26/><E124/><V28/><F125/><W34/><G110/><T60/><D126/><U82/><E104/><V7/><F36/><W121/><G121/><T84/><D108/><U98/><E122/><V61/><F133/><W135/><G135/><T24/><D14/><U13/><E112/><V59/><F33/><W105/><G100/><T77/><D129/><U81/><E98/><V111/><F111/><W32/><G32/><T83/><D45/><U132/><E132/><V106/><F106/><W39/><G34/><T87/><D37/><U65/><E65/><V70/><F130/><W109/><G105/><T35/><D35/><U55/><E26/><N who="2" m="16479" /><F70/><W21/><G107/><T91/><D103/><U102/><E102/><V99/><F99/><N who="3" m="57783" /><G46/><T114/><D72/><U113/><E113/><V85/><F47/><W64/><G39/><T123/><D123/><U42/><E128/><V76/><F63/><N who="3" m="36231" /><G109/><T27/><D114/><U62/><E62/><V16/><F8/><W58/><G21/><T3/><D3/><U88/><E51/><V4/><F85/><W75/><G75/><T115/><D115/><U116/><E48/><V30/><F30/><W131/><G131/><T120/><D120/><U74/><E74/><V2/><F2/><W117/><G58/><T6/><D73/><U95/><E55/><V101/><F101/><W94/><G94/><T25/><D92/><U80/><E116/><V96/><F96/><W49/><G117/><T68/><D68/><U18/><E11/><V79/><AGARI ba="0,0" hai="4,5,7,10,15,16,54,59,61,76,79" m="16479" machi="79" ten="30,2000,0" yaku="8,1,54,1" doraHai="127" who="2" fromWho="2" sc="250,-10,250,-5,250,20,250,-5" /><INIT seed="1,0,0,5,2,86" ten="240,245,270,245" oya="1" hai0="107,66,28,96,35,101,53,104,119,45,70,17,82" hai1="30,76,95,5,44,87,36,52,80,59,75,24,26" hai2="39,83,93,12,25,65,124,69,99,60,131,121,64" hai3="85,47,46,126,15,1,57,110,34,71,7,113,112"/><U41/><E5/><V10/><F121/><W84/><G71/><T55/><D119/><U62/><REACH who="1" step="1"/><E30/><REACH who="1" ten="240,235,270,245" step="2"/><V67/><F131/><W42/><G7/><T79/><D17/><U108/><E108/><V61/><F124/><W54/><G110/><T105/><D28/><U133/><E133/><V115/><F115/><W132/><G132/><T106/><D35/><U50/><E50/><V29/><F39/><W90/><G34/><T33/><D33/><U32/><E32/><V37/><F37/><W88/><G126/><T72/><REACH who="0" step="1"/><D45/><REACH who="0" ten="230,235,270,245" step="2"/><U23/><E23/><V81/><F29/><W40/><G46/><T8/><D8/><U22/><E22/><V51/><F10/><W6/><G47/><T4/><D4/><U0/><E0/><V120/><F120/><W63/><G1/><T103/><D103/><U19/><E19/><V68/><F12/><W116/><G113/><T38/><D38/><U91/><AGARI ba="0,2" hai="24,26,36,41,44,52,59,62,75,76,80,87,91,95" machi="91" ten="30,12000,1" yaku="1,1,0,1,52,1,54,1,53,1" doraHai="86" doraHaiUra="56" who="1" fromWho="1" sc="230,-40,235,140,270,-40,245,-40" /><INIT seed="1,1,0,1,4,100" ten="190,375,230,205" oya="1" hai0="77,17,37,60,86,88,117,11,73,118,52,94,24" hai1="0,96,59,56,132,98,22,69,1,104,71,29,4" hai2="18,46,27,26,6,43,64,39,40,130,14,123,75" hai3="79,114,9,105,72,103,133,68,61,13,110,106,34"/><U2/><E4/><V25/><F123/><W16/><G114/><T134/><D37/><U91/><E132/><V50/><F75/><W65/><G133/><T7/><D134/><U121/><E91/><V70/><F130/><W44/><G110/><T83/><D24/><U85/><E85/><V19/><F70/><W10/><G103/><T127/><D17/><U97/><E104/><V119/><F119/><W49/><G34/><T93/><D127/><U32/><E32/><V135/><F64/><W120/><G120/><T47/><D94/><U58/><E121/><V35/><F35/><W21/><G79/><T90/><D90/><U67/><E67/><V112/><F112/><W62/><G62/><T84/><D73/><U31/><E22/><V115/><F115/><W76/><G76/><T3/><REACH who="0" step="1"/><D60/><REACH who="0" ten="180,375,230,205" step="2"/><U95/><E95/><V113/><F113/><W45/><G72/><T66/><D66/><U89/><E89/><V63/><F63/><W12/><G106/><T116/><D116/><U125/><E125/><V82/><F135/><W8/><G105/><T111/><D111/><U20/><E31/><V23/><F18/><W92/><G92/><T99/><D99/><U109/><E109/><V15/><F39/><W54/><REACH who="3" step="1"/><G13/><REACH who="3" ten="180,375,230,195" step="2"/><T101/><D101/><U131/><E0/><V74/><F14/><W129/><G129/><T53/><D53/><U124/><E131/><V36/><F15/><W80/><G80/><T78/><D78/><U102/><E124/><V128/><F128/><W108/><G108/><T48/><AGARI ba="1,2" hai="3,7,11,47,48,52,77,83,84,86,88,93,117,118" machi="48" ten="30,7900,0" yaku="1,1,0,1,54,2,53,0" doraHai="100" doraHaiUra="28" who="0" fromWho="0" sc="180,102,375,-40,230,-21,195,-21" /><INIT seed="2,0,0,4,0,111" ten="282,335,209,174" oya="2" hai0="5,37,49,18,17,38,112,131,31,91,55,85,94" hai1="40,20,3,105,118,28,56,86,101,68,46,4,15" hai2="19,29,95,83,54,16,25,122,114,88,89,78,110" hai3="84,32,74,117,134,50,10,124,135,27,41,120,36"/><V13/><F122/><W26/><G120/><T90/><D131/><U87/><E68/><V115/><F54/><W24/><G74/><T62/><D112/><U70/><E70/><V53/><F53/><W8/><G117/><T60/><D31/><U126/><E126/><V12/><F110/><W63/><G32/><T61/><D5/><U72/><E72/><V59/><F59/><W42/><G36/><T113/><D113/><U43/><E43/><N who="3" m="16394" /><G124/><T100/><D100/><U82/><E3/><V109/><F109/><W127/><G127/><T77/><D77/><U76/><E105/><V30/><F83/><W52/><G63/><T80/><D38/><U133/><E82/><V106/><F106/><W23/><G23/><T7/><D7/><U33/><E4/><V39/><F78/><W0/><G0/><T45/><REACH who="0" step="1"/><D37/><REACH who="0" ten="272,335,209,174" step="2"/><U57/><E76/><V108/><F39/><W66/><G135/><T103/><D103/><U79/><E79/><V125/><F108/><W121/><G134/><T48/><D48/><U69/><E133/><V21/><F125/><W1/><G50/><T99/><AGARI ba="0,1" hai="17,18,45,49,55,60,61,62,80,85,90,91,94,99" machi="99" ten="30,4000,0" yaku="1,1,0,1,8,1,53,0" doraHai="111" doraHaiUra="96" who="0" fromWho="0" sc="272,50,335,-10,209,-20,174,-10" /><INIT seed="3,0,0,5,3,5" ten="322,325,189,164" oya="3" hai0="52,135,84,90,3,134,91,35,9,41,73,101,80" hai1="112,69,130,8,58,115,62,28,114,119,24,68,53" hai2="81,106,133,4,94,117,14,38,65,102,44,33,105" hai3="31,128,122,37,49,55,36,76,98,129,116,125,107"/><W126/><G122/><T124/><D35/><U89/><E89/><BYE who="1" /><V11/><F117/><W45/><G116/><T87/><D124/><N who="3" m="47721" /><G31/><T16/><D73/><U27/><E27/><V30/><F133/><N who="0" m="50698" /><D41/><UN n1="%E3%81%BE%E3%81%A8%E3%81%9F" /><U104/><E104/><V113/><F113/><W42/><G76/><T18/><D101/><U100/><E100/><V77/><F65/><W60/><G107/><T92/><D52/><U50/><E50/><V56/><F56/><N who="3" m="34847" /><G98/><T93/><D93/><U21/><E119/><V63/><F94/><W40/><G40/><T111/><D111/><U70/><E130/><AGARI ba="0,0" hai="36,37,42,45,49,128,129,130" m="34847,47721" machi="130" ten="30,11600,0" yaku="19,1,18,1,34,2" doraHai="5" who="3" fromWho="1" sc="322,0,325,-116,189,0,164,116" /><INIT seed="3,1,0,5,1,9" ten="322,209,189,280" oya="3" hai0="22,68,130,36,60,83,38,72,10,128,8,17,121" hai1="107,126,59,6,40,65,39,108,78,122,20,48,89" hai2="127,81,47,62,100,64,46,85,114,11,50,91,58" hai3="71,99,67,86,116,93,132,29,80,106,101,37,118"/><W73/><G37/><T70/><D121/><U61/><E107/><V14/><F114/><W69/><G29/><T109/><D109/><U74/><E122/><V21/><F127/><W1/><G1/><T95/><D95/><U87/><E126/><V27/><F100/><W84/><G69/><T15/><D38/><U0/><E74/><V7/><F50/><W96/><G67/><N who="0" m="41063" /><D36/><U52/><E78/><V45/><F45/><W56/><G56/><T76/><D70/><U134/><E134/><V33/><F33/><W5/><G5/><T133/><D133/><U119/><E6/><V24/><F24/><W41/><G41/><T3/><D3/><U44/><E0/><V117/><F117/><W135/><G71/><T77/><D77/><U124/><E119/><N who="3" m="45610" /><G73/><T19/><D19/><AGARI ba="1,0" hai="7,11,14,19,21,27,46,47,58,62,64,81,85,91" machi="19" ten="30,3900,0" yaku="7,1,8,1,52,1" doraHai="9" who="2" fromWho="0" sc="322,-42,209,0,189,42,280,0" /><INIT seed="4,0,0,3,4,93" ten="280,209,231,280" oya="0" hai0="73,120,30,61,57,37,66,123,23,11,121,50,29" hai1="20,45,118,13,33,8,22,105,106,132,87,125,94" hai2="35,104,19,115,72,34,97,25,46,53,41,1,18" hai3="52,90,14,63,38,126,108,109,31,128,70,16,133"/><T28/><D37/><U80/><E118/><V5/><F72/><W101/><G38/><T40/><D73/><U110/><E33/><V51/><F1/><W58/><G133/><T60/><D11/><U44/><E132/><V62/><F5/><W32/><G126/><T0/><D0/><U17/><E110/><V85/><F115/><W114/><G114/><T89/><D89/><U100/><E105/><V42/><F85/><W117/><G117/><T124/><D124/><U134/><E106/><V116/><F116/><W102/><G128/><T65/><D23/><U36/><E125/><V99/><F104/><W127/><G127/><T12/><D12/><U56/><E134/><V59/><F34/><W92/><G70/><T79/><D79/><U6/><E22/><N who="2" m="13527" /><F35/><W10/><G109/><T135/><D135/><U26/><E56/><V21/><F41/><W96/><G108/><T77/><D77/><U76/><REACH who="1" step="1"/><E36/><REACH who="1" ten="280,199,231,280" step="2"/><V54/><F42/><W119/><G119/><T98/><D40/><U64/><E64/><V39/><F39/><W81/><G32/><T47/><D66/><U7/><E7/><V68/><F68/><W95/><G58/><T103/><D57/><U130/><E130/><V88/><F59/><W15/><G63/><T4/><D65/><U55/><E55/><V107/><F107/><W78/><G52/><N who="0" m="29791" /><D4/><U75/><E75/><V71/><F71/><W2/><G10/><T84/><D61/><U3/><E3/><V69/><F62/><W122/><G2/><T112/><D60/><U43/><E43/><N who="2" m="25055" /><F69/><W131/><G131/><T67/><D67/><RYUUKYOKU ba="0,1" sc="280,-10,199,30,231,-10,280,-10" hai1="6,8,13,17,20,26,44,45,76,80,87,94,100" /><INIT seed="5,1,1,0,3,78" ten="270,229,221,270" oya="1" hai0="87,102,49,129,123,66,98,53,46,106,91,59,39" hai1="55,118,38,14,32,31,63,50,19,22,48,89,36" hai2="67,111,72,90,125,107,34,76,44,103,71,27,18" hai3="131,69,82,133,25,117,35,28,104,126,94,128,85"/><U10/><E118/><V21/><F111/><W8/><G117/><T105/><D129/><N who="3" m="49737" /><G104/><T5/><D123/><U29/><E36/><V110/><F110/><W62/><G133/><T41/><D5/><N who="1" m="3407" /><E38/><V24/><F125/><W43/><G126/><T64/><REACH who="0" step="1"/><D105/><REACH who="0" ten="260,229,221,270" step="2"/><U92/><E32/><V40/><F107/><W15/><G35/><T112/><D112/><U80/><E63/><V12/><F34/><W113/><G62/><T75/><D75/><U3/><E3/><V37/><F103/><W115/><G115/><T2/><D2/><U9/><E9/><V7/><F7/><W95/><G113/><T52/><D52/><U57/><E55/><V30/><F30/><W60/><G8/><T13/><D13/><U101/><E31/><V1/><F1/><W135/><G15/><T4/><D4/><U47/><E29/><V42/><F40/><W114/><G43/><T68/><D68/><U56/><E47/><V84/><F71/><W109/><G109/><T116/><D116/><U23/><E56/><V79/><F67/><N who="3" m="41191" /><G114/><T134/><D134/><U58/><E57/><V61/><F72/><W81/><G28/><T99/><D99/><N who="1" m="59623" /><E58/><V77/><REACH who="2" step="1"/><F61/><REACH who="2" ten="260,229,211,270" step="2"/><W65/><G135/><T93/><AGARI ba="1,3" hai="39,41,46,49,53,59,64,66,87,91,93,98,102,106" machi="93" ten="20,2700,0" yaku="1,1,0,1,7,1,53,0" doraHai="78" doraHaiUra="26" who="0" fromWho="0" sc="260,60,229,-14,211,-8,270,-8" owari="320,42.0,215,-18.5,203,-29.7,262,6.2" /></mjloggm>