<mjloggm ver="2.3"><GO type="225" lobby="0"/><UN n0="%E3%81%99%E3%81%84%E3%81%BE%E3%81%9B%E3%83%BC%E3%82%93" n1="%33%73%74%72%69%6B%65%73" n2="%4D%50%43%32%38%30%30" n3="%E2%91%A3%E9%81%BF%E9%81%8A%E6%88%AF%E3%80%90%E6%9D%B1%E5%8D%97%E3%80%91" dan="16,16,16,16" rate="2153.34,2114.58,2081.36,2116.16" sx="M,M,M,M"/><TAIKYOKU oya="0"/><INIT seed="0,0,0,5,3,45" ten="250,250,250,250" oya="0" hai0="28,70,122,128,15,107,84,106,74,37,105,56,59" hai1="55,8,20,19,111,44,10,101,2,30,64,114,109" hai2="116,86,17,85,99,113,87,110,123,65,51,93,52" hai3="91,35,33,81,31,73,127,100,36,71,78,63,121"/><T13/><D122/><U72/><E72/><V69/><F123/><W94/><G121/><T102/><D74/><U9/><E114/><V76/><F113/><W131/><G36/><T120/><D120/><U12/><E64/><V112/><F112/><W25/><G127/><T61/><D37/><U92/><E30/><V7/><F110/><N who="1" m="41993" /><E2/><V133/><F133/><W29/><G131/><T130/><D102/><U49/><E92/><V119/><F7/><W38/><G38/><T34/><D84/><U48/><E101/><V14/><F76/><W89/><G100/><T83/><D83/><U98/><E98/><V46/><F69/><W80/><G80/><T32/><D70/><U75/><E75/><V21/><REACH who="2" step="1"/><F65/><REACH who="2" ten="250,250,240,250" step="2"/><W24/><G94/><T67/><D67/><AGARI ba="0,1" hai="24,25,29,31,33,35,63,67,71,73,78,81,89,91" machi="67" ten="40,1300,0" yaku="9,1" doraHai="45" who="3" fromWho="0" sc="250,-13,250,0,240,0,250,23" /><INIT seed="1,0,0,4,2,26" ten="237,250,240,273" oya="1" hai0="42,98,77,118,84,10,6,11,74,52,132,117,129" hai1="133,92,103,8,24,23,43,105,85,35,48,99,27" hai2="28,123,78,96,32,18,130,101,36,134,71,100,9" hai3="81,45,5,63,109,79,40,70,88,108,14,38,62"/><U12/><E133/><V41/><F123/><W111/><G70/><T76/><D132/><U30/><E85/><V91/><F134/><W121/><G121/><T114/><D114/><U17/><E105/><V115/><F71/><W4/><G88/><T7/><D74/><U59/><E59/><V3/><F78/><W127/><G127/><T122/><D122/><U61/><E61/><N who="3" m="23050" /><G14/><T19/><D42/><U58/><E58/><V135/><F135/><W60/><N who="3" m="23058" /><W72/><AGARI ba="0,0" hai="4,5,38,40,45,72,79,81,108,109,111" m="23058" machi="72" ten="40,2700,0" yaku="4,1,14,1" doraHai="26" who="3" fromWho="3" sc="237,-7,250,-13,240,-7,273,27" /><INIT seed="2,0,0,0,1,91" ten="230,237,233,300" oya="2" hai0="97,123,96,62,33,68,55,69,124,112,83,23,94" hai1="1,15,48,51,105,118,9,115,66,53,27,37,111" hai2="67,50,63,6,129,98,38,5,87,108,117,134,36" hai3="88,135,107,106,72,3,43,75,56,65,41,93,12"/><V10/><F117/><W77/><G3/><T109/><D123/><U120/><E115/><V54/><F134/><W17/><G135/><T26/><D112/><U34/><E118/><V47/><F129/><W16/><G65/><T73/><D33/><U40/><E105/><V57/><F87/><W2/><G2/><T19/><D124/><U89/><E1/><V133/><F133/><W128/><G56/><N who="0" m="35103" /><D97/><U80/><E111/><V39/><F108/><W130/><G77/><N who="0" m="44463" /><D109/><U103/><E103/><V18/><F18/><W24/><G12/><T31/><D31/><U84/><E66/><V99/><REACH who="2" step="1"/><F6/><REACH who="2" ten="230,237,223,300" step="2"/><W113/><G113/><T61/><D61/><U25/><E84/><V101/><F101/><W79/><G17/><T70/><D70/><U28/><E120/><V45/><F45/><W131/><G16/><T64/><D64/><U13/><E28/><V30/><F30/><W7/><G7/><T8/><D8/><U126/><E9/><V86/><F86/><N who="3" m="52375" /><G24/><T100/><D69/><U59/><E27/><V102/><F102/><W14/><G14/><AGARI ba="0,1" hai="5,10,14,36,38,39,47,50,54,57,63,67,98,99" machi="14" ten="40,2000,0" yaku="1,1,53,0" doraHai="91" doraHaiUra="110" who="2" fromWho="3" sc="230,0,237,0,223,30,300,-20" /><INIT seed="2,1,0,4,4,14" ten="230,237,253,280" oya="2" hai0="33,24,61,1,88,27,118,75,98,81,83,17,128" hai1="77,57,104,51,126,112,85,67,16,36,76,102,69" hai2="108,92,38,65,134,3,31,30,68,72,29,21,117" hai3="70,87,37,127,11,56,2,105,135,40,73,12,99"/><V63/><F117/><W45/><G127/><T120/><D120/><U91/><E112/><V28/><F72/><W32/><G135/><T25/><D1/><U95/><E36/><V119/><F119/><W113/><G113/><T133/><D118/><U9/><E69/><V66/><F134/><W114/><G114/><T109/><D133/><U6/><E126/><V62/><F3/><W80/><G70/><T4/><D4/><U53/><E67/><V55/><F38/><W94/><G105/><T46/><D128/><U78/><E104/><V106/><F106/><W123/><G32/><T96/><D109/><U107/><E107/><V58/><F108/><W71/><G123/><T122/><D122/><U19/><REACH who="1" step="1"/><E102/><REACH who="1" ten="230,227,253,280" step="2"/><V93/><F66/><W52/><G71/><T110/><D110/><U100/><E100/><V90/><F90/><W124/><G124/><T59/><D88/><U60/><E60/><V48/><F63/><W13/><G37/><T10/><D61/><U49/><E49/><V125/><F125/><W5/><G40/><T8/><D33/><U50/><E50/><V89/><F89/><W130/><G130/><T86/><D59/><U74/><E74/><V121/><F121/><W41/><G73/><T64/><D64/><U39/><E39/><V101/><F101/><N who="3" m="60663" /><G41/><T97/><D75/><U34/><E34/><V103/><F103/><W26/><G56/><T15/><D46/><U132/><E132/><V42/><F42/><W22/><G45/><T79/><D83/><U82/><E82/><V116/><F116/><W20/><G80/><T0/><D98/><RYUUKYOKU ba="1,1" sc="230,10,227,10,253,10,280,-30" hai0="0,8,10,15,17,24,25,27,79,81,86,96,97" hai1="6,9,16,19,51,53,57,76,77,78,85,91,95" hai2="21,28,29,30,31,48,55,58,62,65,68,92,93" /><INIT seed="2,2,1,2,5,29" ten="240,237,263,250" oya="2" hai0="107,116,38,2,20,30,77,45,0,115,102,74,86" hai1="84,98,124,89,92,42,19,106,44,128,110,99,131" hai2="14,79,56,28,12,68,118,31,80,66,18,1,6" hai3="52,109,88,34,126,90,27,103,123,85,26,134,22"/><V9/><F68/><W111/><G123/><T41/><D115/><U125/><E19/><V35/><F118/><W100/><G134/><T76/><D116/><U40/><E110/><N who="3" m="41994" /><G126/><N who="1" m="48746" /><E42/><V64/><F1/><W133/><G133/><T43/><D43/><U97/><E106/><V129/><F129/><N who="1" m="49737" /><E40/><V59/><F35/><W50/><G34/><T36/><D36/><U21/><E21/><N who="2" m="11463" /><F31/><N who="3" m="17879" /><G27/><T127/><D127/><U47/><AGARI ba="2,1" hai="44,47,84,89,92,97,98,99" m="49737,48746" machi="47" ten="40,2700,0" yaku="18,1,19,1" doraHai="29" who="1" fromWho="1" sc="240,-9,237,43,263,-15,250,-9" /><INIT seed="3,0,0,2,3,58" ten="231,280,248,241" oya="3" hai0="91,130,41,44,92,5,11,54,107,52,26,62,82" hai1="64,111,34,120,51,79,112,63,88,86,30,132,117" hai2="101,67,110,81,73,12,104,102,10,49,85,108,105" hai3="13,75,8,84,115,109,40,93,116,46,121,96,128"/><W23/><G121/><T33/><D107/><N who="2" m="41034" /><F49/><W53/><G116/><T59/><D130/><U42/><E120/><V80/><F67/><W76/><G128/><T69/><D69/><U57/><E112/><V37/><F37/><W50/><G115/><T134/><D82/><N who="2" m="31850" /><F73/><W17/><G75/><T15/><D134/><U66/><E132/><V83/><F12/><W39/><G109/><N who="2" m="42089" /><F10/><W126/><G76/><AGARI ba="0,0" hai="76,83,85,101,102" m="42089,31850,41034" machi="76" ten="30,3900,0" yaku="14,1,34,2" doraHai="58" who="2" fromWho="3" sc="231,0,280,0,248,39,241,-39" /><INIT seed="4,0,0,5,2,88" ten="231,280,287,202" oya="0" hai0="66,68,45,52,55,103,44,57,43,79,124,91,83" hai1="65,67,104,58,53,15,37,24,133,92,12,77,39" hai2="118,31,72,10,23,29,69,28,30,125,75,119,81" hai3="4,27,129,105,56,26,5,18,112,33,111,22,132"/><T70/><D124/><U95/><E104/><V106/><F69/><N who="0" m="26730" /><D91/><U42/><E133/><V130/><F125/><W107/><G111/><T35/><D83/><U47/><E39/><V21/><F130/><W96/><G132/><T38/><D79/><U94/><E77/><N who="2" m="44199" /><F75/><W108/><G108/><T100/><D35/><U49/><E24/><V59/><F106/><W114/><G129/><T126/><D103/><U93/><E93/><V3/><N who="2" m="7168" /><DORA hai="97" /><V34/><F59/><W113/><G27/><T110/><D100/><U17/><REACH who="1" step="1"/><E15/><REACH who="1" ten="231,270,287,202" step="2"/><V85/><F34/><W36/><G33/><T8/><D126/><U99/><E99/><V51/><F118/><W25/><G26/><T7/><D110/><U9/><AGARI ba="0,1" hai="9,12,17,37,42,47,49,53,58,65,67,92,94,95" machi="9" ten="30,8000,1" yaku="1,1,0,1,52,3,53,0" doraHai="88,97" doraHaiUra="74,123" who="1" fromWho="1" sc="231,-40,270,90,287,-20,202,-20" owari="191,-20.9,360,46.0,267,6.7,182,-31.8" /></mjloggm>