<mjloggm ver="2.3"><GO type="225" lobby="0"/><UN n0="%E6%B8%A9%E2%98%85%E6%83%85%E2%98%85%E6%8E%AA%E2%98%85%E7%BD%AE" n1="%E3%81%B5%E3%81%98%E3%81%8B%E3%81%A4" n2="%E9%80%86%E9%80%A3%E5%B8%AF%E3%81%AE%E9%AC%BC" n3="%E6%9D%B1%E9%A2%A8%E3%81%AE%E3%81%8D%E3%82%83%E3%81%B7%E3%81%95%E3%82%93" dan="18,17,16,17" rate="2216.54,2222.75,2169.62,2205.39" sx="M,M,M,M"/><TAIKYOKU oya="0"/><INIT seed="0,0,0,2,2,18" ten="250,250,250,250" oya="0" hai0="125,36,135,12,74,89,112,29,32,46,82,73,15" hai1="61,96,94,129,67,127,39,24,105,132,60,130,40" hai2="124,100,97,81,51,23,63,21,113,28,68,95,121" hai3="103,65,92,56,91,7,86,79,128,30,11,17,83"/><T66/><D112/><U9/><E105/><V88/><F121/><W41/><G128/><T52/><D135/><U44/><E132/><V35/><F113/><W119/><G119/><T59/><D125/><U64/><E127/><V111/><F111/><W120/><G120/><T34/><D66/><U93/><E9/><V42/><F124/><W1/><G41/><T45/><D36/><U108/><E108/><V117/><F117/><W38/><G103/><T122/><D122/><U4/><E4/><V71/><F35/><W116/><G116/><T16/><D15/><U57/><E24/><V58/><F71/><W26/><G17/><T13/><D13/><U123/><E123/><V126/><F68/><W10/><G38/><T109/><D109/><U49/><E39/><V85/><F28/><W19/><G19/><T50/><D46/><U134/><E134/><V27/><F27/><W90/><G11/><N who="0" m="6175" /><D59/><N who="1" m="36895" /><E96/><V114/><F114/><W77/><G56/><T0/><D0/><U110/><E110/><V8/><F8/><W76/><G65/><T106/><D106/><U14/><E14/><V20/><F126/><W84/><G76/><T37/><D37/><U78/><E78/><V54/><F42/><W131/><G131/><AGARI ba="0,0" hai="40,44,49,57,61,67,93,94,129,130,131" m="36895" machi="131" ten="30,1000,0" yaku="19,1" doraHai="18" who="1" fromWho="3" sc="250,0,250,10,250,0,250,-10" /><INIT seed="1,0,0,5,2,111" ten="250,260,250,240" oya="1" hai0="0,47,38,1,125,70,83,55,58,123,121,86,80" hai1="10,76,113,68,3,33,101,48,91,41,54,106,73" hai2="44,22,17,102,31,103,34,13,77,23,50,5,32" hai3="2,98,53,130,46,27,93,75,63,7,11,90,72"/><U60/><E41/><V116/><F116/><W100/><G130/><T105/><D105/><U99/><E33/><V114/><F114/><W74/><G27/><T26/><D125/><U57/><E113/><V89/><F77/><W59/><G46/><T110/><D110/><U12/><E3/><V78/><F78/><W88/><AGARI ba="0,0" hai="2,7,11,53,59,63,72,74,75,88,90,93,98,100" machi="88" ten="40,2700,0" yaku="0,1,54,1" doraHai="111" who="3" fromWho="3" sc="250,-7,260,-13,250,-7,240,27" /><INIT seed="2,0,0,5,0,73" ten="243,247,243,267" oya="2" hai0="72,58,95,9,24,35,94,41,105,99,118,111,109" hai1="106,79,1,69,15,20,101,64,31,21,116,22,26" hai2="129,32,39,62,87,68,2,59,71,42,49,44,127" hai3="16,17,55,57,25,125,51,82,114,0,90,102,52"/><V78/><F32/><W56/><G0/><T10/><D72/><U103/><E116/><V92/><F2/><W89/><G114/><T96/><D41/><U3/><E79/><V28/><F129/><W63/><G125/><T19/><D118/><U34/><E15/><V8/><F127/><W48/><G102/><N who="0" m="62687" /><D58/><U104/><E103/><V40/><F28/><W81/><G25/><T132/><D132/><U23/><N who="1" m="5120" /><DORA hai="45" /><U107/><REACH who="1" step="1"/><E101/><REACH who="1" ten="243,237,243,267" step="2"/><V108/><F8/><W86/><G63/><AGARI ba="0,1" hai="1,3,26,31,34,63,64,69,104,106,107" m="5120" machi="63" ten="60,3900,0" yaku="1,1,2,1,53,0" doraHai="73,45" doraHaiUra="74,120" who="1" fromWho="3" sc="243,0,237,49,243,0,267,-39" /><INIT seed="3,0,0,0,1,50" ten="243,286,243,228" oya="3" hai0="59,66,41,4,120,53,32,75,132,89,112,95,101" hai1="113,118,6,76,90,98,80,94,44,116,16,22,52" hai2="30,70,43,97,123,133,31,67,2,40,61,103,25" hai3="1,88,83,7,19,17,69,51,68,91,11,87,84"/><W93/><REACH who="3" step="1"/><G51/><REACH who="3" ten="243,286,243,218" step="2"/><T49/><D49/><N who="1" m="28711" /><E113/><V104/><F43/><W121/><G121/><T3/><D41/><U12/><E118/><V8/><F123/><W85/><G85/><T131/><D112/><U108/><E116/><V18/><F40/><W71/><AGARI ba="0,1" hai="1,7,11,17,19,68,69,71,83,84,87,88,91,93" machi="71" ten="30,11700,0" yaku="21,2,0,1,54,1,53,0" doraHai="50" doraHaiUra="122" who="3" fromWho="3" sc="243,-39,286,-39,243,-39,218,127" owari="204,-19.6,247,4.7,204,-29.6,345,44.5" /></mjloggm>