<mjloggm ver="2.3"><GO type="225" lobby="0"/><UN n0="%E5%8F%AF%E5%85%90%E9%82%A3%E7%94%B1%E5%A4%9A" n1="%E5%B0%8F%E9%B3%A5%E9%81%8A%E7%B7%B4%E7%84%A1%32%31%E6%AD%B3" n2="%72%61%6B%33" n3="%E3%82%BC%E3%83%AB%E3%83%80%E3%81%AE%E4%BC%9D%E8%AA%AC" dan="17,16,16,17" rate="2148.49,2152.67,2036.79,2153.68" sx="F,F,M,M"/><TAIKYOKU oya="0"/><INIT seed="0,0,0,0,1,43" ten="250,250,250,250" oya="0" hai0="21,36,53,60,131,76,79,46,89,80,0,118,107" hai1="134,29,38,19,52,62,7,9,133,109,40,64,10" hai2="102,75,18,63,110,132,85,59,78,130,2,41,122" hai3="32,90,22,15,86,125,27,66,67,12,17,112,4"/><T54/><D118/><U51/><E29/><V73/><F122/><W20/><G125/><T84/><D0/><U81/><E109/><V127/><F110/><W8/><G112/><T106/><D131/><U91/><E19/><V113/><F113/><W35/><G35/><T56/><D21/><U50/><E10/><V103/><F132/><N who="1" m="50793" /><E51/><V120/><F120/><W95/><REACH who="3" step="1"/><G32/><REACH who="3" ten="250,250,250,240" step="2"/><T58/><D107/><U11/><E7/><V39/><F127/><W101/><G101/><T116/><D106/><U97/><E38/><V65/><F39/><W83/><G83/><T99/><D116/><U1/><E81/><V93/><F103/><W16/><AGARI ba="0,1" hai="4,8,12,15,16,17,20,22,27,66,67,86,90,95" machi="16" ten="20,8000,1" yaku="1,1,0,1,7,1,8,1,54,1,53,0" doraHai="43" doraHaiUra="92" who="3" fromWho="3" sc="250,-40,250,-20,250,-20,240,90" /><INIT seed="1,0,0,5,0,120" ten="210,230,230,330" oya="1" hai0="60,29,103,118,135,84,33,0,126,62,45,122,43" hai1="18,28,104,97,114,123,16,108,3,95,20,79,129" hai2="106,23,1,130,98,58,109,26,47,89,66,73,86" hai3="41,19,48,52,31,40,39,107,81,22,77,100,105"/><U110/><E123/><V94/><F1/><W115/><G115/><T4/><D122/><U111/><E114/><V14/><F130/><W42/><G39/><T8/><D118/><U74/><E104/><V7/><F73/><W131/><G31/><T124/><D135/><U10/><E129/><V56/><F109/><W83/><G131/><T113/><D113/><U27/><E79/><V25/><F106/><W93/><G83/><T101/><D84/><U30/><E74/><V5/><F47/><W117/><G93/><T61/><D29/><U9/><E9/><V75/><F75/><W50/><G50/><T59/><D59/><U67/><E67/><V88/><F25/><W127/><G127/><N who="0" m="48683" /><D33/><U11/><E11/><N who="2" m="4463" /><F7/><W91/><G91/><T76/><D76/><U53/><E53/><V6/><F6/><W21/><G21/><T132/><D132/><U128/><E128/><V57/><F66/><W134/><G100/><T90/><D90/><N who="1" m="55543" /><E3/><V46/><F46/><W68/><G117/><T15/><D0/><U92/><E92/><N who="2" m="56591" /><F57/><N who="3" m="32903" /><G68/><T87/><D87/><U99/><E99/><V85/><F85/><N who="3" m="48303" /><G134/><T70/><D70/><U72/><E72/><V44/><F44/><W38/><G107/><T54/><D54/><U55/><E55/><V112/><F112/><W125/><G105/><T49/><AGARI ba="0,0" hai="4,8,15,43,45,49,60,61,62,101,103" m="48683" machi="49" ten="30,1100,0" yaku="18,1" doraHai="120" who="0" fromWho="0" sc="210,11,230,-5,230,-3,330,-3" /><INIT seed="2,0,0,2,1,120" ten="221,225,227,327" oya="2" hai0="11,44,18,130,118,21,72,47,58,4,68,101,107" hai1="96,50,60,116,35,46,54,91,105,93,83,2,57" hai2="66,100,102,10,12,64,32,109,5,16,0,63,70" hai3="75,121,126,135,124,36,53,28,62,33,6,106,30"/><V87/><F66/><W13/><G121/><T119/><D68/><U78/><E116/><N who="0" m="44585" /><D72/><U104/><E2/><V41/><F109/><W56/><G135/><T34/><D34/><U49/><E35/><V24/><F41/><W110/><G110/><T43/><D130/><U29/><E29/><N who="2" m="19495" /><F87/><W27/><G75/><T17/><D58/><U103/><E49/><V52/><F52/><W77/><G28/><T38/><D47/><U134/><E134/><V125/><F125/><N who="3" m="48235" /><G77/><T81/><D81/><U22/><E22/><AGARI ba="0,0" hai="0,5,10,12,16,22,63,64,70,100,102" m="19495" machi="22" ten="30,2900,0" yaku="24,1,54,1" doraHai="120" who="2" fromWho="1" sc="221,0,225,-29,227,29,327,0" /><INIT seed="2,1,0,2,1,98" ten="221,196,256,327" oya="2" hai0="75,107,47,89,88,30,49,45,26,29,9,55,46" hai1="84,5,87,123,3,106,108,32,93,104,103,18,64" hai2="11,71,54,102,51,116,31,105,37,39,94,43,35" hai3="120,63,40,60,19,52,101,6,128,65,21,135,2"/><V48/><F116/><W34/><G120/><T111/><D75/><U112/><E112/><V83/><F71/><W56/><G34/><T90/><D107/><U76/><E123/><V0/><F105/><W74/><G74/><T114/><D114/><U95/><E64/><V125/><F125/><W33/><G33/><T12/><D111/><U96/><E32/><V66/><F66/><W110/><G110/><T14/><D14/><U44/><E18/><V59/><F83/><W86/><G135/><T68/><D68/><U41/><E108/><V130/><F130/><W72/><G72/><T100/><D100/><U7/><E3/><V129/><F129/><W36/><G101/><T23/><REACH who="0" step="1"/><D30/><REACH who="0" ten="211,196,256,327" step="2"/><U70/><E106/><V81/><F102/><W99/><G128/><T58/><D58/><U117/><E70/><V73/><F73/><W92/><G56/><T82/><D82/><N who="1" m="47175" /><E104/><V25/><F81/><W119/><G2/><T17/><AGARI ba="1,1" hai="9,12,17,23,26,29,45,46,47,49,55,88,89,90" machi="17" ten="30,8000,1" yaku="1,1,0,1,8,1,54,1,53,1" doraHai="98" doraHaiUra="13" who="0" fromWho="0" sc="211,93,196,-21,256,-41,327,-21" /><INIT seed="3,0,0,5,0,19" ten="304,175,215,306" oya="3" hai0="121,36,29,116,67,62,134,90,65,58,2,33,48" hai1="32,53,68,100,28,74,15,122,7,106,45,120,135" hai2="20,133,129,84,52,91,105,72,79,112,124,21,40" hai3="5,16,78,119,35,30,41,37,82,13,18,86,127"/><W81/><G119/><T114/><D116/><U14/><E68/><V123/><F112/><W85/><G127/><T6/><D121/><U3/><E74/><V103/><F123/><W101/><G35/><T46/><D36/><U126/><E122/><V75/><F124/><W102/><G30/><T88/><D67/><U8/><E120/><V10/><F40/><W95/><G41/><T27/><D134/><U49/><E126/><V44/><F133/><W125/><G37/><T42/><REACH who="0" step="1"/><D114/><REACH who="0" ten="294,175,215,306" step="2"/><U83/><E135/><V9/><F129/><W69/><G125/><T97/><D97/><U111/><E111/><V80/><F75/><W47/><G69/><T110/><D110/><U31/><E31/><V108/><F108/><W99/><G47/><T76/><D76/><U55/><E28/><V17/><F79/><N who="3" m="46271" /><G101/><T61/><D61/><U131/><E32/><V77/><F77/><W109/><G109/><T64/><D64/><U107/><E131/><V12/><F72/><W130/><G130/><T93/><D93/><U71/><E71/><V0/><F103/><W96/><G96/><T70/><D70/><U60/><E100/><V113/><F113/><W38/><G38/><T24/><D24/><U59/><REACH who="1" step="1"/><E83/><REACH who="1" ten="294,165,215,306" step="2"/><V63/><F80/><W43/><G102/><T51/><D51/><U89/><E89/><V11/><F91/><W128/><G128/><T92/><D92/><U26/><E26/><V117/><F117/><W50/><G95/><T115/><D115/><U23/><E23/><V94/><F21/><W1/><G82/><T25/><D25/><U39/><E39/><RYUUKYOKU ba="0,2" sc="294,15,165,15,215,-15,306,-15" hai0="2,6,27,29,33,42,46,48,58,62,65,88,90" hai1="3,7,8,14,15,45,49,53,55,59,60,106,107" owari="329,42.9,180,-32.0,200,-20.0,291,9.1" /></mjloggm>