<mjloggm ver="2.3"><GO type="225" lobby="0"/><UN n0="%E3%81%B5%E3%81%98%E3%81%8B%E3%81%A4" n1="%E6%B8%A9%E2%98%85%E6%83%85%E2%98%85%E6%8E%AA%E2%98%85%E7%BD%AE" n2="%E7%99%BD%E6%97%A5%E9%9B%AA%E8%8F%9C" n3="%E8%BE%9B%E5%8F%A3%E3%82%AB%E3%83%AC%E3%83%BC%E3%83%A9%E3%82%A4%E3%82%B9" dan="17,18,17,17" rate="2210.66,2190.93,2213.53,2265.57" sx="M,M,M,M"/><TAIKYOKU oya="0"/><INIT seed="0,0,0,2,4,126" ten="250,250,250,250" oya="0" hai0="82,8,129,103,109,61,5,15,80,93,110,4,39" hai1="77,68,13,84,134,17,41,56,100,94,89,114,36" hai2="45,52,106,54,131,43,97,78,91,31,101,127,58" hai3="53,117,16,1,67,133,49,26,63,33,130,11,71"/><T23/><D39/><U7/><E134/><V121/><F127/><W76/><G117/><T73/><D5/><U72/><E68/><V74/><F121/><W35/><G133/><T96/><D73/><U38/><E114/><V62/><F31/><W99/><G76/><T32/><D32/><U2/><E41/><V113/><F113/><W98/><G1/><T115/><D115/><U132/><E132/><V51/><F131/><W65/><G65/><T66/><D23/><U87/><E72/><V70/><F70/><W118/><G118/><T59/><REACH who="0" step="1"/><D129/><REACH who="0" ten="240,250,250,250" step="2"/><U81/><E7/><V9/><F9/><W135/><G135/><T119/><D119/><U6/><E6/><V25/><F25/><W92/><G130/><T102/><D102/><U55/><E100/><V27/><F27/><W64/><G26/><T30/><D30/><U112/><E112/><V28/><F28/><W108/><G33/><T50/><D50/><U111/><E2/><V18/><F18/><W12/><G35/><T24/><D24/><U79/><E38/><V104/><F74/><W90/><G108/><AGARI ba="0,1" hai="4,8,15,59,61,66,80,82,93,96,103,108,109,110" machi="108" ten="40,7700,0" yaku="1,1,14,1,10,1,53,0" doraHai="126" doraHaiUra="29" who="0" fromWho="3" sc="240,87,250,0,250,0,250,-77" /><INIT seed="0,1,0,4,5,121" ten="327,250,250,173" oya="0" hai0="10,18,102,37,126,66,108,122,80,79,29,12,25" hai1="8,35,19,120,105,71,91,51,101,65,78,104,86" hai2="119,103,14,52,107,130,60,40,76,39,70,44,21" hai3="113,97,33,87,38,58,111,129,114,125,17,75,36"/><T99/><D122/><U69/><E35/><V23/><F130/><W117/><G33/><T61/><D126/><U11/><E120/><V124/><F124/><W63/><G75/><T73/><D37/><N who="3" m="14441" /><G87/><T56/><D108/><U34/><E34/><V96/><F119/><W26/><G97/><T110/><D110/><U131/><E78/><V93/><F76/><W88/><G88/><T0/><D0/><U27/><E51/><V62/><F107/><W4/><G17/><T3/><D3/><U7/><E19/><V41/><F41/><W118/><G26/><T109/><D109/><U135/><E27/><V16/><F70/><W89/><G89/><T128/><D128/><U1/><E131/><V132/><F132/><W13/><G13/><T6/><D25/><U20/><E135/><V84/><F23/><W5/><G129/><T85/><D29/><U57/><E20/><V115/><F115/><N who="3" m="44043" /><G125/><T100/><D100/><U50/><E11/><V46/><F84/><W64/><G111/><T90/><D18/><U127/><E127/><V28/><F28/><W32/><G32/><T112/><D112/><U81/><E101/><V92/><F92/><W77/><G77/><T123/><D123/><U72/><E72/><V55/><F44/><W2/><G2/><T43/><D43/><U49/><E105/><V15/><F15/><W95/><G95/><N who="0" m="58751" /><D73/><U42/><E104/><V48/><F39/><W67/><G67/><N who="0" m="39335" /><D79/><U134/><E134/><V59/><F40/><W83/><G83/><T116/><D66/><U68/><E42/><V22/><F22/><W82/><G82/><RYUUKYOKU ba="1,0" sc="327,0,250,0,250,0,173,0" hai0="6,10,12,80,85,90,116" hai1="1,7,8,49,50,57,65,68,69,71,81,86,91" hai2="14,16,21,46,48,52,55,59,60,62,93,96,103" hai3="4,5,58,63,64,117,118" /><INIT seed="0,2,0,1,4,101" ten="327,250,250,173" oya="0" hai0="64,18,75,127,120,41,104,28,85,6,50,132,26" hai1="21,13,73,60,76,118,100,121,88,77,117,51,35" hai2="67,33,14,113,124,105,52,126,7,103,87,24,78" hai3="45,49,22,43,96,111,46,53,91,80,20,42,86"/><T109/><D120/><U68/><E35/><V123/><F113/><W69/><G111/><T39/><D75/><U19/><E121/><V114/><F123/><W40/><G69/><T134/><D6/><U112/><E112/><V11/><F114/><W32/><G32/><N who="0" m="20503" /><D50/><U61/><E100/><V10/><F67/><W79/><REACH who="3" step="1"/><G45/><REACH who="3" ten="327,250,250,163" step="2"/><N who="0" m="23743" /><D109/><U99/><E68/><V81/><F33/><W37/><G37/><T34/><D34/><U110/><E110/><V29/><F126/><W0/><G0/><T131/><D127/><U17/><E118/><V38/><F124/><W128/><G128/><T59/><D131/><U44/><E117/><V95/><F38/><W65/><G65/><T133/><D64/><U63/><E73/><V58/><F58/><W57/><G57/><T27/><D59/><U16/><E44/><V93/><F52/><W82/><G82/><T2/><D2/><U9/><E51/><V55/><F55/><W70/><G70/><T23/><D85/><U89/><E63/><V54/><F87/><W115/><G115/><T66/><D66/><U3/><E3/><V8/><F81/><W62/><G62/><T5/><D134/><U47/><E47/><V107/><F54/><W116/><G116/><T83/><D133/><U98/><E61/><V25/><F7/><W56/><G56/><T94/><D5/><N who="1" m="3247" /><E60/><V90/><F29/><W1/><G1/><T102/><D83/><U122/><E122/><V97/><F78/><N who="1" m="30313" /><E21/><V71/><F71/><W30/><G30/><N who="0" m="17791" /><D132/><U119/><E119/><V130/><F130/><W74/><G74/><T4/><D4/><RYUUKYOKU ba="2,1" sc="327,-15,250,15,250,-15,163,15" hai1="16,17,19,88,89,98,99" hai3="20,22,40,42,43,46,49,53,79,80,86,91,96" /><INIT seed="1,3,1,0,5,35" ten="312,265,235,178" oya="1" hai0="23,26,95,111,47,20,90,13,119,127,38,131,105" hai1="113,86,56,6,55,2,53,48,129,63,75,87,37" hai2="3,109,61,42,107,31,49,43,73,60,27,40,19" hai3="30,52,39,57,72,7,4,82,16,100,76,62,65"/><U32/><E113/><V128/><F73/><W108/><G39/><T92/><D119/><U93/><E75/><V29/><F107/><W68/><G30/><N who="2" m="11273" /><F3/><W114/><G108/><T91/><D105/><U88/><E32/><V12/><F128/><W11/><G100/><T97/><D127/><U46/><E37/><V135/><F135/><W78/><G78/><T99/><D111/><U41/><E129/><V132/><F132/><W125/><G125/><T1/><D1/><U28/><E28/><V5/><F109/><W98/><G98/><T59/><D26/><U124/><E124/><V58/><F5/><W96/><G96/><T117/><D117/><U134/><E134/><V18/><F27/><W106/><G106/><T64/><D13/><U36/><E87/><V79/><F79/><W121/><G121/><T9/><D131/><U120/><E120/><V89/><F89/><W70/><G114/><T85/><D85/><U10/><REACH who="1" step="1"/><E36/><REACH who="1" ten="312,255,235,178" step="2"/><V110/><F110/><W112/><G112/><T51/><D38/><U130/><E130/><V34/><F34/><W122/><G122/><T14/><D99/><U133/><E133/><V116/><F116/><W22/><G11/><T103/><D9/><U21/><E21/><N who="2" m="11463" /><F19/><W115/><G115/><T104/><D20/><U102/><E102/><V8/><F8/><W71/><REACH who="3" step="1"/><G65/><AGARI ba="3,2" hai="2,6,10,41,46,48,53,55,56,63,65,86,88,93" machi="65" ten="30,18000,2" yaku="1,1,7,1,52,1,54,1,53,2" doraHai="35" doraHaiUra="50" who="1" fromWho="3" sc="312,0,255,209,235,0,178,-189" owari="312,11.2,464,56.4,235,-16.5,-11,-51.1" /></mjloggm>