<mjloggm ver="2.3"><GO type="225" lobby="0"/><UN n0="%E3%83%B4%E3%83%A0%EF%BC%99%E3%81%A6" n1="%E3%82%BC%E3%83%AB%E3%83%80%E3%81%AE%E4%BC%9D%E8%AA%AC" n2="%E5%8F%AF%E5%85%90%E9%82%A3%E7%94%B1%E5%A4%9A" n3="%E7%BD%AA%E5%88%91%E6%B3%95%E5%AE%9A%E4%B8%BB%E7%BE%A9" dan="17,17,16,16" rate="2116.09,2203.59,2229.00,2201.18" sx="M,M,F,M"/><TAIKYOKU oya="0"/><INIT seed="0,0,0,3,2,4" ten="250,250,250,250" oya="0" hai0="10,90,56,131,62,104,31,44,5,51,19,25,77" hai1="128,120,40,58,38,65,16,42,112,47,76,74,37" hai2="119,96,82,14,123,50,13,68,91,61,114,27,33" hai3="2,23,12,121,130,41,64,45,20,8,28,116,49"/><T86/><D104/><U133/><E120/><V21/><F123/><W107/><G116/><T101/><D101/><U43/><E74/><V134/><F114/><W127/><G107/><T85/><D131/><U70/><E76/><V100/><F134/><W80/><G121/><T57/><D77/><U36/><E16/><V113/><F113/><W89/><G130/><T52/><D19/><U1/><E1/><V60/><F119/><W124/><G2/><T81/><D85/><U84/><E84/><V94/><F33/><W126/><G64/><T83/><D83/><U18/><E18/><N who="2" m="12727" /><F68/><W63/><G63/><N who="2" m="24137" /><F50/><W103/><G103/><T132/><D132/><U9/><E112/><V7/><F7/><N who="3" m="3103" /><G28/><T125/><D125/><U54/><E128/><V0/><F0/><W87/><AGARI ba="0,0" hai="20,23,41,45,49,80,87,89,124,126,127" m="3103" machi="87" ten="40,2700,0" yaku="18,1,52,1" doraHai="4" who="3" fromWho="3" sc="250,-13,250,-7,250,-7,250,27" /><INIT seed="1,0,0,0,0,81" ten="237,243,243,277" oya="1" hai0="9,111,30,1,44,109,4,97,51,102,100,32,61" hai1="94,120,89,118,63,130,112,37,17,47,22,15,134" hai2="38,121,42,43,6,12,117,55,131,79,0,80,10" hai3="125,128,110,33,90,74,13,50,2,83,93,95,123"/><U99/><E112/><V49/><F117/><W21/><G2/><T72/><D72/><U69/><E120/><V73/><F121/><W133/><G33/><T71/><D32/><U39/><E118/><V64/><F131/><W18/><G123/><T119/><D30/><U92/><E130/><V88/><F64/><W101/><G128/><T115/><D119/><U96/><E134/><V56/><F38/><W129/><G129/><T57/><D71/><U76/><E76/><V27/><F27/><W34/><G34/><T132/><D132/><U116/><E116/><V35/><F35/><W48/><G133/><T16/><D16/><U122/><E122/><V85/><REACH who="2" step="1"/><F0/><REACH who="2" ten="237,243,233,277" step="2"/><W127/><G127/><T65/><D115/><U108/><E108/><V104/><F104/><W29/><G110/><T58/><D111/><U14/><E14/><V126/><F126/><W107/><G125/><T20/><D109/><U3/><E3/><V46/><F46/><W77/><G107/><T91/><D58/><U54/><E47/><V106/><F106/><W103/><G29/><T84/><D57/><U124/><E124/><V70/><F70/><W5/><G13/><T52/><D65/><U75/><E69/><V53/><F53/><W82/><G74/><T66/><D66/><U67/><E75/><V40/><F40/><W11/><G103/><T68/><D68/><N who="1" m="42111" /><E54/><V25/><F25/><W135/><G101/><T28/><D102/><N who="1" m="60679" /><E39/><V23/><F23/><W98/><G21/><T114/><D100/><U87/><E37/><V59/><F59/><W26/><G135/><T86/><D114/><RYUUKYOKU ba="0,1" sc="237,-15,243,15,233,15,277,-15" hai1="15,17,22,87,89,94,99" hai2="6,10,12,42,43,49,55,56,73,79,80,85,88" /><INIT seed="1,1,1,5,1,110" ten="222,258,248,262" oya="1" hai0="120,83,38,60,90,118,119,4,64,12,82,125,43" hai1="81,101,51,105,53,70,97,129,2,14,59,67,75" hai2="114,46,106,94,74,113,73,34,9,132,107,86,61" hai3="40,15,108,117,45,121,78,44,18,58,131,1,62"/><U39/><E2/><V11/><F34/><W80/><G1/><T48/><D38/><U99/><E129/><V77/><F46/><W16/><G121/><T50/><D125/><U54/><E39/><V28/><F28/><W3/><G3/><T29/><D29/><U91/><E14/><V84/><F61/><W42/><G108/><T30/><D30/><U133/><E133/><V27/><F27/><W63/><G117/><T69/><D120/><U123/><E123/><V56/><F56/><W20/><G131/><T68/><D43/><U135/><E135/><V13/><F132/><W8/><G45/><T127/><D127/><U134/><E134/><V55/><F55/><W22/><G8/><T24/><D60/><U85/><E75/><V47/><F47/><W124/><G124/><T57/><D57/><U115/><E115/><N who="2" m="44043" /><F9/><W100/><G100/><T92/><D24/><U41/><E41/><V89/><F84/><W102/><G102/><T95/><D119/><U10/><E54/><V112/><N who="2" m="44051" /><V19/><DORA hai="0" /><F77/><W87/><G44/><T25/><D25/><U35/><E10/><V104/><AGARI ba="1,1" hai="11,13,19,73,74,86,89,94,104,106,107" m="44051" machi="104" ten="50,8000,1" yaku="11,1,52,4" doraHai="110,0" who="2" fromWho="2" sc="222,-21,258,-41,248,93,262,-21" /><INIT seed="2,0,0,5,2,66" ten="201,217,341,241" oya="2" hai0="55,118,7,78,107,35,28,83,20,110,61,79,98" hai1="42,48,120,125,77,122,8,128,106,75,104,123,116" hai2="88,130,124,96,101,39,40,58,67,121,34,11,111" hai3="131,115,103,30,1,95,56,53,94,44,2,23,41"/><V62/><F121/><W27/><G115/><T108/><D35/><U18/><E116/><V31/><F124/><W15/><G131/><T92/><D107/><N who="1" m="41003" /><E125/><V64/><F130/><W45/><G15/><T59/><D118/><U12/><E128/><V50/><F39/><W25/><G103/><T32/><D32/><U105/><E105/><V37/><F37/><W86/><G27/><T51/><D7/><U132/><E132/><V17/><F67/><W13/><G13/><T72/><D79/><U24/><E24/><V89/><F111/><W135/><G135/><T70/><D28/><U14/><E14/><N who="2" m="7391" /><F34/><W126/><G126/><T68/><D20/><U113/><E113/><V16/><F31/><W91/><G94/><T43/><D43/><U117/><E117/><V33/><F33/><W73/><G73/><T63/><D63/><U112/><E112/><V119/><F16/><W65/><G65/><T38/><D38/><U21/><E21/><V76/><F76/><W127/><G127/><T82/><D82/><N who="1" m="45375" /><E48/><V100/><F119/><W81/><G44/><T85/><D72/><U133/><E133/><V134/><F134/><W10/><G10/><T54/><D54/><U6/><E42/><V0/><F40/><W74/><G45/><T71/><REACH who="0" step="1"/><D51/><REACH who="0" ten="191,217,341,241" step="2"/><U93/><E93/><N who="2" m="56359" /><F50/><N who="3" m="30775" /><G41/><T29/><D29/><U109/><E6/><V69/><F62/><W9/><G9/><T97/><D97/><U90/><E109/><V80/><F64/><W3/><G74/><T99/><D99/><U46/><E46/><V22/><F22/><W49/><G49/><T47/><D47/><RYUUKYOKU ba="0,1" sc="191,10,217,10,341,-30,241,10" hai0="55,59,61,68,70,71,78,83,85,92,98,108,110" hai1="8,12,18,90,120,122,123" hai3="1,2,3,23,25,30,81,86,91,95" /><INIT seed="3,1,1,5,1,64" ten="201,227,311,251" oya="3" hai0="98,103,22,15,46,7,79,3,110,105,85,77,65" hai1="83,72,23,42,100,5,20,28,44,102,111,24,40" hai2="8,95,30,88,39,61,54,74,34,106,57,4,107" hai3="68,36,108,32,31,133,43,97,124,130,129,56,47"/><W69/><G97/><T16/><D110/><U123/><E123/><V101/><F74/><W114/><G114/><T18/><D65/><U127/><E111/><V10/><F39/><W33/><G108/><T70/><D70/><N who="3" m="27241" /><G31/><T25/><D46/><U94/><E127/><V82/><F82/><W118/><G118/><T0/><D7/><U52/><E72/><V80/><F80/><W53/><G124/><T120/><D120/><U11/><E23/><V29/><F101/><N who="1" m="39017" /><E83/><V104/><F34/><W135/><G32/><T1/><REACH who="0" step="1"/><D85/><REACH who="0" ten="191,227,311,251" step="2"/><U37/><E37/><V73/><F73/><W38/><G38/><T59/><D59/><U27/><E94/><V87/><REACH who="2" step="1"/><F10/><AGARI ba="1,2" hai="0,1,3,10,15,16,18,22,25,77,79,98,103,105" machi="10" ten="40,2600,0" yaku="1,1,54,1,53,0" doraHai="64" doraHaiUra="78" who="0" fromWho="2" sc="191,49,227,0,311,-29,251,0" /><INIT seed="4,0,0,5,5,103" ten="240,227,282,251" oya="0" hai0="11,132,109,129,86,74,65,69,57,30,26,75,127" hai1="83,99,47,130,72,33,128,22,114,1,131,28,88" hai2="73,7,95,79,98,90,35,50,85,5,23,94,60" hai3="16,110,100,34,3,87,51,76,14,68,102,6,97"/><T46/><D69/><U101/><E1/><V93/><F35/><W113/><G68/><T24/><D127/><U19/><E114/><V62/><F73/><W20/><G34/><T61/><D132/><U124/><E124/><V115/><F115/><W64/><G113/><T121/><D121/><U82/><E72/><V116/><F116/><W39/><G39/><T53/><D129/><N who="1" m="33027" /><U80/><DORA hai="13" /><E47/><V48/><F79/><W44/><G110/><T120/><D120/><U71/><E71/><V21/><F98/><W91/><G76/><T27/><D109/><U12/><E33/><V105/><F105/><W18/><G64/><T49/><D30/><U133/><E28/><V4/><F85/><W118/><G118/><T67/><D67/><U43/><E43/><V25/><F90/><W2/><G2/><T42/><D11/><U106/><E133/><V123/><F123/><W36/><G36/><T37/><REACH who="0" step="1"/><D86/><AGARI ba="0,0" hai="12,19,22,80,82,83,86,88,99,101,106" m="33027" machi="86" ten="40,8000,1" yaku="19,1,52,2,54,1" doraHai="103,13" who="1" fromWho="0" sc="240,-80,227,80,282,0,251,0" owari="160,-34.0,307,40.7,282,8.2,251,-14.9" /></mjloggm>