<mjloggm ver="2.3"><GO type="225" lobby="0"/><UN n0="%45%6C%79%73%69%75%6D" n1="%30%2E%31%32%30" n2="%E6%A1%9C%E8%8A%B1%E9%96%83%E3%80%85" n3="%72%69%6F%75%63%68%61%6E" dan="18,16,17,17" rate="2167.22,2091.11,2252.99,2215.94" sx="F,M,M,M"/><TAIKYOKU oya="0"/><INIT seed="0,0,0,0,3,50" ten="250,250,250,250" oya="0" hai0="42,36,48,117,112,134,72,9,35,90,2,30,118" hai1="81,60,126,78,28,115,102,40,69,108,88,24,10" hai2="103,37,61,64,13,85,127,25,3,111,15,74,135" hai3="38,94,97,67,75,47,116,68,132,121,123,18,77"/><T113/><D48/><U56/><E69/><V16/><F74/><W21/><G132/><T44/><D90/><U32/><E102/><V8/><F135/><W93/><G116/><N who="0" m="44651" /><D134/><U101/><E101/><V53/><F127/><W46/><G68/><T71/><D71/><U131/><E126/><V23/><F111/><W95/><G67/><T109/><D109/><U1/><E40/><V39/><F103/><W99/><G77/><T79/><D30/><U0/><E108/><V7/><F85/><W52/><G75/><T4/><D35/><U19/><E115/><V5/><F64/><W20/><G38/><T12/><D12/><U105/><E105/><V125/><F125/><W17/><REACH who="3" step="1"/><G94/><REACH who="3" ten="250,250,250,240" step="2"/><T65/><D65/><U114/><E78/><V86/><F39/><W26/><G26/><T49/><D36/><U14/><E114/><V41/><F7/><W76/><G76/><T51/><D79/><U128/><E81/><V45/><REACH who="2" step="1"/><F86/><REACH who="2" ten="250,250,240,240" step="2"/><W11/><G11/><T87/><D87/><U89/><E89/><V27/><F27/><W122/><G122/><T43/><D72/><U70/><E88/><V58/><AGARI ba="0,2" hai="3,5,8,13,15,16,23,25,37,41,45,53,58,61" machi="58" ten="30,7900,0" yaku="1,1,0,1,52,1,54,1,53,0" doraHai="50" doraHaiUra="63" who="2" fromWho="2" sc="250,-39,250,-20,240,99,240,-20" /><INIT seed="1,0,0,1,1,127" ten="211,230,339,220" oya="1" hai0="104,122,33,26,83,15,62,84,38,19,135,9,112" hai1="100,103,4,10,70,79,87,130,132,85,24,20,98" hai2="45,114,92,107,58,82,23,75,61,131,34,56,16" hai3="120,7,73,69,116,50,22,17,99,37,53,95,52"/><U119/><E119/><V27/><F107/><W6/><G120/><T102/><D112/><U101/><E70/><V72/><F114/><W48/><G37/><T64/><D122/><U65/><E65/><V13/><F131/><W76/><G116/><T3/><D38/><U43/><E132/><V36/><F92/><W41/><G69/><T121/><D121/><U77/><E43/><V66/><F58/><N who="3" m="33031" /><G41/><T97/><D3/><U74/><E74/><V106/><F106/><W113/><G76/><N who="1" m="29258" /><E130/><V80/><F36/><W68/><G68/><N who="0" m="42007" /><D84/><N who="1" m="32331" /><E98/><V44/><F72/><W46/><G73/><T89/><D83/><N who="2" m="31786" /><F34/><W2/><G2/><T32/><D135/><U118/><E118/><V54/><F75/><W134/><G134/><T47/><D33/><U28/><E4/><V1/><F1/><W91/><G113/><T117/><D117/><U108/><E108/><V81/><F81/><W128/><G128/><T109/><D109/><U55/><E55/><V124/><F124/><W93/><G93/><T88/><D47/><N who="2" m="17994" /><F54/><W126/><G126/><T67/><D67/><U35/><E35/><V105/><F105/><W86/><G99/><T96/><D97/><U30/><E30/><AGARI ba="0,0" hai="9,15,19,26,30,32,88,89,96,102,104" m="42007" machi="30" ten="30,2000,0" yaku="25,1,54,1" doraHai="127" who="0" fromWho="1" sc="211,20,230,-20,339,0,220,0" /><INIT seed="2,0,0,2,3,85" ten="231,210,339,220" oya="2" hai0="117,73,87,13,98,105,27,101,16,92,40,72,18" hai1="39,56,65,19,14,28,38,49,54,17,79,5,110" hai2="45,31,102,100,126,2,132,23,69,11,111,83,81" hai3="84,130,133,86,55,127,128,64,114,26,95,41,82"/><V52/><F69/><W70/><G127/><T43/><D117/><U9/><E110/><V125/><F132/><W80/><G133/><T48/><D27/><U75/><E28/><V53/><F111/><W88/><G114/><T30/><D30/><U60/><E39/><V24/><F2/><W8/><G41/><T58/><D18/><U37/><E37/><V6/><F6/><W108/><G108/><T120/><D120/><U91/><E38/><V3/><F3/><W25/><G55/><N who="2" m="21065" /><F11/><W104/><G104/><T44/><D58/><U116/><E116/><V89/><F45/><W119/><G119/><T93/><D43/><U66/><E66/><V123/><F123/><W68/><G8/><T121/><D121/><U21/><E75/><V113/><F113/><W135/><G135/><T118/><D118/><U97/><E79/><V7/><F7/><W35/><G64/><T36/><D36/><U112/><E112/><V99/><F89/><N who="3" m="53671" /><G35/><T106/><D106/><U1/><E1/><V46/><F46/><W22/><G68/><T115/><D115/><U47/><E21/><V15/><F15/><W63/><G70/><T90/><D105/><U57/><E47/><V131/><F131/><N who="3" m="50219" /><G63/><T50/><D50/><U12/><E12/><V0/><F0/><W122/><G122/><T4/><D4/><U74/><E74/><V10/><F10/><AGARI ba="0,0" hai="10,13,16,40,44,48,72,73,87,90,92,93,98,101" machi="10" ten="30,3900,0" yaku="7,1,52,1,54,1" doraHai="85" who="0" fromWho="2" sc="231,39,210,0,339,-39,220,0" /><INIT seed="3,0,0,0,4,70" ten="270,210,300,220" oya="3" hai0="32,26,75,83,48,101,100,131,85,98,50,68,132" hai1="49,91,93,22,127,78,4,82,0,45,19,86,96" hai2="57,28,43,42,118,20,90,15,9,84,66,69,81" hai3="120,1,122,8,116,18,97,52,6,41,38,11,119"/><W79/><G79/><T128/><D68/><U74/><E127/><V25/><F69/><W71/><G71/><T130/><D75/><U2/><E4/><N who="2" m="3495" /><F118/><W110/><G97/><T14/><D132/><U99/><E0/><V61/><AGARI ba="0,0" hai="20,25,28,42,43,57,61,66,81,84,90" m="3495" machi="61" ten="30,1100,0" yaku="8,1" doraHai="70" who="2" fromWho="2" sc="270,-3,210,-3,300,11,220,-5" owari="267,6.7,207,-29.3,311,41.1,215,-18.5" /></mjloggm>