<mjloggm ver="2.3"><GO type="225" lobby="0"/><UN n0="%E6%9C%AA%E6%9D%A5%E5%B0%91%E5%B9%B4" n1="%E3%81%A1%E3%82%85%E3%81%86%E3%81%A9%E3%81%8F%E8%B1%A1%E3%81%95%E3%82%93" n2="%E4%B8%89%E5%86%A0%E7%8E%8B%E3%83%BB%E5%B1%B1%E7%94%B0%E5%93%B2%E4%BA%BA" n3="%E3%83%B4%E3%82%A3%E3%83%AF%E3%82%B3%E3%82%B0%E3%83%8B" dan="16,17,16,16" rate="2152.94,2193.15,2157.00,2179.92" sx="M,M,M,M"/><TAIKYOKU oya="0"/><INIT seed="0,0,0,3,1,1" ten="250,250,250,250" oya="0" hai0="58,12,68,29,46,21,39,32,4,99,127,28,42" hai1="16,75,133,22,63,74,111,15,95,105,135,117,102" hai2="53,90,94,2,114,126,113,0,57,83,125,109,23" hai3="86,121,55,116,81,10,24,122,82,115,123,120,73"/><T47/><D68/><U54/><E117/><V110/><F83/><W31/><G116/><T35/><D127/><N who="2" m="48650" /><F23/><W129/><N who="3" m="30720" /><DORA hai="37" /><W87/><G129/><T112/><D112/><N who="2" m="43114" /><F0/><W76/><G115/><T77/><D77/><U48/><E105/><V78/><F2/><W79/><G55/><T36/><D58/><U9/><E63/><N who="2" m="36271" /><F78/><W67/><G67/><T124/><D124/><U49/><E111/><V92/><F92/><W40/><G40/><T85/><D85/><AGARI ba="0,0" hai="85,90,94,109,110" m="36271,43114,48650" machi="85" ten="30,1000,0" yaku="18,1" doraHai="1,37" who="2" fromWho="0" sc="250,-10,250,0,250,10,250,0" /><INIT seed="1,0,0,1,0,69" ten="240,250,260,250" oya="1" hai0="13,27,8,102,100,120,6,66,130,110,41,76,116" hai1="1,40,97,26,99,25,44,74,37,86,9,38,67" hai2="31,34,104,45,14,3,17,101,112,52,23,124,109" hai3="68,36,62,21,118,128,59,105,24,103,12,16,93"/><U29/><E74/><V77/><F109/><W48/><G128/><T64/><D116/><U50/><E67/><V61/><F124/><W95/><G118/><T122/><D110/><U125/><E125/><V82/><F3/><W7/><G36/><T135/><D130/><U80/><E25/><V20/><F34/><W71/><G105/><T85/><D135/><U35/><E1/><V72/><F112/><W57/><G48/><T90/><D76/><U22/><E9/><V15/><F31/><W106/><G59/><T119/><D41/><U87/><E87/><V5/><F5/><W47/><G47/><T56/><D27/><U11/><E11/><V19/><F101/><N who="0" m="39018" /><D56/><U108/><E108/><V78/><F78/><W84/><G106/><T133/><D133/><U91/><REACH who="1" step="1"/><E35/><REACH who="1" ten="240,240,260,250" step="2"/><V115/><F72/><W2/><G84/><T81/><D119/><U98/><AGARI ba="0,1" hai="22,26,29,37,38,40,44,50,80,86,91,97,98,99" machi="98" ten="30,12000,1" yaku="1,1,2,1,0,1,52,2,53,0" doraHai="69" doraHaiUra="58" who="1" fromWho="1" sc="240,-40,240,130,260,-40,250,-40" /><INIT seed="1,1,0,0,4,107" ten="200,370,220,210" oya="1" hai0="129,81,89,131,25,30,52,105,33,62,50,115,63" hai1="111,66,84,65,69,20,73,97,77,21,85,32,67" hai2="125,28,22,17,54,124,91,7,48,64,27,36,9" hai3="106,117,55,38,82,72,61,102,100,128,108,44,96"/><U23/><E32/><V99/><F36/><W133/><G108/><T11/><D115/><U122/><E122/><V123/><F123/><W41/><G133/><T132/><D132/><U15/><E15/><V16/><F64/><W57/><G128/><N who="0" m="49227" /><D105/><U39/><E39/><V76/><F76/><W112/><G112/><T70/><D70/><U113/><E113/><V35/><F99/><W43/><G43/><T12/><D89/><U3/><E3/><N who="2" m="255" /><F91/><W29/><G29/><T26/><D26/><U51/><E69/><V71/><F71/><W2/><G2/><T134/><D81/><U18/><E18/><N who="2" m="7275" /><F48/><W94/><G117/><T92/><D92/><U104/><E111/><V8/><F54/><W83/><G72/><T68/><D68/><U59/><E73/><V121/><F121/><W109/><G109/><T40/><D40/><U0/><E77/><V90/><F90/><W5/><G5/><N who="0" m="3183" /><D134/><U114/><E104/><V135/><F135/><W98/><AGARI ba="1,0" hai="38,41,44,55,57,61,82,83,94,96,98,100,102,106" machi="98" ten="30,1100,0" yaku="0,1" doraHai="107" who="3" fromWho="3" sc="200,-4,370,-6,220,-4,210,14" /><INIT seed="2,0,0,1,5,1" ten="196,364,216,224" oya="2" hai0="69,90,95,17,88,105,70,84,78,129,12,26,109" hai1="8,86,125,36,117,67,114,106,24,60,89,48,6" hai2="85,13,7,53,98,29,121,38,91,64,74,16,92" hai3="66,71,62,82,47,30,115,80,127,102,37,25,9"/><V35/><F74/><W0/><G127/><T43/><D109/><U20/><E36/><V93/><F121/><W75/><G115/><T76/><D129/><U73/><E73/><V14/><F38/><W15/><G0/><T31/><D105/><U100/><E48/><V131/><F131/><W132/><G132/><T112/><D112/><U68/><E117/><V83/><F64/><W79/><G102/><T72/><D43/><U44/><E44/><V52/><F29/><W103/><G103/><T118/><D118/><U21/><E100/><N who="2" m="60487" /><F35/><W110/><G110/><T77/><D72/><U94/><E106/><V99/><F14/><W122/><G122/><T23/><REACH who="0" step="1"/><D90/><REACH who="0" ten="186,364,216,224" step="2"/><U133/><E89/><N who="2" m="51391" /><F7/><W54/><G75/><T135/><D135/><U34/><E6/><V113/><F113/><W10/><G79/><T97/><D97/><U39/><E133/><V126/><F126/><W5/><G5/><T18/><D18/><U11/><E114/><V111/><F111/><W87/><G37/><T128/><D128/><U81/><E39/><V22/><AGARI ba="0,1" hai="13,16,22,52,53,91,93,99" m="51391,60487" machi="22" ten="30,6000,0" yaku="8,1,54,2" doraHai="1" who="2" fromWho="2" sc="186,-20,364,-20,216,70,224,-20" /><INIT seed="2,1,0,4,4,3" ten="166,344,286,204" oya="2" hai0="115,34,129,18,41,118,13,31,93,0,63,17,57" hai1="12,11,1,32,97,27,58,88,23,50,82,91,29" hai2="70,64,96,77,14,69,127,25,101,22,103,112,114" hai3="61,51,7,35,2,56,75,116,78,90,59,94,111"/><V109/><F127/><W43/><G116/><T52/><D115/><U39/><E39/><V107/><F77/><W80/><G111/><T15/><D129/><U9/><E1/><V60/><F109/><W16/><G35/><T102/><D118/><U49/><E32/><V132/><F132/><W108/><G108/><T89/><D0/><U104/><E9/><V66/><F103/><W62/><G16/><N who="0" m="6251" /><D34/><U79/><E104/><V54/><F54/><W33/><G33/><T24/><D102/><U19/><E97/><V42/><F42/><W84/><G2/><T53/><D41/><U133/><E133/><V98/><F98/><W47/><REACH who="3" step="1"/><G7/><REACH who="3" ten="166,344,286,194" step="2"/><T37/><D37/><U48/><E58/><AGARI ba="1,1" hai="43,47,51,56,58,59,61,62,75,78,80,84,90,94" machi="58" ten="40,5200,0" yaku="1,1,2,1,53,1" doraHai="3" doraHaiUra="72" who="3" fromWho="1" sc="166,0,344,-55,286,0,194,65" /><INIT seed="3,0,0,4,0,41" ten="166,289,286,259" oya="3" hai0="132,112,74,36,120,3,96,60,1,134,133,25,20" hai1="82,57,91,27,55,12,0,127,117,123,46,28,6" hai2="40,33,90,48,77,10,131,113,105,111,94,104,7" hai3="80,15,107,26,37,62,119,70,97,24,23,84,73"/><W21/><G119/><T79/><D36/><U102/><E123/><V76/><F33/><W31/><G37/><T50/><D120/><U135/><E0/><N who="0" m="73" /><D60/><N who="1" m="35903" /><E117/><V124/><F113/><W125/><G73/><T47/><D112/><U32/><E102/><V92/><F111/><W4/><G125/><T58/><D96/><U2/><E2/><V110/><F131/><W45/><G15/><T13/><D13/><U75/><E75/><V89/><F110/><W22/><G4/><T9/><D9/><N who="1" m="4151" /><E32/><V116/><F124/><W52/><G24/><T68/><D68/><U17/><E127/><V129/><F129/><W43/><G107/><T61/><D79/><U100/><E100/><V88/><F116/><W106/><G106/><T19/><D74/><U71/><E71/><V8/><F7/><W95/><G43/><N who="0" m="24959" /><D61/><U38/><E17/><V72/><F72/><W51/><G70/><T5/><D5/><U93/><E82/><V78/><F105/><W98/><G62/><T85/><D58/><U66/><E66/><V42/><F104/><W87/><G87/><AGARI ba="0,0" hai="19,20,25,85,87,132,133,134" m="24959,73" machi="87" ten="40,2600,0" yaku="20,1,52,1" doraHai="41" who="0" fromWho="3" sc="166,26,289,0,286,0,259,-26" /><INIT seed="4,0,0,3,5,113" ten="192,289,286,233" oya="0" hai0="70,104,65,72,56,80,57,118,36,88,3,58,94" hai1="33,122,11,120,110,87,114,26,15,41,55,25,101" hai2="108,19,135,91,106,128,99,67,126,60,22,24,117" hai3="105,96,84,100,134,49,95,85,9,34,1,78,115"/><T16/><D118/><U10/><E41/><V31/><F108/><W97/><G115/><T132/><D104/><U129/><E114/><V46/><F135/><W112/><G112/><T92/><D36/><U75/><E75/><V66/><F126/><W98/><G34/><T6/><D132/><U5/><E101/><V29/><F128/><W77/><G1/><T59/><N who="0" m="14336" /><DORA hai="71" /><T62/><D72/><U61/><E87/><N who="3" m="33354" /><G49/><T69/><D69/><U111/><E61/><V123/><F123/><N who="1" m="47145" /><E55/><V35/><F117/><W39/><G9/><T63/><D63/><U7/><E129/><V32/><F60/><W0/><G0/><T89/><D80/><U14/><E33/><V102/><F46/><W50/><G50/><T23/><D6/><U47/><E47/><V127/><F127/><W81/><G39/><T64/><D64/><U45/><E45/><V51/><F51/><W27/><G134/><T90/><REACH who="0" step="1"/><D3/><REACH who="0" ten="182,289,286,233" step="2"/><U86/><E111/><V4/><F4/><W93/><G81/><T130/><D130/><U68/><E68/><V83/><F67/><W2/><G2/><T107/><D107/><U52/><E110/><V8/><F66/><W18/><G105/><T124/><D124/><U30/><E5/><V48/><F83/><W43/><G93/><T42/><D42/><U20/><E7/><V103/><F106/><W133/><G133/><T54/><D54/><U109/><E109/><V74/><F74/><W119/><G43/><T76/><D76/><N who="3" m="29289" /><G119/><T53/><D53/><U38/><E52/><V28/><F48/><W13/><G13/><AGARI ba="0,1" hai="13,16,23,62,65,70,88,89,90,92,94" m="14336" machi="13" ten="50,9600,0" yaku="1,1,54,2,53,0" doraHai="113,71" doraHaiUra="37,73" who="0" fromWho="3" sc="182,106,289,0,286,0,233,-96" /><INIT seed="4,1,0,2,0,61" ten="288,289,286,137" oya="0" hai0="10,128,127,50,51,40,78,132,36,14,57,130,86" hai1="106,31,84,67,107,30,41,80,97,35,13,48,73" hai2="54,111,1,104,32,17,124,55,89,114,91,125,81" hai3="129,52,3,102,6,8,90,4,5,105,120,45,64"/><T101/><D127/><N who="2" m="48714" /><F114/><W96/><G129/><N who="0" m="49771" /><D132/><U62/><E73/><V58/><F111/><W123/><G90/><T118/><D118/><U0/><E0/><V72/><F104/><W29/><G29/><T122/><D122/><N who="3" m="46633" /><G64/><T60/><D101/><U77/><E13/><V12/><F1/><W59/><G45/><N who="0" m="23687" /><D86/><U53/><E41/><V9/><F32/><W103/><G103/><T116/><D78/><U74/><E74/><V98/><F98/><W63/><AGARI ba="1,0" hai="3,4,5,6,8,52,59,63,96,102,105" m="46633" machi="63" ten="30,2000,0" yaku="13,1,54,1" doraHai="61" who="3" fromWho="3" sc="288,-11,289,-6,286,-6,137,23" /><INIT seed="5,0,0,4,1,32" ten="277,283,280,160" oya="1" hai0="24,39,59,102,20,57,64,90,53,95,37,112,7" hai1="44,11,31,3,26,4,76,99,92,12,79,72,35" hai2="61,66,116,77,25,17,93,41,19,106,85,130,135" hai3="8,27,78,55,42,108,84,124,38,119,110,21,121"/><U75/><E44/><V63/><F106/><W46/><G124/><T128/><D112/><U115/><E115/><V103/><F116/><W56/><G119/><T67/><D128/><U43/><E43/><V86/><F130/><W68/><G121/><T134/><D134/><U111/><E111/><V54/><F135/><W126/><G68/><T49/><D102/><U29/><E29/><V28/><F41/><W18/><G126/><T87/><D7/><U14/><E14/><V23/><F54/><W40/><G8/><T125/><D125/><U98/><E12/><V94/><F63/><W6/><G6/><T9/><D9/><U113/><E113/><V114/><F114/><W22/><G22/><T52/><D39/><U73/><REACH who="1" step="1"/><E98/><REACH who="1" ten="277,273,280,160" step="2"/><N who="2" m="59855" /><F77/><W1/><G42/><T88/><D37/><U15/><E15/><V47/><F47/><W16/><G18/><N who="2" m="6665" /><F94/><W62/><REACH who="3" step="1"/><G1/><REACH who="3" ten="277,273,280,150" step="2"/><T133/><D133/><U97/><E97/><V51/><F23/><W105/><G105/><T82/><D20/><U69/><E69/><V127/><F127/><W70/><G70/><T36/><D36/><U131/><E131/><V123/><F123/><W45/><G45/><T96/><D24/><U129/><E129/><V65/><F25/><W60/><G60/><AGARI ba="0,2" hai="49,52,53,57,59,60,64,67,82,87,88,90,95,96" machi="60" ten="30,7700,0" yaku="7,1,8,1,54,2" doraHai="32" who="0" fromWho="3" sc="277,97,273,0,280,0,150,-77" owari="374,47.4,273,-12.7,280,8.0,73,-42.7" /></mjloggm>