<mjloggm ver="2.3"><GO type="225" lobby="0"/><UN n0="%E6%97%A5%E6%9B%9C%E6%97%A5%E3%82%88%E3%82%8A%E3%81%AE%E4%BD%BF%E8%80%85" n1="%E3%82%A2%E3%82%A4%E3%82%B9%E3%83%86%E3%82%A3%E3%83%BC%E3%81%82%E3%81%B9" n2="%E3%83%A9%E3%82%B9%E7%8E%87%EF%BC%93%E5%89%B2" n3="%E5%8D%A0%E3%81%84%E5%B8%AB%E8%A3%8F%E3%81%AA%E3%81%84%E3%81%97" dan="17,16,16,16" rate="2131.64,2077.64,2192.74,2161.08" sx="M,M,F,M"/><TAIKYOKU oya="0"/><INIT seed="0,0,0,1,4,75" ten="250,250,250,250" oya="0" hai0="134,118,28,31,121,3,39,43,14,32,113,33,124" hai1="123,103,71,94,4,6,54,65,16,72,30,66,10" hai2="114,102,22,0,19,61,80,46,130,110,38,101,93" hai3="18,41,105,125,17,76,37,100,48,67,40,47,73"/><T62/><D113/><U119/><E72/><V90/><F0/><W86/><G73/><T84/><D118/><U89/><E123/><V7/><F7/><N who="1" m="2601" /><E71/><V126/><F110/><W26/><G125/><T115/><D115/><U29/><E103/><V131/><F126/><W133/><G133/><T11/><D121/><U87/><E54/><V106/><F106/><W13/><G67/><N who="1" m="25610" /><E119/><V70/><F61/><W9/><G105/><T20/><D124/><U128/><E128/><N who="2" m="49195" /><F80/><N who="3" m="47367" /><G37/><T111/><D111/><U83/><E94/><V129/><F70/><W51/><G100/><T95/><D62/><U49/><E49/><N who="3" m="19018" /><G47/><T58/><D39/><U109/><E109/><V35/><F35/><W56/><G56/><T81/><D33/><U74/><E74/><V55/><F114/><W127/><G127/><T53/><D95/><U64/><N who="1" m="25618" /><U88/><DORA hai="5" /><E89/><V112/><F55/><W69/><G69/><T79/><D32/><U132/><E132/><V116/><F116/><W52/><G52/><T120/><D134/><U25/><E25/><N who="2" m="14559" /><F112/><W45/><G45/><T122/><D53/><U91/><E91/><V23/><N who="2" m="49203" /><V68/><DORA hai="59" /><F68/><W50/><G50/><T85/><D122/><U15/><AGARI ba="0,0" hai="10,15,16,29,30,83,87,88" m="25618,2601" machi="15" ten="40,8000,1" yaku="8,1,52,1,54,2" doraHai="75,5,59" who="1" fromWho="1" sc="250,-40,250,80,250,-20,250,-20" /><INIT seed="1,0,0,2,1,45" ten="210,330,230,230" oya="1" hai0="108,94,9,70,127,95,18,103,109,130,100,17,19" hai1="36,14,71,66,92,117,1,29,47,89,55,51,40" hai2="43,44,24,96,41,32,97,121,119,27,39,76,64" hai3="11,114,83,6,5,124,65,78,46,13,0,37,54"/><U86/><E1/><V53/><F119/><W49/><G114/><T8/><D70/><U30/><E117/><V107/><F121/><W84/><G124/><T57/><D57/><U15/><E15/><V87/><F64/><W22/><G65/><T73/><D73/><U116/><E116/><V79/><F107/><W50/><G22/><T115/><D127/><U118/><E118/><V132/><F132/><W38/><REACH who="3" step="1"/><G50/><REACH who="3" ten="210,330,230,220" step="2"/><T28/><D115/><U52/><E66/><V20/><F20/><W60/><G60/><T56/><D109/><U106/><E71/><V113/><F113/><W135/><G135/><T25/><D108/><U85/><E36/><V21/><F21/><W129/><G129/><T12/><D130/><U48/><E48/><V26/><F39/><W110/><G110/><T131/><D131/><U88/><E106/><V67/><F67/><W134/><G134/><T105/><D105/><U42/><E55/><V4/><F53/><W58/><G58/><T126/><D56/><U82/><E14/><V122/><F43/><AGARI ba="0,1" hai="29,30,40,42,43,47,51,52,82,85,86,88,89,92" machi="43" ten="40,12000,1" yaku="8,1,52,1,54,2" doraHai="45" who="1" fromWho="2" sc="210,0,330,130,230,-120,220,0" /><INIT seed="1,1,0,3,4,117" ten="210,460,110,220" oya="1" hai0="82,53,56,95,36,15,110,23,109,58,55,40,2" hai1="119,114,0,62,104,77,90,86,6,126,37,17,16" hai2="5,59,25,66,32,4,88,89,38,68,27,123,63" hai3="74,92,131,41,42,20,100,96,85,80,10,107,70"/><U49/><E37/><V31/><F38/><W75/><G70/><T35/><D2/><U99/><E119/><V30/><F68/><W28/><G131/><T129/><D35/><U34/><E34/><V39/><F39/><W115/><G115/><T7/><D129/><U102/><E77/><V43/><F43/><W112/><G112/><T50/><D82/><U91/><E114/><V98/><F123/><W65/><G65/><T57/><D95/><U78/><E78/><V103/><F5/><W81/><G81/><T8/><D23/><U48/><E62/><V12/><F12/><W46/><G46/><N who="0" m="25927" /><D36/><U61/><E61/><V120/><F4/><W133/><G10/><T127/><D127/><U97/><E6/><V18/><F18/><W44/><G74/><T113/><D113/><U72/><E0/><V14/><F14/><W11/><G11/><T51/><D51/><U69/><E69/><V26/><F120/><W118/><G118/><T71/><D71/><U125/><E86/><V73/><F73/><W124/><G75/><T54/><D110/><U9/><E9/><V87/><F87/><W94/><G85/><T93/><D93/><U108/><E72/><V122/><F122/><W130/><G92/><T21/><D109/><U47/><E108/><V45/><F45/><W128/><G44/><T132/><D21/><U1/><E1/><V64/><F64/><W3/><G128/><T76/><D76/><U24/><E24/><N who="2" m="9323" /><F31/><W52/><G28/><T111/><D111/><U135/><E135/><V67/><F67/><W60/><G130/><T121/><D132/><RYUUKYOKU ba="1,0" sc="210,15,460,-15,110,15,220,-15" hai0="7,8,15,53,54,55,56,57,58,121" hai2="27,30,32,59,63,66,88,89,98,103" /><INIT seed="2,2,0,2,5,33" ten="225,445,125,205" oya="2" hai0="104,120,96,102,123,58,89,60,116,117,15,47,54" hai1="84,56,17,115,106,105,108,31,74,25,76,121,77" hai2="27,44,20,124,128,43,88,92,107,29,97,48,91" hai3="125,45,122,101,30,22,19,18,51,61,133,112,70"/><V95/><F128/><W14/><G122/><T53/><D15/><U73/><E17/><V65/><F124/><W62/><G125/><T8/><D8/><U1/><E1/><V75/><F75/><W32/><G133/><T81/><D81/><U42/><E42/><V24/><F107/><W99/><G112/><T85/><D85/><U72/><E115/><V132/><F132/><W46/><G32/><T38/><D89/><U67/><E108/><V50/><F65/><W2/><G30/><T28/><D28/><U66/><E121/><V64/><F64/><W98/><G70/><T12/><D12/><U126/><E126/><V103/><F27/><W4/><G99/><T94/><D104/><U68/><E68/><V118/><F118/><N who="0" m="45674" /><D38/><U71/><E84/><V109/><F109/><W63/><G18/><T41/><D41/><U127/><E25/><V110/><F110/><W131/><G4/><T100/><D100/><U111/><E111/><V135/><F135/><W35/><G35/><T134/><D134/><U78/><E71/><V86/><REACH who="2" step="1"/><F103/><REACH who="2" ten="225,445,115,205" step="2"/><W13/><G101/><T39/><D123/><U130/><E127/><V5/><F5/><W82/><G131/><T119/><D120/><U11/><E130/><V113/><F113/><W69/><G69/><T52/><D119/><U9/><E67/><V114/><F114/><W34/><G34/><T36/><D54/><U59/><E66/><V21/><F21/><W87/><G22/><T23/><D23/><U26/><E106/><V93/><F93/><W10/><G82/><T7/><D7/><U37/><E105/><RYUUKYOKU ba="2,1" sc="225,15,445,-15,115,15,205,-15" hai0="36,39,47,52,53,58,60,94,96,102" hai2="20,24,29,43,44,48,50,86,88,91,92,95,97" /><INIT seed="2,3,1,4,5,61" ten="240,430,130,190" oya="2" hai0="7,80,1,3,40,75,76,27,6,49,4,17,53" hai1="73,66,11,42,69,110,37,119,92,48,72,18,124" hai2="33,82,55,134,35,128,51,79,95,12,135,36,57" hai3="104,56,45,130,126,8,107,106,26,129,16,101,132"/><V93/><F36/><W24/><G132/><N who="2" m="50729" /><F12/><N who="3" m="7175" /><G126/><T105/><D105/><U127/><E37/><V91/><F128/><N who="3" m="49259" /><G45/><T99/><D40/><U5/><E119/><V31/><F31/><W131/><N who="3" m="49267" /><W20/><DORA hai="63" /><G56/><T96/><D1/><U25/><E127/><V0/><F0/><W120/><G120/><T14/><D27/><N who="3" m="10281" /><G20/><T47/><REACH who="0" step="1"/><D3/><REACH who="0" ten="230,430,130,190" step="2"/><U9/><E25/><V62/><F35/><W103/><AGARI ba="3,2" hai="101,103,104,106,107" m="10281,49267,7175" machi="103" ten="50,3200,0" yaku="19,1,54,1" doraHai="61,63" who="3" fromWho="3" sc="230,-11,430,-11,130,-19,190,61" /><INIT seed="3,0,0,1,1,135" ten="219,419,111,251" oya="3" hai0="41,123,21,80,120,32,48,31,9,91,70,57,97" hai1="53,89,33,113,125,40,76,132,105,30,34,47,81" hai2="115,82,43,64,28,86,104,128,93,101,63,109,106" hai3="129,119,19,5,39,13,84,46,29,38,131,22,45"/><W108/><G119/><T102/><D70/><U124/><E113/><V75/><F43/><W26/><G5/><T67/><D32/><U77/><E105/><V95/><F28/><W56/><G56/><T69/><D69/><U130/><E53/><V78/><F63/><W112/><G112/><T92/><D9/><U52/><E52/><V4/><F64/><W27/><G27/><T114/><D114/><U1/><E1/><V71/><F4/><W88/><G46/><T116/><D116/><U8/><E8/><V37/><F71/><W0/><G0/><T79/><D91/><U122/><E122/><V61/><F61/><W14/><G108/><T117/><D117/><U103/><E103/><V54/><F54/><W73/><G73/><T7/><D7/><U126/><E130/><N who="3" m="49674" /><G45/><T111/><D111/><U94/><E132/><V49/><F49/><W68/><G13/><T18/><D31/><U11/><E11/><V133/><F37/><W62/><G62/><T66/><D123/><U50/><E30/><V107/><F128/><W65/><G65/><T58/><D120/><U127/><E124/><V85/><F115/><W24/><G24/><N who="0" m="14391" /><D58/><U100/><E33/><V96/><F109/><W59/><G59/><T90/><D57/><U51/><E34/><V6/><F6/><W98/><G68/><T3/><D3/><U87/><E51/><V25/><F25/><W99/><G38/><T121/><D121/><U110/><E110/><V83/><F133/><W60/><G39/><T74/><D102/><U44/><E44/><V118/><F118/><W2/><G29/><RYUUKYOKU ba="0,0" sc="219,15,419,15,111,-15,251,-15" hai0="41,48,66,67,74,79,80,90,92,97" hai1="40,47,50,76,77,81,87,89,94,100,125,126,127" owari="234,-16.6,434,53.4,96,-40.4,236,3.6" /></mjloggm>