<mjloggm ver="2.3"><GO type="225" lobby="0"/><UN n0="%E3%82%BC%E3%83%AB%E3%83%80%E3%81%AE%E4%BC%9D%E8%AA%AC" n1="%E6%A1%9C%E8%8A%B1%E9%96%83%E3%80%85" n2="%4B%2E%32%2E%4B%2E" n3="%6D%75%75%6D%75%72%61" dan="16,17,16,16" rate="2213.49,2133.59,2083.81,2139.94" sx="M,M,M,F"/><TAIKYOKU oya="0"/><INIT seed="0,0,0,2,2,31" ten="250,250,250,250" oya="0" hai0="75,70,10,51,135,102,63,98,109,18,60,122,43" hai1="134,65,20,116,103,27,81,7,71,127,67,113,4" hai2="38,123,52,72,97,54,14,83,64,77,132,40,42" hai3="124,110,106,12,95,74,28,55,29,15,107,33,16"/><T108/><D75/><U129/><E116/><V105/><F123/><W126/><G74/><T34/><D122/><U73/><E129/><V85/><F132/><W21/><G110/><N who="0" m="42603" /><D135/><U120/><E120/><V37/><F64/><W121/><G121/><T22/><D10/><U53/><E134/><V93/><F37/><W88/><G55/><T44/><D70/><U24/><E127/><N who="3" m="48682" /><G15/><N who="0" m="9567" /><D34/><U90/><E71/><V111/><F111/><W78/><G78/><T82/><D82/><U92/><E81/><V19/><F72/><W59/><G59/><T100/><D100/><U79/><E103/><N who="2" m="60847" /><F105/><AGARI ba="0,0" hai="43,44,51,60,63,98,102,105" m="9567,42603" machi="105" ten="30,2900,0" yaku="14,1,10,1" doraHai="31" who="0" fromWho="2" sc="250,29,250,0,250,-29,250,0" /><INIT seed="0,1,0,2,1,12" ten="279,250,221,250" oya="0" hai0="112,79,91,67,98,129,42,102,96,7,90,65,59" hai1="23,13,50,11,38,9,21,131,73,69,57,109,97" hai2="128,83,81,132,6,103,130,55,119,135,125,86,52" hai3="15,41,22,56,74,72,49,8,61,108,84,51,0"/><T45/><D112/><U54/><E109/><V121/><F121/><W40/><G108/><T25/><D129/><N who="2" m="49770" /><F119/><W48/><G0/><T127/><D127/><U75/><E131/><V71/><F71/><W62/><G22/><T107/><D79/><U122/><E122/><V87/><F6/><W36/><G62/><T105/><D7/><U78/><E69/><V101/><F125/><W63/><G63/><T85/><D25/><U47/><E97/><V30/><F30/><W58/><G84/><N who="2" m="32297" /><F55/><W17/><G56/><T123/><D59/><U16/><E21/><V117/><F52/><W32/><G32/><T43/><D123/><U93/><E93/><V92/><F117/><W33/><G33/><T60/><D60/><U2/><E2/><V39/><F39/><W14/><G36/><T88/><D85/><U29/><E29/><V18/><F18/><N who="3" m="8519" /><G74/><T115/><D115/><U110/><E110/><V1/><F1/><W34/><G72/><T64/><D45/><U24/><E78/><V80/><F92/><W77/><G77/><T26/><D26/><U35/><E35/><V133/><AGARI ba="1,0" hai="80,81,83,101,103,132,133,135" m="32297,49770" machi="133" ten="40,12000,2" yaku="28,2,20,1,19,1,34,2" doraHai="12" who="2" fromWho="2" sc="279,-61,250,-31,221,123,250,-31" /><INIT seed="1,0,0,5,5,55" ten="218,219,344,219" oya="1" hai0="23,109,6,57,90,102,10,36,28,66,12,104,93" hai1="75,20,106,46,30,128,65,21,44,18,133,41,98" hai2="3,11,72,34,115,51,7,120,134,71,33,19,9" hai3="62,92,61,24,16,96,49,117,82,1,53,118,108"/><U27/><E128/><V116/><F71/><W122/><G1/><T22/><D36/><U105/><E133/><V67/><F116/><N who="3" m="44651" /><G122/><T88/><D109/><U91/><E75/><V87/><F72/><W17/><G82/><T135/><D135/><U48/><E65/><V81/><F120/><W52/><G108/><T43/><D43/><U86/><E46/><V85/><F115/><W69/><G53/><T97/><D104/><U8/><E8/><V47/><F67/><N who="3" m="41199" /><G62/><N who="0" m="38223" /><D22/><U0/><E0/><V101/><F101/><N who="3" m="60551" /><G24/><AGARI ba="0,0" hai="6,10,12,23,24,28,88,90,93,97,102" m="38223" machi="24" ten="30,7700,0" yaku="25,1,8,1,52,1,54,1" doraHai="55" who="0" fromWho="3" sc="218,77,219,0,344,0,219,-77" /><INIT seed="2,0,0,1,1,43" ten="295,219,344,142" oya="2" hai0="4,41,77,101,38,32,116,102,129,104,120,74,127" hai1="16,64,82,71,6,35,96,58,25,130,29,47,30" hai2="95,99,61,80,11,76,108,51,34,111,40,81,22" hai3="23,86,42,26,103,109,110,75,123,24,44,131,65"/><V14/><F34/><W18/><G75/><T92/><D32/><U121/><E130/><V57/><F22/><W1/><G131/><T67/><D129/><U89/><E121/><V94/><F51/><W97/><G123/><T45/><D120/><U98/><E71/><V48/><F48/><W52/><G1/><T49/><D104/><U132/><E132/><V2/><F2/><W0/><G0/><T119/><D127/><U124/><E124/><V21/><F21/><W90/><G65/><T70/><D4/><U85/><E6/><N who="2" m="3447" /><F40/><W60/><G60/><N who="0" m="40295" /><D92/><N who="2" m="35370" /><F76/><W118/><G118/><N who="0" m="45099" /><D38/><U7/><E30/><V83/><F99/><W20/><G97/><T13/><D13/><U112/><E112/><V28/><F28/><W8/><G8/><T37/><D37/><U134/><E134/><V126/><F126/><W46/><G103/><T125/><D125/><U39/><E7/><V73/><F73/><W62/><G42/><T78/><D78/><U33/><E33/><V100/><F100/><W54/><G18/><T63/><D63/><N who="1" m="38007" /><E16/><V31/><F31/><W133/><G62/><T135/><D135/><U91/><E91/><V55/><F108/><W27/><G133/><T113/><D113/><U50/><E39/><V59/><F111/><N who="3" m="42507" /><G90/><T84/><D74/><U5/><E5/><V69/><F69/><W107/><G107/><T87/><D77/><U10/><E10/><V12/><F61/><W122/><G122/><T106/><D102/><U3/><E3/><V19/><F55/><N who="3" m="21035" /><G86/><T68/><D68/><U79/><E79/><V56/><F19/><W9/><G9/><RYUUKYOKU ba="0,0" sc="295,0,219,0,344,0,142,0" hai0="41,45,49,84,87,101,106" hai1="25,29,35,47,50,82,85,89,96,98" hai2="12,56,57,59,80,81,83" hai3="20,23,24,26,27,44,46" /><INIT seed="2,1,0,1,0,67" ten="295,219,344,142" oya="2" hai0="133,97,98,92,90,9,35,115,131,124,5,69,63" hai1="123,117,19,49,14,65,72,101,28,118,32,102,130" hai2="85,66,121,25,74,71,37,82,36,34,29,23,105" hai3="56,100,83,103,76,20,129,1,8,13,21,78,17"/><V39/><F121/><W64/><G129/><T45/><D115/><U55/><E72/><V134/><F134/><W77/><G83/><T7/><D35/><U107/><E130/><V59/><F105/><W27/><G1/><T95/><D131/><U108/><E123/><V12/><F71/><W46/><G46/><T40/><D133/><U38/><E38/><V30/><F74/><W31/><REACH who="3" step="1"/><G8/><REACH who="3" ten="295,219,344,132" step="2"/><T33/><D9/><U126/><E118/><V54/><F82/><W22/><G22/><T94/><D45/><U53/><E117/><V48/><F23/><W86/><G86/><T10/><D10/><U3/><E3/><V4/><F85/><W96/><G96/><T61/><D97/><U81/><E81/><V73/><F73/><W79/><N who="3" m="19456" /><DORA hai="41" /><W114/><G114/><T42/><D98/><U127/><E32/><V44/><F44/><W26/><G26/><T75/><D33/><U120/><E120/><V68/><F25/><W80/><G80/><T60/><D75/><U125/><E125/><V110/><F34/><W6/><G6/><T11/><D11/><U111/><E127/><V58/><F4/><W122/><G122/><T57/><D124/><U47/><E126/><V43/><F12/><W52/><G52/><T50/><D5/><U106/><E55/><V104/><F54/><W2/><G2/><T128/><D7/><U119/><E53/><V70/><F43/><W88/><G88/><T16/><D128/><U84/><E84/><V15/><F15/><W116/><G116/><T135/><D90/><U0/><E119/><V87/><F87/><RYUUKYOKU ba="1,1" sc="295,-10,219,-10,344,-10,132,30" hai3="13,17,20,21,27,31,56,64,100,103" /><INIT seed="3,2,1,1,4,30" ten="285,209,334,162" oya="3" hai0="76,135,42,118,114,48,55,20,0,78,43,22,79" hai1="104,17,98,125,85,108,10,50,134,100,8,67,102" hai2="105,115,26,89,15,61,57,130,23,127,75,51,111" hai3="39,49,96,122,41,6,7,9,93,73,120,92,18"/><W131/><G131/><T107/><D0/><U24/><E108/><V103/><F75/><W46/><G73/><T74/><D107/><U59/><E134/><V40/><F111/><W58/><G18/><T83/><D118/><U31/><E125/><V68/><F68/><W13/><G7/><T36/><D135/><U77/><E100/><V25/><F103/><W12/><G12/><T65/><D36/><U3/><E17/><V86/><F105/><W37/><G92/><T54/><D114/><U128/><E128/><V2/><F2/><W44/><G58/><T66/><D74/><U35/><E3/><V33/><F33/><W99/><G39/><T110/><D110/><U27/><E27/><V126/><F115/><W121/><REACH who="3" step="1"/><G93/><REACH who="3" ten="285,209,334,152" step="2"/><T97/><D97/><U88/><E67/><V19/><F15/><W71/><G71/><T117/><D65/><U87/><E59/><V53/><F130/><W84/><G84/><T4/><D66/><U91/><E85/><V34/><F19/><W129/><G129/><T80/><D4/><U45/><E87/><V106/><F106/><W133/><G133/><T38/><D38/><U112/><E112/><V52/><F86/><W90/><G90/><N who="1" m="34346" /><E77/><V81/><F89/><W29/><G29/><T123/><D79/><U14/><E14/><V47/><F126/><W32/><G32/><T60/><D78/><U132/><E132/><V56/><F127/><W5/><G5/><T21/><D76/><U70/><E70/><V72/><F34/><W69/><G69/><T82/><D82/><U28/><E28/><V101/><F81/><RYUUKYOKU ba="2,2" sc="285,-15,209,15,334,-15,152,15" hai1="8,10,24,31,35,45,50,98,102,104" hai3="6,9,13,37,41,44,46,49,96,99,120,121,122" /><INIT seed="3,3,2,3,0,15" ten="270,224,319,167" oya="3" hai0="87,54,52,56,58,43,4,21,14,36,133,44,63" hai1="37,16,9,90,35,132,123,121,42,110,91,55,12" hai2="22,19,125,8,93,48,70,79,108,40,122,3,102" hai3="71,74,27,86,97,81,61,126,92,119,32,39,78"/><W26/><G119/><T84/><D133/><U57/><E132/><V45/><F70/><W1/><G126/><T130/><D130/><U17/><E35/><V24/><F108/><W109/><G109/><T117/><D117/><U67/><E110/><V6/><F125/><W7/><G39/><T113/><D113/><U20/><E67/><V134/><F134/><W129/><G129/><T116/><D116/><U99/><E37/><V96/><F79/><W111/><G111/><T59/><D59/><U62/><E42/><V80/><F80/><W50/><G74/><T124/><D124/><U77/><E77/><V114/><F122/><W75/><G75/><T33/><D33/><U106/><E91/><V47/><F47/><W135/><G135/><T103/><D103/><U31/><E31/><V104/><F114/><W82/><G82/><T5/><D5/><U89/><E89/><V120/><F120/><W127/><G127/><T30/><D30/><U101/><E90/><V128/><F128/><W49/><G32/><T29/><D4/><U98/><E98/><V13/><F104/><W66/><G1/><T53/><D14/><AGARI ba="3,2" hai="9,12,14,16,17,20,55,57,62,99,101,106,121,123" machi="14" ten="30,7700,0" yaku="7,1,52,2,54,1" doraHai="15" who="1" fromWho="0" sc="270,-86,224,106,319,0,167,0" owari="184,-21.6,330,43.0,319,11.9,167,-33.3" /></mjloggm>