<mjloggm ver="2.3"><GO type="225" lobby="0"/><UN n0="%E9%A2%A8%E3%81%A7%E9%B3%B4%E3%81%8F" n1="%E6%B8%A9%E2%98%85%E6%83%85%E2%98%85%E6%8E%AA%E2%98%85%E7%BD%AE" n2="%73%75%7A%75%6D%65%33" n3="%E9%B3%B3%E6%9D%B1%E3%81%AE%E3%81%86%E3%81%95%E3%81%8E%E3%81%95%E3%82%93" dan="16,16,17,17" rate="2136.08,2129.08,2207.82,2268.68" sx="M,M,M,M"/><TAIKYOKU oya="0"/><INIT seed="0,0,0,5,4,23" ten="250,250,250,250" oya="0" hai0="105,39,1,15,10,4,68,78,43,21,129,117,85" hai1="130,82,64,101,126,112,90,107,109,104,50,45,32" hai2="9,100,84,7,3,53,61,60,8,37,103,33,28" hai3="41,132,135,11,67,59,63,123,131,48,16,121,92"/><T22/><D68/><U108/><E32/><V20/><F37/><W97/><G92/><T88/><D105/><N who="1" m="40523" /><E64/><V25/><F9/><W57/><G97/><T110/><D117/><U6/><E6/><V51/><F33/><W46/><G131/><T12/><D129/><U76/><E130/><V122/><F122/><N who="3" m="46603" /><G11/><T74/><D15/><U40/><E101/><V96/><F84/><W79/><G79/><T13/><D12/><U56/><E56/><N who="3" m="21578" /><G16/><T24/><D13/><U30/><E30/><V62/><REACH who="2" step="1"/><F96/><REACH who="2" ten="250,250,240,250" step="2"/><W65/><G65/><T66/><D66/><U102/><E76/><V31/><F31/><W26/><G26/><T2/><D24/><U99/><E99/><V94/><F94/><W52/><G41/><T89/><D2/><U71/><E40/><V127/><F127/><W134/><G134/><T38/><D38/><U116/><E126/><V91/><F91/><N who="0" m="34890" /><D85/><U125/><E125/><V47/><AGARI ba="0,1" hai="3,7,8,20,25,28,47,51,53,60,61,62,100,103" machi="47" ten="30,7900,0" yaku="1,1,0,1,52,1,53,1" doraHai="23" doraHaiUra="27" who="2" fromWho="2" sc="250,-39,250,-20,240,89,250,-20" /><INIT seed="1,0,0,0,4,38" ten="211,230,329,230" oya="1" hai0="49,14,70,11,67,27,54,47,90,1,118,84,44" hai1="97,100,108,81,68,124,31,12,60,30,53,20,58" hai2="127,13,35,29,94,42,19,89,48,105,107,40,72" hai3="77,75,6,134,0,92,66,131,121,96,32,104,10"/><U106/><E124/><V117/><F117/><W25/><G121/><T130/><D118/><U99/><E108/><V132/><F72/><W93/><G131/><T82/><D130/><U62/><E81/><V129/><F129/><W115/><G115/><T16/><D1/><U3/><E3/><V114/><F114/><W61/><G134/><T83/><D70/><U74/><E74/><V22/><F132/><W9/><G9/><T7/><D67/><U21/><E99/><V87/><F127/><W88/><G77/><T128/><D128/><U33/><E12/><V24/><REACH who="2" step="1"/><F48/><REACH who="2" ten="211,230,319,230" step="2"/><W126/><G75/><T109/><D109/><U116/><E116/><V4/><F4/><W18/><G126/><T133/><D133/><U2/><E2/><V91/><F91/><W56/><G88/><T80/><D47/><U98/><E98/><V103/><F103/><W125/><G125/><T43/><D43/><AGARI ba="0,1" hai="13,19,22,24,29,35,40,42,43,87,89,94,105,107" machi="43" ten="40,8000,1" yaku="1,1,52,3,53,0" doraHai="38" doraHaiUra="46" who="2" fromWho="0" sc="211,-80,230,0,319,90,230,0" /><INIT seed="2,0,0,2,4,111" ten="131,230,409,230" oya="2" hai0="59,46,40,3,112,27,26,52,29,91,120,102,24" hai1="130,96,125,110,32,22,23,66,49,129,34,127,95" hai2="118,71,0,35,72,12,64,132,50,135,55,39,74" hai3="20,44,33,123,104,113,65,134,10,53,17,7,109"/><V25/><F118/><W77/><G123/><T21/><D120/><U108/><E66/><V79/><F0/><W45/><G33/><N who="1" m="12906" /><E49/><V56/><F39/><W14/><G109/><N who="1" m="42090" /><E95/><V18/><F64/><W2/><G134/><N who="2" m="51241" /><F71/><W58/><G113/><T9/><D112/><U107/><E96/><V67/><F67/><W86/><G104/><T117/><D117/><U73/><E73/><V47/><F47/><W99/><G99/><T36/><D102/><U93/><E93/><V98/><F98/><W116/><G65/><T1/><D91/><U85/><E85/><V75/><F25/><W87/><G87/><T103/><D103/><U61/><E61/><V90/><F35/><W114/><G114/><T13/><D1/><U92/><E92/><V88/><F79/><W31/><G116/><T70/><D3/><U97/><E97/><V57/><F56/><W51/><REACH who="3" step="1"/><G31/><REACH who="3" ten="131,230,409,220" step="2"/><T76/><D76/><U128/><E107/><V16/><F18/><W82/><AGARI ba="0,1" hai="2,7,10,14,17,20,44,45,51,53,58,77,82,86" machi="82" ten="30,4000,0" yaku="1,1,2,1,0,1,53,0" doraHai="111" doraHaiUra="68" who="3" fromWho="3" sc="131,-10,230,-10,409,-20,220,50" /><INIT seed="3,0,0,0,3,12" ten="121,220,389,270" oya="3" hai0="43,85,121,64,109,86,73,83,130,110,48,119,35" hai1="99,30,19,59,34,66,61,77,67,58,20,23,80" hai2="124,117,122,0,125,116,68,113,4,111,54,108,28" hai3="50,57,79,29,75,69,93,128,8,134,1,76,3"/><W11/><G69/><T112/><D64/><U102/><E34/><V70/><F113/><W89/><G128/><T6/><D48/><U38/><E38/><V5/><F28/><W51/><G134/><T63/><D43/><U132/><E132/><V74/><F74/><W84/><G29/><T52/><D35/><U47/><E47/><V105/><F105/><W55/><G75/><T81/><D6/><N who="2" m="2666" /><F54/><N who="3" m="31959" /><G1/><T40/><D40/><U120/><E120/><V25/><F122/><W10/><G3/><T118/><D63/><U15/><E30/><V101/><F25/><W31/><G31/><T14/><D14/><U71/><E23/><V95/><F0/><W16/><G16/><T82/><D121/><U88/><E67/><V131/><F131/><W129/><G129/><T92/><D130/><U97/><E97/><N who="2" m="59583" /><F68/><W9/><N who="3" m="2048" /><DORA hai="114" /><W22/><G22/><T87/><D112/><U98/><E98/><V91/><F70/><W27/><G27/><T49/><D92/><U133/><E133/><V127/><F91/><W115/><G115/><T65/><D65/><U44/><E88/><V107/><F107/><W46/><AGARI ba="0,0" hai="46,51,55,76,79,84,89,93" m="2048,31959" machi="46" ten="40,2100,0" yaku="8,1" doraHai="12,114" who="3" fromWho="3" sc="121,-7,220,-7,389,-7,270,21" /><INIT seed="3,1,0,1,4,121" ten="114,213,382,291" oya="3" hai0="22,5,67,133,40,28,125,54,122,124,43,34,77" hai1="42,89,9,65,126,120,45,104,50,112,134,57,79" hai2="4,58,96,70,20,49,6,101,88,86,62,84,127" hai3="61,31,64,66,132,116,78,11,24,135,113,63,118"/><W37/><G78/><T99/><D122/><U13/><E120/><V87/><F70/><N who="3" m="42255" /><G11/><T27/><D133/><N who="3" m="51273" /><G24/><T41/><D77/><U44/><E134/><V59/><F127/><W60/><G31/><T119/><D119/><N who="3" m="45609" /><G113/><T17/><D67/><U94/><E126/><V72/><F72/><W123/><G123/><T2/><D54/><U130/><E104/><V21/><F101/><W90/><G90/><T8/><REACH who="0" step="1"/><D99/><REACH who="0" ten="104,213,382,291" step="2"/><U102/><E79/><V39/><F96/><W3/><G66/><T129/><D129/><U0/><E130/><V108/><F86/><W81/><G3/><T106/><D106/><U74/><E0/><V48/><F87/><W71/><G71/><T46/><D46/><U73/><E112/><V114/><F84/><W36/><G81/><T92/><D92/><U16/><E73/><V15/><F114/><W128/><G128/><T100/><D100/><U1/><E1/><V18/><F88/><W115/><G115/><T25/><AGARI ba="1,1" hai="2,5,8,17,22,25,27,28,34,40,41,43,124,125" machi="25" ten="30,2000,0" yaku="1,1,0,1,53,0" doraHai="121" doraHaiUra="76" who="0" fromWho="0" sc="104,33,213,-6,382,-6,291,-11" owari="137,-36.3,207,-19.3,376,47.6,280,8.0" /></mjloggm>