<mjloggm ver="2.3"><GO type="225" lobby="0"/><UN n0="%4C%4F%4C%49%54%41" n1="%E3%82%A2%E3%83%A1%E3%82%A2%E3%83%A9%E3%83%AC" n2="%E3%81%8B%E3%82%8F%E3%81%A1%E3%82%83%E3%82%93%35%38" n3="%6B%79%6F%6E%6B%6F%31%31" dan="16,16,16,16" rate="2178.19,2121.38,2136.52,2137.25" sx="F,M,M,M"/><TAIKYOKU oya="0"/><INIT seed="0,0,0,1,2,105" ten="250,250,250,250" oya="0" hai0="8,45,44,81,4,50,113,83,110,73,76,56,6" hai1="35,107,23,109,117,130,53,31,5,70,95,61,86" hai2="27,114,82,75,29,90,63,12,98,24,103,55,49" hai3="127,124,112,85,123,74,37,19,115,46,89,111,118"/><T116/><D113/><N who="3" m="43593" /><G19/><T20/><D116/><U47/><E107/><V13/><F114/><W94/><G46/><T72/><D110/><U96/><E35/><V132/><F132/><W0/><G37/><T48/><D20/><U106/><E106/><V34/><F63/><W119/><G0/><T99/><D56/><U104/><E104/><V36/><F36/><W88/><G111/><T97/><D76/><U67/><E130/><V62/><F62/><W54/><G54/><T43/><D8/><U133/><E133/><V129/><F129/><W40/><G40/><AGARI ba="0,0" hai="4,6,40,43,44,45,48,50,72,73,81,83,97,99" machi="40" ten="25,9600,0" yaku="22,2,52,2" doraHai="105" who="0" fromWho="3" sc="250,96,250,0,250,0,250,-96" /><INIT seed="0,1,0,2,1,99" ten="346,250,250,154" oya="0" hai0="55,32,33,120,35,121,69,134,28,106,25,119,108" hai1="24,37,18,42,111,48,117,118,41,49,26,102,133" hai2="95,11,63,57,61,125,110,72,36,2,52,115,14" hai3="59,129,45,132,100,4,67,7,50,9,135,94,53"/><T73/><D55/><U131/><E111/><V130/><F115/><W3/><G129/><T15/><D15/><U12/><E131/><V70/><F130/><W103/><G4/><T82/><D119/><U29/><E133/><N who="3" m="51274" /><G94/><T80/><D134/><U16/><E12/><V98/><F110/><W64/><G64/><T128/><D128/><U123/><E29/><V68/><F125/><W47/><G67/><T22/><D108/><U93/><E93/><V31/><F2/><W62/><G62/><T126/><D69/><U38/><REACH who="1" step="1"/><E102/><AGARI ba="1,0" hai="3,7,9,45,47,50,53,59,100,102,103" m="51274" machi="102" ten="30,7700,0" yaku="20,1,52,3" doraHai="99" who="3" fromWho="1" sc="346,0,250,-80,250,0,154,80" /><INIT seed="1,0,0,3,2,30" ten="346,170,250,234" oya="1" hai0="101,65,25,11,95,103,81,86,83,23,35,85,68" hai1="47,5,46,28,91,120,40,42,90,93,13,32,128" hai2="41,122,53,43,76,135,26,124,74,57,7,9,58" hai3="94,114,97,110,109,49,51,84,21,48,77,3,112"/><U131/><E120/><V62/><F122/><W116/><G3/><T67/><D35/><U104/><E104/><V31/><F124/><W17/><G116/><T61/><D11/><U123/><E123/><V44/><F135/><W39/><G39/><T130/><D130/><N who="1" m="49707" /><E5/><V29/><F29/><W102/><G84/><T80/><D67/><U33/><E13/><V132/><F132/><W27/><REACH who="3" step="1"/><G77/><REACH who="3" ten="346,170,250,224" step="2"/><T64/><D85/><N who="1" m="52431" /><E91/><V72/><F76/><W117/><G117/><T98/><D86/><U73/><E73/><V69/><F74/><W37/><G37/><T45/><D103/><U0/><E0/><V121/><F72/><W88/><G88/><T119/><D119/><U38/><E28/><V78/><F78/><W70/><G70/><T55/><D68/><U96/><E96/><V125/><F69/><W111/><AGARI ba="0,1" hai="17,21,27,48,49,51,94,97,102,109,110,111,112,114" machi="111" ten="40,5200,0" yaku="1,1,0,1,14,1,53,0" doraHai="30" doraHaiUra="56" who="3" fromWho="3" sc="346,-13,170,-26,250,-13,224,62" /><INIT seed="2,0,0,4,5,108" ten="333,144,237,286" oya="2" hai0="50,69,9,52,130,38,129,103,127,49,119,75,112" hai1="128,43,15,2,0,71,82,93,4,58,42,44,120" hai2="89,104,37,67,111,25,33,65,68,53,11,87,24" hai3="101,121,27,76,66,122,124,99,115,109,32,61,8"/><V18/><F111/><W106/><G109/><T28/><D38/><U95/><E128/><N who="0" m="49257" /><D75/><U57/><E71/><V10/><F104/><W47/><G124/><T88/><D112/><U85/><E120/><V81/><F37/><W94/><G76/><T3/><D69/><U14/><E85/><V20/><F68/><W13/><G47/><T125/><D103/><U92/><E44/><V83/><F83/><W59/><G106/><T6/><D119/><U135/><E82/><V86/><F86/><W110/><G110/><T45/><D28/><U114/><E93/><V116/><F116/><W17/><G32/><T19/><D19/><U126/><E4/><V113/><F113/><W100/><G115/><T48/><D88/><U98/><E114/><V80/><F80/><W107/><G107/><T51/><AGARI ba="0,0" hai="3,6,9,45,48,49,50,51,52,125,127" m="49257" machi="51" ten="40,2700,0" yaku="19,1,54,1" doraHai="108" who="0" fromWho="0" sc="333,27,144,-7,237,-13,286,-7" /><INIT seed="3,0,0,0,4,0" ten="360,137,224,279" oya="3" hai0="23,76,56,91,69,134,70,115,102,32,59,88,131" hai1="20,82,47,124,75,122,92,130,11,28,38,7,53" hai2="63,6,40,114,52,99,123,93,48,108,67,84,80" hai3="25,132,17,86,112,127,60,57,62,66,58,30,73"/><W95/><G112/><T98/><D32/><U107/><E130/><V118/><F118/><W126/><G73/><T83/><D131/><U34/><E124/><V29/><F114/><W12/><G132/><T77/><D115/><U111/><E111/><V5/><F40/><W21/><G86/><T16/><D134/><U85/><E122/><V9/><F29/><W116/><G116/><T71/><D88/><U51/><E107/><V79/><F9/><W14/><G95/><T43/><D43/><U1/><E34/><V64/><F108/><W61/><G12/><T45/><D45/><U46/><E92/><V110/><F123/><W135/><G135/><T41/><D91/><U106/><E106/><V37/><F37/><W24/><G24/><T119/><D41/><U27/><E75/><V87/><F87/><W103/><G103/><T3/><D3/><U50/><E38/><V36/><F36/><W65/><REACH who="3" step="1"/><G61/><REACH who="3" ten="360,137,224,269" step="2"/><T54/><D119/><U68/><E68/><N who="0" m="26217" /><D102/><U121/><E121/><V15/><F15/><W55/><G55/><T81/><D54/><U8/><E8/><AGARI ba="0,1" hai="8,14,17,21,25,30,57,58,60,62,65,66,126,127" machi="8" ten="40,7700,0" yaku="1,1,9,1,53,1" doraHai="0" doraHaiUra="4" who="3" fromWho="1" sc="360,0,137,-77,224,0,269,87" /><INIT seed="3,1,0,1,5,12" ten="360,60,224,356" oya="3" hai0="92,90,40,116,54,77,18,64,88,53,27,52,112" hai1="105,114,16,118,70,4,83,73,15,128,62,69,58" hai2="34,3,94,122,43,47,121,109,71,33,29,106,17" hai3="133,56,50,28,9,24,79,85,19,42,36,66,81"/><W135/><G36/><T82/><D116/><U55/><E128/><V130/><F94/><W113/><G113/><T102/><D112/><U95/><E114/><V20/><F47/><W104/><G104/><T44/><D64/><U132/><E105/><V57/><F57/><W7/><G19/><T1/><D1/><U46/><E132/><N who="3" m="50762" /><G66/><T75/><D102/><U23/><E118/><V101/><F101/><W8/><G7/><T91/><D18/><U84/><E4/><V0/><F43/><W11/><G56/><T125/><D27/><U120/><E120/><N who="2" m="46187" /><F71/><W13/><G13/><T68/><D125/><U76/><E46/><V72/><F72/><W48/><G42/><T35/><D35/><AGARI ba="1,0" hai="8,9,11,24,28,35,48,50,79,81,85" m="50762" machi="35" ten="30,1500,0" yaku="20,1" doraHai="12" who="3" fromWho="0" sc="360,-18,60,0,224,0,356,18" owari="342,14.2,60,-44.0,224,-17.6,374,47.4" /></mjloggm>