<mjloggm ver="2.3"><GO type="225" lobby="0"/><UN n0="%72%69%6F%75%63%68%61%6E" n1="%E3%81%95%E3%81%8D%E3%81%9F%E3%81%BE%E6%9E%97%E6%AA%8E" n2="%6D%75%75%6D%75%72%61" n3="%E3%81%9F%E3%81%93%E2%98%86%E7%84%BC%E3%81%8D" dan="16,16,16,16" rate="2222.26,2074.90,2114.70,2099.09" sx="M,M,F,M"/><TAIKYOKU oya="0"/><INIT seed="0,0,0,0,4,47" ten="250,250,250,250" oya="0" hai0="6,22,63,88,135,108,17,73,122,16,89,134,84" hai1="105,90,71,43,123,118,117,31,115,45,109,56,106" hai2="8,20,95,127,120,30,125,60,98,14,130,87,11" hai3="24,7,91,19,113,27,107,58,34,69,92,38,85"/><T65/><D122/><U53/><E109/><V25/><F120/><W37/><G69/><T15/><D73/><U42/><E123/><V124/><F130/><W99/><G113/><T32/><D32/><U46/><E71/><V40/><F40/><W21/><G7/><T67/><D108/><U50/><E115/><V93/><F60/><W121/><G121/><T133/><D6/><U82/><E31/><V132/><F132/><W0/><G0/><T119/><D119/><U126/><E126/><V57/><F57/><W10/><G10/><N who="0" m="6263" /><D84/><U75/><E106/><V97/><F87/><W55/><G107/><T39/><D39/><U101/><E101/><N who="2" m="60591" /><F14/><W81/><G27/><N who="0" m="14799" /><D65/><U100/><E100/><AGARI ba="0,0" hai="8,11,20,25,30,95,98,100,124,125,127" m="60591" machi="100" ten="30,1000,0" yaku="18,1" doraHai="47" who="2" fromWho="1" sc="250,0,250,-10,250,10,250,0" /><INIT seed="1,0,0,5,0,44" ten="250,240,260,250" oya="1" hai0="64,13,17,10,130,68,114,2,1,116,42,90,71" hai1="133,3,46,119,4,127,131,21,94,126,18,132,88" hai2="115,0,32,20,34,109,79,118,48,66,25,124,26" hai3="101,129,99,49,60,113,69,31,84,41,67,6,63"/><U15/><E119/><V134/><F118/><W45/><G113/><T30/><D116/><U86/><E3/><V123/><F123/><W85/><G129/><T28/><D114/><U135/><E4/><V36/><F36/><W22/><G6/><T112/><D112/><U108/><E108/><V39/><F39/><W76/><G63/><T98/><D130/><U33/><E33/><V38/><F38/><W35/><G76/><T110/><D110/><U12/><E46/><V55/><F109/><W102/><G102/><T57/><D42/><U128/><E15/><V59/><F0/><W16/><G31/><T58/><D1/><U24/><REACH who="1" step="1"/><E12/><REACH who="1" ten="250,230,260,250" step="2"/><V81/><F115/><W56/><G35/><T50/><D2/><U70/><E70/><V7/><F7/><W107/><G69/><T11/><D71/><U106/><E106/><V43/><F34/><W51/><G51/><T100/><D68/><U95/><E95/><V54/><F32/><W29/><REACH who="3" step="1"/><G29/><REACH who="3" ten="250,230,260,240" step="2"/><T97/><D28/><U125/><AGARI ba="0,2" hai="18,21,24,86,88,94,125,126,127,128,131,132,133,135" machi="125" ten="40,18000,2" yaku="1,1,0,1,30,2,18,1,20,1,54,1,53,0" doraHai="44" doraHaiUra="103" who="1" fromWho="1" sc="250,-60,230,200,260,-60,240,-60" /><INIT seed="1,1,0,5,5,31" ten="190,430,200,180" oya="1" hai0="87,62,65,130,84,44,106,127,45,116,59,50,128" hai1="68,81,109,69,49,93,117,134,30,3,1,60,40" hai2="88,129,122,19,105,115,108,119,114,83,98,56,12" hai3="26,57,8,29,9,36,21,74,70,131,120,97,6"/><U17/><E117/><V10/><F119/><W82/><G120/><T34/><D127/><U15/><E134/><V35/><F122/><W100/><G70/><T41/><D116/><U4/><E30/><V85/><F108/><W54/><G36/><T20/><D106/><U33/><E33/><V55/><F129/><N who="0" m="49770" /><D34/><U78/><E93/><V32/><F105/><W67/><G67/><T112/><D112/><N who="2" m="43050" /><F98/><W51/><G131/><T48/><D20/><U89/><E89/><V52/><F55/><AGARI ba="1,0" hai="41,44,45,48,50,55,59,62,65,84,87" m="49770" machi="55" ten="30,1000,0" yaku="19,1" doraHai="31" who="0" fromWho="2" sc="190,13,430,0,200,-13,180,0" /><INIT seed="2,0,0,2,3,118" ten="203,430,187,180" oya="2" hai0="30,70,7,98,43,1,128,89,133,102,83,28,16" hai1="103,66,62,40,112,135,127,90,50,13,18,48,5" hai2="79,39,20,75,14,115,64,10,37,106,117,73,34" hai3="61,67,12,126,124,35,109,60,74,32,71,129,72"/><V92/><F106/><W33/><G12/><T21/><D70/><U84/><E127/><N who="3" m="48682" /><G109/><T130/><D133/><U2/><E135/><V38/><F117/><W42/><G42/><T59/><D43/><U51/><E112/><V44/><F115/><W31/><G61/><T101/><D59/><N who="1" m="37215" /><E2/><V36/><F34/><W77/><G129/><N who="0" m="49771" /><D102/><U52/><E103/><V29/><F64/><W86/><G86/><N who="0" m="50399" /><D7/><U95/><E5/><V85/><F39/><W97/><G97/><T100/><D1/><U121/><E121/><V111/><F111/><W68/><G68/><T96/><D101/><U132/><E132/><V54/><F38/><W76/><G76/><T19/><D19/><U69/><E69/><V123/><F123/><W55/><G55/><T125/><D125/><U4/><E4/><N who="2" m="3399" /><F37/><W9/><G9/><T22/><D22/><N who="1" m="11599" /><E40/><V49/><F36/><W3/><G3/><T113/><D113/><U11/><E11/><V108/><F108/><W17/><G17/><T23/><D23/><U110/><E110/><V47/><F75/><N who="3" m="28715" /><G77/><T58/><D100/><U41/><E41/><V78/><F73/><W46/><G46/><AGARI ba="0,0" hai="46,48,50,51,52,84,90,95" m="11599,37215" machi="46" ten="30,2000,0" yaku="8,1,54,1" doraHai="118" who="1" fromWho="3" sc="203,0,430,20,187,0,180,-20" /><INIT seed="3,0,0,5,3,51" ten="203,450,187,160" oya="3" hai0="46,131,78,120,71,99,23,21,74,16,70,68,85" hai1="8,124,132,27,64,26,1,122,37,87,52,9,65" hai2="130,19,13,133,62,135,11,67,66,112,15,83,102" hai3="73,94,104,126,129,111,92,36,100,57,2,33,84"/><W35/><G36/><T14/><D120/><U110/><E110/><V125/><F112/><W82/><G2/><T107/><D74/><U0/><E124/><V72/><F125/><W127/><G111/><T47/><D131/><U44/><E132/><N who="2" m="50763" /><F130/><W77/><G129/><T90/><D78/><U109/><E37/><V7/><F102/><W105/><G127/><T106/><D23/><U60/><E44/><V39/><F39/><W42/><G42/><T48/><D99/><U63/><E60/><V115/><F115/><W114/><G114/><T81/><REACH who="0" step="1"/><D46/><REACH who="0" ten="193,450,187,160" step="2"/><U28/><E63/><V50/><F62/><W38/><G126/><T53/><AGARI ba="0,1" hai="14,16,21,47,48,53,68,70,71,81,85,90,106,107" machi="53" ten="30,8000,1" yaku="1,1,2,1,0,1,52,1,54,1,53,0" doraHai="51" doraHaiUra="117" who="0" fromWho="0" sc="193,90,450,-20,187,-20,160,-40" owari="283,8.3,430,53.0,167,-23.3,120,-38.0" /></mjloggm>