<mjloggm ver="2.3"><GO type="225" lobby="0"/><UN n0="%E6%98%93%E5%88%A9%E8%96%A9%E4%BC%AF" n1="%E5%A4%96%E5%B7%9D%E7%AB%9C%E6%88%90" n2="%E3%83%97%E3%83%AC%E3%83%B4%E3%82%A1%E3%83%86%E3%82%A3" n3="%E3%81%A8%E3%82%93%E3%81%A8%E3%81%93%E3%81%A8%E3%82%93" dan="16,16,16,16" rate="2060.52,2163.65,2165.13,2126.43" sx="F,M,F,F"/><TAIKYOKU oya="0"/><INIT seed="0,0,0,2,3,66" ten="250,250,250,250" oya="0" hai0="21,130,62,12,67,122,24,82,10,86,111,94,33" hai1="51,26,6,102,53,49,15,45,128,18,78,7,1" hai2="109,68,80,14,57,17,11,46,123,113,127,96,65" hai3="5,120,99,98,34,25,13,95,91,64,84,35,22"/><T28/><D130/><U63/><E128/><V73/><F123/><W124/><G124/><T135/><D135/><U31/><E1/><V121/><F121/><W76/><G120/><T110/><D94/><U114/><E114/><V71/><F113/><W104/><G64/><T83/><D33/><U48/><E102/><V2/><F127/><W9/><G104/><T61/><D61/><U115/><E78/><V125/><F125/><W43/><G43/><T39/><D39/><U56/><E115/><V129/><F129/><W107/><G98/><T134/><D134/><U19/><E45/><V50/><F2/><W23/><G23/><T119/><D119/><U89/><E89/><V92/><F109/><N who="0" m="41482" /><D86/><U47/><E47/><V16/><F17/><W37/><G37/><T32/><D32/><U55/><E55/><V85/><F73/><W106/><G106/><T58/><D122/><U72/><E72/><V132/><F132/><W100/><REACH who="3" step="1"/><G76/><REACH who="3" ten="250,250,250,240" step="2"/><T131/><D131/><U69/><E53/><N who="2" m="29911" /><F65/><W97/><G97/><T40/><D40/><U60/><E31/><AGARI ba="0,1" hai="5,9,13,22,25,31,34,35,84,91,95,99,100,107" machi="31" ten="30,3900,0" yaku="1,1,7,1,53,1" doraHai="66" doraHaiUra="0" who="3" fromWho="1" sc="250,0,250,-39,250,0,240,49" /><INIT seed="1,0,0,3,5,108" ten="250,211,250,289" oya="1" hai0="129,14,4,40,70,23,121,16,44,38,11,84,58" hai1="109,53,95,68,62,45,82,34,114,27,124,2,86" hai2="88,41,85,47,81,1,119,10,66,60,24,35,8" hai3="76,107,30,126,33,0,123,19,51,101,74,80,20"/><U37/><E2/><V65/><F119/><W64/><G123/><T90/><D129/><U75/><E109/><V99/><F1/><W92/><G0/><T103/><D121/><U57/><E114/><V50/><F66/><W134/><G107/><T17/><D70/><U54/><E124/><V133/><F133/><W59/><G126/><T93/><D103/><U113/><E113/><V78/><F35/><W102/><G134/><T104/><D104/><U73/><E95/><V71/><F24/><W25/><G92/><T28/><REACH who="0" step="1"/><D58/><REACH who="0" ten="240,211,250,289" step="2"/><U12/><E68/><V32/><F32/><W43/><G101/><T112/><D112/><U77/><E34/><V36/><F99/><W115/><G102/><T5/><D5/><U120/><E120/><V110/><F110/><W56/><G115/><T52/><D52/><U100/><E100/><V3/><F3/><W94/><G64/><T125/><D125/><U55/><E55/><V39/><REACH who="2" step="1"/><F78/><REACH who="2" ten="240,211,240,289" step="2"/><W63/><G76/><T22/><D22/><U118/><E77/><V21/><F21/><W130/><G20/><T49/><D49/><U15/><E118/><V87/><F87/><W83/><G51/><T98/><D98/><U61/><E86/><V18/><F18/><W135/><G19/><T116/><D116/><U42/><E75/><V31/><F31/><W89/><G30/><T91/><D91/><U29/><E73/><V46/><F46/><W128/><G74/><T127/><D127/><U72/><E72/><V105/><F105/><W97/><G89/><T132/><D132/><U122/><E122/><V48/><F48/><RYUUKYOKU ba="0,2" sc="240,15,211,-15,240,15,289,-15" hai0="4,11,14,16,17,23,28,38,40,44,84,90,93" hai2="8,10,36,39,41,47,50,60,65,71,81,85,88" /><INIT seed="2,1,2,4,3,50" ten="255,196,255,274" oya="2" hai0="116,21,103,72,70,79,28,19,66,35,113,43,119" hai1="86,29,52,47,40,9,15,102,109,127,13,118,83" hai2="67,56,111,60,129,68,123,110,91,41,6,18,65" hai3="16,90,126,26,132,8,49,64,82,1,48,45,61"/><V124/><F6/><W131/><G131/><T81/><D113/><U105/><E118/><V84/><F123/><W5/><G132/><T76/><D76/><U130/><E130/><V38/><F129/><W71/><G126/><T121/><D121/><U58/><E127/><V30/><F124/><W25/><G49/><T92/><D43/><U100/><E105/><V93/><F30/><W51/><G48/><T2/><D2/><U75/><E75/><V14/><F67/><W117/><G117/><T114/><D114/><U120/><E120/><V22/><REACH who="2" step="1"/><F56/><REACH who="2" ten="255,196,245,274" step="2"/><W85/><REACH who="3" step="1"/><G16/><REACH who="3" ten="255,196,245,264" step="2"/><T37/><D19/><U31/><E31/><V17/><F17/><W87/><G87/><T95/><D28/><U27/><E29/><V57/><F57/><W108/><G108/><T3/><D119/><U89/><E109/><V104/><F104/><W53/><AGARI ba="1,4" hai="1,5,8,25,26,45,51,53,61,64,71,82,85,90" machi="53" ten="20,5200,0" yaku="1,1,0,1,7,1,52,1,53,0" doraHai="50" doraHaiUra="39" who="3" fromWho="3" sc="255,-14,196,-14,245,-27,264,95" /><INIT seed="3,0,0,3,4,112" ten="241,182,218,359" oya="3" hai0="110,77,12,116,4,91,35,6,120,30,87,55,84" hai1="31,27,44,15,107,79,53,70,59,68,52,22,47" hai2="64,100,128,36,34,132,37,95,14,115,43,76,25" hai3="97,49,11,122,105,93,56,130,121,108,63,67,83"/><W50/><G105/><T66/><D116/><U13/><E107/><V99/><F115/><W81/><G11/><T102/><D102/><U86/><E70/><V26/><F128/><W125/><G125/><T1/><D1/><U109/><E109/><V39/><F132/><W9/><G9/><T23/><D66/><U8/><E68/><V92/><F64/><W124/><G124/><T118/><D35/><U133/><E133/><V126/><F126/><W106/><G106/><T89/><D77/><U61/><E53/><V19/><F34/><W16/><G16/><T38/><D118/><U10/><E79/><V2/><F2/><W0/><G0/><T78/><D38/><U40/><E86/><V98/><F76/><W113/><G108/><T129/><D120/><U20/><E20/><V62/><F62/><W73/><G73/><T24/><D87/><U29/><E29/><V65/><F65/><W117/><G67/><T41/><D55/><U7/><E40/><V114/><F114/><W85/><G113/><T57/><D41/><U45/><E44/><V72/><F72/><W123/><G130/><T82/><D84/><U127/><E127/><V71/><F71/><W90/><G85/><T135/><D78/><U51/><E61/><V96/><F43/><W46/><G63/><T103/><D129/><U111/><E111/><V5/><F5/><AGARI ba="0,0" hai="5,7,8,10,13,15,22,27,31,45,47,51,52,59" machi="5" ten="30,7700,0" yaku="7,1,9,1,8,1,54,1" doraHai="112" who="1" fromWho="2" sc="241,0,182,77,218,-77,359,0" owari="241,-15.9,259,5.9,141,-35.9,359,45.9" /></mjloggm>