<mjloggm ver="2.3"><GO type="225" lobby="0"/><UN n0="%E6%80%AA%E3%81%97%E3%81%99%E3%81%8E%E3%82%8B%E3%83%81%E3%83%BC" n1="%4E%49%4A%49%49%52%4F" n2="%E8%91%89%E5%B1%B1%E9%99%BD%E5%92%8C" n3="%73%69%72%6F%75%74" dan="16,16,16,16" rate="2176.64,2173.44,2108.89,2025.98" sx="M,M,F,M"/><TAIKYOKU oya="0"/><INIT seed="0,0,0,5,3,109" ten="250,250,250,250" oya="0" hai0="66,96,55,85,28,51,5,67,97,63,70,126,87" hai1="41,60,112,95,108,25,76,106,37,123,102,58,40" hai2="119,84,101,120,105,7,88,124,74,24,99,10,115" hai3="92,47,72,90,121,130,53,62,54,59,127,75,116"/><T12/><D126/><U113/><E108/><V69/><F120/><W32/><G32/><T23/><D28/><U8/><E123/><V78/><F124/><W6/><G127/><T77/><D67/><U50/><E106/><V9/><F119/><W111/><G111/><T49/><D49/><U61/><E37/><V79/><F69/><W122/><G130/><T135/><D135/><U42/><E76/><V98/><F98/><W2/><G116/><T91/><D77/><U1/><E25/><V94/><F115/><N who="1" m="44105" /><E102/><V64/><F64/><W132/><G132/><T26/><D26/><U134/><E134/><V3/><F74/><W128/><G72/><T17/><D5/><N who="1" m="1071" /><E95/><V82/><F24/><W35/><G92/><T100/><D100/><U52/><AGARI ba="0,0" hai="40,41,42,50,52,58,60,61" m="1071,44105" machi="52" ten="40,8000,1" yaku="11,1,52,3,54,1" doraHai="109" who="1" fromWho="1" sc="250,-40,250,80,250,-20,250,-20" /><INIT seed="1,0,0,1,3,62" ten="210,330,230,230" oya="1" hai0="115,55,54,41,102,132,42,113,68,67,94,20,30" hai1="76,74,16,35,109,51,104,128,46,19,22,123,34" hai2="135,106,17,65,119,87,31,99,103,133,61,127,43" hai3="29,116,9,100,18,112,75,64,57,90,83,117,84"/><U93/><E123/><V27/><F119/><N who="3" m="45643" /><G112/><N who="0" m="43083" /><D20/><U36/><E104/><V71/><F127/><W13/><G29/><T107/><D94/><U72/><E36/><V2/><F17/><W45/><G45/><T4/><D102/><U86/><E109/><V78/><F43/><N who="0" m="16394" /><D4/><U5/><E128/><V110/><F110/><W81/><G100/><T131/><D30/><U82/><E5/><V6/><F78/><N who="3" m="44255" /><G57/><T44/><D107/><U49/><E49/><V92/><F87/><W80/><G80/><T1/><D1/><U48/><E46/><V12/><F92/><W50/><G50/><N who="0" m="28999" /><D131/><U108/><E108/><V89/><F89/><W70/><G18/><T101/><D101/><U121/><E93/><V26/><F2/><W73/><G13/><T124/><D124/><U33/><E33/><N who="2" m="20727" /><F27/><W10/><G73/><T134/><D55/><U105/><E105/><V7/><F12/><W79/><G90/><T15/><D15/><U24/><E82/><V66/><F6/><W23/><G23/><T37/><D37/><U60/><E76/><V77/><F7/><W63/><AGARI ba="0,0" hai="9,10,63,64,70,79,83,84" m="44255,45643" machi="63" ten="30,2000,0" yaku="12,1,52,1" doraHai="62" who="3" fromWho="3" sc="210,-5,330,-10,230,-5,230,20" /><INIT seed="2,0,0,5,2,133" ten="205,320,225,250" oya="2" hai0="116,14,57,35,91,121,50,88,24,119,46,7,115" hai1="94,11,3,130,107,10,99,75,53,65,95,84,127" hai2="114,80,124,18,98,105,123,111,122,64,132,77,23" hai3="37,125,67,40,92,13,41,39,2,52,49,31,56"/><V134/><F64/><W51/><G2/><T60/><D115/><U38/><E75/><V45/><F114/><W9/><G31/><N who="0" m="19943" /><D14/><U5/><E38/><V20/><F45/><W86/><G67/><N who="0" m="39311" /><D7/><U55/><E130/><V44/><F44/><W131/><G131/><T43/><D121/><U47/><E107/><V33/><F33/><W28/><G28/><T82/><D82/><U78/><E65/><V58/><F58/><W104/><G104/><T110/><D110/><U66/><E66/><V83/><F111/><W54/><G92/><T48/><D48/><U59/><E47/><V22/><F18/><W34/><G86/><T4/><D4/><U6/><E59/><V68/><F68/><W113/><G34/><T27/><D27/><U89/><E78/><V17/><F17/><W63/><G113/><T112/><D112/><U25/><E25/><V76/><F22/><W21/><G21/><T81/><D81/><U15/><E84/><V26/><F26/><W30/><G30/><T73/><D73/><U85/><E85/><V120/><F120/><W32/><G32/><T16/><D16/><U108/><E108/><V90/><F105/><W87/><G87/><T71/><D71/><U129/><E129/><V74/><F74/><W102/><G39/><T109/><D109/><U8/><E8/><V0/><F0/><W62/><G37/><T29/><D29/><U118/><E10/><V69/><F69/><W100/><G9/><T42/><D42/><U93/><E3/><V117/><F123/><W135/><G41/><T12/><D12/><U103/><E15/><RYUUKYOKU ba="0,0" sc="205,30,320,-10,225,-10,250,-10" hai0="43,46,50,88,91,116,119" /><INIT seed="3,1,0,2,4,18" ten="235,310,215,240" oya="3" hai0="30,66,114,44,36,56,99,97,58,63,100,72,91" hai1="78,57,53,48,38,88,50,118,77,65,6,105,68" hai2="130,131,102,28,111,12,22,126,4,60,24,82,52" hai3="71,122,121,10,1,127,101,93,40,13,34,31,51"/><W103/><G71/><T43/><D114/><U92/><E105/><V64/><F111/><W84/><G1/><T112/><D112/><U90/><E38/><V73/><F102/><N who="3" m="38923" /><G34/><T113/><D72/><U79/><E118/><V62/><F126/><W29/><G127/><T17/><D113/><U26/><E68/><V11/><F52/><W39/><G39/><T5/><D30/><U110/><E110/><V27/><F27/><W61/><G61/><T7/><D58/><U85/><E6/><V59/><REACH who="2" step="1"/><F62/><REACH who="2" ten="235,310,205,240" step="2"/><W46/><G122/><T42/><D63/><U70/><E26/><V15/><F15/><W14/><G121/><T49/><D42/><U120/><E120/><V54/><F54/><W37/><G13/><T129/><D43/><U119/><E53/><V83/><F83/><W87/><G93/><T116/><D116/><U76/><E119/><V33/><F33/><W109/><G109/><T134/><D100/><U98/><E65/><V80/><F80/><W45/><G45/><T86/><D66/><U47/><E47/><V108/><F108/><W104/><G40/><T128/><D44/><U8/><E57/><V32/><F32/><W21/><G46/><T75/><D56/><U94/><E70/><V124/><F124/><W35/><G14/><T81/><D81/><N who="1" m="47295" /><E50/><V23/><F23/><W3/><G51/><T0/><D49/><U96/><E48/><V89/><F89/><W16/><G35/><T9/><D91/><U74/><E74/><V95/><F95/><W69/><G69/><T133/><D75/><U135/><E8/><V115/><F115/><RYUUKYOKU ba="1,1" sc="235,-15,310,15,205,15,240,-15" hai1="76,77,78,88,90,92,94,96,98,135" hai2="4,11,12,22,24,28,59,60,64,73,82,130,131" owari="220,-18.0,335,43.5,220,-28.0,225,2.5" /></mjloggm>