<mjloggm ver="2.3"><GO type="225" lobby="0"/><UN n0="%E3%82%82%E3%81%90%E3%82%89" n1="%E3%82%B7%E3%83%B3%E5%A4%AA%E6%9C%97" n2="%E9%80%9F%E6%B0%B4%E5%87%9B%E9%A6%99" n3="%6D%75%75%6D%75%72%61" dan="16,16,16,16" rate="2199.50,2149.61,2203.09,2125.92" sx="M,M,F,F"/><TAIKYOKU oya="0"/><INIT seed="0,0,0,1,3,0" ten="250,250,250,250" oya="0" hai0="19,84,76,57,128,58,121,4,27,56,108,88,55" hai1="91,78,46,59,77,2,11,31,22,39,7,92,112" hai2="51,34,30,43,66,89,67,106,80,115,13,10,35" hai3="95,81,3,117,93,133,63,42,1,17,109,61,16"/><T23/><D121/><U41/><E112/><V99/><F115/><W33/><G117/><T103/><D128/><U48/><E31/><V68/><F68/><W52/><G33/><T37/><D37/><U87/><REACH who="1" step="1"/><E22/><REACH who="1" ten="250,240,250,250" step="2"/><V126/><F30/><W50/><G109/><T44/><D108/><U29/><E29/><V127/><F34/><W14/><G133/><T60/><D103/><U114/><E114/><V69/><F35/><W131/><G131/><T123/><D123/><U90/><E90/><V129/><F89/><W116/><G116/><T122/><D122/><U125/><E125/><V32/><F129/><W25/><G25/><T100/><D100/><U104/><E104/><V62/><F32/><W9/><G1/><T70/><D76/><U94/><E94/><V107/><F106/><W79/><G3/><T73/><D70/><U15/><E15/><V18/><F107/><W20/><G93/><N who="0" m="54407" /><D73/><U54/><AGARI ba="0,1" hai="2,7,11,39,41,46,48,54,59,77,78,87,91,92" machi="54" ten="30,4000,0" yaku="1,1,0,1,52,1,53,0" doraHai="0" doraHaiUra="135" who="1" fromWho="1" sc="250,-20,240,50,250,-10,250,-10" /><INIT seed="1,0,0,1,0,77" ten="230,290,240,240" oya="1" hai0="68,100,72,94,44,111,97,41,110,104,87,22,66" hai1="103,69,112,59,108,78,37,75,53,26,48,122,117" hai2="0,131,67,84,31,64,35,52,119,2,135,98,91" hai3="123,81,7,102,121,95,40,93,114,23,101,20,89"/><U62/><E117/><V9/><F119/><W12/><G114/><T49/><D72/><U33/><E122/><V70/><F70/><W29/><G40/><T125/><D125/><U11/><E112/><V15/><F135/><W86/><G121/><T73/><D73/><U4/><E37/><V105/><F131/><W80/><G123/><T55/><D68/><U8/><E108/><N who="0" m="41513" /><D66/><U85/><E103/><N who="3" m="39434" /><G95/><T43/><D22/><N who="3" m="8233" /><G29/><T1/><D1/><U39/><E75/><V126/><F31/><W5/><G5/><T13/><D13/><U18/><E39/><V82/><F35/><W60/><G60/><T120/><D120/><U3/><E33/><V106/><F126/><W6/><G6/><T51/><D51/><U46/><E69/><V76/><F0/><W19/><G7/><T133/><D133/><U45/><E26/><V30/><F2/><W134/><G134/><T132/><D132/><U36/><E36/><V74/><F30/><W56/><G56/><T99/><D87/><U127/><E127/><V71/><F71/><W129/><G129/><T16/><D16/><U118/><E118/><V58/><F74/><W32/><G32/><T10/><D10/><AGARI ba="0,0" hai="10,12,19,80,81,86,89,93" m="8233,39434" machi="10" ten="30,3900,0" yaku="8,1,52,2" doraHai="77" who="3" fromWho="0" sc="230,-39,290,0,240,0,240,39" /><INIT seed="2,0,0,1,1,46" ten="191,290,240,279" oya="2" hai0="73,125,116,131,42,11,0,2,110,5,34,88,80" hai1="134,130,27,44,119,50,8,30,66,55,94,72,12" hai2="70,77,103,128,60,24,118,45,54,48,85,95,3" hai3="78,106,7,115,76,135,86,62,126,67,81,4,13"/><V111/><F118/><W29/><G135/><T18/><D116/><U104/><E104/><V19/><F3/><W89/><G126/><T79/><D125/><U53/><E119/><V74/><F74/><W35/><G106/><T9/><D110/><U105/><E105/><V98/><F111/><W82/><G115/><T100/><D131/><U37/><E72/><V64/><F128/><W123/><G123/><T121/><D121/><U39/><E130/><V23/><F77/><W84/><G89/><T41/><D34/><U56/><E66/><V93/><F85/><W38/><G38/><T59/><D100/><U107/><E94/><AGARI ba="0,0" hai="19,23,24,45,48,54,60,64,70,93,94,95,98,103" machi="94" ten="30,2900,0" yaku="7,1,52,1" doraHai="46" who="2" fromWho="1" sc="191,0,290,-29,240,29,279,0" /><INIT seed="2,1,0,2,5,82" ten="191,261,269,279" oya="2" hai0="63,0,48,14,17,68,50,120,49,127,22,41,86" hai1="89,65,40,34,121,15,3,118,58,74,16,42,94" hai2="1,47,60,134,38,54,123,87,116,45,26,110,53" hai3="43,20,112,107,76,90,35,6,9,84,71,115,12"/><V56/><F1/><W97/><G35/><T8/><D120/><U113/><E74/><V78/><F123/><W79/><G71/><T36/><D127/><U13/><E118/><V77/><F116/><W91/><G43/><T128/><D128/><U37/><E3/><V81/><F134/><W122/><G122/><T19/><D36/><U131/><E34/><V114/><F114/><N who="3" m="43563" /><G20/><T99/><D99/><U117/><E37/><V133/><F133/><W83/><G91/><T73/><D73/><U96/><E117/><V61/><F110/><W130/><G130/><T46/><D0/><U100/><E131/><V92/><F38/><W51/><G51/><T59/><D68/><U106/><E13/><V108/><F108/><W55/><G55/><T18/><D86/><U21/><E113/><V57/><F78/><W11/><G9/><T4/><REACH who="0" step="1"/><D22/><REACH who="0" ten="181,261,269,279" step="2"/><U32/><E121/><V72/><F72/><W28/><G97/><T31/><D31/><U111/><E111/><V93/><F93/><W125/><G125/><T23/><D23/><U101/><E32/><V88/><F92/><W103/><G28/><T80/><D80/><U95/><E106/><V132/><F132/><W24/><G107/><T109/><D109/><U98/><E101/><V10/><F81/><W67/><G103/><T64/><AGARI ba="1,1" hai="4,8,14,17,18,19,41,46,48,49,50,59,63,64" machi="64" ten="30,4000,0" yaku="1,1,0,1,8,1,53,0" doraHai="82" doraHaiUra="25" who="0" fromWho="0" sc="181,53,261,-11,269,-21,279,-11" /><INIT seed="3,0,0,1,2,46" ten="234,250,248,268" oya="3" hai0="23,42,10,69,64,129,59,72,134,24,52,116,114" hai1="103,45,108,50,7,63,13,82,122,117,36,57,125" hai2="21,39,110,61,102,76,38,101,113,17,65,130,19" hai3="56,88,73,95,37,89,127,27,5,6,26,71,35"/><W99/><G71/><T3/><D116/><U33/><E33/><V132/><F113/><W135/><G73/><T109/><D72/><U25/><E36/><V54/><F76/><W90/><G37/><T67/><D114/><U1/><E108/><V2/><F2/><W0/><G127/><T43/><D109/><U123/><E1/><V126/><F110/><W74/><G74/><T124/><D124/><U68/><E68/><V81/><F54/><W14/><G0/><T92/><D129/><U41/><E103/><V70/><F130/><W28/><G135/><T12/><D3/><U79/><E25/><V15/><F81/><W53/><G27/><T94/><D134/><U86/><E117/><V75/><F75/><W121/><G121/><T111/><D43/><U133/><E133/><V51/><F126/><W9/><REACH who="3" step="1"/><G5/><REACH who="3" ten="234,250,248,258" step="2"/><N who="0" m="3151" /><D69/><U93/><E125/><V115/><F132/><W100/><G100/><T47/><D111/><U66/><E93/><V32/><F101/><W29/><G29/><N who="0" m="17567" /><D94/><U97/><E97/><V120/><F120/><W49/><AGARI ba="0,1" hai="6,9,14,26,28,35,49,53,56,88,89,90,95,99" machi="49" ten="20,12000,1" yaku="1,1,0,1,7,1,52,1,54,1,53,0" doraHai="46" doraHaiUra="105" who="3" fromWho="3" sc="234,-40,250,-40,248,-40,258,130" owari="194,-30.6,210,1.0,208,-19.2,388,48.8" /></mjloggm>