<mjloggm ver="2.3"><GO type="225" lobby="0"/><UN n0="%E3%82%B2%E3%82%B9%E8%8C%82%E5%8B%9D" n1="%E5%84%AA%40%41%42%43" n2="%33%74%72%65%65" n3="%E8%B6%85%E7%B4%9A%E9%B3%B3%E5%87%B0" dan="16,17,16,16" rate="2126.77,2163.32,2096.88,2188.18" sx="F,M,F,F"/><TAIKYOKU oya="0"/><INIT seed="0,0,0,2,0,55" ten="250,250,250,250" oya="0" hai0="110,120,70,96,38,78,65,10,111,131,104,69,50" hai1="48,1,61,95,59,32,108,29,92,57,18,71,113" hai2="64,109,5,15,99,127,63,125,98,129,67,87,62" hai3="41,37,51,34,79,103,31,66,118,9,117,130,68"/><T54/><D120/><U23/><E1/><V84/><F15/><W112/><G112/><T128/><D38/><U114/><E108/><N who="0" m="41513" /><D78/><U94/><E29/><V97/><F109/><W76/><G130/><N who="0" m="49707" /><D10/><U86/><E32/><V39/><F129/><W17/><G37/><T30/><D30/><U58/><E48/><V134/><F39/><W91/><G34/><T11/><D11/><U40/><E40/><V35/><F35/><W72/><G31/><T126/><D126/><N who="2" m="48138" /><F134/><W12/><G72/><T56/><D104/><U115/><E71/><N who="0" m="27145" /><D96/><U36/><E36/><V102/><F5/><W45/><G79/><T77/><D77/><U43/><E43/><V0/><F0/><W22/><G76/><T4/><D65/><N who="2" m="25162" /><F102/><W81/><G103/><T14/><D14/><N who="1" m="9687" /><E61/><AGARI ba="0,0" hai="61,62,63,84,87,97,98,99" m="25162,48138" machi="61" ten="40,5200,0" yaku="28,2,18,1" doraHai="55" who="2" fromWho="1" sc="250,0,250,-52,250,52,250,0" /><INIT seed="1,0,0,5,0,114" ten="250,198,302,250" oya="1" hai0="29,34,22,45,59,110,86,25,82,130,16,37,135" hai1="124,119,123,131,84,111,122,102,44,93,18,28,98" hai2="105,66,1,89,9,36,63,62,88,39,3,30,31" hai3="42,73,121,117,92,71,74,108,69,133,26,33,100"/><U129/><E28/><V41/><F105/><W32/><G121/><N who="1" m="46090" /><E18/><V75/><F75/><W53/><G108/><T20/><D110/><U12/><E12/><V49/><F49/><W52/><G133/><T109/><D109/><U118/><E111/><V76/><F76/><W106/><G106/><T14/><D130/><N who="1" m="49675" /><E124/><V47/><F9/><W99/><G42/><T96/><D135/><U97/><E44/><V83/><F47/><W95/><G26/><T2/><D2/><U61/><E61/><V104/><F3/><W85/><G85/><T126/><D126/><U112/><E112/><V4/><F31/><W128/><G128/><T87/><D59/><U46/><E46/><V13/><F62/><W77/><G99/><N who="1" m="37898" /><E102/><V38/><F13/><W127/><G100/><T58/><D96/><U27/><E27/><V55/><F30/><W56/><G56/><T94/><D58/><U0/><E0/><V19/><F63/><W6/><G6/><T91/><D45/><U125/><E125/><V132/><F4/><W90/><G127/><T35/><REACH who="0" step="1"/><D37/><REACH who="0" ten="240,198,302,250" step="2"/><U51/><E51/><V40/><F38/><W50/><G50/><T10/><D10/><U116/><E84/><V21/><F39/><W107/><G107/><T103/><D103/><U134/><E93/><V8/><F36/><W23/><G92/><T5/><D5/><U72/><E72/><V80/><F1/><W48/><G95/><T7/><D7/><U115/><E115/><V24/><F8/><W60/><G74/><T54/><D54/><U101/><E101/><V79/><F55/><W67/><G73/><RYUUKYOKU ba="0,1" sc="240,15,198,15,302,-15,250,-15" hai0="14,16,20,22,25,29,34,35,82,86,87,91,94" hai1="116,118,119,134" /><INIT seed="1,1,1,4,4,13" ten="255,213,287,235" oya="1" hai0="72,109,105,8,128,122,97,9,50,101,83,67,56" hai1="124,28,78,70,33,22,68,73,130,5,38,93,120" hai2="12,61,47,40,55,54,48,81,39,4,17,69,135" hai3="108,89,20,52,84,15,134,86,34,129,51,30,35"/><U106/><E93/><V6/><F135/><W79/><G134/><T131/><D109/><U126/><E22/><V94/><F81/><N who="3" m="47167" /><G108/><T116/><D116/><U11/><E120/><V53/><F39/><W107/><G107/><T10/><D122/><U104/><E130/><V114/><F114/><W32/><G129/><T1/><D1/><N who="1" m="431" /><E38/><V31/><F31/><W29/><G34/><T112/><D112/><U14/><E14/><V16/><F17/><N who="3" m="10303" /><G32/><T62/><REACH who="0" step="1"/><D50/><REACH who="0" ten="245,213,287,235" step="2"/><U102/><E126/><V113/><F113/><W119/><G119/><T44/><D44/><U45/><E45/><V63/><F48/><W65/><G35/><T87/><D87/><U66/><E124/><V2/><F47/><N who="3" m="27775" /><G65/><T36/><D36/><U98/><E66/><V43/><F43/><W71/><G71/><T85/><D85/><U26/><E106/><V133/><F40/><W3/><G3/><T118/><D118/><U111/><E111/><V21/><F69/><W77/><G77/><AGARI ba="1,2" hai="8,9,10,56,62,67,72,77,83,97,101,105,128,131" machi="77" ten="40,1300,0" yaku="1,1,53,0" doraHai="13" doraHaiUra="115" who="0" fromWho="3" sc="245,36,213,0,287,0,235,-16" /><INIT seed="2,0,0,5,1,130" ten="281,213,287,219" oya="2" hai0="53,123,115,127,40,2,126,109,18,99,63,112,132" hai1="60,78,104,68,56,11,93,44,13,46,48,47,9" hai2="86,97,43,19,35,57,124,103,88,36,38,82,90" hai3="62,106,114,3,67,6,45,72,14,100,34,135,110"/><V113/><F113/><W69/><G72/><T32/><D2/><U98/><E104/><V133/><F133/><W29/><G14/><T22/><D132/><U0/><E68/><V79/><F124/><N who="0" m="47658" /><D32/><U128/><E78/><V17/><F35/><W61/><G114/><T64/><D109/><U65/><E0/><V31/><F31/><W80/><G80/><T15/><D123/><U89/><E128/><V121/><F121/><W10/><G110/><T74/><D74/><U94/><E94/><N who="2" m="58807" /><F38/><W41/><G62/><T101/><D53/><U50/><REACH who="1" step="1"/><E9/><REACH who="1" ten="281,203,287,219" step="2"/><V58/><F79/><W20/><G135/><T117/><D117/><U27/><E27/><V87/><F82/><W26/><G20/><T54/><D112/><U16/><AGARI ba="0,1" hai="11,13,16,44,46,47,48,50,56,60,65,89,93,98" machi="16" ten="30,7900,0" yaku="1,1,0,1,8,1,54,1,53,0" doraHai="130" doraHaiUra="83" who="1" fromWho="1" sc="281,-20,203,89,287,-39,219,-20" /><INIT seed="3,0,0,1,4,111" ten="261,292,248,199" oya="3" hai0="51,48,7,78,104,11,132,15,112,0,123,94,103" hai1="127,124,57,64,79,35,88,121,3,41,36,61,81" hai2="68,71,107,115,90,23,93,110,60,96,42,89,75" hai3="31,34,58,21,45,46,97,39,95,113,29,85,30"/><W4/><G34/><T52/><D123/><U2/><E121/><V38/><F110/><W91/><G4/><T70/><D70/><U118/><E118/><V108/><F108/><W116/><G116/><T114/><D104/><U26/><E88/><V32/><F32/><W100/><G113/><N who="0" m="43627" /><D132/><U18/><E41/><V53/><F107/><W63/><G21/><T117/><D117/><U129/><E36/><V76/><F23/><W8/><G8/><N who="0" m="2151" /><D78/><U126/><E129/><V55/><F76/><W40/><G46/><T74/><D74/><N who="1" m="43255" /><E18/><V102/><F75/><W62/><REACH who="3" step="1"/><G58/><REACH who="3" ten="261,292,248,189" step="2"/><T28/><D28/><AGARI ba="0,1" hai="2,3,26,28,35,57,61,64,124,126,127" m="43255" machi="28" ten="30,1000,0" yaku="18,1" doraHai="111" who="1" fromWho="0" sc="261,-10,292,20,248,0,189,0" owari="251,5.1,312,41.2,248,-15.2,189,-31.1" /></mjloggm>