<mjloggm ver="2.3"><GO type="225" lobby="0"/><UN n0="%6D%75%75%6D%75%72%61" n1="%72%61%6B%33" n2="%E9%80%9F%E6%B0%B4%E5%87%9B%E9%A6%99" n3="%47%32%E9%BE%8D%E9%96%80" dan="16,16,16,16" rate="2132.94,2145.67,2168.40,2074.61" sx="F,M,F,M"/><TAIKYOKU oya="0"/><INIT seed="0,0,0,4,3,77" ten="250,250,250,250" oya="0" hai0="94,67,40,24,2,68,36,70,111,81,53,116,7" hai1="117,51,126,121,93,112,124,120,17,123,114,28,46" hai2="62,19,6,72,48,45,103,79,1,98,3,9,84" hai3="66,102,89,65,29,30,78,33,43,34,90,32,73"/><T130/><D116/><U37/><E93/><V25/><F72/><W5/><G102/><T82/><D130/><U42/><E28/><V22/><F62/><W69/><G43/><T50/><D36/><U100/><E100/><V11/><F79/><W108/><G5/><T80/><D40/><U63/><E17/><V18/><F84/><W133/><G108/><T119/><D119/><U31/><E31/><V8/><F19/><W96/><G133/><T47/><D111/><U20/><E20/><V16/><F18/><W134/><G134/><T41/><D41/><U127/><E117/><V87/><F87/><W23/><G96/><T129/><D129/><U122/><N who="1" m="30720" /><DORA hai="39" /><U115/><E63/><V104/><REACH who="2" step="1"/><F1/><REACH who="2" ten="250,250,240,250" step="2"/><W132/><G132/><T83/><D2/><U44/><REACH who="1" step="1"/><E44/><REACH who="1" ten="250,240,240,250" step="2"/><V49/><F49/><AGARI ba="0,2" hai="37,42,46,49,51,112,114,115,124,126,127" m="30720" machi="49" ten="80,16000,3" yaku="1,1,2,1,29,2,11,1,18,1,34,3,52,1,53,0" doraHai="77,39" doraHaiUra="21,91" who="1" fromWho="2" sc="250,0,240,180,240,-160,250,0" /><INIT seed="1,0,0,0,0,72" ten="250,420,80,250" oya="1" hai0="47,109,1,81,119,22,64,53,127,69,43,20,39" hai1="0,6,101,131,132,46,4,49,9,76,71,58,32" hai2="30,56,17,14,128,86,114,36,15,21,91,135,11" hai3="37,100,59,98,88,62,125,115,34,55,8,66,108"/><U133/><E71/><V48/><F36/><W33/><G115/><T92/><D119/><U78/><E32/><V99/><F114/><W67/><G37/><T82/><D109/><U97/><E6/><V95/><F135/><N who="1" m="51785" /><E58/><V116/><F128/><W94/><G125/><T23/><D127/><U26/><E26/><V13/><F116/><W122/><G122/><T5/><D53/><N who="1" m="29879" /><E131/><V16/><F30/><W10/><G108/><T60/><D5/><U24/><E24/><V89/><F11/><N who="3" m="4139" /><G33/><T106/><D1/><U126/><E126/><V112/><F112/><W107/><G107/><AGARI ba="0,0" hai="0,4,9,76,78,97,101,107" m="29879,51785" machi="107" ten="30,5800,0" yaku="20,1,52,2" doraHai="72" who="1" fromWho="3" sc="250,0,420,58,80,0,250,-58" /><INIT seed="1,1,0,3,5,64" ten="250,478,80,192" oya="1" hai0="110,118,19,128,90,55,111,3,108,34,39,125,87" hai1="1,31,38,57,122,107,65,58,25,132,78,106,56" hai2="67,121,18,59,13,30,26,96,29,101,133,97,85" hai3="28,105,50,114,126,51,36,71,20,79,7,84,5"/><U117/><E117/><V116/><F116/><W92/><G114/><T73/><D118/><U49/><E122/><V44/><F121/><W45/><G105/><T16/><D73/><U134/><E38/><V95/><F133/><N who="1" m="51305" /><E1/><V72/><F72/><W93/><G126/><T99/><D125/><U70/><E78/><V27/><F44/><W82/><G36/><T86/><D128/><U130/><E49/><V124/><F124/><W9/><G71/><T112/><D112/><U94/><E94/><V52/><F67/><W42/><G51/><T21/><D39/><U10/><E10/><V76/><F96/><W37/><G37/><T54/><D34/><N who="1" m="20847" /><E130/><V14/><F14/><N who="3" m="5423" /><G7/><T109/><D3/><U15/><E15/><V119/><F119/><W32/><G32/><T41/><D41/><U102/><E102/><V123/><F123/><W17/><G28/><T62/><D110/><U129/><E129/><V80/><F29/><W4/><G4/><T75/><D75/><U12/><E12/><AGARI ba="1,0" hai="12,17,20,42,45,50,79,82,84,92,93" m="5423" machi="12" ten="30,2000,0" yaku="25,1,8,1" doraHai="64" who="3" fromWho="1" sc="250,0,478,-23,80,0,192,23" /><INIT seed="2,0,0,1,3,89" ten="250,455,80,215" oya="2" hai0="125,92,62,67,57,38,0,83,4,49,8,47,123" hai1="103,74,52,91,120,77,16,114,22,85,36,9,45" hai2="2,7,43,37,99,106,17,25,65,127,68,32,95" hai3="5,39,111,28,34,88,96,104,87,58,119,82,108"/><V134/><F134/><W116/><G39/><T40/><D123/><U75/><E114/><V64/><F127/><W109/><G5/><T93/><D125/><U133/><E133/><V11/><F106/><W1/><G1/><T51/><D83/><U27/><E120/><V94/><F68/><W118/><G58/><T71/><D51/><U26/><E77/><V31/><F43/><W21/><G21/><T54/><AGARI ba="0,0" hai="0,4,8,38,40,47,49,54,57,62,67,71,92,93" machi="54" ten="30,8000,1" yaku="0,1,24,2,52,2" doraHai="89" who="0" fromWho="0" sc="250,80,455,-20,80,-40,215,-20" /><INIT seed="3,0,0,3,0,107" ten="330,435,40,195" oya="3" hai0="8,116,75,108,135,44,92,35,134,98,119,27,58" hai1="51,45,83,0,126,32,39,33,88,25,46,5,82" hai2="34,43,61,65,10,50,17,55,113,29,68,66,102" hai3="125,72,124,30,41,13,56,22,77,7,19,106,26"/><W18/><G106/><T86/><D108/><U117/><E39/><V40/><F17/><W57/><G41/><T93/><D75/><U21/><E46/><V16/><F29/><W96/><G96/><T38/><D8/><U130/><E126/><N who="3" m="48746" /><G7/><T127/><D127/><U133/><E117/><V99/><F34/><N who="3" m="20823" /><G19/><T100/><D35/><U23/><E5/><V118/><F113/><W89/><G89/><N who="0" m="53303" /><D27/><U78/><E32/><V59/><F118/><W28/><G28/><T95/><D95/><U76/><E33/><V49/><F99/><W129/><G129/><T2/><D2/><U69/><E0/><V111/><F102/><W81/><AGARI ba="0,0" hai="13,18,22,56,57,72,77,81" m="20823,48746" machi="81" ten="30,3000,0" yaku="18,1,52,1" doraHai="107" who="3" fromWho="3" sc="330,-10,435,-10,40,-10,195,30" /><INIT seed="3,1,0,4,1,15" ten="320,425,30,225" oya="3" hai0="24,75,99,128,74,53,33,49,111,105,59,63,131" hai1="134,124,36,11,113,89,13,96,14,114,129,65,12" hai2="7,60,0,52,19,10,102,62,115,101,46,51,126" hai3="16,22,104,100,29,5,103,73,45,44,117,30,127"/><W133/><G117/><T61/><D111/><U47/><E65/><V66/><F115/><W38/><G73/><T86/><D86/><U58/><E58/><V82/><F126/><W17/><G127/><T54/><D63/><U93/><E124/><V69/><F62/><W50/><G133/><T18/><D105/><U70/><E70/><V1/><F1/><W95/><G104/><T2/><D99/><U88/><E134/><V56/><F82/><W28/><G5/><T25/><D2/><U106/><E129/><N who="0" m="49737" /><D25/><U91/><E106/><V71/><F71/><W84/><G38/><T35/><D18/><N who="3" m="7273" /><G22/><T123/><D123/><U79/><E36/><V80/><F80/><W132/><G132/><T122/><D122/><U68/><E68/><V37/><REACH who="2" step="1"/><F19/><REACH who="2" ten="320,425,20,225" step="2"/><W87/><G44/><N who="0" m="27815" /><D24/><U109/><E114/><V98/><F98/><N who="3" m="59487" /><G103/><T42/><D42/><AGARI ba="1,1" hai="28,29,30,42,45,50,84,87" m="59487,7273" machi="42" ten="30,12000,1" yaku="8,1,52,3,54,1" doraHai="15" who="3" fromWho="0" sc="320,-123,425,0,20,0,225,133" /><INIT seed="3,2,0,5,5,45" ten="197,425,20,358" oya="3" hai0="132,12,1,28,36,29,73,103,14,27,79,128,53" hai1="111,130,55,18,127,99,86,5,31,49,89,60,9" hai2="17,52,65,3,94,114,46,24,11,126,84,81,101" hai3="30,2,4,112,21,87,19,35,50,64,56,68,129"/><W23/><G112/><T105/><D1/><U95/><E111/><V41/><F114/><W121/><G121/><T106/><D36/><U120/><E120/><V125/><F126/><W63/><G129/><T59/><D128/><U107/><E130/><V98/><F125/><W13/><G23/><T51/><D132/><U25/><E127/><V67/><F3/><W108/><G108/><T113/><D113/><U118/><E118/><V97/><F97/><W115/><G115/><T104/><D103/><U117/><E117/><V69/><F69/><W71/><G87/><T133/><D133/><U119/><E119/><V20/><F41/><W61/><G61/><T8/><D8/><U96/><E60/><V131/><F131/><W76/><G76/><T77/><D29/><U100/><E18/><V22/><F22/><W26/><REACH who="3" step="1"/><G50/><REACH who="3" ten="197,425,20,348" step="2"/><T62/><D51/><U34/><E86/><V40/><F40/><W124/><G124/><T44/><D77/><U37/><E37/><V75/><F75/><W32/><G32/><T70/><D79/><U134/><E134/><V122/><F122/><W33/><G33/><T39/><D73/><U16/><E49/><N who="2" m="28727" /><F11/><AGARI ba="2,1" hai="2,4,11,13,19,21,26,30,35,56,63,64,68,71" machi="11" ten="40,12000,1" yaku="1,1,24,2,53,2" doraHai="45" doraHaiUra="66" who="3" fromWho="2" sc="197,0,425,0,20,-126,348,136" owari="197,-20.3,425,22.5,-106,-60.6,484,58.4" /></mjloggm>