<mjloggm ver="2.3"><GO type="225" lobby="0"/><UN n0="%E6%9D%B1%E9%A2%A8%E3%81%AE%E3%81%8D%E3%82%83%E3%81%B7%E3%81%95%E3%82%93" n1="%E3%81%8B%E3%82%8F%E3%81%A1%E3%82%83%E3%82%93%35%38" n2="%E4%BA%BA%E9%96%93%E3%83%81%E3%83%A3%E3%83%BC%E3%83%8F%E3%83%B3" n3="%E5%A4%9C%E5%85%89%E5%A4%A9%E6%A5%BC" dan="17,17,16,17" rate="2151.00,2241.36,2118.72,2179.50" sx="M,M,M,M"/><TAIKYOKU oya="0"/><INIT seed="0,0,0,4,4,133" ten="250,250,250,250" oya="0" hai0="15,30,20,111,43,72,89,126,135,18,13,33,26" hai1="112,121,98,69,1,78,55,49,102,95,38,119,73" hai2="41,35,64,11,88,14,105,19,2,37,40,122,58" hai3="46,110,42,59,31,124,108,65,90,109,85,104,128"/><T103/><D72/><U91/><E119/><V114/><F122/><W9/><G104/><T131/><D103/><U76/><E38/><V57/><F114/><W94/><G128/><T71/><D135/><U36/><E36/><V32/><F105/><W129/><G129/><T48/><D71/><U92/><E1/><V23/><F2/><W100/><G100/><T74/><D74/><U118/><E118/><V113/><F113/><W116/><G116/><T50/><D131/><U16/><E121/><V45/><F40/><W66/><G31/><T22/><D111/><U62/><E112/><V83/><F11/><W7/><G59/><T75/><D75/><U86/><E73/><V61/><REACH who="2" step="1"/><F57/><REACH who="2" ten="250,250,240,250" step="2"/><W99/><G42/><T123/><D123/><U77/><E69/><V51/><F51/><W17/><G108/><T3/><D50/><U10/><E62/><V44/><F44/><W96/><G46/><T29/><D48/><U27/><E10/><V0/><F0/><N who="3" m="231" /><G109/><T67/><D43/><U63/><E63/><V47/><F47/><W21/><G110/><T4/><D3/><U25/><REACH who="1" step="1"/><E16/><REACH who="1" ten="250,240,240,250" step="2"/><V52/><F52/><W106/><G17/><T60/><D18/><U93/><E93/><V107/><F107/><W8/><G106/><T53/><D67/><U28/><E28/><V34/><F34/><W79/><G66/><T54/><D33/><U56/><AGARI ba="0,2" hai="25,27,49,55,56,76,77,78,86,91,92,95,98,102" machi="56" ten="30,4000,0" yaku="1,1,0,1,8,1,53,0" doraHai="133" doraHaiUra="12" who="1" fromWho="1" sc="250,-20,240,60,240,-10,250,-10" /><INIT seed="1,0,0,3,5,71" ten="230,300,230,240" oya="1" hai0="124,28,27,66,12,135,38,17,41,122,68,52,62" hai1="40,74,120,18,35,16,57,107,80,125,121,132,128" hai2="75,118,26,72,112,134,47,3,6,99,50,109,117" hai3="43,4,115,123,2,25,19,93,73,37,70,10,46"/><U23/><E35/><V60/><F109/><W91/><G123/><T9/><D135/><U106/><E57/><V133/><F112/><W105/><G115/><T85/><D122/><U39/><E80/><V119/><F99/><W49/><G105/><T114/><D124/><U24/><E74/><V94/><F94/><W36/><G70/><T0/><D114/><U31/><E31/><V103/><F103/><W8/><G73/><T88/><D0/><U33/><E33/><V116/><F116/><W89/><G89/><T83/><D41/><U113/><E113/><V55/><F26/><W77/><G77/><T130/><D130/><U67/><E67/><V64/><F6/><W56/><G56/><T53/><REACH who="0" step="1"/><D38/><REACH who="0" ten="220,300,230,240" step="2"/><U90/><E39/><V86/><F3/><W7/><G37/><T13/><D13/><U127/><E40/><V51/><F133/><W15/><G36/><T29/><D29/><U11/><E132/><V97/><F134/><W76/><G25/><T65/><D65/><U100/><E128/><V131/><F131/><W22/><G2/><T32/><AGARI ba="0,1" hai="9,12,17,27,28,32,52,53,62,66,68,83,85,88" machi="32" ten="20,12000,2" yaku="1,1,0,1,7,1,54,2,53,1" doraHai="71" doraHaiUra="14" who="0" fromWho="0" sc="220,130,300,-60,230,-30,240,-30" /><INIT seed="2,0,0,5,4,40" ten="350,240,200,210" oya="2" hai0="124,6,132,115,12,133,87,135,3,70,97,86,28" hai1="2,48,85,13,95,110,107,82,9,45,122,59,114" hai2="50,36,77,126,56,131,117,111,127,49,80,17,106" hai3="78,112,47,116,134,67,10,39,54,113,125,120,129"/><V109/><F117/><W51/><G116/><T14/><D70/><U41/><E114/><N who="3" m="44138" /><G120/><T43/><D115/><U44/><E107/><V35/><F106/><W102/><G102/><T101/><D124/><N who="2" m="47658" /><F35/><W73/><G125/><T92/><D28/><U108/><E2/><V32/><F32/><W71/><G134/><T98/><D98/><U29/><E122/><V104/><F104/><W11/><G129/><T55/><D55/><N who="1" m="32231" /><E95/><V128/><F36/><W123/><G39/><T60/><D60/><U37/><E29/><V5/><F17/><W68/><G123/><T24/><D43/><U0/><E0/><V76/><F5/><W103/><G103/><T26/><D3/><U21/><E41/><V83/><F83/><N who="3" m="45519" /><G67/><T62/><D62/><U63/><E37/><V34/><F34/><W46/><G47/><T22/><D6/><N who="1" m="3255" /><E63/><V88/><F128/><W38/><G38/><T27/><D22/><U91/><E21/><V74/><F131/><W19/><G19/><T61/><D61/><U79/><E79/><V15/><F77/><W23/><G23/><T30/><D30/><U18/><E18/><V16/><F88/><W94/><G94/><T7/><D7/><U90/><E90/><V93/><F93/><W8/><AGARI ba="0,0" hai="8,10,11,46,51,54,68,71" m="45519,44138" machi="8" ten="30,2000,0" yaku="11,1,52,1" doraHai="40" who="3" fromWho="3" sc="350,-5,240,-5,200,-10,210,20" /><INIT seed="3,0,0,2,0,12" ten="345,235,190,230" oya="3" hai0="25,101,27,9,46,97,134,96,100,116,60,92,65" hai1="89,78,22,54,42,4,56,133,45,66,19,105,13" hai2="2,125,114,118,67,119,132,111,28,36,85,24,94" hai3="122,87,62,18,70,61,77,34,47,63,29,49,102"/><W91/><G122/><T71/><D134/><U33/><E105/><V112/><F36/><W48/><G102/><T69/><D116/><N who="2" m="44586" /><F67/><W126/><G70/><T55/><D9/><U21/><E33/><N who="2" m="20615" /><F94/><W41/><G29/><T7/><D7/><U37/><E133/><V40/><F85/><W81/><G34/><T6/><D6/><U74/><E4/><V5/><F40/><W123/><G123/><T88/><D101/><U93/><E66/><V127/><F132/><W38/><G126/><N who="2" m="48137" /><F111/><W10/><REACH who="3" step="1"/><G77/><REACH who="3" ten="345,235,190,220" step="2"/><T52/><D71/><U57/><E78/><V120/><F120/><W59/><G59/><T3/><D3/><U107/><E57/><V53/><F53/><W64/><G64/><T86/><D55/><U16/><E56/><V73/><F73/><W135/><G135/><T83/><D52/><U90/><E54/><V0/><F0/><W108/><G108/><T113/><D46/><U39/><E74/><V14/><F14/><AGARI ba="0,1" hai="10,14,18,38,41,47,48,49,61,62,63,81,87,91" machi="14" ten="40,3900,0" yaku="1,1,52,1,53,0" doraHai="12" doraHaiUra="1" who="3" fromWho="2" sc="345,0,235,0,190,-39,220,49" /><INIT seed="3,1,0,3,1,40" ten="345,235,151,269" oya="3" hai0="105,129,17,56,114,110,3,46,68,2,18,24,133" hai1="134,93,106,41,92,38,94,36,21,8,37,28,58" hai2="95,123,74,81,61,113,42,126,25,107,63,86,119" hai3="53,103,127,73,117,96,30,15,0,101,82,27,83"/><W128/><G117/><T44/><D68/><U97/><E134/><V102/><F119/><W115/><G115/><T11/><D105/><U12/><E106/><V116/><F113/><W23/><G0/><T43/><D114/><U64/><E97/><V131/><F116/><W70/><G70/><T104/><D104/><U99/><E99/><V55/><F126/><W14/><G128/><T69/><D133/><U52/><E64/><V111/><F131/><W125/><G96/><T33/><D69/><U130/><E130/><V16/><F111/><W5/><G73/><T54/><D129/><U76/><E76/><V34/><F123/><W78/><G78/><T90/><D110/><U26/><E41/><V109/><F109/><W67/><G67/><T9/><D33/><U108/><E108/><V112/><F112/><W121/><G121/><T35/><D35/><U50/><REACH who="1" step="1"/><E93/><REACH who="1" ten="345,225,151,269" step="2"/><V62/><F107/><W13/><G125/><T49/><D43/><U80/><E80/><N who="3" m="30762" /><G5/><AGARI ba="1,1" hai="5,8,12,21,26,28,36,37,38,50,52,58,92,94" machi="5" ten="40,2600,0" yaku="1,1,54,1,53,0" doraHai="40" doraHaiUra="100" who="1" fromWho="3" sc="345,0,225,39,151,0,269,-29" owari="345,44.5,264,6.4,151,-34.9,240,-16.0" /></mjloggm>