<mjloggm ver="2.3"><GO type="225" lobby="0"/><UN n0="%E3%83%97%E3%83%AC%E3%83%B4%E3%82%A1%E3%83%86%E3%82%A3" n1="%E5%8F%AF%E5%85%90%E9%82%A3%E7%94%B1%E5%A4%9A" n2="%E6%B4%BE%E9%81%A3%E3%81%AE%E3%82%B8%E3%83%A3%E3%83%83%E3%82%AF" n3="%E5%8D%A0%E3%81%84%E5%B8%AB%E8%A3%8F%E3%81%AA%E3%81%84%E3%81%97" dan="16,17,17,16" rate="2050.38,2157.11,2206.65,2163.08" sx="F,F,M,M"/><TAIKYOKU oya="0"/><INIT seed="0,0,0,4,2,42" ten="250,250,250,250" oya="0" hai0="108,114,123,122,0,118,130,14,13,38,19,68,131" hai1="96,107,76,12,15,46,52,40,83,58,81,61,3" hai2="80,102,101,113,94,26,126,73,18,100,11,119,93" hai3="29,124,28,20,7,111,120,67,127,71,103,21,55"/><T115/><D68/><U8/><E3/><V134/><F113/><N who="0" m="43018" /><D38/><U31/><E31/><N who="3" m="11850" /><G71/><T98/><D0/><U57/><E57/><V51/><F126/><N who="3" m="48171" /><G111/><T25/><D98/><U47/><E40/><V89/><F134/><W109/><G67/><T22/><D118/><U110/><E110/><V50/><F119/><W95/><G109/><T97/><D97/><U133/><E133/><V86/><F73/><W49/><G7/><T54/><D54/><U85/><E15/><N who="0" m="5641" /><D108/><U112/><E112/><V32/><F32/><W37/><G37/><T117/><D117/><U36/><E36/><V2/><F2/><W92/><G120/><AGARI ba="0,0" hai="19,22,25,120,122,123,130,131" m="5641,43018" machi="120" ten="40,3900,0" yaku="34,2" doraHai="42" who="0" fromWho="3" sc="250,39,250,0,250,0,250,-39" /><INIT seed="0,1,0,2,3,116" ten="289,250,250,211" oya="0" hai0="22,96,8,121,26,20,124,129,0,42,18,32,5" hai1="120,13,101,130,59,40,68,49,41,91,75,17,74" hai2="35,135,119,45,56,111,134,62,25,64,107,39,84" hai3="60,113,88,89,82,126,97,53,63,54,50,14,106"/><T114/><D114/><U131/><E68/><V6/><F107/><W115/><G126/><T29/><D42/><N who="1" m="16491" /><E101/><V2/><F39/><W24/><G106/><T125/><D129/><N who="1" m="49163" /><E91/><V128/><F128/><W105/><G105/><T23/><D96/><U79/><E79/><V69/><F45/><W110/><G24/><T55/><D55/><N who="1" m="32239" /><E120/><V99/><F99/><W37/><G50/><T117/><D117/><U95/><E95/><V80/><F119/><W65/><G65/><T57/><D57/><U104/><E104/><V70/><F111/><W52/><G110/><T12/><REACH who="0" step="1"/><D121/><REACH who="0" ten="279,250,250,211" step="2"/><U87/><E87/><V43/><F43/><W47/><G54/><T81/><D81/><U7/><E7/><V100/><F70/><W31/><G97/><T48/><D48/><U16/><E17/><V102/><F69/><W44/><G82/><T10/><AGARI ba="1,1" hai="0,5,8,10,12,18,20,22,23,26,29,32,124,125" machi="10" ten="30,18000,2" yaku="1,1,0,1,34,3,53,1" doraHai="116" doraHaiUra="30" who="0" fromWho="0" sc="279,193,250,-61,250,-61,211,-61" /><INIT seed="0,2,0,0,0,19" ten="472,189,189,150" oya="0" hai0="125,106,69,122,127,72,93,107,56,74,109,42,46" hai1="62,77,112,57,8,80,84,71,25,102,64,28,61" hai2="1,116,110,94,88,13,117,120,60,24,87,44,10" hai3="52,103,3,113,50,76,34,15,39,129,83,9,123"/><T32/><D122/><U30/><E112/><V95/><F120/><W126/><G123/><T38/><D56/><U36/><E36/><V20/><F1/><W128/><G113/><T104/><D93/><U41/><E41/><V108/><F44/><W81/><G39/><T48/><D48/><U86/><E102/><V26/><F60/><W105/><G34/><T14/><D14/><U130/><E130/><N who="3" m="50282" /><G3/><T54/><D54/><U133/><E133/><V111/><F94/><W92/><G105/><T91/><D91/><U115/><E115/><V132/><F132/><W53/><G126/><N who="0" m="48139" /><D32/><U85/><E8/><V121/><F121/><W98/><G50/><T22/><D22/><U134/><E134/><V135/><F135/><W96/><G96/><T7/><D7/><U11/><E11/><V18/><REACH who="2" step="1"/><F26/><REACH who="2" ten="472,189,179,150" step="2"/><W75/><G83/><T40/><D40/><U33/><E62/><V114/><F114/><W17/><AGARI ba="2,1" hai="9,15,17,52,53,75,76,81,92,98,103" m="50282" machi="17" ten="30,2000,0" yaku="19,1,54,1" doraHai="19" who="3" fromWho="3" sc="472,-12,189,-7,179,-7,150,36" /><INIT seed="1,0,0,2,5,55" ten="460,182,172,186" oya="1" hai0="3,23,40,133,6,88,47,119,18,87,15,93,61" hai1="30,124,5,85,123,107,96,25,121,32,75,38,82" hai2="51,35,120,80,125,9,95,63,132,71,13,69,39" hai3="7,128,0,94,134,97,115,58,1,42,86,79,49"/><U116/><E116/><V81/><F39/><W126/><G115/><T104/><D119/><U112/><E112/><V16/><F120/><W102/><G128/><T29/><D104/><U54/><E124/><V65/><F69/><W52/><G126/><T73/><D73/><U45/><E5/><V50/><F35/><W31/><G134/><T77/><D133/><U113/><E113/><V27/><F132/><W2/><G31/><T11/><D77/><N who="1" m="44351" /><E54/><V131/><F131/><W12/><G42/><T17/><D61/><U57/><E57/><N who="2" m="37103" /><F125/><W14/><REACH who="3" step="1"/><G7/><REACH who="3" ten="460,182,172,176" step="2"/><T62/><D29/><U67/><E30/><V41/><F41/><W91/><G91/><T90/><D90/><U20/><E123/><V106/><F106/><W8/><G8/><T100/><D100/><U56/><E121/><V118/><F118/><W108/><G108/><T117/><D117/><U44/><E107/><V110/><F110/><W24/><G24/><T10/><D18/><U99/><E25/><V101/><F27/><W130/><G130/><T109/><D109/><U4/><E4/><V103/><F103/><W59/><G59/><T43/><D40/><U76/><E56/><V46/><F71/><W37/><G37/><T34/><D34/><U60/><E32/><V89/><F101/><W68/><G68/><T114/><D114/><U72/><E38/><V129/><F129/><W22/><G22/><T83/><D11/><U122/><E20/><V48/><F46/><W74/><G74/><T21/><D23/><U78/><E122/><V36/><F36/><W135/><G135/><T53/><D43/><RYUUKYOKU ba="0,1" sc="460,-15,182,-15,172,15,176,15" hai2="9,13,16,48,50,51,80,81,89,95" hai3="0,1,2,12,14,49,52,58,79,86,94,97,102" /><INIT seed="2,1,1,3,4,135" ten="445,167,187,191" oya="2" hai0="101,16,8,114,12,28,77,21,52,60,116,65,23" hai1="122,2,3,86,48,100,134,56,89,34,120,39,51" hai2="112,87,111,38,22,5,53,27,109,107,83,119,121" hai3="118,81,33,15,17,32,98,78,74,31,29,59,47"/><V103/><F112/><W55/><G118/><T106/><D114/><U125/><E39/><V6/><F119/><W25/><G47/><T45/><D116/><U128/><E134/><V108/><F121/><N who="1" m="46697" /><E128/><V62/><F38/><W61/><G98/><T131/><D131/><U117/><E117/><V0/><F0/><N who="1" m="41" /><E34/><V68/><F103/><W123/><G123/><T105/><D77/><U19/><E100/><V36/><F36/><W7/><G7/><T130/><D130/><U94/><E125/><V63/><F107/><W57/><G57/><T79/><D79/><U49/><E19/><N who="2" m="12767" /><F53/><AGARI ba="1,1" hai="48,49,51,53,56,86,89,94" m="41,46697" machi="53" ten="30,1000,0" yaku="13,1" doraHai="135" who="1" fromWho="2" sc="445,0,167,23,187,-13,191,0" /><INIT seed="3,0,0,5,2,50" ten="445,190,174,191" oya="3" hai0="121,92,6,102,107,77,23,57,84,130,106,12,14" hai1="68,64,3,5,120,94,1,27,53,87,110,0,81" hai2="69,93,8,111,62,51,65,125,30,99,123,36,112" hai3="2,134,119,129,33,117,100,7,97,55,90,132,76"/><W20/><G33/><T49/><D121/><U127/><E120/><V60/><F123/><W34/><G34/><T98/><D130/><U109/><E127/><V113/><F36/><W45/><G129/><T80/><D6/><U63/><E94/><V31/><F125/><W101/><G76/><T41/><D107/><U82/><E53/><V26/><F111/><N who="1" m="42505" /><E27/><V104/><F31/><W16/><G90/><T43/><D106/><U103/><E103/><N who="2" m="62591" /><F93/><W70/><G70/><T74/><D74/><U40/><E40/><N who="0" m="15433" /><D23/><U19/><E19/><V96/><F96/><W83/><G97/><T91/><D77/><N who="1" m="46511" /><E82/><V133/><F133/><W72/><G83/><T42/><D42/><U29/><E29/><V126/><F126/><W28/><G28/><T128/><D128/><U39/><E39/><V86/><F86/><W17/><G72/><T21/><D21/><U73/><E73/><V59/><F8/><AGARI ba="0,0" hai="0,1,3,5,8,63,64,68" m="46511,42505" machi="8" ten="30,1000,0" yaku="14,1" doraHai="50" who="1" fromWho="2" sc="445,0,190,10,174,-10,191,0" owari="445,54.5,200,0.0,164,-33.6,191,-20.9" /></mjloggm>