<mjloggm ver="2.3"><GO type="225" lobby="0"/><UN n0="%E3%81%BE%E3%81%A8%E3%81%9F" n1="%E3%82%BC%E3%83%AB%E3%83%80%E3%81%AE%E4%BC%9D%E8%AA%AC" n2="%E3%82%89%E3%81%84%E3%81%B5%E3%81%8C%E3%83%BC%E3%81%A9%E3%81%99%E3%81%8D" n3="%4B%2E%32%2E%4B%2E" dan="17,18,17,16" rate="2230.31,2202.91,2195.57,2120.15" sx="M,M,M,M"/><TAIKYOKU oya="0"/><INIT seed="0,0,0,2,1,65" ten="250,250,250,250" oya="0" hai0="32,67,28,31,108,15,80,45,101,84,89,26,27" hai1="85,79,132,2,90,128,94,41,107,87,54,92,95" hai2="77,19,129,112,42,122,82,14,58,72,49,74,131" hai3="12,106,126,110,30,111,102,34,117,133,64,104,61"/><T50/><D108/><N who="3" m="41513" /><G117/><T100/><D67/><U17/><E2/><V20/><F122/><W99/><G126/><T10/><D27/><U91/><E41/><V70/><F112/><W86/><G133/><T9/><D28/><U62/><E132/><V121/><F121/><W83/><G12/><T114/><D114/><U4/><E4/><V29/><F29/><W127/><G127/><T3/><D3/><U51/><E128/><N who="2" m="49227" /><F70/><N who="3" m="42255" /><G30/><T71/><D71/><U73/><E62/><V59/><F74/><W76/><G34/><T33/><D10/><U40/><E40/><V115/><F115/><W116/><G116/><T55/><REACH who="0" step="1"/><D33/><REACH who="0" ten="240,250,250,250" step="2"/><U13/><E13/><V113/><F113/><W7/><G7/><AGARI ba="0,1" hai="7,9,15,26,31,32,45,50,55,80,84,89,100,101" machi="7" ten="30,11600,0" yaku="1,1,2,1,7,1,53,1" doraHai="65" doraHaiUra="46" who="0" fromWho="3" sc="240,126,250,0,250,0,250,-116" /><INIT seed="0,1,0,5,4,113" ten="366,250,250,134" oya="0" hai0="22,100,66,0,21,105,127,125,18,15,128,65,82" hai1="4,99,42,29,2,80,51,90,87,121,38,119,106" hai2="108,19,7,130,3,126,109,92,36,96,46,63,9" hai3="74,48,91,93,43,13,5,102,135,79,103,61,76"/><T118/><D0/><U31/><E38/><V94/><F126/><N who="0" m="48138" /><D82/><U64/><E121/><V115/><F115/><W88/><G135/><T77/><D77/><U85/><E119/><V101/><F130/><W133/><G133/><T57/><D57/><U60/><E2/><V33/><F33/><W6/><G74/><T54/><D54/><U89/><E4/><V116/><F116/><W73/><G73/><T44/><D44/><N who="1" m="26007" /><E99/><V98/><F19/><W71/><G71/><T52/><D52/><U26/><E106/><V40/><REACH who="2" step="1"/><F63/><REACH who="2" ten="366,250,240,134" step="2"/><W132/><G61/><T129/><D18/><U70/><E60/><V25/><F25/><W30/><G132/><T84/><D118/><U124/><E26/><V95/><F95/><W39/><G93/><T62/><D62/><U114/><E114/><V122/><F122/><W35/><G35/><T47/><D105/><U17/><E17/><V55/><F55/><W120/><G120/><T32/><D32/><U49/><E124/><V86/><F86/><W78/><G30/><T112/><D84/><U20/><E29/><V28/><F28/><W12/><G43/><T41/><D112/><U75/><E31/><V24/><F24/><W58/><G5/><T53/><D41/><U81/><E75/><V37/><F37/><W1/><G39/><T59/><D129/><U110/><E87/><V16/><F16/><W134/><G134/><T45/><D128/><U14/><E85/><V8/><F8/><W107/><G107/><T69/><D53/><U97/><E81/><V34/><F34/><W67/><G6/><T104/><D104/><RYUUKYOKU ba="1,1" sc="366,-10,250,-10,240,30,134,-10" hai2="3,7,9,36,40,46,92,94,96,98,101,108,109" /><INIT seed="1,2,1,4,1,46" ten="356,240,270,124" oya="1" hai0="0,71,106,92,22,83,102,112,8,38,122,66,103" hai1="80,11,14,39,72,86,134,75,119,24,54,42,107" hai2="113,28,17,132,15,4,13,64,96,89,84,49,116" hai3="78,63,41,104,23,94,105,117,126,95,10,3,65"/><U61/><E119/><V99/><F116/><W2/><G117/><T124/><D38/><U27/><E107/><V56/><F132/><W40/><G78/><T118/><D118/><U85/><E134/><V53/><F113/><W48/><G126/><T60/><D112/><U87/><E39/><V88/><F28/><W101/><G23/><T131/><D131/><U59/><E42/><V121/><F121/><W109/><G109/><T114/><D114/><U110/><E110/><V100/><F100/><W9/><G101/><T5/><D122/><U123/><E123/><V47/><F4/><W82/><G82/><T111/><D106/><U93/><E93/><N who="2" m="54407" /><F89/><W57/><G57/><T62/><D111/><U32/><E32/><V120/><F13/><W125/><G125/><T35/><D0/><U12/><E12/><V77/><F77/><W21/><G21/><T108/><D71/><U115/><E115/><V128/><F128/><W97/><G97/><T16/><D108/><U26/><REACH who="1" step="1"/><E80/><REACH who="1" ten="356,230,270,124" step="2"/><V133/><F133/><W91/><G104/><T29/><D35/><U135/><E135/><V98/><F120/><W18/><G105/><T129/><D124/><U7/><AGARI ba="2,2" hai="7,11,14,24,26,27,54,59,61,72,75,85,86,87" machi="7" ten="30,3000,0" yaku="1,1,0,1,53,0" doraHai="46" doraHaiUra="25" who="1" fromWho="1" sc="356,-12,230,56,270,-12,124,-12" /><INIT seed="1,3,0,2,1,20" ten="344,286,258,112" oya="1" hai0="71,18,34,17,55,12,28,42,122,109,86,26,128" hai1="79,4,70,103,117,96,134,44,2,98,24,130,54" hai2="8,114,116,93,65,53,133,7,5,14,64,36,37" hai3="22,52,115,106,132,59,72,84,29,74,11,31,21"/><U125/><E117/><V101/><F116/><W68/><G68/><T112/><D112/><U99/><E70/><V63/><F114/><W47/><G106/><T48/><D109/><U135/><E125/><V105/><F105/><W113/><G132/><N who="1" m="50730" /><E130/><V76/><F76/><W129/><G129/><T61/><D42/><U119/><E119/><V100/><F53/><W107/><G107/><T77/><D122/><U39/><E79/><V27/><F93/><W91/><G47/><T46/><D128/><U60/><E60/><V89/><F89/><W131/><G131/><T69/><D18/><U30/><E4/><V10/><F14/><W49/><G11/><T81/><REACH who="0" step="1"/><D61/><REACH who="0" ten="334,286,258,112" step="2"/><U3/><E103/><V78/><F63/><W75/><G115/><T110/><D110/><U25/><E30/><V127/><F133/><W118/><G113/><T41/><D41/><N who="1" m="22591" /><E54/><V16/><F127/><W92/><REACH who="3" step="1"/><G118/><REACH who="3" ten="334,286,258,102" step="2"/><T35/><D35/><U83/><E83/><V38/><F38/><W82/><G82/><T80/><D80/><U15/><E15/><V97/><F37/><W66/><G66/><T108/><D108/><U58/><E58/><V123/><F36/><W51/><G51/><T32/><D32/><U111/><E111/><V62/><F65/><W94/><G94/><T33/><D33/><U120/><E120/><V121/><F64/><W6/><G6/><T126/><D126/><U85/><E3/><N who="2" m="63" /><F123/><W67/><G67/><T40/><D40/><U90/><E2/><V88/><F121/><W19/><G19/><T124/><D124/><U9/><E9/><AGARI ba="3,2" hai="9,12,17,26,28,34,46,48,55,69,71,77,81,86" machi="9" ten="30,7700,0" yaku="1,1,7,1,52,1,53,1" doraHai="20" doraHaiUra="13" who="0" fromWho="1" sc="334,106,286,-86,258,0,102,0" /><INIT seed="2,0,0,2,1,29" ten="440,200,258,102" oya="2" hai0="87,106,129,66,127,81,18,110,35,77,39,98,9" hai1="40,79,78,91,5,90,47,33,114,118,4,43,76" hai2="101,131,56,41,23,130,105,103,74,112,119,17,14" hai3="128,125,8,55,60,120,64,123,48,11,93,82,102"/><V97/><F112/><W50/><G125/><T71/><D39/><U2/><E114/><V65/><F119/><W134/><G134/><T16/><D35/><U54/><E118/><V85/><F74/><W26/><G128/><T109/><D127/><U37/><E33/><V67/><F41/><N who="1" m="15945" /><E2/><V38/><F38/><W115/><G115/><T116/><D116/><U83/><E37/><V68/><F68/><W63/><G26/><T70/><D70/><U96/><E83/><V61/><F103/><W12/><G82/><T73/><D73/><U0/><E0/><V19/><F67/><W75/><G75/><T34/><D34/><U42/><E42/><V113/><F113/><W111/><G111/><N who="0" m="42507" /><D9/><N who="3" m="3657" /><G123/><T133/><D133/><U10/><E10/><V94/><REACH who="2" step="1"/><F19/><REACH who="2" ten="440,200,248,102" step="2"/><W62/><G120/><T107/><D129/><U45/><E54/><V122/><F122/><W92/><G64/><T121/><D121/><U24/><E4/><V22/><F22/><W51/><G102/><T13/><D18/><U99/><E5/><V108/><F108/><W104/><G104/><T27/><D66/><U53/><E53/><V32/><F32/><W28/><G55/><T117/><D71/><U84/><E47/><V25/><F25/><W31/><G12/><T21/><D117/><U59/><E45/><V132/><F132/><W72/><G72/><T46/><D46/><U95/><E24/><V124/><F124/><W7/><G7/><T1/><D107/><U44/><E44/><V49/><F49/><W30/><AGARI ba="0,1" hai="28,30,31,48,50,51,60,62,63,92,93" m="3657" machi="30" ten="40,8000,1" yaku="29,2,28,2,8,1" doraHai="29" who="3" fromWho="3" sc="440,-20,200,-20,248,-40,102,90" /><INIT seed="3,0,0,1,0,129" ten="420,180,208,192" oya="3" hai0="106,77,109,132,48,40,8,83,69,126,133,88,128" hai1="130,74,111,75,46,41,101,80,53,50,122,15,105" hai2="72,1,95,89,116,97,131,85,117,92,127,22,7" hai3="113,56,114,9,49,73,107,14,84,13,19,78,24"/><W38/><G38/><T52/><D106/><U42/><E122/><V125/><F131/><W45/><G73/><N who="0" m="43439" /><D69/><U87/><E130/><V115/><F115/><W36/><G107/><T16/><D128/><U103/><E111/><V110/><F72/><W35/><G36/><T21/><D40/><N who="1" m="15467" /><E74/><V18/><F110/><W5/><G56/><N who="0" m="32775" /><D8/><U119/><E75/><V43/><F43/><W3/><G113/><T57/><D57/><U96/><E105/><V54/><F127/><W76/><G114/><T59/><D59/><U32/><E32/><V31/><F54/><N who="3" m="29999" /><G35/><T63/><D88/><N who="1" m="51303" /><E119/><V102/><F125/><W4/><G3/><T20/><D63/><U17/><E96/><V44/><F1/><W134/><G84/><T94/><D126/><U98/><E98/><V30/><F85/><W26/><G4/><T100/><D109/><U62/><E62/><V70/><F7/><W12/><G134/><N who="0" m="51819" /><D16/><U0/><E0/><V64/><F117/><W93/><G93/><T112/><D112/><U81/><E81/><V60/><F116/><W51/><G51/><T11/><D94/><U124/><E124/><V67/><F95/><W79/><G12/><T29/><D100/><U135/><E135/><V28/><F102/><W120/><G120/><T68/><D68/><U34/><E34/><V90/><F70/><W23/><AGARI ba="0,0" hai="5,9,13,14,19,23,24,26,76,78,79" m="29999" machi="23" ten="30,1500,0" yaku="8,1" doraHai="129" who="3" fromWho="3" sc="420,-5,180,-5,208,-5,192,15" /><INIT seed="3,1,0,0,5,42" ten="415,175,203,207" oya="3" hai0="35,122,18,55,128,39,50,110,53,28,134,44,51" hai1="90,124,54,76,16,1,93,66,43,100,33,6,79" hai2="89,70,103,29,86,15,57,129,84,11,99,47,109" hai3="119,73,125,127,115,68,101,27,46,75,0,36,77"/><W32/><G115/><T38/><D110/><U82/><E33/><V21/><F70/><W9/><G119/><T116/><D122/><U25/><E1/><V87/><F109/><W58/><G101/><T111/><D116/><U62/><E124/><N who="3" m="47690" /><G77/><T17/><D111/><U56/><E43/><V120/><F129/><W98/><G98/><T69/><D69/><U59/><E6/><V12/><F120/><W49/><G68/><T88/><D39/><U65/><E100/><V8/><F57/><W130/><G36/><T105/><D38/><U95/><E95/><N who="2" m="56815" /><F47/><W117/><G58/><T113/><D105/><U19/><E82/><V131/><F131/><W80/><G130/><T96/><D128/><U78/><E25/><N who="2" m="16559" /><F103/><W63/><G63/><T123/><D123/><U7/><E7/><V14/><AGARI ba="1,0" hai="8,11,12,14,15,84,86,87" m="16559,56815" machi="14" ten="30,1100,0" yaku="8,1" doraHai="42" who="2" fromWho="2" sc="415,-4,175,-4,203,14,207,-6" owari="411,51.1,171,-32.9,217,1.7,201,-19.9" /></mjloggm>