<mjloggm ver="2.3"><GO type="225" lobby="0"/><UN n0="%E6%A1%9C%E8%8A%B1%E9%96%83%E3%80%85" n1="%E5%8F%AF%E5%85%90%E9%82%A3%E7%94%B1%E5%A4%9A" n2="%30%2E%31%32%30" n3="%72%61%6B%33" dan="16,16,16,17" rate="2129.84,2186.25,2147.39,2163.57" sx="M,F,M,M"/><TAIKYOKU oya="0"/><INIT seed="0,0,0,4,4,80" ten="250,250,250,250" oya="0" hai0="90,77,112,27,62,11,63,72,130,86,129,49,98" hai1="50,111,68,99,33,16,24,115,22,3,104,76,87" hai2="103,131,48,6,94,35,58,18,0,40,43,116,8" hai3="23,97,89,67,127,39,92,113,21,88,56,110,54"/><T134/><D112/><U78/><E115/><V36/><F35/><W69/><G113/><T57/><D134/><U73/><E73/><V119/><F36/><W66/><G110/><T20/><D72/><U25/><E111/><V64/><F131/><N who="0" m="50186" /><D77/><U105/><E3/><V122/><F122/><W9/><G127/><T52/><D98/><U32/><E68/><V53/><F64/><W65/><G69/><T26/><D11/><U59/><E99/><N who="2" m="59895" /><F18/><W109/><G109/><T44/><D20/><U1/><E32/><V74/><F74/><W30/><G39/><T117/><D117/><AGARI ba="0,0" hai="0,6,8,40,43,48,53,58,116,117,119" m="59895" machi="117" ten="30,1000,0" yaku="12,1" doraHai="80" who="2" fromWho="0" sc="250,-10,250,0,250,10,250,0" /><INIT seed="1,0,0,3,1,135" ten="240,250,260,250" oya="1" hai0="97,33,73,76,61,17,3,89,98,78,50,71,70" hai1="106,36,69,6,47,26,40,112,87,101,74,104,110" hai2="88,85,67,80,21,83,114,51,7,64,45,82,102" hai3="42,115,113,53,0,84,94,54,118,90,77,15,28"/><U130/><E112/><V133/><F133/><W107/><G0/><T20/><D33/><U121/><E121/><V111/><F111/><W117/><G107/><T23/><D3/><U132/><E132/><V60/><F114/><W30/><G42/><T5/><D50/><U134/><E134/><V18/><F7/><W55/><G77/><T43/><D89/><U96/><E74/><V86/><F102/><W57/><G57/><T116/><D17/><U100/><E130/><V16/><F18/><W34/><G15/><T103/><D61/><U13/><E110/><V91/><F80/><W75/><G75/><T2/><D43/><U49/><E69/><V1/><F60/><W123/><G123/><T81/><D5/><U129/><E129/><V56/><F56/><W37/><G37/><T72/><D2/><U120/><E120/><V22/><F22/><W46/><G46/><T95/><D116/><N who="3" m="44649" /><G28/><T31/><D31/><U10/><E87/><V4/><F4/><W66/><G66/><T105/><D76/><U59/><E26/><AGARI ba="0,0" hai="26,30,34,53,54,55,84,90,94,113,115" m="44649" machi="26" ten="30,1000,0" yaku="12,1" doraHai="135" who="3" fromWho="1" sc="240,0,250,-10,260,0,250,10" /><INIT seed="2,0,0,2,1,87" ten="240,240,260,260" oya="2" hai0="70,77,64,83,30,59,122,86,48,74,135,128,5" hai1="15,36,81,11,8,85,37,44,24,61,123,131,80" hai2="10,130,103,16,113,13,129,89,95,32,99,110,93" hai3="134,26,75,35,6,4,50,0,43,31,1,19,60"/><V2/><F113/><W71/><G75/><T3/><D122/><U34/><E123/><V126/><F32/><W114/><G43/><T92/><D128/><N who="2" m="49258" /><F126/><W98/><G50/><T54/><D135/><U127/><E131/><V84/><F2/><W21/><G98/><T69/><D30/><U133/><E133/><V20/><F110/><W17/><G60/><T33/><D33/><U14/><E127/><V55/><F55/><W66/><G66/><T120/><D120/><U39/><E61/><V101/><F101/><W45/><G45/><T72/><D64/><U105/><E105/><V132/><F132/><W42/><G71/><T115/><D115/><U82/><E44/><V111/><F111/><W119/><G42/><T23/><D23/><AGARI ba="0,0" hai="10,13,16,20,23,84,89,93,95,99,103" m="49258" machi="23" ten="30,5800,0" yaku="19,1,52,1,54,1" doraHai="87" who="2" fromWho="0" sc="240,-58,240,0,260,58,260,0" /><INIT seed="2,1,0,5,2,131" ten="182,240,318,260" oya="2" hai0="20,37,103,117,128,79,53,129,1,4,31,65,70" hai1="77,81,51,113,112,39,88,130,43,17,96,11,67" hai2="120,134,27,126,124,123,16,91,60,95,90,97,15" hai3="42,114,92,102,63,109,101,104,132,110,62,12,111"/><V22/><F134/><W133/><G104/><T85/><D37/><U135/><E130/><V49/><F49/><W127/><G127/><N who="2" m="48681" /><F60/><N who="3" m="23083" /><G114/><T80/><D65/><U7/><E67/><V25/><F91/><W99/><G101/><T44/><D70/><U115/><E39/><V68/><F68/><W34/><G34/><T5/><D103/><U32/><E32/><V41/><F41/><W107/><G107/><T18/><D117/><U98/><E17/><V100/><F100/><W29/><G29/><T121/><D18/><U108/><E108/><V61/><F61/><W89/><G102/><T30/><D31/><U94/><E135/><N who="3" m="51786" /><G12/><T82/><D30/><U52/><E43/><AGARI ba="1,0" hai="42,43,89,92,99,109,110,111" m="51786,23083" machi="43" ten="40,8000,1" yaku="14,1,20,1,52,3" doraHai="131" who="3" fromWho="1" sc="182,0,240,-83,318,0,260,83" /><INIT seed="3,0,0,0,2,34" ten="182,157,318,343" oya="3" hai0="95,130,112,70,131,40,93,38,33,30,2,15,16" hai1="61,57,42,54,55,123,99,121,81,92,134,41,18" hai2="98,115,84,113,65,14,132,49,25,24,59,88,26" hai3="9,82,111,28,66,35,13,128,87,127,126,101,124"/><W74/><G111/><T85/><D70/><U47/><E81/><V12/><F132/><W6/><G128/><N who="0" m="49195" /><D2/><U67/><E134/><V29/><F29/><W86/><G101/><T44/><D112/><U3/><E18/><V17/><F113/><W97/><G97/><T118/><D118/><U116/><E3/><V90/><F115/><W22/><G35/><T119/><D85/><N who="3" m="32265" /><G66/><T51/><D38/><U53/><E116/><V68/><F68/><W27/><G82/><T125/><D125/><U21/><E21/><V5/><F98/><W103/><G103/><T64/><D64/><U78/><E78/><V110/><F110/><W107/><G74/><T129/><D119/><U62/><E92/><V1/><F84/><W7/><G7/><T89/><D89/><N who="2" m="34410" /><F1/><W48/><G48/><T10/><D129/><U108/><E99/><V91/><N who="2" m="34418" /><V46/><DORA hai="79" /><F5/><W60/><G60/><T39/><D39/><N who="1" m="21951" /><E108/><V120/><F17/><W31/><G31/><T37/><D37/><U133/><E133/><V56/><F65/><W104/><AGARI ba="0,0" hai="6,9,13,22,27,28,104,107,124,126,127" m="32265" machi="104" ten="40,2100,0" yaku="18,1" doraHai="34,79" who="3" fromWho="3" sc="182,-7,157,-7,318,-7,343,21" owari="175,-22.5,150,-35.0,311,11.1,364,46.4" /></mjloggm>