<mjloggm ver="2.3"><GO type="225" lobby="0"/><UN n0="%E3%81%BD%E3%81%A1%E3%81%9F%E3%81%93%E3%82%84" n1="%6D%75%75%73%61%6E%6D%75" n2="%E4%B8%89%E5%88%86%E5%B0%8F%E5%83%A7" n3="%E3%82%8C%E3%81%99%E3%81%93" dan="17,16,16,17" rate="2198.34,2076.79,2093.56,2185.85" sx="M,F,M,F"/><TAIKYOKU oya="0"/><INIT seed="0,0,0,4,2,74" ten="250,250,250,250" oya="0" hai0="129,84,89,25,6,11,16,83,131,57,29,17,104" hai1="88,99,69,41,44,58,114,66,95,115,65,73,81" hai2="37,18,12,120,111,8,20,63,126,106,31,7,97" hai3="1,127,34,42,109,110,60,64,13,50,53,113,14"/><T92/><D104/><U40/><E69/><V67/><F120/><W3/><G113/><N who="1" m="43018" /><E58/><V121/><F121/><W132/><G34/><T105/><D105/><U19/><E19/><V119/><F37/><W2/><G42/><N who="1" m="16490" /><E44/><V59/><F111/><N who="3" m="42507" /><G132/><T122/><D122/><U49/><E49/><V116/><F126/><W102/><G102/><T5/><D57/><U93/><E93/><V48/><F31/><W71/><G127/><T35/><D92/><U15/><E15/><V38/><F38/><W52/><G53/><T10/><D5/><U107/><E107/><V130/><F130/><N who="0" m="49674" /><D11/><U90/><E90/><V70/><F48/><W80/><G80/><T76/><D89/><U24/><E24/><V47/><F47/><AGARI ba="0,0" hai="1,2,3,13,14,47,50,52,60,64,71" m="42507" machi="47" ten="40,2600,0" yaku="14,1,54,1" doraHai="74" who="3" fromWho="2" sc="250,0,250,0,250,-26,250,26" /><INIT seed="1,0,0,0,5,119" ten="250,250,224,276" oya="1" hai0="80,7,74,70,72,102,28,3,96,57,101,53,104" hai1="125,111,63,32,17,67,21,86,133,26,128,19,20" hai2="45,66,106,38,59,90,92,15,94,55,130,64,83" hai3="61,116,9,10,76,6,127,58,29,52,0,12,44"/><U33/><E125/><V18/><F106/><W108/><G127/><T37/><D70/><U135/><E86/><N who="2" m="50527" /><F38/><W34/><G108/><T60/><D37/><U99/><E99/><V126/><F126/><W81/><G116/><T103/><D28/><U134/><E111/><V95/><F45/><W1/><G44/><T5/><D74/><U47/><E47/><V36/><F36/><W75/><REACH who="3" step="1"/><G10/><REACH who="3" ten="250,250,224,266" step="2"/><T27/><D104/><U93/><E128/><V43/><F130/><W131/><G131/><T78/><D103/><U98/><E32/><V124/><F124/><W79/><G79/><T121/><D102/><N who="1" m="60751" /><E33/><V71/><F43/><W23/><G23/><N who="1" m="8778" /><E26/><AGARI ba="0,1" hai="0,1,6,9,12,26,29,34,52,58,61,75,76,81" machi="26" ten="40,2600,0" yaku="1,1,54,1,53,0" doraHai="119" doraHaiUra="46" who="3" fromWho="1" sc="250,0,250,-26,224,0,266,36" /><INIT seed="2,0,0,5,2,7" ten="250,224,224,302" oya="2" hai0="14,60,83,54,71,103,104,73,40,12,130,57,86" hai1="19,81,123,127,93,72,122,30,92,1,84,3,108" hai2="135,46,36,91,64,5,32,98,106,31,124,87,112" hai3="61,131,17,21,2,85,37,97,105,118,70,52,78"/><V26/><F112/><W67/><G118/><T76/><D130/><U18/><E72/><V56/><F124/><W115/><G37/><T44/><D73/><U109/><E30/><V89/><F135/><W55/><G2/><N who="1" m="522" /><E127/><V125/><F5/><W43/><G43/><T68/><D104/><U90/><E19/><V27/><F27/><W15/><G131/><T121/><D103/><U102/><E18/><V116/><F116/><W23/><G115/><T0/><D0/><U9/><E9/><V133/><F133/><W134/><G134/><T39/><REACH who="0" step="1"/><D121/><REACH who="0" ten="240,224,224,302" step="2"/><N who="1" m="46091" /><E102/><V96/><F125/><W107/><G105/><T132/><D132/><U38/><E38/><V48/><F36/><W88/><G107/><T28/><D28/><U63/><E63/><V129/><F106/><W22/><G61/><T119/><D119/><U25/><E25/><V24/><F24/><W114/><G114/><T99/><D99/><U65/><E65/><V110/><F98/><W47/><G97/><T41/><D41/><U117/><E117/><V111/><F96/><W42/><G67/><T58/><D58/><U80/><E84/><V51/><F129/><W66/><G66/><T82/><D82/><U62/><E62/><V29/><F29/><W10/><G85/><T128/><D128/><U69/><E81/><N who="2" m="49391" /><F64/><W49/><G42/><T59/><D59/><U6/><E80/><V33/><F56/><W74/><G74/><T50/><D50/><U16/><E92/><V79/><F51/><W35/><G49/><T120/><D120/><U77/><E93/><V4/><F48/><W13/><G47/><RYUUKYOKU ba="0,1" sc="240,30,224,-10,224,-10,302,-10" hai0="12,14,39,40,44,54,57,60,68,71,76,83,86" /><INIT seed="3,1,1,0,2,93" ten="270,214,214,292" oya="3" hai0="124,134,109,3,6,59,15,133,58,11,120,100,1" hai1="118,108,47,128,114,79,90,44,97,34,14,32,101" hai2="98,60,122,18,39,111,25,119,24,77,41,72,115" hai3="88,55,28,52,4,7,96,31,126,104,66,61,30"/><W130/><G126/><T27/><D120/><U106/><E114/><V49/><F115/><W23/><G130/><T127/><D109/><U36/><E128/><V22/><F119/><W33/><G33/><T113/><D113/><U83/><E108/><V131/><F39/><W50/><G23/><T135/><D100/><U42/><E118/><V73/><F111/><W94/><G104/><T17/><D59/><U21/><E90/><V84/><F131/><W67/><G55/><T0/><D58/><U103/><E103/><V102/><F122/><W121/><G121/><T40/><D40/><U2/><E47/><N who="2" m="25839" /><F73/><W132/><G132/><T80/><D80/><U20/><E2/><N who="0" m="1129" /><D27/><U46/><E44/><V116/><F72/><W9/><G61/><T57/><D57/><U123/><E123/><V63/><F25/><W68/><G68/><T29/><D29/><U86/><REACH who="1" step="1"/><E21/><AGARI ba="1,1" hai="3,6,11,15,17,21,124,127,133,134,135" m="1129" machi="21" ten="40,5200,0" yaku="20,1,34,2" doraHai="93" who="0" fromWho="1" sc="270,65,214,-55,214,0,292,0" owari="335,43.5,159,-34.1,214,-18.6,292,9.2" /></mjloggm>