<mjloggm ver="2.3"><GO type="225" lobby="0"/><UN n0="%E6%B8%A9%E2%98%85%E6%83%85%E2%98%85%E6%8E%AA%E2%98%85%E7%BD%AE" n1="%E3%81%86%E3%83%BC%E3%81%B1%E3%83%BC" n2="%E7%AD%89%E3%80%85%E5%8A%9B%E5%8A%87%E5%A0%B4" n3="%6D%75%75%6D%75%72%61" dan="16,16,16,16" rate="2148.34,2202.71,2161.06,2153.07" sx="M,F,M,F"/><TAIKYOKU oya="0"/><INIT seed="0,0,0,2,3,76" ten="250,250,250,250" oya="0" hai0="14,112,104,30,134,9,74,25,62,29,57,39,80" hai1="119,34,75,78,114,3,116,87,41,7,81,89,123" hai2="129,84,120,91,124,133,70,115,46,43,105,118,28" hai3="125,69,102,20,117,108,135,90,97,45,18,98,53"/><T55/><D112/><U33/><E123/><V23/><F28/><W130/><G117/><T99/><D134/><U127/><E114/><V126/><F23/><W10/><G108/><T16/><D39/><U42/><E127/><V49/><F91/><W122/><G125/><T52/><D55/><U2/><E33/><V72/><F84/><W6/><G69/><T132/><D132/><U37/><E34/><V96/><F49/><W40/><G130/><T22/><D104/><U100/><E100/><V106/><F96/><W86/><G135/><T73/><D99/><U5/><E7/><V79/><F79/><W131/><G53/><T36/><D36/><U19/><E19/><V83/><F46/><W24/><G131/><T101/><D101/><U88/><E42/><V65/><F65/><W95/><G122/><T103/><D103/><U111/><E2/><V50/><F50/><W56/><G56/><T82/><REACH who="0" step="1"/><D30/><REACH who="0" ten="240,250,250,250" step="2"/><U35/><E37/><V85/><F106/><W128/><G128/><T47/><D47/><U110/><E111/><V38/><F105/><W21/><G45/><T109/><D109/><U77/><E110/><V4/><F38/><W0/><G98/><T32/><D32/><U93/><E35/><V12/><F133/><W27/><G40/><T8/><D8/><N who="1" m="2111" /><E41/><V64/><F43/><W60/><G102/><T61/><D61/><U1/><E75/><AGARI ba="0,1" hai="9,14,16,22,25,29,52,57,62,73,74,75,80,82" machi="75" ten="40,18000,2" yaku="1,1,52,2,54,2,53,1" doraHai="76" doraHaiUra="11" who="0" fromWho="1" sc="240,190,250,-180,250,0,250,0" /><INIT seed="0,1,0,1,4,82" ten="430,70,250,250" oya="0" hai0="63,80,59,55,4,115,131,89,86,110,22,96,120" hai1="25,44,112,1,30,130,18,60,14,100,126,24,20" hai2="33,11,2,67,113,123,87,78,101,23,117,66,29" hai3="53,34,5,85,129,62,135,90,132,48,68,88,118"/><T95/><D115/><U19/><E100/><V102/><F123/><W91/><G118/><T40/><D120/><U84/><E112/><V15/><F113/><W32/><G129/><T0/><D131/><U109/><E130/><V79/><F33/><N who="3" m="12907" /><G5/><T98/><D110/><U17/><E109/><V127/><F127/><W71/><G62/><T121/><D121/><U27/><E126/><V65/><F2/><W77/><G48/><T116/><D116/><U75/><E75/><V45/><F117/><W94/><G53/><T39/><D40/><U3/><E44/><V107/><F107/><W105/><G105/><T8/><D39/><U103/><E103/><V61/><F79/><W92/><G77/><T31/><REACH who="0" step="1"/><D95/><REACH who="0" ten="420,70,250,250" step="2"/><N who="3" m="36393" /><G85/><T72/><D72/><U9/><E84/><V93/><F87/><W12/><G12/><T69/><D69/><AGARI ba="1,1" hai="68,69,71,88,90,91,132,135" m="36393,12907" machi="69" ten="40,5200,0" yaku="28,2,54,1" doraHai="82" who="3" fromWho="0" sc="420,-55,70,0,250,0,250,65" /><INIT seed="1,0,0,2,4,106" ten="365,70,250,315" oya="1" hai0="101,87,129,121,37,71,25,59,43,13,62,91,57" hai1="114,112,79,45,104,70,18,29,34,63,103,80,39" hai2="60,36,0,48,54,56,40,72,76,50,65,108,42" hai3="134,8,110,93,126,130,35,75,127,66,5,135,125"/><U30/><E29/><V15/><F0/><N who="3" m="39" /><G66/><T26/><D121/><U44/><E44/><V109/><F15/><W94/><G35/><T95/><D71/><U2/><E2/><V111/><F76/><W55/><G55/><T131/><D101/><U69/><E18/><V11/><F11/><W24/><G24/><N who="0" m="9323" /><D13/><U133/><E30/><V89/><F89/><W100/><G100/><T132/><D132/><N who="3" m="50729" /><G110/><T51/><D51/><N who="2" m="19498" /><F72/><W46/><G46/><N who="0" m="23919" /><D62/><U19/><E19/><V4/><F4/><W3/><G3/><T96/><D96/><N who="1" m="61543" /><E34/><V83/><F83/><W67/><G67/><T14/><D14/><U88/><E88/><V97/><F97/><W115/><G115/><N who="1" m="44074" /><E63/><N who="2" m="36247" /><F36/><W23/><G23/><T81/><D91/><U27/><E27/><V74/><F74/><W9/><G75/><T113/><D113/><U128/><E133/><V53/><F53/><W6/><G9/><T116/><D59/><AGARI ba="0,0" hai="40,42,59,60,65,108,109,111" m="36247,19498" machi="59" ten="30,3900,0" yaku="14,1,34,2" doraHai="106" who="2" fromWho="0" sc="365,-39,70,0,250,39,315,0" /><INIT seed="2,0,0,4,2,56" ten="326,70,289,315" oya="2" hai0="39,57,46,113,1,18,102,88,84,58,106,21,112" hai1="55,38,63,9,8,23,13,47,25,81,126,2,51" hai2="20,10,36,27,32,43,44,117,11,133,91,90,121" hai3="122,132,80,120,66,108,41,3,83,101,129,6,61"/><V67/><F117/><W78/><G108/><T97/><D1/><U50/><E126/><V49/><F121/><W53/><G129/><T29/><D29/><U34/><E2/><V5/><F32/><W15/><G132/><T28/><D28/><U69/><E38/><V99/><F133/><W70/><G3/><T52/><D58/><U109/><E109/><V0/><F11/><W135/><G135/><T62/><D46/><U93/><E34/><V119/><F119/><W4/><G53/><T123/><D39/><U24/><E93/><V131/><F131/><W118/><G118/><T75/><D75/><U19/><E8/><V71/><F99/><W72/><G41/><T65/><D65/><U134/><E23/><V124/><F124/><W60/><G101/><T68/><D68/><U82/><E51/><V54/><F43/><W128/><G128/><T92/><D123/><U35/><E134/><V22/><F22/><W115/><G115/><T16/><D18/><U48/><E48/><V77/><F77/><W14/><G78/><T110/><D110/><U105/><E105/><V31/><REACH who="2" step="1"/><F36/><REACH who="2" ten="326,70,279,315" step="2"/><W95/><G120/><T130/><D130/><U116/><E116/><V7/><F7/><W37/><G37/><T111/><D111/><U26/><E35/><V85/><F85/><W45/><G122/><T30/><D30/><U79/><E79/><V17/><F17/><W98/><G4/><T59/><D16/><U100/><E100/><V89/><F89/><W76/><G6/><T114/><D21/><U127/><E127/><V86/><F86/><W42/><G76/><RYUUKYOKU ba="0,1" sc="326,10,70,10,279,10,315,-30" hai0="52,57,59,62,84,88,92,97,102,106,112,113,114" hai1="9,13,19,24,25,26,47,50,55,63,69,81,82" hai2="0,5,10,20,27,31,44,49,54,67,71,90,91" /><INIT seed="2,1,1,2,3,16" ten="336,80,289,285" oya="2" hai0="106,102,68,7,73,78,46,128,108,10,8,91,66" hai1="99,19,89,56,20,1,117,25,15,60,3,14,64" hai2="86,24,131,39,44,111,59,113,77,4,2,21,79" hai3="107,93,101,13,55,130,33,122,76,48,127,11,50"/><V83/><F113/><W40/><G122/><T100/><D106/><U54/><E117/><V84/><F131/><W53/><G107/><T71/><D78/><U88/><E1/><V110/><F2/><W49/><G33/><T97/><D73/><U23/><E3/><V98/><F4/><W63/><G130/><T29/><D29/><N who="1" m="17575" /><E64/><V132/><F132/><W6/><G127/><T30/><D91/><N who="1" m="34891" /><E99/><V134/><F134/><W41/><G76/><T125/><D46/><U96/><E96/><V74/><F98/><N who="3" m="59599" /><G63/><T27/><D97/><U32/><E32/><V85/><F79/><W70/><G70/><T47/><D71/><U121/><E121/><V133/><F133/><W135/><G135/><T62/><D62/><U94/><E94/><V26/><F26/><AGARI ba="1,1" hai="14,15,19,23,26,54,56,60" m="34891,17575" machi="26" ten="30,7700,0" yaku="8,1,52,2,54,1" doraHai="16" who="1" fromWho="2" sc="336,0,80,90,289,-80,285,0" /><INIT seed="3,0,0,0,2,117" ten="336,170,209,285" oya="3" hai0="87,81,65,51,9,102,130,106,82,91,113,27,98" hai1="30,69,124,95,14,70,85,5,16,99,109,78,17" hai2="35,128,39,123,97,61,83,32,92,12,75,42,112" hai3="20,93,131,33,129,68,2,13,71,114,19,62,29"/><W66/><G114/><T101/><D113/><U104/><E109/><V41/><F112/><W90/><G2/><T88/><D130/><N who="3" m="49673" /><G33/><T50/><D65/><U10/><E124/><V43/><F128/><W86/><G29/><T64/><D64/><U126/><E126/><V49/><F39/><W96/><G96/><T24/><D9/><U52/><E30/><V37/><F37/><W45/><G45/><T11/><D11/><U57/><E70/><AGARI ba="0,0" hai="13,19,20,62,66,68,70,71,86,90,93" m="49673" machi="70" ten="30,1500,0" yaku="19,1" doraHai="117" who="3" fromWho="1" sc="336,0,170,-15,209,0,285,15" /><INIT seed="3,1,0,2,2,26" ten="336,155,209,300" oya="3" hai0="10,46,80,7,43,38,79,77,74,92,112,58,94" hai1="35,98,81,95,34,85,37,22,76,9,33,27,133" hai2="104,115,129,117,63,65,127,39,19,64,56,2,18" hai3="14,86,128,41,24,36,16,118,55,71,66,59,70"/><W96/><G118/><T44/><D112/><U135/><E37/><V78/><F117/><W110/><G128/><T125/><D125/><U62/><E9/><V68/><F115/><W57/><G110/><T31/><D31/><U108/><E108/><V122/><F104/><W111/><G111/><T60/><D44/><U29/><REACH who="1" step="1"/><E62/><REACH who="1" ten="336,145,209,300" step="2"/><V120/><F39/><W47/><G71/><T119/><D119/><U0/><E0/><V90/><F2/><W89/><G70/><T126/><D126/><U32/><N who="1" m="8192" /><DORA hai="72" /><U100/><AGARI ba="1,1" hai="22,27,29,76,81,85,95,98,100,133,135" m="8192" machi="100" ten="60,8000,1" yaku="1,1,4,1,0,1,52,2,53,0" doraHai="26,72" doraHaiUra="4,51" who="1" fromWho="1" sc="336,-21,145,93,209,-21,300,-41" owari="315,41.5,238,-16.2,188,-31.2,259,5.9" /></mjloggm>