<mjloggm ver="2.3"><GO type="225" lobby="0"/><UN n0="%E5%8F%AF%E5%85%90%E9%82%A3%E7%94%B1%E5%A4%9A" n1="%E3%81%86%E3%83%BC%E3%81%B1%E3%83%BC" n2="%E7%AD%89%E3%80%85%E5%8A%9B%E5%8A%87%E5%A0%B4" n3="%38%63%E3%81%AF%E3%81%A3%E3%81%97%E3%83%BC" dan="16,17,17,16" rate="2178.84,2195.74,2153.79,2119.06" sx="F,M,M,M"/><TAIKYOKU oya="0"/><INIT seed="0,0,0,4,4,92" ten="250,250,250,250" oya="0" hai0="52,58,99,125,134,36,23,89,100,33,10,79,133" hai1="85,86,19,111,22,44,107,41,98,31,90,104,118" hai2="20,96,120,126,103,47,14,62,124,121,59,38,28" hai3="3,29,61,6,75,71,30,128,74,17,69,127,42"/><T122/><D122/><U93/><E118/><V2/><F2/><W16/><G42/><T109/><D33/><U117/><E117/><V80/><F80/><W73/><G61/><T24/><D36/><U49/><E111/><V115/><F115/><W51/><G51/><T18/><D109/><U110/><E110/><V130/><F130/><W37/><G37/><T77/><D125/><N who="2" m="48234" /><F47/><W64/><G127/><T131/><D131/><U48/><E31/><V129/><F38/><W112/><G64/><T108/><D108/><U101/><E49/><V68/><F68/><W66/><G66/><T4/><D89/><U135/><E135/><N who="0" m="51721" /><D10/><U32/><E32/><V83/><F83/><W34/><G34/><T116/><D4/><U87/><E104/><N who="2" m="63591" /><F129/><W88/><G128/><T65/><D65/><U105/><E107/><V70/><F70/><W82/><G71/><T84/><D84/><U45/><E44/><V54/><F14/><AGARI ba="0,0" hai="14,19,22,41,45,48,85,86,87,90,93,98,101,105" machi="14" ten="30,2000,0" yaku="7,1,52,1" doraHai="92" who="1" fromWho="2" sc="250,0,250,20,250,-20,250,0" /><INIT seed="1,0,0,5,5,111" ten="250,270,230,250" oya="1" hai0="69,115,21,8,38,105,52,98,30,99,57,5,1" hai1="53,36,10,47,118,101,92,102,82,16,64,77,97" hai2="67,103,56,48,124,54,100,68,133,9,62,15,63" hai3="58,6,107,40,83,44,126,26,55,121,7,43,51"/><U76/><E118/><V37/><F133/><W108/><G121/><T88/><D69/><U129/><E129/><V25/><F124/><W130/><G126/><T50/><D38/><U72/><E76/><V89/><F37/><W80/><G107/><T2/><D2/><U86/><E72/><V110/><F110/><W134/><G108/><T120/><D120/><U94/><E64/><V24/><F89/><W23/><G134/><T96/><D105/><U79/><E79/><V127/><F127/><W132/><G130/><T93/><REACH who="0" step="1"/><D115/><REACH who="0" ten="240,270,230,250" step="2"/><U119/><E36/><V31/><F68/><W59/><G132/><T117/><D117/><U122/><E119/><V85/><F67/><W65/><G65/><T95/><D95/><U131/><E122/><V123/><F123/><W90/><G83/><T27/><AGARI ba="0,1" hai="1,5,8,21,27,30,50,52,57,88,93,96,98,99" machi="27" ten="30,7900,0" yaku="1,1,0,1,54,2,53,0" doraHai="111" doraHaiUra="113" who="0" fromWho="0" sc="240,89,270,-39,230,-20,250,-20" /><INIT seed="2,0,0,5,4,11" ten="329,231,210,230" oya="2" hai0="133,128,129,83,40,51,111,123,29,85,92,78,59" hai1="103,33,124,48,96,41,131,27,79,87,10,70,39" hai2="100,4,134,46,108,127,24,69,109,77,63,54,3" hai3="101,107,65,62,110,120,19,90,73,1,112,0,61"/><V15/><F3/><W58/><G120/><T126/><D123/><U20/><E70/><V18/><F4/><W31/><G73/><T66/><D111/><N who="2" m="42570" /><F134/><W8/><G110/><T57/><D133/><U44/><E131/><N who="0" m="50249" /><D126/><U71/><E71/><V60/><F127/><W105/><G31/><T117/><D117/><U75/><E33/><V68/><F68/><W30/><G30/><T114/><D114/><U102/><E75/><V42/><F69/><W26/><G90/><T45/><D29/><U52/><E96/><V55/><F24/><W35/><G35/><T80/><D66/><U121/><E121/><V135/><F135/><W84/><G84/><N who="0" m="48151" /><D92/><U25/><E25/><V2/><F2/><W93/><G93/><T37/><D37/><U74/><E74/><V132/><F132/><W43/><G65/><T23/><D23/><U115/><E124/><V7/><F7/><W82/><G26/><T97/><D97/><U34/><E34/><V122/><F122/><W64/><G64/><T9/><D9/><U56/><E115/><V17/><F17/><W22/><G8/><T6/><D6/><U99/><E99/><V118/><F118/><W86/><G22/><T116/><D116/><U32/><E32/><V12/><F18/><W119/><G19/><T28/><D28/><N who="1" m="17511" /><E10/><V47/><F100/><W113/><G113/><T16/><D16/><U67/><E67/><V106/><F106/><W53/><G119/><T50/><D50/><N who="1" m="30743" /><E39/><V13/><F77/><AGARI ba="0,0" hai="40,45,51,57,59,77,83,85" m="48151,50249" machi="77" ten="30,1000,0" yaku="19,1" doraHai="11" who="0" fromWho="2" sc="329,10,231,0,210,-10,230,0" /><INIT seed="3,0,0,0,2,110" ten="339,231,200,230" oya="3" hai0="45,54,76,35,56,31,1,95,47,105,3,57,133" hai1="91,5,43,46,61,96,19,135,34,30,79,11,116" hai2="111,62,100,104,60,80,117,77,63,66,29,16,107" hai3="40,113,83,22,119,70,21,58,94,78,39,89,68"/><W33/><G33/><T127/><D105/><U132/><E19/><V13/><F111/><W134/><G119/><T86/><D133/><N who="1" m="51275" /><E79/><V14/><F117/><W84/><G134/><T102/><D57/><U125/><E125/><V97/><F107/><W123/><G123/><T67/><D67/><U108/><E108/><V106/><F106/><W50/><G39/><T52/><D54/><U26/><E61/><V2/><F2/><W118/><G118/><T129/><D102/><U10/><E5/><V128/><F128/><W18/><G113/><T90/><D76/><U101/><E91/><V64/><F29/><W8/><G8/><T85/><D85/><U53/><E53/><V59/><F14/><W109/><G22/><T44/><D127/><U38/><E116/><V24/><F24/><W73/><G109/><T92/><D92/><AGARI ba="0,0" hai="10,11,26,30,34,38,43,46,92,96,101" m="51275" machi="92" ten="30,1000,0" yaku="20,1" doraHai="110" who="1" fromWho="0" sc="339,-10,231,10,200,0,230,0" owari="329,42.9,241,4.1,200,-30.0,230,-17.0" /></mjloggm>