<mjloggm ver="2.3"><GO type="225" lobby="0"/><UN n0="%E5%B8%86%E7%AB%8B%E5%A4%8F%E8%A1%A3" n1="%E5%91%A8%E6%9D%B1" n2="%E7%8D%A3%E8%87%AD%E3%81%84%E8%82%89%E7%90%83" n3="%E3%83%A9%E3%83%BC%E3%83%A1%E3%83%B3%E4%BA%94%E9%83%8E" dan="17,17,16,16" rate="2186.61,2136.90,2121.10,2139.53" sx="M,M,M,M"/><TAIKYOKU oya="0"/><INIT seed="0,0,0,5,0,33" ten="250,250,250,250" oya="0" hai0="60,63,101,71,77,106,113,85,132,130,107,119,76" hai1="23,115,74,122,42,54,61,39,100,26,43,35,134" hai2="9,50,45,20,5,127,14,128,126,59,89,70,30" hai3="133,47,46,88,98,21,51,118,135,82,108,86,125"/><T11/><D113/><U111/><E122/><V110/><F70/><W16/><G118/><T40/><D119/><U99/><E115/><V92/><F59/><W64/><G108/><T37/><D130/><U17/><E111/><V109/><F128/><W84/><G125/><N who="2" m="47625" /><F20/><W93/><G64/><T120/><D120/><U28/><E134/><N who="3" m="51210" /><G51/><T19/><D132/><U124/><E74/><V36/><F30/><W2/><G2/><T13/><D101/><U87/><E39/><V56/><F56/><W67/><G67/><T94/><D71/><U103/><E124/><V49/><F36/><W80/><G86/><T27/><D106/><U48/><E87/><N who="2" m="52287" /><F50/><W7/><G7/><T34/><D37/><U1/><E61/><V78/><F78/><N who="3" m="46103" /><G82/><T65/><D65/><U121/><E121/><V22/><F22/><W32/><G32/><T18/><D34/><U90/><E35/><V6/><F6/><W68/><G68/><T97/><D60/><U105/><E48/><V131/><F131/><W29/><G29/><T117/><D63/><U55/><E28/><V12/><F109/><W66/><G66/><T104/><D117/><U44/><E23/><V31/><F31/><W79/><G79/><T91/><D77/><U15/><E99/><V52/><F110/><W25/><AGARI ba="0,0" hai="16,21,25,46,47,88,93,98" m="46103,51210" machi="25" ten="30,4000,0" yaku="20,1,54,2" doraHai="33" who="3" fromWho="3" sc="250,-20,250,-10,250,-10,250,40" /><INIT seed="1,0,0,0,1,45" ten="230,240,240,290" oya="1" hai0="102,132,26,77,80,128,0,17,13,65,16,37,28" hai1="29,41,25,24,53,75,100,21,104,103,69,4,46" hai2="87,93,108,63,70,105,52,76,106,11,40,61,32" hai3="99,121,85,81,14,27,122,71,15,98,55,83,73"/><U33/><E75/><V51/><F108/><W134/><G71/><T90/><D0/><U79/><E79/><V119/><F119/><W60/><G73/><T1/><D1/><U116/><E116/><V10/><F32/><W43/><G134/><T97/><D132/><U88/><E69/><V95/><F40/><W115/><G115/><T48/><D37/><U6/><E53/><V118/><F118/><W127/><G127/><T72/><D128/><U112/><E112/><V135/><F135/><W126/><G126/><T18/><D65/><U12/><E104/><V3/><F105/><W131/><G43/><T113/><D113/><U38/><E88/><N who="2" m="53407" /><F106/><W5/><G131/><T20/><D90/><U94/><E94/><V47/><F3/><W36/><G36/><T49/><REACH who="0" step="1"/><D13/><REACH who="0" ten="220,240,240,290" step="2"/><U22/><E12/><V82/><F70/><W92/><G15/><T59/><D59/><U56/><E56/><V42/><F76/><W23/><G14/><T124/><D124/><U58/><E58/><N who="2" m="33055" /><F82/><W129/><G81/><T35/><D35/><U54/><E33/><V74/><F74/><W117/><G129/><T109/><D109/><U30/><REACH who="1" step="1"/><E54/><REACH who="1" ten="220,230,240,290" step="2"/><V62/><F11/><W130/><G117/><T7/><D7/><AGARI ba="0,2" hai="4,6,7,21,22,24,25,29,30,38,41,46,100,103" machi="7" ten="40,7700,0" yaku="1,1,2,1,9,1,53,0" doraHai="45" doraHaiUra="107" who="1" fromWho="0" sc="220,-77,230,97,240,0,290,0" /><INIT seed="1,1,0,5,3,0" ten="143,327,240,290" oya="1" hai0="18,107,45,21,47,125,59,57,66,11,15,83,41" hai1="7,74,54,129,26,90,97,85,78,96,93,95,79" hai2="3,36,58,102,64,17,92,108,43,69,68,105,112" hai3="53,51,117,56,130,33,62,110,94,104,106,101,39"/><U77/><E129/><V72/><F108/><W38/><G110/><T32/><D125/><U115/><E115/><V10/><F112/><W49/><G130/><T128/><D128/><U132/><E132/><V71/><F105/><W133/><G33/><T63/><D32/><U119/><E119/><V127/><F72/><W111/><G38/><T73/><D107/><U40/><E40/><V131/><F131/><W134/><G39/><T25/><D73/><U89/><E7/><V98/><F127/><W65/><G117/><T14/><D83/><N who="1" m="45495" /><E54/><V103/><F103/><W61/><G61/><T23/><D57/><U20/><E20/><V60/><F43/><W70/><G49/><T120/><D120/><U114/><E26/><V46/><F46/><W28/><G28/><T48/><D45/><U52/><E52/><V34/><F34/><W80/><G80/><T2/><REACH who="0" step="1"/><D23/><REACH who="0" ten="133,327,240,290" step="2"/><U5/><E114/><V67/><F68/><N who="3" m="42039" /><G111/><T86/><D86/><N who="1" m="52407" /><E5/><AGARI ba="1,1" hai="2,5,11,14,15,18,21,25,41,47,48,59,63,66" machi="5" ten="40,2600,0" yaku="1,1,52,1,53,0" doraHai="0" doraHaiUra="91" who="0" fromWho="1" sc="133,39,327,-29,240,0,290,0" /><INIT seed="2,0,0,1,2,41" ten="172,298,240,290" oya="2" hai0="40,23,81,112,116,69,86,94,98,8,75,109,73" hai1="22,3,89,104,80,46,36,58,63,85,17,59,1" hai2="71,33,11,37,27,124,105,14,108,0,129,106,88" hai3="123,101,132,29,126,135,78,70,91,128,118,18,43"/><V25/><F71/><W87/><G118/><T79/><D69/><U100/><E104/><V13/><F37/><W113/><G123/><T61/><D116/><U99/><E59/><V102/><F129/><W15/><G128/><T117/><D117/><U131/><E131/><V90/><F124/><W72/><G126/><T56/><D112/><U19/><E19/><V84/><F0/><W115/><G70/><T66/><D109/><U55/><E36/><V53/><F108/><W57/><G101/><T7/><D23/><U64/><E99/><V93/><F14/><W82/><G57/><T28/><D28/><U97/><E97/><V34/><F53/><W30/><G43/><T95/><D40/><U127/><E100/><V2/><F2/><W44/><G44/><T76/><D76/><U5/><E5/><V111/><F111/><W20/><G30/><T110/><D95/><U52/><E127/><V24/><F90/><W49/><G49/><T68/><D68/><U10/><E10/><V130/><F130/><W12/><G12/><T65/><D65/><U83/><E83/><V60/><F60/><W96/><G96/><T26/><D110/><U103/><E103/><V92/><F92/><N who="3" m="54399" /><G29/><T32/><D94/><U125/><E125/><V4/><REACH who="2" step="1"/><F102/><REACH who="2" ten="172,298,230,290" step="2"/><W77/><G77/><T54/><D54/><U39/><E1/><V51/><F51/><W133/><AGARI ba="0,1" hai="15,18,20,72,78,82,113,115,132,133,135" m="54399" machi="133" ten="40,1500,0" yaku="20,1" doraHai="41" who="3" fromWho="3" sc="172,-4,298,-4,230,-7,290,25" /><INIT seed="3,0,0,4,0,20" ten="168,294,223,315" oya="3" hai0="67,59,110,80,51,3,48,118,130,109,108,53,78" hai1="24,31,50,86,68,13,46,119,54,17,103,105,120" hai2="12,32,77,81,10,23,128,115,88,5,30,49,38" hai3="125,35,66,123,15,52,97,22,116,65,2,42,98"/><W40/><G116/><T7/><D118/><U39/><E120/><V127/><F115/><W93/><G2/><T133/><D133/><U83/><E119/><V72/><F38/><W1/><G1/><T84/><D130/><U101/><E68/><V73/><F127/><W9/><G35/><T111/><N who="0" m="27648" /><DORA hai="4" /><T121/><D121/><U16/><E39/><V14/><F128/><W87/><G125/><T64/><D51/><U0/><E0/><V82/><F32/><W61/><G22/><T92/><D92/><U11/><E17/><V129/><F129/><W89/><G52/><T96/><D96/><N who="3" m="36969" /><G123/><T95/><REACH who="0" step="1"/><D95/><REACH who="0" ten="158,294,223,315" step="2"/><U74/><E105/><V114/><F114/><W76/><G93/><T104/><D104/><U57/><E50/><V100/><F49/><W69/><G61/><T107/><D107/><U33/><E83/><V135/><F135/><W106/><G106/><T71/><D71/><U47/><E47/><V26/><F81/><W134/><G69/><T36/><D36/><U18/><E46/><V28/><F82/><W99/><G99/><T79/><D79/><U43/><E103/><V56/><F100/><W25/><G76/><T29/><D29/><U131/><E31/><V34/><F77/><W63/><G134/><T132/><D132/><U58/><E101/><V102/><F102/><W8/><G63/><T90/><D90/><U126/><E131/><V44/><F88/><W62/><G89/><T37/><D37/><U70/><E70/><V124/><F30/><W21/><G62/><T27/><D27/><U122/><E122/><V60/><F28/><RYUUKYOKU ba="0,1" sc="158,30,294,-10,223,-10,315,-10" hai0="3,7,48,53,59,64,67,78,80,84" owari="188,-31.2,284,8.4,213,-18.7,315,41.5" /></mjloggm>