<mjloggm ver="2.3"><GO type="225" lobby="0"/><UN n0="%77%72%77%72%77%72%77%72" n1="%E8%B6%85%E7%B4%9A%E9%B3%B3%E5%87%B0" n2="%54%4F%52" n3="%E3%81%8B%E3%82%8F%E3%81%A1%E3%82%83%E3%82%93%35%38" dan="16,16,17,16" rate="2174.37,2151.09,2234.17,2124.01" sx="M,M,M,M"/><TAIKYOKU oya="0"/><INIT seed="0,0,0,4,1,74" ten="250,250,250,250" oya="0" hai0="124,15,7,66,114,41,88,28,40,1,113,36,109" hai1="115,53,31,26,42,33,99,80,60,39,8,21,18" hai2="64,22,54,131,132,47,9,32,27,101,34,112,78" hai3="48,125,55,59,17,84,104,57,110,103,20,123,95"/><T102/><D1/><U127/><E127/><V68/><F112/><W105/><G125/><T19/><D124/><U52/><E115/><V82/><F132/><W76/><G110/><T85/><D109/><U118/><E118/><V126/><F126/><W35/><G35/><T134/><D134/><U72/><E8/><V30/><F131/><W100/><G123/><T130/><D130/><U98/><E42/><V61/><F101/><W106/><G59/><T71/><D7/><U133/><E39/><V83/><F83/><W24/><REACH who="3" step="1"/><G95/><REACH who="3" ten="250,250,250,240" step="2"/><T3/><D114/><U73/><E33/><V135/><F135/><W121/><G121/><T96/><D113/><U5/><E133/><V58/><F32/><W120/><G120/><T62/><D71/><U45/><E60/><V65/><F34/><W111/><G111/><T51/><D62/><U93/><E93/><V37/><F58/><W69/><G69/><T6/><D66/><U90/><E80/><AGARI ba="0,1" hai="17,20,24,48,55,57,76,80,84,100,103,104,105,106" machi="80" ten="40,2600,0" yaku="1,1,52,1,53,0" doraHai="74" doraHaiUra="129" who="3" fromWho="1" sc="250,0,250,-26,250,0,240,36" /><INIT seed="1,0,0,1,4,101" ten="250,224,250,276" oya="1" hai0="110,75,127,29,116,73,97,122,89,9,48,14,82" hai1="39,65,44,20,45,90,109,107,62,57,130,4,33" hai2="12,96,81,25,5,26,87,13,132,30,119,125,85" hai3="129,111,2,103,63,46,28,86,34,40,128,66,102"/><U91/><E33/><V64/><F119/><W49/><G2/><T52/><D116/><U93/><E130/><N who="3" m="50282" /><G111/><T69/><D69/><U37/><E109/><V42/><F132/><W23/><G34/><T88/><D110/><U55/><E4/><V77/><F125/><W59/><G86/><T32/><D127/><U56/><E107/><V126/><F126/><W68/><G59/><T53/><D122/><U105/><E105/><V19/><F64/><W31/><G31/><T58/><D29/><U70/><E20/><V15/><F42/><W47/><G47/><N who="1" m="17994" /><E91/><V74/><F5/><W54/><G40/><T92/><D32/><U99/><E99/><V135/><F135/><W0/><G0/><T76/><D53/><N who="1" m="34063" /><E90/><V21/><REACH who="2" step="1"/><F96/><REACH who="2" ten="250,224,240,276" step="2"/><W17/><G28/><T67/><D67/><U120/><E120/><V51/><F51/><W36/><G49/><T43/><D43/><U113/><E65/><V114/><F114/><W123/><G66/><T121/><D121/><U79/><E70/><V6/><F6/><W108/><G68/><T131/><D131/><U104/><E113/><V61/><F61/><W38/><G123/><T133/><D133/><U95/><E37/><V98/><F98/><W60/><G108/><T8/><D89/><U1/><E39/><N who="3" m="14890" /><G60/><T83/><D14/><U100/><E1/><V16/><F16/><W35/><G63/><T7/><D7/><U117/><E117/><V84/><F84/><W22/><G54/><T50/><D48/><N who="1" m="30951" /><E79/><AGARI ba="0,1" hai="8,9,50,52,58,73,75,76,79,82,83,88,92,97" machi="79" ten="40,5200,0" yaku="9,1,54,2" doraHai="101" who="0" fromWho="1" sc="250,62,224,-52,240,0,276,0" /><INIT seed="2,0,0,2,3,119" ten="312,172,240,276" oya="2" hai0="83,111,93,86,36,39,16,112,78,60,79,115,34" hai1="10,61,33,35,130,57,75,89,5,109,120,131,18" hai2="127,12,106,24,73,96,21,3,45,105,99,91,9" hai3="69,41,2,15,20,102,63,121,46,100,44,134,72"/><V23/><F73/><W123/><G2/><T132/><D34/><U37/><E75/><V80/><F3/><W85/><G72/><T68/><D111/><U64/><E37/><V84/><F127/><W90/><G69/><T28/><D132/><U42/><E42/><V122/><F122/><W97/><G63/><T38/><D28/><U94/><E109/><V40/><F106/><W101/><G97/><T4/><D4/><U104/><E104/><V95/><F105/><W87/><G87/><T55/><D93/><U92/><E18/><V124/><F124/><W128/><G44/><T117/><D78/><U6/><E6/><V50/><F24/><W48/><G128/><N who="1" m="49194" /><E92/><V52/><F40/><W32/><G32/><T56/><D16/><U81/><E81/><V58/><F58/><W1/><G1/><T27/><D27/><U31/><E31/><V29/><F29/><W114/><G134/><T11/><D11/><U88/><E89/><V107/><F107/><W26/><G15/><T47/><D68/><U126/><E126/><V110/><F110/><W59/><G26/><T125/><D125/><U129/><N who="1" m="49202" /><U103/><DORA hai="19" /><E103/><N who="2" m="60831" /><F99/><W98/><G98/><T49/><REACH who="0" step="1"/><D117/><REACH who="0" ten="302,172,240,276" step="2"/><U116/><E116/><V65/><F65/><AGARI ba="0,1" hai="36,38,39,47,49,55,56,60,65,79,83,86,112,115" machi="65" ten="40,8000,1" yaku="1,1,2,1,53,2" doraHai="119,19" doraHaiUra="77,54" who="0" fromWho="2" sc="302,90,172,0,240,-80,276,0" /><INIT seed="3,0,0,2,2,24" ten="392,172,160,276" oya="3" hai0="49,107,51,110,129,8,134,59,7,62,21,101,114" hai1="81,100,91,44,80,72,131,48,15,40,64,19,112" hai2="13,22,33,56,34,58,105,102,103,123,12,67,71" hai3="95,127,39,17,50,126,68,27,9,78,119,92,83"/><W61/><G39/><T5/><D110/><U89/><E112/><V57/><F123/><W29/><G119/><T76/><D114/><U1/><E1/><V97/><F103/><W10/><G50/><T35/><D35/><U120/><E120/><V60/><REACH who="2" step="1"/><F22/><REACH who="2" ten="392,172,150,276" step="2"/><W86/><G127/><T124/><D21/><N who="1" m="11519" /><E131/><V38/><F38/><W109/><G126/><T26/><D59/><U115/><E115/><V113/><F113/><W23/><G109/><T36/><D62/><U133/><E133/><V135/><F135/><W111/><G111/><T3/><D26/><U108/><E108/><V132/><F132/><W84/><G61/><T41/><D5/><U47/><E72/><V99/><F99/><W73/><G73/><T125/><D76/><U94/><E64/><V52/><F52/><W118/><G118/><T16/><D3/><U106/><E106/><V42/><F42/><W25/><G68/><T77/><D41/><U128/><E128/><V4/><F4/><W32/><G86/><T37/><D8/><U85/><E100/><V0/><F0/><W90/><G9/><T87/><D101/><U116/><E116/><V74/><F74/><N who="3" m="43479" /><G10/><T53/><D51/><N who="1" m="27015" /><E89/><V66/><F66/><W82/><G32/><AGARI ba="0,1" hai="12,13,32,33,34,56,57,58,60,67,71,97,102,105" machi="32" ten="40,1300,0" yaku="1,1,53,0" doraHai="24" doraHaiUra="88" who="2" fromWho="3" sc="392,0,172,0,150,23,276,-13" owari="392,49.2,172,-32.8,173,-22.7,263,6.3" /></mjloggm>