<mjloggm ver="2.3"><GO type="225" lobby="0"/><UN n0="%E3%83%97%E3%83%AC%E3%83%B4%E3%82%A1%E3%83%86%E3%82%A3" n1="%E3%81%BF%E3%81%BF%E3%81%9A" n2="%6D%61%74%69%67%75%73%61" n3="%E3%83%99%E3%83%AB%E3%83%A2%E3%83%83%E3%83%88" dan="16,16,17,16" rate="2100.23,2138.14,2226.30,2094.73" sx="F,M,M,M"/><TAIKYOKU oya="0"/><INIT seed="0,0,0,0,4,88" ten="250,250,250,250" oya="0" hai0="6,10,122,53,48,66,133,69,124,25,35,79,27" hai1="72,38,70,26,120,12,58,60,30,41,76,29,13" hai2="127,132,54,77,36,100,91,86,113,84,9,15,130" hai3="71,94,131,75,112,8,90,63,117,16,98,49,14"/><T3/><D122/><U39/><E120/><V43/><F130/><W42/><G112/><T17/><D133/><U61/><E70/><V52/><F127/><W87/><G117/><T44/><D124/><U78/><E58/><V34/><F34/><W128/><G75/><T51/><D35/><U62/><E41/><V5/><F113/><W119/><G119/><T126/><D126/><U57/><E57/><V11/><F100/><W81/><G63/><T68/><D66/><U2/><E26/><V114/><F132/><W55/><G42/><T4/><D4/><U37/><E72/><V123/><F123/><W40/><G40/><T21/><D27/><U118/><E2/><V50/><F36/><W20/><G71/><T74/><REACH who="0" step="1"/><D48/><REACH who="0" ten="240,250,250,250" step="2"/><U121/><E118/><V83/><F114/><W31/><G31/><N who="1" m="11786" /><E121/><V115/><F115/><W101/><REACH who="3" step="1"/><G20/><REACH who="3" ten="240,250,250,240" step="2"/><T104/><D104/><U64/><E64/><V111/><F50/><W103/><G103/><T59/><D59/><AGARI ba="0,2" hai="8,14,16,49,55,59,81,87,90,94,98,101,128,131" machi="59" ten="40,8000,1" yaku="1,1,52,1,54,1,53,1" doraHai="88" doraHaiUra="93" who="3" fromWho="0" sc="240,-80,250,0,250,0,240,100" /><INIT seed="1,0,0,5,3,20" ten="160,250,250,340" oya="1" hai0="70,10,76,73,17,114,83,116,9,4,97,53,121" hai1="39,57,46,26,0,120,94,77,127,51,89,14,29" hai2="124,3,80,78,30,108,92,72,12,103,135,110,1" hai3="118,18,65,52,106,128,109,32,126,21,25,28,40"/><U27/><E120/><V19/><F135/><W45/><G106/><T42/><D121/><U79/><E0/><V85/><F124/><W48/><G109/><N who="2" m="42089" /><F30/><W64/><G126/><T84/><D114/><U38/><E127/><V111/><N who="2" m="42097" /><V59/><DORA hai="75" /><F59/><W90/><G128/><T6/><D70/><U107/><E107/><V11/><F103/><W2/><G2/><N who="2" m="521" /><F92/><W123/><G123/><T101/><D116/><U93/><E38/><V99/><F99/><W100/><G100/><T63/><D42/><N who="1" m="25047" /><E39/><V133/><F133/><W56/><G118/><T102/><D73/><AGARI ba="0,0" hai="11,12,19,72,73,78,80,85" m="521,42097" machi="73" ten="50,3200,0" yaku="14,1,52,1" doraHai="20,75" who="2" fromWho="0" sc="160,-32,250,0,250,32,340,0" /><INIT seed="2,0,0,1,0,127" ten="128,250,282,340" oya="2" hai0="90,42,1,103,65,93,47,85,0,63,57,61,120" hai1="60,91,111,98,34,76,95,74,19,48,4,109,15" hai2="77,56,88,24,86,99,20,130,108,70,113,133,96" hai3="59,41,100,30,55,104,33,106,82,84,112,5,53"/><V92/><F113/><W114/><G41/><T6/><D120/><U13/><E34/><V119/><F119/><W12/><G55/><T21/><D6/><U105/><E60/><V22/><F70/><W81/><G81/><T75/><D75/><U73/><E4/><V128/><F133/><W121/><G100/><T54/><D103/><N who="1" m="62711" /><E48/><V71/><F71/><W66/><G66/><T16/><D63/><U35/><E35/><V78/><F108/><N who="1" m="41545" /><E76/><N who="2" m="29291" /><F20/><W97/><G5/><T10/><D10/><N who="1" m="6583" /><E15/><V79/><F79/><W8/><G12/><T45/><D65/><U134/><E134/><V83/><F56/><W25/><G59/><T9/><D9/><U87/><AGARI ba="0,0" hai="73,74,87,91,95" m="6583,41545,62711" machi="87" ten="30,1100,0" yaku="14,1" doraHai="127" who="1" fromWho="1" sc="128,-3,250,11,282,-5,340,-3" /><INIT seed="3,0,0,3,0,73" ten="125,261,277,337" oya="3" hai0="70,61,46,13,119,31,66,21,74,39,104,109,50" hai1="130,8,121,86,134,111,116,75,44,29,126,131,69" hai2="57,81,88,54,58,95,93,42,106,96,25,68,125" hai3="115,32,67,72,128,16,127,49,27,98,112,24,43"/><W38/><G72/><T56/><D104/><U47/><E75/><V103/><F68/><W36/><G67/><T71/><D74/><U11/><E121/><V63/><F125/><W19/><G32/><T90/><D119/><U102/><E69/><V99/><F42/><W1/><G98/><T3/><D3/><U135/><E116/><V87/><F25/><W30/><G30/><T123/><D123/><U59/><E111/><V6/><F6/><W107/><G49/><T122/><D122/><U55/><E29/><V94/><REACH who="2" step="1"/><F58/><REACH who="2" ten="125,261,267,337" step="2"/><W64/><G127/><T91/><D109/><U77/><E102/><AGARI ba="0,1" hai="54,57,63,81,87,88,93,94,95,96,99,102,103,106" machi="102" ten="30,7700,0" yaku="1,1,2,1,7,1,54,1,53,0" doraHai="73" doraHaiUra="132" who="2" fromWho="1" sc="125,0,261,-77,267,87,337,0" owari="125,-37.5,184,-21.6,354,45.4,337,13.7" /></mjloggm>