<mjloggm ver="2.3"><GO type="225" lobby="0"/><UN n0="%28%EF%BF%A3%E2%96%BD%EF%BF%A3%29%CE%B4%E2%8C%92%E3%83%BB" n1="%E6%AB%BB%E4%BA%95%E5%A5%8F" n2="%E8%B6%85%E7%B4%9A%E9%B3%B3%E5%87%B0" n3="%E4%BF%BA%E3%81%A8%E5%A6%96%E5%A4%A2" dan="16,17,16,17" rate="2097.31,2214.36,2146.81,2244.17" sx="M,M,M,F"/><TAIKYOKU oya="0"/><INIT seed="0,0,0,0,2,35" ten="250,250,250,250" oya="0" hai0="119,105,85,123,88,21,26,74,58,115,40,19,84" hai1="62,76,39,25,92,11,75,78,13,125,64,66,110" hai2="14,68,94,56,107,36,116,91,109,135,99,15,133" hai3="121,102,4,47,32,59,34,12,10,89,42,106,90"/><T108/><D74/><U53/><E39/><V83/><F68/><W118/><G118/><T9/><D105/><U122/><E122/><V6/><F36/><W5/><G121/><T98/><D123/><U7/><E125/><V82/><F116/><W126/><G126/><T65/><D119/><U33/><E110/><V111/><F107/><W49/><G4/><T128/><D115/><U31/><E75/><V54/><F6/><W46/><G46/><T22/><D40/><U23/><E23/><V20/><F20/><W2/><G12/><N who="2" m="4649" /><F83/><W86/><G59/><T69/><D69/><U87/><E53/><V29/><F29/><W1/><G1/><T132/><D9/><U93/><E64/><V77/><F82/><W3/><G3/><T81/><D108/><N who="2" m="41546" /><F77/><W129/><G34/><T45/><D22/><U60/><E60/><AGARI ba="0,0" hai="54,56,60,91,94,99,133,135" m="41546,4649" machi="60" ten="30,1000,0" yaku="14,1" doraHai="35" who="2" fromWho="1" sc="250,0,250,-10,250,10,250,0" /><INIT seed="1,0,0,3,2,36" ten="250,240,260,250" oya="1" hai0="15,11,89,35,12,134,66,81,96,28,74,87,5" hai1="61,17,94,130,75,54,69,101,14,62,109,117,9" hai2="88,53,110,79,41,4,13,113,7,121,57,26,29" hai3="55,60,59,19,68,99,34,84,52,23,105,92,80"/><U97/><E117/><V72/><F121/><W32/><G105/><T37/><D37/><U123/><E123/><V50/><F110/><W31/><G68/><T104/><D66/><U133/><E109/><V82/><F113/><W120/><G120/><T20/><D134/><U25/><E75/><V48/><F13/><W127/><G127/><T126/><D35/><U106/><E130/><V0/><F0/><W131/><G131/><T102/><D126/><U118/><E118/><V43/><F88/><N who="3" m="55687" /><G31/><T30/><D20/><U64/><E133/><V107/><F107/><W93/><G93/><N who="0" m="54463" /><D15/><U10/><E94/><V112/><F112/><W44/><G44/><T1/><D1/><U125/><E125/><V100/><F100/><W22/><G22/><T108/><D108/><U67/><E25/><V47/><REACH who="2" step="1"/><F43/><REACH who="2" ten="250,240,250,250" step="2"/><W73/><G80/><T27/><D27/><U85/><E85/><V8/><F8/><W39/><G84/><T71/><D71/><U46/><E10/><V3/><F3/><W70/><G73/><T129/><D129/><U18/><E69/><V95/><F95/><W65/><G70/><T115/><D115/><U132/><E132/><V98/><F98/><W103/><G103/><T114/><D114/><U83/><E83/><V45/><F45/><W86/><G86/><T63/><D81/><U91/><E91/><V2/><F2/><W128/><G128/><T90/><D90/><U38/><E97/><V33/><AGARI ba="0,1" hai="4,7,26,29,33,41,47,48,50,53,57,72,79,82" machi="33" ten="20,8000,1" yaku="1,1,0,1,7,1,52,1,53,1" doraHai="36" doraHaiUra="76" who="2" fromWho="2" sc="250,-20,240,-40,250,90,250,-20" /><INIT seed="2,0,0,3,5,84" ten="230,200,340,230" oya="2" hai0="92,113,124,73,104,22,109,83,89,57,25,47,116" hai1="86,15,63,49,95,65,128,126,10,35,105,51,13" hai2="16,41,42,131,78,55,99,101,9,21,103,91,110" hai3="102,14,129,133,134,98,11,80,108,32,75,90,61"/><V93/><F131/><W74/><G32/><T17/><D104/><U130/><E105/><V119/><F119/><W121/><G121/><T85/><D113/><U44/><E35/><V59/><F110/><W112/><G108/><T23/><D124/><U34/><E34/><V97/><F9/><W87/><G129/><N who="1" m="49770" /><E126/><V69/><F69/><W62/><G112/><T120/><D116/><U114/><E114/><V38/><F78/><W66/><G75/><T117/><D117/><U37/><E37/><V36/><F36/><W40/><G40/><T94/><D120/><U33/><E33/><V31/><F31/><W71/><G62/><T54/><D73/><U96/><E86/><V68/><F68/><W7/><REACH who="3" step="1"/><G74/><REACH who="3" ten="230,200,340,220" step="2"/><T64/><D109/><U88/><E10/><V1/><F41/><W45/><G45/><T60/><D23/><U26/><E26/><V79/><F42/><W106/><AGARI ba="0,1" hai="7,11,14,61,66,71,80,87,90,98,102,106,133,134" machi="106" ten="30,7900,0" yaku="1,1,0,1,52,1,53,1" doraHai="84" doraHaiUra="81" who="3" fromWho="3" sc="230,-20,200,-20,340,-39,220,89" /><INIT seed="3,0,0,0,1,82" ten="210,180,301,309" oya="3" hai0="62,42,30,134,44,38,36,92,7,116,98,18,123" hai1="39,124,25,75,60,118,78,117,104,93,80,59,90" hai2="64,49,20,108,46,56,9,133,73,41,69,57,135" hai3="27,95,35,68,127,58,100,86,26,132,51,77,120"/><W84/><G120/><T55/><D116/><U88/><E39/><V74/><F108/><W5/><G68/><T53/><D123/><U21/><E104/><V37/><F9/><W131/><G131/><T72/><D72/><N who="2" m="27754" /><F20/><W13/><G35/><T43/><D134/><N who="2" m="51210" /><F49/><W14/><G132/><T101/><D7/><U34/><E34/><V97/><F97/><N who="3" m="59455" /><G127/><T32/><D62/><AGARI ba="0,0" hai="37,41,46,56,57,62,64,69" m="51210,27754" machi="62" ten="30,1000,0" yaku="20,1" doraHai="82" who="2" fromWho="0" sc="210,-10,180,0,301,10,309,0" owari="200,-20.0,180,-32.0,311,41.1,309,10.9" /></mjloggm>