<mjloggm ver="2.3"><GO type="225" lobby="0"/><UN n0="%E7%B4%94%E6%BD%94%E3%83%94%E3%83%A9%E3%83%8B%E3%82%A2" n1="%E3%82%B2%E3%82%B9%E8%8C%82%E5%8B%9D" n2="%E3%83%AB%E3%83%9B%E3%83%B3%E3%83%87%E3%82%A3%E3%82%A8" n3="%E3%81%BF%E3%81%BF%E3%81%9A" dan="16,16,17,17" rate="2154.17,2117.89,2177.10,2222.79" sx="M,F,M,M"/><TAIKYOKU oya="0"/><INIT seed="0,0,0,5,4,105" ten="250,250,250,250" oya="0" hai0="126,13,29,111,116,48,38,42,72,103,28,68,26" hai1="56,46,80,114,91,31,73,85,134,90,107,119,0" hai2="2,101,51,37,63,44,17,18,65,8,98,39,82" hai3="93,81,61,86,100,43,74,10,66,109,58,79,55"/><T106/><D116/><U12/><E119/><V75/><F18/><W112/><G112/><T32/><D29/><U78/><E134/><V6/><F17/><W23/><G109/><T113/><D113/><U35/><E114/><V36/><F82/><W115/><G115/><T47/><D126/><U95/><E107/><V41/><F75/><W129/><G129/><T77/><D13/><U33/><E0/><V125/><F125/><W69/><G43/><T108/><D48/><U67/><E46/><V20/><F20/><W34/><G34/><T135/><D68/><U120/><E120/><V15/><F15/><W70/><G10/><T123/><D123/><U27/><E12/><V25/><F25/><W62/><G23/><T59/><D59/><U96/><E56/><V117/><F117/><W1/><G1/><T54/><D54/><U7/><E7/><V94/><REACH who="2" step="1"/><F39/><REACH who="2" ten="250,250,240,250" step="2"/><W19/><G19/><T121/><D121/><U124/><E124/><V102/><F102/><W92/><G100/><T57/><D111/><U118/><E118/><V9/><F9/><W60/><G74/><T4/><D108/><U110/><E110/><V30/><F30/><W76/><G76/><T84/><D72/><U52/><E35/><V99/><F99/><W14/><G14/><T50/><D77/><U88/><E73/><V128/><F128/><W53/><G70/><AGARI ba="0,1" hai="2,6,8,36,37,41,44,51,63,65,70,94,98,101" machi="70" ten="30,2000,0" yaku="1,1,7,1,53,0" doraHai="105" doraHaiUra="16" who="2" fromWho="3" sc="250,0,250,0,240,30,250,-20" /><INIT seed="1,0,0,4,0,29" ten="250,250,270,230" oya="1" hai0="16,34,73,59,27,1,57,39,36,47,41,68,120" hai1="123,85,93,99,62,71,97,13,58,79,82,124,131" hai2="65,56,78,52,87,104,67,30,117,17,40,100,11" hai3="10,2,9,129,32,49,121,86,89,108,51,3,74"/><U44/><E123/><V42/><F104/><W109/><G121/><T48/><D120/><U60/><E124/><V88/><F100/><W133/><G74/><T112/><D73/><U54/><E131/><V116/><F78/><W14/><G129/><T23/><D1/><U107/><E107/><V135/><F30/><W61/><G133/><T128/><D112/><U53/><E13/><N who="2" m="7359" /><F135/><W28/><G61/><T72/><D72/><U33/><E33/><V18/><F18/><W50/><G28/><T91/><D34/><U26/><E26/><V101/><F101/><W46/><G32/><T5/><D5/><U21/><E21/><V90/><F90/><W81/><G10/><T102/><D68/><U15/><E15/><V95/><F117/><W80/><G81/><T22/><D22/><U75/><E75/><V43/><F116/><W83/><G80/><T125/><D125/><U7/><E7/><V96/><F87/><W70/><G70/><T20/><D20/><U118/><E118/><V130/><F130/><W37/><G37/><T4/><D4/><U92/><E71/><V12/><F12/><W132/><G132/><T77/><D77/><U111/><E79/><V63/><AGARI ba="0,0" hai="40,42,43,52,56,63,65,67,88,95,96" m="7359" machi="63" ten="30,4000,0" yaku="8,1,54,2" doraHai="29" who="2" fromWho="2" sc="250,-10,250,-20,270,40,230,-10" /><INIT seed="2,0,0,5,5,94" ten="240,230,310,220" oya="2" hai0="63,74,125,0,10,119,8,65,71,126,105,112,98" hai1="52,97,62,114,16,28,99,3,35,31,45,2,26" hai2="59,81,116,32,36,134,41,69,103,75,42,12,37" hai3="123,60,86,72,49,100,17,129,56,53,92,130,102"/><V22/><F22/><W122/><G72/><T23/><D74/><U18/><E114/><V13/><F81/><W25/><G17/><T121/><D112/><U21/><E28/><V132/><F75/><W96/><G25/><T1/><D23/><U67/><E3/><N who="0" m="1097" /><D121/><U64/><E2/><V127/><F32/><W9/><G9/><T19/><D19/><N who="1" m="7211" /><E35/><V73/><F73/><W131/><G86/><T29/><D29/><U109/><E109/><V89/><F89/><W11/><G11/><T61/><D61/><U118/><E118/><V80/><F59/><W34/><G34/><T58/><D71/><U43/><E43/><V85/><F69/><W124/><G124/><N who="0" m="47723" /><D119/><U33/><E33/><V107/><F127/><W135/><G135/><T66/><D66/><N who="1" m="25131" /><E62/><V104/><F116/><W20/><G20/><T44/><D44/><U79/><E79/><V91/><F132/><W51/><G102/><AGARI ba="0,0" hai="8,10,58,63,65,98,102,105" m="47723,1097" machi="102" ten="30,2000,0" yaku="18,1,52,1" doraHai="94" who="0" fromWho="3" sc="240,20,230,0,310,0,220,-20" /><INIT seed="3,0,0,0,1,45" ten="260,230,310,200" oya="3" hai0="34,20,67,43,36,77,114,60,72,95,33,91,48" hai1="3,117,51,62,19,115,125,29,65,111,122,119,6" hai2="40,1,26,32,127,133,38,85,35,10,81,105,23" hai3="25,106,101,59,37,66,41,55,82,102,13,0,103"/><W16/><G0/><T61/><D36/><U76/><E115/><V15/><F105/><W18/><G106/><T42/><D114/><U116/><E122/><V24/><F24/><W63/><G37/><T93/><D72/><U30/><E111/><V113/><F1/><W70/><G41/><T49/><D91/><U79/><E125/><V84/><F84/><W12/><G82/><T124/><D124/><U123/><E123/><V88/><F133/><W57/><G25/><T68/><D20/><U54/><E19/><N who="3" m="7210" /><G70/><T89/><D89/><U28/><E6/><V11/><F127/><W14/><G59/><T75/><D75/><U56/><REACH who="1" step="1"/><E3/><REACH who="1" ten="260,220,310,200" step="2"/><V64/><F113/><W92/><G92/><T73/><D95/><U74/><E74/><V71/><F81/><W31/><G31/><T99/><D93/><U50/><E50/><V44/><F38/><W46/><G12/><T86/><D73/><U4/><E4/><V128/><F15/><W52/><G66/><T132/><D67/><U98/><E98/><V126/><F64/><W109/><G109/><T5/><D5/><U110/><E110/><V53/><F126/><W135/><G135/><T21/><D99/><U80/><E80/><V121/><F121/><W112/><G112/><T96/><D96/><U118/><N who="1" m="29696" /><DORA hai="22" /><U104/><E104/><V131/><F10/><W107/><G107/><T8/><D8/><U47/><AGARI ba="0,1" hai="28,29,30,47,51,54,56,62,65,76,79" m="29696" machi="47" ten="60,8000,1" yaku="1,1,0,1,12,1,52,1,53,0" doraHai="45,22" doraHaiUra="94,87" who="1" fromWho="1" sc="260,-20,220,90,310,-20,200,-40" owari="240,-16.0,310,41.0,290,9.0,160,-34.0" /></mjloggm>