<mjloggm ver="2.3"><GO type="225" lobby="0"/><UN n0="%E3%82%B2%E3%82%B9%E8%8C%82%E5%8B%9D" n1="%6D%75%75%6D%75%72%61" n2="%E3%82%BC%E3%83%AB%E3%83%80%E3%81%AE%E4%BC%9D%E8%AA%AC" n3="%E7%99%BD%E6%97%A5%E9%9B%AA%E8%8F%9C" dan="16,16,17,16" rate="2088.87,2133.55,2146.93,2178.58" sx="F,F,M,M"/><TAIKYOKU oya="0"/><INIT seed="0,0,0,3,5,28" ten="250,250,250,250" oya="0" hai0="75,95,52,15,63,5,9,90,122,32,111,89,54" hai1="97,82,41,0,116,34,132,86,115,125,4,1,44" hai2="121,120,69,27,64,81,17,98,112,50,12,68,55" hai3="29,37,18,60,39,3,114,20,83,6,78,100,127"/><T45/><D122/><U79/><E116/><V35/><F112/><W10/><G114/><T99/><D111/><U103/><E115/><V118/><F118/><W70/><G127/><T135/><D135/><U108/><E108/><V76/><F120/><W11/><G100/><T30/><D75/><U53/><E125/><V80/><F121/><W102/><G102/><T66/><D45/><U25/><E132/><V105/><F105/><W133/><G133/><T113/><D113/><U61/><E53/><V36/><F98/><W131/><G131/><T72/><D72/><U56/><E4/><V33/><F36/><W21/><G11/><T26/><REACH who="0" step="1"/><D89/><REACH who="0" ten="240,250,250,250" step="2"/><U23/><E44/><V38/><F76/><W129/><G78/><T65/><D65/><U71/><E79/><V85/><F64/><W117/><G117/><T14/><D14/><U2/><E2/><V67/><F12/><W62/><G3/><T73/><D73/><U123/><E1/><V8/><F67/><W59/><G129/><T74/><D74/><U91/><E0/><V84/><F68/><AGARI ba="0,1" hai="5,9,15,26,30,32,52,54,63,66,68,90,95,99" machi="68" ten="30,11600,0" yaku="1,1,7,1,52,1,54,1,53,0" doraHai="28" doraHaiUra="119" who="0" fromWho="2" sc="240,126,250,0,250,-116,250,0" /><INIT seed="0,1,0,1,5,112" ten="366,250,134,250" oya="0" hai0="93,4,59,84,88,29,21,60,128,77,70,25,2" hai1="36,42,121,55,17,122,99,58,16,115,133,101,6" hai2="68,109,49,114,111,40,113,11,104,123,131,37,125" hai3="28,105,32,9,33,0,18,129,24,51,63,26,100"/><T96/><D128/><U72/><E72/><V38/><F104/><W134/><G129/><T61/><D70/><U90/><E115/><N who="2" m="44043" /><F131/><W19/><G134/><T82/><D2/><U94/><E133/><V75/><F11/><W74/><G74/><T98/><D4/><U23/><E6/><V53/><F75/><W43/><G100/><T44/><D44/><U71/><E71/><V65/><F123/><W79/><G105/><T69/><D69/><U103/><E42/><V56/><F125/><W132/><G79/><T20/><D98/><U97/><E36/><N who="2" m="13931" /><F40/><W64/><G43/><T91/><D77/><U81/><E101/><V7/><F7/><W120/><G9/><T107/><D107/><U48/><E17/><V73/><F73/><W130/><G19/><T89/><D89/><U78/><E78/><V54/><F54/><W127/><G18/><T46/><D46/><U117/><E117/><V31/><F31/><W10/><G28/><T67/><REACH who="0" step="1"/><D60/><AGARI ba="1,0" hai="49,53,56,60,65,68,109,111" m="13931,44043" machi="60" ten="40,2600,0" yaku="34,2" doraHai="112" who="2" fromWho="0" sc="366,-29,250,0,134,29,250,0" /><INIT seed="1,0,0,3,1,51" ten="337,250,163,250" oya="1" hai0="82,98,61,93,77,50,37,0,74,119,3,5,121" hai1="46,22,57,81,66,130,12,88,19,128,39,120,99" hai2="4,100,83,24,25,108,43,114,65,56,96,55,60" hai3="54,18,90,134,111,47,132,122,52,127,109,133,27"/><U94/><E120/><V72/><F108/><N who="3" m="41547" /><G122/><T101/><D121/><U14/><E81/><V33/><F114/><W35/><G127/><T8/><D119/><U13/><E66/><V63/><F43/><W125/><G125/><T107/><D37/><U106/><E106/><V86/><F72/><W67/><G67/><T29/><D61/><U20/><E57/><V131/><F131/><N who="1" m="50217" /><E22/><V1/><F33/><W84/><G47/><T123/><D123/><U15/><E15/><V40/><F40/><AGARI ba="0,0" hai="12,13,14,19,20,39,40,46,88,94,99" m="50217" machi="40" ten="30,2900,0" yaku="19,1,54,1" doraHai="51" who="1" fromWho="2" sc="337,0,250,29,163,-29,250,0" /><INIT seed="1,1,0,3,5,89" ten="337,279,134,250" oya="1" hai0="103,72,84,91,25,32,36,129,26,63,134,81,74" hai1="37,28,23,56,94,44,57,128,68,50,133,6,2" hai2="135,88,21,77,114,59,1,8,67,112,24,51,83" hai3="73,15,20,121,38,13,12,41,92,43,116,95,42"/><U54/><E128/><V99/><F135/><W106/><G121/><T47/><D134/><U5/><E133/><V65/><F1/><W7/><G106/><T30/><D129/><U64/><E68/><V53/><F8/><W132/><G132/><T66/><D103/><U69/><E69/><V16/><F112/><W131/><G131/><T39/><D26/><U33/><E33/><V14/><F114/><W127/><G38/><T79/><D47/><U75/><E75/><V118/><F118/><W11/><G73/><T97/><D97/><U125/><E125/><V76/><F14/><N who="3" m="5739" /><G127/><T124/><D72/><U90/><E37/><V55/><F55/><W9/><G116/><T40/><D40/><U101/><E101/><V10/><F10/><N who="3" m="4575" /><G20/><T52/><D52/><N who="1" m="29767" /><E64/><N who="2" m="24651" /><F83/><W98/><G95/><AGARI ba="1,0" hai="16,21,24,51,53,59,76,77,88,95,99" m="24651" machi="95" ten="30,7700,0" yaku="8,1,52,1,54,2" doraHai="89" who="2" fromWho="3" sc="337,0,279,0,134,80,250,-80" /><INIT seed="2,0,0,5,0,89" ten="337,279,214,170" oya="2" hai0="40,65,33,77,36,76,1,127,2,42,74,129,84" hai1="24,31,45,15,112,99,85,63,117,94,111,19,78" hai2="126,88,46,81,18,133,20,122,115,57,128,62,5" hai3="58,132,28,75,39,107,54,0,87,10,16,73,38"/><V64/><F115/><W118/><G118/><T49/><D36/><U116/><E112/><V91/><F122/><W93/><G107/><T29/><D74/><U96/><E111/><V11/><F126/><W131/><G131/><T7/><D127/><U52/><E78/><V9/><F128/><W55/><G132/><T59/><D129/><U48/><E63/><V67/><F133/><W134/><G134/><T121/><D121/><U14/><E85/><V3/><F11/><W21/><G28/><T4/><D29/><U101/><E96/><V123/><F123/><W13/><G39/><T70/><D33/><U66/><E66/><V95/><F46/><W125/><G38/><T92/><D70/><U35/><REACH who="1" step="1"/><E15/><REACH who="1" ten="337,269,214,170" step="2"/><V71/><F67/><W56/><G125/><T23/><D65/><U124/><E124/><V41/><F62/><W61/><G75/><T86/><D84/><U110/><E110/><V135/><F64/><W80/><G73/><T37/><D86/><U26/><E26/><V43/><F135/><W22/><G0/><T79/><D2/><U98/><E98/><V72/><F72/><W69/><G69/><T114/><D1/><U8/><AGARI ba="0,1" hai="8,14,19,24,31,35,45,48,52,94,99,101,116,117" machi="8" ten="20,8000,1" yaku="1,1,0,1,7,1,52,1,54,1,53,0" doraHai="89" doraHaiUra="119" who="1" fromWho="1" sc="337,-20,269,90,214,-40,170,-20" /><INIT seed="3,0,0,4,4,122" ten="317,359,174,150" oya="3" hai0="113,10,121,74,9,52,128,26,85,132,19,17,1" hai1="96,92,73,81,56,44,95,40,77,119,42,105,131" hai2="7,89,11,124,66,63,53,80,24,15,0,106,86" hai3="35,27,125,101,71,76,133,34,22,21,79,109,31"/><W97/><G71/><T57/><D121/><U70/><E70/><V18/><F106/><W112/><G112/><T47/><D128/><U43/><E131/><V14/><F124/><W61/><G125/><T130/><D130/><U30/><E105/><V102/><F102/><W98/><G133/><T29/><D74/><U134/><E134/><V100/><F100/><W12/><G61/><T45/><D132/><U75/><E75/><V135/><F135/><W64/><G64/><T33/><D113/><U84/><E73/><V28/><F53/><W55/><G55/><T39/><D85/><U38/><E119/><V111/><F111/><W60/><G60/><T90/><D90/><U49/><E38/><V36/><F36/><W50/><G50/><T116/><D116/><U78/><E78/><V110/><F110/><W83/><G109/><T82/><D82/><U118/><E118/><V58/><F18/><W127/><G127/><T68/><D68/><U99/><E30/><V2/><F2/><W51/><G51/><T5/><D10/><U88/><E56/><V65/><F65/><W123/><G123/><T72/><D72/><U13/><E13/><V3/><F3/><W62/><G62/><T8/><D9/><U37/><E37/><V67/><F67/><W117/><G117/><T46/><REACH who="0" step="1"/><D39/><REACH who="0" ten="307,359,174,150" step="2"/><U54/><E88/><V107/><F89/><W115/><G115/><T48/><AGARI ba="0,1" hai="1,5,8,17,19,26,29,33,45,46,47,48,52,57" machi="48" ten="30,7900,0" yaku="1,1,2,1,0,1,54,1,53,0" doraHai="122" doraHaiUra="16" who="0" fromWho="0" sc="307,89,359,-20,174,-20,150,-39" owari="396,49.6,339,13.9,154,-24.6,111,-38.9" /></mjloggm>