<mjloggm ver="2.3"><GO type="225" lobby="0"/><UN n0="%E6%A0%B9%E5%85%83%E3%81%8B%E3%82%89%E5%90%B9%E3%81%A3%E9%A3%9B%E3%81%B6" n1="%6D%75%75%6D%75%72%61" n2="%72%61%6B%33" n3="%E3%82%BC%E3%83%AB%E3%83%80%E3%81%AE%E4%BC%9D%E8%AA%AC" dan="17,17,17,17" rate="2233.56,2166.77,2173.78,2216.19" sx="F,F,M,M"/><TAIKYOKU oya="0"/><INIT seed="0,0,0,3,0,101" ten="250,250,250,250" oya="0" hai0="127,98,124,88,100,45,109,89,48,123,106,84,62" hai1="65,80,64,69,108,134,61,120,57,37,66,97,104" hai2="39,30,83,23,17,33,27,107,79,126,96,53,9" hai3="1,19,3,128,26,122,131,130,87,47,92,54,129"/><T0/><D123/><U13/><E120/><V12/><F126/><N who="0" m="48170" /><D0/><U125/><E125/><V2/><F39/><W132/><G122/><T91/><D62/><U105/><E108/><V11/><F53/><W103/><G132/><T86/><D109/><U70/><E134/><V113/><F113/><W78/><G128/><T31/><D31/><U72/><E37/><V73/><REACH who="2" step="1"/><F2/><REACH who="2" ten="250,250,240,250" step="2"/><W81/><G1/><T29/><D29/><U90/><E64/><V112/><F112/><W63/><G3/><T135/><D135/><U40/><E65/><V94/><F94/><W77/><G92/><T56/><D56/><U52/><E70/><V116/><F116/><W115/><G115/><T36/><D36/><U25/><E69/><V85/><F85/><W4/><G87/><T71/><D71/><U20/><E66/><V133/><F133/><W118/><G118/><T58/><D58/><U93/><E40/><AGARI ba="0,1" hai="40,45,48,84,86,88,89,91,98,100,106" m="48170" machi="40" ten="30,5800,0" yaku="18,1,52,1,54,1" doraHai="101" who="0" fromWho="1" sc="250,68,250,-58,240,0,250,0" /><INIT seed="0,1,0,2,2,16" ten="318,192,240,250" oya="0" hai0="85,63,91,111,32,96,133,58,3,125,104,5,121" hai1="109,74,38,24,73,123,103,43,66,41,34,94,46" hai2="76,68,7,87,18,135,107,97,28,98,131,2,101" hai3="33,37,102,9,105,92,95,39,8,1,83,21,89"/><T17/><D121/><U77/><E123/><V61/><F131/><W27/><G33/><T40/><D125/><U115/><E109/><V114/><F114/><W4/><G105/><T80/><D133/><U49/><E115/><V117/><F117/><W11/><G11/><T127/><D127/><U86/><E66/><V132/><F98/><W129/><G129/><T112/><D112/><U69/><E69/><V67/><F18/><W128/><G128/><T25/><D40/><U47/><E103/><V75/><F87/><W6/><G83/><T64/><D111/><U99/><E99/><V29/><F29/><W124/><G124/><T122/><D122/><U15/><E15/><V65/><F65/><W51/><G51/><T56/><D5/><U90/><REACH who="1" step="1"/><E77/><REACH who="1" ten="318,182,240,250" step="2"/><V35/><F76/><W79/><G79/><T72/><D96/><U55/><E55/><V82/><F135/><W53/><G53/><T23/><D64/><U126/><E126/><V134/><F132/><W0/><G102/><T84/><D58/><U81/><E81/><V57/><F57/><W13/><G13/><T48/><D56/><U36/><E36/><V88/><F134/><W60/><G39/><T100/><D80/><U71/><E71/><V62/><F82/><W22/><G37/><T110/><D110/><U10/><E10/><V31/><F68/><W19/><G9/><T116/><D100/><U42/><E42/><V30/><F67/><W70/><G8/><T119/><D119/><U130/><E130/><V20/><F101/><W26/><G70/><T120/><D116/><U59/><E59/><RYUUKYOKU ba="1,1" sc="318,-10,182,30,240,-10,250,-10" hai1="24,34,38,41,43,46,47,49,73,74,86,90,94" /><INIT seed="1,2,1,1,1,26" ten="308,212,230,240" oya="1" hai0="25,50,69,17,8,105,93,59,77,106,41,133,71" hai1="128,65,68,109,85,122,63,60,83,114,5,54,57" hai2="55,90,35,126,42,49,84,75,89,14,39,132,38" hai3="99,20,110,86,107,28,13,100,61,87,58,1,117"/><U6/><E114/><V4/><F75/><W73/><G110/><T15/><D133/><U3/><E122/><V113/><F35/><W116/><G1/><T72/><D105/><U27/><E109/><V78/><F132/><W52/><G73/><T74/><D106/><U51/><E128/><V66/><F66/><W7/><G7/><T70/><D77/><U95/><E3/><V76/><F126/><W34/><G34/><T62/><D93/><U29/><E95/><V45/><F113/><W115/><G115/><T125/><D125/><U101/><E63/><V64/><F64/><W22/><G22/><T102/><D102/><U91/><REACH who="1" step="1"/><E101/><REACH who="1" ten="308,202,230,240" step="2"/><V40/><F38/><W31/><G116/><T11/><D62/><U36/><E36/><V79/><F39/><W47/><G117/><T10/><D70/><U80/><E80/><V21/><F84/><W81/><G87/><T43/><D72/><U103/><E103/><V12/><F49/><W120/><G120/><T33/><D74/><U19/><E19/><V97/><F4/><W112/><G112/><T67/><D71/><U23/><AGARI ba="2,2" hai="5,6,23,27,29,51,54,57,60,65,68,83,85,91" machi="23" ten="20,7800,0" yaku="1,1,0,1,7,1,52,1,53,0" doraHai="26" doraHaiUra="104" who="1" fromWho="1" sc="308,-28,202,104,230,-28,240,-28" /><INIT seed="1,3,0,1,3,127" ten="280,306,202,212" oya="1" hai0="45,39,56,69,100,80,103,43,98,3,109,95,57" hai1="18,108,104,93,91,60,84,86,14,124,61,5,76" hai2="110,101,90,125,55,81,16,21,4,20,47,122,26" hai3="2,131,105,73,119,50,24,40,10,96,111,32,62"/><U78/><E124/><V59/><F125/><W53/><G111/><T82/><D3/><U79/><E104/><V37/><F110/><W128/><G73/><T115/><D69/><U34/><E34/><V129/><F129/><N who="3" m="49739" /><G119/><T36/><D36/><U48/><E108/><V68/><F68/><W44/><G2/><T114/><D109/><U31/><E31/><V54/><F122/><W118/><G118/><T11/><D11/><N who="1" m="4463" /><E48/><V9/><F101/><N who="3" m="62631" /><G10/><T65/><D103/><U121/><E121/><V49/><F37/><W22/><G32/><T85/><D80/><U72/><E72/><V133/><F133/><W13/><G13/><T126/><D126/><U51/><E51/><V71/><F71/><W120/><G120/><T75/><D75/><U12/><E86/><N who="2" m="50511" /><F4/><W33/><G33/><T107/><D82/><U117/><E117/><V87/><F87/><W41/><G62/><T132/><D132/><U17/><E12/><N who="2" m="7183" /><F26/><W94/><G94/><T134/><D134/><U88/><E91/><V102/><F102/><W58/><G44/><T1/><D1/><U29/><E60/><AGARI ba="3,0" hai="20,21,47,49,54,55,59,60" m="7183,50511" machi="60" ten="30,3900,0" yaku="25,1,8,1,54,1" doraHai="127" who="2" fromWho="1" sc="280,0,306,-48,202,48,212,0" /><INIT seed="2,0,0,5,3,125" ten="280,258,250,212" oya="2" hai0="122,38,70,131,79,85,3,100,29,34,127,8,106" hai1="99,13,33,91,48,110,74,23,28,82,114,73,88" hai2="132,14,37,7,77,124,133,46,72,59,103,62,64" hai3="130,95,58,20,42,60,123,98,27,107,68,105,119"/><V12/><F124/><W92/><G119/><T21/><D122/><U76/><E114/><V50/><F37/><W83/><G123/><T112/><D70/><U24/><E110/><V84/><F72/><W47/><G68/><T63/><D38/><U113/><E113/><V97/><F77/><W135/><G135/><N who="2" m="51785" /><F84/><W49/><G83/><T126/><D112/><U111/><E111/><V81/><F81/><W93/><G130/><T54/><D131/><U57/><E74/><V104/><F7/><W2/><G2/><T22/><D34/><U30/><E99/><V1/><F1/><W120/><G120/><T10/><D3/><U6/><E30/><V66/><F66/><W25/><G25/><T52/><D29/><U96/><E96/><V78/><F78/><W15/><G15/><T35/><D79/><U26/><E26/><V61/><F61/><W65/><REACH who="3" step="1"/><G98/><REACH who="3" ten="280,258,250,202" step="2"/><T101/><D127/><U9/><E33/><V43/><AGARI ba="0,1" hai="12,14,43,46,50,59,62,64,97,103,104" m="51785" machi="43" ten="30,1500,0" yaku="20,1" doraHai="125" who="2" fromWho="2" sc="280,-5,258,-5,250,25,202,-5" /><INIT seed="2,1,0,0,2,5" ten="275,253,275,197" oya="2" hai0="86,77,21,107,49,101,39,43,134,16,128,63,6" hai1="51,1,32,58,78,75,37,34,127,117,100,62,12" hai2="11,28,0,45,9,126,67,99,122,52,87,81,94" hai3="76,70,14,42,56,110,112,124,118,18,53,120,83"/><V114/><F114/><W116/><G120/><T91/><D39/><U46/><E1/><V96/><F122/><W38/><G70/><T69/><D107/><U102/><E117/><V44/><F126/><W103/><G124/><T19/><D101/><U17/><E127/><V24/><F67/><W25/><G110/><T15/><D128/><U104/><E37/><V4/><F11/><W2/><G2/><T22/><D134/><U57/><E75/><V27/><F27/><W119/><G112/><T74/><D77/><U133/><E78/><V23/><F52/><W65/><G103/><T95/><D74/><U88/><E133/><V35/><F35/><W115/><G65/><T68/><D63/><U123/><E104/><V61/><F61/><W92/><G92/><T59/><D6/><U50/><E123/><V108/><F108/><W106/><G106/><T109/><D109/><U54/><E32/><V113/><F113/><W26/><G115/><T64/><D43/><U93/><E34/><V10/><F10/><N who="3" m="6487" /><G42/><T111/><D111/><U97/><E50/><V7/><F7/><W130/><G38/><T3/><D3/><U131/><E131/><V41/><F94/><W31/><G130/><T132/><D132/><U20/><E57/><V36/><REACH who="2" step="1"/><F45/><REACH who="2" ten="275,253,265,197" step="2"/><W121/><G121/><T71/><D64/><AGARI ba="1,1" hai="12,17,20,46,51,54,58,62,64,88,93,97,100,102" machi="64" ten="30,3900,0" yaku="7,1,8,1,54,1" doraHai="5" who="1" fromWho="0" sc="275,-42,253,52,265,0,197,0" /><INIT seed="3,0,0,3,3,89" ten="233,305,265,197" oya="3" hai0="112,39,55,91,105,125,64,115,102,42,113,16,53" hai1="131,44,72,116,77,110,17,94,100,107,48,71,106" hai2="3,118,117,90,47,29,32,108,20,101,14,83,76" hai3="63,49,28,54,25,21,5,38,103,126,30,37,8"/><W69/><G126/><T80/><D125/><U78/><E71/><V19/><F108/><W43/><G30/><T13/><D64/><U96/><E110/><V84/><F101/><W82/><G103/><T1/><D1/><U62/><E131/><V65/><F65/><W45/><G82/><T95/><D80/><U57/><E72/><V11/><F47/><W10/><G10/><N who="0" m="6199" /><D42/><N who="1" m="24599" /><E107/><V31/><F31/><W9/><G9/><T92/><D39/><U124/><E106/><V73/><F32/><W93/><G93/><N who="0" m="35915" /><D91/><U114/><E124/><V46/><F3/><W12/><REACH who="3" step="1"/><G69/><REACH who="3" ten="233,305,265,187" step="2"/><T34/><D34/><U41/><E100/><V24/><F83/><W40/><G40/><T86/><D86/><U60/><E41/><V85/><F84/><W122/><G122/><T128/><D128/><U133/><E94/><V121/><F85/><W26/><G26/><T98/><AGARI ba="0,1" hai="53,55,98,102,105,112,113,115" m="35915,6199" machi="98" ten="40,8000,1" yaku="11,1,52,3,54,1" doraHai="89" who="0" fromWho="0" sc="233,90,305,-20,265,-20,187,-40" owari="323,42.3,285,8.5,245,-15.5,147,-35.3" /></mjloggm>