<mjloggm ver="2.3"><GO type="225" lobby="0"/><UN n0="%E5%86%B7%E5%87%8D%E3%82%AE%E3%83%A7%E3%83%BC%E3%82%B6" n1="%E3%82%BC%E3%83%AB%E3%83%80%E3%81%AE%E4%BC%9D%E8%AA%AC" n2="%E3%81%A9%E3%82%93%E3%82%88%E3%81%8F%4D%6B%2E%32" n3="%38%63%E3%81%AF%E3%81%A3%E3%81%97%E3%83%BC" dan="16,16,16,16" rate="2119.87,2196.88,2170.25,2078.74" sx="M,M,M,M"/><TAIKYOKU oya="0"/><INIT seed="0,0,0,5,1,112" ten="250,250,250,250" oya="0" hai0="116,67,90,15,55,126,3,37,100,117,1,72,132" hai1="107,59,114,60,110,31,2,57,81,94,73,53,43" hai2="133,92,86,106,79,52,12,88,23,8,26,65,129" hai3="10,25,97,6,134,54,45,93,46,30,21,13,82"/><T75/><D37/><U77/><E107/><V111/><F106/><W74/><G134/><T71/><D90/><U123/><E123/><V109/><F133/><W14/><G74/><N who="0" m="28203" /><D55/><U22/><E114/><V5/><F129/><W20/><G82/><T62/><D15/><U80/><E2/><N who="0" m="521" /><D132/><U49/><E80/><V29/><F65/><W18/><REACH who="3" step="1"/><G54/><REACH who="3" ten="250,250,250,240" step="2"/><T0/><D126/><U120/><E81/><V56/><REACH who="2" step="1"/><F79/><REACH who="2" ten="250,250,240,240" step="2"/><W135/><G135/><T69/><D69/><U32/><E77/><V113/><F113/><W61/><G61/><AGARI ba="0,2" hai="5,8,12,23,26,29,52,56,61,86,88,92,109,111" machi="61" ten="40,5200,0" yaku="1,1,54,2,53,0" doraHai="112" doraHaiUra="98" who="2" fromWho="3" sc="250,0,250,0,240,72,240,-52" /><INIT seed="1,0,0,4,2,120" ten="250,250,312,188" oya="1" hai0="47,117,132,64,35,46,24,79,70,77,134,21,36" hai1="81,45,118,20,109,54,61,50,74,95,44,38,110" hai2="123,108,41,121,0,91,115,2,17,8,103,22,69" hai3="10,73,55,19,31,60,7,101,13,94,15,28,58"/><U93/><E118/><V11/><F69/><W37/><G73/><T65/><D35/><U126/><E126/><V56/><F103/><W111/><G37/><T102/><D102/><U90/><E61/><V16/><F41/><W12/><G111/><N who="1" m="42506" /><E20/><V52/><F108/><W105/><G105/><T131/><D131/><U129/><E129/><V85/><F115/><W87/><G15/><T25/><D21/><U76/><E90/><V125/><F125/><W135/><G135/><T49/><D49/><N who="1" m="28967" /><E38/><V71/><F71/><W1/><G1/><T112/><D36/><U99/><E99/><V3/><F22/><N who="3" m="11623" /><G101/><T27/><D112/><U43/><AGARI ba="0,0" hai="43,45,50,74,76,81,93,95" m="28967,42506" machi="43" ten="30,12000,1" yaku="14,1,10,1,52,3" doraHai="120" who="1" fromWho="1" sc="250,-40,250,120,312,-40,188,-40" /><INIT seed="1,1,0,5,4,24" ten="210,370,272,148" oya="1" hai0="82,64,15,19,53,133,79,93,73,27,56,26,2" hai1="132,112,86,9,125,110,134,122,32,31,8,60,46" hai2="80,5,21,36,131,44,115,105,108,66,17,117,41" hai3="23,126,106,51,71,30,130,34,0,78,72,54,107"/><U83/><E112/><V89/><F117/><W65/><G0/><T114/><D114/><U129/><E122/><V55/><F105/><W42/><G42/><T35/><D2/><U124/><E110/><V74/><F115/><W84/><G72/><T12/><D64/><U13/><E60/><V77/><F108/><W85/><G34/><T87/><D133/><N who="1" m="51307" /><E46/><V120/><F120/><W38/><G38/><T52/><D53/><U98/><E98/><V20/><F5/><W104/><G126/><N who="1" m="48746" /><E129/><V22/><F131/><W61/><G130/><T68/><D68/><U69/><E69/><V101/><F101/><W1/><G1/><T111/><D111/><U50/><E50/><V116/><F116/><W75/><G51/><T11/><D56/><U40/><E40/><V97/><F66/><W127/><G54/><T3/><D52/><U48/><E48/><V33/><F55/><W103/><G127/><T47/><D47/><U128/><E128/><V6/><F97/><W90/><G61/><T92/><D35/><U135/><N who="1" m="51315" /><U113/><DORA hai="99" /><E113/><V16/><F33/><W70/><G71/><T37/><D37/><U62/><E62/><V88/><REACH who="2" step="1"/><F6/><REACH who="2" ten="210,370,262,148" step="2"/><W123/><G65/><T109/><D109/><U18/><E32/><V96/><F96/><W59/><G70/><T100/><D100/><U67/><E67/><V39/><F39/><W10/><G103/><T58/><D58/><U4/><E4/><V7/><F7/><W28/><G59/><T43/><D43/><U49/><E49/><V63/><F63/><W102/><G102/><T91/><D3/><RYUUKYOKU ba="1,1" sc="210,-10,370,-10,262,30,148,-10" hai2="16,17,20,21,22,36,41,44,74,77,80,88,89" /><INIT seed="2,2,1,3,4,79" ten="200,360,292,138" oya="2" hai0="6,90,15,33,11,105,66,22,128,85,19,59,52" hai1="32,47,111,106,49,101,124,67,5,88,116,122,76" hai2="65,56,70,55,109,95,84,114,60,51,45,135,48" hai3="54,91,57,17,4,115,80,62,113,28,53,123,8"/><V92/><F114/><W34/><G123/><T125/><D128/><U107/><E116/><V102/><F135/><W36/><G36/><T64/><D33/><U112/><E112/><V98/><F109/><W72/><G17/><T68/><D105/><U130/><E32/><V38/><F84/><W89/><G89/><T71/><D68/><U7/><E76/><V40/><REACH who="2" step="1"/><F51/><REACH who="2" ten="200,360,282,138" step="2"/><W75/><G115/><T132/><D132/><U50/><E111/><V12/><F12/><W117/><G113/><T2/><D125/><U63/><E124/><V131/><F131/><W35/><G72/><T77/><D71/><U73/><E73/><V46/><F46/><W18/><G75/><T31/><D15/><U39/><E130/><V120/><F120/><W27/><G117/><T37/><D85/><U16/><E122/><V29/><F29/><W26/><G28/><T14/><D31/><U126/><E126/><V96/><F96/><W9/><G34/><T86/><D37/><U129/><E129/><V61/><F61/><W133/><G35/><T13/><D13/><U0/><E39/><V43/><F43/><W78/><G62/><T1/><D1/><U81/><E0/><V30/><F30/><W69/><G69/><T24/><D2/><U87/><E50/><V99/><F99/><W103/><G133/><T44/><D44/><U41/><E63/><V21/><F21/><W74/><G74/><T83/><D77/><U25/><E49/><AGARI ba="2,2" hai="6,11,14,19,22,24,49,52,59,64,66,83,86,90" machi="49" ten="30,7700,0" yaku="7,1,8,1,52,1,54,1" doraHai="79" who="0" fromWho="1" sc="200,103,360,-83,282,0,138,0" /><INIT seed="3,0,0,4,1,65" ten="303,277,282,138" oya="3" hai0="40,21,13,103,79,99,43,75,76,28,124,31,121" hai1="61,26,74,102,42,132,81,110,83,127,17,44,93" hai2="3,85,97,32,125,34,90,126,10,6,63,56,23" hai3="68,4,35,135,38,22,88,25,2,109,89,86,117"/><W129/><G117/><T29/><D121/><U120/><E120/><V107/><F23/><W12/><G38/><T33/><D33/><U70/><E74/><V91/><F107/><W39/><G39/><T115/><D124/><U113/><E113/><V66/><F97/><W24/><G135/><T15/><D75/><U105/><E132/><V133/><F133/><W95/><G129/><T36/><D36/><U5/><E5/><V55/><F91/><W27/><G109/><T119/><D119/><U67/><E110/><V14/><F3/><W131/><G131/><T9/><D21/><U19/><E127/><N who="2" m="48651" /><F55/><W84/><G2/><T62/><D62/><U100/><E105/><V60/><F60/><W8/><G35/><T78/><D115/><U80/><E26/><V46/><F46/><W53/><G53/><T47/><D47/><U57/><E93/><AGARI ba="0,0" hai="6,10,14,32,34,56,63,66,85,90,93" m="48651" machi="93" ten="30,1000,0" yaku="18,1" doraHai="65" who="2" fromWho="1" sc="303,0,277,-10,282,10,138,0" owari="303,40.3,267,-13.3,292,9.2,138,-36.2" /></mjloggm>