<mjloggm ver="2.3"><GO type="225" lobby="0"/><UN n0="%E6%98%BC%E4%B8%8B%E3%81%8C%E3%82%8A%E3%81%AE%E5%9B%A3%E5%9C%B0%E5%A6%BB" n1="%E3%81%B5%E3%81%98%E3%81%8B%E3%81%A4" n2="%E3%81%BE%E3%81%A8%E3%81%9F" n3="%33%74%72%65%65" dan="16,17,16,16" rate="2159.09,2217.59,2181.01,2135.02" sx="F,M,M,F"/><TAIKYOKU oya="0"/><INIT seed="0,0,0,4,4,108" ten="250,250,250,250" oya="0" hai0="35,134,27,89,49,32,86,106,92,62,78,43,47" hai1="97,121,71,12,113,4,56,53,79,76,99,38,36" hai2="14,119,31,77,50,102,65,25,26,3,96,73,44" hai3="15,105,66,8,60,64,30,72,37,33,135,41,17"/><T130/><D134/><U6/><E121/><V16/><F3/><W46/><G135/><T120/><D120/><U93/><E71/><V109/><F65/><W100/><G72/><T128/><D106/><U11/><E4/><V23/><F109/><W133/><G133/><T116/><D116/><U29/><E29/><V0/><F0/><W2/><G2/><T74/><D62/><U22/><E22/><V69/><F69/><W124/><G124/><T132/><D132/><U42/><E113/><V126/><F126/><W63/><G60/><T83/><REACH who="0" step="1"/><D27/><REACH who="0" ten="240,250,250,250" step="2"/><U39/><E38/><V51/><F26/><W58/><G105/><T24/><D24/><U129/><E36/><V59/><F119/><W67/><G63/><T90/><D90/><U1/><E39/><V18/><F25/><W54/><G37/><T131/><AGARI ba="0,1" hai="32,35,43,47,49,74,78,83,86,89,92,128,130,131" machi="131" ten="30,6000,0" yaku="1,1,0,1,19,1,53,0" doraHai="108" doraHaiUra="103" who="0" fromWho="0" sc="240,70,250,-20,250,-20,250,-20" /><INIT seed="0,1,0,0,5,38" ten="310,230,230,230" oya="0" hai0="12,40,52,19,93,8,76,66,49,42,1,0,88" hai1="28,15,101,48,47,20,27,99,115,87,97,135,103" hai2="120,73,100,7,11,126,3,35,89,63,61,46,104" hai3="114,132,85,13,24,106,75,2,95,113,134,21,26"/><T108/><D108/><U124/><E135/><N who="3" m="51754" /><G75/><T110/><D110/><U37/><E124/><V69/><F120/><W50/><G106/><T109/><D109/><U92/><E37/><V94/><F73/><W129/><G2/><T4/><D66/><U30/><E115/><N who="3" m="44042" /><G50/><T36/><D76/><U43/><E87/><V116/><F35/><W91/><G129/><T33/><D33/><U60/><E15/><V79/><F79/><W57/><G57/><T56/><D36/><U10/><E10/><V62/><F69/><W67/><G67/><T51/><D51/><U45/><E45/><V81/><F126/><W105/><G105/><T22/><REACH who="0" step="1"/><D1/><REACH who="0" ten="300,230,230,230" step="2"/><U44/><E60/><V125/><F63/><W72/><G72/><T86/><AGARI ba="1,1" hai="0,4,8,12,19,22,40,42,49,52,56,86,88,93" machi="86" ten="20,24000,3" yaku="1,1,2,1,0,1,7,1,25,2,52,2,54,2,53,0" doraHai="38" doraHaiUra="23" who="0" fromWho="0" sc="300,253,230,-81,230,-81,230,-81" /><INIT seed="0,2,0,3,0,24" ten="553,149,149,149" oya="0" hai0="123,118,6,133,60,98,58,13,29,102,76,15,55" hai1="9,89,105,53,85,5,74,48,121,109,116,35,63" hai2="97,126,119,17,72,32,54,43,110,78,131,41,80" hai3="44,66,28,30,31,40,135,51,103,87,46,81,70"/><T34/><D123/><U20/><E121/><V7/><F110/><W47/><G135/><T11/><D118/><U62/><E116/><V86/><F131/><W36/><G103/><T71/><D133/><U122/><E105/><V134/><F32/><W59/><G70/><T39/><D39/><U25/><E74/><V61/><F119/><W2/><G2/><T45/><D76/><U101/><E35/><V22/><F7/><W95/><G95/><T92/><D71/><U96/><E122/><V100/><F72/><W0/><G0/><T4/><D45/><U23/><E101/><V73/><F73/><W19/><G19/><T107/><D107/><U128/><E96/><V1/><F1/><W3/><G3/><T21/><D34/><U120/><E109/><V18/><F18/><W14/><G14/><T52/><D55/><U67/><E67/><V83/><F83/><W132/><G132/><T38/><D38/><U93/><E128/><V124/><F134/><W79/><G36/><T125/><D125/><N who="2" m="48234" /><F61/><AGARI ba="2,0" hai="28,30,31,40,44,46,47,51,59,61,66,79,81,87" machi="61" ten="40,8000,1" yaku="8,1,52,3" doraHai="24" who="3" fromWho="2" sc="553,0,149,0,149,-86,149,86" /><INIT seed="1,0,0,3,0,7" ten="553,149,63,235" oya="1" hai0="21,30,66,18,27,101,5,93,57,3,130,132,127" hai1="50,49,108,32,60,86,40,20,15,43,58,88,120" hai2="89,119,39,36,104,22,52,67,94,35,103,65,54" hai3="46,125,83,64,117,4,12,79,34,82,63,84,109"/><U69/><E120/><V71/><F35/><W47/><G109/><T92/><D130/><U99/><E32/><V23/><F104/><W33/><G125/><T59/><D127/><U51/><E69/><V17/><F103/><W8/><G117/><T110/><D110/><U126/><E99/><V85/><F119/><W70/><G47/><T62/><D132/><U77/><E77/><V91/><F71/><W68/><G68/><T107/><D107/><U78/><E78/><V2/><F2/><W26/><G26/><T81/><D81/><U122/><E122/><V28/><F28/><W19/><G82/><T116/><D116/><U37/><E37/><V96/><F39/><W129/><G129/><T123/><D123/><U9/><E20/><V45/><F23/><W95/><G95/><T42/><D42/><U105/><E105/><V53/><F45/><W75/><G75/><T118/><D118/><U87/><E87/><V31/><F31/><W61/><G46/><T128/><D128/><U113/><E113/><V72/><F72/><W25/><G33/><T55/><D101/><U90/><E126/><V112/><F36/><W11/><G70/><T1/><D30/><U100/><E100/><V135/><F135/><W16/><G34/><T38/><D38/><U76/><E76/><V97/><F112/><W56/><G64/><T44/><D66/><N who="1" m="39191" /><E108/><V98/><REACH who="2" step="1"/><F91/><REACH who="2" ten="553,149,53,235" step="2"/><N who="1" m="34857" /><E86/><V121/><F121/><W10/><G56/><T102/><D102/><U14/><E14/><AGARI ba="0,1" hai="14,17,22,52,53,54,65,67,85,89,94,96,97,98" machi="14" ten="40,8000,1" yaku="1,1,8,1,54,1,53,1" doraHai="7" doraHaiUra="80" who="2" fromWho="1" sc="553,0,149,-80,53,90,235,0" /><INIT seed="2,0,0,1,1,0" ten="553,69,143,235" oya="2" hai0="17,77,9,72,24,69,35,45,97,79,88,91,22" hai1="80,100,130,102,10,106,123,129,21,63,54,57,121" hai2="111,134,119,71,64,12,26,65,114,16,83,116,58" hai3="120,76,31,20,135,74,104,34,44,51,11,93,37"/><V50/><F114/><W87/><G120/><N who="1" m="46154" /><E21/><V95/><F134/><W96/><G74/><T126/><D69/><U131/><E106/><V78/><F71/><W81/><G34/><T1/><D126/><U127/><E80/><V39/><F39/><W99/><G37/><T67/><D67/><U125/><E10/><V33/><F111/><W117/><G117/><T32/><D32/><U56/><E100/><V55/><F95/><W6/><G104/><T109/><D109/><U90/><E90/><V15/><F15/><N who="3" m="5623" /><G93/><T108/><D108/><U82/><E82/><V52/><F116/><W25/><G135/><T48/><D35/><U70/><E70/><V8/><F119/><W118/><G118/><T14/><D1/><U27/><E27/><V73/><F33/><W94/><G94/><N who="0" m="56519" /><D91/><U29/><E29/><V53/><F26/><W61/><G61/><T113/><D72/><U103/><E103/><V59/><F73/><W122/><G122/><T66/><D66/><N who="2" m="25706" /><F83/><W30/><G30/><N who="0" m="17687" /><D113/><U62/><E102/><V110/><F110/><W43/><AGARI ba="0,0" hai="20,25,31,43,44,51,76,81,87,96,99" m="5623" machi="43" ten="30,4000,0" yaku="25,1,8,1,52,1" doraHai="0" who="3" fromWho="3" sc="553,-10,69,-10,143,-20,235,40" /><INIT seed="3,0,0,0,0,19" ten="543,59,123,275" oya="3" hai0="16,71,20,13,7,106,118,35,110,49,8,51,39" hai1="57,9,66,79,62,58,132,113,11,100,64,18,130" hai2="120,97,44,78,76,74,119,121,25,123,112,103,69" hai3="41,65,114,0,29,81,108,85,63,14,37,126,82"/><W30/><G0/><T15/><D39/><U89/><E113/><V1/><F119/><W2/><G2/><T99/><D71/><U50/><E132/><V28/><F1/><W24/><G114/><T26/><D118/><U72/><E130/><V133/><F112/><W116/><G116/><T6/><D110/><U95/><E100/><V94/><F69/><W55/><G126/><T52/><D35/><U68/><E68/><V27/><F133/><W12/><G55/><T47/><D51/><U128/><E128/><V124/><F124/><W54/><G54/><T135/><D135/><U46/><E72/><V102/><F102/><W10/><G29/><T86/><D86/><U87/><E79/><N who="2" m="30251" /><F74/><W84/><G41/><T17/><D106/><U122/><E122/><V43/><F28/><W32/><G37/><AGARI ba="0,0" hai="25,27,37,43,44,94,97,103,120,121,123" m="30251" machi="37" ten="30,1000,0" yaku="13,1" doraHai="19" who="2" fromWho="3" sc="543,0,59,0,123,10,275,-10" owari="543,64.3,59,-44.1,133,-26.7,265,6.5" /></mjloggm>