<mjloggm ver="2.3"><GO type="225" lobby="0"/><UN n0="%E9%B3%B3%E6%9D%B1%E3%81%AE%E3%81%86%E3%81%95%E3%81%8E%E3%81%95%E3%82%93" n1="%E3%82%BC%E3%83%AB%E3%83%80%E3%81%AE%E4%BC%9D%E8%AA%AC" n2="%E6%A1%9C%E8%8A%B1%E9%96%83%E3%80%85" n3="%E3%81%BF%E3%81%BF%E3%81%9A" dan="17,18,16,18" rate="2237.59,2210.71,2141.21,2244.93" sx="M,M,M,M"/><TAIKYOKU oya="0"/><INIT seed="0,0,0,2,3,112" ten="250,250,250,250" oya="0" hai0="56,106,3,28,61,102,13,8,129,107,31,58,4" hai1="51,109,37,19,108,12,104,46,44,52,72,36,75" hai2="81,100,114,96,45,7,1,2,29,84,41,35,64" hai3="76,39,53,113,54,27,22,122,86,25,117,59,126"/><T55/><D129/><U133/><E104/><V132/><F114/><W26/><G113/><T98/><D107/><U101/><E101/><V38/><F132/><W99/><G39/><N who="1" m="14922" /><E46/><V135/><F135/><W118/><G22/><T66/><REACH who="0" step="1"/><D3/><REACH who="0" ten="240,250,250,250" step="2"/><U60/><E133/><V131/><F1/><W32/><G122/><T30/><D30/><U15/><E15/><V21/><F2/><W89/><G25/><T92/><D92/><U50/><E12/><V110/><F29/><W97/><G27/><T93/><D93/><U87/><E109/><V43/><F110/><W18/><G26/><T0/><D0/><U105/><E105/><V94/><F94/><W9/><G118/><T115/><D115/><U74/><E108/><V42/><F131/><W134/><G117/><T83/><D83/><U130/><E130/><V47/><F81/><W69/><G134/><T121/><D121/><U116/><E116/><V88/><F38/><W5/><G126/><T71/><D71/><U103/><E72/><V80/><F80/><W125/><G125/><T82/><D82/><U20/><E74/><V63/><F96/><W40/><G69/><T111/><D111/><U95/><E75/><V124/><F124/><W14/><G99/><T123/><D123/><U85/><E95/><V34/><F100/><W90/><G97/><T6/><D6/><U91/><E103/><V11/><F7/><W48/><G5/><T119/><D119/><U77/><E87/><V33/><F84/><W73/><G86/><T68/><D68/><U24/><E85/><V17/><F17/><W23/><G18/><RYUUKYOKU ba="0,1" sc="240,30,250,-10,250,-10,250,-10" hai0="4,8,13,28,31,55,56,58,61,66,98,102,106" /><INIT seed="0,1,1,4,4,112" ten="270,240,240,240" oya="0" hai0="47,131,30,60,49,11,118,85,123,48,134,27,32" hai1="13,74,128,7,127,53,115,119,114,68,73,62,2" hai2="72,28,133,25,91,58,56,31,18,111,117,55,36" hai3="87,34,104,71,59,90,98,92,78,14,120,126,125"/><T130/><D123/><U88/><E2/><V42/><F72/><W80/><G71/><T81/><D134/><U38/><E38/><V8/><F133/><W89/><G34/><T39/><D60/><U65/><E127/><N who="3" m="48650" /><G120/><T9/><D39/><U52/><E119/><V110/><F91/><W99/><G14/><T75/><D75/><N who="1" m="28683" /><E128/><N who="0" m="49193" /><D118/><U50/><E50/><N who="0" m="19561" /><D47/><U84/><E13/><N who="2" m="7463" /><F117/><W12/><G12/><T76/><AGARI ba="1,1" hai="9,11,27,30,32,76,81,85" m="19561,49193" machi="76" ten="30,1500,0" yaku="19,1" doraHai="112" who="0" fromWho="0" sc="270,28,240,-6,240,-6,240,-6" /><INIT seed="0,2,0,3,5,14" ten="298,234,234,234" oya="0" hai0="70,107,53,81,118,72,62,23,121,77,98,18,100" hai1="20,6,114,32,44,123,126,80,22,46,76,132,106" hai2="69,131,67,45,130,57,116,30,56,60,120,91,48" hai3="38,43,73,85,90,15,122,135,110,92,68,129,50"/><T42/><D118/><U13/><E123/><V5/><F5/><W115/><G115/><T82/><D121/><U133/><E114/><V87/><F120/><W112/><G112/><T11/><D42/><U108/><E32/><V36/><F30/><W3/><G3/><T105/><D81/><U58/><E106/><V89/><F116/><W102/><G122/><T78/><D77/><U17/><E108/><V55/><F91/><W79/><G68/><T84/><D11/><U65/><E6/><V7/><F7/><W1/><G1/><T9/><D9/><U27/><E126/><V124/><F124/><W109/><G38/><T31/><D31/><N who="1" m="17895" /><E58/><V16/><F16/><W86/><G73/><T8/><D8/><U119/><E65/><V34/><F34/><W117/><G117/><T83/><D107/><U10/><E10/><V12/><F12/><W29/><G15/><T94/><D105/><U61/><E61/><V19/><F19/><W101/><G29/><T104/><D104/><U49/><E119/><V93/><REACH who="2" step="1"/><F57/><REACH who="2" ten="298,234,224,234" step="2"/><W26/><G26/><T37/><D18/><U51/><E13/><V128/><F128/><W0/><G129/><T4/><D4/><U63/><E17/><V134/><F134/><W39/><G135/><T127/><D127/><U59/><E133/><V28/><F28/><W74/><G110/><T24/><D24/><U41/><E132/><V21/><F21/><W64/><G109/><T99/><D23/><U97/><E22/><V35/><F35/><W88/><G90/><T96/><D70/><U66/><E59/><V2/><F2/><RYUUKYOKU ba="2,1" sc="298,-10,234,-10,224,30,234,-10" hai2="36,45,48,55,56,60,67,69,87,89,93,130,131" /><INIT seed="1,3,1,1,4,5" ten="288,224,254,224" oya="1" hai0="121,133,24,91,67,65,10,132,60,115,3,127,49" hai1="64,50,109,26,134,107,8,35,100,73,123,124,114" hai2="126,66,102,87,104,89,82,94,57,55,135,36,56" hai3="103,97,111,98,14,81,31,78,58,71,15,106,42"/><U68/><RYUUKYOKU type="yao9" ba="3,1" sc="288,0,224,0,254,0,224,0" hai1="8,26,35,50,64,68,73,100,107,109,114,123,124,134" /><INIT seed="1,4,1,2,1,31" ten="288,224,254,224" oya="1" hai0="134,91,68,57,40,124,121,9,5,132,14,93,26" hai1="103,97,25,20,83,50,73,58,114,18,89,64,126" hai2="117,66,15,70,116,59,24,49,135,94,12,104,78" hai3="82,96,21,100,54,28,8,44,120,3,41,74,33"/><U109/><E114/><V60/><F104/><W87/><G120/><T22/><D68/><U72/><E126/><V65/><F135/><N who="0" m="51754" /><D124/><U115/><E115/><V107/><F107/><W36/><G21/><T98/><D121/><U46/><E109/><V67/><F78/><N who="3" m="44375" /><G87/><T80/><D40/><U108/><E108/><V29/><F94/><W130/><G54/><T76/><D57/><U47/><E72/><V6/><F49/><W77/><G77/><T30/><D80/><U92/><E73/><V13/><F6/><N who="3" m="1119" /><G130/><T86/><D76/><U55/><E64/><V75/><F75/><W45/><G45/><T19/><D86/><AGARI ba="4,1" hai="18,20,25,46,47,50,55,58,83,86,89,92,97,103" machi="86" ten="40,2000,0" yaku="8,1" doraHai="31" who="1" fromWho="0" sc="288,-32,224,42,254,0,224,0" /><INIT seed="1,5,0,1,0,105" ten="256,266,254,224" oya="1" hai0="10,79,43,57,122,44,39,87,85,32,54,56,88" hai1="75,33,38,35,70,1,26,2,46,94,104,22,99" hai2="127,114,78,52,24,0,6,76,86,25,28,89,81" hai3="11,128,82,120,58,100,112,95,124,113,83,116,133"/><U110/><E94/><V53/><F127/><W16/><G120/><T134/><D122/><U103/><E22/><V64/><F114/><W3/><G124/><T101/><D134/><U109/><E70/><V96/><F64/><W55/><G133/><T74/><D32/><N who="1" m="12363" /><E26/><N who="2" m="10347" /><F0/><N who="1" m="105" /><E75/><V21/><F6/><W51/><G128/><T67/><D74/><U61/><E61/><V106/><F106/><W115/><G116/><T7/><D67/><U60/><E60/><V97/><F21/><W131/><G131/><T23/><D23/><U123/><E123/><V34/><F28/><W125/><G125/><T129/><D129/><U98/><E98/><N who="2" m="37995" /><F34/><W118/><G118/><T50/><D7/><U111/><E46/><V69/><F69/><W31/><G3/><T30/><D44/><U65/><E65/><V84/><F78/><W59/><G31/><T68/><D79/><U17/><E17/><V19/><F19/><W132/><G132/><T9/><D68/><U91/><E91/><V62/><F62/><W12/><G95/><AGARI ba="5,0" hai="52,53,76,81,84,86,89,95" m="37995,10347" machi="95" ten="30,2000,0" yaku="8,1,54,1" doraHai="105" who="2" fromWho="3" sc="256,0,266,0,254,35,224,-35" /><INIT seed="2,0,0,1,2,100" ten="256,266,289,189" oya="2" hai0="47,51,11,62,124,31,129,126,45,48,28,55,134" hai1="50,135,33,13,123,73,77,133,71,102,69,90,32" hai2="16,37,6,105,22,117,56,39,85,14,23,10,7" hai3="111,127,74,103,29,68,20,132,35,15,91,43,75"/><V106/><F117/><W125/><G68/><T4/><D129/><U0/><E0/><V30/><F85/><W116/><G116/><T24/><D134/><N who="1" m="51211" /><E123/><V72/><F72/><W107/><G132/><T99/><D62/><U80/><E90/><V121/><F121/><W94/><G111/><T88/><D99/><U76/><E76/><V114/><F114/><W82/><G35/><N who="1" m="13386" /><E13/><V118/><F118/><W19/><G29/><T112/><D88/><U110/><E110/><V49/><F30/><W67/><G67/><T128/><D128/><U130/><E130/><V3/><F7/><W8/><G43/><N who="0" m="24639" /><D24/><U78/><E78/><V65/><F23/><W41/><G41/><T2/><D112/><U83/><E83/><V54/><REACH who="2" step="1"/><F65/><REACH who="2" ten="256,266,279,189" step="2"/><W92/><G20/><T44/><D31/><U97/><E50/><V18/><F18/><W89/><G74/><T70/><D28/><U93/><AGARI ba="0,1" hai="69,71,73,77,80,93,97,102" m="13386,51211" machi="93" ten="30,1100,0" yaku="20,1" doraHai="100" who="1" fromWho="1" sc="256,-3,266,21,279,-5,189,-3" /><INIT seed="3,0,0,1,3,42" ten="253,287,274,186" oya="3" hai0="109,126,83,39,86,129,4,16,45,93,46,124,77" hai1="17,70,110,29,26,115,88,101,114,104,43,63,69" hai2="78,116,1,62,54,111,79,23,10,24,130,3,132" hai3="65,82,121,61,80,64,53,41,72,25,13,12,73"/><W7/><G121/><T85/><D109/><U5/><E110/><V75/><F111/><W33/><G41/><T113/><D4/><U60/><E17/><V20/><F116/><W105/><G105/><T81/><D93/><U18/><E18/><V94/><F130/><W76/><G53/><T32/><D32/><N who="1" m="20535" /><E63/><V56/><F132/><W100/><G100/><T131/><D39/><U99/><E69/><V112/><F112/><W102/><G102/><T37/><D113/><U95/><E5/><V127/><F127/><N who="0" m="48682" /><D16/><U103/><E43/><V9/><F1/><W31/><G7/><T120/><D37/><U0/><E0/><V74/><F3/><W123/><G123/><T55/><D55/><U59/><E59/><V49/><F9/><W35/><G35/><T8/><D8/><U22/><E22/><V84/><F10/><W134/><G134/><T14/><D14/><U117/><E103/><V125/><F20/><W19/><G19/><T71/><D71/><U11/><E11/><V15/><F15/><W51/><G51/><T36/><D36/><U97/><E117/><V30/><F125/><W92/><G92/><T44/><D120/><U106/><E106/><V91/><F49/><W98/><G98/><T67/><D67/><AGARI ba="0,0" hai="60,67,70,88,95,97,99,101,104,114,115" m="20535" machi="67" ten="30,2000,0" yaku="25,1,54,1" doraHai="42" who="1" fromWho="0" sc="253,-20,287,20,274,0,186,0" owari="233,-16.7,307,40.7,274,7.4,186,-31.4" /></mjloggm>