<mjloggm ver="2.3"><GO type="225" lobby="0"/><UN n0="%E5%B8%86%E7%AB%8B%E5%A4%8F%E8%A1%A3" n1="%70%68%65%6E%6F%6D%65" n2="%72%61%6B%33" n3="%72%69%6F%75%63%68%61%6E" dan="17,17,16,17" rate="2146.49,2171.11,2222.82,2234.26" sx="M,M,M,M"/><TAIKYOKU oya="0"/><INIT seed="0,0,0,2,3,2" ten="250,250,250,250" oya="0" hai0="108,130,106,18,28,42,113,117,82,93,126,66,47" hai1="41,78,109,105,104,127,43,29,10,39,99,90,76" hai2="96,15,92,102,129,87,49,27,65,20,75,13,88" hai3="98,26,86,121,3,77,62,97,125,25,123,30,19"/><T58/><D113/><U17/><E109/><V110/><F110/><W135/><G125/><T61/><D117/><U124/><E29/><V112/><F112/><W111/><G111/><T31/><D108/><U80/><E90/><V5/><F129/><W53/><G135/><T40/><D106/><U60/><E60/><V33/><F33/><W73/><G73/><T44/><D126/><N who="1" m="48171" /><E39/><V54/><F65/><W128/><G128/><T14/><D130/><U85/><E78/><V119/><F75/><W51/><G3/><T50/><D82/><U35/><E35/><V38/><F38/><W91/><G77/><T0/><D0/><U52/><E52/><V32/><F32/><W71/><G19/><T103/><D44/><U89/><E89/><V36/><F36/><W132/><G132/><T4/><D42/><N who="1" m="15883" /><E99/><N who="3" m="37898" /><G30/><N who="0" m="11307" /><D103/><U134/><E134/><V6/><F119/><W84/><G71/><T8/><D93/><U59/><E59/><V11/><F102/><W79/><G62/><T68/><D68/><U74/><E74/><V94/><F96/><W115/><G115/><T48/><D48/><U72/><E72/><V107/><F107/><W63/><G63/><T9/><D66/><U1/><E17/><N who="2" m="12687" /><F94/><N who="3" m="54631" /><G86/><T7/><D61/><U23/><E23/><V22/><F22/><W118/><G118/><T12/><D58/><U64/><E64/><V46/><F11/><W95/><G95/><T55/><D55/><U16/><E1/><V122/><F122/><N who="3" m="46603" /><G79/><T120/><D120/><U131/><E131/><V24/><F24/><N who="3" m="9323" /><G53/><T45/><D18/><U34/><E34/><V114/><F114/><RYUUKYOKU ba="0,0" sc="250,0,250,0,250,0,250,0" hai0="4,7,8,9,12,14,40,45,47,50" hai1="10,16,76,80,85,104,105" hai2="5,6,13,15,46,49,54,87,88,92" hai3="51" /><INIT seed="0,1,0,3,0,6" ten="250,250,250,250" oya="0" hai0="115,120,56,112,51,39,32,8,83,108,54,114,2" hai1="92,9,20,69,60,62,91,27,17,116,67,11,73" hai2="75,5,1,0,61,126,79,21,118,117,13,34,103" hai3="93,31,80,52,121,29,98,122,46,49,97,131,101"/><T36/><D32/><U44/><E116/><N who="2" m="44651" /><F103/><W45/><G131/><T127/><D120/><N who="3" m="46185" /><G80/><T55/><D127/><U41/><E73/><V125/><F61/><W43/><G98/><T40/><D108/><U4/><E4/><V86/><F75/><W74/><G74/><T87/><D2/><N who="2" m="1130" /><F79/><W109/><G109/><T66/><D66/><U28/><E62/><V47/><F47/><W81/><G81/><T24/><D24/><U48/><REACH who="1" step="1"/><E28/><REACH who="1" ten="250,240,250,250" step="2"/><V71/><F5/><W100/><G100/><T63/><D114/><U53/><E53/><V88/><F71/><W37/><AGARI ba="1,1" hai="29,31,37,43,45,46,49,52,93,97,101" m="46185" machi="37" ten="30,2000,0" yaku="13,1,54,1" doraHai="6" who="3" fromWho="3" sc="250,-11,240,-6,250,-6,250,33" /><INIT seed="1,0,0,0,2,2" ten="239,234,244,283" oya="1" hai0="102,120,22,74,117,107,49,103,128,101,24,23,119" hai1="42,7,14,88,1,6,34,94,26,118,59,57,0" hai2="4,72,85,125,36,52,12,27,98,40,130,19,77" hai3="79,16,90,53,37,63,15,20,60,44,115,132,99"/><U68/><E68/><V48/><F125/><W9/><G115/><T70/><D128/><U100/><E118/><V56/><F130/><W41/><G132/><T38/><D38/><U10/><E100/><V3/><F98/><W51/><G79/><T58/><D120/><U43/><E34/><V116/><F27/><W112/><G112/><T121/><D121/><U129/><E129/><V133/><F133/><W29/><G29/><T106/><D70/><U71/><E71/><V28/><F28/><W80/><G20/><T87/><D74/><U123/><E26/><V110/><F110/><W8/><G8/><T31/><D87/><U124/><E123/><V75/><F116/><W47/><REACH who="3" step="1"/><G99/><REACH who="3" ten="239,234,244,273" step="2"/><T73/><D23/><U54/><E124/><V113/><F113/><W122/><G122/><T13/><D119/><U78/><E78/><V92/><F77/><W111/><G111/><T35/><D117/><U30/><E30/><V84/><F75/><W95/><G95/><T45/><D73/><U93/><E10/><N who="2" m="2335" /><F72/><W91/><G91/><T97/><D97/><U114/><E114/><V50/><F92/><W83/><G83/><T76/><D76/><U105/><E88/><V104/><F85/><AGARI ba="0,1" hai="9,15,16,37,41,44,47,51,53,60,63,80,85,90" machi="85" ten="40,8000,1" yaku="1,1,25,2,54,1,53,0" doraHai="2" doraHaiUra="55" who="3" fromWho="2" sc="239,0,234,0,244,-80,273,90" /><INIT seed="2,0,0,1,0,23" ten="239,234,164,363" oya="2" hai0="96,50,17,52,104,59,46,57,16,22,19,13,71" hai1="41,34,47,49,79,99,6,132,72,111,64,1,88" hai2="33,109,61,60,24,12,56,51,54,66,5,0,62" hai3="112,4,126,75,55,123,134,73,91,45,3,42,131"/><V129/><F0/><W125/><G123/><T117/><D117/><U94/><E111/><V35/><F109/><W100/><G131/><T93/><D104/><U120/><E120/><V30/><F129/><W103/><G134/><T10/><D71/><U18/><E132/><V84/><F33/><W14/><G112/><T40/><D10/><U48/><E34/><V115/><F115/><W81/><G14/><T124/><D124/><N who="3" m="47721" /><G55/><T37/><D59/><U101/><E64/><V95/><F95/><W102/><G91/><AGARI ba="0,0" hai="13,16,17,19,22,37,40,46,50,52,57,91,93,96" machi="91" ten="30,3900,0" yaku="7,1,54,2" doraHai="23" who="0" fromWho="3" sc="239,39,234,0,164,0,363,-39" /><INIT seed="3,0,0,5,0,43" ten="278,234,164,324" oya="3" hai0="35,28,0,33,128,41,19,39,132,60,46,134,15" hai1="25,61,34,107,87,116,67,52,75,72,82,90,104" hai2="10,1,74,83,89,45,17,50,100,115,98,14,49" hai3="7,55,106,44,9,59,130,103,120,85,5,76,94"/><W109/><G120/><T29/><D60/><U26/><E116/><V113/><F1/><W110/><G130/><T47/><D0/><U20/><E26/><V64/><F64/><W56/><G106/><T129/><D39/><U119/><E34/><N who="0" m="12809" /><D41/><U3/><E3/><V16/><F49/><N who="3" m="29095" /><G103/><T112/><D112/><U8/><E8/><V125/><F125/><W111/><G94/><T13/><D29/><U80/><E119/><V66/><F66/><W30/><G30/><T117/><D28/><U122/><E122/><V12/><F74/><W88/><G88/><T92/><D92/><U73/><E80/><V97/><F97/><W24/><G24/><T79/><D79/><U124/><E124/><V51/><F51/><W2/><G5/><T78/><D78/><U31/><REACH who="1" step="1"/><E52/><REACH who="1" ten="278,224,164,324" step="2"/><N who="2" m="29775" /><F100/><W37/><G2/><T102/><D117/><U105/><E105/><V21/><F98/><W18/><G110/><T99/><D99/><U42/><E42/><V54/><F54/><W135/><G109/><T126/><D126/><U69/><AGARI ba="0,1" hai="20,25,31,61,67,69,72,73,75,82,87,90,104,107" machi="69" ten="30,2000,0" yaku="1,1,0,1,53,0" doraHai="43" doraHaiUra="36" who="1" fromWho="1" sc="278,-5,224,30,164,-5,324,-10" owari="273,7.3,254,-14.6,159,-34.1,314,41.4" /></mjloggm>