<mjloggm ver="2.3"><GO type="225" lobby="0"/><UN n0="%E3%81%A9%E3%82%8F%E3%82%93%E3%81%94" n1="%E4%BF%BA%E3%81%A8%E5%A6%96%E5%A4%A2" n2="%72%61%6B%33" n3="%E3%81%A1%E3%82%85%E3%81%86%E3%81%A9%E3%81%8F%E8%B1%A1%E3%81%95%E3%82%93" dan="16,17,16,16" rate="2140.67,2197.54,2168.56,2162.57" sx="M,F,M,M"/><TAIKYOKU oya="0"/><INIT seed="0,0,0,2,3,13" ten="250,250,250,250" oya="0" hai0="71,115,106,80,14,41,134,34,20,82,35,95,60" hai1="99,111,64,46,94,63,109,38,75,104,83,129,12" hai2="87,125,113,84,25,48,112,45,59,5,77,7,32" hai3="36,132,52,19,131,127,72,96,133,58,93,54,119"/><T55/><D115/><U42/><E129/><V74/><F125/><W91/><G119/><T57/><D106/><U114/><E114/><V53/><F74/><W102/><G72/><T65/><D134/><N who="3" m="51817" /><G131/><T33/><D41/><U116/><E116/><V2/><F32/><W122/><G127/><T73/><D73/><U47/><E47/><V118/><F118/><W50/><G36/><T62/><REACH who="0" step="1"/><D95/><REACH who="0" ten="240,250,250,250" step="2"/><U40/><E40/><V108/><F113/><W39/><G122/><T27/><D27/><U107/><E107/><V76/><F25/><W67/><G39/><T0/><D0/><U124/><E104/><V103/><F2/><W110/><G110/><T9/><D9/><U16/><E124/><V85/><F108/><W121/><G121/><T81/><D81/><U97/><E109/><V100/><F112/><W28/><G28/><T105/><D105/><U11/><E111/><V30/><F30/><W86/><G67/><T10/><D10/><U31/><E94/><V49/><F76/><W4/><G4/><N who="2" m="1609" /><F77/><W78/><G78/><T1/><D1/><U56/><E31/><V135/><F135/><W101/><G54/><AGARI ba="0,1" hai="45,48,49,53,54,59,84,85,87,100,103" m="1609" machi="54" ten="30,1000,0" yaku="8,1" doraHai="13" who="2" fromWho="3" sc="240,0,250,0,250,20,250,-10" /><INIT seed="1,0,0,0,3,31" ten="240,250,270,240" oya="1" hai0="29,9,72,101,91,28,22,127,47,39,26,71,110" hai1="2,6,0,68,103,95,73,5,111,118,51,33,40" hai2="106,20,12,102,83,80,98,30,135,121,77,90,107" hai3="46,123,81,94,69,132,66,21,64,43,84,34,16"/><U14/><E118/><V92/><F30/><W99/><G123/><T10/><D71/><U97/><E68/><V75/><F20/><W48/><G132/><T42/><D72/><U23/><E73/><V60/><F12/><W131/><G131/><T79/><D79/><U112/><E112/><V87/><F60/><W15/><G69/><T11/><D110/><U19/><E111/><V27/><F27/><W41/><G43/><T88/><D127/><U82/><E82/><V104/><F135/><W70/><G70/><T61/><D61/><U63/><E63/><V134/><F134/><W58/><G58/><T109/><D109/><U115/><E33/><V4/><F4/><W25/><G25/><T13/><D29/><U56/><E115/><V89/><F121/><W54/><G41/><T96/><REACH who="0" step="1"/><D13/><REACH who="0" ten="230,250,270,240" step="2"/><U125/><E125/><V119/><F119/><W52/><G64/><T76/><D76/><AGARI ba="0,1" hai="75,76,77,80,83,87,89,90,92,98,102,104,106,107" machi="76" ten="40,12000,2" yaku="35,6" doraHai="31" who="2" fromWho="0" sc="230,-120,250,0,270,130,240,0" /><INIT seed="2,0,0,5,5,1" ten="110,250,400,240" oya="2" hai0="108,102,103,112,32,123,111,93,90,70,87,45,4" hai1="56,135,3,94,6,59,52,71,23,28,126,25,107" hai2="8,76,40,13,14,96,117,133,88,124,98,129,89" hai3="38,100,105,118,44,10,122,72,75,43,64,9,80"/><V120/><F117/><W66/><G122/><T65/><D32/><U55/><E107/><V104/><F120/><W41/><G118/><T49/><D123/><U77/><E71/><V24/><F124/><W29/><G29/><T37/><D37/><U39/><E39/><V99/><F129/><W33/><G33/><T101/><D70/><U42/><E42/><V127/><F104/><W12/><G41/><T0/><D65/><U61/><E126/><V62/><F133/><W47/><G47/><T57/><D57/><U79/><E135/><V97/><F76/><W7/><G75/><T19/><D19/><U69/><E69/><V134/><F24/><W36/><G36/><T119/><D112/><U58/><E94/><V5/><F134/><W84/><G72/><T31/><D31/><U82/><E82/><V26/><F26/><W114/><G114/><T2/><D119/><U63/><E56/><V30/><F30/><W17/><G100/><T60/><D60/><U51/><E51/><V67/><F40/><W113/><G105/><T130/><D130/><U131/><E131/><V34/><F34/><W95/><G95/><T35/><D35/><U81/><E81/><V20/><F127/><W54/><G54/><T50/><D2/><U109/><E109/><N who="0" m="42057" /><D45/><U15/><E3/><V53/><F53/><N who="1" m="20553" /><E58/><V73/><F62/><N who="1" m="23561" /><E59/><V106/><F106/><W11/><G113/><T110/><N who="0" m="42065" /><T27/><DORA hai="92" /><D27/><U78/><E15/><V121/><F13/><N who="3" m="5311" /><G10/><AGARI ba="0,0" hai="0,4,10,49,50,87,90,93,101,102,103" m="42065" machi="10" ten="50,3200,0" yaku="14,1,52,1" doraHai="1,92" who="0" fromWho="3" sc="110,32,250,0,400,0,240,-32" /><INIT seed="3,0,0,5,3,132" ten="142,250,400,208" oya="3" hai0="24,79,81,113,25,55,83,3,10,48,64,44,109" hai1="123,47,51,37,52,97,89,2,121,0,70,88,134" hai2="21,122,118,23,35,93,71,31,53,95,59,133,90" hai3="50,20,63,33,107,30,26,101,114,105,27,28,85"/><W69/><G114/><T87/><D109/><U111/><E134/><V82/><F71/><W38/><G38/><T58/><D113/><U131/><E111/><V126/><F35/><W103/><G85/><T84/><D10/><U129/><E70/><V91/><F59/><W42/><G103/><T18/><D3/><N who="1" m="1067" /><E37/><V120/><F118/><W43/><G50/><T1/><D1/><U57/><E57/><V65/><F31/><W110/><G110/><T49/><D18/><U135/><E135/><V77/><F133/><W92/><G92/><T119/><D119/><U112/><E112/><V68/><F68/><W106/><REACH who="3" step="1"/><G101/><REACH who="3" ten="142,250,400,198" step="2"/><T19/><D19/><U99/><E99/><V34/><F95/><W128/><G128/><N who="1" m="49226" /><E97/><V66/><F93/><W16/><G16/><T78/><REACH who="0" step="1"/><D64/><AGARI ba="0,1" hai="20,26,27,28,30,33,42,43,63,64,69,105,106,107" machi="64" ten="40,2000,0" yaku="1,1,53,0" doraHai="132" doraHaiUra="45" who="3" fromWho="0" sc="142,-20,250,0,400,0,198,30" /><INIT seed="3,1,0,1,5,56" ten="122,250,400,228" oya="3" hai0="128,29,93,16,4,122,75,113,74,20,69,23,88" hai1="106,118,0,124,90,8,38,41,57,37,49,15,95" hai2="72,42,100,62,60,47,26,98,99,107,51,39,84" hai3="68,18,46,25,79,81,101,83,126,24,28,14,27"/><W7/><G126/><T59/><D122/><U22/><E124/><V70/><F72/><W91/><G68/><T120/><D120/><U112/><E112/><V114/><F114/><W10/><G101/><T82/><D69/><U92/><E106/><V125/><F125/><W52/><G91/><T63/><D113/><U3/><E22/><V135/><F135/><W121/><G121/><T109/><D109/><U67/><E95/><V116/><F116/><W73/><G81/><T132/><D132/><U130/><E130/><V30/><F70/><W9/><G46/><T71/><D71/><U44/><E3/><V66/><F66/><W85/><G73/><T21/><D128/><U117/><E0/><V77/><F99/><W127/><G127/><T96/><D29/><U129/><E129/><V13/><F13/><N who="3" m="5311" /><G52/><N who="0" m="34279" /><D4/><U33/><E33/><V19/><F39/><W119/><G119/><N who="1" m="45578" /><E15/><V40/><F40/><W78/><G79/><T48/><D48/><U55/><E8/><V50/><F50/><W110/><G110/><T17/><D75/><U5/><E5/><V58/><F58/><W2/><G2/><T54/><D54/><U34/><E34/><V133/><F133/><W102/><G28/><T97/><D97/><N who="1" m="57495" /><E67/><V108/><F108/><W134/><G134/><T104/><D104/><U36/><AGARI ba="1,0" hai="36,37,38,41,44,49,55,57" m="57495,45578" machi="36" ten="30,1100,0" yaku="12,1" doraHai="56" who="1" fromWho="1" sc="122,-4,250,14,400,-4,228,-6" owari="118,-38.2,264,6.4,396,49.6,222,-17.8" /></mjloggm>