<mjloggm ver="2.3"><GO type="225" lobby="0"/><UN n0="%73%6C%69%63%6B%33%31%39" n1="%E3%81%B2%E3%81%AA%E3%81%AE%E3%82%8A%E3%81%8F" n2="%72%61%6B%33" n3="%E5%86%B7%E5%87%8D%E3%82%AE%E3%83%A7%E3%83%BC%E3%82%B6" dan="16,17,16,16" rate="2132.44,2162.91,2164.76,2166.26" sx="M,M,M,M"/><TAIKYOKU oya="0"/><INIT seed="0,0,0,3,3,124" ten="250,250,250,250" oya="0" hai0="96,110,18,75,98,82,25,58,95,118,128,102,106" hai1="85,48,51,40,60,4,114,119,31,107,3,123,125" hai2="91,100,101,59,50,84,115,1,20,92,121,63,15" hai3="45,11,74,126,69,23,116,109,120,133,32,112,83"/><T47/><D118/><U56/><E107/><V73/><F1/><W105/><G23/><T46/><D110/><U86/><E31/><V134/><F115/><W94/><G45/><T81/><D128/><U30/><E30/><V130/><F121/><W55/><G55/><T54/><D75/><U21/><E21/><V87/><F73/><W43/><G43/><T0/><D0/><U113/><E4/><V111/><F111/><W16/><G16/><T53/><D106/><U38/><E3/><V19/><F134/><W62/><G62/><T71/><D71/><U28/><E28/><V132/><F132/><W129/><G11/><T39/><D98/><U68/><E60/><V8/><F130/><W127/><G94/><T90/><D102/><U70/><E40/><V49/><F87/><W13/><G13/><T26/><D39/><U52/><E38/><V80/><F8/><W117/><G83/><N who="0" m="31755" /><D54/><U93/><E123/><V122/><F122/><W29/><G116/><T36/><D36/><U6/><E119/><V79/><F101/><W22/><G22/><N who="0" m="13527" /><D26/><U131/><E70/><V78/><F100/><W7/><G29/><T99/><D99/><U27/><E68/><V35/><F35/><W37/><G7/><T88/><D90/><U65/><E6/><V66/><REACH who="2" step="1"/><F79/><REACH who="2" ten="250,250,240,250" step="2"/><W103/><G103/><T76/><D76/><U24/><E113/><V34/><F34/><W5/><G5/><T14/><D14/><U41/><E114/><V2/><F2/><AGARI ba="0,1" hai="2,32,37,69,74,105,109,112,117,120,126,127,129,133" machi="2" ten="0,32000,5" yakuman="47" doraHai="124" who="3" fromWho="2" sc="250,0,250,0,240,-320,250,330" owari="250,5.0,250,-15.0,-80,-58.0,580,68.0" /></mjloggm>