<mjloggm ver="2.3"><GO type="225" lobby="0"/><UN n0="%E6%B4%BE%E9%81%A3%E3%81%AE%E3%82%B8%E3%83%A3%E3%83%83%E3%82%AF" n1="%73%73%6B%5F%66%72%65%65" n2="%E7%89%B9%E6%9D%B1%E3%81%AF%E4%B8%96%E7%95%8C%E3%82%92%E6%95%91%E3%81%86" n3="%E3%83%81%E3%83%AF%E3%83%AF%E9%9A%8A%E9%95%B7" dan="17,17,16,17" rate="2163.99,2168.35,2171.14,2149.53" sx="M,M,M,M"/><TAIKYOKU oya="0"/><INIT seed="0,0,0,4,2,107" ten="250,250,250,250" oya="0" hai0="54,88,46,74,122,44,81,82,89,112,51,53,95" hai1="110,127,87,133,50,119,49,94,57,99,36,106,92" hai2="130,109,111,102,104,34,63,121,40,135,108,64,56" hai3="126,12,78,80,96,129,125,19,73,21,77,0,60"/><T84/><D112/><U39/><E119/><V7/><F34/><W66/><G0/><T5/><D122/><U26/><E106/><V25/><F121/><W47/><G129/><T15/><D74/><U113/><E110/><V83/><F130/><W35/><G35/><T76/><D76/><U29/><E133/><V120/><F120/><W134/><G134/><T85/><D95/><U105/><E105/><V6/><F135/><W71/><G77/><T17/><D5/><U132/><E132/><V62/><F40/><W23/><G96/><T55/><D46/><U41/><E41/><V90/><F25/><W79/><G79/><T16/><D17/><U48/><E57/><N who="2" m="36943" /><F102/><W86/><G86/><T65/><D65/><U2/><E2/><V18/><F18/><W70/><G70/><T22/><AGARI ba="0,0" hai="15,16,22,44,51,53,54,55,81,82,84,85,88,89" machi="22" ten="20,18000,2" yaku="0,1,7,1,9,1,8,1,54,2" doraHai="107" who="0" fromWho="0" sc="250,180,250,-60,250,-60,250,-60" /><INIT seed="0,1,0,4,0,7" ten="430,190,190,190" oya="0" hai0="94,23,31,19,109,61,121,74,36,5,48,98,42" hai1="70,2,105,46,65,81,125,3,34,13,45,53,43" hai2="73,89,49,77,54,60,29,85,93,52,14,102,4" hai3="26,69,71,90,97,87,131,50,113,106,33,104,15"/><T114/><D121/><U21/><E34/><V37/><F37/><W51/><G113/><T100/><D74/><U20/><E105/><V84/><F73/><W95/><G131/><T103/><D36/><U8/><E125/><V117/><F117/><W57/><G106/><T25/><D114/><U101/><E101/><V11/><F102/><W96/><G51/><T41/><D109/><U75/><E70/><V115/><F115/><W83/><G104/><T32/><D100/><U119/><E65/><V126/><F126/><W27/><G97/><T55/><D5/><N who="1" m="1079" /><E3/><V12/><F29/><W56/><G15/><T24/><D61/><U63/><E13/><N who="2" m="5351" /><F60/><W132/><G132/><T59/><AGARI ba="1,0" hai="19,23,24,25,31,32,41,42,48,55,59,94,98,103" machi="59" ten="20,2100,0" yaku="0,1,7,1" doraHai="7" who="0" fromWho="0" sc="430,24,190,-8,190,-8,190,-8" /><INIT seed="0,2,0,0,4,84" ten="454,182,182,182" oya="0" hai0="9,53,56,24,5,72,39,127,71,23,83,2,123" hai1="54,45,46,99,86,67,87,89,118,100,48,79,50" hai2="40,95,15,116,28,65,107,73,64,125,25,32,135" hai3="0,78,129,77,121,42,49,110,92,105,103,35,58"/><T126/><D123/><U85/><E118/><V75/><F107/><W128/><G105/><T96/><D71/><U18/><E79/><V7/><F116/><W14/><G0/><T130/><D130/><N who="3" m="50281" /><G35/><T81/><D39/><U101/><E67/><V22/><F135/><W34/><G34/><T120/><D96/><U11/><E18/><V61/><F125/><W66/><G121/><T17/><D120/><U12/><E12/><V20/><F40/><W30/><G30/><T104/><D104/><U21/><E21/><V51/><F51/><W68/><G68/><T94/><D94/><N who="1" m="56783" /><E11/><V91/><F65/><W62/><G14/><T3/><D3/><U74/><E74/><V93/><F32/><W69/><G78/><T31/><D31/><U16/><E16/><V8/><F20/><W38/><G77/><T76/><D76/><U97/><E97/><V41/><F22/><W124/><G66/><T112/><D72/><U10/><E10/><V52/><F64/><W37/><G69/><T132/><D9/><U44/><E44/><V1/><F1/><W4/><G4/><T70/><D5/><U82/><E82/><V108/><F28/><W26/><G26/><T47/><D81/><U27/><E27/><V90/><F25/><W113/><G124/><T88/><D126/><U114/><E114/><V63/><F75/><W43/><G113/><T106/><D112/><U29/><E29/><V115/><F73/><W98/><G98/><T33/><D127/><U109/><E109/><V55/><F115/><W13/><G110/><T122/><D24/><U111/><E111/><RYUUKYOKU ba="2,0" sc="454,-10,182,30,182,-10,182,-10" hai1="45,46,48,50,54,85,86,87,100,101" /><INIT seed="1,3,0,4,2,47" ten="444,212,172,172" oya="1" hai0="88,2,20,80,99,61,115,116,13,38,59,57,113" hai1="39,93,73,27,84,15,125,128,6,76,112,64,22" hai2="63,53,77,102,68,124,126,3,33,42,86,74,108" hai3="8,105,62,26,28,132,95,121,72,100,30,131,89"/><U78/><E112/><V54/><F108/><W32/><G121/><T50/><D2/><U12/><E128/><V14/><F3/><W83/><G131/><T98/><D38/><U133/><E133/><V66/><F74/><W0/><G132/><T111/><D111/><U9/><E39/><V17/><F33/><W101/><G105/><T48/><D116/><U118/><E125/><N who="2" m="48235" /><F42/><W82/><G28/><T127/><D127/><U58/><E73/><V94/><F102/><W55/><G83/><T25/><D13/><U16/><E15/><V46/><F46/><W103/><G62/><T92/><D80/><U114/><E118/><V37/><F37/><W85/><G55/><N who="2" m="21001" /><F77/><W31/><G72/><T65/><D113/><U36/><E36/><V5/><F5/><W123/><G123/><T19/><D115/><U35/><E35/><V79/><F79/><W75/><G75/><T134/><D134/><U110/><E110/><V4/><F4/><W18/><G32/><T34/><D34/><U96/><E114/><V23/><F94/><W69/><G0/><T87/><D59/><U1/><E1/><V52/><N who="2" m="21009" /><V71/><DORA hai="107" /><F86/><W24/><G95/><N who="0" m="56679" /><D87/><U44/><E84/><V7/><F7/><W97/><G85/><T90/><AGARI ba="3,0" hai="19,20,25,48,50,57,61,65,90,92,99" m="56679" machi="90" ten="30,7900,0" yaku="8,1,52,2,54,1" doraHai="47,107" who="0" fromWho="0" sc="444,88,212,-42,172,-23,172,-23" /><INIT seed="2,0,0,1,3,9" ten="532,170,149,149" oya="2" hai0="96,51,90,89,75,76,69,128,55,4,31,0,72" hai1="86,80,15,52,71,88,94,113,20,97,18,37,19" hai2="21,84,54,64,56,36,8,2,58,62,119,65,59" hai3="108,5,123,50,60,44,101,99,112,68,63,125,116"/><V33/><F119/><W129/><G116/><T126/><D69/><U7/><E113/><V78/><F33/><W47/><G123/><T83/><D75/><U115/><E115/><V93/><F36/><W105/><G112/><T118/><D118/><U132/><E132/><V85/><F2/><W25/><G108/><T30/><D128/><U109/><E37/><V49/><F8/><W100/><G129/><T127/><D4/><U73/><E73/><V87/><F21/><W23/><G125/><T70/><D70/><U27/><E71/><V11/><F11/><W35/><G5/><T32/><D0/><U28/><E109/><V53/><F78/><W24/><G100/><T92/><D90/><N who="1" m="55511" /><E7/><V22/><F59/><W46/><G68/><T82/><D82/><U133/><E133/><V79/><F79/><W124/><G124/><N who="0" m="47659" /><D32/><U39/><E39/><V17/><REACH who="2" step="1"/><F93/><REACH who="2" ten="532,170,139,149" step="2"/><W135/><G135/><T57/><AGARI ba="0,1" hai="30,31,51,55,57,72,76,83,89,92,96" m="47659" machi="57" ten="30,1100,0" yaku="18,1" doraHai="9" who="0" fromWho="0" sc="532,21,170,-3,139,-5,149,-3" /><INIT seed="3,0,0,5,3,52" ten="553,167,134,146" oya="3" hai0="103,97,48,7,13,105,61,62,79,56,65,112,23" hai1="49,82,44,130,67,68,35,129,3,94,17,25,99" hai2="73,47,69,85,101,40,81,43,9,115,38,26,12" hai3="54,89,83,135,24,123,14,42,90,121,107,5,127"/><W39/><G107/><T91/><D112/><U18/><E3/><V87/><F115/><W28/><G127/><T132/><D132/><U92/><E82/><V120/><F69/><W106/><G106/><T45/><D79/><U109/><E109/><V59/><F120/><W78/><G135/><T125/><D125/><U102/><E92/><V11/><F40/><W111/><G111/><T53/><D91/><U36/><E36/><V0/><F101/><W76/><G76/><T95/><D105/><U10/><E10/><V128/><F128/><N who="1" m="49257" /><E67/><V104/><F104/><W117/><G123/><T131/><D131/><U6/><E6/><N who="2" m="1223" /><F26/><W100/><G121/><T124/><D62/><U31/><E68/><V57/><F87/><W114/><G114/><T119/><D13/><U19/><E19/><N who="2" m="8607" /><F85/><W55/><G39/><T133/><D45/><U66/><E66/><V16/><F16/><W113/><G113/><T20/><D20/><U60/><E60/><V126/><F126/><W118/><G5/><T108/><D119/><U15/><E15/><V27/><F27/><W50/><G14/><T8/><D8/><U22/><E22/><V63/><F63/><W96/><G118/><T110/><D53/><AGARI ba="0,0" hai="17,18,25,31,35,44,49,53,94,99,102" m="49257" machi="53" ten="30,1000,0" yaku="19,1" doraHai="52" who="1" fromWho="0" sc="553,-10,167,10,134,0,146,0" owari="543,64.3,177,-2.3,134,-36.6,146,-25.4" /></mjloggm>