<mjloggm ver="2.3"><GO type="225" lobby="0"/><UN n0="%72%69%6F%75%63%68%61%6E" n1="%E7%B4%94%E6%BD%94%E3%83%94%E3%83%A9%E3%83%8B%E3%82%A2" n2="%E5%B8%86%E7%AB%8B%E5%A4%8F%E8%A1%A3" n3="%4C%4F%4C%49%54%41" dan="17,17,16,16" rate="2273.78,2147.39,2131.90,2171.29" sx="M,M,M,F"/><TAIKYOKU oya="0"/><INIT seed="0,0,0,3,5,43" ten="250,250,250,250" oya="0" hai0="96,107,77,5,130,119,100,120,40,14,121,52,61" hai1="16,24,124,95,21,82,55,53,57,11,50,9,94" hai2="65,70,81,135,27,123,92,23,42,109,31,83,128" hai3="10,36,99,98,29,78,110,97,3,46,38,12,6"/><T126/><D119/><U132/><E124/><V68/><F123/><W113/><G113/><T1/><D1/><U75/><E132/><V106/><F106/><W114/><G114/><T74/><D130/><U131/><E131/><V41/><F128/><W0/><G110/><T19/><D126/><U35/><E35/><V85/><F135/><W102/><G102/><T18/><D5/><U20/><E75/><V45/><F109/><W88/><G29/><T34/><D34/><U129/><E129/><V89/><F42/><W133/><G133/><T69/><D40/><U118/><E118/><V49/><REACH who="2" step="1"/><F65/><REACH who="2" ten="250,250,240,250" step="2"/><W117/><G117/><T90/><D121/><U86/><E53/><V79/><F79/><W112/><G78/><T28/><D120/><U73/><E73/><V33/><F33/><W32/><G32/><T127/><D127/><U4/><E20/><V39/><F39/><W58/><G38/><T104/><D74/><U134/><E134/><V22/><F22/><W116/><G112/><T64/><D77/><U60/><E9/><V125/><F125/><W13/><G116/><T80/><D107/><U54/><E11/><V56/><F56/><W7/><G58/><T17/><D52/><U62/><E62/><V93/><F93/><W72/><G72/><T25/><D80/><AGARI ba="0,1" hai="23,27,31,41,45,49,68,70,80,81,83,85,89,92" machi="80" ten="40,2600,0" yaku="1,1,52,1,53,0" doraHai="43" doraHaiUra="115" who="2" fromWho="0" sc="250,-26,250,0,240,36,250,0" /><INIT seed="1,0,0,2,4,72" ten="224,250,276,250" oya="1" hai0="106,122,35,100,80,82,14,64,25,17,94,5,38" hai1="93,2,30,116,108,32,85,89,7,107,133,120,67" hai2="34,24,71,60,9,115,95,47,131,119,44,27,11" hai3="51,105,121,88,81,127,134,33,50,77,12,52,61"/><U132/><E116/><V42/><F119/><W54/><G121/><T74/><D122/><U113/><E113/><V8/><F115/><W10/><G105/><T78/><D106/><U103/><E120/><V37/><F131/><W57/><G33/><T6/><D38/><U96/><E108/><V124/><F124/><W23/><G134/><N who="1" m="51818" /><E67/><V117/><F117/><W3/><G3/><T110/><D110/><U53/><E53/><V62/><F71/><W130/><G130/><T98/><D64/><U129/><E129/><V104/><F104/><W0/><G0/><T101/><D100/><U21/><E32/><V97/><F34/><W22/><G127/><T1/><D1/><U76/><E7/><V63/><REACH who="2" step="1"/><F44/><REACH who="2" ten="224,250,266,250" step="2"/><N who="3" m="27975" /><G61/><T4/><D82/><N who="1" m="47303" /><E2/><V75/><F75/><W73/><G73/><T91/><D35/><U126/><E126/><V58/><F58/><W69/><G69/><T41/><D74/><U16/><E107/><V112/><F112/><W111/><G111/><T15/><D80/><U28/><E103/><AGARI ba="0,1" hai="8,9,11,24,27,37,42,47,60,62,63,95,97,103" machi="103" ten="40,1300,0" yaku="1,1,53,0" doraHai="72" doraHaiUra="128" who="2" fromWho="1" sc="224,0,250,-13,266,23,250,0" /><INIT seed="2,0,0,1,1,46" ten="224,237,289,250" oya="2" hai0="126,11,9,135,85,21,113,82,128,1,30,101,91" hai1="4,130,40,37,121,117,3,45,124,114,51,66,89" hai2="123,8,112,5,120,69,129,70,42,44,127,20,36" hai3="2,57,134,106,99,13,15,16,75,78,59,79,6"/><V84/><F112/><W81/><G134/><T72/><D113/><U100/><E114/><V71/><F127/><W19/><G79/><T0/><D128/><U17/><E124/><V87/><F129/><W122/><G122/><T111/><D111/><U32/><E32/><V60/><F20/><W12/><G2/><T96/><D135/><U29/><E29/><V83/><F60/><W133/><G133/><T116/><D126/><U98/><E121/><V61/><F61/><W110/><G6/><T67/><D116/><U48/><E66/><V63/><F63/><W33/><G33/><T26/><D67/><U55/><E117/><V65/><F87/><W108/><G106/><T10/><REACH who="0" step="1"/><D72/><REACH who="0" ten="214,237,289,250" step="2"/><U118/><E130/><V102/><F65/><W103/><G108/><T56/><D56/><U39/><E118/><V119/><F119/><W7/><G59/><T14/><D14/><U53/><E3/><V115/><F115/><W92/><G110/><T125/><D125/><U24/><E24/><V49/><F123/><W25/><G25/><T80/><D80/><U38/><E4/><V23/><F120/><W73/><G7/><T50/><D50/><U77/><E48/><V132/><F49/><W131/><G131/><T58/><D58/><U109/><E109/><V43/><F132/><W27/><G75/><T64/><D64/><U107/><E39/><V47/><F36/><W104/><G27/><T76/><D76/><U93/><E77/><V52/><F5/><W94/><G57/><T68/><D68/><U22/><E37/><V54/><F71/><W28/><G28/><RYUUKYOKU ba="0,1" sc="214,15,237,-15,289,-15,250,15" hai0="0,1,9,10,11,21,26,30,82,85,91,96,101" hai3="12,13,15,16,19,73,78,81,92,94,99,103,104" /><INIT seed="3,1,1,2,0,29" ten="229,222,274,265" oya="3" hai0="58,63,68,69,125,90,17,79,119,124,22,102,114" hai1="87,13,33,78,15,105,26,130,126,1,104,54,82" hai2="91,30,64,51,5,110,35,96,10,113,134,127,8" hai3="2,86,41,100,45,117,99,73,28,37,132,34,106"/><W9/><G117/><T20/><D119/><U67/><E1/><V135/><F113/><W98/><G86/><T133/><D133/><N who="2" m="50698" /><F110/><W74/><G99/><T76/><D114/><U14/><E126/><N who="0" m="48745" /><D102/><U129/><E54/><V25/><F127/><W42/><G42/><T19/><D90/><U62/><E33/><V77/><F77/><N who="0" m="29770" /><D17/><U36/><E36/><V97/><F64/><W89/><G89/><T80/><D80/><U107/><REACH who="1" step="1"/><E26/><REACH who="1" ten="229,212,274,265" step="2"/><V123/><F25/><N who="3" m="18703" /><G132/><T115/><D115/><U43/><E43/><V66/><F35/><W6/><AGARI ba="1,2" hai="2,6,9,37,41,45,73,74,98,100,106" m="18703" machi="6" ten="30,6000,0" yaku="33,2,52,1" doraHai="29" who="3" fromWho="3" sc="229,-21,212,-21,274,-21,265,83" owari="208,-19.2,191,-30.9,253,5.3,348,44.8" /></mjloggm>