<mjloggm ver="2.3"><GO type="225" lobby="0"/><UN n0="%E3%81%9F%E3%81%8C%E3%82%84%E3%81%99" n1="%E6%80%AA%E3%81%97%E3%81%99%E3%81%8E%E3%82%8B%E3%83%81%E3%83%BC" n2="%E3%83%AD%E3%83%83%E3%83%86%E9%9B%80%E7%90%83" n3="%E3%81%8C%E3%81%98%E3%82%8D%E3%83%BC" dan="16,16,17,16" rate="2116.15,2171.32,2200.60,2116.61" sx="M,M,M,M"/><TAIKYOKU oya="0"/><INIT seed="0,0,0,0,3,83" ten="250,250,250,250" oya="0" hai0="6,29,112,135,37,21,55,93,94,8,53,71,28" hai1="17,66,26,32,59,5,35,3,50,48,57,63,91" hai2="19,99,2,88,43,108,92,23,115,75,117,86,41" hai3="134,121,125,77,107,24,16,98,52,22,27,68,127"/><T45/><D71/><U97/><E3/><V87/><F115/><W15/><G68/><T81/><D112/><U56/><E5/><V69/><F69/><W0/><G77/><T120/><D120/><U4/><E4/><V10/><F75/><W80/><G80/><T70/><D70/><U25/><E91/><V58/><F108/><W129/><G0/><T7/><D135/><U44/><E97/><V78/><F117/><W34/><G121/><T118/><D118/><U51/><E44/><V36/><F36/><W111/><G134/><T20/><D81/><U47/><E47/><V102/><F78/><W67/><G67/><T46/><REACH who="0" step="1"/><D8/><REACH who="0" ten="240,250,250,250" step="2"/><U133/><E133/><V42/><F10/><W62/><G125/><T90/><D90/><U105/><E66/><V30/><F102/><W61/><G127/><T95/><D95/><U106/><E105/><V101/><F101/><W89/><G107/><T130/><D130/><U73/><E106/><V39/><F88/><W119/><G129/><T18/><D18/><U100/><E17/><V109/><F19/><W31/><G16/><T40/><D40/><U116/><E100/><V82/><F42/><W14/><G89/><T104/><D104/><U12/><E116/><V65/><F43/><W49/><G119/><T54/><D54/><U9/><E9/><V38/><F41/><W113/><G52/><T122/><D122/><U64/><E64/><V126/><F65/><W1/><G113/><T131/><D131/><U132/><E132/><V72/><F82/><W103/><G103/><T128/><D128/><U114/><E114/><RYUUKYOKU ba="0,1" sc="240,30,250,-10,250,-10,250,-10" hai0="6,7,20,21,28,29,37,45,46,53,55,93,94" /><INIT seed="0,1,1,2,0,96" ten="270,240,240,240" oya="0" hai0="102,118,79,9,28,87,108,86,1,104,113,131,16" hai1="23,27,34,88,66,35,22,48,8,122,52,112,125" hai2="36,81,127,7,121,134,135,50,21,15,111,47,63" hai3="31,53,100,41,61,37,64,126,101,6,71,83,11"/><T42/><D28/><U78/><E122/><V130/><F121/><W44/><G126/><T114/><D42/><U94/><E125/><V72/><F127/><W74/><G31/><T10/><D1/><U115/><E66/><V29/><F111/><W62/><G62/><T32/><D79/><U132/><E132/><N who="2" m="50731" /><F130/><W105/><G105/><T17/><D104/><U92/><E78/><V49/><F63/><W97/><G97/><T33/><D108/><U60/><E60/><V110/><F110/><W84/><G53/><T25/><D25/><U73/><E73/><V90/><F7/><W99/><G99/><T65/><D65/><U46/><E8/><V69/><F69/><W109/><G74/><T19/><D17/><N who="1" m="12751" /><E23/><V38/><F50/><W70/><G70/><T119/><REACH who="0" step="1"/><D102/><REACH who="0" ten="260,240,240,240" step="2"/><U5/><E35/><V39/><F29/><W13/><G109/><T43/><D43/><U0/><E34/><V18/><F38/><W40/><REACH who="3" step="1"/><G41/><REACH who="3" ten="260,240,240,230" step="2"/><T14/><D14/><U82/><E112/><V55/><F72/><W95/><G95/><T91/><D91/><AGARI ba="1,3" hai="6,11,13,37,40,44,61,64,71,83,84,91,100,101" machi="91" ten="30,8000,1" yaku="1,1,7,1,52,2,53,1" doraHai="96" doraHaiUra="3" who="3" fromWho="0" sc="260,-83,240,0,240,0,230,113" /><INIT seed="1,0,0,1,1,131" ten="177,240,240,343" oya="1" hai0="22,44,109,70,102,96,16,81,25,17,71,122,89" hai1="13,80,84,35,95,23,91,86,106,93,88,79,18" hai2="123,15,47,39,83,58,112,20,85,63,130,132,121" hai3="34,43,125,116,21,54,90,50,49,119,104,5,107"/><U97/><E35/><V9/><F130/><W77/><G34/><T103/><D71/><U117/><REACH who="1" step="1"/><E106/><REACH who="1" ten="177,230,240,343" step="2"/><V53/><F123/><W24/><G107/><T8/><D122/><U105/><E105/><V73/><F121/><W111/><G104/><T128/><D128/><U19/><E19/><V40/><F112/><W1/><G119/><AGARI ba="0,1" hai="13,18,23,79,80,84,86,88,91,93,95,97,117,119" machi="119" ten="40,3900,0" yaku="1,1,54,1,53,0" doraHai="131" doraHaiUra="100" who="1" fromWho="3" sc="177,0,230,49,240,0,343,-39" /><INIT seed="1,1,0,2,3,112" ten="177,279,240,304" oya="1" hai0="74,106,105,134,8,64,132,92,80,107,109,61,20" hai1="47,79,24,16,118,85,130,89,123,49,111,38,59" hai2="76,63,0,102,43,7,36,100,70,41,27,45,133" hai3="91,87,60,15,50,99,72,53,122,11,52,25,29"/><U129/><E118/><V1/><F133/><N who="0" m="51306" /><D20/><N who="1" m="13319" /><E123/><V17/><F43/><W97/><G72/><T55/><D55/><N who="1" m="30143" /><E38/><V30/><F17/><W104/><G122/><T23/><D23/><U68/><E68/><V66/><F76/><W120/><G120/><T14/><D92/><U2/><E79/><V125/><F125/><W71/><G71/><N who="0" m="42383" /><D109/><U18/><E18/><V115/><F115/><W94/><G104/><N who="0" m="26627" /><T113/><DORA hai="67" /><D113/><U95/><E59/><V86/><F86/><W82/><G60/><T19/><D80/><U88/><E111/><V22/><REACH who="2" step="1"/><F7/><REACH who="2" ten="177,279,230,304" step="2"/><W98/><G87/><T21/><D8/><U65/><E85/><V26/><F26/><W103/><G25/><T33/><D74/><U90/><E129/><V9/><F9/><W128/><G11/><T73/><D73/><U34/><E130/><V126/><F126/><W40/><G128/><T96/><D96/><U46/><E95/><V78/><F78/><W117/><G99/><T69/><D69/><U37/><E37/><V108/><F108/><W28/><G98/><T84/><D84/><U4/><E4/><V121/><F121/><W110/><G97/><T5/><D5/><U13/><E90/><V62/><F62/><W31/><G91/><T3/><D3/><AGARI ba="1,1" hai="0,1,3,22,27,30,36,41,45,63,66,70,100,102" machi="3" ten="40,5200,0" yaku="1,1,52,1,53,1" doraHai="112,67" doraHaiUra="39,77" who="2" fromWho="0" sc="177,-55,279,0,230,65,304,0" /><INIT seed="2,0,0,5,4,8" ten="122,279,295,304" oya="2" hai0="125,113,51,23,4,46,42,86,35,61,72,112,52" hai1="48,83,38,116,44,32,90,96,109,28,37,79,128" hai2="115,63,120,49,105,98,14,53,36,121,118,75,89" hai3="3,2,94,20,56,68,5,66,6,65,11,99,22"/><V39/><F118/><W13/><G68/><T102/><D72/><U132/><E116/><V129/><F115/><W26/><G22/><T9/><D35/><U88/><E109/><V119/><F119/><W131/><G131/><T108/><D108/><U92/><E128/><V7/><F75/><W15/><G2/><T134/><D125/><U107/><E132/><V133/><F129/><W34/><G34/><T106/><D134/><U67/><E107/><V126/><F63/><N who="3" m="38119" /><G66/><T103/><D23/><U1/><E1/><V97/><F133/><W82/><G82/><T69/><D86/><U127/><E67/><V81/><F39/><W123/><G123/><T117/><D117/><U40/><E90/><V104/><F36/><W80/><G80/><T57/><D69/><U93/><E93/><V78/><F126/><W114/><G114/><T95/><D106/><U135/><E127/><V50/><F105/><W60/><G60/><T87/><D113/><U77/><E77/><V24/><F78/><W73/><G73/><T100/><D112/><U43/><E135/><V27/><F104/><W91/><G3/><T84/><REACH who="0" step="1"/><D95/><REACH who="0" ten="112,279,295,304" step="2"/><U55/><E32/><V45/><F121/><W47/><G11/><T0/><AGARI ba="0,1" hai="0,4,9,42,46,51,52,57,61,84,87,100,102,103" machi="0" ten="30,7900,0" yaku="1,1,2,1,0,1,54,1,53,0" doraHai="8" doraHaiUra="71" who="0" fromWho="0" sc="112,89,279,-20,295,-39,304,-20" /><INIT seed="3,0,0,5,5,101" ten="201,259,256,284" oya="3" hai0="86,133,33,37,9,69,100,52,56,78,31,30,112" hai1="12,72,13,131,20,92,35,19,85,74,121,94,59" hai2="134,90,1,125,77,84,24,14,6,109,83,48,17" hai3="75,25,2,105,96,67,28,10,99,108,46,97,50"/><W64/><G75/><T7/><D69/><U55/><E35/><V88/><F109/><W87/><G108/><T95/><D37/><U62/><E131/><V93/><F125/><W42/><G87/><T32/><D133/><U71/><E121/><V11/><F134/><W5/><REACH who="3" step="1"/><G105/><REACH who="3" ten="201,259,256,274" step="2"/><T45/><D112/><U106/><E106/><V36/><F84/><W70/><G70/><T53/><D33/><AGARI ba="0,1" hai="2,5,10,25,28,33,42,46,50,64,67,96,97,99" machi="33" ten="40,3900,0" yaku="1,1,53,1" doraHai="101" doraHaiUra="4" who="3" fromWho="0" sc="201,-39,259,0,256,0,274,49" owari="162,-33.8,259,5.9,256,-14.4,323,42.3" /></mjloggm>