<mjloggm ver="2.3"><GO type="225" lobby="0"/><UN n0="%E3%83%A9%E3%82%B9%E7%8E%87%EF%BC%93%E5%89%B2" n1="%6B%75%7A%75%6E" n2="%6B%79%6F%6E%6B%6F%31%31" n3="%E3%83%B4%E3%82%A3%E3%83%AF%E3%82%B3%E3%82%B0%E3%83%8B" dan="16,17,16,16" rate="2205.24,2163.57,2154.85,2207.47" sx="F,M,M,M"/><TAIKYOKU oya="0"/><INIT seed="0,0,0,1,2,54" ten="250,250,250,250" oya="0" hai0="37,27,7,88,59,92,69,106,18,135,124,39,120" hai1="95,133,67,85,68,115,43,66,76,111,31,29,40" hai2="20,109,19,83,117,58,119,96,99,61,123,48,2" hai3="121,78,87,125,6,36,30,130,131,82,35,51,17"/><T32/><D69/><U9/><E111/><V103/><F2/><W98/><G36/><T3/><D106/><U56/><E133/><V84/><F48/><W73/><G125/><T41/><D120/><U81/><E115/><V14/><F123/><W65/><G121/><T86/><D135/><U93/><E68/><V64/><F109/><W122/><G122/><T55/><D124/><U52/><E9/><V107/><REACH who="2" step="1"/><F99/><REACH who="2" ten="250,250,240,250" step="2"/><W45/><G98/><T75/><D3/><U47/><E40/><V28/><F28/><N who="1" m="10825" /><E43/><V104/><F104/><W62/><G30/><T33/><D41/><U72/><E47/><V42/><F42/><W80/><G35/><T10/><D33/><U90/><E72/><V12/><F12/><W128/><G45/><T110/><D75/><U94/><E76/><AGARI ba="0,1" hai="14,19,20,58,61,64,76,83,84,96,103,107,117,119" machi="76" ten="40,2600,0" yaku="1,1,52,1,53,0" doraHai="54" doraHaiUra="70" who="2" fromWho="1" sc="250,0,250,-26,240,36,250,0" /><INIT seed="1,0,0,5,5,99" ten="250,224,276,250" oya="1" hai0="65,59,83,62,5,66,25,28,70,110,44,24,135" hai1="125,10,58,119,118,47,29,68,46,39,4,40,20" hai2="79,117,13,8,116,87,42,32,111,23,21,11,16" hai3="121,55,53,128,45,34,35,61,26,113,69,56,78"/><U27/><E125/><V9/><F42/><W6/><G121/><T71/><D110/><U75/><E68/><V105/><F105/><W38/><G113/><T133/><D5/><U120/><E120/><V64/><F64/><W1/><G128/><T73/><D44/><U19/><E75/><V77/><F87/><W132/><G132/><N who="0" m="50763" /><D65/><U48/><E58/><V72/><F72/><W50/><G78/><N who="0" m="44495" /><D25/><U101/><E101/><V82/><F79/><W7/><G38/><T123/><D123/><U124/><E124/><V89/><F89/><W31/><G69/><T36/><D36/><U0/><REACH who="1" step="1"/><E29/><REACH who="1" ten="250,214,276,250" step="2"/><V88/><F117/><W108/><G108/><T15/><D15/><U52/><AGARI ba="0,1" hai="0,4,10,19,20,27,39,40,46,47,48,52,118,119" machi="52" ten="20,12000,1" yaku="1,1,2,1,0,1,7,1,54,1,53,0" doraHai="99" doraHaiUra="84" who="1" fromWho="1" sc="250,-40,214,130,276,-40,250,-40" /><INIT seed="1,1,0,5,5,77" ten="210,344,236,210" oya="1" hai0="79,2,113,85,96,35,95,89,7,126,16,43,93" hai1="82,1,55,47,110,22,91,132,21,103,26,25,59" hai2="0,97,40,83,118,119,115,46,49,129,117,90,3" hai3="111,75,20,60,108,8,99,101,128,36,32,41,116"/><U52/><E132/><V64/><F129/><W45/><G32/><T39/><D113/><U76/><E1/><V44/><F115/><W86/><G75/><T33/><D126/><U98/><E110/><V127/><F127/><W27/><G128/><T131/><D131/><U84/><E76/><V14/><F64/><W112/><G112/><T122/><D122/><U102/><E47/><V56/><F56/><W23/><G116/><T18/><D39/><U15/><E55/><V29/><F29/><W106/><G8/><T135/><D135/><U69/><E69/><V62/><F62/><W63/><G86/><T78/><D7/><U11/><E22/><N who="3" m="8234" /><G27/><N who="1" m="10250" /><E98/><V123/><F123/><W121/><G121/><T130/><D130/><U12/><E21/><V100/><F14/><N who="1" m="5161" /><E11/><V4/><F4/><W134/><G134/><T54/><D96/><U9/><E9/><V13/><F13/><W28/><G28/><T5/><D5/><U42/><E42/><V94/><REACH who="2" step="1"/><F46/><REACH who="2" ten="210,344,226,210" step="2"/><W65/><G65/><T133/><D133/><U88/><E91/><V74/><F74/><W30/><G30/><T24/><D89/><U109/><E109/><AGARI ba="1,1" hai="36,41,45,60,63,99,101,106,108,109,111" m="8234" machi="109" ten="30,1000,0" yaku="14,1" doraHai="77" who="3" fromWho="1" sc="210,0,344,-13,226,0,210,23" /><INIT seed="2,0,0,5,4,128" ten="210,331,226,233" oya="2" hai0="74,107,103,8,114,75,33,38,122,90,106,14,20" hai1="32,91,5,34,134,6,92,9,60,35,1,31,77" hai2="133,3,47,83,25,117,93,104,127,99,55,28,131" hai3="121,110,76,10,100,62,132,108,63,72,57,87,56"/><V67/><F117/><W36/><G72/><T124/><D33/><U105/><E105/><V17/><F131/><W97/><G121/><T123/><D38/><U112/><E112/><V15/><F127/><W37/><G132/><T43/><D43/><U89/><E77/><V101/><F3/><W119/><G119/><T85/><D20/><U19/><E89/><V59/><F67/><N who="3" m="39367" /><G10/><T11/><D90/><U113/><E113/><V0/><F0/><W135/><G135/><T52/><D14/><U115/><E115/><V61/><F47/><W86/><G86/><T26/><D114/><U79/><E79/><V130/><F130/><W50/><G50/><T42/><D85/><U13/><E134/><V70/><F133/><W23/><G23/><T40/><D26/><N who="1" m="18551" /><E60/><V58/><F58/><W98/><G76/><T68/><D68/><U111/><E6/><V45/><F70/><W39/><G100/><T96/><D103/><U12/><E12/><V80/><F104/><W73/><G87/><T18/><D96/><N who="1" m="57375" /><E111/><N who="3" m="42538" /><G73/><T41/><D75/><U69/><E69/><V29/><F45/><W65/><AGARI ba="0,0" hai="36,37,39,57,63,65,97,98" m="42538,39367" machi="65" ten="40,1500,0" yaku="14,1" doraHai="128" who="3" fromWho="3" sc="210,-4,331,-4,226,-7,233,15" /><INIT seed="3,0,0,5,4,79" ten="206,327,219,248" oya="3" hai0="93,135,28,132,90,124,33,102,43,64,116,87,54" hai1="107,105,95,16,81,8,15,57,37,26,27,69,106" hai2="96,114,68,0,70,112,115,130,75,45,89,83,12" hai3="60,118,94,17,1,10,14,109,133,19,66,74,55"/><W30/><G118/><T113/><D116/><U61/><E69/><V59/><F0/><W120/><G120/><T20/><D33/><U111/><E37/><V121/><F121/><W9/><G74/><T40/><D124/><U46/><E46/><V99/><F130/><W51/><G133/><T2/><D2/><U52/><E111/><V123/><F123/><W49/><G30/><T134/><D113/><U103/><E81/><V3/><F3/><W53/><G109/><T127/><D127/><U6/><E6/><V101/><F59/><W22/><G94/><T18/><D28/><U41/><E41/><V119/><F119/><W24/><G9/><T77/><D64/><U80/><E80/><V62/><F45/><W88/><G88/><T129/><D129/><U58/><E57/><V32/><F32/><W25/><G25/><T117/><D117/><U128/><E128/><V44/><F44/><W31/><G31/><T50/><D77/><U11/><E11/><V108/><F108/><W85/><G85/><T67/><D67/><U110/><E110/><V98/><F101/><W35/><G35/><T131/><D102/><U56/><E56/><V34/><F34/><W104/><G1/><T84/><D84/><U42/><E42/><V86/><F75/><W48/><G104/><T5/><D5/><U71/><E71/><V97/><N who="2" m="24576" /><DORA hai="23" /><V4/><REACH who="2" step="1"/><F62/><REACH who="2" ten="206,327,209,248" step="2"/><W38/><G60/><T73/><D73/><U126/><E126/><V13/><F13/><W63/><G63/><T92/><D131/><U78/><E106/><V29/><F29/><W21/><G14/><RYUUKYOKU ba="0,1" sc="206,-10,327,-10,209,30,248,-10" hai2="4,12,68,70,83,86,89,112,114,115" owari="196,-30.4,327,42.7,239,3.9,238,-16.2" /></mjloggm>