<mjloggm ver="2.3"><GO type="225" lobby="0"/><UN n0="%E5%AF%82%E5%AF%9E%E3%82%AE%E3%83%8D%E3%82%B9%E3%83%93%E3%83%BC%E3%83%AB" n1="%4B%2E%32%2E%4B%2E" n2="%E3%83%A9%E3%83%96%E3%83%AC%E3%83%BC" n3="%6D%75%75%6D%75%72%61" dan="16,16,18,16" rate="2166.64,2081.07,2211.43,2207.44" sx="M,M,M,F"/><TAIKYOKU oya="0"/><INIT seed="0,0,0,0,0,64" ten="250,250,250,250" oya="0" hai0="131,13,134,69,58,59,68,12,109,4,122,89,51" hai1="83,40,75,25,123,61,117,10,108,30,35,48,99" hai2="78,57,27,121,77,7,133,47,85,92,118,132,66" hai3="28,15,11,113,115,72,46,16,18,60,23,84,79"/><T119/><D122/><U100/><E117/><V110/><F121/><W6/><G72/><T9/><D119/><U32/><E123/><V81/><F110/><W102/><G102/><T53/><D109/><U70/><E108/><V135/><F7/><W44/><G28/><T74/><D74/><U55/><E40/><V0/><F0/><W3/><G60/><T76/><D76/><U112/><E35/><V20/><F47/><W101/><G101/><T39/><D39/><U127/><E127/><V67/><F118/><W31/><G31/><T120/><D120/><U37/><E37/><V116/><F116/><W80/><REACH who="3" step="1"/><G18/><REACH who="3" ten="250,250,250,240" step="2"/><T62/><D134/><U8/><E30/><N who="2" m="17767" /><F135/><W88/><G88/><T45/><D131/><U94/><E100/><V49/><F78/><W98/><G98/><T130/><D130/><U65/><E99/><V128/><F133/><W93/><G93/><T82/><D89/><U106/><E94/><V5/><F132/><W24/><G24/><T96/><D96/><U124/><E25/><V73/><F128/><W86/><G86/><T41/><D82/><U87/><E75/><V29/><F29/><W22/><G22/><T114/><D114/><AGARI ba="0,1" hai="3,6,11,15,16,23,44,46,79,80,84,113,114,115" machi="114" ten="40,2600,0" yaku="1,1,54,1,53,0" doraHai="64" doraHaiUra="36" who="3" fromWho="0" sc="250,-26,250,0,250,0,240,36" /><INIT seed="1,0,0,1,3,80" ten="224,250,250,276" oya="1" hai0="49,20,102,62,19,23,43,88,122,26,34,123,116" hai1="27,16,104,124,72,119,67,41,134,95,60,54,40" hai2="110,48,58,126,118,105,22,1,63,121,93,21,38" hai3="96,86,76,127,42,17,4,24,107,130,50,65,120"/><U84/><E72/><V13/><F118/><W94/><G120/><N who="0" m="46123" /><D116/><U0/><E119/><V115/><F105/><W132/><G127/><T112/><D112/><U3/><E104/><V113/><F126/><W36/><G130/><T8/><D102/><U108/><E124/><V5/><F38/><W6/><G132/><T47/><D62/><U79/><E0/><V117/><F1/><W32/><G36/><T109/><D109/><U31/><E3/><V33/><F33/><W15/><G107/><T2/><D34/><U97/><E54/><V91/><F110/><W90/><G65/><T133/><D133/><U59/><E108/><V45/><F117/><W7/><G32/><T71/><D71/><U74/><E74/><V25/><F121/><W69/><G69/><T73/><D73/><U77/><E31/><V101/><F101/><W18/><G24/><T128/><D128/><U29/><E29/><V57/><F115/><W53/><G42/><N who="1" m="16490" /><E84/><N who="2" m="52455" /><F113/><W99/><G76/><T111/><D111/><U82/><E82/><V131/><F131/><W9/><REACH who="3" step="1"/><G18/><REACH who="3" ten="224,250,250,266" step="2"/><T98/><D19/><U83/><E134/><V28/><F28/><W114/><G114/><T10/><D26/><U51/><E16/><V89/><F25/><W11/><G11/><N who="0" m="4139" /><D2/><U66/><E27/><V56/><F13/><W55/><G55/><T37/><D37/><U85/><E67/><V44/><F22/><W125/><G125/><T52/><D43/><U68/><E77/><V135/><F135/><W39/><G39/><T30/><D30/><U61/><E68/><V100/><F21/><W70/><G70/><RYUUKYOKU ba="0,1" sc="224,15,250,-15,250,-15,266,15" hai0="20,23,47,49,52,88,98" hai3="4,6,7,9,15,17,50,53,86,90,94,96,99" /><INIT seed="2,1,1,2,2,90" ten="239,235,235,281" oya="2" hai0="62,71,24,50,66,99,123,5,88,20,114,8,45" hai1="2,47,3,115,33,17,34,49,82,74,42,78,52" hai2="109,96,77,43,70,129,16,6,15,127,126,105,132" hai3="32,60,75,72,55,67,26,79,19,68,111,54,69"/><V80/><F70/><W21/><G111/><T94/><D114/><U23/><E115/><V128/><F6/><W1/><G69/><T85/><D123/><U112/><E112/><V65/><F65/><W30/><G1/><T56/><D71/><U64/><E64/><V36/><F36/><W135/><G135/><T131/><D131/><N who="2" m="50250" /><F43/><W29/><G29/><N who="0" m="17543" /><D8/><U104/><E104/><V28/><F28/><W103/><G103/><T12/><D12/><U40/><E40/><V121/><F121/><W87/><G87/><T93/><D5/><U118/><E118/><V38/><F38/><W117/><G117/><T83/><D99/><U73/><E73/><N who="2" m="43055" /><F109/><W110/><G110/><T44/><D44/><U84/><E74/><V86/><F86/><W14/><G72/><T120/><D120/><U134/><E134/><V106/><F132/><W101/><G68/><T39/><D39/><U4/><E42/><AGARI ba="1,1" hai="42,45,50,56,62,66,83,85,88,93,94" m="17543" machi="42" ten="30,7700,0" yaku="8,1,52,2,54,1" doraHai="90" who="0" fromWho="1" sc="239,90,235,-80,235,0,281,0" /><INIT seed="3,0,0,4,1,65" ten="329,155,235,281" oya="3" hai0="9,87,18,2,67,54,47,82,132,123,122,4,76" hai1="69,15,116,112,107,0,95,17,25,24,36,41,49" hai2="109,96,70,135,26,114,10,22,128,78,7,64,51" hai3="92,58,113,50,94,133,74,72,120,75,42,134,30"/><W97/><G113/><T129/><D129/><U46/><E107/><V71/><F114/><W57/><G120/><T5/><D132/><N who="3" m="50793" /><G30/><T93/><D67/><U14/><E112/><V73/><F64/><W45/><G94/><T80/><D93/><U102/><E0/><V59/><F135/><W79/><G79/><T60/><D5/><U21/><E116/><V40/><F128/><W13/><G13/><T125/><D125/><U100/><E36/><V104/><F109/><W98/><G98/><T101/><D101/><AGARI ba="0,0" hai="42,45,50,57,58,72,74,75,92,97,101" m="50793" machi="101" ten="40,2000,0" yaku="20,1" doraHai="65" who="3" fromWho="0" sc="329,-20,155,0,235,0,281,20" /><INIT seed="3,1,0,0,3,78" ten="309,155,235,301" oya="3" hai0="41,92,49,104,38,5,3,31,25,42,73,118,68" hai1="1,9,80,11,71,48,56,32,82,81,64,129,124" hai2="51,113,117,27,54,128,30,28,26,116,126,43,93" hai3="23,99,35,112,8,66,132,95,59,7,0,46,85"/><W15/><G112/><T115/><D104/><U24/><E1/><V96/><F113/><W61/><G35/><T29/><D115/><U14/><E71/><V45/><F126/><W98/><G132/><T13/><D3/><U109/><E124/><V120/><F120/><W87/><G46/><T17/><D73/><U67/><E109/><V123/><F123/><W57/><G57/><T131/><D118/><U44/><E129/><V63/><F128/><W74/><G74/><T20/><D68/><U97/><E97/><V12/><F12/><W102/><REACH who="3" step="1"/><G98/><REACH who="3" ten="309,155,235,291" step="2"/><T79/><D131/><U70/><E70/><V100/><F117/><W91/><G91/><T19/><D79/><U50/><E56/><V58/><REACH who="2" step="1"/><F116/><REACH who="2" ten="309,155,225,291" step="2"/><W130/><G130/><T77/><D77/><U18/><E9/><V37/><F37/><W108/><G108/><T134/><D38/><U125/><E125/><V111/><F111/><W107/><G107/><T60/><D134/><U55/><REACH who="1" step="1"/><E50/><REACH who="1" ten="309,145,225,291" step="2"/><V4/><F4/><W103/><G103/><T83/><D5/><U21/><E21/><V47/><F47/><W84/><G84/><T133/><D49/><U36/><E36/><V52/><F52/><W105/><G105/><T62/><D20/><U40/><E40/><V72/><F72/><W89/><G89/><T114/><D42/><U119/><E119/><V122/><F122/><W65/><G65/><T127/><D41/><U121/><E121/><V101/><F101/><W76/><G76/><T86/><D127/><U69/><E69/><V110/><F110/><W22/><G22/><N who="0" m="11567" /><D114/><U106/><E106/><RYUUKYOKU ba="1,3" sc="309,-30,145,10,225,10,291,10" hai1="11,14,18,24,32,44,48,55,64,67,80,81,82" hai2="26,27,28,30,43,45,51,54,58,63,93,96,100" hai3="0,7,8,15,23,59,61,66,85,87,95,99,102" owari="279,7.9,155,-34.5,235,-16.5,331,43.1" /></mjloggm>