<mjloggm ver="2.3"><GO type="225" lobby="0"/><UN n0="%33%74%72%65%65" n1="%E4%BF%BA%E3%81%A8%E5%A6%96%E5%A4%A2" n2="%E3%81%BF%E3%81%BF%E3%81%9A" n3="%E3%81%95%E3%81%8D%E3%81%9F%E3%81%BE%E6%9E%97%E6%AA%8E" dan="17,17,17,16" rate="2230.69,2207.71,2267.47,2070.09" sx="F,F,M,M"/><TAIKYOKU oya="0"/><INIT seed="0,0,0,0,3,119" ten="250,250,250,250" oya="0" hai0="73,25,22,53,31,59,29,128,33,44,68,120,34" hai1="20,26,16,56,88,42,93,72,122,104,54,71,95" hai2="108,132,11,57,77,43,69,32,18,118,4,112,117" hai3="55,98,130,60,8,14,49,37,13,48,9,87,36"/><T67/><D128/><U70/><E104/><V90/><F69/><W51/><G130/><T74/><D120/><U106/><E106/><V125/><F77/><W127/><G98/><T30/><D44/><U35/><E122/><V40/><F32/><W76/><G127/><T133/><D133/><U38/><E72/><V63/><F18/><W135/><G135/><T107/><D107/><U66/><E35/><V105/><F105/><W134/><G134/><T64/><D33/><U2/><E2/><V5/><F132/><W91/><G76/><T86/><D34/><U111/><E111/><V126/><F90/><W100/><G100/><T50/><D68/><U114/><E66/><N who="0" m="25129" /><D74/><U78/><E78/><V17/><F17/><W28/><G28/><N who="0" m="10859" /><D73/><U23/><E23/><V62/><F108/><W81/><G37/><T115/><D115/><U52/><E95/><V15/><F112/><W7/><G36/><T121/><D121/><U102/><E54/><V97/><F97/><W116/><G116/><N who="2" m="44649" /><F4/><W24/><G24/><T96/><D96/><N who="1" m="57383" /><E102/><V47/><F47/><W94/><G94/><T0/><D0/><U39/><E114/><V19/><F5/><W129/><G129/><T3/><D3/><U103/><E103/><V27/><F27/><W109/><G109/><T83/><D83/><U82/><E82/><V10/><F10/><N who="3" m="4203" /><G7/><T123/><D123/><U101/><E101/><V99/><F99/><W6/><G6/><T131/><D131/><U113/><E113/><V85/><F85/><AGARI ba="0,0" hai="22,25,31,50,53,59,85,86" m="10859,25129" machi="85" ten="30,1500,0" yaku="8,1" doraHai="119" who="0" fromWho="2" sc="250,15,250,0,250,-15,250,0" /><INIT seed="0,1,0,2,4,42" ten="265,250,235,250" oya="0" hai0="88,7,17,61,18,37,48,78,74,30,50,19,39" hai1="97,123,114,11,102,40,36,122,87,62,129,21,24" hai2="51,104,56,46,49,110,94,44,100,69,8,84,64" hai3="16,106,41,93,128,86,113,68,9,55,115,35,77"/><T99/><D7/><U107/><E129/><V66/><F69/><W75/><G106/><T23/><D37/><U10/><E114/><V15/><F104/><W43/><G128/><T109/><D39/><U5/><E87/><V70/><F70/><W119/><G119/><T53/><D74/><U2/><E10/><V32/><F32/><W81/><G68/><T31/><D78/><U73/><E62/><V79/><F110/><W76/><G35/><T118/><D118/><U57/><E57/><V1/><F1/><W28/><G28/><N who="0" m="10795" /><D109/><U29/><REACH who="1" step="1"/><E73/><REACH who="1" ten="265,240,235,250" step="2"/><V20/><F56/><W126/><G75/><T131/><D131/><U96/><E96/><N who="2" m="59415" /><F66/><W27/><G86/><T121/><D61/><U58/><E58/><V120/><F64/><W82/><G115/><T112/><D112/><U111/><E111/><V0/><F120/><W83/><G113/><T33/><D121/><U105/><E105/><V60/><F60/><W65/><G65/><T26/><D33/><U67/><E67/><V38/><F8/><W25/><G9/><T47/><D50/><N who="2" m="18954" /><F38/><W127/><G77/><T108/><D108/><U6/><E6/><V103/><F0/><W22/><G76/><T132/><D132/><U4/><E4/><V89/><F79/><W12/><G127/><T92/><AGARI ba="1,1" hai="17,18,19,23,26,47,48,53,88,92,99" m="10795" machi="92" ten="30,6000,0" yaku="8,1,52,1,54,1" doraHai="42" who="0" fromWho="0" sc="265,73,240,-21,235,-21,250,-21" /><INIT seed="0,2,0,0,3,96" ten="338,219,214,229" oya="0" hai0="93,124,87,135,101,113,24,106,61,51,65,92,29" hai1="121,10,16,47,84,68,45,46,25,134,66,102,125" hai2="64,91,35,80,128,57,59,60,22,120,99,127,112" hai3="114,27,8,12,85,49,130,36,15,116,129,95,132"/><T30/><D113/><U7/><E121/><V63/><F35/><W94/><G114/><T44/><D124/><U73/><E73/><V76/><F112/><W18/><G116/><T34/><D135/><U86/><E125/><V13/><F127/><W123/><G123/><T83/><D30/><U81/><E134/><V97/><F128/><W78/><G36/><T110/><D110/><U52/><E68/><V70/><F120/><W108/><G108/><T69/><D83/><U89/><E66/><V131/><F131/><W33/><G132/><T14/><D14/><U67/><E67/><V105/><F105/><W54/><G15/><T41/><D87/><U75/><E75/><V109/><F109/><W4/><G33/><T100/><D101/><U0/><E102/><V28/><F91/><W119/><G119/><T48/><REACH who="0" step="1"/><D51/><REACH who="0" ten="328,219,214,229" step="2"/><U31/><E84/><N who="2" m="48135" /><F70/><W107/><G85/><T11/><D11/><U6/><E6/><V42/><F28/><W32/><G8/><T38/><D38/><U5/><E5/><V126/><F126/><W23/><G4/><T111/><D111/><U3/><E3/><V58/><F97/><AGARI ba="2,1" hai="24,29,34,41,44,48,61,65,69,92,93,97,100,106" machi="97" ten="40,12000,1" yaku="1,1,25,2,52,1,53,0" doraHai="96" doraHaiUra="82" who="0" fromWho="2" sc="328,136,219,0,214,-126,229,0" /><INIT seed="0,3,0,4,4,129" ten="464,219,88,229" oya="0" hai0="21,37,95,103,111,62,108,34,17,69,130,125,50" hai1="105,81,24,86,60,132,110,6,1,85,54,104,58" hai2="87,14,98,94,59,96,117,57,25,131,13,74,135" hai3="20,64,23,26,100,35,109,82,65,4,66,83,115"/><T106/><D37/><U123/><E123/><V84/><F74/><W127/><G109/><N who="0" m="42059" /><D34/><U61/><E110/><V8/><F131/><W97/><G115/><T10/><D130/><U124/><E124/><V76/><F117/><W133/><G133/><T43/><D106/><U116/><E116/><V5/><F135/><W89/><G127/><T7/><D69/><U28/><E132/><V27/><F94/><W45/><G4/><T73/><D62/><U12/><E1/><V30/><F5/><W16/><G35/><T118/><D73/><U33/><E85/><V19/><F19/><W53/><G23/><T32/><D32/><U22/><E60/><V126/><F126/><W112/><G112/><T102/><D95/><U114/><E114/><V122/><F122/><W119/><G119/><T42/><D118/><U55/><E54/><V79/><REACH who="2" step="1"/><F8/><REACH who="2" ten="464,219,78,229" step="2"/><W49/><REACH who="3" step="1"/><G89/><REACH who="3" ten="464,219,78,219" step="2"/><T72/><D7/><U39/><E6/><V99/><F99/><W67/><N who="3" m="16384" /><DORA hai="90" /><W70/><G70/><T52/><D125/><U75/><E33/><V41/><F41/><W134/><G134/><T46/><D43/><U93/><E22/><V2/><F2/><W0/><G0/><T40/><D42/><U88/><E88/><V107/><F107/><AGARI ba="3,2" hai="16,20,26,45,49,53,82,83,97,100,107" m="16384" machi="107" ten="50,8000,1" yaku="1,1,54,1,53,2" doraHai="129,90" doraHaiUra="92,44" who="3" fromWho="2" sc="464,0,219,0,78,-89,219,109" owari="464,56.4,219,-18.1,-11,-51.1,328,12.8" /></mjloggm>