<mjloggm ver="2.3"><GO type="225" lobby="0"/><UN n0="%E3%81%8F%E3%81%BE%E3%81%96%E3%82%8F" n1="%74%61%6B%75%61%6B%61" n2="%66%67%67%68%68%64%66" n3="%E4%B8%8B%E6%AE%B5%E3%83%81%E3%82%A7%E3%83%AA%E3%83%BC" dan="16,16,16,16" rate="2081.35,2172.71,2038.28,2123.70" sx="M,M,M,M"/><TAIKYOKU oya="0"/><INIT seed="0,0,0,5,3,49" ten="250,250,250,250" oya="0" hai0="124,95,108,129,41,135,28,99,31,47,83,34,48" hai1="52,73,101,27,33,70,72,6,0,96,115,54,87" hai2="82,25,42,132,5,26,85,39,62,53,89,86,71" hai3="126,79,16,55,76,22,9,97,35,24,123,66,45"/><T102/><D124/><U78/><E115/><V107/><F107/><W111/><G126/><T10/><D129/><U64/><E87/><V21/><F132/><W13/><G123/><T121/><D121/><U51/><E6/><V92/><F5/><W12/><G111/><T30/><D135/><U116/><E0/><V117/><F117/><W43/><G66/><T60/><D108/><U40/><E40/><V133/><F133/><W50/><G35/><T104/><D104/><N who="1" m="63527" /><E116/><V113/><F113/><W1/><G1/><T11/><D34/><U15/><E15/><V58/><F71/><W80/><G97/><T128/><D128/><U46/><E78/><N who="3" m="29738" /><G80/><T67/><REACH who="0" step="1"/><D83/><REACH who="0" ten="240,250,250,250" step="2"/><U29/><E54/><V84/><F82/><W131/><G131/><T44/><D44/><U63/><AGARI ba="0,1" hai="27,29,33,46,51,52,63,64,70,72,73" m="63527" machi="63" ten="30,4000,0" yaku="25,1,52,1,54,1" doraHai="49" who="1" fromWho="1" sc="240,-20,250,50,250,-10,250,-10" /><INIT seed="1,0,0,2,2,89" ten="220,300,240,240" oya="1" hai0="81,71,109,72,108,118,101,107,93,128,131,130,127" hai1="90,60,33,57,135,41,96,37,117,84,35,85,120" hai2="25,51,6,14,105,52,80,133,129,86,30,29,125" hai3="50,45,78,4,62,113,68,1,74,65,75,49,17"/><U23/><E120/><V59/><F105/><W110/><G113/><T28/><D71/><U79/><E117/><V70/><F70/><W53/><G110/><N who="0" m="42603" /><D28/><U61/><E135/><V9/><F133/><W116/><G116/><T102/><D118/><U87/><E79/><V47/><F125/><W0/><G17/><T18/><D127/><U44/><E23/><V97/><F129/><W104/><G104/><T42/><D42/><U123/><E123/><V7/><F97/><W26/><G26/><T66/><D66/><U76/><E76/><V40/><F6/><W64/><G64/><T19/><D107/><U124/><E124/><V5/><F5/><W92/><G4/><T73/><D81/><U115/><E115/><V55/><F25/><W27/><G27/><T34/><D34/><U111/><E111/><V56/><F55/><W99/><G50/><T114/><D114/><U31/><E31/><V11/><F11/><W77/><G77/><T2/><D2/><U82/><E82/><V48/><F59/><W38/><G38/><T91/><D18/><U63/><REACH who="1" step="1"/><E57/><REACH who="1" ten="220,290,240,240" step="2"/><V20/><F20/><W67/><G78/><AGARI ba="0,1" hai="7,9,14,29,30,40,47,48,51,52,56,78,80,86" machi="78" ten="30,8000,1" yaku="7,1,25,2,8,1,54,1" doraHai="89" who="2" fromWho="3" sc="220,0,290,0,240,90,240,-80" /><INIT seed="2,0,0,3,0,129" ten="220,290,330,160" oya="2" hai0="8,48,91,31,35,16,96,81,94,52,14,132,103" hai1="92,133,28,74,77,116,84,85,17,128,112,89,40" hai2="56,130,60,42,120,19,50,45,66,82,12,73,29" hai3="20,24,18,4,118,135,86,6,39,15,115,122,9"/><V102/><F120/><W49/><G39/><T87/><D132/><U119/><E28/><V75/><F130/><W98/><G122/><T131/><D131/><U93/><E128/><V32/><F102/><W123/><G123/><T88/><D35/><U5/><E5/><V53/><F82/><W107/><G118/><T21/><D31/><U63/><E40/><V25/><REACH who="2" step="1"/><F42/><REACH who="2" ten="220,290,320,160" step="2"/><W10/><G115/><T22/><REACH who="0" step="1"/><D103/><REACH who="0" ten="210,290,320,160" step="2"/><U3/><E116/><V54/><F54/><W64/><G64/><T67/><D67/><U65/><E65/><V83/><F83/><W59/><G135/><T11/><D11/><AGARI ba="0,2" hai="11,12,19,25,29,32,45,50,53,56,60,66,73,75" machi="11" ten="30,2900,0" yaku="1,1,7,1,53,0" doraHai="129" doraHaiUra="33" who="2" fromWho="0" sc="210,-29,290,0,320,49,160,0" /><INIT seed="2,1,0,5,1,63" ten="181,290,369,160" oya="2" hai0="47,25,74,31,135,131,41,46,50,6,77,94,20" hai1="115,29,87,91,66,90,58,56,88,102,101,11,44" hai2="68,59,55,57,124,123,32,70,134,113,62,79,8" hai3="0,34,89,10,120,69,24,15,108,37,127,73,54"/><V133/><F32/><W80/><G120/><T26/><D131/><U110/><E115/><V36/><F79/><W109/><G37/><T71/><D135/><N who="2" m="51722" /><F8/><W93/><G0/><T130/><D130/><U100/><E110/><V39/><F123/><W106/><G106/><T40/><D71/><N who="2" m="27178" /><F113/><W13/><G127/><T60/><D6/><U9/><E29/><V64/><F124/><W38/><G38/><T107/><D107/><U85/><E44/><V75/><F75/><W111/><G69/><T53/><D26/><U83/><E66/><V114/><F114/><W49/><G24/><T112/><D112/><U33/><E33/><V132/><F132/><W98/><G34/><T99/><D74/><U4/><E4/><V76/><F76/><W14/><G80/><T7/><D77/><U19/><E19/><V84/><F84/><N who="1" m="32329" /><E83/><V105/><F105/><W97/><G73/><T51/><D7/><U43/><E43/><V27/><F27/><W81/><G81/><T122/><D122/><U30/><E30/><V121/><F121/><W103/><G10/><AGARI ba="1,0" hai="9,10,11,56,58,88,90,91,100,101,102" m="32329" machi="10" ten="40,8000,1" yaku="28,2,8,1,54,1" doraHai="63" who="1" fromWho="3" sc="181,0,290,83,369,0,160,-83" /><INIT seed="3,0,0,3,3,26" ten="181,373,369,77" oya="3" hai0="27,16,131,7,1,120,23,10,54,73,132,28,22" hai1="33,8,12,35,29,81,76,121,87,60,94,30,2" hai2="3,111,93,68,125,83,133,86,15,88,24,4,103" hai3="63,5,57,127,129,42,82,71,91,101,9,74,46"/><W64/><G127/><T134/><D73/><U0/><E121/><V53/><F125/><W59/><G129/><T98/><D131/><U62/><E33/><V44/><F111/><W56/><G101/><T21/><D120/><U39/><E39/><V104/><F68/><W130/><G130/><T6/><D54/><U84/><E0/><V124/><F124/><W108/><G108/><T25/><D98/><U48/><E2/><V112/><F112/><W19/><G19/><N who="0" m="12479" /><D6/><N who="1" m="3095" /><E48/><N who="2" m="28807" /><F3/><W34/><G34/><T18/><D18/><U20/><E35/><V119/><F133/><N who="0" m="51306" /><D16/><U105/><E105/><V40/><F104/><W110/><G110/><T79/><D79/><U52/><E52/><V128/><F119/><W69/><G69/><T96/><D96/><U109/><E109/><V102/><F128/><W123/><G123/><T118/><D118/><U114/><E114/><V47/><F24/><W43/><G46/><T99/><D99/><U92/><E30/><V61/><F61/><N who="1" m="23657" /><E87/><V106/><F106/><W45/><G45/><T13/><D22/><U85/><E85/><V36/><F83/><W107/><G107/><T113/><D113/><U72/><E72/><V90/><F90/><W95/><G82/><T126/><D126/><U41/><E41/><V31/><F31/><W122/><G74/><T117/><D117/><U116/><E116/><V78/><F78/><W38/><G38/><T97/><D97/><U37/><E37/><V50/><F36/><W49/><G122/><T80/><D80/><U51/><E51/><V11/><AGARI ba="0,0" hai="4,11,15,40,47,50,86,88,93,102,103" m="28807" machi="11" ten="30,2000,0" yaku="8,1,54,1" doraHai="26" who="2" fromWho="2" sc="181,-5,373,-5,369,20,77,-10" owari="176,-22.4,368,16.8,389,48.9,67,-43.3" /></mjloggm>