<mjloggm ver="2.3"><GO type="225" lobby="0"/><UN n0="%E7%89%B9%E6%9D%B1%E3%81%AF%E4%B8%96%E7%95%8C%E3%82%92%E6%95%91%E3%81%86" n1="%43%68%65" n2="%6E%69%63%6F%6E%74%6F" n3="%E3%81%9F%E3%81%A3%E3%81%A1%E3%82%87" dan="16,16,17,16" rate="2149.13,2156.28,2125.08,2099.94" sx="M,M,M,M"/><TAIKYOKU oya="0"/><INIT seed="0,0,0,0,4,125" ten="250,250,250,250" oya="0" hai0="127,69,78,134,60,124,53,88,62,63,1,86,14" hai1="28,59,58,5,40,72,112,119,129,33,104,85,44" hai2="3,32,42,29,97,49,2,111,26,93,108,68,96" hai3="120,121,71,61,80,116,66,65,30,130,115,73,117"/><T11/><D1/><U22/><E72/><V77/><F68/><N who="3" m="42031" /><G80/><T15/><D134/><U35/><E104/><V13/><F13/><W45/><G73/><T19/><D78/><U31/><E119/><N who="3" m="45642" /><G30/><T12/><D69/><U27/><E112/><V105/><F77/><W79/><G79/><T74/><D74/><U128/><E5/><V51/><F105/><W7/><G7/><T55/><D127/><U0/><E0/><V57/><F3/><W118/><N who="3" m="45650" /><W110/><DORA hai="98" /><G110/><N who="2" m="42025" /><F2/><W92/><G92/><T100/><D100/><U43/><E85/><V94/><F94/><W91/><G91/><T83/><D124/><U56/><E43/><V6/><F93/><W16/><G16/><N who="0" m="8223" /><D15/><U36/><REACH who="1" step="1"/><E31/><REACH who="1" ten="250,240,250,250" step="2"/><V34/><F6/><W17/><G115/><T114/><D114/><U122/><E122/><V10/><F29/><W38/><G17/><T113/><D113/><U87/><E87/><V81/><F42/><N who="3" m="22743" /><G130/><AGARI ba="0,1" hai="22,27,28,33,35,36,40,44,56,58,59,128,129,130" machi="130" ten="40,12000,2" yaku="1,1,19,1,52,3,53,2" doraHai="125,98" doraHaiUra="20,18" who="1" fromWho="3" sc="250,0,240,130,250,0,250,-120" /><INIT seed="1,0,0,3,0,46" ten="250,370,250,130" oya="1" hai0="93,26,120,95,64,31,111,75,44,43,113,85,29" hai1="18,28,132,54,98,25,94,8,104,72,105,82,36" hai2="117,90,125,7,78,65,109,66,69,24,110,32,77" hai3="97,42,45,121,133,115,0,122,96,62,80,68,38"/><U53/><E36/><V48/><F117/><W17/><G115/><T47/><D113/><U20/><E132/><V3/><F125/><W135/><G0/><T57/><D75/><U23/><E8/><N who="2" m="2175" /><F90/><W33/><G33/><T15/><D111/><N who="2" m="42506" /><F48/><N who="3" m="26679" /><G80/><T34/><D120/><N who="3" m="46185" /><G17/><T39/><D31/><U92/><E105/><V74/><F74/><W60/><G96/><T73/><D73/><U2/><E2/><V127/><F127/><W35/><G97/><T131/><D47/><U49/><E104/><V19/><F69/><W30/><G30/><T11/><D85/><U37/><E37/><V119/><F119/><W101/><G35/><T107/><D107/><U10/><E10/><V16/><F32/><W126/><G101/><T81/><D81/><U55/><E82/><V124/><F124/><W5/><G5/><T63/><REACH who="0" step="1"/><D131/><REACH who="0" ten="240,370,250,130" step="2"/><U21/><E72/><V67/><F24/><W71/><G126/><T118/><D118/><U41/><E25/><V56/><F56/><W87/><G87/><T76/><D76/><AGARI ba="0,1" hai="16,19,65,66,67,76,77,78" m="42506,2175" machi="76" ten="30,2000,0" yaku="14,1,54,1" doraHai="46" who="2" fromWho="0" sc="240,-20,370,0,250,30,130,0" /><INIT seed="2,0,0,5,3,89" ten="220,370,280,130" oya="2" hai0="126,57,105,60,35,33,100,65,48,36,16,58,128" hai1="93,88,127,63,107,108,61,56,12,53,77,119,104" hai2="31,44,1,102,49,19,84,118,122,98,62,45,59" hai3="67,26,32,5,123,17,25,115,9,66,22,86,75"/><V130/><F118/><W110/><G75/><T87/><D36/><U124/><E119/><V43/><F122/><W83/><G123/><T30/><D128/><U80/><E108/><V29/><F130/><W18/><G110/><T6/><D126/><N who="1" m="48171" /><E12/><V14/><F1/><W76/><G115/><T129/><D129/><U95/><E63/><V23/><F84/><W125/><G125/><T34/><D6/><U101/><E101/><V20/><F20/><W92/><G17/><T15/><D87/><N who="1" m="52383" /><E95/><V72/><F72/><AGARI ba="0,0" hai="53,56,61,72,77,80,104,107" m="52383,48171" machi="72" ten="30,3900,0" yaku="18,1,52,1,54,1" doraHai="89" who="1" fromWho="2" sc="220,0,370,39,280,-39,130,0" /><INIT seed="3,0,0,3,0,55" ten="220,409,241,130" oya="3" hai0="48,40,76,69,35,17,97,122,64,24,120,44,80" hai1="54,63,38,79,53,29,72,85,104,73,75,33,130" hai2="70,117,88,89,23,113,28,77,93,86,68,12,99" hai3="95,111,43,67,124,18,94,52,119,135,39,84,134"/><W57/><G119/><T127/><D127/><U118/><E104/><V133/><F133/><N who="3" m="50699" /><G124/><T106/><D69/><U36/><E118/><V60/><F113/><W74/><G74/><T123/><D64/><U114/><E114/><V112/><F112/><W3/><G3/><T126/><D126/><U4/><E4/><V14/><F117/><W26/><G67/><T6/><D6/><U27/><E130/><V91/><F70/><W32/><G111/><T51/><D51/><U110/><E54/><V34/><F34/><W78/><G43/><T20/><D35/><U125/><E110/><V109/><F109/><W15/><G39/><T62/><D62/><U108/><E125/><V31/><F68/><W47/><G47/><T121/><D121/><U61/><E61/><V41/><F41/><W10/><G78/><T1/><D1/><U65/><E53/><V46/><F46/><W13/><G84/><T21/><D21/><U102/><E85/><V82/><F77/><W100/><G100/><T2/><D2/><U128/><E79/><V42/><F42/><W7/><G26/><T25/><D25/><U96/><E108/><V71/><F91/><W59/><G32/><T132/><D132/><U131/><E102/><V37/><F37/><N who="1" m="14441" /><E96/><V50/><F99/><W90/><G90/><T129/><D123/><U58/><E131/><V87/><F89/><W22/><G57/><T92/><D129/><U101/><E101/><V30/><F87/><W8/><G22/><T107/><D122/><U11/><E128/><V105/><F23/><W0/><G0/><T66/><D120/><RYUUKYOKU ba="0,0" sc="220,-15,409,15,241,-15,130,15" hai1="11,27,29,33,58,63,65,72,73,75" hai3="7,8,10,13,15,18,52,59,94,95" /><INIT seed="3,1,0,2,4,27" ten="205,424,226,145" oya="3" hai0="7,24,122,20,36,83,103,17,86,69,52,46,35" hai1="84,15,131,11,29,49,99,55,44,0,81,70,53" hai2="124,110,118,126,57,77,8,117,74,111,132,13,88" hai3="123,34,135,1,119,112,65,9,91,102,28,75,107"/><W89/><G119/><N who="2" m="45577" /><F57/><W31/><G112/><T6/><D122/><U51/><E0/><V64/><F64/><W80/><G123/><T56/><D69/><U134/><E70/><V58/><F58/><W78/><G34/><T22/><D35/><U16/><E131/><V67/><F67/><W45/><G135/><T127/><D127/><N who="2" m="48682" /><F88/><N who="3" m="33867" /><G107/><T61/><D103/><U130/><E134/><V59/><F59/><W26/><G102/><T33/><D33/><U72/><E72/><V114/><F132/><W113/><G65/><T21/><D36/><U30/><E99/><V133/><F133/><W92/><G92/><T62/><D62/><U47/><E130/><V39/><F39/><W94/><G94/><T125/><D125/><U79/><AGARI ba="1,0" hai="11,15,16,29,30,44,47,49,51,53,55,79,81,84" machi="79" ten="20,12000,2" yaku="0,1,7,1,9,1,8,1,52,2,54,1" doraHai="27" who="1" fromWho="1" sc="205,-31,424,123,226,-31,145,-61" owari="174,-22.6,547,64.7,195,-0.5,84,-41.6" /></mjloggm>