<mjloggm ver="2.3"><GO type="225" lobby="0"/><UN n0="%45%6C%79%73%69%75%6D" n1="%33%74%72%65%65" n2="%E8%A8%88%E7%AE%97%E6%A9%9F%E8%87%AA%E7%84%B6" n3="%E3%81%AF%E3%82%88%E3%81%8A%E3%81%98%E3%81%95%E3%82%93" dan="18,17,17,16" rate="2178.17,2200.43,2171.92,2169.55" sx="F,F,M,M"/><TAIKYOKU oya="0"/><INIT seed="0,0,0,2,2,122" ten="250,250,250,250" oya="0" hai0="12,96,72,45,68,114,81,67,93,95,121,21,117" hai1="75,77,106,91,38,18,27,92,3,65,33,56,39" hai2="100,78,112,8,105,26,24,42,0,11,14,58,88" hai3="129,43,29,102,44,16,130,47,83,20,123,5,107"/><T69/><D121/><U22/><E106/><V54/><F112/><W51/><G123/><T132/><D114/><U37/><E3/><V61/><F78/><W15/><G29/><T30/><D117/><U13/><E75/><V85/><F0/><W127/><G127/><T79/><D132/><U74/><E74/><V35/><F42/><W40/><G5/><T98/><D45/><U31/><E77/><V46/><F46/><W134/><G134/><T63/><D68/><U70/><E70/><V104/><F8/><W2/><G2/><T86/><D72/><U28/><E28/><V59/><F59/><W82/><G102/><T17/><REACH who="0" step="1"/><D30/><REACH who="0" ten="240,250,250,250" step="2"/><U111/><E31/><V90/><F58/><W103/><G129/><T32/><D32/><U1/><E33/><V25/><F35/><W62/><G130/><T66/><D66/><U76/><E65/><V120/><F120/><W113/><G113/><T73/><D73/><U80/><E56/><V124/><F124/><W36/><G62/><T115/><D115/><U116/><E116/><V55/><F61/><W84/><G51/><T10/><D10/><U101/><E38/><V48/><F11/><W9/><G9/><T108/><D108/><U50/><E111/><V23/><F48/><W49/><G49/><T89/><D89/><U125/><E125/><V97/><F90/><W41/><G41/><T60/><D60/><U64/><E50/><V87/><F88/><W6/><G6/><T126/><D126/><U131/><E131/><V71/><F71/><W57/><G57/><T133/><D133/><U4/><E37/><RYUUKYOKU ba="0,1" sc="240,30,250,-10,250,-10,250,-10" hai0="12,17,21,63,67,69,79,81,86,93,95,96,98" /><INIT seed="0,1,1,4,0,64" ten="270,240,240,240" oya="0" hai0="108,30,61,41,102,103,95,134,121,1,86,105,37" hai1="96,107,128,17,27,123,88,82,43,104,33,93,50" hai2="98,127,80,45,70,125,75,77,57,112,113,124,20" hai3="23,90,118,109,115,94,97,110,87,5,40,101,6"/><T10/><D121/><U100/><E123/><V26/><F57/><W99/><G118/><T25/><D134/><U62/><E128/><V11/><F11/><W106/><G115/><N who="2" m="44105" /><F45/><W4/><G40/><T53/><D108/><U116/><E116/><V13/><F13/><W34/><G34/><T3/><D105/><U84/><E62/><V74/><F98/><W54/><G54/><T21/><D10/><U65/><E65/><V12/><F12/><W78/><G23/><T29/><D29/><U58/><E58/><V68/><F74/><W66/><G66/><T28/><D28/><AGARI ba="1,1" hai="20,26,28,68,70,75,77,80,124,125,127" m="44105" machi="28" ten="40,5200,0" yaku="18,1,52,2" doraHai="64" who="2" fromWho="0" sc="270,-55,240,0,240,65,240,0" /><INIT seed="1,0,0,4,2,90" ten="215,240,305,240" oya="1" hai0="3,99,74,55,128,22,72,77,85,82,40,118,61" hai1="9,69,73,6,94,44,24,101,14,53,111,35,32" hai2="79,81,113,80,110,63,8,109,29,91,103,31,98" hai3="60,48,70,122,75,20,12,21,87,16,46,132,71"/><U19/><E73/><N who="2" m="43119" /><F8/><W78/><G122/><T84/><D118/><U104/><E104/><N who="2" m="63607" /><F63/><W121/><G75/><T2/><D128/><U42/><E69/><V135/><F135/><W28/><G121/><T30/><D40/><U49/><E111/><N who="2" m="42507" /><F113/><W117/><G132/><T45/><D61/><U47/><E24/><V100/><F100/><W25/><G117/><T88/><D72/><U64/><E64/><V102/><F102/><W36/><G36/><T33/><D74/><U5/><E35/><V92/><F81/><N who="3" m="47543" /><G71/><T57/><D45/><U66/><E66/><V62/><F62/><W89/><G60/><T65/><D33/><U124/><E32/><V11/><F11/><W43/><G70/><T115/><D65/><U105/><E6/><V76/><F76/><W54/><G43/><T134/><D134/><U97/><E5/><V50/><F50/><W26/><G12/><T13/><D115/><U59/><E105/><V129/><F129/><W130/><G130/><T126/><D13/><U106/><E106/><V38/><F38/><W34/><G34/><T7/><D7/><U17/><E42/><V120/><F120/><W112/><G112/><T93/><D77/><U15/><E15/><V86/><AGARI ba="0,0" hai="29,31,86,91,92" m="42507,63607,43119" machi="86" ten="30,4000,0" yaku="24,1,14,1,52,1" doraHai="90" who="2" fromWho="2" sc="215,-10,240,-20,305,40,240,-10" /><INIT seed="2,0,0,0,0,75" ten="205,220,345,230" oya="2" hai0="134,38,61,43,57,50,126,121,24,17,116,113,55" hai1="115,96,53,86,76,99,47,73,67,94,30,16,27" hai2="1,49,102,35,34,93,58,63,51,123,129,83,11" hai3="7,82,5,20,107,132,29,97,2,14,85,59,69"/><V25/><F123/><W117/><G117/><T56/><D121/><U28/><E115/><V22/><F129/><W125/><G69/><T64/><D113/><U33/><E73/><V114/><F34/><W15/><G2/><T68/><D116/><U90/><E67/><V91/><F35/><W65/><G107/><T40/><D24/><U54/><E30/><V128/><F128/><W36/><G36/><T3/><D3/><U74/><E74/><V92/><F11/><W42/><G42/><N who="0" m="15915" /><D17/><U62/><E54/><V119/><F1/><W60/><G125/><T23/><D23/><U44/><E96/><N who="2" m="59655" /><F83/><W122/><G132/><T66/><D134/><U81/><REACH who="1" step="1"/><E16/><REACH who="1" ten="205,210,345,230" step="2"/><N who="2" m="12487" /><F114/><W111/><G122/><T72/><D72/><U87/><E87/><N who="2" m="52479" /><F119/><W10/><G97/><T4/><D126/><U8/><E8/><V84/><F84/><W71/><G10/><T101/><D101/><U77/><E77/><V98/><F98/><W70/><G85/><T112/><D112/><U39/><E39/><V105/><F105/><W89/><G29/><T133/><D133/><U130/><E130/><V0/><F0/><W80/><G5/><T9/><D38/><U46/><E46/><V100/><F100/><W104/><G7/><T120/><D120/><U6/><E6/><V106/><F106/><W109/><G104/><T12/><D68/><U31/><E31/><V108/><F108/><W26/><G71/><T135/><D135/><U45/><E45/><V21/><F21/><W18/><G70/><T52/><AGARI ba="0,1" hai="4,9,12,50,52,55,56,57,61,64,66" m="15915" machi="52" ten="30,2000,0" yaku="8,1,54,1" doraHai="75" who="0" fromWho="0" sc="205,30,210,-5,345,-10,230,-5" /><INIT seed="3,0,0,0,5,35" ten="235,205,335,225" oya="3" hai0="122,23,111,109,129,131,32,101,103,43,71,18,40" hai1="42,123,74,6,135,29,98,93,34,26,24,30,55" hai2="0,97,75,83,81,39,90,78,69,28,113,96,106" hai3="73,14,20,47,8,62,114,118,57,27,37,100,85"/><W65/><G118/><T56/><D32/><U41/><E123/><V7/><F69/><W64/><G73/><T89/><D71/><U134/><E74/><V132/><F28/><W59/><G114/><T104/><D56/><U116/><E6/><V87/><F106/><W48/><G37/><T133/><D89/><N who="1" m="55599" /><E55/><V10/><F113/><W49/><G100/><N who="0" m="38475" /><D104/><U50/><E50/><V68/><F132/><N who="1" m="50729" /><E116/><V127/><F68/><W17/><G47/><T38/><D133/><U84/><E84/><V22/><F127/><W54/><G85/><T72/><D72/><U16/><E16/><V95/><F39/><W92/><G92/><T4/><D4/><U9/><E9/><V36/><F95/><W12/><G12/><N who="0" m="9671" /><D38/><U1/><E1/><V25/><F36/><W128/><G49/><T63/><D63/><U52/><E52/><V105/><F105/><W88/><G65/><T2/><D122/><U66/><E66/><V119/><F119/><W117/><G117/><T91/><D2/><U33/><AGARI ba="0,0" hai="24,26,29,30,33,34,41,42" m="50729,55599" machi="33" ten="30,1100,0" yaku="20,1" doraHai="35" who="1" fromWho="1" sc="235,-3,205,11,335,-3,225,-5" owari="232,3.2,216,-28.4,332,43.2,220,-18.0" /></mjloggm>