<mjloggm ver="2.3"><GO type="225" lobby="0"/><UN n0="%E3%81%86%E3%81%A9%E3%82%93%E3%81%93" n1="%E3%81%86%E3%82%8C%E3%81%9F%E3%82%93%E6%9E%95" n2="%E6%AB%BB%E4%BA%95%E5%A5%8F" n3="%E3%82%B2%E3%82%B9%E8%8C%82%E5%8B%9D" dan="16,16,17,16" rate="2140.55,2099.49,2216.57,2054.79" sx="M,F,M,F"/><TAIKYOKU oya="0"/><INIT seed="0,0,0,2,2,104" ten="250,250,250,250" oya="0" hai0="44,75,68,35,40,88,14,87,26,43,135,98,28" hai1="117,96,69,52,112,27,32,42,70,113,109,130,54" hai2="121,81,9,61,120,122,119,93,53,29,7,101,102" hai3="111,65,49,60,62,64,50,115,105,21,46,38,129"/><T0/><D75/><U110/><E117/><V23/><F119/><W30/><G105/><T2/><D68/><N who="1" m="26219" /><E96/><V24/><F81/><W91/><G115/><N who="1" m="44106" /><E130/><V34/><F93/><W95/><G111/><N who="1" m="42506" /><E42/><V106/><F106/><W85/><G129/><T128/><D98/><U5/><E5/><V76/><F76/><W16/><G30/><AGARI ba="0,0" hai="27,30,32,52,54" m="42506,44106,26219" machi="30" ten="40,5200,0" yaku="11,1,14,1,54,1" doraHai="104" who="1" fromWho="3" sc="250,0,250,52,250,0,250,-52" /><INIT seed="1,0,0,2,5,104" ten="250,302,250,198" oya="1" hai0="13,11,37,55,119,69,97,84,4,23,93,54,131" hai1="85,118,130,134,116,99,20,65,92,28,5,76,72" hai2="9,114,40,12,109,63,79,110,87,124,0,103,25" hai3="66,34,73,108,100,95,42,16,128,60,59,1,74"/><U121/><E121/><V17/><F124/><W64/><G34/><T105/><D119/><U30/><E130/><V22/><F114/><W88/><G1/><T58/><D69/><U48/><E134/><V78/><F0/><W33/><G33/><T53/><D37/><U2/><E72/><V125/><F125/><W51/><G128/><T111/><D131/><U117/><E65/><V35/><F35/><W3/><G3/><T29/><D105/><U94/><E48/><V86/><F40/><W129/><G129/><T45/><D45/><U126/><E126/><V75/><F103/><W123/><G123/><T8/><D84/><U19/><E5/><V135/><F135/><W133/><G133/><T32/><D32/><U122/><E2/><V10/><F10/><W112/><G112/><T70/><D70/><U14/><E122/><V50/><F75/><W83/><G100/><N who="0" m="60463" /><D11/><U57/><E57/><V81/><F63/><W7/><G7/><T113/><D111/><U120/><E120/><V101/><F101/><W15/><G108/><T47/><D47/><U98/><E98/><V71/><F71/><W38/><G83/><T90/><D90/><N who="1" m="53327" /><E76/><V68/><F68/><W39/><G66/><T80/><D80/><U44/><E44/><V77/><F86/><N who="3" m="52631" /><G39/><T89/><D89/><N who="1" m="55759" /><E118/><V21/><F50/><W36/><G38/><T52/><D113/><U46/><E46/><V127/><F127/><W96/><G36/><T49/><D54/><U67/><E67/><V62/><F62/><W115/><G115/><T107/><D107/><U132/><E132/><V91/><F9/><RYUUKYOKU ba="0,0" sc="250,10,302,10,250,10,198,-30" hai0="4,8,13,23,29,49,52,53,55,58" hai1="14,19,20,28,30,116,117" hai2="12,17,21,22,25,77,78,79,81,87,91,109,110" /><INIT seed="1,1,0,0,2,41" ten="260,312,260,168" oya="1" hai0="32,5,131,17,93,6,10,15,36,122,77,128,86" hai1="13,117,8,45,95,71,111,91,53,4,37,59,62" hai2="39,106,44,7,14,79,11,125,116,3,64,9,38" hai3="101,99,135,126,18,54,47,52,33,31,82,110,73"/><U12/><E117/><V121/><F116/><W75/><G110/><T80/><D36/><U85/><E111/><V78/><F121/><W133/><G126/><T84/><D32/><U46/><E37/><V56/><F106/><W1/><G1/><T27/><D122/><U30/><E71/><V119/><F119/><W29/><G18/><T129/><D27/><U81/><E30/><N who="3" m="11274" /><G33/><T102/><REACH who="0" step="1"/><D84/><REACH who="0" ten="250,312,260,168" step="2"/><N who="1" m="52711" /><E13/><V26/><F125/><W61/><G73/><T58/><D58/><U67/><E67/><V118/><F118/><W123/><G123/><T25/><D25/><U35/><E35/><V60/><F39/><W55/><G61/><T19/><D19/><U65/><E65/><V97/><F26/><W22/><G75/><T115/><D115/><U108/><E108/><V83/><F38/><W24/><G24/><T48/><D48/><U51/><E62/><V0/><F60/><W72/><G72/><T113/><D113/><U100/><E100/><V112/><F64/><W20/><G133/><T104/><D104/><U34/><E34/><V92/><F56/><W96/><G135/><T109/><D109/><U66/><E66/><V89/><F112/><W70/><G70/><T127/><D127/><U114/><E114/><V49/><F49/><N who="3" m="28735" /><G101/><T90/><D90/><AGARI ba="1,1" hai="4,8,12,45,46,51,53,59,81,85,90" m="52711" machi="90" ten="30,5800,0" yaku="8,1,52,2" doraHai="41" who="1" fromWho="0" sc="250,-61,312,71,260,0,168,0" /><INIT seed="1,2,0,3,4,8" ten="189,383,260,168" oya="1" hai0="125,68,108,19,126,62,39,32,30,23,43,110,1" hai1="37,21,104,52,46,115,75,7,119,99,93,116,31" hai2="95,50,105,132,38,56,61,131,111,5,18,81,128" hai3="84,33,27,106,64,34,129,97,13,47,73,6,63"/><U122/><E115/><V133/><F38/><W87/><G73/><T78/><D78/><U109/><E122/><V66/><F105/><W2/><G2/><T80/><D80/><U98/><E75/><V22/><F5/><W130/><G47/><N who="0" m="24063" /><D1/><U15/><E109/><N who="0" m="42089" /><D30/><U103/><E31/><V10/><F10/><N who="3" m="4311" /><G97/><T82/><D82/><U90/><E7/><V112/><F111/><W74/><G106/><T3/><D32/><U16/><REACH who="1" step="1"/><E52/><REACH who="1" ten="189,373,260,168" step="2"/><N who="2" m="31767" /><F112/><W91/><G74/><T9/><D3/><U79/><E79/><V71/><F131/><W26/><G34/><T83/><D62/><U92/><E92/><V14/><F128/><N who="3" m="49259" /><G33/><T117/><D83/><U44/><E44/><V88/><F81/><N who="3" m="49551" /><G87/><AGARI ba="2,1" hai="14,18,22,61,66,71,87,88,95,132,133" m="31767" machi="87" ten="30,7700,0" yaku="25,1,52,1,54,2" doraHai="8" who="2" fromWho="3" sc="189,0,373,0,260,93,168,-83" /><INIT seed="2,0,0,3,0,79" ten="189,373,353,85" oya="2" hai0="7,91,11,112,30,103,15,52,57,31,32,102,47" hai1="34,97,107,46,48,80,60,5,39,6,17,65,35" hai2="41,116,87,45,76,10,124,133,135,88,98,22,66" hai3="71,37,75,53,24,44,67,134,85,27,1,51,70"/><V19/><F116/><W121/><G121/><T111/><D111/><U3/><E39/><V73/><F124/><W126/><G126/><T36/><D112/><U72/><E17/><V49/><F66/><W96/><G75/><T8/><D32/><U56/><E34/><V20/><F98/><W64/><G134/><N who="2" m="51209" /><F76/><W129/><G129/><T69/><D69/><U78/><E35/><V58/><F73/><W38/><G1/><T125/><D125/><U110/><E3/><V14/><F58/><W40/><G96/><T62/><D11/><U83/><E110/><V29/><F29/><N who="0" m="10762" /><D36/><N who="3" m="13929" /><G85/><T123/><D123/><U28/><E28/><V59/><F59/><N who="3" m="33215" /><G24/><T100/><D47/><U89/><E107/><V26/><F26/><W2/><G27/><T82/><D91/><U86/><REACH who="1" step="1"/><E97/><REACH who="1" ten="189,363,353,85" step="2"/><V50/><F50/><N who="3" m="26887" /><G2/><T131/><D131/><U127/><E127/><V115/><F115/><W114/><G114/><T61/><D7/><U119/><E119/><V92/><AGARI ba="0,1" hai="10,14,19,20,22,41,45,49,87,88,92" m="51209" machi="92" ten="30,3000,0" yaku="20,1,54,1" doraHai="79" who="2" fromWho="2" sc="189,-10,363,-10,353,40,85,-10" /><INIT seed="2,1,0,3,0,57" ten="179,353,393,75" oya="2" hai0="12,129,67,60,127,126,37,35,105,15,134,117,119" hai1="83,79,101,97,53,112,0,6,132,87,82,38,93" hai2="116,7,50,49,100,11,108,135,33,27,48,22,63" hai3="74,94,86,58,111,68,28,70,124,34,30,17,20"/><V113/><F113/><W65/><G111/><T72/><D105/><U21/><E112/><V41/><F116/><N who="0" m="44618" /><D72/><U88/><E132/><V133/><F33/><W5/><G74/><T103/><D103/><U23/><E38/><V44/><F108/><W55/><G124/><N who="0" m="47659" /><D35/><U29/><E29/><V42/><F100/><W98/><G5/><T59/><D134/><N who="2" m="51210" /><F63/><N who="3" m="38135" /><G34/><T43/><D129/><U18/><E18/><N who="2" m="12759" /><F44/><AGARI ba="1,0" hai="12,15,37,43,44,59,60,67" m="47659,44618" machi="44" ten="30,3900,0" yaku="12,1,18,1,52,1" doraHai="57" who="0" fromWho="2" sc="179,42,353,0,393,-42,75,0" /><INIT seed="3,0,0,5,4,59" ten="221,353,351,75" oya="3" hai0="22,66,23,14,49,69,41,33,37,56,4,124,92" hai1="2,7,83,31,6,113,127,87,74,26,20,70,135" hai2="93,133,47,62,53,134,60,88,79,118,42,39,48" hai3="51,94,67,38,61,1,80,103,126,95,24,132,104"/><W52/><G1/><T10/><D33/><U96/><E113/><V73/><F118/><W110/><G38/><T131/><D131/><U13/><E74/><V63/><F79/><W121/><G121/><T65/><D124/><U58/><E70/><V5/><F5/><W29/><G126/><T102/><D66/><U125/><E135/><N who="2" m="51723" /><F73/><W97/><G132/><T82/><D82/><U30/><E125/><V27/><F27/><W128/><G128/><T90/><D102/><U130/><E130/><V15/><F15/><W40/><G80/><T122/><D122/><U72/><E72/><V43/><F39/><W105/><G40/><T68/><D68/><U21/><E2/><V75/><F75/><W12/><G12/><T99/><D69/><U106/><E13/><V120/><F120/><W76/><G76/><T3/><D3/><U111/><E30/><V19/><F19/><W44/><G110/><T114/><D114/><U17/><E111/><V54/><F54/><W32/><G105/><T85/><D37/><U46/><E106/><V16/><F16/><W116/><G116/><T108/><D108/><U57/><E17/><V119/><F119/><W115/><G115/><T129/><D129/><U84/><E21/><V55/><F42/><W25/><G25/><T28/><D99/><AGARI ba="0,0" hai="43,47,48,53,55,60,62,63,88,93,99" m="51723" machi="99" ten="30,8000,1" yaku="20,1,52,3,54,1" doraHai="59" who="2" fromWho="0" sc="221,-80,353,0,351,80,75,0" owari="141,-25.9,353,15.3,431,53.1,75,-42.5" /></mjloggm>