<mjloggm ver="2.3"><GO type="225" lobby="0"/><UN n0="%E3%81%B5%E3%81%98%E3%81%8B%E3%81%A4" n1="%4C%4F%4C%49%54%41" n2="%E7%99%BD%E6%97%A5%E9%9B%AA%E8%8F%9C" n3="%E6%B0%B7%E5%B7%9D%E9%87%8C%E5%A5%88" dan="16,16,17,16" rate="2161.54,2168.63,2199.35,2083.94" sx="M,F,M,F"/><TAIKYOKU oya="0"/><INIT seed="0,0,0,3,2,74" ten="250,250,250,250" oya="0" hai0="5,100,54,30,29,25,127,27,97,88,84,66,132" hai1="68,42,22,80,101,133,1,52,116,78,69,110,15" hai2="21,104,94,9,41,123,32,115,39,60,45,111,96" hai3="31,128,18,62,90,135,117,134,50,92,40,106,8"/><T67/><D127/><U48/><E116/><V76/><F123/><W85/><G117/><T38/><D132/><N who="3" m="50729" /><G106/><T26/><D38/><U44/><E1/><V130/><F115/><W105/><G105/><T109/><D5/><U7/><E133/><V114/><F32/><W58/><G31/><T86/><D109/><U125/><E125/><V16/><F114/><W70/><G128/><T14/><D14/><U56/><E110/><V75/><F104/><W108/><G108/><T83/><D86/><U95/><E95/><V33/><F33/><W23/><G8/><T46/><D30/><U0/><E101/><V121/><F121/><W24/><G70/><T65/><D29/><U43/><E43/><V98/><F9/><W120/><G120/><T103/><REACH who="0" step="1"/><D97/><REACH who="0" ten="240,250,250,250" step="2"/><U20/><E0/><V36/><F98/><W129/><G129/><T11/><D11/><U81/><E7/><V119/><F130/><W2/><G2/><T28/><D28/><U91/><E15/><V10/><F10/><W64/><G40/><T47/><D47/><U57/><E42/><V87/><F45/><W12/><G12/><T112/><D112/><U34/><E44/><V61/><F41/><W51/><AGARI ba="0,1" hai="18,23,24,50,51,58,62,64,85,90,92" m="50729" machi="51" ten="30,1100,0" yaku="20,1" doraHai="74" who="3" fromWho="3" sc="240,-5,250,-3,250,-3,250,21" /><INIT seed="1,0,0,4,5,108" ten="235,247,247,271" oya="1" hai0="69,91,42,5,120,41,6,104,102,89,28,44,29" hai1="130,34,94,126,116,99,35,9,122,118,13,14,117" hai2="8,33,10,47,125,25,76,36,73,63,66,81,134" hai3="71,135,50,39,15,40,58,22,18,80,55,45,46"/><U65/><E122/><V62/><F125/><W53/><G135/><T106/><D120/><U74/><E74/><V32/><F134/><W85/><G71/><T54/><D69/><U112/><E126/><V23/><F36/><W127/><G127/><T109/><D109/><U19/><E130/><V103/><F47/><W70/><G70/><T131/><D44/><U105/><E105/><V114/><F103/><W38/><G46/><T90/><D54/><U20/><E65/><V100/><F100/><W57/><G55/><T72/><D102/><U78/><E78/><V24/><F63/><W107/><G107/><N who="0" m="41003" /><D72/><U123/><E123/><V88/><F114/><W83/><G83/><T132/><D132/><U12/><E112/><V111/><F111/><W124/><G124/><T110/><D110/><U95/><E95/><V43/><F43/><N who="0" m="16394" /><D131/><U49/><E49/><V37/><F37/><W1/><G1/><T98/><D98/><U68/><E68/><V26/><F23/><W86/><G86/><T52/><D52/><U121/><E121/><V77/><F77/><W97/><G97/><T115/><D115/><U67/><E67/><V48/><F48/><N who="3" m="30887" /><G58/><T101/><D101/><U96/><E96/><V93/><F66/><W64/><G64/><T31/><AGARI ba="0,0" hai="5,6,28,29,31,89,90,91" m="16394,41003" machi="31" ten="40,2700,0" yaku="28,2" doraHai="108" who="0" fromWho="0" sc="235,27,247,-13,247,-7,271,-7" /><INIT seed="2,0,0,0,1,133" ten="262,234,240,264" oya="2" hai0="78,60,77,79,52,76,13,72,82,47,127,46,98" hai1="27,56,108,33,90,109,53,34,134,74,122,6,128" hai2="111,44,118,115,8,59,95,37,70,40,97,110,39" hai3="88,121,45,31,99,1,75,81,113,86,119,32,69"/><V64/><F115/><W14/><G119/><T49/><D127/><U4/><E74/><V5/><F118/><W22/><G121/><T87/><D72/><U62/><E134/><V51/><F70/><W17/><G113/><T0/><D0/><U11/><E128/><V132/><F132/><W66/><G1/><T92/><D13/><U103/><E122/><V96/><F64/><W9/><G32/><T67/><D46/><U42/><E103/><V18/><F18/><W63/><G45/><T126/><D126/><U120/><E120/><V38/><F59/><N who="3" m="37247" /><G75/><T3/><D3/><U107/><E107/><V93/><F93/><W55/><G69/><T35/><D35/><U20/><E90/><V12/><REACH who="2" step="1"/><F95/><REACH who="2" ten="262,234,230,264" step="2"/><W101/><G99/><AGARI ba="0,1" hai="5,8,12,37,38,39,40,44,51,96,97,99,110,111" machi="99" ten="50,4800,0" yaku="1,1,2,1,53,0" doraHai="133" doraHaiUra="23" who="2" fromWho="3" sc="262,0,234,0,230,58,264,-48" /><INIT seed="2,1,0,1,0,96" ten="262,234,288,216" oya="2" hai0="84,111,116,36,42,92,59,31,102,127,7,130,14" hai1="30,29,58,17,72,120,20,10,16,66,32,135,112" hai2="53,99,118,107,114,82,125,128,129,21,103,86,9" hai3="76,95,55,133,5,89,106,91,40,108,78,0,97"/><V19/><F114/><W110/><G133/><T8/><D127/><U47/><E72/><V70/><F118/><W62/><G40/><T57/><D116/><U105/><E105/><V56/><F70/><W131/><G5/><T27/><D111/><N who="3" m="42537" /><G0/><T122/><D130/><U85/><E112/><V34/><F34/><W41/><G41/><T115/><D122/><U60/><E32/><V75/><F9/><W39/><G39/><T109/><D115/><U65/><E135/><V35/><F35/><W12/><G131/><N who="2" m="50249" /><F75/><W45/><G12/><T2/><D2/><U33/><E33/><V126/><F19/><W117/><G117/><T121/><D121/><U73/><E73/><V51/><F21/><W11/><G11/><T54/><D36/><U80/><E10/><V87/><F87/><W94/><G106/><T71/><D42/><U3/><E17/><V46/><F46/><W134/><G134/><T61/><D71/><U77/><E120/><V68/><F68/><W74/><G74/><T44/><D44/><U52/><E3/><V100/><F126/><W124/><G124/><T26/><D109/><U1/><E1/><V37/><F37/><W38/><G38/><T49/><D31/><N who="1" m="11787" /><E47/><V48/><F125/><W43/><G43/><T67/><D84/><U15/><AGARI ba="1,0" hai="15,16,20,52,58,60,65,66,77,80,85" m="11787" machi="15" ten="30,4000,0" yaku="8,1,54,2" doraHai="96" who="1" fromWho="1" sc="262,-11,234,43,288,-21,216,-11" /><INIT seed="3,0,0,0,3,130" ten="251,277,267,205" oya="3" hai0="82,85,116,33,107,73,53,90,97,54,75,18,41" hai1="56,111,121,46,83,26,30,127,93,84,6,125,110" hai2="60,58,65,108,29,62,86,5,77,102,50,44,123" hai3="47,42,57,118,71,100,64,129,109,22,94,55,2"/><W17/><G118/><T117/><D33/><U124/><E121/><V9/><F108/><N who="1" m="41513" /><E6/><V32/><F102/><W35/><G109/><T25/><D41/><U14/><E14/><N who="2" m="5423" /><F32/><W112/><G112/><T98/><D116/><U45/><E56/><N who="2" m="36999" /><F29/><W79/><G35/><T0/><D0/><U122/><E93/><V15/><F15/><W49/><G2/><T76/><D75/><U63/><E63/><V133/><F123/><W74/><G129/><T91/><D91/><N who="1" m="51615" /><E122/><V38/><F38/><W67/><G71/><T3/><D3/><U103/><E103/><V134/><F62/><N who="3" m="36159" /><G74/><T48/><D117/><U88/><E88/><V16/><F58/><W11/><G79/><T115/><D115/><U59/><E59/><V61/><F61/><W37/><G37/><T89/><D73/><U4/><E4/><V66/><F66/><W101/><G101/><T8/><D107/><U10/><E10/><V96/><F96/><N who="0" m="36970" /><D90/><U19/><E19/><V23/><F16/><W39/><G39/><T128/><D89/><U27/><E27/><V28/><F28/><W20/><G100/><T120/><D120/><U12/><E12/><V40/><F23/><AGARI ba="0,0" hai="23,26,30,45,46,124,125,127" m="51615,41513" machi="23" ten="40,2600,0" yaku="18,1,14,1" doraHai="130" who="1" fromWho="2" sc="251,0,277,26,267,-26,205,0" owari="251,5.1,303,40.3,241,-15.9,205,-29.5" /></mjloggm>