<mjloggm ver="2.3"><GO type="225" lobby="0"/><UN n0="%E6%A1%9C%E8%8A%B1%E9%96%83%E3%80%85" n1="%E3%82%82%E3%81%90%E3%82%89" n2="%E3%81%AF%E3%82%88%E3%81%8A%E3%81%98%E3%81%95%E3%82%93" n3="%E3%81%86%E3%81%A3%E3%81%97%E3%83%BC%30%30" dan="18,17,16,16" rate="2282.45,2187.68,2191.58,2120.38" sx="M,M,M,M"/><TAIKYOKU oya="0"/><INIT seed="0,0,0,0,3,14" ten="250,250,250,250" oya="0" hai0="19,88,43,85,45,22,98,108,30,101,77,67,39" hai1="111,74,57,0,21,129,128,127,35,80,44,84,132" hai2="107,79,125,60,10,110,34,4,48,9,18,37,26" hai3="72,117,16,118,12,70,61,55,58,31,116,62,120"/><T112/><D112/><U64/><E35/><V82/><F37/><W99/><G72/><T73/><D108/><U41/><E0/><V36/><F36/><W13/><G120/><T130/><D130/><N who="1" m="50283" /><E111/><V115/><F107/><W65/><G31/><T8/><D67/><U51/><E127/><V63/><F115/><W49/><G99/><T109/><D109/><U95/><E132/><V119/><F110/><W15/><REACH who="3" step="1"/><G62/><REACH who="3" ten="250,250,250,240" step="2"/><T86/><D73/><U100/><E74/><V87/><F63/><W89/><G89/><T5/><D30/><U24/><E100/><V97/><F60/><W71/><G71/><T59/><D77/><U28/><E64/><V94/><F97/><W134/><G134/><T40/><D88/><N who="1" m="53639" /><E57/><V131/><F79/><W113/><G113/><T50/><D59/><U126/><E126/><V133/><F125/><W6/><G6/><T54/><D98/><U66/><E66/><V76/><F4/><W75/><G75/><T96/><D96/><U3/><E3/><V122/><F76/><W38/><G38/><T78/><D101/><U29/><E29/><V47/><F133/><W91/><G91/><T92/><D39/><U121/><E121/><V32/><F122/><W104/><G104/><T123/><D123/><U83/><AGARI ba="0,1" hai="21,24,28,41,44,51,80,83" m="53639,50283" machi="83" ten="30,2000,0" yaku="19,1,54,1" doraHai="14" who="1" fromWho="1" sc="250,-10,250,30,250,-5,240,-5" /><INIT seed="1,0,0,2,4,99" ten="240,280,245,235" oya="1" hai0="93,83,46,60,14,55,127,113,85,67,133,42,115" hai1="129,76,6,134,32,4,100,69,103,71,37,48,3" hai2="124,78,21,87,82,34,116,125,38,35,20,41,105" hai3="24,80,64,54,91,27,88,8,68,45,70,36,128"/><U106/><E37/><V73/><F116/><W11/><G128/><T65/><D127/><N who="2" m="48714" /><F105/><W77/><G64/><T118/><D118/><U63/><E106/><V95/><F41/><W0/><G54/><T109/><D109/><U25/><E129/><V23/><F38/><W98/><G98/><T29/><D133/><U120/><E120/><V47/><F47/><W94/><G94/><T108/><D108/><U84/><E134/><V28/><F28/><W131/><G131/><T135/><D29/><U92/><E48/><V89/><AGARI ba="0,0" hai="20,21,23,34,35,73,78,82,87,89,95" m="48714" machi="89" ten="40,1500,0" yaku="18,1" doraHai="99" who="2" fromWho="2" sc="240,-4,280,-7,245,15,235,-4" /><INIT seed="2,0,0,0,1,14" ten="236,273,260,231" oya="2" hai0="67,84,8,97,52,21,27,60,22,113,77,4,102" hai1="115,49,80,88,121,129,11,106,78,81,125,120,20" hai2="34,79,32,95,99,74,68,38,15,112,9,101,17" hai3="96,128,87,39,30,64,91,2,70,42,111,122,94"/><V41/><F112/><W90/><G122/><T66/><D113/><U7/><E115/><V13/><F68/><W44/><G2/><T73/><D73/><U31/><E106/><V118/><F118/><W110/><G128/><T1/><D77/><U107/><E107/><V55/><F41/><W37/><G30/><T10/><D84/><N who="1" m="50183" /><E129/><V46/><F38/><W71/><G39/><T51/><D10/><U48/><E125/><V23/><F74/><W58/><G58/><T98/><D22/><U131/><E131/><V109/><F109/><N who="3" m="41483" /><G64/><T119/><D119/><U126/><E126/><V50/><REACH who="2" step="1"/><F79/><REACH who="2" ten="236,273,250,231" step="2"/><W35/><G35/><T123/><D123/><U85/><E121/><V89/><F89/><W33/><G33/><T47/><D102/><U134/><E120/><V132/><F132/><W65/><G65/><T130/><D130/><U59/><E134/><V103/><F103/><W26/><G70/><T76/><D76/><U93/><E78/><V82/><F82/><N who="3" m="49527" /><G71/><T127/><D127/><U16/><E81/><V61/><F61/><W86/><G96/><T83/><D67/><U3/><E85/><V69/><F69/><W56/><G91/><T92/><D83/><U28/><E49/><V24/><F24/><W133/><G133/><T117/><D117/><U53/><E48/><V25/><F25/><W57/><G26/><T105/><D66/><U104/><E53/><V116/><F116/><W19/><G86/><T5/><D52/><U18/><E31/><V45/><F45/><W43/><G43/><T75/><D47/><U0/><E28/><V72/><F72/><RYUUKYOKU ba="0,1" sc="236,-10,273,-10,250,30,231,-10" hai2="9,13,15,17,23,32,34,46,50,55,95,99,101" /><INIT seed="2,1,1,0,2,108" ten="226,263,280,221" oya="2" hai0="101,14,55,96,66,120,78,121,126,128,80,61,118" hai1="114,119,100,51,21,83,33,68,129,28,104,0,134" hai2="7,71,41,90,76,32,16,49,2,81,98,10,25" hai3="36,1,19,133,39,69,106,30,95,102,3,31,67"/><V84/><F71/><W70/><G106/><T132/><D132/><U20/><E119/><V34/><F41/><W22/><G133/><T63/><D118/><U86/><E0/><V8/><F49/><W17/><G95/><T77/><D126/><U54/><E68/><V11/><F11/><W4/><G22/><T60/><D128/><U29/><E134/><V43/><F43/><W5/><REACH who="3" step="1"/><G102/><REACH who="3" ten="226,263,280,211" step="2"/><T18/><D120/><U23/><E100/><V122/><F122/><W42/><G42/><T12/><D121/><U50/><E104/><V48/><F34/><W116/><G116/><T105/><D80/><U52/><E33/><V93/><F32/><W59/><G59/><T103/><D103/><U99/><E99/><V35/><F35/><W131/><G131/><T91/><D101/><U72/><E129/><V37/><F98/><W26/><G26/><T38/><D105/><U73/><E29/><V85/><F25/><W79/><G79/><T65/><D78/><U125/><E28/><V109/><F93/><W94/><G94/><T47/><D77/><U62/><E23/><V82/><F76/><W130/><G130/><T112/><D96/><U92/><E92/><V87/><F82/><W27/><G27/><T113/><D91/><U123/><E83/><V110/><F81/><W88/><G88/><T44/><D44/><U13/><E123/><V57/><F90/><W74/><G74/><T56/><D47/><U117/><E117/><V9/><F57/><W15/><G15/><T127/><D12/><U135/><E73/><V45/><F45/><W75/><G75/><RYUUKYOKU ba="1,2" sc="226,-10,263,-10,280,-10,211,30" hai3="1,3,4,5,17,19,30,31,36,39,67,69,70" /><INIT seed="3,2,2,0,0,128" ten="216,253,270,241" oya="3" hai0="60,29,43,21,129,70,104,120,2,91,84,6,133" hai1="85,72,25,5,81,115,55,97,88,109,50,68,87" hai2="26,106,65,78,93,77,9,121,123,82,35,134,27" hai3="10,33,12,95,94,61,15,1,11,47,92,118,44"/><W58/><G118/><T17/><D120/><N who="2" m="46154" /><F134/><W108/><G108/><T32/><D129/><U18/><E68/><V19/><F106/><W99/><G33/><T22/><D43/><U64/><E72/><V73/><F65/><W38/><G1/><T107/><D22/><N who="1" m="13527" /><E115/><V116/><F116/><W59/><G99/><T39/><D39/><U28/><E109/><V113/><F113/><W8/><G38/><T71/><D71/><U53/><E64/><V89/><F78/><W20/><G20/><T119/><D119/><U105/><E105/><N who="0" m="40521" /><D60/><U62/><E28/><V4/><F19/><W100/><G100/><T114/><D70/><U98/><E5/><V125/><F125/><W34/><G34/><T102/><D102/><U45/><E87/><N who="2" m="52415" /><F35/><W83/><G83/><N who="0" m="49567" /><D114/><U40/><E40/><V90/><F90/><W31/><G31/><T57/><D32/><U41/><E41/><V7/><F7/><W52/><G59/><AGARI ba="2,2" hai="45,50,53,55,59,62,81,85,88,97,98" m="13527" machi="59" ten="30,2000,0" yaku="8,1,54,1" doraHai="128" who="1" fromWho="3" sc="216,0,253,46,270,0,241,-26" /><INIT seed="4,0,0,2,2,48" ten="216,299,270,215" oya="0" hai0="65,121,101,99,0,112,13,34,97,78,91,118,46" hai1="109,25,129,55,96,21,4,102,40,110,126,5,22" hai2="19,42,7,45,16,53,85,1,87,36,70,100,66" hai3="47,80,71,105,51,28,75,14,60,50,61,114,31"/><T113/><D118/><U26/><E40/><V106/><F53/><W29/><G105/><T127/><D121/><U41/><E41/><V44/><F44/><W2/><G2/><T92/><D0/><U88/><E129/><V59/><F70/><W12/><G114/><N who="0" m="44139" /><D127/><U33/><E33/><V84/><F100/><W68/><G75/><T93/><D34/><U67/><E126/><V6/><F106/><W62/><G80/><T107/><D65/><U77/><E77/><V18/><REACH who="2" step="1"/><F1/><REACH who="2" ten="216,299,260,215" step="2"/><W39/><G39/><T79/><D46/><U72/><E102/><V104/><F104/><W89/><G47/><T57/><D57/><U15/><E55/><V116/><F116/><W74/><G71/><T90/><D13/><U52/><E15/><V95/><F95/><W119/><G68/><T38/><D38/><U122/><E67/><V120/><F120/><W125/><G125/><T10/><D10/><U111/><E122/><V9/><F9/><W30/><G119/><T76/><D76/><U130/><E110/><V11/><F11/><W98/><N who="3" m="7168" /><DORA hai="134" /><W82/><G82/><T108/><D108/><U17/><E111/><V58/><F58/><W128/><G128/><T69/><D69/><U103/><E130/><V124/><F124/><W131/><G131/><T132/><D132/><U63/><E109/><V115/><F115/><W123/><G123/><T56/><D56/><U133/><E133/><V54/><F54/><W37/><G14/><T94/><D107/><U24/><E52/><V83/><F83/><W73/><G12/><T27/><D27/><U20/><E26/><RYUUKYOKU ba="0,1" sc="216,15,299,-15,260,15,215,-15" hai0="78,79,90,91,92,93,94,97,99,101" hai2="6,7,16,18,19,36,42,45,59,66,84,85,87" /><INIT seed="4,1,1,2,4,101" ten="231,284,275,200" oya="0" hai0="30,92,68,77,76,31,73,111,35,108,6,67,98" hai1="57,97,38,80,71,49,84,63,102,1,32,60,124" hai2="91,3,112,22,40,126,62,64,33,7,54,127,134" hai3="65,10,103,2,47,48,41,129,96,83,119,59,113"/><T28/><D35/><U46/><E1/><V61/><F33/><W36/><G119/><T117/><D117/><U120/><E120/><V93/><F112/><W89/><G129/><T114/><D114/><U128/><E38/><V43/><F134/><W85/><G113/><T12/><D68/><U105/><E32/><V121/><F121/><W14/><G2/><T118/><D67/><U104/><E128/><V116/><F116/><W56/><G65/><T25/><D25/><U107/><E71/><V42/><F22/><W69/><G36/><T44/><D44/><U9/><E9/><N who="2" m="2303" /><F54/><W39/><G39/><T130/><D130/><U27/><E27/><V53/><F53/><W122/><G69/><T70/><D70/><U21/><E21/><V37/><F37/><W26/><G26/><T0/><D0/><U4/><E4/><V133/><F64/><W99/><G122/><T79/><D73/><U100/><E100/><V90/><F90/><W52/><G41/><T86/><D86/><U125/><E57/><N who="3" m="22090" /><G103/><N who="0" m="60871" /><D118/><U5/><E63/><V15/><F15/><W78/><G89/><T87/><D87/><U45/><E60/><V16/><F133/><W135/><G135/><T18/><D6/><AGARI ba="1,1" hai="6,10,14,47,48,52,78,83,85,96,99" m="22090" machi="6" ten="30,2000,0" yaku="8,1,54,1" doraHai="101" who="3" fromWho="0" sc="231,-23,284,0,275,0,200,33" /><INIT seed="5,0,0,5,2,98" ten="208,284,275,233" oya="1" hai0="66,56,128,41,67,130,112,106,20,38,17,95,58" hai1="62,77,133,117,4,36,90,64,50,2,87,127,15" hai2="105,109,22,13,44,135,7,33,78,114,83,89,131" hai3="12,0,46,16,129,27,65,102,32,14,11,118,55"/><U126/><E36/><V71/><F33/><W76/><G129/><N who="0" m="49771" /><D106/><U54/><E2/><V5/><F109/><W69/><G76/><T25/><D112/><U81/><E117/><V10/><F105/><W57/><G118/><T103/><D41/><U82/><E133/><V108/><F71/><W48/><G69/><T6/><D6/><U115/><E115/><V91/><F108/><W68/><G68/><T124/><D38/><U28/><E28/><V45/><F114/><W3/><G14/><T60/><D124/><U35/><E35/><V104/><F104/><W134/><G134/><T113/><D113/><U9/><E62/><V39/><F131/><W18/><G102/><T110/><D110/><U122/><E64/><N who="0" m="24617" /><D60/><U72/><REACH who="1" step="1"/><E122/><REACH who="1" ten="208,274,275,233" step="2"/><V85/><F39/><W120/><G120/><T30/><D30/><U52/><E52/><V49/><F135/><W59/><G65/><T34/><D34/><U97/><E97/><AGARI ba="0,1" hai="17,20,25,56,58,95,97,103" m="24617,49771" machi="97" ten="30,2000,0" yaku="19,1,52,1" doraHai="98" who="0" fromWho="1" sc="208,30,274,-20,275,0,233,0" /><INIT seed="6,0,0,5,4,133" ten="238,254,275,233" oya="2" hai0="78,102,40,6,55,106,44,101,5,60,76,83,58" hai1="56,95,50,125,48,28,85,34,32,15,111,135,9" hai2="121,52,30,84,23,134,21,27,119,74,10,82,17" hai3="124,98,42,8,75,115,131,91,46,38,87,0,129"/><V73/><F119/><W120/><G120/><T118/><D118/><U37/><E111/><V132/><F121/><W39/><G75/><T29/><D29/><U105/><E37/><V13/><F21/><W54/><G115/><T61/><D61/><U67/><E105/><V104/><F104/><W35/><G35/><T24/><D24/><U89/><E135/><N who="2" m="51755" /><F52/><W16/><G124/><T62/><D62/><U77/><E125/><V65/><F65/><W69/><G98/><T96/><D101/><U112/><E112/><V72/><F84/><W20/><G69/><T12/><D55/><U53/><E67/><V41/><F41/><W108/><G54/><T92/><D106/><U128/><E34/><V122/><F122/><W107/><G107/><T94/><D58/><U14/><E28/><V113/><F113/><W3/><G8/><T100/><D60/><U109/><E32/><V18/><F82/><N who="3" m="49655" /><G39/><T93/><D83/><N who="1" m="47343" /><E109/><V31/><AGARI ba="0,0" hai="10,13,17,18,23,27,30,31,72,73,74" m="51755" machi="31" ten="40,2100,0" yaku="20,1" doraHai="133" who="2" fromWho="2" sc="238,-7,254,-7,275,21,233,-7" /><INIT seed="6,1,0,5,1,121" ten="231,247,296,226" oya="2" hai0="65,96,116,74,39,34,38,55,58,0,17,111,107" hai1="63,71,78,100,16,126,83,44,70,110,120,4,47" hai2="10,32,102,19,26,73,86,84,89,76,131,24,87" hai3="1,45,69,95,113,42,11,93,15,115,129,114,31"/><V88/><F73/><W46/><G129/><T103/><D74/><U108/><E120/><V50/><F32/><W109/><G69/><T29/><D0/><U92/><E4/><V22/><F131/><W118/><G118/><T117/><D65/><U56/><E71/><V101/><F76/><W59/><G1/><T27/><D17/><U13/><E70/><V125/><F125/><W68/><G68/><T7/><D7/><U106/><E106/><V128/><F128/><W9/><G31/><T6/><D6/><U82/><E126/><V132/><F132/><W61/><G109/><T123/><D123/><U80/><E78/><V135/><F135/><W99/><G45/><T21/><D34/><U97/><E47/><V36/><F36/><N who="3" m="21831" /><G15/><T81/><D81/><U60/><E44/><V77/><F77/><W127/><G127/><T67/><D67/><U75/><E75/><V23/><F50/><W54/><G93/><T33/><D33/><U12/><E12/><V134/><F10/><W122/><G122/><T20/><D20/><U40/><E40/><V98/><F134/><W3/><G3/><T62/><D111/><U8/><REACH who="1" step="1"/><E60/><REACH who="1" ten="231,237,296,226" step="2"/><V105/><F105/><W66/><G66/><AGARI ba="1,1" hai="8,13,16,56,63,66,80,82,83,92,97,100,108,110" machi="66" ten="40,12000,2" yaku="1,1,2,1,52,2,54,1,53,1" doraHai="121" doraHaiUra="14" who="1" fromWho="3" sc="231,0,237,133,296,0,226,-123" owari="231,-16.9,370,47.0,296,9.6,103,-39.7" /></mjloggm>