<mjloggm ver="2.3"><GO type="225" lobby="0"/><UN n0="%E8%BE%9B%E5%8F%A3%E3%82%AB%E3%83%AC%E3%83%BC%E3%83%A9%E3%82%A4%E3%82%B9" n1="%E7%AD%89%E3%80%85%E5%8A%9B%E5%8A%87%E5%A0%B4" n2="%E3%82%BC%E3%83%AB%E3%83%80%E3%81%AE%E4%BC%9D%E8%AA%AC" n3="%6E%65%77%E8%BC%AA%E5%A4%A7%E7%B4%8D%E8%A8%80" dan="16,16,16,16" rate="2231.27,2134.28,2206.31,2121.44" sx="M,M,M,M"/><TAIKYOKU oya="0"/><INIT seed="0,0,0,2,4,73" ten="250,250,250,250" oya="0" hai0="32,6,59,102,118,60,72,132,52,84,51,61,30" hai1="111,41,108,103,99,48,0,54,43,89,70,116,49" hai2="58,130,42,77,100,67,98,34,97,78,21,114,127" hai3="29,37,64,83,8,125,92,69,45,121,135,38,94"/><T66/><D118/><U7/><E116/><V55/><F114/><W23/><G135/><T31/><D72/><U109/><E70/><V126/><F34/><W133/><G133/><T25/><D132/><U106/><E49/><V36/><F67/><W10/><G125/><N who="2" m="47625" /><F130/><W134/><G134/><T57/><D6/><U5/><E89/><V44/><F21/><W39/><G45/><T85/><D102/><U110/><N who="1" m="27648" /><DORA hai="117" /><U16/><E16/><V115/><F115/><W63/><G121/><T4/><D4/><N who="1" m="1611" /><E0/><V86/><F86/><W62/><G83/><T87/><REACH who="0" step="1"/><D31/><REACH who="0" ten="240,250,250,250" step="2"/><U81/><E103/><V35/><F35/><W14/><G29/><T40/><D40/><U91/><E41/><V17/><F17/><W113/><G113/><T104/><D104/><U15/><E43/><V27/><F27/><W107/><G107/><T13/><D13/><U22/><E15/><V47/><F100/><W11/><G14/><T33/><D33/><U50/><E106/><V68/><F42/><W12/><G12/><T112/><D112/><U65/><E22/><V74/><F74/><W82/><G23/><T3/><D3/><U46/><E46/><V88/><F36/><W80/><REACH who="3" step="1"/><G63/><AGARI ba="0,1" hai="25,30,32,51,52,57,59,60,61,63,66,84,85,87" machi="63" ten="40,3900,0" yaku="1,1,54,1,53,0" doraHai="73,117" doraHaiUra="90,18" who="0" fromWho="3" sc="240,49,250,0,250,0,250,-39" /><INIT seed="0,1,0,0,5,10" ten="289,250,250,211" oya="0" hai0="97,134,85,120,46,37,2,12,95,79,55,78,4" hai1="67,47,127,32,94,63,35,72,104,86,112,36,117" hai2="7,93,116,52,110,53,13,77,9,17,100,106,44" hai3="42,70,0,122,118,33,41,87,30,90,124,64,11"/><T20/><D120/><U132/><E35/><V135/><F110/><W56/><G118/><T3/><D134/><U15/><E72/><V80/><F135/><W71/><G124/><T57/><D37/><U18/><E104/><V92/><F116/><W51/><G122/><T58/><D46/><U105/><E105/><V8/><F106/><W22/><G33/><T131/><D131/><U23/><E32/><V114/><F114/><W19/><G0/><T88/><D57/><U119/><E132/><V29/><F29/><W130/><G130/><T38/><D38/><U65/><E127/><V62/><F62/><N who="3" m="37959" /><G71/><T83/><D79/><U31/><E112/><V40/><F100/><W91/><G70/><T128/><D128/><U81/><E36/><N who="2" m="21511" /><F92/><N who="3" m="54367" /><G30/><T103/><D103/><U26/><E31/><V129/><F93/><W16/><G51/><T48/><REACH who="0" step="1"/><D4/><REACH who="0" ten="279,250,250,211" step="2"/><U109/><E119/><V107/><F129/><W75/><G75/><T61/><D61/><U50/><E63/><V84/><F7/><W73/><G73/><T25/><D25/><U34/><E26/><V1/><F77/><W102/><G102/><T121/><D121/><U39/><E39/><V133/><F133/><W82/><G91/><T108/><D108/><U96/><E109/><V125/><F125/><W66/><G66/><T24/><D24/><U89/><E117/><V21/><F107/><W5/><G5/><T74/><D74/><U99/><E67/><V76/><F76/><W43/><G41/><T126/><D126/><U6/><E65/><V115/><F115/><W113/><G113/><T49/><D49/><RYUUKYOKU ba="1,1" sc="279,30,250,-10,250,-10,211,-10" hai0="2,3,12,20,48,55,58,78,83,85,88,95,97" /><INIT seed="0,2,1,1,5,12" ten="309,240,240,201" oya="0" hai0="68,106,22,34,69,92,47,77,21,90,128,16,85" hai1="124,82,76,70,62,9,26,18,71,113,99,109,117" hai2="6,104,63,40,125,53,14,29,46,48,58,105,60" hai3="112,43,27,36,119,55,31,84,4,66,96,111,94"/><T33/><D106/><U38/><E117/><V126/><F29/><W15/><G119/><T132/><D128/><U103/><E38/><V5/><F63/><W95/><G112/><T91/><D132/><U11/><E109/><V79/><F79/><W102/><G111/><T133/><D133/><U114/><E124/><N who="2" m="47723" /><F14/><W108/><G108/><T80/><D90/><U73/><E9/><V118/><F118/><W23/><G66/><T83/><D83/><U59/><E11/><V57/><F57/><W20/><G36/><T8/><D8/><U30/><E18/><V25/><F25/><N who="3" m="16807" /><G43/><T35/><D22/><U131/><E131/><V75/><F75/><W72/><G72/><T97/><REACH who="0" step="1"/><D47/><REACH who="0" ten="299,240,240,201" step="2"/><U87/><E82/><V93/><F93/><W134/><G134/><T116/><D116/><U54/><E114/><V65/><F104/><W28/><G94/><T122/><D122/><U41/><E113/><V2/><F105/><W115/><G115/><T121/><D121/><U10/><E10/><N who="2" m="2359" /><F6/><W56/><G4/><T61/><D61/><U44/><E62/><V49/><F49/><N who="3" m="30831" /><G15/><AGARI ba="2,2" hai="15,16,21,33,34,35,68,69,77,80,85,91,92,97" machi="15" ten="40,7700,0" yaku="1,1,52,1,54,1,53,0" doraHai="12" doraHaiUra="39" who="0" fromWho="3" sc="299,103,240,0,240,0,201,-83" /><INIT seed="0,3,0,0,1,33" ten="402,240,240,118" oya="0" hai0="101,81,129,127,53,113,10,45,58,9,22,37,108" hai1="133,87,67,94,82,78,105,29,2,86,15,96,83" hai2="121,34,57,59,114,103,55,102,51,122,106,119,36" hai3="134,73,50,131,124,32,123,63,116,46,125,99,97"/><T31/><D113/><U17/><E105/><V13/><F114/><W115/><G32/><T48/><D127/><N who="3" m="48713" /><G115/><T100/><D129/><U79/><E133/><V18/><F34/><W4/><G116/><T47/><D108/><U117/><E117/><V23/><F119/><W93/><G134/><T49/><D37/><U40/><E29/><V110/><F110/><W64/><G131/><T11/><D81/><U38/><E67/><V92/><F36/><W71/><G73/><T88/><D88/><U41/><E38/><V1/><F106/><W24/><G123/><T85/><D85/><U107/><E107/><V25/><F1/><W76/><G76/><T89/><D89/><U98/><E2/><V5/><F122/><W12/><G24/><N who="0" m="16791" /><D47/><U28/><E28/><V84/><F59/><W60/><G63/><T0/><D0/><U19/><E19/><V111/><F111/><W109/><G109/><T26/><D26/><U126/><E126/><V95/><F121/><W77/><G77/><T80/><D80/><U130/><E130/><V68/><F68/><W27/><G27/><T7/><D7/><U3/><E3/><V104/><F104/><W66/><G64/><T62/><D48/><U8/><REACH who="1" step="1"/><E98/><REACH who="1" ten="402,230,240,118" step="2"/><V118/><F118/><W72/><G99/><T65/><AGARI ba="3,1" hai="9,10,11,45,49,53,58,62,65,100,101" m="16791" machi="65" ten="30,1500,0" yaku="8,1" doraHai="33" who="0" fromWho="0" sc="402,34,230,-8,240,-8,118,-8" /><INIT seed="0,4,0,0,2,133" ten="436,222,232,110" oya="0" hai0="90,109,62,34,130,125,51,87,83,112,6,120,94" hai1="39,113,33,119,60,25,15,7,23,118,86,56,75" hai2="61,110,2,117,89,19,41,131,108,52,68,97,20" hai3="59,63,11,27,35,88,122,123,12,3,67,37,73"/><T71/><D112/><U21/><E75/><V79/><F2/><W74/><G3/><T42/><D120/><N who="3" m="46121" /><G37/><T99/><D34/><U106/><E33/><V53/><F131/><W76/><G76/><T58/><D130/><U14/><E106/><V45/><F79/><W31/><G88/><T16/><D6/><AGARI ba="4,0" hai="6,11,12,27,31,35,59,63,67,73,74" m="46121" machi="6" ten="30,1000,0" yaku="13,1" doraHai="133" who="3" fromWho="0" sc="436,-22,222,0,232,0,110,22" /><INIT seed="1,0,0,1,3,37" ten="414,222,232,132" oya="1" hai0="129,94,84,114,32,39,120,132,36,35,92,79,67" hai1="62,6,95,102,106,135,42,13,60,127,96,101,76" hai2="71,105,83,80,109,3,103,123,15,64,81,17,16" hai3="2,28,119,121,118,7,38,50,82,113,26,19,65"/><U23/><E135/><V133/><F123/><W27/><G113/><T0/><D0/><U104/><E127/><V11/><F133/><W63/><G121/><T52/><D132/><U12/><E76/><V66/><F109/><W110/><G110/><T44/><D114/><U48/><E6/><V14/><F3/><W4/><G38/><T22/><D129/><U40/><E95/><V86/><F71/><W93/><G2/><T73/><D67/><N who="2" m="25642" /><F105/><W1/><G1/><T31/><D39/><U58/><E48/><V130/><F130/><W24/><G82/><N who="2" m="31849" /><F103/><W124/><G124/><T98/><D36/><U107/><E23/><V126/><F126/><W100/><G50/><T10/><D22/><U108/><E108/><V111/><F111/><W61/><G19/><N who="2" m="7241" /><F11/><W53/><G53/><T87/><D52/><U5/><E5/><N who="3" m="2122" /><G28/><T29/><D31/><U91/><E107/><V75/><F75/><W117/><G65/><T89/><D29/><U41/><E106/><V45/><F45/><W125/><G125/><T43/><D44/><U55/><E62/><N who="3" m="23562" /><G93/><T85/><D92/><N who="1" m="56351" /><E104/><V59/><F59/><W69/><G100/><AGARI ba="0,0" hai="12,13,40,41,42,55,58,60,100,101,102" m="56351" machi="100" ten="30,11600,0" yaku="8,1,52,3" doraHai="37" who="1" fromWho="3" sc="414,0,222,116,232,0,132,-116" /><INIT seed="1,1,0,4,5,59" ten="414,338,232,16" oya="1" hai0="86,83,104,47,57,34,4,133,123,14,82,124,31" hai1="110,81,84,94,118,91,112,49,97,29,6,13,132" hai2="64,26,66,41,28,56,44,131,2,115,69,50,95" hai3="114,55,32,45,71,8,74,121,129,101,15,51,100"/><U106/><E112/><V38/><F2/><W89/><G114/><T0/><D104/><U23/><E118/><V90/><F115/><W111/><G121/><T21/><D133/><U58/><E132/><V99/><F131/><W70/><G129/><T25/><D123/><U67/><E106/><V98/><F69/><W37/><G111/><T33/><D124/><U80/><E110/><V9/><F9/><W78/><G32/><T96/><D47/><U18/><E6/><V117/><F117/><W42/><G89/><T62/><D96/><U76/><E29/><V109/><F109/><W105/><G78/><T1/><D34/><U128/><E128/><V102/><F38/><W11/><G74/><T103/><D103/><U65/><E81/><V113/><F56/><W120/><G120/><T48/><D48/><U17/><E17/><V53/><F41/><W134/><G134/><T72/><D72/><U39/><E39/><V79/><F79/><W126/><G126/><T61/><D82/><U116/><E116/><V119/><F119/><W77/><G77/><N who="0" m="46447" /><D57/><U3/><E3/><V93/><REACH who="2" step="1"/><F113/><REACH who="2" ten="414,338,222,16" step="2"/><W24/><G8/><N who="0" m="2055" /><D1/><U85/><REACH who="1" step="1"/><E97/><REACH who="1" ten="414,328,222,16" step="2"/><V46/><F46/><W16/><G45/><T12/><D12/><U130/><E130/><V22/><AGARI ba="1,2" hai="22,26,28,44,50,53,64,66,90,93,95,98,99,102" machi="22" ten="20,5200,0" yaku="1,1,0,1,7,1,8,1,53,0" doraHai="59" doraHaiUra="30" who="2" fromWho="2" sc="414,-14,328,-27,222,75,16,-14" /><INIT seed="2,0,0,4,5,75" ten="400,301,297,2" oya="2" hai0="16,89,37,132,29,59,103,127,98,35,79,54,5" hai1="13,126,66,128,43,85,44,0,77,11,24,124,1" hai2="76,115,49,47,122,86,130,113,18,26,21,72,57" hai3="83,45,62,97,17,41,91,125,6,116,71,73,67"/><V69/><F69/><W107/><G116/><T87/><D37/><U93/><E66/><V120/><F72/><W48/><G125/><N who="1" m="48234" /><E24/><V53/><F130/><W112/><G112/><T104/><D127/><U68/><E68/><V56/><F56/><W36/><G6/><T100/><D132/><U123/><E128/><V22/><F113/><W90/><G17/><T134/><D134/><U38/><E123/><V95/><F115/><W30/><G30/><T63/><D5/><U101/><E101/><V25/><F47/><W102/><G73/><T7/><D7/><U39/><E39/><V108/><F108/><W34/><G34/><T33/><D103/><U94/><E77/><V52/><F53/><W23/><G23/><T20/><D79/><U58/><E58/><V121/><F95/><N who="1" m="36361" /><E85/><V65/><F65/><W117/><G117/><T110/><D110/><U64/><E64/><V129/><F129/><W119/><G119/><T81/><D29/><U12/><E12/><AGARI ba="0,0" hai="12,16,20,33,35,54,59,63,81,87,89,98,100,104" machi="12" ten="30,2000,0" yaku="7,1,54,1" doraHai="75" who="0" fromWho="1" sc="400,20,301,-20,297,0,2,0" /><INIT seed="3,0,0,5,1,40" ten="420,281,297,2" oya="3" hai0="59,133,106,4,77,76,42,13,48,37,15,49,99" hai1="44,80,83,62,86,111,73,71,70,72,119,100,126" hai2="121,26,105,65,55,0,84,82,74,30,11,45,3" hai3="31,128,101,102,7,95,93,8,87,25,96,10,41"/><W81/><G128/><T130/><D133/><U67/><E111/><V94/><F105/><W97/><G41/><T51/><D51/><U108/><E108/><V90/><F121/><W32/><G7/><T46/><D15/><U63/><E100/><V21/><F65/><W6/><G6/><T118/><D106/><U69/><E69/><V124/><F124/><W132/><G132/><T129/><D118/><U56/><E56/><V5/><F3/><W18/><G18/><T134/><D134/><U2/><E86/><V113/><F113/><W88/><AGARI ba="0,0" hai="8,10,25,31,32,81,87,88,93,95,96,97,101,102" machi="88" ten="20,7800,0" yaku="0,1,7,1,9,1,54,1" doraHai="40" who="3" fromWho="3" sc="420,-26,281,-26,297,-26,2,78" /><INIT seed="3,1,0,0,2,85" ten="394,255,271,80" oya="3" hai0="19,50,58,43,38,51,1,129,103,87,8,69,39" hai1="2,109,41,130,134,111,63,112,74,32,84,17,82" hai2="92,124,77,0,90,61,114,80,105,64,110,67,89" hai3="120,16,122,62,79,71,100,46,25,65,106,97,116"/><W108/><G116/><T54/><D69/><U101/><E112/><V98/><F114/><W96/><G108/><N who="1" m="41546" /><E74/><V26/><F110/><W4/><G4/><T57/><D50/><U133/><E32/><V30/><F0/><W121/><G79/><T132/><D58/><U78/><E2/><V33/><F124/><W126/><G126/><T13/><D87/><U5/><E5/><V128/><F128/><W115/><G115/><T3/><D19/><U23/><E130/><V31/><F31/><W107/><G46/><T66/><D13/><N who="1" m="9647" /><E101/><N who="2" m="62647" /><F92/><W135/><G135/><N who="1" m="51722" /><E63/><V68/><F64/><W14/><G25/><T88/><D66/><U102/><E102/><V59/><F59/><W37/><G37/><T44/><D103/><U29/><E29/><V53/><F53/><W83/><G83/><T86/><D54/><U52/><E52/><V104/><F104/><W117/><G117/><T91/><D39/><U18/><E18/><V49/><F49/><W22/><REACH who="3" step="1"/><G97/><REACH who="3" ten="394,255,271,70" step="2"/><T15/><D38/><U72/><E72/><AGARI ba="1,1" hai="26,30,33,61,67,68,72,77,80,89,90" m="62647" machi="72" ten="30,3900,0" yaku="25,1,52,2" doraHai="85" who="2" fromWho="1" sc="394,0,255,-42,271,52,70,0" owari="394,49.4,213,-18.7,323,12.3,70,-43.0" /></mjloggm>