<mjloggm ver="2.3"><GO type="225" lobby="0"/><UN n0="%E3%81%91%E3%83%BC%E3%81%9E%E3%81%88" n1="%E3%81%BF%E3%81%BF%E3%81%9A" n2="%E6%A1%9C%E8%8A%B1%E9%96%83%E3%80%85" n3="%6D%75%75%6D%75%72%61" dan="16,17,17,16" rate="2167.02,2177.05,2119.22,2127.63" sx="F,M,M,F"/><TAIKYOKU oya="0"/><INIT seed="0,0,0,1,2,127" ten="250,250,250,250" oya="0" hai0="132,81,83,6,34,55,80,44,86,126,104,14,17" hai1="102,56,111,39,42,16,9,62,52,33,78,54,50" hai2="87,123,43,134,97,59,4,23,98,117,84,92,18" hai3="72,2,103,108,36,88,22,25,70,91,116,106,41"/><T125/><D104/><U11/><E33/><V121/><F4/><W37/><G116/><T128/><D132/><U68/><E111/><V133/><F43/><W31/><G108/><T95/><D34/><U131/><E131/><V112/><F59/><W30/><G72/><T114/><D114/><U69/><E102/><V0/><F0/><W48/><G70/><T130/><D6/><U100/><E100/><V60/><F60/><W21/><G2/><T28/><D28/><U20/><E78/><V57/><F57/><W65/><G65/><T85/><D55/><U38/><E38/><V24/><F112/><W115/><G115/><T105/><D105/><U5/><E5/><V61/><F61/><W45/><G37/><T19/><D95/><U26/><E68/><V3/><F3/><W27/><REACH who="3" step="1"/><G36/><REACH who="3" ten="250,250,250,240" step="2"/><T71/><D71/><U113/><E113/><V63/><F117/><W129/><G129/><N who="0" m="49771" /><D44/><N who="1" m="23647" /><E54/><V101/><F134/><W93/><G93/><T82/><N who="0" m="20480" /><DORA hai="77" /><T110/><D110/><U46/><E46/><V75/><F133/><W58/><G58/><T49/><D49/><U73/><E69/><V8/><F92/><W79/><G79/><T10/><D19/><U118/><E118/><V67/><F18/><W119/><G119/><T51/><D51/><U122/><E50/><V96/><F67/><W1/><G1/><T109/><D109/><U15/><E52/><V135/><F135/><W12/><G12/><T29/><D29/><U74/><E15/><V66/><F66/><W53/><G53/><T47/><D47/><U107/><E16/><V120/><F120/><RYUUKYOKU ba="0,1" sc="250,15,250,-15,250,-15,240,15" hai0="10,14,17,85,86,125,126" hai3="21,22,25,27,30,31,41,45,48,88,91,103,106" /><INIT seed="0,1,1,0,1,88" ten="265,235,235,255" oya="0" hai0="93,7,87,5,21,85,64,52,94,1,53,113,47" hai1="59,49,29,110,9,68,126,39,44,23,65,134,119" hai2="81,56,122,10,35,80,101,73,22,61,20,117,40" hai3="8,45,66,71,70,95,75,108,6,12,127,91,133"/><T100/><D113/><U58/><E119/><V4/><F122/><W16/><G108/><T90/><D1/><U67/><E110/><V89/><F35/><W124/><G133/><T115/><D115/><U43/><E134/><V128/><F117/><W86/><G75/><T72/><D72/><U99/><E126/><N who="3" m="48170" /><G45/><T34/><D34/><U125/><E125/><V103/><F128/><W104/><G104/><T131/><D64/><N who="1" m="24651" /><E39/><V60/><F89/><W107/><G107/><T123/><D131/><U121/><E68/><N who="3" m="26154" /><G66/><T98/><D123/><U96/><E9/><V76/><F10/><W135/><G135/><T77/><D21/><U106/><E106/><V13/><F22/><W0/><G0/><T36/><D36/><U105/><E105/><V120/><F20/><W130/><G130/><T112/><D112/><U18/><E29/><V26/><F120/><W11/><G11/><T97/><D97/><N who="1" m="37451" /><E121/><V30/><F30/><W37/><G37/><T3/><D3/><U63/><E63/><V102/><F61/><W84/><G84/><T24/><D87/><U114/><E114/><V50/><F60/><W41/><G41/><T27/><D47/><U78/><E78/><V129/><F40/><W25/><G25/><AGARI ba="1,1" hai="18,23,25,43,44,49,58,59" m="37451,24651" machi="25" ten="30,1000,0" yaku="8,1" doraHai="88" who="1" fromWho="3" sc="265,0,235,23,235,0,255,-13" /><INIT seed="1,0,0,1,0,123" ten="265,258,235,242" oya="1" hai0="2,97,132,8,12,54,45,35,52,111,31,83,105" hai1="43,22,96,94,68,125,47,80,103,90,121,89,3" hai2="67,113,17,119,37,92,70,26,32,28,120,23,81" hai3="128,117,50,129,19,74,91,108,40,75,34,6,63"/><U85/><E121/><V79/><F120/><W64/><G34/><T126/><D2/><U133/><E133/><V100/><F119/><W51/><G117/><T9/><D132/><U1/><E125/><V15/><F37/><W58/><G108/><T57/><D111/><U36/><E68/><V65/><F113/><W115/><G115/><T82/><D126/><U109/><E109/><V98/><REACH who="2" step="1"/><F70/><REACH who="2" ten="265,258,225,242" step="2"/><W20/><G128/><T10/><D45/><U124/><E124/><V114/><F114/><W42/><G129/><T118/><D118/><U48/><E36/><V11/><F11/><W44/><G44/><T110/><D110/><U116/><E116/><V102/><F102/><W49/><G42/><T112/><D112/><U72/><E72/><AGARI ba="0,1" hai="15,17,23,26,28,32,65,67,72,79,81,92,98,100" machi="72" ten="30,2000,0" yaku="1,1,7,1,53,0" doraHai="123" doraHaiUra="66" who="2" fromWho="1" sc="265,0,258,-20,225,30,242,0" /><INIT seed="2,0,0,4,4,129" ten="265,238,255,242" oya="2" hai0="31,56,61,24,58,99,101,8,87,132,30,19,125" hai1="120,42,16,49,89,128,74,59,123,2,111,118,119" hai2="86,90,66,51,88,107,135,22,65,45,126,50,34" hai3="63,72,96,106,97,4,98,44,121,13,37,95,1"/><V69/><F34/><W122/><G1/><T77/><D132/><U114/><E2/><V23/><F107/><W7/><G72/><T102/><D125/><U82/><E128/><V40/><F126/><W28/><G106/><T32/><D31/><U0/><E0/><V134/><F69/><W36/><G28/><T5/><D5/><U105/><E105/><V41/><F86/><W21/><G95/><T53/><D99/><U108/><E16/><V55/><F55/><W75/><G75/><T20/><D8/><U117/><E59/><V124/><F124/><W110/><G110/><N who="1" m="42026" /><E49/><V76/><F45/><W46/><G97/><T115/><D115/><U35/><E35/><V130/><F130/><W104/><G104/><T39/><D39/><U84/><E42/><V100/><F76/><W43/><G63/><T25/><D58/><U26/><E26/><V38/><F38/><W54/><G43/><T48/><D61/><U6/><E6/><V64/><F64/><W133/><G13/><T85/><D77/><N who="1" m="44343" /><E114/><V70/><F70/><W3/><G3/><T47/><D56/><U113/><E113/><V68/><F68/><W116/><G21/><T71/><D71/><U91/><E91/><V33/><F33/><W57/><G57/><T73/><D73/><U67/><E67/><V29/><F29/><W103/><G54/><T127/><D127/><U11/><E11/><V131/><F131/><W109/><G109/><T10/><D10/><U9/><E9/><V60/><F60/><W27/><G27/><T92/><D32/><U18/><E18/><V79/><F79/><RYUUKYOKU ba="0,0" sc="265,-15,238,15,255,15,242,-15" hai1="84,89,117,118,119,120,123" hai2="22,23,40,41,50,51,65,66,88,90,100,134,135" /><INIT seed="2,1,0,5,1,45" ten="250,253,270,227" oya="2" hai0="108,63,78,62,59,9,128,118,43,133,39,31,68" hai1="83,103,61,129,88,11,95,42,51,116,24,50,67" hai2="104,34,21,6,5,90,75,115,53,22,124,20,102" hai3="2,47,81,120,96,40,71,4,55,12,87,89,99"/><V98/><F115/><W130/><G2/><T54/><D108/><U46/><E116/><V36/><F36/><W26/><G120/><T94/><D118/><U19/><E129/><V93/><F124/><W82/><G130/><T107/><D107/><U117/><E117/><V121/><F121/><W105/><G71/><T32/><D133/><U15/><E103/><V16/><F34/><W29/><G105/><T113/><D113/><U76/><E24/><V109/><F109/><W30/><G55/><T13/><D128/><U73/><E46/><V48/><F75/><W27/><G81/><T17/><D78/><U86/><E42/><V23/><F102/><W92/><G4/><N who="2" m="1641" /><F104/><W1/><G12/><T91/><D43/><U35/><REACH who="1" step="1"/><E35/><REACH who="1" ten="250,243,270,227" step="2"/><V38/><F38/><W131/><G131/><T126/><D39/><U97/><E97/><V127/><F127/><W28/><G1/><T41/><D41/><U134/><E134/><V18/><N who="2" m="5120" /><DORA hai="0" /><V123/><F123/><W132/><G132/><T49/><D126/><U79/><E79/><V101/><F101/><N who="3" m="60551" /><G99/><T3/><D32/><U80/><E80/><V85/><F98/><W25/><G40/><T72/><D3/><U8/><E8/><V106/><F106/><W114/><G114/><T64/><D9/><U74/><E74/><V65/><F65/><W69/><G47/><AGARI ba="1,1" hai="16,18,47,48,53,85,90,93" m="5120,1641" machi="47" ten="40,18000,2" yaku="8,1,52,4,54,1" doraHai="45,0" who="2" fromWho="3" sc="250,0,243,0,270,193,227,-183" /><INIT seed="2,2,0,2,3,20" ten="250,243,463,44" oya="2" hai0="73,79,23,9,39,12,22,40,24,131,107,17,11" hai1="26,101,125,29,28,66,25,75,43,122,64,50,4" hai2="31,83,61,63,103,117,85,74,52,33,47,30,38" hai3="113,32,96,124,133,60,110,120,49,115,95,130,104"/><V98/><F117/><W97/><G120/><T77/><D107/><U59/><E75/><V2/><F74/><W72/><G72/><T21/><D131/><U8/><E101/><V99/><F2/><W109/><G130/><T87/><D73/><U16/><E122/><V41/><F98/><W123/><G123/><T127/><D127/><U129/><E125/><V89/><F33/><W70/><G124/><T71/><D71/><U56/><E129/><V57/><REACH who="2" step="1"/><F61/><REACH who="2" ten="250,243,453,44" step="2"/><W119/><G119/><T54/><D87/><U68/><E68/><V5/><F5/><W88/><G32/><T121/><D121/><U51/><E4/><V55/><F55/><W90/><G133/><T93/><D54/><U100/><E43/><V86/><F86/><W80/><G49/><T34/><D34/><U94/><E100/><V10/><F10/><W44/><G60/><T6/><D11/><U76/><E8/><V37/><F37/><W106/><G97/><T118/><D40/><U78/><E94/><AGARI ba="2,1" hai="30,31,38,41,47,52,57,63,83,85,89,94,99,103" machi="94" ten="30,11600,0" yaku="1,1,7,1,54,1,53,1" doraHai="20" doraHaiUra="36" who="2" fromWho="1" sc="250,0,243,-122,453,132,44,0" /><INIT seed="2,3,0,1,0,73" ten="250,121,585,44" oya="2" hai0="75,19,130,62,118,82,104,13,112,93,25,124,100" hai1="91,97,11,76,79,119,26,2,6,107,42,96,126" hai2="123,67,117,105,87,35,20,59,89,122,18,60,16" hai3="36,48,85,8,24,47,40,38,69,53,94,66,17"/><V78/><F117/><W129/><G129/><T49/><D93/><U44/><E119/><V108/><F35/><W116/><G116/><T115/><D82/><U70/><E70/><V9/><F105/><W109/><G109/><T33/><D100/><U1/><E126/><V32/><F32/><W10/><G36/><T72/><D49/><U120/><E120/><V135/><F135/><W81/><G94/><T0/><D62/><U65/><E65/><V46/><F108/><W84/><G66/><T83/><D83/><U77/><E107/><V39/><F78/><W86/><G69/><T43/><D43/><U128/><E128/><V95/><F9/><W113/><G113/><T63/><D63/><U21/><E1/><V3/><F3/><W4/><G4/><T31/><D0/><U88/><E97/><V30/><F30/><W57/><REACH who="3" step="1"/><G81/><REACH who="3" ten="250,121,585,34" step="2"/><T23/><D118/><U106/><E106/><V28/><F123/><W29/><G29/><T50/><D31/><U99/><E96/><V22/><F122/><W45/><G45/><T110/><D104/><U34/><E99/><V103/><F28/><W74/><G74/><T98/><D75/><U80/><E80/><V102/><F46/><W133/><G133/><T55/><D72/><U14/><E2/><V71/><F39/><W131/><G131/><T27/><D98/><U15/><E44/><V51/><F71/><W90/><G90/><N who="1" m="34346" /><E34/><V127/><F89/><W121/><G121/><T132/><D33/><U56/><E77/><V111/><F95/><W125/><G125/><T37/><D124/><U41/><E79/><RYUUKYOKU ba="3,1" sc="250,-10,121,-10,585,-10,34,30" hai3="8,10,17,24,38,40,47,48,53,57,84,85,86" /><INIT seed="3,4,1,3,4,130" ten="240,111,575,64" oya="3" hai0="8,124,111,63,5,67,3,29,93,66,31,110,27" hai1="10,118,64,18,119,53,21,7,129,34,41,91,58" hai2="75,0,74,109,69,107,102,2,90,112,33,133,81" hai3="4,61,37,46,6,28,57,120,45,95,52,14,89"/><W98/><G120/><T12/><D124/><U60/><E34/><V99/><F33/><W39/><G28/><T84/><D27/><N who="1" m="14775" /><E41/><V80/><F69/><W131/><G131/><T32/><D3/><N who="1" m="383" /><E91/><V121/><F109/><N who="0" m="41482" /><D32/><U44/><E44/><V17/><F133/><W48/><G46/><T128/><D67/><U30/><E30/><V126/><F81/><W86/><G86/><T16/><D5/><U114/><E114/><V100/><F90/><W106/><G106/><T127/><D127/><U19/><E19/><V104/><F100/><W68/><G68/><N who="0" m="42079" /><D128/><U71/><E129/><V43/><F43/><W26/><G26/><T101/><D84/><U40/><E40/><V72/><F80/><W77/><G77/><T125/><D125/><U15/><E15/><V36/><F36/><W56/><G56/><T113/><D113/><U22/><E22/><V9/><F126/><W35/><G35/><T24/><D24/><U42/><E42/><V79/><F121/><W1/><G1/><T122/><D122/><U117/><E53/><V116/><F116/><W13/><G13/><T96/><AGARI ba="4,1" hai="8,12,16,29,31,93,96,101" m="42079,41482" machi="96" ten="30,2000,0" yaku="14,1,54,1" doraHai="130" who="0" fromWho="0" sc="240,42,111,-9,575,-9,64,-14" owari="282,8.2,102,-29.8,566,66.6,50,-45.0" /></mjloggm>