<mjloggm ver="2.3"><GO type="225" lobby="0"/><UN n0="%E3%81%86%E3%81%A9%E3%82%93%E3%81%93" n1="%72%61%6B%33" n2="%E5%B0%8F%E9%B3%A5%E9%81%8A%E7%B7%B4%E7%84%A1%32%31%E6%AD%B3" n3="%66%67%67%68%68%64%66" dan="16,16,16,16" rate="2183.03,2046.16,2161.45,2051.19" sx="M,M,F,M"/><TAIKYOKU oya="0"/><INIT seed="0,0,0,4,5,59" ten="250,250,250,250" oya="0" hai0="35,56,103,82,121,5,19,0,57,91,131,132,21" hai1="42,10,107,127,134,98,72,16,67,50,108,129,114" hai2="133,79,77,102,100,6,8,3,105,37,24,113,99" hai3="97,30,14,80,45,58,20,116,90,27,51,54,115"/><T70/><D70/><U34/><E72/><V22/><F113/><W76/><G115/><T109/><D121/><U112/><E108/><V1/><F37/><W36/><G116/><T52/><D35/><U110/><E110/><V32/><F32/><W86/><G36/><T106/><D109/><U128/><E34/><V60/><F102/><W73/><G97/><T122/><D122/><U120/><E120/><V78/><F133/><W15/><REACH who="3" step="1"/><G45/><REACH who="3" ten="250,250,250,240" step="2"/><T41/><D132/><U39/><E134/><V104/><F104/><W125/><G125/><T29/><D131/><U23/><E39/><V83/><F1/><W66/><G66/><T17/><D0/><U18/><E127/><V9/><F3/><W68/><G68/><T38/><D38/><U61/><E107/><V126/><F99/><W81/><AGARI ba="0,1" hai="14,15,20,27,30,51,54,58,73,76,80,81,86,90" machi="81" ten="20,2700,0" yaku="1,1,0,1,7,1,53,0" doraHai="59" doraHaiUra="101" who="3" fromWho="3" sc="250,-13,250,-7,250,-7,240,37" /><INIT seed="1,0,0,3,5,17" ten="237,243,243,277" oya="1" hai0="34,53,133,81,96,70,110,135,63,11,31,103,122" hai1="119,127,39,111,91,87,88,1,47,101,108,125,15" hai2="60,112,64,129,49,52,0,104,82,36,28,105,32" hai3="97,126,116,109,26,16,44,42,50,56,100,66,113"/><U83/><E1/><V29/><F0/><W106/><G113/><T33/><D110/><N who="1" m="42027" /><E119/><V71/><F36/><W120/><G109/><T118/><D118/><U20/><E101/><V121/><F121/><W14/><G120/><T124/><D122/><U51/><E39/><V19/><F129/><W21/><G126/><N who="1" m="48138" /><E15/><V5/><F112/><W93/><G116/><T61/><D124/><U123/><E123/><V55/><F5/><W10/><G106/><T115/><D115/><U35/><E35/><V25/><F29/><W59/><G66/><T78/><D34/><U85/><E20/><V73/><F104/><W132/><G132/><T128/><D33/><U131/><E131/><V54/><F105/><W92/><G92/><T58/><D128/><U114/><E114/><V98/><F32/><W72/><G72/><T90/><D11/><U84/><E83/><V67/><F82/><W86/><G86/><T57/><D81/><U7/><E7/><AGARI ba="0,0" hai="7,10,14,16,21,26,42,44,50,56,59,93,97,100" machi="7" ten="30,7700,0" yaku="7,1,8,1,52,1,54,1" doraHai="17" who="3" fromWho="1" sc="237,0,243,-77,243,0,277,77" /><INIT seed="2,0,0,5,2,129" ten="237,166,243,354" oya="2" hai0="73,90,134,55,113,24,99,124,82,18,47,100,56" hai1="95,106,58,135,93,133,102,132,121,64,83,9,8" hai2="85,29,30,68,3,128,17,60,35,87,14,122,80" hai3="108,2,4,49,61,31,107,36,130,32,89,33,69"/><V114/><F128/><W77/><G36/><T0/><D113/><U70/><E70/><V116/><F3/><W54/><G130/><T38/><D0/><U43/><E121/><V76/><F116/><W37/><G37/><T16/><D124/><U79/><E106/><V119/><F119/><W115/><G107/><T78/><D90/><U127/><E43/><V46/><F35/><W72/><G108/><T45/><D134/><U65/><E127/><V28/><F46/><W126/><G89/><T92/><D24/><U91/><E102/><V21/><F114/><W34/><G31/><T13/><D38/><U48/><E48/><V98/><F98/><W6/><G2/><T41/><D41/><U53/><E95/><V10/><F87/><W63/><G63/><T71/><D71/><U120/><E120/><V75/><F75/><W39/><G39/><T123/><D123/><U23/><E23/><V22/><F122/><W7/><G126/><T88/><D100/><U125/><E125/><V1/><F1/><W97/><G69/><T110/><D110/><U59/><E8/><V118/><F118/><W74/><G34/><T25/><D25/><U40/><E9/><V94/><F94/><W11/><G33/><T66/><D66/><N who="1" m="25707" /><E40/><V12/><F68/><W5/><G32/><T112/><D112/><U67/><N who="1" m="25715" /><U81/><DORA hai="52" /><E53/><V131/><F131/><W62/><G54/><T15/><D15/><U19/><E19/><N who="0" m="7209" /><D13/><U86/><E81/><V50/><F12/><W105/><G115/><T96/><D96/><AGARI ba="0,0" hai="58,59,79,83,86,91,93,96,132,133,135" m="25715" machi="96" ten="40,12000,2" yaku="20,1,52,5" doraHai="129,52" who="1" fromWho="0" sc="237,-120,166,120,243,0,354,0" /><INIT seed="3,0,0,0,3,105" ten="117,286,243,354" oya="3" hai0="15,106,92,21,38,23,40,102,16,55,130,96,135" hai1="116,27,74,107,97,126,1,0,58,28,109,104,73" hai2="5,45,120,87,8,133,17,77,114,44,84,83,34" hai3="22,14,19,81,98,134,69,6,86,82,91,62,78"/><W93/><G134/><T132/><D130/><U54/><E107/><V121/><F34/><W117/><G117/><T124/><D124/><U25/><E126/><V80/><F114/><W9/><G69/><T7/><D7/><U119/><E109/><V90/><F17/><W72/><G62/><T24/><D55/><U13/><E13/><V112/><F112/><W48/><G48/><T37/><D106/><U59/><E104/><V75/><F84/><W42/><G42/><T79/><D79/><U64/><E97/><V66/><F66/><W95/><G98/><T31/><REACH who="0" step="1"/><D40/><REACH who="0" ten="107,286,243,354" step="2"/><U20/><E54/><V103/><F133/><AGARI ba="0,1" hai="15,16,21,23,24,31,37,38,92,96,102,132,133,135" machi="133" ten="40,8000,1" yaku="1,1,2,1,20,1,54,1,53,0" doraHai="105" doraHaiUra="118" who="0" fromWho="2" sc="107,90,286,0,243,-80,354,0" owari="197,-20.3,286,8.6,163,-33.7,354,45.4" /></mjloggm>