<mjloggm ver="2.3"><GO type="225" lobby="0"/><UN n0="%E3%81%82%E3%81%99%E3%81%AB%E3%82%83%E3%82%80" n1="%E3%81%B8%E3%82%80%E3%81%B8%E3%82%80%EF%BC%92%E5%8F%B7" n2="%E3%81%86%E3%83%BC%E3%81%B1%E3%83%BC" n3="%6D%75%75%6D%75%72%61" dan="16,16,16,17" rate="2119.43,2117.49,2134.77,2165.43" sx="F,M,F,F"/><TAIKYOKU oya="0"/><INIT seed="0,0,0,2,2,6" ten="250,250,250,250" oya="0" hai0="19,50,5,13,64,80,94,116,82,9,35,97,107" hai1="113,25,126,43,123,60,12,23,93,87,40,21,112" hai2="53,103,14,77,81,41,128,16,109,105,114,67,71" hai3="69,0,124,104,37,127,106,27,66,65,73,17,22"/><T44/><D107/><N who="3" m="41001" /><G69/><T101/><D35/><U8/><E123/><V45/><F114/><N who="1" m="44137" /><E126/><N who="3" m="48170" /><G37/><T58/><D116/><U63/><E87/><V29/><F53/><W111/><G111/><T79/><D79/><U10/><E93/><V7/><F7/><W47/><G0/><T24/><D24/><U62/><E23/><V131/><F29/><W95/><G47/><T49/><D5/><U38/><E38/><V31/><F31/><W135/><G135/><T130/><D130/><U75/><E75/><V54/><F54/><W129/><G129/><T61/><REACH who="0" step="1"/><D50/><REACH who="0" ten="240,250,250,250" step="2"/><U83/><E12/><V120/><F14/><W36/><G36/><T2/><D2/><U133/><E133/><V132/><F132/><W51/><G51/><T20/><D20/><U89/><E21/><V30/><F131/><W125/><G125/><T78/><D78/><U32/><E25/><V96/><F77/><W33/><G73/><T118/><D118/><U122/><E32/><V68/><F128/><W99/><G33/><T11/><D11/><N who="1" m="4139" /><E122/><V3/><F120/><W134/><G134/><T70/><D70/><U102/><E102/><AGARI ba="0,1" hai="17,22,27,65,66,95,99,102" m="48170,41001" machi="102" ten="30,1000,0" yaku="18,1" doraHai="6" who="3" fromWho="1" sc="240,0,250,-10,250,0,250,20" /><INIT seed="1,0,0,3,5,49" ten="240,240,250,270" oya="1" hai0="119,125,123,48,77,22,4,18,62,85,26,88,84" hai1="111,1,44,52,2,73,21,50,115,78,53,72,90" hai2="38,91,82,87,31,36,101,34,92,98,95,29,10" hai3="24,9,104,81,131,96,33,100,23,75,25,106,0"/><U117/><E115/><V7/><F36/><W67/><G131/><T60/><D119/><U39/><E117/><V83/><F38/><W19/><G106/><T99/><D125/><U122/><E122/><V65/><F65/><W43/><G43/><T27/><D123/><U133/><E133/><V64/><F64/><W16/><G67/><T32/><D4/><U121/><E121/><V89/><F34/><W42/><G42/><T130/><D130/><U94/><E111/><V8/><F8/><W5/><G33/><T30/><D99/><U74/><E39/><V132/><F132/><W113/><G113/><T129/><D129/><U120/><E120/><V112/><F112/><W80/><REACH who="3" step="1"/><G75/><REACH who="3" ten="240,240,250,260" step="2"/><T103/><D103/><U69/><E69/><V41/><F41/><W116/><G116/><T109/><D109/><U76/><E53/><V66/><F66/><W46/><G46/><T70/><D70/><U51/><E51/><V55/><F55/><W56/><G56/><T124/><D48/><U134/><E134/><V61/><F61/><W20/><AGARI ba="0,1" hai="0,5,9,16,19,20,23,24,25,80,81,96,100,104" machi="20" ten="30,7900,0" yaku="1,1,0,1,9,1,54,1,53,0" doraHai="49" doraHaiUra="126" who="3" fromWho="3" sc="240,-20,240,-39,250,-20,260,89" /><INIT seed="2,0,0,1,1,8" ten="220,201,230,349" oya="2" hai0="24,70,122,21,78,77,83,26,6,87,94,49,88" hai1="63,41,74,79,114,68,2,129,58,61,23,51,81" hai2="117,120,100,18,27,111,132,10,131,12,29,60,39" hai3="85,38,1,96,82,7,5,4,37,50,25,84,105"/><V71/><F117/><W33/><G1/><T109/><D122/><U126/><E114/><V89/><F120/><W76/><G50/><T110/><D70/><U15/><E126/><V75/><F39/><W31/><REACH who="3" step="1"/><G84/><REACH who="3" ten="220,201,230,339" step="2"/><T20/><D49/><U55/><E2/><V98/><F75/><W52/><G52/><T32/><D109/><U104/><E129/><V128/><F111/><W57/><G57/><T123/><D110/><U115/><E115/><V53/><F131/><W45/><G45/><T97/><D123/><U107/><E68/><V134/><F128/><W92/><G92/><T116/><D116/><U44/><REACH who="1" step="1"/><E63/><REACH who="1" ten="220,191,230,339" step="2"/><V11/><F71/><W72/><G72/><T73/><D73/><U80/><E80/><V47/><F60/><W121/><G121/><T130/><D83/><U46/><E46/><V102/><F47/><W22/><G22/><T19/><D20/><U66/><E66/><V3/><F134/><W69/><G69/><T90/><D130/><U43/><E43/><V113/><F132/><W133/><G133/><T48/><D21/><U118/><E118/><V54/><F113/><W64/><G64/><T17/><D48/><U16/><AGARI ba="0,2" hai="15,16,23,41,44,51,55,58,61,74,79,81,104,107" machi="16" ten="30,8000,1" yaku="1,1,0,1,52,1,54,1,53,1" doraHai="8" doraHaiUra="40" who="1" fromWho="1" sc="220,-20,191,100,230,-40,339,-20" /><INIT seed="3,0,0,3,1,127" ten="200,291,190,319" oya="3" hai0="128,34,75,27,106,5,100,15,3,0,21,99,33" hai1="79,126,94,52,132,118,25,60,125,6,131,12,72" hai2="76,129,98,89,104,54,36,77,37,109,59,14,11" hai3="91,49,56,48,105,101,47,88,2,40,19,121,68"/><W38/><G68/><T42/><D75/><U87/><E118/><V4/><F37/><W86/><G2/><T103/><D42/><U80/><E132/><V20/><F36/><W24/><G121/><T111/><D111/><U116/><E116/><V57/><F109/><W10/><G105/><T9/><D103/><U135/><E135/><V115/><F115/><W97/><G38/><T71/><D71/><U95/><E25/><V90/><F129/><W58/><G101/><T96/><D96/><U23/><E131/><V32/><F32/><W134/><G134/><T82/><D128/><U8/><E23/><V110/><F110/><W51/><G97/><T55/><D82/><U112/><E112/><V84/><F20/><N who="3" m="13343" /><G10/><T13/><D34/><U124/><E72/><V28/><F28/><W29/><G29/><T78/><D33/><U73/><E73/><V61/><F59/><AGARI ba="0,0" hai="6,8,12,52,59,60,79,80,87,94,95,124,125,126" machi="59" ten="40,2600,0" yaku="18,1,54,1" doraHai="127" who="1" fromWho="2" sc="200,0,291,26,190,-26,319,0" owari="200,-20.0,317,11.7,164,-33.6,319,41.9" /></mjloggm>