<mjloggm ver="2.3"><GO type="225" lobby="0"/><UN n0="%4B%2E%32%2E%4B%2E" n1="%E6%A1%9C%E8%8A%B1%E9%96%83%E3%80%85" n2="%33%74%72%65%65" n3="%E3%81%86%E3%83%BC%E3%81%B1%E3%83%BC" dan="16,17,16,16" rate="2085.06,2129.79,2152.51,2165.34" sx="M,M,F,M"/><TAIKYOKU oya="0"/><INIT seed="0,0,0,2,0,116" ten="250,250,250,250" oya="0" hai0="109,129,93,1,75,85,103,107,20,123,7,118,49" hai1="130,14,23,4,27,104,119,51,117,32,92,71,19" hai2="21,81,59,41,127,10,102,50,57,112,77,70,3" hai3="34,66,78,68,134,40,28,6,47,37,26,38,79"/><T24/><D118/><U125/><E104/><V105/><F112/><W43/><G134/><T33/><D75/><U64/><E125/><V13/><F70/><W135/><G135/><T30/><D129/><U16/><E130/><V8/><F127/><W97/><G6/><T122/><D109/><U39/><E39/><V133/><F133/><W124/><G124/><T108/><D108/><U101/><E4/><V58/><F105/><W69/><G97/><T90/><D49/><U0/><E0/><V42/><F102/><W17/><G17/><T99/><REACH who="0" step="1"/><D33/><REACH who="0" ten="240,250,250,250" step="2"/><U15/><E51/><V54/><F50/><W111/><G111/><T73/><D73/><U46/><E32/><V88/><F41/><W31/><G34/><T83/><D83/><U48/><E117/><V55/><F42/><W120/><G43/><T86/><D86/><U91/><E48/><V98/><F81/><W126/><G40/><T82/><D82/><U76/><E119/><V113/><F113/><W11/><G38/><T65/><D65/><U128/><E64/><V45/><F54/><W115/><G37/><T100/><D100/><U56/><E101/><V18/><F55/><W2/><G66/><T60/><D60/><U114/><E128/><V12/><F45/><W74/><G47/><T72/><D72/><U94/><E46/><V87/><F87/><W121/><G115/><T29/><D29/><N who="3" m="11337" /><G74/><T44/><D44/><U61/><E114/><V22/><F98/><W36/><G126/><T35/><D35/><U52/><E52/><V53/><F53/><W80/><G36/><T96/><D96/><RYUUKYOKU ba="0,1" sc="240,30,250,-10,250,-10,250,-10" hai0="1,7,20,24,30,85,90,93,99,103,107,122,123" /><INIT seed="0,1,1,1,4,6" ten="270,240,240,240" oya="0" hai0="99,127,78,60,16,25,89,17,23,62,10,108,117" hai1="22,29,41,112,87,92,83,43,55,135,5,98,114" hai2="70,111,46,27,88,15,85,21,79,8,76,53,65" hai3="59,40,103,104,61,4,47,52,7,35,11,0,122"/><T110/><D117/><U93/><E135/><V42/><F111/><N who="0" m="42538" /><D127/><U102/><E92/><V94/><F53/><W131/><G131/><T28/><D78/><U113/><E5/><N who="2" m="3471" /><F70/><W33/><G122/><T18/><D10/><U120/><E120/><V107/><F107/><W19/><G7/><T68/><D68/><U86/><E55/><V57/><F46/><W74/><G74/><T75/><D75/><U3/><E3/><V124/><F42/><N who="1" m="15881" /><E83/><V134/><F134/><W20/><G103/><T63/><D63/><U31/><E22/><V30/><F124/><W101/><G101/><T37/><D37/><U126/><E126/><V73/><F73/><W66/><G104/><T81/><D99/><U14/><E87/><AGARI ba="1,1" hai="16,17,18,23,25,28,60,62,81,87,89" m="42538" machi="87" ten="30,5800,0" yaku="14,1,10,1,54,1" doraHai="6" who="0" fromWho="1" sc="270,71,240,-61,240,0,240,0" /><INIT seed="0,2,0,4,2,33" ten="341,179,240,240" oya="0" hai0="111,135,76,13,39,53,123,11,35,51,54,95,82" hai1="132,102,89,83,125,22,107,116,104,52,41,98,62" hai2="127,120,72,101,94,61,84,17,20,126,110,73,91" hai3="67,45,25,48,21,100,115,14,47,99,90,26,97"/><T27/><D123/><U36/><E116/><V56/><F120/><W44/><G115/><T69/><D39/><U130/><E130/><V117/><F117/><W85/><G67/><T42/><D69/><U55/><E132/><V23/><F110/><W96/><G100/><T34/><D135/><U112/><E112/><V93/><F20/><W92/><G48/><T118/><D118/><U2/><E125/><N who="2" m="47627" /><F93/><W5/><G5/><T63/><D95/><U119/><E119/><V71/><F101/><W103/><G103/><T60/><D42/><U28/><E104/><V68/><F72/><W74/><G74/><T6/><D111/><U78/><E89/><V37/><F73/><W31/><G25/><T66/><D27/><U106/><E106/><V29/><F29/><W134/><G134/><T86/><D54/><U0/><E22/><V70/><F37/><W109/><G109/><T32/><REACH who="0" step="1"/><D66/><REACH who="0" ten="331,179,240,240" step="2"/><U8/><E36/><V114/><F70/><W46/><N who="3" m="11264" /><DORA hai="18" /><W43/><G43/><T50/><D50/><U113/><E41/><V59/><F68/><W79/><G26/><T122/><D122/><U105/><E105/><V131/><F114/><W128/><G128/><T88/><D88/><U3/><E113/><V30/><F131/><W65/><G65/><T9/><D9/><U108/><E108/><V7/><F71/><W129/><G129/><T75/><D75/><N who="1" m="43487" /><E8/><V58/><F91/><W4/><G79/><T40/><D40/><U87/><E55/><V81/><F94/><W124/><G124/><T38/><D38/><U15/><E107/><V12/><F81/><RYUUKYOKU ba="2,1" sc="331,30,179,-10,240,-10,240,-10" hai0="6,11,13,32,34,35,51,53,60,63,76,82,86" /><INIT seed="0,3,1,5,3,119" ten="361,169,230,230" oya="0" hai0="61,112,52,38,51,6,107,90,54,16,18,25,20" hai1="72,24,99,68,73,102,12,86,77,8,17,80,101" hai2="106,129,75,123,81,58,14,110,100,108,71,111,124" hai3="62,36,29,55,26,19,132,113,33,48,91,43,103"/><T76/><D112/><U69/><E24/><V127/><F71/><W49/><G113/><T37/><D107/><U0/><E0/><V13/><F129/><W122/><G132/><T22/><D76/><U104/><REACH who="1" step="1"/><E102/><REACH who="1" ten="361,159,230,230" step="2"/><V7/><F100/><W94/><G103/><T30/><D25/><U32/><E32/><V88/><F110/><W89/><G33/><T23/><D30/><U40/><E40/><V1/><F108/><W47/><G29/><T66/><D38/><U59/><E59/><V45/><F58/><W121/><G36/><T15/><D37/><U34/><E34/><V109/><F1/><W4/><G26/><T21/><D15/><U118/><E118/><V28/><F13/><W27/><G27/><T39/><D39/><U116/><E116/><V79/><F14/><W87/><G43/><T84/><D6/><U70/><AGARI ba="3,2" hai="8,12,17,68,69,70,72,73,77,80,86,99,101,104" machi="70" ten="30,2000,0" yaku="1,1,0,1,53,0" doraHai="119" doraHaiUra="133" who="1" fromWho="1" sc="361,-13,159,49,230,-8,230,-8" /><INIT seed="1,0,0,0,0,127" ten="348,208,222,222" oya="1" hai0="13,124,68,82,108,99,122,53,123,42,54,35,9" hai1="133,134,52,18,14,48,38,10,96,49,131,24,63" hai2="12,7,43,120,47,77,15,36,6,86,90,93,44" hai3="51,112,46,83,29,110,21,41,59,57,40,98,62"/><U71/><E38/><V69/><F120/><N who="0" m="46122" /><D35/><U4/><E96/><V70/><F77/><W119/><G112/><T92/><D68/><U60/><E49/><V81/><F44/><W39/><G110/><T102/><D108/><U94/><E94/><V34/><F34/><W37/><G119/><T89/><D124/><U116/><E116/><V80/><F69/><W128/><G128/><T126/><D126/><U125/><E125/><V67/><F67/><N who="3" m="39375" /><G21/><T130/><D130/><U105/><E105/><V109/><F70/><W79/><G29/><T84/><D42/><N who="3" m="16489" /><G79/><T111/><D111/><U115/><E115/><V17/><F109/><W19/><G19/><AGARI ba="0,0" hai="9,13,19,53,54,82,84,89,92,99,102" m="46122" machi="19" ten="30,1000,0" yaku="13,1" doraHai="127" who="0" fromWho="3" sc="348,10,208,0,222,0,222,-10" /><INIT seed="2,0,0,4,0,48" ten="358,208,222,212" oya="2" hai0="113,118,103,49,77,44,9,108,50,125,84,54,31" hai1="89,75,90,70,73,38,26,59,52,46,4,12,107" hai2="69,78,3,30,100,42,129,62,76,36,72,88,57" hai3="81,87,68,99,51,55,60,117,18,102,35,61,104"/><V97/><F69/><W71/><G117/><T127/><D113/><U8/><E70/><V34/><F3/><W105/><G105/><T27/><D118/><U66/><E107/><V115/><F115/><W85/><G35/><T134/><D108/><U65/><E73/><V122/><F122/><W53/><G18/><T11/><D134/><U132/><E75/><V112/><F72/><W114/><G114/><T7/><D103/><U20/><E132/><V96/><F129/><W22/><G22/><T111/><D111/><U64/><E46/><V121/><F121/><W6/><G6/><T17/><D17/><N who="1" m="12559" /><E38/><V86/><F112/><W5/><G5/><T10/><D50/><AGARI ba="0,0" hai="4,8,12,50,52,59,64,65,66,89,90" m="12559" machi="50" ten="30,3900,0" yaku="8,1,52,1,54,1" doraHai="48" who="1" fromWho="0" sc="358,-39,208,39,222,0,212,0" /><INIT seed="3,0,0,3,5,109" ten="319,247,222,212" oya="3" hai0="100,78,53,97,31,20,125,79,127,35,67,37,16" hai1="123,51,94,85,108,73,99,124,126,7,75,121,36" hai2="133,95,116,3,24,44,64,132,30,102,122,22,74" hai3="57,115,26,135,55,28,98,113,107,129,4,6,34"/><W45/><G45/><T13/><D37/><U120/><E36/><V50/><F116/><W112/><G135/><N who="2" m="51785" /><F122/><W43/><G43/><T134/><D67/><U54/><E7/><V47/><F74/><W18/><G18/><T27/><D53/><U131/><E85/><V15/><F3/><W8/><G129/><T89/><D89/><N who="1" m="55759" /><E108/><V87/><F64/><W71/><G71/><T33/><D33/><U76/><E76/><V91/><F102/><W40/><G40/><T49/><D49/><U5/><E5/><V12/><F44/><W69/><G69/><T83/><D134/><U105/><E105/><V103/><F103/><W58/><G4/><T1/><D1/><U25/><E25/><V21/><F21/><W65/><G65/><T62/><D62/><U77/><E77/><V114/><F114/><W130/><G130/><T48/><D48/><U17/><E131/><V19/><F30/><W38/><G38/><T10/><D20/><U80/><E17/><V63/><F63/><W52/><G107/><N who="0" m="63887" /><D83/><U61/><E61/><V59/><F24/><W0/><G98/><T111/><D111/><U56/><E80/><V41/><F15/><W39/><G39/><T2/><D2/><U82/><E82/><V66/><F66/><W60/><G115/><T88/><D88/><U92/><E92/><V93/><F95/><W118/><G118/><T81/><D81/><U72/><E121/><V14/><F14/><W11/><G11/><T128/><D128/><U104/><E104/><V32/><F32/><W70/><G70/><T9/><D10/><U29/><E29/><RYUUKYOKU ba="0,0" sc="319,0,247,0,222,0,212,0" hai0="9,13,16,27,31,35,78,79,125,127" hai1="51,54,56,72,73,75,120,123,124,126" hai2="12,19,22,41,47,50,59,87,91,93" hai3="0,6,8,26,28,34,52,55,57,58,60,112,113" /><INIT seed="3,1,0,0,3,37" ten="319,247,222,212" oya="3" hai0="83,61,121,6,44,109,65,81,120,33,24,63,74" hai1="11,92,91,78,58,1,133,102,98,39,3,103,20" hai2="112,90,0,51,130,75,55,116,68,36,131,71,105" hai3="73,95,110,93,62,106,115,72,48,7,42,80,108"/><W66/><G106/><T45/><D6/><U16/><E133/><V13/><F0/><W8/><G115/><T32/><D74/><U17/><E39/><V4/><F75/><W23/><G23/><T69/><D109/><N who="3" m="42089" /><G73/><T52/><D52/><U119/><E78/><V96/><F112/><W49/><G80/><T41/><D24/><N who="1" m="14343" /><E1/><V5/><F105/><W21/><G21/><T2/><D2/><U59/><E3/><V88/><F130/><W10/><G72/><T18/><D18/><U9/><E119/><V54/><F131/><W132/><G132/><T134/><D134/><U19/><E19/><V99/><F116/><W101/><G101/><N who="1" m="38410" /><E17/><V126/><F36/><W12/><G10/><AGARI ba="1,0" hai="9,10,11,58,59,91,92,98" m="38410,14343" machi="10" ten="30,2000,0" yaku="8,1,54,1" doraHai="37" who="1" fromWho="3" sc="319,0,247,23,222,0,212,-23" owari="319,41.9,270,7.0,222,-17.8,189,-31.1" /></mjloggm>