<mjloggm ver="2.3"><GO type="225" lobby="0"/><UN n0="%E5%BA%97%E9%95%B7%4D" n1="%E7%89%B9%E6%9D%B1%E3%81%AF%E4%B8%96%E7%95%8C%E3%82%92%E6%95%91%E3%81%86" n2="%E3%82%AB%E3%83%AA%E3%82%A3%EF%BC%91%EF%BC%99" n3="%E3%81%B5%E3%81%98%E3%81%8B%E3%81%A4" dan="16,16,16,16" rate="2088.15,2165.85,2141.46,2109.01" sx="M,M,M,M"/><TAIKYOKU oya="0"/><INIT seed="0,0,0,0,1,45" ten="250,250,250,250" oya="0" hai0="104,65,38,12,107,41,18,111,124,126,30,36,120" hai1="133,35,77,28,102,47,34,69,20,22,43,118,81" hai2="105,103,88,57,85,123,130,1,125,0,10,39,78" hai3="119,128,31,48,83,27,9,116,56,90,49,29,7"/><T6/><D6/><U91/><E118/><V14/><F123/><W106/><G106/><T64/><D30/><U109/><E69/><V84/><F39/><N who="0" m="14890" /><D41/><U63/><E102/><V89/><F78/><W112/><G112/><T11/><D120/><U79/><E63/><V127/><F130/><W24/><G128/><T114/><D114/><U97/><E97/><N who="2" m="61679" /><F57/><W68/><G68/><T16/><D18/><U21/><E28/><N who="3" m="10826" /><G56/><T23/><D23/><U15/><E35/><V121/><F121/><W32/><G32/><T72/><D72/><U37/><E34/><V70/><F70/><W73/><G73/><T108/><D107/><U59/><E22/><V42/><F42/><W76/><G76/><T134/><D104/><U82/><E21/><V62/><F62/><W110/><G119/><T67/><D134/><U86/><E133/><V40/><F40/><W55/><G116/><T131/><D131/><U58/><E77/><V33/><F33/><W17/><G7/><T113/><D113/><U115/><E115/><V50/><F1/><W53/><G17/><T87/><D87/><N who="2" m="33354" /><F0/><W5/><G5/><T8/><D8/><U61/><E61/><V122/><F122/><W99/><G9/><T66/><N who="0" m="16384" /><DORA hai="75" /><T26/><D26/><U80/><E79/><V19/><F10/><W2/><G2/><T51/><D51/><N who="3" m="19529" /><G24/><T94/><D94/><N who="1" m="54647" /><E20/><N who="2" m="11383" /><F50/><W95/><G27/><T74/><D74/><U54/><E15/><V96/><F96/><W13/><G13/><T46/><D46/><U129/><E129/><V93/><F93/><W44/><G44/><T52/><D52/><RYUUKYOKU ba="0,0" sc="250,15,250,-15,250,15,250,-15" hai0="11,12,16,108,111,124,126" hai2="88,89,125,127" /><INIT seed="0,1,0,5,5,108" ten="265,235,265,235" oya="0" hai0="121,27,127,104,65,68,2,98,39,132,69,72,82" hai1="36,44,14,38,43,99,13,58,117,112,118,29,42" hai2="28,67,56,129,11,133,111,33,21,116,79,81,128" hai3="134,64,71,70,45,57,76,1,101,90,19,109,86"/><T9/><D121/><U84/><E29/><V91/><F111/><W4/><G109/><T52/><D127/><U66/><E99/><V97/><F116/><W103/><G101/><T15/><D2/><U78/><E78/><V131/><F133/><W100/><G134/><T113/><D113/><U115/><E84/><V17/><F11/><W25/><G45/><T106/><D39/><U16/><E58/><V120/><F120/><W53/><G76/><T95/><D132/><U126/><E66/><V122/><F122/><W123/><G64/><T6/><D27/><U110/><E110/><V3/><F3/><W32/><G70/><T37/><D37/><U74/><E44/><V63/><F33/><W12/><G71/><T59/><D82/><U46/><E46/><V88/><F28/><W60/><G32/><T83/><D83/><U130/><E16/><V92/><F91/><W7/><G123/><T50/><D72/><U47/><E47/><V135/><F135/><W24/><G100/><T18/><D18/><U20/><E20/><V87/><REACH who="2" step="1"/><F129/><REACH who="2" ten="265,235,255,235" step="2"/><W23/><G103/><T102/><REACH who="0" step="1"/><D69/><REACH who="0" ten="255,235,255,235" step="2"/><U0/><E0/><V85/><F85/><W62/><G1/><T125/><D125/><U5/><E126/><V22/><F22/><W73/><G73/><T105/><D105/><U89/><E74/><V35/><F35/><W119/><G119/><T75/><D75/><U8/><E130/><V124/><F124/><W94/><G7/><T40/><D40/><U26/><E43/><V41/><F41/><W96/><G4/><T10/><D10/><N who="1" m="4303" /><E42/><V49/><F49/><RYUUKYOKU ba="1,2" sc="255,15,235,-15,255,15,235,-15" hai0="6,9,15,50,52,59,65,68,95,98,102,104,106" hai2="17,21,56,63,67,79,81,87,88,92,97,128,131" /><INIT seed="0,2,2,0,2,43" ten="270,220,270,220" oya="0" hai0="10,50,126,68,86,0,49,1,95,24,132,45,117" hai1="20,93,60,3,123,97,52,92,78,28,5,102,72" hai2="96,71,39,31,58,37,66,119,94,53,88,79,35" hai3="84,56,70,8,30,33,120,54,130,131,19,41,85"/><T77/><D117/><U9/><E123/><V110/><F119/><W14/><G120/><T80/><D126/><U46/><E72/><V135/><F135/><W29/><G70/><T111/><D68/><U44/><E78/><V116/><F116/><W109/><G109/><T27/><D132/><U101/><E101/><V82/><F110/><W40/><G40/><T36/><D36/><U18/><E28/><N who="3" m="10858" /><G41/><T83/><D111/><U13/><REACH who="1" step="1"/><E93/><REACH who="1" ten="270,210,270,220" step="2"/><V73/><F73/><W100/><G100/><T65/><D95/><U34/><E34/><V107/><F79/><W76/><G33/><T21/><D80/><U17/><E17/><V127/><F82/><W32/><G32/><T91/><D77/><U114/><E114/><V15/><F31/><W55/><G76/><T67/><D1/><U38/><E38/><V25/><F35/><W11/><G130/><T133/><D133/><U121/><E121/><V69/><F39/><W90/><G131/><T113/><D113/><U98/><E98/><V6/><F96/><W16/><G85/><T74/><D74/><U62/><E62/><V105/><F37/><W128/><G128/><T81/><D81/><U87/><E87/><V104/><F94/><W124/><G84/><T115/><D115/><U51/><E51/><V47/><F104/><W118/><G118/><T23/><D50/><U22/><E22/><N who="0" m="8201" /><D0/><U75/><E75/><V103/><F105/><W106/><G106/><T61/><D10/><U122/><E122/><V108/><F107/><W99/><G8/><T134/><D61/><U12/><E12/><V48/><F15/><RYUUKYOKU ba="2,3" sc="270,-10,210,30,270,-10,220,-10" hai1="3,5,9,13,18,20,44,46,52,60,92,97,102" /><INIT seed="1,3,3,1,2,102" ten="260,240,260,210" oya="1" hai0="70,13,33,133,7,38,15,12,105,85,96,23,37" hai1="97,54,124,81,45,73,75,56,16,63,17,52,24" hai2="58,100,112,0,35,39,59,115,127,66,43,62,118" hai3="21,64,14,119,89,128,36,129,74,98,116,84,25"/><U108/><E124/><V11/><F118/><N who="3" m="45099" /><G74/><T123/><D33/><U95/><E108/><V32/><F127/><W109/><G109/><T34/><D34/><U44/><E75/><V77/><F77/><W8/><G36/><T61/><D133/><U103/><E73/><V88/><F100/><W68/><G64/><T41/><D123/><U130/><E130/><N who="3" m="50282" /><G98/><T94/><D7/><U79/><E79/><V53/><F39/><W132/><G132/><T55/><D41/><U40/><E81/><V78/><F43/><W80/><G68/><T49/><D85/><U90/><E103/><V2/><F78/><W93/><G80/><T22/><D105/><U3/><E3/><V42/><F2/><W48/><G48/><T28/><D28/><U110/><E110/><V71/><F0/><W135/><G135/><T6/><D6/><U106/><E106/><V120/><F71/><W19/><G25/><T27/><D27/><U117/><E117/><V31/><F31/><W107/><G107/><T86/><D86/><U82/><E82/><V69/><F69/><W111/><G111/><T9/><D38/><U121/><E121/><V18/><F120/><W29/><G29/><T113/><D37/><U65/><E24/><V122/><F122/><W1/><G1/><T92/><D61/><U72/><E72/><V30/><F62/><W50/><G50/><T10/><D70/><U20/><E65/><V125/><F66/><W114/><G114/><N who="2" m="43561" /><F125/><W104/><G104/><T134/><D113/><U67/><E67/><V87/><F30/><W26/><G26/><T76/><D134/><RYUUKYOKU ba="3,3" sc="260,-10,240,-10,260,-10,210,30" hai3="8,14,19,21,84,89,93" /><INIT seed="2,4,3,1,1,127" ten="250,230,250,240" oya="2" hai0="117,11,55,104,80,132,86,39,3,135,90,114,76" hai1="109,12,60,116,37,77,83,82,59,51,75,27,123" hai2="128,45,56,121,24,30,88,26,79,71,72,47,94" hai3="32,40,100,4,38,122,96,7,131,126,8,61,42"/><V111/><F71/><W107/><G122/><T21/><D114/><U67/><E116/><V18/><F121/><W28/><G126/><T93/><D104/><U108/><E123/><V9/><F111/><N who="1" m="42569" /><E37/><V13/><F128/><W15/><G61/><T101/><D39/><U134/><E134/><N who="0" m="51241" /><D21/><U87/><E12/><V66/><F79/><W78/><G78/><T124/><D124/><U103/><E103/><V50/><F72/><W115/><G115/><T95/><D55/><U34/><E51/><V120/><F120/><W31/><G131/><T10/><D117/><U6/><E6/><V23/><F26/><W69/><G38/><T35/><D35/><U41/><E41/><V68/><F68/><W133/><G69/><T74/><D3/><U62/><E62/><N who="2" m="38215" /><F50/><W106/><G133/><T44/><D44/><U58/><E58/><V5/><F5/><W36/><G4/><T92/><D101/><U73/><E83/><AGARI ba="4,3" hai="10,11,74,76,80,83,86,90,92,93,95" m="51241" machi="83" ten="30,1000,0" yaku="20,1" doraHai="127" who="0" fromWho="1" sc="250,52,230,-22,250,0,240,0" /><INIT seed="3,0,0,1,1,51" ten="302,208,250,240" oya="3" hai0="85,47,95,83,70,78,34,115,129,53,50,101,13" hai1="37,134,1,75,56,11,111,113,98,27,82,73,96" hai2="18,106,133,76,84,127,116,100,62,41,40,108,3" hai3="114,109,102,87,123,60,20,122,21,23,55,103,30"/><W79/><G114/><T28/><D70/><U31/><E113/><V88/><F3/><W19/><G30/><T132/><D115/><U104/><E111/><V2/><F2/><W17/><G109/><T39/><D39/><U6/><E134/><V52/><F116/><W8/><G123/><T124/><D132/><U54/><E37/><V25/><F133/><W46/><G122/><T130/><D124/><U4/><E4/><V68/><F68/><W86/><G8/><T99/><D13/><U43/><E43/><V48/><F62/><W29/><G29/><T22/><D22/><U14/><E1/><V91/><F100/><N who="3" m="38443" /><G46/><T77/><REACH who="0" step="1"/><D78/><REACH who="0" ten="292,208,250,240" step="2"/><U15/><E15/><V120/><F127/><W7/><G79/><T118/><D118/><U61/><E104/><V74/><F120/><W97/><G23/><T0/><D0/><U117/><E117/><V42/><F106/><W128/><G21/><T65/><D65/><U38/><E38/><V81/><F108/><W67/><G67/><T12/><D12/><U57/><E57/><N who="2" m="32903" /><F74/><W71/><G71/><T105/><D105/><U32/><REACH who="1" step="1"/><E82/><REACH who="1" ten="292,198,250,240" step="2"/><V36/><F36/><W107/><G107/><T66/><D66/><U9/><E9/><V10/><F10/><W5/><G20/><AGARI ba="0,2" hai="18,20,25,40,41,42,76,81,84,88,91" m="32903" machi="20" ten="30,7700,0" yaku="8,1,52,1,54,2" doraHai="51" who="2" fromWho="3" sc="292,0,198,0,250,97,240,-77" owari="292,9.2,198,-20.2,347,44.7,163,-33.7" /></mjloggm>