<mjloggm ver="2.3"><GO type="225" lobby="0"/><UN n0="%72%65%6E%6B%75%6E" n1="%38%63%E3%81%AF%E3%81%A3%E3%81%97%E3%83%BC" n2="%E5%B0%8F%E9%B3%A5%E9%81%8A%E7%B7%B4%E7%84%A1%32%31%E6%AD%B3" n3="%E6%A1%9C%E8%8A%B1%E9%96%83%E3%80%85" dan="17,16,16,16" rate="2253.34,2122.73,2184.75,2081.53" sx="M,M,F,M"/><TAIKYOKU oya="0"/><INIT seed="0,0,0,1,4,32" ten="250,250,250,250" oya="0" hai0="37,4,19,88,54,123,72,95,6,33,12,65,0" hai1="122,14,1,11,107,130,27,133,5,13,111,108,114" hai2="29,93,132,10,126,58,39,129,98,99,89,91,121" hai3="24,100,34,74,31,49,86,50,109,56,48,36,127"/><T52/><D72/><U41/><E107/><V128/><F39/><W85/><G109/><N who="1" m="42058" /><E41/><V55/><F121/><W125/><G74/><T8/><D37/><U51/><E51/><V15/><F29/><W26/><G36/><T47/><D123/><U79/><E79/><V119/><F126/><N who="3" m="48139" /><G100/><T96/><D33/><U75/><E75/><V64/><F64/><W66/><G24/><T62/><D47/><U43/><E43/><V135/><F119/><W23/><G34/><T44/><D44/><U131/><E122/><V18/><F89/><W104/><G104/><T77/><D77/><U45/><E45/><V28/><F28/><W120/><G120/><T40/><D40/><U83/><E83/><V16/><F18/><W22/><G22/><T80/><D80/><U117/><E117/><V2/><F98/><W87/><G66/><T113/><D113/><U81/><E81/><V73/><F73/><W134/><G134/><N who="2" m="51241" /><F2/><W42/><G42/><T76/><D76/><U46/><E133/><V84/><F84/><W115/><G115/><T35/><D35/><U124/><E124/><V112/><F112/><W7/><G7/><T3/><D4/><U118/><E118/><V57/><F55/><AGARI ba="0,0" hai="23,26,31,48,49,50,55,56,85,86,87" m="48139" machi="55" ten="30,1000,0" yaku="18,1" doraHai="32" who="3" fromWho="2" sc="250,0,250,0,250,-10,250,10" /><INIT seed="1,0,0,1,4,8" ten="250,250,240,260" oya="1" hai0="4,106,35,33,36,70,7,108,95,92,90,78,50" hai1="38,44,133,42,116,104,26,73,72,132,112,129,86" hai2="99,96,27,111,61,125,45,100,74,113,82,56,122" hai3="135,41,131,57,66,48,134,28,80,54,119,63,77"/><U89/><E116/><V123/><F111/><W68/><G28/><T120/><D36/><U117/><E117/><V2/><F2/><W121/><G119/><T24/><D106/><U59/><E112/><V97/><F100/><W126/><G121/><T6/><D70/><U19/><E104/><V29/><F125/><W62/><G126/><T23/><D108/><U43/><E129/><V25/><F45/><N who="3" m="25647" /><G80/><T81/><D120/><U128/><E42/><V115/><F82/><W94/><G94/><T65/><D65/><U64/><E128/><V93/><F93/><W52/><G77/><T75/><D50/><U5/><E5/><V103/><F74/><W0/><G0/><T15/><D95/><U17/><E59/><V58/><F103/><W22/><G22/><T14/><D33/><U11/><E64/><V16/><F29/><W88/><G88/><T127/><D35/><U46/><E46/><V124/><F99/><W49/><G131/><T76/><D127/><U32/><E32/><V114/><F124/><W130/><G130/><T20/><D20/><U9/><E73/><V102/><F114/><W84/><G84/><T87/><REACH who="0" step="1"/><D78/><REACH who="0" ten="240,250,240,260" step="2"/><U98/><E38/><V69/><F115/><W60/><G60/><T47/><D47/><AGARI ba="0,1" hai="47,49,52,54,57,62,63,66,68,134,135" m="25647" machi="47" ten="30,3900,0" yaku="34,2,54,1" doraHai="8" who="3" fromWho="0" sc="240,-39,250,0,240,0,260,49" /><INIT seed="2,0,0,2,4,37" ten="201,250,240,309" oya="2" hai0="80,47,19,64,110,119,29,89,67,77,98,16,117" hai1="48,52,62,25,87,40,69,49,26,63,32,2,3" hai2="130,50,65,132,107,115,1,54,101,17,6,43,55" hai3="8,22,99,121,31,66,38,116,28,133,36,131,74"/><V9/><F115/><W86/><G74/><T39/><D110/><U123/><E123/><V58/><F130/><W114/><G116/><N who="0" m="44619" /><D29/><U84/><E69/><V108/><F132/><W102/><G86/><N who="0" m="50375" /><D98/><U0/><E32/><V126/><F126/><W76/><G8/><T51/><D39/><U91/><E91/><V106/><F65/><N who="0" m="25162" /><D77/><U18/><E18/><V112/><F112/><W127/><G76/><T96/><D96/><U33/><E33/><V125/><F125/><W118/><G99/><T15/><D15/><U44/><E26/><V35/><F108/><W56/><G31/><T104/><D104/><U72/><E25/><V4/><F35/><W78/><G28/><T105/><D105/><U85/><REACH who="1" step="1"/><E72/><REACH who="1" ten="201,240,240,309" step="2"/><V129/><F129/><W21/><G131/><T128/><D128/><U14/><E14/><V59/><F17/><W94/><G118/><T53/><AGARI ba="0,1" hai="16,19,47,51,53" m="25162,50375,44619" machi="53" ten="30,2000,0" yaku="12,1,54,1" doraHai="37" who="0" fromWho="0" sc="201,30,240,-5,240,-10,309,-5" /><INIT seed="3,0,0,5,4,120" ten="231,235,230,304" oya="3" hai0="95,20,77,125,93,10,49,33,32,72,59,85,126" hai1="15,104,89,42,60,90,1,133,26,21,82,62,22" hai2="55,18,84,119,3,71,94,124,41,70,67,117,47" hai3="64,43,129,7,98,130,135,114,88,54,48,97,96"/><W40/><G114/><T58/><D72/><U24/><E1/><V86/><F3/><W11/><G64/><T34/><D10/><U65/><E104/><V115/><F115/><W46/><G135/><T75/><D20/><U8/><E133/><V28/><F28/><W118/><G88/><N who="1" m="33898" /><E82/><V103/><F124/><N who="0" m="47722" /><D75/><U19/><E42/><V5/><F5/><W123/><G118/><T51/><D77/><U9/><E9/><V44/><F67/><W81/><G81/><T30/><D30/><N who="1" m="17679" /><E65/><V108/><F108/><W36/><G123/><T105/><D105/><U131/><E131/><N who="3" m="50186" /><G36/><T17/><D17/><AGARI ba="0,0" hai="8,15,17,19,22,26,60,62" m="17679,33898" machi="17" ten="30,2000,0" yaku="8,1,54,1" doraHai="120" who="1" fromWho="0" sc="231,-20,235,20,230,0,304,0" owari="211,-28.9,255,5.5,230,-17.0,304,40.4" /></mjloggm>