<mjloggm ver="2.3"><GO type="225" lobby="0"/><UN n0="%E6%97%A5%E6%9B%9C%E6%97%A5%E3%82%88%E3%82%8A%E3%81%AE%E4%BD%BF%E8%80%85" n1="%E3%80%93%E3%81%97%E3%83%BC%E3%82%89%E3%80%93" n2="%E6%A1%9C%E8%8A%B1%E9%96%83%E3%80%85" n3="%6D%75%75%73%61%6E%6D%75" dan="16,16,16,16" rate="2096.40,2165.94,2160.29,2169.60" sx="M,M,M,F"/><TAIKYOKU oya="0"/><INIT seed="0,0,0,3,2,72" ten="250,250,250,250" oya="0" hai0="58,119,71,103,70,23,91,104,48,41,40,61,12" hai1="125,106,22,29,133,83,54,56,128,20,42,25,90" hai2="67,134,87,96,18,97,114,49,36,24,33,77,34" hai3="93,50,30,131,9,6,123,68,88,75,66,53,19"/><T135/><D104/><U1/><E106/><V26/><F36/><W78/><G131/><T17/><D103/><U45/><E1/><V4/><F114/><W116/><G116/><T60/><D119/><U44/><E128/><V98/><F134/><W15/><G123/><T2/><D2/><U81/><E133/><V82/><F4/><W84/><G30/><T107/><D107/><U108/><E108/><V35/><F67/><W28/><G28/><T39/><D39/><U89/><E22/><V37/><F37/><W10/><G68/><T112/><D135/><U73/><E125/><V85/><F18/><W99/><G66/><T32/><D32/><U69/><E69/><V126/><F126/><W110/><G75/><T118/><D118/><U95/><E89/><V21/><F21/><N who="3" m="11519" /><G110/><T59/><D112/><U111/><E111/><V8/><F8/><W55/><G6/><T121/><D121/><U120/><E120/><V109/><F109/><W124/><G124/><T16/><D91/><U47/><E73/><V74/><REACH who="2" step="1"/><F49/><REACH who="2" ten="250,250,240,250" step="2"/><W46/><G53/><T7/><D7/><U38/><E38/><V80/><F80/><AGARI ba="0,1" hai="9,10,46,50,55,78,80,84,88,93,99" m="11519" machi="80" ten="30,3900,0" yaku="8,1,52,1,54,1" doraHai="72" who="3" fromWho="2" sc="250,0,250,0,240,-39,250,49" /><INIT seed="1,0,0,2,2,74" ten="250,250,201,299" oya="1" hai0="32,0,27,40,58,117,8,26,20,3,72,13,124" hai1="130,126,135,30,123,87,79,89,71,69,61,11,60" hai2="119,24,47,85,90,45,76,51,128,65,52,38,59" hai3="16,109,73,67,125,83,122,23,31,134,97,14,75"/><U102/><E123/><V133/><F119/><W48/><G122/><T5/><D117/><U4/><E30/><V57/><F133/><W115/><G115/><T63/><D72/><U66/><E102/><V105/><F105/><W35/><G134/><T94/><D124/><U91/><E130/><V78/><F128/><W17/><G125/><T132/><D132/><U113/><E113/><V25/><F59/><W9/><G109/><T22/><D40/><U88/><E135/><V33/><F38/><W68/><G35/><T15/><D94/><U121/><E121/><V49/><F65/><W104/><G31/><N who="0" m="19575" /><D58/><U29/><E29/><V127/><F127/><W42/><G68/><T39/><D63/><U53/><E126/><V107/><F107/><W120/><G67/><T1/><D39/><U108/><E108/><V55/><F57/><W100/><G120/><T98/><D98/><U37/><E37/><V99/><F99/><W43/><G73/><T82/><D82/><U95/><E53/><V64/><F64/><W54/><G83/><T7/><D27/><N who="2" m="10314" /><F33/><W116/><G75/><T84/><D84/><U103/><E71/><V2/><F2/><W41/><G116/><T96/><D96/><N who="1" m="59807" /><E61/><V12/><F12/><N who="0" m="4682" /><D8/><U86/><E86/><V70/><F70/><W34/><G34/><T6/><AGARI ba="0,0" hai="0,1,3,5,6,7,20,22" m="4682,19575" machi="6" ten="40,8000,1" yaku="35,5" doraHai="74" who="0" fromWho="0" sc="250,80,250,-40,201,-20,299,-20" /><INIT seed="2,0,0,0,2,100" ten="330,210,181,279" oya="2" hai0="14,35,86,8,79,131,132,68,2,123,34,33,78" hai1="76,99,88,134,93,20,16,46,7,115,91,67,59" hai2="74,117,95,51,108,121,109,48,110,44,39,69,128" hai3="36,104,65,90,42,47,50,61,92,23,125,9,28"/><V113/><F74/><W12/><G125/><T15/><D123/><U37/><E134/><V114/><F95/><W13/><G36/><T105/><D68/><U82/><E115/><N who="2" m="44043" /><F121/><W118/><G118/><T0/><D86/><N who="1" m="48455" /><E37/><V5/><F5/><W97/><G104/><T60/><D105/><U54/><E7/><V73/><F73/><W102/><G90/><T49/><D49/><N who="2" m="19018" /><F128/><W22/><G22/><T43/><D15/><N who="1" m="9247" /><E46/><V85/><F85/><W3/><G3/><T55/><D2/><U18/><E18/><V66/><F117/><W45/><G45/><T70/><D0/><U17/><E17/><V106/><F106/><W64/><G9/><T98/><D8/><U130/><E130/><V57/><F69/><W6/><G6/><T27/><D70/><U119/><E119/><V77/><F77/><W31/><G12/><T111/><D79/><U72/><E72/><V107/><F107/><W120/><G120/><T101/><D78/><U122/><E122/><V83/><F83/><W63/><G13/><T29/><D14/><U10/><E10/><V1/><F1/><W80/><G80/><T81/><D81/><U21/><E21/><V56/><F66/><N who="3" m="25707" /><G23/><T62/><D34/><U30/><E67/><V40/><AGARI ba="0,0" hai="39,40,44,56,57,108,109,110" m="19018,44043" machi="40" ten="40,12000,1" yaku="14,1,10,1,34,2" doraHai="100" who="2" fromWho="2" sc="330,-40,210,-40,181,120,279,-40" /><INIT seed="2,1,0,0,1,81" ten="290,170,301,239" oya="2" hai0="95,131,78,75,107,32,59,0,125,108,89,98,124" hai1="117,134,29,44,30,12,35,90,27,68,112,56,13" hai2="102,73,49,110,15,82,21,41,8,129,24,63,70" hai3="46,65,47,115,54,43,71,127,20,100,123,79,111"/><V14/><F129/><W116/><G123/><T120/><D0/><U109/><E68/><V18/><F102/><W48/><G116/><T50/><D32/><U23/><E117/><V69/><F15/><W76/><G111/><T16/><D120/><U55/><E109/><V105/><F105/><W28/><G127/><N who="0" m="48715" /><D108/><U92/><E112/><V91/><F110/><W67/><G115/><T52/><D131/><U83/><E134/><V61/><F70/><W39/><G100/><T37/><D37/><U130/><E130/><V66/><F73/><W9/><G9/><T128/><D128/><U119/><E119/><V104/><F104/><W72/><G72/><T135/><D107/><U10/><E83/><V53/><F41/><W96/><G96/><T93/><D135/><U4/><E44/><N who="2" m="27815" /><F66/><W19/><G71/><T97/><D75/><U99/><E13/><V57/><F57/><W45/><G45/><T64/><D78/><U34/><REACH who="1" step="1"/><E30/><REACH who="1" ten="290,160,301,239" step="2"/><N who="2" m="17679" /><F69/><W122/><G122/><T7/><D59/><U22/><E22/><V84/><AGARI ba="1,1" hai="8,14,18,61,63,82,84,91" m="17679,27815" machi="84" ten="30,6000,0" yaku="25,1,8,1,52,1" doraHai="81" who="2" fromWho="2" sc="290,-21,160,-21,301,73,239,-21" /><INIT seed="2,2,0,2,0,83" ten="269,139,374,218" oya="2" hai0="72,128,58,55,77,85,96,125,6,134,73,57,13" hai1="103,112,1,117,87,47,69,23,15,122,63,33,135" hai2="126,78,91,110,60,89,106,84,42,98,26,22,39" hai3="10,88,40,36,115,104,133,74,49,30,116,70,94"/><V8/><F126/><W93/><G116/><T71/><D71/><U131/><E33/><V119/><F119/><W14/><G104/><T4/><D125/><U52/><E1/><V127/><F127/><W17/><G70/><T62/><D128/><U123/><E117/><V75/><F75/><W107/><G107/><T97/><D73/><U35/><E35/><V109/><F8/><W105/><G105/><T28/><D72/><U100/><E112/><V108/><F60/><W5/><G74/><T31/><D134/><U82/><E131/><V11/><F11/><W130/><G130/><T9/><D4/><U64/><E135/><V65/><F65/><W32/><G133/><T95/><D58/><U61/><E23/><V24/><F42/><W101/><G36/><T121/><D121/><N who="1" m="46091" /><E15/><V111/><F39/><W76/><G76/><T25/><D25/><N who="2" m="9834" /><F22/><W51/><G115/><T2/><D2/><U118/><E118/><V7/><F7/><W132/><G132/><T79/><D31/><U43/><E43/><V38/><F38/><W16/><G32/><T99/><D28/><U81/><E81/><N who="2" m="47159" /><F111/><W20/><G30/><T124/><D124/><U92/><E92/><V37/><F37/><W59/><G40/><T113/><D113/><U102/><E63/><V41/><F41/><W50/><G5/><T45/><D45/><U120/><N who="1" m="46099" /><U27/><DORA hai="0" /><E27/><V129/><F129/><W21/><G17/><T114/><D114/><U12/><E12/><V19/><F19/><W67/><G20/><T29/><D29/><U68/><E68/><V66/><F109/><RYUUKYOKU ba="2,0" sc="269,30,139,-10,374,-10,218,-10" hai0="6,9,13,55,57,62,77,79,85,95,96,97,99" /><INIT seed="3,3,0,2,2,107" ten="299,129,364,208" oya="3" hai0="61,60,86,90,55,71,114,8,56,98,6,12,40" hai1="29,88,76,85,75,67,34,80,104,36,119,1,9" hai2="94,99,62,45,49,19,122,120,124,52,78,25,79" hai3="54,43,91,59,93,97,115,20,116,11,117,53,92"/><W135/><G115/><T3/><D114/><U15/><E119/><V89/><F124/><W31/><G135/><T16/><D40/><U26/><E36/><V28/><F19/><W5/><G43/><T132/><D132/><U47/><E104/><V65/><F122/><W105/><G105/><T21/><D98/><U102/><E102/><V83/><F83/><W125/><G125/><T46/><D46/><U130/><E130/><V134/><F120/><W131/><G131/><T32/><D32/><U68/><E47/><V101/><F101/><W23/><G93/><T123/><D123/><U103/><E103/><V51/><F51/><W113/><G113/><T112/><D112/><U109/><E109/><V18/><F18/><W73/><G31/><T41/><D41/><U30/><E1/><V35/><F134/><W63/><G53/><T39/><D39/><U108/><E108/><V95/><F95/><W22/><G116/><T74/><D74/><U69/><E30/><V127/><F127/><W110/><G110/><T48/><REACH who="0" step="1"/><D71/><AGARI ba="3,0" hai="25,28,35,45,49,52,62,65,71,78,79,89,94,99" machi="71" ten="30,2000,0" yaku="7,1,54,1" doraHai="107" who="2" fromWho="0" sc="299,-29,129,0,364,29,208,0" owari="270,7.0,129,-37.1,393,49.3,208,-19.2" /></mjloggm>