<mjloggm ver="2.3"><GO type="225" lobby="0"/><UN n0="%E4%BA%95%E5%B8%AF" n1="%E6%A1%9C%E8%8A%B1%E9%96%83%E3%80%85" n2="%E3%81%8B%E3%82%8F%E3%81%A1%E3%82%83%E3%82%93%35%38" n3="%E6%9D%BE%E6%9C%AC%E5%81%A5%E7%94%B7" dan="16,16,16,16" rate="2046.82,2064.50,2146.77,2140.81" sx="M,M,M,M"/><TAIKYOKU oya="0"/><INIT seed="0,0,0,2,4,94" ten="250,250,250,250" oya="0" hai0="108,122,20,45,7,11,50,53,4,43,120,30,102" hai1="125,110,41,66,75,60,69,115,44,70,71,119,121" hai2="27,10,58,95,135,78,123,28,76,63,112,18,46" hai3="54,65,105,15,33,26,59,49,79,35,52,56,32"/><T19/><D108/><U55/><E75/><V61/><F123/><W87/><G105/><T89/><D30/><U91/><E91/><V16/><F112/><W13/><G65/><T42/><D7/><U109/><E121/><V99/><F135/><W24/><G79/><N who="2" m="30249" /><F46/><W111/><G111/><N who="1" m="42506" /><E119/><V129/><F129/><W97/><G97/><T113/><D102/><U90/><E90/><N who="2" m="55799" /><F10/><W130/><G87/><T124/><D124/><U126/><E55/><N who="2" m="34015" /><F63/><W84/><G84/><T38/><D89/><U23/><E23/><AGARI ba="0,0" hai="16,18,23,27,28" m="34015,55799,30249" machi="23" ten="30,3900,0" yaku="8,1,52,1,54,1" doraHai="94" who="2" fromWho="1" sc="250,0,250,-39,250,39,250,0" /><INIT seed="1,0,0,4,0,48" ten="250,211,289,250" oya="1" hai0="39,22,128,134,63,90,14,61,102,103,89,40,93" hai1="4,98,91,126,57,31,11,0,129,54,116,107,47" hai2="125,49,82,81,34,67,26,104,27,68,71,77,37" hai3="60,41,92,69,120,95,70,8,58,86,115,112,85"/><U80/><E116/><V51/><F67/><W16/><G120/><T100/><D128/><U17/><E129/><V45/><F45/><W38/><G41/><T24/><D134/><U10/><E126/><V3/><F3/><W20/><G38/><T30/><D39/><U84/><E31/><V132/><F77/><W105/><G105/><T118/><D40/><U114/><E114/><V111/><F37/><W12/><G70/><T121/><D121/><U87/><E47/><V76/><F76/><W119/><G69/><T72/><D72/><U96/><E107/><V131/><F131/><W65/><G119/><T2/><D2/><U97/><E87/><N who="3" m="33290" /><G115/><T44/><D44/><U101/><E17/><V9/><F104/><W23/><G112/><T21/><D118/><U124/><E10/><V18/><F9/><W94/><AGARI ba="0,0" hai="8,12,16,20,23,58,60,65,92,94,95" m="33290" machi="94" ten="30,2000,0" yaku="8,1,54,1" doraHai="48" who="3" fromWho="3" sc="250,-5,211,-10,289,-5,250,20" /><INIT seed="2,0,0,3,2,64" ten="245,201,284,270" oya="2" hai0="1,105,90,116,81,60,91,29,34,65,84,132,108" hai1="36,18,88,122,85,135,130,128,35,48,61,101,67" hai2="50,24,69,134,53,113,100,21,126,121,14,133,26" hai3="4,98,3,79,103,58,78,19,7,40,45,25,16"/><V114/><F100/><W72/><G58/><T15/><D1/><U28/><E36/><V87/><F87/><W106/><G72/><T89/><D108/><U82/><E135/><V74/><F74/><W119/><G119/><T102/><D132/><U27/><E122/><V66/><F50/><W47/><G47/><T42/><D15/><U57/><E101/><V129/><F66/><W111/><G111/><T31/><D31/><U12/><REACH who="1" step="1"/><E48/><REACH who="1" ten="245,191,284,270" step="2"/><V2/><F121/><W54/><G103/><T30/><D102/><U99/><E99/><V63/><F133/><W0/><G98/><T86/><D116/><U9/><AGARI ba="0,1" hai="9,12,18,27,28,35,57,61,67,82,85,88,128,130" machi="9" ten="30,7900,0" yaku="1,1,0,1,54,1,53,1" doraHai="64" doraHaiUra="62" who="1" fromWho="1" sc="245,-20,191,89,284,-39,270,-20" /><INIT seed="3,0,0,0,5,66" ten="225,280,245,250" oya="3" hai0="22,30,77,59,113,131,82,57,88,75,39,92,134" hai1="109,20,43,44,122,46,62,53,80,110,0,70,115" hai2="49,94,54,87,68,6,126,25,121,36,37,40,96" hai3="32,35,21,78,129,112,117,34,86,63,56,55,12"/><W19/><G112/><T41/><D113/><U74/><E115/><V58/><F6/><W76/><G117/><T101/><D131/><U99/><E122/><V85/><F121/><W103/><G129/><T29/><D134/><U11/><E20/><V27/><F68/><W50/><G103/><T105/><D41/><U64/><E99/><V91/><F37/><W38/><G38/><T10/><D39/><N who="1" m="21631" /><E53/><V42/><F126/><W14/><G86/><N who="2" m="32777" /><F36/><W124/><G124/><T73/><D73/><U119/><E46/><N who="2" m="25799" /><F42/><W2/><G2/><T28/><D22/><U71/><E71/><V120/><F120/><W123/><G123/><T3/><D101/><U108/><E119/><V15/><F15/><W26/><G12/><T97/><REACH who="0" step="1"/><D105/><REACH who="0" ten="215,280,245,250" step="2"/><U67/><E74/><V51/><AGARI ba="0,1" hai="25,27,51,54,58,91,94,96" m="25799,32777" machi="51" ten="30,1100,0" yaku="8,1" doraHai="66" who="2" fromWho="2" sc="215,-3,280,-3,245,21,250,-5" /><INIT seed="4,0,0,1,5,27" ten="212,277,266,245" oya="0" hai0="67,43,25,0,49,80,42,127,74,13,115,88,68" hai1="132,50,10,41,85,33,130,5,123,102,103,23,118" hai2="51,37,104,59,15,12,22,107,72,48,29,8,76" hai3="94,93,4,45,31,81,39,90,7,87,32,28,105"/><T77/><D0/><U57/><E33/><V99/><F37/><W44/><G105/><T34/><D115/><U54/><E118/><V52/><F72/><W62/><G62/><T83/><D127/><U98/><E123/><V114/><F114/><W96/><G94/><T71/><D13/><U100/><E132/><V101/><F76/><W16/><G16/><T78/><D88/><U30/><E130/><V120/><F120/><W122/><G122/><T56/><D56/><U60/><E85/><V135/><F135/><W55/><G39/><T126/><D126/><U36/><E36/><V125/><F125/><W46/><G55/><T11/><D11/><U92/><E41/><V63/><F107/><W6/><REACH who="3" step="1"/><G32/><REACH who="3" ten="212,277,266,235" step="2"/><T84/><D67/><U108/><E60/><V91/><F63/><W53/><G53/><T1/><D1/><U111/><E111/><V26/><F51/><W21/><G21/><T134/><D134/><U40/><E108/><V38/><F38/><W24/><G24/><T73/><D84/><U70/><E40/><V129/><F129/><W66/><G66/><T64/><D64/><U89/><E23/><V14/><REACH who="2" step="1"/><F91/><AGARI ba="0,1" hai="4,6,7,28,31,44,45,46,81,87,90,91,93,96" machi="91" ten="40,8000,1" yaku="1,1,8,1,52,2,53,0" doraHai="27" doraHaiUra="19" who="3" fromWho="2" sc="212,0,277,0,266,-80,235,90" owari="212,-18.8,277,7.7,186,-31.4,325,42.5" /></mjloggm>