<mjloggm ver="2.3"><GO type="225" lobby="0"/><UN n0="%E5%B0%8F%E5%AE%AE%E3%81%9F%E3%81%9A%E3%81%8D" n1="%E5%B8%86%E7%AB%8B%E5%A4%8F%E8%A1%A3" n2="%E4%B8%89%E5%88%86%E5%B0%8F%E5%83%A7" n3="%E9%B4%A8%4E%45%47%49" dan="16,17,16,16" rate="2144.98,2160.99,2089.18,2130.95" sx="F,M,M,M"/><TAIKYOKU oya="0"/><INIT seed="0,0,0,4,0,13" ten="250,250,250,250" oya="0" hai0="131,86,57,82,9,4,61,124,116,12,72,17,99" hai1="6,90,11,35,1,29,44,66,105,69,106,101,129" hai2="34,79,93,49,102,10,36,26,100,88,134,110,64" hai3="78,128,117,52,77,31,60,126,27,104,23,63,68"/><T47/><D124/><U133/><E90/><V7/><F36/><W20/><G117/><T50/><D131/><U83/><E133/><V103/><F110/><W98/><G126/><T120/><D120/><U113/><E129/><V75/><F134/><W132/><G132/><T58/><D116/><U123/><E123/><V0/><F64/><W42/><G42/><N who="0" m="24951" /><D72/><U125/><E125/><V38/><F38/><W28/><G128/><T25/><D99/><U107/><E113/><V43/><F75/><W96/><G52/><N who="0" m="33959" /><D58/><U67/><E83/><V91/><F79/><W95/><G104/><T41/><D41/><U33/><E44/><V48/><F43/><W15/><G68/><T97/><D97/><N who="1" m="61615" /><E67/><V18/><F34/><N who="1" m="12809" /><E29/><V40/><F40/><W122/><G122/><T56/><D56/><U21/><E21/><V5/><F49/><W70/><G70/><T118/><D118/><U135/><E135/><V121/><F48/><W32/><G32/><T53/><D53/><U62/><AGARI ba="0,0" hai="1,6,11,62,66,69,106,107" m="12809,61615" machi="62" ten="30,2000,0" yaku="33,2" doraHai="13" who="1" fromWho="1" sc="250,-10,250,20,250,-5,250,-5" /><INIT seed="1,0,0,0,0,81" ten="240,270,245,245" oya="1" hai0="96,36,112,27,101,18,16,109,76,58,75,40,10" hai1="67,26,6,13,134,116,46,57,90,98,107,55,119" hai2="126,35,95,69,4,42,45,0,88,41,29,44,63" hai3="48,124,7,21,135,133,102,120,84,20,62,113,71"/><U91/><E134/><N who="3" m="51210" /><G102/><T85/><D112/><U34/><E107/><V86/><F126/><W94/><G120/><T56/><D75/><U52/><E119/><V49/><F35/><W73/><G113/><T43/><D109/><U128/><E128/><V117/><F29/><W33/><G33/><T131/><D131/><U3/><E3/><V111/><F111/><W19/><G73/><T80/><D36/><U89/><E116/><V28/><F28/><W32/><G32/><T64/><D96/><U77/><E77/><V2/><F4/><W123/><G123/><T127/><D101/><U129/><E129/><V99/><F117/><W31/><G7/><T79/><D127/><U66/><E26/><V14/><F14/><N who="3" m="9335" /><G48/><T114/><D114/><U118/><E34/><V97/><F0/><W115/><G115/><T17/><D10/><N who="1" m="4311" /><E118/><V60/><F2/><W74/><G74/><T105/><D105/><U130/><E130/><V68/><F68/><W110/><G71/><T82/><D27/><U50/><E98/><N who="2" m="37387" /><F69/><W30/><G110/><T83/><D64/><U39/><E39/><V54/><F45/><W78/><G31/><T70/><D70/><U92/><E92/><V65/><F65/><W72/><G94/><T93/><D79/><U38/><E38/><V100/><F100/><W103/><G103/><T1/><D76/><U24/><E24/><V25/><F25/><N who="3" m="16687" /><G124/><T87/><D1/><U8/><E8/><V22/><F22/><W15/><G72/><T5/><D93/><U125/><E125/><V9/><F9/><W122/><G122/><T47/><D5/><RYUUKYOKU ba="0,0" sc="240,-15,270,15,245,15,245,-15" hai1="46,50,52,55,57,66,67,89,90,91" hai2="41,42,44,49,54,60,63,86,88,95" /><INIT seed="1,1,0,3,2,68" ten="225,285,260,230" oya="1" hai0="86,24,42,36,105,133,18,39,102,52,107,45,127" hai1="83,31,53,17,129,87,77,75,112,121,81,22,92" hai2="54,78,124,40,49,100,6,118,63,15,4,97,120" hai3="99,59,14,76,8,80,130,57,44,128,50,111,93"/><U122/><E112/><V89/><F118/><W90/><G111/><T114/><D114/><U94/><E129/><V34/><F34/><W70/><G70/><T103/><D39/><U104/><E31/><V115/><F120/><W64/><G64/><T12/><D127/><U134/><E134/><V69/><F124/><W96/><G96/><T13/><D133/><U110/><E110/><V132/><F78/><W126/><G126/><T88/><D24/><U23/><E104/><V10/><F89/><W51/><G51/><T67/><D67/><U79/><E23/><V3/><F115/><W11/><G11/><T30/><D30/><U71/><E71/><V41/><F132/><W37/><G37/><T0/><D0/><U60/><E94/><V98/><F98/><W29/><G29/><T2/><D2/><U25/><E92/><V84/><F84/><N who="3" m="48135" /><G130/><T119/><D119/><U66/><E66/><V56/><F69/><W106/><G106/><T26/><D107/><U95/><E95/><V61/><F3/><W5/><G128/><T32/><D105/><U55/><E55/><AGARI ba="1,0" hai="5,8,14,44,50,55,57,59,90,93,99" m="48135" machi="55" ten="30,1000,0" yaku="8,1" doraHai="68" who="3" fromWho="1" sc="225,0,285,-13,260,0,230,13" /><INIT seed="2,0,0,3,0,11" ten="225,272,260,243" oya="2" hai0="42,74,119,126,116,76,56,113,104,41,125,106,46" hai1="14,38,48,75,35,51,26,18,58,20,33,118,72" hai2="86,109,36,124,57,101,27,70,60,87,91,121,9" hai3="5,81,45,15,31,30,128,8,77,24,44,7,93"/><V47/><F70/><W78/><G128/><T59/><D74/><U64/><E118/><N who="0" m="45097" /><D76/><U25/><E38/><V85/><F121/><W65/><G65/><T100/><D100/><U84/><E75/><V13/><F124/><N who="0" m="47722" /><D113/><U2/><E2/><V103/><F109/><W50/><G7/><T53/><D106/><U117/><E72/><V3/><F3/><W115/><G31/><T73/><D73/><U61/><E117/><V90/><F27/><N who="1" m="10249" /><E35/><V6/><F47/><W102/><G45/><T63/><D104/><U129/><E33/><V29/><F29/><W55/><G115/><T80/><D80/><U94/><E129/><V21/><F21/><W67/><G81/><T16/><D46/><U54/><E64/><N who="2" m="38927" /><F36/><W96/><REACH who="3" step="1"/><G67/><REACH who="3" ten="225,272,260,233" step="2"/><N who="0" m="39399" /><D16/><U132/><E18/><V107/><F107/><W62/><G62/><AGARI ba="0,1" hai="41,42,53,59,62" m="39399,47722,45097" machi="62" ten="30,7700,0" yaku="12,1,18,1,34,2" doraHai="11" who="0" fromWho="3" sc="225,87,272,0,260,0,233,-77" /><INIT seed="3,0,0,5,0,107" ten="312,272,260,156" oya="3" hai0="8,46,19,126,52,103,44,74,13,86,129,105,69" hai1="94,21,49,68,101,110,34,132,88,66,108,118,20" hai2="3,128,92,116,26,130,122,22,109,115,131,85,2" hai3="6,99,17,104,11,119,36,4,47,133,75,56,48"/><W9/><G119/><T41/><D74/><U38/><E38/><V16/><F115/><W82/><G133/><T80/><D69/><U10/><E34/><V83/><F116/><W7/><G36/><T102/><D126/><U117/><E101/><V30/><F109/><N who="1" m="42089" /><E132/><V97/><F122/><W106/><G56/><T0/><D129/><U51/><E118/><V79/><REACH who="2" step="1"/><F30/><REACH who="2" ten="312,272,250,156" step="2"/><W29/><G29/><T39/><D105/><U96/><E117/><V33/><F33/><W78/><G106/><T27/><D0/><U100/><E100/><AGARI ba="0,1" hai="2,3,16,22,26,79,83,85,92,97,100,128,130,131" machi="100" ten="40,5200,0" yaku="1,1,19,1,54,1,53,0" doraHai="107" doraHaiUra="25" who="2" fromWho="1" sc="312,0,272,-52,250,62,156,0" owari="312,41.2,220,-18.0,312,11.2,156,-34.4" /></mjloggm>