<mjloggm ver="2.3"><GO type="225" lobby="0"/><UN n0="%E8%81%B7%E6%A5%AD%E3%80%81%E9%A2%A8%32" n1="%E5%B8%86%E7%AB%8B%E5%A4%8F%E8%A1%A3" n2="%6D%75%75%6D%75%72%61" n3="%E7%B4%AB%E3%81%AE%E9%8F%A1" dan="16,16,16,16" rate="2128.79,2064.97,2153.38,2025.70" sx="M,M,F,M"/><TAIKYOKU oya="0"/><INIT seed="0,0,0,3,2,26" ten="250,250,250,250" oya="0" hai0="41,73,6,18,2,114,72,42,98,66,106,95,74" hai1="133,93,135,52,122,59,96,8,16,7,37,54,31" hai2="4,84,75,29,68,115,56,91,5,124,102,127,120" hai3="27,30,61,35,97,92,104,17,107,100,46,12,82"/><T38/><D114/><U49/><E122/><V101/><F68/><W55/><G82/><T131/><D106/><U34/><E37/><V118/><F75/><W111/><G111/><T99/><D131/><U3/><E16/><V50/><F120/><W126/><G126/><N who="2" m="48169" /><F115/><W117/><G117/><T70/><D2/><U57/><E34/><V125/><N who="2" m="48177" /><V20/><DORA hai="94" /><F118/><W11/><REACH who="3" step="1"/><G61/><REACH who="3" ten="250,250,250,240" step="2"/><T86/><D74/><U15/><E133/><V64/><F50/><AGARI ba="0,1" hai="11,12,17,27,30,35,46,50,55,92,97,100,104,107" machi="50" ten="40,8000,1" yaku="1,1,2,1,52,2,53,1" doraHai="26,94" doraHaiUra="21,32" who="3" fromWho="2" sc="250,0,250,0,250,-80,240,90" /><INIT seed="1,0,0,0,3,1" ten="250,250,170,330" oya="1" hai0="21,88,0,50,82,81,113,122,79,54,62,17,33" hai1="55,87,29,80,101,26,15,114,107,126,90,37,111" hai2="133,70,128,32,77,84,132,104,20,7,66,106,98" hai3="96,59,16,31,12,30,95,72,121,89,97,22,102"/><U86/><E114/><V57/><F32/><W76/><G121/><T35/><D113/><U8/><E126/><V61/><F128/><W23/><G72/><T68/><D122/><U100/><E37/><V129/><F129/><W34/><G34/><T27/><D0/><U13/><E111/><V119/><F119/><W65/><G76/><T3/><D3/><U43/><E43/><V46/><F70/><W108/><G108/><T14/><D68/><U49/><E87/><V9/><F20/><W58/><G65/><T6/><D62/><U2/><E2/><N who="2" m="247" /><F46/><W116/><G116/><T75/><D82/><U67/><E67/><V40/><F40/><W117/><G117/><T94/><D14/><U127/><E127/><V103/><F84/><W131/><G131/><T44/><REACH who="0" step="1"/><D6/><REACH who="0" ten="240,250,170,330" step="2"/><N who="1" m="3223" /><E15/><V19/><F77/><W109/><G109/><T48/><D48/><U11/><E11/><V39/><F39/><W53/><G12/><T71/><D71/><U45/><E107/><V25/><F106/><W47/><G95/><T83/><D83/><U56/><E56/><V64/><F104/><W63/><G59/><T135/><D135/><U73/><E73/><V52/><F133/><W91/><G58/><T36/><D36/><U125/><E125/><V124/><F132/><W93/><G63/><T120/><D120/><U60/><E60/><V28/><F124/><W4/><G4/><T42/><D42/><U105/><E105/><N who="2" m="63735" /><F66/><W69/><G69/><T130/><D130/><U51/><E51/><V18/><F64/><W85/><G53/><T24/><D24/><U118/><E118/><RYUUKYOKU ba="0,1" sc="240,10,250,10,170,10,330,-30" hai0="17,21,27,33,35,44,50,54,75,79,81,88,94" hai1="26,29,45,49,55,80,86,90,100,101" hai2="18,19,25,28,52,57,61" /><INIT seed="1,1,1,1,4,15" ten="250,260,180,300" oya="1" hai0="117,44,118,45,47,77,107,55,17,66,13,124,125" hai1="74,80,72,36,78,121,29,37,82,26,48,103,59" hai2="61,83,6,30,18,3,115,14,25,11,110,42,4" hai3="76,134,34,120,53,130,22,87,93,96,116,92,51"/><U73/><E121/><V68/><F110/><W94/><G120/><T111/><D111/><U0/><E48/><V91/><F115/><W70/><G34/><T84/><D107/><U50/><E50/><V38/><F38/><N who="1" m="14953" /><E59/><V79/><F42/><W24/><G70/><T128/><D55/><U1/><E103/><V35/><F91/><W75/><G75/><N who="1" m="28746" /><E82/><V127/><F127/><N who="0" m="48714" /><D66/><U49/><E49/><V106/><F106/><W104/><G104/><T41/><D41/><U16/><E16/><V28/><F28/><W2/><G51/><T99/><D99/><U69/><E69/><V71/><F61/><W23/><G96/><T122/><D122/><U100/><E100/><V19/><F6/><W27/><G53/><T63/><D63/><U46/><E46/><V126/><F126/><W95/><G95/><T10/><D128/><U112/><E112/><V62/><F62/><W113/><G130/><T105/><D105/><U57/><E57/><V5/><F5/><W31/><G113/><T129/><D129/><U64/><E64/><V65/><F65/><W109/><G93/><T114/><D114/><U43/><E43/><V56/><F56/><W7/><G92/><T86/><D77/><U97/><E97/><V9/><REACH who="2" step="1"/><F19/><REACH who="2" ten="250,260,170,300" step="2"/><W89/><G109/><T98/><D17/><U90/><E90/><V33/><F33/><AGARI ba="1,2" hai="0,1,26,29,33,74,78,80" m="28746,14953" machi="33" ten="30,2900,0" yaku="33,2" doraHai="15" who="1" fromWho="2" sc="250,0,260,52,170,-32,300,0" /><INIT seed="1,2,0,3,0,112" ten="250,312,138,300" oya="1" hai0="80,61,114,101,107,120,71,111,60,106,113,108,116" hai1="98,3,27,12,77,79,110,38,115,118,123,9,133" hai2="40,117,54,68,129,90,63,95,18,23,86,134,109" hai3="121,11,15,46,58,124,34,29,22,64,17,83,1"/><U102/><E115/><V119/><F109/><N who="0" m="42058" /><D120/><U8/><E110/><V105/><F129/><W93/><G121/><T97/><D107/><U50/><E38/><V126/><F126/><W33/><G93/><T44/><D116/><U72/><E123/><V125/><F125/><W55/><G124/><T76/><D44/><U48/><E3/><V42/><F134/><W35/><G64/><N who="0" m="41351" /><D61/><U45/><E133/><V104/><F104/><W100/><G100/><T62/><D62/><U25/><E72/><AGARI ba="2,0" hai="72,76,80,97,101,106,113,114" m="41351,42058" machi="72" ten="30,2000,0" yaku="14,1,23,1" doraHai="112" who="0" fromWho="1" sc="250,26,312,-26,138,0,300,0" /><INIT seed="2,0,0,5,5,118" ten="276,286,138,300" oya="2" hai0="62,56,63,21,6,108,90,0,129,14,132,114,92" hai1="83,54,101,23,43,72,8,69,93,133,112,19,66" hai2="50,76,88,116,110,20,60,11,10,22,15,61,67" hai3="103,58,104,99,85,75,87,77,78,113,53,115,64"/><V25/><F116/><W39/><G39/><T16/><D108/><U31/><E112/><N who="3" m="43082" /><G64/><T134/><D114/><U122/><E133/><N who="0" m="51305" /><D129/><U119/><E119/><V94/><F110/><W82/><G77/><T45/><D45/><U123/><E43/><V37/><F37/><W4/><G4/><T79/><D79/><N who="1" m="44519" /><E31/><V120/><F76/><W46/><G46/><T18/><D0/><U95/><E8/><V7/><F120/><N who="1" m="46121" /><E101/><V81/><F81/><W1/><G1/><T36/><D36/><U97/><E97/><N who="2" m="57543" /><F67/><W24/><G24/><N who="0" m="14375" /><D6/><U34/><E34/><V86/><F86/><W111/><G111/><T38/><D38/><U40/><E40/><V109/><F109/><W42/><G42/><T68/><D68/><U131/><E131/><V125/><F125/><W13/><G13/><T28/><D56/><U98/><E98/><V32/><F32/><W121/><G121/><T71/><D71/><U70/><E54/><V73/><F73/><W96/><G99/><N who="0" m="57751" /><D28/><U48/><E48/><AGARI ba="0,0" hai="48,53,58,75,78,82,85,87,96,103,104" m="43082" machi="48" ten="30,1000,0" yaku="11,1" doraHai="118" who="3" fromWho="1" sc="276,0,286,-10,138,0,300,10" /><INIT seed="3,0,0,4,3,106" ten="276,276,138,310" oya="3" hai0="129,44,101,0,89,68,113,13,23,40,4,93,135" hai1="58,75,77,126,57,117,125,22,38,123,54,41,27" hai2="71,130,70,61,35,124,15,80,45,85,110,67,99" hai3="49,92,26,6,91,63,24,36,34,108,127,39,69"/><W25/><G34/><T18/><D68/><U66/><E123/><V72/><F110/><W9/><G49/><T131/><D113/><U60/><E77/><V116/><F116/><W97/><G127/><N who="1" m="48650" /><E22/><V64/><F124/><W95/><G95/><T11/><D101/><U105/><E27/><V21/><F130/><N who="0" m="49674" /><D135/><U2/><E2/><V100/><F35/><W90/><G90/><T53/><D53/><U28/><E28/><V94/><F45/><W5/><G5/><T122/><D122/><U37/><E105/><V121/><F121/><W104/><G104/><T10/><D0/><U86/><E86/><V114/><F114/><W14/><G108/><T19/><D18/><U7/><E7/><V112/><F112/><W82/><G82/><T133/><D133/><U102/><E102/><V79/><F85/><W55/><G55/><T59/><D4/><U1/><E1/><V48/><F48/><W50/><G50/><N who="0" m="26887" /><D59/><U87/><E87/><AGARI ba="0,0" hai="10,11,13,19,23,87,89,93" m="26887,49674" machi="87" ten="30,1000,0" yaku="19,1" doraHai="106" who="0" fromWho="1" sc="276,10,276,-10,138,0,310,0" owari="286,8.6,266,-13.4,138,-36.2,310,41.0" /></mjloggm>