<mjloggm ver="2.3"><GO type="225" lobby="0"/><UN n0="%E6%98%93%E5%88%A9%E8%96%A9%E4%BC%AF" n1="%E3%81%9F%E3%81%93%E2%98%86%E7%84%BC%E3%81%8D" n2="%E7%89%B9%E6%9D%B1%E3%81%AF%E4%B8%96%E7%95%8C%E3%82%92%E6%95%91%E3%81%86" n3="%6D%75%75%6D%75%72%61" dan="16,16,16,16" rate="2142.84,2076.32,2086.50,2162.09" sx="F,M,M,F"/><TAIKYOKU oya="0"/><INIT seed="0,0,0,5,0,114" ten="250,250,250,250" oya="0" hai0="125,132,14,18,10,85,9,128,52,111,62,55,32" hai1="50,83,2,12,135,19,105,68,90,67,92,75,76" hai2="39,28,36,134,82,46,78,24,112,26,56,45,23" hai3="103,89,42,106,6,94,86,81,57,61,31,29,16"/><T53/><D128/><U64/><E2/><V120/><F112/><W38/><G106/><T113/><D113/><U77/><E105/><V66/><F120/><W131/><G6/><T116/><D132/><U101/><E101/><V22/><F134/><W11/><G131/><T74/><D74/><U95/><E76/><V8/><F8/><W72/><G38/><T69/><D125/><U54/><E92/><V130/><F130/><W118/><G42/><T98/><D116/><U7/><E68/><V21/><F66/><W99/><G72/><T27/><D111/><U43/><E43/><V47/><F56/><W49/><G49/><T122/><D122/><U44/><E7/><V5/><F5/><W93/><G81/><T3/><D10/><U117/><E117/><V48/><F48/><W109/><G109/><T70/><D3/><U1/><E1/><V35/><REACH who="2" step="1"/><F26/><REACH who="2" ten="250,250,240,250" step="2"/><W15/><G118/><T123/><D123/><U91/><E135/><V13/><F13/><W119/><G119/><T100/><D62/><U87/><E90/><V33/><F33/><W107/><G107/><T104/><REACH who="0" step="1"/><D85/><AGARI ba="0,1" hai="21,22,23,24,28,35,36,39,45,46,47,78,82,85" machi="85" ten="40,1300,0" yaku="1,1,53,0" doraHai="114" doraHaiUra="108" who="2" fromWho="0" sc="250,-13,250,0,240,23,250,0" /><INIT seed="1,0,0,0,4,18" ten="237,250,263,250" oya="1" hai0="72,133,6,116,86,103,98,39,70,128,69,124,87" hai1="5,119,81,38,19,35,91,96,120,20,26,22,135" hai2="121,41,32,49,122,63,114,111,12,42,117,76,108" hai3="82,52,29,9,104,84,57,60,129,46,80,54,8"/><U11/><E38/><V118/><F12/><W17/><G104/><T115/><D6/><U23/><E119/><N who="2" m="45579" /><F76/><W85/><G129/><T34/><D98/><U58/><E120/><N who="2" m="46187" /><F32/><W51/><G29/><T0/><D103/><U40/><E40/><N who="2" m="15467" /><F49/><W94/><G94/><T83/><D34/><U102/><E135/><V112/><F63/><W65/><G84/><T68/><D87/><N who="1" m="50671" /><E35/><V13/><F13/><W123/><G123/><T105/><D39/><U73/><E73/><V25/><F25/><W62/><G82/><T89/><D83/><U106/><E106/><V2/><F2/><W10/><G17/><T4/><D72/><U92/><E11/><V27/><F27/><W134/><G134/><T1/><D1/><U55/><E5/><V127/><F127/><W88/><G9/><T28/><D124/><U75/><E75/><V132/><F132/><W97/><G97/><T36/><D133/><U99/><E96/><V50/><F50/><AGARI ba="0,0" hai="19,20,22,23,26,50,55,58,92,99,102" m="50671" machi="50" ten="30,11600,0" yaku="8,1,52,3" doraHai="18" who="1" fromWho="2" sc="237,0,250,116,263,-116,250,0" /><INIT seed="1,1,0,0,2,44" ten="237,366,147,250" oya="1" hai0="62,14,133,93,86,10,55,121,64,30,38,67,115" hai1="34,89,37,134,50,1,84,116,103,53,108,32,100" hai2="46,39,114,54,19,97,102,87,2,130,40,33,119" hai3="88,73,27,75,24,76,69,4,21,63,107,123,66"/><U79/><E37/><V29/><F119/><W20/><G123/><T99/><D115/><U83/><E1/><V13/><F130/><W25/><G107/><T52/><D38/><U105/><E116/><V23/><F2/><W48/><G4/><T96/><D133/><U127/><E127/><V59/><F114/><W129/><G129/><T81/><D30/><U36/><E36/><V60/><F33/><W122/><G122/><T94/><D121/><U51/><E134/><V26/><F87/><W35/><G35/><T31/><D31/><U11/><E11/><V18/><REACH who="2" step="1"/><F13/><REACH who="2" ten="237,366,137,250" step="2"/><W91/><G75/><T49/><D86/><U15/><E15/><V128/><F128/><W117/><G73/><T70/><D81/><U95/><E32/><V47/><F47/><W101/><G117/><T90/><D14/><U124/><E34/><V98/><F98/><W109/><G76/><T106/><D99/><U110/><E124/><V71/><F71/><W42/><G69/><T120/><D70/><U111/><E79/><V82/><F82/><W68/><G68/><T113/><D113/><U3/><E3/><V61/><F61/><W131/><G63/><T58/><D120/><U9/><E83/><V104/><AGARI ba="1,1" hai="18,19,23,26,29,39,40,46,54,59,60,97,102,104" machi="104" ten="20,2700,0" yaku="1,1,0,1,7,1,53,0" doraHai="44" doraHaiUra="78" who="2" fromWho="2" sc="237,-8,366,-14,137,40,250,-8" /><INIT seed="2,0,0,1,3,105" ten="229,352,177,242" oya="2" hai0="124,60,26,135,128,118,22,5,28,112,32,71,104" hai1="79,72,3,81,0,63,109,4,10,76,27,103,65" hai2="106,12,67,122,30,94,134,66,9,84,74,117,123" hai3="132,125,35,29,57,45,33,25,97,87,34,90,91"/><V20/><F106/><W6/><G132/><T78/><D112/><U131/><E103/><V47/><F117/><W69/><G69/><T59/><D135/><U114/><E109/><V16/><F134/><W56/><G125/><T96/><D124/><U129/><E114/><V13/><F74/><W98/><G6/><T36/><D128/><N who="1" m="49227" /><E76/><V101/><F123/><W52/><G57/><T38/><D118/><U49/><E49/><V88/><F122/><W46/><G35/><T115/><D115/><U23/><E23/><V14/><F101/><W54/><G34/><T77/><D22/><U121/><E27/><N who="2" m="16743" /><F47/><W19/><G19/><T107/><D107/><U82/><E82/><V86/><F86/><W44/><G90/><T43/><D38/><U39/><E39/><V126/><F126/><W108/><G108/><T130/><D130/><U116/><E116/><V1/><F1/><W83/><REACH who="3" step="1"/><G54/><REACH who="3" ten="229,352,177,232" step="2"/><T89/><D89/><U61/><E121/><V40/><F40/><W31/><G31/><T127/><D127/><U7/><E65/><AGARI ba="0,1" hai="9,12,13,14,16,65,66,67,84,88,94" m="16743" machi="65" ten="30,5800,0" yaku="8,1,54,2" doraHai="105" who="2" fromWho="1" sc="229,0,352,-58,177,68,232,0" /><INIT seed="2,1,0,2,0,34" ten="229,294,245,232" oya="2" hai0="22,0,56,100,122,61,117,8,106,66,52,31,123" hai1="23,26,104,103,25,102,73,111,18,101,19,14,80" hai2="127,76,4,84,85,70,114,35,10,20,53,40,74" hai3="124,69,71,88,36,93,96,65,134,130,7,95,108"/><V116/><F114/><W49/><G36/><T47/><D117/><U118/><E104/><V17/><F116/><W75/><G108/><T59/><D47/><U16/><E118/><V98/><F35/><W132/><G75/><T128/><D128/><U119/><E111/><V48/><F70/><W3/><G130/><T45/><D45/><U68/><E68/><V112/><F40/><W32/><G32/><T120/><D31/><U105/><E105/><V38/><F38/><W62/><G124/><T87/><D22/><N who="1" m="13511" /><E73/><V27/><F112/><W94/><G71/><T107/><D87/><U83/><E119/><V79/><F98/><W39/><G49/><T97/><D106/><U13/><E26/><V50/><F50/><W5/><G5/><T86/><D86/><N who="2" m="33386" /><F74/><W9/><G39/><T6/><REACH who="0" step="1"/><D59/><REACH who="0" ten="219,294,245,232" step="2"/><U33/><E33/><V46/><F127/><W44/><G44/><T12/><D12/><AGARI ba="1,1" hai="4,10,12,17,20,27,46,48,53,76,79" m="33386" machi="12" ten="30,1500,0" yaku="8,1" doraHai="34" who="2" fromWho="0" sc="219,-18,294,0,245,28,232,0" /><INIT seed="2,2,0,0,5,5" ten="201,294,273,232" oya="2" hai0="75,16,21,1,112,57,40,15,92,48,70,82,77" hai1="8,65,60,36,22,90,0,38,117,6,85,41,53" hai2="88,113,51,101,63,78,97,76,134,19,105,133,35" hai3="131,96,89,128,104,111,49,24,26,109,74,116,127"/><V7/><F113/><W108/><G116/><T124/><D112/><U23/><E117/><V27/><F7/><W121/><G121/><T79/><D1/><U115/><E115/><V56/><F51/><W54/><G74/><T64/><D124/><U61/><E53/><V93/><F35/><W14/><G127/><T3/><D3/><U94/><E60/><V130/><F130/><N who="3" m="49707" /><G14/><T33/><D33/><U34/><E34/><V39/><F39/><W110/><G110/><T71/><D79/><U17/><E23/><N who="2" m="13823" /><F101/><N who="3" m="62503" /><G89/><T135/><D135/><N who="2" m="51722" /><F105/><W126/><G126/><T55/><D40/><U62/><E41/><V102/><F102/><W69/><G69/><T107/><D107/><U45/><E62/><V9/><F9/><W2/><G2/><T58/><REACH who="0" step="1"/><D92/><REACH who="0" ten="191,294,273,232" step="2"/><U86/><E94/><V32/><F32/><W10/><G10/><T103/><D103/><U43/><E8/><V67/><AGARI ba="2,1" hai="56,63,67,76,78,88,93,97" m="51722,13823" machi="67" ten="30,3000,0" yaku="20,1,54,1" doraHai="5" who="2" fromWho="2" sc="191,-12,294,-12,273,46,232,-12" /><INIT seed="2,3,0,3,5,33" ten="179,282,319,220" oya="2" hai0="103,72,12,43,0,114,75,45,32,85,100,10,50" hai1="40,53,16,74,78,28,107,34,105,121,2,29,56" hai2="54,26,134,30,6,47,83,93,44,122,11,73,87" hai3="116,133,112,95,18,110,58,35,27,13,7,117,128"/><V55/><F122/><W113/><G58/><T68/><D114/><N who="3" m="44137" /><G95/><T69/><D32/><U71/><E71/><V76/><F134/><W17/><G133/><T5/><D69/><U41/><E2/><V84/><F47/><W51/><G51/><T131/><D68/><U25/><E29/><V102/><F44/><W31/><G110/><T77/><D0/><U123/><E105/><V66/><F66/><W125/><G125/><T63/><D131/><U23/><E107/><V36/><F36/><W79/><G79/><T80/><REACH who="0" step="1"/><D63/><REACH who="0" ten="169,282,319,220" step="2"/><U42/><E121/><V88/><F73/><AGARI ba="3,1" hai="5,10,12,43,45,50,72,73,75,77,80,85,100,103" machi="73" ten="40,8000,1" yaku="1,1,2,1,25,2,53,0" doraHai="33" doraHaiUra="19" who="0" fromWho="2" sc="169,99,282,0,319,-89,220,0" /><INIT seed="3,0,0,0,4,108" ten="268,282,230,220" oya="3" hai0="114,76,75,79,113,91,126,44,99,55,6,107,123" hai1="93,92,24,95,80,117,35,130,54,82,13,31,27" hai2="104,12,63,132,50,134,118,112,101,56,7,98,23" hai3="0,85,25,70,36,115,69,129,32,86,26,119,97"/><W1/><G119/><T84/><D6/><U124/><E117/><V87/><F118/><W105/><G36/><T49/><D123/><U3/><E3/><V62/><F87/><W96/><G129/><T81/><D126/><U38/><E124/><V77/><F77/><W127/><G127/><T120/><D120/><U61/><E38/><V52/><F112/><N who="0" m="43114" /><D75/><U100/><E130/><V73/><F73/><W90/><G115/><T68/><D68/><U46/><E13/><V109/><F109/><W64/><G64/><T66/><D66/><U37/><E24/><V51/><F51/><W34/><REACH who="3" step="1"/><G90/><REACH who="3" ten="268,282,230,210" step="2"/><T8/><D8/><U9/><E9/><N who="2" m="4159" /><F23/><W65/><G65/><T45/><D45/><U58/><E100/><AGARI ba="0,1" hai="44,49,55,76,79,81,84,91,99,100,107" m="43114" machi="100" ten="30,7700,0" yaku="11,1,52,3" doraHai="108" who="0" fromWho="1" sc="268,87,282,-77,230,0,210,0" owari="355,45.5,205,-29.5,230,3.0,210,-19.0" /></mjloggm>