<mjloggm ver="2.3"><GO type="225" lobby="0"/><UN n0="%72%69%6F%75%63%68%61%6E" n1="%E6%97%A5%E6%9B%9C%E6%97%A5%E3%82%88%E3%82%8A%E3%81%AE%E4%BD%BF%E8%80%85" n2="%E3%81%99%E3%81%84%E3%81%BE%E3%81%9B%E3%83%BC%E3%82%93" n3="%73%75%7A%75%6D%65%33" dan="17,18,16,17" rate="2213.11,2156.53,2104.60,2257.75" sx="M,M,M,M"/><TAIKYOKU oya="0"/><INIT seed="0,0,0,0,3,35" ten="250,250,250,250" oya="0" hai0="101,14,83,6,130,112,49,121,54,17,125,84,15" hai1="53,126,41,107,128,120,82,90,69,72,23,106,44" hai2="13,57,5,9,32,12,94,68,3,93,118,62,30" hai3="76,31,88,113,63,104,48,29,56,91,33,43,100"/><T108/><D112/><U124/><E120/><V122/><F122/><W59/><G113/><T25/><D121/><U78/><E69/><V92/><F68/><W110/><G110/><T46/><D125/><N who="1" m="48235" /><E128/><V96/><F118/><W123/><G123/><T81/><D130/><U117/><E117/><V77/><F77/><W111/><G111/><T58/><D108/><U75/><E75/><V36/><F36/><W127/><G127/><T51/><D101/><U8/><E53/><V99/><F30/><N who="3" m="11275" /><G104/><T105/><D105/><U26/><E90/><N who="3" m="34346" /><G33/><T87/><D6/><U42/><E42/><V132/><F32/><W28/><G28/><T7/><D7/><U39/><E8/><V79/><F79/><W61/><G76/><T80/><D25/><U109/><E109/><V134/><F99/><W18/><G18/><AGARI ba="0,0" hai="18,23,26,39,41,44,72,78,82,106,107" m="48235" machi="18" ten="30,1000,0" yaku="18,1" doraHai="35" who="1" fromWho="3" sc="250,0,250,10,250,0,250,-10" /><INIT seed="1,0,0,2,3,76" ten="250,260,250,240" oya="1" hai0="51,38,130,78,56,19,63,28,87,57,73,116,95" hai1="133,128,31,69,106,10,34,125,93,44,113,3,64" hai2="107,132,21,41,123,71,122,23,108,42,89,1,22" hai3="103,131,32,127,105,101,75,70,115,8,47,100,7"/><U82/><E113/><V11/><F108/><W54/><G115/><T86/><D130/><U85/><E106/><V62/><F132/><W53/><G32/><T27/><D38/><U4/><E128/><V74/><F74/><W88/><G105/><T109/><D109/><U17/><E133/><V6/><F107/><W104/><G104/><T49/><D116/><U126/><E93/><V111/><F111/><W30/><G30/><T135/><D135/><U98/><E98/><V99/><F99/><W15/><G70/><T50/><D19/><U2/><E44/><V25/><F25/><W59/><G75/><T117/><D117/><U29/><E3/><V124/><F89/><W67/><G127/><N who="1" m="48650" /><E34/><V40/><REACH who="2" step="1"/><F124/><REACH who="2" ten="250,260,240,240" step="2"/><W118/><G131/><T39/><D73/><U65/><E17/><V90/><F90/><W26/><G88/><T0/><D78/><N who="1" m="46295" /><E69/><V112/><F112/><W119/><G119/><T14/><D87/><U84/><E84/><V121/><F121/><W80/><G118/><T83/><D86/><U12/><E2/><V72/><F72/><W45/><G103/><T48/><D0/><U24/><E24/><V102/><F102/><W81/><G26/><T20/><D27/><U33/><E33/><V91/><F91/><W5/><G100/><T43/><D28/><AGARI ba="0,1" hai="4,10,12,28,29,31,64,65" m="46295,48650" machi="28" ten="30,2900,0" yaku="18,1,52,1" doraHai="76" who="1" fromWho="0" sc="250,-29,260,39,240,0,240,0" /><INIT seed="1,1,0,1,5,132" ten="221,299,240,240" oya="1" hai0="28,59,64,107,82,94,7,75,109,21,68,4,116" hai1="86,19,130,16,104,111,101,45,57,1,122,11,100" hai2="47,92,76,124,23,117,34,90,120,13,24,61,14" hai3="79,121,10,42,114,128,49,93,38,17,41,56,85"/><U126/><E122/><V87/><F120/><W2/><G121/><T36/><D116/><U53/><E104/><V106/><F117/><W5/><G114/><T97/><D109/><U89/><E1/><V134/><F134/><W52/><G128/><T80/><D68/><U54/><E130/><V88/><F106/><W119/><G119/><T20/><D36/><U27/><E111/><V112/><F112/><W46/><G42/><T78/><D107/><U118/><E118/><V73/><F124/><W129/><G129/><T3/><D82/><N who="1" m="49367" /><E126/><V32/><F32/><W83/><G93/><T131/><D131/><U110/><E110/><V125/><F34/><W62/><REACH who="3" step="1"/><G17/><REACH who="3" ten="221,299,240,230" step="2"/><T115/><D115/><U102/><E27/><V58/><F24/><W50/><AGARI ba="1,1" hai="2,5,10,38,41,46,49,50,52,56,62,79,83,85" machi="50" ten="30,8000,1" yaku="1,1,2,1,0,1,54,1,53,1" doraHai="132" doraHaiUra="37" who="3" fromWho="3" sc="221,-21,299,-41,240,-21,230,93" /><INIT seed="2,0,0,0,5,46" ten="200,258,219,323" oya="2" hai0="122,110,33,53,131,58,50,61,114,10,102,20,85" hai1="82,133,42,115,104,34,100,4,5,48,128,88,86" hai2="130,12,113,65,6,83,70,123,17,52,44,80,22" hai3="66,74,84,77,89,76,97,105,36,30,69,38,21"/><V19/><F113/><W129/><G129/><T126/><D122/><U127/><E115/><V14/><F123/><W9/><G9/><T95/><D114/><U64/><E34/><V15/><F130/><W27/><G69/><T125/><D131/><U55/><E128/><V3/><F3/><W108/><G66/><T79/><D33/><U24/><E104/><V59/><F70/><W94/><G108/><T63/><D110/><U120/><E120/><V116/><F116/><W7/><G7/><T93/><D10/><U134/><E127/><N who="0" m="48649" /><D20/><U47/><E100/><V13/><F6/><W91/><G77/><T28/><D28/><U23/><E64/><V90/><F17/><W51/><G91/><N who="0" m="53487" /><D79/><U75/><E75/><V106/><F106/><W81/><G51/><T0/><D0/><U112/><E112/><V56/><F90/><W41/><G41/><T117/><D117/><U2/><E42/><V16/><F19/><W73/><G73/><T49/><D61/><U67/><E2/><V8/><F8/><W26/><G26/><T57/><D57/><N who="2" m="22090" /><F65/><W92/><G92/><T124/><N who="0" m="48657" /><T107/><DORA hai="39" /><D107/><U45/><E67/><V99/><F99/><AGARI ba="0,0" hai="49,50,53,58,63,95,99,102" m="53487,48657" machi="99" ten="40,5200,0" yaku="18,1,52,2" doraHai="46,39" who="0" fromWho="2" sc="200,52,258,0,219,-52,323,0" /><INIT seed="3,0,0,3,5,43" ten="252,258,167,323" oya="3" hai0="110,36,78,83,108,32,6,84,122,104,98,64,62" hai1="135,103,76,15,13,96,65,100,95,63,91,39,5" hai2="120,102,97,35,87,44,77,31,60,119,132,112,4" hai3="58,88,11,52,93,26,53,41,68,20,73,70,49"/><W55/><G73/><T109/><D122/><U126/><E39/><V124/><F112/><W38/><G38/><T80/><D36/><U74/><E126/><V17/><F119/><W51/><G11/><T42/><D32/><U22/><E135/><V86/><F120/><W125/><G125/><T89/><D42/><U2/><E2/><V29/><F124/><W101/><G101/><N who="0" m="62519" /><D6/><U54/><E54/><N who="3" m="21098" /><G70/><N who="0" m="42263" /><D80/><U18/><E76/><AGARI ba="0,0" hai="76,78,83,84,89,108,109,110" m="42263,62519" machi="76" ten="30,1000,0" yaku="14,1" doraHai="43" who="0" fromWho="1" sc="252,10,258,-10,167,0,323,0" owari="262,6.2,248,-15.2,167,-33.3,323,42.3" /></mjloggm>