<mjloggm ver="2.3"><GO type="225" lobby="0"/><UN n0="%E3%81%BF%E3%81%BF%E3%81%9A" n1="%E3%83%97%E3%83%92" n2="%E3%83%97%E3%83%AC%E3%83%B4%E3%82%A1%E3%83%86%E3%82%A3" n3="%E3%81%A0%E3%81%8A" dan="16,16,16,16" rate="2168.08,2168.15,2042.01,2045.89" sx="M,M,F,M"/><TAIKYOKU oya="0"/><INIT seed="0,0,0,3,4,22" ten="250,250,250,250" oya="0" hai0="60,133,109,44,63,37,103,86,19,52,25,93,49" hai1="104,119,21,76,134,27,3,129,58,126,32,67,95" hai2="20,6,7,1,64,57,114,36,29,66,62,43,77" hai3="16,110,69,55,128,131,15,94,45,101,123,35,59"/><T47/><D133/><U112/><E76/><V50/><F114/><W39/><G69/><T70/><D109/><U56/><E104/><V68/><F1/><W26/><G110/><T113/><D113/><U71/><E3/><V8/><F77/><W75/><G75/><T31/><D70/><U54/><E32/><V24/><F8/><W120/><G101/><T121/><D121/><N who="3" m="46665" /><G94/><T0/><D0/><U106/><E95/><V124/><F124/><W42/><G35/><T130/><D19/><U122/><E106/><V18/><F66/><W65/><G65/><T81/><D130/><N who="3" m="49705" /><G26/><T41/><D103/><U9/><E67/><V135/><F135/><W12/><G16/><T82/><D93/><U132/><E71/><V73/><F73/><W105/><G105/><T102/><D102/><U17/><E122/><V111/><F111/><W51/><AGARI ba="0,0" hai="12,15,39,42,45,51,55,59" m="49705,46665" machi="51" ten="30,2000,0" yaku="13,1,19,1" doraHai="22" who="3" fromWho="3" sc="250,-10,250,-5,250,-5,250,20" /><INIT seed="1,0,0,5,1,130" ten="240,245,245,270" oya="1" hai0="69,11,101,133,122,31,86,89,90,110,17,102,45" hai1="71,37,42,14,67,43,19,54,32,26,63,119,9" hai2="117,47,124,135,98,128,46,44,118,84,41,36,85" hai3="7,48,112,95,50,106,52,123,27,33,131,61,93"/><U2/><E119/><V79/><F128/><W62/><G123/><T55/><D69/><U88/><E2/><V64/><F124/><W113/><G106/><T57/><D122/><U25/><E37/><V115/><F115/><W91/><G131/><T83/><D110/><U24/><E32/><V75/><F64/><W22/><G33/><T72/><D72/><U51/><REACH who="1" step="1"/><E88/><REACH who="1" ten="240,235,245,270" step="2"/><V30/><F36/><W60/><G91/><T39/><D90/><U5/><E5/><V34/><F118/><W116/><G7/><T96/><D39/><U99/><E99/><V15/><F117/><W0/><G116/><T8/><D96/><U65/><E65/><V107/><F98/><W53/><G0/><T70/><D101/><U129/><E129/><V38/><F34/><W111/><G113/><T10/><D102/><U87/><E87/><V100/><F84/><W58/><G112/><T103/><D103/><U29/><E29/><V6/><F75/><W81/><G81/><BYE who="3" /><T40/><D31/><U21/><E21/><V4/><F30/><W104/><G104/><T109/><D89/><U66/><E66/><V127/><F100/><W126/><G126/><T18/><D86/><UN n3="%E3%81%A0%E3%81%8A" /><U121/><E121/><V28/><F107/><W13/><G111/><T56/><D83/><U59/><AGARI ba="0,1" hai="9,14,19,24,25,26,42,43,51,54,59,63,67,71" machi="59" ten="30,3000,0" yaku="1,1,0,1,53,0" doraHai="130" doraHaiUra="80" who="1" fromWho="1" sc="240,-10,235,40,245,-10,270,-10" /><INIT seed="1,1,0,0,1,71" ten="230,275,235,260" oya="1" hai0="4,83,88,128,6,39,84,92,95,81,21,25,109" hai1="26,93,61,126,46,55,132,43,134,102,53,97,38" hai2="110,0,123,86,114,37,60,101,74,18,40,35,87" hai3="78,30,47,62,28,77,63,96,32,90,10,64,107"/><U44/><E126/><V9/><F123/><W127/><G127/><T105/><D105/><U98/><E61/><V27/><F110/><W56/><G10/><T34/><D34/><U91/><E26/><V57/><F114/><W94/><G107/><T42/><D109/><U103/><E91/><V58/><F101/><W20/><G32/><T1/><D128/><U131/><E131/><V99/><F99/><W22/><G62/><T82/><D1/><U135/><REACH who="1" step="1"/><E44/><REACH who="1" ten="230,265,235,260" step="2"/><V108/><F108/><W112/><G47/><T70/><D70/><U5/><E5/><V133/><F60/><W69/><G69/><T48/><D4/><U59/><E59/><V49/><F58/><W85/><G56/><T79/><D6/><U51/><E51/><V54/><F37/><W73/><G63/><T50/><D39/><U16/><E16/><V2/><F18/><W31/><G90/><N who="0" m="53319" /><D79/><U36/><E36/><V118/><F27/><W113/><G78/><T19/><D42/><U120/><E120/><V45/><F40/><W111/><G77/><T52/><D52/><U7/><E7/><V129/><F45/><W66/><G111/><T11/><D11/><U124/><E124/><V8/><F129/><W119/><G113/><T65/><D65/><U72/><E72/><V100/><F74/><W15/><G66/><T122/><D122/><U125/><E125/><V106/><F8/><W33/><G64/><T67/><D67/><U115/><E115/><V68/><F9/><W75/><G112/><T24/><D24/><U121/><E121/><V80/><F68/><W12/><G75/><RYUUKYOKU ba="1,1" sc="230,15,265,15,235,-15,260,-15" hai0="19,21,25,48,50,81,82,83,88,95" hai1="38,43,46,53,55,93,97,98,102,103,132,134,135" /><INIT seed="1,2,1,3,3,117" ten="245,280,220,245" oya="1" hai0="48,121,61,67,127,60,11,97,56,63,77,112,88" hai1="52,25,45,81,24,43,83,1,90,102,8,23,95" hai2="105,2,82,57,13,129,10,26,59,62,27,0,3" hai3="55,94,18,114,70,120,29,119,132,28,76,126,130"/><U58/><E1/><V84/><F105/><W6/><G114/><T5/><D112/><U22/><E102/><V47/><F129/><W87/><G70/><T33/><D33/><U133/><E8/><V98/><F98/><W128/><G119/><T75/><D127/><U64/><E64/><V53/><F59/><W78/><G126/><T104/><D121/><U116/><E133/><V135/><F135/><W19/><G132/><T110/><D110/><U4/><E4/><V91/><REACH who="2" step="1"/><F47/><REACH who="2" ten="245,280,210,245" step="2"/><W131/><G128/><T65/><D104/><U46/><E116/><V7/><AGARI ba="2,2" hai="0,2,3,7,10,13,26,27,53,57,62,82,84,91" machi="7" ten="30,4000,0" yaku="1,1,2,1,0,1,53,0" doraHai="117" doraHaiUra="111" who="2" fromWho="2" sc="245,-12,280,-22,210,66,245,-12" /><INIT seed="2,0,0,1,2,118" ten="233,258,276,233" oya="2" hai0="97,28,108,101,72,18,131,128,60,1,117,130,42" hai1="75,5,129,79,92,45,86,20,121,115,6,40,62" hai2="111,93,4,74,49,12,7,63,55,122,104,85,30" hai3="116,64,103,81,16,15,123,119,59,48,125,89,35"/><V91/><F104/><W32/><G125/><T88/><D117/><U77/><E115/><V58/><F74/><W0/><G0/><T27/><D108/><U37/><E75/><V13/><F111/><W56/><G103/><T53/><D72/><U9/><E129/><N who="0" m="33025" /><T78/><DORA hai="46" /><D78/><U76/><E20/><V57/><F122/><W26/><G123/><T51/><D1/><U23/><E121/><V2/><F30/><W87/><G59/><N who="0" m="34927" /><D18/><U39/><E39/><V10/><REACH who="2" step="1"/><F4/><REACH who="2" ten="233,258,266,233" step="2"/><W105/><G105/><T67/><D67/><AGARI ba="0,1" hai="2,7,10,12,13,49,55,57,58,63,67,85,91,93" machi="67" ten="30,11600,0" yaku="1,1,2,1,7,1,52,1,53,0" doraHai="118,46" doraHaiUra="41,113" who="2" fromWho="0" sc="233,-116,258,0,266,126,233,0" /><INIT seed="2,1,0,2,2,90" ten="117,258,392,233" oya="2" hai0="61,88,85,1,49,57,33,13,96,76,60,128,18" hai1="29,129,89,54,67,36,41,101,50,62,11,97,122" hai2="133,134,108,19,93,6,120,56,24,7,32,21,99" hai3="106,75,66,113,3,65,22,98,52,26,135,110,55"/><V87/><F120/><W132/><G3/><T95/><D1/><U44/><E122/><V83/><F32/><W37/><G75/><T72/><D33/><U59/><E129/><V91/><F108/><W8/><G37/><T64/><D128/><U82/><E11/><V118/><F118/><W78/><G78/><T39/><D39/><U14/><E14/><V130/><F130/><W31/><G110/><T51/><D72/><U127/><E29/><V124/><F124/><W35/><G113/><T38/><D38/><U48/><E127/><V77/><REACH who="2" step="1"/><F56/><REACH who="2" ten="117,258,382,233" step="2"/><W15/><G35/><T86/><D61/><U42/><E62/><V40/><F40/><W58/><G58/><T70/><D70/><U47/><E42/><V74/><F74/><W131/><G131/><T102/><D76/><U79/><E79/><V125/><F125/><W12/><G135/><AGARI ba="1,1" hai="6,7,19,21,24,77,83,87,91,93,99,133,134,135" machi="135" ten="40,7700,0" yaku="1,1,20,1,52,1,53,0" doraHai="90" doraHaiUra="53" who="2" fromWho="3" sc="117,0,258,0,382,90,233,-80" /><INIT seed="2,2,0,2,4,6" ten="117,258,472,153" oya="2" hai0="128,38,88,104,117,124,61,11,65,56,0,126,70" hai1="94,130,73,131,62,132,27,79,87,86,31,115,118" hai2="18,93,134,125,44,112,54,23,102,33,66,67,55" hai3="13,57,45,29,135,92,10,52,105,109,53,47,114"/><V21/><F112/><W108/><G105/><T101/><D38/><U40/><E115/><V129/><F33/><W20/><G114/><T17/><D128/><U71/><E118/><V36/><F129/><W133/><G92/><T120/><D120/><U42/><E132/><N who="3" m="50762" /><G20/><T78/><D78/><U85/><E130/><V15/><F134/><W91/><G91/><T60/><D117/><U97/><E62/><V89/><F125/><N who="0" m="48234" /><D104/><U110/><E71/><V46/><F102/><W84/><G84/><T4/><D101/><U34/><E131/><V95/><F36/><W9/><G29/><T19/><D88/><U64/><E64/><AGARI ba="2,0" hai="0,4,11,17,19,56,60,61,64,65,70" m="48234" machi="64" ten="30,2000,0" yaku="18,1,52,1" doraHai="6" who="0" fromWho="1" sc="117,26,258,-26,472,0,153,0" /><INIT seed="3,0,0,3,4,102" ten="143,232,472,153" oya="3" hai0="85,103,117,122,129,77,68,24,131,67,32,104,2" hai1="31,107,94,17,19,13,51,57,36,61,83,4,105" hai2="5,93,73,80,45,63,18,39,110,15,14,12,25" hai3="92,135,71,100,98,106,108,134,127,95,1,84,115"/><W101/><G71/><T52/><D122/><U42/><E36/><V113/><F113/><W70/><G70/><T96/><D117/><U50/><E31/><V76/><F110/><W81/><G1/><T75/><D2/><U72/><E4/><V114/><F114/><W29/><G29/><N who="0" m="19495" /><D85/><U132/><E132/><N who="3" m="50730" /><G115/><T35/><D52/><U55/><E94/><N who="3" m="35882" /><G127/><T37/><D37/><U56/><E17/><V97/><F5/><W6/><G6/><T43/><D43/><U121/><E50/><V0/><F0/><W38/><G38/><T128/><D35/><U125/><E125/><V123/><F123/><W120/><G120/><T118/><D118/><U126/><E121/><V111/><F111/><W119/><G108/><T87/><D87/><U74/><E126/><V89/><F39/><W41/><G41/><T109/><D109/><U44/><E57/><V65/><F45/><W91/><G119/><T8/><D8/><U46/><E44/><V88/><F89/><N who="3" m="51343" /><G101/><T112/><D112/><U82/><E13/><V62/><F65/><W79/><G91/><T22/><D22/><U33/><E19/><V47/><F47/><W10/><G10/><T69/><D67/><U11/><E33/><V60/><REACH who="2" step="1"/><F25/><REACH who="2" ten="143,232,462,153" step="2"/><W58/><G58/><T54/><D54/><U99/><E55/><V133/><F133/><W53/><G53/><T30/><D30/><U28/><E28/><V78/><F78/><AGARI ba="0,1" hai="78,79,98,100,106" m="51343,35882,50730" machi="78" ten="30,11600,0" yaku="20,1,34,2,52,1" doraHai="102" who="3" fromWho="2" sc="143,0,232,0,462,-116,153,126" /><INIT seed="3,1,0,4,5,8" ten="143,232,346,279" oya="3" hai0="58,0,100,129,81,5,90,83,28,101,59,111,75" hai1="74,60,98,96,80,135,34,31,54,112,120,91,24" hai2="21,72,32,84,106,40,27,53,121,62,65,71,114" hai3="124,44,85,82,99,50,116,66,131,113,10,89,14"/><W93/><G113/><T118/><D118/><U48/><E112/><V9/><F114/><W42/><G124/><T64/><D111/><U69/><E120/><V86/><F72/><W105/><G131/><T67/><D129/><U43/><E135/><V55/><F106/><W73/><G116/><T15/><D75/><U115/><E115/><V78/><F32/><W87/><G73/><T94/><D0/><U109/><E109/><V97/><F121/><W76/><G105/><T51/><D28/><U47/><E91/><V12/><F40/><W52/><G66/><T132/><D132/><U77/><E69/><V25/><F97/><N who="3" m="57519" /><G42/><T35/><D35/><U45/><REACH who="1" step="1"/><E60/><REACH who="1" ten="143,222,346,279" step="2"/><V30/><F78/><W102/><G102/><T3/><D3/><U2/><E2/><V37/><F37/><AGARI ba="1,1" hai="24,31,34,37,43,45,47,48,54,74,77,80,96,98" machi="37" ten="30,2000,0" yaku="1,1,7,1,53,0" doraHai="8" doraHaiUra="7" who="1" fromWho="2" sc="143,0,222,33,346,-23,279,0" owari="143,-35.7,255,-14.5,323,42.3,279,7.9" /></mjloggm>