<mjloggm ver="2.3"><GO type="225" lobby="0"/><UN n0="%E9%B3%B3%E6%9D%B1%E3%81%AE%E3%81%86%E3%81%95%E3%81%8E%E3%81%95%E3%82%93" n1="%E3%81%A9%E3%82%8F%E3%82%93%E3%81%94" n2="%E3%83%B4%E3%83%A0%EF%BC%99%E3%81%A6" n3="%E3%81%95%E3%81%8D%E3%81%9F%E3%81%BE%E6%9E%97%E6%AA%8E" dan="16,16,16,16" rate="2129.67,2171.96,2180.71,2104.74" sx="M,M,M,M"/><TAIKYOKU oya="0"/><INIT seed="0,0,0,0,3,22" ten="250,250,250,250" oya="0" hai0="13,112,36,51,68,31,128,123,9,94,11,79,120" hai1="37,106,132,57,88,7,25,41,114,111,14,18,10" hai2="103,72,82,109,125,105,86,67,12,16,40,49,126" hai3="71,108,1,48,102,117,96,92,97,35,119,99,116"/><T34/><D36/><U54/><E106/><V27/><F72/><W8/><G71/><T70/><D112/><U89/><E114/><V78/><F109/><W83/><G35/><T52/><D79/><U44/><E111/><V24/><F67/><W21/><G108/><T93/><D128/><U107/><E107/><V74/><F74/><W15/><G1/><T85/><D70/><U50/><E132/><V104/><F104/><W100/><G83/><T61/><D68/><U110/><E110/><V69/><F69/><W81/><G81/><T65/><D61/><U115/><E115/><V42/><F103/><W131/><G131/><T121/><D65/><U4/><E4/><V127/><F105/><W47/><G21/><T80/><D9/><U43/><E43/><N who="2" m="16427" /><F49/><W64/><G64/><T39/><D39/><U90/><E7/><V122/><F122/><W118/><G102/><T73/><D73/><U98/><REACH who="1" step="1"/><E25/><REACH who="1" ten="250,240,250,250" step="2"/><V56/><F56/><W0/><G117/><T124/><D123/><U63/><E63/><V29/><F29/><W6/><G116/><T55/><D121/><U113/><E113/><V95/><F95/><AGARI ba="0,1" hai="10,14,18,37,41,44,50,54,57,88,89,90,95,98" machi="95" ten="40,2600,0" yaku="1,1,54,1,53,0" doraHai="22" doraHaiUra="129" who="1" fromWho="2" sc="250,0,240,36,250,-26,250,0" /><INIT seed="1,0,0,0,0,92" ten="250,276,224,250" oya="1" hai0="75,66,107,120,34,24,13,5,4,71,18,30,0" hai1="61,53,119,108,77,54,128,21,1,22,88,11,101" hai2="15,36,98,35,56,2,28,26,59,8,25,113,67" hai3="114,7,116,50,93,47,85,27,109,20,94,80,17"/><U134/><E119/><V91/><F113/><W3/><G109/><T84/><D75/><U40/><E108/><V38/><F2/><W52/><G114/><T105/><D120/><U48/><E134/><V95/><F26/><W10/><REACH who="3" step="1"/><G116/><REACH who="3" ten="250,276,224,240" step="2"/><T39/><D34/><U32/><E32/><V102/><F102/><W79/><AGARI ba="0,1" hai="3,7,10,17,20,27,47,50,52,79,80,85,93,94" machi="79" ten="20,8000,1" yaku="1,1,2,1,0,1,7,1,54,1,53,0" doraHai="92" doraHaiUra="9" who="3" fromWho="3" sc="250,-20,276,-40,224,-20,240,90" /><INIT seed="2,0,0,5,5,83" ten="230,236,204,330" oya="2" hai0="109,103,10,11,132,0,104,47,16,111,67,108,49" hai1="105,17,51,106,52,42,84,122,131,73,32,7,48" hai2="25,82,53,18,9,3,78,69,114,21,130,19,134" hai3="123,64,6,13,61,133,86,95,30,94,71,31,35"/><V23/><F114/><W8/><G123/><T27/><D132/><U68/><E73/><V38/><F134/><W72/><G72/><T58/><D0/><U50/><E32/><V96/><F130/><W97/><G133/><T101/><D58/><U110/><E68/><V29/><F69/><W28/><G35/><T60/><D60/><U37/><E131/><V22/><F38/><W15/><G15/><T5/><D67/><U65/><E65/><V46/><F96/><W34/><G34/><T26/><D104/><U40/><E7/><V20/><F3/><W33/><G33/><T79/><D79/><U115/><E115/><V91/><F91/><W112/><G112/><T45/><D5/><U66/><E66/><V93/><F93/><W124/><G124/><T2/><D2/><U44/><E122/><V116/><F9/><N who="0" m="3082" /><D47/><U100/><E42/><V120/><F120/><W135/><G135/><T70/><D70/><U4/><E4/><V118/><F18/><W85/><G95/><T119/><D119/><U89/><E17/><V107/><F107/><W117/><G117/><T1/><D1/><U24/><E106/><V81/><F19/><W92/><G92/><T128/><D128/><U121/><E121/><V88/><F78/><W87/><G94/><T62/><D62/><U129/><E129/><V98/><F98/><W102/><G97/><T14/><D14/><U54/><E105/><V75/><F75/><W43/><G102/><N who="0" m="38923" /><D16/><U63/><E100/><V127/><F127/><W90/><G90/><T80/><D80/><N who="2" m="30826" /><F88/><W74/><G74/><T99/><D99/><RYUUKYOKU ba="0,0" sc="230,10,236,-30,204,10,330,10" hai0="26,27,45,49,108,109,111" hai2="20,21,22,23,25,29,46,53,116,118" hai3="6,8,13,28,30,31,43,61,64,71,85,86,87" /><INIT seed="2,1,0,3,3,110" ten="240,206,214,340" oya="2" hai0="23,119,93,22,101,27,65,135,89,42,49,121,64" hai1="4,83,16,35,123,9,134,0,48,70,43,88,18" hai2="63,12,57,21,86,120,75,13,128,30,78,66,80" hai3="85,17,25,90,32,73,91,133,8,36,109,92,33"/><V108/><F120/><W68/><G73/><T116/><D121/><U39/><E123/><V122/><F122/><W24/><G109/><T34/><D34/><U98/><E39/><V69/><F108/><W102/><G36/><T6/><D6/><U41/><E70/><V15/><F128/><W55/><G68/><T2/><D2/><U76/><E35/><V117/><F117/><N who="0" m="45130" /><D101/><U28/><E28/><V104/><F104/><W59/><G133/><T118/><D135/><U84/><E134/><V112/><F112/><W74/><G74/><T1/><D1/><U77/><E77/><V54/><F75/><W62/><G102/><T10/><D10/><U31/><E31/><V126/><F126/><W82/><G33/><T37/><D37/><U26/><E26/><V99/><F99/><W14/><G32/><T40/><D22/><U61/><E61/><V19/><REACH who="2" step="1"/><F30/><REACH who="2" ten="240,206,204,340" step="2"/><W94/><G82/><T46/><D118/><U38/><E98/><AGARI ba="1,1" hai="8,14,17,24,25,55,59,62,85,90,91,92,94,98" machi="98" ten="30,2000,0" yaku="7,1,8,1" doraHai="110" who="3" fromWho="1" sc="240,0,206,-23,204,0,340,33" /><INIT seed="3,0,0,1,1,24" ten="240,183,204,373" oya="3" hai0="2,37,27,64,36,85,73,49,103,102,67,59,14" hai1="11,134,62,74,15,81,61,119,71,46,17,38,121" hai2="99,41,135,78,101,117,65,6,5,92,21,35,130" hai3="42,105,127,68,115,82,9,104,45,39,69,95,0"/><W34/><G115/><T87/><D2/><U1/><E121/><V52/><F117/><W107/><G127/><T122/><D73/><U70/><E119/><V28/><F35/><W20/><G20/><T97/><D122/><U12/><E134/><V26/><F135/><W33/><G95/><T16/><D27/><U123/><E123/><V83/><F130/><W25/><G82/><T116/><D116/><U10/><E1/><V96/><F41/><W114/><G114/><T50/><D59/><U72/><E38/><V124/><F124/><W106/><G106/><T30/><D16/><U47/><E17/><V40/><F40/><W63/><G63/><T77/><D14/><U31/><E81/><V4/><F65/><W79/><G79/><T7/><D97/><U54/><E54/><V80/><F78/><W58/><G58/><T22/><D22/><U23/><E23/><V66/><F66/><W131/><G131/><T84/><D77/><U110/><E110/><V120/><F120/><W125/><G125/><T100/><D7/><U18/><E18/><V89/><REACH who="2" step="1"/><F52/><REACH who="2" ten="240,183,194,373" step="2"/><W75/><G34/><T98/><D67/><U44/><E44/><V56/><F56/><W88/><G42/><T109/><D64/><U112/><E112/><V32/><F32/><W76/><G76/><T13/><D37/><U8/><E8/><V94/><AGARI ba="0,1" hai="4,5,6,21,26,28,80,83,89,92,94,96,99,101" machi="94" ten="30,7900,0" yaku="1,1,0,1,8,1,52,1,53,0" doraHai="24" doraHaiUra="51" who="2" fromWho="2" sc="240,-20,183,-20,194,89,373,-39" owari="220,-18.0,163,-33.7,283,8.3,334,43.4" /></mjloggm>