<mjloggm ver="2.3"><GO type="225" lobby="0"/><UN n0="%6D%75%75%6D%75%72%61" n1="%E7%89%B9%E6%9D%B1%E3%81%AF%E4%B8%96%E7%95%8C%E3%82%92%E6%95%91%E3%81%86" n2="%E3%81%A1%E3%82%85%E3%81%86%E3%81%A9%E3%81%8F%E8%B1%A1%E3%81%95%E3%82%93" n3="%70%68%65%6E%6F%6D%65" dan="17,16,17,17" rate="2206.09,2119.09,2163.84,2163.12" sx="F,M,M,M"/><TAIKYOKU oya="0"/><INIT seed="0,0,0,1,2,115" ten="250,250,250,250" oya="0" hai0="66,123,121,11,31,0,101,99,88,2,85,29,82" hai1="78,102,10,1,72,30,54,112,59,86,68,22,43" hai2="57,126,67,47,124,120,118,76,45,17,107,20,122" hai3="135,5,32,77,109,16,110,26,69,63,134,9,117"/><T42/><BYE who="3" /><D42/><U53/><E68/><UN n3="%70%68%65%6E%6F%6D%65" /><V131/><F107/><W91/><G77/><T3/><D11/><U18/><E72/><V6/><F6/><W133/><G91/><T51/><D51/><U113/><E43/><V84/><F131/><W75/><G75/><T73/><D73/><U15/><E102/><V130/><F130/><W64/><G117/><T49/><D49/><U104/><E104/><V24/><F76/><W93/><G93/><T52/><D52/><U74/><E74/><V100/><F84/><W21/><REACH who="3" step="1"/><G32/><REACH who="3" ten="250,250,250,240" step="2"/><T50/><D121/><U103/><E78/><V65/><F118/><W119/><G119/><T111/><D123/><U36/><E103/><V70/><F100/><W87/><G87/><T129/><D129/><U13/><E86/><V19/><F120/><W79/><G79/><T48/><D111/><U80/><E80/><V114/><F122/><W108/><G108/><T105/><D88/><U14/><E113/><V28/><F114/><W116/><G116/><T125/><D85/><U44/><E112/><V46/><F124/><W35/><G35/><T4/><D82/><U41/><E44/><V7/><F126/><W97/><G97/><T55/><D125/><U83/><E83/><V40/><F47/><W62/><G62/><T106/><D99/><U34/><E34/><V23/><F46/><W89/><G89/><T37/><D101/><U39/><E39/><V27/><F45/><W71/><G71/><T128/><D37/><U92/><E36/><V60/><F70/><W56/><G56/><T25/><D105/><U8/><E59/><RYUUKYOKU ba="0,1" sc="250,-10,250,-10,250,-10,240,30" hai3="5,9,16,21,26,63,64,69,109,110,133,134,135" /><INIT seed="1,1,1,3,2,0" ten="240,240,240,270" oya="1" hai0="1,35,17,9,127,37,123,96,71,19,25,73,18" hai1="116,36,30,29,99,43,81,78,33,63,45,44,47" hai2="34,3,62,24,101,129,79,39,94,86,72,67,48" hai3="92,76,91,114,32,124,56,69,2,106,80,28,85"/><U51/><E116/><V16/><F39/><W108/><G69/><T118/><D118/><U133/><E133/><V100/><F3/><W31/><G114/><T13/><D73/><U103/><E63/><V6/><F72/><W11/><G108/><T8/><D37/><U110/><E110/><V135/><F135/><W64/><G106/><T5/><D71/><U65/><E65/><V109/><F34/><W111/><G111/><T102/><D127/><U126/><E126/><V53/><F6/><W12/><G2/><T52/><D52/><U83/><E47/><V61/><F61/><N who="3" m="37927" /><G32/><T119/><D119/><U75/><E83/><V87/><F129/><W90/><G124/><T50/><D50/><U105/><REACH who="1" step="1"/><E33/><REACH who="1" ten="240,230,240,270" step="2"/><V77/><F62/><W93/><G76/><T134/><D134/><U95/><E95/><N who="3" m="36426" /><G91/><T117/><D117/><U88/><E88/><V131/><F77/><W121/><G121/><T57/><D123/><U7/><E7/><AGARI ba="1,2" hai="7,11,12,28,31,80,85,90" m="36426,37927" machi="7" ten="30,2000,0" yaku="8,1,52,1" doraHai="0" who="3" fromWho="1" sc="240,0,230,-23,240,0,270,43" /><INIT seed="2,0,0,5,5,94" ten="240,207,240,313" oya="2" hai0="1,135,0,126,53,34,106,99,2,110,74,118,91" hai1="80,90,113,84,3,7,77,5,121,61,14,105,46" hai2="134,79,127,36,32,89,64,111,130,42,115,93,33" hai3="116,9,104,103,95,40,71,45,17,83,47,86,43"/><V57/><F115/><W125/><G71/><T81/><D110/><U85/><E113/><V28/><F79/><W58/><G104/><T55/><D126/><U26/><E121/><V11/><F11/><W63/><G116/><T25/><D118/><U39/><E3/><V60/><F127/><W59/><G125/><T41/><D135/><U30/><E105/><V101/><F101/><W49/><G9/><T52/><D41/><U87/><E14/><V75/><F75/><W56/><G17/><T124/><D124/><U109/><E109/><V123/><F123/><W73/><G73/><T23/><D34/><U62/><E39/><V20/><F111/><W131/><G131/><T22/><D74/><U13/><E46/><V119/><F119/><W92/><G63/><N who="1" m="24074" /><E13/><V19/><F28/><W21/><G21/><T72/><D25/><U100/><E100/><V50/><F36/><W15/><G15/><T82/><D106/><U114/><E114/><V54/><F42/><W128/><G128/><T66/><D66/><U48/><E48/><V108/><F108/><W122/><G103/><T129/><D129/><U4/><E77/><V76/><F76/><N who="3" m="46439" /><G122/><T120/><D120/><U8/><E8/><V35/><F130/><W27/><G27/><T69/><D69/><U12/><E12/><N who="2" m="9319" /><F134/><W51/><AGARI ba="0,0" hai="40,43,45,47,49,51,56,58,59,92,95" m="46439" machi="51" ten="30,1100,0" yaku="8,1" doraHai="94" who="3" fromWho="3" sc="240,-3,207,-3,240,-5,313,11" /><INIT seed="3,0,0,0,1,15" ten="237,204,235,324" oya="3" hai0="30,82,81,104,95,39,80,118,8,92,62,19,101" hai1="61,79,117,91,103,88,46,47,55,124,119,60,28" hai2="97,76,53,127,112,71,64,0,51,44,86,90,65" hai3="38,67,94,114,116,4,27,134,75,20,25,54,105"/><W93/><G105/><T126/><D39/><U73/><E103/><V2/><F112/><W43/><G75/><T113/><D118/><N who="1" m="45067" /><E28/><V110/><F110/><W35/><G35/><T5/><D126/><U121/><E121/><V3/><F127/><W111/><G114/><T7/><D104/><U130/><E124/><V24/><F71/><W128/><G67/><T108/><D108/><U18/><E130/><V84/><F24/><W66/><G66/><T31/><D113/><U26/><E79/><V107/><F107/><W100/><G4/><N who="0" m="1611" /><D62/><N who="1" m="24171" /><E73/><V122/><F122/><W69/><G100/><T6/><D6/><U23/><E55/><V133/><F133/><W135/><G54/><T40/><D40/><U14/><E14/><V17/><F76/><W89/><G43/><T59/><D101/><U132/><E132/><V34/><F34/><W52/><G52/><T109/><D59/><U72/><E72/><V98/><F65/><W129/><G111/><T58/><D58/><U106/><E106/><V12/><F64/><W83/><G116/><T49/><D109/><U96/><E96/><N who="2" m="36971" /><F90/><AGARI ba="0,0" hai="18,23,26,46,47,88,90,91" m="24171,45067" machi="90" ten="30,3900,0" yaku="12,1,52,1,54,1" doraHai="15" who="1" fromWho="2" sc="237,0,204,39,235,-39,324,0" owari="237,-16.3,243,4.3,196,-30.4,324,42.4" /></mjloggm>