<mjloggm ver="2.3"><GO type="225" lobby="0"/><UN n0="%E3%82%A2%E3%82%A4%E3%82%B9%E3%83%86%E3%82%A3%E3%83%BC%E3%81%82%E3%81%B9" n1="%E7%AB%8B%E8%8A%B1%E9%9F%BF" n2="%E3%83%97%E3%83%92" n3="%4C%4F%4C%49%54%41" dan="16,17,16,16" rate="2077.42,2152.26,2176.10,2185.55" sx="M,F,M,F"/><TAIKYOKU oya="0"/><INIT seed="0,0,0,1,2,69" ten="250,250,250,250" oya="0" hai0="5,93,49,79,83,56,78,48,42,10,114,23,22" hai1="50,13,39,25,1,112,12,130,107,29,71,76,91" hai2="131,52,41,38,37,44,100,80,60,94,4,92,16" hai3="55,119,65,6,67,90,125,113,132,2,17,59,33"/><T8/><D114/><U57/><E71/><V133/><F131/><W88/><G119/><T70/><D70/><U108/><E1/><V47/><F4/><W72/><G113/><T9/><D5/><U64/><E112/><V53/><F133/><W134/><G72/><T122/><D122/><U0/><E0/><V36/><F80/><W27/><G125/><T103/><D42/><U135/><E107/><V74/><F74/><W73/><G73/><T106/><D106/><U123/><E76/><N who="0" m="29225" /><D83/><U11/><E39/><V28/><F28/><N who="3" m="19615" /><G17/><T61/><D103/><U62/><E108/><V75/><F75/><W3/><G3/><T31/><D93/><U126/><E126/><V110/><F110/><W97/><G65/><N who="0" m="39079" /><D31/><U34/><E130/><V15/><F60/><N who="3" m="35967" /><G97/><T40/><D40/><U46/><E135/><N who="3" m="51754" /><G67/><T84/><D84/><U85/><E123/><V96/><F92/><W58/><G58/><T63/><D63/><U118/><E118/><V18/><F18/><W124/><G124/><T129/><D129/><U89/><E85/><V86/><F86/><W26/><G26/><T117/><D117/><U102/><E12/><V127/><F127/><W19/><G19/><T77/><N who="0" m="29233" /><T82/><DORA hai="43" /><D82/><U104/><E104/><V120/><F120/><W51/><G51/><AGARI ba="0,0" hai="8,9,10,22,23,48,49,51" m="39079,29233" machi="51" ten="40,2000,0" yaku="8,1" doraHai="69,43" who="0" fromWho="3" sc="250,20,250,0,250,0,250,-20" /><INIT seed="0,1,0,0,5,53" ten="270,250,250,230" oya="0" hai0="114,44,10,25,50,8,96,56,49,88,2,33,43" hai1="30,71,118,83,133,72,90,69,107,125,98,100,47" hai2="37,102,103,112,134,60,121,89,129,135,105,91,23" hai3="84,113,122,124,4,86,109,35,51,64,123,111,119"/><T116/><D116/><U59/><E118/><V65/><F37/><W78/><G119/><T94/><D114/><U14/><E133/><N who="2" m="50699" /><F112/><W9/><G35/><T76/><D76/><U16/><E125/><V82/><F121/><N who="3" m="46091" /><G113/><T6/><D10/><U85/><E30/><V20/><F129/><W93/><G124/><T46/><D56/><U127/><E127/><V57/><F105/><W28/><G28/><T7/><D7/><U26/><E26/><V63/><F60/><W104/><G104/><T40/><D25/><U68/><E47/><V48/><F48/><W74/><G64/><T27/><D27/><U67/><E72/><V73/><F73/><W75/><G51/><T1/><REACH who="0" step="1"/><D33/><REACH who="0" ten="260,250,250,230" step="2"/><U55/><E67/><V108/><F65/><W126/><G126/><T18/><D18/><U31/><E31/><V110/><F57/><W38/><G4/><T87/><D87/><U5/><E5/><V80/><F20/><W95/><G9/><T17/><D17/><U42/><E71/><V120/><F23/><W21/><G21/><T97/><D97/><U66/><E66/><V29/><F29/><W39/><G75/><T81/><D81/><N who="2" m="31338" /><F120/><W77/><G74/><T61/><D61/><U13/><E69/><V54/><F63/><W131/><G78/><T15/><AGARI ba="1,1" hai="1,2,6,8,15,40,43,44,46,49,50,88,94,96" machi="15" ten="20,12000,1" yaku="1,1,0,1,7,1,9,1,54,1,53,0" doraHai="53" doraHaiUra="128" who="0" fromWho="0" sc="260,133,250,-41,250,-41,230,-41" /><INIT seed="0,2,0,1,4,77" ten="393,209,209,189" oya="0" hai0="14,127,104,22,37,125,50,80,103,107,45,105,58" hai1="68,38,132,47,62,92,35,100,133,89,124,66,34" hai2="102,117,79,111,99,40,135,69,72,26,46,114,27" hai3="41,88,20,97,54,55,32,73,28,108,36,12,76"/><T71/><D71/><U91/><E100/><V43/><F114/><W49/><G108/><T16/><D58/><U44/><E124/><N who="0" m="47689" /><D37/><U13/><E13/><V6/><F40/><W60/><G32/><T29/><D29/><U126/><E126/><V78/><F78/><W129/><G129/><T93/><D93/><U19/><E19/><V109/><F69/><W8/><G36/><T31/><D31/><U5/><E5/><V3/><F6/><W90/><G73/><T57/><D57/><U2/><E2/><V116/><F3/><W1/><G1/><T7/><D7/><U25/><E91/><V51/><F72/><W119/><G76/><T115/><D80/><U15/><E15/><V123/><F79/><W65/><G119/><N who="2" m="45641" /><F123/><W101/><G28/><T131/><D131/><U64/><E64/><V18/><F18/><W85/><G65/><T121/><D121/><U74/><E74/><V70/><F70/><W95/><G90/><T33/><D33/><U84/><E35/><V0/><F0/><W61/><G88/><T48/><D48/><U83/><E34/><V82/><F82/><W98/><G49/><T42/><D115/><U52/><E38/><V134/><F111/><W4/><G4/><T30/><D30/><U128/><E128/><V94/><F109/><W106/><G95/><T21/><D103/><U17/><E83/><V59/><F59/><W118/><G101/><T24/><D24/><AGARI ba="2,0" hai="24,26,27,43,46,51,94,99,102,134,135" m="45641" machi="24" ten="30,1000,0" yaku="12,1" doraHai="77" who="2" fromWho="0" sc="393,-16,209,0,209,16,189,0" /><INIT seed="1,0,0,4,2,107" ten="377,209,225,189" oya="1" hai0="89,29,6,58,85,71,88,124,104,53,94,23,82" hai1="106,45,42,32,118,84,55,77,110,12,79,123,54" hai2="8,50,86,49,74,99,115,109,127,98,9,34,119" hai3="121,15,14,130,62,100,102,78,52,126,131,93,87"/><U48/><E118/><V134/><F119/><W5/><G121/><T35/><D71/><U60/><E123/><V17/><F34/><W47/><G126/><T11/><D104/><U91/><E106/><V69/><F69/><W24/><G24/><T114/><D35/><U129/><E129/><N who="3" m="49162" /><G5/><T81/><D114/><U120/><E120/><V112/><F86/><W97/><G100/><T31/><D124/><U103/><E103/><V76/><F127/><W33/><G33/><T57/><D23/><U63/><E32/><V18/><F76/><N who="1" m="29257" /><E12/><V122/><F122/><W83/><G62/><N who="1" m="23594" /><E110/><V16/><F17/><W56/><G56/><N who="0" m="21611" /><D53/><U44/><E44/><V132/><REACH who="2" step="1"/><F109/><REACH who="2" ten="377,209,215,189" step="2"/><W68/><G68/><T65/><D85/><U133/><E133/><V43/><F43/><W95/><G93/><AGARI ba="0,1" hai="42,45,48,54,55,84,91,93" m="23594,29257" machi="93" ten="30,1500,0" yaku="8,1" doraHai="107" who="1" fromWho="3" sc="377,0,209,25,215,0,189,-15" /><INIT seed="1,1,0,2,5,128" ten="377,234,215,174" oya="1" hai0="46,114,80,60,71,124,14,90,35,101,49,89,122" hai1="103,88,129,18,47,69,54,111,75,106,123,125,50" hai2="133,59,130,127,3,38,7,45,19,51,30,72,84" hai3="110,117,63,78,68,81,108,86,34,27,0,87,67"/><U9/><E123/><V94/><F130/><W42/><G0/><T48/><D114/><U17/><E129/><V121/><F72/><W92/><G117/><T134/><D35/><U93/><E75/><V12/><F30/><W33/><G42/><T43/><D101/><U120/><E120/><V37/><F127/><W100/><G27/><T6/><D124/><U64/><E125/><V16/><F3/><W57/><G68/><T32/><D32/><U76/><E76/><V83/><F38/><W102/><G102/><T109/><D109/><N who="3" m="42089" /><G100/><T107/><D107/><U13/><E111/><V2/><F37/><W52/><G67/><T5/><D60/><U55/><E64/><V62/><F2/><W22/><G22/><T23/><D71/><U25/><E69/><V118/><F118/><W61/><G63/><T65/><D65/><U31/><E103/><V73/><F73/><W82/><G92/><T98/><D80/><U1/><E1/><V58/><F94/><W24/><G24/><T41/><D43/><U85/><E106/><V15/><F62/><W11/><G11/><T77/><D41/><N who="1" m="24943" /><E31/><V96/><F121/><W66/><G66/><T36/><D36/><U39/><E39/><V29/><F29/><W44/><G44/><T104/><D104/><U99/><E99/><V4/><F96/><W79/><AGARI ba="1,0" hai="33,34,52,57,61,78,79,81,82,86,87" m="42089" machi="79" ten="30,2000,0" yaku="14,1,54,1" doraHai="128" who="3" fromWho="3" sc="377,-6,234,-11,215,-6,174,23" /><INIT seed="2,0,0,4,3,46" ten="371,223,209,197" oya="2" hai0="75,66,57,33,111,26,54,15,52,123,39,35,78" hai1="62,40,3,135,95,114,11,61,77,38,116,118,37" hai2="125,112,83,129,76,7,10,41,44,16,71,92,1" hai3="130,24,108,20,22,132,69,126,49,106,104,17,115"/><V127/><F112/><W45/><G69/><T119/><D123/><U31/><E114/><V51/><F71/><W63/><G115/><T117/><D39/><U28/><E77/><V121/><F121/><W86/><G108/><T29/><D35/><U53/><E95/><V84/><F129/><W79/><G126/><T65/><D111/><U100/><E100/><V36/><F92/><W64/><G132/><T97/><D97/><U109/><E109/><V23/><REACH who="2" step="1"/><F36/><REACH who="2" ten="371,223,199,197" step="2"/><W72/><G130/><T80/><D119/><U67/><E38/><V101/><F101/><W113/><G113/><T21/><D117/><U58/><E37/><V124/><F124/><W27/><G104/><T90/><D80/><U131/><E131/><V4/><F4/><W68/><G106/><T99/><D99/><U134/><E118/><V120/><F120/><W47/><G72/><T59/><D75/><U70/><E116/><V105/><F105/><W18/><G86/><T43/><D66/><U56/><E135/><V60/><F60/><W5/><G5/><T94/><D65/><U82/><E70/><V13/><AGARI ba="0,1" hai="1,7,10,13,16,23,41,44,51,76,83,84,125,127" machi="13" ten="30,12000,1" yaku="1,1,0,1,52,1,54,1,53,1" doraHai="46" doraHaiUra="12" who="2" fromWho="2" sc="371,-40,223,-40,199,130,197,-40" /><INIT seed="2,1,0,3,5,35" ten="331,183,329,157" oya="2" hai0="49,29,12,107,34,1,80,79,40,83,59,92,43" hai1="11,99,113,120,102,104,89,72,98,41,53,26,71" hai2="65,103,6,17,20,58,67,119,46,74,135,52,127" hai3="126,122,23,75,56,4,95,32,76,31,88,64,69"/><V2/><F119/><W87/><G122/><T90/><D107/><U15/><E120/><V78/><F135/><W30/><G69/><T86/><D1/><U13/><E113/><V7/><F127/><W77/><G126/><T39/><D39/><U115/><E115/><V9/><F103/><W114/><G114/><T112/><D112/><U24/><E71/><V21/><F46/><W132/><G132/><T82/><D34/><U133/><E133/><V42/><F42/><N who="0" m="15914" /><D29/><U66/><E66/><V125/><F7/><W25/><G75/><T19/><D49/><U27/><E41/><V57/><F57/><W124/><G124/><T68/><D59/><U116/><E72/><V85/><F21/><W28/><G4/><T101/><D101/><U106/><E116/><V54/><F74/><W14/><G14/><T118/><D68/><U0/><E53/><V70/><F125/><W44/><G44/><T108/><D108/><U129/><E129/><V110/><F110/><W16/><REACH who="3" step="1"/><G32/><REACH who="3" ten="331,183,329,147" step="2"/><T33/><D33/><U37/><E37/><V109/><F109/><W130/><G130/><T51/><D118/><U84/><E104/><V47/><F47/><W81/><G81/><T93/><D80/><U105/><E105/><V128/><F128/><W100/><G100/><T38/><D83/><U117/><E117/><V96/><F70/><W62/><AGARI ba="1,1" hai="16,23,25,28,30,31,56,62,64,76,77,87,88,95" machi="62" ten="30,8000,1" yaku="1,1,0,1,8,1,54,2,53,0" doraHai="35" doraHaiUra="45" who="3" fromWho="3" sc="331,-21,183,-21,329,-41,147,93" /><INIT seed="3,0,0,1,0,78" ten="310,162,288,240" oya="3" hai0="55,96,77,8,126,37,129,43,45,2,122,117,107" hai1="105,16,84,52,11,61,121,106,102,69,67,28,120" hai2="93,0,110,31,108,14,10,135,57,38,32,22,81" hai3="80,24,53,72,94,83,111,118,65,30,71,5,59"/><W68/><G118/><T29/><D117/><U90/><E28/><V116/><F116/><W35/><G72/><T85/><D122/><U88/><E90/><V115/><F38/><W17/><G5/><T7/><D126/><U119/><E119/><V23/><F115/><W63/><G111/><N who="2" m="42537" /><F93/><W21/><G94/><T134/><D29/><U131/><E131/><V66/><F66/><W92/><G92/><T18/><D129/><U124/><E124/><V79/><F57/><W44/><G44/><T49/><D134/><U50/><E106/><V113/><F0/><W82/><REACH who="3" step="1"/><G65/><REACH who="3" ten="310,162,288,230" step="2"/><T4/><D7/><U15/><E105/><V39/><F135/><W62/><G62/><T125/><D125/><U89/><E102/><V41/><F113/><W1/><G1/><T87/><D4/><U100/><E100/><V36/><F39/><W42/><G42/><T130/><D43/><U56/><E89/><V76/><F41/><W112/><G112/><T95/><D37/><U64/><E67/><V127/><F36/><W20/><G20/><T73/><D2/><U19/><E19/><N who="2" m="8663" /><F127/><W123/><G123/><T33/><D130/><U99/><E99/><V46/><F46/><W103/><G103/><N who="0" m="60831" /><D107/><U48/><E48/><V91/><F23/><W60/><G60/><T34/><D73/><U13/><E13/><AGARI ba="0,1" hai="13,17,21,24,30,35,53,59,63,68,71,80,82,83" machi="13" ten="40,12000,1" yaku="1,1,52,3,53,0" doraHai="78" doraHaiUra="74" who="3" fromWho="1" sc="310,0,162,-120,288,0,230,130" owari="310,11.0,42,-45.8,288,-11.2,360,46.0" /></mjloggm>