<mjloggm ver="2.3"><GO type="225" lobby="0"/><UN n0="%66%67%67%68%68%64%66" n1="%E8%A8%88%E7%AE%97%E6%A9%9F%E8%87%AA%E7%84%B6" n2="%48%61%61%61%6C%61%6E%64" n3="%E3%81%A9%E3%82%8F%E3%82%93%E3%81%94" dan="16,17,17,16" rate="2059.44,2177.54,2251.49,2172.74" sx="M,M,M,M"/><TAIKYOKU oya="0"/><INIT seed="0,0,0,2,3,58" ten="250,250,250,250" oya="0" hai0="15,11,16,110,4,40,118,126,48,80,117,130,1" hai1="111,105,2,13,75,31,32,100,29,45,30,59,87" hai2="124,91,125,128,103,123,88,17,89,47,102,43,7" hai3="98,18,26,61,133,35,70,82,55,65,114,112,3"/><T83/><BYE who="2" /><D130/><U68/><E75/><UN n2="%48%61%61%61%6C%61%6E%64" /><V90/><F123/><W96/><G133/><T62/><D126/><N who="2" m="48746" /><F128/><W14/><G3/><T106/><D106/><U25/><E2/><V20/><N who="2" m="22528" /><DORA hai="108" /><V104/><F7/><W107/><G82/><T121/><D121/><U12/><E59/><V28/><F28/><W73/><G73/><T37/><D37/><U78/><E30/><V64/><F64/><W49/><G26/><T51/><D110/><U52/><E25/><N who="2" m="14479" /><F104/><W63/><G35/><T95/><D95/><U101/><E32/><V93/><F93/><W77/><G107/><T21/><D80/><U72/><E29/><V127/><N who="2" m="48754" /><V99/><DORA hai="42" /><F99/><W34/><G34/><T50/><D83/><U36/><E31/><V129/><F129/><W119/><G65/><T57/><REACH who="0" step="1"/><D40/><REACH who="0" ten="240,250,250,250" step="2"/><U8/><E105/><V23/><F23/><W60/><G119/><T5/><D5/><U6/><E6/><V10/><F10/><W109/><G109/><T69/><D69/><U81/><E68/><V38/><AGARI ba="0,1" hai="38,43,47,102,103" m="14479,22528,48754" machi="38" ten="60,7900,0" yaku="18,1,52,1,54,1" doraHai="58,108,42" who="2" fromWho="2" sc="240,-39,250,-20,250,89,250,-20" /><INIT seed="1,0,0,0,5,92" ten="201,230,339,230" oya="1" hai0="2,82,115,23,68,130,41,57,51,122,132,99,95" hai1="45,29,43,30,59,9,53,76,110,77,109,64,62" hai2="12,131,121,108,54,52,71,94,75,117,25,129,44" hai3="72,86,128,102,116,58,67,119,56,42,89,114,106"/><U73/><E9/><V69/><F117/><N who="3" m="45131" /><G114/><T22/><D115/><U46/><E73/><V96/><F121/><W14/><G72/><T39/><D68/><N who="2" m="26186" /><F75/><W78/><G78/><N who="1" m="30314" /><E64/><V40/><F12/><W93/><G128/><N who="2" m="49225" /><F25/><W38/><G67/><T4/><D2/><U49/><E45/><V7/><F7/><W17/><G42/><T101/><D4/><U48/><E62/><V63/><F63/><W113/><G38/><T103/><D122/><U33/><E33/><V83/><F83/><W133/><G133/><T120/><D132/><U32/><E32/><V0/><F0/><W36/><G36/><T97/><D120/><U6/><E6/><V81/><F81/><W37/><G37/><T74/><D130/><U66/><E66/><V1/><F1/><W107/><G113/><T87/><D39/><U13/><E13/><V18/><F44/><W100/><G106/><T91/><D74/><U28/><E109/><V135/><F108/><W126/><G107/><T8/><D41/><U3/><E3/><V123/><F40/><W20/><G126/><T60/><D8/><U24/><E110/><V11/><F123/><W111/><G111/><T105/><REACH who="0" step="1"/><D51/><REACH who="0" ten="191,230,339,230" step="2"/><U88/><E48/><V35/><F135/><W15/><G15/><T125/><D125/><U84/><E43/><V55/><F11/><W34/><G34/><T85/><D85/><U27/><E46/><V98/><F35/><W127/><G127/><T61/><D61/><U26/><E84/><V90/><F96/><W16/><G14/><T118/><D118/><U5/><E5/><V80/><F98/><RYUUKYOKU ba="0,1" sc="191,15,230,15,339,-15,230,-15" hai0="22,23,57,60,82,87,91,95,97,99,101,103,105" hai1="24,26,27,28,29,30,49,53,59,88" /><INIT seed="1,1,1,5,2,68" ten="206,245,324,215" oya="1" hai0="15,44,38,66,59,85,116,120,55,21,106,18,58" hai1="132,111,93,97,60,12,130,125,96,118,48,33,16" hai2="119,56,100,54,57,83,73,8,2,115,41,23,69" hai3="133,89,76,20,131,50,114,94,4,79,102,51,5"/><U99/><E118/><V47/><F119/><W53/><G114/><T46/><D116/><U28/><E130/><V61/><F100/><W42/><G133/><T121/><D106/><U72/><E72/><V10/><F115/><W71/><G71/><T64/><D85/><U88/><E132/><V52/><F69/><W27/><G102/><T34/><D34/><U80/><E125/><V112/><F112/><W78/><G42/><N who="0" m="22615" /><D46/><U70/><E111/><V135/><F135/><W124/><G124/><T62/><D59/><U91/><E28/><V17/><F83/><W45/><G50/><T7/><D7/><U98/><E33/><V31/><F31/><N who="3" m="17895" /><G131/><T13/><D13/><U101/><E80/><V92/><F92/><W19/><G19/><T11/><D11/><U107/><E107/><V26/><F2/><W122/><G122/><AGARI ba="1,1" hai="15,18,21,55,58,62,64,66,120,121,122" m="22615" machi="122" ten="30,2000,0" yaku="13,1,52,1" doraHai="68" who="0" fromWho="3" sc="206,33,245,0,324,0,215,-23" /><INIT seed="2,0,0,2,2,95" ten="239,245,324,192" oya="2" hai0="52,90,40,129,5,51,72,106,122,117,33,61,21" hai1="66,77,4,6,65,45,73,22,10,1,70,37,30" hai2="29,79,119,93,108,133,8,131,85,115,130,46,110" hai3="125,112,16,49,67,135,97,89,118,84,78,128,38"/><V80/><F115/><W68/><G112/><T87/><D122/><U94/><E4/><V82/><F119/><W101/><G38/><T103/><D33/><U18/><E30/><V35/><F133/><W39/><G39/><T134/><D72/><U34/><E70/><V107/><F107/><W62/><G118/><T63/><D117/><U15/><E94/><V9/><F46/><W126/><G135/><T104/><D134/><U76/><E34/><V3/><F93/><N who="3" m="58543" /><G78/><T86/><D40/><N who="1" m="22671" /><E77/><N who="2" m="46223" /><F29/><W41/><G128/><N who="2" m="49193" /><F35/><W44/><G84/><T96/><D86/><U111/><E111/><N who="2" m="42539" /><F3/><W64/><G44/><T11/><D106/><U74/><E74/><AGARI ba="0,0" hai="8,9,74,79,82" m="42539,49193,46223" machi="74" ten="30,5800,0" yaku="19,1,14,1,10,1" doraHai="95" who="2" fromWho="1" sc="239,0,245,-58,324,58,192,0" /><INIT seed="2,1,0,2,0,4" ten="239,187,382,192" oya="2" hai0="49,58,21,84,78,40,128,41,37,33,134,43,88" hai1="32,83,52,0,29,96,70,97,82,18,87,23,63" hai2="11,127,51,118,16,125,2,30,89,110,12,48,15" hai3="122,101,36,95,74,62,20,75,108,53,42,112,76"/><V126/><F118/><W129/><G122/><T68/><D33/><U8/><E32/><V119/><F119/><W104/><G104/><T115/><D115/><U98/><E70/><V14/><F110/><W19/><G108/><T113/><D113/><U56/><E0/><V94/><F30/><W31/><G112/><T92/><D68/><U72/><E72/><V39/><F39/><W34/><G36/><T26/><D128/><U91/><E29/><V80/><F80/><W93/><G42/><T6/><D134/><U99/><N who="1" m="24576" /><DORA hai="38" /><U132/><E132/><V77/><F77/><W50/><G62/><T133/><D133/><U9/><E82/><V17/><F2/><W130/><G101/><T73/><D6/><U90/><E90/><V67/><F67/><W35/><G76/><T61/><D37/><U131/><E131/><N who="3" m="50186" /><G34/><T85/><D73/><N who="3" m="27657" /><G31/><N who="0" m="17871" /><D78/><U105/><E105/><V109/><F109/><W66/><G66/><N who="0" m="39223" /><D49/><N who="2" m="19018" /><F17/><W123/><G35/><T79/><D79/><U59/><E56/><V102/><F102/><W117/><G123/><T81/><D85/><AGARI ba="1,0" hai="11,12,14,15,16,85,89,94,125,126,127" m="19018" machi="85" ten="30,5800,0" yaku="18,1,52,1,54,1" doraHai="4,38" who="2" fromWho="0" sc="239,-61,187,0,382,61,192,0" /><INIT seed="2,2,0,4,3,87" ten="178,187,443,192" oya="2" hai0="110,12,80,72,51,69,43,49,24,46,81,14,9" hai1="94,90,102,114,13,63,19,68,126,37,6,77,48" hai2="58,28,31,50,70,100,65,47,30,108,129,61,117" hai3="121,127,91,38,99,55,15,113,7,134,56,53,84"/><V82/><F117/><W95/><G134/><T103/><D69/><U109/><E114/><V120/><F120/><W52/><G127/><T23/><D110/><U35/><E37/><V67/><F108/><W115/><G38/><T42/><D103/><U44/><E109/><V124/><F124/><W10/><G121/><T131/><D131/><U59/><E35/><V20/><F100/><W21/><G21/><T106/><D106/><U78/><E6/><V11/><F129/><W125/><G125/><T133/><D133/><U62/><E68/><V18/><F11/><W8/><G8/><T79/><D81/><U128/><E102/><V75/><F75/><W71/><G71/><T32/><D32/><U73/><E73/><V34/><F82/><W39/><G39/><T85/><D72/><U89/><E128/><V64/><F34/><W76/><G76/><N who="1" m="29290" /><E126/><V4/><F4/><W1/><G1/><T45/><D9/><N who="1" m="6575" /><E59/><V25/><F70/><W123/><G123/><T36/><D36/><U118/><E118/><V88/><F58/><W111/><G111/><T57/><D57/><U132/><E132/><V66/><F31/><AGARI ba="2,0" hai="12,14,23,24,31,42,43,45,46,49,51,79,80,85" machi="31" ten="30,3900,0" yaku="7,1,9,1,8,1" doraHai="87" who="0" fromWho="2" sc="178,45,187,0,443,-45,192,0" /><INIT seed="3,0,0,1,3,117" ten="223,187,398,192" oya="3" hai0="60,42,82,5,132,95,115,6,4,1,84,75,68" hai1="47,22,67,134,46,14,129,101,24,87,50,90,3" hai2="98,51,114,19,120,110,85,35,92,28,135,33,41" hai3="39,123,59,127,91,44,121,25,119,13,18,72,45"/><W131/><G119/><T77/><D132/><U55/><E3/><V58/><F114/><W11/><G72/><T27/><D115/><U61/><E129/><V9/><F110/><W88/><G131/><T104/><D104/><U102/><E134/><V10/><F120/><W105/><G105/><T66/><D42/><U54/><E14/><V74/><F74/><W112/><G112/><T118/><D118/><U116/><E116/><V8/><F28/><W34/><G39/><T89/><REACH who="0" step="1"/><D27/><REACH who="0" ten="213,187,398,192" step="2"/><U17/><E46/><N who="3" m="18026" /><G123/><T93/><D93/><U29/><E29/><V56/><F33/><W124/><G121/><T52/><D52/><U108/><E55/><V99/><F8/><AGARI ba="0,1" hai="1,4,5,6,8,60,66,68,75,77,82,84,89,95" machi="8" ten="40,1300,0" yaku="1,1,53,0" doraHai="117" doraHaiUra="96" who="0" fromWho="2" sc="213,23,187,0,398,-13,192,0" owari="236,3.6,187,-31.3,385,48.5,192,-20.8" /></mjloggm>