<mjloggm ver="2.3"><GO type="225" lobby="0"/><UN n0="%E3%81%82%E3%81%B9%E3%81%99%E3%81%91" n1="%E3%81%B6%E3%82%8B%E3%82%8B%E3%81%B6%E3%81%B6" n2="%E3%81%9F%E3%81%8C%E3%82%84%E3%81%99" n3="%73%6C%69%63%6B%33%31%39" dan="16,16,17,16" rate="2113.97,2043.55,2205.23,2166.14" sx="M,M,M,M"/><TAIKYOKU oya="0"/><INIT seed="0,0,0,0,4,133" ten="250,250,250,250" oya="0" hai0="47,11,56,105,65,116,1,71,37,54,96,66,78" hai1="114,3,103,99,89,25,124,17,12,53,134,107,100" hai2="119,58,43,129,30,123,2,111,0,121,115,36,122" hai3="69,92,49,4,87,35,88,85,83,34,33,118,98"/><T19/><D116/><U8/><E134/><V21/><F58/><W62/><G118/><T5/><D78/><U82/><E114/><V68/><F43/><W15/><G49/><T60/><D19/><U90/><E3/><N who="2" m="1067" /><F119/><W64/><G4/><T13/><D1/><U104/><E82/><V77/><F77/><W10/><G10/><T57/><D71/><U74/><E74/><V130/><F36/><W28/><G15/><T125/><D125/><U55/><E124/><V46/><F46/><W91/><REACH who="3" step="1"/><G98/><REACH who="3" ten="250,250,250,240" step="2"/><T67/><D37/><U113/><E113/><V52/><F115/><W32/><G32/><T131/><D131/><U112/><E112/><V94/><F130/><W29/><AGARI ba="0,1" hai="28,29,33,34,35,62,64,69,83,85,87,88,91,92" machi="29" ten="40,5200,0" yaku="1,1,0,1,54,1,53,0" doraHai="133" doraHaiUra="97" who="3" fromWho="3" sc="250,-26,250,-13,250,-13,240,62" /><INIT seed="1,0,0,5,2,87" ten="224,237,237,302" oya="1" hai0="96,127,119,29,110,76,5,77,115,82,79,64,17" hai1="42,120,16,130,81,28,35,13,106,18,54,61,45" hai2="23,123,118,111,70,57,25,40,38,0,107,92,36" hai3="112,49,1,99,98,71,67,34,109,117,116,24,135"/><U39/><E120/><V131/><F107/><W103/><G112/><T47/><D115/><U113/><E113/><V51/><F0/><W133/><G1/><T65/><D119/><N who="3" m="45641" /><G109/><T85/><D110/><U83/><E130/><V91/><F70/><W74/><G74/><T97/><D127/><U33/><E106/><V27/><F118/><W41/><G49/><T9/><D29/><U66/><E54/><V124/><F111/><W3/><G3/><T114/><D17/><U132/><E18/><V53/><F123/><W121/><G41/><T10/><D47/><U68/><E132/><V93/><F93/><W134/><G121/><T21/><D21/><U30/><E30/><V80/><F80/><W31/><G103/><T90/><D114/><U75/><E28/><V104/><F104/><W84/><G84/><T101/><D5/><U88/><E81/><V108/><F108/><W55/><G55/><T44/><D44/><U122/><E122/><V50/><F124/><W26/><G26/><T8/><REACH who="0" step="1"/><D97/><REACH who="0" ten="214,237,237,302" step="2"/><U125/><E125/><V78/><F131/><W20/><G20/><T128/><D128/><U48/><E39/><V6/><F6/><W100/><G99/><T12/><D12/><U7/><E7/><V43/><F36/><W72/><G98/><T46/><D46/><U15/><E13/><V69/><F38/><W59/><G134/><T95/><AGARI ba="0,1" hai="8,9,10,64,65,76,77,79,82,85,90,95,96,101" machi="95" ten="30,7900,0" yaku="1,1,0,1,8,1,52,1,53,0" doraHai="87" doraHaiUra="56" who="0" fromWho="0" sc="214,89,237,-39,237,-20,302,-20" /><INIT seed="2,0,0,1,3,121" ten="303,198,217,282" oya="2" hai0="77,102,84,39,35,44,32,135,28,42,74,78,132" hai1="122,51,26,71,93,133,61,9,125,20,48,119,8" hai2="46,126,79,111,108,95,99,4,12,60,40,14,72" hai3="131,22,103,70,62,7,73,31,64,19,92,114,75"/><V90/><F72/><W36/><G36/><T3/><D74/><U91/><E122/><V25/><F79/><N who="0" m="30218" /><D3/><U52/><E119/><V113/><F113/><W58/><G31/><T129/><D129/><U96/><E133/><N who="0" m="51273" /><D28/><U110/><E110/><N who="2" m="42027" /><F126/><W68/><G7/><T5/><D5/><U53/><E125/><V2/><F25/><W0/><G0/><T67/><D84/><U87/><E87/><V13/><F60/><W11/><G11/><N who="1" m="4170" /><E71/><V29/><F29/><W6/><G6/><T120/><D120/><U80/><E80/><V115/><F115/><W37/><G68/><T43/><D43/><U116/><E116/><V63/><F63/><W85/><G70/><T97/><D67/><U56/><E53/><V76/><F76/><W94/><G114/><T59/><D59/><U86/><E86/><V17/><F4/><W100/><G85/><T128/><D128/><U130/><E130/><V89/><F2/><W123/><G123/><T101/><D101/><N who="3" m="38985" /><G75/><T16/><D16/><AGARI ba="0,0" hai="16,20,26,48,51,52,56,61,91,93,96" m="4170" machi="16" ten="30,7700,0" yaku="25,1,8,1,54,2" doraHai="121" who="1" fromWho="0" sc="303,-77,198,77,217,0,282,0" /><INIT seed="3,0,0,4,5,19" ten="226,275,217,282" oya="3" hai0="34,126,88,135,69,111,7,68,48,15,110,105,85" hai1="119,31,62,23,65,53,5,134,8,12,67,60,129" hai2="127,4,132,18,112,83,9,21,36,95,80,51,10" hai3="94,97,28,24,131,76,45,3,74,13,22,117,58"/><W133/><G117/><T81/><D105/><U77/><E129/><V107/><F36/><W55/><G3/><T59/><D135/><U50/><E134/><V89/><F107/><W20/><G133/><T64/><D126/><U30/><E77/><V35/><F35/><W41/><G74/><T75/><D34/><U72/><E72/><V52/><F112/><W14/><G22/><T128/><D128/><U6/><E119/><V2/><F127/><W37/><G76/><T121/><D75/><U54/><E50/><V57/><F9/><W91/><G131/><T43/><D121/><U17/><E8/><V104/><F104/><W39/><G37/><T44/><D15/><U113/><E113/><V115/><F115/><W42/><G42/><T106/><D7/><N who="1" m="2571" /><E60/><AGARI ba="0,0" hai="13,14,20,24,28,39,41,45,55,58,60,91,94,97" machi="60" ten="30,2900,0" yaku="7,1,52,1" doraHai="19" who="3" fromWho="1" sc="226,0,275,-29,217,0,282,29" owari="226,-17.4,246,4.6,217,-28.3,311,41.1" /></mjloggm>