<mjloggm ver="2.3"><GO type="225" lobby="0"/><UN n0="%72%69%6F%75%63%68%61%6E" n1="%E8%A8%88%E7%AE%97%E6%A9%9F%E8%87%AA%E7%84%B6" n2="%E3%81%A1%E3%82%85%E3%81%86%E3%81%A9%E3%81%8F%E8%B1%A1%E3%81%95%E3%82%93" n3="%74%61%6B%75%61%6B%61" dan="17,17,16,16" rate="2225.97,2234.17,2080.63,2167.65" sx="M,M,M,M"/><TAIKYOKU oya="0"/><INIT seed="0,0,0,2,4,82" ten="250,250,250,250" oya="0" hai0="93,42,48,115,54,68,86,84,112,20,91,129,108" hai1="31,121,55,39,25,15,12,13,89,128,104,69,28" hai2="119,106,67,17,74,87,109,71,76,125,107,78,46" hai3="50,80,133,99,24,127,2,43,6,77,95,85,118"/><T114/><D68/><U132/><E121/><V110/><F46/><W44/><G118/><T4/><D129/><U37/><E104/><N who="2" m="39979" /><F17/><W16/><G127/><T75/><D75/><U92/><E132/><V97/><F67/><W40/><G133/><T100/><D108/><N who="2" m="41578" /><F71/><W70/><G70/><T116/><D100/><U56/><E128/><V52/><F125/><W3/><G6/><T29/><D116/><U73/><E73/><V120/><F119/><W18/><G40/><T26/><D4/><U101/><E69/><V94/><F52/><W1/><REACH who="3" step="1"/><G24/><REACH who="3" ten="250,250,250,240" step="2"/><T88/><D42/><U72/><E25/><V53/><F120/><W41/><G41/><T32/><D32/><U10/><E37/><V130/><F130/><W47/><G47/><T131/><D131/><U81/><E39/><V134/><F134/><W66/><G66/><T105/><D105/><U22/><E55/><V79/><F53/><W34/><G34/><T90/><REACH who="0" step="1"/><D93/><REACH who="0" ten="240,250,250,240" step="2"/><U126/><E92/><V35/><F35/><W103/><AGARI ba="0,2" hai="1,2,3,16,18,43,44,50,77,80,85,95,99,103" machi="103" ten="30,8000,1" yaku="1,1,0,1,52,1,54,1,53,1" doraHai="82" doraHaiUra="96" who="3" fromWho="3" sc="240,-40,250,-20,250,-20,240,100" /><INIT seed="1,0,0,0,1,112" ten="200,230,230,340" oya="1" hai0="97,130,127,57,2,46,81,111,121,132,79,44,36" hai1="13,120,126,116,59,73,86,58,104,96,74,52,105" hai2="21,30,101,78,118,68,3,93,131,114,37,47,99" hai3="128,62,87,135,94,115,14,100,0,60,77,106,65"/><U12/><E120/><V125/><F3/><W67/><G115/><T110/><D121/><U33/><E33/><V80/><F68/><W108/><G0/><T25/><D2/><U134/><E86/><V39/><F114/><W48/><G108/><N who="0" m="41515" /><D36/><U50/><E126/><V31/><F125/><W84/><G106/><T66/><D127/><U103/><E134/><V124/><F124/><W54/><G128/><T53/><D66/><N who="3" m="25097" /><G14/><T49/><D132/><U129/><E129/><V70/><F70/><W10/><G10/><T6/><D6/><U5/><E105/><V117/><F131/><W43/><G43/><T91/><D130/><U45/><E116/><V35/><F35/><W56/><G135/><T55/><D25/><U15/><REACH who="1" step="1"/><E5/><REACH who="1" ten="200,220,230,340" step="2"/><V63/><F117/><W19/><G87/><N who="0" m="48575" /><D53/><U41/><E41/><V113/><F118/><W24/><G84/><T122/><D122/><U69/><E69/><V22/><F113/><W119/><G119/><T133/><D133/><U98/><E98/><V72/><F99/><N who="3" m="59511" /><G77/><T28/><D28/><U29/><E29/><V95/><F30/><W64/><G64/><T11/><D11/><U76/><E76/><V34/><F31/><W16/><G19/><T89/><D97/><U85/><E85/><V90/><F34/><W92/><G92/><T7/><D7/><U1/><E1/><V51/><F93/><W83/><G83/><T102/><D102/><U26/><E26/><V123/><F101/><W9/><G9/><T61/><D61/><U40/><E40/><V32/><F63/><W4/><G4/><T88/><AGARI ba="0,1" hai="44,46,49,55,57,88,89,91" m="48575,41515" machi="88" ten="30,4000,0" yaku="5,1,14,1,54,1" doraHai="112" who="0" fromWho="0" sc="200,50,220,-20,230,-10,340,-10" /><INIT seed="2,0,0,3,1,108" ten="250,200,220,330" oya="2" hai0="89,91,118,60,103,22,100,119,81,33,73,92,54" hai1="58,110,123,96,53,35,64,116,46,77,71,69,75" hai2="52,2,106,43,83,8,93,114,132,23,127,67,30" hai3="31,48,15,42,20,21,85,129,125,26,66,104,98"/><V41/><F106/><W72/><G72/><T121/><D121/><U45/><E35/><V28/><F67/><W112/><G125/><T0/><D33/><U94/><E116/><N who="0" m="44585" /><D0/><U9/><E110/><V70/><F127/><W115/><G129/><T38/><D38/><U105/><E105/><V131/><F70/><W135/><G135/><T44/><D22/><U16/><E123/><V49/><F83/><W10/><G66/><T37/><D37/><U107/><E107/><V86/><F131/><W84/><G20/><T87/><D44/><U133/><E133/><V36/><F36/><W1/><G1/><T80/><D54/><U113/><E113/><N who="3" m="43594" /><G48/><T78/><D60/><U99/><E64/><V68/><F114/><W79/><G42/><T55/><D55/><U14/><E45/><V97/><F41/><W120/><G79/><T7/><D7/><U124/><E46/><V27/><F43/><W4/><G120/><T51/><D51/><U65/><E65/><V40/><F40/><W88/><G88/><T11/><D11/><U111/><E111/><V59/><F8/><W102/><AGARI ba="0,0" hai="4,10,15,21,26,31,84,85,98,102,104" m="43594" machi="102" ten="30,7900,0" yaku="11,1,52,3" doraHai="108" who="3" fromWho="3" sc="250,-20,200,-20,220,-39,330,79" /><INIT seed="3,0,0,5,5,134" ten="230,180,181,409" oya="3" hai0="55,77,39,14,9,93,104,90,108,56,24,65,100" hai1="79,19,75,107,60,22,43,111,125,7,121,105,59" hai2="26,102,0,89,49,76,50,66,80,81,68,131,29" hai3="3,70,38,48,36,114,16,119,15,34,54,132,101"/><W57/><G119/><T13/><D108/><U23/><E121/><V82/><F131/><W123/><G123/><T103/><D39/><U46/><E7/><V1/><F102/><W8/><G34/><T133/><D133/><U5/><E5/><V113/><F113/><W44/><G70/><T86/><D77/><U99/><E111/><V64/><F76/><W52/><G114/><T120/><D120/><U85/><E75/><V94/><F0/><W92/><G3/><T106/><D65/><N who="2" m="25194" /><F1/><W130/><G130/><T115/><D115/><U122/><E122/><V61/><F61/><W62/><G132/><T28/><D106/><U98/><E125/><V4/><F4/><W20/><G8/><T78/><D78/><U27/><E107/><V17/><F29/><W12/><G12/><N who="0" m="4715" /><D9/><U127/><E127/><V95/><F68/><W41/><G41/><T63/><D104/><U53/><E105/><V18/><F94/><W112/><G112/><T45/><D45/><U116/><E116/><V31/><F31/><W32/><G32/><T118/><D118/><U6/><E6/><V51/><F26/><W129/><G129/><T84/><D24/><U2/><E2/><V124/><F124/><W21/><G21/><T58/><D28/><U135/><E135/><V91/><F91/><W74/><G74/><T110/><D90/><U10/><E10/><V37/><F37/><W87/><G101/><T83/><D100/><U11/><E11/><V69/><F69/><W88/><AGARI ba="0,0" hai="15,16,20,36,38,44,48,52,54,57,62,87,88,92" machi="88" ten="30,11700,0" yaku="0,1,54,3" doraHai="134" who="3" fromWho="3" sc="230,-39,180,-39,181,-39,409,117" owari="191,-0.9,141,-35.9,142,-25.8,526,62.6" /></mjloggm>