<mjloggm ver="2.3"><GO type="225" lobby="0"/><UN n0="%E6%A0%B9%E5%85%83%E3%81%8B%E3%82%89%E5%90%B9%E3%81%A3%E9%A3%9B%E3%81%B6" n1="%E3%81%82%E3%83%BC%E3%81%97" n2="%E6%B1%9D%E6%9C%89%E4%BD%95%E7%96%91" n3="%E8%81%B7%E6%A5%AD%E3%80%81%E9%A2%A8%32" dan="16,16,16,16" rate="2172.33,2124.62,2110.12,2086.51" sx="F,M,M,M"/><TAIKYOKU oya="0"/><INIT seed="0,0,0,2,3,23" ten="250,250,250,250" oya="0" hai0="35,116,121,63,97,92,25,47,91,12,96,108,22" hai1="106,29,115,67,32,109,130,73,129,78,118,7,84" hai2="101,11,16,61,110,113,119,9,2,66,112,107,41" hai3="6,134,55,52,122,133,83,104,20,95,44,123,50"/><T3/><D116/><U40/><E118/><V1/><F119/><W117/><G104/><T114/><D114/><U0/><E106/><V102/><F41/><W76/><G6/><T103/><D3/><U89/><E115/><V24/><F110/><W80/><G117/><T87/><D121/><N who="3" m="46089" /><G95/><T17/><D108/><U31/><E67/><V132/><F132/><N who="3" m="50795" /><G20/><N who="0" m="11303" /><D35/><U65/><E7/><V74/><F107/><W128/><G128/><T38/><D38/><U85/><E0/><V49/><F74/><N who="3" m="43031" /><G83/><N who="0" m="49663" /><D97/><U88/><E109/><V13/><F112/><W62/><G62/><T14/><D63/><U18/><E129/><V127/><F113/><W71/><G71/><T79/><D14/><U93/><E73/><V126/><F1/><W43/><AGARI ba="0,0" hai="43,44,50,52,55" m="43031,50795,46089" machi="43" ten="30,4000,0" yaku="13,1,20,1,54,1" doraHai="23" who="3" fromWho="3" sc="250,-20,250,-10,250,-10,250,40" /><INIT seed="1,0,0,4,3,25" ten="230,240,240,290" oya="1" hai0="114,119,12,94,41,76,107,105,97,116,121,56,27" hai1="58,22,79,134,40,69,5,7,125,10,14,92,77" hai2="80,61,110,86,129,44,106,17,83,67,16,54,50" hai3="39,113,0,57,15,85,115,35,108,127,33,68,48"/><U11/><E69/><V1/><F110/><W26/><G0/><T112/><D41/><U88/><E134/><V34/><F129/><W124/><G108/><T101/><D12/><U19/><E125/><N who="3" m="48202" /><G39/><T20/><D56/><U87/><E40/><V46/><F106/><N who="0" m="40458" /><D20/><U126/><E126/><V24/><F1/><W135/><G135/><T29/><D29/><U49/><E11/><V70/><F44/><W122/><G68/><T13/><D13/><N who="1" m="5327" /><E7/><V31/><REACH who="2" step="1"/><F80/><REACH who="2" ten="230,240,230,290" step="2"/><W111/><G111/><T95/><D121/><U23/><E23/><V120/><F120/><W98/><G122/><T9/><D119/><U130/><E130/><V133/><F133/><W72/><G33/><T32/><D116/><U47/><E58/><V123/><F123/><W99/><G35/><T4/><D32/><U81/><E81/><V89/><AGARI ba="0,1" hai="16,17,24,31,34,46,50,54,61,67,70,83,86,89" machi="89" ten="20,8000,1" yaku="1,1,0,1,7,1,52,1,54,1,53,0" doraHai="25" doraHaiUra="90" who="2" fromWho="2" sc="230,-20,240,-40,230,90,290,-20" /><INIT seed="2,0,0,3,3,109" ten="210,200,320,270" oya="2" hai0="88,84,1,30,74,51,19,37,86,11,13,95,81" hai1="129,49,20,7,112,6,80,91,68,124,67,79,73" hai2="60,43,55,59,134,62,23,47,9,2,100,126,69" hai3="93,8,113,104,77,39,15,33,21,41,103,94,14"/><V106/><F126/><W61/><G33/><T90/><D37/><U121/><E124/><V123/><F123/><W58/><G104/><T36/><D36/><U114/><E121/><V89/><F134/><W10/><G113/><T99/><D1/><U97/><E129/><V117/><F117/><W54/><G77/><T34/><D74/><U26/><E67/><V119/><F119/><W127/><G21/><T128/><D128/><U92/><E68/><V115/><F115/><W107/><G107/><T83/><D34/><U131/><E131/><V111/><F111/><W40/><G127/><T16/><D30/><U57/><E7/><V18/><F89/><W24/><G24/><T48/><D19/><U45/><E57/><V56/><F69/><W38/><G103/><AGARI ba="0,0" hai="11,13,16,48,51,81,83,84,86,88,90,95,99,103" machi="103" ten="30,8000,1" yaku="7,1,9,1,8,1,54,2" doraHai="109" who="0" fromWho="3" sc="210,80,200,0,320,0,270,-80" /><INIT seed="3,0,0,1,2,69" ten="290,200,320,190" oya="3" hai0="24,93,82,38,34,131,23,118,119,135,65,5,37" hai1="42,68,32,8,100,0,22,21,84,113,96,109,2" hai2="116,121,63,120,40,112,47,76,55,9,70,132,86" hai3="26,41,73,51,114,43,106,18,101,16,87,95,19"/><W126/><G114/><T50/><D34/><U130/><E113/><V107/><F112/><W7/><G73/><T12/><D65/><U94/><E68/><V75/><F107/><W28/><G126/><T11/><D131/><U56/><E32/><V85/><F116/><W53/><G106/><T57/><D135/><U111/><E130/><V1/><F132/><W39/><G7/><T128/><D128/><U115/><E115/><V66/><F55/><W74/><G39/><T13/><D13/><U90/><E42/><N who="3" m="15882" /><G74/><T79/><D93/><U127/><E127/><V10/><F75/><W64/><G64/><T129/><D129/><U15/><E56/><V103/><F103/><W52/><G101/><T102/><D102/><U88/><E90/><V62/><F62/><W54/><G28/><T58/><D119/><U122/><E122/><N who="2" m="47211" /><F76/><W48/><G26/><T89/><D89/><AGARI ba="0,0" hai="16,18,19,48,51,52,53,54,87,89,95" m="15882" machi="89" ten="40,7700,0" yaku="8,1,54,2" doraHai="69" who="3" fromWho="0" sc="290,-77,200,0,320,0,190,77" /><INIT seed="3,1,0,3,2,5" ten="213,200,320,267" oya="3" hai0="105,76,14,70,127,47,99,74,23,128,41,86,133" hai1="65,53,10,98,108,20,130,75,81,25,95,39,102" hai2="66,11,71,15,19,104,56,88,2,119,27,132,122" hai3="22,97,0,28,40,129,43,24,35,68,16,115,77"/><W48/><G68/><T33/><D33/><U80/><E39/><V51/><F119/><W72/><G0/><T57/><D70/><U13/><E75/><V90/><F104/><W50/><G115/><T91/><D57/><U106/><E106/><V83/><F2/><W61/><G129/><T63/><D63/><U87/><E130/><V49/><F71/><W85/><G72/><T67/><D67/><U59/><E65/><V4/><F132/><W6/><G6/><T36/><D127/><U131/><E131/><V126/><F126/><W58/><G97/><T89/><D89/><N who="2" m="34410" /><F83/><N who="3" m="47343" /><G28/><T62/><D62/><N who="1" m="36207" /><E87/><V93/><F93/><W111/><G35/><T107/><D74/><U78/><E108/><V37/><F37/><W38/><G38/><T94/><D133/><U118/><E78/><V84/><F84/><W30/><G30/><T46/><D76/><U120/><E120/><V110/><F122/><W134/><G111/><T103/><D105/><U64/><E64/><V3/><F3/><W45/><G134/><T12/><D128/><U92/><E92/><V114/><F114/><W52/><G50/><N who="2" m="18953" /><F110/><W69/><G69/><T109/><D109/><U101/><E101/><V112/><F112/><W125/><G125/><T32/><D32/><U124/><E124/><V55/><F66/><AGARI ba="1,0" hai="16,22,24,40,43,45,48,52,58,61,66" m="47343" machi="66" ten="30,5800,0" yaku="8,1,54,2" doraHai="5" who="3" fromWho="2" sc="213,0,200,0,320,-61,267,61" owari="213,-18.7,200,-30.0,259,5.9,328,42.8" /></mjloggm>