<mjloggm ver="2.3"><GO type="225" lobby="0"/><UN n0="%E3%81%8F%E3%82%8A%E3%83%94%E3%83%BC" n1="%6D%75%75%6D%75%72%61" n2="%E3%81%A1%E3%82%85%E3%81%86%E3%81%A9%E3%81%8F%E8%B1%A1%E3%81%95%E3%82%93" n3="%E3%83%A9%E3%83%96%E3%83%AC%E3%83%BC" dan="16,17,17,18" rate="2094.81,2134.05,2203.06,2270.84" sx="M,F,M,M"/><TAIKYOKU oya="0"/><INIT seed="0,0,0,5,0,77" ten="250,250,250,250" oya="0" hai0="85,22,18,57,69,120,53,21,114,76,2,128,127" hai1="108,84,20,133,91,119,75,61,23,37,62,106,131" hai2="98,135,101,27,125,46,54,17,78,82,55,11,45" hai3="64,83,117,124,121,126,42,52,93,14,102,47,33"/><T112/><D69/><U122/><E119/><V87/><F135/><W88/><G33/><T38/><D38/><U60/><E122/><V86/><F125/><N who="3" m="48235" /><G64/><T9/><D120/><U71/><E133/><V105/><F87/><N who="3" m="50303" /><G121/><T25/><D128/><U132/><E132/><V104/><F104/><W0/><G0/><T90/><D76/><U99/><E108/><V110/><F110/><W67/><G67/><T116/><D116/><U3/><E131/><V6/><F27/><W95/><G102/><T89/><D89/><U50/><E37/><V80/><F17/><W13/><G42/><T94/><D127/><U72/><E3/><V24/><F24/><W92/><G117/><T79/><D79/><U1/><E1/><V36/><F82/><W58/><G47/><T107/><D107/><U29/><E71/><V118/><F118/><W130/><G130/><T97/><D85/><U4/><E75/><V66/><F66/><W59/><G59/><T103/><D103/><U40/><E72/><V12/><REACH who="2" step="1"/><F45/><REACH who="2" ten="250,250,240,250" step="2"/><W115/><G115/><T10/><D112/><U51/><E106/><V34/><F34/><W7/><G7/><T123/><D114/><U8/><E84/><V26/><F26/><W70/><G70/><T16/><D123/><U65/><E65/><V48/><F48/><AGARI ba="0,1" hai="13,14,48,52,58,92,93,95" m="50303,48235" machi="48" ten="30,7700,0" yaku="18,1,52,1,54,2" doraHai="77" who="3" fromWho="2" sc="250,0,250,0,240,-77,250,87" /><INIT seed="1,0,0,4,0,130" ten="250,250,163,337" oya="1" hai0="72,62,43,0,59,33,81,106,7,52,58,97,53" hai1="57,56,54,120,68,67,131,3,31,9,125,94,92" hai2="50,116,70,24,16,86,61,102,76,122,124,28,14" hai3="73,99,66,27,44,117,93,29,17,98,129,49,123"/><U115/><E115/><V34/><F122/><W55/><G129/><T69/><D33/><U74/><E131/><V104/><F116/><W2/><G2/><T77/><D69/><U64/><E120/><V133/><F124/><W35/><G117/><T82/><D43/><U39/><E74/><V128/><F128/><W85/><G73/><T109/><D109/><U19/><E39/><V40/><F76/><W118/><G118/><T37/><D37/><U135/><E125/><V65/><F86/><W8/><G66/><T83/><D7/><U126/><E68/><V22/><F50/><W100/><G85/><T105/><D0/><U15/><E126/><V75/><F40/><W41/><G99/><T71/><D71/><U89/><E3/><V63/><F63/><W20/><G41/><T95/><D106/><U112/><E112/><V38/><F75/><W30/><G35/><T18/><D18/><U47/><E31/><N who="3" m="11786" /><G8/><T10/><D10/><U121/><E121/><V91/><F38/><W111/><G111/><T46/><D46/><U42/><E42/><V12/><F91/><W78/><G123/><T4/><D4/><U127/><E127/><V48/><F48/><W60/><G60/><N who="0" m="35911" /><D105/><U23/><E9/><V26/><REACH who="2" step="1"/><F133/><REACH who="2" ten="250,250,153,337" step="2"/><W45/><G45/><T80/><D72/><U87/><E135/><V11/><F11/><W6/><G78/><T32/><D77/><U13/><E87/><V5/><F5/><AGARI ba="0,1" hai="5,6,17,20,27,44,49,55,93,98,100" m="11786" machi="5" ten="30,1000,0" yaku="8,1" doraHai="130" who="3" fromWho="2" sc="250,0,250,0,153,-10,337,20" /><INIT seed="2,0,0,3,5,118" ten="250,250,143,357" oya="2" hai0="6,32,111,11,69,99,82,133,45,42,89,122,17" hai1="31,73,94,104,1,48,10,114,55,0,105,67,60" hai2="38,63,117,22,66,125,56,76,43,53,85,103,100" hai3="72,36,83,71,18,77,92,30,131,97,98,87,19"/><V123/><F117/><W86/><G71/><T27/><D122/><U13/><E114/><V16/><F125/><W88/><G36/><T57/><D111/><U54/><E73/><V96/><F123/><W132/><G132/><T28/><D133/><U8/><E31/><V79/><F38/><W51/><G131/><T33/><D69/><U50/><E94/><N who="2" m="58391" /><F103/><W37/><G30/><T29/><D17/><N who="3" m="6153" /><G37/><T91/><D57/><U126/><E126/><V49/><F43/><W109/><G109/><T61/><D61/><U25/><E25/><N who="2" m="14535" /><F85/><W93/><G92/><T68/><D68/><U23/><E23/><V15/><F15/><W107/><G107/><T26/><D99/><U2/><E2/><V4/><F4/><W80/><G93/><T59/><D6/><U113/><E113/><V134/><F134/><W124/><G72/><T129/><D129/><U120/><E120/><V128/><F128/><W7/><G7/><T90/><D32/><U3/><E3/><V70/><F70/><W74/><G74/><T9/><D33/><U35/><E35/><V81/><F81/><W84/><G87/><T39/><D82/><U127/><E127/><V65/><F49/><W34/><G34/><N who="0" m="20759" /><D29/><U44/><E13/><V112/><F112/><W116/><G116/><T40/><D27/><U46/><E104/><V119/><F119/><W12/><G124/><T64/><D42/><U130/><E105/><V101/><F101/><W14/><G51/><T106/><D106/><U52/><E130/><V62/><F62/><W24/><G24/><T115/><D115/><U78/><E60/><RYUUKYOKU ba="0,0" sc="250,10,250,-30,143,10,357,10" hai0="9,11,39,40,45,59,64,89,90,91" hai2="53,56,63,65,66,76,79" hai3="12,14,77,80,83,84,86,88,97,98" /><INIT seed="2,1,0,5,3,32" ten="260,220,153,367" oya="2" hai0="47,124,89,78,92,90,61,26,107,115,113,74,82" hai1="94,42,30,28,58,49,63,117,19,44,109,72,97" hai2="88,37,41,50,18,121,39,3,120,24,73,12,123" hai3="57,66,67,100,13,85,31,33,112,35,23,56,125"/><V130/><F73/><W16/><G100/><T129/><D107/><U105/><E117/><V110/><F130/><W59/><G35/><T9/><D129/><U38/><E109/><V118/><F118/><W135/><G125/><T126/><D61/><U91/><E105/><V119/><F119/><W116/><G33/><T127/><D26/><U52/><E72/><V132/><F132/><W70/><G70/><T122/><D47/><U64/><REACH who="1" step="1"/><E19/><REACH who="1" ten="260,210,153,367" step="2"/><V77/><F110/><W81/><G16/><T20/><D74/><U76/><E76/><V17/><F77/><W102/><G135/><T86/><D78/><U25/><E25/><V114/><F114/><W22/><G112/><T134/><D134/><U83/><E83/><V55/><F24/><W60/><G81/><T43/><D115/><U10/><E10/><V2/><F18/><W11/><G11/><T45/><D9/><U36/><E36/><V95/><F39/><W15/><G23/><T106/><D113/><U111/><E111/><V51/><F37/><W98/><G22/><T53/><D106/><U46/><AGARI ba="1,1" hai="28,30,38,42,44,46,49,52,58,63,64,91,94,97" machi="46" ten="20,8000,1" yaku="1,1,0,1,7,1,54,1,53,1" doraHai="32" doraHaiUra="84" who="1" fromWho="1" sc="260,-21,210,93,153,-41,367,-21" /><INIT seed="3,0,0,5,3,88" ten="239,303,112,346" oya="3" hai0="85,114,36,129,99,31,110,122,118,59,3,57,4" hai1="45,10,25,66,30,0,103,39,21,79,44,111,16" hai2="56,19,75,34,117,70,86,53,83,43,29,96,100" hai3="33,27,78,124,40,1,35,92,37,109,116,15,89"/><W127/><G116/><T68/><D68/><U48/><E111/><V46/><F117/><W125/><G1/><T8/><D36/><U128/><E128/><V134/><F134/><W107/><G107/><T60/><D59/><U18/><E66/><V54/><F75/><W51/><G78/><T112/><D122/><U50/><E39/><V11/><F70/><W72/><G72/><T63/><D63/><U61/><E61/><V119/><F119/><W93/><G35/><T97/><D110/><U102/><E79/><V90/><F29/><N who="3" m="19647" /><G89/><T115/><D129/><U113/><E113/><V101/><F34/><W95/><G15/><T55/><D118/><U47/><E0/><V108/><F108/><W6/><G6/><T20/><D85/><U42/><E47/><V26/><F43/><W121/><G37/><T135/><D135/><U77/><E77/><V64/><F26/><AGARI ba="0,0" hai="3,4,8,20,26,31,55,57,60,97,99,112,114,115" machi="26" ten="40,1300,0" yaku="11,1" doraHai="88" who="0" fromWho="2" sc="239,13,303,0,112,-13,346,0" owari="252,-14.8,303,10.3,99,-40.1,346,44.6" /></mjloggm>