<mjloggm ver="2.3"><GO type="225" lobby="0"/><UN n0="%E3%82%A2%E3%83%A1%E3%82%A2%E3%83%A9%E3%83%AC" n1="%E3%83%81%E3%83%AF%E3%83%AF%E9%9A%8A%E9%95%B7" n2="%33%74%72%65%65" n3="%61%6D%65%6B%69" dan="16,17,16,16" rate="2168.99,2180.94,2129.01,2095.20" sx="M,M,F,M"/><TAIKYOKU oya="0"/><INIT seed="0,0,0,5,2,112" ten="250,250,250,250" oya="0" hai0="71,133,16,129,79,50,0,23,88,81,2,89,123" hai1="31,118,78,125,8,107,30,44,93,6,12,42,48" hai2="36,103,77,114,83,85,98,80,49,92,17,124,57" hai3="43,13,24,61,115,18,95,128,70,45,86,117,34"/><T75/><D123/><U39/><E107/><V20/><F114/><W58/><G70/><T32/><D32/><U35/><E125/><V76/><F124/><W84/><G128/><T131/><D133/><U46/><E35/><V82/><F36/><W102/><G117/><T7/><D71/><U90/><E78/><V11/><F11/><W19/><G115/><T63/><D63/><U55/><REACH who="1" step="1"/><E118/><REACH who="1" ten="250,240,250,250" step="2"/><V135/><F135/><W1/><G34/><T14/><D129/><U113/><E113/><V38/><F77/><W54/><G1/><T111/><D131/><U9/><E9/><V122/><F122/><W47/><G24/><T27/><D0/><U105/><E105/><V68/><F68/><W64/><G13/><T52/><D2/><U106/><E106/><V110/><F110/><W121/><G121/><T40/><D111/><U109/><E109/><V67/><F38/><W3/><G3/><T65/><D40/><U37/><E37/><V126/><F126/><W56/><G43/><T134/><D134/><U22/><E22/><V104/><F104/><W15/><G15/><T132/><D132/><U5/><E5/><V94/><F76/><W97/><G19/><T29/><D7/><U41/><E41/><V69/><F17/><W66/><G18/><T99/><D16/><U4/><E4/><V119/><F20/><W51/><G66/><T74/><D65/><U120/><E120/><V21/><F119/><W73/><G73/><N who="0" m="43247" /><D14/><U130/><E130/><V108/><F67/><W72/><G72/><T62/><D75/><U33/><E33/><V25/><F108/><RYUUKYOKU ba="0,1" sc="250,-15,240,15,250,-15,250,15" hai1="6,8,12,30,31,39,42,44,46,48,55,90,93" hai3="45,47,51,54,56,58,61,64,84,86,95,97,102" /><INIT seed="1,1,1,0,1,134" ten="235,255,235,265" oya="1" hai0="63,91,50,105,82,0,114,116,123,86,87,23,103" hai1="67,88,35,16,124,108,31,93,39,118,1,5,106" hai2="21,51,62,43,55,125,2,127,64,17,122,3,30" hai3="12,7,96,27,74,92,90,85,95,20,69,53,14"/><U70/><E118/><V113/><F122/><W38/><G69/><T9/><D114/><U131/><E106/><V100/><F30/><W72/><G38/><T115/><D115/><U81/><E39/><V28/><F28/><W80/><G95/><T97/><D116/><U26/><E131/><V76/><F43/><W56/><G7/><T40/><D123/><U101/><E108/><V60/><F100/><W13/><G27/><T117/><D117/><U112/><E112/><V29/><F29/><W36/><G36/><T120/><D23/><U83/><E101/><V111/><F76/><W61/><REACH who="3" step="1"/><G20/><REACH who="3" ten="235,255,235,255" step="2"/><T75/><D120/><U128/><E70/><V107/><F113/><W10/><G10/><T133/><D9/><U47/><E5/><V45/><F107/><W94/><G94/><T77/><D105/><U135/><E26/><N who="2" m="14639" /><F111/><W130/><G130/><T71/><D71/><U132/><E128/><V48/><F48/><W32/><G32/><T119/><D50/><U78/><E35/><V44/><F60/><W84/><G84/><T59/><D86/><U22/><E135/><V65/><F62/><W99/><G99/><T110/><D97/><U89/><E132/><V4/><F4/><W54/><G54/><T109/><D133/><U126/><E22/><V19/><F55/><W49/><G49/><T102/><D110/><U15/><E93/><V18/><F51/><W98/><G98/><T8/><D109/><U34/><E34/><V73/><F64/><W6/><G6/><N who="0" m="1095" /><D119/><U37/><E37/><V42/><F65/><W11/><G11/><T24/><D24/><RYUUKYOKU ba="1,2" sc="235,-10,255,-10,235,-10,255,30" hai3="12,13,14,53,56,61,72,74,80,85,90,92,96" /><INIT seed="2,2,2,3,2,112" ten="225,245,225,285" oya="2" hai0="14,67,6,5,131,74,9,108,44,115,58,109,80" hai1="2,4,68,25,125,3,123,32,88,124,1,98,39" hai2="40,116,127,79,47,23,26,75,84,45,48,72,132" hai3="24,19,92,28,10,43,11,15,129,96,130,46,121"/><V7/><F116/><W78/><G121/><T29/><D115/><U63/><E39/><V31/><F132/><W97/><G78/><N who="0" m="44119" /><D131/><N who="3" m="50185" /><G10/><T134/><D134/><U69/><E123/><V113/><F113/><W61/><G61/><N who="0" m="38327" /><D44/><U52/><E4/><V66/><F66/><W128/><G92/><T106/><D29/><U38/><E38/><V86/><F47/><W99/><G128/><T83/><D83/><U120/><E120/><V8/><F72/><W71/><G71/><T89/><D89/><U59/><E32/><V82/><F75/><W122/><G122/><T117/><D106/><U65/><E25/><V119/><F86/><W54/><G54/><T42/><D42/><U17/><E17/><V53/><F53/><W77/><G77/><T76/><D76/><U105/><E69/><V13/><REACH who="2" step="1"/><F119/><REACH who="2" ten="225,245,215,285" step="2"/><W101/><G46/><T73/><D73/><U90/><E65/><V87/><F87/><W114/><G43/><T49/><D117/><U118/><E118/><V36/><F36/><W56/><G114/><T34/><D109/><U81/><E52/><V51/><F51/><W60/><G60/><T102/><D49/><U50/><E50/><V22/><F22/><N who="3" m="15383" /><G56/><T133/><D133/><U85/><E59/><V70/><F70/><W55/><G55/><T12/><D108/><U27/><E68/><V100/><F100/><W93/><AGARI ba="2,3" hai="11,15,19,93,96,97,99,101" m="15383,50185" machi="93" ten="30,1100,0" yaku="19,1" doraHai="112" who="3" fromWho="3" sc="225,-5,245,-5,215,-7,285,47" /><INIT seed="3,0,0,5,5,31" ten="220,240,208,332" oya="3" hai0="67,39,96,119,5,37,106,125,85,101,45,24,52" hai1="44,73,95,10,82,69,129,108,113,9,32,48,8" hai2="120,127,133,132,22,3,105,112,56,87,128,62,114" hai3="34,36,33,23,81,50,78,107,70,35,40,89,80"/><W19/><G36/><T74/><D74/><U13/><E113/><N who="2" m="43627" /><F3/><W38/><G38/><T20/><D119/><U93/><E69/><V47/><F105/><W0/><G0/><T83/><D125/><U27/><E129/><V76/><F22/><W71/><G107/><T97/><D67/><U28/><E108/><V49/><F127/><W66/><G66/><T99/><D5/><U92/><E73/><V91/><F76/><W30/><G30/><T121/><D121/><U54/><REACH who="1" step="1"/><E82/><REACH who="1" ten="220,230,208,332" step="2"/><V18/><F128/><W63/><G81/><T58/><D83/><U29/><E29/><V72/><F120/><W116/><G80/><T103/><D106/><U94/><N who="1" m="23552" /><DORA hai="16" /><U7/><AGARI ba="0,1" hai="7,8,9,10,13,27,28,32,44,48,54" m="23552" machi="7" ten="40,12000,2" yaku="1,1,4,1,0,1,52,1,53,3" doraHai="31,16" doraHaiUra="4,61" who="1" fromWho="1" sc="220,-30,230,130,208,-30,332,-60" owari="190,-21.0,360,46.0,178,-32.2,272,7.2" /></mjloggm>