<mjloggm ver="2.3"><GO type="225" lobby="0"/><UN n0="%E3%82%BC%E3%83%AB%E3%83%80%E3%81%AE%E4%BC%9D%E8%AA%AC" n1="%E3%83%97%E3%83%AC%E3%83%B4%E3%82%A1%E3%83%86%E3%82%A3" n2="%33%74%72%65%65" n3="%E3%81%A8%E3%82%93%E3%81%A8%E3%81%93%E3%81%A8%E3%82%93" dan="17,16,16,16" rate="2251.83,2122.33,2150.23,2121.55" sx="M,F,F,M"/><TAIKYOKU oya="0"/><INIT seed="0,0,0,0,1,100" ten="250,250,250,250" oya="0" hai0="66,97,84,76,75,74,3,55,1,129,87,40,35" hai1="27,57,113,53,110,62,2,99,107,131,26,73,50" hai2="6,7,46,115,25,125,83,90,11,123,52,34,15" hai3="33,86,17,88,112,105,93,54,118,94,58,79,22"/><T116/><D35/><U124/><E73/><V47/><F123/><W81/><G112/><T72/><D116/><U63/><E113/><V14/><F115/><W104/><G33/><T21/><D40/><U31/><E2/><V19/><F125/><W106/><G118/><T51/><D129/><U56/><E131/><V16/><F25/><W85/><G94/><T103/><D66/><U95/><E124/><V30/><F30/><W4/><G4/><T37/><D37/><U42/><E110/><V70/><F70/><W130/><G130/><T96/><D21/><U133/><E133/><V8/><F34/><W61/><G106/><T69/><D69/><U32/><E26/><AGARI ba="0,0" hai="17,22,26,54,58,61,79,81,85,86,88,93,104,105" machi="26" ten="30,7700,0" yaku="7,1,52,2,54,1" doraHai="100" who="3" fromWho="1" sc="250,0,250,-77,250,0,250,77" /><INIT seed="1,0,0,3,4,80" ten="250,173,250,327" oya="1" hai0="122,81,20,65,35,124,30,112,3,11,57,1,16" hai1="90,67,103,77,102,61,44,118,73,71,31,58,93" hai2="129,83,64,69,75,85,110,117,27,133,120,18,128" hai3="41,50,82,101,116,109,8,46,17,72,127,125,40"/><U51/><E118/><V99/><F117/><W7/><G116/><T36/><D112/><U13/><E71/><V135/><F120/><W68/><G68/><T28/><D36/><U25/><E13/><V98/><F69/><W113/><G113/><T130/><D122/><U15/><E15/><V45/><F64/><W104/><G109/><T19/><D65/><U48/><E77/><N who="2" m="44479" /><F45/><W100/><G17/><N who="0" m="6731" /><D57/><U119/><E73/><V29/><F18/><W95/><G104/><T107/><D81/><U5/><E5/><V52/><F52/><W88/><G40/><T96/><D96/><N who="2" m="36906" /><F110/><W49/><G50/><T54/><D54/><U32/><E119/><V91/><F27/><W76/><G125/><T111/><D124/><U43/><REACH who="1" step="1"/><E48/><REACH who="1" ten="250,163,250,327" step="2"/><V2/><F2/><W105/><G127/><T0/><D111/><U84/><AGARI ba="0,1" hai="25,31,32,43,44,51,58,61,67,84,90,93,102,103" machi="84" ten="20,12000,1" yaku="1,1,2,1,0,1,7,1,52,1,53,0" doraHai="80" doraHaiUra="12" who="1" fromWho="1" sc="250,-40,163,130,250,-40,327,-40" /><INIT seed="1,1,0,3,2,61" ten="210,293,210,287" oya="1" hai0="135,17,91,131,11,41,126,15,113,76,115,69,49" hai1="16,9,42,44,47,111,66,64,18,117,27,75,130" hai2="109,2,100,8,3,39,96,104,119,120,19,28,128" hai3="83,45,68,71,58,95,57,32,20,25,14,51,70"/><U88/><E75/><V101/><F119/><W59/><G83/><T94/><D69/><U84/><E117/><V30/><F120/><W46/><G95/><T13/><D126/><U122/><E122/><V121/><F121/><W127/><G127/><T112/><D135/><U81/><E130/><V53/><F128/><W133/><G133/><T65/><D131/><U56/><E111/><V72/><F72/><W7/><G32/><T78/><D65/><N who="1" m="25195" /><E42/><V108/><F39/><W87/><G87/><T48/><D41/><U129/><E129/><V80/><F3/><W52/><G7/><T43/><D43/><U50/><E9/><V114/><F8/><W102/><G102/><T10/><D112/><U110/><E110/><V63/><F100/><W86/><G86/><T60/><D113/><U97/><E97/><V77/><F2/><W73/><G73/><T5/><D115/><U29/><E56/><N who="2" m="35215" /><F114/><W123/><G123/><T93/><D5/><U40/><E47/><V38/><F38/><W107/><G107/><T92/><D10/><U21/><AGARI ba="1,0" hai="16,18,21,27,29,40,44,50,81,84,88" m="25195" machi="21" ten="30,18000,2" yaku="8,1,52,3,54,2" doraHai="61" who="1" fromWho="1" sc="210,-61,293,183,210,-61,287,-61" /><INIT seed="1,2,0,1,5,77" ten="149,476,149,226" oya="1" hai0="4,42,57,88,39,98,40,45,17,20,94,65,6" hai1="29,93,1,67,22,118,55,33,46,97,13,79,127" hai2="28,32,96,108,112,124,100,24,49,115,90,109,104" hai3="12,7,114,119,134,30,43,131,85,18,64,117,26"/><U48/><E118/><N who="3" m="45066" /><G64/><T9/><D42/><U53/><E1/><V78/><F49/><W14/><G43/><T68/><D68/><U116/><E116/><V19/><F19/><W69/><G69/><T3/><D4/><U99/><E127/><V128/><F90/><W110/><G85/><T25/><D57/><U106/><E67/><V44/><F44/><W113/><G110/><N who="2" m="42601" /><F124/><W35/><G131/><T80/><REACH who="0" step="1"/><D65/><REACH who="0" ten="139,476,149,226" step="2"/><U130/><E130/><V73/><F128/><W133/><G7/><T86/><D86/><U8/><E55/><V59/><F59/><W58/><G58/><T50/><D50/><U74/><E53/><V87/><F87/><W105/><G113/><T0/><D0/><U89/><E48/><V54/><F54/><W111/><G114/><T11/><D11/><U31/><E46/><V63/><F63/><W81/><G111/><T36/><D36/><U103/><E33/><V15/><F15/><W102/><G12/><T51/><D51/><U72/><E74/><V122/><F122/><W23/><G133/><T34/><D34/><U56/><E56/><V107/><F107/><W10/><G134/><T71/><D71/><U92/><E106/><V70/><F70/><W60/><G60/><T37/><D37/><U120/><E120/><V76/><F76/><W82/><G35/><T75/><D75/><U27/><E72/><V16/><F73/><W66/><G66/><T125/><D125/><U61/><E79/><V91/><F78/><W123/><G123/><T47/><D47/><U121/><E121/><V41/><F41/><W84/><G84/><RYUUKYOKU ba="2,1" sc="139,15,476,-15,149,-15,226,15" hai0="3,6,9,17,20,25,39,40,45,80,88,94,98" hai3="10,14,18,23,26,30,81,82,102,105" /><INIT seed="2,3,1,5,5,19" ten="154,461,134,241" oya="2" hai0="93,45,104,5,31,13,33,122,8,132,4,57,61" hai1="106,109,90,46,68,10,41,116,83,69,27,34,131" hai2="114,91,100,59,74,99,78,79,49,92,6,73,66" hai3="14,88,23,7,75,26,133,110,30,39,20,76,24"/><V67/><F114/><W96/><G39/><T112/><D104/><U121/><E106/><V12/><F74/><W15/><G110/><T9/><D112/><U11/><E116/><V55/><F73/><W130/><G130/><T113/><D113/><U81/><E109/><V126/><F126/><W87/><G133/><T60/><D122/><U64/><E121/><V22/><F100/><W42/><G75/><T52/><D132/><U51/><E131/><V50/><F50/><W44/><G7/><T124/><D124/><U102/><E102/><V25/><F12/><W111/><G111/><T53/><D33/><U89/><E64/><N who="2" m="24619" /><F6/><N who="0" m="2666" /><D31/><AGARI ba="3,1" hai="22,25,31,49,55,59,78,79,91,92,99" m="24619" machi="31" ten="30,2900,0" yaku="8,1,52,1" doraHai="19" who="2" fromWho="0" sc="154,-38,461,0,134,48,241,0" /><INIT seed="2,4,0,2,4,121" ten="116,461,182,241" oya="2" hai0="108,118,56,55,30,84,67,18,31,96,20,127,112" hai1="25,133,131,93,37,34,51,106,104,73,6,102,77" hai2="70,98,52,109,86,87,119,100,83,59,7,35,95" hai3="90,13,60,117,135,65,61,8,48,40,29,74,105"/><V85/><F119/><W134/><G117/><T71/><D118/><U130/><E37/><V97/><F70/><W129/><G74/><T78/><D112/><U132/><E51/><V22/><F35/><W23/><G105/><N who="1" m="40554" /><E6/><V103/><F7/><W69/><G129/><N who="1" m="49162" /><E25/><V17/><F109/><W128/><G128/><T15/><D127/><U16/><E16/><V11/><F11/><W26/><G90/><T114/><D114/><U36/><E34/><V94/><F17/><W91/><G91/><T120/><D120/><U3/><E3/><V72/><F22/><W14/><G60/><T123/><D123/><U2/><E36/><V42/><F42/><W111/><G111/><T81/><D108/><U76/><E2/><V125/><F125/><W33/><G33/><T24/><D96/><N who="1" m="59663" /><E73/><V124/><F72/><W50/><G14/><T1/><D1/><U45/><E45/><V43/><F43/><W66/><G65/><T9/><D71/><U82/><E82/><V88/><F124/><W64/><G66/><T47/><D67/><U38/><E38/><V62/><AGARI ba="4,0" hai="52,59,62,83,85,86,87,88,94,95,97,98,100,103" machi="62" ten="20,18000,2" yaku="0,1,7,1,9,1,8,1,54,2" doraHai="121" who="2" fromWho="2" sc="116,-64,461,-64,182,192,241,-64" /><INIT seed="2,5,0,3,5,7" ten="52,397,374,177" oya="2" hai0="50,42,124,105,20,91,65,41,14,100,117,114,30" hai1="125,54,6,106,95,10,44,31,93,12,101,102,110" hai2="39,99,17,133,127,118,21,26,62,123,71,70,85" hai3="15,58,5,90,77,13,73,103,78,121,80,129,128"/><V64/><F118/><W94/><G121/><T96/><D114/><U120/><E120/><V67/><F123/><W57/><G103/><N who="1" m="39434" /><E110/><V132/><F39/><W104/><G104/><T2/><D124/><U46/><E106/><V119/><F119/><W38/><G38/><T89/><D117/><U66/><E125/><V98/><F127/><W19/><G5/><T33/><D2/><U81/><E31/><V40/><F40/><W83/><G94/><N who="1" m="35850" /><E66/><V24/><F24/><W79/><G90/><T16/><D65/><U130/><E130/><N who="3" m="50282" /><G19/><T116/><D116/><U35/><E35/><V61/><REACH who="2" step="1"/><F85/><REACH who="2" ten="52,397,364,177" step="2"/><N who="3" m="48271" /><G78/><T87/><D87/><U52/><E81/><V55/><F55/><AGARI ba="5,1" hai="6,10,12,44,46,52,54,55" m="35850,39434" machi="55" ten="30,3900,0" yaku="8,1,52,1,54,1" doraHai="7" who="1" fromWho="2" sc="52,0,397,64,364,-54,177,0" /><INIT seed="3,0,0,5,1,63" ten="52,461,310,177" oya="3" hai0="118,96,27,76,52,65,86,1,39,67,17,38,88" hai1="128,30,9,35,98,8,122,37,113,62,23,11,83" hai2="130,104,13,123,47,69,92,16,135,40,46,87,50" hai3="51,97,22,108,20,36,48,114,56,126,34,133,117"/><W82/><G114/><T91/><D118/><U61/><E113/><V112/><F112/><W93/><G36/><T49/><D1/><U6/><E37/><V3/><F3/><W124/><G34/><T14/><D39/><U29/><E122/><V107/><F123/><W103/><G133/><T70/><D70/><U102/><E128/><V78/><F130/><W100/><G117/><T18/><D38/><U32/><E6/><V0/><F0/><W66/><G82/><N who="0" m="49239" /><D76/><U111/><E83/><V15/><F135/><W55/><G108/><T84/><D96/><U44/><E44/><V31/><F47/><W43/><G43/><T121/><D27/><U77/><E77/><V90/><F13/><W58/><G124/><T73/><D73/><U54/><E111/><V79/><F31/><W75/><G75/><T109/><D121/><U134/><E134/><V41/><F41/><W125/><G126/><T7/><D7/><U24/><E54/><V59/><F69/><W53/><G125/><T95/><D109/><U110/><E110/><V10/><F107/><W81/><G97/><T25/><D25/><U21/><E8/><V26/><F26/><W19/><G81/><T42/><D42/><U5/><E24/><V119/><F104/><W131/><G131/><T33/><D33/><U74/><E74/><V4/><F119/><W99/><G99/><T28/><D28/><U106/><E5/><V105/><F4/><W45/><G93/><T2/><D2/><U89/><E98/><V57/><F105/><W71/><G71/><T120/><D120/><U68/><E106/><RYUUKYOKU ba="0,0" sc="52,-10,461,-10,310,30,177,-10" hai2="10,15,16,40,46,50,57,59,78,79,87,90,92" owari="42,-45.8,451,55.1,340,14.0,167,-23.3" /></mjloggm>