<mjloggm ver="2.3"><GO type="225" lobby="0"/><UN n0="%72%69%6F%75%63%68%61%6E" n1="%79%75%72%69%6D%6F%67" n2="%E4%BA%AE%E6%B5%81%E6%89%93%E8%80%85" n3="%E3%82%A2%E3%83%A1%E3%82%A2%E3%83%A9%E3%83%AC" dan="16,16,16,16" rate="2156.92,2108.93,2111.88,2117.42" sx="M,F,F,M"/><TAIKYOKU oya="0"/><INIT seed="0,0,0,5,3,128" ten="250,250,250,250" oya="0" hai0="122,70,19,37,45,48,54,82,66,93,104,106,4" hai1="63,115,26,23,30,6,49,62,110,88,64,125,27" hai2="129,91,107,40,55,71,41,72,101,3,12,9,61" hai3="73,132,120,68,127,57,81,53,38,109,34,79,21"/><T5/><D122/><U31/><E110/><V113/><F72/><W133/><G109/><T22/><D37/><U87/><E125/><V36/><F3/><W44/><G34/><T134/><D134/><N who="3" m="51817" /><G127/><T67/><D70/><U24/><E115/><V108/><F55/><W10/><G68/><T77/><D93/><U118/><E118/><V111/><F91/><W50/><G120/><T117/><D117/><U112/><E112/><V46/><F12/><W43/><G21/><T123/><D123/><U18/><E6/><N who="0" m="2665" /><D106/><U42/><E64/><N who="0" m="24617" /><D104/><U32/><E32/><V131/><F41/><W59/><G10/><T103/><D103/><U85/><E85/><V100/><F9/><W94/><G94/><T0/><D0/><U99/><E99/><N who="2" m="61855" /><F101/><W92/><G92/><T96/><D96/><U14/><E31/><V74/><F113/><W114/><G114/><T15/><D77/><U89/><E30/><V1/><F1/><W116/><G116/><T97/><D97/><U16/><E18/><V47/><F108/><W39/><G59/><T98/><D98/><U51/><E89/><V126/><F111/><W80/><G80/><AGARI ba="0,0" hai="15,19,22,45,48,54,80,82" m="24617,2665" machi="80" ten="30,1500,0" yaku="8,1" doraHai="128" who="0" fromWho="3" sc="250,15,250,0,250,0,250,-15" /><INIT seed="0,1,0,5,3,89" ten="265,250,250,235" oya="0" hai0="12,85,132,94,25,82,84,114,121,65,86,19,37" hai1="41,21,38,128,57,64,117,46,40,44,90,124,76" hai2="36,135,125,74,105,59,13,107,106,61,123,58,91" hai3="39,102,110,109,87,120,15,95,30,32,83,80,63"/><T10/><D114/><U53/><E76/><V23/><F123/><W43/><G120/><T33/><D121/><U31/><E128/><V75/><F36/><W35/><G63/><T101/><D132/><U92/><E124/><V24/><F135/><W14/><G43/><T111/><D37/><U78/><E64/><V131/><F131/><W6/><G39/><T116/><D116/><U9/><E78/><V68/><F68/><W1/><G1/><T108/><D65/><U50/><E9/><V104/><N who="2" m="26624" /><DORA hai="29" /><V62/><F13/><N who="3" m="4619" /><G30/><N who="0" m="19663" /><D101/><U113/><E117/><V7/><F7/><W99/><G6/><T42/><D42/><N who="1" m="16491" /><E113/><V26/><F125/><W100/><G100/><T11/><D11/><U66/><E66/><V98/><F74/><W8/><G8/><T52/><D52/><N who="1" m="31895" /><E38/><V4/><F75/><W48/><G48/><T70/><D70/><U47/><E21/><V81/><F23/><W55/><G55/><T0/><D0/><U45/><E31/><V17/><F61/><W103/><G103/><T93/><D82/><N who="3" m="31273" /><G87/><N who="0" m="22275" /><T112/><DORA hai="3" /><D112/><U129/><E129/><V133/><F81/><W51/><G51/><T27/><D27/><U60/><E60/><V18/><F62/><W71/><G71/><T73/><D73/><U20/><E20/><N who="2" m="13327" /><F133/><W22/><G22/><T56/><D56/><U28/><E28/><V115/><F58/><W122/><G122/><T119/><D119/><U5/><E5/><V130/><F4/><W72/><G72/><T16/><D19/><U34/><E34/><V118/><F18/><W97/><G97/><T96/><D96/><RYUUKYOKU ba="1,0" sc="265,15,250,-15,250,-15,235,15" hai0="10,12,16,93,94,108,111" hai3="32,35,95,99,102,109,110" /><INIT seed="0,2,0,1,1,23" ten="280,235,235,250" oya="0" hai0="12,81,128,8,79,66,120,16,56,17,24,0,32" hai1="89,62,4,133,135,3,97,42,129,47,83,18,96" hai2="88,22,124,87,30,57,114,127,102,35,31,117,15" hai3="1,29,106,121,123,37,101,93,50,14,95,90,91"/><T45/><D120/><N who="3" m="46153" /><G1/><T46/><D128/><U85/><E4/><V27/><F114/><W92/><G37/><T10/><D0/><U118/><E3/><V63/><F102/><W111/><G29/><T44/><D32/><U64/><E118/><V20/><F117/><W130/><G130/><T126/><D126/><N who="2" m="48170" /><F30/><W19/><G50/><T115/><D115/><U70/><E18/><V131/><F15/><W86/><G111/><T108/><D108/><U76/><E129/><V73/><F73/><W5/><G5/><T112/><D112/><U60/><E60/><V75/><F75/><W7/><G7/><T72/><D24/><U65/><E65/><N who="2" m="39151" /><F131/><W104/><G14/><N who="0" m="7239" /><D72/><U109/><E109/><V55/><F55/><W9/><G19/><T51/><D79/><U33/><E33/><V94/><AGARI ba="2,0" hai="20,22,27,31,35,87,88,94" m="39151,48170" machi="94" ten="30,4000,0" yaku="18,1,52,1,54,1" doraHai="23" who="2" fromWho="2" sc="280,-22,235,-12,235,46,250,-12" /><INIT seed="1,0,0,2,5,122" ten="258,223,281,238" oya="1" hai0="79,16,30,106,91,135,117,108,12,72,43,26,24" hai1="127,46,134,94,73,68,128,31,23,81,50,65,2" hai2="80,15,38,97,47,28,63,18,56,113,95,14,114" hai3="3,101,0,131,11,25,105,107,71,39,100,112,76"/><U132/><E2/><V54/><F28/><W1/><G112/><N who="2" m="43113" /><F80/><W55/><G131/><T17/><D108/><U37/><E37/><V53/><F18/><W126/><G126/><T60/><D117/><U87/><E127/><V6/><F6/><W27/><G39/><T89/><D135/><U33/><E33/><V61/><F61/><W66/><G55/><T88/><D106/><U13/><E128/><V42/><F54/><W64/><G11/><T125/><D125/><U45/><E68/><V121/><F121/><W74/><G71/><T129/><D129/><U51/><E65/><N who="3" m="25194" /><G76/><T35/><D43/><U20/><E73/><V69/><F69/><W21/><G21/><T36/><D36/><U57/><E57/><V78/><F78/><W86/><G86/><T84/><D60/><U98/><E31/><V82/><F82/><W52/><G52/><T29/><D72/><U48/><E134/><V4/><F4/><W90/><G90/><AGARI ba="0,0" hai="14,15,38,42,47,53,56,63,90,95,97" m="43113" machi="90" ten="30,1000,0" yaku="11,1" doraHai="122" who="2" fromWho="3" sc="258,0,223,0,281,10,238,-10" /><INIT seed="2,0,0,0,2,32" ten="258,223,291,228" oya="2" hai0="88,97,94,101,9,127,2,119,73,7,31,10,8" hai1="27,124,114,120,30,115,4,1,39,99,98,133,107" hai2="45,18,117,43,33,90,0,121,48,56,83,51,46" hai3="87,134,61,62,105,86,81,37,68,128,16,135,110"/><V42/><F33/><W82/><G110/><T22/><D73/><U89/><E89/><V13/><F117/><W65/><G128/><T57/><D119/><U118/><E99/><V111/><F111/><W17/><G105/><T26/><D127/><U19/><E19/><V11/><F121/><W20/><G37/><T116/><D116/><U44/><E118/><V71/><F71/><W84/><G62/><T132/><D132/><N who="3" m="50729" /><G17/><T72/><D72/><U69/><E133/><V38/><F38/><W70/><G70/><T77/><D77/><U67/><E124/><V102/><F102/><W75/><G75/><T63/><REACH who="0" step="1"/><D101/><REACH who="0" ten="248,223,291,228" step="2"/><N who="1" m="62903" /><E120/><V36/><F36/><W76/><G76/><T123/><D123/><U28/><E115/><V85/><F56/><W131/><G131/><T24/><D24/><AGARI ba="0,1" hai="16,20,24,61,65,68,81,82,84,86,87" m="50729" machi="24" ten="30,2000,0" yaku="20,1,54,1" doraHai="32" who="3" fromWho="0" sc="248,-20,223,0,291,0,228,30" /><INIT seed="3,0,0,1,4,35" ten="228,223,291,258" oya="3" hai0="46,79,75,49,123,60,8,29,113,62,36,124,44" hai1="110,93,105,55,48,107,63,134,18,115,85,101,50" hai2="3,68,94,64,132,96,129,106,61,9,20,78,112" hai3="88,65,30,39,40,23,4,120,102,69,6,108,54"/><W12/><G120/><T34/><D123/><U90/><E115/><V83/><F112/><W95/><G102/><T128/><D113/><U99/><E110/><V33/><F20/><W26/><G108/><T1/><D128/><U127/><E134/><V104/><F129/><W133/><G133/><T86/><D124/><U28/><E127/><V130/><F130/><W87/><G69/><T70/><D86/><U117/><E117/><V126/><F126/><W91/><G65/><T73/><D46/><U84/><E28/><V82/><F33/><W89/><G39/><T51/><D51/><U125/><E125/><V57/><F68/><W109/><G40/><N who="0" m="22535" /><D49/><U31/><E31/><V22/><F22/><W103/><G103/><T135/><D135/><U66/><E107/><V38/><F38/><W17/><G54/><T37/><D37/><U47/><E18/><V21/><F21/><N who="3" m="15695" /><G109/><T100/><D100/><U80/><E50/><V116/><F116/><W10/><G4/><N who="0" m="1039" /><D70/><U81/><E85/><N who="2" m="48343" /><F132/><W19/><G6/><T45/><D45/><U27/><E27/><AGARI ba="0,0" hai="10,12,17,19,23,27,87,88,89,91,95" m="15695" machi="27" ten="30,2900,0" yaku="8,1,54,1" doraHai="35" who="3" fromWho="1" sc="228,0,223,-29,291,0,258,29" /><INIT seed="3,1,0,0,1,95" ten="228,194,291,287" oya="3" hai0="60,55,70,97,11,125,109,41,7,124,111,112,29" hai1="77,86,40,19,54,121,67,108,88,89,130,42,96" hai2="18,117,94,93,30,47,92,5,63,31,12,52,53" hai3="80,84,134,34,87,36,3,90,45,116,57,81,21"/><W49/><G116/><T10/><D112/><U126/><E121/><V35/><F35/><W114/><G34/><T110/><D41/><N who="1" m="15979" /><E108/><V46/><F5/><W44/><G36/><T28/><D97/><U122/><E122/><V59/><F117/><W118/><G114/><T82/><D82/><N who="1" m="47439" /><E67/><V127/><F127/><N who="0" m="48714" /><D55/><U24/><E130/><V17/><F17/><W1/><G134/><T51/><D51/><U74/><E74/><V133/><F133/><W75/><G75/><T25/><D60/><U105/><E105/><V22/><F52/><N who="3" m="31887" /><G3/><N who="0" m="383" /><D70/><U101/><E54/><V6/><F6/><W2/><G1/><T66/><D66/><U85/><E126/><V123/><F123/><W48/><G2/><T107/><D107/><U50/><E50/><V61/><F63/><W115/><G115/><T32/><D11/><U131/><E131/><V62/><F61/><W76/><G118/><T14/><D14/><U120/><E120/><V135/><F135/><W43/><G45/><AGARI ba="1,0" hai="12,18,22,30,31,45,46,47,53,59,62,92,93,94" machi="45" ten="40,1300,0" yaku="8,1" doraHai="95" who="2" fromWho="3" sc="228,0,194,0,291,16,287,-16" owari="228,-17.2,194,-30.6,307,40.7,271,7.1" /></mjloggm>