<mjloggm ver="2.3"><GO type="225" lobby="0"/><UN n0="%E3%81%BE%E3%83%BC%E3%81%8F%E3%82%93" n1="%E3%81%86%E3%81%A3%E3%81%97%E3%83%BC%30%30" n2="%E9%80%9F%E6%B0%B4%E5%87%9B%E9%A6%99" n3="%E6%A1%9C%E8%8A%B1%E9%96%83%E3%80%85" dan="16,16,16,17" rate="2070.11,2097.61,2121.13,2223.91" sx="F,M,F,M"/><TAIKYOKU oya="0"/><INIT seed="0,0,0,4,3,129" ten="250,250,250,250" oya="0" hai0="115,110,74,98,80,120,131,99,101,59,2,53,35" hai1="67,55,22,122,71,0,76,58,49,39,112,54,73" hai2="124,14,87,104,125,62,109,134,56,12,52,21,16" hai3="20,50,90,117,25,135,132,11,89,36,114,44,94"/><T97/><D120/><U47/><E0/><V78/><F104/><W102/><G114/><T118/><D115/><U40/><E22/><V65/><F109/><W111/><G117/><T46/><D118/><U121/><E76/><V29/><F29/><N who="3" m="17575" /><G36/><T103/><D35/><U37/><E73/><V77/><F134/><N who="3" m="51243" /><G111/><T41/><D2/><U119/><E119/><V32/><F32/><W93/><G11/><T33/><D33/><U123/><E112/><V133/><F133/><W75/><G75/><T43/><D131/><U92/><E92/><N who="3" m="35434" /><G102/><N who="0" m="38923" /><D74/><U13/><E13/><V38/><F38/><W5/><G5/><T85/><D110/><U113/><E113/><V6/><F6/><W60/><G60/><N who="0" m="35951" /><D46/><U10/><E10/><V105/><F105/><W126/><G126/><T15/><D15/><U23/><E23/><V3/><F12/><W91/><G91/><AGARI ba="0,0" hai="41,43,80,85,91,97,98,99" m="35951,38923" machi="91" ten="30,1500,0" yaku="8,1" doraHai="129" who="0" fromWho="3" sc="250,15,250,0,250,0,250,-15" /><INIT seed="0,1,0,0,3,17" ten="265,250,250,235" oya="0" hai0="49,76,81,23,43,10,48,94,9,31,28,27,56" hai1="120,51,87,106,110,123,1,58,124,135,38,74,6" hai2="57,104,84,69,33,88,133,121,101,22,40,73,85" hai3="75,70,99,126,71,24,13,68,105,98,0,111,112"/><T50/><D31/><U20/><E20/><V3/><F69/><W67/><G112/><T107/><D107/><U115/><E51/><V78/><F3/><W91/><G0/><T128/><D128/><U59/><E87/><V32/><F121/><W95/><G75/><T82/><D94/><U130/><E58/><V118/><F85/><W132/><G111/><T25/><D56/><U60/><E59/><V55/><F40/><W42/><G126/><T117/><D117/><U11/><E11/><N who="0" m="4105" /><D76/><U53/><E53/><V65/><F65/><W47/><G67/><T64/><D64/><U29/><E29/><V100/><F133/><W41/><G132/><T77/><D27/><U16/><E6/><V45/><F104/><W109/><G24/><T4/><D4/><U26/><E16/><V39/><F39/><W119/><G109/><T63/><D63/><U116/><E60/><V97/><F73/><W83/><G119/><T62/><D62/><U92/><E92/><V90/><F78/><W61/><G61/><T122/><D122/><U96/><E26/><V134/><F57/><W54/><G105/><T8/><N who="0" m="4113" /><T89/><DORA hai="36" /><D89/><U93/><E93/><V2/><F118/><W19/><G98/><T129/><D129/><U113/><E96/><V46/><F134/><W30/><G30/><T34/><D34/><U72/><E120/><V114/><F32/><W131/><G131/><T102/><D102/><U103/><E103/><V12/><F33/><W52/><G71/><T18/><D28/><U125/><E115/><V66/><F114/><W14/><G70/><RYUUKYOKU ba="1,0" sc="265,0,250,0,250,0,235,0" /><INIT seed="1,2,0,2,3,81" ten="265,250,250,235" oya="1" hai0="17,55,77,56,66,29,24,120,84,7,76,26,4" hai1="122,50,43,85,124,37,118,38,67,112,13,20,10" hai2="23,83,12,97,30,86,11,115,126,42,31,121,6" hai3="99,128,65,22,130,34,0,57,88,54,73,133,19"/><U59/><E118/><V78/><F121/><W113/><G113/><T44/><D120/><U74/><E74/><V117/><F117/><W15/><G73/><T1/><D66/><U60/><E122/><V68/><F68/><W107/><G133/><T91/><D29/><U129/><E112/><V102/><F115/><W94/><G34/><T135/><D44/><U119/><E119/><V132/><F132/><W104/><G0/><T69/><D69/><U2/><E129/><N who="3" m="49770" /><G65/><T58/><D1/><U63/><E63/><AGARI ba="2,0" hai="15,19,22,54,57,63,88,94,99,104,107" m="49770" machi="63" ten="30,2000,0" yaku="19,1,54,1" doraHai="81" who="3" fromWho="1" sc="265,0,250,-26,250,0,235,26" /><INIT seed="2,0,0,1,4,16" ten="265,224,250,261" oya="2" hai0="116,127,14,4,54,25,87,46,21,36,11,107,111" hai1="118,102,45,43,59,109,20,0,73,56,37,9,2" hai2="76,42,86,57,81,131,121,83,77,99,24,44,93" hai3="6,100,35,22,117,104,48,69,31,33,120,60,5"/><V110/><F121/><W122/><G48/><N who="0" m="28951" /><D107/><U49/><E118/><V12/><F131/><W63/><G117/><T130/><D36/><U112/><E112/><V94/><F110/><W79/><G79/><T58/><D116/><U30/><E109/><V27/><F12/><W71/><G100/><T65/><D111/><U101/><E73/><V19/><F57/><W129/><G31/><N who="0" m="17839" /><D127/><U7/><E2/><V40/><F40/><W10/><G10/><T89/><D130/><U15/><E56/><V113/><F113/><W75/><G129/><T124/><D124/><U90/><E90/><V70/><F70/><W97/><G97/><T80/><D58/><U106/><E106/><V128/><F128/><W134/><G134/><T50/><D50/><U38/><E38/><V47/><F42/><W29/><G104/><T119/><D119/><U55/><REACH who="1" step="1"/><E0/><REACH who="1" ten="265,214,250,261" step="2"/><V52/><F47/><W132/><G75/><T64/><AGARI ba="0,1" hai="4,11,14,64,65,80,87,89" m="17839,28951" machi="64" ten="30,2000,0" yaku="8,1,52,1" doraHai="16" who="0" fromWho="0" sc="265,30,214,-5,250,-10,261,-5" /><INIT seed="3,0,0,0,5,17" ten="295,209,240,256" oya="3" hai0="116,52,111,66,133,130,114,61,132,101,88,2,134" hai1="113,36,86,64,123,40,70,102,82,27,109,83,78" hai2="25,127,118,60,76,46,37,80,121,51,100,129,9" hai3="31,50,62,5,71,53,14,81,39,120,124,18,110"/><W41/><G120/><T58/><D2/><U131/><E123/><V89/><F37/><W85/><G124/><T95/><D116/><U103/><E113/><V48/><F118/><W23/><G110/><T22/><D114/><U7/><E131/><V8/><F129/><W69/><G39/><T104/><D130/><U15/><E109/><V117/><F117/><W33/><G41/><T16/><D111/><U12/><E70/><V122/><F127/><W3/><G62/><T57/><D104/><U105/><E64/><V79/><F100/><W11/><G31/><T135/><D101/><U106/><E27/><V128/><F128/><W32/><G71/><N who="0" m="42447" /><D52/><U125/><E125/><V44/><F60/><W55/><G69/><T29/><D29/><U63/><E63/><V56/><F56/><W97/><G97/><N who="0" m="57575" /><D135/><U94/><E94/><V91/><F25/><AGARI ba="0,0" hai="16,22,25,57,58,132,133,134" m="57575,42447" machi="25" ten="30,7700,0" yaku="20,1,52,1,54,2" doraHai="17" who="0" fromWho="2" sc="295,77,209,0,240,-77,256,0" owari="372,47.2,209,-19.1,163,-33.7,256,5.6" /></mjloggm>