<mjloggm ver="2.3"><GO type="225" lobby="0"/><UN n0="%E3%80%90%E8%92%BC%E7%90%89%E3%80%91" n1="%E7%9A%AE%E3%80%85" n2="%E4%B8%89%E5%88%86%E5%B0%8F%E5%83%A7" n3="%E4%BF%8A%E6%96%87%E9%BE%8D" dan="16,16,16,17" rate="2126.21,2084.80,2098.83,2111.71" sx="F,M,M,M"/><TAIKYOKU oya="0"/><INIT seed="0,0,0,2,2,101" ten="250,250,250,250" oya="0" hai0="36,10,43,71,23,25,57,65,104,16,86,48,85" hai1="116,46,90,19,92,27,113,125,99,72,102,105,26" hai2="38,2,107,81,126,28,124,84,127,73,42,9,15" hai3="74,14,131,41,103,89,59,18,115,114,20,87,112"/><T7/><D104/><U12/><E116/><V62/><F28/><W45/><G74/><T94/><D36/><U133/><E125/><V64/><F2/><W49/><G103/><T135/><D135/><U120/><E120/><V8/><F73/><W134/><G131/><T53/><D43/><U52/><E133/><V3/><F3/><W78/><G134/><T76/><D76/><U96/><E72/><V79/><F107/><W100/><G100/><T97/><D65/><U68/><E68/><V122/><F122/><W21/><G59/><T29/><D29/><U17/><E17/><V130/><F130/><W61/><G61/><T123/><D71/><U4/><E4/><V54/><F54/><W77/><REACH who="3" step="1"/><G21/><REACH who="3" ten="250,250,250,240" step="2"/><T128/><D128/><U0/><E113/><V11/><F62/><W111/><G111/><T5/><D123/><U93/><E105/><V80/><F126/><W110/><G110/><T51/><D51/><N who="1" m="28791" /><E0/><V35/><F127/><W95/><AGARI ba="0,1" hai="14,18,20,41,45,49,77,78,87,89,95,112,114,115" machi="95" ten="30,2000,0" yaku="1,1,0,1,53,0" doraHai="101" doraHaiUra="56" who="3" fromWho="3" sc="250,-10,250,-5,250,-5,240,30" /><INIT seed="1,0,0,0,2,86" ten="240,245,245,270" oya="1" hai0="58,108,47,131,61,134,82,81,125,41,25,73,2" hai1="124,120,48,77,35,99,109,96,75,34,40,130,129" hai2="126,3,8,33,51,56,19,95,7,135,62,102,74" hai3="71,93,98,53,94,16,104,63,79,1,112,65,20"/><U83/><E120/><V113/><F126/><W18/><G1/><T78/><D125/><U23/><E124/><V101/><F135/><W55/><G104/><T85/><D2/><U27/><E48/><V106/><F106/><W90/><G112/><T52/><D108/><U46/><E46/><V39/><F39/><W122/><G122/><T116/><D131/><N who="1" m="50187" /><E40/><V15/><F74/><W119/><G119/><T128/><D134/><U88/><E109/><V28/><F113/><W59/><G79/><T72/><D128/><U123/><E123/><V133/><F51/><W14/><G71/><T117/><D25/><U24/><E24/><N who="2" m="18567" /><F95/><W30/><G30/><T32/><D32/><N who="1" m="12331" /><E88/><V43/><F43/><W54/><G18/><AGARI ba="0,0" hai="18,23,27,75,77,83,96,99" m="12331,50187" machi="18" ten="30,1500,0" yaku="19,1" doraHai="86" who="1" fromWho="3" sc="240,0,245,15,245,0,270,-15" /><INIT seed="1,1,0,0,5,89" ten="240,260,245,255" oya="1" hai0="92,133,94,117,62,58,86,17,23,43,4,90,46" hai1="5,82,34,10,93,127,85,107,112,116,111,114,104" hai2="51,115,66,48,79,38,124,41,30,132,71,77,55" hai3="0,76,1,36,31,15,130,72,7,113,6,83,33"/><U70/><E70/><V88/><F124/><W129/><G113/><T8/><D117/><U128/><E116/><V53/><F132/><W125/><G125/><T42/><D133/><U102/><E127/><V134/><F134/><W96/><G36/><T65/><D46/><U20/><E34/><V29/><F115/><W18/><G96/><T121/><D121/><U84/><E20/><V39/><F71/><W32/><G83/><T12/><REACH who="0" step="1"/><D94/><REACH who="0" ten="230,260,245,255" step="2"/><U59/><E114/><V103/><F41/><W68/><G130/><T100/><D100/><U24/><E112/><V60/><F103/><W78/><G129/><T61/><D61/><U50/><E128/><V47/><F60/><W126/><G126/><T28/><D28/><U135/><E135/><V119/><F47/><W11/><G31/><T91/><D91/><U14/><E102/><V131/><F88/><W123/><G78/><T110/><D110/><U22/><E93/><V25/><F131/><W87/><G76/><T101/><D101/><U35/><E111/><V97/><F119/><W118/><G118/><T108/><D108/><U9/><E107/><V81/><F79/><W16/><G72/><T49/><D49/><U57/><E104/><V21/><F77/><W26/><G123/><T74/><D74/><U69/><E50/><V120/><F120/><W56/><G87/><T13/><AGARI ba="1,1" hai="4,8,12,13,17,23,42,43,58,62,65,86,90,92" machi="13" ten="20,8000,1" yaku="1,1,0,1,7,1,8,1,52,1,53,0" doraHai="89" doraHaiUra="109" who="0" fromWho="0" sc="230,93,260,-41,245,-21,255,-21" /><INIT seed="2,0,0,4,0,96" ten="323,219,224,234" oya="2" hai0="61,66,98,127,84,27,119,81,18,109,92,41,62" hai1="102,44,123,5,40,26,25,111,112,94,88,0,10" hai2="121,73,64,135,19,23,75,43,131,91,49,21,71" hai3="20,100,117,101,54,116,97,86,2,9,6,89,95"/><V65/><F121/><W103/><G54/><T17/><D109/><U55/><E112/><V132/><F131/><W134/><G134/><N who="2" m="51241" /><F91/><W77/><REACH who="3" step="1"/><G20/><REACH who="3" ten="323,219,224,224" step="2"/><T115/><D115/><U29/><E111/><V72/><F71/><W85/><G85/><T133/><D133/><U46/><E123/><V67/><F19/><W32/><G32/><T78/><D17/><U28/><E55/><V22/><F43/><W90/><G90/><T104/><D41/><U8/><E40/><V63/><F63/><W105/><G105/><T74/><D104/><U1/><E88/><V118/><F49/><W128/><G128/><T82/><D61/><U30/><E29/><V93/><F118/><W34/><G34/><T80/><D119/><U120/><E120/><V52/><F52/><W38/><G38/><T125/><D62/><U7/><E94/><AGARI ba="0,1" hai="21,22,23,64,65,67,72,73,75,93,94" m="51241" machi="94" ten="50,12000,1" yaku="29,2,28,2,20,1" doraHai="96" who="2" fromWho="1" sc="323,0,219,-120,224,130,224,0" /><INIT seed="2,1,0,3,2,49" ten="323,99,354,224" oya="2" hai0="125,9,55,12,45,40,58,22,5,29,131,65,78" hai1="107,122,54,50,88,129,95,106,89,103,28,59,57" hai2="23,36,42,118,117,20,17,127,73,37,2,121,126" hai3="44,108,24,48,96,10,18,32,83,8,79,130,71"/><V1/><F73/><W92/><G108/><T35/><D131/><U11/><E129/><V27/><F42/><W31/><G130/><T56/><D125/><N who="2" m="47626" /><F37/><W0/><G18/><T41/><D35/><U87/><E28/><N who="2" m="17511" /><F36/><W113/><G0/><N who="2" m="105" /><F121/><W14/><G71/><T60/><D78/><U123/><E11/><V6/><F6/><W114/><G10/><T19/><D45/><U116/><E116/><V3/><N who="2" m="113" /><V98/><DORA hai="66" /><F98/><W102/><G83/><T82/><D82/><U74/><E74/><V68/><F68/><W21/><G79/><T99/><D99/><U134/><E134/><V90/><F90/><W110/><G32/><T119/><D5/><U43/><E43/><V77/><F77/><W34/><G34/><T7/><D7/><U64/><E89/><V81/><F81/><W105/><G105/><T135/><D135/><U80/><E80/><V115/><F115/><W61/><G114/><T72/><D72/><U33/><E33/><V112/><F112/><W120/><G113/><T52/><D40/><U84/><E84/><V101/><F101/><W104/><G120/><N who="1" m="46122" /><E103/><V13/><AGARI ba="1,0" hai="13,17,23,117,118" m="113,17511,47626" machi="13" ten="50,9600,0" yaku="18,1,34,2" doraHai="49,66" who="2" fromWho="2" sc="323,-33,99,-33,354,99,224,-33" /><INIT seed="2,2,0,3,4,121" ten="290,66,453,191" oya="2" hai0="84,119,57,115,113,96,56,116,81,22,65,7,13" hai1="43,114,80,17,24,63,87,32,33,70,125,44,64" hai2="133,11,18,30,66,39,78,55,112,8,132,83,58" hai3="75,2,20,42,6,117,12,35,5,40,68,27,102"/><V51/><F39/><W97/><G75/><T79/><D96/><U73/><E114/><V0/><F112/><W76/><G76/><T118/><D57/><U36/><E125/><V88/><F30/><W130/><G68/><T86/><D86/><U90/><E73/><V50/><F66/><W9/><G130/><T93/><D93/><U110/><E17/><V15/><F88/><W135/><G117/><T77/><D77/><U123/><E123/><V126/><F126/><W46/><G135/><N who="2" m="51785" /><F51/><W85/><G85/><T98/><D98/><U14/><E14/><N who="2" m="7495" /><F0/><W109/><G35/><T104/><D113/><U16/><E16/><N who="2" m="8319" /><F78/><W120/><G2/><T94/><D115/><U72/><E72/><V41/><F41/><W19/><G40/><T1/><D1/><U60/><E60/><V3/><F3/><W4/><G120/><T26/><D65/><U28/><REACH who="1" step="1"/><E33/><REACH who="1" ten="290,56,453,191" step="2"/><V99/><F99/><W53/><G97/><T82/><D119/><U52/><E52/><V49/><F49/><W23/><G53/><T10/><D116/><U91/><E91/><V131/><F131/><W100/><G20/><T34/><D34/><U89/><E89/><V107/><F107/><W69/><G23/><T31/><D104/><U127/><E127/><V21/><F21/><W74/><G19/><T106/><D106/><U134/><E134/><V25/><F25/><W45/><G27/><T129/><D129/><U37/><E37/><V61/><F61/><W54/><G12/><T111/><D118/><U71/><E71/><V103/><F103/><W48/><G100/><T67/><D26/><RYUUKYOKU ba="2,1" sc="290,-15,56,15,453,15,191,-15" hai1="24,28,32,36,43,44,63,64,70,80,87,90,110" hai2="50,55,58,83" /><INIT seed="2,3,1,0,0,82" ten="275,71,468,176" oya="2" hai0="98,128,109,56,67,129,8,97,48,73,46,85,72" hai1="7,58,54,81,43,124,123,15,5,28,26,99,66" hai2="13,76,33,104,88,90,78,86,29,120,89,127,49" hai3="4,111,130,44,52,71,103,91,0,39,12,18,64"/><V41/><F120/><W10/><G111/><T19/><D109/><U51/><E123/><V27/><F104/><W125/><G125/><T40/><D72/><U96/><E124/><V59/><F127/><W50/><G130/><T133/><D73/><U35/><E43/><V16/><F86/><W79/><G103/><T108/><D133/><U95/><E96/><V115/><F115/><W25/><G25/><T70/><D70/><U110/><E110/><V87/><F87/><W119/><G79/><T80/><D108/><U53/><E66/><V100/><F100/><W21/><G119/><T134/><D134/><U68/><E68/><V2/><F2/><W23/><G39/><T84/><D84/><U31/><E31/><V36/><F36/><W131/><G131/><T6/><D19/><U9/><E81/><V122/><F122/><W57/><G91/><T38/><D129/><U117/><E117/><V22/><REACH who="2" step="1"/><F59/><REACH who="2" ten="275,71,458,176" step="2"/><W65/><G71/><T11/><D38/><U113/><E113/><V42/><F42/><W92/><G57/><T24/><D56/><U116/><E116/><V60/><F60/><W17/><G92/><T83/><D40/><U94/><E54/><V69/><F69/><W77/><G77/><T75/><D75/><U45/><E58/><V3/><F3/><W112/><G112/><T47/><D128/><U114/><E114/><V105/><F105/><W126/><G126/><T135/><D135/><U63/><E63/><V30/><F30/><W62/><G62/><T118/><D118/><U37/><E37/><V132/><F132/><W121/><G121/><RYUUKYOKU ba="3,2" sc="275,-15,71,-15,458,15,176,15" hai2="13,16,22,27,29,33,41,49,76,78,88,89,90" hai3="0,4,10,12,17,18,21,23,44,50,52,64,65" /><INIT seed="2,4,2,5,0,17" ten="260,56,473,191" oya="2" hai0="133,36,29,12,79,10,73,6,44,128,99,134,32" hai1="124,53,118,120,38,93,94,35,77,102,13,116,117" hai2="16,82,70,14,62,3,18,81,46,1,27,74,104" hai3="41,107,49,15,106,28,21,8,91,112,113,111,45"/><V68/><F104/><W54/><G111/><T71/><D71/><U123/><E38/><V125/><F125/><W5/><G91/><T86/><D73/><U25/><E77/><V78/><F82/><W105/><REACH who="3" step="1"/><G54/><REACH who="3" ten="260,56,473,181" step="2"/><T110/><D110/><U61/><E124/><V101/><F101/><W2/><G2/><T84/><D133/><U42/><E42/><V119/><F1/><W97/><G97/><T95/><D134/><U65/><E53/><V127/><F3/><W100/><G100/><T132/><D132/><U31/><E102/><V69/><F127/><W7/><G7/><T96/><D96/><U108/><E108/><V135/><F135/><W87/><G87/><T75/><D84/><U50/><E50/><V19/><F74/><W92/><G92/><T88/><D75/><U63/><E13/><V58/><F14/><W130/><G130/><T76/><D86/><U37/><E37/><V85/><F85/><W22/><G22/><T121/><D128/><U126/><E126/><V48/><F78/><W114/><G114/><T0/><D0/><U56/><REACH who="1" step="1"/><E63/><REACH who="1" ten="260,46,473,181" step="2"/><V59/><F62/><W23/><G23/><T47/><D36/><U57/><E57/><V89/><F59/><W24/><AGARI ba="4,4" hai="5,8,15,21,24,28,41,45,49,105,106,107,112,113" machi="24" ten="40,12000,2" yaku="1,1,0,1,52,1,53,3" doraHai="17" doraHaiUra="103" who="3" fromWho="3" sc="260,-34,46,-34,473,-64,181,172" /><INIT seed="3,0,0,3,5,85" ten="226,12,409,353" oya="3" hai0="130,100,37,121,45,74,41,84,72,70,80,50,123" hai1="40,66,1,4,95,132,129,54,30,98,6,14,93" hai2="44,62,47,75,3,99,46,33,115,39,111,48,125" hai3="114,34,7,126,119,68,38,91,42,43,94,97,26"/><W65/><G119/><T107/><D70/><U28/><E132/><V92/><F115/><W110/><G114/><T106/><D37/><U104/><E129/><V63/><F75/><W20/><G34/><T0/><D0/><U16/><E1/><V60/><F3/><W103/><G126/><T59/><D59/><U73/><E73/><V19/><F33/><W56/><G68/><T12/><D130/><U113/><E113/><V9/><F39/><W5/><G38/><T118/><D118/><U133/><E133/><V78/><F78/><W131/><G131/><T128/><D128/><U109/><E109/><V10/><F111/><W32/><G32/><T49/><D72/><U81/><E104/><V86/><F86/><W127/><G110/><T89/><D74/><U61/><E40/><N who="3" m="15402" /><G103/><T15/><D50/><U64/><E81/><V117/><F117/><W134/><G127/><T27/><D27/><U69/><E66/><V135/><F135/><W2/><G2/><T79/><D79/><U25/><E54/><N who="2" m="29959" /><F125/><W51/><G134/><T83/><D107/><U76/><E76/><V55/><F55/><N who="3" m="31871" /><G65/><T120/><D106/><U29/><E25/><V18/><F9/><W35/><G35/><T108/><D108/><U82/><E82/><V122/><F122/><W58/><G58/><T90/><D100/><U87/><E87/><V22/><F10/><W102/><G102/><T52/><D41/><U112/><E112/><V67/><F67/><W31/><AGARI ba="0,0" hai="5,7,20,26,31,91,94,97" m="31871,15402" machi="31" ten="30,3000,0" yaku="8,1,52,1" doraHai="85" who="3" fromWho="3" sc="226,-10,12,-10,409,-10,353,30" /><INIT seed="3,1,0,0,2,13" ten="216,2,399,383" oya="3" hai0="75,106,87,94,25,47,23,5,130,96,11,59,70" hai1="104,83,26,53,122,129,88,48,102,113,65,31,76" hai2="103,127,32,95,4,44,119,40,14,9,49,86,105" hai3="2,100,71,131,6,33,121,108,21,15,125,16,123"/><W115/><G115/><T82/><D70/><U8/><E113/><V133/><F119/><W124/><G71/><T118/><D118/><U81/><E122/><N who="3" m="46602" /><G100/><T10/><D130/><U19/><E129/><V17/><F105/><W74/><G74/><T135/><D135/><U134/><E134/><V67/><F133/><W55/><G131/><T42/><D106/><U30/><E65/><V110/><F32/><W12/><G12/><T120/><D120/><U34/><E31/><V111/><F127/><N who="3" m="48715" /><G33/><T61/><D75/><U90/><E83/><V112/><F112/><W27/><G108/><N who="2" m="41513" /><F67/><W18/><G55/><T109/><D109/><U72/><E102/><V77/><F103/><W64/><G64/><T92/><D5/><U1/><E104/><V35/><F35/><W60/><G60/><T37/><D92/><U36/><E36/><V63/><F63/><W57/><G57/><T99/><D99/><U54/><E54/><V68/><F68/><W52/><G52/><T84/><D84/><U117/><E117/><V0/><F95/><W3/><G6/><T79/><D59/><U78/><E78/><V51/><F51/><W50/><G50/><T66/><D61/><U39/><E39/><V45/><F45/><W73/><G73/><T116/><D66/><U22/><E1/><V114/><F114/><W62/><G62/><T7/><D7/><U46/><E8/><AGARI ba="1,0" hai="2,3,8,15,16,18,21,27" m="48715,46602" machi="8" ten="30,18000,2" yaku="18,1,34,2,52,2,54,1" doraHai="13" who="3" fromWho="1" sc="216,0,2,-183,399,0,383,183" owari="216,-18.4,-181,-68.1,399,19.9,566,66.6" /></mjloggm>