<mjloggm ver="2.3"><GO type="225" lobby="0"/><UN n0="%41%54%53%4D" n1="%E6%98%93%E5%88%A9%E8%96%A9%E4%BC%AF" n2="%43%68%65" n3="%E6%A1%9C%E8%8A%B1%E9%96%83%E3%80%85" dan="16,16,16,17" rate="2112.90,2131.52,2073.42,2179.90" sx="M,F,M,M"/><TAIKYOKU oya="0"/><INIT seed="0,0,0,3,4,21" ten="250,250,250,250" oya="0" hai0="25,78,97,55,68,123,40,30,7,51,102,37,69" hai1="17,83,82,8,113,32,89,12,44,100,107,116,53" hai2="59,43,94,52,35,131,63,93,119,27,72,4,47" hai3="130,48,56,28,76,19,2,60,5,23,26,125,36"/><T87/><D123/><U112/><E116/><V29/><F72/><W62/><G36/><T24/><D7/><U18/><E32/><V79/><F119/><W96/><G125/><T124/><D124/><U65/><E65/><V67/><F131/><W95/><G130/><T70/><D37/><U41/><E18/><V58/><F79/><W85/><G2/><T121/><D40/><U64/><E64/><V73/><F73/><W111/><G5/><T108/><D121/><U74/><E53/><V38/><REACH who="2" step="1"/><F4/><REACH who="2" ten="250,250,240,250" step="2"/><W91/><G111/><T66/><D108/><U84/><E74/><V122/><F122/><W20/><G76/><T134/><D78/><U1/><E1/><V110/><F110/><W11/><G11/><T46/><D134/><U15/><E8/><V132/><F132/><W120/><G120/><T129/><D129/><U86/><E113/><V75/><F75/><W101/><G48/><AGARI ba="0,1" hai="27,29,35,38,43,47,48,52,58,59,63,67,93,94" machi="48" ten="30,7700,0" yaku="1,1,7,1,52,1,54,1,53,0" doraHai="21" doraHaiUra="14" who="2" fromWho="3" sc="250,0,250,0,240,87,250,-77" /><INIT seed="1,0,0,0,1,2" ten="250,250,327,173" oya="1" hai0="20,69,13,45,6,125,62,91,117,60,128,7,67" hai1="55,95,100,111,119,87,27,4,92,96,124,86,130" hai2="81,127,135,61,104,114,47,93,21,94,37,118,51" hai3="8,106,53,98,52,90,134,121,132,24,77,42,133"/><U30/><E119/><V102/><F118/><W23/><G121/><T59/><D117/><U11/><E130/><V25/><F37/><W101/><G77/><T89/><D128/><U83/><E124/><V46/><F127/><W48/><G90/><T17/><D125/><U56/><E111/><V112/><F135/><W109/><G109/><T105/><D105/><U68/><E68/><V12/><F61/><W44/><REACH who="3" step="1"/><G8/><REACH who="3" ten="250,250,327,163" step="2"/><T49/><D91/><U84/><E83/><V16/><F81/><W19/><AGARI ba="0,1" hai="19,23,24,42,44,48,52,53,98,101,106,132,133,134" machi="19" ten="30,16000,3" yaku="1,1,2,1,0,1,20,1,54,1,53,3" doraHai="2" doraHaiUra="129" who="3" fromWho="3" sc="250,-40,250,-80,327,-40,163,170" /><INIT seed="2,0,0,0,2,100" ten="210,170,287,333" oya="2" hai0="101,4,75,74,86,77,56,68,49,60,79,118,44" hai1="32,82,48,0,112,108,63,65,122,93,114,107,17" hai2="109,43,47,24,13,126,58,81,10,104,53,14,115" hai3="59,94,87,127,21,105,70,38,124,52,125,98,15"/><V35/><F115/><W121/><G121/><T85/><D118/><U92/><E32/><V39/><F126/><W16/><G70/><T135/><D68/><U33/><E33/><V42/><F42/><W7/><G38/><T19/><D135/><U110/><E0/><V31/><F109/><N who="1" m="42089" /><E17/><V78/><F104/><W111/><G111/><T1/><D101/><U119/><E48/><V8/><F14/><W95/><G87/><T90/><D74/><U2/><E2/><V113/><F113/><N who="1" m="43625" /><E63/><V96/><F96/><W57/><G57/><T46/><D75/><U62/><E62/><V29/><F29/><W6/><G105/><T12/><D1/><U103/><E65/><V34/><F34/><W67/><G95/><N who="1" m="36426" /><E82/><V66/><F66/><W99/><G67/><N who="0" m="39303" /><D4/><N who="3" m="1577" /><G94/><T134/><D46/><U91/><E91/><V83/><F83/><W73/><G73/><T36/><D36/><U27/><E27/><V117/><F39/><W102/><G102/><T26/><D26/><U23/><E23/><V5/><F24/><W30/><G30/><T133/><D90/><U55/><E55/><V80/><F53/><W54/><G54/><N who="0" m="29991" /><D134/><U25/><E25/><V28/><F28/><W132/><G132/><T18/><D133/><U20/><E20/><V64/><F31/><W116/><G59/><T131/><D19/><U120/><E119/><V41/><F117/><W61/><G116/><T129/><D18/><U50/><E50/><V128/><F58/><N who="3" m="35015" /><G16/><T51/><D51/><U72/><E72/><V76/><F64/><W45/><G45/><T106/><D12/><U3/><E3/><RYUUKYOKU ba="0,0" sc="210,-15,170,15,287,-15,333,15" hai1="103,107,120,122" hai3="15,21,98,99,124,125,127" /><INIT seed="3,1,0,4,5,8" ten="195,185,272,348" oya="3" hai0="87,134,57,130,36,128,95,127,105,132,59,85,45" hai1="10,88,120,60,71,26,107,72,54,131,21,90,32" hai2="75,116,48,125,28,99,94,104,124,55,91,11,119" hai3="129,35,12,65,135,20,53,74,101,23,7,52,122"/><W2/><G122/><T39/><D105/><U27/><E120/><V69/><F69/><W46/><G35/><T58/><D95/><U33/><E72/><V31/><F75/><W6/><G65/><T108/><D87/><U98/><E131/><N who="0" m="50217" /><D85/><U106/><E10/><V49/><F104/><N who="1" m="39977" /><E21/><V76/><F76/><W89/><G53/><T64/><D108/><U113/><E54/><V17/><F17/><W25/><G135/><N who="0" m="51755" /><D127/><U66/><E66/><V109/><F109/><W102/><G46/><T115/><D115/><U4/><E4/><V68/><F94/><W78/><G101/><T84/><D84/><U13/><E13/><V50/><F99/><W61/><G102/><T34/><D34/><N who="1" m="13419" /><E60/><V15/><F125/><W56/><G61/><N who="0" m="37935" /><D45/><U86/><E86/><V82/><F124/><W3/><G74/><T1/><D1/><U43/><E71/><V100/><F68/><W112/><G2/><T83/><D83/><U47/><E47/><V22/><F82/><W77/><G3/><T19/><D19/><U110/><E110/><V93/><F100/><W37/><G129/><T44/><D44/><U30/><E30/><V92/><F31/><W51/><G78/><T118/><D118/><U81/><E113/><V117/><F28/><W42/><G77/><T79/><D79/><U5/><E5/><V40/><F119/><W73/><G6/><T0/><D0/><U29/><E29/><V18/><F117/><W63/><G7/><T67/><D67/><U103/><E81/><V126/><F116/><W96/><G112/><T121/><D121/><U14/><E103/><RYUUKYOKU ba="1,0" sc="195,30,185,-10,272,-10,348,-10" hai0="36,39,58,59" owari="225,-17.5,175,-32.5,262,6.2,338,43.8" /></mjloggm>