<mjloggm ver="2.3"><GO type="225" lobby="0"/><UN n0="%6D%75%75%6D%75%72%61" n1="%47%32%E9%BE%8D%E9%96%80" n2="%E6%9C%9D%E6%97%A5" n3="%E9%B3%B3%E6%9D%B1%E3%81%AE%E3%81%86%E3%81%95%E3%81%8E%E3%81%95%E3%82%93" dan="16,16,18,16" rate="2121.45,2118.45,2224.28,2109.09" sx="F,M,F,M"/><TAIKYOKU oya="0"/><INIT seed="0,0,0,2,3,55" ten="250,250,250,250" oya="0" hai0="94,53,60,73,48,98,25,9,33,114,86,66,117" hai1="128,32,30,10,115,77,37,127,113,54,27,22,29" hai2="129,81,7,52,69,11,107,40,116,79,104,126,72" hai3="18,19,65,78,20,28,62,14,71,50,91,106,125"/><T82/><D114/><N who="1" m="43531" /><E37/><V99/><F129/><W122/><G125/><T23/><D117/><U89/><E77/><V74/><F126/><W110/><G110/><T45/><D73/><U119/><E127/><V112/><F112/><W120/><G106/><T123/><D123/><N who="3" m="47145" /><G78/><T67/><D9/><U61/><E119/><V26/><F116/><W102/><G102/><T133/><D33/><U6/><E89/><V111/><F111/><W134/><G134/><T58/><D133/><U95/><E95/><V44/><F69/><W131/><G131/><T96/><D67/><U85/><E85/><V90/><F26/><N who="3" m="16455" /><G14/><T84/><D82/><U38/><E38/><N who="2" m="21527" /><F74/><W1/><G1/><T59/><D45/><U21/><E128/><V101/><F90/><W3/><G3/><T12/><D12/><N who="1" m="5207" /><E30/><V8/><F107/><W64/><G64/><T121/><D121/><U132/><E132/><V83/><F83/><W75/><G75/><T88/><D96/><U0/><E0/><N who="2" m="103" /><F11/><W15/><G15/><T93/><D93/><U24/><E27/><V51/><F81/><W36/><G36/><T46/><D46/><U97/><E97/><V41/><F79/><W108/><G108/><T118/><D118/><U70/><E70/><V130/><F130/><W100/><G100/><T56/><D56/><AGARI ba="0,0" hai="21,22,24,29,32,54,56,61" m="5207,43531" machi="56" ten="30,2000,0" yaku="11,1,52,1" doraHai="55" who="1" fromWho="0" sc="250,-20,250,20,250,0,250,0" /><INIT seed="1,0,0,4,4,25" ten="230,270,250,250" oya="1" hai0="99,113,95,36,50,71,60,41,110,13,88,40,52" hai1="81,11,123,111,39,22,115,127,18,107,54,7,106" hai2="42,56,57,27,32,1,15,30,58,24,135,69,20" hai3="72,82,130,34,66,45,92,10,101,124,85,116,47"/><U38/><E115/><V114/><F1/><W94/><G34/><T73/><D113/><U6/><E123/><V68/><F114/><W125/><G130/><T17/><D36/><U74/><E127/><N who="3" m="48714" /><G116/><T104/><D110/><U84/><E74/><V129/><F129/><W98/><G66/><T59/><D73/><U76/><E111/><V75/><F75/><W108/><G108/><T48/><D104/><U33/><E33/><V117/><F117/><W53/><G53/><T112/><D112/><U133/><E133/><V90/><F135/><W0/><G92/><T126/><D126/><U64/><E64/><V3/><F3/><W55/><G55/><T87/><D99/><U83/><E54/><V19/><F42/><N who="0" m="16490" /><D71/><U37/><E81/><V51/><F51/><W4/><G72/><T12/><D12/><U86/><E86/><V120/><F120/><W131/><G131/><T105/><D105/><U46/><E46/><V121/><F121/><W89/><AGARI ba="0,0" hai="0,4,10,45,47,82,85,89,94,98,101" m="48714" machi="89" ten="30,1100,0" yaku="18,1" doraHai="25" who="3" fromWho="3" sc="230,-3,270,-5,250,-3,250,11" /><INIT seed="2,0,0,3,1,112" ten="227,265,247,261" oya="2" hai0="84,42,50,122,74,12,120,114,105,111,95,10,97" hai1="26,88,64,73,117,132,1,25,23,30,102,39,48" hai2="18,81,119,68,96,129,106,19,16,110,108,67,3" hai3="133,93,89,66,116,135,4,94,72,14,44,128,60"/><V70/><F3/><W69/><G72/><T62/><D114/><U52/><E39/><V124/><F124/><W27/><G128/><T46/><D74/><U63/><E73/><V33/><F33/><W130/><G130/><T43/><D111/><N who="2" m="42538" /><F129/><W121/><G44/><T32/><D32/><U80/><E1/><V85/><F67/><W56/><G27/><T20/><D43/><U17/><E132/><N who="3" m="50762" /><G121/><T36/><D36/><U90/><E102/><N who="2" m="62791" /><F119/><W15/><G116/><T113/><D113/><U109/><E80/><V24/><F24/><W21/><G69/><T91/><D20/><N who="1" m="15687" /><E117/><V61/><F61/><W107/><G107/><T86/><D62/><U45/><E109/><V13/><F13/><W76/><G15/><T127/><D127/><U22/><E22/><V8/><F8/><W83/><G21/><T100/><REACH who="0" step="1"/><D84/><REACH who="0" ten="217,265,247,261" step="2"/><U125/><E125/><V65/><F65/><W51/><G60/><T101/><D101/><U92/><E63/><V71/><F71/><W6/><G66/><T78/><D78/><AGARI ba="0,1" hai="16,18,19,68,70,78,81,85" m="62791,42538" machi="78" ten="30,5800,0" yaku="14,1,10,1,54,1" doraHai="112" who="2" fromWho="0" sc="217,-58,265,0,247,68,261,0" /><INIT seed="2,1,0,3,4,100" ten="159,265,315,261" oya="2" hai0="11,118,75,21,73,62,96,29,135,99,41,17,13" hai1="90,130,32,38,77,123,55,74,36,10,51,16,35" hai2="0,53,81,5,19,114,2,52,79,9,7,86,132" hai3="34,71,128,48,117,87,110,14,113,82,72,78,64"/><V129/><F114/><W54/><G117/><T93/><D118/><U97/><E130/><V45/><F129/><W122/><G122/><T43/><D135/><U109/><E109/><V94/><F132/><W88/><G110/><T116/><D116/><U1/><E97/><V30/><F30/><W84/><G128/><T63/><D96/><U39/><E123/><V89/><F19/><W69/><G113/><T46/><D73/><U115/><E115/><V127/><F127/><W125/><G125/><T44/><D75/><U58/><E90/><V121/><F45/><W57/><G34/><T70/><D70/><U8/><E1/><V83/><F83/><W111/><G111/><T18/><D29/><U66/><E66/><V60/><F60/><W105/><G105/><T80/><D80/><U31/><E31/><V107/><F107/><W22/><G72/><T124/><D124/><U95/><E95/><V26/><F26/><W56/><G64/><T12/><D44/><U59/><E59/><V61/><F61/><W120/><G56/><T103/><REACH who="0" step="1"/><D43/><REACH who="0" ten="149,265,315,261" step="2"/><U133/><E133/><V40/><F40/><W131/><G131/><T68/><D68/><U91/><E74/><V76/><F121/><W102/><G120/><T20/><D20/><U15/><E35/><V25/><F81/><W108/><G108/><T3/><D3/><U49/><E32/><V23/><F2/><W27/><G71/><T104/><D104/><U92/><E92/><V50/><F0/><W106/><G69/><T24/><D24/><U67/><E58/><V47/><F94/><W119/><G106/><RYUUKYOKU ba="1,1" sc="149,30,265,-10,315,-10,261,-10" hai0="11,12,13,17,18,21,41,46,62,63,93,99,103" /><INIT seed="3,2,1,4,1,4" ten="179,255,305,251" oya="3" hai0="21,12,105,10,56,60,99,46,124,22,44,121,49" hai1="125,85,47,18,39,132,97,66,7,120,108,6,111" hai2="131,83,45,95,23,88,98,20,34,135,123,5,119" hai3="1,73,112,64,31,126,129,82,113,122,25,24,41"/><W91/><G122/><T17/><D121/><U62/><E125/><V128/><F123/><W68/><G126/><T48/><D124/><U32/><E120/><V93/><F119/><W52/><G1/><T77/><D77/><U76/><E32/><V116/><F116/><W101/><G41/><T16/><D105/><U14/><E97/><V27/><F135/><W94/><G101/><T67/><D99/><U100/><E100/><V114/><F114/><W96/><G129/><N who="2" m="49737" /><F93/><W19/><G19/><T104/><D104/><U38/><E85/><N who="2" m="50239" /><F5/><W58/><G68/><T106/><D106/><U51/><E6/><V29/><F45/><N who="0" m="17514" /><D22/><U61/><E7/><V36/><F36/><W43/><G73/><T109/><D109/><U2/><E39/><V33/><F34/><W42/><G82/><T117/><D117/><U92/><E38/><V65/><F65/><W127/><G127/><T37/><D37/><U72/><E66/><V55/><F55/><W80/><G80/><T26/><AGARI ba="2,1" hai="10,12,16,17,21,26,48,49,56,60,67" m="17514" machi="26" ten="30,4000,0" yaku="8,1,52,1,54,1" doraHai="4" who="0" fromWho="0" sc="179,56,255,-12,305,-12,251,-22" /><INIT seed="4,0,0,1,2,88" ten="235,243,293,229" oya="0" hai0="74,131,22,53,135,24,132,31,54,75,11,96,65" hai1="21,92,45,39,28,1,110,23,20,52,0,67,81" hai2="58,108,33,8,112,38,12,124,14,5,61,82,130" hai3="47,68,113,63,29,42,91,97,102,133,72,41,40"/><T83/><D131/><U71/><E110/><V36/><F108/><W134/><G72/><T37/><D37/><U43/><E28/><V44/><F33/><W13/><G113/><T117/><D117/><U93/><E81/><V107/><F107/><W123/><G123/><T104/><D65/><U30/><E30/><V90/><F112/><W73/><G73/><T89/><D11/><U3/><REACH who="1" step="1"/><E52/><REACH who="1" ten="235,233,293,229" step="2"/><N who="0" m="20073" /><D83/><U121/><E121/><V17/><F130/><W78/><G29/><T34/><D34/><U120/><E120/><V35/><F35/><W87/><G42/><T109/><D109/><U101/><E101/><V59/><F82/><W119/><G41/><T48/><D75/><U79/><E79/><V50/><F90/><W127/><G78/><T9/><D74/><U85/><E85/><V7/><F38/><W56/><G40/><T32/><D32/><U103/><E103/><V55/><F36/><W76/><G76/><T26/><D48/><U69/><E69/><V94/><F50/><W118/><G68/><T6/><D89/><U128/><E128/><V15/><F55/><W105/><G87/><T51/><D51/><U2/><N who="1" m="0" /><DORA hai="57" /><U95/><E95/><V46/><F94/><W66/><G91/><T100/><D31/><U126/><E126/><V64/><F124/><W106/><G127/><T115/><D115/><U116/><E116/><N who="3" m="44586" /><G106/><T18/><D104/><U111/><E111/><V62/><F59/><W60/><G56/><T80/><D80/><U114/><E114/><V86/><F58/><W84/><G84/><T49/><D100/><U99/><E99/><RYUUKYOKU ba="0,1" sc="235,-10,233,30,293,-10,229,-10" hai1="20,21,23,39,43,45,67,71,92,93" /><INIT seed="5,1,1,1,1,116" ten="225,263,283,219" oya="1" hai0="75,118,112,48,18,6,57,93,89,114,51,35,30" hai1="74,41,72,21,103,29,10,60,91,58,121,101,68" hai2="17,70,124,135,25,61,34,117,63,113,62,65,81" hai3="78,100,36,85,98,19,127,99,134,67,96,15,90"/><U2/><E68/><V23/><F117/><W22/><G134/><T111/><D118/><U123/><E41/><V37/><F37/><W52/><G127/><T130/><D75/><U122/><E91/><V109/><F109/><W7/><G36/><T55/><D130/><U28/><E2/><V14/><F124/><W31/><G67/><T95/><D111/><U86/><E86/><V94/><F135/><W66/><G66/><T107/><D107/><U12/><E74/><V16/><F113/><W54/><G100/><T125/><D125/><U44/><E44/><V77/><F94/><N who="3" m="54607" /><G78/><T119/><D119/><U80/><E80/><V64/><F34/><W4/><G31/><T84/><D93/><U133/><E72/><V120/><F120/><W115/><G115/><T46/><D30/><U3/><E3/><V97/><F97/><N who="3" m="24835" /><W92/><DORA hai="45" /><G92/><T20/><D35/><U82/><E82/><V104/><F104/><W56/><G54/><N who="0" m="29975" /><D112/><U69/><E69/><V38/><F38/><W88/><G88/><N who="0" m="53639" /><D114/><U24/><E29/><V33/><F33/><W53/><G53/><T50/><D89/><U129/><E133/><V71/><F71/><W11/><G22/><T131/><D131/><U43/><E129/><V73/><F65/><W76/><G76/><T49/><D55/><N who="1" m="33887" /><E43/><V42/><F42/><W108/><G108/><T59/><D59/><U110/><E110/><V79/><F79/><W9/><G9/><AGARI ba="1,1" hai="9,14,16,17,23,25,61,62,63,64,70,73,77,81" machi="9" ten="30,2000,0" yaku="7,1,54,1" doraHai="116,45" who="2" fromWho="3" sc="225,0,263,0,283,33,219,-23" owari="225,-17.5,263,6.3,316,41.6,196,-30.4" /></mjloggm>