<mjloggm ver="2.3"><GO type="225" lobby="0"/><UN n0="%E3%81%B5%E3%81%98%E3%81%8B%E3%81%A4" n1="%E6%B8%A9%E2%98%85%E6%83%85%E2%98%85%E6%8E%AA%E2%98%85%E7%BD%AE" n2="%E3%82%B7%E3%83%B3%E5%A4%AA%E6%9C%97" n3="%E8%90%BD%E6%97%A5" dan="16,17,16,16" rate="2186.21,2219.61,2136.43,2195.89" sx="M,M,M,F"/><TAIKYOKU oya="0"/><INIT seed="0,0,0,5,3,66" ten="250,250,250,250" oya="0" hai0="38,27,26,18,51,75,87,56,126,68,90,106,55" hai1="9,13,10,73,69,19,123,11,120,30,100,41,58" hai2="135,25,64,45,108,91,99,127,111,131,1,47,94" hai3="35,2,59,62,40,29,119,53,43,89,60,14,110"/><T81/><D126/><U129/><E73/><V112/><F127/><W15/><G2/><T17/><D106/><U28/><E100/><V36/><F112/><W67/><G119/><T84/><D38/><U77/><E77/><V6/><F131/><W32/><G110/><N who="2" m="42025" /><F135/><W23/><G89/><T48/><D75/><U42/><E58/><V4/><F64/><W104/><G104/><T97/><D97/><U74/><E74/><V16/><F1/><W86/><G86/><T22/><D68/><U117/><E117/><V72/><F72/><W65/><G53/><T130/><D130/><U0/><E69/><V21/><F45/><W93/><G93/><T31/><D87/><U5/><E129/><V39/><F39/><W44/><G23/><N who="0" m="13687" /><D31/><N who="1" m="11819" /><E42/><AGARI ba="0,0" hai="4,6,16,21,25,36,42,47,91,94,99" m="42025" machi="42" ten="30,2000,0" yaku="14,1,54,1" doraHai="66" who="2" fromWho="1" sc="250,0,250,-20,250,20,250,0" /><INIT seed="1,0,0,0,4,1" ten="250,230,270,250" oya="1" hai0="94,70,57,64,38,24,118,75,116,85,72,37,51" hai1="71,128,44,74,69,52,8,28,122,43,124,60,11" hai2="21,120,96,109,103,126,68,65,3,62,39,35,63" hai3="58,117,131,7,89,105,121,79,4,107,82,119,10"/><U133/><E122/><V9/><F120/><W46/><G131/><T80/><D38/><U114/><E114/><V32/><F109/><W56/><G89/><T40/><D94/><U99/><E128/><V34/><F126/><W17/><G17/><T135/><D135/><U91/><E74/><V53/><F21/><W33/><G33/><T95/><D95/><U88/><E124/><V98/><F98/><W6/><G10/><N who="1" m="3626" /><E71/><V26/><F53/><W66/><G46/><T19/><D75/><U73/><E73/><V102/><F102/><W129/><G129/><T15/><D72/><U23/><E69/><V36/><F26/><W27/><G27/><T55/><D24/><N who="1" m="16415" /><E133/><V134/><F63/><N who="3" m="38247" /><G58/><T49/><D37/><U132/><E132/><V61/><F61/><W45/><G45/><N who="0" m="25767" /><D70/><U110/><E110/><V0/><F134/><W97/><G121/><T22/><D118/><N who="3" m="45065" /><G97/><T5/><D116/><U84/><E99/><V104/><F0/><W59/><G59/><T125/><D125/><U41/><E60/><V87/><F87/><AGARI ba="0,0" hai="4,6,7,79,82,87,105,107" m="45065,38247" machi="87" ten="30,7700,0" yaku="12,1,52,3" doraHai="1" who="3" fromWho="2" sc="250,0,230,0,270,-77,250,77" /><INIT seed="2,0,0,2,2,88" ten="250,230,193,327" oya="2" hai0="129,60,93,63,135,103,57,66,109,9,36,115,89" hai1="16,110,121,12,77,19,25,50,101,72,40,42,114" hai2="81,98,113,34,127,13,134,37,58,46,80,28,111" hai3="10,123,14,0,64,67,20,78,29,69,112,62,15"/><V7/><F113/><W68/><G123/><T97/><D115/><U17/><E114/><V75/><F134/><W76/><G112/><T130/><D135/><U79/><E72/><V128/><F128/><N who="0" m="49258" /><D109/><U59/><E121/><V24/><F111/><W131/><G0/><T104/><D36/><U23/><E101/><V30/><F127/><W107/><G107/><T38/><D38/><U2/><E2/><V122/><F122/><W21/><G131/><T84/><D60/><U5/><E5/><V132/><F75/><W91/><G91/><T33/><D9/><U3/><E3/><V44/><F132/><W31/><G62/><T65/><D33/><U56/><E110/><V1/><F1/><W102/><G102/><T27/><D27/><U124/><E124/><V53/><F28/><W99/><G99/><T85/><D85/><U125/><E125/><V105/><F37/><W96/><G96/><T83/><D66/><U51/><E12/><V106/><F106/><AGARI ba="0,0" hai="57,63,65,83,84,89,93,97,103,104,106" m="49258" machi="106" ten="30,2000,0" yaku="19,1,52,1" doraHai="88" who="0" fromWho="2" sc="250,20,230,0,193,-20,327,0" /><INIT seed="3,0,0,2,4,7" ten="270,230,173,327" oya="3" hai0="40,112,5,134,130,87,123,50,131,70,36,47,119" hai1="11,4,13,124,16,108,19,2,56,129,95,90,45" hai2="116,38,103,23,114,3,110,76,73,69,9,30,27" hai3="92,60,115,43,117,125,84,12,35,29,94,85,122"/><W101/><G115/><T54/><D87/><U107/><E107/><V65/><F114/><W100/><G117/><T135/><D112/><U52/><E108/><V127/><F116/><W77/><G122/><T62/><D119/><U25/><E129/><N who="0" m="49161" /><D123/><U49/><E124/><V18/><F127/><W78/><G43/><T34/><D34/><U132/><E132/><N who="0" m="50729" /><D5/><U0/><E0/><V63/><F110/><W102/><G125/><T120/><D120/><U104/><E104/><V46/><F103/><W32/><G101/><T44/><D62/><N who="1" m="36103" /><E25/><V89/><F89/><W82/><G60/><T126/><D126/><U81/><E2/><V67/><F30/><W39/><G84/><T83/><D83/><U72/><E72/><V74/><F67/><W71/><G85/><T33/><D33/><U10/><E81/><V6/><REACH who="2" step="1"/><F76/><REACH who="2" ten="270,230,163,327" step="2"/><W57/><G78/><T37/><D37/><U86/><E11/><V91/><F91/><W96/><G77/><T53/><D70/><U20/><E20/><V66/><F66/><W93/><G71/><T26/><D36/><U41/><AGARI ba="0,1" hai="4,10,13,16,19,41,45,49,86,90,95" m="36103" machi="41" ten="30,7900,0" yaku="8,1,52,1,54,2" doraHai="7" who="1" fromWho="1" sc="270,-20,230,89,163,-20,327,-39" owari="250,-15.0,319,41.9,143,-35.7,288,8.8" /></mjloggm>