<mjloggm ver="2.3"><GO type="225" lobby="0"/><UN n0="%E6%A1%9C%E8%8A%B1%E9%96%83%E3%80%85" n1="%E3%83%9D%E3%83%B3%E3%83%9D%E3%82%B3%E5%95%86%E4%BA%8B" n2="%E3%81%A9%E3%82%8F%E3%82%93%E3%81%94" n3="%E8%A8%88%E7%AE%97%E6%A9%9F%E8%87%AA%E7%84%B6" dan="16,16,16,17" rate="2075.23,2135.74,2079.38,2189.21" sx="M,M,M,M"/><TAIKYOKU oya="0"/><INIT seed="0,0,0,3,5,108" ten="250,250,250,250" oya="0" hai0="98,59,100,119,39,10,1,43,109,94,111,48,89" hai1="49,58,42,80,20,12,9,61,77,124,13,23,53" hai2="26,40,35,19,15,114,65,17,112,51,16,115,125" hai3="129,82,57,135,105,127,116,113,88,21,2,67,78"/><T24/><D119/><U69/><E124/><V101/><F125/><W133/><G127/><T106/><D39/><U131/><E131/><V73/><F73/><W118/><G2/><T90/><D24/><U130/><E130/><V121/><F101/><W3/><G3/><T27/><D27/><U97/><E12/><V70/><F121/><W22/><G105/><T44/><D59/><U30/><E97/><V14/><F65/><W0/><G0/><T66/><D66/><U132/><E132/><N who="3" m="50762" /><G129/><T86/><REACH who="0" step="1"/><D89/><REACH who="0" ten="240,250,250,250" step="2"/><U83/><E69/><V117/><F117/><W38/><G38/><T74/><D74/><U79/><E30/><V60/><F70/><W36/><G36/><T6/><AGARI ba="0,1" hai="1,6,10,43,44,48,86,90,94,98,100,106,109,111" machi="6" ten="30,6000,0" yaku="1,1,0,1,53,1" doraHai="108" doraHaiUra="99" who="0" fromWho="0" sc="240,70,250,-20,250,-20,250,-20" /><INIT seed="0,1,0,2,5,82" ten="310,230,230,230" oya="0" hai0="110,122,70,123,17,25,66,77,8,129,105,106,81" hai1="2,117,55,58,24,96,56,131,119,79,75,107,114" hai2="113,4,28,94,80,6,60,59,87,47,121,90,125" hai3="23,32,132,85,65,26,128,104,13,45,98,71,93"/><T14/><D129/><U7/><E131/><V97/><F125/><W57/><G128/><T76/><D76/><U53/><E114/><V49/><F121/><W100/><G132/><T41/><D41/><U46/><E46/><V101/><F28/><W108/><G108/><T35/><D110/><U39/><E39/><V89/><F113/><W52/><G45/><T115/><D115/><U124/><E124/><V20/><F20/><W16/><G71/><T112/><D112/><U84/><E75/><V5/><F49/><W12/><G65/><T27/><D106/><U38/><E38/><V109/><F47/><W1/><G1/><T102/><D102/><U86/><E24/><V50/><F50/><W67/><G67/><T130/><D105/><U43/><E107/><V120/><F120/><W103/><G32/><T63/><D27/><U10/><E96/><V74/><F74/><W15/><G103/><T0/><D0/><U54/><E43/><V62/><F109/><W37/><G37/><T31/><REACH who="0" step="1"/><D130/><REACH who="0" ten="300,230,230,230" step="2"/><U29/><E79/><V34/><F34/><W44/><G44/><T21/><D21/><U72/><E72/><AGARI ba="1,1" hai="8,14,17,25,31,35,63,66,70,72,77,81,122,123" machi="72" ten="30,2900,0" yaku="1,1,7,1,53,0" doraHai="82" doraHaiUra="135" who="0" fromWho="1" sc="300,42,230,-32,230,0,230,0" /><INIT seed="0,2,0,1,3,40" ten="342,198,230,230" oya="0" hai0="127,22,135,60,115,2,56,10,106,64,72,128,71" hai1="111,15,8,134,17,37,100,52,1,95,16,58,78" hai2="48,43,13,70,25,42,57,11,76,132,105,109,3" hai3="23,12,86,98,121,74,65,89,82,14,131,118,114"/><T6/><D115/><U66/><E37/><V32/><F3/><W44/><G114/><T99/><D135/><U0/><E134/><V116/><F132/><W29/><G118/><T46/><D128/><U47/><E111/><V93/><F116/><W90/><G74/><T69/><D127/><U129/><E129/><V67/><F105/><W112/><G112/><T101/><D72/><U130/><E130/><V113/><F113/><W103/><G131/><T88/><D22/><U33/><E33/><V21/><F32/><W125/><G125/><T110/><D110/><U108/><E78/><V124/><F70/><W59/><G121/><T35/><D35/><U38/><E108/><V79/><F124/><W41/><G90/><T123/><D123/><U62/><E17/><N who="2" m="12463" /><F93/><N who="3" m="58831" /><G59/><T87/><REACH who="0" step="1"/><D46/><REACH who="0" ten="332,198,230,230" step="2"/><U34/><E34/><V26/><F109/><W102/><G23/><T7/><D7/><U54/><E38/><V73/><F73/><W75/><G75/><T55/><D55/><U9/><E9/><V19/><F26/><W63/><G44/><T20/><D20/><U5/><E5/><V81/><F43/><W85/><G41/><T120/><D120/><U50/><REACH who="1" step="1"/><E54/><REACH who="1" ten="332,188,230,230" step="2"/><N who="2" m="31943" /><F42/><W24/><G24/><T104/><D104/><U92/><E92/><AGARI ba="2,2" hai="2,6,10,56,60,64,69,71,87,88,92,99,101,106" machi="92" ten="30,11600,0" yaku="1,1,7,1,54,1,53,1" doraHai="40" doraHaiUra="83" who="0" fromWho="1" sc="332,142,188,-122,230,0,230,0" /><INIT seed="0,3,0,2,1,17" ten="474,66,230,230" oya="0" hai0="103,70,63,53,0,57,75,121,18,12,7,87,61" hai1="102,34,74,116,118,67,95,80,84,76,126,3,104" hai2="14,133,55,101,13,45,66,48,106,71,54,29,62" hai3="117,79,65,42,83,1,112,98,81,132,31,135,36"/><T30/><D121/><U41/><E34/><V97/><F133/><N who="3" m="51275" /><G112/><T123/><D75/><U115/><E3/><V113/><F113/><W23/><G117/><T20/><D123/><U26/><E26/><V27/><REACH who="2" step="1"/><F54/><REACH who="2" ten="474,66,220,230" step="2"/><W114/><G114/><T64/><D103/><U69/><E115/><V24/><F24/><N who="3" m="16799" /><G1/><T38/><D0/><U134/><E134/><V28/><F28/><W49/><G36/><T11/><D38/><U60/><E41/><V46/><F46/><N who="3" m="25815" /><G79/><T72/><D30/><U47/><E47/><V39/><F39/><W22/><G65/><T90/><D64/><U9/><E118/><V100/><F100/><W110/><G110/><T96/><D53/><U99/><E116/><V107/><F107/><W5/><G5/><T124/><D7/><U35/><E126/><V51/><F51/><W88/><G22/><AGARI ba="3,1" hai="13,14,22,27,29,45,48,55,62,66,71,97,101,106" machi="22" ten="30,7700,0" yaku="1,1,7,1,52,1,53,1" doraHai="17" doraHaiUra="56" who="2" fromWho="3" sc="474,0,66,0,220,96,230,-86" /><INIT seed="1,0,0,5,5,34" ten="474,66,316,144" oya="1" hai0="28,82,36,26,117,134,124,62,22,13,68,17,49" hai1="85,23,16,94,64,1,132,21,0,31,83,106,127" hai2="74,102,114,130,119,98,109,30,90,115,77,53,33" hai3="20,6,96,55,19,54,70,71,112,123,69,129,104"/><U99/><E106/><V29/><F119/><W65/><G123/><T43/><D117/><U48/><E127/><V56/><F109/><W133/><G112/><N who="2" m="43049" /><F90/><W63/><G133/><T118/><D118/><U89/><E132/><V38/><F38/><W110/><G110/><T45/><D134/><U15/><E64/><V41/><F41/><W40/><G129/><T84/><D124/><U105/><E105/><N who="2" m="63703" /><F33/><W44/><G96/><T24/><D36/><U92/><E92/><V47/><F47/><W126/><G104/><T116/><D116/><U59/><E48/><N who="2" m="30759" /><F130/><W32/><G32/><T72/><D72/><U7/><E59/><V111/><F111/><W108/><G108/><T78/><D68/><U9/><E31/><V5/><F5/><W39/><G6/><T25/><REACH who="0" step="1"/><D62/><REACH who="0" ten="464,66,316,144" step="2"/><U60/><E60/><V14/><F74/><W57/><REACH who="3" step="1"/><G126/><REACH who="3" ten="464,66,316,134" step="2"/><T27/><D27/><AGARI ba="0,2" hai="19,20,27,39,40,44,54,55,57,63,65,69,70,71" machi="27" ten="40,2600,0" yaku="1,1,2,1,53,0" doraHai="34" doraHaiUra="100" who="3" fromWho="0" sc="464,-26,66,0,316,0,134,46" /><INIT seed="2,0,0,2,3,94" ten="438,66,316,180" oya="2" hai0="12,2,121,113,129,11,85,116,71,55,22,91,66" hai1="130,76,57,96,56,125,10,128,52,58,109,0,134" hai2="69,32,36,28,14,9,44,59,133,92,70,75,105" hai3="108,102,34,31,37,79,83,39,27,110,65,30,90"/><V54/><F105/><W15/><G90/><T104/><D113/><U118/><E76/><V42/><F75/><W98/><G15/><T21/><D121/><U84/><E84/><V53/><F133/><W6/><G6/><T47/><D129/><N who="1" m="49771" /><E118/><V115/><F115/><W7/><G7/><T8/><D8/><U40/><E0/><V20/><F32/><W23/><G65/><T51/><D104/><U93/><E10/><V126/><F126/><W64/><G64/><T5/><D116/><U35/><E35/><V132/><F132/><W95/><G30/><T107/><D107/><U19/><E134/><V45/><F45/><W123/><G123/><T33/><D33/><U48/><E125/><V124/><F124/><W122/><G34/><T46/><D46/><N who="1" m="25671" /><E19/><V82/><F82/><W112/><G122/><T60/><D2/><U24/><E24/><V1/><F1/><W72/><REACH who="3" step="1"/><G112/><REACH who="3" ten="438,66,316,170" step="2"/><T73/><D5/><U18/><E18/><V68/><F28/><W97/><G97/><T106/><D12/><U101/><E109/><AGARI ba="0,1" hai="23,27,31,37,39,72,79,83,95,98,102,108,109,110" machi="109" ten="40,5200,0" yaku="1,1,14,1,52,1,53,0" doraHai="94" doraHaiUra="114" who="3" fromWho="1" sc="438,0,66,-52,316,0,170,62" /><INIT seed="3,0,0,1,1,79" ten="438,14,316,232" oya="3" hai0="74,84,0,129,10,25,48,111,9,107,47,1,11" hai1="39,106,96,78,15,54,94,109,112,65,46,82,27" hai2="18,68,133,33,118,64,67,63,100,49,3,72,43" hai3="56,36,128,98,20,26,44,77,123,57,117,132,130"/><W73/><G117/><T91/><D111/><U102/><E109/><V40/><F118/><W126/><G123/><T71/><D74/><U121/><E121/><V131/><F33/><W70/><G70/><T135/><D107/><U21/><E112/><V114/><F3/><W51/><G36/><T52/><D71/><U101/><E101/><V38/><F114/><W80/><G126/><T115/><D115/><U93/><E15/><V88/><F72/><W31/><G132/><T30/><D129/><N who="3" m="49769" /><G98/><T103/><D103/><U127/><E127/><V113/><F100/><W59/><G44/><T14/><D135/><U12/><E12/><V45/><F133/><W34/><G34/><T134/><D134/><U85/><E65/><V41/><F131/><W4/><G4/><T13/><D0/><U17/><E39/><V76/><F113/><W110/><G110/><T7/><D1/><U120/><E120/><V104/><F104/><W24/><G26/><T108/><D108/><U23/><E23/><V5/><F5/><W32/><G32/><T50/><D13/><U105/><E106/><V37/><F67/><W90/><G90/><T89/><D89/><U42/><E42/><V29/><F88/><W16/><G51/><T83/><D50/><U81/><E46/><V87/><F38/><W99/><G99/><T8/><D8/><U86/><REACH who="1" step="1"/><E54/><REACH who="1" ten="438,4,316,232" step="2"/><N who="2" m="29999" /><F37/><W60/><G31/><T22/><AGARI ba="0,1" hai="7,9,10,11,14,22,25,30,47,48,52,83,84,91" machi="22" ten="20,8000,1" yaku="0,1,7,1,8,1,52,1,54,1" doraHai="79" who="0" fromWho="0" sc="438,90,4,-20,316,-20,232,-40" owari="528,62.8,-16,-51.6,296,9.6,192,-20.8" /></mjloggm>