<mjloggm ver="2.3"><GO type="225" lobby="0"/><UN n0="%72%61%6B%33" n1="%E3%81%8F%E3%82%8A%E3%83%94%E3%83%BC" n2="%45%6C%79%73%69%75%6D" n3="%E3%81%AF%E3%82%88%E3%81%8A%E3%81%98%E3%81%95%E3%82%93" dan="16,16,18,16" rate="2220.89,2117.48,2161.78,2156.34" sx="M,M,F,M"/><TAIKYOKU oya="0"/><INIT seed="0,0,0,4,0,109" ten="250,250,250,250" oya="0" hai0="104,80,3,46,58,44,79,8,62,4,75,88,65" hai1="116,16,126,41,32,54,60,26,63,119,120,112,69" hai2="9,118,22,107,21,11,51,67,38,92,55,27,31" hai3="0,134,66,101,30,61,35,68,133,117,40,105,77"/><T95/><REACH who="0" step="1"/><D104/><REACH who="0" ten="240,250,250,250" step="2"/><U123/><E119/><V93/><F107/><W83/><G117/><T7/><D7/><U1/><E116/><V82/><F118/><W89/><G105/><T111/><D111/><U115/><E115/><V53/><F38/><W6/><G133/><T106/><D106/><U96/><E112/><V85/><F67/><W23/><G6/><T20/><D20/><U135/><E135/><V73/><F21/><W29/><G23/><T110/><D110/><U121/><E121/><V87/><F22/><W97/><G66/><T17/><D17/><U25/><E16/><V70/><F31/><W76/><G29/><T36/><D36/><U74/><E123/><V64/><F64/><W100/><G30/><T84/><AGARI ba="0,1" hai="3,4,8,44,46,58,62,65,75,79,80,84,88,95" machi="84" ten="20,18000,2" yaku="21,2,0,1,7,1,54,1,53,1" doraHai="109" doraHaiUra="81" who="0" fromWho="0" sc="240,190,250,-60,250,-60,250,-60" /><INIT seed="0,1,0,0,2,46" ten="430,190,190,190" oya="0" hai0="5,19,120,89,82,35,37,7,61,29,33,108,107" hai1="74,131,8,113,128,32,94,130,126,109,9,77,47" hai2="99,2,70,91,63,88,104,83,84,26,25,67,125" hai3="69,122,15,134,44,87,118,100,51,116,135,115,124"/><T14/><D37/><U76/><E32/><V22/><F2/><W24/><G69/><T59/><D107/><U34/><E34/><V119/><F125/><W121/><G100/><T64/><D120/><N who="3" m="46185" /><G24/><T103/><D103/><U71/><E109/><V60/><F119/><N who="3" m="45611" /><G15/><T41/><D108/><U127/><E71/><V95/><F104/><W73/><G87/><T133/><D133/><N who="3" m="50697" /><G73/><T30/><D33/><U111/><E111/><V4/><F4/><N who="0" m="1610" /><D35/><U114/><E94/><V93/><F93/><W105/><G105/><T92/><D82/><N who="1" m="45335" /><E47/><V56/><REACH who="2" step="1"/><F22/><REACH who="2" ten="430,190,180,190" step="2"/><W123/><G124/><N who="1" m="47658" /><E77/><V13/><F13/><W11/><G11/><AGARI ba="1,1" hai="8,9,11,113,114,128,130,131" m="47658,45335" machi="11" ten="40,2600,0" yaku="19,1,18,1" doraHai="46" who="1" fromWho="3" sc="430,0,190,39,180,0,190,-29" /><INIT seed="1,0,0,4,4,105" ten="430,229,180,161" oya="1" hai0="69,26,82,133,43,99,60,8,85,37,67,103,127" hai1="80,89,76,48,124,72,39,28,100,77,3,15,27" hai2="17,98,36,81,116,87,65,125,95,62,131,22,129" hai3="49,130,86,111,50,23,64,46,14,16,118,41,25"/><U94/><E124/><V73/><F36/><W6/><G111/><T32/><D127/><U79/><E3/><V123/><F125/><W2/><G130/><N who="2" m="49673" /><F123/><W59/><G118/><T114/><D133/><U54/><E15/><N who="2" m="9535" /><F116/><W115/><G115/><T88/><D114/><U31/><E100/><N who="2" m="60511" /><F87/><W112/><G112/><T92/><D8/><U52/><E39/><V56/><F81/><W1/><G1/><T70/><D70/><U33/><E31/><V120/><F120/><W5/><G2/><T113/><D113/><U4/><E4/><V84/><F84/><W83/><G14/><T101/><D37/><U135/><E135/><V90/><F90/><W121/><G121/><T42/><REACH who="0" step="1"/><D103/><REACH who="0" ten="420,229,180,161" step="2"/><U29/><E33/><V128/><F128/><W19/><G5/><T9/><D9/><U30/><E30/><AGARI ba="0,1" hai="26,30,32,42,43,60,67,69,82,85,88,92,99,101" machi="30" ten="40,2600,0" yaku="1,1,54,1,53,0" doraHai="105" doraHaiUra="102" who="0" fromWho="1" sc="420,36,229,-26,180,0,161,0" /><INIT seed="2,0,0,3,4,31" ten="456,203,180,161" oya="2" hai0="85,132,129,14,21,56,59,40,127,55,108,93,134" hai1="103,135,1,86,76,112,92,43,91,35,73,63,52" hai2="49,70,80,17,107,13,125,110,128,27,50,121,39" hai3="54,15,75,34,48,7,38,120,104,47,114,5,111"/><V117/><F39/><W57/><G120/><T81/><D108/><U41/><E112/><V37/><F37/><W99/><G111/><T4/><D127/><U131/><E1/><V133/><F107/><W79/><G114/><T24/><D129/><U9/><E35/><V33/><F70/><W58/><G34/><T84/><D40/><U115/><E115/><V72/><F110/><W20/><G75/><T32/><D93/><U51/><E135/><V66/><F66/><W10/><G79/><T30/><D85/><U53/><E73/><V100/><F100/><W124/><G124/><T3/><D3/><U123/><E123/><V6/><F121/><W96/><G5/><T62/><D56/><N who="3" m="21609" /><G38/><T16/><REACH who="0" step="1"/><D4/><REACH who="0" ten="446,203,180,161" step="2"/><U88/><E92/><V126/><F6/><W74/><G74/><T113/><D113/><U65/><E86/><V61/><F125/><W94/><G104/><T102/><D102/><U2/><E103/><V25/><F126/><W82/><G82/><T22/><D22/><U0/><E43/><V97/><F33/><W71/><G71/><T36/><D36/><U69/><E41/><V8/><F128/><W95/><G20/><T45/><D45/><U122/><E69/><V44/><F44/><W118/><G118/><T77/><AGARI ba="0,1" hai="14,16,21,24,30,32,55,59,62,77,81,84,132,134" machi="77" ten="30,7900,0" yaku="1,1,0,1,52,1,54,1,53,0" doraHai="31" doraHaiUra="68" who="0" fromWho="0" sc="446,89,203,-20,180,-39,161,-20" /><INIT seed="3,0,0,2,4,43" ten="535,183,141,141" oya="3" hai0="22,64,40,37,29,77,118,46,81,60,50,107,41" hai1="114,121,70,87,69,39,122,126,11,117,55,62,63" hai2="129,135,35,104,0,134,2,10,113,115,127,67,24" hai3="111,27,38,95,54,119,17,30,79,66,130,23,33"/><W26/><G119/><T131/><D131/><U14/><E14/><V65/><F104/><W42/><G130/><T74/><D118/><U68/><E87/><V12/><F129/><W28/><G111/><T76/><D107/><U96/><E11/><V93/><F93/><W20/><G66/><N who="2" m="25097" /><F24/><W98/><G79/><T86/><D40/><U128/><E96/><V52/><F52/><W8/><G54/><T9/><D9/><U19/><E19/><N who="2" m="8599" /><F35/><W100/><G8/><T36/><D74/><U109/><E68/><V88/><F88/><W132/><G132/><N who="2" m="50729" /><F127/><W18/><REACH who="3" step="1"/><G33/><REACH who="3" ten="535,183,141,131" step="2"/><T94/><D77/><U21/><E128/><V32/><F32/><W7/><G7/><T13/><D76/><U31/><E109/><V1/><AGARI ba="0,1" hai="0,1,2,113,115" m="50729,8599,25097" machi="1" ten="40,1500,0" yaku="20,1" doraHai="43" who="2" fromWho="2" sc="535,-4,183,-4,141,25,131,-7" owari="531,63.1,179,-2.1,166,-23.4,124,-37.6" /></mjloggm>