<mjloggm ver="2.3"><GO type="225" lobby="0"/><UN n0="%E6%B8%A9%E2%98%85%E6%83%85%E2%98%85%E6%8E%AA%E2%98%85%E7%BD%AE" n1="%E6%A1%9C%E8%8A%B1%E9%96%83%E3%80%85" n2="%E5%AF%82%E5%AF%9E%E3%82%AE%E3%83%8D%E3%82%B9%E3%83%93%E3%83%BC%E3%83%AB" n3="%6D%75%75%73%61%6E%6D%75" dan="18,16,16,16" rate="2200.12,2203.50,2126.68,2114.02" sx="M,M,M,F"/><TAIKYOKU oya="0"/><INIT seed="0,0,0,3,3,54" ten="250,250,250,250" oya="0" hai0="71,112,29,2,32,11,75,61,96,100,103,97,99" hai1="117,22,67,91,110,21,43,3,101,59,31,116,119" hai2="98,13,72,52,55,121,95,82,122,35,16,57,104" hai3="132,81,73,49,105,114,93,47,129,127,15,118,8"/><T120/><D112/><U124/><E110/><V26/><F104/><W58/><G105/><T56/><D120/><U48/><E124/><V113/><F113/><W115/><G118/><T39/><D39/><U106/><E3/><V1/><F1/><W107/><G107/><T126/><D126/><U70/><E91/><V17/><F72/><W64/><G127/><T12/><D71/><U62/><E31/><V36/><F36/><W131/><G93/><T42/><D75/><U53/><REACH who="1" step="1"/><E43/><REACH who="1" ten="250,240,250,250" step="2"/><V9/><F122/><W128/><G115/><T133/><D2/><U109/><E109/><V65/><F121/><W89/><G114/><T66/><D42/><U60/><E60/><N who="2" m="38031" /><F35/><W51/><G89/><T38/><D133/><U63/><E63/><V44/><F82/><W78/><G132/><T135/><D135/><U80/><E80/><V84/><F44/><W4/><G47/><T23/><D32/><U5/><E5/><V50/><F50/><W46/><G46/><T83/><D83/><U40/><E40/><V20/><F84/><W41/><G41/><T34/><D34/><U28/><E28/><V108/><F108/><W30/><G30/><T25/><REACH who="0" step="1"/><D38/><REACH who="0" ten="240,240,250,250" step="2"/><U33/><E33/><V125/><F125/><W102/><G73/><T130/><D130/><U77/><E77/><V18/><F18/><AGARI ba="0,2" hai="11,12,18,23,25,29,56,61,66,96,97,99,100,103" machi="18" ten="40,7700,0" yaku="1,1,8,1,52,1,53,0" doraHai="54" doraHaiUra="69" who="0" fromWho="2" sc="240,97,240,0,250,-77,250,0" /><INIT seed="0,1,0,1,0,112" ten="337,240,173,250" oya="0" hai0="4,124,126,61,23,68,56,66,125,15,130,2,92" hai1="95,75,69,54,36,43,48,103,25,128,22,26,87" hai2="50,35,86,19,79,107,70,134,80,24,7,76,30" hai3="117,8,113,105,29,21,114,27,78,73,34,51,118"/><T123/><D123/><U58/><E75/><V131/><F107/><W44/><G105/><T60/><D130/><U45/><E128/><V3/><F131/><W109/><G78/><T65/><D92/><U111/><E111/><V32/><F70/><W132/><G73/><T17/><REACH who="0" step="1"/><D4/><REACH who="0" ten="327,240,173,250" step="2"/><U71/><E103/><V5/><F5/><W18/><G113/><T0/><AGARI ba="1,1" hai="0,2,15,17,23,56,60,61,65,66,68,124,125,126" machi="0" ten="40,12000,1" yaku="1,1,2,1,0,1,18,1,53,0" doraHai="112" doraHaiUra="115" who="0" fromWho="0" sc="327,133,240,-41,173,-41,250,-41" /><INIT seed="0,2,0,2,0,75" ten="460,199,132,209" oya="0" hai0="92,127,5,119,43,99,68,123,27,30,51,20,49" hai1="44,66,135,7,81,88,110,25,121,38,52,74,41" hai2="114,101,19,58,70,72,35,122,117,128,8,87,42" hai3="14,22,1,47,130,93,124,111,133,91,78,40,115"/><T23/><D119/><U48/><E121/><V96/><F70/><W82/><G1/><T55/><D123/><U71/><E110/><V105/><F122/><W28/><G111/><T83/><D127/><U106/><E135/><V109/><F114/><W107/><G115/><T120/><D120/><U37/><E106/><V26/><F109/><W45/><G107/><T132/><D68/><U36/><E7/><V17/><F72/><W3/><G3/><T98/><D132/><U11/><E11/><V16/><F128/><W63/><G130/><T64/><D64/><U112/><E25/><V103/><F103/><W108/><G108/><T102/><D5/><U31/><E31/><V84/><F117/><W126/><G63/><T34/><D83/><U60/><E112/><V86/><F42/><W54/><G54/><T10/><D10/><U125/><E125/><N who="3" m="48234" /><G133/><T134/><D134/><U18/><E18/><V104/><F104/><W4/><G40/><T56/><D99/><U61/><E61/><V79/><F8/><N who="3" m="4359" /><G22/><T77/><D43/><U15/><E15/><V69/><F69/><W57/><G57/><T21/><D34/><U32/><E32/><V118/><F58/><W116/><G28/><T89/><D51/><U6/><E6/><V33/><F118/><W29/><G29/><T50/><D50/><U53/><REACH who="1" step="1"/><E74/><REACH who="1" ten="460,189,132,209" step="2"/><V9/><F9/><W129/><G116/><T76/><D30/><U62/><E62/><V59/><F35/><W113/><G113/><T65/><D27/><U24/><E24/><V12/><F33/><W94/><G129/><T100/><D65/><RYUUKYOKU ba="2,1" sc="460,15,189,15,132,-15,209,-15" hai0="20,21,23,49,55,56,76,77,89,92,98,100,102" hai1="36,37,38,41,44,48,52,53,60,66,71,81,88" /><INIT seed="0,3,1,3,5,49" ten="475,204,117,194" oya="0" hai0="96,27,56,98,51,21,62,75,41,129,37,124,76" hai1="117,113,59,39,46,12,34,65,99,54,23,31,38" hai2="2,82,92,69,18,67,55,9,16,47,74,15,130" hai3="19,28,91,13,116,107,103,73,0,43,118,6,111"/><T86/><D75/><U77/><E117/><V93/><F2/><W114/><G114/><T95/><D37/><U5/><E113/><V79/><F130/><W66/><G73/><T61/><D129/><U33/><E77/><V4/><F69/><W72/><G72/><T134/><D134/><U90/><E39/><V106/><F67/><W68/><G43/><T71/><D71/><U126/><E126/><V17/><REACH who="2" step="1"/><F106/><REACH who="2" ten="475,204,107,194" step="2"/><W132/><G66/><N who="0" m="39207" /><D124/><U3/><E65/><V94/><F94/><W20/><G68/><T35/><D95/><U26/><E3/><V14/><F14/><W45/><G0/><T88/><D35/><U121/><E34/><V42/><F42/><W102/><G107/><T122/><D41/><U40/><E33/><V133/><F133/><W135/><G132/><T123/><D123/><U70/><E121/><V57/><F57/><W112/><G135/><T63/><D122/><U25/><E70/><V80/><F80/><W36/><G112/><T1/><D1/><U115/><E115/><V30/><F30/><W84/><G116/><T78/><D27/><U109/><E26/><V131/><F131/><W85/><G118/><T119/><D119/><U8/><E59/><V10/><F10/><W83/><G13/><T50/><D21/><U97/><E40/><V48/><AGARI ba="3,2" hai="4,9,15,16,17,18,47,48,55,74,79,82,92,93" machi="48" ten="30,8000,1" yaku="1,1,0,1,52,1,54,1,53,1" doraHai="49" doraHaiUra="44" who="2" fromWho="2" sc="475,-43,204,-23,107,109,194,-23" /><INIT seed="1,0,0,2,0,74" ten="432,181,216,171" oya="1" hai0="0,92,132,63,6,84,103,101,32,69,38,41,11" hai1="7,24,82,48,117,60,109,115,12,108,40,68,43" hai2="29,54,42,67,130,26,55,49,56,14,95,125,45" hai3="46,59,33,5,116,107,17,128,31,36,10,80,13"/><U87/><E115/><V133/><F130/><W77/><G128/><T23/><D32/><U100/><E117/><V120/><F120/><W39/><G107/><T129/><D129/><U88/><E100/><V18/><F133/><W127/><G127/><T91/><D132/><U76/><E24/><V30/><F125/><W124/><G124/><T73/><D73/><U93/><E68/><V114/><F114/><W111/><G116/><T1/><D1/><U53/><E60/><N who="2" m="38279" /><F95/><W9/><G111/><N who="1" m="42570" /><E12/><V47/><F26/><W52/><G31/><N who="2" m="11785" /><F47/><W19/><G46/><T122/><D122/><U64/><E64/><V78/><F78/><W134/><G33/><T2/><D63/><U99/><E7/><V15/><F15/><W96/><G134/><T71/><D103/><U57/><AGARI ba="0,0" hai="40,43,48,53,57,76,82,87,88,93,99" m="42570" machi="57" ten="30,11700,0" yaku="14,1,10,1,52,1,54,1" doraHai="74" who="1" fromWho="1" sc="432,-39,181,117,216,-39,171,-39" /><INIT seed="1,1,0,3,3,103" ten="393,298,177,132" oya="1" hai0="53,29,99,68,5,132,107,76,77,126,61,10,33" hai1="66,130,104,111,3,121,89,127,18,46,93,4,85" hai2="42,88,80,16,100,116,48,41,101,79,135,69,94" hai3="124,0,64,22,37,62,31,92,73,70,112,90,95"/><U120/><E127/><V133/><F116/><W97/><G112/><T102/><D126/><U81/><E66/><V108/><F69/><W30/><G124/><T40/><D40/><N who="2" m="15466" /><F48/><W35/><G37/><T60/><D132/><N who="2" m="50762" /><F108/><W21/><G0/><N who="0" m="295" /><D53/><U87/><E46/><V25/><F16/><W86/><G73/><T128/><D128/><U82/><E18/><V96/><F25/><W13/><G13/><T32/><D61/><U58/><E58/><V51/><F51/><W57/><G70/><T55/><D55/><U84/><E4/><V9/><F9/><W38/><G38/><T20/><D20/><N who="3" m="7785" /><G35/><T125/><D33/><U17/><E17/><V45/><F45/><W14/><G14/><T44/><D44/><U1/><E111/><V36/><F36/><W105/><G105/><T47/><D47/><U106/><E1/><V131/><F131/><W28/><G28/><T110/><D110/><U52/><E3/><V7/><F7/><W11/><G11/><T67/><D125/><U113/><E130/><V65/><F65/><W6/><G6/><T91/><D91/><AGARI ba="1,0" hai="30,31,57,62,64,86,90,91,92,95,97" m="7785" machi="91" ten="30,1000,0" yaku="8,1" doraHai="103" who="3" fromWho="0" sc="393,-13,298,0,177,0,132,13" /><INIT seed="2,0,0,4,4,46" ten="380,298,177,145" oya="2" hai0="5,25,16,131,129,128,132,32,94,61,51,4,30" hai1="93,88,53,86,63,52,24,134,77,33,11,21,121" hai2="42,111,1,64,103,29,110,78,50,66,54,70,109" hai3="98,56,105,81,99,76,72,79,55,112,124,60,34"/><V49/><F1/><W41/><G124/><T122/><D122/><U119/><E119/><V43/><F78/><W82/><G34/><T97/><D132/><U20/><E134/><V133/><F133/><W69/><G112/><T90/><D61/><U118/><E118/><V96/><F29/><W120/><G120/><T126/><D126/><U13/><E121/><V75/><F75/><W6/><G105/><T91/><D16/><N who="1" m="8255" /><E33/><V17/><F17/><W101/><G101/><N who="0" m="60599" /><D51/><N who="2" m="19466" /><F54/><N who="1" m="21097" /><E63/><N who="2" m="40223" /><F66/><W73/><G69/><T116/><D116/><U74/><E74/><V2/><F2/><W58/><G41/><T57/><D57/><U113/><E113/><V85/><F85/><W47/><G47/><T35/><D35/><U83/><E24/><V123/><F123/><W3/><REACH who="3" step="1"/><G56/><REACH who="3" ten="380,298,177,135" step="2"/><T125/><D125/><U9/><E9/><AGARI ba="0,1" hai="3,6,9,55,58,60,72,73,76,79,81,82,98,99" machi="9" ten="40,5200,0" yaku="1,1,2,1,9,1,53,0" doraHai="46" doraHaiUra="23" who="3" fromWho="1" sc="380,0,298,-52,177,0,135,62" /><INIT seed="3,0,0,2,0,46" ten="380,246,177,197" oya="3" hai0="26,1,113,56,134,77,35,89,128,75,110,9,76" hai1="90,43,31,52,48,114,37,107,123,70,47,135,24" hai2="67,59,16,83,118,62,126,23,3,44,60,104,132" hai3="50,65,93,84,100,105,91,33,30,74,6,87,11"/><W42/><G74/><T41/><D75/><U20/><E123/><V101/><F118/><W97/><G65/><T5/><D41/><U10/><E114/><V120/><F3/><W119/><G119/><T2/><D2/><U71/><E135/><V109/><F120/><W66/><G66/><T8/><D8/><U72/><E107/><V124/><F132/><W88/><G33/><T108/><D113/><U63/><E72/><V99/><F109/><N who="0" m="42090" /><D128/><U92/><E10/><V125/><F44/><N who="3" m="25879" /><G105/><T19/><D134/><U133/><E63/><N who="2" m="38399" /><F83/><N who="3" m="49183" /><G30/><N who="0" m="19927" /><D56/><U106/><E106/><V94/><F104/><W34/><G34/><T98/><D19/><U29/><E29/><V130/><F130/><W25/><G25/><AGARI ba="0,0" hai="16,23,25,60,62,94,99,101,124,125,126" m="38399" machi="25" ten="30,2000,0" yaku="18,1,54,1" doraHai="46" who="2" fromWho="3" sc="380,0,246,0,177,20,197,-20" owari="380,48.0,246,4.6,197,-20.3,177,-32.3" /></mjloggm>