<mjloggm ver="2.3"><GO type="225" lobby="0"/><UN n0="%E6%A0%B9%E5%85%83%E3%81%8B%E3%82%89%E5%90%B9%E3%81%A3%E9%A3%9B%E3%81%B6" n1="%72%65%6E%6B%75%6E" n2="%E3%81%99%E3%81%84%E3%81%BE%E3%81%9B%E3%83%BC%E3%82%93" n3="%72%69%6F%75%63%68%61%6E" dan="16,17,16,17" rate="2192.84,2297.23,2117.00,2242.39" sx="F,M,M,M"/><TAIKYOKU oya="0"/><INIT seed="0,0,0,1,3,43" ten="250,250,250,250" oya="0" hai0="61,71,55,68,13,87,98,66,39,18,88,3,54" hai1="118,35,101,63,16,85,62,92,69,20,103,113,129" hai2="51,104,131,9,132,110,100,33,70,50,21,45,59" hai3="64,81,1,0,17,8,112,78,90,122,2,76,108"/><T105/><D3/><U4/><E35/><V30/><F70/><W97/><G112/><T67/><D39/><U95/><E118/><V24/><F110/><W102/><G108/><T74/><D74/><U111/><E113/><V83/><F131/><W119/><G119/><T93/><D105/><U56/><E111/><V47/><F132/><W128/><G128/><T117/><D117/><U94/><E129/><V116/><F116/><W115/><G115/><T107/><D107/><U5/><E69/><V73/><F33/><W106/><G122/><T57/><D98/><U41/><E41/><V114/><F114/><W12/><REACH who="3" step="1"/><G64/><REACH who="3" ten="250,250,250,240" step="2"/><T42/><D67/><N who="1" m="39367" /><E63/><V15/><F104/><W84/><AGARI ba="0,1" hai="0,1,2,8,12,17,76,78,81,84,90,97,102,106" machi="84" ten="40,2700,0" yaku="1,1,0,1,53,0" doraHai="43" doraHaiUra="58" who="3" fromWho="3" sc="250,-13,250,-7,250,-7,240,37" /><INIT seed="1,0,0,3,3,53" ten="237,243,243,277" oya="1" hai0="16,92,24,2,112,48,76,60,119,62,116,94,102" hai1="27,30,100,78,97,63,20,10,71,70,86,57,107" hai2="55,7,18,15,77,0,83,21,127,125,33,59,84" hai3="12,49,51,117,72,98,29,96,52,88,26,106,41"/><U19/><E78/><V75/><F33/><W43/><G117/><T4/><D112/><U9/><E86/><V115/><F115/><W32/><G72/><T58/><D76/><U87/><E87/><V108/><F108/><W90/><G12/><T40/><D2/><U25/><E10/><V95/><F0/><W128/><G128/><T44/><D4/><U5/><E5/><V35/><F35/><W28/><G28/><T46/><D46/><U17/><E17/><V38/><F38/><W91/><G49/><T54/><D102/><U114/><E114/><V14/><F95/><N who="0" m="36394" /><D119/><U133/><E133/><V79/><F79/><W66/><G66/><N who="0" m="39191" /><D116/><U37/><E9/><V123/><F75/><W8/><G8/><T121/><D121/><U6/><E6/><V89/><F77/><W109/><G109/><T126/><D126/><N who="2" m="48138" /><F123/><W129/><G129/><T132/><D132/><U69/><E37/><V80/><F80/><W82/><G82/><T81/><D62/><U113/><E113/><V61/><F7/><W131/><G131/><T56/><D81/><U120/><E120/><V65/><F14/><W11/><G11/><T73/><D73/><U103/><E103/><V23/><F21/><N who="3" m="15567" /><G106/><T130/><D130/><U104/><E104/><V47/><F47/><N who="3" m="27775" /><G32/><T13/><D24/><U1/><E1/><V93/><F83/><W110/><G110/><T118/><D118/><U111/><E111/><V36/><F36/><W22/><G22/><N who="0" m="11535" /><D44/><U31/><REACH who="1" step="1"/><E27/><REACH who="1" ten="237,233,243,277" step="2"/><V85/><F85/><W50/><G41/><AGARI ba="0,1" hai="40,41,48,54,56" m="11535,39191,36394" machi="41" ten="30,7700,0" yaku="8,1,52,2,54,1" doraHai="53" who="0" fromWho="3" sc="237,87,233,0,243,0,277,-77" /><INIT seed="2,0,0,0,3,101" ten="324,233,243,200" oya="2" hai0="96,88,50,127,33,130,111,68,98,46,49,20,67" hai1="122,76,132,27,125,58,21,87,43,47,25,17,72" hai2="48,75,118,104,124,60,34,90,64,39,112,105,31" hai3="3,40,84,83,103,54,99,2,5,128,53,35,134"/><V91/><F112/><W107/><G128/><T115/><D111/><U12/><E122/><V116/><F39/><W10/><G134/><T109/><D109/><U135/><E72/><V131/><F75/><W23/><G35/><T108/><D127/><U69/><E69/><V77/><F77/><W24/><G40/><T28/><D130/><U19/><E125/><V37/><F37/><W71/><G2/><T38/><D33/><U89/><E76/><V106/><F131/><W44/><G71/><T117/><D117/><U26/><E58/><V32/><F124/><W85/><G44/><T41/><D115/><U70/><E70/><V102/><F102/><W1/><G1/><T120/><D120/><U80/><REACH who="1" step="1"/><E17/><REACH who="1" ten="324,223,243,200" step="2"/><V95/><F118/><W56/><G56/><T42/><D68/><U0/><E0/><V57/><F116/><W6/><G6/><T113/><D113/><U4/><E4/><V78/><F78/><W14/><G3/><T65/><D108/><U62/><E62/><V66/><F60/><W30/><REACH who="3" step="1"/><G85/><REACH who="3" ten="324,223,243,190" step="2"/><T36/><D46/><U59/><E59/><V97/><F57/><W119/><G119/><T114/><D114/><U11/><E11/><V129/><F129/><W92/><G92/><T63/><D63/><U100/><E100/><V133/><F95/><W8/><G8/><T82/><D67/><U13/><E13/><V29/><F66/><W15/><G15/><T22/><D65/><U86/><E86/><V73/><F64/><W18/><G18/><T55/><D28/><U7/><E7/><V94/><F29/><W81/><G81/><RYUUKYOKU ba="0,2" sc="324,-15,223,15,243,-15,190,15" hai1="12,19,21,25,26,27,43,47,80,87,89,132,135" hai3="5,10,14,23,24,30,53,54,83,84,99,103,107" /><INIT seed="3,1,2,3,0,87" ten="309,238,228,205" oya="3" hai0="15,95,88,9,104,52,93,39,19,131,122,34,125" hai1="48,49,107,99,54,7,24,106,130,13,105,81,25" hai2="55,67,135,51,37,91,120,40,58,5,128,129,84" hai3="89,23,109,3,72,32,57,4,46,69,8,20,115"/><W41/><G115/><T123/><D104/><U73/><E130/><N who="2" m="50283" /><F135/><W75/><G69/><T86/><D39/><U133/><E133/><V76/><F120/><W78/><G32/><T14/><D34/><U35/><E99/><V100/><F100/><W92/><G109/><T111/><D111/><U43/><E43/><V68/><F76/><W50/><G57/><T11/><D131/><U79/><E35/><V70/><F67/><W96/><REACH who="3" step="1"/><G72/><REACH who="3" ten="309,238,228,195" step="2"/><T60/><D123/><U12/><E49/><V85/><F70/><W134/><G134/><T42/><D122/><U127/><E127/><V116/><F68/><W132/><G132/><T112/><D125/><U118/><E118/><V103/><F116/><W30/><G30/><T53/><D112/><U80/><E80/><AGARI ba="1,3" hai="3,4,8,20,23,41,46,50,75,78,80,89,92,96" machi="80" ten="40,3900,0" yaku="1,1,52,1,53,0" doraHai="87" doraHaiUra="22" who="3" fromWho="1" sc="309,0,238,-42,228,0,195,72" /><INIT seed="3,2,0,1,2,98" ten="309,196,228,267" oya="3" hai0="134,115,97,30,110,129,9,56,92,105,24,117,133" hai1="28,85,48,29,18,14,65,16,20,26,76,104,8" hai2="94,114,25,31,68,70,132,66,13,106,67,53,89" hai3="45,131,87,69,51,74,125,38,0,42,64,37,96"/><W103/><G74/><T81/><D110/><U60/><E104/><V2/><F2/><W22/><G0/><T75/><D129/><U21/><E48/><V113/><F106/><W109/><G131/><T73/><D117/><U1/><E1/><V95/><F132/><N who="0" m="50794" /><D105/><U11/><E76/><V57/><F13/><W3/><G3/><T78/><D56/><N who="1" m="36999" /><E85/><V34/><F95/><W5/><G125/><T99/><D75/><U121/><E121/><V59/><F70/><W102/><G109/><T27/><D9/><U36/><E36/><V61/><F68/><W122/><G122/><T135/><D115/><U119/><E119/><V88/><F89/><W112/><G112/><T120/><D120/><U80/><E80/><V91/><F91/><W6/><G87/><T50/><D50/><U118/><E118/><V62/><F53/><W23/><G37/><T35/><D92/><U4/><E11/><V130/><F130/><W127/><G127/><T7/><D7/><N who="3" m="2569" /><G69/><T44/><D44/><U124/><E124/><V93/><F93/><W33/><G33/><N who="0" m="20679" /><D135/><U128/><E128/><V82/><F82/><W79/><G38/><T12/><D12/><U84/><E84/><AGARI ba="2,0" hai="25,31,34,57,59,61,62,66,67,84,88,94,113,114" machi="84" ten="30,3900,0" yaku="7,1,9,1,54,1" doraHai="98" who="2" fromWho="1" sc="309,0,196,-45,228,45,267,0" owari="309,40.9,151,-34.9,273,7.3,267,-13.3" /></mjloggm>