<mjloggm ver="2.3"><GO type="225" lobby="0"/><UN n0="%6D%75%75%6D%75%72%61" n1="%E3%81%A1%E3%82%85%E3%81%86%E3%81%A9%E3%81%8F%E8%B1%A1%E3%81%95%E3%82%93" n2="%E3%81%95%E3%81%8D%E3%81%9F%E3%81%BE%E6%9E%97%E6%AA%8E" n3="%E3%82%82%E3%81%90%E3%82%89" dan="16,17,16,17" rate="2146.94,2216.14,2100.72,2219.62" sx="F,M,M,M"/><TAIKYOKU oya="0"/><INIT seed="0,0,0,5,1,135" ten="250,250,250,250" oya="0" hai0="122,19,15,56,117,50,64,70,10,4,83,46,108" hai1="63,65,26,45,0,101,20,129,109,21,74,71,28" hai2="104,32,131,88,37,33,96,57,41,119,130,47,95" hai3="67,25,51,18,98,9,134,17,52,102,53,103,125"/><T66/><D117/><U29/><E0/><V127/><F127/><W5/><G134/><T100/><D122/><U1/><E1/><V110/><F110/><W92/><G125/><T27/><D70/><U7/><E74/><V69/><F69/><W81/><G67/><T86/><D108/><U54/><E7/><V8/><F104/><W43/><G103/><T34/><D100/><U79/><E109/><V118/><F57/><W2/><G81/><T62/><D34/><N who="2" m="13418" /><F8/><W80/><G80/><T124/><D124/><U84/><E101/><V97/><F97/><W12/><G25/><T16/><D27/><U120/><E120/><V114/><F114/><W23/><REACH who="3" step="1"/><G18/><REACH who="3" ten="250,250,250,240" step="2"/><T113/><D64/><U105/><E26/><V91/><F91/><W36/><G36/><T112/><D113/><U58/><E65/><V30/><F30/><W99/><G99/><T82/><D112/><U60/><E28/><V68/><F68/><W87/><G87/><T121/><D121/><U126/><E71/><V11/><F119/><W49/><G49/><T13/><D86/><U61/><E84/><V73/><F118/><W133/><G133/><T39/><D39/><U38/><E29/><V93/><F73/><W106/><G106/><T78/><D19/><U123/><E38/><V132/><F132/><W85/><G85/><T76/><D82/><U40/><E105/><V55/><F95/><W48/><G48/><T44/><D83/><U6/><E126/><V111/><F111/><W77/><G77/><N who="0" m="29803" /><D50/><U115/><E79/><V35/><F37/><W94/><G94/><T42/><D42/><RYUUKYOKU ba="0,1" sc="250,15,250,-15,250,-15,240,15" hai0="4,10,13,15,16,44,46,56,62,66" hai3="2,5,9,12,17,23,43,51,52,53,92,98,102" /><INIT seed="0,1,1,5,0,10" ten="265,235,235,255" oya="0" hai0="130,16,133,63,33,17,20,73,8,123,57,38,87" hai1="97,89,135,108,76,119,125,114,56,92,18,83,39" hai2="40,91,118,60,28,112,75,1,26,115,132,86,106" hai3="58,7,102,127,22,113,29,116,46,44,117,47,70"/><T126/><D123/><U34/><E119/><V59/><F132/><W107/><G70/><T88/><D73/><U78/><E34/><V72/><F1/><W74/><G74/><T45/><D33/><U85/><E39/><V98/><F118/><W27/><G113/><T43/><D133/><U95/><E135/><V30/><F40/><W55/><G127/><T120/><D120/><U90/><E56/><V3/><F3/><W67/><G67/><T99/><D126/><U0/><E0/><V12/><F30/><W111/><G7/><T36/><D130/><U69/><E69/><V129/><F129/><W25/><G111/><T48/><D99/><N who="1" m="57743" /><E18/><V79/><F79/><N who="1" m="30249" /><E125/><V100/><F115/><W49/><G107/><T77/><D17/><U128/><E114/><V66/><F112/><W110/><G102/><T42/><D8/><U54/><E54/><V11/><F28/><W68/><G68/><T105/><D77/><N who="1" m="46319" /><E128/><V50/><F50/><W13/><G110/><AGARI ba="1,1" hai="90,95,97,108,110" m="46319,30249,57743" machi="110" ten="30,2000,0" yaku="34,2" doraHai="10" who="1" fromWho="3" sc="265,0,235,33,235,0,255,-23" /><INIT seed="1,0,0,0,3,15" ten="265,268,235,232" oya="1" hai0="94,115,4,0,105,64,99,19,50,14,72,82,12" hai1="127,24,21,88,128,60,61,62,76,87,51,20,2" hai2="79,18,54,103,135,22,86,31,75,32,110,44,123" hai3="119,95,130,73,80,57,66,37,23,25,5,65,10"/><U100/><E2/><V90/><F110/><W55/><G37/><T8/><D115/><U85/><E128/><V74/><F135/><W132/><G130/><T6/><D105/><U121/><E121/><V111/><F123/><W41/><G41/><T120/><D120/><U91/><E127/><V96/><F111/><W9/><G132/><T131/><D131/><U129/><E129/><V63/><F31/><W39/><G39/><T108/><D108/><U34/><E100/><V117/><F117/><W3/><G119/><T97/><D64/><U30/><E76/><V77/><F32/><W83/><G10/><T46/><D0/><U81/><REACH who="1" step="1"/><E51/><REACH who="1" ten="265,258,235,232" step="2"/><V113/><F79/><W68/><G3/><T92/><D50/><U53/><E53/><V40/><F77/><W42/><G66/><T45/><D72/><U118/><E118/><V116/><F116/><W104/><G65/><T17/><D8/><U49/><E49/><V26/><F54/><W11/><G11/><T93/><D93/><AGARI ba="0,1" hai="20,21,24,30,34,60,61,62,81,85,87,88,91,93" machi="93" ten="40,12000,1" yaku="1,1,54,1,53,3" doraHai="15" doraHaiUra="58" who="1" fromWho="0" sc="265,-120,258,130,235,0,232,0" /><INIT seed="1,1,0,1,3,0" ten="145,388,235,232" oya="1" hai0="56,21,113,120,110,9,64,130,3,78,20,86,67" hai1="114,36,39,18,69,109,26,62,42,55,61,57,47" hai2="60,115,123,129,40,29,37,28,94,98,101,8,19" hai3="88,80,104,63,124,72,68,91,99,22,135,45,119"/><U100/><E100/><V5/><F123/><W25/><G124/><T90/><D113/><U117/><E26/><V52/><F115/><W14/><G135/><T125/><D120/><U48/><E18/><V82/><F129/><W16/><G119/><T54/><D130/><U71/><E114/><V77/><F19/><W50/><G72/><T122/><D122/><U6/><E6/><V38/><F38/><N who="1" m="14377" /><E117/><V70/><F37/><W89/><G80/><T35/><D110/><U30/><E30/><V24/><F40/><W27/><G68/><N who="1" m="26186" /><E109/><V111/><F111/><W107/><G63/><AGARI ba="1,0" hai="42,47,48,55,57,61,62,63" m="26186,14377" machi="63" ten="30,12000,1" yaku="35,5" doraHai="0" who="1" fromWho="3" sc="145,0,388,123,235,0,232,-123" /><INIT seed="1,2,0,1,1,70" ten="145,511,235,109" oya="1" hai0="55,118,78,107,41,79,113,110,89,91,43,71,31" hai1="57,63,74,75,64,76,86,128,49,30,39,84,42" hai2="12,72,34,35,38,120,111,109,96,59,9,69,67" hai3="73,44,87,100,125,29,133,122,82,106,94,52,21"/><U11/><E30/><V80/><F120/><W93/><G122/><T116/><D113/><U15/><E128/><V5/><F69/><W92/><G73/><T25/><D71/><U0/><E0/><V105/><F105/><W104/><G133/><T46/><D107/><U8/><E8/><V102/><F72/><W123/><G125/><T81/><D110/><N who="2" m="41994" /><F80/><W129/><G129/><T134/><D134/><U24/><E24/><V2/><F2/><W10/><G10/><T127/><D127/><U26/><E26/><V119/><F119/><W47/><G123/><T130/><D130/><U115/><E115/><V20/><F20/><W16/><G29/><T4/><D4/><U101/><E101/><V54/><F67/><W17/><G17/><T18/><D18/><U7/><E84/><V99/><F38/><W51/><G104/><T58/><D25/><U40/><E40/><V114/><F114/><W103/><G47/><T37/><D31/><U22/><E22/><V65/><F65/><W108/><G106/><T6/><D43/><U28/><E28/><V117/><F117/><W132/><G132/><T62/><D6/><U14/><E14/><V50/><F102/><W135/><G108/><T98/><D118/><U56/><E39/><V121/><F121/><W27/><G135/><T61/><D116/><U68/><E68/><V19/><F5/><W131/><G131/><T97/><D37/><U88/><E76/><AGARI ba="2,0" hai="16,21,27,44,51,52,76,82,87,92,93,94,100,103" machi="76" ten="40,5200,0" yaku="8,1,54,2" doraHai="70" who="3" fromWho="1" sc="145,0,511,-58,235,0,109,58" /><INIT seed="2,0,0,3,2,109" ten="145,453,235,167" oya="2" hai0="84,17,5,16,89,58,128,4,83,40,86,94,31" hai1="26,99,3,123,61,56,52,82,104,42,13,129,45" hai2="79,8,76,66,38,91,63,87,122,1,65,41,29" hai3="85,110,74,113,30,69,81,103,19,90,115,25,72"/><V111/><F122/><W78/><G69/><T100/><D128/><U68/><E123/><V33/><F111/><W95/><G110/><T126/><D126/><U67/><E3/><V46/><F33/><W124/><G124/><T15/><D31/><U36/><E129/><V0/><F29/><W60/><G60/><T20/><D40/><U48/><E82/><V98/><F98/><W37/><G37/><T71/><D71/><U88/><E26/><V112/><F112/><N who="3" m="43083" /><G19/><T101/><D17/><U127/><E127/><V55/><F55/><W75/><G103/><N who="0" m="39499" /><D58/><U34/><E34/><AGARI ba="0,0" hai="25,30,34,72,74,75,78,81,85,90,95" m="43083" machi="34" ten="30,7700,0" yaku="11,1,52,3" doraHai="109" who="3" fromWho="1" sc="145,0,453,-77,235,0,167,77" /><INIT seed="3,0,0,0,2,34" ten="145,376,235,244" oya="3" hai0="103,106,100,42,33,92,77,89,130,72,25,9,64" hai1="71,31,2,74,1,123,104,52,120,131,129,111,115" hai2="110,85,7,135,78,38,67,65,63,108,37,109,18" hai3="13,133,79,88,73,81,80,16,53,40,4,21,46"/><W127/><G127/><T28/><D130/><N who="1" m="49675" /><E115/><V0/><F135/><W76/><G133/><T69/><D42/><U15/><E104/><V84/><F18/><W3/><G53/><T124/><D124/><U119/><E119/><V96/><F96/><W114/><G114/><T112/><D112/><U11/><E111/><V126/><F126/><W29/><G29/><T36/><D36/><N who="2" m="13930" /><F78/><W98/><G79/><T107/><D72/><U59/><E71/><N who="2" m="42431" /><F67/><W14/><G14/><T26/><D77/><U6/><E31/><V24/><F24/><W90/><G81/><T5/><D107/><U86/><E86/><V134/><F134/><W122/><G98/><T17/><D106/><U47/><E47/><V75/><F75/><W10/><REACH who="3" step="1"/><G122/><REACH who="3" ten="145,376,235,234" step="2"/><N who="1" m="46634" /><E74/><V117/><F117/><W66/><G66/><T125/><D125/><U82/><E82/><V91/><F110/><W105/><G105/><T43/><D28/><U48/><AGARI ba="0,1" hai="1,2,6,11,15,48,52,59" m="46634,49675" machi="48" ten="30,7900,0" yaku="19,1,52,2,54,1" doraHai="34" who="1" fromWho="1" sc="145,-20,376,89,235,-20,234,-39" owari="125,-37.5,465,56.5,215,1.5,195,-20.5" /></mjloggm>