<mjloggm ver="2.3"><GO type="225" lobby="0"/><UN n0="%6D%75%75%6D%75%72%61" n1="%E9%80%9F%E6%B0%B4%E5%87%9B%E9%A6%99" n2="%E3%83%B4%E3%82%A3%E3%83%AF%E3%82%B3%E3%82%B0%E3%83%8B" n3="%E3%83%A9%E3%82%B9%E7%8E%87%EF%BC%93%E5%89%B2" dan="17,16,16,16" rate="2169.14,2126.50,2182.86,2159.36" sx="F,F,M,F"/><TAIKYOKU oya="0"/><INIT seed="0,0,0,0,2,8" ten="250,250,250,250" oya="0" hai0="89,42,102,61,7,21,64,76,101,118,43,126,130" hai1="48,24,129,82,108,133,90,98,95,125,88,19,109" hai2="74,69,127,92,30,54,110,26,20,114,22,86,65" hai3="45,117,35,34,23,38,33,68,96,128,37,41,13"/><T1/><D118/><U49/><E133/><V75/><F114/><W17/><G117/><T66/><D130/><U121/><E121/><V72/><F110/><N who="1" m="42601" /><E129/><V25/><F127/><W29/><G128/><T122/><D122/><U94/><E82/><V67/><F69/><W58/><G68/><T93/><D126/><U103/><E125/><V81/><F54/><W83/><G38/><T124/><D124/><U123/><E123/><V104/><F92/><W27/><G96/><T5/><D76/><U70/><E70/><V87/><F104/><W63/><REACH who="3" step="1"/><G83/><REACH who="3" ten="250,250,250,240" step="2"/><T36/><D36/><U53/><E103/><V40/><F81/><W16/><G16/><T84/><D102/><U28/><E19/><V46/><F87/><W85/><G85/><T14/><D101/><U9/><E98/><V47/><F86/><W97/><G97/><T0/><D84/><U44/><E95/><V55/><F74/><W116/><G116/><T131/><D131/><U51/><E94/><V56/><F72/><W4/><G4/><T106/><D5/><U2/><E90/><V10/><F75/><W91/><G91/><T80/><D80/><U73/><E88/><V77/><F77/><W15/><G15/><T115/><D89/><U99/><E99/><V78/><F78/><W52/><AGARI ba="0,1" hai="13,17,23,27,29,33,34,35,37,41,45,52,58,63" machi="52" ten="20,12000,2" yaku="1,1,0,1,7,1,52,1,54,1,53,1" doraHai="8" doraHaiUra="39" who="3" fromWho="3" sc="250,-60,250,-30,250,-30,240,130" /><INIT seed="1,0,0,3,5,134" ten="190,220,220,370" oya="1" hai0="9,125,71,52,32,108,92,59,89,68,100,133,87" hai1="27,124,43,77,56,120,46,130,111,4,78,6,69" hai2="127,63,122,65,60,15,55,121,1,10,88,113,31" hai3="86,24,131,115,64,13,22,44,19,128,106,112,17"/><U110/><E120/><V75/><F75/><W34/><G106/><T2/><D133/><U103/><E69/><V80/><F1/><W18/><G64/><T105/><D32/><U53/><E103/><V40/><F40/><W83/><G44/><T23/><D108/><N who="1" m="41515" /><E27/><V82/><F31/><N who="3" m="19815" /><G86/><T116/><D116/><U135/><E135/><V30/><F127/><W85/><G85/><T91/><D125/><U102/><E102/><V79/><F30/><W57/><G57/><T129/><D129/><N who="3" m="49737" /><G83/><T97/><D91/><U114/><E114/><AGARI ba="0,0" hai="13,17,18,19,22,112,114,115" m="49737,19815" machi="114" ten="30,3900,0" yaku="19,1,34,2" doraHai="134" who="3" fromWho="1" sc="190,0,220,-39,220,0,370,39" /><INIT seed="2,0,0,4,2,57" ten="190,181,220,409" oya="2" hai0="0,31,113,87,127,116,29,21,75,45,14,16,126" hai1="103,132,22,77,66,64,111,17,37,39,49,109,72" hai2="48,102,91,76,115,90,20,120,18,23,59,123,5" hai3="34,97,11,85,62,60,52,53,10,65,94,81,86"/><V92/><F115/><W79/><G34/><T43/><D113/><U119/><E119/><V56/><F5/><W44/><G86/><T117/><D75/><U42/><E103/><V36/><F36/><N who="1" m="13897" /><E77/><V46/><F120/><W28/><G28/><T80/><D0/><U84/><E72/><V106/><F123/><W134/><G134/><T93/><D93/><U101/><E84/><V114/><F114/><W68/><G62/><T73/><D73/><U8/><E8/><V41/><F106/><W112/><G112/><T100/><D100/><U15/><E101/><V58/><F76/><W6/><G44/><T2/><D2/><U69/><E69/><V61/><F20/><W24/><G24/><T96/><D96/><U83/><E83/><V89/><F102/><W129/><G129/><T71/><D71/><U130/><E130/><V32/><F32/><W55/><REACH who="3" step="1"/><G6/><REACH who="3" ten="190,181,220,399" step="2"/><T122/><D122/><U26/><E26/><N who="2" m="14711" /><F92/><W108/><G108/><N who="1" m="41546" /><E132/><V35/><F35/><W4/><G4/><T63/><D31/><U121/><E121/><V50/><F50/><W107/><G107/><T82/><D29/><U25/><E25/><V38/><F38/><W74/><G74/><T110/><D110/><U88/><E49/><V30/><F30/><W95/><G95/><T67/><D117/><U13/><E42/><V1/><F48/><W133/><G133/><T9/><D116/><U7/><E7/><V125/><F41/><W135/><G135/><T3/><D43/><U105/><E105/><V99/><F1/><W78/><G78/><T98/><D3/><U33/><E33/><RYUUKYOKU ba="0,1" sc="190,-10,181,-10,220,-10,399,30" hai3="10,11,52,53,55,60,65,68,79,81,85,94,97" /><INIT seed="3,1,1,4,1,109" ten="180,171,210,429" oya="3" hai0="128,45,51,58,2,89,106,44,69,24,16,76,107" hai1="90,57,29,28,105,38,72,11,93,9,82,88,120" hai2="113,84,37,130,104,54,115,123,110,50,121,96,78" hai3="71,32,61,41,68,83,126,7,75,95,62,100,53"/><W42/><G32/><T112/><D69/><U118/><E105/><V94/><F37/><W27/><G27/><T77/><D2/><U4/><E38/><V40/><F40/><W79/><G7/><T23/><D107/><U49/><E120/><N who="2" m="46155" /><F130/><W0/><G0/><T132/><D106/><U122/><E122/><V92/><F110/><W25/><G25/><T91/><D128/><U134/><E134/><V101/><F78/><N who="0" m="30314" /><D132/><U124/><E124/><V129/><F129/><W31/><G31/><N who="1" m="11850" /><E72/><V86/><F94/><W60/><G95/><T114/><D114/><N who="2" m="43530" /><F104/><W22/><G79/><T127/><D127/><U135/><E135/><V8/><F8/><N who="1" m="3145" /><E118/><V47/><AGARI ba="1,1" hai="47,50,54,84,86,92,96,101" m="43530,46155" machi="47" ten="30,7900,0" yaku="13,1,52,3" doraHai="109" who="2" fromWho="2" sc="180,-21,171,-21,210,92,429,-40" owari="159,-24.1,150,-35.0,302,10.2,389,48.9" /></mjloggm>