<mjloggm ver="2.3"><GO type="225" lobby="0"/><UN n0="%E3%81%BD%E3%81%A1%E3%81%9F%E3%81%93%E3%82%84" n1="%E4%B8%89%E5%88%86%E5%B0%8F%E5%83%A7" n2="%6D%75%75%73%61%6E%6D%75" n3="%E9%B3%B3%E6%9D%B1%E3%81%AE%E3%81%86%E3%81%95%E3%81%8E%E3%81%95%E3%82%93" dan="17,16,16,17" rate="2202.43,2083.84,2075.21,2204.40" sx="M,M,F,M"/><TAIKYOKU oya="0"/><INIT seed="0,0,0,5,5,103" ten="250,250,250,250" oya="0" hai0="80,104,55,2,114,133,70,26,9,43,44,115,42" hai1="32,84,67,31,40,49,20,111,6,74,75,110,81" hai2="127,1,68,45,129,48,57,46,17,79,71,85,11" hai3="4,134,22,10,132,121,116,18,25,99,91,16,135"/><T23/><D70/><U86/><E32/><V64/><F129/><W5/><G116/><T108/><D133/><U41/><E67/><V124/><F79/><W72/><G72/><T62/><D104/><U3/><E3/><V69/><F85/><W76/><G76/><T82/><D108/><N who="1" m="41515" /><E6/><N who="3" m="2666" /><G91/><T131/><D2/><U28/><E49/><V65/><F1/><W97/><G97/><T112/><D9/><U39/><E39/><V93/><F93/><W92/><G92/><T118/><D118/><U73/><E86/><V24/><F11/><W126/><G99/><T106/><D131/><U60/><E60/><N who="2" m="37903" /><F17/><N who="3" m="12495" /><G126/><N who="2" m="48169" /><F24/><W0/><G121/><T50/><D106/><U94/><E94/><V88/><F88/><W90/><G90/><T123/><D123/><U51/><E84/><V34/><F34/><W87/><G87/><T78/><D78/><U12/><E81/><V38/><F38/><W15/><G0/><T37/><D37/><U19/><E51/><V63/><F46/><W56/><G56/><T36/><D36/><U113/><E75/><V47/><F45/><W96/><G96/><T100/><D100/><U61/><E74/><V105/><F105/><W83/><G83/><N who="0" m="31787" /><D62/><U119/><E61/><V54/><AGARI ba="0,0" hai="47,48,54,63,65,68,69,71" m="48169,37903" machi="54" ten="30,4000,0" yaku="18,1,34,2" doraHai="103" who="2" fromWho="2" sc="250,-20,250,-10,250,40,250,-10" /><INIT seed="1,0,0,3,4,31" ten="230,240,290,240" oya="1" hai0="48,7,3,24,47,130,13,98,84,76,112,34,90" hai1="75,11,103,36,27,39,21,67,63,66,42,100,131" hai2="81,128,54,2,26,16,113,77,87,134,70,122,58" hai3="109,30,41,55,64,115,60,85,80,43,45,62,57"/><U127/><E75/><V82/><F122/><W107/><G109/><T79/><D3/><U9/><E127/><V129/><F70/><W6/><G115/><T1/><D1/><U105/><E131/><N who="2" m="50251" /><F2/><W49/><G107/><T96/><D112/><U108/><E108/><V8/><F113/><W20/><G6/><T123/><D123/><U104/><E42/><V40/><F40/><W97/><G97/><N who="0" m="37483" /><D34/><U78/><E78/><V18/><F134/><W51/><G60/><T4/><D24/><U102/><E63/><N who="2" m="36311" /><F8/><N who="1" m="3145" /><E21/><V120/><F120/><W56/><G20/><T74/><D74/><U38/><E27/><V133/><F133/><W23/><G23/><T72/><D72/><U118/><E118/><V135/><F135/><W92/><G30/><T71/><D71/><U106/><AGARI ba="0,0" hai="36,38,39,66,67,100,102,103,104,105,106" m="3145" machi="106" ten="50,12000,1" yaku="29,2,28,2" doraHai="31" who="1" fromWho="1" sc="230,-40,240,120,290,-40,240,-40" /><INIT seed="1,1,0,1,2,26" ten="190,360,250,200" oya="1" hai0="53,105,69,129,45,87,94,133,134,122,95,85,15" hai1="71,39,22,2,57,51,83,100,56,23,104,37,30" hai2="10,33,47,34,111,119,5,25,29,31,12,72,48" hai3="121,67,70,24,114,125,124,8,41,49,36,79,60"/><U84/><E71/><V44/><F119/><W132/><G121/><T58/><D105/><U64/><E2/><V80/><F111/><W18/><G114/><T54/><D69/><U99/><E57/><V74/><F80/><W75/><G36/><T62/><D122/><U0/><E0/><V128/><F128/><W97/><G132/><N who="0" m="50795" /><D129/><U120/><E120/><V91/><F91/><W88/><G79/><T40/><D54/><U73/><E73/><V21/><F47/><W78/><G78/><T109/><D109/><U77/><E22/><V98/><F98/><W93/><G75/><T68/><D68/><U43/><E43/><V102/><F21/><W112/><G112/><T110/><D15/><U32/><E32/><V42/><F102/><W86/><G97/><T82/><D110/><U52/><E64/><V103/><F103/><W66/><G66/><T81/><D81/><U28/><REACH who="1" step="1"/><E23/><REACH who="1" ten="190,350,250,200" step="2"/><V76/><F72/><W14/><REACH who="3" step="1"/><G24/><REACH who="3" ten="190,350,250,190" step="2"/><T50/><D85/><U9/><E9/><V63/><F74/><W135/><G135/><T17/><D17/><U65/><E65/><V116/><F25/><W101/><G101/><T115/><D115/><U55/><E55/><V19/><F19/><W27/><G27/><T123/><D123/><U131/><E131/><V20/><F42/><W96/><G96/><T127/><D87/><U61/><E61/><V1/><F63/><W107/><G107/><T16/><D16/><U7/><E7/><V130/><F5/><W6/><G6/><T118/><D62/><U35/><E35/><V89/><F130/><W92/><G92/><RYUUKYOKU ba="1,2" sc="190,-15,350,15,250,-15,190,15" hai1="28,30,37,39,51,52,56,77,83,84,99,100,104" hai3="8,14,18,41,49,60,67,70,86,88,93,124,125" /><INIT seed="1,2,2,4,4,49" ten="175,365,235,205" oya="1" hai0="129,99,4,84,2,68,98,133,0,19,105,30,66" hai1="126,65,124,45,37,74,39,87,13,106,75,6,127" hai2="69,26,95,85,122,9,17,11,112,50,80,100,56" hai3="110,128,86,15,47,41,79,38,53,108,115,94,24"/><U109/><E106/><V121/><F69/><W8/><G115/><T27/><D129/><U91/><E65/><V92/><F112/><W81/><G128/><T90/><D133/><U89/><E109/><V120/><F100/><W96/><G24/><T117/><D19/><U101/><E101/><V77/><F11/><W78/><G78/><T34/><D117/><U22/><E22/><V42/><F42/><W32/><G32/><T59/><D4/><U35/><E35/><V20/><F9/><W29/><G29/><T125/><D125/><U51/><E6/><V67/><F67/><W25/><G25/><T5/><D68/><U88/><E13/><V107/><F107/><W63/><G15/><T31/><D31/><U7/><E87/><V36/><F36/><N who="1" m="13897" /><E7/><V58/><F58/><W3/><G8/><N who="0" m="2087" /><D105/><U82/><E82/><V72/><F85/><W131/><G131/><T10/><D10/><U18/><E18/><V40/><F40/><AGARI ba="2,2" hai="40,45,51,74,75,88,89,91,124,126,127" m="13897" machi="40" ten="40,3900,0" yaku="18,1,54,1" doraHai="49" who="1" fromWho="2" sc="175,0,365,65,235,-45,205,0" /><INIT seed="1,3,0,0,4,17" ten="175,430,190,205" oya="1" hai0="21,42,33,71,91,108,25,4,114,93,51,109,28" hai1="14,132,126,12,98,90,40,15,58,78,125,134,105" hai2="85,69,80,1,8,122,36,44,89,97,26,43,61" hai3="121,86,67,34,100,106,52,27,77,5,82,133,79"/><U88/><E78/><V84/><F122/><W72/><G121/><T99/><D114/><U70/><E70/><V29/><F97/><W76/><G133/><N who="1" m="51306" /><E40/><V75/><F75/><W123/><G123/><T118/><D118/><U37/><E37/><V66/><F84/><W129/><G67/><T87/><D71/><U131/><E58/><V46/><F46/><W110/><G110/><N who="0" m="42603" /><D4/><U103/><E131/><V0/><REACH who="2" step="1"/><F8/><REACH who="2" ten="175,430,180,205" step="2"/><W3/><G86/><T115/><D115/><U32/><E32/><AGARI ba="3,1" hai="0,1,26,29,32,36,43,44,61,66,69,80,85,89" machi="32" ten="30,3900,0" yaku="1,1,2,1,7,1,53,0" doraHai="17" doraHaiUra="45" who="2" fromWho="1" sc="175,0,430,-48,180,58,205,0" /><INIT seed="2,0,0,4,5,97" ten="175,382,238,205" oya="2" hai0="110,18,77,12,11,62,98,127,19,21,35,105,125" hai1="24,48,60,122,43,26,75,82,74,36,13,124,4" hai2="72,46,100,78,116,128,95,118,86,87,45,63,1" hai3="49,41,92,80,135,14,23,121,123,79,81,103,31"/><V44/><F1/><W42/><G135/><T0/><D35/><U73/><E36/><V20/><F72/><W114/><G114/><T55/><D110/><U91/><E124/><N who="0" m="47689" /><D77/><U101/><E101/><V61/><F128/><W9/><G123/><T109/><D109/><U93/><E82/><N who="3" m="31850" /><G79/><T8/><D0/><U68/><E122/><V6/><F78/><W66/><G66/><T94/><D105/><U108/><E108/><V119/><F6/><N who="3" m="3383" /><G49/><T64/><D19/><U37/><E37/><V111/><F111/><W115/><G115/><T7/><D7/><U126/><E68/><V33/><F33/><W130/><G130/><T47/><D64/><U51/><E51/><V96/><REACH who="2" step="1"/><F20/><REACH who="2" ten="175,382,228,205" step="2"/><W117/><G121/><T50/><D62/><AGARI ba="0,1" hai="44,45,46,61,62,63,86,87,95,96,100,116,118,119" machi="62" ten="50,9600,0" yaku="1,1,2,1,52,1,53,0" doraHai="97" doraHaiUra="25" who="2" fromWho="0" sc="175,-96,382,0,228,106,205,0" /><INIT seed="2,1,0,0,2,103" ten="79,382,334,205" oya="2" hai0="69,37,102,101,32,98,125,22,64,83,104,135,13" hai1="110,62,114,93,127,59,84,57,24,81,85,80,17" hai2="63,108,19,53,74,87,79,71,90,55,45,12,115" hai3="26,123,10,48,134,41,18,11,126,1,113,72,97"/><V67/><F115/><W44/><G113/><T0/><D32/><U76/><E110/><V96/><F108/><W16/><G123/><T42/><D0/><U86/><E127/><V43/><F74/><W14/><G126/><T92/><D125/><U50/><E93/><V56/><F79/><W28/><G134/><T4/><D135/><U33/><E33/><V3/><F3/><W105/><G72/><T66/><D69/><U133/><E114/><V23/><F96/><W51/><G51/><T128/><D128/><U34/><E34/><V75/><F75/><W39/><G39/><T40/><D83/><U129/><E129/><V122/><F122/><W52/><G105/><T119/><D119/><U89/><E85/><V70/><F70/><W100/><G41/><N who="0" m="15979" /><D104/><U94/><E81/><V36/><REACH who="2" step="1"/><F71/><REACH who="2" ten="79,382,324,205" step="2"/><W73/><G1/><T130/><D130/><U112/><E133/><V132/><F132/><W15/><G73/><T7/><D37/><U121/><E112/><V27/><F27/><W111/><G111/><T78/><D78/><U29/><E121/><V5/><F5/><N who="0" m="2122" /><D102/><U35/><E76/><V54/><F54/><W8/><G100/><T61/><D61/><U95/><E62/><V91/><F91/><W20/><REACH who="3" step="1"/><G97/><REACH who="3" ten="79,382,324,195" step="2"/><T106/><D106/><U6/><E89/><V60/><F60/><W117/><G117/><T25/><D13/><AGARI ba="1,2" hai="8,10,11,13,14,15,16,18,20,26,28,44,48,52" machi="13" ten="40,8000,1" yaku="1,1,8,1,54,2,53,0" doraHai="103" doraHaiUra="65" who="3" fromWho="0" sc="79,-83,382,0,324,0,195,103" owari="-4,-50.4,382,48.2,324,12.4,298,-10.2" /></mjloggm>