<mjloggm ver="2.3"><GO type="225" lobby="0"/><UN n0="%E7%BD%AA%E5%88%91%E6%B3%95%E5%AE%9A%E4%B8%BB%E7%BE%A9" n1="%43%68%65" n2="%E3%81%95%E3%81%8D%E3%81%9F%E3%81%BE%E6%9E%97%E6%AA%8E" n3="%E7%89%B9%E6%9D%B1%E3%81%AF%E4%B8%96%E7%95%8C%E3%82%92%E6%95%91%E3%81%86" dan="16,16,16,16" rate="2164.20,2104.30,2112.07,2095.91" sx="M,M,M,M"/><TAIKYOKU oya="0"/><INIT seed="0,0,0,0,0,74" ten="250,250,250,250" oya="0" hai0="83,17,35,126,112,33,91,98,68,81,24,9,123" hai1="28,106,48,21,72,5,65,55,67,70,37,26,56" hai2="124,115,109,57,73,77,3,2,1,8,36,92,85" hai3="66,13,29,39,110,100,79,51,120,22,107,102,61"/><T78/><D123/><U11/><E106/><V41/><F109/><W94/><G39/><T132/><D112/><U53/><E37/><V59/><F115/><W63/><G107/><T40/><D68/><U108/><E70/><V97/><F85/><W113/><G113/><T130/><D132/><U18/><E108/><V121/><F121/><W12/><G110/><T45/><D126/><U6/><E72/><V87/><F87/><W32/><G32/><T129/><D98/><U135/><E135/><V0/><F124/><W93/><G51/><N who="0" m="27047" /><D91/><U131/><E131/><N who="0" m="50185" /><D83/><U84/><E6/><N who="2" m="1095" /><F59/><W27/><G120/><T49/><D49/><U122/><E122/><V7/><F57/><W62/><G66/><T47/><D47/><U60/><E84/><V103/><F7/><W71/><G71/><T116/><D116/><U30/><E67/><V114/><F114/><W15/><REACH who="3" step="1"/><G79/><REACH who="3" ten="250,250,250,240" step="2"/><T46/><D35/><U101/><E65/><V96/><F77/><W89/><G89/><T105/><D105/><U23/><E101/><AGARI ba="0,1" hai="12,13,15,22,27,29,61,62,63,93,94,100,101,102" machi="101" ten="40,2600,0" yaku="1,1,8,1,53,0" doraHai="74" doraHaiUra="119" who="3" fromWho="1" sc="250,0,250,-26,250,0,240,36" /><INIT seed="1,0,0,0,1,83" ten="250,224,250,276" oya="1" hai0="80,44,20,111,57,35,38,89,7,29,114,105,86" hai1="130,12,37,135,124,21,118,30,50,46,2,32,42" hai2="24,93,119,17,90,51,115,56,28,31,63,113,13" hai3="55,58,134,60,18,78,88,39,120,62,61,91,68"/><U43/><E118/><V79/><F79/><W72/><G120/><T4/><D114/><N who="2" m="43530" /><F119/><W96/><G39/><T53/><D105/><U85/><E2/><V125/><F125/><W54/><G134/><T98/><D35/><U1/><E1/><V36/><F36/><W122/><G122/><T109/><D98/><U71/><E71/><V110/><F110/><N who="0" m="41994" /><D44/><U52/><E135/><V34/><F34/><W41/><G41/><T26/><D38/><U47/><E124/><V76/><F76/><W104/><G18/><T123/><D123/><U82/><E130/><V101/><F101/><W131/><G131/><T103/><D103/><U73/><E73/><V75/><F51/><AGARI ba="0,0" hai="4,7,20,26,29,51,53,57,80,86,89" m="41994" machi="51" ten="30,2000,0" yaku="14,1,52,1" doraHai="83" who="0" fromWho="2" sc="250,20,224,0,250,-20,276,0" /><INIT seed="2,0,0,3,3,64" ten="270,224,230,276" oya="2" hai0="81,74,93,97,61,102,124,56,27,84,129,15,17" hai1="82,41,24,4,108,114,115,37,89,69,127,0,80" hai2="101,57,32,11,20,53,2,76,120,25,1,38,67" hai3="39,72,85,36,75,104,43,55,121,116,10,88,125"/><V78/><F120/><W35/><G121/><T6/><D129/><U28/><E69/><V118/><F118/><W65/><G116/><T33/><D124/><U48/><E37/><V87/><F32/><W30/><G104/><T66/><D74/><U54/><E41/><V98/><F67/><W42/><G125/><T14/><D6/><U131/><E127/><V128/><F128/><W135/><G65/><T5/><D5/><U58/><E131/><V86/><F38/><W3/><G135/><T70/><D70/><U77/><E108/><V134/><F134/><W123/><G123/><T106/><D106/><U94/><E4/><V46/><F46/><W18/><G55/><T130/><D130/><U7/><E7/><V73/><F73/><W60/><G60/><T34/><D14/><U29/><E0/><V132/><F132/><W83/><G3/><T122/><D27/><U23/><E29/><N who="2" m="17575" /><F11/><W22/><G10/><T91/><REACH who="0" step="1"/><D122/><REACH who="0" ten="260,224,230,276" step="2"/><U126/><E126/><V71/><F71/><W21/><G75/><T105/><D105/><U96/><E80/><V103/><F1/><W16/><G83/><T92/><D92/><U79/><E79/><V62/><F2/><W90/><G72/><AGARI ba="0,1" hai="23,24,28,48,54,58,72,77,82,89,94,96,114,115" machi="72" ten="30,1000,0" yaku="7,1" doraHai="64" who="1" fromWho="3" sc="260,0,224,20,230,0,276,-10" /><INIT seed="3,0,0,0,2,126" ten="260,244,230,266" oya="3" hai0="12,4,1,78,117,0,25,5,44,19,93,26,54" hai1="97,35,110,59,132,76,9,60,53,107,11,40,113" hai2="124,102,57,63,83,33,37,16,106,70,13,58,114" hai3="36,77,51,34,84,2,65,91,80,81,119,108,103"/><W115/><G115/><T101/><D117/><U92/><E113/><V75/><F114/><W56/><G119/><T89/><D78/><U32/><E107/><V95/><F106/><W100/><G36/><T50/><D101/><U31/><E110/><V82/><F124/><W43/><G2/><T24/><D0/><U38/><E76/><V98/><F37/><W116/><G34/><T133/><D133/><U135/><E40/><V123/><F33/><N who="1" m="12873" /><E31/><V73/><F123/><W67/><G116/><T47/><D47/><U90/><E38/><V88/><F73/><W61/><G108/><T42/><D42/><U39/><E39/><V129/><F129/><W86/><REACH who="3" step="1"/><G67/><REACH who="3" ten="260,244,230,256" step="2"/><T46/><D1/><U30/><E135/><V18/><F75/><W118/><G118/><T10/><REACH who="0" step="1"/><D46/><AGARI ba="0,1" hai="43,46,51,56,61,65,77,80,81,84,86,91,100,103" machi="46" ten="40,3900,0" yaku="1,1,8,1,53,0" doraHai="126" doraHaiUra="21" who="3" fromWho="0" sc="260,-39,244,0,230,0,256,49" owari="221,-27.9,244,4.4,230,-17.0,305,40.5" /></mjloggm>