<mjloggm ver="2.3"><GO type="225" lobby="0"/><UN n0="%E5%BE%AE%E5%B7%AE%E3%81%AE%E4%BD%95%E5%88%87%E3%82%8B%EF%BC%9C%E9%81%8B" n1="%E5%A4%9C%E5%85%89%E5%A4%A9%E6%A5%BC" n2="%6D%75%75%73%61%6E%6D%75" n3="%E3%83%A9%E3%83%BC%E3%83%A1%E3%83%B3%E4%BA%94%E9%83%8E" dan="16,16,16,16" rate="2132.24,2097.39,2102.47,2078.79" sx="M,F,F,M"/><TAIKYOKU oya="0"/><INIT seed="0,0,0,1,2,54" ten="250,250,250,250" oya="0" hai0="25,78,129,39,29,95,88,83,84,71,89,124,135" hai1="49,2,12,4,70,34,9,0,31,36,101,50,96" hai2="73,107,133,51,134,1,79,65,10,5,86,76,61" hai3="19,13,35,43,27,127,98,47,119,106,15,80,128"/><T53/><D129/><U114/><E36/><V63/><F107/><W99/><G119/><T109/><D135/><N who="2" m="51722" /><F73/><W131/><G127/><T42/><D124/><U21/><E70/><N who="2" m="42287" /><F86/><W113/><G113/><T115/><D115/><U26/><E114/><V105/><F105/><W92/><G106/><T45/><D71/><U110/><E110/><V116/><F116/><W100/><G80/><T102/><D109/><U23/><E2/><V24/><F51/><W69/><G99/><T62/><D102/><U85/><E85/><V120/><F120/><W56/><G69/><T44/><D95/><N who="1" m="58527" /><E23/><V74/><F74/><W38/><G35/><T91/><D45/><U93/><E93/><V17/><F63/><W123/><G123/><T121/><D121/><U122/><E122/><V117/><F117/><W77/><G131/><T58/><REACH who="0" step="1"/><D78/><REACH who="0" ten="240,250,250,250" step="2"/><U40/><E40/><V111/><F111/><W64/><G77/><T130/><D130/><U97/><E97/><V33/><F33/><AGARI ba="0,1" hai="25,29,33,39,42,44,53,58,62,83,84,88,89,91" machi="33" ten="30,12000,1" yaku="1,1,7,1,52,1,54,1,53,1" doraHai="54" doraHaiUra="57" who="0" fromWho="2" sc="240,130,250,0,250,-120,250,0" /><INIT seed="0,1,0,3,4,0" ten="370,250,130,250" oya="0" hai0="124,68,39,18,13,36,27,70,63,97,71,107,48" hai1="67,24,131,118,74,17,76,14,119,45,96,122,9" hai2="78,126,110,113,53,38,42,58,135,6,12,102,129" hai3="117,29,46,51,44,21,64,22,56,7,32,55,66"/><T120/><D124/><U47/><E122/><V83/><F113/><W73/><G117/><T98/><D120/><U50/><E131/><V57/><F126/><W19/><G73/><T89/><D63/><U93/><E67/><N who="3" m="25642" /><G32/><T34/><D48/><U82/><E24/><V28/><F129/><W59/><G46/><T4/><D107/><U23/><E47/><V1/><F1/><W108/><G108/><T26/><D89/><U33/><E23/><V115/><F115/><W79/><G79/><T60/><D60/><U91/><REACH who="1" step="1"/><E33/><REACH who="1" ten="370,240,130,250" step="2"/><V134/><F110/><W20/><G22/><T104/><D34/><U94/><E94/><V84/><F134/><W30/><G21/><T62/><D104/><U90/><E90/><V10/><F135/><W101/><G20/><T92/><D27/><U123/><E123/><V31/><F102/><W75/><G101/><T121/><D26/><U43/><AGARI ba="1,1" hai="9,14,17,43,45,50,74,76,82,91,93,96,118,119" machi="43" ten="20,2700,0" yaku="1,1,0,1,7,1,53,0" doraHai="0" doraHaiUra="65" who="1" fromWho="1" sc="370,-14,240,40,130,-8,250,-8" /><INIT seed="1,0,0,5,4,80" ten="356,280,122,242" oya="1" hai0="62,56,97,126,64,3,61,46,49,18,28,40,45" hai1="93,67,125,73,76,10,81,69,12,107,100,99,47" hai2="90,52,58,115,48,94,17,110,15,119,108,113,98" hai3="75,34,124,1,114,123,6,82,7,36,85,9,83"/><U92/><E125/><V91/><F119/><W14/><G123/><T117/><D3/><U132/><E132/><V68/><F68/><W43/><G114/><T78/><D28/><U86/><E67/><V32/><F32/><W38/><G34/><T31/><D31/><U79/><E69/><V5/><F5/><W120/><G120/><T35/><D35/><U41/><E79/><V29/><F29/><W103/><G124/><T101/><D126/><U57/><E57/><V96/><F96/><W54/><G103/><T24/><D78/><U135/><E73/><V109/><REACH who="2" step="1"/><F91/><REACH who="2" ten="356,280,112,242" step="2"/><W87/><G7/><T59/><D117/><U27/><E135/><V116/><F116/><W121/><G6/><T111/><D111/><U16/><REACH who="1" step="1"/><E27/><REACH who="1" ten="356,270,112,242" step="2"/><V53/><F53/><W112/><G54/><T105/><D24/><U0/><E0/><V84/><F84/><W66/><G1/><T95/><D64/><U102/><E102/><V33/><F33/><W2/><G66/><T55/><D101/><U4/><E4/><V39/><F39/><AGARI ba="0,2" hai="10,12,16,39,41,47,76,81,86,92,93,99,100,107" machi="39" ten="30,12000,1" yaku="1,1,7,1,52,1,54,1,53,1" doraHai="80" doraHaiUra="70" who="1" fromWho="2" sc="356,0,270,140,112,-120,242,0" owari="356,15.6,410,51.0,-8,-50.8,242,-15.8" /></mjloggm>