<mjloggm ver="2.3"><GO type="225" lobby="0"/><UN n0="%E3%82%82%E3%81%90%E3%82%89" n1="%72%69%6F%75%63%68%61%6E" n2="%74%61%6B%75%61%6B%61" n3="%E9%B3%B3%E6%9D%B1%E3%81%AE%E3%81%86%E3%81%95%E3%81%8E%E3%81%95%E3%82%93" dan="16,16,17,16" rate="2179.17,2116.00,2224.69,2140.89" sx="M,M,M,M"/><TAIKYOKU oya="0"/><INIT seed="0,0,0,5,1,99" ten="250,250,250,250" oya="0" hai0="65,102,117,69,2,106,40,125,71,16,131,28,55" hai1="13,14,92,115,5,52,37,56,124,95,104,67,8" hai2="73,113,98,35,49,89,118,44,51,110,62,25,97" hai3="41,107,114,17,31,36,86,34,75,119,23,134,100"/><T112/><D117/><U21/><E124/><V130/><F73/><W123/><G75/><T87/><D112/><U59/><E115/><V90/><F113/><W101/><G114/><T126/><D2/><U47/><E104/><V6/><F110/><W128/><G119/><T32/><D131/><U79/><E79/><V30/><F118/><W132/><G107/><T133/><D133/><N who="3" m="51305" /><G128/><T3/><D3/><U22/><E67/><V64/><F130/><W48/><G36/><T88/><D40/><U81/><E81/><V9/><F97/><W96/><G96/><N who="0" m="61767" /><D55/><U70/><E70/><V42/><F51/><W38/><G38/><T39/><D39/><U82/><E82/><V26/><F26/><N who="3" m="18807" /><G86/><T76/><D76/><U77/><E77/><V129/><F98/><W15/><G123/><T122/><D122/><U78/><E78/><V1/><REACH who="2" step="1"/><F129/><REACH who="2" ten="250,250,240,250" step="2"/><W19/><G17/><T50/><D16/><N who="1" m="10383" /><E37/><V43/><F43/><W57/><G41/><T33/><D126/><U120/><E120/><V121/><F121/><W108/><G108/><T94/><D125/><U12/><E22/><V116/><F116/><W10/><G23/><T66/><D50/><N who="1" m="28767" /><E12/><V27/><F27/><W85/><G15/><T20/><D20/><U11/><E8/><V72/><F72/><W24/><G10/><T54/><D33/><U80/><E14/><V60/><F60/><W109/><G109/><T45/><D32/><U18/><E11/><V127/><F127/><W103/><G24/><T61/><D28/><U68/><E18/><V58/><AGARI ba="0,1" hai="1,6,9,25,30,35,42,44,49,58,62,64,89,90" machi="58" ten="20,2700,0" yaku="1,1,0,1,7,1,53,0" doraHai="99" doraHaiUra="91" who="2" fromWho="2" sc="250,-13,250,-7,240,37,250,-7" /><INIT seed="1,0,0,0,3,82" ten="237,243,277,243" oya="1" hai0="51,110,14,49,111,53,26,69,119,27,104,88,126" hai1="8,29,107,74,42,58,3,66,55,125,65,103,86" hai2="22,30,106,70,122,48,46,134,0,56,67,41,6" hai3="72,95,131,87,97,91,37,73,92,81,61,25,23"/><U101/><E74/><V33/><F122/><W75/><G37/><T98/><D119/><U21/><E125/><V79/><F33/><W94/><G61/><T13/><D69/><U85/><E42/><V99/><F70/><W44/><G44/><T2/><D2/><U116/><E116/><V89/><F134/><W20/><G20/><T12/><D126/><U7/><E107/><V127/><F79/><N who="3" m="46527" /><G23/><T60/><D60/><U38/><E38/><V35/><F35/><W50/><G50/><N who="0" m="18955" /><D104/><U45/><E45/><V64/><F106/><W118/><G25/><T32/><D53/><U77/><E103/><V10/><F127/><W120/><G118/><T121/><D32/><U108/><E101/><V5/><F5/><W36/><G36/><T19/><D19/><U113/><E77/><V96/><F64/><N who="1" m="24681" /><E3/><V54/><F67/><W129/><G120/><T115/><D115/><U52/><E108/><N who="0" m="41513" /><D121/><U123/><E113/><V47/><F47/><W90/><G97/><T109/><N who="0" m="41521" /><T31/><DORA hai="124" /><D31/><U117/><E117/><V83/><F46/><W78/><G78/><T28/><D28/><U63/><E123/><V57/><F41/><W18/><G18/><T17/><D17/><U39/><E39/><V105/><F96/><W9/><G9/><T130/><D27/><N who="1" m="16623" /><E55/><V76/><F54/><W135/><G135/><T62/><D26/><U112/><E112/><V100/><F76/><W71/><G71/><T114/><D114/><U132/><E132/><V16/><F0/><W34/><G34/><T68/><D68/><U80/><E80/><V24/><F83/><RYUUKYOKU ba="0,0" sc="237,-15,243,15,277,-15,243,15" hai1="7,8,52,58,63,85,86" hai3="72,73,75,90,91,92,94,95,129,131" /><INIT seed="1,1,0,0,1,119" ten="222,258,262,258" oya="1" hai0="75,15,84,120,88,33,114,50,106,16,100,72,76" hai1="43,102,126,121,18,44,77,71,5,62,40,27,42" hai2="56,99,87,13,68,60,74,4,7,85,130,101,107" hai3="111,3,96,98,26,55,63,58,37,134,94,82,53"/><U19/><E121/><V29/><F74/><W127/><G3/><T51/><D114/><U66/><E126/><V124/><F124/><W133/><G127/><T28/><D120/><U32/><E44/><V135/><F135/><N who="3" m="51723" /><G111/><T95/><D28/><U65/><E66/><V14/><F130/><W116/><G116/><T123/><D123/><U86/><E102/><V103/><F68/><W92/><G37/><T115/><D33/><U52/><E5/><V38/><F38/><W34/><G82/><N who="0" m="45319" /><D75/><U30/><REACH who="1" step="1"/><E52/><REACH who="1" ten="222,248,262,258" step="2"/><V61/><F101/><W21/><G53/><T45/><D45/><U93/><E93/><N who="3" m="35946" /><G34/><T64/><D64/><U41/><N who="1" m="10240" /><DORA hai="70" /><U110/><E110/><V67/><F67/><W128/><G128/><T83/><D115/><U24/><E24/><V46/><F103/><W89/><G89/><T122/><D122/><U35/><E35/><V2/><F46/><W25/><G26/><T1/><D51/><U59/><E59/><V12/><F56/><W129/><G129/><T73/><D50/><U105/><E105/><V57/><F57/><W69/><G69/><T23/><D106/><U112/><E112/><V90/><F90/><W36/><G36/><T109/><D109/><U22/><E22/><V31/><F107/><W6/><G6/><T0/><D100/><U49/><E49/><V11/><F4/><W39/><G39/><T78/><D95/><U117/><E117/><V125/><F125/><W20/><G21/><T10/><D23/><U47/><E47/><V54/><F7/><W113/><G113/><T80/><D10/><U118/><E118/><RYUUKYOKU ba="1,1" sc="222,10,248,10,262,-30,258,10" hai0="0,1,15,16,73,78,80,83,84,88" hai1="18,19,27,30,32,62,65,71,77,86" hai3="20,25,55,58,63,96,98" /><INIT seed="1,2,1,1,4,72" ten="232,258,232,268" oya="1" hai0="54,126,103,75,65,94,1,135,73,128,97,100,66" hai1="84,67,108,31,71,93,116,110,120,89,85,62,20" hai2="118,40,59,133,28,69,23,51,8,115,4,81,12" hai3="52,60,39,19,9,14,27,42,106,41,123,30,92"/><U45/><E116/><V13/><F69/><W112/><G123/><T10/><D128/><U101/><E120/><V130/><F118/><W26/><G106/><T125/><D135/><U34/><E34/><V95/><F130/><W88/><G112/><T37/><D37/><U76/><E101/><V6/><F133/><W32/><G39/><T50/><D103/><U49/><E31/><V132/><F132/><W56/><REACH who="3" step="1"/><G26/><REACH who="3" ten="232,258,232,258" step="2"/><T11/><D125/><U15/><E110/><V22/><F115/><W119/><G119/><T80/><D126/><U129/><E108/><V78/><F28/><W79/><G79/><T86/><D73/><U87/><E129/><V17/><F4/><W25/><G25/><T47/><D75/><U102/><E76/><V16/><F6/><W2/><G2/><T38/><D38/><U114/><E114/><V127/><F127/><W18/><G18/><T29/><D1/><U122/><E122/><V83/><F17/><W90/><G90/><N who="0" m="51527" /><D29/><U7/><E102/><V104/><F104/><W53/><G53/><T113/><D113/><U24/><E24/><V98/><F78/><W109/><G109/><T96/><D66/><U77/><E77/><V64/><F64/><W70/><G70/><T82/><D65/><U48/><E7/><V131/><F131/><W124/><G124/><T68/><D68/><U21/><E15/><V46/><F12/><W35/><G35/><T33/><D33/><U105/><E105/><V3/><F3/><W36/><G36/><T5/><D5/><U107/><E107/><V0/><F0/><W117/><G117/><RYUUKYOKU ba="2,2" sc="232,-10,258,-10,232,-10,258,30" hai3="9,14,19,27,30,32,41,42,52,56,60,88,92" /><INIT seed="2,3,2,0,4,13" ten="222,248,222,288" oya="2" hai0="109,18,87,60,11,69,47,36,39,29,27,91,0" hai1="58,112,97,54,110,35,114,10,62,80,88,98,64" hai2="86,7,108,5,78,79,84,16,133,42,68,17,83" hai3="115,75,119,12,24,77,15,89,90,92,28,121,101"/><V113/><F113/><W2/><G119/><T4/><D109/><U46/><E35/><V95/><F68/><W23/><G121/><T82/><D47/><U130/><E110/><V38/><F108/><W124/><G115/><T67/><REACH who="0" step="1"/><D18/><REACH who="0" ten="212,248,222,288" step="2"/><N who="2" m="7274" /><F133/><W100/><G124/><T52/><D52/><U53/><E53/><V118/><F118/><W19/><G19/><T34/><AGARI ba="3,3" hai="0,4,11,27,29,34,36,39,60,67,69,82,87,91" machi="34" ten="20,5200,0" yaku="1,1,0,1,7,1,53,1" doraHai="13" doraHaiUra="65" who="0" fromWho="0" sc="212,91,248,-16,222,-29,288,-16" /><INIT seed="3,0,0,3,4,121" ten="303,232,193,272" oya="3" hai0="31,128,18,122,8,51,83,12,74,22,79,66,97" hai1="94,124,17,89,110,30,76,25,15,35,27,118,134" hai2="120,60,53,125,80,24,3,13,114,16,1,26,135" hai3="38,9,70,129,61,23,43,0,105,54,132,77,41"/><W115/><G115/><T117/><D117/><U63/><E110/><V113/><F80/><W2/><G105/><T21/><D122/><U65/><E124/><V98/><F98/><W56/><G77/><T44/><D128/><U78/><E134/><V75/><F75/><W102/><G102/><T48/><D66/><U28/><E118/><V107/><F107/><W45/><G132/><T55/><D31/><U84/><E15/><V111/><F60/><W116/><G116/><T6/><D97/><U86/><E17/><V96/><F96/><W10/><G129/><T33/><D33/><U90/><E25/><N who="2" m="9835" /><F53/><W127/><G23/><T46/><D18/><U87/><E28/><V42/><F42/><AGARI ba="0,0" hai="6,8,12,21,22,42,44,46,48,51,55,74,79,83" machi="42" ten="30,1000,0" yaku="7,1" doraHai="121" who="0" fromWho="2" sc="303,10,232,0,193,-10,272,0" owari="313,41.3,232,-16.8,183,-31.7,272,7.2" /></mjloggm>