<mjloggm ver="2.3"><GO type="225" lobby="0"/><UN n0="%E3%81%BF%E3%81%BF%E3%81%9A" n1="%E6%98%93%E5%88%A9%E8%96%A9%E4%BC%AF" n2="%E3%81%82%E3%81%99%E3%81%AB%E3%82%83%E3%82%80" n3="%6E%69%63%6B%6C%6F%77" dan="17,16,16,16" rate="2193.72,2115.25,2082.79,2118.56" sx="M,F,F,M"/><TAIKYOKU oya="0"/><INIT seed="0,0,0,4,2,15" ten="250,250,250,250" oya="0" hai0="84,34,54,130,47,113,13,63,53,33,17,126,16" hai1="87,115,6,12,21,7,122,102,132,100,124,48,70" hai2="27,133,93,37,5,117,14,52,57,74,4,97,81" hai3="56,76,49,19,104,73,65,111,89,92,58,23,10"/><T69/><D113/><U128/><E122/><V22/><F37/><W127/><G111/><T20/><D130/><U109/><E70/><V36/><F36/><W43/><G104/><T39/><D126/><U41/><E109/><V96/><F133/><W51/><G127/><T82/><D69/><U125/><E128/><V1/><F1/><W105/><G105/><T8/><D39/><U85/><E115/><V64/><F64/><W66/><G73/><T50/><D63/><U80/><E132/><V9/><F117/><W31/><G76/><T88/><D54/><U123/><E87/><V94/><F81/><W72/><G10/><T26/><AGARI ba="0,0" hai="8,13,16,17,20,26,33,34,47,50,53,82,84,88" machi="26" ten="20,24000,3" yaku="0,1,7,1,25,2,52,2,54,2" doraHai="15" who="0" fromWho="0" sc="250,240,250,-80,250,-80,250,-80" /><INIT seed="0,1,0,2,0,35" ten="490,170,170,170" oya="0" hai0="8,82,88,62,56,33,37,97,11,57,18,80,118" hai1="72,7,14,40,109,49,30,34,127,70,102,115,6" hai2="134,123,116,85,135,122,132,124,24,99,28,63,86" hai3="113,59,94,101,125,23,51,92,39,48,96,50,71"/><T53/><D118/><U77/><E70/><V42/><F116/><W117/><G39/><T75/><D37/><U26/><E127/><V95/><F42/><W61/><G71/><T20/><D33/><U21/><E109/><V128/><F63/><W74/><G74/><T47/><D47/><U25/><E102/><V17/><F17/><W13/><G113/><T111/><D111/><U16/><E115/><V131/><F124/><W76/><G117/><T54/><D75/><U5/><E40/><V60/><F60/><W107/><G125/><T22/><D97/><U100/><E100/><N who="2" m="60543" /><F24/><W79/><G107/><T68/><D68/><U4/><E49/><V2/><F28/><W126/><G92/><T36/><D36/><U32/><E77/><V120/><F2/><W38/><G38/><T19/><D62/><U12/><E72/><V81/><F85/><W121/><G121/><T112/><D112/><U78/><E78/><AGARI ba="1,0" hai="78,81,86,120,122,123,128,131,132,134,135" m="60543" machi="78" ten="40,5200,0" yaku="20,1,34,2" doraHai="35" who="2" fromWho="1" sc="490,0,170,-55,170,55,170,0" /><INIT seed="1,0,0,1,1,18" ten="490,115,225,170" oya="1" hai0="68,95,44,0,115,40,7,3,105,52,89,9,102" hai1="10,15,126,27,49,122,38,33,130,17,86,30,127" hai2="63,85,72,19,120,12,77,132,109,71,124,45,87" hai3="113,42,135,2,119,116,123,90,55,8,82,26,24"/><U88/><E38/><V36/><F109/><W16/><G113/><T13/><D115/><U25/><E122/><V114/><F120/><W23/><G123/><T5/><D68/><U57/><E130/><V1/><F114/><W39/><G135/><T79/><D79/><U97/><E97/><V34/><F34/><W80/><G39/><T43/><D105/><U128/><E128/><V92/><F132/><W59/><G42/><T121/><D121/><U111/><E111/><V41/><F1/><W62/><G90/><T50/><D102/><U117/><E117/><N who="3" m="45130" /><G26/><T46/><D7/><AGARI ba="0,0" hai="2,7,8,16,23,24,55,59,62,80,82" m="45130" machi="7" ten="30,3900,0" yaku="12,1,52,1,54,1" doraHai="18" who="3" fromWho="0" sc="490,-39,115,0,225,0,170,39" /><INIT seed="2,0,0,0,2,15" ten="451,115,225,209" oya="2" hai0="121,33,105,111,94,76,6,125,13,3,74,101,78" hai1="26,31,65,107,21,102,53,89,55,134,63,96,18" hai2="106,57,113,85,83,71,130,48,11,43,1,17,81" hai3="0,75,42,114,22,12,47,88,98,119,4,100,70"/><V73/><F71/><W123/><G123/><T116/><D116/><U120/><E134/><V66/><F113/><W82/><G119/><T72/><D13/><U29/><E120/><V112/><F112/><W131/><G131/><T115/><D6/><U32/><E89/><V45/><F106/><W118/><G118/><T135/><D3/><U79/><E79/><V86/><F130/><W25/><G70/><T23/><D23/><U50/><E50/><V129/><F1/><W27/><G0/><T104/><D33/><U38/><E38/><V122/><F73/><W90/><G27/><T54/><D54/><U69/><E31/><V133/><F133/><W56/><G56/><T5/><D5/><U52/><E55/><V14/><F129/><W44/><G44/><T24/><D24/><AGARI ba="0,0" hai="18,21,24,26,29,32,52,53,63,65,69,96,102,107" machi="24" ten="30,8000,1" yaku="7,1,25,2,52,1,54,1" doraHai="15" who="1" fromWho="0" sc="451,-80,115,80,225,0,209,0" /><INIT seed="3,0,0,1,4,101" ten="371,195,225,209" oya="3" hai0="35,6,27,4,72,5,39,21,81,60,65,124,45" hai1="111,38,132,110,107,79,16,59,58,30,41,8,125" hai2="22,120,114,52,32,31,56,105,109,17,104,57,63" hai3="10,12,92,77,34,133,0,91,95,89,115,103,98"/><W50/><G34/><T46/><D35/><U1/><E30/><V87/><F114/><W44/><G115/><T33/><D33/><U66/><E132/><V14/><F109/><N who="1" m="41481" /><E125/><V88/><F120/><W61/><G133/><T116/><D116/><U100/><E79/><V43/><F43/><W47/><G0/><T74/><D124/><U42/><E66/><V86/><F86/><N who="3" m="52279" /><G77/><T122/><D81/><U67/><E67/><N who="2" m="39399" /><F31/><W126/><G126/><T75/><D122/><U23/><E8/><V69/><F69/><W78/><G78/><T53/><D53/><U96/><E1/><V128/><F128/><W40/><G47/><T19/><REACH who="0" step="1"/><D39/><REACH who="0" ten="361,195,225,209" step="2"/><U7/><E7/><V118/><F118/><W37/><G37/><T55/><D55/><U9/><E9/><V82/><F82/><W129/><G129/><T28/><D28/><U49/><E38/><V123/><F123/><W135/><G135/><T113/><D113/><U130/><E130/><V51/><F32/><W54/><G54/><T29/><D29/><U119/><E119/><V71/><F52/><W102/><G61/><T26/><D26/><N who="1" m="14695" /><E42/><V3/><F51/><W90/><G103/><T24/><D24/><U64/><E64/><V76/><F76/><W127/><G127/><T93/><D93/><U84/><E84/><V13/><F87/><W2/><G2/><T36/><D36/><U117/><E117/><V48/><F3/><W134/><G134/><T97/><D97/><U106/><E106/><V15/><F105/><W25/><G25/><T108/><D108/><U70/><E70/><AGARI ba="0,1" hai="4,5,6,19,21,27,45,46,60,65,70,72,74,75" machi="70" ten="50,3200,0" yaku="1,1,53,1" doraHai="101" doraHaiUra="20" who="0" fromWho="1" sc="361,42,195,-32,225,0,209,0" owari="403,50.3,163,-33.7,225,2.5,209,-19.1" /></mjloggm>