<mjloggm ver="2.3"><GO type="225" lobby="0"/><UN n0="%E5%A4%9C%E3%81%AE%E3%82%AC%E3%82%B9%E3%83%91%E3%83%BC%E3%83%AB" n1="%E3%81%8B%E3%82%8F%E3%81%A1%E3%82%83%E3%82%93%35%38" n2="%E3%81%B2%E3%81%AA%E3%81%AE%E3%82%8A%E3%81%8F" n3="%E7%B5%82%E6%9C%AB%E3%81%AE%E6%95%91%E3%81%84" dan="16,16,17,16" rate="2119.71,2134.56,2227.76,2094.34" sx="M,M,M,F"/><TAIKYOKU oya="0"/><INIT seed="0,0,0,2,5,72" ten="250,250,250,250" oya="0" hai0="105,55,132,40,34,7,46,134,4,77,1,73,118" hai1="33,78,114,22,126,58,12,87,35,91,110,119,18" hai2="11,43,93,19,99,95,41,97,47,89,122,36,85" hai3="66,13,15,42,16,90,113,133,21,124,6,61,107"/><T65/><D118/><U109/><E119/><V135/><F122/><W128/><G113/><T30/><D105/><U103/><E114/><V86/><F135/><N who="0" m="51754" /><D1/><U129/><E126/><V51/><F36/><W75/><G133/><T24/><D55/><U101/><E58/><V3/><F43/><W14/><G124/><T123/><D65/><U68/><E68/><V115/><F115/><W50/><G107/><T2/><D2/><U102/><E129/><V63/><F63/><W80/><G128/><T57/><D57/><U56/><E56/><V44/><F44/><W52/><G42/><T98/><D98/><U25/><E78/><V76/><F76/><W127/><G127/><T0/><D0/><U71/><E71/><V69/><F69/><W70/><G6/><T81/><D123/><U45/><E45/><V20/><F11/><W84/><G75/><T5/><D5/><U88/><E91/><N who="2" m="55807" /><F3/><W28/><G28/><T104/><D104/><U83/><REACH who="1" step="1"/><E25/><AGARI ba="0,0" hai="19,20,25,41,47,51,85,86,89,93,97" m="55807" machi="25" ten="30,1000,0" yaku="8,1" doraHai="72" who="2" fromWho="1" sc="250,0,250,-10,250,10,250,0" /><INIT seed="1,0,0,4,1,19" ten="250,240,260,250" oya="1" hai0="110,36,129,86,29,125,105,83,108,46,40,17,111" hai1="5,48,14,112,50,133,70,59,45,95,10,55,94" hai2="123,9,25,84,90,117,24,21,104,42,128,18,97" hai3="132,52,3,37,53,23,74,78,30,81,120,43,99"/><U102/><E70/><V130/><F117/><W113/><G120/><T54/><D125/><U79/><E112/><V6/><F123/><W13/><G113/><T131/><D105/><U85/><E133/><V32/><F42/><W82/><G3/><T92/><D29/><U2/><E2/><V34/><F104/><W49/><G132/><T96/><D54/><U33/><E33/><V71/><F97/><W98/><G37/><T118/><D118/><U73/><E73/><V122/><F71/><W1/><G1/><T20/><D83/><N who="1" m="47359" /><E102/><V12/><F122/><W126/><G126/><T8/><D86/><U26/><E26/><V16/><F6/><W22/><G82/><T39/><D8/><U88/><E88/><V114/><F114/><W72/><G72/><T121/><D39/><U65/><E65/><V69/><F69/><W31/><G74/><T127/><D127/><U115/><E115/><V62/><F62/><W89/><G78/><T101/><REACH who="0" step="1"/><D121/><REACH who="0" ten="240,240,260,250" step="2"/><U75/><E75/><V100/><F34/><W67/><G81/><T63/><D63/><U27/><E27/><AGARI ba="0,1" hai="17,20,27,36,40,46,92,96,101,108,110,111,129,131" machi="27" ten="40,5200,0" yaku="1,1,14,1,52,1,53,0" doraHai="19" doraHaiUra="51" who="0" fromWho="1" sc="240,62,240,-52,260,0,250,0" /><INIT seed="2,0,0,2,2,74" ten="302,188,260,250" oya="2" hai0="95,7,106,79,8,80,35,78,101,58,129,24,28" hai1="19,123,27,134,71,9,99,45,32,98,36,59,39" hai2="30,102,72,61,20,91,87,77,56,68,26,105,50" hai3="55,81,133,119,49,22,70,104,34,114,31,10,122"/><V47/><F68/><W12/><G119/><T11/><D106/><U108/><E71/><V33/><F102/><W128/><G122/><T73/><D129/><U16/><E59/><V115/><F105/><W62/><G34/><T54/><D79/><U18/><E9/><V41/><F115/><W6/><G133/><T5/><D101/><U43/><E134/><V124/><F124/><W85/><G128/><T66/><D66/><U130/><E130/><V0/><F0/><W76/><G104/><T60/><D95/><U125/><E125/><V117/><F117/><W103/><G114/><T86/><D73/><U84/><E123/><V51/><F72/><W21/><G31/><T46/><D46/><U64/><E64/><V4/><F4/><W120/><G120/><T107/><D107/><U57/><E57/><V1/><F1/><W67/><REACH who="3" step="1"/><G103/><REACH who="3" ten="302,188,260,240" step="2"/><T14/><D7/><U53/><E108/><V69/><F33/><W111/><G111/><T110/><D5/><U118/><E118/><V121/><F121/><W40/><G40/><T131/><D131/><U48/><E84/><V65/><F69/><W94/><G94/><T132/><D132/><U83/><E83/><N who="2" m="47599" /><F91/><W135/><G135/><T100/><D110/><U3/><E3/><V112/><F112/><W25/><G25/><T23/><D100/><U89/><E89/><V42/><F42/><W92/><G92/><T90/><D90/><U88/><E43/><V109/><F109/><W126/><G126/><T116/><D116/><U13/><E88/><V113/><F113/><W2/><G2/><T97/><D35/><RYUUKYOKU ba="0,1" sc="302,-15,188,-15,260,15,240,15" hai2="20,26,30,41,47,50,51,56,61,65" hai3="6,10,12,21,22,49,55,62,67,70,76,81,85" /><INIT seed="2,1,1,2,0,106" ten="287,173,275,255" oya="2" hai0="130,27,12,61,94,85,10,39,71,79,126,118,42" hai1="15,108,62,90,5,86,20,124,134,31,32,99,104" hai2="17,13,33,92,63,97,28,67,53,47,109,103,37" hai3="75,82,6,80,7,65,2,133,119,105,131,52,66"/><V91/><F109/><W128/><G105/><T121/><D121/><U22/><E32/><V127/><F127/><W40/><G40/><T60/><D126/><U26/><E124/><V115/><F115/><W110/><G133/><T93/><D130/><N who="3" m="49705" /><G119/><T83/><D118/><U84/><E108/><V46/><F33/><W1/><G110/><T57/><D39/><U29/><E134/><V50/><F28/><N who="1" m="10825" /><E104/><V44/><F103/><W45/><G7/><T30/><D42/><U23/><E62/><V77/><F77/><N who="3" m="44095" /><G82/><T55/><D83/><N who="1" m="49439" /><E99/><V78/><F78/><W19/><G19/><T120/><D79/><U101/><E101/><V73/><F73/><W114/><G114/><T107/><D107/><U64/><E64/><N who="3" m="24682" /><G6/><T35/><D120/><U16/><E86/><V0/><F0/><W123/><G123/><T69/><D85/><U48/><E48/><AGARI ba="1,1" hai="1,2,45,48,52" m="24682,44095,49705" machi="48" ten="30,3900,0" yaku="19,1,52,1,54,1" doraHai="106" who="3" fromWho="1" sc="287,0,173,-42,275,0,255,52" /><INIT seed="3,0,0,2,5,101" ten="287,131,275,307" oya="3" hai0="8,27,133,135,15,33,22,127,45,82,117,68,116" hai1="60,122,20,19,51,80,56,118,97,40,52,113,94" hai2="32,102,26,13,47,61,75,78,83,92,124,42,9" hai3="126,98,58,28,103,95,14,132,50,12,65,93,134"/><W79/><G126/><T16/><D127/><U76/><E122/><V100/><F124/><W53/><G79/><T54/><D68/><U0/><E113/><V23/><F32/><W10/><G28/><T66/><D66/><U63/><E0/><V30/><F61/><W119/><G119/><T43/><D54/><U104/><E118/><V48/><REACH who="2" step="1"/><F92/><REACH who="2" ten="287,131,265,307" step="2"/><W24/><G93/><T39/><D33/><U21/><E104/><V120/><F120/><W88/><G132/><N who="0" m="50763" /><D82/><U34/><E34/><V6/><AGARI ba="0,1" hai="6,9,13,23,26,30,42,47,48,75,78,83,100,102" machi="6" ten="20,5200,0" yaku="1,1,0,1,7,1,53,1" doraHai="101" doraHaiUra="38" who="2" fromWho="2" sc="287,-13,131,-13,265,62,307,-26" owari="274,-12.6,118,-38.2,327,42.7,281,8.1" /></mjloggm>