<mjloggm ver="2.3"><GO type="225" lobby="0"/><UN n0="%E6%98%93%E5%88%A9%E8%96%A9%E4%BC%AF" n1="%E8%A8%88%E7%AE%97%E6%A9%9F%E8%87%AA%E7%84%B6" n2="%E9%B3%B3%E6%9D%B1%E3%81%AE%E3%81%86%E3%81%95%E3%81%8E%E3%81%95%E3%82%93" n3="%E3%81%A1%E3%82%85%E3%81%86%E3%81%A9%E3%81%8F%E8%B1%A1%E3%81%95%E3%82%93" dan="16,17,16,17" rate="2162.98,2197.67,2184.47,2210.85" sx="F,M,M,M"/><TAIKYOKU oya="0"/><INIT seed="0,0,0,2,1,55" ten="250,250,250,250" oya="0" hai0="69,14,113,59,35,58,46,75,124,29,98,16,8" hai1="110,32,108,56,133,64,89,28,65,23,11,122,119" hai2="45,26,6,86,40,83,27,49,38,78,92,105,94" hai3="61,99,25,39,80,51,84,71,116,79,9,19,42"/><T126/><D113/><U3/><E119/><V134/><F134/><W77/><G116/><T30/><D69/><U52/><E122/><V123/><F123/><W87/><G39/><T131/><D75/><U91/><E32/><V101/><F38/><W31/><G99/><T81/><D131/><U44/><E44/><V0/><F105/><W90/><G71/><T125/><D81/><U13/><E3/><V60/><F0/><W115/><G115/><T2/><D2/><U68/><E68/><V37/><F37/><W85/><G61/><T130/><D130/><U4/><E133/><V1/><F60/><W82/><G19/><T104/><D46/><U12/><E108/><V66/><F66/><N who="1" m="25705" /><E110/><V96/><F1/><W57/><G9/><T50/><D50/><N who="1" m="30743" /><E12/><V53/><F40/><W5/><G42/><T72/><D72/><U70/><E70/><V48/><F49/><W107/><G107/><T24/><D30/><U97/><E97/><N who="2" m="59559" /><F6/><W109/><G109/><T129/><D129/><U117/><E117/><V114/><F114/><W10/><G51/><T54/><D54/><U67/><N who="1" m="25713" /><U74/><DORA hai="62" /><E74/><V21/><F96/><W112/><G112/><T95/><D104/><U120/><E120/><V41/><F53/><W43/><G43/><T93/><D98/><U7/><E4/><V88/><F45/><W18/><G5/><T100/><D100/><U135/><E135/><V118/><F118/><W127/><G84/><T63/><D63/><U20/><E28/><V34/><F41/><W102/><G31/><T73/><D73/><U121/><E121/><RYUUKYOKU ba="0,0" sc="250,15,250,15,250,-15,250,-15" hai0="8,14,16,24,29,35,58,59,93,95,124,125,126" hai1="7,11,13,20,23,89,91" /><INIT seed="0,1,0,2,4,82" ten="265,265,235,235" oya="0" hai0="75,119,115,33,97,88,69,79,10,3,106,85,124" hai1="12,21,123,54,98,34,118,29,122,62,42,35,94" hai2="73,15,9,13,128,113,111,86,51,43,50,52,31" hai3="7,103,112,61,30,27,5,4,135,83,102,20,8"/><T28/><D115/><U59/><E118/><V71/><F113/><W16/><G112/><T76/><D119/><U131/><E131/><V19/><F73/><W11/><G135/><T17/><D69/><U91/><E42/><V99/><F111/><W18/><G61/><T127/><D33/><U39/><E39/><V67/><F128/><W132/><G132/><T46/><D28/><U53/><E53/><V100/><F43/><W65/><G65/><T36/><D36/><U40/><E40/><V32/><F71/><W108/><G108/><T109/><D46/><U133/><E133/><V38/><F38/><W104/><G83/><T107/><D109/><U130/><E130/><V44/><F67/><W81/><G81/><T57/><D57/><U58/><E58/><V114/><F50/><W120/><G120/><T70/><D75/><U45/><E45/><V90/><F31/><W56/><G56/><T72/><D72/><U14/><E34/><V77/><F32/><W41/><G41/><T6/><D17/><N who="3" m="6761" /><G104/><T26/><D26/><N who="1" m="16591" /><E35/><V2/><F114/><W66/><G66/><T96/><D107/><U95/><E122/><V125/><F2/><W116/><G116/><T105/><D106/><U121/><E121/><V126/><F15/><N who="1" m="5673" /><E123/><V60/><F60/><W101/><AGARI ba="1,0" hai="4,5,7,8,11,20,27,30,101,102,103" m="6761" machi="101" ten="40,2700,0" yaku="8,1,54,1" doraHai="82" who="3" fromWho="3" sc="265,-14,265,-8,235,-8,235,30" /><INIT seed="1,0,0,1,1,39" ten="251,257,227,265" oya="1" hai0="128,50,125,22,67,79,27,89,38,45,75,61,126" hai1="43,82,88,20,25,14,62,23,134,120,124,6,70" hai2="26,114,112,19,24,99,100,9,57,107,117,34,64" hai3="17,8,47,51,59,66,58,65,131,91,52,83,71"/><U36/><E120/><V121/><F117/><W7/><G131/><T60/><D38/><U93/><E124/><N who="0" m="47721" /><D128/><U81/><E134/><V116/><F116/><W77/><G91/><T101/><D101/><U73/><E70/><V96/><F121/><W98/><G98/><T4/><D4/><U54/><E73/><V37/><F99/><W111/><G111/><T5/><D5/><U130/><E130/><V48/><F37/><W74/><G17/><T90/><D79/><U86/><E43/><V46/><F57/><W3/><REACH who="3" step="1"/><G66/><REACH who="3" ten="251,257,227,255" step="2"/><T85/><D67/><U80/><E88/><V2/><F64/><W118/><G118/><T44/><D90/><U84/><E6/><N who="2" m="1239" /><F19/><W132/><G132/><T30/><D75/><U31/><E84/><V42/><F34/><W41/><G41/><N who="0" m="24847" /><D45/><U63/><E86/><V127/><F127/><W12/><G12/><T113/><D113/><AGARI ba="0,1" hai="24,26,42,46,48,96,100,107,112,113,114" m="1239" machi="113" ten="30,2000,0" yaku="11,1,52,1" doraHai="39" who="2" fromWho="0" sc="251,-20,257,0,227,30,255,0" /><INIT seed="2,0,0,3,4,40" ten="231,257,257,255" oya="2" hai0="46,71,48,25,27,98,33,94,123,44,77,96,29" hai1="102,5,41,49,120,12,63,39,124,125,134,16,95" hai2="31,86,121,60,127,112,37,1,75,59,56,73,55" hai3="34,8,9,42,114,122,72,38,85,22,7,126,132"/><V101/><F112/><W70/><G122/><T32/><D71/><U113/><E113/><V105/><F121/><W10/><G34/><T130/><D123/><U17/><E39/><V80/><F1/><W133/><G70/><T76/><D130/><U87/><E120/><V50/><F37/><W89/><G114/><T53/><D46/><N who="1" m="25807" /><E134/><N who="3" m="51818" /><G72/><T110/><D110/><U108/><E63/><V19/><F31/><W119/><G119/><T3/><D3/><U24/><E24/><V13/><F105/><W104/><G104/><T68/><D68/><U103/><E108/><V36/><F101/><N who="1" m="38409" /><E5/><V84/><F36/><W88/><G126/><N who="1" m="48746" /><E12/><V6/><F6/><W92/><G22/><T58/><D32/><U11/><E11/><V131/><F127/><W111/><G111/><T135/><D135/><U97/><E87/><V23/><F86/><N who="3" m="52247" /><G7/><T20/><D33/><U66/><E66/><V62/><F131/><W128/><G128/><T90/><D27/><U61/><E61/><V51/><F75/><W54/><G54/><N who="0" m="29959" /><D98/><U43/><E43/><V107/><F73/><W79/><G42/><T91/><D91/><AGARI ba="0,0" hai="16,17,91,95,97" m="48746,38409,25807" machi="91" ten="30,3900,0" yaku="18,1,52,1,54,1" doraHai="40" who="1" fromWho="0" sc="231,-39,257,39,257,0,255,0" /><INIT seed="3,0,0,3,2,91" ten="192,296,257,255" oya="3" hai0="92,57,59,30,10,133,107,128,44,76,1,34,134" hai1="123,96,14,9,26,121,24,106,119,47,15,102,68" hai2="2,28,60,72,4,21,70,125,124,101,49,39,41" hai3="94,8,116,22,19,98,56,69,83,32,75,82,78"/><W54/><G116/><T77/><D107/><U122/><E68/><V53/><F28/><W37/><G69/><T31/><D128/><U23/><E119/><V27/><F72/><W48/><G32/><T20/><D34/><U131/><E131/><V111/><F101/><W33/><G33/><T118/><D118/><U100/><E100/><V93/><F4/><W71/><G71/><T80/><D44/><U130/><E130/><V108/><F2/><W87/><G37/><T81/><D10/><U114/><E114/><V120/><F93/><W115/><G115/><T109/><D109/><N who="2" m="42058" /><F21/><W99/><G8/><T110/><D110/><U50/><E23/><V103/><F103/><W40/><G40/><T25/><D1/><U74/><E74/><V42/><F27/><W73/><G83/><T117/><D117/><U88/><E88/><V61/><F120/><W16/><G19/><T46/><D46/><U38/><E38/><V90/><F90/><W129/><G129/><T6/><D6/><U79/><E79/><V97/><F97/><N who="3" m="36875" /><G73/><T132/><D92/><U126/><E9/><V5/><F5/><W86/><G75/><N who="0" m="43039" /><D31/><U66/><E122/><V35/><F35/><W135/><G135/><T105/><D105/><U51/><E106/><V43/><F39/><W17/><G22/><T0/><D0/><U18/><E102/><V85/><F85/><AGARI ba="0,0" hai="20,25,30,57,59,77,81,85,132,133,134" m="43039" machi="85" ten="30,1000,0" yaku="20,1" doraHai="91" who="0" fromWho="2" sc="192,10,296,0,257,-10,255,0" /><INIT seed="4,0,0,3,4,25" ten="202,296,247,255" oya="0" hai0="34,87,134,133,70,77,98,6,11,62,44,63,16" hai1="135,35,132,130,21,4,89,51,103,74,10,31,125" hai2="64,2,127,58,38,5,45,83,88,39,79,106,76" hai3="41,90,126,129,42,120,1,33,28,36,111,112,22"/><T78/><D34/><U96/><E74/><V73/><F106/><W52/><G111/><T97/><D44/><U48/><E35/><V20/><F127/><W46/><G33/><T40/><D40/><U8/><E89/><V109/><F109/><W110/><G110/><T54/><D6/><U12/><E130/><V91/><F79/><W43/><G1/><T113/><D113/><U118/><E118/><V17/><F58/><W71/><G71/><T67/><D87/><U47/><E8/><N who="2" m="2103" /><F64/><W7/><G7/><T95/><D97/><U115/><E125/><V81/><F39/><W84/><G126/><T24/><D77/><U69/><E69/><V119/><F81/><W92/><G112/><T86/><D86/><U101/><E115/><V108/><F119/><W49/><G129/><T72/><D78/><U121/><E121/><V30/><F17/><W80/><G120/><T14/><D24/><N who="1" m="16783" /><E47/><V3/><F3/><W9/><G9/><T29/><D29/><U55/><E96/><V23/><F108/><W99/><G36/><T128/><D72/><U107/><E107/><V75/><F75/><W0/><G0/><T26/><D26/><U68/><E68/><V131/><F131/><W56/><G22/><N who="2" m="8233" /><F30/><W60/><REACH who="3" step="1"/><G28/><REACH who="3" ten="202,296,247,245" step="2"/><T93/><D128/><U57/><E4/><V100/><F100/><AGARI ba="0,1" hai="41,42,43,46,49,52,56,60,80,84,90,92,99,100" machi="100" ten="30,8000,1" yaku="1,1,2,1,7,1,8,1,54,1,53,0" doraHai="25" doraHaiUra="15" who="3" fromWho="2" sc="202,0,296,0,247,-80,245,90" owari="202,-19.8,296,9.6,167,-33.3,335,43.5" /></mjloggm>