<mjloggm ver="2.3"><GO type="225" lobby="0"/><UN n0="%E6%81%AC%E6%B7%A1%E5%AF%82%E5%AF%9E" n1="%E9%80%9F%E6%B0%B4%E5%87%9B%E9%A6%99" n2="%33%74%72%65%65" n3="%E4%B8%AD%E5%B9%B4%E3%81%AE%E5%8D%B1%E6%A9%9F" dan="16,16,17,17" rate="2106.89,2155.19,2206.16,2150.64" sx="F,F,F,M"/><TAIKYOKU oya="0"/><INIT seed="0,0,0,5,2,105" ten="250,250,250,250" oya="0" hai0="50,19,83,111,131,13,114,5,40,98,9,44,42" hai1="77,129,43,121,91,32,16,3,12,29,119,59,1" hai2="46,28,96,112,80,4,36,33,74,21,20,70,84" hai3="62,30,67,108,93,53,132,109,115,27,34,127,82"/><T118/><D114/><U18/><E121/><V37/><F112/><W110/><G115/><T134/><D118/><U97/><E119/><V87/><F70/><W76/><G93/><T63/><D131/><U126/><E129/><V90/><F74/><N who="3" m="43287" /><G53/><T0/><D134/><U130/><E130/><V25/><F96/><W52/><G52/><T39/><D111/><N who="3" m="28417" /><W8/><DORA hai="99" /><G8/><T89/><D63/><U10/><E43/><V95/><F4/><W65/><G65/><T85/><D98/><U31/><E97/><V133/><F133/><W125/><G132/><T41/><REACH who="0" step="1"/><D39/><REACH who="0" ten="240,250,250,250" step="2"/><U120/><E120/><V47/><F37/><W69/><AGARI ba="0,1" hai="27,30,34,62,67,69,125,127" m="28417,43287" machi="69" ten="40,5200,0" yaku="14,1,23,1,52,1" doraHai="105,99" who="3" fromWho="3" sc="240,-26,250,-13,250,-13,250,62" /><INIT seed="1,0,0,0,2,129" ten="214,237,237,312" oya="1" hai0="112,44,26,94,70,64,107,6,58,82,132,105,48" hai1="100,91,27,87,135,4,35,25,126,42,76,8,19" hai2="43,118,61,73,3,37,124,101,21,5,52,121,86" hai3="125,92,1,9,72,74,109,23,13,54,85,55,56"/><U17/><E126/><V12/><F118/><W10/><G109/><T99/><D112/><U49/><E76/><V117/><F117/><W83/><G125/><T95/><D70/><U131/><E100/><V98/><F121/><W133/><G133/><T67/><D82/><U120/><E120/><V20/><F73/><W106/><G106/><T81/><D81/><U128/><E49/><V50/><F124/><W39/><G39/><T80/><D80/><U122/><E42/><V30/><F86/><W78/><G74/><T34/><D6/><U33/><E91/><V32/><F61/><W31/><G1/><T97/><D58/><U11/><E87/><V41/><F37/><W18/><G55/><T59/><D59/><U88/><E88/><V28/><F3/><W77/><G77/><T130/><D130/><N who="1" m="49707" /><E122/><V22/><F41/><W68/><G68/><T60/><D60/><U16/><E135/><V36/><F43/><W79/><G79/><T127/><D132/><U114/><E114/><V111/><F36/><W51/><G31/><T84/><D84/><U71/><E71/><V7/><F30/><W119/><G119/><T2/><D107/><U93/><E93/><N who="2" m="58575" /><F28/><W69/><G69/><T115/><D105/><U65/><E65/><V90/><F90/><AGARI ba="0,0" hai="9,10,13,18,23,51,54,56,72,78,83,85,90,92" machi="90" ten="40,2600,0" yaku="25,2" doraHai="129" who="3" fromWho="2" sc="214,0,237,0,237,-26,312,26" /><INIT seed="2,0,0,0,4,70" ten="214,237,211,338" oya="2" hai0="0,112,51,114,132,130,85,129,125,2,69,50,135" hai1="109,76,47,22,128,98,32,105,81,87,11,8,110" hai2="121,123,54,59,36,120,108,79,117,100,78,111,71" hai3="67,38,1,42,102,14,73,134,48,83,68,25,6"/><V95/><F117/><W119/><G48/><N who="0" m="18475" /><D69/><U56/><E32/><V23/><F71/><W122/><G14/><T17/><D85/><U45/><E56/><V37/><F23/><W60/><G119/><T3/><D17/><U90/><E22/><V80/><F100/><W72/><G122/><T39/><D39/><N who="2" m="14922" /><F95/><W126/><G102/><T94/><D94/><N who="1" m="56663" /><E105/><V118/><F118/><W5/><G5/><T116/><D116/><U99/><E99/><V74/><F74/><W127/><G25/><T9/><D9/><U10/><E128/><N who="0" m="49257" /><D125/><N who="3" m="47625" /><G83/><T133/><AGARI ba="0,0" hai="0,2,3,112,114,132,133,135" m="49257,18475" machi="133" ten="50,8000,1" yaku="28,2,20,1,19,1" doraHai="70" who="0" fromWho="0" sc="214,80,237,-20,211,-40,338,-20" /><INIT seed="3,0,0,5,2,97" ten="294,217,171,318" oya="3" hai0="115,35,102,7,134,33,106,37,82,28,46,18,127" hai1="41,42,132,69,53,129,43,104,58,120,52,50,29" hai2="99,23,38,5,47,34,80,105,19,130,92,74,27" hai3="122,110,128,12,86,62,79,103,98,64,26,70,77"/><W107/><G122/><T131/><D18/><U85/><E104/><V81/><F130/><W0/><G0/><T56/><D56/><U31/><E120/><V55/><F105/><W45/><G128/><T22/><D22/><U6/><E129/><V117/><F117/><W71/><G71/><T3/><D131/><U17/><E69/><V49/><F74/><W72/><G72/><T133/><D127/><U30/><E6/><V68/><F68/><W116/><G116/><T48/><D82/><U112/><E112/><V9/><F38/><W51/><G110/><T44/><D44/><U67/><E132/><N who="0" m="50793" /><D28/><U16/><E67/><V8/><F34/><W121/><G121/><T93/><D93/><U2/><E2/><V61/><F61/><W39/><G39/><T101/><D106/><U113/><E113/><V20/><F20/><W90/><G26/><T59/><D59/><N who="1" m="33175" /><E85/><V25/><F25/><W32/><G32/><N who="0" m="12363" /><D37/><U21/><E21/><V60/><F60/><AGARI ba="0,0" hai="16,17,29,30,31,41,42,43,53,58,60" m="33175" machi="60" ten="30,3900,0" yaku="8,1,54,2" doraHai="97" who="1" fromWho="2" sc="294,0,217,39,171,-39,318,0" owari="294,9.4,256,-14.4,132,-36.8,318,41.8" /></mjloggm>