<mjloggm ver="2.3"><GO type="225" lobby="0"/><UN n0="%E4%BF%BA%E3%81%A8%E5%A6%96%E5%A4%A2" n1="%E3%83%A9%E3%82%A4%E3%83%B3%E3%81%AE%E8%99%8E" n2="%E5%86%B7%E5%87%8D%E3%82%AE%E3%83%A7%E3%83%BC%E3%82%B6" n3="%E4%B8%96%E7%95%8C%E3%81%AE%E4%BA%80%E4%BA%95" dan="16,16,17,17" rate="2113.35,2114.31,2188.94,2143.33" sx="F,M,M,M"/><TAIKYOKU oya="0"/><INIT seed="0,0,0,2,5,27" ten="250,250,250,250" oya="0" hai0="49,117,129,118,113,99,73,125,61,41,13,57,111" hai1="1,86,84,4,102,85,96,74,95,69,28,112,44" hai2="42,77,35,17,134,62,94,122,15,54,50,25,20" hai3="29,88,37,100,47,9,39,70,133,83,48,119,75"/><T40/><D73/><U10/><E112/><V132/><F122/><W124/><G119/><N who="0" m="45579" /><D113/><U26/><E74/><V31/><F77/><W80/><G70/><T123/><D123/><U90/><E44/><V64/><F94/><W93/><G124/><T89/><D89/><U53/><E53/><V34/><F42/><N who="0" m="16490" /><D13/><U24/><E69/><V63/><F35/><W105/><G105/><T87/><D87/><U58/><E58/><V81/><F81/><W22/><G100/><T5/><D99/><U56/><E56/><V116/><F116/><W33/><G33/><T68/><D125/><U16/><E16/><V91/><F91/><W97/><G80/><T66/><D5/><U114/><E114/><V32/><F32/><W8/><G39/><T21/><D21/><U55/><E55/><V72/><F72/><W51/><G37/><T19/><D19/><U67/><E67/><V121/><F121/><W7/><G7/><T11/><D11/><U107/><REACH who="1" step="1"/><E24/><REACH who="1" ten="250,240,250,250" step="2"/><V127/><F127/><W103/><G75/><T108/><D129/><U38/><E38/><V109/><F64/><W130/><G47/><T12/><D12/><U43/><E43/><V3/><F15/><W78/><G130/><T131/><D131/><U128/><E128/><V126/><F126/><W101/><G8/><T0/><D0/><U52/><E52/><AGARI ba="0,1" hai="49,52,57,61,66,68,108,111" m="16490,45579" machi="52" ten="40,7700,0" yaku="34,2,54,1" doraHai="27" who="0" fromWho="1" sc="250,87,240,-77,250,0,250,0" /><INIT seed="0,1,0,2,5,97" ten="337,163,250,250" oya="0" hai0="21,9,112,81,44,126,123,108,129,117,36,109,8" hai1="114,63,92,50,135,30,57,80,10,76,20,113,111" hai2="127,26,56,62,118,125,34,5,101,121,27,35,22" hai3="105,23,102,45,93,31,84,53,37,110,95,43,128"/><T78/><D112/><U17/><E111/><N who="0" m="42569" /><D117/><U115/><E135/><V58/><F121/><W134/><G110/><T28/><D123/><U131/><E131/><V24/><F118/><W7/><G134/><T104/><D104/><U60/><E30/><V85/><F5/><W4/><G128/><T29/><D129/><U94/><E10/><N who="0" m="4201" /><D21/><U122/><E50/><V6/><F6/><W87/><G105/><T83/><D126/><N who="2" m="48138" /><F22/><W2/><G2/><T3/><D3/><U75/><E122/><V25/><N who="2" m="6144" /><DORA hai="70" /><V42/><F42/><W1/><G23/><T13/><D13/><N who="1" m="9263" /><E63/><V77/><F58/><W130/><G31/><N who="0" m="11851" /><D78/><U32/><E32/><V71/><F34/><W54/><G130/><T33/><D33/><U88/><E114/><V96/><F35/><W124/><G1/><T116/><D116/><U91/><E113/><V38/><F77/><W16/><G124/><T47/><D36/><U52/><E115/><V49/><F38/><W39/><G39/><T41/><D41/><U103/><E76/><V90/><F71/><W82/><G43/><T133/><D133/><U79/><E79/><V15/><F15/><W89/><G37/><T0/><D0/><U100/><E80/><AGARI ba="1,0" hai="44,47,80,81,83" m="11851,4201,42569" machi="80" ten="30,11600,0" yaku="28,2,14,1,10,1" doraHai="97,70" who="0" fromWho="1" sc="337,119,163,-119,250,0,250,0" /><INIT seed="0,2,0,3,4,86" ten="456,44,250,250" oya="0" hai0="29,3,118,16,63,8,10,26,66,88,110,79,67" hai1="31,57,87,89,129,4,116,102,32,15,54,83,124" hai2="17,39,69,38,133,117,73,46,107,49,37,99,14" hai3="44,27,22,2,100,108,7,30,114,55,53,70,111"/><T25/><D118/><U43/><E116/><V34/><F117/><W68/><G114/><T134/><D134/><U115/><E115/><V92/><F133/><W52/><G100/><T105/><D105/><U122/><E122/><V28/><F69/><W127/><G127/><T82/><D110/><N who="3" m="42025" /><G44/><T121/><D121/><U72/><E124/><V56/><F73/><W76/><G76/><T97/><D3/><U93/><E129/><V5/><F5/><W20/><G20/><N who="0" m="13447" /><D79/><U126/><E126/><V90/><F107/><W1/><G1/><T131/><D131/><U6/><E43/><V50/><F56/><W95/><G95/><N who="0" m="56551" /><D82/><U51/><E72/><V9/><F46/><W125/><G125/><T23/><D63/><U112/><E112/><V64/><F34/><W75/><G75/><T78/><D78/><U96/><REACH who="1" step="1"/><E15/><REACH who="1" ten="456,34,250,250" step="2"/><V85/><F14/><W120/><G120/><T33/><D33/><U123/><E123/><V18/><F37/><W77/><G77/><T58/><D58/><U94/><E94/><V101/><F92/><W0/><G0/><T36/><D36/><U45/><E45/><V109/><F38/><W119/><G119/><T48/><D48/><U135/><E135/><V13/><F39/><W60/><G60/><T104/><D104/><U74/><E74/><V35/><F35/><W130/><G130/><T19/><D29/><U42/><E42/><V41/><F41/><W106/><G106/><T47/><D47/><U98/><E98/><V21/><F50/><W12/><G2/><T113/><D113/><U40/><E40/><V71/><F109/><RYUUKYOKU ba="2,1" sc="456,10,34,10,250,-30,250,10" hai0="8,10,19,23,26,66,67" hai1="4,6,31,32,51,54,57,83,87,89,93,96,102" hai3="7,12,22,27,30,52,53,55,68,70" /><INIT seed="0,3,1,4,2,70" ten="466,44,220,260" oya="0" hai0="97,94,20,40,120,95,24,53,134,102,59,45,50" hai1="104,0,33,32,57,91,4,5,13,22,37,12,54" hai2="117,114,55,101,121,130,30,68,49,103,60,111,56" hai3="15,113,131,21,124,64,52,2,18,7,66,16,1"/><T78/><D120/><U44/><E104/><V79/><F114/><W58/><G113/><T92/><D134/><U51/><E0/><V29/><F121/><W76/><G131/><T96/><D78/><U8/><E91/><V47/><F130/><W9/><G124/><T108/><D96/><U83/><E83/><V115/><F115/><W119/><G119/><T6/><D6/><U105/><E105/><V42/><F117/><W14/><G76/><T72/><D72/><U41/><REACH who="1" step="1"/><E22/><REACH who="1" ten="466,34,220,260" step="2"/><V123/><F123/><W74/><G1/><T80/><D80/><U99/><E99/><V31/><F111/><W82/><G82/><T23/><D108/><U43/><E43/><V87/><F79/><W129/><G129/><T3/><D3/><U125/><E125/><V65/><REACH who="2" step="1"/><F87/><REACH who="2" ten="466,34,210,260" step="2"/><W62/><REACH who="3" step="1"/><G74/><REACH who="3" ten="466,34,210,250" step="2"/><T11/><D97/><U88/><E88/><V39/><AGARI ba="3,4" hai="29,30,31,39,42,47,49,55,56,60,65,68,101,103" machi="39" ten="30,12000,2" yaku="1,1,2,1,0,1,24,2,52,1,53,0" doraHai="70" doraHaiUra="118" who="2" fromWho="2" sc="466,-63,34,-33,210,169,250,-33" /><INIT seed="1,0,0,2,1,122" ten="403,1,379,217" oya="1" hai0="22,12,2,55,20,74,70,125,113,52,13,107,90" hai1="9,19,76,94,39,87,64,99,44,81,4,24,15" hai2="29,17,32,119,91,16,95,18,115,106,59,68,85" hai3="7,61,109,89,116,8,41,128,33,114,57,93,67"/><U51/><E39/><V71/><F119/><W97/><G114/><T54/><D113/><U134/><E134/><V26/><F115/><W5/><G33/><T88/><D2/><U45/><E64/><V101/><REACH who="2" step="1"/><F59/><REACH who="2" ten="403,1,369,217" step="2"/><W1/><G116/><T40/><D70/><U49/><E45/><V31/><F31/><W69/><G128/><T56/><D74/><U34/><E44/><V73/><F73/><W58/><G41/><T126/><D107/><U23/><E34/><V79/><F79/><W130/><G130/><T46/><D56/><U11/><E11/><V131/><F131/><W96/><G7/><T118/><D118/><U120/><E120/><V75/><F75/><W21/><G21/><N who="0" m="8299" /><D40/><U25/><E24/><V123/><F123/><W129/><G129/><T105/><D105/><U102/><AGARI ba="0,1" hai="4,9,15,19,23,25,49,51,76,81,87,94,99,102" machi="102" ten="20,3900,0" yaku="0,1,7,1,8,1" doraHai="122" who="1" fromWho="1" sc="403,-13,1,49,369,-13,217,-13" /><INIT seed="1,1,0,2,3,72" ten="390,50,356,204" oya="1" hai0="50,124,18,41,123,115,103,100,98,58,51,63,48" hai1="34,33,6,80,83,99,26,14,101,27,125,67,132" hai2="16,25,116,9,43,105,39,38,5,95,66,86,19" hai3="64,7,122,76,3,49,45,57,108,30,22,107,52"/><U128/><E125/><V47/><F116/><W129/><G108/><T126/><D115/><U109/><E132/><V102/><F105/><W20/><G129/><T135/><D135/><U79/><E128/><V71/><F38/><W91/><G107/><T84/><D123/><U62/><E109/><V121/><F121/><W40/><G122/><T81/><D18/><U104/><E80/><V113/><F113/><W21/><G3/><T54/><D41/><U55/><E55/><V69/><F66/><W61/><G7/><T119/><D119/><U35/><E14/><V8/><F19/><W37/><G91/><T4/><D4/><U127/><E6/><V118/><F118/><W23/><G76/><T78/><REACH who="0" step="1"/><D100/><REACH who="0" ten="380,50,356,204" step="2"/><U97/><E127/><V89/><F102/><W82/><G37/><T28/><D28/><U32/><N who="1" m="8192" /><DORA hai="65" /><U36/><E36/><V106/><F106/><AGARI ba="1,1" hai="48,50,51,54,58,63,78,81,84,98,103,106,124,126" machi="106" ten="40,8000,1" yaku="1,1,52,1,53,3" doraHai="72,65" doraHaiUra="77,134" who="0" fromWho="2" sc="380,93,50,0,356,-83,204,0" /><INIT seed="2,0,0,0,5,54" ten="473,50,273,204" oya="2" hai0="59,94,37,53,129,35,12,102,111,8,130,17,47" hai1="43,109,86,39,61,66,82,87,58,19,85,6,105" hai2="95,79,49,44,93,2,52,63,121,115,96,97,75" hai3="29,7,99,9,81,14,125,73,31,119,32,22,89"/><V74/><F115/><W88/><G119/><T78/><D35/><U128/><E109/><V132/><F121/><W104/><G125/><T60/><D111/><U120/><E128/><N who="0" m="49257" /><D78/><U36/><E120/><V27/><F2/><W25/><G31/><T48/><D37/><U118/><E118/><V30/><F132/><W55/><G73/><T108/><D108/><U134/><E105/><V13/><F13/><W64/><G64/><T112/><D112/><U67/><E134/><V33/><F63/><W69/><G69/><T98/><D60/><U24/><E6/><V133/><F133/><W116/><G116/><T62/><D62/><U124/><E124/><V122/><F122/><W10/><G55/><T80/><D80/><U4/><E4/><V68/><F68/><W15/><G81/><T5/><D5/><U70/><E82/><V126/><F79/><W100/><REACH who="3" step="1"/><G32/><REACH who="3" ten="473,50,273,194" step="2"/><T103/><D53/><U76/><E67/><V57/><F126/><W42/><G42/><T26/><D94/><U18/><E70/><V28/><F28/><W65/><G65/><T38/><D38/><U135/><E135/><V91/><REACH who="2" step="1"/><F44/><REACH who="2" ten="473,50,263,194" step="2"/><W1/><G1/><T40/><D47/><U56/><E66/><V110/><F110/><W90/><G90/><AGARI ba="0,2" hai="27,30,33,49,52,57,74,75,90,91,93,95,96,97" machi="90" ten="30,12000,1" yaku="1,1,7,1,9,1,52,1,54,1,53,0" doraHai="54" doraHaiUra="83" who="2" fromWho="3" sc="473,0,50,0,263,140,194,-120" /><INIT seed="2,1,0,4,3,76" ten="473,50,403,74" oya="2" hai0="57,128,17,59,78,53,74,97,50,107,18,56,84" hai1="14,65,88,3,118,0,95,49,80,60,119,10,106" hai2="43,35,81,25,134,116,69,79,112,122,111,11,36" hai3="33,101,100,55,6,26,58,13,62,48,115,89,87"/><V104/><RYUUKYOKU type="yao9" ba="1,0" sc="473,0,50,0,403,0,74,0" hai2="11,25,35,36,43,69,79,81,104,111,112,116,122,134" /><INIT seed="2,2,0,5,3,54" ten="473,50,403,74" oya="2" hai0="6,112,100,53,120,15,82,8,74,95,37,62,85" hai1="101,128,129,105,127,80,1,33,18,22,125,81,86" hai2="30,123,64,24,34,109,66,20,117,113,118,98,93" hai3="76,12,35,10,69,96,73,42,9,75,115,67,102"/><V14/><F113/><W126/><G115/><T94/><D112/><U77/><E33/><V36/><F123/><W51/><G35/><T110/><D120/><U78/><E1/><V70/><F36/><W130/><G130/><N who="1" m="50282" /><E18/><V106/><F109/><W63/><G126/><N who="1" m="48138" /><E22/><V56/><F70/><W3/><G76/><N who="1" m="29290" /><E86/><V116/><F14/><W49/><G3/><T68/><D85/><U59/><E59/><V50/><F34/><W71/><G71/><T119/><D68/><U31/><E31/><V47/><F56/><W45/><G9/><T87/><D87/><U121/><E121/><V99/><F116/><W5/><G51/><T25/><D119/><U2/><E2/><V57/><F117/><W114/><G114/><T108/><D8/><U29/><E29/><V13/><F13/><W124/><G124/><T43/><D15/><U16/><E16/><V4/><F4/><W41/><G41/><T19/><D43/><U55/><E55/><N who="2" m="31991" /><F47/><W46/><G46/><T84/><D19/><U72/><E72/><V79/><F118/><W39/><G49/><T134/><D74/><U7/><E7/><V65/><F79/><W27/><G27/><T132/><D25/><U48/><E48/><V107/><F98/><AGARI ba="2,0" hai="80,81,98,101,105" m="29290,48138,50282" machi="98" ten="40,8000,1" yaku="19,1,18,1,34,2" doraHai="54" who="1" fromWho="2" sc="473,0,50,86,403,-86,74,0" /><INIT seed="3,0,0,3,3,77" ten="473,136,317,74" oya="3" hai0="70,63,122,30,14,89,10,110,38,57,105,83,26" hai1="108,23,13,20,115,117,94,81,61,11,72,98,24" hai2="106,124,42,29,55,111,109,40,58,68,132,87,32" hai3="134,100,59,91,104,97,133,114,113,85,37,25,84"/><W67/><G37/><T47/><D122/><U121/><E108/><N who="2" m="41547" /><F106/><W92/><G25/><T16/><D110/><U60/><E23/><V62/><F124/><W31/><G31/><T79/><D70/><U66/><E115/><N who="3" m="44042" /><G59/><T4/><D105/><U15/><E121/><V53/><F132/><N who="3" m="50795" /><G67/><T28/><D89/><U131/><E66/><N who="2" m="41047" /><F87/><AGARI ba="0,0" hai="84,85,87,91,92,97,100,104" m="50795,44042" machi="87" ten="30,5800,0" yaku="20,1,34,2" doraHai="77" who="3" fromWho="2" sc="473,0,136,0,317,-58,74,58" /><INIT seed="3,1,0,4,4,97" ten="473,136,259,132" oya="3" hai0="103,90,130,80,35,95,2,68,42,3,81,9,105" hai1="36,111,84,0,115,87,12,19,125,66,133,39,120" hai2="86,64,60,7,98,116,135,121,25,14,77,102,59" hai3="122,51,11,5,65,43,127,32,107,72,22,101,18"/><W38/><G122/><T109/><D68/><U16/><E120/><V33/><F116/><W13/><G127/><T10/><D35/><U100/><E0/><V4/><F135/><W134/><G134/><T45/><D109/><U20/><E115/><V108/><F108/><W61/><G32/><T41/><D130/><U58/><E111/><V46/><F46/><W30/><G72/><T126/><D126/><U69/><E69/><V96/><F96/><W71/><G38/><T67/><D67/><U99/><E125/><V26/><F33/><W76/><G30/><T48/><D42/><U44/><E36/><V24/><F14/><W8/><G76/><T1/><D103/><U31/><E31/><V119/><F119/><W27/><G8/><T92/><D105/><U118/><E118/><V52/><F64/><W57/><G43/><T129/><D95/><N who="1" m="58495" /><E44/><V85/><F121/><W83/><G83/><T40/><D40/><U15/><E39/><V21/><F21/><W70/><REACH who="3" step="1"/><G51/><REACH who="3" ten="473,136,259,122" step="2"/><T91/><D48/><U93/><E133/><V114/><F77/><W29/><G29/><T88/><D80/><U6/><E6/><V132/><F132/><W47/><G47/><T50/><D81/><U53/><E93/><N who="2" m="58703" /><F114/><W79/><G79/><T28/><D28/><U113/><E113/><V17/><F17/><W131/><G131/><T94/><D129/><U37/><E37/><V117/><F117/><W89/><G89/><T106/><D106/><U56/><E19/><V54/><F4/><W128/><G128/><T78/><D78/><U82/><E82/><V110/><F7/><RYUUKYOKU ba="1,1" sc="473,15,136,-15,259,-15,122,15" hai0="1,2,3,9,10,41,45,50,88,90,91,92,94" hai3="5,11,13,18,22,27,57,61,65,70,71,101,107" /><INIT seed="3,2,1,2,4,21" ten="488,121,244,137" oya="3" hai0="65,105,92,114,93,87,42,60,80,63,59,121,54" hai1="38,1,96,51,41,91,4,78,62,66,50,116,17" hai2="7,84,110,83,130,100,3,67,68,15,11,69,70" hai3="117,24,37,20,122,134,14,2,61,36,95,49,34"/><W90/><G117/><T98/><D121/><U112/><E112/><V89/><F110/><W118/><G118/><T45/><D114/><U27/><E116/><V104/><F130/><W52/><G122/><T128/><D105/><U97/><E78/><V56/><F3/><W10/><G34/><T32/><D32/><U109/><E109/><V125/><F125/><W39/><G61/><T120/><D128/><U94/><E38/><V48/><F100/><W18/><G2/><T77/><D120/><U111/><E111/><V46/><F104/><W101/><G101/><T33/><D33/><U9/><E41/><V132/><F132/><W43/><G43/><T44/><D42/><U40/><E40/><V30/><F30/><W31/><G134/><T133/><D133/><U6/><E97/><V73/><F73/><W53/><REACH who="3" step="1"/><G49/><REACH who="3" ten="488,121,244,127" step="2"/><T79/><D63/><U99/><E99/><AGARI ba="2,2" hai="10,14,18,20,24,31,36,37,39,52,53,90,95,99" machi="99" ten="40,12000,1" yaku="1,1,2,1,52,1,54,1,53,0" doraHai="21" doraHaiUra="106" who="3" fromWho="1" sc="488,0,121,-126,244,0,127,146" owari="488,58.8,-5,-50.5,244,-15.6,273,7.3" /></mjloggm>