<mjloggm ver="2.3"><GO type="225" lobby="0"/><UN n0="%E6%A1%9C%E8%8A%B1%E9%96%83%E3%80%85" n1="%E5%8D%A0%E3%81%84%E5%B8%AB%E8%A3%8F%E3%81%AA%E3%81%84%E3%81%97" n2="%E6%B4%BE%E9%81%A3%E3%81%AE%E3%82%B8%E3%83%A3%E3%83%83%E3%82%AF" n3="%E7%A9%BA%E9%A3%9B%E3%81%B6%E8%8A%8B%E7%85%AE%E4%BC%9A" dan="16,17,17,16" rate="2115.49,2161.71,2231.14,2079.76" sx="M,M,M,F"/><TAIKYOKU oya="0"/><INIT seed="0,0,0,2,4,61" ten="250,250,250,250" oya="0" hai0="3,120,34,66,36,9,102,122,110,40,54,100,91" hai1="52,13,25,17,21,118,53,14,49,63,27,95,44" hai2="79,31,109,64,106,2,128,59,76,39,116,85,132" hai3="26,41,124,92,57,11,60,104,108,48,113,30,35"/><T86/><D34/><U51/><E118/><V62/><F106/><W72/><G113/><T114/><D114/><U111/><E111/><V7/><F109/><W105/><G108/><T10/><D110/><U89/><E63/><V50/><F39/><W101/><G72/><T28/><D28/><U56/><REACH who="1" step="1"/><E13/><REACH who="1" ten="250,240,250,250" step="2"/><V15/><F15/><W73/><G124/><T98/><D122/><U43/><E43/><V42/><F116/><W4/><G41/><T71/><D120/><U22/><E22/><V135/><F42/><W103/><G60/><T0/><D40/><U94/><E94/><V33/><F50/><W126/><G92/><T58/><D36/><U83/><E83/><V115/><F115/><W67/><G126/><T96/><D0/><U45/><E45/><V82/><F2/><W107/><G107/><T112/><D3/><U32/><E32/><V46/><F46/><W77/><G105/><T131/><D112/><U23/><E23/><V133/><F7/><W70/><G104/><T127/><D127/><U68/><E68/><V16/><F33/><W47/><G70/><T24/><D71/><U12/><E12/><V117/><F117/><W88/><G47/><T29/><D58/><U20/><E20/><V5/><F59/><W65/><G35/><T69/><D69/><U134/><E134/><V1/><F1/><W87/><G57/><T93/><D93/><U55/><E55/><V38/><F135/><W80/><G48/><T8/><D54/><U97/><AGARI ba="0,1" hai="14,17,21,25,27,44,49,51,52,53,56,89,95,97" machi="97" ten="20,12000,2" yaku="1,1,0,1,7,1,8,1,54,1,53,1" doraHai="61" doraHaiUra="18" who="1" fromWho="1" sc="250,-60,240,130,250,-30,250,-30" /><INIT seed="1,0,0,2,1,105" ten="190,370,220,220" oya="1" hai0="135,77,96,21,107,101,100,51,93,15,67,114,70" hai1="9,43,116,109,32,80,16,121,104,11,89,20,82" hai2="81,38,53,12,44,19,78,7,8,34,45,58,1" hai3="57,31,98,36,68,6,74,72,120,27,35,13,127"/><U86/><E116/><V26/><F38/><W83/><G120/><T79/><D114/><U123/><E104/><V2/><F2/><W5/><G68/><T73/><D135/><U76/><E32/><V102/><F102/><W115/><G115/><T37/><D37/><U55/><E43/><V24/><F24/><W91/><G36/><T63/><D51/><U49/><E109/><V14/><F1/><W112/><G112/><T111/><D111/><U25/><E123/><V113/><F113/><W84/><G127/><T124/><D124/><U59/><REACH who="1" step="1"/><E121/><REACH who="1" ten="190,360,220,220" step="2"/><V85/><F34/><W134/><G134/><T88/><D107/><U110/><E110/><V117/><F117/><W42/><G42/><T87/><D79/><U69/><E69/><V122/><F122/><W60/><G35/><T56/><D70/><U61/><E61/><N who="2" m="36047" /><F26/><W52/><G27/><T40/><D40/><U128/><E128/><V92/><F92/><W132/><G132/><T28/><D77/><U18/><E18/><V47/><F19/><W99/><G5/><T97/><D28/><U108/><E108/><V131/><F131/><W90/><G31/><T65/><D63/><U39/><E39/><V133/><F133/><W41/><G41/><T94/><D94/><U23/><E23/><V118/><F118/><W29/><G29/><T71/><D71/><U0/><E0/><V48/><F12/><W3/><G3/><T50/><D15/><U10/><E10/><V125/><F125/><W130/><G130/><T126/><D126/><U119/><E119/><V17/><F7/><W54/><G6/><RYUUKYOKU ba="0,1" sc="190,-15,360,15,220,15,220,-15" hai1="9,11,16,20,25,49,55,59,76,80,82,86,89" hai2="8,14,17,44,45,47,48,78,81,85" /><INIT seed="1,1,1,5,2,88" ten="175,375,235,205" oya="1" hai0="117,77,34,61,65,73,71,83,118,125,44,27,111" hai1="52,109,110,133,51,0,99,53,75,69,122,40,84" hai2="114,103,63,123,132,29,38,35,127,28,100,134,4" hai3="31,12,26,20,74,32,76,7,78,62,30,17,66"/><U115/><E115/><V130/><F123/><W126/><G74/><T92/><D111/><N who="1" m="42507" /><E75/><V95/><F38/><W90/><G126/><T93/><D125/><U119/><E119/><V87/><F127/><W6/><G31/><T25/><D34/><U107/><E122/><V45/><F4/><W42/><G42/><T43/><D118/><U8/><E69/><V113/><F45/><W36/><G36/><T124/><D124/><U98/><E133/><N who="2" m="51307" /><F63/><W1/><G6/><T96/><D117/><U120/><E120/><V70/><F70/><W22/><G22/><T82/><D82/><U46/><E84/><V39/><F39/><W97/><G7/><T79/><D79/><U5/><E107/><V121/><F121/><W49/><G1/><T101/><REACH who="0" step="1"/><D93/><REACH who="0" ten="165,375,235,205" step="2"/><U86/><E86/><V91/><F35/><W72/><G72/><T68/><D68/><U64/><E64/><V13/><F114/><W59/><G78/><T135/><D135/><U16/><E99/><V58/><F113/><W18/><G76/><T2/><D2/><U60/><E98/><V15/><F87/><W50/><G97/><T129/><D129/><U102/><E0/><V116/><F130/><W33/><G33/><T11/><D11/><U67/><E67/><V47/><F116/><W3/><G3/><T9/><D9/><U89/><E8/><V112/><F112/><W105/><G105/><T54/><D54/><U56/><E53/><V81/><F81/><W48/><G90/><T10/><D10/><U131/><E131/><V23/><F91/><W41/><G41/><T128/><D128/><RYUUKYOKU ba="1,2" sc="165,15,375,-15,235,-15,205,15" hai0="25,27,43,44,61,65,71,73,77,83,92,96,101" hai3="12,17,18,20,26,30,32,48,49,50,59,62,66" /><INIT seed="2,2,2,4,3,128" ten="180,360,220,220" oya="2" hai0="103,45,80,71,14,93,24,114,3,117,11,35,30" hai1="77,23,8,44,123,90,87,129,6,132,70,100,38" hai2="66,83,4,27,125,37,64,79,85,5,15,72,105" hai3="7,29,91,102,111,106,50,61,127,120,51,119,31"/><V118/><F118/><W39/><G119/><T109/><D117/><U98/><E129/><V58/><F105/><W9/><G120/><T54/><D114/><U19/><E70/><V22/><F37/><W74/><G39/><T57/><D71/><U131/><E131/><V67/><F125/><W134/><G127/><T2/><D45/><U94/><E132/><V133/><F133/><W82/><G111/><T33/><D33/><U43/><E123/><V0/><F0/><W18/><G18/><T86/><D93/><U95/><E77/><V49/><F72/><W101/><G61/><T55/><D103/><U62/><E62/><V59/><F15/><W48/><G134/><T104/><D104/><U130/><E130/><V1/><F1/><W26/><G106/><T121/><D55/><U92/><E23/><V56/><F49/><W42/><G42/><T78/><D109/><U110/><E19/><AGARI ba="2,2" hai="4,5,19,22,27,56,58,59,64,66,67,79,83,85" machi="19" ten="40,2000,0" yaku="8,1" doraHai="128" who="2" fromWho="1" sc="180,0,360,-26,220,46,220,0" /><INIT seed="2,3,0,0,1,10" ten="180,334,266,220" oya="2" hai0="1,30,62,4,120,65,96,70,133,72,104,45,105" hai1="22,76,128,20,49,99,75,86,57,80,41,131,111" hai2="82,71,77,48,0,66,17,42,55,60,68,7,40" hai3="35,135,103,85,32,69,126,43,31,100,106,73,56"/><V90/><F71/><W36/><G73/><T37/><D120/><U93/><E75/><V79/><F79/><W127/><G69/><T116/><D133/><U84/><E111/><V16/><F90/><W114/><G114/><T5/><D116/><U123/><E84/><V21/><F17/><W113/><G113/><T13/><D72/><U74/><E74/><V8/><F82/><W61/><G135/><T6/><D1/><U39/><E39/><V97/><F97/><W28/><G85/><T129/><D129/><N who="1" m="49739" /><E123/><V47/><REACH who="2" step="1"/><F77/><REACH who="2" ten="180,334,256,220" step="2"/><W2/><G103/><T112/><D112/><U92/><E99/><V15/><AGARI ba="3,1" hai="0,7,8,15,16,21,40,42,47,48,55,60,66,68" machi="15" ten="20,18000,2" yaku="1,1,2,1,0,1,7,1,52,1,54,1,53,0" doraHai="10" doraHaiUra="78" who="2" fromWho="2" sc="180,-63,334,-63,256,199,220,-63" /><INIT seed="2,4,0,5,2,36" ten="117,271,455,157" oya="2" hai0="113,10,69,30,77,46,83,93,96,133,52,70,88" hai1="53,17,60,107,4,89,38,13,62,126,117,72,116" hai2="2,57,35,27,26,31,44,21,56,81,108,40,48" hai3="32,102,3,129,78,112,114,1,105,33,79,12,22"/><V106/><F106/><W14/><G102/><T121/><D113/><U115/><E115/><N who="3" m="44074" /><G105/><T61/><D121/><U5/><E38/><V87/><F2/><N who="3" m="523" /><G22/><T128/><D128/><U125/><E72/><V122/><F108/><W15/><G129/><T41/><D30/><U63/><E107/><V74/><F74/><W84/><G84/><N who="0" m="48239" /><D70/><U39/><E39/><V99/><F99/><W66/><G66/><T101/><D69/><U18/><E53/><V59/><F122/><W90/><G90/><T109/><D133/><U23/><E89/><V127/><F127/><N who="1" m="48649" /><E18/><V94/><F94/><W45/><G45/><T86/><D109/><U95/><E95/><V80/><F87/><W97/><G97/><T118/><D118/><AGARI ba="4,0" hai="4,5,13,17,23,60,62,63,116,117,118" m="48649" machi="118" ten="40,1300,0" yaku="18,1" doraHai="36" who="1" fromWho="0" sc="117,-25,271,25,455,0,157,0" /><INIT seed="3,0,0,2,2,104" ten="92,296,455,157" oya="3" hai0="16,131,27,70,134,30,33,29,35,49,87,58,102" hai1="75,43,116,133,41,68,59,79,121,90,36,94,106" hai2="38,48,14,55,65,56,91,20,109,69,117,37,8" hai3="9,76,127,17,95,53,112,77,21,132,119,50,86"/><W115/><G119/><T46/><D131/><U45/><E121/><V92/><F109/><W62/><G132/><T93/><D134/><U128/><E68/><V100/><F100/><W54/><G127/><T105/><D70/><U80/><E133/><V7/><F117/><W40/><G9/><T85/><D105/><U99/><E128/><V125/><F125/><W32/><G32/><T114/><D114/><U97/><E41/><V15/><F65/><W111/><G111/><T6/><D6/><U34/><E34/><V47/><F47/><W1/><G1/><T110/><D110/><U5/><E5/><V61/><F61/><W101/><G40/><T66/><D66/><U74/><E116/><V0/><F69/><W122/><G122/><T96/><D58/><U108/><E108/><V73/><F73/><W89/><G101/><T57/><D57/><U71/><E71/><V126/><F126/><W135/><G135/><T130/><D130/><U88/><E59/><V12/><F20/><W13/><G62/><T2/><D2/><U18/><E18/><V113/><F113/><W51/><G115/><T44/><D44/><U23/><E23/><V129/><F129/><W124/><G124/><T24/><REACH who="0" step="1"/><D16/><REACH who="0" ten="82,296,455,157" step="2"/><U39/><E106/><V28/><F7/><W120/><G112/><T11/><D11/><U22/><E22/><V118/><F0/><W25/><G13/><T81/><D81/><U64/><E64/><V83/><F14/><W31/><G17/><T10/><D10/><U103/><E80/><V82/><F118/><W3/><G3/><T63/><D63/><RYUUKYOKU ba="0,1" sc="82,30,296,-10,455,-10,157,-10" hai0="24,27,29,30,33,35,46,49,85,87,93,96,102" owari="112,-38.8,286,8.6,455,55.5,147,-25.3" /></mjloggm>