<mjloggm ver="2.3"><GO type="225" lobby="0"/><UN n0="%E7%89%B9%E6%9D%B1%E3%81%AF%E4%B8%96%E7%95%8C%E3%82%92%E6%95%91%E3%81%86" n1="%E3%81%8F%E3%82%8A%E3%83%94%E3%83%BC" n2="%E3%81%82%E3%81%99%E3%81%AB%E3%82%83%E3%82%80" n3="%61%6D%65%6B%69" dan="16,16,16,16" rate="2166.74,2104.29,2028.33,2080.45" sx="M,M,F,M"/><TAIKYOKU oya="0"/><INIT seed="0,0,0,3,5,8" ten="250,250,250,250" oya="0" hai0="64,4,75,42,111,119,13,51,127,128,112,97,125" hai1="73,12,114,115,1,47,35,110,107,92,99,79,20" hai2="129,66,131,29,53,77,98,22,82,26,102,48,50" hai3="104,17,109,65,103,11,81,3,74,108,45,76,57"/><T80/><D112/><N who="1" m="43051" /><E1/><V59/><F66/><W118/><G118/><T87/><D75/><U36/><E35/><V61/><F129/><W132/><G132/><T133/><D119/><U89/><E110/><N who="3" m="42602" /><G45/><N who="0" m="26039" /><D111/><U58/><E107/><V135/><F135/><W100/><G104/><T62/><D97/><U19/><E58/><V27/><F27/><W43/><G43/><T84/><D133/><U60/><E60/><V40/><F40/><W130/><G130/><T116/><D116/><U9/><E47/><V52/><F53/><W88/><G3/><T6/><D128/><U122/><E122/><V49/><F131/><W67/><G67/><T91/><D84/><U2/><E36/><V93/><REACH who="2" step="1"/><F61/><REACH who="2" ten="250,250,240,250" step="2"/><W126/><G65/><T7/><D62/><U105/><E105/><V46/><F46/><W68/><G68/><T78/><D64/><U55/><E55/><V14/><F14/><N who="3" m="7391" /><G57/><T37/><D37/><U30/><E2/><V24/><F24/><W33/><G33/><T34/><D34/><U121/><E121/><V56/><F56/><W113/><G113/><T71/><D71/><U21/><E30/><V39/><F39/><W134/><G134/><T0/><D0/><U28/><E28/><V101/><F101/><W90/><G126/><N who="0" m="48139" /><D13/><U32/><E32/><V120/><F120/><W124/><G124/><T18/><D18/><U69/><E69/><V10/><F10/><W70/><G70/><T15/><D15/><U72/><E72/><AGARI ba="0,1" hai="22,26,29,48,49,50,52,59,72,77,82,93,98,102" machi="72" ten="30,7700,0" yaku="1,1,7,1,54,1,53,1" doraHai="8" doraHaiUra="106" who="2" fromWho="1" sc="250,0,250,-77,240,87,250,0" /><INIT seed="1,0,0,5,3,67" ten="250,173,327,250" oya="1" hai0="62,83,42,24,48,132,18,102,10,85,1,103,20" hai1="31,130,56,54,66,129,112,0,61,88,16,113,49" hai2="13,34,128,8,120,127,86,110,78,37,27,106,81" hai3="43,84,91,21,126,99,75,124,3,6,76,7,111"/><U57/><E31/><V123/><F37/><W68/><G111/><T53/><D132/><U79/><E79/><V118/><F110/><W101/><G43/><T22/><D42/><U92/><E0/><V15/><F118/><W69/><G21/><T87/><D62/><U125/><E125/><N who="3" m="48234" /><G76/><T40/><D40/><U133/><E133/><V114/><F127/><W89/><G75/><T17/><D10/><U19/><E113/><V36/><F36/><W116/><G116/><T47/><D1/><U9/><E112/><V134/><F114/><W100/><G100/><T108/><D108/><U30/><E30/><V60/><F106/><N who="3" m="63807" /><G91/><N who="0" m="51647" /><D87/><N who="1" m="52255" /><E9/><V80/><F86/><W4/><G3/><T63/><D63/><U98/><E98/><V131/><F60/><W46/><G46/><T35/><D35/><U122/><E122/><V51/><F120/><W11/><G11/><T104/><D104/><U59/><E56/><V23/><F123/><W135/><G135/><T109/><D109/><U25/><E25/><AGARI ba="0,0" hai="17,18,20,22,24,25,47,48,53,102,103" m="51647" machi="25" ten="30,1000,0" yaku="8,1" doraHai="67" who="0" fromWho="1" sc="250,10,173,-10,327,0,250,0" /><INIT seed="2,0,0,3,2,23" ten="260,163,327,250" oya="2" hai0="98,36,87,82,128,90,69,32,103,60,72,65,121" hai1="26,80,19,123,45,42,112,56,52,79,119,37,133" hai2="66,100,54,41,104,8,5,18,17,81,28,85,35" hai3="120,116,125,46,84,86,132,25,107,88,96,24,15"/><V102/><F41/><W27/><G116/><T20/><D121/><U89/><E119/><V129/><F66/><W124/><G120/><T0/><D36/><U38/><E112/><V13/><F129/><W109/><G109/><T122/><D122/><U91/><E133/><V97/><F100/><W94/><G132/><T61/><D0/><U134/><E38/><V77/><REACH who="2" step="1"/><F54/><REACH who="2" ten="260,163,317,250" step="2"/><W126/><G107/><T135/><D128/><U110/><E123/><V111/><F111/><W34/><G34/><T51/><D65/><U71/><E110/><V49/><F49/><W73/><G73/><T78/><D51/><U95/><E134/><V127/><F127/><W48/><G15/><T74/><D103/><U2/><E52/><AGARI ba="0,1" hai="24,25,27,46,48,52,84,86,88,94,96,124,125,126" machi="52" ten="50,12000,2" yaku="18,1,52,3,54,2" doraHai="23" who="3" fromWho="1" sc="260,0,163,-120,317,0,250,130" /><INIT seed="3,0,0,3,0,16" ten="260,43,317,380" oya="3" hai0="117,113,7,93,133,27,3,77,12,50,40,31,97" hai1="116,37,98,84,18,106,66,51,4,128,78,17,63" hai2="109,13,30,14,72,82,67,9,132,79,2,34,103" hai3="70,122,19,108,95,39,24,68,65,127,91,120,28"/><W71/><G39/><T94/><D117/><U130/><E37/><V6/><F67/><W42/><G42/><T57/><D3/><U46/><E4/><V114/><F114/><W26/><G127/><T102/><D113/><U107/><E98/><V52/><F109/><W110/><G19/><T119/><D133/><U89/><E78/><V86/><F132/><W105/><G24/><T5/><D119/><U99/><E99/><V111/><F111/><N who="3" m="42539" /><G105/><T96/><D12/><U124/><E124/><V118/><F118/><W59/><G59/><T87/><D77/><U15/><E130/><V85/><F103/><W88/><G65/><T125/><D87/><U75/><E75/><V64/><F64/><W60/><G60/><T25/><D125/><U58/><E128/><V1/><F86/><N who="3" m="52631" /><G91/><T8/><D8/><U48/><E116/><V61/><F30/><W10/><G10/><T92/><D92/><U53/><E107/><V100/><F34/><AGARI ba="0,0" hai="26,28,34,68,70,71,120,122" m="52631,42539" machi="34" ten="40,7700,0" yaku="14,1,10,1,54,1" doraHai="16" who="3" fromWho="2" sc="260,0,43,0,317,-77,380,77" owari="260,6.0,43,-45.7,240,-16.0,457,55.7" /></mjloggm>