<mjloggm ver="2.3"><GO type="225" lobby="0"/><UN n0="%E4%B8%AD%E5%B9%B4%E3%81%AE%E5%8D%B1%E6%A9%9F" n1="%E3%83%AD%E3%83%83%E3%83%86%E9%9B%80%E7%90%83" n2="%E3%81%A6%E3%81%A4%EF%BC%A3" n3="%E6%80%AA%E3%81%97%E3%81%99%E3%81%8E%E3%82%8B%E3%83%81%E3%83%BC" dan="16,17,16,16" rate="2136.36,2254.01,2079.48,2147.31" sx="M,M,M,M"/><TAIKYOKU oya="0"/><INIT seed="0,0,0,5,4,72" ten="250,250,250,250" oya="0" hai0="13,126,11,43,66,112,38,64,2,16,34,41,48" hai1="51,56,82,73,3,107,18,127,88,77,78,100,52" hai2="90,115,1,135,55,27,102,29,12,96,32,75,40" hai3="113,70,23,39,44,117,69,7,33,49,111,128,76"/><T83/><D112/><U36/><E127/><V110/><F115/><W68/><G33/><T58/><D126/><U10/><E36/><V89/><F110/><W62/><G113/><T134/><D134/><U54/><E107/><V59/><F1/><W106/><G106/><T81/><D34/><U80/><E100/><V21/><F75/><W9/><G117/><T20/><D38/><U84/><E54/><V25/><F12/><W74/><G23/><T42/><D2/><U15/><REACH who="1" step="1"/><E3/><REACH who="1" ten="250,240,250,250" step="2"/><V98/><F135/><W60/><G39/><T37/><D37/><U99/><E99/><V46/><F96/><W95/><G111/><T53/><D11/><U123/><E123/><V97/><F97/><W118/><G9/><T93/><D93/><U85/><E85/><V61/><F102/><W30/><G74/><T108/><D108/><U86/><E86/><V5/><F98/><W50/><G95/><T131/><D131/><U0/><E0/><V103/><F103/><W65/><G128/><T125/><D125/><U63/><E63/><V71/><F55/><W116/><G60/><T132/><REACH who="0" step="1"/><D132/><REACH who="0" ten="240,240,250,250" step="2"/><U26/><E26/><V122/><F25/><W87/><G116/><T57/><D57/><U8/><E8/><V6/><F27/><W45/><G118/><T120/><D120/><U28/><E28/><V17/><F29/><W31/><G30/><T47/><D47/><U121/><E121/><V129/><F122/><W92/><G44/><T124/><D124/><U130/><E130/><V14/><F129/><W79/><G31/><T114/><D114/><U19/><E19/><RYUUKYOKU ba="0,2" sc="240,15,240,15,250,-15,250,-15" hai0="13,16,20,41,42,43,48,53,58,64,66,81,83" hai1="10,15,18,51,52,56,73,77,78,80,82,84,88" /><INIT seed="0,1,2,0,3,60" ten="255,255,235,235" oya="0" hai0="95,44,102,33,94,115,66,110,132,4,113,42,114" hai1="123,19,3,64,5,34,50,104,103,17,81,116,105" hai2="61,90,22,23,109,25,97,54,78,2,79,89,24" hai3="92,73,21,48,135,0,119,76,18,16,28,83,36"/><T10/><D33/><U124/><E116/><V96/><F2/><W131/><G36/><T80/><D132/><U43/><E123/><V87/><F109/><W108/><G119/><T57/><D110/><U98/><E34/><V93/><F54/><W55/><G0/><T35/><D35/><U9/><E124/><V59/><F59/><W85/><G131/><T127/><D127/><U75/><E105/><V128/><F61/><W107/><G107/><T58/><D80/><U15/><E64/><V12/><F128/><W67/><G67/><T20/><D20/><N who="2" m="7722" /><F12/><W40/><G40/><T6/><D66/><U69/><E69/><V91/><F97/><W133/><G108/><T122/><D122/><U47/><REACH who="1" step="1"/><E3/><REACH who="1" ten="255,245,235,235" step="2"/><V112/><F112/><W31/><G133/><T106/><D106/><U26/><E26/><N who="2" m="10347" /><F87/><W134/><G85/><T82/><D113/><U71/><E71/><V37/><F37/><W39/><G134/><T77/><D114/><U126/><E126/><V30/><F30/><W49/><G39/><T53/><D115/><U51/><E51/><V121/><F121/><W27/><G135/><T84/><D102/><AGARI ba="1,3" hai="78,79,89,90,91,93,96,102" m="10347,7722" machi="102" ten="30,1000,0" yaku="8,1" doraHai="60" who="2" fromWho="0" sc="255,-13,245,0,235,43,235,0" /><INIT seed="1,0,0,1,3,80" ten="242,245,278,235" oya="1" hai0="36,27,52,66,98,128,58,9,133,60,26,123,55" hai1="40,38,95,74,31,96,134,18,97,34,76,100,107" hai2="99,5,113,62,132,92,23,0,39,32,83,17,79" hai3="82,69,112,46,103,70,41,51,114,120,118,116,15"/><U125/><E125/><V2/><F32/><W65/><G103/><T48/><D36/><U47/><E134/><V11/><F132/><W84/><G120/><T111/><D133/><U1/><E1/><V75/><F0/><W81/><G81/><T44/><D123/><U29/><E34/><V57/><F113/><N who="3" m="43627" /><G15/><T106/><D128/><U101/><E76/><V127/><F127/><W54/><G65/><T93/><D106/><U68/><E68/><N who="3" m="26218" /><G84/><T53/><D9/><U85/><E74/><V10/><F39/><N who="3" m="21823" /><G82/><T115/><D111/><U131/><E131/><V14/><F5/><W33/><G33/><T21/><D115/><U78/><E78/><V91/><F2/><W90/><G90/><T94/><D27/><U117/><E85/><V64/><AGARI ba="0,0" hai="10,11,14,17,23,57,62,64,75,79,83,91,92,99" machi="64" ten="20,1500,0" yaku="0,1,7,1" doraHai="80" who="2" fromWho="2" sc="242,-4,245,-7,278,15,235,-4" /><INIT seed="2,0,0,0,2,88" ten="238,238,293,231" oya="2" hai0="121,30,37,7,119,129,44,4,131,115,13,111,135" hai1="124,12,98,108,43,51,65,114,126,8,0,123,54" hai2="15,22,57,42,46,35,86,50,105,16,18,117,73" hai3="106,52,103,71,102,58,77,41,70,56,84,5,48"/><V2/><F117/><W133/><G133/><T78/><D37/><U112/><E108/><V26/><F73/><W85/><G106/><T9/><D78/><U63/><E123/><V118/><F118/><W75/><G75/><T38/><D119/><U79/><E0/><V45/><F105/><W96/><G71/><T93/><D121/><U83/><E43/><V14/><F2/><W66/><G70/><T53/><D115/><U91/><E91/><V32/><F57/><W100/><G41/><T47/><D38/><U67/><E98/><V20/><F26/><W62/><G5/><T39/><D39/><U27/><E27/><V127/><F46/><W40/><G40/><T25/><D7/><N who="1" m="3103" /><E51/><V90/><F127/><N who="1" m="48681" /><E54/><V17/><F17/><W10/><G10/><T55/><D111/><U24/><E24/><V110/><F110/><W95/><G77/><T3/><D135/><U122/><E122/><V134/><F134/><W64/><G64/><N who="1" m="24650" /><E63/><V97/><F97/><W59/><G59/><T82/><D3/><U128/><E128/><N who="0" m="49225" /><D47/><U72/><AGARI ba="0,0" hai="72,79,83,112,114" m="24650,48681,3103" machi="72" ten="30,1100,0" yaku="18,1" doraHai="88" who="1" fromWho="1" sc="238,-3,238,11,293,-5,231,-3" /><INIT seed="3,0,0,1,3,9" ten="235,249,288,228" oya="3" hai0="48,135,5,34,90,60,112,88,35,14,74,115,1" hai1="96,62,4,103,59,73,111,98,23,19,92,75,68" hai2="29,32,70,16,134,132,126,3,51,101,89,43,46" hai3="69,38,66,131,17,133,109,105,118,100,15,78,72"/><W124/><RYUUKYOKU type="yao9" ba="0,0" sc="235,0,249,0,288,0,228,0" hai3="15,17,38,66,69,72,78,100,105,109,118,124,131,133" /><INIT seed="3,1,0,4,1,123" ten="235,249,288,228" oya="3" hai0="28,106,71,54,38,73,9,95,45,135,108,119,62" hai1="103,98,56,130,60,117,90,83,18,134,46,79,93" hai2="48,118,13,0,133,125,52,99,1,104,41,97,57" hai3="14,53,27,77,80,39,26,92,100,109,36,24,102"/><W20/><G109/><T12/><D106/><U132/><E130/><V4/><F118/><W63/><G36/><T66/><D73/><U85/><E117/><V15/><F133/><W86/><G39/><T75/><D75/><U59/><E46/><N who="2" m="25679" /><F0/><W94/><G53/><T87/><D119/><U44/><E44/><V29/><F1/><W114/><G63/><T11/><D135/><U105/><E59/><V96/><F104/><W17/><REACH who="3" step="1"/><G114/><REACH who="3" ten="235,249,288,218" step="2"/><T127/><D108/><U49/><E49/><N who="2" m="30863" /><F125/><W72/><G72/><T16/><D127/><U47/><E60/><V37/><F37/><W128/><G128/><T25/><D54/><U55/><E55/><V74/><F74/><W68/><G68/><T33/><D38/><U82/><E134/><V120/><F120/><W40/><G40/><T124/><D124/><U67/><E132/><V111/><F111/><W91/><G91/><T19/><D45/><U70/><E90/><V113/><F113/><W34/><G34/><T89/><REACH who="0" step="1"/><D11/><REACH who="0" ten="225,249,288,218" step="2"/><U10/><E10/><V101/><F101/><AGARI ba="1,2" hai="14,17,20,24,26,27,77,80,86,92,94,100,101,102" machi="101" ten="40,12000,1" yaku="1,1,8,1,53,2" doraHai="123" doraHaiUra="88" who="3" fromWho="2" sc="225,0,249,0,288,-123,218,143" owari="225,-17.5,249,4.9,165,-33.5,361,46.1" /></mjloggm>