<mjloggm ver="2.3"><GO type="225" lobby="0"/><UN n0="%E6%A1%9C%E8%8A%B1%E9%96%83%E3%80%85" n1="%6C%61%6D%62" n2="%E3%81%90%E3%81%A1%E3%82%84%E3%81%BE" n3="%30%2E%31%32%30" dan="17,16,16,16" rate="2179.32,2194.22,2122.56,2127.74" sx="M,M,M,M"/><TAIKYOKU oya="0"/><INIT seed="0,0,0,0,3,34" ten="250,250,250,250" oya="0" hai0="40,71,88,102,36,58,8,15,38,82,92,72,91" hai1="46,104,90,117,20,109,60,103,70,28,49,50,116" hai2="2,83,84,6,87,95,63,43,39,126,112,57,124" hai3="64,68,113,120,61,13,75,86,99,62,1,19,79"/><T53/><D71/><U131/><E109/><V29/><F112/><W21/><G113/><T107/><D107/><U80/><E104/><V12/><F29/><W47/><G120/><T22/><D22/><U74/><E103/><V4/><F12/><W11/><G75/><T24/><D24/><U135/><E135/><V81/><F43/><W77/><G99/><T45/><D38/><U14/><E131/><V118/><F39/><W33/><G33/><T41/><D41/><U127/><E127/><N who="2" m="48683" /><F118/><W123/><G123/><T37/><D37/><U25/><E49/><V97/><F2/><W89/><G47/><T78/><D102/><U66/><E14/><V65/><F84/><W119/><G119/><T30/><D30/><U94/><E80/><N who="2" m="30795" /><F87/><W31/><G31/><T122/><D122/><U35/><E35/><V125/><N who="2" m="48691" /><V108/><DORA hai="51" /><F108/><W48/><G79/><T121/><D121/><U128/><E128/><V16/><F16/><W115/><G77/><T98/><D15/><U32/><E74/><V111/><F111/><W132/><G13/><T54/><D8/><U10/><E10/><V9/><F9/><W134/><G11/><T26/><D26/><U18/><E18/><V106/><F106/><W59/><G115/><T52/><REACH who="0" step="1"/><D91/><AGARI ba="0,0" hai="4,6,57,63,65,91,95,97" m="30795,48691" machi="91" ten="40,1300,0" yaku="18,1" doraHai="34,51" who="2" fromWho="0" sc="250,-13,250,0,250,13,250,0" /><INIT seed="1,0,0,2,2,51" ten="237,250,263,250" oya="1" hai0="92,116,41,29,37,49,3,55,81,93,133,120,1" hai1="32,22,11,89,104,15,19,54,17,119,95,45,28" hai2="84,13,68,65,27,52,97,10,53,108,24,100,5" hai3="105,34,79,121,39,91,47,46,26,107,112,67,103"/><U128/><E119/><V130/><F68/><W0/><G0/><T56/><D116/><U23/><E128/><V75/><F75/><W74/><G121/><T76/><D120/><U131/><E131/><V102/><F130/><W42/><G112/><T6/><D29/><U73/><E73/><V98/><F65/><W114/><G114/><T135/><D93/><U38/><E104/><V40/><F40/><W101/><G67/><T86/><D92/><U96/><E32/><V31/><F108/><W88/><G34/><T134/><REACH who="0" step="1"/><D6/><REACH who="0" ten="227,250,263,250" step="2"/><U72/><E28/><V69/><F31/><W70/><G105/><T35/><D35/><U109/><E109/><V113/><F5/><W7/><G107/><T57/><D57/><U14/><E72/><V18/><F113/><W115/><G115/><T71/><D71/><U85/><E85/><V20/><F69/><W129/><G70/><T48/><D48/><N who="1" m="28943" /><E38/><V126/><F84/><W16/><G39/><T123/><D123/><U12/><E11/><V132/><F10/><W59/><G129/><T99/><D99/><U78/><E78/><V80/><F98/><W127/><G79/><T111/><D111/><U58/><E58/><V87/><F97/><W44/><G59/><T106/><D106/><U61/><E61/><V77/><F87/><W62/><G62/><T4/><D4/><U110/><E110/><V33/><F77/><W50/><G7/><T21/><D21/><AGARI ba="0,1" hai="12,14,15,17,19,21,22,23,89,95,96" m="28943" machi="21" ten="30,2900,0" yaku="8,1,52,1" doraHai="51" who="1" fromWho="0" sc="227,-29,250,39,263,0,250,0" /><INIT seed="1,1,0,3,1,125" ten="198,289,263,250" oya="1" hai0="33,117,88,27,102,36,116,109,84,130,111,103,99" hai1="37,55,89,108,132,98,113,135,95,75,106,120,80" hai2="1,31,104,39,20,41,18,74,133,40,92,15,35" hai3="17,72,123,64,12,124,114,68,16,21,14,51,105"/><U61/><E113/><V107/><F74/><W3/><G3/><T44/><D44/><U79/><E37/><V100/><F1/><W115/><G124/><T78/><D36/><U87/><E120/><V58/><F133/><N who="1" m="51273" /><E61/><V82/><F35/><W26/><G123/><T70/><D70/><U30/><E30/><V63/><F39/><W32/><G72/><T77/><D27/><U110/><E55/><V24/><F107/><W10/><G105/><N who="0" m="63711" /><D103/><AGARI ba="1,0" hai="75,79,80,87,89,95,98,103,106,108,110" m="51273" machi="103" ten="30,11600,0" yaku="24,1,20,1,34,2" doraHai="125" who="1" fromWho="0" sc="198,-119,289,119,263,0,250,0" /><INIT seed="1,2,0,2,5,119" ten="79,408,263,250" oya="1" hai0="23,93,38,55,103,73,85,17,50,66,68,71,18" hai1="24,4,117,121,106,58,48,30,102,107,41,90,45" hai2="109,77,10,1,64,101,129,28,120,8,21,96,100" hai3="56,59,60,42,9,95,22,86,123,84,40,70,72"/><U116/><E4/><V52/><F1/><W36/><G72/><T53/><D38/><U113/><E113/><V79/><F120/><W12/><G70/><T31/><D73/><U114/><E114/><V69/><F109/><W63/><G123/><T54/><D66/><U16/><E121/><V87/><F129/><W104/><G36/><T81/><D68/><U83/><E117/><V3/><F3/><W80/><G104/><T88/><D71/><U92/><E116/><V112/><F64/><W26/><G95/><T135/><D135/><U115/><E115/><V65/><F65/><N who="3" m="39047" /><G59/><T134/><D134/><U118/><E118/><V25/><F69/><W74/><G63/><T6/><D6/><U75/><E102/><V128/><F128/><W29/><G84/><T14/><D31/><U67/><E67/><V133/><F133/><W105/><G74/><T19/><REACH who="0" step="1"/><D50/><REACH who="0" ten="69,408,263,250" step="2"/><U32/><E48/><V15/><F112/><W98/><G29/><T51/><D51/><U5/><E30/><V78/><F28/><N who="3" m="17495" /><G105/><T27/><D27/><U2/><E24/><V89/><F25/><W108/><G108/><T57/><D57/><U97/><E58/><V91/><F15/><W44/><G44/><T11/><D11/><U7/><E45/><V39/><F39/><W47/><G47/><T13/><D13/><U125/><E106/><V82/><F21/><W131/><G131/><T43/><D43/><U132/><E107/><V34/><F10/><W127/><G42/><T94/><D94/><U130/><E132/><V110/><F110/><W126/><G40/><T35/><D35/><RYUUKYOKU ba="2,1" sc="69,30,408,-10,263,-10,250,-10" hai0="14,17,18,19,23,53,54,55,81,85,88,93,103" /><INIT seed="2,3,1,2,2,67" ten="99,398,253,240" oya="2" hai0="114,116,100,50,65,25,109,102,98,122,83,63,3" hai1="29,49,76,105,125,21,74,41,35,23,66,37,130" hai2="87,32,33,88,53,79,7,99,77,58,73,36,75" hai3="12,61,56,120,107,127,15,39,38,31,118,68,113"/><V13/><F36/><W128/><G107/><T96/><D122/><U17/><E49/><V131/><F131/><W129/><G118/><T64/><D114/><U44/><E66/><V106/><F33/><W14/><G120/><T119/><D3/><U46/><E46/><V90/><F32/><W94/><G113/><T108/><D50/><U60/><E60/><V19/><F7/><W111/><G111/><N who="0" m="42571" /><D25/><U115/><E21/><V101/><F75/><W11/><G31/><T42/><D42/><U86/><E23/><V91/><F73/><W2/><G68/><N who="0" m="42015" /><D83/><U81/><E81/><V24/><F24/><W5/><G94/><N who="0" m="58391" /><D65/><U43/><E43/><V82/><F58/><W10/><G38/><T4/><D4/><U34/><E41/><V8/><REACH who="2" step="1"/><F53/><REACH who="2" ten="99,398,243,240" step="2"/><N who="3" m="33935" /><G39/><T80/><D80/><U52/><E37/><V121/><F121/><W22/><G128/><T18/><D18/><U126/><E17/><V117/><F117/><W45/><G129/><T59/><D59/><U40/><E130/><V132/><F132/><W16/><G5/><T70/><D70/><U97/><E35/><V0/><F0/><W28/><G2/><T54/><D54/><U112/><E52/><V27/><F27/><W20/><G14/><T124/><D119/><U134/><E112/><V62/><F62/><W89/><G15/><T110/><D116/><U103/><E115/><V104/><F104/><W1/><G12/><T55/><D55/><U135/><E135/><V51/><F51/><W6/><G1/><T123/><N who="0" m="42579" /><T69/><DORA hai="9" /><D123/><U92/><E134/><V71/><F71/><RYUUKYOKU ba="3,2" sc="99,-10,398,-10,243,30,240,-10" hai2="8,13,19,77,79,82,87,88,90,91,99,101,106" /><INIT seed="2,4,2,2,2,43" ten="89,388,273,230" oya="2" hai0="50,104,76,27,65,134,36,119,81,115,3,94,68" hai1="14,93,106,11,32,74,48,118,9,35,30,58,103" hai2="95,86,10,19,54,91,6,18,13,124,109,83,79" hai3="39,45,131,113,125,126,96,64,105,71,112,85,8"/><V101/><F124/><N who="3" m="47723" /><G131/><T29/><D115/><N who="3" m="44105" /><G8/><T87/><D36/><U82/><E106/><V31/><F109/><W127/><G85/><T28/><D104/><U75/><E11/><V98/><F31/><W49/><G39/><T114/><D114/><U46/><E9/><V5/><F19/><W117/><G117/><T51/><D119/><U55/><E75/><V59/><REACH who="2" step="1"/><F79/><REACH who="2" ten="89,388,263,230" step="2"/><W120/><G127/><T73/><D29/><U123/><E30/><V23/><F23/><W111/><G111/><T129/><D28/><U80/><E118/><V56/><F56/><W70/><G120/><T21/><D76/><U107/><E58/><V88/><F88/><W37/><G71/><T24/><D68/><U100/><E123/><V47/><F47/><W61/><G70/><T42/><D21/><U2/><E46/><V72/><F72/><W57/><G37/><T102/><D73/><U4/><E74/><V7/><F7/><W0/><G45/><T121/><D121/><U78/><E78/><V110/><F110/><W67/><G57/><T130/><D130/><U132/><E4/><V90/><F90/><W66/><G61/><AGARI ba="4,3" hai="5,6,10,13,18,54,59,61,83,86,91,95,98,101" machi="61" ten="30,11600,0" yaku="1,1,7,1,8,1,53,1" doraHai="43" doraHaiUra="92" who="2" fromWho="3" sc="89,0,388,0,263,158,230,-128" /><INIT seed="2,5,0,1,0,45" ten="89,388,421,102" oya="2" hai0="133,52,87,29,49,95,28,56,53,59,128,93,77" hai1="0,48,66,119,104,123,62,22,113,84,33,107,130" hai2="97,64,50,109,14,117,34,72,5,92,30,83,18" hai3="12,63,78,16,80,31,88,114,86,68,25,38,13"/><V46/><F117/><W101/><G114/><T3/><D128/><U82/><E33/><V115/><F115/><W132/><G132/><T98/><D3/><U41/><E113/><V120/><F120/><W17/><G38/><T89/><D133/><U1/><E119/><V54/><F5/><W71/><G101/><N who="0" m="60623" /><D77/><U91/><E123/><V112/><F112/><W111/><G111/><T85/><D85/><U65/><E130/><V108/><F64/><W131/><G131/><T94/><D94/><U124/><E124/><V61/><F61/><AGARI ba="5,0" hai="28,29,49,52,53,56,59,61,87,89,95" m="60623" machi="61" ten="30,3900,0" yaku="8,1,52,1,54,1" doraHai="45" who="0" fromWho="2" sc="89,54,388,0,421,-54,102,0" /><INIT seed="3,0,0,2,3,88" ten="143,388,367,102" oya="3" hai0="110,44,97,14,100,13,0,101,69,8,122,116,9" hai1="63,10,41,24,35,49,83,64,114,85,118,33,77" hai2="84,86,78,29,4,125,115,40,30,22,96,66,81" hai3="94,72,128,17,73,42,132,38,106,58,50,46,7"/><W20/><G106/><T107/><D116/><U99/><E114/><V6/><F115/><W25/><G128/><T48/><D122/><U131/><E131/><V89/><F125/><W57/><G132/><T43/><D110/><U104/><E118/><V60/><F40/><W119/><G119/><T54/><D69/><U27/><E33/><V56/><F96/><W61/><G7/><N who="2" m="2601" /><F22/><W5/><G5/><T51/><D0/><U108/><E35/><V109/><F109/><W32/><G32/><T76/><D76/><U52/><E41/><V26/><F26/><W15/><G25/><T12/><REACH who="0" step="1"/><D100/><REACH who="0" ten="133,388,367,102" step="2"/><U126/><E108/><V59/><F59/><AGARI ba="0,1" hai="8,9,12,13,14,43,44,48,51,54,59,97,101,107" machi="59" ten="40,5200,0" yaku="1,1,2,1,53,1" doraHai="88" doraHaiUra="37" who="0" fromWho="2" sc="133,62,388,0,367,-52,102,0" owari="195,-20.5,388,48.8,315,11.5,102,-39.8" /></mjloggm>