<mjloggm ver="2.3"><GO type="225" lobby="0"/><UN n0="%E3%82%A2%E3%83%A1%E3%82%A2%E3%83%A9%E3%83%AC" n1="%E6%81%A5%E6%99%92%E3%81%97" n2="%33%74%72%65%65" n3="%77%72%77%72%77%72%77%72" dan="16,16,16,17" rate="2095.60,2117.77,2121.23,2202.01" sx="M,M,F,M"/><TAIKYOKU oya="0"/><INIT seed="0,0,0,4,3,43" ten="250,250,250,250" oya="0" hai0="35,73,65,107,86,17,129,25,47,134,132,82,123" hai1="48,70,96,42,126,120,128,83,95,61,108,119,94" hai2="28,125,13,66,31,57,109,27,11,37,75,68,8" hai3="14,131,67,19,4,79,22,7,16,88,24,130,38"/><T72/><D123/><U106/><E119/><V80/><F109/><W112/><G79/><T121/><D121/><U55/><E120/><V93/><F125/><W23/><G67/><T97/><D129/><N who="3" m="49161" /><G38/><T50/><D65/><U33/><E128/><V40/><F68/><W113/><G88/><N who="0" m="51287" /><D97/><U53/><E108/><V114/><F93/><W58/><G58/><T34/><D107/><U41/><E33/><N who="0" m="12297" /><D17/><U54/><E83/><V3/><F80/><W110/><G110/><T92/><D25/><U84/><E106/><V29/><F27/><W85/><G85/><T133/><D92/><U122/><E122/><V52/><F66/><W99/><G99/><T91/><D91/><N who="1" m="53607" /><E70/><V76/><F114/><AGARI ba="0,0" hai="4,7,14,16,19,22,23,24,112,113,114" m="49161" machi="114" ten="30,7700,0" yaku="19,1,34,2,54,1" doraHai="43" who="3" fromWho="2" sc="250,0,250,0,250,-77,250,77" /><INIT seed="1,0,0,5,0,29" ten="250,250,173,327" oya="1" hai0="49,125,121,37,34,23,118,25,109,41,114,91,44" hai1="19,79,99,119,33,20,2,6,88,76,108,110,115" hai2="56,67,130,65,54,83,128,95,10,112,60,14,51" hai3="24,64,84,126,103,96,57,129,22,87,55,61,116"/><U48/><E115/><V3/><F3/><W31/><G129/><T89/><D109/><N who="1" m="42091" /><E119/><V71/><F112/><W38/><G116/><T134/><D118/><U100/><E48/><V11/><F67/><W68/><G38/><T50/><D134/><U8/><E100/><V66/><F66/><W45/><G126/><T13/><D125/><U74/><E74/><V4/><F83/><W97/><G97/><T93/><D121/><U80/><E33/><V106/><F106/><W27/><G27/><T98/><D114/><U70/><E70/><V72/><F72/><W7/><G7/><T28/><D91/><U131/><E131/><V52/><F95/><N who="3" m="58783" /><G68/><T30/><D30/><U75/><E75/><V53/><F128/><W15/><G15/><T78/><D78/><U43/><E43/><V81/><F130/><W59/><G45/><T17/><AGARI ba="0,0" hai="13,17,23,25,28,34,37,41,44,49,50,89,93,98" machi="17" ten="30,2000,0" yaku="0,1,52,1" doraHai="29" who="0" fromWho="0" sc="250,20,250,-10,173,-5,327,-5" /><INIT seed="2,0,0,2,4,18" ten="270,240,168,322" oya="2" hai0="133,41,49,22,24,106,17,135,104,108,0,20,102" hai1="95,3,77,46,129,71,126,44,93,15,105,36,128" hai2="1,114,92,43,23,26,130,37,25,55,53,34,85" hai3="110,83,117,21,42,59,61,68,57,131,62,84,32"/><V33/><F114/><W74/><G32/><T109/><D0/><U100/><E3/><V50/><F1/><W121/><G117/><T125/><D125/><U118/><E118/><V134/><F130/><N who="1" m="50281" /><E71/><V101/><F134/><N who="0" m="51210" /><D102/><U5/><E126/><V31/><F37/><W122/><G74/><T113/><D113/><U132/><E132/><V40/><F34/><W72/><G72/><T90/><D90/><U120/><E120/><V65/><F65/><W111/><G68/><T45/><D22/><U76/><E105/><AGARI ba="0,0" hai="17,20,24,41,45,49,104,105,106,108,109" m="51210" machi="105" ten="30,2000,0" yaku="20,1,52,1" doraHai="18" who="0" fromWho="1" sc="270,20,240,-20,168,0,322,0" /><INIT seed="3,0,0,0,5,24" ten="290,220,168,322" oya="3" hai0="114,14,123,48,77,98,76,11,54,126,13,9,82" hai1="74,133,6,112,90,28,25,131,50,46,65,49,60" hai2="81,12,69,8,106,35,39,26,27,36,58,31,70" hai3="42,53,101,124,17,78,91,20,51,100,47,107,86"/><W44/><G124/><T16/><D123/><U102/><E131/><V85/><F106/><W104/><G104/><T95/><D126/><U125/><E125/><V56/><F12/><W84/><G107/><T34/><D34/><U19/><E133/><V59/><F8/><W122/><G122/><T121/><D82/><U105/><E74/><V7/><F7/><W63/><G84/><T29/><D29/><U37/><E6/><V111/><F111/><W61/><G78/><T66/><D66/><U116/><E90/><V21/><F69/><W32/><G32/><T94/><D94/><U33/><E112/><V132/><F70/><W97/><G97/><T67/><D67/><U75/><E75/><V2/><F2/><W135/><G135/><T80/><D80/><U79/><E79/><V5/><F5/><W57/><G47/><N who="0" m="27935" /><D121/><U15/><E116/><V119/><F132/><W72/><G61/><T118/><D114/><U92/><E92/><V41/><F119/><W88/><G72/><T130/><D130/><U113/><E113/><V120/><F120/><W52/><G42/><T18/><D118/><U87/><E87/><V4/><F4/><W128/><G128/><T40/><D40/><U62/><E105/><V109/><F109/><W99/><G99/><T83/><D83/><U1/><E1/><V103/><F41/><W73/><G73/><T38/><D38/><U71/><E37/><V96/><F96/><W45/><G45/><T43/><D43/><U93/><E46/><V64/><F103/><N who="3" m="39499" /><G86/><T129/><D129/><U127/><E127/><V68/><F39/><RYUUKYOKU ba="0,0" sc="290,15,220,-15,168,-15,322,15" hai0="9,11,13,14,16,18,76,77,95,98" hai3="17,20,44,51,52,53,57,63,88,91" owari="305,10.5,205,-19.5,153,-34.7,337,43.7" /></mjloggm>