<mjloggm ver="2.3"><GO type="225" lobby="0"/><UN n0="%E3%82%BC%E3%83%AB%E3%83%80%E3%81%AE%E4%BC%9D%E8%AA%AC" n1="%E7%AD%89%E3%80%85%E5%8A%9B%E5%8A%87%E5%A0%B4" n2="%28%EF%BF%A3%E2%96%BD%EF%BF%A3%29%CE%B4%E2%8C%92%E3%83%BB" n3="%38%63%E3%81%AF%E3%81%A3%E3%81%97%E3%83%BC" dan="16,16,16,16" rate="2194.61,2157.44,2127.37,2073.06" sx="M,M,M,M"/><TAIKYOKU oya="0"/><INIT seed="0,0,0,2,1,37" ten="250,250,250,250" oya="0" hai0="123,17,121,124,28,94,102,90,35,3,114,106,120" hai1="88,81,116,62,61,67,19,53,26,38,10,25,60" hai2="15,48,39,128,112,79,30,132,78,110,119,115,100" hai3="8,21,5,75,9,33,56,13,111,98,66,31,4"/><T97/><D3/><U54/><E116/><V107/><F39/><W22/><G75/><T46/><D114/><N who="2" m="43562" /><F30/><W6/><G98/><T40/><D124/><U82/><E67/><V24/><F24/><N who="1" m="9321" /><E38/><V87/><F15/><W43/><G56/><T2/><D2/><U103/><E103/><V58/><F48/><W131/><G66/><T122/><D122/><U50/><E10/><V23/><F23/><W89/><G22/><T77/><D77/><N who="2" m="29194" /><F58/><W99/><G9/><T27/><D17/><U86/><E19/><V74/><F74/><W55/><G21/><T41/><REACH who="0" step="1"/><D46/><REACH who="0" ten="240,250,250,250" step="2"/><U42/><E62/><V133/><F119/><W93/><G4/><T20/><D20/><U32/><E61/><V65/><F132/><W44/><G5/><T70/><D70/><U73/><E60/><V7/><F133/><W101/><G6/><T80/><D80/><U129/><E82/><V18/><F7/><W0/><G0/><T68/><D68/><U36/><E81/><V118/><F18/><W16/><G16/><T92/><D92/><U11/><E11/><V108/><F118/><W47/><G8/><T126/><D126/><U84/><E32/><V125/><F125/><W69/><G33/><T109/><D109/><U127/><E127/><V76/><F110/><W130/><G111/><T83/><D83/><U1/><E1/><V64/><F108/><W51/><G44/><T95/><D95/><U113/><E113/><V105/><F76/><W85/><G47/><T91/><D91/><U14/><E88/><V72/><F72/><W71/><G89/><T59/><D59/><RYUUKYOKU ba="0,1" sc="240,30,250,-10,250,-10,250,-10" hai0="27,28,35,40,41,90,94,97,102,106,120,121,123" /><INIT seed="0,1,1,3,1,61" ten="270,240,240,240" oya="0" hai0="7,62,21,0,16,131,129,38,87,22,41,32,75" hai1="46,127,96,128,80,39,110,53,111,58,64,26,123" hai2="92,76,10,117,125,55,34,69,24,12,36,79,49" hai3="100,119,103,132,19,20,45,115,29,1,85,114,71"/><T67/><D75/><U6/><E123/><V13/><F36/><W78/><G119/><T68/><D32/><U93/><E6/><V54/><F69/><W35/><G1/><T2/><D22/><U40/><E128/><N who="0" m="49225" /><D7/><U95/><E127/><V23/><F34/><W43/><G29/><T70/><D70/><U15/><E15/><V98/><F125/><W82/><G35/><T89/><D41/><U28/><E80/><V120/><F120/><W17/><G71/><T108/><D38/><U102/><E95/><V74/><F74/><W4/><G4/><T11/><D11/><U116/><E116/><V60/><F60/><W8/><G8/><T42/><D42/><U81/><E81/><V65/><F117/><W84/><G17/><T105/><D105/><U104/><E104/><V47/><F55/><W5/><G5/><T72/><D72/><U130/><E130/><V97/><F97/><W134/><G19/><T124/><D108/><U44/><E28/><N who="2" m="17439" /><F10/><W90/><G20/><T66/><D66/><U30/><E64/><V94/><F65/><W57/><G43/><T86/><D124/><U126/><E40/><V101/><F94/><W83/><G45/><N who="1" m="17514" /><E39/><V59/><F47/><W31/><G57/><T107/><D107/><U37/><E37/><V77/><AGARI ba="1,1" hai="12,13,49,54,59,76,77,79,92,98,101" m="17439" machi="77" ten="30,1100,0" yaku="8,1" doraHai="61" who="2" fromWho="2" sc="270,-6,240,-4,240,24,240,-4" /><INIT seed="1,0,0,1,5,35" ten="264,236,264,236" oya="1" hai0="59,109,131,121,114,83,44,62,94,74,105,107,122" hai1="119,32,57,24,128,87,53,120,72,67,61,89,116" hai2="6,0,115,96,100,90,63,43,92,48,123,86,39" hai3="5,108,13,52,68,22,36,127,23,46,118,21,69"/><U106/><E120/><N who="0" m="46185" /><D114/><U70/><E72/><V98/><F123/><W129/><G108/><T14/><D109/><U58/><E106/><V3/><F39/><W17/><G129/><T55/><D131/><U82/><E128/><V65/><F6/><W97/><G127/><T79/><D94/><U102/><E102/><V93/><F115/><W124/><G124/><T125/><D125/><U132/><E132/><V112/><F112/><W134/><G134/><T51/><D14/><U80/><E80/><V34/><F34/><W10/><G118/><T9/><D9/><U99/><E99/><V7/><F7/><W101/><G17/><T19/><D19/><U78/><E78/><V73/><F73/><W28/><G28/><T117/><D117/><U37/><E37/><V104/><F48/><W103/><G103/><T27/><D27/><U113/><E113/><V8/><F8/><W56/><G46/><T95/><D95/><U42/><E32/><V126/><F43/><AGARI ba="0,0" hai="43,44,51,55,59,62,74,79,83,105,107" m="46185" machi="43" ten="30,1000,0" yaku="13,1" doraHai="35" who="0" fromWho="2" sc="264,10,236,0,264,-10,236,0" /><INIT seed="2,0,0,3,2,31" ten="274,236,254,236" oya="2" hai0="88,45,95,26,101,128,11,104,34,87,73,106,4" hai1="134,33,12,10,123,44,103,2,117,124,69,70,37" hai2="114,8,3,119,41,126,129,85,130,21,76,27,48" hai3="86,102,109,84,118,25,100,132,94,72,32,67,57"/><V53/><F114/><W125/><G72/><T40/><D73/><U30/><E70/><V59/><F119/><W110/><G118/><T79/><D79/><U56/><E69/><V92/><F126/><W29/><G125/><T99/><D128/><N who="2" m="49258" /><F41/><W0/><G0/><T113/><D113/><U121/><E2/><V7/><F92/><W36/><G36/><T55/><D55/><U35/><E117/><V13/><F3/><W71/><G71/><T105/><D26/><U16/><E124/><V115/><F115/><W17/><G17/><T120/><D34/><U80/><E134/><V42/><F42/><W112/><G132/><T90/><D90/><U18/><E37/><V50/><F85/><W1/><G1/><T51/><REACH who="0" step="1"/><D120/><REACH who="0" ten="264,236,254,236" step="2"/><U64/><E35/><V49/><F76/><W22/><G32/><T43/><D43/><U107/><E33/><V23/><F27/><W133/><G133/><T127/><D127/><U20/><E123/><V122/><F122/><W47/><G112/><T60/><D60/><AGARI ba="0,1" hai="7,8,13,21,23,48,49,50,53,59,60" m="49258" machi="60" ten="30,1500,0" yaku="19,1" doraHai="31" who="2" fromWho="0" sc="264,-15,236,0,254,25,236,0" /><INIT seed="2,1,0,1,3,134" ten="249,236,279,236" oya="2" hai0="55,0,121,20,113,120,92,97,80,78,103,19,131" hai1="76,35,128,66,68,132,86,106,6,10,53,71,74" hai2="42,83,54,13,4,23,79,115,17,122,94,60,52" hai3="56,51,67,2,95,30,8,27,3,29,7,31,110"/><V77/><F115/><W84/><G110/><T133/><D113/><U40/><E35/><V65/><F122/><W116/><G116/><T32/><D32/><U88/><E106/><V38/><F4/><W118/><G118/><T105/><D0/><U34/><E34/><V89/><F42/><W26/><G2/><T96/><D133/><U101/><E132/><V58/><F38/><W98/><G84/><T9/><D9/><U16/><E101/><V135/><F135/><W43/><G43/><T12/><D55/><N who="2" m="21034" /><F83/><W28/><G51/><T87/><REACH who="0" step="1"/><D131/><REACH who="0" ten="239,236,279,236" step="2"/><U124/><E10/><V119/><F119/><W69/><G8/><T107/><D107/><U114/><E53/><V72/><F72/><W41/><G3/><T59/><D59/><U91/><E128/><V33/><F33/><W129/><G56/><T81/><D81/><U21/><E114/><V36/><F36/><W126/><G129/><T73/><D73/><U127/><E74/><V108/><F108/><W46/><G41/><T15/><D15/><U44/><E40/><V61/><F61/><W90/><G27/><T93/><D93/><U125/><E71/><V109/><F109/><W47/><G26/><T112/><D112/><U99/><E68/><V85/><AGARI ba="1,1" hai="13,17,23,58,60,65,77,79,85,89,94" m="21034" machi="85" ten="30,3000,0" yaku="8,1,54,1" doraHai="134" who="2" fromWho="2" sc="239,-11,236,-11,279,43,236,-11" /><INIT seed="2,2,0,4,0,75" ten="228,225,322,225" oya="2" hai0="109,16,46,66,89,67,73,48,79,69,90,97,61" hai1="112,86,44,98,80,104,127,77,129,102,50,62,96" hai2="10,38,8,17,132,40,87,37,121,85,55,11,1" hai3="125,52,72,128,21,28,36,123,29,57,100,43,64"/><V13/><F121/><W133/><G123/><T19/><D109/><U135/><E112/><V2/><F132/><W93/><G133/><T105/><D67/><U126/><E135/><V14/><F55/><W35/><G35/><T33/><D33/><U78/><E129/><V54/><F54/><W94/><G64/><T60/><D60/><U63/><E98/><V7/><F40/><W65/><G65/><T31/><D31/><U111/><E111/><V134/><F134/><W107/><G107/><T34/><D34/><U81/><E127/><V49/><F49/><W59/><G72/><T3/><D3/><U95/><E104/><V119/><F119/><W22/><G100/><T32/><D32/><U42/><E126/><V76/><F10/><W18/><G36/><T92/><D105/><U120/><E120/><V58/><F58/><W45/><G45/><T84/><D73/><AGARI ba="2,0" hai="42,44,50,62,63,73,77,78,80,81,86,95,96,102" machi="73" ten="30,3900,0" yaku="7,1,52,2" doraHai="75" who="1" fromWho="0" sc="228,-45,225,45,322,0,225,0" /><INIT seed="3,0,0,2,5,132" ten="183,270,322,225" oya="3" hai0="18,131,17,52,5,11,62,106,61,120,107,110,46" hai1="102,51,116,72,15,71,16,22,134,87,114,95,73" hai2="0,119,128,53,81,27,105,90,9,26,65,47,28" hai3="121,133,88,66,50,48,24,35,67,101,8,64,13"/><W55/><G121/><T129/><D120/><U85/><E71/><V75/><F105/><W89/><G133/><T7/><D46/><U29/><E134/><V126/><F65/><W20/><G101/><T92/><D92/><U23/><E114/><V63/><F90/><W109/><G35/><T37/><D11/><U30/><E116/><V98/><F98/><W111/><G20/><T108/><REACH who="0" step="1"/><D37/><REACH who="0" ten="173,270,322,225" step="2"/><U2/><E95/><V74/><F9/><W33/><G8/><T77/><D77/><U118/><E118/><V6/><F119/><W78/><G78/><T12/><D12/><U21/><E15/><V68/><F47/><W57/><G13/><T115/><D115/><U45/><E45/><V19/><F0/><W80/><G111/><T122/><D122/><U25/><E2/><V58/><F6/><W54/><G109/><T4/><D4/><U94/><E94/><V34/><F81/><W135/><G80/><T70/><D70/><U41/><E30/><V91/><F28/><W38/><G38/><T117/><D117/><U93/><E93/><V96/><F96/><W39/><G39/><T127/><D127/><U44/><E29/><V60/><F126/><W1/><G1/><T104/><D104/><U97/><E97/><V32/><F68/><W79/><G79/><T100/><D100/><U69/><E102/><V14/><F14/><W40/><G89/><T130/><D130/><U76/><E76/><V123/><F91/><W42/><G88/><T83/><D83/><U113/><E113/><V31/><F31/><W124/><G124/><T56/><D56/><RYUUKYOKU ba="0,1" sc="173,30,270,-10,322,-10,225,-10" hai0="5,7,17,18,52,61,62,106,107,108,110,129,131" owari="203,-29.7,260,6.0,322,42.2,215,-18.5" /></mjloggm>