<mjloggm ver="2.3"><GO type="225" lobby="0"/><UN n0="%E6%A1%9C%E8%8A%B1%E9%96%83%E3%80%85" n1="%72%69%6F%75%63%68%61%6E" n2="%E3%82%A2%E3%83%A1%E3%82%A2%E3%83%A9%E3%83%AC" n3="%E3%81%AA%E3%82%81%E3%81%93%E9%9B%80%E5%A3%AB" dan="16,16,16,16" rate="2231.52,2158.99,2145.94,2053.73" sx="M,M,M,M"/><TAIKYOKU oya="0"/><INIT seed="0,0,0,2,4,43" ten="250,250,250,250" oya="0" hai0="0,103,35,53,87,88,107,134,19,6,112,12,44" hai1="94,82,69,5,16,24,75,36,118,80,1,111,91" hai2="40,48,38,7,31,77,54,79,115,73,22,81,34" hai3="84,21,32,52,39,99,122,58,67,62,97,114,33"/><T109/><D112/><U45/><E118/><V106/><F115/><W131/><G122/><T132/><D35/><U113/><E69/><V124/><F124/><W9/><G131/><T55/><D0/><U29/><E113/><V15/><F106/><W28/><G114/><T71/><D6/><U64/><E111/><V47/><F77/><W89/><G39/><T104/><D71/><U60/><E75/><V2/><F34/><W127/><G127/><T129/><D129/><U50/><E36/><V123/><F123/><W26/><G33/><T46/><D55/><U30/><E5/><V93/><F93/><W135/><G135/><N who="0" m="51755" /><D53/><N who="1" m="29903" /><E1/><V130/><F130/><W66/><G32/><T4/><D4/><U83/><E60/><V95/><F95/><N who="3" m="54695" /><G9/><N who="0" m="6543" /><D109/><U101/><E101/><V110/><F110/><W10/><G10/><T23/><D23/><N who="1" m="13415" /><E64/><AGARI ba="0,0" hai="21,26,28,52,58,62,64,66,67,97,99" m="54695" machi="64" ten="30,2000,0" yaku="8,1,54,1" doraHai="43" who="3" fromWho="1" sc="250,0,250,-20,250,0,250,20" /><INIT seed="1,0,0,4,3,134" ten="250,230,250,270" oya="1" hai0="119,93,25,32,87,6,90,21,35,120,128,94,27" hai1="16,22,109,53,45,57,42,124,56,59,29,92,97" hai2="88,101,2,113,89,105,51,48,68,30,24,83,18" hai3="131,54,122,114,10,106,103,98,37,9,8,111,49"/><U85/><E124/><V133/><F133/><W71/><G122/><T5/><D119/><U104/><E109/><V78/><F68/><W126/><G111/><T62/><D120/><U129/><E129/><V80/><F2/><W40/><G71/><T135/><D135/><U99/><E29/><V64/><F64/><W33/><G33/><T72/><D72/><U11/><E11/><V44/><F18/><W34/><G34/><T3/><D128/><U100/><E85/><V55/><F113/><W123/><G114/><T0/><D87/><U117/><E117/><V41/><F101/><W96/><G123/><T91/><D62/><U107/><E53/><V20/><F105/><W79/><G79/><T75/><D75/><U14/><REACH who="1" step="1"/><E97/><REACH who="1" ten="250,220,250,270" step="2"/><V17/><F30/><W84/><G131/><T110/><D110/><U65/><E65/><V19/><F19/><W60/><G98/><T125/><D21/><U81/><E81/><N who="2" m="31307" /><F78/><W66/><G66/><T108/><D108/><U39/><AGARI ba="0,1" hai="14,16,22,39,42,45,56,57,59,92,99,100,104,107" machi="39" ten="30,6000,0" yaku="1,1,0,1,54,1,53,0" doraHai="134" doraHaiUra="23" who="1" fromWho="1" sc="250,-20,220,70,250,-20,270,-20" /><INIT seed="1,1,0,4,4,106" ten="230,290,230,250" oya="1" hai0="23,87,88,77,90,32,28,47,24,29,128,20,71" hai1="72,8,127,52,122,67,134,84,133,104,112,54,34" hai2="49,86,75,89,37,76,131,68,119,66,124,22,85" hai3="64,58,7,130,65,45,53,55,73,4,5,117,12"/><U94/><E127/><V63/><F119/><W80/><G130/><T92/><D128/><U41/><E112/><V42/><F131/><W93/><G117/><T57/><D71/><U97/><E122/><V102/><F37/><W46/><G73/><T13/><D77/><U69/><E34/><V21/><F124/><W123/><G123/><T19/><D47/><N who="3" m="17929" /><G80/><T60/><D90/><N who="1" m="53575" /><E41/><V116/><F116/><W126/><G126/><T111/><D111/><U109/><E109/><V83/><F42/><W15/><G93/><T110/><D110/><U3/><E72/><V48/><F102/><W9/><G9/><T132/><D132/><N who="1" m="50795" /><E67/><N who="3" m="25674" /><G58/><T96/><D96/><U18/><E69/><V103/><F103/><W59/><G59/><T120/><D120/><U115/><E115/><V50/><REACH who="2" step="1"/><F85/><REACH who="2" ten="230,290,220,250" step="2"/><W113/><G113/><T101/><D101/><N who="1" m="62511" /><E3/><V40/><F40/><W10/><G10/><T114/><D114/><U17/><E8/><V14/><F14/><AGARI ba="1,1" hai="4,5,7,12,14,15,53,55" m="25674,17929" machi="14" ten="30,3900,0" yaku="28,2,8,1" doraHai="106" who="3" fromWho="2" sc="230,0,290,0,220,-42,250,52" /><INIT seed="2,0,0,3,3,112" ten="230,290,178,302" oya="2" hai0="17,133,132,39,52,99,97,82,69,4,78,22,47" hai1="134,87,135,91,61,7,129,41,58,117,126,70,35" hai2="116,66,102,50,90,89,31,5,113,67,68,109,23" hai3="128,63,16,6,43,101,86,76,130,125,60,45,118"/><V115/><F109/><W65/><G118/><T20/><D69/><U131/><E117/><V49/><F116/><W32/><G32/><T18/><D4/><U15/><E35/><V123/><F123/><W106/><G125/><T124/><D124/><U94/><E126/><V3/><F102/><W44/><G6/><T74/><D39/><U71/><E41/><V25/><F113/><W14/><G101/><T38/><D38/><U0/><E0/><V98/><F115/><W100/><G106/><T110/><D110/><U119/><E119/><V127/><F127/><W13/><G100/><T88/><D17/><U105/><E105/><V34/><F34/><W30/><G30/><T85/><D99/><U114/><E114/><V95/><F89/><W55/><G14/><N who="0" m="9303" /><D22/><U12/><E12/><V29/><F29/><W54/><G65/><T42/><D97/><U26/><E26/><V77/><F77/><W11/><G63/><T121/><D42/><U27/><E27/><V1/><F1/><W10/><G10/><T81/><D121/><U62/><E62/><V104/><F104/><W108/><G60/><T9/><D9/><N who="1" m="4543" /><E70/><V96/><F68/><W64/><G64/><N who="2" m="24617" /><F98/><W2/><G2/><T28/><D28/><U84/><E71/><V75/><F75/><W37/><G108/><T21/><D21/><U103/><E103/><V40/><F40/><W59/><G43/><T73/><D73/><U19/><E19/><V120/><F120/><W80/><G37/><T79/><D79/><U72/><E72/><V8/><F3/><W93/><G11/><T24/><D24/><RYUUKYOKU ba="0,0" sc="230,15,290,-15,178,15,302,-15" hai0="47,52,74,78,81,82,85,88,132,133" hai2="5,8,23,25,31,49,50,90,95,96" /><INIT seed="2,1,0,2,1,56" ten="245,275,193,287" oya="2" hai0="74,22,26,115,133,79,36,20,88,132,39,131,92" hai1="47,70,34,55,96,108,125,29,27,65,100,9,0" hai2="105,52,101,120,87,5,53,30,19,102,86,7,126" hai3="76,17,51,109,8,63,35,103,44,48,57,18,128"/><V71/><F120/><W25/><G109/><T43/><D115/><U110/><E125/><V97/><F126/><W113/><G128/><T117/><D131/><U41/><E55/><V82/><F71/><W111/><G111/><N who="1" m="42538" /><E0/><V15/><F30/><W129/><G129/><T4/><D4/><U122/><E9/><V10/><F102/><W121/><G76/><T61/><D117/><U1/><E1/><V90/><F7/><W106/><G121/><T24/><D79/><U23/><E122/><V98/><F98/><W134/><G134/><N who="0" m="51819" /><D74/><U77/><E77/><V13/><REACH who="2" step="1"/><F86/><REACH who="2" ten="245,275,183,287" step="2"/><W21/><G103/><T14/><D14/><U16/><E96/><V127/><F127/><W58/><G113/><T68/><D26/><N who="1" m="18743" /><E100/><V69/><F69/><W6/><G25/><T83/><D24/><U104/><E104/><V33/><F33/><W124/><G35/><T50/><D68/><U80/><E70/><V114/><F114/><W38/><G106/><T2/><D2/><U32/><E32/><V81/><F81/><W11/><G6/><T49/><D83/><U66/><E80/><V123/><F123/><W59/><G124/><T130/><D130/><U135/><E135/><V64/><F64/><W37/><G18/><T93/><D93/><U28/><E28/><V72/><F72/><W54/><G17/><T91/><D92/><U12/><E27/><V75/><F75/><W3/><G3/><T78/><D78/><U84/><E84/><V107/><F107/><W73/><G73/><T89/><D89/><U46/><E46/><V118/><F118/><W31/><G44/><RYUUKYOKU ba="1,1" sc="245,-15,275,15,183,15,287,-15" hai1="12,16,23,41,47,65,66" hai2="5,10,13,15,19,52,53,82,87,90,97,101,105" /><INIT seed="2,2,1,3,0,79" ten="230,290,198,272" oya="2" hai0="117,133,78,39,23,63,83,103,126,111,35,28,131" hai1="113,15,84,93,130,87,17,34,135,74,69,67,61" hai2="59,101,134,11,7,86,20,41,96,116,109,62,114" hai3="115,10,75,128,36,56,26,119,55,14,58,38,85"/><V18/><F114/><W22/><G119/><T95/><D35/><U132/><E113/><V3/><F116/><W129/><G75/><T124/><D117/><U64/><E74/><V24/><F134/><N who="1" m="51241" /><E34/><V16/><F109/><W6/><G85/><N who="0" m="48375" /><D133/><U89/><E130/><N who="3" m="50282" /><G115/><T65/><D131/><U45/><E67/><V105/><F41/><W13/><G13/><T57/><D39/><N who="3" m="14889" /><G55/><T122/><D122/><U48/><E93/><V88/><F18/><AGARI ba="2,1" hai="6,10,14,18,22,26,56,58" m="14889,50282" machi="18" ten="30,1000,0" yaku="19,1" doraHai="79" who="3" fromWho="2" sc="230,0,290,0,198,-16,272,26" /><INIT seed="3,0,0,3,2,120" ten="230,290,182,298" oya="3" hai0="122,60,126,7,114,9,50,12,21,127,42,38,43" hai1="1,67,90,124,54,92,45,89,29,66,80,5,36" hai2="102,17,88,130,74,35,128,75,133,110,23,111,69" hai3="109,123,27,53,98,81,46,96,117,40,62,86,26"/><W15/><G117/><T94/><D122/><U84/><E124/><N who="0" m="47657" /><D38/><U115/><E115/><V16/><F133/><W44/><G109/><N who="2" m="41481" /><F35/><W0/><G0/><T108/><D108/><U119/><E119/><V51/><F69/><W73/><G73/><N who="2" m="27657" /><F102/><W52/><G123/><T107/><D107/><U33/><E33/><V18/><F23/><W93/><G15/><T59/><D114/><U22/><E1/><V100/><F100/><N who="3" m="60431" /><G98/><T87/><D21/><U76/><E22/><V106/><F106/><W30/><G40/><T78/><D43/><U49/><E29/><V131/><F51/><N who="3" m="28775" /><G30/><T85/><D50/><U116/><E36/><V24/><F24/><W112/><G112/><T134/><D134/><U37/><E37/><V83/><F131/><W20/><G20/><T13/><D13/><U65/><E116/><V97/><F97/><W10/><G10/><T47/><D12/><U72/><E5/><V2/><F2/><W6/><G6/><T3/><D9/><U71/><REACH who="1" step="1"/><E89/><REACH who="1" ten="230,280,182,298" step="2"/><V32/><F32/><W58/><G46/><T91/><D7/><U4/><E4/><V55/><F55/><W31/><G31/><T121/><D3/><U113/><E113/><V11/><F11/><W135/><G135/><T82/><D121/><U14/><E14/><V118/><F118/><W99/><G99/><T68/><D47/><U56/><E56/><V34/><F34/><W64/><G53/><N who="0" m="33903" /><D68/><AGARI ba="0,1" hai="45,49,54,65,66,67,68,71,72,76,80,84,90,92" machi="68" ten="40,1300,0" yaku="1,1,53,0" doraHai="120" doraHaiUra="103" who="1" fromWho="0" sc="230,-13,280,23,182,0,298,0" owari="217,-18.3,303,40.3,182,-31.8,298,9.8" /></mjloggm>