<mjloggm ver="2.3"><GO type="225" lobby="0"/><UN n0="%E3%81%B2%E3%81%AA%E3%81%AE%E3%82%8A%E3%81%8F" n1="%E3%81%BF%E3%81%BF%E3%81%9A" n2="%E3%83%9E%E3%83%AB%E3%83%9E%E3%83%AB%E3%81%A1%E3%82%83%E3%82%93" n3="%E7%89%B9%E6%9D%B1%E3%81%AF%E4%B8%96%E7%95%8C%E3%82%92%E6%95%91%E3%81%86" dan="17,18,16,16" rate="2185.73,2239.87,2060.69,2157.72" sx="M,M,M,M"/><TAIKYOKU oya="0"/><INIT seed="0,0,0,2,1,132" ten="250,250,250,250" oya="0" hai0="4,118,64,59,50,15,35,39,5,24,23,105,55" hai1="78,71,44,27,34,20,16,13,124,37,84,6,110" hai2="92,86,109,82,111,127,47,79,131,31,123,7,98" hai3="99,108,69,126,28,26,125,135,54,117,25,133,74"/><T40/><D118/><U119/><E119/><V93/><F7/><W130/><G108/><N who="2" m="41545" /><F31/><W113/><G130/><T72/><D105/><U58/><E71/><V8/><F8/><W43/><G117/><T2/><D72/><U116/><E116/><V112/><F47/><W88/><G74/><T107/><D107/><U73/><E73/><V14/><F14/><W66/><G113/><T81/><D2/><U10/><E124/><N who="3" m="47722" /><G43/><T56/><D35/><U97/><E110/><V129/><F127/><W38/><G38/><T60/><D81/><U67/><E37/><V61/><F112/><W0/><G0/><T53/><D15/><U11/><E44/><V102/><F61/><N who="3" m="40143" /><G54/><T80/><D39/><U77/><E67/><V75/><F123/><W83/><G26/><T122/><D122/><U21/><E27/><V134/><F134/><W42/><G42/><T128/><D128/><N who="2" m="49226" /><F75/><W19/><G19/><T57/><D40/><U114/><E16/><V52/><F52/><W12/><G12/><T94/><D55/><U30/><E13/><V3/><F3/><W91/><G25/><T48/><D53/><U104/><E114/><V101/><F101/><W32/><G32/><T121/><D121/><U51/><E34/><V76/><F76/><W103/><G28/><T33/><D33/><U49/><E30/><V9/><F9/><W85/><G103/><T29/><D29/><U63/><E11/><V120/><F120/><W100/><G100/><T95/><D24/><U36/><E10/><V41/><F41/><W87/><G135/><T89/><D5/><U45/><E6/><RYUUKYOKU ba="0,0" sc="250,-10,250,-10,250,30,250,-10" hai2="79,82,86,92,93,98,102" /><INIT seed="1,1,0,5,3,7" ten="240,240,280,240" oya="1" hai0="45,12,77,110,105,74,73,38,35,80,57,123,51" hai1="39,120,27,68,67,11,130,84,4,43,29,90,20" hai2="21,116,101,14,49,34,82,42,48,102,64,59,124" hai3="83,103,40,13,95,32,56,52,76,114,3,132,134"/><U121/><E130/><V111/><F116/><W50/><G114/><T60/><D105/><U81/><E68/><V93/><F34/><W97/><G3/><T125/><D38/><U66/><E39/><V122/><F122/><W118/><G118/><T127/><D35/><U19/><E43/><V126/><F111/><W112/><G112/><T36/><D36/><U2/><REACH who="1" step="1"/><E29/><REACH who="1" ten="240,230,280,240" step="2"/><V8/><F42/><W47/><G32/><T87/><D123/><AGARI ba="1,1" hai="2,4,11,19,20,27,66,67,81,84,90,120,121,123" machi="123" ten="40,7700,0" yaku="1,1,2,1,52,1,53,0" doraHai="7" doraHaiUra="135" who="1" fromWho="0" sc="240,-80,230,90,280,0,240,0" /><INIT seed="1,2,0,4,0,110" ten="160,320,280,240" oya="1" hai0="79,114,113,54,133,11,134,117,106,76,111,82,120" hai1="128,71,112,38,107,94,37,73,99,96,91,129,80" hai2="59,51,88,47,2,78,26,63,35,6,124,25,64" hai3="42,123,57,30,29,125,102,8,4,68,7,122,98"/><U5/><E71/><V69/><F124/><W28/><G68/><T83/><D117/><U121/><E5/><V45/><F78/><W24/><G125/><T32/><D111/><U61/><E61/><V92/><F69/><W56/><G42/><T70/><D106/><U27/><E27/><V17/><F35/><W72/><G72/><T115/><D120/><U97/><E121/><V13/><F6/><W50/><G24/><T60/><D32/><U9/><E9/><V109/><F2/><W119/><G119/><T65/><D11/><U86/><E37/><V36/><F36/><W100/><G30/><T31/><D31/><U108/><E38/><V0/><F0/><W130/><G8/><T14/><D14/><U18/><E18/><V34/><F34/><W77/><G50/><T46/><D79/><N who="1" m="44143" /><E108/><V3/><F3/><W81/><G7/><T105/><D105/><U135/><E135/><N who="0" m="51721" /><D76/><U19/><E19/><V131/><F109/><W90/><G4/><T22/><D22/><U20/><E20/><N who="2" m="11311" /><F131/><N who="1" m="50249" /><E107/><V12/><F12/><W132/><G130/><T66/><D66/><U103/><E103/><V101/><F101/><W21/><G132/><T43/><D54/><U16/><E16/><V39/><F39/><AGARI ba="2,0" hai="39,43,46,60,65,70,82,83,113,114,115" m="51721" machi="39" ten="40,8000,1" yaku="20,1,52,3" doraHai="110" who="0" fromWho="2" sc="160,86,320,0,280,-86,240,0" /><INIT seed="2,0,0,1,2,120" ten="246,320,194,240" oya="2" hai0="24,123,65,113,119,106,99,135,56,88,14,31,80" hai1="13,109,124,130,72,89,111,43,92,59,83,61,38" hai2="127,102,22,117,36,5,68,35,94,42,116,26,115" hai3="17,74,27,12,1,128,33,20,84,82,69,101,54"/><V103/><F115/><W91/><G128/><T8/><D113/><U121/><E130/><V16/><F68/><W55/><G69/><T126/><D123/><U7/><E121/><V3/><F127/><W67/><G67/><T25/><D126/><U32/><E32/><V46/><F35/><W28/><G74/><T93/><D135/><U96/><E124/><V62/><F62/><W71/><G71/><T85/><D106/><U64/><E43/><V4/><F3/><W131/><G131/><T39/><D39/><U41/><E41/><V19/><F19/><W49/><G101/><T129/><D119/><U76/><REACH who="1" step="1"/><E38/><REACH who="1" ten="246,310,194,240" step="2"/><V53/><F116/><W122/><G122/><T97/><D129/><U10/><AGARI ba="0,1" hai="7,10,13,59,61,64,72,76,83,89,92,96,109,111" machi="10" ten="30,12000,2" yaku="1,1,2,1,0,1,52,2,53,1" doraHai="120" doraHaiUra="90" who="1" fromWho="1" sc="246,-30,310,130,194,-60,240,-30" /><INIT seed="3,0,0,0,0,45" ten="216,440,134,210" oya="3" hai0="129,55,88,93,102,15,16,131,96,3,2,130,66" hai1="82,108,56,135,34,24,75,118,114,37,54,128,95" hai2="7,69,8,116,52,23,106,64,90,89,46,125,32" hai3="127,98,43,28,49,126,110,5,65,79,31,35,100"/><W58/><G79/><T107/><D66/><U47/><E114/><V21/><F125/><N who="3" m="47627" /><G5/><T86/><D55/><U72/><E118/><V87/><F116/><W109/><G65/><T22/><AGARI ba="0,0" hai="2,3,15,16,22,86,88,93,96,102,107,129,130,131" machi="22" ten="30,7900,0" yaku="0,1,19,1,54,2" doraHai="45" who="0" fromWho="0" sc="216,79,440,-20,134,-20,210,-39" owari="295,9.5,420,52.0,114,-38.6,171,-22.9" /></mjloggm>