<mjloggm ver="2.3"><GO type="225" lobby="0"/><UN n0="%E3%80%93%E3%81%97%E3%83%BC%E3%82%89%E3%80%93" n1="%E3%81%BF%E3%81%BF%E3%81%9A" n2="%4E%6F%2E%30%30%30%31" n3="%4C%4F%4C%49%54%41" dan="16,17,18,16" rate="2082.95,2249.62,2196.07,2143.89" sx="M,M,M,F"/><TAIKYOKU oya="0"/><INIT seed="0,0,0,4,0,48" ten="250,250,250,250" oya="0" hai0="27,100,16,32,108,54,85,1,128,46,8,106,34" hai1="7,98,94,9,26,96,129,123,69,2,19,87,23" hai2="61,21,70,82,17,5,31,63,120,92,111,104,30" hai3="119,25,131,117,59,64,41,80,52,84,57,83,44"/><T56/><D128/><U24/><E123/><V76/><F104/><W11/><G131/><T55/><D108/><U127/><E129/><V73/><F120/><W74/><G74/><T126/><D126/><U20/><E69/><V86/><F111/><W15/><G25/><T37/><D106/><U0/><E127/><V10/><F73/><W60/><G83/><T125/><D100/><U99/><E87/><V81/><F81/><W50/><G15/><T122/><D125/><U53/><E0/><V88/><F70/><W67/><G67/><T14/><D1/><U116/><E116/><V68/><F68/><W49/><REACH who="3" step="1"/><G11/><REACH who="3" ten="250,250,250,240" step="2"/><T109/><D122/><U43/><E43/><V77/><F82/><W79/><AGARI ba="0,1" hai="41,44,49,50,52,57,59,60,64,79,80,84,117,119" machi="79" ten="20,12000,2" yaku="1,1,2,1,0,1,7,1,52,1,54,1,53,0" doraHai="48" doraHaiUra="93" who="3" fromWho="3" sc="250,-60,250,-30,250,-30,240,130" /><INIT seed="1,0,0,4,0,54" ten="190,220,220,370" oya="1" hai0="9,130,19,43,128,77,61,47,91,86,131,69,84" hai1="82,121,83,119,26,34,50,129,42,120,104,113,3" hai2="49,127,115,94,93,67,103,111,112,87,107,29,32" hai3="62,117,27,17,14,88,2,66,125,78,24,106,70"/><U102/><E113/><N who="2" m="43595" /><F111/><W85/><G106/><T51/><D77/><U92/><E119/><V36/><F36/><W96/><G2/><T90/><D9/><U48/><E3/><V57/><F127/><W12/><G125/><T38/><D19/><U7/><E7/><V55/><F67/><W132/><G132/><T21/><D21/><U79/><E83/><V35/><F87/><W71/><G71/><T22/><D22/><U20/><E34/><N who="2" m="12843" /><F29/><W89/><G117/><T39/><D61/><U72/><E104/><V11/><F11/><W23/><G24/><T101/><D101/><U31/><E129/><V76/><F76/><W63/><G63/><T18/><D18/><U16/><E31/><V52/><F55/><W56/><G70/><T59/><D69/><U123/><REACH who="1" step="1"/><E42/><REACH who="1" ten="190,210,220,370" step="2"/><V10/><F10/><W6/><G6/><T74/><D131/><U4/><E4/><V75/><F75/><W28/><G28/><T25/><D43/><U8/><E8/><V65/><F65/><W110/><G66/><T30/><D128/><U53/><E53/><V100/><F107/><W95/><G17/><T135/><D30/><U44/><E44/><V118/><F118/><W81/><G81/><T1/><D47/><U108/><E108/><V99/><F93/><W0/><G110/><T60/><D130/><U114/><E114/><V73/><F73/><W134/><G95/><T46/><D74/><U109/><E109/><V37/><F37/><W33/><G33/><T41/><D39/><U133/><E133/><V64/><F64/><W97/><G134/><T116/><D135/><RYUUKYOKU ba="0,1" sc="190,-15,210,15,220,15,370,-15" hai1="16,20,26,48,50,72,79,82,92,102,120,121,123" hai2="49,52,57,94,99,100,103" /><INIT seed="1,1,1,4,1,18" ten="175,225,235,355" oya="1" hai0="57,11,108,100,62,106,89,99,105,49,42,69,65" hai1="7,20,60,109,33,124,30,32,75,1,26,92,120" hai2="104,24,64,63,51,25,134,116,13,31,9,6,135" hai3="16,112,23,74,53,123,46,133,111,72,3,22,8"/><U125/><E75/><V83/><F116/><W50/><G123/><T115/><D115/><U79/><E79/><V117/><F117/><W67/><G112/><T130/><D130/><U97/><E120/><V127/><F104/><W71/><G111/><T59/><D108/><U37/><E109/><V107/><F107/><W98/><G133/><N who="2" m="50697" /><F127/><N who="1" m="48713" /><E37/><V19/><F51/><W131/><G131/><T54/><D106/><U80/><E80/><V126/><F126/><W29/><G98/><T87/><D11/><N who="1" m="2543" /><E60/><V85/><F31/><W95/><G95/><T4/><D4/><U129/><E129/><V17/><F19/><W52/><G16/><T44/><REACH who="0" step="1"/><D42/><REACH who="0" ten="165,225,235,355" step="2"/><U128/><E128/><V15/><F6/><W36/><G8/><T43/><D43/><U45/><E45/><V94/><F9/><W10/><G46/><T73/><D73/><U12/><E12/><V77/><F13/><W119/><G10/><T48/><D48/><U21/><E32/><V110/><F110/><W81/><G74/><T27/><D27/><U121/><E121/><V122/><F122/><W41/><G72/><T66/><D66/><U58/><E58/><N who="2" m="36983" /><F24/><W40/><G40/><T114/><D114/><U103/><AGARI ba="1,2" hai="20,21,26,30,33,92,97,103" m="2543,48713" machi="103" ten="30,6000,0" yaku="18,1,52,2" doraHai="18" who="1" fromWho="1" sc="165,-21,225,83,235,-21,355,-21" /><INIT seed="1,2,0,5,4,128" ten="144,308,214,334" oya="1" hai0="68,93,107,91,11,86,105,114,2,70,10,101,54" hai1="135,95,125,3,9,89,103,39,133,22,15,73,80" hai2="108,121,106,43,32,40,48,18,129,31,88,44,102" hai3="53,67,37,20,124,41,29,90,5,24,83,61,119"/><U122/><E122/><V116/><F116/><W99/><G119/><T52/><D114/><U7/><E39/><V46/><F121/><W34/><G124/><T134/><D134/><N who="1" m="51211" /><E125/><V69/><F69/><W16/><G5/><T26/><D26/><U62/><E62/><V47/><F108/><W12/><G53/><T25/><D25/><U64/><E64/><V28/><F32/><W118/><G118/><T57/><D54/><U131/><E131/><V71/><F71/><W97/><G41/><T0/><D70/><U72/><E103/><V19/><F102/><W59/><G37/><T4/><D68/><U87/><E80/><V75/><F129/><W42/><G42/><T113/><D113/><U115/><E115/><V76/><F40/><W14/><G14/><T94/><D101/><U45/><E45/><V117/><F44/><W13/><G13/><T33/><D94/><U55/><E55/><V127/><F46/><W35/><G35/><T60/><REACH who="0" step="1"/><D33/><REACH who="0" ten="134,308,214,334" step="2"/><U100/><E100/><V17/><F117/><W51/><G34/><T66/><D66/><U27/><E3/><V21/><F127/><W111/><G67/><T96/><D96/><U84/><E84/><V77/><F43/><W38/><G99/><T74/><D74/><U58/><E58/><V110/><F75/><W81/><G97/><T120/><D120/><U79/><E79/><V30/><F76/><W82/><G59/><T63/><D63/><U65/><E65/><V8/><F77/><W78/><G61/><T126/><D126/><U104/><E104/><V49/><F106/><W130/><G78/><RYUUKYOKU ba="2,1" sc="134,15,308,15,214,-15,334,-15" hai0="0,2,4,10,11,52,57,60,86,91,93,105,107" hai1="7,9,15,22,27,72,73,87,89,95" /><INIT seed="1,3,1,2,1,111" ten="149,323,199,319" oya="1" hai0="106,71,2,110,81,89,42,97,37,131,73,85,76" hai1="90,38,94,127,53,119,75,55,36,88,20,51,93" hai2="19,84,74,72,133,27,70,33,116,66,3,61,121" hai3="86,45,112,57,40,83,82,123,63,77,50,114,17"/><U31/><E119/><V130/><F116/><W68/><G123/><T54/><D71/><U9/><E75/><V59/><F121/><W120/><G120/><T105/><D2/><U92/><E127/><V15/><F3/><W103/><G68/><T35/><D35/><U101/><E101/><V11/><F130/><W104/><G17/><T115/><D37/><U1/><E1/><V79/><F133/><W87/><G104/><N who="0" m="40043" /><D54/><U25/><E55/><V28/><F79/><W135/><G103/><T69/><D42/><U78/><E78/><V107/><F84/><W109/><G109/><T6/><D6/><U46/><REACH who="1" step="1"/><E9/><REACH who="1" ten="149,313,199,319" step="2"/><V60/><F107/><W16/><G135/><T58/><D110/><U26/><E26/><V100/><F100/><W95/><G77/><T96/><D69/><U23/><E23/><V52/><AGARI ba="3,2" hai="11,15,19,27,28,33,52,59,60,61,66,70,72,74" machi="52" ten="20,2700,0" yaku="0,1,7,1,54,1" doraHai="111" who="2" fromWho="2" sc="149,-10,313,-16,199,56,319,-10" /><INIT seed="2,0,0,3,2,49" ten="139,297,255,309" oya="2" hai0="93,99,100,88,2,62,106,53,43,40,105,71,26" hai1="125,86,47,44,134,111,87,91,104,79,1,13,94" hai2="130,63,69,6,84,28,59,72,36,15,14,118,120" hai3="127,123,7,132,35,38,92,58,74,31,113,110,54"/><V108/><F118/><W24/><G123/><T66/><D2/><U61/><E1/><V135/><F120/><W18/><G74/><T115/><D115/><U34/><E104/><V32/><F72/><W73/><G73/><T98/><D106/><U77/><E34/><V57/><F36/><W117/><G117/><T102/><D102/><U29/><E29/><V75/><F75/><W76/><G76/><N who="1" m="29258" /><E111/><V81/><F130/><W0/><G38/><T96/><D96/><U39/><E39/><V68/><F135/><W12/><G110/><T80/><D80/><U70/><E70/><V23/><F32/><W109/><G109/><T19/><D19/><U11/><E125/><V60/><F108/><W41/><G41/><T131/><D131/><U27/><E27/><N who="2" m="16511" /><F68/><W51/><G127/><T3/><D3/><U9/><E134/><V10/><F69/><W17/><G132/><T67/><D67/><U42/><E42/><V56/><F14/><W97/><G0/><T5/><D5/><N who="1" m="3247" /><E11/><V45/><F45/><N who="1" m="17481" /><E61/><V48/><F48/><W20/><G113/><T114/><D114/><U21/><E21/><V46/><F46/><W4/><REACH who="3" step="1"/><G18/><REACH who="3" ten="139,297,255,299" step="2"/><T89/><D89/><AGARI ba="0,1" hai="6,10,15,56,57,59,60,63,81,84,89" m="16511" machi="89" ten="30,1500,0" yaku="8,1" doraHai="49" who="2" fromWho="0" sc="139,-15,297,0,255,25,299,0" /><AGARI ba="0,0" hai="4,7,12,17,20,24,31,35,51,54,58,89,92,97" machi="89" ten="30,8000,1" yaku="1,1,2,1,7,1,52,1,53,1" doraHai="49" doraHaiUra="90" who="3" fromWho="0" sc="124,-80,297,0,280,0,299,80" /><INIT seed="2,1,0,3,5,49" ten="44,297,280,379" oya="2" hai0="99,104,25,17,62,35,128,66,124,111,0,6,72" hai1="54,91,106,52,86,89,75,37,61,59,73,113,48" hai2="63,60,102,38,24,55,114,92,129,18,1,81,31" hai3="88,33,108,117,41,132,103,64,23,87,40,20,50"/><V36/><F114/><W97/><G33/><T133/><D72/><U9/><E113/><V76/><F1/><W118/><G108/><T130/><D104/><U110/><E37/><V122/><F122/><W107/><G132/><T3/><D99/><U85/><E110/><V58/><F129/><W43/><G64/><T7/><D62/><U44/><E106/><V82/><F18/><W77/><G77/><T4/><D66/><U70/><E70/><V83/><F76/><W135/><G50/><T32/><D111/><U98/><E98/><V21/><REACH who="2" step="1"/><F60/><REACH who="2" ten="44,297,270,379" step="2"/><W56/><G135/><T57/><D133/><U15/><E75/><V46/><F46/><W16/><G16/><T125/><D57/><U119/><E73/><V126/><F126/><N who="0" m="48746" /><D17/><N who="1" m="8431" /><E119/><V42/><F42/><W28/><G41/><T101/><D101/><U96/><E91/><V123/><F123/><W116/><G88/><T39/><D39/><U78/><E78/><V71/><F71/><W53/><G43/><T67/><D25/><U14/><E14/><V74/><F74/><W79/><G40/><T105/><D67/><U112/><E112/><V8/><F8/><W131/><G131/><N who="0" m="50219" /><D105/><U134/><E134/><V69/><F69/><W127/><G127/><T65/><D65/><U121/><E121/><V10/><F10/><W45/><G45/><T93/><D93/><AGARI ba="1,1" hai="44,48,52,54,59,61,85,86,89,93,96" m="8431" machi="93" ten="30,7700,0" yaku="8,1,52,2,54,1" doraHai="49" who="1" fromWho="0" sc="44,-80,297,90,270,0,379,0" owari="-36,-53.6,387,48.7,270,-13.0,379,17.9" /></mjloggm>