<mjloggm ver="2.3"><GO type="225" lobby="0"/><UN n0="%70%68%65%6E%6F%6D%65" n1="%E3%81%95%E3%81%8D%E3%81%9F%E3%81%BE%E6%9E%97%E6%AA%8E" n2="%4E%49%4A%49%49%52%4F" n3="%E3%81%86%E3%81%A9%E3%82%93%E3%81%93" dan="17,16,16,16" rate="2187.19,2108.37,2180.42,2123.51" sx="M,M,M,M"/><TAIKYOKU oya="0"/><INIT seed="0,0,0,3,0,40" ten="250,250,250,250" oya="0" hai0="70,89,11,21,85,113,117,130,46,69,51,53,99" hai1="72,23,111,48,88,103,30,57,86,3,100,78,4" hai2="121,0,59,77,54,62,18,97,76,105,114,47,106" hai3="112,116,63,126,49,17,58,135,67,98,87,133,134"/><T108/><D113/><U10/><E111/><V122/><F114/><W27/><G112/><T71/><D117/><U90/><E72/><V118/><F118/><W20/><G116/><T101/><D108/><U107/><E107/><V39/><F0/><W65/><G126/><T24/><D130/><U96/><E78/><V128/><F128/><W115/><G115/><T32/><D32/><U15/><E3/><V131/><F131/><W14/><G98/><T43/><D11/><U91/><E86/><V73/><F18/><W38/><G38/><T120/><D120/><U12/><E96/><V52/><F73/><W7/><G49/><T110/><D110/><U119/><E119/><V129/><F129/><W2/><G2/><T41/><D99/><U45/><E57/><V55/><F97/><W44/><G44/><T132/><D132/><U82/><E82/><V94/><F94/><W31/><G87/><T124/><D124/><U25/><REACH who="1" step="1"/><E15/><REACH who="1" ten="250,240,250,250" step="2"/><V64/><F106/><W6/><REACH who="3" step="1"/><G67/><REACH who="3" ten="250,240,250,240" step="2"/><T93/><REACH who="0" step="1"/><D101/><REACH who="0" ten="240,240,250,240" step="2"/><U109/><E109/><V1/><F121/><W34/><AGARI ba="0,3" hai="6,7,14,17,20,27,31,34,58,63,65,133,134,135" machi="34" ten="30,7900,0" yaku="1,1,2,1,0,1,20,1,53,0" doraHai="40" doraHaiUra="74" who="3" fromWho="3" sc="240,-39,240,-20,250,-20,240,109" /><INIT seed="1,0,0,4,3,65" ten="201,220,230,349" oya="1" hai0="74,119,77,2,54,31,124,58,24,29,126,45,111" hai1="16,69,71,8,109,14,114,62,57,13,92,26,47" hai2="132,88,52,133,12,121,44,134,3,100,61,48,42" hai3="99,110,78,46,39,82,64,25,0,106,130,32,11"/><U79/><E114/><V87/><F3/><W60/><G130/><T90/><D119/><U17/><E26/><V105/><F121/><W33/><G110/><T115/><D115/><U89/><E79/><V93/><F105/><W19/><G19/><T95/><D2/><U5/><E47/><V37/><F100/><W55/><G25/><T23/><D111/><U38/><E38/><V63/><F12/><W81/><G81/><T67/><D31/><U122/><E122/><V94/><F93/><W135/><G135/><T20/><D20/><U21/><E5/><V117/><F117/><W80/><G80/><T72/><D67/><U34/><E34/><V49/><F37/><W125/><G125/><N who="0" m="48235" /><D45/><AGARI ba="0,0" hai="42,44,45,48,49,52,61,63,87,88,94,132,133,134" machi="45" ten="40,5200,0" yaku="20,1,54,2" doraHai="65" who="2" fromWho="0" sc="201,-52,220,0,230,52,349,0" /><INIT seed="2,0,0,1,0,71" ten="149,220,282,349" oya="2" hai0="37,38,117,102,61,28,19,44,78,75,123,113,34" hai1="92,135,18,60,84,133,41,59,67,74,79,66,131" hai2="100,10,31,11,13,73,45,116,29,82,124,33,94" hai3="12,109,14,107,96,86,64,52,43,21,62,6,122"/><V85/><F116/><W36/><G122/><T105/><D19/><U3/><E3/><V127/><F73/><W130/><G109/><T128/><D123/><U93/><E131/><V42/><F33/><W22/><G130/><T106/><D128/><U25/><E74/><V47/><F94/><W54/><G43/><T57/><D113/><U24/><E41/><V98/><F100/><W90/><G36/><N who="0" m="13931" /><D57/><U119/><E119/><V48/><F98/><W115/><G62/><T50/><D50/><U27/><E18/><V8/><F45/><W101/><G64/><T97/><D44/><U49/><E49/><V110/><F13/><W77/><G77/><T58/><D58/><U1/><E1/><V76/><REACH who="2" step="1"/><F110/><REACH who="2" ten="149,220,272,349" step="2"/><W20/><G14/><T16/><D117/><U126/><E93/><V0/><F0/><W32/><G32/><T114/><D114/><U7/><E92/><V51/><F51/><W30/><G115/><T5/><D105/><U118/><E118/><V55/><F55/><W56/><G54/><T80/><D5/><U69/><E7/><V72/><F72/><W112/><G112/><T91/><D61/><U132/><E60/><V88/><F88/><W35/><G6/><T121/><D91/><U63/><E63/><V40/><F40/><W65/><G12/><T15/><D121/><U70/><E67/><V95/><F95/><N who="3" m="54743" /><G65/><T89/><D89/><U23/><E66/><V104/><F104/><W83/><G83/><T81/><D80/><U2/><E69/><V125/><AGARI ba="0,1" hai="8,10,11,29,31,42,47,48,76,82,85,124,125,127" machi="125" ten="40,7800,0" yaku="1,1,0,1,18,1,53,0" doraHai="71" doraHaiUra="53" who="2" fromWho="2" sc="149,-26,220,-26,272,88,349,-26" /><INIT seed="2,1,0,2,0,64" ten="123,194,360,323" oya="2" hai0="97,109,53,1,91,120,50,22,23,19,42,74,58" hai1="107,115,40,8,78,110,96,63,69,135,31,75,93" hai2="76,36,51,55,83,119,90,133,25,117,9,3,30" hai3="118,6,16,92,48,84,121,5,57,21,134,66,89"/><V105/><F36/><W102/><G118/><T14/><D120/><U114/><E110/><V108/><F108/><W129/><G121/><T4/><D109/><U72/><E107/><V77/><F105/><W82/><G129/><T49/><D74/><U15/><E40/><V81/><F133/><W45/><G134/><T11/><D1/><U35/><E135/><V61/><F61/><W34/><G34/><T60/><D42/><U32/><E32/><V128/><F128/><W113/><G113/><T116/><D116/><U111/><E111/><V33/><F90/><W101/><G66/><T39/><D39/><U79/><E31/><V70/><F70/><W103/><G82/><T67/><D50/><U130/><E130/><V59/><F3/><W13/><G45/><T54/><D54/><AGARI ba="1,0" hai="5,6,13,16,21,48,54,57,84,89,92,101,102,103" machi="54" ten="40,8000,1" yaku="25,2,8,1,54,1" doraHai="64" who="3" fromWho="0" sc="123,-83,194,0,360,0,323,83" /><INIT seed="3,0,0,2,3,133" ten="40,194,360,406" oya="3" hai0="75,108,64,106,39,24,109,73,35,102,6,67,132" hai1="96,20,42,11,123,126,49,34,48,16,3,9,21" hai2="128,4,89,40,13,43,31,90,82,107,7,95,14" hai3="85,45,15,135,97,53,115,122,92,118,60,57,130"/><W47/><G115/><T56/><D56/><U99/><E42/><V74/><F107/><W79/><G118/><T28/><D6/><U25/><E123/><V81/><F74/><W2/><G2/><T72/><D132/><U68/><E68/><V77/><F128/><W30/><G122/><T105/><D39/><U59/><E59/><V93/><F31/><W76/><G130/><T29/><D24/><U19/><E25/><V91/><REACH who="2" step="1"/><F90/><REACH who="2" ten="40,194,350,406" step="2"/><W134/><G30/><T112/><D112/><U120/><E120/><V83/><F83/><W103/><G134/><T87/><D87/><U46/><E46/><V1/><F1/><W127/><G135/><T119/><D119/><U116/><E3/><V66/><F66/><W124/><G85/><T63/><D73/><U38/><E38/><V32/><F32/><W101/><G101/><T110/><D110/><U36/><E36/><V113/><F113/><W54/><G45/><T22/><D102/><U8/><E8/><V37/><F37/><W18/><G47/><T17/><D22/><U69/><E69/><V55/><F55/><W12/><G53/><T78/><D78/><AGARI ba="0,1" hai="4,7,13,14,40,43,77,78,81,82,89,91,93,95" machi="78" ten="25,6400,0" yaku="1,1,22,2,8,1,53,0" doraHai="133" doraHaiUra="33" who="2" fromWho="0" sc="40,-64,194,0,350,74,406,0" owari="-24,-52.4,194,-20.6,424,52.4,406,20.6" /></mjloggm>