<mjloggm ver="2.3"><GO type="225" lobby="0"/><UN n0="%E3%81%BE%E3%83%BC%E3%81%8F%E3%82%93" n1="%63%68%78%62%64" n2="%E3%82%A2%E3%82%A4%E3%82%B9%E3%83%86%E3%82%A3%E3%83%BC%E3%81%82%E3%81%B9" n3="%E7%89%B9%E6%9D%B1%E3%81%AF%E4%B8%96%E7%95%8C%E3%82%92%E6%95%91%E3%81%86" dan="16,16,16,16" rate="2108.25,2114.94,2112.22,2135.98" sx="F,M,M,M"/><TAIKYOKU oya="0"/><INIT seed="0,0,0,1,0,134" ten="250,250,250,250" oya="0" hai0="14,91,99,84,104,46,58,66,52,93,38,7,50" hai1="39,69,83,51,16,65,101,0,54,86,13,113,59" hai2="110,121,70,75,117,29,22,49,114,79,64,19,37" hai3="97,43,60,105,1,130,31,4,108,41,122,53,23"/><T32/><D32/><U6/><E113/><V63/><F110/><W40/><G108/><T2/><D2/><U62/><E101/><V126/><F121/><W42/><G122/><T129/><D129/><U8/><E39/><V107/><F37/><W72/><G72/><T25/><D25/><U112/><E112/><V106/><F114/><W116/><G116/><T74/><D74/><U95/><E95/><V44/><F117/><W55/><G43/><T3/><D3/><U131/><E131/><V124/><F29/><W109/><G109/><T120/><D120/><U47/><E0/><V71/><F70/><W68/><G4/><T67/><D104/><U34/><E34/><V132/><F132/><W5/><G5/><T26/><D26/><U30/><E30/><V103/><F79/><W15/><G1/><T17/><D7/><U89/><REACH who="1" step="1"/><E6/><REACH who="1" ten="250,240,250,250" step="2"/><V73/><F103/><W125/><G31/><T12/><D38/><U35/><E35/><V76/><F107/><W20/><G130/><T118/><D118/><U57/><AGARI ba="0,1" hai="8,13,16,47,51,54,57,59,62,65,69,83,86,89" machi="57" ten="30,8000,1" yaku="1,1,0,1,25,2,54,1,53,0" doraHai="134" doraHaiUra="36" who="1" fromWho="1" sc="250,-40,240,90,250,-20,250,-20" /><INIT seed="1,0,0,5,2,69" ten="210,330,230,230" oya="1" hai0="106,87,21,22,135,47,62,12,64,94,63,1,110" hai1="19,115,31,8,11,16,73,96,48,3,76,36,44" hai2="101,85,128,83,10,117,90,70,118,66,120,125,121" hai3="46,65,54,43,40,107,82,68,111,5,23,32,122"/><U79/><E115/><V119/><F70/><W4/><G32/><T26/><D106/><U84/><E73/><V50/><F66/><W15/><G107/><T81/><D1/><U7/><E36/><V9/><F125/><W52/><G122/><T114/><D114/><U77/><E31/><V29/><F29/><W133/><G111/><T131/><D131/><U105/><E84/><V59/><F128/><W72/><G133/><T67/><D135/><U112/><E112/><V14/><F101/><W74/><G68/><T45/><D94/><U86/><E86/><V109/><F109/><W89/><G65/><N who="0" m="25163" /><D110/><U98/><E8/><V41/><F10/><W129/><G129/><T35/><D35/><U130/><E130/><V30/><F30/><W88/><G46/><N who="0" m="17419" /><D12/><U97/><REACH who="1" step="1"/><E105/><REACH who="1" ten="210,320,230,230" step="2"/><V55/><REACH who="2" step="1"/><F41/><AGARI ba="0,1" hai="3,7,11,16,19,41,44,48,76,77,79,96,97,98" machi="41" ten="40,7700,0" yaku="1,1,2,1,54,1,53,0" doraHai="69" doraHaiUra="71" who="1" fromWho="2" sc="210,0,320,87,230,-77,230,0" /><INIT seed="1,1,0,4,0,135" ten="210,407,153,230" oya="1" hai0="13,47,41,129,116,128,97,79,12,25,108,9,110" hai1="125,66,28,88,124,75,1,59,78,32,37,68,127" hai2="71,95,7,115,57,23,51,67,85,132,123,45,22" hai3="90,70,69,103,16,83,62,48,40,19,44,34,111"/><U86/><E37/><V121/><F132/><W53/><G34/><T39/><D116/><U11/><E68/><V89/><F71/><W27/><G111/><N who="0" m="42539" /><D9/><U52/><E66/><V72/><F72/><W18/><G103/><T29/><D97/><U74/><E78/><V133/><F133/><W119/><G119/><T42/><D42/><U55/><E28/><V126/><F115/><W65/><G69/><T31/><D79/><U64/><E64/><V56/><F7/><W100/><G100/><T10/><D10/><U63/><E55/><V82/><F126/><W77/><G90/><T36/><D36/><U117/><E32/><V118/><F118/><W107/><G107/><T120/><D120/><U104/><E104/><V98/><F123/><W114/><G114/><T4/><D4/><N who="1" m="1423" /><E117/><V43/><F121/><W54/><REACH who="3" step="1"/><G27/><REACH who="3" ten="210,407,153,220" step="2"/><T14/><D25/><U15/><E15/><V38/><F38/><W17/><N who="3" m="4096" /><DORA hai="92" /><W2/><G2/><T21/><D21/><N who="2" m="7690" /><F67/><W6/><G6/><T112/><D112/><U30/><E30/><AGARI ba="1,1" hai="12,13,14,29,30,31,39,41,47,128,129" m="42539" machi="30" ten="40,1300,0" yaku="14,1" doraHai="135,92" who="0" fromWho="1" sc="210,26,407,-16,153,0,220,0" /><INIT seed="2,0,0,5,5,80" ten="236,391,153,220" oya="2" hai0="53,54,124,40,52,68,25,55,76,13,86,132,33" hai1="110,82,95,42,26,78,84,27,3,1,109,16,69" hai2="96,24,130,57,122,63,73,47,38,0,59,10,121" hai3="70,9,98,91,113,115,72,14,88,30,107,45,97"/><V34/><F130/><W131/><G131/><T12/><D68/><U79/><E69/><V20/><F34/><W133/><G72/><T81/><D132/><U101/><E42/><V22/><F73/><W94/><G133/><T74/><D124/><U60/><E79/><V61/><F96/><W118/><G118/><T4/><N who="0" m="13312" /><DORA hai="49" /><T77/><D40/><U87/><E60/><V123/><F47/><W89/><G70/><T15/><D33/><U67/><E67/><V116/><F38/><W65/><G65/><T2/><D2/><U50/><E50/><V108/><F116/><W46/><G30/><T11/><REACH who="0" step="1"/><D25/><REACH who="0" ten="226,391,153,220" step="2"/><U100/><E3/><V135/><F135/><W64/><G64/><T41/><D41/><U104/><E1/><V71/><F71/><W43/><G43/><T58/><D58/><U117/><E27/><V39/><F39/><W66/><G66/><T102/><D102/><U5/><E100/><V126/><F126/><W29/><G45/><T17/><D17/><U92/><E16/><V83/><F24/><W35/><G46/><T51/><D51/><U119/><E26/><V37/><F37/><W111/><G35/><T62/><D62/><N who="2" m="23562" /><F108/><W21/><G111/><T129/><D129/><U114/><E101/><V85/><F59/><W31/><G31/><T120/><D120/><U127/><E109/><V106/><F57/><W36/><G36/><T99/><D99/><U7/><E110/><V93/><F123/><W44/><G44/><T103/><D103/><U28/><E127/><V128/><F122/><W6/><G98/><T90/><D90/><RYUUKYOKU ba="0,1" sc="226,30,391,-10,153,-10,220,-10" hai0="4,11,12,13,15,74,76,77,81,86" /><INIT seed="3,1,1,5,3,56" ten="256,381,143,210" oya="3" hai0="29,13,103,83,64,30,104,2,126,72,7,55,117" hai1="48,12,6,27,89,86,70,15,129,69,111,52,121" hai2="79,19,54,23,100,46,41,20,51,120,78,88,106" hai3="39,114,59,102,43,40,42,107,125,0,44,93,87"/><W35/><G0/><T68/><D126/><U109/><E121/><V99/><F120/><W4/><G35/><T75/><D117/><U77/><E77/><V26/><F41/><W115/><G4/><T122/><D55/><U9/><E129/><V33/><F33/><W96/><G125/><T123/><D83/><U32/><E15/><V119/><F119/><W95/><G42/><T34/><D13/><U74/><E74/><N who="0" m="28201" /><D29/><U105/><E105/><V132/><F132/><W53/><G43/><T135/><D135/><U14/><E14/><V47/><F46/><W101/><G107/><T58/><D58/><U3/><E3/><V108/><F108/><N who="1" m="41545" /><E27/><V81/><REACH who="2" step="1"/><F23/><REACH who="2" ten="256,381,133,210" step="2"/><W118/><G118/><T5/><D34/><U61/><E32/><V11/><F11/><W133/><G133/><T65/><D123/><U116/><E116/><V17/><F17/><W28/><G28/><T45/><D30/><U124/><E124/><V90/><F90/><W82/><G101/><T113/><D103/><U66/><E89/><V10/><F10/><W31/><G31/><T22/><D22/><U128/><E128/><V97/><F97/><W38/><G38/><T85/><D122/><U127/><E127/><V36/><F36/><W91/><G102/><T110/><D110/><U21/><E21/><V1/><F1/><W63/><G96/><T60/><D2/><U94/><E9/><V71/><F71/><W73/><G40/><T112/><D5/><U25/><E6/><V131/><F131/><W84/><G39/><T16/><D7/><U80/><E70/><V18/><F18/><RYUUKYOKU ba="1,2" sc="256,-10,381,-10,133,30,210,-10" hai2="19,20,26,47,51,54,78,79,81,88,99,100,106" owari="246,4.6,391,49.1,163,-33.7,200,-20.0" /></mjloggm>