<mjloggm ver="2.3"><GO type="225" lobby="0"/><UN n0="%E9%A2%A8%E3%81%A7%E9%B3%B4%E3%81%8F" n1="%E3%81%B5%E3%81%98%E3%81%8B%E3%81%A4" n2="%E6%9D%B1%E9%A2%A8%E3%81%AE%E3%81%8D%E3%82%83%E3%81%B7%E3%81%95%E3%82%93" n3="%E4%BA%95%E5%B8%AF" dan="16,16,16,16" rate="2162.26,2077.78,2189.19,2038.94" sx="M,M,M,M"/><TAIKYOKU oya="0"/><INIT seed="0,0,0,4,2,106" ten="250,250,250,250" oya="0" hai0="75,86,62,66,91,9,42,0,35,130,98,59,118" hai1="90,88,132,10,84,50,46,57,110,76,23,80,124" hai2="101,61,7,56,105,28,3,108,121,30,102,119,113" hai3="125,2,69,16,134,107,94,120,5,92,112,40,115"/><T109/><D35/><U1/><E124/><V34/><F121/><W47/><G107/><T79/><D118/><U38/><E132/><V63/><F113/><W65/><G125/><T44/><D130/><U67/><E38/><V14/><F3/><W54/><G54/><T51/><D109/><U96/><E110/><V27/><F30/><W55/><G55/><T26/><D26/><U37/><E37/><V17/><F7/><W6/><G2/><T19/><D98/><U72/><E72/><V97/><F102/><W58/><G69/><T15/><D0/><U71/><E71/><V4/><F4/><W21/><G134/><T52/><D79/><U36/><E36/><V99/><F99/><W131/><G131/><T81/><REACH who="0" step="1"/><D75/><REACH who="0" ten="240,250,250,250" step="2"/><U29/><E96/><V49/><F108/><W8/><G115/><T24/><D24/><N who="1" m="16543" /><E1/><V25/><F25/><W128/><G112/><T11/><D11/><U129/><E129/><V135/><F135/><W68/><G8/><T60/><D60/><N who="1" m="38287" /><E10/><V43/><F119/><W122/><G128/><T114/><D114/><U48/><E48/><V87/><F49/><N who="3" m="26855" /><G122/><T22/><D22/><U45/><E45/><V70/><F34/><W123/><G120/><T74/><D74/><U117/><E117/><V32/><F32/><W85/><G123/><T39/><D39/><U64/><E64/><AGARI ba="0,1" hai="9,15,19,42,44,51,52,59,62,64,66,81,86,91" machi="64" ten="40,7700,0" yaku="1,1,8,1,54,1,53,0" doraHai="106" doraHaiUra="31" who="0" fromWho="1" sc="240,87,250,-77,250,0,250,0" /><INIT seed="0,1,0,2,2,113" ten="327,173,250,250" oya="0" hai0="3,92,46,118,34,106,132,69,131,105,4,33,15" hai1="21,41,22,75,82,58,120,90,11,49,16,7,63" hai2="13,24,54,9,83,62,80,125,60,65,76,71,96" hai3="103,1,107,26,14,61,73,112,5,6,23,30,93"/><T122/><D69/><U119/><E120/><V130/><F130/><W123/><G73/><T59/><D122/><U64/><E119/><V87/><F125/><W135/><G107/><T126/><D3/><U66/><E66/><V109/><F109/><W36/><G36/><T55/><D131/><U94/><E75/><V20/><F96/><W84/><G112/><T2/><D2/><U77/><E41/><V68/><F83/><W133/><G61/><T97/><D126/><U52/><E77/><V104/><F104/><W121/><G84/><T127/><D127/><U115/><E82/><V28/><F54/><W45/><G45/><T0/><D0/><U99/><E115/><V86/><F86/><W50/><G50/><T114/><D46/><U19/><E22/><V44/><F44/><W17/><G103/><T79/><D79/><U39/><E39/><V37/><F37/><W57/><G93/><T40/><D40/><U85/><E99/><V48/><F48/><W31/><G57/><T12/><D33/><U81/><E94/><V108/><F108/><W110/><G31/><T102/><D34/><U134/><E134/><N who="3" m="51210" /><G110/><T78/><D114/><U47/><REACH who="1" step="1"/><E21/><REACH who="1" ten="327,163,250,250" step="2"/><V91/><F76/><W53/><G123/><T70/><D78/><U32/><E32/><V98/><F98/><W124/><G121/><T117/><D132/><U8/><E8/><V56/><F60/><W88/><G124/><T18/><D105/><U101/><E101/><V27/><F27/><W10/><G53/><T116/><D106/><U67/><E67/><V111/><F111/><W129/><G129/><RYUUKYOKU ba="1,1" sc="327,-15,163,15,250,15,250,-15" hai1="7,11,16,19,47,49,52,58,63,64,81,85,90" hai2="9,13,20,24,28,56,62,65,68,71,80,87,91" /><INIT seed="1,2,1,3,5,61" ten="312,178,265,235" oya="1" hai0="1,94,52,32,70,48,54,41,95,84,126,81,29" hai1="49,89,57,129,47,37,116,33,67,78,64,45,21" hai2="27,38,102,34,104,77,3,55,127,101,42,133,111" hai3="88,62,39,119,9,36,131,51,128,93,114,80,96"/><U130/><E33/><V4/><F77/><W59/><G114/><T20/><D70/><U113/><E78/><V19/><F55/><N who="0" m="21034" /><D1/><U40/><E113/><V108/><F133/><W125/><G51/><T30/><D32/><U90/><E116/><V26/><F127/><W107/><G125/><T14/><D14/><U100/><E100/><V58/><F58/><W56/><G119/><T135/><D135/><U35/><E35/><V53/><F53/><W85/><G107/><T44/><D126/><U6/><E6/><V123/><F123/><W50/><G50/><T7/><D7/><U69/><E69/><V86/><F86/><W91/><G9/><T22/><D22/><U16/><E57/><V82/><F82/><W25/><G25/><N who="0" m="16551" /><D30/><U83/><E83/><V106/><F34/><W117/><G56/><T8/><D8/><U23/><E23/><V75/><F75/><W134/><G117/><T13/><D13/><N who="1" m="9359" /><E37/><V73/><F73/><W72/><G72/><T79/><AGARI ba="2,1" hai="41,44,48,79,81,84,94,95" m="16551,21034" machi="79" ten="30,2000,0" yaku="8,1,54,1" doraHai="61" who="0" fromWho="0" sc="312,36,178,-12,265,-7,235,-7" /><INIT seed="2,0,0,5,4,69" ten="348,166,258,228" oya="2" hai0="34,132,33,123,57,29,50,68,135,124,117,42,86" hai1="103,127,35,107,83,133,105,45,109,102,43,55,122" hai2="78,120,125,38,70,116,95,23,40,76,14,32,72" hai3="58,79,44,113,126,77,15,24,19,119,46,53,60"/><V66/><F120/><W88/><G119/><T31/><D68/><U90/><E35/><N who="0" m="13321" /><D123/><U25/><E122/><V10/><F116/><W99/><G126/><T96/><D124/><U131/><E127/><V75/><F32/><W54/><G113/><T94/><D86/><U130/><E55/><V3/><F95/><N who="3" m="56807" /><G24/><T56/><D42/><U111/><E25/><V73/><F23/><N who="3" m="11775" /><G54/><N who="0" m="31831" /><D57/><U17/><E17/><V115/><F115/><W21/><G21/><T9/><D9/><U64/><E45/><AGARI ba="0,0" hai="44,45,46,53,58,60,77,79" m="11775,56807" machi="45" ten="30,2000,0" yaku="8,1,54,1" doraHai="69" who="3" fromWho="1" sc="348,0,166,-20,258,0,228,20" /><INIT seed="3,0,0,4,3,32" ten="348,146,258,248" oya="3" hai0="130,127,27,108,39,92,100,21,111,74,8,105,56" hai1="11,81,115,58,62,26,106,121,40,38,116,88,68" hai2="125,65,42,31,113,49,30,51,109,15,61,122,99" hai3="82,4,48,25,41,2,112,57,29,120,103,60,64"/><W129/><G120/><T128/><D39/><U70/><E121/><V17/><F109/><N who="0" m="42058" /><D74/><U16/><E115/><V134/><F134/><W101/><G112/><T0/><D105/><U10/><E106/><V98/><F125/><W80/><G129/><T90/><D100/><U97/><E116/><V59/><F122/><W12/><G12/><T7/><D56/><U33/><E33/><V23/><F113/><W36/><G36/><T107/><D107/><U84/><E97/><N who="2" m="36875" /><F42/><W19/><G19/><N who="0" m="12735" /><D127/><U93/><E70/><V6/><F6/><W118/><G118/><T96/><AGARI ba="0,0" hai="0,7,8,90,92,96,128,130" m="12735,42058" machi="96" ten="30,2000,0" yaku="14,1,52,1" doraHai="32" who="0" fromWho="0" sc="348,20,146,-5,258,-5,248,-10" owari="368,46.8,141,-35.9,253,5.3,238,-16.2" /></mjloggm>