<mjloggm ver="2.3"><GO type="225" lobby="0"/><UN n0="%E3%83%A9%E3%83%B3%E3%83%8A%E3%83%BC%E3%83%A9%E3%83%B3%E3%83%8A%E3%83%BC" n1="%E8%81%B7%E6%A5%AD%E3%80%81%E9%A2%A8%32" n2="%E6%80%AA%E3%81%97%E3%81%99%E3%81%8E%E3%82%8B%E3%83%81%E3%83%BC" n3="%6D%75%75%6D%75%72%61" dan="16,16,16,16" rate="2117.96,2132.92,2105.26,2145.76" sx="M,M,M,F"/><TAIKYOKU oya="0"/><INIT seed="0,0,0,4,4,128" ten="250,250,250,250" oya="0" hai0="70,131,60,52,112,38,30,37,75,29,81,15,80" hai1="41,72,106,57,14,11,111,48,33,105,120,96,87" hai2="26,83,94,99,17,46,2,117,84,129,98,64,118" hai3="113,71,108,40,91,109,135,121,10,100,54,82,24"/><T86/><D112/><U51/><E120/><V116/><F129/><W13/><G113/><T123/><D131/><U16/><E111/><N who="3" m="42570" /><G71/><T63/><D123/><U110/><E110/><V66/><F2/><W93/><G121/><T5/><D70/><U12/><E72/><V126/><F126/><W95/><G40/><T124/><D75/><U28/><E33/><V7/><F7/><N who="3" m="3295" /><G100/><T23/><D124/><U22/><E51/><V90/><F46/><W89/><G135/><T77/><D38/><U42/><E41/><V104/><F104/><W55/><G24/><T62/><D37/><U76/><E105/><V85/><F85/><N who="3" m="50359" /><G95/><T69/><D69/><U67/><E106/><V0/><F0/><W97/><AGARI ba="0,0" hai="54,55,91,93,97" m="50359,3295,42570" machi="97" ten="30,1100,0" yaku="14,1" doraHai="128" who="3" fromWho="3" sc="250,-5,250,-3,250,-3,250,11" /><INIT seed="1,0,0,4,4,130" ten="245,247,247,261" oya="1" hai0="57,72,99,8,11,37,107,123,55,64,61,110,10" hai1="83,32,3,135,25,69,109,28,104,106,17,46,73" hai2="105,4,13,131,78,122,33,21,74,95,41,35,111" hai3="68,102,19,96,133,88,23,5,86,53,52,100,90"/><U12/><E135/><V9/><F105/><W45/><G68/><T42/><D123/><U63/><E109/><V87/><F122/><W124/><G124/><T134/><D110/><U76/><E3/><V29/><F111/><W129/><G129/><T59/><D72/><U93/><E93/><V43/><F131/><W114/><G114/><T85/><D85/><U116/><E116/><V18/><F74/><W38/><G133/><T54/><D42/><U67/><REACH who="1" step="1"/><E46/><REACH who="1" ten="245,237,247,261" step="2"/><V48/><F95/><N who="3" m="56423" /><G45/><T20/><D134/><U15/><E15/><V132/><F132/><W115/><G115/><T51/><D107/><U113/><E113/><V39/><F13/><N who="3" m="9711" /><G38/><T120/><D37/><U0/><E0/><V2/><F39/><W101/><G5/><T24/><D120/><U103/><E103/><V82/><F4/><W77/><G77/><T117/><D117/><U75/><E75/><V119/><F2/><W79/><G79/><T91/><D91/><U94/><E94/><AGARI ba="0,1" hai="52,53,86,90,94,100,101,102" m="9711,56423" machi="94" ten="30,3900,0" yaku="8,1,54,2" doraHai="130" who="3" fromWho="1" sc="245,0,237,-39,247,0,261,49" /><INIT seed="2,0,0,5,0,111" ten="245,198,247,310" oya="2" hai0="89,39,62,131,108,93,132,31,90,114,50,14,113" hai1="126,2,66,44,55,129,52,13,54,71,78,0,32" hai2="63,49,110,79,104,9,85,107,115,76,133,72,53" hai3="82,87,34,92,20,124,117,30,73,19,48,38,120"/><V101/><F115/><W96/><G117/><T36/><D108/><U102/><E32/><V47/><F110/><W119/><G38/><T41/><D31/><U86/><E126/><V69/><F133/><W57/><G73/><T97/><D132/><U29/><E129/><V130/><F130/><W24/><G119/><T65/><D131/><U10/><E29/><V6/><F72/><W17/><G124/><T8/><D90/><U121/><E121/><V35/><F35/><W99/><G120/><T100/><D50/><U91/><E78/><V59/><F69/><W106/><G106/><T61/><D61/><U58/><E102/><V74/><F74/><W127/><G127/><T23/><D23/><U60/><E71/><V21/><F21/><W26/><G92/><T67/><D67/><U45/><E2/><V5/><F5/><W27/><G19/><T75/><D75/><U56/><E58/><V95/><F104/><W94/><G94/><T70/><D100/><U112/><E0/><V134/><F134/><W84/><G84/><T12/><D12/><U16/><REACH who="1" step="1"/><E112/><REACH who="1" ten="245,188,247,310" step="2"/><V123/><F101/><W11/><G34/><T122/><D122/><U80/><AGARI ba="0,1" hai="10,13,16,44,45,52,54,55,56,60,66,80,86,91" machi="80" ten="30,12000,2" yaku="1,1,2,1,0,1,8,1,54,2,53,0" doraHai="111" doraHaiUra="1" who="1" fromWho="1" sc="245,-30,188,130,247,-60,310,-30" /><INIT seed="3,0,0,0,3,52" ten="215,318,187,280" oya="3" hai0="57,25,11,5,100,128,27,43,111,114,132,105,96" hai1="22,69,82,76,34,94,42,63,59,1,84,81,0" hai2="107,117,9,102,78,80,110,26,46,83,131,3,120" hai3="37,71,50,123,126,133,64,36,134,108,90,38,56"/><W109/><G123/><T75/><D111/><N who="3" m="42569" /><G126/><T119/><D119/><U10/><E34/><V122/><F110/><W92/><G71/><T121/><D121/><N who="2" m="46698" /><F117/><W41/><G41/><T106/><D75/><U72/><E69/><V4/><F46/><W104/><G104/><T8/><D128/><U95/><E42/><V79/><F26/><W88/><G50/><T101/><D132/><N who="3" m="50793" /><G92/><T66/><D114/><U6/><E1/><V113/><F107/><W18/><G18/><T99/><D43/><U54/><E22/><V2/><F113/><W47/><G47/><T20/><D5/><U16/><E16/><V129/><F102/><W70/><G70/><T39/><D39/><U14/><E0/><V19/><F19/><W77/><G77/><AGARI ba="0,0" hai="6,10,14,54,59,63,72,76,77,81,82,84,94,95" machi="77" ten="30,2000,0" yaku="7,1,52,1" doraHai="52" who="1" fromWho="3" sc="215,0,318,20,187,0,280,-20" owari="215,-18.5,338,43.8,187,-31.3,260,6.0" /></mjloggm>