<mjloggm ver="2.3"><GO type="225" lobby="0"/><UN n0="%E8%90%BD%E6%97%A5" n1="%E5%A4%9C%E3%81%AE%E3%82%AC%E3%82%B9%E3%83%91%E3%83%BC%E3%83%AB" n2="%E3%81%86%E3%81%A9%E3%82%93%E3%81%93" n3="%E7%A6%8F%E5%8E%9F%E9%81%A5%E3%81%A8%E7%B5%90%E5%A9%9A%E3%81%99%E3%82%8B" dan="16,16,16,17" rate="2103.71,2127.11,2137.38,2112.30" sx="F,M,M,M"/><TAIKYOKU oya="0"/><INIT seed="0,0,0,1,2,13" ten="250,250,250,250" oya="0" hai0="31,2,123,76,40,93,121,8,45,105,15,10,39" hai1="65,70,86,12,110,26,71,4,100,27,81,66,109" hai2="112,119,130,59,84,56,131,7,44,51,102,60,55" hai3="132,85,68,20,67,62,80,74,19,33,41,48,64"/><T77/><D105/><U38/><E38/><V111/><F102/><W89/><G33/><T63/><D31/><U117/><E117/><V107/><F107/><W23/><G132/><T54/><D93/><U50/><E100/><V78/><F7/><W69/><G74/><T57/><D8/><U92/><E92/><V25/><F25/><W79/><G23/><T32/><D32/><U99/><E99/><V135/><F84/><W104/><G104/><T22/><D22/><U42/><E27/><V118/><F78/><W83/><G48/><T129/><D2/><U36/><E36/><V47/><F111/><W0/><G41/><T126/><D126/><U120/><E26/><V90/><F90/><W28/><G28/><T29/><D29/><U101/><E101/><V35/><F35/><W128/><G128/><N who="2" m="49193" /><F135/><W16/><G0/><T103/><D103/><U87/><E120/><V134/><F134/><W11/><G11/><T127/><D127/><U30/><E30/><V46/><F112/><W49/><G49/><T52/><D129/><U14/><E4/><V5/><F5/><W95/><G79/><T98/><D98/><U97/><E97/><V94/><F94/><W73/><G73/><T75/><D54/><AGARI ba="0,0" hai="44,46,47,51,54,55,56,59,60,118,119" m="49193" machi="54" ten="40,5200,0" yaku="19,1,34,2" doraHai="13" who="2" fromWho="0" sc="250,-52,250,0,250,52,250,0" /><INIT seed="1,0,0,0,0,85" ten="198,250,302,250" oya="1" hai0="18,6,59,65,67,64,101,55,87,71,130,5,90" hai1="100,77,48,93,14,34,80,123,50,10,47,110,49" hai2="53,73,102,0,69,1,22,62,96,116,99,84,129" hai3="16,57,9,92,115,23,79,81,43,70,109,8,21"/><U121/><E34/><V111/><F116/><W29/><G70/><T33/><D71/><U20/><E110/><V54/><F73/><W36/><G115/><T31/><D130/><U76/><E20/><V98/><F111/><W3/><G109/><T17/><D101/><U75/><E77/><V114/><F129/><W86/><G57/><T78/><D78/><U89/><E100/><V52/><F102/><W126/><G126/><T4/><D31/><U120/><E47/><V97/><F114/><W32/><G32/><T13/><D33/><U113/><E113/><V125/><F125/><W58/><G3/><T39/><D39/><U72/><E72/><V42/><F42/><W128/><G128/><T131/><D131/><U11/><REACH who="1" step="1"/><E14/><REACH who="1" ten="198,240,302,250" step="2"/><V19/><F22/><W68/><G23/><T82/><REACH who="0" step="1"/><D13/><REACH who="0" ten="188,240,302,250" step="2"/><U117/><E117/><V7/><F1/><W61/><G79/><T24/><D24/><U135/><E135/><V56/><F0/><W38/><G29/><T112/><D112/><U26/><E26/><V104/><F104/><W119/><G119/><T46/><D46/><U41/><E41/><V44/><F44/><W108/><G108/><T133/><D133/><U94/><E94/><V45/><F45/><W35/><G35/><T27/><D27/><U40/><E40/><V51/><F51/><AGARI ba="0,2" hai="4,5,6,17,18,51,55,59,64,65,67,82,87,90" machi="51" ten="40,12000,2" yaku="1,1,8,1,52,1,53,3" doraHai="85" doraHaiUra="2" who="0" fromWho="2" sc="188,140,240,0,302,-120,250,0" /><INIT seed="2,0,0,3,4,12" ten="328,240,182,250" oya="2" hai0="50,10,4,95,69,108,55,116,133,38,125,130,90" hai1="131,102,2,32,17,72,56,5,82,24,48,107,93" hai2="58,23,36,89,75,61,66,16,49,106,110,129,47" hai3="132,84,127,34,70,97,71,21,111,31,112,73,7"/><V113/><F106/><W79/><G73/><T74/><D69/><U98/><E131/><V15/><F113/><W18/><G111/><T41/><D74/><U57/><E32/><V39/><F129/><W25/><G112/><T105/><D105/><U30/><E30/><V88/><F75/><W67/><G132/><T77/><D77/><U20/><E5/><V60/><F110/><W87/><G127/><T40/><D108/><U76/><E2/><V80/><F61/><W43/><G43/><T101/><D130/><U27/><E27/><V68/><F80/><W94/><G7/><T83/><D38/><U92/><E48/><V3/><F3/><W45/><G45/><T121/><D121/><U44/><E44/><V124/><F124/><W120/><G79/><T64/><D64/><U85/><E93/><V62/><F62/><W59/><G59/><T118/><D133/><U33/><E33/><V114/><F114/><W13/><G67/><T14/><D101/><U65/><E65/><V37/><REACH who="2" step="1"/><F68/><REACH who="2" ten="328,240,172,250" step="2"/><W63/><G63/><T91/><D125/><U8/><E8/><V128/><F128/><W22/><G71/><T81/><D81/><U109/><E109/><V11/><F11/><W99/><G70/><T42/><D83/><U126/><E126/><V28/><F28/><W46/><G31/><T134/><D134/><U104/><E104/><V19/><F19/><W0/><G18/><T1/><D1/><U122/><E122/><V78/><F78/><W96/><G0/><T119/><D95/><U9/><E9/><V52/><AGARI ba="0,1" hai="15,16,23,36,37,39,47,49,52,58,60,66,88,89" machi="52" ten="30,18000,2" yaku="1,1,0,1,52,1,54,3,53,0" doraHai="12" doraHaiUra="29" who="2" fromWho="2" sc="328,-60,240,-60,172,190,250,-60" /><INIT seed="2,1,0,3,4,132" ten="268,180,362,190" oya="2" hai0="133,75,43,65,110,123,135,50,105,93,92,36,46" hai1="41,30,127,29,17,104,118,53,15,122,21,100,60" hai2="96,8,44,91,95,83,89,86,33,80,31,16,76" hai3="64,27,124,129,82,20,67,35,22,71,134,51,37"/><V52/><F31/><W108/><G37/><T0/><D123/><U114/><E122/><V54/><F33/><W73/><G134/><N who="0" m="51211" /><D105/><U2/><E114/><V81/><F44/><W106/><G106/><T121/><D121/><U115/><E115/><V12/><F81/><W34/><G108/><T88/><D110/><U10/><E118/><V98/><F98/><W26/><G51/><T56/><D0/><U111/><E111/><V24/><F24/><W4/><G4/><T38/><D75/><AGARI ba="1,0" hai="8,12,16,52,54,75,76,80,83,86,89,91,95,96" machi="75" ten="30,5800,0" yaku="7,1,54,2" doraHai="132" who="2" fromWho="0" sc="268,-61,180,0,362,61,190,0" /><INIT seed="2,2,0,4,0,1" ten="207,180,423,190" oya="2" hai0="73,126,111,46,89,133,110,8,115,60,63,114,53" hai1="109,27,80,99,55,92,121,82,124,96,47,72,132" hai2="35,83,16,7,33,2,20,108,29,95,5,131,113" hai3="100,43,122,14,57,65,77,125,93,61,11,134,34"/><V59/><F95/><W21/><G122/><T107/><D73/><U17/><E109/><N who="0" m="41481" /><D107/><U66/><E121/><V25/><F59/><W40/><G34/><N who="2" m="12809" /><F83/><W135/><G125/><T28/><D28/><U88/><E132/><N who="3" m="50730" /><G21/><T81/><D133/><U85/><E124/><V129/><F108/><W24/><G24/><T45/><D126/><U112/><E112/><N who="0" m="43049" /><D8/><U58/><E72/><V104/><F104/><W120/><G120/><T70/><D81/><U79/><E82/><V56/><F56/><W128/><G128/><N who="2" m="49225" /><F113/><W64/><G77/><T106/><D89/><U75/><E75/><V123/><F123/><W37/><G37/><T15/><D15/><U31/><E79/><V3/><F29/><W52/><G93/><T118/><D106/><U41/><E80/><V127/><F127/><W18/><G100/><T76/><D76/><U62/><E31/><V94/><F94/><W90/><G90/><T102/><D102/><U32/><E32/><V69/><F69/><N who="3" m="42127" /><G65/><N who="0" m="41255" /><D118/><U36/><E66/><V30/><F30/><W103/><G103/><T87/><D87/><U91/><E91/><V86/><F86/><W38/><G38/><T19/><D63/><AGARI ba="2,0" hai="11,14,18,40,43,52,57,63" m="42127,50730" machi="63" ten="30,2000,0" yaku="20,1,54,1" doraHai="1" who="3" fromWho="0" sc="207,-26,180,0,423,0,190,26" /><INIT seed="3,0,0,0,0,10" ten="181,180,423,216" oya="3" hai0="109,40,99,107,102,17,55,84,121,0,60,119,90" hai1="29,67,46,104,71,58,89,74,57,72,33,112,8" hai2="54,49,81,6,21,103,73,48,19,78,47,83,86" hai3="45,27,24,34,130,125,97,116,50,77,120,37,44"/><W56/><G116/><T105/><D119/><U14/><E112/><V85/><F6/><W117/><G120/><T63/><D121/><U75/><E104/><V87/><F103/><W9/><G77/><T92/><D109/><U118/><E118/><V76/><REACH who="2" step="1"/><F48/><REACH who="2" ten="181,180,413,216" step="2"/><W93/><G50/><T16/><D0/><U129/><E129/><V128/><F128/><W20/><G130/><T3/><D3/><U42/><E89/><V124/><F124/><W32/><G125/><T132/><D105/><U122/><E122/><V98/><F98/><W113/><G97/><T11/><D107/><U101/><E101/><V51/><F51/><W13/><G117/><T7/><D102/><U36/><E71/><V43/><F43/><W62/><G113/><T31/><D40/><U131/><E131/><V15/><AGARI ba="0,1" hai="15,19,21,47,49,54,73,76,78,81,83,85,86,87" machi="15" ten="20,5200,0" yaku="1,1,0,1,7,1,52,1,53,0" doraHai="10" doraHaiUra="68" who="2" fromWho="2" sc="181,-13,180,-13,413,62,216,-26" owari="168,-23.2,167,-33.3,475,57.5,190,-1.0" /></mjloggm>