<mjloggm ver="2.3"><GO type="225" lobby="0"/><UN n0="%E6%B0%B7%E5%B7%9D%E9%87%8C%E5%A5%88" n1="%E3%81%86%E3%83%BC%E3%81%B1%E3%83%BC" n2="%E4%BE%BF%E6%89%80" n3="%4B%2E%32%2E%4B%2E" dan="16,17,16,17" rate="2128.99,2178.54,2051.93,2194.23" sx="F,F,M,M"/><TAIKYOKU oya="0"/><INIT seed="0,0,0,1,2,51" ten="250,250,250,250" oya="0" hai0="76,74,87,33,89,11,22,100,102,133,68,40,8" hai1="61,65,43,79,6,59,83,112,10,93,86,128,123" hai2="91,19,121,58,27,55,88,36,97,82,125,99,32" hai3="48,107,30,28,119,23,106,104,50,63,109,13,38"/><T96/><D33/><U42/><E123/><V95/><F121/><W16/><G119/><T101/><D68/><U66/><E128/><V67/><F36/><W45/><G109/><T57/><D133/><U118/><E118/><V72/><F125/><W111/><G111/><T56/><D40/><U90/><E66/><V60/><F72/><W1/><G1/><T52/><D57/><U14/><REACH who="1" step="1"/><E112/><REACH who="1" ten="250,240,250,250" step="2"/><V37/><F67/><W44/><G38/><T81/><D96/><AGARI ba="0,1" hai="6,10,14,42,43,59,61,65,79,83,86,90,93,96" machi="96" ten="30,7700,0" yaku="1,1,2,1,7,1,8,1,53,0" doraHai="51" doraHaiUra="71" who="1" fromWho="0" sc="250,-77,240,87,250,0,250,0" /><INIT seed="1,0,0,5,0,61" ten="173,327,250,250" oya="1" hai0="30,71,87,27,62,81,46,86,60,85,5,11,104" hai1="12,135,69,21,25,92,110,3,17,49,80,51,57" hai2="59,129,42,20,106,37,109,89,95,101,29,111,16" hai3="128,34,84,10,131,124,82,118,134,64,120,36,91"/><U102/><E3/><V47/><F129/><N who="3" m="49739" /><G120/><T38/><D104/><U133/><E69/><V103/><F29/><W13/><G134/><T83/><D38/><U122/><E122/><V45/><F45/><W130/><G130/><T65/><D46/><U132/><E110/><N who="2" m="41995" /><F59/><W19/><G124/><T117/><D117/><U23/><E80/><V67/><F67/><W55/><G118/><T48/><D48/><U99/><REACH who="1" step="1"/><E57/><REACH who="1" ten="173,317,250,250" step="2"/><V4/><F106/><W97/><G82/><T98/><D81/><U126/><E126/><V100/><F4/><W107/><G107/><T15/><D83/><U76/><E76/><V72/><F72/><W22/><G36/><T88/><D62/><U94/><E94/><V14/><F103/><W119/><G119/><T6/><D6/><U77/><E77/><V68/><F68/><W90/><G90/><T39/><D39/><U121/><E121/><V105/><F105/><W56/><G56/><T78/><D78/><U1/><E1/><V114/><F114/><W73/><G73/><T31/><REACH who="0" step="1"/><D27/><REACH who="0" ten="163,317,250,250" step="2"/><U66/><E66/><V58/><F58/><W108/><G108/><T79/><D79/><U32/><E32/><V7/><F7/><W44/><G34/><T53/><D53/><U127/><E127/><V28/><F95/><AGARI ba="0,2" hai="5,11,15,30,31,60,65,71,85,86,87,88,95,98" machi="95" ten="40,5200,0" yaku="1,1,52,1,54,1,53,0" doraHai="61" doraHaiUra="125" who="0" fromWho="2" sc="163,72,317,0,250,-52,250,0" /><INIT seed="2,0,0,0,2,4" ten="235,317,198,250" oya="2" hai0="121,111,91,116,27,118,103,127,106,66,79,88,6" hai1="14,67,43,95,107,63,53,108,128,15,33,132,120" hai2="96,19,0,38,125,21,73,101,45,7,69,18,114" hai3="78,82,68,115,20,110,74,112,62,117,70,126,64"/><V99/><F114/><N who="3" m="43563" /><G117/><N who="0" m="45163" /><D121/><U93/><E107/><V30/><F69/><N who="3" m="42135" /><G110/><T32/><D111/><U90/><E33/><V13/><F73/><W119/><G119/><T17/><D127/><U1/><E53/><V92/><F125/><W25/><G126/><T133/><D133/><U9/><E43/><V97/><F30/><AGARI ba="0,0" hai="20,25,30,68,70,74,78,82" m="42135,43563" machi="30" ten="30,1000,0" yaku="11,1" doraHai="4" who="3" fromWho="2" sc="235,0,317,0,198,-10,250,10" /><INIT seed="3,0,0,2,5,114" ten="235,317,188,260" oya="3" hai0="88,86,14,0,115,91,45,134,7,50,55,67,43" hai1="71,3,9,31,95,65,18,26,44,132,89,127,93" hai2="25,27,78,49,130,83,38,59,42,94,21,104,28" hai3="58,103,98,54,29,73,4,112,46,13,109,122,10"/><W40/><G122/><T123/><D123/><U106/><E106/><V117/><F104/><W121/><G121/><T66/><D0/><U2/><E132/><V110/><F110/><W81/><G112/><T111/><D115/><U90/><E44/><V30/><F130/><W47/><G109/><T39/><D111/><U33/><E127/><V51/><F38/><W92/><G29/><T56/><D134/><U96/><E65/><N who="0" m="24585" /><D39/><U23/><E9/><V6/><F6/><W16/><G73/><T105/><D105/><U5/><E5/><V17/><F117/><W12/><G81/><T22/><D86/><U101/><E90/><V79/><F51/><W120/><G40/><T20/><D20/><U61/><E61/><V8/><F94/><W63/><G120/><T68/><D68/><U82/><E82/><V133/><F133/><W57/><G58/><T69/><D69/><U64/><E64/><V100/><F100/><W128/><G128/><T35/><D35/><U76/><E76/><V36/><F36/><W77/><G77/><T107/><D107/><U102/><E102/><V52/><F42/><W19/><G4/><T119/><D119/><U11/><E11/><AGARI ba="0,0" hai="10,11,12,13,16,19,46,47,54,57,63,92,98,103" machi="11" ten="30,11600,0" yaku="7,1,9,1,8,1,54,1" doraHai="114" who="3" fromWho="1" sc="235,0,317,-116,188,0,260,116" owari="235,3.5,201,-19.9,188,-31.2,376,47.6" /></mjloggm>