<mjloggm ver="2.3"><GO type="225" lobby="0"/><UN n0="%E4%B9%9D%E7%B4%8B%E9%BE%8D%E5%8F%B2%E9%80%B2" n1="%E7%AD%89%E3%80%85%E5%8A%9B%E5%8A%87%E5%A0%B4" n2="%E3%82%B0%E3%83%AA%E3%82%B0%E3%83%AA%E6%A3%92" n3="%E3%81%9F%E3%81%8C%E3%82%84%E3%81%99" dan="17,16,16,17" rate="2153.38,2163.20,2118.78,2204.44" sx="M,M,M,M"/><TAIKYOKU oya="0"/><INIT seed="0,0,0,5,5,120" ten="250,250,250,250" oya="0" hai0="10,45,37,109,125,101,105,112,70,117,123,63,132" hai1="5,59,65,21,83,57,77,26,108,60,71,94,93" hai2="107,128,129,48,25,35,100,44,102,124,52,55,72" hai3="97,17,85,118,9,61,81,86,80,49,110,30,73"/><T2/><D10/><U29/><E5/><V41/><F72/><W75/><G30/><T99/><D99/><U28/><E28/><N who="2" m="19855" /><F124/><W12/><G118/><T66/><D63/><U98/><E94/><V1/><F1/><W135/><G135/><T111/><D45/><U92/><E92/><V91/><F91/><W40/><G97/><T6/><D66/><U13/><E13/><V67/><F67/><W64/><G40/><T79/><D79/><U34/><E34/><V22/><F22/><W78/><G49/><T62/><D62/><U31/><E31/><V36/><F107/><W0/><G0/><T16/><D16/><U122/><E122/><V39/><F55/><W121/><G121/><T14/><D14/><U96/><E96/><V126/><F126/><W4/><G17/><T106/><D101/><N who="2" m="39018" /><F41/><W3/><G12/><T32/><D6/><U18/><E18/><V88/><F88/><W24/><G24/><T33/><D105/><U113/><E26/><V130/><AGARI ba="0,0" hai="36,39,44,48,52,128,129,130" m="39018,19855" machi="130" ten="40,2700,0" yaku="19,1,54,1" doraHai="120" who="2" fromWho="2" sc="250,-13,250,-7,250,27,250,-7" /><INIT seed="1,0,0,3,1,86" ten="237,243,277,243" oya="1" hai0="1,106,118,12,49,93,114,124,110,23,127,36,10" hai1="24,43,39,9,78,47,80,11,63,22,41,44,126" hai2="32,13,123,81,120,2,108,3,60,28,34,68,84" hai3="71,105,113,128,14,74,131,67,98,69,53,92,101"/><U52/><E126/><N who="0" m="48169" /><D36/><U117/><E117/><V87/><F108/><W132/><G74/><T103/><D106/><U77/><E77/><V15/><F81/><W55/><G113/><T35/><D35/><U73/><E63/><V17/><F60/><N who="3" m="40167" /><G71/><T38/><D38/><U48/><REACH who="1" step="1"/><E43/><REACH who="1" ten="237,233,277,243" step="2"/><V16/><F28/><AGARI ba="0,1" hai="9,11,22,24,28,39,41,44,47,48,52,73,78,80" machi="28" ten="30,11600,0" yaku="1,1,2,1,7,1,54,1,53,0" doraHai="86" doraHaiUra="54" who="1" fromWho="2" sc="237,0,233,126,277,-116,243,0" /><INIT seed="1,1,0,0,1,33" ten="237,359,161,243" oya="1" hai0="20,100,123,91,92,126,90,128,101,82,27,119,16" hai1="68,95,67,22,46,48,114,117,29,73,10,72,76" hai2="86,31,74,53,23,94,34,26,127,134,45,3,61" hai3="115,25,12,122,7,63,111,8,77,108,129,47,2"/><U52/><E114/><V28/><F74/><W112/><G63/><T131/><D119/><U110/><E117/><V55/><F127/><W44/><G44/><T79/><D126/><U1/><E110/><N who="3" m="42026" /><G47/><T37/><D37/><U24/><E76/><V40/><F134/><W32/><G77/><T130/><D123/><U50/><E50/><V38/><F61/><W132/><G122/><T70/><D70/><U56/><E68/><V13/><F94/><W30/><G132/><T19/><D19/><U5/><REACH who="1" step="1"/><E95/><REACH who="1" ten="237,349,161,243" step="2"/><V87/><F38/><W98/><G129/><T85/><REACH who="0" step="1"/><D91/><REACH who="0" ten="227,349,161,243" step="2"/><U15/><E15/><V54/><F13/><W6/><G98/><AGARI ba="1,2" hai="16,20,27,79,82,85,90,92,98,100,101,128,130,131" machi="98" ten="40,8000,1" yaku="1,1,2,1,19,1,54,1,53,1" doraHai="33" doraHaiUra="75" who="0" fromWho="3" sc="227,103,349,0,161,0,243,-83" /><INIT seed="2,0,0,4,2,63" ten="330,349,161,160" oya="2" hai0="42,127,115,133,95,43,85,4,0,45,72,112,125" hai1="24,55,27,70,31,83,69,98,25,81,64,75,67" hai2="110,18,100,76,53,56,41,51,30,61,68,23,46" hai3="90,3,15,124,97,8,117,21,17,62,48,87,20"/><V12/><F110/><W131/><G3/><T79/><D133/><U49/><E31/><V35/><F76/><W32/><G32/><T93/><D72/><U26/><E26/><V82/><F82/><N who="1" m="31241" /><E75/><V108/><F108/><W78/><G78/><T122/><D122/><U116/><E116/><V118/><F118/><W119/><G131/><T129/><D129/><U36/><E36/><V113/><F113/><W37/><G37/><T114/><D79/><U57/><E57/><BYE who="1" /><V58/><F100/><W6/><G124/><N who="0" m="47691" /><D85/><U107/><E107/><V13/><F68/><W128/><G128/><UN n1="%E7%AD%89%E3%80%85%E5%8A%9B%E5%8A%87%E5%A0%B4" /><T66/><D66/><U34/><E34/><V94/><BYE who="1" /><F94/><N who="0" m="35850" /><D45/><UN n1="%E7%AD%89%E3%80%85%E5%8A%9B%E5%8A%87%E5%A0%B4" /><U60/><E70/><V11/><F35/><W22/><G97/><T103/><D103/><U86/><E69/><V38/><F30/><W65/><G48/><T52/><D52/><U104/><E104/><V44/><REACH who="2" step="1"/><F61/><REACH who="2" ten="330,349,151,160" step="2"/><W77/><G77/><T88/><D88/><U9/><E60/><V99/><F99/><W126/><G126/><T109/><D109/><U29/><E98/><V101/><F101/><W39/><G119/><T33/><D33/><U132/><E29/><V134/><F134/><W54/><G117/><T14/><D115/><U102/><E132/><V74/><F74/><W47/><G90/><T135/><D135/><U120/><E102/><V89/><F89/><W80/><G80/><T121/><D114/><U111/><E111/><V71/><F71/><N who="3" m="42423" /><G87/><T92/><D112/><U28/><E86/><V19/><AGARI ba="0,1" hai="11,12,13,18,19,23,38,41,44,46,51,53,56,58" machi="19" ten="20,3900,0" yaku="1,1,0,1,7,1,53,0" doraHai="63" doraHaiUra="130" who="2" fromWho="2" sc="330,-13,349,-13,151,49,160,-13" /><INIT seed="2,1,0,2,0,86" ten="317,336,200,147" oya="2" hai0="74,69,89,117,26,24,52,48,81,32,102,33,29" hai1="95,71,23,27,18,118,96,4,19,85,134,54,13" hai2="59,17,135,44,90,57,103,1,14,105,108,112,6" hai3="3,62,7,109,36,73,43,50,63,106,125,113,64"/><V41/><F112/><W72/><G106/><T49/><D117/><U107/><E118/><V42/><F135/><W66/><G36/><T38/><D38/><U40/><E134/><V88/><F1/><W21/><G113/><T55/><D69/><U101/><E71/><V82/><F6/><W98/><G7/><T133/><D102/><U79/><E40/><N who="2" m="15467" /><F105/><W126/><G3/><T123/><D123/><U131/><E131/><V61/><F103/><W34/><G34/><T104/><D104/><U11/><E54/><N who="2" m="33975" /><F82/><W47/><G109/><T93/><D133/><U110/><E110/><V58/><F44/><W16/><G98/><T75/><D81/><N who="1" m="47295" /><E107/><V56/><F108/><W83/><G83/><T91/><D29/><AGARI ba="1,0" hai="4,11,13,18,19,23,27,29,95,96,101" m="47295" machi="29" ten="30,1000,0" yaku="8,1" doraHai="86" who="1" fromWho="0" sc="317,-13,336,13,200,0,147,0" /><INIT seed="3,0,0,4,4,130" ten="304,349,200,147" oya="3" hai0="104,114,73,65,60,26,92,91,32,48,69,120,111" hai1="16,27,107,19,12,127,135,110,55,15,41,63,113" hai2="22,96,4,61,54,45,129,46,70,53,89,117,1" hai3="37,99,115,39,67,94,49,125,103,116,68,36,79"/><W6/><G6/><T93/><D120/><U21/><E113/><V95/><F117/><W85/><G116/><T43/><D111/><U52/><E107/><V8/><F129/><W90/><G115/><T25/><D73/><U123/><E123/><V17/><F70/><W109/><G125/><T64/><D104/><U80/><E110/><V134/><F134/><W87/><G109/><T9/><D65/><U78/><E135/><V124/><F124/><W42/><G79/><T3/><D32/><U59/><E127/><V7/><F7/><W74/><G74/><T131/><D92/><U108/><E108/><V101/><F101/><W14/><G14/><T34/><D34/><U57/><E41/><V75/><F75/><W122/><G122/><T72/><D72/><U56/><E56/><N who="2" m="34959" /><F54/><W100/><G67/><T0/><D114/><U126/><E126/><V38/><F38/><W33/><G33/><T112/><D131/><U66/><E66/><V29/><F29/><W82/><G68/><T71/><D71/><U24/><E80/><V84/><F84/><W105/><G87/><T118/><D118/><U10/><E78/><V132/><F132/><W83/><REACH who="3" step="1"/><G103/><REACH who="3" ten="304,349,200,137" step="2"/><T98/><D112/><U31/><E31/><V30/><F30/><W128/><G128/><T119/><D119/><U11/><E11/><V5/><F4/><W77/><G77/><T28/><D9/><U97/><E97/><V18/><F17/><W121/><G121/><T62/><D28/><U102/><E102/><V2/><F1/><W76/><G76/><T23/><D0/><U35/><E35/><RYUUKYOKU ba="0,1" sc="304,-30,349,10,200,10,137,10" hai1="10,12,15,16,19,21,24,27,52,55,57,59,63" hai2="2,5,8,18,22,45,46,89,95,96" hai3="36,37,39,42,49,82,83,85,90,94,99,100,105" /><INIT seed="3,1,1,4,1,76" ten="274,359,210,147" oya="3" hai0="85,6,125,2,84,4,87,42,16,124,122,118,49" hai1="53,89,101,111,75,100,62,129,7,56,24,135,104" hai2="130,91,67,21,46,61,131,54,17,60,107,15,114" hai3="11,113,105,1,45,65,88,39,3,77,27,134,74"/><W117/><G105/><T8/><D118/><U28/><E111/><V108/><F114/><W92/><G113/><T109/><D122/><U9/><E135/><V26/><F107/><W5/><G117/><T112/><D109/><U78/><E129/><N who="2" m="49163" /><F108/><W97/><G134/><T90/><D6/><U22/><E104/><V55/><F91/><W38/><G1/><T132/><D132/><U25/><E75/><V80/><F80/><N who="3" m="45111" /><G39/><T34/><D34/><U64/><E78/><V71/><F60/><W32/><G27/><T33/><D33/><U115/><E115/><V59/><F71/><W13/><G32/><T70/><D70/><U72/><E72/><V50/><F26/><W23/><G13/><T119/><D119/><U36/><E36/><V30/><F30/><W40/><G23/><T126/><D112/><U94/><E25/><V47/><F47/><N who="3" m="23959" /><G65/><AGARI ba="1,1" hai="15,17,21,46,50,54,55,59,61,65,67" m="49163" machi="65" ten="30,1000,0" yaku="19,1" doraHai="76" who="2" fromWho="3" sc="274,0,359,0,210,23,147,-13" owari="274,7.4,359,45.9,233,-16.7,134,-36.6" /></mjloggm>