<mjloggm ver="2.3"><GO type="225" lobby="0"/><UN n0="%73%7A%2E%64%31" n1="%E3%83%B4%E3%83%A0%EF%BC%99%E3%81%A6" n2="%E3%81%A1%E3%82%85%E3%81%86%E3%81%A9%E3%81%8F%E8%B1%A1%E3%81%95%E3%82%93" n3="%65%2D%73%65%70%65%6E%3B" dan="16,17,17,17" rate="2116.14,2213.19,2126.45,2160.25" sx="M,M,M,M"/><TAIKYOKU oya="0"/><INIT seed="0,0,0,5,0,65" ten="250,250,250,250" oya="0" hai0="76,126,46,23,83,70,94,63,100,60,75,118,36" hai1="110,129,72,120,97,16,41,116,109,7,84,48,130" hai2="44,85,106,22,125,53,104,3,74,55,128,10,28" hai3="42,114,6,86,21,24,69,1,117,58,102,112,59"/><T67/><D118/><U64/><E72/><V13/><F74/><W98/><G117/><T78/><D126/><U99/><E116/><V103/><F125/><W33/><G42/><T18/><D78/><U113/><E120/><V57/><F3/><W19/><G33/><T40/><D60/><U12/><E7/><V45/><F85/><W108/><G108/><N who="1" m="41578" /><E64/><V82/><F82/><W31/><G6/><T34/><D34/><U8/><E113/><V9/><F128/><N who="1" m="49257" /><E84/><V4/><F4/><W133/><G1/><T95/><REACH who="0" step="1"/><D100/><REACH who="0" ten="240,250,250,250" step="2"/><U91/><E91/><V30/><F103/><W79/><G102/><T38/><D38/><U96/><E96/><V80/><F104/><W121/><G98/><T89/><D89/><U11/><E11/><V73/><F9/><W107/><G79/><T26/><AGARI ba="0,1" hai="18,23,26,36,40,46,63,67,70,75,76,83,94,95" machi="26" ten="20,7800,0" yaku="1,1,0,1,7,1,52,1,53,0" doraHai="65" doraHaiUra="52" who="0" fromWho="0" sc="240,88,250,-26,250,-26,250,-26" /><INIT seed="0,1,0,4,2,13" ten="328,224,224,224" oya="0" hai0="81,43,130,91,42,95,60,134,126,31,93,28,72" hai1="27,106,57,8,48,0,83,115,47,56,89,86,117" hai2="101,68,128,22,33,111,53,26,63,9,41,65,94" hai3="119,35,109,98,96,120,36,66,88,125,82,4,44"/><T39/><D134/><U34/><E117/><V59/><F111/><W55/><G119/><T30/><D130/><U85/><E106/><V1/><F128/><W99/><G35/><T52/><D126/><U3/><E115/><V14/><F33/><W37/><G109/><T110/><D110/><U49/><E49/><V24/><F41/><N who="0" m="15370" /><D72/><U21/><E34/><V19/><F1/><W133/><G66/><T87/><D39/><U79/><E8/><V29/><F24/><W103/><G103/><T45/><D60/><U5/><E5/><V135/><F135/><W102/><G102/><T7/><D7/><U18/><E0/><V69/><REACH who="2" step="1"/><F53/><REACH who="2" ten="328,224,214,224" step="2"/><W116/><G133/><T97/><D97/><AGARI ba="1,1" hai="9,14,19,22,26,29,59,63,65,68,69,94,97,101" machi="97" ten="40,12000,2" yaku="1,1,2,1,25,2,52,1,53,1" doraHai="13" doraHaiUra="62" who="2" fromWho="0" sc="328,-123,224,0,214,133,224,0" /><INIT seed="1,0,0,1,1,47" ten="205,224,347,224" oya="1" hai0="125,129,96,17,118,72,13,26,69,115,29,41,81" hai1="8,89,113,43,122,50,11,92,64,100,57,27,52" hai2="65,82,95,32,19,84,107,53,75,44,14,79,36" hai3="28,106,123,4,42,67,48,111,56,130,70,73,0"/><U54/><E113/><V5/><F107/><W59/><G73/><T22/><D115/><U71/><E122/><V114/><F32/><W60/><G106/><T51/><D118/><U78/><E100/><V45/><F65/><W55/><G28/><T121/><D121/><U35/><E43/><V12/><F5/><W86/><G123/><T127/><D129/><U62/><E78/><V102/><F45/><N who="3" m="25655" /><G4/><T6/><D69/><U2/><E2/><V88/><F114/><W15/><G0/><T99/><D6/><U20/><E54/><V91/><F102/><W33/><G33/><T104/><D81/><U61/><E61/><V117/><F117/><W38/><G15/><T112/><D72/><U3/><E35/><V85/><F19/><W108/><G86/><T110/><D110/><N who="3" m="42025" /><G130/><T24/><D112/><U103/><E103/><V128/><F128/><W1/><G1/><T132/><D104/><U120/><E3/><V10/><F10/><W109/><N who="3" m="42033" /><W23/><DORA hai="46" /><G23/><N who="0" m="15519" /><D13/><U34/><E34/><V76/><F76/><W9/><G9/><T40/><D40/><U21/><E21/><V30/><F30/><W119/><G119/><T66/><D26/><U80/><E120/><V37/><F12/><W124/><G38/><T63/><D22/><U16/><E80/><V31/><F14/><W68/><G124/><N who="0" m="47691" /><D17/><U97/><AGARI ba="0,0" hai="8,11,16,20,27,50,52,57,62,64,71,89,92,97" machi="97" ten="20,18000,2" yaku="0,1,7,1,52,2,54,2" doraHai="47,46" who="1" fromWho="1" sc="205,-60,224,180,347,-60,224,-60" /><INIT seed="1,1,0,1,1,69" ten="145,404,287,164" oya="1" hai0="28,131,76,20,84,80,81,115,6,118,65,44,91" hai1="40,90,106,94,49,41,124,123,25,30,85,89,111" hai2="2,64,97,71,120,127,27,36,0,48,86,8,73" hai3="135,105,57,130,51,132,11,22,93,128,114,134,110"/><U103/><E123/><V133/><F48/><W26/><G105/><T3/><D118/><U16/><E124/><V31/><F86/><W63/><G93/><T88/><D131/><N who="3" m="50217" /><G11/><T5/><D115/><U58/><E111/><V43/><F120/><W70/><G114/><T55/><D65/><U112/><E112/><V75/><F127/><W35/><G35/><T99/><D3/><U15/><E106/><V122/><F97/><W7/><G7/><T66/><D66/><U39/><E103/><V18/><F18/><N who="3" m="12631" /><G110/><T92/><D28/><U125/><E125/><V102/><F102/><W21/><G21/><T60/><D20/><U34/><E94/><V129/><F129/><W59/><G51/><T109/><D109/><U54/><E85/><V23/><F122/><W29/><G29/><T113/><D113/><U83/><E83/><V107/><F107/><W13/><G13/><T14/><D14/><U62/><E49/><V101/><F101/><W78/><G78/><T1/><D1/><U77/><E77/><V33/><F23/><W74/><G74/><N who="2" m="28169" /><F8/><W104/><G104/><T82/><D76/><U56/><E15/><V121/><F121/><W17/><G17/><T68/><D68/><U47/><E16/><V117/><F0/><W45/><G45/><T116/><D116/><U98/><E98/><V95/><F2/><W42/><G42/><T32/><D32/><U61/><E41/><V12/><F117/><W37/><G37/><T100/><D44/><U38/><E39/><V119/><F36/><W10/><G10/><T79/><D79/><U87/><E87/><RYUUKYOKU ba="1,0" sc="145,-15,404,15,287,-15,164,15" hai1="25,30,34,38,40,47,54,56,58,61,62,89,90" hai3="57,59,63,70,132,134,135" /><INIT seed="1,2,0,2,2,118" ten="130,419,272,179" oya="1" hai0="38,108,29,113,24,55,95,39,111,63,134,119,100" hai1="82,131,102,26,115,75,43,72,22,132,64,85,61" hai2="99,23,0,92,41,84,6,31,120,74,56,45,44" hai3="86,51,52,80,89,18,78,14,91,88,68,35,126"/><U122/><E115/><V94/><F74/><W15/><G68/><T116/><D100/><U69/><E132/><V37/><F44/><W1/><G35/><T32/><D95/><U124/><E124/><V53/><F84/><W109/><G1/><T135/><D113/><U87/><E131/><V106/><F106/><W105/><G105/><T76/><D76/><U98/><E43/><V48/><F0/><W104/><G104/><T128/><D55/><U9/><E9/><V70/><F6/><W8/><G109/><N who="0" m="42059" /><D63/><U42/><E42/><V59/><F70/><W3/><G126/><T20/><D20/><U65/><E65/><V73/><F73/><W58/><G3/><T57/><D57/><U125/><E75/><V5/><F59/><W10/><REACH who="3" step="1"/><G78/><REACH who="3" ten="130,419,272,169" step="2"/><T123/><D128/><U97/><E69/><V67/><F37/><N who="0" m="13834" /><D123/><U40/><E122/><V81/><F120/><W54/><G54/><T11/><D11/><U66/><E125/><V2/><F53/><W79/><G79/><T127/><D127/><U133/><E64/><V17/><F67/><W114/><G114/><T83/><D83/><U36/><E66/><V46/><F81/><W77/><G77/><T71/><D71/><U49/><E82/><V112/><F112/><W4/><AGARI ba="2,1" hai="4,8,10,14,15,18,51,52,58,80,86,88,89,91" machi="4" ten="20,12000,2" yaku="1,1,0,1,7,1,8,1,54,2,53,1" doraHai="118" doraHaiUra="50" who="3" fromWho="3" sc="130,-32,419,-62,272,-32,169,136" /><INIT seed="2,0,0,5,3,120" ten="98,357,240,305" oya="2" hai0="5,70,65,101,88,114,75,22,17,127,11,119,12" hai1="72,61,128,94,110,112,68,53,63,78,100,44,24" hai2="55,28,81,124,18,82,2,41,32,23,73,89,109" hai3="30,54,45,71,95,3,97,7,27,57,35,96,91"/><V4/><F41/><W113/><G71/><T59/><D119/><U84/><E112/><V83/><F124/><W107/><G113/><T26/><D114/><U66/><E128/><V31/><F73/><W85/><G45/><T62/><D127/><U118/><E118/><V38/><F38/><W74/><G74/><T108/><D75/><U64/><E72/><V40/><F40/><W87/><G107/><T111/><D101/><U6/><E6/><V67/><F67/><W132/><G132/><T51/><D51/><U133/><E24/><V86/><F32/><W123/><G123/><T1/><D70/><U29/><E29/><N who="2" m="11339" /><F2/><W19/><G19/><T42/><D42/><U9/><E66/><V34/><F4/><W15/><G3/><T90/><D1/><U58/><E133/><V131/><F34/><W47/><G47/><T105/><REACH who="0" step="1"/><D105/><REACH who="0" ten="88,357,240,305" step="2"/><U117/><E68/><V79/><F131/><W116/><G116/><T48/><D48/><U98/><E100/><V21/><F79/><W106/><G106/><T10/><D10/><U46/><E78/><V0/><F0/><W25/><G35/><T93/><D93/><U39/><E39/><V14/><F21/><W103/><G95/><T8/><D8/><U129/><E117/><V92/><F92/><W130/><G103/><T76/><D76/><U126/><E126/><V33/><F33/><W13/><G130/><T121/><D121/><U49/><E129/><V104/><F104/><W56/><G91/><AGARI ba="0,1" hai="5,11,12,17,22,26,59,62,65,88,90,91,108,111" machi="91" ten="40,8000,1" yaku="1,1,52,2,54,1,53,0" doraHai="120" doraHaiUra="102" who="0" fromWho="3" sc="88,90,357,0,240,0,305,-80" /><INIT seed="3,0,0,4,1,89" ten="178,357,240,225" oya="3" hai0="107,58,27,126,129,31,9,33,65,64,3,67,30" hai1="112,15,70,93,49,81,38,101,121,12,45,4,87" hai2="25,131,13,57,42,37,134,128,105,95,86,53,48" hai3="122,41,59,7,84,72,124,63,118,8,78,132,88"/><W16/><G122/><T113/><D107/><U92/><E112/><V99/><F134/><W102/><G118/><T55/><D113/><U20/><E38/><V103/><F25/><W94/><G132/><T71/><D126/><U0/><E70/><V104/><F13/><W23/><G41/><T1/><D129/><N who="2" m="49738" /><F86/><W91/><G124/><T75/><D75/><U119/><E101/><V52/><F53/><W44/><G44/><AGARI ba="0,0" hai="37,42,44,48,52,57,95,99,103,104,105" m="49738" machi="44" ten="30,3900,0" yaku="19,1,52,1,54,1" doraHai="89" who="2" fromWho="3" sc="178,0,357,0,240,39,225,-39" owari="178,-32.2,357,45.7,279,7.9,186,-21.4" /></mjloggm>