<mjloggm ver="2.3"><GO type="225" lobby="0"/><UN n0="%E3%81%A1%E3%82%85%E3%81%86%E3%81%A9%E3%81%8F%E8%B1%A1%E3%81%95%E3%82%93" n1="%E3%82%AF%E3%82%A3%E3%82%A6" n2="%6D%75%75%6D%75%72%61" n3="%E3%81%BF%E3%81%BF%E3%81%9A" dan="17,16,16,17" rate="2183.21,2120.40,2111.84,2223.54" sx="M,M,F,M"/><TAIKYOKU oya="0"/><INIT seed="0,0,0,4,4,36" ten="250,250,250,250" oya="0" hai0="19,39,96,24,100,130,16,61,63,77,115,90,53" hai1="7,112,118,55,52,57,97,45,38,44,6,8,82" hai2="91,17,124,129,123,37,109,48,99,117,1,69,73" hai3="59,93,3,108,122,87,98,116,135,85,33,95,12"/><T71/><D115/><U104/><E118/><V88/><RYUUKYOKU type="yao9" ba="0,0" sc="250,0,250,0,250,0,250,0" hai2="1,17,37,48,69,73,88,91,99,109,117,123,124,129" /><INIT seed="0,1,0,0,2,19" ten="250,250,250,250" oya="0" hai0="118,128,134,2,13,38,94,71,63,81,51,104,100" hai1="11,23,37,92,102,108,75,112,32,115,21,120,114" hai2="68,116,7,85,30,93,46,10,22,130,125,132,12" hai3="76,78,106,53,20,16,127,64,126,82,66,99,6"/><T88/><D118/><U59/><E120/><V72/><F72/><W45/><G6/><T111/><D2/><U109/><E32/><V105/><F105/><W3/><G3/><T18/><D38/><U69/><E69/><V113/><F113/><W39/><G106/><T67/><D134/><U73/><E37/><V54/><F132/><W44/><G99/><T129/><D81/><U27/><E11/><V77/><F68/><W36/><G36/><T135/><D135/><U0/><E0/><V96/><F130/><N who="0" m="50282" /><D51/><U42/><E42/><V43/><F125/><N who="3" m="47627" /><G53/><T123/><D123/><U50/><E27/><N who="2" m="16759" /><F116/><W4/><G4/><T33/><D33/><U117/><E117/><V35/><F35/><W14/><G78/><T52/><D111/><N who="1" m="42571" /><E59/><V28/><F28/><W98/><G98/><N who="0" m="57671" /><D104/><U57/><E50/><N who="2" m="29015" /><F43/><N who="3" m="22655" /><G45/><T87/><D100/><U1/><E102/><N who="2" m="60687" /><F77/><W58/><G58/><N who="0" m="35271" /><D71/><U25/><E1/><V48/><F48/><W8/><G76/><T86/><D67/><N who="3" m="25641" /><G82/><T97/><D97/><U91/><E115/><V79/><F79/><W122/><G122/><T9/><AGARI ba="1,0" hai="9,13,18,86,87" m="35271,57671,50282" machi="9" ten="30,6000,0" yaku="19,1,54,2" doraHai="19" who="0" fromWho="0" sc="250,63,250,-21,250,-21,250,-21" /><INIT seed="0,2,0,4,1,76" ten="313,229,229,229" oya="0" hai0="116,87,75,110,13,36,112,20,14,106,46,40,102" hai1="135,111,73,122,33,105,32,113,45,117,131,1,21" hai2="55,54,35,92,133,91,51,120,37,19,38,83,60" hai3="6,79,119,43,108,95,84,9,34,127,11,100,23"/><T68/><D112/><U64/><E32/><V96/><F120/><W66/><G34/><T44/><D116/><U4/><E4/><V30/><F133/><W16/><G119/><T85/><D75/><U82/><E64/><V93/><F30/><W47/><G108/><T124/><D68/><U7/><E7/><V63/><F35/><W31/><G127/><T126/><D110/><U69/><E82/><V74/><F93/><W118/><G31/><T86/><D44/><U70/><E45/><V27/><F63/><W132/><G66/><T104/><D102/><U62/><E62/><V48/><F38/><W3/><G132/><T25/><D104/><U49/><E49/><V59/><F54/><W17/><G118/><T57/><D57/><U107/><E107/><V61/><F61/><W80/><G9/><T109/><D109/><U52/><E52/><V121/><F37/><W114/><G23/><T89/><D89/><U123/><E123/><V42/><F121/><W103/><G114/><T130/><D130/><U98/><E98/><V39/><F39/><W134/><G134/><T78/><D78/><U90/><E90/><V41/><F41/><W28/><G28/><N who="0" m="17447" /><D106/><U77/><E77/><N who="2" m="44471" /><F42/><W53/><G53/><T22/><D22/><AGARI ba="2,0" hai="19,22,27,48,51,55,59,60,91,92,96" m="44471" machi="22" ten="30,2000,0" yaku="25,1,52,1" doraHai="76" who="2" fromWho="0" sc="313,-26,229,0,229,26,229,0" /><INIT seed="1,0,0,3,1,124" ten="287,229,255,229" oya="1" hai0="134,106,12,53,19,6,14,1,9,116,44,100,92" hai1="117,68,36,58,29,0,25,21,78,122,101,24,16" hai2="119,39,81,60,126,82,102,98,95,85,26,17,129" hai3="35,86,33,66,43,131,27,49,5,30,7,112,69"/><U96/><E68/><V121/><F121/><W11/><G112/><T37/><D116/><U28/><E117/><V13/><F119/><W34/><G69/><T76/><D106/><U80/><E122/><V48/><F39/><W18/><G66/><T72/><D134/><U3/><E36/><V63/><F126/><W113/><G86/><T4/><D4/><N who="3" m="1609" /><G43/><N who="0" m="22639" /><D53/><U90/><E90/><V10/><F129/><W107/><G107/><T109/><D19/><U115/><E115/><V57/><F26/><W75/><G75/><T108/><D92/><U67/><E80/><V54/><REACH who="2" step="1"/><F82/><REACH who="2" ten="287,229,245,229" step="2"/><W8/><G113/><T31/><D109/><U46/><E25/><V123/><F123/><W88/><G131/><T93/><D108/><U32/><E0/><V38/><F38/><W74/><G27/><T89/><D1/><U114/><E3/><V97/><F97/><W127/><G127/><T128/><D12/><U133/><E114/><V99/><F99/><W42/><G34/><T23/><D128/><U61/><E133/><V22/><F22/><W87/><G35/><T65/><D23/><U15/><E78/><AGARI ba="0,1" hai="10,13,17,48,54,57,60,63,78,81,85,95,98,102" machi="78" ten="30,3900,0" yaku="1,1,7,1,8,1,53,0" doraHai="124" doraHaiUra="84" who="2" fromWho="1" sc="287,0,229,-39,245,49,229,0" /><INIT seed="2,0,0,5,3,134" ten="287,190,294,229" oya="2" hai0="42,100,98,81,93,1,38,29,48,77,130,22,111" hai1="7,18,0,70,41,96,69,23,83,60,106,53,94" hai2="121,54,65,21,104,35,123,109,15,90,19,119,24" hai3="39,51,113,8,2,80,26,135,79,88,99,28,40"/><V133/><F119/><W108/><G135/><T132/><D132/><U114/><E114/><V63/><F133/><W12/><G113/><T101/><D1/><U127/><E106/><V115/><F115/><W32/><G108/><T33/><D111/><U50/><E83/><V9/><F109/><W103/><G39/><T44/><D130/><U34/><E34/><V126/><F104/><W78/><G2/><T105/><D33/><U14/><E41/><V10/><F35/><W91/><G51/><T37/><D101/><N who="1" m="60567" /><E60/><V120/><F54/><W58/><G58/><T67/><D67/><U131/><E7/><V31/><F90/><W95/><G40/><T5/><D5/><U25/><E0/><V125/><REACH who="2" step="1"/><F10/><REACH who="2" ten="287,190,284,229" step="2"/><W71/><G78/><T97/><D105/><U56/><E131/><V128/><F128/><W64/><G64/><T30/><D100/><U86/><E86/><V124/><F124/><W20/><G32/><T68/><D98/><U89/><E89/><V4/><F4/><W47/><G91/><T17/><D97/><U13/><E127/><V11/><F11/><W73/><G103/><T27/><D77/><U116/><E116/><V66/><F66/><W74/><G74/><T84/><D84/><U52/><E70/><AGARI ba="0,1" hai="9,15,19,21,24,31,63,65,70,120,121,123,125,126" machi="70" ten="40,7700,0" yaku="1,1,52,2,53,0" doraHai="134" doraHaiUra="129" who="2" fromWho="1" sc="287,0,190,-77,284,87,229,0" /><INIT seed="2,1,0,0,4,35" ten="287,113,371,229" oya="2" hai0="89,34,56,99,62,116,106,40,39,49,25,111,2" hai1="85,12,16,22,104,77,86,76,113,9,14,131,103" hai2="94,69,101,38,42,28,58,93,73,79,26,23,122" hai3="43,30,95,81,134,120,3,48,110,75,68,4,109"/><V51/><F122/><W87/><G120/><T37/><D111/><N who="3" m="42505" /><G68/><T97/><D116/><U41/><E113/><V108/><F69/><W5/><G134/><T15/><D15/><U52/><E131/><V107/><F38/><W133/><G133/><T102/><D49/><U61/><E41/><V65/><F79/><N who="1" m="30281" /><E104/><V8/><F73/><W36/><G75/><T96/><D40/><U21/><E103/><V45/><F8/><N who="3" m="2079" /><G95/><T124/><D106/><U88/><E14/><V105/><F105/><W60/><G5/><T117/><D102/><U0/><E85/><V44/><F94/><W7/><G7/><T11/><D117/><U135/><E135/><V84/><F84/><W54/><G60/><T127/><D89/><U24/><E0/><V123/><F123/><W130/><G30/><N who="0" m="19791" /><D11/><U119/><E119/><V118/><F118/><W114/><G114/><T27/><D27/><U47/><E24/><V59/><F108/><W126/><G126/><N who="0" m="48171" /><D2/><U13/><E13/><V80/><F107/><W17/><G130/><T55/><AGARI ba="1,0" hai="37,39,55,56,62,96,97,99" m="48171,19791" machi="55" ten="30,1100,0" yaku="18,1" doraHai="35" who="0" fromWho="0" sc="287,14,113,-4,371,-6,229,-4" /><INIT seed="3,0,0,5,0,61" ten="301,109,365,225" oya="3" hai0="42,127,72,119,3,38,11,90,63,74,23,31,70" hai1="68,24,82,7,52,33,134,49,17,22,115,18,85" hai2="57,102,132,66,10,36,4,104,103,80,129,46,67" hai3="40,25,86,81,44,125,120,5,75,59,45,93,105"/><W32/><G120/><T117/><D90/><U35/><E115/><V131/><F132/><W76/><G125/><T91/><D91/><U116/><E68/><V123/><F123/><W34/><G5/><N who="0" m="1471" /><D23/><U124/><E116/><N who="0" m="44617" /><D31/><U8/><E124/><V107/><F80/><W101/><G59/><T65/><D127/><U118/><E134/><V128/><F46/><AGARI ba="0,0" hai="38,42,46,63,65,70,72,74" m="44617,1471" machi="46" ten="30,2000,0" yaku="23,1,52,1" doraHai="61" who="0" fromWho="2" sc="301,20,109,0,365,-20,225,0" owari="321,12.1,109,-39.1,345,44.5,225,-17.5" /></mjloggm>