<mjloggm ver="2.3"><GO type="225" lobby="0"/><UN n0="%74%61%6B%65%2D%79%6F%75" n1="%72%69%6F%75%63%68%61%6E" n2="%E5%80%89%E6%A9%8B%EF%BC%A0%E4%BA%8B%E5%8B%99" n3="%6D%75%75%6D%75%72%61" dan="16,17,16,17" rate="2178.18,2274.93,2124.52,2210.49" sx="M,M,M,F"/><TAIKYOKU oya="0"/><INIT seed="0,0,0,2,4,66" ten="250,250,250,250" oya="0" hai0="33,34,28,72,120,70,37,95,119,124,108,122,35" hai1="62,25,127,56,45,117,41,116,50,114,10,27,84" hai2="86,63,17,131,57,75,109,8,30,87,52,90,21" hai3="78,121,59,58,135,9,48,69,20,42,40,0,104"/><T26/><D119/><U129/><E127/><V73/><F109/><W7/><G104/><T123/><D124/><U16/><E129/><V23/><F131/><W71/><G78/><T2/><D108/><U13/><E114/><V91/><F8/><W67/><G135/><T107/><D95/><U11/><E11/><V105/><F105/><W74/><G74/><T81/><D2/><U12/><E12/><V38/><F38/><W111/><G111/><T24/><BYE who="3" /><D24/><UN n3="%6D%75%75%6D%75%72%61" /><U88/><E116/><V103/><F103/><W106/><G106/><T89/><D107/><U55/><E117/><V83/><F30/><W54/><G20/><T1/><D1/><U31/><REACH who="1" step="1"/><E31/><REACH who="1" ten="250,240,250,250" step="2"/><V132/><F132/><W130/><G130/><T68/><D37/><U32/><E32/><N who="0" m="12393" /><D89/><U126/><E126/><V44/><F91/><W51/><G121/><T113/><D113/><U76/><E76/><AGARI ba="0,1" hai="26,28,35,68,70,72,76,81,120,122,123" m="12393" machi="76" ten="40,7700,0" yaku="23,1,52,2" doraHai="66" who="0" fromWho="1" sc="250,87,240,-77,250,0,250,0" /><INIT seed="0,1,0,2,2,110" ten="337,163,250,250" oya="0" hai0="85,26,40,34,15,3,94,19,42,81,92,24,31" hai1="56,58,44,126,66,87,86,68,114,36,105,7,2" hai2="89,117,43,93,95,74,17,29,71,90,108,50,30" hai3="11,45,28,10,8,51,22,116,97,47,121,69,135"/><T129/><D129/><U70/><E105/><V130/><F74/><W12/><G116/><T13/><D3/><U65/><E7/><V27/><F71/><N who="1" m="27177" /><E2/><V103/><F108/><W79/><G135/><T73/><D73/><U52/><E86/><V77/><F77/><W75/><G69/><T0/><D0/><U61/><E87/><V46/><F130/><W35/><G121/><T78/><D24/><U14/><E14/><V104/><F104/><W113/><G35/><T131/><D131/><U33/><E33/><V63/><F63/><W132/><G132/><T106/><D106/><U20/><E20/><N who="2" m="13711" /><F103/><W115/><G97/><T80/><D80/><U112/><E126/><V124/><F124/><W32/><G32/><T39/><D15/><U4/><E4/><V53/><F43/><W84/><G75/><T83/><D83/><U128/><E128/><V67/><F67/><N who="1" m="25609" /><E56/><V133/><F95/><W111/><G111/><T49/><D92/><U72/><E72/><V62/><F90/><W107/><G107/><T21/><D94/><U96/><E96/><V23/><F93/><W134/><G134/><T5/><D5/><U55/><E55/><V18/><F89/><W101/><G101/><T99/><D99/><U25/><E25/><V1/><F133/><W102/><G102/><T59/><D34/><U16/><E16/><V122/><F1/><W82/><G28/><T76/><D31/><U54/><E54/><V88/><F29/><W109/><G109/><T91/><D26/><U48/><E36/><V41/><F30/><W37/><G79/><N who="0" m="30251" /><D39/><U38/><E38/><RYUUKYOKU ba="1,0" sc="337,15,163,15,250,-15,250,-15" hai0="13,19,21,40,42,49,59,81,85,91" hai1="44,48,52,58,61,112,114" /><INIT seed="0,2,0,5,4,132" ten="352,178,235,235" oya="0" hai0="129,36,64,44,101,2,20,104,80,87,131,39,28" hai1="85,72,17,133,3,1,124,125,25,65,10,107,75" hai2="118,33,57,7,74,58,35,34,31,21,110,103,117" hai3="105,27,50,109,114,99,42,30,45,63,53,5,23"/><T91/><D2/><N who="1" m="523" /><E107/><V56/><F74/><W70/><G109/><T24/><D64/><U19/><E65/><V61/><F110/><W126/><G114/><T112/><D112/><U62/><E62/><V127/><F7/><W81/><G5/><T96/><REACH who="0" step="1"/><D44/><REACH who="0" ten="342,178,235,235" step="2"/><U94/><E133/><V77/><F117/><W0/><G0/><T97/><D97/><U79/><E72/><V32/><F118/><W102/><G70/><T14/><D14/><U60/><E75/><V69/><F69/><W4/><G45/><T130/><AGARI ba="2,1" hai="20,24,28,36,39,80,87,91,96,101,104,129,130,131" machi="130" ten="30,11700,0" yaku="1,1,0,1,19,1,53,1" doraHai="132" doraHaiUra="98" who="0" fromWho="0" sc="342,133,178,-41,235,-41,235,-41" /><INIT seed="0,3,0,0,2,28" ten="475,137,194,194" oya="0" hai0="15,35,16,116,10,48,132,38,112,33,59,21,18" hai1="5,8,20,79,125,89,7,42,11,47,106,65,40" hai2="85,124,9,87,103,71,131,36,95,97,60,57,29" hai3="68,81,91,49,69,53,92,115,64,86,6,99,114"/><T39/><D112/><U24/><E125/><V34/><F71/><W2/><G2/><T100/><D116/><U43/><E106/><V45/><F124/><W93/><G6/><T32/><D132/><U80/><E65/><V13/><F131/><W109/><G109/><T67/><D100/><U129/><E129/><V22/><F36/><W90/><G81/><T23/><D10/><U51/><E89/><V76/><F45/><W82/><G82/><T83/><D83/><U30/><E8/><V101/><F101/><W75/><G75/><T27/><REACH who="0" step="1"/><D48/><REACH who="0" ten="465,137,194,194" step="2"/><U25/><E5/><V123/><F103/><W77/><G49/><T56/><D56/><U72/><REACH who="1" step="1"/><E24/><REACH who="1" ten="465,127,194,194" step="2"/><V74/><F9/><W41/><G115/><T119/><D119/><U73/><E73/><V46/><F74/><W61/><G114/><T14/><D14/><AGARI ba="3,2" hai="7,11,14,20,25,30,40,42,43,47,51,72,79,80" machi="14" ten="30,2000,0" yaku="1,1,7,1,53,0" doraHai="28" doraHaiUra="55" who="1" fromWho="0" sc="465,-29,127,49,194,0,194,0" /><INIT seed="1,0,0,1,4,87" ten="436,176,194,194" oya="1" hai0="108,37,133,29,33,77,69,47,76,79,90,3,120" hai1="16,13,58,19,56,93,124,53,18,17,126,104,112" hai2="78,82,40,114,121,100,35,85,123,75,26,11,71" hai3="61,113,118,51,34,109,55,12,91,99,92,65,129"/><U50/><E112/><V30/><F71/><W46/><G109/><T103/><D108/><U54/><E104/><V42/><F114/><W98/><G113/><T9/><D133/><U8/><REACH who="1" step="1"/><E93/><REACH who="1" ten="436,166,194,194" step="2"/><V107/><F107/><W38/><G118/><T15/><D120/><U97/><E97/><V88/><F123/><W14/><G98/><T84/><D76/><U31/><E31/><V27/><F30/><W135/><G135/><T60/><D77/><U5/><E5/><V43/><F78/><W22/><G129/><T23/><D79/><U4/><E4/><V39/><F121/><W41/><G34/><T101/><D29/><U127/><E127/><V0/><F35/><W62/><G22/><T117/><D23/><U67/><E67/><V111/><F111/><W52/><G65/><T119/><D33/><U32/><E32/><V7/><F7/><W106/><G106/><T130/><D130/><U116/><E116/><V10/><F0/><W59/><REACH who="3" step="1"/><G55/><REACH who="3" ten="436,166,194,184" step="2"/><T63/><D119/><U24/><E24/><V102/><F26/><W68/><G68/><T86/><D69/><U122/><E122/><V110/><F27/><W28/><G28/><T45/><D117/><U2/><E2/><V83/><F110/><W81/><G81/><T36/><D3/><U66/><E66/><V125/><F83/><W74/><G74/><T6/><D15/><AGARI ba="0,2" hai="12,14,15,38,41,46,51,52,59,61,62,91,92,99" machi="15" ten="40,5200,0" yaku="1,1,52,1,54,1,53,0" doraHai="87" doraHaiUra="128" who="3" fromWho="0" sc="436,-52,166,0,194,0,184,72" /><INIT seed="2,0,0,4,2,124" ten="384,166,194,256" oya="2" hai0="58,44,43,13,49,25,131,6,50,101,112,98,63" hai1="65,46,42,64,111,18,54,134,81,21,119,35,128" hai2="84,0,32,59,12,19,33,26,129,109,82,3,52" hai3="29,34,83,123,38,97,102,67,31,66,60,85,17"/><V77/><F109/><W130/><G123/><T47/><D112/><U1/><E119/><V91/><F77/><W95/><G38/><T61/><D131/><U99/><E134/><V70/><F70/><W113/><G130/><T40/><D25/><U10/><E111/><V9/><F129/><W127/><G127/><T116/><D116/><U80/><E128/><V53/><F53/><W5/><G113/><T27/><D27/><U8/><E35/><V108/><F108/><W74/><G74/><T121/><D121/><U92/><E54/><V96/><F96/><W45/><G5/><T76/><D76/><U88/><E65/><N who="3" m="24586" /><G60/><T39/><D39/><U37/><E64/><V41/><F41/><W78/><G45/><T103/><D58/><U57/><E57/><V2/><REACH who="2" step="1"/><F26/><REACH who="2" ten="384,166,184,256" step="2"/><W7/><G97/><T79/><D79/><U11/><REACH who="1" step="1"/><E1/><REACH who="1" ten="384,156,184,256" step="2"/><V105/><F105/><W48/><G78/><T20/><D43/><U114/><E114/><V106/><F106/><W120/><G120/><T94/><D40/><U30/><E30/><V89/><F89/><W4/><G29/><T68/><D68/><U56/><E56/><V115/><F115/><W126/><G31/><T14/><D103/><U22/><E22/><V15/><F15/><AGARI ba="0,2" hai="8,10,11,15,18,21,37,42,46,80,81,88,92,99" machi="15" ten="40,2600,0" yaku="1,1,54,1,53,0" doraHai="124" doraHaiUra="62" who="1" fromWho="2" sc="384,0,156,46,184,-26,256,0" /><INIT seed="3,0,0,2,0,28" ten="384,202,158,256" oya="3" hai0="98,20,118,25,114,105,134,23,11,5,3,69,39" hai1="34,12,73,44,43,127,68,103,64,78,21,67,121" hai2="2,17,14,117,10,113,91,52,95,119,22,66,99" hai3="111,55,1,77,124,8,129,128,50,109,57,29,40"/><W76/><G40/><T18/><D118/><U51/><E121/><V46/><F113/><W45/><G45/><T42/><D114/><U56/><E68/><V33/><F66/><W122/><G122/><T48/><D134/><U112/><E112/><V110/><F110/><N who="3" m="41995" /><G124/><T61/><D39/><U81/><E34/><V135/><F135/><W85/><G29/><T90/><D42/><U115/><E115/><V86/><F33/><W49/><G49/><T106/><D48/><U126/><E103/><V80/><F2/><W63/><G50/><T62/><D23/><U27/><E12/><V36/><F36/><W32/><G85/><T79/><D79/><N who="3" m="30281" /><G32/><T116/><D116/><U7/><E7/><AGARI ba="0,0" hai="1,7,8,55,57,63,128,129" m="30281,41995" machi="7" ten="30,2900,0" yaku="14,1,10,1" doraHai="28" who="3" fromWho="1" sc="384,0,202,-29,158,0,256,29" /><INIT seed="3,1,0,1,0,7" ten="384,173,158,285" oya="3" hai0="103,117,91,107,85,30,94,56,37,63,47,57,116" hai1="77,114,79,24,130,111,71,113,44,124,84,18,68" hai2="35,110,39,101,12,9,120,123,17,132,20,13,38" hai3="75,0,69,128,6,49,32,134,122,66,76,61,51"/><W83/><G122/><N who="2" m="46633" /><F101/><W53/><G128/><T59/><D30/><U80/><E130/><V22/><F110/><W90/><G134/><T98/><REACH who="0" step="1"/><D63/><REACH who="0" ten="374,173,158,285" step="2"/><U40/><E114/><V118/><F118/><W74/><G32/><T131/><D131/><U23/><E113/><V135/><F35/><W126/><G126/><T33/><D33/><U89/><E124/><V87/><F87/><W36/><G36/><N who="2" m="13865" /><F22/><W15/><G75/><T97/><D97/><U4/><E111/><V31/><F31/><W48/><G0/><T78/><D78/><U14/><E77/><V46/><F46/><W99/><G99/><T54/><D54/><U11/><E79/><V50/><F50/><AGARI ba="1,1" hai="4,11,14,18,23,24,40,44,50,68,71,80,84,89" machi="50" ten="30,2000,0" yaku="7,1,52,1" doraHai="7" who="1" fromWho="2" sc="374,0,173,33,158,-23,285,0" owari="374,47.4,206,-19.4,135,-36.5,285,8.5" /></mjloggm>