<mjloggm ver="2.3"><GO type="225" lobby="0"/><UN n0="%43%68%65" n1="%E6%9D%BE%E6%9C%AC%E5%81%A5%E7%94%B7" n2="%E6%80%AA%E3%81%97%E3%81%99%E3%81%8E%E3%82%8B%E3%83%81%E3%83%BC" n3="%E6%A1%9C%E8%8A%B1%E9%96%83%E3%80%85" dan="16,16,16,16" rate="2085.08,2150.99,2084.28,2164.18" sx="M,M,M,M"/><TAIKYOKU oya="0"/><INIT seed="0,0,0,0,4,104" ten="250,250,250,250" oya="0" hai0="57,126,88,98,37,68,55,41,58,60,17,83,84" hai1="74,92,64,38,21,7,123,3,128,113,119,130,59" hai2="12,111,35,20,131,24,0,134,117,129,108,62,133" hai3="13,127,49,6,34,80,125,110,81,56,31,132,101"/><T115/><D115/><U10/><E119/><V46/><F46/><W47/><G101/><T100/><D126/><BYE who="0" /><N who="3" m="48137" /><G110/><N who="2" m="42025" /><F62/><W54/><G132/><N who="2" m="50793" /><F117/><UN n0="%43%68%65" /><W90/><G90/><T5/><D5/><U18/><E123/><V71/><F0/><W105/><G105/><T76/><D68/><U66/><E113/><V99/><F99/><W23/><G34/><T32/><D32/><U1/><E38/><V67/><F67/><W70/><G70/><T124/><D124/><U112/><E1/><V122/><F71/><W121/><G121/><T116/><D116/><U29/><E112/><V72/><F72/><W102/><G102/><T33/><D33/><U16/><E74/><V65/><F65/><W93/><G47/><T2/><D2/><U4/><E4/><V51/><F51/><W42/><G42/><T15/><D41/><U45/><E45/><V39/><F39/><W79/><G6/><T89/><D57/><U40/><E40/><V53/><F53/><W107/><G54/><T8/><REACH who="0" step="1"/><D37/><REACH who="0" ten="240,250,250,250" step="2"/><U30/><E59/><V25/><F122/><W9/><G56/><T63/><D63/><U120/><E120/><V78/><F35/><W75/><G49/><T61/><D61/><U103/><E3/><V91/><F131/><W73/><G107/><AGARI ba="0,1" hai="8,15,17,55,58,60,76,83,84,88,89,98,100,107" machi="107" ten="30,11600,0" yaku="1,1,7,1,54,1,53,1" doraHai="104" doraHaiUra="96" who="0" fromWho="3" sc="240,126,250,0,250,0,250,-116" /><INIT seed="0,1,0,0,5,31" ten="366,250,250,134" oya="0" hai0="115,72,49,32,55,16,92,47,91,83,109,122,54" hai1="13,80,87,112,119,81,77,70,5,37,134,135,44" hai2="68,106,85,4,14,127,21,46,116,38,130,11,41" hai3="48,82,97,94,76,124,98,35,42,15,66,86,51"/><T117/><D115/><U18/><E119/><V50/><F116/><W104/><G124/><T1/><D117/><U64/><E112/><V69/><F127/><W28/><G66/><T133/><D122/><U24/><E5/><V62/><F106/><W96/><G104/><T43/><D1/><U0/><E0/><V33/><F130/><W6/><G94/><T108/><D133/><U99/><E24/><V45/><F33/><W95/><G95/><T131/><D131/><U39/><E99/><V10/><F62/><W60/><G60/><T7/><D7/><U84/><E64/><V57/><F57/><W25/><REACH who="3" step="1"/><G42/><REACH who="3" ten="366,250,250,124" step="2"/><T129/><D129/><U100/><E100/><V121/><F41/><W17/><G17/><T107/><D107/><U111/><E70/><V29/><F69/><W120/><G120/><T110/><D16/><U53/><E18/><V23/><F68/><W59/><G59/><T63/><D63/><U90/><E135/><V88/><F121/><W73/><G73/><T128/><D128/><U27/><E134/><V36/><F46/><W74/><G74/><T2/><D72/><U3/><E44/><V89/><F45/><W20/><G20/><T79/><D92/><U8/><E8/><AGARI ba="1,1" hai="6,8,15,25,28,35,48,51,76,82,86,96,97,98" machi="8" ten="40,2600,0" yaku="1,1,52,1,53,0" doraHai="31" doraHaiUra="126" who="3" fromWho="1" sc="366,0,250,-29,250,0,124,39" /><INIT seed="1,0,0,2,2,77" ten="366,221,250,163" oya="1" hai0="110,57,132,31,100,91,120,127,88,129,109,131,103" hai1="94,16,15,34,118,12,17,115,2,1,76,53,122" hai2="99,23,108,106,35,18,47,40,38,84,49,112,83" hai3="80,54,9,6,101,107,75,0,10,102,42,114,119"/><U3/><E115/><V105/><F112/><W41/><G114/><T29/><D57/><U39/><E118/><V117/><F117/><W97/><G119/><T89/><D127/><U21/><E122/><V44/><F35/><W62/><G102/><N who="0" m="38955" /><D132/><U25/><E39/><V81/><F99/><W125/><G125/><T79/><D79/><U20/><E76/><V86/><F108/><N who="0" m="41578" /><D120/><U27/><E34/><V116/><F116/><W13/><G75/><T60/><D60/><U124/><E124/><V68/><F68/><W7/><G54/><T73/><D73/><U43/><E43/><V70/><F70/><W98/><G62/><T50/><D50/><U52/><E94/><V72/><F72/><W82/><REACH who="3" step="1"/><G98/><REACH who="3" ten="366,221,250,153" step="2"/><T130/><AGARI ba="0,1" hai="29,31,88,89,91,129,130,131" m="41578,38955" machi="130" ten="40,8000,1" yaku="28,2,19,1,14,1,54,1" doraHai="77" who="0" fromWho="0" sc="366,90,221,-40,250,-20,153,-20" /><INIT seed="2,0,0,5,4,36" ten="456,181,230,133" oya="2" hai0="35,133,65,76,58,108,131,89,26,57,87,22,23" hai1="28,100,103,80,27,96,44,43,7,61,109,25,49" hai2="112,46,123,17,18,73,31,54,66,10,12,114,62" hai3="84,33,78,106,15,34,101,90,122,4,16,9,6"/><V105/><F73/><W41/><G122/><T29/><D108/><U37/><E109/><V72/><F72/><W121/><G121/><T5/><D76/><U91/><E7/><V71/><F123/><W94/><G78/><T50/><D131/><U75/><E75/><V2/><F105/><W74/><G74/><T64/><D5/><U42/><E61/><V40/><F2/><W116/><G116/><T126/><D126/><U82/><E37/><V70/><F70/><W132/><G132/><T135/><D23/><U67/><E67/><N who="0" m="25673" /><D22/><U120/><E120/><V20/><F54/><W124/><G124/><T0/><D50/><U119/><E119/><V99/><F99/><W95/><G106/><T77/><D77/><U38/><E38/><V113/><F31/><W30/><G34/><T8/><D8/><U110/><E110/><V60/><F60/><W134/><G134/><N who="0" m="51211" /><D0/><U45/><E49/><V130/><F130/><W53/><G53/><T21/><D21/><U129/><E96/><V85/><F85/><W1/><G1/><T117/><D117/><U63/><E63/><V47/><REACH who="2" step="1"/><F40/><REACH who="2" ten="456,181,220,133" step="2"/><W88/><G41/><T92/><AGARI ba="0,1" hai="26,29,35,57,58,87,89,92" m="51211,25673" machi="92" ten="30,1100,0" yaku="20,1" doraHai="36" who="0" fromWho="0" sc="456,21,181,-3,220,-5,133,-3" /><INIT seed="3,0,0,1,0,10" ten="477,178,215,130" oya="3" hai0="21,13,120,71,36,86,123,6,132,105,19,1,111" hai1="100,18,104,114,17,108,38,23,43,121,60,85,93" hai2="112,66,113,94,46,110,14,103,34,70,133,95,8" hai3="102,50,52,67,53,75,92,62,57,29,68,118,28"/><W84/><G75/><T119/><D71/><U61/><E121/><V107/><F110/><W3/><G118/><T80/><D105/><U97/><E114/><V49/><F133/><W65/><G3/><T122/><D36/><U81/><E108/><V72/><F72/><W134/><G134/><T58/><D111/><U54/><E104/><V79/><F79/><W124/><G124/><T77/><D132/><U26/><E43/><V130/><F34/><W116/><G116/><T16/><D119/><U59/><E38/><V101/><F130/><W27/><G68/><T131/><D131/><U135/><E135/><V125/><F125/><W24/><G65/><T37/><D37/><U39/><E39/><V63/><F103/><W126/><G126/><T76/><D76/><U48/><REACH who="1" step="1"/><E18/><REACH who="1" ten="477,168,215,130" step="2"/><V7/><F112/><W91/><G102/><T5/><D19/><U20/><E20/><V88/><F113/><W9/><G9/><T83/><D58/><U40/><E40/><V115/><F115/><W99/><G99/><T82/><D1/><U73/><E73/><V89/><F107/><W35/><REACH who="3" step="1"/><G50/><REACH who="3" ten="477,168,215,120" step="2"/><T31/><D123/><U4/><E4/><V74/><F74/><W55/><G55/><T78/><D122/><U56/><E56/><V64/><F101/><W87/><G87/><T45/><D120/><U42/><E42/><N who="2" m="24791" /><F66/><W2/><G2/><T32/><D86/><U25/><E25/><V129/><F129/><W0/><G0/><T106/><D6/><U128/><E128/><V47/><F47/><W44/><G44/><T33/><D45/><U15/><E15/><RYUUKYOKU ba="0,2" sc="477,-30,168,10,215,10,120,10" hai1="17,23,26,48,54,59,60,61,81,85,93,97,100" hai2="7,8,14,63,64,70,88,89,94,95" hai3="24,27,28,29,35,52,53,57,62,67,84,91,92" /><INIT seed="3,1,2,4,3,35" ten="447,178,225,130" oya="3" hai0="76,67,60,53,124,77,112,45,113,42,66,93,30" hai1="90,101,87,100,73,104,82,62,83,105,14,22,56" hai2="6,119,106,23,58,107,134,102,116,94,128,18,92" hai3="84,65,4,33,48,111,127,74,20,118,17,0,57"/><W32/><G74/><T126/><D30/><U71/><E71/><V25/><F134/><W27/><G118/><T85/><D53/><U5/><E73/><V125/><F128/><W108/><G84/><T70/><D67/><U78/><E105/><V123/><F125/><N who="0" m="48234" /><D93/><U80/><E104/><V135/><F123/><W19/><G127/><T24/><D24/><U29/><E29/><V16/><F6/><W26/><G48/><N who="0" m="26679" /><D85/><U9/><E22/><V131/><F135/><W12/><G57/><T43/><D43/><U11/><E11/><V96/><F131/><W46/><G46/><T8/><D8/><U50/><E50/><V97/><F18/><W28/><G65/><T121/><D121/><U99/><E99/><V95/><F58/><W86/><G86/><T64/><D64/><N who="1" m="38983" /><E78/><AGARI ba="1,2" hai="60,66,70,76,77,78,112,113" m="26679,48234" machi="78" ten="30,1000,0" yaku="18,1" doraHai="35" who="0" fromWho="1" sc="447,33,178,-13,225,0,130,0" owari="480,58.0,165,-23.5,225,2.5,130,-37.0" /></mjloggm>