<mjloggm ver="2.3"><GO type="225" lobby="0"/><UN n0="%E3%81%AF%E3%82%88%E3%81%8A%E3%81%98%E3%81%95%E3%82%93" n1="%72%61%6B%33" n2="%73%6C%69%63%6B%33%31%39" n3="%E3%81%9F%E3%81%93%E2%98%86%E7%84%BC%E3%81%8D" dan="16,16,17,16" rate="2125.52,2194.74,2214.63,2098.80" sx="M,M,M,M"/><TAIKYOKU oya="0"/><INIT seed="0,0,0,0,4,48" ten="250,250,250,250" oya="0" hai0="11,70,107,105,98,116,104,59,47,5,117,61,134" hai1="26,60,96,69,110,24,131,78,67,75,50,113,123" hai2="119,13,38,45,102,120,1,85,125,111,55,71,51" hai3="41,114,29,0,19,88,37,81,128,36,99,31,27"/><T56/><D134/><U22/><E123/><V115/><F115/><W18/><G0/><T72/><D72/><U2/><E113/><V122/><F1/><W132/><G114/><T33/><D33/><U57/><E2/><V7/><F102/><W89/><G27/><T62/><D98/><U135/><E135/><V112/><F112/><W35/><G41/><T86/><D70/><U4/><E110/><V101/><F101/><W100/><G100/><T34/><D34/><U43/><E131/><V54/><F38/><W42/><G42/><T94/><D47/><U103/><E4/><V8/><F71/><W77/><G35/><T68/><D68/><U129/><E129/><V49/><F111/><W30/><G128/><T127/><D127/><U95/><E69/><V133/><F133/><W82/><G99/><T14/><D86/><U92/><E92/><V65/><F65/><W93/><G93/><T109/><D94/><U80/><REACH who="1" step="1"/><E22/><REACH who="1" ten="250,240,250,250" step="2"/><V74/><F120/><W39/><G132/><T84/><D109/><U130/><E130/><V21/><F21/><W121/><G121/><T44/><D107/><U66/><E66/><V91/><F122/><W79/><G81/><T32/><D105/><U3/><E3/><V6/><F6/><W20/><G82/><T46/><D104/><U108/><E108/><V124/><F7/><W52/><G20/><T76/><D32/><U87/><E87/><V63/><F124/><W15/><G15/><T64/><D84/><U53/><E53/><N who="2" m="29871" /><F85/><W28/><N who="3" m="7168" /><DORA hai="97" /><W23/><G52/><N who="2" m="20009" /><F125/><W40/><G23/><T10/><D64/><RYUUKYOKU ba="0,1" sc="250,-10,240,30,250,-10,250,-10" hai1="24,26,43,50,57,60,67,75,78,80,95,96,103" /><INIT seed="1,1,1,4,0,52" ten="240,270,240,240" oya="1" hai0="110,37,135,64,29,121,25,116,6,38,131,35,108" hai1="27,39,36,114,71,3,69,70,50,1,63,11,129" hai2="21,115,80,2,97,127,54,99,124,91,98,87,59" hai3="122,5,17,49,66,111,123,62,128,82,90,20,22"/><U130/><E27/><V72/><F2/><N who="1" m="521" /><E11/><V74/><F21/><W78/><G5/><T56/><D116/><U55/><E63/><V100/><F115/><W45/><G111/><N who="0" m="42539" /><D6/><U60/><E60/><V106/><F54/><W9/><G90/><T32/><D131/><N who="1" m="50187" /><E114/><V95/><F59/><AGARI ba="1,1" hai="36,39,50,55,59,69,70,71" m="50187,521" machi="59" ten="40,3900,0" yaku="19,1,52,1" doraHai="52" who="1" fromWho="2" sc="240,0,270,52,240,-42,240,0" /><INIT seed="1,2,0,5,1,50" ten="240,322,198,240" oya="1" hai0="110,90,111,37,125,83,70,126,101,121,107,55,15" hai1="69,94,123,129,32,36,17,1,109,34,48,42,52" hai2="75,14,56,46,134,71,31,104,27,18,119,108,117" hai3="127,16,44,35,102,81,25,79,120,80,92,128,8"/><U82/><E123/><V43/><F71/><W30/><G120/><T38/><D121/><U3/><E69/><V78/><F104/><W13/><G128/><T58/><D70/><U67/><E67/><V118/><F108/><N who="0" m="41514" /><D15/><U130/><E109/><V7/><F7/><W29/><G127/><N who="0" m="48651" /><D101/><U10/><E94/><V65/><F134/><W9/><G30/><T28/><D28/><U105/><E105/><V4/><F4/><W39/><G9/><T86/><D107/><U60/><E10/><V99/><F31/><W19/><G79/><T89/><D90/><U11/><E11/><V24/><F27/><W59/><G19/><T97/><D97/><U0/><E17/><V49/><F24/><W40/><G92/><T21/><D21/><U61/><E32/><V12/><F99/><W54/><REACH who="3" step="1"/><G102/><REACH who="3" ten="240,322,198,230" step="2"/><T91/><D89/><U72/><E129/><V133/><F133/><W26/><G26/><T132/><D132/><U68/><E130/><V124/><F124/><W20/><G20/><T63/><AGARI ba="2,1" hai="37,38,55,58,63,83,86,91" m="48651,41514" machi="63" ten="30,4000,0" yaku="14,1,18,1,52,1" doraHai="50" who="0" fromWho="0" sc="240,56,322,-22,198,-12,230,-12" /><INIT seed="2,0,0,2,1,55" ten="296,300,186,218" oya="2" hai0="118,80,7,5,57,69,115,73,13,131,54,42,27" hai1="4,87,109,99,130,92,44,97,102,134,89,133,6" hai2="111,15,50,31,127,90,9,112,11,82,35,49,38" hai3="107,77,0,116,25,81,51,78,48,46,60,32,26"/><V52/><F112/><W100/><G0/><T64/><D115/><U101/><E109/><V3/><F38/><W83/><G32/><T21/><D42/><U125/><E44/><V72/><F35/><W75/><G116/><T2/><D2/><U18/><E18/><V66/><F66/><W36/><G36/><T67/><D118/><U39/><E39/><V93/><F31/><W58/><G107/><T76/><D131/><U86/><E130/><V114/><F114/><W8/><G100/><T79/><D76/><U110/><E110/><V124/><F111/><W120/><G8/><T105/><D105/><N who="1" m="63663" /><E125/><N who="2" m="48203" /><F3/><W88/><G120/><T41/><D41/><U121/><E121/><V126/><N who="2" m="48211" /><V24/><DORA hai="129" /><F24/><W123/><G123/><T22/><D69/><U17/><E17/><N who="2" m="8431" /><F11/><W68/><G68/><T103/><D5/><U33/><E33/><V104/><F104/><W63/><G25/><T135/><D7/><U94/><E4/><V45/><F49/><W91/><G26/><T40/><D13/><U117/><E6/><V19/><F19/><W96/><G48/><N who="0" m="30919" /><D21/><U122/><E122/><V61/><F61/><W85/><G63/><T28/><D64/><U106/><E117/><V34/><F34/><W1/><G1/><T74/><D67/><U84/><E106/><V113/><F113/><W23/><G23/><T30/><D28/><U98/><AGARI ba="0,0" hai="84,86,87,89,92,94,98,99,102,133,134" m="63663" machi="98" ten="30,7900,0" yaku="34,2,52,2" doraHai="55,129" who="1" fromWho="1" sc="296,-20,300,79,186,-39,218,-20" /><INIT seed="3,0,0,4,2,38" ten="276,379,147,198" oya="3" hai0="60,29,90,27,6,52,64,124,36,125,50,116,1" hai1="24,86,25,9,72,57,91,12,45,54,94,77,76" hai2="129,55,35,130,8,89,104,106,80,105,83,118,112" hai3="11,131,14,132,74,88,70,37,10,121,17,53,111"/><W98/><G74/><T114/><D36/><U62/><E45/><V67/><F35/><W33/><G121/><T34/><D116/><U39/><E39/><V42/><F67/><W56/><G33/><T109/><D109/><U32/><E32/><V119/><F55/><W15/><G70/><T23/><D114/><U78/><E72/><V48/><F8/><W49/><G111/><T43/><D43/><U21/><E21/><V58/><F58/><W71/><G71/><T2/><D34/><U4/><AGARI ba="0,0" hai="4,9,12,24,25,54,57,62,76,77,78,86,91,94" machi="4" ten="30,2000,0" yaku="0,1,8,1" doraHai="38" who="1" fromWho="1" sc="276,-5,379,20,147,-5,198,-10" owari="271,7.1,399,49.9,142,-35.8,188,-21.2" /></mjloggm>