<mjloggm ver="2.3"><GO type="225" lobby="0"/><UN n0="%E5%8F%AF%E5%85%90%E9%82%A3%E7%94%B1%E5%A4%9A" n1="%6D%75%75%6D%75%72%61" n2="%E3%81%86%E3%81%A9%E3%82%93%E3%81%93" n3="%54%4F%52" dan="17,17,16,17" rate="2204.66,2213.87,2155.14,2253.63" sx="F,F,M,M"/><TAIKYOKU oya="0"/><INIT seed="0,0,0,0,0,110" ten="250,250,250,250" oya="0" hai0="61,62,48,83,4,11,66,7,52,54,81,105,130" hai1="73,106,99,75,94,27,29,69,22,8,46,104,79" hai2="92,18,100,77,42,1,98,20,58,13,6,93,32" hai3="114,118,47,112,37,89,9,68,59,123,122,96,67"/><T36/><D36/><U134/><E69/><V119/><F119/><W31/><G118/><T56/><D105/><U88/><E134/><V70/><F70/><W117/><G117/><T41/><D130/><U17/><E46/><V95/><F32/><W12/><G68/><T57/><D41/><U19/><E79/><V86/><F42/><N who="3" m="22991" /><G31/><T2/><REACH who="0" step="1"/><D7/><REACH who="0" ten="240,250,250,250" step="2"/><U97/><E104/><V10/><F6/><W49/><G123/><T109/><D109/><U60/><E106/><V55/><F95/><W102/><G122/><T74/><D74/><U40/><E40/><V124/><F93/><W85/><G114/><T115/><D115/><U125/><E75/><V43/><F92/><W35/><G112/><T30/><D30/><U51/><E73/><V132/><F43/><W15/><G85/><T90/><D90/><U65/><E88/><V71/><F86/><W76/><G89/><T26/><D26/><U91/><E91/><V126/><F132/><W25/><G25/><T45/><AGARI ba="0,1" hai="2,4,11,45,48,52,54,56,57,61,62,66,81,83" machi="45" ten="20,7800,0" yaku="1,1,0,1,7,1,54,1,53,0" doraHai="110" doraHaiUra="127" who="0" fromWho="0" sc="240,88,250,-26,250,-26,250,-26" /><INIT seed="0,1,0,3,1,103" ten="328,224,224,224" oya="0" hai0="77,82,132,89,41,68,16,21,58,1,32,111,36" hai1="128,133,5,54,33,19,126,72,114,116,30,105,134" hai2="26,11,49,20,31,67,95,81,25,113,42,98,62" hai3="48,79,14,4,64,7,63,52,60,53,85,40,84"/><T66/><D32/><U24/><E116/><V15/><F113/><W135/><G135/><N who="1" m="51722" /><E72/><V29/><F81/><N who="3" m="47167" /><G85/><T115/><D132/><U59/><E114/><V122/><F122/><W22/><G22/><T0/><D115/><U91/><E126/><V75/><F75/><W8/><G4/><T46/><D68/><U129/><E91/><V123/><F123/><W50/><G64/><T56/><D89/><U121/><E121/><V88/><F49/><N who="3" m="19051" /><G40/><T120/><D120/><U57/><E5/><V109/><F42/><W43/><G43/><T47/><D66/><U3/><E3/><V127/><F109/><W45/><G45/><T100/><D111/><U87/><E87/><V73/><F73/><W108/><G108/><T80/><D41/><U6/><E6/><V13/><F11/><W65/><G65/><T27/><D77/><U92/><E92/><V102/><F102/><W131/><G131/><N who="1" m="50250" /><E19/><V61/><F127/><W104/><G104/><T97/><D100/><U2/><E2/><V38/><F38/><W99/><G99/><T118/><D97/><U10/><E10/><V90/><F90/><W130/><G130/><T35/><D36/><U44/><E105/><V106/><F106/><W70/><G70/><T34/><D16/><U74/><E74/><V78/><F78/><W23/><G23/><T69/><D21/><U86/><E86/><V76/><F76/><W117/><G117/><T125/><D125/><U93/><E93/><V9/><F9/><W71/><G71/><T12/><D0/><U17/><E17/><V51/><F95/><W107/><G107/><RYUUKYOKU ba="1,0" sc="328,-15,224,15,224,-15,224,15" hai1="24,30,33,44,54,57,59" hai3="7,8,14,52,53,60,63" /><INIT seed="1,2,0,2,0,68" ten="313,239,209,239" oya="1" hai0="75,16,71,46,51,61,104,57,19,0,77,62,47" hai1="109,3,82,85,15,23,65,1,22,70,29,133,93" hai2="11,38,96,81,35,55,20,74,58,90,84,54,40" hai3="112,128,7,108,49,99,132,44,5,24,119,92,4"/><U59/><E133/><V60/><F35/><W127/><G112/><T45/><D104/><U111/><E70/><V41/><F74/><W106/><G132/><T101/><D0/><U114/><E114/><V43/><F11/><W31/><G108/><N who="1" m="41546" /><E93/><V69/><F69/><W63/><G128/><T135/><D135/><U42/><E42/><V97/><F38/><W37/><G127/><T105/><D71/><U124/><E124/><V94/><F20/><N who="1" m="7721" /><E29/><V28/><F28/><W121/><G121/><T103/><D105/><U134/><E15/><V107/><F107/><W76/><G119/><T18/><D75/><U79/><E134/><V66/><REACH who="2" step="1"/><F97/><REACH who="2" ten="313,239,199,239" step="2"/><W21/><G106/><T78/><D51/><U36/><E36/><V67/><F67/><W118/><G37/><T115/><D115/><U91/><E3/><V83/><F83/><W86/><G118/><T131/><D131/><U129/><E1/><V39/><F39/><W102/><G63/><N who="0" m="24075" /><D57/><U10/><E129/><V25/><F25/><W72/><G72/><T30/><D30/><U56/><E65/><V14/><F14/><W27/><G27/><T17/><N who="0" m="4096" /><DORA hai="89" /><T120/><D120/><U125/><E125/><V50/><F50/><W26/><G26/><T6/><D6/><U95/><E10/><V126/><F126/><W100/><G99/><AGARI ba="2,1" hai="56,59,79,82,85,91,95,99" m="7721,41546" machi="99" ten="30,5800,0" yaku="14,1,10,1,52,1" doraHai="68,89" who="1" fromWho="3" sc="313,0,239,74,199,0,239,-64" /><INIT seed="1,3,0,3,3,17" ten="313,313,199,175" oya="1" hai0="58,81,103,13,122,52,70,8,130,9,54,133,90" hai1="61,83,121,37,34,116,98,101,21,82,31,36,53" hai2="93,33,110,47,35,32,106,84,114,12,10,74,85" hai3="73,39,43,7,51,0,46,135,118,120,87,117,71"/><U2/><E116/><N who="3" m="44650" /><G120/><T76/><D70/><U19/><E121/><V77/><F106/><W104/><G73/><T40/><D122/><U72/><E2/><V132/><F110/><W96/><G71/><T3/><D130/><U22/><E34/><V66/><F132/><W25/><G135/><T63/><D133/><U6/><E6/><V94/><F66/><W42/><G87/><T80/><D40/><U65/><E72/><V11/><F114/><W127/><G127/><T111/><D111/><U48/><E36/><V29/><F74/><W128/><G128/><T113/><D113/><U67/><E37/><V45/><F29/><W88/><G7/><T86/><D103/><U131/><E131/><V62/><F62/><W30/><G0/><T1/><D54/><U41/><E41/><V49/><F49/><W26/><G39/><T18/><D9/><U24/><E101/><V105/><F105/><W55/><G25/><T14/><D14/><N who="1" m="9463" /><E98/><V95/><F12/><W112/><G112/><T15/><D13/><U108/><E108/><V126/><F126/><W115/><G115/><T123/><D123/><U89/><E61/><V16/><F77/><W23/><G104/><T27/><D27/><U97/><E97/><V99/><F99/><W79/><G79/><T59/><D1/><U44/><E83/><V134/><F134/><W56/><G46/><N who="2" m="17417" /><F16/><W102/><G102/><T28/><D3/><U4/><E4/><V68/><F68/><W5/><G5/><T107/><D107/><U60/><E60/><V38/><F38/><W75/><G75/><N who="0" m="43039" /><D63/><U125/><E125/><RYUUKYOKU ba="3,0" sc="313,-30,313,10,199,10,175,10" hai1="22,24,31,44,48,53,65,67,82,89" hai2="10,11,32,33,35,84,85,93,94,95" hai3="23,26,30,42,43,51,55,56,88,96" /><INIT seed="1,4,0,2,5,108" ten="283,323,209,185" oya="1" hai0="123,13,93,40,127,113,54,5,24,104,50,67,26" hai1="35,17,76,11,42,28,94,114,75,132,135,8,51" hai2="9,122,32,84,89,4,66,88,63,49,100,16,58" hai3="52,6,129,110,15,72,128,48,134,36,107,130,96"/><U87/><E75/><V83/><F122/><W65/><G110/><T39/><D104/><U109/><E109/><V119/><F32/><W7/><G36/><T101/><D123/><U91/><E76/><V45/><F100/><N who="3" m="62855" /><G72/><T56/><D127/><U0/><E35/><V43/><F119/><W90/><G134/><T78/><D113/><U64/><E114/><V121/><F121/><W61/><G90/><T126/><D126/><U77/><E77/><V70/><F70/><N who="3" m="42287" /><G15/><T19/><D78/><U1/><E64/><V73/><F73/><W2/><G2/><T85/><D67/><U10/><E1/><V18/><F89/><W97/><G97/><T12/><D39/><U99/><E0/><AGARI ba="4,0" hai="0,4,9,16,18,43,45,49,58,63,66,83,84,88" machi="0" ten="30,3900,0" yaku="7,1,54,2" doraHai="108" who="2" fromWho="1" sc="283,0,323,-51,209,51,185,0" /><INIT seed="2,0,0,1,0,58" ten="283,272,260,185" oya="2" hai0="49,96,42,115,121,98,25,39,78,5,26,104,107" hai1="112,84,13,15,43,116,82,134,16,94,64,11,20" hai2="14,100,87,97,109,48,8,10,76,113,19,118,65" hai3="69,114,31,108,30,130,123,12,85,44,32,132,38"/><V126/><F113/><W21/><G123/><T92/><D121/><U40/><E112/><V62/><F118/><W120/><G120/><T81/><D115/><U77/><E116/><V102/><F126/><W110/><G114/><T47/><D5/><U133/><E94/><V35/><F35/><W122/><G122/><T88/><D39/><U127/><E64/><V27/><F27/><W53/><G69/><T68/><D68/><U89/><E77/><V75/><F75/><W124/><G32/><T105/><REACH who="0" step="1"/><D98/><REACH who="0" ten="273,272,260,185" step="2"/><U3/><E127/><V80/><F109/><W72/><G124/><T1/><D1/><U129/><E3/><V60/><F97/><W117/><G38/><T23/><D23/><U37/><E37/><V28/><F10/><W103/><G21/><T74/><AGARI ba="0,1" hai="25,26,42,47,49,74,78,81,88,92,96,104,105,107" machi="74" ten="30,4000,0" yaku="1,1,0,1,54,1,53,0" doraHai="58" doraHaiUra="29" who="0" fromWho="0" sc="273,50,272,-10,260,-20,185,-10" /><INIT seed="3,0,0,1,3,17" ten="323,262,240,175" oya="3" hai0="134,14,57,85,70,129,36,44,34,55,98,43,64" hai1="24,45,101,96,53,105,118,89,116,1,93,10,33" hai2="76,11,47,121,117,123,66,58,83,15,112,88,67" hai3="2,78,56,52,65,128,102,13,63,86,120,80,104"/><W59/><G120/><N who="2" m="46153" /><F112/><W108/><G2/><T90/><D34/><U9/><E53/><V135/><F117/><N who="1" m="45161" /><E45/><V82/><F135/><W131/><G108/><T4/><D129/><U72/><E72/><V113/><F113/><W92/><G104/><T75/><D134/><U130/><E130/><V5/><F47/><W60/><REACH who="3" step="1"/><G13/><REACH who="3" ten="323,262,240,165" step="2"/><T126/><D14/><U114/><E1/><V25/><F25/><W26/><G26/><T71/><D126/><U28/><E114/><V81/><F76/><W12/><G12/><T40/><D4/><U87/><AGARI ba="0,1" hai="9,10,24,28,33,87,89,93,96,101,105" m="45161" machi="87" ten="30,1100,0" yaku="12,1" doraHai="17" who="1" fromWho="1" sc="323,-3,262,21,240,-3,165,-5" owari="320,42.0,283,8.3,237,-16.3,160,-34.0" /></mjloggm>