<mjloggm ver="2.3"><GO type="225" lobby="0"/><UN n0="%73%69%72%6F%75%74" n1="%E7%B4%94%E6%BD%94%E3%83%94%E3%83%A9%E3%83%8B%E3%82%A2" n2="%E8%81%B7%E6%A5%AD%E3%80%81%E9%A2%A8%32" n3="%48%61%61%61%6C%61%6E%64" dan="16,16,16,17" rate="2140.55,2084.49,2096.62,2254.15" sx="M,M,M,M"/><TAIKYOKU oya="0"/><INIT seed="0,0,0,5,3,71" ten="250,250,250,250" oya="0" hai0="97,74,25,99,70,21,48,92,96,4,67,107,9" hai1="42,34,27,17,33,3,84,54,76,40,104,134,55" hai2="30,110,6,114,75,44,51,105,118,15,8,95,11" hai3="112,5,93,126,50,46,12,120,122,58,113,88,82"/><T103/><D74/><U38/><E104/><V43/><F110/><W91/><G126/><T19/><D70/><U69/><E69/><V56/><F105/><W117/><G117/><T86/><D67/><U128/><E3/><V106/><F106/><W2/><G2/><T59/><D59/><U35/><E128/><V124/><F75/><W60/><G82/><T116/><D116/><U0/><E0/><V127/><F114/><W89/><G93/><T94/><D48/><U49/><E134/><V7/><F118/><W73/><G73/><T121/><D121/><N who="3" m="46697" /><G12/><N who="0" m="5159" /><D107/><U24/><E34/><V78/><F78/><W13/><G13/><T90/><AGARI ba="0,0" hai="19,21,25,86,90,92,94,96,97,99,103" m="5159" machi="90" ten="30,1500,0" yaku="8,1" doraHai="71" who="0" fromWho="0" sc="250,15,250,-5,250,-5,250,-5" /><INIT seed="0,1,0,0,3,128" ten="265,245,245,245" oya="0" hai0="54,134,67,68,78,127,21,103,112,129,76,80,131" hai1="99,3,40,35,36,82,115,116,31,17,16,89,60" hai2="66,81,39,92,14,4,46,96,119,84,123,41,50" hai3="117,25,106,110,38,118,59,100,65,29,45,70,22"/><T88/><D112/><U69/><E3/><V94/><F123/><W51/><G110/><T126/><D134/><U63/><E116/><V30/><F119/><W90/><G90/><T37/><D37/><U1/><E1/><V125/><F125/><N who="0" m="47626" /><D68/><U24/><E115/><V64/><F39/><W19/><G70/><T130/><D67/><U43/><E69/><V107/><F107/><W124/><G124/><T93/><D54/><U120/><E120/><V32/><F30/><W55/><G106/><T10/><D10/><U42/><E36/><V87/><F87/><W73/><G73/><T79/><D103/><U56/><E63/><V86/><F86/><W8/><G100/><T97/><D21/><U44/><E44/><V132/><F132/><W12/><REACH who="3" step="1"/><G65/><REACH who="3" ten="265,245,245,235" step="2"/><T23/><D23/><U18/><E89/><V113/><F64/><W27/><G27/><T0/><D0/><U111/><E111/><V7/><F66/><W77/><G77/><T2/><D2/><U5/><E24/><V26/><F26/><W34/><G34/><T102/><D88/><U72/><E35/><V15/><F32/><W61/><G61/><T101/><D102/><U11/><E60/><V13/><F113/><W53/><G53/><T133/><D133/><U114/><E114/><V48/><F84/><AGARI ba="1,1" hai="76,78,79,80,84,93,97,101,129,130,131" m="47626" machi="84" ten="40,12000,1" yaku="19,1,18,1,34,2" doraHai="128" who="0" fromWho="2" sc="265,133,245,0,245,-123,235,0" /><INIT seed="0,2,0,0,1,19" ten="398,245,122,235" oya="0" hai0="86,35,56,11,109,61,12,66,33,104,76,112,50" hai1="115,95,38,134,113,31,44,108,43,74,89,122,130" hai2="59,58,63,53,45,84,92,126,106,100,105,127,119" hai3="8,77,67,25,81,87,27,78,85,51,120,133,57"/><T72/><D104/><U37/><E122/><V118/><F45/><W102/><G120/><T123/><D123/><U9/><E74/><V83/><F92/><W0/><G133/><T13/><D112/><N who="1" m="43083" /><E134/><V93/><F63/><N who="3" m="38383" /><G0/><T131/><D72/><U103/><E103/><V47/><F47/><W79/><G102/><T117/><D117/><N who="2" m="44554" /><F59/><W98/><G98/><T107/><D107/><N who="2" m="40970" /><F58/><W4/><G51/><T88/><D50/><N who="1" m="26911" /><E9/><V101/><F53/><W110/><G8/><T128/><D11/><U46/><E46/><V60/><F60/><W70/><G70/><T82/><D35/><U10/><E10/><V94/><F94/><W71/><G71/><T5/><D33/><U26/><E108/><V99/><F101/><W23/><G110/><T132/><D109/><U62/><E62/><V39/><F39/><W135/><G135/><T40/><D132/><U41/><E41/><V28/><F28/><W16/><G4/><T20/><D5/><U97/><E130/><V48/><F48/><W24/><G87/><N who="0" m="48583" /><D40/><U114/><E114/><V21/><F21/><AGARI ba="2,0" hai="21,26,31,37,38,89,95,97" m="26911,43083" machi="21" ten="30,2000,0" yaku="11,1,52,1" doraHai="19" who="1" fromWho="2" sc="398,0,245,26,122,-26,235,0" /><INIT seed="1,0,0,5,5,120" ten="398,271,96,235" oya="1" hai0="96,46,35,122,79,132,108,98,102,0,53,20,14" hai1="22,127,111,133,47,117,106,104,60,119,123,25,87" hai2="28,51,13,86,73,17,118,49,52,70,78,95,10" hai3="44,8,31,131,99,37,69,114,65,134,100,74,32"/><U12/><E123/><V94/><F118/><W61/><G114/><T72/><D0/><U83/><E127/><V109/><F109/><W33/><G131/><T1/><D1/><U56/><E111/><V130/><F130/><W45/><G134/><T29/><D122/><U21/><E133/><V124/><F124/><W5/><G74/><T3/><D108/><U63/><E47/><V16/><F70/><W82/><G82/><T54/><D3/><U110/><E110/><V48/><F73/><W38/><G44/><T4/><D35/><U26/><E12/><V125/><F125/><W92/><G31/><T39/><D72/><U113/><E83/><N who="2" m="47479" /><F28/><W129/><G129/><T85/><D39/><U91/><E87/><V27/><F17/><W84/><G84/><T116/><D116/><U42/><E56/><N who="2" m="32775" /><F27/><W93/><G38/><T50/><D132/><U66/><E66/><V59/><F51/><W11/><G37/><T88/><D79/><U76/><E76/><V71/><F71/><W90/><G69/><T105/><D98/><U43/><REACH who="1" step="1"/><E91/><REACH who="1" ten="398,261,96,235" step="2"/><V115/><F115/><AGARI ba="0,1" hai="21,22,25,26,42,43,60,63,104,106,113,115,117,119" machi="115" ten="25,18000,2" yaku="1,1,2,1,22,2,53,2" doraHai="120" doraHaiUra="101" who="1" fromWho="2" sc="398,0,261,190,96,-180,235,0" owari="398,19.8,451,55.1,-84,-58.4,235,-16.5" /></mjloggm>