<mjloggm ver="2.3"><GO type="225" lobby="0"/><UN n0="%6D%75%75%6D%75%72%61" n1="%4B%2E%32%2E%4B%2E" n2="%E5%A4%96%E5%B7%9D%E7%AB%9C%E6%88%90" n3="%E5%AF%82%E5%AF%9E%E3%82%AE%E3%83%8D%E3%82%B9%E3%83%93%E3%83%BC%E3%83%AB" dan="16,16,16,16" rate="2220.08,2096.19,2203.82,2190.05" sx="F,M,M,M"/><TAIKYOKU oya="0"/><INIT seed="0,0,0,2,0,80" ten="250,250,250,250" oya="0" hai0="91,47,82,127,66,49,52,17,28,124,36,48,15" hai1="131,103,70,69,72,129,62,78,95,106,88,117,16" hai2="63,128,90,39,81,96,27,41,120,42,34,84,35" hai3="119,6,54,32,118,99,46,123,134,112,25,71,111"/><T68/><D28/><U130/><E117/><V104/><F120/><W19/><G71/><T114/><D114/><U100/><E16/><V87/><F128/><W109/><G99/><T8/><D36/><U75/><E106/><V92/><F63/><W113/><G54/><T64/><D49/><U85/><E62/><V2/><F2/><W86/><G46/><T116/><D116/><N who="3" m="44585" /><G86/><N who="0" m="50647" /><D68/><N who="1" m="26219" /><E78/><V53/><F53/><W37/><G37/><T107/><D107/><U108/><E108/><N who="3" m="41546" /><G134/><T10/><D10/><U61/><E61/><V44/><F42/><W40/><G40/><T45/><D45/><U9/><E9/><V59/><F59/><W0/><G6/><T79/><D79/><U73/><AGARI ba="0,0" hai="72,73,75,85,88,95,100,103,129,130,131" m="26219" machi="73" ten="50,6400,0" yaku="19,1,52,1,54,1" doraHai="80" who="1" fromWho="1" sc="250,-32,250,64,250,-16,250,-16" /><INIT seed="1,0,0,3,3,59" ten="218,314,234,234" oya="1" hai0="118,11,8,44,100,4,66,119,73,61,103,20,133" hai1="76,39,84,72,12,67,2,41,45,86,22,27,32" hai2="15,127,115,70,88,29,5,37,23,17,24,64,55" hai3="78,98,132,79,0,129,92,128,51,89,16,120,109"/><U46/><E2/><V26/><F37/><W6/><G120/><T58/><D133/><U18/><E46/><V69/><F127/><W85/><G132/><T81/><D20/><U47/><E45/><V30/><F115/><W36/><G36/><T130/><D130/><N who="3" m="50281" /><G51/><T107/><D44/><U43/><E43/><V134/><F134/><W71/><G71/><T62/><D73/><U83/><REACH who="1" step="1"/><E67/><REACH who="1" ten="218,304,234,234" step="2"/><V104/><F64/><W90/><G0/><T77/><D66/><U35/><E35/><V124/><F124/><W113/><G113/><T93/><D118/><U135/><E135/><V65/><F65/><W96/><G109/><T131/><D119/><U123/><E123/><V48/><F70/><W60/><G79/><T97/><D131/><U53/><E53/><V108/><F69/><W99/><G78/><T121/><D121/><U1/><E1/><V10/><F108/><W3/><G3/><T117/><D117/><U63/><E63/><V52/><F55/><W106/><G60/><T94/><D61/><U87/><E87/><V114/><F114/><W80/><G85/><T57/><D62/><U28/><AGARI ba="0,1" hai="12,18,22,27,28,32,39,41,47,72,76,83,84,86" machi="28" ten="30,3000,0" yaku="1,1,0,1,53,0" doraHai="59" doraHaiUra="122" who="1" fromWho="1" sc="218,-10,304,40,234,-10,234,-10" /><INIT seed="1,1,0,3,1,48" ten="208,344,224,224" oya="1" hai0="23,61,39,126,52,124,17,32,3,55,46,35,119" hai1="11,106,87,96,77,38,89,34,127,135,0,54,81" hai2="58,67,36,26,122,117,62,60,72,83,131,95,56" hai3="25,101,111,105,78,51,33,9,20,37,29,112,10"/><U44/><E34/><N who="0" m="12841" /><D119/><U65/><E127/><N who="0" m="48681" /><D3/><U63/><E135/><V99/><F117/><W93/><G112/><T109/><D109/><U104/><E0/><V85/><F122/><W18/><G37/><T31/><D31/><U28/><E11/><V132/><F131/><W16/><G105/><T57/><D39/><U42/><E28/><V88/><F36/><W50/><G111/><T133/><D133/><U68/><E96/><V12/><F132/><W82/><G9/><T30/><D30/><U113/><E113/><V90/><F72/><W84/><G10/><T15/><D46/><U120/><E120/><V118/><F118/><W102/><G33/><T98/><D98/><U43/><E43/><V7/><F26/><W79/><G79/><T128/><D128/><U75/><E54/><AGARI ba="1,0" hai="15,17,23,52,54,55,57,61" m="48681,12841" machi="54" ten="30,8000,1" yaku="18,1,52,3,54,1" doraHai="48" who="0" fromWho="1" sc="208,83,344,-83,224,0,224,0" /><INIT seed="2,0,0,3,3,34" ten="291,261,224,224" oya="2" hai0="50,88,86,73,84,82,47,70,68,113,96,43,56" hai1="133,100,103,54,20,13,81,27,87,55,33,129,85" hai2="23,29,49,25,105,9,64,30,32,102,38,36,72" hai3="10,51,2,60,122,120,57,94,95,40,114,91,15"/><V117/><F72/><W124/><G2/><T127/><D113/><U63/><E33/><V31/><F117/><W123/><G114/><T135/><D135/><U24/><E133/><V52/><F64/><W0/><G0/><T115/><D115/><U22/><E129/><V89/><F102/><N who="1" m="38953" /><E13/><V59/><F105/><W77/><G77/><T61/><D127/><U116/><E116/><V112/><F112/><W7/><G124/><T78/><D96/><U90/><E87/><V14/><F89/><W119/><G119/><T71/><REACH who="0" step="1"/><D88/><REACH who="0" ten="281,261,224,224" step="2"/><U12/><E90/><V17/><REACH who="2" step="1"/><F32/><REACH who="2" ten="281,261,214,224" step="2"/><W26/><G91/><T110/><D110/><U42/><E81/><V67/><F67/><AGARI ba="0,2" hai="43,47,50,56,61,67,68,70,71,73,78,82,84,86" machi="67" ten="40,1300,0" yaku="1,1,53,0" doraHai="34" doraHaiUra="69" who="0" fromWho="2" sc="281,33,261,0,214,-13,224,0" /><INIT seed="3,0,0,3,2,58" ten="314,261,201,224" oya="3" hai0="7,52,117,36,48,22,55,130,40,111,23,33,81" hai1="35,101,135,116,129,75,32,69,88,97,118,10,21" hai2="8,86,1,128,112,96,14,120,26,99,102,0,90" hai3="89,103,126,62,64,61,107,134,71,124,38,106,17"/><W11/><G38/><T121/><D117/><N who="1" m="45163" /><E75/><V39/><F39/><W104/><G134/><T125/><D121/><U100/><E69/><V70/><F112/><W46/><G46/><T18/><D111/><U4/><E21/><V56/><F70/><W73/><G73/><T5/><D5/><U66/><E66/><V15/><F120/><W30/><G30/><T84/><D48/><U83/><E129/><V2/><F128/><W67/><G103/><N who="1" m="39498" /><E135/><V122/><F122/><W76/><G76/><T41/><D125/><N who="3" m="48233" /><G89/><T13/><D33/><U20/><E20/><V60/><F102/><W31/><G31/><T28/><D28/><U94/><E83/><V44/><F44/><W49/><G49/><T47/><D47/><U65/><E65/><N who="3" m="25162" /><G71/><T27/><D36/><U63/><E63/><N who="3" m="24074" /><G11/><T24/><D130/><U95/><E32/><V54/><F26/><W53/><G17/><T79/><D18/><U57/><E35/><V72/><F72/><W105/><G107/><T50/><D50/><U78/><E78/><V92/><REACH who="2" step="1"/><F15/><REACH who="2" ten="314,261,191,224" step="2"/><W42/><G53/><T87/><D52/><U109/><E109/><V19/><AGARI ba="0,1" hai="0,1,2,8,14,19,54,56,60,86,90,92,96,99" machi="19" ten="30,7900,0" yaku="1,1,2,1,0,1,52,1,53,0" doraHai="58" doraHaiUra="114" who="2" fromWho="2" sc="314,-20,261,-20,191,89,224,-39" /><INIT seed="4,0,0,5,4,46" ten="294,241,280,185" oya="0" hai0="1,17,3,64,66,13,78,36,101,58,105,63,9" hai1="93,72,34,118,69,111,80,99,130,47,104,123,33" hai2="76,84,24,91,133,68,112,120,26,117,27,42,75" hai3="25,95,116,45,87,29,48,131,85,10,97,61,92"/><T86/><D36/><U124/><RYUUKYOKU type="yao9" ba="0,0" sc="294,0,241,0,280,0,185,0" hai1="33,34,47,69,72,80,93,99,104,111,118,123,124,130" /><INIT seed="4,1,0,1,1,97" ten="294,241,280,185" oya="0" hai0="23,43,88,37,73,6,103,90,77,93,134,94,126" hai1="63,72,36,99,35,118,110,92,24,131,100,20,21" hai2="135,13,107,0,104,115,129,67,25,44,95,108,128" hai3="59,61,3,27,10,28,5,1,18,71,12,80,119"/><T29/><D37/><U96/><E110/><V49/><F108/><W62/><G119/><T130/><D73/><U101/><E118/><V8/><F0/><W75/><G71/><T48/><D103/><U113/><E72/><V11/><F115/><W14/><G75/><T106/><D106/><U117/><E36/><V34/><F67/><W76/><G80/><T22/><D126/><U86/><E117/><V102/><F135/><W79/><G1/><T82/><D134/><U31/><E131/><N who="2" m="50251" /><F25/><W60/><G59/><T105/><D105/><N who="2" m="40522" /><F34/><W85/><G85/><N who="0" m="48335" /><D6/><U32/><E113/><V125/><F125/><W87/><G87/><N who="0" m="52383" /><D29/><U41/><E35/><V7/><F8/><W133/><G133/><T127/><D127/><U123/><E32/><V26/><F26/><W58/><G58/><T2/><D2/><U74/><E74/><V19/><F7/><W55/><G55/><T89/><D130/><U121/><E31/><V17/><F17/><W116/><G116/><T124/><D124/><U64/><E121/><V78/><F78/><W30/><G30/><T84/><D89/><N who="1" m="53303" /><E123/><V57/><F57/><W45/><G45/><AGARI ba="1,0" hai="22,23,43,45,48,84,90,94" m="52383,48335" machi="45" ten="30,2900,0" yaku="8,1,54,1" doraHai="97" who="0" fromWho="3" sc="294,32,241,0,280,0,185,-32" owari="326,42.6,241,-15.9,280,8.0,153,-34.7" /></mjloggm>