<mjloggm ver="2.3"><GO type="225" lobby="0"/><UN n0="%63%68%78%62%64" n1="%33%74%72%65%65" n2="%E3%81%B2%E3%81%AA%E3%81%AE%E3%82%8A%E3%81%8F" n3="%E3%83%AD%E3%83%83%E3%83%86%E9%9B%80%E7%90%83" dan="16,16,17,17" rate="2143.46,2077.82,2212.37,2181.77" sx="M,F,M,M"/><TAIKYOKU oya="0"/><INIT seed="0,0,0,2,5,125" ten="250,250,250,250" oya="0" hai0="12,5,37,16,135,46,31,48,106,7,15,9,24" hai1="81,71,132,87,101,80,40,130,59,86,32,34,129" hai2="95,20,115,82,44,120,78,49,17,43,97,6,38" hai3="67,124,77,64,113,33,47,73,116,36,74,27,42"/><T29/><D37/><U3/><E71/><V26/><F120/><W52/><G113/><T62/><D106/><U75/><E132/><V118/><F118/><W92/><G116/><T134/><D62/><U39/><E75/><V112/><F6/><N who="0" m="2058" /><D48/><U18/><E3/><V109/><F109/><W85/><G124/><T58/><D58/><U45/><E101/><V88/><REACH who="2" step="1"/><F38/><REACH who="2" ten="250,250,240,250" step="2"/><W66/><G36/><T69/><D69/><U90/><E18/><V4/><F4/><W133/><G133/><N who="0" m="50699" /><D46/><U84/><E59/><V11/><F11/><W23/><G47/><T127/><D127/><U30/><E86/><AGARI ba="0,1" hai="17,20,26,43,44,49,78,82,86,88,95,97,112,115" machi="86" ten="30,3900,0" yaku="1,1,7,1,54,1,53,0" doraHai="125" doraHaiUra="100" who="2" fromWho="1" sc="250,0,250,-39,240,49,250,0" /><INIT seed="1,0,0,0,5,50" ten="250,211,289,250" oya="1" hai0="76,1,126,90,117,32,2,85,43,27,47,44,111" hai1="38,91,125,48,101,26,0,4,72,66,59,69,107" hai2="54,77,124,14,131,15,8,9,24,75,83,40,74" hai3="36,68,62,109,86,53,92,81,12,33,42,134,58"/><U13/><E125/><V88/><F124/><W20/><G33/><T112/><D126/><U63/><E38/><V34/><F40/><W37/><G109/><T116/><D112/><U89/><E72/><V119/><F119/><W57/><G68/><T61/><D111/><U87/><E0/><V25/><F75/><W114/><G114/><T35/><D76/><U79/><E26/><V18/><F34/><W121/><G121/><T115/><D115/><U123/><E123/><V78/><F78/><W6/><G134/><T118/><D61/><U22/><E107/><V67/><F67/><W55/><G92/><T73/><D73/><U45/><E101/><V52/><F131/><W64/><G42/><T19/><D35/><U11/><E22/><V49/><F88/><N who="3" m="51279" /><G37/><T135/><D135/><U94/><E69/><V120/><F120/><W71/><G71/><T5/><D32/><U113/><E113/><V110/><F110/><W127/><G36/><T95/><D43/><N who="1" m="24639" /><E94/><V7/><REACH who="2" step="1"/><F54/><REACH who="2" ten="250,211,279,250" step="2"/><N who="3" m="34103" /><G127/><T99/><D118/><U41/><E41/><V39/><F39/><W102/><G102/><T98/><D117/><U60/><E89/><V108/><F108/><W3/><G64/><T106/><D90/><U130/><E130/><V31/><F31/><W51/><G55/><T103/><D103/><U17/><E79/><V97/><F97/><W133/><G133/><T129/><D99/><U96/><E96/><V65/><F65/><W30/><G30/><T21/><D98/><U28/><E28/><V29/><F29/><W16/><G3/><T56/><D1/><U128/><E128/><RYUUKYOKU ba="0,1" sc="250,-15,211,-15,279,15,250,15" hai2="7,8,9,14,15,18,24,25,49,52,74,77,83" hai3="6,12,16,20,51,53,58" /><INIT seed="2,1,1,4,0,78" ten="235,196,294,265" oya="2" hai0="65,80,135,97,5,120,118,103,84,53,14,42,116" hai1="132,105,35,56,112,109,45,134,127,117,39,11,121" hai2="49,2,94,87,48,20,4,59,111,123,37,129,113" hai3="133,73,51,44,69,46,58,54,31,1,83,101,52"/><V95/><F113/><W24/><G69/><T130/><D120/><U0/><RYUUKYOKU type="yao9" ba="1,1" sc="235,0,196,0,294,0,265,0" hai1="0,11,35,39,45,56,105,109,112,117,121,127,132,134" /><INIT seed="2,2,1,1,5,78" ten="235,196,294,265" oya="2" hai0="82,16,52,14,38,110,61,77,5,42,40,93,103" hai1="50,121,25,63,89,128,47,22,65,76,20,118,39" hai2="10,109,29,75,124,59,91,68,57,104,48,8,19" hai3="27,1,123,125,41,132,2,31,69,35,122,23,11"/><V30/><F68/><W105/><G105/><T96/><D110/><U108/><E118/><V95/><F104/><W58/><G69/><T74/><D38/><U17/><E108/><V115/><F115/><W129/><G41/><T9/><REACH who="0" step="1"/><D5/><REACH who="0" ten="225,196,294,265" step="2"/><U113/><E39/><V4/><F4/><W53/><G123/><T114/><D114/><U102/><E121/><V81/><F109/><W36/><G36/><T106/><D106/><U3/><E113/><V98/><F124/><W72/><G125/><T90/><D90/><U0/><E89/><V97/><F91/><W120/><G122/><T84/><D84/><U86/><E102/><V32/><F75/><W43/><G72/><T49/><D49/><U66/><E86/><V101/><F48/><W15/><G120/><T26/><D26/><U62/><E50/><V119/><F101/><W60/><G27/><T37/><D37/><U18/><E25/><V24/><F24/><W85/><G85/><T99/><D99/><U54/><E76/><V117/><F98/><W13/><G35/><T46/><D46/><U130/><REACH who="1" step="1"/><E47/><REACH who="1" ten="225,186,294,265" step="2"/><V34/><F117/><W45/><G45/><T55/><D55/><AGARI ba="2,3" hai="0,3,17,18,20,22,54,55,62,63,65,66,128,130" machi="55" ten="25,12000,2" yaku="1,1,2,1,22,2,53,2" doraHai="78" doraHaiUra="51" who="1" fromWho="0" sc="225,-126,186,156,294,0,265,0" /><INIT seed="3,0,0,4,4,71" ten="99,342,294,265" oya="3" hai0="33,135,70,56,111,42,22,50,59,86,18,95,52" hai1="72,112,118,2,67,101,16,7,4,30,40,24,106" hai2="19,37,32,132,134,115,91,44,10,48,11,64,6" hai3="99,100,113,108,1,124,89,102,39,103,81,69,58"/><W126/><G69/><T63/><D111/><U94/><E106/><V61/><F32/><W80/><G1/><T133/><D70/><U49/><E112/><V29/><F29/><W60/><G113/><T57/><D33/><U87/><E72/><V17/><F115/><W41/><G108/><T96/><D42/><U23/><E118/><V78/><F78/><W93/><G41/><T88/><D57/><U92/><E67/><V107/><F107/><W0/><G0/><T79/><D79/><U76/><E2/><V27/><F37/><W77/><G39/><T122/><D122/><U120/><E120/><V130/><F130/><W8/><G8/><N who="2" m="3113" /><F27/><W83/><REACH who="3" step="1"/><G77/><REACH who="3" ten="99,342,294,255" step="2"/><T121/><D121/><U26/><E76/><V36/><F36/><W98/><G98/><T66/><REACH who="0" step="1"/><D96/><REACH who="0" ten="89,342,294,255" step="2"/><U117/><E40/><N who="2" m="24583" /><F134/><W65/><AGARI ba="0,2" hai="58,60,65,80,81,83,89,93,99,100,102,103,124,126" machi="65" ten="40,3900,0" yaku="1,1,0,1,53,0" doraHai="71" doraHaiUra="9" who="3" fromWho="3" sc="89,-13,342,-13,294,-13,255,59" /><INIT seed="3,1,0,3,4,8" ten="76,329,281,314" oya="3" hai0="48,4,33,104,97,115,65,107,85,80,126,7,92" hai1="87,93,82,41,89,51,127,3,50,45,130,73,95" hai2="66,42,43,105,120,27,134,24,78,5,54,118,60" hai3="103,76,30,22,25,39,47,116,111,74,35,63,44"/><W77/><G116/><T56/><D56/><U11/><BYE who="0" /><E130/><V19/><F118/><W64/><G111/><T28/><D28/><U9/><E127/><V0/><F134/><W99/><G39/><T1/><D1/><U108/><E108/><V129/><F129/><W55/><G55/><T106/><D106/><U91/><E3/><V29/><F120/><W101/><G74/><T102/><D102/><N who="3" m="38921" /><G99/><T75/><D75/><U117/><E117/><V94/><F105/><W110/><G35/><T26/><D26/><U21/><E21/><V15/><F0/><W13/><G110/><T37/><D37/><U68/><E68/><V100/><F78/><N who="3" m="30315" /><G13/><T135/><D135/><U36/><E73/><V84/><F5/><W46/><G63/><T49/><D49/><U53/><E36/><V23/><F54/><W57/><G57/><T128/><D128/><U133/><E133/><V52/><F52/><W109/><G109/><T71/><D71/><U98/><E93/><V18/><F18/><W123/><G123/><T121/><D121/><U2/><E2/><V31/><F43/><W14/><G14/><T86/><D86/><U131/><E131/><V81/><F42/><W67/><AGARI ba="1,0" hai="22,25,30,44,46,47,64,67" m="30315,38921" machi="67" ten="40,2100,0" yaku="8,1" doraHai="8" who="3" fromWho="3" sc="76,-8,329,-8,281,-8,314,24" owari="68,-43.2,321,12.1,273,-12.7,338,43.8" /></mjloggm>