<mjloggm ver="2.3"><GO type="225" lobby="0"/><UN n0="%E3%81%8F%E3%82%8A%E3%83%94%E3%83%BC" n1="%6C%61%6D%62" n2="%E3%83%A9%E3%83%BC%E3%83%A1%E3%83%B3%E4%BA%94%E9%83%8E" n3="%E6%80%AA%E3%81%97%E3%81%99%E3%81%8E%E3%82%8B%E3%83%81%E3%83%BC" dan="16,16,16,16" rate="2102.50,2128.16,2084.47,2151.43" sx="M,M,M,M"/><TAIKYOKU oya="0"/><INIT seed="0,0,0,1,4,83" ten="250,250,250,250" oya="0" hai0="84,48,57,86,132,40,32,38,117,109,34,69,28" hai1="107,123,45,15,56,108,26,126,74,106,104,23,8" hai2="27,22,119,5,67,100,81,79,64,129,37,6,11" hai3="61,44,88,133,134,89,18,58,121,127,75,55,63"/><T125/><D117/><U102/><E123/><V73/><F119/><W131/><G75/><T52/><D69/><U60/><E74/><V122/><F122/><W103/><G121/><T93/><D125/><U21/><E126/><V24/><F129/><W76/><G76/><T46/><D132/><N who="3" m="50793" /><G131/><T85/><D109/><U72/><E72/><V105/><F37/><W82/><G127/><T19/><D28/><U1/><E1/><V20/><F20/><W49/><G103/><T98/><REACH who="0" step="1"/><D19/><REACH who="0" ten="240,250,250,250" step="2"/><U2/><E108/><V96/><F5/><W111/><G111/><T97/><D97/><U101/><E107/><V128/><F128/><W130/><G130/><T51/><D51/><U124/><E106/><V50/><F50/><N who="3" m="31095" /><G18/><T66/><D66/><U39/><E104/><V33/><F67/><W36/><G36/><T120/><D120/><U59/><E39/><V0/><F64/><W7/><G7/><T115/><D115/><U80/><E124/><V110/><F110/><W47/><G49/><T3/><D3/><U77/><E2/><V12/><F0/><W118/><G118/><T17/><D17/><U135/><E135/><V62/><F6/><W94/><G61/><T25/><D25/><U54/><E26/><V53/><F24/><W92/><G63/><T4/><D4/><U70/><E60/><V114/><F114/><W41/><G94/><T42/><D42/><U10/><E70/><V30/><F62/><W43/><G41/><T112/><D112/><U65/><E65/><V90/><F27/><W99/><G43/><T14/><D14/><U95/><E15/><RYUUKYOKU ba="0,1" sc="240,15,250,-15,250,-15,250,15" hai0="32,34,38,40,46,48,52,57,84,85,86,93,98" hai3="44,47,82,88,89,92,99" /><INIT seed="0,1,1,1,3,95" ten="255,235,235,265" oya="0" hai0="111,50,32,84,24,104,125,72,47,17,4,92,34" hai1="98,7,97,101,120,93,56,127,85,124,87,45,100" hai2="10,113,74,106,30,70,23,79,96,29,40,39,11" hai3="103,55,1,44,33,115,5,122,35,105,133,63,121"/><T20/><D104/><N who="1" m="63503" /><E7/><V13/><F113/><W59/><G115/><T82/><D125/><N who="1" m="48203" /><E45/><V41/><F70/><W110/><G110/><T3/><D111/><U108/><E108/><V21/><F39/><W135/><G103/><T75/><D4/><U25/><E120/><N who="3" m="46186" /><G105/><T114/><D114/><U109/><E109/><V57/><F106/><W81/><G81/><T130/><D130/><U31/><E56/><V18/><F13/><W2/><G44/><T99/><D3/><N who="3" m="1033" /><G5/><T65/><D65/><U117/><E117/><V132/><F40/><W6/><G6/><T119/><D119/><U90/><E101/><V0/><F41/><W71/><G71/><T94/><D32/><AGARI ba="1,1" hai="25,31,32,85,87,90,93,98" m="48203,63503" machi="32" ten="30,3900,0" yaku="18,1,52,2" doraHai="95" who="1" fromWho="0" sc="255,-42,235,52,235,0,265,0" /><AGARI ba="1,0" hai="32,33,35,55,59,63,133,135" m="1033,46186" machi="32" ten="40,1300,0" yaku="13,1" doraHai="95" who="3" fromWho="0" sc="213,-13,287,0,235,0,265,13" /><INIT seed="1,0,0,4,1,134" ten="200,287,235,278" oya="1" hai0="117,116,34,40,85,45,75,127,81,54,83,62,91" hai1="6,51,105,96,113,102,23,10,114,120,100,92,2" hai2="118,130,88,135,55,112,22,80,42,19,65,119,25" hai3="46,41,27,86,11,3,82,122,24,94,66,57,79"/><U70/><E120/><V44/><F135/><W101/><G122/><T109/><D109/><U63/><E100/><V37/><F130/><W47/><G3/><T21/><D34/><U97/><E97/><V31/><F112/><W67/><G11/><T43/><D43/><U15/><E105/><V72/><F65/><N who="3" m="24587" /><G57/><T18/><D127/><U68/><E63/><V56/><F31/><W35/><G35/><T26/><D54/><U99/><E99/><V13/><F25/><N who="3" m="9803" /><G41/><T1/><D1/><U32/><E32/><V126/><F126/><W111/><G111/><T103/><D103/><U17/><REACH who="1" step="1"/><E51/><REACH who="1" ten="200,277,235,278" step="2"/><V110/><F110/><W107/><G107/><T28/><D62/><U106/><E106/><V90/><F118/><W29/><G101/><T58/><D116/><U133/><E133/><V77/><F119/><W9/><G29/><T33/><D117/><U48/><E48/><AGARI ba="0,1" hai="13,19,22,37,42,44,48,55,56,72,77,80,88,90" machi="48" ten="30,2000,0" yaku="7,1,54,1" doraHai="134" who="2" fromWho="1" sc="200,0,277,-20,235,30,278,0" /><INIT seed="2,0,0,3,2,85" ten="200,257,265,278" oya="2" hai0="30,2,133,94,14,101,28,89,95,62,43,56,69" hai1="48,127,59,80,4,32,40,120,104,116,126,132,41" hai2="22,102,51,16,100,71,39,5,77,9,58,53,65" hai3="37,135,21,63,88,107,47,10,112,27,109,86,98"/><V131/><F77/><W99/><G109/><T90/><D2/><U81/><E116/><V134/><F39/><W64/><G135/><T129/><D69/><U57/><E104/><V61/><F134/><W103/><G112/><T11/><D43/><N who="1" m="16459" /><E132/><V12/><REACH who="2" step="1"/><F131/><REACH who="2" ten="200,257,255,278" step="2"/><W91/><G37/><T128/><D133/><U6/><E126/><V60/><F60/><W20/><G63/><T42/><D129/><U44/><E127/><V73/><F73/><W19/><G107/><T3/><D128/><U36/><E36/><V26/><AGARI ba="0,1" hai="5,9,12,16,22,26,51,53,58,61,65,71,100,102" machi="26" ten="20,7800,0" yaku="1,1,0,1,7,1,54,1,53,0" doraHai="85" doraHaiUra="108" who="2" fromWho="2" sc="200,-26,257,-26,255,88,278,-26" /><INIT seed="2,1,0,4,5,115" ten="174,231,343,252" oya="2" hai0="18,16,44,50,83,103,32,59,71,86,113,105,31" hai1="124,93,95,37,82,28,132,29,126,135,75,88,52" hai2="1,97,134,128,72,6,102,26,125,116,5,35,47" hai3="15,73,4,45,112,10,42,78,110,62,120,41,40"/><V19/><F72/><W98/><G112/><T11/><D113/><U68/><E68/><V27/><F125/><N who="1" m="48233" /><E37/><V89/><F89/><W69/><G120/><T48/><D71/><U64/><E64/><V24/><F128/><W49/><G110/><T65/><D32/><U101/><E52/><V61/><F134/><N who="1" m="51241" /><E101/><V74/><F61/><W133/><G133/><T3/><D31/><N who="1" m="11851" /><E75/><V119/><F74/><W94/><G73/><T117/><D103/><U54/><E54/><V81/><F102/><N who="3" m="60759" /><G69/><T56/><D105/><U121/><E121/><V96/><F47/><W36/><G36/><T12/><D59/><U76/><E76/><V39/><F39/><W122/><G122/><T53/><D65/><U22/><E22/><V51/><F35/><W104/><G104/><T55/><D117/><U70/><E70/><V118/><F51/><W84/><G62/><T90/><REACH who="0" step="1"/><D3/><REACH who="0" ten="164,231,343,252" step="2"/><U92/><E82/><AGARI ba="1,1" hai="4,10,15,40,41,42,45,49,78,82,84" m="60759" machi="82" ten="30,2000,0" yaku="25,1,8,1" doraHai="115" who="3" fromWho="1" sc="164,0,231,-23,343,0,252,33" /><INIT seed="3,0,0,1,2,112" ten="164,208,343,285" oya="3" hai0="133,110,119,76,72,73,34,135,80,78,66,88,46" hai1="55,26,27,92,20,21,127,75,25,63,61,69,39" hai2="49,14,50,23,104,105,103,89,96,114,54,124,4" hai3="32,131,107,98,43,22,35,12,36,111,37,31,82"/><W1/><G1/><T79/><D34/><U87/><E75/><N who="0" m="28745" /><D66/><U19/><E127/><V16/><F114/><W70/><G70/><T8/><D8/><U130/><E130/><V29/><F124/><W47/><G131/><T83/><D46/><U3/><E39/><V33/><F89/><W30/><G36/><T65/><D65/><U95/><E3/><V85/><F85/><W64/><G64/><T51/><D51/><U28/><E69/><V77/><F77/><N who="0" m="29802" /><D110/><U125/><E125/><V132/><F4/><W122/><G111/><T129/><D129/><U97/><E87/><V60/><F60/><N who="1" m="23113" /><E97/><V108/><F108/><W40/><G32/><T59/><D59/><U113/><E113/><V100/><F54/><W41/><G35/><T134/><N who="0" m="29810" /><T7/><DORA hai="101" /><D7/><U68/><E68/><V81/><F33/><W121/><G40/><T128/><D128/><U13/><E55/><V62/><F62/><W38/><G41/><T99/><D119/><U2/><E2/><V24/><F49/><W45/><G43/><T44/><D44/><U56/><E56/><V94/><F50/><W42/><G45/><T116/><D116/><U11/><E27/><V102/><F24/><W109/><G47/><T52/><D52/><U123/><E123/><V15/><F29/><AGARI ba="0,0" hai="11,13,19,20,21,25,26,28,29,92,95" m="23113" machi="29" ten="30,1000,0" yaku="8,1" doraHai="112,101" who="1" fromWho="2" sc="164,0,208,10,343,-10,285,0" owari="164,-33.6,218,-18.2,333,43.3,285,8.5" /></mjloggm>