<mjloggm ver="2.3"><GO type="225" lobby="0"/><UN n0="%E3%82%82%E3%81%90%E3%82%89" n1="%E5%84%AA%40%41%42%43" n2="%E3%81%A9%E3%82%8F%E3%82%93%E3%81%94" n3="%E3%81%B2%E3%81%AA%E3%81%AE%E3%82%8A%E3%81%8F" dan="17,18,16,17" rate="2236.81,2244.60,2117.28,2154.65" sx="M,M,M,M"/><TAIKYOKU oya="0"/><INIT seed="0,0,0,1,4,83" ten="250,250,250,250" oya="0" hai0="134,21,8,68,122,84,131,47,44,123,51,53,107" hai1="62,93,13,28,54,72,125,90,104,98,23,108,118" hai2="78,85,92,38,70,66,41,7,14,103,135,22,16" hai3="35,87,124,94,4,2,12,56,19,39,99,15,26"/><T42/><D107/><U3/><E118/><V110/><F110/><W132/><G39/><T109/><D68/><U74/><E3/><V0/><F135/><W113/><G113/><T73/><D73/><U20/><E108/><V25/><F70/><W126/><G132/><T18/><D109/><U48/><E125/><V57/><F0/><W61/><G2/><T86/><D134/><U24/><E62/><V36/><F41/><W67/><G4/><T120/><D8/><U50/><E50/><V63/><F103/><W116/><G116/><T52/><D131/><U6/><E104/><V117/><F117/><W31/><G87/><T64/><D64/><U111/><E111/><V100/><F100/><W96/><G96/><T71/><D71/><U10/><REACH who="1" step="1"/><E23/><REACH who="1" ten="250,240,250,250" step="2"/><V49/><F49/><W46/><G126/><T1/><D1/><U75/><E75/><V97/><F38/><W69/><G124/><T11/><D11/><U58/><AGARI ba="0,1" hai="6,10,13,20,24,28,48,54,58,72,74,90,93,98" machi="58" ten="20,2700,0" yaku="1,1,0,1,7,1,53,0" doraHai="83" doraHaiUra="101" who="1" fromWho="1" sc="250,-13,240,37,250,-7,250,-7" /><INIT seed="1,0,0,4,2,104" ten="237,277,243,243" oya="1" hai0="6,112,90,36,69,74,9,19,125,27,5,89,54" hai1="52,17,105,0,39,97,62,10,35,79,8,28,14" hai2="106,118,135,3,121,43,49,1,13,11,122,22,60" hai3="115,111,88,71,134,44,73,131,91,53,78,116,25"/><U109/><E39/><V65/><F106/><W124/><G71/><T37/><D112/><U18/><E79/><V119/><F49/><W85/><G53/><T110/><D69/><U46/><E35/><V42/><F60/><W45/><G25/><T94/><D110/><U32/><E109/><V93/><F93/><W40/><G40/><T67/><D67/><U34/><E28/><V99/><F99/><W29/><G29/><T21/><D125/><U87/><E87/><V107/><F107/><W51/><G51/><T47/><D74/><U50/><E62/><V95/><F95/><W23/><G23/><T24/><D24/><U58/><E58/><V64/><F22/><W92/><G111/><T16/><D19/><U4/><REACH who="1" step="1"/><E18/><REACH who="1" ten="237,267,243,243" step="2"/><V72/><F72/><W101/><G73/><T75/><D37/><U133/><E133/><V30/><F30/><W70/><G78/><T15/><D75/><U12/><E12/><V117/><F117/><W41/><G85/><T84/><D36/><U83/><E83/><V132/><F13/><W100/><G116/><T130/><D130/><U31/><E31/><V48/><F48/><W77/><G131/><T76/><D76/><U63/><E63/><V86/><F86/><W81/><G77/><T98/><D84/><U102/><AGARI ba="0,1" hai="0,4,8,10,14,17,32,34,46,50,52,97,102,105" machi="102" ten="30,11700,0" yaku="1,1,0,1,54,1,53,1" doraHai="104" doraHaiUra="96" who="1" fromWho="1" sc="237,-39,267,127,243,-39,243,-39" /><INIT seed="1,1,0,4,5,116" ten="198,394,204,204" oya="1" hai0="118,112,0,76,32,65,31,2,123,1,119,18,40" hai1="122,114,49,80,87,73,10,41,131,126,17,125,3" hai2="115,95,43,45,113,12,106,27,92,89,108,109,85" hai3="4,60,99,64,110,50,84,21,134,56,35,69,6"/><U101/><E114/><N who="2" m="43531" /><F27/><W5/><G110/><N who="2" m="42601" /><F12/><W19/><G134/><T91/><D112/><U129/><E101/><V100/><F45/><W62/><G35/><T111/><D111/><U86/><E41/><V36/><F43/><W135/><G135/><T70/><D40/><U102/><E102/><V128/><F36/><W58/><G99/><T66/><D76/><N who="1" m="44047" /><E49/><V97/><F128/><N who="1" m="49225" /><E122/><V38/><F38/><W22/><G69/><T68/><D123/><U120/><E120/><V16/><F16/><W103/><G103/><T98/><D18/><U132/><E132/><V30/><F30/><W130/><G130/><T79/><D31/><U39/><E39/><V88/><F89/><W96/><G50/><T7/><D91/><U25/><E25/><V61/><F61/><W75/><G19/><T23/><D70/><U127/><E17/><V71/><F71/><W74/><G64/><T82/><D66/><U8/><E8/><V13/><F13/><W47/><G6/><AGARI ba="1,0" hai="3,6,10,86,87,125,126,127" m="49225,44047" machi="6" ten="40,3900,0" yaku="18,1,19,1" doraHai="116" who="1" fromWho="3" sc="198,0,394,42,204,0,204,-42" /><INIT seed="1,2,0,1,2,90" ten="198,436,204,162" oya="1" hai0="100,34,3,9,7,2,15,109,63,93,17,49,108" hai1="76,131,50,114,16,102,123,31,38,81,99,37,6" hai2="0,104,25,133,120,68,96,53,40,121,43,8,69" hai3="60,13,127,20,130,124,122,73,54,4,33,12,80"/><U88/><E114/><V47/><F53/><W71/><G122/><N who="2" m="47209" /><F40/><W134/><G33/><T46/><D63/><U95/><E123/><V91/><F91/><W82/><G134/><T126/><D34/><U98/><E131/><V66/><F66/><W5/><G130/><T84/><D126/><U97/><E31/><V113/><F25/><W19/><G71/><T18/><D3/><U27/><E6/><N who="2" m="1095" /><F133/><W101/><G101/><T48/><D48/><U89/><E89/><V26/><F26/><W106/><G106/><T29/><D29/><U103/><E50/><V56/><F56/><W10/><G54/><T116/><D116/><U115/><E38/><N who="2" m="22007" /><F113/><W119/><G119/><T14/><D14/><U83/><E37/><V36/><F36/><W22/><G60/><T75/><D17/><U74/><E115/><V35/><F35/><W111/><G19/><T67/><D67/><U58/><E58/><V132/><F132/><W87/><G87/><T129/><D75/><N who="1" m="43167" /><E16/><V30/><F30/><W44/><G44/><T70/><D129/><U105/><E27/><V78/><F96/><N who="1" m="36969" /><E105/><V85/><F104/><W135/><G135/><T61/><D18/><U59/><E59/><V51/><F51/><W79/><G10/><T65/><D15/><U11/><E11/><V28/><F28/><W125/><G125/><T57/><D57/><U23/><E23/><V42/><F42/><W21/><G21/><T45/><D49/><U41/><E41/><V112/><F112/><W1/><G1/><T52/><D46/><U62/><E62/><V128/><F128/><W39/><G39/><RYUUKYOKU ba="2,0" sc="198,-15,436,15,204,15,162,-15" hai1="74,83,88,95,99,102,103" hai2="68,69,78,85" /><INIT seed="1,3,0,5,0,100" ten="183,451,219,147" oya="1" hai0="111,134,106,6,8,76,115,107,62,99,94,17,10" hai1="28,126,130,124,36,34,102,50,9,22,114,25,52" hai2="68,104,33,30,135,80,4,116,43,69,74,13,57" hai3="11,51,131,79,85,84,0,5,53,45,91,75,70"/><U96/><E36/><V66/><F116/><W110/><G110/><T49/><D115/><U95/><E114/><V18/><F4/><W55/><G131/><T60/><D111/><U103/><E130/><V127/><F43/><W2/><G70/><T87/><D134/><U82/><E9/><V71/><F135/><W48/><G75/><T113/><D113/><U63/><E82/><V92/><F127/><N who="1" m="48681" /><E63/><V98/><F104/><W23/><G79/><T77/><D49/><U58/><E102/><V54/><F80/><W19/><G91/><T122/><D122/><U32/><AGARI ba="3,0" hai="22,25,28,32,34,50,52,58,95,96,103" m="48681" machi="32" ten="30,3000,0" yaku="18,1,54,1" doraHai="100" who="1" fromWho="1" sc="183,-13,451,39,219,-13,147,-13" /><INIT seed="1,4,0,0,1,66" ten="170,490,206,134" oya="1" hai0="114,19,23,127,65,85,98,53,97,42,130,55,27" hai1="30,74,91,58,61,92,49,14,35,106,78,112,0" hai2="90,87,119,93,75,2,100,68,13,123,10,15,56" hai3="29,47,110,118,59,102,122,67,25,34,52,125,132"/><U48/><E0/><V43/><F123/><W37/><G122/><T9/><D114/><U17/><E106/><V121/><F121/><W120/><G120/><T80/><D130/><U105/><E105/><V16/><F119/><W84/><G118/><T73/><D127/><U133/><E133/><V107/><F2/><W63/><G125/><T3/><D73/><U82/><E30/><V50/><F68/><W70/><G132/><T116/><D116/><U113/><E35/><V103/><F75/><W24/><G110/><T134/><D134/><U101/><E101/><V108/><F108/><W86/><G102/><T77/><D42/><U51/><E61/><V54/><F107/><W4/><G4/><T115/><D115/><U12/><E12/><V38/><F38/><W128/><G128/><T5/><REACH who="0" step="1"/><D65/><REACH who="0" ten="160,490,206,134" step="2"/><U41/><E41/><V45/><F43/><N who="3" m="23023" /><G25/><T60/><D60/><U7/><E113/><V81/><F81/><W124/><G124/><T117/><D117/><U99/><E112/><V64/><F64/><W6/><G6/><T88/><D88/><U20/><REACH who="1" step="1"/><E7/><REACH who="1" ten="160,480,206,134" step="2"/><N who="2" m="3295" /><F45/><W8/><G8/><AGARI ba="4,2" hai="8,15,16,50,54,56,87,90,93,100,103" m="3295" machi="8" ten="30,2000,0" yaku="8,1,54,1" doraHai="66" who="2" fromWho="3" sc="160,0,480,0,206,52,134,-32" /><INIT seed="2,0,0,1,0,90" ten="160,480,258,102" oya="2" hai0="69,107,41,19,12,87,76,98,96,59,93,114,67" hai1="11,79,21,3,78,123,111,129,71,31,110,132,72" hai2="54,4,89,36,97,117,121,15,5,6,82,52,9" hai3="42,30,113,127,62,77,58,115,40,128,38,33,18"/><V104/><F121/><W28/><G77/><T100/><D114/><U8/><E71/><V26/><F36/><W57/><G33/><T118/><D118/><U34/><E34/><V10/><F117/><W112/><G127/><T74/><D41/><U73/><E132/><V14/><F26/><W17/><G128/><T22/><D69/><U2/><E129/><V119/><F119/><W0/><G0/><T50/><D74/><U95/><E95/><N who="2" m="56559" /><F104/><W125/><G125/><T124/><D124/><U75/><E123/><V64/><F64/><W81/><G81/><T53/><D67/><U44/><E31/><N who="3" m="11818" /><G62/><T60/><D60/><U91/><E75/><V131/><F131/><W37/><G42/><T126/><D126/><U106/><E106/><V25/><F25/><W46/><G46/><T86/><REACH who="0" step="1"/><D76/><REACH who="0" ten="150,480,258,102" step="2"/><U43/><E73/><V134/><F134/><W102/><G40/><T80/><D80/><U133/><E72/><V109/><F82/><W45/><G38/><T39/><D39/><U13/><E133/><V66/><F66/><W70/><G37/><T108/><D108/><U1/><E111/><V27/><F109/><W103/><G70/><T56/><D56/><N who="3" m="21609" /><G45/><T92/><D92/><U68/><E110/><V65/><F65/><W122/><G122/><T135/><D135/><U51/><E68/><V83/><F83/><W101/><AGARI ba="0,1" hai="17,18,101,102,103,112,113,115" m="21609,11818" machi="101" ten="40,5200,0" yaku="28,2,11,1" doraHai="90" who="3" fromWho="3" sc="150,-13,480,-13,258,-26,102,62" /><INIT seed="3,0,0,5,1,102" ten="137,467,232,164" oya="3" hai0="116,112,46,34,91,22,5,23,120,3,81,95,55" hai1="67,104,12,43,129,15,28,132,66,38,128,103,82" hai2="54,58,110,49,105,47,30,88,69,77,85,68,40" hai3="0,7,72,65,73,115,16,94,21,130,117,63,113"/><W8/><G117/><T125/><D120/><U26/><E132/><V11/><F110/><W134/><G134/><T90/><D116/><U80/><E104/><V32/><F105/><W27/><G130/><N who="1" m="50282" /><E103/><V100/><F100/><W126/><G126/><T56/><D34/><U57/><E43/><V60/><F77/><W70/><REACH who="3" step="1"/><G94/><REACH who="3" ten="137,467,232,154" step="2"/><T36/><D125/><U48/><E82/><V37/><F69/><W121/><G121/><T89/><D112/><AGARI ba="0,1" hai="0,7,8,16,21,27,63,65,70,72,73,112,113,115" machi="112" ten="40,7700,0" yaku="1,1,54,1,53,1" doraHai="102" doraHaiUra="19" who="3" fromWho="0" sc="137,-77,467,0,232,0,154,87" /><INIT seed="3,1,0,3,2,122" ten="60,467,232,241" oya="3" hai0="95,50,128,102,45,86,55,28,23,59,120,21,17" hai1="22,83,118,38,36,64,81,33,60,124,43,56,72" hai2="96,90,69,88,131,20,107,82,97,108,85,63,57" hai3="26,10,25,87,106,105,7,110,74,125,89,34,134"/><W75/><G134/><T9/><D128/><U62/><E33/><V84/><F108/><W104/><G125/><T70/><D70/><U37/><E124/><V91/><F131/><W93/><G110/><T18/><D120/><U13/><E118/><V48/><F69/><W39/><G39/><T58/><D28/><U126/><E126/><V92/><F107/><W2/><REACH who="3" step="1"/><G34/><REACH who="3" ten="60,467,232,231" step="2"/><T101/><D9/><U121/><E38/><V40/><F97/><W133/><G133/><T77/><D59/><U112/><E56/><V98/><F96/><W8/><G8/><T19/><D45/><U16/><E37/><V27/><F98/><W111/><G111/><T51/><D51/><U119/><E36/><V80/><F48/><W73/><AGARI ba="1,1" hai="2,7,10,25,26,73,74,75,87,89,93,104,105,106" machi="73" ten="40,3900,0" yaku="1,1,0,1,53,0" doraHai="122" doraHaiUra="42" who="3" fromWho="3" sc="60,-14,467,-14,232,-14,231,52" /><INIT seed="3,2,0,1,3,86" ten="46,453,218,283" oya="3" hai0="49,26,55,18,95,77,37,5,73,34,12,53,17" hai1="106,39,113,48,1,105,75,133,110,72,111,99,101" hai2="78,102,91,6,43,117,116,94,125,100,92,70,67" hai3="0,59,29,76,4,46,38,123,68,120,64,128,109"/><W23/><G68/><T14/><D37/><U9/><E113/><V61/><F43/><W8/><G128/><T90/><D73/><N who="1" m="28235" /><E48/><V89/><F6/><W97/><G76/><T51/><D34/><U132/><E39/><V22/><F22/><W13/><G59/><T50/><D77/><U31/><E31/><V33/><F33/><W66/><G46/><T74/><D74/><U60/><E60/><V63/><F78/><W84/><G38/><T104/><D104/><N who="1" m="63551" /><E9/><V134/><F70/><W82/><G109/><N who="1" m="41482" /><E1/><V30/><F30/><W122/><G4/><T114/><D5/><U130/><E130/><V19/><F19/><W103/><G23/><T124/><D124/><U69/><E69/><V65/><F125/><W79/><G29/><T15/><D114/><U10/><E10/><V108/><F108/><W25/><G25/><T45/><D26/><U24/><E24/><V112/><F112/><W36/><G36/><T81/><D81/><U107/><AGARI ba="2,0" hai="105,106,107,132,133" m="41482,63551,28235" machi="107" ten="40,8000,1" yaku="14,1,23,1,34,2" doraHai="86" who="1" fromWho="1" sc="46,-22,453,86,218,-22,283,-42" owari="24,-47.6,539,63.9,196,-20.4,241,4.1" /></mjloggm>