<mjloggm ver="2.3"><GO type="225" lobby="0"/><UN n0="%E6%B5%81%E3%82%8C%EF%BC%9F%53%4F%41" n1="%45%6C%79%73%69%75%6D" n2="%72%69%6F%75%63%68%61%6E" n3="%E6%80%AA%E3%81%97%E3%81%99%E3%81%8E%E3%82%8B%E3%83%81%E3%83%BC" dan="16,17,17,16" rate="2110.37,2149.47,2259.77,2185.88" sx="M,F,M,M"/><TAIKYOKU oya="0"/><INIT seed="0,0,0,2,0,91" ten="250,250,250,250" oya="0" hai0="35,74,27,36,98,86,114,118,84,54,34,3,122" hai1="75,9,60,0,48,109,2,16,20,44,12,46,30" hai2="43,19,29,85,106,53,78,82,119,93,6,14,90" hai3="94,88,72,102,76,129,83,51,133,116,97,87,23"/><T62/><D74/><U24/><E75/><V17/><F119/><W37/><G116/><T130/><D118/><U64/><E109/><V52/><F106/><W40/><G133/><T81/><D3/><U123/><E123/><V67/><F67/><W45/><G129/><T61/><D36/><U71/><REACH who="1" step="1"/><E46/><REACH who="1" ten="250,240,250,250" step="2"/><V131/><F131/><W21/><REACH who="3" step="1"/><G37/><REACH who="3" ten="250,240,250,240" step="2"/><T18/><D130/><U13/><E13/><V39/><F39/><W57/><G57/><T110/><D122/><U5/><E5/><V100/><F6/><W115/><G115/><T25/><D114/><U104/><E104/><AGARI ba="0,2" hai="21,23,40,45,51,72,76,83,87,88,94,97,102,104" machi="104" ten="30,12000,2" yaku="1,1,7,1,24,2,52,1,54,1,53,0" doraHai="91" doraHaiUra="125" who="3" fromWho="1" sc="250,0,240,-120,250,0,240,140" /><INIT seed="1,0,0,0,4,4" ten="250,120,250,380" oya="1" hai0="90,21,52,55,93,79,121,36,16,129,105,30,72" hai1="122,37,81,63,27,50,94,58,74,88,41,106,98" hai2="14,67,2,46,13,135,77,82,57,38,86,42,128" hai3="114,71,113,70,5,44,107,60,0,117,26,3,85"/><U8/><E122/><V25/><F2/><W83/><G107/><T53/><D105/><U62/><E37/><V17/><F128/><W118/><G44/><T51/><D36/><U125/><E125/><V28/><F135/><W29/><G5/><T92/><D129/><U39/><E39/><V99/><F99/><W6/><G6/><T19/><D72/><U20/><E106/><V91/><F77/><N who="3" m="46319" /><G60/><T116/><D79/><U78/><E8/><V48/><F17/><N who="0" m="6730" /><D116/><N who="3" m="44649" /><G70/><T120/><D120/><U80/><E80/><V66/><F38/><W95/><G95/><N who="0" m="36427" /><D90/><U54/><REACH who="1" step="1"/><E41/><REACH who="1" ten="250,110,250,380" step="2"/><V49/><F42/><W127/><G127/><T35/><D121/><U109/><E109/><V10/><F10/><W133/><G133/><T108/><D108/><U61/><E61/><V97/><F82/><W89/><G114/><T47/><D35/><U112/><E112/><V68/><F49/><W130/><G113/><T12/><D12/><U119/><E119/><V22/><F13/><W9/><G130/><T1/><D1/><U59/><E59/><V73/><F14/><W110/><G110/><T32/><D32/><U96/><E96/><V101/><F57/><W75/><G3/><T69/><D69/><U131/><E131/><V100/><F68/><W11/><G71/><T64/><D21/><U115/><E115/><V34/><F22/><N who="3" m="15575" /><G0/><T102/><D51/><U76/><E76/><V33/><F34/><W7/><G11/><T103/><D47/><U31/><AGARI ba="0,1" hai="20,27,31,50,54,58,62,63,74,78,81,88,94,98" machi="31" ten="20,7800,0" yaku="1,1,0,1,7,1,54,1,53,0" doraHai="4" doraHaiUra="40" who="1" fromWho="1" sc="250,-26,110,88,250,-26,380,-26" /><INIT seed="1,1,0,3,5,118" ten="224,198,224,354" oya="1" hai0="0,114,126,85,21,100,80,83,14,122,54,78,33" hai1="125,49,3,41,8,56,30,60,111,91,64,117,15" hai2="53,103,40,2,59,106,44,55,131,97,35,62,24" hai3="23,7,47,45,42,94,96,135,73,82,27,70,88"/><U110/><E117/><V69/><F2/><W34/><G70/><T10/><D114/><U9/><E125/><V102/><F131/><W52/><G135/><T92/><D126/><U12/><E3/><V36/><F103/><W26/><G34/><T58/><D33/><U104/><E104/><V112/><F112/><W66/><G66/><T31/><D83/><U134/><E134/><V107/><F106/><W90/><G7/><T75/><D0/><U127/><E127/><V129/><F129/><W32/><G32/><T29/><D21/><U124/><E124/><V18/><F18/><W123/><G73/><T74/><D74/><U46/><E30/><N who="2" m="19911" /><F59/><W5/><G123/><T37/><D37/><U95/><E12/><V77/><F77/><W38/><G5/><T81/><D81/><U22/><E22/><V19/><F19/><W121/><G121/><T43/><D43/><U68/><E56/><V72/><F72/><W11/><G11/><T13/><D13/><U4/><REACH who="1" step="1"/><E8/><REACH who="1" ten="224,188,224,354" step="2"/><V133/><F133/><W57/><G23/><T84/><D122/><U99/><AGARI ba="1,1" hai="4,9,15,41,46,49,60,64,68,91,95,99,110,111" machi="99" ten="30,6000,0" yaku="1,1,2,1,0,1,53,0" doraHai="118" doraHaiUra="51" who="1" fromWho="1" sc="224,-21,188,73,224,-21,354,-21" /><INIT seed="1,2,0,2,0,95" ten="203,261,203,333" oya="1" hai0="71,131,113,82,67,6,115,61,35,56,38,70,58" hai1="53,65,126,14,76,130,62,17,12,133,23,114,112" hai2="125,52,134,7,9,50,1,127,88,27,24,45,94" hai3="110,81,93,103,118,0,21,26,55,105,19,75,2"/><U80/><E130/><V84/><REACH who="2" step="1"/><F134/><REACH who="2" ten="203,261,193,333" step="2"/><W107/><G118/><T69/><D35/><U108/><E133/><V102/><F102/><W104/><G103/><T59/><D6/><U41/><E114/><N who="0" m="43529" /><D82/><U34/><E112/><V57/><F57/><N who="0" m="22122" /><D38/><U28/><E80/><V74/><F74/><W79/><G75/><T44/><D44/><U121/><E34/><V83/><F83/><W15/><G81/><T39/><D39/><U129/><E121/><V73/><F73/><W120/><G120/><T77/><D77/><U135/><E76/><V16/><F16/><W119/><G19/><T78/><D78/><U60/><E17/><V117/><F117/><W37/><G79/><T106/><D106/><U20/><E135/><V47/><F47/><W98/><G119/><T72/><D72/><U42/><E129/><AGARI ba="2,1" hai="59,61,67,69,70,71,129,131" m="22122,43529" machi="129" ten="40,2600,0" yaku="34,2" doraHai="95" who="0" fromWho="1" sc="203,42,261,-32,193,0,333,0" /><INIT seed="2,0,0,2,3,55" ten="245,229,193,333" oya="2" hai0="34,89,18,26,77,51,56,118,123,100,24,2,92" hai1="94,41,66,37,104,63,0,112,38,129,45,79,20" hai2="71,11,33,46,83,130,116,67,126,6,75,95,48" hai3="54,9,73,74,4,103,65,42,40,72,135,127,3"/><V110/><F116/><W25/><G127/><T133/><D123/><U122/><E104/><V76/><F126/><W132/><G65/><T131/><D2/><U10/><E112/><V121/><F121/><W120/><G120/><T107/><D133/><N who="3" m="51273" /><G103/><T93/><D77/><U19/><E122/><V60/><F130/><W87/><G54/><T119/><D131/><U98/><E129/><V111/><F33/><W14/><G87/><T35/><D100/><U124/><E79/><V43/><REACH who="2" step="1"/><F95/><REACH who="2" ten="245,229,183,333" step="2"/><W32/><G32/><T128/><D128/><U5/><E124/><V15/><AGARI ba="0,1" hai="6,11,15,43,46,48,60,67,71,75,76,83,110,111" machi="15" ten="30,11700,0" yaku="1,1,2,1,0,1,53,1" doraHai="55" doraHaiUra="7" who="2" fromWho="2" sc="245,-39,229,-39,183,127,333,-39" /><INIT seed="2,1,0,1,1,134" ten="206,190,310,294" oya="2" hai0="69,39,36,133,115,126,86,122,123,132,98,22,43" hai1="112,109,58,28,45,5,125,77,119,101,129,19,18" hai2="63,61,31,48,89,59,52,99,7,107,84,90,82" hai3="95,32,34,53,54,135,83,85,67,96,106,97,79"/><V56/><F7/><W94/><G135/><N who="0" m="51787" /><D22/><U8/><E112/><V13/><F31/><W108/><G108/><T3/><D3/><U93/><E119/><V10/><F59/><W20/><G67/><T44/><D98/><U65/><E109/><V4/><REACH who="2" step="1"/><F89/><REACH who="2" ten="206,190,300,294" step="2"/><W33/><G34/><T73/><D115/><U23/><E28/><V24/><F24/><W118/><G33/><T12/><D122/><U111/><E5/><V2/><F2/><W127/><G32/><T25/><D25/><U9/><E19/><V113/><F113/><W120/><G118/><T62/><D12/><U128/><E18/><V88/><F88/><W70/><G120/><T30/><D30/><U21/><E58/><V46/><F46/><W26/><G26/><T80/><D123/><U16/><E45/><V87/><F87/><W114/><G85/><T91/><D73/><U72/><E72/><V117/><F117/><W57/><G57/><T74/><D74/><U100/><E16/><V55/><F55/><W121/><G54/><T71/><D71/><U27/><E27/><V124/><F124/><W60/><G127/><T103/><D126/><U40/><E125/><V110/><F110/><W49/><G114/><T51/><D103/><AGARI ba="1,1" hai="4,10,13,48,52,56,61,63,82,84,90,99,103,107" machi="103" ten="40,3900,0" yaku="1,1,54,1,53,0" doraHai="134" doraHaiUra="75" who="2" fromWho="0" sc="206,-42,190,0,300,52,294,0" /><INIT seed="2,2,0,3,5,49" ten="164,190,352,294" oya="2" hai0="109,73,16,15,8,130,116,113,35,88,92,20,91" hai1="131,65,44,87,81,33,78,103,0,72,48,14,38" hai2="112,123,79,125,46,11,70,34,80,5,75,102,90" hai3="99,119,121,96,60,45,129,22,31,53,18,55,106"/><V117/><F112/><W114/><G114/><T122/><D122/><U28/><E131/><V94/><F125/><W25/><G106/><T40/><D113/><U4/><E65/><V110/><F117/><W64/><G119/><T7/><D116/><U86/><E103/><V58/><F123/><W56/><G129/><T42/><D130/><U54/><E38/><V50/><F70/><W51/><G121/><T43/><D73/><U68/><E68/><V98/><F34/><W108/><G108/><T84/><D109/><U128/><E128/><V71/><F71/><W12/><REACH who="3" step="1"/><G64/><REACH who="3" ten="164,190,352,284" step="2"/><T67/><D67/><U9/><REACH who="1" step="1"/><E0/><REACH who="1" ten="164,180,352,284" step="2"/><V63/><F110/><W127/><G127/><T82/><D35/><AGARI ba="2,2" hai="12,18,22,25,31,35,45,51,53,55,56,60,96,99" machi="35" ten="30,7700,0" yaku="1,1,7,1,52,2,53,0" doraHai="49" doraHaiUra="118" who="3" fromWho="0" sc="164,-83,180,0,352,0,284,103" /><INIT seed="3,0,0,4,4,123" ten="81,180,352,387" oya="3" hai0="54,15,57,101,85,87,23,20,26,112,124,2,44" hai1="39,105,0,91,130,75,77,18,32,5,49,114,84" hai2="104,70,1,30,110,29,88,119,7,55,94,133,111" hai3="61,63,127,45,42,126,80,72,92,51,76,90,95"/><W13/><G13/><T28/><D2/><U97/><E39/><V50/><F133/><W37/><G51/><T89/><D124/><N who="3" m="47657" /><G95/><T34/><D112/><U25/><E5/><V73/><F119/><W135/><G135/><T35/><D101/><U108/><E0/><V67/><F104/><W43/><G43/><T8/><D85/><AGARI ba="0,0" hai="37,42,45,61,63,72,76,80,85,90,92" m="47657" machi="85" ten="30,1500,0" yaku="18,1" doraHai="123" who="3" fromWho="0" sc="81,-15,180,0,352,0,387,15" owari="66,-43.4,180,-22.0,352,15.2,402,50.2" /></mjloggm>