<mjloggm ver="2.3"><GO type="225" lobby="0"/><UN n0="%E5%B0%8F%37%34" n1="%E3%82%A2%E3%82%A4%E3%82%B9%E3%83%86%E3%82%A3%E3%83%BC%E3%81%82%E3%81%B9" n2="%6D%75%75%6D%75%72%61" n3="%E6%B8%A9%E2%98%85%E6%83%85%E2%98%85%E6%8E%AA%E2%98%85%E7%BD%AE" dan="16,16,16,17" rate="2114.68,2134.54,2095.78,2268.27" sx="M,M,F,M"/><TAIKYOKU oya="0"/><INIT seed="0,0,0,5,0,42" ten="250,250,250,250" oya="0" hai0="77,37,134,135,94,90,8,48,129,45,33,98,75" hai1="78,12,121,58,26,29,104,7,133,35,106,74,28" hai2="115,54,40,15,18,31,6,16,41,113,52,111,47" hai3="62,49,60,67,25,117,10,23,125,131,53,97,19"/><T68/><D33/><U34/><E121/><V4/><F111/><W1/><G117/><T93/><D68/><U46/><E58/><V83/><F31/><W123/><G123/><T44/><D129/><U32/><E133/><N who="0" m="50697" /><D37/><U70/><E70/><V39/><F83/><W76/><G131/><T66/><D48/><U85/><E85/><V73/><F73/><W64/><G125/><T91/><D66/><U84/><E84/><V27/><F27/><W13/><G1/><T11/><D75/><U50/><E78/><V103/><F103/><W24/><G76/><T65/><D65/><N who="3" m="25161" /><G97/><N who="0" m="57527" /><D77/><U102/><E74/><V109/><F109/><W72/><G72/><T124/><D124/><U87/><E87/><V132/><F132/><W61/><G23/><T20/><D20/><U96/><E106/><V100/><F100/><W110/><G110/><T59/><D59/><AGARI ba="0,0" hai="10,13,19,24,25,49,53,59,60,61,62" m="25161" machi="59" ten="30,1000,0" yaku="8,1" doraHai="42" who="3" fromWho="0" sc="250,-10,250,0,250,0,250,10" /><INIT seed="1,0,0,5,0,26" ten="240,250,250,260" oya="1" hai0="105,50,113,114,103,104,46,90,117,115,9,129,93" hai1="38,2,23,80,39,69,62,43,49,54,44,91,36" hai2="40,55,128,21,7,5,41,102,51,100,15,75,28" hai3="73,109,0,118,48,106,94,22,1,19,6,31,116"/><U35/><E35/><V67/><F75/><W72/><G106/><T52/><D117/><N who="3" m="45161" /><G109/><T66/><D129/><U74/><E2/><N who="3" m="1130" /><G6/><N who="2" m="2057" /><F67/><W58/><G94/><T110/><D110/><U53/><E23/><V79/><F79/><W84/><G84/><T20/><D9/><U133/><E133/><V61/><F61/><W37/><G37/><T71/><D103/><N who="2" m="39466" /><F128/><W30/><G58/><T124/><D124/><U85/><REACH who="1" step="1"/><E74/><REACH who="1" ten="240,240,250,260" step="2"/><N who="3" m="28778" /><G48/><T89/><D50/><U12/><E12/><AGARI ba="0,1" hai="12,19,22,30,31" m="28778,1130,45161" machi="12" ten="40,5200,0" yaku="12,1,52,2" doraHai="26" who="3" fromWho="1" sc="240,0,240,-52,250,0,260,62" /><INIT seed="2,0,0,3,1,52" ten="240,188,250,322" oya="2" hai0="85,90,50,26,135,41,16,74,126,68,99,124,56" hai1="57,105,70,116,21,86,6,94,4,27,76,23,28" hai2="11,32,111,132,108,120,22,55,3,109,113,14,8" hai3="12,121,95,40,65,24,48,20,9,69,78,125,59"/><V83/><F83/><W75/><G121/><T64/><D74/><U1/><E105/><V127/><F120/><W47/><G125/><N who="0" m="48235" /><D135/><U117/><E70/><V42/><F127/><W15/><G69/><T33/><D68/><U73/><E73/><V131/><F42/><W25/><G78/><T130/><D130/><U5/><E1/><V82/><F82/><W119/><G75/><T43/><D99/><U89/><E76/><V79/><F79/><W106/><G106/><T101/><D101/><U39/><E39/><V102/><F113/><W46/><G46/><T88/><D33/><U36/><E36/><V44/><F32/><W77/><G77/><T123/><D123/><U110/><E110/><V0/><F131/><W60/><G119/><T49/><D90/><U114/><E114/><V61/><F102/><W133/><G133/><T80/><D50/><U122/><E122/><V71/><F132/><W30/><G9/><N who="2" m="3657" /><F71/><W93/><G25/><T13/><D26/><U97/><E23/><V31/><F14/><AGARI ba="0,0" hai="12,14,15,20,24,30,40,47,48,59,60,65,93,95" machi="14" ten="40,2600,0" yaku="8,1,52,1" doraHai="52" who="3" fromWho="2" sc="240,0,188,0,250,-26,322,26" /><INIT seed="3,0,0,4,1,45" ten="240,188,224,348" oya="3" hai0="79,28,43,115,7,16,51,24,52,110,56,19,109" hai1="117,98,118,108,25,49,84,50,11,122,107,71,38" hai2="1,61,106,77,26,41,88,129,130,121,66,112,90" hai3="8,3,9,69,18,34,102,103,13,63,100,68,14"/><W32/><G3/><T81/><D115/><U116/><E122/><V134/><F112/><W75/><G75/><N who="0" m="43263" /><D43/><U6/><E108/><N who="0" m="41577" /><D7/><U94/><E38/><V42/><F121/><W20/><G20/><AGARI ba="0,0" hai="16,19,20,24,28,51,52,56" m="41577,43263" machi="20" ten="30,7700,0" yaku="14,1,52,1,54,2" doraHai="45" who="0" fromWho="3" sc="240,77,188,0,224,0,348,-77" owari="317,41.7,188,-31.2,224,-17.6,271,7.1" /></mjloggm>