<mjloggm ver="2.3"><GO type="225" lobby="0"/><UN n0="%6D%61%74%69%67%75%73%61" n1="%E3%81%B5%E3%81%98%E3%81%8B%E3%81%A4" n2="%E6%B8%A9%E2%98%85%E6%83%85%E2%98%85%E6%8E%AA%E2%98%85%E7%BD%AE" n3="%48%61%61%61%6C%61%6E%64" dan="17,16,17,18" rate="2193.76,2212.10,2226.44,2283.62" sx="M,M,M,M"/><TAIKYOKU oya="0"/><INIT seed="0,0,0,4,5,21" ten="250,250,250,250" oya="0" hai0="44,90,50,61,30,108,55,53,105,26,114,120,91" hai1="83,14,128,113,19,106,81,65,123,11,35,38,9" hai2="0,33,121,20,71,78,34,77,97,122,93,72,99" hai3="47,45,94,42,129,70,124,54,37,12,96,39,49"/><T75/><D114/><U107/><E123/><V43/><F0/><W59/><G70/><T85/><D120/><U111/><E113/><V64/><F71/><W116/><G116/><T95/><D75/><U10/><E35/><V16/><F64/><W69/><G69/><T67/><D105/><U6/><E38/><V76/><F72/><W22/><G124/><T62/><D108/><U115/><E115/><V68/><F68/><W119/><G129/><T25/><D67/><U23/><E111/><V51/><F122/><W7/><G119/><T27/><D30/><U117/><E117/><V28/><F28/><W52/><G37/><T110/><D110/><U102/><E128/><V125/><F121/><W131/><G131/><T101/><D101/><U32/><E32/><V87/><F87/><W132/><G132/><T56/><D91/><U89/><E107/><V130/><F130/><W57/><G54/><T73/><D73/><U46/><E65/><V74/><F74/><W127/><G127/><T88/><D90/><U48/><E6/><V63/><F63/><AGARI ba="0,0" hai="25,26,27,44,50,53,55,56,61,62,63,85,88,95" machi="63" ten="40,12000,1" yaku="8,1,52,3,54,1" doraHai="21" who="0" fromWho="2" sc="250,120,250,0,250,-120,250,0" /><INIT seed="0,1,0,1,0,102" ten="370,250,130,250" oya="0" hai0="45,86,18,20,107,26,117,119,127,10,85,43,99" hai1="125,48,104,4,114,6,105,71,106,25,113,47,75" hai2="66,60,133,69,96,7,22,56,57,120,91,31,65" hai3="84,72,123,126,124,97,109,121,13,63,8,21,68"/><T88/><D127/><N who="3" m="48681" /><G72/><T80/><D10/><U49/><E125/><V38/><F120/><N who="3" m="46155" /><G109/><T116/><D85/><U54/><E75/><V37/><F133/><W108/><G108/><T36/><REACH who="0" step="1"/><D99/><REACH who="0" ten="360,250,130,250" step="2"/><U9/><E9/><V51/><F96/><W87/><G97/><T89/><D89/><U58/><E71/><V59/><F91/><W11/><G11/><T94/><D94/><U15/><E25/><V76/><F69/><W95/><G95/><T103/><D103/><U64/><E15/><V131/><F76/><W41/><G84/><T62/><D62/><N who="1" m="37975" /><E49/><V24/><F51/><W29/><G68/><T70/><D70/><U17/><E17/><V53/><F60/><W122/><G63/><T128/><D128/><U118/><E118/><V93/><F131/><W90/><G122/><T129/><D129/><U12/><E12/><V16/><F38/><W3/><G13/><T79/><D79/><U98/><E98/><V35/><F37/><W81/><G8/><T82/><D82/><U74/><E74/><V44/><F93/><W115/><G81/><T77/><D77/><U39/><E39/><V110/><F110/><W30/><G87/><T83/><D83/><U67/><E67/><V34/><F66/><W32/><G3/><T101/><D101/><U132/><E132/><V42/><F65/><W52/><G90/><T111/><D111/><U130/><E130/><V112/><F16/><W0/><G0/><T2/><D2/><U134/><E134/><V1/><F1/><W14/><G14/><T50/><D50/><U78/><E78/><V135/><F135/><RYUUKYOKU ba="1,1" sc="360,15,250,15,130,-15,250,-15" hai0="18,20,26,36,43,45,80,86,88,107,116,117,119" hai1="4,6,47,48,54,104,105,106,113,114" /><INIT seed="0,2,1,5,0,40" ten="375,265,115,235" oya="0" hai0="57,37,122,132,11,89,83,108,69,33,20,77,76" hai1="12,94,21,119,125,93,63,117,6,27,60,86,100" hai2="19,16,90,17,31,111,52,49,10,105,71,73,47" hai3="7,99,95,34,81,74,48,58,66,92,114,113,59"/><T67/><D122/><U131/><E125/><V84/><F73/><W75/><G34/><T65/><D33/><U134/><E131/><V135/><F111/><W5/><G48/><T42/><D69/><U102/><E134/><V123/><F123/><W18/><G99/><T25/><D132/><U54/><E6/><V88/><F135/><W15/><G15/><T45/><D108/><U79/><E12/><N who="2" m="7191" /><F105/><W68/><G18/><N who="2" m="6665" /><F71/><W29/><G68/><T56/><D11/><U0/><E0/><V103/><F103/><W1/><G1/><T32/><D32/><U43/><E102/><V41/><F31/><W24/><G5/><T4/><D4/><U22/><E100/><V51/><F84/><W64/><G7/><T28/><D28/><U35/><E86/><V104/><F104/><W44/><G29/><T13/><D37/><U110/><E35/><V87/><F87/><W3/><G3/><T38/><D38/><U62/><E110/><V121/><F121/><W106/><G106/><T97/><D97/><U8/><E27/><V70/><F70/><W36/><G36/><T127/><D25/><U133/><E133/><V53/><F41/><W39/><G24/><T46/><D42/><U129/><E43/><V50/><F51/><W9/><G39/><T23/><D127/><U72/><E72/><V118/><F118/><W80/><G9/><T55/><D13/><U116/><E119/><V96/><F96/><W107/><G107/><T128/><D128/><U85/><E117/><V2/><F2/><W120/><G120/><T82/><D89/><U91/><E116/><RYUUKYOKU ba="2,1" sc="375,10,265,-30,115,10,235,10" hai0="20,23,45,46,55,56,57,65,67,76,77,82,83" hai2="47,49,50,52,53,88,90" hai3="44,58,59,64,66,74,75,80,81,92,95,113,114" /><INIT seed="0,3,1,4,2,126" ten="385,235,125,245" oya="0" hai0="110,96,2,5,60,62,11,95,90,76,59,132,52" hai1="70,81,117,112,135,19,58,116,10,48,131,35,49" hai2="26,129,51,82,106,34,14,23,28,16,27,133,29" hai3="55,83,9,104,111,18,32,36,50,74,33,125,25"/><T85/><D132/><U97/><E70/><V43/><F133/><W87/><G36/><T15/><D110/><U4/><E35/><V92/><F106/><W134/><G134/><T72/><D72/><U124/><E135/><V94/><F129/><W31/><G104/><T38/><D38/><U12/><E131/><V115/><F115/><W80/><G111/><T68/><D2/><U61/><E112/><V13/><F82/><W75/><G32/><T108/><D108/><U127/><E124/><V102/><F102/><W6/><G18/><T128/><D128/><U73/><E73/><V119/><F119/><W89/><G83/><N who="0" m="47335" /><D68/><U120/><E127/><V84/><F84/><W107/><G107/><T3/><D3/><U8/><E120/><V17/><F43/><W123/><G123/><T53/><D62/><U24/><E81/><V93/><F51/><W114/><G114/><T47/><D47/><U42/><E117/><V46/><F46/><W1/><REACH who="3" step="1"/><G125/><REACH who="3" ten="385,235,125,235" step="2"/><T0/><D0/><U79/><E116/><V121/><REACH who="2" step="1"/><F121/><REACH who="2" ten="385,235,115,235" step="2"/><W100/><G100/><T54/><AGARI ba="3,3" hai="5,11,15,52,53,54,59,60,90,95,96" m="47335" machi="54" ten="30,3000,0" yaku="8,1,54,1" doraHai="126" who="0" fromWho="0" sc="385,69,235,-13,115,-13,235,-13" /><INIT seed="0,4,0,5,4,0" ten="454,222,102,222" oya="0" hai0="81,100,70,26,112,104,34,22,109,113,13,15,36" hai1="122,30,125,56,33,7,43,46,119,29,48,23,41" hai2="90,58,111,115,102,25,20,63,61,54,77,120,3" hai3="10,14,83,133,64,103,45,42,18,89,4,9,124"/><T16/><D36/><U91/><E119/><V27/><F115/><N who="0" m="44106" /><D100/><U88/><E122/><V128/><F120/><W69/><G124/><T93/><D93/><U11/><E33/><V110/><F128/><W105/><G133/><T12/><D81/><U114/><E114/><V101/><F3/><W49/><G69/><T66/><D66/><U73/><E73/><V76/><F20/><W8/><G64/><T52/><D52/><N who="1" m="31751" /><E125/><V59/><REACH who="2" step="1"/><F54/><REACH who="2" ten="454,222,92,222" step="2"/><W86/><G105/><T24/><D104/><U97/><E23/><V98/><F98/><W129/><G129/><T127/><D127/><U39/><E97/><V60/><F60/><W55/><G103/><T57/><D57/><U38/><E43/><V2/><F2/><W50/><G18/><T65/><D65/><U107/><E107/><V94/><F94/><W117/><G117/><T95/><D95/><U85/><E41/><V79/><F79/><W6/><G6/><T116/><D116/><U51/><E7/><V131/><F131/><W40/><G40/><T78/><D78/><U82/><E91/><AGARI ba="4,1" hai="25,27,58,59,61,63,76,77,90,91,101,102,110,111" machi="91" ten="25,3200,0" yaku="1,1,22,2,53,0" doraHai="0" doraHaiUra="68" who="2" fromWho="1" sc="454,0,222,-44,92,54,222,0" /><INIT seed="1,0,0,4,5,6" ten="454,178,146,222" oya="1" hai0="9,74,119,80,130,87,13,107,102,97,24,100,89" hai1="47,68,66,82,61,30,40,16,22,103,25,78,109" hai2="39,36,65,0,10,34,127,106,122,50,117,110,60" hai3="23,20,8,63,76,17,41,75,57,33,67,90,133"/><U132/><E132/><V121/><F50/><W31/><G133/><T135/><D135/><U1/><E103/><V116/><F106/><W62/><G41/><T55/><D119/><N who="2" m="45642" /><F34/><W69/><G90/><T2/><D2/><U21/><E1/><V11/><F11/><W14/><G33/><T46/><D130/><U123/><E123/><N who="2" m="47115" /><F127/><W48/><G48/><N who="0" m="29079" /><D74/><U129/><E129/><V59/><F10/><W72/><G76/><T42/><D107/><U118/><E118/><V43/><F0/><W99/><G99/><T86/><D42/><U115/><E22/><V81/><F81/><W92/><G92/><N who="0" m="56463" /><D24/><U111/><E30/><V73/><F73/><W84/><G75/><T131/><D87/><N who="1" m="48599" /><E40/><V108/><F43/><W126/><G72/><T18/><D131/><U45/><E47/><V79/><F79/><AGARI ba="0,0" hai="9,13,18,79,80,86,100,102" m="56463,29079" machi="79" ten="30,2000,0" yaku="8,1,52,1" doraHai="6" who="0" fromWho="2" sc="454,20,178,0,146,-20,222,0" /><INIT seed="2,0,0,3,4,37" ten="474,178,126,222" oya="2" hai0="119,130,27,61,80,5,121,113,35,48,110,75,78" hai1="123,112,51,131,125,10,0,38,1,24,23,13,91" hai2="11,40,96,44,31,117,114,22,56,99,98,9,102" hai3="129,108,85,33,87,128,88,47,83,8,115,107,86"/><V60/><F114/><W54/><G108/><T6/><D121/><U118/><E38/><V26/><F117/><W93/><G107/><T45/><D130/><N who="3" m="50281" /><G33/><T49/><D113/><U30/><E118/><V72/><F72/><W70/><G70/><T58/><D49/><U34/><E112/><V21/><F21/><W134/><G134/><T17/><D110/><U55/><E123/><V29/><F29/><W95/><G115/><T74/><D74/><U71/><E71/><V28/><F28/><W100/><G8/><T39/><D39/><U111/><E111/><V65/><REACH who="2" step="1"/><F102/><REACH who="2" ten="474,178,116,222" step="2"/><W79/><G100/><T25/><D75/><U52/><E131/><V14/><F14/><W122/><G122/><T120/><D120/><U18/><E125/><V103/><F103/><W104/><G104/><T84/><D119/><U15/><E0/><V76/><F76/><W16/><G79/><T97/><D78/><U19/><E1/><V94/><F94/><W82/><G95/><T105/><D105/><U89/><REACH who="1" step="1"/><E55/><REACH who="1" ten="474,168,116,222" step="2"/><V106/><F106/><W36/><G54/><T59/><D35/><U32/><E32/><V7/><F7/><W41/><G16/><T116/><D17/><U2/><E2/><V64/><F64/><W135/><G135/><T132/><D116/><U69/><E69/><V126/><F126/><W42/><G42/><T20/><D132/><U127/><E127/><V68/><F68/><W4/><G4/><T66/><D6/><U67/><E67/><V124/><F124/><W57/><G41/><N who="0" m="24623" /><D5/><U50/><E50/><AGARI ba="0,2" hai="9,11,22,26,31,40,44,50,56,60,65,96,98,99" machi="50" ten="40,7700,0" yaku="1,1,8,1,52,1,53,0" doraHai="37" doraHaiUra="90" who="2" fromWho="1" sc="474,0,168,-77,116,97,222,0" /><INIT seed="2,1,0,2,5,114" ten="474,91,213,222" oya="2" hai0="27,127,29,89,60,15,14,93,8,36,96,77,101" hai1="107,52,37,54,132,65,6,82,43,35,22,4,63" hai2="128,122,0,123,71,62,24,69,133,90,120,49,84" hai3="57,74,88,28,45,112,67,48,129,103,20,116,21"/><V78/><F0/><W73/><G116/><T95/><D36/><U115/><E107/><V51/><F78/><W85/><G112/><T111/><D111/><U26/><E35/><V131/><F24/><W104/><G129/><N who="2" m="49737" /><F133/><W61/><G104/><T34/><D127/><U39/><E115/><V83/><F62/><W130/><G130/><T87/><D77/><U121/><E132/><V9/><F9/><W81/><G103/><T33/><D33/><U98/><E121/><V18/><F18/><W86/><G28/><T80/><D60/><U53/><E43/><V117/><F117/><W19/><G19/><T30/><D30/><U100/><E82/><V47/><F51/><W59/><G74/><T5/><D80/><U38/><E100/><V76/><F76/><N who="3" m="46247" /><G73/><T23/><D34/><U113/><E98/><V17/><F17/><W25/><G25/><T79/><D79/><U11/><E113/><V3/><F3/><AGARI ba="1,0" hai="3,5,8,14,15,23,27,29,87,89,93,95,96,101" machi="3" ten="30,1000,0" yaku="7,1" doraHai="114" who="0" fromWho="2" sc="474,13,91,0,213,-13,222,0" /><INIT seed="3,0,0,0,0,95" ten="487,91,200,222" oya="3" hai0="12,100,46,33,22,130,4,89,5,129,63,13,83" hai1="20,18,107,17,30,69,64,76,10,122,65,52,49" hai2="112,98,32,73,26,111,23,126,124,103,48,113,11" hai3="74,54,81,102,59,25,39,79,108,35,87,68,82"/><W37/><G68/><T43/><D33/><U118/><E122/><V77/><F32/><W67/><G67/><T88/><D100/><U94/><E118/><V117/><F117/><W121/><G121/><T97/><D63/><U80/><E107/><N who="2" m="63991" /><F48/><W15/><G108/><T50/><D97/><U135/><E135/><V84/><F111/><W120/><G120/><T2/><D2/><U47/><E69/><V132/><F73/><W133/><G133/><T85/><D89/><U131/><E131/><N who="0" m="50185" /><D22/><U116/><E116/><V34/><F11/><W92/><G15/><AGARI ba="0,0" hai="4,5,12,13,15,43,46,50,83,85,88" m="50185" machi="15" ten="30,2000,0" yaku="19,1,54,1" doraHai="95" who="0" fromWho="3" sc="487,20,91,0,200,0,222,-20" owari="507,60.7,91,-40.9,200,-20.0,202,0.2" /></mjloggm>