<mjloggm ver="2.3"><GO type="225" lobby="0"/><UN n0="%E4%BF%BA%E3%81%A8%E5%A6%96%E5%A4%A2" n1="%E6%97%A5%E6%9B%9C%E6%97%A5%E3%82%88%E3%82%8A%E3%81%AE%E4%BD%BF%E8%80%85" n2="%E3%81%8B%E3%82%8F%E3%81%A1%E3%82%83%E3%82%93%35%38" n3="%6D%61%74%69%67%75%73%61" dan="17,17,17,17" rate="2173.16,2099.04,2248.31,2169.70" sx="F,M,M,M"/><TAIKYOKU oya="0"/><INIT seed="0,0,0,5,0,36" ten="250,250,250,250" oya="0" hai0="42,3,121,44,109,57,23,43,85,1,112,51,5" hai1="31,11,55,7,80,134,19,103,59,68,119,115,117" hai2="58,6,91,49,129,101,67,131,35,98,86,72,90" hai3="127,69,97,30,10,13,14,120,4,18,104,46,133"/><T66/><D112/><U54/><E68/><V105/><F35/><W60/><G133/><T50/><D121/><U135/><E31/><V64/><F72/><W61/><G127/><T100/><D109/><U74/><E103/><V34/><F34/><W92/><G104/><T118/><D118/><U40/><E19/><V45/><F6/><W15/><G120/><T22/><D100/><U114/><E80/><V39/><F39/><W84/><G69/><T9/><D1/><N who="1" m="495" /><E74/><V82/><F90/><N who="3" m="55447" /><G30/><T70/><D70/><U128/><E40/><N who="2" m="24743" /><F58/><W125/><G125/><T65/><D85/><U0/><E0/><V76/><F91/><W26/><G46/><T73/><D73/><U111/><E111/><V24/><F24/><W110/><G110/><T132/><D132/><N who="1" m="50731" /><E128/><AGARI ba="0,0" hai="64,67,76,82,86,98,101,105,128,129,131" m="24743" machi="128" ten="30,2000,0" yaku="19,1,52,1" doraHai="36" who="2" fromWho="1" sc="250,0,250,-20,250,20,250,0" /><INIT seed="1,0,0,0,2,100" ten="250,230,270,250" oya="1" hai0="43,113,112,29,46,65,124,55,24,3,56,87,45" hai1="77,36,131,107,63,41,86,47,93,97,89,68,94" hai2="80,38,92,18,82,129,135,0,26,61,117,40,134" hai3="102,21,44,10,28,59,14,33,31,57,39,108,126"/><U37/><E131/><V110/><F117/><W54/><G33/><T62/><D3/><U122/><E122/><V12/><F0/><W91/><G126/><T35/><D124/><U99/><E77/><V83/><F129/><W84/><G108/><T64/><D87/><U98/><E36/><V23/><F110/><W34/><G34/><T127/><D127/><U101/><REACH who="1" step="1"/><E94/><REACH who="1" ten="250,220,270,250" step="2"/><V95/><F38/><W106/><G39/><T11/><D113/><U74/><E74/><V53/><F95/><W130/><G130/><T125/><D112/><U4/><E4/><V22/><F92/><W48/><G106/><T8/><D125/><U20/><E20/><V49/><F23/><W67/><G21/><T2/><D35/><U76/><E76/><V115/><F115/><W7/><G102/><T128/><D128/><U15/><E15/><V118/><F12/><W72/><G72/><T81/><D2/><U96/><E96/><V9/><F22/><W30/><REACH who="3" step="1"/><G67/><AGARI ba="0,1" hai="37,41,47,63,67,68,86,89,93,97,98,99,101,107" machi="67" ten="40,3900,0" yaku="1,1,52,1,53,0" doraHai="100" doraHaiUra="116" who="1" fromWho="3" sc="250,0,220,49,270,0,250,-39" /><INIT seed="1,1,0,4,4,124" ten="250,269,270,211" oya="1" hai0="134,46,103,91,51,88,0,78,67,112,37,81,6" hai1="95,47,3,80,42,101,98,36,1,5,105,43,107" hai2="31,53,85,7,83,29,57,71,97,106,79,93,120" hai3="128,62,11,122,40,17,94,115,117,39,130,135,9"/><U73/><E43/><V96/><F71/><W131/><G122/><T41/><D112/><U49/><E49/><V65/><F120/><W87/><G115/><T44/><D134/><U2/><E95/><V32/><F32/><W19/><G135/><T123/><D123/><U48/><E48/><V4/><F106/><W30/><G117/><T12/><D67/><U13/><E13/><V109/><F65/><W77/><G30/><N who="2" m="11273" /><F109/><W27/><G62/><T64/><D64/><U102/><E102/><N who="2" m="60687" /><F97/><W16/><G27/><T15/><D103/><U21/><E21/><V75/><F75/><W20/><G20/><T61/><D61/><AGARI ba="1,0" hai="4,7,53,57,61,79,83,85" m="60687,11273" machi="61" ten="30,1000,0" yaku="8,1" doraHai="124" who="2" fromWho="0" sc="250,-13,269,0,270,13,211,0" /><INIT seed="2,0,0,4,4,0" ten="237,269,283,211" oya="2" hai0="10,53,3,95,134,18,23,34,54,83,30,113,114" hai1="90,33,24,71,50,102,25,63,38,47,91,65,87" hai2="78,7,74,27,127,86,101,70,88,41,12,108,31" hai3="45,77,20,5,48,22,79,97,37,9,104,26,21"/><V133/><F133/><W128/><G37/><T85/><D134/><U118/><E118/><V6/><F108/><W51/><G128/><T93/><D113/><U11/><E38/><V2/><F101/><W72/><G72/><T76/><D114/><U92/><E33/><V62/><F2/><W132/><G132/><T60/><D34/><U109/><E109/><V49/><F74/><W57/><G26/><T17/><D30/><U103/><E103/><V61/><F78/><W55/><G97/><T105/><D105/><U110/><E110/><V80/><F127/><W73/><G104/><T66/><D54/><U84/><E102/><V100/><F100/><W75/><G75/><T89/><D53/><U8/><E25/><V123/><F123/><W28/><G28/><T98/><D93/><U82/><REACH who="1" step="1"/><E24/><REACH who="1" ten="237,259,283,211" step="2"/><V32/><F27/><W59/><G73/><T122/><D122/><U29/><E29/><V40/><F31/><W35/><G35/><T96/><D96/><U46/><E46/><V44/><F44/><W125/><G125/><T58/><REACH who="0" step="1"/><D23/><REACH who="0" ten="227,259,283,211" step="2"/><U69/><E69/><V107/><F70/><W15/><REACH who="3" step="1"/><G59/><REACH who="3" ten="227,259,283,201" step="2"/><T16/><D16/><U4/><E4/><AGARI ba="0,3" hai="3,4,10,17,18,58,60,66,76,83,85,89,95,98" machi="4" ten="40,2600,0" yaku="1,1,52,1,53,0" doraHai="0" doraHaiUra="121" who="0" fromWho="1" sc="227,56,259,-26,283,0,201,0" /><INIT seed="3,0,0,4,2,17" ten="283,233,283,201" oya="3" hai0="4,16,114,2,66,70,53,100,104,67,29,121,77" hai1="28,26,120,10,33,50,130,73,127,119,31,69,102" hai2="133,91,89,64,15,36,43,106,44,135,42,134,92" hai3="62,6,13,18,125,118,25,71,108,72,19,90,124"/><W129/><G72/><T88/><D121/><U111/><E73/><V84/><F106/><W128/><G90/><T46/><D29/><U63/><E120/><V123/><F123/><W40/><G40/><T49/><D77/><U24/><E111/><V81/><F43/><W45/><G45/><T74/><D74/><U107/><E127/><N who="3" m="48714" /><G62/><T99/><D88/><N who="2" m="33866" /><F92/><W86/><G86/><T122/><D122/><U30/><E119/><V95/><F95/><W32/><G71/><T22/><D114/><U75/><E75/><V3/><F3/><W115/><G118/><T8/><D70/><U48/><E48/><V112/><F112/><W47/><G47/><T56/><D46/><U23/><E50/><V97/><F64/><W1/><G115/><T12/><AGARI ba="0,0" hai="2,4,8,12,16,22,49,53,56,66,67,99,100,104" machi="12" ten="20,5200,0" yaku="0,1,7,1,52,1,54,1" doraHai="17" who="0" fromWho="0" sc="283,52,233,-13,283,-13,201,-26" owari="335,43.5,220,-18.0,270,7.0,175,-32.5" /></mjloggm>