<mjloggm ver="2.3"><GO type="225" lobby="0"/><UN n0="%E3%81%BF%E3%81%BF%E3%81%9A" n1="%E5%8D%A0%E3%81%84%E5%B8%AB%E8%A3%8F%E3%81%AA%E3%81%84%E3%81%97" n2="%4B%2E%32%2E%4B%2E" n3="%E5%A4%9C%E3%81%AE%E3%82%AC%E3%82%B9%E3%83%91%E3%83%BC%E3%83%AB" dan="18,17,16,16" rate="2263.92,2194.44,2125.03,2160.07" sx="M,M,M,M"/><TAIKYOKU oya="0"/><INIT seed="0,0,0,1,4,15" ten="250,250,250,250" oya="0" hai0="125,92,105,79,76,109,40,111,85,61,55,126,95" hai1="58,108,106,132,133,116,78,8,32,54,75,118,124" hai2="48,120,72,90,19,87,115,130,30,46,117,73,103" hai3="56,77,29,80,71,21,121,81,131,127,134,70,113"/><T4/><D40/><U104/><E32/><V22/><F115/><W36/><G113/><T114/><D114/><U43/><E43/><V6/><F120/><W110/><G36/><T119/><D4/><U84/><E108/><N who="0" m="41545" /><D55/><U99/><E8/><V49/><F130/><W50/><G110/><T24/><D61/><U17/><E75/><V38/><F30/><W20/><G131/><T3/><D3/><U86/><E124/><N who="0" m="47721" /><D119/><U112/><E112/><V97/><F117/><W28/><G127/><T23/><D105/><U64/><E54/><V0/><F6/><W62/><G62/><T31/><D76/><U98/><E78/><V44/><F0/><W1/><G1/><T123/><D123/><U107/><E107/><V88/><F38/><W135/><G77/><T14/><D14/><U74/><E74/><V35/><F73/><W89/><G121/><T53/><D53/><U83/><E116/><V57/><F72/><W27/><G71/><T102/><D102/><U128/><E118/><V39/><F39/><W45/><G70/><T94/><D79/><U101/><E101/><V122/><F103/><W34/><G29/><T51/><D51/><U42/><E128/><V93/><F122/><W16/><G50/><T11/><D11/><U13/><E104/><V5/><F49/><W2/><G2/><T37/><D37/><U66/><E106/><V9/><F48/><W65/><G28/><T10/><D10/><U52/><E13/><V63/><F63/><W82/><G21/><T7/><D7/><U96/><E42/><V18/><F22/><W129/><G20/><RYUUKYOKU ba="0,0" sc="250,30,250,-10,250,-10,250,-10" hai0="23,24,31,85,92,94,95" /><INIT seed="0,1,0,4,5,114" ten="280,240,240,240" oya="0" hai0="27,76,126,120,85,133,131,17,23,104,111,118,21" hai1="28,57,125,92,59,96,16,135,11,132,88,112,128" hai2="113,130,67,73,49,0,127,69,22,102,36,1,15" hai3="86,5,62,34,7,110,29,77,68,43,94,42,93"/><T46/><D118/><U37/><E112/><V101/><F113/><W25/><G110/><T116/><D116/><U98/><E37/><V95/><F36/><W89/><G77/><T14/><D120/><U119/><E119/><V103/><F73/><W74/><G74/><T123/><D104/><U81/><E28/><V70/><F130/><W129/><G129/><T84/><D123/><U45/><E128/><V58/><F127/><W47/><G94/><T55/><D131/><U78/><E45/><V6/><F95/><W50/><REACH who="3" step="1"/><G43/><REACH who="3" ten="280,240,240,230" step="2"/><T12/><D111/><U117/><E117/><V31/><F0/><W3/><G3/><T90/><D126/><U83/><E125/><V72/><F1/><W109/><G109/><T82/><D133/><N who="1" m="51275" /><E98/><V87/><F72/><W105/><G105/><T115/><D115/><U97/><E96/><V107/><F107/><W35/><G35/><T61/><D76/><U24/><E81/><V20/><F87/><W75/><G75/><T63/><D85/><N who="1" m="48375" /><E11/><V134/><F134/><W71/><G71/><T66/><D21/><AGARI ba="1,1" hai="16,21,24,57,59,88,92,97" m="48375,51275" machi="21" ten="30,3900,0" yaku="20,1,54,2" doraHai="114" who="1" fromWho="0" sc="280,-42,240,52,240,0,230,0" /><INIT seed="1,0,0,0,5,49" ten="238,292,240,230" oya="1" hai0="76,33,43,22,40,93,56,122,85,131,25,100,5" hai1="17,125,27,6,114,115,11,55,134,53,108,96,113" hai2="19,15,79,42,36,46,88,38,99,59,1,117,120" hai3="95,86,29,45,129,109,81,13,2,67,112,60,71"/><U16/><E125/><V104/><F117/><W123/><G112/><T58/><D33/><U135/><E108/><V73/><F120/><W101/><G2/><T8/><D122/><U41/><E41/><N who="0" m="15945" /><D131/><U116/><E96/><V77/><F36/><W130/><G123/><T63/><D8/><U57/><E116/><V83/><F1/><W119/><G119/><T54/><D5/><U92/><E92/><V90/><F79/><W3/><G3/><T84/><D76/><U32/><E57/><V30/><F30/><W107/><G109/><T82/><D82/><U48/><E48/><V68/><F68/><W70/><G107/><T12/><D12/><N who="1" m="5239" /><E32/><V28/><F28/><W34/><G71/><T128/><D128/><U132/><E27/><V80/><F80/><W75/><G75/><T126/><D126/><U66/><E66/><V110/><F110/><W51/><G34/><T89/><D100/><U105/><E105/><V4/><F4/><W61/><G129/><T47/><D47/><U18/><AGARI ba="0,0" hai="16,17,18,53,55,113,114,115,132,134,135" m="5239" machi="18" ten="50,18000,2" yaku="29,2,20,1,52,2,54,1" doraHai="49" who="1" fromWho="1" sc="238,-60,292,180,240,-60,230,-60" /><INIT seed="1,1,0,4,0,132" ten="178,472,180,170" oya="1" hai0="61,8,129,107,40,62,0,128,114,6,54,76,99" hai1="115,38,43,119,91,2,65,120,36,70,9,88,117" hai2="95,89,82,111,72,81,18,94,127,134,80,93,25" hai3="47,27,109,57,97,21,73,46,66,58,12,39,85"/><U22/><E115/><V35/><F35/><W37/><G73/><T48/><D114/><U34/><E120/><V13/><F72/><W83/><G109/><T102/><D40/><U44/><E34/><V133/><F111/><W24/><G12/><T108/><D76/><U87/><E38/><V45/><F25/><W74/><G74/><T77/><D77/><U122/><E122/><V121/><F121/><W11/><G11/><T90/><D90/><U131/><E131/><N who="0" m="50249" /><D108/><U49/><E91/><V98/><F45/><AGARI ba="1,0" hai="0,6,8,45,48,54,61,62,99,102,107" m="50249" machi="45" ten="30,1000,0" yaku="19,1" doraHai="132" who="0" fromWho="2" sc="178,13,472,0,180,-13,170,0" /><INIT seed="2,0,0,1,0,5" ten="191,472,167,170" oya="2" hai0="8,101,134,127,15,60,107,78,84,2,20,36,120" hai1="55,68,67,50,0,1,133,18,53,63,81,65,76" hai2="26,87,13,106,24,88,43,80,71,3,99,57,58" hai3="122,130,23,40,12,115,34,74,70,64,124,109,11"/><V75/><F71/><W6/><G122/><T95/><D36/><U119/><E119/><V48/><F3/><W113/><G34/><T103/><D120/><U86/><E133/><V9/><F75/><W56/><G74/><T61/><D107/><U59/><E67/><V69/><F69/><W79/><G79/><T98/><D2/><U102/><E102/><V31/><F106/><W49/><G70/><T10/><D127/><U116/><E116/><V104/><F104/><W89/><G109/><T54/><D103/><U85/><E18/><V27/><F99/><W17/><G130/><T33/><D33/><U29/><E29/><V25/><F48/><W126/><G89/><T72/><D72/><U111/><E111/><V19/><REACH who="2" step="1"/><F43/><REACH who="2" ten="191,472,157,170" step="2"/><W22/><G40/><T7/><D134/><U94/><E0/><V77/><F77/><W105/><G105/><T96/><D96/><U129/><E1/><V52/><F52/><N who="3" m="31759" /><G64/><T4/><D54/><N who="1" m="32215" /><E129/><V66/><F66/><W51/><G51/><T45/><D78/><U135/><E135/><V125/><F125/><N who="3" m="48235" /><G23/><AGARI ba="0,1" hai="9,13,19,23,24,25,26,27,31,57,58,80,87,88" machi="23" ten="40,12000,1" yaku="1,1,8,1,52,1,54,1,53,0" doraHai="5" doraHaiUra="32" who="2" fromWho="3" sc="191,0,472,0,157,130,170,-120" /><INIT seed="2,1,0,5,5,65" ten="191,472,287,50" oya="2" hai0="132,36,60,82,21,27,24,30,20,101,129,78,117" hai1="49,12,104,44,130,95,4,114,74,133,102,81,7" hai2="17,22,34,96,91,13,19,105,86,16,120,73,103" hai3="33,0,3,68,25,116,94,70,6,109,76,87,115"/><V14/><F120/><W127/><G116/><T56/><D117/><U131/><E114/><V89/><F73/><W1/><G115/><T83/><D129/><N who="1" m="49163" /><E104/><V110/><F34/><W35/><G109/><T112/><D112/><U111/><E111/><V124/><F110/><W85/><G6/><T72/><D132/><U55/><E133/><V40/><F124/><W135/><G135/><T69/><D36/><U2/><E2/><V107/><F107/><W123/><G123/><T97/><D83/><U93/><E102/><V106/><F105/><W23/><G127/><T118/><D118/><U66/><E66/><V77/><F40/><W67/><G67/><T39/><D69/><U119/><E119/><V63/><F63/><W18/><G35/><T88/><D39/><U41/><E55/><V43/><F43/><W50/><G33/><T80/><D101/><U134/><E134/><V113/><F113/><W26/><G26/><T9/><D9/><N who="1" m="4135" /><E7/><V71/><F71/><W15/><G25/><T42/><D42/><U31/><E31/><V8/><REACH who="2" step="1"/><F19/><REACH who="2" ten="191,472,277,50" step="2"/><W48/><G48/><T51/><D51/><U32/><E32/><V53/><F53/><W98/><G50/><T29/><D72/><U90/><E74/><V121/><F121/><W37/><G37/><T62/><D62/><U45/><E45/><V75/><F75/><W79/><G70/><T64/><D78/><N who="3" m="29737" /><G68/><T47/><D47/><U52/><E41/><V59/><F59/><W11/><G11/><T125/><D125/><U126/><E126/><V84/><F84/><AGARI ba="1,1" hai="44,49,52,81,84,90,93,95" m="4135,49163" machi="84" ten="30,2000,0" yaku="19,1,54,1" doraHai="65" who="1" fromWho="2" sc="191,0,472,33,277,-23,50,0" /><INIT seed="3,0,0,0,2,11" ten="191,505,254,50" oya="3" hai0="21,101,135,97,108,84,77,64,112,123,63,119,33" hai1="98,117,105,78,6,14,36,65,12,26,3,31,53" hai2="13,75,115,109,72,45,44,128,4,131,89,42,68" hai3="104,41,62,76,7,2,39,111,18,0,129,74,96"/><W47/><G129/><N who="2" m="49737" /><F109/><W120/><G120/><T114/><D33/><U71/><E53/><V51/><F115/><W34/><G34/><T66/><D119/><U43/><E78/><V61/><F89/><W52/><G111/><T116/><D116/><U58/><E58/><V60/><F13/><W8/><G2/><T30/><D108/><U29/><E6/><V35/><F4/><W81/><G18/><T67/><D135/><U134/><E29/><V56/><F35/><W69/><G69/><T125/><D125/><U130/><E43/><N who="2" m="24991" /><F68/><W27/><G27/><N who="0" m="16751" /><D84/><U133/><E98/><V70/><F70/><W80/><G80/><T122/><D77/><U25/><E105/><V55/><F61/><W37/><G37/><AGARI ba="0,0" hai="37,42,45,55,56,60,72,75" m="24991,49737" machi="37" ten="30,1000,0" yaku="19,1" doraHai="11" who="2" fromWho="3" sc="191,0,505,0,254,10,50,-10" owari="191,-20.9,505,60.5,264,6.4,40,-46.0" /></mjloggm>