<mjloggm ver="2.3"><GO type="225" lobby="0"/><UN n0="%72%69%6F%75%63%68%61%6E" n1="%E3%81%8B%E3%82%8F%E3%81%A1%E3%82%83%E3%82%93%35%38" n2="%E6%B8%A9%E2%98%85%E6%83%85%E2%98%85%E6%8E%AA%E2%98%85%E7%BD%AE" n3="%E3%81%BF%E3%81%BF%E3%81%9A" dan="16,17,18,18" rate="2224.30,2199.12,2203.98,2252.41" sx="M,M,M,M"/><TAIKYOKU oya="0"/><INIT seed="0,0,0,0,0,12" ten="250,250,250,250" oya="0" hai0="21,89,62,60,36,4,113,98,118,83,64,11,1" hai1="85,88,23,91,52,42,106,92,124,81,97,134,110" hai2="7,117,90,76,5,6,46,38,25,112,3,35,13" hai3="29,87,65,130,107,109,100,59,102,101,126,79,96"/><T19/><D113/><U105/><E110/><V67/><F112/><W53/><G109/><T15/><D118/><U17/><E124/><V27/><F117/><W69/><G126/><T14/><D36/><U75/><E134/><V74/><F3/><W49/><G130/><T31/><D31/><U123/><E123/><V73/><F67/><W108/><G108/><T84/><D64/><U135/><E135/><V95/><F13/><W30/><G79/><T54/><D54/><U9/><E75/><V71/><F71/><W129/><G87/><T39/><D39/><U70/><E70/><V111/><F111/><W80/><G80/><T57/><D57/><U45/><E9/><V61/><F61/><W26/><G29/><T86/><D98/><U127/><E127/><V120/><F120/><W47/><G129/><T66/><D66/><U48/><E42/><V34/><F76/><W78/><G78/><T103/><D103/><U43/><E43/><V0/><F0/><W33/><G59/><T121/><D121/><U50/><E50/><V51/><F38/><W8/><G8/><T128/><D128/><U63/><E63/><AGARI ba="0,0" hai="26,30,33,47,49,53,63,65,69,96,100,101,102,107" machi="63" ten="40,2600,0" yaku="25,2" doraHai="12" who="3" fromWho="1" sc="250,0,250,-26,250,0,250,26" /><INIT seed="1,0,0,1,0,38" ten="250,224,250,276" oya="1" hai0="23,89,116,100,71,67,94,0,39,121,113,96,29" hai1="62,68,88,112,22,120,90,43,6,93,132,123,78" hai2="107,47,19,61,45,57,2,7,1,30,35,81,127" hai3="87,37,17,91,25,76,130,101,98,33,75,27,8"/><U80/><E112/><V73/><F107/><W125/><G130/><T104/><D113/><U92/><E6/><V111/><F111/><W5/><G125/><T77/><D116/><U50/><E68/><V131/><F127/><W79/><G37/><T126/><D126/><U60/><E132/><V134/><F131/><W102/><G75/><T103/><D0/><U31/><E80/><V9/><F2/><W69/><G69/><T70/><D121/><U42/><E50/><V48/><F134/><W10/><G33/><T49/><D39/><U65/><E65/><V108/><F108/><W95/><G102/><T36/><D36/><U119/><E78/><N who="3" m="29738" /><G5/><T129/><D129/><U41/><E119/><V114/><F114/><W105/><G105/><T54/><D77/><U83/><E83/><V99/><F81/><N who="3" m="49647" /><G17/><T63/><D71/><U122/><E22/><V13/><F73/><W86/><G86/><T97/><D103/><U109/><E31/><V110/><F110/><W12/><G12/><T74/><D74/><U82/><E82/><V115/><F115/><W16/><G25/><T128/><D128/><U72/><E109/><V3/><F3/><W4/><G4/><T14/><D29/><U20/><E20/><AGARI ba="0,0" hai="8,10,16,20,27,95,98,101" m="49647,29738" machi="20" ten="30,2000,0" yaku="8,1,54,1" doraHai="38" who="3" fromWho="1" sc="250,0,224,-20,250,0,276,20" /><INIT seed="2,0,0,4,5,22" ten="250,204,250,296" oya="2" hai0="62,39,16,32,113,115,89,91,81,129,5,57,48" hai1="133,35,33,55,121,85,31,17,126,66,77,114,83" hai2="80,46,82,40,134,69,118,79,75,59,0,68,58" hai3="106,36,78,67,9,101,90,96,14,26,61,34,104"/><V102/><F118/><W128/><G36/><T120/><D120/><U76/><E114/><V24/><F0/><W99/><G78/><T29/><D39/><U42/><E126/><V86/><F134/><W53/><G128/><T1/><D129/><U28/><E133/><V18/><F102/><W50/><G90/><T92/><D48/><U130/><E121/><V3/><F3/><W11/><G99/><T51/><D51/><U124/><E130/><V93/><F93/><W74/><G74/><T107/><D107/><U12/><E124/><V119/><F119/><W2/><G2/><T135/><D135/><U23/><E42/><V56/><F69/><N who="3" m="42223" /><G14/><T100/><D100/><U27/><E66/><V60/><F68/><W10/><G106/><T65/><D81/><U105/><E105/><V15/><F60/><W8/><G8/><T13/><D91/><U4/><E4/><V94/><F94/><W88/><G88/><T97/><D5/><U108/><E108/><V117/><F117/><W109/><G109/><T72/><D72/><U49/><E77/><V87/><F82/><W6/><G6/><T7/><D7/><U98/><E98/><V37/><REACH who="2" step="1"/><F15/><REACH who="2" ten="250,204,240,296" step="2"/><W64/><G64/><T19/><D1/><U103/><E103/><V110/><F110/><W95/><G95/><T123/><D123/><U30/><REACH who="1" step="1"/><E12/><REACH who="1" ten="250,194,240,296" step="2"/><V44/><F44/><AGARI ba="0,2" hai="17,23,27,28,30,31,33,35,44,49,55,76,83,85" machi="44" ten="40,8000,1" yaku="1,1,2,1,52,1,53,1" doraHai="22" doraHaiUra="20" who="1" fromWho="2" sc="250,0,194,100,240,-80,296,0" /><INIT seed="3,0,0,2,5,110" ten="250,294,160,296" oya="3" hai0="101,38,126,25,44,46,6,52,43,7,32,40,73" hai1="3,49,86,55,113,115,28,15,131,10,18,27,132" hai2="33,1,75,83,135,82,94,57,64,134,56,74,120" hai3="122,35,22,107,29,23,79,68,54,62,91,133,31"/><W114/><G114/><T26/><D126/><U47/><E131/><V98/><F1/><W95/><G122/><T48/><D73/><N who="2" m="27658" /><F33/><W37/><G107/><T80/><D101/><U71/><E71/><V11/><F11/><W104/><G104/><T78/><D78/><U0/><E132/><N who="2" m="50731" /><F64/><W63/><G37/><T66/><D80/><N who="2" m="30762" /><F56/><N who="3" m="35095" /><G35/><T103/><D103/><U93/><E0/><V100/><F57/><W108/><G108/><T41/><D66/><U59/><E3/><V34/><F34/><W51/><G133/><T119/><D119/><U2/><E2/><V20/><F20/><N who="3" m="7723" /><G68/><T4/><REACH who="0" step="1"/><D25/><REACH who="0" ten="240,294,160,296" step="2"/><U84/><E27/><V8/><F8/><W96/><G63/><T5/><N who="0" m="1024" /><DORA hai="60" /><T45/><D45/><U81/><E47/><V129/><F129/><W9/><G9/><T42/><D42/><U85/><E10/><V61/><F61/><W53/><G79/><T88/><D88/><U121/><E15/><V12/><F12/><W128/><G128/><T90/><D90/><U111/><E111/><V97/><F97/><W105/><G105/><T24/><D24/><U16/><E55/><V72/><N who="2" m="27666" /><V76/><DORA hai="99" /><F76/><W58/><AGARI ba="0,1" hai="29,31,51,53,58,91,95,96" m="7723,35095" machi="58" ten="30,1500,0" yaku="8,1" doraHai="110,60,99" who="3" fromWho="3" sc="240,-5,294,-5,160,-5,296,25" owari="235,-16.5,289,8.9,155,-34.5,321,42.1" /></mjloggm>