<mjloggm ver="2.3"><GO type="225" lobby="0"/><UN n0="%72%69%6F%75%63%68%61%6E" n1="%E3%83%B4%E3%83%A0%EF%BC%99%E3%81%A6" n2="%E5%82%8D%E8%8B%A5%E7%84%A1%E4%BA%BA%35%31" n3="%E8%81%B7%E6%A5%AD%E3%80%81%E9%A2%A8%32" dan="17,17,16,16" rate="2253.13,2230.38,2051.81,2136.04" sx="M,M,M,M"/><TAIKYOKU oya="0"/><INIT seed="0,0,0,3,3,11" ten="250,250,250,250" oya="0" hai0="8,43,71,6,12,42,19,118,59,46,125,121,133" hai1="66,72,24,69,67,15,36,62,53,91,25,126,3" hai2="50,102,77,29,124,37,7,48,27,88,38,123,119" hai3="101,55,80,45,122,132,10,52,0,23,20,17,135"/><T115/><D115/><U112/><E3/><V30/><F123/><W76/><G122/><T94/><D118/><U134/><E112/><V60/><F102/><W84/><G101/><T26/><D121/><U28/><E72/><V116/><F77/><W49/><G55/><T64/><D125/><U54/><E126/><V65/><F7/><W40/><G40/><T13/><D133/><N who="3" m="51273" /><G0/><T108/><D71/><U41/><E134/><V107/><F107/><W85/><G84/><T103/><D108/><U18/><E66/><V9/><F9/><W93/><G93/><T90/><D103/><U5/><E5/><V39/><F124/><W127/><G127/><T44/><D26/><U95/><E24/><V47/><F88/><W92/><G92/><T74/><D74/><U57/><E41/><N who="0" m="15369" /><D59/><U78/><E78/><V75/><F75/><W51/><G51/><N who="2" m="19497" /><F47/><W83/><G83/><T58/><D58/><U100/><E57/><N who="2" m="37007" /><F27/><W4/><G4/><T33/><D64/><U130/><E100/><V68/><F68/><W14/><AGARI ba="0,0" hai="10,14,17,20,23,45,49,52,76,80,85" m="51273" machi="14" ten="30,4000,0" yaku="20,1,52,1,54,1" doraHai="11" who="3" fromWho="3" sc="250,-20,250,-10,250,-10,250,40" /><INIT seed="1,0,0,1,3,88" ten="230,240,240,290" oya="1" hai0="83,21,26,84,37,14,67,107,120,7,28,12,66" hai1="74,15,73,127,119,123,133,13,2,93,17,16,58" hai2="46,126,80,95,36,45,56,51,98,31,87,30,112" hai3="1,60,19,18,78,11,122,50,97,79,68,100,82"/><U134/><E2/><V55/><F126/><W48/><G122/><T89/><D120/><U111/><E123/><V65/><F112/><W47/><G68/><T61/><D107/><U114/><E127/><V8/><F8/><W33/><G33/><T109/><D109/><U25/><E114/><V70/><F70/><W62/><G1/><T121/><D37/><U106/><E106/><V108/><F108/><W27/><G50/><T41/><D121/><U23/><E111/><V5/><F5/><W116/><G27/><T64/><D41/><U4/><E119/><V131/><F36/><W24/><G24/><T72/><D72/><U86/><E58/><V32/><F32/><W39/><G39/><T130/><D130/><U113/><E4/><V29/><F65/><W96/><G96/><T6/><D61/><U75/><E113/><V63/><F63/><W57/><G82/><T129/><REACH who="0" step="1"/><D129/><REACH who="0" ten="220,240,240,290" step="2"/><U104/><E104/><V91/><REACH who="2" step="1"/><F131/><REACH who="2" ten="220,240,230,290" step="2"/><W85/><G62/><T53/><D53/><U115/><E115/><V0/><F0/><W128/><G60/><T38/><D38/><U103/><E134/><V81/><F81/><W105/><G128/><T135/><D135/><U22/><E133/><V132/><F132/><W124/><G124/><T49/><D49/><U99/><E25/><V90/><AGARI ba="0,2" hai="29,30,31,45,46,51,55,56,80,87,90,91,95,98" machi="90" ten="30,7900,0" yaku="1,1,0,1,8,1,52,1,53,0" doraHai="88" doraHaiUra="3" who="2" fromWho="2" sc="220,-20,240,-39,230,99,290,-20" /><INIT seed="2,0,0,2,5,41" ten="200,201,329,270" oya="2" hai0="122,120,125,106,12,27,67,20,92,56,74,19,119" hai1="23,128,40,46,101,105,63,4,30,53,118,54,111" hai2="33,1,38,130,99,35,135,29,14,115,102,132,66" hai3="100,7,62,21,13,52,78,16,18,25,0,37,76"/><V129/><F1/><W97/><G37/><T107/><D74/><U50/><E118/><V103/><F115/><W48/><G7/><T134/><D119/><U94/><E105/><V45/><F66/><W68/><G62/><T81/><D106/><U126/><E111/><V91/><F91/><W75/><G75/><T83/><D107/><U36/><E126/><V22/><F14/><W113/><G68/><T89/><D125/><U88/><E101/><N who="2" m="38411" /><F22/><N who="3" m="13511" /><G0/><T90/><D134/><N who="2" m="51242" /><F99/><W70/><G70/><T131/><D131/><N who="2" m="50186" /><F29/><W43/><G113/><T65/><D122/><U112/><E128/><V6/><F6/><W5/><G5/><T133/><D120/><U110/><E110/><V55/><F55/><W58/><G43/><AGARI ba="0,0" hai="33,35,38,43,45" m="50186,51242,38411" machi="43" ten="40,7700,0" yaku="20,1,19,1,52,1" doraHai="41" who="2" fromWho="3" sc="200,0,201,0,329,77,270,-77" /><INIT seed="2,1,0,5,3,5" ten="200,201,406,193" oya="2" hai0="117,64,21,127,116,50,131,4,75,125,33,48,37" hai1="98,94,47,56,26,3,31,34,93,101,92,80,124" hai2="95,65,126,22,51,132,72,38,99,27,61,85,100" hai3="59,60,57,135,105,103,78,86,63,11,7,32,40"/><V13/><F38/><W43/><G135/><T107/><D33/><U79/><E124/><N who="0" m="47689" /><D131/><U69/><E69/><V41/><F72/><W15/><G32/><T110/><D110/><U24/><E3/><V108/><F132/><W6/><G6/><T70/><D107/><U62/><E47/><V14/><F85/><W45/><G105/><T12/><D75/><U81/><E24/><V84/><F84/><W2/><G2/><T134/><D134/><U97/><E79/><V9/><F108/><W49/><G103/><T66/><D37/><U91/><REACH who="1" step="1"/><E92/><REACH who="1" ten="200,191,406,193" step="2"/><V16/><F126/><W58/><REACH who="3" step="1"/><G43/><REACH who="3" ten="200,191,406,183" step="2"/><T114/><D117/><U113/><E113/><V77/><F41/><W88/><G88/><T109/><D116/><U20/><E20/><V106/><F77/><W8/><G8/><N who="0" m="4103" /><D114/><U55/><AGARI ba="1,2" hai="26,31,34,55,56,62,80,81,91,93,94,97,98,101" machi="55" ten="20,2700,0" yaku="1,1,0,1,7,1,53,0" doraHai="5" doraHaiUra="18" who="1" fromWho="1" sc="200,-8,191,50,406,-14,183,-8" /><INIT seed="3,0,0,0,5,79" ten="192,241,392,175" oya="3" hai0="42,69,100,20,38,27,64,3,47,15,4,95,41" hai1="84,50,74,91,121,1,49,87,81,7,21,70,45" hai2="30,65,130,99,82,23,18,134,62,86,106,54,72" hai3="59,55,11,43,26,132,97,67,8,75,68,78,90"/><W12/><G132/><T44/><D3/><U102/><E70/><V73/><F54/><W40/><G68/><T124/><D124/><U110/><E121/><V125/><F30/><W112/><G112/><T101/><D95/><U46/><E74/><V16/><F18/><W131/><G131/><T37/><D15/><U29/><E110/><V19/><F19/><W85/><G75/><T61/><REACH who="0" step="1"/><D4/><REACH who="0" ten="182,241,392,175" step="2"/><U76/><E7/><V128/><F125/><W24/><G67/><T107/><D107/><U58/><E1/><V111/><F106/><W39/><G39/><T93/><D93/><U48/><E102/><V80/><F99/><W118/><G97/><T88/><D88/><U123/><E91/><V28/><F134/><W35/><G78/><T5/><D5/><U122/><E76/><V105/><F105/><W33/><G118/><T52/><D52/><U115/><E122/><V114/><F65/><W57/><G12/><T36/><D36/><U22/><E123/><V14/><F14/><W10/><G55/><T6/><D6/><U77/><E77/><V2/><F2/><W96/><G96/><T17/><AGARI ba="0,1" hai="17,20,27,37,38,41,42,44,47,61,64,69,100,101" machi="17" ten="20,5200,0" yaku="1,1,0,1,7,1,9,1,53,0" doraHai="79" doraHaiUra="94" who="0" fromWho="0" sc="182,62,241,-13,392,-13,175,-26" owari="244,4.4,228,-17.2,379,47.9,149,-35.1" /></mjloggm>