<mjloggm ver="2.3"><GO type="225" lobby="0"/><UN n0="%E4%BA%95%E5%B8%AF" n1="%E6%B4%BE%E9%81%A3%E3%81%AE%E3%82%B8%E3%83%A3%E3%83%83%E3%82%AF" n2="%E3%81%BF%E3%81%BF%E3%81%9A" n3="%E9%B3%B3%E6%9D%B1%E3%81%AE%E3%81%BF%E3%81%91%E3%81%AB%E3%82%83%E3%82%93" dan="16,17,16,17" rate="2069.63,2195.98,2153.03,2135.04" sx="M,M,M,F"/><TAIKYOKU oya="0"/><INIT seed="0,0,0,4,2,30" ten="250,250,250,250" oya="0" hai0="63,38,54,134,129,64,41,51,71,50,13,111,23" hai1="70,135,7,36,21,119,90,47,32,115,77,126,88" hai2="14,102,99,106,59,20,28,45,95,97,5,93,3" hai3="43,80,46,4,131,104,72,34,120,31,83,103,74"/><T96/><D96/><U68/><E119/><V48/><F3/><W94/><G131/><T75/><D75/><U69/><E77/><V16/><F5/><W55/><G104/><T35/><D23/><U12/><E126/><V29/><F59/><W52/><G4/><T132/><D13/><U100/><E100/><V125/><F125/><W122/><G103/><T40/><D35/><U89/><E135/><N who="0" m="51753" /><D129/><U17/><E115/><V11/><F11/><W62/><G94/><T101/><D101/><U53/><E7/><V39/><F39/><W58/><G74/><T92/><D92/><U121/><E121/><N who="3" m="46698" /><G72/><T60/><D38/><U79/><E79/><V110/><F110/><W22/><G22/><T114/><D114/><U91/><N who="1" m="22528" /><DORA hai="2" /><U109/><E109/><V15/><F99/><W113/><G113/><T133/><D111/><U42/><REACH who="1" step="1"/><E53/><REACH who="1" ten="250,240,250,250" step="2"/><N who="2" m="29839" /><F106/><W73/><G55/><T67/><D133/><U9/><E9/><N who="2" m="6223" /><F95/><W61/><G73/><T78/><D78/><U18/><E18/><AGARI ba="0,1" hai="15,18,20,28,29,93,97,102" m="6223,29839" machi="18" ten="30,2000,0" yaku="8,1,54,1" doraHai="30,2" who="2" fromWho="1" sc="250,0,240,-20,250,30,250,0" /><INIT seed="1,0,0,1,2,42" ten="250,220,280,250" oya="1" hai0="85,14,10,46,71,79,23,132,94,36,80,93,24" hai1="123,20,68,9,44,33,73,11,63,59,41,60,134" hai2="77,25,99,2,90,98,3,0,133,117,109,106,40" hai3="121,116,7,45,125,67,95,119,8,62,82,100,72"/><U104/><E104/><V122/><F117/><N who="3" m="45131" /><G121/><T49/><D36/><U83/><E33/><V35/><F122/><W30/><G125/><T32/><D71/><U58/><E123/><V76/><F109/><W135/><G135/><T89/><D32/><U56/><E134/><V17/><F133/><W5/><G30/><T38/><D38/><U118/><E118/><V52/><F40/><W28/><G28/><N who="0" m="17439" /><D79/><U86/><E73/><V113/><F113/><W97/><G8/><N who="1" m="3146" /><E20/><V21/><F35/><W128/><G128/><T115/><D115/><U12/><E12/><V70/><F70/><N who="3" m="42359" /><G45/><T19/><D132/><U88/><E68/><V114/><F114/><W47/><G47/><T61/><D61/><U81/><E81/><V96/><F106/><W31/><G31/><T34/><D34/><U91/><E91/><V53/><REACH who="2" step="1"/><F90/><REACH who="2" ten="250,220,270,250" step="2"/><W48/><G100/><T108/><D108/><U29/><E29/><V1/><N who="2" m="0" /><DORA hai="84" /><V110/><F110/><W66/><G5/><T69/><D69/><U92/><E92/><V26/><F26/><W51/><G95/><T131/><D131/><U43/><E43/><AGARI ba="0,1" hai="10,14,19,43,46,49,80,85,89,93,94" m="17439" machi="43" ten="30,3900,0" yaku="8,1,52,2" doraHai="42,84" who="0" fromWho="1" sc="250,49,220,-39,270,0,250,0" /><INIT seed="2,0,0,2,1,17" ten="299,181,270,250" oya="2" hai0="96,103,28,23,133,105,91,57,4,86,64,82,100" hai1="15,50,129,18,112,121,24,78,20,58,33,118,134" hai2="128,132,94,19,45,68,85,70,63,66,42,22,67" hai3="49,71,44,11,47,39,88,3,131,32,10,38,110"/><V56/><F128/><W73/><G73/><T40/><D133/><U117/><E112/><V8/><F132/><W93/><G32/><T62/><D40/><U116/><E134/><V123/><F8/><W107/><G107/><T55/><D4/><U37/><E37/><V31/><F31/><W21/><G71/><T111/><D111/><U61/><E78/><V122/><F85/><W14/><G110/><T135/><D135/><U36/><E36/><V87/><F87/><W119/><G119/><T120/><D103/><U53/><E129/><V124/><F94/><W16/><G131/><T79/><D120/><U126/><E126/><V59/><F124/><W127/><G127/><T90/><REACH who="0" step="1"/><D64/><REACH who="0" ten="289,181,270,250" step="2"/><U104/><E121/><V92/><F122/><W80/><G38/><T101/><D101/><U51/><REACH who="1" step="1"/><E104/><REACH who="1" ten="289,171,270,250" step="2"/><V9/><F123/><W69/><G39/><T113/><D113/><U84/><E84/><V27/><F70/><W26/><G3/><T109/><D109/><U52/><E52/><V108/><F68/><W13/><G69/><T115/><D115/><U34/><E34/><V41/><F108/><W46/><G49/><T77/><D77/><U98/><E98/><V74/><F41/><W125/><G125/><T76/><D76/><U2/><E2/><V54/><F42/><W99/><G80/><T25/><AGARI ba="0,2" hai="23,25,28,55,57,62,79,82,86,90,91,96,100,105" machi="25" ten="30,4000,0" yaku="1,1,0,1,52,1,53,0" doraHai="17" doraHaiUra="60" who="0" fromWho="0" sc="289,60,171,-10,270,-20,250,-10" /><INIT seed="3,0,0,0,2,87" ten="349,161,250,240" oya="3" hai0="34,129,21,120,82,79,75,103,3,66,20,16,135" hai1="125,132,71,109,42,30,128,104,28,84,38,23,68" hai2="40,62,57,51,101,119,116,93,117,63,31,115,59" hai3="15,58,127,48,52,69,44,74,22,43,110,97,76"/><W7/><G69/><T0/><D34/><U70/><E104/><V123/><F31/><W130/><G130/><T8/><D120/><U41/><E128/><V27/><F27/><W72/><G127/><T53/><D66/><U24/><E125/><V32/><F32/><W126/><G126/><T102/><D135/><U112/><E112/><V77/><F77/><W92/><G110/><T33/><D33/><U56/><E132/><V94/><F115/><W1/><G1/><T11/><D20/><U131/><E131/><V134/><F134/><W80/><G22/><T65/><D65/><U12/><E30/><V81/><F81/><W121/><G121/><T49/><D8/><U85/><E12/><V95/><F101/><W29/><G29/><T108/><D0/><U133/><E133/><V61/><F123/><W18/><G18/><T47/><D108/><U9/><E9/><V17/><F17/><W14/><G74/><T67/><D67/><U50/><E109/><V88/><F88/><W106/><G106/><T113/><D113/><U107/><E107/><V64/><F64/><W111/><G7/><T100/><D129/><U13/><E13/><V90/><F90/><W2/><G2/><T5/><D103/><U6/><E6/><V39/><REACH who="2" step="1"/><F39/><REACH who="2" ten="349,161,240,240" step="2"/><W122/><G122/><T73/><D75/><U45/><E41/><V91/><F91/><N who="3" m="55455" /><G111/><T118/><D102/><U36/><E36/><V37/><F37/><N who="3" m="21615" /><G72/><T105/><D100/><U114/><E114/><V96/><F96/><W4/><G76/><N who="0" m="44303" /><D16/><U83/><E83/><V46/><AGARI ba="0,1" hai="40,46,51,57,59,61,62,63,93,94,95,116,117,119" machi="46" ten="40,8000,1" yaku="1,1,0,1,29,2,53,0" doraHai="87" doraHaiUra="78" who="2" fromWho="2" sc="349,-20,161,-20,240,90,240,-40" owari="329,12.9,141,-35.9,330,43.0,200,-20.0" /></mjloggm>