<mjloggm ver="2.3"><GO type="225" lobby="0"/><UN n0="%6D%75%75%6D%75%72%61" n1="%74%61%6B%75%61%6B%61" n2="%E3%81%B8%E3%82%80%E3%81%B8%E3%82%80%EF%BC%92%E5%8F%B7" n3="%E3%82%B7%E3%83%B3%E5%A4%AA%E6%9C%97" dan="17,16,16,16" rate="2164.98,2115.72,2125.54,2152.66" sx="F,M,M,M"/><TAIKYOKU oya="0"/><INIT seed="0,0,0,5,3,82" ten="250,250,250,250" oya="0" hai0="132,17,116,85,55,115,44,25,118,48,46,66,110" hai1="104,79,51,100,91,124,101,112,52,97,72,103,89" hai2="62,3,7,21,111,134,53,126,33,60,64,119,121" hai3="61,29,129,42,92,95,96,69,68,49,9,120,10"/><T41/><D115/><U23/><E124/><V32/><F121/><W76/><G129/><T71/><D132/><U84/><E112/><V128/><F126/><W13/><G120/><T87/><D110/><U14/><E72/><V75/><F75/><W88/><G76/><T57/><D71/><U15/><E79/><V47/><F128/><W125/><G125/><T24/><D66/><U105/><E105/><V38/><F111/><W117/><G117/><T133/><D133/><U99/><E89/><V90/><F134/><W28/><G69/><T45/><D116/><U36/><E36/><V78/><F78/><W12/><G68/><T54/><D118/><U11/><E23/><V77/><F77/><W98/><G61/><N who="0" m="36023" /><D41/><U102/><E97/><V40/><F21/><W74/><G74/><T80/><D17/><U131/><E11/><V65/><F53/><W67/><G67/><T27/><D80/><U109/><E109/><V43/><F119/><W106/><G106/><T19/><D19/><U6/><E6/><V50/><F43/><W83/><G83/><T108/><D108/><U8/><E8/><N who="3" m="3178" /><G49/><T114/><D114/><U26/><E131/><V130/><F130/><W31/><G42/><T94/><D94/><N who="1" m="54631" /><E51/><V123/><F50/><W73/><G73/><T93/><D93/><U0/><E0/><V1/><F1/><W56/><G56/><AGARI ba="0,0" hai="24,25,27,44,45,46,48,55,56,85,87" m="36023" machi="56" ten="30,5800,0" yaku="8,1,52,2" doraHai="82" who="0" fromWho="3" sc="250,58,250,0,250,0,250,-58" /><INIT seed="0,1,0,3,1,49" ten="308,250,250,192" oya="0" hai0="92,16,67,101,134,52,2,3,43,59,65,40,6" hai1="100,38,114,26,54,74,82,75,50,83,133,116,109" hai2="1,130,57,8,99,112,113,33,127,111,115,129,46" hai3="25,125,45,23,86,135,18,76,110,51,47,95,103"/><T12/><D134/><U117/><E38/><V79/><F33/><W35/><G135/><T105/><D105/><U48/><E109/><V60/><F111/><W120/><G110/><T66/><D6/><U71/><E133/><V32/><F32/><W55/><G120/><T87/><D3/><U9/><E26/><V44/><F79/><W39/><G125/><T14/><D14/><U37/><E37/><V102/><F127/><W22/><G35/><T93/><D2/><U56/><E9/><V104/><F8/><W20/><G39/><T96/><D92/><U0/><E0/><V94/><F104/><W58/><G103/><T24/><D87/><U15/><E15/><V84/><F84/><W73/><G73/><T31/><D24/><U7/><E7/><V107/><F107/><W131/><G131/><N who="2" m="50185" /><F1/><W132/><G132/><T77/><D77/><U123/><E123/><V88/><F102/><W10/><G10/><N who="0" m="6167" /><D31/><U106/><E106/><V119/><F119/><W128/><G128/><T30/><D30/><U11/><E74/><V36/><F36/><W108/><G108/><T63/><AGARI ba="1,0" hai="40,43,52,59,63,65,66,67,93,96,101" m="6167" machi="63" ten="30,11700,0" yaku="8,1,52,1,54,2" doraHai="49" who="0" fromWho="0" sc="308,120,250,-40,250,-40,192,-40" /><INIT seed="0,2,0,0,2,129" ten="428,210,210,152" oya="0" hai0="112,4,55,30,68,52,41,17,70,16,88,69,31" hai1="118,134,122,120,101,67,22,11,62,100,27,54,6" hai2="108,60,103,82,61,56,14,114,131,115,33,92,123" hai3="91,37,77,110,0,48,72,127,93,10,135,63,76"/><T43/><D112/><U85/><E118/><V26/><F123/><W12/><G110/><T83/><D4/><U42/><E42/><N who="0" m="15881" /><D83/><U87/><E54/><N who="0" m="20521" /><D88/><U132/><E120/><V119/><F131/><W121/><G37/><T95/><D95/><U126/><E126/><V13/><F119/><W9/><G63/><T111/><D111/><U80/><E122/><V116/><F108/><W90/><G121/><T23/><D23/><U38/><E38/><V65/><F116/><W28/><G28/><AGARI ba="2,0" hai="16,17,28,30,31,68,69,70" m="20521,15881" machi="28" ten="40,12000,1" yaku="28,2,54,2" doraHai="129" who="0" fromWho="3" sc="428,126,210,0,210,0,152,-126" /><INIT seed="0,3,0,1,0,61" ten="554,210,210,26" oya="0" hai0="105,39,87,132,95,83,5,55,99,58,96,86,88" hai1="1,112,59,42,64,25,27,109,116,26,122,133,90" hai2="11,103,129,121,84,94,34,13,57,10,128,21,7" hai3="92,68,63,91,45,38,16,76,47,48,89,9,22"/><T131/><D39/><U79/><E122/><V51/><F34/><W97/><G76/><T18/><D131/><N who="2" m="50250" /><F121/><W70/><G9/><T110/><D132/><U66/><E116/><V50/><F21/><W134/><G134/><T23/><D110/><U107/><E107/><V43/><F43/><W73/><G73/><T108/><D105/><U80/><E1/><N who="2" m="367" /><F57/><W93/><G38/><T106/><D5/><U71/><E71/><V130/><N who="2" m="50258" /><V126/><DORA hai="4" /><F126/><W28/><G28/><T123/><D106/><U135/><E109/><V72/><F72/><W3/><G3/><T37/><D37/><U53/><E135/><V74/><F74/><W117/><G117/><T6/><D6/><U113/><E42/><V29/><F29/><W120/><G120/><T69/><D69/><U19/><E19/><N who="2" m="8639" /><F84/><W56/><G70/><T82/><D108/><U49/><E133/><V12/><F12/><N who="3" m="9479" /><G48/><N who="0" m="31079" /><D123/><U44/><E113/><V8/><F8/><W14/><G68/><T78/><D82/><U81/><E112/><V36/><F36/><W62/><G14/><AGARI ba="3,0" hai="14,18,23,78,83,86,87,88,95,96,99" m="31079" machi="14" ten="30,5800,0" yaku="25,1,8,1,54,1" doraHai="61,4" who="0" fromWho="3" sc="554,67,210,0,210,0,26,-67" owari="621,72.1,210,1.0,210,-19.0,-41,-54.1" /></mjloggm>