<mjloggm ver="2.3"><GO type="225" lobby="0"/><UN n0="%E5%A4%9C%E3%81%AE%E3%82%AC%E3%82%B9%E3%83%91%E3%83%BC%E3%83%AB" n1="%33%74%72%65%65" n2="%72%69%6F%75%63%68%61%6E" n3="%E3%81%8B%E3%82%8F%E3%81%A1%E3%82%83%E3%82%93%35%38" dan="17,16,16,17" rate="2172.49,2122.42,2169.41,2124.94" sx="M,F,M,M"/><TAIKYOKU oya="0"/><INIT seed="0,0,0,5,5,36" ten="250,250,250,250" oya="0" hai0="17,121,101,65,97,15,68,95,134,49,92,61,98" hai1="56,12,35,47,102,23,59,90,0,127,130,122,22" hai2="58,132,105,69,13,100,2,116,72,108,110,20,34" hai3="16,109,135,113,106,60,117,79,104,74,89,99,25"/><T91/><D134/><U88/><E122/><V6/><F69/><W82/><G113/><T55/><D121/><U77/><E0/><V21/><F72/><W84/><G117/><T48/><REACH who="0" step="1"/><D55/><REACH who="0" ten="240,250,250,250" step="2"/><U93/><E130/><V26/><F132/><W5/><G135/><T126/><D126/><U131/><E127/><V8/><F116/><W39/><G109/><T103/><D103/><U19/><E131/><V75/><F100/><W11/><G39/><T73/><D73/><U52/><E102/><V51/><F75/><W133/><G133/><T71/><D71/><U94/><E35/><V123/><F34/><W83/><G99/><T9/><AGARI ba="0,1" hai="9,15,17,48,49,61,65,68,91,92,95,97,98,101" machi="9" ten="20,7800,0" yaku="1,1,0,1,7,1,53,1" doraHai="36" doraHaiUra="63" who="0" fromWho="0" sc="240,88,250,-26,250,-26,250,-26" /><INIT seed="0,1,0,4,2,95" ten="328,224,224,224" oya="0" hai0="74,2,41,68,65,44,107,108,56,119,60,90,85" hai1="42,77,23,14,1,93,130,34,55,103,92,9,101" hai2="66,86,75,21,97,79,94,131,18,10,70,31,13" hai3="6,58,124,72,47,29,24,53,45,87,112,99,106"/><T27/><D119/><U118/><E118/><V19/><F131/><W16/><G112/><T32/><D74/><U96/><E34/><V109/><F109/><W111/><G72/><T62/><D2/><U50/><E130/><V37/><F37/><W7/><G111/><T63/><D108/><U113/><E113/><V83/><F70/><W89/><G124/><T129/><D129/><U36/><E77/><V91/><F66/><W123/><G123/><T51/><D107/><U57/><E1/><V8/><F31/><W15/><G106/><T46/><D68/><U67/><E67/><V22/><REACH who="2" step="1"/><F75/><REACH who="2" ten="328,224,214,224" step="2"/><W126/><G126/><T49/><D32/><U35/><E35/><V61/><F61/><W30/><G30/><T121/><D121/><U133/><E133/><V25/><AGARI ba="1,1" hai="8,10,13,18,19,21,22,25,79,83,86,91,94,97" machi="25" ten="20,12000,2" yaku="1,1,0,1,7,1,8,1,52,1,53,1" doraHai="95" doraHaiUra="80" who="2" fromWho="2" sc="328,-61,224,-31,214,133,224,-31" /><INIT seed="1,0,0,5,5,24" ten="267,193,347,193" oya="1" hai0="118,39,114,134,43,48,104,33,15,100,1,56,135" hai1="110,58,115,31,71,38,26,83,72,102,87,112,21" hai2="0,91,40,82,65,7,67,85,131,2,8,10,60" hai3="106,6,55,89,108,77,9,124,122,28,12,92,73"/><U13/><E71/><V93/><F131/><W22/><G122/><T133/><D114/><U128/><E128/><V79/><F40/><W62/><G106/><T29/><D1/><U117/><E117/><V76/><F76/><W95/><G108/><T103/><D118/><U37/><E110/><V125/><F125/><W46/><G124/><T64/><D39/><U50/><E72/><V36/><F36/><W3/><G73/><T119/><D119/><U132/><E132/><V99/><REACH who="2" step="1"/><F60/><REACH who="2" ten="267,193,337,193" step="2"/><W84/><G77/><T98/><D43/><U51/><E38/><V105/><F105/><W126/><G126/><T80/><D104/><U78/><E37/><V61/><F61/><W90/><G62/><N who="0" m="37959" /><D48/><U59/><E50/><V130/><F130/><W57/><G46/><T68/><D68/><U44/><E44/><V70/><F70/><W123/><G123/><T120/><D120/><U27/><E51/><V96/><F96/><W41/><G41/><T113/><D98/><U97/><E115/><V74/><F74/><W5/><G57/><T14/><D113/><U86/><E112/><V66/><F66/><W11/><G55/><T88/><D134/><U63/><E63/><V4/><AGARI ba="0,1" hai="0,2,4,7,8,10,65,67,79,82,85,91,93,99" machi="4" ten="30,7900,0" yaku="1,1,0,1,9,1,53,1" doraHai="24" doraHaiUra="81" who="2" fromWho="2" sc="267,-20,193,-39,337,89,193,-20" /><INIT seed="2,0,0,5,1,75" ten="247,154,426,173" oya="2" hai0="52,73,89,95,31,104,132,22,94,3,126,6,59" hai1="128,23,25,133,19,106,86,65,51,53,68,46,40" hai2="50,58,93,131,28,63,130,43,82,98,127,33,92" hai3="1,20,39,118,84,42,74,135,29,11,64,41,37"/><V38/><F127/><W4/><G118/><T0/><D104/><U72/><E72/><V101/><F38/><W100/><G64/><T121/><D121/><U10/><E133/><V99/><F33/><W9/><G100/><T21/><D126/><U2/><E128/><V60/><F28/><W107/><G74/><T47/><D73/><U102/><E68/><V81/><F43/><W116/><G107/><T83/><D47/><U18/><E65/><V85/><F50/><W45/><G116/><T8/><D83/><U67/><E67/><V12/><F12/><W15/><G135/><T34/><D34/><U17/><E40/><V134/><F134/><W88/><G20/><T49/><D132/><U91/><E106/><V55/><F63/><W120/><G29/><T112/><D94/><U27/><E102/><V62/><F62/><W66/><G66/><T108/><D108/><U69/><E69/><V79/><REACH who="2" step="1"/><F81/><REACH who="2" ten="247,154,416,173" step="2"/><W24/><G42/><T80/><D80/><U115/><E115/><V32/><F32/><W48/><G120/><T14/><D31/><U87/><E51/><V129/><F129/><W16/><REACH who="3" step="1"/><G24/><REACH who="3" ten="247,154,416,163" step="2"/><T30/><D30/><U119/><E27/><V44/><F44/><W103/><G103/><AGARI ba="0,2" hai="55,58,60,79,82,85,92,93,98,99,101,103,130,131" machi="103" ten="40,7700,0" yaku="1,1,9,1,52,1,53,0" doraHai="75" doraHaiUra="5" who="2" fromWho="3" sc="247,0,154,0,416,97,163,-77" /><INIT seed="2,1,0,4,1,104" ten="247,154,513,86" oya="2" hai0="41,35,97,65,109,98,30,124,10,70,83,118,129" hai1="80,102,2,42,66,55,69,67,130,99,108,37,12" hai2="51,44,76,57,74,132,89,81,47,11,101,64,90" hai3="1,110,45,34,13,62,116,31,131,5,7,58,25"/><V119/><F119/><W82/><G116/><T56/><D118/><U28/><E2/><V91/><F132/><W14/><G110/><T115/><D115/><U122/><E108/><V8/><F101/><W125/><G125/><T61/><D109/><U22/><E130/><V75/><F75/><W71/><G71/><T36/><D124/><U29/><E122/><V94/><F94/><W17/><G131/><T48/><D129/><U27/><E29/><V128/><F128/><W79/><G45/><N who="0" m="23719" /><D10/><U133/><E133/><V68/><F68/><W16/><G58/><T100/><D100/><U114/><E114/><V4/><F8/><N who="3" m="2095" /><G82/><T95/><D95/><U9/><E69/><V40/><F44/><W43/><G62/><T134/><D134/><U59/><E80/><V60/><REACH who="2" step="1"/><F90/><REACH who="2" ten="247,154,503,86" step="2"/><W63/><G79/><T127/><D127/><U111/><E102/><V113/><F113/><W33/><G43/><T93/><D93/><U20/><E42/><V0/><AGARI ba="1,1" hai="0,4,11,40,47,51,57,60,64,74,76,81,89,91" machi="0" ten="20,7800,0" yaku="1,1,0,1,7,1,52,1,53,0" doraHai="104" doraHaiUra="120" who="2" fromWho="2" sc="247,-27,154,-27,503,91,86,-27" /><INIT seed="2,2,0,3,1,16" ten="220,127,594,59" oya="2" hai0="101,99,123,56,76,135,61,116,45,107,84,109,119" hai1="28,79,23,103,57,9,128,4,95,108,11,49,88" hai2="27,91,3,80,85,102,132,52,130,81,122,19,120" hai3="105,39,131,50,64,66,32,104,96,13,42,70,40"/><V6/><F130/><W53/><G32/><T71/><D123/><U38/><E128/><V113/><F132/><W106/><G131/><T33/><D109/><U46/><E108/><V54/><F113/><W17/><G96/><T1/><D1/><U47/><E103/><V15/><F102/><W51/><G39/><T0/><D0/><U48/><E38/><V133/><F133/><W94/><G94/><T118/><D33/><U126/><E126/><V60/><F27/><W65/><G70/><T124/><D135/><U58/><E79/><V59/><F54/><W125/><G125/><T22/><D71/><U67/><E67/><V86/><F6/><W18/><G53/><N who="0" m="33935" /><D45/><U55/><E11/><V69/><F3/><W78/><G78/><T10/><D10/><U30/><E9/><V26/><F26/><W121/><G121/><T29/><D124/><U77/><E77/><V25/><F25/><W37/><G37/><T117/><D117/><U63/><E4/><V43/><F43/><W5/><G5/><T36/><D36/><U74/><E74/><V34/><F34/><W35/><G35/><T89/><D76/><U98/><E63/><V12/><F69/><W24/><G24/><N who="0" m="16535" /><D89/><U87/><E30/><V41/><F41/><N who="3" m="15979" /><G13/><T75/><D75/><U44/><E28/><V7/><F7/><W134/><G134/><T14/><D14/><U2/><E2/><V20/><F12/><W97/><G97/><T8/><D8/><U112/><E98/><V68/><F68/><W92/><G92/><T127/><D127/><U31/><E95/><V110/><F122/><RYUUKYOKU ba="2,0" sc="220,15,127,-15,594,-15,59,15" hai0="84,99,101,107,116,118,119" hai3="17,18,50,51,64,65,66,104,105,106" /><INIT seed="3,3,0,0,1,8" ten="235,112,579,74" oya="3" hai0="45,30,98,73,99,85,78,2,90,56,103,62,0" hai1="109,25,49,44,82,124,121,75,127,6,23,17,106" hai2="101,63,50,14,38,113,7,105,39,84,61,117,57" hai3="19,76,100,31,35,70,86,42,16,129,96,130,66"/><W95/><G42/><T27/><D45/><U54/><E121/><V55/><F113/><W13/><G35/><T89/><D78/><N who="1" m="44383" /><E106/><V81/><F117/><W107/><G31/><T20/><D73/><U77/><E77/><V67/><F63/><N who="3" m="40287" /><G19/><T64/><D99/><U15/><E6/><V133/><F133/><W4/><G76/><T93/><D90/><U41/><E109/><V11/><F101/><W104/><G4/><T9/><D9/><U97/><E97/><V91/><F105/><AGARI ba="3,0" hai="0,2,20,27,30,56,62,64,85,89,93,98,103,105" machi="105" ten="30,1000,0" yaku="7,1" doraHai="8" who="0" fromWho="2" sc="235,19,112,0,579,-19,74,0" owari="254,5.4,112,-28.8,560,66.0,74,-42.6" /></mjloggm>