<mjloggm ver="2.3"><GO type="225" lobby="0"/><UN n0="%E5%A4%96%E5%B7%9D%E7%AB%9C%E6%88%90" n1="%6D%75%75%6D%75%72%61" n2="%E7%B4%94%E6%BD%94%E3%83%94%E3%83%A9%E3%83%8B%E3%82%A2" n3="%E3%81%82%E3%81%99%E3%81%AB%E3%82%83%E3%82%80" dan="16,16,18,16" rate="2230.92,2178.59,2228.84,2146.44" sx="M,F,M,F"/><TAIKYOKU oya="0"/><INIT seed="0,0,0,3,3,24" ten="250,250,250,250" oya="0" hai0="58,16,113,18,79,0,34,92,119,11,83,68,125" hai1="97,27,91,64,47,19,39,105,14,95,56,29,108" hai2="85,28,120,93,33,21,50,118,52,66,17,42,10" hai3="67,1,128,127,96,107,106,72,109,6,123,26,135"/><T3/><D113/><U89/><E108/><V53/><F120/><W63/><G109/><T101/><D119/><U132/><E132/><V43/><F118/><W82/><G135/><T88/><D68/><U38/><E105/><V25/><F66/><W122/><G128/><T86/><D125/><U44/><E38/><V57/><F53/><W124/><G26/><T99/><D34/><U76/><E76/><V94/><F33/><W126/><G96/><T114/><D114/><U15/><E91/><N who="2" m="53487" /><F94/><W111/><G111/><T130/><D130/><U62/><E39/><V37/><F37/><W41/><G41/><N who="2" m="15369" /><F10/><N who="3" m="2383" /><G82/><T5/><D0/><U110/><E110/><V74/><F74/><W129/><G72/><T46/><D46/><U73/><E73/><V133/><F133/><W12/><G12/><T115/><D115/><U13/><REACH who="1" step="1"/><E19/><AGARI ba="0,0" hai="17,19,21,25,28,50,52,57" m="15369,53487" machi="19" ten="30,3900,0" yaku="8,1,52,1,54,1" doraHai="24" who="2" fromWho="1" sc="250,0,250,-39,250,39,250,0" /><INIT seed="1,0,0,2,2,67" ten="250,211,289,250" oya="1" hai0="91,12,128,1,100,4,116,85,115,21,94,48,106" hai1="14,82,19,88,52,63,59,105,56,16,72,15,93" hai2="38,55,130,18,119,20,134,118,37,17,124,135,6" hai3="80,99,9,114,58,70,131,127,73,111,31,108,0"/><U8/><E105/><V46/><F6/><N who="3" m="1223" /><G114/><T126/><D116/><N who="2" m="44586" /><F124/><W33/><G127/><T113/><D126/><U29/><E72/><V60/><F130/><W132/><G131/><T103/><D128/><U123/><E123/><V117/><F117/><W96/><G132/><N who="2" m="50729" /><F17/><N who="1" m="6729" /><E82/><V102/><F102/><W112/><G112/><T84/><D103/><U90/><E29/><V51/><F60/><W3/><G3/><T27/><D100/><U40/><E40/><V120/><F120/><W44/><G58/><T32/><D4/><N who="1" m="3335" /><E15/><AGARI ba="0,0" hai="15,18,20,37,38,46,51,55" m="50729,44586" machi="15" ten="30,1000,0" yaku="20,1" doraHai="67" who="2" fromWho="1" sc="250,0,211,-10,289,10,250,0" /><INIT seed="2,0,0,1,0,82" ten="250,201,299,250" oya="2" hai0="64,113,66,97,95,92,127,24,88,87,73,21,62" hai1="39,115,118,93,81,28,109,112,119,79,56,128,107" hai2="54,74,9,111,89,58,85,44,19,49,38,69,67" hai3="134,52,30,83,22,15,1,46,16,106,130,45,5"/><V2/><F74/><W29/><G130/><T117/><D113/><N who="1" m="43595" /><E28/><V72/><F72/><W37/><G134/><T31/><D127/><U108/><E39/><V104/><F104/><W14/><G106/><T105/><D117/><N who="1" m="44555" /><E56/><V124/><F111/><N who="1" m="42569" /><E107/><V27/><F124/><W125/><G125/><T42/><D73/><U132/><E132/><V10/><F69/><W43/><G1/><T116/><D116/><U91/><E128/><V47/><F38/><W121/><G29/><T48/><D105/><U126/><E126/><V17/><F2/><W96/><G30/><T63/><D66/><U94/><E91/><V32/><F32/><W122/><G5/><T90/><D64/><U40/><E40/><V34/><F34/><W75/><G15/><T3/><D3/><U110/><N who="1" m="42577" /><U103/><DORA hai="12" /><E103/><V129/><F129/><W36/><G36/><T7/><D7/><U133/><E133/><V13/><F67/><W61/><G61/><T25/><D25/><U114/><N who="1" m="43603" /><U120/><DORA hai="55" /><E120/><V51/><F51/><W0/><G0/><T77/><D77/><U23/><E23/><N who="2" m="13807" /><F9/><W99/><G121/><T135/><D135/><U80/><E79/><V68/><F68/><W101/><G122/><T84/><D97/><U59/><E59/><V6/><F6/><W65/><G65/><T41/><D41/><U35/><E35/><V131/><F131/><W60/><G60/><T53/><D42/><U70/><E70/><V50/><F50/><N who="3" m="28751" /><G101/><T86/><D86/><U78/><E78/><V4/><F4/><W71/><G71/><T33/><D33/><RYUUKYOKU ba="0,0" sc="250,0,201,0,299,0,250,0" hai0="21,24,31,48,53,62,63,84,87,88,90,92,95" hai1="80,81,93,94" hai2="10,13,19,44,47,49,54,58,85,89" hai3="14,16,22,37,43,46,75,83,96,99" /><INIT seed="2,1,0,3,2,125" ten="250,201,299,250" oya="2" hai0="74,105,112,35,49,71,41,114,52,22,135,64,117" hai1="27,110,6,111,128,63,20,134,56,129,10,31,82" hai2="58,1,75,0,53,130,115,133,106,23,84,103,113" hai3="69,96,33,132,109,14,85,54,11,86,126,99,80"/><V26/><F75/><W101/><G109/><N who="1" m="41482" /><E82/><V45/><F45/><W65/><G126/><T83/><D35/><U118/><E118/><V25/><F106/><W73/><G33/><T5/><D105/><U108/><N who="1" m="41490" /><U2/><DORA hai="3" /><E134/><V100/><F84/><W50/><G132/><T51/><D135/><U124/><E124/><V93/><F133/><W97/><G65/><AGARI ba="1,0" hai="2,6,10,20,27,31,56,63,65,128,129" m="41490" machi="65" ten="40,8000,1" yaku="14,1,52,3" doraHai="125,3" who="1" fromWho="3" sc="250,0,201,83,299,0,250,-83" /><INIT seed="3,0,0,4,3,106" ten="250,284,299,167" oya="3" hai0="15,110,126,5,42,17,46,23,130,58,54,79,114" hai1="16,61,129,100,13,73,90,35,33,18,82,56,102" hai2="74,120,99,77,60,135,12,45,21,44,112,66,55" hai3="3,116,85,123,75,11,59,64,91,30,103,128,57"/><W69/><G116/><T72/><D110/><U28/><E129/><V78/><F112/><W24/><G123/><T68/><D68/><U87/><E73/><V98/><F120/><W20/><G128/><T40/><D130/><U48/><E33/><V122/><F135/><W52/><G103/><N who="1" m="39466" /><E35/><V88/><F74/><W132/><G75/><T53/><D114/><U80/><E28/><V93/><F99/><W36/><G36/><T89/><D126/><U92/><E48/><N who="2" m="29063" /><F45/><W65/><G132/><T39/><D42/><U6/><E6/><V7/><F122/><W29/><G69/><T67/><D89/><U113/><E113/><V10/><F21/><W37/><G37/><T8/><D58/><AGARI ba="0,0" hai="7,10,12,58,60,66,77,78,88,93,98" m="29063" machi="58" ten="30,2000,0" yaku="8,1,54,1" doraHai="106" who="2" fromWho="0" sc="250,-20,284,0,299,20,167,0" owari="230,-17.0,284,8.4,319,41.9,167,-33.3" /></mjloggm>