<mjloggm ver="2.3"><GO type="225" lobby="0"/><UN n0="%E5%A4%9C%E5%85%89%E5%A4%A9%E6%A5%BC" n1="%E3%81%86%E3%81%A9%E3%82%93%E3%81%93" n2="%E3%83%81%E3%83%AF%E3%83%AF%E9%9A%8A%E9%95%B7" n3="%E6%A1%9C%E8%8A%B1%E9%96%83%E3%80%85" dan="17,16,16,16" rate="2172.32,2205.43,2108.73,2191.74" sx="F,M,M,M"/><TAIKYOKU oya="0"/><INIT seed="0,0,0,3,3,75" ten="250,250,250,250" oya="0" hai0="18,108,24,84,35,41,134,126,49,6,63,102,100" hai1="17,106,111,1,67,55,76,4,73,103,81,59,104" hai2="135,112,97,27,82,10,53,123,61,87,39,68,91" hai3="37,109,115,90,95,114,83,133,34,11,25,47,62"/><T9/><D134/><U116/><E116/><V58/><F39/><W66/><G133/><T132/><D132/><U86/><E111/><V48/><F135/><W52/><G109/><T29/><D126/><U80/><E67/><V21/><F112/><W15/><G34/><T125/><D125/><U101/><E17/><V42/><F123/><W89/><G25/><T45/><D108/><U128/><E4/><V70/><F10/><W98/><G89/><T36/><D18/><U19/><E1/><V129/><F129/><W14/><G83/><T107/><D63/><U51/><E128/><V105/><F42/><W60/><G60/><T117/><D117/><U65/><E65/><V22/><F22/><W79/><G79/><T56/><D107/><U33/><E33/><V40/><F105/><W121/><G121/><T96/><D96/><U92/><E103/><V131/><F131/><W71/><G15/><T88/><D56/><U13/><E92/><V119/><F119/><W2/><G2/><T8/><D36/><U20/><REACH who="1" step="1"/><E101/><REACH who="1" ten="250,240,250,250" step="2"/><V93/><F70/><W99/><G114/><T78/><D6/><U124/><E124/><V122/><F68/><W0/><G0/><T64/><D64/><U5/><E5/><V32/><F122/><W16/><G115/><T110/><D110/><U44/><E44/><N who="2" m="25607" /><F32/><W3/><G3/><T38/><D102/><U127/><E127/><V118/><F118/><W54/><REACH who="3" step="1"/><G99/><REACH who="3" ten="250,240,250,240" step="2"/><T12/><D100/><U120/><E120/><V50/><F97/><W43/><AGARI ba="0,2" hai="11,14,16,37,43,47,52,54,62,66,71,90,95,98" machi="43" ten="30,8000,1" yaku="1,1,2,1,0,1,54,2,53,0" doraHai="75" doraHaiUra="31" who="3" fromWho="3" sc="250,-40,240,-20,250,-20,240,100" /><INIT seed="1,0,0,2,5,107" ten="210,220,230,340" oya="1" hai0="90,63,25,64,92,68,44,71,24,5,132,99,131" hai1="95,55,47,52,6,96,3,89,29,54,12,125,41" hai2="21,56,32,116,23,76,10,31,27,39,16,40,43" hai3="79,46,103,0,7,8,65,70,88,51,66,57,45"/><U9/><E125/><V59/><F116/><W124/><G124/><T134/><D71/><U30/><REACH who="1" step="1"/><E3/><REACH who="1" ten="210,210,230,340" step="2"/><V98/><F32/><W49/><G0/><T108/><D131/><U111/><E111/><V2/><F2/><W87/><G46/><T129/><D129/><U74/><E74/><V126/><F126/><W101/><G45/><T73/><D73/><U94/><E94/><V22/><F27/><W1/><G1/><T78/><D108/><U106/><E106/><V104/><F104/><W67/><G70/><T15/><D44/><U48/><AGARI ba="0,1" hai="6,9,12,29,30,41,47,48,52,54,55,89,95,96" machi="48" ten="30,12000,1" yaku="1,1,0,1,8,1,54,1,53,1" doraHai="107" doraHaiUra="86" who="1" fromWho="1" sc="210,-40,210,130,230,-40,340,-40" /><INIT seed="1,1,0,2,0,100" ten="170,340,190,300" oya="1" hai0="91,68,64,51,46,130,29,88,12,34,83,122,89" hai1="33,58,11,21,24,114,112,0,131,49,71,44,13" hai2="90,19,37,39,101,76,42,54,86,80,96,5,28" hai3="118,63,6,43,16,18,30,135,17,8,95,38,40"/><U23/><E71/><V35/><F5/><W7/><G135/><T77/><D130/><U3/><E58/><V120/><F120/><W31/><G118/><T9/><D122/><U126/><E49/><V79/><F42/><N who="3" m="15915" /><G38/><T82/><D34/><U119/><E44/><V94/><F37/><W99/><G63/><T134/><D134/><U108/><E119/><V60/><F39/><W132/><G132/><T121/><D121/><U74/><E74/><V27/><REACH who="2" step="1"/><F19/><REACH who="2" ten="170,340,180,300" step="2"/><W32/><G6/><N who="0" m="3127" /><D29/><U116/><E116/><V123/><F123/><W57/><G30/><T125/><D125/><U65/><E126/><V67/><F67/><W61/><G31/><T1/><D64/><U22/><E65/><V102/><F102/><N who="3" m="60799" /><G7/><T4/><D4/><U93/><E0/><V105/><F105/><W117/><G117/><T59/><D1/><U73/><E3/><V84/><F84/><W92/><G8/><T25/><D68/><U104/><E104/><V69/><F69/><W50/><G18/><T48/><D25/><U66/><E24/><V14/><F14/><W26/><G17/><T127/><D127/><U10/><E13/><V98/><F98/><W2/><G16/><T111/><D111/><U103/><E108/><V110/><F110/><W62/><G2/><T124/><D124/><U133/><E133/><V20/><F20/><W97/><G26/><T41/><D77/><U115/><E22/><V70/><F70/><W81/><G97/><T128/><D128/><U78/><E131/><V72/><F72/><W87/><G87/><T56/><D41/><U106/><E23/><RYUUKYOKU ba="1,1" sc="170,-10,340,-10,180,30,300,-10" hai2="27,28,35,54,60,76,79,80,86,90,94,96,101" /><INIT seed="2,2,1,5,4,52" ten="160,330,210,290" oya="2" hai0="60,62,78,59,57,42,36,27,4,66,40,56,71" hai1="110,75,20,118,25,23,135,121,58,2,125,112,100" hai2="73,130,48,11,30,69,24,86,39,87,79,65,50" hai3="37,85,74,117,128,21,80,61,43,94,103,105,114"/><V124/><F39/><W81/><G117/><T19/><D78/><U133/><E118/><V17/><F73/><W95/><G37/><T129/><D4/><U131/><E112/><V18/><F130/><W119/><G43/><N who="0" m="16427" /><D36/><U26/><E131/><V134/><F124/><W90/><G128/><T111/><D129/><U51/><E75/><V28/><F134/><N who="1" m="51209" /><E2/><V34/><F30/><W55/><G119/><T99/><D111/><U0/><E0/><V29/><F29/><W1/><G1/><T22/><D71/><U91/><E110/><V108/><F108/><W88/><G114/><T76/><D66/><U89/><E100/><V98/><F98/><N who="3" m="61687" /><G21/><N who="1" m="8266" /><E121/><V123/><F123/><W83/><G55/><T72/><D72/><U6/><E6/><V38/><F38/><W12/><G61/><N who="0" m="23659" /><D76/><U93/><E125/><V45/><F79/><N who="3" m="44151" /><G12/><T31/><D99/><AGARI ba="2,1" hai="81,83,85,88,90,94,95,99" m="44151,61687" machi="99" ten="30,12000,2" yaku="24,1,35,5,54,1" doraHai="52" who="3" fromWho="0" sc="160,-126,330,0,210,0,290,136" /><INIT seed="3,0,0,3,2,74" ten="34,330,210,426" oya="3" hai0="45,70,117,33,91,38,84,26,27,105,50,46,106" hai1="71,112,134,18,21,104,35,109,65,76,102,124,31" hai2="5,48,116,47,36,64,53,132,68,20,17,78,32" hai3="54,93,126,122,57,133,90,34,103,120,94,44,125"/><W118/><G118/><T114/><D117/><U108/><E112/><V6/><F32/><W10/><G34/><T129/><D70/><U79/><E134/><V16/><F116/><W75/><G133/><T30/><D114/><U29/><E124/><N who="3" m="47722" /><G75/><T73/><D73/><U97/><E35/><V9/><F132/><W15/><G44/><T81/><D129/><U61/><E29/><V131/><F131/><W96/><G54/><T59/><D27/><U4/><E4/><V89/><F36/><W49/><G49/><T110/><D110/><U101/><E101/><V113/><F113/><W128/><G57/><T58/><D38/><U85/><E31/><V41/><F64/><W56/><G56/><T62/><D58/><U3/><E3/><V99/><F68/><W39/><G39/><T87/><D87/><U92/><E104/><V83/><F41/><W14/><G128/><T51/><D51/><U111/><E85/><N who="2" m="48375" /><F9/><W95/><G15/><AGARI ba="0,0" hai="15,18,21,61,65,71,76,79,92,97,102,108,109,111" machi="15" ten="40,5200,0" yaku="14,1,52,2" doraHai="74" who="1" fromWho="3" sc="34,0,330,52,210,0,426,-52" owari="34,-46.6,382,48.2,210,-19.0,374,17.4" /></mjloggm>