<mjloggm ver="2.3"><GO type="225" lobby="0"/><UN n0="%E7%AD%89%E3%80%85%E5%8A%9B%E5%8A%87%E5%A0%B4" n1="%72%69%6F%75%63%68%61%6E" n2="%E3%81%B2%E3%81%AA%E3%81%AE%E3%82%8A%E3%81%8F" n3="%72%65%6E%6B%75%6E" dan="17,16,17,17" rate="2149.55,2144.98,2218.46,2286.12" sx="M,M,M,M"/><TAIKYOKU oya="0"/><INIT seed="0,0,0,1,2,114" ten="250,250,250,250" oya="0" hai0="55,8,70,127,29,49,89,115,2,44,4,54,78" hai1="85,59,72,86,18,3,24,120,12,105,104,5,79" hai2="90,71,122,62,41,0,52,129,111,43,117,88,73" hai3="42,81,39,74,37,11,66,119,93,97,47,27,30"/><T110/><D115/><U61/><E120/><V58/><F122/><W116/><G66/><T17/><D70/><U64/><E72/><V82/><F0/><W21/><G39/><T77/><D127/><U98/><E24/><V28/><F111/><W75/><G11/><T130/><D130/><U94/><E5/><V92/><F129/><W35/><G35/><T101/><D110/><U131/><E3/><V13/><F71/><W80/><G75/><T33/><D101/><U48/><E131/><V95/><F28/><W32/><G32/><T112/><D112/><U9/><E48/><V106/><F106/><W96/><G96/><T56/><D29/><U23/><E9/><V76/><F117/><W84/><G74/><T57/><D33/><U68/><E68/><V91/><REACH who="2" step="1"/><F13/><REACH who="2" ten="250,250,240,250" step="2"/><W6/><G6/><T51/><D4/><U65/><E105/><V46/><F46/><W67/><G67/><T118/><D44/><U128/><E104/><V126/><F126/><W16/><G30/><T22/><D2/><U10/><E128/><V60/><F60/><W69/><G69/><T7/><D7/><N who="1" m="3167" /><E64/><V132/><F132/><W134/><G134/><T36/><D118/><U125/><E125/><V25/><F25/><W87/><G116/><T108/><D108/><U50/><E61/><V103/><F103/><W20/><G119/><T63/><D63/><U135/><E65/><V83/><F83/><W133/><G133/><T14/><D14/><N who="1" m="9687" /><E135/><V1/><F1/><W40/><G27/><T102/><D102/><N who="1" m="60759" /><E79/><V31/><F31/><W45/><G40/><AGARI ba="0,1" hai="40,41,43,52,58,62,73,76,82,88,90,91,92,95" machi="40" ten="40,5200,0" yaku="1,1,54,2,53,0" doraHai="114" doraHaiUra="100" who="2" fromWho="3" sc="250,0,250,0,240,62,250,-52" /><INIT seed="1,0,0,4,4,29" ten="250,250,302,198" oya="1" hai0="98,127,104,99,49,88,62,2,103,133,25,16,12" hai1="28,122,80,48,20,63,72,51,17,47,118,30,97" hai2="116,54,23,22,3,94,13,107,134,71,85,78,24" hai3="10,69,84,11,55,53,125,111,128,135,50,123,43"/><U58/><E118/><V0/><F116/><W92/><G69/><T130/><D2/><U82/><E122/><V40/><F107/><W109/><G123/><T1/><D1/><U57/><E97/><V7/><F71/><W36/><G125/><T75/><D75/><U38/><E38/><V41/><F3/><W110/><G128/><T68/><D133/><U14/><E72/><V18/><F0/><W100/><G135/><T46/><D127/><U31/><E57/><V8/><F134/><W77/><G100/><T119/><D119/><U34/><E34/><V59/><F23/><W35/><G35/><T112/><D112/><U83/><REACH who="1" step="1"/><E47/><REACH who="1" ten="250,240,302,198" step="2"/><V87/><F87/><W106/><G36/><T91/><D46/><U76/><E76/><V70/><F70/><W64/><G106/><T6/><D99/><U19/><E19/><V9/><F78/><W108/><G77/><T93/><D16/><U96/><E96/><V95/><F85/><W129/><G129/><T79/><D98/><U105/><E105/><V33/><F33/><W102/><G102/><T4/><D103/><U37/><E37/><V5/><F5/><W101/><G101/><T56/><D4/><U39/><E39/><V15/><F7/><W32/><G32/><T89/><D6/><U45/><E45/><V114/><F114/><W21/><G108/><T67/><D104/><U60/><E60/><N who="2" m="35959" /><F24/><W132/><G109/><T65/><D25/><U113/><E113/><V86/><F18/><W73/><G110/><T74/><D130/><U66/><AGARI ba="0,1" hai="14,17,20,28,30,31,48,51,58,63,66,80,82,83" machi="66" ten="30,18000,2" yaku="1,1,0,1,8,1,53,3" doraHai="29" doraHaiUra="27" who="1" fromWho="1" sc="250,-60,240,190,302,-60,198,-60" /><INIT seed="1,1,0,1,4,82" ten="190,430,242,138" oya="1" hai0="84,91,22,115,41,20,36,131,85,25,21,72,10" hai1="67,95,35,125,99,117,66,114,89,8,56,1,129" hai2="16,135,39,44,48,106,65,47,112,104,58,130,40" hai3="37,3,30,122,23,107,43,17,75,68,86,61,118"/><U62/><E114/><V57/><F112/><W26/><G75/><T123/><D72/><U49/><E117/><V71/><F71/><W81/><G107/><T101/><D115/><U15/><E125/><V98/><F135/><W110/><G3/><T24/><D131/><U124/><E124/><V38/><F38/><W13/><G118/><T7/><D123/><U19/><E129/><V120/><F120/><W88/><G110/><T12/><D101/><U80/><E35/><V4/><F4/><W18/><G122/><T29/><D22/><U109/><E109/><V9/><F130/><W116/><G116/><T121/><D121/><U127/><E127/><V52/><F65/><W42/><G37/><T63/><D63/><U119/><E119/><V97/><F106/><W55/><G17/><T76/><D76/><U73/><E1/><V134/><F134/><W77/><G77/><T111/><D111/><U94/><E73/><V2/><F2/><W132/><G132/><T90/><D41/><U60/><E49/><V31/><F31/><W108/><G108/><T34/><D36/><U83/><REACH who="1" step="1"/><E95/><REACH who="1" ten="190,420,242,138" step="2"/><V5/><F48/><W64/><REACH who="3" step="1"/><G55/><REACH who="3" ten="190,420,242,128" step="2"/><T105/><D105/><U100/><E100/><V96/><F52/><W59/><G59/><AGARI ba="1,2" hai="8,15,19,56,59,60,62,66,67,80,83,89,94,99" machi="59" ten="30,11600,0" yaku="1,1,7,1,9,1,8,1,53,0" doraHai="82" doraHaiUra="74" who="1" fromWho="3" sc="190,0,420,139,242,0,128,-119" /><INIT seed="1,2,0,5,2,15" ten="190,559,242,9" oya="1" hai0="50,98,11,101,69,1,70,103,90,64,66,79,65" hai1="49,33,54,83,56,110,71,63,3,38,17,126,0" hai2="5,6,124,20,78,120,92,125,95,102,76,9,12" hai3="60,82,23,4,97,94,22,80,62,131,87,67,84"/><U74/><E126/><N who="2" m="48747" /><F120/><W85/><G131/><T59/><D79/><N who="2" m="30250" /><F102/><N who="3" m="60727" /><G4/><T25/><D1/><U121/><E83/><N who="3" m="31786" /><G67/><T58/><D66/><U116/><E74/><V41/><F41/><W119/><G119/><T30/><D65/><U28/><E116/><V10/><F20/><AGARI ba="2,0" hai="20,22,23,60,62,84,85,87" m="31786,60727" machi="20" ten="30,1000,0" yaku="8,1" doraHai="15" who="3" fromWho="2" sc="190,0,559,0,242,-16,9,16" /><INIT seed="2,0,0,3,3,70" ten="190,559,226,25" oya="2" hai0="8,26,104,23,33,118,2,103,64,95,61,121,123" hai1="58,73,79,115,80,88,78,117,11,5,91,37,130" hai2="108,32,77,14,60,82,62,75,7,120,28,21,97" hai3="4,57,98,89,94,9,18,34,122,116,45,99,49"/><V35/><F120/><W102/><G34/><T53/><D104/><U134/><E117/><V128/><F128/><W100/><G116/><T1/><D33/><U86/><E115/><V29/><F35/><W19/><G122/><T111/><D118/><U43/><E130/><V76/><F76/><W55/><G45/><T25/><D111/><U129/><E129/><V107/><F32/><W106/><REACH who="3" step="1"/><G100/><REACH who="3" ten="190,559,226,15" step="2"/><T85/><D103/><U105/><E134/><V41/><F108/><W133/><G133/><T36/><D123/><U81/><E105/><V90/><F107/><W46/><G46/><T30/><D121/><U72/><E86/><V132/><F132/><W119/><G119/><T40/><D85/><U16/><E58/><V87/><F75/><W113/><G113/><T92/><D1/><AGARI ba="0,1" hai="1,4,9,18,19,49,55,57,89,94,98,99,102,106" machi="1" ten="30,2000,0" yaku="1,1,7,1,53,0" doraHai="70" doraHaiUra="112" who="3" fromWho="0" sc="190,-20,559,0,226,0,15,30" /><INIT seed="3,0,0,0,3,74" ten="170,559,226,45" oya="3" hai0="16,9,90,42,1,62,64,45,26,49,36,83,97" hai1="44,73,65,11,103,13,114,18,52,87,118,123,66" hai2="60,129,0,55,125,67,57,53,21,89,100,109,110" hai3="47,122,131,61,135,23,24,113,27,31,20,12,101"/><W3/><G113/><T76/><D1/><U8/><E73/><V19/><F0/><W54/><G122/><T39/><D90/><U68/><E68/><V50/><F129/><W59/><G3/><T29/><D97/><U82/><E123/><V58/><F125/><W46/><G131/><T127/><D127/><U43/><E118/><V72/><F72/><W34/><G135/><T128/><D128/><U69/><E69/><V2/><F2/><W32/><G101/><T70/><D9/><U133/><E114/><V28/><F28/><W95/><G95/><T33/><D16/><U75/><E75/><AGARI ba="0,0" hai="26,29,33,36,39,42,45,49,62,64,70,75,76,83" machi="75" ten="30,2000,0" yaku="7,1,52,1" doraHai="74" who="0" fromWho="1" sc="170,20,559,-20,226,0,45,0" owari="190,-21.0,539,63.9,226,2.6,45,-45.5" /></mjloggm>