<mjloggm ver="2.3"><GO type="225" lobby="0"/><UN n0="%E5%84%AA%40%41%42%43" n1="%E9%A2%A8%E3%81%A7%E9%B3%B4%E3%81%8F" n2="%E3%81%BF%E3%81%BF%E3%81%9A" n3="%E6%9A%87%E4%BA%BA%EF%BC%A0%E9%85%8D%E4%BF%A1%E5%9E%A2" dan="18,16,16,17" rate="2191.85,2157.19,2135.45,2190.39" sx="M,M,M,F"/><TAIKYOKU oya="0"/><INIT seed="0,0,0,1,5,39" ten="250,250,250,250" oya="0" hai0="43,45,28,58,82,21,91,83,61,122,30,54,69" hai1="106,79,10,62,13,125,48,36,93,84,95,75,71" hai2="17,107,16,126,127,100,38,103,46,35,37,57,67" hai3="26,85,123,118,8,132,2,20,119,124,81,116,33"/><T86/><D122/><U135/><E36/><V129/><F35/><W42/><G123/><T66/><D82/><U59/><E106/><V19/><F129/><W96/><G132/><T4/><D4/><U11/><E135/><V88/><F67/><W89/><G124/><N who="2" m="47657" /><F57/><W98/><G33/><T49/><REACH who="0" step="1"/><D21/><REACH who="0" ten="240,250,250,250" step="2"/><U99/><E125/><V14/><F14/><W0/><G20/><T27/><D27/><U12/><E13/><V9/><F9/><W113/><G26/><T25/><D25/><U6/><E12/><V109/><F109/><W101/><G8/><T29/><D29/><U74/><E6/><V73/><F17/><W5/><G5/><T117/><D117/><U34/><E10/><V72/><F16/><W112/><G0/><T1/><D1/><U111/><E11/><V105/><F19/><W128/><G2/><T133/><D133/><U102/><E111/><V24/><F24/><W63/><G119/><T78/><D78/><U51/><E79/><V68/><F72/><W80/><G118/><T47/><D47/><U121/><E75/><V94/><F73/><W87/><G116/><T31/><D31/><U56/><E74/><V23/><F23/><W50/><G80/><T32/><D32/><U70/><E121/><V114/><F46/><W104/><G81/><T76/><D76/><U134/><E34/><V41/><F114/><W77/><G113/><T15/><D15/><U53/><E134/><V130/><F130/><W22/><G112/><T90/><D90/><U92/><E102/><V65/><F88/><W44/><G128/><T115/><D115/><RYUUKYOKU ba="0,1" sc="240,30,250,-10,250,-10,250,-10" hai0="28,30,43,45,49,54,58,61,66,69,83,86,91" /><INIT seed="0,1,1,2,5,101" ten="270,240,240,240" oya="0" hai0="68,84,120,29,89,44,133,112,106,17,53,83,10" hai1="35,13,100,24,113,99,37,43,4,7,61,75,64" hai2="110,103,115,126,52,54,30,108,122,129,55,134,28" hai3="117,76,31,59,107,15,49,82,127,97,85,130,39"/><T125/><D112/><U19/><E75/><V18/><F115/><W67/><G117/><T12/><D120/><U16/><E43/><V26/><F122/><W0/><G39/><T8/><D68/><N who="1" m="41999" /><E37/><V56/><F126/><W60/><G0/><T33/><D125/><U38/><E38/><V71/><F71/><W42/><G127/><T73/><D73/><U128/><E128/><V3/><F3/><W77/><G130/><T72/><D72/><U135/><E135/><V118/><F129/><W45/><G31/><N who="2" m="11817" /><F134/><W119/><G119/><T34/><D133/><U123/><E123/><V23/><F103/><W63/><G15/><T1/><D106/><N who="1" m="63775" /><E113/><V22/><F22/><W90/><G97/><T51/><REACH who="0" step="1"/><D29/><REACH who="0" ten="260,240,240,240" step="2"/><N who="1" m="19879" /><E19/><V91/><F118/><W80/><G107/><T94/><D94/><U20/><AGARI ba="1,2" hai="4,7,13,16,20" m="19879,63775,41999" machi="20" ten="30,4000,0" yaku="25,1,52,1,54,1" doraHai="101" who="1" fromWho="1" sc="260,-21,240,63,240,-11,240,-11" /><INIT seed="1,0,0,4,4,69" ten="239,303,229,229" oya="1" hai0="97,57,7,24,127,64,0,123,93,128,22,115,10" hai1="49,32,111,83,107,2,71,99,50,15,126,63,25" hai2="43,11,28,66,30,82,60,68,48,56,119,67,88" hai3="133,102,96,74,54,17,18,95,109,31,113,124,3"/><U52/><E2/><V53/><F119/><W81/><G113/><T134/><D115/><U122/><E122/><V131/><F131/><W13/><G3/><T1/><D128/><U38/><E38/><V116/><F116/><W98/><G109/><T65/><D127/><U129/><E126/><V117/><F117/><W45/><G124/><T29/><D134/><U51/><E129/><V8/><F67/><W58/><G133/><T85/><D123/><U9/><E111/><V46/><F28/><W12/><G31/><T104/><D104/><U89/><E32/><V135/><F30/><W94/><G45/><T42/><D85/><U77/><E25/><V41/><F135/><W75/><G81/><T39/><D0/><U33/><E33/><V118/><F118/><W106/><G106/><T55/><D42/><N who="2" m="15882" /><F68/><W59/><REACH who="3" step="1"/><G102/><REACH who="3" ten="239,303,229,219" step="2"/><T61/><D39/><U130/><E107/><V36/><F36/><W5/><G5/><T14/><D1/><U86/><E130/><V35/><F35/><W100/><G100/><AGARI ba="0,1" hai="7,10,14,22,24,29,55,57,61,64,65,93,97,100" machi="100" ten="30,2000,0" yaku="7,1,8,1" doraHai="69" who="0" fromWho="3" sc="239,30,303,0,229,0,219,-20" /><INIT seed="2,0,0,4,5,10" ten="269,303,229,199" oya="2" hai0="12,125,85,81,101,61,50,88,113,116,91,87,58" hai1="51,53,112,72,73,69,83,84,79,104,39,24,130" hai2="131,67,35,29,2,97,126,118,28,75,52,90,6" hai3="63,57,7,105,3,110,27,98,117,122,86,120,119"/><V96/><F118/><N who="3" m="45067" /><G57/><T16/><D113/><U56/><E104/><V36/><F75/><W41/><G63/><T135/><D125/><U128/><E112/><V64/><F126/><W95/><G41/><T60/><D135/><U26/><E69/><V66/><F36/><W47/><G47/><T134/><D134/><U99/><E39/><V132/><F132/><W21/><G86/><T80/><D116/><U76/><E99/><V44/><F35/><W70/><G70/><T32/><D32/><U49/><E49/><N who="2" m="28711" /><F2/><W38/><G95/><T124/><D124/><U11/><E11/><V55/><F6/><W19/><G98/><T30/><D30/><N who="2" m="11882" /><F131/><N who="1" m="50217" /><E79/><V59/><F90/><W0/><G105/><T129/><D101/><U74/><AGARI ba="0,0" hai="24,26,51,53,56,72,73,74,76,83,84" m="50217" machi="74" ten="40,1500,0" yaku="19,1" doraHai="10" who="1" fromWho="1" sc="269,-4,303,15,229,-7,199,-4" /><INIT seed="3,0,0,1,4,127" ten="265,318,222,195" oya="3" hai0="97,58,12,53,101,116,69,88,108,98,99,33,18" hai1="15,78,87,3,124,115,55,132,24,14,102,7,1" hai2="37,59,32,44,47,25,41,100,9,5,91,96,95" hai3="57,126,81,75,79,128,38,121,64,13,106,103,22"/><W73/><G121/><T28/><D116/><U72/><E115/><V54/><F47/><W70/><G38/><T131/><D69/><U23/><E72/><V120/><F120/><W16/><G126/><T113/><D113/><U4/><E124/><V129/><F129/><W125/><G125/><T39/><D39/><U65/><E132/><V46/><F46/><W133/><G133/><T40/><D40/><U21/><E102/><V51/><F25/><W74/><G70/><T90/><D131/><U11/><E65/><V92/><F32/><W93/><G106/><T36/><D36/><U134/><E134/><V56/><F41/><W27/><G128/><T130/><D108/><U85/><E55/><V107/><F37/><W29/><G103/><T110/><D110/><U60/><E60/><V86/><REACH who="2" step="1"/><F107/><REACH who="2" ten="265,318,212,195" step="2"/><W94/><G74/><T50/><D130/><U82/><E24/><V80/><F80/><W31/><G73/><T19/><D33/><U66/><E82/><V48/><F48/><W0/><G0/><AGARI ba="0,1" hai="0,5,9,44,51,54,56,59,86,91,92,95,96,100" machi="0" ten="30,2000,0" yaku="1,1,7,1,53,0" doraHai="127" doraHaiUra="119" who="2" fromWho="3" sc="265,0,318,0,212,30,195,-20" owari="265,6.5,318,41.8,242,-15.8,175,-32.5" /></mjloggm>