<mjloggm ver="2.3"><GO type="225" lobby="0"/><UN n0="%6C%61%6D%62" n1="%E3%81%8B%E3%82%8F%E3%81%A1%E3%82%83%E3%82%93%35%38" n2="%E3%83%A9%E3%82%A4%E3%83%B3%E3%81%AE%E8%99%8E" n3="%4C%4F%4C%49%54%41" dan="16,16,16,16" rate="2207.13,2139.35,2109.08,2183.67" sx="M,M,M,F"/><TAIKYOKU oya="0"/><INIT seed="0,0,0,0,2,111" ten="250,250,250,250" oya="0" hai0="45,16,90,63,40,54,114,103,81,15,65,18,107" hai1="86,32,25,96,17,64,118,120,35,92,6,42,27" hai2="89,73,28,22,116,19,104,11,26,77,57,30,21" hai3="29,112,62,84,10,131,31,75,49,101,128,122,9"/><T80/><D54/><U1/><E120/><V44/><F116/><W79/><G75/><T110/><D110/><U87/><E118/><V72/><F104/><W135/><G122/><T14/><D114/><U132/><E132/><V3/><F89/><W125/><G135/><T109/><D109/><U98/><E64/><V134/><F134/><W12/><G125/><T34/><D34/><U113/><E42/><V85/><F57/><W20/><G101/><T117/><D117/><U51/><E51/><V102/><F102/><W43/><G62/><T37/><D107/><U74/><E17/><V127/><F44/><N who="3" m="25759" /><G112/><T53/><D103/><U121/><E6/><V41/><F41/><W46/><G46/><T130/><D53/><U69/><E121/><V61/><F61/><W13/><G13/><T108/><D130/><N who="3" m="49705" /><G20/><T129/><D129/><U67/><E74/><V93/><F127/><W83/><G9/><T78/><D108/><U68/><E1/><V56/><F72/><W23/><G23/><T115/><D115/><U38/><E113/><V48/><F73/><W105/><G105/><T50/><D37/><U100/><E100/><V7/><F22/><W58/><G58/><N who="0" m="37111" /><D14/><U82/><E38/><V4/><F3/><W70/><G70/><T59/><D59/><U97/><E68/><V60/><F56/><W2/><G2/><T124/><D15/><U91/><E69/><V66/><F60/><W119/><G119/><T33/><D124/><U39/><E39/><V95/><F66/><W24/><G24/><N who="1" m="9290" /><E67/><V71/><F71/><W52/><G52/><T55/><D55/><RYUUKYOKU ba="0,0" sc="250,-15,250,15,250,-15,250,15" hai1="32,35,82,86,87,91,92,96,97,98" hai3="10,12,29,31,79,83,84" /><INIT seed="1,1,0,5,5,34" ten="235,265,235,265" oya="1" hai0="128,133,28,51,100,132,118,33,94,85,11,114,12" hai1="22,69,84,42,0,20,91,48,97,65,73,134,116" hai2="109,63,92,125,3,10,53,115,101,47,2,8,77" hai3="6,71,31,24,112,105,58,124,129,74,95,93,26"/><U86/><E116/><V5/><F109/><W30/><G71/><T82/><D118/><U120/><E120/><V14/><F77/><W78/><G112/><T40/><D114/><U62/><E73/><V43/><F115/><W59/><G105/><T57/><D33/><U17/><E134/><V68/><F125/><W106/><G106/><T25/><D100/><U108/><E108/><V60/><F53/><W21/><G129/><T119/><D94/><U44/><E0/><V18/><F68/><W49/><G124/><T80/><D119/><U110/><E110/><V89/><F101/><W54/><G6/><T87/><D128/><U67/><E67/><V98/><REACH who="2" step="1"/><F3/><REACH who="2" ten="235,265,225,265" step="2"/><W103/><G103/><T29/><D132/><U72/><E69/><V39/><AGARI ba="1,1" hai="2,5,8,10,14,18,39,43,47,60,63,89,92,98" machi="39" ten="20,8000,1" yaku="1,1,2,1,0,1,7,1,52,1,53,0" doraHai="34" doraHaiUra="126" who="2" fromWho="2" sc="235,-21,265,-41,225,93,265,-21" /><INIT seed="2,0,0,2,2,127" ten="214,224,318,244" oya="2" hai0="105,32,117,70,82,7,12,16,123,103,94,50,3" hai1="86,95,107,98,112,115,61,29,49,71,78,62,80" hai2="27,77,53,33,37,54,69,93,89,92,4,101,96" hai3="15,72,132,36,8,76,84,60,9,116,128,108,110"/><V59/><F69/><W42/><G116/><T73/><D123/><U35/><E107/><V19/><F37/><W65/><G132/><T129/><D70/><U106/><E106/><V75/><F4/><W1/><G72/><T68/><D68/><U120/><E120/><V24/><F75/><W14/><G1/><T26/><D117/><U21/><E35/><V18/><F77/><W2/><G2/><T43/><D105/><U67/><E62/><V126/><F54/><W79/><G128/><T91/><D129/><U23/><E49/><V66/><F66/><W46/><G14/><T6/><D103/><U31/><E21/><V10/><F126/><W130/><G130/><T99/><D3/><U38/><E38/><V83/><F83/><N who="3" m="47207" /><G15/><T48/><D26/><U88/><REACH who="1" step="1"/><E23/><REACH who="1" ten="214,214,318,244" step="2"/><V97/><F33/><W119/><G60/><T56/><D32/><U102/><E102/><V109/><F101/><W55/><G36/><T63/><D48/><U5/><E5/><V87/><F27/><W25/><G25/><T17/><D6/><U57/><E57/><V20/><F59/><W85/><G119/><T81/><D50/><U74/><E74/><V104/><F104/><W40/><G46/><T134/><D73/><U125/><E125/><V44/><F44/><W131/><G131/><T13/><D7/><U122/><E122/><V0/><F20/><W41/><G8/><N who="0" m="6151" /><D43/><N who="3" m="16457" /><G9/><N who="0" m="6319" /><D134/><U58/><E58/><V51/><F24/><W90/><G42/><T22/><D22/><U113/><AGARI ba="0,1" hai="29,31,61,67,71,78,80,86,88,95,98,112,113,115" machi="113" ten="30,4000,0" yaku="1,1,0,1,54,1,53,0" doraHai="127" doraHaiUra="34" who="1" fromWho="1" sc="214,-10,214,50,318,-20,244,-10" /><INIT seed="3,0,0,4,1,98" ten="204,264,298,234" oya="3" hai0="114,1,88,134,115,135,46,33,95,78,112,9,22" hai1="77,62,125,97,10,55,130,20,124,28,66,42,111" hai2="2,18,133,87,74,44,123,56,129,30,0,122,101" hai3="3,105,23,52,90,103,102,72,100,75,128,35,7"/><W86/><G35/><T99/><D33/><U49/><E111/><V19/><F74/><W6/><G105/><T12/><D78/><U117/><E130/><V67/><F129/><W132/><G128/><T68/><D68/><U16/><E117/><V31/><F101/><W8/><G132/><N who="0" m="50731" /><D22/><U48/><E77/><V131/><F133/><W120/><G7/><N who="0" m="3135" /><D46/><U96/><E96/><V5/><F87/><W24/><G52/><T34/><D34/><U39/><E28/><N who="2" m="10795" /><F44/><W118/><G120/><N who="2" m="46121" /><F131/><W38/><G38/><T15/><D15/><U91/><E10/><N who="2" m="2343" /><F2/><AGARI ba="0,0" hai="1,2,88,95,99,112,114,115" m="3135,50731" machi="2" ten="40,5200,0" yaku="11,1,20,1,54,1" doraHai="98" who="0" fromWho="2" sc="204,52,264,0,298,-52,234,0" /><INIT seed="4,0,0,5,5,73" ten="256,264,246,234" oya="0" hai0="8,74,107,79,88,1,84,99,108,53,102,52,69" hai1="33,41,9,59,66,35,25,56,19,72,16,123,122" hai2="34,110,127,134,112,20,119,62,94,71,7,11,111" hai3="39,83,93,64,61,87,116,29,125,5,92,97,100"/><T89/><D69/><U60/><E72/><V78/><F34/><W14/><G116/><T48/><D108/><U10/><E41/><V113/><F119/><W24/><G125/><T117/><D117/><U54/><E25/><V109/><F127/><W103/><G39/><T32/><D32/><U13/><E35/><V132/><F94/><W0/><G0/><T65/><D65/><U43/><E43/><V55/><F78/><W129/><G129/><T77/><D89/><U44/><E44/><V128/><F20/><W105/><G103/><T120/><D120/><U31/><E31/><V50/><F128/><W135/><G135/><N who="2" m="51753" /><F11/><W27/><G14/><T98/><D98/><U63/><E33/><V23/><F23/><W40/><G5/><N who="0" m="1071" /><D48/><U96/><E96/><V49/><F7/><W37/><G27/><T126/><D79/><U4/><REACH who="1" step="1"/><E19/><REACH who="1" ten="256,254,246,234" step="2"/><V118/><F118/><W6/><G24/><T45/><D45/><U2/><AGARI ba="0,1" hai="2,4,9,10,13,16,54,56,59,60,63,66,122,123" machi="2" ten="20,8000,1" yaku="1,1,2,1,0,1,7,1,54,1,53,0" doraHai="73" doraHaiUra="17" who="1" fromWho="1" sc="256,-40,254,90,246,-20,234,-20" owari="216,-18.4,344,44.4,226,2.6,214,-28.6" /></mjloggm>