<mjloggm ver="2.3"><GO type="225" lobby="0"/><UN n0="%E5%B8%86%E7%AB%8B%E5%A4%8F%E8%A1%A3" n1="%28%EF%BF%A3%E2%96%BD%EF%BF%A3%29%CE%B4%E2%8C%92%E3%83%BB" n2="%E3%82%8C%E3%81%99%E3%81%93" n3="%E7%9A%AE%E3%80%85" dan="17,17,17,16" rate="2171.99,2275.19,2208.44,2087.45" sx="M,M,F,M"/><TAIKYOKU oya="0"/><INIT seed="0,0,0,4,4,126" ten="250,250,250,250" oya="0" hai0="54,125,66,11,24,108,53,52,104,14,34,13,101" hai1="40,70,115,56,44,58,31,68,9,62,38,113,18" hai2="103,42,33,26,28,30,39,100,25,45,135,98,124" hai3="0,86,105,82,106,132,69,32,97,92,23,119,78"/><T60/><D125/><U47/><E31/><V114/><F124/><W41/><G32/><T59/><D108/><U75/><E18/><V21/><F135/><W63/><G119/><T15/><D104/><U116/><E9/><V19/><F114/><N who="1" m="43529" /><E75/><V10/><F10/><W134/><G0/><T96/><D34/><U129/><E116/><V55/><F55/><W127/><G41/><T51/><D24/><U6/><E6/><V50/><F39/><W102/><G23/><T111/><D111/><U72/><E72/><V12/><REACH who="2" step="1"/><F98/><REACH who="2" ten="250,250,240,250" step="2"/><W67/><REACH who="3" step="1"/><G127/><REACH who="3" ten="250,250,240,240" step="2"/><T80/><D11/><U49/><E40/><V73/><F73/><W93/><G93/><N who="0" m="58511" /><D80/><U8/><E8/><V128/><F128/><W122/><G122/><T130/><D130/><U90/><E129/><V61/><F61/><W48/><G48/><AGARI ba="0,2" hai="13,14,15,48,51,52,53,54,59,60,66" m="58511" machi="48" ten="30,2900,0" yaku="8,1,54,1" doraHai="126" who="0" fromWho="3" sc="250,49,250,0,240,0,240,-29" /><INIT seed="0,1,0,2,1,123" ten="299,250,240,211" oya="0" hai0="104,57,76,19,70,22,128,80,50,46,15,120,38" hai1="135,62,29,131,86,105,121,16,42,36,129,7,102" hai2="33,9,60,109,58,28,78,79,40,37,2,96,6" hai3="8,56,51,94,18,45,41,90,69,13,25,95,124"/><T26/><D128/><N who="1" m="49227" /><E121/><V82/><F96/><W111/><G69/><T66/><D120/><U48/><E135/><V39/><F40/><W27/><G124/><T34/><D104/><U65/><E36/><V98/><F109/><W114/><G114/><T81/><D70/><U43/><E29/><V99/><F99/><W73/><G73/><T14/><D38/><U113/><E7/><V10/><F79/><W64/><G111/><T74/><D80/><U127/><E127/><V52/><F98/><W44/><G95/><T23/><D34/><U59/><E102/><V35/><F10/><W32/><G32/><T72/><D72/><U107/><E113/><V116/><F116/><W68/><G68/><T84/><D74/><U55/><E86/><V63/><F35/><W12/><G45/><T126/><D126/><U133/><E133/><V118/><F118/><W132/><G132/><T4/><D4/><U106/><E16/><V21/><F33/><W67/><G13/><T17/><D66/><N who="3" m="25129" /><G56/><AGARI ba="1,0" hai="42,43,48,55,56,59,62,65,105,106,107" m="49227" machi="56" ten="40,1300,0" yaku="19,1" doraHai="123" who="1" fromWho="3" sc="299,0,250,16,240,0,211,-16" /><INIT seed="1,0,0,3,4,124" ten="299,266,240,195" oya="1" hai0="13,61,119,57,37,104,130,44,69,131,42,26,100" hai1="52,110,21,98,117,41,18,46,6,76,48,90,31" hai2="113,7,33,127,123,120,43,49,126,135,116,65,91" hai3="20,81,133,86,66,111,83,114,29,109,22,63,27"/><U70/><E70/><V4/><F33/><W121/><G121/><N who="2" m="46665" /><F116/><W8/><G114/><T108/><D108/><U74/><E110/><N who="3" m="41994" /><G133/><T55/><D119/><U115/><E115/><V25/><F113/><W89/><G8/><T59/><D104/><U79/><E74/><V23/><F65/><W67/><G63/><N who="0" m="36287" /><D100/><U87/><E31/><N who="2" m="17855" /><F91/><W53/><G53/><N who="0" m="34031" /><D13/><N who="1" m="9423" /><E6/><N who="2" m="2091" /><F49/><W118/><G118/><T88/><D88/><U40/><E98/><V38/><F43/><N who="1" m="16457" /><E117/><V2/><F38/><W54/><G54/><T50/><D26/><U134/><E134/><V82/><F82/><AGARI ba="0,0" hai="46,48,52,76,79,82,87,90" m="16457,9423" machi="82" ten="30,2900,0" yaku="8,1,54,1" doraHai="124" who="1" fromWho="2" sc="299,0,266,29,240,-29,195,0" /><INIT seed="1,1,0,4,5,64" ten="299,295,211,195" oya="1" hai0="43,91,127,78,75,108,8,124,125,63,3,0,36" hai1="104,23,22,94,95,115,73,123,135,54,86,120,116" hai2="84,74,82,66,85,79,92,47,65,72,41,39,62" hai3="88,6,9,49,18,100,105,48,53,15,81,70,132"/><U107/><E73/><V114/><F114/><W61/><G132/><T134/><D134/><U37/><E135/><V69/><REACH who="2" step="1"/><F66/><REACH who="2" ten="299,295,201,195" step="2"/><W40/><G40/><T56/><D124/><U10/><E115/><V87/><F87/><W71/><G6/><T106/><D125/><U1/><E86/><V29/><F29/><W19/><G19/><T60/><D127/><U31/><E31/><V35/><F35/><W55/><G100/><T14/><D75/><U129/><E120/><V103/><F103/><W51/><G105/><T133/><D106/><U27/><E123/><V12/><F12/><W119/><G119/><T83/><D14/><U118/><E107/><V58/><F58/><N who="3" m="35023" /><G51/><T25/><D56/><U130/><E104/><V98/><F98/><W111/><G49/><T126/><D133/><U45/><E116/><V24/><F24/><W80/><G111/><T112/><D126/><U96/><E27/><V67/><F67/><W102/><G102/><T110/><D112/><U50/><E118/><V21/><F21/><W11/><G11/><T113/><D8/><U89/><E10/><V5/><F5/><W7/><G7/><T97/><D113/><U131/><E23/><V59/><F59/><W13/><G13/><T101/><D101/><U32/><E22/><V38/><F38/><W46/><G81/><T57/><D83/><U122/><E37/><V16/><F16/><W26/><G26/><T2/><D25/><U20/><E20/><V4/><F4/><W90/><G80/><T33/><D33/><U17/><E32/><V76/><F76/><W68/><AGARI ba="1,1" hai="9,15,18,46,48,55,68,70,71,88,90" m="35023" machi="68" ten="30,8000,1" yaku="5,1,52,3,54,1" doraHai="64" who="3" fromWho="3" sc="299,-21,295,-41,201,-21,195,93" /><INIT seed="2,0,0,3,4,114" ten="278,254,180,288" oya="2" hai0="50,61,28,120,21,102,40,32,52,96,51,60,111" hai1="83,73,110,11,91,0,62,6,75,65,93,76,89" hai2="22,14,88,123,41,3,42,86,25,122,46,92,7" hai3="115,58,68,132,55,34,100,119,106,78,116,126,131"/><V134/><F3/><W18/><G115/><T87/><D111/><U13/><E110/><V113/><F113/><W43/><G68/><T64/><D120/><U109/><E109/><V129/><F134/><W38/><G132/><T23/><D32/><U37/><E75/><V107/><F107/><W63/><G34/><T49/><D40/><U108/><E108/><V4/><F129/><W17/><G131/><T70/><D87/><U47/><E93/><V2/><F2/><W125/><G78/><T74/><D74/><U130/><E130/><V79/><F42/><W77/><G77/><T19/><D28/><U133/><E133/><V30/><F79/><W10/><G43/><T128/><D128/><U90/><E47/><V15/><F15/><N who="3" m="7415" /><G18/><T112/><D112/><U20/><E37/><V27/><F27/><W99/><G38/><T67/><D19/><U135/><E135/><V26/><F26/><W81/><G81/><T71/><D23/><U45/><E45/><V101/><F101/><W35/><G35/><T8/><D21/><U103/><E103/><V54/><F54/><W124/><AGARI ba="0,0" hai="55,58,63,99,100,106,116,119,124,125,126" m="7415" machi="124" ten="30,4000,0" yaku="18,1,52,2" doraHai="114" who="3" fromWho="3" sc="278,-10,254,-10,180,-20,288,40" /><INIT seed="3,0,0,1,5,122" ten="268,244,160,328" oya="3" hai0="34,82,133,69,0,84,92,102,38,103,110,105,2" hai1="131,27,93,42,36,12,64,45,104,68,107,37,13" hai2="115,29,111,59,46,100,85,112,101,109,56,120,119" hai3="31,129,60,5,24,7,91,47,8,72,20,33,9"/><W70/><G72/><T19/><D69/><U98/><E131/><V58/><F120/><W49/><G129/><T23/><D38/><U16/><E37/><V18/><F119/><W121/><G121/><T134/><D105/><U114/><E114/><N who="2" m="43563" /><F29/><W81/><G33/><T22/><D34/><U132/><E132/><N who="0" m="50793" /><D23/><U116/><E116/><V135/><F18/><W35/><G35/><T123/><D123/><U54/><E27/><V90/><F135/><W67/><G5/><T126/><D126/><U99/><E12/><V43/><F90/><W75/><G7/><T108/><D102/><N who="2" m="39530" /><F85/><W6/><G6/><T14/><D103/><U118/><E118/><V106/><F106/><W44/><G44/><T71/><D92/><U25/><E107/><V62/><F62/><W52/><G75/><T57/><D71/><U127/><E104/><V40/><F46/><W21/><G21/><T86/><D86/><U26/><E45/><V76/><F76/><W80/><G91/><N who="0" m="51607" /><D57/><U61/><E61/><V51/><F51/><W113/><G113/><T96/><D96/><U79/><E99/><V41/><AGARI ba="0,0" hai="40,41,43,56,58,59,109,111" m="39530,43563" machi="41" ten="40,8000,1" yaku="28,2,52,2" doraHai="122" who="2" fromWho="2" sc="268,-20,244,-20,160,80,328,-40" /><INIT seed="4,0,0,2,2,106" ten="248,224,240,288" oya="0" hai0="28,54,98,90,125,58,132,104,99,60,39,71,62" hai1="114,120,72,11,51,27,23,85,35,129,49,131,122" hai2="50,82,56,15,83,119,13,108,41,67,121,64,63" hai3="8,77,3,93,80,5,47,117,16,135,86,105,29"/><T20/><D39/><U126/><E35/><V103/><F108/><W100/><G105/><T66/><D132/><U113/><E11/><V74/><F121/><N who="1" m="46697" /><E85/><V25/><F119/><W24/><G117/><T9/><D125/><U127/><E72/><V33/><F103/><W92/><G135/><T111/><D111/><U18/><E49/><V38/><F38/><W22/><G100/><T59/><D104/><U73/><E73/><V55/><F41/><W7/><G7/><T34/><D34/><U53/><E53/><V78/><F67/><W19/><G47/><T17/><D90/><U57/><E57/><V118/><F118/><W134/><G134/><T128/><D71/><U70/><E51/><V31/><REACH who="2" step="1"/><F83/><REACH who="2" ten="248,224,230,288" step="2"/><W84/><G93/><T130/><D130/><N who="1" m="49675" /><E70/><AGARI ba="0,1" hai="13,15,25,31,33,50,55,56,63,64,70,74,78,82" machi="70" ten="30,7700,0" yaku="1,1,7,1,52,1,53,1" doraHai="106" doraHaiUra="75" who="2" fromWho="1" sc="248,0,224,-77,230,87,288,0" owari="248,-15.2,147,-35.3,317,41.7,288,8.8" /></mjloggm>