<mjloggm ver="2.3"><GO type="225" lobby="0"/><UN n0="%E3%81%AF%E3%82%88%E3%81%8A%E3%81%98%E3%81%95%E3%82%93" n1="%6D%75%75%6D%75%72%61" n2="%E6%A1%9C%E8%8A%B1%E9%96%83%E3%80%85" n3="%4C%4F%4C%49%54%41" dan="16,16,18,16" rate="2203.18,2171.54,2298.11,2195.41" sx="M,F,M,F"/><TAIKYOKU oya="0"/><INIT seed="0,0,0,4,1,42" ten="250,250,250,250" oya="0" hai0="23,59,88,58,84,86,106,43,123,127,132,1,97" hai1="119,57,71,131,134,55,49,91,125,38,62,69,126" hai2="96,130,70,25,104,9,37,19,129,66,99,122,36" hai3="54,75,98,27,80,8,60,116,83,114,53,18,133"/><T118/><D118/><U100/><E100/><N who="2" m="62471" /><F99/><W4/><G116/><T13/><D123/><U16/><E119/><V92/><F92/><W82/><G114/><T52/><D1/><U20/><E38/><V117/><F122/><W7/><G75/><T21/><D127/><N who="1" m="48651" /><E131/><N who="2" m="50187" /><F117/><W10/><G133/><T102/><D132/><U90/><E134/><V94/><F94/><W103/><G27/><T128/><D128/><U12/><E71/><V65/><F9/><W30/><G30/><T68/><D68/><U112/><E112/><V105/><F105/><W5/><G60/><T35/><D35/><U89/><E69/><V51/><F51/><AGARI ba="0,0" hai="12,16,20,49,51,55,57,62,89,90,91" m="48651" machi="51" ten="30,2000,0" yaku="18,1,54,1" doraHai="42" who="1" fromWho="2" sc="250,0,250,20,250,-20,250,0" /><INIT seed="1,0,0,2,5,131" ten="250,270,230,250" oya="1" hai0="119,45,113,120,128,106,10,79,46,83,87,61,38" hai1="41,80,50,5,58,16,115,22,70,42,86,107,82" hai2="73,7,24,91,0,60,20,97,25,88,57,116,108" hai3="135,69,49,35,8,21,117,15,6,11,9,43,94"/><U133/><E115/><V1/><F116/><W33/><G69/><T66/><D113/><U81/><E70/><V29/><F73/><W74/><G74/><T77/><D119/><U126/><E107/><V127/><F108/><W48/><G117/><T18/><D106/><U56/><E126/><V40/><F127/><W96/><G9/><T28/><D128/><U102/><E133/><V85/><F40/><N who="1" m="15465" /><E5/><V64/><F7/><W109/><G109/><T67/><D120/><U62/><E102/><V3/><F85/><W54/><G135/><T36/><D28/><U134/><E134/><V34/><REACH who="2" step="1"/><F97/><REACH who="2" ten="250,270,220,250" step="2"/><W100/><G6/><T114/><D114/><U101/><E86/><V71/><F71/><W63/><G96/><T19/><D87/><U12/><E82/><V31/><AGARI ba="0,1" hai="0,1,3,20,24,25,29,31,34,57,60,64,88,91" machi="31" ten="40,5200,0" yaku="1,1,0,1,54,1,53,0" doraHai="131" doraHaiUra="122" who="2" fromWho="2" sc="250,-13,270,-26,220,62,250,-13" /><INIT seed="2,0,0,3,5,120" ten="237,244,282,237" oya="2" hai0="0,90,85,110,123,93,131,74,55,3,23,98,83" hai1="34,73,56,129,65,87,42,69,1,61,86,126,104" hai2="125,51,80,16,72,30,91,92,66,58,122,17,53" hai3="68,24,121,15,89,5,117,130,127,97,135,128,27"/><V118/><F118/><W25/><G68/><T57/><D123/><U94/><E104/><V119/><F119/><W95/><G121/><T40/><D131/><N who="3" m="50217" /><G117/><T54/><D74/><U96/><E129/><V38/><F122/><W84/><G127/><T10/><D40/><U47/><E73/><V32/><F38/><W8/><G135/><T28/><D110/><U77/><E126/><V101/><F125/><W62/><G62/><T102/><D10/><U50/><E1/><V116/><F101/><W35/><G84/><T26/><REACH who="0" step="1"/><D54/><REACH who="0" ten="227,244,282,237" step="2"/><U71/><E42/><V45/><F116/><W76/><G76/><T109/><D109/><U52/><E77/><V107/><F72/><W9/><G8/><T67/><D67/><U14/><E65/><V115/><F66/><W44/><G44/><T105/><D105/><U22/><E47/><V7/><F107/><W113/><G113/><T78/><D78/><U100/><E52/><V41/><F45/><W37/><G37/><T112/><D112/><U12/><E71/><V111/><F41/><W13/><G35/><T70/><D70/><U134/><E69/><V60/><F53/><W63/><G63/><AGARI ba="0,1" hai="0,3,23,26,28,55,57,63,83,85,90,93,98,102" machi="63" ten="30,7700,0" yaku="1,1,7,1,53,2" doraHai="120" doraHaiUra="33" who="0" fromWho="3" sc="227,87,244,0,282,0,237,-77" /><INIT seed="3,0,0,0,5,42" ten="314,244,282,160" oya="3" hai0="79,29,112,35,45,126,4,61,92,108,89,110,31" hai1="104,77,17,84,24,64,114,13,0,88,62,116,55" hai2="76,122,127,60,130,117,5,105,72,132,133,134,39" hai3="90,101,86,18,125,52,21,97,54,131,65,37,63"/><W66/><G125/><T124/><D112/><U80/><E114/><V8/><F117/><W20/><G131/><T41/><D61/><U100/><E116/><V57/><F127/><N who="0" m="48682" /><D79/><U67/><E0/><N who="2" m="39" /><F130/><W19/><G37/><N who="0" m="21679" /><D4/><U71/><E67/><V129/><F129/><W82/><G20/><T75/><D75/><U106/><E24/><V56/><F60/><W85/><G85/><N who="0" m="52271" /><D35/><U50/><E100/><V109/><F105/><W27/><G18/><T49/><D49/><U38/><E77/><V111/><F39/><W102/><G65/><T46/><D46/><N who="1" m="28119" /><E38/><V91/><F122/><W10/><G10/><AGARI ba="0,0" hai="10,13,17,62,64,71,80,84,88,104,106" m="28119" machi="10" ten="30,3900,0" yaku="25,1,52,1,54,1" doraHai="42" who="1" fromWho="3" sc="314,0,244,39,282,0,160,-39" owari="314,41.4,283,8.3,282,-11.8,121,-37.9" /></mjloggm>