<mjloggm ver="2.3"><GO type="225" lobby="0"/><UN n0="%41%6F%54" n1="%4B%2E%32%2E%4B%2E" n2="%72%69%6F%75%63%68%61%6E" n3="%E3%82%A2%E3%83%A1%E3%82%A2%E3%83%A9%E3%83%AC" dan="16,16,16,16" rate="2065.96,2114.27,2158.66,2191.07" sx="M,M,M,M"/><TAIKYOKU oya="0"/><INIT seed="0,0,0,4,4,69" ten="250,250,250,250" oya="0" hai0="66,33,99,77,44,21,94,100,36,92,20,13,26" hai1="104,67,110,119,109,107,95,64,74,45,50,56,12" hai2="81,40,111,27,98,10,83,72,61,130,59,86,1" hai3="135,117,75,48,68,106,79,58,88,7,103,52,9"/><T17/><D77/><U15/><E119/><V22/><F111/><N who="1" m="42505" /><E74/><V37/><F130/><W42/><G117/><T18/><D33/><U85/><E85/><V43/><F72/><W115/><G115/><T47/><D66/><N who="1" m="25131" /><E95/><V133/><F133/><W5/><G68/><T71/><D71/><U116/><E56/><V122/><F122/><W73/><G79/><T35/><D35/><U62/><E62/><V105/><F1/><W131/><G135/><T82/><D82/><U108/><N who="1" m="42513" /><U32/><DORA hai="96" /><E32/><V125/><F10/><W29/><G131/><T121/><D121/><U93/><E93/><V129/><F129/><W127/><G9/><T51/><D94/><U3/><E3/><V114/><F114/><W101/><G58/><T124/><D124/><U39/><E39/><V102/><F125/><W25/><G127/><T28/><D36/><U0/><E0/><V60/><F60/><W76/><G76/><T4/><D4/><U24/><E24/><V23/><F37/><W34/><G25/><T11/><D51/><U89/><E89/><V87/><F87/><W113/><G34/><T84/><D84/><U80/><E80/><N who="2" m="30795" /><F86/><W53/><G113/><T38/><D38/><U63/><E63/><V30/><F27/><AGARI ba="0,0" hai="11,13,17,18,20,21,26,27,28,44,47,92,99,100" machi="27" ten="30,5800,0" yaku="7,1,8,1,52,1" doraHai="69,96" who="0" fromWho="2" sc="250,58,250,0,250,-58,250,0" /><INIT seed="0,1,0,2,1,61" ten="308,250,192,250" oya="0" hai0="57,99,45,81,88,78,5,68,65,116,27,20,13" hai1="36,107,87,48,58,15,69,12,124,132,59,80,11" hai2="92,95,34,103,25,29,53,101,56,18,77,98,60" hai3="21,17,90,6,112,62,44,3,55,33,110,66,26"/><T72/><D116/><U104/><E36/><V64/><F77/><W117/><G110/><T14/><D68/><U115/><E69/><V109/><F109/><W91/><G117/><T50/><D5/><U7/><E124/><V128/><F128/><W4/><G112/><T32/><D32/><U105/><E115/><V2/><F2/><W71/><G33/><T28/><D57/><U0/><E132/><V97/><REACH who="2" step="1"/><F18/><REACH who="2" ten="308,250,182,250" step="2"/><W89/><REACH who="3" step="1"/><G3/><REACH who="3" ten="308,250,182,240" step="2"/><T76/><D13/><U8/><E15/><V30/><F30/><W35/><G35/><T129/><D28/><U10/><E12/><V127/><F127/><W133/><G133/><T83/><D14/><U86/><E0/><V24/><F24/><W79/><G79/><T130/><D78/><U74/><E11/><V67/><AGARI ba="1,2" hai="25,29,34,53,56,60,64,67,92,95,97,98,101,103" machi="67" ten="30,8000,1" yaku="1,1,0,1,9,1,52,2,53,0" doraHai="61" doraHaiUra="122" who="2" fromWho="2" sc="308,-41,250,-21,182,103,240,-21" /><INIT seed="1,0,0,2,3,103" ten="267,229,285,219" oya="1" hai0="28,120,21,29,38,48,79,19,45,14,53,127,9" hai1="128,90,61,85,113,82,121,40,46,133,54,30,115" hai2="130,126,122,8,92,68,42,39,71,73,50,56,17" hai3="81,26,2,1,118,106,66,93,18,10,6,7,124"/><U43/><E121/><V98/><F122/><W3/><G124/><T64/><D120/><U83/><E128/><V31/><F73/><W69/><G118/><T25/><D127/><U91/><E133/><V72/><F72/><W75/><G106/><T70/><D38/><U35/><E35/><V22/><F126/><W74/><G93/><T52/><D79/><U95/><E30/><V86/><F130/><W105/><G105/><T33/><D53/><U24/><E24/><V96/><F39/><W5/><G81/><T62/><REACH who="0" step="1"/><D33/><REACH who="0" ten="257,229,285,219" step="2"/><U94/><E113/><V51/><F42/><W116/><G116/><T109/><D109/><U65/><E115/><V84/><F51/><W119/><G119/><T16/><AGARI ba="0,1" hai="9,14,16,19,21,25,28,29,45,48,52,62,64,70" machi="16" ten="20,12000,2" yaku="1,1,0,1,7,1,54,2,53,1" doraHai="103" doraHaiUra="44" who="0" fromWho="0" sc="257,130,229,-60,285,-30,219,-30" /><INIT seed="2,0,0,2,2,33" ten="387,169,255,189" oya="2" hai0="129,54,117,127,72,64,132,17,73,67,86,112,4" hai1="93,15,40,123,89,51,38,62,53,110,118,78,85" hai2="135,1,13,76,71,23,81,59,44,74,18,34,50" hai3="113,24,32,36,109,68,99,60,77,8,21,79,58"/><V96/><F71/><W16/><G109/><T98/><D112/><U133/><E118/><V128/><F128/><W6/><G113/><T37/><D37/><U66/><E110/><V114/><F114/><W120/><G120/><T83/><D4/><U130/><E130/><V124/><F124/><W49/><G36/><T70/><D70/><U27/><E123/><V63/><F135/><W12/><G68/><T28/><D28/><U94/><E133/><V19/><F34/><W103/><G49/><T47/><D98/><U122/><E122/><V131/><F131/><W104/><REACH who="3" step="1"/><G32/><REACH who="3" ten="387,169,255,179" step="2"/><T88/><D132/><U46/><E78/><V20/><F50/><W92/><G92/><T61/><D129/><U65/><E94/><V119/><F76/><W7/><G7/><T57/><D127/><U22/><E62/><V26/><F63/><W42/><G42/><T10/><D117/><U25/><E25/><V41/><F41/><W30/><G30/><T95/><D95/><U69/><E69/><V108/><F26/><W126/><G126/><T45/><D61/><U14/><E38/><V31/><F108/><W100/><G100/><T82/><D17/><N who="1" m="12751" /><E40/><V11/><F31/><W101/><G101/><T90/><D83/><U97/><E97/><V5/><F81/><W121/><G121/><T35/><D82/><U111/><E111/><V56/><F19/><W48/><G48/><T3/><D35/><U9/><E9/><V125/><F11/><W134/><G134/><T80/><D10/><U55/><E55/><AGARI ba="0,1" hai="6,8,12,16,21,24,55,58,60,77,79,99,103,104" machi="55" ten="30,3900,0" yaku="1,1,7,1,54,1,53,0" doraHai="33" doraHaiUra="105" who="3" fromWho="1" sc="387,0,169,-39,255,0,179,49" /><INIT seed="3,0,0,1,5,30" ten="387,130,255,228" oya="3" hai0="44,100,122,128,96,71,121,45,51,13,3,108,26" hai1="92,40,76,57,16,123,117,59,37,103,107,91,134" hai2="135,48,46,24,111,82,74,47,6,62,113,68,60" hai3="55,99,31,2,61,104,83,118,53,20,132,131,8"/><W126/><G118/><T116/><D3/><U18/><E123/><V27/><F113/><W133/><G126/><T114/><D71/><U112/><E112/><V95/><F111/><W41/><G131/><T33/><D108/><U97/><E117/><V19/><F135/><N who="3" m="51787" /><G41/><T10/><D128/><U23/><E134/><V110/><F110/><W89/><G61/><T125/><D45/><U34/><E37/><V93/><F68/><W29/><G83/><T65/><D65/><U58/><E40/><V73/><F82/><W38/><G38/><T87/><D125/><U5/><E5/><V4/><F19/><W52/><G20/><T94/><D116/><U66/><E76/><V130/><F130/><W11/><G89/><T129/><D129/><U25/><E66/><V90/><F90/><W85/><G85/><T77/><D87/><U124/><E124/><V80/><F80/><W1/><G99/><T9/><D77/><U102/><E107/><V7/><F7/><N who="3" m="1135" /><G104/><T49/><D114/><U54/><E34/><V63/><F63/><W86/><G86/><T78/><D33/><U12/><REACH who="1" step="1"/><E54/><REACH who="1" ten="387,120,255,228" step="2"/><V0/><F0/><W127/><G127/><T50/><D122/><U70/><E70/><V17/><F4/><AGARI ba="0,1" hai="2,4,11,29,31,52,53,55" m="1135,51787" machi="4" ten="30,2900,0" yaku="20,1,54,1" doraHai="30" who="3" fromWho="2" sc="387,0,120,0,255,-29,228,39" /><INIT seed="3,1,0,4,3,74" ten="387,120,226,267" oya="3" hai0="8,69,23,131,34,0,134,14,103,59,50,85,77" hai1="89,51,65,135,36,24,55,90,82,66,71,120,2" hai2="84,60,54,7,107,112,117,1,17,88,97,110,41" hai3="72,37,116,100,52,126,87,18,130,49,125,64,19"/><W39/><G116/><T129/><D69/><U101/><E120/><V80/><F112/><W124/><G72/><T95/><D34/><U96/><E36/><N who="3" m="13898" /><G64/><T121/><D0/><U26/><E135/><V92/><F117/><W133/><G133/><T16/><D134/><U79/><E2/><V128/><F128/><N who="0" m="49226" /><D121/><U86/><E71/><V30/><F110/><W48/><G130/><T67/><D103/><U33/><E33/><V45/><F30/><W56/><G100/><T28/><D28/><U99/><E66/><V22/><F107/><W123/><G123/><T58/><D67/><U63/><E63/><V91/><F1/><W42/><G87/><T27/><D50/><N who="3" m="19561" /><G42/><T109/><D109/><U118/><E65/><V108/><F108/><W119/><G119/><T98/><D98/><U81/><E118/><V93/><F7/><W75/><G75/><T4/><D95/><U15/><E101/><V13/><F41/><W111/><G111/><T73/><D73/><U47/><E15/><V114/><F114/><W105/><G105/><T12/><D12/><U53/><E53/><V76/><F45/><W78/><G78/><T40/><D40/><U31/><E31/><V70/><F70/><W127/><N who="3" m="31744" /><DORA hai="102" /><W32/><G32/><T61/><D61/><AGARI ba="1,0" hai="18,19,52,56,61" m="31744,19561,13898" machi="61" ten="60,5800,0" yaku="18,1,54,1" doraHai="74,102" who="3" fromWho="0" sc="387,-61,120,0,226,0,267,61" owari="326,12.6,120,-38.0,226,-17.4,328,42.8" /></mjloggm>