<mjloggm ver="2.3"><GO type="225" lobby="0"/><UN n0="%E3%81%86%E3%81%A3%E3%81%97%E3%83%BC%30%30" n1="%E3%83%8F%E3%83%B3%E3%83%89%E3%83%A9%E3%83%BC%E3%83%BB%E3%83%AF%E3%83%B3" n2="%72%69%6F%75%63%68%61%6E" n3="%E8%BE%9B%E5%8F%A3%E3%82%AB%E3%83%AC%E3%83%BC%E3%83%A9%E3%82%A4%E3%82%B9" dan="16,17,16,17" rate="2109.24,2181.25,2251.45,2273.99" sx="M,M,M,M"/><TAIKYOKU oya="0"/><INIT seed="0,0,0,1,2,68" ten="250,250,250,250" oya="0" hai0="121,85,117,34,87,115,86,51,37,41,5,16,84" hai1="72,33,97,56,62,60,39,95,2,31,64,42,101" hai2="47,50,52,58,49,132,91,128,32,20,114,24,63" hai3="35,10,110,40,9,66,8,83,94,25,123,71,96"/><T13/><D115/><U125/><E2/><V135/><F114/><W107/><G110/><T11/><D117/><U122/><E122/><V19/><F128/><W70/><G123/><T57/><D121/><U65/><E72/><V73/><F73/><W26/><G107/><T120/><D120/><U74/><E74/><V81/><F32/><W80/><G40/><T106/><D106/><U4/><E4/><V67/><REACH who="2" step="1"/><F49/><REACH who="2" ten="250,250,240,250" step="2"/><W27/><G35/><T105/><D34/><U76/><E33/><V46/><F46/><W77/><G66/><T100/><D51/><U104/><E65/><V23/><F23/><W98/><G77/><T82/><D82/><N who="3" m="31273" /><G94/><T54/><D105/><U43/><E76/><V75/><F75/><W130/><G130/><T12/><D37/><U93/><E39/><V1/><F1/><W126/><G126/><T116/><D116/><U59/><E125/><V44/><F44/><W133/><G133/><T48/><D48/><U78/><E78/><V79/><F79/><W113/><G113/><T53/><D41/><U134/><E134/><V38/><F38/><W3/><G3/><T127/><D127/><U129/><E129/><V90/><F90/><W15/><G8/><T45/><D45/><U88/><E104/><V103/><F103/><W14/><G9/><N who="0" m="6159" /><D100/><U102/><E102/><V0/><F0/><W28/><G10/><T118/><D118/><U119/><E119/><V7/><F7/><W92/><G92/><T131/><D131/><U55/><E42/><V109/><F109/><W89/><G89/><T18/><N who="0" m="21504" /><DORA hai="30" /><T36/><D5/><RYUUKYOKU ba="0,1" sc="250,-10,250,-10,240,30,250,-10" hai2="19,20,24,47,50,52,58,63,67,81,91,132,135" /><INIT seed="1,1,1,0,5,83" ten="240,240,270,240" oya="1" hai0="106,82,44,22,70,33,115,93,67,119,95,91,29" hai1="41,126,7,56,52,73,17,114,125,23,3,103,74" hai2="15,134,38,31,48,75,111,36,49,98,63,53,45" hai3="108,86,27,10,80,96,46,0,120,97,59,102,127"/><U51/><E114/><V11/><F75/><W94/><G120/><T123/><D115/><U60/><E103/><V54/><F111/><W121/><G121/><T69/><D106/><U18/><E7/><V79/><F134/><W37/><G108/><T92/><D119/><U88/><E3/><V101/><F79/><W105/><G127/><N who="1" m="48650" /><E17/><V64/><F31/><W5/><G59/><T81/><D33/><U19/><E18/><V12/><F63/><W21/><G46/><T68/><D67/><U66/><E41/><V42/><F64/><W78/><G37/><T40/><D91/><U109/><E88/><V122/><F122/><W77/><G77/><T28/><D123/><U71/><E109/><V131/><F131/><W43/><G43/><T32/><D32/><U107/><E107/><V132/><F132/><W9/><G9/><T100/><D100/><U47/><E71/><V99/><F42/><W13/><G0/><T124/><D124/><U87/><E87/><V4/><F15/><AGARI ba="1,1" hai="15,19,23,47,51,52,56,60,66,73,74" m="48650" machi="15" ten="30,2900,0" yaku="18,1,54,1" doraHai="83" who="1" fromWho="2" sc="240,0,240,42,270,-32,240,0" /><INIT seed="1,2,0,0,3,6" ten="240,282,238,240" oya="1" hai0="119,41,28,73,88,49,51,104,8,105,5,31,84" hai1="69,116,48,115,107,53,64,131,7,19,94,9,99" hai2="85,36,61,103,118,17,63,1,100,12,121,86,50" hai3="93,46,45,20,16,47,102,30,34,111,10,52,92"/><U59/><E115/><V58/><F118/><W109/><G34/><T122/><D119/><U11/><E116/><V95/><F121/><W65/><G65/><T127/><D127/><U113/><E113/><V22/><F36/><W91/><G102/><N who="2" m="38953" /><F1/><W132/><G132/><T21/><D73/><U106/><E131/><V56/><F50/><N who="3" m="28751" /><G30/><T38/><D38/><U123/><E123/><V80/><F95/><N who="3" m="36427" /><G91/><T135/><D135/><U66/><E69/><V37/><F37/><W120/><G120/><T55/><D41/><U87/><E87/><N who="2" m="33291" /><F80/><W98/><G98/><T126/><D84/><U14/><E107/><V54/><F61/><W18/><G10/><N who="1" m="3594" /><E106/><V43/><F56/><W70/><G70/><T27/><D105/><U44/><E7/><V23/><F43/><W76/><G76/><T40/><D104/><U114/><E114/><V2/><F2/><W110/><G18/><T57/><D31/><U3/><E3/><V72/><F72/><W25/><AGARI ba="2,0" hai="16,20,25,46,47,109,110,111" m="36427,28751" machi="25" ten="40,5200,0" yaku="14,1,54,2" doraHai="6" who="3" fromWho="3" sc="240,-15,282,-28,238,-15,240,58" /><INIT seed="2,0,0,1,2,27" ten="225,254,223,298" oya="2" hai0="72,71,67,13,125,30,134,43,0,121,116,86,17" hai1="9,124,3,11,52,115,46,19,93,73,41,106,108" hai2="53,68,47,129,104,61,63,62,131,23,58,65,29" hai3="54,66,97,45,25,88,95,7,59,107,21,18,40"/><V22/><F104/><W96/><G7/><T64/><D121/><U122/><E106/><V101/><F101/><W2/><G2/><T10/><D72/><U76/><E115/><V26/><F47/><W75/><G75/><T130/><D130/><U20/><E108/><V4/><F4/><W133/><G133/><T57/><D71/><U128/><E128/><N who="2" m="49227" /><F62/><W85/><G66/><T78/><D0/><U100/><E124/><V55/><F22/><W56/><G107/><T32/><D125/><U77/><E122/><V31/><F53/><W118/><G118/><T49/><D134/><U69/><E69/><V34/><F34/><W60/><REACH who="3" step="1"/><G56/><REACH who="3" ten="225,254,223,288" step="2"/><T83/><D116/><U90/><E3/><V98/><F98/><W113/><G113/><T24/><D57/><U48/><E73/><V33/><F33/><W35/><G35/><T91/><D67/><U120/><E120/><V132/><F132/><W81/><G81/><T119/><D64/><U28/><E93/><V39/><F39/><AGARI ba="0,1" hai="18,21,25,39,40,45,54,59,60,85,88,95,96,97" machi="39" ten="30,7700,0" yaku="1,1,7,1,54,1,53,1" doraHai="27" doraHaiUra="36" who="3" fromWho="2" sc="225,0,254,0,223,-77,288,87" /><INIT seed="3,0,0,2,4,67" ten="225,254,146,375" oya="3" hai0="48,3,9,77,133,102,107,64,58,132,71,73,80" hai1="51,17,69,125,26,55,38,34,119,35,130,104,65" hai2="18,108,36,95,27,30,42,68,114,88,85,134,79" hai3="54,13,127,49,45,12,11,97,86,110,59,123,122"/><W16/><G127/><T115/><D58/><U29/><E104/><V56/><F114/><W37/><G110/><T1/><D48/><U2/><E2/><V19/><F134/><N who="0" m="51818" /><D9/><U105/><E105/><V92/><F108/><W121/><G97/><N who="0" m="61903" /><D115/><U89/><E125/><V112/><F112/><W90/><G12/><T78/><D78/><U126/><E126/><V83/><F95/><W39/><G59/><T32/><D32/><U23/><E130/><V116/><F116/><W120/><G120/><T5/><D5/><U60/><E119/><V47/><F56/><W76/><G76/><T15/><D15/><U46/><E38/><V94/><F94/><W24/><G24/><T109/><D109/><U135/><E135/><V50/><F36/><W43/><G43/><T28/><D28/><U44/><E44/><V66/><F66/><W40/><G40/><T98/><D98/><U63/><E63/><AGARI ba="0,0" hai="1,3,63,64,71,73,77,80" m="61903,51818" machi="63" ten="30,3900,0" yaku="20,1,23,1,52,1" doraHai="67" who="0" fromWho="1" sc="225,39,254,-39,146,0,375,0" owari="264,6.4,215,-18.5,146,-35.4,375,47.5" /></mjloggm>