<mjloggm ver="2.3"><GO type="225" lobby="0"/><UN n0="%E6%9D%B1%E9%A2%A8%E3%81%AE%E3%81%8D%E3%82%83%E3%81%B7%E3%81%95%E3%82%93" n1="%E3%82%BC%E3%83%AB%E3%83%80%E3%81%AE%E4%BC%9D%E8%AA%AC" n2="%E3%81%BD%E3%81%A1%E3%81%9F%E3%81%93%E3%82%84" n3="%6D%75%75%73%61%6E%6D%75" dan="16,17,17,17" rate="2188.86,2170.72,2174.87,2153.47" sx="M,M,M,F"/><TAIKYOKU oya="0"/><INIT seed="0,0,0,1,0,39" ten="250,250,250,250" oya="0" hai0="94,97,130,107,44,25,88,75,90,41,65,42,118" hai1="54,66,80,72,24,53,56,103,123,78,96,117,28" hai2="79,131,113,37,82,85,33,100,81,31,14,133,101" hai3="129,7,110,134,2,114,70,127,109,46,69,125,34"/><T32/><D75/><U60/><E117/><V115/><F33/><W1/><G34/><T86/><D118/><U49/><E49/><V74/><F31/><W106/><G114/><N who="2" m="43529" /><F14/><W58/><G58/><T83/><D130/><U89/><E89/><N who="2" m="51375" /><F37/><W21/><G21/><T43/><D65/><U52/><E123/><V27/><F27/><W105/><G46/><T8/><D107/><N who="3" m="40969" /><G129/><T77/><D8/><U121/><E121/><V51/><F51/><W124/><G134/><T67/><D67/><U122/><E122/><V62/><F62/><W6/><G6/><T50/><REACH who="0" step="1"/><D77/><REACH who="0" ten="240,250,250,250" step="2"/><U84/><E72/><V35/><F131/><W120/><G120/><T119/><D119/><U26/><REACH who="1" step="1"/><E28/><AGARI ba="0,1" hai="25,28,32,41,42,43,44,50,83,86,88,90,94,97" machi="28" ten="40,12000,1" yaku="1,1,52,3,54,1,53,0" doraHai="39" doraHaiUra="116" who="0" fromWho="1" sc="240,130,250,-120,250,0,250,0" /><INIT seed="0,1,0,1,4,115" ten="370,130,250,250" oya="0" hai0="118,36,29,44,111,95,1,31,65,105,102,75,129" hai1="55,117,38,133,107,109,99,119,92,104,54,81,126" hai2="100,7,69,88,96,33,37,27,134,74,71,41,79" hai3="62,57,13,93,130,125,32,60,15,59,18,132,124"/><T97/><D1/><U110/><E38/><V77/><F134/><W86/><G132/><T34/><D75/><U10/><E133/><V9/><F79/><W0/><G0/><T72/><D72/><U2/><E126/><N who="3" m="48746" /><G32/><T101/><D129/><U14/><E2/><N who="2" m="247" /><F88/><N who="3" m="53399" /><G130/><T64/><D111/><N who="1" m="42507" /><E81/><N who="2" m="45239" /><F27/><W6/><G6/><T45/><D105/><N who="1" m="40523" /><E55/><V84/><F84/><W67/><G18/><T122/><D34/><U98/><E54/><AGARI ba="1,0" hai="13,15,54,57,59,60,62,67" m="53399,48746" machi="54" ten="30,2000,0" yaku="18,1,54,1" doraHai="115" who="3" fromWho="1" sc="370,0,130,-23,250,0,250,23" /><INIT seed="1,0,0,5,4,112" ten="370,107,250,273" oya="1" hai0="55,9,6,87,40,106,48,3,110,24,90,68,111" hai1="82,99,132,102,60,96,70,35,19,79,4,8,13" hai2="7,129,62,127,78,121,14,66,32,74,36,2,107" hai3="122,113,1,26,100,56,31,105,16,119,25,97,33"/><U39/><E132/><V45/><F121/><W128/><G113/><T103/><D68/><U44/><E35/><V58/><F129/><W125/><G122/><T72/><D40/><U124/><E124/><V84/><F107/><W104/><G125/><T130/><D24/><U51/><E39/><V18/><F127/><W75/><G128/><T94/><D72/><U86/><E19/><V101/><F101/><W10/><G75/><T54/><D130/><U120/><E120/><V88/><F32/><W117/><G104/><T108/><D48/><U43/><REACH who="1" step="1"/><E102/><REACH who="1" ten="370,97,250,273" step="2"/><V85/><F36/><W61/><G16/><T38/><D38/><U83/><E83/><V17/><F18/><W49/><G25/><T23/><D23/><U73/><E73/><V89/><F74/><W21/><G33/><T123/><D123/><U42/><E42/><V11/><F17/><W81/><G81/><T15/><D108/><U95/><E95/><V29/><F29/><W30/><G30/><T98/><D110/><U20/><E20/><V34/><F34/><W114/><G114/><T59/><D111/><U77/><E77/><V126/><F78/><W76/><G76/><T91/><D103/><U93/><E93/><V80/><F126/><W37/><G37/><T46/><D106/><U50/><E50/><V53/><F80/><W116/><G49/><T52/><D94/><U71/><E71/><V5/><F5/><N who="3" m="1327" /><G61/><T41/><D41/><U22/><E22/><V0/><F62/><W57/><AGARI ba="0,1" hai="21,26,31,56,57,97,100,105,116,117,119" m="1327" machi="57" ten="40,8000,1" yaku="12,1,52,3" doraHai="112" who="3" fromWho="3" sc="370,-20,97,-40,250,-20,273,90" /><INIT seed="2,0,0,5,5,102" ten="350,57,230,363" oya="2" hai0="78,10,6,87,110,82,92,109,41,96,55,5,72" hai1="46,59,31,12,39,29,58,7,50,30,32,133,11" hai2="44,49,128,77,71,47,35,125,126,60,0,114,113" hai3="88,118,103,9,101,48,132,131,75,63,8,42,56"/><V4/><F35/><W45/><G75/><T70/><D70/><U112/><E112/><N who="2" m="43115" /><F77/><W107/><G118/><T91/><D41/><U127/><E32/><V86/><F86/><W23/><G131/><T116/><D55/><U54/><E39/><V93/><F93/><W117/><G117/><T34/><D34/><U14/><E127/><N who="2" m="48651" /><F4/><W108/><G108/><N who="0" m="41579" /><D116/><U2/><E133/><V94/><F94/><W90/><G23/><T37/><D37/><U68/><E68/><V3/><F3/><W104/><G132/><T73/><D5/><U97/><E2/><AGARI ba="0,0" hai="2,6,10,72,73,78,82,87,91,92,96" m="41579" machi="2" ten="30,1000,0" yaku="14,1" doraHai="102" who="0" fromWho="1" sc="350,10,57,-10,230,0,363,0" /><INIT seed="3,0,0,3,0,71" ten="360,47,230,363" oya="3" hai0="69,66,120,21,29,80,62,61,17,55,27,102,26" hai1="122,64,11,103,44,2,106,25,119,94,32,24,84" hai2="23,72,5,95,51,132,115,82,77,50,107,67,112" hai3="52,49,57,14,124,88,10,53,1,130,108,121,42"/><W127/><G121/><T48/><D120/><U36/><E84/><V93/><F132/><W30/><G1/><T100/><D80/><U38/><E94/><V28/><F107/><W43/><G130/><T18/><D61/><U125/><E122/><V131/><F131/><W9/><G108/><T37/><D37/><U89/><E89/><V60/><F5/><W16/><G30/><T129/><D129/><U4/><E25/><V126/><F126/><N who="3" m="48171" /><G10/><T105/><D105/><U123/><E123/><V33/><F33/><W12/><G12/><T56/><D17/><U65/><E44/><V98/><F95/><W99/><G53/><T0/><D0/><U34/><E125/><V114/><F23/><AGARI ba="0,0" hai="18,21,23,26,27,29,48,55,56,62,66,69,100,102" machi="23" ten="30,1000,0" yaku="7,1" doraHai="71" who="0" fromWho="2" sc="360,10,47,0,230,-10,363,0" owari="370,47.0,47,-45.3,220,-18.0,363,16.3" /></mjloggm>