<mjloggm ver="2.3"><GO type="225" lobby="0"/><UN n0="%E3%81%99%E3%81%84%E3%81%BE%E3%81%9B%E3%83%BC%E3%82%93" n1="%53%61%63%68%69%30%34" n2="%E4%B8%89%E5%86%A0%E7%8E%8B%E3%83%BB%E5%B1%B1%E7%94%B0%E5%93%B2%E4%BA%BA" n3="%E3%81%AA%E3%81%A1%30%39%32%37" dan="16,16,16,16" rate="2121.37,2096.22,2149.91,2000.85" sx="M,M,M,M"/><TAIKYOKU oya="0"/><INIT seed="0,0,0,3,0,112" ten="250,250,250,250" oya="0" hai0="32,16,86,70,127,106,107,51,24,14,117,105,101" hai1="0,124,125,71,123,30,94,68,132,31,104,62,20" hai2="15,90,5,120,134,75,6,10,29,38,23,126,83" hai3="69,84,7,114,108,129,111,77,1,97,131,72,130"/><T57/><D117/><U44/><E104/><V56/><F38/><W115/><G69/><T34/><D127/><N who="1" m="48715" /><E0/><V116/><F126/><W133/><G133/><T109/><D70/><U65/><E132/><V98/><F120/><W78/><G7/><T11/><D109/><N who="3" m="42057" /><G1/><T25/><D101/><U128/><E128/><V88/><F116/><W2/><G2/><T55/><REACH who="0" step="1"/><D86/><REACH who="0" ten="240,250,250,250" step="2"/><U121/><E71/><V74/><F134/><W52/><G84/><T96/><D96/><U81/><E68/><V27/><F98/><W54/><G97/><T58/><D58/><U49/><E123/><V80/><F56/><W100/><G100/><T41/><D41/><U79/><E121/><V76/><REACH who="2" step="1"/><F5/><REACH who="2" ten="240,250,240,250" step="2"/><W45/><G115/><T26/><AGARI ba="0,2" hai="11,14,16,24,25,26,32,34,51,55,57,105,106,107" machi="26" ten="40,7800,0" yaku="1,1,0,1,54,1,53,0" doraHai="112" doraHaiUra="36" who="0" fromWho="0" sc="240,98,250,-26,240,-26,250,-26" /><INIT seed="0,1,0,4,3,19" ten="338,224,214,224" oya="0" hai0="33,68,34,100,102,0,74,104,61,92,50,32,41" hai1="1,134,82,79,101,116,67,18,76,86,71,97,111" hai2="60,95,65,90,58,37,62,21,6,80,51,63,118" hai3="7,117,64,16,66,115,73,135,46,53,5,84,49"/><T3/><D74/><U59/><E1/><V105/><F37/><W87/><G115/><T114/><D114/><U9/><E116/><V39/><F39/><W88/><G117/><T103/><D104/><U75/><E71/><V125/><F105/><W17/><G73/><T99/><D41/><U81/><E111/><V78/><F118/><W123/><G135/><T13/><D50/><U93/><E134/><V72/><F125/><W36/><G36/><T47/><D47/><U112/><E112/><V8/><F51/><W40/><G40/><T4/><D13/><N who="1" m="7471" /><E75/><V83/><F83/><N who="1" m="31753" /><E86/><V69/><F69/><W132/><G132/><T85/><D85/><U94/><E94/><V89/><F95/><N who="3" m="54663" /><G123/><T124/><D124/><U14/><E14/><V108/><F108/><W98/><G87/><T10/><D0/><U121/><E121/><V29/><F72/><W129/><G98/><T35/><D35/><U122/><E122/><V11/><F80/><W56/><G129/><T57/><D68/><U27/><E27/><N who="2" m="16623" /><F78/><W54/><G5/><T131/><D131/><U126/><E126/><V44/><F6/><W52/><G7/><T43/><D43/><U30/><E30/><V77/><F77/><W23/><G17/><T31/><D31/><U45/><E45/><V38/><F44/><W42/><G56/><T128/><D128/><U113/><E113/><V91/><F38/><W96/><G96/><T109/><D109/><U133/><E133/><V20/><F58/><W26/><AGARI ba="1,0" hai="16,23,26,42,46,49,52,53,54,64,66" m="54663" machi="26" ten="30,8000,1" yaku="8,1,52,1,54,3" doraHai="19" who="3" fromWho="3" sc="338,-41,224,-21,214,-21,224,83" /><INIT seed="1,0,0,0,4,113" ten="297,203,193,307" oya="1" hai0="32,87,48,126,92,6,31,19,23,39,70,12,53" hai1="123,62,25,10,110,41,73,106,135,57,30,93,115" hai2="94,68,42,29,104,16,117,60,111,55,114,109,76" hai3="78,101,20,28,37,14,52,64,47,33,34,130,75"/><U86/><E115/><V56/><F104/><W107/><G130/><T121/><D126/><U3/><E123/><V131/><F114/><W124/><G124/><T85/><D39/><U18/><E73/><V72/><F131/><W45/><G64/><T80/><D70/><U49/><E106/><V61/><F29/><W46/><G37/><T96/><D121/><U103/><E135/><V69/><F76/><W2/><G2/><T24/><D6/><U74/><E74/><V97/><F72/><W118/><G118/><T27/><D27/><U134/><E134/><V89/><F117/><W83/><G52/><T127/><D80/><U44/><E110/><N who="2" m="41995" /><F42/><W108/><G108/><T71/><D71/><N who="2" m="27210" /><F16/><W120/><G120/><T125/><D125/><U38/><E38/><V54/><F54/><W22/><G22/><T77/><D77/><U26/><E18/><V8/><F8/><W100/><G100/><T91/><D127/><U9/><E26/><V50/><AGARI ba="0,0" hai="50,55,56,60,61,89,94,97" m="27210,41995" machi="50" ten="30,1100,0" yaku="14,1" doraHai="113" who="2" fromWho="2" sc="297,-3,203,-5,193,11,307,-3" /><INIT seed="2,0,0,2,3,69" ten="294,198,204,304" oya="2" hai0="57,109,77,78,121,36,24,53,20,50,123,66,89" hai1="72,113,44,12,104,127,59,84,7,97,76,3,21" hai2="27,51,17,48,126,18,32,82,90,62,15,116,83" hai3="81,43,58,132,117,16,67,115,100,75,133,102,6"/><V45/><F116/><W94/><G117/><T99/><D36/><U98/><E113/><V38/><F126/><W128/><G128/><T87/><D109/><U130/><E130/><V85/><F62/><N who="3" m="38359" /><G6/><T79/><D99/><U92/><E127/><V41/><F83/><W35/><G35/><T119/><D119/><U1/><E1/><V22/><REACH who="2" step="1"/><F32/><REACH who="2" ten="294,198,194,304" step="2"/><W122/><G81/><T74/><D74/><U49/><E72/><V80/><F80/><W29/><G75/><T60/><D123/><U106/><E76/><V52/><F52/><W5/><G122/><T111/><D121/><U19/><E106/><V101/><F101/><W125/><G102/><T42/><D111/><U91/><E104/><V70/><F70/><W114/><G100/><T112/><D112/><U8/><REACH who="1" step="1"/><E59/><REACH who="1" ten="294,188,194,304" step="2"/><V105/><F105/><W107/><G107/><T0/><D57/><U13/><E13/><V64/><F64/><W9/><G125/><T124/><D66/><U25/><E25/><V37/><F37/><W10/><G115/><T86/><D124/><U134/><E134/><V135/><F135/><W88/><G114/><T103/><D0/><U28/><E28/><V23/><AGARI ba="0,2" hai="15,17,18,22,23,27,38,41,45,48,51,82,85,90" machi="23" ten="20,18000,2" yaku="1,1,0,1,7,1,52,1,53,2" doraHai="69" doraHaiUra="46" who="2" fromWho="2" sc="294,-60,188,-60,194,200,304,-60" /><INIT seed="2,1,0,4,5,8" ten="234,128,394,244" oya="2" hai0="41,69,122,114,47,113,14,116,17,37,43,27,55" hai1="85,70,82,134,62,133,10,31,89,24,87,20,93" hai2="1,91,92,78,81,121,63,40,131,135,15,44,80" hai3="6,0,2,79,38,33,75,66,26,125,86,29,50"/><V120/><F1/><W59/><G125/><T83/><D122/><U61/><E70/><V118/><F63/><W45/><G6/><T115/><D116/><U60/><E134/><V94/><F81/><W57/><G75/><T19/><D69/><U88/><E133/><V56/><F56/><W3/><G66/><T84/><D55/><U7/><REACH who="1" step="1"/><E61/><REACH who="1" ten="234,118,394,244" step="2"/><V9/><F135/><W39/><G39/><T46/><D37/><U90/><E90/><V123/><F91/><W111/><G38/><T48/><D115/><U112/><E112/><V52/><F121/><W101/><G111/><T25/><D114/><U64/><E64/><V51/><F123/><W4/><G2/><AGARI ba="1,1" hai="2,7,10,20,24,31,60,62,82,85,87,88,89,93" machi="2" ten="30,7700,0" yaku="1,1,7,1,54,1,53,1" doraHai="8" doraHaiUra="32" who="1" fromWho="3" sc="234,0,118,90,394,0,244,-80" /><INIT seed="3,0,0,4,4,61" ten="234,208,394,164" oya="3" hai0="119,97,35,50,132,33,27,38,18,42,71,13,24" hai1="9,118,2,29,101,133,109,90,40,134,74,25,135" hai2="124,115,87,58,70,103,10,26,107,127,131,111,39" hai3="12,72,75,36,78,56,83,44,30,55,64,51,89"/><W52/><G30/><T41/><D71/><U125/><E109/><V54/><F39/><W0/><G0/><T49/><D38/><U21/><E74/><V57/><F103/><W117/><G117/><T4/><D132/><U86/><E118/><V48/><F107/><W6/><G75/><T100/><D4/><N who="1" m="1175" /><E101/><V126/><F26/><N who="0" m="9770" /><D35/><U85/><E125/><V130/><F70/><W102/><G102/><T122/><D33/><U91/><E40/><N who="0" m="15465" /><D122/><U76/><E76/><V96/><F111/><W105/><G105/><T8/><D119/><U88/><AGARI ba="0,0" hai="21,25,29,85,86,88,90,91,133,134,135" m="1175" machi="88" ten="40,2700,0" yaku="20,1,54,1" doraHai="61" who="1" fromWho="1" sc="234,-7,208,27,394,-7,164,-13" owari="227,-17.3,235,3.5,387,48.7,151,-34.9" /></mjloggm>