<mjloggm ver="2.3"><GO type="225" lobby="0"/><UN n0="%77%72%77%72%77%72%77%72" n1="%E3%81%B5%E3%81%98%E3%81%8B%E3%81%A4" n2="%6B%69%72%61%64%6F%6B%69" n3="%E7%99%BD%E6%97%A5%E9%9B%AA%E8%8F%9C" dan="17,16,16,17" rate="2165.00,2168.12,2109.41,2210.04" sx="M,M,M,M"/><TAIKYOKU oya="0"/><INIT seed="0,0,0,0,2,4" ten="250,250,250,250" oya="0" hai0="104,85,114,76,109,113,41,9,26,98,70,78,24" hai1="23,73,81,88,77,67,6,44,56,40,128,65,2" hai2="119,61,63,30,66,134,21,18,55,112,64,86,96" hai3="58,126,122,49,103,71,106,42,125,60,33,115,28"/><T47/><D70/><U68/><E128/><V3/><F112/><W39/><G115/><T57/><D109/><U131/><E68/><V46/><F3/><W51/><G122/><T10/><D104/><U16/><E131/><V132/><F30/><W124/><G39/><T53/><D98/><U14/><E56/><V108/><F108/><W129/><G129/><T37/><D114/><U127/><E127/><V93/><F86/><W116/><G116/><T82/><D78/><U59/><E59/><N who="2" m="35071" /><F46/><W54/><G42/><T11/><REACH who="0" step="1"/><D113/><REACH who="0" ten="240,250,250,250" step="2"/><U135/><E135/><V80/><F134/><W99/><G71/><T111/><D111/><U20/><E77/><V92/><F132/><W95/><G106/><T12/><D12/><U0/><E0/><V31/><F96/><W74/><G74/><T36/><D36/><U87/><E73/><V123/><F119/><W52/><G124/><T1/><D1/><U79/><E79/><V62/><F123/><W75/><G75/><T100/><D100/><U72/><E72/><V7/><F66/><W105/><G125/><T50/><AGARI ba="0,1" hai="9,10,11,24,26,37,41,47,50,53,57,76,82,85" machi="50" ten="30,18000,2" yaku="1,1,0,1,52,3,53,1" doraHai="4" doraHaiUra="48" who="0" fromWho="0" sc="240,190,250,-60,250,-60,250,-60" /><INIT seed="0,1,0,2,5,126" ten="430,190,190,190" oya="0" hai0="79,82,45,44,67,48,50,129,37,85,103,63,11" hai1="64,62,115,68,114,90,3,66,89,9,32,13,54" hai2="116,121,58,84,10,107,120,46,22,110,83,102,47" hai3="87,52,101,4,42,111,40,98,31,60,75,131,72"/><T8/><D37/><U14/><E32/><V20/><F110/><W16/><G111/><T95/><D129/><U2/><E54/><V18/><F107/><W117/><G117/><T94/><D103/><U33/><E33/><V92/><F116/><W100/><G31/><T57/><D94/><U133/><E133/><V80/><F120/><W27/><G4/><T30/><D30/><U43/><E43/><V122/><F121/><W26/><G87/><T71/><D71/><U77/><E77/><V41/><F10/><W65/><G52/><N who="0" m="29703" /><D95/><U6/><E66/><V35/><F92/><W39/><G131/><T28/><D28/><U5/><E14/><V61/><F35/><W135/><G135/><T15/><D15/><U19/><E6/><V134/><F102/><W74/><G101/><T127/><D127/><U125/><E125/><V118/><F134/><W76/><G39/><T109/><D109/><U51/><E51/><V113/><F122/><W23/><G27/><T29/><D29/><U55/><E55/><AGARI ba="1,0" hai="8,11,45,50,55,57,63,67,79,82,85" m="29703" machi="55" ten="30,2900,0" yaku="8,1,54,1" doraHai="126" who="0" fromWho="1" sc="430,32,190,-32,190,0,190,0" /><INIT seed="0,2,0,1,3,100" ten="462,158,190,190" oya="0" hai0="34,37,135,5,104,126,4,40,11,89,50,123,52" hai1="69,1,132,10,80,54,115,107,25,114,78,57,46" hai2="75,94,120,42,106,58,63,64,97,122,65,44,22" hai3="133,88,18,79,134,29,70,81,105,73,109,32,87"/><T49/><D104/><U12/><E69/><V129/><F75/><W9/><G70/><T127/><D123/><U47/><E132/><V103/><F129/><W77/><G109/><T119/><D135/><N who="3" m="51721" /><G105/><T7/><D34/><U131/><E131/><V85/><F65/><W6/><G18/><T67/><D67/><U36/><E1/><V68/><F68/><W113/><G113/><N who="1" m="43018" /><E107/><V90/><REACH who="2" step="1"/><F22/><REACH who="2" ten="462,158,180,190" step="2"/><W116/><G73/><T16/><D126/><U39/><E36/><AGARI ba="2,1" hai="36,42,44,58,63,64,85,90,94,97,103,106,120,122" machi="36" ten="30,8000,1" yaku="1,1,2,1,7,1,52,1,53,1" doraHai="100" doraHaiUra="43" who="2" fromWho="1" sc="462,0,158,-86,180,96,190,0" /><INIT seed="1,0,0,4,4,86" ten="462,72,276,190" oya="1" hai0="39,106,22,11,9,63,54,52,70,49,20,79,23" hai1="115,111,8,101,124,72,69,29,130,90,76,34,45" hai2="118,50,83,57,102,43,116,26,30,135,13,4,40" hai3="100,44,121,82,51,74,28,15,10,107,97,37,46"/><U41/><E115/><V6/><F102/><W127/><G121/><T119/><D119/><U113/><E113/><V85/><F135/><W27/><G127/><T132/><D39/><U120/><E124/><V2/><F2/><W131/><G131/><T55/><D132/><U87/><E130/><V128/><F128/><W133/><G37/><T12/><D106/><U91/><E120/><V66/><F116/><W88/><G133/><T109/><D109/><U96/><E69/><V99/><F99/><W114/><G114/><T56/><D79/><U5/><E111/><V84/><F84/><W112/><G112/><T7/><D70/><U95/><E34/><V104/><F104/><W123/><G123/><T24/><D11/><U93/><E29/><V60/><F118/><W17/><G51/><T1/><D1/><U92/><E72/><V14/><F50/><W103/><G103/><T21/><D49/><N who="1" m="26799" /><E76/><V80/><F80/><W32/><G74/><T129/><D129/><U16/><E5/><N who="2" m="2155" /><F40/><W125/><G125/><T47/><D47/><U78/><E78/><V48/><F48/><W77/><G77/><T81/><D81/><N who="1" m="49519" /><E101/><V59/><F43/><W62/><G46/><T3/><D3/><U75/><E75/><V35/><F57/><W108/><G44/><T134/><D134/><U42/><E42/><V53/><F35/><W117/><G108/><T33/><D33/><U105/><E105/><V64/><F30/><AGARI ba="0,0" hai="7,9,12,20,21,22,23,24,30,52,54,55,56,63" machi="30" ten="40,2600,0" yaku="8,1,54,1" doraHai="86" who="0" fromWho="2" sc="462,26,72,0,276,-26,190,0" /><INIT seed="2,0,0,0,1,7" ten="488,72,250,190" oya="2" hai0="35,42,21,82,68,64,134,14,135,80,52,5,0" hai1="8,32,34,129,13,41,46,18,111,70,86,75,133" hai2="117,100,118,78,93,56,31,44,48,50,55,126,39" hai3="24,11,26,3,61,103,22,27,23,109,66,20,110"/><V128/><F31/><W62/><G103/><T127/><D35/><U67/><E75/><V19/><F78/><W63/><G66/><T125/><D42/><U53/><E111/><N who="3" m="42506" /><G3/><T77/><D0/><U43/><E133/><N who="0" m="50697" /><D52/><U38/><E129/><V57/><F128/><W33/><G11/><N who="0" m="4463" /><D21/><U36/><E86/><V47/><F55/><W71/><G71/><T88/><D88/><U15/><E53/><V94/><F100/><W112/><G112/><T90/><D90/><U40/><E15/><V59/><F59/><W16/><G33/><T51/><D51/><U79/><E79/><V102/><F102/><W10/><G10/><T85/><D82/><U132/><E132/><V113/><F39/><W45/><G45/><T119/><D119/><U116/><E116/><V106/><F113/><W25/><AGARI ba="0,0" hai="16,20,22,23,24,25,26,27,61,62,63" m="42506" machi="25" ten="40,2700,0" yaku="14,1,54,1" doraHai="7" who="3" fromWho="3" sc="488,-7,72,-7,250,-13,190,27" /><INIT seed="3,0,0,1,0,24" ten="481,65,237,217" oya="3" hai0="46,81,11,88,51,64,25,40,36,89,98,123,134" hai1="28,84,60,32,119,65,106,29,15,104,55,41,131" hai2="19,113,110,92,58,130,49,85,1,3,71,73,59" hai3="90,107,132,52,21,72,43,70,112,7,16,9,114"/><W27/><G70/><T128/><D123/><U93/><E119/><V37/><F113/><W82/><G107/><T2/><D128/><U26/><E131/><V109/><F37/><W118/><G118/><T117/><D134/><U124/><E124/><V53/><F71/><W79/><G43/><T86/><D64/><U20/><E41/><V97/><F73/><W129/><G129/><T87/><D98/><U111/><E111/><N who="2" m="42507" /><F85/><W116/><G132/><T135/><D135/><U35/><E55/><N who="2" m="32111" /><F19/><W69/><G69/><T6/><D25/><U125/><E125/><V18/><F18/><W80/><G116/><T108/><D108/><U101/><E84/><V42/><F42/><W102/><G102/><T133/><D117/><U56/><E15/><V74/><F74/><W23/><G23/><T91/><D133/><U75/><E75/><V103/><F130/><W8/><G8/><T127/><D127/><U47/><E47/><V14/><F14/><W10/><G10/><T0/><D0/><U38/><E38/><V4/><F4/><W76/><G90/><T13/><D2/><U22/><E35/><V94/><F94/><W68/><G68/><T17/><D36/><U99/><REACH who="1" step="1"/><E32/><REACH who="1" ten="481,55,237,217" step="2"/><V34/><F34/><W63/><G72/><T66/><D86/><U5/><E5/><V30/><F1/><W95/><G7/><T61/><D6/><U54/><E54/><V126/><F3/><W77/><G52/><T44/><D44/><U105/><E105/><V39/><F53/><W50/><G112/><T121/><D40/><U12/><E12/><V57/><F126/><RYUUKYOKU ba="0,1" sc="481,-10,55,30,237,-10,217,-10" hai1="20,22,26,28,29,56,60,65,93,99,101,104,106" owari="481,58.1,85,-41.5,227,2.7,207,-19.3" /></mjloggm>