<mjloggm ver="2.3"><GO type="225" lobby="0"/><UN n0="%6D%75%75%6D%75%72%61" n1="%E7%BD%AA%E5%88%91%E6%B3%95%E5%AE%9A%E4%B8%BB%E7%BE%A9" n2="%E3%83%AD%E3%83%83%E3%83%86%E9%9B%80%E7%90%83" n3="%E6%98%93%E5%88%A9%E8%96%A9%E4%BC%AF" dan="16,16,17,16" rate="2090.56,2173.65,2233.03,2109.79" sx="F,M,M,F"/><TAIKYOKU oya="0"/><INIT seed="0,0,0,5,4,133" ten="250,250,250,250" oya="0" hai0="81,117,82,48,105,112,54,18,33,41,47,79,71" hai1="116,0,39,109,130,69,75,38,83,89,70,107,37" hai2="134,44,95,111,55,102,60,97,25,12,125,106,123" hai3="121,17,124,73,65,122,36,120,77,23,57,118,6"/><T100/><D112/><U126/><RYUUKYOKU type="yao9" ba="0,0" sc="250,0,250,0,250,0,250,0" hai1="0,37,38,39,69,70,75,83,89,107,109,116,126,130" /><INIT seed="0,1,0,3,0,33" ten="250,250,250,250" oya="0" hai0="118,20,130,134,89,127,7,82,53,69,84,131,26" hai1="95,25,51,32,34,2,99,102,109,54,68,29,9" hai2="28,56,42,100,35,38,47,1,55,117,121,96,58" hai3="6,73,3,113,91,36,135,21,44,4,31,133,81"/><T14/><D118/><U94/><E68/><V78/><F121/><W10/><G91/><T27/><D69/><U8/><E109/><V90/><F117/><W0/><G113/><T66/><D127/><U41/><E34/><V120/><F120/><W17/><G31/><T60/><D134/><N who="3" m="51209" /><G44/><T5/><D53/><U122/><E122/><V74/><F90/><W22/><G36/><T103/><D103/><U83/><E83/><V57/><F28/><W86/><G86/><T104/><D104/><U80/><E80/><V48/><F35/><W52/><G52/><T116/><D116/><U45/><E2/><N who="3" m="554" /><G10/><N who="0" m="4431" /><D20/><N who="3" m="7785" /><G17/><T101/><D101/><U19/><E19/><V37/><F37/><W46/><G46/><T18/><D18/><U119/><E119/><V108/><F47/><W107/><G107/><T132/><D7/><U106/><E106/><V105/><F100/><W128/><G128/><N who="0" m="49195" /><D132/><U39/><E95/><V98/><F105/><W114/><G114/><T30/><D30/><U97/><E99/><V110/><F98/><W65/><G65/><T50/><D50/><U125/><E39/><V88/><F96/><W93/><G93/><T40/><D40/><U85/><E54/><V129/><F48/><W11/><G11/><T126/><D126/><U77/><E125/><V62/><F55/><W24/><G24/><T92/><D92/><U75/><E85/><V87/><F87/><W111/><G111/><T72/><D72/><U43/><E43/><V71/><F42/><W23/><N who="3" m="7793" /><W64/><DORA hai="115" /><G64/><T79/><D89/><U63/><E75/><V67/><F74/><RYUUKYOKU ba="1,0" sc="250,15,250,-15,250,-15,250,15" hai0="26,27,60,66,79,82,84" hai3="4,6,73,81" /><INIT seed="0,2,0,2,2,101" ten="265,235,235,265" oya="0" hai0="61,3,62,85,130,29,90,10,8,54,109,122,88" hai1="41,72,6,30,58,133,38,123,92,35,75,18,50" hai2="69,73,25,115,99,100,53,34,104,60,79,131,129" hai3="113,14,91,55,17,65,1,78,64,89,95,52,28"/><T2/><D122/><U48/><E123/><V68/><F115/><W107/><G1/><T124/><D130/><N who="2" m="49674" /><F53/><W121/><G121/><T135/><D124/><U108/><E108/><V46/><F46/><W98/><G113/><T119/><D29/><U20/><E133/><V7/><F7/><W57/><G28/><T44/><D135/><U127/><E127/><V9/><F9/><W67/><G78/><T120/><D120/><U21/><E35/><V16/><F60/><W106/><G91/><T23/><D23/><U111/><E111/><V66/><F66/><W45/><G45/><T105/><D109/><U76/><E6/><V11/><F34/><W12/><G12/><T84/><D44/><U116/><E38/><V19/><F11/><W74/><G74/><T37/><D37/><U87/><E41/><V0/><F0/><W27/><G55/><T103/><D54/><U26/><E58/><V134/><F134/><W94/><G94/><T97/><D103/><U56/><E56/><V63/><F25/><W132/><G132/><T13/><D97/><U32/><E32/><V114/><F114/><W59/><G59/><T22/><D22/><U70/><E21/><V126/><F126/><W125/><G125/><T128/><D128/><U15/><E20/><V5/><F5/><W51/><REACH who="3" step="1"/><G27/><REACH who="3" ten="265,235,235,255" step="2"/><T4/><D13/><U49/><E26/><V40/><F40/><W71/><G71/><N who="2" m="27209" /><F63/><W77/><G77/><T96/><D4/><U36/><E30/><V47/><F47/><W112/><G112/><T102/><D3/><U33/><E70/><V83/><AGARI ba="2,1" hai="16,19,73,79,83,99,100,104" m="27209,49674" machi="83" ten="40,8000,1" yaku="5,1,19,1,52,1,54,1" doraHai="101" who="2" fromWho="2" sc="265,-42,235,-22,235,96,255,-22" /><INIT seed="1,0,0,1,4,59" ten="223,213,331,233" oya="1" hai0="106,34,110,21,91,41,132,14,29,10,13,19,36" hai1="76,129,105,35,130,113,60,54,126,101,48,20,71" hai2="33,70,45,112,74,31,44,97,87,115,72,51,38" hai3="40,131,49,50,134,118,94,3,64,88,66,46,61"/><U89/><E35/><V7/><F70/><W11/><G131/><N who="1" m="50186" /><E113/><N who="2" m="43595" /><F7/><W9/><G134/><T53/><D106/><U24/><E76/><V104/><F87/><W73/><G73/><T23/><D132/><U83/><E126/><V111/><F111/><W0/><G118/><T58/><D110/><U128/><N who="1" m="50194" /><U124/><DORA hai="15" /><E124/><V63/><F63/><W100/><G100/><T92/><D36/><U75/><E101/><N who="2" m="62511" /><F44/><W68/><G50/><T78/><D78/><N who="1" m="44511" /><E105/><V81/><F81/><W90/><G66/><T85/><D34/><U133/><E133/><V108/><F38/><W1/><REACH who="3" step="1"/><G90/><REACH who="3" ten="223,213,331,223" step="2"/><T96/><D91/><U28/><E89/><V37/><F37/><W26/><G26/><T22/><D85/><AGARI ba="0,1" hai="0,1,3,9,11,40,46,49,61,64,68,85,88,94" machi="85" ten="40,8000,1" yaku="1,1,52,1,54,1,53,2" doraHai="59,15" doraHaiUra="4,107" who="3" fromWho="0" sc="223,-80,213,0,331,0,223,90" /><INIT seed="2,0,0,2,3,0" ten="143,213,331,313" oya="2" hai0="7,110,43,25,63,58,36,54,116,108,28,3,46" hai1="113,122,93,82,132,52,20,10,95,120,91,80,118" hai2="60,133,31,18,96,123,86,16,129,15,2,104,78" hai3="8,29,51,64,115,103,119,40,67,5,121,83,100"/><V70/><F2/><W111/><G119/><T59/><D116/><U72/><E118/><V76/><F123/><N who="1" m="47145" /><E113/><V107/><F31/><W50/><G121/><T77/><D77/><N who="1" m="44071" /><E20/><V45/><F45/><W74/><G111/><T66/><D58/><U38/><E38/><V88/><F133/><W92/><G29/><T97/><D66/><U73/><E132/><V41/><F129/><W127/><G127/><T94/><D25/><U26/><E26/><V12/><F70/><W44/><G51/><T114/><D28/><U126/><E126/><V112/><F60/><W79/><G115/><T4/><D114/><U84/><E10/><V17/><F78/><W24/><G24/><T135/><D135/><U13/><E13/><V37/><F15/><W89/><G67/><T49/><D3/><U42/><E42/><V61/><F12/><W47/><G64/><T39/><D39/><U85/><E52/><V69/><F41/><W6/><G47/><T14/><D14/><U34/><E34/><V55/><F55/><W117/><G117/><T35/><D35/><U22/><E22/><V27/><F27/><W68/><G68/><T90/><REACH who="0" step="1"/><D36/><REACH who="0" ten="133,213,331,313" step="2"/><U99/><E73/><V125/><F37/><W1/><REACH who="3" step="1"/><G6/><AGARI ba="0,1" hai="4,6,7,43,46,49,54,59,63,90,94,97,108,110" machi="6" ten="40,8000,1" yaku="1,1,2,1,52,3,53,0" doraHai="0" doraHaiUra="65" who="0" fromWho="3" sc="133,90,213,0,331,0,313,-80" /><INIT seed="3,0,0,4,0,74" ten="223,213,331,233" oya="3" hai0="127,115,64,1,80,107,82,130,69,0,26,5,96" hai1="19,84,36,56,22,33,119,15,109,55,31,23,68" hai2="30,131,37,95,67,54,45,11,13,121,81,133,17" hai3="106,4,125,72,120,50,20,51,91,27,41,3,105"/><W70/><G120/><T99/><D127/><U92/><E36/><V60/><F131/><W134/><G72/><T135/><D130/><U9/><E68/><V38/><F133/><W116/><G70/><T94/><D135/><U111/><E33/><V78/><F121/><W48/><G134/><T77/><D115/><U39/><E39/><V75/><F30/><W129/><G116/><T35/><D96/><U58/><E119/><V122/><F122/><W90/><G129/><T63/><D5/><U110/><E31/><V85/><F54/><W42/><G125/><T12/><D12/><U128/><E128/><V32/><F32/><W113/><G113/><T62/><D62/><N who="1" m="36127" /><E58/><V43/><F38/><W40/><G4/><T86/><D80/><U2/><E2/><V57/><F95/><W34/><G34/><T73/><D73/><U29/><E29/><V97/><F97/><W65/><G3/><T61/><D61/><U53/><E53/><V104/><F104/><W79/><G79/><T25/><D107/><N who="3" m="40969" /><G65/><T7/><D35/><U98/><E84/><V88/><F75/><W117/><G117/><T8/><D0/><U47/><E47/><V108/><F78/><W52/><G52/><T28/><D28/><U124/><E124/><V102/><F102/><AGARI ba="0,0" hai="1,7,8,25,26,63,64,69,77,82,86,94,99,102" machi="102" ten="30,2000,0" yaku="7,1,52,1" doraHai="74" who="0" fromWho="2" sc="223,20,213,0,331,-20,233,0" owari="243,4.3,213,-28.7,311,41.1,233,-16.7" /></mjloggm>