<mjloggm ver="2.3"><GO type="225" lobby="0"/><UN n0="%E3%81%95%E3%81%8D%E3%81%9F%E3%81%BE%E6%9E%97%E6%AA%8E" n1="%E3%80%90%E3%83%88%E3%83%AA%E3%83%A5%E3%83%95%E3%80%91" n2="%E3%83%B4%E3%82%A3%E3%83%AF%E3%82%B3%E3%82%B0%E3%83%8B" n3="%6C%61%6D%62" dan="16,16,16,16" rate="2068.90,2046.23,2182.56,2176.81" sx="M,M,M,M"/><TAIKYOKU oya="0"/><INIT seed="0,0,0,1,3,46" ten="250,250,250,250" oya="0" hai0="109,87,120,95,26,62,41,75,88,78,71,68,128" hai1="49,10,42,70,104,4,13,34,118,131,125,5,57" hai2="111,2,67,29,105,66,64,23,89,60,22,33,61" hai3="15,17,11,101,45,127,113,56,52,123,91,51,103"/><T39/><D120/><U102/><E118/><V50/><F111/><W24/><G113/><T132/><D132/><U99/><E70/><V69/><F2/><W27/><G123/><T126/><D126/><U130/><E34/><V80/><F105/><W36/><G127/><T115/><D115/><U47/><E57/><V1/><F1/><W76/><G76/><T133/><D133/><U134/><E134/><V110/><F110/><W73/><G73/><T94/><D109/><U112/><E112/><V28/><F33/><W96/><G91/><T93/><D128/><N who="1" m="49195" /><E125/><V53/><F80/><W38/><G103/><T55/><D75/><U81/><E81/><V114/><F89/><W25/><REACH who="3" step="1"/><G56/><REACH who="3" ten="250,250,250,240" step="2"/><N who="0" m="35103" /><D71/><U82/><E82/><V108/><F108/><W48/><G48/><T37/><D68/><U9/><E9/><V106/><F114/><W117/><G117/><T7/><D78/><U97/><E97/><V65/><F60/><W19/><G19/><AGARI ba="0,1" hai="4,5,10,13,19,42,47,49,99,102,104" m="49195" machi="19" ten="30,2000,0" yaku="19,1,52,1" doraHai="46" who="1" fromWho="3" sc="250,0,250,30,250,0,240,-20" /><INIT seed="1,0,0,2,4,81" ten="250,280,250,220" oya="1" hai0="97,48,36,74,115,90,20,135,130,92,96,122,132" hai1="133,1,28,98,95,29,71,83,99,25,13,4,7" hai2="0,103,128,52,53,32,91,108,56,26,82,59,38" hai3="66,18,84,51,86,55,57,88,35,68,31,2,75"/><U87/><E71/><V78/><F0/><W43/><G75/><T114/><D36/><U27/><E133/><N who="0" m="51273" /><D20/><U73/><E73/><V124/><F38/><W72/><G72/><T34/><D34/><U14/><E1/><V79/><F108/><W49/><G2/><T9/><D9/><U123/><E123/><V41/><F41/><W121/><G121/><T118/><D122/><U106/><E106/><V67/><F67/><W127/><G127/><T70/><D70/><U65/><E65/><V120/><F120/><W40/><G35/><T54/><D74/><U10/><E95/><V110/><F110/><W46/><G31/><T6/><D6/><U3/><E3/><V101/><F26/><N who="1" m="9737" /><E13/><V93/><F32/><W17/><G43/><T112/><D118/><U30/><E4/><V85/><F128/><W24/><G24/><T113/><D130/><U89/><AGARI ba="0,0" hai="7,10,14,28,29,30,83,87,89,98,99" m="9737" machi="89" ten="30,3000,0" yaku="8,1,52,1" doraHai="81" who="1" fromWho="1" sc="250,-10,280,30,250,-10,220,-10" /><INIT seed="1,1,0,1,0,53" ten="240,310,240,210" oya="1" hai0="100,32,55,123,70,98,135,27,12,17,71,91,37" hai1="47,68,77,94,13,50,101,116,130,28,42,110,64" hai2="88,79,103,89,66,39,134,92,20,0,129,62,86" hai3="105,67,112,9,43,4,21,5,125,75,18,38,41"/><U8/><E116/><V19/><F134/><W82/><G112/><T40/><D135/><U85/><E130/><V33/><F129/><W6/><G105/><T120/><D91/><U14/><E28/><V121/><F39/><W59/><G125/><T81/><D81/><N who="1" m="47279" /><E68/><V22/><F0/><W84/><G75/><T106/><D37/><U69/><E69/><V15/><F33/><W78/><G9/><T104/><D104/><U95/><E64/><V24/><F121/><W3/><G3/><T45/><D55/><U127/><E14/><V2/><F2/><W65/><G38/><T30/><D40/><U44/><E101/><V96/><F79/><W133/><G133/><T54/><D54/><U109/><E47/><V49/><F49/><W118/><G118/><T72/><D45/><U52/><E127/><V26/><F20/><W1/><G1/><T35/><D35/><U113/><E113/><V34/><F34/><W93/><G93/><N who="1" m="35338" /><E52/><V107/><REACH who="2" step="1"/><F89/><REACH who="2" ten="240,310,230,210" step="2"/><W102/><G21/><N who="0" m="11431" /><D72/><U126/><E126/><V124/><F124/><W90/><G90/><T23/><D23/><U83/><E83/><V11/><F11/><W48/><G82/><T7/><D7/><AGARI ba="1,1" hai="7,8,13,42,44,50,109,110" m="35338,47279" machi="7" ten="30,1500,0" yaku="25,1" doraHai="53" who="1" fromWho="0" sc="240,-18,310,28,230,0,210,0" /><INIT seed="1,2,0,3,2,72" ten="222,338,230,210" oya="1" hai0="109,131,98,35,27,112,54,46,33,4,117,18,92" hai1="49,25,15,8,130,57,68,95,87,73,121,91,124" hai2="119,135,9,43,118,19,21,115,123,22,89,133,75" hai3="40,134,99,37,39,70,10,108,86,62,116,3,74"/><U44/><E68/><V50/><F75/><W129/><G108/><T81/><D112/><U28/><E121/><V76/><F123/><W61/><G74/><T23/><D117/><N who="2" m="44554" /><F76/><W60/><G70/><T65/><D109/><U12/><E73/><V101/><F101/><W13/><G3/><T51/><D131/><U132/><E130/><V106/><F106/><W24/><G134/><N who="2" m="51209" /><F89/><W67/><G67/><T45/><D65/><U55/><E132/><V84/><F84/><W93/><G129/><T113/><D113/><U1/><E1/><V16/><BYE who="1" /><F115/><W17/><G40/><T78/><D46/><U66/><E66/><V32/><F32/><UN n1="%E3%80%90%E3%83%88%E3%83%AA%E3%83%A5%E3%83%95%E3%80%91" /><W77/><G116/><T110/><D4/><N who="1" m="3079" /><E15/><N who="2" m="7279" /><F19/><W56/><G56/><T102/><REACH who="0" step="1"/><D110/><REACH who="0" ten="212,338,230,210" step="2"/><U42/><E44/><AGARI ba="2,1" hai="21,22,43,44,50" m="7279,51209,44554" machi="44" ten="30,2000,0" yaku="20,1,54,1" doraHai="72" who="2" fromWho="1" sc="212,0,338,-26,230,36,210,0" /><INIT seed="2,0,0,1,3,72" ten="212,312,266,210" oya="2" hai0="23,2,126,81,45,110,1,12,4,130,63,39,99" hai1="33,43,44,42,49,52,21,80,119,82,124,59,36" hai2="26,97,125,10,89,117,31,5,77,111,91,76,118" hai3="0,69,15,37,116,79,107,64,92,18,75,102,46"/><V70/><F70/><W84/><G0/><T66/><D110/><U120/><E119/><V122/><F122/><W129/><G116/><T20/><D126/><U30/><E120/><V105/><F118/><W103/><G107/><T58/><D130/><U50/><E36/><V83/><F117/><W56/><G69/><T19/><D23/><U121/><E33/><V51/><F125/><W101/><G75/><T16/><D19/><U106/><E106/><V13/><F105/><W32/><G32/><T86/><D99/><U9/><E9/><V98/><F51/><W85/><G129/><T93/><D93/><U22/><E22/><N who="2" m="15831" /><F111/><W61/><G92/><T95/><D95/><U60/><E124/><V132/><F132/><W38/><G46/><T28/><D28/><U133/><E133/><V115/><F115/><W113/><G113/><T74/><D74/><U11/><E11/><V62/><F62/><W27/><G27/><T57/><D4/><U94/><E121/><V41/><F41/><W17/><G17/><T87/><D87/><U109/><E109/><V47/><F47/><W108/><G108/><T34/><D34/><U90/><E43/><V134/><F134/><W67/><G85/><T104/><D104/><U25/><E50/><V114/><F114/><W3/><G3/><N who="0" m="1035" /><D45/><U96/><AGARI ba="0,0" hai="21,25,30,42,44,49,52,59,60,80,82,90,94,96" machi="96" ten="20,5200,0" yaku="0,1,7,1,8,1,54,1" doraHai="72" who="1" fromWho="1" sc="212,-13,312,52,266,-26,210,-13" /><INIT seed="3,0,0,1,3,46" ten="199,364,240,197" oya="3" hai0="87,100,23,116,77,42,57,54,37,130,58,133,71" hai1="74,81,18,61,12,88,26,103,86,134,115,111,38" hai2="89,19,20,39,107,78,25,15,8,16,63,29,32" hai3="113,119,5,80,118,75,121,13,110,114,40,11,21"/><W47/><G75/><T131/><D116/><N who="3" m="44585" /><G80/><N who="0" m="47503" /><D71/><U56/><E38/><V30/><F107/><W35/><G35/><T123/><D123/><U27/><E115/><N who="3" m="44042" /><G47/><N who="0" m="24015" /><D133/><U14/><E103/><V122/><F122/><W17/><G40/><T128/><D100/><U67/><E134/><V43/><F78/><W33/><G33/><T97/><D97/><U99/><E74/><V0/><F89/><W45/><G45/><T90/><D90/><U62/><E99/><V82/><F82/><W66/><G66/><T98/><D98/><U108/><E12/><N who="2" m="7175" /><F63/><W105/><G105/><T92/><D92/><U125/><E62/><V41/><F39/><W64/><G64/><T127/><D127/><U72/><E125/><V95/><F95/><W69/><G69/><T83/><D83/><U84/><E84/><V4/><F30/><W93/><G93/><T60/><D58/><U76/><E72/><V109/><F43/><W126/><G126/><T3/><D23/><N who="1" m="11735" /><E76/><V102/><F41/><W73/><G73/><T7/><D7/><U52/><E67/><V96/><F102/><W85/><G85/><T24/><D24/><U135/><E135/><V48/><F96/><W112/><N who="3" m="44050" /><W70/><DORA hai="104" /><G70/><T10/><D10/><U28/><E28/><V49/><F4/><W55/><G121/><T132/><D132/><U2/><E2/><AGARI ba="0,0" hai="2,3,54,57,60,128,130,131" m="24015,47503" machi="2" ten="30,1000,0" yaku="19,1" doraHai="46,104" who="0" fromWho="1" sc="199,10,364,-10,240,0,197,0" owari="209,-19.1,354,45.4,240,4.0,197,-30.3" /></mjloggm>