<mjloggm ver="2.3"><GO type="225" lobby="0"/><UN n0="%E5%84%AA%40%41%42%43" n1="%E8%80%81%E6%A5%BD" n2="%E3%81%BF%E3%81%BF%E3%81%9A" n3="%E7%89%B9%E6%9D%B1%E3%81%AF%E4%B8%96%E7%95%8C%E3%82%92%E6%95%91%E3%81%86" dan="18,16,17,16" rate="2240.79,2100.00,2187.09,2109.39" sx="M,M,M,M"/><TAIKYOKU oya="0"/><INIT seed="0,0,0,2,2,52" ten="250,250,250,250" oya="0" hai0="102,24,35,127,126,122,16,120,118,39,37,47,33" hai1="117,62,109,45,34,91,4,70,53,79,125,5,115" hai2="78,134,93,44,114,104,57,55,106,128,64,83,76" hai3="135,87,11,105,61,26,73,50,22,123,23,81,66"/><T51/><D118/><U130/><E117/><V67/><F114/><W28/><G135/><T48/><D102/><U69/><E34/><N who="0" m="12809" /><D47/><U88/><E79/><V18/><F134/><W85/><G123/><N who="0" m="47147" /><D24/><U25/><E25/><V133/><F133/><W15/><G105/><T95/><D95/><U13/><E45/><V12/><F128/><W97/><G97/><T56/><D56/><N who="1" m="35087" /><E69/><V65/><F93/><W77/><G50/><N who="0" m="18987" /><D16/><U119/><E70/><V29/><F44/><W10/><G23/><T110/><D110/><U111/><E119/><V36/><F104/><W129/><G129/><T80/><D80/><U3/><E130/><V116/><F106/><W6/><REACH who="3" step="1"/><G10/><REACH who="3" ten="250,250,250,240" step="2"/><T19/><D19/><U89/><E115/><V75/><F116/><W32/><G32/><T54/><D54/><U96/><E96/><V63/><F18/><W90/><G90/><T71/><D71/><AGARI ba="0,1" hai="6,11,15,22,26,28,61,66,71,73,77,81,85,87" machi="71" ten="30,3900,0" yaku="1,1,7,1,53,1" doraHai="52" doraHaiUra="20" who="3" fromWho="0" sc="250,-39,250,0,250,0,240,49" /><INIT seed="1,0,0,2,5,36" ten="211,250,250,289" oya="1" hai0="33,131,97,56,116,3,128,26,84,15,123,74,28" hai1="62,79,126,120,42,34,10,122,72,70,27,94,22" hai2="32,40,88,7,46,104,45,96,81,57,118,20,54" hai3="14,124,41,87,105,100,16,21,50,18,106,129,47"/><U35/><E126/><V12/><F32/><W125/><G129/><N who="0" m="49739" /><D74/><U61/><E94/><N who="2" m="56391" /><F104/><W2/><G2/><T80/><D116/><U69/><E10/><N who="2" m="4191" /><F118/><W117/><G117/><T103/><D3/><U77/><E72/><V53/><F81/><W4/><G4/><T25/><D25/><U130/><E27/><V67/><F20/><W99/><G105/><N who="0" m="63727" /><D56/><U92/><E92/><V17/><BYE who="1" /><F17/><W49/><G87/><T76/><D15/><U109/><E109/><V102/><F102/><W66/><G66/><T95/><D95/><U29/><E29/><V37/><F37/><W111/><G111/><T75/><D75/><UN n1="%E8%80%81%E6%A5%BD" /><U9/><E130/><V48/><F46/><W78/><G78/><N who="0" m="46103" /><D123/><U112/><E22/><V39/><F39/><W135/><G125/><T127/><D127/><U93/><E93/><V113/><F113/><W85/><G124/><T110/><D110/><U60/><E112/><V119/><F119/><W114/><G114/><T108/><D108/><U59/><E122/><V19/><F19/><W82/><G18/><T132/><D132/><U1/><E120/><V44/><F44/><W73/><G135/><T98/><D98/><U11/><E1/><V8/><F8/><W51/><REACH who="3" step="1"/><G73/><REACH who="3" ten="211,250,250,279" step="2"/><T38/><D76/><U115/><E79/><V13/><F13/><W90/><AGARI ba="0,1" hai="14,16,21,41,47,49,50,51,82,85,90,99,100,106" machi="90" ten="20,12000,2" yaku="1,1,2,1,0,1,7,1,52,1,54,1,53,0" doraHai="36" doraHaiUra="30" who="3" fromWho="3" sc="211,-30,250,-60,250,-30,279,130" /><INIT seed="2,0,0,5,5,64" ten="181,190,220,409" oya="2" hai0="117,25,1,122,43,114,76,81,37,30,62,35,70" hai1="82,3,126,102,80,19,74,6,54,132,40,22,36" hai2="23,98,87,108,47,73,89,100,21,17,90,91,10" hai3="118,79,44,11,24,133,109,12,101,103,4,129,52"/><V58/><F73/><W115/><G118/><T107/><D122/><U65/><E102/><V51/><F108/><W94/><G109/><T116/><D114/><U88/><E65/><V61/><F10/><W83/><G129/><T111/><D111/><U20/><E54/><N who="2" m="34007" /><F100/><W8/><G133/><T29/><D29/><U134/><E126/><V55/><F98/><W86/><G115/><T56/><D1/><U45/><E6/><V104/><F104/><W110/><G110/><T34/><D107/><U125/><E3/><V84/><F23/><W85/><G11/><T46/><D35/><U9/><E9/><V67/><F67/><W38/><G24/><AGARI ba="0,0" hai="17,21,24,47,51,55,84,87,89,90,91" m="34007" machi="24" ten="30,1500,0" yaku="8,1" doraHai="64" who="2" fromWho="3" sc="181,0,190,0,220,15,409,-15" /><INIT seed="2,1,0,4,0,103" ten="181,190,235,394" oya="2" hai0="80,73,13,101,111,62,96,113,54,55,27,31,91" hai1="132,17,76,118,131,72,7,69,51,36,65,94,89" hai2="10,56,105,121,26,133,16,32,84,21,60,97,119" hai3="130,112,116,41,49,40,53,78,9,6,82,102,115"/><V127/><F119/><W87/><G130/><T123/><D123/><U8/><E36/><V108/><F121/><W4/><G102/><T19/><D113/><N who="3" m="43593" /><G116/><T92/><D111/><U79/><E65/><V124/><F108/><W2/><G4/><T64/><D73/><U120/><E69/><V100/><F133/><W122/><G122/><T45/><D45/><AGARI ba="1,0" hai="2,6,9,40,41,45,49,53,78,82,87" m="43593" machi="45" ten="30,1000,0" yaku="11,1" doraHai="103" who="3" fromWho="0" sc="181,-13,190,0,235,0,394,13" /><INIT seed="3,0,0,4,5,70" ten="168,190,235,407" oya="3" hai0="103,20,89,10,108,42,69,116,73,22,107,49,31" hai1="76,72,90,101,91,1,77,28,75,57,11,122,82" hai2="95,3,93,121,25,12,24,117,111,2,16,41,129" hai3="15,64,35,29,79,124,67,109,119,134,13,81,105"/><W0/><G0/><T14/><D116/><U133/><E122/><V123/><F41/><W54/><G105/><T84/><D73/><U40/><E101/><V9/><F111/><W7/><G134/><T115/><D69/><U37/><E28/><V74/><F74/><W125/><G119/><T52/><D108/><U104/><E104/><V55/><F55/><W26/><G54/><T118/><D118/><U83/><E57/><V100/><F129/><W88/><G88/><T120/><D120/><U19/><E133/><V132/><F117/><W87/><G109/><T18/><D115/><U78/><E78/><V5/><F100/><W6/><G15/><T62/><D31/><U56/><E56/><V46/><F46/><W33/><G33/><T4/><D42/><U102/><E102/><V59/><F59/><W128/><G128/><T30/><D30/><U85/><E85/><V110/><F12/><W65/><G13/><N who="0" m="5319" /><D62/><U127/><E127/><AGARI ba="0,0" hai="6,7,26,29,35,64,65,67,79,81,87,124,125,127" machi="127" ten="40,2000,0" yaku="18,1" doraHai="70" who="3" fromWho="1" sc="168,0,190,-20,235,0,407,20" owari="168,-33.2,170,-23.0,235,3.5,427,52.7" /></mjloggm>