<mjloggm ver="2.3"><GO type="225" lobby="0"/><UN n0="%E7%99%BD%E6%97%A5%E9%9B%AA%E8%8F%9C" n1="%EF%BC%AE%EF%BC%A1%EF%BC%AF%33%33%39" n2="%E4%BF%BA%E3%81%A8%E5%A6%96%E5%A4%A2" n3="%E3%81%B5%E3%81%98%E3%81%8B%E3%81%A4" dan="17,17,17,16" rate="2184.78,2139.79,2154.21,2164.32" sx="M,M,F,M"/><TAIKYOKU oya="0"/><INIT seed="0,0,0,5,3,27" ten="250,250,250,250" oya="0" hai0="4,112,62,119,33,77,129,42,84,102,25,126,83" hai1="15,56,22,81,105,17,98,35,66,121,39,16,47" hai2="5,40,58,54,29,128,63,134,130,46,124,113,95" hai3="97,59,132,116,80,9,131,38,99,68,115,118,50"/><T67/><D112/><U48/><E121/><V21/><F113/><W41/><G115/><T24/><D119/><U34/><E39/><V94/><F134/><W107/><G68/><T45/><D126/><U73/><E73/><V14/><F124/><W70/><G132/><T10/><D102/><U111/><E81/><V43/><F43/><W2/><G70/><T37/><D129/><N who="2" m="49770" /><F5/><W101/><G131/><T36/><D36/><U93/><E105/><V3/><F3/><W96/><G80/><T30/><D25/><U133/><E133/><V55/><F55/><W53/><G97/><T127/><D127/><U19/><E111/><V123/><F123/><W6/><REACH who="3" step="1"/><G99/><REACH who="3" ten="250,250,250,240" step="2"/><T61/><REACH who="0" step="1"/><D67/><REACH who="0" ten="240,250,250,240" step="2"/><U110/><E66/><V69/><F69/><W85/><G85/><T120/><D120/><U44/><E98/><V91/><F91/><W106/><G106/><T49/><D49/><U60/><E48/><V87/><F87/><W52/><G52/><T20/><D20/><U135/><E22/><V78/><F54/><W7/><G7/><T100/><D100/><U125/><E125/><V71/><F71/><W89/><G89/><T76/><D76/><U108/><E135/><V82/><F78/><W104/><G104/><T79/><D79/><U74/><E110/><V57/><F21/><W0/><G0/><AGARI ba="0,2" hai="0,4,10,24,30,33,37,42,45,61,62,77,83,84" machi="0" ten="30,5800,0" yaku="1,1,7,1,52,1,53,0" doraHai="27" doraHaiUra="51" who="0" fromWho="3" sc="240,78,250,0,250,0,240,-58" /><INIT seed="0,1,0,0,0,86" ten="318,250,250,182" oya="0" hai0="25,121,108,50,77,133,92,42,46,94,109,18,78" hai1="132,106,27,7,75,32,48,90,83,53,33,38,62" hai2="30,99,68,100,135,55,87,107,91,129,49,124,103" hai3="59,11,35,10,130,61,79,31,112,39,128,21,15"/><T113/><D113/><U104/><E38/><V131/><F68/><W71/><G112/><T66/><D121/><U115/><E115/><V43/><F43/><W20/><G71/><T123/><D123/><U54/><E7/><V98/><F30/><W63/><G39/><T56/><D133/><U117/><E117/><V1/><F1/><W80/><G63/><N who="0" m="38247" /><D18/><U93/><E132/><V97/><F135/><W45/><G45/><T23/><D25/><U5/><E5/><V0/><F0/><W40/><G40/><T72/><D23/><U69/><E83/><V19/><F19/><N who="3" m="10367" /><G21/><T134/><D134/><U85/><E75/><V70/><F70/><W111/><G31/><T89/><D72/><U118/><E118/><V51/><F51/><W37/><G35/><T73/><D73/><U14/><E14/><V105/><F99/><W110/><G37/><T125/><D94/><U17/><E33/><V3/><F3/><W114/><G114/><T95/><D95/><U101/><E69/><V88/><F124/><W29/><G29/><T84/><D125/><U65/><E32/><V34/><F34/><W76/><G11/><T67/><D67/><U26/><E65/><V8/><F8/><W60/><G10/><T12/><D12/><U36/><E36/><V82/><F91/><W74/><G59/><AGARI ba="1,0" hai="49,55,59,82,87,88,97,98,100,103,105,107,129,131" machi="59" ten="40,5200,0" yaku="9,1,52,1,54,1" doraHai="86" who="2" fromWho="3" sc="318,0,250,0,250,55,182,-55" /><INIT seed="1,0,0,0,1,20" ten="318,250,305,127" oya="1" hai0="14,70,108,121,16,106,86,57,25,89,72,93,84" hai1="48,109,133,47,80,68,91,101,2,39,125,118,115" hai2="85,131,34,23,1,129,53,103,92,37,56,120,60" hai3="21,79,32,77,99,0,110,114,22,8,78,18,128"/><U90/><E2/><V69/><F34/><W104/><G114/><T124/><D70/><U102/><E115/><V62/><F120/><W44/><G110/><T61/><D72/><U96/><E68/><V63/><F1/><W24/><G128/><N who="2" m="49225" /><F37/><W29/><G44/><T113/><D113/><U81/><E39/><V64/><F23/><W5/><G104/><T117/><D117/><U35/><E35/><V31/><F31/><W132/><G132/><T10/><D106/><U127/><E118/><V59/><F85/><W98/><REACH who="3" step="1"/><G22/><REACH who="3" ten="318,250,305,117" step="2"/><N who="0" m="13511" /><D108/><U27/><E109/><V46/><F69/><W51/><G51/><T4/><D121/><U119/><E119/><V13/><F46/><W95/><G95/><T126/><D126/><U123/><E123/><V42/><F63/><W105/><G105/><T83/><D124/><U66/><E48/><V58/><F92/><W122/><G122/><T15/><D83/><U74/><E47/><V11/><F60/><W73/><G73/><T52/><D15/><AGARI ba="0,1" hai="0,5,8,15,18,21,24,29,32,77,78,79,98,99" machi="15" ten="40,8000,1" yaku="1,1,24,2,52,1,53,1" doraHai="20" doraHaiUra="26" who="3" fromWho="0" sc="318,-80,250,0,305,0,117,90" /><INIT seed="2,0,0,4,1,27" ten="238,250,305,207" oya="2" hai0="132,133,23,49,14,20,46,54,109,116,40,66,125" hai1="5,97,110,37,128,35,72,90,84,85,65,76,47" hai2="124,117,38,18,91,131,52,19,3,92,64,67,16" hai3="121,63,70,10,108,100,51,101,107,113,123,55,58"/><V83/><F117/><W69/><G10/><T31/><D116/><U61/><E35/><V9/><F38/><W41/><G107/><T6/><D109/><U114/><E114/><V26/><F131/><W24/><G108/><T50/><D125/><U44/><E110/><V29/><F124/><W130/><G130/><T89/><D66/><U57/><E128/><V36/><F36/><W80/><G113/><T0/><D0/><U135/><E5/><V106/><F106/><W99/><G80/><T119/><D119/><U42/><E135/><N who="0" m="51785" /><D89/><U48/><E72/><V62/><F83/><W122/><G24/><T79/><D79/><U56/><E76/><V15/><F3/><W88/><G101/><T87/><D87/><U39/><E39/><V95/><F95/><W86/><G41/><T134/><N who="0" m="51793" /><T94/><DORA hai="8" /><D94/><U4/><E4/><N who="2" m="3495" /><F52/><N who="3" m="34247" /><G70/><T105/><D105/><U34/><E97/><N who="2" m="57503" /><F62/><W81/><G69/><T127/><D127/><U78/><E78/><V2/><F2/><W118/><G118/><T1/><D1/><U33/><E85/><V7/><F7/><W32/><G123/><T11/><D31/><U22/><E84/><V77/><F77/><W17/><G122/><T104/><D104/><U82/><E82/><V13/><F13/><W28/><G121/><T115/><D115/><U68/><E90/><V74/><F74/><W59/><G28/><T25/><D25/><U98/><E98/><V21/><AGARI ba="0,0" hai="16,18,19,21,26,29,64,67" m="57503,3495" machi="21" ten="30,11700,0" yaku="8,1,52,2,54,1" doraHai="27,8" who="2" fromWho="2" sc="238,-39,250,-39,305,117,207,-39" /><INIT seed="2,1,0,2,0,22" ten="199,211,422,168" oya="2" hai0="10,48,134,120,107,37,34,19,39,88,74,44,25" hai1="36,69,122,127,64,58,20,115,66,71,114,108,129" hai2="33,11,27,83,61,132,91,82,65,128,130,30,49" hai3="135,79,50,3,96,84,94,57,1,87,111,121,0"/><V55/><F132/><W38/><G121/><T123/><D74/><U73/><E73/><V32/><F32/><W90/><G38/><T18/><D107/><U2/><E2/><V100/><F100/><W23/><G135/><T89/><D134/><U13/><E13/><V70/><F11/><W103/><G111/><T63/><D63/><U56/><E20/><V97/><F97/><W35/><G35/><T133/><D133/><U21/><E21/><V126/><F126/><W54/><G79/><T77/><D77/><U41/><E108/><V110/><F110/><W78/><G78/><T24/><D34/><U42/><E36/><V99/><F99/><W75/><G75/><T8/><D48/><U53/><E53/><V98/><F98/><W112/><G112/><T105/><D105/><U101/><E101/><V62/><F62/><W117/><G117/><T118/><REACH who="0" step="1"/><D44/><REACH who="0" ten="189,211,422,168" step="2"/><U7/><E122/><V29/><F49/><W80/><G87/><T95/><D95/><U116/><E116/><AGARI ba="1,1" hai="8,10,18,19,24,25,37,39,88,89,116,118,120,123" machi="116" ten="25,12000,2" yaku="1,1,22,2,52,2,54,1,53,0" doraHai="22" doraHaiUra="131" who="0" fromWho="1" sc="189,133,211,-123,422,0,168,0" /><INIT seed="3,0,0,5,1,25" ten="322,88,422,168" oya="3" hai0="113,26,94,9,0,110,74,101,129,17,105,38,19" hai1="28,123,97,99,16,127,45,87,133,4,43,51,11" hai2="52,75,23,86,78,79,6,62,14,106,64,12,98" hai3="18,2,10,5,92,48,53,128,89,57,84,67,61"/><W125/><G125/><T72/><D38/><U104/><E123/><V15/><F75/><W100/><G100/><T132/><D110/><U81/><E127/><V102/><F52/><W85/><G128/><T44/><D105/><U91/><E133/><V39/><F39/><W96/><REACH who="3" step="1"/><G18/><REACH who="3" ten="322,88,422,158" step="2"/><T32/><D19/><U115/><E115/><V59/><F102/><W126/><G126/><T41/><D17/><U93/><E104/><V47/><F106/><W58/><AGARI ba="0,1" hai="2,5,10,48,53,57,58,61,67,84,85,89,92,96" machi="58" ten="20,7800,0" yaku="1,1,0,1,7,1,53,1" doraHai="25" doraHaiUra="90" who="3" fromWho="3" sc="322,-26,88,-26,422,-26,158,88" /><INIT seed="3,1,0,3,0,58" ten="296,62,396,246" oya="3" hai0="72,33,81,116,60,100,108,127,57,44,124,122,92" hai1="128,103,24,93,55,99,109,111,135,26,74,118,113" hai2="78,11,82,89,110,115,69,98,101,86,46,129,17" hai3="70,125,14,28,73,105,132,52,76,88,25,121,130"/><W22/><G121/><T119/><D122/><U77/><E113/><V38/><F115/><W50/><G105/><T19/><D33/><U94/><E118/><V91/><F69/><W48/><G70/><T15/><D108/><U123/><E123/><V42/><F110/><W83/><G125/><N who="0" m="48203" /><D44/><U87/><E55/><V62/><F62/><W133/><G130/><T8/><D100/><U0/><E0/><V29/><F29/><W32/><G50/><T39/><D92/><U43/><E43/><V68/><F68/><W2/><G2/><T37/><D116/><U7/><E7/><V27/><F129/><W104/><G104/><T45/><D45/><U49/><E49/><V117/><F117/><W1/><G1/><T80/><D119/><U63/><E128/><V67/><F67/><W102/><G102/><T85/><D72/><U6/><E6/><V59/><F59/><N who="3" m="33159" /><G14/><T3/><D3/><U31/><E74/><V126/><F126/><W13/><G13/><T16/><D19/><U10/><E10/><V54/><F54/><W4/><G4/><T95/><D95/><U35/><E109/><V47/><F47/><W30/><G88/><N who="0" m="51239" /><D81/><U134/><E111/><V120/><F120/><W61/><G32/><T53/><AGARI ba="1,0" hai="8,15,16,37,39,53,57,60" m="51239,48203" machi="53" ten="30,7900,0" yaku="18,1,52,1,54,2" doraHai="58" who="0" fromWho="0" sc="296,82,62,-21,396,-21,246,-40" owari="378,47.8,41,-45.9,375,17.5,206,-19.4" /></mjloggm>