<mjloggm ver="2.3"><GO type="225" lobby="0"/><UN n0="%73%75%7A%75%6D%65%33" n1="%48%61%61%61%6C%61%6E%64" n2="%E5%B0%8F%37%34" n3="%E6%98%93%E5%88%A9%E8%96%A9%E4%BC%AF" dan="18,18,16,16" rate="2186.09,2200.28,2178.41,2052.52" sx="M,M,M,F"/><TAIKYOKU oya="0"/><INIT seed="0,0,0,3,1,14" ten="250,250,250,250" oya="0" hai0="94,71,100,98,87,115,113,41,122,37,135,56,42" hai1="3,25,45,36,40,73,91,118,69,65,2,26,35" hai2="29,103,134,5,51,54,90,21,77,31,30,55,96" hai3="79,34,17,97,117,16,101,66,106,27,132,84,44"/><T82/><D71/><U64/><E118/><V121/><F121/><W57/><G117/><T78/><D122/><U76/><E91/><V133/><F77/><W50/><G132/><N who="2" m="50793" /><F5/><W130/><G130/><T9/><D135/><U6/><E3/><V104/><F90/><W58/><G79/><T111/><D111/><U7/><E7/><V108/><F108/><W19/><G84/><T15/><D56/><U24/><E35/><V47/><F54/><W20/><G34/><T128/><D128/><U33/><E33/><V13/><F13/><W125/><G125/><T126/><D126/><U48/><E6/><V39/><F39/><W114/><G114/><T85/><D37/><U110/><E2/><V109/><F109/><W0/><G0/><T8/><D8/><U38/><E110/><V105/><F105/><W124/><G124/><T53/><D53/><U129/><E129/><V88/><F88/><W52/><REACH who="3" step="1"/><G66/><REACH who="3" ten="250,250,250,240" step="2"/><T80/><D115/><U72/><E65/><V23/><AGARI ba="0,1" hai="21,23,29,30,31,47,51,55,96,103,104" m="50793" machi="23" ten="40,1500,0" yaku="20,1" doraHai="14" who="2" fromWho="2" sc="250,-7,250,-4,250,25,240,-4" /><INIT seed="1,0,0,2,3,34" ten="243,246,275,236" oya="1" hai0="73,17,45,93,56,65,9,40,70,108,48,23,13" hai1="84,69,104,41,27,29,1,50,3,2,62,68,37" hai2="4,18,89,121,125,127,133,80,122,111,16,94,52" hai3="44,15,114,106,101,115,116,117,135,0,36,24,61"/><U128/><E128/><V46/><F111/><W64/><G15/><T126/><D108/><U42/><E50/><N who="2" m="28759" /><F80/><W75/><G24/><T55/><D73/><U79/><E104/><V105/><F105/><W74/><G135/><T35/><D35/><U22/><E37/><V39/><F39/><W7/><G44/><T11/><D126/><N who="2" m="48138" /><F4/><W12/><G12/><T49/><D70/><U26/><E26/><V33/><F33/><W112/><G36/><T67/><D93/><U66/><REACH who="1" step="1"/><E69/><REACH who="1" ten="243,236,275,236" step="2"/><V5/><F133/><W91/><G106/><T131/><D131/><U92/><E92/><V81/><F81/><AGARI ba="0,1" hai="1,2,3,22,27,29,41,42,62,66,68,79,81,84" machi="81" ten="40,12000,1" yaku="1,1,52,3,53,1" doraHai="34" doraHaiUra="63" who="1" fromWho="2" sc="243,0,236,130,275,-120,236,0" /><INIT seed="1,1,0,1,2,114" ten="243,366,155,236" oya="1" hai0="64,4,70,113,20,33,98,125,130,8,61,43,0" hai1="57,9,126,46,51,11,54,13,40,62,53,74,119" hai2="66,121,58,123,84,118,75,52,41,85,30,63,44" hai3="12,131,86,32,42,93,48,73,49,132,17,110,122"/><U116/><E74/><V69/><F75/><W109/><G73/><T112/><D33/><U18/><E126/><V71/><F30/><W87/><G122/><T80/><D125/><U107/><E107/><V45/><F71/><W19/><G32/><T59/><D130/><U133/><E133/><V6/><F6/><W27/><G131/><T96/><D43/><U108/><E108/><V78/><F44/><W23/><G132/><T14/><D80/><U72/><E72/><V102/><F102/><W115/><G115/><T5/><D113/><U92/><E9/><V28/><F28/><W22/><G93/><T2/><D112/><U120/><E120/><V67/><F67/><W95/><G95/><T111/><D111/><N who="3" m="42505" /><G42/><T90/><D90/><U16/><E18/><V91/><F118/><W34/><G34/><T21/><D70/><U79/><E79/><V15/><F15/><W94/><G87/><T128/><D128/><U88/><E40/><V36/><F84/><AGARI ba="1,0" hai="11,13,16,46,51,53,54,57,62,84,88,92,116,119" machi="84" ten="30,12000,1" yaku="7,1,52,2,54,2" doraHai="114" who="1" fromWho="2" sc="243,0,366,123,155,-123,236,0" /><INIT seed="1,2,0,3,1,87" ten="243,489,32,236" oya="1" hai0="92,51,135,12,118,74,119,64,0,56,132,102,9" hai1="76,115,25,10,71,8,112,114,13,97,52,3,80" hai2="27,36,84,127,69,99,101,34,55,110,123,122,96" hai3="68,35,120,11,60,121,82,39,20,85,131,79,62"/><U22/><E71/><V88/><F69/><W50/><G35/><T105/><D105/><U100/><E3/><V41/><F110/><W19/><G39/><T42/><D74/><U89/><E89/><V107/><F127/><W81/><G131/><T44/><D0/><U37/><E37/><V66/><F66/><W70/><G11/><T49/><D102/><U47/><E13/><V21/><F34/><W78/><G50/><T111/><D92/><U17/><E47/><V128/><F128/><W14/><G70/><T90/><D90/><U65/><E65/><V40/><F96/><W7/><G7/><T109/><D9/><U98/><E52/><V86/><F84/><W2/><G2/><T59/><D12/><U23/><E23/><V108/><F108/><N who="0" m="41546" /><D56/><U94/><REACH who="1" step="1"/><E98/><REACH who="1" ten="243,479,32,236" step="2"/><V77/><F55/><W4/><G68/><T16/><D64/><U18/><E18/><V1/><F1/><W72/><G4/><T130/><D16/><U31/><E31/><V63/><F77/><W106/><G20/><T6/><D130/><U95/><E95/><V58/><F58/><W117/><G19/><T93/><D93/><U133/><E133/><N who="0" m="51273" /><D6/><U32/><E32/><V24/><F63/><W54/><G14/><T91/><D91/><U45/><E45/><N who="2" m="23687" /><F41/><W116/><G62/><T28/><D28/><U104/><E104/><V83/><F21/><W33/><G106/><T26/><D26/><U57/><E57/><V129/><F129/><W75/><G33/><T15/><D15/><U38/><E38/><V61/><F61/><W73/><G60/><T46/><D59/><RYUUKYOKU ba="2,1" sc="243,10,479,10,32,10,236,-30" hai0="42,44,46,49,51,118,119" hai1="8,10,17,22,25,76,80,94,97,100,112,114,115" hai2="24,27,83,86,88,99,101,107,122,123" /><INIT seed="1,3,1,3,5,110" ten="253,489,42,206" oya="1" hai0="81,88,101,76,96,64,17,124,133,43,73,125,9" hai1="135,69,32,2,45,61,108,27,119,84,113,10,53" hai2="50,25,66,128,74,90,123,48,85,111,33,131,12" hai3="95,99,58,91,68,26,31,46,60,29,72,21,130"/><U105/><E113/><V77/><F111/><W106/><G130/><T120/><D64/><U114/><E114/><V42/><F123/><W11/><G68/><T30/><D30/><U109/><E105/><V51/><F66/><W132/><G132/><T6/><D43/><U67/><E119/><V24/><F42/><W5/><G106/><T75/><D133/><U63/><E135/><V19/><F74/><W129/><G72/><T4/><D75/><U7/><E84/><V62/><F77/><W117/><G117/><T65/><D65/><U0/><E0/><V98/><F62/><W93/><G93/><T41/><D41/><U134/><E134/><V3/><F98/><W20/><G46/><T89/><D17/><U1/><E1/><V18/><F3/><W57/><G60/><T23/><D23/><U35/><E35/><V55/><F55/><W47/><G47/><T100/><D6/><U28/><REACH who="1" step="1"/><E45/><REACH who="1" ten="253,479,42,206" step="2"/><V122/><F122/><W83/><G129/><N who="2" m="49737" /><F33/><W126/><G99/><T118/><D120/><U8/><E8/><N who="2" m="6407" /><F19/><W102/><G31/><T78/><D96/><U34/><E34/><V59/><F59/><AGARI ba="3,2" hai="2,7,10,27,28,32,53,59,61,63,67,69,108,109" machi="59" ten="40,2000,0" yaku="1,1,53,0" doraHai="110" doraHaiUra="79" who="1" fromWho="2" sc="253,0,479,49,42,-29,206,0" /><INIT seed="1,4,0,5,0,56" ten="253,528,13,206" oya="1" hai0="76,39,107,124,59,49,54,112,36,113,1,102,74" hai1="42,108,67,43,103,9,27,125,41,127,98,83,45" hai2="65,72,17,97,0,101,126,26,37,116,104,4,44" hai3="71,35,133,5,121,58,122,21,23,130,106,24,93"/><U15/><E108/><V32/><F116/><W51/><G106/><T30/><D124/><N who="1" m="47691" /><E27/><V16/><F126/><W62/><G130/><T22/><D1/><U77/><E67/><V19/><F72/><W89/><G133/><T96/><D76/><U10/><E45/><V31/><F65/><W84/><G5/><T12/><D74/><N who="1" m="43447" /><E15/><V68/><F68/><W135/><G135/><T129/><D129/><U20/><E20/><V111/><F111/><W85/><G35/><T25/><REACH who="0" step="1"/><D12/><REACH who="0" ten="243,528,13,206" step="2"/><U114/><E114/><AGARI ba="4,1" hai="22,25,30,36,39,49,54,59,96,102,107,112,113,114" machi="114" ten="40,5200,0" yaku="1,1,2,1,53,1" doraHai="56" doraHaiUra="18" who="0" fromWho="1" sc="243,74,528,-64,13,0,206,0" /><INIT seed="2,0,0,1,4,0" ten="317,464,13,206" oya="2" hai0="96,1,16,37,69,68,125,51,3,132,50,28,60" hai1="29,127,123,47,115,84,32,53,101,23,114,30,80" hai2="22,11,64,34,89,79,2,42,85,87,31,78,100" hai3="18,126,71,120,118,46,106,58,117,27,21,98,19"/><V113/><F113/><W135/><G120/><T45/><D28/><U70/><E32/><V124/><F34/><W39/><G71/><T72/><D72/><U66/><E123/><V110/><F100/><W128/><G128/><T109/><D37/><U81/><E127/><V119/><F119/><W9/><G135/><T134/><D96/><U77/><E101/><V75/><F124/><W10/><G126/><T26/><D125/><U33/><E33/><V86/><F75/><W74/><G74/><T105/><D105/><U14/><E70/><V40/><F89/><W67/><G106/><T24/><D60/><U5/><E66/><V122/><F122/><W6/><G98/><T17/><D45/><U65/><E65/><V108/><F64/><W12/><G58/><T91/><D91/><U104/><E104/><V102/><F102/><W8/><G67/><T121/><D121/><U99/><E99/><V48/><F31/><W131/><G131/><T54/><D54/><U38/><E29/><V129/><F129/><W36/><G46/><T61/><D61/><U94/><E30/><V112/><F112/><W92/><G92/><T59/><D59/><U73/><E73/><V13/><F2/><N who="3" m="87" /><G39/><T95/><D95/><U116/><E94/><V41/><F48/><W133/><G36/><T103/><D103/><U55/><E38/><V44/><F44/><W35/><G35/><T43/><D43/><N who="2" m="11010" /><V52/><DORA hai="7" /><F52/><W76/><G118/><T82/><REACH who="0" step="1"/><D82/><REACH who="0" ten="307,464,13,206" step="2"/><N who="1" m="47183" /><E115/><V97/><F97/><W111/><G117/><T15/><D15/><U107/><E116/><V49/><F49/><RYUUKYOKU ba="0,1" sc="307,30,464,-10,13,-10,206,-10" hai0="1,3,16,17,24,26,50,51,68,69,109,132,134" /><INIT seed="3,1,1,4,5,117" ten="337,454,3,196" oya="3" hai0="44,127,98,24,89,85,21,123,60,129,52,36,119" hai1="10,1,125,11,12,23,118,134,27,131,116,46,126" hai2="96,69,16,42,39,9,58,115,6,93,99,3,29" hai3="17,61,73,108,47,0,132,56,114,88,26,28,59"/><W32/><G114/><T81/><D119/><N who="1" m="45611" /><E131/><V121/><F58/><W51/><G73/><T79/><D129/><U113/><E113/><V101/><F115/><W76/><G76/><T100/><D127/><U62/><E134/><V25/><F69/><W72/><G72/><T37/><D79/><U40/><E62/><V38/><F99/><W124/><G124/><N who="1" m="47722" /><E12/><V67/><F67/><W55/><G132/><T13/><D13/><U2/><E10/><V43/><F39/><W19/><G0/><T82/><D82/><U91/><E91/><V95/><F95/><W97/><G108/><T34/><D34/><U41/><E11/><V64/><F64/><W120/><G120/><T83/><D83/><U48/><E40/><V104/><F104/><W78/><G78/><T5/><D5/><U102/><E102/><V68/><F68/><W45/><G45/><T90/><D90/><U111/><E111/><V57/><F57/><W133/><G59/><T8/><D8/><U109/><E109/><V31/><F31/><AGARI ba="1,1" hai="1,2,23,27,31,41,46,48" m="47722,45611" machi="31" ten="30,2000,0" yaku="12,1,18,1" doraHai="117" who="1" fromWho="2" sc="337,0,454,33,3,-23,196,0" owari="337,13.7,487,58.7,-20,-52.0,196,-20.4" /></mjloggm>