<mjloggm ver="2.3"><GO type="225" lobby="0"/><UN n0="%E3%81%99%E3%81%84%E3%81%BE%E3%81%9B%E3%83%BC%E3%82%93" n1="%E3%81%8B%E3%82%8F%E3%81%A1%E3%82%83%E3%82%93%35%38" n2="%E3%83%AD%E3%83%83%E3%83%86%E9%9B%80%E7%90%83" n3="%E3%83%B4%E3%83%A0%EF%BC%99%E3%81%A6" dan="18,17,16,16" rate="2206.13,2253.97,2160.16,2101.53" sx="M,M,M,M"/><TAIKYOKU oya="0"/><INIT seed="0,0,0,0,1,23" ten="250,250,250,250" oya="0" hai0="94,4,32,119,57,38,113,68,105,60,126,3,6" hai1="51,118,128,41,127,26,16,122,13,116,20,78,25" hai2="70,83,131,109,27,110,111,22,2,65,19,17,123" hai3="133,114,84,49,46,35,86,88,75,12,72,66,120"/><T18/><D113/><U69/><E69/><V45/><F123/><W54/><G114/><T30/><D105/><U121/><E78/><V93/><F2/><W43/><G120/><N who="1" m="46186" /><E51/><V31/><F131/><W11/><G133/><T102/><D68/><U95/><E95/><V115/><F115/><W58/><G35/><T55/><D119/><N who="1" m="45611" /><E41/><V101/><F83/><W104/><G104/><T80/><D126/><U53/><E53/><V99/><REACH who="2" step="1"/><F45/><REACH who="2" ten="250,250,240,250" step="2"/><W103/><G46/><T52/><D80/><U77/><E77/><V56/><F56/><W48/><G58/><T91/><D57/><U7/><E128/><V63/><AGARI ba="0,1" hai="17,19,22,27,31,63,65,70,93,99,101,109,110,111" machi="63" ten="40,8000,1" yaku="1,1,0,1,14,1,52,1,53,0" doraHai="23" doraHaiUra="117" who="2" fromWho="2" sc="250,-40,250,-20,240,90,250,-20" /><INIT seed="1,0,0,2,0,33" ten="210,230,330,230" oya="1" hai0="39,129,23,7,59,49,54,86,91,18,30,40,22" hai1="50,28,135,94,72,35,82,26,25,79,3,13,0" hai2="58,2,31,88,32,116,87,108,85,118,65,126,16" hai3="115,78,17,48,43,104,93,69,90,70,123,106,80"/><U6/><E135/><V12/><F2/><W15/><G115/><T1/><D129/><U53/><E26/><V111/><F87/><W63/><G123/><T29/><D39/><U121/><E121/><V127/><F31/><W42/><G104/><T98/><D40/><U119/><E119/><V5/><F5/><W133/><G106/><T75/><D98/><U122/><E122/><V10/><F32/><W14/><G133/><T83/><D75/><U44/><REACH who="1" step="1"/><E94/><REACH who="1" ten="210,220,330,230" step="2"/><N who="2" m="54543" /><F118/><W102/><G93/><T52/><D30/><U84/><E84/><V74/><F116/><W113/><G113/><T4/><D29/><U51/><E51/><V134/><F74/><W21/><G48/><N who="0" m="31111" /><D1/><U62/><E62/><N who="2" m="38103" /><F134/><W9/><G63/><T120/><D120/><U76/><E76/><V41/><F41/><W107/><G78/><T96/><D96/><U77/><E77/><V97/><F97/><W105/><G107/><T11/><D49/><U61/><E61/><V132/><F132/><W34/><G105/><T64/><D64/><U89/><E89/><V99/><F99/><W47/><G90/><T114/><D114/><U73/><E73/><V81/><F81/><W57/><G80/><T109/><D54/><U56/><E56/><V103/><F103/><W27/><G57/><T128/><D91/><U55/><E55/><V112/><F112/><W124/><G102/><T130/><D86/><U60/><E60/><V45/><F45/><W67/><G47/><T38/><D83/><U92/><E92/><V100/><F100/><W125/><G43/><T110/><D130/><U101/><E101/><RYUUKYOKU ba="0,1" sc="210,-15,220,15,330,15,230,-15" hai1="0,3,6,13,25,28,35,44,50,53,72,79,82" hai2="10,12,16,108,111,126,127" /><INIT seed="1,1,1,3,2,22" ten="195,235,345,215" oya="1" hai0="97,91,125,130,68,21,116,55,93,39,47,28,43" hai1="115,57,52,94,75,77,72,63,105,123,120,14,46" hai2="40,58,56,67,85,18,37,54,23,106,92,89,102" hai3="16,26,6,59,124,30,66,108,104,122,19,82,2"/><U24/><E105/><V62/><F37/><W35/><G104/><T131/><D116/><U53/><E115/><V51/><F106/><W45/><G122/><T15/><D125/><U109/><E75/><V71/><F40/><W134/><G124/><T79/><D68/><U7/><E72/><V87/><F102/><W107/><G107/><T61/><D79/><U36/><E77/><V25/><REACH who="2" step="1"/><F87/><REACH who="2" ten="195,235,335,215" step="2"/><W50/><G108/><T113/><D113/><U135/><E36/><V112/><F112/><W99/><G99/><T17/><D39/><U1/><E109/><V29/><F29/><W128/><G30/><T78/><D28/><U44/><E123/><V76/><F76/><W3/><G134/><T103/><D78/><U12/><E135/><V95/><F95/><W100/><G100/><T98/><D98/><U31/><E94/><V33/><F33/><W60/><G35/><T117/><D103/><U127/><E120/><V83/><F83/><W111/><G82/><T27/><D117/><U65/><E127/><V41/><F41/><W84/><G84/><T10/><D43/><U110/><E110/><V74/><F74/><W118/><G111/><T69/><D97/><U4/><E31/><V49/><F49/><W34/><G118/><T20/><D93/><U70/><E63/><V86/><F86/><W88/><G34/><T11/><D61/><U73/><E73/><V132/><F132/><W96/><G96/><T114/><D114/><U121/><E121/><V81/><F81/><W101/><G60/><T64/><D91/><U38/><E38/><V48/><F48/><RYUUKYOKU ba="1,2" sc="195,-10,235,-10,335,30,215,-10" hai2="18,23,25,51,54,56,58,62,67,71,85,89,92" /><INIT seed="2,2,2,2,2,134" ten="185,225,365,205" oya="2" hai0="37,7,110,63,53,32,26,124,67,69,55,88,18" hai1="101,128,51,123,46,72,108,119,50,78,57,14,3" hai2="97,95,116,107,15,24,49,27,125,56,13,131,105" hai3="76,129,114,10,45,61,21,122,70,82,92,109,58"/><V89/><F56/><W99/><G122/><T62/><D37/><U35/><E3/><V20/><F27/><W65/><G109/><T64/><D110/><U66/><E35/><V112/><F49/><W19/><G129/><T111/><D111/><U80/><E108/><V135/><F112/><W127/><G114/><T104/><D124/><U30/><E30/><V120/><F125/><W43/><G10/><T100/><D7/><U17/><E119/><V84/><F120/><W34/><G34/><T60/><D60/><U81/><E123/><V86/><F116/><W98/><G70/><T42/><D42/><U126/><E126/><V4/><F135/><W59/><G59/><T11/><D88/><U1/><E1/><V25/><F25/><W52/><G65/><T113/><D113/><U73/><E101/><V93/><F84/><N who="3" m="48199" /><G127/><T22/><D11/><U118/><E118/><V121/><F121/><W16/><G98/><T40/><D32/><U132/><E132/><V74/><F74/><W106/><G106/><T91/><D91/><U39/><E128/><V75/><F75/><W12/><G19/><T54/><D40/><N who="1" m="22815" /><E66/><V133/><F133/><W96/><G92/><T117/><D117/><U31/><E31/><V41/><F41/><W0/><G0/><T8/><D8/><N who="1" m="6343" /><E57/><V48/><F131/><W77/><G77/><T38/><D38/><U71/><E71/><V94/><F107/><W90/><G90/><T2/><D2/><U79/><E50/><AGARI ba="2,2" hai="12,16,21,43,45,50,52,58,61,96,99" m="48199" machi="50" ten="30,3900,0" yaku="8,1,54,2" doraHai="134" who="3" fromWho="1" sc="185,0,225,-45,365,0,205,65" /><INIT seed="3,0,0,2,5,51" ten="185,180,365,270" oya="3" hai0="128,26,72,38,101,43,23,131,127,99,79,106,69" hai1="1,100,116,48,6,0,17,46,94,67,55,57,90" hai2="107,32,86,63,4,34,108,53,89,102,111,31,125" hai3="7,20,77,117,75,47,11,24,126,62,133,28,93"/><W115/><G115/><T66/><D127/><U71/><E71/><V104/><F4/><W91/><G126/><T120/><D120/><U19/><E116/><V84/><F84/><W92/><G117/><T41/><D38/><U49/><E100/><V29/><F53/><W132/><G62/><N who="0" m="40151" /><D79/><U80/><E80/><V85/><F63/><W119/><G119/><T14/><D14/><U21/><E6/><V50/><F50/><W135/><G47/><T65/><D65/><U118/><E118/><V82/><F125/><W78/><G75/><T61/><D61/><N who="1" m="38319" /><E0/><V37/><F37/><W97/><REACH who="3" step="1"/><G92/><REACH who="3" ten="185,180,365,260" step="2"/><T15/><D72/><U35/><E1/><AGARI ba="0,1" hai="1,7,11,20,24,28,77,78,91,93,97,132,133,135" machi="1" ten="40,7700,0" yaku="1,1,2,1,20,1,53,0" doraHai="51" doraHaiUra="8" who="3" fromWho="1" sc="185,0,180,-77,365,0,260,87" /><INIT seed="3,1,0,2,0,46" ten="185,103,365,347" oya="3" hai0="77,53,17,116,65,62,4,12,92,63,55,2,49" hai1="52,7,89,54,112,24,72,30,23,133,83,84,99" hai2="131,14,13,101,113,60,70,115,44,32,45,41,98" hai3="126,59,58,47,33,48,94,127,61,132,1,128,97"/><W5/><G33/><T0/><D116/><U130/><E133/><V22/><F32/><W34/><G34/><T27/><D77/><U106/><E130/><V102/><F131/><W20/><G128/><T10/><D92/><U107/><E112/><V15/><F22/><W109/><G132/><T31/><D55/><U36/><E36/><V74/><F74/><W79/><G79/><T21/><D65/><U73/><E7/><V40/><F60/><W39/><G39/><T28/><D0/><U104/><E99/><V35/><F35/><W96/><G109/><T67/><D67/><U64/><E64/><V134/><F70/><W18/><G5/><T11/><D31/><U51/><REACH who="1" step="1"/><E54/><REACH who="1" ten="185,93,365,347" step="2"/><V90/><F134/><W80/><G1/><T114/><D114/><U121/><E121/><V6/><F6/><W117/><G117/><T50/><D53/><U8/><E8/><V68/><F115/><W56/><G61/><T124/><D63/><U19/><E19/><V85/><F113/><W108/><G108/><T86/><D4/><U71/><E71/><V16/><F68/><W118/><G118/><T105/><D62/><U66/><E66/><V100/><F98/><N who="3" m="37995" /><G94/><T103/><D2/><U129/><E129/><V125/><F125/><N who="3" m="47627" /><G80/><T119/><D124/><U9/><E9/><V38/><F16/><W82/><G82/><T57/><D10/><U110/><E110/><V75/><F75/><W76/><G76/><T78/><D119/><U91/><E91/><V123/><F123/><W25/><G56/><AGARI ba="1,1" hai="23,24,30,51,52,56,72,73,83,84,89,104,106,107" machi="56" ten="40,5200,0" yaku="1,1,52,1,54,1,53,0" doraHai="46" doraHaiUra="93" who="1" fromWho="3" sc="185,0,93,65,365,0,347,-55" owari="185,-21.5,158,-34.2,365,46.5,292,9.2" /></mjloggm>