<mjloggm ver="2.3"><GO type="225" lobby="0"/><UN n0="%E9%B3%B3%E6%9D%B1%E3%81%AE%E3%81%86%E3%81%95%E3%81%8E%E3%81%95%E3%82%93" n1="%E5%B8%86%E7%AB%8B%E5%A4%8F%E8%A1%A3" n2="%E6%A0%B9%E5%85%83%E3%81%8B%E3%82%89%E5%90%B9%E3%81%A3%E9%A3%9B%E3%81%B6" n3="%72%69%6F%75%63%68%61%6E" dan="17,16,17,16" rate="2190.21,2078.21,2240.12,2234.01" sx="M,M,F,M"/><TAIKYOKU oya="0"/><INIT seed="0,0,0,2,5,24" ten="250,250,250,250" oya="0" hai0="115,50,100,53,116,69,5,135,59,97,70,34,65" hai1="77,103,120,132,3,7,37,108,51,81,19,125,14" hai2="88,61,101,89,118,105,94,20,52,49,63,128,130" hai3="43,91,134,60,87,17,90,72,26,58,75,96,98"/><T126/><D115/><U121/><E37/><V133/><F133/><W124/><G124/><T106/><D116/><U39/><E39/><V122/><F122/><W27/><G134/><T15/><D135/><U16/><E108/><V46/><F118/><W85/><G43/><T107/><D126/><U29/><E125/><V84/><F105/><W62/><G58/><T18/><D34/><U110/><E110/><V79/><F101/><W117/><REACH who="3" step="1"/><G17/><REACH who="3" ten="250,250,250,240" step="2"/><T67/><D18/><U4/><E132/><V64/><F130/><W48/><G48/><T82/><D50/><U74/><E121/><V21/><F128/><W12/><G12/><T109/><D15/><U80/><E120/><V32/><F61/><W92/><G92/><T47/><D59/><U41/><E41/><V22/><F94/><W33/><G33/><T6/><D109/><U78/><E51/><V93/><F32/><W36/><G36/><T23/><D106/><U10/><E19/><V129/><F129/><W28/><G28/><T31/><D31/><U71/><E29/><V57/><F93/><W13/><G13/><T66/><D107/><U35/><E35/><V76/><REACH who="2" step="1"/><F84/><REACH who="2" ten="250,250,240,240" step="2"/><W38/><G38/><T131/><D131/><U54/><E74/><V30/><F30/><W111/><G111/><T123/><D123/><U114/><E114/><V113/><F113/><W95/><G95/><T1/><D70/><U83/><E71/><V99/><F99/><W40/><G40/><T104/><D69/><U102/><E16/><V25/><F25/><W127/><G127/><T42/><D42/><U45/><E103/><RYUUKYOKU ba="0,2" sc="250,-15,250,-15,240,15,240,15" hai2="20,21,22,46,49,52,57,63,64,76,79,88,89" hai3="26,27,60,62,72,75,85,87,90,91,96,98,117" /><INIT seed="1,1,2,2,5,12" ten="235,235,255,255" oya="1" hai0="71,43,62,122,104,8,106,6,54,2,72,105,33" hai1="19,97,131,25,116,95,1,91,82,56,74,80,0" hai2="22,11,4,66,42,102,50,51,46,55,86,119,73" hai3="32,85,87,14,93,3,76,108,89,103,120,18,24"/><U9/><E131/><V5/><F73/><W20/><G108/><T117/><D117/><U64/><E116/><V16/><F119/><W88/><G120/><T115/><D115/><U37/><E37/><V57/><F102/><W38/><G38/><T127/><D127/><U135/><E135/><V124/><F124/><W36/><G36/><T53/><D122/><U34/><E74/><V60/><F11/><W90/><G3/><T99/><D43/><U132/><E132/><V107/><F86/><W133/><G133/><T58/><D71/><U113/><E113/><V94/><F94/><W26/><G32/><T28/><D72/><U79/><E79/><V45/><F107/><W121/><G121/><T134/><D134/><U92/><E92/><V77/><F77/><W15/><G15/><AGARI ba="1,2" hai="4,5,15,16,22,42,45,46,50,51,55,57,60,66" machi="15" ten="30,7700,0" yaku="7,1,8,1,52,1,54,1" doraHai="12" who="2" fromWho="3" sc="235,0,235,0,255,100,255,-80" /><INIT seed="2,0,0,3,5,116" ten="235,235,355,175" oya="2" hai0="89,58,29,93,108,83,13,43,135,36,84,7,35" hai1="34,48,91,66,16,67,106,96,102,88,125,131,86" hai2="128,98,95,47,23,39,57,32,70,19,117,81,90" hai3="38,129,87,41,115,11,42,69,100,68,75,133,37"/><V74/><F117/><W101/><G75/><T0/><D0/><U60/><E34/><V124/><F70/><N who="3" m="27243" /><G87/><T121/><D121/><U82/><E125/><V1/><F128/><W97/><G97/><T119/><D119/><U24/><E131/><V52/><F32/><W18/><G129/><T73/><D108/><U111/><E111/><V46/><F1/><W15/><G11/><T72/><D135/><U31/><E60/><N who="2" m="35879" /><F39/><N who="3" m="14859" /><G15/><T71/><D71/><U53/><E91/><V120/><F120/><W80/><G80/><T27/><D58/><U92/><E106/><V79/><F124/><W8/><G8/><T25/><D7/><U12/><E24/><AGARI ba="0,0" hai="19,23,24,46,47,74,79,81,90,95,98" m="35879" machi="24" ten="30,2900,0" yaku="25,1,54,1" doraHai="116" who="2" fromWho="1" sc="235,0,235,-29,355,29,175,0" /><INIT seed="2,1,0,0,4,63" ten="235,206,384,175" oya="2" hai0="107,109,112,52,134,68,126,11,7,9,92,5,40" hai1="131,74,13,17,20,39,64,36,117,65,96,129,89" hai2="16,105,75,69,87,48,77,25,42,104,82,101,18" hai3="1,83,125,3,56,80,55,121,119,58,123,110,97"/><V45/><F69/><W113/><G97/><T72/><D112/><U54/><E74/><V14/><F101/><W30/><G119/><T102/><D107/><U33/><E33/><V26/><F75/><W6/><G30/><T47/><D72/><U15/><E117/><V24/><REACH who="2" step="1"/><F18/><REACH who="2" ten="235,206,374,175" step="2"/><W4/><G113/><T23/><D68/><U37/><E129/><V22/><AGARI ba="1,1" hai="14,16,22,24,25,26,42,45,48,77,82,87,104,105" machi="22" ten="30,11700,0" yaku="1,1,2,1,0,1,54,1,53,0" doraHai="63" doraHaiUra="59" who="2" fromWho="2" sc="235,-40,206,-40,374,130,175,-40" /><INIT seed="2,2,0,1,2,59" ten="195,166,504,135" oya="2" hai0="135,63,13,45,106,40,8,124,29,91,96,46,2" hai1="92,95,27,44,81,126,69,87,39,79,86,101,19" hai2="21,82,3,93,6,90,70,128,84,77,61,52,112" hai3="7,113,102,33,65,54,26,129,120,43,36,89,22"/><V103/><F128/><W99/><G120/><T117/><D2/><U100/><E69/><V32/><F32/><W10/><G129/><T18/><D135/><U83/><E39/><V56/><F3/><W1/><G113/><T134/><D134/><U48/><E126/><V34/><F34/><W85/><G33/><T127/><D29/><U31/><E19/><V73/><F6/><W67/><G54/><T51/><D117/><U25/><E48/><V9/><F9/><W105/><G43/><T74/><D74/><U66/><E66/><V72/><F70/><W76/><G76/><T131/><D131/><U123/><E123/><V47/><F47/><W37/><G65/><T30/><D30/><U60/><E31/><V50/><F73/><W55/><G67/><T88/><D63/><U0/><E0/><V115/><F103/><W75/><G75/><T130/><D130/><U4/><E44/><V111/><F111/><W64/><G64/><T17/><D17/><U132/><E132/><V122/><F122/><W62/><G62/><T38/><D106/><U41/><E60/><V125/><F125/><N who="0" m="48202" /><D96/><U53/><E4/><V97/><F97/><W68/><G68/><T20/><D8/><U58/><E41/><AGARI ba="2,0" hai="13,18,20,38,40,41,45,46,51,88,91" m="48202" machi="41" ten="30,2000,0" yaku="18,1,54,1" doraHai="59" who="0" fromWho="1" sc="195,26,166,-26,504,0,135,0" /><INIT seed="3,0,0,0,5,72" ten="221,140,504,135" oya="3" hai0="89,82,92,73,101,66,50,99,32,67,90,13,130" hai1="49,23,108,8,7,75,27,56,87,41,111,106,86" hai2="71,54,38,107,113,116,105,123,64,16,30,33,34" hai3="114,93,51,60,63,14,9,0,91,122,26,61,119"/><W74/><G114/><T79/><D32/><U102/><E75/><V17/><F54/><W20/><G119/><T96/><D130/><U19/><E106/><V124/><F30/><W47/><G122/><T103/><D50/><U5/><E102/><V97/><F97/><W11/><G74/><T98/><D13/><N who="1" m="5263" /><E7/><V39/><F71/><W6/><G9/><T131/><D131/><U65/><E111/><V35/><F124/><W69/><G0/><T55/><D55/><N who="1" m="31855" /><E108/><V4/><F4/><W135/><G135/><T52/><D52/><U129/><E129/><V18/><F123/><W46/><G69/><T28/><D28/><N who="1" m="17535" /><E65/><V80/><F80/><W31/><REACH who="3" step="1"/><G51/><REACH who="3" ten="221,140,504,125" step="2"/><T84/><D103/><U125/><E125/><V85/><F116/><W81/><G81/><T22/><D101/><U1/><E1/><V45/><F113/><W21/><G21/><T127/><D127/><U70/><E70/><V36/><F34/><W68/><G68/><T12/><D22/><U77/><E41/><V88/><F35/><W120/><G120/><T43/><D43/><U83/><E87/><AGARI ba="0,1" hai="6,11,14,20,26,31,46,47,60,61,63,87,91,93" machi="87" ten="40,12000,1" yaku="1,1,8,1,53,3" doraHai="72" doraHaiUra="57" who="3" fromWho="1" sc="221,0,140,-120,504,0,125,130" /><INIT seed="3,1,0,3,2,101" ten="221,20,504,255" oya="3" hai0="37,121,104,135,12,38,77,87,127,84,99,42,7" hai1="79,10,114,67,4,62,41,96,59,125,14,88,51" hai2="130,116,3,94,118,22,134,128,56,53,75,50,18" hai3="98,54,2,112,43,133,5,36,17,91,102,83,64"/><W23/><G112/><T107/><D121/><U120/><E125/><V97/><F75/><W58/><G133/><T108/><D135/><U26/><E114/><V89/><F3/><W111/><G111/><T27/><D108/><U100/><E120/><V90/><F90/><W13/><G64/><T61/><D127/><U40/><E79/><V86/><F97/><W93/><G2/><T115/><D115/><U34/><E34/><V78/><F78/><W124/><G124/><T48/><D61/><U63/><E26/><V103/><F103/><W33/><G33/><T82/><D27/><U31/><E31/><V24/><REACH who="2" step="1"/><F134/><REACH who="2" ten="221,20,494,255" step="2"/><W126/><G126/><T81/><D99/><U119/><E119/><AGARI ba="1,1" hai="18,22,24,50,53,56,86,89,94,116,118,119,128,130" machi="119" ten="40,5200,0" yaku="1,1,2,1,53,1" doraHai="101" doraHaiUra="52" who="2" fromWho="1" sc="221,0,20,-55,494,65,255,0" owari="221,-17.9,-35,-53.5,559,65.9,255,5.5" /></mjloggm>