<mjloggm ver="2.3"><GO type="225" lobby="0"/><UN n0="%E6%A0%B9%E5%85%83%E3%81%8B%E3%82%89%E5%90%B9%E3%81%A3%E9%A3%9B%E3%81%B6" n1="%E3%81%BF%E3%81%BF%E3%81%9A" n2="%E3%81%8B%E3%82%8F%E3%81%A1%E3%82%83%E3%82%93%35%38" n3="%72%69%6F%75%63%68%61%6E" dan="17,18,17,17" rate="2161.12,2252.50,2249.19,2282.71" sx="F,M,M,M"/><TAIKYOKU oya="0"/><INIT seed="0,0,0,5,4,21" ten="250,250,250,250" oya="0" hai0="62,135,1,25,103,12,113,82,107,48,119,131,55" hai1="44,52,13,68,134,67,77,58,92,91,30,26,53" hai2="34,112,117,83,81,114,9,29,60,22,128,100,74" hai3="122,72,39,18,127,7,85,73,2,86,132,47,49"/><T88/><D113/><U84/><E134/><V24/><F128/><W40/><G132/><T118/><D1/><U121/><E121/><V61/><F117/><W116/><G116/><T43/><D131/><U70/><E77/><V15/><F100/><W56/><G122/><T108/><D135/><U78/><E78/><V97/><F97/><W63/><G127/><T36/><D107/><U59/><E67/><V38/><F38/><W42/><G18/><T102/><D108/><U111/><E111/><V14/><F74/><W16/><G40/><T95/><D82/><U90/><E13/><V5/><F112/><W54/><G16/><T6/><D36/><U19/><E19/><V33/><F114/><W57/><G73/><T35/><D43/><U101/><E101/><V87/><F14/><W31/><G72/><T0/><D0/><U125/><E44/><V69/><F83/><W105/><G105/><T17/><D62/><U129/><E91/><V4/><F4/><W123/><G123/><T46/><D119/><U99/><E99/><V8/><F8/><W71/><G31/><T37/><D37/><U79/><E79/><N who="2" m="46527" /><F69/><N who="1" m="26729" /><E125/><V66/><F66/><N who="3" m="41439" /><G57/><N who="1" m="21514" /><E129/><V120/><F120/><W94/><G94/><T65/><D65/><U23/><E53/><V115/><F115/><W64/><G64/><T80/><D118/><U75/><E52/><V126/><F126/><W133/><G133/><T98/><D80/><U3/><E75/><V93/><F93/><W106/><G106/><T124/><D124/><U89/><E3/><V45/><F45/><N who="3" m="23775" /><G56/><T10/><D6/><U20/><E89/><RYUUKYOKU ba="0,0" sc="250,0,250,0,250,0,250,0" hai0="10,12,17,25,35,46,48,55,88,95,98,102,103" hai1="20,23,26,30,84,90,92" hai2="5,9,15,22,24,29,33,34,60,61" hai3="2,7,47,49,54,85,86" /><INIT seed="0,1,0,5,0,44" ten="250,250,250,250" oya="0" hai0="115,125,76,33,30,101,80,127,8,10,93,7,102" hai1="120,55,113,60,70,94,40,123,116,58,78,11,95" hai2="82,119,43,66,79,0,121,104,38,91,77,88,109" hai3="87,45,42,54,103,34,37,134,36,64,126,2,74"/><T97/><D115/><U6/><E116/><V53/><F0/><W90/><G74/><T129/><D129/><U41/><E113/><V48/><F121/><W23/><G34/><T50/><D101/><U132/><E132/><V89/><F104/><W92/><G134/><T18/><D18/><U17/><E120/><V128/><F66/><W46/><G126/><N who="0" m="48139" /><D33/><U59/><E70/><V72/><F128/><W117/><G2/><N who="0" m="119" /><D30/><U9/><E123/><V65/><F65/><W1/><G1/><T15/><D15/><N who="1" m="5559" /><E78/><V105/><F105/><W29/><G117/><T99/><D10/><U81/><E81/><V5/><F5/><W67/><G103/><T35/><D35/><U47/><E59/><V98/><F119/><W56/><G36/><T39/><D39/><U49/><E41/><V111/><F79/><W73/><G73/><N who="0" m="43023" /><D97/><U63/><E60/><V124/><F98/><W84/><G84/><T86/><D86/><U106/><E106/><V71/><F124/><W25/><REACH who="3" step="1"/><G46/><REACH who="3" ten="250,250,250,240" step="2"/><T75/><D75/><U122/><E122/><V100/><F100/><W114/><G114/><T83/><D83/><U26/><E11/><V118/><F118/><W13/><G13/><T21/><D21/><AGARI ba="1,1" hai="17,21,26,40,47,49,55,58,63,94,95" m="5559" machi="21" ten="30,2000,0" yaku="8,1,52,1" doraHai="44" who="1" fromWho="0" sc="250,-23,250,33,250,0,240,0" /><INIT seed="1,0,0,1,4,113" ten="227,283,250,240" oya="1" hai0="100,25,130,28,105,27,43,10,87,57,63,89,8" hai1="46,48,2,52,86,54,127,67,15,21,82,14,91" hai2="125,78,4,11,95,20,121,74,79,44,13,109,85" hai3="112,110,45,131,6,122,42,17,24,70,3,129,124"/><U116/><E2/><V16/><F121/><W120/><G70/><T1/><D130/><N who="3" m="49673" /><G112/><T81/><D43/><U37/><E116/><V39/><F109/><W40/><G110/><T38/><D38/><U65/><E37/><V31/><F125/><W71/><G71/><T34/><D1/><U96/><E127/><V35/><F74/><W55/><G124/><T49/><D49/><N who="1" m="28727" /><E96/><V53/><F31/><W18/><G55/><T69/><D27/><U7/><E7/><V41/><F35/><W90/><G90/><T111/><D111/><U94/><E82/><V93/><F53/><W0/><G0/><T73/><D57/><N who="1" m="32967" /><E15/><V104/><F104/><W84/><G84/><T23/><D73/><U101/><E101/><V32/><F32/><W19/><G40/><T107/><D34/><U102/><E102/><V126/><F126/><W103/><G103/><T88/><D89/><U36/><E36/><V68/><F68/><W30/><G6/><T58/><D69/><U59/><E59/><V75/><F75/><W22/><G3/><T61/><D61/><U108/><E108/><V66/><F66/><W77/><G77/><N who="2" m="29193" /><F85/><W128/><N who="3" m="49681" /><W118/><DORA hai="106" /><G118/><T83/><D100/><U80/><E80/><V50/><F39/><AGARI ba="0,0" hai="17,18,19,22,24,30,39,42,45,120,122" m="49681" machi="39" ten="40,1300,0" yaku="19,1" doraHai="113,106" who="3" fromWho="2" sc="227,0,283,0,250,-13,240,13" /><INIT seed="2,0,0,2,3,102" ten="227,283,237,253" oya="2" hai0="124,109,21,97,70,16,27,33,38,119,37,24,94" hai1="90,71,39,68,49,123,31,59,22,96,115,98,47" hai2="103,79,88,35,81,129,87,45,25,99,111,73,132" hai3="128,9,135,112,104,61,11,13,50,14,126,105,74"/><V77/><F129/><W20/><G74/><T89/><D109/><U72/><E115/><V36/><F132/><W60/><G20/><T117/><D124/><U52/><E72/><V86/><F111/><W18/><G128/><T100/><D70/><U133/><E123/><V106/><F36/><W57/><G135/><T64/><D64/><U121/><E121/><V29/><F86/><W84/><G126/><T4/><D4/><U83/><E133/><V23/><F45/><W6/><G112/><T44/><D89/><U63/><E39/><V95/><F79/><W131/><G131/><T28/><REACH who="0" step="1"/><D37/><REACH who="0" ten="217,283,237,253" step="2"/><U101/><E71/><V43/><F43/><AGARI ba="0,1" hai="16,21,24,27,28,33,38,43,44,94,97,100,117,119" machi="43" ten="40,5200,0" yaku="1,1,2,1,54,1,53,0" doraHai="102" doraHaiUra="78" who="0" fromWho="2" sc="217,62,283,0,237,-52,253,0" /><INIT seed="3,0,0,3,5,128" ten="279,283,185,253" oya="3" hai0="39,132,1,6,13,81,71,44,3,123,94,126,105" hai1="35,131,9,75,130,101,10,133,119,23,24,110,67" hai2="37,42,47,86,32,92,62,16,135,18,65,0,52" hai3="118,129,83,107,115,54,17,124,116,57,46,120,34"/><W88/><G115/><T22/><D123/><U60/><E75/><V21/><F32/><W8/><G120/><T117/><D105/><U19/><E110/><V125/><F0/><W96/><G34/><T33/><D71/><U72/><E72/><V56/><F125/><W28/><G28/><T58/><D33/><U61/><E119/><V104/><F104/><W121/><G121/><T31/><D126/><U43/><E43/><V63/><F135/><W97/><G124/><T113/><D58/><U26/><E101/><V79/><F21/><W106/><G106/><T85/><D94/><U4/><E133/><V12/><F12/><N who="3" m="7303" /><G129/><N who="1" m="49162" /><E67/><V59/><REACH who="2" step="1"/><F92/><REACH who="2" ten="279,283,175,253" step="2"/><W108/><G107/><T87/><D1/><N who="1" m="143" /><E10/><V66/><F66/><W27/><G116/><T11/><D117/><U41/><E41/><V95/><F95/><W82/><G118/><T102/><D132/><U73/><E73/><V114/><F114/><W111/><G27/><T69/><D113/><U49/><E35/><V112/><F112/><W51/><G108/><T45/><D11/><U14/><E26/><V98/><F98/><N who="3" m="37995" /><G111/><T77/><D3/><U89/><E24/><V74/><F74/><W91/><G46/><T99/><D44/><U103/><E23/><V20/><F20/><W90/><AGARI ba="0,1" hai="51,54,57,82,83,88,90,91" m="37995,7303" machi="90" ten="30,3000,0" yaku="8,1,54,1" doraHai="128" who="3" fromWho="3" sc="279,-10,283,-10,175,-10,253,40" /><INIT seed="3,1,0,4,0,86" ten="269,273,165,293" oya="3" hai0="108,89,81,31,87,125,71,59,88,69,3,122,94" hai1="100,120,12,48,74,24,41,132,43,104,63,112,61" hai2="51,47,46,101,134,110,106,7,76,129,22,11,33" hai3="68,109,28,130,126,34,4,105,18,95,65,91,56"/><W21/><G105/><T26/><D122/><U2/><E112/><V128/><F33/><W133/><G68/><T85/><D3/><U135/><E2/><N who="2" m="503" /><F110/><W66/><G109/><T15/><D108/><U35/><E74/><V10/><F134/><N who="1" m="51241" /><E120/><V39/><F76/><W8/><G133/><T6/><D125/><U103/><E12/><V127/><F127/><W93/><G126/><T115/><D115/><U116/><E116/><V58/><F39/><W20/><G130/><N who="2" m="50281" /><F10/><W118/><G118/><T79/><D59/><U98/><E103/><V92/><F106/><W77/><G77/><T80/><D15/><U25/><E25/><V96/><F22/><W64/><G56/><T72/><D6/><U1/><E1/><V83/><F83/><W40/><G40/><N who="1" m="15434" /><E48/><V57/><F46/><W5/><G34/><AGARI ba="1,0" hai="26,31,34,69,71,72,79,80,81,85,87,88,89,94" machi="34" ten="30,7700,0" yaku="7,1,52,2,54,1" doraHai="86" who="0" fromWho="3" sc="269,80,273,0,165,0,293,-80" owari="349,44.9,273,7.3,165,-33.5,213,-18.7" /></mjloggm>