<mjloggm ver="2.3"><GO type="225" lobby="0"/><UN n0="%E6%A0%B9%E5%85%83%E3%81%8B%E3%82%89%E5%90%B9%E3%81%A3%E9%A3%9B%E3%81%B6" n1="%E3%82%A2%E3%82%A4%E3%82%B9%E3%83%86%E3%82%A3%E3%83%BC%E3%81%82%E3%81%B9" n2="%72%69%6F%75%63%68%61%6E" n3="%E5%A4%9C%E3%81%AE%E3%82%AC%E3%82%B9%E3%83%91%E3%83%BC%E3%83%AB" dan="17,16,16,16" rate="2131.96,2116.92,2131.68,2113.84" sx="F,M,M,M"/><TAIKYOKU oya="0"/><INIT seed="0,0,0,1,0,101" ten="250,250,250,250" oya="0" hai0="108,60,88,61,48,36,37,45,15,38,66,40,126" hai1="30,65,114,22,14,89,79,116,54,57,52,72,8" hai2="128,28,27,120,35,21,32,90,10,94,62,63,117" hai3="96,81,91,7,68,129,99,50,5,73,124,39,43"/><T13/><D126/><U2/><E116/><V132/><F120/><W59/><G68/><T74/><D74/><U121/><E2/><V131/><F117/><W78/><G124/><T29/><D29/><U12/><E121/><V95/><F132/><W104/><G129/><N who="2" m="49737" /><F10/><W18/><G39/><T76/><D76/><U107/><E107/><V23/><F21/><W34/><G34/><N who="2" m="12841" /><F95/><W133/><G133/><T115/><D115/><U109/><E109/><V53/><F53/><W122/><G122/><T44/><D108/><U55/><E89/><V24/><F27/><W134/><G134/><T135/><D13/><U86/><E72/><V33/><N who="2" m="12849" /><V119/><DORA hai="110" /><F119/><W69/><G18/><T4/><D15/><U93/><E93/><V112/><F112/><W70/><G104/><T87/><D4/><U100/><E114/><V106/><F106/><W31/><G31/><T26/><D26/><N who="1" m="16727" /><E8/><V56/><F56/><W64/><G59/><T123/><D123/><U51/><E14/><V20/><F20/><W130/><G130/><T25/><D25/><U113/><E12/><V6/><F6/><W97/><G91/><T47/><D135/><U111/><E113/><V58/><F58/><W85/><G73/><T19/><D19/><U82/><E111/><V67/><F67/><W42/><G64/><T84/><D66/><U16/><E16/><V98/><AGARI ba="0,0" hai="23,24,28,62,63,90,94,98" m="12849,49737" machi="98" ten="50,1600,0" yaku="19,1" doraHai="101,110" who="2" fromWho="2" sc="250,-8,250,-4,250,16,250,-4" /><INIT seed="1,0,0,3,1,39" ten="242,246,266,246" oya="1" hai0="23,135,109,71,83,21,18,33,15,72,76,34,85" hai1="133,114,11,22,36,31,38,30,103,82,99,75,56" hai2="41,101,60,58,40,95,89,54,50,111,55,87,3" hai3="98,43,25,134,129,46,24,106,13,100,122,107,77"/><U127/><E114/><V74/><F74/><W119/><G122/><T49/><D109/><U12/><E127/><V62/><F111/><W92/><G129/><T69/><D135/><U4/><E133/><V105/><F3/><W80/><G134/><T66/><D34/><U1/><E38/><V117/><F117/><W16/><G119/><T93/><D33/><U8/><E36/><V81/><F105/><W10/><G107/><T102/><D66/><U128/><E128/><V2/><F2/><W17/><G17/><T26/><D49/><U96/><E96/><N who="2" m="59551" /><F62/><W88/><G100/><T125/><D125/><U120/><E120/><V9/><F9/><W29/><G29/><T118/><D118/><U68/><E68/><V124/><F124/><W70/><G106/><T121/><D121/><U78/><E22/><V110/><F110/><W0/><G0/><T48/><D48/><U59/><E31/><V131/><F131/><W52/><G70/><T132/><D132/><U130/><E30/><V7/><F7/><W126/><G126/><T47/><D72/><U53/><E130/><V104/><F104/><W37/><G52/><N who="2" m="20009" /><F50/><W94/><G92/><T45/><D71/><U67/><E67/><AGARI ba="0,0" hai="40,41,58,60,67,81,87,89" m="20009,59551" machi="67" ten="30,7700,0" yaku="8,1,52,2,54,1" doraHai="39" who="2" fromWho="1" sc="242,0,246,-77,266,77,246,0" /><INIT seed="2,0,0,3,2,64" ten="242,169,343,246" oya="2" hai0="40,63,127,86,55,16,114,10,74,62,118,76,126" hai1="43,50,128,119,98,85,59,80,124,90,105,135,103" hai2="130,112,113,29,8,96,18,100,134,12,129,37,26" hai3="21,39,92,101,84,70,66,117,11,125,4,93,79"/><V36/><F134/><W23/><G117/><T13/><D114/><U132/><E119/><V17/><F36/><W87/><G39/><T111/><D111/><U28/><E28/><V102/><F37/><W131/><G125/><N who="0" m="47627" /><D118/><U47/><E124/><V5/><F102/><W0/><G131/><N who="2" m="50185" /><F96/><W121/><G121/><T58/><D40/><U27/><E27/><V120/><F100/><W122/><G122/><T45/><D45/><U35/><E35/><N who="2" m="20919" /><F120/><W116/><G116/><T89/><D76/><U7/><E128/><V49/><F49/><W71/><G101/><T54/><D74/><U107/><E7/><V15/><F17/><W65/><G79/><T83/><D55/><U106/><REACH who="1" step="1"/><E59/><REACH who="1" ten="242,159,343,246" step="2"/><V104/><F104/><AGARI ba="0,1" hai="43,47,50,80,85,90,98,103,104,105,106,107,132,135" machi="104" ten="40,5200,0" yaku="1,1,2,1,53,1" doraHai="64" doraHaiUra="99" who="1" fromWho="2" sc="242,0,159,62,343,-52,246,0" /><INIT seed="3,0,0,1,3,82" ten="242,221,291,246" oya="3" hai0="55,107,87,74,72,106,56,95,80,115,61,128,109" hai1="28,21,39,3,110,102,96,59,116,75,91,83,53" hai2="54,113,0,27,5,135,19,88,9,78,32,48,127" hai3="7,92,132,30,42,70,46,69,90,17,26,118,12"/><W122/><G118/><T52/><D95/><U4/><E110/><V105/><F113/><W1/><G122/><T15/><D109/><U134/><E39/><V25/><F105/><W79/><G132/><T24/><D115/><U22/><E134/><V73/><F135/><W98/><G79/><T123/><D123/><U29/><E116/><V51/><F127/><W93/><G7/><T11/><D24/><U18/><E4/><V16/><F48/><W37/><G1/><T81/><D74/><U117/><E3/><V68/><F68/><W111/><G93/><T94/><D94/><N who="1" m="58647" /><E75/><V121/><F121/><W60/><G60/><T33/><D33/><U77/><E77/><V38/><F38/><W99/><G99/><T13/><D128/><U114/><E117/><V50/><F88/><W20/><REACH who="3" step="1"/><G111/><REACH who="3" ten="242,221,291,236" step="2"/><T35/><D107/><U84/><E114/><V64/><F78/><W67/><G67/><T126/><D106/><U2/><E2/><V8/><F64/><W63/><G63/><T57/><D61/><N who="1" m="36079" /><E22/><AGARI ba="0,1" hai="12,17,20,22,26,30,37,42,46,69,70,90,92,98" machi="22" ten="30,2900,0" yaku="1,1,7,1,53,0" doraHai="82" doraHaiUra="125" who="3" fromWho="1" sc="242,0,221,-29,291,0,236,39" /><INIT seed="3,1,0,5,1,102" ten="242,192,291,275" oya="3" hai0="115,25,104,27,122,70,21,129,60,125,106,113,65" hai1="31,134,93,9,37,67,127,40,20,5,39,33,100" hai2="79,118,30,36,83,56,22,121,76,54,87,41,7" hai3="46,78,88,82,117,8,45,4,64,120,119,85,15"/><W111/><G120/><T81/><D125/><U55/><E127/><V135/><F118/><W44/><G111/><T62/><D122/><U63/><E134/><V51/><F121/><W58/><REACH who="3" step="1"/><G78/><REACH who="3" ten="242,192,291,265" step="2"/><T80/><D115/><U50/><E33/><V108/><F76/><W57/><G57/><T17/><D113/><U90/><E39/><V128/><F36/><W16/><G16/><T0/><D17/><U32/><E37/><V43/><F108/><W14/><G14/><T101/><D0/><U114/><E32/><V94/><F135/><W38/><G38/><T97/><D70/><U59/><E114/><V68/><F68/><W66/><G66/><T84/><D65/><U116/><E116/><V110/><F110/><W131/><G131/><T28/><D129/><U77/><E77/><V2/><F128/><W35/><G35/><T48/><D28/><U107/><E107/><V13/><F2/><W109/><G109/><T95/><D106/><U69/><E100/><V10/><F94/><W47/><N who="3" m="11264" /><DORA hai="89" /><W29/><G29/><T42/><D104/><U11/><E40/><V133/><F133/><W53/><G53/><T61/><D42/><U6/><E6/><V105/><F105/><W3/><G3/><T92/><D92/><U74/><E5/><V72/><F41/><W98/><G98/><T73/><D97/><N who="1" m="57527" /><E74/><V123/><F43/><W18/><G18/><N who="0" m="12471" /><D101/><U126/><E126/><V49/><F123/><W103/><G103/><T99/><D73/><U52/><E55/><V75/><F75/><W19/><G19/><T1/><D1/><U130/><E130/><RYUUKYOKU ba="1,1" sc="242,-15,192,15,291,-15,265,15" hai1="9,11,20,31,50,52,59,63,67,69" hai3="4,8,15,58,64,82,85,88,117,119" /><INIT seed="3,2,1,4,5,79" ten="227,207,276,280" oya="3" hai0="50,124,118,7,104,35,43,72,60,112,5,134,55" hai1="69,13,32,62,18,45,29,31,82,98,53,130,39" hai2="22,46,95,37,3,23,10,88,58,16,109,28,2" hai3="133,73,111,103,91,80,77,42,52,97,89,48,11"/><W25/><G111/><T64/><D118/><U90/><E130/><V122/><F109/><W132/><G42/><T51/><D104/><U70/><E32/><V14/><F122/><W86/><G25/><T17/><D72/><U56/><E70/><V126/><F126/><W20/><G20/><T0/><D134/><N who="3" m="51817" /><G11/><T61/><D35/><U119/><E69/><V100/><F100/><W6/><G6/><T27/><D112/><U68/><E68/><V4/><F58/><N who="3" m="33031" /><G73/><T87/><D27/><U8/><E119/><V106/><F106/><AGARI ba="2,1" hai="77,80,86,89,91,97,103,106" m="33031,51817" machi="106" ten="30,5800,0" yaku="20,1,52,1,54,1" doraHai="79" who="3" fromWho="2" sc="227,0,207,0,276,-64,280,74" owari="227,2.7,207,-29.3,212,-18.8,354,45.4" /></mjloggm>