<mjloggm ver="2.3"><GO type="225" lobby="0"/><UN n0="%E3%81%8F%E3%82%8A%E3%83%94%E3%83%BC" n1="%E3%81%B8%E3%82%80%E3%81%B8%E3%82%80%EF%BC%92%E5%8F%B7" n2="%45%6C%79%73%69%75%6D" n3="%E5%AF%82%E5%AF%9E%E3%82%AE%E3%83%8D%E3%82%B9%E3%83%93%E3%83%BC%E3%83%AB" dan="16,17,17,16" rate="2092.16,2210.52,2142.77,2137.99" sx="M,M,F,M"/><TAIKYOKU oya="0"/><INIT seed="0,0,0,3,5,46" ten="250,250,250,250" oya="0" hai0="95,132,20,124,65,44,85,86,50,99,23,80,122" hai1="19,13,39,91,133,60,32,49,43,121,104,15,51" hai2="125,41,48,54,74,110,6,62,0,7,92,71,75" hai3="42,84,97,78,14,117,27,77,113,66,81,96,109"/><T107/><D122/><U57/><E104/><V67/><F110/><W126/><G113/><T70/><D107/><U36/><E121/><V35/><F35/><W25/><G117/><T56/><D70/><U88/><E32/><V111/><F111/><W12/><G109/><T87/><D132/><U79/><E133/><V26/><F125/><W40/><G66/><T28/><D124/><U73/><E73/><V24/><F41/><W123/><G126/><T101/><D80/><U134/><E79/><V129/><F129/><W69/><G69/><T37/><D37/><U120/><E134/><V89/><F74/><W11/><G123/><T10/><D10/><N who="1" m="6583" /><E36/><V45/><F75/><W3/><G3/><T130/><D130/><U64/><E39/><V63/><F63/><W105/><G105/><T76/><D76/><U72/><E72/><V5/><REACH who="2" step="1"/><F0/><REACH who="2" ten="250,250,240,250" step="2"/><W1/><G1/><T55/><D28/><U98/><E120/><V58/><F58/><W8/><G81/><T59/><D56/><U61/><E61/><AGARI ba="0,1" hai="20,23,44,50,55,59,61,65,85,86,87,95,99,101" machi="61" ten="40,3900,0" yaku="8,1,52,1" doraHai="46" who="0" fromWho="1" sc="250,49,250,-39,240,0,250,0" /><INIT seed="0,1,0,5,1,105" ten="299,211,240,250" oya="0" hai0="67,102,52,91,75,10,135,97,51,134,81,56,125" hai1="46,12,17,33,65,104,77,24,123,19,57,112,118" hai2="8,76,128,28,127,23,25,39,96,1,27,44,80" hai3="54,38,60,116,11,107,83,13,66,29,32,129,82"/><T130/><D125/><U132/><E118/><V64/><F127/><W21/><G116/><T58/><D130/><U22/><E123/><V93/><F128/><W121/><G129/><T90/><D10/><U6/><E132/><N who="0" m="50729" /><D58/><U98/><E112/><V101/><F64/><W119/><G107/><N who="0" m="63951" /><D67/><U78/><E33/><V85/><F1/><W86/><G32/><T87/><D91/><U99/><E46/><V18/><F8/><W5/><G66/><T35/><D35/><U41/><E41/><V3/><F3/><W68/><G11/><T14/><D14/><U34/><E34/><V71/><F71/><W95/><G13/><T110/><D110/><U70/><E70/><V115/><F44/><W94/><G68/><T48/><D51/><U20/><E6/><V15/><F39/><W89/><G38/><T122/><D122/><U72/><E72/><AGARI ba="1,0" hai="48,52,56,72,75,81,87,90" m="63951,50729" machi="72" ten="30,11600,0" yaku="20,1,52,2,54,1" doraHai="105" who="0" fromWho="1" sc="299,119,211,-119,240,0,250,0" /><INIT seed="0,2,0,1,5,10" ten="418,92,240,250" oya="0" hai0="32,83,128,59,51,22,116,46,30,95,135,6,77" hai1="86,26,45,131,79,54,109,18,20,37,44,74,118" hai2="13,11,38,127,75,107,114,60,56,72,112,121,117" hai3="126,48,106,101,104,102,89,49,99,129,68,88,29"/><T40/><D116/><U115/><E118/><V1/><F121/><W27/><G68/><T78/><D32/><U8/><E131/><V120/><F117/><W33/><G129/><T76/><D135/><U70/><E70/><V19/><F120/><W98/><G126/><T65/><D128/><U17/><E109/><V134/><F107/><W82/><G82/><T100/><D6/><U110/><E74/><V123/><F123/><W28/><G27/><N who="0" m="16759" /><D83/><N who="1" m="47487" /><E37/><V57/><F38/><W47/><G47/><N who="1" m="17994" /><E115/><V16/><F1/><W0/><G0/><T53/><D65/><U97/><E110/><V113/><F75/><W36/><G36/><T85/><D85/><U7/><E97/><V66/><F72/><W25/><G25/><T3/><D3/><U62/><E62/><V119/><F127/><W58/><G58/><T122/><D122/><U31/><E54/><V124/><F134/><W23/><G23/><T125/><D125/><U71/><E71/><V108/><F124/><W91/><G91/><T2/><D2/><U42/><E42/><V133/><F133/><W15/><G33/><T105/><D105/><U111/><E111/><V94/><F119/><W4/><G89/><T92/><D100/><U34/><E34/><V84/><F108/><W21/><G88/><T43/><D43/><U81/><E81/><V87/><F112/><W12/><G21/><T52/><D40/><U39/><E39/><V130/><F113/><W50/><G4/><T73/><D73/><U9/><E7/><V80/><F114/><W96/><G96/><T14/><D14/><AGARI ba="2,0" hai="12,14,15,28,29,48,49,50,98,99,101,102,104,106" machi="14" ten="40,8000,1" yaku="9,1,52,3" doraHai="10" who="3" fromWho="0" sc="418,-86,92,0,240,0,250,86" /><INIT seed="1,0,0,0,1,84" ten="332,92,240,336" oya="1" hai0="37,16,60,57,11,25,114,15,125,45,95,132,69" hai1="14,126,52,103,89,27,113,34,110,29,130,22,96" hai2="128,122,46,38,121,17,73,72,47,51,12,6,92" hai3="49,1,33,82,83,4,65,64,42,100,61,131,90"/><U129/><E113/><V59/><F128/><N who="1" m="49257" /><E126/><V53/><F6/><W106/><G131/><T112/><D69/><U108/><E89/><V118/><F118/><W80/><G33/><T134/><D125/><U3/><E3/><V99/><F73/><W104/><G100/><T21/><D95/><N who="1" m="58783" /><E14/><V120/><F72/><W39/><G90/><T81/><D81/><U24/><E52/><V50/><F38/><W10/><G39/><T86/><D86/><U58/><E58/><V20/><REACH who="2" step="1"/><F50/><REACH who="2" ten="332,92,230,336" step="2"/><W71/><G49/><T115/><D37/><U123/><E123/><V9/><F9/><W44/><G10/><T78/><D114/><U40/><E40/><V26/><F26/><W116/><G42/><T98/><D25/><U85/><E85/><V88/><AGARI ba="0,1" hai="12,17,20,46,47,51,53,59,88,92,99,120,121,122" machi="88" ten="30,7900,0" yaku="1,1,0,1,52,1,54,1,53,0" doraHai="84" doraHaiUra="133" who="2" fromWho="2" sc="332,-20,92,-39,230,89,336,-20" /><INIT seed="2,0,0,5,4,87" ten="312,53,319,316" oya="2" hai0="37,50,104,73,81,18,120,79,11,33,133,71,63" hai1="100,61,114,82,124,0,110,118,30,72,107,68,36" hai2="56,31,19,60,9,99,62,78,127,27,42,96,32" hai3="106,92,76,122,1,128,25,14,46,129,15,93,38"/><V22/><F127/><W53/><G122/><T2/><D120/><U101/><E30/><V67/><F9/><W89/><G106/><T13/><D133/><U20/><E61/><V57/><F78/><W126/><G1/><T49/><D37/><U108/><E20/><V7/><F7/><W41/><G126/><T135/><D135/><U17/><E17/><V121/><F42/><W88/><G76/><T45/><D104/><U80/><E80/><V74/><F74/><W83/><G25/><T116/><D116/><U66/><E66/><V84/><F121/><W54/><G83/><T21/><D33/><U77/><E82/><V94/><F84/><W131/><G89/><T8/><D50/><U55/><E55/><N who="3" m="21002" /><G93/><T130/><D130/><U97/><E101/><V95/><F95/><W113/><G113/><T112/><D112/><U35/><E97/><AGARI ba="0,0" hai="14,15,38,41,46,88,92,97,128,129,131" m="21002" machi="97" ten="30,3900,0" yaku="19,1,52,1,54,1" doraHai="87" who="3" fromWho="1" sc="312,0,53,-39,319,0,316,39" /><INIT seed="3,0,0,5,4,109" ten="312,14,319,355" oya="3" hai0="32,36,132,97,33,59,27,24,129,74,15,102,114" hai1="87,92,107,128,79,105,103,100,94,99,111,89,108" hai2="29,67,130,125,73,122,31,95,116,44,58,54,23" hai3="42,8,1,40,124,13,22,41,25,118,53,127,119"/><W21/><G1/><T69/><D69/><U93/><E128/><V72/><F116/><N who="3" m="44587" /><G53/><T120/><D120/><U12/><E12/><V65/><F130/><W7/><G25/><T56/><D132/><U135/><E135/><V121/><F125/><AGARI ba="0,0" hai="7,8,13,21,22,40,41,42,124,125,127" m="44587" machi="125" ten="40,2000,0" yaku="18,1" doraHai="109" who="3" fromWho="2" sc="312,0,14,0,319,-20,355,20" owari="312,11.2,14,-48.6,299,-10.1,375,47.5" /></mjloggm>