<mjloggm ver="2.3"><GO type="225" lobby="0"/><UN n0="%E3%81%86%E3%82%8B%E3%81%8A%E3%81%A1%E3%82%83" n1="%E8%A8%88%E7%AE%97%E6%A9%9F%E8%87%AA%E7%84%B6" n2="%E7%89%B9%E6%9D%B1%E3%81%AF%E4%B8%96%E7%95%8C%E3%82%92%E6%95%91%E3%81%86" n3="%E3%81%A1%E3%82%85%E3%81%86%E3%81%A9%E3%81%8F%E8%B1%A1%E3%81%95%E3%82%93" dan="16,17,16,17" rate="2054.28,2212.14,2177.62,2192.64" sx="F,M,M,M"/><TAIKYOKU oya="0"/><INIT seed="0,0,0,4,4,67" ten="250,250,250,250" oya="0" hai0="77,131,16,133,38,12,102,75,14,78,112,110,29" hai1="124,37,91,3,71,120,97,23,0,98,48,8,76" hai2="20,57,25,113,18,42,44,64,10,56,69,61,105" hai3="50,94,34,47,126,41,51,118,106,19,93,17,13"/><T60/><D112/><U36/><E120/><V4/><F105/><W40/><G118/><T117/><D117/><U116/><E116/><V101/><F101/><W7/><G106/><T59/><D38/><U123/><E123/><V35/><F35/><W53/><G34/><T85/><D75/><U21/><E48/><V68/><F57/><W90/><G126/><T39/><D39/><U127/><E91/><V125/><F125/><W92/><G90/><T33/><D102/><U31/><E8/><V81/><F81/><W111/><G111/><T128/><D14/><U134/><E31/><V74/><F74/><W30/><G30/><T88/><D133/><U73/><E73/><V95/><F95/><W122/><G122/><T129/><D110/><U114/><E76/><V135/><F135/><W100/><G100/><T80/><D29/><U107/><E107/><V22/><F22/><W66/><G66/><N who="0" m="39199" /><D33/><U32/><E32/><V45/><F113/><W99/><G99/><T27/><D27/><U86/><E134/><V119/><F119/><W55/><G7/><T65/><D65/><U28/><E28/><V11/><F11/><AGARI ba="0,0" hai="11,12,16,77,78,80,85,88,128,129,131" m="39199" machi="11" ten="30,5800,0" yaku="19,1,54,2" doraHai="67" who="0" fromWho="2" sc="250,58,250,0,250,-58,250,0" /><INIT seed="0,1,0,5,4,80" ten="308,250,192,250" oya="0" hai0="69,94,0,123,129,48,120,89,43,102,125,134,40" hai1="126,114,3,99,103,91,105,46,6,86,34,61,21" hai2="44,131,98,58,132,96,52,117,97,51,35,22,70" hai3="85,109,90,4,13,32,124,45,133,29,111,2,72"/><T41/><D0/><U38/><E34/><V25/><F70/><W54/><G72/><T15/><D69/><U56/><E126/><V76/><F35/><W92/><G124/><T93/><D125/><U71/><E71/><V107/><F131/><W68/><G68/><T17/><D129/><U60/><E114/><V64/><F132/><W7/><G133/><T81/><D134/><U118/><E118/><V1/><F1/><W84/><G2/><T95/><D102/><U128/><E128/><V55/><F117/><W53/><G29/><T10/><REACH who="0" step="1"/><D48/><REACH who="0" ten="298,250,192,250" step="2"/><U77/><E3/><V14/><F51/><W75/><G109/><T18/><D18/><U79/><E103/><V82/><F107/><W5/><G111/><T78/><D78/><U37/><E77/><V42/><F76/><W122/><G122/><T9/><D9/><U50/><E79/><V66/><F66/><W8/><G75/><T101/><D101/><U30/><E105/><V106/><F106/><W27/><G4/><T31/><D31/><U62/><E6/><V88/><F64/><W116/><G5/><T33/><D33/><U83/><E30/><V16/><F16/><W24/><G116/><T26/><D26/><N who="3" m="9769" /><G32/><T113/><D113/><U47/><E50/><V49/><F25/><W63/><G63/><T19/><D19/><U87/><E61/><V57/><F49/><N who="3" m="28847" /><G54/><T104/><D104/><U11/><E62/><N who="2" m="36135" /><F55/><W73/><G73/><T110/><D110/><U39/><E60/><V130/><F130/><W121/><G121/><T108/><D108/><U28/><E28/><V74/><F74/><RYUUKYOKU ba="1,1" sc="298,15,250,-15,192,-15,250,15" hai0="10,15,17,40,41,43,81,89,93,94,95,120,123" hai3="7,8,13,84,85,90,92" /><INIT seed="0,2,1,0,2,116" ten="313,235,177,265" oya="0" hai0="31,18,30,12,46,60,124,24,83,21,36,94,100" hai1="66,76,52,121,92,72,71,44,5,130,131,64,104" hai2="41,28,40,68,135,51,78,47,62,33,9,7,10" hai3="58,1,103,3,87,126,96,112,102,134,65,26,16"/><T95/><D124/><U133/><E104/><V35/><F135/><W85/><G112/><T34/><D31/><U127/><E133/><V113/><F113/><W109/><G134/><T37/><D83/><N who="1" m="45447" /><E5/><V120/><F120/><W13/><G126/><T39/><D100/><U111/><E127/><V61/><F78/><W23/><G109/><T2/><D46/><U123/><E92/><V89/><F28/><N who="3" m="17503" /><G1/><T119/><D119/><U8/><E8/><V117/><F117/><W49/><G3/><T99/><D99/><U20/><E20/><V27/><F27/><W69/><G69/><T32/><D32/><U22/><E22/><V29/><F29/><W54/><G65/><N who="1" m="25194" /><E71/><V67/><F61/><W128/><G128/><N who="1" m="49194" /><E111/><V70/><F70/><W114/><G114/><T105/><D105/><U56/><E44/><V17/><F41/><W88/><G96/><T90/><D60/><AGARI ba="2,1" hai="52,56,60,121,123" m="49194,25194,45447" machi="60" ten="30,7700,0" yaku="19,1,52,2,54,1" doraHai="116" who="1" fromWho="0" sc="313,-83,235,93,177,0,265,0" /><INIT seed="1,0,0,5,1,17" ten="230,328,177,265" oya="1" hai0="51,120,84,105,101,8,10,78,30,12,60,31,72" hai1="28,93,135,81,74,115,61,41,109,9,130,129,83" hai2="68,46,23,121,5,37,98,33,6,22,36,48,40" hai3="127,16,77,116,128,86,132,42,123,59,47,122,57"/><U91/><E41/><V112/><F121/><W114/><G114/><T24/><D72/><U106/><E28/><V70/><F33/><W131/><G132/><T54/><D105/><U80/><E61/><V104/><F112/><W94/><G127/><T75/><D75/><U97/><E9/><V26/><F104/><W2/><G2/><T95/><D60/><U44/><E44/><V64/><F98/><W69/><G69/><T107/><D107/><U99/><E115/><V63/><F70/><W117/><G94/><T85/><D10/><U62/><E62/><V134/><F134/><W32/><G86/><T110/><D31/><U111/><E74/><V113/><F113/><W90/><G90/><T76/><D110/><N who="1" m="41995" /><E135/><V50/><F50/><W118/><G32/><T53/><D85/><U13/><E13/><V56/><F37/><W125/><G47/><T20/><D120/><U126/><E126/><V18/><F23/><W67/><G42/><T79/><D51/><U3/><E3/><V119/><F119/><W11/><G125/><T133/><D133/><U43/><E43/><V15/><F15/><W34/><G34/><T14/><D14/><U21/><E21/><V49/><F49/><W73/><G122/><T58/><D58/><N who="3" m="22025" /><G123/><T102/><D53/><AGARI ba="0,0" hai="5,6,18,22,26,36,40,46,48,53,56,63,64,68" machi="53" ten="40,5200,0" yaku="24,2,52,1" doraHai="17" who="2" fromWho="0" sc="230,-52,328,0,177,52,265,0" /><INIT seed="2,0,0,0,1,116" ten="178,328,229,265" oya="2" hai0="70,11,87,40,8,79,42,94,122,50,90,125,16" hai1="89,65,28,92,47,44,119,126,134,83,15,53,71" hai2="118,117,97,68,85,18,36,109,35,78,29,34,6" hai3="30,121,67,39,3,9,124,22,61,62,41,77,45"/><V23/><F36/><W64/><G124/><T26/><D70/><U112/><E119/><N who="2" m="45579" /><F85/><W1/><G77/><T60/><D125/><U110/><E83/><V115/><F97/><W27/><G121/><T33/><D60/><U48/><E112/><V101/><F101/><W66/><REACH who="3" step="1"/><G9/><REACH who="3" ten="178,328,229,255" step="2"/><T54/><D122/><U37/><E126/><V13/><F78/><W131/><G131/><T7/><D79/><U46/><E134/><V135/><F135/><W123/><G123/><T4/><D11/><U57/><E37/><V132/><F132/><W95/><G95/><T128/><D128/><U31/><E110/><V72/><F109/><W98/><G98/><T24/><D33/><U21/><E92/><V129/><F35/><W51/><G51/><T69/><D69/><U5/><E48/><V103/><F34/><W120/><G120/><T80/><D94/><U10/><E71/><V73/><F68/><W75/><G75/><T12/><D4/><U133/><E133/><V0/><F73/><W93/><G93/><T52/><D54/><U81/><E53/><V32/><F72/><W20/><G20/><T91/><D91/><U127/><E21/><V106/><F23/><W2/><AGARI ba="0,1" hai="1,2,3,22,27,30,39,41,45,61,62,64,66,67" machi="2" ten="40,2700,0" yaku="1,1,0,1,53,0" doraHai="116" doraHaiUra="74" who="3" fromWho="3" sc="178,-7,328,-7,229,-13,255,37" /><INIT seed="3,0,0,4,0,18" ten="171,321,216,292" oya="3" hai0="62,34,121,86,43,56,85,101,6,58,98,134,103" hai1="78,64,1,109,130,116,122,72,110,29,87,68,36" hai2="133,46,74,100,111,48,59,61,24,16,119,47,99" hai3="113,32,11,135,35,25,3,75,95,106,10,33,107"/><W49/><G113/><T40/><D121/><U71/><E122/><V118/><F74/><W28/><G75/><T2/><D34/><U73/><E1/><V131/><F111/><N who="1" m="42505" /><E130/><V12/><F24/><W66/><G135/><T37/><D134/><U127/><E127/><V60/><F131/><W115/><G115/><T69/><D69/><N who="1" m="26699" /><E116/><V128/><F128/><W26/><G66/><T0/><D37/><U45/><E29/><V81/><F81/><W117/><G117/><T105/><D105/><U9/><E9/><V15/><F15/><W20/><G26/><T27/><D27/><U4/><E4/><V41/><F47/><W63/><G63/><T97/><REACH who="0" step="1"/><D62/><REACH who="0" ten="161,321,216,292" step="2"/><U55/><E36/><V70/><F70/><W132/><G132/><T23/><D23/><U82/><E64/><V54/><F60/><W126/><G126/><T104/><D104/><U65/><E65/><V92/><F133/><W112/><G112/><T102/><D102/><U50/><AGARI ba="0,1" hai="45,50,55,72,73,78,82,87" m="26699,42505" machi="50" ten="40,1500,0" yaku="14,1" doraHai="18" who="1" fromWho="1" sc="161,-4,321,25,216,-4,292,-7" owari="157,-34.3,346,44.6,212,-18.8,285,8.5" /></mjloggm>