<mjloggm ver="2.3"><GO type="225" lobby="0"/><UN n0="%E5%86%B7%E5%87%8D%E3%82%AE%E3%83%A7%E3%83%BC%E3%82%B6" n1="%6D%75%75%6D%75%72%61" n2="%E3%81%8B%E3%82%8F%E3%81%A1%E3%82%83%E3%82%93%35%38" n3="%E7%89%B9%E6%9D%B1%E3%81%AF%E4%B8%96%E7%95%8C%E3%82%92%E6%95%91%E3%81%86" dan="16,17,16,16" rate="2128.59,2182.41,2177.55,2129.75" sx="M,F,M,M"/><TAIKYOKU oya="0"/><INIT seed="0,0,0,5,3,37" ten="250,250,250,250" oya="0" hai0="109,112,80,6,99,61,0,83,135,59,134,82,60" hai1="18,20,52,51,21,31,34,55,10,8,117,45,5" hai2="120,43,131,71,9,14,49,128,22,81,102,39,4" hai3="32,121,75,93,84,90,26,65,50,23,57,132,33"/><T118/><D112/><U29/><E117/><V107/><F120/><W95/><G121/><T62/><D118/><U126/><E126/><V7/><F71/><W28/><G75/><T133/><D109/><U79/><E34/><V116/><F116/><W92/><G132/><T85/><D99/><U130/><E130/><N who="2" m="49707" /><F39/><W58/><G58/><T46/><D46/><U1/><E79/><V30/><F81/><W66/><G33/><T64/><REACH who="0" step="1"/><D85/><REACH who="0" ten="240,250,250,250" step="2"/><U88/><E45/><N who="2" m="25791" /><F107/><W24/><G84/><T3/><D3/><U12/><E1/><V17/><F102/><W97/><G97/><T103/><D103/><U70/><E88/><V105/><F105/><W108/><G90/><T47/><D47/><U122/><E122/><V89/><F89/><W91/><G91/><T113/><D113/><U114/><E114/><V40/><F40/><W36/><G108/><T94/><D94/><U104/><E104/><V69/><F69/><W123/><G123/><T48/><D48/><U63/><E51/><V27/><AGARI ba="0,1" hai="4,7,9,14,17,22,27,30" m="25791,49707" machi="27" ten="30,2000,0" yaku="19,1,52,1" doraHai="37" who="2" fromWho="2" sc="240,-10,250,-5,250,30,250,-5" /><INIT seed="1,0,0,2,1,134" ten="230,245,280,245" oya="1" hai0="125,30,39,129,76,93,33,99,74,117,109,103,0" hai1="8,59,55,110,88,47,68,121,100,42,84,78,127" hai2="111,98,36,32,86,41,87,96,46,31,3,90,71" hai3="79,63,101,104,50,60,25,67,89,49,73,66,15"/><U43/><E121/><V54/><F3/><W112/><G112/><T19/><D117/><U80/><E68/><V115/><F71/><W16/><G25/><T133/><D133/><U13/><E110/><V102/><F32/><W2/><G2/><T1/><D109/><U29/><E127/><V18/><F31/><W28/><G28/><T64/><D129/><U9/><E29/><V72/><F72/><W17/><G104/><T108/><D108/><U5/><E8/><V40/><F111/><W20/><G101/><T51/><D39/><U6/><E100/><V12/><F115/><W123/><G123/><T62/><D51/><U105/><E105/><V116/><F116/><W113/><G113/><T75/><D19/><U37/><E42/><N who="2" m="16491" /><F36/><W114/><G114/><T106/><D93/><U95/><E13/><V52/><F87/><W94/><G79/><T70/><D125/><U124/><E9/><N who="2" m="6415" /><F102/><W132/><G73/><N who="0" m="27659" /><D76/><U23/><E23/><V11/><F11/><W81/><G132/><T65/><D65/><N who="3" m="24585" /><G81/><T118/><D118/><U27/><E124/><V128/><F128/><W77/><G77/><T135/><D135/><U14/><E14/><V126/><F126/><W85/><G17/><T21/><D21/><U119/><E27/><AGARI ba="0,0" hai="0,1,27,30,33,62,64,70,99,103,106" m="27659" machi="27" ten="30,3900,0" yaku="25,1,33,2" doraHai="134" who="0" fromWho="1" sc="230,39,245,-39,280,0,245,0" /><INIT seed="2,0,0,3,2,73" ten="269,206,280,245" oya="2" hai0="2,116,30,134,84,5,114,45,26,135,54,18,36" hai1="15,61,77,59,76,123,37,131,60,109,75,133,112" hai2="98,81,126,9,95,66,6,117,106,57,46,100,113" hai3="101,32,29,20,11,85,62,124,19,21,34,28,69"/><V70/><F113/><W92/><G69/><T129/><D114/><U63/><E112/><V43/><F117/><W78/><G62/><N who="1" m="24170" /><E75/><V118/><F118/><W67/><G67/><T10/><D116/><U96/><E37/><V72/><F57/><W39/><G39/><T16/><D129/><U104/><E104/><V3/><F95/><W31/><G124/><T40/><D54/><N who="1" m="34295" /><E131/><V105/><F66/><W119/><G119/><T56/><D56/><U24/><E109/><V130/><F130/><W80/><G34/><T50/><D36/><U41/><E133/><N who="0" m="50697" /><D84/><U91/><E123/><V121/><F121/><W108/><G32/><AGARI ba="0,0" hai="2,5,10,16,18,26,30,32,40,45,50" m="50697" machi="32" ten="30,2000,0" yaku="20,1,54,1" doraHai="73" who="0" fromWho="3" sc="269,20,206,0,280,0,245,-20" /><INIT seed="3,0,0,0,3,101" ten="289,206,280,225" oya="3" hai0="46,13,82,99,15,69,123,79,91,104,119,10,68" hai1="132,3,71,17,94,5,98,12,27,74,22,35,117" hai2="130,31,83,58,97,84,28,113,73,67,78,0,37" hai3="107,85,6,129,124,25,7,63,30,42,65,24,110"/><W39/><G129/><T36/><D119/><U75/><E117/><V126/><F113/><W105/><G124/><T43/><D123/><U18/><E71/><V23/><F0/><W127/><G127/><T76/><D15/><U21/><E132/><V41/><F126/><W54/><G54/><T2/><D76/><U95/><E35/><V89/><F130/><W134/><G134/><T87/><D2/><U62/><E62/><V92/><F37/><W14/><G110/><T66/><D66/><U122/><E122/><V45/><F67/><W4/><G14/><T86/><D99/><U118/><E118/><V115/><F115/><W8/><G8/><T70/><D104/><U106/><E106/><V108/><F108/><W50/><G39/><T102/><D102/><U88/><REACH who="1" step="1"/><E94/><REACH who="1" ten="289,196,280,225" step="2"/><V38/><F58/><W11/><G105/><T77/><D70/><U80/><E80/><V135/><F135/><W111/><G107/><T57/><D57/><U19/><E19/><V64/><F64/><W114/><G111/><T81/><D69/><U33/><E33/><V51/><F38/><W90/><G114/><T20/><D68/><U1/><E1/><V16/><F73/><W112/><G112/><T93/><D93/><U26/><E26/><AGARI ba="0,1" hai="16,23,26,28,31,41,45,51,78,83,84,89,92,97" machi="26" ten="30,3900,0" yaku="7,1,8,1,54,1" doraHai="101" who="2" fromWho="1" sc="289,0,196,-39,280,49,225,0" owari="289,8.9,157,-34.3,329,42.9,225,-17.5" /></mjloggm>