<mjloggm ver="2.3"><GO type="225" lobby="0"/><UN n0="%E3%81%B8%E3%82%80%E3%81%B8%E3%82%80%EF%BC%92%E5%8F%B7" n1="%45%6C%79%73%69%75%6D" n2="%70%68%65%6E%6F%6D%65" n3="%E3%83%A9%E3%83%BC%E3%83%A1%E3%83%B3%E4%BA%94%E9%83%8E" dan="17,17,16,16" rate="2163.42,2138.03,2144.92,2105.52" sx="M,F,M,M"/><TAIKYOKU oya="0"/><INIT seed="0,0,0,4,5,133" ten="250,250,250,250" oya="0" hai0="110,49,37,78,92,32,74,73,96,27,12,71,54" hai1="67,129,60,29,46,89,39,58,105,34,28,82,125" hai2="13,64,47,126,94,57,75,2,8,33,19,76,53" hai3="59,45,44,51,83,10,7,107,86,87,117,119,134"/><T18/><D37/><U116/><E116/><V120/><F120/><W90/><G107/><T128/><D71/><U20/><E105/><V93/><F33/><W84/><G134/><T108/><D128/><U130/><E34/><V115/><F115/><W50/><G117/><T132/><D132/><U104/><E104/><V17/><F2/><W25/><G119/><T127/><D27/><U118/><E118/><V65/><F47/><W0/><G59/><T122/><D32/><U26/><E29/><V42/><F42/><W103/><G103/><T69/><D69/><U1/><E1/><V79/><F19/><W11/><G25/><T62/><D62/><U36/><E89/><V101/><F126/><W114/><G114/><T77/><D127/><U100/><E82/><V121/><F121/><W3/><G51/><T131/><D131/><N who="1" m="50187" /><E100/><V30/><F30/><W9/><G44/><N who="0" m="27943" /><D74/><U41/><E36/><V52/><F53/><W70/><G70/><T95/><D95/><N who="2" m="36362" /><F101/><W43/><REACH who="3" step="1"/><G11/><REACH who="3" ten="250,250,250,240" step="2"/><N who="0" m="6431" /><D122/><U6/><E125/><V24/><F24/><W106/><G106/><T97/><D73/><U80/><E39/><V99/><F75/><W5/><AGARI ba="0,1" hai="0,3,5,7,9,10,43,45,50,83,84,86,87,90" machi="5" ten="30,4000,0" yaku="1,1,0,1,9,1,53,0" doraHai="133" doraHaiUra="31" who="3" fromWho="3" sc="250,-20,250,-10,250,-10,240,50" /><INIT seed="1,0,0,5,0,58" ten="230,240,240,290" oya="1" hai0="72,82,83,68,21,36,132,124,90,135,102,129,125" hai1="50,18,40,51,75,84,64,45,79,81,6,48,130" hai2="73,105,113,26,96,115,2,44,120,35,3,87,112" hai3="23,62,53,56,94,17,108,93,59,107,99,15,4"/><U103/><E130/><V71/><F120/><W133/><G108/><T24/><D36/><U54/><E64/><V77/><F87/><W39/><G133/><N who="0" m="51275" /><D68/><U80/><E103/><N who="2" m="62695" /><F44/><W9/><G39/><T61/><D61/><U0/><E18/><V78/><F71/><W55/><G99/><T63/><D63/><U46/><E0/><N who="2" m="43" /><F73/><W65/><G107/><T43/><D43/><U57/><E6/><V37/><F37/><W33/><G33/><T49/><D49/><U114/><E114/><N who="2" m="29187" /><V89/><DORA hai="127" /><F89/><W122/><G122/><T29/><D129/><U116/><E116/><V41/><F41/><W126/><G126/><N who="0" m="48747" /><D72/><U106/><E106/><V74/><F74/><W27/><REACH who="3" step="1"/><G65/><REACH who="3" ten="230,240,240,280" step="2"/><T25/><D102/><U12/><E45/><V111/><F111/><W42/><G42/><T123/><D123/><U28/><E46/><V118/><F118/><W117/><G117/><T97/><D25/><U20/><E40/><V60/><F60/><AGARI ba="0,1" hai="4,9,15,17,23,27,53,55,56,59,60,62,93,94" machi="60" ten="30,12000,2" yaku="1,1,7,1,9,1,8,1,52,2,53,1" doraHai="58,127" doraHaiUra="109,13" who="3" fromWho="2" sc="230,0,240,0,240,-120,280,130" /><INIT seed="2,0,0,5,5,65" ten="230,240,120,410" oya="2" hai0="87,111,63,47,27,28,74,40,89,55,48,2,31" hai1="76,5,29,107,69,77,61,126,35,7,133,19,119" hai2="10,68,120,37,112,15,83,44,125,4,105,52,103" hai3="73,17,117,20,0,67,78,49,100,33,93,122,34"/><V38/><F112/><W115/><G0/><T9/><D74/><U66/><E119/><V13/><F120/><W106/><G93/><T123/><D123/><U104/><E19/><V134/><F134/><W82/><G117/><T72/><D72/><U3/><E133/><V60/><F125/><W94/><G94/><T8/><D2/><U23/><E23/><V92/><F105/><W45/><G67/><T79/><D79/><U131/><E131/><V39/><F83/><W75/><G75/><T95/><D111/><U25/><E126/><V80/><F80/><W59/><G59/><N who="0" m="35327" /><D27/><U22/><E22/><V113/><F113/><W71/><G20/><T62/><D62/><U36/><E36/><V86/><F15/><W1/><G17/><T54/><D54/><U102/><E107/><V24/><F24/><W70/><G45/><T99/><D99/><N who="1" m="61535" /><E3/><V90/><F103/><W135/><G82/><T21/><D21/><U43/><E43/><V124/><F124/><W85/><G49/><T18/><D18/><U56/><E56/><V58/><REACH who="2" step="1"/><F68/><REACH who="2" ten="230,240,110,410" step="2"/><W101/><G100/><T91/><D91/><U81/><E76/><V96/><F96/><W121/><G101/><T46/><D46/><AGARI ba="0,1" hai="4,10,13,37,38,39,44,46,52,58,60,86,90,92" machi="46" ten="40,3900,0" yaku="1,1,54,1,53,0" doraHai="65" doraHaiUra="110" who="2" fromWho="0" sc="230,-39,240,0,110,49,410,0" /><INIT seed="2,1,0,2,1,11" ten="191,240,159,410" oya="2" hai0="0,125,1,67,87,85,112,130,39,122,73,109,98" hai1="81,111,51,16,24,5,89,22,43,4,30,53,12" hai2="25,135,58,60,33,32,126,6,59,133,82,110,105" hai3="75,129,88,56,64,26,34,119,15,66,128,131,78"/><V45/><F105/><W2/><G2/><T115/><D122/><U76/><E111/><V114/><F114/><W27/><G119/><T121/><D121/><U55/><E43/><V123/><F123/><W107/><G107/><T36/><D73/><U86/><E76/><V96/><F126/><W23/><G34/><T95/><D67/><N who="3" m="25641" /><G56/><N who="2" m="21545" /><F6/><W93/><G78/><T117/><D125/><U106/><E106/><V7/><F60/><W17/><G75/><T83/><D117/><U99/><E99/><AGARI ba="1,0" hai="15,17,23,26,27,88,93,99,128,129,131" m="25641" machi="99" ten="30,3900,0" yaku="19,1,52,1,54,1" doraHai="11" who="3" fromWho="1" sc="191,0,240,-42,159,0,410,42" /><INIT seed="3,0,0,4,1,119" ten="191,198,159,452" oya="3" hai0="111,20,108,61,55,33,132,82,18,109,63,2,89" hai1="106,112,21,13,113,50,49,19,74,34,54,65,80" hai2="60,48,70,0,95,107,125,123,45,53,37,8,105" hai3="129,127,11,44,62,78,96,131,42,110,98,22,17"/><W86/><G110/><T75/><D132/><U133/><E133/><V128/><F125/><W9/><G62/><T40/><D33/><U5/><E106/><V16/><F128/><N who="3" m="49227" /><G127/><T81/><D40/><U114/><E34/><V24/><F123/><W130/><G130/><T29/><D29/><U3/><E65/><V116/><F116/><W32/><G32/><T4/><D89/><U12/><E3/><V100/><F37/><N who="3" m="21583" /><G86/><T69/><D55/><U51/><E74/><V23/><F70/><W15/><G78/><N who="0" m="44255" /><D69/><U68/><E68/><V6/><REACH who="2" step="1"/><F60/><REACH who="2" ten="191,198,149,452" step="2"/><W36/><G36/><T26/><D82/><U27/><E80/><V66/><F66/><W28/><G28/><T72/><D72/><U101/><E113/><V67/><F67/><W92/><G96/><AGARI ba="0,1" hai="0,6,8,16,23,24,45,48,53,95,96,100,105,107" machi="96" ten="40,8000,1" yaku="1,1,54,1,53,2" doraHai="119" doraHaiUra="102" who="2" fromWho="3" sc="191,0,198,0,149,90,452,-80" owari="191,-30.9,198,-20.2,239,3.9,372,47.2" /></mjloggm>