<mjloggm ver="2.3"><GO type="225" lobby="0"/><UN n0="%E3%81%B5%E3%81%98%E3%81%8B%E3%81%A4" n1="%E4%BF%BA%E3%81%A8%E5%A6%96%E5%A4%A2" n2="%72%69%6F%75%63%68%61%6E" n3="%E3%82%BC%E3%83%AB%E3%83%80%E3%81%AE%E4%BC%9D%E8%AA%AC" dan="16,17,17,18" rate="2150.66,2174.90,2245.07,2215.38" sx="M,F,M,M"/><TAIKYOKU oya="0"/><INIT seed="0,0,0,2,0,125" ten="250,250,250,250" oya="0" hai0="111,71,49,16,65,34,4,35,2,98,126,37,31" hai1="79,30,127,38,92,1,25,36,54,40,89,5,100" hai2="17,56,55,101,131,135,129,114,130,39,26,52,68" hai3="91,72,23,15,64,102,95,109,134,22,67,11,20"/><T21/><D126/><U128/><E127/><V75/><F135/><W115/><G115/><T81/><D37/><U69/><E69/><V29/><F68/><W44/><G72/><T80/><D49/><U7/><E100/><V19/><F75/><W12/><G109/><T63/><D111/><U18/><E79/><V74/><F74/><W83/><G134/><T43/><D43/><U28/><E18/><N who="2" m="6667" /><F39/><W133/><G133/><T76/><D98/><U132/><E132/><V53/><F101/><W8/><G83/><T99/><D99/><U42/><E54/><V113/><F56/><W45/><G102/><T47/><D47/><N who="3" m="17993" /><G95/><T14/><D76/><U82/><E82/><V85/><F85/><W32/><G32/><AGARI ba="0,0" hai="26,29,32,52,53,55,113,114,129,130,131" m="6667" machi="32" ten="40,8000,1" yaku="19,1,52,3,54,1" doraHai="125" who="2" fromWho="3" sc="250,0,250,0,250,80,250,-80" /><INIT seed="1,0,0,0,4,123" ten="250,250,330,170" oya="1" hai0="89,53,131,92,84,23,46,104,51,77,50,29,36" hai1="103,8,114,14,6,75,122,9,107,90,43,7,28" hai2="16,63,4,41,52,101,13,20,93,2,111,82,10" hai3="47,19,98,71,56,125,45,80,132,95,118,0,40"/><U124/><E122/><V60/><F111/><W69/><G0/><T39/><D104/><U110/><E114/><V54/><F41/><W59/><G80/><T78/><D131/><U42/><E75/><V48/><F54/><W38/><G19/><T11/><D11/><U34/><E124/><V62/><F82/><W134/><G95/><T121/><D121/><U70/><E70/><N who="3" m="26634" /><G98/><T31/><D39/><U86/><E103/><V55/><REACH who="2" step="1"/><F48/><REACH who="2" ten="250,250,320,170" step="2"/><N who="3" m="26663" /><G125/><T113/><D51/><U64/><E110/><V97/><AGARI ba="0,1" hai="2,4,10,13,16,20,52,55,60,62,63,93,97,101" machi="97" ten="30,7900,0" yaku="1,1,0,1,54,2,53,0" doraHai="123" doraHaiUra="21" who="2" fromWho="2" sc="250,-20,250,-39,320,89,170,-20" /><INIT seed="2,0,0,3,2,108" ten="230,211,409,150" oya="2" hai0="128,105,3,0,82,78,114,74,43,116,9,10,115" hai1="56,6,85,122,102,37,87,91,117,18,35,27,24" hai2="125,12,38,1,31,124,134,44,59,68,53,107,133" hai3="36,112,86,99,89,22,13,23,67,61,49,131,60"/><V106/><F1/><W29/><G36/><T94/><D43/><U129/><E117/><V2/><F2/><W58/><G131/><T51/><D51/><U83/><E37/><V21/><F68/><W79/><G112/><N who="0" m="43051" /><D94/><U11/><E129/><V111/><F12/><W47/><G29/><T93/><D128/><U5/><E122/><V113/><F21/><W103/><G79/><T16/><D93/><U130/><E130/><V50/><F31/><W121/><G121/><T80/><D116/><U15/><E35/><V90/><F111/><W66/><G13/><T8/><D105/><N who="2" m="39946" /><F90/><W52/><G99/><T73/><D16/><U98/><E85/><V64/><F113/><W110/><G103/><T76/><D78/><U14/><E56/><V119/><F119/><W48/><G110/><T30/><D30/><U25/><E14/><V17/><F17/><W101/><G101/><T54/><D54/><U126/><E126/><N who="2" m="48747" /><F64/><W95/><REACH who="3" step="1"/><G48/><REACH who="3" ten="230,211,409,140" step="2"/><T109/><D76/><U77/><E77/><V4/><F4/><W62/><G62/><T84/><D109/><U34/><E34/><V71/><F38/><W92/><G92/><AGARI ba="0,1" hai="5,6,11,15,18,24,25,27,83,87,91,92,98,102" machi="92" ten="40,1300,0" yaku="8,1" doraHai="108" who="1" fromWho="3" sc="230,0,211,23,409,0,140,-13" /><INIT seed="3,0,0,4,3,84" ten="230,234,409,127" oya="3" hai0="98,119,37,135,79,34,90,127,134,101,65,117,120" hai1="29,42,106,39,68,108,80,99,51,71,88,26,97" hai2="52,53,20,77,0,1,70,128,116,111,55,49,91" hai3="17,56,41,36,132,5,38,48,61,67,10,60,13"/><W66/><G132/><N who="0" m="50731" /><D120/><U131/><E39/><V126/><F111/><W45/><REACH who="3" step="1"/><G5/><REACH who="3" ten="230,234,409,117" step="2"/><T2/><D119/><U50/><E108/><V118/><F116/><W62/><G62/><T46/><D117/><U7/><E7/><V9/><F118/><W96/><G96/><T114/><D98/><U43/><E99/><V81/><F0/><W105/><G105/><T28/><D2/><U15/><E106/><V130/><F1/><W18/><G18/><T95/><D114/><U87/><E97/><V72/><F130/><W112/><G112/><T107/><D107/><U104/><E104/><V11/><F128/><W110/><G110/><T33/><D101/><U113/><E131/><V44/><F126/><W122/><G122/><T78/><D127/><U8/><E113/><V75/><F75/><W57/><AGARI ba="0,1" hai="10,13,17,36,38,41,45,48,56,57,60,61,66,67" machi="57" ten="20,7800,0" yaku="1,1,0,1,7,1,9,1,53,0" doraHai="84" doraHaiUra="109" who="3" fromWho="3" sc="230,-26,234,-26,409,-26,117,88" /><INIT seed="3,1,0,5,5,22" ten="204,208,383,205" oya="3" hai0="41,95,17,69,134,82,34,94,64,47,108,11,51" hai1="26,73,56,70,106,102,135,21,132,58,104,75,7" hai2="54,19,87,2,46,109,32,59,66,98,72,83,96" hai3="3,18,122,8,79,101,119,29,52,74,111,103,16"/><W80/><G119/><T114/><D34/><U0/><E70/><V128/><F32/><W6/><G122/><T76/><D134/><N who="1" m="51243" /><E7/><V124/><F2/><W88/><G29/><T99/><D108/><U93/><E0/><V123/><F72/><N who="1" m="27721" /><E93/><V1/><F1/><W60/><G111/><T45/><D114/><U84/><E84/><V81/><F124/><W36/><G36/><T50/><D69/><U63/><E102/><V9/><F123/><W78/><G78/><T85/><D99/><N who="2" m="37930" /><F128/><W38/><G38/><T13/><D64/><N who="1" m="39015" /><E58/><V33/><F9/><W77/><G103/><T12/><D12/><U43/><E43/><AGARI ba="1,0" hai="11,13,17,41,43,45,47,50,51,76,82,85,94,95" machi="43" ten="30,3900,0" yaku="7,1,9,1,8,1" doraHai="22" who="0" fromWho="1" sc="204,42,208,-42,383,0,205,0" owari="246,4.6,166,-33.4,383,48.3,205,-19.5" /></mjloggm>