<mjloggm ver="2.3"><GO type="225" lobby="0"/><UN n0="%E3%81%82%E3%81%99%E3%81%AB%E3%82%83%E3%82%80" n1="%E6%97%A5%E6%9B%9C%E6%97%A5%E3%82%88%E3%82%8A%E3%81%AE%E4%BD%BF%E8%80%85" n2="%E3%83%A9%E3%83%96%E3%83%AC%E3%83%BC" n3="%E6%80%AA%E3%81%97%E3%81%99%E3%81%8E%E3%82%8B%E3%83%81%E3%83%BC" dan="16,18,18,16" rate="2118.24,2164.28,2219.61,2173.71" sx="F,M,M,M"/><TAIKYOKU oya="0"/><INIT seed="0,0,0,3,0,62" ten="250,250,250,250" oya="0" hai0="114,133,48,29,10,30,68,123,5,65,44,6,40" hai1="71,16,49,135,34,119,78,22,36,0,100,99,26" hai2="109,77,97,55,41,96,15,89,7,3,43,118,93" hai3="11,126,37,39,127,111,91,74,59,129,14,128,63"/><T23/><D114/><U122/><E36/><N who="3" m="13898" /><G74/><T76/><D123/><U13/><E122/><V90/><F109/><W31/><G91/><T25/><D133/><U50/><E119/><V19/><F3/><W58/><G31/><T2/><D76/><U132/><E0/><V66/><F7/><N who="3" m="3455" /><G59/><T67/><D68/><U4/><E71/><V1/><F1/><W124/><G111/><T80/><D80/><U32/><E78/><V102/><F118/><W60/><G60/><T88/><D6/><U121/><E121/><V8/><F77/><W105/><G105/><T12/><D30/><N who="1" m="19543" /><E34/><V86/><F55/><AGARI ba="0,0" hai="55,58,63,124,126,127,128,129" m="3455,13898" machi="55" ten="40,1300,0" yaku="18,1" doraHai="62" who="3" fromWho="2" sc="250,0,250,0,250,-13,250,13" /><INIT seed="1,0,0,5,3,17" ten="250,250,237,263" oya="1" hai0="6,16,87,7,113,44,88,58,15,59,52,33,55" hai1="122,60,21,31,111,37,127,28,11,56,118,116,32" hai2="112,109,30,103,121,134,53,81,74,22,131,40,83" hai3="41,1,78,110,27,120,101,105,4,114,95,65,90"/><U69/><E122/><V45/><F121/><W98/><G120/><T49/><D33/><U100/><E37/><V47/><F74/><W66/><G114/><T117/><D117/><U2/><E69/><V92/><F131/><W99/><G110/><T48/><D44/><U68/><E68/><V75/><F109/><W5/><G41/><T96/><D96/><U64/><E111/><V61/><F134/><W23/><G78/><T10/><D113/><U97/><E32/><V119/><F75/><W20/><G20/><T3/><D3/><U79/><E79/><V76/><F119/><W77/><G77/><T71/><D71/><U107/><E127/><V89/><F103/><W67/><REACH who="3" step="1"/><G1/><REACH who="3" ten="250,250,237,253" step="2"/><T85/><REACH who="0" step="1"/><D85/><REACH who="0" ten="240,250,237,253" step="2"/><U25/><E118/><V73/><F112/><W129/><G129/><T104/><D104/><U9/><E116/><V130/><F130/><W86/><G86/><T126/><D126/><U0/><E0/><V70/><F73/><W124/><G124/><T93/><AGARI ba="0,2" hai="6,7,10,15,16,48,49,52,55,58,59,87,88,93" machi="93" ten="20,16000,3" yaku="1,1,0,1,7,1,9,1,8,1,54,3,53,0" doraHai="17" doraHaiUra="38" who="0" fromWho="0" sc="240,180,250,-80,237,-40,253,-40" /><INIT seed="2,0,0,4,1,17" ten="420,170,197,213" oya="2" hai0="102,56,130,46,133,62,57,0,76,59,43,60,129" hai1="122,120,97,92,38,8,18,48,33,53,78,99,1" hai2="64,63,107,87,124,44,109,67,121,128,51,55,26" hai3="83,30,29,90,9,134,45,58,118,100,52,89,104"/><V34/><F121/><N who="1" m="46697" /><E38/><V98/><F124/><W116/><G134/><T13/><D0/><U82/><E33/><V65/><F128/><N who="0" m="49258" /><D76/><U71/><E71/><V32/><F109/><W73/><G45/><T112/><D102/><U126/><E126/><V88/><F98/><W79/><G9/><T49/><D13/><N who="1" m="7463" /><E1/><V125/><F107/><W35/><G116/><T10/><D10/><U6/><E6/><V50/><F125/><W108/><G118/><T15/><D15/><U85/><E92/><N who="2" m="54303" /><F34/><W11/><G108/><T114/><D133/><U22/><E22/><V19/><F32/><W5/><G35/><T36/><D36/><U28/><E28/><V103/><F103/><W86/><G30/><T61/><AGARI ba="0,0" hai="43,46,49,56,57,59,60,61,62,112,114" m="49258" machi="61" ten="40,5200,0" yaku="19,1,34,2" doraHai="17" who="0" fromWho="0" sc="420,52,170,-13,197,-26,213,-13" /><INIT seed="3,0,0,3,3,24" ten="472,157,171,200" oya="3" hai0="92,84,10,36,51,121,57,134,93,107,22,115,43" hai1="29,112,130,113,101,4,45,91,78,128,80,72,132" hai2="100,120,126,32,38,110,103,42,111,11,35,52,44" hai3="3,127,50,40,88,66,82,55,56,62,12,99,2"/><W39/><G127/><T131/><D107/><U63/><E132/><V1/><F126/><W30/><G30/><T48/><D10/><U31/><E4/><N who="2" m="1423" /><F52/><W15/><G3/><T37/><D22/><U85/><E63/><V6/><F6/><W69/><G2/><T74/><D57/><U25/><E45/><V135/><F135/><W53/><G53/><T13/><D13/><U105/><E112/><V109/><F120/><W83/><G83/><T7/><D131/><N who="1" m="50219" /><E113/><V104/><F104/><W95/><G82/><T60/><D84/><U59/><E59/><V23/><F23/><W129/><G129/><T79/><D92/><N who="1" m="54383" /><E25/><V119/><F119/><W19/><G19/><T97/><D79/><U68/><E68/><V122/><F122/><W118/><G118/><T87/><D97/><AGARI ba="0,0" hai="29,31,72,78,80,97,101,105" m="54383,50219" machi="97" ten="30,7700,0" yaku="24,1,19,1,52,2" doraHai="24" who="1" fromWho="0" sc="472,-77,157,77,171,0,200,0" owari="395,49.5,234,3.4,171,-32.9,200,-20.0" /></mjloggm>