<mjloggm ver="2.3"><GO type="225" lobby="0"/><UN n0="%E3%81%B2%E3%81%AA%E3%81%AE%E3%82%8A%E3%81%8F" n1="%E3%83%96%E3%83%A9%E3%82%B6%E3%83%BC" n2="%6D%75%75%6D%75%72%61" n3="%E3%82%BC%E3%83%AB%E3%83%80%E3%81%AE%E4%BC%9D%E8%AA%AC" dan="17,16,16,16" rate="2196.66,2084.93,2154.64,2148.52" sx="M,M,F,M"/><TAIKYOKU oya="0"/><INIT seed="0,0,0,0,5,77" ten="250,250,250,250" oya="0" hai0="64,65,110,13,3,135,75,63,85,78,15,35,83" hai1="46,20,34,52,55,36,96,56,105,132,127,125,23" hai2="100,133,50,10,107,134,128,40,27,117,90,86,19" hai3="18,41,70,47,12,45,94,92,73,5,97,24,71"/><T44/><D135/><N who="2" m="51722" /><F128/><W26/><G73/><T115/><D115/><U57/><E34/><V2/><F117/><W72/><G72/><T53/><D3/><U66/><E132/><V116/><F116/><W118/><G118/><T87/><D35/><U22/><E105/><V33/><F2/><W119/><G119/><T14/><D110/><U108/><E96/><N who="2" m="61831" /><F10/><W6/><G97/><T43/><D53/><N who="1" m="20555" /><E66/><V101/><F101/><W79/><G79/><T80/><D75/><U1/><E1/><V102/><F102/><W76/><G76/><N who="0" m="46215" /><D63/><U62/><E62/><V129/><F129/><W28/><G41/><T58/><D58/><N who="1" m="22635" /><E46/><N who="2" m="25927" /><F19/><W17/><REACH who="3" step="1"/><G12/><REACH who="3" ten="250,250,250,240" step="2"/><T7/><D7/><U39/><E108/><V121/><F86/><W49/><G49/><AGARI ba="0,1" hai="13,14,15,43,44,49,64,65,78,83,87" m="46215" machi="49" ten="30,5800,0" yaku="8,1,52,2" doraHai="77" who="0" fromWho="3" sc="250,68,250,0,250,0,240,-58" /><INIT seed="0,1,0,0,0,28" ten="318,250,250,182" oya="0" hai0="58,22,44,68,17,42,19,63,10,93,25,15,132" hai1="6,134,78,52,49,83,118,99,106,119,35,21,4" hai2="41,30,75,61,14,9,74,101,102,0,95,120,129" hai3="23,37,56,62,60,84,20,39,128,103,108,11,111"/><T105/><D132/><U110/><E134/><V40/><F120/><W125/><G125/><T133/><D133/><U85/><E110/><N who="3" m="42026" /><G128/><T114/><D114/><U45/><E35/><V1/><F129/><W72/><G72/><T66/><D105/><U27/><E106/><V112/><F112/><W32/><G103/><T43/><D68/><U64/><E64/><V131/><F131/><W89/><G11/><T59/><D44/><U104/><E104/><V38/><F30/><W81/><G60/><T76/><D76/><U113/><E113/><V7/><F61/><W24/><G32/><T5/><D59/><U73/><E73/><V13/><F9/><W98/><G98/><T29/><REACH who="0" step="1"/><D93/><REACH who="0" ten="308,250,250,182" step="2"/><U8/><E45/><V65/><F95/><W33/><G39/><T48/><D48/><U124/><E49/><V115/><F115/><W34/><G37/><T80/><D80/><U90/><E78/><V36/><F65/><N who="3" m="39111" /><G23/><T46/><D46/><U135/><E21/><V126/><F126/><W18/><AGARI ba="1,1" hai="18,20,24,33,34,81,84,89" m="39111,42026" machi="18" ten="30,4000,0" yaku="14,1,52,2" doraHai="28" who="3" fromWho="3" sc="308,-21,250,-11,250,-11,182,53" /><INIT seed="1,0,0,1,2,4" ten="287,239,239,235" oya="1" hai0="86,51,88,74,126,53,106,96,19,83,10,38,112" hai1="127,71,11,50,125,135,12,82,20,3,110,91,27" hai2="28,121,33,35,5,17,132,62,90,100,79,95,58" hai3="14,131,2,77,99,93,133,47,46,39,94,34,25"/><U65/><E3/><V60/><F121/><W76/><G2/><T45/><D112/><U29/><E135/><V102/><F132/><W129/><G133/><T108/><D108/><U64/><E50/><V89/><F79/><W9/><G34/><T56/><D126/><N who="1" m="48139" /><E71/><V113/><F113/><W59/><G25/><T42/><D74/><U57/><E57/><V37/><F37/><W104/><G104/><T107/><REACH who="0" step="1"/><D96/><REACH who="0" ten="277,239,239,235" step="2"/><U61/><E110/><V122/><F122/><W84/><G99/><T134/><D134/><U128/><E128/><V105/><F105/><W44/><G129/><T118/><D118/><U66/><E61/><V114/><F62/><W23/><G131/><T6/><D6/><N who="1" m="3191" /><E65/><V36/><F114/><W80/><G39/><T48/><D48/><U22/><E20/><V21/><F36/><W31/><G23/><T115/><D115/><U18/><E29/><V123/><F28/><W81/><G31/><T52/><D52/><U109/><E109/><V0/><F123/><W24/><G59/><T117/><D117/><U40/><E40/><V15/><F58/><W30/><G30/><T32/><D32/><U97/><E97/><N who="2" m="57583" /><F35/><W13/><G47/><T120/><D120/><U67/><E67/><V69/><F33/><W49/><G49/><T87/><D87/><AGARI ba="0,1" hai="18,22,27,64,66,82,87,91" m="3191,48139" machi="87" ten="30,2900,0" yaku="18,1,52,1" doraHai="4" who="1" fromWho="0" sc="277,-29,239,39,239,0,235,0" /><INIT seed="1,1,0,3,4,80" ten="248,278,239,235" oya="1" hai0="128,63,41,18,121,1,131,112,43,122,111,22,115" hai1="11,62,0,88,132,74,120,47,14,126,109,100,135" hai2="49,114,79,75,118,103,92,123,60,42,17,38,19" hai3="91,8,69,59,98,46,70,52,32,35,90,107,7"/><U13/><E120/><N who="0" m="46185" /><D1/><U66/><E74/><V64/><F123/><W95/><G107/><T130/><D63/><U37/><E100/><V86/><F38/><W6/><G46/><T101/><D101/><U2/><E126/><V65/><F118/><W84/><G35/><T58/><D58/><U96/><E109/><V73/><F73/><W27/><G27/><N who="0" m="14807" /><D111/><U76/><E47/><N who="2" m="25847" /><F75/><W10/><G32/><T26/><D26/><U44/><E44/><V102/><F114/><AGARI ba="1,0" hai="41,43,112,114,115,128,130,131" m="14807,46185" machi="114" ten="40,2600,0" yaku="19,1,13,1" doraHai="80" who="0" fromWho="2" sc="248,29,278,0,239,-29,235,0" /><INIT seed="2,0,0,4,1,26" ten="277,278,210,235" oya="2" hai0="49,93,94,111,46,27,42,54,119,96,22,8,21" hai1="78,3,79,134,32,133,95,10,71,38,64,121,107" hai2="30,72,73,91,127,20,48,25,124,74,47,83,108" hai3="99,44,57,85,80,12,114,34,103,106,128,120,2"/><V65/><F65/><W125/><G2/><T129/><D111/><U131/><E107/><V112/><F112/><W130/><G120/><T9/><D129/><N who="3" m="49769" /><G34/><T101/><D119/><U62/><E32/><V81/><F108/><W0/><G0/><T69/><D69/><U31/><E121/><V61/><F61/><W66/><G114/><T14/><D93/><U55/><E131/><V117/><F117/><W76/><G125/><N who="2" m="48201" /><F91/><W23/><G44/><T70/><D70/><U75/><E38/><V60/><F60/><N who="3" m="38159" /><G23/><T113/><D113/><U84/><E75/><N who="2" m="19203" /><V88/><DORA hai="86" /><F88/><N who="3" m="51239" /><G12/><T17/><D42/><AGARI ba="0,0" hai="20,25,30,42,47,48,81,83" m="19203,48201" machi="42" ten="40,3900,0" yaku="18,1,52,1" doraHai="26,86" who="2" fromWho="0" sc="277,-39,278,0,210,39,235,0" /><INIT seed="2,1,0,4,1,55" ten="238,278,249,235" oya="2" hai0="40,110,50,9,106,62,90,21,65,114,6,109,12" hai1="20,93,29,123,31,0,19,102,126,70,2,131,35" hai2="117,52,96,135,45,119,79,98,68,128,121,27,120" hai3="89,53,105,49,67,66,28,56,69,10,134,115,23"/><V71/><F79/><W112/><G105/><T38/><D38/><U86/><E70/><V113/><F27/><N who="3" m="16511" /><G69/><N who="2" m="26697" /><F96/><W82/><G134/><T47/><D106/><U73/><E73/><V103/><F98/><W88/><G10/><T41/><D114/><N who="3" m="43561" /><G89/><T46/><D90/><U92/><E86/><AGARI ba="1,0" hai="49,53,56,66,67,82,86,88" m="43561,16511" machi="86" ten="30,3900,0" yaku="11,1,52,1,54,1" doraHai="55" who="3" fromWho="1" sc="238,0,278,-42,249,0,235,42" /><INIT seed="3,0,0,4,0,81" ten="238,236,249,277" oya="3" hai0="40,67,49,125,128,108,26,116,92,14,50,53,78" hai1="13,58,64,34,16,71,121,72,87,17,84,6,85" hai2="82,44,31,61,39,117,48,131,36,86,38,30,46" hai3="70,10,35,101,134,91,37,93,113,52,3,57,0"/><W65/><G113/><T29/><D116/><U99/><E72/><V123/><F117/><W68/><G35/><T98/><D108/><U126/><E121/><V102/><F131/><W69/><G101/><T9/><D128/><U111/><E71/><V24/><F123/><W88/><G37/><T56/><D67/><U20/><E34/><V7/><F102/><W89/><G65/><T15/><D125/><U75/><E75/><V124/><F124/><W130/><G130/><T41/><D78/><U32/><E32/><V120/><F120/><W27/><G134/><T135/><D50/><U55/><E126/><V18/><F61/><W66/><G66/><T109/><D109/><U43/><E64/><V54/><F7/><W5/><G27/><T22/><D15/><N who="1" m="9247" /><E111/><V106/><F106/><W11/><G11/><T127/><D135/><U96/><E43/><V94/><F94/><W74/><G74/><T104/><D104/><U119/><E6/><V103/><F103/><W133/><G133/><T4/><D127/><U19/><E19/><V60/><F36/><W129/><G129/><T12/><D12/><U122/><E119/><V8/><F38/><W112/><G112/><T59/><D59/><U90/><E90/><AGARI ba="0,0" hai="4,9,14,22,26,29,40,41,49,53,56,90,92,98" machi="90" ten="30,2000,0" yaku="7,1,8,1" doraHai="81" who="0" fromWho="1" sc="238,20,236,-20,249,0,277,0" /><INIT seed="4,0,0,4,0,106" ten="258,216,249,277" oya="0" hai0="131,29,8,61,111,37,65,31,68,91,123,80,9" hai1="38,62,126,110,35,7,19,3,101,49,18,89,48" hai2="100,32,129,41,87,86,98,28,127,22,97,21,78" hai3="17,27,11,67,130,69,94,125,10,5,72,102,25"/><T14/><D123/><U109/><E38/><V57/><F127/><W96/><G125/><T53/><D37/><U46/><E35/><V64/><F129/><W95/><G130/><T66/><D131/><U12/><E126/><V73/><F32/><W133/><G72/><T51/><D66/><U85/><E101/><V88/><F41/><W1/><G133/><T34/><D34/><U36/><E3/><V119/><F28/><W128/><G128/><T84/><D8/><U44/><E36/><V40/><F40/><W76/><G76/><T120/><D120/><U15/><E62/><N who="2" m="37967" /><F86/><W79/><G79/><T99/><D99/><U47/><E7/><V71/><F98/><W112/><G112/><T83/><D83/><U45/><E45/><V6/><F6/><W24/><G94/><T104/><D104/><U56/><E56/><V121/><F71/><W113/><G113/><T26/><D26/><U124/><E124/><V54/><F54/><W93/><G93/><T82/><D82/><N who="1" m="49335" /><E110/><V2/><F2/><W42/><G42/><T118/><D111/><U74/><E74/><V13/><F73/><W107/><G107/><T135/><D135/><U77/><E77/><V103/><F78/><W0/><G0/><T63/><D118/><U108/><E108/><V115/><F121/><W122/><G122/><T75/><D75/><U116/><E109/><V81/><F115/><W59/><G69/><T58/><REACH who="0" step="1"/><D63/><REACH who="0" ten="248,216,249,277" step="2"/><U55/><E116/><V39/><F119/><W4/><G25/><T92/><D92/><U52/><E46/><V50/><F39/><W114/><G114/><RYUUKYOKU ba="0,1" sc="248,15,216,15,249,-15,277,-15" hai0="9,14,29,31,51,53,58,61,65,68,80,84,91" hai1="12,15,18,19,44,47,48,49,52,55" /><INIT seed="4,1,1,3,5,119" ten="263,231,234,262" oya="0" hai0="96,128,83,11,129,1,62,120,48,130,92,27,6" hai1="135,2,30,121,81,4,125,47,75,60,131,58,51" hai2="44,73,3,76,18,13,15,134,84,42,32,66,45" hai3="25,23,77,109,111,117,68,31,104,110,100,82,61"/><T41/><D120/><U43/><E131/><V59/><F3/><W12/><G117/><T55/><D41/><U67/><E135/><V86/><F32/><W0/><G0/><T113/><D113/><U64/><E125/><V123/><F134/><W99/><G12/><T8/><D8/><U14/><E2/><V114/><F114/><W26/><G26/><T38/><D38/><U80/><E75/><V105/><F105/><W21/><G21/><T74/><D62/><U90/><E30/><V49/><F123/><W89/><G89/><T91/><D27/><U46/><E121/><V78/><F45/><W19/><G19/><T54/><D48/><N who="1" m="26719" /><E90/><V101/><F101/><W28/><G28/><T10/><REACH who="0" step="1"/><D11/><REACH who="0" ten="253,231,234,262" step="2"/><N who="1" m="4455" /><E67/><V108/><F66/><W24/><G24/><T97/><D97/><U88/><E88/><V103/><F42/><AGARI ba="1,2" hai="42,47,51,58,60,64,80,81" m="4455,26719" machi="42" ten="30,1000,0" yaku="8,1" doraHai="119" who="1" fromWho="2" sc="253,0,231,33,234,-13,262,0" /><INIT seed="5,0,0,5,4,37" ten="253,264,221,262" oya="1" hai0="96,91,55,71,120,20,2,10,80,25,23,60,78" hai1="98,49,34,6,135,18,66,75,29,89,124,1,35" hai2="27,59,130,38,3,108,28,33,129,94,43,0,127" hai3="48,118,125,102,99,63,51,24,133,52,36,93,111"/><U105/><E89/><V41/><F108/><W132/><G111/><T81/><D120/><U65/><E49/><V40/><F38/><W15/><G125/><T32/><D32/><U126/><E18/><V101/><F127/><W76/><G118/><T121/><D121/><U56/><E75/><V109/><F109/><W64/><G76/><T8/><D2/><U86/><E86/><V5/><F59/><N who="3" m="35303" /><G64/><T31/><D23/><U19/><E56/><V131/><F5/><W128/><G24/><T69/><D69/><U79/><E66/><V97/><AGARI ba="0,0" hai="0,3,27,28,33,40,41,43,94,97,101,129,130,131" machi="97" ten="40,8000,1" yaku="0,1,19,1,52,3" doraHai="37" who="2" fromWho="2" sc="253,-20,264,-40,221,80,262,-20" owari="233,-16.7,224,-27.6,301,40.1,242,4.2" /></mjloggm>