<mjloggm ver="2.3"><GO type="225" lobby="0"/><UN n0="%E3%81%8B%E3%82%8F%E3%81%A1%E3%82%83%E3%82%93%35%38" n1="%E3%80%93%E3%81%97%E3%83%BC%E3%82%89%E3%80%93" n2="%E3%81%B5%E3%81%98%E3%81%8B%E3%81%A4" n3="%EF%BC%B3%E3%81%9E%E3%81%88%E2%98%86" dan="17,16,17,16" rate="2191.51,2166.54,2192.17,2084.92" sx="M,M,M,F"/><TAIKYOKU oya="0"/><INIT seed="0,0,0,4,4,66" ten="250,250,250,250" oya="0" hai0="51,39,25,129,55,28,71,123,119,125,101,120,45" hai1="18,24,82,48,7,110,61,96,30,43,83,1,113" hai2="117,98,40,72,14,106,70,86,68,60,57,42,76" hai3="85,104,38,87,107,130,94,80,97,58,23,131,105"/><T32/><D119/><U102/><E113/><V69/><F117/><W26/><G38/><T52/><D125/><U79/><E110/><V73/><F14/><W103/><G58/><T36/><D129/><N who="3" m="49161" /><G26/><T100/><D71/><U20/><E7/><V62/><F86/><N who="3" m="32779" /><G23/><T92/><D55/><U65/><E79/><V37/><F37/><W13/><G13/><T89/><D39/><U3/><E18/><V135/><F135/><W93/><G93/><T121/><REACH who="0" step="1"/><D36/><REACH who="0" ten="240,250,250,250" step="2"/><U33/><E43/><V50/><F70/><W132/><G80/><T9/><D9/><U115/><E83/><V59/><F50/><W6/><G6/><T95/><D95/><U10/><E82/><V35/><F106/><W133/><AGARI ba="0,1" hai="94,97,103,104,105,107,132,133" m="32779,49161" machi="133" ten="40,5200,0" yaku="19,1,34,2" doraHai="66" who="3" fromWho="3" sc="240,-26,250,-13,250,-13,250,62" /><INIT seed="1,0,0,4,2,49" ten="214,237,237,312" oya="1" hai0="6,44,59,129,120,10,57,126,92,16,86,95,109" hai1="123,75,2,23,42,79,8,43,26,101,111,132,64" hai2="18,127,41,39,122,89,5,60,36,100,40,35,99" hai3="72,80,0,25,45,63,105,33,67,22,61,66,38"/><U53/><E123/><V19/><F122/><W118/><G118/><T32/><D120/><U31/><E132/><V97/><F127/><W114/><G114/><T106/><D106/><U29/><E64/><V93/><F35/><W91/><G105/><T54/><D32/><U7/><E101/><V55/><F5/><W3/><G33/><T125/><D109/><U51/><E111/><V20/><F19/><W116/><G45/><T11/><D129/><U13/><E31/><V17/><F17/><W82/><G38/><T52/><D44/><U115/><E115/><V90/><F100/><W21/><G91/><T76/><D76/><U47/><REACH who="1" step="1"/><E2/><REACH who="1" ten="214,227,237,312" step="2"/><V74/><F36/><W9/><G67/><T133/><D133/><U128/><E128/><V58/><F39/><W62/><G66/><T73/><D126/><U81/><AGARI ba="0,1" hai="7,8,13,23,26,29,42,43,47,51,53,75,79,81" machi="81" ten="30,6000,0" yaku="1,1,0,1,52,1,53,0" doraHai="49" doraHaiUra="84" who="1" fromWho="1" sc="214,-20,227,70,237,-20,312,-20" /><INIT seed="1,1,0,0,0,15" ten="194,297,217,292" oya="1" hai0="103,114,18,28,124,51,53,8,69,70,36,92,2" hai1="5,89,125,108,17,48,111,115,33,95,98,64,60" hai2="78,9,16,4,50,59,72,86,127,49,55,26,112" hai3="134,65,20,90,47,10,74,118,105,68,83,81,44"/><U101/><E33/><V11/><F72/><W123/><G74/><T21/><D124/><U91/><E115/><V66/><F127/><W79/><G79/><T3/><D36/><U41/><E125/><V122/><F122/><W19/><G105/><T129/><D114/><U27/><E5/><V82/><F112/><W56/><G68/><T119/><D119/><U57/><E41/><V25/><F50/><W63/><G134/><T35/><D2/><U94/><E48/><V132/><F66/><W34/><G34/><T126/><D126/><U24/><E101/><V110/><F110/><N who="1" m="42025" /><E17/><V100/><F100/><W14/><G123/><T76/><D103/><U7/><E7/><V93/><F93/><W77/><G77/><T96/><D92/><U113/><E113/><V73/><F73/><W45/><G118/><T116/><D76/><U133/><E133/><V12/><REACH who="2" step="1"/><F132/><REACH who="2" ten="194,297,207,292" step="2"/><W80/><G90/><T46/><D51/><U109/><E109/><V43/><F43/><W22/><AGARI ba="1,1" hai="10,14,19,20,22,44,45,47,56,63,65,80,81,83" machi="22" ten="40,5200,0" yaku="0,1,8,1,52,1" doraHai="15" who="3" fromWho="3" sc="194,-14,297,-27,207,-14,292,65" /><INIT seed="2,0,0,1,1,3" ten="180,270,193,357" oya="2" hai0="11,31,134,56,55,63,123,7,113,93,76,58,59" hai1="70,119,98,116,121,48,33,130,9,68,110,43,92" hai2="65,73,87,35,57,124,105,51,18,54,112,114,44" hai3="45,50,103,67,128,107,126,62,122,132,135,131,14"/><V106/><F35/><W80/><G107/><T79/><D113/><U21/><E33/><V129/><F73/><W95/><G80/><T60/><D123/><U82/><E121/><V85/><F124/><W16/><G95/><T120/><D120/><U102/><E110/><V52/><F129/><N who="3" m="49739" /><G103/><T5/><D134/><U19/><E9/><V26/><F65/><W125/><G122/><T23/><D93/><U10/><E10/><V127/><F127/><N who="3" m="48651" /><G50/><T61/><D55/><U97/><E82/><V8/><F106/><W53/><G53/><T109/><D109/><U49/><E92/><V117/><F105/><W27/><G27/><N who="0" m="16895" /><D11/><U30/><E102/><V115/><F117/><W104/><G45/><T22/><D22/><U96/><E130/><V77/><F77/><AGARI ba="0,0" hai="5,7,56,58,59,60,61,63,76,77,79" m="16895" machi="77" ten="30,3900,0" yaku="8,1,52,2" doraHai="3" who="0" fromWho="2" sc="180,39,270,0,193,-39,357,0" /><INIT seed="3,0,0,4,2,39" ten="219,270,154,357" oya="3" hai0="130,106,47,121,115,126,25,94,6,20,112,7,97" hai1="3,49,72,46,122,5,67,16,111,28,116,64,134" hai2="93,44,83,119,50,45,82,78,69,79,96,127,9" hai3="98,90,11,13,38,22,132,66,10,37,92,124,33"/><W52/><G33/><T68/><D68/><U21/><E72/><V100/><F127/><W57/><G124/><T18/><D126/><U84/><E28/><V4/><F119/><W26/><G66/><T101/><D121/><U102/><E102/><V58/><F69/><W71/><G71/><T48/><D130/><U60/><E111/><V8/><F58/><W62/><G132/><T81/><D106/><U85/><E67/><V34/><F34/><W65/><G65/><T131/><D131/><U70/><E134/><V2/><F9/><W75/><G75/><T41/><D81/><U135/><E122/><V110/><F110/><W53/><G53/><T27/><D27/><U73/><E73/><V133/><F133/><W23/><G23/><T59/><D59/><U19/><E19/><V76/><REACH who="2" step="1"/><F45/><REACH who="2" ten="219,270,144,357" step="2"/><W31/><G11/><T74/><D47/><U95/><E135/><V91/><F91/><W36/><G10/><T55/><D115/><U80/><E116/><V40/><AGARI ba="0,1" hai="2,4,8,40,44,50,76,78,79,82,83,93,96,100" machi="40" ten="30,7900,0" yaku="1,1,0,1,52,1,53,1" doraHai="39" doraHaiUra="35" who="2" fromWho="2" sc="219,-20,270,-20,144,89,357,-39" owari="199,-30.1,250,5.0,233,-16.7,318,41.8" /></mjloggm>