<mjloggm ver="2.3"><GO type="225" lobby="0"/><UN n0="%33%73%74%72%69%6B%65%73" n1="%E6%98%93%E5%88%A9%E8%96%A9%E4%BC%AF" n2="%73%6C%69%63%6B%33%31%39" n3="%E8%BE%9B%E5%8F%A3%E3%82%AB%E3%83%AC%E3%83%BC%E3%83%A9%E3%82%A4%E3%82%B9" dan="16,16,17,16" rate="2105.81,2135.71,2161.80,2130.15" sx="M,F,M,M"/><TAIKYOKU oya="0"/><INIT seed="0,0,0,0,5,82" ten="250,250,250,250" oya="0" hai0="133,2,13,28,115,1,52,54,102,134,9,57,7" hai1="78,89,91,33,56,76,63,18,125,68,128,126,72" hai2="131,53,113,11,75,94,118,109,87,67,41,103,37" hai3="124,98,104,121,77,64,88,117,21,8,47,93,85"/><T32/><D115/><U3/><E68/><V50/><F113/><W120/><G117/><T23/><D102/><U45/><E33/><V62/><F75/><W112/><G112/><T22/><D54/><U70/><E70/><V107/><F107/><W25/><G124/><N who="1" m="47722" /><E3/><N who="0" m="1033" /><D52/><N who="1" m="34183" /><E128/><V29/><F131/><W55/><G64/><T119/><D57/><U129/><E129/><V71/><F118/><W43/><G8/><T14/><D119/><U99/><E72/><V86/><F29/><W83/><G55/><T108/><D108/><U31/><E31/><V59/><F109/><W34/><G34/><T110/><D110/><U73/><E18/><V20/><F11/><W84/><G104/><T36/><D36/><U81/><E78/><V16/><F94/><W95/><G21/><N who="0" m="7691" /><D13/><U69/><E69/><V92/><F92/><W66/><G25/><AGARI ba="0,0" hai="7,9,14,25,28,32,133,134" m="7691,1033" machi="25" ten="30,2900,0" yaku="34,2" doraHai="82" who="0" fromWho="3" sc="250,29,250,0,250,0,250,-29" /><INIT seed="0,1,0,4,5,135" ten="279,250,250,221" oya="0" hai0="44,127,35,41,114,29,104,133,119,73,126,32,63" hai1="67,93,21,76,75,24,61,0,45,13,36,101,122" hai2="131,113,46,79,120,64,23,103,97,91,55,134,43" hai3="107,53,25,111,106,70,99,39,77,11,33,20,31"/><T85/><D133/><U9/><E122/><V92/><F113/><W87/><G39/><N who="0" m="21567" /><D114/><U51/><E0/><V102/><F120/><W94/><G111/><T74/><D119/><U129/><E36/><V28/><F134/><W4/><G70/><T62/><D85/><U34/><E34/><N who="0" m="12841" /><D29/><U54/><E129/><V17/><F131/><W115/><G115/><T10/><D10/><U69/><E75/><N who="0" m="28681" /><D104/><U121/><E76/><V117/><F117/><W80/><G53/><T12/><D12/><U86/><E121/><V22/><F79/><W123/><G123/><T90/><D90/><U58/><E86/><V82/><F55/><W18/><G33/><T50/><D50/><U105/><E93/><V48/><F64/><W1/><REACH who="3" step="1"/><G31/><REACH who="3" ten="279,250,250,211" step="2"/><T130/><D130/><U68/><E68/><V57/><F28/><W7/><G7/><T116/><D116/><U47/><E69/><V59/><F17/><W109/><G109/><T26/><D62/><U56/><E61/><V81/><F43/><W30/><G30/><T8/><D63/><U89/><E54/><V5/><F5/><W2/><G2/><T83/><D83/><U37/><E37/><V132/><F132/><W49/><G49/><T96/><D26/><U66/><E24/><V72/><F82/><W6/><G6/><T27/><D27/><U112/><E51/><V128/><F128/><W108/><G108/><T124/><D8/><U98/><E9/><V42/><F81/><W88/><AGARI ba="1,1" hai="1,4,11,18,20,25,77,80,87,88,94,99,106,107" machi="88" ten="20,8000,1" yaku="1,1,0,1,7,1,54,1,53,1" doraHai="135" doraHaiUra="95" who="3" fromWho="3" sc="279,-41,250,-21,250,-21,211,93" /><INIT seed="1,0,0,5,3,5" ten="238,229,229,304" oya="1" hai0="128,122,54,36,99,42,126,93,59,71,116,89,34" hai1="132,79,64,77,39,9,73,133,18,56,106,3,68" hai2="32,10,121,95,109,16,45,130,134,25,7,74,24" hai3="0,103,111,30,91,22,86,50,87,37,35,12,49"/><U15/><E106/><V66/><F121/><W78/><G37/><T131/><D116/><U101/><E68/><V82/><F109/><W135/><G0/><T60/><D122/><U118/><E101/><V67/><F32/><W21/><G111/><T119/><D119/><U29/><E39/><V11/><F74/><W69/><G69/><T62/><D34/><U92/><E118/><V114/><F130/><N who="0" m="49706" /><D126/><U76/><E73/><V72/><F134/><N who="1" m="51817" /><E29/><V4/><F114/><W112/><G112/><T6/><D6/><N who="2" m="2090" /><F72/><W65/><G65/><N who="2" m="24585" /><F82/><N who="3" m="47447" /><G35/><T123/><D123/><U83/><E83/><V124/><F124/><W52/><G103/><T120/><D120/><U2/><E92/><V28/><F28/><W43/><G135/><T55/><D71/><U57/><E64/><V88/><F45/><N who="3" m="25791" /><G30/><T100/><D100/><U102/><E102/><V40/><F40/><W63/><G63/><N who="0" m="24107" /><D59/><AGARI ba="0,0" hai="2,3,9,15,18,56,57,59,76,77,79" m="51817" machi="59" ten="30,2900,0" yaku="20,1,52,1" doraHai="5" who="1" fromWho="0" sc="238,-29,229,29,229,0,304,0" /><INIT seed="1,1,0,5,5,95" ten="209,258,229,304" oya="1" hai0="114,60,82,92,120,35,83,5,30,84,80,129,99" hai1="106,65,45,81,7,23,44,31,88,11,128,104,63" hai2="91,26,98,122,6,69,103,78,28,13,16,10,20" hai3="14,19,71,94,9,47,86,57,97,37,48,59,89"/><U64/><E128/><V116/><F116/><W74/><G74/><T85/><D129/><U124/><E124/><V75/><F122/><W96/><G71/><T111/><D120/><U53/><E65/><V108/><F108/><W77/><G37/><T12/><D114/><U24/><E104/><V54/><F69/><W109/><G109/><T18/><D111/><U52/><E106/><V66/><F66/><W93/><G77/><T132/><D132/><U67/><E44/><V126/><F126/><W39/><G39/><T112/><D5/><U29/><E29/><V110/><F110/><W27/><G27/><T87/><D60/><U105/><E105/><V62/><F103/><N who="3" m="60815" /><G86/><T17/><D112/><U2/><E45/><V8/><F75/><W135/><G135/><T38/><D38/><U42/><E42/><AGARI ba="1,0" hai="9,14,19,42,47,48,57,59,89,94,97" m="60815" machi="42" ten="30,3900,0" yaku="8,1,52,2" doraHai="95" who="3" fromWho="1" sc="209,0,258,-42,229,0,304,42" /><INIT seed="2,0,0,1,0,17" ten="209,216,229,346" oya="2" hai0="86,51,37,119,6,4,22,14,41,55,39,114,42" hai1="9,89,84,31,54,124,113,105,110,8,123,5,62" hai2="129,46,48,76,29,67,33,91,95,23,120,122,109" hai3="107,108,116,117,13,28,57,3,92,106,126,93,88"/><V73/><F33/><W103/><G3/><T56/><D114/><U36/><E113/><V44/><F129/><W101/><G13/><T34/><D34/><U60/><E36/><V24/><F109/><W30/><G57/><T12/><D119/><N who="3" m="45641" /><G108/><T47/><D86/><U98/><E124/><V11/><F67/><W99/><G28/><T71/><D71/><U79/><E110/><V18/><F73/><W20/><G20/><T135/><D135/><U61/><E31/><V68/><F68/><W26/><G26/><T97/><D97/><U32/><E32/><V59/><F76/><W75/><G30/><T27/><D14/><U118/><E123/><V19/><F122/><W100/><G126/><T94/><D94/><U25/><E25/><V96/><F120/><W45/><G45/><N who="2" m="17513" /><F11/><W90/><G75/><T115/><D115/><U72/><E9/><V128/><F128/><W130/><G130/><T77/><D39/><U53/><E118/><V78/><F78/><W2/><G2/><T134/><D77/><U38/><E79/><V15/><F15/><W133/><G133/><T112/><D134/><U111/><E38/><V50/><F50/><W132/><G132/><T49/><D112/><U58/><E72/><V87/><F87/><AGARI ba="0,0" hai="87,88,90,92,93,99,100,101,103,106,107" m="45641" machi="87" ten="30,3900,0" yaku="34,2,54,1" doraHai="17" who="3" fromWho="2" sc="209,0,216,0,229,-39,346,39" /><INIT seed="3,0,0,4,5,38" ten="209,216,190,385" oya="3" hai0="123,59,5,124,2,97,18,102,103,25,14,106,104" hai1="119,110,73,24,86,16,69,94,10,47,113,115,77" hai2="70,66,105,57,114,132,126,65,39,11,134,36,75" hai3="0,40,49,63,130,121,82,120,13,26,117,84,99"/><W128/><G0/><T35/><D123/><U34/><E69/><V33/><F105/><W6/><G117/><T111/><D111/><U101/><E110/><V7/><F114/><W90/><G26/><T71/><D71/><U21/><E34/><V109/><F109/><W27/><G27/><T12/><D124/><U91/><E101/><V81/><F33/><W92/><G63/><T107/><D59/><U87/><E73/><V8/><F57/><W17/><G40/><T45/><D45/><U74/><E74/><V28/><F28/><W108/><G49/><T125/><D125/><U4/><E119/><V9/><F7/><W20/><G6/><T46/><D46/><U62/><E62/><V64/><F70/><W133/><G133/><N who="2" m="51305" /><F126/><W112/><G112/><T60/><D60/><U22/><E47/><V54/><F54/><W48/><G48/><T96/><D107/><U129/><E129/><N who="3" m="49770" /><G108/><T88/><D35/><U67/><E67/><N who="2" m="17155" /><V93/><DORA hai="3" /><F93/><W42/><G42/><T98/><D5/><U51/><E4/><V32/><F32/><W127/><G127/><T76/><D2/><U19/><E115/><V30/><F30/><W116/><G116/><T37/><D37/><N who="2" m="14410" /><F75/><W79/><AGARI ba="0,0" hai="13,17,20,79,82,84,90,92,99,120,121" m="49770" machi="79" ten="30,1500,0" yaku="19,1" doraHai="38,3" who="3" fromWho="3" sc="209,-5,216,-5,190,-5,385,15" owari="204,-19.6,211,1.1,185,-31.5,400,50.0" /></mjloggm>