<mjloggm ver="2.3"><GO type="225" lobby="0"/><UN n0="%E6%BC%AB%E6%89%8D%E9%BA%BB%E5%B0%86%E5%91%86%E5%91%86" n1="%E3%81%82%E3%81%B9%E3%81%99%E3%81%91" n2="%6D%75%75%6D%75%72%61" n3="%E9%80%9F%E6%B0%B4%E5%87%9B%E9%A6%99" dan="16,16,17,16" rate="2106.31,2113.23,2181.42,2136.18" sx="F,M,F,F"/><TAIKYOKU oya="0"/><INIT seed="0,0,0,1,1,17" ten="250,250,250,250" oya="0" hai0="35,135,108,125,65,101,7,14,44,46,57,88,18" hai1="62,73,38,80,12,104,23,5,116,66,106,72,36" hai2="41,91,51,30,42,64,6,83,19,20,94,129,32" hai3="10,49,107,100,52,113,56,61,131,132,77,74,99"/><T115/><D135/><U85/><E116/><V102/><F129/><W105/><G113/><T60/><D115/><U79/><E106/><V114/><F114/><W27/><G131/><T4/><D35/><U81/><E104/><V119/><F119/><W89/><G132/><T13/><D101/><U43/><E43/><V54/><F6/><N who="0" m="2090" /><D125/><U24/><E12/><N who="0" m="4713" /><D108/><U16/><E5/><V111/><F111/><W58/><G10/><T112/><D112/><U76/><E85/><N who="2" m="50623" /><F32/><W90/><G107/><T124/><D124/><U126/><E126/><V68/><F68/><AGARI ba="0,0" hai="16,23,24,36,38,62,66,68,72,73,76,79,80,81" machi="68" ten="30,7700,0" yaku="7,1,9,1,52,1,54,1" doraHai="17" who="1" fromWho="2" sc="250,0,250,77,250,-77,250,0" /><INIT seed="1,0,0,3,4,4" ten="250,327,173,250" oya="1" hai0="75,14,129,89,38,73,8,128,44,32,31,87,84" hai1="50,51,113,47,22,59,102,56,39,115,116,80,127" hai2="9,121,62,57,68,126,118,108,3,11,60,105,21" hai3="95,2,52,79,6,131,103,69,33,13,77,125,0"/><U67/><E80/><V106/><F118/><W132/><G69/><T76/><D31/><U98/><E116/><V54/><F121/><W37/><G37/><T15/><D32/><U90/><E127/><V5/><F126/><W71/><G71/><T78/><D38/><U101/><E39/><V120/><F120/><W92/><G33/><T30/><D30/><U109/><E90/><V42/><F108/><W123/><G123/><T97/><D44/><U86/><E86/><V122/><F122/><W133/><G125/><T25/><D25/><U46/><E22/><V70/><F42/><W28/><G28/><T48/><D48/><U114/><E67/><V96/><F21/><W45/><G103/><T36/><D36/><U130/><E130/><V107/><F96/><W93/><G131/><T49/><D49/><U12/><E109/><V40/><F40/><W43/><G43/><T124/><D124/><U41/><E46/><V16/><REACH who="2" step="1"/><F62/><REACH who="2" ten="250,327,163,250" step="2"/><W100/><G100/><T104/><D97/><U53/><E41/><V99/><F99/><W29/><G133/><T63/><D63/><U55/><E98/><V23/><F23/><W34/><G132/><T88/><D104/><U58/><E102/><V112/><F112/><W81/><G34/><T24/><D24/><U26/><E101/><V85/><F85/><W7/><G29/><T10/><AGARI ba="0,1" hai="8,10,14,15,73,75,76,78,84,87,88,89,128,129" machi="10" ten="25,12000,2" yaku="0,1,22,2,52,2,54,1" doraHai="4" who="0" fromWho="0" sc="250,130,327,-60,163,-30,250,-30" /><INIT seed="2,0,0,1,4,109" ten="380,267,133,220" oya="2" hai0="99,26,69,101,2,29,132,108,46,76,31,114,86" hai1="42,79,67,94,7,77,118,51,129,6,52,131,1" hai2="133,106,58,24,8,122,92,65,66,63,44,117,37" hai3="47,54,23,61,60,112,50,135,14,4,57,90,87"/><V70/><F106/><W41/><G135/><T84/><D132/><U45/><E118/><V116/><F133/><W126/><G126/><T21/><D108/><U113/><E113/><V107/><F107/><W120/><G120/><T39/><D114/><U27/><E67/><V13/><F122/><W68/><G68/><T38/><D2/><U85/><E27/><V103/><F24/><W71/><G71/><T0/><D0/><U48/><E94/><V95/><F70/><W110/><G110/><T19/><D39/><U93/><E93/><V102/><F66/><W121/><G121/><T53/><D69/><U89/><E89/><V128/><F128/><N who="1" m="49225" /><E85/><V22/><F22/><W97/><G97/><T20/><D31/><U15/><E15/><V104/><F95/><W119/><G119/><T96/><D101/><U78/><E1/><V10/><F92/><W115/><G61/><T18/><D29/><U59/><AGARI ba="0,0" hai="6,7,42,45,48,51,52,59,77,78,79" m="49225" machi="59" ten="30,2000,0" yaku="19,1,54,1" doraHai="109" who="1" fromWho="1" sc="380,-5,267,20,133,-10,220,-5" /><INIT seed="3,0,0,1,3,74" ten="375,287,123,215" oya="3" hai0="115,116,102,46,41,23,9,79,28,11,91,29,131" hai1="90,10,36,126,108,18,12,22,0,14,93,103,112" hai2="88,111,13,7,83,52,48,27,33,128,32,87,119" hai3="73,105,122,2,113,3,118,69,101,45,44,1,94"/><W58/><G122/><T65/><D116/><U129/><E108/><V70/><F119/><W104/><G118/><T39/><D131/><U55/><E36/><V97/><F128/><W76/><G69/><T35/><D35/><U43/><E43/><V59/><F70/><W89/><G113/><T86/><D102/><U106/><E0/><V78/><F111/><W60/><G101/><T34/><D34/><U15/><E112/><V37/><F37/><W19/><G19/><T81/><D65/><U20/><E126/><V21/><F7/><W6/><G6/><T130/><D115/><U121/><E121/><V132/><F132/><W53/><G105/><T107/><D107/><U125/><E125/><V57/><F13/><W68/><G104/><T127/><D28/><U54/><E15/><V63/><F33/><W100/><G100/><T135/><D135/><U120/><E103/><V72/><F32/><W62/><G62/><T25/><D130/><U50/><E106/><V71/><F71/><W8/><G8/><T47/><D47/><N who="1" m="27999" /><E120/><V114/><F114/><W5/><G5/><T82/><D127/><U31/><E31/><N who="2" m="17903" /><F72/><AGARI ba="0,0" hai="9,11,23,25,29,39,41,46,72,79,81,82,86,91" machi="72" ten="30,2000,0" yaku="7,1,52,1" doraHai="74" who="0" fromWho="2" sc="375,20,287,0,123,-20,215,0" owari="395,49.5,287,8.7,103,-39.7,215,-18.5" /></mjloggm>