<mjloggm ver="2.3"><GO type="225" lobby="0"/><UN n0="%E5%A4%96%E5%B7%9D%E7%AB%9C%E6%88%90" n1="%E5%B8%86%E7%AB%8B%E5%A4%8F%E8%A1%A3" n2="%E9%B3%B3%E6%9D%B1%E3%81%AE%E3%81%86%E3%81%95%E3%81%8E%E3%81%95%E3%82%93" n3="%E3%81%82%E3%83%BC%E3%81%97" dan="16,17,16,16" rate="2084.91,2190.06,2154.84,2083.78" sx="M,M,M,M"/><TAIKYOKU oya="0"/><INIT seed="0,0,0,5,3,116" ten="250,250,250,250" oya="0" hai0="22,70,105,0,44,108,58,32,7,29,78,130,119" hai1="114,124,107,113,52,10,93,96,91,5,4,86,42" hai2="82,99,47,111,16,2,51,39,126,63,69,106,64" hai3="97,129,24,110,25,72,20,8,43,92,88,19,12"/><T121/><D58/><U17/><E42/><V98/><F2/><W66/><G72/><T83/><D22/><U81/><E107/><V94/><F111/><W59/><G110/><T9/><D108/><U85/><E124/><V120/><F126/><W54/><G129/><T57/><D57/><U48/><E114/><V123/><F39/><W18/><G66/><T50/><D119/><U109/><E109/><V36/><F36/><W62/><G43/><T117/><D117/><U112/><E112/><V13/><F106/><W122/><G25/><T100/><D50/><U103/><E86/><V84/><F98/><W118/><G118/><T33/><D44/><N who="1" m="27655" /><E113/><V46/><F46/><W14/><G14/><AGARI ba="0,0" hai="4,5,10,14,17,81,85,91,93,96,103" m="27655" machi="14" ten="30,3900,0" yaku="25,1,8,1,54,1" doraHai="116" who="1" fromWho="3" sc="250,0,250,39,250,0,250,-39" /><INIT seed="1,0,0,3,1,108" ten="250,289,250,211" oya="1" hai0="9,86,58,17,116,82,44,14,69,38,75,28,115" hai1="43,27,62,46,129,0,8,132,104,87,63,32,103" hai2="55,121,31,105,126,19,15,67,68,12,4,26,37" hai3="35,85,54,41,117,47,29,128,72,6,134,3,21"/><U34/><E87/><V81/><F121/><W70/><G117/><T52/><D116/><U2/><E63/><V36/><F105/><W64/><G72/><T13/><D69/><U135/><E62/><V125/><F68/><W39/><G134/><N who="1" m="51242" /><E129/><V60/><F4/><W78/><G128/><T119/><D75/><U22/><E103/><V133/><F133/><W23/><G35/><N who="1" m="13354" /><E104/><V101/><F101/><W50/><G29/><T11/><D28/><N who="1" m="17527" /><E46/><V98/><F98/><W124/><G64/><T79/><D119/><U45/><E8/><V66/><F60/><W118/><G70/><T57/><D38/><AGARI ba="0,0" hai="0,2,38,43,45" m="17527,13354,51242" machi="38" ten="30,1500,0" yaku="20,1" doraHai="108" who="1" fromWho="0" sc="250,-15,289,15,250,0,211,0" /><INIT seed="1,1,0,3,0,7" ten="235,304,250,211" oya="1" hai0="80,20,10,46,82,31,124,33,85,94,58,104,5" hai1="126,41,99,11,27,47,77,54,52,3,97,49,25" hai2="55,53,24,28,71,67,56,4,66,134,76,59,118" hai3="64,74,100,88,122,115,35,44,95,43,87,0,32"/><U48/><E126/><V14/><F118/><W112/><G0/><T90/><D104/><U133/><E133/><V13/><F134/><W18/><G122/><T119/><D119/><U81/><E3/><V69/><F4/><W1/><G74/><T110/><D110/><U108/><E11/><V132/><F132/><W125/><G125/><T9/><D33/><U121/><E121/><V91/><F24/><N who="1" m="9289" /><E108/><V98/><F91/><W131/><G131/><T40/><D124/><U127/><E127/><V26/><F26/><W57/><G100/><T73/><D20/><U111/><E111/><V34/><F34/><W62/><G1/><T78/><D31/><U96/><E49/><V30/><REACH who="2" step="1"/><F98/><REACH who="2" ten="235,304,240,211" step="2"/><W63/><G35/><T6/><D6/><U8/><E97/><V83/><F83/><W129/><G32/><T37/><D82/><U93/><E99/><V105/><F105/><W84/><G129/><T117/><D117/><U19/><E81/><V106/><F106/><W17/><G115/><T130/><D5/><U86/><E77/><AGARI ba="1,1" hai="13,14,28,30,53,55,56,59,66,67,69,71,76,77" machi="77" ten="25,8000,1" yaku="1,1,22,2,53,2" doraHai="7" doraHaiUra="75" who="2" fromWho="1" sc="235,0,304,-83,240,93,211,0" /><INIT seed="2,0,0,0,1,37" ten="235,221,333,211" oya="2" hai0="12,32,107,115,126,11,129,119,116,22,21,9,67" hai1="49,8,52,16,76,106,101,88,40,94,131,51,1" hai2="104,100,105,34,45,133,35,18,48,127,71,64,102" hai3="26,10,132,30,95,82,123,87,31,44,59,61,92"/><V121/><F121/><W110/><G123/><T3/><D107/><U125/><E125/><V103/><F127/><W47/><G110/><T7/><D126/><U4/><E131/><V33/><F133/><W91/><G132/><T84/><D67/><U69/><E69/><V68/><F18/><W89/><G10/><T14/><D84/><U70/><E70/><V80/><F80/><W27/><G82/><T39/><D39/><U90/><E76/><V73/><F73/><W83/><G83/><T24/><D115/><U17/><E106/><V120/><F120/><W55/><G27/><T29/><D129/><U86/><E101/><V85/><F85/><W111/><G111/><T20/><D3/><U122/><E90/><V113/><F113/><W97/><REACH who="3" step="1"/><G31/><REACH who="3" ten="235,221,333,201" step="2"/><T54/><REACH who="0" step="1"/><D54/><REACH who="0" ten="225,221,333,201" step="2"/><U15/><E122/><V135/><F105/><W117/><G117/><T128/><D128/><U74/><E74/><V93/><F104/><W109/><G109/><T65/><D65/><U118/><E118/><V2/><F64/><W25/><G25/><T112/><D112/><U57/><E1/><V108/><F2/><W19/><G19/><AGARI ba="0,2" hai="7,9,11,12,14,19,20,21,22,24,29,32,116,119" machi="19" ten="40,8000,1" yaku="1,1,34,3,53,0" doraHai="37" doraHaiUra="60" who="0" fromWho="3" sc="225,100,221,0,333,0,201,-80" /><INIT seed="3,0,0,3,2,21" ten="325,221,333,121" oya="3" hai0="66,36,16,95,12,0,79,22,88,67,83,87,133" hai1="103,101,110,42,44,126,129,97,78,80,131,28,121" hai2="7,37,14,60,20,59,74,56,75,72,65,30,116" hai3="19,49,98,34,53,113,82,117,4,85,48,81,18"/><W35/><G117/><T91/><D36/><N who="1" m="21575" /><E28/><V132/><F116/><W51/><G113/><T5/><D133/><U71/><E71/><V43/><F132/><W134/><G4/><T9/><REACH who="0" step="1"/><D88/><REACH who="0" ten="315,221,333,121" step="2"/><U52/><E121/><V90/><F37/><W29/><G134/><T50/><D50/><U41/><E41/><V24/><F43/><W45/><G98/><AGARI ba="0,1" hai="0,5,9,12,16,22,66,67,79,83,87,91,95,98" machi="98" ten="30,7700,0" yaku="1,1,7,1,54,1,53,1" doraHai="21" doraHaiUra="32" who="0" fromWho="3" sc="315,87,221,0,333,0,121,-77" owari="402,50.2,221,-17.9,333,13.3,44,-45.6" /></mjloggm>