<mjloggm ver="2.3"><GO type="225" lobby="0"/><UN n0="%E9%BB%99%E8%81%B4%E3%81%AE%E3%81%99%E3%82%9D%E3%82%81" n1="%E5%B8%86%E7%AB%8B%E5%A4%8F%E8%A1%A3" n2="%E7%AB%8B%E7%9B%B4%E5%A5%BD%E6%A3%92%40%E5%BF%98" n3="%E7%89%B9%E6%9D%B1%E3%81%AF%E4%B8%96%E7%95%8C%E3%82%92%E6%95%91%E3%81%86" dan="16,17,17,16" rate="2151.44,2178.18,2116.95,2122.71" sx="M,M,M,M"/><TAIKYOKU oya="0"/><INIT seed="0,0,0,1,5,96" ten="250,250,250,250" oya="0" hai0="105,86,99,115,89,91,133,132,121,113,37,70,109" hai1="90,17,20,47,27,73,95,13,125,65,129,33,82" hai2="6,7,63,12,10,119,43,78,94,130,24,1,67" hai3="57,2,38,71,76,103,79,41,54,21,15,28,35"/><T68/><D37/><U11/><E125/><V26/><F130/><W53/><G2/><T32/><D32/><U0/><E129/><V69/><F119/><W85/><G71/><T72/><D68/><U48/><E65/><V97/><F78/><W112/><G35/><T52/><D70/><U92/><E0/><V100/><F43/><W104/><G53/><T106/><D52/><U22/><E33/><V4/><REACH who="2" step="1"/><F1/><REACH who="2" ten="250,250,240,250" step="2"/><W50/><G79/><T51/><D115/><U80/><E73/><V61/><F61/><W135/><G76/><T62/><D62/><U116/><E116/><V77/><F77/><W110/><G41/><T14/><D113/><U55/><E22/><V131/><F131/><W9/><G21/><T36/><D72/><U118/><E118/><V126/><F126/><W127/><G112/><T83/><D132/><U93/><REACH who="1" step="1"/><E90/><REACH who="1" ten="250,240,240,250" step="2"/><V39/><F39/><W58/><G38/><T18/><D36/><U134/><E134/><V3/><F3/><W98/><G135/><T88/><D133/><U108/><E108/><V122/><F122/><W120/><G110/><T75/><D75/><U66/><E66/><V111/><F111/><W64/><G120/><T46/><D109/><U16/><AGARI ba="0,2" hai="11,13,16,17,20,27,47,48,55,80,82,92,93,95" machi="16" ten="30,8000,1" yaku="1,1,0,1,8,1,54,1,53,1" doraHai="96" doraHaiUra="19" who="1" fromWho="1" sc="250,-40,240,100,240,-20,250,-20" /><INIT seed="1,0,0,3,4,36" ten="210,340,220,230" oya="1" hai0="13,38,26,42,43,52,100,73,37,7,70,115,40" hai1="97,6,89,86,107,93,61,56,82,28,78,58,20" hai2="49,79,67,16,64,66,128,24,39,113,84,23,53" hai3="65,27,120,134,50,101,44,77,48,96,8,30,112"/><U80/><E107/><V19/><F39/><W88/><G120/><T92/><D73/><U12/><E6/><V4/><F128/><W104/><G112/><T83/><D70/><U60/><E58/><V87/><F113/><W76/><G134/><T68/><D68/><U126/><E126/><V111/><F111/><W3/><G65/><T1/><D1/><U110/><E110/><V124/><F124/><W21/><G50/><T81/><D38/><U2/><E2/><V118/><F118/><W10/><G88/><T34/><D37/><U95/><E82/><N who="2" m="47199" /><F4/><W99/><G99/><N who="0" m="59495" /><D34/><U91/><E56/><N who="2" m="32815" /><F87/><W11/><REACH who="3" step="1"/><G3/><REACH who="3" ten="210,340,220,220" step="2"/><T17/><D115/><U14/><E61/><V29/><AGARI ba="0,1" hai="16,19,23,24,29,64,66,67" m="32815,47199" machi="29" ten="30,2000,0" yaku="8,1,54,1" doraHai="36" who="2" fromWho="2" sc="210,-5,340,-10,220,30,220,-5" /><INIT seed="2,0,0,1,5,60" ten="205,330,250,215" oya="2" hai0="133,2,72,44,39,24,76,116,102,4,109,79,30" hai1="104,84,120,58,17,98,50,15,119,78,91,66,89" hai2="122,113,88,68,108,43,75,37,55,112,53,51,105" hai3="118,1,106,111,126,32,20,38,124,132,85,13,93"/><V19/><F105/><W26/><G118/><T134/><D116/><U65/><E119/><V11/><F75/><W28/><G106/><T41/><D102/><U46/><E120/><V96/><F122/><W18/><G38/><T35/><D109/><U47/><E104/><V131/><F131/><W8/><G111/><T23/><D23/><U31/><E31/><V81/><F108/><W67/><G67/><N who="1" m="25610" /><E58/><V101/><F68/><W94/><G132/><N who="0" m="50795" /><D72/><U63/><E63/><V69/><F69/><W59/><G59/><T33/><D33/><U100/><E100/><V5/><F37/><W103/><G85/><T77/><D4/><U125/><E125/><N who="3" m="48234" /><G103/><T42/><D42/><N who="1" m="24919" /><E98/><V127/><F96/><W107/><G107/><T92/><D92/><N who="3" m="35433" /><G1/><AGARI ba="0,0" hai="1,2,24,30,35,39,41,44,76,77,79" m="50795" machi="1" ten="30,1000,0" yaku="20,1" doraHai="60" who="0" fromWho="3" sc="205,10,330,0,250,0,215,-10" /><INIT seed="3,0,0,4,5,34" ten="215,330,250,205" oya="3" hai0="12,54,37,101,59,47,85,135,8,110,69,24,46" hai1="114,65,116,57,126,74,129,118,10,40,38,26,1" hai2="79,6,94,66,39,33,90,108,11,56,35,122,2" hai3="127,84,104,130,89,28,22,109,5,102,133,132,36"/><W51/><G36/><T30/><D69/><U121/><E114/><V67/><F108/><W45/><G130/><T44/><D135/><N who="3" m="51785" /><G127/><T86/><D110/><U98/><E121/><V7/><F39/><W64/><G64/><T106/><D101/><U78/><E98/><V48/><F79/><W70/><G70/><T20/><D106/><U42/><E26/><V96/><F122/><W120/><G120/><T123/><D37/><U92/><E92/><V105/><F105/><W115/><G115/><T112/><D112/><U0/><E126/><V4/><F4/><W119/><G5/><N who="0" m="3087" /><D123/><U55/><E65/><V3/><F66/><W77/><G109/><T41/><D41/><U125/><E125/><V61/><F48/><AGARI ba="0,0" hai="20,24,30,44,46,47,48,54,59,85,86" m="3087" machi="48" ten="30,1000,0" yaku="8,1" doraHai="34" who="0" fromWho="2" sc="215,10,330,0,250,-10,205,0" owari="225,-17.5,330,43.0,240,4.0,205,-29.5" /></mjloggm>