<mjloggm ver="2.3"><GO type="225" lobby="0"/><UN n0="%E6%A1%9C%E8%8A%B1%E9%96%83%E3%80%85" n1="%E3%81%AF%E3%82%88%E3%81%8A%E3%81%98%E3%81%95%E3%82%93" n2="%70%68%65%6E%6F%6D%65" n3="%E9%80%9F%E6%B0%B4%E5%87%9B%E9%A6%99" dan="17,16,17,16" rate="2240.81,2167.51,2170.49,2120.18" sx="M,M,M,F"/><TAIKYOKU oya="0"/><INIT seed="0,0,0,3,3,33" ten="250,250,250,250" oya="0" hai0="79,112,66,82,98,134,41,120,12,59,60,117,7" hai1="122,71,65,16,85,75,32,115,14,69,19,49,125" hai2="40,11,93,57,124,119,9,58,72,56,55,135,111" hai3="28,87,83,35,48,23,52,2,81,61,130,0,42"/><T99/><D112/><U51/><E75/><V6/><F72/><W3/><G35/><T64/><D117/><U123/><E32/><V97/><F119/><W114/><G114/><T37/><D120/><U131/><E115/><V104/><F111/><W91/><G130/><T84/><D134/><U67/><E85/><V38/><F104/><W86/><G42/><T126/><D126/><U133/><E14/><V26/><F124/><W128/><G128/><T105/><D105/><U94/><E125/><V108/><F108/><W96/><G96/><N who="0" m="36907" /><D37/><U27/><E131/><V127/><F135/><W62/><G28/><T17/><D41/><U22/><E22/><V47/><F127/><W63/><G23/><N who="0" m="11687" /><D7/><U74/><E74/><V20/><F6/><W80/><G91/><T44/><D44/><AGARI ba="0,0" hai="0,2,3,44,48,52,61,62,63,80,81,83,86,87" machi="44" ten="50,12000,2" yaku="29,2,52,3,54,1" doraHai="33" who="3" fromWho="0" sc="250,-120,250,0,250,0,250,120" /><INIT seed="1,0,0,3,4,45" ten="130,250,250,370" oya="1" hai0="34,37,106,126,46,78,95,7,5,121,44,96,109" hai1="105,43,103,70,36,20,98,49,24,31,14,8,104" hai2="72,23,12,42,28,92,80,108,21,58,30,50,130" hai3="18,73,120,131,100,6,134,86,115,116,107,75,25"/><U68/><E36/><V16/><F108/><W125/><G6/><T84/><D109/><U2/><E104/><V33/><F130/><W1/><G18/><T88/><D34/><U66/><E2/><V94/><F33/><W135/><G25/><T87/><D126/><U40/><E66/><V3/><F3/><W39/><G86/><T15/><D121/><U101/><E103/><V118/><F118/><W111/><G100/><T17/><D106/><U77/><E77/><V56/><F72/><W27/><G27/><T63/><D63/><U22/><E22/><V93/><F80/><W13/><G13/><T35/><D87/><U51/><E43/><V52/><F42/><W133/><G73/><T48/><D44/><U102/><E102/><V38/><F38/><W65/><G65/><T29/><D37/><U0/><E0/><V122/><F122/><W112/><G112/><T64/><D64/><U69/><REACH who="1" step="1"/><E40/><REACH who="1" ten="130,240,250,370" step="2"/><V60/><F23/><W132/><G132/><T110/><D110/><U79/><E79/><V9/><F21/><W124/><G134/><T117/><D35/><U97/><E97/><V114/><F114/><W67/><G135/><T71/><D78/><U47/><E47/><V123/><F123/><W91/><G67/><AGARI ba="0,1" hai="9,12,16,28,30,50,52,56,58,60,67,92,93,94" machi="67" ten="40,8000,1" yaku="8,1,52,1,54,2" doraHai="45" who="2" fromWho="3" sc="130,0,240,0,250,90,370,-80" /><INIT seed="2,0,0,1,4,30" ten="130,240,340,290" oya="2" hai0="80,81,105,116,24,2,33,104,18,106,97,13,48" hai1="96,131,124,22,23,11,37,128,14,83,65,91,117" hai2="126,26,50,57,70,41,114,7,74,78,110,95,12" hai3="89,43,15,6,36,115,88,129,44,120,10,60,54"/><V133/><F70/><W32/><G120/><T87/><D2/><U68/><E117/><V31/><F114/><W90/><G129/><N who="1" m="49738" /><E37/><V111/><F126/><W38/><G115/><T9/><D116/><U67/><E124/><V134/><F78/><W82/><G36/><T20/><D48/><U8/><E8/><N who="2" m="4127" /><F74/><W99/><G32/><T5/><D97/><U71/><E83/><V107/><F107/><W101/><G82/><T119/><D119/><U85/><E85/><V64/><F95/><W51/><G60/><T108/><D108/><N who="2" m="41514" /><F64/><N who="1" m="24649" /><E91/><V35/><F57/><W94/><REACH who="3" step="1"/><G38/><REACH who="3" ten="130,240,340,280" step="2"/><T1/><REACH who="0" step="1"/><D87/><REACH who="0" ten="120,240,340,280" step="2"/><U17/><E96/><V98/><F98/><W93/><G93/><T75/><D75/><U125/><E125/><V122/><F122/><W29/><G29/><AGARI ba="0,2" hai="1,5,9,13,18,20,24,29,33,80,81,104,105,106" machi="29" ten="40,8000,1" yaku="1,1,24,2,52,1,53,1" doraHai="30" doraHaiUra="27" who="0" fromWho="3" sc="120,100,240,0,340,0,280,-80" /><INIT seed="3,0,0,1,3,77" ten="220,240,340,200" oya="3" hai0="12,49,52,93,82,55,0,83,89,3,53,45,50" hai1="135,125,128,40,69,28,63,58,1,134,56,71,2" hai2="59,34,74,107,36,21,46,114,37,6,16,87,104" hai3="30,96,31,132,115,32,62,131,68,79,25,26,10"/><W130/><G79/><T117/><D117/><U65/><E125/><V119/><F74/><W61/><G115/><T54/><D50/><U122/><E122/><V38/><F34/><W18/><G96/><N who="0" m="57391" /><D0/><N who="1" m="107" /><E128/><N who="3" m="49194" /><G68/><N who="1" m="26186" /><E40/><V109/><F109/><W118/><G118/><T41/><D3/><U15/><E28/><N who="3" m="10794" /><G32/><T64/><D64/><U86/><E86/><V5/><F114/><W7/><G7/><T70/><D70/><N who="1" m="42303" /><E15/><V81/><F119/><W20/><G10/><T85/><D55/><U33/><E33/><V60/><F104/><W35/><G132/><AGARI ba="0,0" hai="56,58,132,134,135" m="42303,26186,107" machi="132" ten="40,1300,0" yaku="20,1" doraHai="77" who="1" fromWho="3" sc="220,0,240,13,340,0,200,-13" owari="220,-18.0,253,5.3,340,44.0,187,-31.3" /></mjloggm>