<mjloggm ver="2.3"><GO type="225" lobby="0"/><UN n0="%E3%81%A8%E3%82%93%E3%81%A8%E3%81%93%E3%81%A8%E3%82%93" n1="%E7%99%BD%E6%97%A5%E9%9B%AA%E8%8F%9C" n2="%E3%83%97%E3%83%AC%E3%83%B4%E3%82%A1%E3%83%86%E3%82%A3" n3="%E3%82%BC%E3%83%AB%E3%83%80%E3%81%AE%E4%BC%9D%E8%AA%AC" dan="16,16,16,17" rate="2112.42,2142.73,2122.27,2147.98" sx="F,M,F,M"/><TAIKYOKU oya="0"/><INIT seed="0,0,0,2,5,11" ten="250,250,250,250" oya="0" hai0="12,56,46,43,115,85,29,74,51,9,99,37,120" hai1="23,54,44,108,102,72,5,80,123,26,45,35,90" hai2="57,86,30,127,71,92,47,19,33,73,2,118,83" hai3="60,40,121,103,13,68,59,112,100,53,129,52,1"/><T42/><D74/><U111/><E123/><V15/><F118/><W81/><G1/><T130/><D115/><U48/><E35/><V18/><F2/><W66/><G112/><T22/><D120/><U135/><E135/><V89/><F71/><W50/><G121/><T27/><D130/><U104/><E5/><V0/><F0/><W39/><G129/><T119/><D119/><U87/><E72/><V49/><F127/><W94/><G94/><T88/><D99/><U20/><E44/><V25/><F57/><W6/><G81/><N who="0" m="49199" /><D37/><U63/><E63/><V64/><F64/><W28/><G28/><T79/><D79/><U41/><E41/><V96/><F73/><W70/><G70/><T14/><D42/><U124/><E124/><V32/><F32/><W76/><G76/><T125/><D125/><U106/><E20/><V61/><F61/><W78/><G78/><T82/><D82/><U110/><REACH who="1" step="1"/><E102/><REACH who="1" ten="250,240,250,250" step="2"/><V17/><F47/><N who="3" m="23967" /><G53/><T101/><D101/><U65/><E65/><V62/><F62/><W98/><G103/><T7/><D56/><U113/><E113/><V116/><F116/><W91/><G100/><T84/><D7/><U3/><E3/><V95/><F49/><W75/><G75/><T93/><D9/><U126/><E126/><V38/><F38/><W134/><G134/><T131/><D131/><U117/><E117/><V55/><F55/><W107/><G6/><T132/><D132/><U24/><E24/><V31/><F33/><W133/><G133/><T36/><D36/><U122/><E122/><V21/><F25/><W8/><G59/><RYUUKYOKU ba="0,1" sc="250,15,240,15,250,-15,250,-15" hai0="12,14,22,27,29,43,46,51,84,93" hai1="23,26,45,48,54,80,87,90,104,106,108,110,111" /><INIT seed="0,1,1,4,4,15" ten="265,255,235,235" oya="0" hai0="90,83,114,93,77,66,20,19,22,24,110,37,87" hai1="109,17,18,97,115,106,41,31,130,38,73,122,68" hai2="64,28,67,36,92,82,102,132,5,56,13,11,58" hai3="34,85,7,127,30,14,89,101,3,105,42,123,95"/><T48/><D37/><U26/><E122/><V80/><F36/><W103/><G123/><T111/><D114/><U49/><E73/><V74/><F132/><W125/><G3/><T86/><D66/><N who="2" m="25130" /><F74/><W46/><G34/><T76/><D76/><U75/><E75/><V134/><F28/><W91/><G30/><T29/><REACH who="0" step="1"/><D48/><REACH who="0" ten="255,255,235,235" step="2"/><U70/><E49/><V54/><F134/><W16/><G125/><T60/><D60/><U126/><E38/><V1/><F1/><W96/><G127/><T65/><D65/><U59/><E115/><V118/><F118/><W63/><G63/><T55/><D55/><U32/><E126/><V33/><F33/><W107/><G42/><T44/><D44/><U98/><E41/><V57/><F54/><W120/><G46/><T4/><D4/><U53/><E53/><V79/><F79/><W131/><G7/><T47/><D47/><U69/><E59/><V121/><F121/><W104/><G120/><T12/><AGARI ba="1,2" hai="12,19,20,22,24,29,77,83,86,87,90,93,110,111" machi="12" ten="30,11700,0" yaku="1,1,0,1,52,1,53,1" doraHai="15" doraHaiUra="21" who="0" fromWho="0" sc="255,140,255,-40,235,-40,235,-40" /><INIT seed="0,2,0,2,3,43" ten="395,215,195,195" oya="0" hai0="60,125,104,76,46,90,113,2,121,0,44,10,108" hai1="79,103,70,123,126,35,135,120,68,61,134,34,41" hai2="29,88,81,52,33,36,86,80,64,94,82,110,132" hai3="27,67,119,59,73,62,116,14,98,71,111,101,84"/><T51/><D113/><U48/><E126/><V89/><F36/><W69/><G111/><T66/><D121/><U109/><E109/><V127/><F110/><W39/><G73/><T21/><D108/><U45/><E79/><V128/><F127/><W58/><G39/><T18/><D125/><U1/><E1/><V96/><F128/><W122/><G122/><T23/><D104/><U91/><E103/><V50/><F132/><N who="1" m="50729" /><E91/><V40/><F40/><W83/><G14/><T124/><D124/><U63/><E35/><V20/><F33/><W16/><G71/><N who="1" m="27178" /><E34/><V114/><F64/><W12/><G27/><T117/><D76/><U24/><E24/><N who="2" m="16519" /><F114/><W26/><G26/><T65/><D90/><U25/><E25/><V106/><F106/><W129/><G129/><T38/><D2/><U11/><E11/><V77/><F77/><W55/><G119/><T99/><D0/><U49/><E49/><V56/><AGARI ba="2,0" hai="50,52,56,80,81,82,86,88,89,94,96" m="16519" machi="56" ten="30,4000,0" yaku="8,1,54,2" doraHai="43" who="2" fromWho="2" sc="395,-22,215,-12,195,46,195,-12" /><INIT seed="1,0,0,1,2,66" ten="373,203,241,183" oya="1" hai0="44,7,100,102,24,30,55,75,10,45,0,120,68" hai1="58,23,114,91,43,77,32,108,121,111,8,9,98" hai2="67,78,42,85,80,60,106,90,47,36,134,124,53" hai3="97,99,18,115,113,70,2,4,46,48,17,123,127"/><U135/><E114/><V96/><F124/><W21/><G123/><T81/><D68/><U56/><E121/><V83/><F134/><W131/><G127/><T109/><D120/><U64/><E32/><V27/><F53/><W122/><G122/><T95/><D109/><N who="1" m="42059" /><E135/><V12/><F12/><W87/><G70/><T22/><D95/><N who="1" m="56703" /><E77/><V50/><F27/><W38/><G38/><T25/><D75/><U63/><E43/><V29/><F29/><W110/><G110/><T52/><D81/><U105/><E105/><V54/><F106/><W88/><G131/><T132/><D132/><U49/><E23/><V130/><F130/><W117/><G117/><T28/><D10/><N who="1" m="4203" /><E49/><V61/><F96/><W5/><G115/><T65/><D22/><U103/><E103/><V72/><REACH who="2" step="1"/><F67/><REACH who="2" ten="373,203,231,183" step="2"/><W3/><G99/><T69/><D65/><U129/><E129/><V40/><F40/><W35/><G97/><T104/><D104/><U1/><E1/><V13/><F13/><W19/><G113/><T133/><D0/><U118/><E118/><V82/><F82/><W125/><G125/><T26/><D133/><U116/><E116/><V33/><F33/><W101/><G35/><T41/><D41/><U126/><E126/><V74/><F74/><W93/><G3/><T128/><D128/><U16/><E16/><N who="3" m="6250" /><G2/><T119/><D119/><U15/><E15/><V107/><F107/><W57/><G101/><T89/><D100/><U76/><E76/><V11/><F11/><W79/><G79/><T84/><D102/><U62/><E64/><V94/><F94/><W92/><G92/><RYUUKYOKU ba="0,1" sc="373,-15,203,15,231,15,183,-15" hai1="56,58,62,63" hai2="36,42,47,50,54,60,61,72,78,80,83,85,90" /><INIT seed="1,1,1,2,5,27" ten="358,218,246,168" oya="1" hai0="91,114,43,11,32,52,45,3,65,37,58,95,106" hai1="94,86,74,115,113,39,71,41,23,19,125,90,100" hai2="103,0,20,51,80,83,93,29,110,1,4,18,64" hai3="5,34,49,15,123,85,128,104,119,13,66,132,79"/><U59/><E71/><V56/><F110/><W57/><G123/><T12/><D114/><U130/><E74/><V97/><F0/><W81/><G104/><T17/><D106/><U44/><E125/><V38/><F38/><W134/><G128/><T76/><D32/><U72/><E72/><V7/><F1/><W55/><G119/><T108/><D108/><U89/><E100/><V10/><F10/><W42/><G66/><T82/><D3/><U9/><E9/><V77/><F51/><N who="3" m="30975" /><G34/><T35/><D35/><U67/><E130/><V101/><F101/><W99/><G99/><T8/><D65/><U61/><REACH who="1" step="1"/><E89/><REACH who="1" ten="358,208,246,168" step="2"/><V126/><F126/><W109/><G109/><T122/><D8/><U87/><E87/><V112/><F112/><W75/><G75/><T24/><D122/><U14/><AGARI ba="1,2" hai="14,19,23,39,41,44,59,61,67,86,90,94,113,115" machi="14" ten="20,7800,0" yaku="1,1,0,1,7,1,53,1" doraHai="27" doraHaiUra="63" who="1" fromWho="1" sc="358,-27,208,101,246,-27,168,-27" /><INIT seed="1,2,0,1,5,7" ten="331,309,219,141" oya="1" hai0="58,48,93,83,112,73,59,104,126,89,49,57,88" hai1="5,125,127,14,33,43,134,39,92,129,55,29,86" hai2="10,115,130,96,82,121,62,8,72,80,20,87,52" hai3="116,67,101,99,46,51,18,24,94,66,79,128,118"/><U26/><E129/><V135/><F121/><W106/><G128/><T110/><D112/><U34/><E34/><V78/><F115/><W31/><G79/><T71/><D104/><U69/><E69/><V117/><F130/><W21/><G106/><T0/><D0/><U32/><E32/><V91/><F117/><W45/><G45/><T84/><D71/><U37/><E134/><V23/><F135/><W17/><G118/><T114/><D114/><U41/><E55/><V131/><F131/><W108/><G108/><T27/><D110/><U107/><E107/><V111/><F111/><W75/><G75/><T6/><D126/><N who="1" m="48139" /><E86/><N who="2" m="50631" /><F72/><W81/><G81/><T76/><D6/><U2/><E2/><V28/><F96/><W95/><G95/><T97/><REACH who="0" step="1"/><D27/><REACH who="0" ten="321,309,219,141" step="2"/><U120/><E120/><V36/><F36/><W133/><G133/><T61/><D61/><U124/><E124/><V50/><F62/><W22/><G116/><T30/><D30/><U1/><E1/><V98/><F28/><W54/><REACH who="3" step="1"/><G31/><REACH who="3" ten="321,309,219,131" step="2"/><T132/><D132/><U70/><E29/><V102/><F102/><W40/><G40/><T100/><D100/><U64/><E43/><V3/><F3/><W63/><G63/><T11/><D11/><N who="2" m="4138" /><F98/><W103/><G103/><T25/><D25/><AGARI ba="2,2" hai="17,18,21,22,24,25,46,51,54,66,67,94,99,101" machi="25" ten="30,7700,0" yaku="1,1,7,1,9,1,8,1,53,0" doraHai="7" doraHaiUra="9" who="3" fromWho="0" sc="321,-83,309,0,219,0,131,103" /><INIT seed="2,0,0,5,4,51" ten="238,309,219,234" oya="2" hai0="38,45,116,126,61,9,115,79,57,54,125,130,58" hai1="60,132,44,15,24,52,129,25,53,23,91,16,13" hai2="14,20,11,104,3,69,80,108,134,1,77,95,135" hai3="31,122,17,88,36,131,37,78,90,128,4,70,5"/><V102/><F69/><W113/><G122/><T84/><D9/><U121/><E121/><V100/><F104/><W8/><G70/><T30/><D30/><U97/><E129/><N who="3" m="49738" /><G113/><T75/><D130/><U93/><E132/><N who="2" m="50731" /><F20/><W111/><G111/><T19/><D75/><U118/><E118/><V39/><F39/><N who="3" m="14923" /><G31/><T18/><D115/><U21/><E44/><V32/><F32/><W89/><G78/><T87/><D116/><U56/><E53/><V12/><F12/><AGARI ba="0,0" hai="4,5,8,12,17,88,89,90" m="14923,49738" machi="12" ten="40,2600,0" yaku="19,1,54,1" doraHai="51" who="3" fromWho="2" sc="238,0,309,0,219,-26,234,26" /><INIT seed="3,0,0,1,1,58" ten="238,309,193,260" oya="3" hai0="64,97,46,6,103,86,12,10,18,52,32,1,65" hai1="72,13,14,19,111,118,3,57,21,117,15,48,91" hai2="42,54,67,36,99,84,17,95,78,40,108,102,60" hai3="131,56,43,50,5,29,59,62,39,45,20,35,28"/><W68/><G131/><T88/><D32/><U34/><E34/><V120/><F108/><W100/><G5/><T76/><D76/><U33/><E33/><V80/><F120/><W106/><G20/><T135/><D135/><U96/><E3/><V49/><F36/><W81/><G81/><N who="0" m="49231" /><D97/><U44/><E72/><V63/><F17/><W128/><G128/><T31/><D103/><U112/><E112/><V125/><F125/><W79/><G79/><T133/><D31/><U74/><E74/><V104/><F104/><W89/><G89/><T25/><D25/><U98/><E111/><V9/><F9/><W109/><G109/><T90/><D90/><U94/><E57/><N who="2" m="32975" /><F67/><N who="0" m="25674" /><D1/><U61/><E98/><V127/><F127/><W24/><G28/><T38/><D38/><U0/><E0/><V69/><F69/><W107/><G39/><T121/><D121/><U75/><E75/><V23/><F23/><W124/><G124/><T41/><D133/><U116/><E61/><AGARI ba="0,0" hai="40,42,60,61,63,78,80,84,95,99,102" m="32975" machi="61" ten="30,7700,0" yaku="8,1,52,3" doraHai="58" who="2" fromWho="1" sc="238,0,309,-77,193,77,260,0" /><INIT seed="4,0,0,3,4,26" ten="238,232,270,260" oya="0" hai0="1,41,79,85,4,107,76,29,23,71,117,53,83" hai1="36,52,112,12,99,42,130,94,87,128,34,44,88" hai2="56,89,6,16,28,123,37,109,111,50,110,122,65" hai3="84,98,15,103,62,40,73,51,106,54,135,100,127"/><T67/><D117/><U116/><E116/><V27/><F37/><W93/><G127/><T33/><D41/><U97/><E34/><V78/><F78/><W72/><G135/><T10/><D107/><U11/><E112/><V134/><F134/><W132/><G132/><T5/><D5/><U118/><E118/><V92/><F6/><W21/><G62/><T115/><D115/><U8/><E52/><V24/><F65/><W60/><G60/><T48/><D33/><U59/><E59/><V55/><F16/><N who="3" m="10399" /><G100/><T66/><D71/><U124/><E124/><V101/><F101/><W17/><G17/><T30/><D76/><U43/><E43/><V68/><F68/><W131/><G131/><N who="1" m="50218" /><E8/><V70/><F70/><W9/><G9/><T119/><D119/><U102/><E102/><V95/><F24/><W126/><G40/><T86/><D85/><U61/><E61/><V108/><N who="2" m="27648" /><DORA hai="47" /><V14/><F14/><W120/><G120/><T45/><REACH who="0" step="1"/><D23/><REACH who="0" ten="228,232,270,260" step="2"/><U129/><N who="1" m="50226" /><U3/><DORA hai="63" /><E3/><V58/><F123/><W90/><G126/><T32/><D32/><U64/><E64/><AGARI ba="0,1" hai="1,4,10,29,30,45,48,53,64,66,67,79,83,86" machi="64" ten="40,24000,3" yaku="1,1,52,6,53,2" doraHai="26,47,63" doraHaiUra="75,46,114" who="0" fromWho="1" sc="228,250,232,-240,270,0,260,0" owari="478,57.8,-8,-50.8,270,7.0,260,-14.0" /></mjloggm>