<mjloggm ver="2.3"><GO type="225" lobby="0"/><UN n0="%E3%81%A8%E3%82%93%E3%81%A8%E3%81%93%E3%81%A8%E3%82%93" n1="%6E%69%63%6F%6E%74%6F" n2="%6D%75%75%6D%75%72%61" n3="%E6%B0%B7%E5%B7%9D%E9%87%8C%E5%A5%88" dan="16,17,17,16" rate="2121.09,2131.28,2220.91,2169.45" sx="M,M,F,F"/><TAIKYOKU oya="0"/><INIT seed="0,0,0,5,5,122" ten="250,250,250,250" oya="0" hai0="89,102,105,18,16,120,129,26,82,39,61,113,56" hai1="85,27,41,32,81,4,58,19,80,45,63,91,124" hai2="79,112,15,62,93,36,51,10,73,40,25,46,123" hai3="59,126,104,117,128,64,21,1,70,38,116,96,11"/><T49/><D39/><U0/><E124/><V118/><F123/><W99/><G59/><T135/><D120/><U44/><E0/><V52/><F112/><W98/><G21/><T7/><D113/><U77/><E4/><V83/><F118/><N who="3" m="45675" /><G96/><T68/><D129/><U24/><E24/><V101/><F25/><W67/><G67/><T6/><D68/><U87/><E32/><V54/><F62/><N who="3" m="40215" /><G98/><T12/><D105/><U65/><REACH who="1" step="1"/><E41/><REACH who="1" ten="250,240,250,250" step="2"/><V5/><F36/><W127/><G38/><T107/><D26/><U131/><E131/><V20/><F40/><W103/><G128/><T9/><D6/><AGARI ba="0,1" hai="1,6,11,99,103,104,126,127" m="40215,45675" machi="6" ten="30,1000,0" yaku="23,1" doraHai="122" who="3" fromWho="0" sc="250,-10,240,0,250,0,250,20" /><INIT seed="1,0,0,3,4,42" ten="240,240,250,270" oya="1" hai0="3,100,65,63,103,9,104,75,106,11,10,98,89" hai1="34,88,12,2,18,108,93,97,82,46,105,78,55" hai2="94,68,84,134,91,126,133,23,92,35,128,37,4" hai3="59,6,15,101,135,36,90,123,54,117,48,31,25"/><U30/><E2/><V95/><F35/><W66/><G123/><T56/><D75/><U41/><E108/><V132/><F68/><W17/><G135/><T79/><D79/><U22/><E55/><V115/><F128/><W119/><G6/><T44/><D89/><U85/><E105/><V14/><F126/><W49/><G36/><T29/><D29/><U53/><E53/><V114/><F37/><W125/><G125/><T118/><D118/><N who="3" m="45065" /><G101/><T16/><D3/><U99/><E99/><BYE who="1" /><V60/><F60/><N who="3" m="38175" /><G90/><T39/><D16/><U127/><E127/><V43/><F43/><W24/><G31/><T7/><D7/><U87/><E87/><V1/><F1/><W73/><G49/><T71/><D71/><U40/><E40/><V110/><F110/><W116/><G73/><T19/><D19/><U74/><E74/><V96/><F23/><N who="3" m="11711" /><G116/><T69/><D69/><U76/><E76/><V72/><F72/><W33/><G33/><T124/><D124/><U61/><E61/><V109/><F109/><W70/><G70/><T45/><D39/><U32/><E32/><V86/><F4/><W52/><G54/><T131/><D131/><U80/><E80/><V0/><F0/><W28/><G28/><T62/><D63/><UN n1="%6E%69%63%6F%6E%74%6F" /><U26/><REACH who="1" step="1"/><E41/><REACH who="1" ten="240,230,250,270" step="2"/><V112/><F84/><W111/><G111/><T13/><D13/><U122/><E122/><V77/><F14/><W51/><G51/><T27/><D27/><U57/><E57/><AGARI ba="0,1" hai="24,25,48,52,57" m="11711,38175,45065" machi="57" ten="30,2000,0" yaku="12,1,54,1" doraHai="42" who="3" fromWho="1" sc="240,0,230,-20,250,0,270,30" /><INIT seed="2,0,0,2,1,134" ten="240,210,250,300" oya="2" hai0="19,45,84,53,20,3,133,88,2,26,72,32,25" hai1="13,55,46,52,131,43,51,31,57,121,129,116,115" hai2="42,97,135,21,130,27,104,103,78,6,90,48,33" hai3="37,10,5,106,74,76,93,114,75,112,58,113,123"/><V101/><F135/><W16/><G106/><T86/><D72/><U92/><E115/><V4/><F33/><W24/><G123/><T126/><D133/><U65/><E116/><V41/><F78/><W128/><G37/><T59/><D45/><U67/><E121/><V8/><F130/><N who="1" m="49673" /><E31/><V85/><F48/><W63/><G128/><T54/><D84/><U125/><E92/><V69/><F69/><W96/><G76/><T122/><D122/><U47/><E13/><V120/><F120/><W117/><G117/><T36/><D36/><N who="1" m="21863" /><E125/><V91/><F103/><W81/><G81/><T83/><D126/><U1/><E1/><V18/><F4/><W11/><G11/><T38/><D38/><U49/><AGARI ba="0,0" hai="47,49,51,52,55,57,65,67" m="21863,49673" machi="49" ten="30,7900,0" yaku="19,1,34,2,54,1" doraHai="134" who="1" fromWho="1" sc="240,-20,210,79,250,-39,300,-20" /><INIT seed="3,0,0,1,1,105" ten="220,289,211,280" oya="3" hai0="97,35,8,78,36,76,86,30,52,63,98,24,64" hai1="89,13,106,113,4,103,28,71,81,127,25,46,17" hai2="26,121,82,57,66,37,135,53,93,84,48,27,112" hai3="111,42,20,132,102,83,95,41,31,129,59,73,128"/><W109/><G132/><T23/><D36/><U100/><E113/><V96/><F112/><W87/><G59/><N who="0" m="36991" /><D35/><U131/><E71/><V75/><F37/><W56/><G56/><T80/><D76/><U14/><E131/><N who="3" m="50250" /><G31/><T55/><D8/><N who="1" m="4231" /><E106/><V2/><F2/><W114/><G20/><T123/><D123/><U0/><E0/><V134/><F121/><W125/><G125/><T39/><D39/><U16/><E46/><V133/><F66/><W101/><G114/><T44/><D44/><U68/><E68/><V11/><F11/><W19/><G19/><N who="1" m="7242" /><E14/><V45/><F45/><W34/><G34/><T107/><D107/><U116/><E116/><V108/><F108/><N who="3" m="41547" /><G41/><T79/><D78/><U62/><E127/><V122/><F122/><W90/><G42/><T33/><D33/><U22/><E62/><V18/><F18/><W3/><G3/><T9/><D9/><U94/><E81/><V60/><F60/><W70/><G70/><T32/><D32/><U118/><E118/><V88/><REACH who="2" step="1"/><F75/><REACH who="2" ten="220,289,201,280" step="2"/><W104/><G104/><T110/><D110/><U65/><E65/><V38/><F38/><W91/><G73/><T40/><D40/><U15/><E15/><V58/><F58/><W77/><G77/><AGARI ba="0,1" hai="26,27,48,53,57,77,82,84,88,93,96,133,134,135" machi="77" ten="40,12000,2" yaku="1,1,20,1,54,1,53,3" doraHai="105" doraHaiUra="130" who="2" fromWho="3" sc="220,0,289,0,201,130,280,-120" owari="220,-18.0,289,8.9,331,43.1,160,-34.0" /></mjloggm>