<mjloggm ver="2.3"><GO type="225" lobby="0"/><UN n0="%E3%83%81%E3%83%AF%E3%83%AF%E9%9A%8A%E9%95%B7" n1="%28%EF%BF%A3%E2%96%BD%EF%BF%A3%29%CE%B4%E2%8C%92%E3%83%BB" n2="%E6%A1%9C%E8%8A%B1%E9%96%83%E3%80%85" n3="%E3%82%A2%E3%83%A1%E3%82%A2%E3%83%A9%E3%83%AC" dan="16,16,16,16" rate="2175.21,2176.04,2157.34,2058.95" sx="M,M,M,M"/><TAIKYOKU oya="0"/><INIT seed="0,0,0,3,4,60" ten="250,250,250,250" oya="0" hai0="78,98,92,82,76,73,66,34,123,83,48,49,35" hai1="110,28,119,44,89,65,37,106,125,19,53,108,0" hai2="4,97,118,9,68,13,70,15,91,20,42,40,124" hai3="1,41,72,74,11,128,95,5,79,17,111,38,18"/><T55/><D123/><U77/><E0/><V115/><F115/><W54/><G111/><N who="1" m="42538" /><E106/><V31/><F124/><W46/><G128/><T58/><D49/><N who="1" m="28839" /><E37/><V116/><F91/><W80/><G72/><T104/><D104/><U14/><E125/><V45/><F97/><W61/><G95/><T8/><D8/><U81/><E28/><V129/><F129/><W12/><G12/><T7/><D7/><U93/><E65/><V16/><F31/><W113/><G113/><T75/><REACH who="0" step="1"/><D66/><REACH who="0" ten="240,250,250,250" step="2"/><U39/><E39/><N who="2" m="21663" /><F42/><W3/><G1/><T71/><D71/><U6/><E6/><V69/><F69/><W135/><G135/><T131/><D131/><U33/><E119/><N who="2" m="45611" /><F70/><W121/><G121/><T87/><D87/><U25/><E33/><V26/><F68/><W94/><G38/><T56/><D56/><U133/><E133/><V107/><F107/><W122/><G122/><T57/><D57/><U120/><E120/><V52/><F52/><W27/><G54/><T30/><D30/><U114/><E114/><V84/><F84/><W47/><G41/><T32/><D32/><U102/><E19/><V105/><F105/><W50/><G18/><T29/><D29/><U2/><E2/><AGARI ba="0,1" hai="2,4,9,13,15,16,20,26" m="45611,21663" machi="2" ten="30,2000,0" yaku="12,1,54,1" doraHai="60" who="2" fromWho="1" sc="240,0,250,-20,250,30,250,0" /><INIT seed="1,0,0,4,1,4" ten="240,230,280,250" oya="1" hai0="58,13,48,56,79,98,88,114,119,42,43,73,66" hai1="95,72,60,32,35,81,90,30,7,46,108,50,8" hai2="40,65,131,62,109,115,52,111,74,78,94,28,102" hai3="2,24,22,51,97,84,91,41,5,86,77,129,93"/><U63/><E108/><N who="2" m="41547" /><F131/><W16/><G129/><T100/><D114/><U14/><E72/><V31/><F40/><W121/><G121/><T117/><D117/><U29/><E81/><N who="2" m="45271" /><F115/><W1/><G77/><T120/><D119/><U126/><E126/><V10/><F10/><W124/><G124/><T49/><D120/><U99/><E35/><V92/><F52/><W69/><G69/><T110/><D110/><U71/><E32/><V61/><F61/><N who="1" m="23625" /><E71/><N who="2" m="42423" /><F102/><W26/><G1/><T113/><D113/><U130/><E130/><V103/><F103/><W21/><G5/><T64/><D100/><U44/><E44/><V104/><F104/><W6/><G6/><T83/><D73/><U80/><E80/><V9/><F9/><W125/><G2/><T55/><D83/><U123/><E123/><V23/><F23/><W53/><G41/><AGARI ba="0,0" hai="7,8,14,29,30,41,46,50,90,95,99" m="23625" machi="41" ten="30,2900,0" yaku="8,1,52,1" doraHai="4" who="1" fromWho="3" sc="240,0,230,29,280,0,250,-29" /><INIT seed="1,1,0,1,0,45" ten="240,259,280,221" oya="1" hai0="94,31,80,115,14,134,62,103,41,5,88,21,10" hai1="106,37,117,51,124,110,49,18,58,78,6,60,102" hai2="56,116,65,77,131,67,26,101,36,119,108,1,120" hai3="61,43,7,0,83,38,64,19,123,90,135,97,107"/><U9/><E37/><V23/><F120/><W53/><G123/><T126/><D115/><U79/><E117/><V132/><F36/><W72/><G135/><T121/><D121/><U63/><E124/><V109/><F132/><W44/><G53/><T127/><D134/><U96/><E63/><N who="2" m="38119" /><F131/><W30/><G19/><T32/><D32/><U66/><E110/><N who="2" m="42603" /><F1/><W69/><G30/><T130/><D130/><U85/><E18/><N who="2" m="12663" /><F77/><N who="3" m="44455" /><G90/><T59/><D127/><U13/><REACH who="1" step="1"/><E85/><REACH who="1" ten="240,249,280,221" step="2"/><V105/><F67/><W118/><G118/><T93/><D126/><U20/><E20/><V74/><F74/><W100/><G7/><T8/><D5/><U24/><E24/><V3/><F3/><AGARI ba="1,1" hai="0,3,38,43,44,61,64,69,97,100,107" m="44455" machi="3" ten="30,2000,0" yaku="33,2" doraHai="45" who="3" fromWho="2" sc="240,0,249,0,280,-23,221,33" /><INIT seed="2,0,0,5,2,16" ten="240,249,257,254" oya="2" hai0="14,5,33,133,79,10,22,126,36,114,108,76,40" hai1="93,63,59,84,112,74,123,100,132,68,94,45,86" hai2="4,101,51,91,31,62,67,58,7,37,17,111,1" hai3="66,44,72,134,69,0,107,2,120,97,98,39,113"/><V56/><F37/><W52/><G120/><T131/><D33/><U26/><E74/><V73/><F73/><W130/><G72/><T87/><D114/><U135/><E68/><V34/><F101/><W41/><G134/><N who="1" m="51242" /><E112/><V35/><F111/><W106/><G130/><T19/><D133/><U78/><E123/><V70/><F70/><W92/><G98/><T118/><D131/><U21/><E45/><V46/><F1/><W12/><G0/><T6/><D108/><U53/><E100/><V90/><F34/><W109/><G2/><T43/><D118/><U127/><E127/><V25/><F17/><W60/><G113/><T9/><D126/><U75/><E75/><V105/><F58/><W81/><G81/><T23/><D36/><U102/><E78/><V11/><F105/><W82/><G82/><T71/><D71/><U116/><E116/><V83/><F11/><W129/><G129/><T57/><D57/><U117/><E117/><V55/><REACH who="2" step="1"/><F83/><REACH who="2" ten="240,249,247,254" step="2"/><W88/><G109/><T104/><D104/><U28/><E102/><V121/><F121/><W54/><G107/><T103/><D103/><U115/><E115/><V128/><F128/><W8/><G106/><T119/><D119/><U77/><E94/><V15/><F15/><W61/><G61/><T49/><D14/><U42/><E93/><V95/><F95/><W13/><G12/><T85/><D19/><AGARI ba="0,1" hai="8,13,19,39,41,44,52,54,60,66,69,88,92,97" machi="19" ten="30,3900,0" yaku="7,1,54,2" doraHai="16" who="3" fromWho="0" sc="240,-39,249,0,247,0,254,49" /><INIT seed="3,0,0,2,3,88" ten="201,249,247,303" oya="3" hai0="123,77,55,58,113,11,82,26,129,40,62,51,8" hai1="12,67,96,33,59,16,131,92,125,135,86,49,44" hai2="63,75,133,116,17,37,89,100,115,54,107,57,98" hai3="3,91,103,13,5,45,20,102,117,74,53,31,43"/><W56/><G117/><T111/><D123/><U47/><E33/><V69/><F115/><W122/><G74/><T114/><D129/><U119/><E131/><V39/><F116/><W130/><G3/><T34/><D111/><U80/><E125/><V1/><F133/><W105/><G105/><T90/><D90/><N who="1" m="55319" /><E135/><V121/><F121/><W36/><G122/><T118/><D118/><U85/><E119/><V32/><F75/><W14/><G91/><T104/><D104/><U28/><E28/><V72/><F72/><W19/><G31/><T38/><D38/><U52/><E67/><V66/><F1/><W68/><G68/><T23/><D34/><U81/><E86/><V99/><F32/><W126/><G126/><T109/><D109/><U101/><E101/><V18/><F39/><W87/><G87/><N who="0" m="48591" /><D114/><U124/><E124/><V108/><F37/><W132/><G130/><T29/><D113/><U73/><E73/><V42/><F42/><W6/><G132/><T46/><AGARI ba="0,0" hai="8,11,23,26,29,40,46,51,55,58,62" m="48591" machi="46" ten="30,1100,0" yaku="8,1" doraHai="88" who="0" fromWho="0" sc="201,11,249,-3,247,-3,303,-5" /><INIT seed="4,0,0,4,2,30" ten="212,246,244,298" oya="0" hai0="94,112,121,40,34,19,10,109,3,4,110,46,74" hai1="87,95,44,100,49,68,26,70,62,115,60,79,54" hai2="119,80,106,77,6,133,22,123,47,91,99,71,45" hai3="118,61,93,17,15,117,66,98,64,75,42,14,108"/><T103/><D121/><U131/><E26/><V33/><F123/><W90/><G108/><N who="0" m="41579" /><D74/><U38/><E95/><N who="2" m="56831" /><F33/><W50/><G75/><T57/><D112/><U16/><E16/><V92/><F71/><N who="1" m="27177" /><E87/><N who="2" m="48527" /><F106/><W81/><G81/><T126/><D126/><U129/><E100/><V72/><F133/><W27/><G117/><T35/><D19/><U56/><E79/><V25/><F72/><W101/><G118/><T73/><D73/><U58/><E115/><V78/><F119/><W128/><G128/><N who="1" m="49226" /><E56/><V69/><F69/><W23/><G101/><T63/><D103/><U59/><E59/><V9/><F78/><W88/><G90/><T2/><D94/><U125/><E125/><V122/><F122/><W52/><G42/><AGARI ba="0,0" hai="38,42,44,49,54,58,60,62" m="49226,27177" machi="42" ten="30,3900,0" yaku="19,1,34,2" doraHai="30" who="1" fromWho="3" sc="212,0,246,39,244,0,298,-39" /><INIT seed="5,0,0,5,3,30" ten="212,285,244,259" oya="1" hai0="39,93,40,105,28,129,131,38,56,114,46,106,18" hai1="112,50,119,53,21,64,32,58,103,123,23,109,91" hai2="68,48,96,29,65,77,134,4,94,59,100,124,90" hai3="118,6,92,41,83,121,60,55,47,122,132,79,57"/><U7/><E32/><V35/><F124/><W43/><G132/><T115/><D39/><U11/><E119/><V8/><F134/><W62/><G118/><T76/><D76/><U45/><E123/><V25/><F68/><W15/><G62/><T81/><D81/><U54/><E64/><V63/><F77/><W14/><G43/><T1/><D1/><U102/><E112/><N who="0" m="43049" /><D28/><U26/><E91/><V82/><F48/><W31/><G31/><T113/><N who="0" m="43057" /><T75/><DORA hai="97" /><D75/><U70/><E70/><V12/><REACH who="2" step="1"/><F82/><REACH who="2" ten="212,285,234,259" step="2"/><W3/><G121/><T67/><D131/><U88/><E50/><V104/><F104/><W87/><G122/><T74/><D129/><U127/><E127/><V44/><F44/><W2/><G47/><T80/><D106/><U108/><E45/><V33/><F33/><W78/><G83/><T107/><D105/><U128/><E128/><V101/><AGARI ba="0,1" hai="4,8,12,25,29,35,59,63,65,90,94,96,100,101" machi="101" ten="30,8000,1" yaku="1,1,0,1,52,3,53,0" doraHai="30,97" doraHaiUra="72,69" who="2" fromWho="2" sc="212,-20,285,-40,234,90,259,-20" owari="192,-30.8,245,4.5,324,42.4,239,-16.1" /></mjloggm>