<mjloggm ver="2.3"><GO type="225" lobby="0"/><UN n0="%E3%81%B5%E3%81%98%E3%81%8B%E3%81%A4" n1="%6D%61%74%69%67%75%73%61" n2="%77%72%77%72%77%72%77%72" n3="%E6%A1%9C%E8%8A%B1%E9%96%83%E3%80%85" dan="16,17,17,16" rate="2220.80,2211.67,2247.11,2090.53" sx="M,M,M,M"/><TAIKYOKU oya="0"/><INIT seed="0,0,0,0,5,48" ten="250,250,250,250" oya="0" hai0="103,108,41,119,33,2,52,65,21,129,78,14,40" hai1="46,101,11,6,31,59,105,64,97,118,44,13,24" hai2="16,18,135,90,63,128,104,91,95,51,4,54,70" hai3="38,79,125,0,72,74,1,133,50,76,87,19,100"/><T71/><D119/><U53/><E64/><V23/><F104/><W130/><G130/><T37/><D2/><U126/><E126/><V110/><F110/><W69/><G69/><T83/><D33/><U17/><E6/><V81/><F128/><W58/><G125/><T121/><D129/><U5/><E5/><V86/><F135/><W49/><G100/><T98/><D121/><U80/><E80/><V62/><F4/><W120/><G19/><T116/><D116/><U56/><E56/><N who="2" m="32863" /><F70/><W131/><G58/><T57/><D108/><U127/><E118/><V102/><F102/><W9/><G87/><N who="0" m="48631" /><D71/><U77/><E77/><V124/><F124/><W122/><G131/><T29/><D65/><U66/><E66/><V75/><F18/><W68/><G68/><T12/><D37/><U117/><E127/><V88/><F75/><W113/><G38/><T89/><D103/><U99/><E99/><N who="2" m="57831" /><F91/><W85/><G133/><T60/><D29/><U115/><E115/><V25/><AGARI ba="0,0" hai="16,23,25,62,63,81,86,90" m="57831,32863" machi="25" ten="30,7900,0" yaku="8,1,52,1,54,2" doraHai="48" who="2" fromWho="2" sc="250,-39,250,-20,250,79,250,-20" /><INIT seed="1,0,0,3,0,93" ten="211,230,329,230" oya="1" hai0="96,128,27,36,43,80,91,89,120,50,113,104,39" hai1="42,121,47,22,1,100,57,108,129,74,76,90,31" hai2="24,122,69,12,111,40,5,56,98,68,102,99,78" hai3="26,83,48,54,55,7,49,2,86,79,0,134,123"/><U52/><E121/><V29/><F122/><W95/><G123/><T133/><D120/><RYUUKYOKU type="kaze4" ba="0,0" sc="211,0,230,0,329,0,230,0" /><INIT seed="1,1,0,2,4,129" ten="211,230,329,230" oya="1" hai0="39,67,98,16,117,10,79,64,54,9,61,24,109" hai1="95,131,48,13,38,127,1,51,27,122,97,105,63" hai2="81,128,35,56,36,125,77,46,72,0,113,115,100" hai3="133,26,108,132,18,130,124,75,7,40,30,57,29"/><U74/><E122/><V92/><F128/><W44/><G130/><T19/><D117/><U107/><E1/><V71/><F71/><W135/><G108/><T33/><D39/><U114/><E114/><N who="2" m="43531" /><F125/><W5/><G75/><T21/><D109/><U28/><E38/><V116/><F116/><W121/><G121/><T123/><D123/><U119/><E74/><V45/><F35/><W88/><G124/><T134/><D33/><U31/><E119/><V58/><F0/><W96/><G57/><N who="2" m="22121" /><F36/><N who="3" m="21511" /><G18/><N who="0" m="12343" /><D79/><U83/><E83/><V3/><F3/><W87/><G96/><AGARI ba="1,0" hai="45,46,72,77,81,92,96,100" m="22121,43531" machi="96" ten="30,1000,0" yaku="11,1" doraHai="129" who="2" fromWho="3" sc="211,0,230,0,329,13,230,-13" /><INIT seed="2,0,0,2,0,53" ten="211,230,342,217" oya="2" hai0="133,108,31,38,5,25,78,128,22,114,4,118,74" hai1="67,116,73,20,9,129,90,69,55,109,132,79,130" hai2="59,82,14,100,36,75,105,89,77,97,35,1,91" hai3="119,95,110,58,28,106,87,123,44,76,85,56,2"/><V62/><F35/><W13/><G119/><T63/><D114/><U107/><E107/><V81/><F1/><W11/><G123/><T49/><D118/><U30/><E116/><V94/><F36/><W80/><G106/><T122/><D122/><U26/><E109/><V103/><F14/><W127/><G2/><T17/><D38/><U102/><E102/><V112/><F112/><W32/><G110/><T7/><D108/><U40/><E40/><V99/><REACH who="2" step="1"/><F81/><REACH who="2" ten="211,230,332,217" step="2"/><N who="3" m="47271" /><G32/><T41/><D133/><U88/><E132/><V27/><F27/><W126/><G126/><T8/><D128/><U65/><E129/><V92/><F92/><W52/><G95/><T64/><D25/><U54/><E130/><V115/><F115/><W6/><G127/><T24/><D24/><U113/><E113/><V57/><F57/><W33/><G33/><T18/><D31/><U121/><E121/><V124/><F124/><W0/><G0/><T12/><D12/><U16/><E30/><V101/><F101/><W37/><G28/><T34/><D34/><U72/><E26/><V120/><F120/><W61/><G37/><T42/><D22/><U83/><E20/><V39/><F39/><W68/><G58/><N who="0" m="36983" /><D8/><U131/><E131/><V86/><F86/><W125/><G125/><T10/><D10/><U71/><E9/><V60/><F60/><W43/><G80/><N who="0" m="45143" /><D49/><U70/><E16/><V47/><F47/><W66/><G87/><T104/><D104/><U19/><E19/><V134/><F134/><W96/><G11/><T48/><D48/><U50/><E50/><V15/><F15/><RYUUKYOKU ba="0,1" sc="211,15,230,-15,332,15,217,-15" hai0="4,5,7,17,18,41,42" hai2="59,62,75,77,82,89,91,94,97,99,100,103,105" /><INIT seed="2,1,1,5,5,19" ten="226,215,347,202" oya="2" hai0="22,24,101,109,57,74,91,62,23,86,102,129,2" hai1="4,17,16,94,78,25,45,52,8,115,110,1,35" hai2="34,42,103,51,124,56,83,76,68,43,80,53,72" hai3="26,29,111,36,67,100,54,60,31,55,41,90,38"/><V64/><F124/><W28/><G111/><T39/><D39/><U79/><E115/><V7/><F34/><W113/><G113/><T82/><D109/><U81/><E110/><V95/><F7/><W15/><G100/><T63/><D2/><U121/><E121/><V10/><F10/><W73/><G73/><T96/><D74/><U33/><E94/><V118/><F118/><W69/><G26/><T5/><D5/><U85/><E78/><V126/><F126/><W32/><G32/><T66/><D129/><U50/><REACH who="1" step="1"/><E33/><REACH who="1" ten="226,205,347,202" step="2"/><V127/><F76/><W59/><G90/><T14/><D102/><U112/><E112/><V27/><F95/><W12/><G38/><T125/><D125/><U11/><E11/><V135/><F103/><W117/><G117/><T65/><D101/><U44/><E44/><V84/><F127/><W37/><G36/><T77/><D77/><U9/><E9/><V49/><F83/><W61/><REACH who="3" step="1"/><G54/><REACH who="3" ten="226,205,347,192" step="2"/><T130/><D91/><U134/><E134/><V105/><F135/><W6/><G6/><T93/><D66/><U122/><E122/><V98/><F64/><W0/><G0/><T87/><D65/><U132/><E132/><V120/><F53/><W89/><G89/><T116/><D116/><U30/><AGARI ba="1,3" hai="1,4,8,16,17,25,30,35,45,50,52,79,81,85" machi="30" ten="30,8000,1" yaku="1,1,0,1,54,2,53,1" doraHai="19" doraHaiUra="40" who="1" fromWho="1" sc="226,-21,205,113,347,-41,192,-21" /><INIT seed="3,0,0,5,5,121" ten="205,318,306,171" oya="3" hai0="120,80,73,12,63,45,5,32,130,111,24,115,41" hai1="57,67,59,99,87,46,75,128,1,92,40,131,30" hai2="36,108,113,124,55,126,39,28,19,122,50,100,20" hai3="85,37,88,31,116,86,90,27,52,77,103,95,89"/><W76/><G116/><T14/><D120/><U69/><E75/><V133/><F122/><W79/><G37/><T54/><D115/><U65/><E1/><V29/><F108/><W70/><G70/><T18/><D111/><U11/><E87/><V105/><F113/><W129/><G129/><N who="1" m="49738" /><E11/><V13/><F133/><W25/><G25/><T104/><D54/><U51/><E30/><N who="2" m="11883" /><F100/><W107/><G107/><T84/><D63/><N who="1" m="40191" /><E65/><V34/><F34/><W127/><G127/><N who="2" m="48681" /><F105/><W23/><REACH who="3" step="1"/><G52/><REACH who="3" ten="205,318,306,161" step="2"/><T71/><D71/><U96/><E96/><AGARI ba="0,1" hai="23,27,31,76,77,79,85,86,88,89,90,95,96,103" machi="96" ten="40,12000,1" yaku="1,1,2,1,8,1,54,1,53,0" doraHai="121" doraHaiUra="125" who="3" fromWho="1" sc="205,0,318,-120,306,0,161,130" /><INIT seed="3,1,0,4,1,60" ten="205,198,306,291" oya="3" hai0="23,20,87,74,109,117,108,17,128,99,47,32,91" hai1="4,30,38,25,121,35,8,134,88,53,84,0,6" hai2="10,94,83,79,44,124,76,75,61,103,127,42,100" hai3="36,55,115,97,123,120,15,28,46,65,33,64,112"/><W96/><G15/><T14/><D117/><U82/><E121/><N who="3" m="46666" /><G28/><T34/><D74/><U22/><E134/><V113/><F113/><N who="3" m="43595" /><G33/><T104/><D47/><U43/><E6/><V51/><F76/><W39/><G55/><T63/><D63/><U67/><E53/><V90/><F61/><W18/><G18/><N who="0" m="10327" /><D128/><U19/><E67/><N who="3" m="25674" /><G46/><T102/><D17/><U16/><REACH who="1" step="1"/><E35/><REACH who="1" ten="205,188,306,291" step="2"/><V92/><F42/><W66/><G66/><T81/><D23/><U71/><E71/><V48/><F44/><AGARI ba="1,1" hai="0,4,8,16,19,22,25,30,38,43,44,82,84,88" machi="44" ten="40,8000,1" yaku="1,1,54,2,53,1" doraHai="60" doraHaiUra="68" who="1" fromWho="2" sc="205,0,188,93,306,-83,291,0" /><INIT seed="4,0,0,3,2,7" ten="205,281,223,291" oya="0" hai0="85,74,45,2,5,81,48,57,1,120,60,6,119" hai1="9,4,76,51,10,80,105,72,122,11,38,109,103" hai2="126,18,55,44,75,41,24,40,117,89,13,83,66" hai3="128,8,16,20,12,133,100,67,71,77,14,124,92"/><T26/><D119/><U28/><E109/><V34/><F117/><W25/><G124/><T135/><D120/><U78/><E122/><V47/><F66/><W104/><G104/><T68/><D68/><U54/><E38/><V91/><F55/><W132/><G77/><T121/><D121/><U131/><E131/><V96/><F96/><N who="3" m="59399" /><G128/><T39/><D74/><U59/><E28/><V82/><F24/><W61/><G8/><T0/><D135/><AGARI ba="0,0" hai="12,14,16,20,25,61,67,71,132,133,135" m="59399" machi="135" ten="30,2000,0" yaku="20,1,54,1" doraHai="7" who="3" fromWho="0" sc="205,-20,281,0,223,0,291,20" owari="185,-31.5,281,8.1,223,-17.7,311,41.1" /></mjloggm>