<mjloggm ver="2.3"><GO type="225" lobby="0"/><UN n0="%E3%81%B8%E3%82%80%E3%81%B8%E3%82%80%EF%BC%92%E5%8F%B7" n1="%E3%82%82%E3%81%90%E3%82%89" n2="%6D%75%75%6D%75%72%61" n3="%E6%A1%9C%E8%8A%B1%E9%96%83%E3%80%85" dan="17,17,16,18" rate="2208.66,2122.16,2106.76,2242.96" sx="M,M,F,M"/><TAIKYOKU oya="0"/><INIT seed="0,0,0,4,4,128" ten="250,250,250,250" oya="0" hai0="28,117,51,35,103,132,116,71,54,129,42,79,86" hai1="62,40,133,107,81,33,122,57,108,58,90,99,127" hai2="30,60,10,119,56,75,44,65,39,84,91,11,49" hai3="61,34,8,110,101,112,27,55,29,18,100,25,23"/><T82/><D132/><U96/><E122/><V46/><F119/><W120/><G112/><T124/><D124/><U67/><E127/><V70/><F75/><W0/><G120/><T64/><D129/><U36/><E108/><V16/><F30/><W80/><G110/><T6/><D103/><U130/><E130/><V97/><F97/><W15/><G80/><T102/><D102/><U104/><E33/><V5/><F5/><W37/><G37/><T14/><D71/><U32/><E32/><V69/><F39/><W66/><G55/><T134/><D64/><U78/><E58/><V7/><F7/><W121/><G121/><T13/><D134/><U53/><E53/><N who="2" m="29863" /><F46/><W89/><G89/><T4/><D42/><U87/><E133/><V74/><F10/><W85/><G85/><T76/><D76/><U98/><E40/><V59/><F74/><W92/><G92/><T43/><D43/><U109/><E36/><V48/><F48/><W88/><G88/><T19/><D13/><U135/><E109/><V111/><F70/><W22/><G22/><T131/><D131/><U20/><E135/><V41/><F41/><W118/><G118/><T9/><D116/><U12/><E107/><V113/><F113/><W31/><REACH who="3" step="1"/><G0/><REACH who="3" ten="250,250,250,240" step="2"/><T115/><D117/><U68/><E104/><V95/><F111/><W94/><G94/><T72/><D115/><U2/><E2/><V21/><F21/><W1/><G1/><T38/><D38/><U105/><E105/><V114/><F114/><W126/><G126/><T106/><D106/><U73/><E20/><V63/><F63/><RYUUKYOKU ba="0,1" sc="250,-15,250,-15,250,15,240,15" hai2="11,16,56,59,60,65,69,84,91,95" hai3="8,15,18,23,25,27,29,31,34,61,66,100,101" /><INIT seed="1,1,1,3,1,119" ten="235,235,265,255" oya="1" hai0="91,120,100,62,17,43,55,49,16,68,58,18,25" hai1="47,95,51,1,81,73,75,102,60,14,59,64,132" hai2="22,12,71,61,38,101,87,117,27,67,72,7,42" hai3="79,2,78,63,104,8,54,21,109,96,24,70,112"/><U84/><E1/><V133/><F72/><W36/><G112/><T115/><D115/><U69/><E132/><V99/><F117/><W86/><G36/><T32/><D100/><U110/><E69/><V44/><F133/><W30/><G109/><T129/><D129/><U113/><E113/><V15/><F87/><W65/><G54/><T123/><D91/><U88/><E110/><V92/><REACH who="2" step="1"/><F7/><REACH who="2" ten="235,235,255,255" step="2"/><W4/><REACH who="3" step="1"/><G86/><REACH who="3" ten="235,235,255,245" step="2"/><T89/><D123/><U10/><E75/><V111/><F111/><W3/><G3/><T45/><D120/><U46/><E73/><V34/><F34/><W97/><G97/><T107/><D32/><U124/><E124/><V0/><F0/><W114/><G114/><T98/><D98/><N who="1" m="59743" /><E51/><V116/><F116/><W134/><G134/><T126/><D49/><U41/><E41/><V122/><F122/><W52/><G52/><T29/><D55/><U105/><E105/><V135/><F135/><W40/><G40/><T13/><D107/><U108/><E108/><V48/><F48/><W93/><G93/><T80/><D43/><U121/><E121/><V82/><F82/><W35/><G35/><T6/><D80/><U90/><E90/><V28/><AGARI ba="1,3" hai="12,15,22,27,28,38,42,44,61,67,71,92,99,101" machi="28" ten="20,8000,1" yaku="1,1,0,1,7,1,53,2" doraHai="119" doraHaiUra="11" who="2" fromWho="2" sc="235,-21,235,-41,255,113,245,-21" /><INIT seed="2,0,0,2,4,20" ten="214,194,368,224" oya="2" hai0="94,92,28,45,82,57,17,12,62,103,105,74,67" hai1="126,106,53,59,109,6,131,122,41,134,2,76,52" hai2="56,47,71,121,125,77,9,44,115,49,4,124,19" hai3="87,120,60,75,70,3,13,35,135,29,23,100,55"/><V101/><F115/><W73/><G120/><T30/><D105/><U119/><E106/><V38/><F71/><W116/><G116/><T108/><D108/><U88/><E119/><V104/><F121/><W21/><G3/><T78/><D45/><U43/><E122/><V65/><F77/><W40/><G40/><T24/><D103/><U51/><E109/><V128/><F128/><W14/><G23/><T61/><D61/><U1/><E131/><V112/><F112/><W69/><G14/><T93/><REACH who="0" step="1"/><D24/><REACH who="0" ten="204,194,368,224" step="2"/><U33/><E126/><V97/><F44/><W98/><G100/><T25/><D25/><U83/><E134/><V48/><F47/><W79/><G60/><T54/><D54/><U7/><E52/><V90/><F101/><W22/><G55/><T68/><D68/><U11/><E43/><V26/><F26/><W15/><G70/><T8/><AGARI ba="0,1" hai="8,12,17,28,30,57,62,67,74,78,82,92,93,94" machi="8" ten="30,2000,0" yaku="1,1,0,1,53,0" doraHai="20" doraHaiUra="133" who="0" fromWho="0" sc="204,30,194,-5,368,-10,224,-5" /><INIT seed="3,0,0,2,5,69" ten="234,189,358,219" oya="3" hai0="98,126,23,59,123,122,103,13,56,73,113,104,91" hai1="111,30,67,109,27,105,43,1,128,108,131,76,0" hai2="134,41,81,62,44,116,106,37,132,29,82,124,10" hai3="12,22,11,2,4,88,84,60,127,18,95,9,130"/><W71/><G127/><T50/><D73/><U77/><E105/><V129/><F124/><W100/><G130/><N who="1" m="49706" /><E67/><V14/><F129/><W135/><G135/><N who="2" m="51753" /><F116/><W40/><G40/><T42/><D113/><U79/><E27/><V58/><F106/><W63/><G71/><T49/><D91/><U89/><E89/><V99/><F29/><W83/><REACH who="3" step="1"/><G11/><REACH who="3" ten="234,189,358,209" step="2"/><T74/><D42/><U7/><E43/><V87/><F87/><W115/><G115/><T52/><D126/><U66/><E30/><V85/><F99/><AGARI ba="0,1" hai="2,4,9,12,18,22,60,63,83,84,88,95,99,100" machi="99" ten="40,3900,0" yaku="1,1,54,1,53,0" doraHai="69" doraHaiUra="65" who="3" fromWho="2" sc="234,0,189,0,358,-39,209,49" /><INIT seed="3,1,0,1,2,27" ten="234,189,319,258" oya="3" hai0="124,31,54,22,14,35,9,12,96,67,30,98,33" hai1="5,2,25,81,119,57,122,17,13,62,49,64,116" hai2="117,132,99,94,83,115,38,4,20,18,79,135,59" hai3="90,51,66,114,125,11,71,72,100,74,121,70,112"/><W109/><G121/><T97/><D124/><U0/><E122/><V43/><F115/><W101/><G90/><T76/><D76/><U47/><E119/><V120/><F117/><W26/><G26/><T108/><D108/><U42/><E116/><V68/><F120/><W61/><G51/><T55/><D67/><U3/><E25/><V36/><F68/><W106/><G11/><T95/><D95/><U24/><E24/><N who="2" m="14359" /><F4/><W39/><G125/><T118/><D118/><U129/><E129/><V75/><F59/><W87/><G87/><T65/><D65/><U28/><E81/><V80/><F80/><W32/><G32/><N who="0" m="12363" /><D22/><U123/><E123/><V46/><F46/><W111/><G39/><T133/><D9/><U105/><E5/><V73/><F43/><W102/><G106/><T92/><D92/><U127/><E105/><V56/><F56/><W78/><G78/><T107/><D107/><U89/><E89/><N who="2" m="55759" /><F73/><N who="3" m="28267" /><G71/><T52/><D133/><AGARI ba="1,0" hai="36,38,75,79,83,132,133,135" m="55759,14359" machi="133" ten="30,1000,0" yaku="20,1" doraHai="27" who="2" fromWho="0" sc="234,-13,189,0,319,13,258,0" owari="221,-17.9,189,-31.1,332,43.2,258,5.8" /></mjloggm>