<mjloggm ver="2.3"><GO type="225" lobby="0"/><UN n0="%6D%75%75%6D%75%72%61" n1="%4E%6F%2E%30%30%30%31" n2="%E5%B8%86%E7%AB%8B%E5%A4%8F%E8%A1%A3" n3="%48%61%61%61%6C%61%6E%64" dan="17,18,16,17" rate="2179.89,2231.29,2133.94,2152.97" sx="F,M,M,M"/><TAIKYOKU oya="0"/><INIT seed="0,0,0,0,0,80" ten="250,250,250,250" oya="0" hai0="63,28,40,117,69,47,86,35,65,27,84,54,113" hai1="50,36,3,68,87,102,118,131,51,112,60,22,73" hai2="2,29,121,130,124,134,119,97,45,72,38,67,103" hai3="89,122,48,78,116,110,17,111,77,92,74,126,39"/><T24/><D113/><U95/><E112/><V42/><F124/><W129/><G39/><T14/><D117/><U53/><E73/><V31/><F130/><W57/><G116/><T33/><D54/><U88/><E118/><V9/><F134/><W0/><G126/><T90/><D14/><U44/><E3/><V82/><F121/><W4/><G129/><T109/><D109/><N who="3" m="41481" /><G74/><T100/><D100/><U62/><E131/><V16/><F67/><W128/><G128/><T135/><D135/><U7/><E36/><V46/><F46/><W79/><G17/><T30/><D90/><U13/><E68/><V93/><F119/><W127/><G127/><T19/><D19/><N who="1" m="10607" /><E7/><N who="2" m="1271" /><F16/><W120/><G4/><T23/><D23/><U133/><E133/><V41/><F41/><W58/><G0/><T101/><D101/><U37/><E37/><AGARI ba="0,0" hai="24,27,28,30,33,35,37,40,47,63,65,69,84,86" machi="37" ten="30,11600,0" yaku="7,1,9,1,52,2" doraHai="80" who="0" fromWho="1" sc="250,116,250,-116,250,0,250,0" /><INIT seed="0,1,0,0,2,20" ten="366,134,250,250" oya="0" hai0="13,56,121,134,127,130,73,5,7,53,89,36,70" hai1="94,74,30,131,128,135,75,100,119,61,62,12,98" hai2="33,65,21,29,15,97,58,93,63,45,64,110,17" hai3="1,50,39,23,55,106,54,115,9,46,124,105,71"/><T109/><D121/><U126/><E119/><V91/><F110/><W117/><G117/><T0/><D70/><U120/><E120/><V118/><F118/><W28/><G115/><T26/><D0/><U123/><E123/><V10/><F33/><W107/><G124/><T76/><D127/><U77/><E126/><V133/><F133/><W16/><G71/><T96/><D36/><U42/><E135/><V32/><F32/><W34/><G39/><T112/><D112/><U48/><E30/><V87/><F45/><W88/><G55/><T103/><D130/><N who="1" m="49707" /><E12/><V82/><F65/><W122/><G122/><T52/><D134/><U35/><E35/><V18/><F29/><W60/><G60/><N who="1" m="23146" /><E77/><V3/><F3/><W114/><G114/><T78/><D13/><U132/><E132/><V69/><F69/><W81/><G28/><T67/><D67/><U40/><E48/><V92/><REACH who="2" step="1"/><F97/><REACH who="2" ten="366,134,240,250" step="2"/><W80/><G34/><T102/><D96/><U51/><E40/><V108/><F108/><W43/><G43/><T14/><D109/><U2/><E2/><V99/><F99/><W44/><G1/><T125/><D125/><U11/><E42/><V85/><F85/><W104/><G44/><T49/><D49/><U8/><E51/><V22/><F22/><W68/><G68/><T59/><D53/><U25/><E75/><V111/><F111/><W129/><G129/><T72/><D52/><U27/><E74/><V4/><F4/><W66/><G66/><T86/><D73/><U31/><E31/><V84/><F84/><W116/><N who="3" m="26624" /><DORA hai="113" /><W90/><G50/><RYUUKYOKU ba="1,1" sc="366,-15,134,15,240,15,250,-15" hai1="8,11,25,27,94,98,100" hai2="10,15,17,18,21,58,63,64,82,87,91,92,93" /><INIT seed="1,2,1,5,3,103" ten="351,149,255,235" oya="1" hai0="36,51,5,25,11,84,49,131,3,78,33,118,114" hai1="14,75,40,106,108,8,17,58,30,12,26,61,32" hai2="21,93,101,135,123,24,59,46,80,68,121,107,31" hai3="63,50,38,7,6,130,89,2,133,9,48,43,110"/><U126/><E126/><V128/><F68/><W62/><G110/><T64/><D36/><U94/><E75/><V95/><F128/><W124/><G130/><T98/><D131/><U112/><E112/><V116/><F116/><W0/><G124/><T52/><D118/><U77/><E77/><V65/><F135/><W82/><G38/><T76/><D114/><U69/><E108/><V1/><F1/><W132/><G82/><T88/><D64/><U22/><E69/><V104/><F46/><W57/><G89/><T91/><D51/><N who="3" m="19497" /><G43/><T86/><D98/><U42/><E94/><V54/><F80/><W100/><G100/><T99/><D99/><U70/><E70/><V53/><F53/><W41/><G41/><T15/><D3/><N who="3" m="1065" /><G9/><T125/><D125/><U71/><E71/><V13/><F54/><W111/><G57/><T37/><D37/><U73/><E73/><V134/><F93/><W27/><G27/><T115/><D115/><U10/><E106/><N who="2" m="40491" /><F134/><N who="3" m="51819" /><G111/><T20/><D33/><U56/><E32/><V122/><F122/><W119/><G119/><T117/><D117/><U16/><E56/><V18/><F18/><W60/><AGARI ba="2,1" hai="6,7,60,62,63" m="51819,1065,19497" machi="60" ten="40,5200,0" yaku="28,2,20,1" doraHai="103" who="3" fromWho="3" sc="351,-15,149,-28,255,-15,235,68" /><INIT seed="2,0,0,5,4,54" ten="336,121,240,303" oya="2" hai0="33,96,131,13,12,42,45,52,109,118,125,85,114" hai1="19,10,16,108,119,121,77,104,48,80,89,51,58" hai2="84,21,5,7,69,38,56,129,25,1,31,87,79" hai3="66,122,100,95,126,86,27,9,47,64,14,2,99"/><V40/><F69/><W116/><G116/><T124/><D114/><U92/><E119/><V90/><F129/><W3/><G122/><T112/><D112/><U23/><E104/><V76/><F40/><W4/><G126/><N who="0" m="48747" /><D118/><U61/><E108/><V44/><F44/><W20/><G2/><T113/><D113/><U130/><E130/><V117/><F38/><W30/><G3/><T39/><D131/><U71/><E71/><V62/><F117/><W6/><G6/><N who="2" m="2057" /><F1/><W15/><G15/><T106/><D109/><U74/><E10/><V36/><F36/><W41/><REACH who="3" step="1"/><G86/><REACH who="3" ten="336,121,240,293" step="2"/><N who="2" m="32809" /><F90/><W78/><G78/><T127/><D127/><U120/><E120/><V17/><F17/><W93/><G93/><T11/><D85/><U105/><E121/><V55/><AGARI ba="0,1" hai="21,25,31,55,56,62,76,79" m="32809,2057" machi="55" ten="30,3000,0" yaku="8,1,52,1" doraHai="54" who="2" fromWho="2" sc="336,-10,121,-10,240,40,293,-10" /><INIT seed="2,1,0,0,2,110" ten="326,111,280,283" oya="2" hai0="102,132,53,82,42,19,52,49,22,69,124,30,121" hai1="92,88,36,61,43,16,44,51,62,64,105,112,40" hai2="115,73,1,59,78,0,15,54,48,24,128,7,25" hai3="9,90,4,50,118,41,119,94,83,63,116,120,101"/><V131/><F78/><W67/><G120/><T46/><D121/><U104/><E36/><V38/><F73/><W127/><G127/><T65/><D124/><U26/><E40/><V31/><F38/><W28/><G28/><T33/><D132/><U79/><E79/><V133/><F133/><W10/><G101/><T34/><D102/><U95/><E95/><V107/><F107/><W3/><G83/><T39/><D30/><U84/><E61/><V130/><F25/><W117/><G9/><T109/><D109/><U134/><E134/><V125/><F125/><W57/><N who="3" m="29696" /><DORA hai="72" /><W122/><G122/><T76/><D65/><U56/><REACH who="1" step="1"/><E112/><REACH who="1" ten="326,101,280,283" step="2"/><V68/><F115/><W66/><G41/><T80/><D42/><U17/><E17/><V27/><F130/><W93/><G50/><T113/><D39/><U135/><E135/><V45/><F128/><W111/><G111/><T20/><D19/><U114/><E114/><V6/><F131/><W100/><G94/><T123/><D123/><U89/><E89/><V126/><F48/><W71/><G100/><T103/><D103/><U37/><E37/><V12/><F126/><W77/><G77/><T47/><D49/><U29/><E29/><V2/><F31/><W106/><G93/><T75/><D113/><U32/><E32/><V97/><F7/><W14/><G90/><T81/><D76/><U99/><E99/><V129/><F6/><W98/><G98/><T87/><D75/><U21/><AGARI ba="1,1" hai="16,21,26,43,44,51,56,62,64,84,88,92,104,105" machi="21" ten="30,12000,2" yaku="1,1,0,1,54,2,53,2" doraHai="110,72" doraHaiUra="55,18" who="1" fromWho="1" sc="326,-31,101,133,280,-61,283,-31" /><INIT seed="3,0,0,2,3,124" ten="295,234,219,252" oya="3" hai0="34,12,104,9,103,51,15,28,45,73,22,115,57" hai1="89,76,32,78,128,119,97,82,75,113,133,50,46" hai2="16,83,58,67,21,95,38,37,35,130,100,44,36" hai3="68,56,13,84,55,96,49,23,19,117,59,25,2"/><W30/><G117/><T8/><D73/><U54/><E113/><V107/><F35/><W116/><G116/><T71/><D71/><U118/><E32/><V125/><F107/><W63/><G2/><T99/><D34/><U29/><E29/><V91/><F125/><W88/><G68/><T134/><D134/><U93/><E133/><V41/><F100/><W5/><G5/><T123/><D123/><U24/><E24/><V10/><F10/><W129/><G129/><T86/><D57/><U62/><E128/><V42/><F83/><N who="3" m="49183" /><G96/><T4/><D115/><U85/><E78/><V70/><F70/><W127/><G127/><T47/><D86/><U43/><E75/><V80/><F80/><W77/><G77/><T108/><D108/><U120/><E120/><V109/><F109/><W87/><G87/><T3/><D3/><U26/><E26/><N who="2" m="14631" /><F130/><W72/><G72/><T27/><D51/><U105/><E105/><V40/><F44/><N who="3" m="28071" /><G63/><T92/><D104/><U7/><E7/><AGARI ba="0,0" hai="4,7,8,9,12,15,22,27,28,45,47,92,99,103" machi="7" ten="30,3900,0" yaku="7,1,9,1,8,1" doraHai="124" who="0" fromWho="1" sc="295,39,234,-39,219,0,252,0" owari="334,43.4,195,-30.5,219,-18.1,252,5.2" /></mjloggm>