<mjloggm ver="2.3"><GO type="225" lobby="0"/><UN n0="%E5%8D%A0%E3%81%84%E5%B8%AB%E8%A3%8F%E3%81%AA%E3%81%84%E3%81%97" n1="%E3%80%90%E3%83%88%E3%83%AA%E3%83%A5%E3%83%95%E3%80%91" n2="%E9%BB%99%E8%81%B4%E3%81%AE%E3%81%99%E3%82%9D%E3%82%81" n3="%E5%91%A8%E6%9D%B1" dan="17,16,16,17" rate="2201.02,2108.30,2164.68,2107.91" sx="M,M,M,M"/><TAIKYOKU oya="0"/><INIT seed="0,0,0,4,1,40" ten="250,250,250,250" oya="0" hai0="5,32,3,75,49,18,80,4,119,106,113,17,76" hai1="121,21,129,99,73,81,89,62,92,24,70,35,19" hai2="11,93,110,50,66,2,52,16,90,126,122,96,38" hai3="124,125,65,43,103,131,61,133,74,14,104,25,111"/><T45/><D113/><U27/><E121/><V135/><F110/><W23/><G74/><T42/><D119/><U8/><E8/><V13/><F135/><W51/><G111/><T82/><D106/><U29/><E129/><V28/><F126/><N who="3" m="48747" /><G14/><T53/><D32/><U101/><E73/><V116/><F116/><W12/><G12/><T123/><D123/><U22/><E81/><V1/><F38/><W84/><G84/><T108/><D108/><U47/><E35/><V10/><F66/><W9/><G9/><T127/><D127/><U46/><REACH who="1" step="1"/><E89/><REACH who="1" ten="250,240,250,250" step="2"/><V87/><F122/><W83/><G83/><T79/><D3/><U115/><E115/><V98/><F1/><W54/><G131/><T30/><D4/><U72/><E72/><V48/><F2/><W114/><G114/><T78/><D5/><U34/><E34/><V109/><F109/><W0/><G0/><T36/><D75/><U85/><E85/><V77/><F10/><W69/><G133/><T57/><REACH who="0" step="1"/><D30/><REACH who="0" ten="240,240,250,250" step="2"/><U95/><E95/><V105/><F28/><W130/><G130/><T63/><D63/><U60/><E60/><V68/><F105/><W112/><G112/><T91/><D91/><U132/><E132/><V7/><F7/><W117/><G117/><T102/><D102/><U59/><E59/><V97/><F90/><W118/><G118/><T58/><D58/><U107/><E107/><V31/><F31/><N who="3" m="17855" /><G104/><T86/><D86/><U64/><AGARI ba="0,2" hai="19,21,22,24,27,29,46,47,62,64,70,92,99,101" machi="64" ten="30,8000,1" yaku="1,1,0,1,52,2,53,1" doraHai="40" doraHaiUra="67" who="1" fromWho="1" sc="240,-40,240,100,250,-20,250,-20" /><INIT seed="1,0,0,3,0,31" ten="200,340,230,230" oya="1" hai0="14,11,37,114,133,13,71,76,6,73,126,38,125" hai1="21,97,59,9,1,120,10,106,64,39,15,36,118" hai2="19,80,122,101,40,68,108,112,88,86,32,48,91" hai3="17,110,99,16,96,43,116,49,102,81,132,95,109"/><U117/><E120/><V50/><F122/><W61/><G132/><T74/><D114/><U65/><E21/><V51/><F68/><W77/><G116/><T128/><D71/><U69/><E69/><V87/><F108/><N who="3" m="41579" /><G61/><T90/><D133/><U56/><E97/><V7/><F7/><W70/><G70/><T5/><D76/><U63/><E106/><V104/><F32/><W113/><G113/><T27/><D27/><U82/><E82/><V135/><F135/><W60/><G60/><T83/><D83/><U42/><E42/><V79/><F104/><N who="3" m="63559" /><G49/><T78/><D78/><U92/><E63/><V0/><F0/><W8/><G8/><T119/><D90/><U134/><E134/><V12/><F101/><N who="3" m="60671" /><G43/><T105/><D105/><U93/><E15/><N who="0" m="5641" /><D11/><U103/><E103/><V34/><F112/><W33/><G33/><T35/><D35/><U25/><E25/><V24/><F34/><W107/><G107/><T4/><D119/><U23/><E23/><N who="2" m="11751" /><F24/><W44/><G44/><T127/><D128/><U58/><REACH who="1" step="1"/><E59/><REACH who="1" ten="200,330,230,230" step="2"/><V26/><F26/><W85/><AGARI ba="0,1" hai="16,17,77,81,85" m="60671,63559,41579" machi="85" ten="30,2000,0" yaku="14,1,54,1" doraHai="31" who="3" fromWho="3" sc="200,-5,330,-10,230,-5,230,30" /><INIT seed="2,0,0,4,5,52" ten="195,320,225,260" oya="2" hai0="121,112,99,129,13,90,69,107,32,94,46,50,7" hai1="10,64,70,63,75,15,65,95,57,73,96,17,92" hai2="97,44,60,35,4,62,40,84,43,8,122,39,66" hai3="119,9,47,125,0,81,117,89,48,56,80,130,2"/><V87/><F35/><W85/><G130/><T86/><D121/><U1/><E1/><V26/><F26/><W128/><G128/><T11/><D129/><U76/><E95/><V101/><F43/><W33/><G33/><T114/><D32/><U93/><E93/><V23/><F23/><W59/><G125/><T55/><D69/><U18/><E76/><V126/><F126/><W3/><G9/><T78/><D107/><U6/><E75/><V132/><F132/><W21/><G21/><T118/><D118/><U37/><E37/><V116/><F116/><W115/><G115/><T127/><D127/><U91/><REACH who="1" step="1"/><E73/><REACH who="1" ten="195,310,225,260" step="2"/><V135/><F135/><W110/><G119/><T45/><D78/><U113/><E113/><V41/><F122/><W100/><G117/><T124/><D124/><U133/><E133/><V131/><F131/><W19/><G100/><T34/><D112/><U12/><E12/><V49/><F39/><W42/><G110/><T104/><D114/><U68/><E68/><V103/><F101/><W111/><G111/><T105/><D105/><U109/><E109/><V123/><F123/><W102/><G102/><T106/><D106/><U67/><E67/><V71/><F71/><W30/><G81/><T58/><D104/><U77/><E77/><V108/><F108/><W14/><G0/><T31/><D99/><U20/><E20/><V61/><F66/><W51/><G2/><T25/><AGARI ba="0,1" hai="7,11,13,25,31,34,45,46,50,55,58,86,90,94" machi="25" ten="30,2000,0" yaku="0,1,52,1" doraHai="52" who="0" fromWho="0" sc="195,30,310,-5,225,-10,260,-5" /><INIT seed="3,0,0,1,1,55" ten="225,305,215,255" oya="3" hai0="130,47,19,98,11,126,112,123,23,87,57,77,67" hai1="90,109,13,37,49,58,22,44,53,29,8,79,64" hai2="21,12,16,110,83,70,61,3,129,94,25,36,102" hai3="99,6,86,73,30,116,66,4,121,74,104,38,28"/><W9/><G121/><T62/><D123/><U26/><E109/><V20/><F129/><W35/><G38/><T42/><D130/><U122/><E122/><V127/><F127/><W118/><G66/><T54/><D126/><U72/><E37/><V125/><F125/><W89/><G99/><T91/><D112/><U93/><E72/><V59/><F3/><W107/><G86/><T120/><D120/><U45/><E79/><V95/><F70/><W78/><G89/><T60/><D11/><U2/><E2/><V101/><F83/><W97/><G97/><T108/><D108/><U0/><E0/><V51/><F51/><W105/><G9/><T14/><D98/><N who="1" m="57655" /><E64/><N who="2" m="38975" /><F36/><W40/><G40/><T50/><D77/><U111/><E111/><V46/><F46/><W17/><G78/><T133/><D133/><U18/><AGARI ba="0,0" hai="8,13,18,22,26,29,44,45,49,53,58" m="57655" machi="18" ten="30,2000,0" yaku="8,1,52,1" doraHai="55" who="1" fromWho="1" sc="225,-5,305,20,215,-5,255,-10" owari="220,-18.0,325,42.5,210,-29.0,245,4.5" /></mjloggm>