<mjloggm ver="2.3"><GO type="225" lobby="0"/><UN n0="%E7%99%BD%E6%97%A5%E9%9B%AA%E8%8F%9C" n1="%E7%BD%AA%E5%88%91%E6%B3%95%E5%AE%9A%E4%B8%BB%E7%BE%A9" n2="%E3%81%AF%E3%82%88%E3%81%8A%E3%81%98%E3%81%95%E3%82%93" n3="%E8%91%B5%E3%81%A1%E3%82%83%E3%82%93" dan="16,16,17,17" rate="2170.62,2117.35,2153.82,2181.55" sx="M,M,M,F"/><TAIKYOKU oya="0"/><INIT seed="0,0,0,4,1,11" ten="250,250,250,250" oya="0" hai0="79,129,59,119,95,27,103,52,53,6,21,41,48" hai1="31,29,122,42,19,128,23,55,117,28,124,13,10" hai2="32,2,39,37,86,116,12,130,49,54,74,40,115" hai3="114,69,71,70,104,133,96,47,56,113,120,0,82"/><T36/><D119/><U105/><E117/><V20/><F116/><W25/><G0/><T14/><D36/><U8/><E105/><V110/><F74/><W60/><G133/><T64/><D129/><U118/><E118/><V15/><F32/><W65/><G120/><T61/><D79/><U76/><E42/><V35/><F35/><W109/><G109/><T131/><D131/><U3/><E122/><V87/><F2/><W68/><G25/><T33/><D33/><U108/><E76/><V102/><F130/><W90/><G47/><N who="0" m="25711" /><D6/><N who="1" m="1119" /><E55/><V99/><F115/><W125/><G125/><T126/><D126/><U26/><E128/><V9/><F110/><W72/><G72/><T62/><D62/><U57/><E57/><V91/><F40/><W16/><G104/><T63/><D63/><U106/><E106/><V107/><F20/><W4/><G70/><T111/><D111/><U58/><E58/><V38/><F9/><W101/><G69/><T66/><D66/><U132/><E108/><V84/><REACH who="2" step="1"/><F91/><REACH who="2" ten="250,250,240,250" step="2"/><W78/><G90/><T22/><D22/><N who="1" m="15447" /><E124/><V123/><F123/><W135/><G113/><T98/><D27/><N who="1" m="14847" /><E132/><V18/><F18/><AGARI ba="0,1" hai="14,18,21,52,53,59,61,64,95,98,103" m="25711" machi="18" ten="30,5800,0" yaku="8,1,52,1,54,1" doraHai="11" who="0" fromWho="2" sc="250,68,250,0,240,-58,250,0" /><AGARI ba="0,0" hai="10,13,18,29,31" m="14847,15447,1119" machi="18" ten="30,12000,2" yaku="35,5,52,1" doraHai="11" who="1" fromWho="2" sc="318,0,250,120,182,-120,250,0" /><INIT seed="0,1,0,1,4,123" ten="318,370,62,250" oya="0" hai0="25,108,42,80,35,43,55,63,100,54,1,130,16" hai1="28,73,17,24,27,18,83,66,121,5,114,13,49" hai2="41,79,36,120,110,11,10,74,103,56,8,75,65" hai3="107,115,23,39,112,118,64,97,61,31,99,50,104"/><T92/><D1/><U122/><E66/><V77/><F120/><W133/><G39/><T30/><D130/><U59/><E122/><V47/><F103/><W48/><G118/><T2/><D2/><U29/><E121/><V15/><F15/><W20/><G64/><T14/><D108/><U44/><E114/><V38/><F38/><W58/><G58/><T70/><D80/><U119/><E119/><V53/><F65/><W135/><REACH who="3" step="1"/><G31/><REACH who="3" ten="318,370,62,240" step="2"/><T60/><D70/><U37/><E59/><V96/><F110/><W26/><G26/><T22/><D63/><AGARI ba="1,1" hai="20,23,48,50,61,63,97,99,104,107,112,115,133,135" machi="63" ten="25,3200,0" yaku="1,1,22,2,53,0" doraHai="123" doraHaiUra="0" who="3" fromWho="0" sc="318,-35,370,0,62,0,240,45" /><INIT seed="1,0,0,3,3,101" ten="283,370,62,285" oya="1" hai0="55,115,123,91,2,113,34,52,18,36,114,109,4" hai1="118,38,117,54,111,68,46,110,13,50,31,69,7" hai2="72,77,105,97,51,132,88,15,19,48,1,17,11" hai3="44,29,66,5,62,58,47,53,28,33,16,108,102"/><U80/><E31/><V57/><F132/><W116/><G108/><N who="1" m="41514" /><E13/><V37/><F37/><W59/><G116/><N who="1" m="44650" /><E7/><V134/><F134/><W133/><G133/><T106/><D109/><U89/><E80/><V43/><F1/><W32/><G5/><T67/><D4/><U131/><E89/><V135/><F135/><W99/><G32/><T56/><D34/><U39/><E131/><V45/><F72/><W12/><G29/><T8/><D91/><U61/><E69/><V71/><F71/><W112/><G28/><T122/><D2/><U98/><E98/><V73/><F73/><W22/><G33/><T92/><D114/><U65/><AGARI ba="0,0" hai="38,39,46,50,54,61,65,68" m="44650,41514" machi="65" ten="40,12000,1" yaku="14,1,10,1,34,2" doraHai="101" who="1" fromWho="1" sc="283,-40,370,120,62,-40,285,-40" /><INIT seed="1,1,0,4,3,51" ten="243,490,22,245" oya="1" hai0="131,60,72,19,5,71,93,118,0,1,107,65,98" hai1="14,68,105,64,61,26,108,83,129,127,112,128,50" hai2="134,132,48,130,109,33,69,54,9,30,47,114,92" hai3="84,37,38,6,111,29,42,110,15,122,102,121,117"/><U101/><E112/><V16/><F114/><W18/><G6/><T28/><D118/><U74/><E127/><V123/><F123/><W73/><G73/><T133/><D72/><U77/><E14/><N who="2" m="7247" /><F69/><W4/><G4/><T25/><D107/><U135/><E135/><N who="2" m="51755" /><F109/><W59/><G29/><T32/><D133/><U95/><E108/><V125/><F125/><W57/><G117/><T46/><D131/><N who="1" m="50251" /><E95/><V113/><F130/><W80/><G15/><T11/><D19/><U126/><E126/><V58/><F113/><W76/><G18/><T79/><D79/><U99/><E26/><N who="2" m="18647" /><F92/><W116/><G110/><T36/><D0/><U52/><E50/><V97/><F97/><W67/><G111/><T96/><REACH who="0" step="1"/><D93/><REACH who="0" ten="233,490,22,245" step="2"/><U119/><E119/><V24/><F24/><W7/><G116/><T115/><D115/><U85/><E74/><V103/><F103/><W8/><G102/><T94/><D94/><U12/><E12/><V62/><F62/><W90/><G122/><T13/><D13/><U75/><E75/><V39/><F39/><W27/><G121/><T106/><D106/><U17/><E17/><V10/><F10/><W89/><G8/><T78/><D78/><U86/><E86/><V31/><F31/><W104/><G84/><T20/><D20/><U23/><E23/><V55/><F58/><W91/><G59/><T22/><D22/><U70/><E70/><V120/><F120/><W87/><G57/><T45/><D45/><U21/><E21/><V44/><F47/><N who="3" m="24015" /><G104/><T124/><D124/><U53/><AGARI ba="1,1" hai="52,53,61,64,68,77,83,85,99,101,105" m="50251" machi="53" ten="30,11700,0" yaku="19,1,52,2,54,1" doraHai="51" who="1" fromWho="1" sc="233,-40,490,130,22,-40,245,-40" owari="193,-20.7,620,72.0,-18,-51.8,205,0.5" /></mjloggm>