<mjloggm ver="2.3"><GO type="225" lobby="0"/><UN n0="%E5%8D%A0%E3%81%84%E5%B8%AB%E8%A3%8F%E3%81%AA%E3%81%84%E3%81%97" n1="%E3%81%BF%E3%81%BF%E3%81%9A" n2="%6D%75%75%6D%75%72%61" n3="%72%61%6B%33" dan="16,16,16,16" rate="2144.11,2120.48,2139.81,2093.60" sx="M,M,F,M"/><TAIKYOKU oya="0"/><INIT seed="0,0,0,3,3,108" ten="250,250,250,250" oya="0" hai0="30,52,6,63,54,14,117,99,57,125,131,5,12" hai1="16,91,110,121,47,61,53,58,123,50,85,32,39" hai2="115,18,62,114,83,92,87,49,103,89,67,86,26" hai3="55,33,79,4,106,31,105,3,75,80,71,21,90"/><T19/><D117/><U64/><E110/><V72/><F72/><W56/><G21/><T73/><D131/><U68/><E32/><V130/><F130/><W98/><G90/><T109/><D109/><U40/><REACH who="1" step="1"/><E16/><REACH who="1" ten="250,240,250,250" step="2"/><V111/><F111/><W120/><G33/><T97/><D19/><U29/><E29/><V51/><F18/><W35/><G35/><T113/><D30/><U118/><E118/><V20/><F20/><W100/><G31/><T66/><D125/><U133/><E133/><V9/><F9/><W17/><G17/><T69/><D5/><U132/><E132/><V23/><F23/><W65/><G4/><T126/><D6/><U25/><E25/><V129/><F26/><W38/><G120/><T45/><D126/><U11/><E11/><V43/><F129/><W22/><G22/><T42/><D73/><U127/><E127/><V8/><F8/><W84/><G75/><T44/><D12/><U74/><E74/><V82/><F103/><W36/><G100/><T107/><D14/><U37/><E37/><V101/><F101/><W128/><G36/><T88/><D107/><U81/><AGARI ba="0,1" hai="39,40,47,50,53,58,61,64,68,81,85,91,121,123" machi="81" ten="20,8000,1" yaku="1,1,0,1,7,1,24,2,53,0" doraHai="108" doraHaiUra="0" who="1" fromWho="1" sc="250,-40,240,90,250,-20,250,-20" /><INIT seed="1,0,0,1,0,90" ten="210,330,230,230" oya="1" hai0="82,57,124,87,123,22,112,116,52,66,11,121,21" hai1="25,75,115,68,132,120,47,15,100,61,12,96,85" hai2="19,23,111,48,83,49,122,118,84,65,8,103,7" hai3="59,64,54,89,17,24,67,51,42,44,60,108,41"/><U70/><E115/><V101/><F118/><W39/><G108/><T91/><D112/><U126/><E75/><V43/><F122/><N who="0" m="46602" /><D116/><U113/><E120/><V77/><F65/><W28/><G17/><T32/><D32/><U86/><E113/><V105/><F111/><W72/><G72/><T27/><D124/><U107/><E126/><V29/><F29/><W78/><G78/><T92/><D66/><N who="3" m="25129" /><G89/><N who="0" m="51447" /><D11/><U79/><E61/><V3/><F105/><W135/><G24/><T36/><D36/><U93/><E132/><V127/><F127/><W104/><G28/><T1/><D1/><U13/><E25/><V80/><F43/><N who="3" m="22655" /><G104/><T20/><D27/><U30/><E30/><V134/><F134/><W63/><G135/><T16/><D16/><U99/><E47/><V102/><REACH who="2" step="1"/><F80/><REACH who="2" ten="210,330,220,230" step="2"/><W76/><G76/><T37/><D37/><U4/><E79/><V74/><F74/><W55/><G63/><N who="0" m="36263" /><D20/><U128/><E107/><V34/><F34/><W125/><G125/><T109/><D109/><U131/><E68/><V40/><F40/><W97/><G97/><AGARI ba="0,1" hai="21,22,91,92,97" m="36263,51447,46602" machi="97" ten="30,3900,0" yaku="13,1,52,1,54,1" doraHai="90" who="0" fromWho="3" sc="210,49,330,0,220,0,230,-39" /><INIT seed="2,0,0,2,4,74" ten="259,330,220,191" oya="2" hai0="125,66,18,15,97,61,33,58,26,29,93,95,59" hai1="107,117,64,35,1,131,99,129,82,4,23,100,53" hai2="30,7,19,88,85,133,98,135,44,48,78,109,46" hai3="102,51,79,45,27,49,22,36,77,73,11,90,96"/><V39/><F39/><W75/><G36/><T122/><D122/><U2/><E117/><V32/><F7/><W72/><G90/><T76/><D125/><U68/><E35/><V81/><F109/><W37/><G37/><T52/><D97/><U34/><E34/><V3/><F3/><W38/><G38/><T42/><D42/><U130/><E4/><V86/><F98/><W104/><G11/><T12/><D12/><U8/><E8/><V87/><F87/><W6/><G6/><T41/><D41/><U62/><E53/><V89/><F19/><W71/><G71/><T65/><D76/><U124/><E124/><V127/><F127/><W47/><G49/><T5/><D65/><U14/><E82/><N who="2" m="49207" /><F48/><W123/><G123/><T119/><D119/><U25/><E14/><V116/><F89/><W92/><G104/><T84/><D84/><U69/><E68/><V54/><F54/><W118/><G118/><T31/><D31/><AGARI ba="0,0" hai="1,2,23,25,31,62,64,69,99,100,107,129,130,131" machi="31" ten="40,1300,0" yaku="19,1" doraHai="74" who="1" fromWho="0" sc="259,-13,330,13,220,0,191,0" /><INIT seed="3,0,0,4,4,16" ten="246,343,220,191" oya="3" hai0="64,88,134,0,59,108,115,85,125,34,83,4,29" hai1="102,37,7,18,19,11,95,50,112,133,70,75,52" hai2="87,119,104,113,99,135,17,58,48,51,121,130,47" hai3="106,36,114,44,67,100,94,128,27,62,41,46,82"/><W72/><G128/><T35/><D108/><U124/><E112/><V79/><F113/><W71/><G114/><T21/><D115/><U63/><E37/><V109/><F119/><W122/><G94/><T28/><D0/><U103/><E75/><V89/><F109/><W132/><G44/><T49/><D34/><U33/><E33/><V43/><F135/><W131/><G131/><T86/><D35/><U53/><E133/><V90/><F130/><W40/><G40/><T55/><D4/><U31/><E31/><V92/><F104/><W111/><G27/><T24/><D125/><U80/><E80/><N who="2" m="47519" /><F121/><W30/><G30/><T26/><D134/><U38/><E19/><V76/><F76/><N who="3" m="44295" /><G132/><T78/><D26/><U5/><E53/><N who="2" m="32039" /><F17/><W13/><G13/><T123/><D28/><U10/><E95/><V3/><F3/><W8/><G8/><T96/><D123/><U39/><E102/><AGARI ba="0,0" hai="43,47,51,89,90,92,99,102" m="32039,47519" machi="102" ten="30,1000,0" yaku="8,1" doraHai="16" who="2" fromWho="1" sc="246,0,343,-10,220,10,191,0" owari="246,4.6,333,43.3,230,-17.0,191,-30.9" /></mjloggm>