<mjloggm ver="2.3"><GO type="225" lobby="0"/><UN n0="%E5%B8%86%E7%AB%8B%E5%A4%8F%E8%A1%A3" n1="%72%69%6F%75%63%68%61%6E" n2="%E3%82%B2%E3%82%B9%E8%8C%82%E5%8B%9D" n3="%6D%75%75%6D%75%72%61" dan="16,17,16,16" rate="2120.33,2211.70,2043.42,2099.90" sx="M,M,F,F"/><TAIKYOKU oya="0"/><INIT seed="0,0,0,4,4,110" ten="250,250,250,250" oya="0" hai0="122,8,52,56,107,34,124,118,123,91,28,129,37" hai1="103,134,130,121,19,126,7,11,95,78,33,18,55" hai2="116,36,66,13,24,31,131,16,38,133,81,79,76" hai3="51,65,97,53,29,85,94,45,26,60,44,4,41"/><T63/><D118/><U125/><E121/><V6/><F116/><W69/><G4/><T1/><D129/><U102/><E134/><V88/><F131/><W113/><G85/><T46/><D124/><N who="1" m="47723" /><E33/><V98/><F133/><W84/><G84/><T58/><D107/><U132/><E132/><V109/><F109/><W82/><G82/><T127/><D127/><U9/><E130/><V83/><F6/><W77/><G77/><T21/><D34/><U74/><E55/><V119/><F119/><W93/><G113/><T92/><D1/><U72/><E95/><N who="2" m="56679" /><F36/><W80/><G80/><N who="2" m="30793" /><F38/><W39/><REACH who="3" step="1"/><G97/><REACH who="3" ten="250,250,250,240" step="2"/><T75/><D123/><U101/><E78/><V10/><F66/><W17/><G17/><N who="1" m="6154" /><E7/><V48/><F48/><W112/><G112/><T15/><D122/><U117/><E117/><V89/><F89/><W73/><G73/><AGARI ba="0,1" hai="9,11,72,73,74,101,102,103" m="6154,47723" machi="73" ten="40,5200,0" yaku="28,2,18,1" doraHai="110" who="1" fromWho="3" sc="250,0,250,62,250,0,240,-52" /><INIT seed="1,0,0,0,5,117" ten="250,312,250,188" oya="1" hai0="33,37,112,13,29,78,102,76,92,104,90,44,98" hai1="34,94,66,116,128,24,87,99,15,64,83,107,91" hai2="132,32,69,101,75,54,67,123,133,73,97,31,120" hai3="9,58,39,82,121,53,130,74,96,46,106,85,19"/><U134/><E128/><V20/><F32/><W68/><G130/><T111/><D112/><U62/><E134/><N who="2" m="51819" /><F54/><W4/><G68/><T14/><D111/><U45/><E116/><V118/><F118/><W71/><G74/><N who="2" m="28169" /><F67/><W135/><G71/><T6/><D33/><U0/><E0/><V109/><F69/><W79/><G135/><T122/><D29/><U124/><E124/><V127/><F109/><W26/><G121/><N who="2" m="46665" /><F127/><W17/><G53/><T48/><D122/><U89/><E64/><V12/><F12/><W70/><G70/><T108/><D14/><U40/><E15/><V2/><F2/><W100/><G58/><T43/><D108/><U38/><E34/><V35/><F35/><W25/><G25/><T28/><D13/><U8/><E24/><N who="2" m="16775" /><F97/><W1/><REACH who="3" step="1"/><G26/><REACH who="3" ten="250,312,250,178" step="2"/><T5/><D5/><U22/><E66/><V49/><F49/><W77/><G77/><T63/><D48/><U18/><E62/><V23/><F23/><W27/><G27/><T114/><D76/><U61/><E61/><V55/><F55/><W51/><G51/><T105/><D78/><U60/><E60/><V88/><F101/><W59/><G59/><T52/><D102/><U95/><E22/><V119/><F119/><W57/><G57/><T110/><D52/><U50/><E50/><V72/><F72/><W84/><G84/><T80/><D63/><U36/><E87/><V125/><F125/><W56/><G56/><T10/><D110/><U16/><E99/><V129/><F129/><W42/><AGARI ba="0,1" hai="1,4,9,17,19,39,42,46,79,82,85,96,100,106" machi="42" ten="30,2000,0" yaku="1,1,0,1,53,0" doraHai="117" doraHaiUra="126" who="3" fromWho="3" sc="250,-5,312,-10,250,-5,178,30" /><INIT seed="2,0,0,3,5,92" ten="245,302,245,208" oya="2" hai0="0,90,123,61,107,93,105,115,76,15,130,48,70" hai1="113,82,104,12,9,118,13,71,95,27,106,102,25" hai2="30,72,58,117,80,11,29,35,77,135,24,75,19" hai3="101,37,125,121,40,64,85,31,109,73,54,124,84"/><V57/><F135/><W87/><G121/><T6/><D0/><U8/><E113/><V46/><F117/><W50/><G73/><T98/><D115/><U111/><E118/><V34/><F72/><W22/><G109/><T5/><D123/><U65/><E111/><V2/><F46/><W60/><G37/><T69/><D130/><U133/><E133/><V47/><F47/><W91/><G40/><T103/><D76/><U17/><E82/><V38/><F38/><W3/><G3/><T94/><D48/><U36/><E36/><V108/><F108/><W63/><G91/><T18/><D107/><U45/><E45/><V4/><REACH who="2" step="1"/><F19/><REACH who="2" ten="245,302,235,208" step="2"/><W81/><G125/><T99/><D105/><U129/><E106/><V1/><F1/><W78/><G124/><T116/><D116/><U43/><E104/><V49/><F49/><W126/><G126/><T68/><REACH who="0" step="1"/><D61/><REACH who="0" ten="235,302,235,208" step="2"/><U28/><E129/><V83/><F83/><W114/><G81/><T67/><D67/><U79/><E65/><V23/><F23/><AGARI ba="0,2" hai="5,6,15,18,23,68,69,70,90,93,94,98,99,103" machi="23" ten="40,8000,1" yaku="1,1,52,2,53,1" doraHai="92" doraHaiUra="96" who="0" fromWho="2" sc="235,100,302,0,235,-80,208,0" /><INIT seed="3,0,0,2,4,92" ten="335,302,155,208" oya="3" hai0="25,88,57,47,115,30,14,76,18,27,15,130,22" hai1="122,70,124,111,40,72,134,101,20,95,83,0,1" hai2="86,84,63,71,58,114,123,135,121,49,94,46,93" hai3="66,102,16,56,41,128,23,21,129,19,125,39,35"/><W10/><G35/><T110/><D110/><U64/><E122/><V67/><F114/><W9/><G125/><T120/><D130/><N who="3" m="50281" /><G41/><T105/><D105/><U118/><E40/><V29/><F29/><W17/><G39/><T104/><D104/><U37/><E37/><V98/><F135/><W103/><G56/><T69/><D69/><U42/><E42/><V48/><F71/><W81/><G81/><T62/><D76/><U55/><E55/><V73/><F73/><W127/><G66/><T31/><D115/><U68/><E70/><V24/><F24/><W26/><G127/><T36/><D120/><U5/><E124/><V97/><F67/><W87/><G87/><T89/><D47/><U34/><E34/><V77/><F58/><W28/><G102/><T132/><D36/><U85/><E68/><V45/><F63/><W43/><G103/><T8/><D132/><U38/><E101/><V107/><F107/><W133/><G43/><T60/><D60/><U65/><E64/><V116/><F116/><W79/><G79/><AGARI ba="0,0" hai="45,46,48,49,77,79,84,86,93,94,97,98,121,123" machi="79" ten="25,6400,0" yaku="22,2,52,2" doraHai="92" who="2" fromWho="3" sc="335,0,302,0,155,64,208,-64" owari="335,43.5,302,10.2,219,-18.1,144,-35.6" /></mjloggm>