<mjloggm ver="2.3"><GO type="225" lobby="0"/><UN n0="%72%69%6F%75%63%68%61%6E" n1="%E7%BD%AA%E5%88%91%E6%B3%95%E5%AE%9A%E4%B8%BB%E7%BE%A9" n2="%E3%81%A9%E3%82%8F%E3%82%93%E3%81%94" n3="%E3%82%BC%E3%83%AB%E3%83%80%E3%81%AE%E4%BC%9D%E8%AA%AC" dan="17,16,16,17" rate="2255.90,2175.60,2084.09,2220.42" sx="M,M,M,M"/><TAIKYOKU oya="0"/><INIT seed="0,0,0,0,3,130" ten="250,250,250,250" oya="0" hai0="63,128,60,72,74,90,61,133,107,23,56,64,83" hai1="55,78,8,11,28,87,108,66,19,113,121,73,0" hai2="93,2,22,40,17,101,77,30,115,36,3,57,119" hai3="117,97,110,109,34,50,116,49,46,15,18,1,92"/><T12/><D133/><U62/><E121/><V14/><F115/><W80/><G1/><T7/><D128/><U81/><E113/><V94/><F119/><W43/><G34/><T21/><D107/><U68/><E108/><N who="3" m="41578" /><G80/><T5/><D74/><U91/><E28/><V51/><F77/><W69/><G50/><T44/><D44/><U52/><E11/><V70/><F70/><W131/><G69/><T96/><D72/><U6/><REACH who="1" step="1"/><E19/><REACH who="1" ten="250,240,250,250" step="2"/><V20/><F30/><W134/><G131/><T41/><D21/><U95/><AGARI ba="0,1" hai="0,6,8,52,55,62,66,68,73,78,81,87,91,95" machi="95" ten="20,12000,2" yaku="1,1,2,1,0,1,7,1,54,1,53,1" doraHai="130" doraHaiUra="79" who="1" fromWho="1" sc="250,-60,240,130,250,-30,250,-30" /><INIT seed="1,0,0,4,1,134" ten="190,370,220,220" oya="1" hai0="67,121,72,9,29,116,8,110,34,103,83,66,63" hai1="21,10,114,96,42,37,130,119,101,12,115,50,11" hai2="93,78,127,28,102,16,59,51,87,125,56,48,79" hai3="91,89,65,60,38,46,4,35,18,99,124,80,88"/><U33/><E33/><V84/><F28/><W43/><G124/><N who="2" m="47689" /><F16/><W111/><G111/><T44/><D116/><U70/><E119/><V107/><F107/><W3/><G35/><T23/><D34/><U108/><E130/><V73/><F73/><W133/><G133/><T100/><D110/><U98/><E108/><V14/><F14/><W94/><G80/><T5/><D121/><U68/><E115/><V32/><F32/><W6/><G18/><T118/><D118/><U0/><E0/><V52/><F102/><W120/><G120/><T55/><D9/><U26/><E11/><V45/><F59/><W132/><G132/><T49/><D103/><U86/><E101/><V22/><F22/><W31/><G31/><T76/><D100/><U27/><E21/><V61/><F51/><W85/><G3/><T53/><D29/><U41/><E50/><V74/><F74/><W131/><G131/><T123/><D23/><U129/><E12/><V2/><F2/><W25/><G25/><T106/><D106/><U109/><E27/><V7/><F7/><W15/><G4/><T57/><D123/><U36/><E26/><V92/><F87/><W40/><G85/><T105/><REACH who="0" step="1"/><D105/><REACH who="0" ten="180,370,220,220" step="2"/><U24/><E109/><V97/><F84/><W135/><G135/><T47/><D47/><U75/><E86/><V122/><F122/><W82/><G46/><T17/><D17/><U54/><E129/><V1/><F97/><W20/><G20/><T62/><D62/><U19/><E98/><V81/><F1/><AGARI ba="0,1" hai="1,5,8,44,49,53,55,57,63,66,67,72,76,83" machi="1" ten="30,2000,0" yaku="1,1,7,1,53,0" doraHai="134" doraHaiUra="39" who="0" fromWho="2" sc="180,30,370,0,220,-20,220,0" /><INIT seed="2,0,0,1,4,113" ten="210,370,200,220" oya="2" hai0="38,103,77,20,117,19,96,111,131,130,62,83,89" hai1="58,4,63,29,31,86,64,125,116,134,85,65,107" hai2="43,106,126,26,27,54,40,87,102,6,94,129,5" hai3="22,128,51,41,48,75,135,9,93,32,109,50,49"/><V13/><F126/><W14/><G32/><T30/><D111/><U104/><E125/><V44/><F129/><N who="0" m="49162" /><D38/><U67/><E134/><V11/><F106/><W10/><G128/><T12/><D30/><U46/><E4/><V99/><F6/><W36/><G109/><T35/><D35/><U59/><E46/><V47/><F54/><W1/><G135/><T105/><D62/><U90/><E67/><V100/><F100/><W101/><G75/><N who="0" m="43455" /><D89/><U53/><E90/><V78/><F47/><N who="3" m="25711" /><G1/><T8/><D8/><U81/><E63/><V73/><F73/><W122/><G36/><T21/><D21/><U15/><E29/><V68/><F68/><W91/><G122/><T3/><D3/><U16/><E31/><V127/><F127/><W132/><G101/><T71/><D71/><U37/><E37/><V82/><F43/><W70/><G132/><T25/><D12/><U84/><E15/><V123/><F123/><W66/><G70/><T80/><D80/><U74/><E81/><V69/><F69/><W39/><G39/><AGARI ba="0,0" hai="5,11,13,26,27,39,40,44,78,82,87,94,99,102" machi="39" ten="30,1500,0" yaku="7,1" doraHai="113" who="2" fromWho="3" sc="210,0,370,0,200,15,220,-15" /><INIT seed="2,1,0,0,3,95" ten="210,370,215,205" oya="2" hai0="94,60,71,127,121,125,119,79,98,128,106,115,67" hai1="126,116,4,16,83,48,86,111,8,35,88,46,103" hai2="27,114,23,107,85,36,72,18,102,6,90,31,53" hai3="122,133,131,120,130,24,33,132,82,11,21,56,68"/><V54/><F114/><W55/><G82/><T39/><D121/><U19/><E116/><V2/><F72/><W43/><G68/><T22/><D115/><U117/><E117/><V47/><F2/><W13/><G33/><T84/><D119/><U62/><E111/><V80/><F6/><N who="3" m="3319" /><G43/><T44/><D128/><N who="3" m="49193" /><G56/><T101/><D22/><U42/><E35/><V0/><F0/><W96/><G96/><T129/><D129/><U135/><E126/><N who="0" m="48137" /><D79/><U52/><E135/><N who="3" m="51786" /><G55/><T70/><D70/><U64/><E103/><V41/><REACH who="2" step="1"/><F31/><AGARI ba="1,0" hai="21,24,31,120,122" m="51786,49193,3319" machi="31" ten="30,7700,0" yaku="19,1,20,1,34,2" doraHai="95" who="3" fromWho="2" sc="210,0,370,0,215,-80,205,80" /><INIT seed="3,0,0,1,4,23" ten="210,370,135,285" oya="3" hai0="29,17,2,35,81,118,45,117,1,104,108,11,51" hai1="78,116,54,56,129,38,28,89,79,84,82,49,105" hai2="4,120,106,91,39,53,80,122,94,130,123,7,46" hai3="125,24,52,15,85,34,58,100,114,126,69,134,97"/><W68/><G114/><T61/><D108/><U83/><E38/><V5/><F106/><W135/><G85/><T76/><D104/><U110/><E105/><V99/><F130/><W41/><G41/><T73/><D61/><U101/><E110/><V16/><F80/><W127/><G15/><T20/><D35/><U124/><E124/><V8/><F39/><W43/><G43/><T128/><D128/><U60/><E129/><V131/><F131/><W32/><G97/><T12/><D1/><U10/><E101/><V64/><F64/><W40/><G40/><T86/><D73/><U13/><E28/><V26/><F53/><W63/><G100/><T47/><D47/><N who="1" m="27967" /><E83/><V62/><F62/><W107/><G107/><T18/><D29/><U9/><E116/><V0/><F46/><W115/><G115/><T66/><D66/><N who="1" m="39175" /><E9/><V74/><F74/><W111/><G111/><T72/><D72/><U96/><E96/><V87/><F99/><W55/><G55/><T14/><D2/><U67/><E67/><V119/><F119/><W93/><G93/><T21/><D11/><U113/><E113/><V42/><F42/><AGARI ba="0,0" hai="12,14,17,18,20,21,42,45,51,76,81,86,117,118" machi="42" ten="30,2000,0" yaku="7,1,9,1" doraHai="23" who="0" fromWho="2" sc="210,20,370,0,135,-20,285,0" owari="230,-17.0,370,47.0,115,-38.5,285,8.5" /></mjloggm>