<mjloggm ver="2.3"><GO type="225" lobby="0"/><UN n0="%73%6C%69%63%6B%33%31%39" n1="%6D%75%75%6D%75%72%61" n2="%E6%98%93%E5%88%A9%E8%96%A9%E4%BC%AF" n3="%E3%81%A1%E3%82%85%E3%81%86%E3%81%A9%E3%81%8F%E8%B1%A1%E3%81%95%E3%82%93" dan="17,17,16,17" rate="2159.62,2181.45,2127.76,2139.48" sx="M,F,F,M"/><TAIKYOKU oya="0"/><INIT seed="0,0,0,5,5,0" ten="250,250,250,250" oya="0" hai0="10,11,111,77,109,102,131,118,61,124,41,23,49" hai1="69,91,120,125,93,4,119,65,38,72,98,79,57" hai2="127,130,36,29,34,14,96,60,106,68,105,76,78" hai3="55,117,103,101,32,85,81,108,13,42,95,104,15"/><T99/><D118/><U35/><E119/><V7/><F36/><W132/><G117/><T86/><D131/><U113/><E120/><V19/><F127/><W89/><G32/><T63/><D124/><U37/><E125/><V54/><F106/><W123/><G123/><T82/><D23/><U26/><E69/><V43/><F43/><W88/><G108/><N who="0" m="41547" /><D41/><U87/><E72/><V80/><F80/><W122/><G122/><T62/><D49/><U50/><E79/><V33/><F33/><W74/><G42/><T24/><D24/><U22/><E35/><V90/><F90/><W8/><G132/><T27/><D27/><U121/><E121/><V112/><F112/><W9/><G104/><AGARI ba="0,0" hai="10,11,61,62,63,77,82,86,99,102,104" m="41547" machi="104" ten="30,2900,0" yaku="14,1,10,1" doraHai="0" who="0" fromWho="3" sc="250,29,250,0,250,0,250,-29" /><INIT seed="0,1,0,1,2,58" ten="279,250,250,221" oya="0" hai0="48,131,37,93,98,117,104,110,129,26,121,100,88" hai1="15,128,119,135,47,77,42,22,134,69,1,108,54" hai2="85,91,12,118,96,7,122,43,72,55,41,102,6" hai3="4,23,94,38,44,21,80,35,92,40,116,46,39"/><T124/><D37/><U8/><E119/><V133/><F72/><W107/><G107/><T30/><D117/><U70/><E108/><V18/><F122/><W19/><G116/><T109/><D121/><U71/><E128/><N who="0" m="49225" /><D48/><N who="1" m="28959" /><E1/><V66/><F66/><W105/><G105/><T51/><D51/><U56/><E77/><V115/><F133/><N who="1" m="50697" /><E22/><V62/><F41/><W101/><G35/><T75/><D124/><U87/><E87/><V53/><F43/><W113/><G113/><T25/><D75/><U52/><E42/><V17/><F115/><W33/><G40/><T28/><D25/><U103/><E103/><V84/><F12/><W79/><G101/><T74/><D74/><U20/><E20/><V65/><F102/><W111/><G33/><N who="0" m="20631" /><D30/><U5/><E71/><V67/><F118/><W120/><G111/><N who="0" m="42507" /><D104/><U68/><E68/><V50/><F50/><AGARI ba="1,0" hai="5,8,15,50,52,56,69,70" m="50697,28959" machi="50" ten="30,2000,0" yaku="20,1,54,1" doraHai="58" who="1" fromWho="2" sc="279,0,250,23,250,-23,221,0" /><INIT seed="1,0,0,4,3,84" ten="279,273,227,221" oya="1" hai0="119,13,59,86,14,66,51,83,135,126,19,78,7" hai1="50,93,16,27,1,102,43,114,24,127,111,26,90" hai2="97,39,63,117,132,109,106,113,115,31,40,46,105" hai3="101,134,110,100,35,3,34,29,41,42,49,5,99"/><U79/><E114/><N who="2" m="43531" /><F109/><W36/><G110/><T73/><D119/><U82/><E111/><V72/><F117/><W118/><G118/><T131/><D131/><U45/><E1/><V120/><F120/><W75/><G75/><T47/><D126/><U68/><E68/><V2/><F72/><W61/><G61/><N who="0" m="38207" /><D73/><U85/><E127/><V18/><F2/><W81/><G81/><T6/><D135/><U70/><E70/><V28/><F132/><W129/><G49/><T107/><D107/><N who="2" m="40970" /><F97/><W88/><G99/><T123/><D14/><U32/><E32/><V103/><F103/><W37/><G3/><T25/><D25/><U124/><E124/><V87/><F63/><W125/><G134/><T38/><D38/><U11/><E102/><V52/><F18/><W122/><G125/><T77/><D77/><U67/><E67/><V54/><F87/><W76/><G129/><T44/><D44/><U20/><E11/><V9/><F9/><W60/><G60/><T33/><D33/><U64/><E64/><V116/><F116/><W21/><G122/><T133/><D123/><U56/><E56/><V69/><F69/><W112/><G112/><T128/><D128/><U57/><E57/><V12/><F12/><W108/><G108/><T74/><D74/><AGARI ba="0,0" hai="16,20,24,26,27,43,45,50,74,79,82,85,90,93" machi="74" ten="30,5800,0" yaku="7,1,52,1,54,1" doraHai="84" who="1" fromWho="0" sc="279,-58,273,58,227,0,221,0" /><INIT seed="1,1,0,3,3,46" ten="221,331,227,221" oya="1" hai0="102,132,30,97,0,82,86,130,38,4,99,28,87" hai1="66,76,20,58,122,78,113,109,10,50,112,106,33" hai2="125,31,67,18,96,95,19,126,83,59,105,92,13" hai3="39,26,128,70,49,37,44,45,134,62,117,127,42"/><U88/><E122/><V15/><F105/><W52/><G26/><T60/><D38/><N who="3" m="14345" /><G127/><N who="2" m="48649" /><F31/><W7/><G7/><T2/><D60/><U124/><E33/><V133/><F133/><W91/><G91/><T79/><D4/><U94/><E124/><V89/><F67/><N who="3" m="41335" /><G134/><T54/><D54/><U51/><E106/><V104/><F59/><N who="3" m="33167" /><G128/><T93/><D130/><U35/><E35/><V1/><F1/><W81/><G81/><T84/><D132/><U90/><E20/><N who="2" m="11343" /><F83/><W98/><G98/><T27/><D97/><U14/><E94/><N who="2" m="56399" /><F104/><W57/><G117/><T41/><D41/><U17/><E17/><V77/><F77/><W29/><G29/><T11/><D11/><AGARI ba="1,0" hai="11,15,19,92,95" m="56399,11343,48649" machi="11" ten="30,1000,0" yaku="18,1" doraHai="46" who="2" fromWho="0" sc="221,-13,331,0,227,13,221,0" /><INIT seed="2,0,0,4,2,115" ten="208,331,240,221" oya="2" hai0="93,68,86,124,58,69,11,57,38,39,6,60,114" hai1="28,43,32,127,75,74,98,8,77,34,111,16,87" hai2="72,53,49,51,83,17,27,70,88,44,50,82,42" hai3="31,10,99,19,25,108,96,81,15,94,100,126,20"/><V24/><F70/><W120/><G108/><T22/><D114/><U76/><E111/><V95/><F51/><W122/><G126/><T118/><D124/><U129/><E127/><V85/><F72/><W84/><REACH who="3" step="1"/><G96/><REACH who="3" ten="208,331,240,211" step="2"/><T110/><D110/><U46/><E129/><V132/><F132/><W135/><G135/><T3/><D118/><U119/><E119/><V41/><F41/><W91/><AGARI ba="0,1" hai="10,15,19,20,25,31,81,84,91,94,99,100,120,122" machi="91" ten="20,2700,0" yaku="1,1,0,1,7,1,53,0" doraHai="115" doraHaiUra="2" who="3" fromWho="3" sc="208,-7,331,-7,240,-13,211,37" /><INIT seed="3,0,0,1,0,38" ten="201,324,227,248" oya="3" hai0="64,45,33,16,101,35,54,133,53,128,90,59,73" hai1="92,116,31,65,109,132,98,76,2,84,95,117,42" hai2="74,48,47,0,22,4,34,40,70,88,25,127,85" hai3="131,17,44,121,120,15,111,5,24,26,96,72,100"/><W36/><G72/><T49/><D73/><U67/><E109/><V41/><F74/><W79/><G131/><T32/><D128/><U106/><E2/><V126/><F70/><W115/><G115/><T12/><D133/><U11/><E106/><V55/><F34/><W21/><G111/><T50/><D101/><U135/><E42/><V14/><F0/><W78/><G120/><T63/><D90/><N who="1" m="53319" /><E76/><V39/><F4/><W1/><G121/><T51/><REACH who="0" step="1"/><D45/><REACH who="0" ten="191,324,227,248" step="2"/><U91/><E132/><V61/><F61/><W60/><G60/><T110/><D110/><U103/><E135/><V80/><F14/><W134/><G44/><T20/><AGARI ba="0,1" hai="12,16,20,32,33,35,49,50,51,53,54,59,63,64" machi="20" ten="40,5200,0" yaku="1,1,0,1,54,1,53,0" doraHai="38" doraHaiUra="125" who="0" fromWho="0" sc="191,62,324,-13,227,-13,248,-26" owari="253,5.3,311,41.1,214,-28.6,222,-17.8" /></mjloggm>