<mjloggm ver="2.3"><GO type="225" lobby="0"/><UN n0="%E6%81%A5%E6%99%92%E3%81%97" n1="%E3%82%B2%E3%82%B9%E8%8C%82%E5%8B%9D" n2="%E3%81%8B%E3%82%8F%E3%81%A1%E3%82%83%E3%82%93%35%38" n3="%E3%83%81%E3%83%AF%E3%83%AF%E9%9A%8A%E9%95%B7" dan="16,16,16,17" rate="2122.03,2126.97,2111.28,2220.17" sx="M,F,M,M"/><TAIKYOKU oya="0"/><INIT seed="0,0,0,3,2,68" ten="250,250,250,250" oya="0" hai0="118,88,35,122,61,69,37,103,111,19,105,95,29" hai1="3,83,6,62,89,85,43,81,64,108,2,13,116" hai2="99,101,73,104,131,58,12,47,71,102,132,133,128" hai3="134,130,51,90,32,16,65,48,0,9,30,113,8"/><T17/><D118/><U112/><E116/><V10/><F71/><W76/><G113/><T86/><D122/><U124/><E112/><V87/><F58/><W24/><G130/><N who="2" m="49705" /><F47/><W100/><G134/><N who="2" m="51817" /><F12/><W126/><G0/><T34/><D111/><U31/><E108/><V54/><F54/><W49/><G65/><N who="0" m="41135" /><D35/><U5/><E43/><V56/><F56/><W66/><G66/><T4/><D4/><U82/><E31/><V38/><F10/><W106/><G8/><T77/><D77/><U80/><E3/><V117/><F38/><W7/><G7/><T15/><D15/><U119/><E2/><V84/><F117/><W67/><G67/><T121/><D121/><U74/><E119/><V53/><F53/><W127/><G9/><T125/><D37/><U40/><E40/><V93/><F73/><W109/><G109/><T14/><D14/><U92/><E13/><V20/><F20/><W33/><G33/><T110/><D110/><U79/><E5/><V94/><F104/><W18/><G106/><T98/><D19/><U72/><E6/><V39/><F39/><W42/><G18/><T59/><D17/><U91/><E72/><V28/><F28/><W46/><G16/><T52/><D34/><U123/><E62/><V115/><F115/><W129/><G129/><T50/><D29/><U23/><E123/><V55/><F55/><W135/><G135/><T78/><D105/><U22/><E64/><V96/><AGARI ba="0,0" hai="84,87,93,94,96,99,101,102" m="51817,49705" machi="96" ten="40,8000,1" yaku="19,1,20,1,34,2" doraHai="68" who="2" fromWho="2" sc="250,-40,250,-20,250,80,250,-20" /><INIT seed="1,0,0,2,1,7" ten="210,230,330,230" oya="1" hai0="74,62,22,113,125,119,34,44,31,66,88,60,87" hai1="122,13,49,107,35,123,105,38,11,40,14,32,126" hai2="111,48,42,134,72,85,92,45,103,52,112,130,33" hai3="129,76,5,55,79,98,109,54,124,57,41,100,24"/><U115/><E49/><V0/><F72/><W61/><G124/><T90/><D125/><U21/><E21/><V9/><F33/><W127/><G127/><T51/><D113/><U117/><E126/><V20/><F112/><W82/><G129/><T64/><D119/><U104/><E117/><V110/><F130/><W43/><G109/><N who="2" m="41481" /><F134/><W36/><G36/><T39/><D74/><U80/><E115/><V53/><F20/><W28/><G5/><T63/><D34/><U97/><E97/><N who="2" m="59815" /><F85/><W106/><G54/><N who="2" m="21097" /><F9/><W132/><G132/><T120/><D39/><U99/><E99/><V1/><AGARI ba="0,0" hai="0,1,42,45,48" m="21097,59815,41481" machi="1" ten="30,2000,0" yaku="14,1,54,1" doraHai="7" who="2" fromWho="2" sc="210,-5,230,-10,330,20,230,-5" /><INIT seed="2,0,0,0,1,42" ten="205,220,350,225" oya="2" hai0="129,115,95,79,103,13,62,84,117,60,51,27,41" hai1="91,106,58,118,127,28,120,44,21,121,133,68,24" hai2="97,94,77,31,9,26,74,71,73,88,98,116,90" hai3="96,52,113,65,107,85,110,54,33,55,108,78,16"/><V99/><F71/><W69/><G33/><T53/><D129/><U72/><E68/><V3/><F116/><W39/><G113/><T82/><D117/><U125/><E118/><V70/><F70/><W18/><G39/><T122/><D122/><N who="1" m="47211" /><E72/><V92/><F77/><W40/><G40/><T22/><D13/><U5/><E106/><V75/><F9/><W8/><G69/><T2/><D2/><U81/><E58/><V50/><F3/><W87/><G65/><T30/><D41/><U93/><E81/><V111/><F50/><W10/><G107/><T119/><D115/><U126/><E5/><V105/><F111/><N who="3" m="42539" /><G96/><N who="0" m="59807" /><D119/><U56/><E56/><AGARI ba="0,0" hai="22,27,30,51,53,56,60,62,79,82,84" m="59807" machi="56" ten="30,1000,0" yaku="8,1" doraHai="42" who="0" fromWho="1" sc="205,10,220,-10,350,0,225,0" /><INIT seed="3,0,0,1,1,4" ten="215,210,350,225" oya="3" hai0="61,130,87,113,89,110,75,40,126,11,20,47,16" hai1="107,29,121,42,49,118,103,34,15,134,99,17,24" hai2="131,70,123,132,10,117,5,46,66,90,48,27,3" hai3="30,127,6,36,108,135,71,9,56,128,63,78,106"/><W80/><G71/><T112/><D75/><U57/><E121/><V97/><F117/><W133/><G36/><T32/><D110/><U111/><E111/><V74/><F74/><W14/><G108/><T92/><D126/><U69/><E134/><N who="3" m="51210" /><G106/><T98/><D130/><U120/><E120/><V115/><F70/><W104/><G104/><T59/><D11/><U116/><E69/><V85/><F132/><W76/><G128/><T81/><D32/><U58/><E42/><V82/><F131/><W21/><G127/><T119/><D119/><N who="1" m="45611" /><E49/><V54/><F123/><W124/><G124/><T102/><D47/><U91/><E91/><V22/><F115/><N who="0" m="44106" /><D40/><U45/><E45/><V67/><F97/><W13/><G80/><T51/><D51/><U62/><E62/><V43/><F43/><W18/><G30/><AGARI ba="0,0" hai="3,5,10,22,27,30,46,48,54,66,67,82,85,90" machi="30" ten="30,2000,0" yaku="7,1,52,1" doraHai="4" who="2" fromWho="3" sc="215,0,210,0,350,20,225,-20" owari="215,1.5,210,-19.0,370,47.0,205,-29.5" /></mjloggm>