<mjloggm ver="2.3"><GO type="225" lobby="0"/><UN n0="%E5%B0%8F%E9%B3%A5%E9%81%8A%E7%B7%B4%E7%84%A1%32%31%E6%AD%B3" n1="%E3%81%BF%E3%81%BF%E3%81%9A" n2="%E3%82%BF%E3%83%BC%E3%83%90%E3%83%B3%E9%87%8E%E5%8F%A3" n3="%E8%83%83%E3%81%A8%E8%85%B8" dan="16,16,16,17" rate="2147.57,2136.99,2137.17,2184.32" sx="F,M,M,M"/><TAIKYOKU oya="0"/><INIT seed="0,0,0,5,4,54" ten="250,250,250,250" oya="0" hai0="34,83,91,41,48,79,25,20,9,66,44,60,114" hai1="130,107,64,24,31,57,0,58,16,97,93,131,21" hai2="74,82,123,46,61,39,6,115,135,29,104,5,22" hai3="45,36,76,32,52,68,88,63,40,28,37,33,84"/><T26/><D114/><U15/><E0/><V126/><F123/><W38/><G76/><T1/><D34/><U78/><E78/><V116/><F115/><W99/><G99/><T118/><D118/><U77/><E77/><V122/><F122/><W125/><G125/><T81/><D91/><N who="1" m="55487" /><E64/><V11/><F104/><W14/><G14/><T50/><D50/><U113/><E107/><V110/><F39/><W94/><G32/><T23/><D1/><U75/><E75/><V30/><F74/><W43/><G43/><T124/><D9/><N who="1" m="6255" /><E113/><V132/><F11/><W67/><REACH who="3" step="1"/><G52/><REACH who="3" ten="250,250,250,240" step="2"/><T103/><D124/><U65/><E65/><V85/><F126/><W92/><G92/><T55/><D55/><U106/><E106/><V133/><F132/><W111/><G111/><T101/><D79/><U95/><E95/><V49/><F110/><W89/><G89/><T120/><D120/><U121/><E121/><V47/><F133/><W51/><G51/><T96/><D103/><U117/><E117/><V129/><F49/><W3/><G3/><T12/><D101/><U13/><E13/><V17/><F135/><W127/><G127/><T70/><D12/><U102/><E102/><V59/><F116/><W134/><G134/><T53/><D96/><U19/><E131/><V71/><F129/><W80/><G80/><T27/><D53/><U42/><E130/><V56/><F82/><W72/><G72/><T98/><D98/><U4/><E42/><V128/><F128/><W18/><G18/><T8/><D81/><U10/><E19/><V112/><F17/><W105/><G105/><RYUUKYOKU ba="0,1" sc="250,-15,250,15,250,-15,240,15" hai1="4,10,21,24,31,57,58" hai3="28,33,36,37,38,40,45,63,67,68,84,88,94" /><INIT seed="1,1,1,0,3,87" ten="235,265,235,255" oya="1" hai0="82,39,72,81,16,31,85,89,127,125,111,20,27" hai1="100,4,66,106,17,56,32,121,47,53,25,60,46" hai2="83,22,43,129,45,18,34,135,59,70,51,114,1" hai3="107,117,88,92,97,133,65,37,54,41,128,8,30"/><U19/><E121/><V115/><F34/><W35/><G128/><T64/><D39/><U99/><E4/><V73/><F70/><W24/><G133/><T123/><D123/><U33/><E47/><V5/><F129/><W130/><G130/><T74/><D64/><U44/><E46/><V9/><F135/><W90/><G117/><T76/><D111/><U75/><E75/><V10/><F10/><W109/><G109/><T91/><D72/><U52/><E53/><V49/><F59/><W108/><G108/><T6/><D6/><U110/><E110/><V2/><F2/><W29/><G8/><T57/><D57/><U77/><E77/><V58/><F58/><W23/><G107/><T12/><REACH who="0" step="1"/><D89/><REACH who="0" ten="225,265,235,255" step="2"/><N who="3" m="34409" /><G37/><T61/><D61/><U14/><E66/><V62/><F62/><W40/><G65/><T7/><D7/><U42/><E44/><V13/><F73/><W119/><G119/><T118/><D118/><U112/><E112/><N who="2" m="43051" /><F83/><W124/><G124/><T21/><AGARI ba="1,2" hai="12,16,20,21,27,31,74,76,81,82,85,91,125,127" machi="21" ten="30,8000,1" yaku="1,1,0,1,52,1,54,1,53,1" doraHai="87" doraHaiUra="104" who="0" fromWho="0" sc="225,103,265,-41,235,-21,255,-21" /><INIT seed="2,0,0,2,4,108" ten="328,224,214,234" oya="2" hai0="88,20,111,90,6,79,77,9,21,133,18,3,44" hai1="39,124,58,73,61,60,116,64,121,81,4,5,26" hai2="76,110,30,97,55,82,100,85,103,86,7,35,27" hai3="19,101,38,128,132,12,75,69,68,49,98,23,102"/><V59/><F110/><W33/><G38/><T131/><D111/><U94/><E116/><V10/><F86/><W42/><G128/><T83/><D131/><U24/><E39/><V129/><F129/><W16/><G132/><T93/><D133/><U80/><E124/><V127/><F97/><W120/><G120/><T78/><D83/><N who="1" m="31819" /><E73/><V99/><F99/><W70/><G75/><T32/><D32/><U2/><E2/><V135/><F127/><W114/><G33/><T66/><D66/><N who="1" m="39191" /><E94/><V54/><F135/><W57/><G114/><T51/><D93/><U117/><E117/><V43/><F43/><W105/><G101/><T109/><D109/><U74/><E74/><V14/><REACH who="2" step="1"/><F54/><REACH who="2" ten="328,224,204,234" step="2"/><W84/><G84/><T48/><D77/><U107/><E107/><V71/><F71/><W47/><G68/><T28/><D79/><U56/><E121/><V63/><AGARI ba="0,1" hai="7,10,14,27,30,35,55,59,63,76,82,85,100,103" machi="63" ten="20,3900,0" yaku="1,1,0,1,7,1,53,0" doraHai="108" doraHaiUra="36" who="2" fromWho="2" sc="328,-13,224,-13,204,49,234,-13" /><INIT seed="2,1,0,3,4,64" ten="315,211,253,221" oya="2" hai0="68,115,118,131,105,10,20,61,43,31,33,35,69" hai1="94,17,22,119,132,45,71,81,21,88,91,28,114" hai2="44,23,54,82,97,65,3,107,66,83,26,53,62" hai3="48,127,75,99,18,78,70,109,12,74,125,129,117"/><V16/><F3/><W90/><G48/><T128/><D115/><U101/><E114/><V25/><F107/><W133/><G12/><T41/><D105/><U76/><E119/><V51/><F97/><W38/><G18/><T30/><D20/><U106/><E71/><V100/><F100/><W67/><G67/><N who="2" m="25609" /><F26/><W2/><G90/><T104/><D104/><U46/><E132/><V55/><F62/><W24/><G78/><T4/><D61/><U120/><E120/><V77/><F77/><W19/><G19/><T84/><D84/><N who="1" m="48167" /><E106/><V59/><F59/><W121/><G24/><T57/><D57/><U126/><E126/><N who="3" m="48138" /><G38/><T130/><D118/><U87/><E101/><V47/><F47/><N who="1" m="17929" /><E28/><N who="0" m="10793" /><D35/><U111/><E111/><V103/><F103/><W98/><G117/><T95/><D33/><U86/><E17/><V123/><F123/><W29/><G29/><T63/><D63/><U113/><E113/><V89/><F89/><W7/><G121/><T60/><D60/><U1/><E1/><V37/><F37/><W96/><G109/><T0/><D95/><AGARI ba="1,0" hai="21,22,86,87,88,91,94,95" m="17929,48167" machi="95" ten="30,2000,0" yaku="8,1,54,1" doraHai="64" who="1" fromWho="0" sc="315,-23,211,23,253,0,221,0" /><INIT seed="3,0,0,4,0,79" ten="292,234,253,221" oya="3" hai0="124,81,133,54,58,20,3,8,33,2,134,72,42" hai1="99,1,131,36,105,48,60,21,98,27,14,91,39" hai2="114,126,135,113,111,118,86,71,44,121,132,83,5" hai3="51,78,29,75,10,59,104,49,56,94,125,97,12"/><W19/><G125/><T129/><D33/><U70/><E1/><V96/><F71/><W92/><G104/><T30/><D42/><U50/><E14/><V9/><F118/><W66/><G29/><T32/><D32/><U38/><E131/><V43/><F96/><W7/><G92/><T35/><D35/><U47/><E105/><V69/><F69/><W77/><G7/><T31/><D129/><U13/><E13/><N who="2" m="5295" /><F111/><W101/><G75/><T112/><D112/><U95/><E98/><V116/><F116/><W25/><G25/><N who="0" m="16679" /><D31/><U6/><E6/><V82/><F126/><W120/><G120/><T4/><D124/><U76/><E76/><N who="3" m="29290" /><G66/><T87/><D72/><U68/><E60/><V89/><F121/><W24/><G24/><T65/><D65/><U130/><E50/><AGARI ba="0,0" hai="10,12,19,49,50,51,56,59,94,97,101" m="29290" machi="50" ten="30,1500,0" yaku="8,1" doraHai="79" who="3" fromWho="1" sc="292,0,234,-15,253,0,221,15" /><INIT seed="3,1,0,4,1,52" ten="292,219,253,236" oya="3" hai0="129,8,19,76,103,36,114,60,45,109,50,126,44" hai1="89,63,111,83,134,48,86,104,131,10,62,6,20" hai2="32,107,47,53,95,94,34,122,90,15,116,130,35" hai3="41,55,115,38,16,30,75,5,58,2,46,87,120"/><W7/><G115/><T49/><D114/><U65/><E111/><V3/><F116/><W110/><G120/><T51/><D109/><U105/><E131/><V133/><F3/><W61/><G110/><T92/><D126/><U29/><E134/><V101/><F107/><W73/><G30/><T108/><D36/><U24/><E48/><V123/><F133/><W80/><G16/><T9/><D76/><U97/><E97/><N who="2" m="59575" /><F130/><W12/><G2/><T135/><D129/><U85/><E85/><N who="2" m="52687" /><F15/><W96/><G96/><N who="0" m="59783" /><D108/><U37/><E37/><V132/><F132/><W56/><G7/><T118/><D118/><U119/><E119/><V11/><F11/><N who="0" m="4170" /><D19/><U21/><E21/><V91/><F91/><W98/><G98/><T39/><D39/><U4/><E63/><V14/><F14/><W67/><G12/><T78/><D78/><U18/><E18/><V72/><F72/><W33/><G33/><T54/><D135/><U13/><REACH who="1" step="1"/><E4/><REACH who="1" ten="292,209,253,236" step="2"/><V84/><F35/><W69/><G5/><T125/><D125/><U43/><E43/><V1/><F84/><W100/><G73/><T59/><AGARI ba="1,1" hai="44,45,49,50,51,54,59,60" m="4170,59783" machi="59" ten="30,2000,0" yaku="8,1,52,1" doraHai="52" who="0" fromWho="0" sc="292,33,209,-6,253,-6,236,-11" owari="325,42.5,203,-29.7,247,4.7,225,-17.5" /></mjloggm>