<mjloggm ver="2.3"><GO type="225" lobby="0"/><UN n0="%E3%81%AF%E3%82%88%E3%81%8A%E3%81%98%E3%81%95%E3%82%93" n1="%E5%80%89%E6%A9%8B%EF%BC%A0%E4%BA%8B%E5%8B%99" n2="%E3%81%8F%E3%81%BE%E3%81%96%E3%82%8F" n3="%E3%81%8F%E3%82%8A%E3%83%94%E3%83%BC" dan="16,16,16,16" rate="2123.48,2094.69,2059.47,2116.81" sx="M,M,M,M"/><TAIKYOKU oya="0"/><INIT seed="0,0,0,2,2,96" ten="250,250,250,250" oya="0" hai0="3,61,2,135,20,93,60,108,99,80,32,63,46" hai1="95,43,72,31,7,16,118,121,122,51,102,128,38" hai2="66,50,125,73,69,44,53,71,1,83,111,65,49" hai3="85,64,70,40,5,33,106,57,13,21,11,105,130"/><T84/><D32/><U112/><E72/><V47/><F1/><W97/><G33/><T100/><D135/><U120/><E118/><V25/><F25/><W110/><G70/><N who="2" m="26633" /><F83/><W68/><G68/><T27/><D46/><N who="2" m="17450" /><F73/><W48/><G110/><T0/><D108/><U92/><E51/><N who="2" m="19467" /><F111/><W81/><G130/><T82/><REACH who="0" step="1"/><D84/><REACH who="0" ten="240,250,250,250" step="2"/><U58/><E128/><V79/><F79/><W103/><G85/><T98/><D98/><U116/><E122/><V59/><F125/><W12/><G97/><T132/><D132/><U35/><E35/><V15/><F15/><W42/><G12/><T54/><D54/><U113/><E121/><V29/><F29/><AGARI ba="0,1" hai="0,2,3,20,27,29,60,61,63,80,82,93,99,100" machi="29" ten="50,4800,0" yaku="1,1,52,1,53,0" doraHai="96" doraHaiUra="109" who="0" fromWho="2" sc="240,58,250,0,250,-48,250,0" /><INIT seed="0,1,0,1,3,63" ten="298,250,202,250" oya="0" hai0="108,89,101,47,13,131,91,14,62,32,106,80,3" hai1="111,114,8,67,61,45,94,21,1,87,36,53,79" hai2="46,41,43,7,123,28,125,37,58,126,22,97,40" hai3="48,29,110,109,70,99,124,9,128,50,132,127,69"/><T86/><D3/><U76/><E111/><N who="3" m="42506" /><G9/><T12/><D108/><U116/><E116/><V19/><F123/><W6/><G99/><T77/><D32/><U20/><E114/><V18/><F7/><W4/><G29/><T49/><D131/><U120/><E120/><V10/><F97/><W23/><G23/><T0/><D0/><U68/><E1/><V73/><F73/><W2/><G2/><T30/><D30/><U51/><E36/><V52/><F125/><N who="3" m="48203" /><G132/><T72/><D106/><U17/><E8/><V84/><F126/><W59/><G128/><T121/><D121/><U115/><E115/><V133/><F133/><W122/><G59/><T129/><D129/><U88/><REACH who="1" step="1"/><E21/><REACH who="1" ten="298,240,202,250" step="2"/><V102/><F10/><W57/><G122/><T134/><D134/><U66/><E66/><V82/><F22/><W98/><G4/><T35/><D35/><U117/><E117/><V78/><F37/><W44/><G6/><T96/><D12/><AGARI ba="1,1" hai="12,17,20,45,51,53,61,67,68,76,79,87,88,94" machi="12" ten="30,7700,0" yaku="1,1,7,1,52,1,54,1,53,0" doraHai="63" doraHaiUra="25" who="1" fromWho="0" sc="298,-80,240,90,202,0,250,0" /><INIT seed="1,0,0,4,0,3" ten="218,330,202,250" oya="1" hai0="111,66,47,104,7,119,50,112,101,131,64,76,58" hai1="85,65,77,79,132,44,123,18,57,92,126,127,39" hai2="10,94,106,48,49,97,16,33,114,74,11,60,31" hai3="35,103,98,122,105,115,5,133,82,1,26,118,12"/><U96/><E123/><V102/><F74/><W45/><G115/><T42/><D112/><U120/><E120/><V27/><F114/><W129/><G122/><T109/><D119/><U37/><E132/><V28/><F28/><W83/><G1/><T99/><D131/><U70/><E70/><V73/><F73/><W13/><G133/><T21/><D76/><U89/><E18/><V19/><F10/><W9/><G129/><T90/><D21/><U20/><E20/><V88/><F60/><W0/><G118/><T34/><D34/><U108/><E108/><N who="0" m="41545" /><D90/><U56/><E65/><N who="0" m="25193" /><D58/><N who="1" m="22635" /><E44/><V84/><REACH who="2" step="1"/><F19/><REACH who="2" ten="218,330,192,250" step="2"/><W22/><G45/><T51/><D7/><U130/><E130/><V36/><F36/><AGARI ba="0,1" hai="36,42,47,50,51,99,101,104" m="25193,41545" machi="36" ten="30,1000,0" yaku="14,1" doraHai="3" who="0" fromWho="2" sc="218,20,330,0,192,-10,250,0" /><INIT seed="2,0,0,4,5,111" ten="238,330,182,250" oya="2" hai0="123,75,9,127,6,38,84,97,64,100,119,76,89" hai1="104,132,71,77,1,24,93,54,61,107,94,102,42" hai2="80,66,116,43,90,79,118,45,83,135,85,33,49" hai3="72,68,114,14,2,109,51,23,125,133,115,19,63"/><V82/><F135/><W12/><G2/><T67/><D38/><U11/><E132/><V81/><F33/><W113/><G133/><T60/><D123/><U17/><E42/><V121/><F121/><W0/><G0/><T35/><D35/><U46/><E77/><V70/><F70/><W4/><G109/><T16/><D75/><U87/><E1/><V128/><F66/><N who="3" m="41055" /><G125/><T91/><D6/><U74/><E74/><V126/><F126/><W59/><G72/><T105/><D119/><U69/><E46/><V58/><F128/><W34/><G34/><T78/><D91/><U8/><E54/><V39/><REACH who="2" step="1"/><F79/><REACH who="2" ten="238,330,172,250" step="2"/><W22/><G4/><T110/><D64/><U101/><E69/><V26/><F26/><N who="3" m="14687" /><G23/><T31/><D110/><U96/><E24/><V25/><F25/><W95/><G95/><T30/><D78/><U120/><E94/><V3/><F3/><W5/><G5/><T50/><D76/><U98/><E93/><V62/><F62/><W73/><G73/><T18/><D60/><U47/><E61/><V106/><F106/><W52/><AGARI ba="0,1" hai="12,14,51,52,59,113,114,115" m="14687,41055" machi="52" ten="40,8000,1" yaku="11,1,52,3,54,1" doraHai="111" who="3" fromWho="3" sc="238,-20,330,-20,172,-40,250,90" /><INIT seed="3,0,0,4,0,29" ten="218,310,132,340" oya="3" hai0="42,58,108,86,51,57,67,7,8,106,37,49,64" hai1="62,16,120,39,115,80,82,109,99,31,105,114,65" hai2="1,71,23,110,77,35,25,26,93,2,92,21,81" hai3="60,133,130,124,24,41,10,88,102,46,112,100,38"/><W129/><G112/><T59/><D106/><U4/><E120/><V9/><F71/><W111/><G124/><T113/><D37/><U104/><E39/><V73/><F110/><W107/><G133/><T18/><D108/><U19/><E109/><V96/><F9/><W95/><G111/><T89/><D113/><U126/><E4/><V68/><F68/><W36/><G36/><T72/><D72/><U27/><E126/><V5/><F5/><W76/><G76/><T118/><D118/><U32/><E115/><V61/><F61/><W119/><G119/><T15/><D18/><U44/><E44/><V103/><F93/><W45/><G45/><N who="0" m="25783" /><D51/><U6/><E6/><V131/><F131/><W56/><G24/><T11/><D8/><U75/><E105/><V101/><F101/><W121/><G10/><T22/><D22/><U78/><E80/><AGARI ba="0,0" hai="7,11,15,57,58,59,64,67,80,86,89" m="25783" machi="80" ten="30,1000,0" yaku="8,1" doraHai="29" who="0" fromWho="1" sc="218,10,310,-10,132,0,340,0" owari="228,-17.2,300,10.0,132,-36.8,340,44.0" /></mjloggm>