<mjloggm ver="2.3"><GO type="225" lobby="0"/><UN n0="%E8%90%BD%E6%97%A5" n1="%E3%83%81%E3%83%AF%E3%83%AF%E9%9A%8A%E9%95%B7" n2="%E3%80%90%E3%83%88%E3%83%AA%E3%83%A5%E3%83%95%E3%80%91" n3="%E7%9A%AE%E3%80%85" dan="17,16,16,16" rate="2257.79,2105.79,2076.13,2088.46" sx="F,M,M,F"/><TAIKYOKU oya="0"/><INIT seed="0,0,0,1,5,131" ten="250,250,250,250" oya="0" hai0="26,12,88,97,82,6,31,113,112,121,1,66,74" hai1="129,118,16,52,17,125,57,38,107,110,86,18,111" hai2="128,64,75,68,122,116,71,79,32,105,58,76,85" hai3="35,43,99,50,48,10,104,73,81,95,92,69,4"/><T15/><D121/><U13/><E118/><V100/><F128/><W0/><G69/><T54/><D66/><U30/><E129/><V109/><F32/><W77/><G35/><T61/><D1/><U115/><E38/><V67/><F85/><W49/><G43/><T45/><D74/><U24/><E107/><V134/><F105/><W65/><G65/><T22/><D6/><U25/><E125/><V127/><F127/><W108/><G108/><N who="1" m="41514" /><E115/><V27/><F109/><W23/><G23/><T98/><D98/><U94/><E13/><V106/><F106/><W3/><G3/><T59/><D45/><U41/><E41/><V11/><F116/><W5/><REACH who="3" step="1"/><G4/><REACH who="3" ten="250,250,250,240" step="2"/><T117/><D117/><U62/><E30/><V72/><F71/><W51/><N who="3" m="12288" /><DORA hai="123" /><W70/><G70/><T53/><D53/><U124/><E124/><V21/><F68/><W44/><G44/><T20/><D20/><U120/><E120/><V126/><F21/><W63/><G63/><T40/><D40/><U102/><E102/><V60/><BYE who="3" /><F100/><W33/><G33/><T93/><REACH who="0" step="1"/><D82/><REACH who="0" ten="240,250,250,240" step="2"/><U2/><E2/><V80/><F126/><W87/><G87/><T101/><D101/><U46/><E46/><V91/><F80/><W133/><G133/><T47/><D47/><U89/><AGARI ba="0,2" hai="16,17,18,24,25,52,57,62,86,89,94" m="41514" machi="89" ten="40,12000,2" yaku="14,1,52,3,54,2" doraHai="131,123" who="1" fromWho="1" sc="240,-60,250,140,250,-30,240,-30" /><UN n3="%E7%9A%AE%E3%80%85" /><INIT seed="1,0,0,0,0,53" ten="180,390,220,210" oya="1" hai0="76,109,21,48,131,103,123,101,115,98,77,33,27" hai1="45,121,66,52,0,102,122,88,3,22,16,42,113" hai2="111,26,127,30,80,119,120,71,11,105,23,95,18" hai3="9,1,64,100,82,20,44,69,28,78,59,68,132"/><U114/><E66/><V31/><F119/><W126/><G126/><T5/><D115/><U118/><E118/><V7/><F71/><W17/><G28/><T125/><D109/><U97/><E114/><V34/><F111/><W124/><G124/><T43/><D125/><U106/><E113/><V128/><F127/><W13/><G100/><T112/><D112/><U6/><E0/><V56/><F105/><W67/><G44/><N who="0" m="25631" /><D33/><U84/><E6/><V75/><F120/><W135/><G67/><T87/><D131/><U10/><E10/><V8/><F128/><W130/><G130/><T54/><D5/><U92/><E3/><V107/><F107/><W63/><G1/><T37/><D37/><U38/><REACH who="1" step="1"/><E52/><REACH who="1" ten="180,380,220,210" step="2"/><V4/><F11/><W99/><G9/><T51/><D123/><U61/><E61/><V104/><F4/><W35/><G35/><T83/><D54/><U110/><E110/><V72/><F34/><W12/><G12/><AGARI ba="0,1" hai="12,16,22,38,42,45,84,88,92,97,102,106,121,122" machi="12" ten="30,12000,1" yaku="1,1,7,1,54,2,53,1" doraHai="53" doraHaiUra="36" who="1" fromWho="3" sc="180,0,380,130,220,0,210,-120" /><INIT seed="1,1,0,1,4,12" ten="180,510,220,90" oya="1" hai0="27,104,28,41,64,107,114,33,70,92,7,56,66" hai1="86,58,119,111,76,36,53,122,94,48,127,73,65" hai2="93,4,116,20,63,88,21,35,95,74,131,90,51" hai3="1,130,123,109,121,13,75,82,117,54,102,45,115"/><U2/><E119/><V24/><F116/><W3/><G117/><T9/><D114/><U8/><E122/><V49/><F74/><W31/><G115/><T19/><D70/><U133/><E36/><V57/><F131/><W71/><G71/><T22/><D41/><U89/><E133/><V29/><F4/><W113/><G113/><T72/><D72/><U61/><E127/><V91/><F35/><W42/><G130/><T14/><D92/><N who="2" m="35402" /><F20/><W110/><G31/><T40/><D40/><U5/><E111/><N who="3" m="42506" /><G102/><T46/><D46/><U67/><E73/><V96/><F96/><W25/><G25/><T132/><D132/><U44/><REACH who="1" step="1"/><E76/><REACH who="1" ten="180,500,220,90" step="2"/><V59/><F59/><W79/><G54/><AGARI ba="1,1" hai="2,5,8,44,48,53,54,58,61,65,67,86,89,94" machi="54" ten="30,5800,0" yaku="1,1,2,1,7,1,53,0" doraHai="12" doraHaiUra="23" who="1" fromWho="3" sc="180,0,500,71,220,0,90,-61" /><AGARI ba="1,0" hai="21,24,29,49,51,54,57,63,88,90,91" m="35402" machi="54" ten="30,2000,0" yaku="8,1,54,1" doraHai="12" who="2" fromWho="3" sc="180,0,571,0,220,20,29,-20" /><INIT seed="1,2,0,4,3,74" ten="180,571,240,9" oya="1" hai0="26,0,98,53,57,88,107,34,56,123,82,20,62" hai1="67,114,81,30,52,44,83,31,6,122,85,80,111" hai2="66,43,14,1,55,16,87,79,41,60,105,3,36" hai3="15,110,38,89,68,73,86,116,92,37,51,8,115"/><U117/><E114/><V18/><F105/><W84/><G115/><T10/><D123/><U23/><E122/><V99/><F99/><W130/><G73/><T12/><D34/><U104/><E117/><V90/><F36/><W113/><G113/><T129/><D0/><U9/><E104/><V47/><F1/><W125/><G116/><T78/><D129/><U95/><E111/><V106/><F106/><W65/><G110/><T135/><D135/><U112/><E112/><V40/><F3/><W45/><G130/><T69/><D69/><U132/><E67/><V77/><F55/><W4/><G125/><T126/><D126/><U49/><E132/><V64/><F47/><W108/><G108/><T17/><D57/><U58/><E23/><N who="2" m="11671" /><F18/><W109/><G109/><T94/><D107/><U27/><E27/><V46/><F46/><W7/><G7/><N who="0" m="3167" /><D82/><U21/><E21/><V96/><F96/><W5/><G5/><T127/><D127/><U128/><E128/><V35/><F35/><W48/><G48/><T63/><D62/><N who="1" m="36167" /><E6/><V75/><F75/><W120/><G120/><T50/><D63/><U13/><E9/><V134/><F134/><W121/><G121/><T70/><D70/><U42/><E13/><V22/><F22/><W72/><G72/><T118/><D118/><U76/><E30/><V133/><F133/><W97/><G65/><N who="2" m="25193" /><F60/><W28/><G68/><T103/><D103/><U25/><E31/><V59/><F59/><W39/><G28/><T119/><D119/><U131/><E131/><V100/><F100/><W2/><G2/><T124/><D124/><RYUUKYOKU ba="2,0" sc="180,10,571,-30,240,10,9,10" hai0="17,20,26,50,53,56,78,88,94,98" hai2="40,41,43,77,79,87,90" hai3="4,8,15,37,38,39,45,51,84,86,89,92,97" /><INIT seed="2,3,0,2,4,17" ten="190,541,250,19" oya="2" hai0="60,94,127,90,39,56,34,97,120,125,49,75,16" hai1="126,81,26,88,23,135,47,31,73,130,61,108,9" hai2="33,68,62,55,5,66,102,91,30,89,11,44,103" hai3="79,69,35,112,21,48,18,96,104,93,46,67,6"/><V19/><F19/><W115/><G35/><T57/><D39/><U98/><E108/><V105/><F55/><W59/><G104/><T84/><D75/><U123/><E123/><V113/><F113/><W74/><G69/><T106/><D34/><U78/><E126/><N who="0" m="48137" /><D120/><U111/><E111/><V4/><F44/><W124/><G124/><T118/><D118/><U117/><E117/><V51/><F51/><W119/><G119/><T24/><D49/><U129/><E135/><V52/><F52/><N who="3" m="29719" /><G6/><T80/><D106/><U15/><E47/><V22/><F4/><W99/><G79/><N who="0" m="46111" /><D60/><U128/><E61/><V72/><F72/><W86/><G74/><T0/><D0/><U116/><E116/><V53/><F53/><W132/><G132/><T58/><D58/><U32/><E32/><V28/><F28/><W71/><G71/><T65/><D65/><U107/><E107/><V43/><F43/><W42/><G42/><T85/><D97/><N who="3" m="37449" /><G59/><T12/><D24/><U134/><E134/><V14/><F33/><W63/><G63/><T95/><D95/><N who="1" m="56679" /><E15/><V70/><F70/><W92/><G67/><T7/><D7/><U1/><E1/><V20/><F30/><W36/><G36/><T82/><D94/><N who="3" m="36457" /><G86/><T41/><D41/><U131/><E131/><V38/><F38/><W121/><G121/><T8/><AGARI ba="3,0" hai="8,12,16,56,57,82,85,90" m="46111,48137" machi="8" ten="30,2000,0" yaku="18,1,54,1" doraHai="17" who="0" fromWho="0" sc="190,29,541,-8,250,-13,19,-8" /><INIT seed="3,0,0,3,3,32" ten="219,533,237,11" oya="3" hai0="1,98,82,97,0,114,83,68,87,10,116,99,84" hai1="28,66,21,35,107,61,89,63,43,51,126,67,121" hai2="81,34,129,33,93,13,91,131,80,62,111,22,115" hai3="65,88,105,31,130,18,27,100,4,53,9,42,36"/><W125/><G125/><T106/><D10/><U132/><E121/><V60/><F115/><W123/><G123/><T70/><D106/><U86/><E107/><V41/><F111/><W73/><G73/><T110/><D110/><U122/><E35/><N who="2" m="13323" /><F41/><W3/><G130/><N who="2" m="49673" /><F22/><W135/><G135/><T79/><D114/><U77/><E77/><V17/><F17/><W48/><G65/><N who="1" m="24586" /><E122/><V92/><F13/><W16/><G42/><T112/><D112/><U95/><E132/><V58/><F58/><W45/><G36/><T52/><D52/><U8/><E8/><V39/><F39/><W120/><G120/><T55/><D55/><U11/><E11/><V128/><F128/><W108/><G108/><T15/><D15/><U113/><E126/><V109/><F109/><W12/><G12/><T75/><D75/><U64/><E64/><V133/><F133/><W29/><G29/><T37/><D37/><U23/><E113/><V94/><F91/><W40/><G40/><T14/><D14/><U72/><E72/><V6/><F6/><W103/><G103/><T119/><D99/><U5/><E5/><V59/><F59/><W85/><G100/><T127/><D79/><U46/><E28/><V38/><F38/><W71/><G71/><T25/><D127/><U76/><E76/><V49/><F49/><W19/><G105/><T78/><D78/><U90/><E90/><V124/><F124/><W2/><G2/><T69/><D69/><U118/><E118/><V57/><F57/><W44/><G44/><T104/><D104/><U20/><AGARI ba="0,0" hai="20,21,23,43,46,51,61,63,86,89,95" m="24586" machi="20" ten="30,1100,0" yaku="8,1" doraHai="32" who="1" fromWho="1" sc="219,-3,533,11,237,-3,11,-5" owari="216,-18.4,544,64.4,234,3.4,6,-49.4" /></mjloggm>