<mjloggm ver="2.3"><GO type="225" lobby="0"/><UN n0="%43%68%65" n1="%47%48%4F%53%54" n2="%48%61%61%61%6C%61%6E%64" n3="%E3%81%AF%E3%82%88%E3%81%8A%E3%81%98%E3%81%95%E3%82%93" dan="16,17,17,16" rate="2153.48,2228.27,2244.73,2200.59" sx="M,M,M,M"/><TAIKYOKU oya="0"/><INIT seed="0,0,0,5,1,66" ten="250,250,250,250" oya="0" hai0="80,88,84,58,11,124,5,37,72,106,18,89,13" hai1="14,8,126,61,125,91,63,3,50,55,77,7,109" hai2="43,65,6,17,10,62,74,123,41,73,57,79,75" hai3="94,71,45,33,97,60,100,127,53,44,48,67,129"/><T78/><D124/><N who="1" m="47723" /><E109/><V12/><F123/><W104/><G127/><T95/><D37/><U117/><E117/><V107/><F107/><W134/><G129/><T98/><D58/><N who="1" m="33143" /><E77/><V114/><F114/><W54/><G134/><T15/><D106/><U113/><E113/><V23/><REACH who="2" step="1"/><F79/><REACH who="2" ten="250,250,240,250" step="2"/><W38/><G104/><T111/><D111/><U120/><E120/><V85/><F85/><W132/><G132/><T1/><REACH who="0" step="1"/><D18/><REACH who="0" ten="240,250,240,250" step="2"/><U25/><E7/><V52/><F52/><W119/><G53/><T20/><D20/><U32/><E32/><V118/><F118/><W27/><G119/><T31/><D31/><U19/><E19/><V69/><F69/><W2/><G33/><T121/><D121/><U103/><E63/><V39/><F39/><W56/><G38/><T83/><AGARI ba="0,2" hai="1,5,11,13,15,72,78,80,83,84,88,89,95,98" machi="83" ten="20,18000,2" yaku="1,1,0,1,7,1,54,1,53,2" doraHai="66" doraHaiUra="86" who="0" fromWho="0" sc="240,200,250,-60,240,-60,250,-60" /><INIT seed="0,1,0,2,5,72" ten="440,190,180,190" oya="0" hai0="52,68,9,135,53,129,77,115,131,31,29,81,75" hai1="19,7,63,54,133,79,76,23,130,85,46,97,47" hai2="86,109,41,73,42,103,35,37,74,100,88,128,25" hai3="78,20,93,4,11,132,120,70,58,51,125,13,48"/><T27/><D115/><U122/><E122/><V36/><F109/><W39/><G70/><T62/><D135/><U117/><E117/><V114/><F114/><W95/><G39/><T28/><D27/><N who="1" m="14847" /><E130/><N who="0" m="49673" /><D9/><U55/><E133/><V0/><F128/><W124/><G132/><T98/><D98/><U108/><E108/><V107/><F0/><W34/><G34/><T111/><D111/><U16/><E7/><V104/><F25/><W40/><G120/><T80/><D80/><N who="1" m="47239" /><E97/><V44/><F35/><W5/><G4/><T101/><D101/><U67/><E79/><V18/><F18/><W94/><G78/><T38/><D38/><U1/><E1/><V119/><F119/><W33/><G33/><T32/><D32/><U87/><E87/><V113/><F113/><W26/><G26/><T15/><D15/><U69/><E69/><V60/><F86/><W49/><G20/><T134/><D134/><U50/><E16/><V14/><F14/><W6/><G5/><T118/><D118/><U30/><E30/><V65/><F103/><W110/><G110/><T21/><D21/><U45/><E50/><V96/><F37/><W84/><G84/><T127/><D127/><N who="3" m="48713" /><G40/><T91/><D91/><U66/><E63/><V57/><F73/><W112/><G112/><T24/><D24/><U105/><E105/><V102/><F74/><W56/><AGARI ba="1,0" hai="6,11,13,48,49,51,56,58,93,94,95" m="48713" machi="56" ten="40,1500,0" yaku="18,1" doraHai="72" who="3" fromWho="3" sc="440,-8,190,-5,180,-5,190,18" /><INIT seed="1,0,0,2,4,87" ten="432,185,175,208" oya="1" hai0="49,95,110,35,45,90,124,61,101,3,102,73,79" hai1="131,130,100,76,1,114,28,89,12,46,84,122,42" hai2="32,85,44,72,54,120,111,33,43,106,51,40,125" hai3="62,0,41,58,52,13,38,29,27,93,34,123,18"/><U53/><E1/><V30/><F72/><W105/><G105/><T2/><D35/><U39/><E122/><V116/><F120/><W57/><G123/><T77/><D3/><U65/><E114/><V107/><F116/><W66/><G0/><T92/><D2/><U36/><E36/><V121/><F121/><W96/><G41/><T135/><D110/><U5/><E65/><V31/><F111/><W127/><G127/><T21/><D135/><U80/><E100/><V23/><F23/><W47/><G47/><T70/><D124/><U118/><E118/><V75/><F75/><W10/><G38/><T15/><D61/><U17/><E28/><V86/><F125/><W83/><G83/><T97/><D70/><U88/><E53/><V81/><F54/><W104/><G104/><T109/><D73/><U115/><E5/><V59/><F59/><W99/><REACH who="3" step="1"/><G93/><REACH who="3" ten="432,185,175,198" step="2"/><T4/><D95/><U56/><E115/><V20/><F81/><W134/><G134/><T128/><D92/><U19/><E56/><V25/><F43/><W133/><G133/><T117/><D45/><U112/><E112/><V26/><F106/><W74/><G74/><T129/><D109/><U11/><REACH who="1" step="1"/><E19/><REACH who="1" ten="432,175,175,198" step="2"/><V64/><F40/><W91/><G91/><AGARI ba="0,2" hai="11,12,17,39,42,46,76,80,84,88,89,91,130,131" machi="91" ten="40,18000,2" yaku="1,1,2,1,52,3,54,1,53,1" doraHai="87" doraHaiUra="9" who="1" fromWho="3" sc="432,0,175,200,175,0,198,-180" /><INIT seed="1,1,0,2,2,115" ten="432,375,175,18" oya="1" hai0="62,0,130,12,132,57,5,127,87,116,58,119,125" hai1="104,78,81,32,24,128,8,38,2,109,105,44,79" hai2="60,114,28,27,67,92,121,22,30,112,75,19,72" hai3="73,29,31,86,49,102,40,103,4,83,59,42,135"/><U52/><E128/><V98/><F121/><W129/><G73/><T82/><D0/><U15/><E109/><V3/><F3/><W85/><G129/><T1/><D1/><U26/><E2/><V69/><F72/><W10/><G135/><T45/><D45/><U89/><E89/><V17/><F75/><W70/><G70/><T100/><D100/><N who="3" m="38441" /><G10/><N who="0" m="4175" /><D130/><U71/><E71/><V111/><F111/><W76/><G4/><T124/><D132/><U99/><E38/><V110/><F110/><W97/><G97/><T64/><D58/><U35/><E99/><V134/><F134/><W94/><G59/><T13/><D13/><U122/><E122/><V95/><F114/><W108/><G108/><T84/><D84/><U101/><E101/><V7/><F112/><W14/><G14/><T48/><D48/><U65/><E15/><V20/><F7/><W61/><G61/><T113/><D113/><U50/><E8/><V66/><F98/><W46/><G42/><T39/><D39/><U91/><E65/><V126/><F69/><W77/><G94/><T34/><D34/><N who="1" m="12843" /><E105/><V23/><F95/><W53/><G40/><T41/><D41/><U9/><E104/><V133/><F133/><W21/><G21/><T120/><D120/><U54/><E9/><V117/><F92/><W74/><G74/><T6/><D6/><U131/><E131/><V37/><F37/><W88/><G85/><T36/><D36/><U33/><N who="1" m="12851" /><U18/><DORA hai="123" /><E54/><V47/><F67/><W106/><G106/><T16/><D16/><U56/><E18/><V51/><F17/><RYUUKYOKU ba="1,0" sc="432,15,375,-15,175,-15,18,15" hai0="57,62,64,82,87,116,119,124,125,127" hai3="29,31,46,49,53,76,77,83,86,88" /><INIT seed="2,2,0,5,0,47" ten="447,360,160,33" oya="2" hai0="33,77,16,98,85,106,21,108,115,125,135,28,99" hai1="19,118,30,71,52,67,40,113,131,109,60,86,121" hai2="18,69,110,72,104,103,1,29,50,124,111,132,95" hai3="5,8,23,102,48,97,53,2,64,81,0,34,15"/><V3/><F104/><W93/><G34/><T128/><D115/><U105/><E113/><V22/><F72/><W123/><G123/><T12/><D106/><U116/><E121/><V65/><F29/><W114/><G114/><T41/><D108/><N who="2" m="41514" /><F124/><W59/><G64/><T101/><D128/><U107/><E109/><V73/><F73/><W25/><REACH who="3" step="1"/><G81/><REACH who="3" ten="447,360,160,23" step="2"/><T79/><D33/><U126/><E67/><V44/><F65/><W119/><G119/><T63/><D125/><U100/><E126/><V96/><F69/><W74/><G74/><T13/><D135/><U127/><E71/><V6/><F132/><W84/><G84/><T39/><D85/><U83/><E86/><V78/><F78/><W14/><G14/><T70/><D13/><U76/><E127/><V90/><F1/><W45/><G45/><T66/><D79/><U31/><E76/><V122/><F122/><W68/><G68/><T54/><D77/><U61/><E118/><V36/><F3/><W49/><G49/><T55/><D70/><U35/><E35/><V117/><F117/><W120/><G120/><T37/><D66/><U88/><E116/><V42/><F50/><W58/><G58/><T11/><D12/><U129/><E129/><V91/><F6/><W82/><G82/><T24/><D39/><U87/><E83/><V133/><F133/><W57/><G57/><T89/><D37/><U32/><E32/><V130/><F130/><W80/><G80/><T56/><D56/><U9/><E87/><V7/><F7/><W38/><G38/><T17/><D63/><U27/><E61/><RYUUKYOKU ba="2,1" sc="447,-15,360,-15,160,15,23,15" hai2="18,22,36,42,44,90,91,95,96,103" hai3="0,2,5,8,15,23,25,48,53,59,93,97,102" /><INIT seed="2,3,1,1,5,58" ten="432,345,175,38" oya="2" hai0="133,52,80,44,131,31,84,16,17,81,73,72,13" hai1="27,100,24,19,76,23,104,35,125,101,78,67,115" hai2="6,55,88,69,117,111,61,93,42,9,48,109,29" hai3="28,10,102,32,49,63,126,85,33,8,99,77,119"/><V60/><F117/><W97/><G119/><T59/><D131/><U68/><E115/><V113/><F113/><W2/><G126/><T30/><D133/><U112/><E125/><V90/><F29/><W91/><G77/><T123/><D123/><U3/><E3/><V79/><F79/><W64/><G49/><T105/><D105/><U56/><E56/><N who="2" m="32871" /><F42/><W25/><G33/><T121/><D121/><U4/><E4/><V43/><F69/><W66/><G66/><T96/><D44/><U74/><E74/><V89/><F93/><W26/><G26/><T103/><D73/><U122/><E101/><V57/><F57/><W82/><G2/><T107/><D72/><U134/><E134/><V18/><F18/><W124/><G124/><T38/><D38/><U14/><E112/><V0/><F43/><W15/><G15/><T120/><D17/><U98/><E122/><V46/><F46/><W41/><G41/><T50/><D81/><U110/><E110/><AGARI ba="3,1" hai="0,6,9,60,61,88,89,90,109,110,111" m="32871" machi="110" ten="30,12000,1" yaku="14,1,10,1,52,2,54,1" doraHai="58" who="2" fromWho="1" sc="432,0,345,-129,175,139,38,0" /><INIT seed="2,4,0,1,3,34" ten="432,216,314,38" oya="2" hai0="101,27,65,33,133,5,83,123,87,108,55,84,61" hai1="73,20,128,131,54,94,77,111,39,109,112,118,1" hai2="21,85,120,26,119,91,4,127,38,10,117,64,93" hai3="11,89,103,75,25,46,96,102,3,58,82,37,41"/><V16/><F120/><W105/><G58/><T92/><D123/><U15/><E94/><V29/><F38/><W97/><G25/><T86/><D108/><N who="1" m="41547" /><E77/><V50/><F127/><W13/><G89/><T60/><D5/><U22/><E73/><V115/><F115/><W70/><G13/><T0/><D0/><U110/><N who="1" m="41555" /><U134/><DORA hai="18" /><E54/><V107/><F107/><W51/><G51/><T57/><D133/><U56/><E56/><V12/><F64/><W76/><G70/><T78/><D33/><U100/><E100/><V99/><F50/><W135/><G135/><T23/><D101/><U47/><E134/><V80/><REACH who="2" step="1"/><F29/><REACH who="2" ten="432,216,304,38" step="2"/><W95/><G105/><T122/><D122/><U32/><E112/><V114/><F114/><W71/><G71/><T88/><D65/><U52/><E39/><V24/><F24/><W17/><G97/><N who="0" m="57479" /><D61/><U113/><E113/><V116/><F116/><W7/><G103/><AGARI ba="4,1" hai="4,10,12,16,21,26,80,85,91,93,99,103,117,119" machi="103" ten="30,11600,0" yaku="1,1,7,1,52,1,54,1,53,0" doraHai="34,18" doraHaiUra="121,104" who="2" fromWho="3" sc="432,0,216,0,304,138,38,-128" owari="432,23.2,216,-18.4,442,54.2,-90,-59.0" /></mjloggm>