<mjloggm ver="2.3"><GO type="225" lobby="0"/><UN n0="%E4%BF%BA%E3%81%A8%E5%A6%96%E5%A4%A2" n1="%70%61%77%61" n2="%E9%A2%A8%E3%81%A7%E9%B3%B4%E3%81%8F" n3="%E8%B6%85%E7%B4%9A%E9%B3%B3%E5%87%B0" dan="17,19,16,16" rate="2241.41,2272.61,2161.94,2130.24" sx="F,M,M,M"/><TAIKYOKU oya="0"/><INIT seed="0,0,0,3,4,120" ten="250,250,250,250" oya="0" hai0="42,129,39,89,103,97,29,18,117,99,69,70,79" hai1="123,9,58,124,134,116,133,104,72,128,64,77,11" hai2="85,28,33,2,87,109,125,53,90,56,112,132,126" hai3="92,115,20,51,82,0,74,47,114,36,5,35,93"/><T110/><D117/><U22/><E116/><V60/><F2/><W1/><G35/><T81/><D129/><U49/><E123/><V83/><F112/><W30/><G36/><T16/><D29/><U14/><E104/><V66/><F132/><N who="1" m="50793" /><E128/><V32/><F28/><W95/><G30/><T131/><D131/><U122/><E122/><V102/><F102/><W50/><G20/><T25/><D89/><U101/><E101/><V27/><F27/><W65/><G65/><T6/><D6/><U52/><E124/><N who="2" m="47723" /><F109/><W54/><G47/><T76/><D103/><U59/><E72/><V127/><N who="2" m="47731" /><V63/><DORA hai="45" /><F87/><W86/><G74/><T19/><D25/><U94/><E94/><V130/><F130/><W17/><G92/><T105/><D105/><U12/><E77/><V48/><F63/><W44/><G93/><T106/><D106/><U121/><E121/><V34/><F34/><W26/><G95/><T10/><D81/><U119/><E119/><V38/><F38/><W84/><G115/><T40/><D39/><U3/><E3/><V118/><F118/><W135/><G0/><T107/><D107/><U80/><E80/><V43/><F43/><W113/><G1/><T111/><D19/><N who="1" m="10615" /><E12/><V21/><F21/><W23/><G135/><T61/><D61/><AGARI ba="0,0" hai="9,11,49,52,58,59,61,64" m="10615,50793" machi="61" ten="30,3900,0" yaku="20,1,52,1,54,1" doraHai="120,45" who="1" fromWho="0" sc="250,-39,250,39,250,0,250,0" /><INIT seed="1,0,0,5,4,61" ten="211,289,250,250" oya="1" hai0="21,82,57,5,115,37,64,72,56,124,1,16,25" hai1="39,19,58,47,14,48,8,121,125,109,119,84,24" hai2="130,127,128,131,95,33,134,74,92,104,108,36,129" hai3="40,2,117,97,18,17,46,116,13,49,29,51,96"/><U50/><E119/><N who="3" m="45642" /><G2/><T73/><D115/><U70/><E121/><V30/><F36/><N who="3" m="21767" /><G29/><T89/><D37/><U27/><E70/><V6/><F108/><W86/><G17/><T15/><D1/><U118/><E118/><V98/><F6/><W87/><G87/><N who="0" m="50423" /><D73/><U135/><E135/><V77/><F134/><W91/><G96/><T26/><D72/><U0/><E0/><V3/><F3/><W112/><G97/><T122/><D124/><U43/><E125/><V133/><F127/><W90/><G90/><T83/><D122/><U93/><E39/><V65/><F133/><W80/><G112/><T62/><D83/><U81/><E93/><V85/><F85/><W4/><G4/><T126/><D126/><U132/><E109/><V68/><F128/><W100/><G100/><T44/><D5/><U120/><E120/><V75/><F77/><W67/><G67/><N who="0" m="39367" /><D44/><U88/><E132/><V76/><F76/><W35/><G35/><T111/><D111/><U9/><E9/><AGARI ba="0,0" hai="9,13,18,49,51,80,86,91" m="21767,45642" machi="9" ten="30,1000,0" yaku="12,1" doraHai="61" who="3" fromWho="1" sc="211,0,289,-10,250,0,250,10" /><INIT seed="2,0,0,4,2,78" ten="211,279,250,260" oya="2" hai0="80,96,111,11,16,38,47,34,123,108,48,32,87" hai1="37,17,115,135,18,50,24,46,68,7,133,36,122" hai2="118,12,95,62,0,31,4,85,33,54,5,74,83" hai3="66,76,13,116,92,51,56,120,63,44,30,126,93"/><V97/><F74/><W107/><G116/><T72/><D38/><U61/><E115/><V64/><F118/><W21/><G120/><T75/><D123/><U105/><E105/><V99/><F0/><W52/><G107/><T98/><D75/><U131/><E7/><V39/><F39/><N who="1" m="14921" /><E24/><V79/><F33/><W130/><G130/><T58/><D58/><U27/><E27/><V91/><F31/><W22/><G126/><T134/><D72/><U104/><E104/><V14/><F97/><W15/><G76/><T100/><D34/><U112/><E112/><V86/><F99/><W45/><G45/><T94/><D32/><U60/><E122/><V113/><F113/><W35/><G35/><T65/><D65/><N who="1" m="40999" /><E61/><V20/><F64/><W9/><G30/><T19/><D96/><U67/><E67/><V71/><F71/><W88/><G93/><T121/><D121/><U41/><E131/><V132/><F132/><AGARI ba="0,0" hai="17,18,41,46,50,132,133,135" m="40999,14921" machi="132" ten="30,1000,0" yaku="20,1" doraHai="78" who="1" fromWho="2" sc="211,0,279,10,250,-10,260,0" /><INIT seed="3,0,0,2,5,76" ten="211,289,240,260" oya="3" hai0="46,103,23,41,56,94,108,124,26,33,39,125,122" hai1="66,52,0,90,29,87,21,59,99,135,89,88,133" hai2="130,67,24,63,109,81,27,132,120,97,48,98,80" hai3="60,92,57,84,30,115,123,113,86,74,61,111,3"/><W106/><G123/><T77/><D122/><U45/><E0/><V105/><F120/><W50/><G3/><T51/><D33/><U54/><E99/><N who="2" m="37899" /><F105/><W62/><G62/><T13/><BYE who="3" /><D94/><U114/><E114/><V107/><F107/><W2/><G2/><T70/><D103/><U20/><E87/><V7/><F109/><W34/><G34/><T38/><D70/><U36/><E29/><V64/><F130/><W4/><G4/><T131/><D108/><U127/><E127/><N who="0" m="48713" /><D131/><U73/><E73/><V9/><F132/><N who="1" m="50761" /><E66/><N who="2" m="25131" /><F63/><W102/><G102/><T117/><D117/><U53/><E59/><V85/><F85/><UN n3="%E8%B6%85%E7%B4%9A%E9%B3%B3%E5%87%B0" /><W79/><G113/><T82/><D13/><U128/><E128/><V100/><F100/><W6/><G106/><T47/><D56/><U5/><E5/><V69/><F69/><W28/><G115/><T16/><D47/><U15/><E15/><N who="2" m="5567" /><F48/><W129/><G50/><T8/><D8/><U75/><E75/><AGARI ba="0,0" hai="16,23,26,38,39,41,46,51,75,77,82" m="48713" machi="75" ten="30,3900,0" yaku="18,1,52,1,54,1" doraHai="76" who="0" fromWho="1" sc="211,39,289,-39,240,0,260,0" /><INIT seed="4,0,0,4,4,44" ten="250,250,240,260" oya="0" hai0="125,33,107,40,28,101,119,8,17,68,39,20,36" hai1="67,128,108,93,3,11,110,0,22,111,13,72,129" hai2="9,99,109,84,135,134,114,4,112,25,97,49,45" hai3="31,24,100,29,89,57,47,48,76,37,103,18,77"/><T123/><D119/><U121/><E72/><V1/><F25/><W120/><G120/><T2/><D68/><U38/><E38/><V52/><F84/><W118/><G118/><T78/><D78/><N who="3" m="30313" /><G37/><T98/><D125/><U69/><E93/><V59/><F45/><W131/><G57/><T5/><D40/><U46/><E46/><V55/><F55/><N who="3" m="30111" /><G131/><N who="1" m="50250" /><E67/><V96/><REACH who="2" step="1"/><F109/><REACH who="2" ten="250,250,230,260" step="2"/><W87/><G24/><N who="0" m="18567" /><D123/><U133/><E121/><V124/><F124/><W53/><G53/><T14/><AGARI ba="0,1" hai="2,5,8,14,17,20,36,39,98,101,107" m="18567" machi="14" ten="30,1500,0" yaku="24,1" doraHai="44" who="0" fromWho="0" sc="250,25,250,-5,230,-5,260,-5" /><INIT seed="4,1,0,4,5,23" ten="275,245,225,255" oya="0" hai0="50,26,10,42,28,67,129,35,114,47,59,21,45" hai1="8,102,91,56,83,14,46,5,41,132,49,9,18" hai2="48,71,17,36,84,25,122,94,135,75,124,22,126" hai3="32,89,79,103,27,66,55,0,112,40,54,70,30"/><T123/><BYE who="3" /><D123/><UN n3="%E8%B6%85%E7%B4%9A%E9%B3%B3%E5%87%B0" /><U39/><E132/><V63/><F75/><W92/><G0/><T121/><D121/><U131/><E131/><V125/><F122/><W130/><G130/><T73/><D129/><U82/><E102/><V3/><F3/><W97/><G112/><T15/><D73/><U85/><E56/><V127/><F135/><W104/><G40/><T87/><D114/><U78/><E39/><V76/><F36/><W111/><G79/><T38/><D87/><U69/><E69/><V34/><F34/><W37/><G37/><T116/><D116/><U29/><E29/><V62/><F71/><W57/><G57/><T74/><D74/><U134/><E134/><V60/><F48/><W81/><G81/><T90/><D90/><U119/><E119/><V44/><F44/><W107/><G111/><T99/><D99/><U53/><E41/><V86/><N who="2" m="31744" /><DORA hai="43" /><V2/><F2/><W98/><G107/><T58/><D35/><U109/><E109/><V52/><F76/><W33/><G33/><T100/><D100/><U110/><E110/><V51/><REACH who="2" step="1"/><F94/><REACH who="2" ten="275,245,215,255" step="2"/><W72/><G72/><T6/><D67/><U11/><E5/><V68/><F68/><W120/><G120/><T96/><D38/><U115/><E115/><V12/><F12/><W106/><G104/><T93/><D45/><U128/><E128/><V13/><F13/><W4/><G4/><T80/><D80/><U88/><E83/><V24/><F24/><W19/><G19/><T1/><D1/><U64/><E64/><V118/><F118/><W20/><G32/><T113/><D113/><RYUUKYOKU ba="1,1" sc="275,0,245,0,215,0,255,0" hai0="6,10,15,21,26,28,42,47,50,58,59,93,96" hai1="8,9,11,14,18,46,49,53,78,82,85,88,91" hai2="17,22,25,51,52,60,62,63,84,86" hai3="20,27,30,54,55,66,70,89,92,97,98,103,106" /><INIT seed="4,2,1,4,1,79" ten="275,245,215,255" oya="0" hai0="52,53,60,98,132,94,116,78,93,111,27,12,62" hai1="8,115,54,5,39,77,46,38,84,70,110,85,75" hai2="129,90,66,6,15,20,109,131,114,47,119,48,87" hai3="28,91,117,3,100,25,11,113,76,1,57,128,65"/><T72/><D116/><U41/><E110/><V73/><F73/><W123/><G117/><T122/><D122/><U58/><E70/><V130/><F119/><W40/><G123/><T134/><D111/><U118/><E118/><V112/><F109/><W26/><G113/><T35/><D12/><U88/><E115/><N who="2" m="44075" /><F66/><W81/><G26/><T51/><D78/><U49/><E39/><V101/><F101/><W80/><G100/><T107/><D72/><U61/><E38/><V36/><F36/><W55/><G40/><T33/><D107/><U44/><E44/><V99/><F99/><W17/><G65/><T29/><D35/><U37/><E37/><V59/><F59/><W9/><G3/><T18/><D18/><U96/><E75/><V68/><F68/><W31/><G17/><T0/><D0/><U86/><E96/><V97/><F97/><W71/><G28/><T133/><D93/><U34/><E34/><V56/><F56/><W30/><G1/><T103/><D53/><U106/><E106/><V83/><F20/><W14/><G71/><T124/><D124/><U120/><E120/><V89/><F89/><W69/><G69/><T4/><D62/><U42/><E42/><N who="2" m="24695" /><F131/><W43/><G128/><T21/><D60/><U92/><REACH who="1" step="1"/><E77/><REACH who="1" ten="275,235,215,255" step="2"/><V19/><F130/><W32/><G76/><T45/><D33/><U16/><E16/><V22/><F129/><W82/><G32/><T105/><D105/><U95/><E95/><V23/><F23/><W126/><G43/><T24/><D133/><U135/><E135/><V67/><F6/><W104/><G104/><RYUUKYOKU ba="2,2" sc="275,-15,235,15,215,15,255,-15" hai1="5,8,41,46,49,54,58,61,84,85,86,88,92" hai2="15,19,22,67,83,87,90" /><INIT seed="5,3,2,4,1,66" ten="260,250,230,240" oya="1" hai0="113,52,56,22,34,41,37,18,39,79,48,19,25" hai1="84,104,33,81,72,47,26,60,55,106,27,32,57" hai2="3,73,119,11,76,95,71,64,96,98,101,30,4" hai3="130,135,121,29,116,44,126,123,97,93,127,88,129"/><U80/><E72/><V6/><F119/><W36/><G116/><T38/><D34/><U31/><E47/><V8/><F30/><W9/><G135/><T61/><D79/><U109/><E109/><V54/><F54/><W24/><G9/><T17/><D113/><U91/><E81/><V128/><F128/><N who="3" m="49259" /><G44/><T108/><D108/><U15/><E15/><V58/><F71/><W65/><G65/><T51/><REACH who="0" step="1"/><D41/><REACH who="0" ten="250,250,230,240" step="2"/><U7/><E7/><V1/><F76/><W46/><G121/><T77/><D77/><U13/><E13/><V45/><F73/><W49/><G123/><T53/><D53/><U115/><E115/><V131/><F131/><W69/><G126/><T87/><D87/><U28/><AGARI ba="3,3" hai="26,27,28,31,32,33,55,57,60,80,84,91,104,106" machi="28" ten="30,3000,0" yaku="0,1,9,1" doraHai="66" who="1" fromWho="1" sc="250,-13,250,69,230,-13,240,-13" owari="237,3.7,319,41.9,217,-28.3,227,-17.3" /></mjloggm>