<mjloggm ver="2.3"><GO type="225" lobby="0"/><UN n0="%E5%B8%86%E7%AB%8B%E5%A4%8F%E8%A1%A3" n1="%E3%83%A9%E3%82%A4%E3%83%B3%E3%81%AE%E8%99%8E" n2="%6D%75%75%73%61%6E%6D%75" n3="%E3%80%93%E3%81%97%E3%83%BC%E3%82%89%E3%80%93" dan="16,16,17,17" rate="2199.19,2076.32,2150.71,2142.48" sx="M,M,F,M"/><TAIKYOKU oya="0"/><INIT seed="0,0,0,0,1,48" ten="250,250,250,250" oya="0" hai0="92,80,53,130,135,74,57,43,132,93,85,115,36" hai1="128,134,29,110,75,73,83,133,127,125,121,76,64" hai2="27,70,114,104,42,49,116,45,84,98,3,109,28" hai3="4,54,101,19,71,119,94,106,96,7,41,81,33"/><T8/><D115/><U22/><E64/><V69/><F3/><W0/><G71/><T108/><D74/><N who="1" m="43415" /><E22/><V56/><F114/><W16/><G33/><T100/><D130/><U11/><E11/><V31/><F109/><W67/><G67/><T107/><D108/><U61/><E61/><V102/><F116/><W52/><G106/><T124/><D124/><N who="1" m="47691" /><E29/><V86/><F69/><W91/><G41/><T14/><D43/><U30/><E30/><V77/><F70/><W65/><G65/><T68/><D36/><U111/><E128/><V97/><F31/><W88/><G119/><T122/><D122/><U15/><E15/><V62/><F97/><W79/><G0/><T51/><D68/><U32/><E32/><V90/><F77/><W13/><G19/><T6/><D107/><U60/><E60/><V34/><REACH who="2" step="1"/><F90/><REACH who="2" ten="250,250,240,250" step="2"/><N who="3" m="34347" /><G79/><N who="0" m="46239" /><D100/><U23/><E111/><V105/><F105/><W5/><G81/><T47/><D135/><U21/><E110/><V17/><F17/><W63/><G63/><T9/><D132/><U103/><E103/><V59/><F59/><W129/><G129/><T113/><D57/><U2/><E133/><V18/><F18/><W95/><G95/><N who="0" m="36427" /><D113/><U37/><E134/><V46/><F46/><W82/><G82/><T118/><D118/><U38/><E121/><V123/><F123/><W39/><G39/><N who="1" m="14858" /><E2/><V117/><F117/><W112/><G112/><T25/><D9/><AGARI ba="0,1" hai="4,5,7,9,13,16,52,54,94,96,101" m="34347" machi="9" ten="30,12000,2" yaku="8,1,52,2,54,3" doraHai="48" who="3" fromWho="0" sc="250,-120,250,0,240,0,250,130" /><INIT seed="1,0,0,1,1,131" ten="130,250,240,380" oya="1" hai0="53,97,39,54,75,81,123,83,25,30,11,44,91" hai1="34,78,102,29,108,130,90,49,56,18,89,122,5" hai2="86,69,45,20,107,36,48,21,37,59,95,2,22" hai3="114,23,84,128,50,42,65,67,13,80,0,134,3"/><U8/><E122/><V121/><F107/><W17/><G114/><T4/><D123/><U77/><E130/><V41/><F121/><W103/><G128/><T126/><D126/><U85/><E18/><V43/><F69/><W14/><G103/><T28/><D39/><U57/><E102/><V135/><F2/><W101/><G101/><T7/><D75/><U87/><E34/><V64/><F37/><W58/><G3/><T96/><D44/><U46/><E29/><V116/><F116/><W124/><G0/><T35/><D35/><U94/><E108/><V47/><F135/><W63/><G134/><T66/><D66/><U31/><E31/><V113/><F113/><W51/><G67/><T1/><D1/><U105/><E105/><V111/><F111/><W10/><G42/><T129/><D129/><U132/><E132/><V52/><F64/><W127/><G124/><T82/><D82/><U70/><E70/><V9/><F9/><W71/><G71/><T15/><D11/><U106/><E106/><V109/><F109/><W104/><G104/><T100/><D100/><U40/><E5/><V115/><F115/><W26/><G14/><T73/><D73/><U117/><E8/><V120/><F120/><W38/><G38/><T92/><D15/><U61/><E117/><V6/><F6/><N who="3" m="3287" /><G127/><T55/><D97/><U32/><E32/><V60/><F86/><W27/><G27/><T72/><D72/><U19/><E19/><V76/><F76/><AGARI ba="0,0" hai="17,23,26,50,51,58,63,65,76,80,84" m="3287" machi="76" ten="30,1000,0" yaku="8,1" doraHai="131" who="3" fromWho="2" sc="130,0,250,0,240,-10,380,10" /><INIT seed="2,0,0,4,1,5" ten="130,250,230,390" oya="2" hai0="90,126,124,87,107,42,26,130,128,92,6,86,81" hai1="67,111,17,88,22,82,0,9,83,135,12,71,109" hai2="19,20,37,106,115,64,93,97,95,60,65,59,131" hai3="55,57,110,25,40,113,66,30,129,94,16,103,27"/><V96/><F115/><W44/><G110/><N who="1" m="41994" /><E135/><V47/><F131/><N who="0" m="50218" /><D26/><N who="1" m="14671" /><E0/><V116/><F106/><W24/><G113/><T50/><D50/><U100/><E100/><N who="2" m="60431" /><F37/><W69/><G69/><T84/><D42/><U41/><E41/><V134/><F116/><W7/><G66/><T46/><D46/><U117/><E117/><V89/><F134/><W74/><G30/><T114/><D6/><N who="1" m="3127" /><E88/><N who="2" m="55527" /><F47/><W15/><G44/><T70/><D70/><U78/><E78/><V125/><F125/><N who="0" m="48234" /><D114/><U121/><E121/><V34/><F89/><W72/><G129/><T85/><D107/><U133/><E133/><V122/><F122/><W45/><G45/><T2/><D2/><U18/><E18/><V75/><F19/><W39/><G16/><T28/><D28/><U52/><E52/><V77/><F65/><W8/><G40/><T123/><D123/><U80/><E67/><V63/><F64/><W73/><G39/><T33/><D33/><U29/><E29/><V10/><F34/><W13/><G55/><T14/><D14/><U61/><E61/><V62/><F62/><W105/><G15/><T112/><D112/><U56/><E56/><V76/><F59/><W23/><G57/><T119/><D119/><U98/><E71/><V36/><F63/><W54/><G54/><T35/><D35/><U21/><E21/><V53/><F20/><W11/><G23/><T99/><D86/><U101/><E101/><AGARI ba="0,0" hai="81,84,85,87,90,92,99,101" m="48234,50218" machi="101" ten="30,7700,0" yaku="19,1,18,1,34,2" doraHai="5" who="0" fromWho="1" sc="130,77,250,-77,230,0,390,0" /><INIT seed="3,0,0,4,2,41" ten="207,173,230,390" oya="3" hai0="82,15,87,88,6,101,102,129,53,135,61,94,81" hai1="111,127,14,36,50,21,115,130,64,66,43,27,98" hai2="103,44,45,8,108,128,68,89,85,86,58,109,60" hai3="48,84,131,72,78,93,38,92,106,39,65,26,13"/><W3/><G13/><T91/><D135/><U107/><E111/><N who="2" m="42571" /><F68/><W4/><G48/><T67/><D129/><U114/><E130/><V75/><F128/><W51/><G84/><N who="2" m="32361" /><F75/><W33/><G51/><T80/><D91/><U25/><E127/><V34/><F89/><W104/><G72/><T2/><D2/><U132/><E132/><V18/><F34/><W118/><G33/><T122/><D53/><U29/><E36/><V35/><F35/><W55/><G39/><T124/><D122/><U63/><E66/><N who="2" m="39191" /><F103/><W47/><G38/><T5/><D124/><U31/><E14/><AGARI ba="0,0" hai="8,14,18,44,45" m="39191,32361,42571" machi="14" ten="30,3900,0" yaku="14,1,52,2" doraHai="41" who="2" fromWho="1" sc="207,0,173,-39,230,39,390,0" owari="207,-19.3,134,-36.6,269,6.9,390,49.0" /></mjloggm>