<mjloggm ver="2.3"><GO type="225" lobby="0"/><UN n0="%E6%B4%BE%E9%81%A3%E3%81%AE%E3%82%B8%E3%83%A3%E3%83%83%E3%82%AF" n1="%E7%AD%89%E3%80%85%E5%8A%9B%E5%8A%87%E5%A0%B4" n2="%EF%BC%A9%EF%BC%A3%EF%BC%A8%EF%BC%A9" n3="%E3%81%AF%E3%82%88%E3%81%8A%E3%81%98%E3%81%95%E3%82%93" dan="16,17,16,17" rate="2173.68,2184.74,2116.42,2202.43" sx="M,M,M,M"/><TAIKYOKU oya="0"/><INIT seed="0,0,0,4,2,132" ten="250,250,250,250" oya="0" hai0="119,46,42,67,74,125,19,26,99,133,105,30,96" hai1="13,22,97,66,18,40,124,50,93,56,123,25,28" hai2="58,134,102,6,86,100,129,12,62,135,108,85,3" hai3="59,15,117,81,69,72,115,33,73,80,71,21,4"/><T16/><D74/><U57/><E123/><V61/><F3/><W10/><G33/><T122/><D122/><U114/><E114/><V130/><F12/><W89/><G115/><T17/><D119/><U34/><E124/><V7/><REACH who="2" step="1"/><F58/><REACH who="2" ten="250,250,240,250" step="2"/><W45/><G59/><T11/><D133/><U54/><E57/><V27/><F27/><W98/><G15/><T53/><D26/><U121/><E121/><V88/><F88/><W32/><G89/><T104/><D11/><U64/><E40/><V111/><AGARI ba="0,1" hai="6,7,61,62,85,86,100,102,108,111,129,130,134,135" machi="111" ten="25,6400,0" yaku="1,1,0,1,22,2,53,0" doraHai="132" doraHaiUra="43" who="2" fromWho="2" sc="250,-32,250,-16,240,74,250,-16" /><INIT seed="1,0,0,4,1,135" ten="218,234,314,234" oya="1" hai0="34,32,107,106,65,54,20,85,41,59,115,15,90" hai1="53,27,114,66,118,121,25,134,98,124,127,94,31" hai2="81,100,84,35,75,96,47,129,68,88,91,87,131" hai3="29,60,120,112,73,46,8,128,77,0,93,130,71"/><U17/><E114/><V14/><F68/><W104/><G104/><T122/><D115/><U113/><E113/><V86/><F35/><W26/><G112/><T33/><D122/><U37/><E118/><V108/><F14/><W74/><G120/><T28/><D65/><U7/><E121/><V102/><F47/><W1/><G93/><T83/><D41/><U51/><E37/><V39/><F39/><W56/><G46/><T70/><D70/><U50/><E134/><V109/><F75/><N who="3" m="28683" /><G77/><T30/><D30/><U22/><E66/><V78/><F78/><W10/><G10/><T21/><D21/><U72/><E72/><V6/><F6/><N who="3" m="1095" /><G56/><T105/><D28/><U95/><E7/><V11/><F11/><W63/><G1/><T61/><REACH who="0" step="1"/><D107/><REACH who="0" ten="208,234,314,234" step="2"/><U40/><E40/><V36/><F131/><N who="3" m="50219" /><G71/><T58/><D58/><U123/><E123/><V125/><F129/><W132/><G132/><T12/><D12/><U76/><E22/><AGARI ba="0,1" hai="22,26,29,60,63" m="50219,1095,28683" machi="22" ten="30,1000,0" yaku="19,1" doraHai="135" who="3" fromWho="1" sc="208,0,234,-10,314,0,234,20" /><INIT seed="2,0,0,1,3,56" ten="208,224,314,254" oya="2" hai0="11,36,91,50,62,93,63,15,28,108,76,69,78" hai1="16,79,82,57,130,105,71,96,4,101,132,117,25" hai2="6,112,134,103,47,88,135,70,68,113,100,107,22" hai3="58,67,115,26,20,49,98,14,10,17,116,95,59"/><V39/><F6/><W13/><G116/><T60/><D36/><U66/><E117/><V90/><F22/><W89/><G115/><T38/><D38/><U131/><E71/><V75/><F39/><W126/><G126/><T129/><D69/><U52/><E66/><V64/><F64/><W33/><G33/><T42/><D108/><U114/><E114/><V128/><F47/><W73/><G73/><T19/><D28/><U94/><E105/><V81/><F75/><W133/><G133/><T24/><D24/><U84/><E4/><V27/><F27/><W8/><G49/><T51/><D129/><U21/><REACH who="1" step="1"/><E132/><REACH who="1" ten="208,214,314,254" step="2"/><V12/><F107/><W3/><G67/><T77/><D42/><U0/><E0/><V55/><F134/><W54/><G3/><T122/><D122/><U85/><E85/><AGARI ba="0,1" hai="11,15,19,50,51,60,62,63,76,77,78,85,91,93" machi="85" ten="40,8000,1" yaku="8,1,52,3" doraHai="56" who="0" fromWho="1" sc="208,90,214,-80,314,0,254,0" /><INIT seed="3,0,0,5,4,109" ten="298,134,314,254" oya="3" hai0="40,93,88,43,81,11,89,56,30,72,106,26,135" hai1="46,91,10,73,52,79,75,99,127,84,24,76,7" hai2="80,47,97,101,49,36,115,33,41,126,110,59,45" hai3="66,19,65,38,133,117,22,123,25,23,20,86,112"/><W64/><G117/><T58/><D106/><U53/><E127/><V28/><F115/><W16/><G123/><T70/><D70/><U116/><E116/><V61/><F110/><W9/><G38/><T107/><D107/><U62/><E75/><V69/><F126/><W119/><G119/><T103/><D135/><U120/><E120/><V67/><F80/><W50/><G112/><T83/><D11/><U3/><E73/><V1/><F1/><W48/><G133/><T102/><D72/><U68/><E99/><V29/><F33/><W8/><G86/><N who="0" m="50271" /><D81/><U13/><E3/><V100/><F47/><W27/><G20/><N who="0" m="15687" /><D56/><U128/><E128/><V94/><F101/><N who="0" m="38410" /><D58/><U113/><E113/><V17/><F17/><W118/><G118/><T37/><D37/><U85/><E85/><AGARI ba="0,0" hai="40,43,85,89,93" m="38410,15687,50271" machi="85" ten="30,2000,0" yaku="8,1,54,1" doraHai="109" who="0" fromWho="1" sc="298,20,134,-20,314,0,254,0" owari="318,41.8,114,-38.6,314,11.4,254,-14.6" /></mjloggm>