<mjloggm ver="2.3"><GO type="225" lobby="0"/><UN n0="%72%61%6B%33" n1="%4E%49%4A%49%49%52%4F" n2="%6D%75%75%6D%75%72%61" n3="%E3%83%AD%E3%83%83%E3%83%86%E9%9B%80%E7%90%83" dan="16,16,17,17" rate="2154.23,2185.19,2172.20,2130.50" sx="M,M,F,M"/><TAIKYOKU oya="0"/><INIT seed="0,0,0,3,3,72" ten="250,250,250,250" oya="0" hai0="28,9,26,6,89,55,111,63,42,71,7,43,84" hai1="2,30,4,95,14,8,47,91,117,12,122,0,75" hai2="33,94,83,79,107,51,52,128,104,112,93,99,130" hai3="16,65,82,115,61,103,108,3,125,87,62,133,110"/><T44/><D111/><N who="3" m="42537" /><G115/><T98/><D98/><U106/><E106/><V50/><F33/><W101/><G125/><T73/><D73/><U114/><E75/><N who="2" m="43519" /><F112/><W23/><G3/><T11/><D71/><U1/><E114/><V69/><F69/><N who="3" m="42159" /><G62/><T40/><D63/><U121/><E117/><V97/><F51/><W53/><G53/><T74/><D74/><U131/><E131/><N who="2" m="50219" /><F94/><W46/><G46/><T35/><D55/><U116/><E116/><V21/><F21/><W90/><G133/><T45/><D45/><U37/><E30/><V77/><F77/><W92/><G92/><T29/><D44/><U96/><REACH who="1" step="1"/><E14/><AGARI ba="0,0" hai="14,16,23,82,87,90,101,103" m="42159,42537" machi="14" ten="30,2000,0" yaku="14,1,54,1" doraHai="72" who="3" fromWho="1" sc="250,0,250,-20,250,0,250,20" /><INIT seed="1,0,0,4,1,10" ten="250,230,250,270" oya="1" hai0="120,26,84,68,103,131,49,2,132,17,135,97,38" hai1="112,109,129,46,73,75,67,12,93,77,27,66,92" hai2="11,133,107,0,94,34,117,5,114,47,79,76,24" hai3="1,63,69,52,53,22,71,124,99,130,64,91,65"/><U115/><E27/><V88/><F117/><W128/><G1/><T9/><D38/><U122/><E46/><V51/><F133/><W98/><G22/><T14/><D68/><N who="3" m="26185" /><G91/><T86/><D131/><N who="3" m="50217" /><G124/><T78/><D120/><U44/><E44/><V8/><F107/><W4/><G4/><T89/><D2/><U29/><E129/><V113/><F11/><W39/><G39/><T43/><D78/><U54/><E77/><V80/><F34/><W121/><G121/><T70/><D26/><U16/><E29/><V134/><F24/><W101/><G63/><T35/><D35/><U126/><E126/><V32/><F32/><W33/><G33/><T62/><D89/><U82/><E122/><V7/><F7/><W104/><G99/><T6/><D6/><U61/><E61/><V119/><F119/><W125/><G125/><T85/><D62/><U100/><E100/><V18/><F134/><W58/><G58/><T90/><D70/><U108/><E82/><V116/><F18/><W72/><G72/><T105/><REACH who="0" step="1"/><D90/><REACH who="0" ten="240,230,250,270" step="2"/><U36/><E36/><V110/><F116/><W20/><G65/><T95/><D95/><U127/><E127/><V21/><F79/><W123/><G64/><T40/><D40/><U83/><E66/><V37/><F37/><W30/><G123/><T56/><D56/><U42/><E67/><V48/><F88/><W60/><G60/><T55/><D55/><U87/><E54/><V118/><F118/><W13/><G30/><T3/><D3/><U23/><E42/><N who="2" m="24695" /><F76/><W28/><G28/><T59/><D59/><U45/><E45/><AGARI ba="0,1" hai="9,14,17,43,45,49,84,85,86,97,103,105,132,135" machi="45" ten="40,12000,2" yaku="1,1,6,1,52,1,53,3" doraHai="10" doraHaiUra="81" who="0" fromWho="1" sc="240,130,230,-120,250,0,270,0" /><INIT seed="2,0,0,5,3,110" ten="370,110,250,270" oya="2" hai0="47,119,107,31,28,87,103,60,122,129,34,133,134" hai1="64,42,56,94,91,78,81,85,1,46,83,62,73" hai2="90,58,30,75,29,25,101,131,5,88,3,97,57" hai3="8,116,24,65,15,27,53,55,77,121,98,11,113"/><V120/><F120/><W72/><G116/><T124/><D122/><U52/><E1/><V12/><F75/><W106/><G65/><T18/><D119/><U125/><E125/><V37/><F3/><W45/><G77/><T80/><D124/><U14/><E14/><V95/><F37/><W117/><G72/><T0/><D0/><U84/><E64/><V68/><F68/><W130/><G130/><T63/><D18/><U89/><E73/><V22/><F131/><W66/><G66/><T123/><D47/><U112/><E112/><V23/><F5/><W17/><G117/><T61/><D34/><U16/><E16/><N who="2" m="10503" /><F30/><W49/><G113/><T105/><D123/><U50/><REACH who="1" step="1"/><E94/><REACH who="1" ten="370,100,250,270" step="2"/><N who="2" m="58551" /><F90/><AGARI ba="0,1" hai="42,46,50,52,56,62,78,81,83,84,85,89,90,91" machi="90" ten="30,7700,0" yaku="1,1,7,1,8,1,54,1,53,0" doraHai="110" doraHaiUra="71" who="1" fromWho="2" sc="370,0,100,87,250,-77,270,0" /><INIT seed="3,0,0,3,3,11" ten="370,187,173,270" oya="3" hai0="133,101,38,73,135,92,90,29,32,0,60,21,95" hai1="18,102,88,33,84,46,31,13,106,37,27,116,15" hai2="47,117,55,70,7,26,68,119,118,65,39,59,54" hai3="107,63,9,49,14,80,82,36,41,76,16,72,4"/><W130/><G130/><T40/><D0/><U57/><E116/><V28/><F7/><W5/><G107/><T79/><D32/><U128/><E128/><V25/><F25/><W104/><G104/><T124/><D124/><U24/><E106/><V20/><F65/><W115/><G115/><T61/><D101/><U19/><E102/><V122/><F122/><W132/><G132/><T23/><D79/><U94/><E57/><V22/><F22/><W1/><G49/><T48/><D73/><U51/><E37/><V126/><F126/><W96/><G96/><T3/><D3/><U6/><E6/><V134/><F134/><W125/><G125/><T111/><D38/><U58/><E58/><V56/><F39/><W71/><G80/><T100/><D100/><U127/><E127/><V66/><F66/><W97/><G97/><T131/><D48/><U69/><E69/><V81/><F47/><N who="3" m="23975" /><G5/><T67/><D131/><U2/><E2/><V43/><F43/><W123/><G123/><T89/><D40/><N who="1" m="25031" /><E33/><V74/><F74/><W99/><G99/><T8/><D29/><U112/><E112/><V121/><F121/><W91/><G71/><T53/><D135/><U78/><E78/><V62/><REACH who="2" step="1"/><F81/><REACH who="2" ten="370,187,163,270" step="2"/><W30/><G82/><T35/><D133/><U114/><E114/><V50/><AGARI ba="0,1" hai="20,26,28,50,54,55,56,59,62,68,70,117,118,119" machi="50" ten="30,4000,0" yaku="1,1,2,1,0,1,53,0" doraHai="11" doraHaiUra="77" who="2" fromWho="2" sc="370,-10,187,-10,163,50,270,-20" owari="360,46.0,177,-32.3,213,-18.7,250,5.0" /></mjloggm>