<mjloggm ver="2.3"><GO type="225" lobby="0"/><UN n0="%E3%81%9F%E3%81%A3%E3%81%A1%E3%82%87" n1="%E8%81%B7%E6%A5%AD%E3%80%81%E9%A2%A8%32" n2="%E3%81%9F%E3%81%8C%E3%82%84%E3%81%99" n3="%E6%97%A5%E6%9B%9C%E6%97%A5%E3%82%88%E3%82%8A%E3%81%AE%E4%BD%BF%E8%80%85" dan="16,16,16,18" rate="2058.84,2186.49,2193.64,2164.41" sx="M,M,M,M"/><TAIKYOKU oya="0"/><INIT seed="0,0,0,0,0,114" ten="250,250,250,250" oya="0" hai0="122,11,99,31,20,38,28,23,134,49,88,29,72" hai1="4,33,129,76,55,39,52,94,118,53,69,110,125" hai2="19,131,116,75,96,86,107,58,35,77,0,121,8" hai3="127,113,27,10,109,7,90,65,48,63,73,17,133"/><T64/><D122/><U97/><E110/><V15/><F75/><W6/><G73/><T93/><D38/><U56/><E69/><V119/><F121/><W74/><G74/><T46/><D134/><U3/><E33/><V132/><F35/><W24/><G113/><T44/><D72/><U135/><E39/><V130/><F132/><W40/><G133/><T14/><D64/><U117/><E135/><V47/><F0/><W66/><G109/><T60/><D60/><U70/><E70/><V12/><F47/><N who="3" m="25703" /><G127/><T13/><D46/><U59/><E76/><V81/><F58/><N who="3" m="37111" /><G66/><T128/><D13/><U18/><E125/><V36/><F36/><W120/><G120/><T71/><D71/><U26/><E129/><N who="2" m="49163" /><F15/><N who="3" m="7415" /><G90/><T102/><D128/><U87/><E3/><V123/><F123/><W105/><G105/><T111/><D102/><AGARI ba="0,0" hai="8,12,19,77,81,86,96,102,107,116,119" m="49163" machi="102" ten="30,3900,0" yaku="19,1,52,2" doraHai="114" who="2" fromWho="0" sc="250,-39,250,0,250,39,250,0" /><INIT seed="1,0,0,0,3,39" ten="211,250,289,250" oya="1" hai0="84,71,14,58,49,130,110,63,33,118,27,8,3" hai1="131,121,114,117,9,95,87,12,106,112,128,53,101" hai2="88,113,109,90,75,61,59,24,21,19,35,0,103" hai3="4,44,120,133,91,20,17,134,6,7,55,93,43"/><U80/><E121/><V108/><F75/><W74/><G74/><T38/><D118/><U28/><E117/><V70/><F70/><W77/><G77/><T129/><D38/><U11/><E28/><V72/><F72/><W76/><G76/><T40/><D110/><N who="2" m="42602" /><F0/><W125/><G55/><T46/><D71/><U132/><E132/><N who="3" m="50794" /><G120/><T127/><D84/><U99/><E53/><N who="2" m="34031" /><F113/><N who="1" m="43625" /><E11/><V119/><F119/><W42/><G44/><T115/><D127/><U96/><E12/><N who="2" m="9447" /><F103/><W34/><G34/><T98/><D3/><U32/><E9/><V124/><F124/><W82/><G82/><T100/><D115/><U78/><E32/><V65/><F65/><W67/><G67/><T15/><D8/><U13/><E13/><V79/><F79/><W45/><G125/><T25/><D33/><U18/><E18/><V73/><F73/><W122/><G122/><T10/><D14/><U29/><E29/><AGARI ba="0,0" hai="24,29,35,88,90" m="9447,34031,42602" machi="29" ten="30,2000,0" yaku="14,1,54,1" doraHai="39" who="2" fromWho="1" sc="211,0,250,-20,289,20,250,0" /><INIT seed="2,0,0,1,0,59" ten="211,230,309,250" oya="2" hai0="13,56,100,97,129,73,35,31,105,9,0,128,86" hai1="132,46,107,6,47,89,85,32,82,113,135,110,10" hai2="53,20,39,19,40,95,43,42,70,30,50,127,79" hai3="65,48,119,72,122,78,34,104,14,130,25,21,84"/><V45/><F30/><W55/><G119/><T5/><D73/><U90/><E110/><V4/><F127/><W51/><G122/><T111/><D111/><U99/><E32/><V63/><F4/><W108/><G72/><T94/><D0/><U33/><E33/><V93/><F79/><W58/><G104/><T12/><D12/><U71/><E71/><V36/><F95/><W23/><G34/><T62/><D105/><U83/><E113/><V68/><F93/><W103/><G103/><T54/><REACH who="0" step="1"/><D86/><REACH who="0" ten="201,230,309,250" step="2"/><N who="1" m="50391" /><E107/><V81/><F39/><W92/><G14/><T26/><AGARI ba="0,1" hai="5,9,13,26,31,35,54,56,62,94,97,100,128,129" machi="26" ten="30,4000,0" yaku="1,1,0,1,52,1,53,0" doraHai="59" doraHaiUra="18" who="0" fromWho="0" sc="201,50,230,-10,309,-20,250,-10" /><INIT seed="3,0,0,0,2,62" ten="251,220,289,240" oya="3" hai0="46,119,73,113,134,128,57,91,52,28,16,3,120" hai1="50,23,96,56,112,99,54,12,49,18,64,93,79" hai2="126,88,43,115,8,76,21,111,55,71,72,109,87" hai3="42,85,2,108,11,39,60,0,78,89,97,1,135"/><W129/><G129/><T68/><D119/><U34/><E34/><V58/><F71/><W24/><G135/><T20/><D120/><U125/><E112/><V84/><F115/><W92/><G108/><N who="2" m="41545" /><F126/><W61/><G24/><T17/><D68/><U106/><E125/><V5/><F43/><W95/><G11/><T38/><D73/><U94/><E106/><V107/><F107/><W32/><G32/><T110/><D110/><U118/><E118/><V19/><F72/><W83/><REACH who="3" step="1"/><G95/><REACH who="3" ten="251,220,289,230" step="2"/><T69/><D128/><U102/><E79/><V29/><F8/><W70/><G70/><T131/><D69/><U4/><E4/><V105/><F105/><W22/><G22/><T53/><D134/><U9/><E9/><V35/><F5/><W116/><G116/><T26/><D131/><U81/><E81/><N who="2" m="47143" /><F35/><W132/><G132/><T47/><D113/><U104/><E104/><V14/><F29/><W41/><G41/><T6/><D28/><U37/><E37/><V10/><F21/><W31/><G31/><T123/><D6/><U86/><E86/><V33/><F33/><W77/><G77/><T101/><D20/><U103/><E50/><N who="2" m="31095" /><F87/><W63/><G63/><T74/><D26/><U59/><E59/><V40/><F40/><W25/><G25/><T80/><D57/><U130/><E130/><V133/><F133/><W45/><AGARI ba="0,1" hai="0,1,2,39,42,45,60,61,78,83,85,89,92,97" machi="45" ten="40,3900,0" yaku="1,1,0,1,53,0" doraHai="62" doraHaiUra="66" who="3" fromWho="3" sc="251,-13,220,-13,289,-13,230,49" /><INIT seed="3,1,0,1,5,11" ten="238,207,276,279" oya="3" hai0="86,52,25,53,72,75,117,104,40,85,131,92,48" hai1="24,28,94,77,16,36,22,33,108,116,20,89,111" hai2="5,83,122,32,4,133,118,14,60,2,96,63,50" hai3="8,113,80,35,12,46,41,109,84,64,100,91,59"/><W129/><G113/><T67/><D104/><U42/><E116/><V79/><F32/><W123/><G123/><T7/><D117/><U110/><E77/><V44/><F2/><W19/><G35/><T17/><D131/><U54/><E36/><V78/><F118/><W18/><G129/><T47/><D7/><U103/><E42/><V15/><F133/><W56/><G109/><T51/><D67/><U21/><E103/><V124/><F124/><W88/><G100/><T76/><D40/><U82/><E82/><V107/><F96/><W27/><G64/><T61/><D61/><N who="2" m="23626" /><F107/><W6/><G91/><T128/><D92/><U101/><E54/><N who="2" m="30023" /><F122/><W45/><G45/><T62/><D86/><N who="1" m="52535" /><E101/><V81/><F81/><W90/><G90/><T115/><D115/><U121/><E121/><V102/><F102/><W99/><G99/><T37/><D37/><U98/><E98/><V106/><F106/><W126/><G126/><T112/><D112/><U69/><E69/><V87/><F79/><W70/><G70/><T49/><D128/><U73/><E73/><V30/><F30/><W10/><G41/><T26/><D72/><U71/><E71/><V1/><F1/><N who="3" m="79" /><G46/><N who="0" m="27671" /><D75/><U125/><E125/><V130/><F130/><W135/><G135/><T68/><D68/><U66/><E66/><V95/><F95/><W134/><G134/><T58/><D47/><U127/><E127/><V119/><F119/><W3/><G3/><T114/><D114/><U13/><AGARI ba="1,0" hai="13,16,20,21,22,24,28,33,108,110,111" m="52535" machi="13" ten="30,4000,0" yaku="14,1,52,1,54,1" doraHai="11" who="1" fromWho="1" sc="238,-11,207,43,276,-11,279,-21" /><INIT seed="4,0,0,3,2,90" ten="227,250,265,258" oya="0" hai0="39,99,122,77,121,80,46,119,108,38,94,32,12" hai1="97,42,124,33,9,104,62,34,60,68,118,133,11" hai2="25,116,63,81,57,135,69,127,85,83,71,45,37" hai3="112,49,126,88,89,64,125,44,73,29,10,101,51"/><T41/><D119/><U131/><E118/><V67/><F83/><W111/><G112/><T128/><D128/><U102/><E131/><V19/><F116/><W52/><G73/><T61/><D108/><U84/><E124/><N who="3" m="47722" /><G111/><T6/><D32/><U76/><E133/><V91/><F127/><W82/><G101/><T8/><D38/><U105/><E105/><V50/><F135/><W7/><G64/><T56/><D61/><U109/><E109/><V65/><F37/><W16/><G29/><T0/><D56/><U36/><E33/><V110/><F67/><W66/><G66/><T120/><D12/><U3/><E68/><V55/><F110/><W14/><G82/><T107/><D107/><U95/><E34/><V58/><F71/><W117/><G117/><T18/><D18/><U96/><E42/><V48/><F48/><W26/><G51/><T130/><D130/><U43/><E43/><V2/><F2/><N who="3" m="375" /><G26/><T28/><D28/><U87/><E36/><V100/><F100/><W13/><G14/><T123/><D121/><U103/><E3/><V114/><F114/><W24/><G24/><T59/><D122/><U106/><E76/><V53/><F53/><W93/><G93/><AGARI ba="0,0" hai="9,11,60,62,84,87,93,95,96,97,102,103,104,106" machi="93" ten="25,6400,0" yaku="22,2,52,2" doraHai="90" who="1" fromWho="3" sc="227,0,250,64,265,0,258,-64" owari="227,-17.3,314,41.4,265,6.5,194,-30.6" /></mjloggm>