<mjloggm ver="2.3"><GO type="225" lobby="0"/><UN n0="%E7%89%B9%E6%9D%B1%E3%81%AF%E4%B8%96%E7%95%8C%E3%82%92%E6%95%91%E3%81%86" n1="%E7%B4%94%E6%BD%94%E3%83%94%E3%83%A9%E3%83%8B%E3%82%A2" n2="%33%74%72%65%65" n3="%E5%A4%96%E5%B7%9D%E7%AB%9C%E6%88%90" dan="16,17,16,16" rate="2130.25,2208.10,2083.31,2211.50" sx="M,M,F,M"/><TAIKYOKU oya="0"/><INIT seed="0,0,0,4,4,26" ten="250,250,250,250" oya="0" hai0="12,115,110,76,33,133,118,41,60,29,112,105,98" hai1="66,7,37,119,8,92,64,52,5,104,28,9,81" hai2="71,103,86,117,108,125,124,109,113,91,16,24,44" hai3="82,50,100,35,18,61,53,131,123,83,11,40,10"/><T45/><D118/><U116/><E37/><V89/><F71/><W122/><G35/><T38/><D12/><U121/><E81/><V77/><F117/><W42/><G61/><T22/><D22/><U107/><E92/><V106/><F44/><W27/><G100/><N who="0" m="62615" /><D133/><U130/><E28/><V74/><F74/><W69/><G69/><T101/><D60/><U32/><E32/><V93/><F113/><N who="0" m="43594" /><D101/><U49/><E49/><V54/><F54/><W20/><G131/><T80/><D80/><N who="3" m="30761" /><G123/><T87/><D87/><U90/><E121/><V67/><F67/><W85/><G85/><T78/><D78/><U126/><E130/><V3/><F77/><W57/><G122/><T25/><D76/><U47/><E47/><V21/><F91/><W97/><G97/><T4/><D4/><U120/><E90/><V84/><F84/><W59/><G59/><T132/><D132/><U15/><E120/><V23/><F106/><W6/><G6/><T1/><D1/><U48/><E48/><V43/><F3/><W51/><G50/><T72/><D72/><U19/><E19/><N who="2" m="12351" /><F103/><W36/><G36/><T88/><D88/><U79/><E79/><V134/><F134/><W70/><G70/><T13/><D13/><U17/><E15/><N who="2" m="9631" /><F43/><AGARI ba="0,0" hai="10,11,18,20,27,40,42,43,51,53,57" m="30761" machi="43" ten="30,1000,0" yaku="8,1" doraHai="26" who="3" fromWho="2" sc="250,0,250,0,250,-10,250,10" /><INIT seed="1,0,0,0,1,126" ten="250,250,240,260" oya="1" hai0="135,44,66,117,45,7,116,79,88,120,13,77,106" hai1="11,70,80,121,31,105,51,62,59,38,17,42,37" hai2="82,118,5,89,63,47,18,20,22,81,130,78,104" hai3="100,61,30,113,67,83,111,132,33,56,85,131,110"/><U95/><E105/><V3/><F118/><W52/><G113/><T98/><D66/><U127/><E121/><V91/><F104/><W0/><G0/><T14/><D120/><U48/><E31/><V43/><F130/><W25/><G132/><T76/><D135/><U133/><E133/><V23/><F18/><W123/><G123/><T93/><D106/><U64/><E80/><V12/><F3/><W134/><G134/><T46/><REACH who="0" step="1"/><D7/><REACH who="0" ten="240,250,240,260" step="2"/><U68/><E64/><V6/><F6/><W97/><G67/><T72/><D72/><U9/><E127/><V99/><F5/><W109/><G131/><T16/><D16/><U69/><E17/><V58/><F78/><W26/><G30/><T41/><D41/><U90/><E42/><V87/><F43/><W55/><G55/><T101/><D101/><U34/><E68/><V114/><F114/><W86/><G100/><T84/><D84/><U60/><E90/><V21/><N who="2" m="5120" /><DORA hai="2" /><V54/><F89/><W53/><G86/><T96/><D96/><U27/><E27/><N who="3" m="10250" /><G97/><T49/><D49/><U128/><E128/><V35/><F99/><W75/><G53/><T8/><D8/><U4/><E4/><V102/><F54/><W29/><G75/><T39/><D39/><U107/><E107/><V24/><F102/><W115/><G115/><T57/><D57/><U74/><E74/><V73/><F58/><W94/><G85/><T112/><D112/><U122/><E122/><V32/><F87/><W125/><G125/><T36/><D36/><U19/><E37/><V71/><F73/><W50/><G56/><RYUUKYOKU ba="0,1" sc="240,30,250,-10,240,-10,260,-10" hai0="13,14,44,45,46,76,77,79,88,93,98,116,117" /><INIT seed="2,1,1,1,4,88" ten="270,240,230,250" oya="2" hai0="38,68,79,20,114,105,102,19,108,61,58,21,64" hai1="128,22,95,9,32,113,131,103,97,69,13,49,133" hai2="116,47,122,78,55,129,35,66,27,18,83,130,124" hai3="115,59,82,28,46,53,40,65,96,7,56,62,135"/><V74/><F116/><W118/><G118/><T6/><D114/><U127/><E113/><V39/><F122/><W60/><G115/><T10/><D38/><U15/><E69/><V5/><F124/><W75/><G135/><T80/><D108/><U51/><E133/><V24/><F66/><W31/><G7/><T117/><D117/><U87/><E32/><V23/><F5/><W70/><G96/><T86/><D102/><U72/><E72/><V11/><F11/><W34/><G34/><T125/><D105/><U12/><E127/><V1/><F1/><W121/><G121/><T17/><D125/><U43/><E43/><V57/><F47/><W111/><G111/><T134/><D134/><U50/><E22/><V16/><F39/><W3/><G3/><T14/><D68/><U104/><E9/><V126/><F126/><W84/><G75/><T67/><D67/><U120/><E120/><V110/><F110/><W101/><G101/><T132/><D132/><U81/><REACH who="1" step="1"/><E104/><REACH who="1" ten="270,230,230,250" step="2"/><V29/><REACH who="2" step="1"/><F18/><AGARI ba="1,2" hai="6,10,14,17,18,19,20,21,58,61,64,79,80,86" machi="18" ten="40,1300,0" yaku="8,1" doraHai="88" who="0" fromWho="2" sc="270,36,230,0,230,-16,250,0" /><INIT seed="3,0,0,4,5,120" ten="306,230,214,250" oya="3" hai0="62,123,57,92,15,60,118,129,25,20,70,81,91" hai1="116,3,31,86,50,4,100,55,114,54,90,18,28" hai2="37,93,105,119,101,45,110,68,111,113,96,124,84" hai3="82,24,78,58,9,5,39,27,44,34,98,134,10"/><W83/><G134/><T8/><D123/><U22/><E114/><V125/><F113/><W11/><G5/><N who="0" m="3471" /><D70/><U38/><E38/><V2/><F2/><W73/><G83/><T1/><D1/><U112/><E112/><V48/><F37/><W47/><G58/><T64/><D129/><U29/><E100/><V49/><F119/><W76/><G76/><T95/><D62/><U131/><E131/><V40/><F68/><W42/><G34/><T67/><D118/><U79/><E116/><V109/><F49/><W69/><G69/><T133/><D133/><U63/><E3/><V53/><F40/><W14/><G14/><T17/><D64/><U35/><E4/><V56/><F45/><W102/><REACH who="3" step="1"/><G47/><REACH who="3" ten="306,230,214,240" step="2"/><T21/><D21/><U12/><E79/><V107/><F84/><AGARI ba="0,1" hai="17,20,25,57,60,67,81,84,91,92,95" m="3471" machi="84" ten="30,1000,0" yaku="8,1" doraHai="120" who="0" fromWho="2" sc="306,20,230,0,214,-10,240,0" owari="326,42.6,230,-17.0,204,-29.6,240,4.0" /></mjloggm>