<mjloggm ver="2.3"><GO type="225" lobby="0"/><UN n0="%E6%B8%A9%E2%98%85%E6%83%85%E2%98%85%E6%8E%AA%E2%98%85%E7%BD%AE" n1="%E3%83%A9%E3%82%B9%E7%8E%87%EF%BC%93%E5%89%B2" n2="%E3%83%B4%E3%82%A3%E3%83%AF%E3%82%B3%E3%82%B0%E3%83%8B" n3="%E3%81%AA%E3%81%A1%30%39%32%37" dan="16,16,16,16" rate="2161.27,2150.20,2160.18,2081.79" sx="M,F,M,M"/><TAIKYOKU oya="0"/><INIT seed="0,0,0,0,2,8" ten="250,250,250,250" oya="0" hai0="75,46,21,97,78,7,44,127,15,61,104,3,40" hai1="18,120,111,121,62,122,114,91,112,133,89,126,131" hai2="37,14,9,25,38,94,96,118,60,41,5,83,55" hai3="27,33,106,109,116,12,102,107,86,117,0,70,56"/><T16/><D127/><U101/><E126/><V22/><F118/><W2/><G86/><T125/><D125/><U80/><E131/><V115/><F115/><N who="1" m="44073" /><E133/><V134/><F134/><W79/><G56/><T132/><D132/><U95/><E62/><V47/><F83/><W30/><G79/><T4/><D61/><U36/><E36/><V50/><F60/><W76/><G76/><T98/><D104/><U88/><E18/><V129/><F129/><W73/><G73/><T10/><D7/><U58/><E58/><V34/><F34/><W24/><G70/><T92/><D92/><U82/><E111/><V6/><F41/><W54/><G109/><T105/><D105/><U43/><E43/><V99/><F5/><W68/><G68/><T57/><D57/><U29/><E29/><V72/><F72/><W67/><G30/><T84/><D84/><U49/><E49/><V69/><F69/><W128/><G128/><T1/><D1/><U66/><E66/><V119/><F119/><W39/><G67/><T19/><D19/><U71/><E71/><V81/><F81/><N who="1" m="31337" /><E101/><V28/><REACH who="2" step="1"/><F99/><AGARI ba="0,0" hai="88,89,91,95,99,120,121,122" m="31337,44073" machi="99" ten="40,8000,1" yaku="11,1,34,2,54,1" doraHai="8" who="1" fromWho="2" sc="250,0,250,80,250,-80,250,0" /><INIT seed="1,0,0,5,3,74" ten="250,330,170,250" oya="1" hai0="69,94,52,88,40,17,18,104,56,10,27,116,103" hai1="7,19,76,75,65,93,46,2,107,33,119,122,34" hai2="81,47,54,24,92,62,128,16,99,32,112,110,11" hai3="21,48,133,115,44,12,58,20,61,8,135,15,28"/><U98/><E119/><V70/><F110/><W77/><G115/><T5/><D69/><U80/><E122/><V113/><F128/><W118/><G118/><T37/><D116/><U106/><E65/><V97/><F70/><W1/><G1/><T89/><D104/><U100/><E19/><N who="0" m="7177" /><D37/><U78/><E78/><V25/><F97/><W39/><G39/><T55/><D40/><U123/><E123/><V42/><F62/><W9/><G61/><N who="0" m="35975" /><D27/><U38/><E93/><V83/><F54/><W121/><G121/><T30/><D30/><U82/><E82/><V125/><F32/><W31/><G58/><T14/><D55/><U126/><E126/><V95/><F25/><W129/><G48/><T117/><D117/><U50/><E50/><V86/><F125/><W36/><G44/><T68/><D68/><U102/><E102/><V71/><F71/><W132/><G36/><T13/><D14/><N who="3" m="5161" /><G129/><T51/><D51/><U29/><E29/><N who="3" m="11338" /><G77/><T90/><D103/><U0/><E107/><V22/><F47/><W4/><G4/><T43/><D43/><N who="1" m="22903" /><E2/><V130/><F42/><W60/><G60/><T85/><AGARI ba="0,0" hai="5,10,13,85,88,89,90,94" m="35975,7177" machi="85" ten="30,4000,0" yaku="8,1,54,2" doraHai="74" who="0" fromWho="0" sc="250,40,330,-20,170,-10,250,-10" /><INIT seed="2,0,0,5,4,61" ten="290,310,160,240" oya="2" hai0="97,103,33,82,89,86,54,73,108,119,127,132,96" hai1="2,110,70,34,74,58,38,24,51,121,31,122,48" hai2="129,128,4,83,23,43,21,17,8,105,79,109,95" hai3="42,49,45,88,101,131,12,5,91,40,92,120,44"/><V11/><F105/><W84/><G131/><N who="2" m="50249" /><F43/><W66/><G120/><N who="1" m="46186" /><E70/><V72/><F95/><W77/><G101/><T118/><D33/><U46/><E74/><V36/><F36/><W47/><G66/><T76/><D132/><U65/><E2/><N who="2" m="23" /><F109/><W85/><G77/><T20/><D108/><U69/><E110/><V53/><F53/><W75/><G75/><T57/><D54/><U99/><E99/><V93/><F93/><W15/><G5/><T111/><D97/><U7/><E7/><V94/><F94/><N who="3" m="54535" /><G49/><T1/><D73/><U19/><E69/><V134/><F134/><W9/><G9/><T126/><D96/><U30/><E38/><V130/><N who="2" m="50257" /><V60/><DORA hai="113" /><F60/><W18/><G18/><T56/><D111/><U116/><E19/><V39/><F39/><W67/><G67/><T98/><D98/><U52/><E65/><V26/><F26/><W32/><G32/><T0/><D103/><U25/><E34/><V16/><F17/><W10/><G10/><T50/><D50/><U87/><E25/><V115/><F115/><W123/><G123/><T117/><D86/><U68/><E87/><V6/><F16/><W27/><G27/><T14/><D82/><U13/><E24/><V29/><F29/><W59/><G59/><T41/><D56/><U78/><E68/><V104/><F104/><W81/><G92/><T22/><D57/><U90/><E51/><V64/><F64/><W55/><G55/><T114/><D41/><AGARI ba="0,0" hai="12,15,40,41,42,44,45,47,81,85,91" m="54535" machi="41" ten="30,2000,0" yaku="8,1,54,1" doraHai="61,113" who="3" fromWho="0" sc="290,-20,310,0,160,0,240,20" /><INIT seed="3,0,0,3,4,43" ten="270,310,160,260" oya="3" hai0="20,27,108,26,71,70,22,12,126,86,29,28,52" hai1="21,30,44,37,66,3,107,103,54,94,132,109,34" hai2="84,91,72,64,75,1,128,5,50,18,118,113,23" hai3="104,17,81,131,88,9,125,24,32,97,67,60,117"/><W74/><G117/><T38/><D38/><U0/><E34/><V65/><F113/><W120/><G120/><T129/><D108/><U41/><E107/><V135/><F118/><W48/><G131/><T51/><D129/><U111/><E66/><V121/><F128/><W87/><G125/><T14/><D126/><U77/><E77/><V45/><F135/><W68/><G74/><T112/><D112/><U80/><E80/><V62/><F121/><W46/><G9/><T4/><D86/><U58/><E132/><V83/><F1/><W40/><G17/><T2/><D2/><U53/><E53/><V110/><F110/><N who="1" m="41993" /><E21/><V39/><F39/><W78/><G104/><T61/><D61/><N who="1" m="36055" /><E30/><V13/><F5/><W82/><G97/><AGARI ba="0,0" hai="0,3,37,41,44,94,97,103" m="36055,41993" machi="97" ten="30,2000,0" yaku="14,1,52,1" doraHai="43" who="1" fromWho="3" sc="270,0,310,20,160,0,260,-20" owari="270,7.0,330,43.0,160,-34.0,240,-16.0" /></mjloggm>