<mjloggm ver="2.3"><GO type="225" lobby="0"/><UN n0="%E5%A4%96%E5%B7%9D%E7%AB%9C%E6%88%90" n1="%61%6D%65%6B%69" n2="%77%72%77%72%77%72%77%72" n3="%E5%87%BA%E6%B0%B4" dan="16,16,16,16" rate="2157.07,2086.98,2093.28,2078.92" sx="M,M,M,F"/><TAIKYOKU oya="0"/><INIT seed="0,0,0,2,4,2" ten="250,250,250,250" oya="0" hai0="118,57,100,67,99,48,120,112,39,81,64,6,133" hai1="22,8,91,54,25,122,111,1,44,128,24,43,45" hai2="94,82,12,105,121,30,32,63,49,62,124,11,74" hai3="41,38,103,65,14,60,115,26,109,17,66,77,21"/><T55/><D112/><U69/><E122/><V33/><F105/><W107/><G115/><T36/><D120/><U75/><E75/><V52/><F121/><W70/><G109/><T104/><D118/><U46/><E69/><V18/><F124/><W129/><G129/><T9/><D133/><U114/><E114/><V15/><F94/><W37/><G77/><T31/><D31/><U96/><E111/><V59/><F30/><W102/><G41/><T78/><D39/><U101/><E128/><V127/><F127/><W35/><G66/><T106/><D36/><U117/><E117/><V19/><F74/><W90/><G90/><T93/><D106/><U28/><E91/><V68/><F82/><W76/><G76/><T119/><D104/><U72/><E72/><V58/><F68/><W40/><G40/><T92/><D92/><U0/><E25/><V89/><F89/><W88/><G103/><T73/><REACH who="0" step="1"/><D119/><REACH who="0" ten="240,250,250,250" step="2"/><U83/><E83/><V79/><F33/><W130/><G130/><T85/><D85/><U113/><E113/><V80/><F32/><W131/><G131/><T84/><D84/><U5/><E43/><V50/><F80/><W132/><G132/><T56/><D56/><U86/><E86/><V27/><F59/><W13/><G38/><T97/><D97/><U16/><E28/><V47/><F58/><W134/><G134/><T116/><D116/><U61/><E96/><V126/><F126/><W7/><G37/><T135/><D135/><U110/><E110/><V4/><F79/><W3/><G35/><T87/><D87/><U108/><E108/><RYUUKYOKU ba="0,1" sc="240,30,250,-10,250,-10,250,-10" hai0="6,9,48,55,57,64,67,73,78,81,93,99,100" /><INIT seed="0,1,1,0,5,69" ten="270,240,240,240" oya="0" hai0="106,16,26,118,110,99,18,25,107,117,68,112,82" hai1="5,36,132,51,74,41,113,130,17,0,42,129,9" hai2="77,122,60,119,120,46,7,3,50,71,134,20,58" hai3="95,121,89,115,21,65,83,101,63,133,81,14,72"/><T66/><D112/><U4/><E113/><V92/><F71/><W24/><G115/><T73/><D110/><U19/><E74/><V85/><F134/><W131/><G131/><N who="1" m="50186" /><E132/><V11/><F119/><W55/><G133/><T98/><D68/><U40/><E5/><V59/><F59/><N who="3" m="37119" /><G72/><T90/><D73/><U67/><E67/><V105/><F105/><W38/><G101/><T94/><D66/><U78/><E78/><V70/><F70/><W126/><G126/><T33/><D82/><U12/><E51/><V30/><F20/><W114/><G38/><T80/><D80/><U39/><E19/><V127/><F127/><W35/><G35/><T135/><D135/><U108/><E108/><V57/><F57/><W49/><G14/><T116/><D33/><U102/><E102/><V84/><F77/><W93/><G93/><T75/><D75/><U62/><E62/><V22/><F92/><W29/><G121/><T45/><D94/><U79/><E79/><V96/><F122/><W56/><G114/><T48/><D118/><U123/><E123/><V28/><F120/><W13/><G13/><T128/><D128/><U47/><E47/><V125/><F125/><W27/><G27/><T1/><D45/><U86/><E86/><AGARI ba="1,1" hai="21,24,29,49,55,56,81,83,86,89,95" m="37119" machi="86" ten="30,1000,0" yaku="8,1" doraHai="69" who="3" fromWho="1" sc="270,0,240,-13,240,0,240,23" /><INIT seed="1,0,0,2,5,26" ten="270,227,240,263" oya="1" hai0="36,133,106,97,60,134,4,52,51,83,30,65,68" hai1="116,12,131,92,73,10,76,44,104,66,115,8,33" hai2="84,123,93,89,94,14,38,130,107,43,118,0,9" hai3="108,29,78,16,6,127,105,25,100,69,128,24,18"/><U56/><E115/><V17/><F118/><W45/><G69/><T75/><D36/><U27/><E104/><V13/><F123/><W49/><G105/><T19/><D4/><U121/><E116/><V85/><F107/><W58/><G108/><T122/><D122/><U3/><E121/><V114/><F114/><W63/><G100/><T86/><D75/><U2/><E131/><V53/><F130/><W41/><G128/><T111/><D19/><U7/><E92/><V34/><F34/><W70/><G70/><T20/><D111/><U132/><E132/><N who="0" m="50793" /><D106/><U90/><E90/><V46/><F53/><N who="3" m="34255" /><G25/><N who="0" m="16679" /><D97/><U54/><E10/><V11/><F0/><W40/><G127/><T124/><D124/><U129/><E129/><V59/><F59/><W74/><G74/><T125/><D125/><U87/><E73/><V64/><F64/><W101/><G6/><T77/><D51/><U126/><E126/><V35/><F35/><W47/><G101/><T5/><D5/><U31/><E66/><V103/><F103/><W50/><G78/><T135/><N who="0" m="50801" /><T15/><DORA hai="91" /><D15/><U57/><E3/><V37/><F84/><W119/><G119/><T120/><D120/><U62/><E2/><V72/><F37/><W67/><G67/><T88/><D52/><U80/><REACH who="1" step="1"/><E57/><REACH who="1" ten="270,217,240,263" step="2"/><V61/><F72/><W55/><G55/><T48/><D77/><U22/><E22/><AGARI ba="0,1" hai="16,18,22,24,29,40,41,45,47,49,50" m="34255" machi="22" ten="30,3900,0" yaku="8,1,52,1,54,1" doraHai="26,91" who="3" fromWho="1" sc="270,0,217,-39,240,0,263,49" /><INIT seed="2,0,0,0,2,51" ten="270,178,240,312" oya="2" hai0="119,109,29,58,5,130,84,126,62,85,38,57,86" hai1="3,49,59,111,114,20,60,74,31,82,87,123,27" hai2="107,78,115,4,80,104,55,45,25,40,46,56,33" hai3="88,133,77,93,18,12,91,128,70,54,16,64,37"/><V113/><F4/><W73/><G37/><T100/><D38/><U63/><E111/><V102/><F115/><W121/><G121/><T132/><D109/><U36/><E114/><V108/><F113/><W28/><G133/><T117/><D132/><U15/><E36/><V89/><F108/><W61/><G128/><T35/><D130/><U50/><E3/><V26/><F89/><W24/><G73/><T129/><D129/><U83/><E74/><V0/><F0/><W23/><G77/><T65/><D126/><U1/><E1/><V6/><F6/><W67/><G67/><T101/><D5/><U96/><E123/><V110/><F110/><W131/><G131/><T42/><D42/><U103/><E63/><V14/><F14/><W122/><G122/><T19/><D19/><U72/><E72/><V11/><F11/><W69/><G69/><T17/><D17/><U68/><E68/><V32/><F32/><W116/><G116/><N who="0" m="44619" /><D58/><U105/><E15/><V30/><F25/><AGARI ba="0,0" hai="25,29,35,57,62,65,84,85,86,100,101" m="44619" machi="25" ten="30,1000,0" yaku="12,1" doraHai="51" who="0" fromWho="2" sc="270,10,178,0,240,-10,312,0" /><INIT seed="3,0,0,4,2,51" ten="280,178,230,312" oya="3" hai0="35,122,68,6,0,90,18,43,29,12,66,70,22" hai1="135,115,129,36,120,46,54,101,75,116,128,104,114" hai2="121,130,58,108,23,15,113,89,62,41,56,9,45" hai3="57,117,76,16,28,61,131,110,98,92,87,42,107"/><W94/><G117/><T85/><D122/><U95/><E104/><V33/><F33/><W111/><G131/><N who="1" m="50250" /><E95/><V82/><F113/><N who="1" m="43017" /><E101/><V21/><F121/><W32/><G42/><T119/><D43/><N who="1" m="22887" /><E75/><V55/><F130/><W74/><G74/><T52/><D85/><U80/><E80/><V44/><F82/><W34/><G34/><T50/><D90/><U118/><E120/><V133/><F89/><W13/><G107/><T26/><D35/><U27/><E27/><V127/><F23/><W123/><G123/><T63/><D26/><U134/><E54/><V30/><F55/><N who="3" m="33983" /><G87/><T103/><D103/><U105/><E105/><V3/><F21/><W24/><G76/><T84/><D22/><U125/><E125/><V100/><F100/><W93/><G98/><T11/><D84/><U78/><E78/><V38/><F127/><W39/><G94/><T77/><D77/><U60/><E60/><V7/><F62/><W96/><G96/><T109/><D63/><U53/><E53/><V102/><F102/><W73/><G73/><T40/><D52/><U8/><E8/><V4/><F9/><N who="3" m="6191" /><G93/><T81/><D11/><U67/><E67/><V37/><F3/><W19/><G92/><T124/><D0/><U88/><E88/><V79/><F79/><W112/><G19/><T49/><D18/><U86/><E86/><V20/><F4/><W97/><G97/><T71/><D124/><U83/><E83/><V132/><F7/><W59/><G24/><T2/><D81/><U25/><E25/><V17/><F17/><W47/><G32/><T10/><D2/><RYUUKYOKU ba="0,0" sc="280,-10,178,30,230,-10,312,-10" hai1="116,118,134,135" owari="270,7.0,208,-29.2,220,-18.0,302,40.2" /></mjloggm>