<mjloggm ver="2.3"><GO type="225" lobby="0"/><UN n0="%E3%83%B4%E3%83%A0%EF%BC%99%E3%81%A6" n1="%6D%75%75%73%61%6E%6D%75" n2="%E5%A4%96%E5%B7%9D%E7%AB%9C%E6%88%90" n3="%E3%82%A2%E3%83%A1%E3%82%A2%E3%83%A9%E3%83%AC" dan="16,16,16,16" rate="2133.06,2156.17,2099.92,2184.20" sx="M,F,M,M"/><TAIKYOKU oya="0"/><INIT seed="0,0,0,0,3,5" ten="250,250,250,250" oya="0" hai0="120,85,119,117,30,74,11,62,2,43,60,6,37" hai1="92,91,56,8,77,111,16,0,22,128,44,135,110" hai2="29,47,10,20,41,63,103,52,86,40,68,21,24" hai3="96,69,88,123,59,3,71,134,129,25,93,124,72"/><T102/><D120/><U76/><E128/><V106/><F41/><W65/><G129/><T19/><D30/><U107/><E107/><V64/><F86/><W67/><G72/><T100/><D74/><U73/><E135/><V13/><F106/><W4/><G134/><T54/><D19/><U61/><E44/><V81/><F103/><W57/><G124/><T82/><D100/><U70/><E70/><V31/><F81/><W89/><G123/><T58/><D102/><U26/><E73/><V14/><F52/><W101/><G25/><T75/><D60/><U48/><E48/><V105/><F105/><W108/><G108/><N who="1" m="41514" /><E0/><V118/><F118/><W90/><G71/><T46/><REACH who="0" step="1"/><D75/><REACH who="0" ten="240,250,250,250" step="2"/><U32/><E32/><V55/><F29/><W104/><G104/><T99/><D99/><N who="1" m="57759" /><E8/><V132/><F10/><W87/><G87/><T122/><D122/><U23/><E23/><V33/><F21/><W131/><G101/><T113/><D113/><U7/><E7/><V112/><F112/><W125/><G4/><T94/><D94/><U17/><E17/><V34/><F132/><W28/><G93/><T50/><D50/><U1/><E1/><V38/><F33/><W95/><G3/><T84/><D84/><U79/><E79/><AGARI ba="0,1" hai="2,6,11,37,43,46,54,58,62,79,82,85,117,119" machi="79" ten="30,5800,0" yaku="1,1,7,1,52,1,53,0" doraHai="5" doraHaiUra="9" who="0" fromWho="1" sc="240,68,250,-58,250,0,250,0" /><INIT seed="0,1,0,0,1,70" ten="308,192,250,250" oya="0" hai0="37,71,6,115,101,81,61,129,20,102,67,128,131" hai1="69,65,48,24,92,60,74,53,35,52,26,21,114" hai2="123,100,8,39,12,66,109,64,4,18,46,62,55" hai3="88,59,132,77,95,121,89,90,103,118,76,85,43"/><T41/><D115/><U47/><E114/><V38/><F123/><W113/><G113/><T57/><D6/><U126/><E126/><V9/><F100/><N who="0" m="38506" /><D81/><U33/><E74/><V45/><F109/><W50/><G118/><T83/><D83/><U99/><E53/><V25/><F25/><W32/><G32/><T130/><D130/><U125/><E26/><V7/><F18/><W40/><G132/><T73/><D73/><U5/><E5/><V107/><F107/><W122/><G85/><T111/><D111/><U116/><E125/><V49/><F46/><W110/><G110/><T36/><D41/><N who="3" m="15945" /><G121/><T134/><D134/><U54/><E54/><V135/><F135/><W104/><G104/><T105/><D105/><U29/><REACH who="1" step="1"/><E116/><REACH who="1" ten="308,182,250,250" step="2"/><V97/><F97/><N who="3" m="59839" /><G122/><T78/><D128/><U22/><E22/><V31/><F31/><W124/><G124/><T120/><D20/><U133/><E133/><V17/><F17/><W108/><G108/><T93/><D120/><U19/><E19/><V63/><F64/><W106/><G106/><T2/><D129/><U10/><E10/><V44/><F66/><W28/><G28/><T84/><D131/><U98/><E98/><V91/><F55/><AGARI ba="1,1" hai="50,55,59,76,77,88,89,90" m="59839,15945" machi="55" ten="30,2000,0" yaku="8,1,54,1" doraHai="70" who="3" fromWho="2" sc="308,0,182,0,250,-23,250,33" /><INIT seed="1,0,0,2,2,120" ten="308,182,227,283" oya="1" hai0="26,122,97,6,16,33,65,17,38,91,36,58,52" hai1="8,82,20,99,95,74,131,117,106,90,111,15,37" hai2="39,69,61,110,25,133,73,123,126,57,64,115,135" hai3="116,3,0,104,53,86,130,31,70,14,34,112,2"/><U100/><E117/><V94/><F73/><W134/><G104/><T124/><D65/><U89/><E131/><V59/><F94/><W114/><G70/><T102/><D6/><U105/><E37/><V54/><F25/><N who="3" m="18799" /><G53/><T55/><D122/><U79/><E20/><V24/><F24/><W113/><G86/><T75/><D75/><U9/><E9/><V11/><F11/><W129/><G116/><T127/><D91/><N who="1" m="34827" /><E15/><V30/><F30/><W49/><G49/><N who="0" m="30991" /><D55/><U60/><E60/><N who="2" m="40071" /><F123/><W118/><G118/><T121/><D121/><U77/><E8/><V13/><F13/><W78/><G78/><N who="1" m="29706" /><E111/><V85/><F85/><W119/><G119/><T18/><D33/><U29/><E29/><V21/><F21/><W66/><G66/><T45/><D26/><U7/><E7/><V108/><F115/><W28/><G28/><T41/><D38/><U12/><E12/><V47/><F126/><N who="0" m="48170" /><D18/><U128/><E128/><N who="3" m="49258" /><G14/><T40/><D40/><U92/><E106/><AGARI ba="0,0" hai="16,17,36,41,45,97,102,106" m="48170,30991" machi="106" ten="30,3900,0" yaku="18,1,54,2" doraHai="120" who="0" fromWho="1" sc="308,39,182,-39,227,0,283,0" /><INIT seed="2,0,0,0,2,53" ten="347,143,227,283" oya="2" hai0="76,61,62,72,118,70,42,21,45,117,69,89,90" hai1="49,55,87,23,6,50,33,129,135,123,126,82,91" hai2="4,41,11,38,110,103,122,25,56,30,134,47,8" hai3="86,99,26,73,124,120,17,97,40,43,59,2,92"/><V95/><F122/><W125/><G73/><T81/><D21/><U37/><E33/><V107/><F107/><W66/><G2/><T22/><D22/><U71/><E37/><V3/><F134/><W111/><G120/><T109/><D109/><U10/><E123/><V32/><F11/><W65/><G111/><T27/><D27/><U14/><E71/><V52/><F110/><W105/><G26/><T28/><D28/><U121/><E121/><V75/><F103/><N who="3" m="62703" /><G86/><T119/><D69/><U88/><E135/><V74/><REACH who="2" step="1"/><F95/><REACH who="2" ten="347,143,217,283" step="2"/><W9/><G92/><T131/><D118/><U101/><E126/><V78/><F78/><W128/><G9/><T44/><D76/><N who="1" m="46535" /><E129/><V51/><AGARI ba="0,1" hai="3,4,8,25,30,32,38,41,47,51,52,56,74,75" machi="51" ten="20,18000,2" yaku="1,1,0,1,7,1,52,1,54,1,53,1" doraHai="53" doraHaiUra="54" who="2" fromWho="2" sc="347,-60,143,-60,217,190,283,-60" /><INIT seed="2,1,0,5,4,39" ten="287,83,407,223" oya="2" hai0="77,113,1,82,61,114,18,49,33,17,21,52,63" hai1="118,15,35,9,4,94,105,55,106,125,67,65,104" hai2="117,48,98,25,16,20,28,119,86,129,81,74,58" hai3="133,10,3,69,120,50,64,78,122,62,73,75,46"/><V112/><F112/><W56/><G133/><T26/><D1/><U101/><E118/><V14/><F74/><W29/><G29/><T108/><D108/><U36/><E125/><V97/><F129/><W59/><G73/><T5/><D5/><U135/><E135/><V132/><F132/><W84/><G75/><T0/><D0/><U127/><E127/><V89/><F119/><W22/><G22/><T34/><D113/><U123/><E123/><V130/><F130/><W110/><G3/><T30/><D114/><U41/><E35/><V99/><F117/><W102/><G102/><T23/><D34/><U51/><E101/><V54/><REACH who="2" step="1"/><F97/><REACH who="2" ten="287,83,397,223" step="2"/><W38/><G120/><T111/><D111/><U91/><E36/><V115/><F115/><W13/><G38/><T121/><D121/><U90/><E94/><V103/><F103/><W131/><G110/><T57/><D33/><AGARI ba="1,1" hai="14,16,20,25,28,33,48,54,58,81,86,89,98,99" machi="33" ten="30,5800,0" yaku="1,1,7,1,54,1,53,0" doraHai="39" doraHaiUra="70" who="2" fromWho="0" sc="287,-61,83,0,397,71,223,0" /><INIT seed="2,2,0,1,0,52" ten="226,83,468,223" oya="2" hai0="59,93,82,118,127,18,1,39,101,107,77,53,97" hai1="134,40,28,71,9,123,46,114,47,55,23,31,27" hai2="34,3,16,100,104,68,62,4,125,110,74,61,19" hai3="126,131,85,89,5,15,132,75,109,111,69,128,98"/><V108/><F74/><W116/><G69/><T2/><D39/><U105/><E114/><V130/><F34/><W113/><G5/><T95/><D127/><U26/><E105/><V94/><F104/><W120/><G15/><T63/><D118/><U91/><E71/><V54/><F125/><W70/><G70/><T135/><D135/><U11/><E134/><V56/><F130/><N who="3" m="49707" /><G126/><T76/><D76/><U50/><E123/><V80/><F80/><N who="3" m="49319" /><G132/><T45/><D45/><U13/><E91/><V129/><F129/><W24/><G24/><T57/><D57/><U103/><E103/><V84/><F84/><W78/><G120/><T133/><D133/><U87/><E87/><V112/><F112/><W86/><G116/><T30/><D30/><U43/><E46/><V29/><F29/><W81/><G113/><T42/><D42/><U32/><REACH who="1" step="1"/><E11/><REACH who="1" ten="226,73,468,223" step="2"/><N who="2" m="2463" /><F100/><W51/><G86/><T67/><D107/><U7/><AGARI ba="2,1" hai="7,9,13,23,26,27,28,31,32,40,43,47,50,55" machi="7" ten="20,2700,0" yaku="1,1,0,1,7,1,53,0" doraHai="52" doraHaiUra="96" who="1" fromWho="1" sc="226,-9,73,43,468,-15,223,-9" /><INIT seed="3,0,0,0,2,68" ten="217,116,453,214" oya="3" hai0="34,84,118,95,27,127,72,14,122,36,5,99,42" hai1="62,59,22,89,8,82,65,107,16,7,13,108,76" hai2="104,79,94,126,86,93,24,12,4,33,115,124,69" hai3="101,87,18,67,130,26,64,73,15,102,98,110,1"/><W90/><G73/><T0/><D118/><U75/><E108/><V91/><F104/><W52/><G1/><T20/><D72/><U2/><E107/><V55/><F69/><W47/><G130/><T128/><D122/><U77/><E77/><V131/><F115/><W3/><G3/><T88/><D128/><U49/><E49/><V57/><F131/><W51/><G26/><T35/><D0/><U133/><E133/><V116/><F116/><W19/><G19/><T78/><D127/><N who="2" m="48682" /><F79/><W111/><G111/><T92/><D5/><U45/><E45/><V129/><F129/><W66/><G98/><T83/><D14/><U105/><E105/><V28/><F94/><N who="3" m="54623" /><G110/><T58/><D95/><U54/><REACH who="1" step="1"/><E89/><REACH who="1" ten="217,106,453,214" step="2"/><V120/><F120/><W71/><G71/><T114/><D78/><U97/><E97/><V125/><F125/><W113/><G113/><T21/><D99/><U74/><E74/><V39/><F39/><W11/><AGARI ba="0,1" hai="11,15,18,47,51,52,64,66,67,101,102" m="54623" machi="11" ten="30,3000,0" yaku="8,1,54,1" doraHai="68" who="3" fromWho="3" sc="217,-10,106,-10,453,-10,214,40" /><INIT seed="3,1,0,5,3,72" ten="207,96,443,254" oya="3" hai0="23,88,131,82,34,122,37,27,39,75,1,132,7" hai1="92,96,100,30,77,98,87,71,133,120,60,18,129" hai2="53,101,115,36,90,108,2,47,3,125,29,95,85" hai3="111,126,83,106,93,24,25,26,68,128,97,11,112"/><W40/><G112/><T10/><D122/><U116/><E120/><V21/><F115/><W33/><G68/><T8/><D34/><U46/><E116/><V91/><F101/><W80/><G106/><T15/><D131/><U17/><E129/><V123/><F123/><W109/><G33/><T124/><D124/><U94/><E133/><V63/><F125/><W31/><G31/><T134/><D39/><U102/><E71/><V52/><F108/><N who="3" m="41547" /><G126/><T58/><D37/><U38/><E38/><V66/><F53/><W135/><G128/><T12/><D58/><U9/><E30/><V55/><F55/><W103/><G40/><T76/><D1/><U79/><E60/><V35/><F35/><W127/><G127/><T73/><D73/><U54/><E54/><V57/><F52/><W70/><G70/><T78/><D75/><U81/><E46/><V110/><F110/><W42/><G42/><T114/><D114/><U64/><E64/><V20/><F47/><W22/><G22/><T121/><D121/><U84/><E81/><N who="3" m="31306" /><G11/><AGARI ba="1,0" hai="9,11,17,18,77,79,84,87,92,94,96,98,100,102" machi="11" ten="25,8000,1" yaku="22,2,8,1,52,2" doraHai="72" who="1" fromWho="3" sc="207,0,96,83,443,0,254,-83" owari="207,0.7,179,-22.1,443,54.3,171,-32.9" /></mjloggm>