<mjloggm ver="2.3"><GO type="225" lobby="0"/><UN n0="%E6%98%93%E5%88%A9%E8%96%A9%E4%BC%AF" n1="%E5%8D%A0%E3%81%84%E5%B8%AB%E8%A3%8F%E3%81%AA%E3%81%84%E3%81%97" n2="%E3%81%BF%E3%81%BF%E3%81%9A" n3="%6D%75%75%6D%75%72%61" dan="16,16,16,17" rate="2070.96,2112.14,2148.87,2133.37" sx="F,M,M,F"/><TAIKYOKU oya="0"/><INIT seed="0,0,0,2,4,39" ten="250,250,250,250" oya="0" hai0="78,118,80,133,65,104,22,85,30,43,33,56,67" hai1="132,64,84,93,92,94,99,34,74,96,123,97,134" hai2="101,62,8,24,21,44,5,79,28,119,106,2,25" hai3="71,1,105,54,26,129,76,48,7,83,77,103,115"/><T70/><D118/><U55/><E34/><V72/><F119/><W6/><G115/><T15/><D70/><U42/><E64/><V86/><F62/><W12/><G71/><T116/><D116/><U126/><E74/><V127/><F127/><W102/><G1/><T111/><D104/><U29/><E29/><V0/><F72/><W53/><G129/><T82/><D111/><U122/><E55/><V120/><F120/><N who="1" m="46121" /><E42/><V49/><F101/><N who="3" m="38411" /><G105/><T27/><D82/><U18/><E18/><V16/><F106/><W125/><G125/><T4/><D33/><U59/><E59/><V45/><F0/><W124/><G124/><T112/><D133/><N who="1" m="51307" /><E126/><V41/><F45/><W38/><G38/><T3/><D3/><U66/><E66/><V9/><F9/><N who="3" m="4151" /><G7/><T61/><D112/><U37/><E37/><V100/><F100/><W13/><G83/><T128/><D128/><U88/><AGARI ba="0,0" hai="84,88,92,93,94,96,97,99" m="51307,46121" machi="88" ten="40,8000,1" yaku="20,1,34,2,54,1" doraHai="39" who="1" fromWho="1" sc="250,-40,250,80,250,-20,250,-20" /><INIT seed="1,0,0,3,4,91" ten="210,330,230,230" oya="1" hai0="37,6,57,55,32,8,64,41,121,15,106,96,1" hai1="118,77,122,27,26,87,103,65,66,38,18,95,114" hai2="72,109,85,111,101,132,81,89,33,63,115,14,20" hai3="30,53,97,84,31,134,86,67,133,62,128,54,10"/><U42/><E114/><V123/><F123/><W90/><G128/><T116/><D116/><U3/><E118/><V2/><F2/><W43/><G43/><T69/><D32/><U7/><E122/><V131/><F33/><W112/><G112/><T44/><D121/><U0/><E38/><V126/><F115/><W70/><G10/><T59/><D1/><U108/><E42/><V105/><F131/><W46/><G97/><T76/><D76/><U129/><E129/><V79/><F132/><N who="3" m="50795" /><G86/><T56/><D106/><U120/><E120/><V9/><F126/><W98/><G98/><T135/><D135/><U104/><E104/><V35/><F35/><W13/><G13/><T17/><D6/><U58/><E7/><V68/><F20/><W130/><G130/><T48/><REACH who="0" step="1"/><D96/><REACH who="0" ten="200,330,230,230" step="2"/><N who="1" m="59807" /><E0/><V16/><F105/><W78/><G78/><T21/><D21/><U117/><E3/><V34/><F34/><W110/><G110/><T100/><D100/><U94/><E108/><N who="2" m="41547" /><F101/><W19/><G19/><T52/><D52/><N who="3" m="20073" /><G46/><T39/><D39/><U45/><E45/><V60/><F68/><W99/><G99/><T5/><D5/><U74/><E18/><V80/><AGARI ba="0,1" hai="9,14,16,60,63,72,79,80,81,85,89" m="41547" machi="80" ten="30,2000,0" yaku="14,1,54,1" doraHai="91" who="2" fromWho="2" sc="200,-5,330,-10,230,30,230,-5" /><INIT seed="2,0,0,1,4,79" ten="195,320,260,225" oya="2" hai0="103,88,101,128,82,78,130,31,49,16,10,30,48" hai1="21,81,119,50,80,70,14,83,120,32,112,67,131" hai2="69,29,51,129,106,97,62,46,61,115,9,72,57" hai3="42,12,55,19,4,109,73,102,44,123,8,92,71"/><V22/><F115/><W127/><G123/><T45/><D49/><U65/><E112/><V1/><F72/><W24/><G109/><T68/><D68/><U107/><E119/><V59/><F129/><N who="0" m="49770" /><D31/><U111/><E107/><V104/><F69/><W91/><G127/><T60/><D60/><U132/><E131/><V26/><F1/><W58/><G71/><T2/><D30/><U36/><E36/><V75/><F75/><W93/><G73/><T56/><D56/><U135/><E111/><V43/><F9/><W28/><G4/><T108/><D108/><U41/><E32/><V126/><F126/><W47/><G42/><N who="0" m="24631" /><D2/><U66/><E120/><V33/><F33/><W18/><G18/><T87/><D78/><U117/><E117/><V96/><F106/><W77/><G77/><T94/><D94/><U27/><E14/><AGARI ba="0,0" hai="10,14,16,82,87,88,101,103" m="24631,49770" machi="14" ten="30,7700,0" yaku="19,1,52,1,54,2" doraHai="79" who="0" fromWho="1" sc="195,77,320,-77,260,0,225,0" /><INIT seed="3,0,0,1,4,31" ten="272,243,260,225" oya="3" hai0="48,75,135,89,38,14,99,20,25,91,122,100,119" hai1="70,2,23,72,67,76,101,96,35,109,60,112,47" hai2="98,79,44,108,84,56,125,15,103,131,123,94,54" hai3="66,57,115,61,121,9,88,97,46,129,105,106,37"/><W10/><G115/><T49/><D119/><U21/><E112/><V17/><F108/><W114/><G114/><T81/><D38/><U127/><E109/><V90/><F131/><W82/><G121/><T8/><D122/><U63/><E127/><V6/><F123/><W93/><G129/><T40/><D75/><U128/><E128/><V74/><F125/><W41/><REACH who="3" step="1"/><G82/><REACH who="3" ten="272,243,260,215" step="2"/><T36/><D81/><U132/><E132/><V19/><F74/><W120/><G120/><T27/><D135/><U0/><E72/><V69/><F79/><W118/><G118/><T80/><D80/><U104/><E76/><V5/><F69/><W86/><G86/><T110/><D110/><U83/><E83/><V4/><F84/><W64/><G64/><T58/><D89/><U71/><E71/><V85/><F85/><W13/><G13/><T26/><D14/><U45/><E0/><V34/><F90/><W52/><G52/><T39/><D91/><U117/><E2/><V16/><F15/><W95/><G95/><T43/><D43/><U113/><E117/><V24/><F54/><W30/><G30/><T18/><D40/><U111/><E113/><V12/><F12/><W87/><G87/><T126/><D126/><U7/><E111/><V28/><F19/><W65/><G65/><T62/><D18/><U50/><E67/><V53/><REACH who="2" step="1"/><F44/><REACH who="2" ten="272,243,250,215" step="2"/><W78/><G78/><T134/><D134/><U55/><E45/><V107/><F107/><AGARI ba="0,2" hai="9,10,37,41,46,57,61,66,88,93,97,105,106,107" machi="107" ten="40,7700,0" yaku="1,1,54,1,53,1" doraHai="31" doraHaiUra="59" who="3" fromWho="2" sc="272,0,243,0,250,-77,215,97" owari="272,7.2,243,-15.7,173,-32.7,312,41.2" /></mjloggm>