<mjloggm ver="2.3"><GO type="225" lobby="0"/><UN n0="%73%69%67%65%6E%6F%72%69" n1="%E7%B4%94%E6%BD%94%E3%83%94%E3%83%A9%E3%83%8B%E3%82%A2" n2="%E3%81%8B%E3%82%8F%E3%81%A1%E3%82%83%E3%82%93%35%38" n3="%E3%80%93%E3%81%97%E3%83%BC%E3%82%89%E3%80%93" dan="18,16,17,16" rate="2247.40,2103.88,2169.64,2166.07" sx="M,M,M,M"/><TAIKYOKU oya="0"/><INIT seed="0,0,0,1,4,16" ten="250,250,250,250" oya="0" hai0="93,114,2,125,54,117,30,103,36,0,122,105,69" hai1="120,66,84,61,3,85,129,78,76,101,111,90,62" hai2="24,134,41,4,5,92,43,35,9,12,124,74,49" hai3="22,57,37,133,56,113,128,67,131,58,14,44,81"/><T135/><RYUUKYOKU type="yao9" ba="0,0" sc="250,0,250,0,250,0,250,0" hai0="0,2,30,36,54,69,93,103,105,114,117,122,125,135" /><INIT seed="0,1,0,5,0,117" ten="250,250,250,250" oya="0" hai0="98,72,77,54,69,3,84,17,106,42,70,23,94" hai1="97,59,126,75,125,79,9,107,86,22,41,91,80" hai2="114,25,47,45,120,55,10,109,32,71,65,128,6" hai3="101,30,61,14,11,81,92,38,62,83,90,104,115"/><T33/><D33/><U16/><E41/><V122/><F25/><W89/><G38/><T88/><D3/><U123/><E9/><V118/><F32/><W76/><G115/><T29/><D29/><U26/><E59/><V2/><F10/><W5/><G30/><T99/><D42/><U105/><E123/><N who="2" m="47147" /><F6/><W39/><G39/><T60/><D54/><U36/><E36/><V127/><F2/><W8/><G8/><T113/><D113/><U20/><E20/><V102/><F102/><W44/><G44/><N who="2" m="16969" /><F114/><W31/><G31/><T78/><D23/><U13/><E13/><V135/><F118/><W58/><G62/><T68/><D60/><U112/><E112/><V7/><F7/><W51/><G51/><T93/><D17/><U87/><E87/><V66/><F55/><N who="3" m="34015" /><G104/><T27/><D27/><U130/><E105/><V111/><F71/><W131/><G101/><T103/><REACH who="0" step="1"/><D72/><REACH who="0" ten="240,250,250,250" step="2"/><U35/><E35/><V129/><F127/><W48/><G5/><T12/><D12/><U124/><E126/><V40/><F40/><W56/><G14/><T73/><D73/><U49/><E125/><V0/><F0/><W24/><G24/><T53/><D53/><U96/><E124/><V18/><F18/><W133/><G11/><T15/><D15/><U134/><E26/><V1/><F1/><W63/><G63/><T37/><D37/><U64/><E75/><V119/><F119/><W50/><G50/><T28/><D28/><U57/><E16/><V34/><F34/><W52/><G48/><T46/><D46/><U43/><E43/><V4/><F4/><RYUUKYOKU ba="1,1" sc="240,30,250,-10,250,-10,250,-10" hai0="68,69,70,77,78,84,88,93,94,98,99,103,106" /><INIT seed="0,2,1,5,1,31" ten="270,240,240,240" oya="0" hai0="18,130,80,115,83,120,19,39,48,20,97,76,129" hai1="1,103,15,124,86,68,43,93,3,50,75,25,66" hai2="72,78,122,73,108,21,63,96,95,134,126,41,51" hai3="61,9,55,23,42,107,70,22,135,91,47,85,52"/><T71/><D39/><U26/><E75/><V114/><F63/><W119/><G107/><T121/><D71/><U36/><E36/><V133/><F21/><W87/><G119/><T104/><D48/><U132/><E15/><V54/><F41/><W32/><G135/><N who="2" m="51721" /><F114/><W117/><G117/><T11/><D115/><U4/><E4/><V84/><F122/><W89/><G9/><T57/><D57/><U35/><E50/><V100/><F108/><W29/><G70/><T62/><D62/><U74/><E74/><V102/><F126/><W12/><G61/><T53/><D53/><U77/><E66/><V109/><F109/><W8/><G42/><T2/><D20/><U64/><E26/><V6/><F6/><W30/><G47/><T112/><D112/><U98/><E25/><V60/><F60/><W38/><G38/><T106/><D11/><U17/><E124/><V123/><F100/><W58/><G8/><T110/><D110/><U128/><E103/><V56/><F123/><W27/><G27/><T116/><D116/><U69/><E64/><V81/><AGARI ba="2,1" hai="51,54,56,72,73,78,81,84,95,96,102" m="51721" machi="81" ten="30,1100,0" yaku="20,1" doraHai="31" who="2" fromWho="2" sc="270,-7,240,-5,240,27,240,-5" /><INIT seed="1,0,0,2,0,81" ten="263,235,267,235" oya="1" hai0="119,116,103,28,3,38,49,108,10,17,73,66,22" hai1="100,57,84,68,112,46,76,115,16,134,6,78,133" hai2="34,125,97,21,122,127,24,30,92,65,26,20,1" hai3="53,0,111,8,82,130,101,132,129,104,107,11,87"/><U113/><E68/><V95/><F122/><W29/><G111/><T19/><D38/><U74/><E6/><V48/><F1/><W36/><G132/><N who="1" m="50794" /><E46/><V69/><F48/><W43/><G29/><T85/><D73/><U90/><E74/><V13/><F13/><W80/><G53/><T27/><D108/><U7/><E7/><V37/><F37/><W2/><G36/><T35/><D66/><U33/><E33/><V83/><F92/><W93/><G93/><T121/><D121/><U128/><E128/><V88/><F83/><W67/><G67/><T98/><D49/><U23/><E57/><V32/><F65/><W9/><G101/><T58/><D58/><U126/><E126/><N who="2" m="48139" /><F69/><W60/><G9/><T86/><D10/><U94/><E100/><V109/><F109/><W77/><G77/><T54/><D3/><U56/><E56/><V39/><F39/><W89/><G60/><T106/><D19/><AGARI ba="0,0" hai="19,20,21,24,26,30,32,34,88,95,97" m="48139" machi="19" ten="30,2000,0" yaku="18,1,54,1" doraHai="81" who="2" fromWho="0" sc="263,-20,235,0,267,20,235,0" /><INIT seed="2,0,0,1,2,55" ten="243,235,287,235" oya="2" hai0="96,53,115,135,7,120,94,107,73,18,6,45,38" hai1="57,113,5,128,33,90,72,122,22,132,80,16,8" hai2="121,56,34,104,127,78,114,100,99,37,92,74,119" hai3="61,105,47,60,25,117,32,111,76,62,39,85,46"/><V58/><F34/><W31/><G105/><T10/><D115/><U40/><E113/><V86/><F37/><W109/><G117/><T110/><D120/><U123/><E33/><V69/><F69/><W49/><G39/><T75/><D107/><U124/><E40/><V91/><F114/><W106/><G106/><T133/><D110/><N who="3" m="41993" /><G49/><N who="0" m="28847" /><D38/><U48/><E132/><N who="0" m="50761" /><D18/><U59/><E48/><V103/><F121/><N who="1" m="46089" /><E128/><V116/><F100/><W43/><G43/><T131/><D131/><U52/><E52/><V36/><F36/><W11/><G11/><T54/><D54/><U35/><E35/><V50/><F50/><W126/><G126/><T129/><D129/><U28/><E28/><V23/><F23/><W13/><G13/><N who="0" m="5335" /><D7/><U87/><E72/><V26/><F26/><W93/><G47/><T9/><D9/><U17/><E124/><V24/><F24/><W3/><G46/><T70/><D70/><U88/><E90/><AGARI ba="0,0" hai="73,75,90,94,96" m="5335,50761,28847" machi="90" ten="30,1000,0" yaku="20,1" doraHai="55" who="0" fromWho="1" sc="243,10,235,-10,287,0,235,0" /><INIT seed="3,0,0,1,1,70" ten="253,225,287,235" oya="3" hai0="25,110,99,85,69,90,44,21,93,66,65,3,117" hai1="32,11,131,124,135,127,46,87,41,100,47,115,96" hai2="112,77,74,86,101,22,118,103,75,91,31,121,95" hai3="26,10,61,45,67,58,73,59,94,6,111,7,126"/><W71/><BYE who="2" /><G73/><UN n2="%E3%81%8B%E3%82%8F%E3%81%A1%E3%82%83%E3%82%93%35%38" /><T5/><D117/><U54/><E115/><V105/><F22/><W92/><G126/><N who="1" m="48170" /><E32/><V23/><F23/><W104/><G104/><T122/><D122/><U108/><E108/><V8/><F8/><W27/><G111/><T102/><D110/><U33/><E33/><V50/><F50/><W20/><G27/><T134/><D134/><U81/><E135/><V2/><F31/><W28/><G7/><T48/><D69/><U1/><E54/><V107/><F2/><W88/><G92/><T68/><D68/><U16/><E131/><V123/><F112/><W60/><G45/><T130/><D130/><U55/><E55/><V82/><F74/><W37/><G37/><T0/><D0/><U78/><E41/><V57/><F57/><W62/><G59/><T24/><D3/><U36/><E36/><V80/><F80/><W30/><G30/><T40/><D5/><N who="1" m="1455" /><E16/><V56/><F56/><W42/><G42/><T98/><D24/><U15/><E15/><V34/><F34/><W133/><G71/><T129/><D129/><U53/><E53/><V72/><F72/><W19/><G28/><N who="0" m="17455" /><D66/><U132/><E132/><V84/><F75/><W119/><G133/><T63/><D65/><U29/><E29/><V64/><F64/><W12/><G119/><T39/><D39/><U9/><E9/><V106/><F118/><W38/><G38/><T49/><D49/><U4/><E4/><V35/><F35/><W43/><G43/><T13/><D13/><U97/><E97/><AGARI ba="0,0" hai="6,10,12,19,20,26,58,60,61,62,67,88,94,97" machi="97" ten="30,5800,0" yaku="7,1,8,1,54,1" doraHai="70" who="3" fromWho="1" sc="253,0,225,-58,287,0,235,58" /><INIT seed="3,1,0,3,3,41" ten="253,167,287,293" oya="3" hai0="55,71,129,115,45,13,114,8,29,109,87,5,46" hai1="14,36,39,17,98,135,12,9,84,106,44,75,81" hai2="101,134,117,64,119,27,77,99,97,7,80,32,20" hai3="68,82,24,30,42,63,60,73,85,40,11,47,2"/><W23/><G68/><T123/><D109/><U16/><E75/><V125/><F32/><W126/><G42/><T104/><D129/><U66/><E66/><V1/><F64/><W56/><G56/><T105/><D123/><U130/><E135/><V107/><F134/><W22/><G22/><T54/><D71/><U61/><E61/><V95/><F7/><N who="3" m="1527" /><G85/><T100/><D87/><U58/><E58/><V49/><F49/><W34/><G34/><T133/><D29/><U59/><E59/><V10/><F10/><W37/><G126/><T43/><D133/><U21/><E130/><V131/><F1/><W0/><G0/><T86/><D86/><U53/><E98/><V118/><F125/><W124/><G124/><T19/><D5/><U31/><E106/><N who="0" m="41065" /><D100/><U102/><E102/><V26/><F131/><W3/><G3/><T6/><D6/><U50/><REACH who="1" step="1"/><E31/><REACH who="1" ten="253,157,287,293" step="2"/><V33/><F99/><W70/><G70/><T90/><D114/><U94/><E94/><V74/><F117/><W48/><G48/><T93/><D115/><U91/><AGARI ba="1,1" hai="9,12,14,16,17,21,36,39,44,50,53,81,84,91" machi="91" ten="20,12000,2" yaku="1,1,0,1,7,1,25,2,52,1,54,1,53,0" doraHai="41" doraHaiUra="113" who="1" fromWho="1" sc="253,-31,157,133,287,-31,293,-61" /><INIT seed="4,0,0,2,1,59" ten="222,290,256,232" oya="0" hai0="119,79,71,108,66,76,126,131,80,43,105,73,6" hai1="89,36,31,107,40,117,62,104,116,87,118,88,57" hai2="75,132,32,122,52,134,103,65,54,49,78,102,35" hai3="121,133,46,74,112,42,2,3,90,111,94,37,10"/><T56/><D119/><U23/><E36/><V9/><F122/><W15/><G111/><T99/><D108/><U4/><E4/><V92/><F75/><W44/><G74/><T45/><D131/><U18/><E40/><V55/><F78/><W20/><G121/><T124/><D79/><U86/><E31/><V123/><F123/><W68/><G68/><T8/><D56/><U29/><E29/><V30/><F30/><W12/><G133/><N who="2" m="51305" /><F9/><W130/><G112/><T22/><D22/><U14/><E89/><V60/><F49/><W41/><G20/><T115/><D115/><U64/><REACH who="1" step="1"/><E87/><REACH who="1" ten="222,280,256,232" step="2"/><V113/><F113/><W95/><G37/><N who="0" m="21743" /><D99/><U82/><AGARI ba="0,1" hai="14,18,23,57,62,64,82,86,88,104,107,116,117,118" machi="82" ten="30,7900,0" yaku="1,1,0,1,52,1,54,1,53,0" doraHai="59" doraHaiUra="39" who="1" fromWho="1" sc="222,-39,280,89,256,-20,232,-20" owari="183,-31.7,369,46.9,236,3.6,212,-18.8" /></mjloggm>