<mjloggm ver="2.3"><GO type="225" lobby="0"/><UN n0="%E6%B8%A9%E2%98%85%E6%83%85%E2%98%85%E6%8E%AA%E2%98%85%E7%BD%AE" n1="%E3%81%BF%E3%81%BF%E3%81%9A" n2="%72%65%6E%6B%75%6E" n3="%E7%99%BD%E6%97%A5%E9%9B%AA%E8%8F%9C" dan="18,17,17,17" rate="2209.28,2262.87,2191.10,2217.98" sx="M,M,M,M"/><TAIKYOKU oya="0"/><INIT seed="0,0,0,3,2,34" ten="250,250,250,250" oya="0" hai0="67,87,53,2,12,112,133,114,105,30,62,8,69" hai1="5,119,132,102,68,72,25,13,40,70,10,58,104" hai2="76,106,107,99,98,101,26,127,35,60,83,121,78" hai3="42,115,55,123,97,1,0,108,79,3,92,46,43"/><T37/><D133/><U84/><E119/><V45/><F121/><W134/><G115/><T18/><D105/><U100/><E72/><V11/><F127/><W71/><G71/><T85/><D37/><U51/><E132/><V14/><F60/><W74/><G134/><T44/><D30/><U111/><E111/><V93/><F45/><W24/><G108/><T9/><D44/><U88/><E70/><V90/><F106/><W52/><G123/><T61/><D53/><N who="1" m="32063" /><E68/><V47/><F47/><W96/><G96/><T126/><D62/><U91/><E104/><V113/><F113/><W7/><G7/><T73/><D73/><U39/><E39/><V66/><F66/><W33/><G79/><T124/><D114/><U89/><E40/><V54/><F54/><W110/><G74/><T27/><D27/><U103/><E25/><V32/><F26/><W94/><G110/><T120/><D120/><U86/><AGARI ba="0,0" hai="5,10,13,84,86,88,89,91,100,102,103" m="32063" machi="86" ten="40,2700,0" yaku="8,1,54,1" doraHai="34" who="1" fromWho="1" sc="250,-13,250,27,250,-7,250,-7" /><INIT seed="1,0,0,2,5,129" ten="237,277,243,243" oya="1" hai0="38,45,4,64,53,51,135,46,82,23,2,112,8" hai1="39,33,14,69,10,57,123,18,62,67,28,98,66" hai2="48,72,60,102,20,63,97,124,85,105,9,22,131" hai3="19,81,133,125,113,111,103,130,101,70,104,52,79"/><U3/><BYE who="3" /><E123/><V49/><F131/><UN n3="%E7%99%BD%E6%97%A5%E9%9B%AA%E8%8F%9C" /><W83/><G70/><T27/><D112/><U61/><E39/><V43/><F72/><W109/><G19/><T41/><D64/><U92/><E3/><V30/><F124/><W127/><G130/><T121/><D121/><U15/><E33/><V94/><F105/><W40/><G40/><T90/><D90/><U132/><E28/><V93/><F9/><W65/><G65/><T1/><D82/><U5/><E132/><V76/><F93/><W116/><G52/><T91/><D91/><U12/><REACH who="1" step="1"/><E5/><REACH who="1" ten="237,267,243,243" step="2"/><V44/><F30/><W35/><G35/><T100/><D1/><U117/><E117/><V17/><F48/><W75/><G133/><T13/><D2/><U7/><E7/><V0/><F0/><W34/><G34/><T50/><D135/><U58/><E58/><V88/><F76/><W126/><G116/><T122/><D38/><U31/><E31/><V59/><F59/><W71/><G71/><T106/><D122/><U134/><E134/><V115/><F115/><W26/><G113/><T99/><D46/><U68/><E68/><V110/><F110/><W107/><G111/><T54/><D51/><U108/><E108/><V16/><F60/><W25/><G109/><T56/><D56/><U32/><E32/><V24/><F63/><W128/><G128/><T36/><D36/><U89/><AGARI ba="0,1" hai="10,12,14,15,18,57,61,62,66,67,69,89,92,98" machi="89" ten="20,7800,0" yaku="1,1,0,1,7,1,53,1" doraHai="129" doraHaiUra="87" who="1" fromWho="1" sc="237,-26,267,88,243,-26,243,-26" /><INIT seed="1,1,0,2,1,113" ten="211,355,217,217" oya="1" hai0="62,61,66,75,30,88,44,63,5,57,123,35,83" hai1="94,100,96,77,37,7,98,85,1,20,34,65,26" hai2="127,128,6,101,41,38,29,0,39,78,11,76,45" hai3="60,9,25,84,64,33,74,80,23,122,69,19,42"/><U40/><E34/><V49/><F127/><W56/><G122/><T126/><D126/><U53/><E65/><V104/><F128/><W8/><G74/><T117/><D117/><U135/><E135/><V46/><F29/><W51/><G33/><T31/><D123/><U22/><E1/><V72/><F39/><W48/><G69/><T24/><D31/><U16/><E7/><V50/><F50/><W107/><G107/><T52/><D5/><U103/><E53/><V14/><F14/><W89/><REACH who="3" step="1"/><G51/><REACH who="3" ten="211,355,217,207" step="2"/><T102/><D102/><U47/><E100/><V129/><F129/><W13/><G13/><T111/><D111/><U17/><E103/><V43/><F72/><W27/><G27/><T4/><D75/><U21/><E77/><V132/><F132/><W3/><G3/><T79/><D79/><U93/><E26/><V90/><F90/><W73/><G73/><T105/><D105/><U118/><E118/><V15/><F0/><W131/><G131/><T68/><D68/><U58/><E37/><V121/><F121/><W99/><G99/><T112/><D112/><U108/><E108/><V114/><F114/><W54/><G54/><T82/><D88/><U87/><E40/><V92/><F104/><W130/><G130/><T115/><D115/><U32/><E32/><V133/><F133/><W91/><G91/><T106/><D106/><U70/><E70/><V109/><REACH who="2" step="1"/><F109/><REACH who="2" ten="211,355,207,207" step="2"/><W18/><G18/><T119/><D119/><U2/><E2/><V12/><F12/><W86/><G86/><N who="1" m="32778" /><E17/><V71/><F71/><W55/><G55/><T59/><D52/><RYUUKYOKU ba="1,2" sc="211,-15,355,-15,207,15,207,15" hai2="6,11,15,38,41,43,45,46,49,76,78,92,101" hai3="8,9,19,23,25,42,48,56,60,64,80,84,89" /><INIT seed="2,2,2,2,3,123" ten="196,340,222,222" oya="2" hai0="49,30,19,85,104,11,130,101,10,3,46,31,107" hai1="9,25,8,22,17,95,94,59,39,35,132,6,75" hai2="90,41,83,73,124,93,110,33,64,71,63,112,103" hai3="66,32,69,38,91,28,13,58,81,21,118,68,134"/><V4/><F112/><W23/><G118/><T131/><D85/><U105/><E105/><N who="0" m="40521" /><D101/><U27/><E132/><V56/><F33/><W102/><G38/><T29/><D19/><U127/><E127/><V87/><F124/><W114/><G102/><T129/><D3/><U121/><E121/><V2/><F41/><AGARI ba="2,2" hai="10,11,29,30,31,41,46,49,129,130,131" m="40521" machi="41" ten="40,1300,0" yaku="19,1" doraHai="123" who="0" fromWho="2" sc="196,39,340,0,222,-19,222,0" /><INIT seed="3,0,0,4,3,11" ten="235,340,203,222" oya="3" hai0="116,113,75,12,108,46,111,47,35,8,94,41,62" hai1="42,43,25,133,4,7,85,131,51,56,36,110,92" hai2="23,124,80,83,26,31,93,88,117,72,95,73,5" hai3="59,39,98,106,84,125,16,115,82,104,77,50,30"/><W24/><G115/><T109/><D116/><U0/><E36/><V33/><F117/><W10/><G39/><T2/><D113/><U130/><E0/><V135/><F124/><W22/><G125/><T132/><D132/><U105/><E25/><V9/><F135/><W102/><G106/><T99/><D75/><U70/><E105/><V81/><F33/><W89/><G10/><T55/><D35/><U119/><E70/><V32/><F32/><W34/><G50/><T19/><D2/><U17/><E17/><V126/><F126/><W86/><G59/><N who="0" m="35199" /><D41/><U38/><E38/><V101/><F101/><AGARI ba="0,0" hai="8,12,19,46,47,94,99,101,108,109,111" m="35199" machi="101" ten="30,2000,0" yaku="14,1,52,1" doraHai="11" who="0" fromWho="2" sc="235,20,340,0,203,-20,222,0" owari="255,5.5,340,44.0,183,-31.7,222,-17.8" /></mjloggm>