<mjloggm ver="2.3"><GO type="225" lobby="0"/><UN n0="%73%6C%69%63%6B%33%31%39" n1="%6D%75%75%6D%75%72%61" n2="%E3%81%A1%E3%82%85%E3%81%86%E3%81%A9%E3%81%8F%E8%B1%A1%E3%81%95%E3%82%93" n3="%E3%81%95%E3%81%8D%E3%81%9F%E3%81%BE%E6%9E%97%E6%AA%8E" dan="17,17,17,16" rate="2179.92,2221.50,2177.82,2160.80" sx="M,F,M,M"/><TAIKYOKU oya="0"/><INIT seed="0,0,0,5,5,113" ten="250,250,250,250" oya="0" hai0="90,70,12,91,37,29,87,101,67,131,64,106,83" hai1="53,100,32,123,1,107,55,102,71,98,82,116,26" hai2="75,30,114,84,13,119,103,120,49,126,20,110,33" hai3="79,16,14,3,121,35,44,109,129,59,39,8,122"/><T25/><D37/><U124/><E123/><N who="3" m="47114" /><G109/><T21/><D131/><U34/><E124/><V105/><F75/><W10/><G129/><T81/><D70/><U40/><E1/><V85/><F114/><W52/><G79/><T125/><D125/><U31/><E34/><V43/><F126/><W45/><G35/><T80/><D106/><U24/><E100/><V94/><F120/><W4/><G39/><T68/><D101/><U2/><E40/><V72/><F72/><W50/><AGARI ba="0,0" hai="3,4,8,10,14,16,44,45,50,52,59" m="47114" machi="50" ten="30,4000,0" yaku="13,1,54,2" doraHai="113" who="3" fromWho="3" sc="250,-20,250,-10,250,-10,250,40" /><INIT seed="1,0,0,1,0,129" ten="230,240,240,290" oya="1" hai0="70,40,112,12,13,23,14,111,80,124,34,20,77" hai1="118,84,24,93,60,44,107,128,7,109,116,120,62" hai2="43,132,74,17,134,96,72,86,123,68,102,19,88" hai3="2,6,82,130,16,26,100,98,117,8,90,9,79"/><U56/><E120/><V133/><F123/><W42/><G130/><T85/><D112/><U125/><E128/><V59/><F43/><W64/><G117/><T55/><D34/><U114/><E107/><N who="2" m="63943" /><F59/><W105/><G64/><T75/><D70/><U104/><E104/><V122/><F122/><W1/><G42/><T89/><D111/><U119/><E114/><V18/><F68/><W127/><G127/><T52/><D40/><U15/><E125/><V29/><F29/><W53/><G53/><T36/><D36/><U27/><E109/><V30/><F30/><W66/><G66/><T39/><D39/><U0/><E0/><V25/><F25/><W22/><G90/><T91/><D124/><U61/><E44/><V135/><N who="2" m="33792" /><DORA hai="67" /><V97/><F97/><W103/><G103/><T41/><D41/><U99/><E56/><V121/><F121/><W108/><G108/><T47/><D89/><U76/><E76/><V65/><F65/><W33/><G33/><T101/><D101/><U87/><E27/><V46/><F46/><W4/><G79/><T54/><REACH who="0" step="1"/><D47/><REACH who="0" ten="220,240,240,290" step="2"/><U113/><E113/><V58/><F58/><W71/><G71/><T21/><D21/><U32/><E118/><V94/><AGARI ba="0,1" hai="17,18,19,72,74,86,88,94" m="33792,63943" machi="94" ten="60,12000,2" yaku="20,1,52,4,54,1" doraHai="129,67" who="2" fromWho="2" sc="220,-30,240,-60,240,130,290,-30" /><INIT seed="2,0,0,2,3,116" ten="190,180,370,260" oya="2" hai0="2,3,66,59,54,76,107,24,55,26,75,28,132" hai1="56,51,135,12,47,133,49,29,42,35,82,94,89" hai2="101,5,104,20,65,34,130,73,81,102,95,99,80" hai3="90,10,100,86,22,122,96,45,44,113,30,11,21"/><V61/><F34/><W48/><G122/><T64/><D107/><U69/><E69/><V108/><F5/><W129/><G129/><T6/><D132/><U31/><E82/><V112/><F20/><W60/><G113/><T103/><D103/><U68/><E68/><V83/><F61/><W37/><G37/><T126/><D126/><U67/><E12/><V74/><F65/><W105/><G60/><T63/><D75/><U115/><E115/><V32/><F32/><W41/><G22/><T79/><D6/><U46/><E56/><V16/><F16/><W57/><G57/><T119/><D119/><U77/><E77/><V92/><F108/><W78/><G78/><T114/><D114/><U118/><E67/><V25/><F25/><W125/><G125/><T117/><D59/><U98/><E118/><V0/><F0/><W91/><G91/><T123/><D117/><U106/><E106/><V58/><F58/><W4/><G4/><T8/><D63/><U13/><E13/><V27/><F27/><W50/><G21/><T7/><D7/><U43/><REACH who="1" step="1"/><E35/><REACH who="1" ten="190,170,370,260" step="2"/><V97/><F112/><W134/><G105/><T70/><D70/><U1/><E1/><V52/><F104/><W38/><G45/><T121/><D8/><U120/><E120/><V124/><F80/><W84/><G44/><T36/><D36/><U110/><E110/><V71/><F81/><W127/><G11/><T128/><D128/><U72/><E72/><V9/><F73/><W33/><G10/><T85/><D85/><U15/><E15/><V18/><F74/><W39/><G39/><RYUUKYOKU ba="0,1" sc="190,15,170,15,370,-15,260,-15" hai0="2,3,24,26,28,54,55,64,66,76,79,121,123" hai1="29,31,42,43,46,47,49,51,89,94,98,133,135" /><INIT seed="3,1,1,1,2,37" ten="205,185,355,245" oya="3" hai0="84,109,6,60,72,92,23,128,106,108,19,95,28" hai1="10,41,42,17,99,24,74,85,97,11,110,33,90" hai2="66,126,5,124,117,53,49,59,21,62,89,50,104" hai3="4,55,64,103,98,57,3,48,14,52,79,63,78"/><W111/><G3/><T125/><D72/><U88/><E74/><V8/><F104/><W36/><G36/><T39/><D106/><U58/><E110/><N who="0" m="42601" /><D128/><U54/><E33/><V26/><F89/><N who="1" m="34409" /><E85/><V47/><F49/><W25/><G111/><T13/><D125/><U107/><E107/><V18/><REACH who="2" step="1"/><F117/><REACH who="2" ten="205,185,345,245" step="2"/><W0/><G48/><T40/><D39/><U61/><E24/><V135/><F135/><W30/><G25/><T12/><D40/><N who="1" m="15467" /><E17/><V56/><F56/><W51/><G57/><T70/><D70/><U116/><E116/><V43/><F43/><W46/><G51/><T127/><D127/><U133/><E133/><V68/><F68/><W132/><G132/><T81/><D28/><U118/><E118/><V32/><F32/><W123/><G30/><T129/><D129/><U29/><E29/><V38/><F38/><W67/><G123/><T22/><D60/><U131/><E131/><V86/><F86/><W101/><G63/><T87/><D87/><U100/><E100/><V69/><F69/><W80/><G103/><T105/><D105/><U120/><E120/><V77/><F77/><W119/><G79/><N who="0" m="46143" /><D6/><U94/><E94/><V75/><F75/><W20/><G78/><T122/><D122/><U114/><E114/><V44/><F44/><W115/><G46/><T134/><D134/><U71/><E71/><V15/><AGARI ba="1,2" hai="5,8,15,18,21,26,47,50,53,59,62,66,124,126" machi="15" ten="30,4000,0" yaku="1,1,0,1,53,1" doraHai="37" doraHaiUra="1" who="2" fromWho="2" sc="205,-11,185,-11,345,63,245,-21" owari="194,-20.6,174,-32.6,408,50.8,224,2.4" /></mjloggm>