<mjloggm ver="2.3"><GO type="225" lobby="0"/><UN n0="%E3%81%82%E3%81%99%E3%81%AB%E3%82%83%E3%82%80" n1="%E3%81%B7%E3%82%8A%E3%82%93%E8%81%96%E4%BA%BA" n2="%E8%91%89%E5%B1%B1%E9%99%BD%E5%92%8C" n3="%E6%80%AA%E3%81%97%E3%81%99%E3%81%8E%E3%82%8B%E3%83%81%E3%83%BC" dan="16,16,16,16" rate="2021.52,2145.96,2106.85,2182.98" sx="F,M,F,M"/><TAIKYOKU oya="0"/><INIT seed="0,0,0,0,4,41" ten="250,250,250,250" oya="0" hai0="5,85,78,67,130,108,63,48,125,100,133,58,131" hai1="80,65,16,114,104,105,112,76,26,40,37,96,135" hai2="91,103,120,28,11,107,51,127,0,55,75,61,87" hai3="89,113,38,71,29,14,2,25,46,117,12,111,31"/><T84/><D125/><U59/><E135/><V132/><F120/><W32/><G71/><T54/><D133/><U128/><E128/><N who="0" m="49193" /><D78/><U92/><E59/><V56/><F75/><W118/><G113/><N who="1" m="43626" /><E65/><V124/><F28/><W83/><G111/><T77/><D108/><U53/><E53/><V101/><F132/><W45/><G2/><T42/><D5/><U47/><E26/><V94/><F107/><W50/><G38/><T95/><D77/><U27/><E27/><V62/><F0/><W1/><G1/><T134/><D134/><U93/><E93/><V34/><F34/><W126/><G25/><T64/><D64/><U121/><E121/><V81/><F11/><W44/><G32/><T39/><D39/><U4/><E4/><V19/><F19/><W82/><G126/><N who="2" m="48169" /><F94/><W35/><G35/><T122/><D42/><U3/><E16/><V115/><F115/><W49/><G44/><N who="0" m="27911" /><D122/><U86/><E3/><V15/><F15/><W99/><G99/><AGARI ba="0,0" hai="58,63,67,84,85,95,99,100" m="27911,49193" machi="99" ten="30,2900,0" yaku="19,1,52,1" doraHai="41" who="0" fromWho="3" sc="250,29,250,0,250,0,250,-29" /><INIT seed="0,1,0,5,5,90" ten="279,250,250,221" oya="0" hai0="81,73,51,103,21,88,118,63,59,100,4,49,82" hai1="109,62,108,70,135,31,42,44,125,72,22,114,24" hai2="112,106,6,76,3,83,56,66,77,57,97,120,105" hai3="80,58,92,40,54,85,8,14,52,32,133,61,64"/><T94/><D118/><U7/><E72/><V91/><F120/><W35/><G133/><T23/><D4/><U25/><E135/><V60/><F112/><W48/><G35/><T69/><D69/><U111/><E7/><V98/><F6/><N who="3" m="3351" /><G32/><T27/><D49/><U18/><E114/><V102/><F3/><W123/><G123/><T129/><D51/><U37/><E125/><V9/><F9/><W43/><G92/><T38/><D38/><U19/><E24/><V41/><F41/><N who="3" m="15947" /><G48/><T110/><D129/><U128/><E128/><V2/><F2/><W122/><G122/><T71/><D71/><U134/><E134/><V74/><F105/><W126/><G126/><T20/><D27/><U67/><AGARI ba="1,0" hai="18,19,22,25,31,37,42,44,62,67,70,108,109,111" machi="67" ten="40,2700,0" yaku="0,1,14,1" doraHai="90" who="1" fromWho="1" sc="279,-14,250,30,250,-8,221,-8" /><INIT seed="1,0,0,3,2,91" ten="265,280,242,213" oya="1" hai0="109,61,82,68,97,41,79,100,13,28,108,48,129" hai1="4,14,24,103,101,9,134,6,49,43,10,35,36" hai2="2,92,60,94,58,21,57,72,42,106,110,67,40" hai3="78,65,53,7,113,5,89,75,3,125,33,122,64"/><U47/><E134/><V12/><F110/><N who="0" m="42602" /><D129/><U133/><E133/><V87/><F72/><W85/><G113/><T62/><D28/><U69/><E69/><V22/><F106/><W132/><G122/><T51/><D13/><U98/><E35/><V34/><F2/><W11/><G33/><T70/><D61/><U31/><E31/><V117/><F117/><W114/><G114/><T30/><D30/><U27/><E103/><V86/><F34/><W128/><G132/><T99/><D99/><U8/><E8/><V63/><F12/><W90/><G7/><T127/><D127/><U119/><E36/><V126/><REACH who="2" step="1"/><F67/><REACH who="2" ten="265,280,232,213" step="2"/><W81/><G125/><AGARI ba="0,1" hai="21,22,40,42,57,58,60,63,86,87,92,94,125,126" machi="125" ten="25,12000,2" yaku="1,1,2,1,22,2,52,2,53,0" doraHai="91" doraHaiUra="71" who="2" fromWho="3" sc="265,0,280,0,232,130,213,-120" /><INIT seed="2,0,0,4,5,17" ten="265,280,362,93" oya="2" hai0="91,88,87,116,65,103,13,59,95,45,31,128,20" hai1="108,102,130,122,70,62,101,47,28,34,127,66,15" hai2="107,9,37,129,80,39,117,22,105,23,35,79,16" hai3="33,3,1,27,68,18,131,85,44,77,21,67,121"/><V115/><F115/><W25/><G121/><T40/><D128/><U96/><E108/><V64/><F117/><W43/><G131/><T0/><D0/><U11/><E130/><V81/><F129/><W29/><G67/><T54/><D65/><U90/><E127/><V6/><F64/><W93/><G68/><T46/><D103/><U111/><E111/><V41/><F35/><W8/><G8/><T76/><D76/><U32/><E32/><V89/><F89/><W19/><G19/><N who="0" m="10351" /><D31/><U135/><E135/><V75/><F80/><W26/><G26/><T36/><D40/><U51/><E28/><V119/><F119/><W86/><G77/><T5/><D5/><U109/><E34/><V134/><F134/><W132/><G132/><T30/><D30/><U84/><E96/><V74/><F74/><W69/><G69/><T73/><D36/><U4/><E109/><V7/><F7/><W133/><G133/><T52/><D73/><U38/><E38/><V53/><F53/><N who="0" m="20586" /><D59/><U58/><E70/><V57/><F57/><W55/><G55/><T2/><D2/><U114/><E114/><V100/><F100/><W14/><G3/><T94/><D116/><U78/><E122/><V83/><F39/><N who="3" m="21631" /><G1/><T112/><D112/><U82/><E90/><V63/><F37/><W72/><G72/><T48/><D48/><U61/><E61/><V110/><F63/><W42/><G42/><AGARI ba="0,0" hai="4,11,15,42,47,51,58,62,66,78,82,84,101,102" machi="42" ten="30,7700,0" yaku="7,1,25,2,8,1" doraHai="17" who="1" fromWho="3" sc="265,0,280,77,362,0,93,-77" /><INIT seed="3,0,0,0,0,98" ten="265,357,362,16" oya="3" hai0="45,46,33,56,133,47,79,41,31,42,22,12,44" hai1="111,66,85,67,20,115,119,15,101,97,134,107,135" hai2="63,55,126,116,68,80,27,49,73,91,95,87,13" hai3="39,88,50,129,30,81,6,29,23,53,21,62,7"/><W9/><G39/><T128/><D128/><U19/><E115/><V99/><F116/><W18/><G129/><T17/><D133/><N who="1" m="50699" /><E119/><V110/><F110/><W48/><G62/><T70/><D70/><U32/><E111/><V89/><F126/><W60/><G60/><T96/><D79/><U122/><E122/><V103/><F27/><W3/><G7/><T74/><D74/><U78/><E32/><V92/><F13/><W131/><G131/><T43/><D33/><U25/><E15/><V1/><F1/><W108/><G108/><T104/><D31/><U118/><E118/><V100/><F73/><W52/><G29/><T28/><D28/><U35/><E35/><V132/><F80/><AGARI ba="0,0" hai="19,20,25,66,67,78,80,85,97,101,107" m="50699" machi="80" ten="30,2000,0" yaku="20,1,52,1" doraHai="98" who="1" fromWho="2" sc="265,0,357,20,362,-20,16,0" owari="265,-13.5,377,47.7,342,14.2,16,-48.4" /></mjloggm>