<mjloggm ver="2.3"><GO type="225" lobby="0"/><UN n0="%4D%6F%6E%61%6E%61" n1="%E3%81%8B%E3%82%8F%E3%81%A1%E3%82%83%E3%82%93%35%38" n2="%E3%81%BF%E3%81%BF%E3%81%9A" n3="%4B%2E%32%2E%4B%2E" dan="16,16,18,16" rate="2111.86,2142.72,2256.96,2133.17" sx="F,M,M,M"/><TAIKYOKU oya="0"/><INIT seed="0,0,0,1,2,25" ten="250,250,250,250" oya="0" hai0="56,129,91,45,53,36,29,113,78,128,58,104,65" hai1="17,110,19,55,134,7,6,22,90,101,42,34,13" hai2="43,30,15,133,79,0,4,21,24,81,72,119,35" hai3="75,64,63,8,131,121,73,33,32,1,40,52,115"/><T118/><D104/><U127/><E34/><V103/><F133/><W86/><G115/><T28/><D113/><U123/><E123/><V27/><F119/><W67/><G121/><T41/><D78/><U71/><E71/><V9/><F103/><W83/><G131/><N who="0" m="50251" /><D118/><U23/><E134/><V12/><REACH who="2" step="1"/><F43/><REACH who="2" ten="250,250,240,250" step="2"/><W50/><G40/><T2/><D2/><U46/><E101/><V54/><F54/><W116/><G52/><T59/><D65/><U111/><E55/><V125/><F125/><W14/><G1/><T80/><D53/><U95/><E127/><V89/><F89/><W62/><G64/><T96/><D80/><U106/><E106/><V130/><F130/><W5/><G83/><T82/><D82/><U48/><E111/><V69/><F69/><W11/><G67/><T39/><D39/><U20/><E110/><V105/><F105/><W38/><G38/><T94/><AGARI ba="0,1" hai="28,29,36,41,45,56,58,59,91,94,96" m="50251" machi="94" ten="40,7800,0" yaku="19,1,52,2" doraHai="25" who="0" fromWho="0" sc="250,88,250,-26,240,-26,250,-26" /><INIT seed="0,1,0,1,0,104" ten="338,224,214,224" oya="0" hai0="47,44,110,113,19,56,76,83,74,92,4,46,109" hai1="6,64,25,116,85,134,12,22,50,73,10,127,135" hai2="41,132,117,55,34,29,118,95,14,114,96,121,82" hai3="106,51,15,128,79,108,107,86,37,131,30,23,129"/><T27/><D113/><U101/><E116/><N who="2" m="44651" /><F114/><W35/><G37/><T57/><D4/><U20/><E127/><V112/><F112/><W26/><G108/><N who="0" m="41579" /><D92/><U8/><E101/><N who="2" m="60575" /><F121/><W21/><G51/><T94/><D94/><U31/><E64/><V87/><F132/><N who="1" m="50729" /><E85/><V125/><F125/><W36/><G36/><T45/><N who="0" m="11264" /><DORA hai="93" /><T43/><D43/><U13/><E50/><V62/><F41/><W68/><G68/><T78/><D78/><U103/><E103/><V61/><F55/><W71/><G71/><T66/><D66/><U17/><E73/><V48/><F48/><W99/><G107/><T120/><D120/><U33/><AGARI ba="1,0" hai="6,8,10,12,13,17,20,22,25,31,33" m="50729" machi="33" ten="30,4000,0" yaku="20,1,34,2" doraHai="104,93" who="1" fromWho="1" sc="338,-21,224,43,214,-11,224,-11" /><INIT seed="1,0,0,5,0,3" ten="317,267,203,213" oya="1" hai0="96,84,18,33,55,47,100,38,101,26,128,70,28" hai1="15,131,82,87,14,9,110,71,68,7,24,43,77" hai2="79,118,119,115,112,108,134,74,129,11,50,126,27" hai3="48,20,117,54,31,80,65,56,17,123,116,51,67"/><U40/><E131/><V76/><F126/><W1/><G123/><T92/><D70/><U12/><E110/><V8/><F108/><W109/><G109/><T45/><D128/><U32/><E68/><V60/><F129/><W29/><G1/><T135/><D135/><U91/><E71/><V133/><F60/><W13/><G80/><T49/><D38/><U95/><E32/><V21/><F50/><W25/><G31/><T78/><D45/><U120/><E24/><V130/><F130/><W30/><G29/><T104/><D18/><U0/><REACH who="1" step="1"/><E120/><REACH who="1" ten="317,257,203,213" step="2"/><V89/><F27/><W83/><G116/><T97/><D33/><U132/><E132/><V127/><F127/><W99/><G117/><T36/><D26/><U124/><E124/><V52/><F119/><W6/><G25/><T81/><D28/><U16/><E16/><V75/><F118/><W23/><G30/><T39/><AGARI ba="0,1" hai="36,39,47,49,55,78,81,84,92,96,97,100,101,104" machi="39" ten="30,1100,0" yaku="0,1" doraHai="3" who="0" fromWho="0" sc="317,21,257,-5,203,-3,213,-3" /><INIT seed="2,0,0,2,0,20" ten="338,252,200,210" oya="2" hai0="26,118,119,115,71,74,60,50,113,35,134,8,13" hai1="17,127,77,25,63,0,104,116,126,32,55,97,112" hai2="58,7,61,114,123,46,80,100,59,52,23,19,67" hai3="72,43,79,76,93,111,83,132,24,36,94,15,53"/><V10/><F114/><W92/><G111/><T68/><D74/><U129/><E112/><V91/><F123/><W57/><G132/><T6/><D50/><U84/><E116/><N who="0" m="44585" /><D71/><U51/><E0/><V69/><F100/><W14/><G79/><T40/><D40/><U44/><E129/><V95/><F80/><W73/><G73/><T120/><D120/><U106/><E63/><V88/><F46/><W121/><G121/><T9/><D134/><U81/><E97/><V12/><F95/><W18/><G43/><T1/><D60/><U16/><E104/><V45/><F45/><W135/><G36/><T39/><D68/><U96/><E96/><V133/><F133/><W65/><G65/><T5/><D39/><U109/><E106/><V101/><F101/><W75/><G72/><T49/><D49/><U2/><E2/><V64/><F69/><W27/><G14/><T110/><D110/><U105/><E105/><V28/><F28/><AGARI ba="0,0" hai="1,5,6,8,9,13,26,28,35,113,115" m="44585" machi="28" ten="30,7700,0" yaku="12,1,34,2,52,1" doraHai="20" who="0" fromWho="2" sc="338,77,252,0,200,-77,210,0" /><INIT seed="3,0,0,0,5,40" ten="415,252,123,210" oya="3" hai0="35,79,41,31,18,132,84,67,107,130,127,56,129" hai1="113,43,25,73,24,16,82,0,47,72,86,133,81" hai2="121,101,95,8,5,57,53,97,17,94,87,69,22" hai3="14,51,104,28,54,119,58,6,125,68,122,13,23"/><W120/><G119/><T49/><D107/><U71/><E0/><V131/><F121/><W48/><G104/><T88/><D127/><U93/><E71/><V36/><F131/><W33/><G125/><T90/><D132/><U38/><E113/><V99/><F69/><W76/><G33/><T55/><D41/><U102/><E133/><V45/><F36/><W63/><G76/><T108/><D108/><U70/><E70/><V114/><F114/><W59/><G68/><T64/><D18/><U44/><E93/><V2/><F87/><W110/><G110/><T26/><D90/><U34/><E102/><V91/><F57/><W32/><G32/><T37/><D37/><U60/><E60/><V30/><F30/><W123/><G48/><T109/><D79/><U134/><E134/><V112/><F112/><W65/><G6/><T46/><D56/><U115/><E115/><V126/><F126/><W78/><G78/><T106/><D106/><U111/><E111/><V11/><F2/><W118/><G118/><T75/><D75/><U39/><E43/><V116/><F5/><W80/><G80/><N who="0" m="49159" /><D109/><U98/><E34/><V20/><F116/><W89/><G89/><T4/><D4/><U135/><E135/><V19/><F19/><W27/><AGARI ba="0,0" hai="13,14,23,27,28,51,54,58,59,63,65,120,122,123" machi="27" ten="40,2100,0" yaku="0,1" doraHai="40" who="3" fromWho="3" sc="415,-7,252,-7,123,-7,210,21" /><INIT seed="3,1,0,1,5,75" ten="408,245,116,231" oya="3" hai0="47,54,52,42,9,41,114,79,21,53,105,101,48" hai1="97,84,126,45,127,82,15,92,60,111,50,117,76" hai2="7,73,13,27,35,31,89,0,33,133,95,39,125" hai3="124,16,135,40,26,119,63,18,25,71,77,90,10"/><W122/><G122/><T120/><D120/><U3/><E3/><V29/><F125/><N who="1" m="47625" /><E111/><V6/><F133/><W28/><G119/><T19/><D114/><U61/><E15/><V34/><F39/><W94/><G124/><T5/><D105/><U86/><E86/><V1/><F73/><W14/><G135/><T85/><D101/><N who="1" m="60583" /><E117/><V109/><F95/><W55/><G40/><AGARI ba="1,0" hai="40,45,50,60,61,76,82,84" m="60583,47625" machi="40" ten="30,2000,0" yaku="18,1,52,1" doraHai="75" who="1" fromWho="3" sc="408,0,245,23,116,0,231,-23" owari="408,50.8,268,6.8,116,-38.4,208,-19.2" /></mjloggm>