<mjloggm ver="2.3"><GO type="225" lobby="0"/><UN n0="%48%61%61%61%6C%61%6E%64" n1="%E3%81%B5%E3%81%98%E3%81%8B%E3%81%A4" n2="%E3%83%81%E3%83%AF%E3%83%AF%E9%9A%8A%E9%95%B7" n3="%E9%A6%AC%E4%BA%86%E9%9A%94%E5%A3%81" dan="18,17,16,17" rate="2210.60,2195.76,2107.50,2192.56" sx="M,M,M,M"/><TAIKYOKU oya="0"/><INIT seed="0,0,0,1,5,119" ten="250,250,250,250" oya="0" hai0="106,120,116,113,49,131,58,76,0,47,72,85,83" hai1="14,28,125,54,65,4,12,1,35,71,78,117,99" hai2="91,51,132,23,82,97,70,43,86,44,67,68,24" hai3="59,92,64,22,107,95,121,73,32,41,87,74,21"/><T81/><D116/><U56/><E117/><V36/><F132/><W7/><G107/><T94/><D113/><U19/><E125/><V93/><F36/><W111/><G32/><T104/><D0/><U57/><E78/><V129/><F67/><W134/><G134/><T61/><D94/><U62/><E71/><V55/><F43/><W13/><G41/><T89/><D131/><U115/><E115/><V31/><REACH who="2" step="1"/><F129/><REACH who="2" ten="250,250,240,250" step="2"/><W88/><G64/><T80/><D120/><U18/><E65/><V102/><AGARI ba="0,1" hai="23,24,31,44,51,55,68,70,82,86,91,93,97,102" machi="102" ten="20,5200,0" yaku="1,1,2,1,0,1,7,1,53,0" doraHai="119" doraHaiUra="8" who="2" fromWho="2" sc="250,-26,250,-13,240,62,250,-13" /><INIT seed="1,0,0,5,1,120" ten="224,237,302,237" oya="1" hai0="20,67,117,14,74,110,81,7,42,107,18,105,24" hai1="5,56,16,102,27,44,104,121,78,129,75,65,116" hai2="127,122,63,84,112,8,52,115,3,46,109,119,54" hai3="88,4,11,2,38,79,85,98,87,123,70,91,19"/><U36/><E121/><V135/><F122/><W69/><G123/><T77/><D117/><U1/><E116/><V126/><F119/><W118/><G118/><T32/><D110/><U60/><E129/><V12/><F3/><W80/><G38/><T40/><D67/><U10/><E104/><V26/><F109/><W17/><G98/><T50/><D7/><U113/><E102/><V76/><F135/><W108/><G108/><T130/><D130/><U34/><E113/><N who="2" m="43595" /><F26/><W43/><G43/><T93/><D93/><U89/><E89/><V94/><F46/><W92/><REACH who="3" step="1"/><G79/><REACH who="3" ten="224,237,302,227" step="2"/><T101/><D42/><N who="1" m="22599" /><E34/><V0/><F76/><W29/><G29/><T66/><D40/><U131/><E131/><V73/><F127/><W96/><G96/><T95/><D77/><U47/><E78/><V55/><F126/><W28/><G28/><T41/><D41/><U58/><E75/><V51/><F73/><W124/><G124/><T30/><D74/><U48/><E1/><V33/><F0/><W13/><G13/><T49/><D14/><U132/><E132/><V128/><F12/><W35/><G35/><T21/><D32/><U125/><E125/><V82/><F33/><W97/><G97/><T111/><D111/><U133/><E133/><V90/><F128/><W103/><G103/><T64/><D101/><U39/><E39/><V62/><F90/><W72/><G72/><T86/><D30/><U53/><E27/><V106/><F106/><W83/><G83/><T25/><D105/><U68/><E16/><AGARI ba="0,1" hai="2,4,11,16,17,19,69,70,80,85,87,88,91,92" machi="16" ten="40,5200,0" yaku="1,1,54,2,53,0" doraHai="120" doraHaiUra="31" who="3" fromWho="1" sc="224,0,237,-52,302,0,227,62" /><INIT seed="2,0,0,1,3,16" ten="224,185,302,289" oya="2" hai0="107,115,67,52,71,125,72,33,101,81,41,9,79" hai1="22,2,42,57,61,132,135,86,36,126,124,53,26" hai2="49,85,95,106,105,74,129,119,65,35,38,134,8" hai3="110,102,98,44,3,30,39,82,15,92,97,87,68"/><V120/><F38/><W5/><G3/><T80/><D115/><U28/><E2/><V108/><F74/><W127/><G68/><T62/><D125/><N who="1" m="48235" /><E86/><V77/><F35/><W45/><G127/><T17/><D33/><U21/><E36/><V73/><F73/><W123/><G123/><T78/><D41/><U34/><E42/><V27/><F120/><W60/><G110/><T7/><D80/><U1/><E1/><V58/><F119/><W50/><G60/><T51/><D79/><U114/><E114/><V37/><F37/><W20/><G39/><T118/><D118/><U116/><E116/><V133/><F108/><W113/><G98/><T40/><D40/><U63/><E63/><V46/><F77/><N who="3" m="46543" /><G50/><T130/><D130/><U94/><E94/><V70/><F129/><W121/><G121/><T13/><D107/><U59/><E59/><V11/><F106/><W109/><G109/><T104/><D104/><U96/><E96/><V76/><F105/><W83/><G83/><T93/><D93/><U29/><E29/><V69/><F69/><W0/><G0/><T10/><D81/><U117/><E117/><V111/><F70/><W4/><G113/><T103/><D72/><U43/><E43/><V112/><F111/><W31/><G31/><T48/><D48/><U47/><E47/><N who="3" m="17994" /><G30/><T88/><D78/><U122/><E122/><V12/><F76/><W66/><G66/><T23/><D51/><U55/><E55/><V32/><F49/><W99/><G97/><T24/><D52/><U131/><E131/><V6/><F112/><W14/><G92/><RYUUKYOKU ba="0,0" sc="224,-10,185,30,302,-10,289,-10" hai1="21,22,26,28,34,53,57,61,132,135" /><INIT seed="3,1,0,3,1,20" ten="214,215,292,279" oya="3" hai0="86,74,125,17,36,94,123,16,113,37,9,48,127" hai1="32,96,27,112,12,114,23,100,120,47,99,31,67" hai2="82,10,80,109,97,106,105,135,87,24,115,73,59" hai3="118,65,89,4,68,104,108,81,25,134,52,41,51"/><W6/><G118/><T46/><D74/><U130/><E120/><V126/><F115/><W26/><G104/><T98/><D86/><U111/><E111/><V11/><F109/><W129/><G108/><T101/><D123/><U66/><E130/><V29/><F126/><N who="0" m="48138" /><D113/><U102/><E47/><V117/><F117/><W38/><G129/><T133/><D133/><U2/><E2/><V90/><F135/><W75/><G134/><T54/><D9/><U30/><E12/><V103/><F106/><W132/><G132/><T34/><D34/><U93/><E32/><V44/><F59/><N who="3" m="33183" /><G4/><T107/><D107/><U77/><E77/><V61/><F61/><W60/><G6/><T33/><D33/><U71/><E71/><V95/><F44/><N who="3" m="23607" /><G89/><T50/><D50/><U70/><E70/><V40/><F105/><W78/><AGARI ba="1,0" hai="25,26,60,65,68,75,78,81" m="23607,33183" machi="78" ten="30,11700,0" yaku="24,1,52,2,54,1" doraHai="20" who="3" fromWho="3" sc="214,-40,215,-40,292,-40,279,120" owari="174,-32.6,175,-22.5,252,5.2,399,49.9" /></mjloggm>