<mjloggm ver="2.3"><GO type="225" lobby="0"/><UN n0="%E3%81%99%E3%81%84%E3%81%BE%E3%81%9B%E3%83%BC%E3%82%93" n1="%E3%83%B4%E3%82%A3%E3%83%AF%E3%82%B3%E3%82%B0%E3%83%8B" n2="%E5%B8%86%E7%AB%8B%E5%A4%8F%E8%A1%A3" n3="%72%61%6B%33" dan="16,16,16,17" rate="2222.87,2163.96,2112.21,2190.38" sx="M,M,M,M"/><TAIKYOKU oya="0"/><INIT seed="0,0,0,0,5,129" ten="250,250,250,250" oya="0" hai0="57,80,27,33,116,84,106,29,5,131,35,83,70" hai1="108,45,14,101,98,92,134,85,115,105,111,1,15" hai2="113,117,56,112,126,4,93,11,71,7,46,52,17" hai3="103,100,91,2,54,26,32,18,0,124,39,67,60"/><T48/><D116/><U47/><E1/><V55/><F71/><W69/><G124/><T128/><D70/><U31/><E115/><V23/><F126/><W89/><G39/><T36/><D36/><U19/><E31/><V99/><F117/><W59/><G0/><T87/><D106/><U123/><E123/><V132/><F132/><W127/><G2/><T64/><D5/><U90/><E14/><V30/><F30/><W8/><G127/><T40/><D35/><U104/><E104/><V37/><F113/><W95/><G91/><T61/><D40/><U77/><E77/><V49/><F11/><W130/><G130/><N who="0" m="49707" /><D48/><U66/><E66/><V12/><F112/><W73/><G73/><T125/><D125/><U16/><E19/><V21/><F21/><W25/><G8/><T122/><D122/><U13/><E13/><V82/><F82/><AGARI ba="0,0" hai="27,29,33,57,61,64,80,82,83,84,87" m="49707" machi="82" ten="30,1500,0" yaku="19,1" doraHai="129" who="0" fromWho="2" sc="250,15,250,0,250,-15,250,0" /><INIT seed="0,1,0,1,1,97" ten="265,250,235,250" oya="0" hai0="120,135,6,109,74,32,132,119,83,73,80,76,13" hai1="91,9,77,103,16,22,11,29,37,49,41,24,111" hai2="87,108,38,67,84,27,116,98,71,99,121,110,47" hai3="46,26,101,118,62,128,33,45,104,34,123,14,51"/><T0/><D32/><U86/><E111/><N who="2" m="42539" /><F121/><W17/><G118/><T125/><D109/><U70/><E37/><V60/><F116/><W40/><G123/><T57/><D120/><U61/><E77/><V39/><F39/><W129/><G62/><T95/><D119/><U30/><E103/><V93/><F27/><W19/><G46/><T105/><D105/><U54/><E41/><N who="2" m="22967" /><F99/><N who="3" m="61503" /><G26/><T122/><D122/><U28/><E61/><V3/><F3/><W75/><G75/><T10/><D0/><U90/><E70/><V55/><F55/><W58/><G58/><T4/><D4/><U59/><REACH who="1" step="1"/><E90/><AGARI ba="1,0" hai="60,67,71,84,87,90,93,98" m="22967,42539" machi="90" ten="30,1000,0" yaku="14,1" doraHai="97" who="2" fromWho="1" sc="265,0,250,-13,235,13,250,0" /><INIT seed="1,0,0,0,2,23" ten="265,237,248,250" oya="1" hai0="119,79,0,14,36,64,52,30,55,98,109,4,53" hai1="128,17,115,129,50,51,15,47,106,130,1,31,95" hai2="12,103,68,62,60,10,110,124,25,94,96,125,2" hai3="111,41,114,85,87,72,42,70,104,135,39,16,59"/><U71/><E115/><V121/><F110/><W131/><G70/><T44/><D119/><U61/><E106/><V33/><F121/><W123/><G72/><T127/><D0/><U5/><E31/><N who="2" m="19695" /><F2/><W54/><G123/><T107/><D109/><U112/><E112/><V90/><F90/><W74/><G74/><T97/><D127/><N who="2" m="48714" /><F68/><W88/><G104/><T45/><D64/><N who="1" m="41359" /><E95/><V6/><AGARI ba="0,0" hai="6,10,12,60,62,94,96,103" m="48714,19695" machi="6" ten="30,2000,0" yaku="18,1,52,1" doraHai="23" who="2" fromWho="2" sc="265,-5,237,-10,248,20,250,-5" /><INIT seed="2,0,0,1,4,125" ten="260,227,268,245" oya="2" hai0="110,52,73,109,83,88,2,111,28,46,93,67,19" hai1="0,59,126,33,121,44,81,104,9,86,115,42,54" hai2="11,58,63,50,90,97,39,36,131,129,23,1,84" hai3="31,14,76,21,133,122,47,113,77,29,4,35,112"/><V124/><F97/><W34/><G47/><T120/><D120/><U41/><E115/><V118/><F118/><W61/><G61/><T70/><D2/><U119/><E119/><V72/><F72/><W75/><G75/><T78/><D28/><N who="3" m="10825" /><G122/><T98/><D19/><U65/><E126/><V48/><F124/><W102/><G102/><T74/><D74/><U49/><E33/><N who="3" m="12298" /><G76/><T17/><D17/><U105/><E121/><V71/><F71/><W103/><G103/><T106/><D106/><U94/><E105/><V22/><F63/><W13/><G77/><T128/><D128/><N who="2" m="49226" /><F39/><W107/><G107/><T117/><D117/><U57/><E104/><V27/><F36/><W89/><G89/><T135/><D135/><U40/><E65/><V26/><F58/><W82/><G82/><T6/><D67/><U87/><E94/><N who="2" m="54599" /><F50/><W100/><G100/><T56/><D70/><U79/><E87/><V96/><F48/><W25/><G133/><T62/><D46/><U8/><E0/><V64/><F96/><W45/><G45/><T91/><D91/><U51/><REACH who="1" step="1"/><E57/><REACH who="1" ten="260,217,268,245" step="2"/><V130/><F130/><W127/><G127/><T38/><D73/><U37/><E37/><V5/><F64/><W60/><G113/><T80/><D38/><U134/><E134/><V108/><F108/><W85/><G112/><T16/><D111/><U95/><E95/><V132/><F132/><W10/><G85/><T123/><D110/><U69/><E69/><V24/><AGARI ba="0,1" hai="1,5,11,22,23,24,26,27" m="54599,49226" machi="24" ten="30,11700,0" yaku="19,1,52,3" doraHai="125" who="2" fromWho="2" sc="260,-39,217,-39,268,127,245,-39" /><INIT seed="2,1,0,0,1,91" ten="221,178,395,206" oya="2" hai0="134,34,122,35,45,100,81,2,5,77,89,47,46" hai1="57,131,42,102,114,10,79,64,37,117,55,95,21" hai2="128,20,24,103,84,70,61,132,130,33,75,118,65" hai3="28,74,92,36,86,1,123,83,0,72,25,27,97"/><V112/><F112/><W62/><G36/><T80/><D122/><U69/><E114/><V101/><F118/><W107/><G123/><T40/><D134/><U59/><E117/><V98/><F75/><W119/><G119/><T29/><D100/><U104/><E104/><V60/><F132/><W67/><G27/><T115/><D115/><U44/><E131/><V68/><F84/><W125/><G125/><T19/><D19/><U108/><E108/><V116/><F103/><W4/><G107/><T90/><D40/><U121/><E121/><V127/><F127/><W26/><G26/><T110/><D29/><U66/><E21/><V43/><F43/><W94/><G97/><T87/><D110/><U124/><E124/><V120/><F20/><W18/><G18/><T88/><REACH who="0" step="1"/><D80/><REACH who="0" ten="211,178,395,206" step="2"/><U13/><E102/><V11/><F120/><W31/><G31/><T109/><D109/><U58/><E42/><V9/><F116/><W39/><G83/><T3/><D3/><U105/><E105/><N who="2" m="63671" /><F130/><W129/><G28/><T71/><D71/><U15/><E69/><V49/><F128/><W106/><G106/><T6/><D6/><U96/><E15/><V99/><F70/><W133/><G129/><T17/><D17/><U7/><E13/><V8/><F68/><W32/><G0/><T113/><D113/><U14/><E7/><V30/><F30/><W41/><G1/><T50/><D50/><N who="1" m="29127" /><E37/><V63/><F49/><W51/><G51/><T73/><D73/><N who="3" m="28265" /><G39/><T82/><D82/><U22/><E14/><V56/><F33/><W52/><G32/><T85/><D85/><RYUUKYOKU ba="1,1" sc="211,30,178,-10,395,-10,206,-10" hai0="2,5,34,35,45,46,47,77,81,87,88,89,90" /><INIT seed="3,2,1,0,3,98" ten="241,168,385,196" oya="3" hai0="94,9,63,119,113,34,19,49,28,68,36,26,21" hai1="102,122,55,127,59,95,131,129,33,93,132,126,0" hai2="4,89,22,124,82,66,130,70,111,88,62,64,6" hai3="11,134,133,52,40,117,65,13,7,84,116,81,29"/><W69/><G40/><T8/><D36/><U48/><E122/><V80/><F111/><W12/><G29/><T47/><D119/><U31/><E0/><V53/><F124/><N who="1" m="47657" /><E132/><N who="3" m="50794" /><G13/><T50/><D50/><U27/><E102/><V114/><F114/><W76/><G52/><T110/><D110/><U101/><E101/><V5/><F130/><AGARI ba="2,1" hai="27,31,33,48,55,59,93,95,129,130,131" m="47657" machi="130" ten="30,2000,0" yaku="19,1,18,1" doraHai="98" who="1" fromWho="2" sc="241,0,168,36,385,-26,196,0" owari="241,4.1,204,-19.6,359,45.9,196,-30.4" /></mjloggm>