<mjloggm ver="2.3"><GO type="225" lobby="0"/><UN n0="%E3%82%AF%E3%82%A3%E3%82%A6" n1="%E3%81%8F%E3%82%8A%E3%83%94%E3%83%BC" n2="%72%61%6B%33" n3="%E3%81%99%E3%81%84%E3%81%BE%E3%81%9B%E3%83%BC%E3%82%93" dan="16,16,16,16" rate="2109.82,2103.28,2162.84,2155.24" sx="M,M,M,M"/><TAIKYOKU oya="0"/><INIT seed="0,0,0,5,3,125" ten="250,250,250,250" oya="0" hai0="78,24,20,14,36,97,128,117,35,17,72,110,127" hai1="62,80,44,76,45,109,114,106,73,103,16,26,112" hai2="52,96,66,30,93,56,12,83,37,23,89,71,85" hai3="9,49,43,55,13,102,121,1,75,101,95,4,124"/><T132/><D117/><U50/><E109/><V104/><F104/><W99/><G124/><T28/><D127/><U69/><E103/><V3/><F3/><BYE who="2" /><W46/><G75/><T115/><D36/><U25/><E106/><V51/><F51/><W6/><G121/><T70/><D115/><N who="1" m="44075" /><E44/><V135/><F135/><W68/><G68/><T53/><D70/><U11/><E62/><V59/><F59/><W88/><G4/><T87/><D128/><U82/><E82/><V34/><F34/><W0/><G0/><T22/><D132/><U64/><E64/><V47/><F47/><W7/><G7/><T79/><D72/><U42/><E69/><V58/><F58/><W40/><REACH who="3" step="1"/><G1/><REACH who="3" ten="250,250,250,240" step="2"/><T32/><D110/><U98/><E98/><V105/><F105/><W60/><G60/><T19/><D97/><U41/><E41/><AGARI ba="0,1" hai="6,9,13,40,41,43,46,49,55,88,95,99,101,102" machi="41" ten="40,5200,0" yaku="1,1,8,1,54,1,53,0" doraHai="125" doraHaiUra="61" who="3" fromWho="1" sc="250,0,250,-52,250,0,240,62" /><INIT seed="1,0,0,2,2,94" ten="250,198,250,302" oya="1" hai0="66,78,29,14,31,32,33,67,90,96,128,129,6" hai1="10,7,106,89,3,77,58,135,107,79,75,44,98" hai2="134,43,28,15,42,63,2,125,103,21,22,130,23" hai3="19,54,122,30,109,59,5,119,118,68,40,95,120"/><U105/><E135/><V52/><F52/><W24/><G68/><T101/><D78/><U8/><E75/><V71/><F71/><W116/><G109/><T88/><D6/><U39/><E10/><V16/><F16/><W124/><G124/><T131/><D14/><U46/><E58/><V70/><F70/><W49/><G19/><T18/><D18/><U112/><E112/><V126/><F126/><W12/><G40/><T17/><D17/><U87/><E98/><V110/><F110/><W20/><G95/><N who="0" m="56423" /><D90/><UN n2="%72%61%6B%33" /><U81/><REACH who="1" step="1"/><E44/><REACH who="1" ten="250,188,250,302" step="2"/><V13/><F134/><W102/><G102/><T123/><D101/><U27/><E27/><V57/><F103/><W111/><G111/><T83/><D123/><U114/><E114/><V69/><F125/><W48/><G122/><T80/><D33/><U97/><E97/><V74/><F74/><W50/><G120/><T56/><D32/><U1/><E1/><V108/><F2/><W4/><G4/><T53/><D67/><U99/><E99/><V73/><F73/><W61/><G119/><T72/><D66/><U25/><E25/><V47/><F69/><W36/><G118/><T51/><D72/><U133/><E133/><V65/><F65/><W9/><G116/><T115/><D115/><U91/><E91/><V34/><F108/><W11/><G11/><T84/><D84/><U76/><E76/><V100/><F47/><W121/><G121/><T64/><D64/><U0/><E0/><V35/><F35/><W62/><G62/><T113/><D113/><U60/><E60/><V85/><F63/><W38/><AGARI ba="0,1" hai="5,9,12,20,24,30,36,38,48,49,50,54,59,61" machi="38" ten="30,2000,0" yaku="5,1,0,1" doraHai="94" who="3" fromWho="3" sc="250,-5,188,-10,250,-5,302,30" /><INIT seed="2,0,0,2,3,42" ten="245,178,245,332" oya="2" hai0="32,111,130,52,133,103,54,121,45,124,51,10,48" hai1="99,86,83,1,34,18,69,9,2,128,88,112,107" hai2="37,23,46,82,63,8,100,20,25,84,126,89,75" hai3="29,78,17,92,7,15,27,134,104,36,98,131,116"/><V101/><F126/><W91/><G116/><T74/><D32/><U33/><E112/><V73/><F8/><W30/><G36/><T3/><D3/><U6/><E1/><V28/><F63/><W105/><G131/><T22/><D121/><U122/><E128/><V123/><F123/><W49/><G134/><T50/><D130/><U85/><E122/><V11/><F11/><W47/><G78/><T80/><D124/><U12/><E69/><V5/><F5/><W95/><G95/><T113/><D113/><U13/><E2/><V62/><F62/><W35/><G29/><T66/><D111/><U26/><E26/><V58/><F58/><W56/><G56/><T127/><D127/><U125/><E125/><V109/><F109/><W39/><G39/><T81/><D133/><U57/><E57/><V70/><F70/><W106/><G7/><T55/><D66/><U71/><E71/><V40/><REACH who="2" step="1"/><F23/><REACH who="2" ten="245,178,235,332" step="2"/><W129/><G129/><T77/><D10/><U61/><E61/><V64/><F64/><W97/><G35/><T108/><D108/><U72/><E34/><V59/><F59/><W76/><G106/><T110/><D110/><U53/><E72/><AGARI ba="0,1" hai="20,25,28,37,40,46,72,73,75,82,84,89,100,101" machi="72" ten="40,3900,0" yaku="1,1,52,1,53,0" doraHai="42" doraHaiUra="114" who="2" fromWho="1" sc="245,0,178,-39,235,49,332,0" /><INIT seed="2,1,0,4,5,56" ten="245,139,284,332" oya="2" hai0="0,2,77,83,63,50,66,130,106,14,18,117,78" hai1="13,32,81,113,30,95,17,46,104,76,114,128,89" hai2="131,42,52,62,70,20,96,36,6,19,37,9,101" hai3="82,126,115,75,123,67,29,133,7,38,119,110,51"/><V8/><F131/><W64/><G7/><T92/><D117/><U116/><E116/><V45/><F37/><W57/><G29/><T28/><D106/><U21/><E104/><V93/><F6/><W11/><G11/><T43/><D130/><U41/><E128/><V84/><F84/><W98/><G98/><T22/><D28/><U107/><E107/><V102/><F102/><W54/><G82/><T100/><D43/><U97/><E30/><V88/><F101/><W47/><G75/><T111/><D111/><U132/><E132/><V24/><F70/><W121/><G119/><T118/><D118/><U99/><E99/><V15/><F15/><W80/><G80/><T125/><D125/><U3/><E32/><V16/><F19/><W90/><G90/><T53/><D92/><U135/><E3/><V58/><AGARI ba="1,0" hai="8,9,16,20,24,36,42,45,52,58,62,88,93,96" machi="58" ten="30,18000,2" yaku="0,1,25,2,52,1,54,3" doraHai="56" who="2" fromWho="2" sc="245,-61,139,-61,284,183,332,-61" /><INIT seed="2,2,0,3,1,8" ten="184,78,467,271" oya="2" hai0="132,83,9,37,6,41,39,43,117,94,131,67,2" hai1="82,3,98,71,102,74,51,135,76,97,129,22,91" hai2="101,59,63,50,87,20,53,14,108,35,19,34,24" hai3="92,111,89,17,80,126,58,46,26,28,119,38,36"/><V130/><F130/><W115/><G119/><T123/><D117/><U116/><E71/><V78/><F108/><W69/><G69/><T45/><D123/><U7/><E116/><V27/><F101/><W15/><G111/><T77/><D131/><U68/><E135/><V42/><F35/><W66/><G126/><T16/><D132/><U121/><E68/><V133/><F34/><W33/><G80/><T1/><D67/><U57/><E121/><V128/><F128/><W81/><G81/><T13/><D94/><U61/><E51/><V88/><F78/><W103/><G103/><T84/><D6/><U112/><E7/><V93/><F133/><W55/><G46/><AGARI ba="2,0" hai="1,2,9,13,16,37,39,41,43,45,46,77,83,84" machi="46" ten="40,5200,0" yaku="9,1,52,1,54,1" doraHai="8" who="0" fromWho="3" sc="184,58,78,0,467,0,271,-58" /><AGARI ba="2,0" hai="14,19,20,24,27,42,46,50,53,59,63,87,88,93" machi="46" ten="40,7700,0" yaku="8,1,52,1,54,1" doraHai="8" who="2" fromWho="3" sc="242,0,78,0,467,77,213,-77" /><INIT seed="2,3,0,0,3,117" ten="242,78,544,136" oya="2" hai0="78,130,9,125,8,63,26,33,81,76,23,69,4" hai1="35,86,16,113,53,75,51,42,50,62,103,27,30" hai2="21,36,14,131,80,122,111,28,92,89,12,132,46" hai3="40,24,84,44,96,43,114,72,55,129,5,68,77"/><V41/><F131/><W110/><G68/><T45/><D125/><U10/><E113/><V124/><F124/><W32/><G72/><T7/><D130/><U91/><E75/><V100/><F132/><W135/><G129/><T128/><D128/><U74/><E74/><V127/><F127/><W47/><G110/><T94/><D45/><U2/><E42/><V73/><F111/><W83/><G135/><T82/><D94/><U121/><E103/><V11/><F100/><W6/><G114/><T126/><D126/><U52/><E121/><V98/><F122/><W134/><G134/><T108/><D108/><U49/><E62/><V116/><F116/><W18/><G96/><T15/><D33/><U115/><E115/><V118/><F118/><W102/><G102/><T109/><D109/><U48/><N who="1" m="12288" /><DORA hai="88" /><U71/><E71/><V64/><F64/><W0/><G55/><T123/><D123/><U93/><REACH who="1" step="1"/><E16/><REACH who="1" ten="242,68,544,136" step="2"/><V65/><F73/><W99/><G40/><T66/><D63/><U95/><E95/><V104/><F92/><W70/><G18/><T85/><D69/><U119/><E119/><V29/><F41/><W58/><G70/><T37/><D37/><U101/><E101/><V13/><F36/><W97/><G43/><T39/><D39/><U59/><E59/><V31/><F29/><W60/><G47/><T90/><D81/><U61/><E61/><V56/><F46/><W3/><G83/><T54/><D82/><U38/><E38/><V106/><F31/><W57/><G44/><T20/><D78/><U22/><E22/><V87/><F21/><RYUUKYOKU ba="3,1" sc="242,-10,68,30,544,-10,136,-10" hai1="2,10,27,30,35,52,53,86,91,93" /><INIT seed="3,4,1,0,3,29" ten="232,98,534,126" oya="3" hai0="102,88,52,57,106,68,112,134,69,64,131,79,11" hai1="14,62,111,39,49,124,108,117,121,89,132,129,128" hai2="123,130,85,119,86,66,41,17,81,5,78,94,35" hai3="1,42,15,105,30,2,7,118,114,107,56,6,109"/><W87/><G118/><T12/><BYE who="2" /><D131/><N who="1" m="50251" /><E121/><V0/><F0/><W127/><G114/><T44/><D88/><U126/><E39/><V60/><F60/><W32/><G42/><T84/><D52/><U3/><E3/><V59/><F59/><W40/><G40/><T37/><D84/><U8/><E117/><V33/><F33/><W58/><G87/><T90/><D57/><N who="3" m="22121" /><G15/><T16/><D16/><N who="1" m="8263" /><E132/><V75/><F75/><W115/><G115/><T18/><D90/><U113/><E113/><V23/><F23/><W76/><G76/><T92/><D44/><U82/><E49/><V72/><F72/><W4/><G1/><T133/><D92/><U50/><E50/><V54/><F54/><W46/><G2/><T28/><D12/><U110/><E62/><V43/><F43/><W61/><G61/><T55/><D102/><U125/><E89/><V53/><F53/><W101/><G46/><T36/><D11/><U38/><E38/><V98/><F98/><N who="3" m="61623" /><G127/><N who="1" m="32514" /><U104/><DORA hai="24" /><E104/><V95/><F95/><W45/><G45/><T10/><D36/><U27/><E27/><V97/><F97/><W25/><G107/><T116/><D37/><U77/><E110/><V9/><F9/><W34/><G109/><T51/><D106/><U96/><E96/><V48/><F48/><W20/><G4/><T73/><D112/><U83/><E83/><V74/><F74/><AGARI ba="4,1" hai="74,77,82,108,111" m="32514,8263,50251" machi="74" ten="50,6400,0" yaku="19,1,18,1,54,1" doraHai="29,24" who="1" fromWho="2" sc="232,0,98,86,534,-76,126,0" owari="232,3.2,184,-21.6,458,55.8,126,-37.4" /></mjloggm>