<mjloggm ver="2.3"><GO type="225" lobby="0"/><UN n0="%E3%81%86%E3%81%A9%E3%82%93%E3%81%93" n1="%E8%A8%88%E7%AE%97%E6%A9%9F%E8%87%AA%E7%84%B6" n2="%6D%75%75%6D%75%72%61" n3="%E3%81%95%E3%81%8D%E3%81%9F%E3%81%BE%E6%9E%97%E6%AA%8E" dan="16,17,17,16" rate="2157.21,2177.96,2171.35,2111.36" sx="M,M,F,M"/><TAIKYOKU oya="0"/><INIT seed="0,0,0,5,4,36" ten="250,250,250,250" oya="0" hai0="42,59,12,11,75,92,14,64,32,134,57,40,100" hai1="91,54,35,86,80,9,130,127,104,133,50,94,45" hai2="93,124,65,87,125,135,39,97,117,52,37,47,131" hai3="107,24,66,113,7,101,41,23,58,28,48,78,129"/><T33/><D75/><U79/><E130/><V22/><F131/><W123/><G129/><T85/><D134/><U110/><E110/><V49/><F135/><W88/><G113/><T76/><D100/><U111/><E111/><V83/><F117/><W13/><G123/><T20/><D20/><U61/><E127/><N who="2" m="48715" /><F65/><W6/><G78/><T55/><D64/><U1/><E133/><V115/><F22/><W81/><G107/><T70/><D70/><U68/><E104/><V128/><F128/><W67/><G101/><T4/><D32/><U3/><E35/><V44/><F115/><W132/><G132/><T116/><D33/><U10/><E68/><V103/><F44/><N who="3" m="25615" /><G13/><T2/><D2/><U72/><E61/><V53/><F53/><W30/><G30/><T15/><D116/><U114/><E114/><V18/><F18/><W31/><G31/><T96/><D59/><U69/><E69/><V26/><F26/><W38/><G38/><T112/><D112/><U8/><AGARI ba="0,0" hai="1,3,8,9,10,45,50,54,72,79,80,86,91,94" machi="8" ten="30,1100,0" yaku="0,1" doraHai="36" who="1" fromWho="1" sc="250,-5,250,11,250,-3,250,-3" /><INIT seed="1,0,0,3,4,110" ten="245,261,247,247" oya="1" hai0="107,130,29,59,133,25,105,132,129,70,5,53,26" hai1="66,89,34,113,60,45,95,98,24,36,13,87,63" hai2="97,75,27,117,88,51,69,55,76,90,92,120,108" hai3="125,116,4,37,127,67,1,131,78,135,94,80,15"/><U49/><E36/><V122/><F117/><W73/><G67/><T114/><D70/><U61/><E113/><V9/><F108/><W91/><G1/><T111/><D111/><U124/><E124/><N who="3" m="47690" /><G37/><T46/><D46/><U102/><E13/><V50/><F69/><W71/><G71/><T44/><D44/><U121/><E121/><V18/><F51/><W74/><G15/><T83/><D5/><U32/><E24/><N who="0" m="9321" /><D83/><U134/><E134/><N who="0" m="51817" /><D29/><U0/><E0/><V6/><F6/><W112/><G4/><T93/><D93/><U35/><E66/><V86/><F75/><N who="3" m="43103" /><G135/><T38/><D38/><U54/><REACH who="1" step="1"/><E32/><REACH who="1" ten="245,251,247,247" step="2"/><V104/><F120/><W31/><G112/><T96/><D114/><U52/><E52/><V82/><F122/><W21/><G116/><T118/><D118/><U12/><E12/><N who="2" m="7439" /><F27/><N who="3" m="16879" /><G131/><T77/><D130/><U64/><E64/><V109/><F109/><W85/><AGARI ba="0,1" hai="73,74,85,91,94" m="16879,43103,47690" machi="85" ten="30,1100,0" yaku="18,1" doraHai="110" who="3" fromWho="3" sc="245,-3,251,-5,247,-3,247,21" /><INIT seed="2,0,0,5,0,109" ten="242,246,244,268" oya="2" hai0="39,108,78,10,72,99,79,23,97,51,42,81,127" hai1="7,100,24,21,9,43,11,113,91,102,116,101,96" hai2="85,73,4,1,107,36,30,124,20,118,89,83,82" hai3="71,74,31,125,106,33,56,58,75,18,26,62,60"/><V8/><F118/><W92/><G106/><T48/><D108/><U45/><E116/><V105/><F124/><W76/><G125/><T131/><D127/><U67/><E67/><V103/><F36/><W37/><G37/><T5/><D79/><U110/><E110/><V84/><F73/><W55/><G71/><T121/><D121/><U34/><E34/><V88/><REACH who="2" step="1"/><F103/><REACH who="2" ten="242,246,234,268" step="2"/><W2/><G75/><T70/><D72/><U53/><E102/><V111/><F111/><W66/><G74/><T123/><D39/><U25/><E101/><V130/><F130/><W16/><G2/><T86/><D131/><U133/><E100/><V29/><F29/><W41/><G41/><T19/><D42/><U80/><E43/><V13/><F13/><W134/><G134/><T50/><D123/><U132/><E133/><V57/><F57/><W46/><G56/><T59/><D70/><U112/><E132/><V3/><F3/><W94/><G58/><T115/><D59/><U14/><E14/><V77/><F77/><W95/><G76/><T114/><D114/><U22/><E113/><V49/><F49/><W87/><G31/><T64/><D115/><U128/><E128/><V68/><F68/><W38/><G38/><T47/><D47/><U52/><E112/><V61/><F61/><W135/><G46/><T27/><D64/><U15/><E45/><V122/><F122/><W126/><G135/><T93/><D78/><U63/><E63/><V120/><F120/><W17/><G62/><T119/><D119/><U40/><E40/><V129/><F129/><W98/><G60/><RYUUKYOKU ba="0,1" sc="242,-10,246,-10,234,30,268,-10" hai2="1,4,8,20,30,82,83,84,85,88,89,105,107" /><INIT seed="2,1,1,2,2,99" ten="232,236,264,258" oya="2" hai0="88,107,72,82,78,117,120,125,53,109,66,29,64" hai1="102,9,16,17,54,46,105,52,25,128,60,12,115" hai2="81,21,76,79,108,113,85,38,100,26,36,106,10" hai3="33,94,3,2,13,58,22,32,118,69,1,56,15"/><V111/><F113/><W45/><G69/><T104/><D120/><U77/><E115/><V116/><F116/><W62/><G118/><T34/><D117/><U41/><E128/><V83/><F10/><W131/><G131/><T48/><D109/><N who="2" m="42058" /><F106/><W39/><G39/><T4/><D125/><U42/><E77/><V35/><F35/><W49/><G94/><T97/><D4/><U90/><E105/><V98/><F98/><W65/><G56/><T40/><D40/><N who="1" m="15467" /><E102/><V135/><F100/><W86/><G86/><T110/><D110/><U112/><E112/><V18/><F135/><W55/><REACH who="3" step="1"/><G22/><REACH who="3" ten="232,236,264,248" step="2"/><T19/><D104/><U130/><E130/><V80/><F80/><W23/><G23/><T47/><D107/><U132/><E132/><V133/><F133/><W31/><G31/><T7/><D29/><U63/><E46/><V24/><F24/><W61/><G61/><N who="1" m="23626" /><E90/><V71/><F71/><W5/><G5/><T89/><D7/><N who="1" m="3135" /><E25/><V73/><AGARI ba="1,2" hai="18,21,26,36,38,73,76,79,81,83,85" m="42058" machi="73" ten="30,3000,0" yaku="14,1,10,1" doraHai="99" who="2" fromWho="2" sc="232,-11,236,-11,264,53,248,-11" /><INIT seed="2,2,0,3,0,54" ten="221,225,317,237" oya="2" hai0="111,133,88,29,104,134,33,70,46,45,47,28,65" hai1="102,116,57,51,4,11,93,125,92,38,14,30,86" hai2="12,6,85,16,52,60,8,1,50,71,74,124,73" hai3="31,115,77,89,26,95,64,135,119,79,129,22,87"/><V20/><F124/><W83/><G119/><T99/><D111/><U126/><E38/><V72/><F85/><W66/><G135/><N who="0" m="51723" /><D33/><U120/><E116/><V105/><F105/><W36/><G129/><T56/><D70/><U96/><E30/><N who="0" m="11881" /><D104/><U114/><E114/><V130/><F130/><W109/><G109/><T48/><D65/><N who="3" m="25193" /><G115/><T63/><D63/><U42/><E120/><V9/><F60/><W37/><G37/><T17/><D17/><U2/><E2/><V32/><F32/><W75/><G75/><T69/><D69/><U121/><E121/><V94/><F71/><W132/><G36/><T118/><D118/><U25/><E25/><V23/><REACH who="2" step="1"/><F94/><REACH who="2" ten="221,225,307,237" step="2"/><W91/><G132/><T98/><D98/><AGARI ba="2,1" hai="22,26,31,77,79,83,87,89,91,95,98" m="25193" machi="98" ten="30,1000,0" yaku="8,1" doraHai="54" who="3" fromWho="0" sc="221,-16,225,0,307,0,237,26" /><INIT seed="3,0,0,2,0,30" ten="205,225,307,263" oya="3" hai0="47,125,74,97,119,27,28,31,33,8,4,0,51" hai1="113,49,68,89,43,58,12,120,108,82,86,126,98" hai2="67,32,134,132,40,130,41,69,127,54,17,124,24" hai3="10,63,20,3,83,81,99,21,44,36,122,65,102"/><W42/><G122/><T84/><D74/><U91/><E113/><V1/><F1/><W19/><G83/><T71/><D119/><U39/><E68/><V123/><F123/><W80/><G80/><T46/><D71/><U15/><E120/><V26/><F130/><W76/><G63/><T13/><D125/><N who="2" m="48202" /><F54/><W79/><G79/><T11/><D84/><U7/><E39/><V57/><F57/><W73/><G65/><T94/><D28/><U6/><E108/><V50/><F32/><W22/><G99/><T135/><D135/><N who="2" m="51754" /><F17/><W112/><G112/><T116/><D116/><U88/><E126/><V87/><F87/><W95/><G95/><T38/><D38/><U64/><E64/><V110/><F110/><W111/><G111/><T100/><D51/><U14/><E98/><V60/><F50/><W107/><G107/><T48/><D48/><U93/><E93/><V77/><F77/><W101/><G19/><AGARI ba="0,0" hai="0,4,8,11,13,19,27,31,33,46,47,94,97,100" machi="19" ten="30,2000,0" yaku="7,1,52,1" doraHai="30" who="0" fromWho="3" sc="205,20,225,0,307,0,263,-20" owari="225,-17.5,225,-27.5,307,40.7,243,4.3" /></mjloggm>