<mjloggm ver="2.3"><GO type="225" lobby="0"/><UN n0="%E3%81%AA%E3%81%A1%30%39%32%37" n1="%E3%81%8B%E3%82%8F%E3%81%A1%E3%82%83%E3%82%93%35%38" n2="%E3%81%A8%E3%82%93%E3%81%A8%E3%81%93%E3%81%A8%E3%82%93" n3="%E6%AB%BB%E4%BA%95%E5%A5%8F" dan="16,17,16,17" rate="2077.24,2205.53,2104.90,2211.92" sx="M,M,M,M"/><TAIKYOKU oya="0"/><INIT seed="0,0,0,0,1,105" ten="250,250,250,250" oya="0" hai0="37,51,26,116,86,7,75,104,85,0,24,108,126" hai1="22,110,48,72,111,78,64,114,45,38,10,95,4" hai2="131,18,68,36,47,12,67,9,21,97,44,63,23" hai3="11,60,46,62,96,112,93,6,69,115,74,59,84"/><T124/><D116/><U55/><E114/><V14/><F131/><W92/><G74/><T1/><D104/><U41/><E64/><V20/><F36/><W53/><G84/><T94/><D37/><U42/><E95/><V61/><F97/><W130/><G130/><T83/><D51/><U39/><E22/><V28/><F28/><W43/><G62/><T33/><D94/><U107/><E107/><V100/><F100/><W89/><G92/><T79/><D108/><N who="1" m="41515" /><E39/><V106/><F106/><W90/><G69/><T58/><D58/><U103/><E103/><V135/><F135/><W2/><REACH who="3" step="1"/><G90/><REACH who="3" ten="250,250,250,240" step="2"/><T13/><D85/><U117/><E72/><V81/><F61/><W66/><G66/><T8/><D86/><U98/><E98/><V129/><F129/><W3/><G3/><N who="0" m="1099" /><D33/><U113/><E78/><V19/><REACH who="2" step="1"/><F81/><REACH who="2" ten="250,250,240,240" step="2"/><W88/><G88/><T17/><D83/><U76/><E113/><V134/><F134/><W29/><G29/><T120/><D79/><U82/><E76/><V102/><F102/><W56/><G56/><T54/><D120/><U101/><E101/><V80/><F80/><W15/><G15/><T127/><D127/><U73/><E82/><V125/><F125/><W119/><G119/><T118/><D118/><U40/><E117/><V57/><F57/><W32/><G32/><T71/><D126/><U70/><E73/><V77/><F77/><W109/><G109/><T31/><D124/><U122/><E122/><V35/><F35/><W25/><G25/><N who="0" m="9835" /><D13/><N who="1" m="5319" /><E70/><V49/><F49/><AGARI ba="0,2" hai="2,6,11,43,46,49,53,59,60,89,93,96,112,115" machi="49" ten="30,3900,0" yaku="1,1,7,1,53,1" doraHai="105" doraHaiUra="50" who="3" fromWho="2" sc="250,0,250,0,240,-39,240,59" /><INIT seed="1,0,0,5,3,55" ten="250,250,201,299" oya="1" hai0="6,81,128,56,18,108,43,44,63,58,2,90,117" hai1="99,53,57,40,100,45,48,78,95,54,65,8,32" hai2="41,52,29,116,30,94,1,91,74,15,106,64,93" hai3="9,97,130,120,25,88,77,113,131,4,134,46,70"/><U13/><E32/><V127/><F1/><W28/><G70/><T98/><D117/><U35/><E35/><V12/><F116/><W61/><G120/><T20/><D108/><U135/><E135/><V59/><F106/><W33/><G113/><T62/><D128/><N who="3" m="49193" /><G77/><T110/><D110/><U96/><E78/><V26/><F74/><W22/><G46/><T129/><D129/><U17/><REACH who="1" step="1"/><E99/><REACH who="1" ten="250,240,201,299" step="2"/><V24/><F127/><W66/><G134/><T89/><D98/><U47/><E47/><V42/><F64/><W133/><G33/><T67/><D44/><U7/><E7/><V75/><F75/><W73/><G73/><T16/><D6/><U80/><E80/><V132/><F132/><W111/><G133/><T0/><D81/><U83/><E83/><V51/><F41/><W124/><G111/><T3/><D43/><U76/><E76/><V11/><F42/><W118/><G118/><T115/><D115/><U5/><E5/><N who="2" m="3183" /><F15/><N who="3" m="5543" /><G124/><T102/><D67/><U79/><E79/><V92/><F91/><W125/><G125/><T119/><D119/><U72/><E72/><V123/><F123/><W86/><G97/><T126/><D126/><U37/><E37/><V31/><AGARI ba="0,1" hai="24,26,29,30,31,51,52,59,92,93,94" m="3183" machi="31" ten="30,4000,0" yaku="8,1,52,1,54,1" doraHai="55" who="2" fromWho="2" sc="250,-10,240,-20,201,50,299,-10" /><INIT seed="2,0,0,1,0,47" ten="240,220,251,289" oya="2" hai0="107,64,55,38,20,56,25,75,114,109,78,42,50" hai1="41,10,70,123,34,7,131,49,104,9,63,86,71" hai2="101,15,30,40,103,72,65,24,77,27,127,89,106" hai3="102,133,132,28,91,124,29,39,66,80,21,74,46"/><V126/><F65/><W60/><G102/><T6/><D114/><U119/><E119/><V23/><F40/><N who="3" m="22815" /><G21/><T22/><D109/><U112/><E34/><V128/><F128/><W76/><G91/><T5/><D107/><U129/><E104/><V19/><F106/><W51/><G51/><T79/><D64/><U122/><E86/><V67/><F67/><W94/><G94/><T111/><D111/><U18/><E18/><V11/><F89/><W92/><G92/><T37/><D42/><U17/><E17/><V105/><F27/><W4/><G4/><T13/><D75/><U93/><E93/><V68/><F105/><W83/><G83/><T100/><D100/><U57/><E7/><N who="0" m="2569" /><D38/><U36/><E36/><V73/><F73/><W2/><G2/><T98/><D37/><U61/><E112/><V48/><F48/><W8/><G8/><T110/><D98/><U62/><E10/><V97/><F97/><W35/><G124/><N who="2" m="47657" /><F68/><N who="1" m="26153" /><E9/><V82/><AGARI ba="0,0" hai="11,15,19,23,24,30,72,77,82,101,103" m="47657" machi="82" ten="30,1500,0" yaku="18,1" doraHai="47" who="2" fromWho="2" sc="240,-5,220,-5,251,15,289,-5" /><INIT seed="2,1,0,2,1,101" ten="235,215,266,284" oya="2" hai0="91,50,72,62,5,134,60,3,2,15,110,52,96" hai1="111,20,24,127,83,37,36,17,104,43,99,35,6" hai2="126,109,12,116,124,117,122,131,128,78,97,54,33" hai3="21,56,40,85,103,4,69,1,94,71,77,68,10"/><V98/><F33/><W132/><G132/><T14/><D72/><U30/><E111/><V95/><F12/><W107/><G40/><T89/><D110/><U73/><E127/><N who="2" m="48683" /><F54/><W55/><G21/><T118/><D134/><U13/><E43/><V88/><F122/><W81/><G94/><T87/><D118/><N who="2" m="45674" /><F109/><W41/><G41/><T130/><D2/><U16/><E6/><V74/><F98/><W0/><G0/><T67/><D5/><U29/><E29/><V84/><F74/><W112/><G112/><T129/><D3/><U51/><E17/><V57/><F57/><W123/><G123/><T115/><D115/><U121/><E121/><V32/><F32/><W92/><G55/><T9/><D67/><U79/><REACH who="1" step="1"/><E51/><REACH who="1" ten="235,205,266,284" step="2"/><V119/><N who="2" m="45682" /><V19/><DORA hai="18" /><F19/><W86/><G4/><T31/><D50/><U26/><E26/><V80/><AGARI ba="1,1" hai="78,80,84,88,95,97,128,131" m="45682,48683" machi="80" ten="50,12000,1" yaku="18,1,34,2,54,1" doraHai="101,18" who="2" fromWho="2" sc="235,-41,205,-41,266,133,284,-41" /><INIT seed="2,2,0,1,4,19" ten="194,164,399,243" oya="2" hai0="28,4,55,97,87,16,31,29,134,86,67,35,18" hai1="20,62,63,101,26,60,50,107,88,25,3,89,108" hai2="122,93,24,85,78,21,95,100,120,117,106,47,131" hai3="8,11,43,133,56,82,14,123,13,102,75,0,74"/><V84/><F117/><W130/><G123/><T42/><D35/><U99/><E3/><V112/><F112/><W111/><G111/><T48/><D134/><U12/><E108/><V32/><F32/><W79/><G133/><T73/><D73/><U124/><E124/><V80/><F47/><W6/><G130/><T96/><D42/><U45/><E12/><V72/><F21/><W68/><G68/><T115/><D115/><U135/><E26/><V103/><F24/><W119/><G119/><T81/><D67/><U17/><REACH who="1" step="1"/><E135/><REACH who="1" ten="194,154,399,243" step="2"/><V33/><F131/><W44/><G13/><T54/><D4/><U9/><E9/><V66/><F120/><W128/><G11/><T1/><D1/><U36/><E36/><V90/><F122/><W52/><G14/><T65/><D31/><U83/><E83/><V127/><F127/><W116/><G128/><T30/><D30/><U15/><E15/><V59/><F33/><W58/><G116/><T46/><D81/><U39/><E39/><V109/><F109/><W57/><G8/><T121/><D121/><U114/><E114/><V105/><F66/><W126/><G6/><T110/><D65/><U2/><E2/><V125/><F125/><W40/><G126/><T69/><D110/><U118/><E118/><V61/><F80/><W64/><G64/><T98/><D29/><U38/><E38/><V129/><F129/><W94/><G82/><T91/><D28/><U22/><E22/><V113/><F113/><W49/><G0/><T10/><D10/><U70/><E70/><V71/><F71/><W76/><G75/><RYUUKYOKU ba="2,1" sc="194,-10,154,30,399,-10,243,-10" hai1="17,20,25,45,50,60,62,63,88,89,99,101,107" /><INIT seed="3,3,1,0,1,82" ten="184,184,389,233" oya="3" hai0="22,66,39,113,27,121,18,3,28,10,124,101,112" hai1="126,36,108,62,130,127,60,61,45,1,104,71,75" hai2="79,69,2,97,131,46,134,8,58,9,40,52,99" hai3="30,19,103,43,25,31,129,92,47,90,37,16,84"/><W7/><G129/><T23/><D39/><U109/><E75/><V120/><F69/><W118/><G118/><T33/><D121/><U54/><E104/><V132/><F79/><W105/><G30/><T95/><D124/><N who="1" m="47659" /><E1/><V119/><F119/><W67/><G7/><N who="0" m="1407" /><D66/><N who="1" m="41415" /><E130/><V125/><F131/><W85/><G67/><T106/><D106/><U38/><E38/><N who="2" m="21783" /><F120/><W48/><G37/><T5/><D5/><U32/><E32/><V86/><F86/><W70/><G70/><T81/><BYE who="3" /><D81/><U53/><E62/><N who="2" m="36167" /><F125/><W100/><G100/><T50/><D50/><N who="1" m="28879" /><E36/><V44/><F44/><W35/><G35/><T83/><D83/><U110/><E110/><V49/><F49/><W135/><G135/><N who="2" m="51753" /><F2/><W133/><G133/><T4/><D33/><U65/><E54/><V64/><F64/><W123/><G123/><T51/><D51/><U89/><E89/><V57/><F57/><AGARI ba="3,1" hai="57,61,65,108,109" m="28879,41415,47659" machi="57" ten="30,3900,0" yaku="18,1,34,2" doraHai="82" who="1" fromWho="2" sc="184,0,184,58,389,-48,233,0" owari="184,-31.6,242,4.2,341,44.1,233,-16.7" /></mjloggm>