<mjloggm ver="2.3"><GO type="225" lobby="0"/><UN n0="%72%65%6E%6B%75%6E" n1="%E3%82%B2%E3%82%B9%E8%8C%82%E5%8B%9D" n2="%E6%B8%A1%E5%A4%A9%E8%97%8D" n3="%E5%86%B7%E5%87%8D%E3%82%AE%E3%83%A7%E3%83%BC%E3%82%B6" dan="17,16,16,16" rate="2269.86,2052.85,2122.54,2200.85" sx="M,F,M,M"/><TAIKYOKU oya="0"/><INIT seed="0,0,0,0,2,14" ten="250,250,250,250" oya="0" hai0="31,112,99,24,39,134,43,73,66,77,103,26,96" hai1="92,128,69,15,87,63,3,58,62,45,90,29,85" hai2="55,9,98,123,93,16,113,118,51,70,54,101,65" hai3="36,23,72,121,71,86,108,79,11,17,132,67,129"/><T83/><D112/><U119/><E119/><V28/><F113/><W116/><G116/><T59/><D134/><U30/><E3/><V68/><F123/><W95/><G121/><T37/><D99/><U34/><E128/><V21/><F118/><W7/><G108/><T33/><D26/><U44/><E69/><V81/><F65/><W110/><G110/><T133/><D133/><U52/><E63/><V40/><F28/><N who="1" m="10857" /><E34/><V4/><F81/><W75/><G129/><T120/><D120/><U127/><E127/><V122/><F122/><W48/><G36/><T111/><D111/><U61/><E61/><V91/><F101/><W47/><G71/><T125/><D125/><U60/><E60/><V124/><F124/><W42/><G67/><T2/><D2/><U19/><E85/><V114/><F114/><W10/><G132/><T109/><D109/><U12/><E12/><N who="2" m="5159" /><F68/><W115/><G115/><T57/><D66/><U76/><E76/><V64/><F64/><W38/><G38/><T131/><D131/><U88/><E90/><V20/><F20/><AGARI ba="0,0" hai="15,19,20,44,45,52,58,62,87,88,92" m="10857" machi="20" ten="30,7700,0" yaku="8,1,52,1,54,2" doraHai="14" who="1" fromWho="2" sc="250,0,250,77,250,-77,250,0" /><INIT seed="1,0,0,3,0,2" ten="250,327,173,250" oya="1" hai0="82,3,130,122,103,14,54,73,31,111,116,46,94" hai1="99,8,58,66,62,42,78,33,34,20,133,53,77" hai2="114,12,27,38,4,7,84,36,37,132,51,64,61" hai3="110,134,59,43,109,44,69,128,80,13,126,102,115"/><U129/><E133/><V67/><F132/><W96/><G69/><T24/><D3/><U21/><E129/><V63/><F114/><W47/><G134/><T89/><D116/><U112/><E112/><V74/><F74/><W95/><G115/><T123/><D111/><N who="3" m="42505" /><G126/><T71/><D71/><U86/><E42/><V118/><F118/><W90/><G128/><T121/><D130/><U87/><E99/><V91/><F51/><W76/><G59/><T101/><D14/><U68/><E33/><V117/><F117/><W57/><G57/><T49/><D82/><U65/><E34/><V19/><F27/><W124/><G124/><T72/><D72/><U10/><E58/><V105/><F105/><N who="3" m="63687" /><G13/><T125/><D73/><U75/><E75/><V5/><F64/><W30/><G30/><T35/><REACH who="0" step="1"/><D125/><REACH who="0" ten="240,327,173,250" step="2"/><U25/><E68/><V41/><F67/><W56/><G80/><T32/><D32/><U9/><E25/><V70/><F70/><W16/><G76/><T26/><D26/><U104/><E77/><V135/><F135/><W88/><G43/><T100/><D100/><U81/><E78/><V23/><REACH who="2" step="1"/><F41/><REACH who="2" ten="240,327,163,250" step="2"/><W1/><G90/><T45/><D45/><U15/><E66/><V39/><N who="2" m="9216" /><DORA hai="22" /><V127/><F127/><W40/><G40/><T92/><D92/><AGARI ba="0,2" hai="4,5,7,12,19,23,61,63,84,91,92" m="9216" machi="92" ten="70,8000,1" yaku="1,1,52,3,53,0" doraHai="2,22" doraHaiUra="28,55" who="2" fromWho="0" sc="240,-80,327,0,163,100,250,0" /><INIT seed="2,0,0,4,2,29" ten="160,327,263,250" oya="2" hai0="108,10,7,46,96,101,80,115,13,47,126,58,106" hai1="17,100,54,104,56,63,110,85,25,112,65,9,102" hai2="129,62,14,24,128,55,78,119,32,28,98,23,123" hai3="6,113,99,91,122,60,48,52,20,93,21,134,30"/><V53/><F119/><W84/><G113/><T70/><D70/><U116/><E116/><V41/><F123/><W31/><G122/><T75/><D115/><U120/><E112/><V95/><F78/><W51/><G134/><T121/><D121/><U118/><E120/><V127/><F127/><W5/><G60/><T72/><D108/><U22/><E118/><V39/><F62/><W37/><G37/><T2/><D126/><U105/><E110/><V89/><F41/><W135/><G48/><T64/><D2/><U117/><E117/><V74/><F74/><W57/><G135/><T131/><D131/><N who="2" m="50250" /><F39/><W49/><G49/><T33/><D33/><U86/><E65/><V66/><F66/><W12/><G99/><T38/><D80/><U11/><E63/><V8/><F32/><W59/><G59/><T44/><D64/><U67/><E67/><V18/><AGARI ba="0,0" hai="8,14,18,23,24,28,53,55,89,95,98" m="50250" machi="18" ten="30,1500,0" yaku="19,1" doraHai="29" who="2" fromWho="2" sc="160,-5,327,-5,263,15,250,-5" /><INIT seed="2,1,0,5,5,67" ten="155,322,278,245" oya="2" hai0="6,101,3,40,36,133,108,63,17,131,0,21,34" hai1="52,27,14,120,59,75,89,5,130,69,12,135,53" hai2="42,58,54,56,117,125,116,124,51,93,80,29,111" hai3="83,127,10,76,49,115,129,78,31,134,60,47,126"/><V81/><F29/><W90/><G129/><T98/><D108/><U121/><E75/><V112/><F93/><W41/><G134/><T66/><D34/><U87/><E135/><V18/><F18/><W13/><G115/><T38/><D131/><U96/><E96/><V35/><F35/><W57/><G31/><T25/><D133/><U102/><E102/><V33/><F33/><W91/><G78/><T86/><D86/><U64/><E130/><V95/><F95/><W39/><G39/><T61/><D61/><N who="1" m="40079" /><E27/><V24/><F24/><W70/><G70/><T68/><D40/><U2/><E2/><V92/><F92/><W50/><G50/><T48/><D48/><N who="1" m="31111" /><E53/><N who="2" m="31807" /><F80/><W23/><G23/><T73/><D73/><U82/><E5/><V110/><F42/><W28/><G28/><T104/><REACH who="0" step="1"/><D6/><REACH who="0" ten="145,322,278,245" step="2"/><U8/><E120/><V46/><F110/><W122/><G122/><T37/><AGARI ba="1,1" hai="0,3,17,21,25,36,37,38,63,66,68,98,101,104" machi="37" ten="30,8000,1" yaku="1,1,2,1,0,1,52,1,53,1" doraHai="67" doraHaiUra="99" who="0" fromWho="0" sc="145,93,322,-21,278,-41,245,-21" /><INIT seed="3,0,0,5,1,12" ten="238,301,237,224" oya="3" hai0="70,76,22,35,24,11,116,53,110,81,29,8,92" hai1="25,36,135,107,66,73,119,42,57,98,115,111,121" hai2="2,100,71,45,17,21,3,61,88,46,41,114,38" hai3="86,20,103,52,82,18,126,77,113,123,6,4,93"/><W1/><G113/><T79/><D70/><U43/><E115/><V15/><F114/><W47/><G123/><T68/><D68/><U75/><E121/><V62/><F100/><W108/><G1/><T129/><D116/><U94/><E107/><V10/><F46/><W83/><G126/><T101/><D129/><U34/><E111/><V37/><F37/><W54/><G83/><T80/><D35/><U19/><E119/><V5/><F71/><W9/><G108/><T102/><D110/><U124/><E135/><V106/><F106/><W104/><G104/><T132/><D132/><U134/><E134/><V95/><REACH who="2" step="1"/><F2/><REACH who="2" ten="238,301,227,224" step="2"/><W32/><G32/><T33/><D33/><U87/><E34/><V89/><F89/><W117/><G117/><T26/><D101/><U16/><E124/><V118/><F118/><W128/><G128/><T55/><D102/><N who="1" m="60759" /><E36/><V7/><F7/><N who="3" m="2603" /><G47/><T91/><D91/><U97/><E73/><V120/><F120/><W49/><G9/><T59/><D11/><U131/><E75/><V0/><F0/><W30/><G30/><T13/><D8/><U96/><E131/><V127/><F127/><W109/><G109/><T125/><D125/><U74/><E74/><V40/><F40/><W99/><G49/><T112/><D112/><U130/><E130/><V63/><F63/><W14/><AGARI ba="0,1" hai="14,18,20,52,54,77,82,86,93,99,103" m="2603" machi="14" ten="30,6000,0" yaku="8,1,52,1,54,1" doraHai="12" who="3" fromWho="3" sc="238,-20,301,-20,227,-20,224,70" /><INIT seed="3,1,0,3,4,37" ten="218,281,207,294" oya="3" hai0="126,32,70,17,62,74,3,82,135,12,97,78,108" hai1="71,26,132,99,63,72,56,27,124,8,34,51,86" hai2="121,49,129,127,122,100,69,52,5,112,53,43,109" hai3="7,91,29,120,117,107,98,24,128,85,55,10,96"/><W2/><G117/><T92/><D3/><U93/><E72/><V101/><F112/><W4/><G120/><N who="2" m="46185" /><F69/><W54/><G128/><T105/><D32/><U64/><E124/><V36/><F129/><W20/><G7/><T58/><D105/><U114/><E132/><V116/><F116/><W31/><G31/><T73/><D70/><U39/><E114/><V75/><F75/><W42/><G42/><T22/><D126/><U0/><E39/><V66/><F66/><W40/><G40/><T60/><D135/><U89/><E34/><V125/><F109/><W48/><G107/><T59/><D108/><U88/><E8/><V15/><F36/><W119/><G54/><N who="2" m="21097" /><F125/><W113/><G119/><T77/><D77/><U68/><E0/><V1/><F1/><W102/><G102/><T46/><D46/><U76/><E76/><V65/><F65/><W95/><G113/><T14/><D73/><U87/><E51/><V84/><F84/><W9/><G9/><T103/><REACH who="0" step="1"/><D12/><REACH who="0" ten="208,281,207,294" step="2"/><U28/><E71/><V111/><F111/><W134/><G134/><T67/><D67/><U45/><E68/><V118/><F127/><W35/><G35/><T21/><D21/><N who="1" m="15439" /><E45/><AGARI ba="1,1" hai="2,4,10,20,24,29,45,48,55,85,91,95,96,98" machi="45" ten="30,1500,0" yaku="7,1" doraHai="37" who="3" fromWho="1" sc="208,0,281,-18,207,0,294,28" owari="208,-19.2,263,6.3,207,-29.3,322,42.2" /></mjloggm>