<mjloggm ver="2.3"><GO type="225" lobby="0"/><UN n0="%E9%B3%B3%E6%9D%B1%E3%81%AE%E3%81%BF%E3%81%91%E3%81%AB%E3%82%83%E3%82%93" n1="%33%74%72%65%65" n2="%72%69%6F%75%63%68%61%6E" n3="%E5%86%B7%E5%87%8D%E3%82%AE%E3%83%A7%E3%83%BC%E3%82%B6" dan="17,16,16,17" rate="2146.57,2221.12,2245.34,2203.95" sx="F,F,M,M"/><TAIKYOKU oya="0"/><INIT seed="0,0,0,3,5,8" ten="250,250,250,250" oya="0" hai0="18,78,20,37,65,132,111,19,71,83,96,101,12" hai1="9,108,68,42,50,126,81,102,43,58,48,121,13" hai2="0,47,97,91,127,17,129,72,113,25,29,80,52" hai3="62,33,54,85,99,123,4,94,15,45,106,5,119"/><T75/><D37/><U56/><E121/><V74/><F113/><W124/><G119/><T46/><D132/><U49/><E68/><V57/><F0/><W16/><G33/><T133/><D133/><U82/><E108/><V114/><F114/><W103/><G124/><T67/><D111/><U1/><E1/><V120/><F120/><W44/><G123/><T26/><D46/><N who="3" m="18025" /><G106/><T115/><D71/><U98/><E126/><V135/><F135/><W95/><G95/><T11/><REACH who="0" step="1"/><D115/><REACH who="0" ten="240,250,250,250" step="2"/><U21/><E43/><V30/><F47/><W51/><G62/><T14/><D14/><U88/><E42/><V104/><F127/><W89/><G51/><T39/><D39/><U64/><E48/><V116/><F116/><W36/><G36/><T122/><D122/><U84/><E49/><V31/><F129/><W105/><G15/><T112/><D112/><U55/><E13/><V73/><F57/><W69/><G69/><T3/><D3/><U24/><E58/><V53/><F104/><AGARI ba="0,1" hai="11,12,18,19,20,26,65,67,75,78,83,96,101,104" machi="104" ten="30,5800,0" yaku="1,1,7,1,52,1,53,0" doraHai="8" doraHaiUra="90" who="0" fromWho="2" sc="240,68,250,0,250,-58,250,0" /><INIT seed="0,1,0,3,3,44" ten="308,250,192,250" oya="0" hai0="9,134,93,103,112,32,90,30,116,0,67,29,92" hai1="51,106,54,40,64,77,57,126,120,94,18,76,34" hai2="71,38,3,61,31,27,102,128,69,35,75,135,2" hai3="13,49,10,19,39,20,15,104,50,113,4,11,14"/><T124/><D112/><U99/><E120/><V48/><F38/><W28/><G113/><T87/><D116/><U8/><E126/><V89/><F75/><W66/><G39/><T5/><D124/><U6/><E106/><V41/><F128/><W129/><G104/><T127/><D127/><U12/><E34/><V125/><F125/><W59/><G129/><T60/><D134/><U114/><E114/><V86/><F135/><W72/><G72/><T109/><D109/><U91/><E40/><V1/><F102/><W131/><G131/><T55/><D32/><U130/><E130/><V22/><F35/><W70/><G70/><T95/><D55/><U108/><E108/><V101/><F101/><W96/><G96/><T78/><D78/><N who="1" m="30315" /><E64/><V58/><F41/><W36/><G36/><T84/><D103/><U16/><AGARI ba="1,0" hai="6,8,12,16,18,51,54,57,91,94,99" m="30315" machi="16" ten="30,4000,0" yaku="8,1,52,1,54,1" doraHai="44" who="1" fromWho="1" sc="308,-21,250,43,192,-11,250,-11" /><INIT seed="1,0,0,2,3,96" ten="287,293,181,239" oya="1" hai0="27,37,41,3,101,98,60,23,135,107,26,67,86" hai1="29,2,4,120,83,14,12,121,53,97,132,44,31" hai2="35,63,113,16,32,89,56,42,129,1,133,58,134" hai3="84,110,106,126,7,122,59,52,68,30,11,10,38"/><U131/><E83/><V99/><F1/><W21/><G122/><N who="1" m="47210" /><E97/><V24/><F129/><W19/><G110/><T124/><D3/><U57/><E57/><V64/><F113/><W114/><G114/><T78/><D135/><N who="2" m="51722" /><F42/><W127/><G68/><T61/><D124/><N who="3" m="47657" /><G38/><T112/><D112/><U94/><E132/><V73/><F73/><W87/><G30/><T33/><D41/><U93/><E29/><V111/><F111/><W72/><G106/><T25/><D98/><U9/><E31/><V70/><F32/><W85/><G7/><T75/><D33/><U76/><E4/><V100/><F89/><W123/><G72/><T79/><D75/><U81/><E131/><V45/><F45/><W104/><G104/><T22/><D107/><U117/><E44/><V49/><F49/><N who="3" m="31119" /><G123/><T102/><D37/><U125/><E125/><V62/><F62/><W18/><G18/><T6/><D6/><U82/><E2/><V43/><F43/><W108/><G108/><T15/><D60/><U88/><E76/><V130/><F130/><W103/><G19/><T69/><D78/><U34/><E34/><V92/><F35/><W50/><G50/><T39/><D39/><U0/><E0/><V74/><F74/><W71/><G21/><AGARI ba="0,0" hai="16,21,24,56,58,63,64,70,92,99,100" m="51722" machi="21" ten="30,3900,0" yaku="20,1,52,1,54,1" doraHai="96" who="2" fromWho="3" sc="287,0,293,0,181,39,239,-39" /><INIT seed="2,0,0,1,1,68" ten="287,293,220,200" oya="2" hai0="85,86,124,55,14,10,47,108,98,46,72,44,38" hai1="20,6,37,104,13,84,17,59,76,127,26,42,31" hai2="21,52,129,75,67,53,132,33,50,70,23,36,107" hai3="29,97,19,49,27,117,114,106,8,73,43,12,69"/><V45/><F33/><W65/><G117/><T94/><D72/><U81/><E104/><V2/><F2/><W30/><G73/><T92/><D108/><U5/><E127/><V62/><F107/><W96/><G114/><T25/><D124/><U83/><E59/><N who="2" m="33175" /><F75/><W39/><G49/><T77/><D38/><U58/><E58/><V115/><F115/><W16/><G19/><T133/><D133/><U100/><E100/><V105/><F105/><W48/><G48/><T118/><D118/><U34/><REACH who="1" step="1"/><E81/><REACH who="1" ten="287,283,220,200" step="2"/><V9/><F132/><W40/><G106/><T130/><D46/><AGARI ba="0,1" hai="5,6,13,17,20,26,31,34,37,42,46,76,83,84" machi="46" ten="40,5200,0" yaku="1,1,2,1,52,1,53,0" doraHai="68" doraHaiUra="113" who="1" fromWho="0" sc="287,-52,283,62,220,0,200,0" /><INIT seed="3,0,0,1,3,117" ten="235,345,220,200" oya="3" hai0="68,100,38,82,105,42,59,130,35,18,3,1,2" hai1="27,55,45,108,49,48,50,113,69,74,60,110,101" hai2="91,102,30,89,116,114,44,80,51,73,133,129,126" hai3="14,12,62,28,83,43,7,16,86,106,93,4,67"/><W32/><G106/><T96/><D68/><U134/><E74/><V53/><F114/><W13/><G43/><T131/><D35/><U109/><E113/><V20/><F116/><W81/><G28/><T66/><D82/><N who="3" m="31241" /><G32/><T123/><D123/><U77/><E77/><V41/><F129/><N who="0" m="49162" /><D18/><U132/><E101/><V65/><F126/><W70/><G70/><T99/><D99/><U36/><E27/><N who="2" m="16743" /><F133/><N who="1" m="51305" /><E36/><V94/><F73/><W115/><G115/><T31/><D31/><U9/><E9/><V6/><F80/><W54/><G67/><AGARI ba="0,0" hai="45,48,49,50,55,60,67,69,108,109,110" m="51305" machi="67" ten="40,8000,1" yaku="14,1,20,1,34,2" doraHai="117" who="1" fromWho="3" sc="235,0,345,80,220,0,200,-80" owari="235,3.5,425,52.5,220,-18.0,120,-38.0" /></mjloggm>