<mjloggm ver="2.3"><GO type="225" lobby="0"/><UN n0="%E3%82%82%E3%81%90%E3%82%89" n1="%28%EF%BF%A3%E2%96%BD%EF%BF%A3%29%CE%B4%E2%8C%92%E3%83%BB" n2="%72%69%6F%75%63%68%61%6E" n3="%63%68%78%62%64" dan="17,16,16,16" rate="2210.82,2121.16,2116.50,2145.53" sx="F,M,M,M"/><TAIKYOKU oya="0"/><INIT seed="0,0,0,5,5,0" ten="250,250,250,250" oya="0" hai0="76,8,125,130,25,4,16,19,98,128,117,13,27" hai1="59,12,17,111,44,119,81,75,65,100,54,70,97" hai2="86,43,18,67,47,41,93,29,45,1,62,56,78" hai3="30,108,72,5,63,83,68,103,23,2,112,102,74"/><T42/><D117/><U96/><E119/><V120/><F120/><W122/><G112/><T64/><D76/><U37/><E111/><V131/><F131/><N who="0" m="50218" /><D125/><U91/><E70/><V84/><F1/><W33/><G122/><T126/><D126/><U109/><E65/><V116/><F116/><W55/><G33/><T60/><D42/><U22/><E109/><V114/><F114/><W113/><G113/><T104/><D104/><U36/><E44/><V34/><F34/><W105/><G108/><T48/><D48/><U95/><E75/><V14/><F29/><W123/><G30/><T10/><D98/><U101/><E101/><V73/><F73/><W32/><G103/><T66/><D66/><U99/><E81/><N who="2" m="47159" /><F41/><W132/><G102/><T61/><D61/><U92/><E99/><V38/><F38/><W107/><G63/><AGARI ba="0,0" hai="12,17,22,36,37,54,59,63,91,92,95,96,97,100" machi="63" ten="30,1000,0" yaku="7,1" doraHai="0" who="1" fromWho="3" sc="250,0,250,10,250,0,250,-10" /><INIT seed="1,0,0,2,1,15" ten="250,260,250,240" oya="1" hai0="8,1,133,110,101,74,63,109,5,56,48,124,17" hai1="104,130,29,3,11,106,12,21,135,58,88,46,89" hai2="117,31,6,25,132,123,115,95,36,128,108,93,57" hai3="30,7,97,80,76,37,67,32,125,52,86,78,83"/><U126/><E3/><V27/><F117/><W16/><G37/><T10/><D74/><U47/><E126/><V65/><F123/><W84/><G125/><T24/><D124/><U60/><E130/><V129/><F36/><W18/><G7/><T20/><D133/><U62/><E135/><V44/><F132/><W4/><G4/><T2/><D101/><U72/><E72/><V112/><F108/><N who="0" m="41578" /><D48/><U9/><E12/><V107/><F107/><W81/><G67/><N who="0" m="39399" /><D8/><U41/><E58/><V0/><F44/><W90/><G52/><T100/><D100/><U50/><E50/><V77/><F57/><W79/><G32/><T98/><D98/><U70/><E29/><V120/><F65/><W91/><G30/><T105/><D2/><U34/><E21/><V51/><F51/><W14/><G97/><T49/><D49/><U40/><REACH who="1" step="1"/><E70/><REACH who="1" ten="250,250,250,240" step="2"/><V35/><F25/><W38/><G38/><T42/><D42/><U68/><E68/><V39/><F39/><W113/><G113/><N who="2" m="43593" /><F120/><W28/><G28/><T73/><D73/><U23/><E23/><V127/><F127/><W43/><G43/><T119/><D119/><U122/><E122/><V64/><F0/><W82/><G14/><T75/><D75/><U85/><E85/><V118/><F118/><W94/><AGARI ba="0,1" hai="16,18,76,78,79,80,81,82,83,84,86,90,91,94" machi="94" ten="30,8000,1" yaku="0,1,8,1,52,2,54,1" doraHai="15" who="3" fromWho="3" sc="250,-20,250,-40,250,-20,240,90" /><INIT seed="2,0,0,2,3,79" ten="230,210,230,330" oya="2" hai0="16,103,114,119,33,100,97,91,37,87,41,40,135" hai1="20,51,68,48,34,110,122,32,94,133,35,6,0" hai2="115,47,50,39,105,12,130,128,82,24,43,42,69" hai3="3,83,108,46,121,84,81,45,75,99,66,70,59"/><V53/><F115/><W21/><G70/><T125/><D114/><U22/><E68/><V101/><F69/><W9/><G121/><T71/><D71/><U96/><E122/><V120/><F120/><W117/><G117/><T72/><D125/><U61/><E61/><V118/><F118/><W107/><G108/><T17/><D119/><U124/><E110/><V13/><F24/><W62/><G21/><T29/><D72/><U27/><E124/><V8/><F12/><W86/><G75/><T38/><D135/><U49/><E133/><V134/><F134/><W74/><G74/><T95/><D38/><U14/><E0/><V89/><F101/><W123/><G123/><T11/><D103/><U88/><REACH who="1" step="1"/><E27/><REACH who="1" ten="230,200,230,330" step="2"/><V113/><F113/><W2/><G62/><T5/><D37/><U31/><E31/><V4/><F105/><W126/><G107/><T129/><D29/><U65/><E65/><V52/><F42/><W25/><G25/><T92/><D41/><U131/><E131/><N who="2" m="50219" /><F39/><W57/><G66/><T26/><D40/><U58/><E58/><V111/><F111/><W55/><G126/><T106/><D129/><U127/><E127/><V112/><F112/><W132/><G132/><T78/><D106/><U64/><E64/><V102/><F102/><W15/><G55/><T104/><D104/><U80/><E80/><V67/><F67/><W1/><G1/><T90/><D26/><U109/><E109/><V85/><AGARI ba="0,1" hai="4,8,13,43,47,50,52,53,82,85,89" m="50219" machi="85" ten="30,6000,0" yaku="19,1,52,1,54,1" doraHai="79" who="2" fromWho="2" sc="230,-20,200,-20,230,70,330,-20" /><INIT seed="2,1,0,1,3,109" ten="210,180,300,310" oya="2" hai0="101,46,68,71,3,112,60,45,134,67,115,26,73" hai1="12,27,127,135,111,133,53,22,44,9,19,6,105" hai2="54,30,32,5,37,74,52,18,50,114,36,125,100" hai3="126,90,122,132,80,51,106,41,107,75,78,85,20"/><V77/><F114/><W113/><G122/><T39/><D73/><U89/><E105/><V16/><F125/><W61/><G126/><T7/><D3/><U116/><E127/><V63/><F5/><W97/><G132/><T93/><D7/><U104/><E104/><V10/><F100/><W76/><G113/><N who="0" m="43595" /><D93/><U17/><E111/><V119/><F119/><W14/><G78/><T65/><D26/><U88/><E116/><V102/><F102/><W108/><G108/><T94/><D94/><U92/><E6/><V130/><F63/><W118/><G61/><N who="0" m="39983" /><D101/><U72/><E72/><V2/><F2/><W15/><G118/><T58/><D134/><N who="1" m="51211" /><E92/><V23/><F32/><W96/><G75/><T29/><D29/><U49/><AGARI ba="1,0" hai="9,12,17,19,22,27,44,49,53,88,89" m="51211" machi="49" ten="30,2000,0" yaku="20,1,54,1" doraHai="109" who="1" fromWho="1" sc="210,-6,180,23,300,-11,310,-6" /><INIT seed="3,0,0,4,2,84" ten="204,203,289,304" oya="3" hai0="59,31,67,123,35,28,34,104,98,118,113,53,106" hai1="19,130,119,44,54,129,78,87,17,42,24,49,6" hai2="61,94,66,45,63,90,51,68,126,0,114,71,135" hai3="89,4,133,82,2,128,20,29,21,121,79,103,58"/><W112/><G121/><T85/><D123/><U100/><E119/><V88/><F114/><W38/><G112/><T14/><D118/><U18/><E100/><V64/><F0/><W125/><G128/><N who="1" m="49258" /><E6/><V52/><F126/><W39/><G133/><T101/><D113/><U23/><E54/><V12/><F135/><W127/><G89/><T36/><D36/><U11/><E11/><V97/><F12/><W43/><G58/><T9/><D67/><U7/><E7/><V33/><F33/><W56/><G56/><T57/><D106/><U110/><E110/><V105/><F105/><W1/><G103/><AGARI ba="0,0" hai="45,51,52,61,63,64,66,68,71,88,90,94,97,103" machi="103" ten="30,12000,2" yaku="7,1,9,1,52,2,54,2" doraHai="84" who="2" fromWho="3" sc="204,0,203,0,289,120,304,-120" owari="204,0.4,203,-19.7,409,50.9,184,-31.6" /></mjloggm>