<mjloggm ver="2.3"><GO type="225" lobby="0"/><UN n0="%E2%91%A3%E9%81%BF%E9%81%8A%E6%88%AF%E3%80%90%E6%9D%B1%E5%8D%97%E3%80%91" n1="%E3%83%B4%E3%82%A3%E3%83%AF%E3%82%B3%E3%82%B0%E3%83%8B" n2="%6D%75%75%6D%75%72%61" n3="%53%63%61%6E%64%61%6C" dan="16,16,16,16" rate="2068.94,2173.57,2141.08,2130.64" sx="M,M,F,M"/><TAIKYOKU oya="0"/><INIT seed="0,0,0,5,1,113" ten="250,250,250,250" oya="0" hai0="78,71,6,15,72,77,27,112,109,128,49,135,133" hai1="41,48,23,111,110,20,18,87,73,43,55,39,64" hai2="19,36,90,70,66,68,4,21,82,118,56,13,17" hai3="114,22,33,89,11,106,58,122,14,10,16,120,104"/><T84/><D112/><U57/><E73/><V50/><F36/><W132/><G114/><T130/><D71/><U47/><E41/><V124/><F124/><W127/><G132/><N who="0" m="50763" /><D27/><U12/><E23/><V29/><F4/><W99/><G127/><T95/><D49/><U108/><E64/><V103/><F29/><W119/><G33/><T0/><D0/><U76/><E76/><N who="0" m="29289" /><D6/><U80/><E80/><V30/><F103/><W35/><G119/><T93/><D15/><U98/><E98/><V134/><F30/><W61/><G35/><T67/><D67/><U45/><REACH who="1" step="1"/><E87/><REACH who="1" ten="250,240,250,250" step="2"/><V100/><F66/><N who="3" m="39223" /><G99/><T62/><D72/><U8/><E8/><N who="3" m="3114" /><G89/><N who="0" m="53415" /><D62/><U34/><E34/><V63/><F63/><W81/><G81/><T7/><D7/><U117/><E117/><V86/><F118/><W116/><G116/><T24/><D24/><U96/><E96/><V105/><F82/><W85/><G85/><T53/><D53/><U46/><AGARI ba="0,1" hai="12,18,20,39,43,45,46,47,48,55,57,108,110,111" machi="46" ten="40,12000,2" yaku="1,1,0,1,14,1,53,3" doraHai="113" doraHaiUra="42" who="1" fromWho="1" sc="250,-60,240,130,250,-30,250,-30" /><INIT seed="1,0,0,2,4,119" ten="190,370,220,220" oya="1" hai0="3,103,126,96,4,23,82,105,41,133,121,134,66" hai1="102,17,90,127,48,34,83,57,68,58,32,15,113" hai2="92,26,45,24,18,111,129,7,6,100,89,116,10" hai3="46,97,88,50,123,98,22,71,20,67,70,81,29"/><U79/><E113/><V122/><F116/><W35/><G123/><T56/><D41/><U80/><E68/><V91/><F122/><W75/><G35/><T110/><D121/><U95/><E127/><V118/><F118/><W65/><G29/><T73/><D126/><U99/><E102/><V42/><F111/><W63/><G75/><T112/><D112/><U93/><E93/><V55/><F129/><W78/><G78/><T60/><D110/><U25/><E80/><V11/><F55/><W21/><G98/><T9/><REACH who="0" step="1"/><D23/><REACH who="0" ten="180,370,220,220" step="2"/><U12/><E32/><V84/><F84/><BYE who="2" /><N who="3" m="50191" /><G21/><T37/><D37/><U38/><E38/><V128/><F128/><W86/><G86/><T47/><D47/><U77/><E34/><V16/><F16/><W27/><G20/><T44/><D44/><U5/><E17/><V87/><F87/><W64/><G97/><UN n2="%6D%75%75%6D%75%72%61" /><T101/><D101/><U124/><E99/><V125/><F125/><W94/><G22/><T61/><D61/><U19/><E19/><V31/><F18/><W43/><G63/><T49/><D49/><U72/><E48/><V33/><F100/><W117/><G117/><T53/><D53/><U52/><E52/><V59/><F42/><W40/><G40/><T28/><D28/><U74/><E124/><V0/><F45/><W1/><G46/><T62/><D62/><U114/><E114/><V8/><F31/><W13/><G43/><T115/><D115/><U135/><E72/><V104/><F33/><W85/><G85/><T36/><D36/><U51/><E74/><V132/><F59/><W69/><G69/><RYUUKYOKU ba="0,1" sc="180,30,370,-10,220,-10,220,-10" hai0="3,4,9,56,60,66,73,82,96,103,105,133,134" /><INIT seed="2,1,1,2,1,112" ten="210,360,210,210" oya="2" hai0="24,102,75,35,89,19,128,47,94,16,57,61,36" hai1="20,117,104,103,84,126,53,87,85,135,99,5,23" hai2="25,55,109,91,83,64,98,73,11,69,22,77,32" hai3="100,121,41,95,60,127,74,116,40,34,12,72,70"/><V0/><F32/><W71/><G121/><T48/><D36/><U42/><E117/><V52/><F109/><W6/><G127/><T46/><D75/><U33/><E33/><V125/><F125/><W21/><G34/><T110/><D110/><U31/><E31/><V67/><F91/><W119/><G100/><T101/><D35/><U30/><E30/><V14/><F98/><W79/><G95/><T49/><D128/><U8/><E42/><V65/><F0/><W78/><G60/><T2/><D2/><U50/><E135/><V44/><F69/><W66/><G66/><T18/><D24/><U45/><REACH who="1" step="1"/><E126/><REACH who="1" ten="210,350,210,210" step="2"/><V93/><F44/><W81/><G41/><T106/><D47/><U54/><E54/><V3/><F55/><W62/><G40/><T7/><D46/><U88/><E88/><V115/><F52/><W29/><G29/><T58/><D102/><U134/><E134/><V80/><F115/><W108/><G108/><T118/><D101/><U17/><E17/><V105/><F67/><W26/><G116/><T9/><D118/><U130/><E130/><V76/><F65/><W133/><G119/><T86/><D106/><U113/><E113/><V51/><F64/><W124/><G124/><T63/><D58/><U15/><AGARI ba="1,2" hai="5,8,15,20,23,45,50,53,84,85,87,99,103,104" machi="15" ten="30,2000,0" yaku="1,1,0,1,53,0" doraHai="112" doraHaiUra="28" who="1" fromWho="1" sc="210,-6,350,43,210,-11,210,-6" /><INIT seed="3,0,0,1,0,45" ten="204,393,199,204" oya="3" hai0="99,17,97,69,42,41,5,64,108,101,16,67,57" hai1="53,73,119,9,79,13,1,59,46,124,55,27,132" hai2="93,22,135,82,76,84,19,75,110,96,39,134,43" hai3="121,77,106,15,11,86,107,25,31,65,98,89,47"/><W109/><G121/><T0/><D108/><U32/><E1/><V35/><F110/><W90/><G109/><T37/><D69/><U70/><E70/><V36/><F35/><W23/><G65/><T87/><D0/><U33/><E79/><V88/><F75/><W71/><G71/><T48/><D37/><U81/><E81/><V126/><F126/><W63/><G63/><T44/><D5/><U66/><E73/><V20/><F20/><W120/><G120/><T40/><D87/><U12/><E132/><N who="2" m="50731" /><F43/><N who="0" m="16458" /><D101/><U95/><E53/><V56/><F56/><W21/><G21/><T100/><D100/><U52/><E95/><V92/><F92/><N who="3" m="56591" /><G106/><T4/><D4/><U29/><E13/><AGARI ba="0,0" hai="13,19,22,36,39,76,82,84,88,93,96" m="50731" machi="13" ten="30,2000,0" yaku="20,1,54,1" doraHai="45" who="2" fromWho="1" sc="204,0,393,-20,199,20,204,0" owari="204,-19.6,373,47.3,219,1.9,204,-29.6" /></mjloggm>