<mjloggm ver="2.3"><GO type="225" lobby="0"/><UN n0="%E3%83%B4%E3%82%A3%E3%83%AF%E3%82%B3%E3%82%B0%E3%83%8B" n1="%E3%81%82%E3%81%99%E3%81%AB%E3%82%83%E3%82%80" n2="%E3%83%87%E3%83%A9%E3%82%B3%E3%83%83%E3%82%B3" n3="%E7%B4%94%E6%BD%94%E3%83%94%E3%83%A9%E3%83%8B%E3%82%A2" dan="16,16,16,18" rate="2154.05,2137.61,2131.38,2210.32" sx="M,F,M,M"/><TAIKYOKU oya="0"/><INIT seed="0,0,0,2,3,11" ten="250,250,250,250" oya="0" hai0="79,135,20,74,49,76,62,117,39,19,99,67,58" hai1="106,24,78,95,43,115,34,97,2,122,107,128,14" hai2="42,38,65,134,29,54,71,21,100,22,72,130,1" hai3="94,118,36,61,104,132,70,110,133,31,90,52,66"/><T56/><D117/><U28/><E2/><V116/><F116/><W4/><G104/><T92/><D39/><U18/><E122/><V109/><F72/><W102/><G102/><T50/><D135/><N who="3" m="51785" /><G118/><T85/><D74/><U53/><E43/><V131/><F134/><W60/><G36/><T64/><D64/><U33/><E33/><V129/><F1/><W83/><G4/><T16/><D19/><U123/><E128/><V80/><F109/><W10/><G10/><T86/><D86/><U12/><E78/><N who="0" m="29737" /><D85/><U37/><E37/><V0/><F0/><W26/><G83/><T77/><N who="0" m="29745" /><T88/><DORA hai="45" /><D56/><U113/><E123/><V75/><F100/><W32/><G110/><T5/><D5/><U15/><E18/><V44/><F80/><W40/><G90/><T6/><D6/><U120/><E120/><V121/><F75/><W114/><G94/><T35/><D35/><U98/><E98/><V126/><F121/><W125/><G114/><N who="1" m="43530" /><E53/><V93/><F93/><W111/><G111/><T127/><D127/><U41/><E41/><V91/><F91/><AGARI ba="0,0" hai="12,14,15,24,28,34,91,95,97,106,107" m="43530" machi="91" ten="30,7700,0" yaku="11,1,52,3" doraHai="11,45" who="1" fromWho="2" sc="250,0,250,77,250,-77,250,0" /><INIT seed="1,0,0,0,0,109" ten="250,327,173,250" oya="1" hai0="20,53,83,110,126,39,17,47,131,98,8,45,63" hai1="14,61,135,122,44,92,38,35,93,94,65,100,62" hai2="74,130,42,54,128,120,78,117,56,32,27,40,108" hai3="123,121,29,3,77,49,11,129,23,37,52,69,64"/><U59/><E122/><V87/><F120/><W97/><G37/><T36/><D110/><U46/><E35/><V75/><F108/><W4/><G129/><N who="2" m="49769" /><F117/><W133/><G133/><T71/><D131/><U57/><E135/><V85/><F27/><W113/><G113/><T79/><D126/><U84/><E38/><V118/><F32/><W58/><G77/><T26/><D8/><U82/><E100/><V13/><F13/><W80/><G80/><T86/><D36/><U124/><E14/><V6/><F6/><W70/><G97/><T21/><D98/><U73/><E73/><N who="2" m="27659" /><F118/><W16/><G29/><T66/><D39/><U0/><E0/><V81/><F87/><W114/><G114/><T102/><D53/><N who="1" m="33967" /><E124/><V115/><F115/><W28/><G28/><T41/><D41/><U90/><AGARI ba="0,0" hai="44,46,59,62,65,82,84,90,92,93,94" m="33967" machi="90" ten="30,1500,0" yaku="8,1" doraHai="109" who="1" fromWho="1" sc="250,-5,327,15,173,-5,250,-5" /><INIT seed="1,1,0,5,1,39" ten="245,342,168,245" oya="1" hai0="92,2,94,96,111,56,104,67,134,54,48,55,76" hai1="5,72,33,135,124,60,37,116,32,103,87,51,40" hai2="106,110,45,112,15,7,50,63,49,119,1,97,3" hai3="81,71,95,21,107,17,13,129,46,108,85,14,61"/><U79/><E116/><V20/><F110/><W53/><G107/><T25/><D111/><U118/><E118/><V74/><F119/><W42/><G129/><T90/><D2/><U127/><E135/><V93/><F112/><W98/><G108/><T66/><D104/><U9/><E103/><V30/><F74/><W44/><G71/><T28/><D76/><U115/><E115/><V123/><F123/><W99/><G14/><T22/><D134/><U34/><E60/><V91/><F106/><W120/><G120/><T105/><D105/><U131/><E131/><V52/><F63/><W43/><G61/><T4/><D4/><U77/><E51/><V80/><F80/><W23/><G23/><T47/><REACH who="0" step="1"/><D92/><REACH who="0" ten="235,342,168,245" step="2"/><U78/><E79/><V88/><F1/><W6/><G6/><T102/><D102/><U86/><E78/><V114/><F3/><W73/><G73/><T10/><D10/><U35/><E77/><V58/><F114/><W59/><G81/><T121/><D121/><U82/><E82/><V117/><F117/><W101/><G98/><T68/><D68/><U125/><E72/><V113/><F113/><W70/><G70/><T64/><D64/><U126/><E126/><V19/><F7/><W29/><G85/><T62/><AGARI ba="1,1" hai="22,25,28,47,48,54,55,56,62,66,67,90,94,96" machi="62" ten="20,8000,1" yaku="1,1,0,1,7,1,8,1,53,1" doraHai="39" doraHaiUra="16" who="0" fromWho="0" sc="235,93,342,-41,168,-21,245,-21" /><INIT seed="2,0,0,2,5,59" ten="328,301,147,224" oya="2" hai0="46,130,0,38,102,63,26,4,50,31,70,17,69" hai1="85,89,81,14,109,40,126,116,107,8,104,18,113" hai2="55,131,67,41,62,16,91,19,9,121,76,30,22" hai3="66,23,60,100,52,75,1,58,93,72,127,134,86"/><V37/><F121/><W39/><G1/><T83/><D38/><U108/><E116/><V57/><F131/><W96/><G127/><T79/><D102/><U10/><E113/><V34/><F76/><W115/><G134/><T33/><D130/><U84/><E126/><V15/><F34/><W6/><G6/><T47/><D17/><U101/><E40/><V27/><F37/><W87/><G39/><T35/><D35/><U112/><E112/><V128/><F128/><W42/><G42/><T105/><D105/><U64/><E64/><V11/><F41/><W71/><G115/><T133/><D133/><U129/><E129/><V103/><F103/><W132/><G132/><T24/><D24/><U95/><E101/><V123/><F123/><W56/><G71/><T120/><D120/><U65/><E65/><V49/><F91/><W110/><G110/><T111/><D111/><N who="1" m="42571" /><E8/><V78/><F78/><AGARI ba="0,0" hai="10,14,18,78,81,84,85,89,95,104,107" m="42571" machi="78" ten="30,1000,0" yaku="14,1" doraHai="59" who="1" fromWho="2" sc="328,0,301,10,147,-10,224,0" /><INIT seed="3,0,0,4,2,69" ten="328,311,137,224" oya="3" hai0="81,75,51,40,19,55,93,133,27,67,43,115,99" hai1="76,126,38,17,104,128,125,3,62,101,2,92,42" hai2="47,45,31,54,10,58,8,59,24,103,64,84,15" hai3="127,90,110,120,122,56,119,102,9,63,60,33,50"/><W112/><G33/><T105/><D105/><U44/><E128/><V71/><F71/><W23/><G112/><T96/><D115/><U28/><E104/><V16/><F103/><W32/><G32/><T85/><D75/><U25/><E17/><V70/><F70/><W108/><G102/><N who="0" m="60687" /><D67/><U20/><E76/><V72/><F72/><W6/><G119/><T113/><D99/><N who="1" m="59623" /><E62/><V106/><F106/><W48/><G90/><N who="0" m="51503" /><D133/><U49/><E49/><N who="3" m="19050" /><G23/><N who="0" m="13823" /><D113/><U61/><E61/><N who="3" m="23626" /><G56/><AGARI ba="0,0" hai="40,43,51,55,56" m="13823,51503,60687" machi="56" ten="30,1000,0" yaku="8,1" doraHai="69" who="0" fromWho="3" sc="328,10,311,0,137,0,224,-10" owari="338,43.8,311,11.1,137,-36.3,214,-18.6" /></mjloggm>