<mjloggm ver="2.3"><GO type="225" lobby="0"/><UN n0="%E5%B0%8F%E9%B3%A5%E9%81%8A%E7%B7%B4%E7%84%A1%32%31%E6%AD%B3" n1="%E3%82%A2%E3%82%A4%E3%82%B9%E3%83%86%E3%82%A3%E3%83%BC%E3%81%82%E3%81%B9" n2="%E3%82%82%E3%81%90%E3%82%89" n3="%E6%B8%A1%E5%A4%A9%E8%97%8D" dan="16,16,17,16" rate="2201.49,2129.80,2199.57,2105.55" sx="F,M,F,M"/><TAIKYOKU oya="0"/><INIT seed="0,0,0,0,0,105" ten="250,250,250,250" oya="0" hai0="109,15,94,16,71,66,113,31,122,28,36,0,5" hai1="118,61,108,52,18,34,92,82,4,26,93,27,12" hai2="100,128,13,60,125,115,39,51,22,98,62,45,124" hai3="112,29,46,2,35,25,85,79,10,48,89,88,123"/><T116/><D116/><U32/><E118/><V19/><F39/><W106/><G112/><T117/><D117/><U132/><E108/><V72/><F115/><W58/><G106/><T69/><D113/><U74/><E4/><V96/><F128/><W97/><G123/><T103/><D122/><U129/><E129/><V120/><F120/><W95/><G58/><T80/><D36/><U83/><E132/><V133/><F133/><W41/><G79/><T126/><D126/><N who="2" m="48746" /><F96/><W78/><G78/><T76/><D5/><U114/><E114/><V9/><F9/><W44/><G44/><T91/><D103/><U49/><E61/><V110/><F110/><W1/><REACH who="3" step="1"/><G10/><REACH who="3" ten="250,250,250,240" step="2"/><T20/><D109/><U57/><E57/><V65/><F65/><W68/><G68/><T70/><D66/><U37/><E37/><V73/><F62/><W77/><G77/><T99/><REACH who="0" step="1"/><D0/><REACH who="0" ten="240,250,250,240" step="2"/><U111/><E111/><V56/><F60/><W50/><G50/><T24/><D24/><U23/><E27/><V90/><F56/><W63/><G63/><T7/><D7/><U59/><E26/><V30/><F90/><W55/><G55/><T11/><D11/><U86/><E52/><N who="2" m="29807" /><F30/><W3/><G3/><T102/><D102/><U87/><E59/><V134/><F134/><W40/><G40/><T43/><D43/><U64/><E64/><V47/><F47/><W81/><AGARI ba="0,2" hai="1,2,25,29,35,41,46,48,81,85,88,89,95,97" machi="81" ten="20,5200,0" yaku="1,1,0,1,7,1,54,1,53,0" doraHai="105" doraHaiUra="119" who="3" fromWho="3" sc="240,-26,250,-13,250,-13,240,72" /><INIT seed="1,0,0,1,2,13" ten="214,237,237,312" oya="1" hai0="23,70,112,68,119,105,107,73,86,94,98,123,114" hai1="121,53,126,117,62,69,92,127,24,99,78,46,2" hai2="39,18,82,33,93,118,120,110,4,134,111,132,26" hai3="87,21,90,9,101,37,85,64,40,57,34,91,3"/><U89/><E121/><V43/><F120/><W14/><G34/><T29/><D123/><U61/><E117/><V19/><F118/><W106/><G3/><T80/><D119/><U5/><E78/><V31/><F4/><W125/><G125/><N who="1" m="47626" /><E24/><V116/><F116/><W128/><G128/><T7/><D7/><U38/><E69/><V8/><F93/><W115/><G115/><T0/><D0/><U113/><E113/><V10/><F82/><W36/><G40/><T32/><D73/><U27/><E27/><V42/><F42/><W97/><G21/><T108/><D23/><U41/><E53/><V17/><F8/><AGARI ba="0,0" hai="2,5,8,38,41,46,61,62,89,92,99" m="47626" machi="8" ten="30,1500,0" yaku="18,1" doraHai="13" who="1" fromWho="2" sc="214,0,237,15,237,-15,312,0" /><INIT seed="1,1,0,2,2,107" ten="214,252,222,312" oya="1" hai0="15,105,61,30,53,88,104,65,68,91,130,45,63" hai1="23,121,62,82,1,31,29,20,117,69,84,27,21" hai2="49,10,135,50,17,95,9,92,128,109,34,75,112" hai3="46,78,83,131,8,122,125,51,6,70,86,7,114"/><U37/><E37/><V48/><F34/><W26/><G70/><T89/><D130/><U40/><E40/><V42/><F128/><W14/><G114/><T110/><D110/><U39/><E39/><V38/><F109/><W103/><G122/><T71/><D30/><U111/><E111/><V73/><F112/><W22/><G131/><T106/><D15/><U52/><E121/><V4/><F135/><W126/><G103/><T129/><D129/><U113/><E113/><V98/><F17/><W124/><G6/><T120/><D120/><U96/><E1/><V55/><F55/><W134/><G134/><T58/><D45/><U33/><E117/><V74/><F98/><W87/><G87/><T97/><REACH who="0" step="1"/><D68/><REACH who="0" ten="204,252,222,312" step="2"/><U123/><E31/><V102/><F102/><AGARI ba="1,1" hai="53,58,61,63,65,71,88,89,91,97,102,104,105,106" machi="102" ten="40,5200,0" yaku="1,1,2,1,54,1,53,0" doraHai="107" doraHaiUra="11" who="0" fromWho="2" sc="204,65,252,0,222,-55,312,0" /><INIT seed="2,0,0,4,3,77" ten="269,252,167,312" oya="2" hai0="85,87,106,33,48,74,99,30,34,51,69,9,53" hai1="124,134,42,120,121,94,93,131,60,86,49,73,26" hai2="6,113,102,65,103,96,89,0,76,36,23,92,1" hai3="45,19,78,21,125,11,84,127,83,109,133,105,16"/><V2/><F113/><W88/><G105/><T18/><D74/><U4/><E73/><V22/><F36/><W116/><G116/><T91/><D69/><U44/><E124/><N who="3" m="47690" /><G109/><T128/><D128/><U123/><E131/><V80/><F65/><W79/><G133/><T27/><D34/><U95/><E134/><V90/><F6/><W37/><G11/><T68/><D68/><U10/><E60/><V67/><F67/><W12/><G19/><T7/><D18/><U14/><REACH who="1" step="1"/><E26/><REACH who="1" ten="269,242,167,312" step="2"/><V13/><F103/><W52/><G37/><T75/><D75/><U72/><E72/><V115/><F115/><W111/><G111/><T61/><D61/><U81/><E81/><V31/><F31/><W64/><G64/><T56/><D30/><U29/><E29/><V130/><F130/><W28/><G28/><T55/><D27/><U104/><E104/><V24/><F24/><W40/><G40/><T101/><D106/><U98/><E98/><V39/><F39/><W32/><G32/><T107/><D33/><U15/><E15/><V108/><F108/><W50/><AGARI ba="0,1" hai="12,16,21,45,50,52,78,79,83,84,88" m="47690" machi="50" ten="30,8000,1" yaku="18,1,52,1,54,3" doraHai="77" who="3" fromWho="3" sc="269,-20,242,-20,167,-40,312,90" /><INIT seed="3,0,0,2,5,40" ten="249,222,127,402" oya="3" hai0="111,6,97,66,44,50,109,129,78,69,60,65,26" hai1="77,134,72,47,21,28,36,81,83,100,29,12,42" hai2="118,74,115,98,132,105,23,51,46,58,19,80,108" hai3="1,49,90,16,120,103,94,22,9,43,124,17,85"/><W33/><G33/><T93/><D78/><U117/><E134/><V13/><F108/><N who="0" m="41546" /><D129/><U92/><E117/><V113/><F132/><W48/><G124/><T119/><D119/><U127/><E127/><V84/><F118/><W63/><G63/><T107/><D107/><U131/><E131/><V104/><F58/><W76/><G49/><T70/><D6/><U62/><E62/><V89/><F74/><W55/><G9/><T128/><D26/><U71/><E71/><N who="0" m="27145" /><D60/><U5/><E83/><V31/><F31/><W68/><G17/><T121/><D121/><U39/><E36/><V96/><F105/><W91/><G91/><N who="0" m="55487" /><D128/><U73/><E73/><V54/><REACH who="2" step="1"/><F104/><REACH who="2" ten="249,222,117,402" step="2"/><W15/><G120/><T130/><D130/><U64/><E29/><V133/><F133/><W116/><G68/><T95/><D95/><U122/><E28/><V32/><F32/><W125/><G125/><T25/><D66/><U67/><E122/><V126/><F126/><W18/><G94/><T87/><D65/><U8/><E67/><V99/><AGARI ba="0,1" hai="13,19,23,46,51,54,80,84,89,96,98,99,113,115" machi="99" ten="30,4000,0" yaku="1,1,0,1,52,1,53,0" doraHai="40" doraHaiUra="30" who="2" fromWho="2" sc="249,-10,222,-10,117,50,402,-20" owari="239,3.9,212,-18.8,167,-33.3,382,48.2" /></mjloggm>