<mjloggm ver="2.3"><GO type="225" lobby="0"/><UN n0="%E3%82%BC%E3%83%AB%E3%83%80%E3%81%AE%E4%BC%9D%E8%AA%AC" n1="%E3%81%8B%E3%82%8F%E3%81%A1%E3%82%83%E3%82%93%35%38" n2="%33%74%72%65%65" n3="%28%EF%BF%A3%E2%96%BD%EF%BF%A3%29%CE%B4%E2%8C%92%E3%83%BB" dan="17,17,16,16" rate="2222.99,2211.54,2190.94,2148.27" sx="M,M,F,M"/><TAIKYOKU oya="0"/><INIT seed="0,0,0,3,1,52" ten="250,250,250,250" oya="0" hai0="5,95,39,10,105,119,135,31,29,111,1,21,78" hai1="98,66,113,89,9,46,88,17,61,24,107,44,23" hai2="114,3,0,127,123,51,63,122,134,15,117,54,8" hai3="20,87,38,84,37,109,110,33,77,56,19,133,132"/><T90/><D119/><U73/><E73/><V64/><F114/><W69/><G69/><T131/><D105/><U70/><E113/><V41/><F117/><W85/><G77/><T72/><D135/><N who="3" m="51785" /><G33/><T112/><D112/><U104/><E9/><V16/><F134/><W13/><G56/><T18/><D39/><AGARI ba="0,0" hai="13,19,20,37,38,39,84,85,87,109,110" m="51785" machi="39" ten="40,1300,0" yaku="20,1" doraHai="52" who="3" fromWho="0" sc="250,-13,250,0,250,0,250,13" /><INIT seed="1,0,0,4,4,88" ten="237,250,250,263" oya="1" hai0="41,73,0,19,100,134,76,84,92,42,64,85,80" hai1="34,6,124,70,52,127,44,11,18,17,89,71,1" hai2="16,20,45,107,128,122,30,74,83,29,93,23,14" hai3="110,69,105,54,5,28,101,114,53,60,119,123,68"/><U86/><E34/><V104/><F122/><W25/><G5/><T50/><D0/><U91/><E91/><V59/><F128/><W39/><G39/><T63/><D134/><U21/><E44/><V77/><F45/><W48/><G123/><T36/><D36/><U78/><E78/><V130/><F130/><W9/><G9/><T51/><D73/><U72/><E72/><V55/><F93/><W2/><G2/><T125/><D125/><N who="1" m="48203" /><E52/><V46/><F46/><W129/><G54/><T115/><D115/><U38/><E38/><V33/><F33/><W3/><G53/><T35/><D35/><U47/><E47/><V24/><REACH who="2" step="1"/><F30/><REACH who="2" ten="237,250,240,263" step="2"/><W120/><G28/><T131/><D131/><U99/><E99/><V87/><F87/><W112/><G129/><T31/><D31/><U135/><E135/><V66/><F66/><W40/><G120/><T4/><D85/><U32/><E32/><V109/><F109/><W56/><G110/><T15/><D64/><U37/><E37/><V10/><F10/><W8/><G8/><T108/><D108/><U96/><E96/><V22/><F22/><W133/><G133/><T111/><D111/><U126/><N who="1" m="48211" /><U90/><DORA hai="117" /><E18/><V121/><F121/><W62/><G114/><T94/><D19/><U116/><E116/><V79/><F79/><W102/><G112/><T95/><D76/><U113/><E113/><V12/><F12/><W118/><G119/><T82/><D15/><N who="1" m="9407" /><E90/><V49/><AGARI ba="0,1" hai="14,16,20,23,24,29,49,55,59,74,77,83,104,107" machi="49" ten="20,12000,2" yaku="1,1,0,1,7,1,54,1,53,2" doraHai="88,117" doraHaiUra="7,103" who="2" fromWho="2" sc="237,-30,250,-60,240,130,263,-30" /><INIT seed="2,0,0,1,3,18" ten="207,190,370,233" oya="2" hai0="47,129,131,55,50,52,87,2,15,118,24,93,37" hai1="95,44,112,109,40,3,62,135,78,16,71,104,130" hai2="54,114,96,17,13,29,8,99,105,59,121,100,125" hai3="84,79,12,41,9,43,60,56,42,94,69,34,26"/><V124/><F114/><W83/><G69/><T111/><D2/><U32/><E112/><V76/><F121/><W85/><G34/><T46/><D111/><U74/><E104/><V38/><F38/><W67/><G26/><T49/><D118/><U102/><E32/><V7/><F29/><W134/><G134/><T20/><D37/><U36/><E3/><V110/><F110/><W122/><G122/><T107/><D15/><U88/><E109/><V68/><F68/><W27/><G27/><T19/><D107/><U21/><E102/><V81/><F96/><W58/><G58/><T33/><D33/><U45/><E45/><V115/><F115/><W123/><G123/><T103/><D87/><U72/><E78/><V23/><F54/><W77/><G94/><T73/><D73/><U86/><E130/><V0/><REACH who="2" step="1"/><F59/><REACH who="2" ten="207,190,360,233" step="2"/><W90/><G90/><T39/><D39/><U128/><E128/><V97/><F97/><AGARI ba="0,1" hai="19,20,24,46,47,49,50,52,55,93,97,103,129,131" machi="97" ten="40,5200,0" yaku="9,1,52,1,54,1" doraHai="18" who="0" fromWho="2" sc="207,62,190,0,360,-52,233,0" /><INIT seed="3,0,0,1,0,31" ten="269,190,308,233" oya="3" hai0="127,114,96,100,92,88,15,95,116,105,41,43,46" hai1="29,108,5,93,68,63,69,3,11,66,26,80,40" hai2="89,38,0,87,109,94,58,74,112,19,78,125,76" hai3="12,56,77,36,83,4,113,39,25,9,82,65,30"/><W44/><G113/><T101/><D116/><U24/><E108/><V84/><F74/><W130/><G130/><T121/><D121/><U14/><E40/><V59/><F112/><W131/><G131/><T54/><D114/><U134/><E134/><V107/><F107/><W71/><G71/><T21/><D127/><U129/><E129/><V104/><F104/><W42/><G39/><T32/><D32/><U37/><E37/><V6/><F38/><W28/><G28/><T18/><D105/><U64/><E80/><V122/><F109/><W126/><G126/><T22/><D22/><U115/><E115/><V128/><F128/><W10/><G10/><T90/><D90/><U20/><E93/><V103/><F103/><N who="0" m="39498" /><D95/><U91/><E91/><N who="2" m="53607" /><F125/><W117/><G117/><T62/><D62/><U49/><E49/><AGARI ba="0,0" hai="15,18,21,41,43,46,49,54,88,92,96" m="39498" machi="49" ten="30,2000,0" yaku="8,1,54,1" doraHai="31" who="0" fromWho="1" sc="269,20,190,-20,308,0,233,0" owari="289,8.9,170,-33.0,308,40.8,233,-16.7" /></mjloggm>