<mjloggm ver="2.3"><GO type="225" lobby="0"/><UN n0="%6D%75%75%73%61%6E%6D%75" n1="%E3%82%BC%E3%83%AB%E3%83%80%E3%81%AE%E4%BC%9D%E8%AA%AC" n2="%E6%B5%81%E3%82%8C%EF%BC%9F%53%4F%41" n3="%E3%80%90%E3%83%88%E3%83%AA%E3%83%A5%E3%83%95%E3%80%91" dan="17,17,16,16" rate="2171.33,2186.18,2186.30,2059.61" sx="F,M,M,F"/><TAIKYOKU oya="0"/><INIT seed="0,0,0,1,1,128" ten="250,250,250,250" oya="0" hai0="134,97,21,26,96,4,80,99,101,45,129,78,13" hai1="5,51,93,35,112,40,36,27,52,31,82,122,84" hai2="131,108,121,48,59,10,38,124,60,43,57,86,127" hai3="117,33,11,87,66,133,95,47,22,69,94,49,64"/><T91/><D129/><U12/><E122/><V23/><F131/><W55/><G117/><T37/><D91/><U58/><E112/><V70/><F121/><W28/><G33/><T92/><D4/><U104/><E104/><V105/><F105/><W71/><G11/><T110/><D13/><U61/><E93/><N who="3" m="35338" /><G133/><T102/><D110/><U29/><E36/><V17/><F10/><W109/><G71/><T24/><D134/><U75/><E75/><V81/><F38/><W62/><G66/><T107/><D97/><U6/><E12/><N who="2" m="9639" /><F70/><W111/><G87/><T115/><D115/><U7/><E31/><V14/><F14/><W106/><G106/><T74/><REACH who="0" step="1"/><D21/><REACH who="0" ten="240,250,250,250" step="2"/><U42/><REACH who="1" step="1"/><E61/><REACH who="1" ten="240,240,250,250" step="2"/><V1/><F60/><W88/><G62/><T118/><D118/><U120/><E120/><V89/><F108/><W123/><G123/><T85/><D85/><U65/><E65/><V39/><F1/><W114/><G114/><T3/><D3/><U2/><E2/><V135/><F135/><W34/><G109/><T25/><D25/><U126/><E126/><V113/><F113/><W119/><G111/><T103/><D103/><U56/><E56/><V77/><F59/><W8/><G69/><T130/><D130/><U67/><E67/><V15/><F124/><W16/><G64/><T83/><D83/><U116/><E116/><V90/><F15/><N who="3" m="7271" /><G119/><T68/><D68/><U98/><E98/><V18/><F127/><W19/><G34/><T132/><D132/><U76/><AGARI ba="0,2" hai="5,6,7,27,29,35,40,42,51,52,58,76,82,84" machi="76" ten="30,4000,0" yaku="1,1,0,1,54,1,53,0" doraHai="128" doraHaiUra="100" who="1" fromWho="1" sc="240,-20,240,60,250,-10,250,-10" /><INIT seed="1,0,0,2,0,5" ten="220,300,240,240" oya="1" hai0="61,63,95,121,8,124,109,31,130,22,132,47,45" hai1="55,127,21,48,9,123,93,71,86,19,129,83,66" hai2="39,49,56,52,60,85,77,134,89,17,67,24,50" hai3="40,36,14,94,73,68,32,99,101,115,20,10,35"/><U18/><E123/><V51/><F39/><W135/><G115/><T57/><D121/><U111/><E127/><V128/><F128/><W62/><G73/><T119/><D119/><U58/><E129/><V120/><F134/><W12/><G135/><T34/><D130/><U27/><E111/><V72/><F72/><W42/><G36/><T6/><D132/><U97/><E71/><V3/><F3/><W44/><G32/><T15/><D109/><U98/><E66/><V82/><F120/><W107/><G107/><T59/><D124/><U69/><E69/><V4/><F4/><W74/><G74/><T106/><D106/><U29/><E9/><V43/><F43/><W25/><G35/><T78/><D34/><U1/><E1/><V64/><REACH who="2" step="1"/><F77/><REACH who="2" ten="220,300,230,240" step="2"/><W23/><G40/><T104/><D78/><N who="1" m="46455" /><E97/><V116/><F116/><W96/><G96/><T125/><D125/><U53/><E53/><V117/><F117/><W65/><G42/><T80/><D80/><U46/><E46/><V118/><F118/><W70/><G44/><T79/><D79/><U113/><E113/><V92/><F92/><W38/><G38/><T7/><D95/><U16/><E98/><V133/><F133/><W100/><G100/><T41/><D104/><U37/><E37/><V88/><F88/><W33/><G101/><T54/><D41/><U75/><E75/><V110/><F110/><W76/><G76/><T91/><D91/><U30/><E93/><V2/><F2/><W126/><G94/><T13/><D6/><U105/><E105/><V11/><F11/><W103/><G10/><RYUUKYOKU ba="0,1" sc="220,-15,300,15,230,15,240,-15" hai1="16,18,19,21,27,29,30,48,55,58" hai2="17,24,49,50,51,52,56,60,64,67,82,85,89" /><INIT seed="1,1,1,1,1,108" ten="205,315,245,225" oya="1" hai0="39,58,5,85,48,90,104,9,114,76,70,25,56" hai1="69,19,21,97,2,32,113,123,59,20,74,133,110" hai2="49,62,50,128,16,66,132,106,23,95,130,75,115" hai3="64,80,0,98,28,41,118,43,125,72,3,55,71"/><U61/><E123/><V105/><F75/><W78/><G125/><T77/><D70/><U101/><E74/><V122/><F122/><W6/><G118/><T7/><D39/><U126/><E2/><V94/><F132/><W86/><G28/><T45/><D104/><U17/><E32/><V92/><F115/><W30/><G30/><T109/><D25/><U24/><E126/><V54/><F105/><W26/><G26/><T96/><D96/><U34/><E34/><V83/><F83/><W119/><G98/><T82/><D109/><U13/><E110/><V93/><F106/><W27/><G27/><T81/><D114/><U42/><E133/><V127/><N who="2" m="23552" /><DORA hai="44" /><V120/><F120/><W103/><G103/><T11/><D90/><U37/><E69/><N who="2" m="42199" /><F54/><W29/><G29/><T35/><D35/><U79/><E113/><V52/><F52/><W89/><G55/><N who="0" m="30095" /><D81/><U87/><E97/><V107/><F107/><W116/><G72/><T8/><D77/><U57/><E101/><V63/><F63/><N who="3" m="40351" /><G78/><T15/><D15/><U102/><E102/><V67/><F67/><W88/><G89/><T18/><D18/><U135/><E135/><V38/><F38/><W12/><G0/><T10/><N who="0" m="2048" /><DORA hai="4" /><T33/><D33/><U51/><E37/><V22/><F127/><W65/><G3/><T40/><D40/><N who="3" m="15433" /><G119/><T99/><D99/><U73/><E73/><V1/><F1/><W84/><G116/><T121/><D121/><U117/><E117/><V100/><F100/><W47/><G65/><T53/><D53/><U134/><E134/><V124/><F124/><RYUUKYOKU ba="1,1" sc="205,30,315,-10,245,-10,225,-10" hai0="5,7,56,58,76,82,85" /><INIT seed="2,2,1,2,0,90" ten="235,305,235,215" oya="2" hai0="34,80,23,4,76,25,108,42,74,129,65,67,32" hai1="82,117,58,126,79,49,131,132,85,0,88,41,31" hai2="95,112,14,109,75,72,20,37,21,103,128,100,94" hai3="127,83,133,48,92,93,2,97,50,45,106,38,63"/><V64/><F37/><W39/><G2/><T101/><D108/><U135/><E117/><V119/><F109/><W111/><G111/><T60/><D129/><U77/><E131/><V68/><F64/><W125/><G63/><T120/><D120/><U46/><E126/><N who="3" m="48138" /><G133/><N who="1" m="51274" /><E0/><V116/><F128/><W33/><G33/><T40/><D4/><U17/><E31/><V12/><REACH who="2" step="1"/><F68/><REACH who="2" ten="235,305,225,215" step="2"/><W81/><G38/><T104/><D67/><U30/><E30/><V98/><F98/><W26/><G39/><T62/><D65/><U130/><E130/><V115/><AGARI ba="2,2" hai="12,14,20,21,72,75,94,95,100,103,112,115,116,119" machi="115" ten="25,24000,3" yaku="1,1,0,1,22,2,52,2,53,2" doraHai="90" doraHaiUra="114" who="2" fromWho="2" sc="235,-82,305,-82,225,266,215,-82" /><INIT seed="2,3,0,2,4,2" ten="153,223,491,133" oya="2" hai0="133,19,24,86,71,12,103,35,9,51,52,10,111" hai1="119,22,27,132,3,127,120,74,28,15,98,76,36" hai2="7,31,59,56,68,107,96,14,81,88,100,91,60" hai3="124,21,131,1,135,79,66,17,55,32,67,95,58"/><V45/><F31/><W65/><G1/><T92/><D71/><U89/><E36/><V33/><F33/><W128/><G32/><T26/><D111/><U87/><E3/><V69/><F56/><W13/><G135/><T34/><D133/><U6/><E132/><V108/><F108/><W29/><G29/><T99/><D35/><U62/><E119/><V25/><F25/><N who="0" m="9834" /><D34/><U43/><E43/><V48/><F81/><W20/><G79/><T16/><D86/><U101/><E127/><V54/><F68/><W44/><G44/><N who="0" m="27751" /><D10/><U85/><E74/><V126/><F69/><W94/><G21/><T46/><D46/><U115/><E76/><V122/><F126/><W110/><G110/><T114/><D114/><U37/><E37/><V42/><REACH who="2" step="1"/><F122/><REACH who="2" ten="153,223,481,133" step="2"/><W72/><G124/><T8/><D8/><AGARI ba="3,1" hai="7,8,14,42,45,48,54,59,60,88,91,96,100,107" machi="8" ten="40,12000,1" yaku="1,1,2,1,52,1,54,1,53,0" doraHai="2" doraHaiUra="83" who="2" fromWho="0" sc="153,-129,223,0,481,139,133,0" /><INIT seed="2,4,0,1,3,96" ten="24,223,620,133" oya="2" hai0="84,121,93,134,53,8,33,40,104,127,90,123,74" hai1="130,30,2,101,94,34,86,81,19,6,23,52,80" hai2="115,82,97,131,22,0,17,27,20,119,110,122,51" hai3="3,105,88,114,56,64,18,129,16,39,35,28,111"/><V102/><F115/><W37/><G111/><T21/><D33/><U11/><E130/><V57/><F119/><W48/><G129/><T69/><D69/><U7/><E7/><V63/><F131/><W133/><G3/><T76/><D127/><U125/><E125/><V67/><F122/><W50/><G133/><T126/><D134/><U12/><E52/><V68/><F0/><W113/><G105/><T117/><D126/><U70/><E70/><V59/><F110/><W89/><G35/><T78/><D117/><U109/><E109/><V49/><F82/><W99/><G99/><T42/><D104/><U75/><E75/><V118/><F118/><W31/><G56/><T5/><D121/><U29/><E29/><V106/><REACH who="2" step="1"/><F22/><REACH who="2" ten="24,223,610,133" step="2"/><W10/><G10/><T36/><D123/><U116/><E23/><V46/><F46/><W15/><G15/><T135/><D135/><U61/><E12/><V98/><F98/><W55/><G113/><T128/><D128/><U87/><E11/><V91/><F91/><W132/><G132/><T43/><D36/><U58/><E81/><V66/><F66/><W108/><G108/><T60/><D74/><U41/><E80/><V71/><F71/><W45/><G45/><T26/><D8/><U32/><E116/><V103/><F103/><W95/><G114/><T112/><D112/><U124/><E101/><V4/><F4/><W1/><G64/><T62/><D5/><U77/><E6/><V73/><F73/><W83/><G83/><T100/><D100/><U14/><E124/><V85/><F85/><N who="1" m="32265" /><E34/><V47/><F47/><RYUUKYOKU ba="4,1" sc="24,-10,223,-10,610,30,133,-10" hai2="17,20,27,49,51,57,59,63,67,68,97,102,106" /><INIT seed="2,5,1,2,4,113" ten="14,213,640,123" oya="2" hai0="11,24,49,105,121,28,122,128,82,92,98,112,80" hai1="116,19,117,118,4,104,124,26,2,70,50,62,55" hai2="89,25,69,16,33,68,107,38,48,18,73,1,9" hai3="91,17,75,119,123,126,134,102,35,31,74,53,46"/><V34/><F38/><W111/><G123/><T20/><D105/><U90/><E104/><V115/><F115/><W45/><G111/><T87/><D112/><U109/><E109/><V131/><F73/><W39/><G102/><T106/><D106/><U58/><E124/><V86/><F107/><W23/><G126/><T85/><D128/><U12/><E26/><V54/><F68/><W0/><G0/><T40/><D11/><U95/><E4/><V114/><F69/><W88/><G119/><T15/><D15/><U103/><E103/><V61/><F61/><W93/><G31/><T27/><D40/><U72/><E2/><V71/><F71/><W59/><G35/><T42/><D42/><U99/><E72/><V52/><F54/><W44/><G134/><T30/><D49/><U94/><E94/><V3/><F131/><W22/><G39/><T129/><D129/><U76/><E76/><V83/><F1/><W14/><G23/><T125/><D125/><U64/><E116/><V5/><F114/><W41/><G41/><T10/><D10/><AGARI ba="5,1" hai="10,12,19,50,55,58,62,64,70,90,95,99,117,118" machi="10" ten="30,3900,0" yaku="7,1,52,2" doraHai="113" who="1" fromWho="0" sc="14,-54,213,64,640,0,123,0" owari="-40,-54.0,277,7.7,640,74.0,123,-27.7" /></mjloggm>