<mjloggm ver="2.3"><GO type="225" lobby="0"/><UN n0="%E3%81%8B%E3%82%8F%E3%81%A1%E3%82%83%E3%82%93%35%38" n1="%74%61%6B%65%2D%79%6F%75" n2="%E6%9C%AA%E6%9D%A5%E5%B0%91%E5%B9%B4" n3="%E3%81%A1%E3%82%85%E3%81%86%E3%81%A9%E3%81%8F%E8%B1%A1%E3%81%95%E3%82%93" dan="16,16,16,17" rate="2131.22,2182.12,2140.71,2193.81" sx="M,M,M,M"/><TAIKYOKU oya="0"/><INIT seed="0,0,0,4,4,89" ten="250,250,250,250" oya="0" hai0="93,28,105,59,1,110,126,39,49,73,128,111,98" hai1="57,30,82,22,72,69,42,133,2,17,41,27,101" hai2="100,117,48,95,67,65,92,14,60,23,104,21,90" hai3="88,20,80,102,127,74,83,11,115,87,86,103,97"/><T58/><D39/><U9/><E69/><V31/><F117/><W84/><G11/><T34/><D73/><U125/><E133/><V76/><F76/><N who="3" m="44055" /><G20/><T52/><D126/><U66/><E125/><V112/><F112/><W4/><G4/><T135/><D135/><U19/><E72/><V81/><F104/><N who="3" m="63567" /><G127/><T68/><D68/><U121/><E121/><V130/><F130/><W43/><G43/><N who="1" m="16394" /><E2/><V71/><F100/><W70/><G70/><T91/><D128/><U10/><E82/><V122/><F122/><W51/><G51/><T45/><D1/><U114/><E114/><V109/><F109/><N who="0" m="41482" /><D105/><U7/><E101/><V116/><F116/><W61/><G61/><T29/><D34/><U3/><E3/><V56/><F67/><W64/><G64/><T37/><D37/><U13/><E9/><V0/><F0/><W16/><G16/><T113/><D113/><U44/><E44/><V107/><F107/><W118/><G118/><T106/><D106/><U5/><E17/><N who="2" m="10423" /><F48/><W24/><G115/><T131/><D131/><U79/><E79/><V46/><F46/><W75/><G24/><T96/><D96/><U53/><E66/><V25/><F71/><W129/><G129/><T36/><D36/><U78/><E78/><V108/><F108/><W40/><G40/><T54/><D45/><U77/><E77/><V18/><F18/><W119/><G119/><T132/><D132/><U8/><E10/><V26/><F26/><W6/><G103/><T55/><D55/><U32/><E32/><V120/><F120/><W94/><G6/><T99/><D99/><RYUUKYOKU ba="0,0" sc="250,0,250,0,250,0,250,0" hai0="28,29,49,52,54,58,59,91,93,98" hai1="5,7,8,13,19,22,27,30,53,57" hai2="23,25,31,56,60,65,81,90,92,95" hai3="75,83,84,86,87,88,94" /><INIT seed="0,1,0,1,4,20" ten="250,250,250,250" oya="0" hai0="13,116,125,52,60,1,61,44,6,0,86,51,117" hai1="50,25,30,67,81,8,95,93,37,21,115,23,134" hai2="105,69,92,127,73,10,72,33,57,18,96,118,68" hai3="24,80,123,114,79,131,74,36,29,55,22,111,71"/><T121/><D121/><U7/><E37/><V70/><F33/><W120/><G114/><T108/><D117/><U98/><E115/><V49/><F118/><W12/><G111/><T132/><D116/><U97/><E134/><V3/><F105/><W9/><G71/><T94/><D132/><U19/><E67/><V38/><F38/><W28/><G36/><T17/><D125/><U48/><E81/><V84/><F127/><W104/><G104/><T53/><D108/><U26/><E93/><V133/><F133/><W76/><G76/><T113/><D113/><U107/><E107/><V128/><F84/><W110/><G110/><T32/><D32/><U64/><E64/><V75/><F128/><W102/><G102/><T31/><D31/><U15/><REACH who="1" step="1"/><E97/><REACH who="1" ten="250,240,250,250" step="2"/><V101/><F92/><W103/><G131/><T119/><D119/><U5/><E5/><V129/><F129/><W45/><G123/><T122/><D6/><U62/><E62/><V66/><F96/><W106/><G120/><T89/><D122/><U40/><E40/><V43/><F66/><W87/><G106/><T14/><D61/><U77/><E77/><V99/><F99/><W82/><G80/><T11/><D60/><U41/><E41/><V112/><F112/><W100/><G82/><T83/><D94/><U65/><E65/><V78/><F78/><W109/><G79/><T90/><D53/><U42/><E42/><V63/><F63/><W59/><G55/><T56/><D83/><U27/><E27/><V91/><F43/><W124/><G109/><T34/><D52/><U47/><E47/><RYUUKYOKU ba="1,1" sc="250,-10,240,30,250,-10,250,-10" hai1="7,8,15,19,21,23,25,26,30,48,50,95,98" /><INIT seed="1,2,1,0,2,54" ten="240,270,240,240" oya="1" hai0="52,10,40,24,46,65,108,50,57,103,44,60,84" hai1="48,47,35,76,49,29,83,43,8,72,39,37,100" hai2="117,111,17,132,101,82,86,77,116,30,4,16,42" hai3="58,127,11,20,133,23,87,68,119,26,21,53,1"/><U102/><E8/><V81/><F111/><W105/><G68/><T15/><D108/><U2/><E2/><V73/><F132/><W27/><G105/><T62/><D103/><U121/><E121/><V106/><F4/><W113/><G113/><T67/><D24/><U56/><E39/><V118/><F30/><W92/><G133/><T36/><D84/><U59/><E37/><V125/><F125/><W66/><G66/><N who="0" m="39183" /><D15/><U104/><E49/><V90/><REACH who="2" step="1"/><F42/><REACH who="2" ten="240,270,230,240" step="2"/><W109/><G127/><T128/><D128/><U28/><E29/><V98/><AGARI ba="2,2" hai="16,17,73,77,81,82,86,90,98,101,106,116,117,118" machi="98" ten="40,8000,1" yaku="1,1,2,1,0,1,54,1,53,1" doraHai="54" doraHaiUra="80" who="2" fromWho="2" sc="240,-22,270,-42,230,106,240,-22" /><INIT seed="2,0,0,1,4,72" ten="218,228,336,218" oya="2" hai0="4,64,88,21,2,68,34,81,28,61,99,9,43" hai1="124,105,96,1,66,18,5,87,47,104,56,49,26" hai2="6,101,17,90,41,84,125,51,95,39,22,65,50" hai3="118,134,86,24,3,131,54,13,98,114,67,55,32"/><V115/><F115/><W129/><G118/><T0/><D34/><U74/><E74/><V100/><F125/><W76/><G3/><T121/><D121/><U119/><E119/><V11/><F39/><W53/><G67/><T85/><D43/><U80/><E124/><V70/><F70/><W91/><G114/><T133/><D133/><U19/><E1/><V27/><F65/><W40/><G40/><T69/><D0/><U92/><E5/><V7/><F7/><W25/><G134/><T112/><D112/><U89/><E104/><V35/><F35/><W23/><G32/><T77/><D68/><U29/><E105/><V93/><F41/><W63/><G63/><T14/><D14/><U59/><E66/><V79/><F79/><W71/><G71/><T123/><D123/><U116/><E116/><V83/><F83/><N who="3" m="47463" /><G13/><T37/><D37/><U75/><E75/><V16/><F17/><W31/><G24/><T45/><D45/><U60/><E60/><V102/><REACH who="2" step="1"/><F95/><REACH who="2" ten="218,228,326,218" step="2"/><N who="3" m="56703" /><G131/><T110/><D64/><U57/><E19/><V111/><F111/><W8/><G129/><T38/><D110/><U130/><E18/><V109/><F109/><W15/><G54/><T46/><D69/><U33/><E130/><V128/><F128/><W127/><G127/><T12/><D38/><U97/><E92/><V122/><F122/><W58/><G58/><T78/><D46/><U135/><E135/><V36/><F36/><W108/><G108/><T106/><D78/><U42/><AGARI ba="0,1" hai="26,29,33,42,47,49,56,57,59,80,87,89,96,97" machi="42" ten="30,1100,0" yaku="0,1" doraHai="72" who="1" fromWho="1" sc="218,-3,228,21,326,-5,218,-3" /><INIT seed="3,0,0,4,1,45" ten="215,249,321,215" oya="3" hai0="61,21,27,115,42,1,36,14,129,37,66,109,33" hai1="100,4,88,107,69,84,30,64,55,44,63,2,110" hai2="126,106,17,29,132,96,56,104,119,38,80,26,118" hai3="60,82,5,43,114,50,135,19,133,51,16,79,105"/><W116/><G114/><T128/><D1/><U68/><E110/><V125/><F38/><W112/><G112/><T83/><D115/><U74/><E74/><V65/><F132/><N who="3" m="50763" /><G116/><T98/><D109/><U92/><E30/><V122/><F122/><W32/><G32/><T111/><D111/><U53/><E69/><V47/><F118/><W127/><G127/><N who="2" m="48649" /><F17/><N who="3" m="6731" /><G105/><N who="2" m="40553" /><F119/><W18/><G43/><T95/><D42/><U93/><E107/><V40/><F96/><W67/><N who="3" m="6739" /><W52/><DORA hai="6" /><G5/><T10/><D37/><U99/><E4/><V121/><F121/><W28/><G28/><N who="0" m="17519" /><D36/><U25/><E25/><V13/><F13/><W72/><G52/><T0/><D14/><U75/><E55/><V87/><F65/><W76/><G79/><T11/><D0/><U131/><E2/><V86/><F56/><AGARI ba="0,0" hai="50,51,56,60,67,72,76,82" m="6739,50763" machi="56" ten="40,12000,1" yaku="20,1,52,2,54,1" doraHai="45,6" who="3" fromWho="2" sc="215,0,249,0,321,-120,215,120" owari="215,-18.5,249,4.9,201,-29.9,335,43.5" /></mjloggm>