<mjloggm ver="2.3"><GO type="225" lobby="0"/><UN n0="%72%65%6E%6B%75%6E" n1="%4C%4F%4C%49%54%41" n2="%E6%B4%BE%E9%81%A3%E3%81%AE%E3%82%B8%E3%83%A3%E3%83%83%E3%82%AF" n3="%48%61%61%61%6C%61%6E%64" dan="17,16,17,18" rate="2213.70,2144.10,2183.45,2224.21" sx="M,F,M,M"/><TAIKYOKU oya="0"/><INIT seed="0,0,0,4,1,70" ten="250,250,250,250" oya="0" hai0="74,82,33,28,49,71,130,105,133,135,67,47,125" hai1="84,93,53,118,56,134,129,85,111,96,123,8,132" hai2="0,31,64,39,120,6,55,109,75,38,43,3,128" hai3="36,121,24,27,112,66,13,110,41,68,113,40,19"/><T4/><D105/><U97/><E118/><V37/><F120/><W99/><G121/><T102/><D102/><U76/><E123/><V26/><F64/><W29/><G110/><T122/><D122/><U10/><E111/><V34/><F109/><W14/><G99/><T21/><D33/><U83/><E129/><V77/><F55/><W60/><G13/><T2/><D130/><U79/><E96/><V50/><F128/><W58/><G68/><T20/><D125/><U100/><E84/><V45/><REACH who="2" step="1"/><F6/><REACH who="2" ten="250,250,240,250" step="2"/><W124/><G66/><T88/><D67/><U25/><E134/><V106/><F106/><W16/><G124/><T127/><D127/><U63/><E132/><V115/><F115/><W11/><G112/><T90/><D133/><U87/><REACH who="1" step="1"/><E25/><REACH who="1" ten="250,240,240,250" step="2"/><V92/><F92/><W116/><G24/><T32/><D135/><U51/><E51/><V89/><F89/><W30/><G27/><T1/><D90/><U80/><AGARI ba="0,2" hai="8,10,53,56,63,76,79,80,83,85,87,93,97,100" machi="80" ten="30,7900,0" yaku="1,1,0,1,9,1,8,1,53,0" doraHai="70" doraHaiUra="65" who="1" fromWho="1" sc="250,-39,240,99,240,-20,250,-20" /><INIT seed="1,0,0,4,4,118" ten="211,339,220,230" oya="1" hai0="2,41,69,114,44,95,88,124,63,113,33,104,123" hai1="46,120,70,21,96,131,106,92,65,81,89,8,54" hai2="61,11,45,30,13,101,66,16,36,29,78,60,122" hai3="77,17,64,128,51,15,130,71,73,37,87,67,105"/><U3/><E131/><N who="3" m="50218" /><G37/><T42/><D104/><U26/><E106/><V108/><F108/><W125/><G125/><T112/><D124/><U0/><E120/><V24/><F101/><W48/><G73/><T80/><D33/><U5/><E70/><V86/><F122/><W126/><G105/><T10/><D123/><U99/><E65/><N who="3" m="25162" /><G71/><T23/><D63/><U31/><E81/><N who="2" m="47415" /><F36/><W117/><G117/><T12/><D69/><U94/><E54/><V111/><F111/><W133/><G133/><T102/><D102/><U22/><E46/><V6/><F45/><W103/><G103/><T38/><D80/><U85/><E3/><V74/><F74/><W100/><G100/><T76/><D42/><U9/><E9/><V50/><F50/><W39/><G39/><T56/><D56/><U52/><E52/><V40/><F40/><W135/><G135/><T84/><D76/><U68/><E68/><V79/><F79/><W34/><G34/><T97/><D23/><U109/><E109/><V98/><F98/><W18/><G126/><T116/><D116/><U7/><E96/><V134/><F134/><W57/><G57/><T14/><REACH who="0" step="1"/><D97/><REACH who="0" ten="201,339,220,230" step="2"/><U83/><E99/><V35/><F35/><W20/><G77/><T19/><D19/><U75/><E83/><V43/><F43/><W110/><G110/><T53/><D53/><U28/><E75/><V72/><F72/><W58/><G58/><T119/><D119/><U32/><E32/><V59/><F61/><W4/><G20/><AGARI ba="0,1" hai="6,11,13,16,20,24,29,30,59,60,66" m="47415" machi="20" ten="30,2000,0" yaku="8,1,54,1" doraHai="118" who="2" fromWho="3" sc="201,0,339,0,220,30,230,-20" /><INIT seed="2,0,0,1,2,13" ten="201,339,250,210" oya="2" hai0="41,6,91,125,78,106,131,85,14,86,96,101,67" hai1="112,103,52,93,126,46,29,17,53,111,120,90,129" hai2="47,0,135,94,121,49,100,66,132,119,74,69,133" hai3="80,124,16,104,31,8,123,28,4,45,105,38,75"/><V5/><F119/><W116/><G116/><T54/><D131/><U81/><E112/><V43/><F74/><W25/><G123/><T56/><D125/><U88/><E120/><V110/><F121/><W3/><G124/><T39/><D67/><U72/><E126/><V89/><F110/><W83/><G83/><T57/><D78/><U10/><E129/><V23/><F100/><W19/><G104/><T77/><D77/><U92/><E29/><V48/><F48/><W2/><G2/><T65/><D65/><U98/><E111/><V134/><F134/><W32/><G28/><T102/><D102/><U95/><E72/><V51/><F51/><W71/><G105/><T37/><D85/><N who="1" m="50223" /><E46/><V50/><F50/><W18/><G71/><T15/><D41/><U60/><E60/><V20/><F5/><W87/><G75/><T61/><D56/><U97/><E92/><V30/><F0/><W82/><REACH who="3" step="1"/><G87/><REACH who="3" ten="201,339,250,200" step="2"/><T58/><D58/><U99/><E97/><N who="2" m="57551" /><F30/><W130/><G130/><T42/><D42/><AGARI ba="0,1" hai="3,4,8,16,18,19,25,31,32,38,42,45,80,82" machi="42" ten="40,8000,1" yaku="1,1,52,3,54,1,53,0" doraHai="13" doraHaiUra="115" who="3" fromWho="0" sc="201,-80,339,0,250,0,200,90" /><INIT seed="3,0,0,0,3,26" ten="121,339,250,290" oya="3" hai0="104,8,81,12,64,118,46,115,119,123,50,19,37" hai1="24,44,13,83,73,29,10,72,82,54,38,94,74" hai2="27,111,67,129,122,128,108,33,126,62,105,132,51" hai3="63,88,56,21,1,58,28,114,90,76,110,77,16"/><W68/><G114/><T124/><D104/><U79/><E94/><V4/><F105/><W127/><G1/><T134/><D123/><U25/><E25/><V84/><F84/><W20/><G68/><T65/><D115/><U106/><E106/><V49/><F4/><W100/><G100/><T96/><D37/><U101/><E101/><V6/><F6/><W52/><G127/><T47/><D124/><U98/><E98/><V125/><F27/><N who="3" m="16487" /><G110/><N who="2" m="42025" /><F33/><W7/><G7/><T121/><D121/><U15/><E15/><V17/><F17/><W9/><G9/><T120/><D120/><U35/><E82/><V59/><F122/><W2/><G2/><T23/><D134/><U85/><E85/><V57/><F132/><W89/><G58/><T31/><D119/><U0/><E0/><V113/><F113/><W41/><G41/><T66/><D118/><U3/><E3/><V109/><F109/><W18/><G18/><T87/><D96/><U103/><E103/><V102/><F102/><W91/><N who="3" m="22528" /><DORA hai="95" /><W48/><G63/><T39/><D39/><U43/><E73/><V71/><F125/><W86/><G86/><T112/><D112/><U107/><E74/><V116/><F126/><W11/><G11/><T22/><D8/><U117/><E117/><V32/><F32/><W130/><G130/><N who="2" m="50281" /><F116/><W14/><AGARI ba="0,0" hai="14,16,21,48,52,56,76,77" m="22528,16487" machi="14" ten="40,12000,1" yaku="8,1,52,1,54,3" doraHai="26,95" who="3" fromWho="3" sc="121,-40,339,-40,250,-40,290,120" owari="81,-41.9,299,9.9,210,-19.0,410,51.0" /></mjloggm>