<mjloggm ver="2.3"><GO type="225" lobby="0"/><UN n0="%E3%81%A1%E3%82%85%E3%81%86%E3%81%A9%E3%81%8F%E8%B1%A1%E3%81%95%E3%82%93" n1="%72%65%6E%6B%75%6E" n2="%72%69%6F%75%63%68%61%6E" n3="%E3%83%B4%E3%83%A0%EF%BC%99%E3%81%A6" dan="17,17,17,17" rate="2188.15,2286.20,2257.02,2197.56" sx="M,M,M,M"/><TAIKYOKU oya="0"/><INIT seed="0,0,0,3,2,75" ten="250,250,250,250" oya="0" hai0="116,100,12,59,78,79,102,104,83,55,29,32,99" hai1="3,30,93,48,89,69,17,25,112,111,94,118,131" hai2="24,96,127,39,20,66,49,40,70,95,120,81,122" hai3="50,107,52,86,124,26,44,90,53,84,97,43,72"/><T18/><D116/><U65/><E118/><V33/><F127/><W73/><G124/><T98/><D29/><U1/><E111/><V9/><F39/><W11/><G86/><T5/><D32/><U71/><E131/><V132/><F132/><W92/><G26/><T36/><D5/><U85/><E112/><V113/><F113/><W58/><G53/><T15/><D36/><U31/><E17/><V21/><F33/><W54/><G54/><T13/><D18/><U22/><E30/><V27/><F9/><W34/><G34/><T106/><REACH who="0" step="1"/><D83/><REACH who="0" ten="240,250,250,250" step="2"/><U23/><E31/><V119/><F119/><W109/><G109/><T117/><D117/><U135/><E135/><V38/><F38/><W45/><G11/><T47/><D47/><U62/><E25/><V63/><F81/><W133/><G133/><T6/><D6/><U130/><E130/><V80/><F80/><W46/><REACH who="3" step="1"/><G43/><REACH who="3" ten="240,250,250,240" step="2"/><T134/><D134/><U2/><E2/><V91/><F24/><W105/><G105/><T64/><D64/><U123/><E3/><V10/><F10/><W103/><AGARI ba="0,2" hai="44,45,46,50,52,58,72,73,84,90,92,97,103,107" machi="103" ten="30,4000,0" yaku="1,1,0,1,54,1,53,0" doraHai="75" doraHaiUra="56" who="3" fromWho="3" sc="240,-20,250,-10,250,-10,240,60" /><INIT seed="1,0,0,3,5,66" ten="220,240,240,300" oya="1" hai0="124,119,55,32,6,54,51,93,7,29,121,25,9" hai1="46,13,106,81,86,85,20,132,90,43,102,50,3" hai2="8,110,128,74,16,76,116,83,38,70,115,0,60" hai3="59,61,105,118,125,37,22,114,129,30,19,107,62"/><U23/><E3/><V123/><RYUUKYOKU type="yao9" ba="0,0" sc="220,0,240,0,240,0,300,0" hai2="0,8,16,38,60,70,74,76,83,110,115,116,123,128" /><INIT seed="1,1,0,0,0,125" ten="220,240,240,300" oya="1" hai0="109,85,50,104,78,43,18,20,132,7,21,2,69" hai1="5,120,68,101,93,45,51,46,98,36,88,89,30" hai2="14,10,52,107,67,95,56,38,106,118,34,90,27" hai3="134,4,31,103,91,63,117,81,131,133,75,114,58"/><U102/><E68/><V130/><F130/><W119/><G114/><T15/><D69/><U25/><E120/><V113/><F118/><N who="3" m="45067" /><G103/><T80/><D104/><U126/><E126/><V111/><F111/><W116/><G116/><T59/><D109/><U83/><E5/><V47/><F113/><W115/><G115/><T71/><D71/><U135/><E135/><N who="3" m="51722" /><G31/><T70/><D70/><U24/><E36/><V87/><F67/><W8/><G75/><T54/><D132/><U28/><E83/><V97/><F97/><W121/><G121/><T19/><D43/><N who="1" m="25023" /><E46/><V122/><F122/><W76/><G91/><N who="1" m="34890" /><E102/><V33/><F47/><W12/><G81/><T77/><D77/><U99/><E99/><V35/><F38/><W42/><G42/><T0/><REACH who="0" step="1"/><D7/><REACH who="0" ten="210,240,240,300" step="2"/><U53/><E53/><V41/><F41/><W79/><G131/><T16/><D16/><U127/><E127/><V1/><F107/><W73/><G73/><T11/><D11/><U84/><E84/><V94/><F106/><W6/><G6/><T29/><D29/><AGARI ba="1,1" hai="24,25,28,29,30,93,98,101" m="34890,25023" machi="29" ten="30,2900,0" yaku="8,1,54,1" doraHai="125" who="1" fromWho="0" sc="210,-32,240,42,240,0,300,0" /><INIT seed="1,2,0,3,3,45" ten="178,282,240,300" oya="1" hai0="35,110,121,32,7,78,23,19,22,114,104,36,83" hai1="94,15,56,9,52,93,96,73,119,134,76,85,135" hai2="81,111,12,17,86,127,5,120,115,37,50,79,131" hai3="95,130,62,106,98,53,55,31,126,70,21,118,41"/><U90/><E119/><V124/><F120/><W43/><G118/><T105/><D114/><U75/><E76/><V122/><F122/><W117/><G117/><T58/><D121/><U8/><E75/><V68/><F111/><W82/><G106/><T129/><D36/><U16/><E73/><V112/><F37/><W38/><G38/><T1/><D110/><U125/><E125/><N who="2" m="48203" /><F68/><W49/><G130/><T102/><D129/><U66/><E66/><V13/><F131/><W74/><G74/><T24/><D1/><U101/><REACH who="1" step="1"/><E9/><REACH who="1" ten="178,272,240,300" step="2"/><N who="2" m="4143" /><F50/><AGARI ba="2,1" hai="8,15,16,50,52,56,85,90,93,94,96,101,134,135" machi="50" ten="40,12000,1" yaku="1,1,52,1,54,2,53,0" doraHai="45" doraHaiUra="69" who="1" fromWho="2" sc="178,0,272,136,240,-126,300,0" /><INIT seed="1,3,0,5,4,39" ten="178,408,114,300" oya="1" hai0="121,87,65,96,124,20,106,70,17,102,78,41,82" hai1="25,122,75,72,91,118,127,74,110,56,111,26,89" hai2="73,35,109,9,77,7,27,104,120,119,64,80,94" hai3="10,33,18,86,28,123,34,6,63,71,93,54,4"/><U16/><E118/><V99/><F119/><W32/><G123/><T31/><D121/><U49/><E122/><V97/><F120/><W117/><G117/><T45/><D124/><U60/><E127/><V67/><F109/><N who="1" m="41481" /><E49/><V115/><F115/><W133/><G28/><T43/><D31/><U134/><E134/><V23/><F35/><W58/><G133/><T57/><D70/><U19/><E25/><V11/><F104/><W15/><G71/><T116/><D45/><U114/><E114/><V100/><F99/><W61/><G61/><T1/><D1/><U130/><E130/><V131/><F131/><W5/><G93/><N who="0" m="58639" /><D116/><U8/><E8/><V46/><F46/><W48/><G63/><N who="0" m="38127" /><D106/><U59/><E59/><V76/><F76/><W126/><G126/><T103/><D103/><U13/><E26/><AGARI ba="3,0" hai="17,20,26,41,43,78,82,87" m="38127,58639" machi="26" ten="30,3900,0" yaku="8,1,52,2" doraHai="39" who="0" fromWho="1" sc="178,48,408,-48,114,0,300,0" /><INIT seed="2,0,0,2,3,113" ten="226,360,114,300" oya="2" hai0="77,3,62,121,76,95,74,133,6,80,43,23,44" hai1="104,39,119,124,2,118,93,109,30,12,8,84,33" hai2="134,51,94,46,97,54,90,75,50,107,102,25,28" hai3="61,132,24,85,123,115,34,35,88,7,71,16,98"/><V13/><F134/><W108/><G123/><T129/><D121/><U73/><E39/><V5/><F75/><W38/><G38/><N who="0" m="21623" /><D133/><U125/><E73/><V29/><F25/><W9/><G132/><T10/><D76/><U120/><E104/><V4/><F4/><W106/><G108/><T110/><D110/><U52/><E120/><V86/><REACH who="2" step="1"/><F50/><REACH who="2" ten="226,360,104,300" step="2"/><W78/><G24/><T60/><D129/><U135/><E135/><V21/><F21/><W47/><G7/><T103/><D23/><U67/><E33/><V31/><F31/><W130/><G34/><T0/><D3/><U68/><E30/><V112/><F112/><W55/><G35/><T127/><D127/><U114/><E114/><V45/><F45/><W49/><G115/><T92/><D103/><U100/><E100/><V116/><F116/><W42/><G130/><T69/><D60/><N who="1" m="40039" /><E2/><V64/><F64/><AGARI ba="0,1" hai="0,6,10,62,64,69,74,77,80,92,95" m="21623" machi="64" ten="30,1000,0" yaku="25,1" doraHai="113" who="0" fromWho="2" sc="226,20,360,0,104,-10,300,0" /><INIT seed="3,0,0,3,3,16" ten="246,360,94,300" oya="3" hai0="100,17,71,32,47,10,112,91,14,7,43,37,46" hai1="105,122,3,4,115,121,97,76,45,66,28,135,11" hai2="51,118,110,128,116,48,53,94,77,113,93,129,102" hai3="101,22,8,96,25,85,106,61,64,54,9,78,88"/><W134/><G134/><T133/><D71/><U111/><E115/><V31/><F31/><W90/><G54/><T1/><D133/><U34/><E135/><V119/><F53/><W18/><G78/><T49/><D112/><U123/><E111/><V56/><F113/><W15/><G85/><T127/><D127/><U132/><E132/><V39/><F77/><W73/><G73/><T38/><D100/><N who="1" m="62607" /><E45/><V68/><F68/><W55/><G55/><T79/><D79/><U103/><E103/><V59/><F102/><W36/><G36/><T0/><D32/><U67/><E67/><V40/><F39/><W2/><G2/><T30/><D30/><U35/><E66/><V130/><F40/><W26/><G26/><T81/><D7/><U33/><E76/><V23/><F23/><W13/><G13/><T21/><D10/><U75/><E28/><V124/><F124/><W41/><G41/><T109/><D109/><U12/><E12/><V74/><F74/><AGARI ba="0,0" hai="3,4,11,33,34,35,74,75,121,122,123" m="62607" machi="74" ten="40,1300,0" yaku="23,1" doraHai="16" who="1" fromWho="2" sc="246,0,360,13,94,-13,300,0" owari="246,-15.4,373,47.3,81,-41.9,300,10.0" /></mjloggm>