<mjloggm ver="2.3"><GO type="225" lobby="0"/><UN n0="%E7%AB%8B%E8%8A%B1%E9%9F%BF" n1="%E3%82%BC%E3%83%AB%E3%83%80%E3%81%AE%E4%BC%9D%E8%AA%AC" n2="%E3%81%B5%E3%81%98%E3%81%8B%E3%81%A4" n3="%E3%83%B4%E3%83%A0%EF%BC%99%E3%81%A6" dan="17,18,16,16" rate="2137.04,2202.09,2185.08,2113.95" sx="F,M,M,M"/><TAIKYOKU oya="0"/><INIT seed="0,0,0,0,4,69" ten="250,250,250,250" oya="0" hai0="56,44,33,54,67,2,43,134,104,102,23,116,29" hai1="40,128,0,53,6,112,62,71,97,45,50,20,77" hai2="130,118,51,39,94,101,5,89,95,52,123,66,70" hai3="7,36,32,98,132,74,79,38,76,9,63,42,25"/><T59/><D116/><U64/><E128/><V135/><F118/><W93/><G132/><T113/><D113/><U75/><E112/><V8/><F123/><W60/><G32/><T107/><D134/><U117/><E117/><V106/><F135/><W90/><G25/><T12/><D2/><U91/><E20/><V30/><F130/><W73/><G42/><T120/><D120/><U108/><E108/><V68/><F30/><W27/><G27/><T57/><D33/><U81/><E6/><V115/><F115/><W100/><G100/><T49/><D67/><U22/><E22/><V65/><F106/><W19/><G19/><T99/><D107/><U4/><E4/><V126/><F126/><W13/><G63/><T86/><D86/><U72/><E0/><V110/><F110/><W11/><G60/><T92/><D104/><U103/><E91/><V129/><F129/><W58/><G58/><T124/><D124/><U119/><E119/><V35/><F35/><W133/><G9/><T55/><D55/><U24/><E24/><V31/><F31/><W47/><G47/><T28/><D54/><U109/><E53/><V15/><F70/><W10/><G10/><T21/><D21/><U14/><E14/><V121/><F68/><W80/><G133/><T114/><D114/><U87/><E109/><V18/><F5/><W78/><G78/><T26/><D29/><U88/><E77/><V127/><F127/><W105/><G105/><AGARI ba="0,0" hai="40,45,50,62,64,71,72,75,81,87,88,97,103,105" machi="105" ten="30,2000,0" yaku="7,1,54,1" doraHai="69" who="1" fromWho="3" sc="250,0,250,20,250,0,250,-20" /><INIT seed="1,0,0,4,5,41" ten="250,270,250,230" oya="1" hai0="105,84,122,35,129,27,133,19,4,124,25,28,106" hai1="63,16,111,6,58,114,85,12,59,67,91,20,60" hai2="100,68,127,69,107,94,132,48,54,50,76,36,130" hai3="83,65,78,112,37,13,120,32,53,0,101,8,99"/><U34/><E114/><V11/><F107/><W45/><G112/><T109/><D109/><U125/><E125/><V42/><F127/><W55/><G120/><T121/><D124/><U119/><E119/><V131/><F76/><W61/><G32/><T24/><D133/><U108/><E34/><V62/><F11/><W103/><G0/><T79/><D4/><U39/><E39/><V52/><F94/><W96/><G96/><T82/><D129/><N who="2" m="49162" /><F100/><W44/><G37/><T118/><D118/><U30/><E30/><V123/><F123/><N who="0" m="47114" /><D25/><U2/><E6/><V128/><F132/><W51/><G65/><T40/><D40/><U72/><E72/><V5/><F5/><W46/><G61/><T77/><D77/><U43/><E43/><V7/><F7/><N who="3" m="3231" /><G55/><N who="2" m="21033" /><F128/><W97/><G101/><T135/><D135/><U38/><E38/><V49/><F62/><W56/><G103/><T75/><D75/><U93/><E2/><V92/><F92/><W117/><G117/><T73/><D73/><U70/><REACH who="1" step="1"/><E63/><REACH who="1" ten="250,260,250,230" step="2"/><V116/><F116/><W15/><G15/><T64/><D28/><U33/><E33/><V90/><F36/><W74/><G74/><T102/><D35/><U80/><E80/><V134/><F134/><W31/><G31/><T22/><D82/><U88/><E88/><V23/><F42/><W113/><G113/><T110/><D79/><U87/><E87/><V126/><F126/><W95/><G95/><T29/><D84/><U26/><E26/><V47/><F90/><W57/><G83/><T115/><D115/><U14/><E14/><V1/><F1/><RYUUKYOKU ba="0,1" sc="250,-10,260,30,250,-10,230,-10" hai1="12,16,20,58,59,60,67,70,85,91,93,108,111" /><INIT seed="1,1,1,0,3,80" ten="240,290,240,220" oya="1" hai0="78,74,57,127,0,7,88,120,44,68,20,70,23" hai1="5,3,52,42,113,36,116,86,128,75,115,41,28" hai2="4,48,59,12,47,71,16,121,79,43,100,94,49" hai3="64,93,81,103,37,24,111,92,63,45,102,114,105"/><U34/><E116/><V60/><F121/><W108/><G114/><T19/><D120/><U98/><E98/><V10/><F71/><W134/><G134/><T32/><D32/><U66/><E66/><V135/><F135/><W51/><G37/><T69/><D127/><U40/><E75/><V133/><F133/><W106/><G24/><T110/><D110/><N who="3" m="42025" /><G81/><T130/><D130/><U90/><E36/><V132/><F132/><W33/><G33/><T1/><D44/><U72/><E72/><V85/><F49/><W25/><G25/><T8/><D1/><U126/><E28/><V96/><F4/><W73/><G73/><T122/><D122/><U107/><E34/><V15/><F15/><W35/><G35/><T56/><D78/><U117/><E117/><V11/><F11/><W124/><G124/><T119/><D74/><U55/><E107/><N who="3" m="40970" /><G103/><T95/><D119/><U101/><E101/><V21/><F10/><W131/><G102/><T58/><REACH who="0" step="1"/><D19/><REACH who="0" ten="230,290,240,220" step="2"/><U99/><E128/><V87/><F79/><W46/><G131/><T67/><D67/><AGARI ba="1,2" hai="12,16,21,43,47,48,59,60,67,85,87,94,96,100" machi="67" ten="30,8000,1" yaku="7,1,8,1,52,2,54,1" doraHai="80" who="2" fromWho="0" sc="230,-83,290,0,240,103,220,0" /><INIT seed="2,0,0,4,2,68" ten="147,290,343,220" oya="2" hai0="72,115,113,117,134,132,1,92,101,31,87,75,66" hai1="29,93,18,102,45,61,46,28,112,88,2,14,64" hai2="81,96,59,67,119,33,12,85,16,97,60,19,50" hai3="86,94,69,21,83,79,37,48,42,56,71,52,131"/><V51/><F119/><W3/><G3/><T47/><D1/><U118/><E2/><V4/><F33/><W11/><G131/><T133/><D31/><U44/><E102/><V6/><F6/><W126/><G126/><T135/><N who="0" m="33792" /><DORA hai="76" /><T124/><D66/><U110/><E112/><N who="0" m="43081" /><D47/><U20/><E110/><V62/><F62/><W34/><G34/><T106/><D124/><U74/><E74/><N who="0" m="28201" /><D117/><U105/><E118/><V100/><F4/><W73/><G11/><T121/><D121/><U111/><E28/><V26/><F26/><W125/><G21/><T15/><D15/><U77/><E29/><V30/><F30/><W55/><G125/><T10/><D10/><U41/><E14/><V36/><F36/><W123/><G55/><T38/><D38/><U7/><E46/><V103/><F19/><W5/><G5/><T58/><D58/><U8/><E45/><V95/><F12/><W54/><G54/><T40/><D40/><U108/><E44/><V17/><F51/><W0/><G0/><T13/><D13/><U89/><E18/><V98/><F50/><W116/><G116/><T120/><D120/><U35/><E8/><V84/><F59/><W49/><G49/><T23/><D23/><U122/><E20/><V70/><F17/><W130/><G123/><T57/><D57/><U109/><E122/><V25/><F25/><W128/><G42/><T43/><D43/><U39/><E7/><V90/><F16/><W127/><G37/><T80/><D106/><U22/><E35/><V78/><AGARI ba="0,0" hai="60,67,70,78,81,84,85,90,95,96,97,98,100,103" machi="78" ten="30,3000,0" yaku="0,1,52,1" doraHai="68,76" who="2" fromWho="2" sc="147,-10,290,-10,343,30,220,-10" /><INIT seed="2,1,0,5,2,52" ten="137,280,373,210" oya="2" hai0="35,59,34,25,124,13,42,56,108,91,38,15,77" hai1="79,53,20,129,47,99,85,119,33,122,17,110,132" hai2="114,65,135,46,31,36,70,50,127,121,125,22,63" hai3="104,133,27,66,88,43,1,11,87,107,117,64,82"/><V45/><F121/><W92/><G117/><T98/><D77/><U60/><E33/><V90/><F31/><W112/><G133/><T123/><D123/><U105/><E119/><V40/><F22/><W5/><G112/><T76/><D76/><U44/><E122/><V118/><F90/><W96/><G43/><T10/><D108/><U23/><E23/><V74/><F74/><W78/><G104/><T72/><D72/><U0/><E0/><V58/><F114/><W61/><G61/><T120/><D120/><U54/><E110/><V8/><F8/><W16/><G27/><T106/><D124/><N who="2" m="47690" /><F135/><W130/><G130/><T113/><D113/><U103/><E129/><V28/><F28/><W131/><G131/><T19/><D15/><U14/><E132/><V3/><F3/><W49/><G49/><T116/><D116/><U32/><E32/><V80/><F80/><W69/><G69/><T6/><D35/><U7/><E14/><V94/><F94/><W115/><G115/><T128/><D128/><U55/><E20/><V12/><F12/><W29/><G29/><T111/><D111/><U89/><E105/><V2/><F2/><W71/><G71/><T57/><D106/><U101/><E79/><V37/><F118/><W83/><G83/><T51/><D34/><U62/><E89/><V102/><F102/><N who="3" m="62919" /><G16/><T126/><D126/><U68/><E17/><V73/><F73/><AGARI ba="1,0" hai="1,5,11,64,66,73,78,82,87,88,92" m="62919" machi="73" ten="30,2000,0" yaku="24,1,54,1" doraHai="52" who="3" fromWho="2" sc="137,0,280,0,373,-23,210,23" /><INIT seed="3,0,0,3,2,35" ten="137,280,350,233" oya="3" hai0="75,118,123,61,134,1,63,60,91,45,132,7,59" hai1="99,29,65,77,86,73,107,38,9,83,53,80,111" hai2="89,124,105,48,4,112,128,34,85,84,28,62,27" hai3="97,47,106,113,54,130,68,56,81,125,72,103,31"/><W8/><G113/><T126/><D75/><U25/><E38/><V98/><F112/><W94/><G68/><T122/><D118/><U79/><E111/><V21/><F124/><W120/><G125/><T96/><D126/><U110/><E110/><V70/><F128/><W87/><G130/><T74/><D74/><U44/><E65/><V95/><F48/><W108/><G120/><T109/><D109/><U13/><E53/><V15/><F105/><W43/><G108/><T23/><D45/><U10/><E44/><V66/><F34/><W90/><G31/><T114/><D114/><U131/><E131/><V119/><F119/><W42/><G8/><T92/><D23/><U18/><E99/><V22/><F4/><W12/><G12/><T36/><D36/><U32/><E107/><V58/><F70/><W51/><REACH who="3" step="1"/><G56/><REACH who="3" ten="137,280,350,223" step="2"/><T76/><D59/><U19/><E9/><V104/><F15/><W133/><G133/><T5/><D76/><AGARI ba="0,1" hai="42,43,47,51,54,72,76,81,87,90,94,97,103,106" machi="76" ten="40,7700,0" yaku="1,1,24,2,53,0" doraHai="35" doraHaiUra="17" who="3" fromWho="0" sc="137,-77,280,0,350,0,223,87" /><INIT seed="3,1,0,5,5,59" ten="60,280,350,310" oya="3" hai0="2,15,1,104,58,106,54,68,41,116,27,14,30" hai1="100,13,23,7,87,37,66,101,78,135,134,74,133" hai2="79,88,126,96,67,120,12,22,36,91,33,10,16" hai3="38,25,48,50,95,24,122,17,73,81,64,34,21"/><W89/><G38/><T18/><D116/><U49/><E37/><V124/><F36/><W103/><G122/><T99/><D68/><U45/><E74/><V4/><F120/><W61/><G103/><T56/><D27/><U26/><E78/><V112/><F112/><W131/><G131/><T31/><D99/><U8/><E87/><V85/><F33/><W93/><G34/><T55/><D41/><U60/><E49/><V80/><F67/><W28/><G81/><T0/><D18/><U113/><E45/><V65/><F65/><W76/><G76/><T29/><D58/><U121/><E113/><V130/><F130/><W117/><G73/><T128/><D56/><N who="1" m="37127" /><E121/><V62/><F62/><W94/><G89/><T82/><D82/><U40/><E40/><V35/><F35/><W70/><G117/><T119/><D119/><U109/><E109/><V5/><F5/><W83/><G83/><T105/><REACH who="0" step="1"/><D128/><REACH who="0" ten="50,280,350,310" step="2"/><U86/><E86/><V63/><F96/><W114/><G114/><T132/><D132/><U127/><E127/><N who="2" m="48683" /><F79/><W52/><G52/><AGARI ba="1,1" hai="0,1,2,14,15,29,30,31,52,54,55,104,105,106" machi="52" ten="60,12000,2" yaku="1,1,29,2,28,2,54,1,53,0" doraHai="59" doraHaiUra="125" who="0" fromWho="3" sc="50,133,280,0,350,0,310,-123" owari="183,-31.7,280,8.0,350,45.0,187,-21.3" /></mjloggm>