<mjloggm ver="2.3"><GO type="225" lobby="0"/><UN n0="%E5%AF%82%E5%AF%9E%E3%82%AE%E3%83%8D%E3%82%B9%E3%83%93%E3%83%BC%E3%83%AB" n1="%E6%80%AA%E3%81%97%E3%81%99%E3%81%8E%E3%82%8B%E3%83%81%E3%83%BC" n2="%E3%83%AD%E3%83%83%E3%83%86%E9%9B%80%E7%90%83" n3="%E8%A8%88%E7%AE%97%E6%A9%9F%E8%87%AA%E7%84%B6" dan="16,16,17,17" rate="2171.31,2151.75,2265.29,2216.82" sx="M,M,M,M"/><TAIKYOKU oya="0"/><INIT seed="0,0,0,3,0,31" ten="250,250,250,250" oya="0" hai0="85,23,126,4,58,51,103,55,106,7,135,90,62" hai1="98,13,132,127,19,46,37,77,91,110,59,1,20" hai2="108,39,18,56,45,97,21,116,2,119,107,73,25" hai3="22,87,78,17,29,49,88,61,53,124,38,12,122"/><T41/><D135/><U75/><E1/><V30/><F108/><W15/><G38/><T16/><D126/><U52/><E110/><V105/><F73/><W32/><G124/><T128/><D128/><U130/><E130/><V118/><F2/><W101/><G122/><T60/><D103/><U113/><E132/><V9/><F56/><N who="3" m="32815" /><G78/><T94/><D106/><U28/><E113/><V76/><F76/><W99/><G61/><N who="0" m="23659" /><D41/><U82/><E127/><V5/><F97/><W43/><G43/><T10/><D10/><U89/><E28/><V81/><F81/><W111/><G111/><T47/><D47/><U93/><E37/><V123/><F123/><W50/><G50/><T92/><D94/><U36/><E36/><V44/><F5/><W74/><G74/><T64/><D64/><U112/><E46/><N who="2" m="18027" /><F39/><W121/><G121/><T86/><D86/><U95/><E112/><V69/><F69/><W120/><G120/><T100/><D100/><U102/><REACH who="1" step="1"/><E95/><REACH who="1" ten="250,240,250,250" step="2"/><V57/><F107/><W34/><G29/><T125/><D125/><U80/><E80/><V26/><F105/><N who="3" m="63679" /><G12/><AGARI ba="0,1" hai="4,7,12,16,23,51,55,58,85,90,92" m="23659" machi="12" ten="30,5800,0" yaku="25,1,8,1,54,1" doraHai="31" who="0" fromWho="3" sc="250,68,240,0,250,0,250,-58" /><INIT seed="0,1,0,2,2,36" ten="318,240,250,192" oya="0" hai0="6,22,15,1,38,64,73,92,23,79,57,93,61" hai1="5,86,12,25,108,97,110,131,77,19,95,87,96" hai2="130,81,90,119,78,125,106,0,21,50,43,132,7" hai3="2,14,31,113,70,46,34,62,68,55,88,3,53"/><T9/><D38/><U8/><E131/><V126/><F106/><W104/><G104/><T83/><REACH who="0" step="1"/><D23/><REACH who="0" ten="308,240,250,192" step="2"/><U13/><E108/><V42/><F21/><W44/><G34/><T69/><D69/><U74/><E110/><V20/><F130/><W41/><G68/><T98/><D98/><U63/><E97/><V127/><F20/><W66/><G70/><T72/><D72/><U10/><E74/><V29/><F126/><W26/><G113/><T48/><D48/><U28/><E96/><V35/><F50/><W123/><G123/><T112/><D112/><U121/><E121/><V124/><F124/><W30/><G26/><T65/><D65/><U128/><E25/><V129/><F129/><W4/><G66/><T89/><D89/><U133/><E128/><V54/><F90/><W17/><G88/><T47/><D47/><U16/><E87/><V33/><F35/><W80/><G44/><T117/><D117/><U24/><E86/><V135/><F119/><W84/><G46/><T122/><D122/><U109/><E24/><V101/><F33/><W115/><G84/><T107/><D107/><U111/><E109/><V76/><F127/><W118/><G115/><T58/><D58/><U120/><E111/><V67/><F67/><W85/><G118/><T114/><D114/><U51/><E120/><V71/><F71/><W45/><G85/><T32/><D32/><U99/><E99/><V134/><F125/><W94/><G45/><T49/><D49/><U116/><E51/><V100/><F134/><W102/><G53/><T39/><D39/><U103/><E116/><RYUUKYOKU ba="1,1" sc="308,30,240,-10,250,-10,192,-10" hai0="1,6,9,15,22,57,61,64,73,79,83,92,93" /><INIT seed="0,2,1,1,2,37" ten="338,230,240,182" oya="0" hai0="125,111,67,12,29,22,10,84,38,58,99,5,42" hai1="112,27,11,75,9,116,70,18,106,24,13,64,101" hai2="66,85,83,62,108,69,115,78,51,88,135,87,15" hai3="61,4,54,76,95,89,21,35,102,100,16,34,3"/><T45/><D125/><U55/><E116/><V0/><F108/><W19/><G76/><T104/><D111/><U118/><E118/><V86/><F135/><W82/><G82/><T107/><D84/><U132/><E75/><V73/><F0/><W33/><G4/><T119/><D119/><U26/><E132/><V133/><F115/><W97/><G3/><T53/><D67/><U71/><E112/><V93/><F133/><W65/><G54/><T20/><D29/><U117/><E117/><V48/><REACH who="2" step="1"/><F15/><REACH who="2" ten="338,230,230,182" step="2"/><W109/><G109/><T110/><D110/><U57/><E13/><V124/><F124/><W14/><REACH who="3" step="1"/><G19/><REACH who="3" ten="338,230,230,172" step="2"/><T130/><D5/><U41/><E18/><V39/><F39/><W105/><G105/><T72/><D38/><U63/><E106/><V40/><F40/><W32/><N who="3" m="8192" /><DORA hai="120" /><W68/><AGARI ba="2,3" hai="14,16,21,61,65,68,89,95,97,100,102" m="8192" machi="68" ten="60,8000,1" yaku="1,1,4,1,0,1,54,1,53,0" doraHai="37,120" doraHaiUra="6,123" who="3" fromWho="3" sc="338,-42,230,-22,230,-22,172,116" /><INIT seed="1,0,0,3,3,63" ten="296,208,208,288" oya="1" hai0="43,38,41,21,80,2,49,92,127,15,132,110,89" hai1="85,33,75,53,13,51,45,94,117,44,90,133,67" hai2="72,129,79,29,14,10,56,130,27,106,82,91,61" hai3="66,20,31,131,125,55,124,113,114,54,107,6,25"/><U77/><E117/><V135/><F106/><W88/><G107/><T11/><D110/><U22/><E33/><V39/><F39/><W134/><G6/><T4/><D38/><U95/><E133/><V26/><F135/><W46/><G134/><T73/><D132/><U32/><E32/><V60/><F60/><W23/><G131/><N who="2" m="50185" /><F91/><W8/><G8/><T1/><D127/><N who="3" m="48713" /><G66/><T122/><D122/><U30/><E75/><V9/><F29/><W19/><G88/><T81/><D73/><U65/><E77/><V34/><F34/><W37/><G54/><T99/><D41/><U108/><E108/><V105/><F105/><W83/><G83/><T84/><D80/><U68/><E68/><V70/><F70/><W123/><G123/><T118/><D118/><U119/><E119/><V58/><F9/><W52/><G113/><T98/><D21/><U101/><E44/><V115/><F58/><W71/><G71/><T112/><D112/><U24/><E13/><V111/><F111/><W0/><G0/><T97/><D81/><U50/><E50/><V93/><F93/><W120/><G114/><T74/><D74/><U96/><AGARI ba="0,0" hai="22,24,30,45,51,53,65,67,85,90,94,95,96,101" machi="96" ten="30,11700,0" yaku="0,1,8,1,52,2" doraHai="63" who="1" fromWho="1" sc="296,-39,208,117,208,-39,288,-39" /><INIT seed="1,1,0,0,5,78" ten="257,325,169,249" oya="1" hai0="114,122,91,101,88,97,36,16,21,38,116,28,74" hai1="18,52,51,57,85,58,49,121,92,104,12,76,100" hai2="108,135,13,15,26,33,95,96,86,132,125,25,35" hai3="23,50,1,43,37,30,2,123,75,98,112,46,7"/><U63/><E121/><V17/><F86/><W110/><G123/><T130/><D116/><U120/><E120/><V47/><F95/><W24/><G112/><T54/><D122/><U29/><E29/><V19/><F96/><W14/><G75/><T106/><D114/><U90/><E104/><V6/><F47/><W34/><G110/><T126/><D74/><U118/><E118/><V45/><F45/><W11/><G37/><T42/><D130/><U131/><E131/><V107/><F107/><W103/><REACH who="3" step="1"/><G34/><REACH who="3" ten="257,325,169,239" step="2"/><T62/><D38/><U70/><E70/><V82/><F108/><W111/><G111/><T48/><D36/><U129/><E129/><V77/><F77/><W20/><G20/><T4/><D21/><N who="1" m="11463" /><E76/><V105/><F105/><AGARI ba="1,1" hai="1,2,7,11,14,23,24,30,43,46,50,98,103,105" machi="105" ten="30,2000,0" yaku="1,1,7,1,53,0" doraHai="78" doraHaiUra="68" who="3" fromWho="2" sc="257,0,325,0,169,-23,239,33" /><INIT seed="2,0,0,1,5,36" ten="257,325,146,272" oya="2" hai0="107,130,16,115,18,28,126,58,15,63,27,94,54" hai1="92,108,66,1,12,65,87,98,43,59,72,42,104" hai2="81,91,62,52,122,135,19,89,20,118,40,13,125" hai3="17,44,24,37,131,85,48,123,9,86,74,101,102"/><V49/><F118/><W70/><G74/><T117/><D107/><U69/><E1/><V55/><F122/><W129/><G37/><T64/><D115/><U76/><E69/><V119/><F119/><W67/><G123/><T68/><D117/><U61/><E108/><V114/><F114/><W6/><G67/><T109/><D109/><U11/><E72/><V39/><F125/><W95/><G70/><T88/><D130/><N who="3" m="49673" /><G17/><T134/><D134/><U84/><E66/><V38/><F135/><W78/><G24/><T26/><D126/><U120/><E104/><V7/><F39/><W46/><G46/><T82/><D82/><N who="1" m="47175" /><E87/><N who="3" m="33290" /><G95/><T83/><D83/><U22/><E22/><V53/><F38/><W31/><G31/><T113/><D113/><U71/><E71/><V106/><F106/><W32/><G32/><T97/><D28/><U5/><E120/><V14/><F81/><W57/><G57/><T60/><REACH who="0" step="1"/><D18/><REACH who="0" ten="247,325,146,272" step="2"/><U116/><E116/><V77/><F77/><W29/><G29/><T132/><D132/><U25/><E92/><V35/><F35/><W0/><G78/><T79/><D79/><U110/><E110/><V90/><F62/><W96/><G96/><T34/><D34/><U10/><E98/><V100/><F100/><W8/><G8/><AGARI ba="0,1" hai="8,15,16,26,27,54,58,60,63,64,68,88,94,97" machi="8" ten="30,7700,0" yaku="1,1,7,1,54,2,53,0" doraHai="36" doraHaiUra="127" who="0" fromWho="3" sc="247,87,325,0,146,0,272,-77" /><INIT seed="3,0,0,3,1,101" ten="334,325,146,195" oya="3" hai0="34,47,20,30,57,52,74,58,114,60,132,90,81" hai1="76,31,88,42,118,95,16,97,37,49,108,98,128" hai2="120,83,64,86,41,73,123,135,127,22,103,44,33" hai3="78,133,50,93,99,82,14,24,59,4,92,91,0"/><W27/><G0/><T85/><D34/><U109/><E37/><V36/><F33/><W104/><G133/><T119/><D119/><U113/><E113/><V54/><F135/><W48/><G104/><T56/><D132/><U116/><E128/><V21/><F127/><W89/><G4/><T117/><D117/><U130/><E130/><V121/><F73/><W62/><G14/><T131/><D74/><U12/><E76/><V80/><F64/><W94/><G48/><N who="0" m="28703" /><D114/><U100/><E31/><V45/><F103/><W26/><G50/><T112/><D112/><U75/><E75/><V107/><F107/><W61/><G99/><T17/><D30/><U124/><E124/><V18/><F45/><W79/><G82/><T5/><D5/><U115/><E115/><V66/><F66/><W8/><G8/><T106/><D106/><N who="1" m="63759" /><E42/><V15/><F54/><W11/><G11/><T84/><D84/><U77/><E77/><N who="3" m="29194" /><G59/><T1/><D1/><U70/><E49/><V65/><F65/><W23/><G23/><T28/><D131/><U71/><E118/><V87/><REACH who="2" step="1"/><F22/><REACH who="2" ten="334,325,136,195" step="2"/><W38/><G38/><T125/><BYE who="3" /><D125/><UN n3="%E8%A8%88%E7%AE%97%E6%A9%9F%E8%87%AA%E7%84%B6" /><U67/><E116/><V3/><F3/><W102/><G102/><T51/><D58/><U32/><E32/><V46/><F46/><W105/><G105/><T134/><D57/><U29/><E67/><V13/><F13/><W39/><G39/><T129/><D134/><U72/><E72/><V43/><F43/><W7/><G24/><T53/><D129/><U68/><E29/><V9/><F9/><W122/><G26/><N who="0" m="14607" /><D28/><U35/><E35/><RYUUKYOKU ba="0,1" sc="334,10,325,10,136,10,195,-30" hai0="51,53,56,60,81,85,90" hai1="12,16,68,70,71,88,95,98,108,109" hai2="15,18,21,36,41,44,80,83,86,87,120,121,123" owari="354,45.4,335,13.5,146,-35.4,165,-23.5" /></mjloggm>