<mjloggm ver="2.3"><GO type="225" lobby="0"/><UN n0="%E9%B3%B3%E6%9D%B1%E3%81%AE%E3%81%86%E3%81%95%E3%81%8E%E3%81%95%E3%82%93" n1="%54%4F%52" n2="%72%61%6B%33" n3="%E6%B0%B7%E5%B7%9D%E9%87%8C%E5%A5%88" dan="17,17,16,16" rate="2212.34,2239.36,2079.99,2171.70" sx="M,M,M,F"/><TAIKYOKU oya="0"/><INIT seed="0,0,0,2,4,9" ten="250,250,250,250" oya="0" hai0="129,13,135,12,17,76,39,108,74,32,20,97,0" hai1="112,35,53,49,34,128,37,86,5,124,58,33,117" hai2="88,84,116,43,70,50,40,101,51,102,130,131,15" hai3="14,8,52,4,82,132,19,91,26,28,11,94,115"/><T106/><D0/><U133/><E117/><V105/><F70/><W73/><G115/><T66/><D32/><U121/><E121/><V47/><F116/><W62/><G132/><T111/><D135/><U104/><E133/><V68/><F68/><W44/><G73/><T57/><D39/><U109/><E104/><V3/><F3/><W114/><G114/><T89/><D129/><U85/><E112/><V87/><F105/><W42/><G82/><N who="0" m="45335" /><D66/><U100/><E100/><V7/><F7/><W24/><G28/><T60/><D89/><U23/><E37/><V29/><F29/><W122/><G122/><T56/><D97/><U120/><E120/><V16/><F84/><W41/><G26/><N who="0" m="14607" /><D106/><U27/><E128/><N who="2" m="49195" /><F50/><N who="3" m="28743" /><G62/><T59/><D60/><U64/><E64/><V103/><F43/><W77/><G77/><T1/><D1/><U90/><E85/><V93/><F103/><W95/><G95/><T31/><D31/><U80/><E5/><V25/><F25/><W98/><G24/><T71/><D71/><U48/><E48/><V125/><F125/><W75/><G75/><T83/><D83/><U69/><E69/><V65/><F65/><W78/><G78/><T46/><D46/><U21/><E124/><V63/><F63/><W22/><G4/><T126/><D126/><U96/><E96/><V61/><F61/><W38/><G38/><T79/><D79/><U36/><E36/><V72/><F72/><W2/><G2/><T127/><D127/><U92/><E80/><V67/><F67/><W81/><G81/><T107/><D107/><U123/><E123/><RYUUKYOKU ba="0,0" sc="250,10,250,-30,250,10,250,10" hai0="12,13,56,57,59,108,111" hai2="15,16,40,47,51,87,88,93,101,102" hai3="8,11,14,19,22,41,42,91,94,98" /><INIT seed="0,1,0,4,0,118" ten="260,220,260,260" oya="0" hai0="47,54,20,103,86,108,74,67,106,55,126,41,107" hai1="16,2,122,22,66,71,131,84,73,100,61,129,109" hai2="29,56,32,34,127,45,92,17,124,64,9,78,12" hai3="134,48,77,68,0,87,8,28,15,26,114,23,65"/><T80/><D74/><U105/><E73/><V110/><F78/><W49/><G114/><T63/><D126/><U135/><E2/><V24/><F45/><W44/><G134/><T52/><D20/><U59/><E135/><V1/><F92/><W38/><G0/><T117/><D117/><U81/><E109/><V112/><F56/><W95/><G68/><T57/><D103/><U101/><E71/><V37/><F37/><W25/><G25/><T50/><REACH who="0" step="1"/><D108/><REACH who="0" ten="250,220,260,260" step="2"/><U58/><E101/><V53/><F110/><W10/><G23/><T128/><D128/><U119/><E119/><V91/><F127/><W94/><G26/><T75/><D75/><U88/><E129/><V104/><F24/><W19/><G28/><T79/><AGARI ba="1,1" hai="41,47,50,52,54,55,57,63,67,79,80,86,106,107" machi="79" ten="30,6000,0" yaku="1,1,0,1,54,1,53,0" doraHai="118" doraHaiUra="21" who="0" fromWho="0" sc="250,73,220,-21,260,-21,260,-21" /><INIT seed="0,2,0,3,1,35" ten="323,199,239,239" oya="0" hai0="126,81,128,124,41,106,47,61,62,123,74,10,8" hai1="72,101,4,36,19,57,75,89,1,64,90,13,27" hai2="83,119,88,38,22,43,25,93,40,94,58,0,112" hai3="15,50,108,80,3,33,16,122,129,5,65,20,100"/><T66/><D123/><U67/><E36/><V28/><F112/><W14/><G33/><T49/><D106/><U121/><E121/><V105/><F105/><W51/><G122/><T48/><D128/><U95/><E101/><V110/><F110/><W69/><G108/><T71/><D49/><U53/><E27/><V68/><F68/><W11/><G129/><T134/><D61/><U9/><E75/><V7/><F119/><W31/><G100/><T125/><REACH who="0" step="1"/><D134/><REACH who="0" ten="313,199,239,239" step="2"/><U76/><E67/><V45/><F40/><W24/><G51/><T12/><D12/><U42/><E64/><V56/><F83/><W104/><G104/><T18/><D18/><U132/><E42/><V117/><F117/><W59/><G15/><T114/><D114/><U21/><E132/><V77/><F94/><W79/><G50/><T55/><D55/><U52/><E53/><V98/><REACH who="2" step="1"/><F77/><AGARI ba="2,1" hai="8,10,41,47,48,62,66,71,74,77,81,124,125,126" machi="77" ten="40,7700,0" yaku="1,1,18,1,53,1" doraHai="35" doraHaiUra="46" who="0" fromWho="2" sc="313,93,199,0,239,-83,239,0" /><INIT seed="0,3,0,2,4,83" ten="406,199,156,239" oya="0" hai0="51,11,123,113,62,71,80,103,45,67,31,19,49" hai1="119,55,34,35,12,98,47,88,5,43,105,78,68" hai2="44,122,100,53,66,28,116,84,59,65,3,133,128" hai3="126,97,36,26,86,30,89,82,9,2,117,115,63"/><T18/><D113/><U58/><E68/><V39/><F122/><W20/><G115/><T48/><D123/><U64/><E64/><V37/><F3/><W109/><G117/><T42/><D31/><U96/><E119/><V75/><F75/><W25/><G36/><N who="2" m="13897" /><F84/><W72/><G109/><T70/><D70/><U76/><E105/><V77/><F77/><W102/><G126/><T16/><D103/><U112/><E112/><V120/><F28/><W131/><G131/><T13/><REACH who="0" step="1"/><D80/><REACH who="0" ten="396,199,156,239" step="2"/><U56/><E35/><V127/><F100/><W24/><G30/><T23/><D23/><U121/><E34/><V1/><F120/><W15/><G20/><T79/><D79/><U108/><E78/><V17/><F116/><W69/><G69/><T114/><D114/><U91/><E76/><V6/><F128/><W107/><G72/><T4/><AGARI ba="3,1" hai="4,11,13,16,18,19,42,45,48,49,51,62,67,71" machi="4" ten="30,6000,0" yaku="1,1,0,1,54,1,53,0" doraHai="83" doraHaiUra="95" who="0" fromWho="0" sc="396,79,199,-23,156,-23,239,-23" /><INIT seed="0,4,0,5,0,4" ten="475,176,133,216" oya="0" hai0="56,28,25,124,132,116,134,87,46,118,60,114,20" hai1="43,95,62,110,65,129,100,40,126,3,113,49,27" hai2="32,54,55,29,123,7,23,102,99,19,128,50,44" hai3="103,115,135,68,71,1,78,91,37,94,5,21,89"/><T108/><D114/><U80/><E3/><V122/><F128/><W76/><G115/><T73/><D73/><U109/><E113/><V130/><F130/><W127/><G37/><T11/><D124/><U39/><E39/><V85/><F32/><W2/><G21/><T133/><D108/><N who="1" m="41579" /><E129/><V90/><F29/><W53/><G94/><T61/><D46/><U48/><E80/><V57/><F7/><W14/><G5/><T84/><D11/><U16/><E126/><V67/><F67/><W38/><G38/><T15/><D15/><U0/><E0/><V101/><F99/><W66/><G127/><T105/><D105/><U59/><E95/><V121/><F54/><W107/><G53/><N who="0" m="33807" /><D61/><U41/><E100/><V117/><F44/><W18/><G103/><T8/><D8/><U112/><E112/><V17/><F117/><AGARI ba="4,0" hai="20,25,28,84,87,116,117,118,132,133,134" m="33807" machi="117" ten="40,2000,0" yaku="20,1" doraHai="4" who="0" fromWho="2" sc="475,32,176,0,133,-32,216,0" /><INIT seed="0,5,0,4,0,104" ten="507,176,101,216" oya="0" hai0="127,112,20,72,28,38,126,64,92,133,98,111,51" hai1="118,50,85,114,35,0,82,120,95,101,42,26,14" hai2="113,60,15,97,43,124,86,31,103,45,22,40,58" hai3="32,132,78,21,102,129,76,100,123,134,33,90,6"/><T84/><D112/><U3/><E118/><V70/><F124/><N who="0" m="47658" /><D38/><U12/><E120/><V46/><F113/><W73/><G21/><T41/><D133/><U61/><E114/><V39/><F70/><W68/><G90/><T116/><D116/><U16/><E61/><V93/><F86/><W27/><G27/><N who="0" m="16487" /><D64/><U125/><E125/><V128/><F128/><W65/><G65/><T8/><D84/><U77/><E35/><V122/><F122/><W99/><G99/><T88/><D111/><U79/><E26/><N who="2" m="16855" /><F15/><W13/><G13/><T89/><D8/><U130/><E130/><V49/><F39/><W107/><G129/><T106/><D106/><U81/><E12/><V56/><F60/><W115/><G107/><T96/><D98/><U87/><E101/><V75/><F103/><W80/><G115/><T74/><D89/><U19/><E95/><V29/><F93/><W25/><G123/><T59/><D59/><U91/><E91/><V66/><F58/><W34/><G68/><T109/><D109/><U37/><E37/><V131/><F56/><W9/><G102/><T4/><D4/><U23/><REACH who="1" step="1"/><E19/><REACH who="1" ten="507,166,101,216" step="2"/><V108/><F131/><W5/><G100/><T10/><D88/><U110/><E110/><V36/><F108/><W1/><G5/><T44/><D92/><U17/><E17/><V30/><F36/><W54/><G25/><T18/><D96/><U94/><E94/><V105/><F97/><W48/><G6/><T47/><D18/><U24/><E24/><V53/><F105/><W62/><G62/><T57/><D51/><U2/><E2/><RYUUKYOKU ba="5,1" sc="507,-10,166,30,101,-10,216,-10" hai1="0,3,14,16,23,42,50,77,79,81,82,85,87" /><INIT seed="1,6,1,2,0,112" ten="497,196,91,206" oya="1" hai0="20,128,119,44,63,50,42,76,114,6,17,82,95" hai1="24,113,111,43,115,47,35,48,13,1,93,25,52" hai2="46,77,32,118,19,79,103,84,101,127,40,10,135" hai3="131,106,61,110,94,90,23,78,45,66,117,99,116"/><U9/><E1/><V21/><F32/><W58/><G110/><T83/><D119/><N who="3" m="45641" /><G131/><T96/><D114/><U70/><E111/><V4/><F118/><W81/><G23/><T0/><D128/><U8/><E70/><V3/><F127/><W92/><G45/><T53/><D0/><U51/><E115/><V97/><F135/><W33/><G33/><T124/><D6/><U56/><E113/><V65/><F65/><W74/><G94/><T100/><D76/><U36/><E8/><V16/><F84/><W88/><G90/><T98/><D98/><U86/><E35/><V27/><F19/><W60/><G60/><T91/><D100/><U73/><E73/><V34/><F34/><W38/><G38/><T126/><D126/><U62/><E36/><V49/><F103/><W89/><G89/><T132/><D132/><U15/><E62/><V18/><F18/><W22/><G22/><T64/><D124/><U80/><E93/><AGARI ba="6,1" hai="3,4,10,16,21,27,40,46,49,77,79,93,97,101" machi="93" ten="30,2000,0" yaku="7,1,54,1" doraHai="112" who="2" fromWho="1" sc="497,0,196,-38,91,48,206,0" /><INIT seed="2,0,0,4,2,123" ten="497,158,139,206" oya="2" hai0="5,23,1,135,8,86,100,14,47,57,25,110,29" hai1="2,89,35,66,70,62,27,95,39,101,18,87,6" hai2="58,129,73,103,77,12,9,17,4,83,34,45,121" hai3="98,46,74,16,28,104,60,64,115,22,52,124,112"/><V114/><F121/><W102/><G124/><T84/><D110/><U109/><E39/><V78/><F114/><N who="3" m="43563" /><G74/><T97/><D135/><U42/><E42/><V94/><F129/><W127/><G127/><T19/><D57/><U108/><E101/><V111/><F34/><W96/><G28/><T130/><D47/><U11/><REACH who="1" step="1"/><E18/><REACH who="1" ten="497,148,139,206" step="2"/><V56/><F103/><W75/><G102/><T93/><D130/><U7/><E7/><V120/><F120/><W99/><G104/><T43/><D43/><U3/><E3/><V122/><F122/><W76/><G75/><T113/><D113/><U15/><E15/><V37/><F17/><W91/><G76/><T116/><D116/><U30/><AGARI ba="0,1" hai="2,6,11,27,30,35,62,66,70,87,89,95,108,109" machi="30" ten="30,8000,1" yaku="1,1,0,1,52,2,53,1" doraHai="123" doraHaiUra="59" who="1" fromWho="1" sc="497,-20,148,90,139,-40,206,-20" /><INIT seed="3,0,0,0,1,126" ten="477,238,99,186" oya="3" hai0="93,79,69,14,42,55,81,85,74,11,34,127,121" hai1="90,76,62,83,39,110,77,46,111,2,99,106,117" hai2="32,87,108,47,60,23,91,92,114,50,89,116,67" hai3="0,13,132,98,33,102,84,7,28,15,25,131,129"/><W29/><G84/><T22/><D34/><U75/><E117/><V61/><F116/><W26/><G132/><T58/><D69/><U119/><E119/><V128/><F32/><N who="3" m="20495" /><G98/><T96/><D121/><U100/><E2/><V3/><F114/><W94/><G94/><T44/><D127/><U120/><E120/><V9/><F108/><N who="1" m="41513" /><E62/><V122/><F122/><W82/><G82/><T70/><D70/><U6/><E6/><V86/><F3/><W40/><G40/><T1/><D1/><U113/><E113/><V107/><F107/><W68/><G102/><T115/><D22/><U36/><E77/><V118/><F118/><W53/><G53/><T80/><D80/><N who="1" m="45087" /><E46/><V20/><F9/><N who="3" m="2279" /><G68/><T57/><D55/><U31/><E31/><V95/><F128/><AGARI ba="0,0" hai="13,15,26,29,33,128,129,131" m="2279,20495" machi="128" ten="30,18000,2" yaku="19,1,34,2,52,3" doraHai="126" who="3" fromWho="2" sc="477,0,238,0,99,-180,186,180" owari="477,57.7,238,-16.2,-81,-58.1,366,16.6" /></mjloggm>