<mjloggm ver="2.3"><GO type="225" lobby="0"/><UN n0="%E6%81%A5%E6%99%92%E3%81%97" n1="%72%69%6F%75%63%68%61%6E" n2="%E6%A1%9C%E8%8A%B1%E9%96%83%E3%80%85" n3="%E5%8C%97%E6%AC%A7%E3%81%AE%E3%82%82%E3%81%93%E3%81%86" dan="16,16,16,16" rate="2128.68,2165.78,2134.04,2164.00" sx="M,M,M,M"/><TAIKYOKU oya="0"/><INIT seed="0,0,0,4,2,20" ten="250,250,250,250" oya="0" hai0="19,86,5,69,100,43,101,9,28,3,119,97,94" hai1="36,14,96,126,59,18,82,116,64,128,135,85,58" hai2="77,133,110,7,1,115,38,89,27,35,17,76,45" hai3="32,39,47,83,91,23,114,10,55,42,53,79,84"/><T62/><D119/><U99/><E116/><V56/><F115/><W71/><G32/><T57/><D69/><U134/><E36/><V2/><F110/><W31/><G71/><T125/><D125/><U80/><E126/><V40/><F133/><N who="1" m="50697" /><E128/><V63/><F89/><W92/><G114/><T87/><D43/><U117/><E117/><V132/><F132/><W61/><G61/><T120/><D120/><U75/><E75/><V90/><F90/><W34/><G34/><T11/><D101/><U8/><E80/><V51/><F38/><W15/><G23/><T108/><D28/><U0/><E0/><V109/><F109/><W65/><G65/><T72/><D72/><U74/><E74/><V16/><F7/><W6/><REACH who="3" step="1"/><G31/><REACH who="3" ten="250,250,250,240" step="2"/><T122/><D108/><U4/><E64/><N who="2" m="39015" /><F35/><W60/><G60/><T127/><D127/><U124/><E124/><V121/><F121/><W81/><G81/><T41/><D122/><U21/><E21/><N who="2" m="13735" /><F1/><W95/><G95/><T46/><D11/><U118/><E118/><V50/><F2/><W130/><G130/><T107/><D107/><U13/><E13/><V68/><F68/><W123/><G123/><T54/><REACH who="0" step="1"/><D19/><REACH who="0" ten="240,250,250,240" step="2"/><U70/><E18/><V66/><F17/><W93/><G93/><T78/><D78/><N who="1" m="46295" /><E70/><V103/><F77/><W104/><G104/><T88/><D88/><U106/><E106/><V129/><F76/><W33/><G33/><T112/><D112/><U26/><E8/><V37/><F129/><W24/><G24/><T44/><D44/><U113/><E26/><V22/><F45/><W67/><G67/><RYUUKYOKU ba="0,2" sc="240,15,250,-15,250,-15,240,15" hai0="3,5,9,41,46,54,57,62,86,87,94,97,100" hai3="6,10,15,39,42,47,53,55,79,83,84,91,92" /><INIT seed="0,1,2,2,4,69" ten="255,235,235,255" oya="0" hai0="46,132,74,19,82,80,83,20,21,106,78,38,131" hai1="104,95,91,113,54,42,81,107,134,67,88,6,55" hai2="124,16,120,90,99,101,118,64,71,7,11,50,126" hai3="92,58,29,45,86,35,1,75,48,22,112,85,40"/><T27/><D131/><U62/><E134/><V59/><F120/><W8/><G112/><T117/><D117/><U128/><E128/><V65/><F118/><W0/><G35/><T100/><D132/><U111/><E111/><V94/><F71/><W135/><G75/><T72/><D72/><U125/><E113/><V32/><F32/><W56/><G135/><T105/><D21/><U15/><E125/><N who="2" m="48235" /><F16/><W24/><G0/><T109/><D109/><U76/><E42/><V4/><F4/><W23/><G1/><T103/><D103/><U52/><E6/><V87/><F50/><W130/><G130/><T73/><D100/><U36/><E36/><V93/><F59/><N who="3" m="22571" /><G8/><T34/><D34/><U9/><E9/><V37/><F37/><W13/><G92/><T119/><D119/><U123/><E123/><V57/><F57/><W53/><G40/><T41/><REACH who="0" step="1"/><D83/><REACH who="0" ten="245,235,235,255" step="2"/><U115/><E115/><V28/><F28/><W63/><G63/><T25/><D25/><U26/><E26/><V96/><F96/><W116/><G116/><T61/><D61/><U31/><E31/><V49/><F49/><W12/><G22/><T51/><D51/><U110/><E110/><V121/><F121/><W3/><G23/><T30/><D30/><U17/><E62/><V44/><F101/><W77/><G24/><T102/><D102/><U79/><E67/><N who="2" m="25675" /><F99/><W89/><G29/><T66/><D66/><U18/><E107/><V108/><F108/><W122/><G122/><T84/><D84/><N who="1" m="50191" /><E104/><V33/><F33/><W97/><G48/><T10/><D10/><N who="1" m="6391" /><E18/><V127/><F127/><RYUUKYOKU ba="1,3" sc="245,15,235,15,235,-15,255,-15" hai0="19,20,27,38,41,46,73,74,78,80,82,105,106" hai1="52,54,55,76,79,91,95" /><INIT seed="0,2,3,2,4,15" ten="260,250,220,240" oya="0" hai0="2,92,10,31,28,121,3,43,85,72,114,116,21" hai1="67,97,27,51,132,108,22,87,0,37,95,60,104" hai2="96,57,99,11,126,38,86,74,94,133,127,44,16" hai3="93,1,5,101,46,58,55,19,82,91,105,35,81"/><T75/><D114/><U120/><E120/><V103/><F74/><W69/><G69/><T70/><D116/><U113/><E37/><V122/><F122/><W128/><G35/><T61/><D121/><U102/><E113/><V26/><F133/><W13/><G128/><T52/><D43/><U83/><E132/><V76/><F57/><W49/><G1/><T130/><D130/><U56/><E0/><V45/><F99/><W32/><G32/><T71/><D2/><U109/><E104/><V90/><F76/><W54/><G5/><T88/><D3/><U135/><E135/><V79/><F79/><W48/><G101/><T9/><D71/><U20/><E51/><V34/><F34/><W119/><G105/><T12/><D70/><U110/><REACH who="1" step="1"/><E27/><REACH who="1" ten="260,240,220,240" step="2"/><V30/><F38/><W42/><G119/><T29/><D75/><U66/><E66/><V134/><F134/><W23/><G55/><T68/><D72/><U14/><E14/><N who="2" m="7263" /><F26/><W40/><G42/><T125/><D125/><N who="2" m="47626" /><F30/><W98/><AGARI ba="2,4" hai="13,19,23,40,46,48,49,54,58,81,82,91,93,98" machi="98" ten="20,5200,0" yaku="0,1,7,1,8,1,52,1" doraHai="15" who="3" fromWho="3" sc="260,-28,240,-15,220,-15,240,98" /><INIT seed="1,0,0,0,0,109" ten="232,225,205,338" oya="1" hai0="132,102,20,27,82,110,21,28,95,89,121,99,103" hai1="133,52,4,18,90,84,23,24,77,53,97,128,92" hai2="1,93,57,12,55,118,74,51,85,14,117,33,69" hai3="108,75,47,15,81,120,17,130,13,62,34,63,76"/><U123/><E123/><V67/><F74/><W73/><G108/><T68/><D132/><U116/><E116/><V135/><F1/><W80/><G120/><T72/><D110/><U100/><E133/><V40/><F33/><W65/><G34/><T31/><D121/><U43/><E128/><V46/><F135/><W114/><G114/><T35/><D68/><U96/><E43/><V101/><F117/><W94/><G94/><T7/><D7/><U8/><E77/><V119/><F119/><W70/><G47/><T9/><D9/><U42/><E42/><V122/><F122/><W71/><G17/><T131/><D131/><U25/><E25/><V115/><F115/><W29/><G29/><T30/><D35/><U91/><E91/><N who="2" m="53487" /><F101/><W58/><G58/><T79/><REACH who="0" step="1"/><D21/><REACH who="0" ten="222,225,205,338" step="2"/><U0/><REACH who="1" step="1"/><E96/><REACH who="1" ten="222,215,205,338" step="2"/><V60/><F118/><W5/><G130/><T10/><D10/><U32/><E32/><V106/><F106/><AGARI ba="0,2" hai="0,4,8,18,23,24,52,53,84,90,92,97,100,106" machi="106" ten="30,5800,0" yaku="1,1,7,1,54,1,53,0" doraHai="109" doraHaiUra="36" who="1" fromWho="2" sc="222,0,215,78,205,-58,338,0" /><INIT seed="1,1,0,0,3,8" ten="222,293,147,338" oya="1" hai0="98,5,106,7,65,60,85,78,81,38,125,34,104" hai1="79,69,10,62,103,135,99,87,1,83,63,41,124" hai2="111,27,13,122,121,15,2,56,25,101,118,132,64" hai3="28,74,90,129,40,134,80,93,116,102,22,19,9"/><U86/><E124/><V94/><F118/><W117/><G129/><T11/><D125/><U33/><E135/><V37/><F2/><W66/><G134/><T119/><D119/><U107/><E33/><V16/><F132/><W126/><G126/><T59/><D38/><U6/><E69/><V100/><F37/><W44/><G66/><T131/><D131/><U97/><E41/><V20/><F111/><W112/><G112/><T133/><D133/><U14/><E97/><N who="2" m="59447" /><F122/><W48/><G102/><T42/><D34/><U47/><E47/><V76/><F121/><W109/><G109/><T46/><D98/><U58/><E87/><V50/><F76/><W53/><G28/><T24/><D24/><N who="2" m="9290" /><F101/><W120/><G120/><T84/><D84/><U0/><REACH who="1" step="1"/><E63/><REACH who="1" ten="222,283,147,338" step="2"/><N who="2" m="37991" /><F50/><W23/><G117/><T115/><D60/><U4/><E4/><V92/><F92/><W39/><G93/><T51/><D5/><U88/><E88/><V57/><F57/><W123/><G116/><T36/><D36/><U68/><E68/><V127/><F127/><W95/><G123/><T54/><D115/><U32/><E32/><V67/><F67/><AGARI ba="1,1" hai="0,1,6,10,14,58,62,67,79,83,86,99,103,107" machi="67" ten="30,5800,0" yaku="1,1,7,1,52,1,53,0" doraHai="8" doraHaiUra="114" who="1" fromWho="2" sc="222,0,283,71,147,-61,338,0" /><INIT seed="1,2,0,4,3,47" ten="222,354,86,338" oya="1" hai0="31,68,101,73,87,111,67,19,50,62,106,8,36" hai1="16,34,37,89,53,23,26,129,92,124,120,117,80" hai2="107,55,118,88,133,61,58,102,115,113,41,94,11" hai3="27,125,4,18,123,90,86,69,82,17,54,75,0"/><U9/><E117/><V44/><F118/><W60/><G123/><T112/><D73/><U99/><E120/><V22/><F133/><W95/><G125/><T29/><D112/><N who="2" m="43082" /><F107/><W98/><G75/><T135/><D36/><U13/><E124/><V40/><F102/><W108/><G108/><T7/><D111/><U3/><E37/><V20/><F11/><W57/><G69/><T42/><D19/><U97/><E129/><V38/><F40/><W105/><G105/><T59/><D135/><U1/><E34/><V28/><F28/><W46/><G0/><T74/><D74/><U128/><E128/><V116/><F116/><W121/><G4/><T63/><D101/><U66/><E66/><V85/><AGARI ba="2,0" hai="20,22,38,41,44,55,58,61,85,88,94" m="43082" machi="85" ten="30,2000,0" yaku="11,1,54,1" doraHai="47" who="2" fromWho="2" sc="222,-7,354,-12,86,26,338,-7" /><INIT seed="2,0,0,0,3,23" ten="215,342,112,331" oya="2" hai0="53,87,70,12,22,100,2,24,113,10,85,33,91" hai1="21,57,95,77,134,26,41,18,54,50,6,40,64" hai2="16,124,109,115,73,96,83,102,27,65,132,8,14" hai3="123,49,126,35,43,90,38,60,58,52,135,1,17"/><V78/><F124/><W88/><G123/><T46/><D113/><U82/><E134/><V32/><F132/><W98/><G135/><T25/><D70/><U45/><E6/><V76/><F115/><W72/><G1/><T94/><D2/><U51/><E95/><V19/><F109/><W79/><G35/><T69/><D69/><U62/><REACH who="1" step="1"/><E50/><REACH who="1" ten="215,332,112,331" step="2"/><V130/><F130/><W104/><G126/><T131/><D131/><U129/><E129/><V68/><F78/><W101/><G38/><T80/><D94/><U117/><E117/><V31/><F19/><W71/><G17/><T59/><D80/><U74/><AGARI ba="0,1" hai="18,21,26,40,41,45,51,54,57,62,64,74,77,82" machi="74" ten="20,5200,0" yaku="1,1,0,1,7,1,52,1,53,0" doraHai="23" doraHaiUra="30" who="1" fromWho="1" sc="215,-13,332,62,112,-26,331,-13" /><INIT seed="3,0,0,4,1,16" ten="202,394,86,318" oya="3" hai0="74,40,56,46,60,73,36,37,25,9,123,51,82" hai1="119,107,126,38,47,102,113,39,32,92,65,55,100" hai2="44,99,128,111,80,94,112,90,63,86,87,31,57" hai3="17,127,49,121,72,53,118,48,95,133,81,1,52"/><W97/><G118/><T4/><D123/><U21/><E113/><V88/><F111/><W13/><G121/><T103/><D103/><U71/><E32/><V7/><F128/><W18/><G1/><T75/><D25/><U59/><E107/><V108/><F108/><W104/><G104/><T131/><D131/><U79/><E119/><V98/><F112/><W77/><G133/><T67/><D37/><U132/><E132/><V0/><F0/><W85/><G72/><T11/><D11/><U120/><E120/><V61/><F7/><W115/><G127/><T130/><D130/><U35/><E35/><V6/><F6/><W134/><G134/><T2/><REACH who="0" step="1"/><D51/><REACH who="0" ten="192,394,86,318" step="2"/><N who="3" m="19529" /><G115/><T19/><D19/><N who="3" m="7177" /><G13/><T105/><D105/><U29/><E38/><V28/><F44/><W45/><G45/><T129/><D129/><U76/><E47/><V22/><F63/><W41/><G41/><T124/><D124/><U26/><E39/><V106/><F106/><W5/><G5/><T3/><D3/><U12/><E12/><V43/><F43/><W68/><G68/><T93/><D93/><U69/><E92/><V89/><F22/><W78/><G78/><AGARI ba="0,1" hai="2,4,9,36,40,46,56,60,67,73,74,75,78,82" machi="78" ten="40,8000,1" yaku="1,1,25,2,53,1" doraHai="16" doraHaiUra="33" who="0" fromWho="3" sc="192,90,394,0,86,0,318,-80" owari="282,8.2,394,49.4,86,-41.4,238,-16.2" /></mjloggm>