<mjloggm ver="2.3"><GO type="225" lobby="0"/><UN n0="%E5%8D%A0%E3%81%84%E5%B8%AB%E8%A3%8F%E3%81%AA%E3%81%84%E3%81%97" n1="%72%69%6F%75%63%68%61%6E" n2="%E5%BA%97%E9%95%B7%4D" n3="%E3%83%81%E3%83%AF%E3%83%AF%E9%9A%8A%E9%95%B7" dan="17,16,16,16" rate="2207.63,2222.53,2090.89,2105.89" sx="M,M,M,M"/><TAIKYOKU oya="0"/><INIT seed="0,0,0,1,1,2" ten="250,250,250,250" oya="0" hai0="120,125,52,71,48,25,68,50,106,70,40,85,28" hai1="109,66,135,111,38,102,73,74,90,0,87,119,91" hai2="62,57,93,9,51,69,10,115,12,122,131,33,34" hai3="77,1,64,49,103,97,89,36,99,116,59,134,112"/><T14/><D120/><U19/><E119/><V6/><F122/><W45/><G116/><T110/><D106/><U54/><E38/><V118/><F118/><W121/><G121/><T82/><D125/><U56/><E135/><V107/><F107/><W67/><G112/><T16/><D40/><U84/><E66/><V26/><F115/><W86/><G134/><T108/><D25/><U117/><E117/><V41/><F131/><W98/><G36/><T58/><D28/><U42/><E42/><V43/><F69/><W113/><G113/><T80/><D48/><U20/><E0/><V92/><F34/><W105/><G77/><T78/><REACH who="0" step="1"/><D82/><REACH who="0" ten="240,250,250,250" step="2"/><U11/><E111/><V3/><F26/><W31/><G31/><T47/><D47/><U114/><E109/><V24/><F24/><W128/><G45/><T46/><D46/><U44/><E44/><V32/><F41/><W132/><G132/><T4/><D4/><U23/><E114/><V127/><F51/><W5/><G49/><T21/><AGARI ba="0,1" hai="14,16,21,50,52,58,68,70,71,78,80,85,108,110" machi="21" ten="40,12000,1" yaku="1,1,0,1,54,2,53,0" doraHai="2" doraHaiUra="94" who="0" fromWho="0" sc="240,130,250,-40,250,-40,250,-40" /><INIT seed="0,1,0,2,2,79" ten="370,210,210,210" oya="0" hai0="35,89,106,70,100,29,58,78,27,57,92,120,99" hai1="33,0,59,131,54,9,38,13,5,112,101,31,19" hai2="108,68,28,129,6,133,98,93,22,40,105,61,48" hai3="36,37,119,18,30,74,75,2,113,56,104,45,65"/><T135/><D120/><U62/><E131/><V50/><F105/><W123/><G104/><T81/><D135/><U114/><E38/><V64/><F129/><W82/><G2/><T126/><D70/><U76/><E101/><V95/><F133/><W39/><G113/><T77/><D77/><U66/><E76/><V17/><F108/><W23/><G123/><T25/><D27/><U97/><E97/><V72/><F72/><W10/><G119/><T84/><REACH who="0" step="1"/><D126/><REACH who="0" ten="360,210,210,210" step="2"/><U11/><E114/><V91/><F28/><W83/><G30/><T134/><D134/><U34/><E112/><V102/><F40/><W49/><G75/><AGARI ba="1,1" hai="25,29,35,57,58,75,78,81,84,89,92,99,100,106" machi="75" ten="30,12000,1" yaku="1,1,7,1,24,2,52,1,53,0" doraHai="79" doraHaiUra="130" who="0" fromWho="3" sc="360,133,210,0,210,0,210,-123" /><INIT seed="0,2,0,0,4,10" ten="493,210,210,87" oya="0" hai0="29,61,118,94,106,8,108,70,22,5,38,59,33" hai1="92,3,131,25,17,24,101,20,111,126,82,27,132" hai2="42,31,121,96,13,134,116,104,88,12,52,6,95" hai3="133,11,107,99,123,112,39,122,85,97,40,60,41"/><T4/><D118/><U62/><E111/><V9/><F121/><W73/><G73/><T87/><D106/><U83/><E3/><V63/><F116/><W68/><G112/><T89/><D33/><U56/><E131/><V48/><F134/><W130/><G133/><T102/><D38/><U103/><E132/><V67/><F104/><W77/><G130/><T15/><D70/><U26/><E126/><V49/><F31/><W120/><G39/><T124/><D124/><U44/><E44/><N who="2" m="25623" /><F67/><N who="3" m="41063" /><G11/><T23/><D108/><U30/><E30/><V47/><F13/><W28/><G28/><T79/><D102/><N who="1" m="38923" /><E92/><V51/><F51/><W110/><G110/><T57/><D29/><U81/><E83/><V43/><F63/><W114/><G114/><T128/><D128/><U55/><AGARI ba="2,0" hai="17,20,24,25,26,27,55,56,62,81,82" m="38923" machi="55" ten="30,1100,0" yaku="8,1" doraHai="10" who="1" fromWho="1" sc="493,-7,210,17,210,-5,87,-5" /><INIT seed="1,0,0,1,2,114" ten="486,227,205,82" oya="1" hai0="71,0,31,17,63,99,109,44,126,41,83,22,43" hai1="3,92,18,2,84,14,51,128,65,79,37,35,70" hai2="23,15,131,57,66,107,58,104,103,56,134,45,108" hai3="5,1,86,72,123,62,113,64,52,34,40,36,42"/><U49/><E35/><V47/><F108/><W125/><G72/><T124/><D109/><U77/><E37/><V102/><F131/><W117/><G113/><T20/><D0/><U89/><E128/><V26/><F134/><W53/><G34/><T46/><D83/><U12/><E2/><V76/><F76/><W120/><G86/><T19/><D99/><U129/><E3/><V127/><F127/><W95/><G95/><T30/><D63/><U68/><E129/><V7/><F66/><W25/><G25/><T121/><D71/><U105/><E105/><V33/><F33/><W100/><G100/><N who="2" m="38441" /><F107/><W119/><G5/><T16/><D17/><U101/><E68/><V48/><F104/><W112/><G1/><T55/><D55/><N who="3" m="21065" /><G112/><T94/><D94/><N who="1" m="54567" /><E70/><V122/><F48/><N who="1" m="18505" /><E65/><V59/><N who="2" m="14336" /><DORA hai="38" /><V111/><F111/><W82/><G125/><T90/><D90/><U24/><E24/><V29/><F122/><AGARI ba="0,0" hai="16,19,20,22,30,31,41,43,44,46,121,122,124,126" machi="122" ten="25,8000,1" yaku="22,2,52,2,54,1" doraHai="114,38" who="0" fromWho="2" sc="486,80,227,0,205,-80,82,0" /><INIT seed="2,0,0,5,2,36" ten="566,227,125,82" oya="2" hai0="51,98,46,11,22,10,24,78,76,73,74,121,94" hai1="62,67,90,80,50,106,110,1,128,133,33,48,15" hai2="124,123,30,117,31,25,115,43,26,84,34,12,13" hai3="28,21,16,97,135,60,3,8,108,17,7,32,52"/><V101/><F115/><W111/><G135/><T70/><D70/><U6/><E1/><V68/><F117/><W38/><G38/><T0/><D121/><U93/><E106/><V35/><F123/><W71/><G32/><T63/><D0/><U47/><E33/><V2/><F68/><W65/><G28/><N who="0" m="17431" /><D63/><U99/><E133/><V64/><F64/><W105/><G17/><T79/><D74/><U19/><E128/><V113/><F113/><W27/><REACH who="3" step="1"/><G52/><REACH who="3" ten="566,227,125,72" step="2"/><N who="0" m="29815" /><D73/><U102/><E19/><V119/><F119/><W132/><G132/><T54/><D54/><U122/><E122/><V83/><F124/><W112/><G112/><T29/><D29/><U125/><E125/><V44/><F2/><W86/><G86/><T75/><D75/><U45/><E47/><V72/><F72/><W82/><G82/><T88/><AGARI ba="0,1" hai="10,11,76,78,79,88,94,98" m="29815,17431" machi="88" ten="30,4000,0" yaku="8,1,54,2" doraHai="36" who="0" fromWho="0" sc="566,50,227,-10,125,-20,72,-10" /><INIT seed="3,0,0,0,5,13" ten="616,217,105,62" oya="3" hai0="95,58,24,53,57,18,110,50,32,106,93,62,38" hai1="100,135,23,21,94,36,25,31,5,17,128,46,14" hai2="51,43,129,130,49,121,11,88,103,108,92,44,84" hai3="125,115,55,81,91,99,74,113,68,126,122,39,54"/><W109/><G39/><T71/><D106/><U111/><E111/><V120/><F108/><W10/><G68/><T85/><D110/><U7/><E36/><N who="2" m="21607" /><F103/><W6/><G109/><T80/><D38/><U61/><E128/><N who="2" m="49259" /><F11/><W2/><G122/><AGARI ba="0,0" hai="49,51,84,88,92,120,121,122" m="49259,21607" machi="122" ten="30,3900,0" yaku="13,1,19,1,54,1" doraHai="13" who="2" fromWho="3" sc="616,0,217,0,105,39,62,-39" owari="616,71.6,217,1.7,144,-25.6,23,-47.7" /></mjloggm>