<mjloggm ver="2.3"><GO type="225" lobby="0"/><UN n0="%72%61%6B%33" n1="%E6%98%93%E5%88%A9%E8%96%A9%E4%BC%AF" n2="%E3%81%86%E3%83%BC%E3%81%B1%E3%83%BC" n3="%6D%75%75%6D%75%72%61" dan="16,16,16,17" rate="2114.20,2083.31,2142.73,2178.71" sx="M,F,F,F"/><TAIKYOKU oya="0"/><INIT seed="0,0,0,3,1,102" ten="250,250,250,250" oya="0" hai0="92,13,113,1,96,48,111,23,34,54,79,10,32" hai1="73,134,100,119,120,72,41,95,106,115,118,130,77" hai2="135,18,19,53,112,76,30,117,114,121,35,21,14" hai3="97,124,93,67,56,12,132,126,27,5,39,88,9"/><T74/><D113/><N who="2" m="43626" /><F53/><W2/><G39/><T26/><D1/><U6/><E6/><V20/><F76/><W4/><G132/><T57/><D111/><U109/><E41/><V17/><F121/><W85/><G27/><T25/><D79/><U65/><E65/><V110/><F135/><W71/><G71/><T61/><D74/><N who="1" m="28779" /><E115/><V75/><F75/><W0/><G5/><T36/><D36/><U51/><E51/><V58/><F58/><W45/><G45/><T83/><D83/><U131/><E134/><V133/><F133/><W63/><REACH who="3" step="1"/><G97/><REACH who="3" ten="250,250,250,240" step="2"/><T16/><D25/><U22/><E120/><V60/><F110/><W49/><G49/><T89/><REACH who="0" step="1"/><D48/><REACH who="0" ten="240,250,250,240" step="2"/><U66/><E109/><V107/><F14/><W8/><G8/><T24/><D24/><U40/><E119/><V78/><F117/><W11/><G11/><T29/><AGARI ba="0,2" hai="10,13,16,23,26,29,32,34,54,57,61,89,92,96" machi="29" ten="20,12000,1" yaku="1,1,0,1,7,1,54,1,53,1" doraHai="102" doraHaiUra="94" who="0" fromWho="0" sc="240,140,250,-40,250,-40,240,-40" /><INIT seed="0,1,0,1,2,133" ten="380,210,210,200" oya="0" hai0="8,86,72,117,119,26,77,20,64,106,78,100,65" hai1="95,122,75,103,108,36,57,91,105,41,111,16,49" hai2="125,33,52,54,4,89,66,110,28,24,39,132,107" hai3="15,81,120,27,61,70,31,21,90,47,56,25,74"/><T34/><D34/><U80/><E122/><V10/><F132/><W115/><G115/><T43/><D72/><U116/><E116/><V109/><F39/><W48/><G70/><T82/><D78/><U55/><E105/><V94/><F66/><W9/><G120/><T30/><D43/><U51/><E36/><V134/><F107/><W60/><G74/><T68/><D8/><U38/><E38/><V135/><F125/><W40/><G56/><T92/><D106/><U131/><E103/><V37/><F37/><W42/><G42/><T99/><D65/><U59/><E131/><V85/><F135/><W35/><G81/><T71/><REACH who="0" step="1"/><D64/><REACH who="0" ten="370,210,210,200" step="2"/><U5/><E41/><V87/><F134/><W126/><G126/><T17/><D17/><U13/><E75/><V114/><F114/><W45/><G90/><T104/><D104/><U127/><E127/><V73/><F73/><W23/><G35/><T50/><D50/><U101/><E51/><V18/><F18/><N who="3" m="12471" /><G45/><T46/><D46/><U69/><E91/><V88/><F89/><W118/><G118/><AGARI ba="1,1" hai="20,26,30,68,71,77,82,86,92,99,100,117,118,119" machi="118" ten="40,2000,0" yaku="1,1,53,0" doraHai="133" doraHaiUra="124" who="0" fromWho="3" sc="370,33,210,0,210,0,200,-23" /><INIT seed="0,2,0,3,0,78" ten="403,210,210,177" oya="0" hai0="95,105,34,4,128,107,125,35,98,118,6,101,132" hai1="86,115,104,25,106,23,69,133,71,49,8,76,81" hai2="18,55,113,73,60,111,17,50,53,131,108,54,52" hai3="68,72,90,62,89,120,126,24,99,66,130,19,92"/><T94/><D132/><U102/><E133/><V20/><F113/><W37/><G130/><T123/><D128/><U44/><E115/><V87/><F73/><W41/><G126/><T59/><D125/><U29/><E8/><V22/><F131/><W56/><G120/><T119/><D59/><U80/><E102/><V67/><F87/><W3/><G3/><T16/><D123/><U33/><E33/><V121/><F121/><W2/><G2/><T96/><D101/><U32/><E32/><V51/><N who="2" m="13312" /><DORA hai="134" /><V45/><F22/><W13/><G24/><T26/><REACH who="0" step="1"/><D16/><REACH who="0" ten="393,210,210,177" step="2"/><N who="2" m="6250" /><F45/><W124/><G124/><T10/><D10/><U88/><E69/><N who="2" m="42215" /><F20/><W48/><G68/><T31/><D31/><U27/><E71/><V30/><F30/><W0/><G56/><T112/><D112/><U127/><E127/><V110/><AGARI ba="2,1" hai="50,51,108,110,111" m="42215,6250,13312" machi="110" ten="50,6400,0" yaku="14,1,54,2" doraHai="78,134" who="2" fromWho="2" sc="393,-34,210,-18,210,80,177,-18" /><INIT seed="1,0,0,3,3,38" ten="359,192,290,159" oya="1" hai0="25,5,45,120,98,37,74,15,100,48,66,32,78" hai1="133,42,113,56,80,69,17,127,99,97,105,72,124" hai2="94,21,101,116,35,22,115,11,103,55,83,107,123" hai3="10,26,121,49,54,108,134,119,126,33,70,60,23"/><U79/><E69/><V31/><F123/><W111/><G121/><T14/><D120/><U82/><E113/><V44/><F116/><W34/><G119/><T84/><D37/><U19/><E133/><V29/><F115/><W122/><G122/><T85/><D66/><U118/><E118/><V59/><F107/><W9/><G134/><T89/><D32/><U125/><E56/><V13/><F83/><W91/><G126/><T7/><D25/><U104/><E42/><V53/><F44/><W20/><G70/><T73/><D73/><N who="1" m="43119" /><E19/><V43/><F43/><W90/><G60/><T24/><D24/><U77/><E17/><V96/><F101/><W130/><G130/><T57/><D57/><U8/><E8/><N who="3" m="3178" /><G54/><N who="2" m="20489" /><F59/><W95/><G95/><N who="0" m="58463" /><D74/><U109/><E109/><N who="3" m="42058" /><G49/><T64/><D64/><U50/><E50/><V128/><F128/><W81/><G81/><N who="0" m="47159" /><D7/><U92/><E99/><V71/><F71/><W36/><G26/><T12/><D5/><U106/><E106/><V110/><F110/><W30/><G30/><N who="2" m="11273" /><F35/><N who="3" m="13323" /><G36/><T63/><D63/><U62/><E62/><V4/><AGARI ba="0,0" hai="4,11,13,21,22,94,96,103" m="11273,20489" machi="4" ten="30,1100,0" yaku="8,1" doraHai="38" who="2" fromWho="2" sc="359,-3,192,-5,290,11,159,-3" /><INIT seed="2,0,0,4,1,58" ten="356,187,301,156" oya="2" hai0="43,106,89,29,80,57,65,26,56,93,55,40,103" hai1="38,8,73,15,112,3,24,111,22,119,0,70,23" hai2="121,84,50,27,94,52,75,68,126,53,20,12,21" hai3="9,134,95,79,107,13,120,47,30,39,36,118,69"/><V117/><F117/><W48/><G118/><T104/><D80/><U74/><E70/><V82/><F121/><W77/><G107/><T35/><D104/><U122/><E38/><V67/><F75/><W17/><G120/><T92/><D106/><U5/><E119/><V131/><F126/><W10/><G134/><T32/><D32/><U64/><E112/><V78/><F131/><W7/><G69/><T105/><D105/><U108/><E64/><V102/><F68/><W18/><G30/><T96/><D57/><U11/><E122/><V61/><F67/><W90/><G39/><T124/><D65/><U85/><E85/><V51/><F12/><W130/><G36/><T72/><D72/><N who="1" m="27755" /><E24/><V114/><F20/><N who="1" m="7721" /><E11/><V81/><F81/><W133/><G133/><T86/><D124/><U99/><E99/><N who="2" m="59767" /><F53/><W19/><G10/><T71/><D71/><U116/><E116/><V76/><F76/><W125/><G125/><T83/><D83/><U25/><E25/><V2/><F114/><W135/><G130/><T100/><D100/><U97/><E97/><V28/><F2/><W1/><G1/><T101/><D103/><U129/><E129/><V88/><F78/><W98/><REACH who="3" step="1"/><G135/><REACH who="3" ten="356,187,301,146" step="2"/><T132/><D132/><U59/><E3/><V44/><F50/><AGARI ba="0,1" hai="26,29,35,40,43,50,55,56,86,89,92,93,96,101" machi="50" ten="30,1000,0" yaku="7,1" doraHai="58" who="0" fromWho="2" sc="356,20,187,0,301,-10,146,0" /><INIT seed="3,0,0,2,0,101" ten="376,187,291,146" oya="3" hai0="8,96,78,37,117,9,49,93,31,14,129,107,58" hai1="70,66,88,26,69,52,39,4,12,112,22,41,13" hai2="60,131,135,113,76,65,43,68,128,62,67,124,114" hai3="11,36,86,34,29,106,40,54,5,18,81,63,108"/><W102/><G108/><T51/><D37/><U133/><E112/><V98/><F76/><W33/><G18/><T1/><D107/><U134/><E41/><V121/><F98/><W35/><G40/><T123/><D117/><U77/><E77/><V122/><F43/><W17/><G17/><T116/><D116/><U91/><E39/><V97/><F97/><W44/><G36/><T25/><D123/><N who="2" m="47114" /><F135/><N who="1" m="51721" /><E52/><V74/><F74/><W87/><G29/><T109/><D129/><N who="2" m="49738" /><F124/><W38/><G38/><T28/><D96/><U83/><E83/><V89/><F89/><N who="1" m="34377" /><E66/><V72/><F72/><W80/><G102/><T16/><D58/><AGARI ba="0,0" hai="58,60,62,65,67,68,113,114" m="49738,47114" machi="58" ten="30,7700,0" yaku="13,1,19,1,34,2" doraHai="101" who="2" fromWho="0" sc="376,-77,187,0,291,77,146,0" owari="299,9.9,187,-21.3,368,46.8,146,-35.4" /></mjloggm>