<mjloggm ver="2.3"><GO type="225" lobby="0"/><UN n0="%E5%8D%A0%E3%81%84%E5%B8%AB%E8%A3%8F%E3%81%AA%E3%81%84%E3%81%97" n1="%E3%83%A9%E3%82%B9%E7%8E%87%EF%BC%93%E5%89%B2" n2="%72%61%6B%33" n3="%E3%83%A9%E3%83%BC%E3%83%A1%E3%83%B3%E4%BA%94%E9%83%8E" dan="17,16,17,16" rate="2132.05,2162.14,2147.99,2055.15" sx="M,F,M,M"/><TAIKYOKU oya="0"/><INIT seed="0,0,0,1,2,43" ten="250,250,250,250" oya="0" hai0="13,75,111,89,18,34,110,51,129,41,100,120,133" hai1="124,132,113,39,116,2,122,109,119,78,24,101,46" hai2="17,79,27,23,128,96,98,0,107,61,20,106,74" hai3="127,81,45,82,83,70,10,112,121,15,131,93,52"/><T57/><D120/><U115/><E101/><V59/><F0/><W94/><G112/><N who="1" m="43082" /><E78/><V91/><F128/><W42/><G131/><T114/><D114/><U21/><E2/><V53/><F98/><W76/><G121/><T14/><D34/><U126/><E122/><V118/><F118/><N who="1" m="45097" /><E109/><N who="0" m="41481" /><D129/><U63/><E63/><V67/><F67/><W87/><G127/><N who="1" m="48682" /><E46/><V8/><F79/><W55/><G76/><T6/><D75/><U90/><E90/><V117/><F117/><W31/><G45/><N who="0" m="26031" /><D133/><U33/><E39/><V11/><F74/><W135/><G135/><T102/><D89/><U44/><E44/><V49/><F91/><W5/><G42/><T29/><D29/><N who="1" m="17551" /><E33/><V4/><F107/><W95/><G31/><T1/><D1/><U92/><E92/><N who="3" m="35434" /><G70/><T40/><D40/><U108/><E108/><V25/><F106/><W104/><G104/><T125/><D125/><U19/><E19/><V99/><F17/><W130/><G130/><T48/><D48/><U80/><E80/><V32/><F49/><W103/><G87/><T56/><D100/><U62/><E62/><V134/><F61/><W28/><G28/><T64/><D102/><U72/><E72/><V26/><F32/><W3/><G103/><T65/><D65/><U35/><E35/><V54/><F53/><N who="3" m="20555" /><G3/><T47/><D64/><U86/><E86/><V84/><F84/><W22/><G95/><T73/><D73/><U37/><E37/><V7/><F54/><W69/><G69/><T105/><D47/><U58/><E58/><V38/><F59/><W97/><G22/><N who="0" m="11599" /><D105/><U16/><E16/><RYUUKYOKU ba="0,0" sc="250,10,250,10,250,-30,250,10" hai0="6,14,56,57" hai1="132" hai3="5,10,15,81,82,83,97" /><INIT seed="0,1,0,5,4,79" ten="260,260,220,260" oya="0" hai0="112,76,134,34,57,118,24,26,130,72,9,43,101" hai1="1,58,33,15,39,35,62,20,131,98,74,82,55" hai2="61,45,73,10,6,29,115,119,121,113,77,3,124" hai3="36,8,71,37,83,12,50,122,18,123,109,80,53"/><T11/><D112/><U2/><E39/><N who="3" m="14922" /><G71/><T105/><D118/><U88/><E131/><V46/><F121/><N who="3" m="46091" /><G109/><T111/><D130/><U16/><E74/><V52/><F119/><W102/><G102/><T114/><D114/><U110/><E110/><V67/><F124/><W90/><G90/><T5/><D134/><U32/><REACH who="1" step="1"/><E98/><REACH who="1" ten="260,250,220,260" step="2"/><V85/><F73/><W40/><G40/><T51/><D111/><U66/><E66/><V14/><F67/><W38/><G38/><T60/><D43/><U91/><E91/><V125/><F115/><W97/><G97/><T99/><D99/><U63/><E63/><V107/><F113/><W75/><G75/><T13/><D60/><U69/><E69/><V42/><F61/><W81/><G50/><T104/><D51/><U64/><E64/><V100/><F42/><W48/><G48/><T132/><D72/><U95/><E95/><V126/><F125/><W108/><G108/><T31/><D132/><U0/><E0/><V7/><F3/><W65/><G65/><T135/><D135/><U49/><E49/><V96/><F126/><W70/><G70/><T68/><D68/><U86/><AGARI ba="1,1" hai="1,2,15,16,20,32,33,35,55,58,62,82,86,88" machi="86" ten="40,12000,2" yaku="1,1,0,1,52,1,54,2,53,1" doraHai="79" doraHaiUra="17" who="1" fromWho="1" sc="260,-61,250,133,220,-31,260,-31" /><INIT seed="1,0,0,4,4,26" ten="199,383,189,229" oya="1" hai0="118,83,134,122,2,77,87,94,34,125,126,68,133" hai1="81,19,86,10,8,58,56,114,0,101,62,90,33" hai2="29,12,103,69,35,127,53,5,3,131,16,70,44" hai3="7,112,85,13,61,18,72,47,40,95,71,46,15"/><U67/><E114/><V1/><F103/><W49/><G72/><T132/><D68/><U75/><E33/><V88/><F127/><N who="0" m="48650" /><D2/><U66/><E0/><V100/><F100/><W39/><G112/><T123/><D34/><U78/><E101/><V97/><F131/><W22/><G71/><T64/><D64/><U93/><E19/><V98/><F3/><W11/><G61/><AGARI ba="0,0" hai="8,10,56,58,61,62,66,67,75,78,81,86,90,93" machi="61" ten="40,2000,0" yaku="9,1" doraHai="26" who="1" fromWho="3" sc="199,0,383,20,189,0,229,-20" /><INIT seed="1,1,0,0,3,60" ten="199,403,189,209" oya="1" hai0="8,35,3,125,45,30,120,114,128,90,93,115,85" hai1="71,42,80,56,51,133,109,18,63,6,33,14,98" hai2="113,32,66,9,48,12,22,17,108,54,86,89,41" hai3="50,95,10,0,79,130,49,96,13,70,11,34,77"/><U68/><E33/><V44/><F108/><W127/><G34/><T7/><D125/><U104/><E109/><V72/><F72/><W129/><G127/><T99/><D128/><N who="3" m="49257" /><G70/><T117/><D117/><U100/><E133/><V107/><F32/><W61/><G61/><T4/><D4/><U101/><E101/><V23/><F113/><W88/><G0/><T111/><D111/><U47/><E80/><V55/><F107/><W28/><G28/><T84/><D120/><U103/><E103/><V82/><F66/><W39/><G39/><T116/><D116/><U40/><E40/><V36/><REACH who="2" step="1"/><F55/><REACH who="2" ten="199,403,179,209" step="2"/><W73/><G73/><T78/><D115/><U37/><E104/><V126/><F126/><W24/><G77/><T52/><D78/><U1/><E71/><V46/><AGARI ba="1,1" hai="9,12,17,22,23,36,41,44,46,48,54,82,86,89" machi="46" ten="20,12000,2" yaku="1,1,0,1,7,1,25,2,53,1" doraHai="60" doraHaiUra="76" who="2" fromWho="2" sc="199,-31,403,-61,179,133,209,-31" /><INIT seed="2,0,0,0,2,71" ten="168,342,312,178" oya="2" hai0="1,18,4,66,101,54,99,52,69,59,10,109,48" hai1="81,30,25,98,15,102,61,3,91,87,55,83,125" hai2="0,31,45,68,117,93,96,32,126,64,79,82,62" hai3="121,70,85,110,20,63,77,51,16,113,46,49,7"/><V115/><F115/><W129/><G121/><T97/><D109/><U50/><E3/><V88/><F117/><W23/><G113/><T34/><D34/><U90/><E125/><V22/><F126/><W42/><G110/><T124/><D124/><U128/><E128/><V134/><F134/><W57/><G129/><T17/><D99/><U131/><E15/><V65/><F65/><W105/><G105/><T72/><D72/><U13/><E13/><V5/><F32/><W135/><G135/><T92/><REACH who="0" step="1"/><D54/><REACH who="0" ten="158,342,312,178" step="2"/><U114/><E131/><V2/><F5/><W21/><G7/><T112/><D112/><U40/><E55/><V108/><F108/><W56/><G85/><T39/><D39/><U103/><E98/><V41/><F31/><W106/><G16/><T73/><D73/><U132/><E87/><V37/><F22/><W6/><G6/><T29/><D29/><U8/><E30/><V94/><F94/><W95/><G106/><T9/><D9/><U35/><E8/><V27/><F27/><W67/><G95/><T130/><D130/><U33/><E25/><V60/><REACH who="2" step="1"/><F62/><AGARI ba="0,1" hai="1,4,10,17,18,48,52,59,62,66,69,92,97,101" machi="62" ten="40,2600,0" yaku="1,1,54,1,53,0" doraHai="71" doraHaiUra="80" who="0" fromWho="2" sc="158,36,342,0,312,-26,178,0" /><INIT seed="3,0,0,5,5,18" ten="194,342,286,178" oya="3" hai0="6,98,62,74,35,91,13,86,68,80,101,135,77" hai1="76,24,53,58,73,120,102,2,20,64,70,115,122" hai2="61,106,16,75,95,81,113,36,47,84,0,37,134" hai3="1,83,82,12,39,5,17,109,129,104,93,127,130"/><W121/><G121/><T60/><D35/><U103/><E115/><V125/><F106/><W40/><G104/><N who="0" m="63543" /><D68/><U69/><E2/><V71/><F113/><W48/><G39/><T46/><D46/><U56/><E76/><V9/><F125/><W29/><G127/><T126/><D126/><U15/><E15/><V4/><F134/><W85/><G29/><T89/><D89/><U79/><E79/><V26/><F95/><W49/><G1/><T110/><D110/><U119/><E73/><V19/><F37/><W3/><G3/><T30/><D30/><U78/><E78/><V44/><F75/><W123/><G5/><T8/><D135/><U67/><E53/><V94/><F94/><AGARI ba="0,0" hai="6,8,13,60,62,74,77,80,86,91,94" m="63543" machi="94" ten="30,1000,0" yaku="24,1" doraHai="18" who="0" fromWho="2" sc="194,10,342,0,286,-10,178,0" owari="204,-19.6,342,44.2,276,7.6,178,-32.2" /></mjloggm>