<mjloggm ver="2.3"><GO type="225" lobby="0"/><UN n0="%E6%A1%9C%E8%8A%B1%E9%96%83%E3%80%85" n1="%E6%B0%B7%E5%B7%9D%E9%87%8C%E5%A5%88" n2="%E6%B4%BE%E9%81%A3%E3%81%AE%E3%82%B8%E3%83%A3%E3%83%83%E3%82%AF" n3="%E3%81%82%E3%81%99%E3%81%AB%E3%82%83%E3%82%80" dan="16,16,17,16" rate="2151.68,2067.11,2196.22,2104.33" sx="M,F,M,F"/><TAIKYOKU oya="0"/><INIT seed="0,0,0,0,2,28" ten="250,250,250,250" oya="0" hai0="116,50,51,76,25,131,31,119,83,109,10,4,70" hai1="97,85,111,17,29,113,7,92,0,35,130,74,132" hai2="125,46,6,60,89,135,114,81,12,52,9,63,73" hai3="90,48,106,103,79,54,129,118,128,27,86,100,108"/><T99/><D70/><U1/><E74/><V42/><F114/><W102/><G118/><T58/><D131/><N who="3" m="50249" /><G27/><T101/><D109/><U117/><E130/><V38/><F125/><W82/><G54/><T55/><D50/><U133/><E117/><V110/><F110/><W11/><G11/><T16/><D16/><U88/><E111/><V57/><F135/><N who="1" m="51785" /><E113/><V47/><F47/><W53/><G53/><T105/><D83/><N who="1" m="49215" /><E7/><V115/><F115/><W41/><G48/><T98/><D98/><U45/><E45/><V26/><F26/><W15/><G15/><T5/><D76/><U49/><E49/><V33/><F63/><W14/><G14/><T2/><REACH who="0" step="1"/><D5/><REACH who="0" ten="240,250,250,250" step="2"/><U40/><E17/><V91/><F81/><N who="3" m="49487" /><G108/><T8/><D8/><U69/><E69/><V19/><F6/><W32/><G41/><T134/><D134/><U44/><E40/><V21/><F9/><W77/><G77/><T39/><D39/><U66/><E44/><V78/><F78/><W127/><G127/><T56/><D56/><U107/><E107/><V59/><F59/><W37/><G37/><T13/><D13/><U71/><E71/><V20/><F12/><W68/><G68/><T87/><D87/><U43/><E43/><V23/><F19/><W122/><G106/><T65/><D65/><U124/><E66/><V34/><F73/><N who="3" m="43375" /><G122/><T61/><D61/><U95/><E124/><V93/><REACH who="2" step="1"/><F91/><REACH who="2" ten="240,250,240,250" step="2"/><W64/><G64/><T36/><D36/><U96/><E0/><V30/><F30/><W80/><G80/><T3/><D3/><U22/><E1/><V120/><F120/><RYUUKYOKU ba="0,2" sc="240,10,250,-30,240,10,250,10" hai0="2,4,10,25,31,51,55,58,99,101,105,116,119" hai2="20,21,23,33,34,38,42,46,52,57,60,89,93" hai3="32,100,102,103" /><INIT seed="0,1,2,3,5,99" ten="250,220,250,260" oya="0" hai0="52,133,72,41,110,35,116,65,80,39,108,100,9" hai1="0,86,53,28,122,45,127,30,17,27,26,128,46" hai2="131,76,94,34,84,37,77,107,56,75,25,11,67" hai3="82,48,62,54,69,105,4,29,58,120,10,83,60"/><T101/><D116/><U14/><E122/><V63/><F37/><W36/><G120/><T90/><D35/><U74/><E0/><V70/><F131/><W117/><G117/><T68/><D133/><U135/><E74/><V113/><F113/><W51/><G36/><T23/><D23/><U71/><E71/><V61/><F75/><W42/><G105/><T7/><D52/><U38/><E128/><V87/><F107/><W21/><G69/><T49/><D49/><U121/><E121/><V102/><F11/><W43/><G21/><T64/><D90/><U73/><E73/><V97/><F77/><W118/><G118/><T44/><D68/><U98/><E127/><V6/><F6/><W119/><G119/><T106/><D106/><U12/><E135/><V115/><F76/><W88/><G29/><T96/><D96/><U1/><E1/><V109/><F109/><N who="0" m="42090" /><D80/><U19/><E98/><V91/><F115/><W47/><G88/><T20/><D20/><U40/><E38/><V5/><F91/><W85/><G62/><T124/><D72/><U32/><E53/><V93/><F93/><W18/><G85/><N who="2" m="32841" /><F63/><W130/><G130/><T22/><D22/><U15/><E86/><V129/><F70/><W79/><G83/><T95/><D124/><U123/><E123/><V57/><F129/><W126/><G82/><T2/><D95/><U81/><E81/><V125/><F125/><W55/><G126/><T33/><D33/><U114/><E114/><V103/><F56/><W59/><G58/><T24/><D24/><U16/><E32/><V13/><F34/><RYUUKYOKU ba="1,2" sc="250,30,220,-10,250,-10,260,-10" hai0="2,7,9,39,41,44,64,65,100,101" /><INIT seed="0,2,2,5,2,110" ten="280,210,240,250" oya="0" hai0="66,22,52,133,42,77,119,48,128,8,108,86,12" hai1="72,69,99,45,106,70,126,94,74,19,121,56,63" hai2="127,125,135,20,84,101,97,7,49,51,53,96,75" hai3="34,61,76,55,32,54,123,1,15,104,102,92,100"/><T122/><D119/><U88/><E121/><V80/><F75/><W129/><G104/><T89/><D122/><U95/><E106/><V21/><F7/><W62/><G1/><T90/><D128/><U73/><E126/><N who="2" m="48139" /><F135/><W4/><G123/><T9/><D133/><U30/><E30/><V117/><F117/><W26/><G129/><T93/><D108/><U0/><E0/><V24/><F101/><W29/><G34/><T6/><D66/><U27/><E45/><N who="2" m="27823" /><F51/><W116/><G76/><T65/><D65/><U16/><E95/><V41/><F41/><W71/><G71/><T25/><D9/><U134/><E134/><V103/><F24/><W14/><G116/><T46/><D77/><U67/><REACH who="1" step="1"/><E27/><REACH who="1" ten="280,200,240,250" step="2"/><V17/><F103/><W40/><G26/><T5/><D42/><U60/><E60/><V18/><F96/><W35/><G29/><N who="0" m="17591" /><D90/><U58/><E58/><V57/><F57/><W23/><G62/><T109/><D109/><U112/><E112/><V91/><F97/><W10/><G61/><T120/><D120/><U43/><E43/><V78/><F91/><W130/><G40/><T28/><D28/><U118/><E118/><V59/><F59/><W64/><G130/><T115/><D115/><U31/><E31/><V131/><F131/><W38/><G100/><T105/><D105/><U36/><E36/><V132/><F132/><W107/><G38/><T114/><D114/><U85/><E85/><V111/><F111/><W2/><G107/><T39/><D39/><U79/><E79/><V113/><F113/><W33/><G102/><T83/><D93/><RYUUKYOKU ba="2,3" sc="280,10,200,10,240,10,250,-30" hai0="5,6,8,12,46,48,52,83,86,89" hai1="16,19,56,63,67,69,70,72,73,74,88,94,99" hai2="17,18,20,21,78,80,84" /><INIT seed="0,3,3,0,2,43" ten="290,210,250,220" oya="0" hai0="64,87,44,78,93,80,71,115,105,10,111,2,13" hai1="20,100,89,122,74,130,6,56,49,45,28,26,29" hai2="9,35,68,98,27,4,121,40,125,107,135,0,133" hai3="82,114,65,36,108,11,86,54,112,16,42,53,131"/><T32/><D115/><U83/><E122/><V128/><F121/><W92/><G108/><T88/><D105/><U70/><E130/><V119/><F128/><W12/><G131/><T81/><D2/><U101/><E70/><V60/><F125/><W75/><G65/><T63/><D111/><U104/><E6/><V124/><F124/><W47/><G75/><T72/><D32/><U94/><E104/><V120/><F120/><W132/><G132/><T96/><D44/><U18/><E56/><V110/><F110/><W46/><G92/><T19/><REACH who="0" step="1"/><D80/><REACH who="0" ten="280,210,250,220" step="2"/><U79/><E101/><N who="2" m="62903" /><F119/><W23/><G47/><T8/><D8/><U14/><E100/><V25/><F35/><W134/><G11/><T126/><D126/><U77/><E77/><V62/><F133/><W48/><G134/><T97/><AGARI ba="3,4" hai="10,13,19,63,64,71,72,78,81,87,88,93,96,97" machi="97" ten="30,12000,1" yaku="1,1,0,1,54,1,53,2" doraHai="43" doraHaiUra="95" who="0" fromWho="0" sc="280,169,210,-43,250,-43,220,-43" /><INIT seed="0,4,0,1,5,62" ten="449,167,207,177" oya="0" hai0="0,59,76,39,46,110,121,37,9,45,113,60,4" hai1="103,20,33,82,35,114,129,94,1,50,42,3,100" hai2="61,93,108,117,17,22,40,126,128,97,66,67,132" hai3="7,75,64,31,119,63,47,99,107,102,125,55,25"/><T44/><D113/><U78/><E129/><V111/><F128/><W122/><G119/><T11/><D121/><U16/><E114/><V81/><F126/><W133/><G125/><T24/><D110/><N who="2" m="42026" /><F132/><W118/><G133/><T56/><D76/><U71/><E71/><V87/><F40/><W6/><G118/><T83/><D83/><U21/><E21/><V27/><F61/><W43/><G55/><T131/><D131/><U38/><E38/><V14/><F27/><W49/><G75/><T127/><D127/><U115/><E115/><V8/><F8/><W32/><REACH who="3" step="1"/><G122/><REACH who="3" ten="449,167,207,167" step="2"/><T77/><D39/><U23/><E42/><V74/><F74/><W85/><G85/><T109/><D37/><U36/><E36/><V34/><F117/><W26/><G26/><T89/><D24/><U106/><E35/><V69/><F34/><W104/><G104/><T28/><D109/><U120/><E106/><V88/><F69/><AGARI ba="4,1" hai="6,7,25,31,32,43,47,49,63,64,69,99,102,107" machi="69" ten="30,12000,2" yaku="1,1,7,1,25,2,52,1,53,1" doraHai="62" doraHaiUra="101" who="3" fromWho="2" sc="449,0,167,0,207,-132,167,142" /><INIT seed="1,0,0,0,4,55" ten="449,167,75,309" oya="1" hai0="19,101,3,130,106,83,117,49,42,89,26,63,38" hai1="132,128,15,69,25,103,71,129,116,92,36,46,24" hai2="50,6,37,35,5,34,2,65,61,52,13,111,54" hai3="108,107,87,77,33,126,133,115,84,99,23,135,45"/><U62/><E116/><V109/><F37/><W68/><G33/><T57/><D117/><U88/><E103/><V41/><F2/><W74/><G108/><N who="2" m="41545" /><F41/><W104/><G68/><T98/><D3/><U66/><E71/><V125/><F125/><W79/><G23/><T85/><D130/><N who="1" m="50283" /><E132/><V31/><F54/><W100/><G45/><T47/><D19/><U124/><E124/><V22/><F22/><W43/><G43/><T40/><D26/><U32/><E15/><V4/><F31/><W17/><G17/><T81/><D42/><N who="1" m="22855" /><E32/><N who="2" m="12331" /><F13/><W48/><G48/><T30/><D30/><U118/><E118/><V8/><F8/><W21/><G21/><T58/><D38/><U110/><E110/><V122/><F122/><W93/><G126/><T119/><D119/><U73/><E73/><V70/><F5/><W59/><G74/><T95/><REACH who="0" step="1"/><D57/><AGARI ba="0,0" hai="4,6,50,52,57,61,65,70" m="12331,41545" machi="57" ten="30,3900,0" yaku="14,1,52,1,54,1" doraHai="55" who="2" fromWho="0" sc="449,-39,167,0,75,39,309,0" /><INIT seed="2,0,0,2,3,110" ten="410,167,114,309" oya="2" hai0="70,9,75,11,85,96,65,13,61,56,78,46,120" hai1="93,118,18,109,67,107,121,97,10,49,34,44,90" hai2="19,40,102,94,112,52,98,59,86,50,103,47,122" hai3="14,74,58,119,15,41,80,63,84,135,32,5,87"/><V31/><F31/><W60/><G119/><T116/><D120/><U64/><E118/><V33/><F33/><W25/><G135/><T22/><D75/><U62/><E34/><V8/><F122/><W108/><G108/><T114/><D114/><U53/><E109/><V57/><F112/><W71/><G74/><T42/><D116/><U130/><E107/><V6/><F86/><W20/><G41/><T16/><D70/><U134/><E134/><V26/><F102/><W77/><G32/><T39/><REACH who="0" step="1"/><D96/><REACH who="0" ten="400,167,114,309" step="2"/><U131/><E121/><V66/><F66/><W36/><G71/><T55/><D55/><U1/><E67/><V17/><F26/><W3/><G25/><T27/><D27/><U76/><E131/><V37/><REACH who="2" step="1"/><F59/><REACH who="2" ten="400,167,104,309" step="2"/><W91/><G58/><T128/><D128/><U83/><E130/><V54/><F54/><W4/><G87/><T92/><D92/><U111/><E64/><V125/><F125/><W105/><G84/><T73/><D73/><U100/><E93/><V117/><F117/><W104/><G105/><T101/><D101/><U129/><E100/><V21/><F21/><W48/><G20/><T38/><D38/><U68/><E129/><V79/><F79/><W23/><G36/><T2/><D2/><AGARI ba="0,2" hai="2,6,8,17,19,37,40,47,50,52,57,94,98,103" machi="2" ten="30,5800,0" yaku="1,1,7,1,54,1,53,0" doraHai="110" doraHaiUra="106" who="2" fromWho="0" sc="400,-58,167,0,104,78,309,0" /><INIT seed="2,1,0,1,5,134" ten="342,167,182,309" oya="2" hai0="40,107,48,79,32,61,78,75,5,99,74,21,20" hai1="130,108,125,104,119,114,112,0,58,14,44,11,35" hai2="55,57,82,120,10,109,69,34,7,77,68,76,100" hai3="27,24,31,42,111,97,12,65,64,38,39,60,121"/><V8/><F120/><W92/><G121/><T46/><D32/><U116/><E104/><V110/><F34/><W126/><G111/><N who="2" m="42505" /><F100/><W25/><G126/><T95/><D107/><U53/><E108/><V103/><F103/><W135/><G135/><T43/><D5/><U9/><E44/><V86/><F77/><W129/><G129/><T127/><D127/><U13/><E58/><V85/><F85/><W51/><G38/><T98/><D61/><U123/><E53/><V94/><F94/><W122/><G39/><T115/><D95/><U106/><E106/><V83/><F83/><W88/><G122/><T26/><D46/><U71/><E71/><N who="2" m="27211" /><F7/><W70/><G65/><T62/><D79/><U56/><E56/><V41/><F41/><W63/><G31/><T67/><D78/><U45/><E45/><V29/><F29/><W105/><G105/><T90/><D40/><U30/><E123/><V128/><F128/><W16/><G70/><T4/><D43/><U91/><E91/><V2/><F2/><W102/><G102/><T50/><D4/><N who="1" m="3303" /><E130/><V124/><F124/><W54/><G42/><T15/><D90/><U17/><E0/><V133/><F133/><W33/><G33/><T96/><D96/><U59/><E59/><V81/><F81/><W117/><G97/><T80/><D99/><U84/><E84/><V37/><F37/><W3/><G92/><T19/><D98/><U72/><E125/><V47/><F47/><W87/><G87/><T132/><D80/><U89/><E89/><V118/><F118/><N who="1" m="45097" /><E72/><V73/><F73/><N who="0" m="27658" /><D132/><U28/><E35/><RYUUKYOKU ba="1,0" sc="342,-15,167,15,182,15,309,-15" hai1="9,14,17,28,30,112,114" hai2="8,10,55,57,76,82,86" /><INIT seed="2,2,0,5,1,11" ten="327,182,197,294" oya="2" hai0="92,23,121,79,67,25,113,8,84,74,94,77,129" hai1="86,89,71,90,93,126,52,76,18,13,2,103,58" hai2="43,75,42,48,70,63,12,5,114,134,32,98,59" hai3="30,78,73,50,87,125,10,41,26,35,64,108,95"/><V127/><F114/><W96/><G108/><T111/><D121/><U19/><E2/><V31/><F75/><W116/><G116/><T105/><D113/><U28/><E71/><V60/><F70/><W106/><G125/><T130/><D105/><U112/><E112/><V120/><F120/><W115/><G115/><T61/><D74/><U16/><E126/><V6/><F127/><W109/><G109/><T44/><D44/><U21/><E28/><V29/><F134/><W62/><G106/><T88/><D94/><N who="1" m="54583" /><E76/><V47/><F43/><W17/><G73/><T0/><D111/><U53/><E103/><V46/><F46/><W4/><G17/><N who="1" m="6762" /><E58/><V34/><F98/><AGARI ba="2,0" hai="13,19,21,52,53,90,93,98" m="6762,54583" machi="98" ten="30,7700,0" yaku="8,1,52,1,54,2" doraHai="11" who="1" fromWho="2" sc="327,0,182,83,197,-83,294,0" /><INIT seed="3,0,0,2,5,18" ten="327,265,114,294" oya="3" hai0="81,17,48,24,62,124,3,8,55,69,49,111,42" hai1="25,122,96,93,78,13,87,6,132,2,67,104,31" hai2="39,95,53,123,107,133,14,28,90,9,56,47,89" hai3="58,51,99,128,92,83,86,43,84,108,35,61,106"/><W117/><G117/><T75/><D111/><U134/><E122/><V121/><F107/><W105/><G35/><T115/><D124/><U36/><E36/><V7/><F133/><W72/><G128/><T52/><D115/><U66/><E2/><V94/><F28/><W65/><G108/><T0/><D42/><U114/><E114/><V73/><F73/><W5/><G5/><T77/><D62/><U54/><E6/><V34/><F34/><W135/><G135/><T27/><D69/><U120/><E120/><V50/><F121/><W119/><G119/><T80/><D17/><U60/><E13/><V76/><F39/><W129/><G129/><T70/><D70/><U97/><E54/><V103/><F123/><W101/><G72/><T10/><D75/><U40/><E40/><V71/><F71/><W100/><G100/><T118/><D118/><U98/><E104/><V12/><F76/><AGARI ba="0,0" hai="0,3,8,10,24,27,48,49,52,55,76,77,80,81" machi="76" ten="25,3200,0" yaku="22,2,54,1" doraHai="18" who="0" fromWho="2" sc="327,32,265,0,114,-32,294,0" owari="359,45.9,265,-13.5,82,-41.8,294,9.4" /></mjloggm>