<mjloggm ver="2.3"><GO type="225" lobby="0"/><UN n0="%72%69%6F%75%63%68%61%6E" n1="%E8%81%B7%E6%A5%AD%E3%80%81%E9%A2%A8%32" n2="%E3%81%A6%E3%81%A4%EF%BC%A3" n3="%E3%83%B4%E3%83%A0%EF%BC%99%E3%81%A6" dan="17,16,16,17" rate="2228.86,2136.03,2061.53,2195.25" sx="M,M,M,M"/><TAIKYOKU oya="0"/><INIT seed="0,0,0,5,4,4" ten="250,250,250,250" oya="0" hai0="127,93,102,13,114,77,101,64,91,82,38,76,80" hai1="48,84,98,53,71,25,50,54,43,19,2,28,86" hai2="7,85,133,39,109,17,120,3,15,95,131,6,88" hai3="49,70,111,46,36,66,40,100,9,47,63,112,73"/><T35/><D114/><U23/><E71/><V21/><F120/><W128/><G112/><T78/><D35/><U75/><E75/><V89/><F109/><W107/><G111/><T8/><D38/><U42/><E2/><V72/><F72/><W16/><G73/><T125/><D64/><U20/><E98/><V56/><F133/><W11/><G128/><T96/><D13/><N who="1" m="9327" /><E43/><V55/><F39/><W32/><G32/><T122/><D122/><U68/><E68/><V124/><F124/><N who="0" m="47690" /><D8/><U0/><E42/><V99/><F3/><W87/><G87/><N who="1" m="33322" /><E0/><V90/><F131/><W29/><G29/><T52/><D52/><AGARI ba="0,0" hai="23,25,28,48,50,52,53,54" m="33322,9327" machi="52" ten="30,2000,0" yaku="8,1,54,1" doraHai="4" who="1" fromWho="0" sc="250,-20,250,20,250,0,250,0" /><INIT seed="1,0,0,0,4,126" ten="230,270,250,250" oya="1" hai0="64,83,114,101,37,109,79,107,41,34,23,55,22" hai1="112,8,42,125,69,11,115,110,9,14,36,113,75" hai2="105,61,95,120,82,56,60,80,93,32,111,29,102" hai3="70,98,72,84,131,15,123,7,17,74,128,44,130"/><U51/><E75/><N who="3" m="28714" /><G123/><T20/><D109/><U52/><E125/><V27/><F120/><W57/><G70/><T91/><D114/><U99/><E69/><V88/><F111/><W124/><G124/><T40/><D34/><U54/><E14/><V43/><F105/><W25/><G44/><T71/><D37/><U77/><E110/><V2/><F2/><W94/><G57/><T21/><D91/><U38/><E77/><V47/><F102/><N who="3" m="60759" /><G84/><T53/><N who="0" m="5120" /><DORA hai="12" /><T58/><D71/><U59/><E99/><V0/><F95/><W10/><G25/><T100/><D107/><U28/><E28/><V78/><F0/><W46/><G46/><T49/><D64/><U65/><E65/><V106/><F106/><W6/><AGARI ba="0,0" hai="6,7,10,15,17,128,130,131" m="60759,28714" machi="6" ten="40,8000,1" yaku="19,1,52,4" doraHai="126,12" who="3" fromWho="3" sc="230,-20,270,-40,250,-20,250,80" /><INIT seed="2,0,0,0,3,106" ten="210,230,230,330" oya="2" hai0="111,81,25,75,35,132,104,11,89,7,26,18,77" hai1="108,118,123,4,22,117,30,9,21,128,59,44,115" hai2="90,16,61,114,69,27,94,83,99,125,105,54,120" hai3="43,76,107,63,45,82,124,56,85,133,55,97,92"/><V24/><F120/><W5/><G124/><T134/><D111/><U1/><E108/><V19/><F125/><W3/><G133/><N who="0" m="51307" /><D104/><U20/><E115/><V70/><F114/><W116/><G116/><T121/><D121/><U84/><E123/><V13/><F105/><W102/><G3/><N who="0" m="511" /><D35/><U28/><E128/><V126/><F126/><W29/><G5/><T79/><D77/><U78/><E44/><V53/><F83/><W112/><G112/><T98/><D18/><U86/><E59/><V96/><F90/><W66/><G29/><T10/><D10/><U50/><E50/><V109/><F109/><W91/><G66/><T93/><AGARI ba="0,0" hai="25,26,75,79,81,89,93,98" m="511,51307" machi="93" ten="30,2000,0" yaku="20,1,52,1" doraHai="106" who="0" fromWho="0" sc="210,20,230,-5,230,-10,330,-5" /><INIT seed="3,0,0,5,5,34" ten="230,225,220,325" oya="3" hai0="26,64,121,97,1,129,132,55,67,13,119,108,4" hai1="102,15,93,127,114,84,42,6,85,100,59,11,76" hai2="32,51,78,56,44,134,49,106,54,21,60,77,96" hai3="115,62,120,10,79,131,7,88,3,36,5,2,18"/><W45/><G79/><T71/><D119/><U65/><E114/><V90/><F134/><W43/><G115/><T75/><D121/><U58/><E127/><V28/><F32/><W87/><G120/><T48/><D1/><U86/><E42/><V82/><F106/><W81/><G131/><T94/><D75/><U89/><E65/><V35/><F35/><W117/><G117/><T72/><D72/><U83/><E86/><N who="2" m="50519" /><F96/><W30/><G30/><T33/><D108/><U61/><E61/><V99/><F99/><W74/><G74/><T111/><D111/><U110/><E110/><V118/><F118/><W9/><G18/><T24/><D129/><U22/><E22/><V105/><F105/><W101/><G62/><T46/><D132/><U73/><E73/><V29/><F49/><W27/><G27/><N who="0" m="10283" /><D71/><U70/><E70/><V0/><F0/><W17/><G17/><T68/><D68/><U130/><E130/><V50/><F50/><W128/><G128/><T95/><D33/><U135/><E135/><V37/><F37/><W66/><G66/><N who="0" m="25131" /><D97/><U38/><E38/><V123/><F123/><W92/><G101/><AGARI ba="0,0" hai="6,11,15,58,59,76,83,84,85,89,93,100,101,102" machi="101" ten="40,1300,0" yaku="8,1" doraHai="34" who="1" fromWho="3" sc="230,0,225,13,220,0,325,-13" owari="230,-17.0,238,3.8,220,-28.0,312,41.2" /></mjloggm>