<mjloggm ver="2.3"><GO type="225" lobby="0"/><UN n0="%E5%AE%AE%E4%BF%9D%E9%B6%8F%E8%82%89" n1="%E6%80%AA%E3%81%97%E3%81%99%E3%81%8E%E3%82%8B%E3%83%81%E3%83%BC" n2="%E5%AF%82%E5%AF%9E%E3%82%AE%E3%83%8D%E3%82%B9%E3%83%93%E3%83%BC%E3%83%AB" n3="%E8%81%B7%E6%A5%AD%E3%80%81%E9%A2%A8%32" dan="16,16,16,16" rate="2131.31,2140.10,2149.55,2136.50" sx="M,M,M,M"/><TAIKYOKU oya="0"/><INIT seed="0,0,0,2,4,82" ten="250,250,250,250" oya="0" hai0="106,1,25,23,104,89,35,2,19,117,18,88,34" hai1="77,116,32,40,49,72,79,20,30,98,55,108,91" hai2="52,129,102,59,80,110,51,58,74,10,132,85,133" hai3="66,69,5,47,122,24,8,70,75,99,57,53,81"/><T124/><D23/><U48/><E116/><V38/><F38/><W54/><G122/><T17/><D25/><U4/><E108/><V9/><F110/><W96/><G24/><T101/><D101/><U62/><E72/><V56/><F74/><W73/><G54/><T16/><D18/><U131/><E131/><V78/><F102/><W87/><G47/><T37/><D37/><U105/><E4/><V21/><F129/><W127/><G75/><T31/><D31/><U114/><E114/><V29/><F21/><W115/><G127/><T33/><D117/><U28/><E32/><V27/><F27/><W113/><G66/><T44/><D44/><N who="1" m="25607" /><E105/><N who="0" m="40553" /><D124/><U128/><E128/><V15/><F29/><N who="1" m="11369" /><E62/><V103/><F103/><W92/><G73/><T120/><D120/><U134/><E134/><N who="2" m="51819" /><F9/><W12/><G113/><T97/><D97/><U71/><E71/><V43/><F43/><W126/><G99/><T107/><N who="0" m="40561" /><T100/><DORA hai="0" /><D100/><U41/><E20/><V6/><AGARI ba="0,0" hai="6,10,15,51,52,56,58,59,78,80,85" m="51819" machi="6" ten="30,7900,0" yaku="20,1,52,2,54,1" doraHai="82,0" who="2" fromWho="2" sc="250,-39,250,-20,250,79,250,-20" /><INIT seed="1,0,0,0,4,7" ten="211,230,329,230" oya="1" hai0="10,1,97,29,5,21,11,32,99,59,120,134,107" hai1="18,129,15,66,75,95,6,117,70,125,114,39,74" hai2="45,96,122,91,49,73,105,131,68,92,80,58,123" hai3="89,65,40,78,119,50,48,108,130,113,72,86,69"/><U85/><E114/><V38/><F68/><W93/><G108/><T30/><D107/><U102/><E117/><V106/><F58/><W61/><G113/><T81/><D32/><U46/><E129/><V135/><F38/><W94/><G130/><T35/><D35/><U110/><E6/><V88/><F131/><W4/><G119/><T101/><D134/><U104/><E125/><V2/><F2/><W82/><G40/><T87/><D120/><N who="2" m="46122" /><F49/><W17/><G4/><T67/><D11/><U3/><E3/><V55/><F55/><W47/><G47/><T124/><D124/><U116/><E116/><V51/><F51/><W100/><G17/><T83/><D83/><U115/><E115/><V64/><F64/><W22/><G22/><T37/><D37/><U90/><E110/><V42/><F45/><W60/><G60/><T34/><D34/><U26/><E26/><V57/><F57/><W56/><G69/><T118/><D118/><U133/><E133/><V25/><F25/><W8/><G8/><T16/><D30/><U62/><E46/><V13/><F13/><W127/><G127/><T19/><D29/><U126/><E39/><V43/><F135/><W112/><G112/><T79/><D101/><U111/><E111/><V9/><F9/><W84/><G100/><T103/><D103/><U36/><E36/><V76/><F91/><AGARI ba="0,0" hai="48,50,56,61,65,72,78,82,84,86,89,91,93,94" machi="91" ten="40,1300,0" yaku="9,1" doraHai="7" who="3" fromWho="2" sc="211,0,230,0,329,-13,230,13" /><INIT seed="2,0,0,4,3,87" ten="211,230,316,243" oya="2" hai0="13,61,63,40,68,125,45,105,132,10,44,50,6" hai1="104,95,80,52,93,29,16,124,60,116,39,31,26" hai2="126,90,97,19,5,96,21,33,119,122,92,128,117" hai3="123,69,83,11,2,86,28,25,118,17,127,79,57"/><V75/><F33/><W129/><G69/><T111/><D105/><U135/><E104/><V8/><F122/><W55/><G123/><T98/><D111/><U102/><E39/><V101/><F75/><W74/><G118/><T82/><D125/><U103/><E116/><V108/><F126/><W37/><G37/><T70/><D132/><U133/><E80/><V48/><F128/><W66/><G66/><T18/><D68/><U112/><E112/><V115/><F115/><W131/><G127/><T107/><D70/><U34/><E31/><V36/><F48/><W85/><G85/><T35/><D35/><U62/><E124/><V12/><F108/><W42/><G42/><T22/><D82/><U24/><E52/><V20/><F20/><W120/><G120/><T46/><D107/><U65/><E34/><V58/><F58/><W100/><G100/><T30/><D98/><U1/><E29/><V84/><F97/><W54/><G74/><T47/><REACH who="0" step="1"/><D30/><REACH who="0" ten="201,230,316,243" step="2"/><U71/><E71/><V56/><F119/><W88/><G28/><T106/><D106/><U121/><E121/><V113/><F117/><W91/><G83/><T9/><D9/><U51/><E133/><V23/><F113/><W7/><G11/><T14/><AGARI ba="0,1" hai="6,10,13,14,18,22,40,44,45,46,47,50,61,63" machi="14" ten="30,4000,0" yaku="1,1,0,1,8,1,53,0" doraHai="87" doraHaiUra="27" who="0" fromWho="0" sc="201,50,230,-10,316,-20,243,-10" /><INIT seed="3,0,0,1,0,14" ten="251,220,296,233" oya="3" hai0="107,62,54,91,123,21,47,13,99,18,134,101,10" hai1="67,32,108,110,48,2,35,12,66,28,113,92,5" hai2="97,87,73,64,0,44,27,90,30,25,80,121,98" hai3="93,122,71,46,100,89,85,70,42,125,45,94,129"/><W116/><G116/><T117/><D117/><U126/><E113/><V7/><F73/><W38/><G122/><T78/><D123/><U76/><E126/><V52/><F121/><W109/><G125/><T34/><D34/><N who="1" m="12843" /><E28/><V124/><F124/><W96/><G129/><T4/><D134/><U57/><E2/><V3/><F64/><N who="1" m="24617" /><E76/><V9/><F0/><W84/><G109/><N who="1" m="42090" /><E92/><V15/><F3/><W59/><G59/><T17/><D78/><U16/><E5/><V79/><F30/><W36/><G85/><T114/><D114/><U1/><E1/><V8/><F8/><W77/><G77/><T43/><D91/><U119/><E119/><V120/><F120/><W75/><G75/><T74/><D74/><U55/><E12/><V72/><F72/><W49/><G38/><T6/><D62/><U26/><E26/><N who="2" m="9739" /><F79/><W37/><G36/><T65/><D65/><U130/><E130/><V63/><F63/><W23/><REACH who="3" step="1"/><G23/><REACH who="3" ten="251,220,296,223" step="2"/><T86/><D86/><U132/><E132/><V31/><F31/><W82/><G82/><T118/><D118/><U103/><E103/><V29/><F29/><W11/><G11/><T51/><D21/><U104/><E104/><V20/><F20/><W40/><AGARI ba="0,1" hai="37,40,42,45,46,49,70,71,84,89,93,94,96,100" machi="40" ten="20,3900,0" yaku="1,1,0,1,7,1,53,0" doraHai="14" doraHaiUra="50" who="3" fromWho="3" sc="251,-13,220,-13,296,-13,223,49" /><INIT seed="3,1,0,4,5,4" ten="238,207,283,272" oya="3" hai0="62,63,118,42,35,128,97,23,16,46,20,119,5" hai1="53,34,21,51,17,60,70,88,114,121,95,25,26" hai2="104,64,54,126,28,32,74,130,108,49,9,55,65" hai3="15,24,111,18,123,78,89,122,39,22,77,93,56"/><W6/><G39/><T84/><D35/><U129/><E114/><V37/><F74/><W80/><G111/><T75/><D75/><U125/><E121/><V113/><F113/><W71/><G71/><T107/><D128/><U47/><E129/><V67/><F130/><W127/><G127/><T76/><D5/><U73/><E125/><V27/><F126/><W48/><G80/><T3/><D3/><U94/><E73/><V124/><F124/><W68/><G68/><T79/><D23/><U100/><E100/><V131/><F104/><W83/><G83/><T72/><D72/><U40/><E88/><V13/><F37/><W82/><G82/><T120/><D84/><U112/><E112/><V135/><F131/><W102/><G102/><T45/><D120/><U52/><E70/><V90/><F108/><W98/><G122/><T87/><D87/><U96/><E96/><V30/><F30/><N who="3" m="17687" /><G6/><T8/><D107/><U99/><E99/><V7/><F135/><W91/><G91/><T61/><D97/><U0/><E0/><V29/><F90/><W12/><G12/><N who="0" m="7175" /><D119/><U85/><E85/><V58/><F29/><W59/><G123/><T92/><D92/><N who="1" m="35371" /><E34/><V115/><F115/><W105/><G105/><T41/><D118/><U10/><E10/><V36/><F36/><W110/><G98/><T132/><D132/><U116/><E116/><V66/><N who="2" m="16384" /><DORA hai="33" /><V43/><F32/><W44/><G93/><T101/><D101/><U19/><E60/><N who="0" m="15361" /><T81/><DORA hai="2" /><D20/><AGARI ba="1,0" hai="17,19,20,21,25,26,40,47,51,52,53" m="35371" machi="20" ten="30,2000,0" yaku="8,1,54,1" doraHai="4,33,2" who="1" fromWho="0" sc="238,-23,207,23,283,0,272,0" /><INIT seed="4,0,0,4,4,72" ten="215,230,283,272" oya="0" hai0="125,21,62,114,43,68,96,81,118,67,46,64,110" hai1="3,115,112,42,8,26,33,129,132,20,131,89,15" hai2="50,19,93,7,59,1,63,79,29,123,56,74,12" hai3="84,94,39,51,17,53,27,109,16,66,35,23,54"/><T0/><D118/><U99/><E132/><V105/><F105/><W55/><G109/><T76/><D0/><U88/><E33/><V133/><F123/><W103/><G39/><T6/><D110/><U13/><E42/><V87/><F74/><W34/><G35/><T116/><D116/><U71/><E71/><V135/><F29/><W119/><G119/><T36/><D114/><N who="1" m="43563" /><E3/><V2/><F50/><W10/><G34/><T104/><D125/><U117/><E117/><V102/><F7/><W91/><G66/><T82/><D67/><U90/><E99/><V48/><F48/><W24/><G103/><T61/><D62/><U108/><E108/><V92/><F102/><W14/><G27/><T70/><D70/><U5/><E15/><V11/><F1/><W47/><AGARI ba="0,0" hai="10,14,16,17,23,24,47,51,53,54,55,84,91,94" machi="47" ten="20,5200,0" yaku="0,1,7,1,8,1,54,1" doraHai="72" who="3" fromWho="3" sc="215,-26,230,-13,283,-13,272,52" owari="189,-31.1,217,-18.3,270,7.0,324,42.4" /></mjloggm>