<mjloggm ver="2.3"><GO type="225" lobby="0"/><UN n0="%E6%A1%9C%E8%8A%B1%E9%96%83%E3%80%85" n1="%E4%B8%89%E5%86%A0%E7%8E%8B%E3%83%BB%E5%B1%B1%E7%94%B0%E5%93%B2%E4%BA%BA" n2="%E3%81%8F%E3%81%BE%E3%81%96%E3%82%8F" n3="%E8%81%B7%E6%A5%AD%E3%80%81%E9%A2%A8%32" dan="16,16,16,16" rate="2126.41,2140.00,2042.50,2113.95" sx="M,M,M,M"/><TAIKYOKU oya="0"/><INIT seed="0,0,0,1,1,121" ten="250,250,250,250" oya="0" hai0="74,81,98,77,130,80,50,106,72,5,124,92,85" hai1="33,49,12,17,123,46,119,68,116,54,29,7,86" hai2="15,19,10,105,57,103,73,102,90,48,51,22,65" hai3="44,101,38,37,88,47,53,40,115,45,4,67,126"/><T18/><D5/><U1/><E68/><V82/><F105/><W32/><G115/><T134/><D134/><U56/><E123/><V52/><F65/><W135/><G32/><T128/><D18/><U55/><E1/><V69/><F69/><W41/><G135/><T21/><D21/><U131/><E7/><V36/><F36/><N who="3" m="13931" /><G88/><N who="0" m="51247" /><D50/><U20/><E49/><V117/><F117/><W11/><G101/><N who="2" m="38409" /><F73/><N who="0" m="28266" /><D106/><U61/><E20/><V114/><F114/><W75/><G75/><N who="0" m="43071" /><D124/><U23/><E17/><V89/><F48/><N who="3" m="28807" /><G11/><T96/><D92/><U118/><E23/><V31/><F82/><W64/><G4/><T132/><D132/><U76/><E118/><V6/><F31/><W104/><G104/><T66/><D66/><N who="3" m="25129" /><G126/><T129/><AGARI ba="0,0" hai="96,98,128,129,130" m="43071,28266,51247" machi="129" ten="40,12000,1" yaku="19,1,34,2,54,1" doraHai="121" who="0" fromWho="0" sc="250,120,250,-40,250,-40,250,-40" /><INIT seed="0,1,0,1,1,130" ten="370,210,210,210" oya="0" hai0="85,73,70,125,59,69,80,117,133,8,106,27,78" hai1="41,128,56,43,98,95,100,101,99,49,16,72,121" hai2="28,67,123,33,23,48,81,104,118,88,19,108,66" hai3="65,36,84,113,55,46,77,119,58,52,92,64,57"/><T2/><D117/><U25/><E72/><V124/><F123/><W54/><G113/><T30/><D125/><U132/><E128/><V53/><F118/><W109/><G109/><T93/><D59/><N who="3" m="22537" /><G119/><T135/><D106/><U1/><E1/><V34/><F104/><W14/><G14/><T12/><D93/><N who="1" m="58447" /><E132/><N who="0" m="50761" /><D73/><U60/><E49/><V86/><F108/><W74/><G74/><T96/><D96/><U15/><E25/><V61/><F124/><W105/><G105/><T9/><D2/><U20/><E121/><V17/><F34/><W18/><G92/><T0/><D0/><U114/><E114/><V39/><F39/><W79/><G36/><T35/><D8/><U115/><E115/><V131/><F131/><W63/><G65/><AGARI ba="1,0" hai="15,16,20,41,43,56,60,65,95,99,101" m="58447" machi="65" ten="30,2000,0" yaku="8,1,54,1" doraHai="130" who="1" fromWho="3" sc="370,0,210,23,210,0,210,-23" /><INIT seed="1,0,0,0,5,64" ten="370,233,210,187" oya="1" hai0="99,35,23,87,74,82,21,92,88,36,2,58,119" hai1="125,68,44,39,95,116,11,72,89,49,55,5,17" hai2="16,114,43,127,78,81,47,103,1,126,53,91,29" hai3="51,4,63,30,14,33,22,131,48,52,84,79,133"/><U115/><E115/><V60/><F114/><W128/><G133/><T122/><D119/><U102/><E72/><V120/><F120/><W40/><G33/><T93/><D35/><U13/><E116/><V83/><F1/><W0/><G0/><T66/><D122/><U134/><E134/><V8/><F103/><W57/><G30/><T18/><D36/><U135/><E135/><V7/><F29/><W32/><G32/><T132/><D132/><U12/><E125/><V77/><F91/><W24/><G24/><T129/><D129/><N who="3" m="49737" /><G40/><T90/><D2/><U42/><E102/><V56/><F7/><W59/><G59/><T111/><D111/><U38/><E68/><V34/><F34/><W100/><G100/><T62/><D74/><U25/><E25/><V97/><F126/><W124/><G124/><T41/><D41/><U80/><E42/><V54/><F127/><W3/><G3/><T108/><D108/><U117/><E117/><V70/><F70/><W94/><G94/><N who="0" m="56775" /><D23/><U121/><E121/><V113/><F43/><W123/><G123/><T65/><D66/><U85/><REACH who="1" step="1"/><E95/><REACH who="1" ten="370,223,210,187" step="2"/><V110/><F110/><W61/><G4/><T75/><D75/><U130/><E130/><V101/><F101/><W106/><G106/><T31/><D31/><U96/><E96/><V6/><F97/><W28/><G84/><T104/><D104/><U26/><E26/><AGARI ba="0,1" hai="18,21,26,58,62,65,82,87,90,92,93" m="56775" machi="26" ten="30,2000,0" yaku="8,1,54,1" doraHai="64" who="0" fromWho="1" sc="370,30,223,-20,210,0,187,0" /><INIT seed="2,0,0,1,5,21" ten="400,203,210,187" oya="2" hai0="78,113,67,3,108,65,13,31,101,9,20,59,30" hai1="12,39,107,4,95,17,116,53,94,6,87,18,112" hai2="2,70,122,88,41,83,16,110,80,61,125,38,120" hai3="63,22,93,46,34,130,134,55,35,106,62,36,54"/><V109/><F2/><W90/><G106/><T29/><D113/><U45/><E107/><V0/><F0/><W129/><G134/><T85/><D3/><U25/><E116/><V118/><F118/><W92/><G46/><T7/><D108/><N who="2" m="41578" /><F125/><W19/><G36/><T68/><D68/><U26/><E112/><V91/><F38/><W58/><G34/><T127/><D127/><U114/><E114/><V24/><F41/><W60/><G35/><T56/><D101/><U33/><E33/><V23/><F80/><W49/><G55/><T82/><D20/><U103/><E39/><V44/><F44/><W117/><G117/><T43/><D43/><U99/><E4/><V11/><F11/><W1/><G1/><T51/><D51/><N who="1" m="28911" /><E6/><V75/><F75/><W89/><G89/><N who="2" m="34377" /><F83/><W5/><G5/><T97/><D97/><U37/><E37/><V81/><F81/><W57/><G57/><AGARI ba="0,0" hai="7,9,13,29,30,31,56,57,59,65,67,78,82,85" machi="57" ten="40,1300,0" yaku="8,1" doraHai="21" who="0" fromWho="3" sc="400,13,203,0,210,0,187,-13" /><INIT seed="3,0,0,3,3,38" ten="413,203,210,174" oya="3" hai0="129,31,23,32,66,36,37,106,98,44,14,121,88" hai1="127,34,103,10,53,83,11,84,55,105,132,28,79" hai2="122,125,111,112,43,68,128,26,86,16,39,30,50" hai3="135,89,6,126,123,75,18,15,115,13,90,131,116"/><W33/><G123/><T61/><D121/><U120/><E120/><V97/><F122/><RYUUKYOKU type="kaze4" ba="0,0" sc="413,0,203,0,210,0,174,0" /><INIT seed="3,1,0,2,5,33" ten="413,203,210,174" oya="3" hai0="120,16,97,84,107,103,91,57,31,73,10,117,40" hai1="65,21,71,129,95,100,77,61,25,108,127,131,4" hai2="48,58,89,121,11,101,133,105,55,123,99,3,53" hai3="70,135,38,42,45,87,79,128,54,90,35,17,36"/><W75/><G35/><T14/><D117/><U23/><E108/><V132/><F89/><W118/><G118/><T125/><D120/><N who="2" m="46154" /><F53/><W7/><G70/><T62/><D125/><U106/><E127/><V19/><F19/><W47/><G128/><N who="1" m="49226" /><E106/><V63/><F63/><W86/><G135/><T66/><D73/><U20/><E4/><AGARI ba="1,0" hai="3,4,11,48,55,58,99,101,105,132,133" m="46154" machi="4" ten="30,2000,0" yaku="13,1,52,1" doraHai="33" who="2" fromWho="1" sc="413,0,203,-23,210,23,174,0" owari="413,51.3,180,-22.0,233,3.3,174,-32.6" /></mjloggm>