<mjloggm ver="2.3"><GO type="225" lobby="0"/><UN n0="%E5%A4%9C%E3%81%AE%E3%82%AC%E3%82%B9%E3%83%91%E3%83%BC%E3%83%AB" n1="%E3%81%8B%E3%82%8F%E3%81%A1%E3%82%83%E3%82%93%35%38" n2="%E9%B3%B3%E6%9D%B1%E3%81%AE%E3%81%86%E3%81%95%E3%81%8E%E3%81%95%E3%82%93" n3="%72%69%6F%75%63%68%61%6E" dan="16,16,17,16" rate="2097.67,2164.35,2237.01,2111.00" sx="M,M,M,M"/><TAIKYOKU oya="0"/><INIT seed="0,0,0,3,5,36" ten="250,250,250,250" oya="0" hai0="10,34,45,47,107,123,26,15,134,19,98,119,92" hai1="103,131,65,114,132,133,13,41,121,100,68,80,89" hai2="31,101,53,70,63,82,83,81,17,16,42,25,30" hai3="122,0,11,33,38,57,64,128,113,90,66,59,69"/><T116/><D123/><U87/><E13/><V86/><F101/><N who="1" m="38985" /><E65/><V93/><F42/><W130/><G113/><T14/><D107/><U125/><E68/><V32/><F30/><W23/><G33/><T51/><D134/><N who="1" m="51819" /><E41/><V106/><F106/><W75/><G75/><T102/><D47/><U20/><E20/><V56/><REACH who="2" step="1"/><F70/><REACH who="2" ten="250,250,240,250" step="2"/><W105/><G69/><T72/><D102/><U12/><E121/><V37/><F37/><W129/><G105/><T61/><D116/><U5/><E114/><V40/><F40/><W108/><G38/><T112/><D119/><U60/><E131/><V27/><F27/><W50/><G122/><T9/><D26/><U111/><E111/><V48/><F48/><W4/><G108/><T28/><D51/><U44/><E60/><V18/><F18/><W1/><G50/><T6/><D112/><U104/><E104/><V62/><F62/><W118/><G118/><T77/><D61/><U55/><E125/><V2/><F2/><W99/><G0/><T67/><D28/><U95/><E12/><V78/><F78/><W54/><G1/><T96/><D77/><U43/><E43/><V39/><F39/><W120/><G120/><T7/><D15/><U79/><E79/><V110/><F110/><W84/><G130/><T35/><D14/><U126/><E126/><V88/><AGARI ba="0,1" hai="16,17,25,31,32,53,56,63,81,82,83,86,88,93" machi="88" ten="30,8000,1" yaku="1,1,0,1,54,2,53,1" doraHai="36" doraHaiUra="58" who="2" fromWho="2" sc="250,-40,250,-20,240,90,250,-20" /><INIT seed="1,0,0,2,3,23" ten="210,230,330,230" oya="1" hai0="28,70,39,12,119,59,133,127,96,120,7,43,69" hai1="72,124,16,78,6,22,125,61,27,135,116,112,19" hai2="101,98,81,58,108,35,2,24,26,93,75,73,129" hai3="94,63,9,37,126,18,15,33,117,11,4,20,52"/><U53/><E112/><V80/><F2/><W106/><G106/><T44/><D119/><U76/><E116/><V64/><F108/><W107/><G117/><T14/><D127/><N who="1" m="48715" /><E135/><V47/><F129/><W95/><G107/><T88/><D133/><U121/><E121/><V10/><F10/><W13/><G126/><T130/><D130/><U82/><E6/><V66/><F35/><W32/><G37/><T71/><D120/><U25/><E78/><V131/><F131/><W109/><G109/><T97/><D7/><U0/><E0/><V134/><F134/><W79/><G79/><T54/><D28/><N who="1" m="17463" /><E27/><N who="2" m="10283" /><F75/><W122/><G122/><T103/><D97/><U56/><AGARI ba="0,0" hai="16,19,53,56,61,72,76,82" m="17463,48715" machi="56" ten="30,6000,0" yaku="18,1,52,1,54,1" doraHai="23" who="1" fromWho="1" sc="210,-20,230,60,330,-20,230,-20" /><INIT seed="1,1,0,4,4,116" ten="190,290,310,210" oya="1" hai0="49,30,40,51,131,85,90,87,29,22,89,100,109" hai1="84,93,24,50,60,104,112,31,4,45,64,28,20" hai2="114,68,37,121,66,95,18,6,34,126,42,88,96" hai3="33,107,75,97,21,26,127,125,1,86,98,76,74"/><U108/><E104/><V59/><F121/><W32/><G1/><T56/><D109/><U15/><E112/><V62/><F114/><W12/><G12/><T8/><D131/><U27/><E108/><V69/><F126/><N who="3" m="48139" /><G86/><T2/><D100/><U0/><E0/><V111/><F111/><W61/><G61/><T11/><D2/><U38/><E38/><V65/><F34/><N who="3" m="13419" /><G76/><T72/><D72/><N who="3" m="27689" /><G107/><T70/><D70/><U124/><E124/><V58/><F6/><W55/><G55/><T129/><D129/><U92/><E84/><V36/><F18/><AGARI ba="1,0" hai="18,21,26,97,98" m="27689,13419,48139" machi="18" ten="40,1300,0" yaku="18,1" doraHai="116" who="3" fromWho="2" sc="190,0,290,0,310,-16,210,16" /><INIT seed="2,0,0,1,2,14" ten="190,290,294,226" oya="2" hai0="102,29,105,66,90,87,120,81,103,130,54,129,88" hai1="128,17,91,1,4,61,74,114,92,98,110,127,78" hai2="38,52,118,30,86,12,42,57,32,73,101,75,40" hai3="108,59,97,71,48,124,35,62,82,123,68,50,93"/><V8/><F118/><W22/><G123/><T65/><D120/><U80/><E114/><V109/><F109/><W24/><G108/><T45/><D29/><U134/><E110/><V21/><F32/><W84/><G124/><T39/><D39/><U99/><E4/><V44/><F101/><N who="0" m="38410" /><D105/><U89/><E1/><V121/><F121/><W18/><G35/><T33/><D33/><U67/><E127/><V51/><F40/><W94/><G68/><T56/><D45/><U19/><E128/><N who="0" m="49257" /><D90/><U83/><E134/><V25/><REACH who="2" step="1"/><F86/><REACH who="2" ten="190,290,284,226" step="2"/><W135/><G84/><T79/><D79/><U85/><REACH who="1" step="1"/><E99/><REACH who="1" ten="190,280,284,226" step="2"/><V15/><F15/><W47/><G97/><T69/><D69/><AGARI ba="0,2" hai="17,19,61,67,69,74,78,80,83,85,89,91,92,98" machi="69" ten="30,8000,1" yaku="1,1,2,1,7,1,52,2,53,0" doraHai="14" doraHaiUra="16" who="1" fromWho="0" sc="190,-80,280,100,284,0,226,0" /><INIT seed="3,0,0,0,1,94" ten="110,380,284,226" oya="3" hai0="105,79,67,111,46,130,3,65,72,55,98,1,114" hai1="51,124,10,24,135,109,82,37,118,120,132,90,88" hai2="75,63,102,68,56,117,42,45,96,48,113,60,112" hai3="121,58,70,25,40,19,35,78,116,43,0,126,15"/><W97/><G116/><T127/><D111/><U22/><E37/><N who="2" m="21711" /><F75/><W6/><G70/><T108/><D108/><U29/><E120/><V74/><F74/><W107/><G121/><T53/><D127/><U41/><E109/><V85/><F85/><W32/><G126/><T52/><D130/><U27/><E124/><V54/><F117/><W89/><G78/><T38/><D114/><U115/><E115/><V11/><F63/><W101/><G89/><T106/><D106/><U128/><E128/><V49/><F48/><W131/><G131/><T8/><D8/><U76/><E118/><V84/><F84/><W71/><G71/><T20/><D20/><N who="1" m="15495" /><E10/><V129/><F11/><N who="3" m="2503" /><G58/><T95/><D105/><U62/><E62/><V9/><F9/><W33/><G32/><T61/><D3/><U2/><E2/><V44/><F44/><W16/><G19/><T18/><D18/><N who="1" m="12759" /><E135/><V12/><F129/><W14/><G15/><T17/><D17/><U28/><E28/><V5/><F12/><W34/><G33/><T4/><D61/><U30/><E30/><V92/><F5/><W100/><G100/><T23/><D23/><U91/><E132/><V36/><F36/><W73/><G73/><T69/><D69/><U125/><E125/><V59/><F59/><W83/><G34/><T26/><D26/><U104/><E104/><V119/><F119/><W31/><G83/><N who="0" m="45543" /><D4/><U81/><E76/><V110/><F110/><W66/><G66/><AGARI ba="0,0" hai="49,54,56,60,66,68,92,96,102,112,113" m="21711" machi="66" ten="30,2000,0" yaku="24,1,52,1" doraHai="94" who="2" fromWho="3" sc="110,0,380,0,284,20,226,-20" owari="110,-39.0,380,48.0,304,10.4,206,-19.4" /></mjloggm>