<mjloggm ver="2.3"><GO type="225" lobby="0"/><UN n0="%6D%75%75%6D%75%72%61" n1="%4B%69%74%61%6D%75%72%61" n2="%E3%82%A2%E3%82%A4%E3%82%B9%E3%83%86%E3%82%A3%E3%83%BC%E3%81%82%E3%81%B9" n3="%E6%98%93%E5%88%A9%E8%96%A9%E4%BC%AF" dan="16,17,16,16" rate="2105.90,2177.28,2132.11,2049.19" sx="F,F,M,F"/><TAIKYOKU oya="0"/><INIT seed="0,0,0,1,2,123" ten="250,250,250,250" oya="0" hai0="27,56,19,108,31,77,55,23,72,33,121,80,16" hai1="89,113,107,38,9,126,39,98,128,117,65,59,85" hai2="91,26,135,41,7,43,13,115,124,97,63,112,111" hai3="110,11,129,66,29,132,62,35,44,4,60,68,14"/><T93/><D121/><U114/><E117/><V34/><F111/><W52/><G129/><T6/><D108/><U58/><E128/><V119/><F119/><W5/><G110/><T12/><D6/><U42/><E126/><V24/><F124/><W47/><G132/><T83/><D83/><U95/><E9/><V1/><F1/><W104/><G5/><T120/><D120/><U105/><E42/><V53/><F34/><W21/><G35/><T0/><D0/><U87/><E65/><V79/><F79/><W67/><G104/><T49/><D19/><U73/><E73/><V133/><F97/><W37/><G37/><T51/><REACH who="0" step="1"/><D93/><REACH who="0" ten="240,250,250,250" step="2"/><U100/><E95/><V106/><F7/><W48/><G29/><T64/><D64/><U40/><E107/><V8/><F106/><W17/><G4/><T102/><D102/><U90/><E100/><V131/><F131/><W22/><REACH who="3" step="1"/><G47/><REACH who="3" ten="240,250,250,240" step="2"/><T18/><D18/><U76/><E105/><V46/><F46/><W103/><G103/><T125/><D125/><U69/><E114/><V74/><F115/><W10/><G10/><T30/><D30/><U78/><E113/><V122/><F112/><W3/><G3/><T50/><AGARI ba="0,2" hai="12,16,23,27,31,33,49,50,51,55,56,72,77,80" machi="50" ten="20,7800,0" yaku="1,1,0,1,7,1,54,1,53,0" doraHai="123" doraHaiUra="84" who="0" fromWho="0" sc="240,98,250,-26,250,-26,240,-26" /><INIT seed="0,1,0,3,2,92" ten="338,224,224,214" oya="0" hai0="114,75,84,71,91,5,50,93,64,130,13,107,36" hai1="57,59,42,116,106,48,131,31,129,7,58,34,67" hai2="119,83,16,118,89,85,0,113,37,46,103,95,68" hai3="99,108,126,44,81,61,123,117,88,45,49,29,22"/><T96/><D114/><U73/><E73/><V38/><F113/><W14/><G117/><N who="2" m="44553" /><F68/><W105/><G108/><T19/><D36/><U60/><E116/><V23/><F0/><W26/><G126/><T30/><D130/><N who="1" m="49675" /><E7/><V52/><F103/><W127/><G127/><T54/><D75/><U47/><E106/><V27/><F83/><W87/><G123/><T3/><D30/><U69/><E31/><V124/><F124/><W101/><G49/><AGARI ba="1,0" hai="16,23,27,37,38,46,49,52,85,89,95" m="44553" machi="49" ten="30,3900,0" yaku="12,1,54,2" doraHai="92" who="2" fromWho="3" sc="338,0,224,0,224,42,214,-42" /><INIT seed="1,0,0,3,1,120" ten="338,224,266,172" oya="1" hai0="78,52,42,117,129,49,28,55,64,3,13,92,39" hai1="33,30,26,68,38,93,111,105,85,84,71,62,132" hai2="114,80,76,14,4,37,127,133,125,95,25,91,110" hai3="112,54,107,75,23,60,46,15,109,0,24,123,10"/><U53/><E38/><V103/><F133/><W12/><G112/><T48/><D3/><U67/><E132/><V29/><F103/><W9/><G75/><T100/><D117/><U96/><E71/><V131/><F37/><W73/><G73/><T83/><D39/><U90/><E111/><V72/><F114/><W118/><G107/><T101/><D129/><U50/><REACH who="1" step="1"/><E105/><REACH who="1" ten="338,214,266,172" step="2"/><V99/><F110/><W34/><G109/><T11/><D101/><U65/><E65/><V74/><F131/><W41/><G123/><T32/><D64/><U63/><E63/><V104/><F104/><W108/><G60/><T8/><D100/><U70/><E70/><V56/><F127/><W16/><G108/><T40/><D49/><U44/><AGARI ba="0,1" hai="26,30,33,44,50,53,62,67,68,84,85,90,93,96" machi="44" ten="20,3900,0" yaku="1,1,0,1,7,1,53,0" doraHai="120" doraHaiUra="19" who="1" fromWho="1" sc="338,-13,214,49,266,-13,172,-13" /><INIT seed="1,1,0,1,2,124" ten="325,263,253,159" oya="1" hai0="91,65,36,13,119,109,57,26,135,84,102,20,8" hai1="3,134,27,18,46,123,108,47,126,81,66,15,43" hai2="19,10,101,51,14,55,35,79,86,39,121,92,76" hai3="77,111,130,125,31,11,110,62,72,25,114,67,42"/><U2/><E123/><V22/><F39/><W45/><G114/><T96/><D119/><U129/><E126/><V104/><F35/><W90/><G125/><T0/><D36/><U100/><E134/><V120/><F121/><W117/><G117/><T56/><D0/><U93/><E108/><V75/><F104/><W118/><G118/><T85/><D135/><U52/><E66/><V132/><F75/><W70/><G90/><T12/><D109/><U34/><E81/><V106/><F106/><W23/><G11/><T41/><D41/><U24/><E100/><V30/><F120/><W73/><G73/><T9/><D102/><U44/><E43/><V82/><F132/><W60/><G60/><N who="0" m="38023" /><D96/><U58/><E93/><V61/><F61/><W87/><G72/><T71/><D57/><U1/><E34/><V112/><F112/><W17/><G110/><T69/><D69/><U94/><E94/><V113/><F113/><W5/><G111/><T131/><D131/><U7/><E7/><V115/><F115/><W32/><G5/><N who="0" m="3087" /><D91/><U64/><E129/><V68/><F68/><W74/><G74/><T97/><D97/><U63/><REACH who="1" step="1"/><E64/><REACH who="1" ten="325,253,253,159" step="2"/><V107/><F107/><W59/><G130/><T103/><D103/><U83/><E83/><V40/><F40/><W80/><G70/><T33/><D71/><U38/><E38/><V37/><F37/><W4/><G4/><N who="0" m="3239" /><D33/><U95/><E95/><V88/><F101/><W16/><REACH who="3" step="1"/><G32/><REACH who="3" ten="325,253,253,149" step="2"/><T122/><D122/><U54/><E54/><V105/><F55/><W50/><AGARI ba="1,2" hai="16,17,23,25,31,42,45,50,59,62,67,77,80,87" machi="50" ten="20,12000,2" yaku="1,1,2,1,0,1,7,1,8,1,54,1,53,0" doraHai="124" doraHaiUra="29" who="3" fromWho="3" sc="325,-31,253,-61,253,-31,149,143" /><INIT seed="2,0,0,0,5,90" ten="294,192,222,292" oya="2" hai0="117,99,86,111,11,47,101,62,84,45,36,55,29" hai1="112,125,51,39,104,59,9,38,53,92,4,96,34" hai2="33,70,10,121,122,41,87,7,85,128,132,82,119" hai3="20,126,28,49,80,13,115,22,63,14,65,114,16"/><V103/><F119/><W133/><G49/><T88/><D117/><U98/><E112/><N who="3" m="43050" /><G133/><T97/><D36/><U48/><E34/><V25/><F132/><W116/><G116/><T129/><D111/><U68/><E68/><V81/><F70/><N who="3" m="42303" /><G126/><T66/><D129/><U27/><E125/><V100/><F41/><W113/><G113/><T3/><D29/><U118/><E118/><V135/><F135/><W58/><G58/><N who="0" m="37207" /><D3/><U79/><E79/><V52/><F128/><W60/><G60/><T75/><D75/><U77/><E77/><V83/><F33/><W74/><G28/><T108/><D108/><U24/><E51/><V57/><F25/><N who="3" m="14471" /><G22/><T76/><D11/><U109/><E109/><V61/><F122/><W19/><G19/><T72/><D72/><U50/><E50/><V105/><F121/><W131/><G131/><T44/><D55/><U35/><E35/><V78/><F105/><W71/><G71/><T37/><D37/><U5/><E39/><V130/><F130/><W93/><G74/><T15/><D15/><N who="1" m="5543" /><E38/><V17/><F17/><W120/><G120/><T8/><D8/><U69/><E69/><V102/><REACH who="2" step="1"/><F78/><REACH who="2" ten="294,192,212,292" step="2"/><W30/><G30/><T107/><D76/><U12/><E27/><V46/><F46/><W0/><G0/><AGARI ba="0,1" hai="0,7,10,52,57,61,81,82,83,85,87,100,102,103" machi="0" ten="40,3900,0" yaku="1,1,54,1,53,0" doraHai="90" doraHaiUra="134" who="2" fromWho="3" sc="294,0,192,0,212,49,292,-39" /><INIT seed="2,1,0,1,0,30" ten="294,192,261,253" oya="2" hai0="43,84,88,58,101,54,86,49,67,69,133,52,106" hai1="92,8,15,91,17,18,110,115,31,135,105,37,80" hai2="108,26,57,99,28,121,50,130,38,89,35,97,7" hai3="122,114,111,19,79,10,71,98,25,93,128,117,74"/><V118/><F118/><W4/><G117/><T27/><D133/><U22/><E115/><V0/><F121/><W131/><G71/><T41/><D86/><U72/><E135/><V64/><F38/><W3/><G122/><T96/><D54/><U119/><E119/><V78/><F130/><W61/><G111/><T29/><D67/><U42/><E105/><V94/><F78/><W12/><G61/><T113/><D69/><U6/><E110/><V16/><F108/><W66/><G66/><T68/><D68/><U34/><E37/><V59/><F64/><W2/><G79/><T32/><D113/><U126/><E42/><V62/><F62/><W102/><G74/><T60/><D60/><U5/><E126/><V107/><F50/><W75/><G75/><T87/><D87/><U40/><E40/><V125/><F125/><W51/><G51/><T13/><D13/><U63/><E63/><V95/><F107/><W65/><G65/><T76/><D76/><U90/><E72/><V129/><F129/><N who="3" m="49739" /><G114/><T70/><D70/><U132/><E132/><V82/><F82/><AGARI ba="1,0" hai="27,29,32,41,43,49,52,58,82,84,88,96,101,106" machi="82" ten="30,7700,0" yaku="7,1,52,1,54,2" doraHai="30" who="0" fromWho="2" sc="294,80,192,0,261,-80,253,0" /><INIT seed="3,0,0,0,5,79" ten="374,192,181,253" oya="3" hai0="134,91,69,78,35,27,58,8,22,17,98,112,70" hai1="32,64,51,105,46,33,31,124,47,26,34,80,77" hai2="131,9,95,16,54,2,97,118,100,117,66,62,85" hai3="104,109,38,48,110,86,106,55,74,68,21,61,41"/><W102/><G74/><T107/><D134/><U3/><E105/><V103/><F131/><W71/><G21/><T1/><D35/><U30/><E3/><V129/><F129/><W135/><G102/><T65/><D78/><U122/><E122/><V75/><F75/><W45/><G86/><T20/><D112/><U93/><E124/><V56/><F103/><W92/><G92/><T36/><D36/><U96/><E64/><V126/><F126/><W5/><G5/><T19/><D107/><U11/><E11/><V18/><F85/><W90/><G90/><T108/><D98/><U59/><E59/><V127/><F127/><W14/><G14/><T116/><D116/><U101/><E47/><V28/><F28/><W6/><G6/><T25/><D91/><U123/><E123/><V81/><F81/><W39/><G39/><T29/><D29/><U115/><E115/><V89/><F100/><W76/><G76/><T60/><D108/><N who="3" m="41577" /><G71/><T87/><D87/><U119/><E119/><V49/><F18/><W84/><G84/><T42/><D42/><N who="1" m="25047" /><E31/><V23/><F9/><W120/><G120/><T121/><D121/><U12/><E12/><V50/><F2/><W0/><G0/><T52/><D65/><U82/><E77/><V4/><F4/><AGARI ba="0,0" hai="1,4,8,17,19,20,22,25,27,52,58,60,69,70" machi="4" ten="40,2600,0" yaku="9,1,54,1" doraHai="79" who="0" fromWho="2" sc="374,26,192,0,181,-26,253,0" owari="400,50.0,192,-20.8,155,-34.5,253,5.3" /></mjloggm>