<mjloggm ver="2.3"><GO type="225" lobby="0"/><UN n0="%E6%A0%B9%E5%85%83%E3%81%8B%E3%82%89%E5%90%B9%E3%81%A3%E9%A3%9B%E3%81%B6" n1="%77%72%77%72%77%72%77%72" n2="%E3%81%B5%E3%81%98%E3%81%8B%E3%81%A4" n3="%E5%A4%9C%E5%85%89%E5%A4%A9%E6%A5%BC" dan="17,17,17,16" rate="2170.14,2183.01,2210.72,2103.20" sx="F,M,M,F"/><TAIKYOKU oya="0"/><INIT seed="0,0,0,2,2,133" ten="250,250,250,250" oya="0" hai0="56,31,82,72,93,65,118,98,63,101,3,68,20" hai1="23,115,16,87,134,103,10,105,60,129,135,42,113" hai2="119,83,54,17,126,89,102,39,13,24,59,74,76" hai3="121,90,34,0,19,131,132,44,78,86,29,92,81"/><T94/><D118/><U51/><E129/><V46/><F119/><W75/><G132/><N who="1" m="50730" /><E10/><V35/><F102/><W49/><G131/><T28/><D3/><U66/><E87/><V117/><F117/><W104/><G0/><T21/><D68/><U53/><E42/><V18/><F89/><W11/><G121/><T125/><D125/><U22/><E22/><V25/><F126/><W62/><G104/><T41/><D41/><U8/><E8/><V69/><F69/><W27/><G11/><T1/><D1/><U43/><E43/><V116/><F116/><W124/><G124/><T15/><D93/><U38/><E38/><V128/><F128/><W88/><G90/><T64/><D64/><U96/><E60/><V26/><F35/><W47/><G19/><T37/><D37/><U12/><E66/><V73/><F73/><W4/><G4/><T5/><D82/><U52/><E51/><N who="2" m="31199" /><F17/><W91/><G49/><T67/><D72/><U70/><E70/><V71/><F71/><W33/><G33/><T57/><D5/><U80/><E80/><V97/><F97/><W110/><G62/><N who="0" m="38087" /><D20/><U120/><E120/><V130/><F130/><W123/><G123/><T114/><D114/><AGARI ba="0,0" hai="12,16,23,52,53,96,103,105,113,114,115" m="50730" machi="114" ten="30,7700,0" yaku="11,1,20,1,54,2" doraHai="133" who="1" fromWho="0" sc="250,-77,250,77,250,0,250,0" /><INIT seed="1,0,0,5,0,130" ten="173,327,250,250" oya="1" hai0="134,2,96,38,44,86,25,43,62,8,91,17,100" hai1="70,53,50,21,113,27,26,0,52,122,30,65,42" hai2="84,105,131,133,135,107,16,37,111,47,98,5,39" hai3="124,99,92,58,103,132,63,80,24,89,85,11,7"/><U129/><E113/><V9/><F131/><W102/><G124/><T23/><D62/><U41/><E129/><V126/><F126/><W20/><G132/><N who="2" m="50761" /><F111/><W1/><G24/><T112/><D112/><U55/><E0/><N who="2" m="167" /><F84/><W71/><G71/><T119/><D119/><U10/><E122/><V49/><F16/><W95/><G20/><T104/><D134/><U81/><E10/><V74/><F74/><W78/><REACH who="3" step="1"/><G95/><REACH who="3" ten="173,327,250,240" step="2"/><T34/><D34/><U54/><E21/><V109/><F109/><W127/><G127/><T115/><D115/><U35/><E35/><V46/><F46/><W22/><G22/><T51/><D8/><U118/><E26/><V36/><F98/><W29/><G29/><T64/><D96/><U114/><E27/><V19/><F19/><W15/><G15/><T101/><D2/><U18/><E30/><V87/><F87/><W68/><G68/><T75/><D75/><U73/><E18/><V45/><F45/><W31/><G31/><T72/><D72/><U61/><E114/><V14/><F14/><W117/><G117/><T6/><D86/><U90/><E118/><V69/><F69/><W12/><G12/><T77/><D23/><U94/><E73/><V116/><F116/><W128/><G128/><T33/><D25/><U123/><E70/><V4/><F4/><W79/><G79/><T93/><D77/><U3/><E3/><V83/><F83/><W48/><G48/><N who="0" m="26655" /><D6/><U40/><E81/><V60/><F60/><W56/><G56/><T120/><D17/><U13/><N who="1" m="13312" /><DORA hai="76" /><U121/><E50/><V28/><F28/><RYUUKYOKU ba="0,1" sc="173,-15,327,-15,250,15,240,15" hai2="36,37,39,47,49,105,107" hai3="1,7,11,58,63,78,80,85,89,92,99,102,103" /><INIT seed="2,1,1,5,2,71" ten="158,312,265,255" oya="2" hai0="48,51,68,102,56,60,10,131,127,44,85,132,118" hai1="110,13,135,46,76,16,3,87,12,9,90,104,119" hai2="23,133,40,130,4,39,112,50,126,82,70,79,83" hai3="7,24,91,64,30,98,113,74,22,115,38,88,123"/><V120/><F120/><W69/><G123/><T57/><D102/><U27/><E119/><V108/><F112/><N who="3" m="43083" /><G74/><T86/><D127/><U78/><E104/><V6/><F126/><W54/><G38/><T124/><D124/><U84/><E3/><V36/><F70/><W63/><G7/><T42/><D131/><U109/><E135/><V41/><F133/><W105/><G54/><T103/><D118/><U81/><E27/><V77/><F130/><W11/><G11/><T101/><D132/><U89/><E46/><V61/><F23/><W99/><G99/><T80/><D68/><U134/><E134/><V33/><F50/><W125/><G125/><T96/><D96/><U1/><E1/><V128/><F61/><W67/><G64/><N who="0" m="38919" /><D10/><N who="1" m="6167" /><E110/><V26/><F26/><W49/><G49/><T0/><D0/><U17/><E109/><V2/><F2/><W116/><G116/><T35/><D86/><U14/><E13/><V47/><F47/><W65/><G65/><T20/><D20/><U106/><E106/><V25/><F25/><W28/><G30/><T31/><D31/><U97/><E97/><V66/><F66/><W37/><G37/><T122/><D122/><U117/><E117/><V92/><F128/><W52/><G105/><T62/><D51/><U19/><E17/><V129/><F129/><W53/><G98/><T72/><D35/><U43/><E43/><V8/><F33/><W18/><G28/><T121/><D121/><U94/><AGARI ba="1,1" hai="9,14,19,76,78,81,84,87,89,90,94" m="6167" machi="94" ten="30,2000,0" yaku="8,1,54,1" doraHai="71" who="1" fromWho="1" sc="158,-6,312,33,265,-11,255,-6" /><INIT seed="3,0,0,0,3,12" ten="152,345,254,249" oya="3" hai0="67,31,73,5,78,119,14,44,71,85,131,7,50" hai1="39,54,61,129,59,122,74,128,104,45,101,103,65" hai2="121,35,120,70,2,42,13,110,105,52,26,82,72" hai3="15,94,22,132,55,83,30,27,100,16,87,63,49"/><W76/><G132/><T41/><D119/><U34/><E122/><N who="2" m="47211" /><F110/><W23/><G63/><T112/><D131/><N who="1" m="50251" /><E74/><V89/><F105/><W98/><G49/><T81/><D112/><U32/><E104/><V68/><F2/><W33/><REACH who="3" step="1"/><G55/><REACH who="3" ten="152,345,254,239" step="2"/><T21/><D73/><U51/><E39/><V133/><F52/><W9/><AGARI ba="0,1" hai="9,15,16,22,23,27,30,33,76,83,87,94,98,100" machi="9" ten="20,18000,2" yaku="1,1,2,1,0,1,7,1,52,1,54,1,53,1" doraHai="12" doraHaiUra="93" who="3" fromWho="3" sc="152,-60,345,-60,254,-60,239,190" owari="92,-40.8,285,8.5,194,-20.6,429,52.9" /></mjloggm>