<mjloggm ver="2.3"><GO type="225" lobby="0"/><UN n0="%70%61%77%61" n1="%E3%81%B5%E3%81%98%E3%81%8B%E3%81%A4" n2="%E7%99%BD%E6%97%A5%E9%9B%AA%E8%8F%9C" n3="%E3%82%BF%E3%83%BC%E3%83%90%E3%83%B3%E9%87%8E%E5%8F%A3" dan="19,16,17,16" rate="2306.08,2128.50,2249.70,2122.61" sx="M,M,M,M"/><TAIKYOKU oya="0"/><INIT seed="0,0,0,3,0,106" ten="250,250,250,250" oya="0" hai0="35,93,72,5,104,15,128,78,70,29,88,135,95" hai1="4,127,82,14,97,118,36,3,112,110,62,115,44" hai2="132,120,111,53,121,56,84,86,33,109,40,117,10" hai3="1,13,42,6,101,125,77,73,91,22,47,89,103"/><T116/><D116/><U64/><E118/><V85/><F33/><W9/><G125/><T76/><D104/><U27/><E127/><V92/><F117/><W18/><G91/><T59/><D70/><U123/><E123/><N who="2" m="47179" /><F40/><W94/><G94/><T2/><D2/><U122/><E122/><V80/><F10/><W51/><REACH who="3" step="1"/><G89/><REACH who="3" ten="250,250,250,240" step="2"/><T87/><D95/><U96/><E110/><V7/><F92/><W100/><G100/><T57/><D93/><U129/><E82/><AGARI ba="0,1" hai="1,6,9,13,18,22,42,47,51,73,77,82,101,103" machi="82" ten="40,2600,0" yaku="1,1,52,1,53,0" doraHai="106" doraHaiUra="113" who="3" fromWho="1" sc="250,0,250,-26,250,0,240,36" /><INIT seed="1,0,0,4,2,7" ten="250,224,250,276" oya="1" hai0="0,8,6,54,19,61,32,74,107,70,57,95,49" hai1="44,134,130,125,42,72,40,128,67,127,94,109,55" hai2="22,86,56,52,81,91,30,53,46,39,73,80,43" hai3="1,124,25,110,18,129,12,15,115,123,92,111,79"/><U59/><E72/><V45/><F46/><W13/><G123/><T68/><D107/><U76/><E76/><V100/><F100/><W65/><G115/><T87/><D74/><U37/><E94/><V60/><F53/><W96/><G1/><T112/><D112/><U119/><E119/><V102/><F102/><W58/><G79/><T117/><D117/><U33/><E67/><V41/><F43/><W3/><G3/><T27/><D61/><U126/><E33/><V20/><REACH who="2" step="1"/><F30/><REACH who="2" ten="250,224,240,276" step="2"/><W34/><G65/><T93/><D54/><U2/><E42/><V66/><F66/><W48/><G48/><T120/><D49/><N who="1" m="31215" /><E109/><V28/><F28/><W78/><G111/><T82/><D120/><U50/><E50/><V108/><F108/><W14/><G110/><T114/><D114/><U17/><E2/><V84/><F84/><W35/><G96/><T10/><D87/><U97/><E97/><V132/><F132/><W11/><G58/><T113/><D57/><U63/><E63/><V24/><F24/><W23/><G25/><T105/><D27/><U71/><E71/><V21/><F21/><W98/><G23/><T38/><D70/><U29/><E29/><V88/><F88/><W77/><G98/><T106/><D68/><U83/><E83/><V116/><F116/><W36/><G36/><T69/><D69/><U47/><E47/><V90/><F90/><W4/><G78/><AGARI ba="0,1" hai="20,22,39,41,45,52,56,60,73,78,80,81,86,91" machi="78" ten="40,2600,0" yaku="1,1,54,1,53,0" doraHai="7" doraHaiUra="26" who="2" fromWho="3" sc="250,0,224,0,240,36,276,-26" /><INIT seed="2,0,0,1,3,103" ten="250,224,276,250" oya="2" hai0="55,38,133,0,6,71,30,39,22,106,32,126,128" hai1="27,120,51,114,78,54,48,131,70,90,76,80,124" hai2="34,81,31,67,49,110,129,11,23,17,83,65,73" hai3="57,95,74,59,14,64,52,50,118,97,100,132,101"/><V5/><F129/><W117/><G74/><T3/><D55/><U113/><E131/><V42/><F73/><W58/><G132/><T123/><D22/><U13/><E70/><V69/><F69/><W79/><G79/><T96/><D128/><U134/><E120/><V108/><F31/><W111/><G111/><N who="2" m="42537" /><F34/><W91/><G117/><T115/><D123/><U4/><E134/><V105/><F105/><W33/><G33/><T84/><D133/><U35/><E35/><V60/><F49/><W63/><G118/><T85/><D115/><U72/><E51/><V88/><F42/><W94/><G94/><T116/><D71/><U20/><E78/><V61/><F61/><BYE who="2" /><N who="3" m="37935" /><G14/><T125/><D116/><U102/><E90/><V2/><F2/><N who="0" m="554" /><D6/><UN n2="%E7%99%BD%E6%97%A5%E9%9B%AA%E8%8F%9C" /><U93/><E102/><V98/><F98/><W18/><G18/><T127/><D85/><U82/><E82/><N who="2" m="31243" /><F88/><W62/><G62/><T46/><D84/><U24/><E93/><V68/><F60/><W47/><G59/><T26/><D46/><N who="1" m="27927" /><E114/><V77/><F68/><W25/><G25/><T7/><D7/><U40/><E113/><V107/><F77/><W121/><G121/><T19/><D19/><N who="1" m="10351" /><E40/><AGARI ba="0,0" hai="40,47,50,52,58,63,91,95,97,100,101" m="37935" machi="40" ten="30,2000,0" yaku="8,1,54,1" doraHai="103" who="3" fromWho="1" sc="250,0,224,-20,276,0,250,20" /><INIT seed="3,0,0,2,1,16" ten="250,204,276,270" oya="3" hai0="17,47,50,107,60,12,121,99,93,135,6,97,69" hai1="88,74,23,20,33,126,86,54,61,5,104,45,67" hai2="56,22,103,34,102,55,84,124,18,111,105,71,94" hai3="123,125,13,120,77,127,113,92,2,48,89,106,29"/><W122/><G2/><T57/><D121/><U46/><E104/><V7/><F71/><W25/><G113/><T11/><D135/><U41/><E33/><V100/><F34/><W95/><G106/><T10/><D69/><U101/><E74/><V37/><F37/><W115/><G115/><T53/><D107/><U39/><E101/><V15/><F111/><W36/><G36/><T80/><D80/><U49/><E5/><V116/><F116/><W38/><G38/><T76/><D76/><U131/><E131/><V118/><F118/><W14/><G77/><T70/><D70/><U8/><E8/><N who="2" m="4511" /><F124/><N who="3" m="47691" /><G48/><T42/><REACH who="0" step="1"/><D93/><REACH who="0" ten="240,204,276,270" step="2"/><N who="3" m="35913" /><G89/><T27/><D27/><U82/><REACH who="1" step="1"/><E126/><REACH who="1" ten="240,194,276,270" step="2"/><V133/><F105/><W32/><AGARI ba="0,2" hai="13,14,25,29,32,120,122,123" m="35913,47691" machi="32" ten="40,2100,0" yaku="18,1" doraHai="16" who="3" fromWho="3" sc="240,-7,194,-7,276,-7,270,41" owari="233,-16.7,187,-31.3,269,6.9,311,41.1" /></mjloggm>