<mjloggm ver="2.3"><GO type="225" lobby="0"/><UN n0="%E5%8F%AF%E5%85%90%E9%82%A3%E7%94%B1%E5%A4%9A" n1="%E3%83%97%E3%83%AC%E3%83%B4%E3%82%A1%E3%83%86%E3%82%A3" n2="%E3%82%BC%E3%83%AB%E3%83%80%E3%81%AE%E4%BC%9D%E8%AA%AC" n3="%28%EF%BF%A3%E2%96%BD%EF%BF%A3%29%CE%B4%E2%8C%92%E3%83%BB" dan="17,16,17,16" rate="2177.50,2121.89,2139.19,2111.54" sx="F,F,M,M"/><TAIKYOKU oya="0"/><INIT seed="0,0,0,5,3,48" ten="250,250,250,250" oya="0" hai0="93,109,46,100,124,83,12,31,120,76,75,35,78" hai1="11,85,63,33,27,89,125,82,128,1,5,69,3" hai2="14,118,81,97,9,61,0,84,115,51,16,96,114" hai3="54,99,66,39,65,90,129,126,134,80,121,110,28"/><T60/><D120/><U77/><E125/><V127/><F127/><W91/><G126/><T7/><D124/><U119/><E119/><V73/><F73/><W95/><G39/><T21/><D35/><U71/><E128/><V98/><F118/><W43/><G121/><T55/><D109/><U15/><E63/><V70/><F0/><W57/><G43/><T123/><D123/><U101/><E101/><V103/><F103/><W113/><G113/><T130/><D130/><U102/><E102/><V45/><F61/><W92/><G129/><T107/><D107/><U41/><E41/><V68/><F68/><W58/><G110/><T10/><D76/><U74/><E1/><V2/><F2/><W106/><G106/><T72/><D72/><U36/><E36/><V105/><F70/><W25/><G80/><T67/><D67/><U8/><E27/><V79/><REACH who="2" step="1"/><F105/><REACH who="2" ten="250,250,240,250" step="2"/><W122/><G122/><T94/><D100/><U116/><E116/><V42/><AGARI ba="0,1" hai="9,14,16,42,45,51,79,81,84,96,97,98,114,115" machi="42" ten="30,7900,0" yaku="1,1,2,1,0,1,54,1,53,0" doraHai="48" doraHaiUra="86" who="2" fromWho="2" sc="250,-39,250,-20,240,89,250,-20" /><INIT seed="1,0,0,0,3,22" ten="211,230,329,230" oya="1" hai0="111,107,64,20,33,12,128,59,9,104,96,88,63" hai1="17,103,36,43,35,91,38,124,58,78,26,109,120" hai2="74,23,89,116,113,100,57,45,39,67,10,93,50" hai3="42,129,130,34,47,99,49,70,133,134,4,69,117"/><U82/><E120/><V7/><F116/><W106/><G34/><T5/><D33/><U66/><E124/><V90/><F113/><W0/><G4/><T61/><D111/><U121/><E121/><V125/><F125/><W56/><G0/><T3/><D128/><N who="3" m="49257" /><G99/><T46/><D46/><U25/><E103/><V80/><F23/><W115/><G106/><T119/><D119/><U75/><E43/><V98/><F39/><W87/><G87/><T60/><D107/><U29/><E109/><V18/><F18/><W105/><G105/><T28/><D104/><U76/><E76/><V41/><F80/><W86/><G86/><T94/><D3/><U14/><E91/><V108/><F74/><W24/><G24/><AGARI ba="0,0" hai="5,9,12,20,24,28,59,60,61,63,64,88,94,96" machi="24" ten="40,5200,0" yaku="8,1,52,1,54,1" doraHai="22" who="0" fromWho="3" sc="211,52,230,0,329,0,230,-52" /><INIT seed="2,0,0,0,5,95" ten="263,230,329,178" oya="2" hai0="87,66,24,107,134,20,65,97,91,56,58,7,10" hai1="104,1,64,85,40,130,29,72,35,114,70,12,74" hai2="33,94,118,132,88,108,75,9,124,96,120,90,129" hai3="54,122,59,43,101,116,36,119,3,55,8,39,52"/><V128/><F118/><N who="3" m="45099" /><G8/><T46/><D134/><U11/><E114/><V6/><F120/><W76/><G76/><T23/><D46/><U25/><E130/><N who="2" m="50283" /><F132/><W18/><G18/><T4/><D107/><U69/><E104/><V60/><F124/><W48/><G101/><T121/><D121/><U15/><E40/><V109/><F33/><W45/><G3/><T51/><D10/><U79/><E1/><N who="2" m="207" /><F75/><W57/><G122/><T83/><D51/><U115/><E115/><V16/><F60/><W31/><G31/><T77/><D7/><U73/><E64/><N who="0" m="24681" /><D4/><U106/><E106/><V32/><F32/><W123/><G123/><T68/><D68/><U50/><E50/><V82/><F16/><W17/><G17/><N who="0" m="12303" /><D23/><U34/><E34/><V84/><AGARI ba="0,0" hai="82,84,88,90,94,96,108,109" m="207,50283" machi="84" ten="40,7800,0" yaku="19,1,52,1,54,1" doraHai="95" who="2" fromWho="2" sc="263,-26,230,-26,329,78,178,-26" /><INIT seed="2,1,0,1,3,93" ten="237,204,407,152" oya="2" hai0="131,134,36,44,103,40,106,116,65,13,77,34,84" hai1="70,35,22,133,101,17,4,33,120,129,7,88,59" hai2="99,124,18,19,130,92,29,46,23,102,89,0,112" hai3="85,78,95,69,105,119,82,118,128,32,43,60,109"/><V50/><F112/><W114/><G32/><T39/><D34/><U113/><E70/><V30/><F124/><W48/><G60/><T115/><D115/><U53/><E113/><V66/><F130/><W107/><G48/><T96/><D131/><U15/><E129/><V91/><F0/><W58/><G58/><T108/><D108/><U25/><E120/><V81/><F66/><W83/><G43/><T97/><D134/><U47/><E133/><V54/><F19/><W132/><G69/><T67/><D39/><U90/><E35/><V110/><F110/><W123/><G128/><T76/><D116/><N who="3" m="44585" /><G114/><T86/><D13/><U3/><E47/><V52/><F54/><W126/><G132/><T98/><D106/><N who="3" m="40457" /><G109/><T21/><D103/><U63/><E101/><V41/><F41/><W72/><G123/><T87/><REACH who="0" step="1"/><D21/><REACH who="0" ten="227,204,407,152" step="2"/><U73/><E33/><V100/><F100/><W37/><G37/><T125/><D125/><U57/><E3/><V27/><F102/><W51/><G126/><T111/><D111/><U14/><E14/><V49/><F23/><W12/><G12/><T28/><D28/><U2/><E2/><V135/><F30/><W9/><G9/><T56/><D56/><U75/><E59/><V8/><F29/><W10/><G10/><T16/><D16/><U11/><REACH who="1" step="1"/><E4/><REACH who="1" ten="227,194,407,152" step="2"/><V42/><F135/><W6/><G6/><T74/><D74/><AGARI ba="1,2" hai="7,11,15,17,22,25,53,57,63,73,74,75,88,90" machi="74" ten="40,8000,1" yaku="1,1,2,1,54,1,53,1" doraHai="93" doraHaiUra="20" who="1" fromWho="0" sc="227,-83,194,103,407,0,152,0" /><INIT seed="3,0,0,3,3,67" ten="144,297,407,152" oya="3" hai0="35,21,100,79,68,103,6,25,29,72,69,131,46" hai1="104,62,51,40,56,92,74,66,58,9,85,43,126" hai2="119,89,106,19,16,82,127,0,41,47,120,110,52" hai3="102,76,44,3,133,81,135,42,114,70,17,54,86"/><W111/><G3/><T65/><D131/><U63/><E74/><V37/><F119/><W132/><G114/><T39/><D21/><U31/><E104/><V49/><F106/><W53/><G111/><T28/><D28/><U50/><E31/><V116/><F116/><W8/><G102/><T10/><D65/><N who="1" m="39111" /><E9/><V55/><F127/><W122/><G122/><T22/><D22/><U1/><E1/><V117/><F117/><W48/><G70/><T14/><D100/><U2/><E2/><V129/><F129/><W128/><G128/><T95/><D95/><U77/><E92/><V60/><F110/><W71/><G71/><T94/><D94/><U18/><E18/><V12/><F120/><W23/><REACH who="3" step="1"/><G8/><REACH who="3" ten="144,297,407,142" step="2"/><T4/><D103/><U124/><E126/><V93/><F0/><W33/><G33/><T130/><D130/><U134/><E124/><V123/><F123/><W78/><G78/><T118/><D118/><U109/><E77/><V107/><F107/><W11/><G11/><T24/><D68/><N who="1" m="42079" /><E109/><V13/><F89/><W98/><G98/><T121/><D69/><U45/><E85/><V5/><F12/><AGARI ba="0,1" hai="12,17,23,42,44,48,53,54,76,81,86,132,133,135" machi="12" ten="40,3900,0" yaku="1,1,20,1,53,0" doraHai="67" doraHaiUra="61" who="3" fromWho="2" sc="144,0,297,0,407,-39,142,49" /><INIT seed="3,1,0,1,3,111" ten="144,297,368,191" oya="3" hai0="112,92,74,22,15,119,33,115,11,38,14,99,30" hai1="0,7,88,75,107,65,55,95,101,1,48,78,35" hai2="121,133,94,67,105,77,104,130,109,21,116,100,124" hai3="52,13,81,122,8,6,50,53,59,16,27,131,29"/><W37/><G37/><T60/><D119/><U61/><E35/><V70/><F116/><W32/><G131/><T49/><D38/><U18/><E7/><V96/><F109/><W46/><G122/><T47/><D74/><U12/><E107/><V36/><F36/><W125/><G125/><T87/><D33/><U31/><E31/><V132/><F121/><W123/><G123/><T26/><D87/><U10/><E101/><V64/><F130/><W3/><G81/><T110/><D60/><U127/><E127/><V45/><F124/><W5/><REACH who="3" step="1"/><G3/><REACH who="3" ten="144,297,368,181" step="2"/><T24/><D110/><U19/><E0/><V63/><F133/><W23/><G23/><T106/><D106/><U2/><E1/><V68/><F21/><W20/><G20/><T42/><D26/><U51/><E2/><V56/><F132/><W134/><G134/><T69/><D69/><U28/><E28/><V85/><F70/><W135/><G135/><T40/><D40/><U76/><E75/><V114/><F68/><W118/><G118/><T93/><D14/><U34/><E34/><V80/><F105/><W62/><AGARI ba="1,1" hai="5,6,8,13,16,27,29,32,46,50,52,53,59,62" machi="62" ten="20,12000,1" yaku="1,1,0,1,7,1,54,2,53,0" doraHai="111" doraHaiUra="113" who="3" fromWho="3" sc="144,-41,297,-41,368,-41,181,133" /><INIT seed="3,2,0,1,3,43" ten="103,256,327,314" oya="3" hai0="19,118,93,59,77,133,80,48,86,73,124,79,38" hai1="130,30,64,60,18,91,42,4,98,14,29,87,31" hai2="33,125,20,3,116,95,97,135,83,132,96,68,81" hai3="57,115,129,88,28,134,40,7,108,62,2,45,71"/><W21/><G71/><T90/><D38/><U49/><E130/><V67/><F33/><W111/><G115/><T10/><D10/><U120/><E120/><V100/><F116/><W106/><G106/><T78/><D19/><U109/><E109/><N who="3" m="42058" /><G129/><T110/><D110/><U99/><E4/><V102/><F125/><W69/><G69/><T121/><D59/><U53/><E42/><V61/><F3/><W85/><G134/><N who="2" m="51241" /><F20/><W34/><G34/><T9/><D9/><U94/><E60/><V36/><F36/><N who="3" m="21639" /><G7/><T112/><D112/><U92/><E64/><V104/><AGARI ba="2,0" hai="61,67,68,81,83,95,96,97,100,102,104" m="51241" machi="104" ten="30,1100,0" yaku="20,1" doraHai="43" who="2" fromWho="2" sc="103,-5,256,-5,327,17,314,-7" owari="98,-40.2,251,-14.9,344,44.4,307,10.7" /></mjloggm>