<mjloggm ver="2.3"><GO type="225" lobby="0"/><UN n0="%72%69%6F%75%63%68%61%6E" n1="%E6%A0%B9%E5%85%83%E3%81%8B%E3%82%89%E5%90%B9%E3%81%A3%E9%A3%9B%E3%81%B6" n2="%E3%81%8B%E3%82%8F%E3%81%A1%E3%82%83%E3%82%93%35%38" n3="%E6%80%AA%E3%81%97%E3%81%99%E3%81%8E%E3%82%8B%E3%83%81%E3%83%BC" dan="16,16,16,16" rate="2134.88,2188.06,2130.72,2061.03" sx="M,F,M,M"/><TAIKYOKU oya="0"/><INIT seed="0,0,0,1,3,124" ten="250,250,250,250" oya="0" hai0="36,78,66,39,43,22,6,7,19,81,82,96,127" hai1="101,123,100,50,52,68,77,5,10,30,53,74,3" hai2="84,132,73,65,90,46,14,103,23,133,47,93,34" hai3="108,88,71,118,107,4,87,59,85,55,1,16,9"/><T35/><D127/><U8/><E123/><V95/><F34/><W105/><G118/><T109/><D35/><U114/><E114/><V40/><F73/><W110/><G71/><T128/><D128/><U75/><E68/><V99/><F65/><W130/><G130/><T44/><D36/><U98/><E30/><V0/><F0/><W32/><G32/><T38/><D38/><U11/><E53/><V113/><F113/><W119/><G119/><T17/><D109/><N who="3" m="42089" /><G16/><T41/><D43/><U112/><E112/><V131/><F131/><W12/><G1/><T129/><D129/><U57/><E101/><V116/><F116/><W120/><G120/><T24/><D66/><U15/><E77/><V54/><F54/><W61/><G85/><T45/><D45/><U67/><E67/><V111/><F111/><W28/><G28/><T79/><D17/><U42/><E42/><V76/><F46/><W2/><G12/><T115/><D115/><U97/><E10/><V106/><F14/><W48/><G61/><T125/><D125/><U64/><E11/><V102/><F23/><W31/><G31/><T80/><REACH who="0" step="1"/><D96/><REACH who="0" ten="240,250,250,250" step="2"/><U58/><E97/><N who="2" m="61775" /><F47/><W33/><G33/><T92/><D92/><AGARI ba="0,1" hai="2,4,9,48,55,59,87,88,92,105,107" m="42089" machi="92" ten="30,2000,0" yaku="14,1,54,1" doraHai="124" who="3" fromWho="0" sc="240,-20,250,0,250,0,250,30" /><INIT seed="1,0,0,1,4,66" ten="220,250,250,280" oya="1" hai0="73,107,46,38,68,100,24,30,13,81,101,117,86" hai1="112,61,104,129,17,22,53,89,80,85,8,113,71" hai2="12,5,36,106,97,135,103,119,20,47,34,130,59" hai3="75,120,72,7,92,51,65,98,91,21,60,127,58"/><U131/><E104/><V124/><F34/><W64/><G120/><T88/><D117/><U79/><E8/><V6/><F119/><W50/><G127/><T78/><D68/><U11/><E11/><V45/><F59/><W110/><G110/><T116/><D116/><U1/><E1/><V82/><F82/><W121/><G121/><T52/><D107/><U10/><E10/><V90/><F90/><W95/><G7/><T14/><D38/><U40/><E40/><V28/><F36/><W94/><G64/><T74/><D74/><N who="1" m="43127" /><E53/><V23/><F106/><W56/><G72/><T44/><D44/><U122/><E122/><V126/><F103/><W93/><G75/><T27/><D101/><U108/><E108/><V102/><F102/><W0/><G0/><T29/><D100/><U26/><E61/><V18/><F97/><W125/><G125/><T84/><D73/><U70/><E112/><V105/><F105/><W128/><G128/><N who="1" m="49226" /><E113/><V96/><F130/><W69/><G51/><N who="0" m="28791" /><D29/><U48/><E48/><V132/><F126/><W134/><G50/><T57/><D30/><U63/><E63/><V41/><F124/><W133/><REACH who="3" step="1"/><G21/><REACH who="3" ten="220,250,250,270" step="2"/><T35/><D35/><U4/><E4/><V15/><F5/><W76/><G76/><T109/><D109/><U115/><E115/><V31/><F6/><W49/><G49/><T43/><D43/><U16/><E17/><V87/><F18/><W54/><G54/><T111/><D111/><U39/><E39/><V32/><F41/><W123/><G123/><T3/><D3/><U62/><E62/><V42/><F42/><RYUUKYOKU ba="0,1" sc="220,-15,250,15,250,-15,270,15" hai1="16,22,26,70,71,85,89" hai3="56,58,60,65,69,91,92,93,94,95,98,133,134" /><INIT seed="1,1,1,2,4,99" ten="205,265,235,285" oya="1" hai0="95,52,72,123,94,33,31,58,14,70,131,118,11" hai1="97,24,40,106,110,114,41,128,6,38,29,62,121" hai2="116,25,117,127,82,98,93,35,39,102,135,87,45" hai3="13,107,119,100,17,115,2,96,4,56,73,108,48"/><U0/><E114/><V71/><F71/><W130/><G115/><T83/><D118/><U76/><E121/><V86/><F86/><W103/><G73/><T133/><D123/><U120/><E120/><V85/><F85/><W32/><G32/><T47/><D70/><U37/><E128/><V55/><F127/><W57/><G130/><T91/><D131/><U74/><E41/><V75/><F75/><W28/><G28/><T105/><D105/><U49/><E49/><V129/><F129/><W132/><G119/><T124/><D124/><U26/><E26/><V68/><F68/><W23/><G132/><T43/><D133/><U36/><E62/><V79/><F135/><W54/><G108/><T134/><D134/><U22/><E40/><V53/><F53/><W112/><G112/><T60/><D31/><U3/><E110/><V92/><F92/><W18/><G18/><T104/><D33/><U66/><E66/><V77/><F77/><W8/><REACH who="3" step="1"/><G103/><REACH who="3" ten="205,265,235,275" step="2"/><T30/><D30/><U64/><E74/><V1/><F117/><W42/><G42/><T44/><D72/><U78/><E6/><V80/><F116/><W125/><G125/><T113/><D113/><U16/><E29/><V12/><F35/><W63/><G63/><T126/><D126/><U19/><E19/><V88/><F102/><W59/><AGARI ba="1,2" hai="2,4,8,13,17,23,48,54,56,57,59,96,100,107" machi="59" ten="20,5200,0" yaku="1,1,0,1,7,1,52,1,53,0" doraHai="99" doraHaiUra="61" who="3" fromWho="3" sc="205,-14,265,-27,235,-14,275,75" /><INIT seed="2,0,0,5,3,74" ten="191,238,221,350" oya="2" hai0="75,58,40,95,45,25,6,1,112,107,80,102,29" hai1="118,23,34,93,122,47,105,96,60,7,90,49,5" hai2="81,14,130,133,134,131,52,17,57,108,97,123,48" hai3="87,11,26,119,13,20,77,92,42,71,98,2,55"/><V44/><F123/><W109/><G2/><T113/><D95/><U72/><E118/><V116/><F97/><W37/><G119/><T82/><D80/><U120/><E34/><V21/><F116/><W100/><G71/><T65/><D58/><U27/><E72/><V41/><F108/><W106/><G109/><T43/><D65/><U54/><E105/><V53/><F81/><W22/><G26/><T59/><D59/><N who="1" m="34935" /><E122/><V76/><F76/><W129/><G129/><N who="2" m="49161" /><F53/><W73/><G55/><T3/><D40/><N who="1" m="24807" /><E120/><V125/><F125/><W9/><G42/><T35/><D102/><U51/><E51/><AGARI ba="0,0" hai="14,17,21,41,44,48,51,52,57,133,134" m="49161" machi="51" ten="30,2900,0" yaku="19,1,54,1" doraHai="74" who="2" fromWho="1" sc="191,0,238,-29,221,29,350,0" /><INIT seed="2,1,0,1,2,78" ten="191,209,250,350" oya="2" hai0="113,77,106,67,64,120,17,43,101,95,51,54,42" hai1="96,100,39,40,60,49,115,76,19,28,16,0,73" hai2="8,132,18,72,97,58,38,68,118,7,71,83,88" hai3="1,52,53,89,6,109,25,32,46,119,59,81,129"/><V134/><F38/><W70/><G119/><T114/><D120/><U22/><E0/><V57/><F118/><W117/><G70/><N who="2" m="26665" /><F18/><W33/><G117/><T45/><D106/><U21/><E39/><V98/><F72/><W13/><G1/><T121/><D121/><U107/><E115/><V87/><F97/><W11/><G46/><T20/><D114/><U37/><E37/><V34/><F98/><W14/><G14/><T9/><D113/><U105/><E60/><V99/><F99/><W5/><G25/><T2/><D101/><U44/><E105/><V4/><F34/><W74/><G13/><T36/><D95/><U84/><E73/><V10/><F10/><W23/><G11/><T133/><D133/><N who="2" m="51306" /><F4/><W55/><G32/><T103/><D103/><U90/><E22/><V131/><F131/><W26/><G129/><T104/><D104/><U128/><E128/><V61/><F61/><W65/><G23/><T35/><D35/><U111/><E21/><V63/><F63/><N who="3" m="38143" /><G6/><T82/><D9/><U110/><E19/><V62/><F62/><W135/><G5/><T123/><D123/><U66/><E16/><V126/><F126/><W48/><G135/><T80/><D36/><U69/><E69/><V79/><F79/><W3/><G74/><T125/><D77/><U108/><E76/><V86/><F86/><N who="3" m="50383" /><G3/><AGARI ba="1,0" hai="3,7,8,57,58,83,87,88" m="51306,26665" machi="3" ten="30,5800,0" yaku="20,1,52,1,54,1" doraHai="78" who="2" fromWho="3" sc="191,0,209,0,250,61,350,-61" /><INIT seed="2,2,0,1,1,55" ten="191,209,311,289" oya="2" hai0="29,73,11,93,43,57,83,118,129,113,19,124,75" hai1="13,127,50,27,86,1,90,95,33,23,63,98,100" hai2="61,103,123,68,88,59,70,47,79,67,65,121,3" hai3="20,26,69,51,114,77,128,9,53,60,52,32,104"/><V34/><F34/><W7/><G32/><T49/><D113/><U80/><E127/><V85/><F3/><W42/><G104/><T48/><D124/><U22/><E1/><V110/><F103/><W78/><G114/><T30/><D129/><U56/><E50/><V10/><F79/><W37/><G128/><T45/><D118/><U101/><E13/><V12/><F110/><W82/><G37/><T125/><D125/><U87/><E87/><V2/><F2/><W106/><G106/><T115/><D115/><U72/><E72/><V21/><F21/><W109/><G109/><T130/><D130/><U46/><E46/><V62/><F47/><N who="3" m="26103" /><G69/><T5/><D19/><N who="1" m="12767" /><E23/><V116/><F70/><W99/><G99/><T41/><D75/><U132/><E132/><V134/><F134/><W135/><G135/><T112/><D112/><U24/><E24/><V97/><F97/><W4/><G60/><T131/><D131/><U35/><E35/><V71/><F71/><W76/><G82/><T16/><D5/><N who="3" m="2121" /><G9/><T39/><D39/><U105/><E105/><V107/><F107/><W58/><G58/><T18/><D11/><U44/><E44/><V36/><F36/><W96/><G96/><T102/><D41/><U28/><E33/><V38/><F38/><W84/><G84/><T119/><D119/><U64/><E101/><V74/><F116/><W120/><G120/><T89/><D102/><U117/><E117/><V122/><F74/><W91/><G91/><T126/><D126/><U8/><E8/><V108/><F108/><W133/><G133/><T0/><D0/><RYUUKYOKU ba="2,0" sc="191,-15,209,15,311,-15,289,15" hai1="28,56,63,64,80,86,90,95,98,100" hai3="20,26,52,53,76,77,78" /><INIT seed="3,3,0,5,5,84" ten="176,224,296,304" oya="3" hai0="122,134,32,120,6,89,78,94,113,11,133,73,124" hai1="31,60,103,19,81,109,56,25,30,41,126,63,22" hai2="54,85,107,98,117,24,127,29,61,116,123,46,118" hai3="0,17,97,108,27,74,96,40,1,62,8,64,49"/><W71/><G74/><T10/><D32/><U128/><E109/><V114/><F114/><W100/><G108/><T47/><D113/><U104/><E126/><V45/><F85/><W21/><G8/><T83/><D124/><U57/><E41/><V7/><F127/><W68/><G68/><T15/><D47/><U66/><E128/><V90/><F7/><W20/><G97/><T87/><REACH who="0" step="1"/><D11/><REACH who="0" ten="166,224,296,304" step="2"/><U28/><E104/><V88/><F117/><W36/><G36/><T50/><D50/><U99/><E60/><V2/><F118/><W76/><G49/><T5/><D5/><U125/><E125/><V101/><F116/><W105/><G62/><T23/><D23/><U92/><REACH who="1" step="1"/><E81/><REACH who="1" ten="166,214,296,304" step="2"/><V130/><F130/><W121/><G121/><AGARI ba="3,2" hai="6,10,15,73,78,83,87,89,94,120,121,122,133,134" machi="121" ten="40,5200,0" yaku="1,1,52,1,53,1" doraHai="84" doraHaiUra="79" who="0" fromWho="3" sc="166,81,214,0,296,0,304,-61" /><INIT seed="4,0,0,5,1,102" ten="247,214,296,243" oya="0" hai0="58,82,105,0,47,85,57,65,90,25,135,50,3" hai1="54,49,114,117,6,107,96,10,118,24,16,119,29" hai2="64,127,34,60,111,98,116,63,75,51,67,45,110" hai3="95,101,42,32,93,4,80,46,89,20,125,71,39"/><T133/><D105/><U1/><E107/><V59/><F75/><W112/><G32/><T40/><D25/><U123/><E96/><V30/><F98/><W26/><G112/><T78/><D90/><U61/><E61/><V72/><F72/><W128/><G71/><T121/><D121/><U9/><E54/><N who="2" m="30063" /><F30/><W120/><G120/><T13/><D13/><N who="1" m="7215" /><E49/><V83/><F83/><W23/><G128/><T134/><REACH who="0" step="1"/><D57/><REACH who="0" ten="237,214,296,243" step="2"/><U126/><E123/><V5/><F59/><W19/><G26/><T62/><AGARI ba="0,1" hai="0,3,40,47,50,58,62,65,78,82,85,133,134,135" machi="62" ten="40,18000,2" yaku="1,1,2,1,0,1,20,1,53,3" doraHai="102" doraHaiUra="129" who="0" fromWho="0" sc="237,190,214,-60,296,-60,243,-60" owari="427,52.7,154,-34.6,236,3.6,183,-21.7" /></mjloggm>