<mjloggm ver="2.3"><GO type="225" lobby="0"/><UN n0="%E3%81%BE%E3%81%A8%E3%81%9F" n1="%73%61%6B%6F%EF%BC%A0%E6%9C%80" n2="%E9%80%9F%E6%B0%B4%E5%87%9B%E9%A6%99" n3="%E5%B8%86%E7%AB%8B%E5%A4%8F%E8%A1%A3" dan="16,16,16,17" rate="2157.04,2111.91,2163.27,2162.85" sx="M,M,F,M"/><TAIKYOKU oya="0"/><INIT seed="0,0,0,2,0,46" ten="250,250,250,250" oya="0" hai0="104,4,51,3,62,21,83,14,132,114,31,43,70" hai1="19,129,9,16,122,18,95,112,32,20,134,64,109" hai2="41,56,98,133,38,107,99,11,27,60,7,67,68" hai3="110,66,106,118,93,48,92,2,96,15,119,82,58"/><T49/><D114/><U94/><E122/><V77/><F133/><W10/><G110/><T30/><D104/><U111/><E112/><V79/><F107/><W115/><G115/><T81/><D3/><U22/><E32/><V44/><F27/><W50/><G2/><T117/><D117/><U57/><E134/><V47/><F47/><W13/><G106/><T6/><D43/><U28/><E129/><V59/><F59/><W121/><G121/><T116/><D116/><U105/><E105/><V8/><F8/><W0/><G0/><T12/><D62/><N who="1" m="37967" /><E9/><V80/><F79/><W74/><G119/><T130/><D132/><U53/><E53/><V54/><F11/><W17/><G118/><T33/><D70/><U102/><E28/><V88/><F7/><W1/><G1/><T40/><D40/><U103/><E109/><V91/><F99/><W89/><G15/><T75/><D75/><U71/><E71/><V131/><F98/><N who="3" m="57615" /><G82/><T72/><D72/><U29/><E22/><V65/><F131/><W84/><G84/><T125/><D21/><U135/><E135/><V5/><F5/><W25/><G25/><T126/><REACH who="0" step="1"/><D130/><REACH who="0" ten="240,250,250,250" step="2"/><U34/><E111/><V85/><F67/><W76/><G74/><T101/><D101/><N who="1" m="38411" /><E34/><AGARI ba="0,1" hai="4,6,12,14,30,31,33,34,49,51,81,83,125,126" machi="34" ten="25,12000,1" yaku="1,1,22,2,52,2,53,0" doraHai="46" doraHaiUra="113" who="0" fromWho="1" sc="240,130,250,-120,250,0,250,0" /><INIT seed="0,1,0,0,0,68" ten="370,130,250,250" oya="0" hai0="24,80,123,58,122,34,77,82,116,85,71,29,106" hai1="95,109,97,33,21,39,83,118,60,70,126,94,52" hai2="124,12,36,28,67,114,73,13,121,74,91,3,127" hai3="99,31,27,16,101,20,89,110,113,79,134,40,47"/><T2/><D116/><U102/><E33/><V61/><F3/><W5/><G113/><T7/><D106/><U57/><E118/><V8/><F114/><W119/><G110/><T115/><D71/><U76/><E109/><V131/><F121/><W88/><G134/><T23/><D115/><U22/><E126/><N who="2" m="48171" /><F131/><W120/><G120/><T10/><D58/><U117/><E117/><V14/><F28/><W43/><G5/><T98/><D98/><U107/><E70/><N who="2" m="42351" /><F36/><W65/><G119/><T64/><D64/><U129/><E129/><V1/><F91/><N who="3" m="34891" /><G65/><T104/><D104/><U112/><E112/><V9/><F1/><W54/><G79/><T50/><D82/><U48/><E39/><V37/><F37/><W17/><G54/><T32/><D32/><U78/><E78/><V38/><F38/><W125/><G125/><T45/><D34/><U103/><E107/><V72/><AGARI ba="1,0" hai="8,9,12,13,14,72,73,74" m="42351,48171" machi="72" ten="40,1500,0" yaku="18,1" doraHai="68" who="2" fromWho="2" sc="370,-8,130,-5,250,18,250,-5" /><INIT seed="1,0,0,0,0,30" ten="362,125,268,245" oya="1" hai0="49,84,83,35,124,6,63,29,33,9,85,100,131" hai1="73,77,59,42,82,38,70,55,22,121,11,60,88" hai2="99,86,116,92,118,71,89,41,67,3,26,74,106" hai3="25,120,56,24,34,123,37,130,10,40,122,62,7"/><U69/><E121/><V109/><F3/><W64/><G130/><T72/><D29/><U81/><E11/><V127/><F41/><W68/><G56/><T95/><D72/><U14/><E38/><V50/><F50/><W13/><REACH who="3" step="1"/><G34/><REACH who="3" ten="362,125,268,235" step="2"/><T52/><D131/><U104/><E69/><V36/><F71/><W23/><G23/><T91/><D35/><U125/><E70/><V8/><F118/><W48/><G48/><T128/><D33/><U105/><E125/><V97/><F116/><W43/><G43/><T57/><D124/><U19/><REACH who="1" step="1"/><E42/><REACH who="1" ten="362,115,268,235" step="2"/><V54/><F127/><W101/><G101/><T93/><D128/><U96/><E96/><V110/><F99/><W111/><G111/><T98/><D98/><U108/><E108/><V102/><F97/><W53/><G53/><T76/><D100/><U12/><E12/><V78/><F110/><W16/><G16/><T112/><D6/><U103/><E103/><V39/><F109/><W135/><G135/><T20/><D9/><U15/><E15/><V4/><F102/><W5/><G5/><T31/><D31/><U94/><E94/><V90/><F92/><W65/><G65/><N who="0" m="39151" /><D95/><U107/><E107/><V119/><F106/><W129/><G129/><T115/><D93/><U51/><E51/><V45/><F8/><W47/><AGARI ba="0,2" hai="7,10,13,24,25,37,40,47,62,64,68,120,122,123" machi="47" ten="40,2700,0" yaku="1,1,0,1,53,0" doraHai="30" doraHaiUra="75" who="3" fromWho="3" sc="362,-7,115,-13,268,-7,235,47" /><INIT seed="2,0,0,0,1,50" ten="355,102,261,282" oya="2" hai0="89,67,110,15,29,14,100,91,96,53,33,111,127" hai1="87,30,134,81,123,55,0,12,97,34,2,66,119" hai2="106,31,5,65,25,102,115,62,71,88,51,1,95" hai3="35,17,76,6,56,124,37,48,27,40,132,98,79"/><V7/><F115/><W122/><G122/><T23/><D67/><U8/><E134/><V135/><F135/><W54/><G132/><T43/><D43/><U103/><E119/><V112/><F1/><W24/><G124/><T47/><D127/><U86/><E123/><V109/><F112/><W68/><G6/><T129/><D33/><U3/><E66/><V45/><F109/><N who="0" m="41482" /><D29/><U38/><E38/><V13/><F13/><N who="0" m="4618" /><D23/><U128/><E128/><V41/><F102/><W83/><G68/><T16/><D16/><U57/><E30/><V90/><F106/><W21/><G35/><T74/><D74/><U69/><E34/><V70/><F70/><W58/><G27/><T131/><D53/><U75/><E69/><V133/><F133/><W49/><G37/><T101/><D47/><U116/><E116/><V117/><F117/><W32/><G32/><T60/><D60/><U73/><E75/><V26/><F90/><N who="0" m="34314" /><D100/><U72/><E73/><V84/><REACH who="2" step="1"/><F31/><REACH who="2" ten="355,102,251,282" step="2"/><W52/><G79/><T107/><AGARI ba="0,1" hai="96,101,107,129,131" m="34314,4618,41482" machi="107" ten="40,1500,0" yaku="14,1" doraHai="50" who="0" fromWho="0" sc="355,25,102,-4,251,-7,282,-4" /><INIT seed="3,0,0,4,2,127" ten="380,98,244,278" oya="3" hai0="0,47,32,31,132,12,46,76,86,68,3,128,117" hai1="29,52,25,81,106,48,107,88,130,19,134,40,7" hai2="60,95,1,15,75,41,116,123,33,18,45,72,85" hai3="113,10,100,67,111,92,90,4,39,80,37,125,20"/><W118/><G118/><T30/><D117/><U121/><E121/><V98/><F33/><W126/><G113/><T122/><D68/><U82/><E134/><V73/><F1/><W59/><G80/><T34/><D12/><U129/><E7/><V66/><F116/><W22/><G39/><T11/><D132/><U21/><E40/><V79/><F123/><W44/><G37/><T27/><D27/><U61/><E61/><V70/><F85/><W6/><G44/><T14/><D14/><U5/><E5/><V101/><F79/><W135/><G135/><T24/><D24/><U105/><E29/><V89/><F101/><W28/><G111/><T50/><D50/><U124/><E124/><N who="3" m="47722" /><G100/><T16/><D86/><U51/><E51/><V55/><F55/><W87/><G28/><T42/><D42/><U13/><E25/><V43/><F45/><W9/><G6/><T78/><D122/><U114/><E114/><V62/><F62/><N who="3" m="38367" /><G9/><T119/><D11/><U35/><E35/><V23/><AGARI ba="0,0" hai="15,18,23,41,43,60,66,70,72,73,75,89,95,98" machi="23" ten="30,1100,0" yaku="0,1" doraHai="127" who="2" fromWho="2" sc="380,-3,98,-3,244,11,278,-5" owari="377,47.7,95,-40.5,255,-14.5,273,7.3" /></mjloggm>