<mjloggm ver="2.3"><GO type="225" lobby="0"/><UN n0="%E3%82%BC%E3%83%AB%E3%83%80%E3%81%AE%E4%BC%9D%E8%AA%AC" n1="%E3%81%BF%E3%81%BF%E3%81%9A" n2="%E3%81%B5%E3%81%98%E3%81%8B%E3%81%A4" n3="%E9%87%8E%E3%80%85%E5%AE%AE%E8%97%8D" dan="17,17,16,17" rate="2167.98,2215.22,2215.85,2172.84" sx="M,M,M,F"/><TAIKYOKU oya="0"/><INIT seed="0,0,0,3,3,24" ten="250,250,250,250" oya="0" hai0="21,111,28,82,60,114,106,32,2,53,12,63,128" hai1="16,47,91,14,58,67,121,69,44,115,42,61,38" hai2="134,27,110,126,40,124,39,19,133,10,68,65,66" hai3="20,120,98,15,97,113,62,93,7,75,6,129,130"/><T8/><D114/><U5/><E121/><V119/><F10/><W57/><G113/><T101/><D128/><N who="3" m="49257" /><G75/><T37/><D37/><U80/><E115/><V4/><F4/><N who="3" m="1579" /><G120/><T11/><D2/><U89/><E5/><V26/><F19/><N who="3" m="10367" /><G93/><T81/><D32/><U123/><E123/><V59/><F119/><W18/><G18/><N who="0" m="8455" /><D106/><U74/><E44/><N who="2" m="23583" /><F110/><W64/><AGARI ba="0,0" hai="57,62,64,97,98" m="10367,1579,49257" machi="64" ten="30,1100,0" yaku="19,1" doraHai="24" who="3" fromWho="3" sc="250,-5,250,-3,250,-3,250,11" /><INIT seed="1,0,0,5,5,20" ten="245,247,247,261" oya="1" hai0="92,55,110,26,45,86,128,82,43,59,34,18,4" hai1="3,37,111,105,14,27,53,106,21,94,65,109,66" hai2="8,117,132,126,102,77,13,68,121,74,100,98,93" hai3="2,12,95,62,97,1,122,36,81,28,113,101,11"/><U40/><E3/><V63/><F121/><W134/><G122/><T56/><D110/><N who="1" m="41995" /><E14/><V79/><F117/><W127/><G113/><T85/><D128/><U64/><E53/><V60/><F126/><W104/><G36/><T129/><D129/><U103/><E103/><N who="2" m="60879" /><F74/><W52/><G127/><T133/><D133/><U88/><E40/><V58/><F68/><W120/><G120/><T130/><D4/><U47/><E47/><V76/><F132/><W91/><G81/><T135/><D135/><U50/><E50/><V9/><F63/><W49/><G62/><T83/><D130/><U16/><E37/><V5/><F8/><W51/><G51/><T114/><D114/><U123/><E123/><V75/><F75/><W22/><G134/><T72/><D72/><U89/><E89/><V67/><AGARI ba="0,0" hai="5,9,13,58,60,67,76,77,79,100,102" m="60879" machi="67" ten="30,1100,0" yaku="8,1" doraHai="20" who="2" fromWho="2" sc="245,-3,247,-5,247,11,261,-3" /><INIT seed="2,0,0,2,4,71" ten="242,242,258,258" oya="2" hai0="74,6,97,114,96,24,120,54,16,48,45,135,101" hai1="4,17,127,94,42,36,20,128,53,67,63,88,132" hai2="77,130,15,122,111,51,126,100,18,98,52,109,43" hai3="78,35,91,11,104,129,59,75,73,22,19,125,8"/><V56/><F122/><W3/><G35/><T27/><D120/><U14/><E128/><V32/><F130/><W121/><G121/><T89/><D114/><U90/><E132/><V38/><F126/><W108/><G104/><T105/><D135/><U47/><E127/><V1/><F77/><W30/><G30/><T29/><D74/><U119/><E119/><V57/><F32/><W0/><G125/><T70/><D70/><U95/><E53/><V41/><F1/><W49/><G91/><T40/><D6/><U124/><E124/><V116/><F57/><W123/><G129/><T99/><D89/><U83/><E4/><V79/><F79/><W102/><G102/><T87/><D87/><U110/><E110/><N who="2" m="41995" /><F38/><W82/><G73/><T12/><D54/><U50/><E36/><V65/><F65/><W60/><G108/><T81/><D81/><U131/><E131/><V31/><F31/><W133/><G133/><T25/><REACH who="0" step="1"/><D29/><REACH who="0" ten="232,242,258,258" step="2"/><U39/><E39/><V10/><F116/><W64/><G123/><T85/><D85/><N who="1" m="50239" /><E90/><V112/><F112/><W80/><G80/><T69/><D69/><U26/><E67/><V5/><F5/><W86/><G75/><T84/><D84/><U34/><E63/><V9/><F9/><AGARI ba="0,1" hai="9,12,16,24,25,27,40,45,48,96,97,99,101,105" machi="9" ten="40,5200,0" yaku="1,1,54,1,53,1" doraHai="71" doraHaiUra="37" who="0" fromWho="2" sc="232,62,242,0,258,-52,258,0" /><INIT seed="3,0,0,5,2,44" ten="294,242,206,258" oya="3" hai0="94,133,10,2,131,99,103,0,66,16,112,115,132" hai1="73,36,52,126,127,21,47,20,83,24,14,4,61" hai2="37,77,70,125,100,106,117,69,102,65,93,92,54" hai3="34,123,82,104,62,39,8,57,72,111,121,76,22"/><W13/><G34/><T110/><D110/><U29/><E36/><V42/><F117/><W5/><G104/><T124/><D124/><N who="1" m="47659" /><E4/><V81/><F125/><W91/><G39/><T74/><D74/><U87/><E73/><V45/><F106/><W63/><G111/><T6/><D131/><U25/><E14/><V18/><F93/><W9/><G22/><N who="1" m="8810" /><E29/><V86/><F18/><W80/><G9/><N who="0" m="2247" /><D66/><U15/><E15/><V107/><F107/><W11/><G11/><T3/><D16/><U46/><E46/><V96/><F102/><W32/><G32/><T28/><D28/><U88/><E61/><V26/><F26/><W97/><G63/><T31/><D31/><U108/><E108/><V118/><F118/><W38/><G38/><T23/><D23/><U119/><E119/><V84/><F84/><W50/><G62/><T43/><D43/><U1/><E1/><N who="0" m="9" /><D10/><U78/><E78/><V120/><F120/><W67/><G67/><T58/><D58/><U64/><E64/><V51/><REACH who="2" step="1"/><F65/><REACH who="2" ten="294,242,196,258" step="2"/><W53/><REACH who="3" step="1"/><G97/><REACH who="3" ten="294,242,196,248" step="2"/><T27/><D27/><U33/><E33/><V135/><F135/><AGARI ba="0,2" hai="94,99,103,112,115,132,133,135" m="9,2247" machi="135" ten="30,1000,0" yaku="20,1" doraHai="44" who="0" fromWho="2" sc="294,30,242,0,196,-10,248,0" owari="324,42.4,242,-15.8,186,-31.4,248,4.8" /></mjloggm>