<mjloggm ver="2.3"><GO type="225" lobby="0"/><UN n0="%6D%75%75%6D%75%72%61" n1="%E3%81%82%E3%81%84%E3%81%82%E3%81%8A%E3%81%84" n2="%E6%9C%9D%E6%97%A5" n3="%E5%A4%8F%E9%88%B4%E9%88%B4%E5%A4%8F" dan="17,18,18,16" rate="2196.27,2182.54,2197.13,2138.33" sx="F,M,F,M"/><TAIKYOKU oya="0"/><INIT seed="0,0,0,5,3,54" ten="250,250,250,250" oya="0" hai0="41,132,67,130,53,109,98,134,42,39,97,14,74" hai1="23,83,33,22,16,60,87,2,32,38,103,128,45" hai2="62,124,25,73,93,129,126,105,24,31,34,100,61" hai3="127,117,71,85,26,47,101,12,52,4,78,20,69"/><T59/><D74/><U118/><E2/><V99/><F73/><W77/><G117/><T111/><D130/><U80/><E118/><V70/><F129/><W6/><G127/><N who="2" m="48681" /><F25/><W66/><G101/><T44/><D42/><U79/><E128/><V81/><F81/><N who="3" m="47279" /><G71/><T92/><D67/><U8/><E8/><V13/><F13/><W123/><G69/><T10/><D132/><U19/><E103/><V121/><F121/><W15/><G66/><T56/><D53/><U58/><E83/><V5/><F5/><N who="3" m="2155" /><G78/><T68/><D68/><U84/><E84/><V3/><F3/><W90/><G90/><T125/><D125/><U116/><E116/><V37/><F37/><W88/><G88/><N who="0" m="55431" /><D98/><U21/><E33/><V107/><F70/><W48/><G123/><T114/><D114/><U133/><E32/><V110/><F110/><N who="0" m="41994" /><D134/><U43/><REACH who="1" step="1"/><E133/><REACH who="1" ten="250,240,250,250" step="2"/><V40/><F40/><W65/><G65/><AGARI ba="0,1" hai="16,19,21,22,23,38,43,45,58,60,65,79,80,87" machi="65" ten="40,8000,1" yaku="1,1,2,1,52,1,54,1,53,1" doraHai="54" doraHaiUra="72" who="1" fromWho="3" sc="250,0,240,90,250,0,250,-80" /><INIT seed="1,0,0,4,4,83" ten="250,330,250,170" oya="1" hai0="45,135,116,100,117,96,47,95,56,89,77,90,40" hai1="129,130,0,78,82,9,126,23,42,44,127,60,120" hai2="3,71,41,123,4,31,27,43,24,54,5,76,103" hai3="113,98,28,112,97,57,19,73,53,81,12,58,55"/><U14/><E23/><V51/><F123/><W93/><G28/><T74/><D135/><U109/><E60/><V128/><F71/><W62/><G73/><T37/><D74/><U8/><E0/><V84/><F128/><N who="1" m="49257" /><E120/><V88/><F76/><W72/><G72/><T114/><D77/><U107/><E107/><V119/><F103/><W7/><G7/><N who="2" m="2633" /><F3/><W111/><G81/><T80/><D114/><U68/><E68/><V104/><F104/><W52/><G111/><T10/><D10/><N who="1" m="4203" /><E14/><V125/><F125/><N who="1" m="47625" /><E109/><V105/><F105/><W108/><G108/><T79/><D79/><U46/><E42/><N who="2" m="15883" /><F31/><W131/><G131/><T48/><D40/><U70/><E70/><V134/><F134/><W63/><G55/><T133/><D133/><U106/><E106/><V22/><F22/><W18/><REACH who="3" step="1"/><G93/><REACH who="3" ten="250,330,250,160" step="2"/><T32/><D95/><U110/><E110/><V61/><F119/><W118/><G118/><T99/><D116/><U115/><E115/><V59/><F61/><W39/><G39/><T25/><D37/><U16/><E82/><AGARI ba="0,1" hai="24,27,51,54,59,82,84,88" m="15883,2633" machi="82" ten="30,3900,0" yaku="8,1,52,1,54,1" doraHai="83" who="2" fromWho="1" sc="250,0,330,-39,250,49,160,0" /><INIT seed="2,0,0,5,3,121" ten="250,291,299,160" oya="2" hai0="12,52,73,20,61,133,1,33,110,43,65,81,78" hai1="132,18,42,79,57,131,74,72,19,134,22,124,32" hai2="55,91,96,21,6,106,87,100,38,109,98,24,108" hai3="127,2,88,51,48,86,112,97,53,23,66,29,56"/><V14/><F38/><W77/><G127/><T58/><D110/><N who="2" m="42602" /><F98/><W102/><G2/><T118/><D1/><U93/><E32/><V119/><F119/><W95/><G77/><T70/><D33/><U125/><E42/><V47/><F47/><W30/><G112/><T8/><D133/><N who="1" m="51307" /><E131/><V63/><F63/><W116/><G116/><T28/><D43/><U46/><E46/><V68/><F55/><W50/><G66/><T99/><D99/><U60/><E93/><N who="2" m="54527" /><F68/><W85/><G85/><T11/><D118/><U80/><E74/><V135/><F135/><W37/><G37/><T9/><D70/><U4/><E72/><V59/><F59/><W122/><G122/><T113/><D113/><U126/><E57/><V26/><F21/><W31/><REACH who="3" step="1"/><G23/><REACH who="3" ten="250,291,299,150" step="2"/><T5/><D65/><U71/><E22/><V94/><F106/><AGARI ba="0,1" hai="29,30,31,48,50,51,53,56,86,88,95,97,102,106" machi="106" ten="40,5200,0" yaku="1,1,2,1,54,1,53,0" doraHai="121" doraHaiUra="64" who="3" fromWho="2" sc="250,0,291,0,299,-52,150,62" /><INIT seed="3,0,0,5,2,113" ten="250,291,247,212" oya="3" hai0="5,83,55,135,1,92,44,28,6,53,110,73,97" hai1="19,21,4,38,80,125,126,2,128,77,18,98,129" hai2="48,51,117,35,93,104,7,12,132,14,15,24,13" hai3="78,102,41,71,11,10,109,32,47,79,8,33,96"/><W105/><G71/><T64/><D110/><U58/><E38/><V30/><F104/><W16/><G109/><T69/><D135/><U57/><E98/><V106/><F106/><W120/><G120/><T45/><D28/><U20/><E4/><V46/><F132/><W121/><G121/><T34/><D34/><U90/><E90/><V130/><F130/><N who="1" m="50281" /><E2/><V54/><F7/><W124/><G124/><N who="1" m="47722" /><E18/><V27/><F27/><W122/><G122/><T88/><D73/><N who="1" m="43055" /><E21/><V91/><F51/><W68/><G68/><T107/><D6/><U50/><E50/><V84/><N who="2" m="3072" /><DORA hai="17" /><V37/><REACH who="2" step="1"/><F37/><REACH who="2" ten="250,291,237,212" step="2"/><W116/><G16/><T31/><D5/><U95/><E95/><V108/><F108/><W82/><G116/><AGARI ba="0,1" hai="24,30,35,46,48,54,84,91,93,116,117" m="3072" machi="116" ten="50,8000,1" yaku="1,1,52,2,53,1" doraHai="113,17" doraHaiUra="25,63" who="2" fromWho="3" sc="250,0,291,0,237,90,212,-80" owari="250,-15.0,291,9.1,327,42.7,132,-36.8" /></mjloggm>