<mjloggm ver="2.3"><GO type="225" lobby="0"/><UN n0="%E3%81%BF%E3%81%BF%E3%81%9A" n1="%E6%A0%B9%E5%85%83%E3%81%8B%E3%82%89%E5%90%B9%E3%81%A3%E9%A3%9B%E3%81%B6" n2="%E3%82%A2%E3%82%A4%E3%82%B9%E3%83%86%E3%82%A3%E3%83%BC%E3%81%82%E3%81%B9" n3="%E4%B8%AD%E5%B9%B4%E3%81%AE%E5%8D%B1%E6%A9%9F" dan="16,17,16,16" rate="2142.61,2164.84,2095.26,2151.92" sx="M,F,M,M"/><TAIKYOKU oya="0"/><INIT seed="0,0,0,1,5,20" ten="250,250,250,250" oya="0" hai0="37,23,81,121,106,79,47,76,68,22,38,135,61" hai1="77,107,24,128,100,53,6,41,85,30,26,56,120" hai2="117,31,8,19,67,50,131,134,11,94,86,84,65" hai3="29,16,66,49,123,89,82,64,115,114,95,1,127"/><T93/><D106/><U52/><E120/><V21/><F134/><W17/><G123/><T125/><D121/><U33/><E41/><V105/><F105/><W27/><G1/><T99/><D135/><U112/><E6/><V45/><F31/><W35/><G127/><T109/><D125/><U13/><E13/><V60/><F131/><W2/><G2/><T111/><D68/><U18/><E128/><V5/><F117/><W9/><G82/><T7/><D61/><U110/><E110/><N who="0" m="41993" /><D7/><U12/><E107/><V59/><F67/><W0/><G0/><T104/><D104/><U98/><E112/><V90/><F86/><W129/><G129/><T43/><D38/><U48/><E30/><V71/><F71/><W91/><G114/><T70/><D70/><U10/><E33/><V87/><F84/><W40/><G115/><T44/><D44/><N who="1" m="27655" /><E98/><V14/><REACH who="2" step="1"/><F5/><REACH who="2" ten="250,250,240,250" step="2"/><W102/><G66/><T122/><D122/><U130/><E130/><V42/><AGARI ba="0,1" hai="8,11,14,19,21,42,45,50,59,60,65,87,90,94" machi="42" ten="20,8000,1" yaku="1,1,2,1,0,1,7,1,8,1,53,0" doraHai="20" doraHaiUra="133" who="2" fromWho="2" sc="250,-40,250,-20,240,90,250,-20" /><INIT seed="1,0,0,5,0,127" ten="210,230,330,230" oya="1" hai0="105,113,95,7,123,133,22,128,51,107,27,18,1" hai1="109,29,85,76,61,120,6,65,96,114,80,101,52" hai2="81,33,98,20,79,47,40,87,31,24,131,125,49" hai3="111,36,104,110,59,132,8,35,69,23,124,89,15"/><U43/><E114/><V122/><F125/><W129/><G59/><T74/><D113/><U38/><E120/><V53/><F122/><W97/><G89/><T117/><D123/><U41/><E38/><V34/><F131/><W118/><G97/><T102/><D117/><U26/><E6/><V11/><F98/><W10/><G23/><T21/><D74/><U130/><E130/><V57/><REACH who="2" step="1"/><F11/><REACH who="2" ten="210,230,320,230" step="2"/><W75/><G8/><T77/><D128/><U72/><E96/><V2/><F2/><W0/><G10/><T30/><D1/><U13/><E109/><V70/><F70/><W14/><G15/><T64/><D105/><U16/><E13/><V93/><F93/><W68/><G14/><T50/><D107/><U9/><E9/><V54/><F54/><W48/><G69/><T62/><D7/><U45/><E52/><V92/><F92/><W83/><G83/><T46/><D95/><U66/><E80/><V4/><F4/><W116/><G111/><T86/><D102/><U42/><E101/><V37/><AGARI ba="0,1" hai="20,24,31,33,34,37,40,47,49,53,57,79,81,87" machi="37" ten="20,2700,0" yaku="1,1,0,1,7,1,53,0" doraHai="127" doraHaiUra="5" who="2" fromWho="2" sc="210,-7,230,-13,320,37,230,-7" /><INIT seed="2,0,0,3,1,3" ten="203,217,357,223" oya="2" hai0="102,94,108,61,91,127,33,22,5,14,67,24,38" hai1="4,52,80,47,44,26,81,86,124,19,48,17,10" hai2="7,23,105,119,60,117,2,107,34,35,21,55,66" hai3="77,46,29,112,110,111,89,116,30,115,75,20,100"/><V51/><F2/><W125/><G100/><T83/><D38/><U85/><E124/><V65/><F51/><W31/><G89/><T78/><D127/><U53/><E26/><V79/><F79/><W27/><G125/><T12/><D108/><N who="3" m="41513" /><G46/><T0/><D0/><U129/><E129/><V118/><F55/><W101/><G101/><T11/><D33/><U13/><E53/><V42/><F42/><W37/><G37/><T71/><D102/><U45/><E85/><V49/><F49/><W54/><G54/><T104/><D104/><U68/><E68/><V6/><F118/><W76/><G116/><T132/><D132/><U134/><E81/><V120/><F60/><W73/><G20/><T41/><D41/><U130/><E130/><V92/><F92/><W36/><G27/><T99/><D14/><U70/><E134/><V106/><F106/><W114/><G36/><T8/><D8/><U16/><E70/><V18/><F18/><W122/><G122/><AGARI ba="0,0" hai="6,7,21,23,34,35,65,66,105,107,117,119,120,122" machi="122" ten="25,9600,0" yaku="22,2,52,2" doraHai="3" who="2" fromWho="3" sc="203,0,217,0,357,96,223,-96" /><INIT seed="2,1,0,5,2,83" ten="203,217,453,127" oya="2" hai0="65,23,79,69,8,6,39,28,51,56,74,134,35" hai1="29,77,22,114,64,44,38,17,117,97,26,52,67" hai2="57,37,89,107,95,18,33,124,71,119,98,7,126" hai3="19,88,61,133,96,12,46,87,21,70,111,108,91"/><V84/><F71/><W78/><G133/><T34/><D39/><U59/><E114/><V55/><F37/><W36/><G96/><T122/><D122/><U101/><E77/><V16/><F33/><W81/><G70/><T116/><D69/><U15/><E117/><V129/><F7/><W62/><G36/><T14/><D116/><U25/><E44/><V48/><F129/><W32/><G32/><T47/><D134/><U118/><E38/><V132/><F132/><W100/><G100/><T10/><D23/><U76/><E76/><V49/><F49/><W128/><G128/><T93/><D28/><U30/><E26/><V86/><F119/><W54/><G46/><T50/><D93/><N who="1" m="58543" /><E118/><V112/><F107/><W125/><G125/><N who="2" m="48233" /><F112/><W92/><G62/><T9/><D34/><U40/><E40/><V2/><F2/><W80/><G91/><T66/><D35/><U109/><E109/><N who="3" m="42058" /><G78/><T105/><D105/><U110/><E110/><V90/><F98/><W68/><G68/><T94/><D74/><U0/><E0/><V113/><F113/><W73/><G73/><T53/><D79/><U42/><E42/><V127/><F127/><W85/><G85/><T41/><D94/><AGARI ba="1,0" hai="16,18,48,55,57,84,86,89,90,94,95" m="48233" machi="94" ten="30,11600,0" yaku="18,1,52,2,54,1" doraHai="83" who="2" fromWho="0" sc="203,-119,217,0,453,119,127,0" /><INIT seed="2,2,0,3,2,101" ten="84,217,572,127" oya="2" hai0="5,21,79,87,2,32,94,42,75,69,80,121,110" hai1="10,66,9,47,117,63,116,96,29,97,41,8,12" hai2="131,91,125,52,43,99,19,127,28,14,106,102,108" hai3="57,54,58,71,24,123,111,13,120,51,45,124,119"/><V64/><F131/><W26/><G24/><T76/><D32/><U25/><E12/><V53/><F108/><W114/><G26/><T92/><D121/><N who="3" m="46665" /><G13/><T62/><D110/><U34/><E97/><V135/><F135/><W132/><G111/><T15/><D2/><U126/><E96/><V48/><F28/><W55/><G132/><T36/><D36/><U86/><E86/><V134/><F134/><W113/><G71/><T81/><D42/><U122/><E126/><N who="2" m="48139" /><F64/><W85/><G85/><T95/><D69/><U50/><REACH who="1" step="1"/><E122/><REACH who="1" ten="84,207,572,127" step="2"/><V70/><F91/><W100/><G124/><T103/><D5/><U130/><E130/><V129/><F129/><W23/><G100/><T11/><D11/><U18/><E18/><V39/><F70/><AGARI ba="2,1" hai="8,9,10,25,29,34,41,47,50,63,66,70,116,117" machi="70" ten="40,1300,0" yaku="1,1,53,0" doraHai="101" doraHaiUra="89" who="1" fromWho="2" sc="84,0,207,29,572,-19,127,0" /><INIT seed="3,0,0,4,2,76" ten="84,236,553,127" oya="3" hai0="123,14,120,38,18,129,24,54,46,103,79,5,61" hai1="93,75,67,15,73,90,3,132,30,98,96,59,52" hai2="32,9,48,12,17,78,121,80,25,104,29,135,124" hai3="2,58,45,33,0,53,88,111,128,70,65,35,31"/><W72/><G72/><T37/><D103/><U125/><E3/><V134/><F124/><W74/><G74/><T19/><D129/><U87/><E125/><V50/><F104/><W62/><G128/><T116/><D116/><U133/><E67/><V97/><F97/><N who="1" m="37481" /><E30/><V127/><F121/><W91/><G111/><T39/><D5/><U84/><E84/><N who="2" m="48151" /><F127/><W77/><G77/><T51/><D24/><U66/><E15/><V10/><F10/><W21/><G21/><T71/><D19/><U4/><E66/><V114/><F114/><W110/><G110/><T95/><D95/><U13/><E52/><V92/><F92/><W55/><G55/><T119/><D119/><U27/><E27/><V68/><F68/><W108/><G108/><T11/><D71/><U85/><E59/><V131/><F131/><W115/><G115/><T81/><REACH who="0" step="1"/><D61/><REACH who="0" ten="74,236,553,127" step="2"/><U100/><E100/><V99/><F99/><W126/><G126/><T26/><D26/><U22/><E93/><V40/><F40/><W94/><G2/><T83/><D83/><U6/><E4/><V102/><F102/><W130/><G0/><T112/><D112/><U57/><E6/><V8/><F8/><W43/><G130/><T118/><D118/><U122/><E122/><V106/><F106/><W28/><G28/><T23/><D23/><U105/><E22/><V49/><F29/><W117/><G117/><T56/><D56/><U86/><E57/><V42/><F25/><W82/><G31/><T60/><D60/><U89/><E105/><V63/><F63/><W7/><G70/><T16/><D16/><RYUUKYOKU ba="0,1" sc="74,30,236,-10,553,-10,127,-10" hai0="11,14,18,37,38,39,46,51,54,79,81,120,123" owari="104,-39.6,226,2.6,553,65.3,117,-28.3" /></mjloggm>