<mjloggm ver="2.3"><GO type="225" lobby="0"/><UN n0="%E3%83%88%E3%83%A9%E3%83%9E%E3%83%AB" n1="%E6%A0%B9%E5%85%83%E3%81%8B%E3%82%89%E5%90%B9%E3%81%A3%E9%A3%9B%E3%81%B6" n2="%E3%81%AF%E3%82%88%E3%81%8A%E3%81%98%E3%81%95%E3%82%93" n3="%E3%81%A8%E3%82%93%E3%81%A8%E3%81%93%E3%81%A8%E3%82%93" dan="16,17,17,16" rate="2082.79,2154.02,2166.57,2128.27" sx="M,F,M,F"/><TAIKYOKU oya="0"/><INIT seed="0,0,0,4,1,43" ten="250,250,250,250" oya="0" hai0="120,119,16,76,70,107,66,133,121,45,26,61,135" hai1="124,0,64,20,126,38,2,40,104,93,122,24,31" hai2="75,114,10,110,34,60,8,116,132,106,15,95,65" hai3="115,23,91,84,87,118,44,82,25,1,88,39,47"/><T13/><D107/><U18/><E104/><V37/><F114/><W4/><G118/><T77/><D119/><U17/><E64/><V78/><F106/><W89/><G115/><T62/><D26/><U117/><E93/><V41/><F116/><W35/><G35/><T90/><D62/><U57/><E57/><V123/><F123/><W79/><G39/><T28/><D28/><U111/><E122/><V6/><F34/><W36/><G36/><T54/><D120/><U101/><E101/><V59/><F110/><W19/><REACH who="3" step="1"/><G87/><REACH who="3" ten="250,250,250,240" step="2"/><T52/><D121/><U125/><E38/><V80/><F37/><W11/><AGARI ba="0,1" hai="1,4,11,19,23,25,44,47,79,82,84,88,89,91" machi="11" ten="30,12000,2" yaku="1,1,2,1,0,1,52,2,54,1,53,0" doraHai="43" doraHaiUra="103" who="3" fromWho="3" sc="250,-60,250,-30,250,-30,240,130" /><INIT seed="1,0,0,5,5,2" ten="190,220,220,370" oya="1" hai0="24,73,114,79,8,111,53,29,120,83,26,9,130" hai1="82,3,50,18,132,98,93,71,103,65,116,131,105" hai2="66,87,21,109,92,1,94,106,23,58,76,30,133" hai3="72,43,37,10,112,60,38,97,46,100,68,122,35"/><U127/><E116/><V41/><F106/><W51/><G112/><T108/><D114/><U33/><E33/><V15/><F1/><W119/><G122/><T115/><D115/><U75/><E127/><V13/><F109/><W61/><G72/><T84/><D120/><U27/><E131/><V5/><F133/><W107/><G119/><T31/><D130/><U77/><E3/><V25/><F41/><W59/><G35/><T123/><D123/><U63/><E132/><V113/><F113/><W128/><G128/><T67/><D67/><U54/><E27/><V16/><F76/><W64/><G10/><T44/><D73/><U28/><E18/><V81/><F66/><AGARI ba="0,0" hai="37,38,43,46,51,59,60,61,64,66,68,97,100,107" machi="66" ten="30,1000,0" yaku="7,1" doraHai="2" who="3" fromWho="2" sc="190,0,220,0,220,-10,370,10" /><INIT seed="2,0,0,3,3,133" ten="190,220,210,380" oya="2" hai0="71,128,62,135,109,1,20,107,116,37,28,100,21" hai1="0,55,10,118,3,125,57,85,126,115,40,64,61" hai2="84,5,12,65,67,18,103,50,95,77,34,102,113" hai3="74,91,11,51,96,42,33,29,73,94,39,111,43"/><V132/><F113/><W90/><G111/><T19/><D37/><U60/><E115/><V8/><F34/><W112/><G112/><T131/><D109/><U14/><E40/><V70/><F132/><W88/><G39/><T97/><D135/><U44/><E85/><V120/><F120/><W101/><G33/><T7/><D116/><U41/><E118/><V127/><F127/><N who="1" m="48649" /><E41/><V83/><F70/><W121/><G121/><T68/><D28/><U56/><E44/><V89/><F50/><W6/><G74/><T81/><D81/><U124/><N who="1" m="48657" /><U98/><DORA hai="58" /><E98/><N who="2" m="57711" /><F5/><AGARI ba="0,0" hai="0,3,5,10,14,55,56,57,60,61,64" m="48657" machi="5" ten="40,12000,2" yaku="18,1,52,6" doraHai="133,58" who="1" fromWho="2" sc="190,0,220,120,210,-120,380,0" /><INIT seed="3,0,0,5,1,18" ten="190,340,90,380" oya="3" hai0="97,92,15,53,93,89,4,5,115,27,32,100,8" hai1="33,81,35,114,41,90,133,50,2,19,6,129,40" hai2="84,67,10,85,126,54,44,110,103,134,20,29,69" hai3="125,123,102,26,74,51,34,118,43,23,86,82,91"/><W28/><G118/><T25/><D115/><U65/><E114/><V83/><F110/><W47/><G123/><T0/><D32/><U52/><E65/><V11/><F126/><W38/><G125/><T48/><D5/><U75/><E129/><V113/><F134/><W116/><G116/><T57/><D0/><U3/><E133/><V17/><F113/><W96/><G74/><T106/><D106/><U66/><E66/><V14/><F69/><W46/><G34/><T56/><D57/><U76/><E90/><V71/><F71/><W24/><G24/><T111/><D111/><U107/><E107/><V112/><F112/><W117/><G117/><T132/><D132/><U87/><E75/><V120/><F120/><W63/><G63/><T37/><D37/><U130/><E130/><V13/><F67/><W60/><G60/><T77/><D77/><U12/><E3/><V42/><F103/><W79/><G79/><T39/><D39/><U16/><E19/><V98/><F98/><AGARI ba="0,0" hai="4,8,15,25,27,48,53,56,89,92,93,97,98,100" machi="98" ten="30,2000,0" yaku="7,1,8,1" doraHai="18" who="0" fromWho="2" sc="190,20,340,0,90,-20,380,0" owari="210,-19.0,340,14.0,70,-43.0,380,48.0" /></mjloggm>