<mjloggm ver="2.3"><GO type="225" lobby="0"/><UN n0="%43%68%65" n1="%E8%81%B7%E6%A5%AD%E3%80%81%E9%A2%A8%32" n2="%6D%75%75%6D%75%72%61" n3="%E3%81%AF%E3%82%88%E3%81%8A%E3%81%98%E3%81%95%E3%82%93" dan="16,16,16,16" rate="2170.51,2111.19,2157.50,2178.24" sx="M,M,F,M"/><TAIKYOKU oya="0"/><INIT seed="0,0,0,1,1,42" ten="250,250,250,250" oya="0" hai0="16,114,75,61,52,65,133,120,11,116,7,28,25" hai1="63,86,129,131,126,103,34,97,93,83,49,122,45" hai2="6,96,112,24,70,60,22,128,76,109,15,105,1" hai3="101,71,53,102,58,88,50,72,26,55,108,67,110"/><T51/><D114/><U37/><E122/><V106/><F112/><W19/><G72/><T41/><D120/><U10/><E34/><V73/><F109/><N who="3" m="42091" /><G71/><T95/><D116/><U56/><E37/><V44/><F128/><N who="1" m="49225" /><E10/><V54/><F1/><W48/><G67/><T64/><D75/><U118/><E118/><V39/><F73/><W74/><G74/><T81/><D133/><U57/><E63/><V13/><F76/><W124/><G124/><T121/><D121/><U38/><E38/><V113/><F113/><W89/><G26/><T91/><D81/><U66/><E66/><V90/><F6/><W33/><G19/><T5/><D41/><N who="1" m="24751" /><E126/><V127/><F127/><W85/><G33/><T47/><D65/><U111/><E111/><V132/><F39/><W134/><G134/><T12/><D61/><U104/><E104/><V130/><F70/><W69/><G69/><T94/><D64/><U8/><E8/><V4/><F4/><N who="0" m="1610" /><D91/><AGARI ba="0,0" hai="56,57,83,86,91,93,97,103" m="24751,49225" machi="91" ten="30,2000,0" yaku="19,1,52,1" doraHai="42" who="1" fromWho="0" sc="250,-20,250,20,250,0,250,0" /><INIT seed="1,0,0,2,4,38" ten="230,270,250,250" oya="1" hai0="54,134,32,135,87,18,7,96,14,112,82,66,30" hai1="68,2,60,77,25,58,124,99,85,40,5,133,46" hai2="122,132,10,98,55,111,120,1,69,78,59,42,36" hai3="41,76,61,43,4,119,126,17,35,8,92,71,49"/><U97/><E124/><V130/><F111/><W81/><G35/><T131/><D112/><U47/><E133/><N who="0" m="50697" /><D131/><U88/><E68/><V16/><F132/><W62/><G126/><T117/><D117/><U115/><E47/><V128/><F69/><W70/><G70/><T118/><D7/><U105/><E77/><V51/><F78/><W106/><G106/><T21/><D96/><U86/><E105/><V114/><F98/><W24/><G119/><T103/><D118/><U108/><E115/><V9/><F1/><W13/><G71/><T74/><D74/><U45/><E45/><N who="2" m="23751" /><F9/><W0/><G92/><T57/><D103/><U11/><E86/><V72/><F72/><W80/><G49/><N who="0" m="30927" /><D66/><U116/><E116/><V100/><F100/><W121/><G121/><T79/><D30/><U22/><E108/><V107/><F107/><W12/><G24/><T31/><D31/><U27/><E27/><V93/><F93/><W83/><G0/><T6/><D6/><U29/><E58/><V104/><F104/><W113/><G76/><T94/><D94/><U95/><E60/><N who="3" m="23146" /><G113/><T50/><D50/><AGARI ba="0,0" hai="2,5,11,22,25,29,40,46,50,85,88,95,97,99" machi="50" ten="30,5800,0" yaku="7,1,52,1,54,1" doraHai="38" who="1" fromWho="0" sc="230,-58,270,58,250,0,250,0" /><INIT seed="1,1,0,4,3,127" ten="172,328,250,250" oya="1" hai0="16,72,11,61,88,2,89,104,126,130,73,17,22" hai1="58,35,10,118,12,59,62,69,134,56,83,101,14" hai2="92,80,1,124,51,27,18,75,15,84,70,64,108" hai3="117,115,86,26,45,107,105,32,67,74,116,76,109"/><U125/><E118/><N who="3" m="45674" /><G115/><T120/><D104/><U19/><E35/><V4/><F124/><W36/><G74/><T94/><D126/><U40/><E125/><V3/><F75/><W99/><G109/><T8/><D120/><U31/><E134/><V103/><F108/><W20/><G32/><T85/><D61/><U7/><E31/><V65/><F27/><W95/><G67/><T77/><D77/><U122/><E122/><V46/><F103/><W0/><G0/><T79/><D79/><U63/><E69/><V41/><F92/><W111/><G111/><T90/><D94/><U28/><E28/><V98/><F98/><W97/><G45/><T6/><D85/><U13/><E101/><V123/><F123/><W21/><G36/><T5/><D17/><U114/><E114/><V39/><F39/><W106/><G20/><T43/><D43/><U102/><E40/><V82/><F70/><W47/><G47/><T24/><D130/><U50/><E102/><V37/><F37/><W112/><G112/><T91/><N who="0" m="22528" /><DORA hai="9" /><T135/><REACH who="0" step="1"/><D135/><REACH who="0" ten="162,328,250,250" step="2"/><U52/><E83/><V93/><F80/><N who="3" m="47367" /><G95/><T133/><D133/><U71/><E19/><AGARI ba="1,1" hai="19,21,26,97,99,105,106,107" m="47367,45674" machi="19" ten="40,1300,0" yaku="12,1" doraHai="127,9" who="3" fromWho="1" sc="162,0,328,-16,250,0,250,26" /><INIT seed="2,0,0,0,5,73" ten="162,312,250,276" oya="2" hai0="119,78,104,36,49,81,44,116,1,80,15,107,23" hai1="132,17,117,105,133,19,21,4,71,124,54,61,55" hai2="32,97,64,31,112,93,130,122,83,24,76,123,68" hai3="33,9,111,22,75,63,41,46,34,57,108,11,2"/><V113/><F130/><W38/><G75/><T70/><D1/><U53/><E105/><V115/><F68/><W16/><G33/><T3/><D3/><U106/><E106/><V58/><F64/><W45/><G46/><T48/><D70/><U30/><E117/><N who="0" m="45129" /><D36/><U66/><E124/><V5/><F58/><W29/><G29/><T43/><D49/><U100/><E100/><V134/><F134/><N who="1" m="51817" /><E4/><V82/><F5/><W99/><G34/><T6/><D81/><U129/><E129/><V85/><REACH who="2" step="1"/><F82/><REACH who="2" ten="162,312,240,276" step="2"/><W60/><G57/><T8/><D23/><U72/><E71/><V50/><F50/><W96/><G22/><T51/><D51/><U10/><E21/><V91/><AGARI ba="0,1" hai="24,31,32,76,83,85,91,93,97,112,113,115,122,123" machi="91" ten="30,6000,0" yaku="1,1,0,1,52,1,53,0" doraHai="73" doraHaiUra="102" who="2" fromWho="2" sc="162,-20,312,-20,240,70,276,-20" /><INIT seed="2,1,0,0,0,132" ten="142,292,310,256" oya="2" hai0="73,119,27,54,76,83,23,48,97,110,60,71,58" hai1="74,117,77,86,14,108,21,65,113,66,131,103,64" hai2="43,51,3,22,34,6,29,106,128,2,33,18,47" hai3="39,107,31,134,19,105,15,37,116,1,12,85,98"/><V59/><F106/><W123/><G116/><T5/><D119/><U30/><E108/><V135/><F135/><W38/><G134/><T53/><D110/><U69/><E69/><V32/><F128/><W0/><G123/><T133/><D133/><U101/><E113/><V118/><F118/><W92/><G31/><T112/><D112/><U127/><E74/><V61/><F29/><W125/><G85/><T81/><D81/><N who="1" m="47407" /><E127/><V46/><F46/><W124/><G92/><T84/><D5/><U82/><E131/><V109/><F6/><W72/><G72/><T78/><D97/><U49/><E82/><V93/><F93/><W55/><G55/><T8/><D8/><U10/><E117/><V79/><F79/><W9/><G15/><T36/><D36/><U11/><E49/><V122/><F122/><W57/><G57/><T44/><D71/><U7/><E11/><V91/><F91/><W100/><REACH who="3" step="1"/><G105/><REACH who="3" ten="142,292,310,246" step="2"/><T96/><D73/><U25/><AGARI ba="1,1" hai="7,10,14,21,25,30,64,65,66,101,103" m="47407" machi="25" ten="30,1100,0" yaku="8,1" doraHai="132" who="1" fromWho="1" sc="142,-4,292,24,310,-6,246,-4" /><INIT seed="3,0,0,4,3,67" ten="138,316,304,242" oya="3" hai0="36,28,57,72,124,2,130,132,22,63,116,109,84" hai1="50,54,62,0,34,129,102,19,135,68,111,14,133" hai2="82,94,114,107,51,90,9,30,48,85,58,56,86" hai3="95,47,42,115,10,11,112,23,108,64,110,55,76"/><W103/><G76/><T99/><D72/><U27/><E111/><N who="3" m="42538" /><G55/><T1/><D109/><U16/><E0/><V24/><F107/><W131/><G131/><T127/><D116/><U40/><E129/><V32/><F114/><N who="3" m="43563" /><G23/><T44/><D130/><U79/><E79/><V126/><F126/><W98/><G64/><T101/><D132/><N who="1" m="50763" /><E102/><V12/><F58/><W81/><G81/><T83/><D127/><U100/><E100/><V121/><F56/><W89/><G89/><T92/><D124/><U75/><E75/><V93/><F121/><W106/><G106/><T113/><D113/><U88/><E88/><N who="2" m="51255" /><F32/><W69/><G69/><T35/><D35/><U117/><E117/><V6/><F24/><W8/><G10/><T3/><D44/><N who="1" m="25863" /><E68/><V91/><F30/><W118/><G118/><T134/><D134/><U122/><E122/><V31/><F31/><W65/><G65/><T70/><D70/><U104/><E104/><V73/><F73/><W78/><G78/><T45/><D45/><U61/><E54/><V52/><F52/><W21/><G21/><T120/><D120/><U87/><E34/><V7/><F7/><W4/><G4/><T41/><D41/><U119/><E119/><V37/><F37/><AGARI ba="0,0" hai="8,11,37,42,47,95,98,103" m="43563,42538" machi="37" ten="30,2900,0" yaku="14,1,10,1" doraHai="67" who="3" fromWho="2" sc="138,0,316,0,304,-29,242,29" /><INIT seed="3,1,0,5,1,72" ten="138,316,275,271" oya="3" hai0="48,113,70,97,26,111,33,96,23,112,2,79,32" hai1="41,87,104,42,100,17,91,16,124,55,34,110,57" hai2="73,58,74,84,39,61,28,20,123,11,19,92,0" hai3="30,125,94,130,25,10,122,78,56,35,65,76,52"/><W59/><G122/><T62/><D2/><U43/><E110/><V101/><F39/><W67/><G125/><T109/><D48/><N who="1" m="30951" /><E34/><V128/><F123/><W27/><G130/><T85/><D23/><U126/><E100/><V7/><F28/><W63/><G35/><T13/><D13/><U98/><E98/><V75/><F128/><W4/><G94/><T45/><D85/><U1/><E1/><V24/><F101/><W18/><G18/><T118/><D62/><U12/><E104/><V68/><F68/><W5/><G10/><T54/><D54/><U9/><E124/><V77/><F92/><W120/><G120/><T22/><D22/><U86/><E126/><V8/><F8/><W38/><G38/><T93/><D93/><N who="1" m="54519" /><E87/><V132/><F132/><W103/><G103/><T47/><D70/><U129/><E129/><V37/><F37/><W50/><G67/><T119/><REACH who="0" step="1"/><D26/><REACH who="0" ten="128,316,275,271" step="2"/><N who="3" m="9737" /><G30/><T14/><D14/><U21/><E21/><V44/><F74/><W133/><G133/><T29/><D29/><U106/><E106/><V90/><F73/><W31/><G31/><T46/><D46/><U36/><E36/><V81/><F44/><W127/><G127/><T95/><D95/><U66/><E66/><N who="2" m="39223" /><F75/><W108/><G108/><T51/><D51/><U105/><E105/><V121/><F121/><W114/><G50/><T82/><D82/><U71/><E71/><V116/><F116/><W15/><G15/><T3/><D3/><U6/><AGARI ba="1,1" hai="6,9,12,16,17,41,42,43" m="54519,30951" machi="6" ten="30,2000,0" yaku="8,1,54,1" doraHai="72" who="1" fromWho="1" sc="128,-6,316,33,275,-6,271,-11" owari="122,-37.8,349,44.9,269,6.9,260,-14.0" /></mjloggm>