<mjloggm ver="2.3"><GO type="225" lobby="0"/><UN n0="%E6%A1%9C%E8%8A%B1%E9%96%83%E3%80%85" n1="%6D%75%75%6D%75%72%61" n2="%E9%B3%B3%E6%9D%B1%E3%81%AE%E3%81%86%E3%81%95%E3%81%8E%E3%81%95%E3%82%93" n3="%E7%BD%AA%E5%88%91%E6%B3%95%E5%AE%9A%E4%B8%BB%E7%BE%A9" dan="18,16,16,16" rate="2256.47,2091.42,2222.05,2152.69" sx="M,F,M,M"/><TAIKYOKU oya="0"/><INIT seed="0,0,0,3,0,82" ten="250,250,250,250" oya="0" hai0="62,115,38,57,69,12,89,72,60,116,39,87,135" hai1="54,98,1,3,83,11,84,15,102,78,106,49,59" hai2="110,40,6,36,76,31,130,43,101,5,68,41,22" hai3="8,71,70,9,74,48,45,61,55,17,96,20,51"/><T42/><D72/><U107/><REACH who="1" step="1"/><E107/><REACH who="1" ten="250,240,250,250" step="2"/><V77/><F110/><W2/><G74/><T129/><D116/><U79/><E79/><V127/><F77/><W85/><G2/><T81/><D115/><U21/><E21/><V125/><F76/><W67/><G71/><T50/><D135/><U14/><E14/><V123/><F22/><W44/><G96/><T90/><D129/><U119/><E119/><V103/><F68/><W128/><G128/><T25/><D69/><U92/><E92/><V10/><F130/><W18/><G20/><T86/><D12/><U66/><E66/><V133/><F133/><W97/><G97/><T112/><D112/><U63/><E63/><V122/><F122/><W19/><REACH who="3" step="1"/><G85/><REACH who="3" ten="250,240,250,240" step="2"/><T33/><D87/><U13/><E13/><V100/><F123/><W91/><G91/><T108/><D89/><U58/><E58/><V126/><F126/><W24/><G24/><T134/><D57/><U131/><E131/><V65/><F127/><W121/><G121/><T4/><D134/><U16/><AGARI ba="0,2" hai="1,3,11,15,16,49,54,59,78,83,84,98,102,106" machi="16" ten="20,12000,2" yaku="21,2,0,1,7,1,52,1,54,1,53,0" doraHai="82" doraHaiUra="104" who="1" fromWho="1" sc="250,-60,240,140,250,-30,240,-30" /><INIT seed="1,0,0,5,0,134" ten="190,380,220,210" oya="1" hai0="43,7,42,40,47,91,9,89,71,38,67,59,53" hai1="34,52,122,129,13,70,24,118,106,44,127,112,72" hai2="113,128,51,29,0,30,94,135,28,56,26,100,37" hai3="78,17,54,75,21,15,12,84,2,131,126,117,79"/><U81/><RYUUKYOKU type="yao9" ba="0,0" sc="190,0,380,0,220,0,210,0" hai1="13,24,34,44,52,70,72,81,106,112,118,122,127,129" /><INIT seed="1,1,0,5,2,27" ten="190,380,220,210" oya="1" hai0="34,59,105,99,47,134,50,62,30,130,102,83,18" hai1="4,38,21,89,135,82,28,113,67,119,40,45,125" hai2="35,104,76,0,16,78,74,94,95,73,117,44,77" hai3="55,103,126,98,48,61,54,90,79,57,109,97,10"/><U84/><E113/><V85/><F0/><W25/><G109/><T128/><D134/><U132/><E119/><V29/><F44/><W41/><G126/><T87/><D18/><U115/><E125/><V124/><F124/><W19/><G79/><N who="2" m="30281" /><F16/><W49/><G41/><T33/><D30/><U51/><E115/><V17/><F29/><W32/><G32/><T118/><D118/><U123/><E123/><V114/><F17/><W68/><G68/><T100/><D100/><U20/><E20/><V8/><F35/><W56/><G61/><T88/><D130/><U70/><E4/><V110/><F8/><W60/><G60/><T7/><D7/><U14/><E14/><V75/><F117/><W43/><G43/><T65/><REACH who="0" step="1"/><D128/><REACH who="0" ten="180,380,220,210" step="2"/><U121/><E121/><V58/><F114/><W112/><G112/><T31/><D31/><U39/><E132/><V93/><F110/><W42/><G103/><T11/><D11/><U116/><E135/><V91/><F104/><W131/><G131/><T36/><D36/><U127/><E116/><V63/><F73/><W120/><G120/><T53/><AGARI ba="1,1" hai="33,34,47,50,53,59,62,65,83,87,88,99,102,105" machi="53" ten="20,5200,0" yaku="1,1,0,1,7,1,54,1,53,0" doraHai="27" doraHaiUra="12" who="0" fromWho="0" sc="180,65,380,-27,220,-14,210,-14" /><INIT seed="2,0,0,0,3,64" ten="245,353,206,196" oya="2" hai0="26,6,114,12,38,89,92,83,9,51,20,53,62" hai1="121,113,13,87,39,5,78,33,102,2,112,24,70" hai2="119,86,103,94,90,4,42,120,131,1,132,104,36" hai3="19,134,79,44,41,10,67,81,61,100,37,129,43"/><V126/><F119/><W49/><G129/><T88/><D38/><U22/><E39/><V27/><F120/><W68/><G134/><T32/><D32/><U115/><E121/><V46/><F132/><W28/><G28/><N who="0" m="17479" /><D114/><U15/><E102/><V77/><F131/><W14/><G100/><T105/><D105/><U128/><E128/><V111/><F126/><W85/><REACH who="3" step="1"/><G37/><REACH who="3" ten="245,353,206,186" step="2"/><T17/><D83/><U76/><E112/><V133/><F133/><W40/><AGARI ba="0,1" hai="10,14,19,40,41,43,44,49,61,67,68,79,81,85" machi="40" ten="20,8000,1" yaku="1,1,2,1,0,1,7,1,52,1,53,0" doraHai="64" doraHaiUra="123" who="3" fromWho="3" sc="245,-20,353,-20,206,-40,186,90" /><INIT seed="3,0,0,3,4,90" ten="225,333,166,276" oya="3" hai0="11,37,63,99,109,61,7,76,28,83,73,135,116" hai1="115,92,55,121,16,129,85,69,134,89,70,31,27" hai2="58,42,6,45,51,100,12,105,104,67,65,119,56" hai3="77,91,71,113,38,106,133,124,96,102,80,131,50"/><W101/><G38/><T19/><D116/><U47/><E121/><V22/><F119/><W84/><G71/><T103/><D109/><U25/><E115/><V5/><F105/><W59/><G113/><T24/><D135/><U128/><E134/><V68/><F104/><W64/><G133/><T18/><D37/><U112/><E112/><V93/><F68/><N who="1" m="26217" /><E31/><V15/><F58/><W4/><G124/><T60/><D99/><U20/><E55/><V10/><F56/><W39/><G39/><T26/><D103/><U126/><E47/><V23/><F23/><W3/><G131/><N who="1" m="50250" /><E126/><V82/><F82/><W62/><G102/><T86/><D73/><U108/><E108/><V88/><F100/><W74/><G50/><T32/><REACH who="0" step="1"/><D24/><AGARI ba="0,0" hai="16,20,24,25,27,85,89,92" m="50250,26217" machi="24" ten="30,3900,0" yaku="19,1,52,1,54,1" doraHai="90" who="1" fromWho="0" sc="225,-39,333,39,166,0,276,0" owari="186,-21.4,372,47.2,166,-33.4,276,7.6" /></mjloggm>