<mjloggm ver="2.3"><GO type="225" lobby="0"/><UN n0="%E3%81%9F%E3%81%8C%E3%82%84%E3%81%99" n1="%E7%89%B9%E6%9D%B1%E3%81%AF%E4%B8%96%E7%95%8C%E3%82%92%E6%95%91%E3%81%86" n2="%E3%83%81%E3%83%AF%E3%83%AF%E9%9A%8A%E9%95%B7" n3="%6D%75%75%73%61%6E%6D%75" dan="17,16,16,17" rate="2218.00,2137.35,2116.69,2151.18" sx="M,M,M,F"/><TAIKYOKU oya="0"/><INIT seed="0,0,0,2,0,29" ten="250,250,250,250" oya="0" hai0="41,22,82,79,75,81,130,37,60,117,4,120,124" hai1="128,68,63,8,62,131,26,101,129,1,106,73,49" hai2="121,2,10,59,93,134,71,54,20,126,28,48,19" hai3="50,122,110,65,11,66,69,95,40,12,17,103,127"/><T0/><D22/><U86/><E73/><V46/><F121/><W96/><G122/><T35/><D82/><U27/><E49/><V21/><F71/><W125/><G69/><T5/><D5/><N who="1" m="1071" /><E86/><V98/><F126/><N who="3" m="48139" /><G110/><T78/><D78/><U44/><E44/><AGARI ba="0,0" hai="11,12,17,40,44,50,65,66,95,96,103" m="48139" machi="44" ten="30,1000,0" yaku="18,1" doraHai="29" who="3" fromWho="1" sc="250,0,250,-10,250,0,250,10" /><INIT seed="1,0,0,1,0,8" ten="250,240,250,260" oya="1" hai0="46,20,4,117,61,103,132,131,92,15,71,107,95" hai1="23,9,7,44,30,21,104,113,80,93,111,78,73" hai2="10,81,51,69,123,87,26,43,39,16,85,110,40" hai3="128,1,12,41,32,25,114,17,2,83,24,14,66"/><U47/><E113/><V65/><F123/><W89/><G114/><T108/><D107/><U31/><E104/><V109/><F39/><W34/><G41/><T115/><D115/><U79/><E111/><V99/><F99/><W22/><G66/><T112/><D112/><U45/><E78/><V68/><F65/><W135/><G89/><T3/><D3/><N who="3" m="1033" /><G83/><T62/><D132/><U13/><REACH who="1" step="1"/><E93/><REACH who="1" ten="250,230,250,260" step="2"/><V125/><F110/><W118/><G135/><T37/><D95/><U105/><E105/><V33/><F109/><W122/><G122/><T98/><D108/><U35/><E35/><N who="3" m="13354" /><G128/><T90/><D131/><U38/><E38/><V101/><F33/><W106/><G106/><T130/><D37/><U75/><E75/><V57/><F125/><W42/><G42/><T5/><D130/><U76/><E76/><V28/><F43/><W126/><G126/><T18/><D92/><U49/><E49/><V97/><F51/><W27/><G118/><T67/><D117/><U19/><E19/><V54/><F40/><W96/><G96/><T52/><D18/><U127/><E127/><V134/><F16/><W59/><G59/><T53/><D98/><U50/><E50/><V124/><F97/><W116/><G116/><T91/><D46/><U120/><E120/><V48/><F124/><W133/><G133/><T63/><D63/><U72/><E72/><V74/><F134/><W102/><G102/><T6/><D103/><U0/><E0/><V70/><F101/><W94/><G94/><T77/><D77/><U36/><E36/><V100/><F100/><W119/><G119/><RYUUKYOKU ba="0,1" sc="250,-15,230,15,250,-15,260,15" hai1="7,9,13,21,23,30,31,44,45,47,73,79,80" hai3="12,14,17,22,24,25,27" /><INIT seed="1,1,1,5,0,14" ten="235,245,235,275" oya="1" hai0="98,20,43,120,31,65,17,54,131,30,16,75,41" hai1="72,112,110,105,108,99,83,4,42,114,58,19,85" hai2="18,47,106,11,126,15,49,9,79,46,82,55,76" hai3="132,26,87,121,7,64,70,91,2,89,37,124,100"/><U44/><E72/><V62/><F106/><W94/><G121/><T32/><D75/><U107/><E4/><V40/><F126/><W53/><G124/><T133/><D32/><U12/><E58/><V5/><F82/><W125/><G125/><T39/><D39/><U22/><E114/><V51/><REACH who="2" step="1"/><F62/><REACH who="2" ten="235,245,225,275" step="2"/><W95/><G95/><T34/><D120/><U78/><E112/><V50/><F50/><W24/><G94/><T88/><D131/><U115/><E115/><V81/><F81/><W73/><G37/><T57/><D133/><U61/><E61/><V27/><F27/><W1/><G26/><T103/><D34/><U48/><REACH who="1" step="1"/><E105/><REACH who="1" ten="235,235,225,275" step="2"/><V129/><F129/><W97/><G132/><T13/><D65/><U128/><E128/><V93/><F93/><W3/><G64/><T104/><D104/><U52/><E52/><V68/><F68/><W80/><G53/><T0/><D54/><U25/><E25/><V101/><F101/><AGARI ba="1,3" hai="12,19,22,42,44,48,78,83,85,99,101,107,108,110" machi="101" ten="40,3900,0" yaku="1,1,52,1,53,0" doraHai="14" doraHaiUra="134" who="1" fromWho="2" sc="235,0,235,72,225,-42,275,0" /><INIT seed="1,2,0,0,4,60" ten="235,307,183,275" oya="1" hai0="61,59,46,63,69,32,58,98,35,28,82,38,122" hai1="41,130,134,128,2,93,127,72,133,107,50,37,39" hai2="26,20,114,105,52,123,85,42,121,75,113,70,3" hai3="7,91,131,1,135,62,47,31,55,51,84,99,8"/><U88/><E2/><V21/><F75/><W9/><G131/><N who="1" m="50218" /><E107/><V110/><F3/><W77/><G135/><N who="1" m="51722" /><E72/><V120/><F105/><W11/><G31/><T43/><D28/><U10/><E10/><V16/><F110/><W115/><G115/><N who="2" m="44041" /><F42/><W14/><G77/><T118/><D43/><U109/><E109/><V65/><F85/><W53/><G99/><T44/><D98/><N who="1" m="57639" /><E127/><V68/><F65/><W19/><G1/><T0/><D0/><U94/><E94/><V80/><F80/><N who="3" m="49543" /><G7/><T100/><D82/><U81/><E81/><V129/><F129/><W74/><G74/><T27/><D100/><U66/><E66/><V33/><F33/><W108/><G108/><T73/><D35/><U6/><E6/><V17/><F52/><W79/><G79/><T64/><D32/><U76/><E76/><V40/><F40/><W90/><G90/><T124/><D64/><U106/><E106/><V125/><F125/><W24/><G53/><T49/><D124/><U67/><E67/><V18/><F20/><N who="3" m="11383" /><G62/><T57/><D63/><U101/><E101/><V34/><F34/><W29/><G9/><T83/><D61/><U25/><E25/><V78/><F78/><W5/><G5/><T96/><D27/><U12/><E12/><V71/><AGARI ba="2,0" hai="16,17,18,21,26,68,70,71,120,121,123" m="44041" machi="71" ten="50,3200,0" yaku="11,1,54,1" doraHai="60" who="2" fromWho="2" sc="235,-10,307,-18,183,38,275,-10" /><INIT seed="2,0,0,0,3,46" ten="225,289,221,265" oya="2" hai0="125,107,83,55,79,67,35,59,7,105,132,44,65" hai1="116,66,76,3,16,99,13,2,104,56,117,122,15" hai2="68,131,45,94,31,110,124,52,119,95,50,96,9" hai3="42,102,74,28,11,20,19,47,70,69,87,127,25"/><V118/><F68/><W126/><G74/><T39/><D35/><U100/><E76/><V21/><F124/><N who="3" m="47659" /><G102/><T75/><D125/><U73/><E73/><V51/><F131/><W61/><G87/><T17/><D132/><U88/><E122/><V1/><F110/><W120/><G120/><T89/><D7/><U64/><E15/><V32/><F32/><W27/><G61/><T78/><D78/><U71/><E71/><V48/><F119/><W97/><G97/><T62/><D17/><U14/><E14/><V86/><F118/><W128/><G128/><T4/><D4/><U98/><E117/><V49/><F1/><W121/><G121/><T23/><D23/><U30/><E30/><V112/><F112/><W85/><G85/><T135/><D89/><U54/><E116/><V103/><F9/><W43/><G43/><T18/><D18/><U24/><E24/><N who="2" m="16783" /><F49/><N who="3" m="26871" /><G11/><T123/><D123/><U63/><E3/><V5/><F5/><W60/><G60/><T12/><D107/><U129/><E2/><V8/><F8/><W0/><G0/><T58/><D105/><U81/><E129/><V134/><F134/><W90/><G70/><T26/><D135/><U22/><REACH who="1" step="1"/><E81/><REACH who="1" ten="225,279,221,265" step="2"/><V41/><F41/><W108/><G69/><T115/><D83/><U113/><E113/><V106/><F106/><W37/><G28/><T91/><D75/><U40/><E40/><V130/><F130/><W109/><G109/><T36/><D115/><U53/><E53/><V84/><F84/><W114/><G108/><T10/><D55/><U93/><AGARI ba="0,1" hai="13,16,22,54,56,63,64,66,88,93,98,99,100,104" machi="93" ten="30,7900,0" yaku="1,1,0,1,54,2,53,0" doraHai="46" doraHaiUra="72" who="1" fromWho="1" sc="225,-20,279,89,221,-39,265,-20" /><INIT seed="3,0,0,3,3,16" ten="205,368,182,245" oya="3" hai0="31,32,104,53,110,127,84,51,81,46,67,101,57" hai1="114,92,103,82,13,59,54,74,24,40,38,97,133" hai2="55,102,98,5,7,85,90,43,65,124,79,75,34" hai3="111,87,64,58,27,37,105,119,116,61,11,63,60"/><W26/><G37/><T72/><D72/><U134/><E114/><V4/><F34/><W107/><G111/><T120/><D120/><U15/><E24/><V113/><F113/><W56/><G11/><T70/><D110/><U129/><E129/><V17/><F124/><W9/><G9/><T33/><D127/><U48/><E40/><V106/><F43/><W19/><G87/><T36/><D31/><U126/><E38/><V49/><F65/><W8/><G8/><T77/><D104/><U80/><E126/><V76/><F75/><W47/><G47/><T66/><D101/><U118/><E118/><V89/><F17/><W52/><G61/><N who="0" m="40271" /><D67/><U125/><E125/><V41/><F41/><AGARI ba="0,0" hai="32,33,36,41,46,51,53,57,77,81,84" m="40271" machi="41" ten="30,1000,0" yaku="24,1" doraHai="16" who="0" fromWho="2" sc="205,10,368,0,182,-10,245,0" owari="215,-18.5,368,46.8,172,-32.8,245,4.5" /></mjloggm>