<mjloggm ver="2.3"><GO type="225" lobby="0"/><UN n0="%E5%AD%90%E4%BE%9B%E4%BC%9A%E5%93%A1" n1="%79%75%72%69%6D%6F%67" n2="%E3%82%B3%E3%83%90%E3%83%AC%E3%82%A4" n3="%6D%75%75%73%61%6E%6D%75" dan="17,16,16,17" rate="2116.15,2121.52,2124.67,2157.15" sx="M,F,M,F"/><TAIKYOKU oya="0"/><INIT seed="0,0,0,5,0,20" ten="250,250,250,250" oya="0" hai0="16,36,58,30,115,51,106,32,44,23,116,110,6" hai1="27,72,94,126,100,39,48,96,129,45,134,56,122" hai2="19,4,70,57,118,46,63,50,133,9,60,67,120" hai3="90,33,31,123,93,76,88,108,107,79,101,98,59"/><T119/><D116/><U66/><E122/><V132/><F118/><W117/><G117/><T103/><D119/><U111/><E111/><V7/><F120/><W37/><G123/><T21/><D115/><U69/><E129/><V65/><F19/><W114/><G108/><T89/><D110/><U0/><E72/><V97/><F97/><W62/><G114/><T91/><D32/><U24/><E0/><V86/><F86/><W84/><G37/><T102/><D6/><U80/><E126/><V112/><F112/><W43/><G43/><N who="0" m="24991" /><D36/><U10/><E134/><N who="2" m="51819" /><F9/><W38/><G38/><T15/><D106/><U17/><E69/><V22/><F22/><W82/><G33/><T105/><D105/><U12/><E80/><V14/><F14/><W26/><G107/><T85/><D58/><U41/><REACH who="1" step="1"/><E66/><REACH who="1" ten="250,240,250,250" step="2"/><V5/><F70/><W71/><G71/><T77/><D77/><U55/><AGARI ba="0,1" hai="10,12,17,24,27,39,41,45,48,55,56,94,96,100" machi="55" ten="30,12000,2" yaku="1,1,2,1,0,1,52,2,53,1" doraHai="20" doraHaiUra="53" who="1" fromWho="1" sc="250,-60,240,130,250,-30,250,-30" /><INIT seed="1,0,0,1,4,0" ten="190,370,220,220" oya="1" hai0="75,87,1,47,20,38,40,122,69,85,67,58,66" hai1="57,55,123,107,105,50,76,132,30,84,83,86,17" hai2="34,23,102,74,135,119,32,35,37,54,121,5,44" hai3="28,79,63,106,24,65,36,49,42,2,6,129,22"/><U95/><E132/><V51/><F119/><W18/><G106/><T81/><D122/><U72/><E123/><V88/><F74/><W13/><G129/><T41/><D41/><U110/><E30/><V4/><F135/><W114/><G114/><T103/><D103/><U21/><E110/><V128/><F121/><W90/><G36/><T59/><D1/><U99/><E72/><V80/><F37/><W31/><G79/><T91/><D75/><U131/><E131/><V26/><F102/><W64/><G2/><T118/><D118/><U101/><REACH who="1" step="1"/><E86/><REACH who="1" ten="190,360,220,220" step="2"/><V112/><F128/><W133/><G133/><T48/><D87/><U130/><E130/><V10/><F112/><W127/><G31/><T116/><D116/><U100/><E100/><V96/><F32/><W97/><G28/><T19/><D38/><U93/><E93/><N who="2" m="56359" /><F35/><W89/><G89/><T70/><D70/><U78/><E78/><V45/><F34/><W108/><G108/><T27/><REACH who="0" step="1"/><D69/><REACH who="0" ten="180,360,220,220" step="2"/><U124/><E124/><V82/><F80/><W8/><G127/><T73/><D73/><U7/><E7/><V61/><F82/><W43/><G6/><T16/><D16/><U92/><E92/><V125/><F125/><W12/><G18/><T39/><D39/><U14/><AGARI ba="0,2" hai="14,17,21,50,55,57,76,83,84,95,99,101,105,107" machi="14" ten="20,3900,0" yaku="1,1,0,1,7,1,53,0" doraHai="0" doraHaiUra="3" who="1" fromWho="1" sc="180,-13,360,59,220,-13,220,-13" /><INIT seed="1,1,0,5,3,85" ten="167,419,207,207" oya="1" hai0="36,24,46,86,1,82,48,126,97,11,111,23,81" hai1="68,14,3,66,62,84,31,40,95,54,103,89,135" hai2="64,79,51,96,21,78,83,128,74,58,115,91,63" hai3="25,0,10,125,4,27,47,101,39,104,22,93,34"/><U41/><E135/><V67/><F115/><W19/><G125/><T117/><D117/><U20/><E3/><V133/><F128/><W127/><G127/><T59/><D126/><U50/><E103/><V76/><F133/><W60/><G104/><T80/><D111/><U17/><REACH who="1" step="1"/><E31/><REACH who="1" ten="167,409,207,207" step="2"/><V119/><F119/><W77/><G101/><T130/><D1/><U88/><E88/><V65/><F74/><W52/><G0/><T45/><D130/><U107/><E107/><V35/><F35/><W124/><G34/><T43/><D82/><U18/><E18/><V123/><F123/><W28/><G19/><T57/><D80/><U110/><E110/><V92/><F83/><W120/><G28/><T108/><D108/><U129/><E129/><V98/><F79/><W7/><G77/><T90/><D81/><U56/><AGARI ba="1,1" hai="14,17,20,40,41,50,54,56,62,66,68,84,89,95" machi="56" ten="20,18000,2" yaku="1,1,0,1,7,1,25,2,52,1,53,0" doraHai="85" doraHaiUra="118" who="1" fromWho="1" sc="167,-61,409,193,207,-61,207,-61" /><INIT seed="1,2,0,5,3,57" ten="106,602,146,146" oya="1" hai0="13,20,93,43,114,83,108,81,134,102,63,27,106" hai1="42,44,50,103,87,9,5,129,121,22,58,65,128" hai2="76,122,130,26,95,4,45,73,55,67,34,82,78" hai3="115,8,116,24,25,1,52,41,37,131,51,92,96"/><U100/><E121/><V88/><F130/><W7/><G115/><T127/><D114/><U23/><E23/><V125/><F122/><W54/><G131/><T135/><D106/><U46/><E46/><V104/><F104/><W94/><G116/><T90/><D102/><U28/><E128/><V31/><F4/><W85/><G37/><T21/><D108/><U19/><E28/><V110/><F110/><W105/><G41/><T18/><D43/><U0/><E87/><V64/><F78/><W107/><G107/><T61/><D127/><U3/><E3/><V133/><F125/><W69/><G69/><T66/><D66/><U120/><E120/><V35/><F35/><W33/><G54/><T77/><D77/><U32/><E32/><V38/><F133/><N who="0" m="50698" /><D93/><U17/><E17/><V11/><F11/><W86/><G105/><T49/><D49/><U30/><E30/><V132/><F132/><W10/><G92/><T109/><D109/><U16/><E19/><V62/><F38/><W2/><G85/><N who="0" m="50479" /><D83/><U56/><E56/><V72/><F72/><W84/><G84/><T39/><D39/><U119/><E119/><V123/><F123/><W111/><G86/><T68/><D68/><U89/><E89/><V97/><F73/><W113/><G111/><T124/><D124/><U15/><REACH who="1" step="1"/><E129/><REACH who="1" ten="106,592,146,146" step="2"/><V98/><F88/><N who="3" m="55367" /><G113/><T70/><D70/><U12/><E12/><V36/><F36/><W40/><G40/><T59/><D59/><U71/><E71/><V53/><F76/><W6/><G33/><T91/><D91/><U79/><E79/><V101/><F34/><RYUUKYOKU ba="2,1" sc="106,10,592,10,146,-30,146,10" hai0="13,18,20,21,27,61,63" hai1="0,5,9,15,16,22,42,44,50,58,65,100,103" hai3="1,2,6,7,8,10,24,25,51,52" /><INIT seed="1,3,1,4,5,104" ten="116,602,116,156" oya="1" hai0="20,16,114,7,33,14,78,102,68,56,8,122,116" hai1="88,112,24,27,5,115,134,32,1,65,62,58,105" hai2="132,127,123,95,22,99,135,28,21,51,119,3,4" hai3="53,45,85,89,64,13,75,82,66,125,98,108,10"/><U97/><E134/><N who="2" m="51243" /><F123/><W130/><G108/><T83/><D116/><U38/><E38/><V69/><F69/><W124/><G130/><T36/><D114/><U0/><E115/><V61/><F119/><W87/><G75/><T121/><D68/><U100/><E112/><V19/><F61/><W77/><G98/><T94/><D36/><U25/><E32/><V54/><F4/><W113/><G113/><T93/><D33/><U111/><E111/><V110/><F3/><W79/><G124/><T76/><D56/><U71/><E5/><V70/><F70/><W11/><G125/><T57/><D57/><U86/><REACH who="1" step="1"/><E71/><REACH who="1" ten="116,592,116,156" step="2"/><V84/><F110/><W50/><G64/><T92/><D102/><U120/><E120/><N who="0" m="46185" /><D83/><AGARI ba="3,2" hai="0,1,24,25,27,58,62,65,83,86,88,97,100,105" machi="83" ten="40,3900,0" yaku="1,1,54,1,53,0" doraHai="104" doraHaiUra="106" who="1" fromWho="0" sc="116,-48,592,68,116,0,156,0" /><INIT seed="1,4,0,5,2,41" ten="68,660,116,156" oya="1" hai0="90,102,14,23,104,17,106,91,133,20,2,50,35" hai1="74,55,81,88,45,107,33,75,78,53,57,54,6" hai2="71,66,36,46,52,122,123,89,115,72,34,69,77" hai3="84,130,43,92,76,112,21,124,59,98,38,62,131"/><U119/><E107/><V18/><F34/><W13/><G112/><T15/><D133/><U19/><E33/><V63/><F115/><W105/><G124/><T126/><D126/><U39/><E75/><V99/><F69/><W86/><G105/><T64/><D2/><U0/><E19/><V70/><F71/><W132/><G132/><T24/><D64/><U85/><E119/><V117/><F117/><W27/><G13/><T1/><D1/><U108/><E108/><V111/><F111/><W125/><G43/><T51/><D35/><U118/><E118/><V31/><F31/><N who="3" m="17903" /><G38/><T60/><D60/><U37/><E37/><V8/><F72/><W79/><G125/><T22/><D22/><U10/><E39/><V65/><F65/><N who="3" m="39135" /><G84/><T83/><D24/><U73/><E73/><V80/><F36/><W68/><G68/><T44/><D17/><U101/><E101/><V25/><F70/><W103/><G86/><T26/><D26/><U48/><REACH who="1" step="1"/><E57/><REACH who="1" ten="68,650,116,156" step="2"/><V109/><F109/><W120/><G120/><T128/><D106/><U97/><E97/><V49/><F99/><W42/><G42/><T67/><D104/><U4/><E4/><V94/><F123/><W58/><G58/><T134/><D134/><U9/><E9/><V12/><F122/><W40/><G40/><T3/><D23/><U114/><E114/><V127/><F127/><W29/><G29/><T135/><D20/><U113/><E113/><V121/><F121/><W110/><G110/><T87/><D135/><U95/><AGARI ba="4,1" hai="0,6,10,45,48,53,54,55,74,78,81,85,88,95" machi="95" ten="20,12000,1" yaku="1,1,0,1,7,1,52,1,54,1,53,0" doraHai="41" doraHaiUra="93" who="1" fromWho="1" sc="68,-44,650,142,116,-44,156,-44" /><INIT seed="1,5,0,4,3,119" ten="24,792,72,112" oya="1" hai0="85,59,10,57,67,51,2,38,26,41,95,94,61" hai1="45,31,82,73,18,17,105,116,70,107,44,106,7" hai2="120,80,97,93,1,46,113,37,53,43,12,90,3" hai3="104,88,71,42,9,98,4,100,125,55,64,11,96"/><U6/><E70/><V34/><F34/><W128/><G42/><T13/><D2/><U114/><E31/><V15/><F113/><W89/><G128/><T115/><D115/><U118/><E73/><V65/><F65/><W72/><G72/><T131/><D131/><U25/><E82/><V87/><F120/><W123/><G123/><T122/><D122/><U5/><E114/><V29/><F29/><W56/><G125/><T68/><D38/><U86/><E86/><V48/><F3/><W75/><G75/><T49/><D68/><U83/><E83/><V0/><F0/><W84/><G98/><T134/><D134/><U132/><E25/><V23/><F23/><W124/><G124/><T58/><D26/><U33/><E33/><V102/><F1/><W39/><G39/><T112/><D112/><U117/><REACH who="1" step="1"/><E132/><REACH who="1" ten="24,782,72,112" step="2"/><V78/><F78/><W76/><G76/><T127/><D127/><U66/><E66/><V19/><F80/><W92/><G64/><T32/><D32/><U63/><E63/><V130/><F130/><W28/><G71/><T101/><D61/><U99/><E99/><V40/><F87/><W24/><G84/><T135/><D67/><U60/><E60/><V52/><F97/><W109/><G96/><N who="0" m="59543" /><D135/><U129/><E129/><V54/><F102/><W47/><G100/><T16/><D85/><U50/><E50/><N who="0" m="18953" /><D95/><U108/><E108/><V103/><F103/><W14/><G109/><T77/><D77/><U35/><E35/><V36/><F93/><W27/><G92/><T111/><D111/><U69/><E69/><V62/><F62/><RYUUKYOKU ba="5,1" sc="24,15,782,15,72,-15,112,-15" hai0="10,13,16,41,57,58,59" hai1="5,6,7,17,18,44,45,105,106,107,116,117,118" /><INIT seed="1,6,1,5,0,109" ten="39,797,57,97" oya="1" hai0="96,125,7,133,99,84,127,85,74,75,122,11,59" hai1="15,35,22,57,38,88,132,61,41,87,66,102,34" hai2="89,112,8,94,120,113,134,18,50,83,27,68,107" hai3="115,98,128,46,31,124,42,29,30,23,14,93,63"/><U56/><E132/><V73/><F68/><W39/><G115/><N who="2" m="44105" /><F107/><W28/><G124/><N who="0" m="47691" /><D133/><U131/><E131/><V32/><F134/><W100/><G128/><T37/><D37/><U130/><E130/><V97/><F120/><W95/><G63/><T12/><D122/><U60/><E102/><V49/><F8/><W111/><G111/><T104/><D59/><U101/><E101/><V123/><F123/><W86/><G14/><T9/><D9/><U78/><E78/><N who="2" m="44495" /><F18/><W48/><G39/><T52/><D52/><U6/><E38/><V90/><F89/><W116/><G116/><T43/><D104/><U72/><E72/><N who="0" m="27689" /><D43/><U13/><E41/><V19/><F19/><W16/><G16/><T51/><D51/><U54/><E22/><V25/><F25/><W67/><G23/><T114/><D114/><U64/><E54/><V40/><F40/><W81/><G42/><T110/><D110/><U82/><REACH who="1" step="1"/><E6/><REACH who="1" ten="39,787,57,97" step="2"/><V3/><F32/><AGARI ba="6,2" hai="13,15,32,34,35,56,57,60,61,64,66,82,87,88" machi="32" ten="40,12000,1" yaku="1,1,2,1,9,1,54,1,53,0" doraHai="109" doraHaiUra="126" who="1" fromWho="2" sc="39,0,787,158,57,-138,97,0" owari="39,-36.1,945,104.5,-81,-58.1,97,-10.3" /></mjloggm>