<mjloggm ver="2.3"><GO type="225" lobby="0"/><UN n0="%43%68%65" n1="%E3%81%A1%E3%82%85%E3%81%86%E3%81%A9%E3%81%8F%E8%B1%A1%E3%81%95%E3%82%93" n2="%E7%89%B9%E6%9D%B1%E3%81%AF%E4%B8%96%E7%95%8C%E3%82%92%E6%95%91%E3%81%86" n3="%6C%61%6D%62" dan="16,17,16,16" rate="2134.72,2182.74,2167.82,2159.94" sx="M,M,M,M"/><TAIKYOKU oya="0"/><INIT seed="0,0,0,5,1,16" ten="250,250,250,250" oya="0" hai0="21,20,50,91,114,78,37,118,99,71,30,81,104" hai1="101,55,97,54,134,88,113,87,70,59,132,129,106" hai2="42,48,65,13,39,24,45,123,76,126,84,2,66" hai3="112,51,19,49,77,92,93,0,25,74,130,57,68"/><T124/><D114/><U63/><E113/><V110/><F123/><W14/><G112/><T43/><D71/><U38/><E38/><V31/><F2/><W18/><G68/><T115/><D37/><U69/><E129/><V33/><F110/><W1/><G130/><T12/><D115/><U46/><E54/><V44/><F126/><W62/><G74/><T64/><D118/><U107/><E46/><V120/><F120/><W85/><G25/><T3/><D3/><U29/><E29/><V52/><REACH who="2" step="1"/><F13/><REACH who="2" ten="250,250,240,250" step="2"/><W22/><G0/><T105/><D12/><U4/><E132/><V98/><F98/><W75/><G1/><T80/><D99/><U28/><E134/><V90/><F90/><W60/><G14/><T53/><D91/><U95/><E97/><V7/><F7/><W82/><G77/><T34/><D78/><U67/><E4/><V117/><F117/><W73/><G73/><T127/><D127/><U32/><E101/><V10/><F10/><W17/><G75/><T27/><D124/><U26/><REACH who="1" step="1"/><E70/><REACH who="1" ten="250,240,240,250" step="2"/><V122/><F122/><W6/><G6/><T94/><D30/><U111/><E111/><V61/><F61/><AGARI ba="0,2" hai="26,28,32,55,59,61,63,67,69,87,88,95,106,107" machi="61" ten="30,3900,0" yaku="1,1,7,1,54,1,53,0" doraHai="16" doraHaiUra="41" who="1" fromWho="2" sc="250,0,240,59,240,-39,250,0" /><INIT seed="1,0,0,0,3,22" ten="250,299,201,250" oya="1" hai0="108,64,38,105,23,8,44,134,107,131,100,35,88" hai1="133,77,9,54,72,40,124,32,122,62,50,17,82" hai2="26,120,106,102,27,45,33,12,48,63,68,67,25" hai3="111,104,132,135,125,114,66,123,42,118,126,43,10"/><U76/><E122/><V65/><F65/><W103/><G104/><T21/><D35/><U113/><E32/><V128/><F120/><W121/><G103/><T93/><D108/><U83/><E113/><V7/><F128/><W92/><G92/><T70/><D131/><U57/><E133/><N who="3" m="51274" /><G10/><T56/><D70/><U6/><E124/><N who="3" m="47722" /><G114/><T91/><D8/><U98/><E98/><N who="2" m="61783" /><F12/><W71/><G111/><T52/><D105/><U53/><E17/><V29/><F7/><W49/><G118/><T19/><D107/><U28/><E28/><V119/><F119/><W87/><G87/><T69/><D100/><U129/><E129/><V2/><F2/><W41/><G49/><T99/><D134/><U51/><E82/><V90/><F90/><W101/><G101/><T58/><D91/><U20/><E76/><V5/><F5/><W39/><G39/><T81/><D81/><U78/><E78/><V84/><F84/><W95/><G95/><T4/><D4/><U55/><E20/><V89/><F89/><W86/><G86/><T80/><D80/><U79/><E79/><V96/><F96/><W47/><G47/><T94/><D94/><U1/><E50/><V46/><F46/><W117/><G117/><T97/><D97/><U109/><E109/><V130/><F130/><W85/><G85/><T31/><D23/><U61/><E61/><AGARI ba="0,0" hai="41,42,43,61,66,71,121,123" m="47722,51274" machi="61" ten="40,8000,1" yaku="20,1,18,1,34,2" doraHai="22" who="3" fromWho="1" sc="250,0,299,-80,201,0,250,80" /><INIT seed="2,0,0,4,5,28" ten="250,219,201,330" oya="2" hai0="33,77,103,44,39,48,123,99,67,30,36,62,18" hai1="118,60,20,82,104,10,94,29,98,109,74,95,23" hai2="85,83,128,114,57,116,63,43,27,129,46,131,22" hai3="75,25,68,102,49,120,15,106,135,133,119,61,40"/><V88/><F114/><W76/><G119/><T35/><D123/><U115/><E118/><V2/><F2/><W26/><G120/><T55/><D77/><U73/><E115/><V64/><F116/><W101/><G75/><T134/><D134/><U13/><E60/><V54/><F64/><W41/><G15/><T81/><D81/><U70/><E70/><V24/><REACH who="2" step="1"/><F22/><REACH who="2" ten="250,219,191,330" step="2"/><W34/><G133/><T113/><D113/><U124/><E20/><V112/><F112/><W92/><G135/><T19/><D39/><AGARI ba="0,1" hai="24,27,39,43,46,54,57,63,83,85,88,128,129,131" machi="39" ten="40,7700,0" yaku="1,1,19,1,54,1,53,0" doraHai="28" doraHaiUra="97" who="2" fromWho="0" sc="250,-77,219,0,191,87,330,0" /><INIT seed="2,1,0,1,1,129" ten="173,219,278,330" oya="2" hai0="55,39,35,71,10,124,82,96,46,43,97,50,122" hai1="65,108,5,29,111,28,34,78,32,56,114,120,62" hai2="15,47,36,90,63,72,110,75,41,107,123,67,73" hai3="77,14,21,89,101,49,115,19,135,106,92,38,26"/><V87/><F123/><W93/><G38/><T31/><D122/><U81/><E114/><V94/><F107/><W48/><G115/><T69/><D124/><U98/><E5/><V37/><F110/><N who="1" m="42025" /><E98/><V17/><F37/><W3/><G3/><T85/><D97/><U100/><E100/><V113/><F113/><W116/><G77/><T132/><D96/><U27/><E120/><V13/><REACH who="2" step="1"/><F17/><REACH who="2" ten="173,219,268,330" step="2"/><W9/><G106/><T91/><D39/><U33/><E28/><V128/><F128/><W1/><G19/><T99/><D31/><U61/><E29/><V24/><F24/><W105/><G26/><T22/><D35/><U60/><E27/><V8/><F8/><W117/><G105/><T83/><D10/><U0/><E0/><V18/><F18/><W68/><G9/><T127/><D127/><U103/><E103/><V23/><F23/><W119/><G21/><T16/><D22/><U64/><E32/><V25/><F25/><W74/><G1/><T109/><D109/><U70/><E33/><V130/><F130/><W104/><G104/><T53/><D16/><U126/><E34/><V57/><AGARI ba="1,1" hai="13,15,36,41,47,57,63,67,72,73,75,87,90,94" machi="57" ten="30,3000,0" yaku="1,1,0,1,53,0" doraHai="129" doraHaiUra="121" who="2" fromWho="2" sc="173,-11,219,-11,268,43,330,-11" /><INIT seed="2,2,0,1,0,56" ten="162,208,311,319" oya="2" hai0="124,38,122,98,106,74,116,21,61,125,34,88,131" hai1="35,58,92,51,22,90,50,119,133,37,85,5,31" hai2="108,110,53,75,135,103,129,40,97,13,132,3,79" hai3="2,76,27,4,0,55,113,121,73,68,71,104,117"/><V47/><F3/><W46/><G55/><T30/><D122/><U1/><E37/><V29/><F29/><W115/><G121/><T14/><D74/><U33/><E119/><V118/><F118/><W63/><G117/><T67/><D38/><U94/><E133/><N who="2" m="51275" /><F53/><W39/><G27/><N who="0" m="18783" /><D116/><U89/><E22/><V66/><F129/><W87/><G87/><T44/><D44/><U9/><E31/><V20/><F66/><N who="3" m="41055" /><G104/><T84/><D131/><U48/><REACH who="1" step="1"/><E58/><REACH who="1" ten="162,198,311,319" step="2"/><V101/><F20/><W41/><G71/><N who="0" m="42479" /><D21/><U69/><E69/><V80/><F110/><W36/><G36/><T18/><D125/><U26/><E26/><V81/><F108/><W49/><G39/><T6/><D124/><U59/><E59/><V15/><F101/><W52/><G113/><T24/><D24/><U19/><E19/><V57/><F57/><W93/><G115/><T134/><D134/><U102/><E102/><V78/><F103/><W96/><G4/><T82/><D6/><U10/><E10/><V17/><F17/><W16/><G16/><T64/><D18/><U114/><E114/><V43/><F47/><W23/><G23/><T120/><D120/><U91/><E91/><V7/><F7/><W128/><G128/><T109/><D109/><U28/><E28/><V60/><F79/><W100/><G76/><T127/><D127/><U130/><E130/><V70/><F78/><W11/><G11/><T123/><D123/><U8/><E8/><V62/><F70/><W105/><G100/><N who="0" m="62743" /><D64/><U111/><E111/><V25/><F25/><W112/><G112/><T45/><D45/><RYUUKYOKU ba="2,1" sc="162,15,198,15,311,-15,319,-15" hai0="14,82,84,88" hai1="1,5,9,33,35,48,50,51,85,89,90,92,94" /><INIT seed="3,3,1,2,3,15" ten="177,213,296,304" oya="3" hai0="105,124,24,87,123,84,31,38,128,66,32,44,72" hai1="130,19,23,28,78,73,16,102,43,74,6,51,133" hai2="100,10,122,101,45,77,40,26,47,86,50,126,21" hai3="54,68,11,67,46,120,14,118,13,2,96,65,70"/><W71/><G2/><T59/><D123/><U17/><E6/><V55/><F122/><W91/><G120/><T64/><D72/><U20/><E102/><N who="2" m="39531" /><F126/><W5/><G118/><T9/><D105/><U103/><E103/><V25/><F10/><W22/><G14/><T134/><D124/><U8/><E8/><V52/><F47/><W116/><G116/><T83/><D134/><U58/><E133/><V27/><F21/><W82/><G22/><T62/><D128/><U104/><E104/><V89/><F77/><W125/><G125/><T121/><D121/><U0/><E0/><V106/><F106/><W112/><G112/><T75/><D66/><U131/><E78/><V92/><AGARI ba="3,1" hai="25,26,27,40,45,50,52,55,86,89,92" m="39531" machi="92" ten="30,2000,0" yaku="8,1,54,1" doraHai="15" who="2" fromWho="2" sc="177,-8,213,-8,296,39,304,-13" owari="169,-33.1,205,-19.5,335,43.5,291,9.1" /></mjloggm>