<mjloggm ver="2.3"><GO type="225" lobby="0"/><UN n0="%72%69%6F%75%63%68%61%6E" n1="%E3%81%A1%E3%82%85%E3%81%86%E3%81%A9%E3%81%8F%E8%B1%A1%E3%81%95%E3%82%93" n2="%E6%A1%9C%E8%8A%B1%E9%96%83%E3%80%85" n3="%E9%80%9F%E6%B0%B4%E5%87%9B%E9%A6%99" dan="17,17,17,16" rate="2253.25,2262.49,2226.87,2124.80" sx="M,M,M,F"/><TAIKYOKU oya="0"/><INIT seed="0,0,0,4,1,92" ten="250,250,250,250" oya="0" hai0="62,44,93,16,69,28,130,72,125,105,126,99,75" hai1="21,84,65,97,118,23,116,10,121,82,101,14,31" hai2="1,129,81,15,77,61,54,22,59,111,86,110,134" hai3="9,39,5,78,100,124,55,90,85,3,34,45,74"/><T96/><D130/><U113/><E121/><V19/><F129/><W53/><G124/><N who="0" m="47723" /><D28/><U87/><E113/><V30/><F1/><W71/><G34/><T43/><D105/><U48/><E65/><V41/><F134/><W58/><G71/><T122/><D122/><U26/><E23/><V88/><F30/><W67/><G67/><N who="0" m="41207" /><D93/><U95/><E48/><V51/><REACH who="2" step="1"/><F77/><REACH who="2" ten="250,250,240,250" step="2"/><W98/><G78/><T18/><D72/><U27/><E118/><V114/><F114/><W66/><G74/><T119/><D75/><U32/><E116/><V35/><F35/><W127/><G127/><T91/><D119/><U107/><E32/><V103/><F103/><W76/><G76/><T42/><D91/><U79/><E31/><V13/><F13/><W63/><G3/><T115/><D115/><U94/><E79/><V64/><F64/><W68/><G66/><T60/><D60/><U133/><E133/><V2/><F2/><W24/><G63/><T33/><D33/><U29/><E14/><V56/><F56/><W20/><G58/><T70/><D70/><U131/><E29/><V117/><F117/><W25/><G100/><T50/><D42/><U46/><E101/><V80/><F80/><W38/><G68/><T89/><D89/><U12/><E82/><V83/><F83/><W106/><G90/><T109/><D109/><U4/><E12/><V57/><F57/><W123/><G123/><T73/><D73/><U0/><E0/><V128/><F128/><W102/><G102/><T108/><D108/><U37/><E131/><V49/><F49/><W132/><G132/><RYUUKYOKU ba="0,1" sc="250,15,250,-15,240,15,250,-15" hai0="16,18,43,44,50,96,99" hai2="15,19,22,41,51,54,59,61,81,86,88,110,111" /><INIT seed="0,1,1,0,0,86" ten="265,235,255,235" oya="0" hai0="75,70,130,119,48,17,50,0,38,110,80,78,102" hai1="122,99,9,20,36,58,45,39,1,23,3,96,51" hai2="117,56,63,47,18,114,26,24,11,16,132,65,98" hai3="88,82,109,31,131,59,7,46,127,40,19,12,57"/><T30/><D119/><U79/><E122/><V67/><F114/><W83/><G109/><T113/><D113/><U115/><E115/><V85/><F117/><W104/><G131/><T42/><D130/><U93/><E79/><V126/><F126/><W81/><G104/><T116/><D116/><U124/><E124/><V89/><F132/><W6/><G127/><T49/><D70/><U107/><E107/><V44/><F67/><W123/><G31/><T64/><D110/><U76/><E76/><V53/><F98/><W73/><G73/><T15/><D0/><U52/><E96/><V35/><F35/><W134/><G134/><T5/><D64/><U13/><E1/><V125/><F125/><W60/><G123/><T135/><D135/><U101/><E3/><V54/><F54/><W2/><G2/><T72/><D30/><U112/><E112/><V71/><F71/><W68/><G46/><N who="2" m="17449" /><F53/><W22/><G40/><T34/><D34/><U43/><REACH who="1" step="1"/><E36/><REACH who="1" ten="265,225,255,235" step="2"/><V10/><F10/><W77/><G77/><T91/><D38/><U21/><E21/><V105/><F105/><W66/><G68/><T106/><D75/><U4/><AGARI ba="1,2" hai="4,9,13,20,23,39,43,45,51,52,58,93,99,101" machi="4" ten="20,5200,0" yaku="1,1,0,1,7,1,54,1,53,0" doraHai="86" doraHaiUra="108" who="1" fromWho="1" sc="265,-27,225,75,255,-14,235,-14" /><INIT seed="1,0,0,5,2,50" ten="238,300,241,221" oya="1" hai0="29,23,9,115,61,17,16,116,91,35,12,37,3" hai1="74,44,34,121,55,82,30,27,117,48,56,33,111" hai2="45,13,52,71,28,119,134,42,89,128,87,96,66" hai3="22,4,106,78,49,68,103,129,47,73,110,64,60"/><U133/><E117/><V100/><F119/><W125/><G110/><T84/><D116/><U120/><E133/><V10/><F134/><W76/><G129/><T51/><D115/><U112/><E112/><V123/><F123/><W7/><G125/><T59/><D37/><U102/><E111/><V113/><F128/><W93/><G106/><T98/><D35/><U83/><E102/><V39/><F28/><W11/><G22/><T86/><D29/><U88/><E33/><V31/><F31/><W58/><G68/><T20/><D51/><U19/><E19/><V94/><F66/><W8/><G73/><T1/><D98/><U127/><E127/><V5/><F71/><W122/><G122/><T54/><D9/><N who="3" m="3657" /><G93/><T114/><D114/><U77/><E83/><V104/><REACH who="2" step="1"/><F113/><REACH who="2" ten="238,300,231,221" step="2"/><W53/><G103/><T24/><REACH who="0" step="1"/><D84/><REACH who="0" ten="228,300,231,221" step="2"/><U85/><E120/><V118/><F118/><W32/><G32/><T21/><D21/><U131/><E121/><V101/><F101/><W135/><G135/><T0/><D0/><U132/><E131/><V40/><F40/><W107/><G107/><T72/><D72/><U92/><REACH who="1" step="1"/><E132/><REACH who="1" ten="228,290,231,221" step="2"/><V108/><F108/><W95/><G95/><AGARI ba="0,3" hai="1,3,12,16,17,20,23,24,54,59,61,86,91,95" machi="95" ten="30,7700,0" yaku="1,1,7,1,52,1,54,1,53,0" doraHai="50" doraHaiUra="75" who="0" fromWho="3" sc="228,107,290,0,231,0,221,-77" /><INIT seed="2,0,0,0,4,51" ten="335,290,231,144" oya="2" hai0="130,15,63,127,118,48,117,97,94,10,71,54,77" hai1="74,133,93,31,134,56,60,67,3,14,104,96,115" hai2="29,23,52,44,113,68,12,42,76,7,82,61,69" hai3="35,40,30,129,88,83,75,109,95,132,108,22,120"/><V34/><F113/><W20/><G120/><T45/><D127/><U43/><E115/><V13/><F34/><W123/><G123/><T27/><D130/><U53/><E3/><V47/><F69/><W135/><G40/><T24/><D77/><U37/><E74/><V8/><F68/><W59/><G35/><T81/><D81/><U110/><E104/><V91/><F91/><W64/><G64/><N who="0" m="41375" /><D15/><U99/><E110/><N who="3" m="42602" /><G30/><T128/><D10/><U25/><E14/><V18/><F29/><W70/><G70/><T89/><D128/><U57/><E43/><V21/><F21/><W124/><G59/><T102/><D102/><U126/><E37/><V92/><F92/><W41/><G41/><T111/><D111/><U78/><E78/><V114/><F114/><W79/><G129/><T122/><D122/><U98/><E126/><V125/><F125/><W5/><G5/><T46/><D46/><U65/><E93/><V80/><F76/><W4/><G4/><T112/><D112/><U17/><E17/><V72/><F72/><W121/><G124/><T36/><D36/><U85/><E56/><N who="2" m="34951" /><F42/><W6/><G6/><T28/><D28/><U26/><E31/><V9/><F23/><N who="3" m="8747" /><G121/><T119/><AGARI ba="0,0" hai="24,27,45,48,54,89,94,97,117,118,119" m="41375" machi="119" ten="30,2000,0" yaku="12,1,52,1" doraHai="51" who="0" fromWho="0" sc="335,20,290,-5,231,-10,144,-5" /><INIT seed="3,0,0,4,1,84" ten="355,285,221,139" oya="3" hai0="64,86,60,19,52,32,75,10,110,100,94,105,11" hai1="35,25,128,96,74,79,92,111,76,15,93,65,72" hai2="50,39,53,5,88,63,9,78,121,41,83,108,113" hai3="120,18,90,59,12,20,27,36,40,117,4,49,127"/><W61/><G120/><T6/><D32/><U77/><E65/><V131/><F113/><W58/><G117/><T48/><D75/><N who="1" m="28715" /><E15/><V24/><F108/><W99/><G127/><T132/><D132/><U51/><E51/><V81/><F131/><W34/><G36/><T115/><D110/><U129/><E25/><V56/><F121/><W3/><G3/><T97/><D115/><U45/><E45/><N who="2" m="25903" /><F39/><W119/><G119/><T31/><D31/><U109/><E35/><V125/><F125/><W130/><G130/><N who="1" m="50282" /><E93/><V37/><F37/><W67/><G34/><T82/><D6/><U1/><E1/><V122/><F78/><W133/><G133/><T135/><D135/><U2/><E2/><V0/><F0/><W116/><G116/><T112/><D112/><U80/><E80/><V98/><F122/><W54/><G40/><T66/><D19/><U23/><E23/><V107/><F107/><W57/><G4/><T124/><D105/><U95/><E95/><N who="2" m="56679" /><F24/><W7/><G7/><T26/><D26/><U21/><E21/><V43/><F43/><W14/><REACH who="3" step="1"/><G59/><REACH who="3" ten="355,285,221,129" step="2"/><N who="0" m="36895" /><D124/><U22/><E111/><V87/><F5/><W69/><G69/><T106/><D106/><U114/><E114/><V89/><F9/><W103/><G103/><T30/><D10/><U38/><E38/><V91/><F83/><W55/><G55/><T71/><D11/><U126/><E126/><V73/><F81/><W17/><G17/><T101/><D71/><U70/><E70/><V104/><F53/><W13/><G13/><T123/><D52/><U62/><E109/><V118/><F56/><RYUUKYOKU ba="0,1" sc="355,-10,285,-10,221,-10,129,30" hai3="12,14,18,20,27,49,54,57,58,61,67,90,99" /><INIT seed="3,1,1,4,4,5" ten="345,275,211,159" oya="3" hai0="25,68,92,105,43,75,125,26,18,115,14,21,71" hai1="87,0,54,129,72,132,135,85,124,117,113,19,99" hai2="82,122,27,55,51,4,128,78,58,2,63,88,107" hai3="84,10,81,67,93,91,30,76,108,24,80,57,32"/><W37/><G37/><T89/><D105/><U103/><E113/><V17/><F107/><W134/><G134/><N who="1" m="51242" /><E0/><V49/><F128/><W1/><G108/><T46/><D75/><U118/><E54/><V74/><F122/><W59/><G67/><T104/><D104/><N who="1" m="63615" /><E19/><V12/><F27/><W29/><G29/><T96/><D115/><U94/><E129/><V111/><F111/><W36/><G36/><T116/><D116/><N who="1" m="44651" /><E124/><V66/><F4/><W8/><G80/><T15/><D125/><U50/><E50/><V102/><F2/><W39/><G39/><T9/><D25/><U97/><E72/><V3/><F3/><W126/><G126/><T65/><D65/><U83/><E83/><V52/><F55/><W40/><G40/><T62/><D62/><U45/><E45/><V98/><F66/><W114/><G114/><T73/><D73/><U16/><E16/><V131/><F131/><W7/><REACH who="3" step="1"/><G10/><REACH who="3" ten="345,275,211,149" step="2"/><T31/><D15/><U101/><AGARI ba="1,2" hai="85,87,94,97,101" m="44651,63615,51242" machi="101" ten="30,7900,0" yaku="20,1,12,1,34,2" doraHai="5" who="1" fromWho="1" sc="345,-21,275,102,211,-21,149,-40" owari="324,12.4,377,47.7,190,-21.0,109,-39.1" /></mjloggm>