<mjloggm ver="2.3"><GO type="225" lobby="0"/><UN n0="%E3%83%87%E3%83%A9%E3%82%B3%E3%83%83%E3%82%B3" n1="%E3%81%AF%E3%82%88%E3%81%8A%E3%81%98%E3%81%95%E3%82%93" n2="%73%75%7A%75%72%61%6E%65" n3="%E4%BE%BF%E6%89%80" dan="16,17,16,16" rate="2166.66,2203.28,2043.00,2076.91" sx="M,M,M,M"/><TAIKYOKU oya="0"/><INIT seed="0,0,0,4,2,67" ten="250,250,250,250" oya="0" hai0="72,59,87,116,126,56,46,43,5,70,118,113,121" hai1="25,95,69,38,12,2,47,103,9,104,10,53,74" hai2="28,31,35,99,63,125,114,120,108,105,96,26,101" hai3="15,33,19,0,131,100,40,78,60,20,80,97,61"/><T27/><D121/><U22/><E74/><V6/><F114/><W24/><G0/><T98/><D113/><U8/><E104/><V18/><F120/><W36/><G131/><T109/><D72/><U134/><E134/><V58/><F108/><W55/><G36/><T42/><D109/><U51/><E2/><V49/><F125/><W30/><G40/><T110/><D110/><U123/><E38/><V32/><F6/><W84/><REACH who="3" step="1"/><G55/><REACH who="3" ten="250,250,250,240" step="2"/><T71/><D126/><U90/><E123/><V17/><F32/><W48/><G48/><T54/><D54/><U7/><E51/><V76/><F49/><W127/><G127/><T122/><D122/><U124/><E53/><V89/><F35/><W3/><G3/><T119/><D42/><U93/><E124/><V11/><F63/><W75/><G75/><T106/><D43/><U77/><E47/><V135/><F135/><W73/><G73/><T45/><D118/><U92/><E7/><V85/><F105/><AGARI ba="0,1" hai="15,19,20,24,30,33,60,61,78,80,84,97,100,105" machi="105" ten="30,2000,0" yaku="1,1,7,1,53,0" doraHai="67" doraHaiUra="129" who="3" fromWho="2" sc="250,0,250,0,250,-20,240,30" /><INIT seed="1,0,0,0,0,40" ten="250,250,230,270" oya="1" hai0="63,132,106,62,129,77,92,86,114,115,85,102,131" hai1="2,1,20,42,95,46,25,21,87,19,105,135,109" hai2="99,100,130,37,133,118,66,84,96,91,9,123,128" hai3="7,90,125,3,29,45,54,127,35,60,41,76,28"/><U120/><E105/><V112/><F37/><W16/><G76/><T48/><D48/><U98/><E120/><V111/><F118/><W39/><G90/><N who="0" m="53327" /><D62/><U78/><E135/><V73/><F66/><W12/><G7/><T70/><D63/><U119/><E119/><V11/><F123/><W8/><G3/><T80/><D70/><U116/><E116/><V108/><F73/><W53/><G35/><T64/><D64/><U51/><E109/><N who="2" m="42059" /><F133/><W10/><G10/><N who="2" m="3593" /><F112/><N who="0" m="43050" /><D132/><U94/><E1/><V113/><F113/><W97/><G97/><AGARI ba="0,0" hai="77,80,86,97,102,106,129,131" m="43050,53327" machi="97" ten="30,2000,0" yaku="34,2" doraHai="40" who="0" fromWho="3" sc="250,20,250,0,230,0,270,-20" /><INIT seed="2,0,0,2,5,13" ten="270,250,230,250" oya="2" hai0="8,35,105,55,20,131,50,70,116,46,102,134,47" hai1="113,17,36,51,110,31,65,93,94,28,54,63,86" hai2="10,92,18,34,97,127,44,98,67,81,71,115,112" hai3="48,62,61,58,7,108,123,52,135,77,45,107,72"/><V23/><F34/><W40/><G107/><T111/><D35/><U117/><E113/><V99/><F127/><W82/><G123/><T2/><D70/><U84/><E36/><V132/><F132/><W87/><G135/><T12/><D134/><U126/><E117/><V66/><F10/><W74/><G108/><T37/><D111/><U133/><E110/><V5/><F5/><W56/><REACH who="3" step="1"/><G7/><REACH who="3" ten="270,250,230,240" step="2"/><T109/><D109/><U101/><E133/><V91/><F71/><W1/><G1/><T85/><D2/><U53/><E126/><V95/><F115/><W27/><G27/><T69/><D105/><U30/><E101/><V73/><F112/><W89/><G89/><T122/><D69/><U130/><E130/><V124/><F124/><W19/><G19/><T32/><D102/><U15/><E30/><V80/><F73/><W39/><G39/><T114/><D37/><U22/><E28/><V76/><F76/><W26/><G26/><T96/><D122/><U24/><E24/><N who="2" m="14455" /><F44/><W118/><G118/><T119/><D47/><U125/><E31/><V120/><F120/><W42/><G42/><T129/><D114/><U0/><E0/><V3/><F3/><W57/><G57/><T83/><D119/><U21/><E125/><V68/><F68/><W49/><G49/><T33/><D116/><U41/><E41/><V29/><F29/><W9/><G9/><T38/><D38/><U90/><E51/><V4/><F4/><W25/><G25/><T16/><D8/><U103/><E17/><V14/><F91/><W79/><G79/><T128/><D131/><RYUUKYOKU ba="0,1" sc="270,-10,250,-10,230,-10,240,30" hai3="40,45,48,52,56,58,61,62,72,74,77,82,87" /><INIT seed="3,1,1,5,5,92" ten="260,240,220,270" oya="3" hai0="44,76,53,47,125,56,61,124,77,134,15,38,74" hai1="131,113,3,33,63,101,130,41,49,32,36,34,10" hai2="110,45,75,94,127,133,25,79,48,111,71,8,14" hai3="20,50,78,13,108,116,5,12,129,135,132,118,120"/><W58/><G78/><N who="0" m="30315" /><D74/><U64/><E113/><V37/><F37/><W86/><G86/><T31/><D134/><N who="3" m="51241" /><G58/><T106/><D106/><U98/><E36/><V121/><F121/><W88/><G88/><T40/><D31/><U23/><E23/><V16/><F133/><W66/><G50/><T17/><D38/><U100/><E41/><V6/><F71/><W128/><G66/><T82/><D40/><U30/><E30/><V126/><F94/><W114/><G114/><T80/><D125/><N who="2" m="47626" /><F25/><W42/><G42/><T89/><D124/><U93/><E49/><V24/><F24/><W102/><G102/><T19/><D19/><U4/><REACH who="1" step="1"/><E101/><REACH who="1" ten="260,230,220,270" step="2"/><V84/><F75/><W26/><G120/><T60/><D60/><U22/><E22/><N who="2" m="11543" /><F79/><W59/><G20/><N who="0" m="11327" /><D89/><U73/><E73/><V123/><F123/><W27/><G27/><T35/><D35/><U68/><AGARI ba="1,2" hai="3,4,10,32,33,34,63,64,68,93,98,100,130,131" machi="68" ten="40,5200,0" yaku="1,1,0,1,52,1,53,0" doraHai="92" doraHaiUra="55" who="1" fromWho="1" sc="260,-14,230,75,220,-14,270,-27" owari="246,4.6,305,40.5,206,-29.4,243,-15.7" /></mjloggm>