<mjloggm ver="2.3"><GO type="225" lobby="0"/><UN n0="%E3%83%9D%E3%83%B3%E3%83%9D%E3%82%B3%E5%95%86%E4%BA%8B" n1="%E3%81%82%E3%81%B9%E3%81%99%E3%81%91" n2="%E7%AB%8B%E8%8A%B1%E9%9F%BF" n3="%48%61%61%61%6C%61%6E%64" dan="16,16,17,18" rate="2129.67,2083.31,2131.12,2221.08" sx="M,M,F,M"/><TAIKYOKU oya="0"/><INIT seed="0,0,0,0,1,72" ten="250,250,250,250" oya="0" hai0="1,75,8,11,87,27,102,17,73,108,6,10,63" hai1="20,96,68,132,2,113,93,13,15,42,86,30,39" hai2="112,62,74,34,97,55,51,130,117,104,88,90,100" hai3="46,59,60,116,38,12,56,133,3,67,22,4,35"/><T121/><D121/><U129/><E2/><V98/><F112/><W79/><G35/><T81/><D102/><U125/><E68/><V95/><F34/><W105/><G116/><T71/><D108/><U40/><E113/><V82/><F117/><W53/><G105/><T120/><D120/><U94/><E132/><V57/><F130/><W49/><G133/><T76/><D11/><U7/><E129/><V99/><F62/><W45/><G3/><T119/><D119/><U9/><E39/><V83/><REACH who="2" step="1"/><F74/><REACH who="2" ten="250,250,240,250" step="2"/><W0/><G60/><T110/><D110/><U43/><E125/><V58/><F58/><W31/><G59/><T33/><D33/><U50/><E50/><V32/><F32/><W23/><G56/><T29/><D75/><U115/><E115/><V122/><F122/><W80/><G49/><T21/><D73/><U69/><E69/><V107/><F107/><W41/><G38/><T114/><D114/><U64/><E64/><V24/><F24/><W127/><G67/><T65/><REACH who="0" step="1"/><D10/><REACH who="0" ten="240,250,240,250" step="2"/><U123/><E9/><V77/><F77/><W52/><G79/><T5/><D5/><U36/><E7/><V25/><F25/><W106/><G4/><T70/><D70/><U26/><E123/><V92/><AGARI ba="0,2" hai="51,55,57,82,83,88,90,92,95,97,98,99,100,104" machi="92" ten="30,7900,0" yaku="1,1,0,1,9,1,54,1,53,0" doraHai="72" doraHaiUra="135" who="2" fromWho="2" sc="240,-39,250,-20,240,99,250,-20" /><INIT seed="1,0,0,5,4,108" ten="201,230,339,230" oya="1" hai0="3,87,82,109,88,101,9,61,78,2,113,77,130" hai1="122,70,64,75,123,15,126,76,34,95,94,93,1" hai2="0,99,21,27,22,134,91,106,57,96,124,4,89" hai3="20,105,55,66,43,33,48,51,84,81,111,19,119"/><U131/><E1/><V52/><F134/><W36/><G111/><T97/><D109/><U72/><E34/><V115/><F124/><W74/><G33/><T127/><D127/><U90/><E15/><V100/><F115/><W25/><G105/><T37/><D37/><U117/><E64/><V23/><F27/><W83/><G119/><T44/><D130/><U63/><E63/><V28/><F28/><W38/><G66/><T102/><D102/><U125/><E70/><V92/><F4/><W13/><G74/><N who="1" m="28202" /><E117/><V128/><F0/><W24/><G38/><T112/><D44/><U114/><E76/><V60/><REACH who="2" step="1"/><F91/><REACH who="2" ten="201,230,329,230" step="2"/><W12/><G25/><T56/><D2/><U71/><E114/><V46/><F46/><W135/><G135/><T133/><D133/><U68/><E90/><V6/><F6/><W17/><G24/><T104/><D77/><U42/><E126/><V129/><AGARI ba="0,1" hai="21,22,23,52,57,60,89,92,96,99,100,106,128,129" machi="129" ten="30,4000,0" yaku="1,1,0,1,54,1,53,0" doraHai="108" doraHaiUra="116" who="2" fromWho="2" sc="201,-10,230,-20,329,50,230,-10" /><INIT seed="2,0,0,0,2,94" ten="191,210,379,220" oya="2" hai0="115,39,68,32,65,1,110,17,86,72,96,106,20" hai1="126,69,75,3,15,113,60,133,83,18,88,134,70" hai2="76,97,81,56,103,19,21,102,4,124,120,41,34" hai3="128,26,54,52,131,109,28,129,77,44,14,122,71"/><V16/><F120/><W87/><G122/><T107/><D72/><U82/><E113/><V114/><F114/><W125/><G109/><T108/><D32/><U58/><E3/><V100/><F34/><W85/><G125/><T64/><D1/><U99/><E126/><V57/><F124/><W111/><G111/><N who="0" m="42539" /><D39/><U117/><E117/><V42/><F4/><W105/><G71/><T29/><D29/><U48/><E48/><V25/><F97/><W116/><G116/><T93/><D86/><N who="3" m="32777" /><G77/><T31/><D31/><U38/><E38/><V123/><F123/><W101/><G14/><N who="0" m="9271" /><D115/><U47/><E75/><V40/><REACH who="2" step="1"/><F19/><REACH who="2" ten="191,210,369,220" step="2"/><W91/><G129/><T2/><D2/><U80/><E15/><V92/><F92/><W7/><G131/><T84/><D107/><U53/><E18/><V50/><F50/><W121/><G128/><T98/><D106/><U63/><E63/><V23/><F23/><W132/><G121/><T55/><D68/><U112/><E70/><V5/><F5/><W49/><G7/><T59/><D93/><N who="1" m="56743" /><E112/><V61/><F61/><W89/><G105/><T13/><D13/><U8/><E69/><V30/><F30/><W24/><G28/><T104/><D104/><U11/><E60/><V10/><F10/><W33/><G33/><T45/><D65/><U95/><E11/><V6/><F6/><W22/><G22/><T127/><D64/><U73/><E8/><V0/><F0/><W67/><G67/><T79/><D127/><U118/><E118/><V12/><F12/><W35/><G35/><T135/><D98/><U90/><E95/><RYUUKYOKU ba="0,1" sc="191,-10,210,-10,369,30,220,-10" hai2="16,21,25,40,41,42,56,57,76,81,100,102,103" /><INIT seed="2,1,1,5,3,49" ten="181,200,399,210" oya="2" hai0="95,41,89,56,135,54,114,122,57,33,131,86,79" hai1="124,132,31,19,35,84,77,87,102,25,106,28,23" hai2="38,69,45,129,118,130,100,18,90,36,73,76,27" hai3="119,24,51,26,96,94,50,53,107,17,121,88,1"/><V93/><F118/><W81/><G119/><T64/><D114/><U116/><E116/><V92/><F69/><W21/><G121/><T123/><D33/><U133/><E124/><V16/><F76/><W44/><G1/><T37/><D135/><N who="1" m="51787" /><E77/><V40/><F73/><W9/><G9/><T34/><D34/><U39/><E39/><V82/><F38/><W61/><G107/><T103/><D131/><N who="2" m="50186" /><F27/><N who="3" m="14767" /><G61/><T67/><D79/><U22/><E22/><V125/><F125/><W85/><G50/><T47/><D103/><AGARI ba="1,1" hai="24,26,44,51,53,81,85,88,94,96,103" m="14767" machi="103" ten="30,3900,0" yaku="8,1,52,1,54,1" doraHai="49" who="3" fromWho="0" sc="181,-42,200,0,399,0,210,52" /><INIT seed="3,0,0,4,4,19" ten="139,200,399,262" oya="3" hai0="35,7,90,2,110,69,30,97,25,13,64,20,4" hai1="74,92,84,85,72,33,127,119,67,88,45,108,82" hai2="44,17,104,21,22,52,11,118,133,55,40,77,78" hai3="98,5,47,130,32,18,12,49,68,16,73,62,66"/><W132/><G73/><N who="1" m="28266" /><E67/><V117/><F104/><W113/><G113/><T60/><D110/><U46/><E33/><V65/><F133/><W123/><G132/><T107/><D2/><U15/><E15/><N who="2" m="7423" /><F65/><W80/><G123/><T43/><D43/><U70/><E70/><V87/><F118/><W31/><G80/><T83/><D83/><U89/><E46/><V114/><F114/><W95/><G130/><T50/><D50/><U59/><E59/><V0/><F0/><W91/><G31/><T63/><D63/><U24/><E24/><V81/><F78/><W39/><G32/><T56/><D56/><U29/><E29/><V106/><F106/><W101/><G39/><T79/><D79/><N who="1" m="46175" /><E45/><V75/><F75/><W53/><G5/><T28/><D90/><N who="1" m="53327" /><E127/><V126/><F126/><W131/><G131/><T37/><D37/><U122/><E122/><V112/><F117/><W48/><G48/><T125/><D125/><U120/><E120/><V1/><F1/><W26/><G26/><T8/><D30/><U124/><E124/><V23/><F112/><W51/><G51/><AGARI ba="0,0" hai="21,22,23,40,44,51,52,55,77,81,87" m="7423" machi="51" ten="30,8000,1" yaku="8,1,52,3,54,1" doraHai="19" who="2" fromWho="3" sc="139,0,200,0,399,80,262,-80" owari="139,-36.1,200,0.0,479,57.9,182,-21.8" /></mjloggm>