<mjloggm ver="2.3"><GO type="225" lobby="0"/><UN n0="%72%69%6F%75%63%68%61%6E" n1="%E6%80%AA%E3%81%97%E3%81%99%E3%81%8E%E3%82%8B%E3%83%81%E3%83%BC" n2="%6E%65%6F%E3%82%BD%E3%83%83%E3%82%AF%E3%82%B9%E2%99%AA" n3="%6D%75%75%6D%75%72%61" dan="17,17,16,16" rate="2259.93,2181.65,2154.46,2084.90" sx="M,M,M,F"/><TAIKYOKU oya="0"/><INIT seed="0,0,0,4,5,19" ten="250,250,250,250" oya="0" hai0="135,79,106,86,97,55,37,71,47,22,69,60,14" hai1="95,66,98,43,26,64,7,51,75,50,27,65,124" hai2="90,42,67,109,128,130,38,54,21,84,123,126,111" hai3="25,39,12,10,5,132,28,6,61,73,8,121,40"/><T101/><D135/><U131/><E75/><V134/><F123/><W44/><G121/><T116/><D116/><U56/><E131/><N who="2" m="50219" /><F134/><W78/><G132/><T48/><D37/><U1/><E124/><V59/><F126/><W81/><G61/><T80/><REACH who="0" step="1"/><D60/><REACH who="0" ten="240,250,250,250" step="2"/><U11/><E50/><V83/><F111/><W52/><G52/><T31/><D31/><U127/><E127/><V62/><F109/><W49/><G39/><T36/><D36/><U108/><E108/><V122/><F122/><W23/><REACH who="3" step="1"/><G8/><REACH who="3" ten="240,250,250,240" step="2"/><T45/><D45/><U35/><E11/><V74/><F38/><W18/><AGARI ba="0,2" hai="5,6,10,12,18,23,25,28,40,44,49,73,78,81" machi="18" ten="20,12000,2" yaku="1,1,2,1,0,1,7,1,52,1,53,1" doraHai="19" doraHaiUra="4" who="3" fromWho="3" sc="240,-60,250,-30,250,-30,240,140" /><INIT seed="1,0,0,1,3,56" ten="180,220,220,380" oya="1" hai0="80,112,37,61,33,123,30,32,130,6,25,58,88" hai1="101,1,62,83,122,35,67,127,38,7,3,8,77" hai2="131,26,19,57,124,85,106,39,14,102,134,90,50" hai3="53,115,29,51,5,100,34,49,18,68,97,125,2"/><U23/><E122/><V71/><F39/><W107/><G115/><T54/><D112/><U113/><E113/><V0/><F71/><W46/><G125/><T31/><D123/><U104/><E127/><V99/><F0/><W75/><G68/><T103/><D130/><U76/><E35/><V16/><F124/><W119/><G75/><T133/><D133/><U129/><E129/><V89/><F134/><W128/><G128/><T72/><D37/><U13/><E38/><V11/><F131/><W95/><G119/><T121/><D121/><U59/><E23/><V98/><F99/><W66/><G66/><T69/><D103/><U20/><E20/><V24/><F19/><W36/><G36/><T40/><D40/><U114/><E114/><V94/><REACH who="2" step="1"/><F89/><REACH who="2" ten="180,220,210,380" step="2"/><W64/><G18/><T10/><D69/><U12/><E3/><V4/><F4/><W78/><G97/><T81/><D88/><U84/><REACH who="1" step="1"/><E77/><REACH who="1" ten="180,210,210,380" step="2"/><V120/><F120/><W17/><G78/><T21/><D31/><U55/><E55/><AGARI ba="0,2" hai="11,14,16,24,26,50,55,57,85,90,94,98,102,106" machi="55" ten="40,5200,0" yaku="1,1,54,1,53,1" doraHai="56" doraHaiUra="87" who="2" fromWho="1" sc="180,0,210,-52,210,72,380,0" /><INIT seed="2,0,0,1,1,61" ten="180,158,282,380" oya="2" hai0="27,94,87,17,114,135,13,66,78,32,70,124,77" hai1="88,56,48,18,45,111,71,65,120,131,33,12,74" hai2="108,16,52,3,4,20,79,6,127,128,82,75,49" hai3="26,2,93,38,24,123,40,31,29,63,76,34,37"/><V101/><F127/><W113/><G123/><T36/><D114/><U47/><E33/><V102/><F128/><W0/><G113/><T50/><D36/><U81/><E71/><V62/><F108/><W85/><G63/><T60/><D124/><U107/><E107/><V117/><F117/><W99/><G76/><T125/><D125/><U15/><E111/><V80/><F62/><W129/><G85/><T7/><D135/><U72/><E131/><V19/><F82/><W8/><G129/><T21/><D50/><U132/><E132/><V86/><F75/><W104/><G104/><T96/><D87/><N who="1" m="50287" /><E120/><V51/><F51/><W100/><G40/><T119/><D119/><U134/><E134/><V126/><F3/><W53/><G53/><T68/><D68/><U122/><E122/><V55/><F55/><W14/><G38/><T30/><REACH who="0" step="1"/><D7/><REACH who="0" ten="170,158,282,380" step="2"/><N who="2" m="2602" /><F126/><W58/><G37/><T91/><AGARI ba="0,1" hai="13,17,21,27,30,32,60,66,70,77,78,91,94,96" machi="91" ten="20,5200,0" yaku="1,1,0,1,7,1,52,1,53,0" doraHai="61" doraHaiUra="35" who="0" fromWho="0" sc="170,62,158,-13,282,-26,380,-13" /><INIT seed="3,0,0,1,1,17" ten="232,145,256,367" oya="3" hai0="114,20,71,58,91,101,61,14,42,105,0,6,108" hai1="31,122,106,45,4,115,55,35,73,40,78,56,59" hai2="32,21,44,119,47,15,113,102,127,57,26,103,66" hai3="29,43,7,128,112,86,89,134,48,77,84,62,11"/><W79/><G112/><T53/><D108/><U22/><E115/><V130/><F113/><W88/><G134/><T132/><D114/><U69/><E122/><V54/><F119/><W97/><G97/><T92/><D132/><U126/><E69/><V8/><F32/><W60/><G29/><T37/><D105/><U121/><E121/><V46/><F130/><W120/><G43/><T90/><D0/><U1/><E35/><V13/><F127/><W51/><G11/><T135/><D135/><U109/><E106/><V23/><F66/><W30/><G30/><T19/><D6/><U49/><E109/><V64/><F64/><W111/><G120/><T18/><D71/><U100/><E126/><V74/><F74/><W117/><G7/><T129/><D129/><U85/><E73/><V38/><F38/><W50/><G50/><T107/><D107/><U5/><E100/><N who="2" m="38443" /><F26/><W80/><G111/><T25/><D42/><U2/><E1/><V75/><F75/><W87/><G87/><T67/><D37/><U9/><E4/><N who="2" m="3207" /><F15/><W116/><G128/><T3/><D3/><U93/><E40/><V82/><F82/><AGARI ba="0,0" hai="48,51,60,62,77,79,80,82,84,86,88,89,116,117" machi="82" ten="25,4800,0" yaku="22,2,54,1" doraHai="17" who="3" fromWho="2" sc="232,0,145,0,256,-48,367,48" owari="232,3.2,145,-35.5,208,-19.2,415,51.5" /></mjloggm>