<mjloggm ver="2.3"><GO type="225" lobby="0"/><UN n0="%E7%B4%94%E6%BD%94%E3%83%94%E3%83%A9%E3%83%8B%E3%82%A2" n1="%E3%81%A9%E3%82%8F%E3%82%93%E3%81%94" n2="%E6%9D%B1%E9%A2%A8%E3%81%AE%E3%81%8D%E3%82%83%E3%81%B7%E3%81%95%E3%82%93" n3="%E3%81%B5%E3%81%98%E3%81%8B%E3%81%A4" dan="16,16,17,16" rate="2128.84,2078.47,2233.22,2227.89" sx="M,M,M,M"/><TAIKYOKU oya="0"/><INIT seed="0,0,0,1,2,11" ten="250,250,250,250" oya="0" hai0="131,27,7,29,92,32,119,59,78,93,36,60,1" hai1="17,126,31,129,34,33,2,61,114,54,8,99,105" hai2="0,135,72,42,23,19,125,5,107,24,112,79,39" hai3="96,101,116,94,102,77,127,28,16,89,91,106,55"/><T80/><D119/><U124/><E105/><V111/><F107/><W133/><G116/><T9/><D36/><U40/><E99/><V122/><F122/><W62/><G28/><T63/><D131/><U56/><E40/><V26/><F112/><W100/><G127/><N who="1" m="48682" /><E129/><V76/><F125/><W65/><G133/><T83/><D60/><U49/><E114/><V47/><F135/><W45/><G77/><T46/><D46/><N who="1" m="27959" /><E31/><V123/><F123/><W113/><G113/><T84/><REACH who="0" step="1"/><D80/><REACH who="0" ten="240,250,250,250" step="2"/><U110/><E61/><V120/><F120/><W134/><G134/><T67/><AGARI ba="0,1" hai="1,7,9,27,29,32,59,63,67,78,83,84,92,93" machi="67" ten="20,12000,1" yaku="1,1,2,1,0,1,7,1,53,1" doraHai="11" doraHaiUra="82" who="0" fromWho="0" sc="240,130,250,-40,250,-40,250,-40" /><INIT seed="0,1,0,4,0,60" ten="370,210,210,210" oya="0" hai0="36,8,102,34,12,19,50,30,80,125,84,15,78" hai1="46,99,101,9,40,76,22,123,118,65,39,49,117" hai2="29,41,88,103,104,111,48,93,66,53,5,108,20" hai3="27,96,131,0,121,3,115,72,45,7,31,79,87"/><T18/><D36/><U128/><E123/><V130/><F41/><W69/><G115/><T2/><D125/><U23/><E76/><V52/><F5/><W6/><G131/><T75/><D2/><U64/><E128/><V135/><F130/><W124/><G121/><T73/><D102/><U1/><E39/><V98/><F135/><W82/><G124/><T28/><D50/><U61/><E1/><V89/><F29/><W56/><G96/><T10/><REACH who="0" step="1"/><D30/><REACH who="0" ten="360,210,210,210" step="2"/><U116/><E116/><V112/><F112/><W17/><G31/><T54/><D54/><U35/><E118/><V81/><F53/><W85/><G3/><T95/><D95/><U14/><E117/><V13/><F93/><W70/><G0/><T134/><D134/><U119/><E119/><V67/><F81/><W59/><G82/><T109/><D109/><N who="2" m="42058" /><F48/><W92/><G92/><T43/><D43/><U63/><E101/><V26/><F52/><W106/><G106/><T90/><D90/><N who="2" m="34922" /><F26/><AGARI ba="1,1" hai="8,10,12,15,18,19,26,28,34,73,75,78,80,84" machi="26" ten="40,7700,0" yaku="1,1,9,1,53,1" doraHai="60" doraHaiUra="83" who="0" fromWho="2" sc="360,90,210,0,210,-80,210,0" /><INIT seed="0,2,0,1,0,47" ten="450,210,130,210" oya="0" hai0="39,125,25,57,35,18,12,20,126,129,74,68,95" hai1="51,78,90,0,45,119,104,26,62,80,77,87,99" hai2="108,43,11,131,56,2,5,70,122,44,50,72,42" hai3="132,34,100,59,123,37,41,48,93,73,69,101,29"/><T1/><D68/><U67/><E119/><V121/><F70/><W133/><G73/><T14/><D39/><U55/><E0/><V118/><F118/><W16/><G69/><T30/><D74/><U134/><E134/><V128/><F72/><W85/><G37/><T86/><D129/><N who="2" m="49738" /><F108/><W65/><G34/><T4/><D57/><U91/><E26/><V23/><F23/><W53/><G29/><T102/><D102/><U60/><E104/><V98/><F98/><W10/><G41/><T113/><D113/><U46/><E46/><N who="2" m="25943" /><F56/><W82/><G65/><T33/><D86/><U97/><E67/><V36/><AGARI ba="2,0" hai="2,5,11,36,43,44,121,122" m="25943,49738" machi="36" ten="30,2000,0" yaku="19,1,52,1" doraHai="47" who="2" fromWho="2" sc="450,-12,210,-7,130,26,210,-7" /><INIT seed="1,0,0,1,2,90" ten="438,203,156,203" oya="1" hai0="11,16,113,124,129,84,135,110,85,119,28,48,82" hai1="89,29,5,35,128,115,134,12,116,69,95,23,127" hai2="93,56,39,15,3,46,107,10,64,79,125,92,133" hai3="36,120,49,62,103,122,78,76,4,109,106,91,71"/><U97/><E116/><V50/><F107/><W31/><G36/><T132/><D113/><U53/><E115/><V59/><F3/><W80/><G4/><T19/><D119/><U8/><E69/><V99/><F39/><W51/><G31/><T41/><D110/><U63/><E134/><N who="0" m="51241" /><D129/><U6/><E128/><V111/><F133/><W114/><G51/><T2/><D124/><U25/><E127/><V42/><F125/><W74/><G76/><N who="0" m="46151" /><D85/><U13/><E35/><V40/><F111/><W75/><G75/><T98/><D98/><U68/><E68/><V102/><F79/><W24/><G24/><T30/><D2/><U117/><E117/><V44/><F64/><N who="3" m="41367" /><G49/><T66/><D66/><U123/><E123/><V33/><F33/><W96/><G114/><T9/><D19/><N who="1" m="8583" /><E13/><V55/><F42/><W38/><G109/><T101/><D101/><U131/><E131/><V54/><F40/><W37/><G37/><T118/><D118/><U34/><E34/><V112/><F112/><W45/><G91/><T60/><D16/><U73/><E73/><V32/><F32/><W22/><G22/><T81/><D28/><U130/><E130/><V18/><REACH who="2" step="1"/><F92/><REACH who="2" ten="438,203,146,203" step="2"/><W86/><G120/><T87/><D81/><U121/><E121/><V58/><F58/><AGARI ba="0,1" hai="5,6,23,25,29,53,58,63,89,95,97" m="8583" machi="58" ten="30,2900,0" yaku="8,1,52,1" doraHai="90" who="1" fromWho="2" sc="438,0,203,39,146,-29,203,0" /><INIT seed="1,1,0,4,4,49" ten="438,242,117,203" oya="1" hai0="104,124,128,55,73,110,35,42,105,134,36,32,69" hai1="3,2,77,47,10,8,106,79,120,95,44,64,97" hai2="92,11,23,80,85,22,51,98,34,81,75,30,122" hai3="14,62,107,125,108,89,94,60,114,118,131,25,61"/><U135/><E120/><V16/><F122/><W57/><G114/><T27/><RYUUKYOKU type="yao9" ba="1,0" sc="438,0,242,0,117,0,203,0" hai0="27,32,35,36,42,55,69,73,104,105,110,124,128,134" /><INIT seed="1,2,0,2,1,3" ten="438,242,117,203" oya="1" hai0="23,62,58,8,99,132,75,6,37,51,28,134,1" hai1="82,20,21,108,85,13,66,34,22,79,131,113,53" hai2="52,78,44,33,83,12,119,15,98,72,130,112,2" hai3="27,126,30,69,76,0,54,38,94,121,95,96,101"/><U129/><E34/><V61/><F119/><W106/><G121/><T84/><D75/><U40/><E113/><V70/><F112/><W127/><G0/><T64/><D37/><U114/><E114/><V45/><F33/><N who="3" m="20703" /><G76/><T14/><D84/><U68/><E40/><V124/><F2/><W32/><G38/><T103/><D51/><U77/><E77/><V10/><F130/><N who="1" m="49673" /><E108/><V87/><F124/><N who="3" m="47659" /><G69/><T110/><D110/><U102/><E102/><V107/><F72/><W74/><G74/><T5/><D1/><U26/><E13/><V47/><F70/><W35/><G54/><T16/><D28/><N who="1" m="17479" /><E53/><V90/><F107/><W65/><G65/><T48/><D48/><U71/><E71/><V7/><F15/><W39/><G39/><T80/><D80/><U135/><E135/><N who="0" m="51753" /><D23/><U123/><E123/><V100/><F100/><W81/><G81/><T59/><D58/><U115/><E115/><V93/><REACH who="2" step="1"/><F61/><AGARI ba="2,0" hai="21,22,61,66,68,79,82,85" m="17479,49673" machi="61" ten="30,1500,0" yaku="19,1" doraHai="3" who="1" fromWho="2" sc="438,0,242,21,117,-21,203,0" /><INIT seed="1,3,0,1,5,25" ten="438,263,96,203" oya="1" hai0="44,32,40,36,87,106,134,65,89,117,98,114,11" hai1="75,28,123,17,59,2,125,63,76,3,69,50,22" hai2="86,10,71,31,91,18,107,131,8,73,67,37,95" hai3="54,113,127,52,99,42,43,111,55,109,133,23,29"/><U128/><E123/><V93/><F107/><W48/><G113/><T41/><D114/><U12/><E69/><V15/><F73/><W5/><G5/><T101/><D117/><U110/><E50/><V90/><F37/><W51/><G127/><T33/><D134/><U94/><E125/><V78/><F131/><W85/><G133/><T6/><D65/><U61/><E128/><V103/><F78/><W46/><G99/><T34/><D40/><N who="3" m="15401" /><G85/><T81/><D33/><U16/><E75/><V20/><F103/><W124/><G124/><T129/><D129/><U0/><E76/><V70/><F67/><W121/><G23/><T100/><D101/><U122/><E122/><V97/><REACH who="2" step="1"/><F8/><REACH who="2" ten="438,263,86,203" step="2"/><W68/><G121/><T82/><D11/><N who="1" m="6175" /><E110/><N who="3" m="41994" /><G68/><T60/><D106/><U83/><E2/><V27/><AGARI ba="3,1" hai="10,15,18,20,27,31,70,71,86,90,91,93,95,97" machi="27" ten="30,4000,0" yaku="1,1,0,1,52,1,53,0" doraHai="25" doraHaiUra="102" who="2" fromWho="2" sc="438,-13,263,-23,86,59,203,-13" /><INIT seed="2,0,0,2,1,131" ten="425,240,145,190" oya="2" hai0="14,101,74,135,124,66,47,76,73,16,109,58,23" hai1="28,12,86,104,98,87,116,83,99,49,120,11,96" hai2="32,26,48,29,128,41,0,75,127,5,39,133,50" hai3="1,42,15,88,57,27,21,107,34,22,4,33,110"/><V67/><F67/><W7/><G107/><T46/><D109/><U71/><E116/><V115/><F115/><W111/><G57/><T2/><D2/><U79/><E71/><V121/><F121/><W125/><G42/><T90/><D124/><U10/><E120/><V113/><F113/><W55/><G55/><T81/><D74/><U103/><E28/><V129/><F127/><W122/><G88/><T68/><D68/><U92/><E49/><V30/><F30/><N who="3" m="17783" /><G122/><T17/><D101/><N who="1" m="62527" /><E12/><V105/><F105/><W119/><G125/><T93/><D17/><U64/><E11/><N who="2" m="2471" /><F75/><W24/><G119/><T95/><D93/><N who="1" m="58767" /><E10/><V37/><F133/><W100/><G100/><T40/><D135/><U112/><E64/><V84/><F84/><W117/><G117/><T43/><D66/><U25/><E25/><V62/><F62/><W82/><G1/><T60/><D60/><U123/><E112/><V19/><F19/><N who="3" m="12351" /><G82/><T3/><D81/><U97/><E123/><V52/><F41/><W77/><G77/><T36/><D76/><U18/><E18/><V13/><F13/><W70/><G70/><T85/><D3/><U78/><E79/><V130/><F48/><W89/><G89/><AGARI ba="0,0" hai="78,83,86,87,89,92,97,98" m="58767,62527" machi="89" ten="30,8000,1" yaku="35,5" doraHai="131" who="1" fromWho="3" sc="425,0,240,80,145,0,190,-80" /><INIT seed="3,0,0,0,2,59" ten="425,320,145,110" oya="3" hai0="8,77,6,7,113,60,91,56,43,62,101,4,104" hai1="57,87,49,1,12,95,80,67,122,97,76,2,81" hai2="55,115,135,70,52,73,108,46,24,89,86,45,26" hai3="116,3,15,106,61,103,82,40,37,64,23,71,51"/><W100/><G116/><T124/><D113/><U0/><E122/><V132/><F73/><W111/><G3/><T72/><D124/><U68/><E68/><V74/><F70/><W16/><G111/><T134/><D134/><N who="2" m="51242" /><F74/><W35/><G35/><T13/><D43/><U39/><E39/><V102/><F102/><W21/><G37/><T119/><D119/><U42/><E80/><N who="2" m="49351" /><F115/><W36/><G36/><T83/><D91/><U63/><E2/><V75/><F75/><W38/><G38/><T34/><D34/><U48/><E48/><N who="2" m="28687" /><F108/><W79/><G106/><T5/><D56/><U9/><E95/><V10/><F10/><W20/><G103/><T17/><D17/><U32/><E97/><V126/><F126/><W130/><G100/><T33/><D33/><U128/><E128/><V14/><F14/><W44/><REACH who="3" step="1"/><G130/><REACH who="3" ten="425,320,145,100" step="2"/><T22/><D101/><U54/><E32/><V84/><F84/><AGARI ba="0,1" hai="15,16,20,21,23,40,44,51,61,64,71,79,82,84" machi="84" ten="30,12000,1" yaku="1,1,2,1,7,1,52,1,54,1,53,0" doraHai="59" doraHaiUra="121" who="3" fromWho="2" sc="425,0,320,0,145,-120,100,130" /><INIT seed="3,1,0,1,3,121" ten="425,320,25,230" oya="3" hai0="132,13,100,1,108,111,94,62,65,48,97,66,69" hai1="78,81,9,58,43,59,20,35,22,24,51,55,26" hai2="31,61,89,130,6,72,128,16,42,64,18,33,2" hai3="12,27,88,123,115,86,112,122,77,70,73,3,71"/><W50/><G3/><T104/><D1/><U53/><E35/><V11/><F72/><W114/><G27/><N who="1" m="10282" /><E43/><V87/><F42/><W80/><G12/><T46/><D132/><U83/><E9/><V40/><F40/><W117/><G117/><T116/><D116/><U129/><E129/><V82/><F31/><W47/><G123/><T57/><D13/><U34/><E34/><V54/><F33/><W29/><G29/><T14/><D14/><U25/><E78/><V85/><F85/><W90/><G122/><T19/><D19/><N who="1" m="12447" /><E22/><V45/><F54/><W75/><G75/><T99/><D66/><U37/><E37/><V127/><F45/><W101/><G101/><T74/><D74/><U113/><E113/><V120/><F120/><W96/><G96/><T93/><D69/><U92/><E92/><V110/><F127/><W4/><G4/><T106/><D106/><U28/><E28/><V84/><F84/><W63/><G73/><T52/><D104/><U91/><E91/><V79/><F89/><N who="3" m="34411" /><G63/><AGARI ba="1,0" hai="51,53,55,58,59,63,81,83" m="12447,10282" machi="63" ten="30,1000,0" yaku="8,1" doraHai="121" who="1" fromWho="3" sc="425,0,320,13,25,0,230,-13" owari="425,52.5,333,13.3,25,-47.5,217,-18.3" /></mjloggm>