<mjloggm ver="2.3"><GO type="225" lobby="0"/><UN n0="%E6%B8%A9%E2%98%85%E6%83%85%E2%98%85%E6%8E%AA%E2%98%85%E7%BD%AE" n1="%E7%AD%89%E3%80%85%E5%8A%9B%E5%8A%87%E5%A0%B4" n2="%43%68%65" n3="%E6%A1%9C%E8%8A%B1%E9%96%83%E3%80%85" dan="16,17,16,16" rate="2164.64,2180.40,2151.53,2125.55" sx="M,M,M,M"/><TAIKYOKU oya="0"/><INIT seed="0,0,0,0,3,93" ten="250,250,250,250" oya="0" hai0="43,104,35,3,128,127,10,13,103,115,80,24,75" hai1="134,117,83,118,50,86,53,110,71,48,101,44,120" hai2="92,36,77,56,76,60,17,28,33,32,18,72,62" hai3="70,59,109,121,116,39,119,87,8,114,40,46,133"/><T27/><D115/><U85/><E120/><V47/><F36/><W94/><G114/><T19/><D128/><U30/><E71/><V132/><F132/><W49/><G133/><T105/><D127/><U129/><E134/><V38/><F38/><W34/><G34/><T37/><D3/><U68/><E68/><V45/><F92/><W66/><G8/><T1/><D1/><U25/><E110/><V126/><F56/><W15/><G15/><T125/><D125/><U2/><E2/><V6/><F126/><W26/><G26/><T122/><D122/><U65/><E65/><V12/><F12/><W16/><G16/><T107/><D103/><U73/><E73/><V97/><F72/><W100/><G87/><T22/><D35/><U81/><E129/><V29/><REACH who="2" step="1"/><F97/><REACH who="2" ten="250,250,240,250" step="2"/><N who="3" m="59447" /><G121/><T64/><D64/><U112/><E112/><V124/><F124/><W69/><G69/><T57/><D57/><U111/><E85/><V9/><F9/><W54/><G109/><T42/><D37/><U58/><E86/><V90/><F90/><W7/><G7/><AGARI ba="0,1" hai="6,7,17,18,28,29,32,33,45,47,60,62,76,77" machi="7" ten="25,3200,0" yaku="1,1,22,2,53,0" doraHai="93" doraHaiUra="20" who="2" fromWho="3" sc="250,0,250,0,240,42,250,-32" /><INIT seed="1,0,0,0,3,48" ten="250,250,282,218" oya="1" hai0="120,103,63,20,13,96,70,89,88,100,95,109,51" hai1="45,80,59,131,73,36,128,46,134,133,129,97,35" hai2="60,119,94,132,107,6,106,29,110,5,86,10,98" hai3="31,47,81,124,72,126,108,102,12,26,71,117,104"/><U37/><E35/><V38/><F119/><W33/><G12/><T22/><D109/><U76/><E97/><V9/><F38/><N who="1" m="14953" /><E59/><V113/><F113/><W90/><G47/><AGARI ba="0,0" hai="45,46,47,73,76,80,128,129,131,133,134" m="14953" machi="47" ten="40,2000,0" yaku="19,1" doraHai="48" who="1" fromWho="3" sc="250,0,250,20,282,0,218,-20" /><INIT seed="1,1,0,3,1,127" ten="250,270,282,198" oya="1" hai0="35,74,7,102,77,45,15,133,118,2,14,124,104" hai1="64,94,8,52,37,27,61,9,24,79,116,67,58" hai2="55,115,18,76,23,57,71,88,90,56,28,12,72" hai3="39,29,47,5,1,110,11,6,41,59,92,60,111"/><U108/><E116/><V117/><F117/><W107/><G107/><T21/><D118/><U91/><E37/><V80/><F71/><W0/><G29/><T70/><D70/><U99/><E108/><V26/><F115/><W44/><G92/><T97/><D35/><U63/><E79/><V30/><F30/><W101/><G101/><T53/><D21/><U22/><E27/><V32/><REACH who="2" step="1"/><F57/><REACH who="2" ten="250,270,272,198" step="2"/><W73/><G110/><T66/><D124/><U123/><E123/><V31/><F31/><W19/><G59/><T36/><D133/><U93/><E63/><AGARI ba="1,1" hai="12,18,23,26,28,32,55,56,63,72,76,80,88,90" machi="63" ten="30,3900,0" yaku="1,1,7,1,54,1,53,0" doraHai="127" doraHaiUra="126" who="2" fromWho="1" sc="250,0,270,-42,272,52,198,0" /><INIT seed="2,0,0,2,5,4" ten="250,228,324,198" oya="2" hai0="50,44,116,81,38,109,85,111,36,113,52,92,128" hai1="49,68,120,42,24,67,117,9,134,59,84,14,80" hai2="8,77,23,40,78,33,15,1,132,130,62,122,20" hai3="125,101,103,126,96,93,99,6,70,18,108,65,53"/><V82/><F122/><W107/><G108/><N who="0" m="41547" /><D113/><U100/><E117/><V21/><F33/><W127/><G18/><T71/><D116/><U88/><E68/><V13/><F132/><W112/><G112/><T28/><D128/><U64/><E134/><V55/><F130/><W12/><G53/><T30/><D92/><U135/><E135/><V102/><F102/><W41/><G41/><T7/><D7/><U69/><E69/><V90/><F40/><W76/><G76/><N who="0" m="46247" /><D71/><U2/><E2/><V118/><F1/><W58/><G70/><T57/><D44/><U34/><E120/><V106/><F106/><W16/><G6/><T27/><D30/><U48/><E100/><V72/><F118/><W87/><G87/><T129/><D129/><U86/><E86/><N who="2" m="50519" /><F15/><W5/><G5/><T95/><D95/><U105/><E105/><V56/><F72/><W0/><G0/><T3/><D3/><U45/><E14/><V29/><F29/><W51/><G51/><T73/><D73/><U79/><E49/><V131/><F131/><W75/><G75/><T19/><D19/><AGARI ba="0,0" hai="8,13,19,20,21,23,55,56,62,77,78" m="50519" machi="19" ten="30,2900,0" yaku="8,1,52,1" doraHai="4" who="2" fromWho="0" sc="250,-29,228,0,324,29,198,0" /><INIT seed="2,1,0,4,0,132" ten="221,228,353,198" oya="2" hai0="82,6,31,101,104,106,123,54,7,52,117,51,87" hai1="64,119,58,86,111,29,45,85,118,37,100,63,83" hai2="32,71,103,47,20,93,70,39,28,130,77,42,0" hai3="76,134,22,17,112,91,99,61,89,107,135,108,35"/><V9/><F130/><W14/><G108/><T16/><D123/><U43/><E111/><V8/><F20/><W113/><G35/><T10/><D117/><U30/><E100/><V131/><F131/><W3/><G3/><T122/><D122/><U19/><E86/><V90/><F103/><N who="3" m="62975" /><G61/><T84/><D31/><U59/><E59/><V12/><F77/><W98/><G76/><N who="0" m="46151" /><D101/><U81/><E81/><V53/><F0/><W26/><G26/><T18/><D106/><U44/><E119/><V75/><F75/><W78/><G78/><T1/><D104/><U62/><E118/><V33/><F28/><W121/><G121/><T109/><D109/><U36/><E30/><V24/><F24/><W50/><G50/><T67/><D1/><U126/><E29/><V116/><F32/><W133/><G98/><T92/><D67/><U41/><E64/><V55/><F33/><W48/><G48/><T23/><D10/><U56/><E85/><V15/><F9/><W49/><G49/><T66/><D66/><U94/><E83/><V34/><F8/><W95/><G95/><T72/><D72/><U128/><E94/><V73/><F93/><W46/><G46/><N who="0" m="27767" /><D54/><U97/><E97/><V11/><F55/><W124/><G124/><T4/><D23/><U79/><E79/><V57/><F53/><W21/><G21/><T96/><D96/><U40/><E128/><V74/><F34/><W114/><AGARI ba="1,0" hai="14,17,22,89,91,112,113,114,133,134,135" m="62975" machi="114" ten="40,2700,0" yaku="11,1,20,1" doraHai="132" who="3" fromWho="3" sc="221,-8,228,-8,353,-14,198,30" /><INIT seed="3,0,0,1,3,63" ten="213,220,339,228" oya="3" hai0="102,40,108,75,77,73,0,68,64,135,92,119,38" hai1="33,100,106,84,66,62,118,17,48,85,93,125,34" hai2="78,124,87,104,113,54,46,115,16,107,79,67,99" hai3="128,55,130,133,96,12,39,71,80,57,126,112,86"/><W123/><G112/><T91/><D119/><U105/><E125/><V134/><F124/><W90/><G126/><T103/><D0/><U52/><E118/><V45/><F87/><W88/><G123/><T101/><D77/><U32/><E85/><V1/><F54/><W58/><G133/><T114/><D135/><U41/><E41/><V30/><F99/><W24/><G71/><T95/><D114/><U8/><E17/><V10/><F10/><W82/><G39/><T116/><D116/><U117/><E8/><V5/><F30/><W72/><G12/><T131/><D108/><U69/><E117/><V35/><F5/><W14/><G14/><T42/><D131/><N who="3" m="50217" /><G24/><T4/><D4/><U27/><E27/><V89/><F1/><W6/><G6/><T29/><D29/><U59/><REACH who="1" step="1"/><E84/><REACH who="1" ten="213,210,339,228" step="2"/><V19/><F19/><W18/><G18/><T25/><D25/><U51/><E51/><V109/><F16/><W129/><G129/><T23/><D38/><U83/><E83/><V43/><F134/><W60/><G80/><T61/><D75/><U44/><E44/><V31/><F115/><W98/><G72/><T94/><D73/><U70/><E70/><V56/><F113/><W127/><G127/><T50/><D50/><U2/><E2/><V121/><F46/><W28/><G28/><T13/><D91/><N who="3" m="34857" /><G57/><T11/><D11/><U111/><E111/><V81/><F56/><W37/><G37/><T7/><D7/><U26/><E26/><N who="2" m="18935" /><F45/><W97/><G86/><T76/><D76/><U132/><E132/><V9/><F109/><W21/><G82/><RYUUKYOKU ba="0,1" sc="213,10,210,10,339,-30,228,10" hai0="13,23,40,42,61,64,68,92,94,95,101,102,103" hai1="32,33,34,48,52,59,62,66,69,93,100,105,106" hai3="21,55,58,60,96,97,98" /><INIT seed="3,1,1,1,5,3" ten="223,220,309,238" oya="3" hai0="103,58,132,0,47,105,46,55,14,66,18,54,29" hai1="99,37,63,75,117,121,40,133,36,111,8,79,22" hai2="84,80,110,51,13,15,45,78,53,82,81,130,129" hai3="101,116,31,95,70,17,91,131,42,23,106,24,114"/><W74/><G114/><T128/><D0/><U72/><E121/><V102/><F110/><W27/><G116/><T10/><D132/><U34/><E34/><V109/><F109/><W38/><G70/><T59/><D128/><N who="2" m="49258" /><F102/><W96/><G131/><T1/><D1/><U19/><E111/><V126/><F126/><W120/><G120/><T25/><D66/><U86/><E133/><V61/><F61/><W100/><G74/><T64/><D64/><U76/><E75/><N who="2" m="43103" /><F82/><W60/><G60/><N who="0" m="35927" /><D103/><U89/><E72/><V41/><F41/><W90/><G101/><T69/><D105/><U52/><E117/><V11/><F11/><W122/><G122/><T20/><D69/><U92/><E40/><V113/><F113/><W50/><G106/><T9/><D10/><U57/><E8/><V4/><F4/><W48/><G42/><T88/><D88/><AGARI ba="1,1" hai="13,15,45,51,53,81,84,88" m="43103,49258" machi="88" ten="30,2000,0" yaku="19,1,54,1" doraHai="3" who="2" fromWho="0" sc="223,-23,220,0,309,33,238,0" owari="200,-30.0,220,-18.0,342,44.2,238,3.8" /></mjloggm>