<mjloggm ver="2.3"><GO type="225" lobby="0"/><UN n0="%E3%81%BD%E3%81%A1%E3%81%9F%E3%81%93%E3%82%84" n1="%6D%75%75%73%61%6E%6D%75" n2="%E9%B4%A8%4E%45%47%49" n3="%E4%B8%89%E5%88%86%E5%B0%8F%E5%83%A7" dan="17,16,16,16" rate="2197.62,2077.34,2108.02,2093.92" sx="M,F,M,M"/><TAIKYOKU oya="0"/><INIT seed="0,0,0,3,5,104" ten="250,250,250,250" oya="0" hai0="67,51,120,70,37,116,2,107,45,99,28,42,49" hai1="112,53,60,16,21,59,117,40,20,52,93,128,36" hai2="27,30,121,122,127,83,92,55,73,105,1,65,5" hai3="82,39,87,80,131,41,6,124,15,46,61,88,48"/><T111/><D116/><U77/><E117/><V57/><F105/><W14/><G124/><T68/><D2/><U126/><E126/><V89/><F1/><W33/><G131/><T135/><D120/><U123/><E123/><V84/><F5/><W35/><G39/><T132/><D28/><U9/><E128/><V97/><F65/><W69/><G82/><T81/><D81/><U72/><E72/><V24/><F24/><W64/><REACH who="3" step="1"/><G6/><REACH who="3" ten="250,250,250,240" step="2"/><T4/><D4/><U19/><E36/><V31/><F127/><W12/><AGARI ba="0,1" hai="12,14,15,33,35,41,46,48,61,64,69,80,87,88" machi="12" ten="30,7900,0" yaku="1,1,2,1,0,1,54,1,53,0" doraHai="104" doraHaiUra="54" who="3" fromWho="3" sc="250,-39,250,-20,250,-20,240,89" /><INIT seed="1,0,0,5,5,110" ten="211,230,230,329" oya="1" hai0="82,102,38,4,66,37,111,42,79,65,89,107,78" hai1="130,55,129,54,120,72,67,28,64,74,124,6,81" hai2="44,21,60,127,134,105,87,97,103,99,1,52,16" hai3="104,23,20,112,85,76,49,126,22,50,113,88,32"/><U35/><E120/><V80/><F134/><W11/><G32/><T96/><D111/><U59/><E6/><V125/><F1/><W109/><G104/><T114/><D114/><U116/><E116/><V108/><F108/><W39/><G109/><T15/><D89/><U8/><E8/><V94/><F94/><W13/><G39/><T12/><D78/><U100/><E124/><N who="2" m="47691" /><F105/><W75/><G75/><T91/><D91/><U57/><E100/><V29/><F29/><W123/><G76/><T51/><D37/><U84/><E28/><V71/><F71/><W31/><G31/><T58/><D38/><U133/><E35/><V95/><F99/><W53/><G123/><T27/><D27/><U14/><E133/><V92/><F92/><W62/><G62/><T9/><D15/><U7/><E7/><V33/><F33/><W26/><G26/><T30/><D30/><U118/><E118/><V115/><F87/><W83/><G50/><T86/><REACH who="0" step="1"/><D58/><REACH who="0" ten="201,230,230,329" step="2"/><U41/><E14/><N who="2" m="9367" /><F80/><W43/><G126/><T135/><D135/><U68/><E81/><V128/><F115/><W132/><G132/><T34/><D34/><U25/><E25/><V63/><F128/><W119/><G119/><T40/><D40/><U2/><E41/><V17/><F44/><AGARI ba="0,1" hai="4,9,12,42,44,51,65,66,79,82,86,96,102,107" machi="44" ten="40,5200,0" yaku="1,1,25,2,53,0" doraHai="110" doraHaiUra="24" who="0" fromWho="2" sc="201,62,230,0,230,-52,329,0" /><INIT seed="2,0,0,5,3,68" ten="263,230,178,329" oya="2" hai0="66,17,7,130,61,13,90,105,78,114,99,52,55" hai1="127,0,16,15,24,1,80,5,57,115,47,20,43" hai2="41,69,93,70,111,42,89,3,82,101,128,84,39" hai3="65,100,60,45,104,19,88,133,4,119,30,123,14"/><V32/><F3/><W92/><G119/><T51/><D114/><U22/><E115/><V91/><F111/><W18/><G123/><T9/><D130/><U36/><E127/><V54/><F128/><W25/><G133/><T129/><D129/><U83/><E57/><V110/><F32/><W58/><G100/><T56/><D78/><U132/><E132/><V50/><F110/><W31/><G104/><T109/><D109/><U8/><E1/><V122/><F101/><W116/><G31/><AGARI ba="0,0" hai="0,5,8,15,16,20,22,24,31,36,43,47,80,83" machi="31" ten="30,3900,0" yaku="7,1,52,1,54,1" doraHai="68" who="1" fromWho="3" sc="263,0,230,39,178,0,329,-39" /><INIT seed="3,0,0,0,2,134" ten="263,269,178,290" oya="3" hai0="64,98,39,21,11,113,116,46,5,0,52,69,47" hai1="13,33,124,45,30,104,32,101,67,115,87,62,61" hai2="105,55,102,54,43,40,109,65,135,96,95,66,74" hai3="80,20,14,72,51,123,29,44,25,10,26,31,111"/><W37/><G37/><T42/><D116/><U86/><E115/><V93/><F74/><W84/><G72/><T128/><D113/><U49/><E13/><V34/><F135/><W88/><G123/><T22/><D128/><U59/><E32/><V18/><F34/><W117/><G111/><T81/><D98/><U118/><E118/><V77/><F109/><W76/><G76/><T122/><D122/><U129/><E129/><V110/><F110/><W4/><G117/><T12/><D81/><U82/><E104/><V91/><F77/><W131/><G131/><T8/><D64/><N who="2" m="24682" /><F105/><W19/><G26/><T108/><D69/><U36/><E33/><V97/><F18/><W119/><G119/><T120/><D120/><U70/><E30/><V132/><F132/><W71/><G71/><T27/><D108/><U130/><E130/><V15/><F15/><W58/><G58/><T126/><D126/><U63/><E101/><V1/><F1/><W90/><G90/><T24/><D24/><U127/><E36/><V38/><F38/><W78/><G78/><T73/><D73/><U23/><E70/><V85/><F85/><N who="1" m="32265" /><E23/><V79/><F79/><W112/><G112/><T56/><D27/><U114/><E82/><V6/><F6/><W75/><G75/><T125/><D125/><N who="1" m="48203" /><E114/><V57/><F54/><AGARI ba="0,0" hai="4,10,14,19,20,25,29,31,44,51,54,80,84,88" machi="54" ten="30,5800,0" yaku="7,1,8,1,54,1" doraHai="134" who="3" fromWho="2" sc="263,0,269,0,178,-58,290,58" /><AGARI ba="0,0" hai="45,49,54,59,61,62,63,67" m="48203,32265" machi="54" ten="30,7700,0" yaku="18,1,52,3" doraHai="134" who="1" fromWho="2" sc="263,0,269,77,120,-77,348,0" owari="263,-13.7,346,14.6,43,-45.7,348,44.8" /></mjloggm>