<mjloggm ver="2.3"><GO type="225" lobby="0"/><UN n0="%E3%81%8A%E3%81%8B%E3%81%8F%E3%82%89" n1="%E3%81%A9%E3%82%8F%E3%82%93%E3%81%94" n2="%74%61%6B%75%61%6B%61" n3="%E9%B3%B3%E6%9D%B1%E3%81%AE%E3%81%86%E3%81%95%E3%81%8E%E3%81%95%E3%82%93" dan="16,16,16,16" rate="2063.58,2145.40,2159.16,2239.09" sx="M,M,M,M"/><TAIKYOKU oya="0"/><INIT seed="0,0,0,5,1,24" ten="250,250,250,250" oya="0" hai0="70,47,97,0,6,92,18,99,102,12,14,84,103" hai1="39,134,63,61,93,116,27,33,68,46,23,109,131" hai2="25,35,20,104,44,135,111,58,42,22,123,101,10" hai3="105,28,54,7,56,120,50,40,89,32,80,30,36"/><T77/><D70/><U19/><E116/><V108/><F123/><W87/><G120/><T48/><D0/><U51/><E109/><N who="2" m="42059" /><F135/><W128/><G128/><T98/><D6/><U45/><E131/><V91/><F58/><W122/><G122/><T100/><D12/><U69/><E134/><V76/><F76/><W65/><G32/><T1/><D1/><U79/><E79/><V11/><F35/><W71/><G105/><T106/><D77/><U82/><E82/><V62/><F62/><N who="3" m="40375" /><G7/><T8/><D84/><U3/><E3/><V17/><F91/><W38/><G38/><T132/><D132/><U57/><E39/><N who="2" m="21599" /><F20/><W67/><G67/><T21/><D21/><U60/><E33/><V49/><F49/><W121/><G121/><T37/><D37/><U72/><E72/><V96/><AGARI ba="0,0" hai="10,11,17,22,25,96,101,104" m="21599,42059" machi="96" ten="30,1100,0" yaku="14,1" doraHai="24" who="2" fromWho="2" sc="250,-5,250,-3,250,11,250,-3" /><INIT seed="1,0,0,1,1,0" ten="245,247,261,247" oya="1" hai0="102,8,105,56,69,54,14,97,112,109,15,127,103" hai1="98,82,134,10,41,77,129,85,133,57,120,64,89" hai2="18,126,71,111,1,37,114,128,2,124,39,108,44" hai3="46,23,55,48,65,4,27,78,19,113,75,70,72"/><U59/><E120/><V93/><F93/><W100/><G113/><T110/><D112/><U107/><E41/><V92/><F92/><W116/><G116/><T45/><D69/><U95/><E129/><V42/><F114/><W21/><G100/><T73/><D73/><U32/><E32/><V36/><F18/><W99/><G99/><T94/><D45/><U49/><E64/><V31/><F31/><W86/><G21/><T84/><D84/><U104/><E10/><V12/><F12/><W125/><G125/><N who="2" m="48233" /><F128/><W87/><G75/><T76/><D76/><U121/><E121/><V26/><F26/><W67/><G4/><N who="0" m="3335" /><D15/><U101/><E107/><V68/><F1/><W3/><G3/><T52/><D127/><U50/><E59/><V33/><F2/><W43/><G70/><N who="2" m="26665" /><F33/><W30/><G72/><T130/><D130/><U28/><E57/><V91/><F91/><W79/><G79/><T131/><D56/><U40/><E28/><V90/><F90/><W6/><G78/><T74/><D74/><N who="1" m="43319" /><E40/><V106/><F106/><W51/><G30/><T17/><D131/><U53/><E104/><V83/><F83/><W81/><G81/><T7/><D103/><U20/><E101/><V117/><F117/><W96/><G96/><T61/><D105/><U123/><E98/><V5/><F5/><W63/><G6/><T115/><D7/><U35/><E35/><V13/><F13/><W88/><G87/><T22/><D115/><U11/><E85/><V16/><F16/><N who="3" m="12775" /><G86/><T60/><D102/><U62/><E123/><V135/><F135/><W24/><G19/><RYUUKYOKU ba="0,0" sc="245,-10,247,-10,261,30,247,-10" hai2="36,37,39,42,44,108,111" /><INIT seed="2,1,0,2,4,80" ten="235,237,291,237" oya="2" hai0="3,33,113,123,10,2,50,31,72,49,125,6,128" hai1="23,99,60,120,92,87,121,16,56,35,109,4,98" hai2="117,79,114,107,58,48,105,7,127,11,76,1,81" hai3="46,101,122,104,67,70,116,52,130,111,93,43,86"/><V88/><F117/><W18/><G116/><T65/><D123/><N who="1" m="47179" /><E35/><V37/><F114/><W55/><G122/><T12/><D113/><U131/><E109/><V89/><F37/><W83/><G104/><T32/><D72/><U47/><E4/><V41/><F76/><W110/><G130/><T22/><D65/><N who="1" m="39047" /><E47/><V69/><F69/><W14/><G67/><T21/><D128/><U39/><E39/><V124/><F58/><W63/><G70/><T95/><D95/><U20/><E20/><V8/><F8/><N who="3" m="6471" /><G63/><T30/><D10/><U78/><E131/><V108/><F108/><N who="3" m="41515" /><G101/><T90/><D6/><U51/><E51/><V119/><F119/><W40/><G93/><T15/><REACH who="0" step="1"/><D90/><REACH who="0" ten="225,237,291,237" step="2"/><N who="1" m="53343" /><E78/><V62/><F105/><W61/><G61/><T102/><D102/><U27/><AGARI ba="1,1" hai="16,23,27,98,99" m="53343,39047,47179" machi="27" ten="30,4000,0" yaku="13,1,52,1,54,1" doraHai="80" who="1" fromWho="1" sc="225,-11,237,53,291,-21,237,-11" /><INIT seed="3,0,0,5,5,105" ten="214,290,270,226" oya="3" hai0="3,15,131,4,49,18,78,84,59,25,35,65,66" hai1="109,130,10,41,55,48,13,135,91,70,80,1,103" hai2="110,44,2,102,72,85,31,93,56,92,106,124,99" hai3="74,126,96,11,107,43,12,77,97,76,132,82,94"/><W42/><G132/><T123/><D131/><U134/><E1/><V88/><F110/><W27/><G126/><T32/><D123/><U133/><E70/><V29/><F2/><W28/><G107/><T30/><D35/><U46/><E109/><V69/><F69/><W87/><G76/><T38/><D38/><U122/><E103/><V83/><F124/><W6/><G87/><T121/><D121/><U119/><E122/><V45/><F56/><W19/><G6/><T111/><D111/><U37/><E130/><V16/><F16/><W98/><REACH who="3" step="1"/><G94/><REACH who="3" ten="214,290,270,216" step="2"/><T40/><D84/><U63/><E135/><V115/><F92/><W54/><G54/><N who="0" m="32207" /><D78/><U120/><E134/><V71/><F106/><W67/><G67/><T17/><D40/><U34/><E133/><V128/><F128/><W57/><G57/><T86/><D86/><U117/><E120/><V33/><F71/><W0/><G0/><T125/><D125/><U8/><E41/><V20/><F93/><W89/><G89/><T50/><D66/><U101/><E91/><V53/><F88/><W116/><G116/><T73/><D65/><U52/><E119/><V51/><F53/><W24/><G24/><T104/><D104/><U114/><E117/><V118/><F85/><W60/><G60/><T90/><D90/><U129/><E63/><V62/><F62/><W58/><G58/><T47/><D3/><U5/><E129/><V108/><F118/><W22/><AGARI ba="0,1" hai="11,12,19,22,27,28,42,43,74,77,82,96,97,98" machi="22" ten="30,18000,2" yaku="1,1,0,1,52,1,53,3" doraHai="105" doraHaiUra="95" who="3" fromWho="3" sc="214,-60,290,-60,270,-60,216,190" owari="154,-34.6,230,3.0,210,-19.0,406,50.6" /></mjloggm>