<mjloggm ver="2.3"><GO type="225" lobby="0"/><UN n0="%E3%81%A9%E3%82%8F%E3%82%93%E3%81%94" n1="%4B%2E%32%2E%4B%2E" n2="%E9%B3%B3%E6%9D%B1%E3%81%AE%E3%81%86%E3%81%95%E3%81%8E%E3%81%95%E3%82%93" n3="%E3%83%AD%E3%83%83%E3%83%86%E9%9B%80%E7%90%83" dan="16,16,17,17" rate="2136.07,2077.21,2265.78,2255.34" sx="M,M,M,M"/><TAIKYOKU oya="0"/><INIT seed="0,0,0,2,1,58" ten="250,250,250,250" oya="0" hai0="54,132,50,12,93,96,69,110,134,8,111,123,6" hai1="25,119,44,92,126,5,83,97,79,43,112,107,121" hai2="36,104,32,113,37,2,46,14,71,130,77,120,11" hai3="70,63,72,101,84,45,62,13,100,26,21,1,34"/><T65/><D123/><U81/><E119/><V0/><F77/><W109/><G72/><T49/><D69/><U115/><E121/><V125/><F46/><W41/><G1/><T47/><D50/><U7/><E107/><V19/><F37/><W20/><G109/><N who="0" m="41483" /><D65/><U94/><E25/><V64/><F64/><W40/><G34/><T10/><D10/><U61/><E126/><V91/><F32/><W51/><G41/><T102/><AGARI ba="0,0" hai="6,8,12,47,49,54,93,96,102,132,134" m="41483" machi="102" ten="30,3000,0" yaku="14,1,10,1" doraHai="58" who="0" fromWho="0" sc="250,30,250,-10,250,-10,250,-10" /><INIT seed="0,1,0,3,4,113" ten="280,240,240,240" oya="0" hai0="131,93,122,11,32,0,44,86,7,112,106,84,3" hai1="126,97,100,64,89,47,127,104,129,2,27,107,65" hai2="132,40,133,77,13,98,135,118,116,12,39,4,79" hai3="21,128,58,73,59,87,90,96,70,15,36,23,31"/><T24/><D112/><U8/><E129/><V30/><F30/><W17/><G128/><T46/><D106/><U35/><E107/><V124/><F124/><N who="1" m="47657" /><E89/><V120/><F120/><W53/><G70/><T81/><D131/><U49/><E35/><V71/><F71/><W66/><G73/><T114/><D114/><U1/><E27/><V28/><F28/><W105/><G36/><T56/><D122/><U34/><E34/><V117/><F98/><W83/><G105/><T5/><D24/><U109/><E109/><V76/><F4/><W68/><G68/><T75/><D32/><U43/><E8/><V92/><F92/><N who="3" m="56343" /><G66/><AGARI ba="1,0" hai="1,2,43,47,49,64,65,66,97,100,104" m="47657" machi="66" ten="30,1000,0" yaku="18,1" doraHai="113" who="1" fromWho="3" sc="280,0,240,13,240,0,240,-13" /><INIT seed="1,0,0,0,4,14" ten="280,253,240,227" oya="1" hai0="66,52,55,93,4,105,76,40,38,128,86,99,68" hai1="58,73,79,115,10,108,70,54,102,90,44,3,42" hai2="56,41,12,100,47,84,11,59,64,94,78,107,106" hai3="46,67,129,121,133,71,87,16,2,134,43,118,33"/><U21/><E115/><V116/><F116/><W109/><G33/><T82/><D128/><U30/><E70/><V81/><F106/><W98/><G2/><T29/><D4/><U91/><E102/><V103/><F107/><W15/><G121/><T34/><D38/><U57/><E108/><V6/><F64/><W92/><G129/><T7/><D40/><U53/><E58/><V45/><F45/><W36/><G109/><T49/><D7/><U63/><E53/><V120/><F120/><W124/><G124/><T60/><D49/><U110/><E10/><V83/><F83/><W97/><G118/><T1/><D1/><U119/><E3/><V23/><F23/><W8/><G87/><T126/><D126/><U5/><E5/><V35/><F35/><W89/><REACH who="3" step="1"/><G98/><REACH who="3" ten="280,253,240,217" step="2"/><T114/><D114/><U85/><E110/><V22/><F22/><W123/><G123/><T125/><D125/><U88/><E119/><V31/><F31/><W48/><G48/><T32/><D32/><U19/><E30/><V50/><F103/><W13/><G13/><T104/><D34/><U80/><E73/><V127/><F127/><W131/><G131/><T77/><D29/><U9/><E9/><V95/><F100/><W39/><G39/><T27/><D99/><U112/><E112/><V74/><F74/><W69/><G69/><T24/><D68/><U135/><E135/><V37/><F37/><W51/><G51/><T20/><D86/><U75/><E75/><V17/><F6/><W111/><G111/><T28/><D28/><U62/><E85/><V65/><F56/><RYUUKYOKU ba="0,1" sc="280,-15,253,-15,240,15,217,15" hai2="11,12,17,41,47,50,59,65,78,81,84,94,95" hai3="8,15,16,36,43,46,67,71,89,92,97,133,134" /><INIT seed="2,1,1,4,1,129" ten="265,238,255,232" oya="2" hai0="128,25,101,16,130,111,24,80,54,19,2,116,92" hai1="53,132,106,124,98,10,11,15,73,120,117,5,74" hai2="122,1,78,118,133,119,93,126,112,48,103,121,6" hai3="0,50,110,60,3,12,87,81,20,108,64,70,90"/><V89/><F1/><W77/><G50/><T55/><D2/><U114/><E114/><V61/><F6/><W82/><G12/><T51/><D111/><N who="3" m="42537" /><G20/><T85/><D116/><U65/><E117/><V28/><F28/><W123/><G123/><T86/><D92/><U32/><E32/><V113/><F48/><W100/><G100/><T23/><D101/><U99/><E120/><V18/><F18/><W31/><G31/><T58/><D55/><U41/><E15/><V33/><F33/><W14/><G14/><T38/><D38/><U94/><E11/><V27/><F103/><W115/><G115/><T45/><D45/><U52/><E10/><V79/><F27/><W30/><G30/><T4/><D4/><U36/><E5/><V107/><F119/><W56/><G56/><T22/><D86/><AGARI ba="1,1" hai="0,3,60,64,70,77,81,82,86,87,90" m="42537" machi="86" ten="30,1000,0" yaku="14,1" doraHai="129" who="3" fromWho="0" sc="265,-13,238,0,255,0,232,23" /><INIT seed="3,0,0,3,3,67" ten="252,238,255,255" oya="3" hai0="62,71,108,115,50,131,13,26,7,126,65,27,102" hai1="90,41,14,103,88,56,53,29,51,113,93,10,80" hai2="35,60,42,5,92,110,91,117,66,124,78,73,79" hai3="118,54,36,99,18,46,22,106,19,100,68,12,119"/><W70/><G19/><T43/><D102/><U25/><E113/><V84/><F117/><W111/><G111/><T101/><D108/><U24/><E41/><V120/><F35/><W81/><G81/><T61/><D115/><U16/><E29/><V123/><F124/><W132/><G132/><T57/><D126/><U82/><E103/><V121/><F110/><W0/><G0/><T39/><D101/><U34/><E34/><V96/><F73/><W40/><REACH who="3" step="1"/><G54/><REACH who="3" ten="252,238,255,245" step="2"/><T3/><D27/><N who="1" m="10315" /><E90/><V87/><F91/><W133/><G133/><T45/><D26/><U23/><E10/><V127/><F127/><W37/><G37/><T107/><D39/><U94/><E94/><V86/><F92/><W122/><G122/><T114/><D114/><U38/><E38/><V52/><F123/><W32/><G32/><T104/><D104/><U95/><E93/><V6/><F121/><W77/><G77/><T98/><D3/><U48/><E51/><V20/><F79/><W21/><G21/><T28/><D107/><U97/><AGARI ba="0,1" hai="14,16,23,48,53,56,80,82,88,95,97" m="10315" machi="97" ten="30,4000,0" yaku="8,1,54,2" doraHai="67" who="1" fromWho="1" sc="252,-10,238,50,255,-10,245,-20" /><INIT seed="4,0,0,1,2,16" ten="242,288,245,225" oya="0" hai0="100,81,47,107,37,57,123,10,54,106,66,84,103" hai1="78,118,22,89,21,76,99,83,133,42,70,92,124" hai2="46,32,60,74,105,4,91,129,18,31,49,108,33" hai3="75,68,53,131,65,77,44,125,127,28,93,43,87"/><T41/><D123/><U79/><E118/><V24/><F108/><W39/><G131/><T64/><D107/><U51/><E70/><V9/><F74/><W30/><G75/><T71/><D10/><U61/><E124/><N who="3" m="47690" /><G53/><T0/><D0/><U12/><E133/><V135/><F32/><W85/><G77/><T48/><D106/><U104/><E104/><V27/><F60/><N who="3" m="39975" /><G93/><T121/><D121/><U134/><E134/><V63/><F63/><W115/><G115/><T15/><D15/><U126/><E126/><V116/><F33/><W23/><G30/><T73/><D73/><U94/><E61/><V119/><F31/><W35/><G35/><T19/><D66/><U5/><E92/><V82/><F129/><W111/><G111/><T113/><D113/><U112/><E83/><V2/><F135/><W17/><G28/><T114/><D114/><U132/><E132/><V8/><F105/><W58/><G58/><T40/><D64/><U96/><E112/><V6/><F119/><W80/><G80/><T3/><D71/><U55/><E42/><V7/><F116/><W98/><G98/><T69/><D69/><U25/><E99/><V101/><F82/><W20/><G17/><T110/><D110/><U117/><E117/><V26/><F18/><W34/><G34/><T128/><D40/><U120/><E79/><V38/><F46/><W45/><G45/><T11/><D128/><U122/><E78/><V36/><F2/><W50/><G39/><T102/><D3/><U72/><E72/><V52/><F38/><W1/><G1/><T29/><D19/><RYUUKYOKU ba="0,0" sc="242,-10,288,-10,245,-10,225,30" hai3="20,23,43,44,50,85,87" /><INIT seed="5,1,0,2,5,28" ten="232,278,235,255" oya="1" hai0="121,98,69,41,126,16,78,33,59,45,122,63,23" hai1="125,73,83,117,67,91,7,19,112,48,3,70,50" hai2="4,81,58,30,116,87,84,99,5,25,54,55,120" hai3="79,97,46,49,53,35,31,105,15,102,104,100,93"/><U74/><E117/><V24/><F120/><N who="0" m="46186" /><D69/><U77/><E73/><V109/><F109/><W42/><G79/><T127/><D78/><U72/><E74/><V61/><F116/><W44/><G15/><N who="0" m="9631" /><D98/><U2/><E112/><V131/><F131/><W85/><G85/><N who="2" m="32841" /><F81/><W92/><G102/><T75/><D75/><U134/><E91/><V36/><F36/><W22/><G22/><T119/><D119/><U96/><E96/><V21/><F25/><W118/><G105/><T80/><D80/><U129/><E129/><V6/><F99/><W1/><G1/><N who="1" m="10" /><E67/><AGARI ba="1,0" hai="4,5,6,21,24,30,54,55,58,61,67" m="32841" machi="67" ten="30,1000,0" yaku="8,1" doraHai="28" who="2" fromWho="1" sc="232,0,278,-13,235,13,255,0" /><INIT seed="6,0,0,1,3,128" ten="232,265,248,255" oya="2" hai0="74,18,52,89,53,42,72,43,34,44,108,118,33" hai1="10,107,3,64,125,102,123,99,27,132,45,30,62" hai2="104,57,112,91,26,48,71,38,94,51,111,50,5" hai3="131,29,135,126,130,134,46,16,28,114,76,54,84"/><V67/><F104/><W83/><G126/><T22/><D108/><U39/><E125/><V103/><F111/><W100/><G114/><T75/><D118/><U82/><E123/><V23/><F38/><W35/><G100/><T24/><D89/><U15/><E132/><N who="3" m="50730" /><G16/><T105/><D105/><U117/><E3/><V36/><F103/><W2/><G2/><T120/><D120/><U49/><E82/><V60/><F112/><W70/><G70/><T110/><D110/><U80/><E80/><V88/><F71/><W59/><G46/><T1/><D1/><U109/><E107/><V106/><F106/><W86/><G84/><T13/><D43/><U6/><E109/><V66/><F5/><W37/><G37/><T113/><D113/><U122/><E39/><V61/><F36/><W19/><G19/><T97/><D97/><U31/><E99/><V25/><F94/><W47/><G47/><T63/><D42/><U8/><E102/><V93/><F93/><W101/><G101/><T81/><D81/><U129/><E122/><V68/><REACH who="2" step="1"/><F26/><REACH who="2" ten="232,265,238,255" step="2"/><N who="3" m="18839" /><G29/><AGARI ba="0,1" hai="23,25,29,48,50,51,57,60,61,66,67,68,88,91" machi="29" ten="40,3900,0" yaku="1,1,54,1,53,0" doraHai="128" doraHaiUra="78" who="2" fromWho="3" sc="232,0,265,0,238,49,255,-39" /><INIT seed="6,1,0,5,4,76" ten="232,265,287,216" oya="2" hai0="109,119,54,68,15,0,30,113,74,65,79,53,96" hai1="135,114,120,25,134,3,33,22,32,124,42,26,21" hai2="64,94,118,87,133,97,125,29,90,35,52,14,31" hai3="9,128,17,6,130,110,24,59,117,45,78,104,82"/><V84/><F133/><N who="1" m="50697" /><E42/><V81/><F125/><W43/><G110/><T63/><D109/><U95/><E95/><V23/><F118/><W80/><G104/><T103/><D0/><U47/><E47/><V111/><F111/><W7/><G117/><T11/><D119/><U28/><E124/><V36/><F36/><W67/><G67/><T85/><D113/><U50/><E50/><V34/><F34/><N who="1" m="13417" /><E3/><V69/><F69/><W121/><G121/><T75/><D54/><U131/><E131/><N who="3" m="50218" /><G59/><T55/><D53/><U100/><E100/><V10/><F64/><W83/><G78/><T41/><D55/><U61/><E61/><V70/><F70/><W107/><G107/><T73/><D41/><U92/><E92/><V66/><F66/><W71/><G71/><T115/><D115/><U13/><E114/><V122/><F52/><W132/><G132/><T48/><D48/><U86/><E86/><V2/><F87/><W37/><G24/><T19/><D85/><U58/><E58/><V49/><F84/><W4/><G17/><T51/><D51/><U105/><E105/><V102/><F49/><W57/><G57/><T129/><D129/><U116/><E116/><V88/><F94/><W27/><G27/><N who="1" m="10250" /><E120/><V62/><F122/><W56/><G56/><T46/><D46/><U77/><E77/><V18/><F62/><W44/><G45/><T126/><D126/><U123/><E123/><V72/><F72/><W38/><G38/><T12/><D79/><U93/><E93/><V20/><F35/><W106/><G106/><N who="0" m="63847" /><D12/><AGARI ba="1,0" hai="4,6,7,9,12,37,43,44,80,82,83" m="50218" machi="12" ten="30,7700,0" yaku="19,1,52,3" doraHai="76" who="3" fromWho="0" sc="232,-80,265,0,287,0,216,80" /><INIT seed="7,0,0,1,1,129" ten="152,265,287,296" oya="3" hai0="120,9,83,109,121,126,56,128,46,84,71,49,78" hai1="99,7,118,131,115,65,53,21,110,124,57,32,103" hai2="89,96,17,48,113,111,45,80,68,86,66,22,39" hai3="24,81,13,108,92,72,12,44,76,33,88,127,62"/><W15/><G127/><T106/><D109/><U134/><E110/><V117/><F117/><W125/><G125/><T101/><D126/><U63/><E124/><V67/><F39/><W94/><G108/><T58/><D128/><U34/><E131/><V23/><F113/><W69/><G44/><T6/><D71/><U85/><E115/><V36/><F36/><W50/><G50/><T37/><D121/><U42/><E118/><V41/><F111/><W79/><G79/><T26/><D120/><U77/><E42/><V95/><F68/><W47/><G47/><T116/><D37/><U98/><E7/><V107/><F107/><W8/><G8/><T130/><D130/><U19/><E134/><V82/><F82/><W91/><G24/><T114/><D114/><U30/><E30/><V1/><F1/><W18/><G33/><T93/><D106/><U90/><E77/><N who="2" m="46351" /><F23/><W60/><G18/><T105/><D105/><U27/><E65/><V73/><F73/><W61/><G69/><T59/><D26/><AGARI ba="0,0" hai="17,22,26,41,45,48,66,67,89,95,96" m="46351" machi="26" ten="30,1000,0" yaku="8,1" doraHai="129" who="2" fromWho="0" sc="152,-10,265,0,287,10,296,0" owari="142,-35.8,265,-13.5,297,39.7,296,9.6" /></mjloggm>