<mjloggm ver="2.3"><GO type="225" lobby="0"/><UN n0="%E6%B4%BE%E9%81%A3%E3%81%AE%E3%82%B8%E3%83%A3%E3%83%83%E3%82%AF" n1="%72%69%6F%75%63%68%61%6E" n2="%E3%81%AA%E3%81%A1%30%39%32%37" n3="%E3%81%8B%E3%82%8F%E3%81%A1%E3%82%83%E3%82%93%35%38" dan="16,17,16,16" rate="2213.98,2264.15,2074.85,2171.35" sx="M,M,M,M"/><TAIKYOKU oya="0"/><INIT seed="0,0,0,3,3,58" ten="250,250,250,250" oya="0" hai0="107,89,61,37,40,74,122,23,38,110,50,132,102" hai1="71,51,6,4,44,135,96,106,64,0,112,120,53" hai2="55,67,85,117,26,28,46,41,39,22,81,103,24" hai3="52,70,119,95,75,79,130,45,59,7,124,92,17"/><T12/><D74/><U111/><E111/><V77/><F117/><W20/><G119/><T34/><D34/><U13/><E120/><V80/><F55/><W108/><G70/><T25/><D122/><U93/><E135/><V98/><F67/><W82/><G108/><T129/><D12/><U118/><E118/><V121/><F121/><W65/><G124/><T109/><D132/><U131/><E131/><V73/><F26/><W15/><G130/><T105/><D129/><U83/><E106/><V60/><F60/><W35/><G35/><T14/><D14/><U116/><E116/><V97/><REACH who="2" step="1"/><F103/><REACH who="2" ten="250,250,240,250" step="2"/><W54/><G54/><T84/><D102/><U19/><E64/><V1/><F1/><W47/><G65/><T100/><D100/><N who="1" m="60431" /><E0/><V99/><F99/><W123/><G123/><T128/><D128/><U86/><E112/><V9/><F9/><W3/><G3/><T88/><D25/><U11/><E71/><V31/><F31/><W90/><G7/><T33/><D109/><U49/><E51/><V29/><F29/><W87/><G95/><T133/><D110/><U63/><E63/><AGARI ba="0,1" hai="15,17,20,45,47,52,59,63,75,79,82,87,90,92" machi="63" ten="30,3900,0" yaku="7,1,52,1,54,1" doraHai="58" who="3" fromWho="1" sc="250,0,250,-39,240,0,250,49" /><INIT seed="1,0,0,4,2,130" ten="250,211,240,299" oya="1" hai0="18,134,89,51,96,41,33,122,120,13,19,85,83" hai1="105,40,113,121,48,82,23,26,97,62,90,54,50" hai2="118,25,133,7,34,95,8,60,2,106,22,38,117" hai3="11,126,104,39,36,61,68,9,5,35,125,56,131"/><U28/><E113/><V111/><F106/><W98/><G68/><T47/><D33/><U3/><E121/><N who="0" m="46697" /><D96/><U76/><E3/><V101/><F38/><W86/><G35/><T84/><D84/><N who="1" m="48199" /><E105/><V53/><F111/><W64/><G131/><T135/><D18/><U55/><E40/><V91/><F101/><N who="3" m="62519" /><G86/><T81/><D81/><U70/><E70/><V71/><F133/><W0/><G9/><AGARI ba="0,0" hai="9,13,19,41,47,51,83,85,89,134,135" m="46697" machi="9" ten="30,3900,0" yaku="13,1,52,2" doraHai="130" who="0" fromWho="3" sc="250,39,211,0,240,0,299,-39" /><INIT seed="2,0,0,2,4,79" ten="289,211,240,260" oya="2" hai0="47,88,129,66,124,101,24,28,43,57,50,94,131" hai1="95,77,117,84,97,135,123,32,105,85,114,91,29" hai2="72,120,38,23,41,8,134,34,90,78,1,74,100" hai3="76,68,46,62,119,13,52,110,17,33,12,30,55"/><V0/><F120/><W15/><G119/><T14/><D124/><U53/><E117/><V80/><F34/><W5/><G5/><T116/><D116/><U67/><E114/><V20/><F134/><W44/><G110/><T130/><D14/><N who="3" m="5737" /><G33/><T42/><D101/><N who="1" m="62639" /><E53/><N who="3" m="20554" /><G68/><T112/><D112/><U86/><E67/><V104/><F90/><W69/><G69/><T35/><D43/><U9/><E9/><V107/><F74/><W87/><G30/><T56/><D66/><U6/><E6/><N who="2" m="1095" /><F1/><W16/><G62/><T128/><N who="0" m="32768" /><DORA hai="21" /><T63/><D63/><U51/><E51/><V59/><F59/><W126/><G126/><T64/><D64/><U127/><E29/><V93/><F107/><W4/><G4/><T36/><D50/><U70/><E70/><V122/><F104/><W113/><G113/><T133/><D133/><U2/><E32/><V109/><F109/><W65/><G65/><T10/><D10/><U60/><E60/><V31/><F31/><W58/><G58/><T39/><D39/><U26/><E2/><V81/><F122/><W27/><G27/><T96/><AGARI ba="0,0" hai="24,28,35,36,42,47,56,57,88,94,96" m="32768" machi="96" ten="60,8000,1" yaku="0,1,19,1,52,1,54,1" doraHai="79,21" who="0" fromWho="0" sc="289,80,211,-20,240,-40,260,-20" /><INIT seed="3,0,0,4,5,87" ten="369,191,200,240" oya="3" hai0="31,47,19,90,18,16,132,123,81,102,49,70,27" hai1="113,84,40,22,65,23,5,30,36,54,33,41,51" hai2="91,130,125,120,119,4,50,109,62,129,0,14,110" hai3="56,55,101,98,133,11,116,3,67,105,127,95,103"/><W114/><G114/><T61/><D123/><U1/><E113/><V126/><F119/><W35/><G116/><T13/><D132/><U112/><E112/><V77/><F120/><W75/><G35/><T99/><D70/><U64/><E33/><V8/><F77/><W53/><G75/><T88/><D61/><U28/><E36/><V117/><F117/><W59/><G127/><N who="2" m="48649" /><F50/><W38/><G67/><N who="1" m="25674" /><E1/><V107/><F107/><W71/><G38/><T111/><D111/><N who="2" m="42506" /><F62/><W94/><G105/><T20/><D81/><U97/><E5/><N who="2" m="3343" /><F91/><W108/><G108/><T39/><D39/><U17/><E97/><V2/><F4/><W46/><G71/><T73/><D73/><U100/><E100/><V131/><AGARI ba="0,0" hai="0,2,129,130,131" m="3343,42506,48649" machi="131" ten="40,8000,1" yaku="19,1,18,1,14,1,34,2" doraHai="87" who="2" fromWho="2" sc="369,-20,191,-20,200,80,240,-40" owari="349,44.9,171,-32.9,280,8.0,200,-20.0" /></mjloggm>