<mjloggm ver="2.3"><GO type="225" lobby="0"/><UN n0="%72%69%6F%75%63%68%61%6E" n1="%E3%81%AE%E3%81%82%E3%83%9E%E3%82%B9%E3%82%BF%E3%83%BC%30%31" n2="%E3%82%B3%E3%83%A2%E3%83%AA%E3%82%B9%E3%83%88" n3="%E3%81%BF%E3%81%BF%E3%81%9A" dan="16,17,16,17" rate="2163.45,2165.84,2050.01,2338.29" sx="M,M,M,M"/><TAIKYOKU oya="0"/><INIT seed="0,0,0,1,1,58" ten="250,250,250,250" oya="0" hai0="21,5,42,13,68,70,81,133,2,135,29,54,26" hai1="40,78,23,37,36,64,20,48,46,71,10,127,28" hai2="111,51,33,24,112,92,124,119,75,89,59,17,16" hai3="110,103,32,79,65,106,66,19,128,107,18,113,122"/><T116/><D116/><U25/><E127/><V118/><F112/><W98/><G113/><T35/><D42/><U114/><E114/><V1/><F75/><W125/><G32/><T97/><D81/><U76/><E10/><V82/><F82/><W8/><G79/><T95/><D2/><U129/><E129/><V102/><F102/><W104/><G128/><T63/><D54/><U108/><E108/><V67/><F1/><W49/><G110/><T77/><D77/><U86/><E23/><V39/><F39/><W60/><G125/><T101/><D21/><U99/><E99/><V94/><F124/><W96/><G122/><T12/><D68/><U100/><E100/><V134/><F134/><N who="0" m="51210" /><D5/><U47/><E86/><V74/><F111/><W50/><G106/><T31/><D29/><U80/><E80/><V11/><F119/><W44/><G103/><T91/><D91/><U131/><E131/><V130/><F89/><W0/><G0/><T120/><D120/><U15/><E15/><V27/><F118/><W88/><G88/><T55/><D55/><U132/><E132/><V45/><F94/><W90/><G90/><T22/><D22/><U3/><E3/><V121/><F92/><W87/><G87/><T83/><D83/><U14/><E14/><V41/><F121/><W7/><G7/><T52/><D70/><U53/><E37/><V61/><F130/><W38/><G38/><T4/><D4/><U117/><E117/><V84/><F84/><W115/><G115/><T105/><D105/><U9/><E9/><V43/><F11/><W34/><G8/><RYUUKYOKU ba="0,0" sc="250,15,250,15,250,-15,250,-15" hai0="12,13,26,31,35,52,63,95,97,101" hai1="20,25,28,36,40,46,47,48,53,64,71,76,78" /><INIT seed="0,1,0,1,0,50" ten="265,265,235,235" oya="0" hai0="5,16,120,101,126,64,93,17,80,53,109,75,8" hai1="133,77,19,121,6,22,70,42,118,92,112,25,83" hai2="52,62,100,65,3,105,96,135,35,113,111,114,57" hai3="124,82,91,86,39,108,63,85,115,27,74,87,28"/><T24/><D120/><U128/><E121/><V106/><F111/><W51/><G115/><T78/><D109/><U38/><E112/><V125/><F125/><W11/><G39/><T102/><D126/><U90/><E118/><V131/><F131/><W7/><G108/><T15/><D64/><U94/><E128/><V0/><F135/><W23/><G124/><T119/><D119/><U97/><E133/><V18/><F106/><W29/><G63/><T1/><D93/><U72/><E70/><V103/><F103/><W81/><G28/><T26/><D17/><U40/><E38/><V46/><F35/><W66/><G66/><T10/><REACH who="0" step="1"/><D53/><REACH who="0" ten="255,265,235,235" step="2"/><U48/><E6/><V68/><F18/><W132/><G132/><T116/><D116/><U99/><REACH who="1" step="1"/><E48/><REACH who="1" ten="255,255,235,235" step="2"/><V49/><F114/><W130/><G130/><T129/><D129/><U55/><E55/><V41/><F113/><W13/><G51/><AGARI ba="1,2" hai="0,3,41,46,49,51,52,57,62,65,68,96,100,105" machi="51" ten="30,3900,0" yaku="7,1,52,1,54,1" doraHai="50" who="2" fromWho="3" sc="255,0,255,0,235,62,235,-42" /><INIT seed="1,0,0,0,1,96" ten="255,255,297,193" oya="1" hai0="85,129,34,25,51,29,43,56,118,63,6,110,108" hai1="19,11,54,50,37,40,105,24,71,67,5,83,33" hai2="81,75,128,73,62,26,74,68,47,2,82,107,117" hai3="48,44,132,1,89,80,84,57,28,18,58,20,103"/><U42/><E105/><V86/><F117/><W87/><G132/><T41/><D118/><U130/><E130/><V30/><F107/><W95/><G1/><T39/><D129/><U0/><E37/><V10/><F128/><W134/><G134/><T78/><D39/><U21/><E83/><V106/><F106/><W120/><G28/><T27/><D6/><U114/><E114/><V13/><F2/><W15/><G120/><T91/><D78/><U111/><E111/><N who="0" m="42537" /><D51/><U55/><E55/><V79/><F47/><W121/><G121/><T3/><D25/><U45/><E67/><V36/><F36/><W69/><G69/><T126/><D126/><U102/><E71/><V32/><F68/><W17/><G17/><T133/><D3/><U98/><REACH who="1" step="1"/><E33/><REACH who="1" ten="255,245,297,193" step="2"/><V115/><F115/><W23/><G23/><T65/><D133/><U16/><E16/><V66/><F32/><W97/><REACH who="3" step="1"/><G84/><REACH who="3" ten="255,245,297,183" step="2"/><T101/><D34/><U92/><AGARI ba="0,2" hai="0,5,11,19,21,24,40,42,45,50,54,92,98,102" machi="92" ten="20,7800,0" yaku="1,1,0,1,7,1,52,1,53,0" doraHai="96" doraHaiUra="61" who="1" fromWho="1" sc="255,-26,245,98,297,-26,183,-26" /><INIT seed="1,1,0,5,0,19" ten="229,343,271,157" oya="1" hai0="68,98,110,99,80,109,55,130,107,106,76,101,12" hai1="127,135,5,67,50,112,73,42,57,65,92,64,72" hai2="97,71,38,23,37,36,95,44,51,129,105,1,118" hai3="30,18,115,70,6,40,79,113,69,84,102,45,128"/><U13/><E112/><V94/><F118/><W8/><G30/><T134/><D68/><U3/><E3/><V86/><F71/><W35/><G35/><T53/><D12/><U56/><E135/><V116/><F1/><W46/><G102/><N who="0" m="62807" /><D53/><U59/><E127/><V78/><F129/><W126/><G126/><T47/><D47/><U25/><E25/><V49/><F105/><W52/><G128/><T119/><D55/><U60/><E60/><V14/><F51/><W16/><G79/><T20/><D20/><U27/><E27/><V10/><F97/><W11/><G84/><T120/><D130/><U77/><E92/><V133/><F23/><W81/><G52/><T83/><D120/><U100/><E100/><V87/><F133/><W7/><REACH who="3" step="1"/><G81/><REACH who="3" ten="229,343,271,147" step="2"/><N who="0" m="31307" /><D134/><U85/><E77/><V39/><F78/><W125/><G125/><T74/><D119/><U28/><E85/><V103/><F86/><W82/><G82/><AGARI ba="1,1" hai="74,76,82,99,101,107,109,110" m="31307,62807" machi="82" ten="30,2000,0" yaku="34,2" doraHai="19" who="0" fromWho="3" sc="229,33,343,0,271,0,147,-23" /><INIT seed="2,0,0,1,5,92" ten="262,343,271,124" oya="2" hai0="16,69,113,52,11,24,120,8,115,129,118,45,63" hai1="28,22,111,4,78,10,68,131,88,105,114,25,41" hai2="20,46,32,89,96,84,6,74,38,9,80,7,42" hai3="23,34,43,134,103,12,97,59,112,21,71,73,40"/><V81/><F32/><W107/><G71/><T75/><D120/><U1/><E114/><V108/><F108/><W47/><G34/><T117/><D75/><U18/><E111/><V110/><F110/><W15/><G112/><T82/><D129/><U76/><E131/><V17/><F9/><N who="0" m="3658" /><D82/><U66/><E105/><V37/><F37/><W55/><G73/><T122/><D122/><U93/><E41/><V51/><F38/><W101/><G134/><T44/><D69/><U29/><E66/><V91/><F74/><W3/><G3/><T65/><D65/><U95/><E95/><N who="2" m="56431" /><F81/><W60/><G103/><T50/><D45/><U130/><E68/><V31/><F31/><W90/><G90/><T26/><D63/><U135/><E135/><V123/><F123/><W100/><G100/><T36/><D36/><U67/><E67/><V116/><F116/><N who="0" m="44650" /><D26/><AGARI ba="0,0" hai="6,7,17,20,26,42,46,51,80,84,91" m="56431" machi="26" ten="30,2900,0" yaku="8,1,52,1" doraHai="92" who="2" fromWho="0" sc="262,-29,343,0,271,29,124,0" /><INIT seed="2,1,0,5,4,0" ten="233,343,300,124" oya="2" hai0="52,111,113,79,84,5,13,37,36,107,66,110,15" hai1="43,65,34,14,93,1,124,98,17,31,54,71,21" hai2="62,60,26,126,28,30,82,3,44,32,48,63,9" hai3="116,89,132,92,78,61,35,64,67,7,22,68,51"/><V12/><F126/><W4/><G116/><T99/><D113/><U77/><E124/><V134/><F134/><W130/><G35/><T108/><D66/><U53/><E1/><V88/><F28/><W102/><G132/><T104/><D13/><U133/><E133/><V24/><F24/><W76/><G130/><T121/><D121/><U122/><E122/><V114/><F3/><W39/><G39/><N who="0" m="14923" /><D99/><U73/><E43/><V74/><F114/><W118/><G118/><T42/><D42/><U127/><E127/><V20/><F32/><W45/><G102/><T8/><D52/><U58/><E71/><V91/><F74/><W10/><G10/><T105/><D84/><U55/><E73/><V129/><F82/><W119/><G119/><T106/><N who="0" m="26624" /><DORA hai="101" /><T59/><D59/><U2/><E2/><V23/><F23/><W33/><G33/><T50/><D50/><U87/><E34/><V38/><F38/><W83/><G22/><T115/><D115/><U46/><E65/><N who="3" m="25162" /><G61/><T25/><D79/><N who="3" m="30249" /><G68/><T135/><D135/><U69/><E69/><V117/><F117/><W80/><G83/><T85/><D85/><U47/><E87/><V94/><F9/><W29/><G29/><T112/><D112/><U16/><E31/><V81/><F81/><W103/><G103/><T120/><D120/><U97/><E77/><V6/><F30/><W40/><G80/><T95/><D25/><N who="1" m="14503" /><E58/><V125/><F125/><W100/><G100/><T11/><D8/><N who="1" m="6343" /><E98/><AGARI ba="1,0" hai="4,7,40,45,51,89,92,98" m="30249,25162" machi="98" ten="30,3900,0" yaku="8,1,52,2" doraHai="0,101" who="3" fromWho="1" sc="233,0,343,-42,300,0,124,42" /><INIT seed="3,0,0,1,3,104" ten="233,301,300,166" oya="3" hai0="100,66,38,9,133,117,135,88,64,109,82,101,125" hai1="13,61,97,0,67,120,47,21,48,15,16,46,40" hai2="25,12,11,30,65,22,73,75,68,32,121,57,94" hai3="14,113,71,28,50,77,39,44,78,105,107,23,80"/><W37/><G113/><T89/><D117/><U91/><E120/><V96/><F68/><W56/><G71/><T52/><D38/><U7/><E0/><V124/><F32/><W106/><G56/><T116/><D116/><U126/><E126/><V99/><F99/><W60/><G60/><T69/><D125/><U92/><E47/><V114/><F114/><W36/><G80/><T17/><D109/><U115/><E115/><V128/><F128/><W4/><G28/><T84/><D89/><U27/><E7/><V59/><F59/><AGARI ba="0,0" hai="13,15,16,21,27,40,46,48,59,61,67,91,92,97" machi="59" ten="30,3900,0" yaku="7,1,8,1,54,1" doraHai="104" who="1" fromWho="2" sc="233,0,301,39,300,-39,166,0" owari="233,-16.7,340,44.0,261,6.1,166,-33.4" /></mjloggm>