<mjloggm ver="2.3"><GO type="225" lobby="0"/><UN n0="%43%68%65" n1="%E9%9A%9B%E3%81%AE%E9%AF%96" n2="%E8%A8%88%E7%AE%97%E6%A9%9F%E8%87%AA%E7%84%B6" n3="%E6%80%AA%E3%81%97%E3%81%99%E3%81%8E%E3%82%8B%E3%83%81%E3%83%BC" dan="16,16,17,16" rate="2136.22,2190.58,2189.81,2137.50" sx="M,M,M,M"/><TAIKYOKU oya="0"/><INIT seed="0,0,0,5,4,117" ten="250,250,250,250" oya="0" hai0="2,11,47,77,40,10,18,16,97,89,118,113,71" hai1="33,78,75,112,44,104,62,79,8,95,26,4,98" hai2="133,85,7,99,0,23,121,30,131,74,129,51,24" hai3="101,53,66,17,63,37,115,116,3,20,88,14,103"/><T128/><D113/><U123/><E123/><V69/><F74/><W49/><G37/><T73/><D71/><U39/><E62/><V82/><F69/><W81/><G115/><T28/><D28/><U109/><E109/><V108/><F108/><W80/><G3/><T126/><D118/><U15/><E104/><V120/><F99/><W134/><G134/><T111/><D111/><U127/><E127/><V59/><F133/><W61/><G116/><T106/><D126/><U5/><E5/><V48/><F7/><W125/><G125/><T12/><D128/><N who="2" m="49226" /><F0/><W43/><G43/><T94/><D106/><U100/><E112/><V132/><F132/><W57/><G61/><T1/><D77/><U9/><E9/><V19/><F30/><W41/><G41/><T38/><REACH who="0" step="1"/><D73/><REACH who="0" ten="240,250,250,250" step="2"/><U70/><E75/><V119/><F119/><W87/><REACH who="3" step="1"/><G81/><REACH who="3" ten="240,250,250,240" step="2"/><T65/><D65/><U27/><E70/><AGARI ba="0,2" hai="14,17,20,49,53,57,63,66,70,80,87,88,101,103" machi="70" ten="30,7700,0" yaku="1,1,2,1,7,1,54,1,53,0" doraHai="117" doraHaiUra="114" who="3" fromWho="1" sc="240,0,250,-77,250,0,240,97" /><INIT seed="1,0,0,4,2,78" ten="240,173,250,337" oya="1" hai0="49,37,74,53,99,44,57,27,64,30,93,66,42" hai1="135,94,106,20,12,118,14,29,112,69,104,35,8" hai2="48,46,15,70,122,124,56,60,32,54,62,24,1" hai3="2,80,81,100,117,50,77,39,67,4,107,114,127"/><U103/><E112/><V79/><F1/><W90/><G39/><T9/><D74/><U132/><E69/><V96/><F122/><W40/><G114/><T58/><D58/><U7/><E94/><V55/><F124/><W116/><G127/><T63/><D9/><N who="1" m="4159" /><E103/><V16/><F79/><W88/><G67/><T83/><D83/><N who="3" m="31817" /><G4/><T3/><D3/><U111/><E106/><V19/><F96/><N who="3" m="61831" /><G2/><T76/><D76/><U105/><E105/><V41/><F15/><W131/><G131/><T92/><D92/><U0/><E104/><V101/><F101/><W10/><G10/><T13/><D13/><U31/><E0/><V91/><F70/><W82/><G50/><T6/><D6/><N who="1" m="3351" /><E35/><V68/><F68/><W89/><G40/><T72/><D72/><AGARI ba="0,0" hai="72,77,82,88,89,90,116,117" m="61831,31817" machi="72" ten="30,12000,2" yaku="34,2,52,4,54,1" doraHai="78" who="3" fromWho="0" sc="240,-120,173,0,250,0,337,120" /><INIT seed="2,0,0,0,1,41" ten="120,173,250,457" oya="2" hai0="104,3,87,15,36,44,49,122,71,27,37,81,47" hai1="53,12,26,109,78,13,83,6,14,19,48,10,119" hai2="20,73,106,93,22,94,68,74,117,72,105,51,131" hai3="101,43,135,55,52,120,84,38,66,110,133,77,86"/><V23/><F68/><W102/><G120/><T82/><D122/><U115/><E115/><V59/><F117/><W31/><G110/><T116/><D116/><U2/><E109/><V4/><F4/><W88/><G66/><T5/><D3/><U124/><E124/><V0/><F0/><W100/><G31/><T58/><D71/><U90/><E119/><V45/><F59/><W18/><G18/><T127/><D104/><U98/><E98/><V70/><F70/><W80/><G43/><T113/><D113/><U50/><E90/><V8/><F8/><W54/><REACH who="3" step="1"/><G38/><REACH who="3" ten="120,173,250,447" step="2"/><T129/><D127/><U21/><REACH who="1" step="1"/><E53/><REACH who="1" ten="120,163,250,447" step="2"/><N who="2" m="29935" /><F131/><W79/><G79/><T103/><D129/><U92/><E92/><AGARI ba="0,2" hai="52,54,55,77,80,84,86,88,92,100,101,102,133,135" machi="92" ten="40,5200,0" yaku="1,1,54,2,53,0" doraHai="41" doraHaiUra="29" who="3" fromWho="1" sc="120,0,163,-52,250,0,447,72" /><INIT seed="3,0,0,5,3,59" ten="120,111,250,519" oya="3" hai0="12,21,131,55,15,133,113,123,7,125,16,18,49" hai1="110,78,32,116,28,42,14,90,89,82,4,57,34" hai2="106,11,64,25,61,46,43,81,51,122,118,124,0" hai3="19,86,92,36,79,30,97,111,47,38,132,23,53"/><W115/><G53/><T44/><D123/><U48/><E110/><V126/><F106/><W70/><G19/><T84/><D125/><U114/><E114/><V107/><F107/><W3/><G86/><T75/><D75/><U87/><E116/><V128/><F25/><W22/><G23/><T95/><D113/><U108/><E108/><V69/><F81/><W88/><G88/><N who="1" m="33898" /><E28/><V6/><F118/><W127/><G47/><T50/><D131/><U33/><E33/><V56/><F122/><W104/><G22/><N who="0" m="11591" /><D133/><U67/><E57/><V112/><F112/><W8/><G92/><T119/><D119/><U129/><E129/><V83/><F128/><W120/><G8/><N who="0" m="4511" /><D50/><U99/><E67/><V134/><F64/><W80/><G97/><T73/><D73/><U121/><E121/><V98/><F98/><W20/><G70/><T37/><D37/><U85/><E85/><V39/><F39/><W58/><G38/><T77/><D95/><U45/><E99/><V68/><F69/><W63/><G36/><T109/><D109/><U1/><E1/><V60/><F0/><W26/><G3/><T40/><D84/><U105/><E105/><V71/><F68/><W27/><G104/><T101/><D101/><U74/><E74/><V94/><F94/><W5/><G111/><T35/><D35/><U103/><E103/><V62/><F71/><W24/><G120/><T91/><D91/><U130/><E130/><V10/><F124/><W65/><G127/><T13/><D77/><U41/><E41/><AGARI ba="0,0" hai="13,16,21,40,41,44,49,55" m="4511,11591" machi="41" ten="30,2000,0" yaku="8,1,54,1" doraHai="59" who="0" fromWho="1" sc="120,20,111,-20,250,0,519,0" owari="140,-26.0,91,-40.9,250,5.0,519,61.9" /></mjloggm>