<mjloggm ver="2.3"><GO type="225" lobby="0"/><UN n0="%33%74%72%65%65" n1="%74%61%6B%75%61%6B%61" n2="%E9%B3%B3%E6%9D%B1%E3%81%AE%E3%81%86%E3%81%95%E3%81%8E%E3%81%95%E3%82%93" n3="%E3%81%95%E3%81%8D%E3%81%9F%E3%81%BE%E6%9E%97%E6%AA%8E" dan="17,17,16,16" rate="2224.93,2208.87,2142.63,2129.97" sx="F,M,M,M"/><TAIKYOKU oya="0"/><INIT seed="0,0,0,4,2,131" ten="250,250,250,250" oya="0" hai0="133,79,14,82,46,84,122,61,78,132,69,15,124" hai1="90,65,33,4,75,29,91,3,49,45,35,39,56" hai2="134,25,11,89,123,47,16,58,92,22,81,23,62" hai3="20,100,125,40,42,115,129,63,135,28,64,21,18"/><T119/><D119/><U127/><E75/><V54/><F134/><N who="0" m="51818" /><D122/><U43/><E127/><V0/><F123/><W50/><G129/><T111/><D124/><U74/><E74/><V94/><F47/><W68/><G125/><T70/><D111/><U108/><E108/><V52/><F54/><W17/><G115/><T83/><D46/><U87/><E91/><V41/><F41/><W106/><G135/><T113/><D113/><U2/><E29/><N who="2" m="17591" /><F11/><W48/><G28/><T88/><D88/><U7/><E90/><V72/><F0/><W107/><G100/><T67/><D69/><U86/><E2/><V98/><F72/><AGARI ba="0,0" hai="14,15,61,67,70,72,78,79,82,83,84" m="51818" machi="72" ten="30,11600,0" yaku="20,1,52,3" doraHai="131" who="0" fromWho="2" sc="250,116,250,0,250,-116,250,0" /><INIT seed="0,1,0,0,3,132" ten="366,250,134,250" oya="0" hai0="125,99,117,106,37,129,73,103,30,128,72,34,81" hai1="78,17,107,95,25,89,135,101,114,134,75,0,62" hai2="63,121,52,97,18,54,109,4,90,10,31,68,98" hai3="5,48,94,84,112,6,79,105,69,50,36,86,38"/><T35/><D117/><U53/><E0/><V11/><F109/><W20/><G112/><T127/><D37/><U70/><E114/><V126/><F121/><W123/><G123/><T8/><D8/><U124/><E17/><V120/><F120/><W45/><G105/><T1/><D1/><U133/><E25/><V55/><F31/><W122/><G122/><T59/><D59/><N who="1" m="35183" /><E70/><V47/><F47/><W102/><G69/><T87/><D30/><U131/><E101/><V60/><F126/><N who="0" m="48138" /><D35/><U91/><E107/><V115/><F115/><W77/><G102/><T39/><D39/><U16/><E131/><N who="0" m="50249" /><D34/><U74/><E124/><V96/><F68/><W104/><G38/><T119/><D119/><U71/><E71/><V76/><F11/><W67/><G36/><T82/><D82/><U113/><E113/><V41/><F10/><W85/><G45/><T40/><D40/><U13/><E134/><V65/><F41/><W46/><G46/><T2/><D2/><U100/><E133/><V15/><F60/><W51/><G5/><T61/><D61/><U23/><E135/><V7/><F7/><W42/><G42/><T108/><D108/><U110/><E110/><V33/><F4/><W56/><G6/><T14/><D14/><U12/><E13/><V58/><F33/><W29/><G56/><T3/><D3/><U19/><E12/><V24/><F15/><W27/><G29/><T130/><N who="0" m="50257" /><T49/><DORA hai="28" /><D49/><U26/><E19/><V111/><F111/><W64/><G51/><T21/><D21/><U116/><E116/><V22/><F22/><RYUUKYOKU ba="1,0" sc="366,30,250,-10,134,-10,250,-10" hai0="72,73,81,87,99,103,106" /><INIT seed="0,2,0,4,5,121" ten="396,240,124,240" oya="0" hai0="94,24,0,53,14,16,92,93,111,108,82,69,40" hai1="21,91,77,30,20,43,83,5,81,50,133,55,129" hai2="45,95,117,98,2,112,39,28,56,88,62,100,19" hai3="33,46,17,36,72,51,78,109,57,97,9,22,38"/><T7/><D69/><U106/><E129/><V101/><F112/><W61/><G109/><N who="0" m="42059" /><D40/><U123/><E106/><V73/><F73/><W47/><G33/><T26/><D53/><U25/><E5/><V71/><F2/><W60/><G97/><T48/><D48/><U8/><E8/><V105/><F28/><W119/><G119/><T23/><D82/><U84/><E133/><V27/><F71/><W74/><G78/><T49/><D49/><U31/><E123/><V41/><F117/><W86/><G86/><T12/><D0/><U80/><E43/><V127/><F127/><W3/><G3/><T1/><D1/><U132/><E132/><V113/><F113/><W87/><G51/><T15/><D26/><N who="1" m="16719" /><E77/><V37/><F37/><W29/><G38/><T66/><D66/><U18/><E50/><V118/><F118/><W42/><G42/><T102/><D7/><U13/><E55/><V89/><F62/><W10/><G36/><T70/><D70/><U130/><E81/><V59/><F39/><W99/><G61/><T125/><D102/><U65/><E65/><V122/><F100/><W135/><G60/><T6/><D6/><U110/><E80/><V75/><F101/><W114/><G114/><T107/><D107/><U11/><E110/><V96/><F105/><W52/><G52/><T134/><D134/><U124/><E124/><AGARI ba="2,0" hai="12,14,15,16,23,24,92,93,94,124,125" m="42059" machi="124" ten="40,18000,2" yaku="14,1,10,1,52,3,54,1" doraHai="121" who="0" fromWho="1" sc="396,186,240,-186,124,0,240,0" /><INIT seed="0,3,0,3,0,117" ten="582,54,124,240" oya="0" hai0="27,134,14,125,4,26,121,101,58,89,96,54,37" hai1="97,79,131,28,36,13,72,130,88,41,123,47,94" hai2="42,49,82,48,29,124,106,25,128,114,75,50,38" hai3="11,92,35,31,66,105,81,60,129,99,18,21,73"/><T103/><D37/><U63/><E123/><V133/><F114/><W61/><G129/><T2/><D2/><U69/><E28/><V20/><F128/><W135/><G135/><T104/><D121/><U107/><E107/><V10/><F133/><W16/><G105/><T57/><D125/><U90/><E90/><V6/><F106/><W71/><G35/><T67/><D103/><U95/><E95/><V40/><F124/><W102/><G11/><T52/><D67/><U30/><E30/><V98/><F98/><W87/><G73/><T93/><D134/><U59/><E69/><V15/><REACH who="2" step="1"/><F38/><REACH who="2" ten="582,54,114,240" step="2"/><W120/><G99/><T126/><D126/><U91/><E130/><V132/><F132/><W100/><G120/><T45/><D104/><U1/><E131/><V17/><F17/><W122/><G16/><T34/><D96/><U9/><E97/><V111/><F111/><W80/><G18/><T39/><D39/><U77/><E36/><V78/><AGARI ba="3,1" hai="6,10,15,20,25,29,40,42,48,49,50,75,78,82" machi="78" ten="30,4000,0" yaku="1,1,0,1,53,1" doraHai="117" doraHaiUra="74" who="2" fromWho="2" sc="582,-23,54,-13,114,59,240,-13" /><INIT seed="1,0,0,1,0,2" ten="559,41,173,227" oya="1" hai0="11,47,53,28,119,55,19,35,80,116,85,86,134" hai1="111,97,41,110,109,71,91,94,51,130,44,17,20" hai2="12,38,81,82,125,113,78,5,76,21,64,34,95" hai3="74,129,115,13,121,73,100,128,83,107,29,8,50"/><U93/><E71/><V7/><F34/><W75/><G115/><T52/><D134/><U26/><REACH who="1" step="1"/><E94/><REACH who="1" ten="559,31,173,227" step="2"/><V118/><F95/><W3/><G107/><T22/><D119/><U135/><E135/><V62/><F118/><W25/><G121/><T104/><D116/><U69/><E69/><V84/><F113/><W45/><G129/><AGARI ba="0,1" hai="17,20,26,41,44,51,91,93,97,109,110,111,129,130" machi="129" ten="50,12000,1" yaku="1,1,14,1,10,1,53,1" doraHai="2" doraHaiUra="18" who="1" fromWho="3" sc="559,0,31,130,173,0,227,-120" /><INIT seed="1,1,0,5,4,66" ten="559,161,173,107" oya="1" hai0="14,61,56,39,12,116,99,94,36,24,79,34,41" hai1="120,81,71,13,78,20,102,57,11,59,25,28,91" hai2="124,77,98,9,27,96,42,114,67,123,82,85,16" hai3="37,55,100,104,95,60,38,133,2,113,112,43,65"/><U7/><E120/><V46/><F124/><W115/><G133/><T75/><D116/><U76/><E71/><V18/><F123/><W122/><G122/><T5/><D75/><U69/><E69/><V125/><F125/><W21/><G55/><T127/><D79/><N who="1" m="30251" /><E102/><V30/><F67/><W22/><G95/><T3/><D94/><U29/><E29/><V119/><F119/><W53/><G53/><T128/><D127/><U103/><E103/><V70/><F70/><N who="3" m="42279" /><G22/><T134/><D134/><U62/><E62/><V135/><F114/><W31/><G21/><T49/><D61/><U50/><E50/><N who="2" m="26967" /><F135/><W126/><G126/><T106/><D49/><U83/><E91/><V0/><F0/><W6/><G31/><T117/><D3/><U88/><E81/><V109/><F30/><W73/><G73/><T35/><D117/><U107/><E107/><V108/><F82/><W86/><G86/><AGARI ba="1,0" hai="7,11,13,20,25,28,57,59,83,86,88" m="30251" machi="86" ten="30,2900,0" yaku="8,1,54,1" doraHai="66" who="1" fromWho="3" sc="559,0,161,32,173,0,107,-32" /><INIT seed="1,2,0,5,5,17" ten="559,193,173,75" oya="1" hai0="124,98,18,73,78,115,54,64,76,118,25,2,62" hai1="102,132,14,101,67,125,63,116,4,119,103,104,55" hai2="23,81,13,39,46,34,58,52,91,108,9,66,90" hai3="70,47,41,22,42,95,135,92,128,83,96,20,93"/><U127/><E104/><V87/><F108/><W6/><G70/><T88/><D115/><U77/><E77/><V133/><F133/><W123/><G123/><T30/><D118/><U40/><E40/><N who="3" m="15466" /><G135/><T75/><D2/><U86/><E132/><V122/><F34/><W37/><G37/><T53/><D124/><N who="1" m="47691" /><E55/><V11/><F122/><W32/><G32/><T49/><D53/><U50/><E50/><N who="2" m="28759" /><F91/><W106/><G106/><T0/><D78/><U65/><E86/><V19/><F39/><W15/><G128/><T68/><D76/><U8/><E67/><V45/><F45/><W21/><G47/><T131/><D64/><U57/><AGARI ba="2,0" hai="4,8,14,57,63,65,101,102,103,116,119" m="47691" machi="57" ten="30,1500,0" yaku="18,1" doraHai="17" who="1" fromWho="1" sc="559,-7,193,21,173,-7,75,-7" /><INIT seed="1,3,0,3,4,49" ten="552,214,166,68" oya="1" hai0="31,1,115,80,58,116,120,73,35,2,63,110,9" hai1="42,43,108,3,19,119,41,105,68,79,126,4,102" hai2="47,46,131,132,117,18,26,30,65,14,5,61,124" hai3="57,12,24,32,129,134,78,10,45,91,59,52,128"/><U51/><E119/><V111/><F117/><W27/><G134/><T25/><D116/><U34/><E34/><V13/><F132/><W44/><G78/><T106/><D110/><U86/><E68/><V125/><F111/><W98/><G59/><T67/><D115/><U77/><E108/><V107/><F107/><W114/><G114/><T112/><D112/><U81/><E126/><N who="2" m="48747" /><F5/><W17/><G98/><T36/><D36/><U88/><E19/><V50/><F131/><N who="3" m="50251" /><G91/><T66/><D106/><U84/><E102/><V101/><F101/><W109/><G109/><T133/><D120/><U53/><E105/><V21/><F50/><N who="3" m="30871" /><G32/><T83/><D35/><U113/><E113/><V28/><F61/><W74/><G74/><T39/><D63/><U29/><E84/><V82/><F65/><W71/><G71/><T100/><D67/><U130/><E130/><V38/><F47/><AGARI ba="3,0" hai="10,12,17,24,27,44,45,47" m="30871,50251" machi="47" ten="30,3900,0" yaku="19,1,52,1,54,1" doraHai="49" who="3" fromWho="2" sc="552,0,214,0,166,-48,68,48" /><INIT seed="2,0,0,0,3,84" ten="552,214,118,116" oya="2" hai0="94,127,5,115,132,126,97,98,4,16,70,35,107" hai1="33,2,89,52,110,30,80,10,88,124,123,103,90" hai2="133,54,40,82,29,53,108,114,134,58,77,92,17" hai3="113,24,129,83,48,51,65,11,73,37,87,49,9"/><V116/><F114/><W43/><G129/><T68/><D115/><U26/><E110/><V14/><F116/><W56/><G73/><T104/><D94/><U75/><E124/><V36/><F29/><W20/><G113/><T91/><D35/><U96/><E123/><V131/><F131/><W21/><G37/><T61/><D61/><U47/><E2/><V42/><F108/><W28/><G43/><T38/><D38/><U120/><E10/><V15/><F92/><W44/><G44/><T1/><D1/><U118/><E120/><V55/><F58/><W109/><G21/><T86/><D86/><U121/><E121/><V25/><F25/><W99/><G99/><T102/><D102/><U22/><E33/><V12/><F17/><W8/><G109/><T101/><D101/><U60/><E118/><V125/><F125/><W67/><REACH who="3" step="1"/><G56/><REACH who="3" ten="552,214,118,106" step="2"/><T135/><D126/><U105/><E75/><N who="2" m="43327" /><F36/><W100/><G100/><T79/><D127/><U93/><E105/><V7/><F7/><W41/><G41/><T3/><D5/><U57/><E47/><V46/><F46/><W119/><G119/><T128/><D4/><U45/><E45/><V6/><F6/><W66/><G66/><T78/><D128/><U85/><AGARI ba="0,1" hai="22,26,30,52,57,60,80,85,88,89,90,93,96,103" machi="85" ten="30,12000,2" yaku="0,1,8,1,52,3,54,2" doraHai="84" who="1" fromWho="1" sc="552,-30,214,130,118,-60,106,-30" /><INIT seed="3,0,0,0,4,117" ten="522,344,58,76" oya="3" hai0="103,28,86,113,106,57,118,39,21,56,15,125,72" hai1="60,52,3,119,64,115,69,135,95,41,62,101,54" hai2="47,110,81,99,133,80,18,26,100,20,98,124,14" hai3="74,108,83,27,88,17,78,97,121,44,131,67,129"/><W6/><G121/><T107/><D72/><U23/><E3/><V114/><F133/><W105/><G6/><T43/><D56/><U35/><E35/><V76/><F124/><W46/><G67/><T11/><D57/><U104/><E115/><V130/><F130/><N who="3" m="49675" /><G108/><T75/><D11/><U30/><E41/><V13/><F110/><W84/><G27/><T37/><D15/><U51/><E51/><V58/><F114/><W94/><G17/><T53/><D113/><U96/><E135/><V120/><F120/><W89/><G89/><T19/><D19/><U4/><E119/><V1/><F1/><W34/><G34/><T132/><D118/><U82/><E4/><V49/><F26/><W0/><G0/><T45/><D132/><U77/><E64/><V33/><F33/><W123/><G123/><T65/><D65/><U7/><E7/><V85/><F13/><W73/><G73/><T61/><D75/><U109/><E109/><V127/><F127/><W5/><G5/><T48/><D125/><U9/><E69/><V59/><F80/><W2/><G2/><T24/><D103/><AGARI ba="0,0" hai="44,46,74,78,83,84,88,94,97,103,105" m="49675" machi="103" ten="30,5800,0" yaku="24,1,19,1,54,1" doraHai="117" who="3" fromWho="0" sc="522,-58,344,0,58,0,76,58" /><INIT seed="3,1,0,4,0,91" ten="464,344,58,134" oya="3" hai0="42,26,47,11,15,70,51,1,33,129,74,18,125" hai1="80,9,110,130,7,75,41,88,62,30,121,32,20" hai2="118,58,2,79,111,38,16,120,53,13,0,46,92" hai3="134,106,25,133,95,31,90,10,69,65,83,14,97"/><W55/><G106/><T59/><D70/><U124/><E121/><V56/><F118/><W8/><G69/><T5/><D74/><U131/><E110/><V132/><F132/><W52/><G65/><T54/><D125/><U77/><E124/><V113/><F111/><W28/><G28/><T81/><D129/><U35/><E20/><V40/><F113/><W63/><G83/><T104/><D104/><U115/><E115/><V87/><F120/><W57/><G55/><T93/><D93/><U73/><E73/><V27/><F27/><W48/><G48/><T23/><D81/><U49/><E62/><V71/><F71/><W107/><G107/><T100/><D100/><U99/><E49/><V78/><F78/><W24/><G24/><T64/><D64/><U82/><E41/><V21/><F58/><W6/><G8/><T66/><D66/><U105/><E105/><V119/><F119/><W89/><G89/><T103/><D103/><U50/><E50/><V98/><F79/><W29/><G29/><N who="0" m="19639" /><D42/><U37/><E37/><V45/><F45/><AGARI ba="1,0" hai="1,5,11,15,18,23,45,47,51,54,59" m="19639" machi="45" ten="30,1000,0" yaku="24,1" doraHai="91" who="0" fromWho="2" sc="464,13,344,0,58,-13,134,0" owari="477,57.7,344,14.4,45,-45.5,134,-26.6" /></mjloggm>