<mjloggm ver="2.3"><GO type="225" lobby="0"/><UN n0="%73%75%7A%75%6D%65%33" n1="%E6%98%93%E5%88%A9%E8%96%A9%E4%BC%AF" n2="%E5%84%AA%40%41%42%43" n3="%E3%81%AF%E3%82%88%E3%81%8A%E3%81%98%E3%81%95%E3%82%93" dan="16,16,17,16" rate="2176.07,2151.07,2224.13,2124.09" sx="M,F,M,M"/><TAIKYOKU oya="0"/><INIT seed="0,0,0,1,2,74" ten="250,250,250,250" oya="0" hai0="69,35,3,10,115,135,70,72,0,24,102,16,65" hai1="98,54,5,82,1,129,7,59,14,47,4,8,109" hai2="6,96,71,106,12,95,22,90,125,77,100,83,36" hai3="110,40,117,113,108,86,15,114,33,128,105,43,67"/><T58/><D115/><N who="3" m="44041" /><G33/><T132/><D102/><U41/><E109/><N who="3" m="42090" /><G105/><T66/><D72/><U46/><E129/><V78/><F125/><W93/><G67/><N who="0" m="25611" /><D58/><U52/><E98/><V17/><F71/><N who="0" m="27146" /><D35/><U64/><E64/><V38/><F6/><W34/><G34/><T28/><D28/><U61/><E1/><N who="0" m="585" /><D24/><U116/><E116/><V31/><F31/><W123/><G128/><T122/><D122/><U92/><E92/><V44/><F44/><W124/><G124/><T62/><D62/><U85/><E54/><V73/><F77/><W75/><G75/><T118/><D118/><U76/><E47/><V9/><REACH who="2" step="1"/><F22/><REACH who="2" ten="250,250,240,250" step="2"/><W84/><G117/><T18/><D10/><U89/><REACH who="1" step="1"/><E76/><REACH who="1" ten="250,240,240,250" step="2"/><V81/><F81/><W32/><G123/><T133/><AGARI ba="0,2" hai="16,18,132,133,135" m="585,27146,25611" machi="133" ten="40,12000,1" yaku="28,2,20,1,54,1" doraHai="74" who="0" fromWho="0" sc="250,140,240,-40,240,-40,250,-40" /><INIT seed="0,1,0,0,3,79" ten="390,200,200,210" oya="0" hai0="50,81,52,118,85,72,14,122,135,57,128,133,132" hai1="27,87,96,45,49,5,9,127,22,88,121,33,67" hai2="28,110,93,129,89,20,115,41,116,76,101,106,100" hai3="21,71,134,69,66,39,73,70,108,124,13,44,94"/><T11/><D72/><U112/><E112/><V83/><F41/><W0/><G0/><T15/><D122/><U74/><E74/><N who="2" m="43415" /><F28/><W7/><G73/><T117/><D128/><U80/><E127/><V119/><F20/><W114/><G114/><T42/><D42/><U58/><E33/><V63/><F115/><W36/><G124/><T64/><D64/><U2/><E96/><N who="2" m="61703" /><F63/><W113/><G113/><T95/><D95/><U61/><E121/><V23/><F23/><W62/><G108/><T98/><D98/><U92/><E92/><V75/><F75/><W12/><G134/><T43/><D43/><U38/><E38/><V53/><F53/><W46/><G94/><T102/><D102/><U26/><REACH who="1" step="1"/><E22/><REACH who="1" ten="390,190,200,210" step="2"/><V32/><F32/><W8/><G39/><T6/><D15/><U125/><E125/><V99/><F110/><W104/><G104/><T60/><D50/><U29/><E29/><V55/><F129/><W40/><G21/><T90/><AGARI ba="1,1" hai="6,11,14,52,57,60,81,85,90,117,118,132,133,135" machi="90" ten="30,11700,0" yaku="0,1,20,1,52,1,54,1" doraHai="79" who="0" fromWho="0" sc="390,130,190,-40,200,-40,210,-40" /><INIT seed="0,2,0,0,1,16" ten="520,150,160,170" oya="0" hai0="7,24,122,55,29,26,86,56,82,129,20,92,28" hai1="44,51,126,81,78,135,49,54,14,11,111,0,6" hai2="123,61,17,83,48,116,77,3,101,8,50,21,69" hai3="88,112,12,4,117,75,18,93,128,110,45,71,109"/><T114/><D114/><U64/><E111/><N who="3" m="42506" /><G112/><T76/><D122/><U131/><E126/><V91/><F123/><W60/><G117/><T124/><D124/><U38/><E131/><V66/><F116/><W23/><G75/><T87/><D129/><U40/><E135/><V133/><F133/><W89/><G128/><T80/><D92/><U5/><E64/><V103/><F91/><W79/><G79/><T106/><D106/><U39/><E6/><V90/><F90/><W41/><G4/><T35/><D7/><U134/><E0/><V102/><F8/><W132/><G132/><T34/><D34/><U125/><E125/><V37/><F37/><N who="3" m="21679" /><G93/><T96/><D96/><U62/><E62/><V73/><REACH who="2" step="1"/><F3/><REACH who="2" ten="520,150,150,170" step="2"/><W68/><G89/><T94/><D80/><U22/><E134/><V32/><F32/><W65/><G88/><T33/><D33/><U67/><E39/><V19/><F19/><W43/><G43/><T98/><D98/><U121/><E38/><V108/><F108/><W52/><G68/><T57/><D55/><AGARI ba="2,1" hai="12,18,23,52,55,60,65,71" m="21679,42506" machi="55" ten="30,3900,0" yaku="14,1,52,1,54,1" doraHai="16" who="3" fromWho="0" sc="520,-45,150,0,150,0,170,55" /><INIT seed="1,0,0,0,0,2" ten="475,150,150,225" oya="1" hai0="132,59,73,58,10,112,30,125,102,120,25,76,113" hai1="11,60,96,123,46,18,22,56,106,65,20,80,13" hai2="12,108,24,34,26,104,45,129,51,95,77,48,49" hai3="103,32,94,37,1,82,19,79,83,66,91,87,5"/><U54/><E123/><V0/><F104/><W100/><G32/><T117/><D120/><U121/><E121/><V67/><F0/><W64/><G37/><T90/><D117/><U107/><E80/><V101/><F108/><W88/><G19/><T52/><D132/><U40/><E65/><V39/><F129/><W75/><G5/><T133/><D133/><U36/><E96/><N who="2" m="59551" /><F34/><W43/><G43/><T14/><D125/><U89/><E89/><V124/><F39/><W92/><G1/><T72/><D102/><N who="3" m="38953" /><G64/><T38/><D38/><U15/><REACH who="1" step="1"/><E22/><REACH who="1" ten="475,140,150,225" step="2"/><V4/><F67/><W68/><G66/><T110/><D90/><N who="3" m="34345" /><G68/><T119/><D119/><U70/><E70/><V27/><F124/><W109/><G109/><T23/><D110/><U97/><E97/><V78/><F45/><W93/><G83/><T31/><D23/><U128/><E128/><V134/><F134/><W63/><G63/><T127/><D127/><U50/><E50/><V118/><F118/><W105/><G105/><T7/><D59/><U116/><E116/><V61/><F61/><W131/><G131/><T99/><D58/><U114/><E114/><V44/><F44/><W42/><G42/><T130/><D130/><U3/><E3/><V122/><F122/><W53/><G53/><T41/><D52/><U69/><E69/><V115/><F115/><W84/><AGARI ba="0,1" hai="75,79,82,84,87,92,93,94" m="34345,38953" machi="84" ten="40,12000,2" yaku="35,5,54,1" doraHai="2" who="3" fromWho="3" sc="475,-30,140,-60,150,-30,225,130" /><INIT seed="2,0,0,5,1,106" ten="445,80,120,355" oya="2" hai0="13,41,45,104,54,27,37,98,135,84,17,124,64" hai1="87,52,22,16,12,130,95,97,120,33,70,67,26" hai2="2,10,99,92,80,115,51,62,5,53,11,116,123" hai3="31,18,90,114,23,36,7,9,48,69,30,89,91"/><V20/><F115/><W122/><G36/><T68/><D135/><U121/><E130/><V132/><F123/><N who="1" m="47177" /><E70/><V107/><F116/><W72/><G69/><T43/><D124/><U117/><E67/><V56/><F132/><W102/><G122/><T125/><D125/><U66/><E66/><V113/><F113/><W58/><G114/><T81/><D27/><U112/><E117/><V50/><F107/><W63/><G72/><T71/><D41/><U103/><E112/><V88/><F20/><W129/><G102/><T38/><D38/><U3/><E3/><V85/><REACH who="2" step="1"/><F10/><REACH who="2" ten="445,80,110,355" step="2"/><W0/><G129/><T93/><D104/><U108/><E108/><V76/><AGARI ba="0,1" hai="2,5,11,50,51,53,56,62,76,80,85,88,92,99" machi="76" ten="20,12000,1" yaku="1,1,2,1,0,1,7,1,54,1,53,0" doraHai="106" doraHaiUra="110" who="2" fromWho="2" sc="445,-40,80,-40,110,130,355,-40" /><INIT seed="2,1,0,0,2,107" ten="405,40,240,315" oya="2" hai0="32,119,12,73,103,125,27,105,83,52,117,6,81" hai1="2,30,92,108,44,101,46,9,116,91,75,11,135" hai2="4,74,13,118,130,104,82,29,24,19,115,63,49" hai3="133,85,58,95,17,112,114,3,51,20,0,126,86"/><V60/><F115/><N who="3" m="44075" /><G126/><T16/><D125/><U1/><E116/><N who="0" m="44617" /><D6/><U78/><E108/><V5/><F118/><W88/><G133/><T110/><D110/><U67/><E135/><V98/><F104/><W45/><G85/><T122/><D122/><U102/><E67/><V93/><F130/><W47/><G58/><T72/><D52/><U35/><E35/><V87/><F74/><N who="0" m="28778" /><D103/><U120/><E120/><V38/><F38/><W106/><G106/><T7/><D7/><N who="2" m="2634" /><F24/><N who="3" m="14351" /><G47/><T68/><D68/><U61/><E46/><V127/><F29/><W128/><G128/><T53/><D53/><AGARI ba="1,0" hai="0,3,45,51,53,86,88,95" m="14351,44075" machi="53" ten="30,2000,0" yaku="11,1,54,1" doraHai="107" who="3" fromWho="0" sc="405,-23,40,0,240,0,315,23" /><INIT seed="3,0,0,4,1,7" ten="382,40,240,338" oya="3" hai0="37,36,58,65,26,75,19,52,11,15,22,63,32" hai1="125,123,27,68,28,94,135,54,6,88,95,133,73" hai2="108,13,46,47,107,17,121,51,130,114,127,120,118" hai3="53,111,96,3,55,2,116,4,90,72,40,102,70"/><W41/><G116/><T57/><D32/><U84/><E73/><V77/><F107/><W117/><G117/><T115/><D75/><U23/><E68/><V110/><F77/><W34/><G72/><T126/><D126/><U131/><E125/><V5/><F127/><W60/><G34/><T76/><D115/><U87/><E131/><V92/><F118/><W31/><G31/><T1/><D1/><U12/><E123/><N who="2" m="47179" /><F92/><W132/><G132/><T35/><D35/><U38/><E38/><V103/><F103/><W128/><G128/><T44/><D76/><U10/><E135/><V56/><F130/><W113/><G113/><T91/><D91/><U85/><E133/><V16/><F56/><W50/><G90/><T98/><D98/><U78/><E78/><V69/><F69/><W101/><G111/><N who="2" m="42537" /><F114/><W106/><G102/><T80/><D80/><U18/><E95/><V104/><F104/><W25/><G70/><T83/><D83/><U20/><REACH who="1" step="1"/><E54/><REACH who="1" ten="382,30,240,338" step="2"/><N who="2" m="30071" /><F47/><W24/><G55/><T81/><D44/><U42/><E42/><V134/><F134/><W43/><G40/><T124/><D124/><U8/><E8/><AGARI ba="0,1" hai="5,8,13,16,17" m="30071,42537,47179" machi="8" ten="30,7700,0" yaku="13,1,14,1,52,1,54,1" doraHai="7" who="2" fromWho="1" sc="382,0,30,-77,240,87,338,0" owari="382,48.2,-47,-54.7,327,-7.3,338,13.8" /></mjloggm>