<mjloggm ver="2.3"><GO type="225" lobby="0"/><UN n0="%E7%89%B9%E6%9D%B1%E3%81%AF%E4%B8%96%E7%95%8C%E3%82%92%E6%95%91%E3%81%86" n1="%E7%99%BD%E6%97%A5%E9%9B%AA%E8%8F%9C" n2="%E3%81%8B%E3%82%8F%E3%81%A1%E3%82%83%E3%82%93%35%38" n3="%73%6C%69%63%6B%33%31%39" dan="16,16,17,16" rate="2097.03,2141.41,2130.54,2083.11" sx="M,M,M,M"/><TAIKYOKU oya="0"/><INIT seed="0,0,0,1,3,131" ten="250,250,250,250" oya="0" hai0="68,65,2,28,97,109,25,127,43,42,46,21,118" hai1="4,75,39,105,45,32,1,59,87,60,81,104,9" hai2="103,22,86,11,23,80,125,50,30,122,92,85,12" hai3="18,133,16,27,123,37,3,64,35,26,29,101,67"/><T108/><D118/><U94/><E32/><V55/><F122/><W74/><G37/><T114/><D114/><U14/><E94/><V98/><F125/><W41/><G41/><T90/><D2/><U47/><E14/><V83/><F86/><W8/><G74/><T89/><D127/><U102/><E102/><V112/><F112/><W116/><G116/><T19/><D65/><U115/><E115/><V5/><F30/><N who="3" m="19927" /><G101/><T110/><D68/><U58/><E58/><V57/><REACH who="2" step="1"/><F80/><REACH who="2" ten="250,250,240,250" step="2"/><W91/><G123/><T121/><D121/><U78/><E87/><V106/><F106/><W88/><G29/><T69/><D97/><U111/><E111/><V71/><F71/><W84/><G84/><T17/><D69/><U24/><E105/><V76/><AGARI ba="0,1" hai="5,11,12,22,23,50,55,57,76,83,85,92,98,103" machi="76" ten="20,5200,0" yaku="1,1,0,1,7,1,8,1,53,0" doraHai="131" doraHaiUra="33" who="2" fromWho="2" sc="250,-26,250,-13,240,62,250,-13" /><INIT seed="1,0,0,4,5,33" ten="224,237,302,237" oya="1" hai0="102,35,10,55,91,78,45,44,119,104,9,73,3" hai1="39,110,111,40,135,87,11,68,88,31,130,49,124" hai2="85,128,83,64,93,118,65,77,23,58,38,62,7" hai3="59,18,61,84,51,129,94,79,34,60,95,8,36"/><U26/><E68/><V5/><F118/><W41/><G34/><T67/><D119/><U120/><E120/><V21/><F38/><W123/><G123/><T17/><D35/><U89/><E124/><V48/><F128/><W43/><G36/><T22/><D67/><U0/><E130/><V116/><F116/><W50/><G129/><T4/><D9/><U81/><E135/><V74/><F65/><W12/><G79/><T24/><D91/><U80/><E39/><V15/><F74/><W106/><G106/><T121/><D121/><U72/><E89/><V69/><F69/><W42/><G84/><T66/><D66/><U20/><E80/><V117/><F117/><W92/><REACH who="3" step="1"/><G59/><REACH who="3" ten="224,237,302,227" step="2"/><T25/><D78/><U54/><E72/><V28/><F85/><W1/><G1/><T96/><D73/><U14/><E0/><V108/><F77/><W70/><G70/><T112/><D112/><U47/><REACH who="1" step="1"/><E40/><REACH who="1" ten="224,227,302,227" step="2"/><V105/><F83/><W134/><G134/><T100/><D3/><U109/><E109/><V133/><F108/><W53/><G53/><T30/><D55/><U107/><E107/><V98/><F105/><W56/><G56/><T57/><D57/><U113/><E113/><V125/><F133/><W127/><G127/><T115/><D115/><U52/><E52/><V71/><F125/><W63/><AGARI ba="0,2" hai="8,12,18,41,42,43,50,51,60,61,63,92,94,95" machi="63" ten="40,16000,3" yaku="1,1,0,1,29,2,8,1,53,3" doraHai="33" doraHaiUra="37" who="3" fromWho="3" sc="224,-40,227,-80,302,-40,227,180" /><INIT seed="2,0,0,3,4,131" ten="184,147,262,407" oya="2" hai0="37,110,78,80,122,52,70,79,31,133,75,39,100" hai1="3,38,42,82,11,62,29,32,113,103,20,135,88" hai2="16,54,51,0,22,134,132,104,91,99,55,19,5" hai3="125,23,107,4,74,53,50,97,48,90,120,35,83"/><V68/><F68/><W112/><G35/><T117/><D122/><U64/><E113/><V14/><F0/><W8/><G120/><T26/><D70/><U13/><E32/><V109/><F109/><W44/><G112/><T129/><D129/><U12/><E3/><V85/><F5/><W126/><G23/><T43/><D110/><U21/><E103/><V65/><F65/><W121/><G121/><T71/><D71/><U108/><E108/><V58/><F19/><W61/><G61/><T128/><D128/><U102/><E102/><N who="2" m="62559" /><F55/><W36/><G107/><T105/><D117/><U124/><E124/><N who="3" m="47722" /><G36/><T17/><D37/><U86/><E135/><N who="2" m="51755" /><F85/><W18/><G18/><T84/><D17/><U98/><E42/><V116/><F91/><W76/><G90/><T95/><D133/><U67/><E38/><V6/><F6/><W47/><G97/><T63/><D39/><U41/><E98/><V25/><F116/><W115/><G115/><T30/><D43/><U101/><E41/><V57/><F57/><N who="3" m="32935" /><G50/><T111/><D111/><U94/><E67/><V114/><F114/><W27/><G27/><AGARI ba="0,0" hai="14,16,22,25,27,51,54,58" m="51755,62559" machi="27" ten="30,12000,1" yaku="20,1,52,3,54,1" doraHai="131" who="2" fromWho="3" sc="184,0,147,0,262,120,407,-120" /><INIT seed="2,1,0,2,3,133" ten="184,147,382,287" oya="2" hai0="79,94,131,23,66,93,15,31,109,126,112,124,77" hai1="37,7,87,25,14,46,9,8,40,35,57,74,65" hai2="97,64,10,16,51,91,0,36,44,116,12,69,86" hai3="123,130,113,98,107,4,11,30,99,29,47,111,54"/><V48/><F116/><W67/><G123/><T95/><D112/><U32/><E74/><V1/><F36/><W129/><G113/><T24/><D109/><U34/><E87/><V60/><F97/><N who="3" m="36875" /><G107/><T92/><D131/><N who="3" m="50185" /><G67/><T84/><D66/><U27/><REACH who="1" step="1"/><E9/><REACH who="1" ten="184,137,382,287" step="2"/><V100/><F10/><W76/><G76/><T49/><D79/><U102/><E102/><V118/><F100/><W104/><G111/><T70/><D77/><U90/><E90/><V119/><F119/><W121/><G121/><T38/><D84/><U106/><E106/><V117/><F117/><W53/><G104/><T43/><D94/><U21/><E21/><V22/><F118/><W41/><G29/><T45/><D31/><U110/><E110/><V33/><F91/><W56/><G30/><T2/><D95/><U82/><E82/><V28/><F86/><W128/><G128/><T115/><D92/><U135/><E135/><V42/><F28/><W62/><G11/><T105/><D93/><U26/><E26/><V5/><F33/><W50/><G4/><T88/><D105/><U120/><E120/><V108/><F5/><W19/><G19/><T132/><D132/><U85/><E85/><V61/><F108/><W3/><G3/><T134/><D2/><U39/><E39/><N who="2" m="21599" /><F0/><W17/><G17/><T55/><D134/><U103/><E103/><V122/><F1/><W52/><AGARI ba="1,1" hai="41,47,50,52,53,54,56,62" m="50185,36875" machi="52" ten="30,2000,0" yaku="19,1,54,1" doraHai="133" who="3" fromWho="3" sc="184,-6,137,-6,382,-11,287,33" /><INIT seed="3,0,0,2,5,112" ten="178,131,371,320" oya="3" hai0="30,121,41,43,82,99,16,120,89,50,10,67,88" hai1="72,87,19,73,57,36,124,105,52,95,131,118,3" hai2="53,64,56,28,65,42,4,38,54,63,135,58,84" hai3="17,100,37,132,13,127,114,22,27,92,115,106,40"/><W69/><G69/><T2/><D30/><U130/><E105/><V0/><F28/><W15/><G106/><T9/><D67/><U60/><E36/><V85/><F135/><W1/><G1/><T133/><D133/><U48/><E3/><V74/><F74/><W117/><G117/><T107/><D2/><U55/><E124/><V103/><F103/><W14/><G132/><T70/><D70/><U6/><E6/><V44/><F4/><W5/><G5/><T94/><D107/><U83/><E95/><V71/><F0/><W18/><G18/><T66/><D66/><U113/><E113/><V25/><F25/><W24/><G24/><T11/><D121/><U45/><E118/><V39/><F39/><W76/><G76/><T123/><D123/><U98/><E98/><V78/><F78/><W68/><G68/><T102/><D120/><U59/><E45/><V33/><F33/><W104/><G104/><T79/><D50/><U91/><REACH who="1" step="1"/><E19/><REACH who="1" ten="178,121,371,320" step="2"/><V77/><F38/><W134/><G127/><T12/><D16/><U111/><E111/><V23/><F71/><W29/><G134/><T75/><D94/><U51/><E51/><V80/><F44/><N who="3" m="23567" /><G17/><T125/><D125/><U97/><E97/><V86/><F42/><W129/><G129/><AGARI ba="0,1" hai="48,52,55,57,59,60,72,73,83,87,91,129,130,131" machi="129" ten="40,5200,0" yaku="1,1,19,1,54,1,53,0" doraHai="112" doraHaiUra="128" who="1" fromWho="3" sc="178,0,121,62,371,0,320,-52" owari="178,-32.2,183,-21.7,371,47.1,268,6.8" /></mjloggm>