<mjloggm ver="2.3"><GO type="225" lobby="0"/><UN n0="%EF%BC%AE%EF%BC%A1%EF%BC%AF%33%33%39" n1="%E3%80%93%E3%81%97%E3%83%BC%E3%82%89%E3%80%93" n2="%E5%A4%9C%E5%85%89%E5%A4%A9%E6%A5%BC" n3="%6D%75%75%73%61%6E%6D%75" dan="17,16,16,16" rate="2182.29,2116.20,2095.46,2070.89" sx="M,M,F,F"/><TAIKYOKU oya="0"/><INIT seed="0,0,0,0,3,26" ten="250,250,250,250" oya="0" hai0="93,47,46,101,21,85,22,107,129,35,5,116,100" hai1="40,62,88,122,128,117,59,81,9,0,112,41,23" hai2="36,97,131,50,68,124,57,29,1,121,73,71,118" hai3="30,63,8,113,72,10,11,16,115,34,45,56,90"/><T134/><D35/><U66/><E117/><V89/><F121/><W79/><G72/><T19/><D107/><U17/><E122/><V42/><F73/><W14/><G79/><T51/><D116/><U120/><E120/><V12/><F1/><W13/><G90/><N who="0" m="53455" /><D5/><U83/><E128/><V125/><F118/><W108/><G45/><N who="0" m="16907" /><D129/><U25/><E112/><V98/><F68/><W60/><G108/><T99/><D134/><U53/><E0/><V7/><F71/><W133/><G10/><T28/><D99/><U87/><E9/><N who="2" m="4159" /><F98/><W48/><G48/><T86/><D86/><N who="1" m="50255" /><E66/><V91/><F97/><W3/><G3/><T127/><D127/><N who="2" m="48714" /><F36/><W37/><G37/><T2/><D2/><U24/><E24/><V96/><F96/><W80/><G133/><T64/><D64/><U58/><E58/><V52/><F42/><W18/><G80/><T102/><D102/><U105/><E105/><V119/><F131/><W92/><G92/><T15/><D100/><U75/><E75/><V106/><F106/><W54/><G63/><T38/><D38/><U135/><E135/><V76/><F119/><W32/><G32/><T77/><D101/><U104/><E104/><V109/><F76/><AGARI ba="0,0" hai="17,23,25,40,41,53,59,62,76,83,87" m="50255" machi="76" ten="30,2000,0" yaku="8,1,54,1" doraHai="26" who="1" fromWho="2" sc="250,0,250,20,250,-20,250,0" /><INIT seed="1,0,0,5,1,69" ten="250,270,230,250" oya="1" hai0="106,115,4,99,25,111,23,63,128,6,64,8,55" hai1="17,29,51,108,40,48,7,120,86,107,117,56,50" hai2="97,39,85,78,113,14,71,15,81,35,60,94,34" hai3="66,118,116,31,21,20,96,102,134,53,49,74,19"/><U122/><E107/><V22/><F113/><W1/><G74/><T129/><D115/><U127/><E29/><V101/><F22/><W44/><G1/><T73/><D73/><U2/><E17/><V70/><F39/><W27/><G66/><T62/><D111/><U65/><E86/><V133/><F133/><W82/><G82/><T126/><D126/><U87/><E87/><V36/><F36/><W41/><G53/><T58/><D99/><U91/><E91/><V121/><F121/><N who="1" m="46697" /><E7/><V54/><F54/><W57/><G57/><T26/><D106/><U98/><E98/><V112/><F112/><W38/><G49/><N who="1" m="19050" /><E2/><V28/><F71/><W95/><REACH who="3" step="1"/><G134/><REACH who="3" ten="250,270,230,240" step="2"/><T43/><D64/><U119/><E127/><V11/><F81/><W88/><G88/><T130/><D55/><N who="1" m="31871" /><E65/><V33/><F78/><W80/><G80/><T110/><D129/><U125/><E125/><V84/><F101/><W30/><G30/><T16/><D128/><U132/><E132/><V90/><F28/><W13/><AGARI ba="0,1" hai="13,19,20,21,27,31,38,41,44,95,96,102,116,118" machi="13" ten="30,7900,0" yaku="1,1,0,1,52,1,53,1" doraHai="69" doraHaiUra="92" who="3" fromWho="3" sc="250,-20,270,-39,230,-20,240,89" /><INIT seed="2,0,0,4,2,10" ten="230,231,210,329" oya="2" hai0="98,12,54,126,16,21,14,111,53,4,23,9,125" hai1="59,134,15,130,86,26,40,113,135,13,109,22,104" hai2="108,2,55,78,50,11,38,92,28,133,132,70,121" hai3="8,52,123,35,1,119,7,127,112,63,77,128,30"/><V61/><F121/><W105/><G123/><T131/><D111/><U25/><E104/><V51/><F38/><W44/><G119/><T101/><D21/><U67/><E109/><V31/><F108/><W73/><G105/><T72/><D72/><U102/><E102/><V129/><F129/><W34/><G128/><T39/><D39/><U107/><E107/><V115/><F115/><W75/><G112/><T27/><D27/><U24/><E113/><V17/><F78/><W62/><G127/><N who="0" m="48651" /><D131/><U74/><E74/><V83/><F83/><W100/><G100/><T33/><D33/><U49/><E130/><V94/><F2/><W79/><G75/><T68/><D68/><U58/><E22/><V41/><F41/><W76/><G73/><T36/><D36/><U91/><E40/><V6/><F70/><W43/><G30/><N who="2" m="11305" /><F61/><W114/><G114/><T71/><D71/><U18/><E18/><V32/><F17/><W29/><G29/><T42/><D42/><U88/><E67/><V99/><F32/><W45/><G63/><T81/><D81/><N who="1" m="49231" /><E91/><N who="2" m="55711" /><F55/><W117/><G35/><T85/><D85/><U20/><E20/><V93/><F93/><AGARI ba="0,0" hai="4,9,12,14,16,23,53,54,93,98,101" m="48651" machi="93" ten="30,7700,0" yaku="18,1,52,2,54,1" doraHai="10" who="0" fromWho="2" sc="230,77,231,0,210,-77,329,0" /><INIT seed="3,0,0,0,1,60" ten="307,231,133,329" oya="3" hai0="8,31,64,28,78,49,133,127,130,121,132,36,7" hai1="90,41,100,24,30,57,9,13,79,84,39,87,16" hai2="56,128,115,131,98,22,29,46,99,77,52,50,51" hai3="96,97,58,5,102,17,71,15,103,6,47,109,59"/><W70/><G47/><T10/><D36/><U108/><E108/><V81/><F115/><W23/><G109/><T42/><D121/><U135/><E135/><N who="0" m="51785" /><D78/><U95/><E39/><V85/><F128/><W65/><G71/><T48/><D130/><U72/><E72/><V67/><F131/><W3/><G70/><T114/><D114/><U73/><E73/><V125/><F125/><W88/><G3/><T83/><D83/><U119/><E119/><V37/><F37/><W33/><G33/><T53/><D127/><U27/><E41/><V2/><F2/><W11/><G58/><T12/><D42/><U124/><E124/><V92/><F92/><N who="3" m="56327" /><G97/><T66/><D10/><U122/><E122/><V75/><F75/><W91/><G91/><T62/><D62/><U126/><E126/><V44/><F67/><N who="0" m="25642" /><D49/><U110/><E110/><V104/><F104/><W113/><G113/><T118/><D118/><U34/><E100/><N who="3" m="38442" /><G11/><T4/><D7/><U120/><E120/><V107/><F107/><W112/><G112/><T45/><AGARI ba="0,0" hai="4,8,12,28,31,45,48,53" m="25642,51785" machi="45" ten="30,7900,0" yaku="20,1,52,3" doraHai="60" who="0" fromWho="0" sc="307,79,231,-20,133,-20,329,-39" owari="386,48.6,211,-18.9,113,-38.7,290,9.0" /></mjloggm>