<mjloggm ver="2.3"><GO type="225" lobby="0"/><UN n0="%E7%BD%AA%E5%88%91%E6%B3%95%E5%AE%9A%E4%B8%BB%E7%BE%A9" n1="%6D%75%75%6D%75%72%61" n2="%E3%81%86%E3%83%BC%E3%81%B1%E3%83%BC" n3="%E6%B0%B7%E5%B7%9D%E9%87%8C%E5%A5%88" dan="16,17,17,16" rate="2199.12,2156.32,2162.65,2126.60" sx="M,F,F,F"/><TAIKYOKU oya="0"/><INIT seed="0,0,0,1,1,115" ten="250,250,250,250" oya="0" hai0="51,36,95,122,8,23,17,94,126,134,28,13,74" hai1="77,10,110,0,71,41,59,55,68,33,35,62,1" hai2="22,117,31,52,114,112,11,53,46,9,5,34,97" hai3="15,76,106,100,3,101,129,44,50,48,19,25,61"/><T65/><D36/><U84/><E110/><V12/><F34/><W125/><G3/><T91/><D122/><U124/><E124/><V58/><F117/><W39/><G125/><T119/><D126/><U16/><E41/><V14/><F97/><W6/><G129/><T49/><D74/><U81/><E1/><V128/><F128/><W103/><G106/><T20/><D134/><U38/><E38/><V90/><F90/><W98/><G76/><T32/><D65/><U108/><E108/><V57/><F31/><W56/><G98/><T83/><D32/><U63/><E0/><V37/><F22/><N who="0" m="8234" /><D28/><U89/><E77/><V80/><F80/><W109/><G109/><T64/><D64/><U2/><E2/><V88/><F88/><W26/><G6/><T69/><D69/><U130/><E130/><V127/><F127/><W30/><G39/><T78/><D78/><U87/><E71/><V60/><F37/><W66/><G30/><T42/><D119/><U111/><E111/><V86/><F86/><W29/><G29/><T18/><D18/><U104/><E104/><V116/><F116/><W24/><REACH who="3" step="1"/><G44/><REACH who="3" ten="250,250,250,240" step="2"/><N who="0" m="25751" /><D51/><N who="1" m="31231" /><E33/><V45/><F5/><W70/><G70/><T132/><D132/><U102/><E35/><V120/><F120/><W82/><G82/><T54/><D83/><N who="1" m="49311" /><E68/><V107/><F107/><W135/><G135/><T27/><D95/><U21/><E81/><V73/><F73/><W72/><G72/><T40/><D27/><U79/><E79/><V96/><F96/><W47/><G47/><T131/><D131/><U133/><E133/><V7/><F7/><RYUUKYOKU ba="0,1" sc="250,-15,250,-15,250,15,240,15" hai2="9,11,12,14,45,46,52,53,57,58,60,112,114" hai3="15,19,24,25,26,48,50,56,61,66,100,101,103" /><INIT seed="1,1,1,4,5,134" ten="235,235,265,255" oya="1" hai0="127,12,76,82,73,115,131,22,58,102,79,84,87" hai1="99,27,130,5,55,96,21,77,6,91,41,83,109" hai2="126,65,57,116,86,67,53,129,95,123,112,106,100" hai3="89,34,105,0,37,107,48,120,121,30,39,94,31"/><U36/><E130/><V42/><F116/><W75/><G75/><T45/><D115/><U3/><E109/><V2/><F123/><W113/><G0/><T8/><D131/><U38/><E55/><V23/><F2/><W117/><G48/><T111/><D111/><U104/><E91/><V60/><F106/><W88/><G94/><T62/><D102/><U19/><E3/><V128/><F112/><W4/><G4/><T47/><D22/><U119/><E119/><V125/><F23/><W15/><G117/><T108/><D108/><U122/><E122/><V103/><F42/><W114/><REACH who="3" step="1"/><G15/><REACH who="3" ten="235,235,265,245" step="2"/><T71/><D12/><U74/><E104/><V46/><F129/><W92/><G92/><T16/><D73/><U44/><E6/><V70/><F128/><W97/><G97/><T93/><D93/><U20/><E5/><V28/><F103/><W29/><G29/><T50/><D50/><U72/><E74/><V11/><F28/><W54/><G54/><T26/><D82/><U80/><E83/><V63/><F100/><W110/><G110/><T9/><D87/><U66/><E38/><V61/><F86/><W33/><AGARI ba="1,2" hai="30,31,33,34,37,39,88,89,105,107,113,114,120,121" machi="33" ten="25,8000,1" yaku="1,1,0,1,22,2,54,1,53,0" doraHai="134" doraHaiUra="81" who="3" fromWho="3" sc="235,-21,235,-41,265,-21,245,103" /><INIT seed="2,0,0,2,0,67" ten="214,194,244,348" oya="2" hai0="86,38,2,44,39,0,58,70,131,106,29,103,63" hai1="133,45,61,109,34,75,113,15,7,18,8,101,53" hai2="93,91,48,129,90,28,125,13,46,98,5,112,1" hai3="126,40,79,121,102,19,59,124,111,95,74,47,6"/><V25/><F112/><W104/><G121/><T96/><D131/><U76/><E113/><V128/><F125/><W110/><G104/><T56/><D29/><U72/><E34/><V116/><F1/><W92/><G6/><T108/><D108/><N who="3" m="41513" /><G59/><T84/><D44/><U17/><E109/><V43/><F116/><W3/><G3/><T77/><D77/><U117/><E117/><V94/><F13/><W78/><G19/><T30/><D30/><U36/><E133/><V132/><F5/><W89/><G102/><T20/><D20/><U88/><E101/><V33/><F132/><W134/><G134/><T16/><D16/><U99/><E61/><V32/><F32/><W73/><G92/><T26/><D106/><U11/><E53/><V31/><REACH who="2" step="1"/><F28/><REACH who="2" ten="214,194,234,348" step="2"/><W83/><G126/><T14/><D2/><U119/><E119/><V130/><F130/><W80/><G124/><T71/><D0/><U87/><E18/><V51/><F51/><W35/><G35/><T57/><D14/><U9/><E17/><V66/><F66/><W55/><G74/><T115/><D115/><U65/><E75/><V97/><AGARI ba="0,1" hai="25,31,33,43,46,48,90,91,93,94,97,98,128,129" machi="97" ten="30,6000,0" yaku="1,1,0,1,9,1,53,0" doraHai="67" doraHaiUra="122" who="2" fromWho="2" sc="214,-20,194,-20,234,70,348,-20" /><INIT seed="2,1,0,1,0,90" ten="194,174,304,328" oya="2" hai0="12,9,23,96,43,126,85,73,14,82,68,1,118" hai1="19,119,6,128,101,63,36,41,30,48,97,29,74" hai2="66,28,50,44,24,80,84,38,27,104,55,94,58" hai3="87,34,57,62,32,53,59,135,75,2,93,60,81"/><V106/><F24/><W64/><G2/><T76/><D68/><U110/><E36/><V8/><F8/><W13/><G135/><T121/><D121/><U21/><E119/><V0/><F0/><W134/><G134/><T108/><D108/><U7/><E74/><V51/><F38/><W15/><G75/><T125/><D118/><U79/><E79/><V20/><F94/><W107/><G107/><T71/><D71/><U123/><E110/><V33/><F33/><W109/><G109/><T22/><D43/><U83/><E83/><V5/><F5/><N who="1" m="1545" /><E63/><V86/><F86/><W127/><G127/><N who="0" m="48651" /><D96/><U122/><E128/><V65/><F104/><W115/><G115/><T124/><N who="0" m="48659" /><T37/><DORA hai="95" /><D37/><U61/><E61/><V26/><F26/><W70/><G70/><T56/><D1/><U42/><E123/><V72/><F72/><W105/><G105/><T92/><D56/><U91/><E101/><V10/><F106/><W130/><G130/><T102/><D102/><U77/><E122/><V117/><F117/><W99/><G34/><T120/><D120/><U67/><E42/><N who="2" m="24855" /><F10/><W116/><G32/><T46/><D9/><U3/><E3/><V131/><F131/><W114/><G116/><T25/><D25/><N who="1" m="14527" /><E77/><AGARI ba="1,0" hai="20,27,28,51,55,58,65,66,77,80,84" m="24855" machi="77" ten="30,1500,0" yaku="8,1" doraHai="90,95" who="2" fromWho="1" sc="194,0,174,-18,304,18,328,0" /><INIT seed="2,2,0,4,3,2" ten="194,156,322,328" oya="2" hai0="43,119,107,108,111,24,0,70,9,109,31,92,73" hai1="77,53,128,16,95,135,19,88,56,129,5,11,126" hai2="21,30,26,133,12,62,78,10,83,110,67,115,7" hai3="74,4,90,47,114,48,18,80,89,124,55,50,49"/><V106/><F115/><W29/><G124/><T65/><D107/><U1/><E126/><V99/><F133/><W96/><G114/><T104/><D104/><U17/><E77/><V52/><F110/><W134/><G134/><T76/><D43/><U68/><E68/><V54/><F99/><W81/><G29/><T23/><D119/><U82/><E82/><N who="3" m="31850" /><G74/><T59/><D70/><U112/><E112/><V120/><F120/><W57/><G4/><N who="0" m="1159" /><D92/><U51/><REACH who="1" step="1"/><E135/><REACH who="1" ten="194,146,322,328" step="2"/><V34/><F83/><W20/><G47/><T116/><D116/><U98/><AGARI ba="2,1" hai="1,5,11,16,17,19,51,53,56,88,95,98,128,129" machi="98" ten="30,12000,2" yaku="1,1,2,1,0,1,52,1,54,2,53,1" doraHai="2" doraHaiUra="35" who="1" fromWho="1" sc="194,-32,146,136,322,-62,328,-32" /><INIT seed="3,0,0,3,1,127" ten="162,282,260,296" oya="3" hai0="28,55,91,64,106,46,48,120,123,32,15,113,128" hai1="71,21,119,19,134,14,107,40,135,132,44,97,12" hai2="50,18,122,95,17,5,108,43,66,37,78,77,29" hai3="96,111,68,80,85,76,11,30,114,74,13,1,89"/><W103/><G114/><T104/><D113/><U92/><E107/><V60/><F37/><W9/><G68/><T87/><D64/><U63/><E71/><V0/><F108/><W117/><G117/><T10/><D28/><U90/><E63/><V61/><F122/><W52/><G30/><T72/><D32/><U42/><E119/><V73/><F29/><W62/><G111/><T25/><D25/><N who="1" m="14527" /><E40/><V131/><F131/><W84/><G1/><T129/><D72/><U101/><E101/><V45/><F61/><W109/><G109/><T27/><D27/><U49/><AGARI ba="0,0" hai="12,14,42,44,49,90,92,97,132,134,135" m="14527" machi="49" ten="30,1100,0" yaku="20,1" doraHai="127" who="1" fromWho="1" sc="162,-3,282,11,260,-3,296,-5" /><INIT seed="4,0,0,1,0,45" ten="159,293,257,291" oya="0" hai0="31,1,39,53,104,108,25,79,75,73,92,52,57" hai1="51,67,102,4,91,11,124,8,82,84,126,107,70" hai2="95,22,125,15,129,89,85,69,26,29,37,120,48" hai3="103,21,49,106,33,12,110,115,60,55,42,46,117"/><T119/><D104/><U93/><E107/><V111/><F111/><W118/><G110/><T58/><D108/><U101/><E51/><V50/><F120/><W9/><G33/><T78/><D1/><U34/><E34/><V56/><F69/><W135/><G106/><T86/><D39/><U38/><E38/><V68/><F68/><W3/><G103/><N who="1" m="39434" /><E4/><V98/><F37/><W134/><G3/><T99/><D119/><U88/><E67/><V90/><F15/><W6/><G21/><N who="0" m="15791" /><D75/><U77/><E91/><V18/><F125/><N who="1" m="48233" /><E70/><V30/><F129/><W27/><G27/><T10/><D73/><AGARI ba="0,0" hai="8,11,73,77,82,84,88,93" m="48233,39434" machi="73" ten="30,2000,0" yaku="18,1,54,1" doraHai="45" who="1" fromWho="0" sc="159,-20,293,20,257,0,291,0" owari="139,-36.1,313,41.3,257,-14.3,291,9.1" /></mjloggm>