<mjloggm ver="2.3"><GO type="225" lobby="0"/><UN n0="%E3%81%8F%E3%81%BE%E3%81%96%E3%82%8F" n1="%E8%91%89%E5%B1%B1%E9%99%BD%E5%92%8C" n2="%E3%81%AF%E3%82%88%E3%81%8A%E3%81%98%E3%81%95%E3%82%93" n3="%E9%80%9F%E6%B0%B4%E5%87%9B%E9%A6%99" dan="16,16,16,16" rate="2060.96,2092.31,2159.58,2106.88" sx="M,M,M,F"/><TAIKYOKU oya="0"/><INIT seed="0,0,0,1,2,36" ten="250,250,250,250" oya="0" hai0="41,14,44,5,92,55,48,6,100,85,113,105,73" hai1="90,18,124,68,13,39,95,20,19,89,74,26,12" hai2="38,50,129,59,33,69,84,35,123,97,132,22,9" hai3="120,40,17,112,81,71,79,107,114,0,106,130,53"/><T30/><D113/><U70/><E124/><V61/><F38/><W127/><G71/><T27/><D73/><U15/><E74/><V122/><F129/><W54/><G0/><T32/><D105/><U10/><E39/><V43/><F132/><W121/><G17/><T87/><D5/><U72/><E72/><V118/><F118/><W75/><G54/><T117/><D117/><U2/><E90/><V57/><F69/><W4/><G53/><T25/><D25/><U29/><E2/><V3/><F22/><W93/><G4/><T115/><D115/><N who="3" m="44073" /><G40/><T96/><REACH who="0" step="1"/><D55/><REACH who="0" ten="240,250,250,250" step="2"/><U119/><E119/><V99/><F122/><N who="3" m="47211" /><G127/><T135/><D135/><U104/><E104/><V103/><F123/><W60/><G130/><T98/><D98/><U76/><E15/><V7/><F97/><W110/><G110/><T80/><D80/><U88/><E13/><V109/><F109/><W62/><G93/><T65/><D65/><U45/><E95/><V52/><F84/><W128/><G128/><T24/><D24/><U116/><E116/><V111/><F111/><W63/><AGARI ba="0,1" hai="60,62,63,75,79,81,106,107" m="47211,44073" machi="63" ten="40,1500,0" yaku="13,1" doraHai="36" who="3" fromWho="3" sc="240,-7,250,-4,250,-4,250,25" /><INIT seed="1,0,0,0,3,47" ten="233,246,246,275" oya="1" hai0="135,75,55,9,65,5,85,72,8,7,48,18,107" hai1="123,16,81,119,104,122,91,41,128,52,70,58,133" hai2="4,134,116,64,76,54,6,95,103,0,71,56,126" hai3="53,117,67,112,86,20,96,45,84,32,28,97,26"/><U130/><E119/><V30/><F116/><W14/><G112/><T115/><D115/><U11/><E70/><V34/><F126/><W77/><G117/><T88/><D107/><U60/><E104/><V127/><F127/><W29/><G67/><T87/><D135/><U23/><E133/><V101/><F134/><W98/><G77/><T33/><D33/><U120/><E41/><V36/><F36/><W74/><G74/><T46/><D65/><U131/><E11/><V10/><F6/><W44/><G32/><T57/><D85/><N who="3" m="32873" /><G14/><N who="0" m="7495" /><D75/><U38/><E38/><V68/><F76/><W109/><G109/><T108/><D72/><U22/><E23/><V21/><F34/><W66/><G66/><T106/><D106/><U40/><E40/><V105/><F105/><W69/><G69/><T118/><D118/><U125/><E125/><V37/><F37/><W73/><G73/><T100/><D100/><U121/><N who="1" m="30720" /><DORA hai="12" /><U89/><E81/><V25/><F64/><W24/><G24/><AGARI ba="0,0" hai="16,22,24,52,58,60,89,91,128,130,131" m="30720" machi="24" ten="70,12000,1" yaku="19,1,52,1,54,2" doraHai="47,12" who="1" fromWho="3" sc="233,0,246,120,246,0,275,-120" /><INIT seed="1,1,0,2,1,63" ten="233,366,246,155" oya="1" hai0="117,27,38,131,50,39,84,79,52,130,109,78,65" hai1="60,59,127,135,110,94,13,10,12,45,37,112,62" hai2="26,91,36,23,49,11,80,85,32,119,103,81,92" hai3="44,3,14,47,42,133,58,25,0,54,22,40,33"/><U107/><E112/><V121/><F121/><W7/><G133/><T15/><D117/><U82/><E107/><V68/><F119/><W73/><G73/><T29/><D109/><U93/><E127/><V41/><F68/><W4/><G33/><T83/><D78/><U96/><E135/><V71/><F71/><W89/><G0/><T108/><D108/><U69/><E69/><V8/><F36/><W70/><G70/><T124/><D15/><U132/><E132/><V122/><F32/><W55/><G3/><T53/><D124/><U97/><E82/><N who="2" m="31851" /><F103/><W28/><G89/><T114/><D65/><U115/><E115/><V76/><F122/><W104/><G104/><T64/><D64/><U34/><E34/><V98/><F85/><W24/><G14/><T48/><D39/><U19/><E110/><V67/><F67/><W129/><G129/><N who="0" m="49163" /><D38/><U90/><E13/><V17/><F76/><W125/><G125/><T113/><D114/><U18/><E37/><V51/><F41/><W77/><G77/><T87/><D87/><U46/><E12/><V100/><F91/><W126/><G126/><T2/><D2/><U56/><REACH who="1" step="1"/><E90/><REACH who="1" ten="233,356,246,155" step="2"/><V30/><F8/><AGARI ba="1,1" hai="8,10,18,19,45,46,56,59,60,62,93,94,96,97" machi="8" ten="25,12000,1" yaku="1,1,2,1,22,2,8,1,53,0" doraHai="63" doraHaiUra="118" who="1" fromWho="2" sc="233,0,356,133,246,-123,155,0" /><INIT seed="1,2,0,5,3,54" ten="233,489,123,155" oya="1" hai0="52,71,83,129,117,104,53,108,113,114,5,125,87" hai1="19,66,97,40,60,124,55,21,12,78,4,102,7" hai2="118,110,45,96,32,17,15,68,81,56,109,99,64" hai3="24,70,38,86,131,103,50,122,29,58,39,49,42"/><U89/><E124/><V59/><F118/><W135/><G70/><T84/><D117/><U22/><E40/><V61/><F32/><W26/><G122/><T107/><D108/><N who="2" m="41578" /><F45/><W94/><G135/><T134/><D71/><U46/><E78/><V128/><F128/><W79/><G131/><T75/><D129/><U98/><E22/><N who="2" m="11583" /><F81/><W36/><G103/><T119/><D119/><U133/><E133/><V116/><F116/><W37/><N who="3" m="9216" /><DORA hai="80" /><W2/><G2/><T0/><D0/><U127/><E127/><V34/><F34/><W132/><G132/><T20/><D125/><U111/><E111/><V69/><F69/><W76/><G42/><T30/><D134/><U14/><E46/><V51/><F51/><W72/><G72/><T92/><D75/><U9/><E102/><V95/><F99/><W62/><G50/><T82/><D5/><U27/><E98/><V16/><F16/><W57/><G49/><T85/><D30/><U43/><E97/><V105/><F105/><W11/><G11/><T18/><D107/><U10/><E43/><V123/><F123/><W33/><G24/><N who="0" m="14359" /><D104/><U91/><E7/><V126/><F126/><W23/><G33/><T106/><D106/><U41/><E4/><V31/><F31/><W73/><G73/><T65/><D83/><U6/><E6/><V35/><F35/><W28/><G28/><T25/><D82/><U8/><E8/><V74/><F74/><W3/><G29/><T13/><D25/><U88/><E9/><V93/><F93/><W130/><G94/><T112/><D92/><U115/><E27/><RYUUKYOKU ba="2,0" sc="233,-10,489,-10,123,30,155,-10" hai2="56,59,61,64,68,95,96" /><INIT seed="2,3,0,3,2,80" ten="223,479,153,145" oya="2" hai0="52,68,132,85,22,1,13,125,71,100,101,90,8" hai1="28,59,42,37,82,89,105,111,45,109,39,102,7" hai2="117,56,60,32,19,54,18,96,93,114,79,84,77" hai3="98,47,0,106,91,20,128,41,73,16,86,35,131"/><V21/><F114/><W64/><G73/><T122/><D122/><U5/><E28/><V119/><F32/><W61/><G0/><T104/><D125/><U76/><E39/><V94/><F117/><W110/><G35/><T103/><D104/><U107/><E89/><N who="2" m="53415" /><F119/><W124/><G98/><T74/><D74/><N who="1" m="43287" /><E59/><V30/><F30/><W108/><G106/><N who="1" m="40458" /><E102/><N who="2" m="60695" /><F18/><W43/><G61/><T81/><D1/><U26/><E26/><AGARI ba="3,0" hai="19,21,26,54,56,60,77,79" m="60695,53415" machi="26" ten="30,2900,0" yaku="8,1,52,1" doraHai="80" who="2" fromWho="1" sc="223,0,479,-38,153,38,145,0" /><INIT seed="2,4,0,5,0,106" ten="223,441,191,145" oya="2" hai0="37,113,118,57,76,67,31,23,42,115,59,12,100" hai1="22,41,134,50,24,132,39,117,52,16,72,80,38" hai2="126,98,34,40,81,17,18,32,120,61,135,30,13" hai3="109,122,88,64,21,74,26,0,78,43,62,83,5"/><V96/><F120/><W3/><G122/><T99/><D118/><U8/><E117/><V86/><F126/><W60/><G109/><T85/><D37/><U112/><E112/><V56/><F135/><N who="1" m="51753" /><E41/><V27/><F34/><W69/><G5/><T91/><D42/><U28/><E72/><V75/><F40/><W33/><G33/><T104/><D76/><U70/><E80/><V68/><F68/><W58/><G43/><T35/><D35/><N who="1" m="20871" /><E8/><V87/><F87/><W127/><G127/><T103/><D103/><U7/><E7/><V6/><F6/><W47/><G47/><T19/><D31/><U1/><E1/><V130/><F130/><W14/><G14/><T29/><D29/><U36/><E70/><V46/><F75/><W82/><G82/><T114/><REACH who="0" step="1"/><D67/><REACH who="0" ten="213,441,191,145" step="2"/><U66/><E66/><N who="2" m="39207" /><F30/><W53/><REACH who="3" step="1"/><G88/><REACH who="3" ten="213,441,191,135" step="2"/><T77/><D77/><U89/><E89/><N who="2" m="51407" /><F32/><W111/><G111/><T108/><D108/><U84/><E38/><V79/><F79/><W90/><G90/><T2/><D2/><U97/><E39/><V54/><F96/><W93/><G93/><AGARI ba="4,2" hai="12,19,23,57,59,85,91,93,99,100,104,113,114,115" machi="93" ten="40,1300,0" yaku="1,1,53,0" doraHai="106" doraHaiUra="44" who="0" fromWho="3" sc="213,45,441,0,191,0,135,-25" /><INIT seed="3,0,0,5,4,72" ten="258,441,191,110" oya="3" hai0="13,86,17,15,104,16,111,10,127,66,49,82,90" hai1="1,55,105,71,99,116,70,54,24,107,26,57,103" hai2="79,27,125,97,115,23,39,131,68,85,101,109,47" hai3="31,102,63,43,94,50,134,62,37,19,80,78,81"/><W132/><G37/><T89/><D111/><U29/><E1/><V100/><F68/><W64/><G31/><T123/><D123/><U91/><E116/><V124/><F109/><W11/><G134/><T9/><D127/><N who="2" m="48714" /><F131/><W87/><G132/><T28/><D104/><U118/><E91/><V51/><F115/><W126/><G126/><T21/><D66/><U25/><E55/><N who="2" m="30207" /><F39/><W76/><G43/><T40/><D28/><U33/><E25/><V98/><F85/><N who="3" m="48263" /><G50/><T122/><D122/><U0/><E0/><V14/><F79/><W7/><G7/><N who="0" m="3263" /><D49/><U59/><E29/><N who="2" m="17663" /><F14/><N who="3" m="7647" /><G64/><T34/><D40/><U46/><E107/><V135/><F135/><W93/><G102/><AGARI ba="0,0" hai="97,98,100,101,102" m="17663,30207,48714" machi="102" ten="30,1000,0" yaku="18,1" doraHai="72" who="2" fromWho="3" sc="258,0,441,0,191,10,110,-10" owari="258,5.8,441,54.1,201,-19.9,100,-40.0" /></mjloggm>