<mjloggm ver="2.3"><GO type="225" lobby="0"/><UN n0="%6B%69%72%61%64%6F%6B%69" n1="%E3%83%A9%E3%83%BC%E3%83%A1%E3%83%B3%E4%BA%94%E9%83%8E" n2="%E6%B4%BE%E9%81%A3%E3%81%AE%E3%82%B8%E3%83%A3%E3%83%83%E3%82%AF" n3="%E5%8D%A0%E3%81%84%E5%B8%AB%E8%A3%8F%E3%81%AA%E3%81%84%E3%81%97" dan="16,16,17,17" rate="2079.79,2053.86,2183.25,2194.02" sx="M,M,M,M"/><TAIKYOKU oya="0"/><INIT seed="0,0,0,1,2,34" ten="250,250,250,250" oya="0" hai0="5,109,31,38,71,133,28,42,79,67,115,74,58" hai1="4,80,26,78,27,16,104,14,8,111,76,83,45" hai2="9,82,23,103,43,2,35,51,72,94,124,30,97" hai3="100,125,88,36,6,61,96,75,47,73,29,32,130"/><T113/><D58/><U122/><E122/><V46/><F124/><W99/><G130/><T44/><D28/><U52/><E104/><V89/><F23/><W129/><G129/><T134/><D31/><U135/><E111/><V41/><F41/><W57/><G125/><T66/><D5/><U95/><E135/><N who="0" m="51721" /><D79/><N who="1" m="30251" /><E95/><V92/><F82/><N who="1" m="31273" /><E4/><V118/><F72/><W59/><G6/><T90/><D90/><U24/><E24/><V105/><F118/><W101/><G88/><T98/><D98/><U53/><E53/><V56/><F56/><W13/><G29/><T70/><D74/><U86/><E86/><V48/><F105/><W87/><G87/><T131/><D131/><U81/><N who="1" m="31281" /><U119/><DORA hai="37" /><E119/><V3/><F30/><W126/><G126/><T110/><D71/><U15/><E15/><V40/><F35/><W116/><G13/><T62/><D67/><U107/><E107/><V127/><F127/><W91/><G32/><T112/><AGARI ba="0,0" hai="38,42,44,62,66,70,109,110,112,113,115" m="51721" machi="112" ten="40,12000,1" yaku="20,1,23,1,34,2,52,1" doraHai="34,37" who="0" fromWho="0" sc="250,120,250,-40,250,-40,250,-40" /><INIT seed="0,1,0,4,5,45" ten="370,210,210,210" oya="0" hai0="55,42,19,68,121,8,65,52,2,135,93,99,44" hai1="123,64,90,82,100,21,56,73,40,34,51,122,47" hai2="31,129,95,127,24,102,71,113,98,118,133,76,86" hai3="30,108,26,96,92,60,48,4,69,13,101,36,120"/><T66/><D121/><U37/><E34/><V53/><F71/><W109/><G120/><T126/><D126/><U79/><E100/><V58/><F113/><W5/><G36/><T67/><D68/><U112/><E112/><V134/><F127/><W11/><G4/><T0/><D135/><U84/><E21/><V128/><F118/><W32/><G48/><N who="0" m="26647" /><D0/><U18/><E18/><V29/><F86/><W23/><REACH who="3" step="1"/><G32/><REACH who="3" ten="370,210,210,200" step="2"/><T35/><D35/><U88/><E122/><V106/><F133/><W94/><G94/><T77/><D2/><U70/><E123/><V16/><F134/><W61/><G61/><T75/><D75/><U89/><E73/><V43/><F95/><W125/><G125/><T83/><D83/><U104/><E104/><V1/><F1/><W91/><G91/><N who="0" m="55743" /><D77/><U6/><E37/><V107/><F76/><W97/><G97/><T87/><D87/><U22/><E79/><V25/><F106/><W33/><G33/><T72/><D72/><U54/><E82/><V85/><F85/><W63/><G63/><T81/><D81/><U116/><E84/><V15/><F98/><W62/><G62/><T28/><D28/><U74/><E74/><V57/><F107/><W103/><G103/><T111/><D111/><U10/><E89/><V117/><F102/><W119/><G119/><T12/><AGARI ba="1,1" hai="8,12,19,52,55,65,66,67" m="55743,26647" machi="12" ten="30,6000,0" yaku="8,1,52,1,54,1" doraHai="45" who="0" fromWho="0" sc="370,73,210,-21,210,-21,200,-21" /><INIT seed="0,2,0,2,0,97" ten="443,189,189,179" oya="0" hai0="47,114,20,90,29,24,65,26,127,11,110,83,117" hai1="7,52,95,113,88,38,2,119,42,54,67,68,130" hai2="31,128,82,131,61,101,123,76,112,6,126,36,105" hai3="16,50,34,94,39,48,27,118,80,109,73,37,15"/><T23/><D114/><U62/><E119/><V60/><F36/><W91/><G118/><T22/><D117/><U14/><E2/><V28/><F112/><W133/><G109/><T3/><D65/><U96/><E113/><V12/><F123/><W125/><G125/><T40/><D127/><U132/><E132/><V108/><F108/><W121/><G121/><T46/><D110/><U98/><E130/><N who="2" m="49707" /><F126/><W107/><G107/><T53/><D53/><U51/><E38/><V100/><F105/><W32/><G133/><T66/><D66/><U1/><E1/><V72/><F12/><W111/><G37/><T21/><D3/><U84/><E42/><V25/><F6/><W0/><G39/><T13/><D40/><U49/><E14/><V134/><F134/><W5/><G0/><T45/><D83/><U86/><E7/><V41/><F41/><W57/><G5/><T124/><D90/><U69/><E69/><V43/><F43/><W18/><G15/><T59/><D59/><U30/><E30/><N who="2" m="11307" /><F25/><W85/><G27/><N who="0" m="16615" /><D124/><U99/><REACH who="1" step="1"/><E84/><REACH who="1" ten="443,179,189,179" step="2"/><V79/><F79/><W87/><G87/><T33/><D33/><U93/><E93/><V19/><F19/><AGARI ba="2,1" hai="11,13,19,21,22,23,24,26,45,46,47" m="16615" machi="19" ten="30,1500,0" yaku="8,1" doraHai="97" who="0" fromWho="2" sc="443,31,179,0,189,-21,179,0" /><INIT seed="0,3,0,3,3,70" ten="474,179,168,179" oya="0" hai0="96,45,34,6,50,102,41,110,119,37,19,16,133" hai1="9,101,78,97,20,69,118,112,73,26,63,18,87" hai2="132,10,99,12,38,131,62,64,23,47,125,28,83" hai3="17,95,57,124,120,100,61,71,21,109,94,55,7"/><T135/><D119/><U22/><E118/><V68/><F125/><W105/><G109/><T33/><D6/><U67/><E73/><V106/><F132/><N who="0" m="50762" /><D110/><U77/><E112/><V108/><F108/><W126/><G120/><T104/><D50/><U129/><E129/><V43/><F131/><W76/><G7/><T89/><D89/><U116/><E116/><V0/><F83/><W107/><G76/><T80/><D80/><U59/><E9/><V48/><F0/><W92/><G71/><T24/><D24/><U88/><E69/><V29/><F48/><W98/><REACH who="3" step="1"/><G107/><REACH who="3" ten="474,179,168,169" step="2"/><T122/><D122/><U44/><E77/><V39/><F106/><W81/><G81/><T30/><D30/><U82/><E78/><V90/><F28/><W72/><G72/><T115/><D115/><U54/><E82/><V121/><F121/><W32/><G32/><AGARI ba="3,1" hai="16,19,32,33,34,37,41,45,96,102,104" m="50762" machi="32" ten="30,5800,0" yaku="20,1,52,1,54,1" doraHai="70" who="0" fromWho="3" sc="474,77,179,0,168,0,169,-67" /><INIT seed="0,4,0,3,3,122" ten="551,179,168,102" oya="0" hai0="36,19,72,59,133,41,62,33,101,83,52,90,116" hai1="30,93,131,120,23,108,95,94,97,112,8,98,84" hai2="43,70,103,58,25,111,69,37,73,85,134,114,105" hai3="40,88,28,96,24,109,3,129,35,91,6,31,44"/><T45/><D116/><U115/><E120/><V0/><F73/><W51/><G129/><T65/><D33/><U117/><E117/><V4/><F114/><N who="1" m="43561" /><E131/><V1/><F85/><W104/><G28/><T20/><D101/><U119/><E119/><V89/><F89/><W128/><G128/><T75/><D133/><U38/><E38/><V53/><F25/><W68/><G68/><T42/><D42/><U60/><E108/><V132/><F111/><W86/><G109/><T126/><D126/><U123/><E123/><V16/><F16/><W135/><G135/><N who="2" m="51753" /><F103/><W87/><G104/><T110/><D110/><U48/><E84/><V71/><F105/><W29/><G29/><T13/><D83/><U17/><E30/><V46/><F4/><W74/><G74/><T67/><D90/><U49/><E8/><V76/><F76/><W127/><G127/><T11/><D65/><U55/><E98/><V39/><F39/><W130/><G130/><T27/><REACH who="0" step="1"/><D67/><REACH who="0" ten="541,179,168,102" step="2"/><U64/><E64/><V7/><F7/><AGARI ba="4,1" hai="7,11,13,19,20,27,36,41,45,52,59,62,72,75" machi="7" ten="30,18000,2" yaku="1,1,2,1,7,1,54,1,53,2" doraHai="122" doraHaiUra="106" who="0" fromWho="2" sc="541,202,179,0,168,-192,102,0" owari="743,84.3,179,-2.1,-24,-52.4,102,-29.8" /></mjloggm>