<mjloggm ver="2.3"><GO type="225" lobby="0"/><UN n0="%E3%82%B5%E3%83%AB%E3%82%B7%E3%83%B3" n1="%E9%80%9F%E6%B0%B4%E5%87%9B%E9%A6%99" n2="%6D%75%75%6D%75%72%61" n3="%E8%A8%88%E7%AE%97%E6%A9%9F%E8%87%AA%E7%84%B6" dan="16,16,17,17" rate="2105.36,2124.27,2169.90,2180.13" sx="M,F,F,M"/><TAIKYOKU oya="0"/><INIT seed="0,0,0,2,2,126" ten="250,250,250,250" oya="0" hai0="123,10,3,58,19,18,65,125,57,53,101,22,48" hai1="130,37,38,85,98,61,96,132,66,29,25,70,129" hai2="100,133,20,6,118,59,135,72,41,121,51,82,79" hai3="42,109,49,102,131,93,14,97,46,112,12,35,113"/><T27/><D123/><U80/><E132/><V115/><F115/><W32/><G109/><T68/><D125/><U116/><E116/><V1/><F121/><W76/><G76/><T44/><D101/><U119/><E119/><V26/><F118/><W56/><G113/><T39/><D3/><U21/><E37/><V33/><F33/><W90/><G112/><T114/><D114/><U128/><REACH who="1" step="1"/><E38/><REACH who="1" ten="250,240,250,250" step="2"/><V89/><F133/><W64/><G131/><T94/><D39/><U52/><E52/><V92/><F135/><W28/><G32/><T124/><D124/><U43/><E43/><V13/><F41/><W84/><G35/><T120/><D120/><U107/><E107/><V24/><F1/><W47/><G28/><T60/><REACH who="0" step="1"/><D94/><REACH who="0" ten="240,240,250,250" step="2"/><U23/><E23/><V5/><F20/><W108/><G108/><T110/><D110/><U122/><E122/><V36/><F92/><W8/><G93/><T134/><D134/><U54/><E54/><V30/><F36/><W15/><G42/><T86/><D86/><U40/><E40/><V67/><F72/><W105/><G84/><T45/><D45/><U103/><E103/><V99/><F100/><W127/><G127/><T69/><D69/><U50/><E50/><V83/><F51/><W106/><G106/><T88/><D88/><AGARI ba="0,2" hai="21,25,29,61,66,70,80,85,88,96,98,128,129,130" machi="88" ten="40,12000,2" yaku="1,1,19,1,52,3,54,1,53,0" doraHai="126" doraHaiUra="111" who="1" fromWho="0" sc="240,-120,240,140,250,0,250,0" /><INIT seed="1,0,0,2,0,108" ten="120,380,250,250" oya="1" hai0="46,52,56,28,31,81,50,117,96,35,32,8,61" hai1="109,33,94,80,66,91,93,48,121,25,2,127,11" hai2="40,49,85,36,92,88,75,6,30,44,113,73,16" hai3="65,134,29,38,79,103,21,41,62,107,125,101,105"/><U104/><E121/><V77/><F77/><W60/><G79/><T43/><D117/><U7/><E104/><V123/><F123/><W17/><G29/><T115/><D81/><U119/><E119/><V102/><F113/><W74/><G74/><T53/><D115/><U0/><E0/><V71/><F71/><W47/><G125/><T124/><D124/><U130/><E130/><V112/><F112/><W132/><G103/><T1/><D35/><U4/><E4/><V22/><F30/><W69/><G62/><T110/><D110/><U90/><E127/><V118/><F118/><W45/><G45/><T72/><D72/><U12/><E2/><V128/><F128/><W97/><REACH who="3" step="1"/><G107/><REACH who="3" ten="120,380,250,240" step="2"/><T83/><D32/><U116/><E33/><V63/><F102/><W114/><G114/><T111/><D111/><U39/><E109/><V58/><F36/><W70/><G70/><T15/><D31/><U57/><E39/><V89/><F89/><W27/><AGARI ba="0,1" hai="17,21,27,38,41,47,60,65,69,97,101,105,132,134" machi="27" ten="30,2000,0" yaku="1,1,0,1,53,0" doraHai="108" doraHaiUra="86" who="3" fromWho="3" sc="120,-5,380,-10,250,-5,240,30" /><INIT seed="2,0,0,2,1,31" ten="115,370,245,270" oya="2" hai0="94,46,78,12,13,69,63,20,123,57,41,37,14" hai1="54,19,33,17,80,75,108,66,55,47,28,58,130" hai2="26,74,15,100,113,126,131,65,40,128,68,72,118" hai3="88,109,117,6,115,111,114,98,48,70,110,97,51"/><V34/><F113/><N who="3" m="43019" /><G117/><T8/><D123/><U64/><E108/><V89/><F118/><W61/><G6/><T127/><D127/><U35/><E47/><V107/><F126/><W116/><G116/><T104/><D104/><U22/><E80/><V43/><F15/><W102/><G88/><T38/><D38/><U79/><E79/><V82/><F100/><W90/><G90/><T76/><D8/><U21/><E58/><V32/><F26/><W119/><G119/><T81/><D81/><U106/><E28/><V24/><F24/><W56/><G70/><T121/><D121/><U27/><E27/><V105/><F89/><W129/><G129/><N who="2" m="49737" /><F68/><W67/><G98/><T60/><D78/><U132/><E130/><V1/><F1/><W5/><G5/><T23/><D76/><U73/><REACH who="1" step="1"/><E106/><AGARI ba="0,0" hai="48,51,56,61,67,97,102,106,109,110,111" m="43019" machi="106" ten="40,2600,0" yaku="14,1,11,1" doraHai="31" who="3" fromWho="1" sc="115,0,370,-26,245,0,270,26" /><INIT seed="3,0,0,0,4,14" ten="115,344,245,296" oya="3" hai0="57,84,112,27,31,113,42,39,13,9,60,109,64" hai1="119,96,131,86,110,21,71,61,100,20,26,76,134" hai2="23,63,79,66,4,94,108,133,99,90,53,117,43" hai3="30,25,95,10,35,115,58,73,104,29,135,32,16"/><W102/><G73/><T70/><D109/><U34/><E110/><V52/><F108/><W107/><G115/><T130/><D130/><U125/><E131/><V91/><F117/><W62/><G135/><T83/><D39/><U56/><E134/><V78/><F133/><W11/><G95/><T126/><D126/><U67/><E125/><V69/><F43/><W22/><G30/><T28/><D42/><U92/><E119/><V17/><F4/><W54/><G35/><T19/><D70/><U44/><E71/><V122/><F122/><W124/><G124/><T36/><D36/><U114/><E114/><V50/><F91/><W127/><G127/><T82/><D113/><U88/><E76/><V12/><REACH who="2" step="1"/><F53/><REACH who="2" ten="115,344,235,296" step="2"/><W38/><G38/><T55/><D112/><U75/><E88/><V46/><AGARI ba="0,1" hai="12,17,23,46,50,52,63,66,69,78,79,90,94,99" machi="46" ten="20,12000,2" yaku="1,1,2,1,0,1,7,1,52,1,54,1,53,0" doraHai="14" doraHaiUra="118" who="2" fromWho="2" sc="115,-30,344,-30,235,130,296,-60" owari="85,-41.5,314,11.4,365,46.5,236,-16.4" /></mjloggm>