<mjloggm ver="2.3"><GO type="225" lobby="0"/><UN n0="%28%EF%BF%A3%E2%96%BD%EF%BF%A3%29%CE%B4%E2%8C%92%E3%83%BB" n1="%E3%83%9E%E3%83%AB%E3%83%9E%E3%83%AB%E3%81%A1%E3%82%83%E3%82%93" n2="%E5%A4%96%E5%B7%9D%E7%AB%9C%E6%88%90" n3="%E3%82%A2%E3%83%A1%E3%82%A2%E3%83%A9%E3%83%AC" dan="16,16,16,16" rate="2159.05,2066.36,2094.61,2047.09" sx="M,M,M,M"/><TAIKYOKU oya="0"/><INIT seed="0,0,0,0,5,106" ten="250,250,250,250" oya="0" hai0="5,14,87,88,104,64,132,122,57,73,78,4,116" hai1="33,6,49,97,42,29,34,15,20,83,17,107,7" hai2="76,48,98,19,75,46,111,3,121,10,2,16,134" hai3="115,0,9,86,45,37,103,79,126,21,125,129,25"/><T93/><D122/><U102/><E83/><V62/><F121/><W59/><G115/><T135/><D116/><U43/><E49/><V32/><F32/><W58/><G129/><T11/><D104/><U128/><E128/><V96/><F62/><W80/><G103/><T67/><D4/><U105/><E105/><V51/><F46/><W54/><G0/><T112/><D112/><U100/><E100/><V55/><F55/><W31/><G9/><T47/><D47/><U63/><E34/><V36/><F10/><W44/><G59/><T113/><D113/><U18/><E18/><V61/><F61/><N who="3" m="36055" /><G37/><T130/><D130/><U22/><E22/><V92/><F92/><W118/><G118/><T70/><D70/><U56/><E33/><V65/><F65/><W50/><G50/><T71/><D71/><U60/><E29/><V53/><F53/><W77/><G79/><T52/><D73/><U8/><E7/><V101/><F101/><W94/><G94/><T123/><D78/><U119/><E119/><V74/><F76/><W81/><G81/><T109/><D109/><U28/><E28/><V95/><F95/><W1/><G1/><T23/><D23/><U35/><E63/><V66/><F66/><W13/><G13/><T26/><D26/><U99/><E99/><V89/><F89/><W38/><G38/><T108/><D108/><U27/><REACH who="1" step="1"/><E35/><REACH who="1" ten="250,240,250,250" step="2"/><V85/><F111/><W12/><G12/><N who="0" m="5231" /><D123/><U120/><E120/><V91/><F36/><W82/><G80/><T124/><D14/><U114/><E114/><V133/><F85/><W84/><G84/><RYUUKYOKU ba="0,1" sc="250,-30,240,10,250,10,250,10" hai1="6,8,15,17,20,27,42,43,56,60,97,102,107" hai2="2,3,16,19,48,51,74,75,91,96,98,133,134" hai3="21,25,31,44,45,77,82,86,125,126" /><INIT seed="1,1,1,1,4,48" ten="220,250,260,260" oya="1" hai0="26,53,87,124,7,51,84,86,22,6,74,2,30" hai1="9,42,47,5,16,37,89,113,21,125,67,99,39" hai2="112,78,60,98,81,103,63,58,72,4,133,108,77" hai3="120,54,17,85,106,36,18,127,33,73,101,70,104"/><U38/><E113/><V96/><F112/><W94/><G70/><T52/><D74/><U65/><E125/><V114/><F114/><W111/><G36/><T116/><D116/><U95/><E65/><V41/><F78/><W82/><G33/><T56/><D124/><U46/><E46/><V1/><F41/><W75/><G120/><T97/><D2/><U100/><E67/><V28/><F63/><W129/><G94/><T68/><D68/><U49/><E100/><V32/><F98/><W19/><G127/><T35/><D35/><U109/><E109/><V24/><F108/><W64/><G64/><T93/><D53/><U62/><E62/><V130/><F130/><W90/><G129/><T25/><D26/><U12/><REACH who="1" step="1"/><E39/><REACH who="1" ten="220,240,260,260" step="2"/><V79/><F60/><W31/><G101/><AGARI ba="1,2" hai="6,7,22,25,30,51,52,56,84,86,87,93,97,101" machi="101" ten="40,5200,0" yaku="8,1,52,1,54,1" doraHai="48" who="0" fromWho="3" sc="220,75,240,0,260,0,260,-55" /><INIT seed="2,0,0,1,2,3" ten="295,240,260,205" oya="2" hai0="135,48,24,65,116,113,92,36,112,99,110,10,88" hai1="34,83,14,114,101,70,108,68,12,41,124,133,55" hai2="4,19,31,73,74,1,80,33,128,37,131,87,127" hai3="2,126,102,89,22,32,94,54,79,64,27,129,17"/><V84/><F37/><W104/><G129/><N who="2" m="49737" /><F127/><W0/><G126/><T18/><D36/><U58/><E124/><V106/><F106/><W85/><G64/><T67/><D116/><U105/><E114/><V77/><F19/><W47/><G32/><T42/><D135/><U97/><E34/><V20/><F33/><W96/><G47/><N who="0" m="25719" /><D113/><U13/><E133/><V43/><F43/><W6/><G54/><T46/><D112/><U11/><E108/><V115/><F115/><W98/><G98/><T132/><D132/><U44/><E83/><N who="2" m="47215" /><F20/><W81/><REACH who="3" step="1"/><G6/><REACH who="3" ten="295,240,260,195" step="2"/><T75/><D99/><U82/><E68/><V63/><F63/><W121/><G121/><T69/><D69/><U50/><E70/><V109/><F109/><W76/><G76/><T30/><D110/><U15/><E82/><V26/><F4/><W40/><G40/><T45/><D67/><U93/><E105/><V130/><F130/><W53/><G53/><T57/><D65/><U95/><E95/><V123/><F123/><W38/><G38/><T62/><D92/><U72/><E41/><V5/><F5/><W111/><G111/><T35/><D35/><U7/><REACH who="1" step="1"/><E72/><REACH who="1" ten="295,230,260,195" step="2"/><V49/><F74/><W78/><G78/><T16/><D75/><U8/><E8/><V23/><F73/><W134/><G134/><T122/><D10/><U71/><E71/><V56/><F80/><W51/><G51/><T103/><D122/><U39/><E39/><V100/><F49/><W125/><G125/><T90/><D45/><AGARI ba="0,2" hai="7,11,12,13,14,15,44,45,50,55,58,93,97,101" machi="45" ten="40,5200,0" yaku="1,1,8,1,52,1,53,0" doraHai="3" doraHaiUra="107" who="1" fromWho="0" sc="295,-52,230,72,260,0,195,0" /><INIT seed="3,0,0,4,2,75" ten="243,302,260,195" oya="3" hai0="104,6,24,101,9,102,106,71,124,100,55,112,7" hai1="88,74,103,86,19,135,52,40,108,93,61,87,96" hai2="28,78,126,117,131,81,10,134,64,27,120,118,65" hai3="85,127,98,17,109,91,29,92,122,34,51,83,66"/><W89/><G122/><T121/><D71/><U72/><E108/><V32/><F120/><W43/><G127/><T128/><D121/><U84/><E135/><V54/><F126/><W13/><G109/><T31/><D124/><U38/><E38/><V70/><F134/><W97/><G66/><T110/><D110/><U77/><E40/><V36/><F36/><W0/><G0/><T3/><D128/><U76/><E72/><V25/><F131/><W47/><G34/><T16/><D112/><U14/><E103/><V58/><F25/><W94/><G29/><T49/><D7/><U116/><E74/><V63/><F10/><W123/><G123/><T132/><D132/><U30/><E30/><V67/><REACH who="2" step="1"/><F70/><REACH who="2" ten="243,302,250,195" step="2"/><W2/><G2/><T48/><D106/><U107/><E116/><V33/><F33/><W95/><REACH who="3" step="1"/><G98/><REACH who="3" ten="243,302,250,185" step="2"/><T26/><D31/><U18/><E96/><V23/><F23/><AGARI ba="0,2" hai="13,17,23,43,47,51,83,85,89,91,92,94,95,97" machi="23" ten="30,11600,0" yaku="1,1,2,1,7,1,8,1,53,0" doraHai="75" doraHaiUra="53" who="3" fromWho="2" sc="243,0,302,0,250,-116,185,136" owari="243,-15.7,302,10.2,134,-36.6,321,42.1" /></mjloggm>