<mjloggm ver="2.3"><GO type="225" lobby="0"/><UN n0="%E3%83%A8%E3%82%B7%E3%83%AF" n1="%E8%A8%88%E7%AE%97%E6%A9%9F%E8%87%AA%E7%84%B6" n2="%E3%83%B4%E3%83%A0%EF%BC%99%E3%81%A6" n3="%E3%83%8F%E3%83%B3%E3%83%89%E3%83%A9%E3%83%BC%E3%83%BB%E3%83%AF%E3%83%B3" dan="17,17,16,17" rate="2180.95,2182.37,2116.92,2178.63" sx="M,M,M,M"/><TAIKYOKU oya="0"/><INIT seed="0,0,0,5,1,72" ten="250,250,250,250" oya="0" hai0="9,124,135,100,62,60,1,54,44,12,63,111,47" hai1="0,13,105,132,24,15,4,78,73,90,106,50,115" hai2="42,127,75,64,89,10,83,116,65,80,35,5,119" hai3="84,25,134,8,131,108,85,7,30,120,16,82,39"/><T77/><D124/><U59/><E0/><V67/><F127/><W20/><G39/><T86/><D135/><U19/><E132/><V27/><F42/><W22/><G134/><T99/><D1/><U40/><E115/><V109/><F109/><W81/><G108/><T69/><D69/><U38/><E38/><V23/><F35/><W74/><G131/><T6/><D111/><U125/><E90/><V32/><F32/><W28/><G74/><T101/><D54/><U114/><E114/><V121/><F121/><W55/><G55/><T17/><D17/><U68/><E68/><V91/><F80/><W45/><G45/><N who="0" m="17483" /><D99/><U102/><E125/><V29/><F75/><W93/><G93/><T133/><D133/><U14/><E40/><V126/><F126/><W33/><G33/><T43/><D43/><U2/><E2/><V66/><F66/><W41/><G41/><T52/><D52/><U113/><E113/><V79/><F119/><W76/><G22/><T96/><D96/><N who="1" m="61639" /><E106/><V118/><F118/><W110/><G120/><T104/><D104/><U87/><E73/><V70/><F70/><W49/><G49/><T103/><D103/><U71/><E71/><V58/><F116/><W48/><G48/><T18/><D6/><U21/><E50/><V123/><F123/><W37/><G37/><T57/><D57/><U92/><E59/><V129/><F58/><W97/><G97/><T51/><D51/><U98/><E4/><V128/><F128/><W61/><G110/><T56/><D56/><U53/><E53/><V34/><F129/><W3/><G61/><RYUUKYOKU ba="0,0" sc="250,15,250,-15,250,-15,250,15" hai0="9,12,18,60,62,63,77,86,100,101" hai3="3,7,8,16,20,25,28,30,76,81,82,84,85" /><INIT seed="0,1,0,3,2,42" ten="265,235,235,265" oya="0" hai0="103,130,8,73,48,62,28,4,53,17,61,30,20" hai1="49,92,91,104,2,70,24,111,115,77,25,79,46" hai2="21,75,107,133,114,57,50,101,119,37,60,31,63" hai3="35,86,44,51,87,27,29,100,90,99,6,66,102"/><T47/><D130/><U116/><E116/><V22/><F114/><W110/><G110/><T117/><D73/><U98/><E2/><V124/><F37/><W74/><G74/><T36/><D117/><U96/><E70/><V5/><F119/><W56/><G6/><T33/><D103/><U43/><E111/><V105/><F75/><W82/><G99/><T40/><D33/><U88/><E115/><V122/><F122/><W94/><G56/><T108/><D108/><U85/><E104/><V121/><F121/><W52/><REACH who="3" step="1"/><G66/><REACH who="3" ten="265,235,235,255" step="2"/><T106/><D106/><U69/><E69/><V76/><F5/><W113/><G113/><T55/><D61/><U23/><E98/><V54/><F105/><W15/><G15/><N who="0" m="5511" /><D36/><U135/><E135/><V18/><F60/><W97/><G97/><T125/><D125/><U129/><E129/><V72/><F133/><W19/><G19/><T89/><D62/><U132/><E132/><V109/><F109/><W3/><G3/><T38/><D38/><U126/><E126/><V59/><F124/><W7/><G7/><T128/><D128/><U32/><E24/><V67/><F18/><W39/><G39/><T84/><D30/><N who="1" m="17727" /><E32/><V64/><F31/><W14/><G14/><N who="0" m="9271" /><D28/><U41/><E96/><N who="2" m="61863" /><F64/><W83/><G83/><AGARI ba="1,1" hai="40,47,48,53,55,83,84,89" m="9271,5511" machi="83" ten="30,2900,0" yaku="8,1,52,1" doraHai="42" who="0" fromWho="3" sc="265,42,235,0,235,0,255,-32" /><INIT seed="0,2,0,4,3,127" ten="307,235,235,223" oya="0" hai0="99,125,119,129,96,37,128,4,85,1,102,66,126" hai1="64,79,7,54,95,87,80,39,61,93,82,106,20" hai2="101,28,107,110,2,69,104,98,14,105,41,23,71" hai3="97,25,0,117,72,3,132,76,113,32,56,120,92"/><T19/><D119/><U60/><E106/><V55/><F2/><W74/><G113/><T122/><D37/><U84/><E39/><V21/><F110/><W63/><G117/><T109/><D122/><U45/><E7/><V65/><F41/><W15/><G132/><T52/><D66/><U38/><E20/><V91/><F91/><W130/><G120/><T81/><D19/><U36/><E54/><V133/><F133/><W135/><G135/><T53/><D109/><U70/><E60/><V8/><F55/><N who="0" m="21066" /><D4/><U114/><E114/><V35/><F69/><W51/><G51/><T59/><D59/><U22/><E22/><V47/><F47/><W108/><G108/><T134/><D1/><U43/><REACH who="1" step="1"/><E36/><REACH who="1" ten="307,225,235,223" step="2"/><V88/><F105/><W67/><G0/><T6/><D134/><U9/><E9/><V123/><F107/><W68/><G3/><T34/><D6/><U12/><E12/><V17/><F123/><W131/><G15/><T50/><D50/><U89/><AGARI ba="2,1" hai="38,43,45,61,64,70,79,80,82,84,87,89,93,95" machi="89" ten="20,5200,0" yaku="1,1,0,1,7,1,53,1" doraHai="127" doraHaiUra="57" who="1" fromWho="1" sc="307,-28,225,68,235,-15,223,-15" /><INIT seed="1,0,0,5,3,134" ten="279,293,220,208" oya="1" hai0="11,76,38,132,94,16,59,122,121,86,46,120,41" hai1="3,91,98,85,111,57,129,6,99,37,108,19,88" hai2="101,1,51,72,78,5,52,22,58,63,104,60,7" hai3="112,77,89,42,109,9,106,43,75,20,40,66,115"/><U125/><E37/><V31/><F104/><W56/><G106/><T14/><D59/><U96/><E129/><V133/><F133/><W93/><G109/><N who="1" m="42058" /><E125/><V128/><F128/><W114/><G20/><T126/><D132/><U12/><E3/><V82/><F101/><W33/><G33/><T83/><D94/><N who="1" m="56391" /><E6/><V10/><F5/><W79/><G75/><T97/><D97/><U4/><E4/><V73/><F73/><W48/><G9/><T23/><D11/><N who="1" m="6559" /><E57/><V53/><F31/><W64/><G114/><T18/><D18/><U50/><E50/><V92/><F22/><W32/><G32/><T100/><D100/><U24/><E24/><V107/><F107/><W13/><G13/><T68/><D68/><U105/><E105/><V113/><F113/><W45/><G115/><T44/><D44/><U39/><E39/><V103/><F103/><W15/><G15/><T62/><D62/><U0/><E0/><V116/><F60/><W110/><G112/><T95/><D95/><AGARI ba="0,0" hai="85,91,95,98,99" m="6559,56391,42058" machi="95" ten="30,5800,0" yaku="14,1,10,1,54,1" doraHai="134" who="1" fromWho="0" sc="279,-58,293,58,220,0,208,0" /><INIT seed="1,1,0,2,3,87" ten="221,351,220,208" oya="1" hai0="89,6,101,88,76,53,11,37,112,59,91,43,12" hai1="47,60,63,64,33,135,21,46,51,71,95,90,2" hai2="28,110,30,41,97,119,17,125,22,26,122,42,80" hai3="15,40,3,86,107,113,126,120,98,8,84,111,13"/><U54/><E33/><V39/><F119/><W10/><G120/><T129/><D129/><U132/><E2/><V85/><F122/><W58/><G113/><T55/><D112/><U131/><E131/><V81/><F110/><W118/><G3/><T94/><D76/><U75/><E75/><V44/><F125/><W93/><G107/><T34/><D34/><U65/><E21/><V69/><F69/><W106/><G106/><T103/><D94/><U9/><E9/><V73/><F41/><W108/><G126/><T18/><D6/><U104/><E46/><V24/><F97/><W92/><G40/><T36/><D55/><U29/><E29/><V61/><F61/><W79/><G58/><T99/><D43/><U124/><E104/><V115/><F115/><W49/><G49/><T70/><D70/><U123/><E123/><V35/><F73/><W82/><G118/><T78/><D78/><U116/><E116/><V72/><F72/><W128/><G128/><T25/><D25/><U133/><E124/><V100/><F100/><W105/><G105/><T14/><D14/><U57/><REACH who="1" step="1"/><E133/><REACH who="1" ten="221,341,220,208" step="2"/><V117/><F117/><W38/><G8/><T45/><D45/><U74/><E74/><V96/><F30/><W7/><G10/><T68/><D68/><U127/><E127/><V50/><F28/><W121/><G121/><T66/><D99/><AGARI ba="1,1" hai="47,51,54,57,60,63,64,65,71,90,95,99,132,135" machi="99" ten="40,3900,0" yaku="1,1,52,1,53,0" doraHai="87" doraHaiUra="19" who="1" fromWho="0" sc="221,-42,341,52,220,0,208,0" /><INIT seed="1,2,0,3,2,99" ten="179,393,220,208" oya="1" hai0="11,35,72,83,128,45,44,117,61,91,25,6,37" hai1="77,102,75,120,52,28,66,122,23,0,51,9,63" hai2="5,123,126,119,107,109,42,131,15,94,76,129,29" hai3="115,67,4,60,98,125,71,110,86,65,89,2,70"/><U55/><E75/><V78/><F119/><W106/><G115/><T114/><D117/><U22/><E77/><V32/><F123/><W34/><G34/><T62/><D114/><U8/><E28/><V68/><F107/><W21/><G110/><T92/><D128/><N who="2" m="49226" /><F68/><W97/><G125/><T90/><D35/><U112/><E112/><V16/><F109/><W121/><G121/><T113/><D25/><U41/><E41/><V26/><F126/><W1/><G21/><T64/><D113/><U80/><E80/><V87/><F42/><W105/><G4/><T31/><D31/><U53/><E51/><V81/><F94/><W14/><G14/><T116/><D116/><U101/><E55/><V111/><F111/><W38/><G38/><T39/><D39/><U96/><E96/><V18/><F76/><W84/><G60/><T79/><D62/><U13/><E63/><V74/><F74/><W24/><G24/><T20/><D20/><U7/><E7/><V132/><F132/><W135/><REACH who="3" step="1"/><G89/><REACH who="3" ten="179,393,220,198" step="2"/><T130/><D130/><U27/><E27/><V58/><F5/><W93/><G93/><T127/><D127/><U30/><E13/><V59/><F18/><W133/><AGARI ba="2,1" hai="1,2,65,67,70,71,84,86,97,98,105,106,133,135" machi="133" ten="25,6400,0" yaku="1,1,0,1,22,2,53,0" doraHai="99" doraHaiUra="3" who="3" fromWho="3" sc="179,-18,393,-34,220,-18,198,80" /><INIT seed="2,0,0,0,5,101" ten="161,359,202,278" oya="2" hai0="44,20,31,68,32,39,63,118,46,56,99,60,62" hai1="7,71,37,53,27,41,1,49,51,79,76,33,128" hai2="126,86,108,116,45,55,97,48,124,90,61,34,87" hai3="81,107,30,122,132,130,52,29,111,133,85,129,92"/><V3/><F116/><W91/><G122/><T21/><D118/><U24/><E71/><V22/><F34/><W25/><G111/><T58/><D68/><U104/><E104/><V113/><F113/><W38/><G38/><T98/><D32/><U134/><E37/><V13/><F3/><W40/><G40/><T103/><D31/><U59/><E33/><V64/><F108/><W127/><G107/><T83/><D39/><U9/><E128/><N who="3" m="49258" /><G127/><N who="2" m="48681" /><F97/><N who="3" m="57503" /><G52/><T77/><D103/><U66/><E66/><V123/><F123/><W73/><G73/><T15/><D83/><U109/><E109/><V23/><F13/><W36/><G36/><T65/><D15/><N who="1" m="5567" /><E134/><N who="3" m="51818" /><G25/><N who="1" m="9802" /><E1/><V18/><F18/><W17/><G17/><T88/><D77/><AGARI ba="0,0" hai="29,30,77,81,85" m="51818,57503,49258" machi="77" ten="30,2000,0" yaku="19,1,20,1" doraHai="101" who="3" fromWho="0" sc="161,-20,359,0,202,0,278,20" /><INIT seed="3,0,0,4,4,6" ten="141,359,202,298" oya="3" hai0="43,84,75,133,29,109,79,40,114,69,41,94,3" hai1="48,39,66,7,73,49,51,20,95,99,74,78,135" hai2="123,47,5,70,55,116,89,57,93,82,56,130,87" hai3="122,134,97,22,80,120,58,124,119,42,118,1,92"/><W131/><G1/><T111/><D3/><U68/><E39/><V2/><F70/><W63/><G131/><T125/><D29/><U18/><E7/><V32/><F116/><W34/><G34/><T4/><D69/><U105/><E105/><V16/><F32/><W9/><G124/><T121/><D121/><U37/><E37/><V129/><F123/><W67/><G134/><T31/><D31/><U25/><E78/><V27/><F47/><W103/><G122/><T30/><D30/><U45/><E45/><V71/><F71/><W13/><G120/><T14/><D125/><U53/><E53/><V17/><F57/><W106/><G42/><N who="0" m="10755" /><T88/><DORA hai="44" /><D133/><U104/><E104/><V128/><F27/><W10/><G106/><T62/><D62/><U65/><E135/><V36/><F36/><W24/><G80/><T107/><D107/><U59/><E68/><V112/><F112/><W46/><G46/><T76/><D114/><U12/><E25/><V54/><F82/><W117/><REACH who="3" step="1"/><G13/><REACH who="3" ten="141,359,202,288" step="2"/><T115/><D115/><U52/><E74/><V126/><F126/><W19/><AGARI ba="0,1" hai="9,10,19,22,24,58,63,67,92,97,103,117,118,119" machi="19" ten="30,24000,3" yaku="1,1,2,1,0,1,52,2,53,3" doraHai="6,44" doraHaiUra="113,101" who="3" fromWho="3" sc="141,-80,359,-80,202,-80,288,250" owari="61,-43.9,279,7.9,122,-27.8,538,63.8" /></mjloggm>