<mjloggm ver="2.3"><GO type="225" lobby="0"/><UN n0="%E8%BE%9B%E5%8F%A3%E3%82%AB%E3%83%AC%E3%83%BC%E3%83%A9%E3%82%A4%E3%82%B9" n1="%E3%81%B2%E3%81%AA%E3%81%AE%E3%82%8A%E3%81%8F" n2="%E8%B6%85%E7%B4%9A%E9%B3%B3%E5%87%B0" n3="%E3%82%B7%E3%83%B3%E5%A4%AA%E6%9C%97" dan="16,17,16,16" rate="2190.66,2211.04,2135.52,2180.62" sx="M,M,M,M"/><TAIKYOKU oya="0"/><INIT seed="0,0,0,4,5,56" ten="250,250,250,250" oya="0" hai0="101,33,64,27,134,29,11,93,16,96,68,69,82" hai1="4,112,52,135,67,8,5,115,55,85,132,79,74" hai2="39,72,36,24,22,15,48,121,131,12,14,63,104" hai3="97,23,40,127,120,57,83,92,47,17,123,124,53"/><T110/><D134/><N who="1" m="51243" /><E74/><V89/><F89/><BYE who="2" /><N who="3" m="55439" /><G83/><T59/><D110/><U88/><E79/><V125/><F125/><N who="3" m="48203" /><G47/><T133/><D133/><U80/><E67/><V0/><F0/><W107/><G40/><T7/><D82/><UN n2="%E8%B6%85%E7%B4%9A%E9%B3%B3%E5%87%B0" /><U116/><E116/><V32/><F121/><N who="3" m="46667" /><G107/><T129/><D129/><U99/><E99/><V43/><F104/><W126/><N who="3" m="48211" /><W20/><DORA hai="119" /><G17/><T60/><REACH who="0" step="1"/><D16/><REACH who="0" ten="240,250,250,250" step="2"/><U54/><E5/><V1/><F131/><W81/><G81/><T108/><D108/><U65/><E65/><V128/><F128/><W70/><G70/><T10/><D10/><U103/><E103/><V9/><F9/><W37/><G37/><T58/><D58/><U26/><E26/><V34/><F36/><W109/><G109/><T94/><D94/><U46/><E46/><V25/><F39/><W111/><G111/><T84/><D84/><U50/><E115/><V45/><F45/><W98/><G98/><T41/><D41/><U106/><E112/><V118/><F118/><W35/><G35/><T102/><D102/><U49/><E106/><V51/><F43/><W66/><G66/><T90/><D90/><U31/><E31/><V91/><F91/><W78/><G78/><T87/><D87/><U130/><E130/><V105/><F105/><W21/><G23/><T61/><D61/><AGARI ba="0,1" hai="20,21,53,57,61" m="46667,48211,55439" machi="61" ten="40,12000,2" yaku="18,1,13,1,52,4" doraHai="56,119" who="3" fromWho="0" sc="240,-120,250,0,250,0,250,130" /><INIT seed="1,0,0,2,0,28" ten="120,250,250,380" oya="1" hai0="47,127,41,91,69,55,121,83,107,110,112,35,73" hai1="105,90,6,118,40,63,12,59,122,126,89,94,43" hai2="96,36,111,132,93,3,98,123,99,117,67,46,104" hai3="45,56,19,85,109,20,31,54,11,135,24,42,88"/><U76/><E122/><V27/><F3/><W101/><G135/><T29/><D112/><U62/><E105/><V95/><F123/><W80/><G109/><T49/><D110/><U23/><E118/><V120/><F120/><W37/><G101/><T82/><D121/><U74/><E74/><V131/><F131/><W125/><G125/><T64/><D127/><U5/><E76/><V58/><F117/><W86/><G86/><T15/><D107/><U26/><E90/><V115/><F115/><W66/><G66/><T113/><D113/><U9/><E6/><V48/><F36/><W44/><G44/><T52/><D73/><U102/><E63/><V17/><F104/><W134/><G134/><T7/><D69/><U116/><E102/><V21/><F132/><W106/><G106/><T68/><D68/><U30/><E126/><V72/><F72/><W60/><REACH who="3" step="1"/><G11/><REACH who="3" ten="120,250,250,370" step="2"/><T50/><D64/><N who="1" m="39007" /><E116/><V16/><F111/><W100/><G100/><T129/><D129/><U57/><E57/><V22/><F58/><W77/><G77/><T103/><D103/><U38/><E38/><V10/><F10/><W130/><G130/><T2/><D47/><U75/><E75/><V114/><F67/><W70/><G70/><T32/><D91/><U124/><E124/><V71/><F114/><W34/><G34/><T79/><D35/><U97/><AGARI ba="0,1" hai="5,9,12,23,26,30,40,43,89,94,97" m="39007" machi="97" ten="30,1500,0" yaku="8,1" doraHai="28" who="1" fromWho="1" sc="120,-5,250,25,250,-5,370,-5" /><INIT seed="1,1,0,1,0,11" ten="115,275,245,365" oya="1" hai0="106,94,20,67,128,25,54,6,135,99,72,97,45" hai1="10,61,30,81,17,5,56,89,0,43,76,113,75" hai2="16,74,104,117,100,27,108,82,90,125,31,50,131" hai3="49,123,92,70,103,57,21,19,105,121,69,68,96"/><U36/><BYE who="2" /><E113/><UN n2="%E8%B6%85%E7%B4%9A%E9%B3%B3%E5%87%B0" /><V87/><F117/><W41/><G105/><T60/><D128/><U1/><E30/><V101/><F131/><W110/><G110/><T53/><D135/><U23/><E89/><V28/><F108/><W18/><G18/><T4/><D72/><U132/><E132/><V79/><F125/><W116/><G116/><T46/><D106/><U98/><E98/><V107/><F50/><W77/><G77/><T129/><D129/><U2/><E43/><V109/><F109/><W42/><G42/><T34/><D34/><U65/><REACH who="1" step="1"/><E36/><REACH who="1" ten="115,265,245,365" step="2"/><V47/><F31/><W111/><G111/><T134/><D134/><U126/><E126/><V112/><F28/><W62/><G41/><T52/><D99/><U14/><AGARI ba="1,1" hai="0,1,2,5,10,14,17,23,56,61,65,75,76,81" machi="14" ten="20,7800,0" yaku="1,1,0,1,7,1,52,1,53,0" doraHai="11" doraHaiUra="122" who="1" fromWho="1" sc="115,-27,265,91,245,-27,365,-27" /><INIT seed="1,2,0,4,3,76" ten="88,356,218,338" oya="1" hai0="14,13,90,2,35,34,128,58,103,114,111,87,116" hai1="57,31,65,92,72,117,62,109,12,56,74,26,51" hai2="89,78,48,54,53,122,4,20,132,68,95,80,28" hai3="42,27,133,64,7,113,40,38,23,17,1,75,43"/><U85/><E117/><V30/><F122/><W8/><G133/><T135/><D114/><U60/><E109/><V107/><F107/><W47/><G113/><T0/><D116/><U86/><E51/><V9/><F68/><W121/><G121/><T36/><D36/><U45/><E45/><V70/><F70/><W81/><G64/><T130/><D103/><U96/><E12/><N who="0" m="4713" /><D58/><U37/><E37/><V33/><F132/><W71/><G71/><T105/><D105/><U29/><E74/><V93/><F33/><N who="0" m="12298" /><D87/><U52/><E72/><V46/><F53/><W15/><G15/><T3/><D90/><U41/><E41/><V119/><F119/><W69/><G69/><T129/><D135/><U22/><E31/><V5/><F80/><W97/><G97/><T19/><D19/><U66/><E66/><V21/><F78/><AGARI ba="2,0" hai="1,7,8,17,23,27,38,40,42,43,47,75,78,81" machi="78" ten="40,5200,0" yaku="25,2,52,1" doraHai="76" who="3" fromWho="2" sc="88,0,356,0,218,-58,338,58" /><INIT seed="2,0,0,5,5,45" ten="88,356,160,396" oya="2" hai0="92,74,8,99,48,89,25,46,43,23,73,22,36" hai1="4,28,49,129,12,30,131,33,91,112,90,76,135" hai2="20,5,64,58,11,19,86,103,37,62,69,80,53" hai3="107,134,71,79,72,106,40,108,67,18,31,116,57"/><V3/><F37/><W98/><G116/><T123/><D123/><U96/><E112/><V38/><F103/><W50/><G134/><T65/><D65/><U61/><E76/><V113/><F38/><W122/><G122/><T42/><D8/><U120/><E120/><V104/><F104/><W88/><G108/><T1/><D1/><U34/><E61/><V39/><F39/><W52/><G40/><T105/><D22/><U109/><E109/><V35/><F113/><W0/><G0/><T128/><D128/><U101/><E135/><V114/><F114/><W60/><G31/><T24/><D24/><U10/><E30/><V9/><F35/><W85/><G98/><T59/><D105/><U84/><E90/><V56/><F9/><W7/><G7/><T47/><REACH who="0" step="1"/><D59/><REACH who="0" ten="78,356,160,396" step="2"/><U81/><E34/><V2/><F3/><W17/><G106/><T29/><AGARI ba="0,1" hai="23,25,29,36,42,43,46,47,48,73,74,89,92,99" machi="29" ten="20,8000,1" yaku="1,1,2,1,0,1,7,1,52,1,53,0" doraHai="45" doraHaiUra="83" who="0" fromWho="0" sc="78,90,356,-20,160,-40,396,-20" /><INIT seed="3,0,0,5,1,7" ten="168,336,120,376" oya="3" hai0="73,11,135,26,132,126,101,118,18,62,9,86,96" hai1="103,50,35,22,77,63,39,60,36,49,72,56,105" hai2="85,113,16,20,115,98,33,61,3,82,93,6,70" hai3="79,53,84,58,74,13,67,42,112,75,120,129,97"/><W133/><G120/><T125/><D73/><U41/><E35/><V83/><F33/><W5/><G112/><T106/><D118/><U37/><E72/><V68/><F6/><W130/><G133/><N who="0" m="51275" /><D86/><U32/><E32/><V8/><F3/><W57/><G42/><T104/><D104/><U109/><E77/><V64/><F68/><W17/><G5/><T12/><D26/><U131/><E103/><V128/><F128/><N who="3" m="49259" /><G97/><T46/><D46/><N who="1" m="25807" /><E22/><V66/><F66/><W91/><G67/><T123/><D123/><U30/><E30/><V21/><F113/><W47/><G47/><T1/><D62/><N who="1" m="23595" /><E105/><V40/><F40/><W119/><G119/><T25/><D25/><U19/><E19/><V65/><F65/><W78/><G58/><T34/><D34/><U90/><E90/><V92/><F115/><W108/><G108/><T38/><D38/><U55/><E131/><V51/><F51/><N who="3" m="30911" /><G75/><T116/><D116/><U107/><E107/><V27/><F20/><N who="3" m="11311" /><G74/><T28/><D28/><U89/><E89/><V2/><F2/><W31/><G31/><T134/><D134/><U94/><E94/><AGARI ba="0,0" hai="78,79,84,91,94" m="11311,30911,49259" machi="94" ten="30,2900,0" yaku="25,1,19,1" doraHai="7" who="3" fromWho="1" sc="168,0,336,-29,120,0,376,29" owari="168,-23.2,307,10.7,120,-38.0,405,50.5" /></mjloggm>