<mjloggm ver="2.3"><GO type="225" lobby="0"/><UN n0="%E3%82%BF%E3%83%BC%E3%83%90%E3%83%B3%E9%87%8E%E5%8F%A3" n1="%E3%81%B5%E3%81%98%E3%81%8B%E3%81%A4" n2="%E3%82%B2%E3%82%B9%E8%8C%82%E5%8B%9D" n3="%E3%81%86%E3%81%A9%E3%82%93%E3%81%93" dan="16,16,16,16" rate="2113.70,2185.94,2113.74,2191.51" sx="M,M,F,M"/><TAIKYOKU oya="0"/><INIT seed="0,0,0,2,5,122" ten="250,250,250,250" oya="0" hai0="6,51,95,86,133,75,55,57,104,102,113,7,85" hai1="96,37,124,27,112,93,50,0,72,34,41,36,43" hai2="135,77,39,65,71,61,94,130,123,28,97,31,53" hai3="60,99,117,89,15,128,119,83,88,38,54,47,126"/><T5/><D113/><U84/><E72/><V74/><F123/><W92/><G128/><T9/><D75/><U40/><E112/><V62/><F130/><W58/><G126/><T129/><D129/><U132/><E124/><V66/><F135/><W1/><G1/><T87/><D133/><U116/><E132/><V52/><F39/><W100/><G15/><T11/><REACH who="0" step="1"/><D104/><REACH who="0" ten="240,250,250,250" step="2"/><U30/><E116/><V19/><F74/><W13/><G117/><T3/><D3/><U44/><E0/><V2/><F2/><W17/><G119/><T105/><D105/><U69/><E69/><V70/><F77/><W4/><G4/><T125/><D125/><U103/><REACH who="1" step="1"/><E84/><REACH who="1" ten="240,240,250,250" step="2"/><V35/><F70/><W49/><G38/><AGARI ba="0,2" hai="27,30,34,36,37,38,40,41,43,44,50,93,96,103" machi="38" ten="40,2600,0" yaku="1,1,2,1,53,0" doraHai="122" doraHaiUra="108" who="1" fromWho="3" sc="240,0,240,46,250,0,250,-26" /><INIT seed="1,0,0,2,0,133" ten="240,286,250,224" oya="1" hai0="98,80,3,131,63,45,47,117,67,49,28,129,108" hai1="32,120,96,122,5,110,78,114,17,82,31,19,104" hai2="57,70,75,54,111,72,37,73,121,123,97,79,102" hai3="116,99,7,8,39,41,62,68,103,26,36,4,77"/><U22/><E114/><V112/><F111/><W23/><G116/><T88/><D117/><U134/><E134/><V38/><F70/><W106/><G77/><T24/><D3/><U34/><E5/><V125/><F112/><W27/><G4/><T50/><D108/><U52/><E110/><V13/><F79/><W135/><G135/><T127/><D127/><U59/><E17/><V33/><F33/><W58/><G68/><T83/><D47/><U48/><E104/><V86/><F86/><W113/><G113/><T1/><D1/><U61/><E96/><V87/><F87/><W20/><G27/><T76/><D76/><U71/><E71/><V0/><F0/><W56/><G23/><T55/><D49/><U85/><E61/><V9/><F38/><W43/><G39/><T42/><D42/><U51/><E51/><V107/><F37/><W16/><G36/><T81/><D98/><U60/><E60/><V90/><F90/><W93/><G106/><T10/><D10/><U92/><E92/><V15/><F15/><N who="3" m="5535" /><G58/><N who="0" m="37367" /><D129/><U40/><E40/><V69/><F69/><W124/><G124/><T11/><D11/><U66/><E66/><AGARI ba="0,0" hai="16,20,26,41,43,56,62,66,93,99,103" m="5535" machi="66" ten="30,2000,0" yaku="8,1,54,1" doraHai="133" who="3" fromWho="1" sc="240,0,286,-20,250,0,224,20" /><INIT seed="2,0,0,0,2,28" ten="240,266,250,244" oya="2" hai0="71,93,118,80,99,114,22,133,123,132,14,31,119" hai1="106,126,1,54,103,75,135,63,27,76,46,2,4" hai2="84,129,13,52,59,47,60,109,10,29,108,92,115" hai3="57,87,74,21,111,69,20,65,40,49,67,34,24"/><V17/><F115/><W83/><G74/><T11/><D71/><U18/><E126/><V94/><F129/><W81/><G69/><T102/><D114/><U134/><E4/><V5/><F29/><W72/><G111/><N who="2" m="42569" /><F47/><W112/><G112/><T127/><D123/><U42/><E106/><V79/><F17/><W36/><G36/><T101/><D80/><AGARI ba="0,0" hai="5,10,13,52,59,60,79,80,84,92,94" m="42569" machi="80" ten="30,5800,0" yaku="14,1,10,1,54,1" doraHai="28" who="2" fromWho="0" sc="240,-58,266,0,250,58,244,0" /><INIT seed="2,1,0,3,3,105" ten="182,266,308,244" oya="2" hai0="60,130,25,97,26,54,30,43,95,127,17,1,63" hai1="82,41,131,48,113,47,39,99,67,83,116,79,64" hai2="55,61,38,124,103,71,45,129,44,33,14,114,93" hai3="49,135,107,88,27,51,24,66,87,11,133,62,119"/><V32/><F114/><W18/><G107/><T46/><D1/><U108/><E116/><V132/><F132/><N who="3" m="50763" /><G119/><T115/><D115/><U81/><E113/><V37/><F124/><W85/><G85/><T91/><D127/><U19/><E131/><V86/><F129/><W52/><G11/><T13/><D130/><U56/><E108/><V94/><F86/><W110/><G110/><T50/><D43/><U78/><E99/><V123/><F123/><W53/><G49/><T84/><D97/><U111/><E111/><V89/><F103/><W7/><G7/><T74/><D74/><U28/><E28/><V122/><F122/><W72/><G72/><T128/><D128/><U20/><E39/><V42/><F14/><W2/><G2/><T8/><REACH who="0" step="1"/><D26/><REACH who="0" ten="172,266,308,244" step="2"/><U22/><E41/><V101/><F37/><W92/><G24/><T77/><D77/><U73/><E78/><V68/><F38/><W106/><G106/><T100/><D100/><U9/><E79/><V104/><F104/><W134/><G134/><T80/><D80/><U23/><E73/><V15/><F101/><W21/><G51/><T75/><D75/><U70/><E82/><V57/><F42/><W126/><G126/><T35/><AGARI ba="1,1" hai="8,13,17,25,30,35,46,50,54,60,63,84,91,95" machi="35" ten="20,2700,0" yaku="1,1,0,1,7,1,53,0" doraHai="105" doraHaiUra="3" who="0" fromWho="0" sc="172,40,266,-8,308,-14,244,-8" /><INIT seed="3,0,0,2,1,47" ten="212,258,294,236" oya="3" hai0="16,102,109,42,90,61,36,104,107,49,83,134,38" hai1="128,34,87,65,54,67,76,72,110,50,30,0,20" hai2="22,79,74,89,64,108,96,17,5,6,118,8,126" hai3="10,103,31,39,127,21,94,81,43,98,99,9,117"/><W92/><G117/><T112/><D61/><U111/><E0/><V53/><F118/><W70/><G127/><T19/><D83/><N who="1" m="47591" /><E34/><V12/><F108/><N who="1" m="41513" /><E72/><V88/><F126/><W73/><G70/><T1/><D109/><U56/><E128/><V37/><F37/><N who="0" m="14442" /><D1/><U59/><E59/><V28/><F74/><W24/><G39/><T27/><D90/><U62/><E62/><V2/><F64/><W122/><G43/><T29/><D102/><U4/><E4/><N who="2" m="1643" /><F2/><W95/><G122/><T57/><D29/><U116/><E116/><V71/><F71/><W85/><G73/><T97/><D97/><N who="3" m="36873" /><G103/><T120/><D120/><U48/><E30/><V55/><F79/><AGARI ba="0,0" hai="9,10,21,24,31,79,81,85,92,94,95" m="36873" machi="79" ten="30,1500,0" yaku="8,1" doraHai="47" who="3" fromWho="2" sc="212,0,258,0,294,-15,236,15" /><INIT seed="3,1,0,3,3,4" ten="212,258,279,251" oya="3" hai0="123,57,127,44,80,92,11,36,120,68,79,23,126" hai1="37,15,75,71,42,22,124,119,49,33,91,70,63" hai2="83,52,27,39,7,17,53,31,96,81,125,121,56" hai3="88,43,54,118,28,32,26,76,1,12,60,14,100"/><W82/><G1/><T8/><D68/><U114/><E33/><V67/><F125/><N who="0" m="47626" /><D57/><U45/><E75/><V2/><F121/><N who="0" m="46666" /><D92/><U131/><E124/><V98/><F39/><W110/><G118/><T10/><D23/><U106/><E119/><V108/><F108/><W112/><G112/><T122/><N who="0" m="46674" /><T47/><DORA hai="86" /><D36/><U0/><E114/><V109/><F109/><W113/><G113/><T104/><D104/><U72/><E106/><V38/><F38/><W20/><G110/><T48/><D48/><U107/><E107/><V59/><F17/><W62/><G100/><T30/><D30/><U46/><E37/><V34/><F67/><W87/><G43/><T130/><D130/><U64/><E131/><V6/><F2/><W94/><G32/><T133/><D133/><U61/><E0/><V40/><F40/><W35/><G35/><T115/><D115/><U116/><E116/><V69/><F34/><W135/><G135/><T9/><N who="0" m="2048" /><DORA hai="85" /><T24/><D24/><U101/><E71/><V55/><F69/><W5/><G5/><N who="2" m="1545" /><F56/><N who="3" m="34839" /><G62/><T65/><D65/><U13/><E63/><V111/><F59/><W16/><G28/><T21/><D21/><U51/><E22/><N who="2" m="15863" /><F111/><W90/><G94/><T97/><D97/><AGARI ba="1,0" hai="52,53,55,81,83,96,97,98" m="15863,1545" machi="97" ten="30,2000,0" yaku="8,1,54,1" doraHai="4,86,85" who="2" fromWho="0" sc="212,-23,258,0,279,23,251,0" owari="189,-31.1,258,5.8,302,40.2,251,-14.9" /></mjloggm>