<mjloggm ver="2.3"><GO type="225" lobby="0"/><UN n0="%77%72%77%72%77%72%77%72" n1="%E6%B4%BE%E9%81%A3%E3%81%AE%E3%82%B8%E3%83%A3%E3%83%83%E3%82%AF" n2="%E7%89%B9%E6%9D%B1%E3%81%AF%E4%B8%96%E7%95%8C%E3%82%92%E6%95%91%E3%81%86" n3="%E5%BA%97%E9%95%B7%4D" dan="17,17,16,16" rate="2189.86,2232.50,2137.43,2115.81" sx="M,M,M,M"/><TAIKYOKU oya="0"/><INIT seed="0,0,0,4,0,56" ten="250,250,250,250" oya="0" hai0="20,124,79,133,112,87,89,11,5,116,55,44,47" hai1="120,134,96,67,34,73,70,129,30,25,21,19,119" hai2="41,50,17,114,104,117,75,54,122,115,98,13,102" hai3="68,76,58,39,66,108,94,36,33,65,78,2,123"/><T61/><D112/><U42/><E119/><V15/><F122/><W38/><G33/><T85/><D116/><U26/><E120/><V24/><F117/><W12/><G2/><T32/><D32/><U95/><E73/><V92/><F75/><W48/><G123/><T118/><D118/><U63/><E134/><V82/><F41/><W18/><G108/><T83/><D133/><U71/><E129/><V88/><F82/><W9/><G94/><T135/><D124/><U69/><REACH who="1" step="1"/><E42/><REACH who="1" ten="250,240,250,250" step="2"/><V111/><F111/><W77/><REACH who="3" step="1"/><G68/><REACH who="3" ten="250,240,250,240" step="2"/><T10/><D135/><U14/><E14/><V101/><F115/><W97/><G97/><T40/><D40/><U132/><E132/><V100/><F114/><W62/><G62/><T51/><D61/><U27/><E27/><V99/><F99/><W91/><G91/><AGARI ba="0,2" hai="19,21,25,26,30,34,63,67,69,70,71,91,95,96" machi="91" ten="30,3900,0" yaku="1,1,7,1,52,1,53,0" doraHai="56" doraHaiUra="128" who="1" fromWho="3" sc="250,0,240,59,250,0,240,-39" /><INIT seed="1,0,0,3,5,101" ten="250,299,250,201" oya="1" hai0="49,17,77,70,1,68,97,44,45,100,31,114,132" hai1="11,76,115,84,91,121,125,86,51,37,89,120,66" hai2="10,9,2,53,50,133,20,52,43,73,19,124,107" hai3="98,38,99,28,6,32,39,126,129,33,64,118,71"/><U90/><E37/><V46/><F73/><W108/><G6/><T94/><D114/><U127/><E66/><V13/><F133/><W34/><G108/><T80/><D132/><U131/><E51/><V102/><F124/><N who="1" m="47689" /><E11/><V58/><F2/><W61/><G126/><T40/><D1/><U18/><E18/><V96/><REACH who="2" step="1"/><F53/><REACH who="2" ten="250,299,240,201" step="2"/><W12/><G118/><T72/><D31/><U5/><E115/><V3/><F3/><W22/><G129/><T110/><D110/><U35/><E131/><V119/><F119/><W67/><G67/><T25/><D68/><U55/><E55/><V123/><F123/><W30/><G30/><T41/><D70/><U54/><E54/><V109/><F109/><W130/><G130/><T74/><D74/><U26/><E121/><V116/><F116/><W85/><G28/><T78/><D72/><U8/><E120/><V0/><F0/><W14/><G39/><AGARI ba="0,1" hai="9,10,13,19,20,39,43,46,50,52,58,96,102,107" machi="39" ten="30,7700,0" yaku="1,1,7,1,52,1,54,1,53,0" doraHai="101" doraHaiUra="83" who="2" fromWho="3" sc="250,0,299,0,240,87,201,-77" /><INIT seed="2,0,0,2,2,90" ten="250,299,327,124" oya="2" hai0="53,38,61,6,17,44,10,63,11,19,42,59,70" hai1="14,32,83,26,71,36,39,132,1,67,65,85,126" hai2="12,112,55,129,108,82,24,81,120,43,35,84,106" hai3="62,7,101,37,5,16,66,99,111,119,107,40,58"/><V76/><F112/><W31/><G119/><T52/><D11/><U127/><E1/><V113/><F113/><W124/><G124/><N who="1" m="47658" /><E132/><V15/><F120/><W3/><G111/><T77/><D77/><U30/><E14/><V46/><F108/><W93/><G31/><T134/><D134/><U54/><E54/><V110/><F110/><W128/><G128/><T33/><D33/><U104/><E104/><V41/><F129/><W89/><G3/><T56/><REACH who="0" step="1"/><D70/><REACH who="0" ten="240,299,327,124" step="2"/><U103/><E71/><V87/><F35/><W116/><G116/><T64/><D64/><N who="1" m="24651" /><E103/><V92/><F76/><AGARI ba="0,1" hai="26,30,32,36,39,76,83,85" m="24651,47658" machi="76" ten="30,1000,0" yaku="18,1" doraHai="90" who="1" fromWho="2" sc="240,0,299,20,327,-10,124,0" /><INIT seed="3,0,0,0,1,108" ten="240,319,317,124" oya="3" hai0="114,116,49,38,107,41,74,117,37,0,33,35,17" hai1="70,90,75,82,15,92,60,56,72,81,43,88,61" hai2="126,26,57,9,76,39,101,115,14,2,16,51,95" hai3="30,89,96,1,123,93,55,110,79,73,105,50,54"/><W31/><G123/><T94/><D107/><U25/><E43/><V48/><F115/><W98/><G1/><T133/><D74/><U127/><E127/><V23/><F39/><W100/><G110/><T19/><D94/><U121/><E121/><V67/><F126/><W68/><G68/><T27/><D49/><N who="2" m="19018" /><F2/><W130/><G55/><T12/><D0/><U8/><E70/><V6/><F76/><W64/><G64/><T71/><D71/><U40/><E40/><V66/><F57/><W86/><G96/><AGARI ba="0,0" hai="6,9,14,16,23,26,66,67,95,96,101" m="19018" machi="96" ten="30,2000,0" yaku="8,1,54,1" doraHai="108" who="2" fromWho="3" sc="240,0,319,0,317,20,124,-20" owari="240,-16.0,319,11.9,337,43.7,104,-39.6" /></mjloggm>