<mjloggm ver="2.3"><GO type="225" lobby="0"/><UN n0="%E3%81%A1%E3%82%85%E3%81%86%E3%81%A9%E3%81%8F%E8%B1%A1%E3%81%95%E3%82%93" n1="%E3%81%86%E3%82%8B%E3%81%8A%E3%81%A1%E3%82%83" n2="%E7%89%B9%E6%9D%B1%E3%81%AF%E4%B8%96%E7%95%8C%E3%82%92%E6%95%91%E3%81%86" n3="%E7%8D%85%E5%AD%90%E6%80%92%E3%82%93" dan="17,16,16,16" rate="2144.02,2086.61,2173.17,2184.14" sx="M,F,M,M"/><TAIKYOKU oya="0"/><INIT seed="0,0,0,5,0,71" ten="250,250,250,250" oya="0" hai0="27,112,30,1,89,74,33,38,47,28,91,55,120" hai1="46,39,94,16,116,9,122,40,12,110,72,77,129" hai2="67,83,54,31,111,41,57,5,11,66,101,85,73" hai3="102,35,62,114,97,65,44,131,10,92,103,107,22"/><T45/><D112/><U37/><E116/><V52/><F111/><W26/><G114/><T4/><D120/><U53/><E122/><V113/><F73/><W60/><G131/><T15/><D74/><U88/><E129/><V8/><F113/><W58/><G35/><T124/><D124/><U69/><E110/><V84/><F101/><W128/><G128/><T42/><D28/><U81/><E69/><V95/><F41/><W133/><G133/><T19/><D1/><U104/><E104/><V17/><F31/><N who="3" m="17879" /><G107/><T93/><D4/><U119/><E53/><V14/><F95/><W99/><G99/><T59/><D47/><U61/><E61/><V100/><F100/><N who="3" m="60455" /><G62/><T108/><D93/><U18/><E119/><V117/><F117/><W82/><G82/><T25/><D25/><U36/><E18/><V106/><F106/><W34/><G34/><T126/><D126/><U48/><E48/><V80/><F80/><W21/><G21/><T51/><REACH who="0" step="1"/><D108/><REACH who="0" ten="240,250,250,250" step="2"/><U6/><REACH who="1" step="1"/><E6/><REACH who="1" ten="240,240,250,250" step="2"/><V75/><F5/><W134/><G134/><T78/><D78/><U87/><AGARI ba="0,2" hai="9,12,16,36,37,39,40,46,72,77,81,87,88,94" machi="87" ten="20,16000,3" yaku="1,1,2,1,0,1,7,1,52,3,54,2,53,1" doraHai="71" doraHaiUra="43" who="1" fromWho="1" sc="240,-80,240,180,250,-40,250,-40" /><INIT seed="1,0,0,3,4,21" ten="160,420,210,210" oya="1" hai0="95,64,37,31,79,26,87,125,11,65,99,57,27" hai1="123,34,20,3,49,41,18,78,114,19,85,43,58" hai2="47,33,38,8,94,124,36,25,105,122,82,128,39" hai3="42,32,66,90,131,12,111,14,115,126,134,45,127"/><U67/><E34/><V69/><F122/><W29/><G115/><T23/><D37/><U121/><E3/><V70/><F128/><W84/><G131/><T96/><D125/><N who="3" m="47625" /><G66/><T107/><D107/><U93/><E114/><V130/><F130/><W1/><G1/><T86/><D11/><U100/><E19/><V112/><F124/><W22/><G32/><T74/><D74/><U80/><E121/><V110/><F105/><W91/><G91/><T10/><D10/><U35/><E35/><V77/><F112/><W89/><G90/><T75/><D75/><U6/><E6/><V54/><F94/><N who="3" m="54567" /><G111/><T76/><D23/><U62/><E49/><V55/><F110/><W120/><G134/><T106/><D106/><U118/><E118/><V44/><F8/><W104/><G104/><T16/><D31/><U133/><E133/><V24/><F70/><W2/><G2/><T30/><D30/><U50/><E50/><V101/><F69/><W108/><G108/><T28/><D28/><U13/><E123/><V59/><F33/><W73/><G73/><T119/><D95/><U5/><E5/><V51/><F101/><W92/><G92/><T7/><D7/><U15/><E100/><V48/><F59/><W116/><G116/><T109/><D109/><U4/><E93/><V40/><F40/><W81/><G81/><T61/><D119/><U46/><E41/><V132/><F132/><W102/><G102/><T83/><D64/><U97/><E43/><V72/><AGARI ba="0,0" hai="24,25,36,38,39,44,47,48,51,54,55,72,77,82" machi="72" ten="30,7900,0" yaku="0,1,9,1,52,2" doraHai="21" who="2" fromWho="2" sc="160,-20,420,-39,210,79,210,-20" /><INIT seed="2,0,0,5,2,19" ten="140,381,289,190" oya="2" hai0="116,21,86,51,132,129,8,134,30,38,5,46,62" hai1="54,39,32,48,102,119,81,65,14,75,63,4,29" hai2="105,27,124,73,13,77,92,78,44,121,128,96,125" hai3="10,0,18,28,50,112,17,68,123,87,16,36,97"/><V93/><F121/><W57/><G36/><T59/><D38/><U23/><E119/><V56/><F105/><W45/><G68/><T103/><D116/><U113/><E113/><V127/><F128/><W74/><G74/><T64/><D103/><U52/><E102/><V91/><F73/><W9/><G123/><T126/><D86/><U118/><E118/><V107/><F107/><W47/><G112/><T25/><D129/><U55/><E39/><V82/><F82/><W133/><G133/><T88/><D126/><U95/><E32/><V101/><F44/><N who="3" m="16971" /><G0/><T34/><D88/><U98/><E75/><V104/><F13/><W40/><G97/><T110/><D110/><U109/><E81/><V108/><F108/><W76/><G28/><T106/><D106/><U131/><E131/><V35/><F56/><W99/><G99/><T42/><REACH who="0" step="1"/><D34/><REACH who="0" ten="130,381,289,190" step="2"/><U33/><E33/><V111/><F111/><W84/><G84/><T53/><D53/><U1/><E52/><V41/><F41/><W31/><G40/><T3/><AGARI ba="0,1" hai="3,5,8,21,25,30,42,46,51,59,62,64,132,134" machi="3" ten="30,4000,0" yaku="1,1,0,1,52,1,53,0" doraHai="19" doraHaiUra="11" who="0" fromWho="0" sc="130,50,381,-10,289,-20,190,-10" /><INIT seed="3,0,0,4,4,77" ten="180,371,269,180" oya="3" hai0="114,118,67,49,14,70,52,92,5,51,76,8,101" hai1="88,22,9,112,27,119,80,111,17,29,53,86,24" hai2="108,21,129,32,33,83,63,10,55,133,36,38,79" hai3="65,115,56,11,48,132,34,121,30,122,127,68,89"/><W85/><G115/><T72/><D118/><U128/><E112/><V98/><F108/><W45/><G127/><T62/><D114/><U109/><E128/><V44/><F129/><W28/><G68/><T31/><D31/><N who="3" m="11817" /><G34/><T50/><D76/><U74/><E119/><V120/><F120/><W97/><G132/><T26/><D72/><U107/><E107/><V106/><F38/><W16/><G122/><T1/><D26/><U104/><E104/><V58/><F133/><W61/><G121/><T87/><D1/><U93/><E53/><V15/><F36/><W20/><G97/><T100/><D100/><U105/><E105/><V19/><F44/><W131/><G11/><T40/><D40/><U99/><E74/><V110/><F110/><N who="1" m="41993" /><E9/><V13/><F98/><W60/><G131/><T64/><D64/><U18/><E27/><V75/><F106/><W94/><G56/><T134/><D134/><U35/><E35/><V42/><F42/><N who="3" m="24631" /><G65/><T47/><D67/><U95/><E95/><V71/><F71/><W2/><G2/><T12/><D70/><U102/><AGARI ba="0,0" hai="17,18,22,24,29,80,86,88,93,99,102" m="41993" machi="102" ten="30,4000,0" yaku="14,1,52,1,54,1" doraHai="77" who="1" fromWho="1" sc="180,-10,371,40,269,-10,180,-20" owari="170,-23.0,411,51.1,259,5.9,160,-34.0" /></mjloggm>