<mjloggm ver="2.3"><GO type="225" lobby="0"/><UN n0="%4C%4F%4C%49%54%41" n1="%73%6C%69%63%6B%33%31%39" n2="%E5%B0%8F%37%34" n3="%E8%B6%85%E7%B4%9A%E9%B3%B3%E5%87%B0" dan="16,16,16,16" rate="2199.24,2088.95,2097.31,2116.57" sx="F,M,M,M"/><TAIKYOKU oya="0"/><INIT seed="0,0,0,0,2,26" ten="250,250,250,250" oya="0" hai0="20,18,29,76,44,72,77,57,120,56,87,108,62" hai1="25,66,17,42,14,89,81,83,135,53,4,106,75" hai2="118,99,94,55,86,100,2,123,33,90,59,39,45" hai3="71,22,102,7,35,82,3,47,16,110,122,10,50"/><T61/><D120/><U27/><E106/><V0/><F123/><W13/><G122/><T126/><D72/><U113/><E135/><V70/><F70/><W111/><G71/><T19/><D126/><U117/><E117/><V41/><F33/><W101/><G82/><N who="0" m="47559" /><D77/><U74/><E66/><V119/><F118/><W46/><G46/><T63/><D44/><U98/><E42/><V28/><F28/><W12/><G12/><T34/><D34/><U96/><E4/><V64/><F64/><W21/><G21/><T23/><D108/><N who="3" m="41513" /><G35/><T114/><D114/><U125/><E125/><V24/><F24/><W115/><G115/><T15/><D29/><U69/><E69/><V129/><F129/><W58/><G58/><T103/><D103/><U104/><E104/><V128/><F128/><W6/><G6/><T93/><D93/><U68/><E68/><V78/><F78/><W9/><G9/><T8/><D8/><U30/><E30/><V91/><F119/><W88/><G88/><T127/><D127/><U36/><E89/><V48/><REACH who="2" step="1"/><F90/><REACH who="2" ten="250,250,240,250" step="2"/><W84/><G84/><T73/><D73/><U133/><E75/><V134/><F134/><W105/><G105/><AGARI ba="0,1" hai="0,2,39,41,45,48,55,59,86,91,94,99,100,105" machi="105" ten="30,2000,0" yaku="1,1,7,1,53,0" doraHai="26" doraHaiUra="130" who="2" fromWho="3" sc="250,0,250,0,240,30,250,-20" /><INIT seed="1,0,0,0,0,56" ten="250,250,270,230" oya="1" hai0="26,74,87,96,36,53,58,3,49,37,52,114,1" hai1="116,86,126,43,10,81,67,5,130,51,47,103,121" hai2="77,14,46,7,89,134,33,25,18,61,110,104,94" hai3="16,125,80,92,22,21,79,50,42,101,85,88,97"/><U108/><E116/><V69/><F104/><W63/><G125/><T66/><D74/><U98/><E121/><V65/><F110/><W119/><G119/><T124/><D114/><U95/><E126/><V39/><F134/><W8/><G63/><T28/><D124/><U127/><E127/><V57/><F77/><W70/><G70/><T41/><D66/><U38/><E108/><V113/><F113/><W71/><G71/><T55/><D55/><U20/><E130/><V30/><F7/><W34/><G34/><T91/><D96/><U135/><E135/><V2/><F2/><W102/><G8/><T105/><D105/><U100/><E20/><V82/><F82/><W123/><G123/><T15/><D15/><U75/><E75/><V122/><F122/><W29/><G29/><T12/><D12/><N who="1" m="5199" /><E38/><V13/><F69/><W54/><G42/><T64/><D64/><U99/><E99/><V111/><F111/><W73/><G21/><T35/><D53/><U117/><E67/><V72/><F72/><W0/><G0/><T115/><D37/><U83/><E83/><V31/><F31/><W112/><G73/><T59/><D115/><U68/><E68/><V132/><F132/><W24/><G112/><T76/><D36/><U48/><E48/><V40/><F18/><W133/><G133/><T44/><D49/><U62/><E62/><V17/><F17/><W78/><G78/><T118/><D76/><N who="1" m="46375" /><E117/><V131/><F131/><W19/><G19/><T45/><D118/><U129/><E129/><V23/><F33/><W93/><G93/><T60/><D35/><RYUUKYOKU ba="0,0" sc="250,-30,250,10,270,10,230,10" hai1="43,47,51,95,98,100,103" hai2="13,14,23,25,30,39,40,46,57,61,65,89,94" hai3="16,22,24,50,54,79,80,85,88,92,97,101,102" /><INIT seed="1,1,0,2,4,78" ten="220,260,280,240" oya="1" hai0="86,99,14,0,62,93,72,22,97,49,126,79,131" hai1="28,84,124,43,30,21,89,61,108,12,1,50,120" hai2="39,91,68,13,51,40,109,119,44,74,27,87,67" hai3="98,85,127,55,132,37,33,18,41,115,4,11,82"/><U80/><E120/><V63/><F119/><W26/><G115/><T128/><D0/><U73/><E1/><V125/><F109/><W133/><G127/><T95/><D126/><U23/><E124/><V10/><F125/><W5/><G98/><T47/><D72/><U103/><E108/><V25/><F74/><W129/><G129/><N who="0" m="49739" /><D62/><U76/><E103/><V56/><F39/><W107/><G107/><T75/><D75/><U20/><E61/><V122/><F68/><W71/><G71/><T110/><D110/><U88/><E12/><V69/><F69/><W83/><G55/><T118/><D118/><U121/><E121/><V123/><F122/><W134/><G41/><T19/><D79/><U104/><E104/><V94/><REACH who="2" step="1"/><F123/><REACH who="2" ten="220,260,270,240" step="2"/><W53/><G37/><T111/><D111/><U24/><E73/><V8/><F8/><W105/><G11/><T101/><D86/><U102/><E84/><V135/><F135/><W57/><G85/><T96/><D101/><U114/><E114/><V90/><F90/><W64/><G133/><T2/><D2/><U31/><E102/><V100/><F100/><W106/><G106/><T58/><D58/><U59/><E59/><V35/><F35/><W117/><G105/><T16/><D19/><AGARI ba="1,1" hai="10,13,19,25,27,40,44,51,56,63,67,87,91,94" machi="19" ten="30,3900,0" yaku="1,1,7,1,8,1,53,0" doraHai="78" doraHaiUra="112" who="2" fromWho="0" sc="220,-42,260,0,270,52,240,0" /><INIT seed="2,0,0,5,3,93" ten="178,260,322,240" oya="2" hai0="68,92,131,116,11,123,0,72,101,113,3,26,50" hai1="84,119,98,75,87,106,4,104,127,62,85,100,130" hai2="7,13,43,108,105,58,17,70,9,29,63,128,41" hai3="8,38,22,65,35,48,115,83,135,32,133,125,77"/><V36/><F70/><W37/><G125/><T23/><D123/><U51/><E119/><V91/><F128/><W45/><G115/><T31/><D113/><U20/><E75/><V57/><F105/><W25/><G65/><T86/><D72/><U67/><E130/><V99/><F108/><W118/><G8/><T16/><D131/><U52/><E127/><V129/><F129/><W21/><G118/><T120/><D120/><U132/><E132/><N who="3" m="50762" /><G32/><T97/><D68/><U81/><E4/><V56/><F36/><N who="3" m="13931" /><G25/><T47/><D116/><U5/><E5/><V122/><F122/><W89/><G89/><T78/><D11/><U6/><E6/><V107/><F7/><W95/><G95/><T46/><D31/><U110/><E110/><V134/><F107/><W15/><G15/><T124/><D124/><U111/><E106/><V96/><F29/><W94/><G94/><T40/><REACH who="0" step="1"/><D47/><REACH who="0" ten="168,260,322,240" step="2"/><U60/><E111/><V109/><F109/><W66/><G45/><T12/><D12/><U61/><E67/><V102/><F134/><W126/><G66/><T121/><D121/><U33/><E33/><V90/><F9/><W42/><G35/><T103/><D103/><U27/><E20/><V2/><F102/><W34/><G34/><T112/><D112/><U1/><E27/><V49/><F13/><W14/><G14/><T79/><D79/><N who="1" m="46143" /><E1/><V117/><F2/><W114/><G126/><T18/><D18/><U54/><E100/><V80/><F17/><W71/><G114/><T74/><D74/><U30/><E30/><V53/><F117/><W64/><G71/><RYUUKYOKU ba="0,1" sc="168,30,260,-10,322,-10,240,-10" hai0="0,3,16,23,26,40,46,50,78,86,92,97,101" /><INIT seed="3,1,1,0,0,19" ten="198,250,312,230" oya="3" hai0="72,75,128,131,13,125,91,84,82,56,61,23,123" hai1="39,77,95,48,54,28,32,62,78,74,68,130,94" hai2="81,111,2,115,44,132,49,118,4,15,79,43,52" hai3="105,121,135,29,46,112,67,6,96,33,124,8,71"/><W17/><G112/><T70/><D123/><U83/><E39/><V50/><F115/><W63/><G121/><T30/><D70/><U58/><E77/><V59/><F118/><W122/><G122/><T65/><D125/><U42/><E130/><N who="0" m="49705" /><D13/><U86/><E74/><V127/><F127/><W36/><G124/><T38/><D38/><U76/><E76/><V93/><F111/><W108/><G108/><T37/><D37/><U120/><E120/><V22/><F132/><W1/><G135/><T11/><D11/><U106/><E106/><V113/><F113/><W18/><G36/><T24/><AGARI ba="1,1" hai="23,24,30,56,61,65,72,75,82,84,91" m="49705" machi="24" ten="30,2000,0" yaku="19,1,52,1" doraHai="19" who="0" fromWho="0" sc="198,33,250,-6,312,-6,230,-11" owari="231,-16.9,244,4.4,306,40.6,219,-28.1" /></mjloggm>