<mjloggm ver="2.3"><GO type="225" lobby="0"/><UN n0="%E4%B8%96%E7%95%8C%E3%81%AE%E4%BA%80%E4%BA%95" n1="%72%61%6B%33" n2="%E7%B4%94%E6%BD%94%E3%83%94%E3%83%A9%E3%83%8B%E3%82%A2" n3="%E3%83%96%E3%83%A9%E3%82%B6%E3%83%BC" dan="17,18,17,16" rate="2207.36,2264.49,2256.24,2090.60" sx="M,M,M,M"/><TAIKYOKU oya="0"/><INIT seed="0,0,0,0,1,97" ten="250,250,250,250" oya="0" hai0="27,60,78,111,2,49,101,116,19,106,63,30,32" hai1="74,17,64,66,112,56,43,59,135,23,61,82,119" hai2="52,76,128,41,15,103,71,40,31,55,67,131,65" hai3="100,94,36,16,22,42,84,45,122,25,33,57,83"/><T121/><D116/><U105/><E135/><V8/><F76/><W38/><G122/><T113/><D121/><U11/><E112/><V68/><F31/><W28/><G57/><T0/><D113/><U44/><E105/><V134/><F15/><W39/><G94/><T88/><D111/><U129/><E129/><N who="2" m="49739" /><F103/><W117/><G117/><T34/><D78/><U104/><E104/><V21/><F21/><W69/><G69/><N who="2" m="26697" /><F8/><W58/><G58/><T26/><D49/><U124/><E124/><V7/><F7/><W90/><REACH who="3" step="1"/><G100/><REACH who="3" ten="250,250,250,240" step="2"/><T80/><D101/><U123/><E119/><V62/><F134/><W130/><G130/><T70/><D106/><U98/><E123/><V86/><F86/><W6/><G6/><T12/><D70/><U107/><E107/><V120/><F120/><W114/><G114/><T75/><D75/><U126/><E74/><V29/><F62/><W99/><G99/><T4/><D4/><U102/><E98/><V95/><F95/><W79/><G79/><T115/><D60/><U14/><E102/><V35/><F35/><W85/><G85/><N who="0" m="50215" /><D63/><U53/><E61/><V9/><F67/><W127/><G127/><T54/><D115/><U110/><E66/><V24/><F65/><W92/><G92/><T1/><D32/><U91/><E64/><V18/><F29/><W13/><AGARI ba="0,1" hai="13,16,22,25,28,33,36,38,39,42,45,83,84,90" machi="13" ten="20,5200,0" yaku="1,1,0,1,7,1,54,1,53,0" doraHai="97" doraHaiUra="133" who="3" fromWho="3" sc="250,-26,250,-13,250,-13,240,62" /><INIT seed="1,0,0,0,4,123" ten="224,237,237,302" oya="1" hai0="127,11,2,66,54,52,110,4,113,114,59,9,116" hai1="34,20,104,105,102,126,130,109,26,117,74,115,58" hai2="70,60,37,55,92,71,124,14,73,78,128,61,7" hai3="76,23,38,108,17,27,77,51,35,129,3,5,82"/><U118/><E115/><V69/><F37/><W57/><G38/><T135/><D116/><U81/><E34/><V12/><F124/><W31/><G129/><T94/><D127/><U85/><E130/><V24/><F128/><W33/><G33/><T131/><D131/><U49/><E126/><V79/><F92/><W62/><G51/><T64/><D135/><U65/><E74/><V53/><F24/><W100/><G100/><T134/><D134/><U111/><E65/><V8/><F73/><W132/><G5/><T47/><D94/><U103/><E58/><V18/><F61/><W30/><G3/><T39/><D39/><U1/><E49/><V29/><F29/><W84/><G31/><T28/><D28/><U15/><E15/><V96/><F96/><W121/><G121/><T45/><D59/><U32/><E32/><V119/><F60/><W44/><G44/><T97/><D97/><N who="1" m="61519" /><E1/><V48/><F119/><N who="1" m="45577" /><E20/><V122/><F122/><W6/><G57/><T50/><D50/><U88/><E26/><V63/><F63/><W41/><G27/><T91/><D2/><U72/><E72/><V75/><F75/><W125/><G23/><T43/><D4/><U95/><E105/><V112/><F112/><W107/><G107/><T67/><D67/><U106/><E106/><V83/><F48/><W90/><G6/><T80/><D43/><U10/><E10/><N who="2" m="6423" /><F53/><W22/><G41/><T40/><D40/><U89/><E103/><V21/><F55/><N who="0" m="21034" /><D113/><U0/><E0/><N who="2" m="103" /><F83/><W120/><G82/><T42/><D114/><U46/><E46/><N who="0" m="17417" /><D42/><U98/><AGARI ba="0,0" hai="81,85,88,89,95,98,109,111" m="45577,61519" machi="98" ten="30,18000,2" yaku="5,1,34,2,52,2,54,1" doraHai="123" who="1" fromWho="1" sc="224,-60,237,180,237,-60,302,-60" /><INIT seed="1,1,0,5,4,40" ten="164,417,177,242" oya="1" hai0="108,35,118,105,61,23,27,8,37,122,82,14,20" hai1="59,44,55,91,83,97,130,31,94,47,39,33,56" hai2="126,111,121,109,106,4,53,24,60,101,7,99,95" hai3="70,131,22,134,79,87,117,54,78,72,6,71,15"/><U104/><E130/><V64/><F121/><W115/><G72/><T102/><D122/><U66/><E104/><V29/><F53/><W103/><G103/><T34/><D37/><U93/><E39/><V98/><F126/><W132/><G115/><T129/><D129/><U112/><E112/><V21/><F99/><W25/><G117/><T89/><D118/><U12/><E83/><V96/><F96/><W3/><G3/><T67/><D108/><N who="2" m="41546" /><F106/><W81/><G54/><T36/><D36/><U45/><E33/><V74/><F74/><W57/><G57/><AGARI ba="1,0" hai="4,7,21,24,29,57,60,64,95,98,101" m="41546" machi="57" ten="30,2000,0" yaku="25,1,14,1" doraHai="40" who="2" fromWho="3" sc="164,0,417,0,177,23,242,-23" /><INIT seed="2,0,0,4,0,103" ten="164,417,200,219" oya="2" hai0="114,43,77,75,18,92,29,31,90,95,6,86,89" hai1="58,26,98,117,23,123,132,127,84,44,97,10,40" hai2="73,71,51,116,64,74,20,112,33,61,80,115,57" hai3="28,121,53,47,119,68,32,79,106,99,130,7,48"/><V65/><F33/><W109/><G109/><T82/><D114/><U134/><E117/><V17/><F116/><W113/><G130/><T105/><D105/><U93/><E127/><V21/><F21/><W62/><G113/><T3/><D43/><U129/><E123/><V24/><F64/><W135/><G79/><T4/><D18/><U37/><E129/><V101/><F74/><W16/><G7/><T96/><REACH who="0" step="1"/><D3/><REACH who="0" ten="154,417,200,219" step="2"/><U72/><E40/><V87/><F115/><W122/><G16/><T27/><D27/><U1/><E26/><V0/><F112/><W83/><G121/><T111/><D111/><U94/><E1/><V108/><F0/><W8/><G122/><T76/><D76/><U88/><E134/><V36/><F108/><W125/><G135/><T118/><D118/><U102/><E132/><V107/><F107/><W60/><G119/><T5/><AGARI ba="0,1" hai="4,5,6,29,31,75,77,82,86,89,90,92,95,96" machi="5" ten="30,2000,0" yaku="1,1,0,1,53,0" doraHai="103" doraHaiUra="131" who="0" fromWho="0" sc="154,30,417,-5,200,-10,219,-5" /><INIT seed="3,0,0,4,4,9" ten="184,412,190,214" oya="3" hai0="115,134,32,118,31,73,5,51,46,14,17,126,37" hai1="4,102,109,85,106,132,25,34,80,135,86,71,74" hai2="58,62,36,108,89,27,7,60,107,84,40,10,83" hai3="39,104,47,103,123,93,11,94,120,99,97,66,2"/><W35/><G35/><T110/><D118/><U41/><E109/><V23/><F108/><W55/><G66/><T112/><D110/><U88/><E71/><V122/><F107/><W33/><G33/><T76/><D134/><U81/><E4/><V13/><F122/><W116/><G116/><T119/><D126/><U95/><E41/><V114/><F114/><N who="0" m="43562" /><D119/><U15/><E25/><V111/><F111/><W92/><G99/><T48/><D5/><U67/><E67/><V90/><F36/><W65/><G65/><T42/><D31/><U56/><E56/><V49/><F89/><W54/><G54/><T131/><D131/><U29/><E29/><N who="2" m="17663" /><F58/><W128/><G128/><T124/><D32/><U113/><E34/><V105/><F105/><W129/><G129/><T44/><D124/><U63/><E63/><V64/><F64/><W127/><G55/><N who="0" m="30087" /><D76/><U59/><E74/><V117/><F117/><W77/><G77/><T16/><D73/><U22/><E113/><V19/><F7/><W45/><G127/><T130/><D130/><U53/><E106/><V70/><F70/><W50/><G39/><T21/><D17/><U78/><E102/><V18/><F19/><W61/><G47/><AGARI ba="0,0" hai="10,13,18,40,47,49,60,62,83,84,90" m="17663" machi="47" ten="30,2000,0" yaku="8,1,52,1" doraHai="9" who="2" fromWho="3" sc="184,0,412,0,190,20,214,-20" owari="184,-31.6,412,51.2,210,1.0,194,-20.6" /></mjloggm>