<mjloggm ver="2.3"><GO type="225" lobby="0"/><UN n0="%53%63%61%6E%64%61%6C" n1="%4E%6F%2E%30%30%30%31" n2="%E3%81%99%E3%81%84%E3%81%BE%E3%81%9B%E3%83%BC%E3%82%93" n3="%72%69%6F%75%63%68%61%6E" dan="16,18,16,16" rate="2154.91,2234.87,2113.78,2149.37" sx="M,M,M,M"/><TAIKYOKU oya="0"/><INIT seed="0,0,0,0,3,75" ten="250,250,250,250" oya="0" hai0="80,72,102,115,7,11,62,36,92,56,37,133,57" hai1="131,41,58,114,27,125,29,42,81,63,0,83,61" hai2="105,117,33,119,19,25,84,20,1,129,98,2,26" hai3="113,91,135,6,76,93,4,49,90,89,104,65,32"/><T79/><D115/><U118/><E114/><V88/><F129/><W47/><G113/><T10/><D133/><U48/><E118/><N who="2" m="45067" /><F98/><W68/><G135/><T59/><D11/><U30/><E0/><N who="2" m="107" /><F105/><W67/><G32/><T64/><D102/><U34/><E125/><V16/><F33/><W28/><G104/><T121/><D121/><U124/><E124/><V106/><F106/><W12/><G28/><T103/><D92/><U100/><E100/><V74/><F74/><W116/><G116/><T43/><D103/><U101/><E101/><V128/><F128/><W69/><G76/><T40/><D40/><U38/><E41/><V50/><F50/><W127/><G127/><T96/><D96/><U109/><E30/><N who="2" m="17703" /><F26/><W54/><G93/><AGARI ba="0,0" hai="16,19,84,88,93" m="17703,107,45067" machi="93" ten="30,3900,0" yaku="12,1,54,2" doraHai="75" who="2" fromWho="3" sc="250,0,250,0,250,39,250,-39" /><INIT seed="1,0,0,3,3,20" ten="250,250,289,211" oya="1" hai0="72,105,69,86,131,50,71,88,104,30,51,90,127" hai1="130,57,74,64,13,11,97,32,58,4,115,121,38" hai2="126,3,128,114,134,85,25,111,100,1,14,132,22" hai3="94,28,75,108,76,43,98,0,129,113,16,82,116"/><U33/><E115/><V2/><F85/><W18/><G113/><T6/><D131/><U31/><E121/><V77/><F77/><W62/><G129/><T34/><D127/><U122/><E122/><V91/><F91/><W37/><G108/><T119/><D6/><U52/><E74/><V44/><F44/><W66/><G116/><T42/><D42/><U99/><E38/><V109/><F100/><W61/><G0/><T47/><D47/><U45/><E130/><V123/><F128/><W26/><G61/><T80/><D72/><U133/><E133/><N who="2" m="51307" /><F126/><W87/><G75/><T53/><D119/><U83/><E83/><V79/><F79/><W124/><G124/><T112/><D112/><U41/><E64/><V103/><F103/><W102/><G43/><T125/><D125/><U29/><E58/><V21/><F123/><W118/><G37/><T63/><D63/><U68/><E68/><V67/><F67/><W40/><G40/><T8/><D8/><U59/><E59/><V107/><F107/><W46/><G46/><T24/><D90/><U120/><E120/><V92/><F114/><W89/><G89/><T78/><D78/><U73/><E73/><V56/><F56/><N who="3" m="37191" /><G118/><T5/><D5/><U110/><E45/><V84/><F111/><W7/><G7/><T135/><D135/><U39/><E110/><V65/><F65/><W17/><G28/><N who="1" m="10826" /><E41/><V19/><F109/><W60/><G60/><T36/><D36/><U106/><E39/><V49/><F49/><W117/><G117/><T15/><D50/><N who="1" m="30871" /><E106/><V93/><F84/><W35/><G35/><AGARI ba="0,0" hai="4,11,13,32,33,35,97,99" m="30871,10826" machi="35" ten="30,2900,0" yaku="6,1,54,1" doraHai="20" who="1" fromWho="3" sc="250,0,250,29,289,0,211,-29" /><INIT seed="1,1,0,2,0,130" ten="250,279,289,182" oya="1" hai0="99,48,50,53,116,123,20,125,110,23,6,46,129" hai1="16,91,86,38,66,49,73,87,4,83,88,54,2" hai2="25,65,63,131,79,1,97,76,28,12,51,52,47" hai3="11,104,77,22,117,120,24,82,135,27,114,133,70"/><U89/><E38/><V62/><F1/><W107/><G120/><T35/><D116/><U108/><E66/><V39/><F131/><W103/><G114/><T40/><D123/><U124/><E124/><V58/><F39/><W13/><G70/><T122/><D122/><U60/><E60/><V8/><F97/><W45/><G45/><T31/><D129/><U118/><E118/><V0/><F62/><W101/><G117/><T30/><D125/><U41/><E41/><V17/><REACH who="2" step="1"/><F0/><REACH who="2" ten="250,279,279,182" step="2"/><W21/><G104/><T42/><D99/><U121/><E2/><V119/><F119/><W84/><G107/><T78/><D110/><U94/><E121/><V15/><F15/><W132/><G24/><T72/><D50/><U29/><E108/><V3/><F3/><W19/><REACH who="3" step="1"/><G21/><AGARI ba="1,1" hai="8,12,17,21,25,28,47,51,52,58,63,65,76,79" machi="21" ten="30,7700,0" yaku="1,1,7,1,8,1,54,1,53,0" doraHai="130" doraHaiUra="80" who="2" fromWho="3" sc="250,0,279,0,279,90,182,-80" /><INIT seed="2,0,0,1,0,127" ten="250,279,369,102" oya="2" hai0="26,96,116,14,71,68,67,1,92,80,8,46,47" hai1="114,81,31,5,75,85,130,10,17,109,124,125,36" hai2="113,30,32,44,16,55,35,64,66,18,39,38,19" hai3="29,122,4,74,129,52,100,40,59,45,126,123,101"/><V49/><F113/><W13/><G74/><T70/><D116/><U76/><E114/><V43/><F39/><W23/><G126/><N who="1" m="48746" /><E109/><V22/><F22/><W6/><G123/><T9/><D67/><U117/><E117/><V12/><F12/><W56/><G122/><T98/><D1/><U61/><E36/><V25/><REACH who="2" step="1"/><F32/><REACH who="2" ten="250,279,359,102" step="2"/><W24/><G129/><T27/><D14/><U115/><E130/><V51/><F51/><W135/><G135/><T106/><D106/><U78/><E115/><V54/><F54/><W37/><G13/><T121/><D121/><U11/><E10/><V119/><F119/><W108/><G108/><T102/><D9/><U88/><E11/><V73/><F73/><W48/><REACH who="3" step="1"/><G56/><AGARI ba="0,1" hai="16,18,19,25,30,35,38,43,44,49,55,56,64,66" machi="56" ten="40,3900,0" yaku="1,1,54,1,53,0" doraHai="127" doraHaiUra="103" who="2" fromWho="3" sc="250,0,279,0,359,49,102,-39" /><INIT seed="2,1,0,5,2,107" ten="250,279,408,63" oya="2" hai0="21,86,76,123,120,23,122,95,49,20,71,64,113" hai1="109,18,19,17,94,125,80,16,127,92,33,2,84" hai2="102,93,90,131,117,25,24,99,3,110,56,83,130" hai3="88,6,115,48,128,30,42,60,72,118,119,22,63"/><V1/><F117/><W44/><G128/><N who="2" m="49193" /><F110/><W87/><G115/><T39/><D39/><U13/><E2/><N who="2" m="523" /><F56/><W75/><G6/><T43/><D113/><U41/><E33/><V58/><F58/><W100/><G100/><T7/><D7/><U96/><E41/><V50/><F50/><W45/><G45/><T5/><D49/><U82/><E109/><V103/><F103/><W61/><G118/><T104/><D104/><U89/><E125/><V121/><F121/><W29/><G119/><T98/><D43/><U53/><E53/><V51/><F51/><W74/><REACH who="3" step="1"/><G22/><REACH who="3" ten="250,279,408,53" step="2"/><T34/><D23/><N who="1" m="11663" /><E127/><V77/><F102/><AGARI ba="1,1" hai="17,18,19,80,82,84,89,92,94,96,102" m="11663" machi="102" ten="30,2000,0" yaku="8,1,54,1" doraHai="107" who="1" fromWho="2" sc="250,0,279,33,408,-23,53,0" /><INIT seed="3,0,0,3,2,16" ten="250,312,385,53" oya="3" hai0="91,71,116,114,65,85,67,103,93,130,128,5,88" hai1="60,62,44,40,2,75,52,108,1,50,51,95,92" hai2="90,36,9,100,4,110,43,35,120,94,84,115,98" hai3="99,3,8,69,129,33,34,111,123,78,38,41,29"/><W77/><G123/><T121/><D121/><U83/><E108/><V80/><F110/><W66/><G111/><T125/><D114/><U109/><E109/><V7/><F35/><W68/><G129/><N who="0" m="49771" /><D116/><U42/><E83/><V25/><F115/><W117/><G117/><T39/><D39/><U107/><E107/><V104/><F120/><W112/><G112/><T74/><D125/><U82/><E82/><V79/><F25/><N who="3" m="18607" /><G34/><T30/><D74/><U134/><E75/><N who="2" m="43135" /><F9/><W119/><G119/><T46/><D46/><AGARI ba="0,0" hai="4,7,36,43,46,84,90,94,98,100,104" m="43135" machi="46" ten="30,1000,0" yaku="24,1" doraHai="16" who="2" fromWho="0" sc="250,-10,312,0,385,10,53,0" owari="240,-16.0,312,11.2,395,49.5,53,-44.7" /></mjloggm>