<mjloggm ver="2.3"><GO type="225" lobby="0"/><UN n0="%E6%B4%BE%E9%81%A3%E3%81%AE%E3%82%B8%E3%83%A3%E3%83%83%E3%82%AF" n1="%E5%8D%A0%E3%81%84%E5%B8%AB%E8%A3%8F%E3%81%AA%E3%81%84%E3%81%97" n2="%E3%83%B4%E3%83%A0%EF%BC%99%E3%81%A6" n3="%E6%B8%A1%E5%A4%A9%E8%97%8D" dan="17,17,16,16" rate="2190.72,2215.20,2129.42,2117.58" sx="M,M,M,M"/><TAIKYOKU oya="0"/><INIT seed="0,0,0,3,4,74" ten="250,250,250,250" oya="0" hai0="102,125,133,34,66,21,41,17,35,116,96,3,86" hai1="87,58,72,126,110,25,134,122,85,64,56,39,67" hai2="50,97,33,118,92,12,82,90,114,29,44,123,84" hai3="7,79,10,81,52,15,6,46,49,47,113,119,109"/><T89/><D116/><U38/><E38/><V55/><BYE who="1" /><F118/><W103/><G119/><T8/><D3/><U18/><E18/><V77/><F123/><W30/><G113/><T9/><D41/><U13/><E13/><V19/><F114/><W104/><G109/><UN n1="%E5%8D%A0%E3%81%84%E5%B8%AB%E8%A3%8F%E3%81%AA%E3%81%84%E3%81%97" /><T71/><D125/><U62/><E39/><V60/><F33/><W36/><G30/><T1/><D133/><U108/><E72/><V68/><F29/><W14/><G103/><T5/><D8/><U117/><E117/><V120/><F120/><W88/><G104/><T111/><D111/><N who="1" m="42539" /><E122/><V106/><F106/><W27/><G27/><T83/><D66/><U28/><E126/><V54/><F68/><W73/><G88/><T61/><D61/><N who="1" m="37927" /><E134/><V99/><F60/><W63/><G63/><T132/><D71/><U40/><E40/><V129/><F129/><W16/><REACH who="3" step="1"/><G14/><REACH who="3" ten="250,250,250,240" step="2"/><T11/><D132/><U75/><E25/><V31/><F31/><W59/><G59/><T65/><D34/><U80/><E28/><V0/><F0/><W20/><G20/><T26/><D35/><U121/><E121/><V115/><F115/><W23/><G23/><T128/><D128/><U57/><E58/><V101/><F97/><W130/><G130/><T43/><D11/><U51/><E51/><V105/><F105/><W124/><G124/><T131/><D131/><U70/><E70/><V95/><F101/><W69/><G69/><T37/><D102/><U112/><E112/><V32/><F32/><W42/><AGARI ba="0,1" hai="6,7,10,15,16,36,42,46,47,49,52,73,79,81" machi="42" ten="30,8000,1" yaku="1,1,0,1,52,1,54,2,53,0" doraHai="74" doraHaiUra="98" who="3" fromWho="3" sc="250,-40,250,-20,250,-20,240,90" /><INIT seed="1,0,0,4,2,1" ten="210,230,230,330" oya="1" hai0="42,103,65,92,20,26,21,64,119,79,133,116,110" hai1="59,31,89,67,62,61,78,55,75,87,0,99,10" hai2="32,19,8,88,29,60,122,51,123,127,22,100,48" hai3="74,102,126,107,125,12,111,66,131,5,129,132,4"/><U80/><E31/><V3/><F100/><W86/><G74/><T76/><D110/><U83/><E99/><V106/><F106/><W37/><G37/><T128/><D133/><U73/><E73/><V112/><F127/><N who="3" m="48651" /><G111/><T70/><D128/><N who="3" m="49225" /><G66/><T43/><D103/><U113/><E113/><V25/><F60/><W109/><G109/><T47/><D26/><U50/><REACH who="1" step="1"/><E67/><REACH who="1" ten="210,220,230,330" step="2"/><V44/><F112/><W105/><G132/><T45/><D70/><U77/><E77/><V104/><F29/><W68/><G68/><T40/><D79/><U91/><E91/><V54/><F88/><W93/><G12/><T84/><D65/><U114/><E114/><V95/><F122/><W15/><G15/><T134/><D64/><U120/><E120/><V23/><F123/><W9/><G102/><T39/><D134/><U115/><E115/><V63/><F3/><W81/><G93/><T85/><D92/><U117/><E117/><V71/><F95/><W56/><G105/><T52/><D116/><U38/><E38/><V72/><F104/><W36/><G107/><T58/><D119/><U97/><E97/><V130/><F72/><W17/><G36/><T69/><D69/><U16/><E16/><V57/><F130/><W108/><G108/><T118/><D118/><U33/><E33/><V53/><F71/><W27/><G17/><T11/><D39/><U13/><E13/><N who="2" m="7591" /><F32/><W135/><G135/><T94/><D94/><U82/><E82/><V96/><F96/><W46/><G81/><T41/><D76/><U121/><E121/><V6/><F25/><W2/><G27/><RYUUKYOKU ba="0,1" sc="210,-10,220,30,230,-10,330,-10" hai1="0,10,50,55,59,61,62,75,78,80,83,87,89" /><INIT seed="1,1,1,2,1,124" ten="200,250,220,320" oya="1" hai0="40,111,9,93,84,125,77,29,57,22,14,30,83" hai1="42,32,101,60,135,44,7,39,133,13,73,28,61" hai2="6,82,105,128,43,3,88,52,96,79,26,112,90" hai3="65,74,56,92,1,78,50,62,107,91,94,114,68"/><U0/><E73/><V35/><F43/><W53/><G114/><T58/><D111/><U20/><E32/><V21/><F35/><W75/><G107/><T81/><D125/><U109/><E101/><V8/><F112/><W38/><G38/><T27/><D40/><U134/><E109/><V89/><F128/><W49/><G1/><T86/><D93/><U113/><E113/><V108/><F108/><W64/><G92/><T118/><D30/><U66/><E0/><V24/><F52/><W99/><G78/><N who="0" m="46135" /><D118/><U69/><E61/><V34/><F34/><W46/><G65/><T54/><D54/><AGARI ba="1,1" hai="46,49,50,53,54,56,62,64,68,74,75,91,94,99" machi="54" ten="30,1000,0" yaku="7,1" doraHai="124" who="3" fromWho="0" sc="200,-13,250,0,220,0,320,23" /><INIT seed="2,0,0,4,1,63" ten="187,250,220,343" oya="2" hai0="55,73,14,115,114,127,118,104,51,36,71,47,44" hai1="100,108,22,90,37,4,16,119,1,94,124,66,7" hai2="52,125,106,81,72,131,59,110,26,48,58,35,107" hai3="122,19,34,101,29,2,18,116,32,42,39,85,3"/><V45/><F125/><W50/><G39/><T84/><D73/><U75/><E119/><V111/><F131/><W5/><G122/><T9/><D104/><U64/><E75/><V134/><F134/><W82/><G116/><T121/><D118/><U86/><E37/><V88/><F72/><W60/><G101/><T56/><D121/><U31/><E108/><N who="2" m="41515" /><F35/><W126/><G126/><T133/><D127/><U103/><E31/><V112/><F26/><W15/><G60/><T27/><D71/><U105/><E124/><V24/><F24/><N who="3" m="18471" /><G34/><T67/><D133/><U62/><E62/><V69/><F69/><W61/><G61/><N who="0" m="38311" /><D36/><U83/><E105/><N who="2" m="39947" /><F112/><W117/><G117/><T97/><D114/><U20/><E1/><V95/><F81/><W38/><G38/><T96/><D115/><U13/><E20/><V113/><F113/><W49/><G2/><T92/><D27/><U40/><E83/><V109/><N who="2" m="41523" /><V135/><DORA hai="6" /><F135/><W28/><G28/><T30/><D30/><U93/><E40/><V53/><F53/><W99/><G42/><T0/><D0/><U129/><E129/><V89/><BYE who="1" /><F89/><W68/><G68/><T77/><D77/><U80/><E80/><V76/><F76/><W54/><G82/><UN n1="%E5%8D%A0%E3%81%84%E5%B8%AB%E8%A3%8F%E3%81%AA%E3%81%84%E3%81%97" /><T98/><D55/><U128/><E128/><V25/><F25/><W87/><G54/><T130/><D130/><U74/><E74/><V43/><F43/><W78/><G78/><T21/><D51/><U8/><E22/><V70/><F70/><W33/><G50/><T23/><D21/><U41/><E41/><V17/><F17/><RYUUKYOKU ba="0,0" sc="187,-10,250,-10,220,30,343,-10" hai2="45,48,52,58,59,88,95" /><INIT seed="2,1,0,4,3,65" ten="177,240,250,333" oya="2" hai0="34,31,7,100,87,114,18,27,60,14,101,106,92" hai1="112,54,58,45,96,79,3,69,43,20,127,53,41" hai2="55,28,46,116,42,66,71,4,123,10,125,97,76" hai3="131,67,75,59,33,82,40,89,9,91,74,48,95"/><V78/><F116/><W61/><G33/><T23/><D114/><U26/><E112/><V126/><F123/><W109/><G109/><T107/><D60/><U50/><E3/><V68/><F55/><W64/><G131/><T88/><REACH who="0" step="1"/><D7/><REACH who="0" ten="167,240,250,333" step="2"/><U128/><E128/><V21/><F125/><W130/><G61/><T113/><D113/><U32/><E127/><V93/><F126/><W98/><G130/><T77/><D77/><U94/><E79/><V29/><F76/><W63/><G63/><T13/><D13/><U118/><E118/><V6/><F78/><W1/><G74/><T70/><D70/><U8/><E69/><V49/><F4/><W80/><G75/><T57/><D57/><U39/><E58/><V16/><F66/><W135/><G59/><T133/><D133/><U99/><E45/><V25/><F68/><W102/><G135/><T120/><D120/><U105/><E26/><V110/><F71/><W117/><G117/><T47/><D47/><U119/><E119/><V103/><F110/><W0/><G67/><T85/><D85/><U44/><E44/><V73/><F73/><W111/><G64/><T129/><D129/><U108/><E108/><V83/><REACH who="2" step="1"/><F83/><REACH who="2" ten="167,240,240,333" step="2"/><W84/><G111/><T24/><D24/><U17/><E96/><V2/><AGARI ba="1,2" hai="2,6,10,16,21,25,28,29,42,46,49,93,97,103" machi="2" ten="20,18000,2" yaku="1,1,2,1,0,1,7,1,54,1,53,1" doraHai="65" doraHaiUra="19" who="2" fromWho="2" sc="167,-61,240,-61,240,203,333,-61" /><INIT seed="2,2,0,3,0,19" ten="106,179,443,272" oya="2" hai0="53,86,1,126,21,33,46,107,73,26,25,71,104" hai1="3,82,56,115,12,100,31,127,44,42,14,125,124" hai2="57,66,114,7,120,79,96,70,13,47,97,119,39" hai3="112,109,35,16,90,74,59,17,88,116,93,113,41"/><V77/><F114/><N who="3" m="44139" /><G35/><T61/><D73/><U67/><E115/><V62/><F119/><W38/><G74/><T23/><D1/><U101/><E3/><V24/><F120/><W36/><G116/><T45/><D33/><U15/><E31/><V76/><F70/><W60/><G109/><T6/><D126/><U102/><E82/><V22/><F39/><N who="3" m="14891" /><G41/><T37/><D37/><N who="1" m="21583" /><E56/><V11/><REACH who="2" step="1"/><F47/><REACH who="2" ten="106,179,433,272" step="2"/><N who="0" m="17930" /><D71/><U72/><E72/><V0/><F0/><W51/><G51/><T68/><D68/><U78/><E125/><V52/><F52/><N who="3" m="33895" /><G90/><T103/><D53/><U40/><E127/><V129/><F129/><W87/><AGARI ba="2,1" hai="16,17,87,88,93" m="33895,14891,44139" machi="87" ten="30,7900,0" yaku="11,1,54,3" doraHai="19" who="3" fromWho="3" sc="106,-22,179,-22,433,-41,272,95" /><INIT seed="3,0,0,0,4,43" ten="84,157,392,367" oya="3" hai0="118,26,121,112,72,24,17,85,97,21,114,64,8" hai1="78,109,31,45,104,63,52,15,101,120,27,28,62" hai2="94,23,7,82,2,53,135,48,46,50,20,132,39" hai3="13,124,100,129,34,32,69,61,10,55,59,92,54"/><W56/><G124/><T18/><D72/><U106/><E120/><V9/><F39/><W93/><G69/><T113/><D64/><U5/><E78/><V41/><F94/><W73/><G73/><T65/><D65/><U122/><E122/><V134/><F82/><W19/><G129/><T51/><D121/><U116/><E109/><V131/><F131/><W99/><REACH who="3" step="1"/><G92/><REACH who="3" ten="84,157,392,357" step="2"/><T35/><D118/><U111/><E116/><V115/><F115/><W77/><G77/><T70/><D70/><U119/><E119/><V16/><F16/><W4/><G4/><T95/><D85/><U84/><E5/><V74/><F74/><W83/><G83/><T40/><D8/><U47/><E84/><V58/><AGARI ba="0,1" hai="2,7,9,20,23,41,46,48,50,53,58,132,134,135" machi="58" ten="30,4000,0" yaku="0,1,20,1,52,1" doraHai="43" who="2" fromWho="2" sc="84,-10,157,-10,392,50,357,-20" owari="74,-42.6,147,-25.3,442,54.2,337,13.7" /></mjloggm>