<mjloggm ver="2.3"><GO type="225" lobby="0"/><UN n0="%E3%83%A9%E3%82%A4%E3%83%B3%E3%81%AE%E8%99%8E" n1="%E9%A4%8A%E5%88%86%E4%B8%B8" n2="%6B%79%6F%6E%6B%6F%31%31" n3="%E4%BC%8A%E9%81%94%E6%9C%B1%E9%87%8C%E7%B4%97" dan="16,18,16,16" rate="2092.88,2205.16,2134.99,2114.44" sx="M,M,M,F"/><TAIKYOKU oya="0"/><INIT seed="0,0,0,4,1,103" ten="250,250,250,250" oya="0" hai0="120,69,76,81,24,35,36,118,90,79,64,72,9" hai1="42,52,54,73,113,99,66,47,27,17,82,33,78" hai2="125,88,39,16,41,80,128,86,70,18,57,124,31" hai3="102,51,130,97,95,65,94,96,87,91,28,92,21"/><T60/><D90/><U77/><E113/><V45/><F70/><W63/><G130/><T22/><D79/><U135/><E135/><V67/><F128/><W30/><G51/><T23/><D118/><U56/><E77/><V123/><F123/><W20/><G20/><T98/><D120/><U3/><E3/><V116/><F116/><W131/><G131/><T32/><D23/><U37/><E99/><V71/><F71/><W14/><G14/><T59/><D36/><U104/><E104/><V11/><F31/><W101/><REACH who="3" step="1"/><G21/><REACH who="3" ten="250,250,250,240" step="2"/><T122/><D122/><U129/><E129/><V8/><F8/><W134/><G134/><T1/><D9/><U55/><E33/><V83/><F11/><W40/><G40/><T107/><D1/><U74/><E37/><V19/><REACH who="2" step="1"/><F80/><REACH who="2" ten="250,250,240,240" step="2"/><W133/><G133/><T115/><D115/><U109/><E82/><V89/><F89/><W127/><G127/><T5/><D81/><U25/><E78/><V53/><F53/><W44/><G44/><T6/><D76/><U106/><E47/><V105/><F105/><W112/><G112/><T110/><D35/><U15/><E106/><V111/><F111/><W85/><G85/><T114/><D32/><U7/><E109/><V132/><F132/><W26/><G26/><T75/><D24/><U49/><E27/><V121/><F121/><W68/><AGARI ba="0,2" hai="28,30,63,65,68,87,91,92,94,95,96,97,101,102" machi="68" ten="20,5200,0" yaku="1,1,0,1,7,1,9,1,53,0" doraHai="103" doraHaiUra="100" who="3" fromWho="3" sc="250,-26,250,-13,240,-13,240,72" /><INIT seed="1,0,0,5,4,76" ten="224,237,227,312" oya="1" hai0="8,72,99,9,132,131,116,36,58,32,16,103,41" hai1="126,65,80,60,122,51,13,30,115,33,111,3,75" hai2="119,106,101,84,52,45,57,31,0,127,110,15,61" hai3="53,123,81,69,64,50,21,38,100,18,42,14,27"/><U89/><E115/><V35/><F119/><W94/><G123/><T95/><D116/><U73/><E3/><V129/><F0/><W121/><G121/><T85/><D72/><U37/><E37/><V107/><F127/><W55/><G38/><T97/><D32/><U83/><E122/><V102/><F129/><W130/><G130/><T135/><D131/><U77/><E126/><V17/><F110/><W68/><G42/><T74/><D74/><U1/><E1/><V93/><F31/><W54/><G50/><T128/><D128/><U56/><E111/><V20/><F35/><W28/><G64/><T118/><D118/><U113/><E113/><V109/><F109/><W92/><G100/><T26/><D58/><U105/><E105/><V6/><F6/><W39/><G39/><T104/><D85/><U70/><E13/><V124/><F124/><W98/><G98/><T11/><D41/><U91/><E30/><V43/><F102/><W79/><G69/><T22/><REACH who="0" step="1"/><D36/><REACH who="0" ten="214,237,227,312" step="2"/><U82/><E33/><V5/><F84/><N who="3" m="48191" /><G68/><T112/><D112/><U34/><E34/><V108/><F108/><W66/><G66/><T29/><D29/><U23/><E75/><V67/><F43/><W71/><G71/><T10/><N who="0" m="2048" /><DORA hai="7" /><T87/><D87/><U19/><E73/><V48/><REACH who="2" step="1"/><F5/><REACH who="2" ten="214,237,217,312" step="2"/><W114/><G114/><T44/><D44/><U120/><E120/><V59/><F59/><W40/><G40/><T134/><D134/><U96/><E77/><V2/><F2/><W78/><G78/><T90/><AGARI ba="0,2" hai="16,22,26,90,95,97,99,103,104,132,135" m="2048" machi="90" ten="40,16000,3" yaku="1,1,0,1,52,4,54,1,53,1" doraHai="76,7" doraHaiUra="12,46" who="0" fromWho="0" sc="214,180,237,-80,217,-40,312,-40" /><INIT seed="2,0,0,4,0,44" ten="394,157,177,272" oya="2" hai0="26,1,3,116,19,98,123,58,117,131,67,89,118" hai1="133,62,134,122,17,38,59,109,15,103,99,90,79" hai2="81,74,135,23,21,6,9,106,71,82,132,93,129" hai3="60,16,121,24,114,14,69,45,119,42,102,54,25"/><V34/><F34/><W56/><G121/><T112/><D123/><U127/><E122/><V108/><F106/><W63/><G119/><T65/><D112/><U55/><E38/><V37/><F37/><W52/><G102/><T47/><D131/><U33/><E33/><V27/><F71/><W12/><G12/><T41/><D58/><U124/><E79/><V61/><F129/><W120/><G114/><T22/><D98/><U4/><E4/><V11/><F61/><W36/><G120/><T48/><D89/><U46/><E90/><V39/><F39/><W111/><G111/><T30/><D30/><U86/><E86/><V83/><F74/><W64/><REACH who="3" step="1"/><G54/><REACH who="3" ten="394,157,177,262" step="2"/><T28/><D1/><U100/><E109/><V49/><F108/><W18/><G18/><T13/><REACH who="0" step="1"/><D3/><REACH who="0" ten="384,157,177,262" step="2"/><U94/><E103/><V20/><F132/><N who="1" m="50793" /><E46/><V85/><F135/><W43/><G43/><T53/><D53/><U95/><E95/><V51/><F27/><W87/><G87/><T126/><D126/><U92/><E92/><V88/><REACH who="2" step="1"/><F9/><RYUUKYOKU type="ron3" ba="0,2" sc="384,0,157,0,177,0,262,0" hai0="13,19,22,26,28,41,47,48,65,67,116,117,118" hai1="15,17,55,59,62,94,99,100,124,127" hai3="14,16,24,25,36,42,45,52,56,60,63,64,69" /><INIT seed="2,1,2,1,0,119" ten="384,157,177,262" oya="2" hai0="68,2,21,0,135,57,125,114,3,42,106,101,10" hai1="11,63,116,16,14,70,41,110,27,78,89,33,95" hai2="1,59,124,134,17,29,53,123,82,111,47,128,31" hai3="83,55,91,67,92,37,34,80,15,50,71,121,54"/><V118/><F118/><W32/><G121/><T12/><D114/><U20/><E116/><V9/><F123/><W113/><G37/><T87/><D68/><U109/><E78/><V58/><F124/><W77/><G113/><T102/><D106/><U97/><E33/><V96/><F128/><W93/><G15/><T100/><D125/><U52/><E41/><V36/><F134/><W25/><G25/><T35/><D35/><U65/><REACH who="1" step="1"/><E52/><REACH who="1" ten="384,147,177,262" step="2"/><V39/><F53/><W69/><G77/><T46/><D42/><U107/><E107/><V13/><F111/><W75/><G32/><T7/><D135/><U104/><E104/><V112/><F112/><W23/><G55/><T88/><D46/><U45/><E45/><V120/><F47/><W60/><G54/><T122/><D122/><U8/><E8/><V79/><F120/><W38/><G34/><T86/><D21/><U81/><E81/><V103/><F39/><W40/><G80/><T61/><D10/><U133/><E133/><V115/><F36/><W19/><G83/><T98/><D61/><U28/><AGARI ba="1,3" hai="11,14,16,20,27,28,63,65,70,89,95,97,109,110" machi="28" ten="30,4000,0" yaku="1,1,0,1,54,1,53,0" doraHai="119" doraHaiUra="74" who="1" fromWho="1" sc="384,-11,147,73,177,-21,262,-11" /><INIT seed="3,0,0,4,5,73" ten="373,220,156,251" oya="3" hai0="133,23,104,59,13,76,124,22,106,29,130,97,81" hai1="3,28,128,98,20,4,30,7,44,109,64,107,31" hai2="115,25,100,112,116,114,54,51,91,47,132,63,50" hai3="86,11,48,33,58,42,126,93,111,125,90,123,41"/><W17/><G33/><T18/><D124/><U35/><E64/><V88/><F116/><W16/><G123/><T129/><D97/><U49/><E35/><V57/><F100/><W83/><G111/><T131/><D133/><U32/><E32/><V15/><F132/><W34/><G34/><T105/><D59/><U2/><E109/><V99/><F25/><W77/><G41/><T39/><D39/><U102/><E128/><V71/><F99/><W72/><G11/><N who="0" m="6463" /><D29/><U10/><E20/><V127/><F127/><N who="3" m="48651" /><G42/><T1/><D1/><U108/><E108/><V52/><REACH who="2" step="1"/><F15/><REACH who="2" ten="373,220,146,251" step="2"/><W46/><G72/><AGARI ba="0,1" hai="22,23,72,76,81,104,105,106,129,130,131" m="6463" machi="72" ten="40,2600,0" yaku="19,1,52,1" doraHai="73" who="0" fromWho="3" sc="373,36,220,0,146,0,251,-26" owari="409,50.9,220,-18.0,146,-35.4,225,2.5" /></mjloggm>