<mjloggm ver="2.3"><GO type="225" lobby="0"/><UN n0="%E7%99%BD%E6%97%A5%E9%9B%AA%E8%8F%9C" n1="%E3%81%A9%E3%82%8F%E3%82%93%E3%81%94" n2="%E3%81%BF%E3%81%BF%E3%81%9A" n3="%E9%B3%B3%E6%9D%B1%E3%81%AE%E3%81%86%E3%81%95%E3%81%8E%E3%81%95%E3%82%93" dan="17,16,17,17" rate="2210.56,2081.53,2316.32,2297.33" sx="M,M,M,M"/><TAIKYOKU oya="0"/><INIT seed="0,0,0,5,0,28" ten="250,250,250,250" oya="0" hai0="105,29,104,100,52,36,13,78,54,128,42,133,5" hai1="77,120,32,110,22,21,70,127,115,47,58,101,131" hai2="63,8,45,102,0,75,30,57,122,117,82,10,7" hai3="59,73,65,83,81,40,60,33,1,106,14,85,125"/><T26/><D128/><U109/><E120/><V56/><F122/><W55/><G1/><T97/><D105/><U53/><E70/><V123/><F123/><W107/><G125/><T46/><D133/><U88/><E131/><V116/><F102/><W50/><G40/><T119/><D119/><N who="2" m="45642" /><F45/><W62/><G33/><T126/><D126/><U86/><E77/><N who="2" m="44351" /><F63/><W121/><G121/><T93/><D78/><U84/><E101/><V135/><F135/><W99/><G73/><T74/><D74/><U94/><E47/><V113/><F113/><W118/><G62/><T25/><D104/><U79/><E115/><V91/><F30/><W92/><G60/><T71/><D71/><U89/><E79/><V68/><F68/><W16/><G107/><T108/><D108/><N who="1" m="41579" /><E127/><V67/><F67/><W111/><G65/><T27/><REACH who="0" step="1"/><D29/><REACH who="0" ten="240,250,250,250" step="2"/><U80/><E32/><V43/><F43/><W95/><G111/><T44/><D44/><U17/><E17/><V72/><F72/><W3/><G16/><T4/><D4/><U114/><E114/><V103/><F57/><W129/><G59/><T132/><D132/><U23/><E58/><V134/><F134/><W130/><G130/><T35/><D35/><U39/><E39/><V11/><F56/><W18/><G129/><T15/><D15/><U64/><E64/><V87/><F103/><W38/><G118/><T24/><N who="0" m="6144" /><DORA hai="20" /><T2/><D2/><U49/><E21/><V124/><F124/><W6/><G106/><T31/><D31/><U96/><E23/><V34/><F34/><W9/><G3/><T76/><D76/><RYUUKYOKU ba="0,1" sc="240,15,250,-15,250,15,250,-15" hai0="5,13,36,42,46,52,54,93,97,100" hai2="0,7,8,10,11,87,91" /><INIT seed="0,1,1,2,5,69" ten="255,235,265,235" oya="0" hai0="96,8,73,109,123,135,111,106,134,20,5,50,110" hai1="55,57,76,75,60,3,99,65,17,97,90,133,105" hai2="104,122,23,51,84,44,59,93,98,9,68,81,56" hai3="113,103,83,40,70,37,14,79,13,126,6,91,119"/><T64/><D123/><U4/><E133/><N who="0" m="50697" /><D73/><U1/><E75/><V82/><F68/><W95/><G113/><T28/><D64/><U2/><E76/><V32/><F32/><W34/><G119/><T131/><D131/><U33/><E33/><V120/><F104/><W0/><G103/><N who="0" m="62823" /><D50/><U85/><E17/><V29/><F9/><N who="3" m="2247" /><G34/><T45/><D45/><U121/><E121/><V47/><F47/><N who="3" m="23951" /><G70/><T10/><D5/><U21/><E21/><V94/><F122/><W114/><G114/><T86/><D86/><U26/><E26/><AGARI ba="1,1" hai="8,10,20,26,28,109,110,111" m="62823,50697" machi="26" ten="40,7700,0" yaku="14,1,10,1,20,1" doraHai="69" who="0" fromWho="1" sc="255,90,235,-80,265,0,235,0" /><INIT seed="0,2,0,2,0,90" ten="345,155,265,235" oya="0" hai0="13,88,126,28,120,15,95,18,70,80,46,54,89" hai1="32,108,83,87,110,91,118,9,67,42,105,53,36" hai2="24,35,94,107,128,72,97,116,51,122,119,39,37" hai3="17,71,104,73,30,34,50,92,69,68,102,129,63"/><T106/><D106/><U12/><E32/><V133/><F122/><W109/><G109/><T3/><D3/><U8/><E105/><V112/><F112/><W96/><G129/><T130/><D70/><U66/><E118/><N who="2" m="45099" /><F128/><W101/><G73/><T93/><D120/><U124/><E124/><V33/><F107/><W44/><G17/><T59/><D126/><U74/><E74/><V26/><F72/><W14/><G14/><T11/><D28/><U125/><E125/><V10/><F10/><W84/><G102/><T77/><D46/><N who="1" m="23879" /><E53/><V5/><F5/><W58/><G84/><N who="0" m="48143" /><D130/><U25/><E25/><N who="2" m="9835" /><F133/><W20/><G20/><N who="0" m="11343" /><D89/><U41/><E41/><V61/><F61/><W27/><G104/><T75/><D88/><N who="1" m="51327" /><E8/><V1/><F1/><W117/><G117/><T123/><D123/><U132/><E91/><N who="2" m="55519" /><F51/><W6/><G50/><N who="0" m="31191" /><D75/><U86/><E132/><V81/><F81/><W85/><G85/><T134/><D134/><U76/><E86/><V4/><F4/><AGARI ba="2,0" hai="4,11,15,93,95" m="31191,11343,48143" machi="4" ten="30,5800,0" yaku="8,1,52,2" doraHai="90" who="0" fromWho="2" sc="345,64,155,0,265,-64,235,0" /><INIT seed="0,3,0,4,5,87" ten="409,155,201,235" oya="0" hai0="6,131,58,44,7,100,75,10,91,116,132,130,21" hai1="77,89,33,49,121,67,20,4,40,69,99,72,62" hai2="45,5,41,53,32,2,126,36,81,59,31,94,57" hai3="43,102,30,74,0,19,63,48,93,25,98,106,55"/><T125/><D116/><U71/><E33/><V135/><F135/><W16/><G0/><T60/><D75/><U123/><E71/><V38/><F126/><W50/><G74/><T110/><D132/><U46/><E4/><V14/><F36/><W103/><G103/><T129/><D125/><U54/><E20/><V8/><F53/><W104/><G104/><T42/><D100/><U35/><E35/><V80/><F80/><W64/><G43/><T83/><D110/><U124/><E124/><V66/><F66/><W133/><G133/><T29/><D29/><U128/><E128/><V127/><F127/><W37/><G37/><T65/><D21/><U73/><E73/><V82/><F82/><W61/><G48/><N who="0" m="26647" /><D10/><U15/><E15/><V115/><F115/><W109/><G109/><T85/><AGARI ba="3,0" hai="6,7,58,60,65,83,85,91,129,130,131" m="26647" machi="85" ten="40,3900,0" yaku="19,1,52,1" doraHai="87" who="0" fromWho="0" sc="409,48,155,-16,201,-16,235,-16" /><INIT seed="0,4,0,4,0,60" ten="457,139,185,219" oya="0" hai0="50,42,58,36,28,56,111,85,117,119,78,9,114" hai1="6,109,95,32,20,121,127,102,21,99,3,65,70" hai2="84,72,25,16,77,39,131,130,87,62,15,79,134" hai3="18,122,0,27,33,120,11,113,118,132,64,89,133"/><T13/><D114/><U96/><E121/><N who="3" m="46698" /><G89/><T35/><D36/><U105/><E32/><V125/><F39/><W2/><G113/><T126/><D126/><U61/><E127/><V34/><F125/><W37/><G37/><T53/><D42/><U46/><E109/><V38/><F38/><W94/><G94/><T40/><D40/><U48/><E6/><V81/><F134/><N who="3" m="51819" /><G64/><T106/><D106/><U22/><E3/><N who="3" m="1066" /><G118/><T92/><D92/><U108/><E108/><V14/><F62/><W51/><G51/><T23/><D50/><U17/><E99/><V88/><F87/><W59/><G59/><T103/><D58/><U66/><E66/><V19/><F72/><W55/><G55/><T80/><D53/><U71/><E71/><V123/><F123/><W45/><G45/><T100/><D56/><U129/><E105/><V82/><F84/><W76/><G76/><T75/><D78/><U29/><E129/><V4/><F88/><W101/><G101/><T68/><D103/><U90/><E102/><V24/><F4/><W5/><G5/><T43/><D100/><U124/><E124/><V67/><F67/><W8/><G33/><AGARI ba="4,0" hai="14,15,16,19,24,25,33,34,77,79,81,82,130,131" machi="33" ten="25,3200,0" yaku="22,2,54,1" doraHai="60" who="2" fromWho="3" sc="457,0,139,0,185,44,219,-44" /><INIT seed="1,0,0,1,0,101" ten="457,139,229,175" oya="1" hai0="29,61,8,70,89,46,87,26,38,28,80,96,133" hai1="50,82,5,116,132,122,3,119,16,35,13,76,67" hai2="18,64,93,81,120,124,41,73,47,88,9,48,53" hai3="44,42,43,21,31,95,79,57,131,32,68,54,123"/><U71/><E122/><V19/><F120/><W34/><G123/><T130/><D130/><U0/><E35/><V128/><F128/><W78/><G68/><T126/><D126/><U92/><E132/><V12/><F124/><W69/><G69/><T104/><D133/><U85/><E71/><V98/><F64/><W127/><G131/><T24/><D8/><U110/><E67/><V63/><F63/><N who="3" m="36279" /><G32/><T105/><D96/><U100/><E110/><V1/><F1/><W109/><G34/><T118/><D118/><U75/><E50/><N who="2" m="26991" /><F73/><W14/><G127/><T83/><D83/><U11/><E0/><V134/><F81/><W27/><G109/><T40/><D61/><U112/><E112/><V129/><F129/><W20/><G95/><T108/><D70/><U65/><E65/><V56/><F134/><W23/><G23/><T4/><D4/><AGARI ba="0,0" hai="4,9,12,18,19,48,53,56,88,93,98" m="26991" machi="4" ten="30,2000,0" yaku="8,1,54,1" doraHai="101" who="2" fromWho="0" sc="457,-20,139,0,229,20,175,0" /><INIT seed="2,0,0,4,0,2" ten="437,139,249,175" oya="2" hai0="0,86,3,102,27,127,83,6,18,68,81,78,114" hai1="106,37,88,64,43,59,130,32,33,13,29,1,112" hai2="71,90,104,109,22,73,54,116,53,50,19,96,126" hai3="70,131,118,125,61,76,75,115,21,111,52,4,23"/><V57/><F116/><W49/><G118/><T99/><D68/><U128/><E112/><V97/><F73/><W39/><G39/><T89/><D127/><U7/><E106/><V14/><F71/><W124/><G115/><T134/><D6/><U20/><E37/><V15/><F126/><N who="3" m="48747" /><G111/><T121/><D121/><U10/><E43/><V98/><F109/><W41/><G41/><T36/><D36/><U93/><E64/><V11/><F104/><W47/><G131/><N who="1" m="50218" /><E59/><V133/><F133/><W74/><G4/><T55/><D55/><U100/><E100/><V25/><F90/><W122/><G122/><T65/><D65/><U105/><E105/><V69/><F69/><W72/><G76/><T62/><D62/><U60/><E60/><V31/><F54/><W77/><G77/><T94/><D134/><U42/><E42/><V110/><F110/><W84/><G84/><T26/><D114/><U40/><E40/><V107/><F107/><W123/><G123/><T38/><D38/><U108/><E108/><V67/><F67/><AGARI ba="0,0" hai="21,23,47,49,52,61,67,70,72,74,75" m="48747" machi="67" ten="40,2600,0" yaku="18,1,54,1" doraHai="2" who="3" fromWho="2" sc="437,0,139,0,249,-26,175,26" /><INIT seed="3,0,0,4,1,88" ten="437,139,223,201" oya="3" hai0="81,68,58,62,22,17,43,91,64,125,33,69,27" hai1="79,78,24,61,75,131,46,133,18,73,128,35,0" hai2="40,87,13,106,70,71,52,76,23,54,6,86,5" hai3="74,109,96,56,95,42,55,16,97,19,119,1,116"/><W111/><G74/><T126/><D43/><U134/><E61/><V122/><F106/><W30/><G1/><T25/><D91/><U92/><E46/><V59/><F40/><W93/><G42/><T135/><D81/><U11/><E0/><V48/><F122/><W101/><G30/><N who="0" m="19663" /><D135/><N who="1" m="51723" /><E18/><N who="3" m="6698" /><G56/><T98/><D98/><N who="3" m="37993" /><G101/><T32/><D32/><U80/><E11/><V108/><F71/><W3/><G3/><T9/><D9/><U67/><E24/><V21/><F70/><W104/><G104/><T127/><AGARI ba="0,0" hai="17,22,27,58,62,64,68,69,125,126,127" m="19663" machi="127" ten="30,1100,0" yaku="18,1" doraHai="88" who="0" fromWho="0" sc="437,11,139,-3,223,-3,201,-5" owari="448,54.8,136,-36.4,220,2.0,196,-20.4" /></mjloggm>