<mjloggm ver="2.3"><GO type="225" lobby="0"/><UN n0="%E3%81%9F%E3%81%A3%E3%81%A1%E3%82%87" n1="%6D%75%75%6D%75%72%61" n2="%E3%81%B7%E3%82%8A%E3%82%93%E8%81%96%E4%BA%BA" n3="%73%69%72%6F%75%74" dan="16,17,16,16" rate="2119.02,2182.38,2079.23,2028.59" sx="M,F,M,M"/><TAIKYOKU oya="0"/><INIT seed="0,0,0,1,2,45" ten="250,250,250,250" oya="0" hai0="82,124,90,118,51,109,66,55,38,40,33,71,96" hai1="34,105,16,104,108,15,7,88,100,30,121,94,91" hai2="120,102,61,39,95,76,32,70,134,37,135,48,9" hai3="4,18,125,72,46,41,75,54,67,12,3,44,81"/><T64/><D118/><U10/><E121/><V13/><F32/><W0/><G67/><T25/><D124/><U103/><E108/><V17/><F76/><W20/><G125/><T5/><D109/><U107/><E7/><V73/><F73/><W14/><G72/><T112/><D5/><U131/><E131/><V116/><F116/><W83/><G75/><T6/><D6/><U128/><E128/><V77/><F77/><W53/><G4/><T29/><D112/><U114/><E114/><V22/><F120/><W89/><G89/><T19/><D19/><U80/><E80/><V1/><F1/><W122/><G122/><T111/><D111/><U57/><E57/><V129/><F129/><W35/><G35/><T65/><D71/><U43/><E43/><V133/><F61/><W27/><G41/><T36/><D40/><U68/><E68/><V113/><F70/><W84/><G84/><T74/><D74/><U98/><REACH who="1" step="1"/><E91/><REACH who="1" ten="250,240,250,250" step="2"/><V69/><F69/><W60/><G83/><T97/><D82/><U23/><E23/><V59/><F22/><W130/><G81/><T31/><D90/><U50/><E50/><V21/><F21/><W99/><G130/><T8/><D8/><U2/><E2/><V47/><F59/><N who="3" m="34927" /><G0/><T85/><D51/><U87/><E87/><V92/><F113/><W127/><G3/><T101/><D85/><U115/><E115/><V132/><F132/><W11/><G127/><T49/><D49/><U52/><E52/><N who="2" m="29727" /><F102/><W79/><G79/><T26/><D101/><U56/><E56/><V126/><F126/><W24/><G20/><RYUUKYOKU ba="0,1" sc="250,-15,240,15,250,15,250,-15" hai1="10,15,16,30,34,88,94,98,100,103,104,105,107" hai2="9,13,17,37,39,92,95,133,134,135" /><INIT seed="1,1,1,4,2,65" ten="235,255,265,235" oya="1" hai0="38,3,10,129,112,71,93,22,126,36,52,50,80" hai1="104,103,81,54,67,45,27,94,79,55,101,23,12" hai2="59,30,16,135,78,6,34,1,33,32,95,134,131" hai3="107,133,48,15,39,73,5,86,66,20,88,110,119"/><U17/><E104/><V130/><F78/><W11/><G39/><T47/><D112/><U31/><E67/><V14/><F95/><W44/><G73/><T25/><D126/><U13/><E13/><V21/><F59/><W127/><G107/><T124/><D124/><U0/><E0/><V58/><F58/><W87/><G110/><T116/><D116/><U26/><E26/><V84/><F84/><W125/><G133/><N who="2" m="50697" /><F30/><W29/><G119/><T61/><D80/><U85/><E94/><V92/><F92/><N who="3" m="54295" /><G127/><T123/><D129/><N who="2" m="49162" /><F6/><W46/><G66/><T99/><D93/><U77/><E77/><V7/><F7/><W18/><G125/><T108/><D99/><U70/><E70/><V72/><F72/><W64/><G64/><T68/><D108/><U98/><E98/><V8/><F1/><W102/><G87/><T83/><D61/><U69/><E69/><V2/><F2/><W35/><G102/><T121/><D68/><U74/><E74/><V115/><F115/><W96/><G96/><T28/><D71/><U111/><E111/><V49/><F49/><W40/><G46/><T91/><D83/><U120/><E120/><N who="0" m="46153" /><D91/><U109/><E109/><V57/><F57/><W106/><G106/><T114/><D114/><U56/><E45/><V41/><F41/><W75/><G75/><T113/><D113/><U42/><E42/><V19/><F34/><W63/><G63/><T89/><D89/><U118/><E118/><V53/><F53/><N who="1" m="19977" /><E56/><V117/><F117/><W60/><G60/><T97/><D97/><U43/><E43/><V62/><F62/><RYUUKYOKU ba="1,1" sc="235,10,255,10,265,10,235,-30" hai0="3,10,22,25,28,36,38,47,50,52" hai1="12,17,23,27,31,79,81,85,101,103" hai2="8,14,16,19,21,32,33" /><INIT seed="1,2,1,4,0,74" ten="245,265,275,205" oya="1" hai0="32,124,82,114,111,125,128,100,29,31,123,30,78" hai1="131,118,69,112,9,61,71,38,135,50,84,60,110" hai2="70,98,127,34,90,10,96,134,25,59,16,28,89" hai3="13,119,93,12,122,27,132,94,4,99,11,88,45"/><U42/><E112/><V104/><F70/><W87/><G132/><T68/><D114/><U65/><E118/><V106/><F134/><W21/><G119/><T18/><D128/><U53/><E135/><V23/><F10/><W57/><G45/><T2/><D68/><N who="1" m="42023" /><E84/><V116/><F116/><W44/><G44/><T79/><D111/><U15/><E131/><V133/><F133/><W0/><G57/><T81/><D2/><U41/><E15/><V36/><F36/><W83/><G94/><T130/><D130/><U5/><E9/><V20/><F34/><W58/><G58/><T54/><D100/><U52/><E5/><V102/><F127/><N who="0" m="48714" /><D123/><U105/><E105/><V86/><F86/><W113/><G113/><T73/><D54/><N who="1" m="21099" /><E110/><V62/><F96/><W120/><G122/><T67/><D18/><U109/><E109/><V7/><F7/><W26/><G120/><T19/><D19/><U3/><E3/><V91/><F104/><W66/><G27/><N who="0" m="18495" /><D67/><N who="1" m="41199" /><E71/><V121/><F121/><W80/><G80/><T1/><D1/><U117/><E117/><V126/><F126/><W108/><G108/><T43/><D30/><U75/><E75/><V63/><REACH who="2" step="1"/><F59/><REACH who="2" ten="245,265,265,205" step="2"/><W64/><G0/><T37/><D73/><U107/><E107/><V17/><F17/><W6/><G99/><T35/><D35/><U14/><E38/><V47/><F47/><W97/><G97/><T103/><D37/><U40/><E14/><AGARI ba="2,2" hai="14,16,20,23,25,28,62,63,89,90,91,98,102,106" machi="14" ten="40,2600,0" yaku="1,1,54,1,53,0" doraHai="74" doraHaiUra="39" who="2" fromWho="1" sc="245,0,265,-32,265,52,205,0" /><INIT seed="2,0,0,5,3,20" ten="245,233,317,205" oya="2" hai0="0,97,4,19,99,116,114,44,60,28,76,1,64" hai1="22,49,85,115,42,135,79,51,43,8,54,92,126" hai2="38,91,109,87,45,33,50,63,69,27,86,95,106" hai3="15,57,36,131,13,82,39,21,67,71,10,122,120"/><V6/><F38/><W125/><G71/><T24/><D114/><U47/><E115/><V83/><F106/><W66/><G125/><T68/><D116/><U62/><E126/><V3/><F3/><W52/><G131/><T17/><D76/><U23/><E135/><V107/><F107/><W108/><G108/><T46/><D0/><U34/><E34/><V110/><F6/><W81/><G10/><T89/><D4/><U2/><E62/><V31/><F69/><W70/><G70/><T59/><D1/><U129/><E129/><V124/><F124/><W25/><G39/><T32/><D68/><U130/><E130/><V26/><F26/><W88/><G36/><T112/><D112/><U132/><E132/><V103/><F63/><N who="3" m="36263" /><G122/><T100/><D89/><N who="1" m="53295" /><E2/><V134/><F134/><W90/><G120/><T101/><D44/><N who="1" m="27943" /><E79/><V127/><F127/><W77/><G77/><T133/><D46/><U56/><E56/><V118/><F118/><W53/><G53/><T30/><D133/><U55/><E8/><V117/><F117/><W40/><G40/><AGARI ba="0,0" hai="22,23,40,42,43,47,51,55" m="27943,53295" machi="40" ten="30,1000,0" yaku="8,1" doraHai="20" who="1" fromWho="3" sc="245,0,233,10,317,0,205,-10" /><INIT seed="3,0,0,1,1,114" ten="245,243,317,195" oya="3" hai0="73,39,50,93,62,128,124,0,117,12,4,100,71" hai1="99,1,11,18,121,42,13,104,122,77,103,35,21" hai2="66,96,9,82,22,32,108,69,61,63,126,105,44" hai3="51,24,10,81,102,92,75,107,33,72,30,125,16"/><W41/><G107/><T52/><D39/><U78/><E35/><V87/><F32/><W101/><G125/><T79/><D117/><U115/><E115/><V27/><F126/><W74/><G81/><T56/><D124/><U91/><E91/><V110/><F61/><W19/><G10/><T31/><D0/><U98/><E98/><V14/><F44/><W54/><G41/><T45/><D71/><U90/><E90/><V38/><F38/><W111/><G111/><N who="2" m="42537" /><F96/><W67/><G67/><T5/><D128/><U95/><E104/><V15/><F9/><W133/><G133/><T47/><D45/><U53/><E42/><V88/><F105/><W70/><G70/><T106/><D106/><U80/><E53/><V112/><F112/><W23/><G92/><T94/><D93/><U49/><E49/><V86/><F87/><W97/><G97/><T57/><D62/><U76/><E80/><V59/><F59/><W26/><REACH who="3" step="1"/><G19/><AGARI ba="0,0" hai="14,15,19,22,27,63,66,69,82,86,88" m="42537" machi="19" ten="30,2000,0" yaku="14,1,54,1" doraHai="114" who="2" fromWho="3" sc="245,0,243,0,317,20,195,-20" owari="245,4.5,243,-15.7,337,43.7,175,-32.5" /></mjloggm>