<mjloggm ver="2.3"><GO type="225" lobby="0"/><UN n0="%E8%9B%87%E3%81%AE%E8%A1%80" n1="%E8%90%BD%E6%97%A5" n2="%30%2E%31%32%30" n3="%E4%B8%89%E5%88%86%E5%B0%8F%E5%83%A7" dan="16,17,16,16" rate="2163.74,2212.65,2126.50,2056.24" sx="M,F,M,M"/><TAIKYOKU oya="0"/><INIT seed="0,0,0,3,3,128" ten="250,250,250,250" oya="0" hai0="55,121,59,34,45,85,126,83,89,49,124,40,19" hai1="87,21,134,53,82,24,100,18,86,117,123,54,38" hai2="127,2,39,75,79,93,70,113,101,8,129,35,84" hai3="108,90,68,111,63,135,58,14,44,65,51,105,76"/><T107/><D121/><U88/><E117/><V26/><F84/><W28/><G105/><T62/><D34/><U73/><E123/><V11/><F93/><W64/><G76/><T78/><D107/><U119/><E119/><V97/><F8/><W43/><G28/><T12/><REACH who="0" step="1"/><D78/><REACH who="0" ten="240,250,250,250" step="2"/><U120/><E120/><V102/><F79/><W30/><G111/><T96/><D96/><U36/><E73/><V50/><F97/><W23/><G108/><T10/><AGARI ba="0,1" hai="10,12,19,40,45,49,55,59,62,83,85,89,124,126" machi="10" ten="30,3000,0" yaku="1,1,0,1,53,0" doraHai="128" doraHaiUra="66" who="0" fromWho="0" sc="240,40,250,-10,250,-10,250,-10" /><INIT seed="0,1,0,3,0,41" ten="280,240,240,240" oya="0" hai0="34,32,46,131,107,22,84,57,87,62,53,80,18" hai1="71,82,2,93,130,11,4,97,115,89,99,75,25" hai2="3,20,31,60,15,117,113,114,9,127,28,119,67" hai3="17,10,40,101,38,134,128,59,118,98,133,83,14"/><T125/><D107/><U43/><E130/><V48/><F48/><W96/><G118/><N who="2" m="45065" /><F60/><W27/><G128/><T50/><D131/><U33/><E71/><V74/><F67/><W26/><G83/><T52/><D125/><U95/><E115/><N who="2" m="44043" /><F74/><W121/><G121/><T135/><D135/><N who="3" m="51721" /><G59/><T0/><D0/><U92/><E43/><V29/><F127/><W1/><G1/><T110/><D110/><U21/><E33/><V105/><F105/><N who="3" m="63655" /><G98/><T35/><REACH who="0" step="1"/><D80/><REACH who="0" ten="270,240,240,240" step="2"/><U78/><REACH who="1" step="1"/><E99/><REACH who="1" ten="270,230,240,240" step="2"/><V24/><F3/><W19/><G38/><T23/><D23/><U86/><E86/><V66/><F66/><W44/><G40/><T111/><D111/><U56/><E56/><V104/><F104/><W73/><G73/><T109/><D109/><U81/><E81/><V116/><F116/><W106/><G106/><T5/><D5/><AGARI ba="1,2" hai="5,9,15,20,24,28,29,31" m="44043,45065" machi="5" ten="30,3900,0" yaku="12,1,34,2" doraHai="41" who="2" fromWho="0" sc="270,-42,230,0,240,62,240,0" /><INIT seed="1,0,0,3,4,53" ten="228,230,302,240" oya="1" hai0="23,134,20,76,100,72,52,117,132,7,29,73,50" hai1="79,94,9,81,85,120,118,102,34,119,135,112,129" hai2="109,75,111,1,108,93,25,99,77,26,64,43,84" hai3="36,133,42,41,44,110,31,17,3,97,62,80,103"/><U30/><E30/><V5/><F75/><N who="0" m="28746" /><D76/><U40/><E34/><V113/><F113/><W27/><G110/><T14/><D100/><U67/><E67/><V65/><F43/><W82/><G133/><N who="0" m="51307" /><D29/><U46/><E135/><V78/><F5/><W87/><G3/><T101/><D101/><U49/><E112/><V86/><F1/><W56/><G42/><T59/><D117/><U47/><E120/><V35/><F35/><W122/><G122/><T2/><D2/><U116/><E129/><V126/><F77/><W19/><G27/><N who="2" m="10249" /><F126/><W4/><G31/><T22/><D7/><U39/><E9/><V57/><F78/><W32/><G4/><T60/><D60/><U124/><E124/><V28/><F28/><W18/><G32/><T37/><D37/><U55/><REACH who="1" step="1"/><E118/><REACH who="1" ten="228,220,302,240" step="2"/><V123/><F123/><W33/><G33/><T6/><D6/><U98/><AGARI ba="0,1" hai="39,40,46,47,49,55,79,81,85,94,98,102,116,119" machi="98" ten="30,6000,0" yaku="1,1,2,1,0,1,53,0" doraHai="53" doraHaiUra="0" who="1" fromWho="1" sc="228,-20,220,70,302,-20,240,-20" /><INIT seed="1,1,0,5,2,67" ten="208,290,282,220" oya="1" hai0="90,125,134,26,50,123,113,47,3,121,102,133,129" hai1="108,91,99,68,2,130,127,73,93,51,76,25,63" hai2="65,53,16,92,83,20,94,124,39,95,17,1,64" hai3="49,131,112,135,24,97,117,6,105,78,15,110,89"/><U7/><E127/><V66/><F124/><W80/><G112/><T42/><D3/><U59/><E130/><V107/><F107/><W111/><G131/><T114/><D102/><U122/><E122/><N who="0" m="46601" /><D90/><U71/><E51/><V29/><F39/><W132/><G117/><T0/><D26/><U120/><E120/><V87/><F1/><W52/><G24/><T27/><D27/><U81/><E108/><N who="3" m="41514" /><G6/><T55/><D0/><U34/><E7/><V86/><F53/><W118/><G15/><T84/><D84/><N who="2" m="32298" /><F83/><W54/><G118/><T4/><D4/><U38/><E38/><V21/><F29/><W57/><G78/><T31/><D31/><U70/><E2/><V75/><F75/><W88/><G80/><T77/><D77/><U96/><E96/><V128/><F128/><W74/><G74/><T60/><D125/><U5/><E5/><V46/><F46/><N who="3" m="27703" /><G105/><T8/><D8/><U101/><E25/><V43/><F43/><W35/><G35/><T85/><D85/><U14/><E14/><V56/><F20/><W18/><G18/><N who="2" m="7273" /><F21/><W12/><G12/><T115/><D129/><U13/><E13/><V106/><F106/><W23/><G23/><T33/><D33/><U22/><E22/><V69/><F69/><W109/><N who="3" m="41522" /><W79/><DORA hai="58" /><G79/><T32/><D32/><U119/><E34/><V126/><F126/><W30/><G30/><T116/><D116/><U40/><E119/><V62/><AGARI ba="1,0" hai="56,62,64,65,66,92,94,95" m="7273,32298" machi="62" ten="40,5200,0" yaku="8,1,52,1,54,1" doraHai="67,58" who="2" fromWho="2" sc="208,-14,290,-27,282,55,220,-14" /><INIT seed="2,0,0,4,3,29" ten="194,263,337,206" oya="2" hai0="57,27,118,74,104,56,17,61,22,59,113,129,102" hai1="88,21,98,87,108,105,94,66,24,132,44,82,84" hai2="123,14,110,46,92,106,111,65,101,53,18,73,131" hai3="115,15,0,7,76,107,12,79,96,100,63,31,77"/><V54/><F73/><W47/><G115/><T25/><D113/><U133/><E108/><V33/><F106/><W13/><G31/><T10/><D74/><U89/><E66/><V91/><F101/><W39/><G63/><T72/><D72/><U30/><E105/><V41/><F65/><W90/><G90/><T50/><D129/><U75/><E75/><V8/><F131/><W23/><G23/><T83/><D118/><U122/><E122/><V19/><F123/><W1/><REACH who="3" step="1"/><G7/><REACH who="3" ten="194,263,337,196" step="2"/><T45/><D10/><U97/><REACH who="1" step="1"/><E44/><REACH who="1" ten="194,253,337,196" step="2"/><V71/><F46/><W93/><G93/><T9/><D45/><U11/><E11/><V117/><F8/><W112/><G112/><T70/><D9/><U130/><E130/><V37/><F92/><W103/><G103/><T135/><D102/><U51/><E51/><V26/><F111/><W58/><G58/><T121/><D104/><U64/><E64/><V126/><F110/><W116/><G116/><T69/><D121/><U67/><E67/><V28/><F117/><W134/><G134/><AGARI ba="0,2" hai="21,24,30,82,84,87,88,89,94,97,98,132,133,134" machi="134" ten="40,5200,0" yaku="1,1,20,1,54,1,53,0" doraHai="29" doraHaiUra="68" who="1" fromWho="3" sc="194,0,253,72,337,0,196,-52" /><INIT seed="3,0,0,4,2,87" ten="194,325,337,144" oya="3" hai0="114,20,78,67,113,32,132,62,94,6,11,126,15" hai1="19,51,73,37,95,97,29,39,17,79,66,3,101" hai2="55,64,100,33,74,2,130,122,43,5,119,68,104" hai3="13,110,118,85,36,121,7,56,42,107,112,135,41"/><W98/><G112/><N who="0" m="43115" /><D32/><U58/><E3/><V53/><F43/><W77/><G118/><T35/><D35/><U50/><E29/><V26/><F74/><W40/><G121/><T44/><D132/><U31/><E31/><N who="2" m="19703" /><F122/><W0/><G0/><T131/><D131/><U93/><E73/><V125/><F125/><W10/><G135/><T124/><D78/><U61/><E79/><V69/><F69/><W109/><G36/><T48/><D20/><U108/><E108/><N who="3" m="41578" /><G56/><N who="0" m="37319" /><D94/><U16/><REACH who="1" step="1"/><E93/><REACH who="1" ten="194,315,337,144" step="2"/><V65/><F104/><W127/><G127/><T105/><D105/><U117/><E117/><V83/><F119/><W46/><G107/><T106/><D106/><U120/><E120/><V1/><F1/><W12/><G98/><T129/><D129/><U116/><E116/><V34/><F2/><N who="3" m="375" /><G46/><T22/><D126/><U45/><E45/><V92/><F130/><W99/><G99/><T84/><D124/><U60/><E60/><V9/><F34/><W18/><G18/><T71/><D44/><U89/><E89/><V128/><F128/><W63/><G63/><T75/><D75/><U90/><E90/><V23/><F5/><W115/><G115/><T4/><D71/><U70/><E70/><V72/><F68/><W57/><G57/><T91/><D91/><U80/><E80/><AGARI ba="0,1" hai="12,13,40,41,42,77,80,85" m="375,41578" machi="80" ten="30,2900,0" yaku="14,1,10,1" doraHai="87" who="3" fromWho="1" sc="194,0,315,-29,337,0,144,39" /><INIT seed="3,1,0,4,0,61" ten="194,286,337,183" oya="3" hai0="47,25,96,11,113,39,7,135,52,28,71,53,100" hai1="33,40,78,3,120,41,121,116,76,26,108,91,106" hai2="125,77,35,130,99,132,51,81,122,83,90,86,101" hai3="92,94,73,22,18,75,5,27,0,43,126,54,69"/><W19/><G69/><T72/><D72/><U88/><E3/><V34/><F125/><W103/><G126/><T67/><D135/><U37/><E106/><V114/><F114/><W65/><G43/><N who="1" m="16458" /><E26/><V79/><F132/><W4/><G0/><T50/><D39/><U55/><E55/><V20/><F122/><N who="1" m="47209" /><E37/><V131/><F51/><W115/><G115/><T95/><D113/><U98/><E98/><V63/><F63/><W82/><G65/><T49/><D71/><U109/><E33/><N who="2" m="12299" /><F20/><N who="3" m="13719" /><G75/><T48/><D67/><U102/><E102/><V16/><F16/><W105/><G105/><T8/><D7/><N who="3" m="2633" /><G73/><T85/><D85/><U14/><E14/><V80/><F99/><N who="3" m="59879" /><G82/><N who="2" m="31849" /><F101/><W133/><G133/><T31/><D49/><U129/><E116/><V70/><F70/><W127/><G127/><T124/><D124/><U128/><E78/><V10/><F10/><N who="0" m="3626" /><D25/><U64/><E76/><V74/><F74/><W42/><G42/><T46/><AGARI ba="1,0" hai="28,31,46,47,48,50,52,53,95,96,100" m="3626" machi="46" ten="30,2000,0" yaku="8,1,54,1" doraHai="61" who="0" fromWho="0" sc="194,23,286,-6,337,-6,183,-11" owari="217,-18.3,280,8.0,331,43.1,172,-32.8" /></mjloggm>