<mjloggm ver="2.3"><GO type="225" lobby="0"/><UN n0="%E3%81%99%E3%81%84%E3%81%BE%E3%81%9B%E3%83%BC%E3%82%93" n1="%E3%81%86%E3%83%BC%E3%81%B1%E3%83%BC" n2="%E8%90%BD%E6%97%A5" n3="%4C%4F%4C%49%54%41" dan="16,17,17,16" rate="2177.54,2183.41,2113.56,2149.51" sx="M,F,F,F"/><TAIKYOKU oya="0"/><INIT seed="0,0,0,0,3,77" ten="250,250,250,250" oya="0" hai0="34,54,76,87,59,61,121,15,123,20,92,122,58" hai1="43,2,4,132,21,131,7,51,33,13,62,39,12" hai2="29,106,64,95,134,108,127,56,118,26,8,37,105" hai3="30,90,66,101,48,65,96,75,23,130,14,70,42"/><T79/><D34/><U10/><E132/><V67/><F37/><W103/><G75/><T94/><D58/><U53/><E131/><V124/><F134/><W32/><G130/><T73/><D73/><U112/><E33/><V46/><F46/><N who="3" m="25687" /><G32/><T0/><D0/><U133/><E133/><V6/><F95/><N who="3" m="56439" /><G70/><T57/><D57/><U1/><E39/><V16/><F108/><W72/><G72/><T84/><D84/><U102/><E112/><V40/><F40/><W41/><G41/><T22/><D79/><U126/><E43/><V116/><F29/><W128/><G128/><T68/><D68/><U19/><E62/><N who="2" m="37959" /><F67/><N who="3" m="25611" /><G30/><T63/><D63/><U119/><E119/><N who="2" m="45611" /><F105/><W49/><G49/><T85/><D123/><U52/><E51/><V98/><F106/><W9/><G23/><N who="0" m="8747" /><D122/><U81/><E21/><N who="2" m="13607" /><F98/><W107/><G107/><T120/><D120/><U38/><E38/><V91/><F91/><W25/><G25/><T125/><D121/><U111/><E111/><V31/><F31/><W55/><G55/><T11/><D61/><U80/><E102/><V115/><F115/><W5/><AGARI ba="0,0" hai="5,9,14,101,103" m="25611,56439,25687" machi="5" ten="30,1100,0" yaku="8,1" doraHai="77" who="3" fromWho="3" sc="250,-5,250,-3,250,-3,250,11" /><INIT seed="1,0,0,5,1,34" ten="245,247,247,261" oya="1" hai0="60,1,100,135,85,108,7,87,131,94,91,0,62" hai1="105,134,84,22,110,80,64,115,124,42,114,116,101" hai2="38,52,63,61,32,106,46,81,99,125,44,102,112" hai3="113,86,28,122,41,109,73,130,78,126,29,56,57"/><U3/><E116/><V82/><F125/><W10/><G122/><T11/><D108/><U16/><E124/><V14/><F112/><W49/><G113/><T33/><D33/><U128/><E110/><V9/><F32/><W90/><G109/><T95/><D131/><U76/><E128/><V6/><F38/><W66/><G130/><T83/><D135/><U12/><E134/><V59/><REACH who="2" step="1"/><F61/><REACH who="2" ten="245,247,237,261" step="2"/><W92/><G126/><T88/><REACH who="0" step="1"/><D0/><REACH who="0" ten="235,247,237,261" step="2"/><U19/><E3/><V104/><F104/><W15/><G29/><T54/><D54/><U68/><E115/><V37/><F37/><W20/><G28/><T30/><D30/><U31/><E114/><V118/><F118/><W43/><G43/><T17/><D17/><U51/><E19/><V21/><F21/><W107/><G20/><T8/><D8/><U117/><E117/><V93/><F93/><W4/><G107/><T98/><AGARI ba="0,2" hai="1,7,11,60,62,83,85,87,88,91,94,95,98,100" machi="98" ten="30,12000,2" yaku="1,1,0,1,52,1,54,1,53,2" doraHai="34" doraHaiUra="89" who="0" fromWho="0" sc="235,140,247,-60,237,-30,261,-30" /><INIT seed="2,0,0,5,1,20" ten="375,187,207,231" oya="2" hai0="41,114,97,125,119,8,87,55,80,67,129,16,50" hai1="120,26,62,17,29,37,91,111,99,6,57,1,135" hai2="2,11,23,107,75,7,85,69,130,58,89,74,53" hai3="95,48,106,9,90,3,0,34,13,43,19,4,93"/><V79/><F130/><W88/><G106/><T126/><D114/><U40/><E111/><V121/><F121/><W18/><G34/><T36/><D129/><U56/><E135/><V102/><F69/><W94/><G0/><T54/><D67/><U82/><E120/><V64/><F64/><W98/><G3/><T14/><D119/><U33/><E56/><V46/><F46/><N who="3" m="25695" /><G94/><T112/><D112/><U32/><E32/><V100/><F79/><W101/><G101/><T44/><D97/><AGARI ba="0,0" hai="4,9,13,18,19,88,90,93,95,97,98" m="25695" machi="97" ten="30,2000,0" yaku="8,1,54,1" doraHai="20" who="3" fromWho="0" sc="375,-20,187,0,207,0,231,20" /><INIT seed="3,0,0,1,4,18" ten="355,187,207,251" oya="3" hai0="117,29,4,133,92,71,113,49,55,30,39,108,121" hai1="124,104,16,118,97,69,129,82,100,80,59,61,134" hai2="45,7,119,127,84,98,0,95,37,90,105,48,74" hai3="65,27,47,125,87,2,20,68,24,23,110,135,86"/><W76/><G2/><T116/><D108/><U83/><E129/><V17/><F119/><W3/><G3/><T35/><D121/><U75/><E118/><V22/><F74/><W126/><G135/><T101/><D39/><U34/><E134/><V36/><F127/><N who="3" m="48651" /><G110/><T130/><D71/><U131/><E131/><V6/><F0/><W15/><G76/><T81/><D130/><U109/><E109/><V94/><F105/><W122/><G15/><T42/><D42/><U120/><E120/><V14/><F37/><W32/><G32/><T50/><D35/><U114/><E114/><V64/><F64/><W10/><G10/><T70/><D70/><U8/><E34/><V99/><F36/><W96/><G47/><T46/><D113/><U43/><E124/><V63/><F63/><N who="3" m="39999" /><G96/><N who="2" m="36905" /><F95/><W9/><G9/><T62/><D92/><U78/><E69/><V132/><F132/><W33/><G122/><T25/><D133/><U79/><E75/><V5/><F5/><W123/><G123/><T85/><D4/><U1/><E1/><V44/><F44/><W102/><G102/><T51/><D101/><U56/><E56/><V26/><F14/><W60/><G60/><T38/><D38/><U13/><REACH who="1" step="1"/><E43/><AGARI ba="0,0" hai="6,7,17,22,26,43,45,48,84,90,94" m="36905" machi="43" ten="30,2000,0" yaku="8,1,52,1" doraHai="18" who="2" fromWho="1" sc="355,0,187,-20,207,20,251,0" owari="355,45.5,167,-33.3,227,-17.3,251,5.1" /></mjloggm>