<mjloggm ver="2.3"><GO type="225" lobby="0"/><UN n0="%33%74%72%65%65" n1="%6E%69%63%6F%6E%74%6F" n2="%E7%89%B9%E6%9D%B1%E3%81%AF%E4%B8%96%E7%95%8C%E3%82%92%E6%95%91%E3%81%86" n3="%E3%82%BC%E3%83%AB%E3%83%80%E3%81%AE%E4%BC%9D%E8%AA%AC" dan="16,16,16,17" rate="2177.53,2085.05,2034.67,2243.62" sx="F,M,M,M"/><TAIKYOKU oya="0"/><INIT seed="0,0,0,5,1,16" ten="250,250,250,250" oya="0" hai0="17,15,32,73,28,110,12,51,37,76,53,19,13" hai1="57,21,72,89,104,84,99,115,101,135,102,49,81" hai2="69,65,126,87,34,111,26,122,124,112,25,100,88" hai3="95,129,18,127,27,118,86,52,75,33,56,14,1"/><T131/><D37/><U125/><E135/><V119/><F122/><W92/><G75/><T83/><D131/><U70/><E70/><V79/><F112/><W98/><G118/><T128/><D128/><U20/><E125/><V31/><F119/><W130/><G1/><T62/><D62/><U106/><E115/><V66/><F111/><W44/><G127/><N who="2" m="48681" /><F79/><W64/><G129/><T107/><D107/><U11/><E11/><V3/><F3/><W123/><G130/><T36/><D36/><U67/><E72/><V54/><F69/><W24/><G123/><T9/><D110/><U113/><E113/><V5/><F5/><W7/><G7/><T58/><REACH who="0" step="1"/><D9/><REACH who="0" ten="240,250,250,250" step="2"/><U43/><E67/><V46/><F65/><W108/><G108/><T42/><D42/><U71/><E43/><V93/><F66/><W38/><G64/><T117/><D117/><U4/><E71/><V94/><F54/><W91/><G38/><T121/><D121/><U85/><E106/><V48/><F34/><W77/><G33/><T90/><D90/><U63/><E104/><V23/><F23/><W82/><G91/><T47/><D47/><U103/><E21/><V109/><F109/><W114/><G44/><T29/><D29/><U10/><E20/><V97/><F31/><W116/><G116/><T41/><D41/><U45/><E63/><V68/><F68/><W39/><G39/><T96/><D96/><U60/><E99/><V133/><F133/><W22/><G114/><T120/><D120/><U50/><E45/><V132/><F132/><W61/><G98/><T55/><D55/><RYUUKYOKU ba="0,1" sc="240,10,250,-30,250,10,250,10" hai0="12,13,15,17,19,28,32,51,53,58,73,76,83" hai2="25,26,46,48,87,88,93,94,97,100" hai3="14,18,22,24,27,52,56,61,77,82,86,92,95" /><INIT seed="0,1,1,3,5,5" ten="250,220,260,260" oya="0" hai0="59,69,53,110,51,14,81,32,124,11,65,114,33" hai1="23,87,105,127,132,113,72,85,42,122,88,92,67" hai2="123,46,27,118,6,31,43,84,106,102,130,79,56" hai3="104,115,38,24,21,4,133,90,61,19,22,57,95"/><T16/><D114/><U117/><E122/><V64/><F123/><W0/><G115/><T83/><D124/><U135/><E117/><V60/><F118/><W28/><G104/><T29/><D110/><U50/><E113/><V119/><F119/><W2/><G133/><N who="1" m="51274" /><E127/><V77/><F130/><W89/><G38/><T26/><REACH who="0" step="1"/><D32/><REACH who="0" ten="240,220,260,260" step="2"/><U9/><E105/><V82/><F106/><W80/><G2/><T134/><D134/><U91/><E72/><V1/><F1/><W99/><G0/><T71/><D71/><U13/><E67/><V62/><F64/><W36/><G36/><T49/><D49/><U63/><E50/><V3/><F3/><W58/><G61/><AGARI ba="1,2" hai="11,14,16,26,29,33,51,53,59,61,65,69,81,83" machi="61" ten="40,12000,1" yaku="1,1,52,1,54,1,53,1" doraHai="5" doraHaiUra="45" who="0" fromWho="3" sc="240,143,220,0,260,0,260,-123" /><INIT seed="0,2,0,3,5,67" ten="383,220,260,137" oya="0" hai0="57,4,91,29,0,35,41,128,51,124,134,37,125" hai1="76,48,107,24,50,10,108,92,90,3,118,68,113" hai2="123,83,38,64,117,104,70,95,9,55,60,88,75" hai3="65,15,11,84,115,45,100,47,119,103,78,72,7"/><T33/><D134/><U80/><E118/><V40/><F123/><W17/><G72/><T133/><D133/><U97/><E108/><V79/><F104/><W5/><G115/><T102/><D102/><U46/><E113/><V69/><F117/><W58/><G119/><T129/><D37/><U53/><E107/><V130/><F130/><N who="0" m="50282" /><D91/><U114/><E114/><V23/><F55/><W135/><G135/><T19/><D57/><U71/><E24/><V86/><F23/><W132/><G132/><T20/><D51/><U126/><E126/><N who="0" m="48745" /><D29/><U54/><E50/><V56/><REACH who="2" step="1"/><F9/><REACH who="2" ten="383,220,250,137" step="2"/><W61/><G11/><N who="0" m="2439" /><D41/><U77/><E54/><V87/><F87/><W18/><G84/><T96/><D96/><U32/><E32/><V121/><F121/><W42/><G42/><T98/><D98/><U122/><E122/><V22/><F22/><W26/><G65/><T6/><D6/><U62/><E62/><V85/><F85/><W109/><G61/><T25/><AGARI ba="2,1" hai="19,20,25,33,35" m="2439,48745,50282" machi="25" ten="30,11700,0" yaku="19,1,18,1,34,2" doraHai="67" who="0" fromWho="0" sc="383,133,220,-41,250,-41,137,-41" /><INIT seed="0,3,0,4,4,106" ten="516,179,209,96" oya="0" hai0="7,55,30,23,102,61,15,83,96,2,60,69,32" hai1="19,123,109,90,66,112,14,52,58,113,35,39,74" hai2="36,46,76,132,18,40,5,20,85,51,117,53,50" hai3="107,67,43,120,59,73,0,3,47,126,25,62,38"/><T127/><D127/><U103/><E123/><V108/><F108/><W13/><G126/><T128/><D128/><U33/><E109/><V57/><F132/><W22/><G120/><T16/><D69/><U48/><E39/><V89/><F117/><W98/><G13/><T130/><D130/><U65/><E103/><V8/><F76/><W101/><REACH who="3" step="1"/><G73/><REACH who="3" ten="516,179,209,86" step="2"/><T135/><D15/><U37/><E74/><V34/><F5/><W124/><G124/><T80/><D7/><U94/><E35/><V93/><F34/><W28/><AGARI ba="3,1" hai="0,3,22,25,28,38,43,47,59,62,67,98,101,107" machi="28" ten="20,5200,0" yaku="1,1,0,1,7,1,53,1" doraHai="106" doraHaiUra="27" who="3" fromWho="3" sc="516,-29,179,-16,209,-16,86,71" /><INIT seed="1,0,0,1,3,36" ten="487,163,193,157" oya="1" hai0="119,2,13,103,24,18,12,51,41,58,21,63,25" hai1="71,110,83,88,1,78,94,109,116,118,104,90,106" hai2="86,99,37,120,87,125,70,107,126,128,10,122,91" hai3="29,114,101,54,97,5,15,9,52,81,48,42,35"/><U14/><E1/><V98/><F70/><W50/><G114/><T0/><D0/><U82/><E71/><V38/><F10/><W123/><G123/><N who="2" m="47145" /><F91/><N who="1" m="34857" /><E14/><V115/><F107/><N who="1" m="41001" /><E94/><V72/><F128/><W105/><G81/><N who="1" m="30730" /><E78/><V20/><F115/><W102/><G102/><T30/><D103/><U111/><AGARI ba="0,0" hai="109,110,111,116,118" m="30730,41001,34857" machi="111" ten="40,18000,2" yaku="28,2,14,1,10,1,34,2,54,1" doraHai="36" who="1" fromWho="1" sc="487,-60,163,180,193,-60,157,-60" /><INIT seed="1,1,0,0,4,90" ten="427,343,133,97" oya="1" hai0="119,66,95,16,82,126,34,58,115,11,5,116,85" hai1="118,83,76,120,19,114,130,62,29,86,135,25,132" hai2="112,42,26,13,75,4,20,52,72,55,56,39,121" hai3="47,131,102,64,21,15,0,30,46,125,117,127,93"/><U18/><E114/><V97/><F121/><W100/><G0/><T57/><D115/><U8/><E118/><V80/><F112/><W79/><G117/><T69/><D34/><U109/><E120/><V22/><F39/><W37/><G131/><T98/><D69/><U53/><E130/><V65/><F42/><W36/><G79/><T111/><D111/><U124/><E124/><N who="3" m="47690" /><G64/><T3/><D58/><N who="1" m="35151" /><E8/><V74/><F65/><W107/><G107/><T44/><D126/><U12/><E12/><V105/><F105/><W61/><G61/><N who="0" m="38191" /><D3/><U40/><E40/><V123/><F74/><W84/><G47/><T94/><D119/><U38/><E38/><N who="3" m="14954" /><G46/><T14/><D116/><U35/><E109/><V49/><F72/><W103/><G30/><T129/><D129/><U113/><E113/><V91/><F75/><W104/><G104/><T41/><D5/><U54/><E54/><V33/><F123/><W9/><G21/><T7/><D7/><U51/><E51/><V23/><F22/><W122/><G122/><T96/><D41/><U28/><E28/><V70/><F23/><W134/><G134/><AGARI ba="1,0" hai="18,19,25,29,35,76,83,86,132,134,135" m="35151" machi="134" ten="30,1500,0" yaku="20,1" doraHai="90" who="1" fromWho="3" sc="427,0,343,18,133,0,97,-18" /><INIT seed="1,2,0,0,2,2" ten="427,361,133,79" oya="1" hai0="94,74,87,38,51,71,97,104,127,128,135,15,102" hai1="82,105,93,118,11,46,59,103,47,109,39,56,36" hai2="29,6,86,92,19,25,43,100,114,79,84,123,22" hai3="27,32,3,81,110,23,44,48,112,111,91,14,57"/><U121/><E118/><V75/><F123/><W33/><G3/><T101/><D38/><U106/><E121/><V66/><F114/><W99/><G112/><T108/><D71/><U126/><E93/><V77/><F43/><W49/><G57/><T96/><D108/><U83/><E109/><N who="3" m="41482" /><G14/><T58/><D74/><U12/><E12/><V45/><F45/><W67/><G67/><T28/><D127/><U122/><E122/><V119/><F66/><W26/><G26/><T73/><D73/><U54/><E11/><V95/><F119/><W64/><G64/><T63/><D135/><U8/><E8/><V88/><F75/><W7/><G49/><T90/><D128/><U134/><E103/><V35/><F6/><W42/><G7/><T31/><D51/><U115/><E115/><V85/><F35/><W52/><G42/><T76/><D76/><N who="2" m="29258" /><F19/><N who="3" m="12799" /><G99/><AGARI ba="2,0" hai="22,25,29,84,85,86,88,92,95,99,100" m="29258" machi="99" ten="30,2000,0" yaku="8,1,54,1" doraHai="2" who="2" fromWho="3" sc="427,0,361,0,133,26,79,-26" /><INIT seed="2,0,0,4,5,74" ten="427,361,159,53" oya="2" hai0="90,101,13,117,30,8,15,109,4,26,28,95,86" hai1="79,132,129,47,33,7,19,55,115,80,36,112,102" hai2="39,59,60,100,98,61,44,6,124,82,110,45,118" hai3="123,134,14,48,116,135,108,53,64,37,68,50,114"/><V105/><F118/><W121/><G14/><T111/><D117/><U84/><E33/><V103/><F124/><W43/><G116/><T77/><D101/><U24/><E132/><N who="3" m="50730" /><G108/><N who="0" m="41547" /><D77/><U5/><E129/><V27/><F110/><W10/><G10/><N who="0" m="4295" /><D26/><U91/><E102/><V76/><F6/><AGARI ba="0,0" hai="6,8,15,28,30,86,90,95" m="4295,41547" machi="6" ten="30,1000,0" yaku="14,1" doraHai="74" who="0" fromWho="2" sc="427,10,361,0,159,-10,53,0" /><INIT seed="3,0,0,0,5,82" ten="437,361,149,53" oya="3" hai0="23,109,89,47,107,1,81,27,25,111,134,38,83" hai1="33,24,99,124,120,61,59,91,113,117,64,19,97" hai2="126,14,13,94,132,55,63,85,35,49,66,42,45" hai3="69,112,79,18,3,75,87,31,56,53,2,80,57"/><W8/><G112/><T123/><D123/><U102/><E113/><V128/><F35/><W43/><G69/><T68/><D134/><U119/><E120/><V7/><F132/><W108/><G108/><N who="0" m="41547" /><D1/><U32/><E32/><V95/><BYE who="1" /><F128/><W44/><G31/><T93/><D107/><U70/><E70/><V88/><F126/><W34/><G34/><T86/><D27/><U46/><E46/><V54/><F94/><UN n1="%6E%69%63%6F%6E%74%6F" /><W48/><G75/><T133/><D68/><U39/><E39/><BYE who="1" /><V15/><F7/><W105/><G105/><T76/><D76/><U52/><E52/><V28/><F28/><W127/><G127/><T71/><D133/><U51/><E51/><V62/><F62/><W37/><REACH who="3" step="1"/><G57/><AGARI ba="0,0" hai="13,14,15,42,45,49,54,55,57,63,66,85,88,95" machi="57" ten="40,5200,0" yaku="8,1,52,1,54,1" doraHai="82" who="2" fromWho="3" sc="437,0,361,0,149,52,53,-52" owari="437,53.7,361,16.1,201,-19.9,1,-49.9" /></mjloggm>