<mjloggm ver="2.3"><GO type="225" lobby="0"/><UN n0="%E3%81%95%E3%81%8D%E3%81%9F%E3%81%BE%E6%9E%97%E6%AA%8E" n1="%E6%98%93%E5%88%A9%E8%96%A9%E4%BC%AF" n2="%E7%B4%94%E6%BD%94%E3%83%94%E3%83%A9%E3%83%8B%E3%82%A2" n3="%E7%9C%BC%E7%A7%91%E5%8C%BB" dan="16,16,17,16" rate="2070.32,2107.54,2104.28,2078.26" sx="M,F,M,M"/><TAIKYOKU oya="0"/><INIT seed="0,0,0,1,4,45" ten="250,250,250,250" oya="0" hai0="116,19,119,72,91,82,75,66,27,56,86,135,51" hai1="36,84,39,30,97,131,69,111,96,104,101,117,127" hai2="22,80,109,122,73,125,38,53,55,6,50,94,61" hai3="9,1,20,113,68,28,12,76,3,81,64,88,49"/><T21/><D135/><U46/><E117/><V23/><F38/><W42/><G113/><T18/><D18/><U130/><E111/><V95/><F109/><W123/><G123/><T129/><D129/><U90/><E30/><V44/><F122/><W33/><G33/><T120/><D120/><U10/><E97/><V92/><F6/><W83/><G68/><T93/><D66/><U4/><E69/><V115/><F115/><W106/><G106/><T71/><D71/><U133/><E127/><V103/><F103/><W98/><G64/><T43/><D82/><U87/><E87/><V47/><F125/><W108/><G1/><T13/><D27/><U74/><E74/><V124/><F124/><W63/><G63/><T70/><D70/><U31/><E31/><V79/><F61/><W14/><G3/><T57/><D56/><U29/><E29/><V102/><F102/><W32/><G32/><T112/><D112/><U114/><E133/><V34/><F34/><W89/><G76/><T35/><D35/><U0/><E114/><V77/><F79/><W11/><G28/><T58/><D58/><U67/><E67/><V54/><REACH who="2" step="1"/><F47/><REACH who="2" ten="250,250,240,250" step="2"/><N who="3" m="25847" /><G108/><T100/><D100/><U40/><REACH who="1" step="1"/><E39/><REACH who="1" ten="250,240,240,250" step="2"/><V52/><AGARI ba="0,2" hai="22,23,44,50,52,53,54,55,73,77,80,92,94,95" machi="52" ten="30,7900,0" yaku="1,1,0,1,52,1,54,1,53,0" doraHai="45" doraHaiUra="126" who="2" fromWho="2" sc="250,-39,240,-20,240,99,250,-20" /><INIT seed="1,0,0,4,4,56" ten="211,220,339,230" oya="1" hai0="94,15,26,90,31,41,123,130,4,47,48,124,77" hai1="107,128,45,87,14,6,134,129,64,79,117,24,108" hai2="118,100,135,88,2,55,58,52,19,112,60,71,67" hai3="106,62,66,82,1,39,126,21,72,81,44,98,32"/><U96/><E117/><V51/><F118/><W127/><G32/><T28/><D130/><N who="1" m="50283" /><E134/><V8/><F135/><W29/><G1/><T12/><D124/><N who="3" m="47657" /><G29/><T61/><D123/><U83/><E24/><V40/><F100/><N who="3" m="62743" /><G21/><T9/><D77/><U92/><E45/><V3/><F112/><W0/><G0/><T69/><D15/><U132/><E132/><V57/><F40/><N who="3" m="22559" /><G72/><T131/><D131/><U125/><E125/><V13/><F88/><W54/><G54/><T80/><D26/><U119/><E119/><V37/><F37/><W84/><G84/><T86/><REACH who="0" step="1"/><D94/><REACH who="0" ten="201,220,339,230" step="2"/><U95/><E95/><V36/><F36/><W22/><G22/><T5/><D5/><U78/><E92/><V59/><F3/><W43/><G43/><T76/><D76/><U65/><E79/><V89/><F2/><W99/><G99/><T97/><D97/><U74/><E6/><V93/><F55/><W18/><G18/><T122/><D122/><U11/><E14/><V46/><F93/><W63/><G66/><AGARI ba="0,1" hai="4,9,12,28,31,41,47,48,61,66,69,80,86,90" machi="66" ten="40,2600,0" yaku="1,1,52,1,53,0" doraHai="56" doraHaiUra="33" who="0" fromWho="3" sc="201,36,220,0,339,0,230,-26" /><INIT seed="2,0,0,5,4,132" ten="237,220,339,204" oya="2" hai0="54,91,61,43,39,2,63,89,98,69,101,53,45" hai1="55,6,102,105,68,82,135,36,62,9,123,110,5" hai2="57,41,108,11,60,92,0,129,8,111,19,59,80" hai3="134,21,88,103,16,46,75,113,27,70,28,77,90"/><V73/><F129/><W116/><G116/><T20/><D2/><U66/><E110/><N who="2" m="42027" /><F41/><W127/><G70/><T32/><D32/><U67/><E36/><V97/><F0/><W1/><G1/><T42/><D42/><U109/><E135/><V50/><F50/><W72/><G134/><T34/><D34/><U84/><E123/><V95/><F19/><W94/><G113/><T33/><D33/><U104/><E102/><N who="2" m="60711" /><F95/><W87/><G103/><T126/><D126/><U35/><E6/><V65/><F59/><W81/><G127/><T78/><D69/><U79/><E105/><V51/><F51/><W106/><G106/><T131/><D131/><U112/><E104/><V74/><F80/><W121/><G121/><T52/><D78/><U119/><E82/><V128/><F128/><W64/><G64/><T120/><D120/><U115/><E67/><V13/><F13/><W29/><G75/><AGARI ba="0,0" hai="8,11,57,60,65,73,74,75" m="60711,42027" machi="75" ten="30,2900,0" yaku="14,1,10,1" doraHai="132" who="2" fromWho="3" sc="237,0,220,0,339,29,204,-29" /><INIT seed="2,1,0,3,1,26" ten="237,220,368,175" oya="2" hai0="28,43,102,113,16,75,4,11,129,17,87,52,89" hai1="100,95,25,131,114,126,51,21,117,42,132,93,27" hai2="49,127,135,6,47,30,34,13,44,12,125,0,60" hai3="50,31,61,33,133,56,23,9,5,103,128,77,94"/><V14/><F135/><W130/><G133/><T76/><D113/><U96/><E132/><V88/><F60/><W63/><G33/><T110/><D110/><U46/><E114/><V123/><F123/><W118/><G118/><T81/><D129/><N who="3" m="49769" /><G77/><T8/><D8/><U55/><E131/><V36/><F36/><W82/><G82/><T122/><D122/><U41/><E126/><N who="2" m="48139" /><F0/><N who="3" m="167" /><G50/><T97/><D43/><U109/><E109/><V84/><F6/><W40/><G40/><T83/><D52/><U120/><E117/><V91/><F84/><W90/><G103/><T80/><D80/><U29/><E120/><V54/><F47/><W35/><G35/><T71/><D71/><U19/><REACH who="1" step="1"/><E95/><REACH who="1" ten="237,210,368,175" step="2"/><V1/><F1/><W45/><G45/><T105/><REACH who="0" step="1"/><D28/><REACH who="0" ten="227,210,368,175" step="2"/><U134/><E134/><V73/><F30/><W86/><G56/><T15/><AGARI ba="1,2" hai="4,11,15,16,17,75,76,81,83,87,89,97,102,105" machi="15" ten="20,8000,1" yaku="1,1,2,1,0,1,7,1,54,1,53,0" doraHai="26" doraHaiUra="59" who="0" fromWho="0" sc="227,103,210,-21,368,-41,175,-21" /><INIT seed="3,0,0,5,4,33" ten="330,189,327,154" oya="3" hai0="65,58,118,130,79,23,31,21,27,46,52,111,107" hai1="32,16,124,133,44,0,55,99,83,37,63,84,80" hai2="101,77,18,89,91,10,50,53,132,106,61,93,17" hai3="49,71,25,14,94,70,13,51,114,69,39,62,75"/><W76/><G114/><T57/><D118/><U103/><E32/><V127/><F132/><W35/><G39/><T86/><D107/><U74/><E0/><V9/><F127/><W19/><G62/><N who="0" m="38095" /><D130/><U117/><E133/><V131/><F131/><W3/><G3/><T2/><D2/><U6/><E6/><V116/><F116/><W12/><G94/><T43/><D111/><U134/><E124/><V128/><F77/><W7/><G7/><T96/><D96/><U90/><E134/><V72/><F72/><W38/><G38/><T95/><D46/><U26/><E37/><V42/><F42/><W135/><G135/><T34/><D43/><U30/><E30/><V123/><F61/><W8/><G35/><T112/><D112/><U122/><E122/><V121/><F128/><W11/><G25/><T87/><D34/><U4/><E4/><V66/><F66/><W98/><G98/><T129/><D129/><U47/><E83/><V1/><F1/><W28/><G28/><T110/><D110/><U64/><E74/><V97/><F106/><W48/><REACH who="3" step="1"/><G19/><REACH who="3" ten="330,189,327,144" step="2"/><N who="2" m="7177" /><F123/><W54/><G54/><T56/><D52/><U113/><E55/><V78/><F121/><W109/><G109/><T73/><D95/><N who="1" m="58879" /><E113/><V82/><F53/><W40/><G40/><T59/><D31/><U15/><E26/><V20/><F93/><W29/><G29/><T68/><D27/><U100/><E100/><V36/><F101/><W67/><G67/><T5/><D5/><U126/><E126/><V120/><F36/><W81/><AGARI ba="0,1" hai="8,11,12,13,14,48,49,51,69,70,71,75,76,81" machi="81" ten="40,12000,1" yaku="1,1,0,1,29,2,53,1" doraHai="33" doraHaiUra="105" who="3" fromWho="3" sc="330,-40,189,-40,327,-40,144,130" /><INIT seed="3,1,0,5,0,109" ten="290,149,287,274" oya="3" hai0="66,113,86,6,37,93,5,24,71,34,77,2,121" hai1="73,78,69,104,110,97,63,8,83,15,98,105,112" hai2="118,107,54,127,128,87,117,100,52,120,92,29,102" hai3="114,67,101,119,134,126,72,27,42,57,59,21,125"/><W49/><G119/><T11/><D121/><U48/><E110/><V96/><F120/><W79/><G114/><T36/><D93/><U81/><E48/><V116/><F127/><N who="3" m="48651" /><G134/><T88/><D88/><U90/><E112/><V47/><F128/><W18/><G101/><T9/><D86/><U53/><E98/><V14/><F29/><W85/><G72/><T10/><D10/><U28/><E28/><V103/><F14/><W56/><G67/><T43/><D113/><U135/><E135/><V95/><F107/><W84/><G79/><T40/><D40/><U13/><E13/><V124/><F124/><W94/><G94/><T58/><D58/><U1/><E1/><V75/><F75/><W64/><G64/><T44/><D77/><U35/><E35/><V70/><F70/><W115/><G115/><T17/><D17/><U22/><E22/><V60/><F54/><W30/><G18/><T4/><D4/><U108/><E108/><V74/><F74/><W91/><G91/><T65/><D65/><U76/><E69/><V62/><F87/><W80/><G80/><T33/><D37/><U131/><E131/><V129/><F129/><W123/><G123/><T45/><D45/><AGARI ba="1,0" hai="21,27,30,42,45,49,56,57,59,84,85" m="48651" machi="45" ten="30,1500,0" yaku="18,1" doraHai="109" who="3" fromWho="0" sc="290,-18,149,0,287,0,274,18" /><INIT seed="3,2,0,2,2,101" ten="272,149,287,292" oya="3" hai0="37,123,53,46,90,76,130,128,112,68,63,39,86" hai1="113,125,50,75,69,82,19,83,41,71,52,24,111" hai2="36,57,84,107,118,133,13,26,5,103,73,87,17" hai3="91,99,117,29,27,44,6,33,21,116,48,0,56"/><W78/><G78/><T15/><D76/><U70/><E113/><V62/><F73/><W109/><G109/><T16/><D123/><U45/><E111/><V7/><F118/><W58/><G33/><T77/><D77/><U88/><E75/><V132/><F36/><W106/><G0/><T47/><D112/><U35/><E125/><V61/><F107/><W25/><G6/><N who="2" m="2057" /><F103/><W23/><G106/><T105/><D105/><U85/><E82/><V115/><F26/><W97/><G91/><T94/><D39/><U80/><E80/><V114/><F87/><W120/><G120/><T72/><D72/><U32/><REACH who="1" step="1"/><E41/><REACH who="1" ten="272,139,287,292" step="2"/><V11/><F115/><W22/><G116/><T67/><D130/><U31/><E31/><V3/><F114/><W43/><G117/><T4/><D128/><U124/><E124/><V9/><F133/><W38/><G29/><T60/><D37/><U79/><E79/><V55/><F132/><W59/><G38/><T8/><D4/><U12/><E12/><V64/><F3/><W135/><G135/><T20/><D8/><U119/><E119/><V54/><F11/><W14/><G14/><T10/><D10/><U121/><E121/><V98/><F9/><W110/><G110/><T95/><D95/><U127/><E127/><V134/><F134/><W30/><G30/><T28/><D28/><U18/><E18/><V108/><F17/><W122/><G122/><T126/><D126/><U104/><E104/><V96/><F13/><W66/><G27/><T131/><D131/><U102/><E102/><V2/><F108/><W42/><G25/><RYUUKYOKU ba="2,1" sc="272,15,139,15,287,-15,292,-15" hai0="15,16,20,46,47,53,60,63,67,68,86,90,94" hai1="19,24,32,35,45,50,52,69,70,71,83,85,88" /><INIT seed="4,3,1,5,1,130" ten="287,154,272,277" oya="0" hai0="112,38,62,69,67,41,46,45,57,90,43,20,117" hai1="3,16,124,13,81,34,98,107,24,10,9,76,59" hai2="14,0,21,64,126,77,103,25,73,5,61,6,4" hai3="51,110,118,114,111,36,60,134,104,54,56,106,50"/><T113/><D117/><U82/><E124/><V63/><F126/><W72/><G72/><T127/><D127/><U27/><E59/><V26/><F0/><W70/><G118/><T128/><D128/><U55/><E55/><V132/><F132/><W95/><G134/><T87/><D20/><U102/><E34/><V68/><F63/><W79/><G79/><T17/><D17/><U31/><E31/><V135/><F135/><W93/><G36/><N who="0" m="21671" /><D90/><U7/><REACH who="1" step="1"/><E82/><REACH who="1" ten="287,144,272,277" step="2"/><V108/><F64/><W35/><G35/><T39/><D57/><U2/><E2/><V71/><F68/><W94/><G70/><T19/><D69/><U122/><E122/><V23/><F71/><W96/><G54/><T74/><D46/><U92/><E92/><V129/><F129/><W97/><G94/><T84/><D43/><U8/><E8/><V100/><F23/><W52/><G52/><T32/><D32/><U22/><E22/><V37/><F21/><W88/><G56/><T101/><D67/><U125/><E125/><V42/><F42/><W120/><G120/><T131/><D131/><U105/><E105/><V29/><F29/><W18/><G106/><T30/><D30/><U133/><E133/><V65/><F65/><W119/><G104/><T11/><D11/><U75/><AGARI ba="3,2" hai="3,7,9,10,13,16,24,27,75,76,81,98,102,107" machi="75" ten="20,5200,0" yaku="1,1,0,1,7,1,54,1,53,0" doraHai="130" doraHaiUra="115" who="1" fromWho="1" sc="287,-29,144,81,272,-16,277,-16" /><INIT seed="5,0,0,0,5,74" ten="258,225,256,261" oya="1" hai0="91,57,25,126,133,52,12,105,43,20,69,99,75" hai1="120,26,45,104,7,112,132,127,27,37,42,94,28" hai2="78,83,81,36,82,92,64,29,114,118,5,107,103" hai3="93,30,3,48,4,14,102,24,84,71,87,111,135"/><U90/><E120/><V108/><F108/><W62/><G111/><T59/><D75/><U122/><E122/><V54/><F118/><W95/><G3/><T44/><D69/><U98/><E112/><V10/><F114/><W125/><G135/><T9/><D133/><U47/><E132/><V80/><F107/><W50/><G125/><T130/><D126/><U121/><E121/><V85/><F36/><W119/><G119/><T0/><D0/><U21/><E127/><V32/><F32/><W41/><G71/><T8/><D130/><U89/><E104/><V110/><F110/><W115/><G62/><T13/><D105/><U18/><E47/><V16/><F29/><W56/><G50/><N who="0" m="28743" /><D43/><U49/><E7/><V79/><F54/><N who="3" m="31815" /><G41/><T17/><D91/><U106/><E106/><V86/><F64/><W60/><G60/><T72/><D72/><U61/><E61/><V51/><F51/><W76/><G102/><T23/><D99/><U53/><E90/><V129/><F5/><W109/><G87/><T128/><D128/><U55/><REACH who="1" step="1"/><E37/><REACH who="1" ten="258,215,256,261" step="2"/><V58/><F129/><W116/><G115/><T22/><D25/><U38/><E38/><V67/><F58/><W68/><G109/><T65/><D65/><U19/><E19/><AGARI ba="0,1" hai="8,9,12,13,17,19,20,22,23,57,59" m="28743" machi="19" ten="30,2000,0" yaku="8,1,54,1" doraHai="74" who="0" fromWho="1" sc="258,30,215,-20,256,0,261,0" /><INIT seed="6,0,0,4,1,22" ten="288,195,256,261" oya="2" hai0="44,3,65,112,43,47,56,0,33,130,9,37,115" hai1="8,117,77,85,134,116,107,35,103,87,23,93,76" hai2="111,123,40,83,28,17,32,18,39,63,114,1,60" hai3="88,4,59,120,82,105,131,79,129,24,127,13,118"/><V64/><F123/><W7/><G120/><T6/><D130/><N who="3" m="49673" /><G118/><N who="1" m="45674" /><E35/><V74/><F114/><N who="0" m="43562" /><D47/><U41/><E8/><V62/><F111/><W48/><G127/><T45/><D45/><U55/><E23/><V57/><F1/><W119/><G105/><T15/><D65/><U133/><E41/><V78/><F40/><W19/><G119/><T27/><D56/><U110/><E55/><V121/><F39/><W101/><G101/><T135/><D135/><N who="1" m="51723" /><E110/><V50/><F121/><W58/><G58/><T102/><D102/><U90/><E87/><V16/><REACH who="2" step="1"/><F50/><REACH who="2" ten="288,195,246,261" step="2"/><W89/><G48/><T70/><D70/><U42/><E42/><V99/><F99/><AGARI ba="0,1" hai="76,77,85,90,93,99,103,107" m="51723,45674" machi="99" ten="30,3900,0" yaku="20,1,34,2" doraHai="22" who="1" fromWho="2" sc="288,0,195,49,246,-39,261,0" /><INIT seed="7,0,0,4,3,39" ten="288,244,207,261" oya="3" hai0="117,23,67,55,119,41,87,72,100,113,65,133,44" hai1="132,123,17,99,105,18,129,74,128,54,19,127,35" hai2="85,88,57,116,71,25,68,70,56,98,42,13,60" hai3="121,51,15,89,27,69,111,53,77,126,102,80,103"/><W78/><G121/><T32/><D32/><U29/><E123/><V66/><F116/><W21/><G69/><T0/><D0/><U75/><E132/><V37/><F25/><W134/><G134/><T94/><D72/><N who="1" m="27691" /><E54/><V107/><F57/><W79/><G15/><T131/><D131/><N who="1" m="50251" /><E127/><V5/><F98/><W97/><G126/><T8/><D133/><U46/><E46/><V50/><F107/><W122/><G111/><T110/><D110/><U125/><E125/><V40/><F37/><W14/><G14/><T11/><D23/><U12/><E12/><V45/><F13/><W4/><G4/><T3/><D55/><U112/><E112/><V47/><F5/><W24/><G24/><T135/><D135/><U61/><E61/><V62/><F85/><N who="3" m="50343" /><G97/><N who="0" m="59447" /><D87/><U63/><E63/><V106/><F106/><W82/><G82/><T59/><D113/><U84/><E84/><V9/><F88/><W64/><G64/><T73/><D73/><U2/><E2/><V120/><F120/><W93/><G93/><T83/><D83/><U114/><E114/><V7/><F7/><W118/><G122/><T81/><D81/><U101/><E35/><V16/><F9/><N who="0" m="3658" /><D3/><U22/><E22/><V58/><F16/><N who="3" m="12711" /><G118/><T108/><D108/><U1/><E1/><V96/><F96/><W91/><G91/><T76/><D76/><U26/><E26/><V20/><F20/><W33/><G33/><T90/><D90/><U52/><E29/><V48/><F71/><W115/><G115/><T124/><D124/><U86/><E86/><V38/><F38/><W95/><G95/><RYUUKYOKU ba="0,0" sc="288,-30,244,10,207,10,261,10" hai1="17,18,19,52,99,101,105" hai2="40,42,45,47,48,50,56,58,60,62,66,68,70" hai3="51,53,77,78,79,102,103" /><INIT seed="7,1,0,1,3,11" ten="258,254,217,271" oya="3" hai0="70,120,53,75,14,117,0,125,57,42,112,1,45" hai1="41,91,9,109,59,58,46,100,131,108,89,64,27" hai2="47,133,130,115,6,52,60,32,25,49,23,71,18" hai3="5,30,38,34,68,90,2,54,67,106,20,124,86"/><W22/><G106/><T56/><D117/><U102/><E131/><V96/><F130/><W31/><G38/><T111/><D111/><U132/><E132/><V127/><F133/><W19/><G34/><T118/><D118/><U80/><E27/><V78/><F115/><W26/><G124/><T3/><D120/><U85/><E108/><V103/><F127/><W105/><G105/><T66/><D125/><U10/><E91/><V79/><F32/><W93/><G2/><T134/><D75/><U72/><E72/><V29/><F29/><W50/><G5/><T84/><D134/><U82/><E82/><V69/><F6/><W4/><G4/><T37/><D112/><U33/><E33/><V7/><F7/><W63/><REACH who="3" step="1"/><G22/><REACH who="3" ten="258,254,217,261" step="2"/><T107/><D107/><U12/><E10/><V99/><F69/><W15/><G15/><T126/><D37/><U116/><E109/><V40/><F71/><W43/><G43/><T76/><D3/><U81/><E41/><V24/><F24/><W114/><G114/><T35/><D35/><U55/><E9/><V113/><F113/><W135/><G135/><T8/><D1/><U97/><E12/><V129/><F129/><W119/><G119/><T122/><D70/><U83/><E116/><V121/><F121/><W51/><G51/><T98/><D0/><U88/><E102/><V62/><F103/><W95/><G95/><T48/><D122/><U104/><E104/><V28/><F40/><W110/><G110/><T36/><D36/><U44/><E100/><V39/><F39/><W123/><G123/><T61/><D126/><RYUUKYOKU type="nm" ba="1,1" sc="258,80,254,-20,217,-20,261,-40" hai3="19,20,26,30,31,50,54,63,67,68,86,90,93" /><INIT seed="7,2,1,0,1,91" ten="338,234,197,221" oya="3" hai0="121,56,124,103,126,47,99,100,45,49,132,13,94" hai1="87,29,109,114,23,127,26,72,18,110,62,71,117" hai2="80,61,17,65,81,118,55,102,32,66,119,115,4" hai3="89,31,44,70,6,84,83,125,19,39,50,101,133"/><W76/><G70/><T79/><D121/><U58/><E71/><V14/><F32/><W46/><G39/><T85/><D132/><U104/><E72/><V37/><F37/><W43/><G133/><T96/><D13/><U40/><E114/><V86/><F115/><W97/><G125/><N who="0" m="48235" /><D56/><U9/><E104/><V128/><F128/><W30/><G6/><T52/><D47/><U24/><E117/><V93/><F4/><W3/><G3/><T113/><D113/><U92/><E127/><V134/><F134/><W90/><G46/><T11/><D11/><U7/><E40/><V59/><F119/><W35/><G19/><T67/><D67/><N who="2" m="25610" /><F118/><W33/><G33/><T98/><D103/><U120/><E120/><V105/><F105/><W5/><G5/><T122/><D122/><U75/><E75/><V88/><F102/><W12/><G12/><T111/><D111/><U53/><E7/><V25/><F25/><W36/><G36/><T69/><D69/><U77/><E26/><V8/><AGARI ba="2,1" hai="8,14,17,55,59,61,80,81,86,88,93" m="25610" machi="8" ten="30,4000,0" yaku="8,1,52,1,54,1" doraHai="91" who="2" fromWho="2" sc="338,-12,234,-12,197,56,221,-22" owari="326,42.6,222,-17.8,253,5.3,199,-30.1" /></mjloggm>