<mjloggm ver="2.3"><GO type="225" lobby="0"/><UN n0="%33%74%72%65%65" n1="%41%54%53%4D" n2="%6D%75%75%6D%75%72%61" n3="%E8%81%B7%E6%A5%AD%E3%80%81%E9%A2%A8%32" dan="17,16,16,16" rate="2221.00,2106.86,2170.25,2097.07" sx="F,M,F,M"/><TAIKYOKU oya="0"/><INIT seed="0,0,0,2,5,46" ten="250,250,250,250" oya="0" hai0="58,88,79,76,39,13,63,101,26,93,31,87,126" hai1="51,71,103,107,9,121,38,116,117,112,81,24,131" hai2="133,61,44,10,113,84,34,105,30,91,62,94,98" hai3="5,77,97,111,108,23,104,3,89,47,67,16,19"/><T129/><D129/><U28/><E121/><V123/><F123/><W48/><G77/><T42/><D126/><U37/><E71/><V68/><F113/><W127/><G67/><T66/><D101/><U115/><E131/><V110/><F110/><N who="3" m="42027" /><G127/><T70/><D70/><U8/><E81/><V35/><F133/><W109/><G109/><T118/><D118/><U120/><E120/><V6/><F105/><W74/><G74/><T1/><D1/><U12/><E103/><V124/><F124/><W41/><G104/><T11/><D42/><U2/><E107/><V54/><F68/><W114/><G114/><N who="1" m="43562" /><E51/><V15/><F98/><W69/><G69/><T49/><D49/><U96/><E96/><V36/><F36/><N who="1" m="13929" /><E2/><V33/><F62/><W86/><G97/><T132/><D39/><U57/><E57/><V52/><F61/><W99/><G99/><T21/><REACH who="0" step="1"/><D132/><REACH who="0" ten="240,250,250,250" step="2"/><U135/><E135/><V119/><F119/><N who="1" m="45641" /><E12/><V45/><F45/><W106/><G106/><T40/><D40/><U32/><AGARI ba="0,1" hai="8,9,24,28,32" m="45641,13929,43562" machi="32" ten="40,1500,0" yaku="11,1" doraHai="46" who="1" fromWho="1" sc="240,-7,250,25,250,-4,250,-4" /><INIT seed="1,0,0,3,4,46" ten="233,275,246,246" oya="1" hai0="57,101,7,93,86,75,130,50,62,104,127,72,118" hai1="91,0,98,39,83,132,10,78,84,90,77,4,40" hai2="65,15,47,31,52,32,124,21,113,95,38,97,56" hai3="100,134,25,8,23,110,88,64,11,58,63,27,108"/><U133/><E98/><V17/><F124/><W120/><G120/><T112/><D112/><U53/><E77/><V19/><F113/><W14/><G134/><N who="1" m="51818" /><E53/><V30/><F32/><W35/><G100/><T29/><D104/><U82/><E82/><V99/><F19/><W109/><G35/><T70/><D70/><U26/><E26/><N who="3" m="9738" /><G88/><N who="1" m="33834" /><E40/><V42/><F65/><W128/><G128/><T80/><D80/><U9/><E9/><V67/><F67/><W71/><G71/><T81/><D81/><U121/><E39/><V114/><F114/><W115/><G115/><T33/><D101/><U22/><E22/><V6/><F6/><W37/><G37/><T28/><D33/><U41/><E41/><V24/><F95/><W61/><G23/><T5/><D93/><U16/><E121/><V129/><F129/><W94/><G8/><T43/><D130/><U44/><E44/><V117/><F117/><W123/><G94/><T76/><D118/><U85/><E85/><V92/><F92/><W74/><G123/><T51/><D86/><U103/><E103/><V48/><REACH who="2" step="1"/><F24/><REACH who="2" ten="233,275,236,246" step="2"/><W111/><G110/><T49/><D127/><U125/><E125/><V79/><F79/><W12/><G111/><T89/><D76/><U59/><E59/><V18/><F18/><AGARI ba="0,1" hai="0,4,10,16,18,78,83,84" m="33834,51818" machi="18" ten="30,5800,0" yaku="20,1,54,2" doraHai="46" who="1" fromWho="2" sc="233,0,275,68,236,-58,246,0" /><INIT seed="1,1,0,1,4,100" ten="233,343,178,246" oya="1" hai0="34,15,67,39,101,17,114,35,98,83,110,126,18" hai1="21,76,55,10,52,94,127,69,115,48,90,78,71" hai2="62,92,60,66,50,38,103,63,77,123,121,0,2" hai3="95,24,58,41,72,70,16,133,43,56,75,134,119"/><U65/><E115/><V86/><F38/><W81/><G70/><T19/><D114/><U47/><E127/><V49/><F66/><W8/><G119/><T23/><D126/><U40/><E71/><V22/><F22/><N who="3" m="13383" /><G95/><T28/><D110/><U33/><E33/><V89/><F77/><N who="3" m="44199" /><G8/><T111/><D111/><U54/><E10/><V79/><F79/><W1/><G1/><T26/><D83/><U106/><E106/><V9/><F103/><W93/><G93/><T102/><D67/><U91/><E91/><V80/><F92/><W59/><G75/><T27/><D39/><U84/><REACH who="1" step="1"/><E21/><REACH who="1" ten="233,333,178,246" step="2"/><V129/><F9/><W20/><G20/><T82/><D35/><U14/><E14/><V113/><F113/><W5/><G5/><T109/><D15/><U120/><E120/><V45/><F2/><W3/><G3/><T125/><D125/><U68/><E68/><V31/><F0/><W11/><G11/><T12/><D12/><U42/><E42/><V30/><F121/><W25/><G43/><T87/><D109/><U117/><E117/><V99/><F123/><W64/><G41/><T57/><D34/><U46/><E46/><V107/><F45/><W6/><G6/><T116/><D116/><U108/><E108/><V32/><F32/><W112/><G112/><T105/><D23/><U53/><N who="1" m="13312" /><DORA hai="130" /><U104/><E104/><V135/><F107/><W7/><G7/><T13/><D105/><U51/><E51/><V44/><F44/><W128/><G64/><T73/><D13/><U131/><E131/><V124/><F129/><W85/><G128/><RYUUKYOKU ba="1,1" sc="233,-10,333,30,178,-10,246,-10" hai1="40,47,48,65,69,76,78,84,90,94" /><INIT seed="1,2,1,5,5,61" ten="223,363,168,236" oya="1" hai0="53,109,100,51,114,63,19,83,13,54,58,41,125" hai1="46,69,5,8,113,22,132,35,91,72,126,71,117" hai2="115,37,85,28,25,39,81,45,102,33,89,98,99" hai3="82,3,104,129,88,135,124,65,73,31,21,133,4"/><U10/><E113/><V16/><F115/><W80/><G104/><T18/><D114/><U77/><E117/><V118/><F118/><W47/><G129/><T29/><D109/><U86/><E35/><V112/><F112/><W43/><G124/><T7/><D125/><U128/><E126/><V111/><F111/><W52/><G65/><N who="0" m="39159" /><D29/><U96/><E128/><V59/><F59/><W2/><G73/><T23/><D100/><U110/><E110/><V94/><F45/><W6/><G21/><N who="0" m="11471" /><D7/><U57/><E5/><V87/><F39/><W40/><G31/><T0/><D0/><U66/><E69/><V60/><F37/><W75/><G75/><T9/><D9/><U34/><E72/><V14/><F60/><W130/><G130/><T64/><D64/><U12/><E34/><V68/><F68/><W11/><G11/><T38/><D83/><U92/><E71/><V49/><F49/><W90/><G47/><N who="0" m="26095" /><D38/><U17/><E46/><V108/><F108/><W24/><G24/><AGARI ba="2,1" hai="19,23,24,53,54" m="26095,11471,39159" machi="24" ten="30,2000,0" yaku="8,1,52,1" doraHai="61" who="0" fromWho="3" sc="223,36,363,0,168,0,236,-26" /><INIT seed="2,0,0,3,1,3" ten="259,363,168,210" oya="2" hai0="122,94,98,36,46,69,107,91,134,75,13,38,64" hai1="110,128,132,39,22,27,21,100,35,28,76,7,1" hai2="47,104,9,106,92,52,57,97,6,131,109,89,32" hai3="31,65,86,81,59,103,127,105,95,19,82,123,101"/><V42/><F131/><W62/><G123/><T49/><D122/><U87/><E39/><V120/><F32/><W2/><G2/><T84/><D134/><U12/><E100/><N who="3" m="38474" /><G105/><T44/><D75/><U85/><E128/><V15/><F120/><W90/><G127/><T17/><D107/><U29/><E132/><V20/><F20/><W63/><G31/><T77/><D69/><U115/><E115/><V16/><F109/><W68/><G68/><T56/><D38/><U111/><E76/><V45/><F16/><W41/><G41/><T121/><D36/><U26/><E87/><V66/><F66/><W130/><G130/><T102/><D77/><U51/><E51/><V124/><F124/><W119/><G119/><T99/><D121/><U88/><E88/><V53/><F53/><W60/><G19/><T37/><D37/><U129/><E85/><V14/><F14/><W4/><G4/><T23/><D64/><U50/><E50/><V48/><REACH who="2" step="1"/><F45/><REACH who="2" ten="259,363,158,210" step="2"/><W83/><AGARI ba="0,1" hai="59,60,62,63,65,81,82,83,86,90,95" m="38474" machi="83" ten="30,1100,0" yaku="8,1" doraHai="3" who="3" fromWho="3" sc="259,-3,363,-3,158,-5,210,21" /><INIT seed="3,0,0,3,3,105" ten="256,360,153,231" oya="3" hai0="2,131,34,72,114,94,10,18,43,28,67,130,93" hai1="88,65,124,69,70,87,60,66,1,68,58,17,38" hai2="92,9,96,29,12,49,47,13,125,22,25,76,46" hai3="50,98,83,71,109,42,54,135,56,7,103,123,117"/><W73/><G117/><T61/><D114/><U19/><E38/><V33/><F125/><W132/><G71/><N who="0" m="42479" /><D72/><U118/><E1/><V51/><F33/><W53/><G123/><T89/><D43/><U52/><E124/><V128/><F128/><N who="0" m="49194" /><D89/><U90/><E118/><V86/><F76/><N who="3" m="44431" /><G7/><N who="0" m="1399" /><D18/><U119/><E119/><V120/><F120/><W30/><G30/><T85/><D85/><U37/><E37/><V80/><F80/><W21/><G21/><T97/><D97/><U101/><E101/><V104/><F104/><N who="3" m="63607" /><G109/><T63/><D63/><U64/><REACH who="1" step="1"/><E90/><REACH who="1" ten="256,350,153,231" step="2"/><V4/><F86/><W110/><G110/><T112/><D112/><U82/><AGARI ba="0,1" hai="17,19,52,58,60,64,65,66,68,69,70,82,87,88" machi="82" ten="40,12000,2" yaku="1,1,2,1,0,1,54,2,53,1" doraHai="105" doraHaiUra="59" who="1" fromWho="1" sc="256,-30,350,130,153,-30,231,-60" owari="226,2.6,480,58.0,123,-37.7,171,-22.9" /></mjloggm>