<mjloggm ver="2.3"><GO type="225" lobby="0"/><UN n0="%E6%B8%A9%E2%98%85%E6%83%85%E2%98%85%E6%8E%AA%E2%98%85%E7%BD%AE" n1="%72%69%6F%75%63%68%61%6E" n2="%E3%81%B5%E3%81%98%E3%81%8B%E3%81%A4" n3="%73%69%65%72%61%34%30%31" dan="18,16,17,16" rate="2177.17,2189.46,2215.09,2087.97" sx="M,M,M,F"/><TAIKYOKU oya="0"/><INIT seed="0,0,0,0,1,77" ten="250,250,250,250" oya="0" hai0="15,116,69,32,79,60,90,4,23,114,133,2,16" hai1="91,128,29,20,113,30,87,132,68,52,10,43,57" hai2="45,102,54,126,70,12,125,120,58,117,110,40,5" hai3="66,34,124,31,17,28,86,103,53,134,9,18,62"/><T97/><D114/><U25/><E68/><V107/><F120/><W19/><G124/><N who="2" m="47721" /><F107/><W75/><G75/><T46/><D116/><U82/><E113/><V122/><F102/><W127/><G127/><T105/><D32/><U63/><E128/><V37/><F12/><W47/><G103/><T98/><D133/><U1/><E132/><V101/><F5/><W0/><G134/><T14/><D79/><U89/><E43/><V109/><F101/><W39/><G34/><T99/><D2/><U27/><E89/><V64/><F122/><W48/><G39/><T41/><D105/><U84/><E84/><V85/><F85/><W3/><G86/><T95/><D60/><U100/><E100/><V123/><F123/><W26/><G9/><N who="0" m="4391" /><D69/><U36/><E36/><V106/><F106/><W50/><G50/><N who="0" m="26959" /><D90/><U115/><E115/><V44/><F44/><W88/><G88/><N who="0" m="55527" /><D99/><U38/><E38/><V94/><F94/><W6/><G6/><T35/><D35/><U8/><E1/><V67/><F117/><W108/><G108/><N who="2" m="41577" /><F70/><W71/><G0/><T80/><D98/><U13/><E13/><V92/><F92/><W135/><G3/><T121/><D121/><U72/><E72/><V112/><F112/><W11/><G135/><T76/><D76/><U130/><E130/><V78/><F78/><W22/><G11/><T42/><D42/><U104/><E104/><V96/><F96/><W111/><G111/><T83/><AGARI ba="0,0" hai="15,16,23,80,83" m="55527,26959,4391" machi="83" ten="30,12000,1" yaku="8,1,52,2,54,2" doraHai="77" who="0" fromWho="0" sc="250,120,250,-40,250,-40,250,-40" /><INIT seed="0,1,0,3,0,79" ten="370,210,210,210" oya="0" hai0="5,18,75,40,24,123,54,19,107,57,20,46,118" hai1="4,26,7,16,96,109,68,110,93,105,127,83,58" hai2="111,48,29,108,14,47,84,32,65,89,125,38,64" hai3="9,31,43,61,134,11,51,45,6,42,80,17,97"/><T36/><D118/><U39/><E127/><V22/><F125/><W67/><G134/><T104/><D123/><U77/><E68/><V10/><F38/><W25/><G17/><T3/><D75/><U112/><E105/><V66/><F22/><W135/><G135/><T70/><D70/><U90/><E39/><V28/><F32/><W121/><G121/><T124/><D124/><U87/><E112/><V122/><F122/><W27/><G42/><T37/><D37/><U85/><E58/><V71/><F71/><W129/><G129/><T8/><REACH who="0" step="1"/><D19/><REACH who="0" ten="360,210,210,210" step="2"/><U21/><REACH who="1" step="1"/><E87/><REACH who="1" ten="360,200,210,210" step="2"/><V113/><F113/><W49/><G97/><T131/><D131/><U133/><E133/><V59/><F84/><W92/><G49/><AGARI ba="1,2" hai="3,5,8,18,20,24,36,40,46,49,54,57,104,107" machi="49" ten="30,5800,0" yaku="1,1,7,1,53,1" doraHai="79" doraHaiUra="35" who="0" fromWho="3" sc="360,81,200,0,210,0,210,-61" /><INIT seed="0,2,0,0,2,104" ten="441,200,210,149" oya="0" hai0="110,115,25,106,127,75,93,47,21,113,3,87,34" hai1="60,133,49,111,38,73,52,97,95,42,114,23,26" hai2="84,51,118,57,72,128,36,14,10,79,61,53,69" hai3="45,64,78,74,0,98,123,18,124,96,29,71,40"/><T24/><D106/><U85/><E111/><V56/><F118/><W105/><G18/><N who="0" m="12343" /><D87/><U68/><E133/><V31/><F128/><W65/><G124/><T67/><D93/><U90/><E114/><V5/><F36/><W130/><G130/><T2/><D47/><U19/><E38/><V91/><F69/><W135/><G29/><N who="0" m="19759" /><D67/><U83/><E73/><V120/><F31/><W17/><G17/><T62/><D62/><U80/><E68/><V82/><F120/><W28/><G28/><T48/><D48/><U50/><E42/><V132/><F132/><W77/><G0/><N who="0" m="43" /><D75/><U126/><E126/><V37/><F37/><W103/><G135/><T101/><D101/><U32/><E32/><V4/><F72/><W44/><G40/><T76/><D76/><N who="1" m="46215" /><E83/><V6/><REACH who="2" step="1"/><F79/><REACH who="2" ten="441,200,200,149" step="2"/><W20/><G74/><T54/><D127/><U30/><E30/><V13/><F13/><W41/><G71/><T59/><D115/><U9/><E9/><V102/><F102/><W108/><G103/><T92/><D113/><U121/><E121/><V86/><F86/><W109/><G123/><T100/><D100/><U33/><E33/><V63/><F63/><W35/><G35/><T134/><D134/><U112/><E112/><V116/><F116/><W55/><G105/><T1/><D1/><U122/><E122/><V66/><AGARI ba="2,1" hai="4,5,6,10,14,51,53,56,57,61,66,82,84,91" machi="66" ten="20,8000,1" yaku="1,1,0,1,7,1,8,1,53,1" doraHai="104" doraHaiUra="58" who="2" fromWho="2" sc="441,-42,200,-22,200,96,149,-22" /><INIT seed="1,0,0,2,1,2" ten="399,178,296,127" oya="1" hai0="58,109,120,10,73,131,74,105,56,128,103,66,98" hai1="8,31,125,11,53,4,113,68,12,132,69,34,72" hai2="67,94,102,81,78,61,101,44,70,63,37,57,126" hai3="51,19,49,134,62,129,0,86,18,22,87,48,35"/><U135/><E113/><V43/><F126/><W23/><G35/><T88/><D109/><U30/><E72/><N who="0" m="27753" /><D120/><U112/><E112/><V21/><F21/><W13/><G129/><N who="0" m="49739" /><D66/><U80/><E80/><V15/><F94/><W84/><G0/><T14/><D88/><U130/><E130/><V47/><F47/><W41/><G134/><N who="1" m="51242" /><E125/><V20/><F20/><W65/><G41/><T1/><D1/><N who="1" m="15" /><E53/><V52/><REACH who="2" step="1"/><F15/><REACH who="2" ten="399,178,286,127" step="2"/><W133/><G133/><T28/><D28/><N who="1" m="10795" /><E34/><V93/><F93/><W24/><REACH who="3" step="1"/><G84/><AGARI ba="0,1" hai="37,43,44,52,57,61,63,67,70,78,81,84,101,102" machi="84" ten="30,3900,0" yaku="1,1,7,1,54,1,53,0" doraHai="2" doraHaiUra="119" who="2" fromWho="3" sc="399,0,178,0,286,49,127,-39" /><INIT seed="2,0,0,3,5,12" ten="399,178,335,88" oya="2" hai0="45,32,10,85,43,106,129,92,98,107,22,133,28" hai1="117,51,135,83,60,126,115,48,79,84,1,2,19" hai2="53,90,26,118,105,121,119,116,75,125,35,63,67" hai3="62,34,59,20,97,124,46,66,44,89,134,57,77"/><V38/><F121/><W122/><G34/><T11/><D32/><U72/><E115/><V9/><F125/><W21/><G122/><T88/><D133/><U73/><E117/><V100/><F90/><W68/><G134/><T65/><D129/><U94/><E135/><V58/><F9/><W15/><G124/><T40/><D65/><U33/><E33/><V82/><F38/><W130/><G130/><T93/><D107/><U69/><E126/><V7/><F7/><W91/><G68/><T78/><D106/><U127/><E127/><V18/><F35/><W14/><G77/><T27/><D78/><U110/><E73/><V13/><F26/><W71/><G71/><T8/><D45/><U61/><E110/><V102/><F105/><W123/><G123/><T76/><D76/><U47/><E48/><V128/><F128/><W103/><G103/><AGARI ba="0,0" hai="8,10,11,22,27,28,40,43,85,88,92,93,98,103" machi="103" ten="40,2600,0" yaku="8,1,54,1" doraHai="12" who="0" fromWho="3" sc="399,26,178,0,335,0,88,-26" /><INIT seed="3,0,0,5,4,35" ten="425,178,335,62" oya="3" hai0="74,70,33,95,34,134,62,127,16,125,108,84,130" hai1="54,91,109,12,30,69,39,112,3,19,59,81,111" hai2="66,106,44,1,82,42,92,129,46,8,124,80,61" hai3="49,52,103,96,65,38,20,107,90,104,133,22,67"/><W113/><G113/><T98/><D74/><U11/><E69/><V105/><F124/><N who="0" m="47690" /><D108/><N who="1" m="41547" /><E112/><V28/><F129/><W102/><G38/><T122/><D122/><U2/><E39/><V23/><F46/><W131/><G131/><T101/><D134/><U68/><E68/><V132/><F132/><W21/><G133/><T94/><D16/><N who="1" m="8223" /><E30/><V6/><F82/><W36/><G36/><T37/><D130/><U85/><E19/><V18/><F28/><W53/><G90/><N who="0" m="53575" /><D37/><U71/><E71/><V118/><F92/><W45/><REACH who="3" step="1"/><G53/><REACH who="3" ten="425,178,335,52" step="2"/><T43/><D43/><U117/><E117/><V63/><F118/><W78/><G78/><T0/><D0/><U116/><E116/><V93/><F42/><W58/><G58/><T76/><D76/><U120/><E120/><V99/><F1/><W17/><G17/><T75/><D75/><U64/><E64/><AGARI ba="0,1" hai="33,34,62,64,70,95,98,101" m="53575,47690" machi="64" ten="30,1000,0" yaku="18,1" doraHai="35" who="0" fromWho="1" sc="425,20,178,-10,335,0,52,0" owari="445,54.5,168,-23.2,335,13.5,52,-44.8" /></mjloggm>