<mjloggm ver="2.3"><GO type="225" lobby="0"/><UN n0="%E9%B3%B3%E6%9D%B1%E3%81%AE%E3%81%86%E3%81%95%E3%81%8E%E3%81%95%E3%82%93" n1="%72%69%6F%75%63%68%61%6E" n2="%E8%A8%88%E7%AE%97%E6%A9%9F%E8%87%AA%E7%84%B6" n3="%E8%81%B7%E6%A5%AD%E3%80%81%E9%A2%A8%32" dan="16,17,17,16" rate="2248.35,2250.27,2228.83,2118.75" sx="M,M,M,M"/><TAIKYOKU oya="0"/><INIT seed="0,0,0,0,3,78" ten="250,250,250,250" oya="0" hai0="6,130,117,128,125,131,14,114,98,135,38,94,26" hai1="93,2,105,92,18,82,75,103,32,112,134,77,89" hai2="11,23,81,40,10,28,56,39,115,85,31,76,35" hai3="3,36,16,58,67,22,102,80,122,27,73,123,86"/><T33/><D114/><U0/><E32/><V46/><F115/><W7/><G36/><T25/><D117/><U13/><E112/><V71/><F71/><W60/><G102/><T109/><D135/><U59/><E134/><V12/><F35/><W5/><G73/><T72/><D125/><U1/><E59/><V17/><REACH who="2" step="1"/><F56/><REACH who="2" ten="250,250,240,250" step="2"/><W119/><G119/><T90/><D33/><U120/><E120/><N who="3" m="46122" /><G3/><T34/><D34/><U19/><E13/><V66/><F66/><W41/><G41/><T110/><D14/><U74/><E75/><V42/><F42/><W49/><G49/><T70/><D72/><U107/><E0/><V20/><F20/><W62/><G60/><T65/><D38/><U99/><E1/><V111/><F111/><N who="0" m="42506" /><D6/><U64/><E2/><V121/><F121/><W96/><G96/><T61/><AGARI ba="0,1" hai="25,26,61,65,70,90,94,98,128,130,131" m="42506" machi="61" ten="40,7800,0" yaku="19,1,14,1,10,1" doraHai="78" who="0" fromWho="0" sc="250,88,250,-26,240,-26,250,-26" /><INIT seed="0,1,0,5,3,19" ten="338,224,214,224" oya="0" hai0="110,86,35,6,119,106,64,73,74,123,70,37,45" hai1="20,134,93,18,71,78,87,21,34,14,126,115,77" hai2="120,100,29,88,53,114,27,31,55,83,17,46,92" hai3="58,98,125,102,25,65,96,48,60,80,13,44,112"/><T22/><D119/><U124/><E34/><V131/><F120/><W72/><G112/><T0/><D123/><U30/><E134/><V36/><F114/><W52/><G125/><N who="1" m="48234" /><E71/><V116/><F116/><W51/><G72/><T104/><D86/><U66/><E66/><V111/><F111/><W128/><G128/><T15/><D110/><U57/><E115/><V47/><F131/><W82/><G25/><T5/><D35/><U90/><E57/><V41/><F100/><W63/><G13/><T59/><D59/><U85/><E85/><N who="2" m="52239" /><F36/><W11/><G11/><T127/><D37/><U97/><E97/><N who="3" m="37482" /><G102/><T3/><D3/><U91/><E91/><V12/><F83/><N who="3" m="31787" /><G65/><T118/><D64/><U28/><E28/><N who="2" m="10827" /><F27/><AGARI ba="1,0" hai="14,18,20,21,27,30,77,78,87,90,93" m="48234" machi="27" ten="30,3900,0" yaku="18,1,52,2" doraHai="19" who="1" fromWho="2" sc="338,0,224,42,214,-42,224,0" /><INIT seed="1,0,0,0,4,96" ten="338,266,172,224" oya="1" hai0="75,81,37,47,87,14,71,100,10,64,111,4,33" hai1="83,25,97,82,54,5,132,34,72,43,38,127,16" hai2="3,108,0,56,134,84,59,80,78,105,40,118,20" hai3="49,113,62,8,45,6,122,129,70,135,12,2,76"/><U90/><E127/><V32/><F32/><W79/><G122/><T30/><D75/><U28/><E132/><V98/><F118/><W115/><G135/><T92/><D111/><U17/><E5/><V91/><F134/><W112/><G129/><T42/><D71/><U133/><E133/><V88/><F108/><W35/><G35/><T67/><D92/><U18/><E72/><V46/><F20/><W39/><G39/><T58/><D100/><U102/><E54/><V63/><F56/><W120/><G120/><T69/><D69/><U131/><E131/><V101/><F0/><W66/><REACH who="3" step="1"/><G2/><REACH who="3" ten="338,266,172,214" step="2"/><T103/><D37/><U126/><E126/><V93/><F3/><W51/><G51/><T86/><D33/><U53/><E38/><V27/><F27/><W95/><G95/><T55/><D14/><U107/><E43/><AGARI ba="0,1" hai="6,8,12,43,45,49,62,66,70,76,79,112,113,115" machi="43" ten="40,2600,0" yaku="1,1,53,1" doraHai="96" doraHaiUra="65" who="3" fromWho="1" sc="338,0,266,-26,172,0,214,36" /><INIT seed="2,0,0,2,3,119" ten="338,240,172,250" oya="2" hai0="80,111,131,92,39,116,93,113,31,56,42,99,123" hai1="8,48,49,73,26,51,36,117,108,134,102,122,63" hai2="43,112,28,33,98,89,62,44,71,68,95,20,14" hai3="7,41,106,103,22,74,10,96,100,78,82,69,120"/><V45/><F112/><W55/><G120/><T50/><D123/><U84/><E117/><V67/><F68/><W0/><G69/><T30/><D116/><U54/><E73/><V34/><F44/><W87/><G103/><T27/><D111/><U124/><E122/><V90/><F90/><W60/><G22/><T58/><D39/><U76/><E36/><V118/><F118/><W66/><G66/><T35/><D131/><U37/><E37/><V3/><F3/><W127/><G127/><T72/><D31/><U18/><E108/><V105/><F105/><W4/><G4/><T88/><D113/><U101/><E134/><V64/><F64/><W86/><REACH who="3" step="1"/><G41/><REACH who="3" ten="338,240,172,240" step="2"/><T133/><D42/><U11/><E124/><V13/><F20/><W38/><G38/><T65/><D65/><U83/><E102/><V85/><F98/><W130/><G130/><T24/><D99/><U91/><E101/><V21/><F21/><W125/><G125/><T12/><D133/><U6/><E6/><V132/><F132/><W25/><G25/><T115/><D24/><U109/><E26/><N who="2" m="18583" /><F34/><W59/><AGARI ba="0,1" hai="0,7,10,55,59,60,74,78,82,86,87,96,100,106" machi="59" ten="30,4000,0" yaku="1,1,0,1,53,1" doraHai="119" doraHaiUra="2" who="3" fromWho="3" sc="338,-10,240,-10,172,-20,240,50" /><INIT seed="3,0,0,3,3,63" ten="328,230,152,290" oya="3" hai0="68,69,0,53,128,9,29,88,82,35,93,28,37" hai1="60,92,116,110,56,27,106,15,99,97,96,47,109" hai2="86,72,46,2,79,77,24,126,23,42,89,131,125" hai3="85,58,129,127,73,21,57,19,111,105,76,43,124"/><W39/><G105/><T48/><D37/><U41/><E116/><V50/><F2/><W130/><G111/><N who="1" m="42506" /><E106/><V101/><F131/><N who="3" m="50187" /><G73/><T30/><D35/><U6/><E27/><V78/><F72/><W40/><G76/><T49/><D128/><U107/><E107/><V118/><F118/><W61/><G85/><T114/><D82/><U71/><E71/><V103/><F126/><N who="3" m="48171" /><G39/><T123/><D48/><N who="1" m="26735" /><E15/><V75/><F125/><W134/><G134/><T11/><D49/><U90/><E6/><V117/><F117/><W16/><G19/><T95/><D95/><U5/><E5/><V26/><F75/><W70/><G70/><T54/><D93/><U133/><E133/><V132/><F132/><W34/><G34/><T22/><D68/><U80/><E80/><V98/><F98/><W13/><G58/><T102/><D69/><U100/><E100/><V84/><F24/><W64/><AGARI ba="0,0" hai="13,16,21,40,43,57,61,64" m="48171,50187" machi="64" ten="30,11700,0" yaku="19,1,18,1,52,1,54,1" doraHai="63" who="3" fromWho="3" sc="328,-39,230,-39,152,-39,290,117" owari="289,8.9,191,-20.9,113,-38.7,407,50.7" /></mjloggm>