<mjloggm ver="2.3"><GO type="225" lobby="0"/><UN n0="%E3%81%95%E3%81%8D%E3%81%9F%E3%81%BE%E6%9E%97%E6%AA%8E" n1="%74%61%6B%65%2D%79%6F%75" n2="%E2%91%A3%E9%81%BF%E9%81%8A%E6%88%AF%E3%80%90%E6%9D%B1%E5%8D%97%E3%80%91" n3="%4E%49%4A%49%49%52%4F" dan="16,16,16,16" rate="2134.70,2202.89,2126.91,2158.12" sx="M,M,M,M"/><TAIKYOKU oya="0"/><INIT seed="0,0,0,1,1,34" ten="250,250,250,250" oya="0" hai0="65,118,63,94,52,114,10,28,122,130,58,42,39" hai1="110,18,123,84,60,61,127,107,19,33,72,68,1" hai2="87,32,21,106,93,36,29,17,88,96,20,113,9" hai3="104,6,5,25,101,69,105,26,46,71,47,23,27"/><T90/><BYE who="3" /><D114/><UN n3="%4E%49%4A%49%49%52%4F" /><U41/><E123/><V78/><F113/><W121/><G23/><T129/><D118/><U7/><E72/><V62/><F36/><W135/><G101/><T35/><D122/><U99/><E110/><V112/><F112/><W24/><N who="3" m="6144" /><DORA hai="131" /><W115/><G121/><T74/><D74/><U128/><E33/><V49/><F32/><W50/><G115/><T66/><D28/><U64/><E128/><N who="0" m="49257" /><D35/><U124/><E41/><V12/><F29/><W116/><G116/><T16/><D39/><U86/><E107/><N who="3" m="41034" /><G50/><T92/><D42/><U59/><E99/><V0/><F49/><W70/><G135/><T117/><D117/><U15/><E60/><V108/><F108/><W11/><G11/><T57/><D57/><U54/><E59/><V83/><F62/><W22/><G22/><T14/><D92/><U134/><E134/><V31/><F31/><W48/><G48/><T102/><D102/><U67/><E61/><V8/><REACH who="2" step="1"/><F106/><REACH who="2" ten="250,250,240,250" step="2"/><W73/><G73/><T100/><D100/><U4/><E68/><V95/><F95/><W109/><G109/><T44/><D44/><AGARI ba="0,1" hai="5,6,44,46,47,69,70,71" m="41034,6144" machi="44" ten="50,3200,0" yaku="28,2" doraHai="34,131" who="3" fromWho="0" sc="250,-32,250,0,240,0,250,42" /><INIT seed="1,0,0,3,5,106" ten="218,250,240,292" oya="1" hai0="93,108,130,65,78,134,16,37,45,60,121,64,19" hai1="41,99,100,119,11,96,115,0,14,103,32,35,33" hai2="10,4,46,22,75,123,110,66,72,13,7,68,26" hai3="88,23,12,126,133,80,114,128,73,97,131,63,71"/><U125/><E115/><V102/><F123/><W42/><G114/><T54/><D108/><U59/><E119/><V20/><F7/><W40/><G126/><T122/><D134/><U91/><E125/><V58/><F68/><W74/><G133/><T109/><D109/><U87/><E0/><V79/><F110/><W25/><G12/><T17/><D130/><N who="3" m="49705" /><G71/><T117/><D117/><U89/><E41/><N who="3" m="15978" /><G63/><T29/><D29/><U101/><E59/><V113/><F46/><W28/><G97/><T47/><D78/><U44/><E44/><N who="0" m="16969" /><D93/><U94/><REACH who="1" step="1"/><E91/><REACH who="1" ten="218,240,240,292" step="2"/><V76/><F113/><W8/><G8/><T104/><D37/><U70/><E70/><V9/><F58/><W6/><G6/><AGARI ba="0,1" hai="6,11,14,32,33,35,87,89,94,96,99,100,101,103" machi="6" ten="50,2400,0" yaku="1,1,53,0" doraHai="106" doraHaiUra="118" who="1" fromWho="3" sc="218,0,240,34,240,0,292,-24" /><INIT seed="1,1,0,1,5,24" ten="218,274,240,268" oya="1" hai0="39,69,44,98,111,41,5,118,58,80,87,4,55" hai1="45,115,101,19,83,94,103,54,35,32,135,81,70" hai2="72,28,126,99,18,129,64,124,29,133,53,3,109" hai3="50,43,113,82,75,34,48,93,1,63,71,130,21"/><U77/><E115/><V15/><F3/><W62/><G34/><T66/><D118/><U33/><E135/><V2/><F2/><W116/><G1/><T8/><D111/><U38/><E70/><V10/><F109/><W96/><G113/><T74/><D74/><U6/><E19/><V106/><F72/><W14/><G130/><T134/><D134/><U92/><E6/><V86/><F133/><W84/><G75/><T85/><D98/><U42/><E54/><V79/><F64/><W127/><G127/><N who="2" m="48681" /><F53/><W107/><G107/><T9/><D9/><U56/><E56/><V40/><F40/><W26/><G14/><T27/><D27/><U30/><E30/><N who="2" m="11883" /><F129/><W88/><G71/><T97/><D66/><U114/><E114/><V31/><N who="2" m="11891" /><V16/><DORA hai="7" /><F86/><W67/><G67/><T121/><D87/><U59/><E42/><V49/><F49/><W112/><G112/><T23/><D85/><U51/><E51/><V132/><F79/><W91/><G116/><T122/><D41/><U57/><E77/><V46/><F46/><N who="3" m="25695" /><G50/><T128/><D44/><U110/><E45/><V119/><F119/><W13/><G63/><T20/><D128/><U120/><E110/><V123/><F123/><W100/><G62/><T61/><D61/><U37/><E33/><V108/><F108/><W22/><G84/><T36/><D122/><AGARI ba="1,0" hai="32,35,37,38,57,59,81,83,92,94,101,103,120,122" machi="122" ten="25,2400,0" yaku="22,2" doraHai="24,7" who="1" fromWho="0" sc="218,-27,274,27,240,0,268,0" /><INIT seed="1,2,0,5,4,4" ten="191,301,240,268" oya="1" hai0="3,39,124,132,50,89,73,0,69,29,30,33,11" hai1="79,80,64,87,107,44,18,48,60,51,133,43,9" hai2="62,110,66,131,46,116,27,118,63,117,72,14,94" hai3="134,129,56,95,127,32,52,65,90,70,130,38,1"/><U10/><E133/><V71/><F72/><W26/><G1/><T49/><D39/><U17/><E107/><V68/><F94/><W45/><G134/><T28/><D69/><U74/><E74/><V37/><F27/><W2/><G2/><N who="0" m="555" /><D73/><U12/><E48/><N who="0" m="18537" /><D132/><U128/><E128/><N who="3" m="49258" /><G127/><T41/><D41/><U108/><E108/><V22/><F22/><W54/><G70/><T113/><D113/><U6/><REACH who="1" step="1"/><E10/><REACH who="1" ten="191,291,240,268" step="2"/><V93/><F131/><W42/><G65/><T120/><D120/><U126/><E126/><V34/><F110/><W114/><G114/><T55/><D124/><U109/><E109/><V85/><F116/><W135/><G135/><T104/><D104/><U97/><E97/><V16/><F118/><W101/><G101/><T23/><D11/><U13/><E13/><V84/><F14/><W106/><G106/><T96/><D23/><U24/><E24/><V15/><F15/><W47/><G26/><T86/><D96/><U76/><E76/><V98/><F98/><W115/><G115/><T91/><D86/><U111/><E111/><V92/><F85/><W20/><G32/><T81/><D33/><U5/><E5/><V21/><F84/><W83/><G20/><T19/><D81/><U102/><E102/><V82/><F34/><W112/><G83/><T8/><D55/><U77/><E77/><V78/><F82/><W25/><G54/><T100/><D100/><U53/><E53/><V88/><F78/><W121/><G52/><T40/><D40/><U125/><E125/><V7/><F117/><W57/><G112/><T58/><D58/><AGARI ba="2,1" hai="6,9,12,17,18,43,44,51,58,60,64,79,80,87" machi="58" ten="30,18000,2" yaku="1,1,6,1,7,1,25,2,8,1,52,1,53,0" doraHai="4" doraHaiUra="103" who="1" fromWho="0" sc="191,-186,291,196,240,0,268,0" /><INIT seed="1,3,0,5,3,117" ten="5,487,240,268" oya="1" hai0="58,10,28,23,40,89,129,52,6,22,34,17,106" hai1="96,112,98,95,21,92,18,12,85,104,121,41,76" hai2="82,47,87,7,11,61,114,1,49,30,71,54,50" hai3="14,5,0,124,131,35,109,27,70,113,130,88,100"/><U80/><E112/><V83/><F114/><W26/><G70/><T19/><D129/><N who="3" m="49161" /><G100/><T107/><D40/><U66/><E121/><V118/><F118/><W128/><G113/><T56/><D34/><U45/><E66/><V94/><F30/><N who="3" m="19935" /><G88/><T3/><D28/><U86/><E104/><V16/><F94/><N who="1" m="35881" /><E86/><V43/><F61/><W97/><G97/><T25/><D58/><U108/><E108/><V9/><F71/><W46/><G46/><T84/><D84/><U93/><E93/><V55/><F50/><AGARI ba="3,0" hai="12,18,21,41,45,50,76,80,85,96,98" m="35881" machi="50" ten="30,1500,0" yaku="8,1" doraHai="117" who="1" fromWho="2" sc="5,0,487,24,240,-24,268,0" /><INIT seed="1,4,0,4,1,128" ten="5,511,216,268" oya="1" hai0="102,118,120,16,112,79,89,96,74,11,15,4,125" hai1="123,91,81,70,10,94,95,115,29,117,61,27,67" hai2="58,57,33,19,116,109,6,107,82,59,47,50,9" hai3="87,92,98,30,64,48,130,45,135,97,32,85,21"/><U129/><E115/><V49/><F107/><W134/><G32/><T20/><D112/><U71/><E117/><V121/><F116/><W22/><G64/><T77/><D118/><U60/><E123/><V54/><F33/><W104/><G104/><T100/><D120/><U90/><E129/><V18/><F121/><W103/><G130/><T7/><D125/><U1/><E81/><V66/><F109/><W114/><G114/><T28/><D74/><U43/><E43/><V46/><F66/><W110/><G98/><T106/><D102/><U84/><E61/><V2/><REACH who="2" step="1"/><F82/><REACH who="2" ten="5,511,206,268" step="2"/><W56/><G110/><T69/><D69/><U75/><E70/><V62/><F62/><W99/><G92/><N who="0" m="58375" /><D89/><U13/><E90/><V126/><F126/><W37/><G103/><T0/><D0/><U40/><E1/><V93/><F93/><W35/><G35/><T108/><D108/><U24/><E94/><V83/><F83/><W105/><G105/><T78/><D106/><U12/><E95/><V26/><F26/><AGARI ba="4,1" hai="4,7,11,15,16,20,26,28,77,78,79" m="58375" machi="26" ten="30,2000,0" yaku="8,1,54,1" doraHai="128" who="0" fromWho="2" sc="5,42,511,0,206,-32,268,0" /><INIT seed="2,0,0,5,0,39" ten="47,511,174,268" oya="2" hai0="69,96,73,25,21,34,120,56,10,99,13,5,62" hai1="78,122,53,37,128,100,123,57,29,66,67,24,86" hai2="89,101,50,88,43,82,126,14,132,61,84,90,103" hai3="129,46,131,35,40,48,17,30,51,72,93,79,31"/><V11/><F126/><W125/><G125/><T6/><D73/><U105/><E37/><V76/><F132/><W133/><G133/><T23/><D69/><U87/><E128/><N who="3" m="49226" /><G35/><T110/><D110/><U44/><E44/><N who="2" m="25887" /><F61/><W95/><G17/><AGARI ba="0,0" hai="11,14,17,76,82,84,88,89,90,101,103" m="25887" machi="17" ten="30,5800,0" yaku="8,1,52,1,54,1" doraHai="39" who="2" fromWho="3" sc="47,0,511,0,174,58,268,-58" /><INIT seed="2,1,0,3,5,5" ten="47,511,232,210" oya="2" hai0="115,25,88,82,81,66,0,60,93,74,70,98,80" hai1="87,19,58,51,27,125,29,132,71,122,43,6,41" hai2="73,7,83,134,105,128,69,45,11,85,79,62,54" hai3="76,133,91,75,100,129,31,16,86,131,123,112,61"/><V135/><F105/><W59/><G123/><T53/><D115/><U110/><E122/><V65/><F128/><N who="3" m="49227" /><G112/><T94/><D0/><U17/><E110/><V20/><F20/><W72/><G133/><N who="2" m="50697" /><F45/><W106/><G31/><T107/><D107/><U121/><E29/><V114/><F114/><W37/><G37/><T32/><D74/><U118/><E121/><V126/><F126/><W33/><G33/><T24/><D32/><U111/><E125/><V52/><F73/><W44/><G44/><T26/><D53/><U14/><E132/><V124/><F124/><W34/><G34/><T120/><D120/><U15/><E111/><V12/><AGARI ba="1,0" hai="7,11,12,52,54,62,65,69,79,83,85" m="50697" machi="12" ten="30,6000,0" yaku="20,1,52,1,54,1" doraHai="5" who="2" fromWho="2" sc="47,-21,511,-21,232,63,210,-21" /><INIT seed="2,2,0,1,0,68" ten="26,490,295,189" oya="2" hai0="5,133,38,93,64,105,4,12,14,22,84,115,9" hai1="56,2,34,83,103,130,111,67,49,74,57,82,121" hai2="99,124,8,118,135,131,75,25,96,110,17,21,50" hai3="15,107,88,7,47,42,117,129,24,122,109,60,65"/><V59/><F118/><W3/><G109/><T71/><D105/><U54/><E111/><V26/><F110/><W113/><G113/><T86/><D133/><U127/><E130/><V100/><F75/><W39/><G129/><T94/><D71/><U76/><E127/><V87/><F131/><W66/><G122/><T77/><D64/><U32/><E121/><V63/><F124/><W128/><G128/><T69/><D69/><U132/><E132/><V91/><F50/><W106/><G117/><T79/><D22/><U13/><E2/><V31/><F135/><W70/><G65/><T6/><D6/><U89/><E103/><V44/><F44/><W43/><G15/><T1/><D9/><U27/><E13/><V72/><F72/><W61/><G24/><T23/><D23/><U90/><E27/><V95/><F99/><W10/><G61/><T119/><D119/><U0/><E0/><V19/><F8/><W125/><G125/><T52/><D52/><U37/><E37/><V120/><F26/><W53/><G43/><T55/><D55/><U62/><E89/><V46/><F46/><W33/><G33/><T58/><D58/><U30/><E30/><V35/><F35/><W92/><REACH who="3" step="1"/><G53/><REACH who="3" ten="26,490,295,179" step="2"/><T11/><D11/><U51/><E54/><N who="2" m="34295" /><F120/><W45/><G45/><T98/><D115/><U97/><E34/><V73/><F73/><W18/><G18/><T16/><D16/><U112/><E74/><V41/><F41/><W102/><G102/><T48/><D1/><U116/><E32/><V80/><AGARI ba="2,1" hai="17,19,21,25,31,80,87,91,95,96,100" m="34295" machi="80" ten="30,1500,0" yaku="8,1" doraHai="68" who="2" fromWho="2" sc="26,-7,490,-7,295,31,179,-7" /><INIT seed="2,3,0,5,3,43" ten="19,483,326,172" oya="2" hai0="99,72,116,62,67,7,109,94,32,10,114,21,117" hai1="86,123,126,101,34,97,56,134,1,98,36,90,107" hai2="78,23,38,127,65,102,24,2,103,0,84,121,6" hai3="13,69,59,52,108,60,27,125,89,80,75,42,9"/><V26/><F38/><W4/><G108/><T37/><D109/><U115/><E115/><V74/><F74/><W128/><G125/><T85/><D114/><U119/><E126/><V35/><F127/><W104/><G128/><T31/><D72/><U83/><E119/><V113/><F113/><W88/><G104/><T81/><D37/><U57/><E134/><V133/><F133/><W58/><G69/><T30/><D32/><U50/><E123/><V29/><F65/><W100/><G100/><T110/><D110/><U54/><E36/><V47/><F121/><W71/><G42/><T44/><D116/><U120/><E120/><V95/><F6/><W51/><G71/><T46/><D117/><U55/><E34/><V76/><F2/><W122/><G122/><T70/><D30/><U41/><E1/><V12/><F0/><W77/><G27/><T63/><D63/><U73/><E73/><V105/><F12/><W135/><G135/><T14/><D21/><U61/><E41/><V129/><F105/><W11/><G11/><T15/><D15/><U92/><E97/><N who="2" m="59711" /><F103/><W64/><AGARI ba="3,0" hai="4,9,13,51,52,58,59,60,64,75,77,80,88,89" machi="64" ten="20,5200,0" yaku="0,1,7,1,54,2" doraHai="43" who="3" fromWho="3" sc="19,-16,483,-16,326,-29,172,61" /><INIT seed="3,0,0,3,4,114" ten="3,467,297,233" oya="3" hai0="98,89,21,40,45,129,71,73,86,19,100,48,60" hai1="116,31,59,51,108,85,61,78,0,124,122,134,13" hai2="17,69,68,104,16,103,81,42,52,77,76,20,117" hai3="107,110,56,112,57,115,96,49,132,109,8,33,62"/><W90/><G33/><T125/><D125/><U111/><E13/><V26/><F117/><W30/><G30/><T80/><D129/><U106/><E51/><V47/><F76/><W46/><G8/><T28/><D73/><U3/><E59/><V53/><F103/><W55/><G90/><T127/><D127/><U65/><E85/><V32/><F104/><W99/><G107/><T83/><D83/><U91/><E91/><V2/><F2/><W34/><G34/><T4/><D4/><U105/><E61/><V7/><F7/><W54/><G96/><T75/><D75/><U84/><E84/><N who="2" m="48175" /><F69/><W25/><G99/><T12/><D71/><U93/><E31/><N who="2" m="17863" /><F68/><W135/><G25/><T63/><D28/><U35/><E93/><V72/><F72/><W23/><G23/><T9/><D21/><U64/><E65/><V95/><F32/><W43/><G112/><T11/><D11/><U44/><E78/><V74/><F74/><W39/><REACH who="3" step="1"/><G115/><REACH who="3" ten="3,467,297,223" step="2"/><T10/><D10/><U128/><E35/><V97/><F17/><W87/><G87/><T130/><D130/><U70/><E128/><V88/><F16/><W92/><G92/><T18/><D18/><U102/><E105/><V37/><F97/><W101/><G101/><T113/><D113/><U6/><E102/><V36/><F95/><W79/><G79/><T120/><D120/><U119/><E122/><V29/><F88/><W67/><G67/><T82/><D82/><U126/><E64/><V38/><F29/><W94/><G94/><N who="0" m="58455" /><D9/><N who="1" m="2247" /><E106/><V123/><F123/><W66/><G66/><T131/><D131/><RYUUKYOKU ba="0,1" sc="3,10,467,-30,297,10,223,10" hai0="12,19,40,45,48,60,63,80,86,89" hai2="36,37,38,42,47,52,53" hai3="39,43,46,49,54,55,56,57,62,109,110,132,135" /><INIT seed="3,1,1,5,3,127" ten="13,437,307,233" oya="3" hai0="3,80,15,81,36,133,59,32,77,79,122,82,98" hai1="65,125,55,35,101,21,43,102,72,42,130,6,25" hai2="85,63,90,93,107,95,24,57,11,33,58,7,88" hai3="68,28,67,91,52,121,132,60,49,26,19,10,129"/><W20/><G121/><T70/><D122/><U18/><E125/><V66/><F107/><W13/><G132/><T0/><D133/><U22/><E35/><V37/><F37/><W103/><G103/><T50/><D36/><U83/><E65/><V100/><F100/><W5/><G91/><T76/><D70/><U92/><E6/><V96/><F33/><W106/><G106/><T99/><D32/><U109/><E109/><V123/><F123/><W120/><G120/><T9/><D59/><U74/><E55/><V48/><F24/><W84/><G84/><T113/><D113/><U41/><E130/><V69/><REACH who="2" step="1"/><F48/><REACH who="2" ten="13,437,297,233" step="2"/><W39/><G39/><T45/><D50/><U31/><E25/><V4/><F4/><W115/><G115/><T44/><D15/><AGARI ba="1,2" hai="7,11,15,57,58,63,66,69,85,88,90,93,95,96" machi="15" ten="30,8000,1" yaku="1,1,7,1,54,1,53,2" doraHai="127" doraHaiUra="53" who="2" fromWho="0" sc="13,-83,437,0,297,103,233,0" owari="-70,-57.0,437,53.7,400,20.0,233,-16.7" /></mjloggm>