<mjloggm ver="2.3"><GO type="225" lobby="0"/><UN n0="%6D%75%75%6D%75%72%61" n1="%E3%83%B4%E3%82%A3%E3%83%AF%E3%82%B3%E3%82%B0%E3%83%8B" n2="%E6%80%AA%E3%81%97%E3%81%99%E3%81%8E%E3%82%8B%E3%83%81%E3%83%BC" n3="%E9%8A%80%E3%81%B0%E3%81%95%E3%81%BF" dan="16,16,16,17" rate="2195.90,2128.37,2135.44,2214.07" sx="F,M,M,M"/><TAIKYOKU oya="0"/><INIT seed="0,0,0,5,1,76" ten="250,250,250,250" oya="0" hai0="85,74,35,38,120,50,9,135,124,31,48,121,93" hai1="7,98,22,70,11,27,37,66,90,127,64,46,29" hai2="67,116,110,106,26,102,119,59,92,81,40,41,97" hai3="77,60,82,73,8,123,61,125,91,19,58,43,71"/><T52/><D74/><U94/><E127/><V34/><F110/><W114/><G114/><T118/><D38/><U44/><E70/><V83/><F106/><W99/><G125/><T23/><D124/><U14/><REACH who="1" step="1"/><E37/><REACH who="1" ten="250,240,250,250" step="2"/><V100/><F100/><W131/><G71/><T72/><D120/><U13/><E13/><V10/><F116/><W1/><G123/><T133/><D121/><U28/><E28/><V49/><F119/><W95/><G1/><T134/><D118/><U16/><E16/><V117/><F117/><W68/><G19/><T5/><D133/><U112/><E112/><V103/><F103/><W0/><G68/><T15/><D134/><U126/><E126/><V69/><F69/><W109/><G0/><T122/><D135/><U62/><E62/><N who="2" m="38367" /><F34/><W63/><G60/><T30/><D122/><U21/><E21/><V108/><F108/><W45/><G61/><T55/><D35/><U88/><E88/><V107/><F107/><W75/><G63/><T104/><D104/><U78/><E78/><V129/><F129/><W39/><G109/><T65/><D23/><U96/><E96/><V32/><F32/><W56/><G131/><T53/><D30/><U87/><E87/><V4/><F26/><W113/><G113/><T2/><D31/><U86/><E86/><V24/><F24/><W47/><G73/><T111/><D72/><U128/><E128/><V17/><F17/><W79/><G75/><T25/><D111/><U33/><E33/><V57/><F10/><W80/><G8/><N who="0" m="2103" /><D25/><U36/><E36/><V20/><F20/><W105/><G105/><RYUUKYOKU ba="0,1" sc="250,-10,240,30,250,-10,250,-10" hai1="7,11,14,22,27,29,44,46,64,66,90,94,98" /><INIT seed="1,1,1,4,5,43" ten="240,270,240,240" oya="1" hai0="26,10,74,115,105,37,104,19,96,27,14,66,9" hai1="62,63,102,33,13,71,135,124,3,18,91,114,130" hai2="117,29,80,113,111,98,15,23,35,90,39,78,76" hai3="16,107,132,38,101,73,42,121,12,28,50,87,70"/><U93/><E3/><V64/><F117/><W77/><G121/><T7/><D115/><U81/><E33/><V134/><F113/><W52/><G70/><T40/><D74/><U97/><E114/><V82/><F111/><W86/><G132/><T2/><D66/><U116/><E116/><V21/><F134/><W49/><G38/><T11/><D11/><U99/><E135/><V60/><F39/><W48/><G73/><T51/><D37/><U59/><E71/><V41/><F41/><W56/><G107/><T36/><D36/><U120/><E130/><V122/><F122/><W100/><G28/><T133/><D133/><U84/><E124/><V109/><F109/><W45/><G50/><T58/><D104/><U46/><E46/><V128/><F128/><W20/><G77/><N who="2" m="29801" /><F35/><W127/><G127/><T75/><D75/><U4/><E4/><V126/><F126/><W110/><G110/><T61/><D61/><U106/><E59/><N who="2" m="36895" /><F15/><W44/><G56/><T34/><D34/><U22/><REACH who="1" step="1"/><E120/><REACH who="1" ten="240,260,240,240" step="2"/><V32/><F32/><W83/><G83/><N who="2" m="31785" /><F29/><W24/><G12/><T53/><REACH who="0" step="1"/><D40/><REACH who="0" ten="230,260,240,240" step="2"/><U88/><AGARI ba="1,3" hai="13,18,22,62,63,81,84,88,91,93,97,99,102,106" machi="88" ten="20,7800,0" yaku="1,1,0,1,7,1,54,1,53,0" doraHai="43" doraHaiUra="119" who="1" fromWho="1" sc="230,-27,260,111,240,-27,240,-27" /><INIT seed="1,2,0,5,2,73" ten="203,371,213,213" oya="1" hai0="5,2,25,24,100,9,22,67,53,83,37,93,107" hai1="58,98,82,90,3,12,64,116,43,129,88,59,46" hai2="51,92,77,87,28,78,81,18,62,127,123,29,120" hai3="111,128,106,113,55,50,52,105,36,70,110,133,14"/><U8/><E129/><V11/><F127/><W57/><G113/><T102/><D107/><U49/><E3/><V131/><F131/><W126/><G128/><T10/><D37/><U47/><E116/><V1/><F1/><W119/><G70/><T74/><D67/><U97/><E46/><V68/><F68/><W16/><G36/><T34/><D9/><U4/><E64/><V33/><F33/><W13/><G126/><T96/><D100/><U27/><E27/><V109/><F109/><N who="3" m="41483" /><G133/><T135/><D135/><U63/><E63/><V108/><F108/><W84/><G119/><T85/><D74/><U69/><E69/><V130/><F130/><W41/><G41/><T21/><D53/><U75/><E75/><V104/><F104/><W117/><G117/><T112/><D112/><U114/><E114/><V121/><F62/><N who="3" m="36135" /><G84/><T31/><REACH who="0" step="1"/><D25/><REACH who="0" ten="193,371,213,213" step="2"/><U35/><E43/><V56/><F120/><W101/><G101/><T66/><D66/><U94/><E8/><V134/><F134/><W32/><G13/><T54/><D54/><U99/><E12/><N who="2" m="7455" /><F121/><W122/><G122/><T71/><D71/><U86/><E4/><V91/><F123/><W124/><G124/><T79/><AGARI ba="2,1" hai="2,5,10,21,22,24,31,34,79,83,85,93,96,102" machi="79" ten="20,12000,2" yaku="1,1,0,1,7,1,52,1,53,2" doraHai="73" doraHaiUra="17" who="0" fromWho="0" sc="193,136,371,-62,213,-32,213,-32" /><INIT seed="2,0,0,2,0,43" ten="329,309,181,181" oya="2" hai0="84,97,80,27,73,67,85,17,55,114,105,109,32" hai1="71,92,83,108,113,41,110,78,16,120,64,129,125" hai2="31,37,81,33,134,36,45,123,61,6,131,95,50" hai3="29,124,82,79,8,0,48,42,23,22,106,9,52"/><V89/><F123/><W66/><G106/><T77/><D114/><U103/><E113/><V107/><F107/><W101/><G124/><T51/><D109/><N who="1" m="42091" /><E125/><V130/><F134/><W126/><G126/><T94/><D105/><U100/><E129/><N who="2" m="49163" /><F6/><W65/><G101/><T60/><D17/><U74/><E120/><V19/><F81/><W34/><G34/><T38/><D38/><U5/><E5/><V10/><F61/><W18/><G42/><T91/><D27/><U86/><E41/><N who="2" m="24879" /><F31/><W135/><G135/><T127/><D32/><U54/><E64/><N who="3" m="24682" /><G0/><T72/><D127/><U122/><E71/><V46/><F33/><W104/><G104/><T63/><D72/><U39/><E74/><V68/><F68/><W111/><G111/><T96/><D73/><U115/><E122/><V2/><F46/><N who="3" m="27671" /><G29/><T133/><D133/><U57/><E115/><V88/><F2/><W70/><G70/><T30/><D30/><U59/><E83/><V11/><F89/><W99/><G99/><N who="0" m="37963" /><D67/><U20/><E78/><V47/><F19/><W28/><G28/><T14/><D63/><U119/><E16/><V121/><F121/><W49/><G18/><T69/><D60/><U90/><E59/><V102/><F102/><W58/><G58/><N who="0" m="33151" /><D69/><U132/><E132/><V24/><F24/><W118/><G118/><T35/><D35/><U7/><E103/><V62/><F62/><W112/><G112/><T76/><D76/><U1/><E100/><V93/><F37/><W53/><G79/><T26/><D26/><U98/><E39/><V21/><F36/><W12/><G82/><RYUUKYOKU ba="0,0" sc="329,30,309,-10,181,-10,181,-10" hai0="14,77,80,84,85,91,94" /><INIT seed="3,1,0,3,1,16" ten="359,299,171,171" oya="3" hai0="50,43,90,106,26,127,82,92,54,48,17,55,12" hai1="115,11,8,134,67,112,87,86,101,81,57,103,117" hai2="123,18,63,91,70,102,124,5,37,56,89,80,32" hai3="84,3,71,119,59,77,21,109,105,7,116,133,108"/><W64/><G71/><T100/><D127/><U94/><E134/><V76/><F70/><W38/><G38/><T45/><D106/><U2/><E117/><V27/><F37/><W30/><G105/><T19/><D100/><U97/><E103/><V1/><F123/><W83/><G133/><T75/><D75/><U126/><E126/><V22/><F124/><W58/><G7/><T10/><D82/><U35/><E35/><V4/><F32/><W104/><G3/><T135/><D135/><U9/><E2/><V13/><F1/><W69/><G69/><T130/><D130/><U24/><E24/><V88/><F102/><W73/><G104/><T99/><D50/><U122/><E122/><V23/><F76/><W66/><G73/><T79/><D79/><U128/><E128/><V98/><F98/><W111/><G59/><T61/><D61/><U34/><E34/><V78/><F78/><W74/><G74/><T0/><D0/><U121/><E121/><V36/><F36/><W125/><G125/><T51/><D51/><U120/><E120/><V49/><F49/><W39/><G39/><T14/><D26/><U114/><E81/><V53/><F80/><W15/><G58/><T65/><D65/><N who="3" m="25193" /><G30/><AGARI ba="1,0" hai="4,5,13,18,22,23,27,30,53,56,63,88,89,91" machi="30" ten="40,8000,1" yaku="8,1,52,2,54,1" doraHai="16" who="2" fromWho="3" sc="359,0,299,0,171,83,171,-83" owari="359,45.9,299,9.9,254,-14.6,88,-41.2" /></mjloggm>