<mjloggm ver="2.3"><GO type="225" lobby="0"/><UN n0="%E5%AF%82%E5%AF%9E%E3%82%AE%E3%83%8D%E3%82%B9%E3%83%93%E3%83%BC%E3%83%AB" n1="%E3%81%82%E3%82%93%E3%81%AA%E3%81%A4" n2="%43%68%65" n3="%73%69%72%6F%75%74" dan="16,16,16,16" rate="2161.64,2144.92,2155.82,2114.51" sx="M,M,M,M"/><TAIKYOKU oya="0"/><INIT seed="0,0,0,0,4,115" ten="250,250,250,250" oya="0" hai0="21,33,11,44,125,53,122,57,54,66,17,84,96" hai1="110,118,60,101,36,24,70,48,128,59,62,86,38" hai2="104,7,23,116,32,13,47,20,77,112,19,49,114" hai3="0,65,14,71,88,56,42,135,83,132,69,100,6"/><T43/><D122/><U1/><E1/><V10/><F104/><W130/><G100/><T94/><D125/><U39/><E101/><V85/><F32/><W108/><G0/><T107/><D33/><U129/><E86/><V18/><F116/><W50/><G108/><T105/><D84/><U109/><E24/><V46/><F46/><N who="3" m="25943" /><G130/><N who="1" m="50282" /><E118/><V41/><F23/><W91/><G56/><T68/><D11/><U80/><E80/><N who="2" m="47247" /><F20/><W121/><G83/><T15/><D68/><U8/><E8/><V98/><F98/><W31/><G31/><T87/><D87/><U40/><E70/><V78/><F78/><W97/><G121/><T52/><D66/><N who="1" m="39199" /><E62/><V117/><F117/><W64/><G71/><T120/><D120/><U58/><E58/><V93/><F93/><N who="3" m="56487" /><G91/><T28/><D28/><U113/><E113/><AGARI ba="0,0" hai="7,10,13,18,19,41,47,49,112,113,114" m="47247" machi="113" ten="30,1000,0" yaku="25,1" doraHai="115" who="2" fromWho="1" sc="250,0,250,-10,250,10,250,0" /><INIT seed="1,0,0,1,2,20" ten="250,240,260,250" oya="1" hai0="17,53,72,134,1,44,36,46,89,35,129,122,77" hai1="112,59,121,113,23,21,80,94,74,18,39,58,63" hai2="135,131,132,57,105,109,55,120,93,2,81,85,82" hai3="107,0,5,50,65,117,34,15,25,125,110,24,19"/><U31/><E121/><V111/><F2/><W27/><G107/><T61/><D122/><U106/><E39/><V60/><F105/><W69/><G69/><T90/><D35/><U128/><E106/><V7/><F7/><W12/><G65/><T41/><D129/><U68/><E128/><V26/><F131/><W75/><G75/><T102/><D102/><U30/><E68/><V14/><F120/><W124/><G110/><N who="2" m="41993" /><F14/><N who="3" m="5163" /><G50/><T28/><D28/><U16/><E94/><V104/><F104/><W133/><G133/><N who="2" m="51273" /><F26/><W47/><G47/><T38/><D1/><U10/><E74/><V79/><F82/><W51/><G51/><T130/><D130/><U71/><E71/><V54/><F93/><W101/><G101/><T76/><D134/><U4/><E80/><V92/><F92/><W96/><G96/><T40/><D38/><U33/><E4/><V66/><AGARI ba="0,0" hai="54,55,57,60,66,79,81,85" m="51273,41993" machi="66" ten="30,2000,0" yaku="14,1,20,1" doraHai="20" who="2" fromWho="2" sc="250,-5,240,-10,260,20,250,-5" /><INIT seed="2,0,0,3,0,104" ten="245,230,280,245" oya="2" hai0="15,84,74,91,126,128,45,0,94,9,32,26,103" hai1="115,132,28,73,18,120,43,108,44,81,60,98,116" hai2="111,46,134,34,77,37,123,35,5,82,67,105,85" hai3="83,29,48,3,6,88,21,51,16,117,100,55,53"/><V17/><F123/><W101/><G117/><T66/><D126/><U36/><E115/><V49/><F37/><W110/><G110/><T56/><D128/><U33/><E116/><V10/><F111/><W41/><G29/><T114/><D114/><U7/><E108/><V112/><F112/><W79/><G6/><T38/><D0/><U131/><E18/><V87/><F105/><W125/><G3/><T106/><D74/><U69/><E7/><V99/><F17/><W72/><G41/><T122/><D26/><N who="1" m="18583" /><E98/><V20/><F20/><W96/><G125/><T64/><D32/><U130/><E132/><V75/><F99/><W52/><G88/><T62/><D122/><U93/><E93/><V22/><F22/><W80/><G80/><T30/><D30/><U76/><E120/><V121/><F67/><AGARI ba="0,0" hai="36,43,44,60,67,69,73,76,81,130,131" m="18583" machi="67" ten="30,2000,0" yaku="23,1,52,1" doraHai="104" who="1" fromWho="2" sc="245,0,230,20,280,-20,245,0" /><INIT seed="3,0,0,0,1,106" ten="245,250,260,245" oya="3" hai0="103,51,64,2,120,71,58,105,33,67,53,85,95" hai1="46,96,90,102,97,133,110,38,40,10,124,80,72" hai2="63,118,78,99,70,27,9,108,15,52,36,43,23" hai3="21,76,29,57,22,62,93,31,91,104,14,55,98"/><W73/><G104/><T1/><D120/><U16/><E110/><V18/><F118/><W25/><G14/><T17/><D33/><U128/><E128/><V129/><F108/><W30/><REACH who="3" step="1"/><G25/><REACH who="3" ten="245,250,260,235" step="2"/><T50/><D105/><U83/><E133/><V37/><F27/><W5/><G5/><T13/><D2/><U131/><E131/><V7/><F7/><W77/><G77/><T132/><D1/><U59/><E124/><V65/><F78/><W86/><G86/><T54/><D132/><U19/><E96/><V126/><F126/><W87/><G87/><T130/><D130/><U39/><E97/><V41/><F129/><W12/><G12/><T60/><D85/><U113/><E113/><V109/><F99/><W24/><G24/><T61/><D103/><U69/><E102/><V47/><F109/><W88/><G88/><T11/><REACH who="0" step="1"/><D95/><REACH who="0" ten="235,250,260,235" step="2"/><U92/><E92/><V66/><F15/><W135/><G135/><T49/><AGARI ba="0,2" hai="11,13,17,49,50,51,53,54,58,60,61,64,67,71" machi="49" ten="30,7900,0" yaku="1,1,2,1,0,1,53,1" doraHai="106" doraHaiUra="4" who="0" fromWho="0" sc="235,99,250,-20,260,-20,235,-39" owari="334,43.4,230,-17.0,240,4.0,196,-30.4" /></mjloggm>