<mjloggm ver="2.3"><GO type="225" lobby="0"/><UN n0="%E6%A1%9C%E8%8A%B1%E9%96%83%E3%80%85" n1="%E3%81%AA%E3%82%81%E3%81%93%E9%9B%80%E5%A3%AB" n2="%E6%81%A5%E6%99%92%E3%81%97" n3="%3E%5F%30%40%E6%9D%8F%E6%9D%8F%E8%BB%8D%E5%9C%98" dan="16,16,16,16" rate="2211.17,2035.45,2109.02,2124.11" sx="M,M,M,F"/><TAIKYOKU oya="0"/><INIT seed="0,0,0,4,2,49" ten="250,250,250,250" oya="0" hai0="128,77,99,8,32,76,3,60,20,113,70,94,115" hai1="96,112,54,79,22,27,125,93,18,107,122,119,5" hai2="67,56,23,35,68,37,9,134,102,43,75,80,63" hai3="61,46,108,19,132,81,101,17,105,86,0,42,29"/><T55/><D32/><U78/><E119/><V92/><F35/><W131/><G108/><T51/><D128/><U47/><E122/><V98/><F134/><W58/><G132/><T117/><D117/><U33/><E107/><V41/><F9/><W40/><G0/><T133/><D133/><U126/><E112/><V127/><F127/><N who="1" m="48649" /><E5/><V71/><F23/><W69/><G69/><T62/><D113/><U135/><E33/><V130/><F130/><W1/><G1/><T82/><D115/><U36/><E135/><V59/><F59/><W15/><G29/><T83/><D20/><U11/><E11/><V124/><F124/><W30/><G30/><T12/><D3/><U72/><E72/><V116/><F116/><W16/><G105/><T91/><D77/><U110/><E110/><V74/><F37/><W6/><G101/><T120/><D120/><U10/><E10/><V38/><F80/><N who="0" m="30762" /><D76/><U4/><E4/><V95/><F95/><W53/><G131/><T88/><D91/><N who="1" m="55359" /><E36/><V106/><F106/><W39/><G42/><T57/><D70/><U104/><E104/><V103/><F103/><W64/><G6/><AGARI ba="0,0" hai="6,8,12,51,55,57,60,62,88,94,99" m="30762" machi="6" ten="30,5800,0" yaku="8,1,52,1,54,1" doraHai="49" who="0" fromWho="3" sc="250,58,250,0,250,0,250,-58" /><INIT seed="0,1,0,0,1,118" ten="308,250,250,192" oya="0" hai0="133,29,120,53,51,32,54,14,116,56,99,125,42" hai1="50,62,45,11,34,1,13,113,74,75,5,112,104" hai2="35,91,102,81,80,48,22,135,122,128,3,8,93" hai3="46,4,15,96,84,7,55,31,60,41,129,36,114"/><T109/><D116/><U111/><E104/><V69/><F35/><W58/><G114/><N who="1" m="44138" /><E34/><V83/><F69/><W108/><G108/><T67/><D125/><U119/><E119/><V27/><F128/><W37/><G129/><T25/><D133/><U57/><E111/><V6/><F135/><W73/><G73/><T88/><D109/><U23/><E23/><V40/><F102/><W107/><G37/><T2/><D2/><U59/><E1/><V87/><F122/><W12/><G31/><T19/><D67/><N who="1" m="39375" /><E59/><V66/><F66/><W43/><G43/><AGARI ba="1,0" hai="5,11,13,43,45,50,74,75" m="39375,44138" machi="43" ten="30,1000,0" yaku="11,1" doraHai="118" who="1" fromWho="3" sc="308,0,250,13,250,0,192,-13" /><INIT seed="1,0,0,1,3,32" ten="308,263,250,179" oya="1" hai0="103,22,6,71,43,113,34,11,114,78,48,23,115" hai1="79,83,14,101,15,75,29,31,61,10,7,5,105" hai2="37,104,92,77,76,9,51,117,0,40,94,91,12" hai3="128,41,121,44,73,68,62,106,35,21,124,30,28"/><U89/><E105/><V59/><F117/><W96/><G121/><T132/><D71/><U66/><E101/><V24/><F104/><W65/><G28/><T70/><D70/><U133/><E133/><V122/><F122/><W19/><G124/><T125/><D103/><U134/><E134/><V58/><F94/><W1/><G128/><T39/><D132/><U81/><E89/><V63/><F37/><N who="3" m="21551" /><G21/><T110/><D125/><U3/><E83/><V86/><F0/><W20/><G20/><T116/><D110/><U45/><E45/><N who="2" m="26023" /><F24/><N who="3" m="18887" /><G19/><T2/><D116/><U56/><E3/><V47/><F47/><W111/><G111/><T69/><D48/><U98/><E98/><V50/><F50/><W123/><G123/><T38/><D34/><U26/><E26/><V109/><F109/><W67/><G67/><T4/><D69/><U82/><E81/><V54/><F59/><W108/><G108/><T36/><D43/><U64/><E66/><V25/><F25/><W27/><G27/><T52/><D78/><U130/><E130/><V95/><F92/><W126/><G126/><T100/><D100/><U42/><E42/><V55/><F55/><W60/><G60/><T93/><D93/><U17/><E15/><V13/><F13/><W99/><G1/><N who="0" m="399" /><D52/><U119/><E119/><V80/><F95/><W120/><G120/><T18/><D18/><AGARI ba="0,0" hai="9,12,18,54,58,63,76,77,80,86,91" m="26023" machi="18" ten="30,1000,0" yaku="8,1" doraHai="32" who="2" fromWho="0" sc="308,-10,263,0,250,10,179,0" /><INIT seed="2,0,0,4,5,56" ten="298,263,260,179" oya="2" hai0="83,88,39,8,123,45,4,91,104,116,64,71,130" hai1="76,96,95,10,113,111,18,108,36,109,33,34,117" hai2="37,60,49,65,93,51,15,27,32,74,16,97,25" hai3="68,12,131,78,3,22,5,90,40,124,38,44,115"/><V80/><F37/><W84/><G124/><T133/><D123/><U29/><E113/><V52/><F74/><W47/><G115/><T100/><D130/><U118/><E36/><V135/><F135/><W120/><G131/><T119/><D133/><U87/><E87/><V30/><F27/><W14/><G120/><T99/><D64/><U28/><E76/><V1/><F80/><W26/><G78/><T94/><D71/><U63/><E63/><V89/><F1/><W9/><G47/><T58/><D58/><U129/><E95/><V66/><F60/><W11/><G68/><T121/><D83/><U105/><E96/><V102/><F102/><W21/><G26/><T48/><D39/><U57/><E57/><V81/><F81/><W73/><G73/><T92/><D104/><U67/><E67/><V101/><F101/><W127/><G127/><T62/><D62/><U20/><E10/><V85/><F97/><W50/><G38/><T114/><D114/><U72/><E105/><V43/><F43/><W42/><G40/><N who="0" m="24615" /><D94/><U128/><E72/><V70/><F70/><W82/><REACH who="3" step="1"/><G3/><REACH who="3" ten="298,263,260,169" step="2"/><N who="0" m="31" /><D121/><U19/><E111/><V61/><F51/><W35/><G35/><T24/><D24/><U103/><E103/><V134/><F134/><W31/><G31/><T125/><D125/><U107/><E107/><V6/><F49/><W98/><G98/><T2/><D2/><U77/><E77/><V59/><F6/><AGARI ba="0,1" hai="5,6,9,11,12,14,21,22,42,44,50,82,84,90" machi="6" ten="30,7700,0" yaku="1,1,7,1,9,1,8,1,53,0" doraHai="56" doraHaiUra="23" who="3" fromWho="2" sc="298,0,263,0,260,-77,169,87" /><INIT seed="3,0,0,0,1,108" ten="298,263,183,256" oya="3" hai0="129,93,16,117,102,39,26,113,37,14,59,45,87" hai1="65,111,115,17,107,25,86,97,2,91,58,71,80" hai2="54,120,10,19,24,30,72,13,1,70,109,69,34" hai3="88,31,76,12,126,77,134,133,100,98,132,28,22"/><W61/><G126/><T121/><D117/><U99/><E111/><V9/><F72/><W119/><G119/><T42/><D121/><U135/><E2/><V78/><F78/><N who="3" m="30315" /><G61/><T112/><D129/><U92/><E71/><V123/><F54/><W96/><G12/><T32/><D39/><U63/><E135/><N who="3" m="34562" /><W46/><DORA hai="4" /><G46/><T106/><D106/><U62/><E62/><V81/><F109/><W0/><G0/><T75/><D59/><U7/><E107/><V56/><F81/><W53/><G53/><T124/><D124/><U68/><E115/><V49/><F49/><W103/><G88/><N who="0" m="53407" /><D75/><U40/><E68/><V114/><F56/><W52/><G52/><T105/><D14/><U131/><E131/><V57/><F57/><W104/><G22/><N who="0" m="13639" /><D32/><U6/><E40/><V55/><F114/><N who="0" m="44138" /><D102/><N who="3" m="38953" /><G104/><T23/><D105/><U50/><E50/><V41/><F41/><W125/><G125/><T95/><D23/><U35/><E35/><V122/><F55/><W84/><G84/><T101/><D101/><N who="1" m="60583" /><E99/><AGARI ba="0,0" hai="28,31,96,98,99" m="38953,34562,30315" machi="99" ten="50,9600,0" yaku="28,2,20,1" doraHai="108,4" who="3" fromWho="1" sc="298,0,263,-96,183,0,256,96" owari="298,9.8,167,-33.3,183,-21.7,352,45.2" /></mjloggm>