<mjloggm ver="2.3"><GO type="225" lobby="0"/><UN n0="%4D%50%43%32%38%30%30" n1="%E6%A1%9C%E8%8A%B1%E9%96%83%E3%80%85" n2="%E6%80%AA%E3%81%97%E3%81%99%E3%81%8E%E3%82%8B%E3%83%81%E3%83%BC" n3="%E8%B5%A4%E5%9D%82%E3%83%86%E3%83%B3%E3%83%91%E3%82%A4" dan="16,18,16,16" rate="2165.60,2212.62,2167.25,2169.02" sx="M,M,M,M"/><TAIKYOKU oya="0"/><INIT seed="0,0,0,4,4,48" ten="250,250,250,250" oya="0" hai0="6,19,86,97,92,43,99,68,120,131,132,125,135" hai1="98,67,130,133,90,39,104,16,72,80,40,21,61" hai2="58,100,33,13,89,32,95,14,116,65,82,119,42" hai3="103,41,127,70,3,81,84,5,93,2,107,0,94"/><T9/><D68/><U64/><E130/><V38/><F100/><W44/><G70/><T115/><D115/><U55/><E133/><N who="0" m="51273" /><D120/><U36/><E104/><V69/><F82/><W7/><G107/><T15/><D131/><U59/><E72/><V23/><F69/><W83/><G127/><T74/><D74/><U12/><E40/><V71/><F71/><W62/><G62/><T134/><D125/><U20/><E20/><V105/><F105/><W22/><G22/><N who="0" m="11647" /><D43/><U29/><E29/><V129/><F129/><W118/><G118/><T106/><D106/><U57/><E67/><V27/><F42/><W52/><G41/><T1/><D134/><U122/><E122/><V79/><F38/><W30/><G3/><T26/><D26/><U108/><E108/><V54/><F27/><W35/><G2/><T123/><D123/><U18/><E18/><V28/><F116/><W96/><G0/><T51/><D51/><U8/><E8/><V60/><F119/><W111/><G111/><T73/><D73/><U17/><E17/><V88/><F28/><W47/><G30/><T77/><D77/><U101/><E101/><V113/><F79/><W10/><G35/><T78/><D78/><U126/><E126/><V46/><F33/><W11/><G7/><T63/><D63/><N who="1" m="36287" /><E80/><N who="3" m="30794" /><G5/><T124/><D124/><U31/><E31/><V4/><F32/><W112/><G112/><T25/><D25/><U110/><E110/><V102/><F113/><W128/><G128/><T49/><D49/><U45/><E36/><V75/><F4/><W37/><G37/><T66/><D66/><RYUUKYOKU ba="0,0" sc="250,30,250,-10,250,-10,250,-10" hai0="1,6,9,86,92,97,99" /><INIT seed="0,1,0,1,3,43" ten="280,240,240,240" oya="0" hai0="11,3,58,5,66,45,20,87,10,122,70,31,116" hai1="75,27,81,125,85,126,90,29,112,107,94,8,111" hai2="114,101,109,76,38,49,83,59,98,120,69,106,127" hai3="105,71,73,60,13,39,96,135,14,52,61,88,117"/><T104/><D116/><U35/><E111/><V67/><F114/><W23/><G73/><T56/><D122/><U53/><E112/><V6/><F120/><W7/><G117/><T118/><D118/><U9/><E107/><V21/><F38/><W84/><G39/><T78/><D104/><U48/><E75/><V92/><F109/><W24/><G135/><T41/><D11/><U103/><E103/><V119/><F127/><N who="1" m="48649" /><E94/><V34/><F34/><W95/><G105/><T50/><D70/><U19/><E19/><V54/><F119/><W12/><G61/><T0/><D0/><U123/><E123/><V102/><F6/><W63/><G63/><T46/><D66/><U91/><E91/><V57/><F69/><W121/><G121/><T44/><D58/><AGARI ba="1,0" hai="8,9,27,29,35,48,53,58,81,85,90" m="48649" machi="58" ten="30,1000,0" yaku="18,1" doraHai="43" who="1" fromWho="0" sc="280,-13,240,13,240,0,240,0" /><INIT seed="1,0,0,4,2,8" ten="267,253,240,240" oya="1" hai0="70,23,82,114,85,18,36,53,47,75,120,46,106" hai1="2,96,64,33,84,30,116,6,7,87,48,67,100" hai2="51,73,56,130,119,54,125,65,131,22,20,26,12" hai3="72,17,5,93,52,76,81,109,13,80,79,40,132"/><U108/><E116/><V133/><F119/><W19/><G40/><T61/><D114/><U117/><E117/><V134/><F73/><W58/><G109/><T95/><D106/><U90/><E108/><V118/><F118/><W37/><G37/><T128/><D128/><N who="2" m="49194" /><F65/><W43/><G43/><T88/><D36/><U25/><E48/><V1/><F1/><W27/><G132/><N who="2" m="50793" /><F125/><W105/><G105/><T29/><D70/><U66/><E2/><V44/><F12/><W55/><G27/><N who="0" m="16639" /><D75/><U129/><E129/><V113/><F113/><W102/><G5/><T42/><D42/><U98/><E87/><V77/><F77/><W97/><G19/><T71/><D71/><U74/><E74/><V101/><F101/><W34/><G34/><T135/><D120/><U63/><E63/><N who="2" m="36247" /><F26/><W104/><G72/><T31/><D135/><U107/><REACH who="1" step="1"/><E98/><REACH who="1" ten="267,243,240,240" step="2"/><V35/><F35/><W28/><G97/><T122/><D85/><U15/><E15/><V50/><F51/><W3/><G13/><T124/><D61/><U123/><E123/><V9/><F9/><W91/><G3/><T69/><D122/><U32/><E32/><V83/><F83/><AGARI ba="0,1" hai="6,7,25,30,33,64,66,67,83,84,90,96,100,107" machi="83" ten="40,2000,0" yaku="1,1,53,0" doraHai="8" doraHaiUra="59" who="1" fromWho="2" sc="267,0,243,30,240,-20,240,0" /><INIT seed="1,1,0,0,3,4" ten="267,273,220,240" oya="1" hai0="13,11,71,28,58,128,119,70,21,62,35,85,105" hai1="135,26,7,31,6,107,118,46,8,94,131,29,110" hai2="49,100,36,38,2,9,24,53,12,92,39,75,59" hai3="3,0,112,123,40,108,32,44,114,50,73,86,65"/><U27/><E107/><V52/><F75/><W14/><G73/><T69/><D119/><U99/><E118/><V106/><F2/><W124/><G32/><T125/><D105/><U77/><E135/><V129/><F106/><W63/><G123/><T18/><D128/><U97/><E131/><V117/><F129/><W23/><G3/><T130/><D130/><U83/><E110/><V55/><F117/><W16/><G0/><T95/><D125/><U126/><E126/><V102/><F24/><W98/><G124/><T84/><D35/><U60/><E60/><V101/><REACH who="2" step="1"/><F92/><REACH who="2" ten="267,273,210,240" step="2"/><W104/><G108/><T33/><D95/><U56/><E94/><V103/><N who="2" m="25600" /><DORA hai="66" /><V120/><F120/><W82/><G104/><T51/><D85/><U43/><E27/><V41/><F41/><W87/><G86/><T132/><D84/><U68/><E26/><V89/><F89/><W34/><G98/><T111/><D111/><U45/><E43/><V48/><F48/><W54/><G40/><T5/><D51/><U134/><E97/><V80/><F80/><W72/><G72/><T20/><D132/><U42/><E83/><V19/><AGARI ba="1,1" hai="9,12,19,36,38,39,49,52,53,55,59" m="25600" machi="19" ten="50,8000,1" yaku="1,1,0,1,52,1,54,1,53,0" doraHai="4,66" doraHaiUra="61,81" who="2" fromWho="2" sc="267,-21,273,-41,210,93,240,-21" /><INIT seed="2,0,0,0,3,82" ten="246,232,303,219" oya="2" hai0="106,84,83,2,44,94,33,88,3,4,123,117,104" hai1="116,131,63,126,91,54,8,93,23,79,16,77,115" hai2="45,64,118,121,49,28,24,20,87,51,29,109,71" hai3="60,38,14,7,81,17,59,35,19,128,67,113,125"/><V110/><F118/><W62/><G38/><T80/><D123/><U100/><E116/><V95/><F121/><W119/><G119/><T108/><D117/><U57/><E115/><V36/><F29/><W103/><G35/><T129/><D33/><U105/><E131/><V31/><F31/><W26/><G128/><T130/><D108/><N who="2" m="41578" /><F71/><W135/><G113/><T102/><D130/><U68/><E126/><V97/><F64/><W86/><G125/><T30/><D30/><U12/><E68/><V85/><F36/><W5/><G135/><T132/><D129/><U75/><E75/><V112/><F112/><W11/><G103/><T52/><D132/><U98/><REACH who="1" step="1"/><E23/><REACH who="1" ten="246,222,303,219" step="2"/><V92/><F20/><N who="3" m="13583" /><G62/><T21/><D21/><U72/><E72/><V22/><F22/><W1/><G1/><T65/><D3/><U74/><E74/><V90/><F28/><W73/><G73/><T9/><D2/><U134/><E134/><V66/><F24/><W18/><G7/><T89/><D4/><U76/><E76/><AGARI ba="0,1" hai="5,11,14,18,19,59,60,67,76,81,86" m="13583" machi="76" ten="30,2000,0" yaku="8,1,52,1" doraHai="82" who="3" fromWho="1" sc="246,0,222,-20,303,0,219,30" /><INIT seed="3,0,0,5,1,18" ten="246,202,303,249" oya="3" hai0="113,41,126,73,44,83,101,86,97,62,54,28,120" hai1="130,67,94,47,117,25,26,22,76,65,14,78,34" hai2="129,42,82,92,3,71,103,68,118,75,51,106,66" hai3="29,116,125,2,64,16,131,95,93,132,31,24,52"/><W56/><G116/><T11/><D120/><U20/><E117/><V37/><F3/><W135/><G2/><T15/><D73/><U121/><E121/><V77/><F37/><W30/><G64/><N who="1" m="24650" /><E34/><V102/><F129/><W69/><G69/><T8/><D126/><U79/><E130/><V12/><F118/><W39/><G39/><T46/><D11/><U58/><E58/><V61/><F68/><W43/><G43/><T32/><D32/><U85/><E47/><V109/><F106/><W53/><G125/><T40/><D28/><N who="1" m="17447" /><E14/><V124/><F124/><W50/><G53/><T134/><D134/><N who="3" m="51241" /><G131/><T5/><D41/><U119/><E119/><V114/><F42/><W35/><G35/><T105/><D40/><U10/><E10/><V72/><F66/><W91/><G91/><T115/><D62/><U4/><E4/><V57/><F61/><W123/><G123/><T112/><D54/><U96/><E85/><V49/><F71/><W90/><G90/><AGARI ba="0,0" hai="5,8,15,44,46,83,86,90,97,101,105,112,113,115" machi="90" ten="40,1300,0" yaku="11,1" doraHai="18" who="0" fromWho="3" sc="246,13,202,0,303,0,249,-13" owari="259,5.9,202,-29.8,303,40.3,236,-16.4" /></mjloggm>