<mjloggm ver="2.3"><GO type="225" lobby="0"/><UN n0="%E6%A1%9C%E8%8A%B1%E9%96%83%E3%80%85" n1="%E6%B8%A9%E2%98%85%E6%83%85%E2%98%85%E6%8E%AA%E2%98%85%E7%BD%AE" n2="%E4%BA%95%E5%B8%AF" n3="%E2%98%86%41%64%72%69%61%6E" dan="16,17,16,17" rate="2072.95,2224.29,2039.46,2194.18" sx="M,M,M,M"/><TAIKYOKU oya="0"/><INIT seed="0,0,0,4,5,101" ten="250,250,250,250" oya="0" hai0="125,114,46,67,26,1,42,84,75,47,9,63,43" hai1="3,65,105,15,73,94,72,64,134,126,0,36,91" hai2="56,95,121,39,48,38,58,116,52,37,10,78,124" hai3="7,122,77,81,135,107,100,74,89,33,12,62,51"/><T50/><D75/><U44/><E105/><V27/><F121/><W117/><G33/><T23/><D114/><U110/><E110/><V53/><F124/><W71/><G117/><T80/><D125/><U35/><E35/><V17/><F116/><W57/><G135/><T98/><D98/><U54/><E126/><V14/><F78/><W30/><G30/><T68/><D9/><U85/><E134/><V32/><F95/><W5/><G122/><T99/><D99/><U127/><E127/><V104/><F104/><W92/><G51/><T28/><D1/><U115/><E115/><V2/><F2/><W83/><G12/><T24/><D24/><U29/><E29/><V8/><F27/><W41/><G41/><T4/><D4/><U128/><E128/><V76/><F76/><W18/><G71/><T103/><D103/><U86/><E3/><V102/><F102/><W87/><G18/><T69/><D69/><U11/><E0/><V61/><REACH who="2" step="1"/><F32/><REACH who="2" ten="250,250,240,250" step="2"/><W34/><G34/><T79/><REACH who="0" step="1"/><D47/><REACH who="0" ten="240,250,240,250" step="2"/><U131/><E44/><V112/><F112/><W6/><G100/><T21/><D21/><AGARI ba="0,2" hai="8,10,14,17,21,37,38,39,48,52,53,56,58,61" machi="21" ten="40,2600,0" yaku="1,1,54,1,53,0" doraHai="101" doraHaiUra="123" who="2" fromWho="0" sc="240,-26,250,0,240,46,250,0" /><INIT seed="1,0,0,3,1,122" ten="214,250,286,250" oya="1" hai0="43,128,92,107,131,94,44,112,103,111,118,90,28" hai1="106,87,76,15,70,66,97,30,31,54,96,38,21" hai2="99,19,40,62,5,26,105,63,114,121,125,20,71" hai3="49,108,58,12,135,53,93,3,55,75,23,8,124"/><U133/><E133/><V80/><F121/><W69/><G69/><T2/><D2/><U56/><E38/><V47/><F125/><W1/><G75/><T37/><D112/><U14/><E70/><V123/><F123/><W83/><G135/><T100/><D118/><U119/><E66/><V78/><F5/><W67/><G83/><T50/><D107/><U79/><E106/><V102/><F71/><W45/><G67/><T59/><D28/><N who="1" m="10795" /><E119/><V18/><F18/><W27/><G124/><T39/><D94/><U33/><E33/><V13/><F26/><W51/><G93/><T132/><D132/><U64/><E64/><V88/><F114/><W77/><G77/><N who="1" m="29770" /><E87/><V46/><F46/><W35/><G35/><T4/><D4/><U72/><E72/><V0/><F0/><W113/><G113/><T16/><D16/><N who="1" m="10391" /><E15/><V86/><REACH who="2" step="1"/><F78/><REACH who="2" ten="214,250,276,250" step="2"/><W104/><G1/><T126/><D126/><U134/><E134/><V61/><F61/><AGARI ba="0,1" hai="54,56,61,96,97" m="10391,29770,10795" machi="61" ten="30,2900,0" yaku="8,1,54,1" doraHai="122" who="1" fromWho="2" sc="214,0,250,39,276,-29,250,0" /><INIT seed="1,1,0,0,5,52" ten="214,289,247,250" oya="1" hai0="5,4,125,25,99,50,74,19,63,35,28,110,102" hai1="104,84,93,2,111,114,62,95,40,79,112,90,7" hai2="100,57,105,0,118,69,133,108,49,131,38,132,70" hai3="92,61,60,122,44,72,41,18,67,78,31,117,9"/><U126/><E104/><V134/><F0/><W21/><G122/><T91/><D110/><U75/><E126/><V81/><F118/><W30/><G117/><T16/><D125/><U11/><E111/><V43/><F108/><W85/><G9/><T8/><D74/><U129/><E129/><V119/><F119/><W124/><G72/><T106/><D50/><U14/><E40/><V135/><F81/><W103/><G124/><T22/><D91/><U24/><E24/><V1/><F1/><W53/><G53/><T73/><D73/><U123/><E123/><V12/><F12/><W15/><G61/><T6/><D8/><U37/><E37/><V56/><F135/><W98/><G85/><T87/><D87/><U26/><E26/><V39/><F131/><W20/><G20/><T47/><D22/><U77/><E75/><V88/><F88/><W80/><G80/><T97/><D47/><U33/><E33/><V94/><F94/><W130/><G78/><N who="1" m="29706" /><E2/><V36/><F100/><W120/><G120/><T64/><D97/><U115/><E95/><V32/><F105/><W10/><G21/><T34/><D34/><U45/><E45/><N who="2" m="25791" /><F32/><W86/><G86/><T27/><D27/><U54/><E114/><V59/><AGARI ba="1,0" hai="36,38,39,56,57,59,69,70,132,133,134" m="25791" machi="59" ten="50,16000,3" yaku="29,2,20,1,34,2,52,3" doraHai="52" who="2" fromWho="2" sc="214,-41,289,-81,247,163,250,-41" /><INIT seed="2,0,0,4,4,61" ten="173,208,410,209" oya="2" hai0="42,97,33,74,92,13,54,36,48,35,58,5,131" hai1="65,6,21,44,0,56,123,11,122,24,9,69,19" hai2="91,66,119,101,85,99,2,72,53,3,1,34,22" hai3="14,120,98,130,117,30,70,63,75,68,112,55,29"/><V107/><F119/><W124/><G75/><T80/><D131/><U40/><E69/><V25/><F34/><W96/><G120/><N who="1" m="46122" /><E11/><V12/><F72/><W132/><G117/><T8/><D36/><N who="1" m="21511" /><E56/><V62/><F12/><W108/><G70/><T46/><D74/><U4/><E4/><V114/><F53/><W82/><G68/><T18/><D80/><U73/><E73/><V37/><F37/><W52/><G55/><T76/><D76/><U38/><E38/><V118/><F118/><W86/><G82/><T133/><D133/><U116/><E116/><V32/><F32/><W109/><G132/><T7/><D35/><U111/><E111/><V125/><F114/><W20/><G130/><T60/><REACH who="0" step="1"/><D33/><REACH who="0" ten="163,208,410,209" step="2"/><U102/><E102/><AGARI ba="0,1" hai="5,7,8,13,18,42,46,48,54,58,60,92,97,102" machi="102" ten="30,7700,0" yaku="1,1,2,1,7,1,8,1,53,0" doraHai="61" doraHaiUra="81" who="0" fromWho="1" sc="163,87,208,-77,410,0,209,0" /><INIT seed="3,0,0,3,3,35" ten="250,131,410,209" oya="3" hai0="63,14,112,24,113,22,120,37,103,93,26,126,15" hai1="25,81,119,69,74,110,75,72,11,49,102,65,116" hai2="87,41,76,0,60,43,36,40,42,18,73,47,10" hai3="92,39,129,5,31,133,54,107,33,109,29,121,91"/><W13/><G107/><T32/><D120/><U28/><E110/><V88/><F60/><W99/><G39/><T135/><D135/><U3/><E49/><V114/><F114/><W9/><G33/><T101/><D37/><U46/><E46/><V122/><F122/><W4/><G121/><T6/><D126/><U50/><E50/><V106/><F106/><W84/><G133/><T2/><D2/><U58/><E58/><V64/><F64/><W104/><G129/><T85/><D63/><U132/><E132/><V86/><F18/><W96/><G109/><T21/><D93/><U125/><E125/><V100/><F100/><W68/><G68/><T44/><D85/><U128/><E128/><V111/><F88/><W17/><G54/><T56/><D32/><U62/><E81/><N who="2" m="45199" /><F111/><W59/><G104/><T95/><D95/><U98/><E98/><N who="3" m="37418" /><G59/><T71/><D44/><U51/><E51/><V79/><F79/><W1/><G1/><T48/><D48/><U27/><E27/><V82/><F82/><W53/><G53/><T124/><D56/><U66/><E66/><V94/><F94/><W55/><G55/><T115/><D124/><U67/><E67/><V83/><F83/><W70/><G70/><T45/><D45/><U7/><REACH who="1" step="1"/><E102/><REACH who="1" ten="250,121,410,209" step="2"/><N who="0" m="38921" /><D71/><U61/><E61/><V130/><F130/><W108/><G108/><T105/><D105/><U89/><E89/><V12/><F12/><N who="0" m="4650" /><D24/><U34/><AGARI ba="0,1" hai="3,7,11,25,28,34,62,65,69,72,74,75,116,119" machi="34" ten="40,8000,1" yaku="1,1,0,1,23,2,52,1,53,0" doraHai="35" doraHaiUra="77" who="1" fromWho="1" sc="250,-20,121,90,410,-20,209,-40" owari="230,3.0,211,-18.9,390,49.0,169,-33.1" /></mjloggm>