<mjloggm ver="2.3"><GO type="225" lobby="0"/><UN n0="%E6%AB%BB%E4%BA%95%E5%A5%8F" n1="%45%6C%79%73%69%75%6D" n2="%E3%81%A9%E3%82%93%E3%82%88%E3%81%8F%4D%6B%2E%32" n3="%72%61%6B%33" dan="17,17,16,17" rate="2192.44,2107.74,2160.26,2166.04" sx="M,F,M,M"/><TAIKYOKU oya="0"/><INIT seed="0,0,0,2,4,73" ten="250,250,250,250" oya="0" hai0="64,6,54,40,125,68,12,84,26,76,53,123,13" hai1="104,25,62,23,30,28,89,18,66,72,124,22,49" hai2="133,44,1,31,82,134,39,87,32,36,113,116,117" hai3="60,34,2,47,99,95,118,88,98,131,91,105,129"/><T107/><D107/><U4/><E104/><V135/><F1/><W71/><G2/><T3/><D123/><U14/><E124/><V102/><F113/><W126/><G34/><T94/><D125/><U61/><E72/><V69/><F69/><W121/><G126/><T127/><D127/><U114/><E114/><V83/><F102/><N who="3" m="62679" /><G47/><T70/><D3/><U111/><E111/><V86/><F31/><W100/><G71/><T77/><D68/><U115/><E115/><V41/><F32/><W42/><G42/><T108/><D108/><U52/><E4/><V92/><F92/><N who="3" m="58471" /><G60/><T20/><D64/><U46/><E66/><V63/><F63/><W85/><G118/><N who="2" m="45673" /><F39/><W55/><G55/><N who="0" m="21003" /><D40/><U79/><E30/><V48/><F48/><W57/><G57/><T120/><D70/><U90/><REACH who="1" step="1"/><E79/><REACH who="1" ten="250,240,250,250" step="2"/><N who="0" m="30281" /><D6/><U97/><E97/><V5/><F5/><W58/><G121/><T51/><D120/><U16/><E16/><V128/><F128/><W65/><G65/><T43/><D43/><U11/><E11/><V45/><F45/><W24/><G58/><T17/><D51/><U110/><E110/><V8/><F8/><W130/><G130/><T106/><D106/><U67/><E67/><V29/><F29/><W78/><G131/><T101/><D101/><U132/><E132/><V109/><F109/><W19/><G129/><T93/><D84/><AGARI ba="0,1" hai="36,41,44,82,83,84,86,87,133,134,135" m="45673" machi="84" ten="40,2600,0" yaku="20,1,12,1" doraHai="73" who="2" fromWho="0" sc="250,-26,240,0,250,36,250,0" /><INIT seed="1,0,0,4,3,39" ten="224,240,286,250" oya="1" hai0="103,133,95,50,43,64,61,6,17,120,62,105,130" hai1="40,90,32,53,31,129,110,83,74,69,37,99,34" hai2="112,15,101,25,122,106,126,46,14,68,33,4,54" hai3="87,7,26,16,73,3,22,67,75,92,109,60,5"/><U80/><E129/><V20/><F122/><W131/><G109/><T0/><D120/><U27/><E110/><V38/><F68/><W66/><G131/><T65/><D105/><U1/><E1/><V86/><F33/><W76/><G67/><N who="0" m="25675" /><D0/><U71/><E34/><V42/><F112/><W104/><G104/><T119/><D6/><U58/><E80/><V82/><F126/><W35/><G35/><T59/><D130/><U107/><E90/><V88/><F4/><W93/><G5/><T12/><D133/><U135/><E135/><V79/><F79/><W36/><G36/><T52/><D119/><U128/><E128/><V56/><F101/><W97/><G76/><T70/><D70/><U8/><E8/><V48/><REACH who="2" step="1"/><F106/><REACH who="2" ten="224,240,276,250" step="2"/><W91/><G7/><T114/><D114/><U132/><E132/><V51/><F51/><W115/><G115/><T18/><D103/><U123/><E123/><V47/><F47/><W84/><G3/><T57/><D61/><U96/><E107/><V21/><F21/><W72/><REACH who="3" step="1"/><G93/><REACH who="3" ten="224,240,276,240" step="2"/><T108/><D95/><U81/><E69/><AGARI ba="0,2" hai="16,22,26,60,66,69,72,73,75,84,87,91,92,97" machi="69" ten="40,5200,0" yaku="1,1,2,1,54,1,53,0" doraHai="39" doraHaiUra="116" who="3" fromWho="1" sc="224,0,240,-52,276,0,240,72" /><INIT seed="2,0,0,3,0,36" ten="224,188,276,312" oya="2" hai0="61,71,62,124,131,111,135,85,29,70,55,26,83" hai1="51,24,79,44,126,106,104,96,114,97,130,20,65" hai2="2,9,115,0,81,82,7,69,109,12,13,41,17" hai3="93,102,47,122,25,1,11,32,68,52,35,133,86"/><V72/><F69/><W53/><G68/><T84/><D111/><U15/><E114/><V16/><F115/><W18/><G122/><T123/><D123/><U92/><E130/><V58/><F109/><W19/><G102/><T112/><D131/><U50/><E126/><V108/><F108/><W43/><G93/><T88/><D112/><U77/><E65/><V14/><F58/><W64/><G64/><T117/><D117/><U57/><E15/><V37/><F0/><W132/><G86/><T99/><D135/><N who="3" m="51785" /><G1/><T48/><D70/><U31/><E104/><V98/><F98/><W105/><G105/><T42/><D71/><U10/><E10/><V67/><F67/><W95/><G95/><T120/><D120/><U63/><E106/><V127/><F127/><W66/><G66/><T21/><D124/><U4/><E97/><V46/><F82/><W119/><G11/><T5/><D84/><U22/><E96/><V118/><F118/><W54/><G119/><T91/><D99/><U107/><E107/><V39/><F39/><N who="3" m="22015" /><G25/><T75/><D75/><U56/><E92/><V116/><F116/><W134/><G134/><T125/><D125/><U121/><E24/><V89/><F89/><W128/><G128/><T40/><D91/><U28/><E121/><V94/><F94/><W100/><G100/><T45/><D5/><U78/><E4/><V110/><F110/><W8/><G8/><T6/><D6/><U59/><E63/><AGARI ba="0,0" hai="21,26,29,40,42,45,48,55,61,62,63,83,85,88" machi="63" ten="40,8000,1" yaku="8,1,52,2,54,1" doraHai="36" who="0" fromWho="1" sc="224,80,188,-80,276,0,312,0" /><INIT seed="3,0,0,5,5,40" ten="304,108,276,312" oya="3" hai0="70,91,102,89,118,131,133,81,8,23,105,65,15" hai1="123,36,50,35,73,53,109,99,112,5,47,29,84" hai2="130,2,69,75,52,62,85,58,103,43,82,92,71" hai3="66,1,94,132,128,107,126,100,127,25,60,86,63"/><W10/><G128/><T21/><D118/><U33/><E112/><V79/><F130/><W124/><G132/><T39/><D39/><U115/><E115/><V12/><F2/><W30/><G107/><T57/><D70/><U119/><E123/><V55/><F43/><W59/><G60/><N who="0" m="38031" /><D105/><U76/><E109/><V26/><F12/><W97/><G86/><N who="0" m="50383" /><D102/><U78/><E119/><V13/><F13/><W54/><G54/><T113/><D131/><U95/><E73/><V101/><F75/><W96/><G96/><T20/><D133/><U106/><E106/><V117/><F117/><W64/><G64/><T0/><D0/><U34/><E36/><V28/><F55/><W122/><G122/><T7/><D113/><U14/><E29/><V49/><F62/><W45/><G45/><T6/><D91/><U135/><E135/><V56/><F56/><W104/><G104/><T44/><D44/><U111/><E111/><V61/><F61/><W51/><G51/><T4/><AGARI ba="0,0" hai="4,6,7,8,15,20,21,23" m="50383,38031" machi="4" ten="30,1100,0" yaku="8,1" doraHai="40" who="0" fromWho="0" sc="304,11,108,-3,276,-3,312,-5" owari="315,41.5,105,-39.5,273,-12.7,307,10.7" /></mjloggm>