<mjloggm ver="2.3"><GO type="225" lobby="0"/><UN n0="%6D%75%75%6D%75%72%61" n1="%72%69%6F%75%63%68%61%6E" n2="%47%32%E9%BE%8D%E9%96%80" n3="%E9%80%86%E9%80%A3%E5%B8%AF%E3%81%AE%E9%AC%BC" dan="16,16,16,16" rate="2118.09,2179.76,2130.10,2138.45" sx="F,M,M,M"/><TAIKYOKU oya="0"/><INIT seed="0,0,0,3,5,17" ten="250,250,250,250" oya="0" hai0="63,40,68,34,128,104,55,116,85,100,19,59,13" hai1="76,114,42,98,89,129,31,130,57,46,51,107,97" hai2="45,109,10,82,74,125,12,37,84,6,67,131,96" hai3="36,35,18,41,93,80,26,123,88,132,117,16,71"/><T83/><D116/><U95/><E114/><V118/><F109/><W56/><G117/><T69/><D128/><N who="1" m="49259" /><E76/><V72/><F118/><W27/><G71/><T62/><D34/><U124/><E124/><V25/><F125/><W52/><G132/><T20/><D40/><U3/><E3/><V101/><F67/><W64/><G123/><T102/><D104/><U61/><E31/><V87/><F131/><W66/><G80/><T2/><D2/><U9/><E9/><V15/><F15/><W103/><G103/><T8/><D8/><U53/><E107/><V43/><F25/><W111/><G111/><T135/><D135/><U29/><E29/><V78/><REACH who="2" step="1"/><F72/><REACH who="2" ten="250,250,240,250" step="2"/><W65/><G27/><T115/><D115/><U81/><E81/><V47/><F47/><W119/><G119/><T77/><REACH who="0" step="1"/><D69/><REACH who="0" ten="240,250,240,250" step="2"/><U38/><E38/><V30/><F30/><W127/><G127/><T112/><D112/><U58/><E58/><V32/><F32/><W106/><G35/><T108/><D108/><U126/><E126/><V24/><F24/><W49/><G26/><T73/><D73/><U60/><E57/><V122/><F122/><W50/><G36/><T22/><D22/><U105/><E46/><V86/><F86/><N who="3" m="52375" /><G106/><AGARI ba="0,2" hai="6,10,12,37,43,45,74,78,82,84,87,96,101,106" machi="106" ten="30,2000,0" yaku="1,1,7,1,53,0" doraHai="17" doraHaiUra="28" who="2" fromWho="3" sc="240,0,250,0,240,40,250,-20" /><INIT seed="1,0,0,3,5,85" ten="240,250,280,230" oya="1" hai0="102,106,11,24,14,83,39,115,42,118,134,10,36" hai1="28,38,119,114,59,135,111,12,133,126,65,113,125" hai2="94,109,79,101,116,97,110,90,70,5,55,75,84" hai3="52,45,8,18,43,128,132,4,77,64,86,107,53"/><U93/><E28/><V34/><F34/><W124/><G124/><N who="1" m="47722" /><E119/><V131/><F70/><W129/><G132/><N who="1" m="50762" /><E38/><V15/><F116/><W20/><G107/><T27/><D106/><U9/><E111/><V91/><F110/><W17/><G64/><T112/><D118/><U2/><E2/><V44/><F109/><W80/><G129/><T54/><D112/><N who="1" m="43115" /><E59/><V31/><F31/><W23/><G128/><T69/><D36/><U122/><E65/><V120/><F131/><W100/><G100/><T82/><D102/><U66/><E66/><V48/><F101/><W26/><G23/><T25/><D39/><U103/><E103/><V123/><F123/><W68/><G18/><T105/><D115/><U76/><E76/><V56/><F120/><W87/><G68/><T96/><D69/><U72/><E72/><V127/><F75/><W99/><G99/><T50/><D96/><U98/><E122/><V0/><F0/><W108/><G87/><T47/><D134/><U7/><E98/><V51/><F79/><W37/><REACH who="3" step="1"/><G108/><REACH who="3" ten="240,250,280,220" step="2"/><T73/><D73/><U95/><AGARI ba="0,1" hai="7,9,12,93,95" m="43115,50762,47722" machi="95" ten="40,3900,0" yaku="18,1,20,1" doraHai="85" who="1" fromWho="1" sc="240,-13,250,49,280,-13,220,-13" /><INIT seed="1,1,0,4,3,74" ten="227,299,267,207" oya="1" hai0="21,43,93,44,90,13,32,132,81,85,57,129,29" hai1="119,6,3,98,11,9,56,42,82,34,80,111,115" hai2="127,116,36,70,68,16,91,4,0,35,8,19,105" hai3="54,135,27,124,123,22,45,10,66,131,60,51,75"/><U134/><E115/><V125/><F116/><W58/><G123/><T50/><D129/><U40/><E119/><V103/><F36/><W69/><G131/><T117/><D117/><U87/><E134/><V61/><F35/><W86/><G135/><T104/><D132/><U20/><E34/><V37/><F37/><W39/><G124/><N who="2" m="47689" /><F91/><W25/><G75/><T14/><D32/><U55/><E111/><V112/><F112/><W52/><G10/><T107/><D57/><U110/><E110/><V120/><F120/><W73/><G73/><T77/><D13/><U64/><E64/><N who="2" m="40975" /><F70/><W31/><G86/><T79/><D79/><U72/><E11/><V97/><AGARI ba="1,0" hai="0,4,8,16,19,97,103,105" m="40975,47689" machi="97" ten="30,2000,0" yaku="18,1,54,1" doraHai="74" who="2" fromWho="2" sc="227,-6,299,-11,267,23,207,-6" /><INIT seed="2,0,0,0,2,3" ten="221,288,290,201" oya="2" hai0="88,9,113,85,81,8,5,7,122,103,49,45,126" hai1="20,96,6,62,47,98,92,38,76,97,127,115,90" hai2="65,22,56,86,70,42,21,78,37,93,27,116,105" hai3="119,80,1,135,34,99,104,61,106,60,111,107,132"/><V44/><F105/><W43/><G119/><T33/><D113/><U72/><E115/><V2/><F116/><W28/><G111/><T128/><D33/><U13/><E127/><V59/><F2/><W24/><G43/><T100/><D122/><U109/><E109/><V74/><F74/><W130/><G130/><T133/><D133/><N who="3" m="51273" /><G99/><T14/><D128/><U87/><E62/><N who="3" m="24170" /><G1/><T0/><D126/><U15/><E20/><V26/><F70/><W10/><G10/><T101/><D101/><U48/><E38/><V82/><F65/><W25/><G25/><T121/><D121/><U73/><E76/><V32/><F32/><W102/><G102/><T84/><D85/><U131/><E131/><V51/><F37/><W46/><G46/><T23/><D23/><N who="2" m="8714" /><F93/><W129/><G129/><T67/><D67/><U31/><E31/><V108/><F108/><W40/><G40/><AGARI ba="0,0" hai="0,5,7,8,9,14,40,45,49,81,84,88,100,103" machi="40" ten="30,7700,0" yaku="7,1,52,2,54,1" doraHai="3" who="0" fromWho="3" sc="221,77,288,0,290,0,201,-77" /><INIT seed="3,0,0,3,4,127" ten="298,288,290,124" oya="3" hai0="58,50,129,31,1,2,93,67,105,40,47,135,72" hai1="91,49,77,102,126,85,64,22,96,80,117,21,70" hai2="131,68,33,84,69,25,52,118,74,130,86,48,71" hai3="66,89,39,122,109,101,43,78,14,51,119,82,55"/><W56/><G119/><T75/><D105/><U44/><E126/><V38/><F38/><W18/><G109/><T99/><D31/><U132/><E132/><V107/><F74/><W57/><G122/><T4/><D135/><U104/><E117/><V54/><F107/><W103/><G89/><T8/><D129/><N who="2" m="49162" /><F118/><W125/><G125/><T79/><D1/><U110/><E110/><V36/><F36/><W60/><G43/><T20/><D20/><U113/><E113/><V35/><F54/><W6/><G6/><T7/><D79/><U61/><REACH who="1" step="1"/><E77/><REACH who="1" ten="298,278,290,124" step="2"/><V29/><F35/><W63/><G39/><T112/><D112/><U34/><E34/><V45/><AGARI ba="0,1" hai="25,29,33,45,48,52,68,69,71,84,86" m="49162" machi="45" ten="40,8000,1" yaku="19,1,52,3,54,1" doraHai="127" who="2" fromWho="2" sc="298,-20,278,-20,290,90,124,-40" owari="278,7.8,258,-14.2,380,48.0,84,-41.6" /></mjloggm>