<mjloggm ver="2.3"><GO type="225" lobby="0"/><UN n0="%E3%81%AF%E3%82%88%E3%81%8A%E3%81%98%E3%81%95%E3%82%93" n1="%E3%81%95%E3%81%8D%E3%81%9F%E3%81%BE%E6%9E%97%E6%AA%8E" n2="%E5%B8%86%E7%AB%8B%E5%A4%8F%E8%A1%A3" n3="%E3%83%81%E3%83%83%E3%82%BF%E3%82%BD%E3%83%BC" dan="17,16,16,17" rate="2148.00,2079.34,2191.30,2196.88" sx="M,M,M,F"/><TAIKYOKU oya="0"/><INIT seed="0,0,0,1,3,5" ten="250,250,250,250" oya="0" hai0="15,42,66,122,133,99,58,91,114,86,120,117,112" hai1="10,40,60,19,49,27,75,28,22,104,33,129,18" hai2="111,8,41,12,47,26,90,105,44,39,101,17,52" hai3="135,0,11,134,109,16,6,88,29,76,34,123,59"/><T64/><D99/><U103/><E75/><V89/><F111/><W30/><G76/><T31/><D31/><U113/><E129/><V83/><F105/><W124/><G109/><T116/><D15/><U65/><E113/><N who="0" m="43625" /><D91/><U131/><E131/><V46/><F101/><W51/><G123/><N who="0" m="47147" /><D86/><U121/><E121/><V20/><F90/><W38/><G38/><T126/><D126/><U55/><E40/><V4/><REACH who="2" step="1"/><F52/><REACH who="2" ten="250,250,240,250" step="2"/><N who="3" m="32159" /><G124/><T102/><D102/><U9/><E103/><V1/><F1/><W13/><G34/><T84/><D42/><U93/><E104/><V69/><F69/><W77/><G77/><T43/><D43/><U95/><E33/><V80/><F80/><W94/><G0/><T48/><D64/><U3/><E3/><V130/><F130/><W14/><G134/><T132/><D84/><AGARI ba="0,1" hai="4,8,12,17,20,26,39,41,44,46,47,83,84,89" machi="84" ten="40,5200,0" yaku="1,1,52,1,53,1" doraHai="5" doraHaiUra="71" who="2" fromWho="0" sc="250,-52,250,0,240,62,250,0" /><INIT seed="1,0,0,5,2,99" ten="198,250,302,250" oya="1" hai0="16,133,70,54,126,45,121,52,36,8,51,78,14" hai1="77,44,50,38,59,31,116,18,12,117,113,10,95" hai2="100,65,55,86,135,46,84,68,105,76,111,15,80" hai3="17,19,71,6,22,91,4,25,85,69,103,120,32"/><U43/><E113/><V124/><F68/><W1/><G32/><T49/><D70/><U94/><E31/><V90/><F65/><W75/><G75/><T13/><D126/><U20/><E77/><V118/><F118/><W11/><G120/><T127/><D127/><U79/><E79/><V132/><F15/><W30/><G4/><T107/><D121/><U110/><E110/><V21/><F21/><W42/><G42/><T130/><D130/><U131/><E131/><V60/><F60/><W128/><G128/><T48/><D133/><N who="2" m="51274" /><F55/><W98/><G69/><T101/><D78/><U35/><E35/><V104/><F46/><W82/><REACH who="3" step="1"/><G71/><REACH who="3" ten="198,250,302,240" step="2"/><T89/><D36/><U29/><E117/><V93/><F124/><W97/><G97/><T96/><D89/><U63/><E116/><V56/><F111/><W62/><G62/><T92/><D107/><AGARI ba="0,1" hai="1,6,11,17,19,22,25,30,82,85,91,98,103,107" machi="107" ten="30,3900,0" yaku="1,1,7,1,52,1,53,0" doraHai="99" doraHaiUra="61" who="3" fromWho="0" sc="198,-39,250,0,302,0,240,49" /><INIT seed="2,0,0,3,0,120" ten="159,250,302,289" oya="2" hai0="98,114,121,53,60,46,107,16,57,118,63,14,21" hai1="119,36,129,7,132,24,93,102,51,49,22,34,64" hai2="131,72,66,110,65,125,97,133,126,25,59,15,5" hai3="8,81,38,41,116,130,56,100,40,33,11,83,85"/><V45/><F72/><W103/><G33/><T109/><D121/><U31/><E119/><V105/><F25/><W1/><G56/><T124/><D114/><U84/><E36/><V74/><F74/><W30/><G30/><T3/><D3/><U111/><E132/><V52/><F45/><W95/><G95/><T10/><D118/><U62/><E129/><V78/><F78/><W79/><G130/><T82/><D124/><N who="2" m="47722" /><F133/><W29/><G29/><T32/><D32/><U6/><E34/><V71/><F71/><W87/><G116/><T42/><D82/><U19/><E19/><V101/><F131/><W48/><G38/><T47/><D63/><U94/><E6/><V115/><F115/><W127/><G127/><T43/><D109/><U9/><E111/><V54/><F54/><W117/><G117/><T75/><D75/><U35/><E35/><V122/><F122/><W20/><G1/><T69/><D69/><U58/><E94/><V2/><F2/><W128/><G128/><T67/><D107/><U26/><E26/><V27/><F27/><W90/><G20/><T92/><D21/><U44/><E44/><N who="0" m="16937" /><D53/><U104/><E104/><V37/><F37/><W61/><G61/><T50/><D50/><U68/><E68/><V80/><F110/><W55/><G55/><T113/><D113/><U86/><E51/><N who="2" m="31135" /><F80/><W77/><G48/><T112/><D112/><U96/><E49/><V18/><F66/><W108/><G108/><T23/><D23/><U17/><E17/><V135/><F65/><W89/><AGARI ba="0,0" hai="8,11,40,41,77,79,81,83,85,87,89,90,100,103" machi="89" ten="25,6400,0" yaku="0,1,22,2,8,1" doraHai="120" who="3" fromWho="3" sc="159,-16,250,-16,302,-32,289,64" /><INIT seed="3,0,0,1,2,71" ten="143,234,270,353" oya="3" hai0="77,57,88,31,96,33,104,74,103,58,116,16,4" hai1="134,90,24,126,17,123,108,98,40,83,85,84,38" hai2="64,112,15,60,18,93,37,55,9,111,52,135,68" hai3="122,101,120,63,61,132,62,48,46,13,26,127,56"/><W65/><G101/><T44/><D116/><U14/><E123/><N who="3" m="47146" /><G13/><T39/><D4/><U129/><E126/><V97/><F135/><W131/><G26/><T12/><D77/><U2/><E134/><V8/><F111/><W107/><G107/><T106/><D74/><U5/><E108/><V51/><F112/><W89/><G89/><T45/><D104/><U20/><E129/><V124/><F124/><W82/><G82/><T47/><D39/><U50/><E38/><V133/><F37/><W76/><G76/><T59/><D33/><U128/><E128/><V22/><F55/><N who="3" m="30103" /><G132/><T28/><D103/><U91/><E2/><V66/><F66/><W6/><G6/><T23/><REACH who="0" step="1"/><D106/><REACH who="0" ten="133,234,270,353" step="2"/><U72/><E72/><V117/><F117/><W69/><G127/><T32/><D32/><U95/><E5/><V27/><F133/><W102/><G102/><T105/><D105/><U67/><E98/><V25/><F97/><W110/><G110/><T100/><D100/><U29/><E85/><V119/><F119/><W79/><G79/><T30/><D30/><U115/><E84/><V75/><F75/><W73/><G73/><T114/><D114/><U113/><E29/><V54/><F18/><W42/><G131/><T53/><D53/><U121/><E113/><V19/><F54/><W80/><G42/><T92/><AGARI ba="0,1" hai="12,16,23,28,31,44,45,47,57,58,59,88,92,96" machi="92" ten="40,8000,1" yaku="1,1,0,1,8,1,54,2,53,0" doraHai="71" doraHaiUra="36" who="0" fromWho="0" sc="133,90,234,-20,270,-20,353,-40" owari="223,-17.7,214,-28.6,250,5.0,313,41.3" /></mjloggm>