<mjloggm ver="2.3"><GO type="225" lobby="0"/><UN n0="%E3%81%BE%E3%81%A8%E3%81%9F" n1="%E5%B8%86%E7%AB%8B%E5%A4%8F%E8%A1%A3" n2="%E3%81%82%E3%81%84%E3%81%82%E3%81%8A%E3%81%84" n3="%E3%81%AA%E3%81%8C%E3%81%95%E3%82%8F%E3%81%BE%E3%81%95%E3%81%BF" dan="16,16,18,16" rate="2160.58,2100.92,2198.44,2107.03" sx="M,M,M,F"/><TAIKYOKU oya="0"/><INIT seed="0,0,0,5,5,59" ten="250,250,250,250" oya="0" hai0="99,34,49,19,134,130,22,79,93,132,37,62,13" hai1="74,78,125,77,52,6,80,128,48,95,101,98,8" hai2="29,54,118,113,135,1,56,51,33,71,129,38,55" hai3="4,88,127,92,131,46,40,36,53,12,76,104,3"/><T14/><D37/><U108/><E108/><V84/><F29/><W122/><G104/><T124/><D34/><U68/><E125/><V115/><F84/><W5/><G131/><T97/><D130/><U87/><E128/><V126/><F55/><W94/><G127/><T45/><D124/><U133/><E68/><V32/><F54/><W81/><G122/><T69/><D79/><U86/><E133/><N who="0" m="51305" /><D93/><U31/><E31/><V50/><F56/><W67/><G3/><T43/><D14/><U91/><E74/><V85/><F51/><W0/><G94/><T23/><D23/><U28/><E28/><V41/><F50/><W112/><G112/><T26/><D13/><N who="1" m="5271" /><E87/><V75/><F85/><W63/><G53/><T58/><D69/><U66/><E66/><AGARI ba="0,0" hai="19,22,26,43,45,49,58,62,66,97,99" m="51305" machi="66" ten="30,2900,0" yaku="20,1,52,1" doraHai="59" who="0" fromWho="1" sc="250,29,250,-29,250,0,250,0" /><INIT seed="0,1,0,0,4,135" ten="279,221,250,250" oya="0" hai0="100,67,68,8,115,90,66,72,26,81,39,128,0" hai1="32,106,22,118,122,97,4,74,11,37,33,130,73" hai2="134,129,113,10,101,87,5,75,80,35,23,31,55" hai3="20,2,51,59,36,108,84,98,40,83,121,47,61"/><T64/><D115/><U52/><E122/><V9/><F113/><W131/><G2/><T76/><D39/><U93/><E118/><V44/><F35/><W105/><G108/><T133/><D128/><U38/><E130/><V19/><F75/><N who="1" m="28681" /><E22/><V123/><F123/><W78/><G131/><T70/><D100/><N who="1" m="62735" /><E93/><V60/><F31/><W63/><G121/><T109/><D26/><U56/><E52/><V116/><F129/><W127/><G36/><N who="1" m="13930" /><E56/><V110/><F101/><W79/><G79/><T71/><D109/><U107/><E107/><V49/><F110/><W7/><G105/><T6/><D90/><U42/><E42/><V16/><F116/><W18/><G98/><T111/><D111/><U86/><E86/><V29/><F19/><W53/><G7/><T45/><D45/><U77/><E77/><V65/><F16/><W50/><REACH who="3" step="1"/><G127/><REACH who="3" ten="279,221,250,240" step="2"/><T102/><D102/><U85/><E85/><V91/><F5/><W27/><AGARI ba="1,1" hai="18,20,27,40,47,50,51,53,59,61,63,78,83,84" machi="27" ten="20,8000,1" yaku="1,1,2,1,0,1,7,1,8,1,53,0" doraHai="135" doraHaiUra="96" who="3" fromWho="3" sc="279,-41,221,-21,250,-21,240,93" /><INIT seed="1,0,0,4,5,133" ten="238,200,229,333" oya="1" hai0="56,31,25,15,69,63,115,11,84,51,99,0,49" hai1="91,126,60,72,71,46,102,67,113,3,97,129,9" hai2="6,28,96,38,8,86,87,53,130,29,118,70,52" hai3="88,1,12,114,132,120,41,121,64,68,94,44,47"/><U110/><E126/><V85/><F118/><W134/><G1/><T81/><D0/><U83/><E129/><V101/><F70/><W39/><G114/><T21/><D69/><U76/><E113/><V33/><F38/><W32/><G32/><T92/><D84/><U24/><E110/><V82/><F82/><W131/><G131/><T98/><D81/><U57/><E24/><V43/><F43/><W55/><G12/><T124/><D124/><U10/><E57/><V66/><F66/><W77/><G77/><T75/><D75/><U50/><E91/><V65/><F65/><W100/><G100/><T58/><D98/><U73/><E73/><V5/><F130/><W78/><G55/><T79/><D79/><U20/><E20/><V35/><F86/><N who="3" m="52503" /><G44/><T108/><D108/><U135/><E135/><N who="3" m="51754" /><G78/><T14/><D14/><U111/><E3/><V2/><F2/><W93/><G93/><T22/><D22/><U48/><E111/><V13/><F13/><W89/><G89/><N who="0" m="55695" /><D56/><U42/><REACH who="1" step="1"/><E50/><REACH who="1" ten="238,190,229,333" step="2"/><V40/><F33/><W36/><G36/><T104/><D115/><U106/><AGARI ba="0,1" hai="9,10,42,46,48,60,67,71,72,76,83,97,102,106" machi="106" ten="20,7800,0" yaku="1,1,2,1,0,1,7,1,53,0" doraHai="133" doraHaiUra="34" who="1" fromWho="1" sc="238,-26,190,88,229,-26,333,-26" /><INIT seed="1,1,0,0,4,128" ten="212,278,203,307" oya="1" hai0="57,70,67,62,11,80,63,130,113,134,114,74,22" hai1="116,13,64,112,37,94,53,89,79,132,77,30,131" hai2="127,51,91,125,52,109,110,35,47,49,14,73,129" hai3="90,85,126,96,59,38,25,23,87,92,86,61,135"/><U41/><E132/><V17/><F35/><W120/><G38/><T20/><D130/><U48/><E112/><V68/><F68/><W6/><G120/><T103/><D20/><U42/><E116/><V24/><F24/><W21/><G126/><N who="2" m="48137" /><F73/><W12/><G135/><T124/><D124/><U55/><E131/><V10/><F129/><W46/><G46/><T99/><D11/><U29/><E64/><V66/><F66/><N who="3" m="39231" /><G25/><T69/><D134/><U133/><E133/><V50/><F91/><W93/><G92/><T33/><D33/><U105/><E105/><V82/><F82/><W31/><G31/><N who="1" m="11786" /><E37/><V121/><F121/><W71/><G71/><T84/><D74/><U54/><E13/><V56/><F47/><W60/><G60/><AGARI ba="1,0" hai="10,14,17,49,50,51,52,56,60,109,110" m="48137" machi="60" ten="30,2000,0" yaku="18,1,54,1" doraHai="128" who="2" fromWho="3" sc="212,0,278,0,203,23,307,-23" /><INIT seed="2,0,0,0,4,54" ten="212,278,226,284" oya="2" hai0="8,45,87,66,35,51,105,11,49,15,65,16,94" hai1="114,12,110,56,64,120,41,113,0,97,43,103,37" hai2="89,99,33,57,76,38,18,32,116,58,25,69,4" hai3="30,74,91,19,60,2,6,88,77,134,70,78,13"/><V118/><F69/><W26/><G134/><T121/><D105/><U129/><E0/><V23/><F38/><W104/><G104/><T86/><D35/><U14/><E110/><V93/><F76/><W17/><G2/><T109/><D109/><U22/><E129/><V108/><F108/><W73/><G70/><T29/><D29/><U24/><E120/><V20/><F4/><W50/><G60/><T95/><D121/><U127/><E127/><V67/><F67/><W123/><G6/><T119/><D119/><U128/><E128/><V5/><F5/><W79/><G123/><T101/><D101/><U61/><E114/><V122/><F122/><W71/><G71/><T85/><D11/><U31/><E113/><V90/><F90/><N who="3" m="34347" /><G74/><T96/><D49/><U46/><E43/><V9/><F9/><N who="3" m="6319" /><G50/><T47/><D47/><U10/><E10/><V83/><F83/><W21/><G73/><T132/><D132/><U59/><REACH who="1" step="1"/><E59/><REACH who="1" ten="212,268,226,284" step="2"/><V62/><F58/><W81/><G81/><T131/><D131/><U44/><E44/><V111/><F111/><W40/><G40/><N who="0" m="24999" /><D95/><AGARI ba="0,1" hai="12,14,22,24,31,37,41,46,56,61,64,95,97,103" machi="95" ten="30,8000,1" yaku="1,1,7,1,25,2,52,1,53,0" doraHai="54" doraHaiUra="7" who="1" fromWho="0" sc="212,-80,268,90,226,0,284,0" /><INIT seed="3,0,0,1,2,59" ten="132,358,226,284" oya="3" hai0="94,57,109,29,34,99,81,35,87,129,108,30,124" hai1="65,9,104,46,25,79,42,121,105,27,113,119,125" hai2="11,111,126,52,49,37,19,48,71,86,55,1,74" hai3="84,45,118,63,40,102,106,120,60,5,68,2,26"/><W88/><G120/><T76/><D129/><U3/><E121/><V135/><F74/><W67/><G118/><T90/><D124/><U51/><E125/><V17/><F37/><W21/><G102/><T56/><D34/><U54/><E113/><V28/><F71/><W53/><G106/><T62/><D56/><U89/><E79/><V107/><F107/><W14/><G2/><T72/><D35/><U101/><E65/><V103/><F103/><W93/><G53/><T61/><D72/><U131/><E54/><V133/><F126/><W70/><G67/><T112/><D112/><U18/><E131/><V44/><F28/><N who="3" m="17487" /><G70/><T24/><D24/><U20/><E27/><V69/><F69/><W123/><G123/><T78/><D78/><U43/><E43/><V110/><F1/><W38/><G38/><T85/><D99/><U73/><E119/><V116/><F86/><W80/><G93/><T16/><D16/><N who="2" m="6218" /><F11/><N who="3" m="4463" /><G68/><T128/><D128/><U134/><E73/><V47/><F116/><W115/><G115/><T22/><D22/><U100/><E104/><V64/><F64/><W92/><G92/><T32/><D32/><U91/><E105/><V10/><F10/><W95/><G95/><T6/><D6/><N who="1" m="1247" /><E101/><V13/><F13/><W127/><G127/><T8/><D8/><U132/><E100/><V31/><F31/><N who="0" m="11786" /><D57/><U58/><E58/><V23/><F23/><W12/><G12/><T98/><D98/><U97/><E97/><V15/><F15/><W130/><G130/><T4/><D4/><U7/><E7/><V83/><F83/><W39/><AGARI ba="0,0" hai="39,40,45,60,63,80,84,88" m="4463,17487" machi="39" ten="30,11700,0" yaku="5,1,52,2,54,1" doraHai="59" who="3" fromWho="3" sc="132,-39,358,-39,226,-39,284,117" owari="93,-40.7,319,11.9,187,-21.3,401,50.1" /></mjloggm>