<mjloggm ver="2.3"><GO type="225" lobby="0"/><UN n0="%E8%90%BD%E6%97%A5" n1="%E3%81%90%E3%81%A1%E3%82%84%E3%81%BE" n2="%E3%82%8C%E3%81%99%E3%81%93" n3="%E5%8D%A0%E3%81%84%E5%B8%AB%E8%A3%8F%E3%81%AA%E3%81%84%E3%81%97" dan="17,16,17,17" rate="2226.36,2116.27,2180.23,2173.62" sx="F,M,F,M"/><TAIKYOKU oya="0"/><INIT seed="0,0,0,2,5,78" ten="250,250,250,250" oya="0" hai0="8,32,124,132,82,22,85,6,20,69,35,44,10" hai1="57,88,66,40,5,89,30,26,23,92,72,43,86" hai2="131,28,42,18,25,113,2,97,50,81,99,122,24" hai3="87,11,128,56,103,91,9,75,51,80,21,49,7"/><T106/><D69/><U62/><E72/><V95/><F122/><W105/><G128/><T123/><D123/><U94/><REACH who="1" step="1"/><E5/><REACH who="1" ten="250,240,250,250" step="2"/><V126/><F131/><W46/><G75/><T59/><D124/><U58/><E58/><V15/><F126/><W3/><G56/><T101/><D132/><U19/><E19/><V120/><F120/><W130/><G130/><T63/><D6/><U12/><E12/><V102/><F15/><W55/><G9/><T70/><D59/><U114/><E114/><V52/><F18/><W110/><G110/><T67/><D44/><U27/><E27/><V125/><F125/><W61/><G61/><T77/><D8/><U68/><E68/><V16/><F113/><W13/><G13/><T100/><D10/><U117/><E117/><V37/><F16/><W48/><REACH who="3" step="1"/><G21/><REACH who="3" ten="250,240,250,240" step="2"/><T17/><D22/><U118/><E118/><V54/><F2/><W34/><G34/><T108/><D108/><U109/><E109/><V76/><F24/><W65/><G65/><T4/><D4/><U74/><E74/><V33/><F33/><W93/><G93/><T107/><D35/><U135/><E135/><V79/><F25/><W45/><G45/><T71/><D32/><U129/><E129/><V14/><F95/><W53/><G53/><T84/><D71/><U1/><E1/><V60/><F54/><W41/><G41/><T47/><D47/><U115/><E115/><V83/><F42/><W31/><G31/><T116/><D116/><U73/><E73/><V134/><F28/><W119/><G119/><T127/><D127/><U0/><E0/><RYUUKYOKU ba="0,2" sc="250,-15,240,15,250,-15,240,15" hai1="23,26,30,40,43,57,62,66,86,88,89,92,94" hai3="3,7,11,46,48,49,51,55,80,87,91,103,105" /><INIT seed="1,1,2,2,3,10" ten="235,255,235,255" oya="1" hai0="44,75,27,82,95,57,92,116,96,66,28,24,15" hai1="81,16,89,134,93,25,65,121,79,101,80,22,87" hai2="46,6,34,40,64,39,55,94,56,33,29,102,122" hai3="90,133,23,47,113,62,120,130,71,50,128,7,60"/><U43/><E121/><V70/><F122/><W53/><G113/><T109/><D116/><U118/><E118/><V13/><F29/><W125/><G120/><T11/><D109/><U77/><E134/><V91/><F102/><W108/><G108/><T129/><D129/><N who="3" m="49769" /><G133/><T73/><D44/><U123/><E123/><V83/><F83/><N who="1" m="31817" /><E101/><V112/><F112/><W9/><G125/><T42/><D42/><U117/><E117/><V78/><F78/><N who="1" m="29705" /><E43/><V37/><F37/><W85/><G23/><T0/><D0/><U1/><E1/><V67/><F67/><AGARI ba="1,2" hai="16,22,25,65,67,87,89,93" m="29705,31817" machi="67" ten="30,2900,0" yaku="8,1,54,1" doraHai="10" who="1" fromWho="2" sc="235,0,255,52,235,-32,255,0" /><INIT seed="1,2,0,5,2,70" ten="235,307,203,255" oya="1" hai0="27,22,13,28,106,86,91,20,55,39,45,113,35" hai1="82,129,12,74,67,44,4,88,25,7,11,84,38" hai2="102,124,48,75,109,121,57,114,15,37,108,118,89" hai3="92,36,97,54,47,133,24,68,72,107,8,46,130"/><U132/><E132/><V128/><F118/><W16/><G133/><T100/><D113/><U90/><E129/><V50/><F121/><W34/><G72/><T43/><D55/><U81/><E67/><V85/><F75/><W127/><G68/><T10/><D100/><U77/><E25/><V123/><F123/><W119/><G130/><T120/><D106/><U134/><E134/><V5/><F128/><W78/><G78/><T1/><D1/><U73/><E4/><V69/><F69/><W21/><G34/><T61/><D61/><U56/><E56/><V125/><F102/><W103/><G127/><N who="2" m="48713" /><F114/><W0/><G119/><T99/><D99/><U29/><E29/><V51/><F57/><W2/><G8/><T126/><D120/><U135/><E135/><V64/><F64/><W112/><G112/><T66/><D66/><U80/><E80/><N who="2" m="49319" /><F5/><W115/><G115/><T49/><D126/><U71/><E71/><V96/><F96/><W53/><G107/><T76/><D76/><U42/><E74/><V101/><F101/><W95/><G95/><T19/><REACH who="0" step="1"/><D49/><REACH who="0" ten="225,307,203,255" step="2"/><N who="2" m="12546" /><V110/><DORA hai="59" /><F15/><W30/><G54/><T93/><AGARI ba="2,1" hai="10,13,19,20,22,27,28,35,39,43,45,86,91,93" machi="93" ten="20,5200,0" yaku="1,1,0,1,7,1,52,1,53,0" doraHai="70,59" doraHaiUra="63,60" who="0" fromWho="0" sc="225,68,307,-28,203,-15,255,-15" /><INIT seed="2,0,0,4,1,86" ten="293,279,188,240" oya="2" hai0="47,100,48,121,62,44,41,40,78,12,108,95,67" hai1="43,79,39,8,120,92,2,104,90,29,109,124,4" hai2="75,30,9,35,52,102,98,72,31,49,118,17,25" hai3="105,93,60,126,112,88,68,63,131,20,61,15,132"/><V5/><F31/><W87/><G105/><T37/><D121/><U77/><E104/><V106/><F17/><N who="3" m="10303" /><G68/><T22/><D108/><U91/><E109/><V56/><REACH who="2" step="1"/><F118/><REACH who="2" ten="293,279,178,240" step="2"/><W71/><G112/><T103/><D22/><U114/><E29/><V54/><F54/><W33/><G33/><T18/><D18/><U135/><E114/><V111/><F111/><W73/><G132/><T94/><D41/><U96/><E43/><V84/><F84/><W115/><G115/><T134/><D40/><U3/><E135/><V89/><F89/><W122/><G122/><T42/><D42/><U70/><E91/><V116/><F116/><W82/><G73/><T117/><D117/><U1/><E120/><V97/><F97/><N who="3" m="57511" /><G131/><T50/><D134/><U130/><E130/><V64/><F64/><W80/><G71/><T119/><D67/><U113/><E113/><V107/><F107/><W58/><G126/><T51/><D119/><U24/><E70/><V13/><AGARI ba="0,1" hai="5,9,13,25,30,35,49,52,56,72,75,98,102,106" machi="13" ten="20,7800,0" yaku="1,1,0,1,7,1,54,1,53,0" doraHai="86" doraHaiUra="14" who="2" fromWho="2" sc="293,-26,279,-26,178,88,240,-26" /><INIT seed="2,1,0,1,3,23" ten="267,253,266,214" oya="2" hai0="3,99,117,8,21,44,120,54,127,53,102,16,131" hai1="56,7,72,108,104,10,123,46,9,48,118,78,25" hai2="95,61,79,38,43,65,13,12,91,110,15,73,30" hai3="0,19,109,122,70,34,92,75,5,45,64,98,87"/><V76/><F73/><W77/><G122/><T22/><D120/><U116/><E118/><V49/><F38/><W50/><G34/><T111/><D111/><U6/><E123/><V40/><F110/><W101/><G109/><T126/><D117/><U29/><E108/><V135/><F135/><W93/><G75/><T37/><D131/><U74/><E104/><V82/><F30/><W2/><G5/><N who="0" m="1087" /><D22/><N who="1" m="15543" /><E74/><V52/><F43/><W32/><G64/><T85/><D85/><U55/><E72/><V24/><F40/><W114/><G70/><T128/><D44/><U4/><E116/><V71/><F24/><W124/><G124/><N who="0" m="47659" /><D37/><U1/><E1/><V100/><F82/><W115/><G32/><T69/><D69/><U84/><E46/><V67/><F67/><W27/><G0/><T41/><D41/><U66/><E66/><V47/><REACH who="2" step="1"/><F100/><REACH who="2" ten="267,253,256,214" step="2"/><W83/><G115/><T42/><D42/><U33/><E33/><V133/><F133/><W36/><G114/><T112/><D112/><U90/><E78/><V18/><F18/><W31/><G36/><T88/><D128/><U132/><E132/><V103/><F103/><W28/><G19/><T59/><D102/><U80/><AGARI ba="1,1" hai="4,6,7,9,10,48,55,56,80,84,90" m="15543" machi="80" ten="30,2000,0" yaku="8,1,52,1" doraHai="23" who="1" fromWho="1" sc="267,-6,253,33,256,-11,214,-6" /><INIT seed="3,0,0,5,3,97" ten="261,286,245,208" oya="3" hai0="42,55,10,112,79,106,39,2,48,130,92,110,61" hai1="47,13,5,31,44,118,60,19,20,16,64,90,4" hai2="70,86,28,132,49,125,53,104,43,108,103,77,52" hai3="113,72,25,115,46,1,98,30,8,62,128,7,38"/><W76/><G128/><T63/><D106/><U27/><E118/><V121/><F70/><W34/><G62/><T119/><D119/><U88/><E19/><V109/><F132/><W14/><G14/><T114/><D130/><U100/><E100/><V57/><F125/><W135/><G135/><T116/><D116/><U54/><E64/><V22/><F43/><N who="3" m="22903" /><G98/><T134/><D134/><U81/><E47/><V45/><F121/><W123/><G123/><T6/><D79/><U24/><E24/><N who="2" m="16407" /><F86/><W0/><G1/><T117/><D117/><U41/><E41/><N who="2" m="24751" /><F77/><W133/><G133/><T40/><D40/><U3/><E3/><V96/><F57/><W99/><G99/><T127/><D42/><U111/><E111/><AGARI ba="0,0" hai="52,53,96,103,104,108,109,111" m="24751,16407" machi="111" ten="30,3900,0" yaku="14,1,52,1,54,1" doraHai="97" who="2" fromWho="1" sc="261,0,286,-39,245,39,208,0" /><INIT seed="4,0,0,2,2,49" ten="261,247,284,208" oya="0" hai0="124,36,105,70,75,79,46,133,57,67,112,40,33" hai1="44,89,55,95,38,29,60,132,83,22,54,13,126" hai2="122,11,7,19,97,82,51,10,0,48,92,94,8" hai3="129,111,90,2,91,50,88,24,100,116,32,66,52"/><T4/><D112/><U64/><E126/><V37/><F37/><W1/><G111/><T109/><D109/><U86/><E132/><V117/><F122/><W56/><G116/><T123/><D123/><U102/><E38/><V53/><F117/><W45/><G100/><T41/><D124/><U59/><E44/><V5/><F82/><W127/><G127/><T93/><D41/><U98/><REACH who="1" step="1"/><E13/><REACH who="1" ten="261,237,284,208" step="2"/><V15/><F15/><W114/><G114/><T71/><D46/><U35/><E35/><V31/><F0/><W121/><G121/><T21/><D33/><U18/><E18/><V130/><F19/><W42/><G129/><T103/><D36/><U119/><E119/><V43/><F130/><W78/><G78/><T81/><D133/><U99/><E99/><V74/><F97/><W6/><G6/><T25/><D4/><U113/><E113/><V27/><F5/><W85/><G85/><T28/><D79/><U131/><E131/><V20/><F7/><W39/><REACH who="3" step="1"/><G66/><REACH who="3" ten="261,237,284,198" step="2"/><T135/><D67/><U77/><E77/><V106/><F74/><W101/><G101/><T134/><D75/><U125/><E125/><V26/><F106/><W65/><G65/><T84/><D105/><U87/><E87/><V118/><F118/><W107/><G107/><T63/><D134/><U30/><E30/><AGARI ba="0,2" hai="1,2,24,30,32,39,42,45,50,52,56,88,90,91" machi="30" ten="40,8000,1" yaku="1,1,52,1,54,2,53,0" doraHai="49" doraHaiUra="61" who="3" fromWho="1" sc="261,0,237,-80,284,0,198,100" /><INIT seed="5,0,0,2,1,110" ten="261,157,284,298" oya="1" hai0="105,48,104,83,49,25,11,39,18,88,127,16,123" hai1="131,130,50,114,26,52,81,71,54,60,13,98,126" hai2="95,116,85,45,132,119,86,29,89,72,44,24,111" hai3="70,112,100,53,63,67,7,90,120,19,51,12,30"/><U108/><E108/><V133/><F72/><W41/><G120/><T99/><D39/><U115/><E126/><V79/><F111/><W1/><G112/><N who="1" m="43050" /><E26/><V78/><F119/><W101/><G30/><T32/><D127/><U125/><E125/><V75/><F75/><W20/><G41/><T82/><D123/><U122/><E122/><V27/><F116/><W68/><G68/><T118/><D118/><U4/><E81/><N who="0" m="30729" /><D105/><U15/><E98/><V57/><F24/><W102/><G90/><T134/><D104/><U64/><E54/><V33/><F27/><W21/><G101/><T22/><D32/><U128/><E4/><V34/><F33/><W69/><G7/><T113/><D134/><U109/><E109/><V96/><F34/><W36/><G53/><T58/><D113/><U92/><E92/><V47/><F133/><W62/><G102/><T80/><D58/><AGARI ba="0,0" hai="13,15,50,52,58,60,64,71,128,130,131" m="43050" machi="58" ten="40,18000,2" yaku="19,1,15,1,52,3,54,1" doraHai="110" who="1" fromWho="0" sc="261,-180,157,180,284,0,298,0" owari="81,-41.9,337,43.7,284,-11.6,298,9.8" /></mjloggm>