<mjloggm ver="2.3"><GO type="225" lobby="0"/><UN n0="%E3%81%95%E3%81%8D%E3%81%9F%E3%81%BE%E6%9E%97%E6%AA%8E" n1="%E3%81%A1%E3%82%85%E3%81%86%E3%81%A9%E3%81%8F%E8%B1%A1%E3%81%95%E3%82%93" n2="%73%61%6E%64%69%72%69%73" n3="%33%74%72%65%65" dan="16,17,16,17" rate="2098.90,2154.28,2130.86,2187.06" sx="M,M,M,F"/><TAIKYOKU oya="0"/><INIT seed="0,0,0,2,2,7" ten="250,250,250,250" oya="0" hai0="69,0,91,9,55,110,37,29,132,42,4,22,126" hai1="57,100,51,11,67,76,96,34,58,66,8,48,50" hai2="85,59,53,17,133,1,120,26,130,84,99,52,89" hai3="122,111,113,63,2,125,95,27,72,16,108,119,97"/><T74/><D132/><U5/><E34/><V81/><F120/><W31/><G113/><T93/><D126/><U73/><E76/><V117/><F1/><W32/><G119/><T38/><D110/><N who="3" m="42025" /><G125/><T103/><D103/><U13/><E73/><V49/><F130/><W35/><G2/><T45/><D69/><U80/><E80/><V18/><F133/><W87/><G72/><T121/><D121/><U24/><E24/><V77/><F117/><W40/><G122/><T106/><D106/><U104/><REACH who="1" step="1"/><E8/><REACH who="1" ten="250,240,250,250" step="2"/><V115/><F26/><W3/><G27/><T36/><D74/><U90/><E90/><V44/><F115/><W41/><G32/><T47/><D47/><U56/><AGARI ba="0,1" hai="5,11,13,48,50,51,56,57,58,66,67,96,100,104" machi="56" ten="30,4000,0" yaku="1,1,0,1,52,1,53,0" doraHai="7" doraHaiUra="118" who="1" fromWho="1" sc="250,-20,240,50,250,-10,250,-10" /><INIT seed="1,0,0,3,2,0" ten="230,290,240,240" oya="1" hai0="101,19,135,109,92,47,128,39,85,108,75,77,100" hai1="118,45,80,17,79,82,44,129,70,127,26,55,7" hai2="98,113,11,72,111,84,115,74,62,114,54,104,28" hai3="123,76,38,41,40,34,86,37,35,119,64,57,94"/><U33/><E118/><V18/><F28/><W20/><G123/><T49/><D39/><U87/><E70/><V2/><F111/><N who="0" m="42570" /><D135/><U63/><E129/><V6/><F84/><W132/><G132/><T51/><D128/><U9/><E127/><V105/><F18/><W69/><G38/><T4/><D75/><N who="2" m="28714" /><F98/><W21/><G37/><T59/><D59/><AGARI ba="0,0" hai="2,6,11,54,59,62,104,105,113,114,115" m="28714" machi="59" ten="40,2600,0" yaku="11,1,52,1" doraHai="0" who="2" fromWho="0" sc="230,-26,290,0,240,26,240,0" /><INIT seed="2,0,0,4,5,22" ten="204,290,266,240" oya="2" hai0="40,49,82,30,131,83,32,5,103,121,115,13,70" hai1="73,35,122,119,76,60,28,100,128,108,21,38,64" hai2="85,110,23,62,45,95,65,117,6,36,120,14,89" hai3="51,75,114,125,61,18,116,127,98,104,57,55,52"/><V86/><F117/><W4/><G116/><T8/><D115/><U79/><E119/><V88/><F120/><W2/><G114/><T25/><D121/><U39/><E21/><V67/><F110/><W93/><G104/><T50/><D70/><N who="1" m="42247" /><E79/><V16/><F6/><W106/><G106/><T84/><D131/><U96/><E122/><V19/><F62/><W26/><G75/><T112/><D112/><U3/><E3/><V135/><F135/><W1/><G4/><T133/><D133/><U42/><E42/><V123/><F123/><W7/><G7/><T43/><D103/><U129/><E108/><V97/><F97/><W59/><G1/><T68/><D68/><U92/><E76/><V72/><F72/><W9/><G2/><T11/><D82/><U41/><E73/><V80/><REACH who="2" step="1"/><F19/><REACH who="2" ten="204,290,256,240" step="2"/><W17/><G17/><T44/><D11/><U91/><E129/><V37/><F37/><W130/><G9/><T15/><D50/><U56/><E128/><V132/><F132/><W12/><G130/><T81/><D49/><U27/><E38/><V102/><F102/><W74/><G74/><T31/><D5/><U107/><E100/><V58/><F58/><W63/><G51/><T46/><D46/><N who="1" m="23871" /><E56/><V118/><F118/><W99/><G18/><T71/><D44/><U109/><E109/><V69/><F69/><W124/><G124/><T134/><D134/><U53/><E107/><V101/><F101/><W47/><G47/><T34/><D71/><U77/><E96/><V113/><F113/><W20/><G125/><T48/><D48/><U90/><E53/><RYUUKYOKU ba="0,1" sc="204,-10,290,-10,256,30,240,-10" hai2="14,16,23,36,45,65,67,80,85,86,88,89,95" /><INIT seed="2,1,1,4,0,99" ten="194,280,286,230" oya="2" hai0="67,6,10,86,53,15,127,42,40,93,54,125,128" hai1="4,64,116,55,39,18,103,122,135,88,81,80,77" hai2="87,104,133,46,60,72,27,48,57,47,61,130,108" hai3="102,11,109,20,126,97,92,124,79,73,65,38,131"/><V31/><F72/><W111/><G38/><T16/><D128/><U63/><E116/><V52/><F104/><W17/><G65/><T45/><D67/><U74/><E39/><V12/><F130/><W112/><G11/><T14/><D93/><U43/><E43/><V85/><F133/><W35/><G35/><T84/><D84/><N who="2" m="32330" /><F108/><N who="3" m="41547" /><G131/><T50/><D86/><U37/><E18/><V58/><F12/><N who="3" m="9255" /><G112/><T90/><D90/><U82/><E64/><N who="2" m="38927" /><F61/><W41/><G41/><T23/><REACH who="0" step="1"/><D42/><REACH who="0" ten="184,280,286,230" step="2"/><U32/><E63/><V28/><F28/><W25/><G73/><T95/><D95/><U9/><E74/><V34/><F34/><W117/><G117/><T7/><D7/><U66/><E4/><V19/><F31/><W119/><G119/><T0/><D0/><U100/><E32/><V62/><F62/><W113/><G113/><T44/><D44/><U26/><E135/><V3/><F3/><W49/><G79/><T33/><D33/><U76/><E77/><V24/><F47/><W129/><G129/><T5/><D5/><U75/><E76/><V1/><F1/><W89/><G89/><T8/><D8/><U106/><E9/><V22/><F46/><W105/><G92/><T115/><D115/><U132/><E132/><V30/><F30/><W36/><G124/><AGARI ba="1,2" hai="6,10,14,15,16,23,40,45,50,53,54,124,125,127" machi="124" ten="40,5200,0" yaku="1,1,18,1,54,1,53,0" doraHai="99" doraHaiUra="96" who="0" fromWho="3" sc="184,75,280,0,286,0,230,-55" /><INIT seed="3,0,0,4,4,29" ten="259,280,286,175" oya="3" hai0="40,15,94,4,97,130,104,113,16,13,74,32,127" hai1="67,50,110,81,69,25,114,84,45,108,117,63,60" hai2="70,49,65,47,122,111,75,120,51,133,55,85,77" hai3="41,135,131,118,106,24,126,26,57,109,73,80,9"/><W132/><G118/><T2/><D130/><U56/><E114/><V95/><F75/><W34/><G131/><T68/><D68/><U92/><E92/><V23/><F111/><N who="1" m="42537" /><E117/><V125/><F125/><W123/><G109/><T31/><D2/><U27/><E60/><V124/><F124/><W61/><G126/><T12/><D127/><U83/><E69/><V53/><F23/><W100/><G123/><N who="2" m="47145" /><F95/><W35/><G41/><T128/><D128/><U62/><E62/><N who="2" m="40247" /><F85/><W121/><G121/><T38/><D4/><U39/><E39/><V21/><F21/><W8/><G106/><T14/><D104/><U72/><E72/><V119/><F77/><N who="3" m="44079" /><G100/><T43/><D74/><U58/><E58/><N who="2" m="33071" /><F119/><W93/><G93/><T7/><D7/><U96/><E96/><V98/><F98/><W91/><G91/><T1/><D1/><U102/><E102/><V36/><F133/><N who="3" m="51275" /><G8/><T46/><D43/><N who="1" m="24895" /><E83/><V107/><F107/><W19/><G9/><T76/><D76/><AGARI ba="0,0" hai="25,27,56,63,67,76,81,84" m="24895,42537" machi="76" ten="30,1000,0" yaku="14,1" doraHai="29" who="1" fromWho="0" sc="259,-10,280,10,286,0,175,0" /><INIT seed="4,0,0,0,0,121" ten="249,290,286,175" oya="0" hai0="126,102,62,90,91,82,22,64,110,28,42,48,55" hai1="83,122,46,58,87,71,52,44,109,88,89,26,115" hai2="45,135,60,98,106,100,57,3,130,76,30,53,51" hai3="129,94,20,35,36,59,104,119,75,19,33,93,116"/><T107/><D126/><U108/><E122/><V10/><F135/><W17/><G104/><T13/><D42/><U1/><E71/><V27/><F130/><W80/><G129/><T29/><D107/><U32/><E1/><V92/><F76/><W125/><G125/><T131/><D131/><U14/><E115/><V128/><F128/><W43/><G59/><T61/><D102/><U9/><E89/><V63/><F106/><W114/><G114/><T133/><D133/><U134/><E134/><V111/><F111/><W12/><G17/><T56/><D61/><U96/><E96/><V123/><F123/><W67/><G67/><T21/><D21/><U77/><E77/><V79/><F79/><W81/><G75/><T5/><D5/><U39/><E32/><V66/><F63/><W132/><G132/><T97/><D110/><N who="1" m="42603" /><E26/><V15/><F3/><W25/><G25/><T113/><D113/><U34/><E34/><V86/><F86/><W101/><G35/><T38/><D38/><U117/><E117/><V49/><F49/><W47/><G33/><T40/><D40/><U112/><E39/><V127/><F127/><W31/><G31/><T74/><D74/><U68/><E68/><V2/><F2/><W0/><G0/><T37/><D37/><U73/><E73/><V4/><F27/><W11/><G20/><T70/><D97/><U72/><E72/><V50/><F50/><W54/><G101/><T18/><D91/><U99/><E99/><V105/><F105/><W78/><G78/><T103/><D90/><U24/><E112/><V124/><F124/><RYUUKYOKU ba="0,0" sc="249,-10,290,-10,286,30,175,-10" hai2="4,10,15,30,45,51,53,57,60,66,92,98,100" owari="239,-16.1,280,8.0,316,41.6,165,-33.5" /></mjloggm>