<mjloggm ver="2.3"><GO type="225" lobby="0"/><UN n0="%E3%81%86%E3%82%8C%E3%81%9F%E3%82%93%E6%9E%95" n1="%E6%A1%9C%E8%8A%B1%E9%96%83%E3%80%85" n2="%6D%75%75%6D%75%72%61" n3="%E3%81%AF%E3%82%88%E3%81%8A%E3%81%98%E3%81%95%E3%82%93" dan="16,17,17,16" rate="2158.13,2191.26,2184.41,2139.56" sx="F,M,F,M"/><TAIKYOKU oya="0"/><INIT seed="0,0,0,4,1,42" ten="250,250,250,250" oya="0" hai0="36,17,126,108,104,28,60,27,82,76,83,10,34" hai1="80,8,50,47,44,100,72,107,20,71,33,16,57" hai2="14,106,124,13,127,65,89,134,21,116,30,59,114" hai3="84,121,97,102,23,119,15,115,37,85,77,38,93"/><T133/><D104/><U98/><E33/><V40/><F114/><W32/><G32/><T11/><D133/><U55/><E71/><V81/><F134/><W51/><G119/><T101/><D126/><U68/><E68/><V25/><F106/><W31/><G115/><T62/><D101/><U67/><E67/><V135/><F135/><W1/><G1/><T132/><D132/><U96/><E8/><V49/><F116/><W103/><G121/><T73/><D36/><U66/><E66/><V54/><F65/><W92/><G51/><T99/><D99/><U94/><E80/><V69/><F69/><W95/><G102/><T118/><D118/><U128/><E128/><V123/><F40/><W2/><G2/><T24/><D83/><U64/><E72/><V129/><F129/><W26/><G15/><T41/><D41/><U91/><E64/><V122/><F122/><W112/><G112/><T43/><D43/><U5/><E5/><V78/><F89/><W105/><REACH who="3" step="1"/><G77/><REACH who="3" ten="250,250,250,240" step="2"/><T86/><D27/><AGARI ba="0,1" hai="16,20,27,44,47,50,55,57,91,94,96,98,100,107" machi="27" ten="30,7700,0" yaku="7,1,52,2,54,1" doraHai="42" who="1" fromWho="0" sc="250,-77,250,87,250,0,240,0" /><INIT seed="1,0,0,5,5,65" ten="173,337,250,240" oya="1" hai0="68,6,85,124,45,103,88,108,104,61,101,135,100" hai1="48,27,67,113,78,18,63,14,73,1,132,105,62" hai2="109,111,54,93,15,46,55,121,32,112,96,53,33" hai3="71,8,95,59,37,44,21,118,130,70,90,128,81"/><U84/><E113/><V83/><F121/><W107/><G107/><T29/><D108/><N who="2" m="41546" /><F112/><W9/><G81/><T3/><D135/><U129/><E1/><V66/><F66/><W35/><G35/><N who="2" m="13385" /><F15/><W22/><G59/><T123/><D29/><U119/><E84/><V50/><F83/><W79/><G79/><T7/><D124/><U41/><E48/><V43/><F43/><N who="3" m="22639" /><G118/><T16/><D123/><U91/><E78/><V117/><F117/><W28/><G8/><T26/><D45/><U106/><E41/><V19/><F19/><W57/><G57/><T51/><D51/><U114/><E18/><V34/><N who="2" m="13393" /><V134/><DORA hai="99" /><F134/><W115/><G9/><T126/><D104/><U30/><E106/><V56/><F56/><W87/><G115/><T122/><D122/><U5/><E105/><V89/><AGARI ba="0,0" hai="46,50,53,54,55,89,93,96" m="13393,41546" machi="89" ten="50,1600,0" yaku="14,1" doraHai="65,99" who="2" fromWho="2" sc="173,-4,337,-8,250,16,240,-4" /><INIT seed="2,0,0,1,4,87" ten="169,329,266,236" oya="2" hai0="50,102,22,3,73,108,111,109,130,75,129,62,53" hai1="128,58,9,49,56,88,78,43,101,135,66,70,7" hai2="115,106,8,24,31,15,44,74,114,126,51,81,77" hai3="33,119,45,25,40,26,68,104,4,86,92,91,124"/><V65/><F126/><W39/><G119/><T64/><D3/><U99/><E78/><V19/><F106/><W48/><G104/><T5/><D102/><U27/><E135/><V72/><F65/><W96/><G68/><T0/><D0/><U76/><E76/><V61/><F61/><W37/><G124/><T71/><D5/><U100/><E128/><N who="0" m="49257" /><D22/><U103/><E27/><V117/><F72/><W120/><G120/><T47/><D75/><U2/><E70/><V110/><F117/><W125/><G125/><T60/><D73/><U59/><E66/><V28/><F110/><N who="0" m="28162" /><T67/><DORA hai="85" /><D67/><U122/><E122/><V41/><REACH who="2" step="1"/><F31/><REACH who="2" ten="169,329,256,236" step="2"/><W34/><G33/><AGARI ba="0,1" hai="8,15,19,24,28,33,41,44,51,74,77,81,114,115" machi="33" ten="30,5800,0" yaku="1,1,2,1,7,1,53,0" doraHai="87,85" doraHaiUra="90,82" who="2" fromWho="3" sc="169,0,329,0,256,68,236,-58" /><INIT seed="2,1,0,4,4,25" ten="169,329,324,178" oya="2" hai0="135,131,128,22,94,62,28,82,85,7,35,96,9" hai1="66,23,3,107,45,5,38,123,126,0,11,97,64" hai2="55,43,71,95,10,114,105,89,47,98,101,30,17" hai3="78,115,13,42,48,21,80,58,2,26,73,20,54"/><V15/><F114/><W84/><G2/><T121/><D121/><U87/><E123/><V70/><F55/><W60/><G115/><T133/><D35/><U134/><E134/><N who="0" m="51209" /><D62/><U29/><E3/><V112/><F112/><W130/><G130/><N who="0" m="49707" /><D22/><U52/><E23/><V99/><REACH who="2" step="1"/><F30/><REACH who="2" ten="169,329,314,178" step="2"/><W12/><G54/><T39/><D28/><U37/><E29/><V77/><F77/><W14/><G78/><N who="0" m="46295" /><D39/><AGARI ba="1,1" hai="10,15,17,39,43,47,70,71,89,95,98,99,101,105" machi="39" ten="30,2900,0" yaku="1,1,7,1,53,0" doraHai="25" doraHaiUra="57" who="2" fromWho="0" sc="169,-32,329,0,314,42,178,0" /><INIT seed="2,2,0,0,1,17" ten="137,329,356,178" oya="2" hai0="54,24,74,56,112,94,22,104,48,66,84,117,123" hai1="53,65,127,38,92,97,59,98,18,78,11,57,10" hai2="23,40,19,50,102,72,15,25,34,28,85,87,60" hai3="80,83,63,13,134,8,103,88,76,29,133,107,118"/><V105/><F72/><W43/><G118/><T124/><D112/><U90/><E127/><V95/><F105/><W52/><G43/><T71/><D123/><U27/><E38/><V42/><F60/><W116/><G116/><T101/><D117/><U4/><E78/><V131/><F131/><W44/><G29/><T55/><D124/><U62/><E98/><V132/><F132/><N who="3" m="50795" /><G107/><T111/><D74/><U46/><E46/><V135/><F135/><W122/><G103/><T47/><D111/><U86/><E86/><V68/><F68/><W20/><G122/><T126/><D126/><U82/><E82/><V121/><F121/><W0/><G0/><T32/><D32/><U58/><E4/><V7/><F7/><W77/><G20/><T1/><D1/><U64/><E58/><V45/><REACH who="2" step="1"/><F42/><REACH who="2" ten="137,329,346,178" step="2"/><W113/><G63/><N who="0" m="38247" /><D71/><U115/><E115/><V2/><F2/><W5/><G113/><T67/><D104/><U41/><E41/><V120/><F120/><W110/><G110/><T108/><D108/><U21/><E65/><V6/><F6/><W12/><G5/><T73/><D73/><U30/><E30/><V14/><F14/><W75/><G12/><T35/><D67/><U119/><E119/><V36/><F36/><W96/><G13/><T128/><D128/><U79/><E79/><V31/><F31/><W114/><G114/><T125/><D125/><U37/><E37/><V106/><F106/><W100/><G75/><T99/><D35/><U33/><E33/><V3/><F3/><W91/><G76/><T16/><D55/><U61/><AGARI ba="2,1" hai="10,11,18,21,27,53,57,59,61,62,64,90,92,97" machi="61" ten="20,12000,2" yaku="5,1,0,1,7,1,25,2,8,1,52,1" doraHai="17" who="1" fromWho="1" sc="137,-32,329,136,346,-62,178,-32" /><INIT seed="3,0,0,2,5,111" ten="105,465,284,146" oya="3" hai0="71,34,132,44,16,3,122,45,9,121,21,128,112" hai1="106,14,58,51,2,23,65,117,113,92,125,78,80" hai2="133,104,1,24,35,57,116,84,119,90,135,43,87" hai3="32,12,6,89,26,42,49,68,97,118,124,74,5"/><W39/><G118/><T17/><D71/><U95/><E2/><V82/><F104/><W27/><G74/><T77/><D77/><U4/><E106/><V0/><F43/><W7/><G68/><T29/><D45/><U55/><E113/><V127/><F127/><W37/><G124/><T76/><D76/><U67/><E125/><V79/><F57/><W94/><G32/><T83/><D83/><U62/><E67/><V54/><F54/><W38/><G12/><N who="0" m="9351" /><D44/><U19/><E4/><V73/><F73/><W22/><G49/><T109/><D109/><U40/><E40/><V115/><F115/><W69/><G42/><T56/><D56/><U52/><E55/><V33/><F1/><W11/><G69/><T93/><D93/><U126/><E117/><V66/><F0/><W105/><G105/><T81/><D81/><U60/><E60/><V48/><F48/><W36/><G36/><T31/><D112/><U100/><E100/><V88/><F79/><W101/><G101/><T64/><D64/><U41/><E41/><V20/><F116/><W129/><G39/><T53/><D53/><U63/><E63/><V134/><F119/><W50/><G50/><T120/><D132/><U91/><E91/><V130/><F130/><W30/><G129/><T108/><D128/><U85/><E126/><V18/><F66/><W46/><G38/><T96/><D108/><U10/><E10/><V86/><F86/><W110/><G37/><T8/><D96/><U15/><E15/><V25/><F25/><W75/><G110/><T70/><D70/><AGARI ba="0,0" hai="14,19,23,51,52,58,62,65,70,78,80,85,92,95" machi="70" ten="30,2000,0" yaku="7,1,54,1" doraHai="111" who="1" fromWho="0" sc="105,-20,465,20,284,0,146,0" owari="85,-41.5,485,58.5,284,8.4,146,-25.4" /></mjloggm>