<mjloggm ver="2.3"><GO type="225" lobby="0"/><UN n0="%E3%81%BF%E3%81%BF%E3%81%9A" n1="%6E%69%63%6B%6C%6F%77" n2="%E7%AD%89%E3%80%85%E5%8A%9B%E5%8A%87%E5%A0%B4" n3="%E3%81%86%E3%83%BC%E3%81%B1%E3%83%BC" dan="17,16,16,16" rate="2222.92,2107.98,2155.21,2118.02" sx="M,F,M,F"/><TAIKYOKU oya="0"/><INIT seed="0,0,0,3,1,103" ten="250,250,250,250" oya="0" hai0="8,121,128,4,23,16,10,60,91,89,75,67,133" hai1="82,2,6,115,22,37,118,36,90,126,42,0,134" hai2="26,34,11,12,20,79,117,29,92,15,31,114,5" hai3="51,80,110,33,88,39,93,49,66,63,53,94,57"/><T54/><D121/><U56/><E118/><V130/><F114/><W73/><G33/><T62/><D75/><U97/><E115/><V50/><F130/><W19/><G110/><T122/><D122/><U70/><E70/><V1/><F117/><W30/><G39/><T95/><D128/><U7/><E56/><V81/><F31/><W13/><G30/><T72/><D72/><U24/><E42/><V96/><F34/><W109/><G109/><T52/><D133/><U132/><E97/><V108/><F50/><N who="3" m="18955" /><G66/><T32/><D32/><U38/><E82/><V111/><F108/><W127/><G127/><T105/><D105/><U47/><E90/><N who="0" m="34313" /><D95/><U48/><E48/><V35/><F35/><W124/><G124/><T129/><D129/><U123/><E123/><V76/><F111/><W14/><G73/><T106/><D106/><U125/><E47/><V101/><F79/><W100/><G100/><T25/><D67/><U87/><E87/><AGARI ba="0,0" hai="1,5,11,12,15,20,26,29,76,81,87,92,96,101" machi="87" ten="30,1000,0" yaku="7,1" doraHai="103" who="2" fromWho="1" sc="250,0,250,-10,250,10,250,0" /><INIT seed="1,0,0,0,1,78" ten="250,240,260,250" oya="1" hai0="6,40,80,31,119,46,30,81,104,26,56,115,117" hai1="88,130,7,11,41,94,36,118,0,61,92,91,82" hai2="113,105,124,57,132,127,79,68,75,47,110,109,37" hai3="98,35,18,71,108,134,125,14,96,24,97,34,38"/><U107/><E118/><V54/><F105/><W22/><G38/><T44/><D115/><U1/><E107/><V17/><F68/><W102/><G71/><T53/><D104/><U73/><E0/><V19/><F132/><W84/><G134/><T8/><D119/><U131/><E61/><V39/><F113/><W29/><G108/><N who="2" m="41577" /><F17/><W93/><G125/><N who="2" m="48201" /><F19/><W5/><G35/><T87/><D117/><U59/><E59/><V90/><F90/><N who="1" m="34345" /><E94/><V9/><F9/><W58/><G84/><T51/><D87/><U69/><E92/><V76/><F76/><W52/><REACH who="3" step="1"/><G5/><REACH who="3" ten="250,240,260,240" step="2"/><T49/><D56/><U65/><E69/><V135/><F135/><W116/><G116/><T70/><D70/><U114/><E114/><V129/><F37/><W15/><G15/><N who="0" m="5527" /><D26/><U126/><E126/><V62/><F39/><W12/><G12/><T112/><D112/><U77/><E65/><V123/><F57/><W48/><AGARI ba="0,1" hai="14,18,22,24,29,34,48,52,58,93,96,97,98,102" machi="48" ten="20,8000,1" yaku="1,1,0,1,7,1,54,1,53,1" doraHai="78" doraHaiUra="45" who="3" fromWho="3" sc="250,-20,240,-40,260,-20,240,90" /><INIT seed="2,0,0,5,2,112" ten="230,200,240,330" oya="2" hai0="134,61,32,93,27,65,4,88,68,22,115,42,122" hai1="24,123,35,36,118,75,63,39,108,11,111,62,114" hai2="87,90,15,107,84,67,55,104,19,54,116,85,6" hai3="17,121,79,2,124,30,46,77,102,38,119,95,126"/><V21/><F116/><W48/><G119/><T25/><D122/><U20/><E118/><V43/><F43/><W72/><G121/><T14/><D115/><U12/><E114/><V101/><F67/><W40/><G30/><T71/><D134/><U98/><E123/><V96/><F107/><W33/><G33/><T117/><D117/><U7/><E75/><V105/><F105/><W74/><G2/><T130/><D130/><U45/><E98/><V53/><REACH who="2" step="1"/><F6/><REACH who="2" ten="230,200,230,330" step="2"/><W23/><G126/><T106/><D106/><U70/><E70/><V94/><AGARI ba="0,1" hai="15,19,21,53,54,55,84,85,87,90,94,96,101,104" machi="94" ten="30,11700,0" yaku="1,1,2,1,0,1,53,1" doraHai="112" doraHaiUra="8" who="2" fromWho="2" sc="230,-39,200,-39,230,127,330,-39" /><INIT seed="2,1,0,3,0,28" ten="191,161,357,291" oya="2" hai0="45,13,55,135,51,20,23,15,29,2,8,126,33" hai1="25,4,86,71,9,0,83,10,75,77,31,117,115" hai2="44,68,24,92,19,48,6,7,118,42,106,5,47" hai3="32,85,3,93,43,1,116,90,72,74,123,59,78"/><V94/><F118/><W119/><G123/><T97/><D126/><U11/><E117/><V81/><F106/><W57/><G43/><T52/><D135/><U54/><E115/><V80/><F68/><W89/><G85/><T99/><D2/><U120/><E120/><V36/><F19/><W107/><G93/><T40/><D33/><U112/><E112/><V66/><F66/><W76/><REACH who="3" step="1"/><G107/><REACH who="3" ten="191,161,357,281" step="2"/><T46/><D40/><U104/><E104/><V63/><F94/><W113/><G113/><T101/><D101/><U122/><E122/><V98/><F92/><W53/><G53/><T35/><D55/><U125/><E125/><V21/><F42/><W60/><G60/><T38/><D52/><U111/><E111/><V102/><F63/><W133/><G133/><T87/><D87/><U134/><E134/><V105/><F102/><W69/><G69/><T17/><D51/><U110/><E110/><V132/><F105/><W70/><G70/><T18/><D38/><U82/><E71/><V61/><F48/><W12/><G12/><T109/><D109/><U129/><E129/><V127/><F61/><W49/><G49/><T34/><D8/><U65/><E65/><V67/><F67/><W56/><G56/><T62/><D62/><U108/><E108/><V16/><F36/><W64/><G64/><T88/><D88/><N who="1" m="51287" /><E54/><V37/><F37/><W22/><G22/><T131/><D131/><U95/><E95/><V26/><F21/><W41/><G41/><T124/><D124/><U100/><E100/><V79/><F127/><W30/><G30/><AGARI ba="1,1" hai="13,15,17,18,20,23,29,30,34,35,45,46,97,99" machi="30" ten="25,6400,0" yaku="22,2,52,2" doraHai="28" who="0" fromWho="3" sc="191,77,161,0,357,0,281,-67" /><INIT seed="3,0,0,5,3,8" ten="268,161,357,214" oya="3" hai0="121,27,50,78,106,43,32,117,129,85,48,74,21" hai1="63,4,24,90,39,93,0,84,124,130,126,18,105" hai2="67,86,44,99,75,55,107,72,36,120,66,3,118" hai3="37,108,134,33,56,52,103,125,73,61,80,119,113"/><W122/><RYUUKYOKU type="yao9" ba="0,0" sc="268,0,161,0,357,0,214,0" hai3="33,37,52,56,61,73,80,103,108,113,119,122,125,134" /><INIT seed="3,1,0,1,5,90" ten="268,161,357,214" oya="3" hai0="16,11,21,74,91,1,17,99,32,82,86,79,50" hai1="37,49,54,9,45,77,28,119,106,3,59,107,98" hai2="88,100,109,75,92,102,38,129,26,15,70,29,78" hai3="14,23,20,87,27,113,60,71,111,8,127,19,48"/><W72/><G113/><T2/><D32/><U101/><E119/><V117/><F117/><W4/><G72/><T39/><D39/><U134/><E134/><V122/><F70/><W133/><G133/><T128/><D128/><U81/><E28/><V7/><F38/><W67/><G127/><T57/><D99/><U89/><E89/><V66/><F66/><W46/><G111/><T108/><D108/><U55/><E3/><V126/><F109/><W12/><G87/><T58/><D17/><U30/><E30/><V76/><F129/><W24/><REACH who="3" step="1"/><G20/><REACH who="3" ten="268,161,357,204" step="2"/><T135/><D135/><U85/><E9/><N who="2" m="4543" /><F75/><W93/><G93/><T83/><D11/><U34/><E34/><V42/><F126/><W69/><G69/><T62/><D74/><U121/><E121/><V80/><F92/><W53/><AGARI ba="1,1" hai="4,8,12,14,19,23,24,27,46,48,53,60,67,71" machi="53" ten="20,7800,0" yaku="1,1,0,1,7,1,53,1" doraHai="90" doraHaiUra="61" who="3" fromWho="3" sc="268,-27,161,-27,357,-27,204,91" /><INIT seed="3,2,0,5,5,70" ten="241,134,330,295" oya="3" hai0="68,23,127,47,104,87,37,102,83,39,95,7,128" hai1="98,100,42,12,52,91,53,61,93,63,13,65,55" hai2="121,108,89,21,36,8,129,44,1,126,46,54,123" hai3="71,112,124,26,11,78,16,76,116,86,90,118,122"/><W67/><G122/><N who="2" m="46601" /><F108/><W33/><G112/><T45/><D68/><U30/><E30/><V69/><F69/><W77/><G124/><T111/><D111/><U103/><E42/><V56/><F129/><W32/><G33/><T131/><D7/><U34/><E34/><V38/><F126/><W60/><G32/><T51/><D104/><U132/><E132/><V99/><F21/><W5/><G26/><T82/><D127/><U74/><E74/><V40/><F8/><W115/><G115/><T4/><D4/><U94/><E65/><V120/><F1/><W41/><G41/><T125/><D23/><U27/><E27/><V28/><F28/><W80/><REACH who="3" step="1"/><G16/><REACH who="3" ten="241,134,330,285" step="2"/><T119/><D125/><U88/><REACH who="1" step="1"/><E55/><REACH who="1" ten="241,124,330,285" step="2"/><V107/><F40/><W72/><G72/><T49/><D131/><U92/><E92/><V97/><F120/><W105/><G105/><T79/><D128/><U117/><E117/><V110/><F107/><W66/><G66/><T135/><D119/><U134/><E134/><V50/><F110/><W6/><G6/><T3/><D135/><U25/><E25/><V24/><F24/><W18/><G18/><T85/><D95/><U106/><E106/><V96/><F54/><W101/><G101/><T19/><D102/><U114/><E114/><V84/><F36/><W15/><AGARI ba="2,2" hai="5,11,15,60,67,71,76,77,78,80,86,90,116,118" machi="15" ten="30,3000,0" yaku="1,1,0,1,53,0" doraHai="70" doraHaiUra="14" who="3" fromWho="3" sc="241,-12,124,-12,330,-12,285,56" owari="229,-17.1,112,-38.8,318,11.8,341,44.1" /></mjloggm>