<mjloggm ver="2.3"><GO type="225" lobby="0"/><UN n0="%E5%B8%86%E7%AB%8B%E5%A4%8F%E8%A1%A3" n1="%28%EF%BF%A3%E2%96%BD%EF%BF%A3%29%CE%B4%E2%8C%92%E3%83%BB" n2="%E3%82%B2%E3%82%B9%E8%8C%82%E5%8B%9D" n3="%72%69%6F%75%63%68%61%6E" dan="16,16,16,16" rate="2122.92,2119.39,2097.58,2141.13" sx="M,M,F,M"/><TAIKYOKU oya="0"/><INIT seed="0,0,0,0,3,50" ten="250,250,250,250" oya="0" hai0="54,44,69,65,28,90,96,24,59,36,47,105,64" hai1="121,124,52,15,12,30,1,77,70,85,113,61,92" hai2="103,75,129,93,81,74,17,83,35,57,5,80,126" hai3="38,62,130,63,55,18,127,4,111,97,14,40,25"/><T106/><D90/><N who="1" m="53327" /><E1/><V84/><F35/><W16/><G111/><T125/><D125/><U87/><E121/><V89/><F5/><W20/><G130/><T53/><D65/><U7/><E70/><V132/><F126/><W10/><G127/><T101/><D106/><U49/><E124/><V68/><F68/><W100/><G38/><T0/><D0/><U118/><E118/><V122/><F122/><W86/><G40/><T27/><D27/><U66/><E113/><V26/><F129/><W29/><G86/><T98/><D98/><U37/><E37/><V33/><F132/><W108/><G108/><T58/><D58/><N who="1" m="37175" /><E30/><V107/><F33/><W34/><G55/><N who="0" m="21003" /><D59/><N who="1" m="33167" /><E7/><V116/><F116/><W19/><REACH who="3" step="1"/><G34/><REACH who="3" ten="250,250,250,240" step="2"/><N who="0" m="20743" /><D36/><U3/><E3/><V119/><F119/><W32/><G32/><T11/><D11/><U48/><E48/><V45/><F74/><W73/><G73/><T78/><D78/><U43/><E43/><V31/><F75/><W72/><G72/><T67/><D67/><U42/><E42/><V13/><F84/><W134/><G134/><T112/><D112/><U94/><E77/><V39/><F39/><W79/><G79/><T120/><D120/><U22/><E22/><V117/><F117/><W131/><G131/><T23/><D23/><U51/><E51/><V109/><F109/><W8/><G8/><T123/><D123/><U88/><AGARI ba="0,1" hai="12,15,87,88,94" m="33167,37175,53327" machi="88" ten="30,7900,0" yaku="8,1,52,1,54,2" doraHai="50" who="1" fromWho="1" sc="250,-39,250,89,250,-20,240,-20" /><INIT seed="1,0,0,4,4,124" ten="211,339,230,220" oya="1" hai0="6,31,35,17,12,1,93,109,39,104,5,134,100" hai1="25,120,67,26,74,117,51,41,20,91,53,45,130" hai2="103,82,9,27,94,73,129,89,119,3,133,132,60" hai3="76,118,48,50,84,22,18,2,8,15,95,107,108"/><U28/><E74/><V83/><F119/><W65/><G108/><T58/><D39/><U32/><E117/><V126/><F126/><W110/><G110/><T55/><D109/><U43/><E120/><V21/><F103/><W114/><G114/><T49/><D104/><U88/><E67/><V14/><F3/><W62/><G118/><T64/><D134/><N who="2" m="51818" /><F60/><W131/><G131/><T79/><D79/><U33/><E130/><V61/><F61/><W135/><G107/><T11/><D64/><U98/><E33/><V90/><F90/><W99/><G135/><T101/><D93/><U57/><E98/><N who="2" m="57679" /><F73/><W81/><G2/><T92/><D92/><U56/><E56/><V70/><F70/><W87/><G87/><T85/><D85/><U40/><REACH who="1" step="1"/><E57/><REACH who="1" ten="211,329,230,220" step="2"/><V125/><F125/><W112/><G112/><T86/><D86/><U116/><E116/><V123/><F123/><W46/><G22/><T19/><D35/><U29/><AGARI ba="0,1" hai="20,25,26,28,29,32,40,41,43,45,51,53,88,91" machi="29" ten="30,11700,0" yaku="1,1,0,1,54,1,53,1" doraHai="124" doraHaiUra="44" who="1" fromWho="1" sc="211,-39,329,127,230,-39,220,-39" /><INIT seed="1,1,0,5,3,24" ten="172,456,191,181" oya="1" hai0="87,45,69,27,54,39,113,91,47,79,86,82,37" hai1="75,106,109,6,46,135,3,64,118,58,18,22,100" hai2="30,10,85,66,99,132,53,131,17,51,80,49,29" hai3="20,111,93,126,33,130,9,73,104,48,55,5,31"/><U88/><E75/><V28/><F131/><W123/><G123/><T94/><D113/><U110/><E118/><V95/><F132/><W98/><G33/><T41/><D69/><U61/><E135/><V62/><F53/><W107/><G130/><T117/><D117/><U72/><E72/><V124/><F124/><W1/><G73/><T8/><D8/><U78/><E78/><N who="2" m="46231" /><F62/><W108/><G126/><T50/><REACH who="0" step="1"/><D27/><REACH who="0" ten="162,456,191,181" step="2"/><N who="1" m="14807" /><E109/><N who="3" m="42058" /><G20/><T83/><D83/><U13/><E110/><V116/><F116/><W35/><G35/><T84/><D84/><U70/><E70/><V127/><F127/><W90/><G31/><T59/><D59/><AGARI ba="1,1" hai="1,5,9,48,55,59,90,93,98,104,107" m="42058" machi="59" ten="30,1000,0" yaku="14,1" doraHai="24" who="3" fromWho="0" sc="162,-13,456,0,191,0,181,23" /><INIT seed="2,0,0,0,1,112" ten="149,456,191,204" oya="2" hai0="107,70,68,30,114,6,130,115,118,123,45,13,43" hai1="93,86,103,60,81,75,57,125,96,128,14,50,55" hai2="90,19,4,94,15,87,92,131,52,113,42,134,11" hai3="124,27,95,72,135,97,89,66,116,0,31,69,2"/><V54/><F131/><W61/><G116/><T117/><D107/><U36/><E36/><V47/><F134/><W51/><G135/><T129/><D30/><U37/><E37/><V105/><F105/><W111/><G111/><T63/><D123/><U109/><E75/><V32/><F32/><W104/><G124/><T33/><D33/><U74/><E74/><V67/><F113/><N who="0" m="43018" /><D13/><U20/><E125/><V120/><F120/><W48/><G72/><T99/><D99/><U58/><E109/><V82/><F67/><W16/><G104/><T119/><D6/><U24/><E14/><V77/><F19/><W88/><G89/><T64/><D70/><U26/><E20/><V17/><F17/><W46/><G16/><T10/><D10/><U22/><E22/><V59/><F59/><W56/><G69/><T12/><D12/><U44/><E128/><V83/><F83/><W29/><G29/><T53/><D53/><N who="2" m="20586" /><F90/><W34/><REACH who="3" step="1"/><G46/><REACH who="3" ten="149,456,191,194" step="2"/><T101/><D101/><N who="1" m="60559" /><E58/><V25/><F25/><W80/><G80/><T21/><D21/><U84/><E103/><V5/><F5/><W1/><AGARI ba="0,1" hai="0,1,2,27,31,34,48,51,56,61,66,88,95,97" machi="1" ten="30,4000,0" yaku="1,1,0,1,54,1,53,0" doraHai="112" doraHaiUra="18" who="3" fromWho="3" sc="149,-10,456,-10,191,-20,194,50" /><INIT seed="3,0,0,4,1,37" ten="139,446,171,244" oya="3" hai0="93,95,88,31,32,69,78,75,115,109,103,87,46" hai1="71,76,43,111,25,17,12,132,73,89,64,61,59" hai2="15,24,92,98,56,4,55,10,114,7,5,99,123" hai3="51,133,54,48,38,29,107,35,102,21,94,70,23"/><W9/><G107/><T30/><D69/><U1/><E1/><V125/><F114/><W3/><G133/><T112/><D109/><U119/><E25/><V82/><F125/><W118/><G118/><T117/><D117/><U40/><E111/><V27/><F123/><W62/><G38/><T79/><D32/><U113/><E113/><N who="0" m="43593" /><D31/><U11/><E119/><V80/><F24/><W6/><G35/><T2/><D2/><U127/><E127/><V26/><F27/><W108/><G29/><T0/><D0/><U105/><E105/><V77/><F26/><W86/><G108/><T96/><D30/><U116/><E116/><V50/><F99/><W36/><G36/><T42/><D75/><U72/><E132/><V13/><F13/><W81/><G48/><AGARI ba="0,0" hai="42,46,48,78,79,87,88,93,95,96,103" m="43593" machi="48" ten="30,3900,0" yaku="11,1,52,1,54,1" doraHai="37" who="0" fromWho="3" sc="139,39,446,0,171,0,244,-39" owari="178,-22.2,446,54.6,171,-32.9,205,0.5" /></mjloggm>