<mjloggm ver="2.3"><GO type="225" lobby="0"/><UN n0="%6D%75%75%6D%75%72%61" n1="%E6%A1%9C%E8%8A%B1%E9%96%83%E3%80%85" n2="%E9%B3%B3%E6%9D%B1%E3%81%AE%E3%81%BF%E3%81%91%E3%81%AB%E3%82%83%E3%82%93" n3="%70%68%65%6E%6F%6D%65" dan="16,16,16,16" rate="2076.10,2055.04,2057.93,2106.88" sx="F,M,F,M"/><TAIKYOKU oya="0"/><INIT seed="0,0,0,0,3,46" ten="250,250,250,250" oya="0" hai0="36,45,83,31,93,52,17,67,77,92,58,12,79" hai1="101,47,109,30,64,123,75,65,113,99,108,84,35" hai2="115,121,43,131,22,134,100,74,88,9,5,112,85" hai3="118,25,61,114,27,116,29,130,72,135,13,19,10"/><T39/><D31/><U105/><E123/><V57/><F121/><W89/><G72/><T133/><D67/><U41/><E75/><V124/><F74/><W127/><G89/><T34/><D34/><U7/><E7/><V26/><F134/><W62/><G114/><T44/><D133/><U76/><E113/><V3/><F131/><W14/><G135/><T122/><D122/><U128/><E128/><V110/><F110/><N who="1" m="42601" /><E84/><V51/><F124/><W49/><G130/><T86/><D79/><U81/><E81/><V73/><F100/><W98/><G98/><T50/><D39/><N who="1" m="21951" /><E76/><V90/><F73/><W91/><G127/><T53/><D36/><U111/><N who="1" m="42609" /><U55/><DORA hai="97" /><E55/><V60/><F112/><W120/><G120/><T40/><D44/><U132/><E132/><V1/><F1/><W70/><G116/><T4/><D4/><U18/><E18/><V0/><F0/><W54/><G118/><T8/><D40/><U59/><E59/><V126/><F126/><W42/><G42/><T38/><D38/><U37/><E37/><V24/><F85/><W56/><G19/><T103/><D103/><U2/><E2/><V104/><F115/><W102/><G102/><T69/><D69/><U125/><E125/><V33/><F3/><W66/><G70/><T28/><D28/><U23/><E35/><V16/><F33/><W68/><G56/><T106/><D106/><U94/><E105/><V63/><F104/><W107/><G68/><T117/><D117/><U32/><E32/><V96/><F57/><W48/><G107/><T15/><D15/><RYUUKYOKU ba="0,0" sc="250,15,250,15,250,-15,250,-15" hai0="8,12,17,45,50,52,53,58,77,83,86,92,93" hai1="23,30,64,65,94,99,101" /><INIT seed="0,1,0,5,5,31" ten="265,265,235,235" oya="0" hai0="82,22,14,16,60,56,128,87,27,117,73,65,131" hai1="63,35,37,64,67,57,25,118,1,130,135,76,2" hai2="84,42,75,114,48,13,10,55,71,52,94,68,102" hai3="115,18,62,110,43,23,61,9,125,90,4,44,58"/><T49/><D117/><U54/><E118/><V85/><F75/><W7/><G115/><T5/><D73/><U38/><E76/><V109/><F109/><W26/><G110/><T17/><D49/><U111/><E111/><V108/><F108/><W134/><G125/><T46/><D46/><U53/><E130/><V47/><F114/><W33/><G134/><T83/><D5/><U30/><E135/><V40/><F68/><W104/><G104/><T32/><D32/><U8/><E54/><N who="2" m="20523" /><F42/><W123/><G123/><T15/><D15/><U116/><E116/><V34/><F34/><W81/><G33/><T92/><D92/><U129/><E129/><N who="0" m="49737" /><D87/><U89/><E1/><V19/><F71/><W41/><G7/><T122/><D122/><U3/><E2/><V88/><F102/><W79/><G58/><T121/><D121/><U126/><E126/><V100/><F100/><W98/><G43/><T20/><AGARI ba="1,0" hai="14,16,17,20,22,27,56,60,65,82,83" m="49737" machi="20" ten="30,3000,0" yaku="19,1,54,1" doraHai="31" who="0" fromWho="0" sc="265,33,265,-11,235,-11,235,-11" /><INIT seed="0,2,0,0,5,45" ten="298,254,224,224" oya="0" hai0="133,60,114,5,27,31,103,98,6,122,124,12,52" hai1="13,44,71,74,18,73,67,2,19,106,11,63,55" hai2="84,54,135,125,69,118,61,26,78,113,77,93,99" hai3="35,21,86,48,101,85,92,47,0,14,30,20,70"/><T91/><D114/><U119/><E119/><V128/><F118/><W33/><G0/><T121/><D133/><U116/><E116/><V96/><F113/><W16/><G70/><T58/><D91/><U56/><E106/><V46/><F125/><W62/><G62/><T110/><D124/><U105/><E105/><V57/><F128/><W131/><G131/><T4/><D12/><U15/><E2/><V22/><F135/><W64/><G64/><T87/><D87/><N who="3" m="33289" /><G33/><T134/><D110/><U10/><REACH who="1" step="1"/><E44/><REACH who="1" ten="298,244,224,224" step="2"/><V89/><F46/><W120/><G120/><T130/><D134/><U1/><E1/><V40/><F69/><W41/><G35/><T102/><D130/><U115/><E115/><V117/><F117/><W23/><G30/><T43/><D121/><U90/><E90/><V97/><REACH who="2" step="1"/><F40/><REACH who="2" ten="298,244,214,224" step="2"/><W37/><G37/><T59/><D43/><U95/><E95/><V49/><F49/><AGARI ba="2,2" hai="10,11,13,15,18,19,49,55,56,63,67,71,73,74" machi="49" ten="30,12000,2" yaku="1,1,7,1,9,1,52,1,53,2" doraHai="45" doraHaiUra="104" who="1" fromWho="2" sc="298,0,244,146,214,-126,224,0" /><INIT seed="1,0,0,3,0,84" ten="298,390,88,224" oya="1" hai0="34,117,69,1,11,59,60,13,54,27,89,4,38" hai1="110,42,53,82,123,19,79,5,98,92,68,16,20" hai2="122,21,65,10,58,52,119,132,71,99,107,33,14" hai3="124,102,72,135,7,67,32,134,23,74,131,46,64"/><U48/><E123/><V28/><F119/><W70/><G32/><T112/><D117/><U97/><E68/><V86/><F122/><W78/><G7/><T12/><D112/><U17/><E110/><V39/><F39/><W66/><G70/><T133/><D38/><U105/><E105/><V25/><F132/><W129/><G102/><T127/><D127/><U37/><E5/><V9/><F21/><W87/><G23/><T115/><D133/><N who="3" m="50697" /><G46/><T61/><D115/><U55/><E37/><V24/><F24/><W96/><G96/><T126/><D126/><U45/><E20/><V83/><F65/><N who="3" m="16643" /><W104/><DORA hai="47" /><G104/><T85/><D61/><U43/><E43/><V57/><F57/><W116/><G116/><T125/><D69/><U113/><E113/><V56/><F56/><W114/><G114/><T44/><D44/><U63/><E63/><V109/><F71/><W36/><G36/><T2/><D2/><U81/><E98/><V18/><F109/><W103/><G103/><T101/><D101/><N who="1" m="60583" /><E42/><V30/><F30/><W88/><G78/><T95/><REACH who="0" step="1"/><D125/><REACH who="0" ten="288,390,88,224" step="2"/><U75/><E45/><V8/><F107/><W106/><G106/><T50/><D50/><U73/><E48/><V91/><F99/><W6/><G124/><T77/><D77/><U93/><E79/><V120/><F120/><W128/><G6/><T90/><D90/><U49/><E49/><AGARI ba="0,1" hai="8,9,10,14,18,25,28,33,49,52,58,83,86,91" machi="49" ten="30,7700,0" yaku="7,1,52,2,54,1" doraHai="84,47" who="2" fromWho="1" sc="288,0,390,-77,88,87,224,0" /><INIT seed="2,0,0,3,1,110" ten="288,313,175,224" oya="2" hai0="119,103,44,55,125,25,102,105,63,60,53,77,94" hai1="96,98,41,101,69,57,127,0,72,20,121,106,19" hai2="14,30,48,78,114,91,79,16,39,52,116,107,93" hai3="80,54,76,64,74,3,37,81,28,1,5,36,68"/><V4/><F116/><W29/><G64/><T85/><D105/><U40/><E69/><V18/><F39/><W134/><G68/><T97/><D125/><U42/><E127/><V2/><F107/><W70/><G70/><T112/><D112/><U84/><E72/><V92/><F2/><W89/><G134/><T9/><D103/><U118/><E118/><V111/><F114/><W31/><G54/><N who="0" m="20491" /><D44/><U126/><E126/><V17/><F30/><W129/><G129/><T24/><D9/><U62/><E0/><V27/><F27/><N who="0" m="10314" /><D119/><U10/><E10/><N who="2" m="4423" /><F111/><W82/><G74/><T12/><D12/><N who="1" m="9319" /><E101/><V26/><F26/><W73/><G73/><T86/><D77/><N who="2" m="29194" /><F91/><W130/><G76/><T38/><D38/><N who="3" m="14953" /><G130/><T128/><D128/><U6/><E106/><V49/><F49/><W58/><G89/><T56/><D56/><AGARI ba="0,0" hai="16,17,18,48,52,56,92,93" m="29194,4423" machi="56" ten="30,5800,0" yaku="8,1,54,2" doraHai="110" who="2" fromWho="0" sc="288,-58,313,0,175,58,224,0" /><INIT seed="2,1,0,3,1,23" ten="230,313,233,224" oya="2" hai0="131,66,11,67,121,72,97,122,95,35,22,49,94" hai1="126,14,62,104,28,56,38,75,2,73,58,107,100" hai2="16,45,105,125,55,87,25,93,124,89,132,27,61" hai3="88,30,130,96,82,128,113,114,99,17,39,37,29"/><V33/><F132/><W83/><REACH who="3" step="1"/><G17/><REACH who="3" ten="230,313,233,214" step="2"/><T60/><D121/><U0/><E0/><V68/><F105/><W69/><G69/><T103/><D122/><U118/><E2/><V133/><F133/><W18/><G18/><T44/><D131/><U92/><E107/><V15/><F68/><W90/><AGARI ba="1,1" hai="29,30,37,39,82,83,88,90,96,99,113,114,128,130" machi="90" ten="25,12000,2" yaku="21,2,0,1,22,2,54,1,53,0" doraHai="23" doraHaiUra="101" who="3" fromWho="3" sc="230,-31,313,-31,233,-61,214,133" /><INIT seed="3,0,0,4,2,51" ten="199,282,172,347" oya="3" hai0="109,35,29,31,26,94,125,123,43,75,12,70,44" hai1="13,90,122,87,113,121,9,69,37,82,115,16,91" hai2="50,129,73,102,68,62,85,54,66,76,131,120,28" hai3="132,117,38,124,30,127,103,83,55,42,78,105,22"/><W104/><G117/><T20/><D123/><U46/><E69/><V41/><F73/><W71/><G71/><T112/><D75/><U34/><E34/><V24/><F102/><W86/><G132/><T1/><D1/><U6/><E6/><V64/><F64/><W130/><G130/><N who="2" m="49673" /><F76/><W97/><G104/><T40/><D70/><U8/><E8/><V63/><F85/><W67/><G67/><T77/><D109/><U15/><E15/><V25/><F28/><N who="0" m="10826" /><D35/><U107/><E107/><V57/><F25/><W74/><G74/><T4/><D125/><U52/><E91/><V100/><F24/><W60/><G78/><T119/><D119/><U84/><E84/><V23/><F23/><W93/><G86/><T18/><D77/><U58/><E37/><V19/><F19/><W135/><G22/><T5/><D112/><N who="1" m="43083" /><E58/><V59/><F100/><W21/><G103/><T39/><D94/><U14/><E13/><V79/><F79/><W72/><G72/><T134/><D134/><U47/><E47/><N who="2" m="25967" /><F120/><W133/><G135/><T7/><D26/><U33/><E33/><V111/><F68/><W110/><G133/><T0/><D0/><U53/><E122/><V116/><F116/><W32/><G32/><T128/><D128/><U101/><E121/><V106/><F106/><W98/><G105/><T11/><D20/><U45/><E101/><V49/><F111/><W126/><G110/><T92/><D92/><U95/><E95/><V10/><F10/><W61/><G126/><T27/><D27/><U48/><E87/><V114/><F114/><W80/><G124/><RYUUKYOKU ba="0,0" sc="199,15,282,-15,172,15,347,-15" hai0="4,5,7,11,12,18,39,40,43,44" hai2="49,54,57,59,62,63,66" owari="214,-18.6,267,6.7,187,-31.3,332,43.2" /></mjloggm>