<mjloggm ver="2.3"><GO type="225" lobby="0"/><UN n0="%E4%BF%BA%E3%81%A8%E5%A6%96%E5%A4%A2" n1="%EF%BC%94%36" n2="%33%74%72%65%65" n3="%6D%75%75%73%61%6E%6D%75" dan="16,16,16,16" rate="2116.97,2058.32,2136.45,2146.15" sx="F,M,F,F"/><TAIKYOKU oya="0"/><INIT seed="0,0,0,1,3,97" ten="250,250,250,250" oya="0" hai0="114,93,62,117,9,64,2,20,21,89,54,128,48" hai1="34,133,118,70,103,50,10,80,94,22,107,85,61" hai2="67,56,41,100,38,121,14,127,36,83,81,96,69" hai3="8,19,112,32,129,30,28,44,72,122,86,16,120"/><T68/><D114/><U130/><E34/><V99/><F121/><N who="3" m="46699" /><G72/><T82/><D117/><U132/><E107/><V73/><F127/><W108/><G86/><T49/><D128/><U134/><E118/><V51/><F69/><W3/><G44/><T60/><D82/><U13/><E22/><V105/><F96/><W35/><G129/><T111/><D111/><U11/><E130/><V45/><F14/><N who="3" m="7239" /><G112/><T47/><D60/><U84/><E50/><V58/><F83/><W135/><G135/><T91/><D49/><U18/><E10/><V55/><F36/><W95/><G95/><T57/><D68/><U29/><E29/><N who="3" m="11370" /><G108/><T40/><D40/><U116/><E116/><V92/><F92/><W65/><G65/><T110/><D110/><U131/><E131/><V17/><F67/><W24/><G3/><T75/><D75/><U39/><E39/><V33/><F81/><W124/><G124/><T123/><D123/><U113/><E113/><V52/><F73/><W6/><G6/><T59/><D47/><U53/><E80/><V87/><F87/><W102/><G102/><T76/><D76/><U7/><E7/><V98/><F98/><W126/><G126/><T63/><D48/><U46/><E46/><V109/><F109/><W43/><G43/><T115/><D115/><U1/><E1/><V27/><F38/><W5/><G5/><N who="0" m="1207" /><D91/><U125/><E125/><V88/><F88/><W37/><G37/><T78/><D78/><U90/><E85/><V77/><F77/><W15/><G15/><T26/><D89/><U71/><E103/><V31/><F17/><RYUUKYOKU ba="0,0" sc="250,-30,250,10,250,10,250,10" hai1="11,13,18,53,61,70,71,84,90,94,132,133,134" hai2="27,31,33,41,45,51,52,55,56,58,99,100,105" hai3="19,24,32,35" /><INIT seed="1,1,0,1,3,116" ten="220,260,260,260" oya="1" hai0="41,54,125,100,47,105,16,32,45,58,90,84,129" hai1="76,30,122,130,28,108,69,37,57,96,26,80,49" hai2="15,63,87,9,124,114,134,83,79,113,50,17,94" hai3="34,82,78,98,24,8,72,133,70,77,60,56,64"/><U102/><E69/><V89/><F134/><W2/><G133/><T1/><D32/><U127/><E37/><V86/><F124/><W20/><G78/><T51/><D1/><U42/><E127/><V112/><F50/><W46/><G34/><T132/><D125/><U29/><E130/><V75/><REACH who="2" step="1"/><F63/><REACH who="2" ten="220,260,250,260" step="2"/><W11/><G60/><T95/><D132/><U3/><E49/><V35/><F35/><W39/><G39/><T66/><D129/><U44/><E108/><V119/><F119/><W123/><G46/><T118/><D118/><U135/><E135/><V92/><F92/><W19/><G56/><T71/><D45/><U126/><E57/><V14/><F14/><W103/><G70/><T6/><D71/><U110/><E126/><V10/><F10/><W99/><G8/><T12/><D58/><U67/><E110/><V18/><F18/><W48/><G19/><T74/><D16/><U27/><E3/><V52/><F52/><W43/><G2/><T65/><D54/><U93/><E67/><V33/><F33/><W128/><G64/><T97/><D65/><U115/><E44/><V109/><F109/><W7/><G48/><T121/><D66/><U91/><E28/><V25/><F25/><W73/><G24/><T111/><D111/><U53/><E26/><V62/><F62/><W5/><G11/><N who="0" m="4215" /><D74/><AGARI ba="1,1" hai="9,15,17,74,75,79,83,86,87,89,94,112,113,114" machi="74" ten="40,2600,0" yaku="1,1,11,1,53,0" doraHai="116" doraHaiUra="31" who="2" fromWho="0" sc="220,-29,260,0,250,39,260,0" /><INIT seed="2,0,0,2,4,90" ten="191,260,289,260" oya="2" hai0="27,105,96,110,128,99,25,120,121,131,32,29,87" hai1="62,45,49,127,43,56,112,13,124,24,1,113,107" hai2="76,102,60,123,133,117,53,100,14,94,0,18,38" hai3="84,39,69,30,130,132,54,48,7,122,47,52,36"/><V33/><F117/><W11/><G122/><N who="0" m="47211" /><D105/><U80/><E1/><V106/><F133/><W2/><G132/><T5/><D5/><U74/><E107/><V82/><F0/><W97/><G130/><N who="0" m="49707" /><D87/><U115/><E24/><N who="0" m="9289" /><D110/><U58/><E13/><V114/><F14/><W91/><G97/><N who="0" m="37451" /><D32/><U34/><E34/><V88/><F33/><W21/><G69/><T70/><D70/><U37/><E80/><V68/><F82/><W81/><G54/><T77/><D29/><U59/><E74/><V12/><F68/><W111/><G30/><T8/><D8/><U16/><E16/><V35/><F18/><W65/><G111/><T89/><D89/><U67/><E49/><V73/><F88/><W98/><G98/><T46/><D46/><U22/><E22/><V20/><F20/><W116/><G21/><T135/><D135/><U93/><E93/><V4/><F94/><W129/><G129/><T42/><D42/><U71/><AGARI ba="0,0" hai="37,43,45,56,58,59,62,67,71,112,113,115,124,127" machi="71" ten="40,8000,1" yaku="0,1,34,3" doraHai="90" who="1" fromWho="1" sc="191,-20,260,80,289,-40,260,-20" /><INIT seed="3,0,0,0,1,32" ten="171,340,249,240" oya="3" hai0="89,86,24,66,63,39,45,30,46,112,26,50,84" hai1="65,12,28,108,104,76,75,62,99,22,85,134,25" hai2="29,117,107,48,60,5,2,83,114,56,37,59,0" hai3="53,79,122,105,69,100,71,1,110,126,31,21,88"/><W127/><G122/><T111/><D111/><U42/><E75/><V113/><F37/><W130/><G79/><T72/><D112/><U16/><E134/><V77/><F117/><W106/><G110/><T57/><D72/><U74/><E74/><V49/><F107/><N who="3" m="40971" /><G100/><T51/><D39/><U13/><E108/><V115/><F29/><W70/><G53/><T81/><D30/><U3/><E3/><V55/><F5/><W101/><G101/><T80/><D50/><U67/><E42/><V95/><F95/><W82/><G31/><T129/><D46/><U123/><E123/><V18/><F18/><W35/><G21/><T43/><REACH who="0" step="1"/><D129/><REACH who="0" ten="161,340,249,240" step="2"/><U36/><E36/><V6/><F115/><W61/><G130/><T8/><D8/><U41/><E28/><V10/><F114/><W102/><G35/><T125/><D125/><U96/><E22/><V20/><F20/><W124/><G124/><T47/><D47/><U19/><E104/><V131/><F131/><W23/><G23/><T34/><D34/><U116/><E116/><V7/><F113/><W4/><G127/><T109/><D109/><U64/><E62/><V9/><F60/><W87/><G126/><T118/><D118/><U94/><E41/><V17/><F49/><W40/><G40/><T33/><D33/><U98/><E25/><V120/><F48/><W135/><G61/><T27/><D27/><U54/><BYE who="0" /><E19/><V11/><F17/><W52/><G135/><T78/><D78/><U103/><E76/><UN n0="%E4%BF%BA%E3%81%A8%E5%A6%96%E5%A4%A2" /><V91/><F77/><W92/><G52/><T132/><D132/><U15/><E16/><RYUUKYOKU ba="0,1" sc="161,30,340,-10,249,-10,240,-10" hai0="24,26,43,45,51,57,63,66,80,81,84,86,89" owari="191,-30.9,340,44.0,239,3.9,230,-17.0" /></mjloggm>