<mjloggm ver="2.3"><GO type="225" lobby="0"/><UN n0="%4E%6F%2E%30%30%30%31" n1="%E3%81%B5%E3%81%98%E3%81%8B%E3%81%A4" n2="%48%61%61%61%6C%61%6E%64" n3="%E3%81%BF%E3%81%BF%E3%81%9A" dan="18,16,18,16" rate="2188.14,2191.16,2303.60,2219.26" sx="M,M,M,M"/><TAIKYOKU oya="0"/><INIT seed="0,0,0,2,0,80" ten="250,250,250,250" oya="0" hai0="45,33,16,97,75,92,127,77,18,130,111,44,35" hai1="131,65,31,121,60,14,19,56,8,89,115,94,128" hai2="2,41,39,102,71,27,51,86,55,42,69,61,32" hai3="50,110,72,12,95,49,134,3,10,67,104,64,11"/><T40/><D127/><U124/><E121/><V91/><F2/><W84/><G104/><T15/><D130/><N who="1" m="49707" /><E124/><V85/><F102/><W9/><G72/><T70/><D70/><U117/><E31/><V24/><F39/><W62/><G3/><T112/><D112/><U101/><E101/><V52/><F51/><N who="3" m="19467" /><G110/><T26/><D111/><U5/><E115/><V109/><F109/><W79/><G134/><T38/><D45/><U58/><E117/><V28/><F28/><W74/><G74/><T37/><D37/><U22/><E58/><V59/><F59/><N who="3" m="36959" /><G67/><T119/><D119/><U29/><E29/><V96/><F61/><W105/><G105/><T87/><D75/><U108/><E108/><V132/><F132/><W118/><G118/><T23/><D77/><U100/><E100/><V120/><F32/><W13/><G79/><T25/><D25/><U126/><E126/><V54/><F120/><W43/><G43/><N who="2" m="16393" /><F69/><W36/><G36/><T90/><REACH who="0" step="1"/><D97/><REACH who="0" ten="240,250,250,250" step="2"/><U21/><E5/><V78/><F71/><W73/><G73/><T93/><D93/><U129/><E129/><V125/><F125/><W66/><G66/><T123/><D123/><U122/><E122/><V20/><F78/><W113/><G113/><T47/><D47/><U103/><E103/><V57/><F57/><W68/><G68/><T34/><D34/><U17/><E17/><N who="2" m="12303" /><F27/><W6/><G6/><T83/><D83/><U63/><E63/><V82/><F82/><W48/><N who="3" m="19475" /><W99/><DORA hai="7" /><G99/><AGARI ba="0,1" hai="8,14,19,21,22,56,60,65,89,94,99" m="49707" machi="99" ten="30,2000,0" yaku="19,1,52,1" doraHai="80,7" who="1" fromWho="3" sc="240,0,250,30,250,0,250,-20" /><INIT seed="1,0,0,5,5,24" ten="240,280,250,230" oya="1" hai0="10,9,17,2,88,35,8,7,67,89,14,78,15" hai1="114,109,63,120,42,19,135,112,68,75,0,119,40" hai2="116,117,133,123,52,21,94,83,84,54,80,87,69" hai3="70,37,101,46,34,30,93,55,113,132,41,18,16"/><U102/><E0/><V108/><F123/><W22/><G113/><N who="1" m="43626" /><E75/><V124/><F69/><W81/><G132/><T56/><D35/><U31/><E19/><V62/><F133/><W105/><G105/><T5/><REACH who="0" step="1"/><D78/><REACH who="0" ten="230,280,250,230" step="2"/><U127/><E135/><V33/><F33/><W97/><G34/><T92/><D92/><U99/><E119/><V4/><F94/><W1/><G70/><T45/><D45/><U13/><E120/><V50/><F117/><W27/><G1/><T79/><D79/><U128/><E128/><V23/><F116/><W82/><G81/><T106/><D106/><U72/><E72/><V131/><F131/><W43/><G82/><T49/><D49/><U122/><E122/><V73/><F50/><N who="3" m="29143" /><G37/><T12/><D12/><U66/><E13/><V100/><F73/><W125/><G125/><T104/><D104/><U107/><E127/><V28/><F124/><W25/><G25/><T74/><D74/><U115/><E115/><V65/><F83/><W59/><G59/><T118/><D118/><U6/><E109/><V126/><F108/><W129/><G129/><T57/><D57/><U71/><E71/><V86/><F126/><W58/><G58/><T110/><D110/><U85/><E107/><V3/><F80/><W111/><G111/><T121/><D121/><U76/><E76/><V38/><F38/><W96/><G96/><T130/><D130/><U11/><E99/><V77/><F77/><W48/><G48/><T91/><D91/><U64/><E68/><V90/><F90/><W26/><G26/><T36/><D36/><U29/><E102/><RYUUKYOKU ba="0,1" sc="230,15,280,-15,250,-15,230,15" hai0="2,5,7,8,9,10,14,15,17,56,67,88,89" hai3="16,18,22,27,30,41,43,93,97,101" /><INIT seed="2,1,1,3,2,119" ten="245,265,235,245" oya="2" hai0="132,112,29,3,50,44,17,97,125,16,4,18,102" hai1="31,36,45,100,30,71,111,61,88,48,84,82,64" hai2="2,89,73,43,14,130,33,54,107,95,133,6,85" hai3="87,108,135,35,110,115,120,123,76,69,59,26,94"/><V113/><F113/><W68/><G115/><T65/><D112/><U116/><E116/><V40/><F2/><W23/><G35/><T15/><D125/><U83/><E111/><N who="3" m="42538" /><G59/><T105/><D132/><U57/><E100/><V27/><F133/><W53/><G53/><T63/><D29/><U56/><E83/><V55/><F107/><W25/><G135/><T101/><D101/><U127/><E127/><V9/><F73/><W11/><G11/><T12/><D4/><U92/><E57/><V118/><F118/><W22/><G94/><T20/><D12/><U104/><E104/><V103/><F103/><W28/><G87/><T10/><D10/><U128/><E128/><V32/><F130/><W62/><G76/><T37/><D37/><U134/><E134/><V19/><F33/><W58/><G58/><T78/><D78/><N who="1" m="46167" /><E36/><V109/><F109/><W90/><G90/><T93/><D3/><U8/><E8/><V70/><F70/><N who="3" m="27243" /><G62/><T66/><D105/><U49/><E71/><V81/><F95/><W117/><G117/><T1/><D1/><U86/><E49/><V99/><F99/><W67/><G67/><N who="0" m="25611" /><D63/><U124/><E124/><V75/><F75/><W38/><G38/><T131/><D131/><U21/><E21/><N who="3" m="7690" /><G28/><T34/><D34/><U74/><E74/><V72/><F72/><W24/><AGARI ba="1,1" hai="24,25,26,120,123" m="7690,27243,42538" machi="24" ten="40,8000,1" yaku="28,2,14,1,52,2" doraHai="119" who="3" fromWho="3" sc="245,-21,265,-21,235,-41,245,93" /><INIT seed="3,0,0,3,1,77" ten="224,244,194,338" oya="3" hai0="23,131,29,80,106,28,16,55,26,107,89,70,3" hai1="103,30,90,82,37,74,134,92,17,129,62,95,97" hai2="61,110,108,86,43,84,121,33,85,49,12,114,44" hai3="5,27,6,115,96,51,58,133,36,13,78,45,10"/><W15/><G115/><T135/><D3/><U41/><E30/><V24/><F114/><W57/><G36/><T59/><D70/><U18/><E62/><V48/><F121/><W9/><G133/><T75/><D135/><U63/><E134/><V69/><F48/><W2/><G78/><T68/><D68/><U54/><E129/><V71/><F71/><W118/><G118/><T52/><D131/><U21/><E41/><V120/><F120/><W22/><G96/><T111/><D111/><U72/><E37/><V109/><F12/><W102/><G102/><T101/><D55/><U7/><E7/><V47/><F47/><W56/><G2/><T11/><D11/><U87/><E17/><V105/><F105/><W20/><G27/><T8/><D8/><U0/><E0/><V124/><F124/><W39/><G39/><T25/><D101/><U126/><E126/><V42/><F42/><AGARI ba="0,0" hai="5,6,9,10,13,15,20,22,42,45,51,56,57,58" machi="42" ten="40,3900,0" yaku="9,1,8,1" doraHai="77" who="3" fromWho="2" sc="224,0,244,0,194,-39,338,39" owari="224,-17.6,244,4.4,155,-34.5,377,47.7" /></mjloggm>