<mjloggm ver="2.3"><GO type="225" lobby="0"/><UN n0="%4B%2E%32%2E%4B%2E" n1="%72%61%6B%33" n2="%73%61%6E%64%69%72%69%73" n3="%E3%81%B2%E3%81%AA%E3%81%AE%E3%82%8A%E3%81%8F" dan="16,18,16,17" rate="2087.49,2291.63,2144.60,2190.80" sx="M,M,M,M"/><TAIKYOKU oya="0"/><INIT seed="0,0,0,2,0,58" ten="250,250,250,250" oya="0" hai0="125,70,114,27,86,22,78,13,65,23,132,95,81" hai1="80,46,112,117,74,28,115,24,119,123,37,30,71" hai2="39,94,93,36,17,0,3,106,89,49,14,99,42" hai3="102,72,96,33,104,107,60,54,73,61,26,68,100"/><T130/><D114/><U67/><E123/><V105/><F49/><W12/><G12/><T35/><D125/><U69/><E80/><V6/><F6/><W1/><G1/><T66/><D130/><U11/><E11/><V128/><F128/><W108/><G108/><T5/><D132/><U131/><E74/><V20/><F0/><W44/><G44/><T7/><D70/><U9/><E9/><V15/><F3/><W29/><G54/><T135/><D35/><U109/><E131/><V47/><F39/><W110/><G110/><T31/><D135/><U34/><E28/><V32/><F32/><W126/><G126/><T88/><D22/><U83/><E83/><V121/><F121/><W52/><G52/><T41/><D41/><N who="1" m="22831" /><E109/><V50/><F36/><W79/><G79/><T57/><D13/><U113/><E69/><V75/><F75/><W124/><G124/><T64/><REACH who="0" step="1"/><D57/><REACH who="0" ten="240,250,250,250" step="2"/><U38/><E38/><V103/><REACH who="2" step="1"/><F14/><REACH who="2" ten="240,250,240,250" step="2"/><W118/><G33/><T133/><D133/><U62/><AGARI ba="0,2" hai="24,30,34,62,67,71,112,113,115,117,119" m="22831" machi="62" ten="40,5200,0" yaku="11,1,23,1,52,1" doraHai="58" who="1" fromWho="1" sc="240,-26,250,72,240,-13,250,-13" /><INIT seed="1,0,0,1,5,125" ten="214,322,227,237" oya="1" hai0="116,28,0,15,41,106,50,49,64,88,70,4,101" hai1="11,127,22,92,40,104,42,63,73,93,91,30,2" hai2="35,56,81,82,95,60,102,59,112,26,118,129,18" hai3="133,6,119,79,20,21,97,78,111,33,38,98,52"/><U110/><E104/><V105/><F118/><W123/><G123/><T114/><D0/><U83/><E127/><V96/><F112/><W131/><G33/><T54/><D114/><U39/><E110/><V24/><F105/><W74/><G38/><T46/><D116/><U25/><E63/><V23/><F129/><W5/><G133/><T7/><D28/><U120/><E120/><V90/><F59/><W80/><G119/><T121/><D121/><U43/><E39/><V89/><F35/><W8/><G111/><T117/><D117/><U94/><E73/><V99/><F26/><W62/><G79/><T58/><D70/><U115/><E115/><V134/><F134/><W51/><G62/><T66/><D106/><U69/><E69/><V85/><F85/><W10/><G131/><T86/><D101/><U124/><E124/><V113/><F113/><W84/><G74/><T13/><D13/><U9/><REACH who="1" step="1"/><E2/><REACH who="1" ten="214,312,227,237" step="2"/><V130/><F130/><W100/><G100/><T29/><D29/><U103/><E103/><V107/><REACH who="2" step="1"/><F90/><REACH who="2" ten="214,312,217,237" step="2"/><W3/><G3/><T61/><D66/><AGARI ba="0,2" hai="18,23,24,56,60,66,81,82,89,95,96,99,102,107" machi="66" ten="30,3900,0" yaku="1,1,2,1,7,1,53,0" doraHai="125" doraHaiUra="68" who="2" fromWho="0" sc="214,-39,312,0,217,59,237,0" /><INIT seed="2,0,0,0,2,40" ten="175,312,276,237" oya="2" hai0="50,22,2,12,85,102,42,120,107,81,67,68,134" hai1="53,96,31,129,70,20,0,44,92,77,65,47,112" hai2="34,33,132,52,18,119,121,9,59,82,4,79,86" hai3="113,97,11,93,51,63,14,114,24,37,1,3,109"/><V118/><F121/><W130/><G37/><T60/><D120/><U83/><E0/><V56/><F132/><W117/><G117/><T10/><D134/><U29/><E112/><N who="3" m="43114" /><G109/><T76/><D2/><U35/><E35/><V74/><F59/><W104/><G104/><T72/><D22/><U87/><E129/><V45/><F74/><W15/><G15/><T101/><D107/><U13/><E53/><V23/><F118/><W135/><G130/><T54/><D72/><U122/><E122/><V17/><F119/><W75/><G75/><T71/><D71/><U16/><E65/><V73/><F73/><W19/><G135/><T133/><D42/><U41/><E70/><V55/><F55/><W108/><G63/><T125/><D125/><U103/><E44/><V26/><F45/><W115/><G108/><T105/><D105/><U123/><E123/><V58/><F18/><W49/><G24/><T7/><REACH who="0" step="1"/><D133/><REACH who="0" ten="165,312,276,237" step="2"/><U116/><E116/><V61/><F58/><AGARI ba="0,1" hai="7,10,12,50,54,58,60,67,68,76,81,85,101,102" machi="58" ten="30,3900,0" yaku="1,1,2,1,7,1,53,0" doraHai="40" doraHaiUra="25" who="0" fromWho="2" sc="165,49,312,0,276,-39,237,0" /><INIT seed="3,0,0,0,1,62" ten="214,312,237,237" oya="3" hai0="21,112,80,111,48,114,63,38,99,28,130,34,23" hai1="13,53,66,87,1,0,109,24,79,55,50,100,65" hai2="10,20,72,47,19,70,18,118,116,32,64,11,133" hai3="45,101,96,127,106,84,57,117,59,22,73,120,88"/><W89/><G117/><T37/><D48/><U77/><E50/><V92/><F72/><W104/><G120/><T76/><D99/><U15/><E87/><V102/><F32/><W86/><G73/><T58/><D34/><U33/><E24/><V78/><F78/><W105/><G127/><T81/><D28/><U108/><E33/><V82/><F82/><N who="0" m="31850" /><D76/><U25/><E25/><V71/><F20/><N who="0" m="7754" /><D111/><U51/><E51/><V93/><F47/><W17/><G45/><T129/><D58/><U36/><E100/><V52/><F102/><W91/><G86/><T27/><D27/><U132/><E36/><N who="0" m="13929" /><D63/><U126/><E126/><V5/><F116/><W124/><G84/><T54/><D54/><U12/><E12/><V6/><F118/><W16/><G124/><T98/><D98/><U41/><E41/><V123/><F52/><W31/><G31/><T46/><D46/><U9/><E9/><V42/><F42/><W3/><G17/><T44/><D44/><U90/><E55/><V49/><F49/><W97/><G96/><T14/><D14/><U107/><E53/><V110/><F110/><W85/><G85/><T103/><D103/><U60/><E60/><V74/><F74/><W40/><G40/><T56/><D56/><N who="3" m="21577" /><G3/><T4/><D4/><U69/><E0/><V39/><F39/><W94/><G106/><T2/><D2/><U26/><E1/><V67/><F123/><W113/><G113/><AGARI ba="0,0" hai="112,113,114,129,130" m="13929,7754,31850" machi="113" ten="40,5200,0" yaku="28,2,11,1" doraHai="62" who="0" fromWho="3" sc="214,52,312,0,237,0,237,-52" owari="266,6.6,312,41.2,237,-16.3,185,-31.5" /></mjloggm>