<mjloggm ver="2.3"><GO type="225" lobby="0"/><UN n0="%E5%8D%A0%E3%81%84%E5%B8%AB%E8%A3%8F%E3%81%AA%E3%81%84%E3%81%97" n1="%E3%81%B5%E3%81%98%E3%81%8B%E3%81%A4" n2="%E3%83%97%E3%83%AC%E3%83%B4%E3%82%A1%E3%83%86%E3%82%A3" n3="%E9%B3%B3%E6%9D%B1%E3%81%AE%E3%81%BF%E3%81%91%E3%81%AB%E3%82%83%E3%82%93" dan="16,16,16,17" rate="2161.12,2122.19,2099.47,2144.42" sx="M,M,F,F"/><TAIKYOKU oya="0"/><INIT seed="0,0,0,2,1,70" ten="250,250,250,250" oya="0" hai0="13,14,103,65,91,20,7,17,97,111,131,84,107" hai1="109,95,38,37,106,40,87,60,53,128,29,110,127" hai2="108,79,8,67,26,46,56,101,58,118,22,130,41" hai3="54,90,64,76,68,33,78,88,82,121,98,112,132"/><T35/><D35/><U9/><E106/><V10/><F108/><N who="1" m="41577" /><E29/><V93/><F118/><W89/><G112/><T32/><D32/><U129/><E9/><V114/><F79/><W0/><G33/><T2/><D111/><U34/><E34/><V55/><F114/><W39/><G0/><T66/><D2/><U105/><E105/><V52/><F130/><N who="1" m="50281" /><E127/><V51/><F67/><W3/><G132/><T126/><D126/><U125/><E40/><V44/><F101/><W5/><G98/><T100/><D100/><U71/><E125/><V69/><F93/><W31/><G31/><T48/><D131/><U86/><E95/><V99/><F99/><W72/><G78/><T122/><D122/><U28/><E28/><V74/><F74/><W123/><G5/><T62/><D48/><U11/><E11/><V134/><F69/><W6/><G6/><T57/><D7/><U25/><E25/><V12/><F134/><W21/><G21/><T47/><D13/><U77/><E71/><V124/><F124/><W113/><G3/><T36/><D14/><U30/><E30/><N who="2" m="17751" /><F8/><W59/><G68/><T133/><D133/><U4/><E4/><N who="2" m="3143" /><F41/><W43/><G72/><T75/><D75/><U50/><E60/><AGARI ba="0,0" hai="44,46,51,52,55,56,58,60" m="3143,17751" machi="60" ten="30,2000,0" yaku="8,1,54,1" doraHai="70" who="2" fromWho="1" sc="250,0,250,-20,250,20,250,0" /><INIT seed="1,0,0,2,0,132" ten="250,230,270,250" oya="1" hai0="55,99,17,105,124,93,81,32,74,102,44,78,106" hai1="16,135,119,63,29,53,37,50,25,117,75,72,6" hai2="35,125,39,91,115,51,2,3,28,48,111,82,131" hai3="8,24,20,92,128,70,129,97,69,94,96,12,40"/><U22/><E37/><V133/><F39/><W71/><G40/><T56/><D32/><U23/><E6/><V41/><F133/><W19/><G96/><T64/><D64/><U49/><E135/><V101/><F111/><W88/><REACH who="3" step="1"/><G92/><REACH who="3" ten="250,230,270,240" step="2"/><T36/><D93/><U90/><E119/><V67/><F41/><W112/><G112/><T65/><D99/><U100/><E117/><V46/><F115/><W21/><G21/><T127/><D105/><U114/><E114/><V118/><F35/><W77/><G77/><T1/><D106/><U13/><E75/><V86/><F118/><W80/><G80/><T11/><D81/><U15/><E72/><V9/><F82/><W14/><G14/><T33/><D78/><U108/><E13/><V0/><F86/><W66/><G66/><T60/><D33/><U110/><E100/><V126/><F101/><W121/><G121/><T26/><D102/><U42/><E90/><V120/><F91/><W47/><G47/><T62/><D74/><U104/><E104/><V76/><F76/><W85/><G85/><T61/><D65/><U68/><E42/><V30/><F67/><W79/><G79/><T84/><D84/><U34/><E34/><V107/><F107/><W52/><G52/><T95/><D95/><U113/><E113/><V98/><F98/><W122/><G122/><T38/><D44/><U43/><E43/><V134/><F120/><W5/><AGARI ba="0,1" hai="5,8,12,19,20,24,69,70,71,88,94,97,128,129" machi="5" ten="40,5200,0" yaku="1,1,0,1,54,1,53,0" doraHai="132" doraHaiUra="45" who="3" fromWho="3" sc="250,-13,230,-26,270,-13,240,62" /><INIT seed="2,0,0,3,1,11" ten="237,204,257,302" oya="2" hai0="72,32,36,67,26,52,68,41,73,103,34,129,1" hai1="117,133,37,12,118,80,16,74,104,24,8,55,77" hai2="57,92,46,21,98,99,119,83,87,110,78,35,111" hai3="101,2,69,130,66,10,125,90,47,28,82,50,94"/><V20/><F35/><W48/><G130/><T64/><D129/><U89/><E104/><V45/><F119/><W107/><G125/><T75/><D1/><U120/><E37/><V7/><F7/><W62/><G28/><T71/><D103/><U106/><E106/><V0/><F0/><W53/><G82/><T115/><D115/><U30/><E133/><V124/><F124/><W19/><G107/><T61/><D26/><U3/><E3/><V76/><F57/><W49/><G101/><T116/><D116/><U9/><E120/><V84/><F83/><W58/><G69/><T23/><D23/><U43/><E43/><V79/><F79/><W91/><G2/><T44/><REACH who="0" step="1"/><D52/><REACH who="0" ten="227,204,257,302" step="2"/><U135/><E135/><V113/><F92/><W102/><G102/><T122/><D122/><U51/><E8/><V18/><F113/><W85/><G90/><T31/><D31/><U114/><E89/><V93/><F93/><W22/><G10/><T6/><D6/><U40/><E40/><V108/><F110/><W65/><G65/><T63/><AGARI ba="0,1" hai="32,34,36,41,44,61,63,64,67,68,71,72,73,75" machi="63" ten="40,12000,2" yaku="1,1,0,1,9,1,33,3,53,0" doraHai="11" doraHaiUra="121" who="0" fromWho="0" sc="227,130,204,-30,257,-60,302,-30" /><INIT seed="3,0,0,3,4,132" ten="357,174,197,272" oya="3" hai0="32,123,13,120,19,58,125,118,20,51,70,63,0" hai1="72,44,90,57,45,76,130,85,53,21,49,28,62" hai2="93,52,26,29,82,95,97,40,116,113,50,129,124" hai3="75,18,96,3,1,33,81,65,69,56,128,101,16"/><W133/><G133/><T134/><D125/><U87/><E130/><V23/><F116/><W10/><G33/><T46/><D118/><U80/><E72/><V17/><F113/><W121/><G69/><T68/><D134/><U131/><E131/><V43/><F129/><W15/><G121/><T83/><D0/><U99/><E99/><V86/><F124/><W8/><G128/><T31/><D70/><U9/><E9/><V107/><F107/><W109/><G109/><T34/><D68/><U67/><E28/><V27/><F95/><W110/><G110/><T11/><D32/><U73/><E73/><V71/><F71/><W47/><G47/><T92/><D92/><U94/><E21/><N who="2" m="15567" /><F86/><W48/><G81/><T100/><D100/><U5/><E5/><V4/><F82/><W122/><G75/><T106/><D106/><U14/><E14/><V127/><F127/><W30/><G30/><T126/><D34/><U12/><E12/><V60/><F4/><W108/><G122/><T115/><D115/><U2/><E2/><V79/><F79/><W135/><G135/><T22/><D83/><U89/><E76/><V55/><F60/><N who="3" m="38023" /><G48/><T88/><D126/><U84/><E84/><V114/><F114/><W38/><G38/><T78/><D78/><U35/><E35/><V91/><F55/><W111/><G111/><T54/><D31/><U25/><E25/><V39/><F39/><W66/><G108/><T104/><D104/><U74/><E74/><V41/><F41/><W37/><G1/><T7/><D123/><U102/><E102/><V59/><AGARI ba="0,0" hai="17,23,27,40,43,50,52,59,91,93,97" m="15567" machi="59" ten="30,4000,0" yaku="5,1,8,1,54,1" doraHai="132" who="2" fromWho="2" sc="357,-10,174,-10,197,40,272,-20" owari="347,44.7,164,-33.6,237,-16.3,252,5.2" /></mjloggm>