<mjloggm ver="2.3"><GO type="225" lobby="0"/><UN n0="%48%61%61%61%6C%61%6E%64" n1="%77%72%77%72%77%72%77%72" n2="%E3%81%B5%E3%81%98%E3%81%8B%E3%81%A4" n3="%72%65%6E%6B%75%6E" dan="18,17,16,17" rate="2191.34,2173.24,2197.73,2200.19" sx="M,M,M,M"/><TAIKYOKU oya="0"/><INIT seed="0,0,0,5,4,135" ten="250,250,250,250" oya="0" hai0="89,125,105,21,50,77,94,65,60,101,98,85,13" hai1="31,113,7,2,86,106,49,70,26,108,53,38,30" hai2="117,55,61,27,134,48,9,133,4,3,47,109,116" hai3="130,80,84,68,66,32,92,97,76,102,6,22,14"/><T100/><D125/><U20/><E70/><V1/><F109/><W25/><G130/><T36/><D36/><U5/><E108/><V29/><F61/><W120/><G120/><T127/><D127/><U15/><E2/><V34/><REACH who="2" step="1"/><F3/><REACH who="2" ten="250,250,240,250" step="2"/><W115/><G115/><T95/><D60/><U40/><E113/><V131/><F131/><W78/><G32/><T71/><D71/><U91/><E38/><V122/><F122/><W41/><G68/><T121/><D121/><U123/><E123/><V58/><F58/><W75/><G66/><T93/><D65/><U69/><E69/><V52/><F52/><W79/><G41/><T17/><D50/><U57/><E40/><V99/><F99/><W124/><G124/><T35/><D35/><U128/><E128/><V43/><F43/><W46/><G46/><T19/><D101/><U111/><E111/><V33/><F33/><W83/><G102/><T39/><D39/><U0/><E0/><V11/><F11/><N who="3" m="4471" /><G97/><T126/><D126/><U132/><E132/><AGARI ba="0,1" hai="1,4,9,27,29,34,47,48,55,116,117,132,133,134" machi="132" ten="40,2600,0" yaku="1,1,20,1,53,0" doraHai="135" doraHaiUra="16" who="2" fromWho="1" sc="250,0,250,-26,240,36,250,0" /><INIT seed="1,0,0,3,0,29" ten="250,224,276,250" oya="1" hai0="92,11,24,10,119,128,58,41,6,98,104,108,100" hai1="96,1,124,70,54,114,107,5,85,86,47,31,9" hai2="12,84,102,115,112,134,77,61,121,0,53,89,132" hai3="14,88,33,126,15,116,57,69,131,80,101,52,110"/><U83/><E114/><N who="2" m="43563" /><F121/><W42/><G69/><T7/><D119/><U87/><E124/><V65/><F0/><W91/><G33/><T40/><D108/><U63/><E31/><V27/><F102/><W36/><G36/><T74/><D74/><U111/><E111/><V97/><F53/><W4/><G110/><T8/><D128/><U59/><E70/><V81/><F12/><N who="3" m="4651" /><G131/><T78/><D78/><U118/><E118/><V34/><F97/><W94/><G116/><T67/><D104/><U26/><E26/><V106/><F77/><W122/><G122/><T46/><D24/><U13/><E1/><V105/><F27/><W60/><G126/><T38/><REACH who="0" step="1"/><D40/><REACH who="0" ten="240,224,276,250" step="2"/><U28/><E28/><V22/><F106/><W16/><G42/><T129/><D129/><U130/><E130/><V120/><F105/><W125/><G125/><T75/><D75/><U23/><E107/><V127/><F127/><W43/><G43/><T109/><D109/><U68/><E83/><V99/><F120/><W82/><G4/><T95/><D95/><U30/><E30/><V18/><F34/><W117/><G117/><T20/><D20/><U45/><E23/><V3/><F22/><W123/><G123/><T39/><D39/><U19/><E5/><V21/><F21/><W79/><G16/><T90/><D90/><N who="3" m="34345" /><G79/><T2/><D2/><U51/><REACH who="1" step="1"/><E96/><AGARI ba="0,1" hai="52,57,60,80,82,94,96,101" m="34345,4651" machi="96" ten="30,3900,0" yaku="8,1,54,2" doraHai="29" who="3" fromWho="1" sc="240,0,224,-39,276,0,250,49" /><INIT seed="2,0,0,4,1,7" ten="240,185,276,299" oya="2" hai0="30,91,69,64,118,28,83,15,102,77,70,93,0" hai1="62,65,109,113,41,128,45,116,124,76,119,10,68" hai2="49,1,85,106,4,96,29,38,39,123,67,32,129" hai3="131,95,25,20,84,66,59,57,53,78,35,135,114"/><V55/><F123/><W82/><G131/><T90/><D0/><U12/><E113/><V115/><F67/><W22/><G135/><T52/><D118/><U17/><E128/><V86/><F86/><W81/><G114/><T48/><D102/><U101/><E109/><V94/><F85/><N who="3" m="48311" /><G35/><T51/><D15/><U130/><E130/><V120/><F106/><W16/><G95/><T36/><D36/><U112/><E112/><V21/><F120/><W72/><G72/><T126/><D126/><U34/><E34/><V33/><F33/><W108/><G108/><T125/><D125/><U23/><E124/><V79/><F79/><N who="3" m="46175" /><G53/><T5/><D77/><U31/><E76/><V100/><F32/><W75/><G66/><T19/><D83/><U6/><E31/><V122/><F122/><W46/><G46/><T8/><D64/><U14/><REACH who="1" step="1"/><E101/><REACH who="1" ten="240,175,276,299" step="2"/><V37/><F100/><W97/><G75/><T111/><D111/><U74/><E74/><V134/><F29/><N who="3" m="17575" /><G97/><T24/><D28/><U92/><E92/><V107/><F94/><W58/><G58/><T104/><D30/><U2/><E2/><V121/><F96/><W9/><G9/><T42/><D93/><U103/><E103/><V18/><F121/><W87/><G87/><T43/><D8/><U80/><E80/><V56/><F129/><W63/><G59/><T60/><D91/><U13/><E13/><N who="2" m="9423" /><F115/><W105/><G57/><T99/><D90/><U89/><E89/><V73/><F73/><W117/><G117/><T11/><D99/><U132/><E132/><V54/><F134/><W50/><G105/><RYUUKYOKU ba="0,1" sc="240,-10,175,30,276,-10,299,-10" hai1="6,10,12,14,17,23,41,45,62,65,68,116,119" /><INIT seed="3,1,1,3,4,44" ten="230,205,266,289" oya="3" hai0="83,101,130,26,78,95,73,38,15,80,2,22,110" hai1="64,106,60,14,77,23,51,104,103,5,40,87,99" hai2="125,89,39,79,68,6,52,122,37,3,128,48,46" hai3="36,7,71,28,90,20,92,8,31,19,126,56,72"/><W34/><G71/><T120/><D2/><U11/><E23/><V49/><F79/><W70/><G70/><T54/><D120/><U97/><E97/><V25/><F68/><W134/><G72/><T67/><D110/><U43/><E106/><V12/><F3/><W17/><G36/><T98/><D38/><U115/><E115/><V124/><F122/><W112/><G112/><T63/><D130/><U65/><E65/><V102/><F102/><W4/><G34/><T96/><D83/><U42/><E77/><V82/><F25/><N who="3" m="14495" /><G134/><T108/><D108/><U29/><E87/><N who="2" m="50423" /><F48/><W109/><G109/><T135/><D135/><U129/><E29/><N who="3" m="11338" /><G56/><T62/><D101/><U1/><E1/><V47/><F128/><W91/><G91/><T121/><D121/><U30/><E30/><V18/><F6/><W33/><G33/><T117/><D73/><U133/><E133/><V75/><F75/><W45/><G45/><T116/><D117/><U127/><E129/><V21/><F46/><W10/><G126/><AGARI ba="1,1" hai="12,18,21,37,39,47,49,52,124,125,126" m="50423" machi="126" ten="30,3900,0" yaku="18,1,52,1,54,1" doraHai="44" who="2" fromWho="3" sc="230,0,205,0,266,52,289,-42" owari="230,-17.0,205,-29.5,318,41.8,247,4.7" /></mjloggm>