<mjloggm ver="2.3"><GO type="225" lobby="0"/><UN n0="%4B%2E%32%2E%4B%2E" n1="%73%75%7A%75%6D%65%33" n2="%E3%81%AF%E3%82%88%E3%81%8A%E3%81%98%E3%81%95%E3%82%93" n3="%6D%75%75%6D%75%72%61" dan="16,18,17,16" rate="2078.52,2249.20,2200.81,2215.39" sx="M,M,M,F"/><TAIKYOKU oya="0"/><INIT seed="0,0,0,1,5,7" ten="250,250,250,250" oya="0" hai0="15,13,68,81,47,113,87,12,72,58,2,120,65" hai1="37,55,14,50,107,16,54,132,98,108,22,44,80" hai2="133,1,30,104,53,75,0,25,125,90,114,88,43" hai3="92,24,101,60,79,74,11,40,115,112,129,59,34"/><T130/><D113/><U135/><E108/><V123/><F114/><W76/><G129/><T46/><D120/><U109/><E109/><V83/><F123/><W31/><G40/><T56/><D2/><U73/><E37/><V126/><F104/><W131/><G131/><T67/><D72/><U94/><E107/><V71/><F71/><W63/><G63/><T91/><D130/><U64/><E64/><N who="0" m="24649" /><D68/><U70/><E70/><V97/><F43/><W134/><G134/><N who="1" m="51242" /><E80/><V39/><F39/><W66/><G112/><T33/><D33/><U69/><E73/><V5/><F133/><W51/><G51/><T48/><D46/><U86/><E86/><N who="2" m="50271" /><F5/><W8/><G115/><T28/><D28/><U19/><E19/><V116/><F75/><W102/><G74/><T26/><D26/><U17/><E17/><V36/><F36/><W121/><G121/><T85/><D87/><U111/><E69/><V96/><F116/><W61/><G61/><T9/><D9/><U100/><E111/><V23/><F0/><W18/><G18/><T4/><D4/><U118/><E118/><V35/><F1/><W62/><G62/><T84/><D84/><U78/><E78/><V82/><F35/><W29/><G29/><T20/><D20/><U3/><E3/><V38/><F38/><W103/><REACH who="3" step="1"/><G92/><REACH who="3" ten="250,250,250,240" step="2"/><T10/><D10/><AGARI ba="0,1" hai="8,10,11,24,31,34,59,60,66,76,79,101,102,103" machi="10" ten="40,8000,1" yaku="1,1,2,1,52,3,53,0" doraHai="7" doraHaiUra="106" who="3" fromWho="0" sc="250,-80,250,0,250,0,240,90" /><INIT seed="1,0,0,1,5,19" ten="170,250,250,330" oya="1" hai0="116,37,97,126,49,20,9,31,13,135,123,83,88" hai1="110,29,68,117,18,60,118,95,133,7,30,28,132" hai2="14,62,113,79,59,61,87,129,72,94,119,134,125" hai3="86,131,17,102,54,90,11,84,21,44,120,114,70"/><U35/><E68/><V45/><F119/><N who="1" m="45577" /><E60/><V105/><F105/><W81/><G120/><T108/><D116/><U38/><E38/><V47/><F72/><W40/><G114/><T5/><D37/><U43/><E43/><V27/><F113/><W50/><G70/><T103/><D123/><U42/><E42/><V98/><F125/><W41/><G131/><T89/><D126/><U75/><E75/><V115/><F134/><N who="1" m="51817" /><E95/><V52/><F129/><W69/><G69/><T124/><D124/><U66/><E66/><V130/><F130/><W0/><G102/><T23/><D135/><U76/><E76/><V63/><F115/><W22/><G0/><T12/><D108/><U48/><E48/><N who="2" m="31111" /><F14/><N who="3" m="7391" /><G40/><T111/><D111/><U4/><E110/><V99/><F27/><W2/><G2/><T106/><D49/><U92/><E92/><V34/><F34/><W80/><G41/><T112/><D112/><U109/><E109/><V91/><F79/><AGARI ba="0,0" hai="21,22,44,50,54,79,80,81,84,86,90" m="7391" machi="79" ten="30,7700,0" yaku="25,1,8,1,52,2" doraHai="19" who="3" fromWho="2" sc="170,0,250,0,250,-77,330,77" /><INIT seed="2,0,0,2,2,94" ten="170,250,173,407" oya="2" hai0="20,62,89,19,14,80,12,18,131,0,41,125,45" hai1="121,135,67,56,6,109,127,25,29,39,59,54,31" hai2="37,63,107,83,40,11,61,7,30,128,96,71,2" hai3="52,44,49,23,85,13,95,123,132,90,111,117,74"/><V57/><F128/><W33/><G117/><T27/><D0/><U77/><E39/><V16/><F30/><W101/><G123/><T79/><D131/><U58/><E121/><V104/><F71/><W1/><G33/><T28/><D125/><U66/><E127/><V21/><F83/><W116/><G116/><T100/><D100/><U130/><E130/><V73/><F73/><W43/><G1/><T34/><D89/><U129/><E129/><V68/><F68/><W108/><G74/><T38/><D62/><U50/><E109/><N who="3" m="42058" /><G132/><T86/><REACH who="0" step="1"/><D19/><REACH who="0" ten="160,250,173,407" step="2"/><U126/><E126/><V105/><F63/><W106/><G101/><T60/><D60/><U36/><E135/><V48/><F37/><W112/><G112/><T97/><D97/><U103/><E103/><V102/><F48/><W133/><G133/><T35/><D35/><U26/><E36/><V82/><F82/><W53/><G106/><T110/><D110/><U22/><E77/><V113/><F113/><W119/><G119/><T91/><D91/><U81/><E81/><V98/><F96/><W15/><G95/><T4/><D4/><U76/><E6/><V92/><F40/><W134/><G134/><T47/><D47/><N who="1" m="27999" /><E76/><V64/><REACH who="2" step="1"/><F105/><REACH who="2" ten="160,250,163,407" step="2"/><W69/><G69/><T46/><D46/><U8/><E31/><V42/><F42/><W5/><G43/><T3/><D3/><U55/><E29/><V118/><F118/><W65/><G44/><T10/><D10/><U93/><E8/><V115/><F115/><W88/><G23/><T70/><D70/><U78/><E22/><V32/><F32/><RYUUKYOKU ba="0,2" sc="160,15,250,-15,163,15,407,-15" hai0="12,14,18,20,27,28,34,38,41,45,79,80,86" hai2="2,7,11,16,21,57,61,64,92,98,102,104,107" /><INIT seed="2,1,2,4,5,20" ten="175,235,178,392" oya="2" hai0="130,28,9,85,37,83,86,75,56,124,1,18,17" hai1="100,128,117,41,82,64,68,57,53,11,26,106,81" hai2="39,66,132,98,40,76,24,25,93,101,112,94,47" hai3="126,119,111,23,79,118,84,60,59,45,31,96,131"/><V125/><F112/><W7/><G111/><T6/><D37/><U44/><E117/><V35/><F125/><W133/><G126/><T29/><D124/><U19/><E128/><V72/><F132/><W67/><G133/><T114/><D114/><U8/><E68/><V63/><F35/><W115/><G115/><T78/><D130/><U109/><E64/><V107/><F76/><W89/><G131/><T92/><D75/><U97/><E109/><V0/><F0/><W14/><G79/><T61/><D86/><U30/><E19/><V10/><F10/><W48/><G96/><T58/><D92/><U108/><E108/><V54/><F54/><W74/><G74/><T123/><D56/><U120/><E120/><V22/><F72/><W4/><G118/><T55/><REACH who="0" step="1"/><D123/><REACH who="0" ten="165,235,178,392" step="2"/><U71/><E71/><V21/><F63/><W65/><G119/><T13/><D13/><U116/><E116/><V104/><F66/><W52/><G65/><T43/><D43/><U32/><E82/><V127/><F127/><W134/><G134/><T3/><D3/><U113/><E81/><V103/><F104/><W135/><G135/><T91/><D91/><U88/><E88/><V129/><F129/><W2/><G2/><T42/><D42/><U87/><E87/><V51/><F39/><W95/><G14/><T69/><D69/><U90/><E90/><V27/><F107/><W49/><G49/><T46/><D46/><U15/><E15/><V5/><F5/><W110/><G110/><T73/><D73/><U121/><E121/><V99/><AGARI ba="1,3" hai="21,22,24,25,27,40,47,51,93,94,98,99,101,103" machi="99" ten="30,18000,2" yaku="0,1,9,1,8,1,52,3" doraHai="20" who="2" fromWho="2" sc="165,-61,235,-61,178,213,392,-61" /><INIT seed="2,2,0,0,4,4" ten="104,174,391,331" oya="2" hai0="45,100,123,80,27,32,128,103,18,110,92,3,66" hai1="126,95,29,86,68,31,73,6,108,58,130,112,89" hai2="135,106,25,76,134,20,121,119,75,120,28,115,22" hai3="78,53,104,9,21,85,97,118,12,55,51,19,26"/><V7/><F106/><W102/><G118/><T24/><D123/><N who="2" m="47178" /><F76/><W63/><G63/><T114/><D110/><U40/><E112/><V125/><F75/><W49/><G78/><T132/><D128/><U47/><E108/><V127/><F115/><W42/><G85/><T11/><D132/><N who="2" m="50730" /><F119/><W62/><G62/><T16/><D32/><U82/><E68/><V30/><F7/><W81/><G81/><T122/><D122/><U71/><E71/><V57/><F57/><W70/><G70/><T133/><D133/><U54/><E6/><V88/><F88/><W44/><REACH who="3" step="1"/><G51/><REACH who="3" ten="104,174,391,321" step="2"/><T10/><D114/><U38/><E82/><V34/><F30/><AGARI ba="2,1" hai="9,12,19,21,26,30,42,44,49,53,55,97,102,104" machi="30" ten="30,7700,0" yaku="1,1,2,1,7,1,52,1,53,0" doraHai="4" doraHaiUra="84" who="3" fromWho="2" sc="104,0,174,0,391,-83,321,93" /><INIT seed="3,0,0,3,2,83" ten="104,174,308,414" oya="3" hai0="35,32,73,44,26,75,103,85,6,128,9,27,62" hai1="0,41,108,59,81,96,121,119,31,10,50,33,18" hai2="57,58,60,99,56,134,102,39,12,90,130,127,116" hai3="114,132,95,53,97,48,79,1,17,125,113,88,65"/><W109/><G1/><T92/><D128/><U71/><E71/><V100/><F116/><W78/><G132/><T123/><D123/><U21/><E121/><V11/><F39/><W80/><G125/><T20/><D73/><U47/><E119/><V8/><F130/><W131/><G131/><T4/><D75/><U51/><E108/><V29/><F134/><W70/><G109/><T129/><D129/><U2/><E33/><V118/><F118/><W14/><G65/><T69/><D69/><U66/><E31/><V104/><F127/><W13/><G70/><T107/><D107/><U94/><E81/><V115/><F115/><W43/><G43/><T68/><D68/><U34/><E34/><N who="0" m="12841" /><D62/><U76/><E76/><V37/><F37/><W49/><G13/><N who="0" m="5287" /><D85/><U120/><E120/><V89/><F29/><W15/><G17/><N who="0" m="12559" /><D44/><U122/><E122/><V3/><F3/><W67/><G79/><T110/><D92/><U133/><E66/><V38/><F38/><W24/><G67/><T101/><D101/><U64/><E64/><V46/><F46/><W87/><G48/><T16/><D103/><U93/><E50/><V77/><F77/><W105/><G105/><T72/><D72/><U52/><E51/><V36/><F36/><W91/><G78/><T86/><D110/><U22/><E47/><V126/><F126/><W117/><G117/><T124/><D124/><U28/><E41/><V42/><F42/><W106/><G106/><T5/><D86/><U74/><E74/><V61/><F104/><W135/><G114/><T19/><D27/><U40/><E40/><RYUUKYOKU ba="0,0" sc="104,30,174,-10,308,-10,414,-10" hai0="5,6,16,19" owari="134,-36.6,164,-23.6,298,9.8,404,50.4" /></mjloggm>