<mjloggm ver="2.3"><GO type="225" lobby="0"/><UN n0="%4B%2E%32%2E%4B%2E" n1="%E3%83%B4%E3%82%A3%E3%83%AF%E3%82%B3%E3%82%B0%E3%83%8B" n2="%E5%A4%96%E5%B7%9D%E7%AB%9C%E6%88%90" n3="%E6%97%A5%E6%9B%9C%E6%97%A5%E3%82%88%E3%82%8A%E3%81%AE%E4%BD%BF%E8%80%85" dan="16,16,16,18" rate="2091.18,2124.90,2212.50,2154.55" sx="M,M,M,M"/><TAIKYOKU oya="0"/><INIT seed="0,0,0,1,4,49" ten="250,250,250,250" oya="0" hai0="74,113,51,91,86,12,125,33,80,77,97,71,117" hai1="89,87,36,79,110,45,8,126,106,104,52,111,21" hai2="132,29,76,90,130,124,23,68,96,134,70,69,72" hai3="99,88,17,34,115,13,46,93,10,16,22,54,120"/><T109/><D113/><U85/><E126/><V41/><F41/><W2/><G115/><T123/><D117/><U122/><E122/><V121/><F121/><W102/><G120/><T127/><D123/><U15/><E21/><V59/><F124/><N who="0" m="47690" /><D71/><U63/><E79/><V11/><F11/><W61/><G34/><T4/><D33/><U56/><E45/><V75/><F130/><W3/><G102/><T25/><D109/><N who="1" m="41483" /><E36/><V57/><F23/><W64/><G46/><T114/><D114/><U39/><E39/><V6/><F29/><W133/><G133/><N who="2" m="51305" /><F6/><W19/><G19/><T1/><D1/><U95/><E87/><V107/><F76/><W47/><G47/><T62/><D25/><U14/><E14/><V73/><F90/><W66/><G2/><T112/><D112/><U9/><E9/><V40/><F40/><W65/><G3/><T38/><D38/><U50/><E50/><V135/><N who="2" m="51313" /><V78/><DORA hai="103" /><F78/><W32/><G32/><T18/><D51/><U30/><E30/><V119/><F119/><W83/><G83/><N who="0" m="45495" /><D4/><AGARI ba="0,0" hai="4,8,15,52,56,63,85,89,95,104,106" m="41483" machi="4" ten="30,8000,1" yaku="14,1,52,3,54,1" doraHai="49,103" who="1" fromWho="0" sc="250,-80,250,80,250,0,250,0" /><INIT seed="1,0,0,5,0,45" ten="170,330,250,250" oya="1" hai0="46,65,64,49,31,114,96,16,10,67,130,51,21" hai1="80,1,35,107,124,75,87,77,30,90,19,36,12" hai2="40,105,74,89,86,128,82,117,97,110,62,122,23" hai3="29,115,91,94,135,93,14,25,32,108,79,13,54"/><U20/><E124/><V133/><F117/><W104/><G104/><T59/><D114/><U53/><E107/><V98/><F122/><W5/><G115/><T71/><D71/><U8/><E36/><V24/><F110/><W83/><G108/><T118/><D118/><U88/><E75/><V84/><F128/><W66/><G135/><T68/><D130/><U69/><E69/><V11/><F133/><W27/><G66/><T60/><D68/><U55/><E35/><V38/><F62/><W70/><G70/><T125/><D125/><U57/><E53/><V95/><F11/><W109/><G109/><T101/><D31/><U42/><E42/><V132/><F132/><W134/><G134/><T61/><D10/><U121/><E121/><V112/><F112/><W33/><G5/><T2/><D2/><U6/><REACH who="1" step="1"/><E30/><REACH who="1" ten="170,320,250,250" step="2"/><V50/><F38/><W17/><G54/><T9/><D67/><U7/><E7/><V3/><F74/><W120/><G120/><T78/><D65/><U103/><E103/><V73/><F73/><W52/><G52/><N who="0" m="32143" /><D64/><U119/><E119/><V41/><F105/><W0/><G33/><T4/><D4/><U15/><E15/><V123/><F123/><W116/><G116/><T48/><D61/><AGARI ba="0,1" hai="1,6,8,12,19,20,55,57,61,77,80,87,88,90" machi="61" ten="30,11600,0" yaku="1,1,7,1,54,1,53,1" doraHai="45" doraHaiUra="18" who="1" fromWho="0" sc="170,-116,320,126,250,0,250,0" /><INIT seed="1,1,0,4,2,103" ten="54,446,250,250" oya="1" hai0="37,43,63,80,113,94,83,45,92,127,126,41,54" hai1="56,48,134,13,67,21,133,1,42,11,5,16,71" hai2="109,40,8,33,125,49,39,81,91,106,102,7,9" hai3="55,118,50,97,84,128,96,6,12,24,28,57,112"/><U72/><E72/><V131/><F33/><W20/><G112/><T69/><D113/><U79/><E79/><V129/><F109/><W78/><G128/><N who="2" m="49225" /><F125/><W130/><G130/><T77/><D83/><U58/><E71/><V135/><F39/><W17/><G6/><T53/><D43/><U0/><E0/><V51/><F40/><W107/><G107/><T86/><D94/><U123/><E123/><V19/><F19/><W88/><G78/><T110/><D92/><U36/><E36/><V76/><F91/><W31/><G118/><T121/><D110/><U105/><E105/><V18/><F18/><W22/><G28/><T114/><D114/><U132/><E67/><V59/><F59/><W104/><G104/><T27/><D121/><U68/><E68/><V100/><F9/><W25/><REACH who="3" step="1"/><G24/><REACH who="3" ten="54,446,250,240" step="2"/><T124/><REACH who="0" step="1"/><D27/><REACH who="0" ten="44,446,250,240" step="2"/><U98/><E133/><V120/><F135/><W2/><G2/><T70/><D70/><U14/><E1/><V38/><F106/><W82/><AGARI ba="1,2" hai="12,17,20,22,25,31,50,55,57,82,84,88,96,97" machi="82" ten="20,8000,1" yaku="1,1,0,1,7,1,8,1,54,1,53,0" doraHai="103" doraHaiUra="116" who="3" fromWho="3" sc="44,-21,446,-41,250,-21,240,103" /><INIT seed="2,0,0,2,2,84" ten="23,405,229,343" oya="2" hai0="118,35,50,98,9,10,22,132,78,11,7,127,110" hai1="52,63,130,94,4,49,106,53,34,40,44,6,121" hai2="79,81,19,91,125,33,46,28,55,27,62,101,100" hai3="114,107,14,45,70,88,95,2,20,117,80,58,64"/><V87/><F125/><W68/><G2/><T75/><D35/><U31/><E106/><V92/><F19/><W26/><G107/><T134/><D75/><U59/><E130/><V5/><F5/><W18/><G117/><T13/><D78/><U24/><E121/><V135/><F135/><N who="0" m="51754" /><D98/><U8/><E94/><V0/><F0/><W90/><G114/><T16/><D50/><U119/><E119/><V72/><F46/><W133/><G133/><T60/><D60/><U93/><E93/><V123/><F123/><W103/><G70/><T74/><D74/><U111/><E111/><V67/><REACH who="2" step="1"/><F55/><REACH who="2" ten="23,405,219,343" step="2"/><W69/><G45/><T115/><D118/><U122/><E122/><V23/><F23/><W65/><G20/><T38/><D127/><U17/><E17/><V96/><F96/><W37/><G18/><T43/><D43/><U71/><E53/><V102/><F102/><W3/><G103/><T113/><D38/><N who="1" m="21527" /><E8/><N who="0" m="3177" /><D110/><U99/><E99/><V82/><F82/><W89/><G3/><AGARI ba="0,1" hai="3,7,11,13,16,22,113,115" m="3177,51754" machi="3" ten="30,7700,0" yaku="20,1,34,2,54,1" doraHai="84" who="0" fromWho="3" sc="23,87,405,0,219,0,343,-77" /><INIT seed="3,0,0,3,3,40" ten="110,405,219,266" oya="3" hai0="61,13,2,46,102,50,65,121,103,11,8,96,70" hai1="100,19,38,10,77,111,39,23,56,74,99,130,37" hai2="82,27,59,0,6,33,86,64,126,134,21,26,112" hai3="116,79,52,16,49,88,89,28,4,129,44,34,36"/><W48/><G116/><T115/><D121/><U47/><E111/><V132/><F64/><W12/><G36/><T29/><D115/><U67/><E130/><V43/><F86/><W114/><G114/><T127/><D127/><U17/><E10/><N who="2" m="2375" /><F59/><N who="3" m="33159" /><G34/><T53/><D2/><U87/><E17/><N who="2" m="12591" /><F43/><N who="3" m="24735" /><G129/><T80/><D29/><U106/><E23/><V24/><F82/><W22/><G28/><T15/><D80/><U101/><E19/><V75/><F75/><W42/><G4/><T95/><D103/><U91/><E101/><V63/><F63/><W68/><G68/><T124/><D124/><U92/><E56/><V109/><F112/><W113/><G113/><T97/><D97/><U117/><E117/><V41/><F41/><W119/><G119/><T78/><D78/><U105/><E67/><V57/><F57/><W98/><G42/><T55/><D11/><U14/><E106/><V66/><F66/><W72/><G72/><T54/><D8/><U51/><E14/><V90/><F126/><W30/><G30/><T60/><D60/><U118/><E118/><V120/><F109/><W18/><G79/><T5/><D5/><U81/><E37/><V83/><F120/><W25/><G98/><T108/><D108/><U104/><E104/><V123/><F123/><W45/><G45/><T7/><D7/><U135/><E135/><N who="2" m="51755" /><F33/><W9/><AGARI ba="0,0" hai="9,12,16,18,22,25,88,89" m="24735,33159" machi="9" ten="30,12000,1" yaku="8,1,52,1,54,3" doraHai="40" who="3" fromWho="3" sc="110,-40,405,-40,219,-40,266,120" owari="70,-43.0,365,16.5,179,-22.1,386,48.6" /></mjloggm>