<mjloggm ver="2.3"><GO type="225" lobby="0"/><UN n0="%E3%81%BE%E3%81%A8%E3%81%9F" n1="%E9%A6%AC%E4%BA%86%E9%9A%94%E5%A3%81" n2="%E7%99%BD%E6%97%A5%E9%9B%AA%E8%8F%9C" n3="%33%74%72%65%65" dan="16,18,17,16" rate="2159.22,2213.57,2221.19,2118.70" sx="M,M,M,F"/><TAIKYOKU oya="0"/><INIT seed="0,0,0,0,2,51" ten="250,250,250,250" oya="0" hai0="97,49,87,92,28,100,53,17,26,64,130,19,74" hai1="65,21,117,50,16,58,12,61,125,78,129,43,135" hai2="121,127,126,71,32,35,79,4,131,72,85,59,42" hai3="69,38,94,111,37,22,5,6,13,7,41,33,81"/><T52/><D130/><U15/><E117/><V115/><F115/><W107/><G107/><T112/><D112/><U25/><E129/><V2/><F121/><W8/><G33/><T76/><D74/><U62/><E135/><V29/><F85/><W56/><G69/><T3/><D3/><U67/><E125/><N who="2" m="47627" /><F71/><W95/><G111/><T114/><D64/><N who="1" m="24651" /><E78/><V68/><F68/><W27/><G81/><N who="0" m="47527" /><D114/><U66/><E62/><V0/><F42/><W55/><G41/><T23/><D53/><N who="1" m="32055" /><E43/><V80/><F131/><W31/><G38/><T82/><D82/><U83/><E83/><V93/><F93/><N who="3" m="35339" /><G37/><T91/><D91/><U89/><E89/><V86/><F72/><W134/><G134/><T128/><D128/><U20/><E21/><V105/><F105/><W132/><G132/><T99/><D99/><U11/><E11/><N who="2" m="2439" /><F2/><W104/><G104/><T123/><D123/><U110/><E110/><V106/><F106/><W14/><G8/><T90/><D90/><U47/><E47/><AGARI ba="0,0" hai="17,19,23,26,28,47,49,52,92,97,100" m="47527" machi="47" ten="30,5800,0" yaku="8,1,52,1,54,1" doraHai="51" who="0" fromWho="1" sc="250,58,250,-58,250,0,250,0" /><INIT seed="0,1,0,0,2,34" ten="308,192,250,250" oya="0" hai0="110,42,31,85,55,56,94,0,81,32,126,93,73" hai1="36,82,75,86,13,129,125,60,108,120,40,7,135" hai2="96,35,132,71,10,43,8,113,101,74,51,65,116" hai3="128,95,17,4,68,38,80,28,79,103,12,39,98"/><T67/><D73/><U104/><E120/><V29/><F113/><W16/><G128/><T21/><D32/><U64/><E75/><V3/><F74/><W90/><G68/><T97/><D42/><U5/><E104/><V133/><F116/><W130/><G130/><T87/><D0/><U30/><E129/><V62/><F29/><W11/><G28/><T70/><D70/><U127/><E108/><V123/><F35/><W118/><G118/><T77/><D67/><U63/><E135/><N who="2" m="51787" /><F3/><W24/><G79/><T41/><D41/><U69/><E30/><V14/><F123/><W9/><G24/><T6/><D6/><U15/><E63/><V20/><F20/><W88/><G17/><T54/><D21/><U19/><E40/><V107/><F14/><N who="1" m="5129" /><E19/><V112/><F112/><W1/><REACH who="3" step="1"/><G80/><REACH who="3" ten="308,192,250,240" step="2"/><T134/><D31/><U22/><E36/><AGARI ba="1,1" hai="1,4,9,11,12,16,36,38,39,88,90,95,98,103" machi="36" ten="40,12000,2" yaku="1,1,2,1,52,1,54,2,53,1" doraHai="34" doraHaiUra="89" who="3" fromWho="1" sc="308,0,192,-123,250,0,240,133" /><INIT seed="1,0,0,1,4,91" ten="308,69,250,373" oya="1" hai0="132,100,107,15,9,56,28,18,85,39,4,49,55" hai1="93,33,62,64,17,116,72,6,92,44,11,2,59" hai2="22,101,57,61,10,97,27,102,48,89,47,95,90" hai3="24,46,126,68,80,1,31,66,117,73,45,69,81"/><U3/><E116/><V94/><F10/><W54/><G126/><T52/><D39/><U5/><E72/><V20/><F20/><W58/><G1/><T111/><D132/><U122/><E122/><V99/><F47/><W103/><G68/><T65/><D65/><U127/><E33/><V105/><F48/><W75/><G75/><T40/><D40/><U25/><E127/><V38/><F38/><W53/><G53/><T110/><D28/><U114/><E114/><V19/><F105/><W7/><G7/><T36/><D36/><U118/><E118/><V13/><F13/><W125/><G69/><T131/><D131/><U60/><E44/><V8/><F8/><W0/><G0/><T23/><D85/><U106/><E106/><V130/><F130/><W12/><G45/><T42/><D42/><U76/><E76/><V79/><F79/><W34/><G73/><T121/><D55/><AGARI ba="0,0" hai="19,22,27,55,57,61,89,90,94,95,97,99,101,102" machi="55" ten="30,12000,2" yaku="7,1,9,1,25,2,8,1,52,2" doraHai="91" who="2" fromWho="0" sc="308,-120,69,0,250,120,373,0" /><INIT seed="2,0,0,1,1,75" ten="188,69,370,373" oya="2" hai0="109,102,99,32,16,13,23,64,112,122,41,71,26" hai1="123,43,2,36,53,130,95,0,120,52,90,24,73" hai2="86,114,91,121,27,81,61,17,128,25,129,117,21" hai3="124,80,79,54,111,65,78,22,15,34,125,56,18"/><V68/><F114/><W9/><G34/><T113/><D122/><U6/><E130/><N who="2" m="50283" /><F117/><W20/><G65/><T104/><D41/><U82/><E2/><V87/><F121/><N who="1" m="46665" /><E24/><N who="2" m="14383" /><F86/><W58/><G111/><T12/><D109/><U115/><E115/><V132/><F132/><W35/><G35/><T88/><D13/><U96/><E0/><V74/><F74/><W134/><G134/><T103/><D103/><U77/><E6/><V51/><F51/><W92/><G125/><T8/><D88/><N who="1" m="55399" /><E36/><V33/><F33/><W133/><G124/><T4/><D32/><U49/><E90/><V7/><F7/><W3/><G133/><T107/><D107/><U28/><E28/><V19/><F19/><W98/><G3/><T59/><D71/><U67/><E67/><AGARI ba="0,0" hai="25,27,61,67,68,81,87,91" m="14383,50283" machi="67" ten="30,1500,0" yaku="19,1" doraHai="75" who="2" fromWho="1" sc="188,0,69,-15,370,15,373,0" /><INIT seed="2,1,0,1,4,66" ten="188,54,385,373" oya="2" hai0="3,101,1,91,124,20,37,52,99,83,35,39,104" hai1="47,80,82,58,46,88,100,122,32,95,15,45,22" hai2="119,129,116,60,75,30,85,71,11,31,120,110,89" hai3="135,78,25,36,98,57,63,55,73,118,29,81,87"/><V5/><F120/><W114/><G135/><T27/><D35/><U2/><E32/><V127/><F75/><W112/><G118/><T103/><D103/><U65/><E2/><V7/><F129/><W16/><G36/><T34/><D34/><U90/><E122/><V42/><F42/><W93/><G73/><T9/><D3/><U8/><E100/><V54/><F127/><W26/><G29/><T113/><D9/><U107/><E107/><V74/><F74/><W79/><G79/><T84/><D1/><U14/><E22/><V92/><F7/><W19/><G26/><T0/><D0/><U40/><E40/><V17/><F17/><W96/><G96/><T125/><D113/><N who="3" m="43625" /><G25/><T121/><D121/><U50/><E14/><V38/><F38/><W106/><G106/><T24/><D24/><U6/><E90/><AGARI ba="1,0" hai="16,19,55,57,63,78,81,87,90,93,98" m="43625" machi="90" ten="30,2000,0" yaku="11,1,54,1" doraHai="66" who="3" fromWho="1" sc="188,0,54,-23,385,0,373,23" /><INIT seed="3,0,0,3,2,48" ten="188,31,385,396" oya="3" hai0="42,40,1,51,88,13,74,45,44,125,10,112,50" hai1="39,124,117,67,21,134,52,32,72,135,97,33,110" hai2="96,60,30,68,99,15,126,41,71,54,77,83,53" hai3="61,122,17,4,27,8,94,66,35,121,62,108,3"/><W115/><G115/><T95/><D74/><U28/><E97/><V76/><F41/><W73/><G108/><T114/><D1/><U104/><E67/><V85/><F30/><W91/><G73/><T55/><D125/><U24/><E28/><V9/><F126/><W133/><G133/><T38/><D38/><U64/><E64/><V103/><F76/><W120/><G35/><T79/><D79/><U131/><E21/><V5/><F99/><W132/><G132/><T118/><D118/><U63/><E63/><V123/><F123/><W58/><G61/><T93/><D13/><U0/><E24/><V19/><F5/><W98/><G27/><T22/><D22/><U128/><E52/><V43/><F43/><W90/><REACH who="3" step="1"/><G17/><REACH who="3" ten="188,31,385,386" step="2"/><T70/><D114/><U106/><E33/><V109/><F109/><W12/><G12/><T84/><D112/><U6/><E6/><V92/><REACH who="2" step="1"/><F60/><REACH who="2" ten="188,31,375,386" step="2"/><W100/><AGARI ba="0,2" hai="3,4,8,58,62,66,90,91,94,98,100,120,121,122" machi="100" ten="30,3000,0" yaku="1,1,0,1,53,0" doraHai="48" doraHaiUra="81" who="3" fromWho="3" sc="188,-10,31,-10,375,-10,386,50" owari="178,-22.2,21,-47.9,365,16.5,436,53.6" /></mjloggm>