<mjloggm ver="2.3"><GO type="225" lobby="0"/><UN n0="%E3%81%9F%E3%81%A3%E3%81%A1%E3%82%87" n1="%47%32%E9%BE%8D%E9%96%80" n2="%4D%50%43%32%38%30%30" n3="%E3%81%95%E3%81%8D%E3%81%9F%E3%81%BE%E6%9E%97%E6%AA%8E" dan="16,16,16,16" rate="2065.57,2102.88,2142.11,2154.64" sx="M,M,M,M"/><TAIKYOKU oya="0"/><INIT seed="0,0,0,2,0,128" ten="250,250,250,250" oya="0" hai0="95,1,46,27,126,40,0,97,65,90,83,34,3" hai1="80,42,125,6,28,25,79,77,132,67,133,52,23" hai2="134,94,32,55,118,5,71,8,53,73,121,22,88" hai3="9,135,39,44,45,57,115,37,112,17,7,75,15"/><T102/><D126/><U20/><E67/><V21/><F121/><W127/><G75/><T130/><D130/><U38/><E125/><V12/><F32/><W74/><G74/><T105/><D65/><U91/><E6/><V47/><F71/><W48/><G127/><T93/><D83/><U104/><E104/><V62/><F73/><W61/><G135/><N who="1" m="51786" /><E52/><N who="2" m="20043" /><F118/><W50/><G112/><T107/><D27/><N who="1" m="16487" /><E91/><V82/><F134/><W16/><G115/><T85/><REACH who="0" step="1"/><D34/><REACH who="0" ten="240,250,250,250" step="2"/><U36/><E80/><V78/><F82/><W66/><G39/><AGARI ba="0,1" hai="0,1,3,39,40,46,85,90,93,95,97,102,105,107" machi="39" ten="40,3900,0" yaku="1,1,2,1,53,0" doraHai="128" doraHaiUra="111" who="0" fromWho="3" sc="240,49,250,0,250,0,250,-39" /><INIT seed="0,1,0,1,2,67" ten="289,250,250,211" oya="0" hai0="43,101,135,24,112,90,132,115,114,18,53,32,73" hai1="94,22,117,36,75,87,134,58,82,42,95,81,91" hai2="33,79,3,76,96,70,130,15,120,128,65,52,72" hai3="55,30,63,69,11,29,71,66,14,116,124,127,99"/><T27/><D73/><U41/><E117/><V45/><F3/><W47/><G116/><T31/><D101/><U111/><E111/><V88/><F33/><W9/><G99/><T83/><D43/><U49/><E134/><N who="0" m="51241" /><D53/><N who="1" m="32047" /><E36/><V44/><F44/><W19/><G11/><T0/><D0/><U25/><E75/><V84/><F96/><W123/><G123/><T10/><D83/><N who="1" m="31755" /><E95/><N who="2" m="54663" /><F15/><W61/><G47/><T56/><D56/><U98/><E98/><V46/><F120/><W64/><REACH who="3" step="1"/><G55/><REACH who="3" ten="289,250,250,201" step="2"/><T74/><D112/><U129/><E129/><N who="2" m="49771" /><F46/><W17/><G17/><AGARI ba="1,1" hai="17,22,25,41,42,87,91,94" m="31755,32047" machi="17" ten="30,1000,0" yaku="8,1" doraHai="67" who="1" fromWho="3" sc="289,0,250,23,250,0,201,-13" /><INIT seed="1,0,0,5,0,13" ten="289,273,250,188" oya="1" hai0="88,64,39,58,77,22,52,9,12,114,60,92,57" hai1="80,10,21,14,25,20,79,135,53,115,37,94,124" hai2="75,82,55,51,26,40,97,130,65,98,78,127,0" hai3="7,99,44,54,108,120,15,69,61,6,19,83,119"/><U85/><E115/><V17/><F0/><W29/><G108/><T104/><D39/><U126/><E37/><V102/><F130/><W32/><G120/><T128/><D104/><U62/><E135/><V24/><F127/><N who="1" m="48681" /><E94/><V113/><F113/><W72/><G119/><T105/><D105/><U89/><E79/><V90/><F65/><W100/><G72/><T4/><D128/><U1/><E1/><V117/><F40/><W11/><G83/><T91/><D77/><U134/><E134/><V86/><F117/><W112/><G112/><T31/><D114/><U34/><E34/><V41/><F41/><W74/><G74/><T70/><D70/><U118/><E25/><V95/><F98/><W68/><G68/><T3/><D92/><U43/><E43/><V46/><F17/><W50/><G29/><T48/><D3/><U36/><E36/><V2/><REACH who="2" step="1"/><F2/><REACH who="2" ten="289,273,240,188" step="2"/><W123/><G123/><T47/><REACH who="0" step="1"/><D47/><REACH who="0" ten="279,273,240,188" step="2"/><U38/><E118/><V35/><F35/><W133/><G32/><T16/><D16/><N who="1" m="8279" /><E38/><V33/><F33/><W49/><G133/><T45/><D45/><U107/><E107/><AGARI ba="0,2" hai="24,26,46,51,55,75,78,82,86,90,95,97,102,107" machi="107" ten="30,7700,0" yaku="1,1,7,1,24,2,53,0" doraHai="13" doraHaiUra="110" who="2" fromWho="1" sc="279,0,273,-77,240,97,188,0" /><INIT seed="2,0,0,0,1,132" ten="279,196,337,188" oya="2" hai0="86,31,75,9,24,84,91,26,6,111,5,79,21" hai1="14,16,133,43,77,62,135,17,100,69,13,23,90" hai2="117,80,37,38,109,51,114,68,126,63,54,59,103" hai3="73,32,25,125,96,39,0,70,107,105,50,93,49"/><V10/><F114/><W57/><G70/><T120/><D75/><U127/><E100/><V85/><F117/><W67/><G39/><T7/><D120/><U113/><E113/><V76/><F126/><W53/><G73/><T104/><D104/><U8/><E77/><V83/><F109/><W61/><G0/><T101/><D101/><U94/><E43/><V131/><F131/><W130/><G130/><T95/><D111/><U121/><E121/><V19/><F103/><W110/><G125/><T74/><D74/><U20/><E8/><V30/><F30/><W82/><G82/><T72/><D72/><U64/><REACH who="1" step="1"/><E127/><REACH who="1" ten="279,186,337,188" step="2"/><V112/><F112/><W115/><G115/><T47/><D9/><U108/><E108/><V11/><F11/><W28/><G110/><T40/><D79/><U98/><AGARI ba="0,1" hai="13,14,16,17,20,23,62,64,69,90,94,98,133,135" machi="98" ten="30,7900,0" yaku="1,1,0,1,9,1,54,1,53,0" doraHai="132" doraHaiUra="78" who="1" fromWho="1" sc="279,-20,186,89,337,-39,188,-20" /><INIT seed="3,0,0,0,0,54" ten="259,275,298,168" oya="3" hai0="71,90,110,36,56,65,57,13,132,94,106,33,96" hai1="60,133,95,107,11,135,85,12,77,105,103,20,74" hai2="51,93,29,75,52,98,25,76,24,116,9,66,108" hai3="26,86,97,64,88,43,42,73,35,134,15,47,40"/><W5/><G73/><T17/><D33/><U101/><E20/><V109/><F116/><W21/><G134/><N who="1" m="51210" /><E60/><V124/><F124/><W118/><G118/><T31/><D106/><N who="1" m="40459" /><E12/><V121/><F121/><W23/><G35/><T83/><D110/><N who="2" m="42602" /><F66/><W8/><G97/><T130/><D83/><N who="1" m="45495" /><E11/><V123/><F123/><W50/><G64/><T61/><D36/><U44/><E44/><N who="2" m="27751" /><F9/><W84/><G84/><T69/><D69/><U2/><E2/><V125/><F125/><W10/><G10/><T49/><D130/><U114/><E114/><V80/><F29/><N who="3" m="17615" /><G23/><T128/><D128/><U39/><E39/><V58/><F58/><W18/><G5/><T70/><D71/><U81/><E95/><AGARI ba="0,0" hai="8,15,18,40,42,43,47,50,86,88,95" m="17615" machi="95" ten="30,2900,0" yaku="8,1,54,1" doraHai="54" who="3" fromWho="1" sc="259,0,275,-29,298,0,168,29" /><INIT seed="3,1,0,0,0,19" ten="259,246,298,197" oya="3" hai0="108,124,101,82,117,72,66,92,77,57,112,106,2" hai1="135,33,127,25,97,87,110,51,11,116,39,126,120" hai2="36,83,67,71,32,123,56,103,8,104,74,99,118" hai3="84,81,35,113,46,49,40,79,26,38,90,128,68"/><W107/><G113/><T78/><D2/><U1/><E39/><V9/><F118/><W96/><G68/><T93/><D57/><U15/><E120/><V65/><F65/><W60/><G128/><T85/><D66/><U27/><E1/><V53/><F36/><W21/><G35/><T34/><D34/><U20/><E116/><V121/><F32/><W61/><G38/><T131/><D117/><U75/><E75/><V0/><F0/><W28/><REACH who="3" step="1"/><G107/><REACH who="3" ten="259,246,298,187" step="2"/><T29/><D131/><U80/><E33/><V69/><F71/><W114/><G114/><T5/><D112/><U63/><E127/><V31/><F104/><W111/><G111/><T4/><D108/><U48/><E126/><V133/><F69/><W59/><G59/><T62/><D124/><U41/><E110/><V70/><F56/><W98/><G98/><N who="0" m="59591" /><D106/><U30/><E97/><V18/><F99/><W64/><G64/><T24/><D72/><U76/><E135/><V94/><F74/><W119/><G119/><T86/><D93/><AGARI ba="1,1" hai="21,26,28,40,46,49,60,61,79,81,84,90,93,96" machi="93" ten="40,12000,1" yaku="1,1,8,1,52,1,53,1" doraHai="19" doraHaiUra="17" who="3" fromWho="0" sc="259,-123,246,0,298,0,187,133" owari="136,-36.4,246,-15.4,298,9.8,320,42.0" /></mjloggm>