<mjloggm ver="2.3"><GO type="225" lobby="0"/><UN n0="%E4%B8%89%E5%86%A0%E7%8E%8B%E3%83%BB%E5%B1%B1%E7%94%B0%E5%93%B2%E4%BA%BA" n1="%73%6C%69%63%6B%33%31%39" n2="%73%61%6E%64%69%72%69%73" n3="%E5%B8%86%E7%AB%8B%E5%A4%8F%E8%A1%A3" dan="16,17,16,17" rate="2136.28,2213.28,2123.38,2144.97" sx="M,M,M,M"/><TAIKYOKU oya="0"/><INIT seed="0,0,0,1,5,23" ten="250,250,250,250" oya="0" hai0="29,59,45,42,77,38,43,12,26,125,89,11,61" hai1="74,21,112,50,25,116,75,97,31,135,95,127,83" hai2="48,8,36,41,68,0,63,123,30,33,87,39,102" hai3="93,62,105,113,10,6,19,70,67,121,107,110,72"/><T22/><D125/><U86/><E116/><V51/><F87/><W44/><G113/><T76/><D89/><U5/><E135/><V90/><F90/><W18/><G110/><T69/><D69/><U117/><E127/><V124/><F123/><W7/><G121/><T46/><D12/><U4/><E117/><V15/><F124/><W14/><G72/><T60/><D11/><U64/><E112/><V122/><F122/><W119/><G119/><T108/><D108/><U91/><E64/><N who="2" m="40991" /><F51/><W81/><G81/><T71/><D71/><U134/><E134/><V103/><F48/><W82/><G82/><T98/><D98/><U17/><E75/><V35/><F15/><W78/><G78/><T16/><D29/><U28/><E74/><V32/><F102/><W133/><G133/><T20/><D20/><U109/><E50/><V3/><F103/><W84/><G44/><T128/><D128/><U52/><E52/><V54/><F54/><W130/><G130/><T49/><REACH who="0" step="1"/><D61/><REACH who="0" ten="240,250,250,250" step="2"/><U47/><E109/><V118/><F118/><W96/><G96/><T129/><D129/><U131/><E131/><V79/><F8/><W132/><G132/><T57/><D57/><U40/><E28/><V106/><F30/><W73/><G10/><T115/><D115/><U94/><E31/><V2/><F79/><W66/><G14/><T88/><D88/><U126/><E126/><V1/><F1/><W104/><G70/><T34/><D34/><U80/><E97/><V9/><F9/><W101/><G62/><T100/><D100/><U58/><E91/><V85/><F0/><RYUUKYOKU ba="0,1" sc="240,30,250,-10,250,-10,250,-10" hai0="16,22,26,38,42,43,45,46,49,59,60,76,77" /><INIT seed="0,1,1,1,2,78" ten="270,240,240,240" oya="0" hai0="104,82,41,110,126,50,75,33,11,66,99,69,15" hai1="14,61,123,22,37,2,103,1,119,128,84,114,95" hai2="73,29,36,0,92,28,47,71,16,68,3,127,56" hai3="51,48,5,77,122,112,116,74,109,39,101,13,106"/><T105/><D33/><U8/><E119/><V80/><F92/><W17/><G112/><T131/><D126/><U18/><E123/><V21/><F56/><W63/><G116/><T64/><D131/><U25/><E128/><V38/><F47/><W46/><G109/><T94/><D110/><U45/><E114/><V4/><F127/><W102/><G122/><T24/><D24/><U108/><E108/><V90/><F90/><W32/><G32/><T44/><D75/><U30/><E61/><V129/><F129/><W135/><G135/><T49/><D49/><U93/><E93/><V124/><F124/><W62/><G5/><T40/><D40/><U55/><E55/><V7/><F21/><W12/><G39/><T113/><D113/><U53/><E53/><V133/><F73/><W20/><G13/><T57/><D69/><U67/><E67/><V60/><F60/><W76/><G51/><T9/><D9/><U79/><E103/><N who="3" m="39434" /><G106/><T97/><D105/><U19/><E30/><V23/><F23/><W117/><G117/><T83/><D104/><U115/><E115/><V111/><F111/><W121/><G121/><T34/><D34/><U87/><E1/><V81/><REACH who="2" step="1"/><F16/><REACH who="2" ten="270,240,230,240" step="2"/><W91/><G74/><T107/><D107/><U134/><E19/><V43/><F43/><N who="3" m="24671" /><G91/><T35/><D35/><U52/><E18/><V70/><F70/><W72/><G72/><T27/><D41/><U125/><E125/><V85/><F85/><W96/><G96/><T132/><D99/><U120/><E84/><V10/><F10/><W6/><G6/><T88/><D11/><RYUUKYOKU ba="1,2" sc="270,-15,240,-15,230,15,240,15" hai2="0,3,4,7,28,29,36,38,68,71,80,81,133" hai3="12,17,20,62,63,76,77" /><INIT seed="1,2,2,3,3,89" ten="255,225,245,255" oya="1" hai0="81,27,67,77,56,127,35,103,62,79,74,24,4" hai1="46,97,9,111,43,19,15,112,108,33,88,1,48" hai2="36,53,29,80,93,72,130,75,122,21,28,129,101" hai3="45,90,85,49,5,34,38,39,10,91,68,120,126"/><U107/><E112/><V58/><F36/><W104/><G120/><T16/><D4/><U8/><E33/><V20/><F122/><W125/><G68/><T106/><D127/><N who="3" m="48649" /><G104/><T7/><D7/><U83/><E1/><V115/><F115/><W50/><G34/><T109/><D109/><N who="1" m="42059" /><E107/><V47/><F47/><W78/><G78/><T76/><D35/><U116/><E116/><V66/><F66/><W73/><G73/><T82/><D77/><U121/><E121/><V105/><F105/><W57/><G57/><T59/><D59/><U110/><N who="1" m="42067" /><U69/><DORA hai="14" /><E69/><V26/><F80/><N who="3" m="49447" /><G91/><T70/><D103/><U42/><E42/><V123/><F123/><W17/><G17/><T3/><D70/><U0/><E0/><V118/><F118/><W61/><G61/><T134/><D3/><U11/><E83/><V102/><F75/><W114/><G114/><T92/><D106/><U55/><E43/><V41/><F41/><N who="3" m="22711" /><G39/><T132/><D81/><U64/><E64/><V18/><F72/><W12/><AGARI ba="2,2" hai="5,10,12,49,50" m="22711,49447,48649" machi="12" ten="30,1100,0" yaku="18,1" doraHai="89,14" who="3" fromWho="3" sc="255,-5,225,-7,245,-5,255,37" /><INIT seed="2,0,0,5,5,45" ten="250,218,240,292" oya="2" hai0="27,114,130,68,132,87,131,97,63,120,99,36,79" hai1="85,30,80,23,127,31,1,16,110,77,121,96,47" hai2="56,135,107,7,88,101,105,103,106,49,2,98,11" hai3="93,0,108,44,119,34,94,61,104,50,5,83,129"/><V90/><F103/><W81/><G119/><T111/><D36/><U55/><E110/><V67/><F135/><W78/><G129/><N who="0" m="49163" /><D120/><U20/><E127/><V4/><F4/><W74/><G104/><T125/><D114/><U109/><E109/><V37/><F37/><W75/><G34/><T19/><D111/><U64/><E1/><V10/><F10/><W82/><G108/><T100/><D125/><U15/><E121/><V39/><F39/><W95/><G61/><T116/><D116/><U84/><E64/><V60/><F106/><W133/><G133/><T26/><D99/><U123/><E123/><V92/><F107/><W8/><REACH who="3" step="1"/><G78/><REACH who="3" ten="250,218,240,282" step="2"/><T124/><D63/><U48/><E96/><V46/><REACH who="2" step="1"/><F105/><REACH who="2" ten="250,218,230,282" step="2"/><W3/><G3/><T38/><D132/><U118/><E118/><V117/><F117/><W25/><G25/><T65/><D27/><U21/><REACH who="1" step="1"/><E85/><REACH who="1" ten="250,208,230,282" step="2"/><V70/><F70/><W53/><AGARI ba="0,3" hai="0,5,8,44,50,53,74,75,81,82,83,93,94,95" machi="53" ten="30,4000,0" yaku="1,1,0,1,52,1,53,0" doraHai="45" doraHaiUra="69" who="3" fromWho="3" sc="250,-10,208,-10,230,-20,282,70" /><INIT seed="3,0,0,4,3,121" ten="240,198,210,352" oya="3" hai0="6,39,59,38,133,51,104,15,94,18,81,10,37" hai1="126,84,75,119,71,41,107,124,129,122,17,101,77" hai2="62,29,55,117,65,46,13,128,90,68,52,67,105" hai3="103,22,97,108,30,82,134,135,83,1,93,12,64"/><W49/><G1/><T111/><D104/><U35/><E122/><V47/><F105/><W88/><G108/><T3/><D111/><U50/><E129/><V63/><F29/><W116/><G116/><T132/><D94/><U23/><E35/><V120/><F13/><W79/><G64/><T2/><D81/><N who="1" m="45247" /><E71/><N who="2" m="42423" /><F90/><W123/><G123/><T61/><D51/><U85/><E119/><V14/><F14/><W92/><G49/><T73/><D73/><U89/><E50/><N who="2" m="28759" /><F120/><W4/><G4/><T43/><D43/><U118/><E41/><V33/><F33/><W72/><G82/><T34/><D34/><U36/><E36/><V114/><F117/><W24/><G12/><T58/><D6/><U95/><E118/><V0/><F0/><W113/><G113/><T106/><D2/><U131/><E131/><V53/><F128/><W74/><G74/><T40/><D3/><U48/><E48/><N who="2" m="28831" /><F114/><W5/><G5/><T7/><D7/><U86/><E17/><V102/><F102/><W69/><G93/><T44/><D10/><U96/><E23/><V27/><F27/><W99/><G99/><AGARI ba="0,0" hai="84,85,86,89,95,96,99,101,107,124,126" m="45247" machi="99" ten="30,2000,0" yaku="34,2" doraHai="121" who="1" fromWho="3" sc="240,0,198,20,210,0,352,-20" owari="240,4.0,218,-18.2,210,-29.0,332,43.2" /></mjloggm>