<mjloggm ver="2.3"><GO type="225" lobby="0"/><UN n0="%E3%81%99%E3%81%84%E3%81%BE%E3%81%9B%E3%83%BC%E3%82%93" n1="%6D%75%75%6D%75%72%61" n2="%E3%82%82%E3%81%90%E3%82%89" n3="%E6%9A%87%E4%BA%BA%EF%BC%A0%E9%85%8D%E4%BF%A1%E5%9E%A2" dan="16,17,17,17" rate="2221.76,2186.02,2205.57,2175.95" sx="M,F,F,M"/><TAIKYOKU oya="0"/><INIT seed="0,0,0,3,4,8" ten="250,250,250,250" oya="0" hai0="65,133,18,126,58,93,28,135,31,91,79,15,104" hai1="32,70,61,132,21,114,7,66,77,123,48,13,74" hai2="37,56,68,16,99,128,129,75,125,2,46,3,71" hai3="118,107,102,112,6,29,22,122,11,30,12,33,95"/><T14/><D104/><U109/><E123/><V5/><F75/><W119/><G112/><T34/><D126/><U27/><E109/><V24/><F125/><W89/><G33/><T108/><D108/><U87/><E132/><N who="0" m="50761" /><D79/><U116/><E116/><V1/><F5/><W36/><G122/><T26/><D31/><U103/><E74/><V50/><F99/><W25/><G36/><T55/><D65/><U130/><E130/><N who="2" m="50283" /><F56/><W96/><REACH who="3" step="1"/><G29/><REACH who="3" ten="250,250,250,240" step="2"/><T42/><D42/><U83/><E114/><V72/><F37/><W111/><G111/><T100/><D100/><U98/><E32/><V106/><F106/><W94/><G94/><T82/><D82/><U47/><E103/><V0/><F72/><W52/><G52/><T101/><D101/><U62/><E83/><V51/><F0/><W43/><G43/><T124/><D124/><U19/><E66/><V131/><F131/><W9/><G9/><T35/><D35/><U76/><E21/><N who="2" m="13351" /><F50/><W105/><G105/><T54/><D54/><AGARI ba="0,1" hai="1,2,3,46,51,54,68,71" m="13351,50283" machi="54" ten="40,2600,0" yaku="19,1,54,1" doraHai="8" who="2" fromWho="0" sc="250,-26,250,0,250,36,240,0" /><INIT seed="1,0,0,5,5,6" ten="224,250,286,240" oya="1" hai0="1,124,133,61,91,13,45,112,70,42,88,19,34" hai1="73,126,111,46,123,8,104,48,86,93,31,129,107" hai2="4,14,76,0,128,89,60,97,77,38,108,30,41" hai3="12,119,122,99,127,52,82,120,134,54,49,53,72"/><U36/><E123/><V51/><F108/><W11/><G134/><T64/><D112/><U24/><E73/><V75/><F128/><W135/><G135/><T32/><D133/><U90/><E129/><V43/><F38/><W109/><G109/><T59/><D1/><U9/><E36/><V95/><F0/><W26/><G127/><T78/><D78/><N who="2" m="30314" /><F75/><W80/><G72/><T105/><D105/><U47/><E126/><V84/><F30/><W96/><G119/><T87/><D70/><U27/><E111/><V39/><F39/><W106/><G106/><T115/><D115/><U50/><E104/><V62/><F97/><N who="3" m="37451" /><G122/><T98/><D98/><U17/><E107/><V37/><F37/><W116/><G120/><T81/><D91/><U125/><E125/><V130/><F130/><W132/><G116/><T71/><D71/><U114/><E114/><V83/><F83/><N who="3" m="31787" /><G26/><N who="1" m="9770" /><E17/><V10/><F41/><W29/><G29/><T58/><D124/><U2/><E2/><V65/><F65/><W85/><G85/><T3/><D3/><U100/><E31/><V21/><F21/><W28/><G28/><T110/><D110/><U94/><E94/><V66/><F66/><W121/><G121/><T16/><D34/><U117/><E117/><V113/><F113/><W118/><G118/><T79/><D32/><U63/><E100/><V44/><AGARI ba="0,0" hai="4,10,14,43,44,51,60,62,84,89,95" m="30314" machi="44" ten="30,2000,0" yaku="8,1,52,1" doraHai="6" who="2" fromWho="2" sc="224,-5,250,-10,286,20,240,-5" /><INIT seed="2,0,0,2,3,69" ten="219,240,306,235" oya="2" hai0="26,119,104,50,15,45,4,105,110,43,24,56,82" hai1="48,20,36,93,25,35,23,31,74,101,75,97,64" hai2="70,17,135,83,109,44,134,37,30,121,55,54,38" hai3="49,86,57,129,16,11,61,127,76,62,27,128,95"/><V115/><F115/><W13/><G127/><T89/><D110/><U106/><E36/><N who="2" m="13931" /><F121/><W14/><G27/><T41/><D119/><U77/><E64/><V67/><F30/><W12/><G49/><T131/><D131/><N who="3" m="50249" /><G62/><T99/><D43/><U87/><E48/><N who="2" m="28935" /><F17/><W107/><G107/><T19/><D4/><U111/><E111/><V122/><F109/><W60/><G60/><T94/><D56/><U59/><E59/><V39/><F39/><W85/><G76/><T1/><D1/><U84/><E84/><N who="3" m="32362" /><G95/><T32/><D82/><N who="1" m="45367" /><E75/><V18/><F83/><W100/><G100/><T118/><D118/><U124/><E124/><V90/><F18/><W120/><G120/><T126/><D126/><U46/><E46/><V10/><F122/><W73/><G73/><T98/><D98/><U78/><E78/><V113/><F70/><W117/><G117/><T114/><D114/><U108/><E108/><V63/><F113/><W29/><G29/><T103/><D103/><U92/><E92/><V130/><F63/><W112/><G112/><T51/><D51/><U0/><E0/><V34/><F130/><W21/><G21/><N who="0" m="11519" /><D32/><U125/><E125/><V80/><F34/><W65/><AGARI ba="0,0" hai="11,12,13,14,16,57,61,65" m="32362,50249" machi="65" ten="30,2000,0" yaku="19,1,54,1" doraHai="69" who="3" fromWho="3" sc="219,-5,240,-5,306,-10,235,20" /><INIT seed="3,0,0,0,3,125" ten="214,235,296,255" oya="3" hai0="30,50,98,71,113,34,23,75,17,0,47,41,135" hai1="126,53,10,49,65,112,73,13,88,120,46,87,80" hai2="118,58,67,15,61,31,103,21,9,76,69,106,105" hai3="52,2,94,60,84,43,91,6,39,99,63,128,104"/><W66/><G128/><T70/><D0/><U35/><E126/><V19/><F118/><W96/><G39/><T119/><D119/><U55/><E120/><V108/><F108/><W121/><G121/><T127/><D127/><U133/><E133/><V62/><F76/><W68/><G43/><T24/><D75/><U33/><E112/><V42/><F42/><W129/><G129/><T11/><D135/><U86/><E73/><V27/><F103/><W25/><G104/><T123/><D123/><U77/><E65/><AGARI ba="0,0" hai="9,15,19,21,27,31,58,61,62,65,67,69,105,106" machi="65" ten="30,1000,0" yaku="7,1" doraHai="125" who="2" fromWho="1" sc="214,0,235,-10,296,10,255,0" owari="214,-28.6,225,-17.5,306,40.6,255,5.5" /></mjloggm>