<mjloggm ver="2.3"><GO type="225" lobby="0"/><UN n0="%E3%82%BC%E3%83%AB%E3%83%80%E3%81%AE%E4%BC%9D%E8%AA%AC" n1="%E3%83%B4%E3%82%A3%E3%83%AF%E3%82%B3%E3%82%B0%E3%83%8B" n2="%E3%81%B2%E3%81%BE%E3%81%A4%E3%81%B6%E3%81%97" n3="%E3%81%86%E3%81%A9%E3%82%93%E3%81%93" dan="17,16,17,16" rate="2167.00,2152.85,2203.21,2170.79" sx="M,M,M,M"/><TAIKYOKU oya="0"/><INIT seed="0,0,0,0,0,23" ten="250,250,250,250" oya="0" hai0="65,30,7,98,77,74,85,28,49,53,91,58,71" hai1="90,31,127,1,6,73,67,57,51,19,36,86,131" hai2="110,120,41,62,94,43,130,13,116,118,32,95,117" hai3="103,105,18,20,9,122,125,81,114,17,10,96,22"/><T100/><D71/><U113/><E73/><V40/><F120/><W54/><G114/><T99/><D65/><U33/><E36/><V106/><F110/><W24/><G122/><T72/><D7/><U88/><E127/><V44/><F130/><W135/><G135/><T76/><D74/><U12/><E131/><V39/><F106/><W66/><G125/><T56/><D56/><U26/><E113/><V119/><N who="2" m="29696" /><DORA hai="8" /><V16/><F32/><W70/><G54/><T50/><D50/><U3/><E6/><V97/><F62/><W47/><G47/><T108/><D108/><U92/><E90/><N who="2" m="55511" /><F95/><W107/><G107/><T93/><D98/><U48/><E48/><V42/><F42/><W4/><G4/><T55/><D55/><N who="1" m="31999" /><E67/><V34/><F34/><W68/><G81/><N who="0" m="45191" /><D77/><U25/><E25/><V124/><F124/><W123/><G123/><T89/><D89/><U75/><E75/><V69/><F69/><W84/><G84/><T37/><D37/><U11/><E1/><V14/><F14/><W133/><G133/><T82/><D82/><U121/><E3/><V5/><F5/><W64/><G64/><T63/><D49/><U29/><E121/><V35/><F35/><W79/><G68/><T52/><D53/><U104/><E104/><V102/><F102/><W38/><G38/><T132/><D132/><U129/><E129/><V101/><F101/><W45/><G79/><T78/><D78/><U111/><E111/><V109/><F109/><W59/><G70/><T15/><D15/><U61/><E61/><V128/><F128/><W27/><G45/><RYUUKYOKU ba="0,0" sc="250,0,250,0,250,0,250,0" hai0="28,30,52,58,63,85,91,93,99,100" hai1="11,12,19,26,29,31,33,86,88,92" hai2="13,16,39,40,41,43,44" hai3="9,10,17,18,20,22,24,27,59,66,96,103,105" /><INIT seed="0,1,0,4,0,70" ten="250,250,250,250" oya="0" hai0="4,131,105,7,10,30,3,37,52,49,1,96,2" hai1="108,36,63,134,58,28,32,132,130,119,62,121,69" hai2="86,84,83,115,116,74,9,101,57,42,118,77,103" hai3="76,41,5,114,104,89,122,81,109,38,133,20,94"/><T24/><D131/><U107/><RYUUKYOKU type="yao9" ba="1,0" sc="250,0,250,0,250,0,250,0" hai1="28,32,36,58,62,63,69,107,108,119,121,130,132,134" /><INIT seed="0,2,0,2,5,21" ten="250,250,250,250" oya="0" hai0="118,25,20,105,49,97,58,101,92,80,108,60,112" hai1="39,56,15,93,127,22,4,81,122,59,30,23,104" hai2="75,120,95,69,16,71,24,14,83,128,85,43,135" hai3="29,53,48,89,67,91,46,1,107,79,124,32,84"/><T7/><D112/><U51/><E122/><V9/><F120/><W64/><G107/><T87/><D118/><U126/><E104/><V63/><F135/><W100/><G100/><T37/><D37/><U103/><E39/><V109/><F109/><W62/><G1/><T102/><D108/><U76/><E103/><V119/><F119/><W3/><G3/><T132/><D132/><U38/><E93/><V111/><F111/><W116/><G116/><T66/><D7/><U134/><E38/><V72/><F128/><W77/><G124/><N who="1" m="47658" /><E51/><V54/><F43/><W35/><G91/><N who="0" m="55455" /><D49/><U6/><E22/><N who="2" m="13383" /><F75/><W86/><G86/><T70/><D70/><U125/><E134/><V121/><F72/><W28/><G35/><T133/><D133/><U65/><E4/><N who="2" m="3367" /><F69/><W47/><G47/><T10/><D10/><U19/><E6/><V18/><F71/><W113/><G113/><T130/><D130/><U123/><E123/><V17/><F95/><W74/><G74/><T106/><D106/><U82/><E125/><V98/><F98/><W115/><G115/><T11/><D11/><U27/><E81/><V78/><F121/><W31/><G32/><T131/><D131/><U8/><E65/><V88/><F78/><N who="3" m="29707" /><G62/><T36/><D36/><U96/><E96/><V57/><AGARI ba="2,0" hai="17,18,54,57,63,83,85,88" m="3367,13383" machi="57" ten="30,7900,0" yaku="8,1,52,1,54,2" doraHai="21" who="2" fromWho="2" sc="250,-41,250,-22,250,85,250,-22" /><INIT seed="1,0,0,5,0,94" ten="209,228,335,228" oya="1" hai0="83,32,47,77,48,27,9,109,64,20,41,17,134" hai1="28,70,80,69,75,81,6,110,100,72,118,123,79" hai2="93,25,22,1,38,18,74,14,33,52,111,135,78" hai3="96,29,112,58,99,106,68,57,45,36,24,3,91"/><U133/><E118/><V30/><F38/><W67/><G112/><T12/><D109/><U86/><E123/><V54/><F111/><W120/><G120/><T61/><D134/><U44/><E110/><V90/><F135/><W98/><G3/><T23/><D32/><U53/><E133/><V60/><F1/><W55/><G106/><T97/><D97/><N who="3" m="37481" /><G68/><T8/><D8/><U71/><E100/><V101/><F101/><W16/><G29/><T63/><D23/><U87/><E6/><V107/><F107/><W88/><G36/><T7/><REACH who="0" step="1"/><D64/><REACH who="0" ten="199,228,335,228" step="2"/><U103/><E103/><V121/><F121/><W35/><G35/><T11/><D11/><U92/><E28/><V40/><F30/><W10/><G67/><T82/><D82/><U13/><E92/><V128/><F93/><N who="3" m="56743" /><G91/><T84/><AGARI ba="0,1" hai="7,9,12,17,20,27,41,47,48,61,63,77,83,84" machi="84" ten="20,12000,2" yaku="1,1,0,1,7,1,25,2,8,1,53,0" doraHai="94" doraHaiUra="113" who="0" fromWho="0" sc="199,130,228,-60,335,-30,228,-30" /><INIT seed="2,0,0,2,3,26" ten="329,168,305,198" oya="2" hai0="114,95,30,40,100,20,3,72,104,52,108,121,38" hai1="53,94,119,64,66,90,13,55,49,120,91,127,117" hai2="67,22,126,131,57,111,85,99,45,74,123,11,101" hai3="18,102,4,109,106,2,35,9,75,73,71,61,19"/><V50/><F123/><W112/><G109/><T98/><D114/><U132/><E120/><V0/><F111/><W116/><G116/><T128/><D3/><U69/><E132/><V124/><F74/><W17/><G112/><T16/><D30/><U89/><E127/><V63/><F131/><W107/><G35/><T32/><D32/><U14/><E69/><V133/><F133/><W79/><G79/><T113/><D113/><U129/><E129/><V59/><F85/><W65/><REACH who="3" step="1"/><G102/><REACH who="3" ten="329,168,305,188" step="2"/><T34/><D100/><U134/><E134/><V5/><F126/><W68/><G68/><T25/><D34/><U56/><E117/><V36/><F124/><W58/><G58/><T15/><D108/><U118/><E118/><V48/><F59/><W96/><G96/><T93/><D98/><U1/><E119/><V28/><F101/><W23/><G23/><T54/><D20/><U76/><E76/><V24/><F99/><W92/><G92/><T6/><D93/><U103/><E103/><V51/><REACH who="2" step="1"/><F36/><REACH who="2" ten="329,168,295,188" step="2"/><W125/><G125/><T87/><D38/><U83/><E56/><V37/><F37/><W43/><G43/><AGARI ba="0,2" hai="0,5,11,22,24,28,43,45,48,50,51,57,63,67" machi="43" ten="30,5800,0" yaku="1,1,7,1,52,1,53,0" doraHai="26" doraHaiUra="105" who="2" fromWho="3" sc="329,0,168,0,295,78,188,-58" /><INIT seed="2,1,0,1,1,60" ten="329,168,373,130" oya="2" hai0="105,30,53,75,63,80,11,112,55,52,117,98,82" hai1="13,96,87,127,58,134,101,69,32,57,45,4,124" hai2="37,41,3,70,20,131,130,18,125,46,59,35,97" hai3="102,132,122,12,25,113,65,42,5,29,104,51,83"/><V64/><F3/><W133/><G122/><T115/><D117/><U123/><E69/><V0/><F0/><W129/><G129/><N who="2" m="49161" /><F125/><N who="1" m="48201" /><E123/><V21/><F35/><W128/><G128/><T24/><D11/><N who="1" m="4327" /><E134/><V16/><F97/><W135/><G113/><T7/><D7/><U76/><E32/><V33/><F70/><W121/><G121/><T74/><D74/><U90/><E45/><V72/><F72/><W126/><G126/><T31/><D75/><U62/><E76/><V39/><F39/><W106/><G83/><T38/><D38/><U85/><E90/><V119/><F33/><W111/><G111/><T49/><D98/><U28/><E28/><V50/><F119/><W2/><G2/><T81/><D31/><U8/><E8/><V10/><F10/><W40/><G102/><T56/><D105/><N who="1" m="63655" /><E57/><V89/><F89/><W54/><G104/><T84/><D112/><U36/><E36/><V71/><F71/><W92/><G106/><T109/><D109/><U103/><E103/><V67/><F59/><W14/><G133/><T110/><D110/><U116/><E116/><V86/><F86/><W77/><G132/><T48/><D84/><U27/><E27/><N who="2" m="14727" /><F37/><W1/><G135/><T34/><REACH who="0" step="1"/><D115/><REACH who="0" ten="319,168,373,130" step="2"/><U43/><E43/><V91/><F91/><W66/><G42/><T68/><D68/><U88/><E88/><V118/><F118/><W93/><G40/><T15/><D15/><AGARI ba="1,1" hai="15,18,21,41,46,50,64,67" m="14727,49161" machi="15" ten="30,11600,0" yaku="19,1,52,2,54,1" doraHai="60" who="2" fromWho="0" sc="319,-119,168,0,373,129,130,0" /><INIT seed="2,2,0,2,3,35" ten="200,168,502,130" oya="2" hai0="9,40,96,24,112,56,29,6,74,28,21,76,105" hai1="109,16,26,114,122,123,98,32,27,104,118,14,44" hai2="62,80,59,31,81,39,91,7,79,71,52,85,94" hai3="78,12,22,67,25,41,42,13,73,133,97,106,93"/><V60/><F39/><W57/><G133/><T46/><D112/><U49/><E109/><V126/><F126/><W87/><G73/><T127/><D127/><U95/><E104/><V8/><F31/><W88/><G106/><T19/><D56/><U18/><E114/><V48/><F71/><W34/><G34/><T119/><D119/><U38/><E38/><V90/><F90/><W113/><G113/><T82/><D96/><U84/><E84/><V66/><F66/><W23/><G23/><T17/><D17/><N who="1" m="6763" /><E32/><V117/><F117/><W5/><G42/><T36/><D105/><U107/><E14/><AGARI ba="2,0" hai="6,9,14,19,21,24,28,29,36,40,46,74,76,82" machi="14" ten="30,1000,0" yaku="7,1" doraHai="35" who="0" fromWho="1" sc="200,16,168,-16,502,0,130,0" /><INIT seed="3,0,0,1,0,32" ten="216,152,502,130" oya="3" hai0="14,8,120,56,125,89,30,54,82,73,78,2,132" hai1="123,57,19,103,36,17,24,113,71,69,122,121,135" hai2="52,39,109,43,44,1,50,11,7,124,49,34,4" hai3="114,80,3,99,22,131,81,42,38,107,105,130,72"/><W53/><G114/><T95/><D120/><U87/><E36/><V112/><F109/><W9/><G53/><T15/><D30/><U5/><E113/><V68/><F112/><W86/><G22/><T134/><D125/><U74/><E74/><V12/><F124/><W116/><G116/><T110/><D2/><U20/><E135/><N who="0" m="51753" /><D8/><U117/><E117/><V29/><F68/><W90/><G38/><T37/><D110/><U10/><E103/><V55/><F1/><W91/><G42/><T126/><D126/><U115/><E115/><V33/><F4/><W45/><G45/><T97/><D37/><U51/><E17/><V0/><F0/><W128/><G9/><T35/><D35/><U94/><E57/><V48/><F33/><W101/><G3/><T47/><D47/><U76/><E51/><AGARI ba="0,0" hai="14,15,51,54,56,73,78,82,89,95,97" m="51753" machi="51" ten="30,1000,0" yaku="20,1" doraHai="32" who="0" fromWho="1" sc="216,10,152,-10,502,0,130,0" owari="226,2.6,142,-25.8,502,60.2,130,-37.0" /></mjloggm>