<mjloggm ver="2.3"><GO type="225" lobby="0"/><UN n0="%E3%81%B8%E3%82%80%E3%81%B8%E3%82%80%EF%BC%92%E5%8F%B7" n1="%6D%75%75%6D%75%72%61" n2="%E6%A1%9C%E8%8A%B1%E9%96%83%E3%80%85" n3="%E5%A4%96%E5%B7%9D%E7%AB%9C%E6%88%90" dan="16,16,17,16" rate="2112.27,2158.75,2159.54,2193.02" sx="M,F,M,M"/><TAIKYOKU oya="0"/><INIT seed="0,0,0,4,4,0" ten="250,250,250,250" oya="0" hai0="58,84,5,74,28,132,23,130,65,46,71,8,83" hai1="42,12,125,90,54,19,80,49,22,75,34,61,17" hai2="47,33,119,111,72,104,78,9,15,67,89,30,38" hai3="31,35,11,62,45,106,118,13,93,14,6,82,3"/><T10/><D130/><U91/><E34/><V122/><F122/><W18/><G106/><T116/><D116/><U39/><E125/><V115/><F115/><W55/><G118/><T86/><D132/><U63/><E39/><V94/><F104/><W59/><G82/><T79/><D71/><U108/><E42/><V77/><F67/><W73/><G73/><T1/><D10/><U2/><E2/><V66/><F66/><W37/><G93/><T51/><D65/><U103/><E108/><V57/><F57/><W68/><G68/><T53/><REACH who="0" step="1"/><D46/><REACH who="0" ten="240,250,250,250" step="2"/><N who="1" m="27959" /><E61/><V50/><F47/><W124/><G45/><T41/><D41/><U112/><E63/><V135/><F9/><W70/><G70/><T85/><D85/><U128/><E128/><V133/><F135/><W107/><G11/><T64/><D64/><U113/><E113/><V96/><F133/><W16/><G62/><T127/><D127/><U44/><E112/><V69/><F69/><W126/><G124/><T20/><D20/><U121/><E44/><V102/><F119/><W52/><G126/><T21/><D21/><U131/><E131/><V43/><F43/><W29/><G59/><T92/><D92/><U101/><E22/><V109/><F94/><W40/><G40/><T60/><D60/><U48/><E75/><V87/><F87/><W36/><G107/><T26/><AGARI ba="0,1" hai="1,5,8,23,26,28,51,53,58,74,79,83,84,86" machi="26" ten="30,11700,0" yaku="1,1,0,1,52,1,53,1" doraHai="0" doraHaiUra="25" who="0" fromWho="0" sc="240,127,250,-39,250,-39,250,-39" /><INIT seed="0,1,0,2,5,123" ten="367,211,211,211" oya="0" hai0="135,1,75,20,52,51,85,69,78,4,71,27,114" hai1="34,97,15,79,44,134,65,30,45,5,121,127,132" hai2="119,62,81,94,24,112,21,116,129,63,80,96,3" hai3="128,108,49,25,58,31,26,60,76,57,66,113,28"/><T61/><D114/><U111/><E121/><V122/><F3/><W115/><G128/><T10/><D135/><N who="1" m="51755" /><E127/><V16/><F112/><W18/><G76/><T48/><D75/><U54/><E111/><V84/><F122/><W72/><G72/><T105/><D105/><U93/><E79/><V39/><F39/><W98/><G18/><T46/><D61/><U53/><E65/><V68/><F129/><W89/><G108/><T87/><D51/><U95/><E34/><V17/><F17/><W33/><G89/><T110/><D110/><U23/><E95/><V55/><F68/><W2/><G98/><T99/><D99/><U125/><E125/><V42/><F42/><W67/><G2/><T118/><D118/><N who="2" m="45098" /><F55/><N who="1" m="21001" /><E30/><V126/><F126/><W131/><G131/><T22/><D78/><U103/><E23/><V91/><F81/><W56/><G49/><T124/><D22/><U36/><E36/><V40/><F40/><W73/><G73/><T6/><D124/><U0/><E0/><V7/><F7/><W12/><G67/><T88/><D4/><U92/><E92/><V11/><F11/><AGARI ba="1,0" hai="5,11,15,44,45,93,97,103" m="21001,51755" machi="11" ten="30,1000,0" yaku="20,1" doraHai="123" who="1" fromWho="2" sc="367,0,211,13,211,-13,211,0" /><INIT seed="1,0,0,1,2,130" ten="367,224,198,211" oya="1" hai0="89,24,19,84,13,17,82,93,98,30,129,6,31" hai1="72,120,22,121,40,115,92,8,119,85,26,1,71" hai2="66,76,87,49,34,96,114,95,45,50,11,29,44" hai3="109,38,97,77,0,123,10,67,47,74,79,117,36"/><U35/><E115/><V32/><F114/><W7/><G123/><T105/><D105/><U100/><E72/><V132/><F66/><W21/><G109/><T133/><D133/><U42/><E119/><V59/><F59/><W91/><G117/><T63/><D63/><U41/><E71/><V55/><F132/><W69/><G21/><N who="0" m="13359" /><D6/><U70/><E35/><V116/><F116/><W53/><G53/><T111/><D111/><U106/><E70/><V110/><F11/><W25/><G25/><T113/><D129/><U46/><E106/><V64/><F64/><W102/><G91/><N who="0" m="51607" /><D113/><U27/><E120/><V9/><F9/><AGARI ba="0,0" hai="9,13,19,30,31,89,93,98" m="51607,13359" machi="9" ten="30,1000,0" yaku="8,1" doraHai="130" who="0" fromWho="2" sc="367,10,224,0,198,-10,211,0" /><INIT seed="2,0,0,2,1,84" ten="377,224,188,211" oya="2" hai0="38,92,46,117,87,55,15,27,18,97,114,3,24" hai1="9,124,78,83,130,26,101,121,132,22,23,5,104" hai2="36,115,67,65,52,34,48,66,96,12,93,116,110" hai3="53,113,95,17,28,30,119,129,16,51,42,20,2"/><V73/><F110/><W50/><G119/><T131/><D3/><U25/><E130/><V123/><F116/><W99/><G2/><T133/><D114/><U81/><E124/><V90/><F115/><W69/><G69/><T0/><D117/><U14/><E132/><V128/><F123/><W10/><G129/><T108/><D0/><U100/><E121/><V6/><F128/><W106/><G106/><T54/><D108/><U68/><E68/><V72/><F36/><W62/><G113/><T102/><D133/><U122/><E122/><V45/><REACH who="2" step="1"/><F34/><REACH who="2" ten="377,224,178,211" step="2"/><W63/><G30/><T94/><D131/><U59/><E23/><V91/><F91/><N who="3" m="55807" /><G28/><T58/><D38/><U127/><E22/><V82/><F82/><W41/><G20/><N who="0" m="11359" /><D46/><U33/><E33/><V118/><F118/><W109/><G109/><T125/><D125/><U71/><E127/><V57/><F57/><N who="3" m="32951" /><G10/><AGARI ba="0,1" hai="6,10,12,45,48,52,65,66,67,72,73,90,93,96" machi="10" ten="40,7700,0" yaku="1,1,52,1,54,1,53,0" doraHai="84" doraHaiUra="64" who="2" fromWho="3" sc="377,0,224,0,178,87,211,-77" /><INIT seed="2,1,0,0,3,134" ten="377,224,265,134" oya="2" hai0="114,24,101,84,121,48,44,116,34,51,40,69,85" hai1="58,57,77,127,9,124,18,7,52,107,93,99,20" hai2="108,92,130,71,129,43,39,80,72,89,8,50,21" hai3="66,110,104,0,68,111,123,118,19,97,74,55,126"/><V63/><F39/><W96/><G0/><T27/><D114/><U75/><E107/><V32/><F32/><W87/><G118/><T22/><D121/><U26/><E75/><V112/><F112/><W17/><G123/><T3/><D69/><U81/><E81/><V131/><F8/><W88/><G74/><T31/><D3/><U94/><E77/><N who="2" m="44071" /><F21/><W79/><G79/><T47/><D101/><U119/><E119/><V61/><F71/><W64/><G55/><T83/><D116/><U105/><E105/><V28/><F28/><W4/><G4/><T128/><D128/><U91/><E94/><V100/><F100/><N who="3" m="62471" /><G97/><T49/><D44/><U109/><E109/><N who="3" m="41482" /><G126/><N who="1" m="48170" /><E52/><V16/><F108/><W42/><G42/><T13/><D85/><U98/><E98/><N who="2" m="57615" /><F16/><N who="3" m="6219" /><G68/><T56/><D47/><AGARI ba="1,0" hai="43,47,50,61,63,129,130,131" m="57615,44071" machi="47" ten="30,1500,0" yaku="19,1" doraHai="134" who="2" fromWho="0" sc="377,-18,224,0,265,18,134,0" /><INIT seed="2,2,0,2,0,74" ten="359,224,283,134" oya="2" hai0="69,45,51,119,54,56,18,118,4,62,36,75,121" hai1="5,10,37,112,113,100,95,104,79,41,61,78,16" hai2="106,114,59,30,57,25,76,101,131,0,134,89,22" hai3="93,31,12,123,122,94,48,86,128,127,130,105,135"/><V13/><F114/><W24/><G105/><T50/><D121/><U120/><E104/><V107/><F0/><W11/><G48/><T3/><D75/><U47/><E120/><N who="3" m="46122" /><G86/><T96/><D96/><U8/><E61/><V80/><F131/><N who="3" m="50219" /><G93/><T92/><D92/><U21/><E112/><V109/><F134/><W55/><G94/><T2/><D18/><U70/><E70/><V132/><F132/><W64/><G55/><T77/><D77/><U53/><E53/><V66/><F89/><W46/><G46/><T133/><D133/><U85/><E113/><V42/><F42/><W124/><G64/><N who="0" m="41111" /><D4/><U38/><E38/><V110/><F66/><W111/><G135/><T39/><D3/><U88/><E100/><V27/><F106/><W7/><G111/><N who="2" m="42505" /><F101/><W32/><AGARI ba="2,0" hai="7,11,12,24,31,32,124,127" m="50219,46122" machi="32" ten="40,5200,0" yaku="19,1,34,2" doraHai="74" who="3" fromWho="3" sc="359,-15,224,-15,283,-28,134,58" /><INIT seed="3,0,0,5,1,39" ten="344,209,255,192" oya="3" hai0="32,75,114,86,18,57,116,109,30,100,85,33,111" hai1="8,13,22,2,54,16,96,113,71,108,42,58,91" hai2="117,51,36,69,129,134,92,94,82,119,80,9,46" hai3="132,93,23,55,49,25,130,97,73,68,41,47,15"/><W110/><G73/><T59/><D114/><U7/><E113/><V107/><F107/><W27/><G68/><T72/><D116/><U29/><E71/><V20/><F36/><W124/><G124/><T14/><D100/><U24/><E108/><N who="0" m="41545" /><D72/><U125/><E125/><V17/><F69/><W11/><G110/><T70/><D70/><U66/><E66/><V122/><F129/><W53/><G130/><T81/><D75/><U40/><E2/><V67/><F67/><W35/><G35/><N who="0" m="13387" /><D30/><U78/><E29/><V6/><F134/><W77/><G77/><N who="0" m="46255" /><D86/><U128/><E78/><V21/><F6/><W31/><G27/><T127/><D127/><U88/><E128/><V45/><F9/><AGARI ba="0,0" hai="9,14,18,57,59" m="46255,13387,41545" machi="9" ten="30,1000,0" yaku="14,1" doraHai="39" who="0" fromWho="2" sc="344,10,209,0,255,-10,192,0" owari="354,45.4,209,-19.1,245,4.5,192,-30.8" /></mjloggm>