<mjloggm ver="2.3"><GO type="225" lobby="0"/><UN n0="%E9%B3%B3%E6%9D%B1%E3%81%AE%E3%81%86%E3%81%95%E3%81%8E%E3%81%95%E3%82%93" n1="%E3%81%A9%E3%82%8F%E3%82%93%E3%81%94" n2="%E6%A1%9C%E8%8A%B1%E9%96%83%E3%80%85" n3="%72%69%6F%75%63%68%61%6E" dan="16,16,18,17" rate="2239.13,2162.61,2265.00,2248.48" sx="M,M,M,M"/><TAIKYOKU oya="0"/><INIT seed="0,0,0,1,0,68" ten="250,250,250,250" oya="0" hai0="32,118,126,114,89,135,29,57,70,52,3,115,119" hai1="13,78,134,48,8,44,7,105,27,23,65,22,111" hai2="14,101,56,33,43,102,67,91,69,96,59,112,97" hai3="16,124,50,20,37,55,19,82,85,132,113,133,106"/><T79/><D3/><U66/><E111/><V9/><F112/><N who="0" m="43050" /><D29/><U41/><E134/><N who="3" m="51818" /><G124/><T95/><D32/><U63/><E105/><V77/><F77/><N who="3" m="46287" /><G113/><T26/><D26/><U93/><E78/><V36/><F91/><W1/><G106/><T42/><D135/><U0/><E0/><V18/><F33/><W31/><G1/><T80/><D70/><U61/><E93/><V86/><F86/><W51/><G37/><T2/><D42/><U38/><E38/><V121/><F121/><W45/><G50/><T74/><D52/><U15/><E15/><V71/><F71/><W107/><G107/><T72/><D57/><U100/><E100/><V110/><F56/><W12/><G19/><T129/><D2/><U122/><E122/><V49/><F101/><W98/><G98/><N who="0" m="57711" /><D126/><U58/><REACH who="1" step="1"/><E27/><REACH who="1" ten="250,240,250,250" step="2"/><V94/><F14/><W60/><G60/><T64/><D64/><U87/><E87/><V90/><F67/><W117/><G117/><N who="0" m="44555" /><D72/><U62/><E62/><V125/><F36/><W99/><G99/><T34/><D34/><U109/><E109/><V28/><F97/><W131/><G12/><T10/><D10/><U123/><E123/><V40/><F96/><W54/><G51/><T53/><D53/><U92/><E92/><V4/><F94/><W35/><G54/><T46/><D129/><U25/><E25/><V84/><F125/><W128/><G55/><T17/><D74/><U120/><E120/><V5/><F110/><W75/><G75/><N who="0" m="43135" /><D46/><U73/><E73/><V39/><F39/><W21/><G45/><T24/><D24/><U103/><E103/><RYUUKYOKU ba="0,1" sc="250,15,240,15,250,-15,250,-15" hai0="17" hai1="7,8,13,22,23,41,44,48,58,61,63,65,66" /><INIT seed="0,1,1,4,3,122" ten="265,255,235,235" oya="0" hai0="38,21,32,71,56,119,116,128,134,104,120,73,42" hai1="112,97,22,65,64,68,31,82,51,90,135,83,74" hai2="28,7,41,94,117,72,101,96,26,133,63,113,75" hai3="27,129,6,110,126,70,79,58,115,18,40,77,106"/><T69/><RYUUKYOKU type="yao9" ba="1,1" sc="265,0,255,0,235,0,235,0" hai0="21,32,38,42,56,69,71,73,104,116,119,120,128,134" /><INIT seed="0,2,1,2,0,60" ten="265,255,235,235" oya="0" hai0="26,45,82,22,93,103,84,50,55,12,10,118,31" hai1="113,111,81,48,102,76,107,88,73,4,11,69,36" hai2="114,105,62,18,127,44,120,21,77,53,24,75,16" hai3="96,104,0,65,56,46,63,129,14,1,28,123,29"/><T87/><D118/><U9/><E36/><V33/><F120/><W90/><G129/><T106/><D106/><U116/><E116/><V126/><F114/><W51/><G123/><T131/><D131/><U132/><E113/><V19/><F105/><W41/><G14/><T2/><D2/><U5/><E111/><V92/><F33/><W71/><G71/><T34/><D34/><U47/><E132/><V54/><F92/><W59/><G56/><T97/><REACH who="0" step="1"/><D82/><REACH who="0" ten="255,255,235,235" step="2"/><U86/><E107/><V112/><F112/><W117/><G117/><T6/><AGARI ba="2,2" hai="6,10,12,22,26,31,45,50,55,84,87,93,97,103" machi="6" ten="20,18000,2" yaku="1,1,2,1,0,1,7,1,8,1,53,1" doraHai="60" doraHaiUra="3" who="0" fromWho="0" sc="255,206,255,-62,235,-62,235,-62" /><INIT seed="0,3,0,3,2,78" ten="461,193,173,173" oya="0" hai0="32,18,8,128,134,126,110,56,12,64,28,17,120" hai1="95,72,60,102,118,9,63,97,109,85,86,90,4" hai2="107,27,30,71,61,55,15,33,6,81,100,113,135" hai3="57,10,14,73,51,38,125,74,104,26,62,19,29"/><T41/><D120/><U111/><E72/><V50/><F113/><W67/><G125/><T52/><D126/><U42/><E42/><V65/><F135/><W70/><G104/><T36/><D134/><U75/><E75/><V24/><F24/><W23/><REACH who="3" step="1"/><G38/><REACH who="3" ten="461,193,173,163" step="2"/><T130/><D36/><U1/><E118/><V84/><F107/><W89/><G89/><T91/><D91/><U46/><E111/><V40/><F100/><W3/><G3/><T127/><D110/><U43/><E109/><V48/><F40/><W88/><G88/><T22/><D127/><U98/><E98/><V31/><F31/><W5/><G5/><T119/><D41/><U123/><E123/><V106/><F106/><W47/><G47/><T39/><D39/><U112/><E112/><V35/><F6/><W34/><G34/><T133/><D119/><U16/><E1/><V13/><F35/><W93/><G93/><T122/><D122/><U54/><E4/><V101/><F101/><W117/><G117/><T87/><D133/><U66/><E43/><V92/><F92/><W49/><G49/><T69/><D28/><U77/><E102/><V0/><F0/><W96/><G96/><T2/><D32/><U21/><E97/><V11/><F50/><W20/><G20/><T115/><D115/><U121/><E121/><V108/><F108/><W58/><G58/><T124/><D124/><U116/><E116/><V132/><F132/><W53/><AGARI ba="3,1" hai="10,14,19,23,26,29,51,53,57,62,67,70,73,74" machi="53" ten="30,2000,0" yaku="1,1,0,1,53,0" doraHai="78" doraHaiUra="79" who="3" fromWho="3" sc="461,-13,193,-8,173,-8,163,39" /><INIT seed="1,0,0,1,1,63" ten="448,185,165,202" oya="1" hai0="7,46,87,131,26,44,75,133,96,112,105,23,3" hai1="22,122,60,31,72,4,52,127,119,20,89,43,97" hai2="5,81,24,18,14,99,38,111,84,88,78,135,69" hai3="41,65,40,19,113,77,21,68,13,34,47,45,74"/><U66/><E119/><V16/><F111/><W76/><G113/><T64/><D112/><U9/><E122/><V32/><F135/><W134/><G34/><T106/><D75/><U15/><E72/><V115/><F115/><W80/><G134/><T61/><D133/><U30/><E127/><V59/><F69/><W71/><G77/><T95/><D131/><U126/><E126/><V37/><F59/><W93/><G93/><T118/><D118/><U110/><E43/><V56/><F56/><W17/><G65/><T121/><D3/><U54/><E110/><V0/><F0/><W102/><G102/><T90/><D7/><U49/><E97/><V10/><F32/><W94/><G94/><T50/><D121/><U73/><E89/><V108/><F108/><W27/><G41/><T100/><D50/><U35/><E35/><V120/><F120/><W51/><REACH who="3" step="1"/><G45/><REACH who="3" ten="448,185,165,192" step="2"/><T70/><D106/><U29/><E73/><V33/><F78/><W28/><G28/><AGARI ba="0,1" hai="23,26,28,44,46,61,64,70,87,90,95,96,100,105" machi="28" ten="30,2000,0" yaku="7,1,52,1" doraHai="63" who="0" fromWho="3" sc="448,30,185,0,165,0,192,-20" /><INIT seed="2,0,0,4,1,128" ten="478,185,165,172" oya="2" hai0="82,49,78,18,5,3,15,1,21,30,84,123,94" hai1="121,83,20,64,52,105,125,47,99,36,135,107,34" hai2="55,74,130,62,73,22,14,16,32,40,124,102,51" hai3="75,116,103,71,100,68,12,93,70,97,2,101,38"/><V126/><F130/><W45/><G116/><T79/><D123/><U28/><E34/><V76/><F32/><W6/><G75/><T108/><D108/><U119/><E119/><V106/><F40/><W29/><G2/><T31/><D78/><U98/><E64/><V90/><F62/><W58/><G29/><T67/><D67/><U114/><E114/><V42/><F42/><W27/><G27/><T43/><D1/><U131/><E36/><V91/><F102/><W110/><G110/><T118/><D118/><U122/><E131/><V37/><F106/><N who="1" m="40457" /><E83/><N who="2" m="45455" /><F37/><W85/><G58/><T54/><D43/><U17/><E28/><V24/><F24/><W46/><G38/><T60/><D60/><U10/><E10/><V41/><F41/><W92/><G85/><N who="0" m="48351" /><D5/><U0/><E0/><V44/><F74/><W109/><G109/><T25/><D3/><U7/><E7/><V13/><F14/><W39/><G39/><T57/><D15/><U63/><E122/><V129/><F129/><W127/><G127/><AGARI ba="0,0" hai="13,16,22,44,51,55,90,91,124,126,127" m="45455" machi="127" ten="30,2900,0" yaku="18,1,54,1" doraHai="128" who="2" fromWho="3" sc="478,0,185,0,165,29,172,-29" /><INIT seed="2,1,0,2,3,4" ten="478,185,194,143" oya="2" hai0="106,24,119,48,39,57,45,113,73,82,118,88,67" hai1="8,70,115,72,110,1,62,3,104,103,0,6,80" hai2="27,29,98,61,69,51,81,108,40,26,83,23,33" hai3="47,22,134,71,28,109,117,55,21,44,13,54,129"/><V121/><F121/><W37/><G117/><N who="0" m="44555" /><D106/><U41/><E115/><V17/><F108/><W20/><G109/><T77/><D113/><U84/><E110/><V78/><F98/><W95/><G129/><T50/><D88/><U114/><E114/><V58/><F69/><W130/><G130/><T12/><D12/><U66/><E41/><V2/><F2/><W128/><G128/><T131/><D131/><U85/><E85/><V133/><F133/><W105/><G134/><T38/><D24/><U18/><E18/><V125/><F125/><W111/><G105/><T46/><D57/><U87/><E87/><V107/><F107/><W60/><G111/><T9/><D9/><U68/><E68/><V42/><F81/><W75/><G28/><T102/><D67/><U19/><E19/><V10/><F10/><W120/><G120/><T53/><D102/><U32/><E32/><V5/><F5/><W116/><G116/><T101/><D101/><U112/><E112/><V91/><F91/><W65/><G13/><T127/><D127/><U7/><E7/><V52/><REACH who="2" step="1"/><F61/><REACH who="2" ten="478,185,184,143" step="2"/><W124/><G124/><T11/><D11/><U76/><E84/><AGARI ba="1,1" hai="17,23,26,27,29,33,40,42,51,52,58,78,83,84" machi="84" ten="30,11600,0" yaku="1,1,2,1,7,1,54,1,53,0" doraHai="4" doraHaiUra="123" who="2" fromWho="1" sc="478,0,185,-119,184,129,143,0" /><INIT seed="2,2,0,5,0,129" ten="478,66,313,143" oya="2" hai0="14,42,100,35,36,117,99,128,119,64,83,68,92" hai1="17,123,43,122,88,16,26,0,44,135,57,114,106" hai2="103,48,96,75,102,124,132,38,81,49,27,107,6" hai3="12,69,59,84,80,28,104,94,97,29,58,11,86"/><V130/><F38/><W72/><G69/><T87/><D35/><U40/><E106/><V127/><F130/><W4/><G104/><T134/><D134/><U18/><E0/><V89/><F103/><N who="3" m="60855" /><G72/><T7/><D128/><U95/><E114/><V51/><F6/><W31/><G84/><T91/><D68/><U78/><E78/><AGARI ba="2,0" hai="4,11,12,28,29,31,58,59,78,80,86" m="60855" machi="78" ten="30,1000,0" yaku="8,1" doraHai="129" who="3" fromWho="1" sc="478,0,66,-16,313,0,143,16" /><INIT seed="3,0,0,1,0,132" ten="478,50,313,159" oya="3" hai0="29,65,126,56,115,22,123,32,112,108,102,57,43" hai1="66,127,53,74,50,130,131,13,7,133,3,28,64" hai2="1,0,122,21,46,44,33,68,38,15,98,128,8" hai3="16,25,47,55,45,88,52,87,20,90,82,49,41"/><W69/><G69/><T129/><D126/><U5/><E74/><V51/><F33/><W35/><G35/><T105/><D108/><U39/><E39/><V73/><F73/><W27/><G27/><T63/><D123/><U134/><E13/><V11/><F68/><W12/><G90/><T119/><D119/><U121/><E28/><V61/><F61/><W109/><G109/><T116/><D116/><U18/><E18/><V97/><F21/><N who="3" m="11399" /><G45/><T106/><D32/><U9/><E121/><V113/><F122/><W81/><G81/><T94/><D29/><AGARI ba="0,0" hai="20,25,29,41,47,49,52,55,82,87,88" m="11399" machi="29" ten="30,11600,0" yaku="8,1,54,3" doraHai="132" who="3" fromWho="0" sc="478,-116,50,0,313,0,159,116" /><INIT seed="3,1,0,3,4,19" ten="362,50,313,275" oya="3" hai0="31,134,85,66,32,79,113,36,18,1,52,57,129" hai1="77,125,33,15,62,22,130,53,45,21,2,132,74" hai2="26,55,94,106,87,119,14,44,128,17,39,54,13" hai3="89,112,78,71,110,117,64,122,65,23,16,116,59"/><W70/><G112/><T46/><D1/><U98/><E74/><V80/><F119/><W34/><G122/><T47/><D66/><U75/><E75/><V133/><F106/><W91/><G34/><T120/><D120/><U24/><E77/><V0/><F0/><W96/><G78/><T50/><D36/><U121/><E121/><V118/><F118/><W3/><G3/><T49/><D113/><U12/><E2/><V25/><F133/><W48/><G110/><T88/><D134/><U107/><E132/><V29/><F128/><W8/><G8/><T109/><D109/><U99/><E130/><V41/><F94/><N who="3" m="56399" /><G70/><T63/><D79/><U84/><E107/><V56/><F13/><N who="3" m="9615" /><G71/><T5/><D32/><U6/><E33/><V43/><F29/><W81/><G116/><T123/><D123/><U90/><E125/><V126/><F126/><W9/><G117/><T100/><D129/><U102/><E102/><V69/><F69/><W131/><G9/><T20/><D5/><U61/><E6/><V40/><F39/><W37/><G37/><T28/><D28/><U30/><E30/><V76/><F17/><W72/><G131/><T103/><D31/><U95/><E24/><V51/><REACH who="2" step="1"/><F14/><REACH who="2" ten="362,50,303,275" step="2"/><W10/><G10/><T108/><D18/><U42/><E12/><V11/><F11/><W86/><G72/><T73/><D73/><U114/><E15/><V127/><F127/><W35/><G35/><T115/><D115/><U135/><E114/><V111/><F111/><W82/><G82/><T38/><D108/><U97/><E135/><V124/><F124/><RYUUKYOKU ba="1,1" sc="362,-15,50,-15,303,15,275,15" hai2="25,26,40,41,43,44,51,54,55,56,76,80,87" hai3="48,59,64,65,81,86,91" /><INIT seed="3,2,1,1,3,66" ten="347,35,318,290" oya="3" hai0="129,132,29,0,39,81,43,58,98,116,128,97,54" hai1="79,86,49,135,7,103,4,42,84,64,118,91,102" hai2="31,106,53,92,115,57,50,85,90,105,9,68,69" hai3="88,28,120,15,33,30,133,89,61,112,19,46,83"/><W77/><G112/><T48/><D116/><U60/><E118/><V70/><F115/><W6/><G120/><T16/><D0/><U75/><E42/><V126/><F126/><W111/><G133/><T26/><D132/><U8/><E49/><V2/><REACH who="2" step="1"/><F31/><REACH who="2" ten="347,35,308,290" step="2"/><N who="3" m="11819" /><G33/><T20/><D29/><U17/><E135/><V1/><F1/><W55/><G111/><T110/><D110/><U35/><E35/><V113/><F113/><W36/><G6/><AGARI ba="2,2" hai="2,6,9,50,53,57,68,69,70,85,90,92,105,106" machi="6" ten="40,12000,2" yaku="1,1,52,3,53,3" doraHai="66" doraHaiUra="65" who="2" fromWho="3" sc="347,0,35,0,308,146,290,-126" owari="347,14.7,35,-46.5,454,55.4,164,-23.6" /></mjloggm>