<mjloggm ver="2.3"><GO type="225" lobby="0"/><UN n0="%E4%B8%89%E5%86%A0%E7%8E%8B%E3%83%BB%E5%B1%B1%E7%94%B0%E5%93%B2%E4%BA%BA" n1="%E2%91%A3%E9%81%BF%E9%81%8A%E6%88%AF%E3%80%90%E6%9D%B1%E5%8D%97%E3%80%91" n2="%E3%81%A1%E3%82%85%E3%81%86%E3%81%A9%E3%81%8F%E8%B1%A1%E3%81%95%E3%82%93" n3="%E8%90%BD%E6%97%A5" dan="16,16,17,19" rate="2147.54,2094.26,2238.58,2228.24" sx="M,M,M,F"/><TAIKYOKU oya="0"/><INIT seed="0,0,0,4,5,135" ten="250,250,250,250" oya="0" hai0="61,97,40,3,23,92,78,95,45,99,116,37,134" hai1="42,72,96,21,25,67,26,63,132,102,130,71,35" hai2="111,87,1,98,81,60,29,54,131,17,20,53,68" hai3="38,44,122,128,88,75,124,74,65,79,50,14,11"/><T118/><D134/><U77/><E132/><V55/><F1/><W91/><G128/><T101/><D3/><U12/><E130/><V112/><F112/><W82/><G38/><T58/><D78/><U129/><E129/><V16/><F131/><W107/><G107/><T84/><D84/><U27/><E42/><V2/><F2/><W105/><G105/><T66/><REACH who="0" step="1"/><D23/><REACH who="0" ten="240,250,250,250" step="2"/><U125/><E77/><V103/><F111/><W39/><G122/><T41/><D41/><U5/><E72/><V52/><F20/><W6/><G75/><T100/><AGARI ba="0,1" hai="37,40,45,58,61,66,92,95,97,99,100,101,116,118" machi="100" ten="20,7800,0" yaku="1,1,0,1,7,1,9,1,53,0" doraHai="135" doraHaiUra="7" who="0" fromWho="0" sc="240,88,250,-26,250,-26,250,-26" /><INIT seed="0,1,0,0,0,4" ten="328,224,224,224" oya="0" hai0="51,24,37,36,74,91,124,109,100,76,46,60,65" hai1="44,62,133,72,55,48,101,0,26,89,18,21,8" hai2="93,42,122,92,117,54,14,131,129,34,1,66,49" hai3="116,69,41,23,87,10,114,98,33,39,71,31,112"/><T35/><D124/><U9/><E133/><V119/><F1/><W126/><G116/><N who="2" m="44617" /><F34/><W17/><G126/><T57/><D100/><U110/><E0/><V103/><F122/><W64/><G33/><T132/><D132/><U94/><E72/><V80/><F66/><W68/><G31/><T104/><D104/><U128/><E128/><N who="2" m="49227" /><F42/><W90/><G64/><T115/><D35/><U81/><E110/><V56/><F103/><W95/><G41/><T50/><D65/><U77/><E101/><V121/><F121/><W25/><G39/><T120/><D37/><U78/><E62/><V16/><F80/><W27/><G27/><T29/><D24/><U6/><E6/><V97/><F97/><W88/><REACH who="3" step="1"/><G10/><AGARI ba="1,0" hai="10,14,16,49,54,56,92,93" m="49227,44617" machi="10" ten="30,7700,0" yaku="12,1,19,1,52,1,54,1" doraHai="4" who="2" fromWho="3" sc="328,0,224,0,224,80,224,-80" /><INIT seed="1,0,0,1,3,14" ten="328,224,304,144" oya="1" hai0="106,119,4,12,78,41,125,131,16,84,117,42,102" hai1="23,64,134,60,122,2,132,48,100,28,70,97,103" hai2="94,126,22,1,81,98,104,0,107,108,33,36,114" hai3="112,50,110,52,7,31,83,82,90,40,44,129,130"/><U88/><E122/><V35/><F36/><W37/><G112/><T85/><D4/><U43/><E2/><V32/><F114/><W6/><G110/><T121/><D121/><U74/><E74/><V99/><F108/><W76/><G31/><T30/><D30/><U71/><E71/><V45/><F45/><W29/><G29/><T127/><D131/><U3/><E3/><V59/><F126/><N who="0" m="48138" /><D102/><U87/><E48/><V15/><F81/><W75/><G7/><T73/><D106/><U91/><E43/><N who="0" m="16393" /><D73/><U105/><E103/><V5/><F59/><W86/><REACH who="3" step="1"/><G6/><REACH who="3" ten="328,224,304,134" step="2"/><T118/><D78/><U26/><REACH who="1" step="1"/><E91/><REACH who="1" ten="328,214,304,134" step="2"/><V47/><F0/><W93/><G93/><AGARI ba="0,2" hai="23,26,28,60,64,70,87,88,93,97,100,105,132,134" machi="93" ten="40,7700,0" yaku="1,1,2,1,54,1,53,0" doraHai="14" doraHaiUra="77" who="1" fromWho="3" sc="328,0,214,97,304,0,134,-77" /><INIT seed="1,1,0,0,5,79" ten="328,311,304,57" oya="1" hai0="28,100,53,133,74,103,89,21,13,115,58,85,62" hai1="18,128,61,94,54,95,20,88,24,31,129,5,16" hai2="60,63,84,70,68,19,1,122,59,48,67,23,99" hai3="44,30,93,39,52,113,4,35,66,107,109,86,118"/><U32/><E5/><V130/><F122/><W26/><G107/><T33/><D115/><U75/><E75/><V47/><F1/><W119/><G113/><T112/><D112/><U77/><E77/><V27/><F130/><N who="1" m="50281" /><E95/><V101/><F84/><W45/><G109/><T120/><D74/><U123/><E123/><V37/><F37/><W121/><G121/><T38/><D38/><U132/><E132/><V69/><F60/><W105/><G105/><T83/><D120/><U8/><E8/><V114/><F114/><W82/><G66/><T65/><D133/><U127/><E127/><V7/><F7/><W125/><G125/><T96/><D96/><N who="1" m="57415" /><E32/><V12/><F27/><W64/><G93/><T102/><D33/><U72/><E72/><V51/><REACH who="2" step="1"/><F47/><REACH who="2" ten="328,311,294,57" step="2"/><W92/><G45/><T41/><D13/><U98/><E98/><V2/><F2/><W97/><G4/><T14/><D14/><U80/><E80/><V81/><F81/><W108/><G86/><T40/><D83/><U71/><E71/><V11/><F11/><W0/><G82/><T78/><D78/><U111/><E111/><V29/><F29/><W43/><G0/><T135/><D135/><U46/><E46/><V76/><F76/><W34/><G30/><T22/><D28/><U126/><E126/><V87/><F87/><W73/><G73/><T55/><D85/><U25/><E25/><V57/><F57/><AGARI ba="1,1" hai="16,18,20,24,31,54,57,61" m="57415,50281" machi="57" ten="30,5800,0" yaku="19,1,54,2" doraHai="79" who="1" fromWho="2" sc="328,0,311,71,294,-61,57,0" /><INIT seed="1,2,0,0,1,90" ten="328,382,233,57" oya="1" hai0="133,81,61,113,97,131,117,134,119,11,82,1,38" hai1="101,49,43,22,127,52,63,130,77,16,59,67,35" hai2="91,110,96,92,8,31,55,109,95,93,125,102,12" hai3="135,45,89,70,66,105,64,112,20,13,78,34,129"/><U39/><E35/><V62/><F125/><W2/><G78/><T71/><D38/><U58/><E127/><V99/><F31/><W9/><G45/><T72/><D113/><U36/><E130/><V126/><F126/><W10/><G20/><T108/><D108/><N who="2" m="41578" /><F62/><W46/><G46/><T80/><D72/><U47/><E77/><V100/><F55/><W73/><G89/><T124/><D124/><U51/><REACH who="1" step="1"/><E101/><REACH who="1" ten="328,372,233,57" step="2"/><N who="2" m="39019" /><F91/><W24/><G34/><T19/><D131/><U40/><E40/><V68/><F68/><W122/><G70/><T28/><D71/><U76/><E76/><V69/><F69/><W120/><G129/><T33/><D33/><U88/><E88/><V37/><F37/><W103/><G103/><T111/><D111/><U48/><E48/><V98/><F98/><W57/><G112/><T44/><D97/><U6/><E6/><AGARI ba="2,1" hai="6,8,12,92,93,95,96,99" m="39019,41578" machi="6" ten="30,7700,0" yaku="14,1,52,3" doraHai="90" who="2" fromWho="1" sc="328,0,372,-83,233,93,57,0" /><INIT seed="2,0,0,5,2,131" ten="328,289,326,57" oya="2" hai0="89,14,106,0,125,38,9,73,80,69,52,98,17" hai1="26,109,71,36,43,76,116,129,55,15,75,96,85" hai2="10,107,42,61,95,122,47,31,67,115,104,30,133" hai3="19,46,37,92,108,65,40,88,103,81,87,12,41"/><V100/><F122/><W57/><G108/><T68/><D38/><U112/><E109/><V99/><F115/><W21/><G41/><T118/><D125/><U114/><E71/><V5/><F133/><W77/><G103/><T135/><D135/><U82/><E129/><V20/><F104/><W62/><G37/><T27/><D118/><U91/><E116/><V83/><F83/><W90/><REACH who="3" step="1"/><G92/><REACH who="3" ten="328,289,326,47" step="2"/><T53/><D106/><U134/><E43/><V63/><F107/><W7/><G7/><T22/><D69/><U101/><E36/><V23/><F95/><W97/><G97/><T6/><D68/><U111/><E111/><V45/><F99/><W16/><G16/><T86/><D98/><U113/><E96/><V124/><F100/><W51/><AGARI ba="0,1" hai="12,19,21,40,46,51,57,62,65,77,81,87,88,90" machi="51" ten="20,8000,1" yaku="1,1,0,1,7,1,8,1,54,1,53,0" doraHai="131" doraHaiUra="123" who="3" fromWho="3" sc="328,-20,289,-20,326,-40,47,90" /><INIT seed="3,0,0,5,2,68" ten="308,269,286,137" oya="3" hai0="70,90,75,86,97,45,35,32,12,118,60,122,36" hai1="72,128,49,59,116,38,94,54,16,130,83,85,61" hai2="73,93,65,6,3,113,126,89,133,95,13,111,114" hai3="119,24,96,22,30,29,41,23,69,50,79,33,37"/><W107/><G119/><T18/><D75/><U121/><E121/><V7/><F73/><W43/><G69/><T101/><D122/><U81/><E116/><V127/><F3/><W84/><G50/><T26/><D118/><U20/><E72/><V42/><F65/><W8/><G8/><T66/><D26/><U98/><E49/><V112/><F111/><W103/><G30/><T64/><D64/><U87/><E38/><V1/><F1/><W77/><G43/><T11/><D36/><U71/><E71/><V44/><F133/><W56/><G56/><T19/><D45/><U74/><E74/><V9/><F6/><W92/><G107/><T120/><D19/><U109/><E109/><V82/><F82/><N who="1" m="31241" /><E130/><V2/><F2/><W131/><G84/><T115/><D115/><U62/><E62/><V17/><F7/><W47/><REACH who="3" step="1"/><G131/><REACH who="3" ten="308,269,286,127" step="2"/><T124/><D70/><U105/><E128/><V117/><F117/><W135/><G135/><T102/><D86/><U52/><E105/><V0/><F113/><W91/><G91/><T106/><D90/><N who="1" m="55639" /><E54/><V123/><F114/><W40/><G40/><T55/><D55/><U10/><E10/><V129/><F112/><W99/><G99/><T110/><D11/><U125/><E125/><N who="2" m="47627" /><F129/><W63/><G63/><T39/><D60/><U76/><E76/><AGARI ba="0,1" hai="22,23,24,29,33,37,41,47,76,77,79,92,96,103" machi="76" ten="40,7700,0" yaku="1,1,52,1,53,1" doraHai="68" doraHaiUra="27" who="3" fromWho="1" sc="308,0,269,-77,286,0,127,87" /><INIT seed="3,1,0,4,0,132" ten="308,192,286,214" oya="3" hai0="116,25,5,78,99,82,66,19,128,101,100,65,10" hai1="93,106,41,3,6,22,51,88,117,70,84,62,29" hai2="79,134,48,36,1,50,130,86,95,17,0,15,53" hai3="43,72,52,67,60,54,126,75,105,94,63,89,87"/><W42/><G105/><T90/><D90/><U11/><E106/><V83/><F134/><W37/><G126/><T26/><D116/><U109/><E117/><V9/><F36/><W45/><G43/><T38/><D38/><U114/><E109/><V133/><F133/><W98/><G63/><T107/><D101/><U4/><E114/><V30/><F130/><W2/><G2/><T59/><D128/><U35/><E6/><V104/><F104/><W73/><REACH who="3" step="1"/><G98/><REACH who="3" ten="308,192,286,204" step="2"/><T112/><D99/><U97/><E41/><V118/><F118/><W49/><G49/><T115/><D107/><U135/><E135/><V131/><F131/><W61/><G61/><T76/><D115/><U55/><E62/><V64/><F50/><W13/><G13/><T32/><D112/><U96/><E70/><AGARI ba="1,1" hai="37,42,45,52,54,60,67,70,72,73,75,87,89,94" machi="70" ten="40,7700,0" yaku="1,1,54,1,53,1" doraHai="132" doraHaiUra="40" who="3" fromWho="1" sc="308,0,192,-80,286,0,204,90" /><INIT seed="3,2,0,3,0,126" ten="308,112,286,294" oya="3" hai0="46,29,49,26,36,58,18,71,105,75,10,34,13" hai1="68,104,67,91,44,73,55,81,102,85,59,6,35" hai2="45,117,108,123,79,60,57,129,83,51,114,48,27" hai3="99,16,130,30,62,82,17,101,70,118,100,24,76"/><W107/><G118/><T116/><D75/><U1/><E35/><V4/><F117/><W41/><G101/><T96/><D71/><U119/><E119/><V66/><F114/><W98/><G98/><T39/><D116/><U9/><E44/><V53/><F108/><W124/><G130/><T77/><D77/><U94/><E68/><V131/><F123/><W90/><G90/><T127/><D127/><U23/><E67/><V31/><F4/><W54/><G41/><T121/><D121/><U8/><E8/><V89/><F89/><W61/><G61/><T37/><D58/><U19/><E104/><V15/><F15/><W65/><G54/><T97/><REACH who="0" step="1"/><D105/><REACH who="0" ten="298,112,286,294" step="2"/><U132/><E132/><V74/><REACH who="2" step="1"/><F48/><REACH who="2" ten="298,112,276,294" step="2"/><W134/><G124/><T93/><D93/><U120/><E120/><V72/><F72/><N who="3" m="43271" /><G134/><T14/><D14/><U52/><E73/><V112/><F112/><W122/><G122/><T64/><D64/><U63/><E102/><V43/><F43/><AGARI ba="2,2" hai="10,13,18,26,29,34,36,37,39,43,46,49,96,97" machi="43" ten="40,1300,0" yaku="1,1,53,0" doraHai="126" doraHaiUra="78" who="0" fromWho="2" sc="298,39,112,0,276,-19,294,0" owari="337,43.7,112,-38.8,257,-14.3,294,9.4" /></mjloggm>