<mjloggm ver="2.3"><GO type="225" lobby="0"/><UN n0="%E6%98%93%E5%88%A9%E8%96%A9%E4%BC%AF" n1="%E4%B8%89%E5%88%86%E5%B0%8F%E5%83%A7" n2="%E7%B4%94%E6%BD%94%E3%83%94%E3%83%A9%E3%83%8B%E3%82%A2" n3="%E8%A8%88%E7%AE%97%E6%A9%9F%E8%87%AA%E7%84%B6" dan="16,16,17,17" rate="2090.33,2101.91,2162.20,2175.61" sx="F,M,M,M"/><TAIKYOKU oya="0"/><INIT seed="0,0,0,4,0,9" ten="250,250,250,250" oya="0" hai0="92,106,49,69,29,108,2,134,22,127,64,125,104" hai1="11,55,70,65,52,83,77,23,17,45,1,90,43" hai2="100,87,3,114,113,76,36,32,99,93,131,73,129" hai3="96,38,10,20,47,126,25,74,24,79,89,44,61"/><T82/><D2/><U78/><E70/><V102/><F32/><W68/><G74/><T135/><D82/><U12/><E65/><V41/><F41/><W86/><G126/><N who="0" m="48139" /><D92/><U116/><E116/><V63/><F63/><W97/><G79/><T75/><D75/><U62/><E90/><N who="2" m="53471" /><F36/><W15/><G38/><T121/><D121/><U48/><E62/><V105/><F102/><W91/><G61/><N who="0" m="40079" /><D49/><U107/><E107/><N who="0" m="41001" /><D108/><U57/><E57/><V16/><F3/><W122/><G122/><T112/><D112/><U72/><REACH who="1" step="1"/><E78/><REACH who="1" ten="250,240,250,250" step="2"/><V42/><F114/><W26/><G68/><T119/><D119/><U50/><E50/><V6/><F76/><W103/><G89/><T123/><D123/><U13/><E13/><V14/><F14/><W115/><G115/><T133/><D133/><U130/><E130/><V95/><F131/><W0/><G103/><T59/><D59/><U34/><E34/><V124/><F124/><W28/><G0/><T53/><D53/><U120/><E120/><V18/><F105/><W118/><G118/><T110/><D110/><U51/><E51/><V4/><F129/><W60/><G60/><T21/><D135/><U33/><E33/><V35/><F35/><W88/><G91/><T19/><D134/><U30/><E30/><V81/><F113/><W117/><G117/><T58/><D58/><U71/><E71/><V101/><F101/><W39/><G39/><T66/><D66/><U54/><E54/><V46/><F46/><N who="3" m="17451" /><G97/><T27/><D29/><U67/><E67/><V109/><F109/><W111/><G111/><T8/><D27/><RYUUKYOKU ba="0,1" sc="250,15,240,15,250,-15,250,-15" hai0="8,19,21,22" hai1="1,11,12,17,23,43,45,48,52,55,72,77,83" /><INIT seed="0,1,1,0,4,104" ten="265,255,235,235" oya="0" hai0="124,107,115,41,27,135,26,39,83,6,120,49,3" hai1="35,93,59,57,63,42,110,126,32,96,81,15,100" hai2="43,12,47,129,130,29,0,99,16,20,71,50,2" hai3="67,40,114,14,21,103,58,51,92,88,53,25,106"/><T18/><D115/><U84/><E126/><V91/><F71/><W7/><G114/><T54/><D120/><U24/><E110/><V101/><F91/><W127/><G127/><T56/><D124/><U108/><E108/><V90/><F90/><W131/><G131/><N who="2" m="50185" /><F29/><N who="3" m="17583" /><G106/><AGARI ba="1,1" hai="0,2,12,16,20,43,47,50,99,101,106" m="50185" machi="106" ten="30,2000,0" yaku="19,1,54,1" doraHai="104" who="2" fromWho="3" sc="265,0,255,0,235,33,235,-23" /><INIT seed="1,0,0,1,3,105" ten="265,255,268,212" oya="1" hai0="86,71,120,33,40,104,17,106,48,68,43,44,3" hai1="91,13,62,124,75,6,9,78,125,89,24,107,87" hai2="60,114,27,52,10,119,22,26,110,55,34,115,92" hai3="63,103,123,31,50,54,4,90,102,51,64,1,116"/><U130/><E107/><V83/><F119/><W80/><G123/><T74/><D120/><U18/><E130/><V93/><F10/><W122/><G122/><T38/><D33/><U84/><E62/><V135/><F135/><W58/><G116/><T85/><D3/><U11/><E24/><N who="2" m="9259" /><F22/><W46/><G31/><T66/><D17/><U101/><E101/><V30/><F60/><W97/><G1/><T14/><D14/><U73/><E78/><V70/><F83/><W67/><G4/><T28/><D28/><U29/><E29/><V126/><F30/><W112/><G112/><N who="2" m="43049" /><F70/><W47/><G64/><T0/><D0/><U109/><E109/><V98/><F98/><W8/><G8/><T35/><D66/><U96/><E96/><V134/><F134/><W53/><REACH who="3" step="1"/><G80/><REACH who="3" ten="265,255,268,202" step="2"/><T37/><D35/><U49/><E6/><V95/><F34/><W16/><G16/><T61/><D71/><U59/><E18/><V132/><F132/><W108/><G108/><T131/><D68/><U5/><E5/><V99/><F110/><W118/><G118/><T2/><D2/><U56/><E13/><V133/><F133/><W19/><G19/><T100/><D131/><U88/><E91/><V69/><F69/><W12/><G12/><T65/><D65/><U128/><E128/><V39/><F126/><W42/><G42/><T7/><D43/><U72/><E72/><V121/><F121/><W41/><G41/><T113/><D74/><U76/><E76/><V129/><F129/><W32/><G32/><T127/><D40/><U15/><E15/><V45/><F99/><RYUUKYOKU ba="0,1" sc="265,-30,255,10,268,10,202,10" hai1="9,11,49,56,59,73,75,84,87,88,89,124,125" hai2="39,45,52,55,92,93,95" hai3="46,47,50,51,53,54,58,63,67,90,97,102,103" /><INIT seed="1,1,1,1,2,105" ten="235,265,278,212" oya="1" hai0="109,76,19,114,10,18,67,12,133,39,75,66,119" hai1="110,26,17,40,46,71,52,7,30,122,86,47,28" hai2="31,14,61,124,130,113,69,132,99,44,120,21,85" hai3="50,20,95,38,3,101,58,127,53,43,116,45,81"/><U25/><E122/><V72/><F72/><W23/><G3/><T80/><D114/><U91/><E71/><V63/><F69/><W33/><G33/><T27/><D119/><U29/><E110/><V6/><F113/><W89/><G116/><T118/><D118/><U37/><E7/><V16/><F124/><W125/><G101/><T126/><D133/><U92/><REACH who="1" step="1"/><E17/><REACH who="1" ten="235,255,278,212" step="2"/><V82/><F6/><W108/><G108/><T107/><D109/><U41/><E41/><V98/><F120/><W128/><G128/><T64/><D126/><N who="3" m="48137" /><G81/><T15/><D39/><U8/><E8/><V103/><F130/><W88/><G89/><T9/><D107/><U90/><E90/><V68/><F68/><W112/><G112/><T77/><D77/><U32/><E32/><V131/><F131/><W62/><G38/><T97/><REACH who="0" step="1"/><D97/><AGARI ba="1,2" hai="20,23,43,45,50,53,58,62,88,95,97" m="48137" machi="97" ten="30,2000,0" yaku="18,1,54,1" doraHai="105" who="3" fromWho="0" sc="235,-23,255,0,278,0,212,43" /><INIT seed="2,0,0,2,0,56" ten="212,255,278,255" oya="2" hai0="60,47,95,93,37,21,89,84,97,96,81,66,68" hai1="120,4,54,135,122,19,10,41,88,45,29,100,130" hai2="107,126,109,79,34,131,48,32,55,113,132,112,106" hai3="14,35,9,121,8,86,28,13,23,129,53,30,104"/><V58/><F131/><W59/><G104/><T52/><D37/><U115/><E115/><V94/><F126/><W40/><G121/><N who="1" m="46698" /><E130/><V128/><F128/><W82/><G35/><T74/><D21/><U16/><E135/><V98/><F132/><W43/><G129/><T85/><D74/><U103/><E29/><V92/><F109/><W3/><G3/><T123/><D123/><U133/><E54/><V24/><F34/><W31/><G23/><T119/><D119/><U26/><E133/><V91/><F107/><W71/><G71/><T111/><D111/><U75/><E75/><V27/><F106/><W50/><G13/><T25/><D25/><U67/><E67/><V72/><F32/><W114/><G8/><T102/><REACH who="0" step="1"/><D81/><REACH who="0" ten="202,255,278,255" step="2"/><U134/><E134/><V110/><F110/><W108/><G108/><T83/><D83/><U46/><E26/><V124/><F112/><W101/><G114/><T116/><D116/><U57/><E10/><V65/><F72/><W15/><G15/><T5/><D5/><U0/><E4/><V42/><F113/><W51/><G14/><T77/><D77/><U99/><E0/><V18/><F124/><W80/><G80/><T20/><D20/><U2/><E2/><V64/><F79/><N who="3" m="46431" /><G9/><T12/><D12/><U69/><E19/><V63/><F24/><W44/><G40/><T127/><D127/><U90/><E41/><V33/><F33/><W39/><G39/><T117/><D117/><U36/><E36/><V78/><F27/><W38/><G38/><T49/><AGARI ba="0,1" hai="47,49,52,60,66,68,84,85,89,93,95,96,97,102" machi="49" ten="30,7900,0" yaku="1,1,0,1,52,1,54,1,53,0" doraHai="56" doraHaiUra="76" who="0" fromWho="0" sc="202,89,255,-20,278,-39,255,-20" /><INIT seed="3,0,0,0,4,95" ten="291,235,239,235" oya="3" hai0="111,59,61,30,69,100,44,132,129,93,73,64,13" hai1="86,10,1,72,84,94,117,43,21,79,118,39,35" hai2="60,32,63,96,3,134,80,91,112,98,102,49,126" hai3="54,81,90,19,57,124,115,12,97,103,62,65,85"/><W109/><G124/><T88/><D73/><U40/><E35/><V110/><F32/><W114/><G109/><T75/><D75/><U135/><E135/><V11/><F110/><W77/><G77/><T16/><D111/><U82/><E21/><V45/><F112/><W14/><G65/><T121/><D121/><U33/><E33/><V68/><F68/><W41/><G41/><T25/><D129/><U99/><E1/><V47/><F134/><W122/><G122/><T7/><D69/><U83/><E10/><V116/><F116/><N who="1" m="44649" /><E39/><V58/><F102/><W17/><G12/><T133/><D44/><N who="2" m="16970" /><F11/><W18/><REACH who="3" step="1"/><G14/><REACH who="3" ten="291,235,239,225" step="2"/><T6/><D133/><U24/><E24/><V120/><F126/><W70/><G70/><T26/><D132/><U71/><E71/><V50/><F120/><W37/><G37/><T48/><D13/><U22/><E72/><V89/><F3/><W105/><AGARI ba="0,1" hai="17,18,19,54,57,62,81,85,90,97,103,105,114,115" machi="105" ten="30,6000,0" yaku="1,1,0,1,52,1,53,0" doraHai="95" doraHaiUra="28" who="3" fromWho="3" sc="291,-20,235,-20,239,-20,225,70" /><INIT seed="3,1,0,4,3,61" ten="271,215,219,295" oya="3" hai0="132,29,2,59,31,50,32,24,86,89,92,49,43" hai1="91,113,12,102,51,27,53,107,111,78,13,22,36" hai2="47,72,25,101,39,23,11,10,15,128,123,117,99" hai3="4,63,18,122,126,115,9,74,120,110,87,33,65"/><W70/><G115/><T40/><D2/><U1/><E1/><V81/><F117/><W46/><G74/><T97/><D132/><U112/><E36/><V55/><F128/><W133/><G33/><T131/><D31/><U37/><E37/><V100/><F100/><W90/><G133/><T134/><D131/><U95/><E78/><V57/><F123/><W64/><G64/><T14/><D14/><U79/><E79/><V66/><F81/><W127/><G18/><T76/><D134/><U35/><E35/><V118/><F72/><W77/><G46/><T73/><D73/><U121/><E121/><V19/><F118/><W8/><G8/><T129/><D129/><U109/><E102/><V56/><F11/><W3/><G77/><T108/><D108/><N who="1" m="41547" /><E107/><V38/><F38/><W125/><G110/><T85/><D76/><U68/><E68/><V119/><F119/><W52/><G52/><T44/><D59/><N who="1" m="33215" /><E113/><V42/><F66/><W94/><AGARI ba="1,0" hai="3,4,9,63,65,70,87,90,94,120,122,125,126,127" machi="94" ten="30,6000,0" yaku="0,1,18,1,52,1" doraHai="61" who="3" fromWho="3" sc="271,-21,215,-21,219,-21,295,63" owari="250,5.0,194,-30.6,198,-20.2,358,45.8" /></mjloggm>