<mjloggm ver="2.3"><GO type="225" lobby="0"/><UN n0="%E5%AF%82%E5%AF%9E%E3%82%AE%E3%83%8D%E3%82%B9%E3%83%93%E3%83%BC%E3%83%AB" n1="%72%69%6F%75%63%68%61%6E" n2="%E3%83%AD%E3%83%83%E3%83%86%E9%9B%80%E7%90%83" n3="%6D%75%75%6D%75%72%61" dan="16,16,17,16" rate="2135.51,2109.72,2190.06,2183.19" sx="M,M,M,F"/><TAIKYOKU oya="0"/><INIT seed="0,0,0,1,5,34" ten="250,250,250,250" oya="0" hai0="20,4,25,78,54,119,48,112,127,74,17,10,102" hai1="131,57,64,123,63,108,50,55,46,31,129,22,86" hai2="104,93,85,36,116,7,88,124,105,27,19,52,6" hai3="67,2,40,83,47,80,3,98,106,21,107,75,32"/><T72/><D112/><U122/><E86/><V61/><F36/><W13/><G32/><T15/><D119/><U45/><E31/><V96/><F116/><W30/><G67/><T125/><D102/><U82/><E82/><N who="2" m="49207" /><F124/><N who="0" m="47690" /><D78/><U109/><E22/><N who="2" m="13791" /><F105/><W120/><G80/><T111/><D111/><N who="1" m="42571" /><E45/><AGARI ba="0,0" hai="4,10,15,17,20,25,45,48,54,72,74" m="47690" machi="45" ten="30,1500,0" yaku="18,1" doraHai="34" who="0" fromWho="1" sc="250,15,250,-15,250,0,250,0" /><INIT seed="0,1,0,3,3,132" ten="265,235,250,250" oya="0" hai0="20,1,103,53,22,83,71,108,33,115,133,42,89" hai1="58,93,120,35,111,98,9,12,126,135,32,17,130" hai2="91,127,123,74,13,63,30,117,62,82,107,72,40" hai3="26,8,36,57,43,116,6,4,44,92,46,23,64"/><T0/><D115/><U34/><E120/><V90/><F123/><W19/><G116/><T101/><D33/><U85/><E111/><V3/><F3/><W55/><G64/><T27/><D71/><U77/><E130/><V21/><F107/><W81/><G81/><T87/><D133/><U106/><E135/><V119/><F40/><W80/><G92/><T113/><D113/><U28/><E126/><V121/><F121/><W16/><G46/><T31/><D42/><U97/><E106/><V51/><F51/><W95/><G95/><T24/><D108/><U41/><E41/><V88/><F127/><W128/><G80/><T39/><D39/><U110/><E110/><V49/><F49/><W105/><G105/><T109/><D109/><U124/><E124/><V75/><F82/><W76/><G76/><T48/><D1/><U122/><E122/><V2/><F2/><W52/><G128/><T70/><D70/><U94/><E28/><V18/><REACH who="2" step="1"/><F30/><REACH who="2" ten="265,235,240,250" step="2"/><W45/><G45/><N who="0" m="27791" /><D0/><U114/><E114/><V84/><F84/><W37/><G36/><T104/><D104/><U15/><E98/><V25/><F25/><W68/><G68/><T86/><D86/><U129/><E97/><V54/><F54/><W50/><REACH who="3" step="1"/><G55/><REACH who="3" ten="265,235,240,240" step="2"/><T38/><D38/><U29/><E129/><V102/><F102/><W69/><G69/><T59/><D59/><U10/><E58/><V61/><AGARI ba="1,2" hai="13,18,21,61,62,63,72,74,75,88,90,91,117,119" machi="61" ten="40,8000,1" yaku="1,1,0,1,29,2,54,1,53,0" doraHai="132" doraHaiUra="60" who="2" fromWho="2" sc="265,-41,235,-21,240,103,240,-21" /><INIT seed="1,0,0,2,1,92" ten="224,214,343,219" oya="1" hai0="24,61,19,30,126,21,5,135,9,75,85,116,86" hai1="69,102,38,120,68,83,42,41,131,133,97,22,110" hai2="16,55,14,82,6,128,27,8,124,36,46,18,25" hai3="96,4,50,109,7,70,98,26,125,130,121,134,31"/><U45/><E120/><V66/><F124/><W114/><G121/><T58/><D116/><U101/><E131/><V89/><F128/><W78/><G130/><T43/><D75/><U11/><E133/><V34/><F66/><W13/><G114/><T132/><D126/><U0/><E102/><V39/><F39/><W59/><G70/><T44/><D30/><U90/><E110/><V17/><F34/><W95/><G125/><T52/><D135/><U15/><E22/><V80/><F36/><W63/><G134/><T105/><D105/><U122/><E122/><V3/><F3/><W77/><G50/><T73/><D73/><U1/><E42/><V2/><F2/><W103/><G98/><T107/><D107/><U87/><E0/><V64/><F64/><N who="3" m="39039" /><G109/><T118/><D118/><U100/><E1/><V74/><F74/><W119/><G119/><T129/><D129/><U49/><E101/><V115/><F115/><W108/><G108/><T71/><D71/><U106/><REACH who="1" step="1"/><E38/><REACH who="1" ten="224,204,343,219" step="2"/><V62/><F8/><N who="3" m="4231" /><G7/><AGARI ba="0,1" hai="7,11,15,41,45,49,68,69,83,87,90,97,100,106" machi="7" ten="30,5800,0" yaku="1,1,7,1,52,1,53,0" doraHai="92" doraHaiUra="35" who="1" fromWho="3" sc="224,0,204,68,343,0,219,-58" /><INIT seed="1,1,0,2,4,2" ten="224,272,343,161" oya="1" hai0="120,50,55,4,110,70,69,66,109,33,126,105,111" hai1="3,46,79,22,10,96,58,80,117,36,21,62,44" hai2="118,82,92,84,124,8,100,39,40,1,6,56,103" hai3="15,28,42,121,25,49,12,94,43,83,125,85,95"/><U16/><E117/><V133/><F118/><W91/><G121/><T74/><D74/><U90/><E36/><V41/><F124/><W98/><G125/><T23/><D126/><U75/><E21/><V102/><F133/><W123/><G123/><T107/><D33/><U65/><E96/><V20/><F39/><W53/><G42/><T78/><D120/><U9/><E90/><V122/><F122/><W131/><G43/><T132/><D78/><U47/><REACH who="1" step="1"/><E3/><REACH who="1" ten="224,262,343,161" step="2"/><V18/><F1/><W119/><G119/><T5/><D23/><U31/><E31/><V128/><F20/><W19/><G131/><T115/><D132/><U35/><E35/><V127/><F128/><W134/><G134/><T99/><D99/><U129/><E129/><V108/><F127/><W57/><G95/><T26/><D115/><U13/><AGARI ba="1,1" hai="9,10,13,16,22,44,46,47,58,62,65,75,79,80" machi="13" ten="30,6000,0" yaku="1,1,0,1,54,1,53,0" doraHai="2" doraHaiUra="45" who="1" fromWho="1" sc="224,-21,262,73,343,-21,161,-21" /><INIT seed="1,2,0,5,3,37" ten="203,335,322,140" oya="1" hai0="23,73,128,27,59,20,25,124,94,62,134,74,110" hai1="92,34,117,100,67,97,3,64,16,122,0,39,36" hai2="96,30,121,10,93,104,65,70,60,75,116,42,43" hai3="88,48,123,46,95,29,72,50,106,83,120,53,86"/><U133/><E117/><V108/><F116/><W132/><G132/><T47/><D134/><U68/><E122/><V76/><F121/><W98/><G29/><T38/><D110/><U81/><E133/><V35/><F108/><W111/><G111/><T112/><D112/><U101/><E34/><V63/><F63/><W52/><G106/><T85/><D124/><U84/><E101/><N who="2" m="62503" /><F93/><W44/><G72/><T69/><D69/><U22/><E36/><V90/><F90/><AGARI ba="2,0" hai="44,46,48,50,52,53,83,86,88,90,95,98,120,123" machi="90" ten="30,7700,0" yaku="7,1,9,1,54,2" doraHai="37" who="3" fromWho="2" sc="203,0,335,0,322,-83,140,83" /><INIT seed="2,0,0,2,1,131" ten="203,335,239,223" oya="2" hai0="126,112,64,55,122,107,22,6,72,95,135,8,24" hai1="100,18,91,4,70,83,21,61,1,49,12,94,124" hai2="32,106,109,17,87,74,75,11,102,105,33,0,46" hai3="25,57,108,81,88,134,23,99,115,110,67,66,41"/><V118/><F118/><W104/><G115/><T30/><D107/><U16/><E124/><V123/><F123/><W117/><G117/><T59/><D112/><U114/><E114/><V120/><F120/><W101/><G41/><T129/><D122/><U79/><E100/><V50/><F109/><N who="3" m="42091" /><G134/><T48/><D72/><U77/><E1/><V53/><F75/><W10/><G10/><T133/><D129/><U63/><E4/><V80/><F74/><W127/><G127/><T51/><D126/><U132/><E132/><N who="0" m="50761" /><D64/><U86/><E70/><V62/><F62/><N who="1" m="23561" /><E49/><V125/><F125/><W15/><G15/><N who="0" m="5527" /><D48/><U78/><E18/><V39/><F39/><W37/><G37/><T128/><D128/><U29/><E29/><V47/><F47/><W38/><G38/><T31/><D95/><AGARI ba="0,0" hai="12,16,21,77,78,79,83,86,91,94,95" m="23561" machi="95" ten="30,2000,0" yaku="8,1,54,1" doraHai="131" who="1" fromWho="0" sc="203,-20,335,20,239,0,223,0" /><INIT seed="3,0,0,1,2,124" ten="183,355,239,223" oya="3" hai0="74,22,107,43,77,46,8,19,50,0,59,101,69" hai1="89,68,82,26,49,33,88,23,14,55,52,54,130" hai2="3,106,110,103,119,57,45,129,17,9,90,117,58" hai3="71,4,111,87,91,64,108,44,97,36,35,13,115"/><W37/><G115/><T128/><D69/><U51/><E130/><V24/><F129/><W135/><G35/><T25/><D128/><U7/><E68/><V118/><F110/><N who="3" m="42027" /><G135/><T133/><D133/><U16/><E33/><V100/><F90/><N who="1" m="34921" /><E82/><V132/><F132/><W109/><N who="3" m="42035" /><W39/><DORA hai="134" /><G97/><T104/><D101/><U120/><E120/><V125/><F125/><W29/><G29/><T121/><D121/><U83/><E83/><V41/><F106/><W53/><G71/><T116/><D116/><U47/><E49/><V20/><F103/><W40/><G64/><T10/><D77/><U48/><E51/><V62/><F100/><W86/><G53/><N who="1" m="20586" /><E7/><V131/><F131/><W65/><G65/><T67/><D67/><U2/><E2/><V63/><F3/><W6/><G6/><T1/><D1/><U127/><E127/><V31/><F119/><W34/><G34/><T102/><D0/><U95/><E95/><V80/><F80/><N who="3" m="49607" /><G87/><T79/><D102/><U32/><E32/><V60/><F118/><W66/><G66/><T5/><D5/><U123/><E123/><V12/><F117/><W15/><G4/><T72/><D107/><U38/><E38/><AGARI ba="0,0" hai="13,15,36,37,38,39,40,44" m="49607,42035" machi="38" ten="50,4800,0" yaku="14,1,10,1" doraHai="124,134" who="3" fromWho="1" sc="183,0,355,-48,239,0,223,48" /><INIT seed="3,1,0,5,4,121" ten="183,307,239,271" oya="3" hai0="71,40,29,12,6,123,77,96,15,43,88,90,79" hai1="91,112,102,105,69,73,85,92,131,35,3,57,33" hai2="19,45,62,122,27,1,37,59,115,113,24,49,130" hai3="93,75,107,120,13,110,74,8,111,117,94,133,48"/><W97/><G120/><T70/><D29/><U66/><E112/><V9/><F37/><W11/><G117/><T95/><D123/><U84/><E3/><V134/><F122/><W14/><G107/><T23/><D23/><U82/><E131/><V100/><F130/><W31/><G31/><T0/><D95/><N who="3" m="36361" /><G48/><T54/><D54/><U81/><E69/><V47/><F100/><W126/><G97/><T56/><D56/><U101/><E73/><N who="3" m="27658" /><G133/><T28/><D28/><U125/><E105/><V44/><F49/><W41/><G41/><T128/><D128/><U4/><E102/><V99/><F99/><W34/><G34/><T18/><D96/><U26/><E33/><V61/><F134/><W21/><G21/><T80/><D0/><U135/><E35/><V129/><F129/><W104/><G104/><T114/><D114/><U106/><E135/><V127/><F1/><W108/><G126/><T16/><D80/><U76/><E125/><V51/><F51/><W38/><G38/><T36/><D36/><U103/><E106/><V7/><F127/><W22/><G22/><T2/><D2/><U55/><E103/><V30/><F30/><W89/><G89/><T10/><D10/><AGARI ba="1,0" hai="8,10,11,13,14,108,110,111" m="27658,36361" machi="10" ten="40,18000,2" yaku="28,2,14,1,10,1,52,3" doraHai="121" who="3" fromWho="0" sc="183,-183,307,0,239,0,271,183" owari="0,-50.0,307,10.7,239,-16.1,454,55.4" /></mjloggm>