<mjloggm ver="2.3"><GO type="225" lobby="0"/><UN n0="%4C%4F%4C%49%54%41" n1="%E6%97%A5%E6%9B%9C%E6%97%A5%E3%82%88%E3%82%8A%E3%81%AE%E4%BD%BF%E8%80%85" n2="%E5%A4%96%E5%B7%9D%E7%AB%9C%E6%88%90" n3="%E3%81%86%E3%83%BC%E3%81%B1%E3%83%BC" dan="16,18,16,16" rate="2182.86,2182.78,2218.32,2132.07" sx="F,M,M,F"/><TAIKYOKU oya="0"/><INIT seed="0,0,0,5,4,125" ten="250,250,250,250" oya="0" hai0="0,58,55,106,60,79,11,73,7,135,21,99,130" hai1="87,42,20,72,61,124,39,101,63,22,35,75,112" hai2="34,38,84,108,3,90,14,18,40,119,100,32,43" hai3="59,2,123,10,88,74,78,37,48,104,36,19,126"/><T110/><D135/><U49/><E35/><V132/><F3/><W93/><G104/><T95/><D106/><U117/><E39/><V64/><F132/><W80/><G126/><T85/><D73/><U109/><E117/><V57/><F100/><W62/><G48/><T41/><D110/><U26/><E75/><V121/><F121/><W102/><G102/><T92/><D41/><U52/><E72/><V131/><F64/><W8/><G10/><T68/><D68/><U27/><E124/><V86/><F57/><W65/><G123/><T13/><D130/><U28/><E109/><V111/><F90/><W31/><G31/><T66/><D0/><U50/><E112/><V46/><F14/><W129/><G129/><T51/><D21/><U53/><E42/><V97/><F18/><W24/><G2/><T77/><D85/><U115/><E101/><V30/><F30/><W15/><REACH who="3" step="1"/><G24/><REACH who="3" ten="250,250,250,240" step="2"/><T116/><D116/><U56/><E115/><V82/><F119/><W98/><AGARI ba="0,1" hai="8,15,19,36,37,59,62,65,74,78,80,88,93,98" machi="98" ten="20,12000,2" yaku="1,1,2,1,0,1,7,1,54,1,53,1" doraHai="125" doraHaiUra="89" who="3" fromWho="3" sc="250,-60,250,-30,250,-30,240,130" /><INIT seed="1,0,0,2,0,133" ten="190,220,220,370" oya="1" hai0="9,123,19,132,12,18,5,131,109,42,65,135,69" hai1="52,56,122,97,13,11,134,129,1,94,117,67,81" hai2="36,103,113,114,63,130,104,55,61,95,118,40,53" hai3="111,83,110,93,85,59,10,30,108,57,79,107,115"/><U21/><E117/><V6/><F104/><W73/><G115/><N who="2" m="44041" /><F6/><W43/><G107/><T17/><D42/><U125/><E122/><V22/><F22/><W58/><G43/><T87/><D65/><U26/><E1/><V20/><F20/><W77/><G30/><T62/><D62/><N who="2" m="23562" /><F95/><W27/><G27/><T112/><D69/><U82/><E67/><V86/><F86/><W106/><G106/><T45/><D45/><U70/><E70/><V126/><F103/><W29/><G29/><T64/><D64/><U71/><E71/><V96/><F96/><W44/><G44/><T60/><D60/><N who="1" m="35847" /><E134/><N who="0" m="51241" /><D112/><U35/><E35/><V91/><F91/><N who="3" m="53487" /><G10/><N who="0" m="4175" /><D123/><U66/><E66/><V84/><F118/><W4/><G4/><T25/><D87/><U121/><E121/><V99/><F84/><W15/><G15/><T89/><D89/><U37/><E13/><V50/><F36/><W72/><G72/><T54/><D9/><U124/><E11/><V46/><F40/><W41/><G41/><T8/><D8/><U16/><E37/><V47/><F55/><W0/><G0/><T51/><D25/><U48/><E48/><V38/><F38/><W80/><G80/><N who="1" m="30826" /><E129/><V74/><F130/><W98/><G98/><T78/><D131/><U105/><E105/><V120/><F99/><W68/><G68/><T23/><D23/><U100/><E100/><V127/><F120/><W7/><G7/><T49/><D49/><U33/><E33/><V119/><F119/><W39/><G39/><T75/><D51/><U101/><E101/><V3/><F3/><W34/><G34/><RYUUKYOKU ba="0,0" sc="190,-15,220,15,220,-15,370,15" hai1="16,21,26,94,97,124,125" hai3="57,58,59,73,77,79,83,108,110,111" /><INIT seed="1,1,0,5,5,9" ten="175,235,205,385" oya="1" hai0="34,119,47,24,94,92,113,65,22,91,27,104,20" hai1="133,126,79,69,55,37,26,90,78,2,124,82,25" hai2="114,67,52,120,132,59,42,122,106,30,4,56,123" hai3="46,135,28,60,109,80,131,1,99,127,39,36,70"/><U13/><E2/><V49/><F106/><W53/><G1/><T101/><D113/><U125/><E133/><V105/><F105/><W29/><G135/><T116/><D104/><U18/><E69/><V118/><F4/><W102/><G109/><T68/><D34/><U76/><E37/><V40/><F30/><W98/><G131/><T66/><D68/><U134/><E55/><V111/><F132/><W88/><G127/><T115/><D91/><U21/><E134/><V71/><F111/><W128/><G128/><T103/><REACH who="0" step="1"/><D47/><REACH who="0" ten="165,235,205,385" step="2"/><U64/><E64/><V45/><F114/><W44/><G46/><T35/><D35/><U61/><E61/><N who="2" m="40431" /><F118/><W97/><G44/><T58/><D58/><AGARI ba="1,1" hai="40,42,45,49,52,56,58,59,120,122,123" m="40431" machi="58" ten="30,3900,0" yaku="34,2,54,1" doraHai="9" who="2" fromWho="0" sc="165,-42,235,0,205,52,385,0" /><INIT seed="2,0,0,3,1,90" ten="123,235,257,385" oya="2" hai0="17,110,133,103,1,132,78,13,11,6,49,112,123" hai1="68,125,120,113,50,101,19,59,96,58,20,98,51" hai2="38,53,102,67,25,66,128,126,88,69,56,10,65" hai3="118,27,106,9,104,107,41,18,55,72,46,99,3"/><V131/><F38/><W52/><G118/><T23/><D78/><U42/><E68/><V8/><F102/><W116/><G116/><T74/><D74/><U117/><E117/><V108/><F69/><W21/><G72/><T60/><D60/><U0/><E0/><V14/><F126/><W7/><REACH who="3" step="1"/><G99/><REACH who="3" ten="123,235,257,375" step="2"/><T12/><D103/><U111/><E98/><V34/><F131/><W94/><G94/><T81/><D81/><U63/><E96/><V84/><F128/><W61/><G61/><T4/><D49/><AGARI ba="0,1" hai="3,7,9,18,21,27,41,46,49,52,55,104,106,107" machi="49" ten="40,2600,0" yaku="1,1,54,1,53,0" doraHai="90" doraHaiUra="31" who="3" fromWho="0" sc="123,-26,235,0,257,0,375,36" /><INIT seed="3,0,0,1,1,92" ten="97,235,257,411" oya="3" hai0="62,53,24,77,13,18,40,115,89,119,0,98,86" hai1="101,2,112,81,28,31,76,91,23,34,75,20,49" hai2="78,11,63,54,111,110,87,123,41,19,38,97,126" hai3="35,117,9,114,57,125,132,10,116,113,32,8,70"/><W4/><G70/><T15/><D119/><N who="3" m="45641" /><G57/><T45/><D0/><U59/><E2/><V133/><F126/><W83/><G83/><T71/><D115/><N who="3" m="44041" /><G125/><T69/><D69/><U26/><E112/><V44/><F41/><W46/><G46/><T80/><D71/><U96/><E91/><V47/><F44/><W3/><G132/><T88/><D13/><U127/><E127/><V124/><F47/><W43/><G43/><T107/><D107/><U131/><E131/><V100/><F54/><W79/><G79/><T105/><D105/><U14/><E14/><V66/><F78/><W120/><G120/><T128/><D128/><U104/><E31/><V61/><F123/><W25/><G25/><T12/><D40/><U1/><E1/><V108/><F124/><W135/><G135/><T52/><D53/><U5/><E5/><V22/><F133/><W90/><G90/><T85/><D85/><U30/><E30/><V58/><F87/><W36/><G36/><T95/><D89/><U73/><E73/><V7/><F38/><W84/><G84/><T74/><D74/><U121/><E121/><V93/><F61/><W68/><G68/><T67/><D67/><U72/><E72/><V27/><F111/><W60/><G60/><T130/><D130/><U109/><E109/><V99/><F99/><W48/><G48/><N who="0" m="28687" /><D62/><U122/><E122/><V129/><F129/><W16/><G3/><T21/><D24/><U134/><E134/><V64/><F64/><W33/><G4/><T102/><D15/><AGARI ba="0,0" hai="8,9,10,15,16,32,33,35" m="44041,45641" machi="15" ten="40,7700,0" yaku="34,2,54,1" doraHai="92" who="3" fromWho="0" sc="97,-77,235,0,257,0,411,77" owari="20,-48.0,235,-16.5,257,5.7,488,58.8" /></mjloggm>