<mjloggm ver="2.3"><GO type="225" lobby="0"/><UN n0="%E3%81%B5%E3%81%98%E3%81%8B%E3%81%A4" n1="%E3%81%BF%E3%81%BF%E3%81%9A" n2="%E3%81%82%E3%81%99%E3%81%AB%E3%82%83%E3%82%80" n3="%E3%80%93%E3%81%97%E3%83%BC%E3%82%89%E3%80%93" dan="16,17,16,16" rate="2180.08,2270.32,2115.48,2063.01" sx="M,M,F,M"/><TAIKYOKU oya="0"/><INIT seed="0,0,0,3,0,3" ten="250,250,250,250" oya="0" hai0="49,47,76,64,4,73,59,122,56,70,98,114,91" hai1="71,58,15,42,88,90,62,132,0,41,101,109,89" hai2="16,14,81,82,131,46,68,9,1,78,113,74,124" hai3="84,135,75,72,33,134,100,25,21,107,126,51,60"/><T116/><D122/><U115/><E0/><V125/><F113/><W86/><G33/><T7/><D116/><U30/><E115/><V128/><F68/><W95/><G126/><N who="2" m="48745" /><F1/><W119/><G119/><T39/><D114/><U104/><E71/><V31/><F31/><W23/><G107/><T8/><D39/><U40/><E109/><V110/><F110/><W26/><G51/><T77/><D70/><U5/><E132/><V37/><F82/><W117/><G117/><T66/><D73/><U50/><E30/><V34/><F34/><W48/><G48/><T18/><D8/><N who="1" m="4495" /><E101/><V35/><F35/><W112/><G112/><T2/><D2/><U61/><E104/><V92/><F92/><W99/><G95/><N who="0" m="56703" /><D18/><U80/><E80/><V133/><F133/><W87/><G87/><T102/><D102/><U108/><E108/><V57/><F57/><N who="0" m="22090" /><D76/><U93/><E93/><V65/><F65/><N who="0" m="25194" /><D77/><U28/><E28/><V85/><F74/><W120/><G100/><T17/><D17/><U83/><E83/><V20/><F9/><W69/><G69/><T6/><D6/><U123/><E123/><V44/><F37/><W97/><REACH who="3" step="1"/><G120/><REACH who="3" ten="250,250,250,240" step="2"/><T19/><D19/><U29/><E29/><V129/><AGARI ba="0,1" hai="14,16,20,44,46,78,81,85,128,129,131" m="48745" machi="129" ten="40,5200,0" yaku="19,1,18,1,54,1" doraHai="3" who="2" fromWho="2" sc="250,-26,250,-13,250,62,240,-13" /><INIT seed="1,0,0,5,4,35" ten="224,237,312,227" oya="1" hai0="107,86,119,2,72,43,7,38,40,22,5,65,21" hai1="10,122,42,100,49,32,93,115,76,114,94,74,70" hai2="58,44,89,102,97,124,75,126,121,62,113,39,6" hai3="96,30,71,23,59,18,1,123,47,103,132,4,25"/><U63/><E122/><V28/><F121/><W130/><G71/><T106/><D119/><U92/><E32/><V13/><F75/><W127/><G123/><T120/><D72/><U20/><E100/><V117/><F117/><W53/><G127/><N who="2" m="48681" /><F28/><W29/><G130/><T85/><D120/><U57/><E20/><V45/><F39/><W66/><G132/><T27/><D38/><U111/><E111/><V34/><F89/><W55/><G66/><T91/><D65/><U81/><E70/><V118/><F34/><W78/><G78/><T51/><D91/><U109/><E109/><V110/><F113/><W26/><G47/><T101/><D101/><U12/><E49/><V98/><F98/><W133/><G133/><T95/><D95/><U15/><E42/><V82/><F82/><W41/><G41/><T54/><D51/><U99/><E99/><V79/><F79/><W116/><G116/><T50/><D50/><U134/><E134/><V112/><F112/><W3/><G4/><T52/><REACH who="0" step="1"/><D27/><REACH who="0" ten="214,237,312,227" step="2"/><U73/><E74/><V9/><F118/><W69/><G69/><T33/><D33/><U67/><REACH who="1" step="1"/><E15/><REACH who="1" ten="214,227,312,227" step="2"/><V19/><F110/><W129/><G103/><T60/><D60/><U0/><E0/><AGARI ba="0,2" hai="0,2,5,7,21,22,40,43,52,54,85,86,106,107" machi="0" ten="25,12000,2" yaku="1,1,22,2,52,2,54,1,53,0" doraHai="35" doraHaiUra="56" who="0" fromWho="1" sc="214,140,227,-120,312,0,227,0" /><INIT seed="2,0,0,0,4,88" ten="354,107,312,227" oya="2" hai0="110,90,61,120,59,43,6,109,84,72,118,91,76" hai1="27,7,82,81,38,47,39,106,18,1,65,26,95" hai2="62,20,58,128,11,79,46,32,48,41,133,50,16" hai3="49,10,132,52,3,96,67,127,125,92,93,69,21"/><V78/><F32/><W105/><G132/><T13/><D120/><U124/><E106/><V103/><F133/><W19/><G105/><T33/><D33/><U126/><E65/><V119/><F119/><W74/><G74/><T24/><D118/><U97/><E7/><V37/><F128/><W25/><G96/><T107/><D107/><U9/><E1/><V114/><F114/><W17/><G67/><T70/><D43/><U123/><E9/><V22/><F103/><W4/><G69/><T135/><D70/><U35/><E35/><V87/><F37/><N who="1" m="13833" /><E47/><N who="2" m="25711" /><F87/><W116/><G19/><T108/><D72/><U134/><E134/><V73/><F11/><W42/><G42/><T115/><D115/><U8/><E8/><V51/><F22/><W68/><G68/><T83/><D6/><U57/><E57/><V111/><F73/><W44/><REACH who="3" step="1"/><G116/><REACH who="3" ten="354,107,312,217" step="2"/><T66/><D135/><U121/><E18/><V30/><F30/><W129/><G129/><T15/><D24/><N who="1" m="9259" /><E97/><V45/><F16/><W122/><G122/><N who="1" m="46602" /><E95/><AGARI ba="0,1" hai="3,4,10,17,21,25,44,49,52,92,93,95,125,127" machi="95" ten="40,8000,1" yaku="1,1,52,3,54,1,53,0" doraHai="88" doraHaiUra="86" who="3" fromWho="1" sc="354,0,107,-80,312,0,217,90" /><INIT seed="3,0,0,5,2,63" ten="354,27,312,307" oya="3" hai0="77,89,6,16,105,96,109,19,52,57,1,76,39" hai1="118,58,21,18,41,28,124,92,22,2,4,69,9" hai2="86,74,115,111,60,91,38,106,102,55,93,3,110" hai3="31,87,107,134,12,17,66,98,97,117,40,0,11"/><W54/><G117/><T48/><D109/><N who="2" m="41482" /><F38/><W131/><G131/><T7/><D39/><U82/><E69/><V122/><F3/><W27/><G134/><T85/><D105/><U61/><E118/><V83/><F122/><W62/><G107/><T64/><D64/><U46/><E124/><V114/><F55/><W70/><G0/><T23/><D96/><U26/><E92/><V67/><F106/><W44/><G54/><T99/><D99/><U35/><E82/><V121/><F121/><W42/><G87/><T119/><D1/><U84/><E84/><V73/><F102/><W101/><G101/><T113/><D113/><N who="2" m="43018" /><F93/><W104/><G104/><T112/><D119/><U80/><E80/><V72/><F60/><W78/><G78/><N who="0" m="30315" /><D112/><U45/><E41/><V36/><F36/><W123/><G123/><T120/><D120/><U65/><E22/><V90/><F67/><W10/><G10/><T14/><D19/><U135/><E135/><V50/><F50/><W51/><REACH who="3" step="1"/><G40/><REACH who="3" ten="354,27,312,297" step="2"/><T20/><D23/><AGARI ba="0,1" hai="11,12,17,23,27,31,42,44,51,62,66,70,97,98" machi="23" ten="30,18000,2" yaku="1,1,2,1,7,1,52,1,53,2" doraHai="63" doraHaiUra="94" who="3" fromWho="0" sc="354,-180,27,0,312,0,297,190" owari="174,-22.6,27,-47.3,312,11.2,487,58.7" /></mjloggm>