<mjloggm ver="2.3"><GO type="225" lobby="0"/><UN n0="%E3%81%82%E3%82%93%E3%81%AA%E3%81%A4" n1="%E3%81%86%E3%83%BC%E3%81%B1%E3%83%BC" n2="%E3%81%86%E3%82%8B%E3%81%8A%E3%81%A1%E3%82%83" n3="%73%6C%69%63%6B%33%31%39" dan="17,16,16,16" rate="2158.15,2118.55,2071.60,2176.78" sx="M,M,F,M"/><TAIKYOKU oya="0"/><INIT seed="0,0,0,5,0,111" ten="250,250,250,250" oya="0" hai0="9,48,3,102,7,22,100,88,122,2,15,91,70" hai1="37,47,19,62,8,96,105,46,123,53,11,135,119" hai2="73,50,52,25,13,32,41,1,54,39,49,128,57" hai3="68,12,67,60,107,0,124,36,16,75,116,92,106"/><T112/><D70/><U18/><E123/><V121/><F1/><W17/><G116/><T74/><D74/><U126/><E119/><V42/><F73/><W71/><G75/><T38/><D38/><U117/><E117/><V98/><F39/><W93/><G0/><T31/><D122/><U103/><E135/><V24/><F32/><W114/><G36/><T66/><D2/><U90/><E126/><V51/><F128/><W127/><G12/><T115/><D66/><U104/><E90/><V10/><F98/><W29/><G29/><T20/><D48/><U76/><E76/><V63/><F54/><W99/><G99/><T14/><D3/><U101/><E37/><V81/><F81/><W134/><G67/><T129/><D129/><U65/><E96/><V40/><REACH who="2" step="1"/><F121/><REACH who="2" ten="250,250,240,250" step="2"/><W132/><REACH who="3" step="1"/><G60/><REACH who="3" ten="250,250,240,240" step="2"/><T133/><D133/><U82/><E65/><V64/><F64/><W56/><G56/><T34/><D34/><U61/><E53/><V35/><F35/><W26/><G26/><T45/><D45/><U33/><E33/><V27/><F27/><W95/><G95/><T83/><D83/><AGARI ba="0,2" hai="8,11,18,19,46,47,61,62,82,83,101,103,104,105" machi="83" ten="25,1600,0" yaku="22,2" doraHai="111" who="1" fromWho="0" sc="250,-16,250,36,240,0,240,0" /><INIT seed="1,0,0,5,5,30" ten="234,286,240,240" oya="1" hai0="12,55,22,17,132,37,88,72,43,109,67,57,11" hai1="9,97,106,112,54,120,53,24,124,32,27,64,23" hai2="105,65,35,79,45,66,92,26,3,123,20,21,80" hai3="91,103,60,118,93,86,110,126,96,0,15,115,50"/><U71/><E120/><V41/><F105/><W133/><G115/><T61/><D72/><U56/><E112/><V95/><F3/><W16/><G0/><T87/><D109/><U107/><E124/><V116/><F35/><W19/><G110/><T18/><D132/><U44/><E44/><V58/><F21/><W85/><G126/><T14/><D37/><U75/><E75/><V101/><F116/><W62/><G133/><T68/><D43/><U104/><E9/><V2/><F2/><W81/><G118/><T127/><D127/><U119/><E119/><V94/><F101/><W128/><G128/><T59/><REACH who="0" step="1"/><D55/><REACH who="0" ten="224,286,240,240" step="2"/><U108/><E53/><V10/><F41/><W29/><G29/><T84/><D84/><U74/><E54/><V130/><F130/><W36/><G36/><T8/><D8/><U117/><E74/><V28/><F10/><W42/><G85/><T39/><D39/><U25/><E108/><V33/><F123/><W78/><G78/><T129/><D129/><U6/><E117/><V111/><F111/><W77/><G77/><T99/><D99/><U1/><E97/><V40/><F40/><W131/><G131/><T134/><D134/><U13/><E23/><V98/><F20/><N who="3" m="11295" /><G19/><T82/><AGARI ba="0,1" hai="11,12,14,17,18,22,57,59,61,67,68,82,87,88" machi="82" ten="20,8000,1" yaku="1,1,0,1,7,1,54,1,53,1" doraHai="30" doraHaiUra="5" who="0" fromWho="0" sc="224,90,286,-40,240,-20,240,-20" /><INIT seed="2,0,0,5,1,95" ten="314,246,220,220" oya="2" hai0="16,42,98,15,59,0,121,39,130,97,127,133,117" hai1="36,17,80,102,4,81,1,2,63,129,126,30,112" hai2="89,9,99,51,32,50,73,124,77,82,134,62,66" hai3="45,84,40,65,11,86,6,123,113,37,54,78,114"/><V128/><F32/><W120/><G65/><T48/><D121/><U21/><E112/><N who="3" m="43114" /><G54/><N who="0" m="32199" /><D0/><U108/><E36/><V105/><F9/><W28/><G28/><T8/><D130/><U64/><E30/><V18/><F18/><W96/><G96/><T67/><D67/><U26/><E129/><V79/><F128/><W106/><G106/><T29/><D29/><U132/><E108/><V3/><F3/><N who="3" m="479" /><G78/><T61/><D61/><U111/><E111/><V75/><F79/><W23/><G23/><T56/><D56/><U31/><E31/><V22/><F22/><W104/><G104/><T91/><D91/><U41/><E1/><V24/><F89/><W33/><G33/><T131/><D131/><U10/><E102/><V53/><F105/><W49/><G37/><T57/><D117/><U52/><E64/><V12/><F66/><W35/><G35/><T46/><D39/><U13/><E2/><V83/><F77/><W71/><G71/><T7/><D7/><U115/><E115/><V47/><F53/><W85/><AGARI ba="0,0" hai="40,45,49,84,85,86,120,123" m="479,43114" machi="85" ten="30,1100,0" yaku="11,1" doraHai="95" who="3" fromWho="3" sc="314,-3,246,-3,220,-5,220,11" /><INIT seed="3,0,0,4,3,52" ten="311,243,215,231" oya="3" hai0="105,116,49,95,59,12,35,5,13,63,62,119,60" hai1="128,111,28,51,78,131,130,34,69,123,99,75,122" hai2="77,76,58,27,11,103,118,94,53,68,18,2,113" hai3="39,29,102,96,7,135,97,32,50,66,1,83,37"/><W87/><G135/><T108/><D105/><U115/><E115/><V104/><F68/><W0/><G66/><T98/><D35/><U61/><E51/><N who="2" m="31039" /><F104/><W9/><G0/><T26/><D108/><U71/><E99/><N who="2" m="59895" /><F2/><W72/><G72/><T57/><D5/><U81/><E111/><V10/><F118/><W23/><G32/><T134/><D134/><U14/><E14/><N who="0" m="5737" /><D119/><U17/><E17/><V107/><F107/><W129/><G129/><T22/><D49/><U20/><E20/><N who="2" m="13719" /><F113/><W89/><G50/><T117/><D117/><U65/><E71/><V110/><F110/><W38/><REACH who="3" step="1"/><G102/><REACH who="3" ten="311,243,215,221" step="2"/><N who="0" m="60767" /><D116/><U25/><AGARI ba="0,1" hai="25,28,34,61,65,69,75,78,81,122,123,128,130,131" machi="25" ten="40,8000,1" yaku="0,1,19,1,23,2" doraHai="52" who="1" fromWho="1" sc="311,-20,243,90,215,-20,221,-40" owari="291,9.1,333,43.3,195,-20.5,181,-31.9" /></mjloggm>