<mjloggm ver="2.3"><GO type="225" lobby="0"/><UN n0="%45%6C%79%73%69%75%6D" n1="%E5%AF%82%E5%AF%9E%E3%82%AE%E3%83%8D%E3%82%B9%E3%83%93%E3%83%BC%E3%83%AB" n2="%E6%A1%9C%E8%8A%B1%E9%96%83%E3%80%85" n3="%33%74%72%65%65" dan="17,16,18,17" rate="2096.17,2165.31,2283.77,2108.00" sx="F,M,M,F"/><TAIKYOKU oya="0"/><INIT seed="0,0,0,1,2,86" ten="250,250,250,250" oya="0" hai0="117,31,63,56,87,123,85,20,24,58,26,82,4" hai1="2,0,119,130,51,100,102,61,67,65,131,57,118" hai2="53,1,62,47,115,34,3,127,89,66,76,17,42" hai3="60,78,97,27,13,93,15,83,94,16,121,75,103"/><T134/><D117/><N who="1" m="44555" /><E51/><V133/><F115/><W95/><G121/><T30/><D123/><U28/><E28/><V106/><F127/><W48/><G48/><T37/><D134/><U81/><E81/><V68/><F133/><W23/><REACH who="3" step="1"/><G60/><REACH who="3" ten="250,250,250,240" step="2"/><T45/><D37/><U110/><E61/><V79/><F62/><W46/><G46/><T120/><D120/><U74/><E57/><V25/><F47/><W49/><G49/><T99/><D45/><U5/><E67/><V104/><F53/><W41/><G41/><T10/><D63/><U125/><E65/><V105/><F42/><W91/><G91/><T90/><D99/><U50/><E50/><V55/><F89/><W69/><G69/><T113/><D113/><U22/><E125/><V112/><F55/><W122/><G122/><T32/><REACH who="0" step="1"/><D87/><REACH who="0" ten="240,250,250,240" step="2"/><U109/><E131/><V73/><F112/><W70/><G70/><T92/><D92/><AGARI ba="0,2" hai="13,15,16,23,27,75,78,83,92,93,94,95,97,103" machi="92" ten="40,5200,0" yaku="1,1,54,1,53,1" doraHai="86" doraHaiUra="18" who="3" fromWho="0" sc="240,-52,250,0,250,0,240,72" /><INIT seed="1,0,0,3,2,52" ten="188,250,250,312" oya="1" hai0="94,54,23,30,123,48,76,28,106,58,39,62,25" hai1="92,86,127,45,107,135,130,128,133,53,103,5,99" hai2="49,105,10,95,116,42,26,120,126,37,78,80,111" hai3="9,20,57,31,82,114,8,110,74,51,122,132,55"/><U36/><E5/><V113/><F120/><W101/><G114/><T24/><D106/><U84/><E36/><V83/><F105/><W41/><G122/><T6/><D39/><U98/><E53/><V89/><F116/><W61/><G110/><T117/><D117/><U47/><E127/><V4/><F111/><W32/><G32/><T108/><D108/><U102/><E47/><V7/><F83/><W134/><G101/><T100/><D123/><U14/><E14/><V16/><F37/><W17/><G31/><T88/><D76/><U75/><E45/><V44/><F113/><W125/><G125/><T87/><D6/><U77/><E75/><V91/><F91/><W69/><G74/><T96/><D100/><U33/><E33/><V35/><F126/><W38/><G82/><T67/><D87/><N who="1" m="33323" /><E77/><V46/><F46/><N who="3" m="23863" /><G132/><AGARI ba="0,0" hai="92,98,99,102,103,107,128,130,132,133,135" m="33323" machi="132" ten="30,5800,0" yaku="20,1,34,2" doraHai="52" who="1" fromWho="3" sc="188,0,250,58,250,0,312,-58" /><INIT seed="1,1,0,1,0,12" ten="188,308,250,254" oya="1" hai0="41,8,91,118,24,117,1,81,110,100,88,25,85" hai1="44,129,17,34,40,92,70,133,90,103,101,113,48" hai2="42,75,121,131,9,97,95,11,6,47,23,3,61" hai3="68,74,93,73,60,20,19,43,87,55,27,132,120"/><U7/><E113/><V50/><F131/><W10/><G120/><T49/><D110/><U57/><E70/><V35/><F121/><W72/><G132/><T71/><D71/><U79/><E129/><V67/><F35/><W84/><G43/><T102/><D117/><U59/><E34/><V0/><F75/><W2/><G93/><T83/><D118/><U115/><E79/><V82/><F82/><W22/><G55/><T63/><D63/><U64/><E7/><V128/><F128/><W39/><G39/><T96/><D1/><U54/><E133/><V107/><F107/><W116/><G116/><T28/><D8/><U56/><E115/><V66/><F23/><W69/><G69/><T14/><D14/><U18/><E40/><V53/><F53/><W51/><G51/><T13/><D13/><U94/><E64/><V126/><F126/><W58/><G22/><T76/><D25/><U98/><E103/><V78/><F78/><W38/><G38/><T123/><D123/><U124/><E124/><V111/><F111/><W37/><G37/><T26/><D26/><U89/><E101/><N who="0" m="39017" /><D81/><U127/><E127/><V99/><F61/><W122/><G122/><T105/><D96/><AGARI ba="1,0" hai="17,18,44,48,54,56,57,59,89,90,92,94,96,98" machi="96" ten="40,12000,1" yaku="9,1,8,1,52,2" doraHai="12" who="1" fromWho="0" sc="188,-123,308,123,250,0,254,0" /><INIT seed="1,2,0,5,4,78" ten="65,431,250,254" oya="1" hai0="47,74,101,94,76,32,21,63,3,114,121,112,58" hai1="97,104,84,44,30,25,0,13,57,11,88,23,15" hai2="24,68,122,126,128,33,42,19,7,38,73,91,93" hai3="1,119,67,26,27,39,6,81,45,54,51,59,64"/><U9/><E0/><V95/><F122/><W92/><G119/><T69/><D69/><U75/><E75/><V129/><F68/><W31/><G1/><T61/><D32/><U100/><E57/><V116/><F116/><W53/><G6/><T113/><D3/><U48/><E15/><V2/><F73/><W111/><G111/><T106/><D106/><U85/><E85/><V98/><F126/><W56/><G92/><T12/><D121/><U65/><E13/><V109/><F42/><W118/><G39/><T36/><D36/><U120/><E65/><V4/><F38/><W89/><G45/><T96/><D47/><U134/><E134/><V34/><F109/><W22/><G27/><T62/><D21/><U124/><E124/><V60/><F60/><N who="3" m="35855" /><G118/><T86/><D12/><U70/><E70/><V43/><F43/><W79/><G79/><T130/><D130/><N who="2" m="50282" /><F95/><W123/><G123/><T99/><D74/><U133/><E133/><V108/><F108/><W20/><G20/><T110/><D110/><U8/><E120/><V103/><F103/><W72/><G72/><T83/><REACH who="0" step="1"/><D99/><REACH who="0" ten="55,431,250,254" step="2"/><U10/><E10/><V49/><F2/><W71/><G71/><T131/><D131/><U16/><E8/><V127/><F127/><W125/><G125/><T102/><D102/><U90/><E9/><V14/><F34/><W35/><G35/><T5/><D5/><N who="2" m="2122" /><F33/><W28/><G22/><T105/><D105/><U41/><E11/><N who="2" m="6623" /><F24/><W17/><G26/><T132/><D132/><U80/><E30/><V50/><AGARI ba="2,1" hai="49,50,91,93,98" m="6623,2122,50282" machi="50" ten="30,1100,0" yaku="19,1" doraHai="78" who="2" fromWho="2" sc="55,-5,431,-7,250,27,254,-5" /><INIT seed="2,0,0,3,5,26" ten="50,424,277,249" oya="2" hai0="86,100,73,126,60,59,102,127,6,20,46,123,101" hai1="50,62,79,121,107,84,97,57,41,52,28,10,134" hai2="131,132,23,83,47,118,66,25,112,91,8,113,88" hai3="99,130,77,114,106,95,4,76,33,44,5,2,30"/><V15/><F118/><W64/><G106/><T16/><D73/><U43/><E134/><V120/><F120/><W11/><G114/><T3/><D123/><U49/><E121/><V96/><F132/><W56/><G130/><T82/><D46/><U75/><E75/><V37/><F131/><W125/><G125/><T87/><D6/><U98/><E28/><V9/><F66/><W93/><G93/><T74/><D3/><U31/><E31/><N who="2" m="17855" /><F37/><W68/><G5/><T110/><D74/><U24/><E24/><V104/><F104/><W54/><G44/><T35/><D35/><U18/><E107/><V32/><F32/><W124/><G124/><T108/><D126/><U19/><E43/><V115/><F96/><N who="1" m="36969" /><E41/><V78/><F47/><W63/><G30/><T72/><D127/><U90/><E79/><V129/><F129/><W80/><G33/><T128/><D72/><U119/><E119/><V58/><F58/><W89/><REACH who="3" step="1"/><G80/><REACH who="3" ten="50,424,277,239" step="2"/><T42/><D128/><U53/><E19/><N who="2" m="8679" /><F115/><W92/><G92/><T103/><N who="0" m="25600" /><DORA hai="7" /><T17/><D42/><U0/><E18/><V36/><F113/><W40/><G40/><T1/><D1/><U122/><E122/><V38/><F112/><W27/><G27/><T116/><D116/><U12/><E0/><V65/><F36/><W94/><G94/><T55/><D17/><N who="1" m="8343" /><E53/><V45/><F38/><W111/><G111/><T70/><D70/><U13/><E13/><V29/><F29/><W61/><AGARI ba="0,1" hai="2,4,11,54,56,61,63,64,68,76,77,89,95,99" machi="61" ten="20,5200,0" yaku="1,1,0,1,7,1,52,1,53,0" doraHai="26,7" doraHaiUra="39,105" who="3" fromWho="3" sc="50,-13,424,-13,277,-26,239,62" /><INIT seed="3,0,0,5,5,38" ten="37,411,251,301" oya="3" hai0="43,10,81,55,116,27,119,104,96,92,46,97,17" hai1="80,35,79,117,114,50,129,52,49,123,111,25,83" hai2="69,91,67,32,1,72,5,131,7,57,6,121,22" hai3="100,95,56,8,14,59,102,34,61,122,23,40,2"/><W33/><G122/><T103/><D55/><U66/><E114/><V3/><F69/><W63/><G2/><N who="2" m="521" /><F91/><W13/><G23/><T30/><D17/><U36/><E25/><V39/><F39/><W65/><G40/><T54/><D54/><U120/><E35/><V48/><F48/><W89/><G33/><T134/><D10/><U86/><E36/><V78/><F78/><W130/><G130/><T24/><D134/><U51/><E66/><V12/><F72/><W99/><G34/><T107/><D81/><U44/><E111/><V19/><F57/><W77/><G77/><T53/><D53/><U28/><E28/><V127/><F67/><N who="3" m="39335" /><G14/><T26/><D30/><U41/><E129/><V4/><F131/><W74/><G74/><T60/><D60/><U85/><E117/><V47/><F47/><W9/><G9/><T118/><REACH who="0" step="1"/><D97/><REACH who="0" ten="27,411,251,301" step="2"/><U110/><E52/><V62/><F62/><W0/><G63/><T126/><D126/><U88/><E83/><V113/><F127/><W45/><G99/><T76/><D76/><U87/><E79/><V75/><F19/><W132/><G8/><T90/><D90/><U112/><E88/><V106/><F4/><W20/><G89/><T31/><D31/><U58/><E80/><V21/><F5/><W42/><G132/><T115/><D115/><U15/><E112/><V125/><F6/><W18/><G18/><T124/><D124/><U11/><E11/><V108/><F7/><W29/><G29/><T101/><D101/><U73/><E87/><V64/><F125/><W94/><G102/><T68/><D68/><RYUUKYOKU ba="0,1" sc="27,30,411,-10,251,-10,301,-10" hai0="24,26,27,43,46,92,96,103,104,107,116,118,119" owari="57,-44.3,411,51.1,241,-15.9,291,9.1" /></mjloggm>