<mjloggm ver="2.3"><GO type="225" lobby="0"/><UN n0="%72%69%6F%75%63%68%61%6E" n1="%61%69%73%79%6F" n2="%6D%75%75%6D%75%72%61" n3="%38%63%E3%81%AF%E3%81%A3%E3%81%97%E3%83%BC" dan="16,17,16,16" rate="2167.14,2214.20,2139.62,2126.97" sx="M,M,F,M"/><TAIKYOKU oya="0"/><INIT seed="0,0,0,0,1,92" ten="250,250,250,250" oya="0" hai0="90,106,62,105,78,28,37,101,0,84,113,60,53" hai1="108,126,119,7,135,132,98,64,49,115,42,56,41" hai2="114,67,127,95,2,120,97,122,17,107,129,54,1" hai3="131,50,36,111,93,81,13,30,65,99,18,12,87"/><T91/><D113/><U73/><E119/><V16/><F114/><W15/><G36/><T48/><D37/><U133/><E73/><V85/><F127/><W8/><G111/><T22/><D0/><U23/><E115/><V69/><F129/><W20/><G131/><T121/><D121/><U29/><E108/><V26/><F107/><W31/><G65/><T11/><D11/><U24/><E126/><V19/><F26/><W74/><G74/><T35/><D35/><U6/><E64/><V134/><F134/><W89/><G50/><T61/><D78/><U3/><E3/><V55/><F85/><W130/><G130/><T88/><D84/><U58/><E98/><V82/><F82/><W100/><REACH who="3" step="1"/><G13/><REACH who="3" ten="250,250,250,240" step="2"/><T116/><D116/><U45/><E42/><V109/><F2/><W76/><G76/><T102/><D106/><U40/><E41/><V128/><F1/><W86/><G86/><T68/><D105/><U21/><E58/><V5/><F109/><W4/><AGARI ba="0,1" hai="4,8,12,15,18,20,30,31,81,87,89,93,99,100" machi="4" ten="20,8000,1" yaku="1,1,0,1,7,1,8,1,52,1,53,0" doraHai="92" doraHaiUra="59" who="3" fromWho="3" sc="250,-40,250,-20,250,-20,240,90" /><INIT seed="1,0,0,2,2,10" ten="210,230,230,330" oya="1" hai0="123,133,2,20,34,63,87,125,50,99,44,94,113" hai1="46,118,124,38,8,22,120,90,1,83,119,104,49" hai2="55,74,89,95,16,70,24,57,68,33,69,88,93" hai3="3,128,66,109,106,39,71,30,77,135,117,56,47"/><U75/><E120/><V107/><F107/><W122/><RYUUKYOKU type="yao9" ba="0,0" sc="210,0,230,0,230,0,330,0" hai3="3,30,39,47,56,66,71,77,106,109,117,122,128,135" /><INIT seed="1,1,0,0,4,100" ten="210,230,230,330" oya="1" hai0="24,128,30,121,41,47,48,112,82,93,109,96,84" hai1="104,77,18,108,26,27,22,56,45,95,66,64,0" hai2="4,70,83,46,59,107,76,16,126,132,42,92,131" hai3="69,97,101,9,78,1,74,114,103,86,88,80,110"/><U14/><E104/><V89/><F70/><W37/><G69/><T116/><D109/><U127/><E0/><V10/><F126/><W29/><G114/><T23/><D128/><U117/><E117/><V54/><F131/><W57/><G110/><T106/><D112/><U20/><E127/><V125/><F125/><W3/><G37/><T113/><D113/><U17/><E77/><V115/><F115/><W129/><G101/><T50/><D121/><U85/><E108/><V38/><F107/><W99/><G99/><T60/><D116/><U98/><E85/><V79/><F132/><W36/><G36/><T68/><D106/><U44/><E14/><V63/><F83/><W119/><G119/><T134/><D134/><U94/><REACH who="1" step="1"/><E56/><REACH who="1" ten="210,220,230,330" step="2"/><V21/><F76/><W67/><G129/><T39/><D68/><U81/><E81/><V130/><F79/><W73/><G3/><T91/><REACH who="0" step="1"/><D60/><REACH who="0" ten="200,220,230,330" step="2"/><U40/><E40/><V58/><F130/><W43/><G43/><T133/><D133/><U33/><E33/><V120/><F120/><W2/><G2/><T53/><D53/><U31/><E31/><V122/><F122/><W75/><G29/><T123/><D123/><U118/><E118/><V5/><F63/><W61/><G1/><T34/><D34/><U13/><E13/><N who="2" m="7223" /><F54/><W135/><G135/><T32/><D32/><U102/><E102/><AGARI ba="1,2" hai="23,24,30,39,41,47,48,50,82,84,91,93,96,102" machi="102" ten="30,2000,0" yaku="1,1,7,1,53,0" doraHai="100" doraHaiUra="35" who="0" fromWho="1" sc="200,43,220,-23,230,0,330,0" /><INIT seed="2,0,0,4,1,23" ten="243,197,230,330" oya="2" hai0="111,41,21,1,100,40,12,54,112,99,97,66,8" hai1="116,105,62,123,128,90,48,35,109,18,16,134,79" hai2="7,10,117,125,4,55,135,6,78,81,33,120,96" hai3="93,56,11,108,50,26,76,53,34,114,30,72,61"/><V124/><F120/><W101/><G108/><T132/><D132/><U127/><E116/><V52/><F117/><W119/><G119/><T91/><D111/><U2/><E2/><V49/><F135/><W3/><G114/><T70/><D112/><U45/><E109/><V121/><F121/><W98/><G76/><T113/><D113/><U71/><E134/><V25/><F96/><W87/><G72/><T46/><D1/><U88/><E105/><V39/><F10/><W69/><G87/><T122/><D122/><U29/><E123/><V60/><F39/><W94/><G11/><T37/><D40/><U107/><E107/><V0/><F60/><W83/><G83/><T118/><D118/><U20/><E35/><V43/><F43/><W47/><G3/><T38/><D38/><U14/><E79/><V104/><F104/><W92/><REACH who="3" step="1"/><G69/><REACH who="3" ten="243,197,230,320" step="2"/><T57/><D70/><U126/><E128/><V73/><F0/><W32/><G32/><T31/><D8/><U9/><E126/><N who="2" m="48747" /><F49/><W84/><G84/><T131/><D37/><U130/><E127/><V63/><F63/><W102/><G102/><T42/><D100/><U82/><E130/><V75/><F75/><W89/><G89/><T133/><D91/><N who="1" m="34859" /><E82/><V15/><F81/><W103/><G103/><T13/><D131/><U65/><E29/><N who="2" m="19631" /><F78/><W115/><G115/><T85/><D133/><U17/><E20/><V27/><F73/><W51/><G51/><T59/><D85/><U95/><E95/><V5/><F5/><W19/><G19/><T77/><D77/><U110/><E110/><V28/><F4/><RYUUKYOKU ba="0,1" sc="243,-15,197,15,230,-15,320,15" hai1="9,14,16,17,18,45,48,62,65,71" hai3="26,30,34,47,50,53,56,61,92,93,94,98,101" /><INIT seed="3,1,1,0,3,124" ten="228,212,215,335" oya="3" hai0="48,113,10,58,56,17,104,125,118,63,47,38,75" hai1="4,119,86,129,32,60,101,59,96,24,112,42,21" hai2="20,90,87,31,46,14,133,93,132,100,103,79,5" hai3="108,121,57,18,115,77,11,111,97,114,26,105,117"/><W27/><G77/><T64/><D118/><U128/><E112/><V43/><F79/><W30/><G57/><T70/><D125/><U67/><E119/><V23/><F5/><W12/><G97/><T85/><D75/><U2/><E32/><V62/><F62/><W109/><G105/><T44/><D104/><U6/><E42/><V68/><F68/><W0/><G117/><T123/><D123/><U81/><E2/><V39/><F14/><W34/><G121/><T52/><D113/><N who="3" m="43017" /><G27/><T130/><D85/><U25/><E4/><V116/><F116/><W122/><G122/><T55/><D38/><U45/><E6/><V22/><F31/><W51/><G51/><T80/><D80/><U134/><E45/><V131/><F131/><N who="1" m="50249" /><E21/><V95/><F95/><W71/><G71/><T88/><D130/><U15/><E15/><V13/><REACH who="2" step="1"/><F13/><REACH who="2" ten="228,212,205,335" step="2"/><W33/><G0/><T135/><D70/><U16/><E16/><V50/><F50/><W89/><G109/><T102/><D17/><U54/><E134/><AGARI ba="1,2" hai="20,22,23,39,43,46,87,90,93,100,103,132,133,134" machi="134" ten="40,2600,0" yaku="1,1,20,1,53,0" doraHai="124" doraHaiUra="9" who="2" fromWho="1" sc="228,0,212,-29,205,49,335,0" owari="228,-17.2,183,-31.7,254,5.4,335,43.5" /></mjloggm>