<mjloggm ver="2.3"><GO type="225" lobby="0"/><UN n0="%6D%75%75%73%61%6E%6D%75" n1="%E4%B8%96%E7%95%8C%E3%81%AE%E4%BA%80%E4%BA%95" n2="%E3%83%8F%E3%83%B3%E3%83%89%E3%83%A9%E3%83%BC%E3%83%BB%E3%83%AF%E3%83%B3" n3="%E7%AB%8B%E7%9B%B4%E5%A5%BD%E6%A3%92%40%E5%BF%98" dan="17,17,17,17" rate="2172.81,2149.71,2155.16,2115.95" sx="F,M,M,M"/><TAIKYOKU oya="0"/><INIT seed="0,0,0,1,3,67" ten="250,250,250,250" oya="0" hai0="1,115,103,130,2,25,33,134,47,35,73,51,104" hai1="39,26,27,46,102,54,135,127,48,79,60,116,55" hai2="8,40,5,80,118,29,66,113,58,120,42,22,110" hai3="63,117,85,0,128,31,3,59,132,131,124,65,16"/><T100/><D115/><U12/><E116/><V11/><F120/><W37/><G117/><T20/><D73/><U41/><E127/><V74/><F113/><W95/><G37/><T30/><D130/><N who="3" m="49705" /><G31/><T18/><D134/><U123/><E123/><V98/><F118/><W19/><G124/><T68/><D68/><U125/><E135/><V119/><F119/><W129/><N who="3" m="49713" /><W109/><DORA hai="94" /><G132/><T6/><D35/><U34/><E79/><V70/><F110/><W50/><G109/><T111/><D111/><U44/><E34/><V121/><F121/><W10/><G50/><T92/><D104/><U89/><E102/><V69/><F40/><W77/><G77/><T43/><D92/><U106/><E106/><V93/><F42/><W122/><G122/><T64/><D64/><U78/><E78/><V24/><F80/><W56/><G56/><T28/><D28/><U49/><E39/><V21/><F21/><W14/><G19/><T61/><D61/><U13/><E60/><N who="2" m="38167" /><F74/><W72/><G72/><T133/><D133/><U15/><E125/><V45/><F45/><W84/><G95/><T97/><D6/><U107/><E41/><V87/><F87/><AGARI ba="0,0" hai="0,3,10,14,16,59,63,65,84,85,87" m="49713" machi="87" ten="40,2600,0" yaku="19,1,54,1" doraHai="67,94" who="3" fromWho="2" sc="250,0,250,0,250,-26,250,26" /><INIT seed="1,0,0,4,5,133" ten="250,250,224,276" oya="1" hai0="106,49,88,73,132,103,39,72,75,9,57,55,107" hai1="118,22,17,101,20,84,36,66,97,93,2,12,19" hai2="102,113,29,108,122,46,94,23,11,28,85,33,14" hai3="128,74,115,16,32,47,116,50,41,42,58,26,95"/><U86/><E118/><V18/><F122/><W45/><G115/><T21/><D132/><U91/><E2/><V81/><F33/><W135/><G135/><T61/><D39/><U125/><E36/><V59/><F108/><W120/><G120/><T79/><D79/><U100/><E125/><V43/><F113/><W48/><G74/><T37/><D37/><U68/><E68/><V56/><F94/><W51/><G128/><T40/><D103/><N who="1" m="39499" /><E66/><V117/><F102/><W109/><G109/><T131/><D131/><U90/><E90/><V34/><F34/><W0/><G0/><T99/><D9/><U5/><E5/><V96/><F96/><W27/><G116/><T3/><D3/><U92/><E92/><V54/><F117/><W65/><G32/><T63/><D21/><U119/><E119/><V35/><F35/><W44/><G95/><T62/><D40/><N who="3" m="15465" /><G16/><T13/><D13/><AGARI ba="0,0" hai="12,13,17,19,20,22,84,86,91,93,97" m="39499" machi="13" ten="30,1500,0" yaku="8,1" doraHai="133" who="1" fromWho="0" sc="250,-15,250,15,224,0,276,0" /><INIT seed="1,1,0,3,2,24" ten="235,265,224,276" oya="1" hai0="47,92,19,83,37,69,98,120,78,26,80,90,84" hai1="74,65,57,82,59,99,31,49,66,55,102,23,70" hai2="52,2,75,127,21,117,0,119,133,63,95,121,13" hai3="34,101,76,106,29,129,77,28,54,16,18,97,9"/><U62/><E74/><V91/><F121/><W15/><G129/><T17/><D69/><U35/><E35/><V5/><F75/><W8/><G54/><T25/><D120/><U125/><E125/><V3/><F127/><W118/><G118/><T100/><D37/><U107/><E82/><V126/><F126/><W87/><G34/><T50/><D26/><U111/><E111/><V81/><F81/><W86/><G106/><T43/><REACH who="0" step="1"/><D25/><REACH who="0" ten="225,265,224,276" step="2"/><U130/><E130/><V131/><F131/><W103/><G15/><T132/><D132/><U10/><E70/><V134/><F134/><W42/><G42/><T116/><D116/><U32/><E32/><V20/><F133/><W79/><G79/><T61/><D61/><U7/><E65/><V124/><F124/><W115/><G97/><T33/><D33/><U122/><E122/><V6/><F119/><W109/><G115/><T48/><D48/><U114/><E114/><V88/><F117/><W135/><G135/><T36/><D36/><U41/><E41/><V39/><F39/><W108/><AGARI ba="1,1" hai="8,9,16,18,28,29,76,77,86,87,101,103,108,109" machi="108" ten="25,12000,2" yaku="0,1,22,2,52,2,54,1" doraHai="24" who="3" fromWho="3" sc="225,-31,265,-61,224,-31,276,133" /><INIT seed="2,0,0,2,2,26" ten="194,204,193,409" oya="2" hai0="130,42,108,62,96,134,69,98,1,47,131,91,11" hai1="24,12,14,13,122,38,52,65,10,89,115,34,63" hai2="127,43,124,72,39,80,93,111,119,128,0,29,126" hai3="7,107,75,97,36,78,46,57,27,133,118,28,73"/><V106/><F119/><W92/><G118/><T8/><D108/><U45/><E115/><V83/><F106/><W132/><G7/><N who="0" m="1135" /><D11/><U114/><E114/><V60/><F0/><W55/><G107/><T103/><D91/><U102/><E122/><V31/><F128/><N who="0" m="49194" /><D134/><N who="3" m="51817" /><G78/><T125/><D125/><U109/><E89/><V86/><F111/><W44/><G44/><T35/><D35/><U5/><E102/><V105/><F105/><W116/><G46/><T22/><D22/><U54/><E109/><V16/><F93/><W87/><G87/><T21/><D21/><U51/><E5/><V99/><F99/><W23/><G36/><N who="0" m="21959" /><D103/><U59/><E38/><V71/><F39/><W104/><G116/><T64/><AGARI ba="0,0" hai="62,64,69,96,98" m="21959,49194,1135" machi="64" ten="30,1100,0" yaku="19,1" doraHai="26" who="0" fromWho="0" sc="194,11,204,-3,193,-5,409,-3" /><INIT seed="3,0,0,2,1,54" ten="205,201,188,406" oya="3" hai0="51,81,19,62,7,132,120,39,70,9,128,28,78" hai1="80,2,88,25,65,77,33,5,48,26,10,96,69" hai2="30,115,113,82,116,84,127,131,56,46,37,98,43" hai3="57,14,72,6,103,53,94,12,29,135,22,40,95"/><W101/><G72/><T93/><D39/><U36/><E33/><V47/><F116/><W63/><G135/><T102/><D120/><U79/><E79/><V89/><F131/><W17/><G40/><T75/><D128/><U11/><E11/><V97/><F127/><W71/><G71/><T110/><D132/><U35/><E35/><V87/><F30/><W61/><G29/><T3/><D110/><U111/><E111/><V42/><F56/><N who="3" m="34959" /><G6/><T108/><D28/><U41/><E48/><V27/><F27/><W1/><G12/><T119/><D108/><U49/><E49/><V8/><F8/><W16/><G17/><T58/><D119/><U133/><E65/><V24/><F24/><W106/><G106/><T52/><D19/><U126/><E69/><V21/><F21/><W74/><G74/><T109/><D109/><U85/><E133/><V0/><F0/><W125/><G1/><T107/><D107/><U122/><E126/><V121/><F121/><W86/><G86/><T114/><D114/><U45/><E122/><V92/><F87/><W13/><G13/><T18/><D18/><U100/><E77/><V66/><F66/><N who="3" m="39279" /><G125/><T44/><D70/><U32/><E32/><V38/><F98/><W129/><G129/><T112/><D112/><U23/><E23/><V105/><F105/><AGARI ba="0,0" hai="2,5,10,25,26,36,41,45,80,85,88,96,100,105" machi="105" ten="30,2000,0" yaku="7,1,54,1" doraHai="54" who="1" fromWho="2" sc="205,0,201,20,188,-20,406,0" owari="205,-19.5,221,2.1,168,-33.2,406,50.6" /></mjloggm>