<mjloggm ver="2.3"><GO type="225" lobby="0"/><UN n0="%E3%83%97%E3%83%AC%E3%83%B4%E3%82%A1%E3%83%86%E3%82%A3" n1="%E5%B8%86%E7%AB%8B%E5%A4%8F%E8%A1%A3" n2="%6D%75%75%6D%75%72%61" n3="%E5%8F%AF%E5%85%90%E9%82%A3%E7%94%B1%E5%A4%9A" dan="16,16,16,17" rate="2148.39,2114.19,2067.47,2192.15" sx="F,M,F,F"/><TAIKYOKU oya="0"/><INIT seed="0,0,0,3,4,111" ten="250,250,250,250" oya="0" hai0="10,65,29,88,55,118,134,127,33,51,49,61,3" hai1="56,28,106,63,24,62,54,42,39,131,113,31,85" hai2="117,17,101,38,0,50,119,103,107,104,123,73,68" hai3="82,132,11,94,69,60,1,22,87,80,4,130,90"/><T125/><D118/><N who="2" m="45066" /><F123/><W116/><G116/><T44/><D134/><U71/><E106/><N who="2" m="40491" /><F38/><W64/><G132/><T91/><D33/><U35/><E131/><V109/><F109/><W52/><G130/><T66/><D29/><U96/><E96/><V45/><F73/><W79/><G22/><T48/><D10/><U112/><E31/><V129/><F129/><W114/><G114/><N who="1" m="44138" /><E85/><V97/><F0/><W77/><G82/><T16/><D3/><U30/><E30/><V86/><F68/><W47/><REACH who="3" step="1"/><G80/><REACH who="3" ten="250,250,250,240" step="2"/><T124/><D16/><U36/><E42/><V74/><F74/><W120/><G120/><T95/><D44/><U20/><E35/><V135/><F135/><W19/><G19/><T93/><D55/><U84/><E84/><V70/><F86/><W53/><G53/><T122/><D122/><U9/><E9/><V102/><F17/><W23/><G23/><T15/><D15/><U26/><E26/><V32/><F32/><W115/><G115/><T83/><D83/><U46/><E46/><V99/><F45/><W5/><G5/><T2/><D2/><U21/><E21/><V76/><F97/><W8/><G8/><T108/><D108/><U34/><E34/><V89/><F99/><W13/><G13/><T40/><D40/><U7/><E7/><V92/><F92/><N who="0" m="35402" /><D66/><AGARI ba="0,1" hai="20,24,28,36,39,54,56,62,63,66,71" m="44138" machi="66" ten="30,7700,0" yaku="11,1,52,3" doraHai="111" who="1" fromWho="0" sc="250,-77,250,87,250,0,240,0" /><INIT seed="1,0,0,1,5,40" ten="173,337,250,240" oya="1" hai0="71,18,111,5,11,121,96,48,66,7,110,70,106" hai1="89,47,105,93,130,78,77,39,21,62,0,115,133" hai2="132,118,101,102,109,16,86,19,51,122,98,113,79" hai3="13,41,75,68,69,23,54,134,85,57,127,27,28"/><U30/><E115/><V63/><F118/><W131/><G75/><T53/><D121/><U73/><E0/><V82/><F122/><W64/><G127/><T94/><D106/><U14/><E130/><V55/><F109/><N who="0" m="41482" /><D18/><U8/><E105/><V59/><F132/><W65/><G131/><T35/><D35/><U128/><E128/><V9/><F113/><W124/><G124/><T87/><D87/><U74/><E133/><V46/><F9/><W119/><G134/><T100/><D66/><U37/><E74/><V38/><F38/><W114/><G114/><T112/><D112/><U117/><E117/><V2/><F2/><W103/><G119/><T72/><D72/><U31/><E73/><V22/><F98/><W116/><G116/><T26/><D26/><U6/><E39/><V33/><F33/><W12/><G65/><T125/><D125/><U107/><E107/><V17/><F22/><W95/><G64/><AGARI ba="0,0" hai="16,17,19,46,51,55,59,63,64,79,82,86,101,102" machi="64" ten="40,5200,0" yaku="8,1,52,1,54,1" doraHai="40" who="2" fromWho="3" sc="173,0,337,0,250,52,240,-52" /><INIT seed="2,0,0,0,5,32" ten="173,337,302,188" oya="2" hai0="7,30,78,93,118,56,25,21,50,120,106,99,117" hai1="116,71,18,77,114,97,24,9,79,100,95,63,16" hai2="46,23,6,2,37,98,0,110,74,124,129,82,64" hai3="105,91,123,101,135,108,89,58,12,80,54,131,130"/><V122/><F122/><W19/><G123/><T128/><D120/><U70/><E114/><V10/><F129/><N who="3" m="49163" /><G108/><T126/><D128/><U26/><E116/><V22/><F110/><W69/><G69/><T103/><D126/><U47/><E71/><V92/><F64/><W127/><G127/><T29/><D78/><N who="1" m="29707" /><E70/><V111/><F111/><W51/><G80/><T107/><D30/><U49/><E63/><V41/><F124/><W20/><G135/><T85/><D7/><U48/><E48/><V59/><F59/><W68/><G68/><T3/><D3/><U45/><E45/><V90/><F74/><W86/><G86/><T34/><D34/><U76/><E76/><V81/><F0/><W115/><G115/><T133/><D133/><U96/><E96/><AGARI ba="0,0" hai="12,19,20,51,54,58,89,91,96,101,105" m="49163" machi="96" ten="30,1000,0" yaku="19,1" doraHai="32" who="3" fromWho="1" sc="173,0,337,-10,302,0,188,10" /><INIT seed="3,0,0,5,1,32" ten="173,327,302,198" oya="3" hai0="36,126,84,114,88,8,45,37,46,31,74,122,5" hai1="41,11,83,133,67,131,121,107,21,102,129,35,24" hai2="40,93,81,26,110,80,85,47,1,43,61,68,14" hai3="70,64,100,101,19,86,57,124,105,89,62,4,76"/><W132/><G132/><T3/><D122/><U117/><E121/><V109/><F14/><W51/><G124/><T95/><D126/><U58/><E133/><V71/><F93/><W23/><G76/><T106/><D106/><U39/><E117/><V90/><F81/><W44/><G4/><T135/><D135/><U82/><E11/><V6/><F26/><W73/><G73/><T34/><D74/><U59/><E35/><V99/><F99/><W18/><G70/><T108/><D108/><N who="2" m="41578" /><F61/><W130/><G130/><N who="1" m="49674" /><E83/><V50/><F43/><W77/><G77/><T38/><REACH who="0" step="1"/><D114/><REACH who="0" ten="163,327,302,198" step="2"/><U63/><E107/><V78/><F78/><W33/><G105/><T127/><D127/><U0/><E102/><N who="3" m="39530" /><G33/><T13/><D13/><U113/><E113/><V29/><F29/><W119/><G119/><T30/><D30/><N who="1" m="17679" /><E0/><V104/><F104/><W54/><G23/><T2/><D2/><U42/><E39/><V22/><F22/><W79/><G79/><T48/><D48/><U49/><E82/><AGARI ba="0,1" hai="18,19,44,51,54,57,62,64,82,86,89" m="39530" machi="82" ten="30,1500,0" yaku="8,1" doraHai="32" who="3" fromWho="1" sc="163,0,327,-15,302,0,198,25" /><INIT seed="3,1,0,2,0,29" ten="163,312,302,223" oya="3" hai0="100,28,46,132,5,39,72,45,119,111,66,96,123" hai1="80,131,36,108,19,133,18,113,121,117,70,30,55" hai2="35,94,26,104,48,32,84,75,114,51,38,22,112" hai3="37,60,44,13,67,34,99,127,134,83,129,130,88"/><W128/><G127/><T115/><D123/><U2/><RYUUKYOKU type="yao9" ba="1,0" sc="163,0,312,0,302,0,223,0" hai1="2,18,19,30,36,55,70,80,108,113,117,121,131,133" /><INIT seed="3,2,0,3,3,44" ten="163,312,302,223" oya="3" hai0="78,32,9,66,67,110,36,126,13,119,17,83,118" hai1="37,20,107,64,95,91,127,59,39,69,40,65,79" hai2="125,135,99,109,63,121,124,53,58,42,72,10,5" hai3="112,108,18,24,89,55,48,15,70,134,122,85,120"/><W96/><G70/><T12/><D32/><U102/><E127/><N who="2" m="48715" /><F109/><W41/><G112/><T51/><D110/><U101/><E69/><V93/><F135/><W1/><G108/><T98/><D126/><U35/><E35/><V88/><F42/><W21/><G1/><T22/><D36/><U71/><E71/><V130/><F130/><W27/><G134/><T30/><D119/><U104/><E104/><V131/><F131/><W31/><G41/><T82/><D118/><U113/><E107/><V25/><F25/><W4/><G4/><T57/><D98/><N who="1" m="57727" /><E39/><V128/><F128/><W133/><G96/><T132/><D132/><U105/><E105/><V46/><F46/><W81/><G133/><T0/><D0/><U86/><E37/><V14/><F72/><W117/><G117/><T56/><D30/><U45/><E113/><V33/><F33/><W61/><G61/><T123/><D123/><AGARI ba="2,0" hai="5,10,14,53,58,63,88,93,99,121,123" m="48715" machi="123" ten="30,2000,0" yaku="18,1,54,1" doraHai="44" who="2" fromWho="0" sc="163,-26,312,0,302,26,223,0" owari="137,-36.3,312,11.2,328,42.8,223,-17.7" /></mjloggm>