<mjloggm ver="2.3"><GO type="225" lobby="0"/><UN n0="%4B%2E%32%2E%4B%2E" n1="%E9%89%A2%E5%B7%BB%E3%82%AC%E3%83%96" n2="%6D%75%75%6D%75%72%61" n3="%E3%82%BC%E3%83%AB%E3%83%80%E3%81%AE%E4%BC%9D%E8%AA%AC" dan="16,16,16,16" rate="2084.52,2049.42,2207.66,2149.25" sx="M,M,F,M"/><TAIKYOKU oya="0"/><INIT seed="0,0,0,1,4,71" ten="250,250,250,250" oya="0" hai0="78,77,101,83,89,110,18,63,56,27,64,6,106" hai1="51,14,66,100,15,61,90,114,60,25,98,107,62" hai2="53,59,121,95,65,126,55,69,88,48,94,105,132" hai3="125,128,10,99,122,17,131,19,54,57,37,76,70"/><T7/><D106/><U112/><E66/><V67/><F121/><W34/><G70/><T44/><D101/><U118/><E118/><V47/><F69/><W72/><G122/><T116/><D116/><U45/><E90/><V40/><F105/><W115/><G115/><N who="1" m="44074" /><E25/><V96/><F126/><W130/><G125/><T43/><D110/><U11/><E11/><V119/><F119/><W123/><G123/><T134/><D134/><U127/><E127/><V26/><F132/><W21/><G34/><T109/><D109/><U85/><E85/><N who="2" m="52495" /><F26/><N who="3" m="14639" /><G99/><T111/><D111/><U16/><E16/><V97/><F97/><W23/><G10/><T91/><D91/><U22/><E22/><V31/><F31/><W84/><G84/><N who="0" m="50335" /><D18/><U80/><E80/><V87/><F87/><W108/><G108/><T117/><D27/><U42/><AGARI ba="0,0" hai="14,15,42,45,51,60,61,62,98,100,107" m="44074" machi="42" ten="30,1100,0" yaku="11,1" doraHai="71" who="1" fromWho="1" sc="250,-5,250,11,250,-3,250,-3" /><INIT seed="1,0,0,1,4,89" ten="245,261,247,247" oya="1" hai0="8,116,63,65,41,33,125,10,107,20,68,87,90" hai1="69,3,75,27,11,38,40,17,80,60,48,0,124" hai2="123,7,23,82,92,135,47,58,56,37,45,129,30" hai3="34,113,131,9,133,104,121,103,114,67,15,115,99"/><U32/><E124/><V127/><F123/><W46/><G121/><T120/><D116/><U126/><E126/><V76/><F127/><W96/><G133/><T44/><D125/><U64/><E48/><V22/><F135/><W111/><G111/><T105/><D120/><U59/><E59/><N who="2" m="22571" /><F37/><W93/><G131/><T101/><D33/><U28/><E17/><V128/><F7/><W42/><G34/><T50/><D20/><N who="2" m="7722" /><F30/><W29/><G67/><T53/><D41/><U62/><E62/><V66/><F66/><W39/><G29/><T24/><D24/><U109/><E11/><V36/><F36/><W94/><REACH who="3" step="1"/><G99/><REACH who="3" ten="245,261,247,237" step="2"/><T55/><D65/><U14/><E109/><V70/><F70/><W5/><AGARI ba="0,1" hai="5,9,15,39,42,46,93,94,96,103,104,113,114,115" machi="5" ten="30,12000,2" yaku="1,1,2,1,0,1,52,2,53,1" doraHai="89" doraHaiUra="95" who="3" fromWho="3" sc="245,-30,261,-60,247,-30,237,130" /><INIT seed="2,0,0,3,2,133" ten="215,201,217,367" oya="2" hai0="55,131,118,21,40,5,85,119,31,89,82,105,102" hai1="124,58,134,54,17,37,41,91,45,108,39,9,52" hai2="7,46,14,79,90,112,65,27,19,3,106,8,73" hai3="111,12,97,6,125,50,43,28,115,72,128,132,76"/><V83/><F112/><W36/><G115/><T123/><D123/><U53/><E134/><V94/><F106/><W38/><G132/><T61/><D131/><U87/><E108/><V33/><F65/><W71/><G71/><T64/><D55/><U68/><E37/><V109/><F109/><W22/><G111/><T84/><D5/><U95/><E68/><V121/><F121/><W1/><G97/><N who="0" m="61647" /><D40/><U60/><REACH who="1" step="1"/><E124/><REACH who="1" ten="215,191,217,367" step="2"/><V44/><F3/><W67/><G125/><T10/><D118/><U26/><E26/><V129/><F129/><W66/><G36/><T2/><D119/><U92/><E92/><V30/><REACH who="2" step="1"/><F7/><REACH who="2" ten="215,191,207,367" step="2"/><W78/><G6/><T16/><D2/><U32/><E32/><V77/><F77/><W62/><G76/><T49/><D64/><U25/><E25/><V104/><F104/><W86/><G78/><T0/><D0/><U135/><E135/><V15/><F15/><AGARI ba="0,2" hai="9,15,17,39,41,45,52,53,54,58,60,87,91,95" machi="15" ten="40,2600,0" yaku="1,1,54,1,53,0" doraHai="133" doraHaiUra="29" who="1" fromWho="2" sc="215,0,191,46,207,-26,367,0" /><INIT seed="3,0,0,5,2,102" ten="215,237,181,367" oya="3" hai0="31,68,77,44,80,113,118,35,9,107,18,2,24" hai1="49,114,12,130,95,22,40,29,73,13,19,28,124" hai2="63,100,94,76,56,116,5,1,38,131,14,103,101" hai3="133,6,26,16,112,88,58,117,55,134,127,46,4"/><W105/><G46/><T17/><D118/><U85/><E114/><V90/><F38/><W96/><G88/><T50/><D113/><U8/><E73/><V99/><F116/><W70/><G58/><T111/><D107/><U86/><E124/><V67/><F1/><W0/><G55/><T62/><D111/><U82/><E130/><V41/><F131/><W75/><G96/><T65/><D9/><U115/><E115/><V125/><F125/><W45/><G45/><T79/><D2/><U15/><E49/><V121/><F121/><W7/><G70/><T123/><D123/><U108/><E40/><V110/><F110/><W37/><G133/><T64/><D64/><U106/><E106/><V27/><F76/><W98/><G98/><T47/><D47/><U30/><E108/><V83/><F41/><W43/><G43/><T126/><D77/><N who="1" m="46287" /><E8/><V109/><F109/><W52/><G6/><T104/><D104/><U135/><E135/><V11/><REACH who="2" step="1"/><F27/><REACH who="2" ten="215,237,171,367" step="2"/><W57/><G26/><T119/><D119/><U92/><E86/><AGARI ba="0,1" hai="5,11,14,56,63,67,83,86,90,94,99,100,101,103" machi="86" ten="40,5200,0" yaku="1,1,2,1,8,1,53,0" doraHai="102" doraHaiUra="74" who="2" fromWho="1" sc="215,0,237,-52,171,62,367,0" owari="215,-18.5,185,-31.5,233,3.3,367,46.7" /></mjloggm>