<mjloggm ver="2.3"><GO type="225" lobby="0"/><UN n0="%52%61%69%61%6E%2E" n1="%4C%4F%4C%49%54%41" n2="%E6%9D%B1%E9%A2%A8%E3%81%AE%E3%81%8D%E3%82%83%E3%81%B7%E3%81%95%E3%82%93" n3="%E3%81%BF%E3%81%BF%E3%81%9A" dan="16,16,17,18" rate="2012.46,2199.67,2173.61,2238.13" sx="M,F,M,M"/><TAIKYOKU oya="0"/><INIT seed="0,0,0,5,4,1" ten="250,250,250,250" oya="0" hai0="122,12,24,85,92,67,41,109,29,71,63,61,55" hai1="119,8,98,105,121,93,87,2,15,111,113,95,96" hai2="116,76,18,69,26,108,14,47,91,27,65,32,120" hai3="3,117,129,70,72,30,79,49,66,50,35,19,36"/><T22/><D122/><U75/><E119/><V97/><F120/><W13/><G117/><T86/><D41/><U123/><E2/><V125/><F116/><W37/><G3/><T103/><D109/><U77/><E111/><V80/><F108/><W53/><G129/><T23/><D23/><U17/><E113/><V62/><F47/><W83/><G50/><T43/><D43/><U100/><E95/><V31/><F125/><W40/><G40/><T94/><D12/><U5/><E17/><V58/><F26/><W44/><G35/><T104/><D104/><U134/><E134/><V101/><F91/><W56/><G70/><T4/><D4/><U21/><E21/><V135/><F135/><W124/><G30/><T9/><D9/><U34/><E34/><V68/><F14/><W10/><REACH who="3" step="1"/><G124/><REACH who="3" ten="250,250,250,240" step="2"/><T128/><D128/><U78/><E121/><V57/><F69/><W38/><G38/><T133/><D133/><U48/><E48/><V60/><F60/><AGARI ba="0,1" hai="10,13,19,36,37,44,49,53,56,60,66,72,79,83" machi="60" ten="40,1300,0" yaku="1,1,53,0" doraHai="1" doraHaiUra="82" who="3" fromWho="2" sc="250,0,250,0,250,-13,240,23" /><INIT seed="1,0,0,0,1,12" ten="250,250,237,263" oya="1" hai0="37,123,28,27,56,61,127,70,5,128,72,65,73" hai1="35,102,95,75,18,2,8,7,117,26,106,78,47" hai2="112,30,129,94,64,110,89,116,131,107,43,63,48" hai3="114,108,52,54,120,109,17,84,29,86,46,133,93"/><U68/><E117/><V122/><F30/><W98/><G120/><T53/><D37/><U49/><E68/><V81/><F122/><W101/><G29/><T105/><D123/><U23/><E106/><V80/><F116/><W34/><G34/><T100/><D5/><U40/><E35/><V57/><F107/><W125/><G114/><T10/><D10/><U45/><E75/><V67/><F67/><W6/><G6/><T111/><D111/><N who="3" m="42569" /><G133/><T41/><D41/><U130/><E78/><V22/><F110/><W96/><G125/><T115/><D115/><U87/><E130/><N who="2" m="49675" /><F112/><W42/><G98/><T66/><D128/><U25/><E45/><N who="2" m="25663" /><F22/><W14/><G84/><AGARI ba="0,0" hai="57,63,64,80,81,84,89,94" m="25663,49675" machi="84" ten="30,1000,0" yaku="19,1" doraHai="12" who="2" fromWho="3" sc="250,0,250,0,237,10,263,-10" /><INIT seed="2,0,0,1,0,105" ten="250,250,247,253" oya="2" hai0="129,12,17,9,111,32,124,33,63,59,76,21,42" hai1="122,43,45,115,126,29,22,84,27,20,4,92,19" hai2="80,118,101,94,24,134,73,39,117,69,3,30,37" hai3="103,131,0,23,108,52,55,89,48,93,5,70,40"/><V53/><F53/><W98/><G70/><T104/><D104/><U28/><E115/><V7/><F94/><N who="3" m="58839" /><G0/><T87/><D111/><U130/><E126/><V66/><F101/><W123/><G123/><T96/><D124/><U67/><E130/><V71/><F134/><W57/><G108/><T2/><D129/><U120/><E4/><V91/><F91/><W78/><G78/><T77/><D42/><U83/><E92/><V61/><F71/><W25/><G5/><T64/><D96/><U106/><E67/><V85/><F85/><N who="3" m="52399" /><G131/><T135/><D135/><U35/><E35/><N who="2" m="20935" /><F118/><W75/><G75/><T68/><D68/><U50/><E106/><V114/><F117/><W110/><G110/><T62/><D62/><U74/><E74/><V112/><F112/><W44/><G57/><T109/><D109/><U58/><E58/><V10/><F114/><W6/><G6/><T14/><D2/><U26/><REACH who="1" step="1"/><E19/><AGARI ba="0,0" hai="19,23,25,40,44,48,52,55" m="52399,58839" machi="19" ten="30,2000,0" yaku="8,1,54,1" doraHai="105" who="3" fromWho="1" sc="250,0,250,-20,247,0,253,20" /><INIT seed="3,0,0,5,3,88" ten="250,230,247,273" oya="3" hai0="35,126,26,13,81,63,34,80,85,110,6,53,57" hai1="4,134,29,99,108,103,119,84,52,71,3,33,79" hai2="27,86,18,89,0,10,58,50,66,47,8,40,101" hai3="16,42,14,69,104,118,135,62,22,23,17,124,54"/><W19/><G118/><T76/><D110/><U115/><E115/><V127/><F127/><W30/><G104/><T56/><D126/><U36/><E36/><V82/><F101/><W78/><G124/><T120/><D120/><U90/><E71/><V24/><F0/><W133/><G42/><T55/><D26/><U31/><E33/><V107/><F107/><W25/><G78/><T7/><D80/><U109/><E134/><N who="3" m="51210" /><G54/><T49/><D34/><U20/><E79/><V45/><F45/><W65/><AGARI ba="0,0" hai="14,16,17,19,22,23,25,30,62,65,69" m="51210" machi="65" ten="30,3000,0" yaku="20,1,54,1" doraHai="88" who="3" fromWho="3" sc="250,-10,230,-10,247,-10,273,30" owari="240,4.0,220,-28.0,237,-16.3,303,40.3" /></mjloggm>