<mjloggm ver="2.3"><GO type="225" lobby="0"/><UN n0="%47%48%4F%53%54" n1="%6D%75%75%6D%75%72%61" n2="%E6%80%AA%E3%81%97%E3%81%99%E3%81%8E%E3%82%8B%E3%83%81%E3%83%BC" n3="%E3%81%B7%E3%82%8A%E3%82%93%E8%81%96%E4%BA%BA" dan="17,16,17,16" rate="2233.03,2110.49,2141.89,2115.58" sx="M,F,M,M"/><TAIKYOKU oya="0"/><INIT seed="0,0,0,4,5,48" ten="250,250,250,250" oya="0" hai0="22,117,92,67,113,15,47,99,23,128,104,69,19" hai1="17,86,45,119,63,130,13,14,84,61,88,70,34" hai2="33,39,64,32,91,6,100,68,25,98,60,56,118" hai3="31,120,114,85,110,52,10,74,102,37,28,72,133"/><T43/><D113/><U108/><E119/><V93/><F118/><W66/><G66/><T127/><D117/><U73/><E73/><V9/><F39/><W16/><G37/><T81/><D128/><U0/><E0/><V89/><F68/><W11/><G114/><T129/><D127/><U79/><E108/><V5/><F5/><W24/><G110/><T71/><D129/><U80/><E34/><V109/><F109/><W18/><G102/><T54/><D104/><U8/><E130/><V75/><F75/><W27/><G85/><T40/><D81/><U116/><E70/><V29/><REACH who="2" step="1"/><F32/><REACH who="2" ten="250,250,240,250" step="2"/><W58/><G72/><T121/><D69/><U65/><E116/><V20/><F20/><N who="3" m="15367" /><G74/><T35/><D35/><U115/><E115/><V87/><F87/><W50/><G120/><T95/><D23/><N who="1" m="11695" /><E84/><V7/><F7/><W59/><G133/><T132/><D22/><U94/><E79/><V105/><F105/><W101/><G31/><T82/><D71/><U51/><E80/><V26/><F26/><W124/><G27/><T21/><D82/><U12/><E12/><AGARI ba="0,1" hai="6,9,12,25,29,33,56,60,64,89,91,93,98,100" machi="12" ten="30,2000,0" yaku="1,1,7,1,53,0" doraHai="48" doraHaiUra="41" who="2" fromWho="1" sc="250,0,250,-20,240,30,250,0" /><INIT seed="1,0,0,5,3,85" ten="250,230,270,250" oya="1" hai0="87,70,108,34,79,9,95,21,26,0,59,84,77" hai1="50,112,28,68,119,66,75,125,109,27,82,18,90" hai2="63,111,100,11,64,41,23,107,33,96,91,121,127" hai3="12,5,83,39,46,94,31,80,3,35,60,44,55"/><U25/><E112/><V122/><F111/><W56/><G3/><T38/><D70/><U118/><E125/><V129/><F127/><W20/><G35/><T37/><D108/><U97/><E109/><V29/><F129/><W69/><G69/><T45/><D34/><U123/><E123/><V114/><F114/><W6/><G39/><T10/><D0/><U135/><E135/><V76/><F76/><W81/><G94/><T72/><D72/><U133/><E133/><V73/><F73/><W22/><G31/><T110/><D110/><U47/><E75/><V54/><F41/><W67/><G55/><T105/><D105/><U113/><E113/><V13/><F23/><N who="3" m="8747" /><G12/><T74/><D95/><U86/><E97/><V52/><F91/><W30/><G30/><T1/><D1/><U61/><E18/><N who="2" m="8511" /><F121/><W40/><G40/><T106/><D106/><U14/><E14/><V42/><F42/><W92/><G92/><T43/><D38/><U104/><E104/><V53/><F122/><W116/><G116/><T32/><D32/><U2/><E2/><V36/><F36/><W103/><G103/><T62/><D74/><U93/><E93/><V7/><F7/><AGARI ba="0,0" hai="5,6,7,44,46,56,60,67,80,81,83" m="8747" machi="7" ten="30,1000,0" yaku="8,1" doraHai="85" who="3" fromWho="2" sc="250,0,230,0,270,-10,250,10" /><INIT seed="2,0,0,3,3,92" ten="250,230,260,260" oya="2" hai0="58,14,95,134,79,55,23,94,41,22,124,102,119" hai1="83,3,97,116,66,37,99,39,36,56,85,20,67" hai2="127,73,48,90,130,101,59,24,75,8,120,4,54" hai3="2,68,49,100,42,13,135,70,51,81,40,35,103"/><V76/><F120/><W18/><G35/><T34/><D34/><U0/><E116/><V60/><F130/><W33/><G33/><T109/><D119/><U9/><E20/><V88/><F24/><W6/><G6/><T30/><D109/><U31/><E31/><V62/><F127/><W128/><G2/><T108/><D134/><U78/><E9/><V125/><F101/><W57/><G128/><T84/><D108/><U43/><E43/><V87/><F125/><W106/><G106/><T126/><D41/><U133/><E133/><V122/><F122/><W96/><G81/><N who="0" m="47167" /><D126/><U114/><E114/><V80/><F75/><W47/><G40/><T91/><D102/><U89/><E78/><V121/><F121/><W53/><G103/><T29/><D95/><U86/><E86/><V7/><F7/><W131/><G131/><T69/><D69/><U28/><E28/><N who="0" m="10857" /><D14/><U115/><E115/><V12/><REACH who="2" step="1"/><F90/><REACH who="2" ten="250,230,250,260" step="2"/><W111/><G111/><T104/><D124/><U64/><REACH who="1" step="1"/><E56/><REACH who="1" ten="250,220,250,260" step="2"/><V63/><F63/><W65/><G135/><T32/><D32/><U19/><E19/><V10/><F10/><W74/><G74/><T110/><D110/><U21/><E21/><V46/><F46/><W26/><G68/><T71/><D71/><U129/><E129/><V44/><F44/><W15/><G70/><T17/><D17/><U105/><E105/><V132/><F132/><W118/><G118/><T45/><D104/><U123/><E123/><V11/><F11/><W5/><G18/><T72/><D45/><U112/><E112/><V61/><F61/><W52/><G47/><RYUUKYOKU ba="0,2" sc="250,-15,220,15,250,15,260,-15" hai1="0,3,36,37,39,64,66,67,83,85,89,97,99" hai2="4,8,12,48,54,59,60,62,73,76,80,87,88" /><INIT seed="2,1,2,5,1,53" ten="235,235,265,245" oya="2" hai0="113,78,108,118,73,54,2,91,26,72,49,135,45" hai1="34,81,35,96,131,110,129,43,85,8,100,98,133" hai2="125,122,117,82,59,10,30,74,58,103,75,14,107" hai3="31,119,111,132,60,16,0,134,70,9,24,44,15"/><V93/><F117/><W115/><G119/><T105/><D118/><U48/><E110/><V114/><F107/><W95/><G111/><T22/><D108/><U39/><E39/><V52/><F122/><W80/><G0/><T63/><D113/><U18/><E133/><N who="3" m="51306" /><G95/><T12/><D135/><U79/><E43/><V102/><F114/><W127/><G115/><T109/><D105/><U57/><E48/><N who="2" m="30983" /><F74/><W40/><G80/><T23/><D2/><U120/><E57/><V87/><F75/><W97/><G97/><N who="1" m="37482" /><E100/><N who="2" m="38443" /><F59/><W83/><G83/><T76/><D73/><U25/><E120/><V56/><F56/><W92/><G92/><T130/><D72/><U112/><E112/><V21/><F125/><W41/><G127/><T128/><D109/><U77/><E77/><N who="2" m="46543" /><F93/><W29/><G44/><T42/><D45/><U121/><E121/><V46/><F46/><W27/><G60/><T64/><D63/><U116/><E116/><V51/><F51/><W67/><G67/><T37/><D49/><U68/><E68/><V17/><F30/><N who="3" m="11275" /><G70/><T126/><D64/><U90/><E79/><V38/><F38/><W123/><G123/><T47/><D37/><U104/><E104/><V86/><F86/><W124/><G124/><T88/><D78/><U101/><E101/><V5/><F5/><W7/><G7/><T65/><D76/><U84/><E84/><V20/><AGARI ba="1,2" hai="10,14,17,20,21" m="46543,38443,30983" machi="20" ten="30,6000,0" yaku="8,1,52,1,54,1" doraHai="53" who="2" fromWho="2" sc="235,-21,235,-21,265,83,245,-21" /><INIT seed="2,2,0,1,0,123" ten="214,214,348,224" oya="2" hai0="90,45,7,99,103,4,102,52,96,18,126,10,76" hai1="62,38,100,12,9,41,93,1,119,83,69,71,74" hai2="91,14,25,107,120,13,6,77,78,85,106,88,81" hai3="32,35,20,122,16,114,8,50,117,121,89,0,94"/><V128/><F120/><W133/><G117/><T108/><D126/><U11/><E119/><V75/><F128/><W124/><G114/><T57/><D108/><U59/><E100/><N who="0" m="38441" /><D76/><N who="1" m="44439" /><E93/><V46/><F46/><W79/><G79/><T43/><D43/><U64/><E11/><V56/><F56/><W55/><G124/><T27/><D45/><N who="1" m="23735" /><E12/><V53/><F53/><W58/><G121/><T51/><D90/><U82/><E82/><V132/><F91/><W115/><G122/><T40/><D40/><U33/><E33/><V118/><F118/><W86/><G115/><T47/><D57/><U39/><E39/><V101/><F77/><W49/><G49/><T67/><D67/><U66/><E66/><V113/><F113/><W21/><G21/><N who="0" m="13751" /><D10/><U37/><E37/><V65/><F65/><W105/><G105/><T28/><D28/><U48/><E48/><V111/><F107/><W54/><G54/><T131/><D131/><U15/><E1/><V112/><F106/><W22/><G22/><T127/><D127/><U134/><E59/><V68/><F112/><W61/><G61/><T97/><AGARI ba="2,0" hai="4,7,47,51,52,96,97,99" m="13751,38441" machi="97" ten="30,2000,0" yaku="8,1,54,1" doraHai="123" who="0" fromWho="0" sc="214,26,214,-7,348,-12,224,-7" /><INIT seed="3,0,0,5,2,22" ten="240,207,336,217" oya="3" hai0="130,80,82,85,65,49,2,38,61,14,118,127,124" hai1="35,129,59,32,78,131,123,26,90,19,125,93,11" hai2="132,16,100,18,55,36,24,52,102,40,58,134,63" hai3="128,114,25,66,95,15,81,101,103,111,84,23,88"/><W53/><G114/><T43/><D2/><U105/><E123/><V74/><F74/><W1/><G1/><T113/><D118/><U17/><E105/><V9/><F40/><W91/><G66/><T79/><D130/><N who="1" m="49675" /><E125/><V20/><F36/><W104/><G104/><T12/><D49/><U3/><E78/><V47/><F132/><W37/><G37/><T120/><D82/><U4/><E59/><N who="2" m="35303" /><F47/><W44/><G128/><T116/><D113/><U126/><E126/><V133/><F134/><W41/><G15/><T8/><D14/><U99/><E26/><V46/><F46/><W107/><G107/><T70/><D116/><U10/><E10/><V110/><F110/><W83/><G111/><T48/><D38/><U56/><E56/><V27/><F133/><W94/><G41/><T21/><D21/><U34/><AGARI ba="0,0" hai="3,4,11,17,19,32,34,35,90,93,99" m="49675" machi="34" ten="40,1500,0" yaku="19,1" doraHai="22" who="1" fromWho="1" sc="240,-4,207,15,336,-4,217,-7" owari="236,3.6,222,-17.8,332,43.2,210,-29.0" /></mjloggm>