<mjloggm ver="2.3"><GO type="225" lobby="0"/><UN n0="%72%65%6E%6B%75%6E" n1="%E6%A1%9C%E8%8A%B1%E9%96%83%E3%80%85" n2="%E3%82%A2%E3%83%A1%E3%82%A2%E3%83%A9%E3%83%AC" n3="%48%61%61%61%6C%61%6E%64" dan="17,16,16,18" rate="2264.08,2155.91,2090.56,2145.00" sx="M,M,M,M"/><TAIKYOKU oya="0"/><INIT seed="0,0,0,3,3,97" ten="250,250,250,250" oya="0" hai0="69,113,11,18,85,91,10,101,32,55,78,98,49" hai1="22,65,5,94,39,61,14,38,81,133,115,46,84" hai2="43,54,121,63,59,92,74,120,75,80,111,52,105" hai3="131,110,116,56,1,53,62,57,73,66,135,27,58"/><T35/><D113/><U42/><E115/><V103/><F105/><W20/><G116/><T130/><D130/><U51/><E133/><V16/><F111/><W36/><G73/><T87/><D69/><U45/><E94/><V112/><F112/><W79/><G79/><T47/><D78/><U67/><E67/><V26/><F43/><W90/><G36/><T89/><D85/><U64/><E65/><V134/><F134/><W71/><G1/><T41/><D41/><U13/><E22/><N who="2" m="13639" /><F75/><W109/><G135/><T0/><D11/><N who="1" m="4335" /><E14/><V76/><F74/><W3/><G3/><T128/><D128/><U33/><E33/><V15/><F121/><W83/><G131/><T124/><D124/><U126/><E46/><V31/><F120/><W132/><G132/><T104/><D89/><U17/><E17/><V108/><F108/><N who="3" m="41579" /><G90/><T99/><D99/><U50/><E50/><V77/><F80/><W2/><G83/><N who="0" m="49663" /><D0/><U129/><E126/><V37/><F37/><W8/><G8/><T9/><D9/><U88/><E129/><V44/><F15/><AGARI ba="0,0" hai="10,15,18,32,35,47,49,55,98,101,104" m="49663" machi="15" ten="30,2900,0" yaku="25,1,52,1" doraHai="97" who="0" fromWho="2" sc="250,29,250,0,250,-29,250,0" /><INIT seed="0,1,0,5,2,113" ten="279,250,221,250" oya="0" hai0="52,39,109,19,29,11,56,2,115,5,26,49,123" hai1="102,66,64,92,9,28,112,127,108,131,96,68,67" hai2="103,71,72,53,111,14,129,21,38,117,23,1,126" hai3="125,6,86,4,91,10,83,20,32,81,128,59,24"/><T18/><D115/><U74/><E112/><V60/><F111/><W104/><G125/><T54/><D123/><U98/><E108/><V107/><F1/><W13/><G128/><T116/><D109/><U22/><E127/><V40/><F72/><W118/><G104/><T43/><D116/><U58/><E68/><V48/><F129/><W61/><G32/><T44/><REACH who="0" step="1"/><D54/><REACH who="0" ten="269,250,221,250" step="2"/><U15/><E131/><V89/><F53/><N who="3" m="34031" /><G118/><T76/><D76/><U90/><E67/><V57/><F117/><W37/><G37/><T94/><D94/><U119/><E119/><V33/><F38/><W73/><G73/><T42/><D42/><U93/><E74/><V130/><F40/><W41/><G41/><T16/><D16/><N who="1" m="8303" /><E58/><V31/><F57/><W134/><G134/><T101/><D101/><U62/><E62/><V55/><F103/><W121/><G121/><T110/><D110/><U80/><E80/><V88/><F60/><W27/><G83/><T105/><D105/><U75/><E75/><V0/><F107/><W77/><G81/><T79/><D79/><U122/><E122/><V7/><F130/><W84/><G77/><T50/><D50/><U78/><E78/><V63/><F48/><W25/><G91/><T135/><D135/><U46/><E46/><V69/><F88/><W99/><G4/><T106/><D106/><U70/><E70/><V12/><F89/><W132/><G132/><T35/><AGARI ba="1,1" hai="2,5,11,18,19,26,29,35,39,43,44,49,52,56" machi="35" ten="20,7800,0" yaku="1,1,0,1,7,1,54,1,53,0" doraHai="113" doraHaiUra="8" who="0" fromWho="0" sc="269,91,250,-27,221,-27,250,-27" /><INIT seed="0,2,0,5,4,3" ten="360,223,194,223" oya="0" hai0="69,58,108,118,12,60,14,95,79,134,28,131,84" hai1="26,75,20,55,45,78,81,22,110,86,113,13,94" hai2="66,7,15,17,16,67,59,51,53,91,37,87,18" hai3="39,120,99,35,19,100,65,111,63,68,25,52,72"/><T114/><D114/><U1/><E1/><V117/><F37/><W77/><G111/><T105/><D105/><U82/><E110/><V11/><REACH who="2" step="1"/><F117/><REACH who="2" ten="360,223,184,223" step="2"/><W4/><G39/><T126/><D118/><U33/><E113/><V132/><F132/><W21/><G120/><T89/><D134/><U43/><E75/><V57/><F57/><W30/><G72/><T107/><D108/><U31/><E81/><AGARI ba="2,1" hai="7,11,15,16,17,18,51,53,59,66,67,81,87,91" machi="81" ten="40,8000,1" yaku="1,1,8,1,52,1,54,1,53,0" doraHai="3" doraHaiUra="41" who="2" fromWho="1" sc="360,0,223,-86,184,96,223,0" /><INIT seed="1,0,0,2,2,54" ten="360,137,280,223" oya="1" hai0="101,34,25,47,13,61,95,83,40,22,112,88,74" hai1="119,87,49,131,71,134,52,130,79,86,125,16,107" hai2="97,46,99,30,65,104,123,23,9,37,110,56,2" hai3="39,44,85,81,117,45,75,26,121,73,67,102,63"/><U55/><E119/><V122/><F110/><W60/><G121/><T76/><D112/><U8/><E125/><V129/><F129/><N who="1" m="49161" /><E134/><V124/><F124/><W89/><G117/><T51/><D101/><U109/><E109/><V128/><F128/><W118/><G118/><T100/><D100/><U18/><E107/><V36/><F23/><W41/><G102/><T126/><D126/><U93/><E71/><V19/><F30/><W80/><G26/><T53/><D34/><U43/><E93/><V21/><F21/><W108/><G108/><T116/><D13/><N who="1" m="7207" /><E18/><V78/><F19/><W115/><G115/><T3/><D3/><U103/><E103/><V48/><F2/><W1/><G1/><T29/><D116/><U92/><E92/><V12/><F104/><W33/><G33/><T94/><D94/><U35/><E35/><V28/><F122/><W50/><G81/><T0/><D0/><U77/><E43/><V59/><F123/><W31/><G31/><T58/><D95/><U6/><E6/><V106/><F28/><W11/><G11/><T132/><D132/><U91/><E91/><V62/><F9/><W20/><G20/><T84/><REACH who="0" step="1"/><D88/><REACH who="0" ten="350,137,280,223" step="2"/><U42/><E79/><V24/><F78/><W57/><REACH who="3" step="1"/><G60/><REACH who="3" ten="350,137,280,213" step="2"/><T66/><D66/><U69/><E77/><V64/><F64/><W4/><G4/><T38/><D38/><U90/><E90/><V113/><F37/><W82/><G82/><T105/><D105/><U68/><E87/><AGARI ba="0,2" hai="22,25,29,40,47,51,53,58,61,74,76,83,84,87" machi="87" ten="40,5200,0" yaku="1,1,52,1,53,1" doraHai="54" doraHaiUra="27" who="0" fromWho="1" sc="350,72,137,-52,280,0,213,0" /><INIT seed="2,0,0,0,0,29" ten="422,85,280,213" oya="2" hai0="113,28,100,118,33,123,13,99,98,111,121,109,46" hai1="107,93,76,61,7,110,90,27,9,75,119,134,17" hai2="70,80,83,94,20,12,35,108,32,89,38,73,103" hai3="68,65,106,18,132,11,39,87,72,47,6,21,81"/><V129/><F70/><W59/><G106/><T88/><D113/><U40/><E119/><V57/><F38/><W49/><G132/><T25/><D118/><U86/><E134/><V133/><F133/><W105/><G105/><T63/><D63/><U54/><E110/><N who="0" m="41993" /><D46/><U36/><E107/><V45/><F108/><W0/><G68/><T41/><D41/><U50/><E36/><V31/><F103/><W128/><G128/><T122/><D100/><U117/><E117/><V74/><F129/><W51/><G72/><T92/><D13/><U116/><E116/><V4/><F45/><W84/><G39/><T26/><D26/><U60/><E40/><V43/><F43/><W23/><G47/><T14/><D14/><N who="1" m="5439" /><E75/><V114/><F114/><W135/><G135/><T44/><D44/><N who="1" m="27975" /><E76/><V120/><F12/><W1/><G1/><T5/><D5/><U69/><E69/><V53/><F4/><W126/><G6/><T67/><D67/><U52/><E52/><V37/><F37/><W55/><G65/><T95/><D95/><U19/><E19/><V34/><F74/><W16/><G0/><T42/><D42/><U58/><E58/><V97/><F73/><W15/><G59/><T125/><D125/><U82/><E93/><V22/><F31/><W112/><G126/><T85/><AGARI ba="0,0" hai="25,28,33,85,88,92,98,99,121,122,123" m="41993" machi="85" ten="40,5200,0" yaku="14,1,52,1,54,1" doraHai="29" who="0" fromWho="0" sc="422,52,85,-13,280,-26,213,-13" /><INIT seed="3,0,0,3,2,112" ten="474,72,254,200" oya="3" hai0="28,56,98,74,96,70,126,18,1,19,92,122,61" hai1="125,85,131,25,37,77,46,23,39,121,78,110,9" hai2="36,133,10,41,130,93,29,68,106,21,86,53,83" hai3="42,50,45,67,6,15,33,132,31,95,120,3,129"/><W8/><G120/><T127/><D74/><U102/><E121/><V5/><F106/><W44/><G129/><T88/><D122/><U135/><E131/><V30/><F68/><W76/><G132/><T52/><D1/><U118/><E135/><V65/><F65/><W107/><G107/><T7/><D7/><U32/><E32/><V13/><F130/><W84/><G67/><N who="0" m="41327" /><D28/><U94/><E110/><V0/><F93/><W2/><G44/><T11/><D11/><U104/><E104/><V34/><F41/><W115/><G115/><T109/><D98/><U91/><E125/><N who="0" m="47625" /><D109/><U63/><E102/><V116/><F36/><W38/><G38/><T26/><D26/><U79/><E63/><AGARI ba="0,0" hai="18,19,52,56,63,88,92,96" m="47625,41327" machi="63" ten="30,3900,0" yaku="18,1,54,2" doraHai="112" who="0" fromWho="1" sc="474,39,72,-39,254,0,200,0" owari="513,61.3,33,-46.7,254,5.4,200,-20.0" /></mjloggm>