<mjloggm ver="2.3"><GO type="225" lobby="0"/><UN n0="%E3%83%A9%E3%83%BC%E3%83%A1%E3%83%B3%E4%BA%94%E9%83%8E" n1="%73%73%6B%5F%66%72%65%65" n2="%E9%B3%B3%E6%9D%B1%E3%81%AE%E3%81%BF%E3%81%91%E3%81%AB%E3%82%83%E3%82%93" n3="%E6%B8%A9%E2%98%85%E6%83%85%E2%98%85%E6%8E%AA%E2%98%85%E7%BD%AE" dan="16,16,17,18" rate="2099.76,2089.85,2157.76,2272.39" sx="M,M,F,M"/><TAIKYOKU oya="0"/><INIT seed="0,0,0,4,3,98" ten="250,250,250,250" oya="0" hai0="121,103,116,37,20,3,104,32,62,36,125,117,91" hai1="76,89,1,70,30,94,5,63,13,18,85,11,80" hai2="100,74,129,7,114,111,10,106,75,82,26,53,41" hai3="17,108,44,102,22,2,112,48,71,105,87,6,12"/><T54/><D121/><U99/><E30/><V21/><F114/><W78/><G112/><T86/><D32/><U123/><E123/><V124/><F111/><W132/><G108/><T38/><D3/><U45/><E45/><V27/><F129/><W28/><G71/><T34/><D34/><U69/><REACH who="1" step="1"/><E63/><REACH who="1" ten="250,240,250,250" step="2"/><V0/><F124/><W122/><G44/><T130/><D125/><U97/><E97/><V134/><F134/><W131/><G28/><T57/><D130/><U24/><E24/><V88/><F27/><W23/><G132/><T83/><D117/><U79/><E79/><V65/><F26/><W56/><G78/><T107/><D116/><U25/><E25/><V101/><F74/><W29/><G29/><T64/><D62/><U40/><E40/><V8/><F75/><W66/><G122/><T16/><D107/><U127/><E127/><V14/><F41/><W120/><G105/><T68/><D104/><U128/><E128/><V9/><F106/><W43/><G43/><T61/><D61/><U73/><E73/><V81/><F65/><W51/><G66/><T31/><D64/><U109/><E109/><V33/><F33/><W135/><G135/><T60/><D31/><U55/><E55/><V115/><F53/><W52/><G52/><T35/><D35/><U39/><E39/><V119/><F119/><W90/><G131/><T113/><D113/><U59/><E59/><V96/><F115/><W92/><G120/><T67/><D67/><U50/><E50/><V77/><F77/><W93/><G51/><T42/><D42/><U49/><E49/><RYUUKYOKU ba="0,1" sc="250,-10,240,30,250,-10,250,-10" hai1="1,5,11,13,18,69,70,76,80,85,89,94,99" /><INIT seed="1,1,1,5,5,56" ten="240,270,240,240" oya="1" hai0="50,63,10,12,75,89,117,60,40,118,90,44,39" hai1="104,47,100,55,52,77,32,106,135,109,26,0,58" hai2="57,120,25,35,86,64,88,105,51,22,8,97,17" hai3="19,124,126,67,78,20,130,28,114,111,84,128,59"/><U13/><E135/><V73/><F120/><W113/><G78/><T29/><D75/><U14/><E0/><V72/><F35/><W15/><G84/><T93/><D39/><U31/><E109/><V23/><F8/><W82/><G82/><T37/><D37/><U131/><E131/><N who="3" m="50218" /><G67/><T2/><D2/><U123/><E123/><V103/><F23/><N who="3" m="11775" /><G59/><T34/><D117/><U110/><E77/><V96/><F96/><W70/><G70/><T116/><D116/><U18/><E110/><V16/><F17/><W134/><G111/><T33/><D118/><U122/><E122/><V48/><F48/><W71/><G71/><T81/><D29/><U68/><E68/><V102/><F102/><W7/><G7/><N who="0" m="3167" /><D33/><U61/><E100/><V42/><F42/><W24/><G134/><T127/><D34/><U46/><E47/><V85/><F85/><W95/><G95/><T125/><D81/><U87/><E87/><V45/><F45/><W99/><G99/><N who="0" m="57775" /><D90/><U5/><E5/><V53/><REACH who="2" step="1"/><F64/><REACH who="2" ten="240,270,230,240" step="2"/><W69/><G69/><T107/><D107/><U38/><E106/><V91/><F91/><W79/><G79/><T3/><D3/><U132/><E104/><V41/><F41/><W121/><G121/><T54/><D40/><U115/><E38/><V1/><F1/><W101/><G101/><T98/><D98/><U83/><E132/><V30/><F30/><W108/><G108/><T6/><D6/><U66/><E31/><V62/><F62/><N who="0" m="23594" /><D44/><U74/><E46/><V36/><F36/><W9/><G9/><T27/><D27/><U43/><E26/><RYUUKYOKU ba="1,2" sc="240,10,270,-30,230,10,240,10" hai0="50,54,125,127" hai2="16,22,25,51,53,57,72,73,86,88,97,103,105" hai3="20,24,28,113,114,124,126" /><INIT seed="2,2,2,4,1,30" ten="250,240,240,250" oya="2" hai0="43,85,63,21,20,132,82,54,90,110,3,125,11" hai1="98,100,103,78,33,26,18,1,68,25,7,57,129" hai2="9,73,88,61,47,80,74,92,12,10,27,93,19" hai3="48,34,23,69,71,89,127,131,56,109,66,114,104"/><V67/><F74/><W42/><G34/><T5/><D110/><U46/><E68/><V17/><F73/><W22/><G104/><T123/><D123/><U97/><E78/><V96/><F80/><W112/><G109/><T135/><D125/><U107/><E33/><V133/><F133/><N who="0" m="51274" /><D43/><U62/><E46/><V101/><F47/><N who="3" m="25719" /><G127/><T87/><D87/><U0/><E18/><V15/><F27/><W76/><G76/><T86/><D86/><U118/><E118/><V55/><F55/><W13/><G131/><T84/><D84/><U65/><E129/><V115/><F115/><N who="3" m="44075" /><G89/><T77/><D90/><U130/><E130/><V14/><F93/><W41/><G41/><T52/><D54/><U29/><E7/><V124/><F124/><W45/><G45/><T8/><D8/><U38/><E38/><V40/><F40/><W119/><G119/><T108/><D108/><U116/><E116/><V134/><F134/><W59/><G66/><T126/><D126/><U37/><E37/><V91/><F15/><W24/><G71/><AGARI ba="2,2" hai="9,10,12,14,17,19,61,67,71,88,91,92,96,101" machi="71" ten="30,5800,0" yaku="7,1,9,1,54,1" doraHai="30" who="2" fromWho="3" sc="250,0,240,0,240,84,250,-64" /><INIT seed="2,3,0,2,4,35" ten="250,240,324,186" oya="2" hai0="94,40,101,71,114,46,32,3,48,16,131,26,13" hai1="130,44,49,120,129,105,28,15,121,115,96,77,132" hai2="1,27,133,126,5,43,107,72,37,103,39,62,12" hai3="18,54,73,45,22,111,128,79,70,42,8,21,31"/><V50/><F72/><W57/><G111/><T104/><D114/><U53/><E115/><V86/><F12/><W24/><G128/><N who="1" m="49258" /><E132/><V41/><F62/><W34/><G70/><T112/><D112/><U109/><E109/><V36/><F86/><W124/><G124/><T52/><D131/><U95/><E105/><V82/><F82/><W30/><G30/><T134/><D134/><U100/><E77/><V68/><F68/><W10/><G79/><T108/><D71/><U99/><E28/><V64/><F64/><W92/><G73/><T135/><D135/><U23/><E99/><V75/><F75/><W2/><G92/><T14/><D104/><U125/><E125/><V20/><F50/><N who="3" m="26935" /><G34/><T93/><D108/><U91/><E100/><V83/><F83/><W78/><G2/><T11/><D101/><U38/><E38/><V102/><F102/><W59/><G78/><T87/><D3/><U98/><E98/><V51/><F103/><W106/><G106/><T119/><D119/><U7/><E7/><V67/><F107/><W6/><G6/><N who="0" m="3319" /><D32/><U117/><E117/><V19/><F133/><W97/><G97/><T110/><D110/><U47/><E47/><V113/><F126/><W58/><G54/><T76/><D40/><U4/><E4/><V9/><F113/><W60/><G60/><T55/><D55/><U90/><E90/><V123/><F41/><W17/><G31/><T85/><D76/><U81/><E81/><V74/><F74/><W84/><G84/><N who="0" m="32331" /><D26/><AGARI ba="3,0" hai="8,10,17,18,21,22,24,26,57,58,59" m="26935" machi="26" ten="30,1000,0" yaku="8,1" doraHai="35" who="3" fromWho="0" sc="250,-19,240,0,324,0,186,19" /><INIT seed="3,0,0,0,1,54" ten="231,240,324,205" oya="3" hai0="79,132,35,57,16,36,39,19,13,29,21,43,101" hai1="62,5,94,4,88,97,123,1,58,17,110,107,82" hai2="73,38,10,8,77,20,135,24,2,69,108,80,53" hai3="63,74,56,90,134,87,113,68,14,22,37,7,119"/><W121/><G113/><T129/><D132/><U48/><E107/><V83/><F69/><W122/><G119/><T86/><D101/><U116/><E110/><V91/><F108/><W81/><G134/><T93/><D129/><U50/><E123/><V89/><F38/><W27/><G37/><T109/><D109/><U92/><E1/><V11/><F2/><W47/><G68/><T60/><D35/><U55/><E116/><V130/><F130/><W64/><G74/><T85/><D29/><U96/><E82/><V84/><F135/><W0/><G0/><T34/><D34/><U12/><E4/><V104/><F104/><W128/><G128/><T106/><D106/><U98/><E5/><V23/><F89/><W112/><G112/><T32/><D32/><U51/><E94/><V120/><F120/><W95/><G47/><T33/><D33/><U9/><AGARI ba="0,0" hai="9,12,17,48,50,51,55,58,62,88,92,96,97,98" machi="9" ten="30,7900,0" yaku="0,1,8,1,52,1,54,1" doraHai="54" who="1" fromWho="1" sc="231,-20,240,79,324,-20,205,-39" owari="211,-18.9,319,41.9,304,10.4,166,-33.4" /></mjloggm>