<mjloggm ver="2.3"><GO type="225" lobby="0"/><UN n0="%72%61%6B%33" n1="%E5%AF%82%E5%AF%9E%E3%82%AE%E3%83%8D%E3%82%B9%E3%83%93%E3%83%BC%E3%83%AB" n2="%E3%82%82%E3%81%90%E3%82%89" n3="%E3%83%AD%E3%83%83%E3%83%86%E9%9B%80%E7%90%83" dan="18,16,17,17" rate="2243.03,2134.24,2234.92,2201.09" sx="M,M,M,M"/><TAIKYOKU oya="0"/><INIT seed="0,0,0,5,5,90" ten="250,250,250,250" oya="0" hai0="126,2,72,76,14,116,35,19,23,62,25,65,0" hai1="120,16,54,115,17,26,50,69,118,107,94,122,31" hai2="7,70,80,61,92,12,81,53,103,128,88,75,132" hai3="117,78,79,77,127,13,82,83,15,87,56,58,8"/><T4/><D116/><U49/><E107/><V104/><F128/><W85/><G127/><T112/><D126/><U114/><E69/><V34/><F34/><W46/><G117/><T71/><D112/><N who="1" m="43051" /><E118/><V111/><F111/><W95/><G78/><T6/><D6/><U24/><E94/><V59/><F132/><W109/><G109/><T28/><REACH who="0" step="1"/><D4/><REACH who="0" ten="240,250,250,250" step="2"/><U10/><E122/><V74/><F74/><W52/><G95/><T39/><D39/><U11/><E120/><V27/><F75/><W64/><G64/><T102/><D102/><U32/><E49/><V5/><F5/><N who="3" m="3215" /><G15/><T38/><D38/><U48/><E48/><AGARI ba="0,1" hai="46,48,52,56,58,77,79,82,83,85,87" m="3215" machi="48" ten="30,2000,0" yaku="8,1,54,1" doraHai="90" who="3" fromWho="1" sc="240,0,250,-20,250,0,250,30" /><INIT seed="1,0,0,3,3,75" ten="240,230,250,280" oya="1" hai0="77,96,36,116,124,129,35,127,27,21,40,47,99" hai1="25,81,29,76,121,106,83,18,110,78,126,37,119" hai2="107,66,2,93,41,92,23,30,87,55,32,135,90" hai3="54,42,97,101,64,80,38,34,79,4,11,132,9"/><U117/><E121/><V26/><F107/><W134/><G34/><T15/><D116/><U48/><E37/><V123/><F123/><W46/><G64/><T63/><D129/><U62/><E106/><V28/><F2/><W7/><G54/><T43/><D35/><U13/><E126/><V5/><F5/><W57/><G57/><T20/><D15/><U19/><E62/><V69/><F135/><N who="3" m="51755" /><G7/><T105/><D63/><U108/><E48/><V113/><F41/><W85/><G4/><T102/><D99/><U65/><E65/><V82/><F113/><W58/><G58/><T130/><D130/><U50/><E50/><V8/><F8/><W112/><G112/><T17/><D40/><U59/><E59/><V14/><F55/><W6/><G6/><T84/><REACH who="0" step="1"/><D21/><REACH who="0" ten="230,230,250,280" step="2"/><U98/><E98/><V71/><F14/><W10/><G10/><T128/><D128/><U0/><E0/><V45/><F23/><W16/><G9/><T122/><D122/><U115/><E115/><V100/><F32/><W67/><G11/><T60/><D60/><U86/><E117/><V133/><F133/><W94/><G67/><T88/><D88/><U53/><E119/><V44/><F90/><W33/><G33/><T56/><D56/><U131/><E131/><V39/><F66/><W120/><G120/><T91/><D91/><U24/><E13/><V52/><F69/><W89/><G89/><T31/><D31/><U73/><E29/><V125/><F71/><W51/><G16/><N who="1" m="6186" /><E53/><V103/><F52/><W1/><G1/><T114/><D114/><U3/><E3/><RYUUKYOKU ba="0,1" sc="230,10,230,10,250,-30,280,10" hai0="17,20,27,36,43,47,77,84,96,102,105,124,127" hai1="24,25,73,76,78,81,83,86,108,110" hai3="38,42,46,51,79,80,85,94,97,101" /><INIT seed="1,1,1,5,1,98" ten="240,240,220,290" oya="1" hai0="118,124,26,126,21,77,113,24,93,82,117,70,71" hai1="47,107,86,122,67,23,0,85,110,135,112,14,43" hai2="1,2,96,90,28,56,134,62,50,87,17,81,13" hai3="121,34,64,19,101,51,39,73,41,25,10,46,133"/><U20/><E112/><V6/><F134/><W38/><G121/><T92/><D82/><U74/><E74/><V78/><F28/><W88/><G73/><T40/><D40/><U31/><E0/><V100/><F50/><W109/><G109/><T15/><D15/><U128/><E122/><V9/><F17/><W66/><G133/><T42/><D42/><U16/><E107/><V27/><F27/><N who="0" m="10282" /><D21/><U119/><E119/><N who="0" m="45577" /><D77/><U75/><E75/><V53/><REACH who="2" step="1"/><F78/><REACH who="2" ten="240,240,210,290" step="2"/><W91/><G19/><T80/><D113/><U69/><E16/><V61/><F61/><W11/><G25/><T54/><D80/><U3/><E31/><V57/><F57/><W99/><G51/><T37/><D37/><U52/><E135/><V18/><F18/><W129/><G39/><T45/><D45/><U97/><E47/><V29/><F29/><W120/><G38/><T104/><D70/><U4/><E69/><V116/><F116/><W55/><G46/><T125/><D71/><U30/><E30/><V94/><AGARI ba="1,2" hai="1,2,6,9,13,53,56,62,81,87,90,94,96,100" machi="94" ten="20,5200,0" yaku="1,1,0,1,7,1,52,1,53,0" doraHai="98" doraHaiUra="103" who="2" fromWho="2" sc="240,-14,240,-27,210,75,290,-14" /><INIT seed="2,0,0,4,1,23" ten="226,213,285,276" oya="2" hai0="80,122,133,103,124,42,70,131,90,126,101,86,135" hai1="76,33,35,41,27,82,78,24,108,99,17,14,59" hai2="5,125,26,60,2,45,71,132,128,113,54,120,65" hai3="57,95,127,38,31,89,49,28,129,30,81,15,94"/><V66/><F120/><W74/><G38/><T51/><D70/><U119/><E119/><V91/><F113/><W36/><G36/><T87/><D42/><U44/><E108/><V32/><F128/><W88/><G127/><N who="0" m="48683" /><D51/><N who="1" m="27023" /><E35/><V112/><F112/><W100/><G129/><T10/><D10/><N who="1" m="6359" /><E33/><V4/><F125/><W63/><G49/><T73/><D131/><U107/><E107/><V110/><F110/><W29/><G29/><T117/><D73/><U109/><E109/><V64/><F132/><N who="0" m="50762" /><D117/><U11/><E99/><V8/><F4/><W85/><G100/><N who="0" m="38475" /><D86/><N who="1" m="48455" /><E78/><V46/><F71/><W3/><G3/><T21/><D21/><U0/><E0/><V116/><F116/><W111/><G111/><T130/><D130/><U22/><E22/><V13/><F2/><W47/><G74/><T1/><D1/><U53/><E11/><V93/><F32/><W19/><G85/><T118/><D118/><U123/><E123/><AGARI ba="0,0" hai="80,87,90,122,123" m="38475,50762,48683" machi="123" ten="40,8000,1" yaku="18,1,20,1,34,2" doraHai="23" who="0" fromWho="1" sc="226,80,213,-80,285,0,276,0" /><INIT seed="3,0,0,4,0,77" ten="306,133,285,276" oya="3" hai0="72,9,1,59,125,84,99,124,127,130,43,17,104" hai1="121,103,82,70,40,65,22,4,2,117,44,61,19" hai2="89,6,0,32,79,73,31,51,112,16,100,66,98" hai3="49,18,38,36,53,48,97,46,7,35,115,5,64"/><W24/><G115/><T23/><D72/><U30/><E121/><V10/><F112/><W126/><G126/><T60/><D130/><U13/><E117/><V135/><F66/><W113/><G113/><T106/><D43/><U62/><E103/><V114/><F114/><W20/><G35/><T75/><D75/><U111/><E111/><V109/><F109/><W85/><G64/><N who="0" m="38943" /><D84/><U37/><E62/><V110/><F110/><W27/><G97/><T108/><D108/><U25/><E2/><V39/><F39/><W95/><G38/><T14/><D99/><U3/><E3/><V63/><F63/><W67/><G36/><T94/><D94/><U128/><E128/><V131/><F131/><W68/><G67/><T86/><D86/><U42/><E42/><V69/><F69/><W33/><G68/><T133/><D133/><U80/><REACH who="1" step="1"/><E4/><AGARI ba="0,0" hai="1,4,9,14,17,23,104,106,124,125,127" m="38943" machi="4" ten="30,1000,0" yaku="18,1" doraHai="77" who="0" fromWho="1" sc="306,10,133,-10,285,0,276,0" owari="316,41.6,123,-37.7,285,8.5,276,-12.4" /></mjloggm>