<mjloggm ver="2.3"><GO type="225" lobby="0"/><UN n0="%E3%81%8F%E3%81%BE%E3%81%96%E3%82%8F" n1="%66%72%61%63%74%75%72%65" n2="%72%61%6B%33" n3="%E3%81%A9%E3%82%8F%E3%82%93%E3%81%94" dan="16,16,16,16" rate="2051.89,2035.34,2209.07,2197.12" sx="M,M,M,M"/><TAIKYOKU oya="0"/><INIT seed="0,0,0,4,1,87" ten="250,250,250,250" oya="0" hai0="61,77,31,80,10,86,102,11,41,113,122,104,128" hai1="60,15,99,132,55,4,36,46,45,114,79,18,124" hai2="118,66,17,115,83,109,40,44,133,14,58,121,125" hai3="32,33,84,30,64,38,68,103,95,88,59,69,53"/><T25/><D113/><U5/><E132/><V63/><F109/><W52/><G38/><T105/><D122/><U93/><E114/><V82/><F115/><W81/><G69/><T92/><D128/><U126/><E79/><V35/><F121/><W43/><G68/><T39/><D39/><U120/><E120/><V108/><F108/><W127/><G127/><N who="1" m="48682" /><E45/><V51/><F125/><W119/><G43/><T24/><D41/><N who="1" m="22823" /><E60/><V56/><F133/><W37/><G37/><T91/><D61/><U90/><E55/><V112/><F112/><W76/><G119/><T13/><D102/><U2/><E2/><V12/><F118/><W57/><G30/><T16/><D10/><AGARI ba="0,0" hai="4,5,10,15,18,90,93,99" m="22823,48682" machi="10" ten="30,2000,0" yaku="18,1,52,1" doraHai="87" who="1" fromWho="0" sc="250,-20,250,20,250,0,250,0" /><INIT seed="1,0,0,3,5,8" ten="230,270,250,250" oya="1" hai0="112,37,77,60,85,3,78,65,116,11,81,67,12" hai1="106,22,43,130,127,45,124,53,25,86,109,91,35" hai2="133,71,129,42,10,76,30,62,4,59,101,131,38" hai3="61,27,23,32,34,125,104,105,56,0,72,82,97"/><U74/><E74/><V96/><F133/><W114/><G125/><T50/><D112/><U9/><E130/><V2/><F30/><W115/><G0/><T19/><D116/><U134/><E134/><V107/><F76/><W113/><G72/><T1/><D37/><U135/><E135/><V66/><REACH who="2" step="1"/><F59/><REACH who="2" ten="230,270,240,250" step="2"/><W26/><G115/><T83/><D1/><U21/><E124/><V121/><F121/><W100/><G114/><T123/><D3/><U128/><E127/><V122/><F122/><W17/><G113/><T47/><D123/><U120/><E120/><V36/><F36/><W5/><G34/><T58/><D78/><U20/><E128/><V89/><F89/><W40/><G32/><T29/><D29/><U57/><E35/><V95/><F95/><W119/><G119/><T39/><D39/><U111/><E91/><V55/><F55/><W69/><G56/><T15/><D83/><U46/><E57/><V18/><F18/><W14/><G82/><T84/><D81/><U16/><E53/><V6/><F6/><W41/><G104/><T49/><D77/><U117/><E106/><V70/><F70/><W94/><G105/><T68/><D68/><U93/><E117/><V88/><F88/><W75/><G5/><N who="0" m="3183" /><D50/><U79/><E79/><V108/><F108/><W90/><G75/><T51/><D49/><U54/><E109/><V92/><F92/><N who="3" m="58407" /><G69/><T98/><D51/><U102/><E111/><V126/><F126/><W99/><G61/><T7/><D7/><U24/><E93/><V80/><F80/><W73/><G73/><T63/><D60/><RYUUKYOKU ba="0,1" sc="230,-15,270,-15,240,15,250,15" hai2="2,4,10,38,42,62,66,71,96,101,107,129,131" hai3="14,17,23,26,27,40,41,90,94,99" /><INIT seed="2,1,1,5,4,94" ten="215,255,255,265" oya="2" hai0="25,9,46,83,89,103,53,64,112,19,130,58,75" hai1="13,62,21,41,113,11,73,23,110,126,82,59,79" hai2="100,2,56,117,35,7,84,24,65,116,70,34,127" hai3="74,87,115,97,44,42,80,61,86,27,85,32,133"/><V8/><F127/><W48/><G133/><T5/><D112/><U51/><E126/><V104/><F56/><W134/><G115/><T0/><D130/><U131/><E113/><V45/><F84/><W49/><G134/><T16/><D103/><U111/><E131/><V118/><F45/><W122/><G122/><T77/><D64/><N who="1" m="39007" /><E51/><V37/><F37/><W3/><G3/><T81/><D25/><U15/><E41/><V52/><F52/><W12/><G61/><T67/><D67/><U91/><E91/><V93/><F93/><W4/><G49/><T55/><D89/><U22/><E11/><V99/><REACH who="2" step="1"/><F24/><REACH who="2" ten="215,255,245,265" step="2"/><W14/><G44/><T40/><D83/><U68/><E68/><V120/><F120/><W60/><G27/><T63/><D55/><U119/><E82/><V43/><F43/><W6/><G80/><T88/><D88/><U123/><E123/><V109/><F109/><W105/><G60/><AGARI ba="1,2" hai="2,7,8,34,35,60,65,70,99,100,104,116,117,118" machi="60" ten="40,12000,1" yaku="1,1,23,2,52,1,53,1" doraHai="94" doraHaiUra="101" who="2" fromWho="3" sc="215,0,255,0,245,143,265,-123" /><INIT seed="2,2,0,2,4,91" ten="215,255,388,142" oya="2" hai0="25,119,17,13,32,105,86,73,31,82,104,30,92" hai1="81,52,135,62,40,7,71,44,6,113,42,79,80" hai2="124,83,116,93,122,26,121,114,2,45,84,133,41" hai3="48,46,87,64,57,100,18,29,120,28,21,15,103"/><V23/><F114/><W109/><G109/><T134/><D119/><U63/><E113/><V16/><F116/><W88/><G120/><T123/><D123/><U108/><E135/><V43/><F133/><W9/><G64/><T90/><D134/><U75/><E108/><V67/><F124/><W131/><G131/><T77/><REACH who="0" step="1"/><D31/><REACH who="0" ten="205,255,388,142" step="2"/><N who="3" m="11849" /><G9/><AGARI ba="2,1" hai="9,13,17,25,30,32,73,77,82,86,90,92,104,105" machi="9" ten="30,7700,0" yaku="1,1,7,1,52,1,53,1" doraHai="91" doraHaiUra="85" who="0" fromWho="3" sc="205,93,255,0,388,0,142,-83" /><INIT seed="3,0,0,3,5,49" ten="298,255,388,59" oya="3" hai0="16,39,106,124,37,134,62,94,130,6,135,121,85" hai1="35,125,129,43,10,107,56,133,95,48,12,36,73" hai2="71,58,102,77,70,119,53,52,103,84,108,111,89" hai3="42,44,126,14,96,55,11,47,109,3,33,54,75"/><W97/><G126/><T116/><D116/><U17/><E107/><V13/><F77/><W114/><G114/><T0/><D121/><U18/><E129/><V21/><F119/><W87/><G3/><T82/><D106/><U20/><E35/><V63/><F53/><N who="3" m="19979" /><G75/><T117/><D130/><U76/><E36/><V98/><F70/><W67/><G33/><T51/><D117/><U34/><E56/><V74/><F71/><W80/><G67/><T132/><D124/><U110/><E34/><V30/><F74/><W112/><G109/><T105/><D105/><U5/><E125/><V100/><F111/><W128/><G128/><T131/><D131/><U65/><E110/><V8/><F108/><W4/><G112/><T31/><D0/><U59/><E65/><V1/><F1/><W23/><G23/><T81/><D37/><U91/><E20/><V25/><F98/><N who="3" m="37995" /><G42/><T113/><D39/><U104/><E104/><V69/><F69/><W86/><G86/><T29/><D113/><U61/><E43/><V22/><F22/><W46/><G47/><T101/><D134/><U26/><E133/><V7/><F102/><W15/><G15/><T68/><D68/><U66/><E12/><V41/><F41/><W127/><G127/><T72/><D135/><U92/><E66/><V32/><F32/><W27/><G27/><T38/><D38/><U115/><E26/><V90/><F84/><W64/><G64/><T118/><D132/><U88/><E115/><V122/><F122/><W45/><G46/><T93/><D118/><U2/><E73/><V50/><F21/><RYUUKYOKU type="nm" ba="0,0" sc="298,80,255,-20,388,-20,59,-40" hai3="4,11,14,44,45,80,87" /><INIT seed="3,1,0,0,1,108" ten="378,235,368,19" oya="3" hai0="88,7,95,85,100,92,122,38,134,15,14,13,103" hai1="31,19,123,33,9,110,93,2,109,113,130,1,72" hai2="77,58,112,118,37,60,102,117,66,116,23,94,101" hai3="132,64,105,128,11,53,84,89,6,17,70,71,54"/><W39/><G105/><T59/><D122/><U16/><E72/><V56/><F112/><W106/><G106/><T20/><D38/><U82/><E82/><V0/><F37/><W114/><G39/><T86/><D134/><U111/><E93/><N who="0" m="35913" /><D7/><N who="1" m="1263" /><E123/><V47/><F0/><W57/><G114/><T68/><D68/><U131/><E2/><V41/><F77/><W74/><G74/><T79/><D20/><U30/><E113/><V50/><F23/><W10/><G132/><T99/><D79/><U3/><E3/><V52/><REACH who="2" step="1"/><F94/><REACH who="2" ten="378,235,358,19" step="2"/><N who="3" m="54567" /><G128/><N who="1" m="49194" /><E33/><V120/><F120/><W40/><G71/><T55/><D99/><U28/><AGARI ba="1,1" hai="16,19,28,30,31,109,110,111" m="49194,1263" machi="28" ten="40,8000,1" yaku="14,1,19,1,34,2,54,1" doraHai="108" who="1" fromWho="1" sc="378,-21,235,93,358,-21,19,-41" owari="357,45.7,328,-7.2,337,13.7,-22,-52.2" /></mjloggm>