<mjloggm ver="2.3"><GO type="225" lobby="0"/><UN n0="%E3%81%82%E3%81%99%E3%81%AB%E3%82%83%E3%82%80" n1="%E9%89%A2%E5%B7%BB%E3%82%AC%E3%83%96" n2="%E3%81%BE%E3%81%A8%E3%81%9F" n3="%70%68%65%6E%6F%6D%65" dan="16,16,16,16" rate="2113.68,2046.61,2165.09,2129.96" sx="F,M,M,M"/><TAIKYOKU oya="0"/><INIT seed="0,0,0,0,2,133" ten="250,250,250,250" oya="0" hai0="77,52,116,33,50,55,2,93,35,10,125,129,126" hai1="29,107,94,109,32,98,132,39,25,34,63,74,62" hai2="97,8,61,56,45,110,78,17,114,67,127,58,108" hai3="21,18,123,112,119,14,64,122,88,84,26,105,3"/><T72/><D129/><U13/><E132/><V38/><F114/><W96/><G3/><T27/><D116/><U82/><E107/><V42/><F78/><W20/><G64/><T41/><D41/><U46/><E109/><N who="2" m="42091" /><F97/><W71/><G71/><T0/><D93/><U101/><E34/><N who="0" m="12809" /><D27/><U37/><E13/><N who="2" m="7335" /><F127/><N who="0" m="48650" /><D10/><U111/><E111/><V85/><F85/><W28/><G119/><T87/><D87/><U53/><E25/><V68/><AGARI ba="0,0" hai="38,42,45,56,58,61,67,68" m="7335,42091" machi="68" ten="30,1100,0" yaku="14,1" doraHai="133" who="2" fromWho="2" sc="250,-5,250,-3,250,11,250,-3" /><INIT seed="1,0,0,4,3,75" ten="245,247,261,247" oya="1" hai0="81,99,83,126,13,43,118,112,134,40,53,28,82" hai1="69,80,31,102,104,54,47,50,74,110,117,131,98" hai2="127,62,94,91,121,1,46,87,2,111,78,52,64" hai3="100,41,39,12,32,122,22,4,58,79,26,0,11"/><U113/><E113/><V6/><F121/><W16/><G122/><T109/><D112/><U21/><E117/><V88/><F111/><W135/><G100/><T20/><D109/><U73/><E110/><V92/><F127/><W85/><G135/><T49/><D118/><U35/><E131/><V17/><F17/><W57/><G39/><T125/><D134/><U60/><E21/><V77/><F2/><W97/><G97/><T44/><D99/><U103/><E103/><V76/><F6/><W24/><G41/><T66/><D66/><N who="1" m="41159" /><E80/><V84/><F1/><W95/><G26/><AGARI ba="0,0" hai="26,31,35,47,50,54,73,74,98,102,104" m="41159" machi="26" ten="30,1500,0" yaku="25,1" doraHai="75" who="1" fromWho="3" sc="245,0,247,15,261,0,247,-15" /><INIT seed="1,1,0,4,1,133" ten="245,262,261,232" oya="1" hai0="49,9,62,24,7,45,18,91,22,26,57,3,106" hai1="21,43,46,105,84,17,83,10,103,122,32,120,50" hai2="95,25,134,39,74,124,76,27,54,20,102,123,119" hai3="117,90,86,99,121,78,94,69,98,19,81,131,129"/><U4/><E32/><V47/><F119/><W11/><G69/><T127/><D106/><U44/><E44/><V51/><F123/><W1/><G19/><T118/><D118/><U108/><E108/><V12/><F134/><W55/><G117/><T109/><D109/><U77/><E103/><V75/><F39/><W38/><G38/><T36/><D36/><U115/><E105/><V87/><F75/><W30/><G30/><T33/><D127/><U13/><REACH who="1" step="1"/><E115/><REACH who="1" ten="245,252,261,232" step="2"/><V112/><F112/><W128/><G121/><T67/><D33/><U8/><E8/><V130/><F102/><W14/><G1/><AGARI ba="1,1" hai="1,4,10,13,17,21,43,46,50,77,83,84,120,122" machi="1" ten="30,2900,0" yaku="1,1,7,1,53,0" doraHai="133" doraHaiUra="97" who="1" fromWho="3" sc="245,0,252,42,261,0,232,-32" /><INIT seed="1,2,0,2,2,84" ten="245,294,261,200" oya="1" hai0="108,26,61,18,33,1,42,37,28,101,86,6,100" hai1="64,55,117,77,114,80,93,54,43,118,112,111,53" hai2="13,76,99,65,63,102,58,3,74,35,15,36,41" hai3="75,31,103,67,115,21,45,8,34,109,134,105,12"/><U66/><E93/><V96/><F3/><W90/><G115/><N who="1" m="44074" /><E80/><V30/><F76/><W47/><G75/><T19/><D108/><U135/><E77/><V107/><F74/><W49/><G34/><T113/><D113/><U85/><E85/><V110/><F110/><W123/><G123/><T11/><D61/><U83/><E83/><V122/><F122/><W39/><G67/><N who="1" m="25642" /><E111/><V25/><F41/><W56/><G134/><T87/><D87/><U81/><E81/><V0/><F36/><W17/><G39/><T50/><D37/><U82/><E82/><V38/><F38/><W132/><G132/><T57/><D86/><U119/><E43/><V91/><F0/><W78/><G78/><T120/><D42/><U32/><E32/><V60/><F60/><W121/><G121/><T23/><D18/><U51/><E135/><V24/><F25/><W128/><G103/><T126/><D120/><U9/><E9/><V97/><F97/><W88/><G105/><T92/><D92/><U44/><AGARI ba="2,0" hai="44,51,53,54,55,117,118,119" m="25642,44074" machi="44" ten="40,3900,0" yaku="34,2" doraHai="84" who="1" fromWho="1" sc="245,-15,294,45,261,-15,200,-15" /><INIT seed="1,3,0,2,2,21" ten="230,339,246,185" oya="1" hai0="98,19,0,44,81,121,84,111,8,69,95,128,80" hai1="129,68,96,85,57,4,31,36,119,25,103,99,90" hai2="110,3,53,65,14,17,47,29,66,79,134,118,125" hai3="54,105,115,33,74,46,108,92,133,13,56,45,34"/><U122/><E68/><V124/><F118/><W50/><G105/><T114/><D114/><U52/><E36/><V9/><F110/><W94/><G115/><T117/><D111/><U7/><E119/><V23/><F134/><W42/><G108/><T62/><D117/><U86/><E122/><V101/><F101/><W51/><G133/><T20/><D128/><U83/><E129/><V40/><F53/><W82/><G13/><T1/><D44/><U37/><E86/><V6/><F79/><W5/><G5/><T32/><D32/><U78/><E78/><V64/><REACH who="2" step="1"/><F29/><REACH who="2" ten="230,339,236,185" step="2"/><W48/><G74/><T38/><D121/><U16/><E103/><V43/><F43/><W28/><G28/><T61/><D61/><U63/><E31/><V58/><F58/><W18/><G33/><T91/><D62/><U131/><E131/><V2/><F2/><W104/><G34/><T24/><D0/><U100/><E100/><V72/><F72/><W71/><G71/><T70/><D69/><U60/><E60/><V88/><F88/><W26/><G104/><T27/><D1/><U41/><E41/><V93/><F93/><W102/><G102/><T116/><D70/><U77/><E77/><V87/><F87/><W89/><G89/><T55/><D91/><U107/><E107/><V73/><F73/><W135/><G135/><T123/><D84/><U113/><E113/><V11/><F11/><W76/><G76/><T30/><D116/><U59/><E90/><V10/><F10/><W12/><G42/><T39/><D123/><U15/><E85/><V49/><AGARI ba="3,1" hai="3,6,9,14,17,23,40,47,49,64,65,66,124,125" machi="49" ten="30,4000,0" yaku="1,1,5,1,0,1,53,0" doraHai="21" doraHaiUra="67" who="2" fromWho="2" sc="230,-13,339,-23,236,59,185,-13" /><INIT seed="2,0,0,2,2,12" ten="217,316,295,172" oya="2" hai0="20,2,75,76,109,1,24,40,134,54,125,44,17" hai1="34,5,36,114,112,27,42,135,19,131,46,58,16" hai2="60,94,63,13,49,67,102,87,91,45,70,77,50" hai3="57,53,30,128,88,120,121,73,113,103,74,7,85"/><V93/><F77/><W123/><G128/><T26/><D109/><U97/><E131/><V3/><F3/><W105/><G113/><T22/><D134/><U6/><E135/><V4/><F63/><W66/><G66/><T78/><D125/><U15/><E114/><V119/><F119/><W47/><G7/><T29/><D54/><U56/><E112/><V86/><F45/><W84/><G47/><T83/><REACH who="0" step="1"/><D76/><REACH who="0" ten="207,316,295,172" step="2"/><U126/><E126/><V39/><F67/><W117/><G117/><T110/><D110/><U18/><E97/><V52/><F52/><W38/><G38/><AGARI ba="0,1" hai="1,2,17,20,22,24,26,29,38,40,44,75,78,83" machi="38" ten="30,7700,0" yaku="1,1,7,1,52,1,53,1" doraHai="12" doraHaiUra="79" who="0" fromWho="3" sc="207,87,316,0,295,0,172,-77" /><INIT seed="3,0,0,3,0,68" ten="294,316,295,95" oya="3" hai0="67,26,119,50,2,28,52,134,102,65,48,34,112" hai1="38,132,0,41,31,43,78,7,103,1,14,81,30" hai2="105,89,121,110,129,125,17,27,95,94,63,39,123" hai3="80,35,100,11,58,128,106,82,22,130,74,20,4"/><W76/><G35/><T29/><D119/><U111/><E103/><V6/><F110/><W85/><G58/><T37/><D37/><U12/><E38/><V99/><F105/><W70/><G70/><T18/><D2/><U96/><E96/><V73/><F73/><W108/><G108/><T84/><D134/><U24/><E111/><V45/><F129/><N who="3" m="49771" /><G100/><T47/><D28/><U115/><E115/><V36/><F6/><W51/><G51/><T60/><D112/><U9/><E132/><V97/><F125/><W49/><G49/><T114/><D114/><U62/><E62/><V42/><F63/><W79/><G106/><T120/><D120/><N who="2" m="46154" /><F45/><W107/><G107/><T64/><D18/><U33/><E31/><V124/><F42/><W69/><G69/><T54/><D102/><U117/><E41/><V71/><F71/><W118/><G118/><T109/><D109/><U72/><E43/><V13/><F27/><W91/><G79/><T98/><D98/><U46/><E46/><V101/><F124/><W93/><G93/><T57/><D84/><U90/><E117/><V15/><F15/><AGARI ba="0,0" hai="4,11,15,20,22,74,76,80,82,85,91" m="49771" machi="15" ten="30,1500,0" yaku="19,1" doraHai="68" who="3" fromWho="2" sc="294,0,316,0,295,-15,95,15" /><INIT seed="3,1,0,4,2,37" ten="294,316,280,110" oya="3" hai0="69,99,1,35,52,0,25,44,57,91,108,66,119" hai1="75,70,84,113,83,55,19,6,31,49,98,11,47" hai2="18,122,67,107,111,28,110,127,59,51,40,96,78" hai3="131,73,5,9,42,60,87,48,29,117,100,94,27"/><W106/><G131/><T114/><D108/><N who="2" m="41514" /><F78/><W103/><G73/><T33/><D119/><U123/><E123/><V43/><F127/><W24/><G117/><T124/><D124/><U4/><E113/><V129/><F129/><W61/><G106/><T120/><D120/><U86/><E70/><V77/><F28/><W16/><G5/><N who="1" m="2154" /><E75/><V80/><F122/><W38/><G38/><T130/><D130/><U22/><E98/><V56/><F18/><W95/><G29/><T105/><D33/><U88/><E84/><N who="2" m="48143" /><F67/><W41/><G87/><T89/><D35/><U36/><E36/><V15/><F15/><N who="3" m="7279" /><G95/><T109/><D25/><N who="3" m="9801" /><G48/><T39/><D114/><U74/><E74/><V26/><F26/><W133/><G133/><T68/><D109/><U82/><E31/><V21/><F21/><W97/><G100/><T34/><D34/><U128/><E128/><V90/><F51/><W126/><G126/><T135/><D135/><U104/><E104/><V10/><F10/><W3/><G3/><T20/><D20/><U85/><E11/><V115/><F115/><W92/><G92/><T53/><D0/><U14/><E85/><V65/><F90/><W30/><G30/><T63/><D1/><U125/><E125/><V62/><F59/><W116/><G116/><T54/><D69/><U17/><E17/><V23/><F23/><W50/><G50/><T2/><D2/><U12/><E12/><V64/><F107/><W7/><G7/><T118/><D118/><U101/><E101/><V79/><F96/><W121/><G121/><T76/><D99/><U93/><AGARI ba="1,0" hai="14,19,22,47,49,55,82,83,86,88,93" m="2154" machi="93" ten="30,4000,0" yaku="5,1,8,1,54,1" doraHai="37" who="1" fromWho="1" sc="294,-11,316,43,280,-11,110,-21" owari="283,8.3,359,45.9,269,-13.1,89,-41.1" /></mjloggm>