<mjloggm ver="2.3"><GO type="225" lobby="0"/><UN n0="%E5%A4%96%E5%B7%9D%E7%AB%9C%E6%88%90" n1="%E3%83%B4%E3%82%A3%E3%83%AF%E3%82%B3%E3%82%B0%E3%83%8B" n2="%E5%80%89%E6%A9%8B%EF%BC%A0%E4%BA%8B%E5%8B%99" n3="%E3%81%9F%E3%81%93%E2%98%86%E7%84%BC%E3%81%8D" dan="16,16,16,16" rate="2094.48,2170.28,2103.48,2071.35" sx="M,M,M,M"/><TAIKYOKU oya="0"/><INIT seed="0,0,0,5,5,107" ten="250,250,250,250" oya="0" hai0="21,3,59,31,65,36,108,32,96,94,46,64,121" hai1="119,5,27,43,128,9,116,101,34,133,7,113,62" hai2="127,55,25,26,103,104,72,42,14,18,61,50,23" hai3="88,120,134,30,76,84,135,10,126,111,92,13,47"/><T38/><D121/><U29/><E128/><V28/><F127/><W83/><G30/><T117/><D117/><U86/><E133/><N who="3" m="50698" /><G126/><T125/><D3/><U58/><E113/><V6/><F42/><W131/><G47/><T77/><D65/><U112/><E101/><V52/><F6/><N who="3" m="3287" /><G131/><T39/><D32/><U114/><E86/><V79/><F26/><W81/><G111/><T16/><D108/><U20/><E43/><V99/><F61/><W71/><G71/><T100/><D77/><U22/><E62/><V4/><F4/><N who="1" m="1609" /><E9/><V45/><F55/><W33/><G33/><T90/><D125/><U67/><E67/><V40/><F40/><W12/><G12/><T106/><D31/><U74/><E74/><V132/><F132/><W75/><G120/><T98/><D64/><U1/><BYE who="0" /><E58/><V97/><F97/><UN n0="%E5%A4%96%E5%B7%9D%E7%AB%9C%E6%88%90" /><W35/><G35/><T123/><D59/><U37/><E37/><V11/><REACH who="2" step="1"/><F79/><REACH who="2" ten="250,250,240,250" step="2"/><W109/><G109/><T105/><D123/><U44/><E1/><V19/><F19/><W41/><G41/><T8/><D46/><U91/><E27/><V85/><F85/><W2/><G2/><T73/><D38/><U51/><E51/><V24/><F24/><W95/><AGARI ba="0,1" hai="75,76,81,83,84,88,92,95" m="3287,50698" machi="95" ten="30,4000,0" yaku="20,1,52,1,54,1" doraHai="107" who="3" fromWho="3" sc="250,-20,250,-10,240,-10,250,50" /><INIT seed="1,0,0,4,4,130" ten="230,240,230,300" oya="1" hai0="3,6,36,73,24,53,87,70,78,0,39,62,7" hai1="31,21,134,121,20,32,101,89,95,45,41,91,55" hai2="107,40,120,27,68,135,102,63,44,119,82,1,18" hai3="110,81,97,125,64,33,105,54,80,2,115,100,98"/><U94/><E121/><V79/><F119/><W90/><G33/><T48/><D73/><U49/><E134/><V103/><F120/><W116/><G2/><T42/><D24/><U109/><E109/><V15/><F1/><W111/><G64/><T85/><D78/><U93/><E101/><V50/><F27/><W61/><G61/><T86/><D36/><U126/><E126/><V113/><F113/><W65/><G65/><N who="0" m="41271" /><D7/><U8/><E32/><V128/><F128/><W74/><G54/><T14/><D14/><U17/><E31/><V13/><F13/><W5/><G115/><T10/><D10/><U28/><E28/><V83/><F68/><W22/><G22/><N who="1" m="8810" /><E41/><V88/><F40/><W47/><G5/><T60/><D60/><U35/><E35/><V96/><F63/><W29/><G29/><T19/><D19/><U106/><E106/><V51/><F18/><W132/><G125/><T123/><D6/><U129/><E129/><V104/><F15/><AGARI ba="0,0" hai="8,15,17,45,49,55,89,91,93,94,95" m="8810" machi="15" ten="30,1500,0" yaku="8,1" doraHai="130" who="1" fromWho="2" sc="230,0,240,15,230,-15,300,0" /><INIT seed="1,1,0,1,3,81" ten="230,255,215,300" oya="1" hai0="69,77,125,75,76,33,25,42,18,1,55,92,59" hai1="96,10,34,124,84,46,14,123,99,133,72,22,117" hai2="118,105,32,114,128,88,113,5,80,95,61,131,78" hai3="97,82,19,6,73,65,49,116,39,24,135,122,107"/><U120/><E34/><V121/><F32/><W74/><G39/><T64/><D1/><U17/><E72/><N who="2" m="43079" /><F5/><W60/><G6/><T11/><D125/><U109/><E133/><V67/><F61/><W45/><G122/><T47/><D75/><U41/><E124/><V44/><F44/><W104/><G135/><T66/><D92/><U83/><E109/><V79/><F67/><W30/><G19/><T102/><D102/><U129/><E129/><N who="2" m="49739" /><F121/><W106/><G82/><T12/><D66/><U40/><E117/><V111/><F118/><W127/><G97/><N who="1" m="37450" /><E123/><V27/><F27/><W35/><G127/><T112/><D64/><U15/><E120/><V0/><F0/><W36/><G36/><T4/><D69/><U13/><E46/><V86/><F111/><W115/><G116/><T108/><D108/><U100/><E100/><V37/><F37/><W101/><G101/><T119/><D119/><U20/><E20/><V52/><F52/><W70/><G45/><T50/><D33/><U26/><E10/><V7/><F7/><W68/><G49/><N who="0" m="31215" /><D112/><N who="2" m="43114" /><F79/><AGARI ba="1,0" hai="13,14,15,17,22,26,40,41,79,83,84" m="37450" machi="79" ten="30,2900,0" yaku="8,1,52,1" doraHai="81" who="1" fromWho="2" sc="230,0,255,32,215,-32,300,0" /><INIT seed="1,2,0,4,0,49" ten="230,287,183,300" oya="1" hai0="95,26,35,51,24,70,1,11,92,50,130,97,42" hai1="83,25,69,9,12,75,80,107,8,82,0,121,68" hai2="63,31,43,113,93,62,5,125,13,104,127,27,60" hai3="66,58,28,111,134,61,16,36,34,22,89,116,65"/><U14/><E75/><V114/><F104/><W98/><G36/><T132/><D70/><U67/><E121/><V37/><F93/><W128/><G111/><T15/><D1/><U87/><E87/><V38/><F13/><W18/><G134/><T77/><D35/><U112/><E112/><N who="2" m="43115" /><F5/><W81/><G128/><T4/><D132/><U30/><E107/><V88/><F27/><W64/><G18/><T126/><D126/><N who="2" m="48138" /><F31/><W56/><G116/><T79/><D95/><U48/><E0/><V74/><F88/><W41/><G98/><T19/><D26/><U110/><E110/><V108/><F74/><W52/><G89/><T122/><D130/><U101/><E101/><V120/><F108/><W119/><G81/><T10/><D24/><U47/><E14/><V57/><F120/><W40/><G119/><T94/><D94/><U78/><E78/><V96/><F96/><W20/><G28/><T133/><D133/><U124/><E124/><V84/><F84/><W6/><G20/><T21/><D21/><U73/><E73/><V90/><F90/><W2/><G6/><T23/><D23/><U55/><E12/><V76/><F76/><N who="0" m="29258" /><D122/><U7/><E83/><V59/><F43/><N who="3" m="16459" /><G34/><T105/><D42/><U123/><E123/><V29/><F29/><W71/><G2/><N who="0" m="279" /><D105/><U86/><E82/><V39/><AGARI ba="2,0" hai="37,38,39,57,59,60,62,63" m="48138,43115" machi="39" ten="50,12000,2" yaku="28,2,11,1,18,1,34,2" doraHai="49" who="2" fromWho="2" sc="230,-32,287,-62,183,126,300,-32" /><INIT seed="2,0,0,4,1,100" ten="198,225,309,268" oya="2" hai0="74,129,61,75,16,21,82,35,17,72,69,56,120" hai1="78,47,119,20,92,59,126,19,135,86,49,28,127" hai2="52,39,111,25,42,60,8,117,101,76,122,108,6" hai3="97,11,14,2,0,105,5,57,64,85,70,87,44"/><V27/><F117/><W115/><G115/><T91/><D120/><U45/><E119/><V109/><F122/><W94/><G70/><T29/><D69/><U4/><E135/><V31/><F76/><W110/><G110/><T41/><D129/><U51/><E28/><V106/><F42/><W22/><G44/><N who="1" m="16970" /><E4/><V18/><F39/><W15/><G105/><T80/><D41/><U68/><E68/><V67/><F18/><N who="3" m="10583" /><G0/><T128/><D128/><U104/><E104/><V83/><F83/><W32/><G32/><T10/><D10/><U77/><E92/><V88/><F67/><W118/><G2/><T107/><D107/><U30/><E30/><V58/><F88/><N who="3" m="55495" /><G118/><T48/><D48/><U38/><E38/><V116/><F116/><W3/><G3/><T13/><D17/><U95/><E51/><V124/><F31/><W103/><G103/><T134/><D134/><U102/><E102/><V133/><F133/><W84/><G57/><T37/><D37/><U114/><E114/><V9/><F124/><W55/><G55/><T81/><D29/><U24/><E127/><V26/><F6/><W12/><G12/><T71/><D71/><U46/><E59/><V96/><AGARI ba="0,0" hai="8,9,25,26,27,52,58,60,96,101,106,108,109,111" machi="96" ten="40,12000,1" yaku="0,1,14,1,10,1,52,1,54,1" doraHai="100" who="2" fromWho="2" sc="198,-40,225,-40,309,120,268,-40" /><INIT seed="2,1,0,4,0,35" ten="158,185,429,228" oya="2" hai0="84,55,50,90,33,22,27,112,45,78,49,125,105" hai1="43,6,38,113,128,73,80,115,72,51,124,8,48" hai2="21,17,32,126,88,47,62,37,54,123,41,76,110" hai3="135,89,95,46,108,81,4,11,10,100,133,103,104"/><V130/><F123/><W93/><G108/><T44/><D112/><U18/><E18/><V42/><F32/><W131/><G46/><T23/><D125/><U56/><E124/><V13/><F126/><W40/><G40/><T111/><D111/><U69/><E69/><V102/><F110/><W94/><G11/><T58/><D105/><U5/><E128/><V71/><F130/><W28/><G28/><T36/><D36/><U34/><E34/><V25/><F41/><W39/><G39/><T52/><D78/><U107/><E107/><V87/><F102/><W85/><G131/><T65/><D33/><U117/><E117/><V57/><F71/><W106/><G10/><T92/><D27/><U68/><E68/><V120/><F120/><W67/><G67/><T99/><D99/><U2/><E6/><V1/><F1/><W20/><G4/><T134/><D134/><N who="3" m="51209" /><G20/><T66/><D66/><U101/><E38/><V16/><F76/><W97/><G81/><T60/><AGARI ba="1,0" hai="22,23,44,45,49,50,52,55,58,60,65,84,90,92" machi="60" ten="30,7900,0" yaku="0,1,9,1,8,1,54,1" doraHai="35" who="0" fromWho="0" sc="158,82,185,-21,429,-40,228,-21" /><INIT seed="3,0,0,0,0,48" ten="240,164,389,207" oya="3" hai0="21,30,15,80,62,128,78,131,81,74,101,64,39" hai1="90,114,103,77,26,54,119,9,96,32,79,71,121" hai2="5,13,41,18,84,45,75,98,107,82,14,46,130" hai3="104,129,31,24,66,57,53,108,91,100,105,34,47"/><W50/><G129/><N who="0" m="49739" /><D39/><U55/><E121/><V37/><F75/><W40/><G108/><T73/><D101/><U7/><E114/><V70/><F70/><W68/><G91/><T120/><D120/><U87/><E71/><V88/><F5/><W89/><G89/><T133/><D133/><U6/><E119/><V117/><F117/><W59/><G59/><N who="0" m="36959" /><D15/><U10/><E26/><V51/><F130/><W125/><G125/><T92/><D92/><N who="1" m="58759" /><E32/><V23/><F107/><W116/><G116/><T95/><D95/><N who="1" m="54751" /><E6/><V2/><F2/><W93/><G93/><T25/><D80/><U86/><E7/><V113/><F98/><W118/><G118/><T35/><D73/><U109/><E109/><V38/><F113/><W94/><G94/><T106/><D21/><U52/><E86/><V20/><F46/><W60/><G100/><T132/><D132/><U44/><E44/><V135/><F135/><W97/><G97/><T56/><D56/><U110/><E110/><V19/><AGARI ba="0,0" hai="13,14,18,19,20,23,37,38,41,45,51,82,84,88" machi="19" ten="30,4000,0" yaku="0,1,9,1,54,1" doraHai="48" who="2" fromWho="2" sc="240,-10,164,-10,389,40,207,-20" owari="230,3.0,154,-34.6,429,52.9,187,-21.3" /></mjloggm>