<mjloggm ver="2.3"><GO type="225" lobby="0"/><UN n0="%E3%81%B5%E3%81%98%E3%81%8B%E3%81%A4" n1="%E6%A0%B9%E5%85%83%E3%81%8B%E3%82%89%E5%90%B9%E3%81%A3%E9%A3%9B%E3%81%B6" n2="%E3%83%8F%E3%83%B3%E3%83%89%E3%83%A9%E3%83%BC%E3%83%BB%E3%83%AF%E3%83%B3" n3="%E3%81%BF%E3%81%BF%E3%81%9A" dan="16,17,16,17" rate="2165.72,2161.65,2182.16,2241.89" sx="M,F,M,M"/><TAIKYOKU oya="0"/><INIT seed="0,0,0,2,0,41" ten="250,250,250,250" oya="0" hai0="93,82,79,114,108,43,62,9,57,5,15,126,105" hai1="53,46,83,66,69,67,10,78,58,55,0,131,14" hai2="1,77,90,50,71,134,101,6,84,34,28,12,63" hai3="7,20,22,23,30,128,48,36,123,135,13,120,110"/><T122/><D114/><U25/><E131/><V51/><F1/><W47/><G36/><T88/><D122/><N who="3" m="46633" /><G128/><T118/><D126/><U17/><E69/><V33/><F77/><W100/><G110/><T133/><D118/><U24/><E0/><V27/><F34/><W32/><G100/><T132/><D105/><U124/><E124/><V16/><F6/><W49/><G135/><T95/><D108/><U56/><E78/><V73/><F73/><W86/><G86/><T112/><D112/><U117/><E83/><V91/><F101/><W31/><G49/><T19/><D43/><U59/><E117/><V130/><F134/><W81/><G81/><T72/><D95/><U113/><E113/><V104/><F104/><W92/><G92/><T2/><D2/><U109/><E109/><V119/><F119/><W35/><G13/><T39/><D5/><U75/><E75/><V103/><F103/><W116/><G7/><T68/><D68/><U80/><E55/><V125/><F130/><W64/><G64/><N who="1" m="24618" /><E80/><V127/><F127/><W106/><G116/><T26/><D39/><U129/><E129/><V94/><F125/><W61/><G61/><T115/><D115/><U74/><E74/><V99/><F63/><W54/><G106/><T29/><D62/><U107/><E107/><V3/><F3/><W76/><G76/><T70/><D70/><U37/><E37/><V102/><F71/><W89/><G89/><N who="2" m="33801" /><F84/><W111/><G111/><T18/><D133/><U52/><E53/><V8/><F102/><W38/><G38/><T98/><D132/><U87/><E87/><RYUUKYOKU ba="0,0" sc="250,-30,250,10,250,10,250,10" hai1="10,14,17,24,25,46,52,56,58,59" hai2="8,12,16,27,28,33,50,51,94,99" hai3="20,22,23,30,31,32,35,47,48,54" /><INIT seed="1,1,0,1,5,73" ten="220,260,260,260" oya="1" hai0="52,45,24,118,90,48,106,85,30,65,103,38,9" hai1="42,37,44,131,79,92,133,31,76,17,94,126,111" hai2="69,70,135,22,56,107,116,8,18,102,64,89,109" hai3="104,80,87,60,3,0,7,46,72,114,123,23,5"/><U125/><E131/><V39/><F116/><W51/><G123/><T2/><D118/><U82/><E133/><V78/><F39/><W128/><G114/><T1/><D65/><U88/><E31/><V57/><F135/><W63/><G104/><T58/><D106/><U27/><E111/><V120/><F120/><W35/><G35/><T53/><D103/><U21/><E94/><V95/><F109/><W112/><G72/><T100/><D100/><U96/><E82/><V99/><F8/><W50/><G112/><T49/><D9/><U134/><E134/><V15/><F78/><N who="3" m="46487" /><G0/><T113/><D38/><U74/><REACH who="1" step="1"/><E74/><REACH who="1" ten="220,250,260,260" step="2"/><V16/><F107/><W66/><G128/><T25/><D113/><U32/><E32/><V26/><F102/><W132/><G132/><T4/><D30/><U67/><E67/><V6/><F64/><W108/><G108/><T36/><D1/><U86/><E86/><V59/><F6/><W119/><G3/><T129/><D2/><U93/><E93/><V55/><F70/><W117/><G119/><T61/><D4/><U14/><E14/><V83/><F69/><W54/><G117/><T19/><D129/><U121/><E121/><V28/><F83/><W40/><G66/><T97/><D85/><U29/><E29/><V105/><F105/><W122/><G122/><T34/><D34/><U110/><E110/><V101/><F101/><W13/><G5/><T71/><D71/><U130/><E130/><V62/><F15/><W75/><G75/><T20/><D97/><U11/><E11/><V84/><F99/><W43/><G7/><RYUUKYOKU ba="1,1" sc="220,-15,250,15,260,15,260,-15" hai1="17,21,27,37,42,44,76,79,88,92,96,125,126" hai2="16,18,22,26,28,55,56,57,59,62,84,89,95" /><INIT seed="1,2,1,5,5,39" ten="205,265,275,245" oya="1" hai0="78,131,8,28,59,105,133,114,67,123,73,92,31" hai1="69,75,11,98,95,102,77,50,40,33,7,6,74" hai2="121,68,117,83,97,55,82,53,107,112,93,64,104" hai3="88,91,130,84,63,108,46,24,52,126,58,47,34"/><U85/><E69/><V76/><F117/><W27/><G108/><T32/><D114/><U41/><E33/><V110/><F121/><W26/><G34/><T57/><D123/><U103/><E75/><V4/><F110/><W62/><G130/><T25/><D105/><U22/><E74/><V111/><F111/><W87/><G126/><T124/><D131/><U13/><E103/><V65/><F112/><W1/><G1/><T89/><D124/><U118/><E118/><V15/><F107/><W19/><G19/><T56/><D133/><U2/><E50/><V60/><F104/><W134/><G134/><T9/><D31/><U81/><E7/><V29/><F29/><W10/><G10/><T18/><D67/><N who="2" m="25674" /><F68/><W38/><G63/><T127/><D127/><U54/><REACH who="1" step="1"/><E54/><REACH who="1" ten="205,255,275,245" step="2"/><V42/><F55/><W132/><G132/><T116/><D73/><U115/><E115/><V61/><F4/><W113/><G113/><T0/><D32/><U17/><AGARI ba="2,2" hai="2,6,11,13,17,22,40,41,77,81,85,95,98,102" machi="17" ten="30,11700,0" yaku="1,1,0,1,52,2,53,0" doraHai="39" doraHaiUra="135" who="1" fromWho="1" sc="205,-41,255,143,275,-41,245,-41" /><INIT seed="1,3,0,4,0,89" ten="164,398,234,204" oya="1" hai0="128,65,58,72,35,116,46,125,47,61,10,98,67" hai1="102,129,1,130,88,36,135,66,25,6,123,23,73" hai2="51,106,8,75,78,68,63,111,31,18,122,27,7" hai3="87,44,96,93,84,59,118,107,39,29,100,20,28"/><U50/><E123/><V49/><F122/><W70/><G70/><T101/><D116/><U115/><E115/><V60/><F106/><W26/><G118/><T32/><D72/><U90/><E36/><V80/><F18/><W43/><G107/><T62/><D125/><U17/><E73/><V13/><F111/><W79/><G79/><T133/><D133/><U12/><E135/><V41/><F41/><W74/><G74/><T5/><D128/><N who="1" m="49259" /><E102/><V40/><F40/><W0/><G0/><T54/><D54/><U132/><E132/><V95/><F95/><W94/><G29/><T81/><D81/><U37/><E37/><V71/><F63/><W19/><G94/><T85/><D85/><U77/><E77/><V48/><REACH who="2" step="1"/><F60/><REACH who="2" ten="164,398,224,204" step="2"/><W104/><G104/><T30/><D62/><U114/><E17/><V119/><F119/><W55/><G19/><T33/><D67/><U91/><E66/><V82/><F82/><W126/><G126/><T112/><D112/><U113/><E114/><V56/><F56/><W127/><G127/><T83/><D83/><U2/><E113/><V53/><F53/><W69/><G69/><T34/><D30/><N who="1" m="17727" /><E50/><AGARI ba="3,1" hai="20,26,28,39,43,44,50,55,59,84,87,93,96,100" machi="50" ten="30,2000,0" yaku="7,1,52,1" doraHai="89" who="3" fromWho="1" sc="164,0,398,-29,224,0,204,39" /><INIT seed="2,0,0,2,1,0" ten="164,369,224,243" oya="2" hai0="2,100,37,124,86,67,10,133,6,115,53,20,11" hai1="75,97,66,81,122,49,131,85,71,8,125,109,99" hai2="106,47,104,36,101,42,43,94,76,17,1,78,118" hai3="41,111,73,25,12,79,69,7,64,24,46,27,39"/><V52/><F118/><W123/><G123/><T96/><D115/><U31/><E109/><V110/><F1/><W108/><G64/><T61/><D124/><U117/><E117/><V29/><F29/><W103/><G69/><T70/><D133/><U112/><E125/><V13/><F110/><N who="3" m="42027" /><G103/><T82/><D37/><U26/><E75/><V9/><F43/><W16/><G7/><T105/><D53/><U18/><E131/><V62/><F94/><W57/><G57/><T30/><D11/><U63/><E112/><V135/><F135/><W58/><G58/><T84/><REACH who="0" step="1"/><D82/><REACH who="0" ten="154,369,224,243" step="2"/><U3/><E8/><V19/><F36/><W48/><G39/><T72/><D72/><U121/><E81/><V44/><F9/><N who="3" m="6159" /><G73/><T113/><D113/><U90/><E122/><V34/><F52/><W83/><G83/><T33/><D33/><U87/><E121/><V65/><F34/><W56/><G41/><T89/><D89/><U134/><E90/><V68/><F42/><W40/><G79/><T126/><D126/><U95/><E134/><V55/><F55/><N who="3" m="31847" /><G40/><T5/><D5/><U119/><E119/><V15/><F78/><W59/><G46/><T129/><D129/><U91/><E91/><V98/><F76/><W51/><G51/><T80/><D80/><U130/><E49/><V45/><F45/><W128/><G128/><T54/><D54/><U88/><E130/><V120/><F47/><W74/><G74/><T107/><D107/><U28/><E88/><V93/><F44/><W22/><G22/><T127/><D127/><U35/><E35/><V77/><F77/><RYUUKYOKU ba="0,1" sc="154,15,369,-15,224,-15,243,15" hai0="2,6,10,20,30,61,67,70,84,86,96,100,105" hai3="24,25,27,59" /><INIT seed="3,1,1,2,5,46" ten="169,354,209,258" oya="3" hai0="131,128,121,10,5,54,42,63,124,21,40,88,74" hai1="103,100,36,11,66,30,29,57,92,39,3,22,72" hai2="97,85,50,17,43,25,132,130,98,61,93,55,122" hai3="119,41,108,13,23,126,18,75,1,129,20,24,133"/><W117/><G75/><T123/><D74/><U89/><E72/><V113/><F113/><W12/><G41/><T127/><D21/><U8/><E39/><V34/><F130/><N who="0" m="49706" /><D10/><N who="1" m="3627" /><E36/><V110/><F110/><W64/><G129/><T120/><D5/><U96/><E3/><V27/><F132/><W26/><G64/><T62/><D88/><U14/><E14/><V115/><F115/><W81/><G81/><T125/><D54/><U44/><E44/><N who="2" m="25887" /><F34/><W69/><G133/><T53/><D53/><U114/><E114/><V48/><F61/><AGARI ba="1,1" hai="40,42,61,62,63,120,121,123,124,125,127" m="49706" machi="61" ten="50,12000,2" yaku="28,2,18,1,19,1,34,2" doraHai="46" who="0" fromWho="2" sc="169,133,354,0,209,-123,258,0" owari="302,10.2,354,45.4,86,-41.4,258,-14.2" /></mjloggm>