<mjloggm ver="2.3"><GO type="225" lobby="0"/><UN n0="%48%61%61%61%6C%61%6E%64" n1="%E3%81%BF%E3%81%BF%E3%81%9A" n2="%E3%83%8F%E3%83%B3%E3%83%89%E3%83%A9%E3%83%BC%E3%83%BB%E3%83%AF%E3%83%B3" n3="%E6%B8%A9%E2%98%85%E6%83%85%E2%98%85%E6%8E%AA%E2%98%85%E7%BD%AE" dan="18,17,16,17" rate="2246.97,2209.61,2114.83,2235.61" sx="M,M,M,M"/><TAIKYOKU oya="0"/><INIT seed="0,0,0,3,0,28" ten="250,250,250,250" oya="0" hai0="90,57,22,7,71,11,74,2,135,43,44,3,113" hai1="61,52,89,55,13,121,112,0,95,94,84,63,47" hai2="103,73,32,35,133,38,107,8,87,88,82,100,86" hai3="34,24,128,54,116,111,53,79,64,65,36,21,72"/><T118/><D113/><U98/><E121/><V122/><F122/><W125/><G116/><T129/><D118/><U115/><E0/><V126/><F38/><W12/><G36/><T50/><D71/><U17/><E115/><V49/><F73/><W39/><G39/><T97/><D129/><U108/><E108/><V45/><F126/><W85/><G72/><T132/><D74/><U14/><E112/><V42/><F133/><N who="0" m="51274" /><D22/><U76/><E13/><V30/><F30/><W102/><G111/><T109/><D109/><U70/><E70/><V4/><F87/><W67/><G128/><T117/><D117/><U48/><E55/><V93/><F107/><W27/><G125/><T114/><D114/><U92/><E76/><V31/><F31/><W101/><G34/><T62/><D97/><U78/><E78/><V106/><F106/><W77/><G12/><N who="0" m="5247" /><D90/><U23/><REACH who="1" step="1"/><E95/><REACH who="1" ten="250,240,250,250" step="2"/><V124/><F124/><W130/><G130/><T20/><D20/><U110/><E110/><V104/><F104/><W105/><G105/><T26/><D26/><N who="3" m="9769" /><G21/><T83/><D83/><U59/><E59/><V81/><F81/><N who="3" m="47279" /><G79/><T25/><D25/><U68/><E68/><V119/><F119/><W91/><G91/><AGARI ba="0,1" hai="14,17,23,47,48,52,61,63,84,89,91,92,94,98" machi="91" ten="30,8000,1" yaku="1,1,7,1,8,1,54,1,53,1" doraHai="28" doraHaiUra="51" who="1" fromWho="3" sc="250,0,240,90,250,0,250,-80" /><INIT seed="1,0,0,5,3,13" ten="250,330,250,170" oya="1" hai0="111,55,124,68,24,100,65,8,92,99,40,11,48" hai1="71,53,128,37,52,131,17,5,112,39,74,109,72" hai2="79,90,115,133,1,18,83,125,77,25,78,50,86" hai3="30,26,126,0,81,14,94,122,67,114,64,105,106"/><U85/><E112/><V16/><F1/><W93/><G114/><T19/><D111/><U12/><E5/><V76/><F115/><W2/><G122/><T27/><D124/><U96/><E71/><V107/><F107/><W102/><G126/><T69/><D40/><U89/><E96/><V135/><F125/><W80/><G14/><T116/><D116/><U95/><E109/><V88/><F50/><W31/><REACH who="3" step="1"/><G102/><REACH who="3" ten="250,330,250,160" step="2"/><T119/><D119/><U87/><E128/><V9/><F25/><AGARI ba="0,1" hai="0,2,25,26,30,31,64,67,80,81,93,94,105,106" machi="25" ten="25,6400,0" yaku="1,1,2,1,22,2,53,0" doraHai="13" doraHaiUra="75" who="3" fromWho="2" sc="250,0,330,0,250,-64,160,74" /><INIT seed="2,0,0,4,0,18" ten="250,330,186,234" oya="2" hai0="123,114,121,29,11,22,12,130,62,31,65,21,16" hai1="97,103,15,96,28,13,115,23,59,69,74,56,77" hai2="3,42,113,14,1,131,98,73,49,120,88,106,37" hai3="79,72,64,51,109,44,127,19,100,33,93,38,52"/><V110/><F113/><W94/><G33/><T45/><D114/><U95/><E115/><V40/><F120/><W5/><G127/><T83/><D130/><U76/><E69/><V75/><F37/><W71/><G109/><T8/><D45/><U9/><E97/><V90/><F131/><W105/><G19/><N who="0" m="10471" /><D83/><U32/><E32/><V34/><F34/><W78/><G5/><T111/><D62/><U24/><E15/><V91/><F110/><W60/><G72/><T122/><D65/><U107/><E107/><V112/><F112/><W58/><G105/><T70/><D70/><U35/><E35/><V41/><F49/><W26/><G26/><N who="0" m="14663" /><D111/><U87/><E74/><V0/><REACH who="2" step="1"/><F14/><REACH who="2" ten="250,330,176,234" step="2"/><W43/><G100/><AGARI ba="0,1" hai="0,1,3,40,41,42,73,75,88,90,91,98,100,106" machi="100" ten="50,18000,2" yaku="1,1,2,1,29,2,54,1,53,1" doraHai="18" doraHaiUra="92" who="2" fromWho="3" sc="250,0,330,0,176,190,234,-180" /><INIT seed="2,1,0,3,2,129" ten="250,330,366,54" oya="2" hai0="5,85,95,121,49,119,53,103,32,108,75,26,133" hai1="123,114,83,94,51,127,116,135,52,44,92,59,8" hai2="68,38,124,7,57,131,1,15,39,22,107,71,97" hai3="81,109,3,29,82,37,47,31,87,30,14,41,62"/><V118/><F118/><W125/><G3/><T130/><D75/><U128/><E114/><V106/><F1/><W16/><G125/><T13/><D121/><U40/><E116/><V18/><F124/><W17/><G109/><T76/><D119/><U21/><E127/><V67/><F7/><W79/><G62/><T73/><D108/><U60/><E128/><V69/><F131/><W110/><G110/><T93/><D73/><U77/><E123/><V115/><F115/><W11/><REACH who="3" step="1"/><G82/><REACH who="3" ten="250,330,366,44" step="2"/><T90/><D130/><U80/><E83/><V45/><F69/><W61/><G61/><T120/><D120/><U105/><E80/><V54/><F71/><W33/><G33/><T36/><D32/><U4/><E77/><V88/><F68/><W74/><G74/><T89/><D36/><U111/><E111/><V63/><F39/><W27/><G27/><T84/><D76/><U50/><E105/><V9/><F38/><W104/><G104/><T24/><D24/><U25/><E60/><V117/><F117/><W10/><G10/><N who="0" m="4303" /><D26/><U35/><E35/><V132/><F9/><W78/><G78/><T34/><D34/><U43/><E94/><N who="2" m="56519" /><F106/><W0/><G0/><T72/><D72/><U126/><E92/><V12/><F107/><W6/><AGARI ba="1,1" hai="6,11,14,16,17,29,30,31,37,41,47,79,81,87" machi="6" ten="30,7900,0" yaku="1,1,0,1,54,1,53,1" doraHai="129" doraHaiUra="42" who="3" fromWho="3" sc="250,-21,330,-21,366,-40,44,92" /><INIT seed="3,0,0,5,1,93" ten="229,309,326,136" oya="3" hai0="5,122,73,105,119,102,38,100,54,111,26,64,27" hai1="70,14,39,32,120,55,72,86,75,13,88,30,0" hai2="81,35,107,63,69,76,109,7,79,126,20,101,103" hai3="128,116,118,99,33,87,98,49,57,45,95,31,60"/><W3/><G3/><T17/><D73/><U29/><E0/><V11/><F35/><W51/><G128/><T77/><D77/><U42/><E70/><V94/><F107/><W132/><G132/><T6/><D38/><U24/><E120/><V1/><F109/><W47/><G33/><T108/><D122/><U124/><E30/><V129/><F126/><W97/><G31/><T44/><D64/><U25/><E25/><N who="0" m="9225" /><D119/><U2/><E2/><V36/><F36/><W123/><G123/><T15/><D105/><U83/><E124/><V78/><F129/><W80/><G118/><T114/><D114/><U117/><E117/><V16/><F81/><W59/><G116/><T28/><D28/><U10/><E55/><V12/><REACH who="2" step="1"/><F94/><REACH who="2" ten="229,309,316,136" step="2"/><W43/><G95/><T110/><D110/><U58/><E58/><N who="3" m="22026" /><G60/><T121/><D121/><U41/><E14/><V22/><F22/><W127/><G127/><T62/><D111/><U134/><E134/><V18/><F18/><W131/><G131/><T40/><D108/><U50/><E39/><V90/><F90/><N who="3" m="51559" /><G43/><T46/><D40/><U84/><E42/><V104/><F104/><W37/><G37/><T8/><D62/><U56/><E86/><V61/><F61/><W9/><G9/><T68/><D68/><U89/><E89/><V130/><F130/><W23/><G23/><T115/><D115/><U48/><E56/><V52/><F52/><W4/><G4/><N who="0" m="1643" /><D54/><U125/><E125/><V67/><AGARI ba="0,1" hai="1,7,11,12,16,20,63,67,69,76,78,79,101,103" machi="67" ten="30,12000,2" yaku="1,1,0,1,54,1,53,3" doraHai="93" doraHaiUra="74" who="2" fromWho="2" sc="229,-30,309,-30,316,130,136,-60" owari="199,-20.1,279,7.9,446,54.6,76,-42.4" /></mjloggm>