<mjloggm ver="2.3"><GO type="225" lobby="0"/><UN n0="%6D%75%75%6D%75%72%61" n1="%73%6C%69%63%6B%33%31%39" n2="%4E%6F%2E%30%30%30%31" n3="%E8%B7%AF%E9%9C%B8" dan="17,16,18,17" rate="2192.91,2149.59,2228.79,2198.67" sx="F,M,M,M"/><TAIKYOKU oya="0"/><INIT seed="0,0,0,1,1,128" ten="250,250,250,250" oya="0" hai0="90,97,68,15,105,87,40,44,11,5,73,79,59" hai1="8,34,6,0,32,109,1,80,82,47,95,30,3" hai2="56,46,103,93,49,112,28,67,37,25,2,127,41" hai3="57,48,17,89,98,124,83,94,126,61,58,70,119"/><T23/><D68/><U60/><E109/><V86/><F112/><W118/><G70/><T64/><D73/><U24/><E34/><V75/><F75/><W91/><G17/><T131/><D131/><U33/><E33/><V135/><F2/><W111/><G111/><T29/><D79/><U66/><E95/><V88/><F127/><N who="3" m="48683" /><G48/><T81/><D105/><U133/><E133/><V115/><F115/><W39/><G39/><T4/><D4/><U72/><E47/><V50/><F103/><W92/><G83/><T12/><D97/><U62/><E62/><V45/><F135/><W26/><G26/><T22/><D29/><U129/><E129/><V52/><F67/><N who="3" m="39343" /><G58/><T63/><REACH who="0" step="1"/><D15/><REACH who="0" ten="240,250,250,250" step="2"/><U107/><E107/><V38/><REACH who="2" step="1"/><F56/><REACH who="2" ten="240,250,240,250" step="2"/><W55/><G119/><T96/><D96/><U120/><E72/><V74/><F74/><W99/><G118/><T125/><D125/><U122/><E0/><V65/><F65/><W43/><G99/><T9/><D9/><U53/><E1/><V20/><AGARI ba="0,2" hai="20,25,28,37,38,41,45,46,49,50,52,86,88,93" machi="20" ten="20,8000,1" yaku="1,1,0,1,7,1,54,2,53,0" doraHai="128" doraHaiUra="116" who="2" fromWho="2" sc="240,-40,250,-20,240,100,250,-20" /><INIT seed="1,0,0,5,3,43" ten="200,230,340,230" oya="1" hai0="92,134,125,103,104,110,47,95,81,54,1,27,127" hai1="31,60,96,63,86,75,126,79,68,73,42,111,57" hai2="67,74,7,80,41,62,120,122,133,30,71,102,4" hai3="18,109,40,36,22,21,84,13,14,10,115,91,105"/><U50/><E126/><N who="0" m="48137" /><D1/><U78/><E86/><V90/><F133/><W46/><G115/><T56/><D134/><U11/><E31/><V97/><F30/><W135/><G105/><T23/><D110/><U94/><E68/><V28/><F28/><W69/><G135/><T24/><D81/><U6/><E111/><V55/><F55/><W45/><G69/><T101/><D47/><N who="3" m="17929" /><G109/><T131/><D131/><U83/><E42/><V70/><F41/><W61/><G61/><N who="0" m="35991" /><D104/><U5/><E60/><V77/><F71/><W76/><G36/><T121/><D121/><U34/><E63/><V123/><REACH who="2" step="1"/><F90/><REACH who="2" ten="200,230,330,230" step="2"/><W89/><G40/><T112/><D112/><U53/><E34/><V52/><F52/><W129/><G129/><T44/><D103/><U8/><E53/><V15/><F15/><W106/><G14/><T12/><D101/><U82/><E57/><V107/><AGARI ba="0,1" hai="4,7,62,67,70,74,77,80,97,102,107,120,122,123" machi="107" ten="30,2000,0" yaku="1,1,0,1,53,0" doraHai="43" doraHaiUra="85" who="2" fromWho="2" sc="200,-5,230,-10,330,30,230,-5" /><INIT seed="2,0,0,1,3,125" ten="195,220,360,225" oya="2" hai0="10,87,118,135,2,79,85,36,100,117,103,5,47" hai1="46,80,134,94,90,133,81,73,20,19,76,37,21" hai2="4,12,69,50,83,57,132,114,98,112,95,40,97" hai3="41,39,6,96,33,0,32,64,17,78,71,123,99"/><V113/><F69/><W27/><G123/><T89/><D135/><N who="1" m="51723" /><E80/><V66/><F132/><W104/><G78/><T63/><D79/><U67/><E67/><V109/><F109/><W116/><G116/><T72/><D72/><U62/><E62/><V8/><F66/><W34/><G17/><T30/><D63/><U42/><E19/><V59/><F83/><W70/><G27/><T126/><D126/><U75/><E73/><V127/><F127/><W54/><G54/><T48/><D36/><U86/><AGARI ba="0,0" hai="20,21,37,42,46,75,76,81,86,90,94" m="51723" machi="86" ten="30,1100,0" yaku="20,1" doraHai="125" who="1" fromWho="1" sc="195,-3,220,11,360,-5,225,-3" /><INIT seed="3,0,0,2,5,80" ten="192,231,355,222" oya="3" hai0="65,89,16,14,42,110,21,71,125,31,105,119,67" hai1="98,83,40,25,97,0,108,103,116,58,122,32,112" hai2="64,27,23,57,115,15,33,61,91,47,49,62,82" hai3="36,17,87,48,104,26,9,88,95,52,93,8,50"/><W18/><G36/><T11/><D119/><U81/><E112/><V101/><F115/><W73/><G73/><T54/><D105/><U29/><E0/><V130/><F33/><W59/><G104/><T100/><D71/><U22/><E122/><V85/><F130/><W96/><G48/><T124/><D110/><U113/><E113/><V102/><F15/><W106/><G106/><T30/><D100/><U131/><E40/><N who="2" m="24807" /><F62/><W55/><G55/><T7/><D42/><U129/><E97/><V77/><F77/><W111/><G111/><T53/><D53/><U126/><E83/><V4/><F4/><W44/><G44/><T43/><D43/><U13/><E29/><AGARI ba="0,0" hai="23,27,29,57,61,64,82,85,91,101,102" m="24807" machi="29" ten="30,2000,0" yaku="8,1,52,1" doraHai="80" who="2" fromWho="1" sc="192,0,231,-20,355,20,222,0" owari="192,-30.8,211,-18.9,375,47.5,222,2.2" /></mjloggm>