<mjloggm ver="2.3"><GO type="225" lobby="0"/><UN n0="%E3%81%86%E3%81%A3%E3%81%97%E3%83%BC%30%30" n1="%E3%81%A1%E3%82%85%E3%81%86%E3%81%A9%E3%81%8F%E8%B1%A1%E3%81%95%E3%82%93" n2="%72%69%6F%75%63%68%61%6E" n3="%6D%75%75%6D%75%72%61" dan="16,17,17,17" rate="2130.75,2183.16,2280.13,2127.71" sx="M,M,M,F"/><TAIKYOKU oya="0"/><INIT seed="0,0,0,2,1,21" ten="250,250,250,250" oya="0" hai0="106,17,23,121,75,63,30,65,33,41,91,12,82" hai1="55,128,43,51,0,80,36,93,49,96,100,67,32" hai2="74,61,94,15,56,25,95,35,73,92,99,119,85" hai3="135,3,45,71,48,1,40,132,58,24,104,81,13"/><T124/><D121/><U90/><E0/><V116/><F85/><W46/><G71/><T29/><D106/><U126/><E32/><V134/><F134/><N who="3" m="51243" /><G104/><T112/><D112/><U129/><E67/><V122/><F122/><W86/><G13/><T19/><D124/><U97/><E126/><V89/><F15/><W103/><G103/><T50/><D33/><U131/><E80/><V6/><F6/><W54/><G24/><T20/><D41/><U105/><REACH who="1" step="1"/><E55/><REACH who="1" ten="250,240,250,250" step="2"/><N who="2" m="33951" /><F73/><W4/><G3/><T26/><D75/><U31/><E31/><N who="2" m="19951" /><F74/><W62/><G1/><T84/><REACH who="0" step="1"/><D50/><REACH who="0" ten="240,240,250,250" step="2"/><U120/><E120/><V18/><F119/><W2/><G48/><T44/><D44/><AGARI ba="0,2" hai="36,43,44,49,51,90,93,96,97,100,105,128,129,131" machi="44" ten="40,5200,0" yaku="1,1,19,1,53,1" doraHai="21" doraHaiUra="68" who="1" fromWho="0" sc="240,-52,240,72,250,0,250,0" /><INIT seed="1,0,0,4,1,124" ten="188,312,250,250" oya="1" hai0="20,21,48,92,112,23,120,72,41,135,18,51,83" hai1="38,79,81,9,46,109,0,4,132,122,107,66,11" hai2="106,69,58,75,104,100,8,55,126,84,35,97,44" hai3="74,134,43,17,129,52,27,125,5,91,116,25,131"/><U102/><E122/><V54/><F126/><W42/><G125/><T30/><D112/><U78/><E66/><V76/><F69/><W15/><G134/><T47/><D120/><U85/><E132/><V19/><F35/><W73/><G5/><T133/><D30/><U118/><E118/><V68/><F68/><W94/><G116/><T22/><D92/><U45/><E109/><V123/><F123/><W128/><G52/><T28/><D28/><U77/><E9/><V64/><F75/><N who="3" m="28683" /><G15/><T32/><D32/><U96/><REACH who="1" step="1"/><E38/><REACH who="1" ten="188,302,250,250" step="2"/><V39/><F64/><W6/><G6/><T13/><REACH who="0" step="1"/><D51/><REACH who="0" ten="178,302,250,250" step="2"/><U121/><E121/><V98/><F39/><W29/><G29/><T56/><D56/><U86/><E86/><V33/><F84/><N who="3" m="52583" /><G17/><T113/><D113/><U53/><E53/><V82/><F54/><W67/><G67/><T117/><D117/><U2/><E2/><V40/><F55/><W70/><G70/><T14/><D14/><U37/><E37/><V111/><F58/><W60/><G60/><T110/><D110/><U1/><E1/><V130/><F111/><W87/><G87/><T93/><D93/><U99/><E99/><N who="2" m="61471" /><F19/><W114/><G114/><T36/><D36/><U101/><E101/><V24/><F98/><W90/><G90/><AGARI ba="0,2" hai="0,4,11,45,46,77,78,79,81,85,90,96,102,107" machi="90" ten="40,3900,0" yaku="1,1,53,1" doraHai="124" doraHaiUra="34" who="1" fromWho="3" sc="178,0,302,59,250,0,250,-39" /><INIT seed="1,1,0,3,3,32" ten="178,361,250,211" oya="1" hai0="108,112,86,124,103,47,23,38,88,21,42,43,52" hai1="48,6,13,60,30,96,22,74,94,99,15,35,72" hai2="132,25,95,129,80,0,93,24,116,81,39,40,127" hai3="85,20,98,111,58,12,69,11,134,51,75,102,101"/><U33/><E60/><V9/><F116/><W71/><G75/><T14/><D112/><U29/><E48/><V63/><F129/><W36/><G36/><T73/><D73/><U125/><E22/><V123/><F127/><W97/><G20/><T110/><D124/><U100/><E100/><V113/><F132/><W5/><G134/><T28/><D103/><U133/><E94/><V106/><F106/><W130/><G111/><N who="0" m="42539" /><D43/><U64/><E64/><V44/><F123/><W115/><G115/><T59/><D14/><U70/><E6/><V18/><F113/><W37/><G37/><T66/><D66/><U26/><E26/><V77/><F63/><W54/><G130/><T104/><D104/><U122/><E125/><V62/><F62/><W57/><G85/><T27/><D23/><U65/><E65/><V89/><F18/><W8/><G8/><T120/><D120/><U84/><E122/><V91/><F95/><W76/><G54/><T67/><D67/><U90/><E133/><V41/><F41/><W7/><G11/><T10/><D10/><U31/><E31/><V56/><F93/><W46/><G12/><T16/><D28/><U92/><E33/><V128/><F128/><W105/><G105/><T2/><D2/><U109/><E35/><V83/><F77/><W53/><G53/><T78/><D78/><U117/><E30/><V87/><F91/><W82/><G76/><T68/><D68/><U50/><E29/><V34/><F34/><W61/><G71/><T4/><D4/><U131/><E109/><V79/><F79/><W118/><G69/><RYUUKYOKU ba="1,0" sc="178,0,361,0,250,0,211,0" /><INIT seed="2,2,0,5,4,111" ten="178,361,250,211" oya="2" hai0="99,49,0,7,3,58,30,103,23,134,26,37,11" hai1="61,79,81,127,67,126,21,45,98,114,87,69,115" hai2="101,77,29,78,47,15,10,71,116,90,119,132,32" hai3="83,75,17,100,104,16,70,123,60,80,125,112,19"/><V84/><F132/><W48/><G123/><T96/><D37/><U97/><E45/><V41/><F71/><W73/><G125/><N who="1" m="47626" /><E21/><V14/><F101/><W54/><G112/><AGARI ba="2,0" hai="61,67,69,79,81,87,97,98,112,114,115" m="47626" machi="112" ten="30,7700,0" yaku="18,1,52,3" doraHai="111" who="1" fromWho="3" sc="178,0,361,83,250,0,211,-83" /><INIT seed="3,0,0,3,3,59" ten="178,444,250,128" oya="3" hai0="10,15,105,74,18,34,27,50,43,22,51,116,6" hai1="112,19,0,121,68,79,131,130,78,110,126,106,101" hai2="39,91,103,17,7,5,84,9,66,83,63,38,14" hai3="87,40,134,72,30,100,55,96,23,114,123,93,58"/><W89/><G114/><T41/><D116/><U119/><RYUUKYOKU type="yao9" ba="0,0" sc="178,0,444,0,250,0,128,0" hai1="0,19,68,78,79,101,106,110,112,119,121,126,130,131" /><INIT seed="3,1,0,5,1,69" ten="178,444,250,128" oya="3" hai0="50,74,43,25,101,52,107,118,109,75,77,83,11" hai1="126,72,92,63,31,79,96,49,124,106,46,16,30" hai2="0,56,23,87,129,33,15,121,104,131,119,88,113" hai3="117,10,127,132,98,89,64,41,90,128,116,108,73"/><W45/><G127/><N who="1" m="48682" /><E106/><V97/><F113/><W55/><G128/><N who="2" m="49225" /><F119/><W8/><G132/><T7/><D109/><U111/><E63/><V40/><F33/><W5/><G73/><T1/><D118/><U78/><E111/><V71/><F71/><W2/><G108/><T103/><D75/><U24/><E16/><N who="2" m="10655" /><F0/><W84/><G64/><T82/><D43/><N who="1" m="24799" /><E72/><V80/><F121/><W85/><G55/><T19/><D83/><U86/><E86/><V112/><F112/><W35/><G98/><T133/><D133/><U115/><E115/><V100/><F56/><W17/><G35/><T12/><D25/><U81/><E81/><V22/><F22/><W32/><G32/><T135/><D107/><U61/><E61/><V130/><F130/><W67/><G67/><T91/><D91/><N who="1" m="55327" /><E30/><V123/><F123/><W13/><G85/><T44/><REACH who="0" step="1"/><D135/><REACH who="0" ten="168,444,250,128" step="2"/><U9/><E9/><AGARI ba="1,1" hai="1,7,9,11,12,19,44,50,52,74,77,82,101,103" machi="9" ten="30,7700,0" yaku="1,1,2,1,7,1,54,1,53,0" doraHai="69" doraHaiUra="70" who="0" fromWho="1" sc="168,90,444,-80,250,0,128,0" owari="258,5.8,364,46.4,250,-15.0,128,-37.2" /></mjloggm>