<mjloggm ver="2.3"><GO type="225" lobby="0"/><UN n0="%E6%A0%B9%E5%85%83%E3%81%8B%E3%82%89%E5%90%B9%E3%81%A3%E9%A3%9B%E3%81%B6" n1="%E3%81%BE%E3%83%BC%E3%81%8F%E3%82%93" n2="%E3%81%86%E3%81%A3%E3%81%97%E3%83%BC%30%30" n3="%45%6C%79%73%69%75%6D" dan="16,16,16,18" rate="2146.42,2081.70,2093.34,2154.57" sx="F,M,M,F"/><TAIKYOKU oya="0"/><INIT seed="0,0,0,4,0,104" ten="250,250,250,250" oya="0" hai0="113,60,69,27,54,75,30,26,91,89,78,86,131" hai1="43,36,111,37,25,55,97,0,9,64,68,49,123" hai2="80,23,115,24,20,66,95,46,132,21,110,57,125" hai3="22,119,45,100,73,31,116,52,83,51,19,84,105"/><T130/><D113/><U120/><E97/><V18/><F115/><W88/><G31/><T109/><D109/><U122/><E25/><V98/><F132/><W77/><G100/><T11/><D11/><U99/><E99/><V94/><F125/><W82/><G105/><T35/><D27/><AGARI ba="0,0" hai="19,22,27,45,51,52,73,77,82,83,84,88,116,119" machi="27" ten="30,7700,0" yaku="7,1,52,1,54,2" doraHai="104" who="3" fromWho="0" sc="250,-77,250,0,250,0,250,77" /><INIT seed="1,0,0,2,2,56" ten="173,250,250,327" oya="1" hai0="10,59,7,129,34,58,78,128,30,131,102,29,119" hai1="104,67,62,49,127,68,115,64,98,20,94,106,77" hai2="122,92,121,80,79,32,5,38,105,8,97,24,63" hai3="88,3,103,100,83,36,72,4,108,116,26,66,12"/><U42/><E115/><V71/><F38/><W130/><G36/><T47/><D119/><U86/><E127/><V93/><F93/><W1/><G108/><T55/><D78/><U69/><E77/><V0/><F92/><W124/><G130/><T114/><D114/><U37/><E37/><V82/><F82/><W60/><G26/><T118/><D118/><U110/><E86/><V23/><F23/><W96/><G103/><T45/><D102/><U70/><E110/><V111/><F111/><W87/><G72/><T14/><D58/><U48/><E67/><N who="2" m="41471" /><F97/><W65/><G65/><T53/><D53/><U57/><E20/><V95/><F95/><W89/><G89/><T19/><D7/><U90/><REACH who="1" step="1"/><E42/><REACH who="1" ten="173,240,250,327" step="2"/><V61/><F79/><W22/><G124/><T39/><D39/><U35/><E35/><V120/><F32/><W21/><G116/><T9/><D9/><U126/><E126/><V84/><F84/><W28/><G22/><T125/><D125/><U135/><E135/><V112/><F112/><W54/><G21/><T74/><D74/><U40/><E40/><V6/><F122/><W50/><G87/><T73/><D73/><U81/><E81/><V107/><F80/><W109/><G83/><T133/><D133/><U117/><E117/><V27/><F120/><W46/><G109/><T134/><D134/><U11/><E11/><V31/><F8/><W51/><G66/><T2/><D34/><U101/><E101/><V52/><F121/><W43/><G100/><T123/><D123/><U44/><E44/><N who="0" m="16969" /><D2/><U17/><E17/><V132/><F132/><RYUUKYOKU ba="0,1" sc="173,15,240,15,250,-15,327,-15" hai0="10,14,19,29,30,55,59,128,129,131" hai1="48,49,57,62,64,68,69,70,90,94,98,104,106" /><INIT seed="1,1,1,0,2,106" ten="188,255,235,312" oya="1" hai0="74,110,67,133,1,52,111,53,34,32,48,19,27" hai1="56,71,118,5,98,59,120,47,24,31,102,66,21" hai2="90,46,77,65,26,89,92,61,69,91,99,30,76" hai3="25,55,63,4,14,49,85,10,41,94,12,123,96"/><U39/><E120/><V17/><F17/><W128/><G123/><T15/><D1/><U3/><E118/><V73/><F46/><W51/><G128/><T129/><D67/><U105/><E3/><V103/><REACH who="2" step="1"/><F73/><REACH who="2" ten="188,255,225,312" step="2"/><W44/><G44/><T83/><D74/><U72/><E72/><V109/><F109/><W18/><G18/><T7/><D19/><U29/><E31/><V50/><F50/><W79/><G49/><T2/><D48/><U84/><E5/><V95/><F95/><W86/><G94/><T58/><D7/><U54/><E39/><V16/><F16/><W131/><G51/><T68/><D111/><U82/><E47/><V81/><F81/><W78/><G4/><T35/><D83/><U37/><E37/><V121/><F121/><W100/><G131/><T80/><D110/><U64/><E71/><V60/><F60/><W38/><G63/><T9/><D68/><U0/><E0/><V122/><F122/><W132/><G38/><T62/><D2/><U101/><E59/><V23/><AGARI ba="1,2" hai="23,26,30,61,65,69,76,77,89,90,91,92,99,103" machi="23" ten="30,2000,0" yaku="1,1,0,1,53,0" doraHai="106" doraHaiUra="70" who="2" fromWho="2" sc="188,-6,255,-11,225,43,312,-6" /><INIT seed="2,0,0,0,5,19" ten="182,244,268,306" oya="2" hai0="24,51,10,128,98,84,102,91,96,38,21,12,40" hai1="14,33,89,110,2,80,85,134,9,47,108,61,123" hai2="133,74,35,115,94,88,29,0,67,93,5,124,36" hai3="75,11,105,127,16,76,69,83,6,112,65,23,57"/><V25/><F115/><W126/><G105/><T45/><D128/><U87/><E123/><V50/><F36/><W72/><G112/><T18/><D38/><U56/><E33/><V131/><F74/><W122/><G69/><T52/><D102/><U118/><E2/><V41/><F124/><N who="3" m="47659" /><G122/><T113/><D40/><U106/><E106/><V27/><F93/><W53/><G65/><T63/><D63/><U77/><E118/><V73/><F73/><N who="3" m="43407" /><G11/><T32/><D32/><U39/><E134/><V22/><F133/><W28/><G28/><T101/><D101/><U120/><E47/><V116/><F67/><W111/><G6/><T13/><D13/><U82/><E39/><V135/><F131/><W48/><G111/><N who="1" m="42538" /><E120/><V99/><F116/><W34/><G34/><T20/><D113/><U129/><E129/><V117/><F117/><W49/><G49/><T37/><D37/><U7/><E61/><V104/><F104/><W95/><G95/><N who="0" m="54759" /><D10/><U109/><N who="1" m="42546" /><U78/><DORA hai="92" /><E56/><V3/><F135/><W86/><G86/><N who="1" m="32778" /><E89/><V58/><F58/><W71/><G71/><T17/><AGARI ba="0,0" hai="12,17,18,20,21,24,45,51,52,96,98" m="54759" machi="17" ten="30,12000,2" yaku="8,1,52,4,54,1" doraHai="19,92" who="0" fromWho="0" sc="182,120,244,-30,268,-60,306,-30" /><INIT seed="3,0,0,2,0,29" ten="302,214,208,276" oya="3" hai0="69,105,118,108,55,16,93,51,56,75,113,17,104" hai1="95,100,44,42,7,58,128,102,37,31,103,10,52" hai2="27,89,101,112,131,0,133,33,127,57,115,26,124" hai3="47,48,5,49,60,39,28,64,13,87,122,120,111"/><W41/><G87/><T40/><D118/><U45/><E128/><V3/><F101/><W54/><G28/><T50/><D75/><U92/><E45/><V125/><F131/><W119/><G119/><T12/><D69/><U74/><E74/><V84/><F57/><N who="3" m="32975" /><G13/><T121/><D121/><N who="3" m="46697" /><G5/><T46/><D113/><N who="2" m="43594" /><F133/><W32/><G32/><T19/><D105/><U1/><REACH who="1" step="1"/><E31/><REACH who="1" ten="302,204,208,276" step="2"/><N who="2" m="19703" /><F27/><W91/><G111/><T70/><D46/><U90/><E90/><V9/><F9/><W73/><G91/><T2/><D40/><U80/><E80/><AGARI ba="0,1" hai="0,3,80,84,89,124,125,127" m="19703,43594" machi="80" ten="40,2600,0" yaku="18,1,52,1" doraHai="29" who="2" fromWho="1" sc="302,0,204,-26,208,36,276,0" owari="302,40.2,178,-32.2,244,-15.6,276,7.6" /></mjloggm>