<mjloggm ver="2.3"><GO type="225" lobby="0"/><UN n0="%4C%4F%4C%49%54%41" n1="%E3%83%97%E3%83%AC%E3%83%B4%E3%82%A1%E3%83%86%E3%82%A3" n2="%66%67%67%68%68%64%66" n3="%E3%81%8B%E3%82%8F%E3%81%A1%E3%82%83%E3%82%93%35%38" dan="16,16,16,16" rate="2145.25,2063.26,2074.90,2172.51" sx="F,F,M,M"/><TAIKYOKU oya="0"/><INIT seed="0,0,0,3,1,91" ten="250,250,250,250" oya="0" hai0="100,69,10,88,104,58,102,109,94,132,16,115,117" hai1="55,46,56,0,71,95,38,134,4,65,59,52,40" hai2="22,24,111,11,122,101,21,33,72,66,28,90,113" hai3="106,97,93,7,14,135,77,124,96,112,121,79,39"/><T51/><D115/><U98/><E0/><V63/><F113/><W19/><G112/><T78/><D69/><U110/><E4/><V50/><F122/><W30/><G39/><T128/><D117/><U125/><E110/><V67/><F72/><W34/><G121/><T92/><D104/><U15/><E15/><V70/><F111/><W80/><G124/><T127/><D109/><U47/><E125/><V133/><F133/><W5/><G135/><T3/><D127/><U12/><E12/><V8/><F67/><W37/><G37/><T108/><D108/><U17/><E17/><V130/><F130/><W85/><G79/><T62/><D132/><U84/><E134/><V61/><F61/><W86/><G34/><T75/><D75/><U120/><E84/><V64/><F64/><W68/><G30/><T99/><D78/><U49/><E120/><V82/><F50/><W41/><G41/><T57/><D128/><U123/><E123/><V26/><F101/><W53/><G68/><T25/><D3/><U45/><E95/><V18/><REACH who="2" step="1"/><F33/><REACH who="2" ten="250,250,240,250" step="2"/><W31/><G106/><T60/><D51/><N who="1" m="30751" /><E98/><V107/><F107/><W1/><G97/><N who="0" m="57479" /><D102/><U42/><E42/><V81/><F81/><W27/><G96/><T119/><D119/><U9/><E9/><V48/><F48/><W76/><G1/><T116/><D116/><U29/><E29/><V126/><F126/><W114/><G114/><T129/><D129/><U35/><E35/><V89/><F89/><N who="3" m="53423" /><G77/><T131/><D131/><U2/><E2/><V118/><F118/><W54/><G76/><T44/><D100/><RYUUKYOKU ba="0,1" sc="250,-15,250,15,240,15,250,-15" hai1="38,40,45,46,47,49,55,59,65,71" hai2="8,11,18,21,22,24,26,28,63,66,70,82,90" /><INIT seed="1,1,1,5,0,32" ten="235,265,255,235" oya="1" hai0="6,92,124,132,69,111,110,38,28,51,64,107,22" hai1="102,9,36,80,101,123,30,116,105,44,114,99,62" hai2="109,55,31,65,130,47,104,24,88,33,73,117,122" hai3="115,68,58,135,119,94,89,11,45,40,5,76,18"/><U17/><E114/><V106/><F117/><W100/><G115/><T21/><D38/><U54/><E116/><V49/><F122/><W8/><G68/><T129/><D107/><U34/><E123/><V1/><F73/><W128/><G119/><T14/><D129/><U53/><E101/><V103/><F109/><W134/><G128/><T60/><D124/><U23/><E9/><V125/><F130/><W42/><G76/><T67/><D132/><N who="3" m="50729" /><G100/><T61/><D51/><U82/><E30/><V16/><F125/><W97/><G18/><T133/><D133/><U13/><E34/><V113/><F113/><W90/><G11/><N who="0" m="4471" /><D92/><U96/><E96/><V2/><F65/><W4/><G4/><T95/><D95/><U57/><REACH who="1" step="1"/><E54/><REACH who="1" ten="235,255,255,235" step="2"/><V93/><F103/><W121/><G121/><T12/><D28/><U19/><E19/><V7/><F16/><W29/><G29/><T70/><D110/><U83/><E83/><V0/><REACH who="2" step="1"/><F7/><REACH who="2" ten="235,255,245,235" step="2"/><W20/><G5/><T126/><D111/><U3/><E3/><V35/><F35/><W56/><G8/><T48/><D126/><U86/><E86/><AGARI ba="1,3" hai="0,1,2,24,31,33,47,49,55,86,88,93,104,106" machi="86" ten="40,8000,1" yaku="1,1,52,3,54,1,53,0" doraHai="32" doraHaiUra="63" who="2" fromWho="1" sc="235,0,255,-83,245,113,235,0" /><INIT seed="2,0,0,0,0,1" ten="235,172,358,235" oya="2" hai0="6,112,96,49,67,32,91,42,37,29,85,82,50" hai1="22,116,79,38,125,74,75,65,66,10,117,133,19" hai2="94,123,3,14,130,114,57,68,43,127,95,52,100" hai3="24,61,118,92,20,78,105,83,2,12,17,36,16"/><V8/><F123/><W9/><G118/><T58/><D112/><U76/><E38/><V88/><F114/><W53/><G105/><T134/><D134/><U45/><E45/><V64/><F3/><W4/><G36/><T122/><D122/><U41/><E41/><V103/><F130/><W69/><G92/><T5/><D37/><U99/><E133/><V111/><F127/><W60/><G69/><T62/><D29/><U55/><E125/><V59/><F43/><W44/><G44/><N who="0" m="25751" /><D32/><U40/><E40/><V54/><F68/><W73/><REACH who="3" step="1"/><G53/><REACH who="3" ten="235,172,358,225" step="2"/><T70/><D70/><U97/><E55/><V129/><F95/><W131/><G131/><T63/><D58/><U115/><E115/><V27/><F129/><W46/><G46/><T34/><D82/><U86/><E86/><V23/><F57/><W25/><G25/><T101/><D85/><U121/><E121/><V13/><F54/><W93/><G93/><T51/><D67/><U106/><E106/><V120/><F64/><W84/><G84/><T119/><D119/><U15/><E117/><V11/><F120/><W31/><G31/><T28/><D28/><U35/><E116/><V108/><F52/><W90/><G90/><T0/><D91/><U18/><E35/><V30/><F59/><W56/><G56/><T7/><D34/><U109/><E109/><V21/><F88/><W126/><G126/><T26/><D51/><U33/><E33/><V107/><F107/><W80/><G80/><T87/><D50/><U104/><E104/><V81/><F108/><W113/><G113/><T72/><D87/><RYUUKYOKU ba="0,1" sc="235,-10,172,-10,358,-10,225,30" hai3="2,4,9,12,16,17,20,24,60,61,73,78,83" /><INIT seed="3,1,1,2,1,66" ten="225,162,348,255" oya="3" hai0="67,132,98,29,91,101,105,83,40,70,81,16,51" hai1="64,65,117,37,25,89,44,108,133,23,15,130,85" hai2="35,48,116,36,5,2,63,4,69,93,127,119,100" hai3="78,45,129,106,14,99,6,73,9,46,75,28,42"/><W107/><G129/><T114/><D29/><U120/><E130/><V90/><F36/><W31/><G46/><T74/><D74/><U88/><E120/><V20/><F35/><W59/><G75/><T56/><D70/><U118/><E108/><V18/><F100/><W26/><G31/><T53/><D132/><U57/><E133/><V92/><F127/><W115/><G115/><T1/><D1/><U126/><E126/><V111/><F111/><W49/><G99/><T13/><D67/><U97/><E15/><V84/><F63/><W33/><REACH who="3" step="1"/><G59/><REACH who="3" ten="225,162,348,245" step="2"/><T125/><D56/><U30/><E57/><V62/><F119/><W22/><G22/><T96/><D96/><U95/><E118/><V52/><F116/><W47/><G47/><T27/><D98/><U21/><E117/><V123/><F20/><W77/><G77/><T113/><D125/><U32/><E21/><V12/><F123/><W86/><G86/><T109/><D114/><U72/><E72/><V87/><F84/><W41/><G41/><T61/><D40/><U55/><E32/><V71/><F87/><W122/><G122/><T17/><D113/><U38/><E38/><V128/><F128/><W54/><G54/><T39/><D53/><U134/><E134/><V131/><F52/><W7/><G7/><T0/><D39/><U80/><REACH who="1" step="1"/><E37/><REACH who="1" ten="225,152,348,245" step="2"/><V24/><F131/><W135/><G135/><T60/><D109/><U112/><E112/><V3/><F4/><W43/><G43/><T79/><D79/><U104/><E104/><V82/><F5/><W50/><G50/><AGARI ba="1,3" hai="23,25,30,44,50,55,64,65,80,85,88,89,95,97" machi="50" ten="40,5200,0" yaku="1,1,8,1,54,1,53,0" doraHai="66" doraHaiUra="110" who="1" fromWho="3" sc="225,0,152,85,348,0,245,-55" owari="225,-17.5,237,3.7,348,44.8,190,-31.0" /></mjloggm>