<mjloggm ver="2.3"><GO type="225" lobby="0"/><UN n0="%E4%B8%89%E5%88%86%E5%B0%8F%E5%83%A7" n1="%6D%75%75%73%61%6E%6D%75" n2="%E6%98%93%E5%88%A9%E8%96%A9%E4%BC%AF" n3="%E8%A8%88%E7%AE%97%E6%A9%9F%E8%87%AA%E7%84%B6" dan="16,17,16,17" rate="2079.12,2151.03,2109.30,2184.01" sx="M,F,F,M"/><TAIKYOKU oya="0"/><INIT seed="0,0,0,4,2,119" ten="250,250,250,250" oya="0" hai0="6,13,41,114,64,62,23,63,7,3,122,33,93" hai1="77,125,133,110,4,94,49,87,99,31,126,92,55" hai2="24,103,65,97,32,12,14,59,57,116,117,44,46" hai3="1,75,88,52,38,84,132,129,89,80,86,121,56"/><T34/><D114/><U15/><E110/><V2/><F2/><W135/><G1/><T8/><D122/><U18/><E133/><N who="3" m="51274" /><G38/><T5/><D41/><U50/><E31/><V127/><F127/><N who="1" m="48649" /><E4/><N who="0" m="1641" /><D93/><N who="1" m="35947" /><E99/><V76/><F76/><N who="3" m="44063" /><G129/><T78/><D78/><U40/><E40/><V72/><F72/><W22/><G22/><T83/><D83/><N who="1" m="47599" /><E55/><V68/><F68/><W115/><G115/><T60/><D64/><U112/><E112/><V91/><F65/><W131/><G131/><T120/><D120/><U48/><E48/><V71/><F71/><W90/><G121/><T73/><D73/><U51/><E51/><AGARI ba="0,0" hai="51,52,56,84,86,88,89,90" m="44063,51274" machi="51" ten="30,3900,0" yaku="20,1,54,2" doraHai="119" who="3" fromWho="1" sc="250,0,250,-39,250,0,250,39" /><INIT seed="1,0,0,5,1,51" ten="250,211,250,289" oya="1" hai0="32,47,75,23,16,133,104,11,34,59,40,36,105" hai1="79,90,99,8,87,62,0,93,132,5,109,72,25" hai2="41,112,30,85,96,1,81,24,64,28,129,74,14" hai3="27,69,97,48,35,106,46,84,113,123,86,67,100"/><U65/><E132/><V130/><F1/><W82/><G123/><T92/><D133/><U76/><E109/><V77/><F112/><W20/><G113/><T19/><D75/><U38/><E72/><V44/><F64/><W110/><G110/><T122/><D122/><U89/><E38/><V10/><F74/><W6/><G6/><T29/><D11/><U114/><E25/><V55/><F96/><W60/><G82/><T107/><D92/><U83/><REACH who="1" step="1"/><E114/><REACH who="1" ten="250,201,250,289" step="2"/><V120/><F120/><W2/><G2/><T91/><D34/><U52/><E52/><V13/><F55/><N who="3" m="30103" /><G20/><T88/><D32/><U115/><E115/><V42/><F42/><W49/><G49/><T68/><D23/><U103/><E103/><V26/><F24/><W39/><G39/><T63/><D36/><U134/><E134/><V125/><F26/><W94/><G27/><T117/><D40/><U7/><E7/><V56/><F41/><W101/><G35/><T54/><D54/><U126/><E126/><V33/><F125/><W71/><G100/><T135/><D135/><U45/><E45/><V73/><F73/><W12/><G101/><T43/><D47/><U124/><E124/><V21/><F44/><W4/><G4/><T70/><D43/><U111/><E111/><V53/><F33/><W80/><G12/><T17/><D63/><U95/><E95/><V108/><F108/><W119/><G60/><T58/><D105/><U121/><E121/><V118/><F14/><W102/><G106/><T61/><D107/><U128/><E128/><V116/><F130/><W9/><G102/><RYUUKYOKU ba="0,1" sc="250,-10,201,30,250,-10,289,-10" hai1="0,5,8,62,65,76,79,83,87,89,90,93,99" /><INIT seed="1,1,1,3,4,122" ten="240,231,240,279" oya="1" hai0="38,113,48,76,0,124,11,105,60,94,4,79,78" hai1="26,74,110,19,29,15,90,27,114,34,104,89,93" hai2="100,59,95,41,127,36,102,118,67,31,17,43,72" hai3="55,91,14,70,68,128,46,125,92,86,56,73,126"/><U13/><E104/><V7/><F118/><W61/><G73/><T84/><D113/><U39/><E114/><V23/><F72/><W77/><G128/><T96/><D38/><U129/><E129/><V99/><F127/><N who="3" m="48651" /><G77/><T22/><D124/><U120/><E120/><V98/><F7/><W45/><G14/><T133/><D133/><U12/><E74/><V103/><F36/><W117/><G117/><T54/><D60/><U53/><E39/><V81/><F81/><W50/><G45/><T80/><D105/><U21/><E110/><V33/><F33/><W135/><G135/><T130/><D22/><U6/><E53/><AGARI ba="1,1" hai="46,50,53,55,56,61,68,70,86,91,92" m="48651" machi="53" ten="30,1000,0" yaku="18,1" doraHai="122" who="3" fromWho="1" sc="240,0,231,-13,240,0,279,23" /><INIT seed="2,0,0,0,2,33" ten="240,218,240,302" oya="2" hai0="88,49,96,117,100,37,77,4,110,74,51,72,84" hai1="43,28,112,132,71,55,36,115,21,94,81,108,44" hai2="3,85,118,58,93,0,83,111,60,46,39,70,73" hai3="31,109,15,34,95,123,52,91,120,29,30,99,65"/><V69/><F118/><W40/><G34/><T98/><D37/><U61/><E108/><V11/><F93/><W67/><G40/><T114/><D114/><U53/><E132/><V8/><F58/><W101/><G109/><T135/><D110/><U59/><E71/><N who="2" m="27147" /><F85/><W26/><G26/><T116/><D135/><U22/><E53/><V66/><F11/><W18/><G123/><T92/><D4/><U129/><E129/><V128/><F8/><N who="3" m="6503" /><G120/><T126/><D126/><U5/><E5/><V42/><F111/><W76/><G76/><T113/><D113/><U45/><E45/><V27/><F27/><W12/><G12/><T41/><D98/><U87/><E28/><V10/><F10/><W56/><G101/><T130/><D130/><U48/><E112/><V32/><F128/><W1/><G1/><N who="2" m="585" /><F60/><AGARI ba="0,0" hai="29,30,31,52,56,60,65,67,91,95,99" m="6503" machi="60" ten="30,2000,0" yaku="8,1,54,1" doraHai="33" who="3" fromWho="2" sc="240,0,218,0,240,-20,302,20" /><INIT seed="3,0,0,5,5,130" ten="240,218,220,322" oya="3" hai0="9,66,80,34,16,37,63,44,74,14,93,102,8" hai1="76,5,49,112,22,121,115,29,32,41,100,131,19" hai2="79,123,54,38,45,126,51,95,64,98,103,47,67" hai3="96,55,25,109,117,113,134,88,114,27,13,18,133"/><W104/><G117/><T42/><D34/><U40/><E121/><V46/><F123/><W83/><G109/><T56/><D8/><U0/><E131/><V106/><F126/><W53/><G27/><T57/><D57/><U59/><E100/><V105/><F79/><W61/><G25/><T78/><D93/><U128/><E128/><V15/><F38/><W1/><G1/><T7/><REACH who="0" step="1"/><D102/><REACH who="0" ten="230,218,220,322" step="2"/><U4/><E112/><V125/><F125/><W81/><G113/><T108/><D108/><U129/><E115/><V3/><F106/><W107/><G114/><T62/><D62/><U10/><E129/><V28/><F105/><W68/><G61/><T39/><D39/><U60/><E4/><AGARI ba="0,1" hai="4,7,9,14,16,37,42,44,56,63,66,74,78,80" machi="4" ten="40,2600,0" yaku="1,1,54,1,53,0" doraHai="130" doraHaiUra="116" who="0" fromWho="1" sc="230,36,218,-26,220,0,322,0" owari="266,6.6,192,-30.8,220,-18.0,322,42.2" /></mjloggm>