<mjloggm ver="2.3"><GO type="225" lobby="0"/><UN n0="%74%2E%6F%2E%6F%2E%73" n1="%E8%90%BD%E6%97%A5" n2="%E4%B8%89%E5%88%86%E5%B0%8F%E5%83%A7" n3="%E5%85%88%E7%89%A9%E3%81%AF%74%72%61%73%68" dan="17,17,16,17" rate="2112.33,2213.80,2095.78,2155.87" sx="M,F,M,M"/><TAIKYOKU oya="0"/><INIT seed="0,0,0,3,2,60" ten="250,250,250,250" oya="0" hai0="55,134,102,119,62,95,27,30,72,28,101,110,36" hai1="120,33,133,58,77,131,90,7,124,47,126,0,8" hai2="53,111,97,92,46,84,85,108,75,39,63,22,76" hai3="127,32,65,25,5,71,1,4,45,13,99,34,118"/><T11/><D119/><U18/><E120/><V70/><F75/><W24/><G118/><T40/><D72/><U130/><E77/><V49/><F39/><W35/><G127/><N who="1" m="48682" /><E47/><V20/><F70/><W67/><G71/><T61/><D36/><U88/><E33/><V121/><F121/><W93/><G1/><T57/><D40/><U51/><E18/><V43/><F63/><W23/><G45/><T94/><D134/><U44/><E58/><V129/><F129/><N who="1" m="49161" /><E133/><V26/><F43/><AGARI ba="0,0" hai="0,7,8,43,44,51,88,90" m="49161,48682" machi="43" ten="30,3900,0" yaku="18,1,19,1,54,1" doraHai="60" who="1" fromWho="2" sc="250,0,250,39,250,-39,250,0" /><INIT seed="1,0,0,1,3,19" ten="250,289,211,250" oya="1" hai0="32,103,87,50,101,24,34,46,56,29,1,121,27" hai1="93,37,51,107,124,132,35,105,58,3,97,118,53" hai2="36,133,66,82,84,123,63,41,68,134,38,88,7" hai3="86,131,102,48,113,47,31,5,52,98,28,110,54"/><U104/><E3/><V44/><F123/><W74/><G74/><T12/><D1/><U77/><E35/><V49/><REACH who="2" step="1"/><F7/><REACH who="2" ten="250,289,201,250" step="2"/><W30/><G5/><T17/><D121/><U57/><E118/><V100/><F100/><W73/><G102/><T91/><D103/><U83/><E124/><V99/><F99/><W111/><G98/><T116/><D101/><U69/><E132/><AGARI ba="0,1" hai="36,38,41,44,49,63,66,68,82,84,88,132,133,134" machi="132" ten="40,8000,1" yaku="1,1,20,1,54,1,53,1" doraHai="19" doraHaiUra="62" who="2" fromWho="1" sc="250,0,289,-80,201,90,250,0" /><INIT seed="2,0,0,3,3,15" ten="250,209,291,250" oya="2" hai0="116,25,58,46,16,60,66,111,80,30,54,94,132" hai1="22,91,118,74,70,63,101,18,129,24,35,75,92" hai2="42,89,104,114,23,9,55,115,43,41,47,134,21" hai3="45,33,108,102,131,73,98,112,44,4,1,0,109"/><V27/><F134/><W126/><G73/><T36/><D111/><N who="3" m="42569" /><G131/><T50/><D132/><U71/><E118/><V110/><F110/><W120/><G120/><T37/><D116/><U128/><E101/><V81/><F104/><W117/><G117/><T69/><D94/><U28/><E74/><V86/><F9/><W84/><G33/><T17/><D80/><U113/><E75/><V133/><F133/><W11/><G126/><T83/><D83/><U79/><E79/><V2/><F2/><N who="3" m="1131" /><G84/><T105/><D105/><U82/><E82/><V57/><F47/><W5/><G112/><T97/><D97/><U65/><E71/><V103/><F103/><W124/><G124/><T123/><D123/><U77/><E77/><V56/><F56/><W135/><G135/><T67/><D67/><U100/><E100/><V29/><REACH who="2" step="1"/><F21/><REACH who="2" ten="250,209,281,250" step="2"/><W121/><G121/><T32/><D36/><U127/><E127/><V49/><AGARI ba="0,1" hai="23,27,29,41,42,43,49,55,57,81,86,89,114,115" machi="49" ten="30,6000,0" yaku="1,1,2,1,0,1,53,0" doraHai="15" doraHaiUra="106" who="2" fromWho="2" sc="250,-20,209,-20,281,70,250,-20" /><INIT seed="2,1,0,0,1,100" ten="230,189,351,230" oya="2" hai0="43,21,96,54,83,130,34,19,41,69,124,71,44" hai1="6,0,122,120,73,109,33,26,118,37,115,48,35" hai2="2,66,133,87,134,65,68,129,85,58,81,14,47" hai3="127,51,29,82,64,80,128,53,67,79,102,74,56"/><V40/><F2/><W42/><G128/><T59/><D34/><U46/><E48/><V30/><F68/><W55/><G127/><T11/><D130/><U60/><E60/><V75/><F75/><W50/><G42/><T98/><D124/><U88/><E88/><V121/><F121/><N who="1" m="46697" /><E115/><V38/><F30/><W16/><G29/><T52/><D83/><U62/><E62/><V119/><F119/><W9/><G102/><T110/><D110/><U116/><E73/><V92/><F92/><W25/><G82/><T103/><D11/><N who="1" m="2503" /><E109/><V111/><F111/><W10/><G10/><T123/><D123/><U107/><E107/><V113/><F113/><W77/><G77/><T91/><D91/><U72/><E72/><V45/><F129/><W104/><G104/><T7/><D7/><U94/><E94/><V12/><F58/><W18/><G9/><T78/><D78/><U17/><E17/><V20/><F81/><W70/><G70/><T105/><D96/><U5/><E5/><V23/><F40/><W135/><G18/><T131/><D131/><U76/><E76/><V99/><F38/><W1/><G1/><T132/><D41/><N who="1" m="22831" /><E26/><V31/><REACH who="2" step="1"/><F31/><REACH who="2" ten="230,189,341,230" step="2"/><W22/><G74/><T39/><D69/><U108/><E108/><V84/><F84/><W97/><G80/><T117/><D71/><U101/><E101/><V3/><F3/><W49/><G56/><T24/><D59/><U63/><E63/><V32/><F32/><AGARI ba="1,1" hai="32,33,35,116,118" m="22831,2503,46697" machi="32" ten="30,2000,0" yaku="13,1,23,1" doraHai="100" who="1" fromWho="2" sc="230,0,189,33,341,-23,230,0" /><INIT seed="3,0,0,3,2,134" ten="230,222,318,230" oya="3" hai0="84,12,65,98,22,9,2,108,131,119,90,77,127" hai1="53,16,89,107,27,8,121,45,135,86,111,112,48" hai2="105,85,42,32,29,114,39,118,17,23,70,10,109" hai3="95,25,36,130,35,6,83,110,11,34,96,72,113"/><W55/><G113/><T66/><D119/><U37/><E112/><V126/><F114/><W104/><G104/><T63/><D2/><U26/><E121/><V73/><F126/><W60/><G36/><T33/><D33/><U5/><E107/><V40/><F109/><W3/><G130/><T69/><D127/><U78/><E135/><V129/><F73/><W124/><G124/><T28/><D108/><U4/><E111/><V59/><F70/><W64/><G55/><T132/><D132/><U52/><E78/><V19/><F39/><W94/><G110/><T43/><D131/><U71/><E71/><V117/><F32/><W103/><G95/><N who="0" m="56695" /><D69/><U18/><E37/><V7/><F105/><W76/><REACH who="3" step="1"/><G25/><REACH who="3" ten="230,222,318,220" step="2"/><N who="1" m="9226" /><E53/><V99/><F129/><W30/><G30/><T58/><D28/><U87/><E87/><V115/><F85/><W97/><G97/><T56/><D84/><U81/><E18/><V62/><F99/><W57/><AGARI ba="0,1" hai="3,6,11,34,35,57,60,64,72,76,83,94,96,103" machi="57" ten="20,3900,0" yaku="1,1,0,1,7,1,53,0" doraHai="134" doraHaiUra="133" who="3" fromWho="3" sc="230,-13,222,-13,318,-13,220,49" /><INIT seed="3,1,0,4,4,114" ten="217,209,305,269" oya="3" hai0="79,112,109,24,126,50,121,124,48,36,35,1,5" hai1="97,99,123,91,52,23,34,103,80,111,39,87,10" hai2="30,18,88,108,69,133,46,20,73,128,117,21,56" hai3="71,77,2,89,96,47,41,64,37,70,105,16,8"/><W86/><G64/><T40/><D121/><U62/><E34/><V100/><F117/><W125/><G125/><T78/><D36/><U84/><E39/><V134/><F69/><W110/><G77/><N who="0" m="29195" /><D40/><U81/><E123/><V57/><F108/><W106/><G110/><T115/><D109/><U49/><E111/><V66/><F73/><W65/><G2/><T68/><D68/><U38/><E38/><V76/><F76/><W19/><G71/><T29/><D5/><U14/><E62/><N who="2" m="38215" /><F100/><W119/><G119/><T22/><D35/><U42/><E42/><V129/><F88/><W32/><G32/><T58/><D1/><U63/><E63/><V15/><F57/><W113/><G113/><N who="0" m="43595" /><D58/><N who="1" m="33039" /><E23/><V54/><F46/><W45/><G45/><T131/><D131/><N who="2" m="50250" /><F54/><W55/><G55/><T31/><D31/><U33/><E33/><V4/><F4/><W104/><G8/><T60/><D60/><U132/><E103/><V9/><F9/><W43/><G43/><T120/><D120/><U130/><E130/><V7/><F7/><W135/><G70/><T27/><D124/><U118/><E118/><V0/><F0/><W6/><G6/><T72/><D72/><U93/><E132/><V28/><F28/><W11/><G135/><T13/><D126/><U82/><E87/><V12/><F30/><W17/><G65/><T25/><D29/><U95/><E95/><V75/><F75/><W94/><G11/><T51/><D51/><U102/><E102/><V98/><F98/><W74/><G74/><T107/><D107/><U85/><E99/><V92/><F92/><RYUUKYOKU ba="1,0" sc="217,0,209,0,305,0,269,0" hai0="13,22,24,25,27,48,50" hai1="10,14,80,81,82,84,85,91,93,97" hai2="12,15,18,20,21,133,134" hai3="16,17,19,37,41,47,86,89,94,96,104,105,106" /><INIT seed="3,2,0,5,3,115" ten="217,209,305,269" oya="3" hai0="45,122,79,74,134,60,11,81,92,53,8,114,131" hai1="33,55,123,65,10,82,66,6,135,44,71,51,106" hai2="7,14,69,121,73,120,39,109,24,4,96,100,61" hai3="36,68,84,77,38,125,112,99,9,63,64,86,76"/><W18/><G112/><T47/><D122/><N who="2" m="47210" /><F109/><W104/><G125/><T95/><D114/><U116/><E123/><V105/><F73/><W98/><G9/><T15/><D131/><U2/><E106/><V78/><F78/><W103/><G18/><T87/><D134/><U16/><E135/><V101/><F101/><W50/><G50/><T88/><D8/><U83/><E33/><V32/><F14/><W40/><G40/><T21/><D21/><U20/><E116/><V54/><F39/><W30/><G30/><T49/><D60/><U80/><REACH who="1" step="1"/><E71/><REACH who="1" ten="217,199,305,269" step="2"/><V25/><F69/><W85/><G104/><T113/><D113/><U31/><E31/><N who="2" m="19559" /><F25/><AGARI ba="2,1" hai="2,6,10,16,20,25,44,51,55,65,66,80,82,83" machi="25" ten="40,5200,0" yaku="1,1,54,1,53,1" doraHai="115" doraHaiUra="34" who="1" fromWho="2" sc="217,0,199,68,305,-58,269,0" /><INIT seed="4,0,0,5,4,86" ten="217,267,247,269" oya="0" hai0="126,18,87,54,88,65,85,83,122,98,114,7,32" hai1="99,131,26,17,43,11,75,34,100,59,105,66,128" hai2="113,40,5,80,44,46,84,20,118,130,121,48,33" hai3="76,129,103,82,73,31,107,53,41,79,70,39,14"/><T19/><D122/><U74/><E43/><V115/><F33/><W124/><G70/><T28/><D114/><N who="2" m="43530" /><F121/><W77/><G129/><N who="1" m="49738" /><E11/><V10/><F20/><W50/><G124/><T94/><D126/><U119/><E119/><V81/><F130/><W0/><G0/><T24/><D65/><U123/><E123/><V35/><F35/><W95/><G31/><T110/><D110/><U67/><E59/><V64/><F64/><N who="1" m="24617" /><E17/><V106/><F106/><W29/><G107/><T116/><D116/><U42/><E42/><N who="2" m="24599" /><F118/><W49/><G41/><T56/><D7/><U38/><E38/><N who="2" m="21783" /><F84/><W92/><G39/><T125/><D125/><U111/><E111/><V104/><F104/><W102/><G73/><T4/><D4/><U127/><E127/><V63/><F63/><W51/><G51/><T15/><D15/><AGARI ba="0,0" hai="5,10,15,80,81" m="21783,24599,43530" machi="15" ten="30,1000,0" yaku="15,1" doraHai="86" who="2" fromWho="0" sc="217,-10,267,0,247,10,269,0" /><INIT seed="5,0,0,3,2,12" ten="207,267,257,269" oya="1" hai0="72,127,91,22,60,31,55,13,81,40,87,125,119" hai1="23,103,18,97,133,46,126,43,105,113,4,41,130" hai2="45,0,11,112,111,38,96,16,123,75,74,2,110" hai3="20,131,67,64,15,102,98,85,57,42,6,89,26"/><U61/><E113/><V8/><F123/><W59/><G131/><T100/><D119/><U47/><E130/><V3/><F112/><W109/><G109/><T69/><D40/><U86/><E133/><V80/><F96/><W135/><G135/><T56/><D100/><U128/><E128/><V76/><F75/><W29/><G42/><T118/><D118/><U27/><E126/><V106/><F106/><W51/><G6/><T52/><D69/><U10/><E86/><V25/><F11/><W104/><G15/><T92/><D55/><U58/><E46/><V9/><F9/><W32/><G32/><T122/><D122/><U95/><E47/><V134/><F134/><W83/><G51/><T132/><D132/><U50/><E50/><V14/><REACH who="2" step="1"/><F25/><REACH who="2" ten="207,267,247,269" step="2"/><W53/><G104/><T66/><D125/><U82/><E105/><V94/><F94/><W99/><G98/><T116/><D127/><U34/><E82/><V30/><F30/><W39/><G26/><T19/><D116/><U48/><E34/><V68/><F68/><W54/><G83/><T121/><D121/><U70/><E70/><V114/><F114/><W77/><G99/><T49/><D31/><U124/><E124/><V17/><F17/><W78/><G29/><T88/><D72/><U115/><E115/><V24/><F24/><W73/><G73/><T62/><D66/><N who="1" m="39223" /><E4/><V117/><F117/><W108/><G67/><T35/><D35/><U37/><E10/><V107/><F107/><W7/><G64/><T90/><D92/><U33/><E33/><V101/><F101/><W93/><G102/><RYUUKYOKU ba="0,1" sc="207,15,267,-15,247,15,269,-15" hai0="13,19,22,49,52,56,60,62,81,87,88,90,91" hai2="0,2,3,8,14,16,38,45,74,76,80,110,111" /><INIT seed="6,1,1,1,3,130" ten="222,252,262,254" oya="2" hai0="43,106,27,70,115,34,124,78,54,39,133,97,25" hai1="19,60,38,72,35,52,28,61,14,44,23,121,29" hai2="33,117,87,42,24,132,26,95,7,73,126,59,119" hai3="75,62,3,110,49,77,107,125,127,1,131,79,66"/><V64/><F73/><W94/><G107/><T122/><D54/><U123/><E72/><V89/><F126/><N who="3" m="48139" /><G110/><T85/><D124/><U46/><E38/><V113/><F113/><W91/><G131/><T47/><D122/><N who="1" m="46603" /><E35/><V111/><F132/><W116/><G49/><T55/><D55/><U120/><N who="1" m="46611" /><U15/><DORA hai="104" /><E15/><V0/><F111/><W98/><G116/><T63/><D115/><U129/><E129/><V2/><F42/><W82/><G79/><T12/><D12/><U57/><E61/><V32/><F7/><W6/><G6/><T22/><D34/><U36/><E46/><V135/><F135/><W69/><AGARI ba="1,1" hai="1,3,62,66,69,75,77,82,91,94,98" m="48139" machi="69" ten="30,2000,0" yaku="18,1,52,1" doraHai="130,104" who="3" fromWho="3" sc="222,-6,252,-6,262,-11,254,33" /><INIT seed="7,0,0,2,0,37" ten="216,246,251,287" oya="3" hai0="116,74,17,84,114,119,102,124,75,103,107,56,90" hai1="35,123,13,28,104,80,126,7,125,77,22,63,29" hai2="27,72,68,95,58,10,92,69,1,60,98,64,67" hai3="100,53,131,9,111,26,101,128,41,62,3,20,70"/><W57/><G70/><T121/><D17/><N who="1" m="10543" /><E123/><V16/><F72/><N who="0" m="27690" /><D56/><U99/><E7/><V46/><F46/><W48/><G111/><T23/><D23/><U87/><E63/><V49/><F49/><W106/><G106/><T55/><D55/><U108/><E108/><V85/><F85/><W135/><G135/><T33/><D33/><U76/><E76/><V8/><F95/><W118/><G118/><N who="0" m="45099" /><D121/><U42/><E35/><V44/><F44/><N who="3" m="25615" /><G9/><T83/><D124/><N who="1" m="47723" /><E42/><V127/><F127/><W78/><G3/><T120/><D120/><U47/><E47/><V89/><F1/><W4/><G4/><T91/><D114/><U43/><E43/><V132/><F132/><W82/><G20/><T54/><D54/><U24/><E24/><V115/><F115/><W71/><G26/><T51/><D51/><U15/><E15/><N who="2" m="7271" /><F69/><W134/><G71/><T113/><D113/><U86/><E86/><V129/><F68/><W19/><G134/><T39/><D39/><U109/><E109/><V21/><F10/><W25/><G53/><T0/><D0/><U52/><E52/><N who="2" m="33863" /><F129/><W81/><G131/><T66/><D66/><U122/><E122/><V93/><F93/><W112/><G128/><T110/><D110/><U18/><E18/><AGARI ba="0,0" hai="18,21,27,64,67,89,92,98" m="33863,7271" machi="18" ten="30,7700,0" yaku="25,1,8,1,54,2" doraHai="37" who="2" fromWho="1" sc="216,0,246,-77,251,77,287,0" owari="216,-18.4,169,-33.1,328,42.8,287,8.7" /></mjloggm>