<mjloggm ver="2.3"><GO type="225" lobby="0"/><UN n0="%33%74%72%65%65" n1="%E5%B8%86%E7%AB%8B%E5%A4%8F%E8%A1%A3" n2="%E3%82%BC%E3%83%AB%E3%83%80%E3%81%AE%E4%BC%9D%E8%AA%AC" n3="%E3%81%B5%E3%81%98%E3%81%8B%E3%81%A4" dan="16,16,18,16" rate="2150.02,2194.20,2235.92,2147.14" sx="F,M,M,M"/><TAIKYOKU oya="0"/><INIT seed="0,0,0,5,0,93" ten="250,250,250,250" oya="0" hai0="101,126,121,40,89,98,74,33,49,132,7,25,63" hai1="42,111,11,24,46,90,112,23,62,94,64,52,41" hai2="26,134,129,58,37,22,77,81,120,50,32,115,100" hai3="45,54,75,83,51,108,102,68,114,57,71,118,92"/><T18/><D121/><U73/><E111/><V125/><F120/><W15/><G118/><T116/><D116/><U14/><E73/><V99/><F37/><W113/><G108/><T10/><D74/><U110/><E112/><V9/><F115/><W135/><G135/><T82/><D132/><U16/><E110/><V30/><F134/><W61/><G15/><T38/><D38/><U105/><E105/><V97/><F125/><W4/><G4/><T79/><D126/><U70/><E46/><V5/><F32/><W65/><G114/><T8/><D89/><U87/><REACH who="1" step="1"/><E52/><REACH who="1" ten="250,240,250,250" step="2"/><N who="2" m="32023" /><F129/><W39/><G113/><T48/><D40/><U123/><E123/><V59/><F59/><W109/><G109/><T76/><D63/><U29/><AGARI ba="0,1" hai="11,14,16,23,24,29,41,42,62,64,70,87,90,94" machi="29" ten="20,5200,0" yaku="1,1,0,1,7,1,54,1,53,0" doraHai="93" doraHaiUra="2" who="1" fromWho="1" sc="250,-26,240,62,250,-13,250,-13" /><INIT seed="1,0,0,2,5,96" ten="224,302,237,237" oya="1" hai0="77,62,86,108,120,40,95,89,82,125,119,133,110" hai1="26,52,135,46,112,56,2,107,127,22,83,50,98" hai2="121,114,53,7,102,61,103,15,4,41,117,27,93" hai3="75,134,11,28,74,84,104,113,65,10,47,19,90"/><U6/><E112/><V67/><F117/><W8/><G113/><T111/><D119/><U51/><E135/><V54/><F121/><W118/><G118/><T109/><N who="0" m="27648" /><DORA hai="31" /><T18/><D133/><U33/><E127/><V34/><F114/><W64/><G134/><T25/><D125/><U128/><E128/><V23/><F41/><W35/><G104/><T80/><D120/><U58/><E6/><N who="2" m="2091" /><F34/><W60/><G19/><T131/><D131/><U32/><E83/><V17/><F93/><W79/><G79/><T24/><D40/><U30/><E2/><V71/><F71/><W48/><G65/><T44/><D44/><U129/><E129/><V59/><F15/><W72/><G28/><T100/><D62/><U101/><E58/><N who="2" m="37303" /><F53/><AGARI ba="0,0" hai="22,26,30,32,33,46,50,51,52,53,56,98,101,107" machi="53" ten="30,12000,1" yaku="7,1,52,3,54,1" doraHai="96,31" who="1" fromWho="2" sc="224,0,302,120,237,-120,237,0" /><INIT seed="1,1,0,5,3,31" ten="224,422,117,237" oya="1" hai0="109,133,56,49,51,20,29,3,73,78,100,63,46" hai1="59,17,48,91,36,45,102,15,26,117,54,104,120" hai2="129,47,116,57,50,131,103,19,22,92,111,75,97" hai3="0,58,118,81,99,12,115,76,21,123,32,34,88"/><U53/><E117/><V16/><F116/><W28/><G123/><T105/><D109/><U52/><E120/><V96/><F111/><W44/><G115/><T72/><D133/><U27/><E104/><V127/><F75/><W33/><G0/><T119/><D119/><U42/><E102/><V67/><F127/><W89/><G118/><T1/><D105/><U68/><E68/><V18/><F22/><W35/><G99/><T13/><D100/><U107/><E107/><V121/><F121/><W134/><G134/><T6/><D51/><U60/><E91/><V23/><F96/><W8/><G44/><T106/><D106/><U41/><E41/><V14/><F129/><W80/><G58/><T135/><D135/><U132/><E132/><V37/><F37/><W39/><G39/><T90/><D90/><U87/><E87/><V95/><F95/><W40/><G40/><T7/><D7/><U66/><REACH who="1" step="1"/><E36/><REACH who="1" ten="224,412,117,237" step="2"/><V94/><F131/><W9/><G89/><T2/><D72/><U43/><E43/><V4/><F103/><W55/><G88/><T83/><D73/><U70/><E70/><V98/><F98/><W84/><G84/><T69/><D69/><U25/><E25/><V101/><F94/><W82/><G76/><T77/><D77/><U10/><AGARI ba="1,1" hai="10,15,17,26,27,42,45,48,52,53,54,59,60,66" machi="10" ten="30,12000,1" yaku="1,1,0,1,8,1,54,1,53,1" doraHai="31" doraHaiUra="11" who="1" fromWho="1" sc="224,-41,412,133,117,-41,237,-41" /><INIT seed="1,2,0,4,5,8" ten="183,545,76,196" oya="1" hai0="117,133,89,9,4,59,85,45,19,80,39,13,65" hai1="27,28,71,3,124,106,99,68,114,32,87,0,23" hai2="131,109,73,22,108,104,43,12,6,24,112,130,20" hai3="67,61,92,30,16,57,50,42,116,77,1,70,94"/><U128/><E114/><V21/><F73/><W91/><G1/><N who="1" m="586" /><E23/><V134/><F104/><W11/><G116/><T29/><D133/><U88/><E87/><V60/><F43/><W75/><G30/><T44/><D117/><U111/><E88/><V113/><F60/><W40/><G75/><T18/><D29/><U37/><E37/><V47/><F47/><N who="0" m="17994" /><D39/><U64/><E128/><N who="2" m="49195" /><F24/><W101/><G77/><T17/><D59/><U100/><E124/><V51/><F51/><W90/><G101/><T41/><D41/><N who="3" m="15977" /><G50/><T120/><D120/><U14/><E71/><V110/><F134/><W132/><G70/><T135/><D135/><U86/><E86/><V69/><F69/><W76/><G76/><T122/><D122/><U83/><E111/><V25/><F25/><W78/><G78/><T56/><D56/><U95/><E68/><V31/><F31/><W7/><G132/><T119/><D119/><U53/><E28/><V81/><F81/><W74/><G74/><T127/><D127/><U52/><E83/><V121/><F121/><W79/><G79/><T36/><D36/><U35/><E35/><V115/><F6/><W123/><G7/><T107/><D107/><U49/><E106/><V55/><F55/><W103/><G123/><T72/><D72/><U98/><E53/><V48/><F48/><W46/><G46/><T129/><D129/><U102/><E52/><V63/><F63/><W93/><G103/><T38/><D38/><U62/><E49/><V34/><F34/><W105/><G105/><T82/><D82/><U15/><E62/><V10/><F10/><RYUUKYOKU ba="2,0" sc="183,10,545,-30,76,10,196,10" hai0="4,9,13,17,18,19,65,80,85,89" hai2="12,20,21,22,108,109,110,112,113,115" hai3="11,16,57,61,67,90,91,92,93,94" /><INIT seed="2,3,0,1,2,98" ten="193,515,86,206" oya="2" hai0="61,42,96,40,9,52,81,35,106,113,13,92,80" hai1="2,112,14,74,29,86,20,5,83,44,46,67,36" hai2="72,49,53,87,130,84,7,48,17,19,91,95,56" hai3="64,90,63,33,27,28,85,68,78,89,82,50,127"/><V126/><F126/><W88/><REACH who="3" step="1"/><G50/><REACH who="3" ten="193,515,86,196" step="2"/><T26/><D113/><U118/><E112/><V104/><F130/><W129/><G129/><T58/><D106/><U62/><E46/><V4/><F72/><W51/><G51/><T119/><D119/><U103/><E44/><V16/><F104/><W110/><G110/><T59/><D42/><U43/><E43/><V131/><F131/><W107/><G107/><T116/><D40/><U66/><E74/><V117/><F117/><W45/><G45/><T100/><D116/><U54/><E118/><V32/><F32/><W76/><G76/><T108/><D108/><U60/><E36/><V69/><F69/><W75/><G75/><T105/><D105/><U101/><E62/><V3/><F3/><W134/><G134/><T133/><D133/><U41/><E60/><V34/><F34/><W57/><G57/><T1/><D1/><U11/><E41/><V55/><F84/><W18/><G18/><T77/><D77/><U102/><E2/><V30/><F30/><W109/><G109/><T135/><D59/><AGARI ba="3,1" hai="4,7,16,17,19,48,49,53,55,56,59,87,91,95" machi="59" ten="40,7700,0" yaku="9,1,8,1,54,1" doraHai="98" who="2" fromWho="0" sc="193,-86,515,0,86,96,196,0" /><INIT seed="2,4,0,1,2,98" ten="107,515,182,196" oya="2" hai0="79,129,71,72,57,53,118,109,97,90,91,15,51" hai1="4,27,31,128,64,23,115,110,123,116,134,10,5" hai2="47,119,130,43,81,3,48,61,37,113,33,100,76" hai3="1,82,32,17,84,50,24,20,121,58,66,107,124"/><V112/><F119/><W63/><G121/><T26/><D118/><U52/><E116/><V86/><F33/><W25/><G124/><T22/><D109/><U65/><E110/><V83/><F130/><W131/><G131/><T8/><D129/><U46/><E128/><V67/><F3/><W9/><G107/><T95/><D71/><U16/><E134/><V102/><F37/><W105/><G105/><T38/><D38/><U117/><E115/><V106/><F81/><W108/><G108/><T77/><D72/><U21/><E123/><V13/><F13/><N who="3" m="7343" /><G1/><T56/><D56/><U42/><E52/><V55/><F43/><W133/><G133/><T125/><D90/><U93/><E93/><V39/><F39/><W62/><G32/><T6/><REACH who="0" step="1"/><D125/><REACH who="0" ten="97,515,182,196" step="2"/><U101/><E117/><V59/><F113/><W34/><G58/><T14/><D14/><U49/><E65/><V132/><F112/><W2/><G66/><T104/><D104/><U78/><E64/><V127/><F132/><W135/><G135/><T94/><D94/><U111/><E111/><V70/><F127/><W85/><G2/><T12/><D12/><U89/><E89/><V7/><F106/><W126/><G126/><T11/><D11/><U45/><E10/><V73/><F73/><W68/><G68/><T29/><AGARI ba="4,1" hai="6,8,15,22,26,29,51,53,57,77,79,91,95,97" machi="29" ten="20,8000,1" yaku="1,1,0,1,7,1,8,1,53,1" doraHai="98" doraHaiUra="19" who="0" fromWho="0" sc="97,102,515,-24,182,-44,196,-24" /><INIT seed="3,0,0,1,5,76" ten="199,491,138,172" oya="3" hai0="77,3,108,114,51,98,130,65,0,29,101,9,84" hai1="95,57,94,35,56,104,79,20,85,100,133,113,43" hai2="109,112,105,14,2,68,21,4,48,8,34,24,32" hai3="60,132,72,66,45,23,134,83,47,58,92,116,81"/><W31/><G116/><T74/><D74/><U33/><E20/><V87/><F105/><W64/><G72/><T1/><D108/><U27/><E85/><V46/><F68/><W118/><G92/><T25/><D130/><U28/><E43/><V69/><F69/><W102/><G102/><T19/><D65/><N who="3" m="25193" /><G118/><T90/><D77/><U67/><E79/><V10/><F112/><W30/><G23/><T17/><D51/><U93/><E113/><V99/><F99/><W18/><G18/><T110/><D110/><U16/><E35/><N who="2" m="13355" /><F87/><W63/><G58/><T39/><D114/><U126/><E57/><V121/><F48/><W86/><G86/><T61/><D84/><U82/><E56/><V107/><F46/><N who="3" m="17419" /><G63/><T12/><D61/><U15/><E67/><V40/><F40/><W91/><G91/><T131/><D90/><U135/><E94/><V127/><F107/><W52/><G52/><T36/><D101/><U124/><E95/><V6/><F109/><W54/><G54/><T13/><D98/><N who="1" m="59471" /><E104/><V111/><F111/><W41/><G41/><T62/><D62/><U123/><E123/><V26/><F121/><W97/><G97/><T49/><D49/><U37/><E16/><N who="2" m="10391" /><F127/><N who="1" m="48681" /><E15/><AGARI ba="0,0" hai="2,4,6,8,10,15,24,26" m="10391,13355" machi="15" ten="30,12000,2" yaku="35,5,54,1" doraHai="76" who="2" fromWho="1" sc="199,0,491,-120,138,120,172,0" owari="199,-20.1,371,47.1,258,5.8,172,-32.8" /></mjloggm>