<mjloggm ver="2.3"><GO type="225" lobby="0"/><UN n0="%E3%81%99%E3%81%84%E3%81%BE%E3%81%9B%E3%83%BC%E3%82%93" n1="%77%72%77%72%77%72%77%72" n2="%28%EF%BF%A3%E2%96%BD%EF%BF%A3%29%CE%B4%E2%8C%92%E3%83%BB" n3="%E3%83%AC%E3%82%A4%E3%83%88%E3%83%B3%E5%87%86%E6%95%99%E6%8E%88" dan="17,16,16,19" rate="2234.46,2131.72,2118.02,2291.23" sx="M,M,M,M"/><TAIKYOKU oya="0"/><INIT seed="0,0,0,5,3,92" ten="250,250,250,250" oya="0" hai0="84,133,29,98,66,30,46,5,4,81,128,12,64" hai1="13,54,19,31,74,69,10,62,90,121,52,0,108" hai2="60,115,88,59,117,55,51,40,122,11,41,127,45" hai3="67,86,116,26,97,1,53,96,106,27,94,25,109"/><T34/><D128/><U95/><E121/><V91/><F122/><W82/><G116/><T24/><D133/><U73/><E108/><V49/><F117/><W56/><G1/><T100/><D29/><U99/><E0/><V63/><F115/><W65/><G106/><T129/><D46/><U107/><E107/><V120/><F120/><W119/><G119/><T43/><D43/><U22/><E69/><V103/><F127/><W134/><G109/><T2/><D2/><U87/><E87/><V32/><F32/><W48/><G134/><T8/><D4/><U104/><E104/><V77/><F77/><N who="3" m="46415" /><G97/><T61/><D129/><U76/><E76/><V80/><F80/><W78/><G78/><T14/><D14/><U33/><E33/><V23/><F103/><AGARI ba="0,0" hai="25,26,27,48,53,56,65,67,94,96,103" m="46415" machi="103" ten="30,2000,0" yaku="8,1,52,1" doraHai="92" who="3" fromWho="2" sc="250,0,250,0,250,-20,250,20" /><INIT seed="1,0,0,2,4,52" ten="250,250,230,270" oya="1" hai0="124,123,60,34,102,35,18,28,133,30,64,27,3" hai1="106,7,48,126,111,130,58,9,79,13,17,14,94" hai2="76,0,87,46,65,108,50,88,11,20,39,116,125" hai3="112,31,69,12,4,115,103,42,85,24,61,110,132"/><U90/><E106/><V127/><F116/><W84/><G110/><T71/><D124/><N who="2" m="47690" /><F108/><W78/><G132/><T47/><D133/><U107/><E107/><V36/><F76/><W41/><G103/><T15/><D3/><U105/><E105/><V26/><F65/><W119/><G119/><T121/><D102/><U99/><E111/><V21/><F11/><W16/><G4/><T91/><D47/><U19/><E126/><V44/><F44/><W109/><G109/><T1/><D1/><U45/><E79/><V97/><F97/><W98/><G98/><T5/><D5/><U59/><E130/><V100/><F100/><W67/><G78/><T23/><D91/><U22/><REACH who="1" step="1"/><E7/><REACH who="1" ten="250,240,230,270" step="2"/><V93/><F0/><W134/><G134/><T55/><D123/><U77/><E77/><V75/><F75/><W122/><G122/><T33/><D121/><U63/><E63/><V117/><F117/><W8/><G112/><T81/><D60/><U89/><E89/><V6/><F6/><W2/><G115/><T38/><D35/><U74/><E74/><V95/><F95/><W29/><G2/><T104/><D34/><U43/><AGARI ba="0,1" hai="9,13,14,17,19,22,43,45,48,58,59,90,94,99" machi="43" ten="20,18000,2" yaku="1,1,0,1,7,1,8,1,52,2,53,1" doraHai="52" doraHaiUra="37" who="1" fromWho="1" sc="250,-60,240,190,230,-60,270,-60" /><INIT seed="1,1,0,4,3,3" ten="190,430,170,210" oya="1" hai0="16,117,11,53,70,111,9,103,120,32,26,92,124" hai1="76,81,123,37,28,116,45,25,18,42,109,61,100" hai2="95,102,94,128,88,84,130,82,7,75,35,6,127" hai3="63,46,12,122,112,47,17,48,119,21,40,90,114"/><U85/><E116/><V34/><F127/><W93/><G122/><T110/><D117/><U105/><E123/><V89/><F102/><W2/><G119/><T69/><D120/><U80/><E109/><N who="0" m="41481" /><D124/><U0/><E0/><V97/><F75/><W27/><G2/><T54/><D103/><U8/><E61/><V58/><F58/><W106/><G106/><T107/><D92/><U98/><E81/><V59/><F59/><W66/><G46/><T86/><D86/><U65/><E65/><V132/><F82/><W4/><G27/><T44/><D107/><U51/><E37/><V43/><F43/><W33/><G33/><N who="2" m="12297" /><F132/><W68/><REACH who="3" step="1"/><G4/><REACH who="3" ten="190,430,170,200" step="2"/><T31/><D44/><U121/><E25/><V14/><F14/><W74/><G74/><T73/><D73/><U41/><E45/><V113/><F113/><W126/><G126/><T72/><D72/><U23/><E121/><V115/><F115/><W52/><G52/><N who="0" m="20075" /><D9/><U1/><E8/><V20/><F20/><W79/><G79/><T49/><D49/><U39/><E51/><V19/><F19/><W101/><G101/><T29/><D29/><U5/><E76/><V134/><F134/><W56/><G56/><T38/><D38/><U64/><E28/><V30/><F30/><W129/><G129/><AGARI ba="1,1" hai="6,7,84,88,89,94,95,97,128,129,130" m="12297" machi="129" ten="30,7700,0" yaku="19,1,52,2,54,1" doraHai="3" who="2" fromWho="3" sc="190,0,430,0,170,90,200,-80" /><INIT seed="2,0,0,4,5,94" ten="190,430,260,120" oya="2" hai0="2,107,75,69,33,72,20,124,78,106,51,109,114" hai1="18,49,47,64,112,8,65,3,110,83,57,21,85" hai2="10,117,35,16,0,59,38,66,40,97,60,23,93" hai3="82,15,44,41,9,31,96,73,92,123,95,103,26"/><V32/><F117/><W129/><G123/><T111/><D51/><U61/><E112/><V27/><F40/><W22/><G129/><T54/><D54/><N who="1" m="30015" /><E110/><N who="0" m="41993" /><D20/><U12/><E3/><V119/><F38/><W55/><G55/><T24/><D114/><U14/><E64/><V102/><REACH who="2" step="1"/><F119/><REACH who="2" ten="190,430,250,120" step="2"/><W81/><G73/><T125/><D75/><U105/><E105/><V42/><F42/><W63/><G92/><T76/><D107/><U50/><E83/><V30/><F30/><W128/><G128/><T130/><D106/><U131/><E131/><V48/><F48/><W135/><G135/><T5/><D130/><U77/><E50/><V37/><F37/><W29/><G29/><T101/><D72/><U17/><E61/><V46/><F46/><W71/><G44/><T4/><D125/><U127/><E127/><V7/><AGARI ba="0,1" hai="0,7,10,16,23,27,32,35,59,60,66,93,97,102" machi="7" ten="30,11700,0" yaku="1,1,0,1,52,1,54,1,53,0" doraHai="94" doraHaiUra="25" who="2" fromWho="2" sc="190,-39,430,-39,250,127,120,-39" /><INIT seed="2,1,0,1,2,86" ten="151,391,377,81" oya="2" hai0="55,19,130,84,42,38,94,8,104,23,53,116,96" hai1="83,132,57,114,47,60,133,70,58,122,81,21,18" hai2="131,124,5,50,7,43,49,73,64,54,95,32,105" hai3="71,89,90,82,99,26,135,72,40,129,123,34,77"/><V27/><F105/><W103/><G123/><T128/><D116/><U88/><E114/><V91/><F73/><W13/><G129/><T29/><D29/><U1/><E1/><V20/><F32/><W98/><G135/><N who="1" m="51786" /><E122/><V24/><F131/><W127/><G127/><T6/><D104/><U93/><E47/><N who="2" m="25855" /><F64/><W85/><G71/><T115/><D115/><U56/><E70/><V37/><F37/><W36/><G40/><T14/><D84/><N who="1" m="52359" /><E60/><V117/><F124/><W30/><G36/><T126/><D126/><U109/><E109/><V52/><F27/><AGARI ba="1,0" hai="18,21,27,56,57,58,81,83" m="52359,51786" machi="27" ten="30,3900,0" yaku="20,1,52,1,54,1" doraHai="86" who="1" fromWho="2" sc="151,0,391,42,377,-42,81,0" /><INIT seed="3,0,0,5,3,131" ten="151,433,335,81" oya="3" hai0="4,52,104,30,112,81,80,34,111,76,26,66,21" hai1="120,93,109,57,73,97,25,72,134,65,54,38,0" hai2="3,88,127,85,8,119,118,43,55,36,107,48,123" hai3="70,132,87,121,58,45,130,129,16,29,51,15,86"/><W5/><G70/><T71/><D111/><U53/><E120/><V9/><F107/><W89/><G121/><T75/><D104/><U94/><E0/><V17/><F123/><W31/><G5/><T108/><D108/><U77/><E38/><V82/><F127/><W106/><G106/><T56/><D4/><U39/><E39/><V61/><F3/><W24/><G58/><T90/><D112/><U110/><E57/><V122/><F122/><W99/><G99/><T41/><D41/><U115/><E25/><V42/><F119/><W7/><G7/><T59/><D34/><U11/><E11/><V101/><F101/><W2/><G2/><T27/><D27/><U18/><E18/><V47/><F118/><W46/><G132/><T91/><D81/><U124/><E134/><V62/><F9/><N who="3" m="6255" /><G87/><T69/><D69/><U105/><E97/><V114/><F114/><W14/><G14/><T33/><D33/><U67/><E105/><V116/><F116/><W117/><G117/><T79/><D71/><U49/><E124/><V20/><F8/><W50/><G50/><N who="0" m="30743" /><D75/><U78/><E49/><V63/><REACH who="2" step="1"/><F36/><REACH who="2" ten="151,433,325,81" step="2"/><W68/><G68/><T37/><D37/><U102/><E115/><V84/><F84/><W128/><G24/><AGARI ba="0,1" hai="17,20,24,42,43,47,48,55,61,62,63,82,85,88" machi="24" ten="40,5200,0" yaku="1,1,8,1,54,1,53,0" doraHai="131" doraHaiUra="6" who="2" fromWho="3" sc="151,0,433,0,325,62,81,-52" owari="151,-24.9,433,53.3,387,18.7,29,-47.1" /></mjloggm>