<mjloggm ver="2.3"><GO type="225" lobby="0"/><UN n0="%E9%B3%B3%E6%9D%B1%E3%81%AE%E3%81%86%E3%81%95%E3%81%8E%E3%81%95%E3%82%93" n1="%73%61%6E%64%69%72%69%73" n2="%72%61%6B%33" n3="%77%72%77%72%77%72%77%72" dan="16,16,16,16" rate="2121.57,2117.54,2169.09,2124.80" sx="M,M,M,M"/><TAIKYOKU oya="0"/><INIT seed="0,0,0,1,5,69" ten="250,250,250,250" oya="0" hai0="6,113,116,45,134,12,88,47,2,61,120,130,15" hai1="72,39,36,66,52,60,84,8,42,101,10,4,122" hai2="99,16,129,18,77,51,23,19,108,74,35,96,95" hai3="7,105,5,57,27,97,64,91,31,100,30,44,43"/><T14/><D113/><U70/><E122/><V65/><F35/><W81/><G31/><T33/><D116/><U41/><E72/><V34/><F34/><W25/><G25/><T123/><D33/><U54/><E101/><V1/><F1/><W20/><G81/><T78/><D78/><U115/><E84/><V37/><F108/><W125/><G91/><T83/><D130/><U32/><E32/><V71/><F129/><W85/><G85/><T53/><D134/><U133/><E133/><V94/><F37/><N who="1" m="14409" /><E4/><V106/><F106/><W75/><G75/><T76/><D88/><U90/><E8/><V46/><F23/><W29/><G29/><T11/><D120/><U110/><E10/><V21/><F21/><W55/><G64/><T114/><D114/><U73/><E90/><V59/><F71/><W93/><G105/><T3/><D3/><U24/><E24/><V111/><F111/><W38/><REACH who="3" step="1"/><G125/><REACH who="3" ten="250,250,250,240" step="2"/><T118/><D123/><U80/><E80/><V82/><F95/><W68/><G68/><T40/><D118/><U48/><E73/><V128/><F94/><W112/><G112/><T79/><D83/><U49/><E115/><V131/><F128/><W87/><G87/><T127/><D127/><U9/><E110/><V86/><F131/><W22/><G22/><T13/><N who="0" m="3072" /><DORA hai="62" /><T63/><D79/><U50/><E9/><V56/><F74/><W132/><G132/><T103/><D76/><U92/><E92/><V135/><F135/><W109/><G109/><T126/><D126/><U124/><E124/><V119/><F77/><W121/><G121/><RYUUKYOKU ba="0,1" sc="250,-15,250,15,250,-15,240,15" hai1="41,42,48,49,50,52,54,60,66,70" hai3="5,7,20,27,30,38,43,44,55,57,93,97,100" /><INIT seed="1,1,1,3,5,116" ten="235,265,235,255" oya="1" hai0="64,127,80,54,3,118,76,107,125,49,29,50,35" hai1="43,47,77,133,30,6,4,105,31,124,61,123,95" hai2="17,111,112,93,92,82,85,60,46,55,103,78,102" hai3="12,26,38,19,71,2,88,23,63,99,28,27,132"/><U24/><E105/><V83/><F111/><W20/><G38/><T97/><D118/><U11/><E123/><V53/><F112/><W74/><G74/><T32/><D3/><U68/><E124/><N who="0" m="47689" /><D64/><U81/><E95/><V101/><F17/><W40/><G40/><T108/><D108/><U91/><E91/><V119/><F119/><W109/><G109/><T100/><D29/><U36/><E4/><V129/><F129/><W89/><G2/><T115/><D115/><U15/><E133/><V48/><REACH who="2" step="1"/><F82/><REACH who="2" ten="235,265,225,255" step="2"/><W110/><G110/><T16/><D16/><U33/><E31/><V114/><F114/><W14/><G132/><T106/><D106/><U56/><E81/><V66/><F66/><W122/><G19/><T117/><D117/><U90/><E30/><V13/><F13/><W8/><G12/><T70/><D70/><U75/><E68/><V41/><F41/><W135/><G14/><T104/><D104/><U120/><E43/><V67/><F67/><W87/><G135/><T86/><D54/><U45/><E15/><V128/><F128/><W69/><G28/><T25/><D25/><U73/><E24/><V39/><F39/><W62/><G69/><T113/><D113/><U34/><E36/><V7/><F7/><W130/><G71/><T59/><D59/><AGARI ba="1,2" hai="46,48,53,55,59,60,78,83,85,92,93,101,102,103" machi="59" ten="40,2600,0" yaku="1,1,8,1,53,0" doraHai="116" doraHaiUra="37" who="2" fromWho="0" sc="235,-29,265,0,225,49,255,0" /><INIT seed="2,0,0,5,5,78" ten="206,265,274,255" oya="2" hai0="68,69,96,43,57,111,7,67,106,61,83,135,51" hai1="5,33,36,20,98,121,132,48,41,107,114,123,19" hai2="129,55,3,119,60,127,30,92,46,116,115,25,113" hai3="56,39,6,71,66,14,88,8,35,79,134,87,38"/><V22/><F92/><W85/><G35/><T23/><D111/><U101/><E114/><N who="2" m="43531" /><F60/><W133/><G71/><T91/><D135/><N who="3" m="51721" /><G79/><T90/><D7/><U109/><E109/><V37/><F55/><W74/><G74/><T21/><D68/><U128/><E128/><V82/><F46/><W10/><G85/><N who="0" m="50495" /><D106/><U130/><E130/><V52/><F37/><W26/><G26/><T15/><D15/><U40/><E33/><V1/><F52/><W4/><G56/><T77/><D77/><U80/><E36/><V93/><F93/><N who="3" m="54431" /><G66/><T64/><D69/><U89/><E132/><V100/><F82/><W117/><G117/><N who="2" m="45129" /><F100/><W44/><G44/><N who="0" m="26015" /><D64/><U16/><E107/><V99/><F99/><W110/><G110/><T118/><D118/><U53/><E98/><V27/><F129/><W63/><G63/><T125/><D125/><U28/><E101/><V102/><F102/><W45/><G45/><T2/><D96/><U76/><E76/><V81/><F81/><W49/><G49/><T70/><D70/><U13/><E80/><V17/><F127/><W9/><G9/><T29/><D91/><U103/><E89/><V84/><F84/><W24/><G24/><N who="0" m="16527" /><D23/><AGARI ba="0,0" hai="1,3,17,22,23,25,27,30" m="45129,43531" machi="23" ten="30,2900,0" yaku="34,2" doraHai="78" who="2" fromWho="0" sc="206,-29,265,0,274,29,255,0" /><INIT seed="2,1,0,3,3,59" ten="177,265,303,255" oya="2" hai0="24,80,14,16,125,124,86,5,95,13,110,135,71" hai1="108,22,97,56,70,76,85,39,74,106,32,30,129" hai2="18,105,63,7,43,45,72,121,67,94,34,54,78" hai3="116,57,115,38,15,50,90,49,99,23,12,103,33"/><V79/><F105/><W36/><G116/><T62/><D135/><U84/><E39/><V27/><F121/><W10/><G33/><T101/><D110/><U6/><E108/><V17/><F7/><W9/><G115/><T41/><D41/><U35/><E70/><V29/><F54/><W21/><G90/><T113/><D113/><U19/><E129/><V132/><F132/><W11/><G57/><T48/><D48/><N who="3" m="18537" /><G99/><T65/><D95/><U25/><E97/><V68/><F94/><W26/><G103/><T92/><D92/><U75/><E56/><V126/><F78/><W96/><G26/><T69/><D101/><U3/><E32/><V109/><F109/><W120/><G120/><T111/><D69/><U87/><E76/><V47/><F47/><W53/><G53/><T107/><D107/><U122/><E122/><V102/><F102/><W31/><G31/><T117/><D117/><U46/><E46/><V93/><F93/><W37/><G96/><T51/><D51/><U73/><E106/><V91/><F91/><W4/><G4/><T131/><D131/><U119/><E119/><V112/><F112/><W1/><G1/><T130/><D130/><U8/><REACH who="1" step="1"/><E74/><REACH who="1" ten="177,255,303,255" step="2"/><V60/><F79/><W52/><G52/><T28/><D111/><U55/><E55/><V128/><F72/><W89/><G89/><T82/><D71/><U40/><E40/><V58/><F128/><W64/><G64/><T104/><D65/><U77/><E77/><V0/><F67/><W44/><G44/><T127/><D104/><U66/><E66/><N who="2" m="41031" /><F45/><W98/><G98/><RYUUKYOKU ba="1,1" sc="177,-15,255,15,303,-15,255,15" hai1="3,6,8,19,22,25,30,35,73,75,84,85,87" hai3="9,10,11,12,15,21,23,36,37,38" /><INIT seed="3,2,1,1,1,109" ten="162,270,288,270" oya="3" hai0="20,89,76,36,121,111,50,94,98,29,72,118,26" hai1="9,129,2,70,123,18,16,43,58,99,35,4,34" hai2="87,104,67,3,125,38,131,22,52,116,74,42,49" hai3="127,115,23,79,128,41,126,14,13,71,19,6,113"/><W120/><G120/><T84/><D118/><U80/><E70/><V64/><F74/><W1/><G71/><T5/><D111/><U33/><E43/><V110/><F104/><W114/><G41/><T83/><D36/><U75/><E123/><V100/><F3/><W48/><G48/><T30/><D121/><U17/><E99/><V102/><F110/><W63/><G63/><T47/><D5/><U97/><E97/><V77/><F125/><N who="3" m="47627" /><G128/><T37/><D37/><U40/><E40/><V7/><F131/><W130/><G130/><T45/><D29/><U106/><E106/><V134/><F134/><W91/><G79/><T61/><D61/><U55/><E129/><V8/><F116/><W32/><G32/><T101/><REACH who="0" step="1"/><D50/><REACH who="0" ten="152,270,288,270" step="2"/><U59/><E4/><V56/><F7/><W0/><G6/><T62/><D62/><U81/><E2/><V68/><F38/><W46/><G0/><T69/><D69/><U10/><E35/><V90/><F68/><W93/><G1/><T24/><D24/><U28/><E28/><V86/><F49/><W95/><G13/><T132/><D132/><U39/><E34/><V21/><F64/><W85/><G46/><T11/><D11/><U82/><E33/><V112/><F67/><W54/><G54/><T66/><D66/><U122/><E55/><V12/><F52/><W78/><G14/><T96/><D96/><U117/><E117/><V107/><F12/><W88/><G19/><T27/><D27/><U133/><E122/><V105/><F42/><W44/><G44/><T92/><AGARI ba="2,2" hai="20,26,30,45,47,72,76,83,84,89,92,94,98,101" machi="92" ten="20,2700,0" yaku="1,1,0,1,7,1,53,0" doraHai="109" doraHaiUra="103" who="0" fromWho="0" sc="152,53,270,-9,288,-9,270,-15" /><INIT seed="4,0,0,2,4,16" ten="205,261,279,255" oya="0" hai0="17,106,71,121,3,102,110,23,96,6,104,21,118" hai1="43,46,28,30,73,41,100,14,129,29,79,130,0" hai2="58,36,62,27,8,124,59,84,83,40,10,111,115" hai3="52,126,109,78,87,55,64,33,11,127,69,105,66"/><T95/><D118/><U67/><E0/><V68/><F111/><W80/><G109/><T5/><D121/><U70/><E100/><V93/><F115/><W90/><G33/><T47/><D110/><U34/><E34/><V39/><F68/><W86/><G105/><T56/><D71/><U88/><E79/><V114/><F114/><W20/><G11/><T116/><D116/><U13/><E73/><V25/><F93/><W48/><G55/><T7/><D3/><U132/><E132/><V77/><F124/><N who="3" m="47659" /><G20/><N who="0" m="7755" /><D106/><U1/><E1/><V24/><F58/><N who="3" m="33031" /><G69/><T45/><D104/><U107/><E107/><V61/><F61/><W54/><G54/><T32/><D32/><U37/><E70/><V22/><F39/><W101/><G101/><T103/><D102/><U113/><E37/><V12/><F36/><W92/><AGARI ba="0,0" hai="64,66,78,80,86,87,90,92" m="33031,47659" machi="92" ten="30,2000,0" yaku="18,1,54,1" doraHai="16" who="3" fromWho="3" sc="205,-10,261,-5,279,-5,255,20" /><INIT seed="5,0,0,0,4,29" ten="195,256,274,275" oya="1" hai0="45,100,129,82,18,41,132,61,31,47,17,73,118" hai1="77,91,27,104,19,4,46,134,85,15,122,48,1" hai2="16,42,87,121,66,26,80,35,119,21,54,115,97" hai3="53,38,90,14,12,135,40,23,57,96,68,81,30"/><U7/><E122/><V32/><F119/><W60/><G135/><T20/><D129/><U71/><E71/><V24/><F121/><W75/><G68/><T79/><D132/><U39/><E39/><V34/><F115/><W105/><G38/><T106/><D118/><U58/><E104/><V116/><F116/><W99/><G40/><T49/><D61/><U113/><E1/><V64/><F42/><W69/><G69/><T133/><D133/><U44/><E77/><V43/><F43/><W3/><G3/><T109/><D109/><U89/><E27/><V92/><F54/><W28/><G75/><T11/><D45/><N who="1" m="17515" /><E113/><V62/><F26/><N who="3" m="16479" /><G30/><T83/><D11/><N who="1" m="6655" /><E134/><V95/><F97/><N who="3" m="37451" /><G105/><T65/><D65/><U108/><E108/><V98/><F98/><W74/><G74/><T120/><D120/><U63/><E48/><V5/><F5/><N who="1" m="2121" /><E85/><AGARI ba="0,0" hai="12,14,53,57,60,81,85,90" m="37451,16479" machi="85" ten="30,1000,0" yaku="8,1" doraHai="29" who="3" fromWho="1" sc="195,0,256,-10,274,0,275,10" /><INIT seed="6,0,0,4,3,99" ten="195,246,274,285" oya="2" hai0="36,128,75,11,95,105,38,97,47,98,22,17,32" hai1="49,78,30,54,46,96,59,72,8,126,134,2,123" hai2="24,34,79,77,63,90,23,135,124,108,107,74,67" hai3="41,93,112,9,80,101,70,131,114,85,64,44,130"/><V76/><F34/><W115/><G9/><T117/><D32/><U81/><E134/><V14/><F135/><W26/><G26/><T132/><D132/><U121/><E126/><V86/><F124/><W4/><G4/><T127/><D127/><U61/><E30/><V57/><F107/><W100/><G64/><T31/><D128/><N who="3" m="49193" /><G93/><T71/><D71/><U119/><E119/><V73/><F108/><W60/><G60/><T28/><D117/><U39/><E96/><V7/><F7/><W82/><G70/><T19/><D75/><U66/><E2/><V58/><F14/><W65/><G65/><T92/><D105/><U109/><E8/><V68/><F74/><W18/><G18/><T48/><D11/><U111/><REACH who="1" step="1"/><E39/><REACH who="1" ten="195,236,274,285" step="2"/><V42/><F73/><W12/><G12/><T29/><D38/><U104/><E104/><V52/><F24/><W15/><G15/><N who="0" m="9535" /><D36/><U37/><E37/><V33/><F33/><W21/><G21/><T133/><D133/><U56/><E56/><V84/><F23/><W45/><G45/><T6/><D6/><U94/><E94/><N who="0" m="35881" /><D19/><U89/><E89/><V35/><F35/><W55/><G41/><AGARI ba="0,1" hai="28,29,31,41,47,48,97,98" m="35881,9535" machi="41" ten="30,1000,0" yaku="8,1" doraHai="99" who="0" fromWho="3" sc="195,20,236,0,274,0,285,-10" /><INIT seed="7,0,0,4,0,102" ten="215,236,274,275" oya="3" hai0="123,113,112,91,135,41,42,28,132,19,101,48,38" hai1="108,16,25,49,99,51,14,121,89,0,73,111,70" hai2="44,77,4,23,66,80,133,32,18,33,97,126,53" hai3="50,58,56,40,10,74,11,129,92,2,124,5,34"/><W36/><G74/><T128/><D128/><U12/><E0/><V103/><F4/><W57/><G34/><T81/><D123/><U116/><E70/><V79/><F66/><W106/><G106/><T125/><D125/><U3/><E3/><V105/><F126/><W71/><G71/><T31/><D38/><U21/><E73/><V90/><F90/><W46/><G124/><T15/><D101/><U87/><E121/><V72/><F79/><W59/><G59/><T13/><D91/><U69/><E69/><V110/><F110/><W65/><G129/><T78/><D48/><N who="1" m="18507" /><E111/><V118/><F118/><W109/><G109/><T39/><D39/><U62/><E108/><V130/><F130/><W61/><G50/><T96/><D96/><U117/><E99/><V22/><F22/><W88/><G11/><T107/><D19/><U29/><E62/><V75/><F75/><W84/><AGARI ba="0,0" hai="2,5,10,36,40,46,56,57,58,61,65,84,88,92" machi="84" ten="20,3900,0" yaku="0,1,7,1,54,1" doraHai="102" who="3" fromWho="3" sc="215,-13,236,-13,274,-13,275,39" owari="202,-29.8,223,-17.7,261,6.1,314,41.4" /></mjloggm>