<mjloggm ver="2.3"><GO type="225" lobby="0"/><UN n0="%E3%82%82%E3%81%90%E3%82%89" n1="%72%69%6F%75%63%68%61%6E" n2="%E3%81%86%E3%82%8C%E3%81%9F%E3%82%93%E6%9E%95" n3="%6D%75%75%6D%75%72%61" dan="16,17,16,16" rate="2189.78,2156.91,2161.16,2119.73" sx="M,M,F,F"/><TAIKYOKU oya="0"/><INIT seed="0,0,0,1,1,109" ten="250,250,250,250" oya="0" hai0="58,117,112,21,54,130,118,25,78,4,111,60,121" hai1="43,61,94,40,23,106,51,57,113,6,11,69,131" hai2="45,26,98,74,42,123,126,66,70,81,46,124,33" hai3="83,32,85,73,99,62,91,7,19,105,5,95,125"/><T52/><D121/><U84/><E131/><V1/><F123/><W87/><G125/><N who="2" m="48233" /><F1/><W48/><G32/><T18/><D130/><U89/><E113/><V27/><F33/><W20/><G87/><T50/><D112/><U103/><E69/><V29/><F29/><W36/><G36/><T30/><D111/><U68/><E68/><V71/><F46/><W116/><G116/><T63/><D4/><U10/><E11/><V114/><F98/><W100/><G62/><T80/><D30/><U110/><E110/><V76/><F114/><W22/><G48/><T132/><D132/><U64/><E51/><N who="2" m="27063" /><F70/><W56/><G56/><T37/><D37/><U12/><REACH who="1" step="1"/><E23/><REACH who="1" ten="250,240,250,250" step="2"/><V2/><F2/><W101/><G22/><T102/><D63/><AGARI ba="0,1" hai="26,27,63,66,71,74,76,81" m="27063,48233" machi="63" ten="30,1000,0" yaku="18,1" doraHai="109" who="2" fromWho="0" sc="250,-10,240,0,250,20,250,0" /><INIT seed="1,0,0,1,2,114" ten="240,240,270,250" oya="1" hai0="70,120,15,43,79,9,92,4,16,89,116,0,84" hai1="42,97,36,66,75,94,106,83,76,27,61,113,88" hai2="14,47,57,117,28,132,44,24,85,37,68,11,40" hai3="23,41,100,64,51,53,63,39,131,33,7,90,31"/><U123/><E113/><V130/><F68/><W105/><G131/><T110/><D120/><U52/><E123/><V8/><F130/><W48/><G23/><T50/><D70/><U72/><E106/><V20/><F132/><W30/><G33/><T107/><D107/><U60/><E72/><V2/><F117/><W49/><G53/><T133/><D110/><U87/><E27/><V127/><F127/><W34/><G34/><T69/><D69/><U115/><E115/><V12/><F2/><W65/><G7/><T22/><D133/><U86/><E52/><V71/><F71/><W6/><G6/><T26/><D116/><U80/><E66/><V101/><F101/><W124/><G124/><T93/><D79/><U29/><E29/><V104/><F104/><W45/><G90/><T121/><D121/><U73/><E73/><V1/><F47/><W119/><G119/><T10/><D93/><U19/><E19/><V99/><F99/><W134/><G134/><T59/><D10/><U58/><E58/><V91/><F57/><W98/><G64/><T77/><D77/><N who="1" m="46351" /><E75/><V96/><F1/><W95/><G105/><T103/><D103/><U13/><E13/><N who="2" m="5227" /><F8/><W55/><G55/><N who="0" m="32247" /><D0/><U126/><E126/><V21/><F11/><W35/><G35/><T56/><D56/><U78/><E76/><V17/><F28/><W3/><G3/><T122/><D122/><U54/><E54/><V18/><F18/><W102/><G102/><T81/><D43/><U74/><E74/><V38/><F38/><W5/><G5/><T82/><AGARI ba="0,0" hai="4,9,15,16,22,26,81,82,84,89,92" m="32247" machi="82" ten="30,2000,0" yaku="8,1,54,1" doraHai="114" who="0" fromWho="0" sc="240,20,240,-10,270,-5,250,-5" /><INIT seed="2,0,0,4,4,61" ten="260,230,265,245" oya="2" hai0="74,119,85,15,113,7,24,40,128,57,1,17,18" hai1="45,16,25,8,63,114,69,49,75,60,80,67,91" hai2="126,43,32,101,22,23,28,120,92,108,70,109,117" hai3="112,31,82,130,94,14,118,13,37,55,88,53,35"/><V104/><F117/><W21/><G118/><T71/><D119/><U41/><E114/><V129/><F120/><W34/><G112/><T54/><D74/><U107/><E107/><V5/><F104/><W10/><G37/><T47/><D71/><U99/><E60/><V68/><F129/><W11/><G82/><T59/><D128/><U87/><E75/><V116/><F116/><W124/><G124/><T0/><D113/><U42/><E99/><N who="2" m="59623" /><F126/><W81/><G81/><T84/><D1/><U98/><E98/><V125/><F125/><W2/><G2/><T131/><D0/><U64/><E64/><V62/><F5/><W20/><G130/><T93/><D59/><U9/><REACH who="1" step="1"/><E41/><REACH who="1" ten="260,220,265,245" step="2"/><V135/><F43/><W72/><G72/><T79/><D40/><U12/><E12/><V103/><F103/><W86/><G14/><T65/><D15/><U39/><E39/><V58/><F70/><W121/><G13/><T3/><D3/><U134/><E134/><V6/><F68/><W133/><G133/><T106/><D106/><U115/><E115/><V102/><F135/><W100/><G100/><T36/><D36/><U83/><E83/><V77/><F102/><W127/><G127/><T52/><D131/><U110/><E110/><N who="2" m="42603" /><F6/><W122/><G94/><T44/><D93/><U50/><E50/><V90/><F62/><W38/><G38/><T123/><D7/><U26/><E26/><N who="2" m="18455" /><F90/><W96/><G96/><T27/><D123/><U48/><E48/><V89/><F89/><W30/><G88/><T56/><D85/><AGARI ba="0,1" hai="10,11,20,21,30,31,34,35,53,55,85,86,121,122" machi="85" ten="25,1600,0" yaku="22,2" doraHai="61" who="3" fromWho="0" sc="260,-16,220,0,265,0,245,26" /><INIT seed="3,0,0,2,3,57" ten="244,220,265,271" oya="3" hai0="122,17,13,99,119,98,84,37,50,96,102,45,41" hai1="47,62,23,87,120,110,135,72,27,118,40,15,131" hai2="46,82,7,105,75,74,67,30,133,93,121,101,55" hai3="85,12,31,21,71,52,19,100,26,16,103,63,81"/><W117/><G117/><T10/><D122/><U44/><E110/><V86/><F121/><W104/><G104/><T32/><D32/><U112/><E120/><V43/><F133/><W129/><G129/><T70/><D70/><U106/><E112/><V33/><F67/><W68/><G68/><T132/><D132/><U109/><E135/><V128/><F105/><W25/><G71/><T61/><D119/><U1/><E109/><V54/><F7/><W111/><G111/><T35/><D35/><U88/><E118/><V11/><F11/><W80/><G80/><T116/><D116/><U107/><E1/><V94/><F128/><W76/><G19/><T90/><D37/><U126/><E72/><V4/><F4/><W113/><G113/><T56/><D102/><N who="3" m="38953" /><G31/><T36/><D36/><U2/><E2/><V34/><F30/><W125/><G125/><T49/><D49/><N who="1" m="26759" /><E131/><V97/><F33/><W78/><G78/><T77/><D77/><U9/><E126/><V29/><F29/><W123/><G123/><T6/><D6/><N who="1" m="3511" /><E47/><V91/><F34/><W58/><AGARI ba="0,0" hai="12,16,21,25,26,52,58,63,76,81,85" m="38953" machi="58" ten="30,11700,0" yaku="8,1,52,1,54,2" doraHai="57" who="3" fromWho="3" sc="244,-39,220,-39,265,-39,271,117" owari="205,-19.5,181,-31.9,226,2.6,388,48.8" /></mjloggm>