<mjloggm ver="2.3"><GO type="225" lobby="0"/><UN n0="%E3%81%B2%E3%81%AA%E3%81%AE%E3%82%8A%E3%81%8F" n1="%6E%65%77%E8%BC%AA%E5%A4%A7%E7%B4%8D%E8%A8%80" n2="%E3%82%BC%E3%83%AB%E3%83%80%E3%81%AE%E4%BC%9D%E8%AA%AC" n3="%68%6F%72%69%30%39%30%31" dan="17,16,16,16" rate="2209.22,2093.12,2203.09,2041.86" sx="M,M,M,M"/><TAIKYOKU oya="0"/><INIT seed="0,0,0,5,1,109" ten="250,250,250,250" oya="0" hai0="50,37,62,120,39,46,90,40,95,18,68,133,49" hai1="111,121,38,117,99,86,103,70,122,125,112,129,88" hai2="87,116,78,28,96,45,60,0,134,15,20,53,119" hai3="126,52,105,81,69,56,2,82,23,19,98,100,51"/><T80/><D120/><N who="1" m="46187" /><E38/><V107/><F0/><W6/><G69/><T55/><D133/><U11/><E70/><V44/><F134/><W47/><G126/><T85/><D18/><U83/><E125/><V35/><F35/><W135/><G135/><T43/><D68/><U101/><E117/><N who="2" m="45131" /><F78/><W17/><G17/><T5/><D5/><U67/><E67/><V84/><F60/><W114/><G114/><T24/><D62/><U91/><E111/><V66/><F66/><W75/><G75/><T34/><D34/><U127/><E127/><V72/><F72/><W89/><G89/><N who="1" m="34378" /><E11/><V71/><F71/><W92/><G105/><T115/><D115/><U59/><E59/><V12/><F44/><W113/><G113/><T7/><D7/><U77/><E112/><V61/><F45/><W31/><G31/><T58/><D24/><U130/><E99/><V9/><F61/><W123/><G123/><T118/><D43/><U30/><E30/><V29/><F29/><W94/><G2/><T32/><D32/><U64/><E64/><V132/><F132/><W1/><G1/><T36/><REACH who="0" step="1"/><D118/><REACH who="0" ten="240,250,250,250" step="2"/><U128/><AGARI ba="0,1" hai="77,83,86,101,103,128,129,130" m="34378,46187" machi="128" ten="40,8000,1" yaku="19,1,34,2,54,1" doraHai="109" who="1" fromWho="1" sc="240,-40,250,90,250,-20,250,-20" /><INIT seed="1,0,0,0,3,20" ten="200,340,230,230" oya="1" hai0="24,25,40,109,130,94,17,23,64,49,95,90,60" hai1="111,18,120,55,56,46,108,122,106,41,38,70,133" hai2="53,51,27,92,121,135,89,105,117,93,13,128,28" hai3="67,22,91,118,77,12,127,2,36,6,115,32,54"/><U5/><E106/><V10/><F117/><W119/><G115/><T31/><D109/><N who="1" m="42059" /><E5/><V112/><F121/><N who="1" m="46697" /><E18/><V0/><F0/><W3/><G67/><T7/><D130/><U126/><E126/><V110/><F110/><W84/><G77/><T1/><D1/><U129/><E129/><V57/><F128/><W37/><G54/><T16/><D7/><U87/><E87/><V42/><F112/><W14/><G32/><T98/><D94/><U34/><E34/><V100/><F135/><W47/><G47/><N who="0" m="25831" /><D25/><U68/><E133/><V113/><F113/><W21/><G6/><T78/><D78/><U29/><E29/><V81/><F27/><W131/><G84/><T58/><AGARI ba="0,0" hai="16,17,23,24,31,58,60,64,90,95,98" m="25831" machi="58" ten="30,4000,0" yaku="8,1,52,1,54,1" doraHai="20" who="0" fromWho="0" sc="200,40,340,-20,230,-10,230,-10" /><INIT seed="2,0,0,0,1,101" ten="240,320,220,220" oya="2" hai0="6,127,50,10,54,11,120,87,78,39,53,8,112" hai1="47,33,93,14,126,121,35,131,57,55,130,90,32" hai2="36,16,0,81,124,132,31,72,117,123,89,29,103" hai3="116,110,95,111,109,58,97,119,15,91,102,105,115"/><V94/><F117/><N who="3" m="45131" /><G15/><T64/><D112/><U125/><E121/><V92/><F123/><W70/><G70/><T7/><D120/><U41/><E14/><V13/><F0/><W71/><G58/><T114/><D114/><U17/><E17/><V46/><F124/><N who="1" m="47721" /><E55/><V62/><F132/><W79/><G71/><T19/><D39/><N who="1" m="21951" /><E57/><V34/><F36/><W3/><G3/><T59/><D64/><U107/><E107/><V74/><F46/><W80/><G115/><T65/><D65/><U98/><AGARI ba="0,0" hai="32,33,35,90,93,98,130,131" m="21951,47721" machi="98" ten="40,1500,0" yaku="18,1" doraHai="101" who="1" fromWho="1" sc="240,-4,320,15,220,-7,220,-4" /><INIT seed="3,0,0,0,2,71" ten="236,335,213,216" oya="3" hai0="1,97,113,22,18,50,77,134,52,65,19,49,118" hai1="44,53,41,59,13,112,100,32,91,76,130,69,86" hai2="79,51,107,20,45,56,6,109,7,43,80,55,99" hai3="39,67,108,126,111,124,131,133,82,95,123,25,64"/><W23/><G39/><T9/><D118/><U132/><E112/><V116/><F116/><W38/><G123/><T105/><D65/><U37/><E130/><V83/><F109/><N who="3" m="42059" /><G38/><T54/><D113/><U33/><E132/><V14/><F107/><W88/><G82/><N who="2" m="31273" /><F79/><W90/><G133/><T4/><D77/><U61/><E76/><V117/><F117/><W26/><G131/><T28/><D134/><U35/><E100/><V128/><F128/><W103/><G103/><T68/><D68/><U98/><E98/><V106/><F106/><W122/><G122/><T96/><D105/><U115/><E115/><V63/><F99/><N who="3" m="57831" /><G90/><T70/><D70/><U66/><E13/><V102/><F102/><W114/><G114/><T78/><D78/><U75/><E75/><V2/><F2/><W121/><G121/><T119/><D119/><U3/><E3/><V30/><F14/><W101/><G101/><T8/><D97/><U12/><E12/><V120/><F120/><W15/><G15/><T16/><D96/><U29/><E29/><V62/><F62/><W89/><G89/><T125/><D1/><U21/><E21/><V27/><AGARI ba="0,0" hai="6,7,20,27,30,43,45,51,55,56,63" m="31273" machi="27" ten="30,1100,0" yaku="8,1" doraHai="71" who="2" fromWho="2" sc="236,-3,335,-3,213,11,216,-5" owari="233,3.3,332,43.2,224,-17.6,211,-28.9" /></mjloggm>