<mjloggm ver="2.3"><GO type="225" lobby="0"/><UN n0="%E3%82%B8%E3%83%A3%E3%83%9E%E3%83%BC%E3%83%AB%E3%83%9E%E3%83%AC%E3%83%BC" n1="%E6%97%A5%E6%9B%9C%E6%97%A5%E3%82%88%E3%82%8A%E3%81%AE%E4%BD%BF%E8%80%85" n2="%65%6B%61%72%75%74%65" n3="%E3%83%9D%E3%83%B3%E3%83%9D%E3%82%B3%E5%95%86%E4%BA%8B" dan="17,18,16,16" rate="2202.55,2164.19,2136.84,2085.72" sx="M,M,M,M"/><TAIKYOKU oya="0"/><INIT seed="0,0,0,0,3,0" ten="250,250,250,250" oya="0" hai0="27,1,100,113,58,10,103,9,44,111,125,51,66" hai1="23,24,129,135,132,122,101,15,97,57,18,93,75" hai2="38,30,19,79,112,90,85,31,134,70,99,105,115" hai3="83,53,71,73,128,127,13,74,81,6,59,89,119"/><T28/><D113/><U3/><E122/><V95/><F70/><W40/><G71/><T69/><D69/><U87/><E75/><V29/><F38/><W84/><G119/><T91/><D125/><U61/><E3/><V102/><F134/><N who="1" m="51241" /><E129/><V60/><F60/><W92/><G40/><T4/><D10/><U46/><E46/><V78/><REACH who="2" step="1"/><F19/><REACH who="2" ten="250,250,240,250" step="2"/><W104/><G128/><T12/><D51/><U86/><E24/><V49/><F49/><W62/><G127/><T123/><D27/><U120/><E120/><V34/><F34/><W43/><G43/><T54/><D123/><U67/><AGARI ba="0,1" hai="15,18,23,57,61,67,86,87,93,97,101" m="51241" machi="67" ten="30,1100,0" yaku="20,1" doraHai="0" who="1" fromWho="1" sc="250,-5,250,21,240,-3,250,-3" /><INIT seed="1,0,0,5,3,105" ten="245,271,237,247" oya="1" hai0="24,117,135,51,95,59,48,69,134,111,18,98,122" hai1="38,121,47,61,65,103,14,73,45,62,39,5,12" hai2="21,91,67,56,112,114,26,102,130,0,44,97,68" hai3="132,46,35,84,13,101,11,40,109,90,78,30,3"/><U77/><E103/><V10/><F130/><W23/><G109/><T89/><D69/><U123/><E5/><N who="2" m="1319" /><F68/><W29/><G3/><T93/><D111/><U19/><E77/><V54/><F91/><W104/><G78/><T15/><D117/><U55/><E55/><V7/><F7/><W63/><G35/><T4/><D122/><U20/><E20/><V37/><F37/><W9/><G9/><N who="0" m="4519" /><D59/><U74/><REACH who="1" step="1"/><E19/><REACH who="1" ten="245,261,237,247" step="2"/><V131/><F131/><W100/><G23/><N who="0" m="13431" /><D135/><U94/><E94/><N who="2" m="58679" /><F54/><W81/><G104/><T133/><D134/><U88/><E88/><V34/><F34/><W70/><G132/><T6/><D133/><U33/><E33/><V76/><F76/><W42/><G101/><N who="0" m="60623" /><D6/><U60/><E60/><N who="2" m="38279" /><F44/><W116/><G46/><T82/><D82/><U72/><E72/><V110/><F110/><W96/><G81/><T53/><D53/><U22/><E22/><V28/><AGARI ba="0,1" hai="21,26,28,112,114" m="38279,58679,1319" machi="28" ten="30,1100,0" yaku="25,1" doraHai="105" who="2" fromWho="2" sc="245,-3,261,-5,237,21,247,-3" /><INIT seed="2,0,0,1,2,45" ten="242,256,258,244" oya="2" hai0="36,46,78,40,98,42,47,127,61,34,133,17,68" hai1="1,126,122,116,66,121,123,72,99,125,31,52,4" hai2="112,55,25,86,6,74,50,92,95,58,27,75,107" hai3="82,76,56,53,134,93,35,60,9,20,2,14,54"/><V81/><F112/><W87/><G134/><T44/><D34/><U90/><E116/><V18/><F107/><W128/><G128/><T113/><D113/><U65/><E72/><V67/><F6/><W70/><G35/><T38/><D78/><U51/><E31/><V7/><F7/><W88/><G70/><T59/><D98/><U130/><E130/><V10/><F75/><W79/><G2/><T110/><D17/><U29/><E29/><V69/><F74/><W102/><G20/><T13/><D13/><U105/><E90/><V15/><F67/><N who="1" m="25609" /><E99/><V43/><F43/><N who="0" m="16426" /><D68/><U91/><E91/><N who="2" m="51663" /><F69/><W118/><G118/><T109/><D133/><U41/><E41/><V77/><F77/><W5/><G54/><N who="0" m="34039" /><D127/><N who="1" m="48651" /><E105/><V3/><F3/><W132/><G132/><T104/><D104/><U22/><E4/><V30/><F30/><W33/><G33/><T111/><AGARI ba="0,0" hai="36,38,44,46,47,109,110,111" m="34039,16426" machi="111" ten="40,5200,0" yaku="14,1,34,2" doraHai="45" who="0" fromWho="0" sc="242,52,256,-13,258,-26,244,-13" /><INIT seed="3,0,0,2,3,119" ten="294,243,232,231" oya="3" hai0="47,115,82,10,103,50,74,57,133,96,23,43,5" hai1="70,135,12,123,54,98,21,60,37,52,58,84,19" hai2="69,81,41,72,129,1,91,11,17,25,64,59,31" hai3="75,48,73,45,9,92,83,116,132,8,71,104,3"/><W110/><G104/><T68/><D68/><U28/><E37/><V32/><F129/><W66/><G116/><T61/><D133/><U122/><E135/><V117/><F117/><W39/><G132/><T128/><D128/><U35/><E70/><V38/><F69/><W67/><G110/><T107/><D115/><U55/><E98/><V88/><F59/><W63/><G67/><T114/><D114/><U124/><E124/><V87/><F64/><W95/><G75/><T56/><D23/><U33/><E84/><V86/><F72/><W4/><G9/><T44/><D44/><U51/><E55/><V2/><F17/><W97/><G97/><T131/><D61/><U62/><E62/><V24/><F24/><W40/><REACH who="3" step="1"/><G48/><REACH who="3" ten="294,243,232,221" step="2"/><T99/><D99/><U13/><E51/><V29/><F11/><W108/><G108/><T134/><D131/><U7/><E123/><V76/><F31/><W89/><G89/><T111/><D111/><U94/><E122/><V106/><F106/><W46/><G46/><T77/><D134/><U14/><E28/><V80/><F76/><AGARI ba="0,1" hai="3,4,8,39,40,45,63,66,71,73,76,83,92,95" machi="76" ten="40,12000,1" yaku="1,1,25,2,53,1" doraHai="119" doraHaiUra="79" who="3" fromWho="2" sc="294,0,243,0,232,-120,221,130" owari="294,9.4,243,-15.7,112,-38.8,351,45.1" /></mjloggm>