<mjloggm ver="2.3"><GO type="225" lobby="0"/><UN n0="%45%6C%79%73%69%75%6D" n1="%47%68%6F%73%74%55%30" n2="%E3%81%B2%E3%81%AA%E3%81%AE%E3%82%8A%E3%81%8F" n3="%E7%99%BD%E6%97%A5%E9%9B%AA%E8%8F%9C" dan="17,17,17,16" rate="2106.42,2139.03,2215.35,2172.79" sx="F,M,M,F"/><TAIKYOKU oya="0"/><INIT seed="0,0,0,0,3,100" ten="250,250,250,250" oya="0" hai0="114,52,24,85,28,9,129,78,10,115,23,58,19" hai1="97,68,83,36,92,50,65,93,59,90,118,120,12" hai2="87,3,86,45,112,132,37,39,5,17,110,124,44" hai3="42,29,40,63,119,117,94,109,131,51,67,111,134"/><T55/><D129/><U48/><E118/><N who="3" m="45066" /><G29/><T15/><D9/><U64/><E120/><V21/><F5/><W101/><G94/><T66/><D66/><N who="1" m="25707" /><E36/><V16/><F110/><N who="3" m="41995" /><G101/><T62/><REACH who="0" step="1"/><D55/><REACH who="0" ten="240,250,250,250" step="2"/><U56/><E68/><V125/><F125/><W30/><G131/><T104/><D104/><U22/><E56/><V20/><F124/><W8/><G8/><T49/><D49/><U96/><E59/><V121/><F121/><W84/><G51/><T116/><D116/><U4/><E48/><V73/><F39/><W71/><G134/><T69/><D69/><U1/><E50/><V89/><F37/><W61/><G63/><T43/><D43/><U82/><E1/><V99/><F132/><W47/><G40/><T13/><D13/><U14/><E12/><V27/><F3/><W7/><G42/><T6/><D6/><U18/><E4/><V35/><F112/><W91/><G7/><T95/><D95/><U46/><E46/><V32/><F44/><W103/><G47/><T54/><D54/><U135/><E135/><V33/><F45/><W2/><G2/><T38/><D38/><U60/><E60/><V76/><F27/><W127/><G127/><T126/><D126/><U107/><E107/><V75/><F35/><W74/><G71/><T102/><D102/><AGARI ba="0,1" hai="14,18,22,82,83,90,92,93,96,97,102" m="25707" machi="102" ten="30,1000,0" yaku="8,1" doraHai="100" who="1" fromWho="0" sc="240,-10,250,20,250,0,250,0" /><INIT seed="1,0,0,0,0,80" ten="230,270,250,250" oya="1" hai0="81,19,104,74,128,79,121,110,127,105,88,18,21" hai1="85,111,112,96,1,22,44,103,84,109,24,62,17" hai2="77,30,117,15,38,39,26,76,122,52,16,133,132" hai3="7,87,99,115,116,66,27,25,70,135,50,75,68"/><U46/><E112/><V65/><F117/><W71/><G115/><T123/><D110/><N who="1" m="41995" /><E1/><V90/><F122/><N who="0" m="46602" /><D128/><U35/><E35/><V67/><F39/><W41/><G75/><T124/><D18/><U43/><E62/><V14/><F38/><W100/><G135/><N who="2" m="51785" /><F90/><W23/><G116/><T91/><D19/><U134/><E134/><V58/><F15/><W98/><G7/><T97/><D21/><U118/><E118/><V53/><F67/><W92/><G66/><T47/><D47/><N who="1" m="17963" /><E43/><V60/><F53/><W59/><G41/><T6/><D6/><U130/><E130/><V31/><F65/><W9/><G68/><T72/><D72/><U106/><AGARI ba="0,0" hai="17,22,24,84,85,96,103,106" m="17963,41995" machi="106" ten="30,11700,0" yaku="14,1,10,1,52,2" doraHai="80" who="1" fromWho="1" sc="230,-39,270,117,250,-39,250,-39" /><INIT seed="1,1,0,0,3,20" ten="191,387,211,211" oya="1" hai0="27,42,84,16,107,22,126,85,113,74,6,78,82" hai1="31,12,60,65,135,10,4,99,64,90,89,72,34" hai2="104,96,28,18,112,62,73,75,48,32,117,51,41" hai3="8,101,103,26,36,25,19,63,98,66,67,127,80"/><U125/><E72/><V94/><F104/><W1/><G36/><T110/><D113/><U45/><E125/><V97/><F117/><W52/><G127/><T130/><D126/><U120/><E120/><V102/><F112/><W70/><G66/><T77/><D107/><U91/><E135/><V106/><F18/><W121/><G121/><T124/><D124/><U131/><E131/><V92/><F106/><W61/><G80/><N who="0" m="47127" /><D74/><U116/><E116/><V49/><F41/><W54/><G101/><T100/><D130/><U105/><E64/><V46/><F46/><W81/><G81/><T93/><D110/><U3/><E45/><V33/><F62/><N who="3" m="23563" /><G1/><T123/><D123/><U114/><E3/><V0/><F0/><W14/><G67/><T122/><D122/><U39/><E39/><V40/><F40/><W23/><G70/><T2/><D2/><U21/><E34/><V57/><F57/><W119/><G119/><T95/><D42/><U24/><E114/><V69/><F69/><W44/><G44/><T59/><D100/><U133/><E133/><V134/><F33/><W115/><G115/><T7/><D59/><N who="1" m="37023" /><E105/><V86/><F134/><W17/><G25/><T129/><D129/><U58/><E58/><V111/><F32/><W87/><G87/><T15/><D15/><U128/><E128/><V35/><F35/><W79/><G79/><T118/><D118/><U37/><E37/><V5/><F86/><W11/><G8/><T132/><D132/><U88/><N who="1" m="22528" /><DORA hai="29" /><U56/><E56/><V83/><F75/><W71/><G71/><T38/><D38/><RYUUKYOKU ba="1,0" sc="191,10,387,10,211,-30,211,10" hai0="6,7,16,22,27,77,82,85,93,95" hai1="4,10,12,21,24,31,99" hai3="11,14,17,19,23,26,52,54,98,103" /><INIT seed="1,2,0,3,5,24" ten="201,397,181,221" oya="1" hai0="132,55,85,57,134,12,93,65,1,102,53,40,63" hai1="39,90,94,16,8,113,33,19,119,47,2,59,73" hai2="3,67,44,20,117,80,103,38,129,75,0,52,37" hai3="84,54,43,125,23,92,97,56,100,127,72,81,108"/><U105/><E105/><V60/><F117/><W46/><G108/><T7/><D1/><U106/><E106/><V126/><F103/><W83/><G72/><T104/><D104/><U110/><E119/><V76/><F129/><W42/><G23/><T131/><D131/><U120/><E120/><V130/><F130/><W41/><G46/><T28/><D40/><U18/><E113/><V32/><F32/><W112/><G112/><T71/><D71/><U22/><E33/><V118/><F118/><W34/><G34/><T4/><D4/><U15/><E73/><V79/><F79/><W70/><G70/><T88/><D102/><U49/><E39/><V17/><F126/><N who="3" m="48139" /><G84/><T30/><D53/><N who="1" m="32175" /><E47/><V50/><F3/><W69/><G69/><T31/><REACH who="0" step="1"/><D65/><REACH who="0" ten="191,397,181,221" step="2"/><U61/><E2/><V116/><F0/><W115/><G115/><T109/><D109/><U101/><E101/><V51/><F116/><W91/><G100/><T121/><D121/><U124/><E110/><V86/><F67/><W107/><G107/><T111/><D111/><U25/><E124/><V5/><F5/><W58/><G54/><T133/><D133/><U87/><E61/><V123/><F60/><W11/><G41/><T122/><D122/><U10/><E10/><AGARI ba="2,1" hai="7,10,12,28,30,31,55,57,63,85,88,93,132,134" machi="10" ten="40,8000,1" yaku="1,1,52,3,54,1,53,0" doraHai="24" doraHaiUra="66" who="0" fromWho="1" sc="191,96,397,-86,181,0,221,0" /><INIT seed="2,0,0,3,2,129" ten="287,311,181,221" oya="2" hai0="33,113,127,132,119,78,75,5,74,93,27,101,49" hai1="109,72,77,55,130,21,9,42,1,88,11,48,8" hai2="6,57,23,13,25,58,60,24,114,62,28,32,83" hai3="61,65,12,46,79,4,59,30,80,50,43,15,76"/><V103/><F114/><W84/><G30/><T128/><D113/><U51/><E109/><V53/><F103/><W94/><G76/><T118/><D128/><U69/><E69/><V54/><F83/><W81/><G81/><T31/><D127/><U120/><E120/><V52/><F6/><W26/><G26/><T71/><D71/><U98/><E130/><V70/><F13/><W63/><G4/><T92/><D5/><U106/><E42/><V18/><REACH who="2" step="1"/><F70/><REACH who="2" ten="287,311,171,221" step="2"/><W64/><G94/><T38/><D93/><U44/><E106/><V85/><F85/><W20/><G20/><T99/><D92/><U37/><E21/><V125/><F125/><W2/><G2/><T124/><D101/><U87/><E1/><V100/><F100/><W68/><AGARI ba="0,1" hai="12,15,43,46,50,59,61,63,64,65,68,79,80,84" machi="68" ten="20,1500,0" yaku="0,1,7,1" doraHai="129" who="3" fromWho="3" sc="287,-4,311,-4,171,-7,221,25" /><INIT seed="3,0,0,3,0,96" ten="283,307,164,246" oya="3" hai0="131,61,33,90,79,119,98,20,111,15,115,19,107" hai1="43,97,80,116,59,108,8,49,117,27,95,91,21" hai2="26,83,114,82,68,34,104,28,60,70,109,57,132" hai3="50,56,54,53,0,130,65,120,94,93,122,25,73"/><W48/><G0/><T29/><D119/><N who="1" m="45643" /><E108/><V9/><F132/><W17/><G73/><T66/><D111/><U99/><E8/><V7/><F114/><W35/><G65/><T103/><D115/><U38/><E38/><V123/><F109/><W13/><G130/><T124/><D131/><U18/><E80/><V63/><F123/><W81/><G81/><T37/><D37/><U127/><E127/><V75/><F63/><W87/><G120/><T126/><D90/><U51/><E43/><V133/><F133/><W112/><G112/><T74/><D79/><U64/><E97/><V24/><F24/><W100/><G122/><T110/><D74/><U1/><E1/><V46/><F46/><W113/><G113/><T5/><D5/><U30/><E18/><V23/><F23/><W40/><G40/><T47/><D47/><U92/><E92/><V69/><F75/><W41/><G41/><T86/><D86/><U2/><E2/><V6/><F104/><W85/><G35/><T128/><D110/><U134/><E134/><V36/><F36/><W67/><G25/><N who="0" m="18607" /><D128/><U11/><E11/><V101/><F7/><W71/><G71/><AGARI ba="0,0" hai="15,19,20,61,66,71,98,103,107,124,126" m="18607" machi="71" ten="30,2000,0" yaku="25,1,52,1" doraHai="96" who="0" fromWho="3" sc="283,20,307,0,164,0,246,-20" owari="303,10.3,307,40.7,164,-33.6,226,-17.4" /></mjloggm>