<mjloggm ver="2.3"><GO type="225" lobby="0"/><UN n0="%E9%80%86%E9%80%A3%E5%B8%AF%E3%81%AE%E9%AC%BC" n1="%E4%BA%BA%E9%96%93%E3%83%81%E3%83%A3%E3%83%BC%E3%83%8F%E3%83%B3" n2="%E5%A4%9C%E5%85%89%E5%A4%A9%E6%A5%BC" n3="%E4%BF%BA%E3%81%A8%E5%A6%96%E5%A4%A2" dan="16,16,17,17" rate="2164.84,2091.20,2177.33,2160.14" sx="M,M,M,F"/><TAIKYOKU oya="0"/><INIT seed="0,0,0,1,2,56" ten="250,250,250,250" oya="0" hai0="128,116,39,28,44,65,87,86,97,5,54,79,17" hai1="22,81,125,101,118,51,74,7,102,113,36,104,14" hai2="25,107,50,8,3,1,53,111,131,33,21,46,16" hai3="91,55,112,99,77,114,82,38,106,80,105,60,19"/><T62/><D116/><U64/><E118/><V68/><F107/><W35/><G35/><T31/><D128/><U6/><E36/><V11/><F131/><W73/><G38/><T117/><D117/><U57/><E104/><N who="3" m="40042" /><G60/><T58/><D5/><N who="1" m="1547" /><E74/><V123/><F123/><W89/><G55/><T84/><D79/><U85/><E125/><V119/><F119/><W52/><G52/><T134/><D134/><U12/><E51/><V61/><F33/><W71/><G19/><T48/><D97/><U127/><E127/><V70/><F111/><W75/><G71/><T124/><D124/><U67/><E113/><N who="3" m="43626" /><G99/><T92/><D92/><U120/><E120/><V2/><REACH who="2" step="1"/><F70/><REACH who="2" ten="250,250,240,250" step="2"/><W94/><G94/><T132/><D132/><U108/><E108/><V72/><F72/><N who="3" m="27723" /><G77/><T13/><REACH who="0" step="1"/><D39/><REACH who="0" ten="240,250,240,250" step="2"/><U49/><E49/><V40/><F40/><W41/><G41/><T78/><D78/><U122/><E122/><V90/><F90/><AGARI ba="0,2" hai="80,82,89,90,91" m="27723,43626,40042" machi="90" ten="40,8000,1" yaku="28,2,34,2" doraHai="56" who="3" fromWho="2" sc="240,0,250,0,240,-80,250,100" /><INIT seed="1,0,0,1,5,6" ten="240,250,160,350" oya="1" hai0="62,7,94,127,8,4,101,114,13,49,98,113,44" hai1="40,24,126,43,82,30,10,0,55,31,41,120,109" hai2="80,107,70,2,74,53,85,66,47,72,111,34,12" hai3="32,5,37,38,36,91,108,73,104,35,59,117,131"/><U112/><E112/><V23/><F111/><W71/><G108/><T90/><D127/><U103/><E109/><V69/><F107/><W125/><G125/><T102/><D4/><U124/><E120/><V129/><F34/><W64/><G59/><T84/><D62/><U56/><E31/><V25/><F2/><W96/><G91/><T63/><D63/><U87/><E103/><V1/><F1/><W81/><G131/><T75/><D75/><U92/><E92/><V116/><F66/><W106/><G5/><T121/><D121/><U118/><E118/><V122/><F122/><W15/><G15/><T128/><D128/><U9/><E0/><V133/><F129/><W135/><G135/><T46/><D102/><U110/><E110/><V58/><F47/><W27/><G117/><T17/><D7/><U76/><E124/><V48/><F116/><W79/><G96/><T52/><REACH who="0" step="1"/><D46/><REACH who="0" ten="230,250,160,350" step="2"/><U86/><E126/><V77/><F74/><W60/><G35/><T54/><D54/><U105/><E105/><AGARI ba="0,1" hai="8,13,17,44,49,52,84,90,94,98,101,105,113,114" machi="105" ten="30,8000,1" yaku="1,1,7,1,52,1,54,1,53,1" doraHai="6" doraHaiUra="14" who="0" fromWho="1" sc="230,90,250,-80,160,0,350,0" /><INIT seed="2,0,0,0,4,32" ten="320,170,160,350" oya="2" hai0="101,34,93,42,59,25,24,90,71,66,81,63,17" hai1="27,92,80,85,130,132,103,106,33,74,64,76,115" hai2="134,97,38,117,51,8,7,77,94,3,112,23,46" hai3="18,15,49,124,119,28,128,96,61,55,2,79,43"/><V9/><F112/><W44/><G119/><T48/><D34/><U70/><E115/><V127/><F117/><W67/><G128/><T45/><D101/><U37/><E130/><V73/><F127/><W86/><G124/><T30/><D81/><U78/><E132/><V75/><F134/><W109/><G109/><T102/><D102/><U41/><E78/><V108/><F108/><W36/><G28/><T5/><D5/><U54/><E54/><V65/><F38/><W52/><G96/><T110/><D110/><U39/><E41/><V10/><F65/><W118/><G118/><T19/><D71/><U114/><E114/><V84/><F84/><W57/><G2/><T89/><D89/><U91/><E64/><V104/><F23/><N who="3" m="11743" /><G36/><T120/><D120/><U4/><E4/><V107/><F75/><W26/><G26/><T82/><D82/><AGARI ba="0,0" hai="43,44,49,52,55,57,61,67,79,82,86" m="11743" machi="82" ten="30,2000,0" yaku="8,1,54,1" doraHai="32" who="3" fromWho="0" sc="320,-20,170,0,160,0,350,20" /><INIT seed="3,0,0,5,2,43" ten="300,170,160,370" oya="3" hai0="3,89,112,31,51,114,45,110,65,104,42,33,0" hai1="24,80,87,64,97,21,32,113,12,58,99,93,91" hai2="30,79,128,19,35,22,44,132,10,74,72,70,77" hai3="18,47,94,101,125,100,88,54,120,92,119,59,82"/><W98/><G119/><T106/><D110/><U118/><E113/><N who="0" m="43625" /><D65/><U53/><E118/><V13/><F70/><W14/><G120/><T127/><D127/><U61/><E32/><V134/><F128/><W69/><G69/><T131/><D131/><U121/><E121/><V5/><F30/><W109/><G109/><T20/><D20/><U95/><E12/><N who="2" m="9575" /><F35/><W1/><G1/><N who="0" m="587" /><D89/><U26/><E64/><V57/><F57/><W122/><G122/><T16/><D16/><N who="1" m="12327" /><E26/><AGARI ba="0,0" hai="26,31,33,42,45,51,104,106" m="587,43625" machi="26" ten="30,2000,0" yaku="11,1,52,1" doraHai="43" who="0" fromWho="1" sc="300,20,170,-20,160,0,370,0" owari="320,12.0,150,-35.0,160,-24.0,370,47.0" /></mjloggm>