<mjloggm ver="2.3"><GO type="225" lobby="0"/><UN n0="%E3%81%B5%E3%81%98%E3%81%8B%E3%81%A4" n1="%E3%81%BF%E3%81%BF%E3%81%9A" n2="%E3%81%AA%E3%82%81%E3%81%93%E9%9B%80%E5%A3%AB" n3="%47%68%6F%73%74%55%30" dan="16,18,16,17" rate="2134.78,2251.01,2080.72,2117.07" sx="M,M,M,M"/><TAIKYOKU oya="0"/><INIT seed="0,0,0,2,5,24" ten="250,250,250,250" oya="0" hai0="49,44,11,16,129,78,115,132,108,55,36,74,116" hai1="25,90,48,102,26,121,27,125,21,19,33,15,68" hai2="77,32,112,104,133,46,109,92,86,101,41,126,0" hai3="6,117,4,9,130,14,124,42,1,20,5,85,38"/><T103/><D116/><U71/><E121/><V67/><F112/><W63/><G117/><T111/><D115/><U94/><E125/><V84/><F0/><W118/><G118/><T37/><D132/><U31/><E102/><V17/><F104/><W51/><G38/><T89/><D103/><U127/><E127/><V106/><F106/><W99/><G124/><T110/><D129/><U134/><E134/><V50/><F32/><W8/><G99/><T87/><D78/><U80/><E80/><V13/><F109/><W64/><G130/><T98/><D98/><U12/><E26/><V28/><F133/><W60/><G5/><T123/><D74/><U79/><E79/><V52/><F67/><W61/><G20/><T45/><D45/><U73/><E73/><V91/><F101/><W7/><G7/><T57/><D57/><U76/><E76/><V122/><F41/><W128/><G128/><T75/><D75/><U35/><E48/><V88/><F77/><W40/><G64/><T30/><D30/><U47/><E47/><V22/><F126/><W69/><G69/><T120/><D120/><U113/><E113/><V53/><F122/><W83/><G51/><T58/><D58/><U59/><E59/><V131/><F131/><W82/><G85/><T135/><D135/><U18/><E35/><V56/><F28/><W3/><G3/><T97/><D97/><N who="1" m="57559" /><E19/><V29/><F29/><W34/><G34/><T105/><D105/><U114/><E114/><V107/><F107/><W70/><G70/><N who="1" m="26666" /><E33/><V72/><F72/><W93/><G1/><T81/><D123/><RYUUKYOKU ba="0,0" sc="250,15,250,15,250,-15,250,-15" hai0="11,16,36,37,44,49,55,81,87,89,108,110,111" hai1="12,15,18,21,25,27,31" /><INIT seed="0,1,0,4,0,67" ten="265,265,235,235" oya="0" hai0="108,31,63,70,100,132,21,88,41,79,4,95,87" hai1="62,114,109,124,46,23,8,34,126,5,3,110,66" hai2="36,103,81,111,80,129,0,1,38,35,9,40,118" hai3="120,76,24,85,33,14,106,49,39,134,25,10,105"/><T113/><D113/><U97/><E34/><V47/><F111/><N who="1" m="42505" /><E114/><V71/><F129/><W130/><G39/><T101/><D108/><U89/><E23/><V115/><F115/><W128/><G120/><T6/><D132/><U121/><E46/><V131/><F131/><N who="3" m="50219" /><G134/><T20/><D41/><U60/><E121/><V42/><F103/><N who="0" m="39498" /><D70/><N who="1" m="42311" /><E62/><V72/><F118/><W98/><G49/><T74/><D63/><U86/><E97/><V83/><F35/><W53/><G98/><N who="0" m="57703" /><D74/><U112/><E112/><V59/><F72/><W135/><G33/><T127/><D127/><U68/><E68/><V32/><F71/><W94/><G135/><T44/><D44/><U82/><AGARI ba="1,0" hai="3,5,8,82,86,89,124,126" m="42311,42505" machi="82" ten="30,2000,0" yaku="14,1,52,1" doraHai="67" who="1" fromWho="1" sc="265,-11,265,23,235,-6,235,-6" /><INIT seed="1,0,0,5,2,107" ten="254,288,229,229" oya="1" hai0="55,135,104,54,71,40,74,86,1,101,85,113,118" hai1="12,65,66,36,95,88,60,114,5,31,19,123,133" hai2="18,68,50,105,106,128,14,117,27,13,0,91,38" hai3="32,92,131,29,7,63,57,42,127,52,17,16,51"/><U96/><E114/><V11/><F117/><W6/><G131/><T35/><D118/><U9/><E123/><V83/><F38/><W102/><G32/><T47/><D113/><U121/><E121/><V108/><F68/><W46/><G29/><T21/><D71/><U78/><E133/><V37/><F37/><W87/><G127/><T115/><D35/><U15/><E36/><V80/><F0/><W43/><G43/><T84/><D1/><U129/><E129/><V3/><F3/><W124/><G124/><T112/><D135/><U8/><E31/><V67/><F67/><W69/><G69/><T61/><D74/><U39/><E39/><V76/><F27/><W28/><G28/><T132/><D132/><U103/><E60/><V59/><F14/><W25/><G25/><T81/><D61/><U120/><E120/><V99/><F108/><W26/><G26/><T125/><D21/><U98/><REACH who="1" step="1"/><E78/><REACH who="1" ten="254,278,229,229" step="2"/><V94/><F128/><W20/><G102/><T48/><D125/><U34/><E34/><V93/><F76/><W90/><REACH who="3" step="1"/><G20/><REACH who="3" ten="254,278,229,219" step="2"/><T58/><D115/><U82/><E82/><V70/><F83/><W110/><G110/><T126/><D126/><U77/><E77/><V62/><F80/><W23/><G23/><T79/><D112/><U49/><E49/><V44/><F50/><W109/><G109/><T41/><D48/><U130/><E130/><V111/><F111/><W33/><G33/><T75/><D79/><U73/><E73/><V10/><F62/><W72/><G72/><T64/><D75/><U97/><E97/><V53/><F99/><RYUUKYOKU ba="0,2" sc="254,-15,278,15,229,-15,219,15" hai1="5,8,9,12,15,19,65,66,88,95,96,98,103" hai3="6,7,16,17,42,46,51,52,57,63,87,90,92" /><INIT seed="1,1,2,5,3,78" ten="239,293,214,234" oya="1" hai0="113,103,98,87,25,104,4,39,14,64,43,26,100" hai1="29,120,46,32,31,89,19,118,74,88,44,86,106" hai2="111,77,2,69,30,28,9,16,80,67,84,72,94" hai3="110,121,127,95,63,92,37,41,99,68,57,135,13"/><U1/><E118/><V134/><F111/><W62/><G121/><T116/><D116/><U117/><E74/><V126/><F126/><W54/><G110/><T124/><D113/><U58/><E1/><V71/><F134/><W38/><G127/><T10/><D124/><U34/><E106/><V119/><F119/><W105/><G135/><T40/><D64/><U125/><E117/><V65/><F65/><W107/><G68/><T51/><D39/><U115/><E125/><V128/><F128/><W23/><G41/><T131/><D103/><U47/><E115/><V112/><F112/><W11/><G23/><T79/><D131/><U7/><E7/><V83/><F94/><W20/><G20/><T0/><D0/><U109/><E120/><V76/><F16/><W90/><G63/><T3/><D3/><U50/><E109/><V8/><F8/><W36/><REACH who="3" step="1"/><G95/><REACH who="3" ten="239,293,214,224" step="2"/><N who="0" m="58463" /><D40/><U6/><E32/><V102/><F102/><W56/><G56/><T123/><D123/><U114/><E34/><V93/><F93/><W59/><G59/><T27/><D104/><U101/><E101/><V97/><F97/><W42/><G42/><T49/><D43/><U12/><E114/><V5/><REACH who="2" step="1"/><F69/><REACH who="2" ten="239,293,204,224" step="2"/><W133/><G133/><T122/><D122/><U75/><E29/><V35/><F35/><W45/><G45/><T21/><D21/><N who="1" m="11495" /><E31/><V129/><F129/><W108/><G108/><T52/><D52/><U132/><E44/><V81/><F81/><AGARI ba="1,4" hai="4,10,14,25,26,27,49,51,79,81,87" m="58463" machi="81" ten="30,2000,0" yaku="8,1,52,1" doraHai="78" who="0" fromWho="2" sc="239,63,293,0,204,-23,224,0" /><INIT seed="2,0,0,2,0,52" ten="302,293,181,224" oya="2" hai0="10,98,60,126,61,110,53,44,123,102,64,1,14" hai1="4,16,36,101,62,96,113,13,131,11,37,108,75" hai2="72,33,129,48,30,2,58,51,105,21,84,115,38" hai3="116,111,82,31,77,128,87,71,119,99,79,47,95"/><V83/><F115/><W112/><G71/><T88/><D123/><U6/><E113/><V117/><F117/><N who="3" m="45131" /><G47/><T122/><D122/><U120/><E75/><V134/><F105/><W130/><G31/><T124/><D1/><U135/><E120/><V46/><F2/><W28/><G28/><T5/><D110/><U22/><E108/><V35/><F72/><W70/><G70/><T27/><D27/><U25/><E131/><N who="3" m="50218" /><G112/><T18/><D5/><U32/><E135/><V26/><F129/><W34/><G34/><T43/><D53/><U76/><E76/><V97/><F134/><W54/><G54/><T67/><D88/><U89/><E89/><V118/><F118/><W12/><G111/><T81/><D81/><U19/><E62/><N who="0" m="24169" /><D98/><U8/><E32/><V57/><F38/><W66/><G12/><T85/><D102/><U23/><E4/><V20/><F97/><W100/><G66/><T94/><D85/><U3/><REACH who="1" step="1"/><E23/><REACH who="1" ten="302,283,181,224" step="2"/><V86/><F30/><W0/><G0/><T90/><D90/><AGARI ba="0,1" hai="77,79,82,87,90,95,99,100" m="50218,45131" machi="90" ten="30,3900,0" yaku="19,1,34,2" doraHai="52" who="3" fromWho="0" sc="302,-39,283,0,181,0,224,49" /><INIT seed="3,0,0,2,4,72" ten="263,283,181,273" oya="3" hai0="98,47,95,82,32,84,124,8,1,96,109,105,113" hai1="62,17,67,48,123,93,106,92,20,107,24,59,40" hai2="89,127,64,13,22,56,41,135,102,111,11,117,50" hai3="14,21,5,61,81,133,9,28,31,66,52,60,71"/><W26/><G133/><T2/><D32/><U73/><E123/><V101/><F117/><W131/><G131/><T43/><D113/><U65/><E73/><V23/><F135/><W100/><G100/><N who="2" m="38505" /><F111/><W99/><G99/><T74/><D105/><U75/><E75/><V55/><F127/><W68/><G81/><T126/><D109/><U18/><E107/><V104/><F104/><W76/><G76/><N who="0" m="46151" /><D74/><U115/><E115/><V120/><F120/><W88/><G88/><N who="0" m="55399" /><D8/><U19/><E67/><V10/><F64/><W79/><G79/><T27/><D27/><U87/><E106/><V119/><F119/><W3/><G3/><T58/><D58/><U129/><E129/><V86/><F41/><W57/><G28/><T108/><D98/><U4/><E4/><N who="2" m="3271" /><F11/><W63/><G68/><T78/><D78/><U69/><E69/><V33/><F33/><W134/><G134/><T25/><D25/><U90/><E93/><AGARI ba="0,0" hai="22,23,50,55,56,86,89,93" m="3271,38505" machi="93" ten="30,1000,0" yaku="8,1" doraHai="72" who="2" fromWho="1" sc="263,0,283,-10,181,10,273,0" /><INIT seed="4,0,0,5,2,66" ten="263,273,191,273" oya="0" hai0="122,76,125,100,101,24,15,7,90,88,37,59,96" hai1="23,117,63,46,56,80,54,107,91,20,131,111,26" hai2="52,92,130,1,21,27,112,116,82,77,9,53,84" hai3="3,62,8,98,97,102,81,121,85,95,28,126,89"/><T6/><D37/><U41/><E111/><V64/><F112/><W114/><G114/><T72/><D122/><U124/><E117/><V83/><F130/><W113/><G113/><T93/><D125/><U39/><E124/><V42/><F116/><W58/><G126/><T4/><D72/><U123/><E131/><V71/><F42/><W61/><G121/><T13/><D76/><U49/><E123/><V99/><F82/><W0/><G61/><T70/><D70/><U55/><E107/><V73/><F73/><W38/><G38/><T19/><D59/><U40/><E39/><V129/><F129/><W2/><G28/><T86/><D24/><U109/><E109/><V16/><F64/><W108/><G108/><T65/><D65/><U105/><E105/><V134/><F71/><W118/><G118/><T79/><D79/><U50/><E63/><V57/><F57/><W106/><G8/><N who="0" m="6631" /><D13/><U35/><E35/><V78/><F78/><W127/><G127/><T128/><D128/><U29/><E20/><V31/><F134/><W69/><G69/><T132/><D132/><U18/><E29/><V32/><F32/><W87/><REACH who="3" step="1"/><G81/><AGARI ba="0,0" hai="4,6,7,81,86,88,90,93,96,100,101" m="6631" machi="81" ten="30,2900,0" yaku="8,1,54,1" doraHai="66" who="0" fromWho="3" sc="263,29,273,0,191,0,273,-29" /><BYE who="2" /><BYE who="1" /><UN n1="%E3%81%BF%E3%81%BF%E3%81%9A" /><UN n2="%E3%81%AA%E3%82%81%E3%81%93%E9%9B%80%E5%A3%AB" /><INIT seed="4,1,0,4,5,6" ten="292,273,191,244" oya="0" hai0="112,124,84,37,17,54,40,116,24,104,2,62,117" hai1="95,59,82,50,45,126,30,97,9,91,70,66,23" hai2="1,57,115,38,108,135,79,51,85,18,69,100,4" hai3="87,71,125,56,81,74,26,5,119,44,107,78,13"/><T99/><BYE who="3" /><D2/><U67/><E126/><V73/><F108/><W93/><G93/><T10/><D124/><U113/><E70/><V22/><F38/><W20/><G20/><T132/><D112/><U31/><E113/><V111/><F115/><UN n3="%47%68%6F%73%74%55%30" /><W60/><G71/><T98/><D132/><U39/><E39/><V89/><F111/><W101/><G125/><T121/><D121/><U12/><E82/><V28/><F69/><W130/><G130/><T131/><D84/><U49/><E23/><V25/><F135/><W114/><G114/><T21/><D131/><U16/><E50/><V11/><F100/><W120/><G120/><T53/><D10/><U52/><E66/><V29/><F79/><W133/><G133/><T8/><D8/><U92/><E95/><V55/><REACH who="2" step="1"/><F73/><REACH who="2" ten="292,273,181,244" step="2"/><W118/><G74/><T48/><D37/><U86/><E97/><V19/><F19/><W27/><G118/><T61/><D99/><U109/><E109/><V105/><F105/><W90/><G119/><T63/><D116/><U7/><E7/><V122/><F122/><W15/><G78/><T77/><D77/><U72/><E72/><V88/><F88/><W65/><G5/><T96/><D117/><U42/><E42/><V76/><F76/><W134/><G134/><T64/><D98/><U128/><E128/><V123/><F123/><W34/><G107/><T80/><D96/><U3/><E3/><V127/><F127/><W110/><G101/><T0/><D0/><U75/><E75/><V68/><F68/><W129/><G129/><T46/><D104/><U103/><E103/><RYUUKYOKU ba="1,1" sc="292,-15,273,15,181,15,244,-15" hai1="9,12,16,30,31,45,49,52,59,67,86,91,92" hai2="1,4,11,18,22,25,28,29,51,55,57,85,89" /><INIT seed="5,2,1,3,0,133" ten="277,288,196,229" oya="1" hai0="37,84,57,31,33,17,93,124,123,108,97,58,52" hai1="115,40,38,99,77,83,91,120,110,3,49,1,48" hai2="60,78,42,113,119,11,27,4,80,88,127,30,12" hai3="79,112,118,81,86,69,65,100,35,85,105,94,24"/><U128/><E120/><V126/><F119/><W103/><G112/><T34/><D124/><N who="2" m="47658" /><F42/><W5/><G5/><T70/><D123/><U8/><E115/><V116/><F116/><W96/><G118/><T59/><D37/><U130/><E38/><V23/><F113/><W7/><G7/><T56/><D70/><U73/><E8/><V117/><F117/><W92/><G100/><T74/><D74/><U67/><E67/><V43/><F43/><W135/><G85/><T63/><D108/><U2/><E110/><V95/><F60/><N who="3" m="40103" /><G135/><T61/><D61/><U10/><E10/><V114/><F114/><W47/><G47/><T39/><D39/><U75/><E75/><N who="2" m="43103" /><F95/><W21/><G21/><T87/><D93/><N who="1" m="56767" /><E40/><V50/><F88/><W76/><G76/><T32/><D63/><U22/><E22/><V41/><F41/><W72/><G72/><T55/><D34/><U15/><E15/><V134/><F134/><W90/><G90/><T121/><D33/><U109/><E109/><V54/><F54/><W20/><G20/><T25/><D55/><U44/><E44/><V36/><F36/><W62/><G62/><T104/><D121/><U89/><E89/><V102/><F102/><W125/><G125/><T46/><D46/><U0/><N who="1" m="0" /><DORA hai="13" /><U122/><E122/><V16/><F50/><W9/><G9/><T6/><D52/><U26/><E26/><V68/><F68/><W106/><G106/><T107/><D107/><U66/><E66/><V101/><F101/><W53/><G53/><T98/><D104/><U45/><E48/><V14/><F14/><RYUUKYOKU ba="2,1" sc="277,-30,288,10,196,10,229,10" hai1="45,49,73,77,83,128,130" hai2="4,11,12,16,23,27,30" hai3="24,35,79,81,86,92,94,96,103,105" /><INIT seed="5,3,1,0,2,110" ten="247,298,206,239" oya="1" hai0="113,18,112,78,129,88,120,17,96,62,22,77,98" hai1="60,109,0,20,102,92,8,65,52,44,25,135,126" hai2="6,58,13,83,28,93,38,48,106,127,37,125,9" hai3="124,26,80,119,45,39,57,10,95,116,69,85,14"/><U64/><E109/><V87/><F106/><W27/><G69/><T59/><D120/><U35/><E35/><V15/><F28/><W130/><G95/><N who="0" m="56423" /><D98/><N who="1" m="59719" /><E0/><V63/><F48/><W76/><G124/><N who="2" m="47689" /><F93/><W134/><G134/><T121/><D129/><U103/><E135/><V32/><F15/><W122/><G122/><T23/><D23/><U42/><E126/><V66/><F32/><W54/><G130/><T108/><D108/><U107/><E107/><V36/><F38/><W55/><G119/><T97/><D97/><U101/><E8/><V79/><AGARI ba="3,1" hai="6,9,13,36,37,58,63,66,79,83,87" m="47689" machi="79" ten="30,1100,0" yaku="18,1" doraHai="110" who="2" fromWho="2" sc="247,-6,298,-8,206,30,239,-6" /><INIT seed="6,0,0,0,1,132" ten="241,290,236,233" oya="2" hai0="45,52,48,104,11,81,135,84,87,125,107,41,115" hai1="105,99,13,34,50,102,19,109,75,101,79,5,12" hai2="44,10,88,21,63,82,28,25,51,69,39,127,8" hai3="56,35,47,31,29,86,23,70,85,2,9,77,0"/><V118/><F39/><W100/><G70/><T59/><D135/><U64/><E109/><V42/><F127/><W92/><G35/><T113/><D125/><U80/><E34/><V61/><F118/><W121/><G121/><T4/><D87/><N who="3" m="33289" /><G0/><T76/><D115/><U17/><E64/><V110/><F110/><W18/><G2/><T83/><D83/><U37/><E37/><V55/><F69/><W14/><G77/><T131/><D131/><U78/><E78/><V22/><F22/><W20/><G47/><T108/><D108/><U128/><E128/><V129/><F129/><W116/><G116/><T49/><REACH who="0" step="1"/><D113/><REACH who="0" ten="231,290,236,233" step="2"/><U67/><E80/><V62/><F42/><W16/><G31/><T122/><D122/><U71/><E79/><V117/><F117/><W65/><G29/><T24/><D24/><U74/><E75/><V66/><F66/><W89/><G65/><T7/><D7/><U53/><E74/><V3/><F3/><AGARI ba="0,1" hai="3,4,11,41,45,48,49,52,59,76,81,84,104,107" machi="3" ten="30,3900,0" yaku="1,1,7,1,54,1,53,0" doraHai="132" doraHaiUra="90" who="0" fromWho="2" sc="231,49,290,0,236,-39,233,0" /><INIT seed="7,0,0,3,2,39" ten="280,290,197,233" oya="3" hai0="112,36,97,75,34,44,104,79,124,19,1,96,17" hai1="67,41,33,49,32,59,73,28,135,105,37,54,35" hai2="48,50,24,62,113,46,42,3,68,109,131,83,63" hai3="15,95,125,25,127,7,70,130,80,89,57,13,118"/><W6/><G70/><T92/><D124/><N who="3" m="47689" /><G80/><T103/><D34/><U45/><E73/><V117/><F3/><W76/><G76/><T106/><D112/><U91/><E135/><V60/><F113/><W134/><G57/><T66/><D66/><U84/><E105/><V77/><F109/><W111/><G118/><T31/><D31/><U85/><E28/><V82/><F117/><W20/><G134/><T14/><D1/><U108/><E108/><V119/><F119/><W128/><G89/><T99/><D19/><U23/><E23/><V16/><F68/><W11/><G95/><T4/><D4/><N who="3" m="1577" /><G111/><T61/><D106/><U123/><E123/><V0/><F0/><W53/><G53/><T72/><D79/><U90/><E67/><V107/><F107/><W56/><G56/><T74/><D104/><U87/><AGARI ba="0,0" hai="32,33,35,37,41,45,49,54,59,84,85,87,90,91" machi="87" ten="40,2700,0" yaku="0,1,52,1" doraHai="39" who="1" fromWho="1" sc="280,-7,290,27,197,-7,233,-13" owari="273,7.3,317,41.7,190,-31.0,220,-18.0" /></mjloggm>