<mjloggm ver="2.3"><GO type="225" lobby="0"/><UN n0="%E3%81%AF%E3%82%88%E3%81%8A%E3%81%98%E3%81%95%E3%82%93" n1="%E8%A8%88%E7%AE%97%E6%A9%9F%E8%87%AA%E7%84%B6" n2="%E6%80%AA%E3%81%97%E3%81%99%E3%81%8E%E3%82%8B%E3%83%81%E3%83%BC" n3="%E5%84%AA%40%41%42%43" dan="17,17,16,17" rate="2212.23,2250.49,2129.35,2253.34" sx="M,M,M,M"/><TAIKYOKU oya="0"/><INIT seed="0,0,0,5,3,76" ten="250,250,250,250" oya="0" hai0="33,98,6,88,94,86,54,11,121,99,101,3,96" hai1="48,66,22,9,30,24,80,68,95,40,73,26,75" hai2="108,123,51,14,2,118,20,93,38,67,87,132,39" hai3="89,72,4,91,109,127,85,55,71,12,5,112,64"/><T62/><D121/><U34/><E95/><V65/><F2/><W35/><G112/><T37/><D33/><U57/><E68/><V18/><F123/><W97/><G72/><T21/><D37/><U29/><E9/><V56/><F108/><W74/><G74/><T111/><D111/><U32/><E22/><V43/><F132/><W13/><G35/><T78/><D78/><U126/><E126/><V131/><F131/><W102/><G127/><T60/><D101/><U31/><E31/><V105/><F105/><W69/><G64/><T110/><D110/><U23/><E23/><V53/><F118/><W17/><G109/><T114/><D114/><U135/><E135/><V119/><F119/><W115/><G115/><T41/><D41/><U15/><E15/><V117/><F117/><W46/><G46/><T122/><D122/><U113/><E113/><V59/><F43/><W45/><G45/><T90/><D90/><U104/><E104/><V79/><F79/><W16/><G85/><T47/><REACH who="0" step="1"/><D21/><REACH who="0" ten="240,250,250,250" step="2"/><U129/><E40/><V116/><F116/><W58/><G102/><T36/><D36/><U19/><E32/><V50/><F39/><W81/><G91/><T92/><D92/><U125/><E34/><V44/><F38/><W124/><G89/><T10/><D10/><U25/><E125/><V61/><F93/><W120/><G124/><T84/><D84/><U134/><E73/><V83/><F87/><W133/><G120/><T27/><D27/><N who="1" m="10315" /><E75/><V100/><F100/><W77/><G77/><T7/><D7/><U70/><E134/><V49/><F83/><RYUUKYOKU ba="0,1" sc="240,15,250,-15,250,15,250,-15" hai0="3,6,11,47,54,60,62,86,88,94,96,98,99" hai2="14,18,20,44,49,50,51,53,56,59,61,65,67" /><INIT seed="0,1,1,4,5,126" ten="255,235,265,235" oya="0" hai0="121,38,54,124,0,49,32,112,29,11,133,92,55" hai1="48,76,82,7,115,96,134,100,90,117,79,88,27" hai2="98,135,109,10,93,86,118,65,16,108,53,61,34" hai3="122,131,21,123,107,42,2,23,110,111,103,63,106"/><T125/><D38/><U114/><E7/><V68/><F34/><W18/><G2/><T83/><D112/><N who="1" m="43051" /><E48/><V132/><F118/><W30/><G42/><T3/><D121/><N who="3" m="46089" /><G63/><T95/><D133/><U128/><E27/><V101/><F86/><W64/><G64/><T74/><D55/><U70/><E70/><V78/><F78/><N who="1" m="29737" /><E117/><V19/><F53/><W52/><G52/><T58/><D83/><U60/><E60/><V22/><F10/><W67/><G67/><T130/><D74/><U13/><E13/><N who="2" m="9487" /><F19/><W20/><G131/><T37/><D130/><U25/><E25/><V24/><F24/><N who="3" m="16647" /><G23/><T56/><D37/><U69/><E69/><V36/><F36/><W73/><G73/><T51/><D54/><U31/><E31/><V104/><F104/><N who="3" m="39979" /><G103/><T77/><D29/><U57/><E128/><V46/><F46/><W44/><G44/><T62/><D62/><U9/><E9/><V116/><F116/><W14/><AGARI ba="1,1" hai="14,18,21,110,111" m="39979,16647,46089" machi="14" ten="40,1500,0" yaku="13,1" doraHai="126" who="3" fromWho="3" sc="255,-8,235,-5,265,-5,235,28" /><INIT seed="1,0,0,4,2,19" ten="247,230,260,263" oya="1" hai0="22,25,132,107,7,117,42,63,124,79,10,55,73" hai1="134,119,133,54,67,127,74,21,68,31,78,120,58" hai2="2,6,62,99,51,116,129,34,60,37,123,59,17" hai3="11,98,102,71,12,52,101,130,18,16,20,122,33"/><U103/><E119/><V110/><F37/><W45/><G122/><T90/><D117/><U88/><E120/><V3/><F116/><W28/><G71/><T82/><D107/><U128/><E103/><N who="3" m="39434" /><G33/><T40/><D124/><U83/><E127/><V76/><F123/><W36/><G36/><T81/><D132/><N who="1" m="50795" /><E128/><V104/><F129/><W41/><G130/><T4/><D4/><U131/><E131/><V13/><F110/><W64/><G64/><T14/><D82/><U57/><E54/><V46/><F34/><W32/><G32/><T80/><D80/><N who="1" m="45143" /><E68/><V106/><F76/><W70/><G70/><T100/><D100/><U86/><E67/><V8/><F99/><W108/><G98/><T72/><D72/><U38/><E38/><V75/><F75/><W85/><G41/><T96/><D96/><U115/><E115/><V84/><F106/><W92/><G28/><T43/><D90/><U49/><E49/><V5/><F104/><W95/><G85/><T9/><D55/><U39/><E39/><V53/><F84/><W23/><G108/><T93/><D63/><U69/><E69/><V118/><F118/><W0/><G0/><T15/><D93/><N who="3" m="35913" /><G18/><T26/><D43/><U109/><E109/><V87/><F87/><W91/><G91/><T77/><D79/><U56/><E31/><V65/><REACH who="2" step="1"/><F62/><REACH who="2" ten="247,230,250,263" step="2"/><W89/><G89/><T47/><D77/><U114/><E114/><V97/><F97/><W105/><G105/><T111/><D73/><U29/><E29/><V94/><F94/><W24/><G24/><N who="0" m="9323" /><D111/><U48/><E48/><AGARI ba="0,1" hai="11,12,16,20,23,45,48,52" m="35913,39434" machi="48" ten="30,8000,1" yaku="8,1,52,2,54,2" doraHai="19" who="3" fromWho="1" sc="247,0,230,-80,250,0,263,90" /><INIT seed="2,0,0,3,0,33" ten="247,150,250,353" oya="2" hai0="93,121,124,63,31,67,41,34,73,20,26,19,61" hai1="102,132,109,50,8,66,116,71,135,7,21,27,77" hai2="37,64,54,3,15,2,130,110,92,48,78,23,74" hai3="103,123,80,95,119,32,56,75,51,11,118,16,60"/><V42/><F130/><W83/><G32/><T4/><D121/><U105/><E77/><V43/><F110/><W94/><G123/><T104/><D104/><U55/><E116/><V128/><F128/><W44/><G75/><T129/><D129/><U84/><E109/><V35/><F35/><W0/><G0/><T134/><D73/><U28/><E84/><V52/><F64/><W112/><G112/><T88/><D124/><U115/><E115/><V59/><F74/><W58/><G58/><T108/><D108/><U46/><E102/><V101/><F78/><W126/><G126/><T5/><D41/><U86/><E86/><V30/><F30/><W125/><G125/><T22/><D134/><U76/><E76/><V122/><F122/><W85/><G103/><T98/><D34/><U97/><E97/><N who="2" m="59559" /><F54/><W6/><G6/><N who="0" m="2667" /><D67/><U89/><E89/><V65/><F65/><N who="3" m="39047" /><G119/><T24/><AGARI ba="0,0" hai="19,20,22,24,26,31,61,63,88,93,98" m="2667" machi="24" ten="30,2000,0" yaku="8,1,54,1" doraHai="33" who="0" fromWho="0" sc="247,20,150,-5,250,-10,353,-5" /><INIT seed="3,0,0,4,1,104" ten="267,145,240,348" oya="3" hai0="114,79,110,92,67,43,34,25,84,10,87,133,121" hai1="15,124,5,65,107,118,109,51,73,23,99,20,68" hai2="82,66,6,42,76,77,117,111,41,85,125,12,39" hai3="98,108,63,126,69,26,58,60,13,100,103,123,115"/><W40/><G115/><T9/><D121/><U38/><E38/><V93/><F117/><W31/><G126/><T0/><D114/><U97/><E124/><V29/><F125/><W106/><G103/><T112/><D112/><U61/><E118/><V105/><F111/><W2/><G2/><T119/><D119/><U47/><E109/><V128/><F105/><W113/><G123/><T131/><D110/><U27/><E5/><V32/><F128/><W11/><G40/><T81/><D131/><U37/><E15/><V48/><F39/><W45/><G45/><T129/><D129/><U72/><E37/><V135/><F135/><W59/><G63/><T70/><D43/><U33/><E20/><V18/><F66/><N who="3" m="41159" /><G108/><T95/><D133/><U44/><E23/><V80/><F93/><W89/><G89/><T62/><D0/><U102/><E97/><V130/><F48/><W14/><G14/><T122/><D122/><U8/><E8/><V30/><F130/><W78/><G78/><T91/><D92/><U71/><E71/><V83/><F6/><N who="3" m="3319" /><G113/><T96/><D96/><U116/><E116/><V28/><F32/><AGARI ba="0,0" hai="26,31,32,58,59,98,100,106" m="3319,41159" machi="32" ten="30,1500,0" yaku="25,1" doraHai="104" who="3" fromWho="2" sc="267,0,145,0,240,-15,348,15" owari="267,6.7,145,-35.5,225,-17.5,363,46.3" /></mjloggm>