<mjloggm ver="2.3"><GO type="225" lobby="0"/><UN n0="%70%68%65%6E%6F%6D%65" n1="%E5%B8%86%E7%AB%8B%E5%A4%8F%E8%A1%A3" n2="%E5%80%89%E6%A9%8B%EF%BC%A0%E4%BA%8B%E5%8B%99" n3="%E5%A4%96%E5%B7%9D%E7%AB%9C%E6%88%90" dan="17,17,16,16" rate="2188.38,2164.43,2090.01,2099.66" sx="M,M,M,M"/><TAIKYOKU oya="0"/><INIT seed="0,0,0,2,2,91" ten="250,250,250,250" oya="0" hai0="32,86,7,99,44,4,65,122,132,50,73,125,104" hai1="89,54,24,20,127,38,21,41,117,23,46,131,29" hai2="105,72,119,106,61,11,124,55,102,83,74,78,95" hai3="47,53,90,126,107,75,30,9,109,57,130,16,103"/><T92/><D122/><U2/><E127/><V60/><F124/><W51/><G126/><T34/><D125/><U58/><E131/><V116/><F11/><W59/><G130/><T25/><D73/><N who="2" m="28266" /><F55/><W97/><G75/><T1/><D132/><U93/><E117/><N who="2" m="45131" /><F60/><W18/><G109/><T31/><D65/><U94/><E2/><V19/><F19/><W49/><G30/><T70/><D70/><U35/><REACH who="1" step="1"/><E89/><REACH who="1" ten="250,240,250,250" step="2"/><V96/><F61/><AGARI ba="0,1" hai="20,21,23,24,29,35,38,41,46,54,58,61,93,94" machi="61" ten="40,8000,1" yaku="1,1,2,1,52,2,53,0" doraHai="91" doraHaiUra="13" who="1" fromWho="2" sc="250,0,240,90,250,-80,250,0" /><INIT seed="1,0,0,3,5,48" ten="250,330,170,250" oya="1" hai0="106,40,3,57,34,31,47,55,82,87,72,123,1" hai1="61,25,39,80,35,24,8,96,88,58,109,43,116" hai2="0,86,10,100,133,6,67,115,37,94,111,121,74" hai3="108,114,64,28,68,44,118,93,59,97,76,56,53"/><U89/><E116/><V29/><F121/><W75/><G114/><T73/><D106/><U60/><E109/><V91/><F74/><W79/><G108/><T32/><D123/><U135/><E135/><V20/><F111/><W42/><G75/><T51/><D73/><U127/><E127/><V38/><F133/><W45/><G68/><T69/><D69/><U71/><E39/><V14/><F115/><W98/><G28/><T41/><D72/><U7/><E43/><V81/><F67/><W110/><G110/><T15/><D41/><U103/><E71/><V4/><F4/><W92/><G42/><T126/><D15/><N who="1" m="5535" /><E61/><V99/><REACH who="2" step="1"/><F29/><REACH who="2" ten="250,330,160,250" step="2"/><W122/><G122/><T49/><D126/><U30/><E30/><V17/><AGARI ba="0,1" hai="0,6,10,14,17,20,37,38,81,86,91,94,99,100" machi="17" ten="30,4000,0" yaku="1,1,2,1,0,1,53,0" doraHai="48" doraHaiUra="117" who="2" fromWho="2" sc="250,-10,330,-20,160,50,250,-10" /><INIT seed="2,0,0,4,1,4" ten="240,310,210,240" oya="2" hai0="47,95,90,127,45,8,124,74,59,67,133,0,19" hai1="80,72,32,41,76,118,21,120,126,135,48,33,77" hai2="29,3,107,17,65,100,122,11,30,134,24,66,18" hai3="121,75,55,44,6,129,87,20,52,50,40,79,15"/><V131/><F122/><W31/><G129/><T113/><D74/><U26/><E118/><V42/><F131/><W130/><G75/><T86/><D113/><U37/><E120/><V68/><F134/><W101/><G130/><T27/><D133/><U12/><E135/><V63/><F65/><W99/><G121/><T7/><D67/><U58/><E77/><V51/><F30/><W83/><G31/><T106/><D106/><U78/><E76/><V98/><F51/><W103/><G20/><N who="0" m="13727" /><D59/><U104/><E104/><V38/><F42/><W34/><G34/><T16/><D16/><U64/><E126/><AGARI ba="0,0" hai="0,7,8,45,47,86,90,95,124,126,127" m="13727" machi="126" ten="30,2000,0" yaku="18,1,52,1" doraHai="4" who="0" fromWho="1" sc="240,20,310,-20,210,0,240,0" /><INIT seed="3,0,0,3,5,63" ten="260,290,210,240" oya="3" hai0="115,34,110,35,65,70,45,128,84,75,61,99,132" hai1="108,64,67,47,28,124,68,46,73,104,22,6,103" hai2="44,60,80,69,117,88,79,52,32,37,134,50,42" hai3="92,90,118,130,107,20,24,30,33,121,113,91,21"/><W12/><G113/><T19/><D115/><U8/><E73/><V97/><F117/><W23/><G121/><T120/><D120/><U109/><E124/><V41/><F134/><W111/><G118/><T105/><D75/><U129/><E129/><V81/><F32/><W51/><G107/><T77/><D110/><N who="1" m="42603" /><E68/><V55/><F42/><W25/><G111/><T48/><D128/><U54/><E22/><V39/><F39/><W114/><G114/><T31/><D132/><U4/><E4/><V95/><F81/><W101/><G130/><T57/><D19/><U125/><E28/><V14/><F14/><W1/><G1/><T112/><D70/><U13/><E125/><V66/><F37/><W43/><G12/><T72/><D72/><AGARI ba="0,0" hai="41,44,50,52,55,60,66,69,72,79,80,88,95,97" machi="72" ten="30,7700,0" yaku="7,1,52,1,54,2" doraHai="63" who="2" fromWho="0" sc="260,-77,290,0,210,77,240,0" /><INIT seed="4,0,0,3,0,124" ten="183,290,287,240" oya="0" hai0="70,68,105,12,130,0,91,51,69,67,122,40,90" hai1="49,106,30,35,86,76,121,10,81,82,24,45,102" hai2="53,116,110,5,17,85,123,41,15,2,56,128,73" hai3="47,104,3,13,50,11,88,63,14,72,39,42,113"/><T87/><D0/><U16/><E121/><V127/><F73/><W60/><G113/><T34/><D122/><U55/><E106/><V131/><F110/><W117/><G117/><T114/><D114/><U103/><E16/><V4/><F123/><W61/><G104/><T98/><D34/><U132/><E132/><V74/><F74/><W43/><G72/><T28/><D28/><U44/><E10/><N who="2" m="6391" /><F127/><W38/><G3/><T95/><D12/><U9/><E9/><V115/><F2/><W78/><G78/><T111/><D111/><U58/><E82/><V119/><F41/><W29/><G29/><T77/><D77/><U8/><E8/><V23/><F115/><W37/><G42/><T64/><D130/><N who="2" m="49706" /><F23/><W54/><G43/><T118/><D118/><N who="2" m="45098" /><F85/><W20/><G20/><T97/><D97/><U6/><E6/><V101/><F101/><W100/><G100/><T36/><D36/><U133/><E133/><V46/><F46/><W57/><G47/><T22/><D22/><N who="1" m="15639" /><E45/><V89/><F89/><W1/><G88/><T59/><D40/><N who="1" m="24711" /><E35/><V18/><F18/><W19/><G19/><T79/><D79/><U126/><E126/><V96/><F96/><W125/><G125/><T21/><D21/><U107/><E107/><V94/><F94/><W48/><G1/><T71/><N who="0" m="17408" /><DORA hai="112" /><T93/><REACH who="0" step="1"/><D105/><REACH who="0" ten="173,290,287,240" step="2"/><U25/><E25/><V32/><F32/><W27/><G27/><T129/><D129/><U109/><E109/><V7/><F4/><N who="3" m="3303" /><G14/><T62/><D62/><AGARI ba="0,1" hai="55,58,62,76,81,86,102,103" m="24711,15639" machi="62" ten="30,1000,0" yaku="8,1" doraHai="124,112" who="1" fromWho="0" sc="173,-10,290,20,287,0,240,0" /><AGARI ba="0,0" hai="5,7,53,56,62" m="45098,49706,6391" machi="62" ten="30,16000,3" yaku="19,1,12,1,52,6" doraHai="124,112" who="2" fromWho="0" sc="163,-160,310,0,287,160,240,0" owari="3,-49.7,310,11.0,447,54.7,240,-16.0" /></mjloggm>