<mjloggm ver="2.3"><GO type="225" lobby="0"/><UN n0="%E3%81%AF%E3%82%88%E3%81%8A%E3%81%98%E3%81%95%E3%82%93" n1="%E3%80%93%E3%81%97%E3%83%BC%E3%82%89%E3%80%93" n2="%6B%69%72%61%64%6F%6B%69" n3="%E6%B4%BE%E9%81%A3%E3%81%AE%E3%82%B8%E3%83%A3%E3%83%83%E3%82%AF" dan="17,16,16,17" rate="2175.97,2156.15,2110.08,2191.80" sx="M,M,M,M"/><TAIKYOKU oya="0"/><INIT seed="0,0,0,3,0,66" ten="250,250,250,250" oya="0" hai0="33,35,46,37,15,75,29,62,74,43,119,108,16" hai1="3,76,106,123,69,60,89,68,54,129,133,103,94" hai2="64,98,102,2,120,59,92,79,17,83,11,13,67" hai3="41,61,55,93,4,27,82,112,53,40,1,70,39"/><T48/><D119/><U99/><E123/><V34/><F120/><W36/><G82/><T45/><D108/><U25/><E3/><V86/><F34/><W44/><G93/><T109/><D109/><U105/><E129/><V130/><F130/><W73/><G73/><T24/><D62/><U19/><E76/><V91/><F2/><W32/><G27/><T18/><D33/><U135/><E106/><V6/><F6/><W115/><G32/><T28/><D29/><U131/><E131/><V118/><F118/><W22/><G22/><T128/><D128/><U113/><E113/><N who="3" m="43594" /><G4/><T111/><D111/><U87/><E19/><V30/><F30/><W125/><G1/><T71/><D71/><U101/><E25/><V88/><F59/><W0/><G0/><T134/><D134/><N who="1" m="51211" /><E101/><V49/><F49/><W95/><G95/><T121/><D121/><U126/><E126/><V38/><F38/><N who="3" m="14379" /><G125/><T20/><REACH who="0" step="1"/><D18/><REACH who="0" ten="240,250,250,250" step="2"/><U122/><E122/><V81/><REACH who="2" step="1"/><F102/><REACH who="2" ten="240,250,240,250" step="2"/><W26/><G70/><T7/><D7/><U90/><E69/><V10/><F10/><W12/><G61/><T97/><D97/><U85/><E68/><V80/><F80/><W114/><G114/><T14/><D14/><U116/><E116/><V84/><AGARI ba="0,2" hai="11,13,17,64,67,79,81,83,84,86,88,91,92,98" machi="84" ten="20,8000,1" yaku="1,1,0,1,7,1,8,1,54,1,53,0" doraHai="66" doraHaiUra="23" who="2" fromWho="2" sc="240,-40,250,-20,240,100,250,-20" /><INIT seed="1,0,0,4,1,96" ten="200,230,340,230" oya="1" hai0="79,59,38,75,26,123,71,111,85,133,83,81,125" hai1="43,77,73,24,82,103,3,92,9,119,116,22,108" hai2="23,35,110,36,99,67,28,127,84,10,5,128,25" hai3="34,50,117,121,8,40,93,94,15,70,46,105,124"/><U33/><E33/><V76/><F36/><W11/><G34/><T72/><D71/><U97/><E108/><V122/><F122/><W13/><G121/><T60/><D123/><U48/><E43/><V21/><F67/><W118/><G70/><T16/><D38/><U61/><E48/><V20/><F76/><W12/><G105/><T129/><D111/><U0/><E61/><V27/><F110/><W54/><G124/><T90/><D125/><U130/><E130/><V132/><F84/><W37/><G40/><T104/><D133/><U69/><E69/><V1/><F127/><W55/><G37/><T63/><D104/><U2/><REACH who="1" step="1"/><E9/><REACH who="1" ten="200,220,340,230" step="2"/><V86/><F128/><W106/><G8/><T107/><D129/><U6/><E6/><V49/><F49/><W56/><G11/><T89/><D60/><U98/><E98/><V131/><F99/><W53/><G46/><T32/><D32/><U80/><E80/><V29/><F131/><W4/><G4/><T7/><D7/><U31/><AGARI ba="0,1" hai="0,2,3,22,24,31,73,77,82,92,97,103,116,119" machi="31" ten="30,6000,0" yaku="1,1,0,1,52,1,53,0" doraHai="96" doraHaiUra="45" who="1" fromWho="1" sc="200,-20,220,70,340,-20,230,-20" /><INIT seed="1,1,0,3,5,33" ten="180,290,320,210" oya="1" hai0="75,51,78,99,117,125,23,122,105,39,111,32,4" hai1="64,6,59,50,118,5,133,21,40,36,54,57,3" hai2="116,29,127,135,70,30,95,11,16,115,130,77,80" hai3="93,25,94,86,88,42,2,110,83,28,82,79,56"/><U65/><E118/><V96/><F70/><W76/><G110/><T22/><D117/><U24/><E133/><V18/><F116/><W126/><G126/><T20/><D39/><U102/><E102/><V43/><F127/><W119/><G119/><T112/><D112/><U12/><E3/><V114/><F130/><W71/><G71/><T38/><D38/><U14/><E36/><V53/><F43/><W73/><G42/><T106/><D32/><U41/><E14/><N who="2" m="7263" /><F18/><W9/><G56/><T129/><D125/><U113/><E113/><N who="2" m="43019" /><F53/><W37/><G76/><T44/><D129/><U10/><E5/><V48/><F48/><W34/><REACH who="3" step="1"/><G37/><REACH who="3" ten="180,290,320,200" step="2"/><T74/><D78/><U49/><E41/><V123/><F135/><W17/><G17/><T0/><D111/><U69/><E69/><V81/><F77/><W97/><G97/><T60/><D60/><U35/><E59/><V85/><F96/><W52/><G52/><T68/><D68/><U47/><E35/><V131/><F131/><W134/><G134/><T45/><D45/><U89/><E89/><V31/><F123/><W84/><G84/><T63/><D63/><U132/><E132/><V13/><F85/><W8/><G8/><N who="0" m="2055" /><D122/><U66/><E65/><V1/><F29/><AGARI ba="1,1" hai="6,10,12,21,24,29,40,47,49,50,54,57,64,66" machi="29" ten="30,2900,0" yaku="7,1,8,1" doraHai="33" who="1" fromWho="2" sc="180,0,290,42,320,-32,200,0" /><INIT seed="1,2,0,0,0,63" ten="180,332,288,200" oya="1" hai0="36,20,10,18,130,55,22,38,128,67,113,114,68" hai1="97,12,85,16,29,59,70,123,28,95,109,41,56" hai2="37,11,88,107,44,134,100,17,106,87,35,96,47" hai3="15,8,82,83,62,1,39,120,19,33,131,9,77"/><U78/><E70/><V43/><F134/><W23/><G120/><T129/><D55/><U121/><E41/><V127/><F35/><W27/><G39/><N who="0" m="14891" /><D10/><N who="1" m="6167" /><E109/><V133/><F133/><W74/><G131/><N who="0" m="33539" /><T93/><DORA hai="105" /><D93/><U132/><E132/><V98/><F127/><W122/><G122/><T119/><D119/><U5/><E5/><V45/><F17/><W111/><G111/><T52/><D52/><U49/><E123/><V2/><F2/><W103/><G103/><T108/><D108/><U53/><E59/><V118/><F11/><W72/><G1/><T50/><D50/><U30/><E121/><V86/><F118/><W14/><G62/><N who="0" m="40055" /><D20/><U125/><E95/><V89/><F106/><W6/><G33/><T79/><D79/><U24/><E78/><V46/><REACH who="2" step="1"/><F98/><REACH who="2" ten="180,332,278,200" step="2"/><W84/><G9/><T26/><AGARI ba="2,1" hai="18,22,26,113,114" m="40055,33539,14891" machi="26" ten="50,3200,0" yaku="19,1,52,1" doraHai="63,105" who="0" fromWho="0" sc="180,48,332,-18,278,-10,200,-10" /><INIT seed="2,0,0,1,1,80" ten="228,314,268,190" oya="2" hai0="98,71,8,56,34,60,27,14,106,20,28,4,7" hai1="89,96,77,90,50,21,45,111,46,112,126,6,49" hai2="31,37,107,38,11,69,54,84,43,44,109,48,94" hai3="128,2,121,102,131,63,3,115,64,35,41,33,117"/><V17/><F107/><W24/><G117/><T134/><D134/><U120/><E112/><V122/><F122/><W70/><G121/><T72/><D72/><U88/><E111/><V36/><F31/><N who="3" m="19687" /><G35/><T58/><D4/><U16/><E126/><V78/><F69/><W57/><G57/><T133/><D133/><U81/><E6/><V79/><F109/><W103/><G41/><T130/><D130/><N who="3" m="49705" /><G115/><T40/><D40/><N who="1" m="24743" /><E120/><V10/><F43/><W129/><G103/><N who="0" m="62839" /><D20/><U116/><E116/><V32/><F32/><W95/><N who="3" m="49713" /><W99/><AGARI ba="0,0" hai="2,3,63,64,70,95,99,102" m="49713,19687" machi="99" ten="40,2700,0" yaku="4,1,19,1" doraHai="80" who="3" fromWho="3" sc="228,-7,314,-7,268,-13,190,27" /><INIT seed="3,0,0,1,2,14" ten="221,307,255,217" oya="3" hai0="105,5,106,37,96,135,65,12,95,101,93,23,110" hai1="129,26,92,79,3,17,30,98,28,68,88,8,24" hai2="67,89,114,31,104,4,118,0,35,47,134,111,66" hai3="41,10,123,72,127,82,18,38,113,103,132,62,56"/><W50/><G123/><T33/><D33/><U115/><E68/><V27/><F114/><W100/><G113/><T34/><D34/><U55/><E115/><V48/><F118/><W11/><G38/><T83/><D37/><U40/><E129/><V6/><F104/><W86/><G72/><T32/><D32/><U94/><E3/><V77/><F77/><N who="3" m="46415" /><G127/><T112/><D112/><U52/><E79/><V70/><F111/><W97/><G132/><T25/><D110/><U87/><E40/><V128/><F128/><W29/><G29/><N who="1" m="11370" /><E26/><V57/><F70/><W99/><G10/><N who="0" m="4175" /><D106/><U121/><E121/><V116/><F116/><W45/><G100/><T21/><D105/><U73/><E73/><V46/><F46/><W59/><G103/><T130/><D135/><U107/><E107/><V7/><F0/><W39/><G39/><T84/><D130/><U15/><E24/><V119/><F134/><W81/><G81/><T16/><D65/><U19/><E19/><V78/><F78/><W108/><G108/><T131/><D131/><U124/><E124/><V49/><F119/><W126/><G126/><T61/><D83/><U122/><E122/><V54/><F89/><AGARI ba="0,0" hai="8,15,17,52,55,87,88,89,92,94,98" m="11370" machi="89" ten="30,7700,0" yaku="8,1,52,1,54,2" doraHai="14" who="1" fromWho="2" sc="221,0,307,77,255,-77,217,0" owari="221,2.1,384,48.4,178,-32.2,217,-18.3" /></mjloggm>