<mjloggm ver="2.3"><GO type="225" lobby="0"/><UN n0="%E7%B4%94%E6%BD%94%E3%83%94%E3%83%A9%E3%83%8B%E3%82%A2" n1="%E3%83%AB%E3%83%9B%E3%83%B3%E3%83%87%E3%82%A3%E3%82%A8" n2="%E3%81%8B%E3%82%8F%E3%81%A1%E3%82%83%E3%82%93%35%38" n3="%E3%81%BF%E3%81%BF%E3%81%9A" dan="16,17,16,16" rate="2157.38,2175.27,2154.53,2178.66" sx="M,M,M,M"/><TAIKYOKU oya="0"/><INIT seed="0,0,0,0,0,52" ten="250,250,250,250" oya="0" hai0="126,4,95,102,134,29,70,44,77,49,103,5,79" hai1="19,112,82,8,9,50,42,94,65,132,57,43,92" hai2="62,46,108,87,114,97,15,55,12,121,119,2,125" hai3="58,45,106,59,48,91,120,35,63,25,90,101,33"/><T123/><D70/><U89/><E132/><V66/><F2/><W60/><G120/><T22/><D123/><U6/><E112/><V107/><F114/><W88/><G106/><T31/><D134/><U80/><E19/><V111/><F121/><W96/><G25/><N who="0" m="16567" /><D31/><U72/><E72/><V68/><F125/><W131/><G131/><T34/><D34/><U26/><E26/><V85/><F119/><W130/><G130/><T67/><D67/><U16/><E16/><V28/><F28/><W117/><G117/><T64/><D64/><U86/><E82/><V110/><F55/><N who="3" m="30095" /><G33/><T75/><D75/><U23/><E23/><V122/><F46/><W32/><G35/><T7/><D126/><U40/><E50/><V41/><F41/><W118/><G118/><T129/><D129/><U30/><E30/><V74/><F74/><W104/><G104/><T47/><D47/><U116/><E116/><V83/><F122/><W61/><G32/><T71/><D71/><U3/><REACH who="1" step="1"/><E9/><REACH who="1" ten="250,240,250,250" step="2"/><V78/><REACH who="2" step="1"/><F87/><REACH who="2" ten="250,240,240,250" step="2"/><W21/><G21/><T135/><D135/><U39/><E39/><V84/><F84/><W13/><G61/><AGARI ba="0,2" hai="3,6,8,40,42,43,57,61,65,80,86,89,92,94" machi="61" ten="40,5200,0" yaku="1,1,52,1,53,1" doraHai="52" doraHaiUra="56" who="1" fromWho="3" sc="250,0,240,72,240,0,250,-52" /><INIT seed="1,0,0,0,1,95" ten="250,312,240,198" oya="1" hai0="108,19,127,88,39,43,25,17,10,99,125,98,115" hai1="28,7,8,41,105,72,60,63,130,54,110,0,22" hai2="121,96,131,15,34,9,86,100,74,38,40,49,116" hai3="70,120,11,73,111,29,109,89,128,77,44,68,46"/><U20/><E72/><V64/><F74/><W4/><G120/><T92/><D115/><U132/><E105/><V79/><F121/><W67/><G29/><T75/><D75/><U27/><E41/><V55/><F34/><W51/><G128/><T53/><D108/><N who="3" m="41545" /><G67/><T13/><D43/><U66/><E110/><V58/><F116/><W85/><G77/><T16/><D39/><U50/><E132/><V97/><F131/><W78/><G78/><T112/><D112/><U31/><E130/><V18/><F100/><W113/><G73/><T106/><D53/><U80/><E80/><N who="2" m="47391" /><F38/><W134/><G134/><T32/><D106/><U101/><E101/><V6/><F40/><N who="3" m="24967" /><G46/><T69/><D69/><U3/><E3/><V36/><F36/><W91/><G113/><T123/><D123/><U57/><E66/><V104/><F104/><W94/><G91/><T47/><D47/><U124/><E124/><N who="0" m="47689" /><D99/><N who="2" m="37962" /><F64/><W56/><G56/><T65/><D65/><U93/><E93/><V59/><F59/><W118/><G118/><T5/><D32/><U76/><E76/><V84/><F84/><W107/><G107/><T133/><D133/><U52/><E54/><V37/><F37/><W135/><G135/><T42/><D42/><U71/><E71/><V126/><F126/><W21/><G68/><T114/><D114/><U119/><E119/><V1/><F1/><N who="3" m="399" /><G70/><T12/><D13/><U26/><AGARI ba="0,0" hai="0,7,8,20,22,26,27,28,31,50,52,57,60,63" machi="26" ten="30,6000,0" yaku="0,1,9,1,54,1" doraHai="95" who="1" fromWho="1" sc="250,-20,312,60,240,-20,198,-20" /><INIT seed="1,1,0,3,2,68" ten="230,372,220,178" oya="1" hai0="99,82,43,0,116,130,52,109,110,37,59,60,125" hai1="112,10,80,108,111,7,17,135,39,88,61,104,66" hai2="70,131,97,93,20,36,32,89,134,5,48,40,50" hai3="95,115,132,128,35,63,22,81,41,58,133,8,76"/><U107/><E112/><V87/><F32/><W86/><G35/><T83/><D0/><N who="1" m="359" /><E17/><V124/><F70/><W120/><G115/><T27/><D116/><U47/><E88/><V126/><F134/><W6/><G128/><T28/><D130/><U71/><E80/><V129/><F5/><W44/><G120/><T24/><D125/><N who="2" m="48234" /><F20/><W101/><G22/><T11/><D11/><U121/><E121/><V74/><F74/><W100/><G95/><T55/><D99/><U91/><E91/><N who="2" m="55487" /><F50/><W14/><G133/><T90/><D90/><U12/><E12/><V85/><F48/><W25/><G25/><T92/><D92/><U117/><E117/><V84/><F89/><W77/><G77/><T34/><D24/><U38/><E135/><V4/><F4/><W26/><G26/><T79/><D83/><U15/><E15/><V18/><F18/><W118/><G118/><T56/><D82/><U30/><E30/><V16/><F16/><W119/><G119/><T78/><D79/><U13/><E13/><V1/><F1/><W73/><G73/><T106/><D78/><U105/><E47/><AGARI ba="1,0" hai="36,40,47,84,85,87,129,131" m="55487,48234" machi="47" ten="40,2600,0" yaku="18,1,52,1" doraHai="68" who="2" fromWho="1" sc="230,0,372,-29,220,29,178,0" /><INIT seed="2,0,0,3,2,95" ten="230,343,249,178" oya="2" hai0="13,109,44,115,72,34,86,104,69,108,14,111,25" hai1="132,24,70,127,122,71,79,12,66,3,99,2,50" hai2="131,76,18,87,93,81,82,42,33,68,105,31,65" hai3="124,106,130,4,90,26,63,118,29,30,41,22,126"/><V110/><F105/><W57/><G118/><T27/><D72/><U10/><E79/><V103/><F42/><W83/><G130/><T11/><D69/><U117/><E117/><V84/><F131/><W37/><G4/><T125/><D104/><U123/><E24/><N who="0" m="9289" /><D86/><U89/><E50/><V49/><F33/><W94/><G83/><T114/><D44/><U39/><E39/><V61/><F31/><W53/><G106/><T47/><D47/><U56/><E56/><V92/><F110/><W67/><G37/><T45/><D45/><U75/><E75/><V96/><F49/><W16/><G41/><T35/><D125/><N who="3" m="48233" /><G67/><T129/><D129/><U100/><E89/><V113/><F113/><N who="0" m="43018" /><D13/><U59/><E59/><V62/><F93/><W120/><G120/><T121/><D121/><U54/><E70/><V80/><F62/><W40/><G40/><T102/><D102/><U73/><E71/><V74/><F74/><W5/><G5/><AGARI ba="0,0" hai="5,11,14,34,35,108,109,111" m="43018,9289" machi="5" ten="40,5200,0" yaku="14,1,34,2" doraHai="95" who="0" fromWho="3" sc="230,52,343,0,249,0,178,-52" /><INIT seed="3,0,0,0,0,106" ten="282,343,249,126" oya="3" hai0="66,116,102,6,38,2,13,20,35,134,16,64,109" hai1="7,122,55,42,108,8,0,79,44,73,127,29,113" hai2="121,87,58,45,56,65,15,103,115,129,36,37,69" hai3="90,118,132,78,94,46,25,31,80,43,23,4,67"/><W100/><G132/><T117/><D134/><U75/><E55/><V111/><F87/><W68/><G118/><T48/><D38/><N who="2" m="14954" /><F15/><W131/><G131/><T28/><D48/><U128/><E44/><V5/><F5/><W52/><G4/><T59/><D59/><N who="2" m="22570" /><F103/><W101/><G43/><T125/><D102/><U98/><E42/><V57/><F115/><W97/><G67/><T76/><D64/><U130/><E79/><V93/><F93/><W26/><G68/><T92/><D66/><U9/><E9/><V114/><F114/><W83/><G83/><T27/><D92/><U24/><E98/><V120/><F129/><W77/><G77/><T88/><D88/><U19/><E19/><V91/><F91/><W107/><G26/><T11/><D76/><U110/><E113/><V40/><F111/><N who="1" m="42537" /><E127/><V99/><F99/><W70/><G70/><T85/><D109/><U119/><E119/><N who="0" m="45641" /><D85/><U12/><E12/><V96/><F96/><W10/><G10/><T95/><D95/><U105/><E105/><V21/><N who="2" m="22578" /><V86/><DORA hai="62" /><F86/><W50/><REACH who="3" step="1"/><G107/><REACH who="3" ten="282,343,249,116" step="2"/><T49/><D49/><U1/><E130/><V72/><F69/><W123/><G123/><T3/><D125/><U60/><E122/><V71/><F121/><W63/><G63/><T14/><AGARI ba="0,1" hai="2,3,6,11,13,14,16,20,27,28,35" m="45641" machi="14" ten="30,4000,0" yaku="34,2,54,1" doraHai="106,62" who="0" fromWho="0" sc="282,50,343,-10,249,-10,116,-20" owari="332,13.2,333,43.3,239,-16.1,96,-40.4" /></mjloggm>