<mjloggm ver="2.3"><GO type="225" lobby="0"/><UN n0="%72%65%6E%6B%75%6E" n1="%E7%89%B9%E6%9D%B1%E3%81%AF%E4%B8%96%E7%95%8C%E3%82%92%E6%95%91%E3%81%86" n2="%28%EF%BF%A3%E2%96%BD%EF%BF%A3%29%CE%B4%E2%8C%92%E3%83%BB" n3="%E5%BA%97%E9%95%B7%4D" dan="17,16,16,16" rate="2227.67,2192.61,2154.72,2108.36" sx="M,M,M,M"/><TAIKYOKU oya="0"/><INIT seed="0,0,0,2,1,106" ten="250,250,250,250" oya="0" hai0="41,110,76,126,90,54,19,71,98,49,45,8,103" hai1="122,35,50,25,107,23,9,11,127,85,4,2,123" hai2="67,124,75,21,20,28,92,26,97,96,42,115,89" hai3="116,94,32,14,82,17,60,100,79,46,55,24,101"/><T47/><D126/><U132/><E107/><V95/><F115/><W109/><G116/><T125/><D125/><U112/><E127/><V40/><F124/><W61/><G109/><T10/><D71/><U131/><E112/><V51/><F75/><W7/><G7/><T77/><D110/><U63/><E35/><V1/><F1/><W38/><G32/><T113/><D90/><U13/><E131/><V117/><F117/><W53/><G24/><T37/><D113/><U66/><E132/><V48/><F67/><W68/><G68/><T22/><D76/><U120/><E50/><N who="2" m="18987" /><F21/><W93/><G38/><T70/><D77/><U56/><E85/><V62/><F62/><N who="3" m="24171" /><G82/><T78/><D78/><U114/><E114/><V33/><F33/><W34/><G79/><T129/><D129/><U3/><REACH who="1" step="1"/><E11/><REACH who="1" ten="250,240,250,250" step="2"/><V44/><F44/><W72/><G46/><T118/><D118/><U87/><E87/><V86/><F86/><W73/><G34/><T18/><D70/><U121/><N who="1" m="30720" /><DORA hai="102" /><U43/><E43/><V133/><F133/><W6/><G73/><T99/><D99/><U84/><E84/><V57/><F57/><W104/><G72/><T83/><D83/><U31/><AGARI ba="0,1" hai="2,3,4,9,13,23,25,31,56,63,66" m="30720" machi="31" ten="60,4000,0" yaku="1,1,0,1,53,0" doraHai="106,102" doraHaiUra="69,88" who="1" fromWho="1" sc="250,-20,240,50,250,-10,250,-10" /><INIT seed="1,0,0,0,1,35" ten="230,290,240,240" oya="1" hai0="70,38,47,28,46,49,86,99,61,72,117,106,56" hai1="131,50,9,79,123,94,97,24,64,130,17,95,16" hai2="4,76,15,134,31,29,135,81,43,6,108,128,126" hai3="19,133,122,11,115,100,119,14,1,88,54,85,34"/><U78/><E123/><V18/><F43/><W84/><G122/><T58/><D72/><U48/><E64/><V92/><F92/><W32/><G115/><T83/><D117/><U124/><E9/><N who="2" m="6511" /><F81/><W120/><G120/><T51/><D28/><N who="2" m="10826" /><F76/><W109/><G119/><T104/><D70/><U68/><E68/><V8/><F108/><W52/><G109/><T112/><D112/><U45/><E45/><V0/><F126/><W55/><G133/><N who="2" m="50697" /><F6/><W59/><G100/><T71/><D71/><U114/><E114/><V20/><F20/><W103/><G103/><T91/><D38/><U69/><E69/><V3/><F128/><W132/><G132/><T33/><D33/><U98/><E124/><V63/><F63/><W110/><G110/><T105/><D99/><U96/><E96/><V67/><F67/><W40/><G40/><T37/><D37/><U66/><E66/><V77/><F77/><W27/><G84/><T2/><D61/><U44/><E44/><V129/><F129/><W82/><G27/><AGARI ba="0,0" hai="16,17,24,27,48,50,78,79,94,95,97,98,130,131" machi="27" ten="25,4800,0" yaku="22,2,54,1" doraHai="35" who="1" fromWho="3" sc="230,0,290,48,240,0,240,-48" /><INIT seed="1,1,0,4,3,52" ten="230,338,240,192" oya="1" hai0="80,99,87,73,74,13,28,8,41,46,95,59,100" hai1="11,14,1,83,40,124,120,34,117,26,134,119,0" hai2="48,84,19,29,127,63,65,114,7,58,5,131,22" hai3="85,103,10,4,113,91,89,128,61,70,27,98,49"/><U12/><E40/><V3/><F131/><W67/><G113/><T106/><D28/><N who="1" m="19735" /><E83/><V90/><F114/><W110/><G110/><T101/><D106/><U39/><E39/><V102/><F127/><W53/><G128/><T62/><D100/><U44/><E44/><V69/><F29/><W78/><G78/><T107/><D107/><U75/><E75/><V45/><F102/><W30/><G85/><T123/><D123/><U104/><E104/><V2/><F69/><W23/><G98/><T32/><D32/><U94/><E94/><N who="2" m="54599" /><F3/><W77/><G77/><T97/><D97/><U6/><E120/><V31/><F31/><W112/><G103/><T17/><D87/><U81/><E81/><V16/><F2/><N who="1" m="1129" /><E124/><V55/><F19/><W121/><G121/><T43/><D80/><U51/><E6/><V57/><F45/><W25/><G112/><T82/><D82/><U86/><E86/><V60/><F60/><W47/><G27/><AGARI ba="1,0" hai="5,7,16,22,27,48,55,57,58,63,65" m="54599" machi="27" ten="30,7700,0" yaku="8,1,52,2,54,1" doraHai="52" who="2" fromWho="3" sc="230,0,338,0,240,80,192,-80" /><INIT seed="2,0,0,2,0,33" ten="230,338,320,112" oya="2" hai0="100,46,41,77,124,123,28,89,71,67,32,26,129" hai1="122,121,96,25,97,99,95,21,58,51,106,98,54" hai2="111,42,34,8,127,59,56,79,45,101,80,133,36" hai3="112,7,24,6,62,0,102,68,109,76,64,27,69"/><V4/><F34/><W83/><G112/><T12/><D123/><U57/><E57/><V29/><F29/><W2/><G109/><T40/><D124/><U35/><E35/><V128/><F127/><W38/><G38/><T104/><D129/><U85/><E85/><V30/><F30/><W50/><G102/><T94/><D77/><U87/><E87/><V116/><F116/><W72/><G69/><T108/><D108/><U44/><E44/><V39/><F39/><W16/><G50/><T37/><D41/><U103/><REACH who="1" step="1"/><E95/><REACH who="1" ten="230,328,320,112" step="2"/><V11/><F111/><W117/><G117/><T49/><D71/><U90/><E90/><V119/><F119/><W132/><G132/><T88/><D67/><U114/><E114/><V134/><F59/><W75/><G75/><T14/><D37/><U135/><E135/><V18/><F56/><W126/><G126/><T23/><D32/><U91/><E91/><N who="0" m="34889" /><D104/><U55/><E55/><V15/><F101/><W130/><G130/><T53/><D53/><U65/><E65/><V113/><F128/><W47/><G47/><T74/><D74/><U66/><E66/><V93/><F93/><W70/><G70/><T110/><D110/><U120/><E120/><V107/><F107/><W1/><REACH who="3" step="1"/><G27/><REACH who="3" ten="230,328,320,102" step="2"/><T13/><D100/><U22/><E22/><AGARI ba="0,2" hai="0,1,2,6,7,16,22,24,62,64,68,72,76,83" machi="22" ten="40,12000,2" yaku="1,1,2,1,52,3,54,1,53,0" doraHai="33" doraHaiUra="86" who="3" fromWho="1" sc="230,0,328,-120,320,0,102,140" /><INIT seed="3,0,0,5,0,111" ten="230,208,320,242" oya="3" hai0="4,70,71,11,84,124,2,5,104,60,127,132,85" hai1="29,106,25,53,97,13,79,113,95,81,31,119,52" hai2="54,28,10,63,43,69,51,76,72,133,61,20,21" hai3="91,134,83,65,17,0,74,123,18,38,48,39,23"/><W68/><G123/><T55/><D104/><U87/><E119/><V82/><F133/><W117/><G117/><T59/><D132/><U75/><E113/><V9/><F43/><W105/><G0/><T114/><D114/><U96/><E29/><V64/><F63/><W37/><G105/><T47/><D47/><U35/><E13/><V112/><F112/><W30/><G134/><T22/><D22/><U1/><E1/><V103/><F103/><W122/><G122/><T56/><D5/><U92/><E75/><V49/><F49/><W14/><G30/><T7/><D7/><U27/><E27/><V88/><F21/><W36/><N who="3" m="9216" /><DORA hai="41" /><W6/><G6/><T57/><D55/><U116/><E116/><V34/><F34/><W125/><G125/><N who="0" m="48203" /><D60/><U110/><E106/><V42/><F42/><W80/><G74/><T66/><D66/><U135/><E135/><V118/><F118/><W129/><G129/><T89/><D84/><U24/><E24/><V15/><F28/><W40/><G18/><T101/><D101/><U107/><E107/><V46/><F20/><W102/><G102/><T77/><D77/><U120/><E120/><V115/><F115/><W44/><REACH who="3" step="1"/><G91/><REACH who="3" ten="230,208,320,232" step="2"/><T121/><D121/><U131/><E131/><V128/><F128/><W3/><G3/><T33/><D33/><U98/><E110/><V8/><F88/><W50/><G50/><T26/><D26/><U100/><E98/><V19/><AGARI ba="0,1" hai="8,9,10,15,19,46,51,54,61,64,69,72,76,82" machi="19" ten="20,2700,0" yaku="0,1,7,1,52,1" doraHai="111,41" who="2" fromWho="2" sc="230,-7,208,-7,320,37,232,-13" owari="223,2.3,201,-29.9,357,45.7,219,-18.1" /></mjloggm>