<mjloggm ver="2.3"><GO type="225" lobby="0"/><UN n0="%E3%81%AF%E3%82%88%E3%81%8A%E3%81%98%E3%81%95%E3%82%93" n1="%E3%83%AD%E3%83%83%E3%83%86%E9%9B%80%E7%90%83" n2="%73%61%6E%64%69%72%69%73" n3="%E9%BB%92%E9%89%84%E7%8F%A0%E9%9B%AB" dan="16,17,16,16" rate="2204.50,2262.83,2167.34,2147.49" sx="M,M,M,F"/><TAIKYOKU oya="0"/><INIT seed="0,0,0,1,5,29" ten="250,250,250,250" oya="0" hai0="91,120,0,97,111,67,37,38,63,40,34,119,78" hai1="117,3,52,106,39,69,103,134,26,123,112,75,47" hai2="89,93,92,45,57,17,54,85,58,83,104,2,60" hai3="72,130,15,132,70,6,20,65,116,4,31,96,90"/><T7/><D119/><U18/><RYUUKYOKU type="yao9" ba="0,0" sc="250,0,250,0,250,0,250,0" hai1="3,18,26,39,47,52,69,75,103,106,112,117,123,134" /><INIT seed="0,1,0,2,5,41" ten="250,250,250,250" oya="0" hai0="117,83,53,132,55,113,93,95,119,33,6,20,56" hai1="3,31,63,131,50,79,87,30,14,34,26,92,24" hai2="60,61,65,48,47,97,127,44,70,45,88,69,118" hai3="32,115,111,112,130,68,11,58,114,38,91,98,29"/><T73/><D33/><U78/><E131/><V108/><F108/><W59/><G68/><T52/><D113/><U104/><E3/><V36/><F127/><W7/><G111/><T110/><D110/><U89/><E104/><V109/><F109/><W43/><G130/><T106/><D106/><U25/><E63/><V1/><F1/><W96/><G29/><T85/><D132/><U46/><E14/><V72/><F72/><W19/><G32/><T37/><D37/><U75/><E75/><V76/><F76/><N who="1" m="29225" /><E34/><V54/><F118/><W17/><G7/><T102/><D73/><U57/><E57/><N who="2" m="32967" /><F88/><W27/><G91/><N who="0" m="51647" /><D119/><U42/><AGARI ba="1,0" hai="24,25,26,30,31,42,46,50,87,89,92" m="29225" machi="42" ten="30,2000,0" yaku="8,1,52,1" doraHai="41" who="1" fromWho="1" sc="250,-11,250,23,250,-6,250,-6" /><INIT seed="1,0,0,3,5,112" ten="239,273,244,244" oya="1" hai0="113,51,102,26,101,36,57,25,10,58,14,123,127" hai1="5,77,64,117,89,49,23,70,8,34,95,103,33" hai2="106,44,22,43,114,61,19,67,105,9,99,125,75" hai3="59,93,13,16,122,68,130,35,30,82,84,121,92"/><U11/><E103/><V133/><F133/><W88/><G68/><T21/><D113/><U55/><E77/><V119/><F125/><W48/><G130/><T2/><D36/><U116/><E23/><V18/><F75/><W129/><G129/><T1/><D127/><U73/><E73/><V107/><F114/><W131/><G131/><T53/><D123/><U46/><E11/><V20/><F99/><W62/><G48/><T100/><D58/><U27/><E64/><V96/><F96/><W24/><G121/><T135/><D135/><U74/><E74/><V42/><F9/><W12/><G12/><T81/><D81/><U65/><E65/><V97/><F97/><W124/><G124/><T54/><D54/><U115/><E70/><V79/><F79/><W6/><G6/><T128/><D128/><U3/><E115/><V111/><F119/><W60/><G122/><T56/><D57/><U76/><E76/><V91/><F91/><W69/><G69/><T39/><D39/><U29/><REACH who="1" step="1"/><E34/><REACH who="1" ten="239,263,244,244" step="2"/><V104/><F22/><W28/><G35/><T32/><D32/><U90/><E90/><V7/><F20/><W45/><G88/><T0/><REACH who="0" step="1"/><D21/><REACH who="0" ten="229,263,244,244" step="2"/><U40/><E40/><V132/><F43/><W120/><G120/><T108/><D108/><U118/><E118/><V86/><F42/><W126/><G126/><T63/><D63/><U4/><E4/><AGARI ba="0,2" hai="0,1,2,4,10,14,25,26,51,53,56,100,101,102" machi="4" ten="50,1600,0" yaku="1,1,53,0" doraHai="112" doraHaiUra="83" who="0" fromWho="1" sc="229,36,263,-16,244,0,244,0" /><INIT seed="2,0,0,3,0,122" ten="265,247,244,244" oya="2" hai0="24,39,9,2,43,78,110,86,118,94,13,63,38" hai1="66,112,30,72,85,95,28,130,125,51,36,12,8" hai2="3,80,69,71,104,129,15,55,34,46,44,113,135" hai3="57,89,53,31,132,56,127,6,124,82,27,101,81"/><V99/><F113/><W35/><G132/><T25/><D2/><U4/><E36/><V5/><F34/><W20/><G101/><T10/><D118/><U131/><E72/><V106/><F15/><W19/><G6/><T29/><D63/><U128/><E112/><V7/><F55/><W1/><G1/><T77/><D94/><U47/><E125/><N who="3" m="48202" /><G89/><T54/><D54/><U93/><E66/><V33/><F33/><W52/><G57/><T133/><D13/><U32/><E85/><V60/><F99/><W116/><G116/><T96/><D86/><U88/><E32/><V14/><F3/><W41/><G41/><T83/><D96/><N who="1" m="57383" /><E95/><V68/><F135/><W58/><G58/><T115/><D83/><N who="3" m="31753" /><G56/><T134/><D115/><U90/><E90/><V21/><F80/><W67/><G67/><T114/><D114/><U37/><E37/><V23/><F60/><W70/><G70/><T105/><D105/><N who="2" m="40554" /><F14/><AGARI ba="0,0" hai="14,19,20,27,31,35,52,53" m="31753,48202" machi="14" ten="30,2000,0" yaku="18,1,54,1" doraHai="122" who="3" fromWho="2" sc="265,0,247,0,244,-20,244,20" /><INIT seed="3,0,0,3,2,26" ten="265,247,224,264" oya="3" hai0="105,87,75,47,17,65,15,29,21,67,62,123,126" hai1="80,110,112,127,49,8,39,61,95,33,46,68,76" hai2="70,86,25,117,60,79,63,78,119,28,30,36,31" hai3="107,98,45,52,42,51,14,48,16,24,81,90,129"/><W131/><G24/><T50/><D123/><U27/><E39/><V128/><F36/><W9/><G107/><T103/><D75/><U1/><E112/><V7/><F70/><W2/><G2/><T44/><D126/><U77/><E110/><V74/><F74/><W115/><G115/><T58/><D105/><U96/><E127/><V0/><F128/><N who="3" m="49227" /><G98/><T88/><D103/><U43/><E61/><N who="2" m="23627" /><F0/><W116/><G116/><N who="2" m="44617" /><F25/><W22/><G81/><T100/><D100/><U97/><E68/><V6/><F86/><W134/><G90/><T53/><D29/><U102/><E97/><V84/><F84/><W121/><G121/><T73/><D73/><U37/><E37/><V124/><F124/><W56/><G134/><T13/><D15/><U10/><E1/><V19/><F19/><W32/><G32/><T3/><D3/><U35/><E35/><V18/><F18/><W106/><G106/><T69/><D67/><U92/><E92/><AGARI ba="0,0" hai="13,17,21,44,47,50,53,58,62,65,69,87,88,92" machi="92" ten="30,7700,0" yaku="7,1,25,2,54,1" doraHai="26" who="0" fromWho="1" sc="265,77,247,-77,224,0,264,0" owari="342,44.2,170,-33.0,224,-17.6,264,6.4" /></mjloggm>