<mjloggm ver="2.3"><GO type="225" lobby="0"/><UN n0="%E6%A1%9C%E8%8A%B1%E9%96%83%E3%80%85" n1="%E3%81%AF%E3%82%88%E3%81%8A%E3%81%98%E3%81%95%E3%82%93" n2="%E9%97%98%E5%B0%86%E3%81%A0%E3%82%93%E3%81%A7%E3%81%83" n3="%E5%A4%9C%E3%81%AE%E3%82%AC%E3%82%B9%E3%83%91%E3%83%BC%E3%83%AB" dan="16,17,16,16" rate="2165.51,2194.90,2129.74,2124.12" sx="M,M,M,M"/><TAIKYOKU oya="0"/><INIT seed="0,0,0,2,4,133" ten="250,250,250,250" oya="0" hai0="45,85,122,98,54,18,78,101,51,134,47,90,105" hai1="73,44,6,100,40,106,5,16,41,34,56,76,83" hai2="38,97,96,65,132,125,24,87,49,12,66,8,118" hai3="109,68,102,0,48,89,25,26,35,121,104,61,124"/><T50/><D134/><U126/><E34/><V81/><F38/><W23/><G0/><T114/><D114/><U13/><E126/><V1/><F1/><W111/><G121/><T93/><D122/><U72/><E73/><V92/><F125/><W84/><G124/><T80/><D18/><U115/><E115/><V119/><F132/><W99/><G48/><T28/><D28/><U14/><E14/><V52/><F24/><W117/><G117/><N who="2" m="44553" /><F87/><W103/><G103/><T3/><D3/><U79/><E76/><V120/><F81/><W129/><G129/><T27/><D27/><U75/><E72/><V123/><F123/><W95/><G25/><T108/><D108/><U77/><E79/><V59/><F120/><W113/><G113/><T69/><D69/><U15/><E13/><V37/><F37/><W110/><G35/><T64/><D64/><N who="2" m="24682" /><F92/><W53/><G68/><T21/><D21/><U39/><E40/><V42/><F42/><W11/><G11/><T4/><D4/><AGARI ba="0,0" hai="4,8,12,49,52,59,96,97" m="24682,44553" machi="4" ten="30,2000,0" yaku="12,1,54,1" doraHai="133" who="2" fromWho="0" sc="250,-20,250,0,250,20,250,0" /><INIT seed="1,0,0,1,2,39" ten="230,250,270,250" oya="1" hai0="57,84,28,75,106,45,41,126,100,42,87,86,64" hai1="131,123,51,36,132,95,80,11,12,61,122,17,1" hai2="32,71,37,104,18,66,118,55,21,22,68,72,74" hai3="108,2,26,83,15,14,97,103,27,10,91,81,13"/><U105/><E105/><V24/><F32/><W102/><G108/><T111/><D111/><U77/><E36/><V58/><F104/><W99/><G2/><T60/><D126/><U9/><E131/><V98/><F98/><N who="3" m="37387" /><G10/><T0/><D0/><U5/><E132/><V133/><F118/><W53/><G53/><T93/><D75/><U35/><E35/><V114/><F37/><W43/><G91/><T94/><D106/><U107/><E107/><V112/><F133/><W116/><G43/><N who="0" m="16395" /><D100/><N who="3" m="38441" /><G116/><T29/><D45/><U129/><E129/><V63/><F22/><W65/><G65/><T16/><D16/><U120/><E120/><V25/><F25/><AGARI ba="0,0" hai="13,14,15,25,26,27,81,83" m="38441,37387" machi="25" ten="30,3900,0" yaku="28,2,8,1" doraHai="39" who="3" fromWho="2" sc="230,0,250,0,270,-39,250,39" /><INIT seed="2,0,0,3,5,97" ten="230,250,231,289" oya="2" hai0="48,14,4,23,72,2,119,105,20,77,106,25,8" hai1="130,9,91,127,24,70,103,61,56,28,6,52,13" hai2="41,125,85,38,118,26,122,42,95,126,34,86,67" hai3="63,59,84,111,44,18,50,7,101,117,102,66,78"/><V69/><F118/><W131/><G117/><T64/><D119/><U79/><E127/><N who="2" m="48651" /><F122/><W30/><G111/><T22/><D64/><U43/><E130/><V29/><F38/><W1/><G131/><T133/><D133/><U21/><E79/><V33/><F33/><W113/><G113/><T82/><D2/><U49/><E70/><V15/><F15/><W0/><G30/><T3/><D3/><U62/><E103/><N who="3" m="39434" /><G1/><T75/><D75/><U39/><E39/><V60/><F95/><W90/><G0/><T11/><D11/><U57/><E43/><AGARI ba="0,0" hai="26,29,34,41,42,43,60,67,69,85,86" m="48651" machi="43" ten="30,1500,0" yaku="18,1" doraHai="97" who="2" fromWho="1" sc="230,0,250,-15,231,15,289,0" /><INIT seed="2,1,0,1,5,96" ten="230,235,246,289" oya="2" hai0="60,32,38,101,23,119,27,21,131,80,16,2,97" hai1="0,33,103,42,113,44,86,28,31,5,90,34,79" hai2="114,110,49,106,117,3,22,108,35,11,93,58,52" hai3="84,124,115,29,7,133,132,99,127,89,25,134,4"/><V12/><F35/><N who="3" m="20911" /><G99/><T63/><D131/><U98/><E113/><V59/><F106/><W121/><G121/><T102/><D32/><U36/><E79/><V95/><F117/><W88/><G115/><T125/><D125/><N who="3" m="48201" /><G89/><T26/><D119/><U69/><E69/><V118/><F118/><W8/><G8/><T48/><D38/><U50/><E36/><V10/><F114/><W61/><G61/><N who="0" m="23627" /><D2/><U6/><E33/><V68/><F68/><W81/><AGARI ba="1,0" hai="4,7,81,84,88,132,133,134" m="48201,20911" machi="81" ten="40,5200,0" yaku="20,1,18,1,54,1" doraHai="96" who="3" fromWho="3" sc="230,-14,235,-14,246,-27,289,55" /><INIT seed="3,0,0,0,2,119" ten="216,221,219,344" oya="3" hai0="95,112,16,52,53,38,98,105,73,135,106,46,3" hai1="124,87,8,101,62,43,79,110,21,25,64,24,55" hai2="104,60,61,30,42,23,80,75,129,50,36,11,126" hai3="111,99,12,34,44,72,7,89,118,54,85,88,68"/><W49/><G118/><T41/><D135/><U125/><E110/><V108/><F104/><W27/><G72/><T9/><D73/><U102/><E43/><V2/><F108/><W5/><G68/><T47/><D112/><U0/><E55/><V116/><F116/><W117/><G117/><T78/><D78/><U39/><E39/><V120/><F50/><W69/><G69/><T15/><D3/><U26/><E21/><V133/><F133/><W115/><G115/><T100/><REACH who="0" step="1"/><D53/><REACH who="0" ten="206,221,219,344" step="2"/><U121/><E79/><V6/><F75/><W131/><G54/><T31/><D31/><U10/><E0/><V96/><F30/><W97/><G111/><T63/><D63/><U122/><E62/><V123/><F61/><W40/><G131/><T90/><D90/><U77/><E77/><V57/><F129/><W82/><G88/><T58/><D58/><U18/><E125/><V14/><F57/><W37/><G89/><T51/><AGARI ba="0,1" hai="9,15,16,38,41,46,47,51,52,95,98,100,105,106" machi="51" ten="30,8000,1" yaku="1,1,0,1,54,2,53,1" doraHai="119" doraHaiUra="92" who="0" fromWho="0" sc="206,90,221,-20,219,-20,344,-40" owari="296,9.6,201,-19.9,199,-30.1,304,40.4" /></mjloggm>