<mjloggm ver="2.3"><GO type="225" lobby="0"/><UN n0="%E3%81%8B%E3%82%8F%E3%81%A1%E3%82%83%E3%82%93%35%38" n1="%E6%B4%BE%E9%81%A3%E3%81%AE%E3%82%B8%E3%83%A3%E3%83%83%E3%82%AF" n2="%E3%82%B2%E3%82%B9%E8%8C%82%E5%8B%9D" n3="%E7%89%B9%E6%9D%B1%E3%81%AF%E4%B8%96%E7%95%8C%E3%82%92%E6%95%91%E3%81%86" dan="17,17,16,16" rate="2187.37,2230.57,2099.84,2169.59" sx="M,M,F,M"/><TAIKYOKU oya="0"/><INIT seed="0,0,0,3,3,47" ten="250,250,250,250" oya="0" hai0="38,33,39,77,123,101,16,59,45,14,92,31,79" hai1="118,1,98,29,65,83,115,126,12,23,128,26,71" hai2="104,102,122,74,131,42,27,43,93,60,63,135,56" hai3="99,90,55,2,95,17,30,4,49,125,53,69,44"/><T106/><D106/><U37/><E1/><V8/><F104/><W25/><G125/><T13/><D123/><U132/><E37/><V48/><F122/><W34/><G69/><T21/><D33/><U127/><E118/><V5/><F131/><W108/><G108/><T81/><D31/><U100/><E128/><V130/><F130/><W68/><G68/><T6/><D79/><U129/><E129/><V96/><F135/><W52/><REACH who="3" step="1"/><G17/><REACH who="3" ten="250,250,250,240" step="2"/><T9/><D45/><U24/><E127/><V18/><F18/><W114/><G114/><T113/><D113/><U20/><E115/><V80/><F27/><W78/><G78/><T121/><D121/><U97/><E126/><V57/><F56/><W7/><G7/><T75/><REACH who="0" step="1"/><D59/><REACH who="0" ten="240,250,250,240" step="2"/><U46/><E46/><V85/><F57/><W0/><G0/><T54/><D54/><U22/><E71/><V32/><F42/><W58/><G58/><T72/><D72/><U51/><E29/><V116/><F74/><W111/><G111/><T64/><D64/><U89/><E65/><V41/><F43/><W124/><G124/><T112/><D112/><U40/><E40/><V109/><F109/><W107/><G107/><T103/><D103/><U133/><E100/><V134/><F102/><W91/><G91/><T3/><D3/><U76/><E89/><V67/><F67/><W117/><G117/><T36/><D36/><U62/><E132/><V15/><F134/><W70/><G70/><T84/><D84/><U19/><E133/><V35/><F116/><W61/><G61/><T87/><D87/><N who="1" m="48615" /><E62/><V66/><F63/><RYUUKYOKU ba="0,2" sc="240,15,250,-15,250,-15,240,15" hai0="6,9,13,14,16,21,38,39,75,77,81,92,101" hai3="2,4,25,30,34,44,49,52,53,55,90,95,99" /><INIT seed="0,1,2,2,4,125" ten="255,235,235,255" oya="0" hai0="4,135,87,84,51,80,95,24,107,63,54,68,32" hai1="82,34,9,56,10,66,16,6,17,55,57,28,46" hai2="122,73,119,112,101,78,108,110,19,86,75,13,102" hai3="45,91,131,116,20,97,106,12,25,128,81,94,22"/><T103/><D107/><U29/><E82/><N who="2" m="47447" /><F19/><N who="1" m="7241" /><E34/><V50/><F50/><W37/><G116/><T132/><D4/><U105/><E105/><V35/><F35/><W65/><G12/><T120/><D120/><U104/><E104/><V126/><F13/><W38/><G65/><N who="0" m="41023" /><D95/><U11/><E6/><V8/><F8/><W61/><G61/><T49/><D103/><N who="2" m="39434" /><F119/><W14/><G106/><T79/><D84/><U69/><E69/><V124/><F122/><W18/><G81/><T117/><D117/><U26/><E26/><V76/><F112/><W77/><G77/><T59/><D51/><N who="1" m="29175" /><E66/><V130/><F130/><N who="3" m="49707" /><G45/><T96/><D24/><U92/><E92/><V40/><F40/><W115/><G115/><T89/><D32/><U2/><E2/><V133/><F133/><N who="0" m="51274" /><D96/><U41/><E41/><V74/><F76/><AGARI ba="1,2" hai="49,54,59,76,79,80,87,89" m="51274,41023" machi="76" ten="30,1500,0" yaku="20,1" doraHai="125" who="0" fromWho="2" sc="255,38,235,0,235,-18,255,0" /><INIT seed="0,2,0,3,3,27" ten="293,235,217,255" oya="0" hai0="7,42,134,73,13,119,34,54,83,46,17,81,59" hai1="95,48,56,36,29,37,40,24,124,116,118,69,86" hai2="64,121,70,16,122,4,125,21,129,75,72,5,87" hai3="101,91,53,84,41,3,98,31,104,107,76,49,113"/><T108/><D119/><U45/><E69/><V51/><F125/><W15/><G113/><T89/><D34/><U111/><E111/><V62/><F129/><W8/><G3/><T39/><D134/><U96/><E124/><V102/><F102/><W97/><G76/><T14/><D73/><U79/><E37/><V2/><F87/><W35/><G41/><T67/><D108/><U18/><E18/><V74/><F51/><W50/><G97/><T57/><D89/><U115/><E115/><V92/><F92/><W135/><G135/><T22/><D67/><U106/><E106/><V30/><F30/><W0/><G0/><T38/><D38/><U100/><E56/><V90/><F90/><W11/><G8/><T77/><D59/><U47/><E86/><V65/><F64/><W109/><G107/><T10/><REACH who="0" step="1"/><D77/><REACH who="0" ten="283,235,217,255" step="2"/><U114/><E79/><V103/><F103/><W94/><G109/><T131/><D131/><U99/><E114/><V93/><F72/><W6/><G35/><T85/><D85/><U71/><E99/><V61/><F75/><W130/><G130/><T63/><AGARI ba="2,1" hai="7,10,13,14,17,22,39,42,46,54,57,63,81,83" machi="63" ten="20,7800,0" yaku="1,1,0,1,7,1,53,1" doraHai="27" doraHaiUra="12" who="0" fromWho="0" sc="283,94,235,-28,217,-28,255,-28" /><INIT seed="0,3,0,2,2,52" ten="377,207,189,227" oya="0" hai0="96,89,99,0,121,102,9,56,35,11,67,29,10" hai1="86,39,115,114,110,43,83,5,44,120,113,124,49" hai2="101,95,47,62,14,85,25,84,42,53,46,105,132" hai3="4,60,134,18,48,112,116,76,78,133,26,79,65"/><T12/><D121/><U80/><E120/><V130/><F132/><N who="3" m="50795" /><G112/><T91/><D0/><U131/><E110/><V7/><F130/><W123/><G123/><T28/><D12/><U1/><E131/><V107/><F25/><W51/><G4/><T125/><D35/><U71/><E71/><V68/><F68/><N who="3" m="42023" /><G116/><T129/><D125/><U119/><E124/><V57/><F105/><W118/><G118/><T117/><D129/><U74/><E119/><V90/><F84/><W100/><G100/><T135/><D135/><U72/><E39/><V61/><F61/><W38/><G38/><T32/><D32/><U54/><E43/><V64/><F64/><W50/><G18/><T94/><D117/><U15/><E1/><V23/><F107/><W81/><G26/><T66/><D66/><U31/><E31/><N who="0" m="11849" /><D96/><U109/><E109/><V126/><F126/><W87/><AGARI ba="3,0" hai="48,50,51,76,78,79,81,87" m="42023,50795" machi="87" ten="30,1100,0" yaku="20,1" doraHai="52" who="3" fromWho="3" sc="377,-8,207,-6,189,-6,227,20" /><INIT seed="1,0,0,4,0,13" ten="369,201,183,247" oya="1" hai0="112,111,123,30,40,93,16,109,55,80,28,26,47" hai1="105,60,57,84,35,41,52,71,107,58,36,53,130" hai2="3,43,23,5,31,102,103,115,75,49,82,59,81" hai3="114,88,86,39,68,25,108,22,132,29,38,101,99"/><U89/><E35/><V48/><F115/><W135/><G68/><T118/><D112/><U97/><E130/><V73/><F5/><W77/><G77/><T14/><D118/><U120/><E120/><V8/><F3/><W44/><G108/><N who="0" m="41547" /><D123/><U0/><E0/><V98/><F8/><W125/><G125/><T72/><D55/><U79/><E71/><V6/><F6/><W95/><G114/><T129/><D129/><U51/><E79/><V83/><F103/><W15/><G15/><T70/><D70/><U1/><E1/><V27/><F48/><W110/><G110/><T34/><D28/><U54/><E97/><V42/><F43/><W11/><G11/><N who="0" m="6239" /><D93/><U24/><E24/><V46/><REACH who="2" step="1"/><F59/><REACH who="2" ten="369,201,173,247" step="2"/><W76/><G135/><T50/><D40/><U121/><E121/><V100/><F100/><W104/><G132/><T45/><D50/><U133/><E133/><V56/><F56/><W33/><G38/><T91/><D47/><U66/><E36/><V126/><F126/><W119/><G39/><T9/><D45/><N who="1" m="26031" /><E107/><AGARI ba="0,1" hai="23,27,31,42,46,49,73,75,81,82,83,98,102,107" machi="107" ten="40,1300,0" yaku="1,1,53,0" doraHai="13" doraHaiUra="7" who="2" fromWho="1" sc="369,0,201,-13,173,23,247,0" /><INIT seed="2,0,0,0,5,86" ten="369,188,196,247" oya="2" hai0="70,87,33,85,9,74,1,30,130,66,28,115,126" hai1="40,133,15,128,121,99,25,123,42,89,32,34,71" hai2="29,116,2,63,62,36,8,79,76,56,98,64,50" hai3="132,72,12,45,127,7,52,24,124,59,77,114,16"/><V105/><F116/><W100/><G132/><T113/><D85/><U84/><E71/><V31/><F36/><W65/><G114/><T82/><D87/><U48/><E133/><V47/><F62/><W19/><G100/><T35/><D66/><U78/><E128/><V58/><F56/><W131/><G131/><T107/><D82/><N who="1" m="47191" /><E15/><V110/><F110/><W90/><G65/><T22/><D107/><U37/><E37/><V6/><F76/><W38/><G77/><T129/><D74/><U96/><E96/><V60/><F79/><W57/><G72/><T112/><D70/><U55/><E25/><V54/><REACH who="2" step="1"/><F60/><REACH who="2" ten="369,188,186,247" step="2"/><W83/><G57/><T93/><D115/><U118/><E118/><V81/><F81/><W17/><G59/><T94/><D113/><U125/><E125/><V11/><F11/><W88/><G38/><T122/><D9/><U53/><E48/><V13/><F13/><W106/><G12/><T26/><D112/><U80/><E80/><V92/><F92/><W5/><G83/><T109/><D94/><N who="1" m="56783" /><E123/><V119/><F119/><W75/><G127/><T20/><D126/><U117/><E121/><V51/><F51/><W95/><G124/><T23/><D122/><U120/><E120/><V73/><F73/><W18/><G75/><T67/><D109/><U14/><E14/><V61/><F61/><W108/><G108/><T39/><D39/><U44/><E117/><V68/><F68/><W111/><G111/><T43/><D129/><U3/><E3/><V21/><F21/><N who="3" m="13351" /><G106/><T102/><D130/><U101/><E34/><N who="0" m="12809" /><D1/><U104/><E32/><RYUUKYOKU ba="0,1" sc="369,-10,188,-10,186,30,247,-10" hai2="2,6,8,29,31,47,50,54,58,63,64,98,105" /><INIT seed="2,1,1,0,2,36" ten="359,178,216,237" oya="2" hai0="33,26,20,25,48,86,1,125,79,39,83,91,6" hai1="59,116,97,67,69,29,78,82,60,2,40,76,71" hai2="19,23,30,27,75,90,4,46,112,62,134,107,99" hai3="65,101,22,68,115,3,50,77,21,18,64,121,38"/><V74/><F112/><W12/><G121/><T14/><D39/><U42/><E2/><V94/><F134/><W51/><G38/><T16/><D125/><U37/><E116/><V124/><F124/><W5/><G115/><T96/><D33/><U113/><E113/><V109/><F107/><W35/><G77/><N who="1" m="29802" /><E69/><V103/><F4/><W92/><G35/><T44/><D1/><U32/><E71/><V54/><F109/><W119/><G119/><T53/><D6/><U114/><E32/><V117/><F117/><W72/><G72/><T55/><D55/><U63/><E37/><V122/><F122/><W52/><G68/><T81/><D96/><U120/><E114/><V87/><F30/><W17/><G3/><T129/><D129/><U108/><E108/><V100/><F100/><W84/><G51/><T123/><D123/><U130/><E130/><V93/><REACH who="2" step="1"/><F62/><REACH who="2" ten="359,178,206,237" step="2"/><W70/><G5/><T85/><AGARI ba="1,2" hai="14,16,20,25,26,44,48,53,79,81,83,85,86,91" machi="85" ten="20,5200,0" yaku="0,1,7,1,8,1,54,1" doraHai="36" who="0" fromWho="0" sc="359,75,178,-14,206,-27,237,-14" /><INIT seed="3,0,0,1,1,110" ten="434,164,179,223" oya="3" hai0="120,114,109,57,7,104,51,11,117,72,42,60,101" hai1="63,1,33,133,39,82,96,103,16,13,90,69,84" hai2="58,53,135,129,92,81,130,87,79,26,56,83,6" hai3="95,9,15,93,24,113,76,29,131,45,31,85,61"/><W35/><G113/><T134/><D72/><U107/><E39/><V0/><F135/><W108/><G131/><N who="2" m="50185" /><F26/><W125/><G125/><T20/><D101/><U68/><E1/><V73/><F92/><W50/><G31/><T67/><D104/><U17/><E133/><V55/><F6/><W89/><G76/><T18/><D120/><U47/><E33/><V2/><F56/><W128/><G128/><T64/><D117/><U46/><E17/><V91/><F53/><W12/><G108/><T40/><D109/><U19/><E19/><V121/><F121/><W62/><G95/><T8/><D134/><U86/><E86/><V65/><F65/><N who="0" m="25162" /><D114/><U74/><E74/><V44/><F44/><W126/><G126/><T34/><D34/><U49/><E63/><AGARI ba="0,0" hai="0,2,55,58,63,73,79,81,83,87,91" m="50185" machi="63" ten="30,1000,0" yaku="19,1" doraHai="110" who="2" fromWho="1" sc="434,0,164,-10,179,10,223,0" owari="434,53.4,154,-34.6,189,-21.1,223,2.3" /></mjloggm>