<mjloggm ver="2.3"><GO type="225" lobby="0"/><UN n0="%E3%83%B4%E3%83%A0%EF%BC%99%E3%81%A6" n1="%72%69%6F%75%63%68%61%6E" n2="%E3%81%9F%E3%81%A3%E3%81%A1%E3%82%87" n3="%77%72%77%72%77%72%77%72" dan="17,17,16,16" rate="2230.15,2287.24,2070.80,2104.13" sx="M,M,M,M"/><TAIKYOKU oya="0"/><INIT seed="0,0,0,5,0,100" ten="250,250,250,250" oya="0" hai0="61,77,42,105,3,18,89,129,40,107,19,72,74" hai1="46,4,133,123,53,7,20,48,113,68,119,38,55" hai2="118,16,111,91,17,14,6,121,73,52,37,44,115" hai3="2,90,49,25,60,43,86,108,10,56,0,21,126"/><T94/><D3/><U9/><E133/><V106/><F121/><W11/><G108/><T128/><D61/><U13/><E119/><V57/><F115/><W99/><G126/><T96/><D18/><U120/><E113/><V34/><F73/><N who="0" m="28266" /><D19/><U124/><E124/><V26/><F111/><W98/><G0/><T134/><D134/><U93/><E68/><V39/><F106/><N who="0" m="40458" /><D77/><U97/><E38/><V47/><F37/><W76/><G2/><T54/><D54/><U65/><E65/><V71/><F71/><W1/><G76/><T66/><D66/><U70/><E70/><V84/><F39/><W29/><G1/><T87/><D87/><U109/><E109/><V75/><F6/><W24/><G24/><T125/><D125/><U45/><E4/><V82/><F17/><W101/><G10/><T116/><D116/><U114/><E114/><V69/><F69/><W64/><G11/><T8/><D8/><U122/><E20/><N who="2" m="11287" /><F26/><W35/><G86/><T95/><D95/><U22/><E22/><V80/><F118/><W103/><G35/><T81/><D81/><U28/><E28/><V130/><F82/><W33/><G33/><T27/><D27/><U30/><E30/><V32/><F75/><W104/><G49/><T41/><D41/><U85/><E85/><N who="2" m="50599" /><F32/><W5/><G5/><T59/><D59/><U102/><E122/><V51/><F34/><W31/><G31/><T58/><D58/><U131/><E123/><V110/><F84/><W135/><G135/><T12/><D12/><U127/><E120/><V36/><F57/><W23/><G56/><RYUUKYOKU ba="0,0" sc="250,30,250,-10,250,-10,250,-10" hai0="40,42,89,94,96,128,129" /><INIT seed="0,1,0,5,1,5" ten="280,240,240,240" oya="0" hai0="48,129,13,100,52,120,106,81,84,18,110,20,115" hai1="24,27,72,109,56,76,58,88,128,68,28,98,97" hai2="83,134,47,108,40,53,87,35,125,64,54,22,117" hai3="70,127,43,3,60,121,65,37,25,71,122,61,59"/><T21/><D115/><U39/><E68/><V75/><F35/><W135/><G3/><T57/><D120/><N who="3" m="46185" /><G25/><T19/><D129/><U15/><E128/><V69/><F75/><W126/><G135/><T50/><D110/><U89/><E109/><V0/><F0/><W67/><G59/><N who="1" m="22570" /><E39/><N who="2" m="21919" /><F22/><W93/><G93/><T116/><D116/><U12/><E72/><V10/><F87/><W36/><G43/><T11/><D48/><U96/><E76/><V132/><F83/><W104/><G104/><T113/><D113/><U51/><E51/><V77/><F77/><W73/><G73/><T30/><D30/><U85/><E28/><V124/><F108/><W80/><G80/><T82/><D82/><N who="1" m="49207" /><E89/><V101/><F117/><W4/><G4/><N who="0" m="3303" /><D106/><U38/><E38/><AGARI ba="1,0" hai="36,37,38,60,61,65,67,70,71,126,127" m="46185" machi="38" ten="30,7700,0" yaku="13,1,23,1,34,2" doraHai="5" who="3" fromWho="1" sc="280,0,240,-80,240,0,240,80" /><INIT seed="1,0,0,3,4,1" ten="280,160,240,320" oya="1" hai0="60,44,79,78,13,8,37,33,85,45,126,93,99" hai1="38,134,18,91,133,69,14,117,92,118,40,135,103" hai2="35,20,95,132,112,41,97,11,100,131,28,70,17" hai3="83,104,47,108,46,94,105,67,5,30,73,129,121"/><U62/><E103/><V109/><F70/><W43/><G121/><T29/><D126/><U116/><E40/><V15/><F109/><W54/><G67/><T2/><D2/><U27/><E38/><V48/><F132/><W110/><G30/><T6/><D33/><U31/><E69/><V98/><F131/><W75/><G129/><T51/><D29/><U57/><E92/><N who="2" m="58407" /><F35/><W114/><G114/><T120/><D120/><U77/><E77/><V72/><F72/><W32/><G32/><T55/><D85/><U65/><E91/><N who="2" m="55679" /><F112/><W59/><G94/><T86/><D86/><U63/><E62/><V23/><F28/><W7/><G59/><T64/><D44/><AGARI ba="0,0" hai="11,15,17,20,23,41,44,48" m="55679,58407" machi="44" ten="30,1000,0" yaku="8,1" doraHai="1" who="2" fromWho="0" sc="280,-10,160,0,240,10,320,0" /><INIT seed="2,0,0,5,3,132" ten="270,160,250,320" oya="2" hai0="105,8,49,55,77,0,81,75,61,69,43,48,106" hai1="113,20,14,68,23,79,40,102,45,82,121,18,15" hai2="108,5,94,112,88,125,110,126,6,92,90,133,31" hai3="1,63,19,35,127,7,33,24,80,101,109,10,29"/><V128/><F112/><W53/><G127/><N who="2" m="48649" /><F133/><W41/><G109/><N who="2" m="42089" /><F31/><W76/><G41/><T89/><D43/><U78/><E113/><V21/><F21/><W38/><G38/><T62/><D62/><U56/><E68/><V85/><F128/><W123/><G101/><T91/><D91/><U37/><E121/><V66/><F66/><W115/><G123/><T50/><D89/><U9/><E102/><V103/><F103/><W117/><G117/><T93/><D93/><U47/><E45/><V74/><F74/><W96/><G115/><T130/><D130/><U3/><E56/><V107/><F107/><W52/><G33/><T99/><D69/><U119/><E119/><V26/><F26/><W32/><G32/><T97/><D105/><U71/><E71/><V16/><F16/><W131/><G131/><T95/><D95/><U70/><E70/><V87/><AGARI ba="0,0" hai="5,6,85,87,88,90,92,94" m="42089,48649" machi="87" ten="30,18000,2" yaku="18,1,14,1,10,1,52,3,54,1" doraHai="132" who="2" fromWho="2" sc="270,-60,160,-60,250,180,320,-60" /><INIT seed="2,1,0,5,1,90" ten="210,100,430,260" oya="2" hai0="119,41,77,62,108,64,17,74,76,78,92,18,89" hai1="5,60,113,98,15,134,93,97,0,44,56,107,91" hai2="34,71,87,25,54,109,99,75,67,58,20,121,52" hai3="120,10,83,32,8,72,59,102,33,24,115,39,95"/><V82/><F121/><W36/><G120/><T6/><D74/><U80/><E134/><V49/><F34/><W21/><G115/><T1/><D108/><U100/><E113/><V26/><F75/><W23/><G59/><N who="0" m="36959" /><D1/><U22/><E0/><V4/><F4/><W135/><G135/><T122/><D122/><U132/><E132/><V94/><F71/><W96/><G83/><T55/><D119/><U66/><E44/><N who="2" m="27687" /><F67/><W35/><G21/><T126/><D126/><U51/><E51/><N who="2" m="31071" /><F20/><W105/><G72/><T11/><D41/><U112/><E112/><V7/><F7/><W117/><G117/><T69/><D55/><U114/><E114/><V2/><F2/><W3/><G105/><T123/><D69/><U68/><E68/><V30/><F30/><W45/><G3/><T101/><D123/><U12/><E5/><V13/><F13/><W84/><G39/><T133/><D133/><U127/><E127/><V106/><F106/><W40/><REACH who="3" step="1"/><G84/><REACH who="3" ten="210,100,430,250" step="2"/><T47/><D11/><U85/><REACH who="1" step="1"/><E22/><REACH who="1" ten="210,90,430,250" step="2"/><V53/><F109/><W86/><G86/><T103/><D6/><U16/><E16/><AGARI ba="1,2" hai="8,10,16,23,24,32,33,35,36,40,45,95,96,102" machi="16" ten="40,8000,1" yaku="1,1,52,1,54,1,53,1" doraHai="90" doraHaiUra="42" who="3" fromWho="1" sc="210,0,90,-83,430,0,250,103" /><INIT seed="3,0,0,2,4,104" ten="210,7,430,353" oya="3" hai0="69,71,112,35,97,64,108,98,33,18,95,38,2" hai1="100,32,26,128,58,68,81,59,16,13,39,131,99" hai2="93,55,8,54,21,70,14,30,135,46,42,80,85" hai3="44,3,74,36,56,31,124,122,79,19,76,0,6"/><W77/><G122/><T82/><D38/><U24/><E68/><V52/><F135/><W7/><G124/><T83/><D2/><U10/><E39/><V90/><F70/><W23/><G31/><T130/><D95/><U15/><E81/><V123/><F123/><W49/><G56/><T133/><D108/><U120/><E120/><V132/><F132/><W111/><G111/><T27/><D133/><U78/><E78/><N who="2" m="46231" /><F42/><W119/><G119/><T57/><D57/><N who="1" m="21515" /><E32/><V47/><F21/><W65/><G65/><T121/><D121/><U73/><E15/><V88/><F30/><W41/><G49/><T67/><D27/><N who="1" m="10283" /><E100/><V51/><F46/><W87/><G87/><T107/><D107/><U113/><E99/><N who="2" m="57767" /><F90/><W4/><REACH who="3" step="1"/><G74/><REACH who="3" ten="210,7,430,343" step="2"/><T62/><D67/><U116/><E116/><V45/><F51/><W118/><G118/><T110/><D64/><U86/><E73/><V37/><F37/><W5/><N who="3" m="1024" /><DORA hai="66" /><W91/><G91/><T105/><D69/><U126/><E126/><V75/><F75/><W89/><G89/><T1/><D71/><U72/><E72/><V17/><AGARI ba="0,1" hai="8,14,17,45,47,52,54,55" m="57767,46231" machi="17" ten="30,4000,0" yaku="8,1,54,2" doraHai="104,66" who="2" fromWho="2" sc="210,-10,7,-10,430,50,343,-20" owari="200,-20.0,-3,-50.3,480,58.0,323,12.3" /></mjloggm>