<mjloggm ver="2.3"><GO type="225" lobby="0"/><UN n0="%E6%97%A5%E6%9B%9C%E6%97%A5%E3%82%88%E3%82%8A%E3%81%AE%E4%BD%BF%E8%80%85" n1="%E8%A8%88%E7%AE%97%E6%A9%9F%E8%87%AA%E7%84%B6" n2="%E3%81%9F%E3%81%A3%E3%81%A1%E3%82%87" n3="%73%6C%69%63%6B%33%31%39" dan="18,17,16,16" rate="2176.91,2234.24,2104.68,2199.15" sx="M,M,M,M"/><TAIKYOKU oya="0"/><INIT seed="0,0,0,0,1,52" ten="250,250,250,250" oya="0" hai0="100,39,64,23,5,134,18,72,7,74,60,79,85" hai1="122,33,38,47,22,31,106,73,11,54,91,77,118" hai2="117,110,109,37,92,19,130,81,21,87,4,113,9" hai3="2,70,15,135,24,56,114,1,99,41,90,120,35"/><T93/><D39/><U66/><E118/><V124/><F113/><W62/><G114/><T108/><D74/><U30/><E122/><V94/><F124/><W121/><G70/><T76/><D72/><U48/><E33/><V97/><F37/><W51/><G15/><N who="0" m="9695" /><D134/><U116/><E106/><V105/><F105/><W95/><G135/><T8/><D108/><N who="2" m="41578" /><F97/><W25/><G2/><T75/><D75/><U3/><E66/><V65/><F65/><N who="3" m="39111" /><G1/><T111/><D111/><U43/><E91/><N who="2" m="51695" /><F130/><W14/><G35/><T32/><D32/><U68/><E116/><V126/><F126/><W29/><G29/><T84/><D100/><U55/><E30/><V104/><F104/><W45/><G14/><N who="0" m="5391" /><D7/><N who="1" m="1535" /><E68/><V0/><F117/><W42/><G42/><T28/><D28/><U96/><E43/><V82/><F82/><W115/><G115/><T69/><D69/><U103/><E38/><V83/><F83/><W27/><G120/><T88/><D85/><U127/><E127/><V128/><F128/><W10/><G121/><T57/><AGARI ba="0,0" hai="57,60,64,76,79,84,88,93" m="5391,9695" machi="57" ten="30,6000,0" yaku="8,1,52,1,54,1" doraHai="52" who="0" fromWho="0" sc="250,60,250,-20,250,-20,250,-20" /><INIT seed="0,1,0,0,3,100" ten="310,230,230,230" oya="0" hai0="65,52,31,135,39,10,37,122,112,38,113,98,114" hai1="71,107,83,88,63,119,8,0,90,36,14,96,77" hai2="99,24,116,130,13,41,79,81,121,78,74,84,124" hai3="69,44,50,55,134,92,11,115,86,32,89,45,2"/><T95/><D122/><U106/><E119/><V46/><F121/><W110/><G115/><T75/><D75/><U9/><E36/><V127/><F116/><W30/><G69/><T20/><D65/><U72/><E0/><V6/><F130/><W101/><G110/><T19/><D135/><U34/><E34/><V66/><F66/><W102/><G134/><T35/><D35/><U48/><E48/><N who="2" m="26703" /><F24/><W1/><G32/><T7/><D31/><U22/><E22/><V15/><F99/><W62/><G30/><T67/><D67/><U111/><E111/><V94/><F94/><W126/><G126/><N who="2" m="48169" /><F6/><W21/><G21/><T133/><D133/><U70/><E8/><V28/><F28/><W17/><G1/><T43/><D10/><U33/><E33/><V104/><F104/><W73/><G2/><T97/><D7/><U68/><E63/><V120/><F120/><W18/><G11/><T129/><D129/><U123/><E123/><V87/><F74/><W40/><G73/><T76/><D95/><U57/><E57/><V64/><F64/><W103/><REACH who="3" step="1"/><G62/><REACH who="3" ten="310,230,230,220" step="2"/><T58/><D114/><U85/><E72/><V91/><F13/><W93/><G93/><T56/><D113/><U4/><REACH who="1" step="1"/><E106/><REACH who="1" ten="310,220,230,220" step="2"/><V12/><F15/><W82/><G82/><T108/><D112/><U3/><E3/><V118/><F12/><W128/><G128/><T132/><D108/><U51/><E51/><AGARI ba="1,2" hai="17,18,40,44,45,50,51,55,86,89,92,101,102,103" machi="51" ten="40,2600,0" yaku="1,1,8,1,53,0" doraHai="100" doraHaiUra="29" who="3" fromWho="1" sc="310,0,220,-29,230,0,220,49" /><INIT seed="1,0,0,3,4,42" ten="310,191,230,269" oya="1" hai0="29,124,101,131,47,61,15,107,135,13,66,50,109" hai1="38,28,45,122,111,78,132,98,26,56,54,102,19" hai2="55,7,128,64,87,92,100,8,82,21,9,5,119" hai3="126,80,33,69,86,3,53,97,46,72,4,20,133"/><U106/><E122/><V30/><F119/><W16/><G33/><T14/><D109/><U68/><E132/><V43/><F128/><W96/><G72/><T0/><D0/><U60/><E111/><V23/><F64/><W113/><G113/><T75/><D75/><U112/><E112/><V117/><F117/><W51/><G69/><T77/><D135/><U85/><E19/><V35/><F35/><W120/><G120/><T63/><D131/><U39/><E68/><V108/><F108/><W95/><G126/><T116/><D116/><U48/><E85/><V57/><F43/><W115/><G115/><T41/><D124/><U110/><E78/><V118/><F118/><W83/><G133/><T58/><D77/><U99/><E99/><N who="3" m="37962" /><G4/><N who="2" m="1609" /><F92/><W27/><G3/><T125/><D125/><U22/><REACH who="1" step="1"/><E110/><REACH who="1" ten="310,181,230,269" step="2"/><V74/><F74/><W25/><G25/><T73/><D73/><U40/><AGARI ba="0,1" hai="22,26,28,38,39,40,45,48,54,56,60,98,102,106" machi="40" ten="20,18000,2" yaku="1,1,2,1,0,1,7,1,52,1,53,1" doraHai="42" doraHaiUra="52" who="1" fromWho="1" sc="310,-60,181,190,230,-60,269,-60" /><INIT seed="1,1,0,4,0,43" ten="250,371,170,209" oya="1" hai0="89,1,129,46,96,125,8,113,77,34,110,105,127" hai1="130,88,74,133,67,39,112,72,52,27,78,36,5" hai2="86,131,111,6,66,57,103,108,19,104,9,124,31" hai3="134,54,4,123,51,126,32,81,119,33,69,128,118"/><U135/><E112/><V82/><F124/><N who="0" m="47690" /><D113/><U7/><E67/><V65/><F131/><W106/><G126/><T55/><D34/><U30/><E130/><V95/><F31/><W44/><G128/><T122/><D129/><U56/><E5/><V59/><F104/><W120/><G106/><T28/><D28/><U3/><E7/><V41/><F19/><W14/><G69/><T64/><D64/><N who="2" m="24682" /><F41/><W12/><G81/><T79/><D110/><N who="2" m="42026" /><F95/><W35/><G134/><T50/><D122/><N who="3" m="46633" /><G4/><N who="0" m="1039" /><D89/><U45/><E88/><N who="2" m="51287" /><F103/><AGARI ba="1,0" hai="46,50,55,77,79,96,103,105" m="1039,47690" machi="103" ten="30,2000,0" yaku="18,1,52,1" doraHai="43" who="0" fromWho="2" sc="250,23,371,0,170,-23,209,0" /><INIT seed="2,0,0,0,0,8" ten="273,371,147,209" oya="2" hai0="73,15,92,57,87,67,30,81,9,117,89,84,6" hai1="111,103,74,4,29,63,135,3,56,39,68,19,16" hai2="71,61,5,75,2,133,46,62,35,25,58,31,110" hai3="100,50,131,91,98,70,77,78,116,7,82,24,120"/><V18/><F75/><W122/><G70/><T21/><D117/><U123/><E39/><V37/><F133/><W106/><G7/><T13/><D73/><U83/><E68/><V12/><F71/><W20/><G116/><T36/><D36/><U45/><E29/><V129/><F129/><W53/><G131/><T121/><D121/><U59/><E123/><V109/><F37/><W113/><G113/><T32/><D32/><U51/><E103/><V132/><F46/><W55/><G91/><T125/><D125/><U54/><E3/><V86/><F86/><W49/><G50/><T44/><D44/><U130/><E4/><V14/><F132/><W105/><G106/><T94/><D84/><U23/><E111/><N who="2" m="42507" /><F2/><W48/><G49/><T10/><D21/><U69/><E69/><V99/><F99/><W0/><G0/><T114/><D30/><U97/><E97/><V112/><F112/><W26/><G48/><T102/><D102/><U115/><E74/><V128/><F128/><W107/><G98/><T134/><D134/><U88/><E135/><V34/><F34/><W124/><G100/><T66/><D114/><U65/><E115/><V96/><F96/><W52/><G124/><T47/><D47/><U43/><E130/><V28/><F28/><W33/><G122/><T60/><D67/><U64/><E45/><V101/><F101/><W22/><G120/><T126/><D126/><U127/><E127/><V119/><F119/><W42/><G33/><T17/><AGARI ba="0,0" hai="6,9,10,13,15,17,57,60,66,81,87,89,92,94" machi="17" ten="20,8000,1" yaku="0,1,7,1,8,1,52,2" doraHai="8" who="0" fromWho="0" sc="273,80,371,-20,147,-40,209,-20" /><INIT seed="3,0,0,0,3,126" ten="353,351,107,189" oya="3" hai0="105,97,74,116,0,8,20,73,53,47,46,50,17" hai1="14,32,52,69,110,93,117,88,133,96,112,103,15" hai2="129,100,75,122,6,13,98,25,19,70,23,84,37" hai3="62,33,111,113,55,91,45,79,82,76,72,71,27"/><W18/><G113/><T48/><D116/><U68/><E112/><V3/><F37/><W95/><G79/><T65/><D65/><U16/><E32/><V109/><F75/><W106/><G106/><T5/><D97/><U77/><E77/><V61/><F109/><W107/><G107/><T58/><D105/><U123/><E123/><V128/><F122/><W104/><G104/><T101/><D101/><U31/><E31/><V89/><F3/><W54/><G111/><T85/><D85/><U83/><E110/><V21/><F98/><W92/><G92/><T94/><D94/><U132/><E52/><V28/><F100/><W59/><G71/><N who="1" m="27210" /><E16/><V1/><F6/><W130/><G130/><N who="2" m="50281" /><F1/><W49/><G18/><T81/><D0/><U134/><E117/><V56/><F70/><W121/><G121/><T90/><D5/><U29/><E29/><V67/><F84/><AGARI ba="0,0" hai="14,15,83,84,88,93,96,103,132,133,134" m="27210" machi="84" ten="40,2600,0" yaku="20,1,54,1" doraHai="126" who="1" fromWho="2" sc="353,0,351,26,107,-26,189,0" owari="353,15.3,377,47.7,81,-41.9,189,-21.1" /></mjloggm>