<mjloggm ver="2.3"><GO type="225" lobby="0"/><UN n0="%E9%B3%B3%E6%9D%B1%E3%81%AE%E3%81%86%E3%81%95%E3%81%8E%E3%81%95%E3%82%93" n1="%E7%B5%82%E6%9C%AB%E3%81%AE%E6%95%91%E3%81%84" n2="%E3%81%B5%E3%81%98%E3%81%8B%E3%81%A4" n3="%E3%81%A0%E3%81%8A" dan="17,16,16,16" rate="2236.20,2084.33,2089.92,2025.03" sx="M,F,M,M"/><TAIKYOKU oya="0"/><INIT seed="0,0,0,1,3,67" ten="250,250,250,250" oya="0" hai0="53,16,78,76,118,48,12,83,17,13,47,112,135" hai1="119,54,75,104,44,88,43,40,27,59,45,19,129" hai2="86,126,110,134,74,5,80,8,32,57,71,127,84" hai3="25,108,6,64,39,33,101,0,62,79,28,85,26"/><T123/><D112/><U133/><E104/><V81/><F32/><W120/><G39/><T128/><D118/><U1/><E75/><V89/><F57/><W107/><G108/><T91/><D128/><U24/><E1/><V22/><F22/><W90/><G79/><T18/><D135/><U87/><E129/><V72/><F71/><W56/><G120/><T66/><D123/><U99/><E99/><V23/><F23/><W7/><G0/><T130/><D130/><U114/><E119/><V58/><F58/><W51/><G51/><T35/><D35/><U132/><E114/><V3/><F134/><N who="1" m="51817" /><E19/><V50/><F50/><W92/><REACH who="3" step="1"/><G25/><REACH who="3" ten="250,250,250,240" step="2"/><N who="1" m="9802" /><E40/><V111/><F111/><W96/><AGARI ba="0,1" hai="6,7,26,28,33,56,62,64,85,90,92,96,101,107" machi="96" ten="30,2000,0" yaku="1,1,0,1,53,0" doraHai="67" doraHaiUra="36" who="3" fromWho="3" sc="250,-10,250,-5,250,-5,240,30" /><INIT seed="1,0,0,1,4,96" ten="240,245,245,270" oya="1" hai0="31,56,83,84,126,0,32,68,20,70,16,87,109" hai1="2,58,59,46,135,107,94,134,18,113,117,30,103" hai2="102,125,43,28,45,91,37,33,99,74,57,54,90" hai3="82,34,65,93,133,3,110,118,130,100,111,116,38"/><U67/><E113/><V85/><F125/><W127/><G38/><T62/><D126/><U61/><E117/><N who="3" m="45162" /><G127/><T36/><D109/><N who="3" m="41481" /><G3/><T121/><D121/><U64/><E2/><V14/><F74/><W44/><G34/><T75/><D75/><U122/><E107/><V25/><F14/><W4/><G130/><T11/><D36/><U35/><E122/><V89/><F57/><W8/><G133/><N who="1" m="50698" /><E46/><V42/><F42/><W47/><G82/><T17/><D32/><U106/><E106/><V51/><F85/><W92/><G65/><T129/><D87/><U22/><E35/><V101/><REACH who="2" step="1"/><F99/><REACH who="2" ten="240,245,235,270" step="2"/><N who="3" m="59495" /><G93/><T23/><D0/><U95/><E94/><V77/><F77/><W26/><G26/><T98/><D83/><U24/><E95/><V12/><F12/><W76/><G76/><T9/><D84/><U79/><E79/><V114/><F114/><W40/><G40/><T5/><D56/><U60/><E103/><V132/><F132/><W53/><G47/><T123/><D98/><U48/><E48/><V10/><F10/><W55/><G44/><T1/><D9/><U63/><E63/><V128/><F128/><W73/><G73/><T124/><D62/><U112/><E112/><V86/><F86/><W52/><G8/><T50/><D11/><U88/><E88/><V49/><F49/><W27/><G27/><T21/><D50/><U71/><E58/><V29/><F29/><AGARI ba="0,1" hai="18,22,24,29,30,59,60,61,64,67,71" m="50698" machi="29" ten="30,1500,0" yaku="20,1" doraHai="96" who="1" fromWho="2" sc="240,0,245,25,235,-15,270,0" /><INIT seed="1,1,0,2,2,44" ten="240,270,220,270" oya="1" hai0="84,96,22,2,120,65,110,127,53,16,81,123,66" hai1="54,105,133,49,131,40,11,25,55,72,21,94,37" hai2="88,106,76,64,12,36,97,74,15,34,46,122,95" hai3="61,99,103,112,118,121,111,30,3,1,50,69,9"/><U39/><E105/><V82/><F122/><N who="0" m="46634" /><D110/><U129/><E72/><V4/><F34/><W135/><G50/><T23/><D127/><U104/><E104/><V134/><F134/><W68/><G30/><T57/><D96/><U7/><E94/><V77/><F77/><W75/><G9/><T17/><D2/><U62/><E62/><V114/><F114/><W90/><G90/><N who="0" m="51471" /><D22/><U71/><E71/><V132/><F132/><W33/><G68/><T6/><D6/><U51/><E40/><V48/><F36/><W107/><G69/><T38/><D38/><U117/><E117/><V0/><F64/><N who="0" m="24682" /><D23/><U125/><E125/><V113/><F113/><W60/><G111/><T98/><D98/><U13/><E133/><V130/><F130/><N who="1" m="49673" /><E37/><V56/><F106/><W20/><G107/><T70/><D70/><U10/><E39/><V42/><REACH who="2" step="1"/><F56/><REACH who="2" ten="240,270,210,270" step="2"/><W79/><G135/><T115/><D115/><U91/><E91/><V41/><F41/><W78/><G112/><T128/><D128/><U26/><E55/><V92/><F92/><W27/><G121/><T58/><D58/><U87/><E54/><V80/><F80/><W45/><G118/><T28/><D28/><U19/><E25/><V73/><F73/><W8/><G75/><T67/><N who="0" m="24690" /><T86/><DORA hai="93" /><D57/><U83/><E83/><V29/><F29/><W119/><G119/><T108/><D108/><U109/><E109/><V126/><F126/><W31/><G31/><T85/><D53/><U24/><E24/><V47/><F47/><W59/><G45/><T52/><D52/><U124/><E124/><RYUUKYOKU ba="1,1" sc="240,15,270,-15,210,15,270,-15" hai0="16,17,85,86" hai2="0,4,12,15,42,46,48,74,76,82,88,95,97" /><INIT seed="2,2,1,4,4,120" ten="255,255,225,255" oya="2" hai0="3,134,64,77,78,121,5,119,4,67,131,81,33" hai1="99,75,52,26,91,70,53,111,89,22,6,1,28" hai2="65,133,108,13,34,83,114,51,60,110,112,132,59" hai3="126,18,94,101,9,14,97,123,72,7,68,41,36"/><V102/><F34/><W8/><G123/><T109/><D121/><U104/><E75/><V135/><F102/><W76/><G68/><T58/><D33/><U69/><E111/><N who="2" m="42539" /><F83/><W10/><G126/><T56/><D131/><U11/><E69/><V124/><F124/><W21/><G36/><T66/><D134/><U95/><E70/><V63/><F13/><W12/><G41/><T122/><D119/><U44/><E104/><V93/><F93/><W40/><G40/><T86/><D122/><U128/><E128/><V105/><F105/><W17/><G72/><T84/><D109/><U38/><E89/><V15/><F15/><N who="3" m="5535" /><G76/><N who="0" m="29291" /><D3/><U92/><E92/><V48/><F63/><W25/><G25/><T103/><D103/><U80/><E80/><V16/><F16/><W82/><G82/><T23/><D81/><U88/><E91/><V29/><F29/><W71/><G71/><T118/><D118/><U127/><E127/><V35/><F35/><W2/><G2/><T73/><D73/><U96/><E96/><V117/><F117/><W24/><G24/><T90/><D90/><U55/><REACH who="1" step="1"/><E38/><REACH who="1" ten="255,245,225,255" step="2"/><V45/><F51/><AGARI ba="2,2" hai="1,6,11,22,26,28,44,51,52,53,55,88,95,99" machi="51" ten="40,8000,1" yaku="1,1,2,1,54,2,53,0" doraHai="120" doraHaiUra="62" who="1" fromWho="2" sc="255,0,245,106,225,-86,255,0" /><INIT seed="3,0,0,3,1,135" ten="255,351,139,255" oya="3" hai0="109,88,30,124,69,111,51,35,25,104,125,50,53" hai1="18,34,134,42,0,44,130,38,28,123,45,77,80" hai2="17,119,12,27,39,58,5,121,132,26,122,66,101" hai3="83,70,32,89,19,131,129,10,9,120,103,75,48"/><W49/><G120/><T115/><D115/><U2/><E123/><V116/><F39/><W37/><G37/><T8/><D69/><U85/><E134/><V118/><F101/><W31/><G70/><T114/><D114/><U29/><E130/><N who="3" m="49674" /><G103/><T43/><D104/><U23/><E34/><V79/><F79/><N who="3" m="44543" /><G89/><T11/><D43/><U33/><E33/><V14/><F66/><W100/><G100/><T57/><D51/><N who="3" m="19529" /><G19/><T15/><D88/><U56/><E18/><V127/><F58/><W55/><G55/><T76/><D76/><U46/><E38/><V65/><F65/><W52/><G52/><T62/><D50/><U20/><E56/><V128/><F132/><W74/><G74/><T6/><D11/><U64/><E64/><V106/><F106/><W94/><G94/><T47/><D47/><U99/><E45/><V36/><F36/><W92/><G92/><T41/><D41/><U82/><E42/><V16/><F128/><W63/><G63/><T90/><D90/><U61/><E77/><V95/><F95/><W117/><G117/><T54/><D54/><U86/><E61/><V112/><F116/><W4/><G4/><T3/><D3/><U98/><AGARI ba="0,0" hai="0,2,20,23,28,29,44,46,80,82,85,86,98,99" machi="98" ten="25,3200,0" yaku="0,1,22,2" doraHai="135" who="1" fromWho="1" sc="255,-8,351,32,139,-8,255,-16" owari="247,4.7,383,48.3,131,-36.9,239,-16.1" /></mjloggm>