<mjloggm ver="2.3"><GO type="225" lobby="0"/><UN n0="%72%65%6E%6B%75%6E" n1="%E3%81%BF%E3%81%BF%E3%81%9A" n2="%77%72%77%72%77%72%77%72" n3="%E3%81%B5%E3%81%98%E3%81%8B%E3%81%A4" dan="17,17,17,16" rate="2215.49,2247.98,2237.83,2183.50" sx="M,M,M,M"/><TAIKYOKU oya="0"/><INIT seed="0,0,0,5,2,68" ten="250,250,250,250" oya="0" hai0="42,29,105,15,124,76,65,41,82,18,85,4,79" hai1="126,50,44,32,128,87,133,127,36,73,75,27,92" hai2="62,46,61,20,48,116,47,30,67,31,59,86,90" hai3="66,34,49,83,58,21,45,112,91,101,100,99,134"/><T51/><D105/><U123/><E123/><V109/><F109/><W77/><G34/><T9/><D124/><N who="1" m="47659" /><E133/><V5/><F116/><W26/><G134/><T2/><D65/><U120/><E120/><V84/><F5/><W56/><G112/><T122/><D122/><U38/><E128/><V130/><F130/><W22/><G66/><T111/><D111/><U113/><E113/><V104/><F104/><W131/><G91/><T114/><D114/><U11/><E11/><V13/><F62/><W12/><G131/><T135/><D135/><U37/><E87/><V78/><F78/><W118/><G118/><T35/><D76/><U39/><N who="1" m="9216" /><DORA hai="0" /><U93/><E27/><V16/><F46/><W71/><G26/><N who="0" m="18871" /><D51/><U57/><E57/><V121/><F84/><W8/><G58/><T106/><D106/><U88/><E32/><V14/><F14/><W53/><G56/><T132/><D132/><U102/><E102/><V23/><F23/><AGARI ba="0,0" hai="2,4,9,15,18,23,41,42,79,82,85" m="18871" machi="23" ten="30,2900,0" yaku="24,1,52,1" doraHai="68,0" who="0" fromWho="2" sc="250,29,250,0,250,-29,250,0" /><INIT seed="0,1,0,1,3,72" ten="279,250,221,250" oya="0" hai0="53,4,80,115,134,108,100,39,10,6,44,102,82" hai1="61,64,56,24,40,110,81,3,8,32,95,46,37" hai2="62,93,127,34,28,113,17,125,91,13,106,58,49" hai3="117,23,85,2,0,112,9,22,36,83,42,12,89"/><T126/><D115/><U18/><E110/><V70/><F106/><W33/><G112/><T76/><D108/><U14/><E95/><V105/><F105/><W50/><G117/><T29/><D126/><N who="2" m="48138" /><F113/><W78/><G33/><T47/><D134/><U55/><E3/><V45/><F70/><W7/><G36/><T74/><D29/><U65/><REACH who="1" step="1"/><E81/><REACH who="1" ten="279,240,221,250" step="2"/><V129/><F129/><W48/><G0/><N who="0" m="263" /><D82/><U11/><E11/><V111/><F111/><W19/><G42/><N who="0" m="22623" /><D6/><U1/><E1/><V20/><F93/><W99/><G99/><T15/><D15/><U133/><E133/><V27/><F13/><W16/><G89/><T59/><D47/><U35/><E35/><V120/><F91/><W57/><G57/><T104/><D104/><U54/><E54/><V98/><F98/><W135/><G135/><T84/><D84/><U101/><E101/><V26/><F120/><W69/><G69/><T119/><D119/><U21/><E21/><V30/><F45/><W123/><G123/><T132/><D132/><U97/><E97/><V31/><F49/><AGARI ba="1,1" hai="49,53,59,74,76,80,100,102" m="22623,263" machi="49" ten="30,2900,0" yaku="25,1,52,1" doraHai="72" who="0" fromWho="2" sc="279,42,240,0,221,-32,250,0" /><INIT seed="0,2,0,5,0,70" ten="321,240,189,250" oya="0" hai0="76,105,116,69,131,98,39,25,81,24,82,30,97" hai1="100,2,86,121,114,88,77,43,60,135,91,63,123" hai2="3,46,66,93,54,113,129,33,125,73,44,119,124" hai3="48,53,85,38,130,40,57,109,112,58,32,13,45"/><T7/><D69/><U6/><E100/><V132/><F113/><W28/><G112/><T80/><D116/><U10/><E114/><V107/><F107/><W79/><G130/><T104/><D131/><U4/><E135/><V64/><F129/><W52/><G109/><T1/><D76/><U41/><E77/><V50/><F119/><W126/><G126/><N who="2" m="48745" /><F132/><W37/><G13/><T68/><D68/><U110/><E10/><V127/><N who="2" m="48753" /><V23/><DORA hai="14" /><F73/><W96/><G96/><N who="0" m="36971" /><D30/><U8/><E8/><V90/><F33/><W42/><G85/><T65/><D65/><U75/><E86/><N who="2" m="52439" /><F3/><W101/><G79/><T27/><D7/><U94/><E94/><V92/><F92/><W49/><G101/><T29/><D29/><U16/><E2/><V56/><F23/><W12/><G12/><T17/><D17/><U15/><E15/><V122/><F122/><W111/><G28/><T106/><D1/><U55/><E75/><V22/><F22/><W95/><G95/><T103/><D103/><U35/><E35/><V71/><F71/><W83/><G83/><T47/><D47/><AGARI ba="2,0" hai="44,46,47,50,54,56,64,66" m="52439,48753" machi="47" ten="40,1300,0" yaku="18,1" doraHai="70,14" who="2" fromWho="0" sc="321,-19,240,0,189,19,250,0" /><INIT seed="1,0,0,1,1,32" ten="302,240,208,250" oya="1" hai0="64,104,135,2,45,49,0,62,35,86,129,77,28" hai1="8,116,26,36,118,42,11,84,76,113,82,98,112" hai2="126,68,38,121,12,80,67,18,30,69,70,57,73" hai3="103,88,124,91,85,27,115,55,130,20,119,120,133"/><U46/><E26/><V123/><F121/><W31/><G120/><T33/><D104/><U58/><E58/><V17/><F123/><W109/><G115/><T63/><D135/><U99/><E113/><V54/><F38/><W44/><G133/><T14/><D129/><U66/><E66/><V47/><F126/><W96/><G130/><T93/><D14/><U5/><E11/><V105/><F105/><W74/><G74/><T110/><D110/><U79/><E112/><V7/><F30/><W92/><G124/><T25/><D33/><U81/><E116/><V51/><F7/><W50/><G109/><T125/><D63/><U60/><E60/><V108/><F108/><W111/><G111/><T78/><D93/><U3/><REACH who="1" step="1"/><E118/><REACH who="1" ten="302,230,208,250" step="2"/><V114/><F114/><W131/><G119/><T37/><D125/><U48/><E48/><V24/><F67/><W40/><G131/><T15/><D37/><U4/><E4/><V94/><F57/><W16/><G31/><T95/><D62/><U41/><E41/><V23/><F70/><W13/><G27/><T52/><D64/><U134/><E134/><V59/><F59/><W19/><G19/><T90/><REACH who="0" step="1"/><D15/><REACH who="0" ten="292,230,208,250" step="2"/><U75/><AGARI ba="0,2" hai="3,5,8,36,42,46,75,76,79,81,82,84,98,99" machi="75" ten="20,18000,2" yaku="1,1,0,1,7,1,25,2,52,1,53,0" doraHai="32" doraHaiUra="87" who="1" fromWho="1" sc="292,-60,230,200,208,-60,250,-60" /><INIT seed="1,1,0,1,2,45" ten="232,430,148,190" oya="1" hai0="64,104,71,80,88,19,2,78,10,93,134,98,107" hai1="34,84,125,50,59,72,112,32,81,111,22,86,29" hai2="60,116,14,47,9,52,13,27,130,42,128,18,109" hai3="108,79,41,4,135,3,61,106,102,89,83,97,91"/><U96/><E112/><V119/><F27/><W55/><G41/><T53/><D134/><U113/><E113/><V103/><F103/><W56/><G135/><T114/><D114/><U74/><E125/><V26/><F26/><W0/><G108/><T21/><D53/><U118/><E118/><V5/><F109/><W101/><G101/><T77/><D77/><U110/><E22/><V76/><F76/><W7/><G7/><T25/><D64/><U82/><E59/><N who="2" m="34919" /><F14/><W24/><G24/><T85/><REACH who="0" step="1"/><D71/><REACH who="0" ten="222,430,148,190" step="2"/><U129/><E111/><V16/><F116/><W46/><G46/><T70/><D70/><U121/><E110/><V122/><F119/><W92/><G79/><T38/><D38/><U58/><E72/><V117/><F117/><W8/><G55/><T35/><D35/><U44/><E74/><V66/><F66/><W127/><G56/><T67/><D67/><U69/><E58/><V12/><F122/><W123/><G123/><T65/><D65/><U1/><E34/><V15/><F42/><W63/><G63/><T120/><D120/><U20/><E32/><V36/><F36/><W132/><G61/><T100/><D100/><U133/><E121/><V75/><F47/><W73/><G132/><T54/><D54/><U90/><E69/><V6/><F75/><W94/><G102/><T95/><D95/><U115/><E133/><V39/><F39/><W40/><G94/><T99/><D99/><U30/><E96/><V31/><F5/><AGARI ba="1,1" hai="2,5,10,19,21,25,78,80,85,88,93,98,104,107" machi="5" ten="40,2600,0" yaku="1,1,54,1,53,0" doraHai="45" doraHaiUra="11" who="0" fromWho="2" sc="222,39,430,0,148,-29,190,0" /><INIT seed="2,0,0,1,3,106" ten="261,430,119,190" oya="2" hai0="21,20,116,76,65,5,43,73,28,22,107,120,17" hai1="133,57,126,69,37,93,115,70,49,38,85,63,84" hai2="33,51,101,78,12,50,3,121,83,74,32,91,104" hai3="67,94,97,9,99,54,58,95,109,31,66,59,79"/><V47/><F121/><W123/><G109/><T125/><D120/><U62/><E115/><V10/><F3/><W113/><G113/><T82/><D125/><U88/><E126/><V64/><F64/><W129/><G129/><T16/><D107/><U86/><E133/><V72/><F91/><N who="3" m="55519" /><G123/><T44/><D116/><U71/><E49/><V118/><F118/><W27/><G9/><T127/><D127/><U81/><E63/><V87/><F50/><N who="3" m="31063" /><G79/><T52/><D65/><U68/><E68/><V98/><F33/><W80/><G80/><T8/><D28/><U24/><E24/><V11/><F32/><W110/><G59/><T89/><D89/><U130/><E130/><V108/><F108/><W2/><G2/><T42/><D42/><U122/><E122/><V77/><F77/><W1/><G1/><N who="0" m="47" /><D52/><U36/><REACH who="1" step="1"/><E81/><REACH who="1" ten="261,420,119,190" step="2"/><V105/><F105/><W14/><G110/><T13/><D13/><U119/><E119/><V114/><F114/><W92/><G14/><T6/><D6/><U46/><E46/><V56/><F56/><W35/><G67/><AGARI ba="0,1" hai="36,37,38,57,62,67,69,70,71,84,85,86,88,93" machi="67" ten="50,3200,0" yaku="1,1,54,1,53,0" doraHai="106" doraHaiUra="45" who="1" fromWho="3" sc="261,0,420,42,119,0,190,-32" /><INIT seed="3,0,0,0,4,54" ten="261,462,119,158" oya="3" hai0="34,49,9,76,44,46,131,92,26,103,40,53,122" hai1="55,7,101,62,16,75,90,94,71,61,109,64,8" hai2="98,85,107,115,106,114,124,108,67,133,63,39,22" hai3="57,43,97,105,120,84,32,24,5,74,33,117,38"/><W91/><G120/><T83/><D122/><U128/><E109/><V68/><F108/><W35/><G74/><T18/><D131/><U13/><E128/><V112/><F39/><W82/><G117/><T72/><D34/><U81/><E101/><V15/><F133/><W79/><G5/><T123/><D123/><U21/><E81/><V30/><F124/><W80/><G105/><T69/><D69/><U20/><E75/><V119/><F119/><W2/><G2/><T50/><D103/><U73/><E73/><V56/><F68/><W118/><G118/><T37/><D92/><U14/><E61/><V1/><F1/><W116/><G116/><T42/><D26/><U10/><E55/><V121/><F121/><W58/><G38/><T48/><D37/><U126/><REACH who="1" step="1"/><E126/><REACH who="1" ten="261,452,119,158" step="2"/><V36/><F36/><W111/><G80/><T70/><D53/><U17/><E17/><V87/><F30/><W134/><G111/><T132/><D70/><U27/><E27/><V78/><F78/><W86/><G24/><T130/><D50/><U125/><E125/><V12/><F107/><W19/><G79/><T77/><D77/><U96/><AGARI ba="0,1" hai="7,8,10,13,14,16,20,21,62,64,71,90,94,96" machi="96" ten="20,8000,1" yaku="1,1,0,1,7,1,54,1,53,1" doraHai="54" doraHaiUra="89" who="1" fromWho="1" sc="261,-20,452,90,119,-20,158,-40" owari="241,4.1,542,64.2,99,-40.1,118,-28.2" /></mjloggm>