<mjloggm ver="2.3"><GO type="225" lobby="0"/><UN n0="%E3%82%A2%E3%83%A1%E3%82%A2%E3%83%A9%E3%83%AC" n1="%E6%98%BC%E4%B8%8B%E3%81%8C%E3%82%8A%E3%81%AE%E5%9B%A3%E5%9C%B0%E5%A6%BB" n2="%E3%81%A4%E3%81%A3%E3%81%B1%E3%82%8A%E3%83%9D%E3%83%BC%E3%83%AB" n3="%E3%81%95%E3%81%8D%E3%81%9F%E3%81%BE%E6%9E%97%E6%AA%8E" dan="16,16,16,16" rate="2092.93,2172.69,2101.60,2058.45" sx="M,F,M,M"/><TAIKYOKU oya="0"/><INIT seed="0,0,0,0,3,3" ten="250,250,250,250" oya="0" hai0="8,47,79,22,114,53,60,2,100,98,103,86,135" hai1="88,72,27,65,43,49,50,19,11,90,99,106,115" hai2="83,58,63,85,21,64,20,112,77,29,37,92,59" hai3="62,42,4,95,82,61,46,25,126,54,78,34,10"/><T32/><D114/><U117/><E117/><V17/><F112/><W14/><G126/><T89/><D32/><U52/><E115/><V121/><F121/><W1/><G1/><T101/><D135/><U71/><E72/><V87/><F37/><W119/><G119/><T73/><D22/><U91/><E43/><V128/><F128/><W18/><G95/><T36/><D60/><U28/><E71/><V40/><F40/><W94/><G94/><T102/><D36/><U96/><E65/><V70/><F29/><W57/><G62/><T7/><D73/><U113/><E113/><V109/><F109/><W108/><G108/><T116/><D79/><U66/><E66/><V104/><F104/><W123/><G123/><T24/><D24/><U55/><E106/><V124/><F21/><W120/><G120/><T6/><D116/><U41/><E41/><V76/><F124/><W81/><G78/><T0/><D0/><U118/><E118/><V67/><F67/><W69/><G69/><T15/><D2/><U80/><E80/><V33/><F33/><W35/><G35/><T23/><D23/><N who="1" m="13823" /><E11/><V75/><F75/><W111/><G111/><T130/><D130/><U5/><E28/><V26/><REACH who="2" step="1"/><F77/><REACH who="2" ten="250,250,240,250" step="2"/><W129/><G129/><T134/><D134/><U105/><E105/><V56/><F56/><W30/><G18/><N who="0" m="8551" /><D47/><N who="1" m="27711" /><E5/><V68/><F68/><W9/><G9/><T39/><D39/><AGARI ba="0,1" hai="4,10,14,25,30,34,39,42,46,54,57,61,81,82" machi="39" ten="30,2000,0" yaku="7,1,52,1" doraHai="3" who="3" fromWho="0" sc="250,-20,250,0,240,0,250,30" /><INIT seed="1,0,0,3,5,112" ten="230,250,240,280" oya="1" hai0="122,63,18,17,49,111,90,47,73,34,30,131,125" hai1="66,1,60,83,134,99,106,110,61,41,39,77,29" hai2="109,50,120,38,21,100,55,114,13,72,129,28,52" hai3="84,40,130,64,78,86,57,113,71,53,69,67,116"/><U93/><E134/><V92/><F38/><W62/><G78/><T5/><D111/><U87/><E110/><V14/><F120/><W25/><G25/><T8/><D122/><U65/><E1/><V94/><F72/><W101/><G101/><T85/><D73/><U70/><E29/><V46/><F109/><W135/><G86/><T126/><D131/><U6/><E6/><V118/><F118/><W95/><G95/><N who="2" m="36393" /><F129/><W26/><G84/><T7/><D63/><U54/><E106/><V31/><F114/><W104/><G104/><T10/><D30/><N who="2" m="11306" /><F100/><W11/><G113/><T82/><D34/><U105/><E105/><V24/><F55/><W51/><G130/><T45/><D85/><U127/><E54/><V0/><F0/><W96/><G53/><T117/><D49/><U35/><E39/><V102/><F102/><W9/><G51/><T107/><D107/><U2/><E2/><V98/><F98/><W23/><G71/><T79/><D79/><U12/><E99/><V58/><F46/><W27/><G96/><T16/><D47/><U48/><E41/><V20/><F24/><W103/><G69/><T108/><D45/><U22/><E70/><V15/><AGARI ba="0,0" hai="13,14,15,20,21,50,52,58" m="11306,36393" machi="15" ten="30,2000,0" yaku="8,1,54,1" doraHai="112" who="2" fromWho="2" sc="230,-5,250,-10,240,20,280,-5" /><INIT seed="2,0,0,5,5,116" ten="225,240,260,275" oya="2" hai0="25,28,65,78,133,23,82,104,109,115,20,8,122" hai1="13,66,107,35,100,2,106,7,99,113,37,6,111" hai2="110,57,93,84,102,77,103,48,56,67,130,119,124" hai3="76,86,73,41,54,17,128,60,68,91,127,16,4"/><V59/><F119/><W80/><G128/><T83/><D109/><U74/><E113/><V29/><F130/><W97/><G127/><T14/><D115/><U36/><E111/><V44/><F110/><W1/><G41/><T11/><D133/><U0/><E13/><V94/><F124/><W96/><G68/><T32/><D104/><U88/><E74/><V19/><F29/><W33/><G33/><T31/><D65/><U47/><E35/><V126/><F19/><N who="3" m="7243" /><G1/><T5/><D78/><U72/><E72/><V12/><F12/><W120/><G120/><T24/><D32/><U55/><E66/><V42/><F67/><W38/><G38/><T58/><D122/><U69/><E69/><V134/><F126/><W105/><G105/><T123/><D123/><U89/><E55/><V61/><F61/><W53/><G73/><T117/><D117/><U92/><E47/><V118/><F134/><W101/><G101/><N who="2" m="38409" /><F118/><W9/><G60/><T45/><D58/><U10/><E100/><V62/><F62/><W21/><G21/><T18/><REACH who="0" step="1"/><D45/><REACH who="0" ten="215,240,260,275" step="2"/><U43/><E107/><V112/><F112/><W114/><G114/><T40/><D40/><U34/><E43/><V27/><F77/><W87/><G76/><T30/><D30/><U85/><E106/><V46/><F46/><W39/><G53/><T49/><D49/><U15/><E34/><V90/><F27/><W26/><G26/><T71/><D71/><U75/><E37/><V63/><F63/><W52/><G54/><T132/><D132/><U121/><E121/><V81/><AGARI ba="0,1" hai="42,44,48,56,57,59,81,84,90,93,94" m="38409" machi="81" ten="30,1500,0" yaku="8,1" doraHai="116" who="2" fromWho="2" sc="215,-5,240,-5,260,25,275,-5" /><INIT seed="2,1,0,4,0,33" ten="210,235,285,270" oya="2" hai0="117,54,67,103,23,90,88,135,11,81,8,96,55" hai1="28,122,106,99,45,125,82,25,120,102,79,37,109" hai2="84,15,46,107,2,38,7,94,108,73,95,14,134" hai3="41,22,128,50,29,53,42,40,1,60,17,13,52"/><V104/><F73/><W44/><G128/><T62/><D135/><U85/><E109/><V9/><F134/><W5/><G1/><T21/><D117/><U32/><E125/><V131/><F131/><W58/><G5/><T26/><D11/><U48/><REACH who="1" step="1"/><E37/><REACH who="1" ten="210,225,285,270" step="2"/><V77/><F38/><W56/><G29/><T6/><D23/><U87/><E87/><V111/><F84/><W0/><G0/><T91/><D81/><U100/><E100/><V10/><F2/><W112/><G112/><T119/><D119/><U68/><E68/><V64/><F111/><W121/><G121/><T116/><D116/><U123/><E123/><V66/><F108/><W93/><G93/><N who="0" m="58767" /><D8/><U113/><E113/><V78/><F7/><W43/><G43/><AGARI ba="1,1" hai="25,28,32,43,45,48,79,82,85,99,102,106,120,122" machi="43" ten="40,1300,0" yaku="1,1,53,0" doraHai="33" doraHaiUra="132" who="1" fromWho="3" sc="210,0,225,26,285,0,270,-16" /><INIT seed="3,0,0,3,5,95" ten="210,251,285,254" oya="3" hai0="13,4,97,33,29,105,114,110,126,43,79,133,54" hai1="6,55,59,10,17,31,22,9,120,36,89,123,39" hai2="87,69,25,100,92,12,20,115,72,134,76,135,21" hai3="45,37,35,2,50,125,104,84,112,119,16,30,1"/><W65/><G112/><T91/><D110/><U99/><E31/><V129/><F115/><W78/><G119/><T108/><D114/><U80/><E36/><V58/><F69/><W14/><G104/><T116/><D116/><U52/><E39/><V130/><F72/><W27/><G37/><T83/><D108/><U44/><E44/><V73/><F73/><W93/><G65/><T106/><D133/><N who="2" m="50698" /><F58/><W81/><G93/><T103/><D126/><U34/><E34/><V18/><F76/><W94/><G94/><T56/><D43/><U132/><E132/><V90/><F100/><W107/><G107/><T109/><D106/><U113/><E113/><V38/><F38/><W68/><G68/><T63/><D109/><U23/><E59/><V60/><F60/><W111/><G125/><T122/><D122/><U51/><E123/><V131/><F25/><W101/><G101/><T74/><D91/><U47/><E89/><V28/><F28/><W85/><G85/><T0/><D29/><U70/><E70/><V71/><F71/><W26/><G26/><T49/><D33/><U66/><E120/><V96/><F87/><W61/><G61/><T32/><D32/><U77/><E51/><V3/><F3/><W46/><G46/><T127/><D127/><U98/><E47/><V121/><F121/><W11/><REACH who="3" step="1"/><G111/><REACH who="3" ten="210,251,285,244" step="2"/><T75/><D63/><U19/><E66/><V82/><F82/><W24/><G24/><T53/><D74/><U128/><E80/><V40/><F40/><AGARI ba="0,1" hai="1,2,11,14,16,27,30,35,40,45,50,78,81,84" machi="40" ten="30,5800,0" yaku="1,1,7,1,54,1,53,0" doraHai="95" doraHaiUra="102" who="3" fromWho="2" sc="210,0,251,0,285,-58,244,68" owari="210,-29.0,251,5.1,227,-17.3,312,41.2" /></mjloggm>