<mjloggm ver="2.3"><GO type="225" lobby="0"/><UN n0="%E3%81%B5%E3%81%98%E3%81%8B%E3%81%A4" n1="%E3%82%BC%E3%83%AB%E3%83%80%E3%81%AE%E4%BC%9D%E8%AA%AC" n2="%E8%83%83%E3%81%A8%E8%85%B8" n3="%E4%BF%BA%E3%81%A8%E5%A6%96%E5%A4%A2" dan="16,18,16,17" rate="2103.50,2185.44,2157.00,2150.69" sx="M,M,M,F"/><TAIKYOKU oya="0"/><INIT seed="0,0,0,1,4,91" ten="250,250,250,250" oya="0" hai0="98,24,65,34,130,128,13,2,121,3,30,54,33" hai1="89,0,69,79,107,109,88,81,8,15,124,85,6" hai2="100,102,38,116,94,9,62,80,4,53,67,56,40" hai3="105,60,96,92,11,76,43,31,97,127,125,51,32"/><T19/><D121/><U61/><E109/><V26/><F116/><W49/><G105/><T42/><D65/><U133/><E107/><V123/><F123/><W55/><G76/><T77/><D77/><U12/><E124/><N who="3" m="47690" /><G11/><N who="0" m="6591" /><D54/><U57/><E69/><V36/><F80/><W1/><G1/><N who="0" m="11" /><D98/><U93/><E133/><V95/><F36/><W29/><G32/><N who="0" m="20551" /><D42/><U17/><E17/><V86/><F40/><W84/><G84/><T18/><D18/><U71/><E71/><V27/><F38/><W78/><G78/><T104/><D104/><U120/><E120/><V114/><F86/><W117/><G97/><T72/><D72/><U110/><E110/><V103/><F67/><W22/><G60/><T101/><D101/><U45/><E45/><V16/><F16/><W83/><G83/><T10/><D10/><U23/><E89/><V52/><F53/><W111/><G111/><T48/><D48/><U112/><E112/><V74/><F114/><W115/><G115/><T59/><D59/><U50/><E50/><V113/><F74/><W7/><G49/><T70/><D70/><U135/><E135/><V58/><F58/><N who="3" m="33151" /><G43/><T5/><D5/><U108/><E108/><V25/><REACH who="2" step="1"/><F113/><REACH who="2" ten="250,250,240,250" step="2"/><W132/><G132/><T66/><D66/><U106/><E81/><V14/><AGARI ba="0,1" hai="4,9,14,25,26,27,52,56,62,94,95,100,102,103" machi="14" ten="30,12000,2" yaku="1,1,2,1,0,1,8,1,52,2,54,1,53,0" doraHai="91" doraHaiUra="126" who="2" fromWho="2" sc="250,-60,250,-30,240,130,250,-30" /><INIT seed="1,0,0,4,4,134" ten="190,220,370,220" oya="1" hai0="133,35,102,62,42,63,109,20,67,64,94,49,52" hai1="32,95,129,9,132,93,3,117,123,59,99,124,4" hai2="6,34,11,50,127,74,25,78,26,72,56,122,84" hai3="14,23,31,68,19,13,112,38,41,88,66,40,111"/><U116/><E123/><V110/><F127/><W113/><G111/><T47/><D133/><U76/><E132/><V46/><F110/><W107/><G107/><T58/><D35/><U24/><E129/><V1/><F122/><W90/><G31/><T130/><D130/><U70/><E70/><V61/><F84/><W2/><G2/><T17/><D109/><U22/><E124/><V106/><F106/><W51/><G38/><T69/><D94/><U79/><E32/><V91/><F91/><W125/><G125/><T7/><D7/><U115/><E115/><V48/><F78/><W54/><G13/><T128/><D128/><U98/><E59/><V114/><F114/><W55/><G113/><T97/><D97/><U96/><E95/><V108/><F108/><W0/><G0/><T80/><D80/><U82/><E93/><V85/><F85/><W36/><G112/><T43/><REACH who="0" step="1"/><D102/><REACH who="0" ten="180,220,370,220" step="2"/><U87/><REACH who="1" step="1"/><E79/><REACH who="1" ten="180,210,370,220" step="2"/><V29/><F34/><W45/><G90/><T121/><D121/><U27/><E27/><AGARI ba="0,2" hai="17,20,27,42,43,47,49,52,58,62,63,64,67,69" machi="27" ten="30,7700,0" yaku="1,1,7,1,54,1,53,1" doraHai="134" doraHaiUra="21" who="0" fromWho="1" sc="180,97,210,-77,370,0,220,0" /><INIT seed="2,0,0,0,3,18" ten="277,133,370,220" oya="2" hai0="85,86,62,36,88,42,123,56,99,124,51,104,134" hai1="29,92,48,2,128,73,5,97,98,72,22,112,135" hai2="121,94,41,79,6,114,50,10,122,67,1,20,31" hai3="127,61,30,7,115,70,52,46,82,54,27,96,4"/><V66/><F114/><W116/><G116/><T113/><D113/><U107/><E112/><V9/><F79/><W118/><G118/><T81/><D123/><U37/><E37/><V108/><F108/><W33/><G115/><T100/><D124/><U44/><E107/><V109/><F109/><W77/><G127/><T34/><D134/><U43/><E135/><V84/><F10/><W11/><G96/><T102/><D34/><U47/><E128/><V12/><F122/><W83/><G4/><T117/><D36/><U13/><E98/><V57/><F121/><W93/><G93/><T91/><D102/><U119/><E119/><V110/><F110/><W28/><G28/><T120/><D120/><U105/><E105/><V26/><F1/><W55/><G46/><T95/><D117/><U65/><E65/><V129/><F129/><W14/><REACH who="3" step="1"/><G77/><REACH who="3" ten="277,133,370,210" step="2"/><T3/><D99/><U58/><E44/><N who="2" m="25871" /><F57/><W63/><G63/><T59/><D62/><U71/><E58/><V90/><AGARI ba="0,1" hai="6,9,12,20,26,31,66,67,84,90,94" m="25871" machi="90" ten="30,3000,0" yaku="8,1,52,1" doraHai="18" who="2" fromWho="2" sc="277,-10,133,-10,370,40,210,-10" /><INIT seed="2,1,0,0,3,116" ten="267,123,410,200" oya="2" hai0="87,80,4,127,69,72,27,28,76,6,1,19,48" hai1="62,91,15,58,7,101,94,88,33,83,103,47,13" hai2="86,22,96,123,89,60,63,50,21,37,18,49,119" hai3="68,40,128,122,71,42,55,92,46,59,30,0,117"/><V29/><F37/><W113/><G0/><T12/><D127/><U108/><E108/><V65/><F119/><W131/><G117/><T54/><D69/><N who="3" m="26697" /><G30/><T120/><D120/><U75/><E33/><V118/><F123/><W98/><G122/><T77/><D72/><U16/><E75/><V74/><F74/><W82/><G82/><T106/><D106/><U129/><E129/><N who="3" m="49738" /><G113/><T10/><D1/><U93/><E47/><V2/><F2/><W61/><G46/><N who="0" m="27927" /><D77/><U73/><E73/><V9/><F118/><W102/><AGARI ba="1,0" hai="40,42,55,59,61,92,98,102" m="49738,26697" machi="102" ten="30,1100,0" yaku="19,1" doraHai="116" who="3" fromWho="3" sc="267,-4,123,-4,410,-6,200,14" /><INIT seed="3,0,0,3,4,31" ten="263,119,404,214" oya="3" hai0="55,80,117,134,110,113,15,66,27,81,85,24,87" hai1="48,32,120,91,124,89,73,63,58,37,12,39,121" hai2="18,133,82,10,102,20,125,25,112,43,79,53,93" hai3="47,41,49,76,6,107,16,95,56,71,1,135,42"/><W67/><G107/><T78/><D117/><U36/><E73/><V129/><F112/><W68/><G135/><T69/><D110/><U35/><E48/><V77/><F43/><W17/><G41/><T83/><D134/><U38/><N who="1" m="9216" /><DORA hai="33" /><U74/><E74/><V88/><F125/><W96/><G76/><T104/><D83/><U111/><E12/><V122/><F133/><W90/><G56/><T126/><D55/><U2/><E2/><V52/><F129/><W57/><G57/><T65/><D65/><U40/><E40/><V62/><F122/><N who="1" m="47209" /><E58/><V3/><F62/><W114/><G114/><T54/><D66/><U21/><E21/><V46/><F102/><W108/><G108/><T60/><D81/><U44/><E111/><V116/><F116/><W128/><G128/><T132/><D80/><U70/><E63/><V103/><F103/><W4/><G67/><T14/><D60/><U13/><E13/><V64/><F64/><W50/><G49/><T119/><D15/><U29/><E29/><V9/><F46/><W115/><G115/><T72/><D14/><U105/><E105/><V99/><F77/><W7/><G1/><T100/><D78/><U28/><E28/><V92/><F3/><W131/><G131/><T51/><D104/><U101/><E101/><V19/><F79/><W30/><G30/><T45/><D100/><U118/><E118/><V26/><F53/><W5/><N who="3" m="1024" /><DORA hai="127" /><W106/><G106/><T34/><D132/><U98/><E124/><V59/><F59/><W23/><G42/><T0/><D126/><U8/><E70/><RYUUKYOKU ba="0,0" sc="263,0,119,0,404,0,214,0" owari="263,6.3,119,-38.1,404,50.4,214,-18.6" /></mjloggm>