<mjloggm ver="2.3"><GO type="225" lobby="0"/><UN n0="%E5%86%B7%E5%87%8D%E3%82%AE%E3%83%A7%E3%83%BC%E3%82%B6" n1="%E3%81%B5%E3%81%98%E3%81%8B%E3%81%A4" n2="%E3%83%97%E3%83%AC%E3%83%B4%E3%82%A1%E3%83%86%E3%82%A3" n3="%E5%B0%8F%E9%B3%A5%E9%81%8A%E7%B7%B4%E7%84%A1%32%31%E6%AD%B3" dan="17,16,16,16" rate="2199.88,2087.64,2064.15,2163.15" sx="M,M,F,F"/><TAIKYOKU oya="0"/><INIT seed="0,0,0,2,2,73" ten="250,250,250,250" oya="0" hai0="107,133,101,32,57,65,6,51,23,95,1,109,49" hai1="66,68,22,94,99,15,121,0,8,84,119,21,62" hai2="123,67,70,14,89,135,74,88,40,59,33,53,60" hai3="50,118,115,26,71,58,45,131,7,4,110,43,91"/><T100/><D32/><U85/><E121/><V125/><F123/><W10/><G115/><T134/><D107/><U86/><E119/><V130/><F125/><W104/><G118/><T113/><D113/><U18/><REACH who="1" step="1"/><E0/><REACH who="1" ten="250,240,250,250" step="2"/><V3/><F3/><W116/><G116/><T102/><D133/><U37/><E37/><V80/><F135/><W129/><G131/><T120/><D134/><U112/><E112/><V82/><F130/><W31/><G129/><T12/><D120/><U28/><E28/><V48/><F33/><W77/><G31/><T75/><D1/><U114/><E114/><V87/><F14/><W16/><G26/><T54/><D12/><U81/><E81/><V90/><REACH who="2" step="1"/><F40/><REACH who="2" ten="250,240,240,250" step="2"/><W44/><G43/><T29/><D109/><U17/><E17/><V132/><F132/><W11/><G16/><T97/><D29/><U64/><E64/><V61/><F61/><W13/><G110/><T41/><D65/><U52/><E52/><V56/><F56/><W117/><G58/><T111/><D111/><U55/><E55/><V93/><F93/><W72/><G117/><T122/><D122/><U92/><E92/><V108/><F108/><W127/><G104/><T98/><D95/><U78/><E78/><AGARI ba="0,2" hai="48,53,59,60,67,70,74,78,80,82,87,88,89,90" machi="78" ten="40,5200,0" yaku="1,1,52,1,54,1,53,0" doraHai="73" doraHaiUra="34" who="2" fromWho="1" sc="250,0,240,-52,240,72,250,0" /><INIT seed="1,0,0,0,2,14" ten="250,188,312,250" oya="1" hai0="67,92,91,21,2,46,10,94,60,103,53,31,120" hai1="1,132,8,15,95,38,35,49,114,135,23,86,25" hai2="37,33,7,73,16,134,130,108,50,76,6,30,47" hai3="39,56,126,128,32,71,88,81,87,129,102,26,17"/><U68/><E38/><V82/><F108/><W74/><G71/><T72/><D72/><U42/><E68/><V11/><F130/><N who="3" m="50283" /><G39/><T43/><D53/><U83/><E114/><V90/><F37/><W101/><G32/><T93/><D103/><U124/><E124/><V75/><F134/><N who="1" m="51241" /><E35/><V106/><F106/><W110/><G110/><T116/><D116/><U109/><E109/><V85/><F33/><W84/><G74/><T125/><D125/><U100/><E1/><V97/><F30/><W96/><G56/><T41/><D120/><U78/><E100/><N who="3" m="38506" /><G96/><T70/><D46/><N who="1" m="25815" /><E95/><N who="2" m="56567" /><F75/><W24/><G84/><T119/><D119/><U4/><E23/><V65/><F65/><W63/><G63/><T122/><D122/><U80/><E80/><V99/><F99/><W5/><G126/><T66/><D66/><U131/><E131/><V61/><F61/><W36/><G36/><T123/><D123/><U98/><E98/><V69/><F69/><W45/><G81/><T27/><D60/><U89/><E25/><V111/><F73/><W0/><G24/><T118/><D67/><U20/><E20/><V29/><F111/><W18/><G26/><T3/><D70/><U12/><E12/><N who="2" m="7199" /><F29/><W22/><G22/><T133/><D133/><U64/><E64/><V107/><F107/><W115/><G0/><T19/><D118/><U52/><E89/><V44/><F44/><W105/><G45/><T48/><D91/><U55/><AGARI ba="0,0" hai="4,8,15,52,55,78,83,86" m="25815,51241" machi="55" ten="30,6000,0" yaku="25,1,20,1,54,1" doraHai="14" who="1" fromWho="1" sc="250,-20,188,60,312,-20,250,-20" /><INIT seed="1,1,0,1,3,42" ten="230,248,292,230" oya="1" hai0="61,14,3,77,5,119,125,111,39,4,2,17,97" hai1="38,93,84,13,70,23,104,52,96,59,110,62,94" hai2="75,105,8,18,36,16,113,100,64,45,109,57,41" hai3="134,122,129,91,98,32,112,85,132,120,47,46,121"/><U127/><E127/><V51/><F75/><W133/><G32/><T7/><D119/><U15/><E104/><V88/><F109/><W81/><G112/><T22/><D111/><U80/><E70/><V68/><F113/><W60/><G129/><T92/><D125/><U35/><E35/><V55/><F8/><W37/><G37/><T72/><D39/><U82/><E38/><V106/><F105/><W124/><G124/><T71/><D77/><U1/><E1/><V66/><F66/><W44/><G60/><T48/><D72/><U9/><E110/><V0/><F0/><W31/><G31/><T107/><D107/><U89/><E23/><V73/><F73/><W10/><G10/><T65/><REACH who="0" step="1"/><D48/><REACH who="0" ten="220,248,292,230" step="2"/><U28/><E28/><V26/><F106/><W114/><G114/><T21/><D21/><U49/><E49/><V103/><F26/><W108/><G108/><T86/><D86/><U102/><REACH who="1" step="1"/><E15/><REACH who="1" ten="220,238,292,230" step="2"/><V58/><F36/><W40/><G40/><T83/><D83/><U25/><E25/><V74/><F41/><W30/><G30/><T126/><D126/><U33/><E33/><V12/><F12/><W117/><G117/><T115/><D115/><U43/><E43/><V131/><F51/><W6/><G121/><T76/><D76/><U135/><E135/><V69/><F131/><W11/><G98/><T34/><D34/><U50/><E50/><V63/><F63/><W54/><G122/><T53/><D53/><U67/><E67/><V95/><F64/><W99/><G54/><T116/><D116/><U87/><E87/><N who="2" m="52639" /><F55/><W19/><G120/><RYUUKYOKU ba="1,2" sc="220,15,238,15,292,-15,230,-15" hai0="2,3,4,5,7,14,17,22,61,65,71,92,97" hai1="9,13,52,59,62,80,82,84,89,93,94,96,102" /><INIT seed="1,2,2,3,5,83" ten="235,253,277,215" oya="1" hai0="92,28,77,35,8,124,75,55,121,47,7,72,122" hai1="120,86,9,50,81,64,100,54,118,11,30,62,116" hai2="38,32,134,135,98,12,68,36,43,85,20,90,93" hai3="56,27,111,73,69,40,66,58,88,25,18,128,39"/><U2/><E120/><N who="0" m="46185" /><D124/><U80/><E100/><V51/><F68/><W60/><G73/><T21/><D35/><U53/><E30/><V108/><F32/><W34/><G111/><T129/><D129/><U76/><E54/><V115/><F115/><W29/><G128/><T10/><D77/><U0/><E11/><N who="0" m="4137" /><D7/><U82/><E118/><V74/><F74/><W103/><G103/><T52/><D92/><U26/><E26/><V89/><F108/><W104/><G104/><T42/><D75/><U102/><E102/><V119/><F119/><W97/><G40/><T96/><D96/><U78/><E81/><V48/><F43/><W110/><G110/><T91/><D91/><U23/><E9/><V22/><F12/><W31/><G39/><N who="0" m="21983" /><D72/><U130/><E23/><V63/><F98/><W65/><G18/><T17/><D28/><U114/><E130/><V33/><F93/><W117/><G117/><T45/><D45/><U95/><E95/><V49/><F33/><W127/><G127/><T123/><N who="0" m="46193" /><T46/><DORA hai="109" /><D46/><N who="1" m="27863" /><E114/><V57/><F38/><W87/><G97/><T94/><D94/><U16/><E116/><V4/><F36/><W71/><G31/><T113/><D113/><U1/><E16/><V106/><F106/><W70/><G25/><AGARI ba="2,2" hai="17,21,25,52,55" m="21983,4137,46193" machi="25" ten="40,2600,0" yaku="13,1,54,1" doraHai="83,109" who="0" fromWho="3" sc="235,52,253,0,277,0,215,-32" /><INIT seed="2,0,0,1,0,109" ten="287,253,277,183" oya="2" hai0="130,68,55,73,44,61,80,70,30,94,25,106,36" hai1="17,122,63,0,45,100,29,93,54,83,50,35,38" hai2="125,91,99,92,15,133,53,116,74,102,8,62,96" hai3="134,87,121,56,2,127,114,21,82,132,129,135,81"/><V124/><F74/><W49/><G2/><T71/><D106/><U57/><E0/><V84/><F116/><W51/><G121/><T72/><D130/><U75/><E122/><V42/><F42/><W111/><G111/><T107/><D107/><U10/><E38/><V47/><F133/><W4/><G4/><T103/><D36/><U1/><E35/><V14/><F99/><W7/><G7/><T85/><D94/><U131/><E29/><V60/><F15/><W18/><G127/><N who="2" m="48713" /><F47/><W19/><G129/><T6/><D103/><U31/><E75/><V5/><F53/><N who="3" m="31791" /><G51/><T128/><D6/><U66/><E1/><V40/><F40/><W20/><G20/><T59/><D44/><U58/><E45/><V26/><F26/><N who="3" m="14647" /><G19/><T98/><D128/><U3/><E31/><V11/><F11/><W37/><G37/><T16/><D16/><U115/><E3/><V67/><F67/><W34/><G34/><T69/><N who="0" m="17408" /><DORA hai="9" /><T95/><D25/><U46/><E17/><V76/><F76/><N who="3" m="46503" /><G82/><AGARI ba="0,0" hai="5,8,14,60,62,82,84,91,92,96,102" m="48713" machi="82" ten="30,2900,0" yaku="18,1,52,1" doraHai="109,9" who="2" fromWho="3" sc="287,0,253,0,277,29,183,-29" /><INIT seed="2,1,0,3,3,23" ten="287,253,306,154" oya="2" hai0="29,60,32,39,120,64,76,134,30,92,114,53,13" hai1="31,84,97,37,55,85,116,110,115,27,89,86,26" hai2="11,104,69,10,14,59,82,19,90,36,8,103,67" hai3="98,101,83,66,119,25,102,118,81,56,50,2,38"/><V33/><F36/><W41/><G2/><T63/><D114/><U61/><E115/><V117/><F117/><W108/><G38/><T106/><D106/><U28/><E116/><V126/><F126/><W122/><G108/><T43/><D120/><U91/><E110/><V49/><F33/><W121/><G41/><T57/><D134/><U75/><E75/><V35/><F35/><W20/><G121/><T9/><D76/><U0/><E0/><V74/><F69/><W70/><G70/><T40/><D39/><U5/><E5/><V73/><F104/><W135/><G135/><T48/><D92/><U88/><E37/><V123/><F103/><W12/><G12/><T107/><D107/><U100/><E61/><V44/><F123/><W111/><G111/><T16/><D63/><U77/><E55/><N who="2" m="30119" /><F73/><W80/><G122/><T79/><D79/><U129/><E77/><V18/><F74/><W99/><G119/><T87/><D87/><U54/><E54/><V58/><F67/><W128/><G128/><T22/><D32/><U45/><E45/><V24/><F59/><W124/><G124/><T1/><D1/><U4/><E4/><V62/><F58/><W7/><G7/><N who="0" m="3263" /><D60/><U127/><E127/><V51/><F51/><W17/><G118/><T113/><D64/><U94/><E129/><V112/><F62/><N who="3" m="38215" /><G50/><T72/><D72/><U125/><E125/><V68/><F68/><W71/><G71/><T132/><D132/><U65/><E65/><V130/><F130/><W3/><G3/><T21/><D113/><U46/><E46/><V34/><F112/><RYUUKYOKU ba="1,0" sc="287,-15,253,15,306,-15,154,15" hai1="26,27,28,31,84,85,86,88,89,91,94,97,100" hai3="17,20,25,80,81,83,98,99,101,102" /><INIT seed="3,2,0,1,5,71" ten="272,268,291,169" oya="3" hai0="10,38,48,23,59,13,107,24,26,22,30,6,67" hai1="46,104,72,52,19,91,73,63,68,95,84,134,25" hai2="94,66,119,116,56,96,27,114,4,76,123,16,18" hai3="41,51,99,128,106,31,8,35,28,110,1,126,121"/><W29/><G35/><T34/><D107/><U62/><E104/><V7/><F114/><W129/><G121/><T60/><D38/><U50/><E134/><V90/><F123/><W58/><G126/><T14/><D14/><U44/><E68/><V131/><F131/><N who="3" m="50251" /><G110/><T105/><D105/><U132/><E132/><V120/><F120/><W102/><G58/><T3/><D3/><U80/><E72/><V108/><F108/><W74/><G74/><T39/><D39/><U112/><E112/><V124/><F124/><W93/><G51/><T92/><D26/><U115/><E115/><V87/><F119/><W86/><G41/><T77/><D77/><U81/><E73/><V89/><F76/><W21/><G106/><T111/><D111/><U97/><E46/><V70/><F70/><W117/><G86/><T103/><D48/><U36/><E36/><V130/><F130/><W33/><G33/><T79/><D79/><N who="1" m="46111" /><E81/><N who="2" m="49391" /><F116/><W125/><G117/><T135/><D135/><U75/><E75/><V133/><F133/><W42/><G42/><T85/><D85/><U32/><E32/><V45/><F45/><W82/><G125/><T83/><D83/><U118/><E118/><V69/><F69/><W127/><G82/><T12/><D12/><U78/><E78/><V5/><F27/><N who="3" m="16495" /><G127/><T53/><D67/><U15/><E25/><V122/><F122/><W64/><G64/><T9/><D9/><AGARI ba="2,0" hai="9,15,19,44,50,52,62,63,91,95,97" m="46111" machi="9" ten="30,2000,0" yaku="8,1,54,1" doraHai="71" who="1" fromWho="0" sc="272,-26,268,26,291,0,169,0" /><INIT seed="4,0,0,0,2,48" ten="246,294,291,169" oya="0" hai0="95,57,75,76,50,19,87,15,114,71,25,133,53" hai1="23,29,11,90,41,10,72,129,58,6,116,17,73" hai2="3,68,135,43,26,101,36,70,13,91,37,31,51" hai3="9,121,93,86,126,27,34,117,47,64,14,119,32"/><T2/><D114/><U110/><E110/><V67/><F3/><W84/><G64/><T77/><D2/><U33/><E116/><V66/><F101/><W35/><G27/><T131/><D131/><U80/><E41/><V113/><F13/><W30/><G30/><T81/><D133/><U89/><E58/><V56/><F91/><W100/><G126/><T92/><D71/><N who="2" m="27178" /><F26/><W107/><G107/><T125/><D125/><U130/><E33/><V18/><F18/><W12/><G121/><T28/><D76/><N who="1" m="44039" /><E73/><V74/><F31/><W7/><G14/><T123/><D75/><U46/><E46/><N who="2" m="26079" /><F74/><W106/><G106/><T112/><D123/><U97/><E29/><V79/><F79/><W111/><G111/><T24/><D112/><U88/><E97/><V22/><F22/><W20/><G20/><N who="0" m="15367" /><D25/><N who="1" m="14575" /><E6/><V60/><F113/><W83/><G47/><T134/><D134/><U104/><E104/><V45/><F135/><W54/><G54/><T1/><D1/><U39/><E39/><N who="2" m="14923" /><F45/><W59/><G59/><T82/><D82/><U94/><E94/><V128/><F128/><AGARI ba="0,0" hai="10,11,88,89,90,128,129,130" m="14575,44039" machi="128" ten="30,2000,0" yaku="19,1,54,1" doraHai="48" who="1" fromWho="2" sc="246,0,294,20,291,-20,169,0" owari="246,-15.4,314,41.4,271,7.1,169,-33.1" /></mjloggm>