<mjloggm ver="2.3"><GO type="225" lobby="0"/><UN n0="%4B%2E%32%2E%4B%2E" n1="%72%61%6B%33" n2="%E3%82%B2%E3%82%B9%E8%8C%82%E5%8B%9D" n3="%E6%9D%B1%E9%A2%A8%E3%81%AE%E3%81%8D%E3%82%83%E3%81%B7%E3%81%95%E3%82%93" dan="16,16,16,16" rate="2159.45,2055.42,2093.53,2176.07" sx="M,M,F,M"/><TAIKYOKU oya="0"/><INIT seed="0,0,0,4,1,99" ten="250,250,250,250" oya="0" hai0="8,3,31,122,6,55,49,73,21,77,63,87,125" hai1="4,134,2,81,121,30,132,84,9,129,32,109,94" hai2="58,126,24,105,17,60,89,70,47,20,90,10,119" hai3="43,82,40,69,72,113,46,130,98,79,76,34,91"/><T59/><D122/><U38/><E121/><V66/><F126/><W127/><G69/><T112/><D112/><U11/><E38/><V62/><F119/><W106/><G34/><T19/><D125/><U36/><E36/><V120/><F120/><W116/><G127/><T16/><D73/><U29/><E94/><V27/><F105/><W123/><G123/><T108/><D108/><U100/><E100/><V54/><F47/><W7/><G130/><T135/><D135/><U48/><E48/><V124/><F124/><W41/><G7/><T93/><D31/><U12/><E129/><V101/><F101/><W118/><G113/><T44/><D21/><U97/><E97/><V61/><F10/><W107/><G46/><T53/><REACH who="0" step="1"/><D93/><REACH who="0" ten="240,250,250,250" step="2"/><U50/><E109/><V25/><F27/><W78/><G72/><T95/><D95/><U5/><E32/><V67/><REACH who="2" step="1"/><F25/><REACH who="2" ten="240,250,240,250" step="2"/><W104/><G118/><T13/><D13/><U133/><E12/><V22/><F22/><W51/><G116/><T1/><D1/><U71/><E2/><V92/><F92/><N who="3" m="56607" /><G107/><T37/><D37/><U28/><E134/><V23/><F23/><W114/><G114/><T26/><D26/><U85/><E133/><V56/><AGARI ba="0,2" hai="17,20,24,54,56,58,60,61,62,66,67,70,89,90" machi="56" ten="20,2700,0" yaku="1,1,0,1,7,1,53,0" doraHai="99" doraHaiUra="39" who="2" fromWho="2" sc="240,-13,250,-7,240,47,250,-7" /><INIT seed="1,0,0,0,5,118" ten="227,243,287,243" oya="1" hai0="18,59,134,1,75,10,97,30,56,27,35,47,90" hai1="89,120,2,73,126,5,109,16,132,130,65,66,91" hai2="11,72,15,8,43,123,92,112,54,68,37,41,96" hai3="70,31,48,20,62,105,127,106,95,135,74,80,82"/><U78/><E2/><V61/><F112/><W63/><G135/><T84/><D75/><U107/><E107/><V93/><F72/><W60/><G127/><T119/><D119/><U81/><E5/><V45/><F41/><W64/><G74/><T124/><D124/><U33/><E126/><V110/><F110/><W103/><G48/><T88/><D134/><U26/><E132/><V79/><F79/><W3/><G3/><T94/><D47/><U44/><E109/><V46/><F123/><W19/><G31/><T125/><D125/><U17/><E120/><V114/><F114/><W55/><G95/><T113/><D113/><U101/><E101/><V83/><F83/><W133/><G133/><T102/><D90/><U21/><E130/><V22/><F22/><W116/><G116/><T129/><D129/><U9/><E33/><V77/><F77/><W111/><G111/><T99/><D99/><U104/><E104/><V25/><F25/><W49/><G64/><T76/><D76/><U23/><E9/><V34/><F34/><W24/><G70/><T51/><D51/><U67/><REACH who="1" step="1"/><E44/><REACH who="1" ten="227,233,287,243" step="2"/><V7/><F8/><W40/><G106/><T14/><D1/><U52/><E52/><V85/><F46/><N who="3" m="25799" /><G105/><AGARI ba="0,1" hai="10,14,18,27,30,35,56,59,84,88,94,97,102,105" machi="105" ten="30,2000,0" yaku="7,1,54,1" doraHai="118" who="0" fromWho="3" sc="227,30,233,0,287,0,243,-20" /><INIT seed="2,0,0,0,2,88" ten="257,233,287,223" oya="2" hai0="58,133,109,95,123,77,60,134,78,10,40,15,105" hai1="45,28,116,128,3,99,114,106,135,48,14,37,65" hai2="100,107,69,75,8,125,52,132,113,130,21,111,49" hai3="11,104,26,89,39,13,55,84,96,16,64,92,124"/><V121/><RYUUKYOKU type="yao9" ba="0,0" sc="257,0,233,0,287,0,223,0" hai2="8,21,49,52,69,75,100,107,111,113,121,125,130,132" /><INIT seed="2,1,0,5,4,65" ten="257,233,287,223" oya="2" hai0="18,15,43,61,80,94,108,36,29,20,93,37,79" hai1="46,14,38,101,55,53,27,25,26,84,123,35,113" hai2="32,64,8,121,104,47,13,10,12,91,109,112,42" hai3="9,111,125,68,122,110,82,2,120,130,70,5,39"/><V127/><F112/><W7/><G39/><T16/><D108/><N who="3" m="41513" /><G130/><T71/><D29/><U117/><E113/><V76/><F109/><W60/><G125/><T100/><D43/><U132/><E117/><V24/><F127/><W128/><G128/><T51/><D51/><U114/><E35/><V75/><F104/><W54/><G82/><T69/><D93/><U11/><E132/><V92/><F121/><N who="3" m="46699" /><G5/><T62/><D18/><U99/><E114/><V58/><F76/><W135/><G135/><T96/><D61/><U103/><E38/><V90/><F75/><W134/><G134/><T44/><D62/><U72/><E72/><V107/><F107/><W40/><G40/><T63/><D63/><U0/><E0/><V81/><F81/><W3/><G3/><T126/><D126/><U115/><E115/><V30/><F64/><W49/><G60/><T102/><D102/><U67/><E67/><V73/><F73/><W34/><G34/><T17/><D17/><U56/><E103/><V95/><F32/><W118/><G118/><T105/><D105/><U119/><E119/><V85/><F30/><W89/><G89/><T33/><D33/><U116/><E116/><V83/><F83/><W86/><G86/><N who="0" m="48415" /><D36/><U66/><E101/><V131/><F131/><W98/><G98/><T50/><D37/><U6/><E99/><V59/><F42/><W87/><G87/><T106/><D106/><U4/><E84/><V41/><F41/><W45/><AGARI ba="1,0" hai="2,7,9,45,49,54,68,70" m="46699,41513" machi="45" ten="30,4000,0" yaku="14,1,52,2" doraHai="65" who="3" fromWho="3" sc="257,-11,233,-11,287,-21,223,43" /><INIT seed="3,0,0,4,3,71" ten="246,222,266,266" oya="3" hai0="86,74,82,16,30,97,56,101,95,106,124,35,121" hai1="42,125,8,131,32,111,134,60,4,47,3,81,34" hai2="22,50,9,5,43,57,99,130,120,94,93,54,113" hai3="7,119,6,133,117,13,73,65,135,0,116,52,64"/><W77/><G0/><T70/><D121/><U26/><E111/><V92/><F113/><W100/><G100/><T123/><D123/><U110/><E110/><V84/><F130/><W69/><G69/><T128/><D70/><U88/><E131/><V41/><F120/><W85/><G73/><T46/><D128/><U72/><E125/><V39/><F84/><W59/><G85/><T63/><D124/><U103/><E134/><N who="3" m="51210" /><G77/><T27/><D46/><U24/><E103/><V11/><F22/><W31/><G31/><T126/><D126/><U87/><E60/><V80/><F80/><W45/><G45/><T33/><D33/><U104/><E104/><V62/><F62/><N who="3" m="36199" /><G13/><T90/><D106/><U25/><REACH who="1" step="1"/><E72/><REACH who="1" ten="246,212,266,266" step="2"/><V10/><F99/><W1/><G1/><T55/><D74/><U98/><E98/><V105/><F105/><W12/><G6/><T76/><D76/><U89/><E89/><V122/><F122/><W75/><G75/><T51/><D101/><U58/><E58/><V66/><F5/><W118/><G118/><T20/><D97/><U132/><E132/><V96/><F96/><W115/><G115/><T83/><REACH who="0" step="1"/><D63/><REACH who="0" ten="236,212,266,266" step="2"/><U102/><E102/><V109/><F109/><W112/><G112/><T129/><D129/><U28/><E28/><V107/><F107/><W15/><G7/><T61/><D61/><U2/><E2/><V36/><F66/><W78/><G78/><T108/><D108/><U21/><E21/><V23/><F23/><W18/><G18/><T29/><D29/><U91/><E91/><V53/><F54/><W68/><G65/><RYUUKYOKU ba="0,2" sc="236,0,212,0,266,0,266,0" hai0="16,20,27,30,35,51,55,56,82,83,86,90,95" hai1="3,4,8,24,25,26,32,34,42,47,81,87,88" hai2="9,10,11,36,39,41,43,50,53,57,92,93,94" hai3="12,15,64,68,116,117,119" /><INIT seed="3,1,2,0,2,46" ten="236,212,266,266" oya="3" hai0="99,118,54,120,45,134,82,83,10,33,32,102,5" hai1="15,36,38,126,125,100,14,79,85,107,42,41,117" hai2="106,105,68,29,119,9,113,61,70,28,111,59,2" hai3="30,39,115,57,92,65,58,121,94,43,64,132,35"/><W80/><G121/><T98/><D118/><U11/><E85/><V71/><F119/><W22/><G35/><T84/><D120/><U8/><E117/><V24/><F113/><W108/><G115/><T87/><D134/><U93/><E93/><N who="3" m="35946" /><G39/><T133/><D133/><U135/><E135/><V48/><F48/><W53/><G132/><T96/><D102/><U13/><E79/><V47/><F47/><W62/><G108/><T25/><D25/><U116/><E116/><V110/><F9/><N who="1" m="3657" /><E100/><V60/><F2/><W104/><G104/><N who="2" m="40041" /><F24/><N who="3" m="16663" /><G43/><N who="1" m="16394" /><E107/><V73/><F73/><W55/><G80/><T6/><D96/><U129/><E129/><V78/><F78/><W27/><G27/><T44/><D54/><U77/><E77/><V20/><F59/><W89/><G89/><T4/><D4/><U18/><E18/><V67/><F20/><W1/><G1/><T128/><REACH who="0" step="1"/><D10/><REACH who="0" ten="226,212,266,266" step="2"/><U103/><E103/><V86/><F67/><W90/><G90/><T21/><D21/><U112/><E112/><V109/><F86/><W114/><G114/><T123/><D123/><U69/><E69/><V81/><F81/><W76/><G76/><T72/><D72/><U101/><E101/><V97/><F97/><W91/><G91/><T40/><D40/><U122/><E122/><V124/><F68/><W127/><G127/><AGARI ba="1,3" hai="13,14,15,36,38,125,126,127" m="16394,3657" machi="127" ten="40,5200,0" yaku="28,2,18,1" doraHai="46" who="1" fromWho="3" sc="226,0,212,85,266,0,266,-55" /><INIT seed="4,0,0,0,1,120" ten="226,297,266,211" oya="0" hai0="51,39,118,92,18,33,57,49,27,112,130,78,22" hai1="88,86,56,31,52,119,45,131,102,54,35,28,93" hai2="117,8,97,104,82,103,59,10,75,132,106,79,17" hai3="46,1,125,73,111,37,20,105,13,34,4,135,16"/><T9/><D118/><U91/><E119/><V109/><F132/><W83/><G135/><T23/><D39/><U38/><E131/><V26/><F106/><W62/><G105/><T48/><D130/><U5/><E35/><V3/><F117/><W25/><G125/><T134/><D134/><U72/><E72/><V11/><F59/><W77/><G62/><T0/><D33/><U29/><E5/><V44/><F44/><W128/><G128/><T124/><D124/><U19/><E102/><V21/><REACH who="2" step="1"/><F109/><REACH who="2" ten="226,297,256,211" step="2"/><W40/><G111/><T133/><D133/><U113/><E113/><V36/><F36/><W63/><G63/><T129/><D57/><U122/><E122/><V66/><F66/><W53/><G53/><T2/><D112/><U76/><E56/><V108/><F108/><W87/><G1/><AGARI ba="0,1" hai="1,3,8,10,11,17,21,26,75,79,82,97,103,104" machi="1" ten="40,2600,0" yaku="1,1,53,1" doraHai="120" doraHaiUra="15" who="2" fromWho="3" sc="226,0,297,0,256,36,211,-26" /><INIT seed="5,0,0,0,5,64" ten="226,297,292,185" oya="1" hai0="60,103,41,15,34,91,93,4,58,18,134,113,22" hai1="28,20,21,69,98,61,38,77,109,131,125,105,16" hai2="110,30,112,1,92,106,24,43,57,115,108,82,47" hai3="88,102,3,50,23,114,124,37,71,129,0,55,78"/><U83/><E38/><V128/><F106/><W101/><G37/><T59/><D34/><U63/><E125/><V104/><F104/><W48/><G78/><T119/><D119/><U33/><E33/><V126/><F126/><W32/><G32/><T123/><D113/><N who="2" m="43594" /><F1/><W100/><G124/><T52/><D134/><U130/><E109/><V116/><F128/><N who="1" m="49193" /><E69/><V76/><F92/><W56/><G114/><T45/><D123/><U31/><E98/><V66/><F116/><W127/><G127/><T10/><D103/><U27/><E105/><V44/><F57/><W11/><G129/><T17/><D22/><U107/><E107/><V73/><F66/><W95/><G71/><T8/><D8/><U40/><E40/><V96/><F96/><W67/><G67/><T89/><D59/><U53/><E53/><V111/><F43/><W74/><G74/><T6/><D6/><U39/><E39/><V81/><F82/><W13/><G23/><AGARI ba="0,0" hai="23,24,30,44,47,73,76,81,108,110,111" m="43594" machi="23" ten="40,2600,0" yaku="15,1,11,1" doraHai="64" who="2" fromWho="3" sc="226,0,297,0,292,26,185,-26" owari="226,-17.4,297,9.7,318,41.8,159,-34.1" /></mjloggm>