<mjloggm ver="2.3"><GO type="225" lobby="0"/><UN n0="%72%61%6B%33" n1="%E3%81%9F%E3%81%8C%E3%82%84%E3%81%99" n2="%33%74%72%65%65" n3="%E5%AE%AE%E4%BF%9D%E9%B6%8F%E8%82%89" dan="16,16,17,16" rate="2176.43,2106.91,2134.14,2102.09" sx="M,M,F,M"/><TAIKYOKU oya="0"/><INIT seed="0,0,0,2,4,113" ten="250,250,250,250" oya="0" hai0="120,76,70,16,85,48,15,103,30,117,46,90,2" hai1="100,87,67,74,78,45,50,32,56,128,99,38,55" hai2="127,105,110,132,12,88,23,19,47,69,62,80,53" hai3="18,6,9,3,124,66,68,98,122,58,26,121,129"/><T59/><D2/><U131/><E32/><V79/><F110/><W64/><G124/><T43/><D70/><U7/><E7/><V60/><F127/><W82/><G129/><N who="1" m="49738" /><E74/><V51/><F132/><W123/><G68/><T126/><D126/><U84/><E78/><V112/><F112/><W71/><G71/><T116/><D120/><U34/><E34/><V36/><F69/><W28/><G18/><T89/><D30/><U125/><E125/><V77/><F105/><W75/><G98/><T37/><D103/><U61/><E38/><V21/><F36/><W86/><G58/><T13/><D13/><U1/><E1/><V57/><F23/><N who="3" m="15455" /><G75/><T49/><D76/><AGARI ba="0,0" hai="3,6,9,64,66,76,82,86,121,122,123" m="15455" machi="76" ten="30,1000,0" yaku="13,1" doraHai="113" who="3" fromWho="0" sc="250,-10,250,0,250,0,250,10" /><INIT seed="1,0,0,1,0,128" ten="240,250,250,260" oya="1" hai0="114,52,27,75,46,106,72,37,133,14,69,91,32" hai1="70,131,39,5,65,4,80,90,57,22,38,11,122" hai2="24,28,82,51,26,92,7,110,20,120,126,21,103" hai3="44,121,73,55,77,102,119,54,43,118,60,116,62"/><U25/><E70/><V71/><F120/><W13/><G102/><T84/><D114/><U59/><E122/><V68/><F110/><W89/><G73/><T115/><D115/><U63/><E131/><V74/><F126/><W3/><G77/><T0/><D0/><U34/><E34/><V108/><F108/><W123/><G3/><T9/><D106/><U97/><E39/><V135/><F7/><W40/><G89/><T47/><D69/><U93/><E38/><V104/><F104/><W36/><G13/><T117/><D117/><U78/><E59/><V86/><F74/><W113/><G43/><T107/><D107/><U79/><E80/><V112/><F112/><W124/><G124/><T15/><D15/><U64/><E64/><V134/><F51/><W29/><G29/><T130/><D46/><U53/><E65/><V6/><F6/><W88/><G88/><T83/><D37/><U42/><E4/><V127/><F127/><W87/><G87/><T95/><D84/><U111/><E42/><V31/><F103/><W105/><G105/><T17/><D72/><U125/><E111/><V66/><F92/><W76/><G76/><T50/><D95/><U2/><REACH who="1" step="1"/><E125/><REACH who="1" ten="240,240,250,260" step="2"/><V96/><F66/><W98/><G113/><T129/><D130/><U101/><E101/><V45/><F71/><W18/><G121/><T35/><D129/><U61/><E61/><N who="3" m="23658" /><G123/><T10/><D83/><U132/><E132/><V85/><F135/><W94/><G54/><T99/><D52/><U48/><E48/><V33/><F82/><W12/><G55/><T56/><D133/><RYUUKYOKU ba="0,1" sc="240,-10,240,30,250,-10,260,-10" hai1="2,5,11,22,25,53,57,63,78,79,90,93,97" /><INIT seed="1,1,1,5,1,57" ten="230,270,240,250" oya="1" hai0="134,112,108,75,23,118,117,66,35,109,39,93,125" hai1="31,132,20,54,104,52,71,94,78,27,36,11,32" hai2="43,79,50,124,12,2,47,135,16,48,29,95,114" hai3="14,133,0,46,60,37,106,74,45,38,56,61,98"/><U73/><E104/><V102/><F135/><W116/><G0/><T41/><D23/><U3/><E132/><V5/><F124/><W105/><G74/><T64/><D93/><U100/><E71/><V121/><F121/><W22/><G133/><T65/><D35/><U72/><E36/><V89/><F114/><W128/><G56/><T131/><D75/><U44/><E32/><V34/><F79/><W33/><G22/><T1/><D1/><U88/><E100/><V9/><F102/><W42/><G42/><T8/><D8/><U51/><E54/><V40/><F29/><W55/><G55/><T97/><D97/><U92/><E92/><V96/><F34/><W76/><G33/><T59/><D134/><U77/><E73/><V10/><REACH who="2" step="1"/><F43/><REACH who="2" ten="230,270,230,250" step="2"/><W122/><G76/><T69/><D112/><U99/><REACH who="1" step="1"/><E72/><REACH who="1" ten="230,260,230,250" step="2"/><V81/><F81/><W91/><G122/><T80/><D80/><U85/><E85/><V110/><F110/><W7/><G116/><T30/><D118/><U113/><E113/><V15/><F15/><W115/><G115/><T111/><D117/><U68/><E68/><V63/><F63/><W87/><G61/><T101/><D69/><U126/><E126/><V13/><F13/><W120/><G60/><T83/><D125/><U26/><E26/><V107/><F107/><W6/><G14/><T127/><D111/><U130/><E130/><V129/><F129/><W90/><G128/><T119/><D109/><U4/><AGARI ba="1,3" hai="3,4,11,20,27,31,44,51,52,77,78,88,94,99" machi="4" ten="30,12000,1" yaku="1,1,0,1,54,2,53,1" doraHai="57" doraHaiUra="19" who="1" fromWho="1" sc="230,-41,260,153,230,-41,250,-41" /><INIT seed="1,2,0,5,2,46" ten="189,413,189,209" oya="1" hai0="65,14,6,126,0,20,52,50,113,44,9,98,64" hai1="26,106,135,17,36,43,88,7,100,48,13,1,41" hai2="112,97,21,96,12,47,104,123,110,131,4,63,74" hai3="117,59,38,129,23,29,76,102,56,128,55,116,32"/><U124/><E1/><V27/><F123/><W40/><G32/><T28/><D113/><U86/><E36/><V11/><F110/><W67/><G76/><T91/><D126/><U130/><E100/><V73/><F112/><W62/><G102/><T22/><D0/><U92/><E106/><V2/><F131/><N who="3" m="50251" /><G29/><T24/><D22/><U115/><E115/><V25/><F73/><W134/><G23/><T69/><D69/><U18/><E130/><V68/><F74/><W37/><G134/><T8/><D8/><N who="1" m="4255" /><E124/><V87/><F104/><W35/><G35/><T108/><D108/><U39/><E39/><N who="3" m="14858" /><G40/><T72/><D72/><U75/><E75/><V79/><F21/><W34/><G34/><T71/><D71/><U49/><E135/><V85/><F79/><W99/><G99/><T101/><REACH who="0" step="1"/><D91/><REACH who="0" ten="179,413,189,209" step="2"/><U111/><E111/><V5/><F68/><W10/><G10/><T105/><AGARI ba="2,1" hai="6,9,14,20,24,28,44,50,52,64,65,98,101,105" machi="105" ten="20,12000,2" yaku="1,1,2,1,0,1,7,1,52,1,54,1,53,0" doraHai="46" doraHaiUra="125" who="0" fromWho="0" sc="179,136,413,-62,189,-32,209,-32" /><INIT seed="2,0,0,1,0,109" ten="315,351,157,177" oya="2" hai0="25,78,121,74,5,71,84,93,63,18,114,64,59" hai1="90,116,92,1,132,89,104,2,55,48,94,102,26" hai2="41,27,113,9,76,96,128,52,46,123,129,91,108" hai3="54,11,133,107,19,21,32,3,115,57,16,111,51"/><V53/><F113/><W83/><G32/><T24/><D121/><U100/><E104/><V36/><F123/><W37/><G37/><T58/><D114/><U118/><E132/><V68/><F68/><W40/><G115/><T81/><D5/><U112/><E112/><V97/><F76/><W43/><G107/><T38/><D38/><U134/><E134/><V130/><F108/><W95/><G111/><T75/><D75/><U110/><E110/><V10/><F27/><W80/><G133/><T124/><D124/><U42/><E42/><N who="3" m="15914" /><G3/><T28/><D18/><U82/><E82/><N who="3" m="31274" /><G11/><N who="2" m="4105" /><F91/><W44/><G21/><T127/><D127/><U39/><E39/><V60/><F60/><N who="3" m="35895" /><G95/><T22/><D24/><U30/><E1/><V106/><F106/><W98/><G98/><AGARI ba="0,0" hai="36,41,46,52,53,96,97,98,128,129,130" m="4105" machi="98" ten="40,3900,0" yaku="19,1,54,1" doraHai="109" who="2" fromWho="3" sc="315,0,351,0,157,39,177,-39" /><INIT seed="2,1,0,5,3,59" ten="315,351,196,138" oya="2" hai0="45,27,69,77,53,95,134,43,132,76,124,62,103" hai1="14,128,8,30,10,65,108,88,35,87,32,85,36" hai2="9,44,99,42,37,40,51,101,56,105,112,115,15" hai3="47,109,113,97,54,126,89,125,1,71,107,64,86"/><V28/><F28/><W116/><G116/><T41/><D27/><U127/><E36/><V122/><F122/><W31/><G1/><T21/><D21/><U7/><E108/><V129/><F129/><W94/><G109/><T16/><D124/><N who="3" m="47721" /><G113/><T58/><D69/><U24/><E127/><V93/><F105/><W63/><G31/><T57/><D16/><U46/><E46/><V70/><F70/><W22/><G22/><T18/><D18/><U82/><E128/><V34/><F34/><W26/><G26/><T117/><D117/><U80/><E65/><V104/><F104/><W72/><G72/><T83/><D57/><U23/><REACH who="1" step="1"/><E10/><REACH who="1" ten="315,341,196,138" step="2"/><V73/><F112/><W110/><G110/><T75/><D45/><U135/><E135/><N who="0" m="51753" /><D77/><AGARI ba="1,1" hai="7,8,14,23,24,30,32,35,77,80,82,85,87,88" machi="77" ten="30,3900,0" yaku="1,1,7,1,54,1,53,0" doraHai="59" doraHaiUra="67" who="1" fromWho="0" sc="315,-42,341,52,196,0,138,0" /><INIT seed="3,0,0,0,5,12" ten="273,393,196,138" oya="3" hai0="21,65,102,18,105,134,7,60,51,27,40,43,6" hai1="25,2,112,57,109,15,91,29,100,130,3,64,88" hai2="92,111,30,84,20,104,87,131,72,56,117,96,94" hai3="106,48,115,22,63,99,113,53,73,5,126,41,122"/><W77/><G122/><T26/><D134/><U89/><E100/><V133/><F117/><W24/><G126/><T14/><D105/><U8/><E112/><V128/><F133/><W13/><G41/><T79/><D102/><U17/><E109/><V69/><F69/><W58/><G73/><T67/><D79/><U39/><E39/><V76/><F111/><W70/><G77/><T80/><D80/><U120/><E120/><V85/><F56/><W125/><G125/><T0/><D0/><U93/><E130/><N who="2" m="49707" /><F104/><W36/><G36/><T116/><D116/><U52/><E64/><V49/><F49/><W129/><G129/><T119/><D119/><U118/><E118/><V98/><F20/><W86/><G86/><T61/><D14/><U59/><E59/><V127/><F30/><W54/><G106/><T23/><D51/><U28/><E28/><V101/><F127/><W32/><G99/><N who="2" m="37929" /><F101/><W66/><G54/><T62/><D62/><U55/><E93/><N who="2" m="35947" /><F76/><W71/><G71/><T38/><D38/><U103/><E103/><V4/><F4/><W11/><REACH who="3" step="1"/><G32/><REACH who="3" ten="273,393,196,128" step="2"/><T83/><D40/><U1/><E55/><V135/><F135/><W46/><G46/><T33/><D43/><U9/><E52/><V81/><F72/><W90/><G90/><T107/><D107/><U97/><E97/><V34/><F34/><W75/><G75/><T10/><D33/><N who="1" m="20655" /><E57/><V50/><F81/><W108/><G108/><T78/><D83/><U47/><E47/><V45/><F87/><W95/><G95/><T37/><D78/><U114/><E114/><V42/><AGARI ba="0,1" hai="42,45,50,84,85" m="35947,37929,49707" machi="42" ten="30,2000,0" yaku="5,1,19,1" doraHai="12" who="2" fromWho="2" sc="273,-5,393,-5,196,30,128,-10" owari="268,6.8,388,48.8,226,-17.4,118,-38.2" /></mjloggm>