<mjloggm ver="2.3"><GO type="225" lobby="0"/><UN n0="%E3%81%9F%E3%81%A3%E3%81%A1%E3%82%87" n1="%E3%81%A1%E3%82%85%E3%81%86%E3%81%A9%E3%81%8F%E8%B1%A1%E3%81%95%E3%82%93" n2="%6D%75%75%6D%75%72%61" n3="%E9%80%9F%E6%B0%B4%E5%87%9B%E9%A6%99" dan="16,17,17,16" rate="2091.35,2185.18,2194.90,2092.98" sx="M,M,F,F"/><TAIKYOKU oya="0"/><INIT seed="0,0,0,4,3,134" ten="250,250,250,250" oya="0" hai0="2,58,87,60,129,7,63,48,81,75,107,14,127" hai1="26,3,32,57,39,4,37,51,104,132,65,8,22" hai2="103,124,34,90,116,64,17,31,102,46,96,13,45" hai3="11,91,125,49,18,86,95,20,83,6,43,35,23"/><T52/><D107/><U36/><E104/><V15/><F116/><W71/><G35/><T30/><D129/><U27/><E132/><V41/><F124/><W47/><G71/><T117/><D117/><U5/><E5/><V55/><F64/><W119/><G119/><T88/><D2/><U94/><E32/><V118/><F118/><W89/><G125/><T130/><D127/><U28/><E26/><V59/><F34/><W0/><REACH who="3" step="1"/><G18/><REACH who="3" ten="250,250,250,240" step="2"/><T68/><D130/><U16/><E28/><V111/><F31/><W131/><G131/><T21/><D68/><U24/><E94/><V38/><F17/><W70/><G70/><T100/><D30/><U115/><E115/><V44/><F111/><W66/><G66/><T105/><D75/><U112/><E112/><V92/><F92/><W128/><G128/><T97/><REACH who="0" step="1"/><D21/><REACH who="0" ten="240,250,250,240" step="2"/><U54/><REACH who="1" step="1"/><E65/><REACH who="1" ten="240,240,250,240" step="2"/><V62/><F38/><W99/><AGARI ba="0,3" hai="0,6,11,20,23,43,47,49,83,86,89,91,95,99" machi="99" ten="20,2700,0" yaku="1,1,0,1,7,1,53,0" doraHai="134" doraHaiUra="72" who="3" fromWho="3" sc="240,-13,240,-7,250,-7,240,57" /><INIT seed="1,0,0,5,2,130" ten="227,233,243,297" oya="1" hai0="98,75,48,39,135,3,60,20,9,97,134,87,88" hai1="36,4,45,94,106,65,86,83,110,114,105,34,14" hai2="102,1,19,24,62,30,129,120,2,25,44,18,57" hai3="10,69,22,58,12,77,27,6,21,38,51,40,124"/><U76/><E114/><V47/><F120/><W118/><G69/><T33/><D39/><U108/><E34/><V73/><F129/><W32/><G32/><T17/><D75/><U67/><E94/><V100/><F73/><W111/><G38/><T122/><D33/><U7/><E36/><V8/><F8/><W43/><G111/><N who="1" m="42538" /><E45/><V35/><F35/><W92/><G124/><T99/><D122/><U55/><E55/><V101/><F57/><W63/><G118/><T109/><D109/><U23/><E23/><V91/><F91/><W37/><G22/><T72/><D72/><U116/><E116/><V93/><F62/><W50/><G37/><T29/><D60/><U112/><E112/><V78/><F93/><W49/><G92/><N who="0" m="54303" /><D48/><U81/><E81/><V132/><F100/><W71/><G50/><T16/><D9/><N who="1" m="4391" /><E7/><V103/><F103/><W85/><G51/><T15/><D3/><U70/><E70/><V74/><F74/><W96/><G49/><T61/><D61/><U82/><E82/><V64/><F1/><W46/><G46/><T79/><D79/><U89/><E76/><V13/><F2/><W90/><G77/><T53/><D53/><U131/><E131/><V125/><F78/><W104/><G71/><T31/><D17/><U42/><E42/><V28/><F47/><W115/><G43/><T26/><D29/><U0/><E0/><V128/><F128/><W121/><G40/><T123/><D123/><U95/><E95/><V66/><F44/><W113/><G121/><T56/><D56/><U41/><E41/><V127/><F13/><RYUUKYOKU ba="0,0" sc="227,10,233,10,243,10,297,-30" hai0="15,16,20,26,31,97,98,99,134,135" hai1="65,67,83,86,89,105,106" hai2="18,19,24,25,28,30,64,66,101,102,125,127,132" /><INIT seed="1,1,0,2,4,2" ten="237,243,253,267" oya="1" hai0="28,93,135,54,45,94,134,98,26,4,67,23,90" hai1="130,129,104,30,60,39,126,32,115,68,52,86,120" hai2="123,108,3,117,85,107,27,49,113,56,69,80,41" hai3="50,15,43,84,20,131,58,5,48,12,116,40,0"/><U102/><E120/><V59/><F69/><W10/><G131/><N who="1" m="50186" /><E115/><V75/><F117/><W71/><G71/><T95/><D67/><N who="1" m="41063" /><E39/><V19/><F123/><W16/><G116/><T9/><D54/><U132/><E132/><N who="0" m="50729" /><D45/><U7/><E126/><V1/><F108/><W73/><G73/><T31/><D31/><U105/><E86/><V78/><F113/><W34/><G34/><T96/><D90/><U62/><E102/><V133/><F133/><W25/><G84/><T64/><D64/><U55/><E7/><V82/><F59/><W17/><G0/><AGARI ba="1,0" hai="0,4,9,23,26,28,93,94,95,96,98" m="50729" machi="0" ten="30,2000,0" yaku="20,1,52,1" doraHai="2" who="0" fromWho="3" sc="237,23,243,0,253,0,267,-23" /><INIT seed="2,0,0,4,4,116" ten="260,243,253,244" oya="2" hai0="6,3,133,67,28,132,37,51,32,4,112,86,23" hai1="127,90,76,119,29,107,72,75,69,108,5,124,134" hai2="16,53,61,12,20,65,93,68,2,43,62,118,101" hai3="1,135,114,24,27,52,79,84,73,94,82,85,113"/><V131/><F118/><W121/><G1/><T36/><D112/><N who="3" m="43113" /><G135/><N who="0" m="51787" /><D32/><U87/><E134/><V126/><F2/><W111/><G111/><T59/><D86/><N who="3" m="33385" /><G94/><T122/><D122/><U11/><E119/><V46/><F126/><N who="1" m="48169" /><E69/><V81/><F131/><W74/><G74/><N who="1" m="28202" /><E76/><V105/><F81/><W128/><G128/><T31/><D3/><N who="1" m="447" /><E29/><V22/><F93/><W48/><G121/><T19/><D28/><U123/><E107/><V39/><F22/><W110/><G110/><T100/><D31/><U58/><E58/><AGARI ba="0,0" hai="24,27,48,52,58,73,79,82" m="33385,43113" machi="58" ten="30,2000,0" yaku="11,1,54,1" doraHai="116" who="3" fromWho="1" sc="260,0,243,-20,253,0,244,20" /><INIT seed="3,0,0,3,2,112" ten="260,223,253,264" oya="3" hai0="91,129,48,55,123,92,13,19,5,83,15,106,68" hai1="66,32,133,4,63,130,121,57,82,30,117,17,95" hai2="33,81,108,70,31,120,105,45,125,96,126,88,59" hai3="71,86,18,104,135,76,1,74,58,73,16,128,53"/><W62/><G1/><T97/><D123/><U122/><E133/><V20/><F70/><W37/><G104/><T12/><D68/><U113/><E113/><V27/><F120/><W85/><G135/><T99/><D129/><U6/><E130/><V0/><F108/><W39/><G71/><T42/><D42/><U64/><E17/><V102/><F0/><W111/><G128/><T100/><D83/><U114/><E114/><V43/><F59/><W72/><G111/><T110/><D110/><U87/><E95/><V24/><F81/><W75/><G75/><T116/><D116/><U52/><E117/><V119/><F119/><W51/><G51/><T54/><D54/><U9/><E4/><V7/><F7/><W94/><G76/><T80/><D80/><U14/><E122/><V35/><F88/><W25/><G94/><T101/><D91/><U11/><E121/><V103/><F103/><W127/><G127/><N who="2" m="48649" /><F27/><W23/><REACH who="3" step="1"/><G18/><REACH who="3" ten="260,223,253,254" step="2"/><T131/><D131/><U69/><E69/><V109/><F109/><W124/><G124/><T36/><D19/><U41/><E41/><V38/><AGARI ba="0,1" hai="20,24,31,33,35,38,43,45,96,102,105" m="48649" machi="38" ten="30,1100,0" yaku="18,1" doraHai="112" who="2" fromWho="2" sc="260,-3,223,-3,253,21,254,-5" /><INIT seed="4,0,0,4,4,127" ten="257,220,274,249" oya="0" hai0="3,74,35,0,104,96,64,43,99,39,103,76,98" hai1="8,128,11,46,38,110,72,122,52,48,75,78,21" hai2="31,15,83,61,123,113,71,89,91,102,117,19,132" hai3="5,54,134,37,129,101,112,125,25,34,12,1,57"/><T133/><D133/><U26/><E110/><V118/><F123/><W62/><G37/><T58/><D96/><U20/><E122/><V56/><F132/><W60/><G112/><T68/><D58/><U49/><E38/><V55/><F113/><W121/><G134/><T14/><D14/><U114/><E114/><V106/><F71/><W108/><G108/><T85/><D85/><U88/><E128/><V18/><F31/><W84/><G1/><T36/><D98/><U119/><E119/><V23/><F106/><W81/><G125/><T80/><D35/><U70/><E70/><V59/><F102/><W94/><G34/><T30/><D30/><U135/><E135/><V44/><F44/><W77/><G25/><T82/><D82/><U92/><E75/><V2/><F2/><N who="0" m="554" /><D43/><N who="1" m="24671" /><E78/><V24/><F59/><W28/><G129/><T63/><AGARI ba="0,0" hai="36,39,63,64,68,74,76,80,99,103,104" m="554" machi="63" ten="30,3000,0" yaku="33,2" doraHai="127" who="0" fromWho="0" sc="257,30,220,-10,274,-10,249,-10" /><INIT seed="4,1,0,0,2,19" ten="287,210,264,239" oya="0" hai0="120,0,78,75,124,2,76,97,20,115,69,25,90" hai1="68,92,35,8,21,27,85,53,15,87,125,65,96" hai2="38,134,47,42,66,51,132,52,126,82,130,60,83" hai3="41,112,56,1,9,30,55,79,50,106,24,77,22"/><T114/><D120/><U103/><E125/><V40/><F83/><W118/><G106/><T18/><D124/><U74/><E74/><V48/><F82/><W64/><G118/><T5/><D69/><U110/><E110/><V39/><F126/><W99/><G112/><N who="0" m="43051" /><D75/><U105/><E35/><V57/><F130/><W84/><G99/><T58/><D58/><U23/><E68/><N who="2" m="42055" /><F42/><W33/><G33/><T129/><D129/><U17/><E65/><V117/><F117/><W67/><G41/><T119/><D119/><U93/><E105/><V98/><F98/><W44/><G56/><T81/><D5/><N who="1" m="3471" /><E93/><V91/><F91/><W26/><G67/><T108/><D108/><U131/><E131/><V121/><F121/><W88/><G64/><T111/><D111/><U34/><E34/><V107/><F107/><W72/><G72/><N who="0" m="43143" /><D78/><U86/><E53/><V135/><AGARI ba="1,0" hai="38,39,40,47,48,51,52,57,132,134,135" m="42055" machi="135" ten="30,7900,0" yaku="20,1,34,2,54,1" doraHai="19" who="2" fromWho="2" sc="287,-40,210,-21,264,82,239,-21" owari="247,4.7,189,-31.1,346,44.6,218,-18.2" /></mjloggm>