<mjloggm ver="2.3"><GO type="225" lobby="0"/><UN n0="%43%68%65" n1="%E3%81%86%E3%83%BC%E3%81%B1%E3%83%BC" n2="%E3%82%A2%E3%82%A4%E3%82%B9%E3%83%86%E3%82%A3%E3%83%BC%E3%81%82%E3%81%B9" n3="%E7%AC%B9%E9%A4%85" dan="16,17,16,16" rate="2181.88,2149.27,2106.61,2192.97" sx="M,M,M,M"/><TAIKYOKU oya="0"/><INIT seed="0,0,0,3,0,29" ten="250,250,250,250" oya="0" hai0="13,44,89,76,50,1,14,63,52,81,64,18,10" hai1="32,129,70,128,26,38,111,102,80,85,15,31,37" hai2="119,27,67,4,105,133,47,131,41,45,9,78,73" hai3="0,115,82,24,74,69,65,6,51,55,75,71,7"/><T58/><D1/><U100/><E70/><V117/><F105/><W121/><G115/><T5/><D89/><N who="1" m="51367" /><E15/><V66/><F133/><W88/><G121/><T94/><D94/><U30/><E31/><V21/><F131/><N who="1" m="50249" /><E111/><V134/><F134/><W59/><G24/><T2/><REACH who="0" step="1"/><D18/><REACH who="0" ten="240,250,250,250" step="2"/><U49/><E49/><V99/><F4/><W79/><G0/><T36/><D36/><AGARI ba="0,1" hai="26,30,32,36,37,38,100,102" m="50249,51367" machi="36" ten="30,2000,0" yaku="19,1,52,1" doraHai="29" who="1" fromWho="0" sc="240,-20,250,30,250,0,250,0" /><INIT seed="1,0,0,4,0,19" ten="220,280,250,250" oya="1" hai0="111,25,51,57,1,97,45,116,91,118,4,96,75" hai1="20,92,80,73,126,79,54,90,87,132,58,83,109" hai2="113,47,64,66,135,8,46,15,33,3,31,84,18" hai3="40,127,9,70,108,35,63,94,100,82,2,7,13"/><U129/><E132/><V5/><F135/><W121/><G121/><T16/><D111/><U114/><E114/><V10/><F113/><W72/><G35/><T34/><D75/><U102/><E129/><V0/><F0/><W24/><G24/><T36/><D36/><U30/><E126/><V44/><F84/><W98/><G108/><T39/><D39/><U76/><E109/><V48/><F48/><W56/><G127/><T43/><D57/><U23/><E102/><V69/><F69/><W101/><G70/><T115/><D115/><U38/><E30/><V52/><F52/><W99/><G40/><T85/><D118/><U131/><E131/><V110/><F110/><W93/><G72/><T107/><D107/><U28/><E28/><V68/><REACH who="2" step="1"/><F68/><REACH who="2" ten="220,280,240,250" step="2"/><W26/><G82/><N who="1" m="31274" /><E73/><V55/><F55/><W67/><G26/><AGARI ba="0,1" hai="3,5,8,10,15,18,26,31,33,44,46,47,64,66" machi="26" ten="40,1300,0" yaku="1,1,53,0" doraHai="19" doraHaiUra="124" who="2" fromWho="3" sc="220,0,280,0,240,23,250,-13" /><INIT seed="2,0,0,0,4,90" ten="220,280,263,237" oya="2" hai0="116,57,74,36,68,31,113,59,119,26,107,39,56" hai1="62,66,11,86,38,33,21,63,37,49,42,12,75" hai2="83,20,48,23,61,8,128,51,70,25,135,124,121" hai3="133,101,73,9,53,87,32,34,106,110,30,111,91"/><V109/><F121/><W82/><G73/><T5/><D113/><U92/><E33/><V105/><F105/><W14/><G133/><T93/><D107/><U60/><E75/><V47/><F135/><W67/><G67/><T134/><D134/><U35/><E35/><V76/><F124/><W89/><G89/><T0/><D74/><U55/><E66/><V112/><F112/><W95/><G106/><T123/><D68/><U94/><E42/><V114/><F114/><W16/><G53/><T125/><D123/><U126/><E126/><V129/><F8/><W29/><G34/><T108/><D125/><U80/><E21/><V100/><F100/><W43/><G43/><T64/><D64/><U102/><E38/><V117/><F61/><W27/><REACH who="3" step="1"/><G30/><REACH who="3" ten="220,280,263,227" step="2"/><T79/><D79/><N who="1" m="46367" /><E102/><V22/><F25/><W28/><G28/><T127/><D127/><U84/><E84/><N who="2" m="48231" /><F70/><W103/><G103/><T88/><D26/><U4/><E37/><V46/><F117/><N who="0" m="45130" /><D31/><U40/><E40/><V41/><F41/><W130/><G130/><N who="2" m="50281" /><F109/><W54/><G54/><T132/><D108/><U97/><E97/><AGARI ba="0,1" hai="9,14,16,27,29,32,82,87,91,95,97,101,110,111" machi="97" ten="40,5200,0" yaku="1,1,52,1,54,1,53,0" doraHai="90" doraHaiUra="72" who="3" fromWho="1" sc="220,0,280,-52,263,0,227,62" /><INIT seed="3,0,0,5,0,83" ten="220,228,263,289" oya="3" hai0="96,84,63,47,80,43,53,102,59,38,16,103,23" hai1="26,67,116,128,77,66,127,81,94,62,60,4,8" hai2="106,111,36,91,17,35,28,19,39,51,97,72,107" hai3="42,65,115,57,123,27,46,37,25,12,70,5,7"/><W76/><G115/><T122/><D122/><U22/><E128/><V131/><F72/><W126/><G123/><T44/><D44/><U101/><E127/><V129/><F111/><W52/><G126/><T134/><D134/><U118/><E94/><V54/><F28/><W48/><G76/><T75/><D75/><U99/><E99/><V104/><F35/><W82/><G82/><T15/><REACH who="0" step="1"/><D96/><REACH who="0" ten="210,228,263,289" step="2"/><U58/><E118/><V34/><F131/><W24/><G46/><T92/><D92/><U108/><E116/><V89/><F97/><W132/><G132/><T18/><D18/><U14/><E108/><V86/><F19/><W3/><G5/><T113/><D113/><U69/><E101/><V105/><F17/><W79/><G7/><T55/><D55/><U112/><E112/><V74/><F74/><W0/><G52/><T33/><D33/><U64/><E66/><V130/><F34/><W87/><G65/><T100/><D100/><U90/><E69/><V1/><F106/><W20/><G70/><T40/><D40/><U6/><E67/><V49/><F107/><W88/><G42/><T109/><D109/><U121/><E4/><V32/><F32/><W61/><G57/><T95/><D95/><U117/><E121/><V9/><F54/><W85/><G37/><T11/><D11/><U30/><E117/><V110/><F110/><W56/><G56/><T114/><D114/><U45/><E45/><V41/><F41/><W133/><G133/><T73/><D73/><N who="1" m="43183" /><E62/><V10/><F130/><W124/><G61/><T13/><D13/><U50/><E50/><RYUUKYOKU ba="0,1" sc="210,15,228,15,263,-15,289,-15" hai0="15,16,23,38,43,47,53,59,63,80,84,102,103" hai1="6,8,14,22,26,30,58,60,64,90" /><INIT seed="4,1,1,4,0,3" ten="225,243,248,274" oya="0" hai0="97,103,56,123,1,132,73,135,118,34,5,110,122" hai1="42,94,102,15,78,12,115,88,61,43,49,59,87" hai2="105,104,26,40,0,36,79,128,55,117,95,68,89" hai3="6,65,120,37,131,16,125,9,134,106,81,74,83"/><T28/><D73/><U30/><E115/><V46/><F68/><W19/><G106/><N who="0" m="63855" /><D56/><U58/><E30/><V4/><F117/><W8/><G125/><T126/><D118/><U22/><E102/><V72/><F128/><W99/><G131/><T60/><D60/><U50/><E78/><V31/><F55/><W116/><G116/><T101/><D101/><U13/><E22/><V75/><F72/><W91/><G134/><N who="0" m="51243" /><D126/><U112/><E112/><V119/><F119/><W33/><G120/><N who="0" m="46123" /><D110/><U86/><E59/><V127/><F127/><W47/><G74/><T64/><D64/><U100/><E100/><V96/><F75/><W53/><G65/><T124/><D124/><U70/><E70/><V129/><F129/><W29/><G47/><T24/><D1/><U133/><E133/><V130/><F130/><W7/><G37/><T111/><D111/><U54/><E61/><V21/><REACH who="2" step="1"/><F79/><REACH who="2" ten="225,243,238,274" step="2"/><W93/><G53/><T62/><D62/><U52/><E54/><V17/><F17/><W63/><G63/><T77/><D77/><U35/><E52/><V85/><F85/><W39/><G19/><T38/><D38/><U67/><E86/><V10/><AGARI ba="1,2" hai="0,4,10,21,26,31,36,40,46,89,95,96,104,105" machi="10" ten="30,4000,0" yaku="1,1,0,1,52,1,53,0" doraHai="3" doraHaiUra="14" who="2" fromWho="2" sc="225,-21,243,-11,238,63,274,-11" owari="204,-29.6,232,-16.8,301,40.1,263,6.3" /></mjloggm>