<mjloggm ver="2.3"><GO type="225" lobby="0"/><UN n0="%E3%81%86%E3%81%86%E3%82%84%61%62" n1="%E9%B3%B3%E6%9D%B1%E3%81%AE%E3%81%86%E3%81%95%E3%81%8E%E3%81%95%E3%82%93" n2="%E3%81%8C%E3%81%9F" n3="%E3%81%A1%E3%82%85%E3%81%86%E3%81%A9%E3%81%8F%E8%B1%A1%E3%81%95%E3%82%93" dan="16,16,16,16" rate="2052.87,2097.48,2134.19,2156.31" sx="M,M,F,M"/><TAIKYOKU oya="0"/><INIT seed="0,0,0,5,2,77" ten="250,250,250,250" oya="0" hai0="53,132,79,105,8,35,31,134,59,78,80,44,47" hai1="120,50,114,61,0,119,94,9,129,103,65,95,46" hai2="56,83,68,127,81,125,71,13,27,99,88,5,69" hai3="124,131,108,76,49,24,26,96,30,40,14,38,43"/><T45/><D105/><U63/><E119/><V4/><F56/><W89/><G108/><T7/><D31/><U90/><E120/><V55/><F55/><W75/><G38/><T64/><D35/><U16/><E129/><V58/><F58/><W21/><G131/><T1/><D64/><U117/><E117/><V32/><F13/><W29/><G124/><N who="2" m="47689" /><F27/><W100/><G89/><T104/><D104/><U93/><E114/><V66/><F66/><W22/><G14/><T48/><REACH who="0" step="1"/><D78/><REACH who="0" ten="240,250,250,250" step="2"/><U10/><E65/><V135/><F32/><W2/><G76/><T57/><D57/><U33/><E33/><V87/><F135/><W118/><G118/><T126/><D126/><U102/><E102/><V116/><F116/><W82/><G100/><T39/><D39/><U73/><E103/><V6/><F99/><W51/><G96/><T85/><AGARI ba="0,1" hai="1,7,8,44,45,47,48,53,59,79,80,85,132,134" machi="85" ten="30,6000,0" yaku="1,1,0,1,52,1,53,0" doraHai="77" doraHaiUra="17" who="0" fromWho="0" sc="240,70,250,-20,250,-20,250,-20" /><INIT seed="0,1,0,4,3,15" ten="310,230,230,230" oya="0" hai0="77,90,21,116,29,95,129,97,86,83,35,79,50" hai1="51,66,117,72,67,107,24,6,61,26,125,60,30" hai2="8,52,73,19,44,43,70,32,88,96,37,119,91" hai3="3,126,16,80,31,111,89,36,115,94,75,84,1"/><T76/><D116/><U113/><E117/><V82/><F32/><W93/><G115/><T132/><D35/><U47/><E113/><V12/><F119/><W17/><G36/><T104/><D132/><U56/><E125/><V131/><F70/><W4/><G126/><T121/><D121/><U118/><E118/><V114/><F114/><W108/><G31/><T28/><D104/><U105/><E72/><V106/><F131/><W85/><G75/><T112/><D129/><U128/><E128/><V57/><F106/><W78/><G94/><T59/><D112/><U133/><E133/><V101/><F101/><W68/><G68/><T130/><D130/><U38/><E38/><V25/><F96/><W20/><G20/><T53/><REACH who="0" step="1"/><D21/><REACH who="0" ten="300,230,230,230" step="2"/><U45/><E107/><V42/><F42/><W63/><G1/><T110/><D110/><N who="3" m="42025" /><G63/><T87/><D87/><U102/><E61/><V27/><F73/><W13/><G3/><T34/><D34/><U74/><E60/><V109/><F109/><W7/><G13/><T10/><D10/><U58/><E74/><V69/><F25/><W135/><G135/><T98/><D98/><U39/><E105/><V120/><F27/><W134/><G134/><T65/><D65/><U49/><E30/><AGARI ba="1,1" hai="28,29,30,50,53,59,76,77,79,83,86,90,95,97" machi="30" ten="40,3900,0" yaku="1,1,8,1,53,0" doraHai="15" doraHaiUra="40" who="0" fromWho="1" sc="300,52,230,-42,230,0,230,0" /><INIT seed="0,2,0,4,1,91" ten="352,188,230,230" oya="0" hai0="73,42,34,126,94,82,14,128,75,35,68,110,67" hai1="108,112,19,101,133,135,132,54,64,47,29,88,124" hai2="95,4,24,89,49,1,90,70,113,111,20,18,60" hai3="104,103,58,37,65,117,80,96,100,120,116,30,39"/><T53/><D42/><U8/><E124/><V93/><F113/><W16/><G120/><T86/><D126/><U50/><E108/><V134/><F111/><W102/><G30/><T125/><D125/><U12/><E112/><V33/><F134/><W119/><G80/><T130/><D110/><U114/><E114/><V77/><F77/><W40/><G16/><T9/><D53/><U71/><E101/><V87/><F49/><W46/><REACH who="3" step="1"/><G37/><REACH who="3" ten="352,188,230,220" step="2"/><T15/><D82/><U10/><E29/><V85/><F33/><W22/><G22/><T123/><D34/><U79/><E79/><V28/><F28/><W57/><G57/><T106/><D35/><U121/><E121/><V74/><F74/><W55/><G55/><T44/><D75/><U26/><E26/><V52/><F70/><W41/><G41/><T81/><D73/><U2/><E71/><V43/><F43/><W115/><G115/><T61/><D81/><U109/><E109/><V118/><F118/><W62/><AGARI ba="2,1" hai="39,40,46,58,62,65,96,100,102,103,104,116,117,119" machi="62" ten="40,2700,0" yaku="1,1,0,1,53,0" doraHai="91" doraHaiUra="66" who="3" fromWho="3" sc="352,-15,188,-9,230,-9,220,43" /><INIT seed="1,0,0,1,4,133" ten="337,179,221,263" oya="1" hai0="120,125,113,68,122,54,44,114,108,100,2,9,131" hai1="36,13,96,63,23,48,39,62,56,71,26,3,78" hai2="128,70,88,69,11,90,52,84,20,17,97,31,132" hai3="80,115,50,129,101,86,33,25,40,112,98,105,29"/><U57/><E3/><V15/><F132/><W91/><REACH who="3" step="1"/><G129/><REACH who="3" ten="337,179,221,253" step="2"/><T32/><D131/><U55/><E36/><V95/><F128/><W61/><G61/><T107/><D120/><U82/><E39/><V72/><F72/><W99/><G99/><T76/><D122/><U81/><E96/><V74/><F74/><W49/><G49/><T45/><D113/><U135/><E135/><V8/><F70/><W6/><G6/><T51/><D68/><U116/><E71/><V7/><F69/><W77/><G77/><T60/><D76/><U10/><E78/><V126/><F7/><W43/><G43/><T127/><D60/><U106/><E63/><V24/><F97/><W123/><G123/><T79/><D114/><U28/><E116/><V41/><F41/><W1/><G1/><T38/><D79/><U75/><E75/><V117/><F117/><W102/><G102/><T66/><D2/><U130/><E130/><V22/><F90/><W21/><G21/><T46/><D38/><U65/><REACH who="1" step="1"/><E106/><REACH who="1" ten="337,169,221,253" step="2"/><V18/><F126/><W124/><G124/><T53/><D107/><U27/><E27/><V92/><F24/><W19/><G19/><AGARI ba="0,2" hai="10,13,19,23,26,28,48,55,56,57,62,65,81,82" machi="19" ten="30,5800,0" yaku="1,1,7,1,8,1,53,0" doraHai="133" doraHaiUra="121" who="1" fromWho="3" sc="337,0,169,78,221,0,253,-58" /><INIT seed="1,1,0,5,4,13" ten="337,247,221,195" oya="1" hai0="92,51,23,69,55,120,72,110,118,68,31,112,42" hai1="15,75,102,100,54,115,83,113,86,70,91,73,129" hai2="45,74,80,130,127,43,131,97,104,8,53,89,96" hai3="4,11,21,64,61,126,24,27,56,22,18,28,57"/><U114/><E70/><V9/><F127/><W90/><G126/><T101/><D72/><N who="1" m="27723" /><E54/><V58/><F74/><W116/><G116/><T78/><D78/><N who="1" m="46455" /><E15/><V25/><F25/><W50/><G90/><T16/><D42/><U117/><E117/><V76/><F76/><W2/><REACH who="3" step="1"/><G50/><REACH who="3" ten="337,247,221,185" step="2"/><T6/><D118/><U84/><E129/><V59/><F89/><W128/><G128/><T109/><D51/><U87/><E87/><V82/><F130/><W29/><G29/><T10/><D31/><U33/><E33/><V1/><F131/><W94/><G94/><AGARI ba="1,1" hai="84,91,94,100,102,113,114,115" m="46455,27723" machi="94" ten="40,3900,0" yaku="34,2" doraHai="13" who="1" fromWho="3" sc="337,0,247,52,221,0,185,-42" /><INIT seed="1,2,0,0,0,45" ten="337,299,221,143" oya="1" hai0="87,125,94,54,10,113,78,69,110,82,122,46,62" hai1="117,30,101,12,34,70,58,4,89,100,3,39,61" hai2="66,44,108,17,36,64,97,28,79,68,77,131,124" hai3="51,102,83,7,92,41,40,71,29,25,72,119,19"/><U103/><E117/><V35/><F108/><W11/><G71/><T43/><D113/><U38/><E3/><V59/><F68/><W121/><G121/><T90/><D110/><U55/><E70/><V24/><F131/><W95/><G119/><T126/><D122/><U56/><E89/><V23/><F124/><W27/><G19/><T135/><D135/><U8/><REACH who="1" step="1"/><E56/><REACH who="1" ten="337,289,221,143" step="2"/><V20/><F59/><W84/><G102/><T0/><D69/><U127/><E127/><V106/><F77/><W133/><G133/><T14/><D0/><U6/><E6/><V116/><F79/><W130/><G130/><T22/><D126/><U86/><E86/><V80/><F116/><W112/><G112/><T33/><D125/><U98/><E98/><V104/><F97/><W60/><G72/><T48/><D33/><U88/><E88/><V5/><F5/><W109/><G109/><T50/><D78/><U73/><E73/><V74/><F74/><W111/><G111/><T31/><D82/><U114/><E114/><V134/><F80/><W120/><G120/><T18/><D87/><U37/><E37/><V85/><F36/><W1/><G83/><T132/><D90/><U76/><E76/><V16/><F134/><W57/><G84/><T118/><D132/><U96/><E96/><V26/><F85/><W129/><G129/><T81/><D118/><U21/><E21/><V115/><F115/><W105/><G1/><T107/><D81/><U32/><E32/><V15/><F35/><W93/><G7/><T47/><D22/><U99/><E99/><V49/><F23/><RYUUKYOKU ba="2,1" sc="337,-10,289,30,221,-10,143,-10" hai1="4,8,12,30,34,38,39,55,58,61,100,101,103" /><INIT seed="1,3,1,0,1,13" ten="327,319,211,133" oya="1" hai0="16,135,40,28,80,8,33,35,68,66,47,129,22" hai1="75,7,114,93,125,34,56,55,10,77,92,4,72" hai2="53,127,132,14,5,45,100,31,104,78,48,27,94" hai3="117,115,12,21,15,9,95,43,99,46,86,2,44"/><U58/><E114/><V18/><F104/><W23/><G115/><T26/><D135/><U0/><E125/><V60/><F132/><W79/><G117/><T74/><D129/><U83/><E34/><V63/><F127/><W81/><G2/><T82/><D8/><U98/><E4/><V111/><F111/><W124/><G124/><T96/><D33/><U17/><E75/><V64/><F78/><W38/><G46/><T131/><D74/><U67/><E98/><N who="2" m="59479" /><F64/><W61/><G61/><T120/><D131/><U49/><E67/><V119/><F119/><W69/><G69/><T109/><D109/><U54/><REACH who="1" step="1"/><E17/><REACH who="1" ten="327,309,211,133" step="2"/><V37/><F5/><W71/><G71/><T59/><D68/><U65/><E65/><V19/><F19/><W134/><G134/><T52/><D66/><U20/><E20/><N who="2" m="15847" /><F37/><W113/><G113/><T97/><D96/><U57/><E57/><V122/><F122/><W89/><REACH who="3" step="1"/><G12/><REACH who="3" ten="327,309,211,123" step="2"/><N who="0" m="9479" /><D120/><U73/><E73/><V84/><F84/><W121/><G121/><T39/><D59/><U3/><E3/><V126/><F126/><W110/><G110/><T91/><D47/><U88/><E88/><V51/><F45/><W36/><G36/><T106/><D91/><U112/><E112/><V76/><F14/><W42/><G42/><T101/><D39/><U30/><E30/><V128/><F128/><W25/><G25/><T85/><D40/><U108/><E108/><V41/><F41/><W70/><G70/><T103/><D103/><U87/><E87/><V102/><F102/><W50/><G50/><AGARI ba="3,3" hai="0,7,10,49,50,54,55,56,58,72,77,83,92,93" machi="50" ten="30,11600,0" yaku="1,1,7,1,9,1,53,1" doraHai="13" doraHaiUra="107" who="1" fromWho="3" sc="327,0,309,155,211,0,123,-125" owari="327,12.7,464,56.4,211,-18.9,-2,-50.2" /></mjloggm>