<mjloggm ver="2.3"><GO type="225" lobby="0"/><UN n0="%E3%81%BE%E3%81%A8%E3%81%9F" n1="%E3%81%AF%E3%82%88%E3%81%8A%E3%81%98%E3%81%95%E3%82%93" n2="%E5%84%AA%40%41%42%43" n3="%E6%98%93%E5%88%A9%E8%96%A9%E4%BC%AF" dan="16,16,17,16" rate="2132.14,2126.32,2221.86,2145.16" sx="M,M,M,F"/><TAIKYOKU oya="0"/><INIT seed="0,0,0,2,3,47" ten="250,250,250,250" oya="0" hai0="56,132,113,48,22,87,5,82,88,84,26,33,114" hai1="66,109,112,13,35,59,131,24,128,97,79,126,80" hai2="67,116,9,135,51,71,110,127,14,2,121,117,18" hai3="10,77,50,28,69,124,81,111,73,107,134,42,21"/><T105/><D105/><U3/><E3/><V100/><F121/><W104/><G111/><T0/><D33/><U86/><E109/><V45/><F110/><W119/><G119/><N who="2" m="45641" /><F135/><W44/><G69/><T7/><D132/><U39/><E39/><V96/><F127/><W76/><G134/><T101/><D101/><U36/><E36/><V8/><F67/><W27/><G124/><T29/><D0/><U31/><E126/><V60/><F60/><W43/><G77/><N who="0" m="46159" /><D114/><U62/><E112/><V102/><F71/><W75/><G75/><T61/><D113/><U23/><E97/><V4/><F96/><W11/><REACH who="3" step="1"/><G43/><AGARI ba="0,0" hai="2,4,8,9,14,18,43,45,51,100,102" m="45641" machi="43" ten="30,2000,0" yaku="12,1,52,1" doraHai="47" who="2" fromWho="3" sc="250,0,250,0,250,20,250,-20" /><INIT seed="1,0,0,0,1,5" ten="250,250,270,230" oya="1" hai0="71,122,52,76,126,92,3,84,108,83,45,53,9" hai1="123,95,27,48,112,81,70,47,100,128,6,130,69" hai2="13,116,32,86,11,109,33,119,46,73,24,43,120" hai3="1,63,114,82,10,60,17,20,7,67,22,62,44"/><U107/><E123/><V117/><F73/><W31/><G114/><T101/><D122/><U25/><E112/><V133/><F120/><W129/><G129/><N who="1" m="49770" /><E107/><V49/><F109/><W102/><G102/><T91/><D108/><U90/><E6/><V28/><F133/><W40/><G67/><T134/><D71/><N who="1" m="27147" /><E81/><V55/><F86/><W58/><G58/><T135/><D101/><U127/><E127/><V39/><F32/><W54/><G54/><N who="0" m="21099" /><D45/><U41/><E100/><V89/><F89/><W34/><G82/><T38/><D38/><U4/><E4/><V103/><F103/><W2/><G2/><T0/><D9/><U72/><E72/><V66/><F66/><W35/><G31/><T96/><D126/><U29/><E29/><V110/><F110/><W26/><REACH who="3" step="1"/><G22/><REACH who="3" ten="250,250,270,220" step="2"/><T132/><AGARI ba="0,1" hai="0,3,76,83,84,91,92,96,132,134,135" m="21099" machi="132" ten="40,2700,0" yaku="20,1,54,1" doraHai="5" who="0" fromWho="0" sc="250,37,250,-13,270,-7,220,-7" /><INIT seed="2,0,0,3,1,63" ten="287,237,263,213" oya="2" hai0="74,49,98,82,1,50,3,119,8,20,65,127,104" hai1="81,6,26,75,130,14,35,37,70,84,80,15,122" hai2="46,132,121,79,30,111,12,66,41,131,99,18,123" hai3="22,67,59,117,116,9,113,60,72,102,91,13,34"/><V21/><F132/><W24/><G34/><T93/><D104/><U43/><E70/><V54/><F131/><W100/><G72/><T16/><D127/><U4/><E130/><V134/><F134/><W48/><G113/><T77/><D119/><U7/><E122/><V61/><F79/><W17/><G48/><T118/><D118/><U40/><E75/><V55/><F111/><W56/><G117/><T87/><D65/><U36/><E35/><V39/><F30/><W106/><G116/><T110/><D110/><U10/><E26/><V31/><F31/><W83/><G59/><T115/><D115/><U71/><E71/><V112/><F112/><W94/><G83/><N who="1" m="31818" /><E84/><V96/><F96/><W29/><REACH who="3" step="1"/><G106/><REACH who="3" ten="287,237,263,203" step="2"/><T73/><D74/><U105/><E105/><V95/><F121/><W68/><G68/><T78/><D73/><U101/><E37/><V126/><F123/><W103/><G103/><T27/><D77/><U32/><E32/><V129/><F129/><W107/><G107/><T5/><D1/><U2/><E101/><AGARI ba="0,1" hai="3,5,8,16,20,27,49,50,78,82,87,93,98,101" machi="101" ten="30,2000,0" yaku="7,1,54,1" doraHai="63" who="0" fromWho="1" sc="287,30,237,-20,263,0,203,0" /><INIT seed="3,0,0,5,0,36" ten="317,217,263,203" oya="3" hai0="109,78,65,127,111,66,8,45,4,67,134,75,60" hai1="11,63,41,100,90,13,122,104,101,38,35,92,88" hai2="80,98,64,40,77,52,3,133,55,5,135,12,68" hai3="107,62,108,81,16,53,39,42,43,114,102,117,76"/><W106/><G114/><T14/><D134/><N who="2" m="51210" /><F3/><W70/><G117/><T23/><D127/><U37/><E35/><V33/><F33/><W130/><G130/><T56/><D45/><U54/><E122/><V31/><F31/><W22/><G108/><N who="0" m="41547" /><D23/><U89/><E104/><V32/><F32/><W97/><G107/><T49/><D49/><U20/><E20/><V59/><F68/><W50/><G39/><T29/><D29/><U99/><E100/><V96/><F40/><W115/><G115/><T110/><D110/><U74/><E74/><N who="2" m="43063" /><F64/><W9/><G9/><T1/><D1/><U85/><E38/><V26/><F26/><W30/><G30/><T48/><D48/><U125/><E125/><V57/><F57/><W121/><G121/><T28/><D28/><U87/><E41/><V123/><F55/><W17/><G17/><T116/><D116/><U120/><E37/><V21/><F21/><W15/><G62/><T2/><D2/><U91/><N who="1" m="22528" /><DORA hai="51" /><U126/><E126/><V103/><F103/><W7/><G7/><T79/><D75/><U124/><E120/><V27/><F27/><W113/><G70/><T93/><D93/><U72/><E72/><V118/><F118/><W94/><G106/><T34/><D34/><U82/><E82/><V132/><F123/><W95/><G95/><T18/><D4/><N who="1" m="3303" /><E124/><V10/><N who="2" m="51218" /><V73/><DORA hai="86" /><F73/><N who="3" m="43151" /><G113/><T61/><D67/><U0/><E0/><V46/><F46/><W128/><G128/><T84/><D66/><U47/><E47/><V131/><F131/><W44/><G44/><T83/><D65/><RYUUKYOKU ba="0,0" sc="317,-30,217,10,263,10,203,10" hai1="54,63,85,87,92,99,101" hai2="5,10,12,52,59,96,98" hai3="15,16,22,42,43,50,53,94,97,102" /><INIT seed="3,1,0,1,5,135" ten="287,227,273,213" oya="3" hai0="7,4,124,38,107,53,132,80,15,128,71,131,89" hai1="19,46,100,50,105,129,95,18,13,109,65,75,39" hai2="118,31,122,44,70,86,61,21,121,45,74,116,16" hai3="102,54,8,94,56,3,27,114,113,112,119,76,9"/><W1/><G119/><N who="2" m="45609" /><F74/><W25/><G76/><T81/><D124/><U48/><E109/><V69/><F31/><W20/><G102/><T52/><D132/><U32/><E129/><N who="0" m="49737" /><D38/><U108/><E39/><V73/><F86/><W126/><G94/><T63/><D107/><U40/><E65/><V37/><F73/><W59/><G54/><N who="0" m="21099" /><D15/><U41/><E13/><N who="2" m="9359" /><F61/><W93/><G93/><T85/><D81/><U11/><E95/><V111/><F111/><W10/><G126/><T68/><D63/><U72/><E105/><V115/><F115/><W97/><G97/><T55/><D55/><U83/><E83/><V62/><F62/><W14/><G14/><T91/><D91/><U2/><E108/><V58/><F58/><N who="3" m="22059" /><G20/><T127/><D127/><U90/><E90/><V104/><F104/><W123/><G123/><N who="2" m="47113" /><F45/><W78/><G78/><T24/><D24/><AGARI ba="1,0" hai="1,3,8,9,10,24,25,27,112,113,114" m="22059" machi="24" ten="40,3900,0" yaku="28,2" doraHai="135" who="3" fromWho="0" sc="287,-42,227,0,273,0,213,42" /><INIT seed="3,2,0,4,3,133" ten="245,227,273,255" oya="3" hai0="120,79,110,85,77,36,73,2,98,64,54,69,47" hai1="58,25,34,46,103,121,16,102,27,97,91,33,128" hai2="130,95,84,129,68,67,59,75,63,119,43,72,35" hai3="32,11,107,21,127,55,117,13,105,15,4,132,38"/><W96/><G117/><T41/><D120/><U90/><E121/><V24/><F119/><W23/><G38/><T124/><D73/><U123/><E123/><V88/><F43/><W7/><G32/><T122/><D122/><U9/><E128/><N who="2" m="49259" /><F68/><W48/><G132/><T18/><D110/><U125/><E125/><V6/><F6/><W56/><G127/><T42/><D42/><U12/><E34/><V44/><F44/><W62/><G96/><T135/><D135/><U31/><E27/><V101/><F101/><W87/><G87/><T86/><D85/><U40/><E58/><V93/><F93/><W94/><G94/><T81/><D98/><U8/><E8/><V80/><F95/><W52/><G7/><T100/><D100/><U51/><REACH who="1" step="1"/><E103/><REACH who="1" ten="245,217,273,255" step="2"/><V83/><F35/><W5/><G56/><T50/><D124/><U115/><E115/><V61/><F24/><W109/><G11/><T37/><D69/><U92/><AGARI ba="2,1" hai="9,12,16,25,31,33,40,46,51,90,91,92,97,102" machi="92" ten="20,5200,0" yaku="1,1,0,1,7,1,54,1,53,0" doraHai="133" doraHaiUra="112" who="1" fromWho="1" sc="245,-15,217,68,273,-15,255,-28" /><INIT seed="4,0,0,3,1,125" ten="230,285,258,227" oya="0" hai0="94,22,2,53,55,78,19,69,31,132,61,110,16" hai1="10,9,115,12,92,51,76,37,93,32,95,117,0" hai2="101,23,85,66,135,46,14,30,68,116,113,59,114" hai3="43,129,56,36,105,77,29,34,96,8,102,62,108"/><T38/><D132/><U106/><E106/><V64/><F68/><W48/><G108/><T21/><D38/><U15/><E117/><V20/><F101/><W4/><G36/><T131/><D2/><U109/><E109/><V98/><F98/><W65/><G77/><T111/><D31/><U83/><E32/><V72/><F72/><W7/><G129/><T88/><D131/><U86/><E37/><V42/><F85/><W133/><G133/><T39/><D39/><U24/><E115/><V122/><F122/><W73/><G73/><T118/><D118/><U45/><E24/><N who="2" m="16647" /><F59/><W41/><G48/><T87/><D78/><U47/><E0/><V79/><F79/><W35/><G7/><T128/><D128/><U52/><E45/><V82/><F82/><W90/><G90/><T70/><D61/><U71/><E71/><V81/><F81/><W58/><G58/><T74/><D74/><U89/><E89/><V28/><F14/><AGARI ba="0,0" hai="9,10,12,14,15,47,51,52,76,83,86,92,93,95" machi="14" ten="40,2600,0" yaku="8,1,54,1" doraHai="125" who="1" fromWho="2" sc="230,0,285,26,258,-26,227,0" owari="230,-17.0,311,41.1,232,3.2,227,-27.3" /></mjloggm>