<mjloggm ver="2.3"><GO type="225" lobby="0"/><UN n0="%48%61%61%61%6C%61%6E%64" n1="%6D%75%75%6D%75%72%61" n2="%33%74%72%65%65" n3="%72%69%6F%75%63%68%61%6E" dan="17,16,17,16" rate="2165.23,2111.77,2235.84,2185.81" sx="M,F,F,M"/><TAIKYOKU oya="0"/><INIT seed="0,0,0,2,0,84" ten="250,250,250,250" oya="0" hai0="101,15,97,13,71,83,121,104,69,19,87,52,23" hai1="81,106,91,115,127,112,95,16,80,38,59,42,74" hai2="43,79,78,99,4,17,24,34,134,113,9,8,77" hai3="33,66,92,122,105,27,131,5,102,55,51,114,31"/><T68/><D121/><U48/><E106/><V96/><F113/><N who="1" m="43593" /><E127/><V94/><F134/><W70/><G114/><T110/><D110/><U62/><E74/><V85/><F43/><W89/><G131/><T129/><D129/><U111/><E111/><V56/><F34/><W1/><G122/><T3/><D3/><U93/><E93/><V75/><F75/><W44/><G105/><T109/><D109/><U10/><E38/><V123/><F123/><W36/><G102/><T64/><D64/><N who="1" m="39007" /><E48/><V30/><F56/><W50/><G1/><T124/><D124/><U128/><E42/><V86/><F17/><W60/><G5/><T2/><D2/><U72/><E72/><V53/><F53/><W32/><G36/><T67/><D67/><U26/><E128/><V14/><F9/><W107/><G107/><T58/><D13/><N who="1" m="7223" /><E26/><V45/><F45/><W47/><G32/><T61/><REACH who="0" step="1"/><D69/><REACH who="0" ten="240,250,250,250" step="2"/><U98/><AGARI ba="0,1" hai="80,81,91,95,98" m="7223,39007,43593" machi="98" ten="30,4000,0" yaku="11,1,52,1,54,1" doraHai="84" who="1" fromWho="1" sc="240,-20,250,50,250,-10,250,-10" /><INIT seed="1,0,0,2,2,21" ten="220,300,240,240" oya="1" hai0="0,25,42,131,17,10,28,128,75,14,57,106,63" hai1="45,91,47,102,61,135,99,13,52,126,33,39,8" hai2="90,16,31,105,56,121,72,34,81,59,129,108,83" hai3="43,2,65,115,114,24,11,79,55,111,22,30,74"/><U117/><E117/><V98/><F121/><W132/><G111/><T29/><D75/><U19/><E135/><V1/><F1/><W4/><G132/><T7/><D106/><U120/><E120/><V123/><F123/><W77/><G65/><T54/><D42/><U84/><E126/><V23/><F108/><W82/><G77/><T62/><D62/><U89/><E33/><V50/><F34/><W66/><G66/><T109/><D109/><U78/><E78/><V94/><F31/><W124/><G124/><T12/><D28/><U104/><E84/><V36/><F36/><W130/><G130/><N who="0" m="49707" /><D17/><U9/><E9/><V95/><F105/><W6/><G43/><T134/><D134/><U46/><REACH who="1" step="1"/><E39/><REACH who="1" ten="220,290,240,240" step="2"/><V110/><F110/><W112/><G6/><T44/><D44/><U100/><E100/><N who="2" m="60503" /><F129/><W26/><REACH who="3" step="1"/><G55/><REACH who="3" ten="220,290,240,230" step="2"/><T119/><D119/><U49/><E49/><V18/><F50/><W107/><G107/><T38/><D38/><U70/><E70/><V113/><F72/><W41/><G41/><T48/><D48/><U87/><E87/><V133/><F133/><W58/><G58/><AGARI ba="0,2" hai="8,13,19,45,46,47,52,58,61,89,91,99,102,104" machi="58" ten="40,3900,0" yaku="1,1,54,1,53,0" doraHai="21" doraHaiUra="37" who="1" fromWho="3" sc="220,0,290,59,240,0,230,-39" /><INIT seed="1,1,0,2,5,110" ten="220,349,240,191" oya="1" hai0="33,32,97,61,131,2,90,73,92,42,120,13,83" hai1="94,76,64,52,35,19,54,125,28,15,41,44,65" hai2="98,70,75,0,57,45,20,50,55,4,56,74,26" hai3="119,38,30,128,103,63,91,39,43,117,111,21,106"/><U27/><E125/><V95/><F70/><W53/><G111/><T3/><D131/><U124/><E124/><V116/><F116/><N who="3" m="44619" /><G43/><T130/><D130/><U17/><E76/><V16/><F0/><W129/><G91/><T86/><D73/><U40/><E94/><V122/><F4/><W12/><G38/><T82/><D120/><U34/><E34/><V49/><F122/><W29/><G39/><T36/><D82/><U1/><E1/><V51/><F56/><N who="3" m="35215" /><G30/><T100/><D3/><U78/><E78/><V134/><F134/><W135/><G135/><T37/><D2/><U6/><E6/><V58/><F58/><W108/><G108/><T80/><D37/><U18/><E15/><V59/><F59/><W9/><G103/><T126/><D126/><U66/><REACH who="1" step="1"/><E54/><REACH who="1" ten="220,339,240,191" step="2"/><V10/><F55/><W101/><G128/><T102/><D92/><U114/><E114/><V112/><F95/><W105/><G129/><T87/><D13/><U77/><E77/><V68/><F112/><W84/><G106/><T96/><D80/><U132/><E132/><V5/><F5/><W104/><G105/><T67/><D83/><U88/><E88/><V89/><F89/><W23/><G101/><T93/><D32/><U113/><E113/><V115/><F115/><W62/><G104/><N who="0" m="63495" /><D33/><U121/><E121/><V72/><F72/><W127/><G127/><T60/><D102/><U47/><E47/><V118/><F75/><W14/><G14/><T48/><D90/><U7/><E7/><V79/><F74/><W11/><G12/><T71/><D93/><U69/><E69/><RYUUKYOKU ba="1,1" sc="220,-10,339,30,240,-10,191,-10" hai1="17,18,19,27,28,35,40,41,44,52,64,65,66" /><INIT seed="1,2,1,5,4,124" ten="210,369,230,181" oya="1" hai0="32,122,135,87,112,25,5,79,21,2,94,123,31" hai1="56,29,3,28,40,15,64,35,132,9,33,36,34" hai2="109,20,14,84,134,96,77,69,113,57,70,11,19" hai3="127,6,104,81,82,18,26,117,42,130,68,105,4"/><U55/><E64/><V24/><F109/><W106/><G68/><T41/><D112/><U10/><E40/><V37/><F134/><W125/><G130/><T38/><D135/><U60/><E36/><V16/><F113/><W27/><G117/><T110/><D110/><U120/><E132/><V119/><F119/><W121/><G42/><T131/><D131/><U75/><E75/><V83/><F37/><W12/><G121/><N who="0" m="46091" /><D5/><N who="3" m="2153" /><G12/><T88/><D2/><U76/><E3/><V100/><REACH who="2" step="1"/><F57/><REACH who="2" ten="210,369,220,181" step="2"/><W51/><G51/><T17/><D38/><U0/><E56/><V92/><AGARI ba="2,2" hai="11,14,16,19,20,24,69,70,77,83,84,92,96,100" machi="92" ten="20,8000,1" yaku="1,1,2,1,0,1,7,1,54,1,53,0" doraHai="124" doraHaiUra="118" who="2" fromWho="2" sc="210,-22,369,-42,220,106,181,-22" /><INIT seed="2,0,0,4,3,74" ten="188,327,326,159" oya="2" hai0="1,36,12,87,81,79,77,57,126,28,52,16,121" hai1="124,112,98,54,92,102,128,38,115,43,65,73,134" hai2="120,14,75,48,34,94,70,60,53,111,55,8,19" hai3="91,113,66,39,67,122,2,133,58,129,35,71,68"/><V25/><F120/><W32/><G122/><T49/><D1/><U22/><E128/><V0/><F111/><W3/><G58/><T83/><D121/><U62/><E73/><V59/><F75/><W104/><G91/><N who="0" m="51695" /><D36/><U118/><E118/><V135/><F135/><W6/><G39/><T46/><D126/><U127/><E134/><V13/><F0/><N who="3" m="43" /><G133/><T63/><D28/><U7/><E7/><V97/><F70/><N who="3" m="26667" /><G6/><T26/><D26/><U116/><E116/><V117/><F117/><W37/><G37/><T105/><D105/><U40/><E54/><V9/><F25/><W15/><G15/><T114/><D83/><U84/><E22/><V50/><F34/><N who="3" m="12843" /><G104/><T82/><D82/><U119/><E119/><V76/><F55/><W56/><G56/><T93/><D93/><U90/><E38/><V85/><F94/><W69/><N who="3" m="26675" /><W64/><DORA hai="132" /><G113/><T5/><D5/><U18/><E115/><V100/><F59/><W61/><G61/><T29/><D29/><U106/><E112/><V4/><F60/><W125/><G129/><T86/><D86/><U42/><E124/><AGARI ba="0,0" hai="64,66,67,124,125" m="12843,26675,43" machi="124" ten="60,8000,1" yaku="28,2,52,2" doraHai="74,132" who="3" fromWho="1" sc="188,0,327,-80,326,0,159,80" /><INIT seed="3,0,0,0,2,131" ten="188,247,326,239" oya="3" hai0="127,48,112,97,98,87,56,76,69,21,90,42,124" hai1="32,73,135,24,25,66,44,28,126,1,60,101,91" hai2="0,92,15,67,26,120,34,130,10,43,102,40,37" hai3="116,119,93,55,118,68,79,52,122,95,96,105,63"/><W38/><G122/><T121/><D69/><U109/><E1/><V110/><F110/><W104/><G38/><T85/><D121/><U83/><E109/><V47/><F120/><W111/><G111/><T22/><D112/><U86/><E126/><V51/><F0/><W132/><G132/><T113/><D113/><U74/><E135/><V7/><F67/><W8/><G79/><T107/><D76/><U64/><E64/><V11/><F11/><W19/><G68/><T4/><D4/><U129/><E129/><V35/><F26/><W100/><G63/><T18/><D21/><U103/><E44/><V53/><F40/><W80/><G80/><T65/><D87/><U61/><E61/><V62/><F62/><W84/><G84/><T17/><D17/><U133/><E25/><V16/><F7/><W72/><G72/><T134/><D134/><U108/><E108/><V3/><F3/><W89/><G95/><T78/><D78/><U45/><E45/><V114/><F114/><W75/><G75/><T88/><D90/><U58/><E133/><V14/><F130/><W54/><REACH who="3" step="1"/><G89/><REACH who="3" ten="188,247,326,229" step="2"/><T39/><D39/><U82/><E74/><V12/><F37/><W49/><G49/><T46/><D124/><U30/><E82/><V94/><F51/><W41/><G41/><T117/><D127/><U50/><E73/><V115/><F43/><W125/><G125/><T81/><D107/><U20/><E50/><N who="2" m="28895" /><F115/><W5/><G5/><T106/><D106/><U36/><E36/><V70/><F70/><W2/><G2/><T9/><D42/><U13/><E83/><RYUUKYOKU ba="0,1" sc="188,-10,247,-10,326,-10,229,30" hai3="8,19,52,54,55,93,96,100,104,105,116,118,119" /><INIT seed="3,1,1,3,2,97" ten="178,237,316,259" oya="3" hai0="72,93,10,16,99,115,120,92,90,110,60,11,41" hai1="42,43,7,84,113,121,54,83,48,117,5,95,91" hai2="128,27,24,130,50,87,18,78,52,71,105,134,40" hai3="0,51,62,74,73,103,15,65,123,64,19,94,82"/><W32/><G123/><T56/><D110/><U125/><E113/><V119/><F119/><W85/><G0/><T70/><D120/><U132/><E125/><V2/><F134/><W133/><G32/><T108/><D108/><U4/><E132/><V75/><F105/><W81/><G133/><T63/><D72/><U106/><E106/><V46/><F71/><W53/><G73/><T111/><D115/><U44/><E117/><V37/><F2/><W135/><G135/><T49/><D111/><U59/><E121/><V68/><F68/><W96/><G74/><T14/><D70/><U88/><REACH who="1" step="1"/><E44/><REACH who="1" ten="178,227,316,259" step="2"/><V12/><F46/><N who="3" m="27895" /><G62/><T31/><D31/><U39/><E39/><V101/><F37/><W107/><G107/><T29/><D29/><U80/><E80/><N who="3" m="30826" /><G85/><AGARI ba="1,2" hai="4,5,7,42,43,48,54,59,83,84,85,88,91,95" machi="85" ten="40,8000,1" yaku="1,1,8,1,54,1,53,1" doraHai="97" doraHaiUra="77" who="1" fromWho="3" sc="178,0,227,103,316,0,259,-83" owari="178,-22.2,330,43.0,316,11.6,176,-32.4" /></mjloggm>