<mjloggm ver="2.3"><GO type="225" lobby="0"/><UN n0="%E6%B4%BE%E9%81%A3%E3%81%AE%E3%82%B8%E3%83%A3%E3%83%83%E3%82%AF" n1="%33%74%72%65%65" n2="%E3%81%BE%E3%81%A8%E3%81%9F" n3="%E3%81%BF%E3%81%BF%E3%81%9A" dan="17,16,16,17" rate="2202.63,2149.77,2163.21,2278.89" sx="M,F,M,M"/><TAIKYOKU oya="0"/><INIT seed="0,0,0,0,2,129" ten="250,250,250,250" oya="0" hai0="45,26,98,10,15,101,64,130,43,128,87,84,81" hai1="18,86,76,13,66,116,20,35,124,93,103,3,2" hai2="48,88,70,0,102,38,7,65,16,122,28,92,77" hai3="67,95,21,1,111,112,47,33,109,37,5,14,61"/><T59/><D26/><U96/><E116/><V22/><F38/><W54/><G112/><T17/><D64/><U94/><E124/><V114/><F122/><W74/><G74/><T69/><D69/><U41/><E35/><V62/><F114/><W27/><G95/><T133/><D59/><U97/><E41/><V72/><F102/><W83/><G83/><T119/><D119/><U85/><E66/><V9/><F72/><W117/><G117/><T132/><D98/><U25/><E76/><V75/><F75/><W90/><G90/><N who="0" m="51471" /><D87/><U36/><E36/><V63/><F63/><W12/><G33/><T57/><D57/><U127/><E127/><V107/><F77/><W44/><G1/><T34/><D34/><U6/><E2/><V42/><F107/><W40/><G47/><T39/><D101/><N who="1" m="60559" /><E3/><V30/><F48/><W49/><G37/><T104/><D104/><U126/><E126/><V58/><F42/><W60/><G40/><T135/><AGARI ba="0,0" hai="10,15,17,39,43,45,128,130,132,133,135" m="51471" machi="135" ten="40,12000,1" yaku="20,1,52,3" doraHai="129" who="0" fromWho="0" sc="250,120,250,-40,250,-40,250,-40" /><INIT seed="0,1,0,1,0,72" ten="370,210,210,210" oya="0" hai0="8,35,51,57,108,13,111,33,0,131,133,123,50" hai1="91,43,97,38,27,76,110,104,15,52,98,25,14" hai2="17,103,23,39,86,37,2,74,121,77,18,122,127" hai3="54,115,28,58,49,89,106,26,101,88,73,84,1"/><T24/><D123/><U90/><E110/><N who="0" m="42025" /><D0/><U16/><E38/><V99/><F74/><W116/><G115/><T130/><D133/><U36/><E36/><V82/><F127/><W85/><G116/><T11/><D11/><U79/><E43/><V83/><F37/><W114/><G114/><T31/><D33/><U47/><E104/><V42/><F2/><W109/><G73/><T95/><D95/><U96/><E47/><V124/><F17/><W75/><G75/><T92/><D92/><U65/><E65/><V68/><F82/><W45/><G1/><T7/><D57/><U70/><E70/><V56/><F56/><W41/><G109/><T71/><D71/><U20/><E52/><V62/><F124/><W112/><G112/><T48/><AGARI ba="1,0" hai="7,8,13,24,31,35,48,50,51,130,131" m="42025" machi="48" ten="40,3900,0" yaku="14,1,10,1" doraHai="72" who="0" fromWho="0" sc="370,42,210,-14,210,-14,210,-14" /><INIT seed="0,2,0,0,5,18" ten="412,196,196,196" oya="0" hai0="54,59,79,135,134,26,93,123,126,86,114,2,101" hai1="82,58,53,11,113,121,99,29,108,57,118,0,89" hai2="42,98,62,83,119,38,128,116,10,12,81,84,129" hai3="117,102,74,71,40,131,9,77,27,78,20,52,21"/><T30/><D114/><U68/><E118/><N who="2" m="45099" /><F42/><W69/><G117/><T75/><D2/><U125/><E121/><V66/><F38/><W28/><G131/><N who="2" m="50249" /><F12/><W49/><G40/><T37/><D37/><U109/><E113/><V107/><F10/><W115/><G115/><T70/><D70/><U103/><E68/><V95/><F62/><W4/><G102/><T23/><D123/><U22/><E11/><V60/><F60/><W67/><G67/><T46/><D46/><U88/><E0/><V44/><F44/><N who="3" m="27687" /><G74/><T56/><D75/><U124/><E57/><V91/><F66/><W61/><G69/><T130/><D56/><U19/><E29/><V85/><F107/><W34/><G34/><T7/><D59/><U41/><E41/><V80/><AGARI ba="2,0" hai="80,81,83,84,85,91,95,98" m="50249,45099" machi="80" ten="40,8000,1" yaku="12,1,19,1,34,2" doraHai="18" who="2" fromWho="2" sc="412,-42,196,-22,196,86,196,-22" /><INIT seed="1,0,0,2,5,77" ten="370,174,282,174" oya="1" hai0="39,131,120,40,92,38,35,111,21,97,17,49,98" hai1="50,28,10,107,31,67,37,95,7,63,132,15,32" hai2="84,106,128,104,123,8,69,116,89,75,113,76,57" hai3="24,65,86,121,70,91,36,33,58,78,42,22,54"/><U80/><E107/><V72/><F69/><W56/><G121/><T14/><D35/><U125/><E37/><V100/><F8/><W73/><G33/><T82/><D111/><U55/><E132/><V11/><F11/><W43/><G70/><T130/><D120/><U0/><E125/><V46/><F57/><W6/><G73/><N who="2" m="28233" /><F46/><W2/><G78/><T61/><D61/><U85/><E95/><N who="2" m="54695" /><F123/><W112/><G112/><T93/><D82/><U118/><E118/><V103/><F128/><N who="0" m="49194" /><D49/><U44/><E0/><V60/><F60/><N who="3" m="38023" /><G36/><T23/><D23/><U134/><E32/><V51/><F51/><N who="3" m="31071" /><G6/><T99/><D39/><U114/><E134/><V53/><F53/><W115/><G115/><T96/><N who="0" m="24576" /><DORA hai="18" /><T3/><D3/><U110/><E114/><V47/><F113/><W5/><G5/><T30/><D40/><U135/><E135/><V83/><F116/><W25/><G2/><T27/><D38/><U90/><E110/><V26/><F47/><W20/><G25/><T4/><D4/><U117/><E117/><V1/><F26/><W87/><G87/><T68/><D68/><AGARI ba="0,0" hai="7,10,15,28,31,44,50,55,63,67,68,80,85,90" machi="68" ten="30,2900,0" yaku="7,1,52,1" doraHai="77,18" who="1" fromWho="0" sc="370,-29,174,29,282,0,174,0" /><INIT seed="1,1,0,3,2,126" ten="341,203,282,174" oya="1" hai0="106,3,88,44,2,36,110,31,118,56,13,93,71" hai1="78,12,96,10,77,46,135,82,133,16,98,99,39" hai2="37,60,74,1,53,4,22,120,15,6,50,14,115" hai3="11,132,28,45,100,122,91,33,114,30,129,108,18"/><U67/><E67/><V26/><F1/><W127/><G122/><T57/><D71/><U5/><E5/><V65/><F37/><W83/><G114/><T23/><D106/><U116/><E116/><V29/><F74/><W43/><G127/><T97/><D118/><U124/><E124/><V87/><F120/><W51/><G108/><T81/><D110/><U0/><E0/><V64/><F64/><W117/><G117/><T62/><D56/><U134/><REACH who="1" step="1"/><E82/><REACH who="1" ten="341,193,282,174" step="2"/><V90/><F4/><W102/><G132/><T76/><D2/><U80/><E80/><N who="2" m="49511" /><F6/><W103/><G129/><T104/><D3/><U8/><E8/><V72/><F115/><W55/><G33/><T101/><D81/><U35/><E35/><V119/><F119/><W84/><G43/><AGARI ba="1,1" hai="10,12,16,39,43,46,77,78,96,98,99,133,134,135" machi="43" ten="50,9600,0" yaku="1,1,20,1,54,1,53,0" doraHai="126" doraHaiUra="48" who="1" fromWho="3" sc="341,0,193,109,282,0,174,-99" /><INIT seed="1,2,0,4,1,75" ten="341,302,282,75" oya="1" hai0="72,77,54,11,100,64,31,2,134,30,32,24,16" hai1="82,12,9,23,70,78,6,44,128,3,18,5,13" hai2="41,1,37,34,112,85,87,120,22,106,108,62,124" hai3="80,126,66,122,49,109,101,61,97,4,132,74,92"/><U79/><E128/><V38/><F34/><W90/><G109/><T103/><D64/><U65/><E5/><V68/><F1/><W95/><G126/><T56/><D31/><U43/><E82/><V69/><F106/><W29/><G132/><T111/><D111/><U28/><E28/><V47/><F108/><W83/><G122/><T114/><D114/><U115/><E115/><V125/><F112/><W131/><G131/><T42/><D42/><U7/><E65/><V89/><F120/><W46/><G4/><T20/><D134/><U91/><E91/><V99/><F37/><W17/><G29/><T110/><D110/><U84/><E84/><N who="2" m="32331" /><F62/><W58/><G74/><T36/><D36/><U102/><E102/><V19/><F99/><W81/><G17/><T39/><D39/><U27/><E70/><V50/><F89/><W21/><G21/><T94/><D94/><U105/><E105/><V129/><F38/><W119/><G119/><T40/><D2/><U76/><REACH who="1" step="1"/><E6/><REACH who="1" ten="341,292,282,75" step="2"/><V45/><F129/><W107/><REACH who="3" step="1"/><G90/><REACH who="3" ten="341,292,282,65" step="2"/><T8/><D30/><U117/><E117/><V96/><F125/><W57/><G57/><T51/><D72/><U98/><E98/><V60/><F124/><W88/><G88/><T53/><D56/><U121/><E121/><V10/><F96/><W52/><AGARI ba="2,2" hai="46,49,52,58,61,66,80,81,83,92,95,97,101,107" machi="52" ten="30,4000,0" yaku="1,1,0,1,54,1,53,0" doraHai="75" doraHaiUra="35" who="3" fromWho="3" sc="341,-12,292,-22,282,-12,65,66" /><INIT seed="2,0,0,2,1,51" ten="329,270,270,131" oya="2" hai0="78,72,112,9,81,109,30,40,125,8,4,68,70" hai1="45,53,104,82,69,106,37,134,44,99,24,12,38" hai2="55,11,90,122,33,56,102,116,110,19,32,115,91" hai3="22,94,93,117,71,97,3,14,113,49,98,127,2"/><V28/><F115/><W65/><G117/><T84/><D112/><U29/><E69/><V1/><F116/><W120/><G120/><T34/><D109/><U27/><E12/><V6/><F110/><W23/><G127/><T54/><D125/><U41/><E134/><V25/><F33/><W88/><G113/><T36/><D54/><U129/><E129/><V121/><F102/><W21/><G14/><T64/><D84/><U74/><E99/><V15/><F121/><W76/><G76/><T100/><D100/><U132/><E132/><V131/><F131/><W18/><G18/><T67/><D8/><U101/><E101/><V107/><F107/><W13/><G13/><T60/><D64/><U105/><E29/><V16/><F19/><W124/><G124/><T48/><D48/><U42/><E53/><V133/><F133/><W83/><G83/><T20/><D20/><U135/><E135/><V114/><F114/><W96/><G49/><T43/><D68/><U126/><E126/><V95/><F95/><W85/><REACH who="3" step="1"/><G94/><REACH who="3" ten="329,270,270,121" step="2"/><T10/><D81/><U63/><E82/><V80/><F80/><W50/><G50/><T59/><D78/><U73/><E73/><V123/><F122/><W0/><G0/><T17/><D72/><U111/><E74/><V26/><F123/><W77/><G77/><T62/><D17/><U52/><E111/><V103/><F15/><W86/><G86/><T130/><D30/><U118/><E118/><V75/><F75/><W87/><G87/><T57/><D130/><U58/><AGARI ba="0,1" hai="24,27,37,38,41,42,44,45,52,58,63,104,105,106" machi="58" ten="40,8000,1" yaku="0,1,9,1,52,1,54,1" doraHai="51" who="1" fromWho="1" sc="329,-20,270,90,270,-40,121,-20" /><INIT seed="3,0,0,3,3,101" ten="309,360,230,101" oya="3" hai0="87,112,6,90,36,70,35,51,38,49,60,1,129" hai1="79,2,94,122,84,65,8,44,11,19,123,107,23" hai2="57,52,9,32,116,47,21,13,48,31,81,39,100" hai3="130,93,91,78,76,80,3,62,56,110,25,63,111"/><W118/><G118/><T7/><D35/><U127/><E107/><V0/><F0/><W88/><G3/><T104/><D129/><U113/><E113/><V109/><F109/><N who="3" m="41483" /><G130/><T105/><D60/><N who="3" m="23081" /><G56/><T54/><D70/><U28/><E2/><V83/><F32/><W27/><G80/><T85/><D1/><U58/><E58/><V102/><F116/><W75/><G75/><T135/><D90/><N who="3" m="34345" /><G93/><T106/><D106/><U40/><E94/><V134/><F81/><W33/><G33/><T97/><D112/><U125/><E65/><V72/><F57/><W131/><G131/><T121/><D97/><U45/><E45/><V95/><F95/><W64/><G64/><T20/><D105/><U126/><E44/><V92/><F92/><W71/><G71/><T17/><D104/><U114/><E114/><V16/><F83/><W98/><G98/><T67/><D67/><U115/><E115/><V55/><F72/><W77/><AGARI ba="0,0" hai="25,27,76,77,78" m="34345,23081,41483" machi="77" ten="40,12000,1" yaku="28,2,14,1,10,1,54,1" doraHai="101" who="3" fromWho="3" sc="309,-40,360,-40,230,-40,101,120" /><INIT seed="3,1,0,1,4,4" ten="269,320,190,221" oya="3" hai0="105,54,58,128,68,15,30,66,13,50,74,91,130" hai1="73,104,63,86,21,56,53,82,119,114,109,123,31" hai2="117,76,94,133,79,46,52,131,22,129,25,43,124" hai3="96,14,18,12,77,35,26,72,100,132,118,37,121"/><W116/><G37/><T84/><D105/><U88/><E109/><V64/><F117/><W110/><G121/><T115/><D74/><U23/><E114/><V3/><F124/><W6/><G72/><T71/><D115/><U42/><E123/><V70/><F3/><W59/><G77/><T28/><D28/><U32/><E104/><V29/><F133/><W127/><G59/><T83/><D30/><U39/><E119/><N who="3" m="45610" /><G96/><T49/><D49/><U20/><E73/><V9/><F94/><W106/><G100/><T8/><D15/><U33/><E31/><V62/><F9/><N who="3" m="4151" /><G106/><T80/><D80/><U19/><E42/><V41/><F41/><W120/><G120/><T108/><D108/><U11/><E39/><V103/><F103/><W5/><G110/><T57/><D57/><U78/><E78/><V16/><F29/><N who="3" m="19895" /><G127/><T92/><D83/><U126/><E126/><V101/><F101/><W40/><G40/><T38/><D38/><U44/><E44/><V17/><F43/><W81/><G81/><T95/><D95/><U67/><E53/><V55/><F55/><W90/><G90/><T60/><D68/><U2/><E32/><V10/><F76/><W102/><G102/><T7/><AGARI ba="1,0" hai="7,8,13,50,54,58,60,66,71,84,91,92,128,130" machi="7" ten="30,2000,0" yaku="0,1,52,1" doraHai="4" who="0" fromWho="0" sc="269,23,320,-6,190,-6,221,-11" owari="292,9.2,314,41.4,184,-31.6,210,-19.0" /></mjloggm>