<mjloggm ver="2.3"><GO type="225" lobby="0"/><UN n0="%E4%BE%BF%E6%89%80" n1="%72%69%6F%75%63%68%61%6E" n2="%E5%8F%AF%E5%85%90%E9%82%A3%E7%94%B1%E5%A4%9A" n3="%6D%75%75%6D%75%72%61" dan="16,17,17,17" rate="2071.90,2162.80,2251.03,2185.38" sx="M,M,F,F"/><TAIKYOKU oya="0"/><INIT seed="0,0,0,0,5,110" ten="250,250,250,250" oya="0" hai0="26,46,122,11,54,59,73,5,31,119,116,19,62" hai1="1,4,118,51,21,124,78,68,66,34,67,85,3" hai2="123,130,94,89,104,25,42,127,132,47,93,84,16" hai3="102,103,14,75,58,55,70,61,82,22,107,29,72"/><T81/><D122/><U23/><E118/><V6/><F123/><W91/><G70/><T52/><D19/><U38/><E38/><V99/><F127/><W114/><G114/><T129/><D129/><U95/><E34/><V10/><F130/><W13/><G75/><T125/><D125/><U88/><E124/><V131/><F131/><W63/><G72/><T134/><D134/><U74/><E1/><V77/><F132/><W76/><G76/><T80/><D46/><U15/><E3/><V28/><F104/><W36/><G36/><T135/><D135/><U2/><E2/><V18/><F6/><W35/><G35/><T20/><D54/><U96/><E74/><V111/><F111/><W112/><G112/><T65/><D65/><N who="1" m="24587" /><E68/><V83/><F10/><W98/><G63/><T49/><D49/><U115/><E115/><V56/><F56/><W8/><G107/><T97/><D97/><U48/><E4/><V44/><F94/><N who="3" m="56671" /><G82/><T106/><D106/><U105/><E105/><V37/><REACH who="2" step="1"/><F44/><REACH who="2" ten="250,250,240,250" step="2"/><W9/><G9/><T100/><D116/><U12/><E95/><V45/><F45/><W33/><G8/><T101/><D119/><U87/><E96/><V50/><F50/><W117/><G117/><T109/><D109/><U39/><E48/><V121/><F121/><W17/><G61/><T0/><REACH who="0" step="1"/><D73/><REACH who="0" ten="240,250,240,250" step="2"/><U24/><E51/><V7/><F7/><W32/><G103/><AGARI ba="0,2" hai="0,5,11,20,26,31,52,59,62,80,81,100,101,103" machi="103" ten="40,12000,1" yaku="1,1,2,1,54,1,53,1" doraHai="110" doraHaiUra="53" who="0" fromWho="3" sc="240,140,250,0,240,0,250,-120" /><INIT seed="0,1,0,3,1,84" ten="380,250,240,130" oya="0" hai0="122,118,68,129,58,13,54,35,11,112,73,3,24" hai1="37,15,102,4,124,133,38,59,76,94,0,83,12" hai2="121,23,101,27,114,116,64,56,97,108,82,66,18" hai3="91,80,30,96,9,128,6,39,75,45,16,69,46"/><T44/><D112/><U90/><E124/><V1/><F114/><W130/><G69/><T88/><D118/><U134/><E102/><V105/><F121/><W19/><G30/><T79/><D122/><U62/><E0/><V93/><F1/><W63/><G63/><T131/><D68/><U21/><E12/><V2/><F2/><W100/><G75/><T72/><D3/><U33/><E33/><V71/><F116/><W119/><G6/><T52/><D44/><N who="3" m="17001" /><G39/><T70/><D70/><U81/><E21/><V115/><F115/><W92/><G9/><T42/><D42/><U26/><E26/><V104/><F108/><W77/><G77/><T65/><D65/><U32/><E32/><V61/><F66/><W89/><G80/><N who="1" m="30794" /><E76/><V20/><F71/><W53/><G53/><T50/><D54/><N who="1" m="34167" /><E15/><V123/><F123/><W10/><G119/><T99/><D79/><U111/><E4/><V49/><F23/><W117/><G117/><T47/><D72/><U106/><E106/><V14/><F14/><N who="3" m="7255" /><G19/><T135/><D73/><U113/><E113/><V78/><F104/><W28/><G28/><T74/><D74/><U132/><E111/><V36/><F105/><W5/><G5/><T8/><D35/><U109/><E109/><V107/><F107/><W31/><G31/><T85/><D8/><U55/><E55/><V29/><F36/><W95/><G95/><T60/><D52/><U98/><AGARI ba="1,0" hai="37,38,90,94,98,132,133,134" m="34167,30794" machi="98" ten="40,2700,0" yaku="20,1,52,1" doraHai="84" who="1" fromWho="1" sc="380,-14,250,30,240,-8,130,-8" /><INIT seed="1,0,0,1,4,48" ten="366,280,232,122" oya="1" hai0="40,76,114,21,55,63,110,28,20,104,115,79,69" hai1="46,27,117,73,37,42,119,129,132,26,90,124,96" hai2="113,103,88,72,123,121,12,1,74,70,127,125,34" hai3="82,116,44,100,84,0,50,15,91,56,18,78,17"/><U24/><E73/><N who="2" m="28267" /><F1/><W68/><G0/><T130/><D104/><U19/><E129/><V94/><F34/><W58/><G68/><T4/><D110/><U36/><E124/><N who="2" m="47691" /><F70/><W60/><G116/><T2/><D130/><U66/><E132/><V98/><F12/><W131/><G100/><T30/><D40/><U118/><E66/><V13/><F13/><W109/><G131/><T35/><D35/><U122/><E122/><N who="2" m="46603" /><F113/><W95/><G109/><T9/><D69/><U65/><E65/><V105/><F105/><W49/><G49/><T87/><D2/><U41/><E41/><V52/><F52/><W23/><G17/><T38/><D55/><U71/><E71/><V54/><F54/><W6/><G6/><T11/><D4/><U59/><E59/><V99/><F99/><W133/><G133/><T92/><D114/><U14/><E36/><V126/><N who="2" m="47699" /><V3/><DORA hai="53" /><F3/><W77/><G60/><T120/><D63/><U57/><E57/><N who="3" m="22122" /><G95/><T61/><D92/><U93/><REACH who="1" step="1"/><E117/><REACH who="1" ten="366,270,232,122" step="2"/><V80/><F80/><W10/><G10/><AGARI ba="0,1" hai="10,14,19,24,26,27,37,42,46,90,93,96,118,119" machi="10" ten="40,7700,0" yaku="1,1,2,1,53,1" doraHai="48,53" doraHaiUra="134,7" who="1" fromWho="3" sc="366,0,270,87,232,0,122,-77" /><INIT seed="1,1,0,4,0,23" ten="366,357,232,45" oya="1" hai0="69,125,78,28,128,25,111,14,65,117,88,54,11" hai1="57,95,109,12,15,24,127,87,114,89,123,35,135" hai2="20,21,71,129,97,100,32,51,115,131,1,70,85" hai3="134,40,112,44,43,53,66,42,73,22,119,8,94"/><U72/><E114/><V19/><F32/><W132/><G112/><T27/><D117/><U58/><E123/><V13/><F115/><W64/><G119/><T3/><D3/><U133/><E127/><V41/><F1/><W92/><G73/><T99/><D125/><U38/><E38/><V126/><F126/><W6/><G53/><T18/><D111/><U108/><E72/><V106/><F85/><W121/><G121/><T50/><D78/><U48/><E12/><V103/><F103/><W29/><G44/><T62/><D28/><N who="1" m="19847" /><E15/><V61/><F21/><W84/><G29/><T90/><D128/><N who="2" m="49226" /><F61/><W55/><G55/><T63/><D63/><U26/><E26/><V79/><F79/><W4/><G22/><T56/><D90/><U10/><E10/><V67/><F67/><N who="3" m="25643" /><G8/><T36/><D36/><U59/><E48/><V60/><F60/><W2/><G84/><T116/><D116/><U81/><E81/><V49/><F49/><W98/><G98/><T101/><D88/><U7/><E7/><N who="3" m="2602" /><G2/><T113/><D113/><U86/><E86/><V33/><F33/><W34/><G34/><T122/><D122/><U9/><E9/><V96/><F96/><W107/><G107/><AGARI ba="1,0" hai="11,14,18,25,27,50,54,56,62,65,69,99,101,107" machi="107" ten="30,3900,0" yaku="7,1,52,2" doraHai="23" who="0" fromWho="3" sc="366,42,357,0,232,0,45,-42" /><INIT seed="2,0,0,5,1,43" ten="408,357,232,3" oya="2" hai0="74,34,127,31,85,112,133,79,114,65,78,124,8" hai1="87,104,53,122,49,68,83,102,135,77,18,94,41" hai2="3,47,71,22,19,101,106,37,9,15,131,97,10" hai3="23,96,16,91,105,117,26,118,76,109,52,86,29"/><V28/><F71/><W69/><G69/><T55/><D74/><U130/><E68/><V21/><F131/><W113/><G109/><T7/><D65/><U123/><E130/><V89/><F89/><W121/><G118/><T60/><D133/><U92/><E135/><V126/><F126/><N who="0" m="48170" /><D31/><U13/><E41/><V88/><F3/><W38/><G121/><N who="1" m="46090" /><E104/><V40/><F28/><W12/><G38/><T5/><D34/><U111/><E102/><V46/><F22/><N who="3" m="15575" /><G105/><T20/><D20/><N who="1" m="11343" /><E111/><V1/><F1/><W6/><G117/><T72/><D72/><U4/><E4/><V2/><F2/><W44/><G6/><T100/><D100/><U84/><E87/><V63/><F63/><W75/><G75/><T42/><D42/><U103/><E103/><V81/><REACH who="2" step="1"/><F47/><AGARI ba="0,0" hai="47,49,53,77,83,84,92,94" m="11343,46090" machi="47" ten="30,2000,0" yaku="13,1,52,1" doraHai="43" who="1" fromWho="2" sc="408,0,357,20,232,-20,3,0" /><INIT seed="3,0,0,1,5,62" ten="408,377,212,3" oya="3" hai0="46,109,122,77,41,32,25,88,91,107,16,96,43" hai1="101,49,69,7,70,103,111,44,5,102,124,34,33" hai2="108,105,48,21,126,98,89,36,60,119,94,99,18" hai3="84,127,57,83,75,50,79,40,11,95,93,58,10"/><W132/><G132/><T3/><D122/><U123/><E123/><V52/><F36/><W68/><G68/><T37/><D3/><U30/><E111/><V9/><F108/><W82/><G127/><T66/><D109/><U24/><E124/><V120/><F126/><W4/><G10/><T115/><D77/><U131/><E131/><V67/><F119/><W28/><G28/><T6/><D6/><U92/><E33/><V76/><F76/><W72/><G57/><T90/><D43/><U135/><E135/><V47/><F120/><W14/><G75/><T74/><D74/><U61/><E92/><V1/><F1/><W110/><G110/><T29/><D115/><U23/><E34/><V97/><F105/><W19/><G19/><T0/><D0/><U39/><E39/><V73/><F73/><W12/><G12/><T15/><D66/><U114/><E114/><V100/><F100/><W2/><G2/><T63/><D63/><U85/><E85/><V55/><F9/><W27/><G27/><T64/><D64/><U78/><E78/><V22/><F22/><W104/><G104/><T31/><D31/><U116/><E116/><V112/><F112/><W130/><G130/><T71/><D71/><U134/><E134/><V117/><F117/><W42/><G58/><T118/><D118/><U56/><E70/><V106/><F106/><W13/><G13/><T65/><D65/><N who="1" m="39079" /><E69/><V129/><F129/><W80/><G72/><T35/><D35/><U113/><E113/><V51/><F18/><W45/><G40/><T133/><D107/><U38/><E38/><RYUUKYOKU ba="0,0" sc="408,-15,377,15,212,-15,3,15" hai1="5,7,23,24,30,44,49,101,102,103" hai3="4,11,14,42,45,50,79,80,82,83,84,93,95" /><INIT seed="3,1,0,2,0,124" ten="393,392,197,18" oya="3" hai0="56,120,2,32,77,16,103,106,17,40,31,65,66" hai1="93,67,20,128,112,61,28,90,96,113,71,118,53" hai2="5,104,97,78,24,116,4,63,8,7,58,123,79" hai3="12,34,117,91,37,43,135,105,115,84,10,35,68"/><W15/><G115/><T36/><D120/><U101/><E128/><V110/><F116/><W52/><G117/><T50/><D2/><U48/><E118/><V94/><F123/><W99/><G68/><T114/><D77/><U3/><E3/><V27/><F110/><W92/><G135/><T6/><D6/><U55/><E55/><N who="2" m="34271" /><F104/><W70/><G70/><T46/><D114/><U132/><E132/><V39/><F39/><W11/><G43/><T133/><D133/><U75/><E75/><V74/><F74/><W69/><G69/><T76/><D76/><N who="2" m="29226" /><F8/><W26/><G37/><T127/><D127/><U85/><E28/><V23/><F23/><W119/><G119/><T72/><D72/><U89/><E20/><V86/><F86/><W82/><G105/><T102/><D31/><U95/><E89/><AGARI ba="1,0" hai="4,5,7,24,27,89,94,97" m="29226,34271" machi="89" ten="30,1000,0" yaku="8,1" doraHai="124" who="2" fromWho="1" sc="393,0,392,-13,197,13,18,0" owari="393,49.3,379,17.9,210,-19.0,18,-48.2" /></mjloggm>