<mjloggm ver="2.3"><GO type="225" lobby="0"/><UN n0="%72%69%6F%75%63%68%61%6E" n1="%E3%83%A9%E3%83%BC%E3%83%A1%E3%83%B3%E4%BA%94%E9%83%8E" n2="%74%61%6B%75%61%6B%61" n3="%E8%A8%88%E7%AE%97%E6%A9%9F%E8%87%AA%E7%84%B6" dan="17,16,16,17" rate="2224.15,2111.69,2173.58,2236.41" sx="M,M,M,M"/><TAIKYOKU oya="0"/><INIT seed="0,0,0,2,1,73" ten="250,250,250,250" oya="0" hai0="58,68,13,109,52,61,111,92,66,101,9,31,39" hai1="74,32,49,3,91,36,90,50,99,59,75,79,110" hai2="113,106,11,98,45,87,107,112,21,134,34,97,70" hai3="104,130,24,27,85,16,30,51,133,7,12,63,128"/><T56/><D39/><U76/><E3/><V53/><F34/><N who="3" m="20807" /><G104/><N who="2" m="39977" /><F21/><N who="3" m="13735" /><G51/><T5/><D31/><U14/><E32/><V18/><F18/><W94/><G94/><T89/><D101/><U126/><E36/><V81/><F11/><N who="3" m="4223" /><G85/><T19/><D19/><U8/><E74/><V88/><F53/><W116/><G63/><T54/><D68/><U124/><E75/><V48/><F48/><W131/><G133/><T100/><D100/><U23/><E59/><V121/><F45/><W65/><G65/><T82/><D82/><U135/><E135/><V129/><F70/><W123/><G116/><T44/><D44/><U43/><E43/><V10/><F134/><W67/><G67/><T103/><D103/><U125/><E49/><V93/><F98/><W46/><G46/><T35/><D35/><U2/><E50/><V132/><F132/><W40/><G40/><T64/><D66/><U6/><E99/><V102/><F102/><W0/><G0/><T119/><D119/><U26/><E2/><V120/><F97/><W38/><G38/><T15/><D58/><U115/><E125/><V33/><F93/><W108/><G123/><T25/><D25/><U69/><E126/><V127/><F127/><W17/><G17/><T80/><D92/><U62/><E124/><V95/><F120/><W22/><G108/><N who="0" m="41547" /><D15/><U57/><E110/><V37/><F37/><W77/><G22/><T41/><D41/><U96/><E23/><V122/><F122/><W86/><G130/><T105/><D105/><U47/><E47/><V42/><F121/><W84/><G84/><AGARI ba="0,0" hai="5,9,13,52,54,56,61,64,80,84,89" m="41547" machi="84" ten="30,5800,0" yaku="14,1,10,1,54,1" doraHai="73" who="0" fromWho="3" sc="250,58,250,0,250,0,250,-58" /><INIT seed="0,1,0,5,2,83" ten="308,250,250,192" oya="0" hai0="15,3,56,127,55,48,61,47,89,68,132,21,14" hai1="87,54,67,51,121,42,101,37,62,107,98,97,57" hai2="63,129,126,118,0,108,30,36,111,133,64,26,17" hai3="43,120,96,52,29,65,53,40,79,94,12,19,69"/><T7/><D127/><U74/><E74/><V2/><F36/><W73/><G120/><T28/><D132/><U16/><E121/><V113/><F113/><W102/><G29/><T95/><D68/><U72/><E72/><V59/><F126/><W92/><G73/><T66/><D3/><U131/><E131/><V8/><F133/><W27/><G27/><N who="0" m="16495" /><D7/><U31/><E31/><V93/><F129/><W32/><G32/><T110/><D110/><N who="2" m="42026" /><F118/><W135/><G79/><T78/><D78/><U24/><E97/><AGARI ba="1,0" hai="14,15,47,48,55,56,61,66,89,95,97" m="16495" machi="97" ten="30,1500,0" yaku="8,1" doraHai="83" who="0" fromWho="1" sc="308,18,250,-18,250,0,192,0" /><INIT seed="0,2,0,2,1,129" ten="326,232,250,192" oya="0" hai0="84,91,73,43,115,57,113,51,47,29,26,34,40" hai1="17,61,13,94,80,75,117,127,102,66,124,125,2" hai2="18,6,31,4,19,110,96,0,65,27,120,132,81" hai3="62,109,103,46,54,35,58,95,123,70,14,9,83"/><T74/><D40/><U77/><E117/><V22/><F120/><W88/><G109/><T86/><D86/><U79/><E2/><V134/><F110/><W64/><G123/><T10/><D10/><N who="1" m="6327" /><E77/><V92/><F65/><W41/><G35/><T23/><D34/><U59/><E94/><V16/><F81/><W112/><G112/><T87/><D87/><U67/><E102/><V118/><F118/><W131/><G131/><T119/><D119/><U38/><E38/><V50/><F50/><W68/><G103/><T104/><D104/><U55/><AGARI ba="2,0" hai="55,59,61,66,67,75,79,80,124,125,127" m="6327" machi="55" ten="30,1100,0" yaku="18,1" doraHai="129" who="1" fromWho="1" sc="326,-7,232,17,250,-5,192,-5" /><INIT seed="1,0,0,1,2,12" ten="319,249,245,187" oya="1" hai0="70,47,129,6,113,94,109,107,20,21,106,72,96" hai1="10,26,73,35,27,134,29,121,75,19,31,87,85" hai2="77,58,95,3,36,105,93,122,114,1,125,8,34" hai3="0,17,97,123,90,51,37,100,118,130,5,131,71"/><U102/><E121/><V41/><F122/><W15/><G123/><T13/><D113/><U42/><E134/><V45/><F105/><W86/><G37/><T89/><D109/><U9/><E42/><V33/><F125/><W14/><G71/><T135/><D129/><N who="3" m="49161" /><G118/><T54/><D135/><U101/><REACH who="1" step="1"/><E35/><REACH who="1" ten="319,239,245,187" step="2"/><V64/><F33/><W112/><G112/><T98/><D107/><U39/><E39/><V63/><F34/><W92/><G51/><T57/><D106/><U23/><E23/><V50/><F114/><W111/><G111/><T124/><D20/><U16/><AGARI ba="0,1" hai="9,10,16,19,26,27,29,31,73,75,85,87,101,102" machi="16" ten="25,24000,3" yaku="1,1,0,1,22,2,52,2,54,1,53,2" doraHai="12" doraHaiUra="104" who="1" fromWho="1" sc="319,-80,239,250,245,-80,187,-80" /><INIT seed="1,1,0,1,5,94" ten="239,489,165,107" oya="1" hai0="41,2,39,49,88,71,78,93,116,16,72,26,100" hai1="22,13,120,18,119,1,42,6,44,65,113,23,37" hai2="77,132,117,133,134,64,86,109,7,47,30,127,130" hai3="87,92,46,58,63,83,123,126,54,40,76,96,45"/><U34/><E34/><V61/><F117/><W115/><G126/><T5/><D116/><U20/><E113/><V80/><F109/><W27/><G115/><T108/><D108/><U95/><E120/><V3/><F127/><W111/><G111/><T14/><D71/><U131/><E131/><V112/><F112/><W103/><G123/><T129/><D129/><U81/><E119/><V110/><F110/><W56/><G40/><T8/><D100/><U67/><E95/><V106/><F130/><W31/><REACH who="3" step="1"/><G56/><REACH who="3" ten="239,489,165,97" step="2"/><T55/><D41/><U36/><E42/><V50/><F132/><W0/><G0/><T21/><D39/><U121/><E1/><V17/><F3/><W99/><G99/><T74/><D2/><U35/><E121/><V11/><F134/><W69/><G69/><T28/><D78/><U70/><E70/><V75/><F133/><W79/><G79/><T52/><D5/><U51/><E6/><V82/><F77/><W32/><AGARI ba="1,1" hai="27,31,32,45,46,54,58,63,76,83,87,92,96,103" machi="32" ten="20,8000,1" yaku="1,1,0,1,7,1,52,1,53,1" doraHai="94" doraHaiUra="29" who="3" fromWho="3" sc="239,-21,489,-41,165,-21,97,93" /><INIT seed="2,0,0,3,4,65" ten="218,448,144,190" oya="2" hai0="85,5,67,104,78,75,61,134,1,19,123,68,57" hai1="7,80,103,12,25,2,46,129,50,84,21,34,69" hai2="43,82,83,130,56,98,20,39,76,33,94,29,126" hai3="95,15,22,24,133,66,114,121,41,38,16,45,30"/><V86/><F126/><W131/><G131/><T122/><D134/><U101/><E69/><V18/><F130/><W48/><G133/><T49/><D104/><U89/><E34/><V127/><F127/><W111/><G111/><T119/><D119/><U3/><E3/><V96/><F33/><W59/><G121/><T60/><D75/><U64/><E64/><V87/><F29/><W77/><G114/><T10/><D49/><U108/><E2/><V37/><F56/><W14/><G77/><T124/><D124/><U52/><E108/><V54/><F54/><W28/><G95/><T51/><D51/><U42/><E42/><V58/><F58/><W128/><G128/><T70/><D19/><N who="1" m="12479" /><E129/><V118/><F118/><W107/><G107/><T120/><REACH who="0" step="1"/><D61/><REACH who="0" ten="208,448,144,190" step="2"/><U72/><E72/><V106/><F106/><W8/><G48/><T31/><D31/><U132/><E132/><V113/><F113/><W32/><G28/><T109/><D109/><U63/><E63/><V92/><F43/><W47/><G41/><T125/><D125/><U102/><E7/><V115/><F115/><W6/><G38/><T55/><D55/><U110/><E110/><V53/><F53/><W99/><G32/><T13/><D13/><AGARI ba="0,1" hai="12,13,46,50,52,80,84,89,101,102,103" m="12479" machi="13" ten="30,2000,0" yaku="8,1,54,1" doraHai="65" who="1" fromWho="0" sc="208,-20,448,30,144,0,190,0" /><INIT seed="3,0,0,0,5,120" ten="188,478,144,190" oya="3" hai0="29,111,8,70,127,26,106,131,65,6,102,52,0" hai1="10,66,4,80,49,19,135,15,100,20,68,72,45" hai2="132,58,75,92,17,35,11,48,18,5,25,73,64" hai3="12,56,37,61,124,79,76,59,38,55,121,116,129"/><W71/><G121/><T16/><D111/><U115/><E115/><V53/><F132/><W62/><G116/><T104/><D102/><U89/><E100/><V44/><F35/><W78/><G71/><T69/><D127/><U82/><E135/><V108/><F73/><W42/><G124/><T95/><D131/><U43/><E72/><V128/><F75/><W114/><G114/><T88/><D52/><U7/><E7/><V34/><F128/><W112/><G112/><T47/><D47/><U32/><E32/><V126/><F126/><W113/><G113/><T86/><D16/><U3/><E89/><V99/><F34/><W125/><G125/><T24/><D24/><U63/><AGARI ba="0,0" hai="3,4,10,15,19,20,43,45,49,63,66,68,80,82" machi="63" ten="30,1100,0" yaku="0,1" doraHai="120" who="1" fromWho="1" sc="188,-3,478,11,144,-3,190,-5" owari="185,-1.5,489,58.9,141,-35.9,185,-21.5" /></mjloggm>