<mjloggm ver="2.3"><GO type="225" lobby="0"/><UN n0="%E8%90%BD%E6%97%A5" n1="%E9%80%9F%E6%B0%B4%E5%87%9B%E9%A6%99" n2="%6D%75%75%6D%75%72%61" n3="%72%69%6F%75%63%68%61%6E" dan="19,16,16,16" rate="2241.51,2139.44,2140.39,2192.12" sx="F,F,F,M"/><TAIKYOKU oya="0"/><INIT seed="0,0,0,1,0,86" ten="250,250,250,250" oya="0" hai0="124,69,30,120,77,4,79,63,59,72,85,21,123" hai1="106,84,121,20,105,116,31,83,8,74,41,118,32" hai2="73,6,26,129,0,132,49,28,91,103,92,122,100" hai3="130,66,95,76,36,117,94,111,53,35,99,34,93"/><T18/><D72/><U113/><E32/><V71/><F122/><W56/><G111/><T80/><D124/><U115/><E41/><V12/><F73/><W114/><G130/><T50/><D69/><U134/><E20/><V107/><F129/><W96/><G114/><N who="1" m="43530" /><E8/><V78/><F107/><N who="1" m="40969" /><E31/><V62/><F132/><W42/><G76/><T46/><D30/><U38/><E38/><V131/><F78/><W10/><G117/><T55/><D4/><U27/><E27/><V1/><F1/><W16/><G66/><T101/><D101/><U23/><E23/><V33/><F0/><W102/><G42/><T128/><D128/><U47/><E47/><V14/><F49/><W127/><G127/><T40/><REACH who="0" step="1"/><D77/><REACH who="0" ten="240,250,250,250" step="2"/><U109/><E74/><V9/><F131/><W104/><G102/><T17/><D17/><U45/><E121/><V81/><F100/><W87/><G16/><T51/><D51/><U5/><E5/><V68/><F103/><W90/><G104/><T60/><D60/><U61/><E61/><V119/><F119/><W135/><G36/><T24/><AGARI ba="0,1" hai="18,21,24,40,46,50,55,59,63,79,80,85,120,123" machi="24" ten="20,7800,0" yaku="1,1,0,1,7,1,53,1" doraHai="86" doraHaiUra="19" who="0" fromWho="0" sc="240,88,250,-26,250,-26,250,-26" /><INIT seed="0,1,0,5,0,3" ten="328,224,224,224" oya="0" hai0="6,105,135,45,118,72,80,90,132,100,12,5,1" hai1="48,109,35,16,128,131,130,56,79,133,87,67,18" hai2="15,29,62,13,69,52,85,97,96,42,54,113,9" hai3="21,75,33,30,50,117,10,121,47,46,115,74,78"/><T126/><D118/><U57/><E35/><V123/><F113/><W63/><G115/><T19/><D126/><U0/><E0/><V70/><F123/><W103/><G117/><T94/><D1/><U108/><E133/><N who="0" m="51273" /><D105/><U36/><E36/><V95/><F42/><W91/><G121/><T26/><D26/><U27/><E67/><V24/><F70/><W83/><G33/><T114/><D114/><U99/><E99/><V119/><F13/><W76/><G103/><T8/><D100/><U107/><E107/><V106/><F69/><W53/><G91/><T92/><D45/><U31/><E31/><V44/><F106/><W49/><G63/><T129/><D129/><U116/><E116/><V25/><F44/><W59/><G49/><T40/><D40/><U124/><E124/><V41/><F41/><W112/><G112/><T11/><D11/><U134/><E134/><V61/><F119/><W71/><G71/><T23/><D8/><U73/><E73/><V7/><F62/><W60/><G10/><T68/><D68/><U86/><E27/><N who="2" m="10315" /><F29/><W55/><G30/><T51/><D51/><U66/><E48/><V102/><F102/><W22/><REACH who="3" step="1"/><G47/><REACH who="3" ten="328,224,224,214" step="2"/><T88/><D90/><U84/><E79/><V104/><F61/><W82/><AGARI ba="1,1" hai="21,22,46,50,53,55,59,60,74,75,76,78,82,83" machi="82" ten="30,7900,0" yaku="1,1,2,1,0,1,9,1,53,0" doraHai="3" doraHaiUra="65" who="3" fromWho="3" sc="328,-40,224,-21,224,-21,214,92" /><INIT seed="1,0,0,4,1,56" ten="288,203,203,306" oya="1" hai0="65,101,112,82,53,14,48,108,52,116,113,10,105" hai1="44,61,24,107,124,1,39,89,98,81,35,118,36" hai2="115,80,64,3,51,43,111,127,8,67,17,22,12" hai3="79,62,49,31,75,70,57,69,23,6,109,5,40"/><U123/><E118/><V96/><F111/><W4/><G109/><T76/><D108/><U18/><E123/><V90/><F127/><W74/><G79/><T33/><D33/><U2/><E124/><V128/><F128/><W87/><G87/><T119/><D53/><U130/><E130/><V50/><F115/><W85/><G85/><T106/><D106/><U78/><E18/><V47/><F51/><W102/><G102/><T131/><D131/><U26/><E26/><V45/><F45/><W84/><G84/><T129/><D129/><U88/><E44/><V77/><F77/><W9/><G9/><T0/><D0/><U86/><E36/><V30/><F80/><W37/><G37/><T34/><D34/><U100/><E39/><V121/><F121/><W134/><G134/><T15/><D15/><U103/><E103/><V16/><F30/><W92/><G92/><T68/><D101/><U7/><E7/><V60/><F60/><W66/><G40/><T29/><D105/><U41/><E41/><V21/><F21/><W32/><G32/><T11/><D29/><U55/><E24/><N who="2" m="14407" /><F3/><N who="1" m="1033" /><E35/><V46/><F46/><W54/><REACH who="3" step="1"/><G70/><REACH who="3" ten="288,203,203,296" step="2"/><T122/><D122/><U38/><E38/><V125/><F125/><W19/><G19/><N who="0" m="8663" /><D11/><U120/><E120/><V28/><F28/><W63/><G63/><N who="0" m="39999" /><D113/><U94/><E107/><V93/><AGARI ba="0,1" hai="8,12,17,43,47,50,64,67,90,93,96" m="14407" machi="93" ten="30,2000,0" yaku="8,1,54,1" doraHai="56" who="2" fromWho="2" sc="288,-5,203,-10,203,30,296,-5" /><INIT seed="2,0,0,3,0,32" ten="283,193,233,291" oya="2" hai0="29,104,126,121,82,71,34,26,109,75,132,5,49" hai1="58,105,86,107,45,25,112,63,55,95,64,83,99" hai2="65,85,74,10,69,108,111,30,60,27,125,96,31" hai3="43,81,61,57,15,70,116,124,41,123,87,93,101"/><V79/><F74/><W1/><G116/><T40/><D49/><U42/><E112/><V46/><F125/><W103/><G123/><T110/><D121/><U33/><E33/><V100/><F46/><W80/><G1/><T38/><D126/><U88/><E25/><V72/><F85/><W118/><G118/><T0/><D132/><U73/><E73/><V91/><F91/><N who="3" m="53503" /><G70/><T134/><D134/><U35/><E35/><N who="2" m="20959" /><F31/><W84/><G124/><T62/><D104/><U37/><REACH who="1" step="1"/><E64/><REACH who="1" ten="283,183,233,291" step="2"/><V59/><F72/><W18/><G43/><T9/><D40/><U50/><E50/><V4/><F65/><N who="3" m="39087" /><G41/><T22/><D38/><U120/><E120/><V56/><F111/><W47/><G47/><T28/><D34/><U2/><E2/><V102/><F108/><W19/><G19/><T13/><D0/><U77/><AGARI ba="0,1" hai="37,42,45,55,58,63,77,83,86,88,95,99,105,107" machi="77" ten="20,8000,1" yaku="1,1,0,1,7,1,54,1,53,1" doraHai="32" doraHaiUra="36" who="1" fromWho="1" sc="283,-20,183,90,233,-40,291,-20" /><INIT seed="3,0,0,4,2,92" ten="263,273,193,271" oya="3" hai0="12,94,132,135,8,102,34,112,61,14,49,122,90" hai1="16,59,68,1,109,11,64,2,131,15,31,117,123" hai2="26,32,22,128,85,77,25,63,40,51,129,118,95" hai3="100,53,79,35,20,134,71,119,103,105,133,75,89"/><W125/><G119/><T91/><D34/><U96/><E68/><V107/><F107/><W108/><G35/><T120/><D61/><U39/><E39/><V10/><F118/><W4/><G71/><T9/><D49/><U36/><E36/><V29/><F10/><N who="0" m="4202" /><D102/><U130/><E123/><N who="0" m="47145" /><D94/><U52/><E64/><V48/><F63/><W33/><G125/><T62/><D62/><N who="1" m="36199" /><E109/><V88/><F77/><W83/><G108/><T69/><D69/><U101/><E31/><V5/><F5/><W30/><G33/><T78/><D78/><U70/><E70/><V55/><F40/><W13/><G4/><T87/><D87/><U66/><E66/><V65/><F65/><W23/><G53/><T60/><D60/><U110/><E110/><V93/><F93/><W72/><G72/><T74/><D74/><U67/><E67/><V82/><F82/><W124/><G124/><T113/><D14/><U114/><E114/><N who="0" m="44137" /><D12/><U98/><E117/><V73/><F73/><W97/><G103/><T81/><D81/><U24/><E24/><V18/><REACH who="2" step="1"/><F51/><REACH who="2" ten="263,273,183,271" step="2"/><W45/><G75/><T106/><D106/><U126/><E126/><V99/><F99/><N who="1" m="37929" /><E101/><V47/><AGARI ba="0,1" hai="18,22,25,26,29,32,47,48,55,85,88,95,128,129" machi="47" ten="30,4000,0" yaku="1,1,0,1,54,1,53,0" doraHai="92" doraHaiUra="54" who="2" fromWho="2" sc="263,-10,273,-10,183,50,271,-20" /><INIT seed="4,0,0,4,2,8" ten="253,263,233,251" oya="0" hai0="110,40,36,28,85,76,50,75,45,49,1,84,11" hai1="88,79,70,33,14,67,120,62,4,6,21,125,24" hai2="73,13,69,7,80,27,44,31,42,39,89,123,124" hai3="117,112,114,135,2,107,95,48,55,82,105,3,121"/><T116/><D116/><U65/><E120/><V74/><F123/><W99/><G117/><T78/><D28/><U101/><E79/><V46/><F69/><W133/><G121/><T15/><D110/><U17/><E125/><V94/><F124/><W87/><G2/><T106/><D106/><N who="3" m="40457" /><G3/><T56/><D1/><U131/><E101/><V53/><F80/><W60/><G60/><T86/><D75/><U37/><E37/><V113/><F113/><N who="3" m="43627" /><G55/><N who="0" m="31855" /><D36/><U63/><E131/><V130/><F130/><W92/><G48/><T26/><D26/><U90/><E4/><AGARI ba="0,0" hai="4,11,15,40,45,50,76,78,84,85,86" m="31855" machi="4" ten="30,2900,0" yaku="8,1,52,1" doraHai="8" who="0" fromWho="1" sc="253,29,263,-29,233,0,251,0" /><INIT seed="4,1,0,1,3,13" ten="282,234,233,251" oya="0" hai0="59,120,86,41,118,31,133,60,102,40,110,103,106" hai1="123,98,22,122,25,99,37,24,89,88,0,28,108" hai2="27,36,94,109,52,57,20,104,53,75,74,51,65" hai3="2,130,84,77,93,125,6,124,5,16,117,34,101"/><T48/><D118/><U91/><E37/><V107/><F109/><W10/><G34/><T87/><D120/><U46/><E0/><V64/><F36/><W63/><G117/><T43/><D133/><U78/><E78/><V69/><F69/><W76/><G130/><T14/><D110/><U90/><E108/><V70/><F70/><W3/><G63/><T129/><D129/><U49/><N who="1" m="22528" /><DORA hai="35" /><U7/><E7/><N who="3" m="2570" /><G101/><N who="0" m="38411" /><D106/><U4/><E4/><V44/><F94/><W73/><G93/><T55/><D31/><U19/><E123/><V80/><F104/><W66/><G66/><N who="0" m="39199" /><D14/><U61/><E61/><V95/><F95/><W32/><G32/><T8/><D8/><U114/><E114/><V112/><F107/><W30/><G30/><T42/><N who="0" m="10240" /><DORA hai="92" /><T100/><N who="0" m="38419" /><T131/><DORA hai="54" /><D131/><U29/><E122/><V38/><F112/><W97/><G73/><T23/><D23/><N who="1" m="13439" /><E28/><V85/><F74/><W39/><G39/><T105/><D105/><U96/><E96/><V9/><F75/><W83/><G97/><T58/><AGARI ba="1,0" hai="48,55,58,86,87" m="10240,39199,38419" machi="58" ten="50,9600,0" yaku="8,1,52,2" doraHai="13,35,92,54" who="0" fromWho="0" sc="282,99,234,-33,233,-33,251,-33" owari="381,48.1,201,-19.9,200,-30.0,218,1.8" /></mjloggm>