<mjloggm ver="2.3"><GO type="225" lobby="0"/><UN n0="%E5%B8%86%E7%AB%8B%E5%A4%8F%E8%A1%A3" n1="%E2%91%A3%E9%81%BF%E9%81%8A%E6%88%AF%E3%80%90%E6%9D%B1%E5%8D%97%E3%80%91" n2="%E3%81%A1%E3%82%85%E3%81%86%E3%81%A9%E3%81%8F%E8%B1%A1%E3%81%95%E3%82%93" n3="%E3%81%A9%E3%82%8F%E3%82%93%E3%81%94" dan="17,16,17,16" rate="2143.05,2097.25,2199.13,2208.92" sx="M,M,M,M"/><TAIKYOKU oya="0"/><INIT seed="0,0,0,5,2,20" ten="250,250,250,250" oya="0" hai0="112,10,2,119,66,109,111,129,95,46,16,33,87" hai1="54,69,82,76,134,63,81,38,34,120,50,13,4" hai2="106,75,68,22,55,61,104,108,51,19,114,56,98" hai3="37,59,72,107,23,127,97,57,78,105,124,15,65"/><T121/><D112/><U1/><E120/><V17/><F114/><W123/><G37/><T135/><D121/><U49/><E38/><V99/><F75/><W40/><G40/><T101/><D119/><U45/><E34/><V126/><F108/><N who="0" m="41546" /><D135/><U47/><E134/><V89/><F126/><W43/><G43/><T11/><D129/><U128/><E128/><V53/><F19/><W7/><G78/><T125/><D125/><U73/><E82/><V44/><F68/><W122/><G72/><T132/><D132/><U80/><E81/><V79/><F79/><W131/><G131/><T0/><D33/><U36/><E13/><V29/><F29/><W100/><G15/><N who="0" m="7287" /><D66/><U118/><E118/><V9/><F9/><W64/><G100/><T77/><D46/><U93/><E36/><V90/><F99/><W48/><G23/><T31/><D31/><U103/><E4/><V39/><F39/><W42/><G42/><T60/><D60/><U35/><E1/><N who="0" m="617" /><D11/><U14/><E63/><V96/><F96/><W8/><G8/><T116/><D116/><U25/><E69/><V21/><F21/><W58/><G58/><T91/><D77/><U133/><E133/><V3/><F3/><W27/><G7/><T30/><D30/><U41/><E35/><V102/><REACH who="2" step="1"/><F104/><REACH who="2" ten="250,250,240,250" step="2"/><W74/><G127/><T113/><D113/><U83/><E73/><V18/><F18/><W6/><G124/><T5/><D5/><U71/><E71/><V70/><F70/><W92/><G123/><T94/><D101/><U88/><E103/><V117/><F117/><W85/><G122/><RYUUKYOKU ba="0,1" sc="250,15,250,-15,240,15,250,-15" hai0="87,91,94,95" hai2="17,22,44,51,53,55,56,61,89,90,98,102,106" /><INIT seed="0,1,1,2,3,119" ten="265,235,255,235" oya="0" hai0="101,51,123,7,11,15,13,56,73,120,49,14,88" hai1="106,60,79,27,105,42,37,124,78,90,39,52,116" hai2="126,74,117,5,86,43,17,69,92,102,64,53,21" hai3="20,70,112,29,109,127,45,32,30,130,55,48,76"/><T98/><D73/><U122/><E27/><V99/><F74/><W81/><G112/><T108/><D108/><U128/><E42/><V31/><F117/><W80/><G109/><T0/><D88/><U58/><E116/><V26/><F43/><W107/><G32/><T72/><D72/><U85/><E128/><V91/><F126/><W44/><G127/><T125/><D125/><U100/><E124/><V41/><F41/><W121/><G107/><T68/><D68/><U111/><E111/><V114/><F114/><W113/><G70/><T33/><D33/><U2/><E2/><V34/><F5/><W19/><G113/><T40/><D56/><U23/><E23/><V95/><F53/><W110/><G130/><T18/><D18/><U1/><E1/><V97/><F86/><N who="3" m="48391" /><G110/><T9/><D9/><U71/><E71/><V38/><F38/><W83/><G45/><T135/><D135/><U47/><E47/><V50/><F50/><W103/><G103/><T82/><D82/><N who="3" m="31241" /><G121/><T93/><REACH who="0" step="1"/><D40/><REACH who="0" ten="255,235,255,235" step="2"/><U22/><E58/><V12/><F69/><W61/><G61/><T133/><D133/><U96/><E60/><V10/><REACH who="2" step="1"/><F64/><REACH who="2" ten="255,235,245,235" step="2"/><W35/><G35/><AGARI ba="1,3" hai="10,12,17,21,26,31,34,35,91,92,95,97,99,102" machi="35" ten="40,5200,0" yaku="1,1,2,1,53,1" doraHai="119" doraHaiUra="6" who="2" fromWho="3" sc="255,0,235,0,245,85,235,-55" /><INIT seed="1,0,0,3,2,116" ten="255,235,330,180" oya="1" hai0="49,18,75,102,113,134,34,13,99,32,115,117,35" hai1="2,3,105,110,27,31,106,17,59,118,8,52,92" hai2="29,57,71,125,30,1,37,114,54,15,41,26,103" hai3="95,56,44,86,120,135,25,24,68,11,107,61,131"/><U6/><E118/><V98/><F71/><W87/><G68/><T66/><D117/><U42/><E110/><V58/><F1/><W20/><G107/><T101/><D75/><U38/><E3/><V100/><F29/><W74/><G74/><T5/><D134/><U10/><E92/><V128/><F128/><W46/><G131/><T51/><D5/><U62/><E10/><V36/><F100/><W109/><G135/><T67/><D115/><U16/><E42/><V39/><F114/><W93/><G109/><T65/><D113/><U72/><E38/><V78/><F78/><W88/><G11/><T47/><D99/><U19/><REACH who="1" step="1"/><E72/><REACH who="1" ten="255,225,330,180" step="2"/><V83/><F41/><W73/><G73/><T126/><D102/><U108/><E108/><V12/><F36/><W0/><G0/><T23/><D101/><U21/><AGARI ba="0,1" hai="2,6,8,16,17,19,21,27,31,52,59,62,105,106" machi="21" ten="30,11700,0" yaku="1,1,0,1,54,2,53,0" doraHai="116" doraHaiUra="133" who="1" fromWho="1" sc="255,-39,225,127,330,-39,180,-39" /><INIT seed="1,1,0,2,1,71" ten="216,352,291,141" oya="1" hai0="54,86,14,106,59,101,135,9,15,48,53,25,36" hai1="120,19,55,10,40,5,62,58,44,125,27,50,103" hai2="134,110,122,70,76,33,118,31,42,23,112,7,63" hai3="67,45,111,79,133,89,80,72,46,132,20,41,65"/><U17/><E120/><V43/><F76/><W127/><G111/><T85/><D135/><N who="3" m="51785" /><G127/><T34/><D106/><U22/><E125/><V82/><F134/><W29/><G89/><T49/><D101/><U39/><E103/><V123/><F118/><W107/><G107/><T74/><D74/><U51/><REACH who="1" step="1"/><E19/><REACH who="1" ten="216,342,291,141" step="2"/><V26/><F122/><W93/><G29/><T91/><D15/><AGARI ba="1,1" hai="5,10,15,17,22,27,39,40,44,50,51,55,58,62" machi="15" ten="30,11600,0" yaku="1,1,2,1,7,1,52,1,53,0" doraHai="71" doraHaiUra="30" who="1" fromWho="0" sc="216,-119,342,129,291,0,141,0" /><INIT seed="1,2,0,3,5,47" ten="97,471,291,141" oya="1" hai0="84,80,112,54,105,35,43,128,116,6,55,91,20" hai1="50,130,9,14,32,66,13,71,87,45,11,120,110" hai2="16,38,33,36,103,100,132,61,111,78,98,17,96" hai3="12,92,90,123,23,75,121,82,83,41,85,46,86"/><U44/><E120/><V102/><F33/><W64/><G64/><T129/><D35/><U19/><E32/><V5/><F78/><W76/><G23/><T135/><D112/><U97/><E130/><N who="0" m="50281" /><D116/><U42/><E110/><V124/><F5/><W8/><G75/><T21/><D105/><U27/><E71/><V94/><F111/><W108/><G92/><T119/><D119/><U3/><E66/><V39/><F132/><W49/><REACH who="3" step="1"/><G108/><REACH who="3" ten="97,471,291,131" step="2"/><T2/><D135/><U89/><E27/><V69/><F94/><W56/><G56/><T134/><D134/><U133/><E133/><V1/><F69/><W59/><G59/><T101/><D101/><U131/><E131/><V77/><F102/><W48/><G48/><T106/><D106/><U73/><E73/><V4/><F100/><W7/><AGARI ba="2,1" hai="7,8,12,41,46,49,76,82,83,85,86,90,121,123" machi="7" ten="20,12000,2" yaku="1,1,0,1,7,1,25,2,52,1,53,0" doraHai="47" doraHaiUra="25" who="3" fromWho="3" sc="97,-32,471,-62,291,-32,131,136" /><INIT seed="2,0,0,2,5,87" ten="65,409,259,267" oya="2" hai0="74,90,92,12,17,106,41,9,13,45,88,56,31" hai1="23,124,105,86,117,63,8,61,11,121,135,58,113" hai2="66,83,73,71,108,133,129,38,33,18,10,68,24" hai3="126,16,29,95,55,110,70,102,69,84,131,72,89"/><V115/><F115/><W26/><G72/><T134/><D134/><U116/><E113/><V54/><F133/><W47/><G110/><T59/><D74/><U2/><E135/><V119/><F119/><W118/><G118/><T49/><D106/><U37/><E105/><V82/><F38/><W111/><G111/><T100/><D31/><U128/><E37/><V0/><F129/><W6/><G131/><T21/><D100/><U77/><E128/><V3/><F108/><W20/><G126/><T91/><REACH who="0" step="1"/><D92/><REACH who="0" ten="55,409,259,267" step="2"/><U120/><E117/><V123/><F73/><W40/><G102/><T7/><AGARI ba="0,1" hai="7,9,12,13,17,21,41,45,49,56,59,88,90,91" machi="7" ten="30,16000,3" yaku="1,1,2,1,0,1,8,1,52,3,54,1,53,1" doraHai="87" doraHaiUra="42" who="0" fromWho="0" sc="55,170,409,-40,259,-80,267,-40" /><INIT seed="3,0,0,1,4,127" ten="225,369,179,227" oya="3" hai0="36,99,45,97,58,84,35,94,9,8,40,112,91" hai1="98,71,41,53,88,48,4,37,110,5,22,129,38" hai2="66,15,124,59,111,96,50,95,23,73,65,27,134" hai3="78,132,52,90,11,49,135,89,104,81,68,116,69"/><W107/><G116/><T6/><D112/><U44/><E129/><V133/><F73/><W67/><G11/><T16/><D35/><U119/><E110/><V0/><F0/><W109/><G109/><T80/><D9/><U93/><E119/><V92/><F111/><W20/><G20/><T61/><D16/><U30/><E71/><N who="3" m="27210" /><G67/><T56/><D61/><U114/><E114/><V47/><F124/><W10/><G10/><T79/><D99/><U57/><E38/><V63/><F15/><AGARI ba="0,0" hai="6,8,15,36,40,45,56,58,79,80,84,91,94,97" machi="15" ten="30,1000,0" yaku="7,1" doraHai="127" who="0" fromWho="2" sc="225,10,369,0,179,-10,227,0" owari="235,3.5,369,46.9,169,-33.1,227,-17.3" /></mjloggm>