<mjloggm ver="2.3"><GO type="225" lobby="0"/><UN n0="%E3%83%AD%E3%83%83%E3%83%86%E9%9B%80%E7%90%83" n1="%E3%81%B2%E3%81%AA%E3%81%AE%E3%82%8A%E3%81%8F" n2="%72%61%6B%33" n3="%31%50%E3%81%9F%E3%81%9D" dan="17,17,18,16" rate="2250.05,2204.54,2281.82,2114.47" sx="M,M,M,F"/><TAIKYOKU oya="0"/><INIT seed="0,0,0,0,5,132" ten="250,250,250,250" oya="0" hai0="55,56,27,75,123,24,114,93,0,39,120,86,83" hai1="80,46,49,107,113,106,35,95,58,42,116,13,65" hai2="91,9,135,97,3,87,10,130,104,90,59,78,15" hai3="52,54,43,125,92,17,128,69,18,100,60,74,103"/><T109/><D0/><U25/><E116/><V66/><F130/><W31/><G74/><T118/><D114/><U1/><E1/><V61/><F135/><W131/><G125/><T112/><D112/><U40/><E40/><V122/><F122/><W68/><G31/><T94/><D118/><U23/><E35/><V117/><F117/><W7/><G7/><T53/><D39/><U71/><E71/><N who="3" m="27210" /><G92/><T77/><D109/><U101/><E13/><V129/><F129/><N who="3" m="49739" /><G43/><T41/><D41/><U29/><E80/><V134/><F134/><W34/><G34/><T111/><D111/><U126/><E126/><V98/><F9/><W14/><G18/><T127/><D127/><U37/><E113/><V89/><F104/><W30/><G30/><T8/><D8/><U57/><E57/><V44/><F44/><W64/><G100/><T115/><D115/><U21/><E21/><V105/><F105/><W4/><G4/><T11/><D11/><U50/><E37/><V6/><REACH who="2" step="1"/><F3/><REACH who="2" ten="250,250,240,250" step="2"/><W96/><G60/><T110/><D110/><U36/><E107/><V70/><F70/><W19/><G64/><T67/><D123/><U26/><E106/><V32/><F32/><W33/><G33/><T121/><D120/><U99/><REACH who="1" step="1"/><E26/><REACH who="1" ten="250,240,240,250" step="2"/><V133/><F133/><W48/><G14/><T82/><D24/><U81/><E81/><AGARI ba="0,2" hai="6,10,15,59,61,66,78,81,87,89,90,91,97,98" machi="81" ten="40,2600,0" yaku="1,1,8,1,53,0" doraHai="132" doraHaiUra="108" who="2" fromWho="1" sc="250,0,240,-26,240,46,250,0" /><INIT seed="1,0,0,0,3,9" ten="250,214,286,250" oya="1" hai0="50,0,101,37,125,71,18,48,99,74,104,89,43" hai1="32,7,105,78,15,123,110,116,126,107,72,67,19" hai2="108,119,60,109,10,134,73,58,64,22,130,93,76" hai3="88,54,49,92,117,30,4,38,102,133,128,61,23"/><U113/><E116/><V36/><F119/><W14/><G117/><T56/><D71/><U2/><E113/><V84/><F36/><W53/><G38/><T35/><D125/><U91/><E123/><V120/><F120/><W82/><G128/><T103/><D74/><U81/><E32/><V124/><F130/><W1/><G1/><T28/><D0/><U40/><E126/><V39/><F39/><W98/><G133/><T6/><D6/><U96/><E40/><V52/><F124/><W57/><G30/><T75/><D75/><U80/><E67/><V135/><F73/><W5/><G82/><T127/><D103/><U87/><E110/><N who="2" m="42603" /><F22/><W42/><G42/><T24/><D127/><U11/><REACH who="1" step="1"/><E96/><REACH who="1" ten="250,204,286,250" step="2"/><V118/><F118/><W45/><G102/><T66/><D99/><U17/><E17/><AGARI ba="0,1" hai="4,5,14,17,23,45,49,53,54,57,61,88,92,98" machi="17" ten="40,5200,0" yaku="8,1,52,1,54,1" doraHai="9" who="3" fromWho="1" sc="250,0,204,-52,286,0,250,62" /><INIT seed="2,0,0,4,4,80" ten="250,152,286,312" oya="2" hai0="85,26,133,78,94,105,42,6,55,84,107,79,97" hai1="126,123,48,71,92,87,76,125,66,83,41,20,62" hai2="129,90,113,32,93,70,2,5,88,75,16,74,30" hai3="23,10,9,124,35,77,68,122,13,131,56,121,46"/><V37/><F113/><W114/><G68/><T17/><D133/><U34/><E34/><V91/><F37/><W54/><G35/><T43/><D107/><U27/><E123/><V25/><F129/><W40/><G114/><T116/><D105/><U118/><E118/><V89/><F70/><W120/><G131/><T38/><D38/><U64/><E64/><V95/><F16/><W36/><G124/><T21/><D116/><U112/><E112/><V44/><F44/><W57/><G77/><N who="0" m="29195" /><D6/><U65/><E65/><V117/><F117/><W108/><G108/><T61/><D55/><U98/><E48/><V111/><F111/><W49/><G56/><T4/><D61/><U134/><E41/><N who="0" m="15369" /><D4/><U33/><E33/><V130/><F130/><W51/><G36/><T135/><D135/><U101/><REACH who="1" step="1"/><E134/><REACH who="1" ten="250,142,286,312" step="2"/><V59/><F32/><W100/><G121/><T73/><D73/><U67/><E67/><V8/><F74/><W22/><G51/><T52/><D52/><U96/><E96/><V45/><F75/><W69/><G54/><T132/><D132/><U1/><E1/><V119/><F119/><W109/><G49/><T19/><D19/><AGARI ba="0,1" hai="19,20,27,62,66,71,76,83,87,92,98,101,125,126" machi="19" ten="40,2600,0" yaku="1,1,52,1,53,0" doraHai="80" doraHaiUra="0" who="1" fromWho="0" sc="250,-26,142,36,286,0,312,0" /><INIT seed="3,0,0,5,1,66" ten="224,178,286,312" oya="3" hai0="52,98,7,54,129,61,69,116,12,30,102,49,122" hai1="115,35,43,100,59,123,32,133,114,42,82,16,84" hai2="72,104,105,71,87,2,130,57,112,29,107,97,25" hai3="117,99,21,65,24,56,70,48,17,47,103,111,15"/><W38/><G117/><T33/><D116/><U134/><E123/><V19/><F112/><W13/><G38/><T125/><D122/><U23/><E100/><V131/><F72/><W118/><G118/><T20/><D125/><U60/><E35/><V86/><F2/><W93/><G70/><T120/><D129/><N who="2" m="49162" /><F19/><W88/><G111/><T77/><D77/><U106/><E106/><V9/><F9/><W108/><G108/><T121/><D7/><U78/><E32/><N who="2" m="20527" /><F71/><W53/><G103/><T63/><D12/><N who="3" m="4681" /><G65/><N who="0" m="41135" /><D20/><U1/><E1/><V27/><F27/><W37/><G37/><T50/><D63/><U58/><E115/><V8/><F8/><W74/><G74/><T68/><D68/><U127/><E114/><V5/><F5/><W40/><G40/><T6/><D6/><U81/><E127/><V41/><F41/><W76/><G76/><T96/><D96/><U75/><E75/><V34/><F34/><W92/><G92/><T94/><D50/><U124/><E124/><V14/><F14/><W83/><G83/><T73/><D73/><U28/><E82/><V11/><F11/><W109/><G109/><T89/><D102/><U51/><E51/><V80/><F80/><W4/><G4/><T67/><D67/><U55/><E28/><V26/><F26/><W64/><G64/><T10/><D10/><U110/><E110/><V135/><F97/><W3/><G3/><T44/><D54/><U39/><E39/><V85/><F57/><AGARI ba="0,0" hai="17,21,24,47,48,53,56,57,88,93,99" m="4681" machi="57" ten="30,2900,0" yaku="8,1,54,1" doraHai="66" who="3" fromWho="2" sc="224,0,178,0,286,-29,312,29" owari="224,-17.6,178,-32.2,257,5.7,341,44.1" /></mjloggm>