<mjloggm ver="2.3"><GO type="225" lobby="0"/><UN n0="%E7%99%BD%E9%9B%AA%E4%B9%83%E6%84%9B" n1="%E3%82%BC%E3%83%AB%E3%83%80%E3%81%AE%E4%BC%9D%E8%AA%AC" n2="%47%68%6F%73%74%55%30" n3="%E3%81%82%E3%81%99%E3%81%AB%E3%82%83%E3%82%80" dan="16,17,17,16" rate="2058.73,2170.59,2155.34,2093.65" sx="F,M,M,F"/><TAIKYOKU oya="0"/><INIT seed="0,0,0,0,5,18" ten="250,250,250,250" oya="0" hai0="119,46,83,102,2,69,25,23,33,1,112,111,9" hai1="101,108,92,132,96,48,42,65,88,78,122,63,56" hai2="51,107,14,94,89,93,106,95,77,4,128,82,87" hai3="70,35,30,19,31,67,38,57,79,53,75,127,100"/><T0/><D112/><U90/><E108/><V17/><F128/><W109/><G109/><T60/><D119/><U129/><E132/><V10/><F51/><W105/><G38/><T7/><D111/><U121/><E129/><V72/><REACH who="2" step="1"/><F4/><REACH who="2" ten="250,250,240,250" step="2"/><W6/><G6/><T50/><D7/><U113/><E113/><V13/><F13/><W76/><G127/><T80/><D0/><U62/><E122/><V16/><F16/><W134/><G19/><T37/><D1/><U103/><E121/><V8/><F8/><W21/><G30/><T99/><D9/><U98/><E62/><V71/><F71/><W52/><G31/><T74/><D2/><U22/><E48/><V73/><F73/><W123/><G70/><T55/><D74/><U116/><E116/><V44/><F44/><W24/><G75/><T68/><D37/><U11/><E11/><V130/><F130/><W5/><G123/><T124/><D124/><U110/><E110/><V97/><F97/><W126/><G5/><T118/><D118/><U49/><E49/><V12/><F12/><W27/><G126/><T58/><D69/><U125/><E125/><V84/><F84/><W59/><G59/><T41/><D68/><U133/><E98/><V135/><F135/><W45/><G57/><T104/><REACH who="0" step="1"/><D33/><REACH who="0" ten="240,250,240,250" step="2"/><U131/><E133/><V64/><F64/><W115/><G134/><T120/><D120/><U40/><E65/><V86/><F86/><W36/><G35/><T34/><D34/><U26/><E131/><V54/><F54/><W66/><G53/><T29/><AGARI ba="0,2" hai="23,25,29,41,46,50,55,58,60,80,83,99,102,104" machi="29" ten="20,7800,0" yaku="1,1,0,1,7,1,52,1,53,0" doraHai="18" doraHaiUra="61" who="0" fromWho="0" sc="240,98,250,-26,240,-26,250,-26" /><INIT seed="0,1,0,4,4,86" ten="338,224,214,224" oya="0" hai0="79,120,75,23,35,39,119,45,121,130,105,40,110" hai1="51,37,8,46,25,84,44,57,28,113,49,135,125" hai2="112,129,107,65,101,13,9,131,63,134,31,122,62" hai3="80,82,108,26,12,102,53,43,1,76,69,103,4"/><T132/><RYUUKYOKU type="yao9" ba="1,0" sc="338,0,224,0,214,0,224,0" hai0="23,35,39,40,45,75,79,105,110,119,120,121,130,132" /><INIT seed="0,2,0,3,0,15" ten="338,224,214,224" oya="0" hai0="78,57,53,37,60,5,131,47,126,33,99,123,2" hai1="101,85,4,110,117,135,88,82,36,97,46,18,119" hai2="93,13,42,75,80,120,10,12,32,86,51,114,128" hai3="56,14,23,19,3,20,58,106,103,73,29,89,38"/><T98/><D123/><U44/><E135/><V74/><F120/><W90/><G38/><T83/><D33/><U69/><E69/><V49/><F114/><W63/><G73/><T108/><D131/><U40/><E110/><V25/><F128/><W6/><G56/><T104/><D126/><U54/><E4/><V70/><F93/><W11/><G103/><T30/><D30/><U133/><E133/><V84/><F70/><W125/><G106/><T48/><D108/><U27/><E46/><V118/><F118/><W16/><G29/><T26/><D26/><U35/><E54/><V72/><F25/><W9/><G9/><T21/><D21/><U113/><E113/><V100/><F100/><W17/><G125/><T102/><D99/><U127/><E127/><V52/><F32/><W39/><G39/><T76/><D37/><U45/><E45/><V122/><F122/><W61/><G61/><T65/><D83/><U8/><E35/><V105/><F105/><W112/><G112/><T130/><D130/><U24/><E24/><V109/><F80/><W64/><G3/><T94/><D104/><N who="1" m="63535" /><E27/><V68/><F68/><W79/><G79/><N who="0" m="30251" /><D2/><U7/><E7/><AGARI ba="2,0" hai="5,7,47,48,53,57,60,65,94,98,102" m="30251" machi="7" ten="30,1500,0" yaku="8,1" doraHai="15" who="0" fromWho="1" sc="338,21,224,-21,214,0,224,0" /><INIT seed="0,3,0,3,3,92" ten="359,203,214,224" oya="0" hai0="109,107,126,95,71,110,118,83,51,61,90,134,65" hai1="53,15,80,111,82,22,33,121,100,62,11,81,132" hai2="115,46,49,48,117,38,74,26,128,113,28,119,29" hai3="9,93,16,103,1,123,84,14,7,67,79,41,21"/><T98/><D118/><N who="2" m="45066" /><F74/><W44/><G123/><T102/><D126/><U24/><E121/><V124/><F124/><W125/><G125/><T37/><D37/><U75/><E111/><N who="0" m="42505" /><D134/><U3/><E132/><V91/><F128/><W63/><G79/><T30/><D30/><N who="2" m="11882" /><F26/><W130/><G130/><T70/><D83/><U97/><E3/><V19/><F19/><W68/><G84/><N who="0" m="52679" /><D51/><N who="2" m="19530" /><F91/><W64/><G64/><T85/><D85/><U47/><E33/><V57/><F57/><AGARI ba="3,0" hai="57,61,65,70,71,98,102,107" m="52679,42505" machi="57" ten="30,5800,0" yaku="14,1,10,1,52,1" doraHai="92" who="0" fromWho="2" sc="359,67,203,0,214,-67,224,0" /><INIT seed="0,4,0,5,3,17" ten="426,203,147,224" oya="0" hai0="2,27,59,124,8,65,109,72,84,6,34,70,67" hai1="20,48,14,77,39,80,133,114,119,35,90,63,69" hai2="60,96,73,52,118,47,16,78,7,49,22,66,89" hai3="21,61,37,126,102,4,135,23,87,131,13,115,101"/><T54/><D124/><U99/><E119/><V40/><F118/><W19/><G115/><T45/><D72/><U111/><E39/><V93/><F7/><W127/><G37/><T83/><D45/><U113/><E35/><V92/><F73/><W108/><G108/><T106/><D106/><U120/><E120/><V41/><F78/><W116/><G116/><T12/><D109/><U98/><E111/><V9/><F9/><W53/><G4/><T110/><D110/><U25/><E14/><V76/><F76/><W31/><G135/><T82/><D82/><U81/><E48/><V15/><F92/><W112/><G112/><N who="1" m="43114" /><E133/><V68/><AGARI ba="4,0" hai="15,16,22,40,41,47,49,52,60,66,68,89,93,96" machi="68" ten="20,8000,1" yaku="0,1,7,1,52,1,54,2" doraHai="17" who="2" fromWho="2" sc="426,-44,203,-24,147,92,224,-24" /><INIT seed="1,0,0,3,3,90" ten="382,179,239,200" oya="1" hai0="40,135,61,129,121,48,91,47,112,33,89,100,20" hai1="54,44,108,72,116,65,34,125,92,70,75,2,98" hai2="19,25,60,41,0,109,24,113,32,29,38,14,107" hai3="93,45,36,126,27,130,127,96,86,12,101,102,123"/><U37/><E116/><V66/><F107/><W43/><G123/><T39/><D33/><U5/><E34/><V59/><F109/><W30/><G130/><T83/><D112/><U50/><E125/><N who="3" m="47626" /><G86/><T67/><D129/><U118/><E118/><V132/><F0/><W78/><G78/><T52/><D135/><U63/><E108/><V122/><F132/><W81/><G81/><T18/><D100/><U62/><E62/><V1/><F1/><W10/><G102/><T49/><D121/><U79/><E79/><V134/><F122/><W80/><G80/><T46/><D39/><U26/><E26/><V105/><F38/><W51/><G51/><T21/><D21/><U85/><E85/><V117/><F117/><W73/><G73/><T53/><D40/><N who="1" m="22543" /><E5/><V74/><F41/><W69/><G69/><T31/><D31/><U64/><E64/><V42/><F42/><W84/><G84/><T97/><D83/><U133/><E2/><V57/><F74/><W35/><G12/><N who="0" m="9287" /><D97/><U8/><E133/><V87/><F134/><W9/><AGARI ba="0,0" hai="9,10,27,30,35,36,43,45,93,96,101" m="47626" machi="9" ten="30,2000,0" yaku="18,1,52,1" doraHai="90" who="3" fromWho="3" sc="382,-5,179,-10,239,-5,200,20" /><INIT seed="2,0,0,0,0,80" ten="377,169,234,220" oya="2" hai0="49,22,60,9,27,45,122,135,17,82,79,114,86" hai1="90,61,88,44,125,102,115,89,51,57,14,42,68" hai2="129,118,47,130,30,5,23,72,65,10,105,107,116" hai3="87,29,38,46,97,28,101,94,103,24,19,31,56"/><V84/><F72/><W109/><G109/><T77/><D122/><U67/><E125/><V4/><F65/><W73/><G73/><T119/><D114/><U48/><E115/><V131/><F47/><W26/><G103/><T92/><D135/><U25/><E102/><V127/><F127/><W111/><G111/><T113/><D113/><U40/><E25/><N who="2" m="16703" /><F84/><W120/><G120/><T132/><D132/><U117/><E117/><N who="2" m="45163" /><F105/><W123/><G123/><T41/><D119/><U43/><REACH who="1" step="1"/><E14/><REACH who="1" ten="377,159,234,220" step="2"/><N who="2" m="5447" /><F107/><W15/><G101/><T7/><D92/><U58/><E58/><V35/><F35/><W69/><G56/><T63/><D77/><U55/><AGARI ba="0,1" hai="40,42,43,44,48,51,55,57,61,67,68,88,89,90" machi="55" ten="30,7900,0" yaku="1,1,0,1,54,1,53,1" doraHai="80" doraHaiUra="54" who="1" fromWho="1" sc="377,-20,159,89,234,-39,220,-20" /><INIT seed="3,0,0,4,1,95" ten="357,248,195,200" oya="3" hai0="102,97,93,105,84,91,94,75,67,18,135,49,128" hai1="3,81,70,115,63,113,122,88,80,29,64,40,56" hai2="16,82,34,101,35,116,72,31,0,126,104,107,55" hai3="53,62,19,23,86,77,121,8,38,12,73,51,124"/><W25/><G38/><T79/><D67/><U52/><E122/><V54/><F116/><W108/><G121/><T119/><D119/><U112/><E3/><V50/><F0/><W109/><G124/><T41/><D18/><U1/><E1/><V6/><F6/><W103/><G62/><T90/><D41/><U10/><E10/><V13/><F126/><W130/><G130/><T17/><D17/><U127/><E127/><V36/><F36/><W117/><G117/><T20/><D20/><U123/><E123/><V47/><F31/><W76/><G73/><T30/><D49/><N who="1" m="30735" /><E88/><V61/><F104/><W44/><G103/><T98/><D30/><U66/><E29/><V106/><F101/><W9/><G9/><T120/><D120/><U58/><E81/><V14/><F106/><W74/><G74/><T5/><D5/><U37/><E80/><V118/><F107/><W15/><G15/><T27/><D27/><U87/><E87/><V26/><F118/><W78/><G86/><N who="0" m="52439" /><D135/><U114/><E114/><V32/><F82/><W134/><G134/><T69/><D69/><U129/><E129/><V100/><F100/><W125/><G125/><T71/><D71/><U133/><E133/><V96/><F72/><W57/><REACH who="3" step="1"/><G57/><REACH who="3" ten="357,248,195,190" step="2"/><T48/><D128/><U24/><E58/><N who="2" m="35031" /><F13/><W7/><AGARI ba="0,1" hai="7,8,12,19,23,25,44,51,53,76,77,78,108,109" machi="7" ten="30,6000,0" yaku="1,1,0,1,53,1" doraHai="95" doraHaiUra="4" who="3" fromWho="3" sc="357,-20,248,-20,195,-20,190,70" /><INIT seed="3,1,0,2,0,63" ten="337,228,175,260" oya="3" hai0="83,122,130,76,59,134,66,3,55,64,9,77,60" hai1="85,104,7,98,2,73,116,35,13,90,84,21,19" hai2="103,61,8,22,93,43,133,38,115,10,72,54,79" hai3="81,49,14,5,121,33,40,15,4,87,68,119,123"/><W109/><G119/><T82/><D122/><U48/><E73/><V47/><F133/><W131/><G33/><T62/><D130/><U78/><E116/><V117/><F117/><W95/><G68/><T108/><D108/><U99/><E104/><V17/><F115/><W44/><G131/><T75/><D134/><U69/><E69/><V45/><F79/><W107/><G107/><T74/><D60/><U114/><E114/><V6/><F72/><W11/><G95/><T24/><D24/><U110/><E110/><V12/><F6/><AGARI ba="1,0" hai="3,6,9,55,59,62,64,66,74,75,76,77,82,83" machi="6" ten="40,5200,0" yaku="9,1,52,2" doraHai="63" who="0" fromWho="2" sc="337,55,228,0,175,-55,260,0" owari="392,49.2,228,-17.2,120,-38.0,260,6.0" /></mjloggm>