<mjloggm ver="2.3"><GO type="225" lobby="0"/><UN n0="%E3%82%A2%E3%83%A1%E3%82%A2%E3%83%A9%E3%83%AC" n1="%E3%82%BC%E3%83%AB%E3%83%80%E3%81%AE%E4%BC%9D%E8%AA%AC" n2="%72%69%6F%75%63%68%61%6E" n3="%E3%83%A1%E3%82%AC%E3%83%87%E3%82%B8" dan="16,18,17,16" rate="2057.37,2181.82,2241.18,2057.66" sx="M,M,M,F"/><TAIKYOKU oya="0"/><INIT seed="0,0,0,3,1,120" ten="250,250,250,250" oya="0" hai0="24,39,28,85,62,75,12,128,111,99,43,57,0" hai1="81,8,83,58,108,1,113,42,79,91,77,109,100" hai2="65,10,51,80,20,30,16,98,118,52,112,134,35" hai3="93,32,132,110,11,55,25,66,56,105,84,44,49"/><T114/><D114/><U41/><E113/><V103/><F112/><W122/><G105/><T73/><D0/><U14/><E1/><V125/><F125/><W4/><G122/><T96/><D128/><U7/><E100/><V37/><F37/><W33/><G132/><T72/><D12/><U2/><E2/><V60/><F134/><W78/><G25/><T15/><D15/><U40/><E58/><N who="2" m="37015" /><F35/><W69/><G69/><T130/><D130/><U123/><E123/><V94/><F118/><W71/><G71/><T86/><D43/><U116/><E116/><V34/><F34/><W92/><G33/><T9/><D9/><U88/><E81/><V46/><F80/><N who="3" m="47127" /><G32/><T53/><D39/><U121/><E79/><V97/><F97/><W22/><G22/><T50/><D99/><U54/><E54/><V63/><F63/><N who="3" m="38247" /><G110/><N who="1" m="42602" /><E121/><V31/><F10/><W124/><G124/><T67/><D96/><U38/><E38/><V129/><F129/><W101/><G101/><T102/><D102/><U61/><E61/><V5/><F5/><W76/><G76/><T29/><D111/><U107/><E107/><V64/><F64/><W45/><G4/><T95/><D67/><U89/><E89/><V6/><F6/><W13/><G45/><T90/><D62/><U59/><E59/><V70/><F70/><W104/><G104/><T21/><D90/><U74/><AGARI ba="0,0" hai="7,8,14,40,41,42,74,77,83,88,91" m="42602" machi="74" ten="30,8000,1" yaku="14,1,52,3,54,1" doraHai="120" who="1" fromWho="1" sc="250,-40,250,80,250,-20,250,-20" /><INIT seed="1,0,0,3,3,14" ten="210,330,230,230" oya="1" hai0="60,82,36,16,108,8,103,53,93,71,62,126,24" hai1="128,129,70,121,84,57,40,133,130,98,11,125,76" hai2="43,10,118,81,29,9,92,55,18,33,73,80,2" hai3="127,89,34,26,109,66,6,114,85,44,45,50,42"/><U94/><E70/><V4/><F118/><W91/><G114/><T49/><D108/><U23/><E121/><V27/><F73/><W58/><G109/><T41/><D126/><U25/><E125/><V32/><F43/><W39/><G127/><T20/><D41/><U88/><E133/><V61/><F33/><W63/><G6/><T67/><D36/><U56/><E40/><V5/><F18/><W117/><G117/><T119/><D119/><U74/><E11/><V79/><F79/><W95/><G45/><T116/><D116/><U3/><E3/><V120/><F120/><W72/><G72/><T31/><D82/><N who="1" m="47175" /><E74/><V83/><F92/><W64/><G39/><T113/><D113/><U68/><E68/><V101/><F101/><W15/><G15/><N who="0" m="7271" /><D67/><U35/><E35/><V75/><F75/><W135/><G135/><T104/><D71/><U30/><AGARI ba="0,0" hai="23,25,30,56,57,88,94,98,128,129,130" m="47175" machi="30" ten="30,3000,0" yaku="19,1,54,1" doraHai="14" who="1" fromWho="1" sc="210,-10,330,30,230,-10,230,-10" /><INIT seed="1,1,0,3,4,120" ten="200,360,220,220" oya="1" hai0="134,121,85,115,29,46,19,54,125,74,64,7,11" hai1="16,56,107,25,86,28,110,127,129,90,20,82,50" hai2="44,80,57,21,111,92,108,17,42,76,2,51,78" hai3="87,123,102,126,106,68,101,70,40,3,58,34,48"/><U97/><E110/><N who="2" m="42027" /><F2/><W89/><G123/><T15/><D74/><U10/><E127/><V53/><F92/><W83/><G126/><T116/><D64/><U13/><E129/><V132/><F132/><W55/><G34/><T61/><D29/><U118/><E118/><V45/><F80/><W133/><G3/><T71/><D85/><U99/><E107/><V8/><F8/><W65/><G133/><T63/><D71/><U35/><E35/><V36/><F44/><W30/><G30/><T1/><D46/><U77/><E77/><V98/><F98/><W69/><G40/><T117/><D11/><U39/><E39/><V131/><F131/><W14/><G106/><T0/><D0/><U75/><E75/><V112/><F112/><W124/><G124/><T47/><D1/><U81/><E82/><V66/><F66/><W60/><G102/><T49/><D47/><U103/><E103/><V26/><AGARI ba="1,0" hai="17,21,26,36,42,45,51,53,57,76,78" m="42027" machi="26" ten="30,7900,0" yaku="14,1,52,3" doraHai="120" who="2" fromWho="2" sc="200,-21,360,-40,220,82,220,-21" /><INIT seed="2,0,0,4,1,52" ten="179,320,302,199" oya="2" hai0="37,99,117,46,44,29,61,94,75,0,55,123,18" hai1="5,22,134,87,16,17,26,96,80,71,126,110,81" hai2="83,108,66,119,50,78,72,4,76,10,135,11,130" hai3="23,35,27,100,40,65,13,124,105,39,79,77,112"/><V63/><F119/><W125/><G112/><T88/><D123/><U104/><E71/><V69/><F130/><W34/><G65/><T15/><D0/><U127/><E110/><V90/><F135/><W21/><G40/><T103/><D75/><U91/><E134/><V93/><F108/><W111/><G39/><T53/><D117/><U73/><E5/><V57/><F76/><N who="3" m="29259" /><G111/><T116/><D116/><U60/><E73/><V42/><F4/><W38/><G38/><T86/><D29/><U59/><E80/><V109/><F109/><W64/><G64/><T67/><D53/><U106/><E17/><V84/><REACH who="2" step="1"/><F69/><REACH who="2" ten="179,320,292,199" step="2"/><W8/><G125/><N who="1" m="47626" /><E96/><V98/><F98/><W7/><G124/><T6/><D6/><U9/><E9/><V114/><F114/><W92/><G8/><T128/><D128/><U51/><E51/><V49/><F49/><W48/><G48/><T1/><D37/><U132/><E132/><V47/><AGARI ba="0,1" hai="10,11,42,47,50,57,63,66,72,78,83,84,90,93" machi="47" ten="30,6000,0" yaku="1,1,0,1,52,1,53,0" doraHai="52" doraHaiUra="32" who="2" fromWho="2" sc="179,-20,320,-20,292,70,199,-20" /><INIT seed="2,1,0,4,0,17" ten="159,300,362,179" oya="2" hai0="88,21,126,18,127,70,62,49,39,42,44,41,3" hai1="71,43,99,129,11,124,16,104,54,118,56,68,72" hai2="9,19,66,63,57,133,97,78,77,91,108,32,67" hai3="51,114,74,96,131,2,6,100,55,103,94,45,107"/><V4/><F133/><W30/><G74/><T12/><D3/><U93/><E118/><V22/><F32/><W119/><G119/><T25/><D41/><U5/><E72/><V38/><F38/><W65/><G131/><T87/><D39/><U84/><E129/><V120/><F120/><W47/><G114/><T48/><D48/><U123/><E43/><V20/><F108/><W29/><G47/><T90/><D25/><U111/><E111/><V86/><F66/><W59/><G107/><T83/><REACH who="0" step="1"/><D90/><REACH who="0" ten="149,300,362,179" step="2"/><U31/><E123/><V14/><F97/><W46/><G2/><T117/><D117/><U80/><E99/><V0/><REACH who="2" step="1"/><F22/><REACH who="2" ten="149,300,352,179" step="2"/><W52/><G96/><T92/><D92/><AGARI ba="1,2" hai="0,4,9,14,19,20,57,63,67,77,78,86,91,92" machi="92" ten="30,11600,0" yaku="1,1,2,1,7,1,52,1,53,0" doraHai="17" doraHaiUra="128" who="2" fromWho="0" sc="149,-119,300,0,352,139,179,0" /><INIT seed="2,2,0,2,2,72" ten="30,300,491,179" oya="2" hai0="37,63,91,124,8,105,33,44,120,55,41,104,53" hai1="90,32,42,93,38,14,20,73,125,31,61,76,22" hai2="35,57,18,99,36,121,129,97,111,62,65,66,58" hai3="23,80,0,25,132,56,116,113,114,29,39,7,92"/><V16/><F121/><W108/><G116/><T79/><D33/><U135/><E125/><V102/><F35/><W71/><G71/><T24/><D120/><U45/><E135/><V12/><F36/><W118/><G118/><T117/><D117/><U40/><E40/><V27/><F129/><W77/><G39/><T1/><D124/><U123/><E123/><V112/><F112/><N who="3" m="43115" /><G132/><T52/><D63/><U107/><E107/><V60/><F111/><W103/><G108/><T3/><D24/><U19/><E32/><V126/><F126/><W54/><G7/><T134/><D134/><U47/><E47/><V48/><F102/><W28/><G0/><T11/><D91/><U110/><E110/><V89/><F89/><W49/><G29/><T26/><D26/><U13/><E61/><V2/><F2/><W101/><G92/><T95/><D95/><U98/><E31/><V64/><F66/><W109/><G109/><T106/><D3/><U83/><REACH who="1" step="1"/><E13/><REACH who="1" ten="30,290,491,179" step="2"/><V133/><F133/><W59/><G59/><T15/><D1/><U51/><E51/><V115/><F115/><W128/><G128/><T86/><REACH who="0" step="1"/><D15/><REACH who="0" ten="20,290,491,179" step="2"/><U119/><E119/><V74/><F12/><W122/><G122/><T30/><D30/><U82/><E82/><AGARI ba="2,2" hai="8,11,37,41,44,52,53,55,79,82,86,104,105,106" machi="82" ten="50,6400,0" yaku="1,1,52,1,54,1,53,0" doraHai="72" doraHaiUra="10" who="0" fromWho="1" sc="20,90,290,-70,491,0,179,0" /><INIT seed="3,0,0,1,0,17" ten="110,220,491,179" oya="3" hai0="42,12,121,10,38,97,6,9,71,104,70,22,7" hai1="57,126,47,24,16,39,73,95,113,134,106,48,62" hai2="116,89,103,76,37,54,125,120,98,135,53,56,94" hai3="46,34,123,23,96,131,13,72,128,109,14,80,91"/><W133/><G34/><T77/><D121/><U105/><E73/><V130/><F37/><W74/><G123/><T59/><D77/><U87/><E39/><V127/><F120/><W119/><G119/><T55/><D104/><U101/><E113/><V112/><F112/><W110/><G46/><T52/><D38/><U43/><E126/><N who="2" m="48139" /><F116/><W86/><G133/><T33/><D33/><U79/><E101/><V75/><F130/><N who="3" m="49707" /><G96/><T50/><D42/><U88/><E79/><V107/><F135/><W111/><G23/><T19/><D97/><U68/><E68/><V45/><F45/><W31/><G31/><T30/><D30/><U78/><E78/><V41/><F41/><W1/><G1/><T0/><REACH who="0" step="1"/><D55/><REACH who="0" ten="100,220,491,179" step="2"/><U44/><E43/><V15/><F94/><W27/><G27/><AGARI ba="0,1" hai="0,6,7,9,10,12,19,22,27,50,52,59,70,71" machi="27" ten="30,8000,1" yaku="1,1,2,1,7,1,52,1,54,1,53,0" doraHai="17" doraHaiUra="99" who="0" fromWho="3" sc="100,90,220,0,491,0,179,-80" owari="190,-21.0,220,2.0,491,59.1,99,-40.1" /></mjloggm>