<mjloggm ver="2.3"><GO type="225" lobby="0"/><UN n0="%72%69%6F%75%63%68%61%6E" n1="%E3%82%BC%E3%83%AB%E3%83%80%E3%81%AE%E4%BC%9D%E8%AA%AC" n2="%E6%A1%9C%E8%8A%B1%E9%96%83%E3%80%85" n3="%6D%75%75%6D%75%72%61" dan="17,16,17,16" rate="2164.56,2186.70,2121.69,2131.96" sx="M,M,M,F"/><TAIKYOKU oya="0"/><INIT seed="0,0,0,2,4,56" ten="250,250,250,250" oya="0" hai0="64,33,103,66,131,124,127,4,84,21,88,63,126" hai1="29,87,90,85,36,92,74,117,68,128,38,123,107" hai2="6,42,11,65,106,8,19,18,39,16,5,53,86" hai3="108,89,45,57,7,25,59,129,119,48,99,30,46"/><T135/><D33/><U9/><E117/><V32/><F106/><W94/><G119/><T95/><D131/><U120/><E74/><V47/><F32/><W3/><G129/><T24/><D135/><U23/><E128/><V52/><F65/><W28/><G108/><T22/><D4/><U2/><E107/><V73/><F73/><W97/><G97/><N who="0" m="59839" /><D24/><U12/><E68/><V70/><F70/><W35/><G28/><T15/><D15/><U62/><E2/><V44/><F86/><W132/><G132/><T20/><D63/><U76/><E38/><V67/><F67/><W69/><G69/><T112/><D112/><U27/><E36/><V109/><F109/><W96/><G96/><T61/><D61/><U40/><E40/><V50/><REACH who="2" step="1"/><F53/><REACH who="2" ten="250,250,240,250" step="2"/><W54/><G54/><T75/><D75/><U80/><REACH who="1" step="1"/><E62/><REACH who="1" ten="250,240,240,250" step="2"/><V133/><F133/><W105/><G105/><T49/><D49/><U34/><E34/><V55/><F55/><W121/><G48/><T1/><D1/><U102/><E102/><V37/><F37/><W43/><G3/><T98/><D98/><U91/><E91/><V77/><F77/><W71/><G99/><T14/><D14/><U0/><E0/><V79/><F79/><W82/><G71/><T58/><D88/><U100/><E100/><V125/><F125/><W10/><G35/><T93/><D127/><U116/><E116/><V72/><F72/><W83/><G89/><N who="0" m="53415" /><D126/><U122/><E122/><V41/><F41/><W111/><G121/><T78/><D124/><U31/><E31/><V26/><F26/><W110/><G25/><RYUUKYOKU ba="0,2" sc="250,-15,240,15,240,15,250,-15" hai1="9,12,23,27,29,76,80,85,87,90,92,120,123" hai2="5,6,8,11,16,18,19,39,42,44,47,50,52" /><INIT seed="1,1,2,5,5,92" ten="235,255,255,235" oya="1" hai0="123,10,11,4,74,44,95,16,23,33,64,122,108" hai1="63,34,97,85,129,31,20,103,72,100,132,3,1" hai2="0,78,32,58,104,120,119,106,12,7,113,62,105" hai3="42,49,77,8,125,121,69,24,102,114,57,15,93"/><U27/><E72/><V128/><F119/><W82/><G121/><N who="0" m="46091" /><D74/><U26/><E132/><V131/><F120/><W117/><G114/><T5/><D108/><U135/><E135/><V30/><F0/><W53/><G69/><T38/><D33/><U18/><E129/><N who="2" m="49739" /><F78/><W80/><G117/><T87/><D64/><U40/><E40/><V47/><F113/><W22/><G125/><T67/><D67/><U43/><E43/><V50/><F30/><W37/><G37/><T61/><D61/><U133/><E133/><V46/><F32/><W130/><G130/><T14/><D38/><U66/><E85/><V75/><F50/><W6/><G77/><T35/><D44/><N who="2" m="16938" /><F75/><W110/><G42/><T81/><D35/><U94/><REACH who="1" step="1"/><E103/><REACH who="1" ten="235,245,255,235" step="2"/><V126/><F126/><W55/><G110/><T2/><D95/><U99/><E99/><V59/><F62/><W89/><G102/><T88/><D4/><U83/><E83/><V111/><F111/><W79/><G79/><T116/><D116/><U13/><E13/><V39/><F39/><W109/><G109/><T76/><D76/><U70/><AGARI ba="1,3" hai="1,3,18,20,26,27,31,34,63,66,70,94,97,100" machi="70" ten="20,12000,1" yaku="1,1,0,1,7,1,52,1,53,1" doraHai="92" doraHaiUra="25" who="1" fromWho="1" sc="235,-41,245,153,255,-41,235,-41" /><INIT seed="1,2,0,0,4,111" ten="194,398,214,194" oya="1" hai0="118,109,4,14,49,86,135,25,78,103,43,128,17" hai1="81,134,95,121,6,45,58,102,53,63,108,48,42" hai2="127,41,82,27,76,88,74,104,20,131,57,98,36" hai3="85,7,110,52,32,122,13,83,16,23,91,77,56"/><U72/><E121/><V64/><F127/><W79/><G122/><T132/><D128/><U29/><E108/><V116/><F116/><W126/><G32/><T93/><D118/><U106/><E134/><N who="0" m="51241" /><D109/><U47/><E106/><V34/><F34/><W55/><G110/><T124/><D124/><U71/><E29/><V96/><F131/><W87/><G126/><T73/><D73/><U19/><E6/><V114/><F104/><W15/><G85/><T5/><D25/><U1/><E1/><V69/><F69/><W22/><G55/><T80/><D43/><U115/><E71/><V113/><F36/><W90/><G90/><T44/><D103/><U105/><E105/><V31/><F41/><W62/><G23/><N who="0" m="11703" /><D93/><U133/><E95/><V9/><F9/><AGARI ba="2,0" hai="7,9,13,15,16,22,52,56,62,77,79,83,87,91" machi="9" ten="40,5200,0" yaku="8,1,54,2" doraHai="111" who="3" fromWho="2" sc="194,0,398,0,214,-58,194,58" /><INIT seed="2,0,0,3,4,123" ten="194,398,156,252" oya="2" hai0="28,104,36,25,82,83,35,6,122,7,39,105,70" hai1="34,94,116,23,8,52,124,98,57,108,49,65,127" hai2="29,9,100,79,2,71,53,97,59,78,51,106,61" hai3="99,44,112,88,54,103,47,85,135,1,43,91,86"/><V22/><F2/><W133/><G1/><T132/><D122/><U18/><E108/><V76/><F9/><W26/><G112/><T45/><D70/><U17/><E34/><V67/><F22/><W95/><G26/><T56/><D132/><N who="3" m="50761" /><G54/><T81/><D56/><U128/><E116/><V11/><F11/><W30/><G30/><T90/><D90/><N who="3" m="34345" /><G44/><T115/><D115/><U89/><E128/><V87/><REACH who="2" step="1"/><F29/><REACH who="2" ten="194,398,146,252" step="2"/><W121/><G121/><T93/><D6/><U134/><E134/><V101/><F101/><W41/><G41/><T125/><D7/><U110/><E8/><V5/><F5/><W48/><AGARI ba="0,1" hai="43,47,48,85,86,95,99,103" m="34345,50761" machi="48" ten="30,2000,0" yaku="20,1,54,1" doraHai="123" who="3" fromWho="3" sc="194,-5,398,-5,146,-10,252,30" /><INIT seed="3,0,0,4,0,0" ten="189,393,136,282" oya="3" hai0="125,61,28,93,20,5,85,41,43,54,106,25,74" hai1="92,86,23,56,9,48,64,89,78,11,24,60,100" hai2="50,21,102,90,126,88,77,118,130,104,13,42,70" hai3="94,33,83,109,63,111,132,53,131,127,52,14,16"/><W120/><G120/><T124/><D106/><U68/><E78/><V87/><F118/><W29/><G127/><N who="0" m="48715" /><D74/><U18/><E68/><V114/><F126/><W110/><G131/><T10/><D54/><U6/><E6/><V22/><F114/><W119/><G119/><T84/><D61/><U27/><E100/><V44/><F70/><W95/><G132/><T38/><D93/><N who="3" m="35337" /><G83/><T75/><D75/><U113/><E113/><V79/><F130/><W65/><G29/><T82/><D38/><U58/><E27/><V51/><F51/><W17/><G33/><T81/><D81/><U7/><E7/><V108/><F108/><W26/><G26/><T19/><D28/><U34/><E34/><V80/><F79/><W76/><G76/><N who="0" m="46151" /><D85/><U49/><E49/><V115/><F115/><W133/><G133/><T59/><D59/><U128/><E128/><V112/><F112/><W105/><G105/><T117/><D117/><U101/><E101/><V91/><F104/><W99/><G99/><T2/><AGARI ba="0,0" hai="2,5,10,19,20,25,41,43" m="46151,48715" machi="2" ten="30,2000,0" yaku="18,1,52,1" doraHai="0" who="0" fromWho="0" sc="189,20,393,-5,136,-5,282,-10" owari="209,-19.1,388,48.8,131,-36.9,272,7.2" /></mjloggm>