<mjloggm ver="2.3"><GO type="225" lobby="0"/><UN n0="%54%61%6E%67%6C%65" n1="%E3%81%95%E3%81%8D%E3%81%9F%E3%81%BE%E6%9E%97%E6%AA%8E" n2="%72%61%6B%33" n3="%38%38%32%33%34%36%37" dan="16,16,16,16" rate="2057.54,2124.61,2215.37,2100.75" sx="M,M,M,M"/><TAIKYOKU oya="0"/><INIT seed="0,0,0,4,4,76" ten="250,250,250,250" oya="0" hai0="120,7,22,63,73,45,53,0,65,12,113,59,90" hai1="6,122,58,123,10,36,11,75,56,16,115,99,79" hai2="124,9,96,106,34,66,18,126,86,68,50,72,98" hai3="125,25,131,80,84,129,33,69,101,38,28,47,64"/><T77/><D120/><U62/><E36/><V39/><F72/><W119/><G119/><T83/><D113/><U13/><E115/><V132/><F39/><W23/><G125/><N who="2" m="48233" /><F132/><W102/><G33/><T48/><D0/><U130/><E130/><N who="3" m="49674" /><G64/><T41/><D90/><U92/><E75/><V127/><F34/><W44/><G69/><T19/><REACH who="0" step="1"/><D7/><REACH who="0" ten="240,250,250,250" step="2"/><U67/><E123/><V118/><F127/><W108/><G108/><T93/><D93/><U74/><E122/><V30/><F118/><W109/><G109/><T3/><D3/><U42/><E92/><V27/><F106/><W29/><G29/><T26/><D26/><U89/><E89/><V116/><F116/><W61/><G102/><T32/><D32/><U91/><E91/><V55/><F30/><W114/><G101/><T15/><D15/><U70/><E13/><N who="2" m="7471" /><F27/><W121/><G121/><T57/><D57/><U20/><E58/><N who="2" m="33143" /><F68/><W4/><G114/><T128/><D128/><U111/><E70/><V105/><F105/><W133/><G133/><T107/><D107/><U46/><E111/><V24/><F24/><W2/><G25/><T8/><D8/><U85/><E11/><V35/><F35/><W88/><G28/><T43/><AGARI ba="0,1" hai="12,19,22,41,43,45,48,53,59,63,65,73,77,83" machi="43" ten="30,6000,0" yaku="1,1,0,1,52,1,53,0" doraHai="76" doraHaiUra="31" who="0" fromWho="0" sc="240,70,250,-20,250,-20,250,-20" /><INIT seed="0,1,0,0,3,31" ten="310,230,230,230" oya="0" hai0="75,128,95,102,130,47,97,38,121,134,49,8,81" hai1="99,76,82,123,19,59,74,56,11,55,96,92,78" hai2="91,58,28,4,24,80,122,66,132,119,84,50,7" hai3="77,22,48,39,65,127,73,117,100,36,40,61,32"/><T112/><D121/><U118/><E118/><V125/><F122/><W83/><G117/><T104/><D112/><U0/><E123/><V133/><F119/><W37/><G127/><T110/><D134/><N who="2" m="51818" /><F125/><W115/><G115/><T62/><D38/><U129/><E129/><N who="0" m="49769" /><D110/><U2/><E78/><V23/><F50/><W131/><G131/><T25/><D62/><AGARI ba="1,0" hai="4,7,23,24,28,58,62,66,80,84,91" m="51818" machi="62" ten="30,1000,0" yaku="20,1" doraHai="31" who="2" fromWho="0" sc="310,-13,230,0,230,13,230,0" /><INIT seed="1,0,0,1,5,48" ten="297,230,243,230" oya="1" hai0="129,84,50,30,118,122,121,90,125,49,73,78,31" hai1="87,13,67,59,106,51,65,32,56,63,116,101,71" hai2="61,85,120,53,10,92,20,1,55,86,64,104,109" hai3="74,112,93,114,99,37,28,110,36,25,2,39,108"/><U47/><E32/><V102/><F120/><N who="0" m="46186" /><D118/><U115/><E106/><V8/><F109/><N who="3" m="42091" /><G2/><T62/><D129/><U66/><E101/><V126/><F126/><W94/><G74/><T58/><D125/><U111/><E111/><V123/><F123/><W19/><G19/><T96/><D96/><U33/><E33/><V0/><F104/><W23/><G94/><N who="0" m="54599" /><D78/><U70/><E87/><V17/><F102/><AGARI ba="0,0" hai="23,25,28,36,37,39,93,99,102,112,114" m="42091" machi="102" ten="40,1300,0" yaku="14,1" doraHai="48" who="3" fromWho="2" sc="297,0,230,0,243,-13,230,13" /><INIT seed="2,0,0,3,2,82" ten="297,230,230,243" oya="2" hai0="109,107,3,16,90,71,69,132,64,108,105,13,77" hai1="112,83,129,79,67,26,72,91,59,51,28,86,8" hai2="46,7,65,120,54,60,113,130,53,134,135,27,52" hai3="35,21,100,127,2,9,81,0,25,17,36,43,96"/><V15/><F27/><W111/><G111/><N who="0" m="42571" /><D3/><U84/><E129/><V30/><F30/><W94/><G127/><T70/><D132/><N who="2" m="50730" /><F7/><W50/><G36/><T29/><D77/><U48/><E112/><V115/><F15/><W40/><G35/><T18/><D29/><U61/><E8/><V126/><F130/><W125/><G125/><T74/><D74/><U73/><E73/><V34/><F34/><W95/><G95/><T41/><D41/><U122/><E122/><V124/><F120/><W24/><G24/><T97/><D64/><U123/><E123/><V33/><F33/><W99/><G99/><T45/><D45/><U12/><E12/><V44/><F126/><W87/><G50/><T56/><D56/><U23/><REACH who="1" step="1"/><E72/><REACH who="1" ten="297,220,230,243" step="2"/><V5/><F124/><W37/><G2/><T118/><D118/><U131/><E131/><V80/><F5/><W88/><G0/><T76/><D13/><U133/><E133/><V68/><F80/><AGARI ba="0,1" hai="23,26,28,48,51,59,61,67,79,80,83,84,86,91" machi="80" ten="30,8000,1" yaku="1,1,7,1,8,1,52,2,53,0" doraHai="82" doraHaiUra="89" who="1" fromWho="2" sc="297,0,220,90,230,-80,243,0" /><INIT seed="3,0,0,3,2,123" ten="297,310,150,243" oya="3" hai0="26,53,19,92,94,89,61,84,97,125,110,43,27" hai1="34,133,79,8,115,134,2,47,76,119,37,95,59" hai2="83,67,22,103,15,108,85,63,31,128,3,13,98" hai3="132,48,50,87,25,42,102,54,72,6,88,66,90"/><W131/><G72/><T80/><D110/><U28/><E115/><V18/><F3/><W55/><G131/><T112/><D125/><U52/><E119/><V40/><F128/><W77/><G132/><N who="1" m="50794" /><E34/><V86/><F108/><W93/><G102/><T62/><D112/><U41/><E28/><V75/><F75/><W73/><G66/><T14/><D43/><U32/><E32/><V20/><F40/><W106/><G106/><T109/><D109/><U17/><E95/><V0/><F0/><W56/><G6/><T30/><D94/><U135/><E135/><V1/><F1/><W117/><G42/><T10/><D53/><U39/><E39/><V130/><F130/><W35/><G117/><T65/><D30/><U78/><E17/><V82/><F82/><W122/><G122/><T58/><D62/><N who="1" m="36199" /><E2/><V101/><F98/><W100/><G100/><AGARI ba="0,0" hai="10,14,19,26,27,58,61,65,80,84,89,92,97,100" machi="100" ten="30,2000,0" yaku="7,1,8,1" doraHai="123" who="0" fromWho="3" sc="297,20,310,0,150,0,243,-20" owari="317,41.7,310,11.0,150,-35.0,223,-17.7" /></mjloggm>