<mjloggm ver="2.3"><GO type="225" lobby="0"/><UN n0="%E6%A0%B9%E5%85%83%E3%81%8B%E3%82%89%E5%90%B9%E3%81%A3%E9%A3%9B%E3%81%B6" n1="%E8%A8%88%E7%AE%97%E6%A9%9F%E8%87%AA%E7%84%B6" n2="%E3%81%A1%E3%82%85%E3%81%86%E3%81%A9%E3%81%8F%E8%B1%A1%E3%81%95%E3%82%93" n3="%E9%A2%A8%E3%81%A7%E9%B3%B4%E3%81%8F" dan="16,17,17,16" rate="2206.33,2173.25,2191.24,2115.99" sx="F,M,M,M"/><TAIKYOKU oya="0"/><INIT seed="0,0,0,5,4,110" ten="250,250,250,250" oya="0" hai0="27,28,131,23,35,5,13,56,129,124,4,99,123" hai1="9,46,86,55,47,69,22,16,133,58,37,88,93" hai2="36,104,114,63,64,2,48,17,59,24,41,127,101" hai3="54,50,106,100,51,1,89,90,112,132,3,71,61"/><T105/><D123/><U80/><E133/><V32/><F2/><W42/><G132/><T75/><D75/><U92/><E69/><V97/><F127/><W74/><G74/><T79/><D79/><U130/><E130/><N who="0" m="49673" /><D56/><U49/><E9/><V29/><F17/><W60/><G54/><T122/><D122/><U21/><E21/><V6/><F6/><N who="0" m="2666" /><D105/><U30/><E30/><V84/><F84/><W134/><G134/><T78/><D78/><U25/><E37/><V103/><F103/><W109/><G42/><T15/><D99/><N who="1" m="57735" /><E93/><V111/><F111/><W96/><G96/><T66/><D66/><U43/><E43/><V26/><F26/><W33/><G100/><T119/><D119/><U98/><E98/><V72/><F72/><W125/><G106/><T62/><D62/><U121/><E121/><V38/><F41/><W135/><G135/><T40/><D40/><U91/><AGARI ba="0,0" hai="16,22,25,46,47,49,55,58,80,86,91" m="57735" machi="91" ten="30,4000,0" yaku="8,1,54,2" doraHai="110" who="1" fromWho="1" sc="250,-20,250,40,250,-10,250,-10" /><INIT seed="1,0,0,1,0,117" ten="230,290,240,240" oya="1" hai0="111,37,0,130,53,95,23,86,27,135,4,94,97" hai1="100,110,102,31,12,52,65,93,108,33,59,50,64" hai2="21,26,7,63,112,34,40,15,133,123,11,54,114" hai3="30,107,99,16,6,79,75,29,28,96,81,131,83"/><U48/><E12/><V73/><F73/><W43/><G131/><T49/><D111/><N who="1" m="42539" /><E48/><V10/><F40/><W25/><G107/><T3/><D135/><U76/><E76/><V1/><F63/><W55/><G6/><T58/><D130/><U122/><E122/><V92/><F92/><W56/><G43/><T66/><D37/><U129/><E129/><V74/><F54/><W14/><G25/><T68/><D4/><U47/><E47/><V125/><F74/><W46/><G46/><T41/><D41/><U18/><E18/><N who="2" m="8567" /><F133/><W127/><G127/><T119/><D119/><U20/><E20/><V70/><F70/><W69/><G69/><T90/><D66/><N who="1" m="25707" /><E93/><V132/><F132/><W124/><G124/><T134/><D134/><U5/><E5/><V89/><F125/><W36/><G36/><T44/><D68/><U9/><E9/><V24/><F123/><W113/><G75/><T120/><D120/><U104/><E104/><V2/><F2/><W88/><G79/><T116/><D116/><U35/><E35/><V71/><F71/><W60/><G83/><T121/><D121/><U38/><E38/><V128/><F128/><W80/><G81/><T98/><D44/><U42/><E42/><V57/><F34/><W77/><G77/><T45/><D45/><U19/><E100/><V85/><F57/><W106/><G106/><T51/><D51/><U78/><E78/><V62/><F62/><W82/><G80/><T13/><D0/><U103/><E103/><V17/><F24/><W105/><G105/><T72/><D3/><U39/><E39/><RYUUKYOKU ba="0,0" sc="230,-10,290,-10,240,30,240,-10" hai2="1,7,11,17,21,26,85,89,112,114" /><INIT seed="2,1,0,2,5,52" ten="220,280,270,230" oya="2" hai0="59,80,105,62,117,83,7,114,106,119,3,12,49" hai1="76,50,130,45,77,63,46,98,42,79,16,115,87" hai2="13,41,122,25,9,29,111,17,51,38,109,61,10" hai3="19,82,121,100,124,84,78,66,134,1,27,96,6"/><V53/><F122/><W133/><G121/><T35/><D114/><U74/><E74/><V65/><F38/><W103/><G124/><T22/><D35/><U37/><E115/><V88/><F41/><W108/><G108/><N who="2" m="41545" /><F9/><N who="3" m="2255" /><G66/><N who="0" m="39263" /><D3/><U5/><E5/><V90/><F53/><W8/><G96/><T116/><D49/><U101/><E130/><V113/><F113/><W128/><G128/><T135/><D135/><N who="3" m="51721" /><G27/><T71/><D71/><U73/><E73/><V132/><F51/><W123/><G123/><T127/><D127/><U40/><E63/><V60/><F132/><W21/><G21/><T23/><D23/><U112/><E112/><V34/><F60/><W69/><G69/><AGARI ba="1,0" hai="10,13,17,25,29,34,61,65,69,88,90" m="41545" machi="69" ten="30,5800,0" yaku="14,1,10,1,54,1" doraHai="52" who="2" fromWho="3" sc="220,0,280,0,270,61,230,-61" /><INIT seed="2,2,0,4,1,124" ten="220,280,331,169" oya="2" hai0="113,65,127,24,9,89,114,61,67,18,3,103,92" hai1="25,129,91,62,130,35,52,72,42,56,31,126,75" hai2="70,63,106,87,68,109,128,54,111,131,53,7,26" hai3="45,49,32,58,34,43,110,37,74,13,107,20,98"/><V132/><F106/><W50/><G74/><T17/><D127/><U66/><E126/><V23/><F7/><W28/><G110/><N who="2" m="41993" /><F87/><W47/><G37/><T115/><D103/><U100/><E42/><V4/><F4/><W38/><G38/><T44/><D44/><U14/><E100/><V10/><F10/><W40/><G58/><T105/><D105/><U118/><E118/><V121/><F121/><W69/><G69/><N who="2" m="26729" /><F132/><W116/><G116/><T41/><D3/><U85/><E14/><V78/><F78/><W95/><G107/><T30/><D9/><U88/><E91/><V0/><F0/><W12/><G20/><T16/><D41/><U48/><E72/><V22/><F22/><W71/><G71/><T6/><D61/><U57/><REACH who="1" step="1"/><E75/><REACH who="1" ten="220,270,331,169" step="2"/><V104/><F104/><W102/><REACH who="3" step="1"/><G34/><REACH who="3" ten="220,270,331,159" step="2"/><T108/><D108/><U112/><E112/><V119/><F119/><W94/><G94/><AGARI ba="2,2" hai="25,31,35,48,52,56,57,62,66,85,88,94,129,130" machi="94" ten="40,8000,1" yaku="1,1,52,2,54,2,53,0" doraHai="124" doraHaiUra="8" who="1" fromWho="3" sc="220,0,270,106,331,0,159,-86" /><INIT seed="3,0,0,0,3,76" ten="220,376,331,73" oya="3" hai0="120,113,104,13,116,103,101,98,134,92,8,75,119" hai1="42,93,7,64,51,23,9,33,110,1,132,131,4" hai2="16,30,41,78,21,71,115,28,43,2,58,57,107" hai3="68,82,88,54,60,15,26,5,100,81,99,25,85"/><W128/><G128/><T83/><D120/><U102/><E33/><V34/><F115/><W117/><G117/><T133/><D13/><U73/><E73/><V38/><F107/><W44/><G68/><T90/><D101/><U97/><E131/><V56/><F2/><W91/><G100/><T125/><D113/><U27/><E110/><V20/><F71/><W61/><G99/><T6/><D6/><U39/><E39/><V72/><F38/><W79/><G5/><T49/><D8/><U24/><E132/><N who="0" m="50793" /><D125/><U135/><E135/><V35/><F78/><W123/><G123/><T45/><D45/><N who="1" m="26039" /><E1/><V36/><F72/><W112/><G112/><T50/><D50/><U94/><E64/><V130/><F36/><W63/><G15/><T17/><D17/><N who="1" m="12399" /><E9/><V86/><F86/><N who="3" m="50639" /><G79/><N who="0" m="44543" /><D49/><AGARI ba="0,0" hai="25,26,44,49,54,60,61,63,82,85,88" m="50639" machi="49" ten="30,11600,0" yaku="8,1,52,2,54,1" doraHai="76" who="3" fromWho="0" sc="220,-116,376,0,331,0,73,116" /><INIT seed="3,1,0,4,2,112" ten="104,376,331,189" oya="3" hai0="24,121,35,72,114,66,122,82,52,128,58,90,19" hai1="126,87,110,5,132,38,14,73,42,3,64,75,134" hai2="31,101,55,107,49,85,15,4,50,123,33,12,47" hai3="9,46,96,26,97,13,83,108,70,51,30,84,2"/><W74/><G74/><T77/><D114/><U92/><E3/><V18/><F123/><W53/><G70/><T7/><D128/><U116/><E110/><V45/><F33/><W25/><G2/><T98/><D66/><U124/><E116/><V8/><F31/><W22/><G26/><T63/><D7/><U80/><E64/><V99/><F85/><W67/><G67/><T0/><D35/><U100/><E42/><V94/><F107/><W125/><G125/><N who="1" m="48234" /><E38/><V102/><F102/><W86/><G86/><T34/><D0/><U119/><E119/><V131/><F131/><W91/><REACH who="3" step="1"/><G108/><REACH who="3" ten="104,376,331,179" step="2"/><T23/><REACH who="0" step="1"/><D34/><REACH who="0" ten="94,376,331,179" step="2"/><U11/><E132/><V117/><F12/><W71/><G71/><T118/><D118/><U127/><E134/><V40/><REACH who="2" step="1"/><F117/><REACH who="2" ten="94,376,321,179" step="2"/><W28/><G28/><T43/><D43/><U59/><E127/><V111/><F111/><W133/><G133/><T54/><D54/><U60/><E14/><V69/><F69/><W44/><G44/><T39/><D39/><U130/><E130/><V105/><F105/><W27/><G27/><T65/><D65/><U16/><E59/><V48/><F48/><W20/><G20/><T61/><D61/><U41/><E60/><V89/><F89/><W79/><G79/><T57/><D57/><U56/><E56/><V135/><F135/><W29/><G29/><T88/><D88/><U68/><E68/><V115/><F115/><W129/><G129/><T106/><D106/><U103/><E103/><V81/><F81/><W104/><G104/><T17/><D17/><AGARI ba="1,3" hai="4,8,15,17,18,40,45,47,49,50,55,94,99,101" machi="17" ten="40,2600,0" yaku="1,1,8,1,53,0" doraHai="112" doraHaiUra="62" who="2" fromWho="0" sc="94,-29,376,0,321,59,179,0" /><AGARI ba="1,0" hai="9,13,17,22,25,30,46,51,53,83,84,91,96,97" machi="17" ten="30,12000,1" yaku="1,1,7,1,25,2,8,1,53,0" doraHai="112" doraHaiUra="62" who="3" fromWho="0" sc="65,-120,376,0,380,0,179,120" owari="-55,-55.5,376,17.6,380,48.0,299,-10.1" /></mjloggm>