<mjloggm ver="2.3"><GO type="225" lobby="0"/><UN n0="%72%61%6B%33" n1="%E3%81%A8%E3%82%93%E3%81%A8%E3%81%93%E3%81%A8%E3%82%93" n2="%E3%81%B5%E3%81%98%E3%81%8B%E3%81%A4" n3="%E6%97%A5%E6%9B%9C%E6%97%A5%E3%82%88%E3%82%8A%E3%81%AE%E4%BD%BF%E8%80%85" dan="16,16,16,17" rate="2048.79,2121.09,2149.29,2136.36" sx="M,F,M,M"/><TAIKYOKU oya="0"/><INIT seed="0,0,0,4,3,28" ten="250,250,250,250" oya="0" hai0="128,94,68,119,123,122,74,51,30,47,48,105,57" hai1="83,55,108,133,56,135,93,112,65,33,32,127,59" hai2="39,21,52,60,6,29,100,69,120,70,99,91,113" hai3="85,64,84,38,42,34,24,35,61,109,1,80,5"/><T2/><D105/><U130/><E108/><V102/><F120/><W43/><G24/><T79/><D2/><U12/><E127/><V37/><F113/><W20/><G20/><T121/><D74/><U90/><E130/><V41/><F6/><W0/><G109/><T86/><D79/><U15/><E112/><V103/><F70/><W73/><G43/><T40/><D30/><U124/><E83/><V50/><F41/><W31/><G31/><T54/><D86/><U107/><E107/><V36/><F91/><W19/><G19/><T129/><D94/><U44/><E44/><V131/><F131/><N who="0" m="50250" /><D68/><U77/><E77/><V88/><F69/><N who="3" m="42127" /><G85/><T110/><D110/><U126/><E65/><V96/><F60/><W16/><G84/><T14/><D14/><U98/><E124/><V46/><REACH who="2" step="1"/><F88/><REACH who="2" ten="250,250,240,250" step="2"/><W71/><G71/><T9/><D9/><U82/><E126/><V17/><F17/><W23/><G16/><T134/><D134/><U7/><E7/><V22/><F22/><W75/><G23/><T101/><D101/><U125/><E125/><V11/><F11/><W13/><G5/><T66/><D66/><U95/><E133/><V104/><F104/><W72/><G80/><T26/><D26/><AGARI ba="0,1" hai="21,26,29,36,37,39,46,50,52,96,99,100,102,103" machi="26" ten="50,6400,0" yaku="1,1,54,1,53,1" doraHai="28" doraHaiUra="18" who="2" fromWho="0" sc="250,-64,250,0,240,74,250,0" /><INIT seed="1,0,0,0,5,54" ten="186,250,314,250" oya="1" hai0="8,57,104,5,73,119,39,129,60,121,1,120,43" hai1="6,67,93,74,48,85,62,51,46,117,84,15,20" hai2="91,135,65,103,133,21,52,7,66,17,9,110,118" hai3="30,127,61,101,107,55,28,44,96,122,42,56,37"/><U70/><E117/><V24/><F118/><W75/><G122/><T124/><D119/><U109/><E74/><V19/><F103/><W35/><G75/><T105/><D73/><U69/><E69/><V33/><F91/><W87/><G35/><T108/><D108/><U114/><E114/><V38/><F38/><W18/><G127/><T97/><D124/><U27/><E109/><V131/><F110/><W86/><REACH who="3" step="1"/><G18/><REACH who="3" ten="186,250,314,240" step="2"/><T68/><D129/><U79/><E79/><V64/><F131/><W134/><G134/><N who="2" m="51209" /><F33/><W78/><G78/><T81/><D121/><U45/><E45/><V113/><F113/><W94/><G94/><T130/><D120/><U23/><E93/><V59/><F19/><W47/><G47/><T22/><D130/><U72/><E72/><V83/><F83/><W10/><G10/><T98/><D81/><U12/><E46/><V82/><F82/><W112/><G112/><T53/><D8/><U3/><E3/><V49/><F9/><W80/><G80/><T111/><D1/><U0/><E0/><V106/><F106/><W100/><G100/><T26/><D105/><U41/><E6/><AGARI ba="0,1" hai="6,7,17,21,24,49,52,59,64,65,66" m="51209" machi="6" ten="30,3900,0" yaku="20,1,52,1,54,1" doraHai="54" who="2" fromWho="1" sc="186,0,250,-39,314,49,240,0" /><INIT seed="2,0,0,0,0,111" ten="186,211,363,240" oya="2" hai0="105,2,0,129,59,74,73,71,120,63,49,60,32" hai1="134,119,20,130,3,123,50,19,45,44,94,11,37" hai2="1,132,69,100,29,126,6,8,122,38,86,118,36" hai3="104,40,87,42,75,66,99,18,113,92,30,52,53"/><V55/><F100/><N who="3" m="60519" /><G75/><N who="0" m="28683" /><D49/><U24/><E119/><V67/><F55/><N who="3" m="21067" /><G104/><T128/><D59/><U102/><E130/><N who="0" m="50281" /><D105/><U78/><E78/><V90/><F8/><W110/><G110/><T47/><D47/><U125/><E125/><V22/><F29/><W70/><G70/><T48/><D48/><U51/><E134/><V41/><F86/><W84/><G30/><T16/><D71/><U27/><E123/><V39/><F90/><W121/><G121/><T95/><D120/><U21/><E37/><V85/><F38/><W135/><G135/><T108/><D95/><U101/><E94/><V96/><F39/><W116/><G116/><T61/><D108/><U97/><E3/><N who="0" m="1065" /><D32/><U77/><E50/><V4/><F122/><W114/><G66/><T62/><D63/><U12/><E51/><V34/><F132/><W25/><G42/><T13/><D13/><U9/><E45/><V72/><F41/><W81/><G40/><T31/><D31/><U68/><E44/><V46/><F67/><W14/><G14/><T80/><D80/><U79/><E12/><V127/><F46/><W117/><G117/><T88/><D88/><U83/><E68/><V56/><F118/><W76/><G87/><T103/><D16/><U17/><E83/><V15/><F85/><W98/><G98/><AGARI ba="0,0" hai="9,11,17,19,20,21,24,27,77,79,97,98,101,102" machi="98" ten="25,3200,0" yaku="22,2,8,1" doraHai="111" who="1" fromWho="3" sc="186,0,211,32,363,0,240,-32" /><INIT seed="3,0,0,5,4,117" ten="186,243,363,208" oya="3" hai0="44,2,41,129,74,66,59,113,47,63,69,62,115" hai1="87,28,35,54,98,21,18,101,49,72,93,127,60" hai2="27,7,9,79,36,22,78,48,19,75,102,94,45" hai3="51,90,99,118,29,11,131,26,67,20,88,37,34"/><W39/><G118/><T80/><D2/><U71/><E72/><V57/><F36/><W42/><G39/><T91/><D91/><U77/><E35/><V112/><F75/><W95/><G37/><N who="0" m="21551" /><D80/><U124/><E28/><V96/><F57/><W76/><G131/><T86/><D86/><U56/><E77/><V8/><F112/><N who="0" m="43082" /><D74/><U114/><E87/><V23/><F23/><W25/><G76/><N who="2" m="29225" /><F7/><W50/><G90/><T125/><D47/><U116/><E114/><V52/><AGARI ba="0,0" hai="8,9,19,22,27,45,48,52,94,96,102" m="29225" machi="52" ten="30,2000,0" yaku="8,1,54,1" doraHai="117" who="2" fromWho="2" sc="186,-5,243,-5,363,20,208,-10" owari="181,-31.9,238,3.8,383,48.3,198,-20.2" /></mjloggm>