<mjloggm ver="2.3"><GO type="225" lobby="0"/><UN n0="%E6%97%A5%E6%9B%9C%E6%97%A5%E3%82%88%E3%82%8A%E3%81%AE%E4%BD%BF%E8%80%85" n1="%E6%A1%9C%E8%8A%B1%E9%96%83%E3%80%85" n2="%6A%70%74%77%61%32" n3="%E5%84%AA%40%41%42%43" dan="17,18,16,17" rate="2162.69,2277.95,2046.38,2257.10" sx="M,M,M,M"/><TAIKYOKU oya="0"/><INIT seed="0,0,0,0,3,79" ten="250,250,250,250" oya="0" hai0="53,15,120,112,50,51,107,88,38,115,114,87,64" hai1="11,81,17,3,7,80,47,131,40,133,25,42,102" hai2="35,76,4,124,84,125,70,103,1,34,130,74,78" hai3="32,10,54,92,116,129,105,43,117,95,132,83,121"/><T101/><D38/><U5/><E133/><V128/><F84/><W59/><G32/><N who="2" m="12329" /><F103/><W108/><G105/><T31/><D120/><U58/><E131/><N who="2" m="50219" /><F70/><W29/><G29/><T28/><D64/><U96/><E58/><V22/><F22/><W66/><G66/><T86/><D15/><N who="1" m="7423" /><E25/><V85/><F85/><W49/><G121/><T97/><D87/><U72/><E3/><V98/><F98/><W134/><G129/><T33/><D33/><U68/><E72/><V118/><F118/><W90/><G116/><T122/><D122/><U13/><E68/><V14/><F14/><W91/><G117/><T106/><D106/><U6/><E13/><V99/><F99/><W23/><G23/><T36/><D36/><U30/><E30/><V24/><F24/><W16/><G134/><T65/><D65/><U63/><E96/><V111/><F111/><W8/><G108/><T69/><D69/><U27/><E102/><V109/><F109/><W0/><G0/><T93/><REACH who="0" step="1"/><D51/><REACH who="0" ten="240,250,250,250" step="2"/><N who="1" m="27111" /><E27/><V75/><F74/><W48/><G132/><T110/><D110/><U2/><E2/><V21/><F75/><W89/><G48/><T57/><AGARI ba="0,1" hai="28,31,50,53,57,86,88,93,97,101,107,112,114,115" machi="57" ten="30,11700,0" yaku="1,1,0,1,54,1,53,1" doraHai="79" doraHaiUra="46" who="0" fromWho="0" sc="240,127,250,-39,250,-39,250,-39" /><INIT seed="0,1,0,3,0,64" ten="367,211,211,211" oya="0" hai0="91,68,83,78,3,74,48,51,44,90,0,42,115" hai1="6,87,102,127,19,20,92,108,45,75,8,57,111" hai2="39,71,59,96,128,62,77,93,101,34,18,86,82" hai3="56,10,61,47,79,119,84,100,110,25,21,31,38"/><T43/><D115/><U116/><E116/><V97/><F128/><W52/><G110/><N who="1" m="42026" /><E75/><V89/><F39/><W50/><G119/><T29/><D29/><U35/><E35/><V117/><F117/><W37/><G100/><T54/><D68/><U66/><E127/><V80/><F34/><W124/><G124/><T41/><REACH who="0" step="1"/><D51/><REACH who="0" ten="357,211,211,211" step="2"/><U81/><E45/><V70/><F80/><N who="3" m="47135" /><G37/><T5/><D5/><U65/><E81/><V9/><F18/><W36/><G38/><T13/><D13/><U30/><E30/><V4/><F4/><W23/><G36/><T17/><D17/><U11/><E6/><V58/><F9/><W12/><G23/><T72/><D72/><U69/><E69/><V118/><F118/><W121/><G121/><T2/><AGARI ba="1,1" hai="0,2,3,41,42,43,44,48,54,74,78,83,90,91" machi="2" ten="40,12000,1" yaku="1,1,0,1,53,3" doraHai="64" doraHaiUra="32" who="0" fromWho="0" sc="357,133,211,-41,211,-41,211,-41" /><INIT seed="0,2,0,2,1,19" ten="490,170,170,170" oya="0" hai0="75,96,92,30,102,34,50,88,18,83,67,133,53" hai1="91,31,124,59,48,105,128,125,29,76,23,52,41" hai2="25,35,104,7,110,70,95,32,20,14,47,107,61" hai3="130,4,63,101,100,42,37,131,74,121,77,109,113"/><T46/><D133/><U66/><E105/><V115/><F115/><W43/><G113/><T27/><D67/><U15/><E128/><N who="3" m="49194" /><G109/><T5/><D5/><U55/><E41/><N who="3" m="15370" /><G37/><T108/><D108/><U54/><E76/><V126/><F110/><W21/><G4/><T122/><D122/><U2/><E2/><V84/><F126/><N who="1" m="48745" /><E91/><V33/><F47/><W13/><G63/><T65/><D65/><U127/><N who="1" m="48753" /><U118/><DORA hai="72" /><E118/><V123/><F123/><W38/><G38/><T26/><D75/><U112/><E112/><V97/><F61/><W64/><G64/><T82/><REACH who="0" step="1"/><D102/><REACH who="0" ten="480,170,170,170" step="2"/><U17/><E66/><V106/><F7/><W114/><G121/><T12/><D12/><U9/><E31/><V58/><F14/><W71/><G114/><T81/><D81/><U69/><E69/><V103/><F70/><W44/><G71/><T16/><D16/><N who="1" m="8303" /><E29/><V89/><REACH who="2" step="1"/><F58/><REACH who="2" ten="480,170,160,170" step="2"/><W135/><G13/><AGARI ba="2,2" hai="13,17,23,48,52,54,55,59" m="8303,48753" machi="13" ten="40,8000,1" yaku="18,1,52,1,54,2" doraHai="19,72" who="1" fromWho="3" sc="480,0,170,106,160,0,170,-86" /><INIT seed="1,0,0,3,1,26" ten="480,276,160,84" oya="1" hai0="41,83,63,85,14,133,28,111,73,17,38,35,125" hai1="69,71,80,8,134,0,106,92,65,40,12,31,135" hai2="117,88,122,132,9,61,34,119,114,127,58,29,98" hai3="20,89,60,3,10,4,103,52,7,107,79,74,64"/><U86/><E106/><V54/><F122/><W44/><G7/><T5/><D73/><U57/><E0/><V1/><F132/><N who="1" m="50729" /><E40/><V19/><F127/><W15/><G89/><T50/><D125/><U105/><E105/><V128/><F128/><W53/><G107/><T84/><D41/><U67/><E92/><V66/><F114/><W112/><G103/><T95/><D95/><U22/><E57/><V110/><F110/><W129/><G112/><T68/><D111/><U43/><E43/><V82/><F66/><N who="1" m="25097" /><E22/><V55/><F55/><W123/><G123/><T42/><D42/><U124/><E31/><V37/><F37/><W18/><G129/><T100/><D28/><U102/><E102/><V75/><F98/><W59/><REACH who="3" step="1"/><G44/><REACH who="3" ten="480,276,160,74" step="2"/><T91/><D100/><U25/><E124/><V126/><F126/><W23/><G23/><T101/><D133/><U130/><E130/><V77/><F88/><W116/><G116/><T21/><D101/><U104/><E104/><V118/><F1/><W131/><G131/><T13/><D91/><N who="1" m="51655" /><E25/><V90/><F90/><W97/><G97/><T48/><D21/><U70/><E71/><V113/><F113/><W78/><G78/><T46/><D68/><U16/><AGARI ba="0,1" hai="8,12,16,69,70" m="51655,25097,50729" machi="16" ten="30,3000,0" yaku="20,1,54,1" doraHai="26" who="1" fromWho="1" sc="480,-10,276,40,160,-10,74,-10" /><INIT seed="1,1,0,1,0,48" ten="470,316,150,64" oya="1" hai0="63,84,66,57,97,41,58,4,96,70,112,11,27" hai1="64,90,114,117,0,40,125,55,72,78,34,99,76" hai2="28,52,85,9,118,20,130,46,94,61,121,103,1" hai3="95,12,79,35,107,132,42,44,73,37,17,116,127"/><U134/><E114/><V101/><F118/><W33/><G107/><T21/><D112/><U47/><E117/><V80/><F121/><W108/><G116/><T6/><D41/><U3/><E34/><V89/><F130/><W16/><G108/><T109/><D109/><U25/><E64/><V26/><F1/><W77/><G132/><T62/><D84/><U128/><E25/><V126/><F9/><W7/><G7/><N who="0" m="2603" /><D11/><U88/><E128/><V74/><F126/><W98/><G127/><T51/><D51/><N who="1" m="29183" /><E72/><V56/><REACH who="2" step="1"/><F46/><REACH who="2" ten="470,316,140,64" step="2"/><W32/><G73/><T82/><D70/><U129/><E125/><V119/><F119/><W71/><G71/><T68/><D68/><U65/><E129/><V54/><F54/><W93/><G17/><N who="0" m="12719" /><D82/><U2/><E2/><V123/><F123/><W75/><G75/><T30/><D30/><U10/><E0/><V105/><F105/><W14/><G16/><T124/><D124/><U106/><E3/><V59/><F59/><W102/><REACH who="3" step="1"/><G93/><REACH who="3" ten="470,316,140,54" step="2"/><T86/><D86/><U22/><E106/><V131/><F131/><W113/><G113/><T133/><D133/><U81/><E134/><V67/><F67/><AGARI ba="1,2" hai="57,58,62,63,66,67,96,97" m="12719,2603" machi="67" ten="30,1000,0" yaku="8,1" doraHai="48" who="0" fromWho="2" sc="470,33,316,0,140,-13,54,0" /><INIT seed="2,0,0,0,4,82" ten="503,316,127,54" oya="2" hai0="4,47,79,39,36,57,86,41,135,26,102,132,118" hai1="73,115,49,81,103,40,16,38,45,84,90,68,76" hai2="111,116,34,66,63,19,51,98,127,108,97,114,24" hai3="87,83,31,128,121,133,117,67,88,18,58,77,123"/><V28/><F114/><W74/><G117/><T104/><D118/><U29/><E115/><V125/><F116/><W99/><G133/><N who="0" m="51275" /><D4/><U70/><E29/><V72/><F72/><W122/><G128/><T55/><D26/><U107/><E38/><V120/><F19/><W129/><G129/><T113/><D113/><U94/><REACH who="1" step="1"/><E16/><REACH who="1" ten="503,306,127,54" step="2"/><V62/><F120/><W23/><G31/><T13/><D36/><U91/><E91/><V10/><F10/><W11/><G11/><T101/><D39/><U69/><E69/><V92/><F28/><W95/><G67/><T93/><D102/><U89/><E89/><V119/><F66/><W61/><G18/><T96/><D101/><U32/><E32/><V65/><F34/><W54/><REACH who="3" step="1"/><G23/><REACH who="3" ten="503,306,127,44" step="2"/><T22/><D22/><U1/><E1/><V59/><F65/><W109/><G109/><T48/><D13/><U71/><E71/><V17/><F119/><W110/><G110/><T60/><D79/><U64/><E64/><V100/><F111/><W85/><AGARI ba="0,2" hai="54,58,61,74,77,83,85,87,88,95,99,121,122,123" machi="85" ten="40,8000,1" yaku="1,1,0,1,52,2,54,1,53,0" doraHai="82" doraHaiUra="37" who="3" fromWho="3" sc="503,-20,306,-20,127,-40,44,100" /><INIT seed="3,0,0,2,3,66" ten="483,286,87,144" oya="3" hai0="77,58,113,122,114,130,123,82,129,115,116,110,80" hai1="61,63,29,60,13,117,30,90,23,4,40,71,2" hai2="83,64,105,5,108,121,104,72,35,42,59,97,75" hai3="87,19,39,135,88,14,49,111,31,132,12,112,100"/><W41/><G112/><T95/><D110/><U27/><E71/><V56/><F35/><W131/><G131/><N who="0" m="50187" /><D116/><U46/><E117/><V37/><F108/><W20/><G100/><T54/><D95/><U43/><E2/><V57/><F121/><N who="0" m="46090" /><D77/><U69/><E69/><V28/><F28/><W93/><G39/><T67/><D67/><U48/><E30/><V33/><F33/><W9/><G111/><T109/><D109/><U85/><E43/><V26/><F26/><W128/><G128/><T84/><D84/><U16/><E4/><V3/><F64/><W6/><G31/><T38/><D38/><U50/><E50/><AGARI ba="0,0" hai="50,54,58,80,82,113,114,115" m="46090,50187" machi="50" ten="40,2600,0" yaku="11,1,19,1" doraHai="66" who="0" fromWho="1" sc="483,26,286,-26,87,0,144,0" owari="509,60.9,260,6.0,87,-41.3,144,-25.6" /></mjloggm>