<mjloggm ver="2.3"><GO type="225" lobby="0"/><UN n0="%52%61%69%61%6E%2E" n1="%E8%B6%85%E7%B4%9A%E9%B3%B3%E5%87%B0" n2="%E6%A1%9C%E8%8A%B1%E9%96%83%E3%80%85" n3="%28%EF%BF%A3%E2%96%BD%EF%BF%A3%29%CE%B4%E2%8C%92%E3%83%BB" dan="16,17,16,16" rate="2053.93,2176.64,2141.53,2190.00" sx="M,F,M,M"/><TAIKYOKU oya="0"/><INIT seed="0,0,0,0,5,50" ten="250,250,250,250" oya="0" hai0="119,125,112,37,128,65,127,110,47,77,18,70,60" hai1="61,135,30,1,33,4,25,134,52,17,57,88,46" hai2="23,13,95,54,106,93,83,109,115,87,15,132,59" hai3="0,51,68,12,40,45,62,3,89,53,11,107,31"/><T121/><D112/><U99/><E17/><V92/><F115/><W35/><G107/><T84/><D119/><U58/><E46/><V10/><F109/><W26/><G89/><T130/><D18/><U36/><E36/><V133/><F106/><W16/><REACH who="3" step="1"/><G53/><REACH who="3" ten="250,250,250,240" step="2"/><T6/><D121/><U7/><E58/><V81/><F133/><N who="1" m="50697" /><E1/><V8/><F132/><W63/><G63/><T74/><D60/><U22/><E33/><V75/><F54/><W71/><G71/><T69/><D69/><U94/><AGARI ba="0,1" hai="4,7,22,25,30,52,57,61,88,94,99" m="50697" machi="94" ten="30,7900,0" yaku="20,1,52,1,54,2" doraHai="50" who="1" fromWho="1" sc="250,-39,250,89,250,-20,240,-20" /><INIT seed="1,0,0,5,3,67" ten="211,339,230,220" oya="1" hai0="99,38,44,59,75,72,55,87,135,50,28,110,69" hai1="39,15,41,48,120,17,29,97,71,85,106,53,22" hai2="31,123,57,40,42,21,11,73,34,4,58,84,33" hai3="19,118,82,90,126,100,88,113,66,78,119,81,45"/><U14/><E120/><V70/><F123/><W25/><G113/><T51/><D38/><U121/><E121/><V60/><F73/><W114/><G114/><T13/><D110/><U54/><E39/><V26/><F70/><W80/><G126/><T128/><D128/><U43/><E29/><V103/><F103/><W37/><G100/><T9/><D135/><U127/><E127/><V115/><F115/><W77/><G66/><T116/><D116/><N who="3" m="44585" /><G25/><T32/><D99/><U8/><E54/><V61/><F84/><W52/><G19/><T12/><D12/><U74/><E74/><V10/><F21/><W36/><G36/><T7/><D87/><U93/><E106/><V117/><F117/><W47/><G37/><T104/><D104/><U122/><E85/><V105/><F105/><W24/><G24/><T35/><D35/><U63/><E122/><V101/><F101/><W79/><G52/><T56/><D56/><U125/><E125/><V134/><F134/><W124/><G124/><T27/><REACH who="0" step="1"/><D69/><REACH who="0" ten="201,339,230,220" step="2"/><U64/><E71/><V111/><F111/><W98/><G98/><T20/><D20/><U3/><E97/><V62/><F33/><W46/><AGARI ba="0,1" hai="45,46,47,77,78,79,80,81,82,88,90" m="44585" machi="46" ten="40,12000,2" yaku="29,2,28,2,12,1,54,1" doraHai="67" who="3" fromWho="3" sc="201,-30,339,-60,230,-30,220,130" /><INIT seed="2,0,0,0,4,64" ten="171,279,200,350" oya="2" hai0="129,88,100,16,10,115,73,114,96,49,63,95,12" hai1="50,48,98,68,117,42,28,55,80,58,126,56,47" hai2="69,113,105,18,70,17,111,54,39,79,75,106,127" hai3="45,91,53,86,36,13,67,2,0,27,65,122,104"/><V130/><F113/><W37/><G104/><N who="2" m="40041" /><F54/><W78/><G78/><T22/><D129/><U25/><E117/><V60/><F60/><W19/><G27/><T62/><D73/><U74/><E126/><V11/><F130/><W134/><G134/><T103/><D114/><U121/><E121/><V124/><F39/><W97/><G97/><T72/><D115/><U52/><E98/><V8/><F79/><W109/><G37/><T23/><D72/><U120/><E120/><V110/><F75/><W71/><G36/><T26/><D49/><U128/><E128/><V30/><F30/><W81/><G65/><T99/><D23/><U94/><E94/><V32/><F32/><W76/><G76/><T61/><REACH who="0" step="1"/><D96/><REACH who="0" ten="161,279,200,350" step="2"/><U84/><E74/><V34/><F34/><W59/><G122/><T46/><D46/><U118/><E118/><V132/><F132/><W101/><G45/><T9/><D9/><N who="2" m="3658" /><F127/><W125/><G125/><T5/><AGARI ba="0,1" hai="5,10,12,16,22,26,61,62,63,88,95,99,100,103" machi="5" ten="30,8000,1" yaku="1,1,0,1,8,1,54,2,53,0" doraHai="64" doraHaiUra="112" who="0" fromWho="0" sc="161,90,279,-20,200,-40,350,-20" /><INIT seed="3,0,0,5,0,46" ten="251,259,160,330" oya="3" hai0="56,3,88,124,113,44,75,57,91,32,96,120,4" hai1="106,45,132,18,0,52,130,129,128,1,72,104,59" hai2="98,14,69,41,73,84,25,43,125,85,60,135,61" hai3="23,6,55,63,12,100,47,119,115,27,31,83,86"/><W51/><G115/><T127/><D120/><U103/><E72/><V82/><F135/><W109/><G119/><T28/><D75/><U39/><E132/><V74/><F125/><N who="0" m="48202" /><D113/><U37/><E18/><V108/><F108/><W35/><G109/><T20/><D32/><U17/><E17/><V99/><F14/><W121/><G100/><T93/><D91/><U26/><E26/><V107/><F82/><W9/><G121/><T58/><D44/><U131/><N who="1" m="32768" /><DORA hai="40" /><U16/><E16/><V13/><F13/><W71/><G71/><T54/><D3/><N who="1" m="1099" /><E103/><V97/><F97/><W8/><G63/><N who="0" m="36247" /><D4/><U118/><E118/><V122/><F122/><W116/><G116/><T2/><D2/><U33/><E33/><V89/><F89/><N who="3" m="51423" /><G35/><T117/><D117/><U7/><E7/><V77/><F25/><AGARI ba="0,0" hai="20,25,28,57,58,88,93,96" m="36247,48202" machi="25" ten="30,2000,0" yaku="18,1,54,1" doraHai="46,40" who="0" fromWho="2" sc="251,20,259,0,160,-20,330,0" owari="271,7.1,259,-14.1,140,-36.0,330,43.0" /></mjloggm>