<mjloggm ver="2.3"><GO type="225" lobby="0"/><UN n0="%4C%4F%4C%49%54%41" n1="%73%61%6E%64%69%72%69%73" n2="%E6%A0%B9%E5%85%83%E3%81%8B%E3%82%89%E5%90%B9%E3%81%A3%E9%A3%9B%E3%81%B6" n3="%E3%81%BF%E3%81%BF%E3%81%9A" dan="16,16,17,17" rate="2164.59,2137.76,2208.88,2236.81" sx="F,M,F,M"/><TAIKYOKU oya="0"/><INIT seed="0,0,0,4,1,117" ten="250,250,250,250" oya="0" hai0="106,39,11,49,115,110,57,72,91,73,17,97,132" hai1="63,75,135,3,82,38,83,119,76,87,114,46,129" hai2="121,47,81,20,64,116,1,2,37,86,92,95,24" hai3="33,61,23,31,22,109,70,102,44,8,118,99,128"/><T28/><D115/><U56/><E135/><V18/><F116/><W105/><G118/><T77/><D39/><U125/><E125/><V126/><F126/><W41/><G109/><T80/><D132/><U130/><E3/><V74/><F64/><N who="3" m="41231" /><G8/><T104/><D72/><U65/><E119/><V111/><F74/><W113/><G113/><T94/><D110/><U26/><E26/><V68/><F68/><W127/><G127/><T5/><D17/><U79/><E114/><V35/><F111/><W101/><G101/><T62/><D49/><U88/><REACH who="1" step="1"/><E79/><REACH who="1" ten="250,240,250,250" step="2"/><V78/><F1/><W96/><G128/><T0/><REACH who="0" step="1"/><D28/><REACH who="0" ten="240,240,250,250" step="2"/><U7/><E7/><V32/><F37/><W25/><G99/><T103/><D103/><U43/><AGARI ba="0,2" hai="38,43,46,56,63,65,75,76,82,83,87,88,129,130" machi="43" ten="30,7900,0" yaku="1,1,0,1,54,1,53,1" doraHai="117" doraHaiUra="71" who="1" fromWho="1" sc="240,-39,240,99,250,-20,250,-20" /><INIT seed="1,0,0,4,2,87" ten="201,339,230,230" oya="1" hai0="81,126,21,36,73,101,39,91,1,89,108,82,98" hai1="75,12,116,16,114,99,66,28,17,35,54,65,100" hai2="31,0,90,96,27,106,95,19,56,132,20,37,26" hai3="76,71,69,8,57,113,3,59,127,74,119,134,77"/><U63/><E75/><V48/><F132/><W14/><G113/><T49/><D1/><U22/><E114/><V5/><F37/><W15/><G3/><T124/><D108/><U88/><E116/><V25/><F106/><W23/><G134/><T112/><D112/><U92/><E35/><V117/><F117/><W24/><G119/><T33/><D33/><U68/><E28/><V72/><F72/><W86/><G74/><T38/><D49/><U46/><E66/><V40/><F31/><W84/><G127/><N who="0" m="48683" /><D21/><U125/><E125/><V9/><F56/><W60/><G23/><T102/><D102/><U6/><E6/><V4/><REACH who="2" step="1"/><F5/><REACH who="2" ten="201,339,220,230" step="2"/><W2/><G71/><T128/><D128/><U41/><E17/><V110/><F110/><W135/><G69/><T32/><D32/><U109/><E109/><V129/><F129/><W44/><G135/><T115/><D115/><U55/><E100/><V120/><F120/><W131/><G59/><T43/><D73/><U61/><E61/><V121/><F121/><W18/><G57/><T78/><D36/><AGARI ba="0,1" hai="12,16,22,36,41,46,54,55,63,65,68,88,92,99" machi="36" ten="30,11600,0" yaku="7,1,52,1,54,2" doraHai="87" who="1" fromWho="0" sc="201,-116,339,126,220,0,230,0" /><INIT seed="1,1,0,4,3,87" ten="85,465,220,230" oya="1" hai0="111,40,126,11,89,129,64,73,118,79,29,120,122" hai1="108,69,39,101,90,99,24,71,117,21,28,92,62" hai2="76,83,0,103,17,6,23,41,113,4,15,19,45" hai3="78,130,86,38,88,42,33,2,131,43,133,51,75"/><U93/><E117/><V68/><F68/><W61/><G133/><T49/><D118/><U115/><E115/><V81/><F113/><W121/><G121/><T106/><D106/><U20/><E39/><V100/><F83/><N who="3" m="45535" /><G33/><T58/><D111/><U74/><E74/><V50/><F17/><W34/><G34/><T59/><D126/><U85/><E108/><V10/><REACH who="2" step="1"/><F4/><REACH who="2" ten="85,465,210,230" step="2"/><W46/><G131/><T8/><D129/><U84/><E71/><V37/><F37/><W110/><G130/><T3/><D120/><U52/><E69/><V91/><F91/><W5/><G110/><T35/><D89/><U56/><E85/><AGARI ba="1,1" hai="0,6,10,15,19,23,41,45,50,76,81,85,100,103" machi="85" ten="30,2000,0" yaku="1,1,7,1,53,0" doraHai="87" doraHaiUra="102" who="2" fromWho="1" sc="85,0,465,-23,210,33,230,0" /><INIT seed="2,0,0,0,2,95" ten="85,442,243,230" oya="2" hai0="86,88,56,107,124,28,133,10,58,80,15,96,41" hai1="114,40,101,113,70,111,55,2,92,3,24,13,91" hai2="132,29,14,117,77,103,130,0,23,50,32,116,104" hai3="8,84,22,135,67,118,68,131,59,35,100,89,106"/><V119/><F0/><W122/><G118/><T39/><D133/><U102/><E70/><V85/><F132/><W83/><G135/><T63/><D124/><U43/><E13/><V30/><F130/><W7/><G35/><T97/><D107/><U20/><E111/><V72/><F72/><W11/><G131/><T52/><D28/><U73/><E73/><V112/><F112/><W134/><G134/><T110/><D110/><U71/><E71/><V78/><F32/><W21/><G68/><T34/><D34/><U37/><E37/><V12/><F50/><W49/><G122/><T94/><D39/><U75/><E75/><V69/><F69/><W98/><G11/><T44/><D41/><U17/><E2/><V76/><F85/><W47/><G67/><T38/><D38/><U6/><E6/><V126/><F126/><W48/><G59/><T26/><D26/><U54/><E3/><V81/><F81/><W62/><G62/><N who="0" m="36103" /><D44/><U74/><E74/><V18/><F12/><W51/><REACH who="3" step="1"/><G47/><REACH who="3" ten="85,442,243,220" step="2"/><T1/><D1/><AGARI ba="0,1" hai="1,7,8,21,22,48,49,51,83,84,89,98,100,106" machi="1" ten="40,5200,0" yaku="1,1,2,1,52,1,53,0" doraHai="95" doraHaiUra="108" who="3" fromWho="0" sc="85,-52,442,0,243,0,220,62" /><INIT seed="3,0,0,5,2,51" ten="33,442,243,282" oya="3" hai0="70,110,81,127,82,113,27,93,100,9,134,7,126" hai1="52,96,102,109,32,90,64,40,135,61,122,0,49" hai2="1,42,18,48,74,8,60,123,83,12,25,24,69" hai3="101,20,50,26,38,14,103,28,125,35,15,112,89"/><W57/><G38/><T118/><D70/><U76/><E0/><V131/><F131/><W56/><G112/><T36/><D36/><U129/><E32/><V39/><F123/><W119/><G119/><T59/><D118/><U95/><E109/><V21/><F39/><W132/><G132/><T91/><D134/><U37/><E122/><V130/><F1/><W11/><G125/><T115/><D110/><U79/><E135/><V111/><F111/><W87/><G35/><T53/><D27/><U10/><E10/><V47/><F130/><W117/><G117/><T99/><D9/><U5/><E5/><V34/><F34/><W43/><G57/><T108/><D108/><U23/><E129/><V62/><F69/><W77/><G77/><T88/><D59/><N who="1" m="36927" /><E40/><V2/><F2/><W19/><G15/><T45/><D45/><N who="1" m="27695" /><E37/><V107/><F107/><W105/><G105/><T58/><D58/><U121/><E121/><V4/><F74/><W98/><G43/><T54/><D7/><U120/><E120/><V30/><REACH who="2" step="1"/><F83/><REACH who="2" ten="33,442,233,282" step="2"/><N who="3" m="49407" /><G98/><T16/><D99/><N who="1" m="59775" /><E23/><V65/><F65/><W94/><G94/><AGARI ba="0,1" hai="76,79,90,94,96" m="59775,27695,36927" machi="94" ten="30,3900,0" yaku="8,1,52,1,54,1" doraHai="51" who="1" fromWho="3" sc="33,0,442,49,233,0,282,-39" owari="33,-46.7,491,59.1,233,-16.7,243,4.3" /></mjloggm>