<mjloggm ver="2.3"><GO type="225" lobby="0"/><UN n0="%E7%B4%94%E6%BD%94%E3%83%94%E3%83%A9%E3%83%8B%E3%82%A2" n1="%E6%B5%AE%E7%94%9F%E4%B9%8B%E6%A1%9C%E2%98%86" n2="%E3%81%8B%E3%82%8F%E3%81%A1%E3%82%83%E3%82%93%35%38" n3="%E3%83%97%E3%83%AC%E3%83%B4%E3%82%A1%E3%83%86%E3%82%A3" dan="16,18,16,16" rate="2111.85,2194.11,2170.22,2088.65" sx="M,M,M,F"/><TAIKYOKU oya="0"/><INIT seed="0,0,0,0,5,7" ten="250,250,250,250" oya="0" hai0="37,126,8,119,63,57,44,52,61,35,104,127,74" hai1="124,11,89,108,97,15,4,120,66,39,26,84,79" hai2="2,93,125,23,105,31,121,70,96,91,65,115,122" hai3="67,102,33,103,27,17,62,10,50,43,32,14,64"/><T5/><D104/><U34/><E120/><V101/><F2/><W13/><G27/><T132/><D35/><U76/><E39/><V51/><F70/><W129/><G129/><T135/><D119/><U6/><E108/><V86/><F65/><W110/><G110/><T42/><D74/><U82/><E124/><N who="0" m="47657" /><D61/><U28/><E66/><V18/><F125/><W54/><G67/><T99/><D99/><U81/><E97/><V88/><F115/><W95/><G43/><T111/><D111/><U47/><E47/><V107/><F31/><W133/><G133/><T98/><D98/><U117/><E117/><V20/><F20/><W83/><G95/><T41/><D42/><U3/><E3/><AGARI ba="0,0" hai="3,5,8,37,41,44,52,57,63,132,135" m="47657" machi="3" ten="30,5800,0" yaku="18,1,52,1,54,1" doraHai="7" who="0" fromWho="1" sc="250,58,250,-58,250,0,250,0" /><INIT seed="0,1,0,5,3,93" ten="308,192,250,250" oya="0" hai0="82,52,78,88,11,83,34,3,61,16,26,27,81" hai1="126,102,18,42,1,30,60,107,92,116,23,130,90" hai2="120,112,133,29,64,10,101,19,85,28,51,121,37" hai3="45,36,24,96,59,108,118,22,20,39,56,98,13"/><T135/><D135/><U105/><E116/><V87/><F37/><W55/><G118/><T95/><D34/><U58/><E1/><V14/><F112/><W89/><G108/><T21/><D3/><U125/><E42/><V44/><F133/><W2/><G2/><T66/><D11/><U57/><E30/><V131/><F131/><W80/><G39/><T77/><D27/><U35/><E35/><V111/><F111/><W74/><G36/><T6/><D6/><U117/><E117/><V46/><F64/><W68/><G68/><T41/><D41/><U106/><E102/><V110/><F110/><W91/><G74/><T63/><D63/><U9/><E9/><V84/><F101/><W76/><G76/><T71/><REACH who="0" step="1"/><D52/><REACH who="0" ten="298,192,250,250" step="2"/><N who="1" m="33831" /><E130/><V79/><F46/><W72/><G45/><T129/><D129/><U48/><E58/><N who="3" m="22058" /><G55/><T4/><D4/><U75/><E48/><V65/><F44/><W31/><G72/><T99/><AGARI ba="1,1" hai="16,21,26,61,66,71,77,78,81,82,83,88,95,99" machi="99" ten="30,12000,1" yaku="1,1,0,1,52,1,54,2,53,0" doraHai="93" doraHaiUra="132" who="0" fromWho="0" sc="298,133,192,-41,250,-41,250,-41" /><INIT seed="0,2,0,3,2,43" ten="431,151,209,209" oya="0" hai0="109,35,42,31,45,133,98,4,70,81,88,124,78" hai1="0,120,65,66,135,92,87,121,122,15,36,103,75" hai2="55,117,56,30,93,12,3,21,76,112,51,110,37" hai3="128,58,61,50,104,131,10,46,24,113,32,90,115"/><T82/><D70/><U59/><E0/><V9/><F112/><W20/><G104/><T80/><D124/><U69/><E75/><V28/><F37/><W114/><G32/><T77/><D133/><U85/><E135/><V47/><F3/><W38/><G38/><T8/><D109/><U67/><E69/><V116/><F110/><W95/><G10/><T94/><D31/><U101/><E36/><V41/><F76/><W129/><G20/><T102/><D35/><U106/><E106/><V49/><F93/><W86/><G24/><T83/><D102/><N who="1" m="38923" /><E92/><V74/><F74/><W40/><REACH who="3" step="1"/><G114/><REACH who="3" ten="431,151,209,199" step="2"/><T89/><D89/><U14/><E59/><V79/><F79/><W48/><G48/><N who="0" m="26679" /><D80/><U29/><E29/><V132/><F132/><W123/><G123/><T11/><D11/><U62/><E62/><V68/><F21/><W27/><G27/><T52/><D78/><U25/><E25/><V33/><F33/><W73/><G73/><T107/><D107/><U111/><E111/><V60/><F28/><W1/><G1/><T84/><D81/><U127/><E127/><V17/><F30/><W96/><G96/><T99/><D83/><U22/><E22/><V34/><F34/><W100/><G100/><T125/><D99/><U13/><AGARI ba="2,1" hai="13,14,15,65,66,67,85,87,120,121,122" m="38923" machi="13" ten="40,8000,1" yaku="29,2,28,2" doraHai="43" who="1" fromWho="1" sc="431,-42,151,96,209,-22,199,-22" /><INIT seed="1,0,0,1,0,42" ten="389,247,187,177" oya="1" hai0="80,3,33,127,39,132,23,46,92,112,106,34,52" hai1="12,13,18,32,21,124,116,29,31,122,81,4,108" hai2="94,63,48,1,60,55,119,44,38,88,47,134,24" hai3="105,67,11,14,117,64,104,90,111,86,61,73,87"/><U93/><E116/><V0/><F0/><W120/><G117/><T26/><D112/><U49/><E122/><V43/><F43/><W123/><G111/><T54/><BYE who="2" /><D106/><U10/><E108/><V58/><F58/><W37/><G37/><T89/><D3/><U62/><E124/><V2/><F2/><W130/><G73/><UN n2="%E3%81%8B%E3%82%8F%E3%81%A1%E3%82%83%E3%82%93%35%38" /><T27/><D127/><U35/><E62/><N who="2" m="23595" /><F1/><W121/><G130/><T41/><D80/><U75/><E93/><V102/><F38/><W28/><G28/><N who="1" m="10826" /><E49/><V115/><F119/><W8/><G67/><T68/><D68/><U53/><E53/><V74/><F74/><W79/><G79/><T110/><D52/><U71/><E71/><V113/><F102/><W97/><G8/><T98/><D54/><U45/><E45/><N who="2" m="28047" /><F134/><W66/><G66/><T7/><D132/><U57/><E57/><V15/><F24/><W95/><G105/><T76/><D41/><U36/><E36/><V118/><F118/><W91/><G104/><T83/><D39/><U17/><E75/><V5/><F115/><W72/><G72/><T30/><D46/><N who="2" m="17450" /><F113/><W109/><G109/><T85/><D110/><U50/><E50/><V84/><F15/><W59/><REACH who="3" step="1"/><G91/><REACH who="3" ten="389,247,187,167" step="2"/><T40/><D40/><U51/><E35/><V100/><F100/><W70/><G70/><T131/><D33/><U16/><E32/><V99/><F5/><AGARI ba="0,1" hai="5,11,14,59,61,64,86,87,90,95,97,120,121,123" machi="5" ten="40,1300,0" yaku="1,1,53,0" doraHai="42" doraHaiUra="101" who="3" fromWho="2" sc="389,0,247,0,187,-13,167,23" /><INIT seed="2,0,0,2,2,77" ten="389,247,174,190" oya="2" hai0="82,16,122,4,72,41,100,39,6,40,115,66,105" hai1="62,7,57,18,108,24,133,46,119,94,124,0,61" hai2="102,29,58,130,49,8,111,116,80,11,54,56,118" hai3="59,5,103,91,34,65,27,37,9,73,32,17,85"/><V53/><F130/><W128/><G73/><T31/><D122/><U79/><E119/><V43/><F43/><W125/><G37/><T134/><D31/><U30/><E108/><V127/><F111/><W64/><G128/><T123/><D123/><U89/><E133/><V96/><F127/><W104/><G125/><T131/><D115/><U78/><E124/><V135/><F135/><W22/><G104/><T25/><D66/><U101/><E101/><V52/><F29/><W2/><G103/><T75/><D75/><U13/><E46/><V38/><F38/><W113/><G113/><T99/><D131/><U71/><E71/><V23/><F23/><W95/><REACH who="3" step="1"/><G59/><REACH who="3" ten="389,247,174,180" step="2"/><T19/><D39/><U47/><E57/><V45/><F58/><W69/><G69/><T74/><D72/><U132/><E132/><V36/><F36/><W84/><G84/><T15/><D74/><U110/><E110/><V44/><F118/><W63/><G63/><T14/><D105/><U90/><E61/><N who="2" m="35975" /><F116/><W42/><G42/><T109/><D40/><U83/><E62/><V76/><F102/><W33/><AGARI ba="0,1" hai="2,5,9,17,22,27,32,33,34,64,65,85,91,95" machi="33" ten="30,2000,0" yaku="1,1,0,1,53,0" doraHai="77" doraHaiUra="67" who="3" fromWho="3" sc="389,-5,247,-5,174,-10,180,30" /><INIT seed="3,0,0,5,0,6" ten="384,242,164,210" oya="3" hai0="85,108,133,101,35,53,25,91,106,67,57,45,121" hai1="8,17,14,94,122,135,115,120,10,81,70,103,29" hai2="114,93,95,123,21,44,16,124,92,128,58,30,126" hai3="26,118,102,4,112,110,56,89,65,68,74,49,13"/><W51/><G112/><T46/><D121/><N who="1" m="46699" /><E70/><V99/><F123/><W62/><G74/><T80/><D108/><U50/><E50/><V132/><F114/><W100/><G118/><T40/><D133/><U60/><E60/><V107/><F30/><W43/><G110/><T24/><D106/><U125/><E81/><V28/><F28/><W66/><G26/><N who="0" m="10347" /><D35/><U0/><E94/><V23/><F132/><W134/><G134/><T36/><D36/><U3/><E103/><N who="3" m="39466" /><G68/><T116/><D116/><U96/><E96/><V33/><F33/><W79/><G79/><T11/><D101/><U86/><E86/><V18/><F93/><W41/><G66/><T48/><D67/><U87/><E87/><V88/><F107/><W12/><G89/><T76/><D91/><U105/><E105/><V2/><F2/><N who="1" m="553" /><E135/><V84/><F44/><N who="3" m="25743" /><G4/><T71/><D71/><U131/><E115/><V64/><F64/><W75/><G75/><T32/><D32/><U34/><E125/><V7/><F7/><W104/><G104/><T9/><D46/><AGARI ba="0,0" hai="12,13,43,46,51,56,62,65" m="25743,39466" machi="46" ten="30,1500,0" yaku="8,1" doraHai="6" who="3" fromWho="0" sc="384,-15,242,0,164,0,210,15" /><INIT seed="3,1,0,0,3,132" ten="369,242,164,225" oya="3" hai0="34,54,14,12,28,117,115,79,75,88,51,86,27" hai1="100,45,5,4,22,102,31,130,78,20,62,96,122" hai2="65,93,135,50,63,46,84,24,11,107,85,94,9" hai3="17,43,10,91,58,127,55,70,113,120,134,126,83"/><W109/><G70/><T16/><D117/><U3/><E122/><V67/><F107/><W42/><G120/><T124/><D115/><U82/><E130/><V61/><F135/><W118/><G134/><T64/><D124/><N who="3" m="47657" /><G113/><T133/><D133/><U37/><E62/><V48/><REACH who="2" step="1"/><F24/><REACH who="2" ten="369,242,154,225" step="2"/><W89/><G118/><T23/><D75/><U53/><E102/><V60/><F60/><N who="3" m="35935" /><G109/><T90/><D64/><U125/><E125/><V119/><F119/><W121/><G121/><T30/><D30/><U26/><E31/><V36/><F36/><W76/><G17/><T49/><D49/><U57/><E37/><V44/><AGARI ba="1,1" hai="9,11,44,46,48,50,61,63,65,67,84,85,93,94" machi="44" ten="25,12000,2" yaku="1,1,0,1,22,2,8,1,53,2" doraHai="132" doraHaiUra="6" who="2" fromWho="2" sc="369,-31,242,-31,154,133,225,-61" owari="338,43.8,211,-18.9,287,8.7,164,-33.6" /></mjloggm>