<mjloggm ver="2.3"><GO type="225" lobby="0"/><UN n0="%E3%82%BC%E3%83%AB%E3%83%80%E3%81%AE%E4%BC%9D%E8%AA%AC" n1="%72%65%6E%6B%75%6E" n2="%77%72%77%72%77%72%77%72" n3="%E3%81%B5%E3%81%98%E3%81%8B%E3%81%A4" dan="18,17,17,16" rate="2231.54,2233.82,2198.01,2182.88" sx="M,M,M,M"/><TAIKYOKU oya="0"/><INIT seed="0,0,0,5,3,122" ten="250,250,250,250" oya="0" hai0="114,42,35,76,19,52,15,66,102,16,100,82,70" hai1="28,113,111,81,125,7,51,20,103,6,112,104,17" hai2="89,120,8,126,97,94,84,118,33,96,5,87,25" hai3="68,32,69,23,11,67,45,21,14,91,0,117,98"/><T62/><D114/><N who="1" m="44139" /><E103/><V26/><F120/><W121/><G121/><T116/><D116/><U12/><E104/><V56/><F118/><W86/><G117/><T73/><D35/><U133/><E81/><V99/><F126/><W115/><G115/><T9/><D42/><U41/><E125/><V129/><F129/><W85/><G32/><T75/><D75/><U27/><E41/><V63/><F84/><W80/><G0/><T39/><D39/><U71/><E71/><V106/><F33/><W83/><G98/><T109/><D109/><U132/><E51/><V93/><F93/><W77/><G45/><T65/><D65/><U79/><E79/><V40/><F40/><W74/><G74/><T128/><D128/><U134/><E111/><V124/><F124/><W101/><G101/><T50/><REACH who="0" step="1"/><D19/><REACH who="0" ten="240,250,250,250" step="2"/><U60/><E60/><V72/><F72/><W135/><G135/><T53/><D53/><U22/><AGARI ba="0,1" hai="6,7,12,17,20,22,27,28,132,133,134" m="44139" machi="22" ten="40,8000,1" yaku="20,1,11,1,34,2" doraHai="122" who="1" fromWho="1" sc="240,-40,250,90,250,-20,250,-20" /><INIT seed="1,0,0,5,1,114" ten="200,340,230,230" oya="1" hai0="3,103,55,65,117,34,59,2,17,119,71,5,80" hai1="79,0,68,127,39,125,73,52,14,57,88,118,124" hai2="36,78,27,102,108,1,132,77,67,91,15,120,37" hai3="96,84,70,62,86,85,111,30,90,97,112,121,38"/><U8/><E118/><V26/><F120/><W134/><G112/><T72/><D34/><U64/><E39/><V42/><F1/><W18/><G121/><T107/><D17/><U9/><E68/><V113/><F113/><W6/><G38/><T133/><D59/><U10/><E64/><V115/><F115/><W32/><G134/><T44/><D55/><U100/><E100/><V83/><F102/><W94/><G111/><T7/><D44/><U54/><E0/><N who="0" m="41" /><D5/><U19/><E79/><V129/><F108/><W99/><G6/><T35/><D7/><U104/><E104/><V69/><F132/><W49/><G49/><T95/><D95/><U47/><E73/><V82/><F67/><W75/><G75/><T25/><D133/><U45/><E88/><V41/><F91/><W13/><G70/><T123/><D123/><U87/><E87/><N who="3" m="33354" /><G32/><T53/><D53/><N who="1" m="20587" /><E57/><V51/><F69/><W63/><G30/><N who="0" m="19919" /><D80/><U31/><E31/><V23/><F51/><W46/><G46/><AGARI ba="0,0" hai="8,9,10,14,19,45,46,47,124,125,127" m="20587" machi="46" ten="40,3900,0" yaku="18,1,54,1" doraHai="114" who="1" fromWho="3" sc="200,0,340,39,230,0,230,-39" /><INIT seed="1,1,0,2,0,48" ten="200,379,230,191" oya="1" hai0="61,1,42,133,15,119,37,127,10,5,32,47,105" hai1="117,16,38,8,55,94,49,87,52,77,62,4,124" hai2="75,108,68,101,31,45,39,43,92,20,51,18,106" hai3="121,57,3,29,122,73,111,100,93,131,81,104,80"/><U72/><E38/><V115/><F68/><W0/><G29/><T7/><D119/><U50/><E117/><V130/><F75/><W2/><G73/><T86/><D105/><U54/><E72/><V113/><F106/><W65/><G104/><T22/><D32/><U97/><E124/><V14/><F108/><W95/><G111/><T102/><D127/><U19/><E62/><V70/><F70/><W103/><G131/><T129/><D129/><U60/><E60/><V90/><F101/><N who="3" m="38987" /><G57/><T76/><D102/><N who="1" m="60727" /><E4/><V110/><F31/><W27/><G65/><T109/><D109/><U35/><E35/><V78/><F130/><W79/><G79/><T120/><D120/><N who="3" m="46185" /><G27/><T34/><D34/><U89/><E77/><V128/><F78/><W112/><G112/><N who="2" m="43081" /><F110/><W28/><G28/><T44/><D76/><U134/><E134/><V84/><F128/><W64/><G64/><T59/><D133/><U74/><E74/><V58/><F58/><W123/><N who="3" m="46193" /><W107/><DORA hai="53" /><G107/><T40/><D1/><N who="3" m="257" /><W99/><DORA hai="23" /><G99/><T135/><D135/><U12/><E19/><V41/><F39/><W33/><G33/><T116/><D116/><U118/><E118/><V13/><F18/><W85/><G85/><T82/><D5/><U132/><E132/><V36/><F36/><W67/><G67/><N who="0" m="39359" /><D37/><U11/><E8/><V56/><F56/><W66/><G66/><T83/><D10/><U30/><E30/><V21/><F21/><W125/><G125/><T71/><D71/><U9/><E9/><V88/><F20/><W63/><G63/><T96/><D22/><RYUUKYOKU ba="1,0" sc="200,-15,379,15,230,-15,191,15" hai1="11,12,16,49,50,52,54,55,87,89" hai3="80,81,93,95" /><INIT seed="1,2,0,5,3,100" ten="185,394,215,206" oya="1" hai0="45,54,37,36,55,33,7,114,107,30,110,115,63" hai1="120,128,68,65,64,2,77,9,58,98,99,112,96" hai2="89,134,32,106,93,23,94,131,10,75,101,127,79" hai3="80,109,29,81,118,21,27,6,67,50,28,53,126"/><U43/><E112/><V92/><F32/><W133/><G133/><T74/><D74/><U57/><E120/><V69/><F69/><W47/><G126/><T11/><D110/><U1/><E77/><V104/><F134/><W38/><G109/><T26/><D107/><N who="2" m="41002" /><F23/><W132/><G118/><T90/><D90/><U125/><E43/><V59/><F59/><N who="1" m="22537" /><E9/><V113/><F10/><W4/><G132/><T19/><D19/><U72/><E125/><V34/><F34/><W117/><G38/><T97/><D97/><U122/><E122/><V31/><F31/><N who="3" m="11851" /><G67/><N who="1" m="25674" /><E68/><V76/><F127/><W85/><G117/><T71/><D71/><U12/><E12/><V95/><F131/><W20/><G20/><T49/><D37/><U87/><E87/><N who="2" m="52287" /><F113/><W8/><G8/><T25/><D36/><U91/><E91/><V42/><F42/><W111/><G111/><T48/><D114/><U124/><E72/><V14/><F14/><W88/><G80/><T13/><D115/><U86/><E86/><V119/><F119/><W129/><G129/><T56/><REACH who="0" step="1"/><D25/><REACH who="0" ten="175,394,215,206" step="2"/><U24/><E24/><V83/><F76/><W82/><G82/><T40/><D40/><U44/><E124/><V51/><F51/><AGARI ba="2,1" hai="7,11,13,26,30,33,45,48,49,51,54,55,56,63" machi="51" ten="40,1300,0" yaku="1,1,53,0" doraHai="100" doraHaiUra="73" who="0" fromWho="2" sc="175,29,394,0,215,-19,206,0" /><INIT seed="2,0,0,4,4,106" ten="204,394,196,206" oya="2" hai0="22,57,90,115,120,60,132,118,29,64,111,92,65" hai1="44,21,3,93,15,114,101,38,97,131,25,123,66" hai2="88,1,119,78,121,128,67,99,50,91,43,55,89" hai3="126,102,127,130,86,26,72,59,30,10,94,98,34"/><V107/><F119/><W87/><G130/><T105/><D105/><U16/><E114/><V4/><F121/><W5/><G72/><T39/><D39/><U96/><E131/><V46/><F128/><W54/><G86/><T13/><D120/><U103/><E3/><V124/><F124/><N who="3" m="47659" /><G87/><T122/><D115/><U31/><E123/><V133/><F133/><W42/><G42/><T125/><D122/><U58/><E38/><V19/><F78/><W23/><G59/><T0/><D0/><U75/><E75/><V77/><F77/><W9/><G54/><T7/><D132/><U20/><E44/><V40/><F67/><W134/><G134/><T24/><D111/><U37/><E37/><V63/><F19/><W73/><G73/><T45/><D45/><U100/><E96/><V41/><F63/><AGARI ba="0,0" hai="15,16,20,21,25,31,58,63,66,93,97,100,101,103" machi="63" ten="40,8000,1" yaku="25,2,8,1,54,1" doraHai="106" who="1" fromWho="2" sc="204,0,394,80,196,-80,206,0" /><INIT seed="3,0,0,0,0,122" ten="204,474,116,206" oya="3" hai0="132,81,134,12,118,20,77,102,3,68,70,25,131" hai1="64,46,0,73,52,13,108,124,31,96,74,53,116" hai2="35,34,69,86,43,5,83,78,125,7,93,133,120" hai3="62,65,80,56,67,109,4,107,115,130,98,40,6"/><W85/><G115/><T88/><D3/><U114/><E0/><V41/><F69/><W21/><G130/><T94/><D118/><U89/><E64/><V105/><F105/><W32/><G32/><T26/><D12/><U111/><E114/><V37/><F120/><W128/><G40/><T2/><D102/><U119/><E31/><V28/><F133/><N who="0" m="51306" /><D2/><U36/><E13/><V50/><F125/><W10/><G67/><T127/><D127/><U60/><E124/><V87/><F37/><W17/><G128/><T33/><D33/><U101/><E89/><V24/><F34/><W71/><G71/><N who="0" m="27179" /><D20/><U112/><E112/><V19/><F19/><W27/><G98/><N who="0" m="57671" /><D131/><U99/><E60/><V16/><F35/><W23/><G23/><T84/><AGARI ba="0,0" hai="25,26,77,81,84" m="57671,27179,51306" machi="84" ten="30,2000,0" yaku="20,1,54,1" doraHai="122" who="0" fromWho="0" sc="204,20,474,-5,116,-5,206,-10" owari="224,2.4,469,56.9,111,-38.9,196,-20.4" /></mjloggm>