<mjloggm ver="2.3"><GO type="225" lobby="0"/><UN n0="%41%54%53%4D" n1="%6D%75%75%6D%75%72%61" n2="%E6%A1%9C%E8%8A%B1%E9%96%83%E3%80%85" n3="%E7%9C%9F%E4%B8%80" dan="16,17,17,17" rate="2101.96,2196.65,2197.21,2225.65" sx="M,F,M,M"/><TAIKYOKU oya="0"/><INIT seed="0,0,0,1,3,24" ten="250,250,250,250" oya="0" hai0="129,3,75,41,63,119,34,89,50,29,67,43,92" hai1="32,69,77,37,96,2,103,5,11,7,73,49,65" hai2="88,26,33,10,131,36,112,94,97,62,111,86,127" hai3="28,9,38,93,102,4,55,22,57,113,123,35,95"/><T1/><D75/><U59/><E37/><V54/><F112/><W64/><G113/><T120/><D120/><U18/><E69/><V106/><F111/><W14/><G38/><T66/><D119/><U0/><E18/><V117/><F117/><W132/><G132/><T78/><D78/><U46/><E32/><V45/><F127/><W130/><G130/><T79/><D79/><U27/><E27/><V105/><F131/><W91/><G35/><T44/><D129/><U122/><E122/><V70/><F10/><W42/><G42/><T109/><D109/><U53/><E65/><V68/><F62/><W30/><G64/><T17/><D43/><U71/><E59/><V8/><F8/><W25/><G123/><T47/><D47/><U51/><E51/><V101/><F105/><W98/><G95/><T15/><D67/><U52/><E53/><V133/><F133/><W61/><G102/><T12/><D12/><U76/><E71/><V60/><F60/><W134/><G134/><T116/><D116/><U128/><E128/><V99/><F99/><W48/><G48/><T72/><D72/><U135/><E135/><V83/><F106/><W107/><G107/><T114/><D114/><U125/><E125/><V104/><F104/><W58/><G58/><N who="0" m="37239" /><D29/><AGARI ba="0,0" hai="4,9,14,22,25,28,29,30,55,57,61,91,93,98" machi="29" ten="30,8000,1" yaku="7,1,8,1,52,3" doraHai="24" who="3" fromWho="0" sc="250,-80,250,0,250,0,250,80" /><INIT seed="1,0,0,4,2,79" ten="170,250,250,330" oya="1" hai0="71,125,93,134,62,57,7,88,100,32,49,99,80" hai1="97,2,85,133,67,37,118,47,94,11,46,56,17" hai2="51,120,10,40,65,55,45,21,74,20,117,59,127" hai3="5,129,103,14,82,50,128,44,3,95,38,115,104"/><U83/><E118/><V41/><F117/><W52/><G115/><T77/><D32/><U8/><E133/><V76/><F120/><W126/><G126/><T9/><D134/><U43/><E2/><V34/><F34/><W122/><G122/><T96/><D125/><U75/><E75/><V107/><F107/><W48/><G104/><T39/><D39/><U114/><E114/><V78/><F127/><W4/><G3/><T72/><D49/><U130/><E130/><N who="3" m="50282" /><G38/><T1/><D71/><U81/><E46/><V13/><F65/><W132/><G132/><T33/><D33/><U105/><E105/><V36/><F41/><W116/><G14/><T119/><D119/><U108/><E108/><V29/><F29/><W113/><G113/><T30/><D30/><U22/><E85/><V106/><F106/><W23/><G23/><T90/><REACH who="0" step="1"/><D99/><REACH who="0" ten="160,250,250,330" step="2"/><U112/><E112/><V110/><F110/><W102/><G50/><T109/><D109/><U123/><E123/><V68/><F68/><W19/><G116/><T18/><D18/><U27/><E37/><V54/><F36/><W31/><G19/><T16/><D16/><N who="1" m="12743" /><E43/><V73/><F40/><W87/><G31/><T92/><D92/><U70/><E70/><V135/><F135/><W58/><G95/><T24/><D24/><U6/><E17/><N who="2" m="10287" /><F21/><W66/><G4/><T121/><D121/><U64/><E6/><V69/><F69/><W35/><G5/><T42/><D42/><U111/><E111/><V26/><F26/><W63/><G35/><T89/><D89/><AGARI ba="0,1" hai="44,48,52,58,63,66,82,87,89,102,103" m="50282" machi="89" ten="30,3900,0" yaku="19,1,52,1,54,1" doraHai="79" who="3" fromWho="0" sc="160,-39,250,0,250,0,330,49" /><INIT seed="2,0,0,4,0,65" ten="121,250,250,379" oya="2" hai0="79,125,123,119,27,9,3,57,24,33,50,42,8" hai1="133,130,90,128,56,114,28,69,41,116,6,80,48" hai2="106,72,93,129,13,5,18,107,87,36,12,118,7" hai3="34,1,40,19,23,102,131,121,120,127,91,92,103"/><V98/><F118/><W112/><G1/><T68/><D123/><U63/><E116/><V54/><F72/><W20/><G34/><T64/><D119/><U53/><E114/><V83/><F36/><W73/><G73/><T60/><D125/><U47/><E6/><V4/><F129/><N who="1" m="49769" /><E28/><V110/><F110/><W95/><G91/><T135/><D135/><U122/><E90/><N who="2" m="55607" /><F106/><W75/><G19/><T117/><D117/><U2/><E80/><V62/><F107/><W38/><G75/><T11/><D3/><U101/><E101/><V0/><F0/><W51/><G131/><T43/><D79/><U37/><E2/><V67/><F67/><W66/><G66/><T124/><D124/><U70/><E133/><V25/><F54/><W108/><G127/><T58/><D33/><U84/><E84/><V86/><F62/><W30/><G112/><T52/><REACH who="0" step="1"/><D68/><REACH who="0" ten="111,250,250,379" step="2"/><N who="1" m="26219" /><E122/><V71/><F71/><W17/><G121/><T31/><D31/><U16/><E16/><V126/><F126/><W29/><G17/><T111/><D111/><U99/><E99/><V109/><F109/><W105/><G108/><T14/><D14/><N who="2" m="5738" /><F18/><W22/><G29/><T96/><D96/><U89/><E89/><N who="2" m="51423" /><F25/><AGARI ba="0,1" hai="8,9,11,24,25,27,42,43,50,52,57,58,60,64" machi="25" ten="40,8000,1" yaku="1,1,8,1,54,1,53,1" doraHai="65" doraHaiUra="49" who="0" fromWho="2" sc="111,90,250,0,250,-80,379,0" /><INIT seed="3,0,0,1,1,116" ten="201,250,170,379" oya="3" hai0="123,90,42,104,43,20,33,65,129,77,30,8,41" hai1="1,11,110,29,4,91,45,37,126,3,74,55,105" hai2="127,80,53,134,82,97,103,15,46,95,14,50,48" hai3="21,93,94,112,69,28,13,18,115,58,84,87,44"/><W5/><G69/><T16/><D104/><U72/><E3/><V0/><F0/><W32/><G5/><T92/><D129/><U120/><E120/><V111/><F111/><W17/><G28/><T51/><D123/><U79/><E110/><V75/><F127/><W130/><G58/><T49/><D33/><U98/><E126/><V22/><F134/><W24/><G21/><T128/><D128/><U113/><E91/><V31/><F75/><W64/><G13/><N who="0" m="7207" /><D77/><U118/><E55/><V62/><F62/><W71/><G87/><N who="0" m="52319" /><D65/><U26/><E79/><V117/><F117/><W85/><G44/><T73/><D73/><U27/><E27/><AGARI ba="0,0" hai="20,27,30,41,42,43,49,51" m="52319,7207" machi="27" ten="30,2000,0" yaku="8,1,54,1" doraHai="116" who="0" fromWho="1" sc="201,20,250,-20,170,0,379,0" owari="221,-17.9,230,3.0,170,-33.0,379,47.9" /></mjloggm>