<mjloggm ver="2.3"><GO type="225" lobby="0"/><UN n0="%E3%81%BF%E3%81%BF%E3%81%9A" n1="%E6%9A%87%E4%BA%BA%EF%BC%A0%E9%85%8D%E4%BF%A1%E5%9E%A2" n2="%E3%83%B4%E3%82%A3%E3%83%AF%E3%82%B3%E3%82%B0%E3%83%8B" n3="%E5%84%AA%40%41%42%43" dan="16,17,16,18" rate="2133.62,2184.29,2149.22,2193.74" sx="M,F,M,M"/><TAIKYOKU oya="0"/><INIT seed="0,0,0,1,3,122" ten="250,250,250,250" oya="0" hai0="120,24,60,76,126,67,2,42,9,123,106,50,19" hai1="23,53,40,39,80,103,47,16,6,134,131,85,27" hai2="91,128,41,129,28,96,0,57,83,124,65,69,35" hai3="64,30,14,43,51,44,116,107,90,97,112,22,77"/><T99/><D76/><U4/><E134/><V125/><F0/><W118/><G112/><T79/><D79/><U108/><E131/><N who="2" m="50251" /><F35/><W93/><G107/><T94/><D106/><U8/><E103/><V70/><F28/><W102/><G77/><T26/><D126/><N who="2" m="48746" /><F41/><W55/><G64/><T110/><D24/><U119/><E119/><V87/><F96/><W45/><G102/><T81/><D81/><U68/><E68/><N who="2" m="26219" /><F57/><W78/><G30/><T17/><D99/><U3/><E4/><V82/><F65/><W109/><G78/><T71/><D67/><U95/><E40/><V1/><F1/><W132/><G43/><T135/><D42/><U54/><E6/><V15/><F15/><W66/><G14/><T111/><D71/><U31/><E3/><V33/><F33/><W75/><G97/><T49/><D2/><U130/><E31/><V58/><F58/><W38/><G66/><T13/><D13/><U52/><E130/><V86/><F91/><W36/><G90/><T29/><D29/><U74/><E53/><V12/><F12/><W84/><G55/><T20/><D123/><U114/><E54/><V127/><N who="2" m="48754" /><V61/><DORA hai="98" /><F61/><W117/><G117/><T101/><D120/><U105/><E52/><V48/><F48/><W62/><G51/><T92/><D49/><U115/><E105/><V59/><F59/><W56/><G62/><T10/><D50/><U72/><E115/><V63/><F63/><W104/><G116/><T37/><D60/><U88/><E114/><V25/><F25/><W5/><G118/><T11/><D26/><RYUUKYOKU ba="0,0" sc="250,-10,250,-10,250,30,250,-10" hai2="82,83,86,87" /><INIT seed="1,1,0,4,0,2" ten="240,240,280,240" oya="1" hai0="113,114,107,101,118,31,72,11,47,17,74,25,97" hai1="128,8,85,61,68,82,10,131,98,19,120,44,76" hai2="65,109,122,46,132,58,29,78,84,119,80,66,5" hai3="34,105,24,108,106,62,77,59,93,67,15,129,56"/><U52/><E120/><V12/><F109/><W102/><G108/><T75/><D118/><U45/><E98/><V53/><F119/><W134/><G129/><N who="1" m="49738" /><E19/><V130/><F130/><W35/><G134/><T4/><D17/><U69/><E45/><V126/><F126/><W48/><G77/><T6/><D47/><U9/><E61/><V27/><F132/><W37/><G37/><T0/><REACH who="0" step="1"/><D4/><REACH who="0" ten="230,240,280,240" step="2"/><U57/><E57/><V55/><F46/><W94/><G59/><T124/><D124/><U30/><E30/><V43/><F58/><W39/><G56/><T60/><D60/><U16/><E16/><V26/><F29/><W7/><G62/><T63/><D63/><U38/><E38/><V88/><F5/><W79/><G7/><T23/><AGARI ba="1,1" hai="0,6,11,23,25,31,72,74,75,97,101,107,113,114" machi="23" ten="30,4000,0" yaku="1,1,0,1,52,1,53,0" doraHai="2" doraHaiUra="28" who="0" fromWho="0" sc="230,53,240,-21,280,-11,240,-11" /><INIT seed="2,0,0,5,0,27" ten="283,219,269,229" oya="2" hai0="91,98,21,114,30,106,45,113,74,120,55,71,86" hai1="23,102,123,47,124,83,31,36,11,43,119,7,126" hai2="10,85,135,75,118,49,41,116,1,34,63,62,117" hai3="52,33,88,67,15,39,96,38,134,19,35,2,17"/><V58/><F75/><W13/><G2/><T51/><D120/><U3/><E119/><V69/><F135/><W92/><G134/><T4/><D74/><U16/><E123/><V48/><F34/><W29/><G67/><T107/><D71/><U60/><E102/><V54/><F85/><W57/><G39/><T112/><D4/><U24/><E60/><V8/><F1/><W109/><G38/><T122/><D122/><U65/><E65/><N who="2" m="41151" /><F8/><N who="3" m="6311" /><G33/><T89/><D98/><U127/><E83/><V0/><F10/><N who="3" m="6647" /><G35/><T125/><D125/><U61/><E61/><V18/><F18/><AGARI ba="0,0" hai="3,7,11,16,18,23,24,31,36,43,47,124,126,127" machi="18" ten="40,5200,0" yaku="18,1,52,1,54,1" doraHai="27" who="1" fromWho="2" sc="283,0,219,52,269,-52,229,0" /><INIT seed="3,0,0,1,0,44" ten="283,271,217,229" oya="3" hai0="38,129,127,79,11,63,74,128,57,33,19,0,18" hai1="94,102,75,52,10,49,66,110,16,15,54,125,55" hai2="72,4,108,84,14,123,7,97,56,82,134,107,85" hai3="17,106,37,95,1,76,105,83,122,111,6,40,48"/><W46/><G122/><T101/><D33/><U109/><E75/><V120/><F108/><N who="1" m="41577" /><E125/><V118/><F118/><W8/><G111/><T20/><D101/><U23/><E66/><V115/><F115/><W26/><G95/><T77/><D38/><U100/><E49/><V45/><F72/><W124/><G124/><T114/><D127/><U130/><E130/><N who="0" m="50281" /><D74/><U34/><E34/><V32/><F32/><W24/><G48/><T12/><D114/><U2/><E94/><V103/><F134/><W43/><G43/><T21/><D21/><U126/><E126/><V53/><F45/><W9/><G9/><T60/><D0/><U113/><E113/><V27/><F27/><W30/><G24/><N who="0" m="14359" /><D63/><U135/><E135/><V88/><F84/><W50/><G50/><T104/><D104/><U81/><E81/><V47/><F47/><W90/><G30/><T68/><D68/><U29/><E29/><V93/><F107/><W59/><G105/><T22/><D11/><U132/><E132/><V25/><F25/><W86/><G106/><T58/><D58/><U3/><E3/><V35/><F35/><W119/><G59/><T112/><D112/><U51/><E51/><N who="2" m="30783" /><F14/><W69/><G69/><T70/><D70/><U42/><E42/><V36/><F36/><W87/><G119/><T121/><D121/><AGARI ba="0,0" hai="4,7,82,85,88,93,97,103,120,121,123" m="30783" machi="121" ten="30,3900,0" yaku="13,1,52,1,54,1" doraHai="44" who="2" fromWho="0" sc="283,-39,271,0,217,39,229,0" /><INIT seed="4,0,0,1,1,41" ten="244,271,256,229" oya="0" hai0="75,80,39,65,128,55,123,77,5,14,2,86,82" hai1="88,3,113,44,130,126,30,102,78,21,89,51,76" hai2="38,46,133,96,24,85,37,36,8,71,32,122,1" hai3="63,33,127,48,67,45,17,68,121,11,134,90,25"/><T115/><D123/><U72/><E3/><V110/><F110/><W52/><G127/><T54/><D115/><U23/><E126/><V107/><F122/><W84/><G121/><T132/><D65/><U79/><E72/><V12/><F133/><W117/><G134/><T6/><D132/><U27/><E113/><V34/><F71/><W16/><G117/><T95/><D39/><U40/><E130/><V35/><F85/><W60/><G60/><T108/><D128/><U112/><E112/><V22/><F1/><W131/><G131/><T105/><D2/><U31/><E102/><V70/><F70/><W61/><G61/><T50/><D105/><U64/><E64/><V125/><F125/><W103/><G103/><T4/><D108/><U42/><E42/><V19/><F96/><W101/><G101/><T18/><D95/><U94/><E94/><V66/><F66/><W74/><G74/><T43/><D80/><U58/><E58/><V109/><F109/><W73/><G73/><T98/><D98/><U81/><E81/><V62/><F62/><W49/><G49/><T53/><D43/><U92/><E92/><V116/><F107/><W29/><G11/><N who="0" m="6495" /><D75/><U93/><E93/><AGARI ba="0,0" hai="16,17,25,29,33,45,48,52,63,67,68,84,90,93" machi="93" ten="30,7700,0" yaku="7,1,52,1,54,2" doraHai="41" who="3" fromWho="1" sc="244,0,271,-77,256,0,229,77" owari="244,-15.6,194,-30.6,256,5.6,306,40.6" /></mjloggm>