<mjloggm ver="2.3"><GO type="225" lobby="0"/><UN n0="%E3%81%BE%E3%81%A8%E3%81%9F" n1="%E3%82%BC%E3%83%AB%E3%83%80%E3%81%AE%E4%BC%9D%E8%AA%AC" n2="%E6%B4%BE%E9%81%A3%E3%81%AE%E3%82%B8%E3%83%A3%E3%83%83%E3%82%AF" n3="%E7%AD%89%E3%80%85%E5%8A%9B%E5%8A%87%E5%A0%B4" dan="16,17,16,16" rate="2070.65,2211.58,2190.67,2086.96" sx="M,M,M,M"/><TAIKYOKU oya="0"/><INIT seed="0,0,0,3,1,10" ten="250,250,250,250" oya="0" hai0="68,127,50,40,58,132,63,11,101,25,125,19,21" hai1="34,8,35,71,97,115,6,26,22,65,116,94,41" hai2="70,74,66,69,130,108,133,77,7,85,0,106,15" hai3="36,103,59,61,81,37,5,92,64,80,76,55,23"/><T47/><D132/><U24/><E116/><V45/><F106/><W14/><G81/><T83/><D68/><U135/><E135/><V104/><F104/><W134/><G134/><T120/><D120/><U13/><E115/><V16/><F74/><W20/><G20/><T91/><D101/><U52/><E41/><V42/><F42/><W78/><G78/><T124/><D11/><U86/><E86/><V112/><F133/><W128/><G128/><T33/><D33/><U105/><E105/><V49/><F130/><W30/><G55/><T90/><REACH who="0" step="1"/><D83/><REACH who="0" ten="240,250,250,250" step="2"/><U2/><E35/><V99/><F69/><W84/><G103/><T29/><D29/><U44/><E34/><V75/><F70/><W114/><G30/><T18/><D18/><U46/><E71/><V88/><F16/><W131/><G80/><T9/><D9/><U129/><E8/><V82/><F82/><W89/><G131/><T98/><D98/><U122/><E97/><V123/><F99/><W62/><G5/><T31/><D31/><U38/><E6/><V119/><F123/><W56/><G23/><T32/><D32/><U100/><E22/><V39/><F7/><W118/><G118/><T96/><D96/><U54/><E129/><V67/><F119/><W51/><G114/><T87/><D87/><U17/><E17/><V126/><F112/><W3/><G84/><T43/><D43/><U102/><E102/><V79/><F85/><W28/><G28/><T12/><D12/><U93/><E100/><V73/><F15/><W48/><G14/><T109/><D109/><U27/><E13/><RYUUKYOKU ba="0,1" sc="240,30,250,-10,250,-10,250,-10" hai0="19,21,25,40,47,50,58,63,90,91,124,125,127" /><INIT seed="0,1,1,3,3,116" ten="270,240,240,240" oya="0" hai0="8,14,77,43,82,89,126,113,114,49,25,88,40" hai1="39,5,28,94,131,122,128,105,9,65,61,21,79" hai2="38,18,23,124,125,50,83,46,76,75,4,87,7" hai3="34,30,60,42,121,53,10,129,69,57,91,19,96"/><T109/><D126/><N who="2" m="48746" /><F38/><W67/><G129/><N who="1" m="49738" /><E105/><V44/><F75/><W2/><G42/><T51/><D109/><U20/><E39/><V78/><F78/><W95/><G2/><T103/><D103/><U123/><E79/><V33/><F33/><W135/><G135/><T84/><D25/><N who="1" m="16423" /><E21/><V27/><F46/><W31/><G34/><T101/><D101/><U56/><E94/><V92/><F92/><W36/><G36/><T100/><D100/><U97/><E97/><V12/><F27/><W32/><G32/><T24/><D24/><U37/><E37/><V59/><F59/><W80/><G57/><T1/><D1/><AGARI ba="1,1" hai="1,5,9,56,61,65,122,123" m="16423,49738" machi="1" ten="30,3900,0" yaku="19,1,52,2" doraHai="116" who="1" fromWho="0" sc="270,-42,240,52,240,0,240,0" /><INIT seed="1,0,0,2,3,78" ten="228,292,240,240" oya="1" hai0="46,7,76,58,83,41,22,115,45,59,6,4,40" hai1="126,77,42,24,81,43,132,93,108,34,90,68,96" hai2="57,52,38,120,12,65,16,100,110,119,122,32,13" hai3="29,72,48,67,18,66,17,94,73,118,3,92,50"/><U121/><E121/><V117/><F38/><W54/><G3/><T39/><D115/><U25/><E68/><V98/><F32/><W106/><G106/><T1/><D22/><U82/><E126/><V2/><F2/><W47/><G29/><T35/><D35/><U14/><E132/><V61/><F110/><W97/><G118/><T128/><D128/><U95/><E108/><V91/><F12/><W23/><G73/><T10/><D4/><U30/><E24/><V113/><F113/><W134/><G134/><T104/><D6/><U15/><E81/><V74/><F74/><W99/><G72/><T64/><D64/><U88/><E15/><V71/><F91/><W127/><G127/><T56/><D104/><U44/><E14/><V86/><F86/><W11/><G11/><T51/><D58/><U27/><E27/><V31/><F31/><W133/><G133/><T131/><D131/><U103/><E93/><V37/><F37/><W112/><G112/><T80/><D80/><U63/><E63/><N who="2" m="36263" /><F122/><W75/><G75/><AGARI ba="0,0" hai="1,7,10,39,40,41,45,46,51,56,59,75,76,83" machi="75" ten="30,7700,0" yaku="7,1,25,2,52,1" doraHai="78" who="0" fromWho="3" sc="228,77,292,0,240,0,240,-77" /><INIT seed="2,0,0,3,2,107" ten="305,292,240,163" oya="2" hai0="117,95,9,79,50,53,54,63,87,102,76,12,96" hai1="44,49,82,19,40,26,104,85,25,29,14,28,74" hai2="17,91,113,119,6,99,92,135,116,13,57,97,48" hai3="106,77,109,16,94,43,130,8,108,20,80,126,45"/><V118/><F113/><W123/><G106/><T133/><D133/><U32/><E104/><V124/><F135/><W61/><G123/><T41/><D41/><U100/><E100/><V36/><F36/><W98/><G61/><T10/><D10/><U81/><E74/><V72/><F6/><W86/><G8/><T2/><D2/><U34/><REACH who="1" step="1"/><E85/><REACH who="1" ten="305,282,240,163" step="2"/><N who="2" m="52335" /><F72/><W78/><G130/><T47/><D87/><U60/><E60/><V73/><F73/><W65/><G126/><T90/><D102/><U15/><E15/><V83/><F124/><W11/><G78/><T42/><D76/><U71/><E71/><V21/><F83/><W112/><G112/><T89/><D79/><U33/><E33/><V59/><F118/><W105/><G105/><T101/><D117/><U111/><E111/><V4/><F119/><W121/><G121/><T75/><D63/><U122/><E122/><V38/><F116/><W24/><G65/><T30/><D75/><U69/><E69/><V64/><F64/><W132/><G132/><T51/><D101/><U88/><E88/><V5/><F97/><W66/><G66/><T3/><D89/><U84/><E84/><V22/><F99/><W46/><G98/><T55/><D96/><U1/><E1/><V120/><F120/><W128/><G128/><T70/><D3/><U62/><E62/><V129/><F129/><W56/><G109/><T39/><D90/><U7/><E7/><V18/><F4/><W23/><G108/><T35/><D70/><U52/><E52/><V127/><F127/><W134/><G134/><T103/><D103/><RYUUKYOKU ba="0,1" sc="305,-10,282,30,240,-10,163,-10" hai1="14,19,25,26,28,29,32,34,40,44,49,81,82" /><INIT seed="3,1,1,4,1,115" ten="295,312,230,153" oya="3" hai0="61,114,50,55,102,71,31,73,67,8,16,30,56" hai1="93,15,131,123,65,3,119,133,80,113,28,51,2" hai2="118,35,112,68,135,48,54,83,99,98,84,13,75" hai3="95,111,34,76,12,126,44,18,92,9,134,39,52"/><W46/><G34/><T127/><D73/><U108/><E113/><V130/><F35/><W43/><G134/><T45/><D114/><U124/><E123/><V24/><F112/><W40/><G126/><T89/><D127/><U5/><E124/><V79/><F68/><W132/><G132/><T70/><D102/><U25/><E133/><V26/><F135/><W74/><G111/><T91/><D71/><U47/><E65/><V78/><F130/><W120/><G120/><T14/><D70/><U107/><E107/><V66/><F66/><W49/><REACH who="3" step="1"/><G43/><REACH who="3" ten="295,312,230,143" step="2"/><T4/><D4/><U82/><E5/><V86/><F75/><W53/><G53/><T110/><D110/><U41/><E108/><V7/><F7/><W109/><G109/><T122/><D122/><U27/><E41/><V10/><F54/><W58/><G58/><T77/><D77/><U81/><E131/><V29/><F78/><W22/><G22/><T121/><D121/><U69/><E69/><V63/><F79/><W85/><G85/><T94/><D91/><U104/><E47/><V90/><F84/><AGARI ba="1,2" hai="8,14,16,30,31,45,50,55,56,61,67,84,89,94" machi="84" ten="30,3900,0" yaku="7,1,8,1,54,1" doraHai="115" who="0" fromWho="2" sc="295,62,312,0,230,-42,143,0" owari="357,45.7,312,11.2,188,-21.2,143,-35.7" /></mjloggm>