<mjloggm ver="2.3"><GO type="225" lobby="0"/><UN n0="%67%61%79%75%6E%79" n1="%73%69%72%6F%75%74" n2="%E8%81%B7%E6%A5%AD%E3%80%81%E9%A2%A8%32" n3="%E3%81%93%E3%81%8F%E3%82%89%E3%82%AB%E3%83%90%E8%94%B5" dan="16,16,16,17" rate="2062.87,2134.32,2096.50,2149.71" sx="M,M,M,M"/><TAIKYOKU oya="0"/><INIT seed="0,0,0,1,5,67" ten="250,250,250,250" oya="0" hai0="60,25,106,111,49,41,104,35,101,100,116,62,30" hai1="121,18,92,5,84,48,95,34,15,122,76,125,96" hai2="0,118,42,39,70,119,89,129,94,97,131,6,43" hai3="40,74,13,109,33,82,123,65,14,52,10,98,126"/><T77/><D116/><N who="2" m="44586" /><F6/><W44/><G33/><T59/><D111/><U133/><E34/><V53/><F0/><W11/><G109/><T99/><D77/><U115/><E133/><V110/><F110/><W20/><G126/><T32/><D32/><U57/><E125/><V87/><F39/><W17/><G123/><T102/><D104/><U26/><E115/><V63/><F97/><W29/><G65/><T22/><D35/><U117/><E117/><V128/><F53/><W88/><G74/><T61/><REACH who="0" step="1"/><D59/><REACH who="0" ten="240,250,250,250" step="2"/><U66/><E57/><V4/><F128/><W16/><G40/><T130/><D130/><BYE who="0" /><N who="2" m="49674" /><F4/><W64/><G64/><AGARI ba="0,1" hai="42,43,63,64,70,87,89,94" m="49674,44586" machi="64" ten="30,3900,0" yaku="12,1,19,1,52,1" doraHai="67" who="2" fromWho="3" sc="240,0,250,0,250,49,250,-39" /><INIT seed="1,0,0,5,1,81" ten="240,250,299,211" oya="1" hai0="89,29,68,38,17,131,122,46,11,114,6,62,91" hai1="74,2,124,129,135,40,101,8,5,126,98,37,52" hai2="47,132,94,63,43,109,23,18,44,28,80,15,107" hai3="32,123,13,53,90,10,102,66,25,88,99,0,9"/><U110/><E74/><V3/><F109/><W117/><G123/><T31/><D31/><U55/><E110/><UN n0="%67%61%79%75%6E%79" /><V12/><F107/><W111/><G111/><T127/><D122/><U61/><E129/><V76/><F3/><W60/><G117/><T24/><D114/><U104/><E135/><V27/><F132/><W130/><G130/><T100/><D131/><U49/><E37/><V83/><F83/><W69/><G0/><T65/><D17/><U16/><E16/><V116/><F116/><W57/><G25/><T48/><D38/><U42/><E61/><V35/><F43/><N who="1" m="16425" /><E49/><V26/><F63/><W82/><G32/><T79/><D127/><AGARI ba="0,0" hai="2,5,8,52,55,98,101,104,124,126,127" m="16425" machi="127" ten="30,2900,0" yaku="18,1,54,1" doraHai="81" who="1" fromWho="0" sc="240,-29,250,29,299,0,211,0" /><INIT seed="1,1,0,3,3,85" ten="211,279,299,211" oya="1" hai0="47,87,62,49,125,53,88,12,116,96,112,76,118" hai1="63,50,121,0,119,31,59,8,117,4,123,98,133" hai2="102,41,80,69,106,55,5,7,78,135,128,44,17" hai3="58,68,86,29,13,15,23,57,36,124,46,129,131"/><U99/><E50/><V82/><F69/><W60/><G124/><T45/><D112/><U111/><E98/><V90/><F128/><N who="3" m="49227" /><G68/><T122/><D125/><U73/><E73/><V120/><F120/><W61/><G86/><T56/><D122/><U35/><E133/><V39/><F135/><W108/><G108/><T65/><D45/><U75/><E111/><V24/><F55/><N who="3" m="33855" /><G29/><T33/><D33/><U20/><E75/><V38/><F38/><W42/><G23/><T1/><D1/><U113/><E99/><V100/><F39/><W19/><G19/><T132/><D132/><U14/><BYE who="0" /><E113/><V89/><F17/><W77/><G77/><T48/><D48/><U74/><E74/><UN n0="%67%61%79%75%6E%79" /><V3/><F78/><W105/><G105/><T10/><D96/><U71/><E71/><V103/><F106/><W40/><G42/><T83/><D76/><U26/><E121/><V134/><F134/><W51/><G36/><T115/><REACH who="0" step="1"/><D115/><REACH who="0" ten="201,279,299,211" step="2"/><U110/><E123/><V70/><F3/><W11/><G11/><T114/><D114/><U37/><E37/><V9/><F9/><W25/><G25/><T30/><D30/><U81/><E110/><V2/><F24/><W126/><G126/><T130/><D130/><U6/><E35/><V109/><F109/><W95/><G95/><T16/><AGARI ba="1,1" hai="10,12,16,47,49,53,56,62,65,83,87,88,116,118" machi="16" ten="20,16000,3" yaku="1,1,0,1,7,1,25,2,52,1,54,2,53,0" doraHai="85" doraHaiUra="66" who="0" fromWho="0" sc="201,173,279,-81,299,-41,211,-41" /><INIT seed="2,0,0,5,2,100" ten="374,198,258,170" oya="2" hai0="69,124,56,70,89,72,13,115,6,104,57,29,66" hai1="5,129,83,36,41,118,2,47,9,30,78,3,94" hai2="62,109,24,1,116,113,7,121,55,35,97,12,114" hai3="76,27,59,120,28,37,131,127,31,53,51,14,65"/><V134/><F116/><W106/><G120/><T23/><D72/><N who="1" m="43463" /><E118/><V108/><F55/><W95/><G37/><T84/><D124/><U15/><E30/><N who="2" m="19911" /><F62/><W128/><G127/><T99/><D6/><U21/><E129/><N who="3" m="49738" /><G76/><T126/><D57/><U125/><E125/><V107/><F121/><W90/><G106/><T98/><D104/><U34/><E34/><V102/><F12/><W123/><G123/><T111/><D13/><U39/><E39/><V20/><F20/><W63/><G14/><T75/><D23/><U22/><E2/><V96/><F134/><W18/><G18/><T119/><D29/><U101/><E15/><V122/><F122/><W110/><G110/><N who="2" m="42601" /><F97/><AGARI ba="0,0" hai="3,5,9,21,22,36,41,47,94,97,101" m="43463" machi="97" ten="30,1000,0" yaku="25,1" doraHai="100" who="1" fromWho="2" sc="374,0,198,10,258,-10,170,0" /><INIT seed="3,0,0,4,0,8" ten="374,208,248,170" oya="3" hai0="69,110,5,102,103,27,120,26,45,123,122,104,55" hai1="29,81,39,43,79,86,78,111,31,20,76,57,83" hai2="131,59,54,108,60,36,30,116,109,94,16,95,75" hai3="34,1,37,115,61,14,113,25,77,87,12,117,99"/><W130/><G37/><T98/><D110/><N who="2" m="42602" /><F75/><W56/><G1/><T32/><D103/><U28/><E43/><V47/><F131/><W49/><G117/><T7/><D69/><U101/><E39/><V44/><F116/><W46/><G130/><T119/><D119/><U134/><E134/><V133/><F133/><W41/><G113/><T82/><D82/><U35/><E35/><V52/><F30/><W91/><G115/><T112/><D112/><U89/><E101/><V4/><F4/><W50/><G50/><T71/><D71/><U90/><E57/><N who="2" m="34855" /><F16/><W66/><G77/><T118/><D118/><U63/><E63/><N who="2" m="36343" /><F36/><W84/><G34/><T2/><D32/><U9/><E111/><V53/><F53/><W93/><REACH who="3" step="1"/><G25/><REACH who="3" ten="374,208,248,160" step="2"/><T10/><D26/><N who="1" m="16455" /><E79/><V105/><F105/><W33/><G33/><T3/><D27/><U132/><E132/><V124/><F124/><W24/><G24/><T64/><D3/><U70/><E78/><V17/><F17/><W128/><G128/><T74/><D2/><U80/><E31/><V135/><F135/><W129/><G129/><T51/><D123/><U58/><E29/><V96/><F95/><W21/><G21/><T73/><D122/><U127/><E127/><V126/><F126/><W121/><G121/><T67/><D120/><U15/><E76/><V106/><F106/><W40/><G40/><T114/><D114/><U107/><E107/><V100/><AGARI ba="0,1" hai="44,47,94,96,100" m="36343,34855,42602" machi="100" ten="30,2000,0" yaku="14,1,54,1" doraHai="8" who="2" fromWho="2" sc="374,-5,208,-5,248,30,160,-10" owari="369,46.9,203,-19.7,278,7.8,150,-35.0" /></mjloggm>