<mjloggm ver="2.3"><GO type="225" lobby="0"/><UN n0="%E3%83%A9%E3%83%BC%E3%83%A1%E3%83%B3%E4%BA%94%E9%83%8E" n1="%E3%81%82%E3%81%B9%E3%81%99%E3%81%91" n2="%E3%83%8F%E3%83%B3%E3%83%89%E3%83%A9%E3%83%BC%E3%83%BB%E3%83%AF%E3%83%B3" n3="%E9%BB%99%E8%81%B4%E3%81%AE%E3%81%99%E3%82%9D%E3%82%81" dan="16,16,17,16" rate="2137.63,2056.93,2162.96,2130.11" sx="M,M,M,M"/><TAIKYOKU oya="0"/><INIT seed="0,0,0,1,1,128" ten="250,250,250,250" oya="0" hai0="49,24,19,90,13,122,76,93,84,48,105,82,88" hai1="32,72,23,9,45,129,132,6,46,56,107,83,94" hai2="12,50,92,21,119,106,11,5,61,17,22,38,64" hai3="39,111,3,75,74,117,71,33,35,99,40,102,134"/><T98/><D122/><U104/><E129/><V109/><F38/><W59/><G117/><T112/><D112/><U27/><E32/><N who="3" m="12362" /><G59/><T4/><D105/><U91/><E132/><V68/><F106/><N who="3" m="63839" /><G111/><T41/><D4/><U8/><E8/><V51/><F109/><W100/><G100/><T126/><D24/><U55/><E72/><V121/><F121/><W29/><G29/><T103/><D126/><U34/><E83/><V15/><F119/><W81/><G81/><T10/><REACH who="0" step="1"/><D41/><REACH who="0" ten="240,250,250,250" step="2"/><U86/><E107/><V97/><REACH who="2" step="1"/><F21/><REACH who="2" ten="240,250,240,250" step="2"/><W110/><G110/><T30/><D30/><U101/><E34/><V135/><F135/><W1/><G134/><T95/><D95/><U133/><E133/><V131/><F131/><W28/><G28/><T16/><D16/><U53/><E104/><V89/><AGARI ba="0,2" hai="5,11,12,15,17,22,50,51,61,64,68,89,92,97" machi="89" ten="20,2700,0" yaku="1,1,0,1,7,1,53,0" doraHai="128" doraHaiUra="108" who="2" fromWho="2" sc="240,-13,250,-7,240,47,250,-7" /><INIT seed="1,0,0,1,4,81" ten="227,243,287,243" oya="1" hai0="110,19,127,134,115,100,33,1,89,103,98,104,79" hai1="128,111,40,53,97,66,3,17,71,59,130,63,30" hai2="117,88,26,113,25,27,16,129,35,73,86,64,91" hai3="6,36,42,46,114,67,90,20,92,107,0,121,125"/><U83/><E3/><V23/><F117/><W22/><G121/><T82/><D1/><U131/><E111/><V106/><F73/><W68/><G114/><T56/><D33/><U7/><E40/><V61/><F106/><W51/><G107/><T31/><D31/><U14/><E7/><V2/><F2/><W122/><G122/><T38/><D38/><U28/><E97/><V78/><F129/><W49/><G125/><T65/><D115/><U11/><REACH who="1" step="1"/><E83/><REACH who="1" ten="227,233,287,243" step="2"/><N who="2" m="47479" /><F113/><W39/><G0/><T126/><D110/><U21/><E21/><V95/><F35/><W15/><G6/><T101/><D126/><U85/><E85/><N who="2" m="52623" /><F91/><W105/><G90/><T4/><D127/><U93/><E93/><V8/><F8/><W34/><G92/><T108/><D89/><U18/><E18/><V70/><F70/><W13/><G68/><T43/><D19/><U102/><E102/><V87/><F87/><W50/><G34/><T41/><D101/><U24/><E24/><N who="2" m="14439" /><F61/><AGARI ba="0,1" hai="11,14,17,28,30,53,59,61,63,66,71,128,130,131" machi="61" ten="40,7700,0" yaku="1,1,19,1,53,1" doraHai="81" doraHaiUra="9" who="1" fromWho="2" sc="227,0,233,87,287,-77,243,0" /><INIT seed="1,1,0,5,2,135" ten="227,320,210,243" oya="1" hai0="4,118,111,11,98,70,102,91,131,2,108,0,92" hai1="124,80,87,38,57,52,55,110,47,7,95,32,82" hai2="103,25,85,12,71,17,50,125,84,5,117,48,134" hai3="28,104,22,37,63,79,115,61,105,128,3,65,36"/><U107/><E107/><V44/><F117/><W43/><G3/><T13/><D118/><U106/><E106/><V116/><F116/><W132/><G115/><T99/><D70/><U20/><E32/><V86/><F71/><W75/><G132/><T21/><D131/><U24/><E7/><V31/><F134/><W26/><G128/><T66/><D66/><U113/><E113/><V39/><F5/><W64/><G79/><T16/><REACH who="0" step="1"/><D0/><REACH who="0" ten="217,320,210,243" step="2"/><U130/><E130/><V72/><F72/><W46/><G75/><T74/><D74/><U93/><E110/><V109/><F109/><W76/><G65/><T94/><AGARI ba="1,1" hai="2,4,11,13,16,21,91,92,94,98,99,102,108,111" machi="94" ten="30,7900,0" yaku="1,1,0,1,54,1,53,1" doraHai="135" doraHaiUra="10" who="0" fromWho="0" sc="217,92,320,-40,210,-21,243,-21" /><INIT seed="2,0,0,2,1,122" ten="309,280,189,222" oya="2" hai0="76,109,90,51,124,83,115,35,134,131,79,89,24" hai1="73,104,71,103,46,99,87,55,21,31,130,50,110" hai2="85,29,77,107,86,95,11,41,37,22,123,65,42" hai3="125,13,12,9,30,16,60,129,114,68,32,5,97"/><V80/><F123/><W59/><G129/><T53/><D115/><U33/><E130/><V28/><F107/><W17/><G125/><T48/><D131/><U19/><E73/><V64/><F11/><W108/><G68/><T47/><D124/><U58/><E71/><V44/><F41/><W6/><G114/><T72/><D134/><U75/><E75/><V116/><F116/><W78/><G78/><T20/><D35/><U128/><E87/><V100/><F85/><W101/><G30/><T127/><D127/><U52/><E33/><V105/><F105/><W112/><G32/><T70/><D70/><U38/><E38/><V69/><F22/><W82/><G82/><T1/><D1/><U43/><E31/><V133/><F133/><W132/><G108/><T36/><D36/><U88/><E110/><V92/><F92/><N who="3" m="58535" /><G112/><T84/><D109/><U45/><E104/><V7/><F7/><W98/><G98/><T10/><D10/><U63/><E103/><V94/><F94/><W54/><G132/><T66/><D79/><U56/><E43/><V91/><F100/><W119/><G119/><T74/><D74/><U49/><E128/><V113/><F113/><W81/><G81/><T15/><D72/><U8/><E8/><AGARI ba="0,0" hai="5,6,8,9,12,13,16,17,54,59,60" m="58535" machi="8" ten="30,2000,0" yaku="8,1,54,1" doraHai="122" who="3" fromWho="1" sc="309,0,280,-20,189,0,222,20" /><INIT seed="3,0,0,2,5,106" ten="309,260,189,242" oya="3" hai0="133,26,90,87,93,82,39,135,50,62,134,52,44" hai1="45,97,99,68,19,130,22,95,32,30,25,49,105" hai2="85,55,8,72,6,4,123,1,131,7,54,21,41" hai3="27,63,124,120,126,56,128,129,98,112,70,42,0"/><W104/><G0/><T53/><D39/><U17/><E68/><V79/><F131/><N who="3" m="50251" /><G27/><T81/><D26/><U16/><E130/><V11/><F123/><W75/><G98/><T113/><D113/><U88/><E105/><V91/><F41/><W35/><G35/><T115/><D115/><U132/><E132/><V46/><F21/><W114/><G104/><T36/><D36/><U40/><REACH who="1" step="1"/><E99/><REACH who="1" ten="309,250,189,242" step="2"/><V89/><F6/><W14/><G114/><T51/><D62/><U58/><E58/><AGARI ba="0,1" hai="44,50,51,52,53,58,81,82,87,90,93,133,134,135" machi="58" ten="40,2600,0" yaku="20,1,54,1" doraHai="106" who="0" fromWho="1" sc="309,36,250,-26,189,0,242,0" owari="345,44.5,224,-17.6,189,-31.1,242,4.2" /></mjloggm>