<mjloggm ver="2.3"><GO type="225" lobby="0"/><UN n0="%E7%99%BD%E6%97%A5%E9%9B%AA%E8%8F%9C" n1="%E6%AF%9B%E8%8D%92%E3%82%8C%E3%83%BB%E3%82%B9%E3%83%9F%E3%82%B9" n2="%E6%B4%BE%E9%81%A3%E3%81%AE%E3%82%B8%E3%83%A3%E3%83%83%E3%82%AF" n3="%E6%B0%B7%E5%B7%9D%E9%87%8C%E5%A5%88" dan="16,16,17,16" rate="2148.95,2015.05,2166.17,2131.64" sx="M,F,M,F"/><TAIKYOKU oya="0"/><INIT seed="0,0,0,2,0,51" ten="250,250,250,250" oya="0" hai0="104,20,75,83,49,129,60,125,130,5,57,13,19" hai1="7,38,67,112,48,17,93,106,80,134,21,85,29" hai2="94,71,6,32,118,99,10,11,44,127,113,62,88" hai3="41,9,109,131,119,36,15,42,26,107,100,56,102"/><T18/><D104/><U76/><E134/><V25/><F113/><W47/><G119/><T53/><D125/><U27/><E112/><V84/><F127/><W63/><G109/><T0/><D0/><U108/><E108/><V115/><F115/><W82/><G131/><N who="0" m="50187" /><D5/><U4/><E106/><V40/><F118/><W46/><G26/><N who="0" m="14615" /><D60/><U58/><E38/><V117/><F117/><W33/><G33/><T64/><D64/><U72/><E67/><V86/><F71/><W1/><G1/><T70/><D70/><U81/><E93/><V2/><F62/><W45/><G82/><T30/><D30/><U124/><E124/><V135/><F135/><W92/><G92/><T110/><D110/><U34/><E58/><V69/><F69/><W50/><G107/><T91/><D91/><U87/><E48/><V66/><F66/><W24/><G45/><T16/><D13/><U77/><REACH who="1" step="1"/><E72/><REACH who="1" ten="250,240,250,250" step="2"/><V90/><F94/><W132/><G132/><T133/><D133/><U89/><E89/><V78/><F90/><W97/><G56/><T120/><D120/><U22/><E22/><V55/><F88/><W98/><G63/><T111/><D111/><U122/><E122/><V74/><F74/><W12/><G50/><T23/><D23/><U95/><E95/><V8/><F32/><W68/><G68/><T73/><D73/><U101/><E101/><V43/><F44/><W79/><G36/><T28/><D28/><U59/><E59/><V105/><F105/><W128/><G128/><T123/><D123/><U31/><E31/><V114/><F114/><W121/><G121/><RYUUKYOKU ba="0,1" sc="250,15,240,15,250,-15,250,-15" hai0="16,19,49,53,57,75,83" hai1="4,7,17,21,27,29,34,76,77,80,81,85,87" /><INIT seed="0,1,1,1,0,83" ten="265,255,235,235" oya="0" hai0="33,26,95,98,41,16,39,0,135,86,133,25,32" hai1="59,90,57,103,125,85,29,127,35,6,118,131,126" hai2="71,50,65,100,7,82,88,14,130,128,74,79,77" hai3="104,62,28,84,1,4,10,8,91,30,121,11,93"/><T119/><D119/><U96/><E131/><N who="2" m="50219" /><F100/><W27/><G121/><T31/><D0/><U107/><E118/><V122/><F122/><W60/><G104/><T2/><D2/><U9/><E29/><V38/><F38/><W36/><G36/><T63/><D39/><U112/><E35/><V72/><F50/><W37/><G37/><T105/><D41/><U89/><E112/><V61/><F14/><W92/><G92/><T17/><D105/><U102/><E103/><V43/><F7/><W116/><G116/><T20/><D33/><U23/><E23/><V110/><F110/><W13/><G28/><T44/><D44/><U53/><E53/><V123/><F43/><W3/><G3/><T51/><D51/><U48/><E48/><V134/><F134/><N who="0" m="51210" /><D63/><N who="3" m="24105" /><G1/><T24/><D86/><U40/><E40/><V94/><F123/><W70/><G70/><T114/><D114/><U113/><E113/><V22/><F22/><AGARI ba="1,1" hai="4,8,10,11,13,22,27,30,84,91,93" m="24105" machi="22" ten="30,2000,0" yaku="8,1,52,1" doraHai="83" who="3" fromWho="2" sc="265,0,255,0,235,-23,235,33" /><INIT seed="1,0,0,2,1,132" ten="265,255,212,268" oya="1" hai0="97,66,73,122,37,129,127,49,121,94,55,62,53" hai1="107,52,91,113,130,102,44,106,105,81,88,76,43" hai2="99,54,24,64,123,65,103,92,33,112,4,39,82" hai3="114,111,21,134,61,104,18,69,110,10,42,101,96"/><U3/><E113/><V23/><F123/><N who="0" m="47114" /><D73/><U25/><E3/><V19/><F39/><W0/><G114/><T90/><D37/><U100/><E130/><V119/><F112/><W40/><G134/><T5/><D129/><U50/><E25/><V59/><F4/><W17/><G69/><N who="0" m="42199" /><D5/><U27/><E27/><V109/><F119/><W31/><G61/><T95/><D127/><U117/><E117/><V1/><F1/><W128/><G128/><T6/><D6/><U15/><E15/><V77/><F109/><N who="3" m="41483" /><G0/><T28/><D28/><U126/><E126/><V13/><F13/><N who="3" m="7351" /><G31/><T16/><D16/><U84/><REACH who="1" step="1"/><E43/><REACH who="1" ten="265,245,212,268" step="2"/><V20/><F33/><W7/><G7/><T9/><D9/><U74/><E74/><V48/><REACH who="2" step="1"/><F23/><REACH who="2" ten="265,245,202,268" step="2"/><W2/><G2/><T118/><D118/><U78/><E78/><V38/><F38/><W29/><G29/><T131/><D131/><U98/><E98/><V26/><F26/><AGARI ba="0,2" hai="18,21,26,40,42,96,101,104" m="7351,41483" machi="26" ten="30,1000,0" yaku="14,1" doraHai="132" who="3" fromWho="2" sc="265,0,245,0,202,-10,268,30" /><INIT seed="2,0,0,0,0,62" ten="265,245,192,298" oya="2" hai0="114,56,127,38,11,61,26,13,67,115,32,102,27" hai1="132,25,119,88,125,49,64,118,111,59,23,28,43" hai2="95,16,35,98,33,8,12,45,44,110,10,87,17" hai3="104,105,54,74,77,89,92,70,53,42,79,51,50"/><V129/><F129/><W73/><G42/><T34/><D38/><U134/><E111/><V86/><F110/><W101/><G70/><T99/><D127/><U3/><E3/><V96/><REACH who="2" step="1"/><F95/><REACH who="2" ten="265,245,182,298" step="2"/><W131/><G92/><T69/><D115/><U37/><E119/><V18/><F18/><W82/><G131/><T55/><D114/><U19/><E118/><V60/><F60/><W65/><G105/><T72/><D61/><N who="1" m="37951" /><E125/><V121/><F121/><W85/><G104/><T21/><D69/><U109/><E109/><V68/><F68/><W5/><G5/><T81/><D81/><U39/><E19/><V122/><F122/><W75/><G82/><T135/><D135/><N who="1" m="51755" /><E88/><V90/><F90/><W106/><G89/><T80/><D80/><U103/><E103/><V24/><F24/><W30/><G101/><T41/><D27/><U14/><E14/><AGARI ba="0,1" hai="8,10,12,14,16,17,33,35,44,45,86,87,96,98" machi="14" ten="25,18000,2" yaku="1,1,22,2,54,1,53,2" doraHai="62" doraHaiUra="93" who="2" fromWho="1" sc="265,0,245,-180,182,190,298,0" /><INIT seed="2,1,0,3,3,27" ten="265,65,372,298" oya="2" hai0="110,113,91,120,121,95,60,43,84,119,36,100,16" hai1="49,20,74,123,68,51,64,101,8,25,135,112,114" hai2="3,88,131,94,4,105,14,86,133,21,38,130,0" hai3="109,41,71,65,45,40,107,63,124,73,7,125,26"/><V104/><F38/><W85/><G73/><T35/><D113/><U33/><E33/><V75/><F75/><W47/><G107/><T46/><D35/><U79/><E135/><V48/><F133/><W76/><G7/><T134/><D134/><U28/><E123/><V81/><F81/><W1/><G1/><T128/><D110/><U80/><E101/><V52/><F105/><W118/><G118/><T69/><D119/><U67/><E8/><V50/><F50/><W103/><G103/><T44/><D128/><N who="2" m="49194" /><F104/><W55/><G26/><T17/><D46/><U108/><E108/><V83/><F83/><W24/><G109/><T57/><D69/><U78/><E78/><V127/><F127/><W126/><G24/><T18/><REACH who="0" step="1"/><D100/><REACH who="0" ten="255,65,372,298" step="2"/><U98/><E98/><V5/><F3/><W22/><G47/><T62/><D62/><U2/><E2/><V9/><F0/><W23/><G45/><T93/><D93/><U37/><E37/><V102/><F102/><W87/><G71/><T61/><D61/><U106/><E106/><V29/><F94/><W11/><G63/><T34/><D34/><U90/><E90/><V58/><F88/><W12/><G126/><T66/><AGARI ba="1,1" hai="16,17,18,36,43,44,57,60,66,84,91,95,120,121" machi="66" ten="30,7900,0" yaku="1,1,0,1,54,1,53,1" doraHai="27" doraHaiUra="89" who="0" fromWho="0" sc="255,92,65,-21,372,-40,298,-21" /><INIT seed="3,0,0,5,1,68" ten="347,44,332,277" oya="3" hai0="21,71,81,104,124,117,13,3,86,25,99,6,129" hai1="2,67,85,130,110,94,63,69,31,132,89,19,78" hai2="11,27,106,76,102,84,24,111,39,90,18,7,88" hai3="73,54,131,43,38,64,32,95,15,114,58,46,62"/><W120/><G114/><T53/><D117/><U34/><E110/><V109/><F39/><W44/><G120/><T123/><D123/><U107/><E130/><V93/><F76/><W127/><G32/><T108/><D71/><U87/><E132/><V9/><F90/><W51/><G73/><T36/><D36/><U103/><E2/><V4/><F102/><W97/><G127/><T28/><D108/><N who="2" m="41546" /><F106/><W48/><G131/><T12/><D129/><U116/><E116/><V122/><F122/><W23/><G23/><T80/><D124/><U22/><E78/><V8/><F18/><W112/><G112/><T26/><D3/><U57/><E87/><V98/><F84/><W74/><G74/><T113/><D113/><U105/><E103/><V61/><F61/><W20/><G20/><N who="0" m="15399" /><D104/><U125/><E125/><V128/><F128/><W115/><G115/><T91/><D99/><U5/><E5/><AGARI ba="0,0" hai="4,5,7,8,9,11,24,27,88,93,98" m="41546" machi="5" ten="30,2000,0" yaku="14,1,54,1" doraHai="68" who="2" fromWho="1" sc="347,0,44,-20,332,20,277,0" owari="347,14.7,24,-47.6,352,45.2,277,-12.3" /></mjloggm>