<mjloggm ver="2.3"><GO type="225" lobby="0"/><UN n0="%E3%81%AF%E3%82%88%E3%81%8A%E3%81%98%E3%81%95%E3%82%93" n1="%E9%80%9F%E6%B0%B4%E5%87%9B%E9%A6%99" n2="%72%69%6F%75%63%68%61%6E" n3="%43%68%65" dan="16,16,17,16" rate="2139.24,2046.56,2241.80,2158.40" sx="M,F,M,M"/><TAIKYOKU oya="0"/><INIT seed="0,0,0,0,3,17" ten="250,250,250,250" oya="0" hai0="80,55,77,2,126,87,67,24,56,19,110,28,120" hai1="82,39,78,98,65,68,11,58,34,70,43,7,71" hai2="27,61,49,134,101,32,50,113,12,59,122,125,15" hai3="114,14,97,100,99,54,44,16,128,106,18,37,9"/><T93/><D120/><U47/><E34/><V79/><F122/><W62/><G114/><T23/><D126/><U119/><E119/><V96/><F113/><W4/><G128/><T133/><D133/><U85/><E98/><V86/><F125/><W5/><G37/><T123/><D123/><U111/><E111/><V42/><F134/><W88/><G18/><T22/><D2/><U45/><E45/><V48/><F42/><W1/><G1/><T108/><D67/><U132/><E132/><V52/><F79/><W121/><G121/><T30/><D93/><U10/><E10/><V6/><F86/><W127/><G127/><T69/><D69/><U46/><E46/><V73/><F73/><W13/><G13/><T41/><D41/><U35/><E35/><V20/><F32/><W107/><G62/><T89/><D77/><U115/><E115/><V72/><F72/><W84/><G99/><T129/><D129/><U75/><E85/><V83/><F83/><W76/><G76/><T109/><D23/><U0/><REACH who="1" step="1"/><E58/><REACH who="1" ten="250,240,250,250" step="2"/><V81/><F6/><W63/><G107/><T103/><REACH who="0" step="1"/><D103/><REACH who="0" ten="240,240,250,250" step="2"/><U8/><E8/><V92/><REACH who="2" step="1"/><F81/><REACH who="2" ten="240,240,240,250" step="2"/><W29/><G106/><T117/><D117/><U95/><E95/><V91/><F91/><W104/><G88/><T118/><D118/><U74/><E74/><V90/><F90/><W131/><G104/><T130/><D130/><U25/><E25/><V105/><F105/><W60/><G131/><T38/><D38/><U66/><AGARI ba="0,3" hai="0,7,11,39,43,47,65,66,68,70,71,75,78,82" machi="66" ten="40,8000,1" yaku="1,1,0,1,25,2,53,0" doraHai="17" doraHaiUra="112" who="1" fromWho="1" sc="240,-40,240,110,240,-20,250,-20" /><INIT seed="1,0,0,5,5,117" ten="200,350,220,230" oya="1" hai0="78,61,130,108,98,114,4,77,25,11,14,21,68" hai1="58,55,44,65,57,79,17,113,8,132,72,115,87" hai2="118,33,95,93,120,10,41,5,71,81,38,20,122" hai3="3,74,96,80,82,107,54,103,125,119,134,43,1"/><U39/><E72/><V126/><F118/><W86/><G119/><T135/><D114/><U99/><E132/><V26/><F33/><W52/><G134/><T90/><D135/><U18/><E65/><V23/><F71/><W123/><G43/><T12/><D108/><U83/><E57/><V75/><F126/><W53/><G125/><T101/><D130/><U56/><E56/><V48/><F48/><W35/><G35/><T40/><D40/><U63/><E39/><V91/><F93/><W100/><G100/><T16/><D68/><U73/><E73/><V46/><F23/><W32/><G32/><T49/><D61/><U2/><E44/><V34/><F34/><W7/><G7/><T121/><D121/><U69/><E69/><V129/><F129/><W84/><G74/><T22/><D90/><U29/><E29/><V30/><F95/><W67/><G123/><T124/><D49/><U45/><E45/><V42/><F42/><W37/><G67/><T110/><D110/><U85/><E85/><V24/><F24/><W13/><G13/><T104/><REACH who="0" step="1"/><D124/><REACH who="0" ten="190,350,220,230" step="2"/><U64/><E115/><V76/><REACH who="2" step="1"/><F91/><REACH who="2" ten="190,350,210,230" step="2"/><W133/><G133/><T0/><D0/><AGARI ba="0,2" hai="0,5,10,20,26,30,38,41,46,75,76,81,120,122" machi="0" ten="30,12000,2" yaku="1,1,2,1,7,1,25,2,52,2,53,0" doraHai="117" doraHaiUra="88" who="2" fromWho="0" sc="190,-120,350,0,210,140,230,0" /><INIT seed="2,0,0,2,4,121" ten="70,350,350,230" oya="2" hai0="135,31,80,13,23,98,52,27,54,63,45,130,47" hai1="111,20,4,119,42,109,79,9,26,14,116,15,108" hai2="75,57,37,43,99,118,97,5,44,29,36,11,103" hai3="125,35,127,12,120,49,53,62,51,8,72,74,93"/><V90/><F118/><N who="1" m="45097" /><E79/><V59/><F75/><W105/><G105/><T77/><D130/><U58/><E42/><V68/><F68/><W70/><G35/><T100/><D135/><U1/><E58/><V67/><F36/><W128/><G120/><T46/><D13/><U22/><E22/><V25/><F90/><W65/><G128/><T40/><D40/><U114/><E114/><V55/><F67/><W39/><G93/><T124/><D124/><N who="3" m="47689" /><G51/><T6/><D6/><U48/><E48/><V84/><F84/><W83/><G83/><T132/><D132/><U38/><E38/><V28/><F25/><W18/><G39/><T95/><REACH who="0" step="1"/><D63/><REACH who="0" ten="60,350,350,230" step="2"/><U104/><E104/><V122/><F122/><W107/><G107/><T115/><D115/><U50/><E50/><V101/><F43/><W112/><G112/><T123/><D123/><U133/><E133/><V110/><F37/><W129/><G129/><T106/><D106/><U91/><E91/><V60/><F60/><W2/><G49/><T94/><D94/><U30/><AGARI ba="0,1" hai="1,4,9,14,15,20,26,30,108,109,111" m="45097" machi="30" ten="40,12000,2" yaku="14,1,34,2,52,3" doraHai="121" who="1" fromWho="1" sc="60,-30,350,130,350,-60,230,-30" /><INIT seed="3,0,0,5,1,84" ten="30,480,290,200" oya="3" hai0="135,10,85,22,70,111,112,104,119,101,20,42,52" hai1="18,2,48,108,43,39,62,113,34,71,87,37,19" hai2="128,64,78,110,98,9,127,83,106,63,121,102,49" hai3="131,116,80,75,44,77,118,72,47,97,31,4,61"/><W95/><G75/><T76/><D85/><U6/><E48/><V32/><F110/><W100/><G131/><T124/><D10/><U35/><E87/><V27/><F128/><W126/><G126/><T45/><D45/><U125/><E62/><V90/><F127/><W133/><G133/><T56/><D101/><U53/><E43/><V59/><F121/><W16/><G31/><T15/><D15/><U107/><E53/><V93/><F9/><W74/><G74/><T13/><D13/><U134/><E134/><V89/><F106/><W7/><G44/><T55/><D56/><U132/><E132/><V129/><F129/><W21/><G116/><T123/><D76/><U86/><E86/><N who="2" m="48503" /><F32/><W65/><G118/><T122/><D42/><U33/><E18/><V26/><F49/><W25/><G47/><T96/><D96/><U69/><E19/><V117/><F117/><W24/><G24/><AGARI ba="0,0" hai="24,26,27,59,63,64,89,90,93,98,102" m="48503" machi="24" ten="30,3900,0" yaku="8,1,52,2" doraHai="84" who="2" fromWho="3" sc="30,0,480,0,290,39,200,-39" owari="30,-47.0,480,58.0,329,12.9,161,-23.9" /></mjloggm>