<mjloggm ver="2.3"><GO type="225" lobby="0"/><UN n0="%72%65%6E%6B%75%6E" n1="%E3%82%A2%E3%83%A1%E3%82%A2%E3%83%A9%E3%83%AC" n2="%E3%83%AD%E3%83%83%E3%83%86%E9%9B%80%E7%90%83" n3="%E3%81%B5%E3%81%98%E3%81%8B%E3%81%A4" dan="17,16,16,16" rate="2229.39,2045.93,2175.59,2153.38" sx="M,M,M,M"/><TAIKYOKU oya="0"/><INIT seed="0,0,0,2,4,104" ten="250,250,250,250" oya="0" hai0="63,107,8,72,71,47,61,23,106,98,134,89,126" hai1="97,12,118,103,66,18,55,105,38,49,27,132,135" hai2="50,84,102,93,110,76,30,17,133,82,52,29,113" hai3="31,5,88,75,67,42,40,24,26,130,1,51,60"/><T99/><D23/><U7/><E118/><V68/><F113/><W101/><G101/><T100/><D134/><N who="1" m="51243" /><E38/><V77/><F110/><W6/><G130/><T41/><D126/><U70/><E7/><V19/><F68/><W120/><G120/><T119/><D119/><U79/><E27/><V121/><F77/><W36/><G36/><T74/><D8/><N who="1" m="6407" /><E79/><V125/><F121/><W11/><G6/><T54/><D54/><U83/><E83/><V0/><F0/><W90/><G26/><T2/><D2/><U85/><E85/><V62/><F125/><W112/><G112/><T48/><D71/><U80/><E80/><V59/><F133/><W92/><G75/><T78/><D78/><U81/><E81/><V39/><F39/><W123/><G123/><T56/><D61/><N who="1" m="40271" /><E55/><V96/><REACH who="2" step="1"/><F62/><REACH who="2" ten="250,250,240,250" step="2"/><W117/><G60/><T34/><D63/><U131/><E49/><V57/><F57/><W35/><G51/><T44/><D56/><U37/><E37/><V95/><F95/><W127/><G127/><T16/><D48/><U43/><E131/><V14/><F14/><W94/><G117/><T73/><D44/><U122/><E122/><V3/><F3/><W91/><REACH who="3" step="1"/><G67/><REACH who="3" ten="250,250,240,240" step="2"/><T46/><D72/><U87/><E105/><V128/><F128/><W129/><G129/><T114/><D74/><U109/><E109/><V21/><F21/><W28/><G28/><AGARI ba="0,2" hai="17,19,28,29,30,50,52,59,76,82,84,93,96,102" machi="28" ten="40,5200,0" yaku="1,1,8,1,54,1,53,0" doraHai="104" doraHaiUra="111" who="2" fromWho="3" sc="250,0,250,0,240,72,240,-52" /><INIT seed="1,0,0,0,4,68" ten="250,250,312,188" oya="1" hai0="44,86,69,95,47,66,117,60,64,108,31,30,121" hai1="129,39,9,26,93,57,34,76,52,27,111,119,38" hai2="128,8,122,41,51,6,1,10,46,109,101,14,131" hai3="85,7,114,126,84,63,2,125,61,32,123,22,13"/><U77/><E119/><V89/><F109/><W110/><G123/><T43/><D117/><U36/><E111/><V48/><F122/><W78/><G110/><T15/><D121/><U102/><E129/><N who="2" m="49739" /><F89/><W79/><G114/><T20/><D108/><U127/><E127/><N who="3" m="48650" /><G32/><T104/><D104/><U132/><E132/><V35/><F35/><W62/><G2/><T40/><D15/><U82/><E9/><V49/><F101/><W97/><G7/><AGARI ba="0,0" hai="1,6,7,8,10,14,41,46,48,49,51" m="49739" machi="7" ten="30,1000,0" yaku="19,1" doraHai="68" who="2" fromWho="3" sc="250,0,250,0,312,10,188,-10" /><INIT seed="2,0,0,3,4,95" ten="250,250,322,178" oya="2" hai0="102,132,85,135,10,78,11,67,117,86,106,84,75" hai1="101,87,32,37,99,46,125,43,51,131,20,110,112" hai2="24,21,111,105,133,0,71,17,93,108,74,9,97" hai3="92,55,7,29,94,5,38,59,45,107,15,100,128"/><V61/><F74/><W6/><G128/><T98/><D67/><U90/><E110/><N who="2" m="42027" /><F105/><W35/><G35/><T134/><REACH who="0" step="1"/><D117/><REACH who="0" ten="240,250,322,178" step="2"/><U120/><E131/><V42/><F133/><W33/><G5/><T25/><D25/><U36/><E112/><V26/><F26/><W23/><G6/><T77/><D77/><U14/><E120/><V44/><F71/><W49/><G7/><T18/><D18/><U34/><E34/><V52/><F0/><W19/><G33/><T8/><D8/><U109/><E32/><V118/><F9/><W126/><G126/><T54/><D54/><U91/><E125/><V123/><F123/><W104/><G29/><T76/><D76/><U31/><E109/><V40/><F118/><W83/><G19/><T28/><D28/><U114/><E114/><V53/><F53/><W89/><G55/><T30/><D30/><U64/><E64/><V80/><F52/><W127/><G127/><T50/><D50/><U69/><E51/><V130/><F61/><W60/><G49/><T79/><D79/><U13/><E31/><V47/><F17/><W3/><G38/><T2/><D2/><U88/><E37/><V39/><F24/><W129/><G3/><T62/><D62/><U121/><E121/><V48/><F130/><W122/><G129/><T41/><D41/><U73/><E43/><V1/><F1/><W103/><G60/><T124/><D124/><U68/><E36/><V116/><F116/><W113/><G122/><T115/><D115/><U70/><E14/><V56/><F39/><W4/><G113/><T16/><D16/><RYUUKYOKU ba="0,1" sc="240,30,250,-10,322,-10,178,-10" hai0="10,11,75,78,84,85,86,98,102,106,132,134,135" /><INIT seed="3,1,1,0,3,82" ten="270,240,312,168" oya="3" hai0="101,108,30,79,20,66,17,128,51,45,95,32,24" hai1="13,4,122,60,126,58,85,50,97,100,117,112,7" hai2="73,116,91,16,40,35,110,26,43,80,10,84,31" hai3="12,41,0,120,42,105,11,107,72,92,6,44,75"/><W109/><G120/><T74/><D108/><U22/><E112/><V88/><F116/><W46/><G109/><T28/><D128/><U29/><E122/><V129/><F110/><W25/><G25/><T118/><D118/><U93/><E126/><V23/><F129/><W56/><G56/><T55/><D66/><U54/><E117/><V106/><F106/><W34/><G92/><T98/><D74/><U103/><E103/><V68/><F73/><N who="3" m="28235" /><G12/><T38/><D79/><U77/><E50/><V9/><F68/><W53/><G53/><T104/><D38/><U81/><REACH who="1" step="1"/><E13/><REACH who="1" ten="270,230,312,168" step="2"/><N who="2" m="7223" /><F35/><W130/><G130/><T48/><D32/><U83/><E83/><N who="2" m="49183" /><F9/><W69/><G34/><T134/><D134/><U62/><E62/><V123/><F123/><W57/><G69/><T67/><D67/><U15/><E15/><V133/><F133/><W76/><G0/><T52/><D104/><U70/><E70/><V39/><F39/><N who="3" m="21567" /><G107/><T124/><D124/><U19/><E19/><V121/><F121/><W132/><G105/><T114/><D114/><U96/><E96/><V113/><F113/><W71/><G71/><T90/><D101/><U115/><E115/><V119/><F119/><W8/><G132/><T78/><D78/><U111/><E111/><V47/><F47/><AGARI ba="1,2" hai="17,20,24,28,30,45,47,48,51,52,55,90,95,98" machi="47" ten="30,7700,0" yaku="7,1,9,1,8,1,54,1" doraHai="82" who="0" fromWho="2" sc="270,100,230,0,312,-80,168,0" owari="370,47.0,230,-17.0,232,3.2,168,-33.2" /></mjloggm>