<mjloggm ver="2.3"><GO type="225" lobby="0"/><UN n0="%72%69%6F%75%63%68%61%6E" n1="%E3%81%82%E3%81%99%E3%81%AB%E3%82%83%E3%82%80" n2="%E3%80%93%E3%81%97%E3%83%BC%E3%82%89%E3%80%93" n3="%E5%A4%9C%E3%81%AE%E3%82%AC%E3%82%B9%E3%83%91%E3%83%BC%E3%83%AB" dan="16,16,16,16" rate="2167.73,2096.94,2129.36,2126.84" sx="M,F,M,M"/><TAIKYOKU oya="0"/><INIT seed="0,0,0,4,5,60" ten="250,250,250,250" oya="0" hai0="82,50,47,119,118,63,59,31,134,131,107,112,93" hai1="61,18,111,104,29,122,101,129,110,68,125,103,120" hai2="90,108,12,75,65,43,16,48,88,92,35,23,127" hai3="94,132,56,69,83,52,124,66,2,126,5,13,106"/><T39/><D107/><U128/><E29/><V79/><F35/><W41/><G106/><T84/><D112/><U135/><E18/><V42/><F127/><N who="3" m="48683" /><G132/><T70/><D134/><U8/><E135/><V53/><F108/><N who="1" m="41513" /><E125/><V20/><F75/><W95/><G2/><T49/><D131/><N who="1" m="50251" /><E8/><N who="2" m="6151" /><F79/><W28/><G28/><T98/><D31/><U27/><E27/><V57/><F65/><W87/><G41/><N who="2" m="15369" /><F90/><N who="3" m="51583" /><G13/><T25/><D25/><U77/><E77/><V73/><F73/><W97/><G5/><T9/><D119/><U67/><E103/><V113/><F113/><W7/><G7/><T32/><D118/><U80/><E80/><V58/><F58/><W114/><G114/><T86/><D82/><U62/><E61/><V15/><F15/><W14/><G14/><T102/><D63/><U71/><E71/><V22/><F23/><W123/><G69/><T117/><D70/><U89/><E89/><V34/><F34/><W38/><G123/><T33/><D117/><U78/><E78/><V26/><F26/><W51/><G38/><T133/><D39/><U115/><E115/><V30/><F30/><W105/><G66/><T19/><D133/><U99/><AGARI ba="0,0" hai="62,67,68,99,101,104,120,122" m="50251,41513" machi="99" ten="40,8000,1" yaku="14,1,19,1,23,1,52,1" doraHai="60" who="1" fromWho="1" sc="250,-40,250,80,250,-20,250,-20" /><INIT seed="1,0,0,1,4,87" ten="210,330,230,230" oya="1" hai0="93,90,74,47,101,86,64,103,41,128,58,98,133" hai1="102,55,63,29,116,110,76,3,52,2,22,10,28" hai2="25,36,45,125,81,14,1,40,9,122,53,131,126" hai3="135,107,30,44,115,73,39,57,120,127,65,69,60"/><U16/><E116/><V48/><F122/><W75/><G120/><T54/><D128/><U37/><E37/><V113/><F131/><W51/><G107/><T100/><D133/><U82/><E102/><V121/><F121/><W109/><G115/><T35/><D35/><U6/><E2/><V105/><F105/><W124/><G135/><T0/><D74/><U79/><E110/><V104/><F104/><W67/><G30/><T66/><D0/><U59/><E55/><V68/><F68/><W24/><G24/><T134/><D134/><U50/><E63/><V32/><F1/><W7/><G7/><T80/><D47/><U38/><E38/><V92/><F113/><W20/><G20/><T12/><D12/><U26/><E76/><V17/><F32/><W43/><G109/><T42/><D41/><U19/><REACH who="1" step="1"/><E29/><REACH who="1" ten="210,320,230,230" step="2"/><V111/><F111/><W84/><G60/><N who="0" m="35927" /><D42/><U129/><E129/><V34/><F36/><W114/><G43/><T61/><D61/><U106/><E106/><V62/><F40/><W117/><G39/><T77/><AGARI ba="0,1" hai="64,66,77,80,86,90,93,98,100,101,103" m="35927" machi="77" ten="30,2000,0" yaku="8,1,52,1" doraHai="87" who="0" fromWho="0" sc="210,30,320,-10,230,-5,230,-5" /><INIT seed="2,0,0,5,5,98" ten="240,310,225,225" oya="2" hai0="72,60,107,32,55,19,129,10,116,114,85,1,122" hai1="34,118,17,61,51,94,128,119,125,12,35,78,59" hai2="70,100,45,97,14,79,18,133,105,121,111,33,123" hai3="91,117,99,8,89,4,39,64,104,68,62,30,113"/><V134/><F70/><W86/><G117/><T24/><D122/><U67/><E128/><V108/><F33/><W48/><G39/><T132/><D114/><U58/><E125/><V37/><F79/><W44/><G113/><T23/><D72/><U101/><E78/><V66/><F66/><W131/><G131/><T135/><D129/><U22/><E35/><V52/><F37/><W73/><G73/><T6/><D107/><U9/><E34/><V130/><F130/><W84/><G30/><N who="0" m="19527" /><D85/><U83/><E83/><V88/><F88/><W36/><G36/><T87/><D87/><U43/><E22/><N who="2" m="11607" /><F52/><W38/><G38/><T77/><D77/><U93/><E43/><V90/><F90/><W127/><G127/><T54/><D116/><U25/><E118/><V65/><F65/><W109/><G91/><T27/><D60/><U50/><E93/><V16/><F16/><W3/><G109/><N who="2" m="42057" /><F45/><W81/><G81/><T124/><D124/><U63/><E119/><V71/><F71/><W47/><G47/><T49/><D49/><U75/><E50/><V115/><F115/><W29/><G89/><T126/><D126/><U112/><E51/><V2/><F2/><W103/><REACH who="3" step="1"/><G29/><REACH who="3" ten="240,310,225,215" step="2"/><T69/><D69/><U82/><E112/><V106/><F106/><W41/><AGARI ba="0,1" hai="3,4,8,41,44,48,62,64,68,84,86,99,103,104" machi="41" ten="20,8000,1" yaku="1,1,2,1,0,1,7,1,52,1,53,0" doraHai="98" doraHaiUra="110" who="3" fromWho="3" sc="240,-20,310,-20,225,-40,215,90" /><INIT seed="3,0,0,1,1,16" ten="220,290,185,305" oya="3" hai0="11,126,128,35,109,61,118,98,8,124,102,19,72" hai1="113,6,83,106,129,116,3,78,92,89,114,110,45" hai2="55,40,112,39,125,104,30,4,79,14,68,7,93" hai3="60,53,133,38,127,43,85,31,54,70,22,26,2"/><W41/><G2/><T18/><D118/><U130/><E110/><V94/><F104/><W76/><G127/><N who="0" m="48683" /><D72/><U77/><E116/><V131/><F68/><W37/><G133/><T123/><D123/><U13/><E3/><V21/><F125/><W99/><G38/><T73/><D73/><N who="1" m="43439" /><E45/><V63/><F112/><W74/><G74/><T62/><D128/><N who="1" m="49259" /><E106/><V50/><F131/><W51/><G37/><T100/><D35/><U134/><E134/><V82/><F39/><W97/><G70/><T80/><D80/><U84/><E78/><V56/><F40/><N who="3" m="15435" /><G85/><T75/><D75/><U34/><E34/><V36/><F36/><W23/><G76/><T86/><D86/><U119/><E119/><V27/><F63/><N who="0" m="24074" /><D109/><U49/><E49/><V67/><F67/><W120/><G120/><T15/><D98/><U135/><E135/><V87/><REACH who="2" step="1"/><F14/><AGARI ba="0,0" hai="8,11,14,15,18,19,100,102" m="24074,48683" machi="14" ten="30,1000,0" yaku="18,1" doraHai="16" who="0" fromWho="2" sc="220,10,290,0,185,-10,305,0" owari="230,-17.0,290,9.0,175,-32.5,305,40.5" /></mjloggm>