<mjloggm ver="2.3"><GO type="225" lobby="0"/><UN n0="%73%61%6E%64%69%72%69%73" n1="%E3%81%8B%E3%82%8F%E3%81%A1%E3%82%83%E3%82%93%35%38" n2="%E5%B8%86%E7%AB%8B%E5%A4%8F%E8%A1%A3" n3="%6B%65%6E%6E%64%69" dan="16,16,16,16" rate="2144.63,2161.43,2079.26,2185.24" sx="M,M,M,M"/><TAIKYOKU oya="0"/><INIT seed="0,0,0,3,4,106" ten="250,250,250,250" oya="0" hai0="101,64,61,127,115,15,17,91,5,18,48,56,129" hai1="54,121,89,44,49,88,111,96,25,85,10,30,87" hai2="45,126,38,130,125,117,120,77,9,43,28,128,32" hai3="118,123,80,22,72,116,82,86,29,21,52,81,34"/><T103/><D115/><U8/><E121/><V3/><F120/><W78/><G123/><T20/><D129/><N who="2" m="49770" /><F117/><W16/><G81/><T90/><D127/><N who="2" m="48650" /><F77/><W24/><G52/><T94/><D5/><U122/><E111/><V51/><F51/><W42/><G42/><T102/><D94/><U119/><E119/><V7/><F28/><W65/><G65/><T84/><D84/><U75/><E122/><V47/><F45/><W105/><G105/><T39/><D39/><U104/><E30/><V12/><F12/><W41/><G41/><T73/><D73/><U92/><E49/><V110/><F110/><W23/><REACH who="3" step="1"/><G16/><REACH who="3" ten="250,250,250,240" step="2"/><T108/><D108/><U107/><E44/><V68/><F68/><W67/><G67/><T11/><REACH who="0" step="1"/><D48/><REACH who="0" ten="240,250,250,240" step="2"/><U37/><E37/><V2/><F2/><W134/><G134/><T62/><D62/><U60/><E60/><V40/><F40/><W27/><G27/><AGARI ba="0,2" hai="11,15,17,18,20,27,56,61,64,90,91,101,102,103" machi="27" ten="40,3900,0" yaku="1,1,8,1,53,0" doraHai="106" doraHaiUra="36" who="0" fromWho="3" sc="240,59,250,0,250,0,240,-39" /><INIT seed="0,1,0,0,4,123" ten="299,250,250,201" oya="0" hai0="7,135,50,73,3,28,36,26,128,55,100,90,92" hai1="82,31,47,22,10,133,109,56,17,116,0,71,132" hai2="42,105,64,110,20,129,39,53,121,2,113,45,89" hai3="66,127,93,16,77,46,58,101,117,13,122,87,124"/><T30/><D36/><U99/><E116/><V85/><F121/><W6/><G117/><T40/><D73/><U44/><E71/><V111/><F113/><W11/><G122/><T4/><D135/><N who="1" m="51787" /><E31/><V41/><F2/><W81/><G46/><T107/><D40/><U114/><E114/><V60/><F129/><W88/><G101/><T51/><D128/><U91/><E56/><V21/><F42/><W68/><G68/><T74/><D74/><U120/><E120/><V24/><F53/><W57/><G6/><T33/><D30/><U72/><E99/><V108/><F105/><W103/><G103/><T134/><D134/><U23/><E23/><V96/><F96/><W15/><G15/><T118/><D118/><U75/><E75/><V125/><F125/><N who="3" m="48203" /><G66/><T126/><D126/><U1/><E1/><V80/><F24/><W5/><G5/><T34/><D34/><U94/><E0/><V29/><F29/><W59/><G58/><AGARI ba="1,0" hai="20,21,39,41,45,58,60,64,80,85,89,108,110,111" machi="58" ten="40,8000,1" yaku="14,1,52,3" doraHai="123" who="2" fromWho="3" sc="299,0,250,0,250,83,201,-83" /><INIT seed="1,0,0,5,0,106" ten="299,250,333,118" oya="1" hai0="111,92,19,15,105,29,135,3,89,16,130,0,65" hai1="71,45,59,67,88,99,5,2,58,125,83,47,112" hai2="97,30,113,80,36,22,73,27,107,104,122,82,20" hai3="70,100,87,33,55,7,102,17,75,132,91,44,41"/><U103/><E112/><V21/><F122/><W11/><G132/><T79/><D105/><U133/><E71/><V84/><F113/><W85/><G70/><T57/><D111/><U69/><E69/><V9/><F36/><W131/><G131/><T101/><D101/><U38/><E133/><V37/><F37/><W108/><G108/><T78/><D29/><U110/><E110/><V90/><F9/><W51/><G33/><T52/><D65/><U96/><E125/><V126/><F126/><W34/><G34/><T77/><D130/><U50/><E2/><V35/><F97/><W39/><G87/><T121/><D19/><U98/><E5/><V134/><F134/><W54/><G75/><T119/><D119/><U72/><E45/><V81/><F81/><W26/><G55/><T56/><D56/><N who="1" m="21547" /><E38/><V66/><F66/><W1/><G39/><T95/><D95/><N who="1" m="58783" /><E72/><V68/><F68/><W127/><G41/><T13/><D121/><U31/><E31/><V25/><F107/><W94/><REACH who="3" step="1"/><G127/><REACH who="3" ten="299,250,333,108" step="2"/><T64/><D135/><U10/><E67/><V109/><F109/><W114/><G114/><T118/><D64/><U4/><E83/><V40/><F80/><W8/><G8/><T63/><D118/><U23/><E23/><AGARI ba="0,1" hai="1,7,11,17,23,26,44,51,54,85,91,94,100,102" machi="23" ten="40,1300,0" yaku="1,1,53,0" doraHai="106" doraHaiUra="116" who="3" fromWho="1" sc="299,0,250,-13,333,0,108,23" /><INIT seed="2,0,0,4,1,20" ten="299,237,333,131" oya="2" hai0="117,106,133,75,112,120,82,108,0,119,118,70,125" hai1="55,63,122,30,69,4,7,113,58,9,43,57,52" hai2="114,64,46,40,107,127,22,1,83,19,17,73,42" hai3="10,34,45,8,130,14,12,80,66,79,38,61,100"/><V6/><F107/><W50/><G130/><T21/><D21/><U60/><E113/><V59/><F127/><W32/><G38/><T103/><D82/><U74/><E122/><V13/><F114/><W3/><G100/><T94/><D94/><U84/><E74/><V47/><F64/><W25/><G3/><T99/><D99/><U36/><E69/><V26/><F59/><W129/><G129/><T41/><D41/><N who="2" m="15978" /><F1/><W124/><G124/><T92/><D92/><U62/><E62/><V115/><F73/><W126/><G126/><T128/><D103/><U48/><E36/><V87/><F6/><W28/><G34/><T93/><D93/><U131/><E131/><V56/><F56/><W121/><G121/><T72/><D72/><U132/><E132/><V97/><F97/><W65/><G10/><T95/><D95/><U110/><E110/><V96/><F96/><W5/><G61/><T109/><D109/><U116/><E116/><V39/><F39/><W77/><G14/><T51/><D51/><U71/><E71/><V78/><F115/><W81/><G80/><T11/><D11/><AGARI ba="0,0" hai="11,13,17,19,22,26,46,47,78,83,87" m="15978" machi="11" ten="30,2900,0" yaku="8,1,52,1" doraHai="20" who="2" fromWho="0" sc="299,-29,237,0,333,29,131,0" /><INIT seed="2,1,0,3,4,78" ten="270,237,362,131" oya="2" hai0="132,11,31,135,120,29,46,126,6,103,44,72,3" hai1="34,18,63,124,88,53,99,97,115,21,90,113,5" hai2="1,71,40,55,86,65,104,81,28,121,66,80,91" hai3="41,67,52,58,79,122,94,49,93,134,101,9,32"/><V106/><F121/><W51/><G122/><T77/><D120/><U92/><E34/><V119/><F119/><W89/><G134/><N who="0" m="51243" /><D103/><U123/><E123/><V36/><F1/><W54/><G32/><T22/><D126/><U30/><E124/><V128/><F128/><W129/><G129/><T85/><D72/><U133/><E133/><V84/><F28/><N who="0" m="10826" /><D22/><U73/><E73/><V59/><F40/><W109/><G109/><T64/><D64/><U50/><E30/><V100/><F36/><W61/><G41/><T15/><D3/><U108/><E108/><V98/><F71/><W8/><G101/><T118/><D118/><U43/><E5/><V39/><F39/><W2/><G79/><T27/><D27/><U105/><E43/><V57/><F106/><W24/><G24/><T20/><D20/><U87/><E63/><V131/><F131/><W14/><G2/><T17/><D17/><U83/><E105/><V35/><F35/><W60/><G67/><T13/><D13/><N who="1" m="9423" /><E115/><V69/><F69/><W42/><G42/><T125/><D125/><U116/><E113/><V117/><F117/><W26/><G26/><T23/><D23/><U102/><E116/><V107/><F107/><W127/><G127/><T25/><D25/><U48/><E53/><V111/><F111/><W74/><G74/><T33/><D33/><U4/><E4/><V16/><F16/><W56/><REACH who="3" step="1"/><G89/><REACH who="3" ten="270,237,362,121" step="2"/><T38/><D38/><U96/><E102/><N who="2" m="62551" /><F65/><W12/><AGARI ba="1,1" hai="8,9,12,14,49,51,52,54,56,58,60,61,93,94" machi="12" ten="25,12000,2" yaku="1,1,0,1,22,2,8,1,54,1,53,0" doraHai="78" doraHaiUra="130" who="3" fromWho="3" sc="270,-31,237,-31,362,-61,121,133" /><INIT seed="3,0,0,2,4,11" ten="239,206,301,254" oya="3" hai0="134,90,23,135,2,122,48,115,89,103,8,99,97" hai1="42,34,54,26,46,50,15,106,130,12,40,102,52" hai2="111,21,32,1,100,117,84,124,127,10,133,85,18" hai3="77,110,129,0,70,121,105,118,87,82,37,53,109"/><W17/><G118/><T51/><D23/><U132/><E106/><V3/><F117/><W47/><G121/><T72/><D72/><U108/><E102/><V59/><F111/><N who="3" m="42507" /><G129/><T6/><D122/><U57/><E108/><V56/><F133/><N who="0" m="50698" /><D115/><U60/><E132/><V28/><F100/><W44/><G70/><T24/><D24/><U79/><E130/><V35/><F28/><W31/><G0/><T36/><D36/><U95/><E79/><V93/><F10/><W98/><G31/><T78/><D78/><U113/><E113/><V22/><F18/><W39/><G17/><T81/><D99/><U7/><E7/><V38/><F38/><N who="3" m="14347" /><G53/><T69/><D69/><U96/><E34/><V125/><F125/><W92/><G105/><N who="0" m="63727" /><D90/><AGARI ba="0,0" hai="44,47,77,82,87,90,92,98" m="14347,42507" machi="90" ten="30,2900,0" yaku="14,1,10,1" doraHai="11" who="3" fromWho="0" sc="239,-29,206,0,301,0,254,29" /><INIT seed="3,1,0,3,1,120" ten="210,206,301,283" oya="3" hai0="73,0,2,53,22,98,121,32,29,82,51,105,94" hai1="23,16,110,42,7,49,124,125,92,11,65,46,107" hai2="109,55,79,72,59,44,130,66,100,115,69,89,84" hai3="87,10,135,108,118,113,27,34,70,102,126,63,60"/><W48/><G113/><T75/><D121/><U103/><E65/><V41/><F109/><W85/><G118/><T93/><D105/><U122/><E122/><V112/><F100/><W20/><G34/><T36/><D36/><U31/><E107/><V76/><F130/><W33/><G33/><T24/><D32/><U117/><E31/><V129/><F129/><W86/><G108/><T38/><D38/><U43/><E117/><V3/><F3/><W133/><G126/><N who="1" m="48746" /><E110/><V104/><F104/><W5/><G102/><T116/><D116/><U80/><E80/><V35/><F35/><W68/><G48/><T88/><D94/><U21/><E43/><V14/><F14/><N who="3" m="5455" /><G70/><T54/><D54/><U71/><E71/><V19/><F19/><N who="3" m="12703" /><G68/><T8/><D8/><U40/><E40/><V56/><F72/><W134/><AGARI ba="1,0" hai="60,63,85,86,87,133,134,135" m="12703,5455" machi="134" ten="40,2100,0" yaku="20,1" doraHai="120" who="3" fromWho="3" sc="210,-8,206,-8,301,-8,283,24" owari="202,-19.8,198,-30.2,293,9.3,307,40.7" /></mjloggm>