<mjloggm ver="2.3"><GO type="225" lobby="0"/><UN n0="%E3%81%B8%E3%82%80%E3%81%B8%E3%82%80%EF%BC%92%E5%8F%B7" n1="%E3%83%AD%E3%83%83%E3%83%86%E9%9B%80%E7%90%83" n2="%E4%B8%8B%E6%AE%B5%E3%83%81%E3%82%A7%E3%83%AA%E3%83%BC" n3="%73%69%72%6F%75%74" dan="17,17,16,16" rate="2179.52,2199.13,2145.60,2038.39" sx="M,M,M,M"/><TAIKYOKU oya="0"/><INIT seed="0,0,0,3,1,99" ten="250,250,250,250" oya="0" hai0="64,135,89,118,93,56,119,18,68,130,97,42,84" hai1="65,39,16,48,131,117,128,55,49,61,62,98,72" hai2="51,4,69,87,121,108,83,100,43,26,53,110,41" hai3="8,76,19,104,132,111,106,34,124,14,80,120,123"/><T28/><D135/><U116/><E72/><V88/><F69/><W21/><G34/><T103/><D130/><N who="1" m="49707" /><E98/><V45/><F121/><N who="3" m="46667" /><G111/><N who="2" m="42537" /><F4/><N who="3" m="3335" /><G124/><T81/><D68/><N who="1" m="42031" /><E16/><V75/><F75/><N who="3" m="43039" /><G132/><T94/><D28/><U3/><E3/><V9/><F9/><W29/><G29/><T91/><D42/><N who="2" m="15882" /><F26/><AGARI ba="0,0" hai="19,21,26,104,106" m="43039,3335,46667" machi="26" ten="30,1000,0" yaku="13,1" doraHai="99" who="3" fromWho="2" sc="250,0,250,0,250,-10,250,10" /><INIT seed="1,0,0,2,4,80" ten="250,250,240,260" oya="1" hai0="115,95,120,81,39,30,0,128,56,52,70,57,24" hai1="19,28,13,108,67,79,124,6,76,122,77,32,84" hai2="125,129,50,132,116,135,49,11,130,71,9,100,68" hai3="23,46,43,126,93,110,123,106,37,48,118,87,61"/><U94/><E122/><V131/><F100/><W114/><G123/><T59/><D120/><U41/><E124/><V20/><F20/><W121/><G106/><T69/><D39/><U34/><E108/><V119/><REACH who="2" step="1"/><F130/><REACH who="2" ten="250,250,230,260" step="2"/><W109/><G23/><T42/><D128/><U58/><E34/><V53/><F53/><W12/><G121/><T54/><D54/><U17/><E32/><V44/><F44/><W45/><G46/><T90/><D52/><U112/><E41/><V65/><F65/><W2/><G43/><T21/><D42/><U74/><E28/><V75/><F75/><W133/><G110/><T18/><D115/><U66/><E74/><V63/><F63/><W60/><G61/><T117/><D117/><U55/><E112/><V27/><F27/><W8/><G60/><T10/><D30/><U111/><E111/><V127/><AGARI ba="0,1" hai="9,11,49,50,68,71,116,119,125,127,129,131,132,135" machi="127" ten="25,6400,0" yaku="1,1,0,1,22,2,53,0" doraHai="80" doraHaiUra="104" who="2" fromWho="2" sc="250,-16,250,-32,230,74,260,-16" /><INIT seed="2,0,0,5,2,79" ten="234,218,304,244" oya="2" hai0="59,70,111,36,2,56,116,46,62,98,134,74,130" hai1="11,91,85,68,27,34,89,19,104,71,12,133,86" hai2="8,30,126,60,110,124,14,105,65,40,131,125,94" hai3="75,55,33,80,9,96,53,69,17,7,29,95,78"/><V0/><F105/><W13/><G69/><T108/><D74/><U97/><E133/><V43/><F0/><W66/><G66/><N who="0" m="41303" /><D2/><U51/><E51/><V37/><F131/><W26/><REACH who="3" step="1"/><G7/><REACH who="3" ten="234,218,304,234" step="2"/><T50/><D130/><U67/><E67/><V117/><F117/><W23/><G23/><T15/><D116/><U135/><E71/><V57/><F125/><W28/><G28/><T109/><D134/><U47/><E68/><V64/><F30/><W77/><G77/><T93/><D36/><U119/><E135/><V115/><F126/><W90/><AGARI ba="0,1" hai="9,13,17,26,29,33,53,55,75,78,80,90,95,96" machi="90" ten="20,5200,0" yaku="1,1,0,1,7,1,52,1,53,0" doraHai="79" doraHaiUra="114" who="3" fromWho="3" sc="234,-13,218,-13,304,-26,234,62" /><INIT seed="3,0,0,1,4,58" ten="221,205,278,296" oya="3" hai0="9,95,104,78,69,32,130,4,71,38,107,60,84" hai1="76,63,72,35,74,39,62,102,88,52,15,97,73" hai2="115,128,120,40,105,36,79,59,34,21,66,27,37" hai3="119,94,134,33,30,47,1,14,131,11,122,3,45"/><W85/><G119/><T93/><D32/><U61/><E35/><V113/><F105/><W12/><G122/><T112/><D38/><U10/><E39/><V28/><F120/><W55/><G30/><T65/><D130/><U56/><E76/><V50/><F128/><W41/><G33/><T2/><D71/><U100/><E88/><V109/><F109/><W29/><G29/><T7/><D7/><U64/><E64/><V42/><F34/><W87/><G131/><T48/><D112/><U132/><E132/><V103/><F79/><W127/><G55/><T111/><D111/><U51/><REACH who="1" step="1"/><E97/><REACH who="1" ten="221,195,278,296" step="2"/><V89/><F36/><W26/><G134/><T23/><D78/><U77/><E77/><V5/><F37/><W67/><G67/><T13/><D48/><U82/><E82/><V46/><F89/><W75/><G87/><T124/><D124/><U86/><E86/><V44/><F115/><W133/><G85/><T81/><D81/><U114/><E114/><V20/><F113/><W118/><G127/><T68/><D68/><U80/><E80/><V0/><F66/><W17/><G133/><T31/><D84/><U92/><E92/><V16/><F28/><W24/><G94/><N who="0" m="35851" /><D31/><U121/><E121/><V126/><F126/><W129/><G129/><T70/><D70/><U83/><E83/><V22/><F40/><W101/><G41/><T96/><D96/><U43/><E43/><V6/><F42/><W110/><G110/><T49/><D49/><U116/><E116/><V91/><F50/><W25/><G118/><T125/><D125/><U8/><E8/><RYUUKYOKU ba="0,1" sc="221,15,195,15,278,-15,296,-15" hai0="2,4,9,13,23,60,65,69,104,107" hai1="10,15,51,52,56,61,62,63,72,73,74,100,102" /><INIT seed="4,1,1,4,3,24" ten="236,210,263,281" oya="0" hai0="65,109,40,116,68,66,131,98,132,3,21,126,15" hai1="57,67,88,59,17,22,133,28,26,30,34,8,46" hai2="12,95,119,111,53,117,70,13,115,83,63,69,16" hai3="86,44,93,72,39,124,23,103,112,100,84,85,94"/><T81/><D116/><N who="2" m="44618" /><F111/><W101/><G112/><T102/><D109/><U77/><E133/><V60/><F115/><W96/><G72/><T134/><D3/><U45/><E77/><V123/><F123/><W43/><G124/><T11/><D131/><U97/><E34/><V90/><F83/><W125/><G125/><T18/><D40/><U110/><E110/><V56/><F60/><W128/><G128/><T31/><D81/><U52/><E67/><V7/><F7/><W73/><G73/><T50/><D50/><N who="1" m="30871" /><E59/><V19/><F12/><W75/><G75/><T78/><D78/><U33/><E33/><V37/><F37/><W6/><G6/><T49/><D49/><U20/><E8/><N who="2" m="6183" /><F19/><W135/><G135/><N who="0" m="51755" /><D68/><U14/><E30/><V114/><F114/><W9/><G9/><T51/><D51/><U41/><E41/><V106/><F106/><W121/><G121/><T55/><D55/><U87/><E97/><AGARI ba="1,1" hai="53,56,63,69,70,90,95,97" m="6183,44618" machi="97" ten="30,2000,0" yaku="12,1,54,1" doraHai="24" who="2" fromWho="1" sc="236,0,210,-23,263,33,281,0" /><INIT seed="5,0,0,0,4,105" ten="236,187,296,281" oya="1" hai0="73,107,36,104,125,24,89,7,70,34,81,130,2" hai1="23,6,63,4,10,115,126,45,121,117,40,5,58" hai2="13,96,111,9,50,44,80,85,100,75,68,108,31" hai3="62,76,124,16,27,103,49,32,52,101,42,39,72"/><U97/><E117/><V84/><F68/><W77/><G72/><T38/><D70/><U113/><E121/><V131/><F31/><W109/><G109/><T88/><D125/><U132/><E126/><V122/><F122/><W98/><G39/><T71/><D71/><U64/><E132/><V54/><F75/><W95/><G32/><T33/><D130/><U91/><E23/><V116/><F131/><W19/><G124/><T127/><D127/><U29/><E29/><V87/><F116/><W26/><G42/><T93/><D33/><U56/><E56/><V82/><F111/><W8/><G62/><T41/><D41/><U47/><E10/><V14/><F14/><N who="3" m="7239" /><G103/><T106/><D7/><U102/><E91/><V135/><F135/><W129/><G129/><T99/><D2/><U110/><E110/><V133/><F133/><W21/><G27/><T28/><REACH who="0" step="1"/><D89/><REACH who="0" ten="226,187,296,281" step="2"/><U79/><E79/><AGARI ba="0,1" hai="24,28,34,36,38,73,79,81,88,93,99,104,106,107" machi="79" ten="40,12000,2" yaku="1,1,2,1,52,1,54,1,53,2" doraHai="105" doraHaiUra="69" who="0" fromWho="1" sc="226,130,187,-120,296,0,281,0" owari="356,45.6,67,-43.3,296,9.6,281,-11.9" /></mjloggm>