<mjloggm ver="2.3"><GO type="225" lobby="0"/><UN n0="%E8%81%B7%E6%A5%AD%E3%80%81%E9%A2%A8%32" n1="%E6%97%A5%E6%9B%9C%E6%97%A5%E3%82%88%E3%82%8A%E3%81%AE%E4%BD%BF%E8%80%85" n2="%4B%2E%32%2E%4B%2E" n3="%E9%B3%B3%E6%9D%B1%E3%81%AE%E3%81%86%E3%81%95%E3%81%8E%E3%81%95%E3%82%93" dan="16,18,16,17" rate="2171.51,2150.21,2100.62,2248.10" sx="M,M,M,M"/><TAIKYOKU oya="0"/><INIT seed="0,0,0,5,1,10" ten="250,250,250,250" oya="0" hai0="55,93,111,40,34,14,20,51,63,107,114,121,30" hai1="81,120,128,52,57,77,41,92,68,54,7,125,48" hai2="109,70,60,28,16,79,25,130,50,83,87,110,132" hai3="91,32,39,100,106,122,66,58,3,119,112,133,82"/><T59/><D114/><U33/><E120/><V17/><F130/><W38/><G32/><T1/><D107/><U6/><E68/><V67/><F132/><W85/><G3/><T36/><D1/><U95/><E33/><V64/><F64/><W124/><G112/><T49/><D121/><U37/><E128/><V99/><F99/><W113/><G113/><T108/><D36/><U42/><E37/><V29/><F29/><W86/><G122/><T72/><D72/><U22/><E125/><V105/><F105/><W15/><G119/><T11/><D34/><U126/><E126/><V2/><F2/><W104/><G104/><T65/><D93/><U47/><E22/><N who="2" m="15415" /><F50/><W18/><G133/><T0/><D0/><U71/><E71/><V74/><F74/><W12/><G124/><T8/><D40/><U118/><E42/><V5/><F5/><N who="1" m="1545" /><E41/><V56/><F70/><W9/><G106/><T61/><D51/><N who="1" m="30879" /><E118/><V73/><F73/><W69/><G69/><T102/><D102/><U84/><AGARI ba="0,0" hai="47,48,54,77,81,84,92,95" m="30879,1545" machi="84" ten="30,2000,0" yaku="8,1,54,1" doraHai="10" who="1" fromWho="1" sc="250,-10,250,20,250,-5,250,-5" /><INIT seed="1,0,0,0,1,76" ten="240,270,245,245" oya="1" hai0="103,26,124,110,28,48,72,44,25,135,78,133,97" hai1="14,107,90,24,117,11,41,33,22,127,84,1,5" hai2="112,74,45,80,92,82,63,77,37,115,108,39,83" hai3="69,20,36,68,46,13,116,67,32,15,129,56,3"/><U75/><E117/><V30/><F108/><W21/><G32/><T104/><D110/><U61/><E127/><V105/><F105/><W0/><G116/><T94/><D124/><U54/><E107/><V123/><F123/><W109/><G109/><T91/><D78/><U65/><E75/><V58/><F30/><W114/><G114/><N who="2" m="43561" /><F92/><W16/><G129/><T96/><D72/><U101/><E101/><V113/><F113/><W126/><G126/><T93/><D104/><U70/><E41/><N who="2" m="22703" /><F39/><W8/><G36/><T85/><D97/><U23/><E1/><V111/><F111/><W125/><G46/><T9/><D9/><U79/><E79/><V120/><F120/><W118/><G118/><T87/><D87/><U88/><E90/><V31/><F31/><W64/><G125/><T4/><D4/><U29/><REACH who="1" step="1"/><E54/><AGARI ba="0,0" hai="54,58,63,74,77,80,82,83" m="22703,43561" machi="54" ten="30,7700,0" yaku="11,1,52,3" doraHai="76" who="2" fromWho="1" sc="240,0,270,-77,245,77,245,0" /><INIT seed="2,0,0,5,1,127" ten="240,193,322,245" oya="2" hai0="24,120,86,14,19,96,77,40,13,90,70,101,23" hai1="39,94,43,44,128,17,85,115,45,56,74,26,47" hai2="37,38,33,106,58,121,114,119,53,130,112,89,82" hai3="67,51,95,122,125,59,48,31,100,126,73,135,18"/><V15/><F119/><W30/><G122/><T55/><D70/><U133/><E74/><V22/><F121/><W28/><G73/><T110/><D110/><U0/><E0/><V29/><F33/><W9/><G135/><T108/><D108/><U69/><E69/><V34/><F106/><W131/><G67/><T66/><D120/><U21/><E115/><V83/><F34/><W42/><G59/><T80/><D66/><U109/><E109/><V36/><F89/><W98/><G42/><T118/><D118/><U91/><E133/><V99/><F99/><W78/><G78/><T64/><D64/><U72/><E72/><V62/><F83/><W7/><G18/><T16/><D40/><U104/><E104/><V63/><F63/><W11/><G11/><T129/><D129/><U41/><E128/><V84/><F130/><W76/><G76/><T2/><D2/><U27/><E39/><V68/><F68/><W113/><G113/><T1/><D1/><U81/><E27/><V123/><F123/><W46/><G131/><T87/><D55/><U8/><E8/><V71/><F71/><W116/><G116/><T60/><D60/><U134/><E134/><V107/><F107/><W3/><G46/><T111/><D111/><U49/><REACH who="1" step="1"/><E81/><REACH who="1" ten="240,183,322,245" step="2"/><V117/><F117/><W52/><G125/><T20/><D24/><U105/><E105/><V93/><F112/><W6/><G126/><T65/><D80/><U124/><E124/><V132/><F114/><W79/><G3/><T35/><D65/><U25/><E25/><N who="2" m="16567" /><F132/><W88/><G9/><T12/><D12/><RYUUKYOKU ba="0,1" sc="240,-10,183,30,322,-10,245,-10" hai1="17,21,26,41,43,44,45,47,49,56,85,91,94" /><INIT seed="3,1,1,4,4,35" ten="230,213,312,235" oya="3" hai0="69,28,115,46,15,37,61,68,98,14,25,8,33" hai1="73,130,16,32,64,27,95,101,127,17,103,88,110" hai2="67,91,122,47,93,53,135,18,99,102,100,2,74" hai3="44,87,76,106,65,86,48,121,20,72,42,80,3"/><W21/><G121/><T10/><D115/><U57/><E73/><V105/><F74/><W90/><G3/><T19/><D98/><N who="1" m="57703" /><E32/><V126/><F2/><W9/><G106/><T13/><D13/><U59/><E110/><V129/><F122/><W75/><G65/><T131/><D131/><U1/><E1/><V77/><F129/><W117/><G117/><T107/><D107/><U24/><E130/><V58/><F77/><W4/><G75/><T104/><D104/><U92/><E127/><V62/><F135/><W108/><G108/><T119/><D119/><U132/><E132/><V81/><F81/><N who="3" m="47399" /><G72/><T85/><D85/><U120/><E120/><V89/><F126/><W96/><G96/><T112/><D112/><U49/><E49/><N who="2" m="28863" /><F105/><W23/><G9/><T52/><D37/><U111/><E111/><V128/><F128/><W0/><G0/><T79/><D79/><U34/><E34/><V84/><F18/><N who="1" m="7273" /><E64/><V26/><F26/><N who="1" m="9769" /><E92/><N who="2" m="54311" /><F102/><AGARI ba="1,1" hai="57,59,101,102,103" m="9769,7273,57703" machi="102" ten="30,3900,0" yaku="8,1,54,2" doraHai="35" who="1" fromWho="2" sc="230,0,213,52,312,-42,235,0" /><INIT seed="4,0,0,1,0,39" ten="230,265,270,235" oya="0" hai0="100,23,117,37,99,87,22,94,43,4,104,69,80" hai1="133,92,47,76,48,116,51,110,45,90,131,53,78" hai2="109,59,86,52,68,77,103,65,64,89,31,61,74" hai3="13,34,21,75,112,79,40,20,127,19,125,6,18"/><T120/><D117/><U58/><E116/><V2/><F2/><W71/><G71/><T33/><D120/><U25/><E110/><V85/><F109/><W129/><G75/><T27/><D69/><U5/><E131/><V81/><F103/><W8/><G79/><T14/><D33/><U70/><E70/><V41/><F41/><W42/><G34/><T66/><D66/><U62/><E133/><V50/><F65/><W0/><G129/><T35/><D35/><U130/><E5/><V3/><F3/><W11/><G112/><T105/><D43/><N who="3" m="16425" /><G18/><T124/><D37/><U123/><E78/><V128/><F128/><W44/><G44/><T98/><D124/><AGARI ba="0,0" hai="0,6,8,11,13,19,20,21,124,125,127" m="16425" machi="124" ten="30,7700,0" yaku="18,1,52,3" doraHai="39" who="3" fromWho="0" sc="230,-77,265,0,270,0,235,77" owari="153,-34.7,265,-13.5,270,7.0,312,41.2" /></mjloggm>