<mjloggm ver="2.3"><GO type="225" lobby="0"/><UN n0="%6D%75%75%6D%75%72%61" n1="%E3%81%BF%E3%81%BF%E3%81%9A" n2="%72%65%6E%6B%75%6E" n3="%E8%B6%85%E7%B4%9A%E9%B3%B3%E5%87%B0" dan="16,16,17,16" rate="2079.59,2186.26,2223.35,2153.63" sx="F,M,M,M"/><TAIKYOKU oya="0"/><INIT seed="0,0,0,2,4,93" ten="250,250,250,250" oya="0" hai0="65,132,85,120,55,78,48,56,96,0,20,71,34" hai1="6,52,64,7,61,1,91,135,133,77,12,90,108" hai2="117,51,37,97,66,116,36,53,47,124,94,10,49" hai3="118,114,99,89,74,33,14,62,59,79,113,105,86"/><T63/><D120/><U70/><E108/><V83/><F124/><W24/><G118/><N who="2" m="45673" /><F66/><W104/><G74/><T29/><D132/><N who="1" m="50763" /><E1/><V5/><F83/><W43/><G14/><T121/><D121/><U44/><E77/><V35/><F49/><W23/><G33/><T46/><D0/><U30/><E30/><V73/><F35/><W21/><G43/><T58/><D34/><U27/><E27/><V9/><F73/><W103/><G79/><T41/><D85/><U130/><E130/><V45/><F45/><W2/><G2/><T126/><D126/><U25/><E25/><V84/><F84/><W81/><BYE who="1" /><G105/><T92/><D78/><U50/><E50/><UN n1="%E3%81%BF%E3%81%BF%E3%81%9A" /><V38/><F5/><N who="1" m="1545" /><E12/><V76/><F76/><W101/><G101/><AGARI ba="0,0" hai="9,10,36,37,38,47,51,53,94,97,101" m="45673" machi="101" ten="40,2600,0" yaku="12,1,52,1" doraHai="93" who="2" fromWho="3" sc="250,0,250,0,250,26,250,-26" /><INIT seed="1,0,0,5,3,86" ten="250,250,276,224" oya="1" hai0="30,102,129,122,58,37,121,62,69,120,2,65,1" hai1="29,108,131,114,71,63,3,53,68,87,8,128,85" hai2="15,41,94,105,66,77,44,6,4,104,25,17,111" hai3="64,93,26,84,57,130,79,82,89,12,67,100,21"/><U91/><E91/><V24/><BYE who="1" /><F111/><UN n1="%E3%81%BF%E3%81%BF%E3%81%9A" /><W38/><G38/><T16/><D129/><N who="1" m="49739" /><E114/><V113/><F113/><W117/><G130/><T125/><D30/><U45/><E29/><V76/><F66/><W98/><G117/><T56/><D37/><U97/><E97/><V103/><F94/><W133/><G133/><T11/><D125/><U90/><E108/><V134/><F104/><W116/><G116/><T47/><D102/><U55/><E87/><V27/><F105/><W28/><G57/><N who="0" m="22123" /><D47/><U83/><E63/><V22/><F103/><W123/><G123/><T132/><D132/><U5/><E45/><V18/><F134/><W31/><G31/><T126/><D126/><U33/><E33/><V23/><F77/><W81/><REACH who="3" step="1"/><G12/><AGARI ba="0,0" hai="1,2,11,12,16,62,65,69,120,121,122" m="22123" machi="12" ten="40,2600,0" yaku="13,1,54,1" doraHai="86" who="0" fromWho="3" sc="250,26,250,0,276,0,224,-26" /><BYE who="1" /><INIT seed="2,0,0,3,2,99" ten="276,250,276,198" oya="2" hai0="78,109,6,14,112,46,59,30,126,38,124,44,72" hai1="43,125,81,13,36,73,76,10,1,104,15,37,26" hai2="82,7,133,107,121,134,20,123,49,98,27,87,115" hai3="42,128,2,19,79,16,106,55,22,58,113,95,100"/><V88/><F7/><UN n1="%E3%81%BF%E3%81%BF%E3%81%9A" /><W17/><G2/><T77/><D112/><U24/><E125/><N who="0" m="48233" /><D109/><U31/><E104/><V65/><F65/><W75/><G113/><T70/><D70/><U12/><E24/><V80/><F115/><W119/><G119/><T63/><D30/><U94/><E94/><N who="2" m="54559" /><F49/><W96/><G128/><T11/><D72/><U8/><E1/><V83/><F20/><W117/><G117/><T53/><D46/><U66/><E66/><V18/><F18/><W132/><G132/><N who="2" m="50793" /><F27/><W74/><G42/><AGARI ba="0,0" hai="6,11,14,38,42,44,53,59,63,77,78" m="48233" machi="42" ten="30,1000,0" yaku="18,1" doraHai="99" who="0" fromWho="3" sc="276,10,250,0,276,0,198,-10" /><INIT seed="3,0,0,0,0,24" ten="286,250,276,188" oya="3" hai0="42,100,2,96,62,87,106,134,37,28,34,78,115" hai1="26,130,27,13,31,132,118,45,10,72,12,101,135" hai2="120,22,77,103,76,18,30,5,89,7,102,39,1" hai3="16,83,33,23,48,121,113,92,68,86,126,127,116"/><W85/><G113/><T73/><D73/><U4/><E72/><V90/><F39/><W80/><G116/><T35/><D2/><U94/><E101/><N who="2" m="38411" /><F1/><W111/><G121/><T20/><D134/><N who="1" m="51243" /><E94/><V75/><F75/><W125/><G33/><T56/><D115/><U53/><E45/><V50/><F50/><W64/><G111/><T29/><D42/><U104/><E53/><V41/><F41/><W63/><G48/><T6/><D6/><N who="2" m="2058" /><F30/><W105/><G105/><T133/><D37/><U112/><E104/><V15/><F120/><W97/><G97/><T19/><D133/><U129/><E26/><V52/><F52/><W55/><G55/><T21/><D35/><N who="1" m="20991" /><E112/><V17/><F17/><W38/><G38/><T88/><D34/><U14/><E118/><V98/><F98/><W49/><G49/><T60/><D60/><U9/><E9/><V51/><F51/><W128/><G128/><AGARI ba="0,0" hai="4,10,12,13,14,128,129,130" m="20991,51243" machi="128" ten="30,8000,1" yaku="19,1,20,1,34,2,52,1" doraHai="24" who="1" fromWho="3" sc="286,0,250,80,276,0,188,-80" owari="286,8.6,330,43.0,276,-12.4,108,-39.2" /></mjloggm>