<mjloggm ver="2.3"><GO type="225" lobby="0"/><UN n0="%E3%82%BC%E3%83%AB%E3%83%80%E3%81%AE%E4%BC%9D%E8%AA%AC" n1="%45%6C%79%73%69%75%6D" n2="%63%68%78%62%64" n3="%6D%75%75%6D%75%72%61" dan="17,17,16,17" rate="2245.31,2114.57,2132.45,2151.10" sx="M,F,M,F"/><TAIKYOKU oya="0"/><INIT seed="0,0,0,2,4,7" ten="250,250,250,250" oya="0" hai0="93,51,89,120,101,71,112,53,60,100,73,57,48" hai1="75,127,122,45,59,83,24,11,96,77,117,131,95" hai2="119,107,108,128,42,22,58,118,4,106,134,86,98" hai3="126,91,110,79,135,14,10,67,80,41,25,85,13"/><T63/><D112/><U15/><E122/><V33/><F108/><W18/><G110/><T47/><D73/><U88/><E117/><N who="2" m="44555" /><F33/><W16/><G126/><T65/><D120/><U35/><E127/><V64/><F42/><W2/><G135/><T103/><REACH who="0" step="1"/><D47/><REACH who="0" ten="240,250,250,250" step="2"/><U20/><E45/><V21/><F134/><W61/><G41/><T115/><D115/><U84/><E131/><V94/><F128/><W125/><G125/><T6/><D6/><U66/><E35/><V56/><F4/><W99/><G2/><T44/><D44/><U49/><E75/><V109/><F109/><W3/><G3/><T9/><D9/><U82/><E82/><V69/><F21/><N who="3" m="11407" /><G25/><T90/><D90/><U19/><E59/><V40/><F22/><W81/><G81/><T104/><D104/><U5/><E49/><V92/><F58/><N who="3" m="37303" /><G99/><AGARI ba="0,1" hai="48,51,53,57,60,63,65,71,89,93,99,100,101,103" machi="99" ten="40,2000,0" yaku="1,1,53,0" doraHai="7" doraHaiUra="111" who="0" fromWho="3" sc="240,30,250,0,250,0,250,-20" /><INIT seed="0,1,0,3,0,110" ten="270,250,250,230" oya="0" hai0="132,11,25,77,75,14,8,112,98,102,101,127,89" hai1="22,90,69,47,40,58,96,133,57,54,120,17,99" hai2="24,104,18,46,134,55,34,115,63,83,107,71,39" hai3="82,56,126,1,13,103,116,44,118,41,67,78,108"/><T27/><D112/><U80/><E120/><V121/><F115/><W60/><G1/><T0/><D127/><U45/><E69/><V73/><F134/><W113/><G126/><T130/><D132/><U124/><E133/><V86/><F73/><W88/><G113/><T85/><D130/><U37/><E124/><V26/><F121/><W66/><G108/><T42/><D0/><U29/><E29/><V79/><F26/><W109/><G109/><T128/><D128/><U48/><E96/><V10/><F34/><W62/><G103/><T93/><D75/><U43/><E43/><V7/><F39/><W15/><G78/><T94/><D42/><U61/><E61/><V74/><F18/><W111/><G111/><T50/><D50/><U131/><E131/><V70/><F24/><N who="0" m="9290" /><D77/><U119/><E119/><V87/><F104/><W49/><G116/><T81/><D14/><U31/><E31/><V32/><F107/><W65/><G118/><T72/><D72/><U52/><E37/><V123/><F123/><W38/><G38/><T30/><D30/><U95/><E40/><V12/><F32/><W5/><G13/><T21/><D21/><U68/><E68/><V59/><F46/><W53/><G62/><T125/><D125/><U20/><E45/><V84/><AGARI ba="1,0" hai="7,10,12,55,59,63,70,71,74,79,83,84,86,87" machi="84" ten="30,1100,0" yaku="0,1" doraHai="110" who="2" fromWho="2" sc="270,-6,250,-4,250,14,230,-4" /><INIT seed="1,0,0,1,0,83" ten="264,246,264,226" oya="1" hai0="104,61,130,78,57,103,95,34,22,129,13,90,135" hai1="76,124,133,110,105,86,37,55,50,123,92,74,28" hai2="101,93,71,80,108,117,119,1,32,75,98,4,56" hai3="68,31,107,94,62,59,42,113,65,132,109,115,0"/><U18/><E123/><V49/><F108/><W87/><G107/><T41/><D34/><U35/><E37/><V46/><F32/><W40/><G109/><T77/><D135/><U53/><E110/><V89/><F71/><W14/><G132/><T114/><D114/><U29/><E105/><V118/><F56/><W72/><G72/><T8/><D22/><U9/><E133/><V54/><F4/><W97/><G0/><T44/><D104/><U69/><E69/><V17/><F17/><W128/><G128/><N who="0" m="49259" /><D103/><U12/><E124/><V51/><F1/><W131/><G131/><T33/><D33/><U112/><E112/><V11/><F11/><W30/><G68/><T23/><D23/><U67/><E67/><V99/><F51/><W125/><G125/><T16/><D57/><N who="1" m="32951" /><E35/><V120/><F120/><W122/><G122/><T27/><D27/><U19/><E74/><V2/><F2/><W79/><G14/><T20/><D61/><U64/><E18/><V91/><F99/><W96/><G113/><T47/><D20/><U88/><E64/><V25/><F25/><W5/><G97/><N who="0" m="57591" /><D47/><U100/><E100/><V39/><F39/><AGARI ba="0,0" hai="8,13,16,39,41,44,77,78" m="57591,49259" machi="39" ten="30,2000,0" yaku="19,1,54,1" doraHai="83" who="0" fromWho="2" sc="264,20,246,0,264,-20,226,0" /><INIT seed="2,0,0,4,5,98" ten="284,246,244,226" oya="2" hai0="119,55,16,87,57,96,7,115,99,58,9,0,42" hai1="121,72,39,133,129,107,76,122,88,102,63,1,2" hai2="48,125,111,86,49,110,105,59,85,128,83,64,6" hai3="95,8,62,109,27,50,51,103,126,11,130,127,81"/><V5/><F105/><W53/><G109/><N who="2" m="41481" /><F128/><W46/><G130/><T65/><D115/><U61/><E129/><V43/><F125/><N who="3" m="47627" /><G81/><T135/><D135/><U25/><E133/><V26/><F26/><W32/><G62/><N who="1" m="23562" /><E25/><V79/><F64/><W38/><G38/><T24/><D65/><U91/><E39/><V93/><F49/><W13/><G50/><T45/><D119/><U40/><E40/><V15/><F15/><W35/><G27/><T75/><D42/><U33/><E33/><N who="3" m="12874" /><G13/><T113/><D24/><U19/><E72/><V114/><F114/><W78/><G78/><T18/><D75/><U20/><E76/><V23/><F23/><W54/><G54/><T101/><D55/><U10/><E1/><V80/><F93/><W21/><G21/><T104/><D113/><U112/><E20/><V66/><F66/><W71/><G71/><T70/><D70/><U84/><E112/><V56/><F56/><W28/><G28/><T36/><D57/><U4/><E2/><V44/><F59/><W31/><G31/><T3/><D58/><U116/><E116/><V67/><F67/><W52/><G53/><T131/><D131/><U97/><E107/><V123/><F123/><W37/><G37/><T108/><D108/><U22/><E121/><V60/><F60/><W94/><G94/><T14/><D3/><N who="1" m="287" /><E122/><V69/><F69/><W17/><G17/><T41/><D18/><U68/><E68/><V34/><F34/><W77/><G77/><AGARI ba="0,0" hai="5,6,43,44,48,77,79,80,83,85,86" m="41481" machi="77" ten="30,2900,0" yaku="14,1,10,1" doraHai="98" who="2" fromWho="3" sc="284,0,246,0,244,29,226,-29" /><INIT seed="2,1,0,0,1,17" ten="284,246,273,197" oya="2" hai0="5,94,46,13,24,100,40,2,30,124,58,64,87" hai1="82,39,15,27,47,3,44,106,84,6,62,132,114" hai2="108,127,133,34,71,59,60,112,95,32,135,98,115" hai3="110,88,31,65,80,125,14,85,29,89,33,91,35"/><V81/><F71/><W10/><G110/><T55/><D124/><U102/><E114/><V119/><F127/><W68/><G125/><T28/><D2/><U83/><E132/><N who="2" m="50763" /><F119/><W93/><G68/><T120/><D120/><U57/><E3/><V42/><F42/><W54/><G65/><T69/><D69/><U25/><E102/><N who="2" m="60767" /><F81/><W111/><G111/><T21/><D64/><U26/><E39/><V123/><F123/><W61/><G61/><T23/><D46/><N who="1" m="17451" /><E84/><V107/><F107/><W0/><G0/><T12/><D40/><U109/><E106/><V90/><F90/><W96/><G54/><T77/><D100/><U134/><E134/><V52/><F108/><W76/><G35/><AGARI ba="1,0" hai="32,34,35,52,59,60,112,115" m="60767,50763" machi="35" ten="30,2900,0" yaku="20,1,54,1" doraHai="17" who="2" fromWho="3" sc="284,0,246,0,273,32,197,-32" /><INIT seed="2,2,0,0,0,82" ten="284,246,305,165" oya="2" hai0="17,104,49,116,118,63,119,78,9,108,129,4,70" hai1="90,83,34,53,38,99,62,109,61,96,93,123,41" hai2="98,37,47,72,87,25,3,121,135,30,15,124,14" hai3="18,106,86,43,40,79,11,68,50,19,125,71,26"/><V110/><F72/><W58/><G106/><T115/><D115/><U114/><E114/><V32/><F121/><W95/><G125/><T76/><D108/><U13/><E123/><V29/><F110/><W23/><G71/><T69/><D129/><U42/><E34/><V16/><F124/><W94/><G68/><N who="0" m="26219" /><D104/><U112/><E112/><V67/><F3/><W31/><G94/><T21/><D63/><U59/><E109/><V91/><F67/><W20/><G11/><T105/><D49/><U74/><E61/><V134/><F15/><W85/><G79/><T81/><D105/><U111/><E111/><V107/><F30/><W28/><G95/><T46/><D46/><U27/><E38/><V55/><F98/><W77/><G77/><T12/><D81/><U8/><E99/><V126/><F107/><W132/><G132/><N who="2" m="50729" /><F126/><W120/><G120/><T2/><AGARI ba="2,0" hai="2,4,9,12,17,21,76,78,116,118,119" m="26219" machi="2" ten="40,1500,0" yaku="12,1" doraHai="82" who="0" fromWho="0" sc="284,21,246,-6,305,-9,165,-6" /><INIT seed="3,0,0,3,1,116" ten="305,240,296,159" oya="3" hai0="104,101,44,125,86,9,47,65,7,33,16,14,54" hai1="12,128,61,25,32,41,99,29,26,27,15,50,77" hai2="58,92,114,31,107,75,111,73,133,74,13,36,2" hai3="127,48,100,23,98,40,126,135,78,0,5,95,60"/><W119/><G119/><T108/><D33/><U85/><E128/><V94/><F114/><W117/><G117/><T124/><D108/><U11/><E61/><V67/><F2/><W122/><G135/><T123/><D123/><U19/><E99/><V39/><F107/><W120/><G78/><T84/><D65/><U22/><E85/><N who="0" m="32873" /><D54/><U43/><E77/><V56/><F133/><W76/><G76/><T109/><D109/><U96/><E96/><V24/><F13/><W3/><G60/><T121/><D121/><U80/><E80/><V97/><F67/><W59/><G23/><N who="0" m="11671" /><D101/><U113/><E113/><V105/><F105/><W83/><G83/><T132/><D104/><U38/><E38/><N who="2" m="14379" /><F97/><W37/><G37/><T30/><D30/><U46/><E41/><V20/><F31/><W112/><G112/><T79/><D79/><U82/><E82/><V131/><F20/><W49/><G0/><T93/><D93/><N who="2" m="35946" /><F111/><W102/><G102/><T81/><D81/><U110/><E110/><V10/><F10/><N who="3" m="2367" /><G59/><N who="2" m="22569" /><F24/><W35/><G35/><T53/><D132/><U88/><E88/><V34/><F34/><W103/><G103/><T63/><D63/><U55/><E43/><V21/><F21/><W8/><G8/><T66/><D66/><U106/><E106/><V90/><F90/><W51/><G40/><T4/><D4/><AGARI ba="0,0" hai="4,11,12,15,19,22,25,26,27,29,32,46,50,55" machi="4" ten="30,1000,0" yaku="7,1" doraHai="116" who="1" fromWho="0" sc="305,-10,240,10,296,0,159,0" /><INIT seed="4,0,0,1,5,99" ten="295,250,296,159" oya="0" hai0="29,119,45,77,39,73,26,103,93,98,91,118,41" hai1="135,109,90,60,32,92,23,67,66,89,37,28,64" hai2="110,24,44,123,134,76,102,11,49,50,129,128,75" hai3="130,87,100,62,126,52,17,55,40,30,121,70,132"/><T74/><D91/><U13/><E109/><V48/><F123/><W124/><G121/><T33/><REACH who="0" step="1"/><D77/><REACH who="0" ten="285,250,296,159" step="2"/><U63/><E90/><V22/><F110/><W117/><G117/><AGARI ba="0,1" hai="26,29,33,39,41,45,73,74,93,98,103,117,118,119" machi="117" ten="40,7700,0" yaku="1,1,2,1,52,1,53,0" doraHai="99" doraHaiUra="5" who="0" fromWho="3" sc="285,87,250,0,296,0,159,-77" owari="372,47.2,250,-15.0,296,9.6,82,-41.8" /></mjloggm>