<mjloggm ver="2.3"><GO type="225" lobby="0"/><UN n0="%E3%80%93%E3%81%97%E3%83%BC%E3%82%89%E3%80%93" n1="%E3%81%B5%E3%81%98%E3%81%8B%E3%81%A4" n2="%E7%B4%94%E6%BD%94%E3%83%94%E3%83%A9%E3%83%8B%E3%82%A2" n3="%E3%81%8B%E3%82%8F%E3%81%A1%E3%82%83%E3%82%93%35%38" dan="16,16,16,16" rate="2093.04,2158.63,2179.14,2149.46" sx="M,M,M,M"/><TAIKYOKU oya="0"/><INIT seed="0,0,0,0,1,31" ten="250,250,250,250" oya="0" hai0="2,16,130,110,70,61,89,59,121,101,69,67,38" hai1="126,1,81,104,18,91,99,29,75,65,15,132,30" hai2="72,20,47,107,28,82,97,24,73,131,88,27,127" hai3="64,9,26,6,111,94,108,77,113,71,12,45,76"/><T11/><D121/><U56/><E126/><V19/><F127/><W10/><G113/><T4/><D38/><U90/><E132/><V98/><F131/><W118/><G118/><T49/><D130/><U63/><E1/><V79/><F73/><W32/><G71/><T58/><D110/><N who="3" m="42025" /><G64/><T40/><D101/><U22/><E104/><V114/><F114/><W36/><G94/><T37/><D37/><U42/><E42/><V50/><F107/><W86/><G86/><T83/><D83/><U93/><E75/><V7/><F7/><W135/><G135/><T46/><D89/><U78/><E78/><V96/><F88/><N who="1" m="33833" /><E81/><V51/><REACH who="2" step="1"/><F47/><REACH who="2" ten="250,250,240,250" step="2"/><W112/><G45/><T5/><D5/><U33/><E33/><AGARI ba="0,1" hai="19,20,24,27,28,33,50,51,72,79,82,96,97,98" machi="33" ten="40,5200,0" yaku="1,1,2,1,52,1,53,0" doraHai="31" doraHaiUra="134" who="2" fromWho="1" sc="250,0,250,-52,240,62,250,0" /><INIT seed="1,0,0,1,1,76" ten="250,198,302,250" oya="1" hai0="88,61,34,64,132,91,89,5,85,110,49,113,11" hai1="92,109,108,13,21,52,41,127,115,29,33,30,53" hai2="56,129,72,133,69,65,98,1,95,90,23,10,17" hai3="86,135,99,32,4,71,83,134,12,15,42,122,87"/><U112/><E92/><V104/><F72/><W107/><G71/><T93/><D34/><U130/><E41/><V60/><F129/><W100/><G122/><T2/><D113/><N who="1" m="43595" /><E130/><V94/><F133/><N who="3" m="50699" /><G32/><T28/><D28/><N who="1" m="10859" /><E127/><V45/><F104/><W37/><G4/><T124/><D124/><U103/><E33/><V40/><F1/><W38/><G86/><T47/><D132/><U31/><E103/><V97/><F10/><W63/><G63/><T51/><D110/><N who="1" m="42603" /><E31/><V102/><F40/><W66/><G66/><T46/><D51/><U73/><E73/><V77/><F45/><N who="3" m="23759" /><G38/><T39/><D39/><U114/><N who="1" m="43603" /><U79/><DORA hai="116" /><E79/><AGARI ba="0,0" hai="12,15,79,83,87,99,100,107" m="23759,50699" machi="79" ten="30,2000,0" yaku="20,1,52,1" doraHai="76,116" who="3" fromWho="1" sc="250,0,198,-20,302,0,250,20" /><INIT seed="2,0,0,4,2,80" ten="250,178,302,270" oya="2" hai0="102,43,89,52,106,71,50,129,93,65,104,135,103" hai1="123,22,130,131,59,20,4,66,119,124,82,36,57" hai2="120,56,97,33,84,114,79,3,48,108,117,9,10" hai3="134,26,62,70,127,13,115,88,109,12,113,31,76"/><V7/><F114/><N who="3" m="43531" /><G76/><T15/><D135/><U94/><E119/><V85/><F117/><W23/><G70/><T121/><D121/><U112/><E36/><V98/><F120/><W40/><G40/><T90/><D129/><N who="1" m="49163" /><E123/><V17/><F33/><W86/><G134/><T58/><D43/><U41/><E112/><V1/><F79/><W72/><G72/><T81/><D106/><U32/><E32/><V96/><F108/><W125/><G62/><N who="0" m="38103" /><D104/><U110/><E110/><V133/><F133/><W64/><G64/><T27/><D71/><U54/><E41/><V68/><F68/><W19/><G109/><T24/><D15/><N who="3" m="5705" /><G31/><T44/><D81/><AGARI ba="0,0" hai="19,23,26,81,86,88,125,127" m="5705,43531" machi="81" ten="30,3900,0" yaku="11,1,52,1,54,1" doraHai="80" who="3" fromWho="0" sc="250,-39,178,0,302,0,270,39" /><INIT seed="3,0,0,1,0,19" ten="211,178,302,309" oya="3" hai0="81,130,25,111,85,89,72,80,82,127,8,109,76" hai1="5,94,114,88,33,74,90,68,119,2,12,84,13" hai2="115,15,113,126,27,1,37,108,121,79,73,66,64" hai3="22,58,106,116,124,21,41,55,100,42,95,50,129"/><W92/><G116/><T31/><D127/><U105/><E114/><V18/><F1/><W133/><G106/><T63/><D130/><U60/><E119/><V16/><F37/><W65/><G129/><T30/><D8/><U35/><E105/><V14/><F126/><W38/><G38/><T47/><D47/><U61/><E74/><V98/><F73/><W26/><G124/><T44/><D44/><U134/><E134/><V17/><F79/><W23/><G133/><T9/><D9/><U71/><E2/><V36/><F36/><W118/><G118/><T28/><D81/><U6/><E94/><N who="3" m="35882" /><G100/><T104/><D104/><U125/><E125/><V32/><F98/><W10/><G10/><T120/><D120/><U0/><E0/><V67/><F121/><W78/><G78/><T57/><REACH who="0" step="1"/><D25/><REACH who="0" ten="201,178,302,309" step="2"/><U110/><E84/><V135/><F135/><W59/><G26/><T96/><D96/><U54/><E54/><AGARI ba="0,1" hai="28,30,31,54,57,63,72,76,80,82,85,89,109,111" machi="54" ten="40,1300,0" yaku="1,1,53,0" doraHai="19" doraHaiUra="131" who="0" fromWho="1" sc="201,23,178,-13,302,0,309,0" owari="224,-17.6,165,-33.5,302,10.2,309,40.9" /></mjloggm>