<mjloggm ver="2.3"><GO type="225" lobby="0"/><UN n0="%61%6D%65%6B%69" n1="%EF%BC%94%36" n2="%E3%81%BF%E3%81%BF%E3%81%9A" n3="%E3%81%9F%E3%81%8B%E3%80%82" dan="16,16,18,16" rate="2059.91,2070.54,2256.12,2091.05" sx="M,M,M,M"/><TAIKYOKU oya="0"/><INIT seed="0,0,0,1,0,111" ten="250,250,250,250" oya="0" hai0="94,21,14,90,75,122,13,45,114,59,98,125,96" hai1="35,129,49,110,100,107,37,64,87,105,112,36,102" hai2="24,69,7,15,108,113,54,4,38,30,63,57,71" hai3="130,68,66,124,83,121,81,19,40,93,47,39,119"/><T16/><D122/><U70/><E49/><V86/><F113/><W91/><G121/><T29/><D75/><U2/><E87/><V28/><F108/><W80/><G119/><T115/><D125/><U134/><E64/><V84/><F38/><W55/><G124/><T128/><D128/><U56/><E56/><V58/><F15/><W99/><G130/><T43/><D29/><U132/><E70/><V60/><REACH who="2" step="1"/><F54/><REACH who="2" ten="250,250,240,250" step="2"/><W26/><G55/><T116/><D116/><U135/><E110/><V34/><F34/><W42/><G66/><T92/><D14/><U0/><E129/><V22/><F22/><W53/><G53/><T5/><D5/><U11/><E35/><V41/><F41/><W52/><G52/><T27/><D13/><U33/><E33/><V126/><F126/><W74/><G42/><T104/><D59/><U127/><E127/><V77/><F77/><W65/><G65/><T120/><D120/><U23/><E23/><V48/><F48/><W78/><G68/><T3/><D3/><U76/><E76/><V12/><F12/><W103/><G26/><AGARI ba="0,1" hai="4,7,24,26,28,30,57,58,60,63,69,71,84,86" machi="26" ten="25,3200,0" yaku="1,1,22,2,53,0" doraHai="111" doraHaiUra="131" who="2" fromWho="3" sc="250,0,250,0,240,42,250,-32" /><INIT seed="1,0,0,2,5,118" ten="250,250,282,218" oya="1" hai0="110,52,92,5,94,14,38,39,96,2,87,53,36" hai1="106,122,73,130,82,107,66,126,90,44,75,91,120" hai2="23,84,79,132,93,62,74,121,51,95,117,28,9" hai3="111,109,1,19,81,114,61,72,41,101,71,45,80"/><U133/><E66/><V8/><F117/><W64/><G101/><T128/><D2/><U67/><E67/><V78/><F74/><N who="1" m="28169" /><E44/><V113/><F121/><N who="1" m="46697" /><E133/><V11/><F113/><W56/><G56/><T47/><D5/><U125/><E130/><V40/><F132/><W88/><G19/><T119/><D128/><U27/><E27/><N who="2" m="16511" /><F62/><W6/><G114/><T83/><D119/><U68/><E68/><V59/><F59/><W57/><G57/><T63/><D14/><U116/><E116/><V42/><F42/><W33/><G33/><T34/><D34/><U76/><E90/><N who="2" m="53447" /><F95/><W16/><G16/><T50/><D63/><U43/><E91/><V22/><F22/><W15/><G15/><T10/><D10/><U20/><E20/><V55/><F55/><W134/><G134/><T123/><D53/><U100/><E43/><V29/><F29/><W77/><G88/><T129/><D123/><U32/><E32/><V12/><F12/><W104/><G81/><T89/><D129/><U60/><E60/><V70/><F70/><W4/><G104/><N who="1" m="39978" /><E100/><V99/><F40/><W108/><REACH who="3" step="1"/><G1/><REACH who="3" ten="250,250,282,208" step="2"/><T49/><D94/><U30/><E30/><V98/><F8/><W18/><G18/><T102/><D50/><AGARI ba="0,1" hai="4,6,41,45,50,61,64,71,72,77,80,108,109,111" machi="50" ten="40,2600,0" yaku="1,1,14,1,53,0" doraHai="118" doraHaiUra="25" who="3" fromWho="0" sc="250,-26,250,0,282,0,208,36" /><INIT seed="2,0,0,5,3,121" ten="224,250,282,244" oya="2" hai0="92,12,77,25,117,82,97,36,110,114,23,4,128" hai1="35,120,100,8,37,59,81,62,73,135,132,118,130" hai2="79,16,55,2,91,44,22,112,70,104,68,33,103" hai3="17,131,50,20,74,98,43,126,30,116,61,13,32"/><V72/><F112/><W34/><G116/><T6/><D36/><U86/><E35/><V41/><F33/><W49/><G126/><T31/><D114/><U51/><E37/><V75/><F2/><W90/><G74/><T42/><D117/><U125/><E73/><V45/><F91/><W115/><G115/><T26/><D128/><U99/><E120/><V105/><F55/><W85/><G131/><T84/><D42/><U48/><E118/><V66/><F66/><W113/><G113/><T0/><D0/><U1/><E8/><V40/><F22/><W134/><G134/><N who="1" m="51242" /><E1/><V71/><F71/><W122/><G122/><T9/><D26/><U27/><E27/><V11/><F11/><W28/><G98/><T89/><REACH who="0" step="1"/><D110/><REACH who="0" ten="214,250,282,244" step="2"/><U10/><E130/><V93/><F40/><W78/><G43/><T133/><D133/><U7/><E125/><V60/><F41/><W109/><G109/><T53/><D53/><N who="1" m="34159" /><E7/><AGARI ba="0,1" hai="4,6,7,9,12,23,25,31,77,82,84,89,92,97" machi="7" ten="30,3900,0" yaku="1,1,7,1,8,1,53,0" doraHai="121" doraHaiUra="38" who="0" fromWho="1" sc="214,49,250,-39,282,0,244,0" /><INIT seed="3,0,0,1,5,108" ten="263,211,282,244" oya="3" hai0="109,107,48,64,32,112,114,54,28,80,110,23,13" hai1="62,4,90,40,24,15,131,105,50,58,63,7,67" hai2="29,73,52,76,70,18,127,22,124,20,34,135,94" hai3="121,57,79,134,45,123,83,130,25,85,39,60,47"/><W44/><G130/><T43/><D43/><U125/><E105/><V26/><F70/><W6/><G134/><T42/><D42/><U11/><E125/><N who="2" m="48203" /><F135/><W8/><G25/><N who="0" m="18447" /><D107/><U38/><E38/><V102/><F76/><W21/><G21/><T117/><D117/><U98/><E131/><V71/><F71/><W72/><G85/><T100/><D100/><U9/><E24/><V69/><F69/><W31/><G31/><T116/><D64/><U30/><E30/><V0/><F0/><W93/><G93/><T115/><D80/><U61/><E98/><N who="2" m="59735" /><F73/><W128/><G128/><T5/><D116/><U101/><E90/><V12/><F22/><W17/><G17/><N who="0" m="10671" /><D5/><U65/><E101/><V33/><F33/><W74/><G74/><T10/><D10/><U37/><E37/><V120/><F120/><W1/><REACH who="3" step="1"/><G39/><REACH who="3" ten="263,211,282,234" step="2"/><T122/><D122/><U126/><E126/><V89/><F34/><W59/><G59/><AGARI ba="0,1" hai="48,54,59,109,110,112,114,115" m="10671,18447" machi="59" ten="30,7700,0" yaku="11,1,52,3" doraHai="108" who="0" fromWho="3" sc="263,87,211,0,282,0,234,-77" owari="350,45.0,211,-18.9,282,8.2,157,-34.3" /></mjloggm>