<mjloggm ver="2.3"><GO type="225" lobby="0"/><UN n0="%E3%81%82%E3%81%99%E3%81%AB%E3%82%83%E3%82%80" n1="%E6%B0%B7%E5%B7%9D%E9%87%8C%E5%A5%88" n2="%72%69%6F%75%63%68%61%6E" n3="%E3%81%91%E3%83%BC%E3%81%9E%E3%81%88" dan="16,16,17,16" rate="2123.10,2116.75,2236.74,2146.85" sx="F,F,M,M"/><TAIKYOKU oya="0"/><INIT seed="0,0,0,5,5,9" ten="250,250,250,250" oya="0" hai0="125,126,108,45,82,33,74,12,32,88,127,87,92" hai1="115,43,49,62,103,113,13,86,59,134,11,131,16" hai2="19,14,47,123,64,129,107,27,38,22,91,52,122" hai3="96,53,85,54,133,84,121,23,119,68,42,111,80"/><T29/><D108/><U56/><E131/><V18/><F107/><W5/><G68/><T90/><D29/><U6/><E134/><V124/><F129/><W4/><G119/><T25/><D25/><U60/><E103/><V35/><F124/><W77/><G111/><T20/><D45/><U31/><E31/><V3/><F3/><W79/><G121/><T106/><D106/><U128/><E128/><V70/><F35/><W15/><G42/><T135/><D135/><U99/><E99/><V55/><F91/><W26/><G96/><N who="0" m="57351" /><D74/><U78/><E43/><V24/><F24/><W75/><G75/><T30/><D30/><U117/><E117/><V1/><F1/><W7/><G26/><T73/><D73/><U98/><E98/><V46/><F46/><W102/><G102/><T112/><D112/><N who="1" m="43083" /><E6/><V132/><F132/><W72/><G72/><T110/><D110/><U83/><E49/><V28/><F28/><W76/><G133/><T105/><D105/><U93/><E93/><V95/><F95/><W48/><G48/><T120/><D120/><U58/><AGARI ba="0,0" hai="11,13,16,56,58,59,60,62,78,83,86" m="43083" machi="58" ten="30,4000,0" yaku="11,1,52,1,54,1" doraHai="9" who="1" fromWho="1" sc="250,-20,250,40,250,-10,250,-10" /><INIT seed="1,0,0,0,3,23" ten="230,290,240,240" oya="1" hai0="3,41,80,32,71,28,35,86,100,122,99,59,40" hai1="85,84,42,103,53,115,125,106,31,7,118,101,12" hai2="70,134,68,43,37,20,88,44,56,77,58,81,6" hai3="9,76,93,108,18,119,90,0,131,14,96,55,64"/><U50/><E115/><V25/><F134/><W117/><G108/><T113/><D71/><U5/><E118/><V132/><F132/><W38/><G131/><T107/><D113/><U135/><E135/><V63/><F6/><W13/><G0/><T98/><D3/><U54/><E125/><V51/><F37/><W15/><G38/><T36/><D122/><U57/><E42/><V22/><F22/><W128/><G128/><T126/><D126/><U121/><E121/><V123/><F123/><W11/><G64/><T65/><D98/><U130/><E130/><V109/><F109/><W67/><G67/><T62/><D36/><U33/><E33/><V89/><F70/><W87/><G15/><T21/><D35/><U124/><E31/><V69/><F68/><W24/><G24/><T127/><D32/><U10/><E5/><V72/><F69/><W97/><G55/><T27/><REACH who="0" step="1"/><D127/><REACH who="0" ten="220,290,240,240" step="2"/><U129/><E124/><V83/><F83/><N who="3" m="47591" /><G119/><T95/><D95/><U66/><E129/><V104/><F104/><W49/><G117/><T73/><D73/><U16/><E106/><V61/><F72/><W133/><G133/><T102/><D102/><U4/><E103/><V29/><F81/><W105/><G105/><T60/><D60/><N who="2" m="23114" /><F77/><AGARI ba="0,1" hai="21,27,28,40,41,59,62,65,77,80,86,99,100,107" machi="77" ten="30,7700,0" yaku="1,1,7,1,52,1,53,1" doraHai="23" doraHaiUra="52" who="0" fromWho="2" sc="220,87,290,0,240,-77,240,0" /><INIT seed="2,0,0,5,5,23" ten="307,290,163,240" oya="2" hai0="62,29,98,31,67,48,26,113,111,69,78,44,105" hai1="49,86,51,5,75,40,66,61,74,17,109,13,104" hai2="35,24,103,99,20,118,114,95,85,55,87,131,33" hai3="130,100,107,79,102,91,21,134,3,34,14,124,97"/><V72/><F114/><W46/><G3/><T4/><D111/><U45/><E109/><V84/><F118/><W2/><G2/><T112/><D4/><U32/><E104/><V120/><F120/><W90/><G34/><N who="0" m="20791" /><D31/><U71/><E5/><V50/><F72/><W121/><G91/><T60/><D60/><U9/><E32/><V80/><F80/><W128/><G97/><T126/><D78/><U11/><E11/><V22/><F22/><W16/><G124/><T127/><D48/><U77/><E77/><V115/><F115/><N who="0" m="44106" /><D44/><U96/><E96/><V122/><F122/><W42/><G79/><T38/><D38/><U47/><REACH who="1" step="1"/><E86/><REACH who="1" ten="307,280,163,240" step="2"/><V81/><F81/><W106/><G107/><T0/><D0/><U12/><E12/><V37/><F37/><W41/><G14/><T56/><D98/><U68/><E68/><V73/><F73/><W94/><G121/><T58/><D105/><U52/><AGARI ba="0,1" hai="9,13,17,40,45,47,49,51,52,61,66,71,74,75" machi="52" ten="20,8000,1" yaku="1,1,0,1,7,1,54,1,53,1" doraHai="23" doraHaiUra="8" who="1" fromWho="1" sc="307,-20,280,90,163,-40,240,-20" /><INIT seed="3,0,0,5,5,106" ten="287,370,123,220" oya="3" hai0="70,71,83,93,121,9,40,94,53,78,109,124,61" hai1="128,92,114,104,116,123,79,13,110,125,34,113,90" hai2="57,77,88,24,54,52,85,103,44,22,56,48,10" hai3="73,134,67,64,65,51,118,7,66,4,98,80,17"/><W55/><G118/><T135/><D121/><U95/><E34/><V127/><F127/><W59/><G134/><T28/><D109/><U36/><E36/><V19/><F103/><W108/><G108/><T29/><D40/><U35/><E35/><V63/><F77/><W58/><G73/><T107/><D107/><U1/><E1/><V8/><F44/><W100/><G80/><AGARI ba="0,0" hai="8,10,19,22,24,48,52,54,56,57,63,80,85,88" machi="80" ten="30,7700,0" yaku="7,1,8,1,54,2" doraHai="106" who="2" fromWho="3" sc="287,0,370,0,123,77,220,-77" owari="287,8.7,370,47.0,200,-20.0,143,-35.7" /></mjloggm>