<mjloggm ver="2.3"><GO type="225" lobby="0"/><UN n0="%74%61%6B%65%2D%79%6F%75" n1="%33%74%72%65%65" n2="%6D%75%75%6D%75%72%61" n3="%72%69%6F%75%63%68%61%6E" dan="16,17,16,16" rate="2159.10,2201.75,2131.61,2206.49" sx="M,F,F,M"/><TAIKYOKU oya="0"/><INIT seed="0,0,0,0,1,75" ten="250,250,250,250" oya="0" hai0="19,84,2,88,81,122,44,105,58,7,95,3,38" hai1="135,57,4,91,26,55,108,66,25,36,1,124,133" hai2="111,15,47,74,78,31,112,77,115,59,35,109,5" hai3="32,101,37,119,41,24,126,62,73,114,64,86,29"/><T100/><D122/><U68/><E36/><V21/><F35/><W40/><G126/><T30/><D30/><U76/><E124/><V63/><F74/><W8/><G114/><N who="2" m="43561" /><F47/><W12/><G119/><T22/><D105/><U39/><E39/><V128/><F5/><W49/><G73/><T116/><D116/><U53/><E91/><V113/><F113/><W67/><G37/><T43/><D7/><U52/><E57/><V94/><F94/><W27/><G27/><T80/><D58/><U42/><E42/><V129/><F15/><W69/><G64/><T16/><D19/><U120/><E4/><V125/><F125/><W45/><G101/><T17/><D17/><U97/><E1/><V34/><F34/><W10/><G12/><T72/><D81/><U0/><E0/><V103/><F103/><W20/><G32/><T71/><D71/><U96/><E68/><V107/><F107/><W110/><G110/><N who="2" m="41993" /><F21/><W98/><G40/><T92/><D92/><U65/><E108/><V13/><F13/><W90/><REACH who="3" step="1"/><G98/><REACH who="3" ten="250,250,250,240" step="2"/><T61/><D72/><U51/><E97/><V23/><F31/><W123/><G123/><T50/><D38/><U54/><E96/><V87/><F87/><W117/><G117/><T46/><D100/><U33/><E120/><V6/><F23/><W60/><G60/><T28/><D61/><U134/><E33/><V131/><F6/><W132/><G132/><T118/><D22/><U83/><N who="1" m="13312" /><DORA hai="127" /><U18/><E135/><V14/><F14/><W93/><AGARI ba="0,1" hai="8,10,20,24,29,41,45,49,62,67,69,86,90,93" machi="93" ten="20,5200,0" yaku="1,1,0,1,7,1,53,1" doraHai="75,127" doraHaiUra="56,104" who="3" fromWho="3" sc="250,-26,250,-13,250,-13,240,62" /><INIT seed="1,0,0,3,4,103" ten="224,237,237,302" oya="1" hai0="40,94,52,1,108,34,75,132,110,97,106,23,4" hai1="126,15,88,85,33,35,80,46,113,133,57,22,53" hai2="78,89,45,21,128,129,127,109,30,7,70,13,58" hai3="73,101,68,32,72,130,16,62,61,81,11,87,56"/><U84/><E113/><V5/><F70/><W82/><G32/><T134/><D34/><U112/><E112/><V120/><F120/><W123/><G123/><T41/><D75/><U55/><E133/><N who="0" m="51305" /><D23/><U83/><E126/><V96/><F96/><W125/><BYE who="2" /><G125/><UN n2="%6D%75%75%6D%75%72%61" /><T76/><D76/><U14/><E46/><V63/><F127/><W60/><G130/><T74/><D74/><U71/><E71/><V54/><F89/><W19/><G68/><T67/><D67/><U25/><E33/><V47/><F109/><N who="0" m="42090" /><D106/><U24/><E35/><V2/><F78/><W107/><G56/><T27/><D27/><U114/><E114/><V3/><F47/><W49/><G11/><N who="0" m="2447" /><D52/><U38/><E38/><V99/><F45/><W10/><G49/><T0/><D0/><U98/><E98/><V51/><F99/><W20/><G10/><T48/><D48/><U95/><E25/><N who="2" m="16687" /><F2/><W66/><G66/><T122/><D122/><U77/><E77/><V31/><F3/><W104/><G87/><T92/><D92/><U124/><E124/><V79/><F79/><W17/><G20/><T100/><AGARI ba="0,0" hai="40,41,94,97,100" m="2447,42090,51305" machi="100" ten="30,2000,0" yaku="20,1,14,1" doraHai="103" who="0" fromWho="0" sc="224,20,237,-10,237,-5,302,-5" /><INIT seed="2,0,0,2,4,66" ten="244,227,232,297" oya="2" hai0="118,35,31,58,117,119,116,112,4,108,105,37,111" hai1="3,30,109,11,33,72,21,62,84,113,42,59,86" hai2="130,45,53,95,120,103,25,69,28,15,43,23,24" hai3="50,65,85,17,54,131,60,121,114,97,20,76,16"/><V92/><F120/><W44/><G121/><T0/><N who="0" m="29696" /><DORA hai="93" /><T77/><D112/><U89/><E113/><V68/><F130/><W127/><G114/><T36/><D77/><U18/><E72/><V90/><F53/><W81/><G127/><T132/><D132/><U46/><E109/><N who="0" m="42057" /><D58/><U123/><E123/><V19/><F92/><W49/><G131/><T99/><D4/><U98/><E59/><V128/><F24/><W9/><G9/><T101/><D0/><U129/><E11/><V2/><F103/><W110/><G110/><T106/><D106/><U13/><E3/><V67/><F67/><W5/><G5/><T40/><D40/><U57/><E42/><V104/><F104/><W32/><G32/><T56/><D56/><U73/><E57/><V122/><F128/><W55/><G20/><T88/><D88/><U80/><E89/><V34/><F2/><W52/><G54/><T38/><D31/><U75/><E30/><V61/><F61/><W100/><G60/><T78/><D78/><U124/><E62/><V74/><F74/><W126/><G65/><T70/><D35/><U107/><E33/><V82/><F122/><W91/><G126/><T1/><D1/><U41/><E124/><V10/><F34/><W63/><G63/><T102/><D101/><N who="1" m="62903" /><E129/><V47/><F82/><W79/><G100/><T87/><D87/><N who="1" m="33323" /><E80/><V8/><F8/><W7/><G7/><T83/><D83/><U134/><E134/><V51/><F47/><N who="3" m="27711" /><G76/><T135/><D135/><U125/><E125/><V6/><F28/><W71/><G71/><AGARI ba="0,0" hai="36,37,38,70,71,99,102,105" m="42057,29696" machi="71" ten="70,12000,2" yaku="12,1,14,1,23,1,52,3" doraHai="66,93" who="0" fromWho="3" sc="244,120,227,0,232,0,297,-120" /><INIT seed="3,0,0,0,5,35" ten="364,227,232,177" oya="3" hai0="108,105,78,63,41,73,23,67,43,134,86,54,55" hai1="135,30,18,124,82,98,20,15,130,57,68,60,34" hai2="4,48,66,40,81,31,102,65,117,29,96,37,36" hai3="12,107,32,132,2,128,59,9,77,56,45,113,74"/><W13/><G113/><T62/><D108/><U47/><E135/><V100/><F117/><W127/><G32/><T51/><D134/><U84/><E124/><V69/><F4/><W3/><G132/><T11/><D73/><U116/><E130/><V111/><F96/><W85/><G74/><T70/><D105/><U80/><E68/><V93/><F93/><W106/><G45/><T61/><D23/><N who="1" m="11743" /><E34/><V42/><F81/><W119/><G119/><T95/><D11/><U14/><E116/><V92/><F92/><W101/><G101/><T6/><D6/><U122/><E122/><V58/><F48/><W110/><G128/><T121/><D95/><U25/><E98/><V123/><F58/><N who="3" m="22059" /><G9/><T83/><D51/><U97/><E97/><V39/><F39/><W72/><G72/><T120/><D120/><U52/><E47/><V94/><F94/><W19/><G127/><T104/><D104/><N who="3" m="39977" /><G110/><T90/><D121/><U109/><E109/><V75/><F123/><W133/><G133/><T49/><D49/><U38/><E38/><V112/><F111/><W21/><G13/><T118/><D118/><U125/><E125/><V44/><F75/><W99/><G99/><T10/><D10/><U22/><E84/><V33/><F44/><W5/><G5/><T129/><D86/><U91/><E91/><V89/><F33/><W17/><G17/><AGARI ba="0,0" hai="14,17,20,22,25,30,52,57,60,80,82" m="11743" machi="17" ten="30,2000,0" yaku="8,1,54,1" doraHai="35" who="1" fromWho="3" sc="364,0,227,20,232,0,177,-20" owari="364,46.4,247,4.7,232,-16.8,157,-34.3" /></mjloggm>