<mjloggm ver="2.3"><GO type="225" lobby="0"/><UN n0="%E6%97%A5%E6%9B%9C%E6%97%A5%E3%82%88%E3%82%8A%E3%81%AE%E4%BD%BF%E8%80%85" n1="%72%69%6F%75%63%68%61%6E" n2="%E3%82%B3%E3%83%90%E3%83%AC%E3%82%A4" n3="%E3%83%81%E3%83%83%E3%82%BF%E3%82%BD%E3%83%BC" dan="16,16,16,17" rate="2122.00,2145.99,2120.02,2206.09" sx="M,M,M,F"/><TAIKYOKU oya="0"/><INIT seed="0,0,0,0,3,71" ten="250,250,250,250" oya="0" hai0="21,20,11,52,62,106,34,60,87,114,90,109,98" hai1="115,81,113,65,7,47,108,97,16,6,44,41,18" hai2="42,54,130,74,0,104,89,15,120,36,131,124,132" hai3="117,76,93,80,5,125,94,57,68,22,2,1,10"/><T77/><D34/><U129/><E108/><V43/><F0/><W83/><G125/><T135/><D114/><N who="1" m="43531" /><E129/><V40/><F104/><W33/><G33/><T100/><D109/><U127/><E127/><V59/><F74/><W13/><G68/><T85/><D135/><U134/><E134/><V99/><F132/><W61/><G117/><T66/><D11/><U32/><E32/><V122/><F15/><W75/><G83/><T25/><D77/><U63/><E97/><V58/><F99/><W35/><G35/><T50/><D66/><U67/><E81/><V128/><F89/><W92/><REACH who="3" step="1"/><G22/><REACH who="3" ten="250,250,250,240" step="2"/><T82/><D20/><U30/><E30/><V119/><F124/><W91/><G91/><T8/><D8/><U56/><E67/><AGARI ba="0,1" hai="1,2,5,10,13,57,61,67,75,76,80,92,93,94" machi="67" ten="40,1300,0" yaku="1,1,53,0" doraHai="71" doraHaiUra="19" who="3" fromWho="1" sc="250,0,250,-13,250,0,240,23" /><INIT seed="1,0,0,5,5,58" ten="250,237,250,263" oya="1" hai0="91,28,46,61,19,102,8,36,94,135,47,83,55" hai1="98,11,133,82,62,130,60,90,59,122,42,115,9" hai2="29,21,65,35,37,48,3,105,43,89,45,56,126" hai3="120,116,31,88,7,23,77,131,104,0,70,75,39"/><U118/><E115/><V71/><F3/><W13/><G116/><T119/><D119/><U99/><E118/><V123/><F105/><W129/><G104/><T10/><D135/><U121/><E133/><V81/><F35/><W114/><G120/><T86/><D28/><U125/><E42/><V1/><F1/><W2/><G39/><T101/><D36/><U73/><E130/><V5/><F5/><W107/><G107/><T79/><D47/><U106/><E125/><V64/><F64/><W69/><G77/><T113/><D113/><U134/><E134/><V128/><F126/><W85/><G75/><T66/><D55/><U6/><E73/><V96/><F21/><W40/><G40/><T33/><D46/><U12/><E11/><V76/><F43/><W100/><G100/><T72/><D33/><U15/><E15/><V117/><F37/><W92/><G114/><T50/><D50/><U41/><E41/><V97/><F48/><W14/><G0/><T103/><REACH who="0" step="1"/><D19/><REACH who="0" ten="240,237,250,263" step="2"/><U57/><E122/><V30/><F123/><W26/><G129/><T95/><D95/><N who="1" m="56695" /><E121/><V110/><F128/><W111/><G131/><T38/><D38/><U132/><E132/><V67/><F117/><W34/><G34/><T22/><D22/><U44/><E44/><V17/><F45/><W49/><G49/><T54/><D54/><N who="1" m="33847" /><E82/><V63/><F81/><W68/><REACH who="3" step="1"/><G111/><REACH who="3" ten="240,237,250,253" step="2"/><T84/><D84/><U32/><E32/><V74/><F110/><W127/><G127/><T108/><D108/><U27/><E106/><V18/><F74/><W4/><G4/><T16/><D16/><RYUUKYOKU ba="0,2" sc="240,15,237,-15,250,-15,253,15" hai0="8,10,61,66,72,79,83,86,91,94,101,102,103" hai3="2,7,13,14,23,26,31,68,69,70,85,88,92" /><INIT seed="2,1,2,4,3,128" ten="255,222,235,268" oya="2" hai0="29,78,13,64,130,79,115,50,123,55,100,51,57" hai1="53,110,122,119,56,85,76,84,109,27,21,113,73" hai2="75,49,103,39,44,8,38,40,12,124,81,86,83" hai3="129,35,111,52,3,61,54,126,68,112,31,65,77"/><V42/><F124/><W58/><G3/><T127/><D115/><U63/><E113/><V45/><F103/><W93/><G112/><T4/><D123/><U25/><E119/><V18/><F75/><W67/><G77/><N who="0" m="29195" /><D130/><U94/><E122/><V96/><F96/><W106/><G106/><T17/><D127/><U34/><E34/><V46/><REACH who="2" step="1"/><F86/><REACH who="2" ten="255,222,225,268" step="2"/><N who="1" m="33385" /><E94/><V88/><F88/><W114/><G126/><T33/><D100/><U108/><E21/><V41/><AGARI ba="1,3" hai="8,12,18,38,39,40,41,42,44,45,46,49,81,83" machi="41" ten="20,12000,1" yaku="1,1,0,1,7,1,9,1,53,1" doraHai="128" doraHaiUra="10" who="2" fromWho="2" sc="255,-41,222,-41,225,153,268,-41" /><INIT seed="2,2,0,4,2,10" ten="214,181,378,227" oya="2" hai0="24,75,119,126,84,31,39,118,15,99,62,74,54" hai1="42,12,71,47,1,109,21,108,5,22,100,102,96" hai2="78,48,37,120,26,36,52,134,29,30,57,70,20" hai3="110,89,7,19,67,101,79,35,25,123,73,43,129"/><V2/><F120/><W23/><G110/><N who="1" m="42602" /><E71/><V86/><F134/><W59/><G129/><T27/><D39/><N who="1" m="21983" /><E1/><V4/><F70/><W61/><G35/><T114/><D114/><U9/><E100/><V80/><F2/><W135/><G135/><T125/><D84/><U130/><E130/><V107/><F107/><AGARI ba="2,0" hai="5,9,12,21,22,96,102,107" m="21983,42602" machi="107" ten="30,2000,0" yaku="14,1,52,1" doraHai="10" who="1" fromWho="2" sc="214,0,181,26,378,-26,227,0" /><INIT seed="3,0,0,3,5,90" ten="214,207,352,227" oya="3" hai0="40,58,19,120,93,61,62,50,60,128,27,59,122" hai1="26,72,8,17,88,125,100,73,46,55,20,131,101" hai2="67,41,53,29,135,114,104,10,51,123,111,38,52" hai3="86,9,116,0,84,45,132,43,48,108,28,57,13"/><W64/><G132/><T16/><D128/><U39/><E131/><V95/><F104/><W126/><G126/><T127/><D127/><U129/><E129/><V37/><F135/><W42/><G0/><T134/><D134/><U89/><E125/><V24/><F41/><W7/><G116/><T35/><D35/><U107/><E107/><V76/><F53/><W81/><G108/><T15/><D122/><U54/><E72/><V44/><F111/><W121/><G121/><T94/><D120/><U109/><E73/><V71/><F76/><W65/><G42/><T23/><D40/><U11/><E109/><V83/><F83/><W2/><G2/><T133/><D133/><U92/><E89/><V12/><F67/><N who="3" m="25675" /><G28/><T70/><D70/><U6/><E39/><V36/><F71/><W4/><G57/><N who="0" m="21515" /><D50/><N who="1" m="29015" /><E55/><V78/><F123/><W21/><G21/><AGARI ba="0,0" hai="15,16,19,21,23,27,60,61,62,93,94" m="21515" machi="21" ten="30,7700,0" yaku="8,1,52,2,54,1" doraHai="90" who="0" fromWho="3" sc="214,77,207,0,352,0,227,-77" owari="291,9.1,207,-19.3,352,45.2,150,-35.0" /></mjloggm>