<mjloggm ver="2.3"><GO type="225" lobby="0"/><UN n0="%E7%AB%8B%E8%8A%B1%E9%9F%BF" n1="%72%65%6E%6B%75%6E" n2="%77%72%77%72%77%72%77%72" n3="%E3%83%99%E3%83%AB%E3%83%A2%E3%83%83%E3%83%88" dan="17,17,16,16" rate="2158.33,2221.86,2265.54,2090.40" sx="F,M,M,M"/><TAIKYOKU oya="0"/><INIT seed="0,0,0,0,4,24" ten="250,250,250,250" oya="0" hai0="103,19,22,28,27,83,65,87,86,6,45,113,124" hai1="7,14,104,54,94,34,10,29,85,48,46,90,59" hai2="41,57,82,123,107,122,66,69,95,68,128,72,115" hai3="33,53,79,25,133,4,120,63,35,47,108,96,30"/><T111/><D113/><U99/><E104/><V23/><F115/><W5/><G108/><T112/><D112/><U49/><E34/><V93/><F107/><W36/><G79/><T70/><D124/><U89/><E29/><V38/><F128/><W91/><G133/><T71/><D111/><U101/><REACH who="1" step="1"/><E85/><REACH who="1" ten="250,240,250,250" step="2"/><V121/><F121/><W42/><G35/><T118/><D87/><U39/><E39/><V106/><F38/><W132/><G120/><T67/><D86/><U1/><E1/><V8/><F106/><W31/><G31/><T114/><D28/><U13/><E13/><V44/><F123/><W88/><G96/><T78/><D27/><U52/><AGARI ba="0,1" hai="7,10,14,46,48,49,52,54,59,89,90,94,99,101" machi="52" ten="20,12000,2" yaku="1,1,0,1,7,1,8,1,54,1,53,2" doraHai="24" doraHaiUra="50" who="1" fromWho="1" sc="250,-60,240,130,250,-30,250,-30" /><INIT seed="1,0,0,4,5,100" ten="190,370,220,220" oya="1" hai0="60,90,13,52,118,24,67,123,50,22,106,80,66" hai1="44,116,96,82,27,59,98,15,57,56,70,46,84" hai2="55,23,130,92,87,65,113,68,88,34,9,94,110" hai3="53,19,16,2,131,36,126,77,128,134,71,38,39"/><U121/><E70/><V47/><F34/><W26/><G71/><T104/><D118/><U129/><E116/><V83/><F110/><W33/><G2/><T111/><D111/><U30/><E121/><V8/><F130/><N who="3" m="49707" /><G126/><T3/><D3/><U86/><E129/><V124/><F124/><W125/><G125/><T14/><D123/><U61/><E61/><V74/><F113/><W42/><G77/><T54/><D54/><U132/><E132/><V7/><F23/><W45/><G53/><T99/><D13/><U69/><E69/><V48/><F74/><W101/><G101/><T32/><D14/><U72/><E72/><V79/><F79/><W93/><G93/><T21/><D32/><U28/><E15/><V63/><REACH who="2" step="1"/><F9/><REACH who="2" ten="190,370,210,220" step="2"/><W76/><G76/><T6/><D21/><N who="1" m="15471" /><E30/><V114/><F114/><W119/><G119/><T75/><D75/><U117/><E117/><V11/><F11/><W25/><G33/><T17/><D6/><U120/><E120/><V105/><F105/><W97/><G134/><T109/><D109/><U64/><E64/><V5/><F5/><W12/><G26/><T133/><D133/><U81/><E82/><V91/><F91/><W135/><G25/><T49/><D67/><U41/><E81/><V43/><F43/><W112/><G42/><T20/><D20/><U31/><E31/><V85/><F85/><N who="1" m="32873" /><E41/><V127/><F127/><W0/><G112/><T1/><D80/><U102/><E102/><V122/><F122/><W107/><G107/><T51/><D106/><U35/><E35/><V40/><F40/><W29/><G135/><RYUUKYOKU ba="0,1" sc="190,-15,370,15,210,15,220,-15" hai1="44,46,56,57,59,96,98" hai2="7,8,47,48,55,63,65,68,83,87,88,92,94" /><INIT seed="1,1,1,4,4,3" ten="175,385,225,205" oya="1" hai0="78,77,56,100,72,135,45,60,55,18,127,34,114" hai1="90,58,131,66,32,47,43,62,79,46,38,128,2" hai2="71,27,30,118,1,133,40,63,116,57,76,91,12" hai3="35,49,42,84,97,44,7,24,108,93,8,67,51"/><U74/><E32/><V22/><F1/><W98/><G67/><T89/><D114/><U107/><E107/><V122/><F122/><W109/><G24/><T11/><D135/><U95/><E2/><V10/><F71/><W125/><G35/><T15/><D127/><U96/><REACH who="1" step="1"/><E47/><REACH who="1" ten="175,375,225,205" step="2"/><V0/><F0/><W59/><G44/><T53/><D34/><U119/><E119/><V50/><F118/><W81/><G125/><T124/><D124/><U25/><E25/><V121/><F27/><W23/><G108/><T4/><D45/><U33/><E33/><V132/><F116/><W65/><G109/><T134/><D134/><U21/><E21/><V17/><F22/><W129/><G23/><T61/><D15/><U104/><E104/><V83/><F12/><W9/><G9/><T6/><D11/><U39/><E39/><V117/><F10/><W29/><G8/><T111/><D111/><U26/><E26/><V37/><F117/><W103/><G29/><T20/><D20/><U80/><AGARI ba="1,2" hai="38,43,46,58,62,66,74,79,80,90,95,96,128,131" machi="80" ten="30,6000,0" yaku="1,1,0,1,53,1" doraHai="3" doraHaiUra="52" who="1" fromWho="1" sc="175,-21,375,83,225,-21,205,-21" /><INIT seed="1,2,0,5,1,45" ten="154,458,204,184" oya="1" hai0="110,49,64,93,30,104,94,67,116,8,73,129,60" hai1="70,123,120,125,33,106,56,14,4,119,61,133,98" hai2="6,82,128,71,109,107,112,13,54,34,108,62,3" hai3="42,59,5,81,57,27,77,101,12,24,72,130,79"/><U16/><E33/><V1/><F128/><W115/><G130/><T69/><D129/><U32/><E119/><V48/><F107/><W135/><G79/><T103/><D116/><U127/><E32/><V75/><F34/><W92/><G135/><T22/><D73/><U2/><E70/><V41/><F41/><W95/><G42/><T63/><D110/><N who="2" m="42602" /><F112/><W53/><G59/><T38/><D38/><U121/><E133/><V55/><F13/><W80/><G80/><T76/><D76/><U131/><E131/><V44/><F6/><W7/><G7/><T114/><D8/><U58/><E2/><N who="2" m="523" /><F82/><W21/><G5/><T9/><D9/><U126/><E4/><V86/><F86/><W50/><G12/><T113/><D104/><U89/><E106/><V90/><F90/><W117/><G117/><T47/><D103/><U100/><E100/><V29/><F29/><W28/><G115/><T78/><D78/><U39/><E98/><V51/><F75/><W66/><G101/><T84/><D84/><U118/><E89/><V26/><F26/><W36/><G36/><T99/><D99/><U83/><E39/><V97/><F97/><W37/><G37/><T68/><D114/><U31/><E31/><V23/><F23/><W40/><G40/><N who="0" m="24807" /><D113/><U43/><E43/><V15/><F15/><W87/><G72/><T0/><D0/><U102/><E102/><V35/><F35/><N who="3" m="20871" /><G66/><T46/><D94/><U105/><E105/><V18/><F71/><W25/><G27/><N who="0" m="16759" /><D93/><U85/><E118/><V17/><F62/><W11/><G11/><T10/><D10/><RYUUKYOKU ba="2,0" sc="154,10,458,-30,204,10,184,10" hai0="46,60,63,64,67,68,69" hai2="17,18,44,48,51,54,55" hai3="21,25,50,53,57,77,81,87,92,95" /><INIT seed="2,3,0,1,2,108" ten="164,428,214,194" oya="2" hai0="123,102,91,117,26,96,88,44,21,19,128,131,33" hai1="47,43,120,20,95,101,3,39,70,53,74,34,10" hai2="121,22,79,2,11,81,55,42,38,100,16,45,113" hai3="89,49,115,86,32,116,9,135,31,30,134,57,59"/><V107/><F113/><W112/><G116/><T72/><D123/><U133/><E34/><V1/><F121/><W82/><G9/><T119/><D72/><U51/><E74/><V111/><F111/><W130/><G130/><N who="0" m="49707" /><D44/><U77/><E77/><V94/><F107/><W127/><G127/><T76/><D76/><U6/><E120/><V60/><F11/><W24/><G31/><T50/><D50/><U80/><E80/><V29/><F29/><W68/><G68/><T61/><D61/><U8/><E70/><V40/><F40/><W63/><G49/><T18/><D18/><U75/><E8/><V97/><F55/><N who="3" m="34239" /><G59/><T17/><D17/><U83/><E75/><V99/><F60/><W85/><G85/><T37/><D37/><U35/><E39/><V28/><F28/><W15/><G15/><T64/><D64/><U66/><E47/><V36/><F36/><W58/><G58/><T78/><D78/><U118/><E66/><V98/><F1/><W56/><G56/><T84/><D33/><U92/><E35/><V4/><F4/><W12/><G12/><T67/><D67/><U62/><E62/><V122/><F2/><W90/><G89/><N who="0" m="34379" /><D84/><U69/><E69/><V104/><F122/><W73/><G73/><T14/><D14/><U41/><E3/><V52/><F38/><W126/><G126/><T0/><D0/><U110/><E110/><V114/><F45/><W132/><AGARI ba="3,0" hai="24,30,32,82,86,90,112,115,132,134,135" m="34239" machi="132" ten="40,5200,0" yaku="20,1,52,2" doraHai="108" who="3" fromWho="3" sc="164,-16,428,-16,214,-29,194,61" /><INIT seed="3,0,0,0,1,79" ten="148,412,185,255" oya="3" hai0="51,20,124,92,130,102,75,70,32,52,0,17,10" hai1="109,71,62,56,14,47,127,2,27,74,36,19,26" hai2="63,50,97,119,121,67,5,76,65,116,61,111,1" hai3="28,93,18,12,43,13,7,42,110,8,41,57,72"/><W108/><G72/><T126/><D32/><U25/><E2/><V59/><F111/><N who="3" m="42539" /><G28/><T125/><D70/><U60/><E109/><V3/><F121/><W34/><G34/><T113/><D130/><U129/><E129/><V83/><F97/><W78/><G78/><T87/><D75/><U58/><E74/><V68/><F50/><W95/><G57/><T112/><D0/><U131/><E127/><N who="0" m="32513" /><T88/><DORA hai="24" /><D10/><AGARI ba="0,0" hai="7,8,10,12,13,18,41,42,43,93,95" m="42539" machi="10" ten="30,2900,0" yaku="14,1,10,1" doraHai="79,24" who="3" fromWho="0" sc="148,-29,412,0,185,0,255,29" /><INIT seed="3,1,0,1,1,7" ten="119,412,185,284" oya="3" hai0="60,74,76,84,100,10,36,118,40,70,97,122,59" hai1="93,50,35,30,44,78,13,39,16,115,42,95,55" hai2="128,134,127,114,117,1,2,54,47,66,105,113,98" hai3="96,38,101,94,14,107,43,17,63,99,116,131,22"/><W135/><G135/><T87/><D118/><U32/><E115/><V132/><F117/><W48/><G38/><T6/><D122/><U65/><E65/><V57/><F66/><W73/><G73/><T121/><D70/><U92/><E78/><V103/><F47/><W67/><G131/><T27/><D121/><U102/><E102/><V49/><F128/><W91/><G43/><T5/><D5/><U58/><REACH who="1" step="1"/><E30/><REACH who="1" ten="119,402,185,284" step="2"/><V109/><F114/><W12/><G116/><T124/><D124/><U4/><E4/><V51/><F113/><W25/><REACH who="3" step="1"/><G48/><REACH who="3" ten="119,402,185,274" step="2"/><T86/><D36/><U77/><E77/><V72/><F49/><W79/><G79/><T0/><D40/><U112/><E112/><V89/><F51/><W80/><G80/><T18/><D74/><U133/><E133/><V20/><F72/><W83/><G83/><T110/><D110/><U31/><E31/><V24/><F109/><W53/><G53/><T45/><D45/><U26/><E26/><V21/><F24/><W123/><G123/><T29/><D76/><U33/><E33/><V46/><F134/><W71/><AGARI ba="1,2" hai="12,14,17,22,25,63,67,71,91,94,96,99,101,107" machi="71" ten="20,3900,0" yaku="1,1,0,1,7,1,53,0" doraHai="7" doraHaiUra="34" who="3" fromWho="3" sc="119,-14,402,-14,185,-14,274,62" /><INIT seed="3,2,0,1,1,71" ten="105,388,171,336" oya="3" hai0="117,118,107,92,63,73,110,108,14,31,135,25,85" hai1="76,46,18,75,62,121,11,41,80,100,106,40,51" hai2="35,125,21,29,4,50,19,7,74,6,13,30,39" hai3="89,109,93,47,82,55,5,115,99,42,94,17,56"/><W88/><G115/><T126/><D107/><U36/><E121/><V124/><F74/><W61/><G5/><T22/><D73/><U16/><E106/><V103/><F103/><W33/><G33/><T97/><D85/><U0/><E100/><V24/><F50/><W44/><G82/><T38/><D135/><U98/><E98/><V43/><F43/><W114/><G114/><T111/><D126/><N who="2" m="48746" /><F39/><W122/><G109/><T105/><D105/><U130/><E130/><V83/><F83/><W27/><G122/><T113/><D113/><U112/><E112/><V64/><F64/><W119/><G119/><T3/><D3/><U9/><E62/><V102/><F102/><W8/><G42/><T101/><D38/><U91/><E91/><V123/><F123/><W131/><G131/><T96/><D96/><U15/><E0/><V52/><F52/><W128/><G128/><T72/><D72/><U23/><E18/><V54/><F54/><W86/><G8/><T2/><D2/><U104/><E104/><V60/><F60/><W69/><G69/><T68/><REACH who="0" step="1"/><D14/><REACH who="0" ten="95,388,171,336" step="2"/><U1/><E1/><V37/><F37/><W49/><G61/><T95/><D95/><U129/><E129/><V59/><F13/><W26/><G26/><T53/><D53/><U28/><E40/><V90/><F24/><W34/><G34/><T65/><AGARI ba="2,1" hai="22,25,31,63,65,68,92,97,101,108,110,111,117,118" machi="65" ten="40,5200,0" yaku="1,1,0,1,14,1,53,0" doraHai="71" doraHaiUra="10" who="0" fromWho="0" sc="95,68,388,-15,171,-15,336,-28" owari="163,-23.7,373,47.3,156,-34.4,308,10.8" /></mjloggm>