<mjloggm ver="2.3"><GO type="225" lobby="0"/><UN n0="%72%69%6F%75%63%68%61%6E" n1="%E3%81%86%E3%82%8C%E3%81%9F%E3%82%93%E6%9E%95" n2="%E3%81%A1%E3%82%85%E3%81%86%E3%81%A9%E3%81%8F%E8%B1%A1%E3%81%95%E3%82%93" n3="%73%69%72%6F%75%74" dan="17,16,16,16" rate="2264.52,2104.01,2132.01,2078.27" sx="M,F,M,M"/><TAIKYOKU oya="0"/><INIT seed="0,0,0,1,4,52" ten="250,250,250,250" oya="0" hai0="118,62,126,109,75,33,87,73,130,134,119,27,55" hai1="114,38,103,85,20,50,84,99,96,42,12,46,1" hai2="82,0,56,59,48,70,123,86,37,81,14,3,91" hai3="117,5,79,131,72,64,25,116,112,67,21,57,2"/><T24/><D126/><U15/><E114/><V94/><F123/><W107/><G107/><T71/><D130/><U74/><E74/><V108/><F37/><W41/><G112/><T105/><D134/><U132/><E132/><V4/><F70/><W7/><G41/><T54/><D87/><U110/><E110/><V77/><F108/><W111/><G111/><T58/><D109/><U11/><E1/><V101/><F48/><W31/><G131/><T17/><D105/><U76/><E38/><V89/><F14/><W53/><G72/><T18/><D71/><U135/><E135/><V83/><F101/><W23/><G79/><T28/><D17/><N who="1" m="10279" /><E103/><V133/><F133/><W68/><G68/><T10/><D75/><U129/><E129/><V66/><F66/><W93/><G117/><T13/><D73/><U16/><E85/><V98/><F3/><W32/><G116/><T120/><D120/><U90/><E76/><V51/><F51/><W69/><G69/><T122/><D122/><U106/><E106/><V36/><F36/><W65/><G93/><AGARI ba="0,0" hai="11,15,16,42,46,50,84,90,93,96,99" m="10279" machi="93" ten="30,2000,0" yaku="8,1,54,1" doraHai="52" who="1" fromWho="3" sc="250,0,250,20,250,0,250,-20" /><INIT seed="1,0,0,1,2,105" ten="250,270,250,230" oya="1" hai0="34,21,101,35,13,77,109,39,112,74,64,29,130" hai1="96,69,9,97,7,66,43,16,18,3,5,32,44" hai2="54,127,55,27,23,111,56,95,10,121,71,25,49" hai3="118,61,76,41,46,12,107,53,113,40,100,108,42"/><U78/><E7/><V79/><F121/><W73/><G113/><T134/><D112/><U36/><E78/><V47/><F71/><W93/><G107/><T110/><D39/><U17/><REACH who="1" step="1"/><E32/><REACH who="1" ten="250,260,250,230" step="2"/><V65/><F127/><W87/><G76/><T33/><D34/><U75/><E75/><V63/><F79/><W59/><G73/><T62/><D33/><U50/><E50/><V24/><F49/><W26/><G118/><T88/><D35/><U0/><E0/><V70/><F63/><AGARI ba="0,1" hai="3,5,9,16,17,18,36,43,44,63,66,69,96,97" machi="63" ten="40,3900,0" yaku="1,1,54,1,53,0" doraHai="105" doraHaiUra="125" who="1" fromWho="2" sc="250,0,260,49,250,-39,230,0" /><INIT seed="1,1,0,3,1,75" ten="250,309,211,230" oya="1" hai0="58,121,4,111,56,128,68,23,78,60,114,126,15" hai1="115,95,130,91,45,52,33,12,59,85,0,74,18" hai2="93,62,8,7,19,51,119,25,49,22,37,40,26" hai3="131,72,38,2,1,34,61,112,105,79,54,99,120"/><U89/><E115/><V76/><F119/><W24/><G112/><T10/><D111/><U53/><E74/><V30/><F37/><W77/><G120/><T64/><D114/><U122/><E0/><V94/><F62/><W67/><G54/><T55/><D126/><U135/><E33/><V14/><F76/><W65/><G38/><T13/><D128/><U48/><E135/><V97/><F40/><W101/><G131/><T36/><D36/><U118/><E118/><V134/><F134/><W44/><G44/><T81/><D121/><U80/><E122/><V6/><F6/><W102/><G102/><T90/><D90/><N who="1" m="51495" /><E130/><V63/><F63/><W98/><G98/><T86/><REACH who="0" step="1"/><D55/><REACH who="0" ten="240,309,211,230" step="2"/><U100/><E100/><V106/><F106/><W117/><G101/><T50/><D50/><N who="1" m="31127" /><E95/><V29/><F94/><W124/><G105/><T83/><D83/><U28/><E28/><V123/><F123/><W84/><G117/><T127/><D127/><U108/><E108/><V70/><F30/><W88/><G124/><T5/><D5/><U11/><AGARI ba="1,1" hai="11,12,18,45,48,53,89,91" m="31127,51495" machi="11" ten="30,6000,0" yaku="25,1,8,1,54,1" doraHai="75" who="1" fromWho="1" sc="240,-21,309,73,211,-21,230,-21" /><INIT seed="1,2,0,4,2,6" ten="219,382,190,209" oya="1" hai0="62,117,34,45,7,101,104,76,36,12,97,112,19" hai1="81,30,88,60,111,125,39,16,63,113,41,21,69" hai2="70,68,77,127,85,15,37,135,58,99,5,109,94" hai3="126,110,105,26,80,91,32,72,28,98,2,8,40"/><U57/><E113/><V73/><F37/><W71/><G110/><T3/><D117/><U56/><E125/><V24/><F127/><W100/><G126/><T54/><D112/><U92/><E111/><V129/><F129/><W66/><G40/><T116/><D116/><U22/><E69/><V38/><F109/><W18/><G91/><T107/><D34/><U25/><E39/><V42/><F73/><W128/><G128/><T102/><D76/><U11/><E41/><V31/><F58/><N who="1" m="22633" /><E11/><V96/><F135/><W108/><G108/><T23/><D62/><U119/><E81/><V106/><F42/><W27/><G27/><T35/><D35/><U51/><E51/><V84/><F38/><W133/><G133/><T75/><D75/><U13/><E119/><V67/><F106/><W29/><G29/><T130/><D36/><U43/><E43/><V65/><F31/><W124/><G124/><T89/><D130/><U82/><E82/><V134/><F24/><W78/><G18/><T33/><D33/><U14/><E13/><V114/><F15/><W0/><G8/><N who="0" m="2175" /><D107/><U93/><E93/><V87/><F94/><W44/><G44/><T131/><D131/><U4/><E4/><V47/><F47/><W50/><G50/><N who="0" m="29007" /><D104/><U46/><E46/><V49/><F134/><W59/><G59/><T123/><D123/><U74/><E74/><V95/><F114/><W79/><G78/><T83/><D83/><U20/><E22/><V103/><F77/><W132/><G132/><T64/><D64/><U1/><E1/><V86/><N who="2" m="21504" /><DORA hai="115" /><V53/><F67/><RYUUKYOKU ba="2,0" sc="219,10,382,10,190,-30,209,10" hai0="12,19,23,89,97,101,102" hai1="14,16,20,21,25,30,60,63,88,92" hai3="0,2,26,28,32,66,71,72,79,80,98,100,105" /><INIT seed="1,3,0,1,2,39" ten="229,392,160,219" oya="1" hai0="122,48,28,62,65,114,113,82,15,88,134,104,106" hai1="127,80,71,10,18,61,124,7,116,118,115,16,100" hai2="47,58,128,133,117,83,2,129,12,91,64,33,59" hai3="72,107,110,31,63,24,92,108,74,9,123,19,97"/><U8/><E115/><V6/><F117/><W79/><G107/><T45/><D134/><U35/><E100/><V81/><F133/><W25/><G123/><T87/><D122/><U120/><E120/><V1/><F33/><W89/><G63/><T84/><D28/><U57/><E71/><V17/><F47/><W53/><G53/><T76/><D15/><N who="1" m="7271" /><E80/><N who="2" m="30795" /><F91/><W70/><G79/><T101/><D106/><U78/><E78/><V4/><F17/><W43/><G70/><T125/><D125/><N who="1" m="48203" /><E18/><V121/><F12/><W131/><G72/><T32/><D104/><U68/><E35/><V23/><F23/><N who="3" m="13439" /><G9/><T20/><D32/><U40/><E68/><V13/><F13/><W98/><G74/><T132/><D20/><U5/><E40/><V109/><F121/><W99/><G43/><N who="0" m="24639" /><D132/><U3/><E5/><N who="2" m="2155" /><F64/><AGARI ba="3,0" hai="3,7,10,57,61,64,116,118" m="48203,7271" machi="64" ten="30,2900,0" yaku="18,1,54,1" doraHai="39" who="1" fromWho="2" sc="229,0,392,38,160,-38,219,0" /><INIT seed="1,4,0,2,3,45" ten="229,430,122,219" oya="1" hai0="128,34,55,76,49,46,3,83,112,120,90,51,78" hai1="39,11,14,52,86,75,6,2,73,96,19,0,15" hai2="35,131,133,122,60,100,105,82,21,99,117,47,59" hai3="125,132,67,108,7,38,28,44,54,12,124,74,134"/><U106/><E39/><V135/><F35/><W41/><G28/><T43/><D112/><U91/><E75/><V113/><F122/><W115/><G74/><T26/><D120/><U5/><E73/><V58/><F117/><W89/><G115/><T71/><D3/><U62/><E6/><V103/><F113/><W17/><G7/><T18/><D71/><U119/><E96/><V16/><F103/><W109/><G89/><T129/><D90/><U1/><E106/><V116/><F116/><W130/><G67/><T104/><D104/><U36/><E36/><V107/><F131/><N who="0" m="50250" /><D83/><U56/><E119/><V81/><F105/><W123/><G123/><T50/><D18/><U64/><E64/><V9/><F9/><W92/><G92/><T37/><D55/><U85/><REACH who="1" step="1"/><E91/><REACH who="1" ten="229,420,122,219" step="2"/><V23/><F99/><W29/><G130/><T121/><D121/><U48/><E48/><V84/><F107/><W27/><G38/><T87/><D87/><U79/><E79/><V22/><F84/><W40/><G134/><T32/><D32/><U57/><E57/><V65/><F59/><W93/><G132/><N who="2" m="50761" /><F100/><W95/><G44/><T68/><D68/><U97/><E97/><V20/><F47/><W63/><G125/><T80/><D80/><U30/><E30/><AGARI ba="4,1" hai="26,30,34,37,43,46,49,50,51,76,78" m="50250" machi="30" ten="30,7700,0" yaku="19,1,52,3" doraHai="45" who="0" fromWho="1" sc="229,99,420,-89,122,0,219,0" /><INIT seed="2,0,0,3,4,57" ten="328,331,122,219" oya="2" hai0="122,115,56,82,33,25,17,24,117,19,123,125,118" hai1="1,21,77,119,124,108,12,73,104,107,78,71,91" hai2="72,65,135,42,134,10,38,97,116,4,53,52,128" hai3="43,64,62,133,63,27,67,70,6,58,80,29,22"/><V81/><F116/><N who="0" m="44650" /><D82/><U113/><E119/><V0/><F128/><W36/><G133/><N who="2" m="50697" /><F97/><W30/><G6/><T89/><D89/><U41/><E113/><V110/><F65/><W54/><G80/><T32/><D56/><U59/><E71/><V76/><F110/><W98/><G98/><T55/><D55/><U28/><E1/><V120/><F120/><N who="0" m="46122" /><D125/><U86/><E124/><V39/><F39/><W95/><G95/><T126/><D126/><U130/><E130/><V112/><F112/><W8/><G8/><T15/><D115/><U5/><E108/><V83/><F83/><W66/><G43/><T121/><N who="0" m="46130" /><T61/><DORA hai="35" /><D61/><U111/><E41/><V40/><F40/><W14/><G36/><T88/><D88/><U84/><E91/><V105/><F105/><W96/><G96/><T13/><D32/><U79/><E107/><V75/><F72/><W90/><G90/><T100/><D100/><U68/><E104/><V31/><F31/><W44/><G30/><N who="0" m="19655" /><D17/><N who="1" m="10407" /><E73/><V3/><F3/><W48/><G67/><T26/><D13/><U49/><E68/><V23/><F23/><AGARI ba="0,0" hai="15,19,23,25,26" m="19655,46130,44650" machi="23" ten="40,5200,0" yaku="12,1,34,2" doraHai="57,35" who="0" fromWho="2" sc="328,52,331,0,122,-52,219,0" /><INIT seed="3,0,0,2,2,57" ten="380,331,70,219" oya="3" hai0="18,115,89,39,22,9,29,77,13,44,130,105,25" hai1="37,50,62,49,24,61,93,118,116,129,102,78,7" hai2="21,95,38,98,126,53,96,67,101,12,5,0,52" hai3="26,121,47,42,41,65,112,45,28,56,90,30,48"/><W63/><G112/><T134/><D105/><U59/><E37/><V103/><F126/><W81/><G121/><T125/><D125/><U27/><E78/><V124/><F124/><W97/><G26/><N who="1" m="9770" /><E7/><V104/><F38/><W88/><G90/><T127/><D127/><U33/><E33/><V36/><F36/><W106/><G106/><T132/><D130/><U111/><E129/><V82/><F0/><W68/><G68/><T3/><D115/><U17/><E17/><V46/><F46/><W23/><G23/><T87/><D77/><U74/><E74/><V8/><F82/><W35/><G35/><N who="0" m="20911" /><D44/><U94/><E111/><V135/><F135/><N who="0" m="51754" /><D39/><U19/><E19/><V70/><F21/><W83/><G83/><N who="0" m="49407" /><D3/><U60/><E59/><V43/><F43/><W79/><G79/><T76/><D76/><U122/><E102/><V99/><F99/><W58/><G58/><T73/><D22/><U51/><E122/><V91/><F91/><W114/><G114/><T16/><D73/><U107/><E107/><V128/><F128/><W14/><G81/><T85/><D18/><U84/><E84/><AGARI ba="0,0" hai="9,13,16,84,85" m="49407,51754,20911" machi="84" ten="30,2000,0" yaku="20,1,54,1" doraHai="57" who="0" fromWho="1" sc="380,20,331,-20,70,0,219,0" owari="400,50.0,311,11.1,70,-43.0,219,-18.1" /></mjloggm>