<mjloggm ver="2.3"><GO type="225" lobby="0"/><UN n0="%E5%AF%82%E5%AF%9E%E3%82%AE%E3%83%8D%E3%82%B9%E3%83%93%E3%83%BC%E3%83%AB" n1="%E3%83%AD%E3%83%83%E3%83%86%E9%9B%80%E7%90%83" n2="%73%61%6B%6F%EF%BC%A0%E6%9C%80" n3="%E8%81%B7%E6%A5%AD%E3%80%81%E9%A2%A8%32" dan="16,17,16,16" rate="2133.55,2265.83,2176.67,2131.94" sx="M,M,M,M"/><TAIKYOKU oya="0"/><INIT seed="0,0,0,1,3,11" ten="250,250,250,250" oya="0" hai0="117,93,70,29,121,5,37,36,134,17,133,99,67" hai1="48,15,13,128,72,76,122,101,73,64,124,34,103" hai2="32,2,22,1,80,89,57,75,45,3,19,23,115" hai3="126,38,68,79,85,94,66,69,95,123,119,9,49"/><T97/><D117/><U102/><E122/><V116/><F115/><W127/><G38/><N who="0" m="14955" /><D121/><U35/><E48/><V47/><F116/><W46/><G119/><T96/><D5/><U43/><E64/><V50/><F32/><N who="1" m="12329" /><E76/><V31/><F31/><W86/><G123/><T60/><D29/><U40/><E124/><N who="3" m="47658" /><G9/><T14/><D93/><N who="3" m="35337" /><G66/><T100/><D100/><U105/><E105/><V51/><F57/><W130/><G130/><T61/><D70/><N who="3" m="27241" /><G79/><T118/><D67/><U54/><E54/><AGARI ba="0,0" hai="46,49,54,85,86" m="27241,35337,47658" machi="54" ten="30,1000,0" yaku="18,1" doraHai="11" who="3" fromWho="1" sc="250,0,250,-10,250,0,250,10" /><INIT seed="1,0,0,2,4,0" ten="250,240,250,260" oya="1" hai0="8,112,60,69,96,87,133,102,92,19,54,14,20" hai1="107,22,128,40,100,65,135,6,125,59,31,7,56" hai2="117,106,37,77,111,18,21,15,132,73,64,108,95" hai3="88,58,83,39,10,123,130,101,25,115,70,38,134"/><U12/><E107/><V26/><F117/><W104/><G123/><T113/><D133/><U99/><E135/><V93/><F106/><W17/><G70/><T16/><D87/><U13/><E128/><V29/><F37/><W126/><G115/><T127/><D127/><U63/><E125/><V116/><F116/><W2/><G101/><T78/><D78/><U48/><E100/><V118/><F118/><W94/><G83/><T66/><REACH who="0" step="1"/><D54/><REACH who="0" ten="240,240,250,260" step="2"/><N who="1" m="31815" /><E99/><V76/><F132/><W32/><G134/><T85/><D85/><U105/><E105/><V80/><F76/><W71/><G104/><T34/><D34/><U51/><E31/><V75/><F73/><W57/><G32/><T44/><D44/><N who="1" m="25991" /><E22/><V36/><F75/><W119/><G126/><T98/><D98/><U62/><E62/><V90/><F77/><W47/><G119/><T109/><D109/><U84/><E84/><V33/><F111/><W52/><G47/><T9/><D9/><U28/><E28/><V24/><F108/><W68/><G10/><T67/><D67/><U5/><AGARI ba="0,1" hai="5,6,7,12,13,59,63,65" m="25991,31815" machi="5" ten="30,11700,0" yaku="8,1,52,3" doraHai="0" who="1" fromWho="1" sc="240,-39,240,127,250,-39,260,-39" /><INIT seed="1,1,0,1,1,111" ten="201,367,211,221" oya="1" hai0="23,76,102,85,129,3,50,126,124,53,105,122,25" hai1="41,134,24,49,59,135,61,79,45,12,112,69,51" hai2="99,113,119,118,30,44,6,31,87,37,67,130,58" hai3="2,73,94,60,15,110,70,38,39,81,13,104,114"/><U100/><E100/><V36/><F6/><W123/><G110/><T11/><D129/><U83/><E24/><V108/><F108/><W62/><G2/><T82/><D122/><U128/><E12/><V78/><F99/><W125/><G104/><T20/><D102/><U16/><E16/><V72/><F72/><W131/><G123/><T40/><D40/><U95/><E95/><V133/><F130/><W18/><G94/><T52/><D105/><U115/><E128/><V9/><F9/><W84/><G73/><T101/><D101/><U88/><E88/><V66/><F58/><W56/><G15/><T109/><D109/><U96/><E96/><V106/><F44/><W29/><G29/><T7/><D23/><U14/><E14/><V47/><F47/><W48/><G114/><N who="1" m="43562" /><E83/><V0/><F113/><W22/><G81/><T42/><D42/><U1/><E79/><V75/><F106/><W120/><G13/><T93/><D93/><U132/><E1/><V107/><F107/><W43/><G22/><T54/><REACH who="0" step="1"/><D50/><REACH who="0" ten="191,367,211,221" step="2"/><N who="1" m="26927" /><E69/><V28/><F118/><W71/><G70/><T92/><D92/><U34/><E34/><V26/><F119/><W64/><G71/><T74/><D74/><U90/><E49/><V46/><F75/><W127/><G48/><T57/><D57/><U63/><E51/><V19/><F46/><W103/><G103/><T5/><D5/><U32/><E32/><V91/><F37/><W86/><G39/><T117/><D117/><U8/><E59/><V35/><F36/><W65/><G38/><T4/><D4/><U97/><E135/><RYUUKYOKU ba="1,1" sc="191,30,367,-10,211,-10,221,-10" hai0="3,7,11,20,25,52,53,54,76,82,85,124,126" /><INIT seed="2,2,1,4,1,24" ten="221,357,201,211" oya="2" hai0="0,54,80,65,44,86,64,35,8,83,116,37,2" hai1="124,115,91,101,68,34,30,105,135,22,9,56,13" hai2="63,16,75,29,85,93,50,121,76,71,1,14,25" hai3="59,55,131,10,67,31,102,19,11,104,90,23,66"/><V15/><F121/><W95/><G131/><T112/><D112/><U119/><E68/><V87/><F1/><W113/><G102/><T42/><D35/><U6/><E119/><V114/><F75/><W52/><G104/><T84/><D116/><U88/><E115/><V46/><F114/><W120/><G31/><T110/><D110/><U70/><E70/><V28/><F71/><W36/><G36/><T122/><D54/><N who="3" m="20521" /><G113/><T43/><D122/><U33/><E56/><V74/><F74/><W123/><G120/><T117/><D117/><U92/><E124/><V129/><F63/><N who="3" m="38271" /><G67/><T17/><D44/><U77/><E135/><V94/><F129/><W106/><G106/><T126/><D37/><U72/><E91/><V27/><F46/><W20/><G20/><T47/><D47/><U108/><E30/><V111/><F76/><W51/><G51/><T78/><D78/><U3/><E22/><V89/><F89/><W130/><G130/><T60/><D60/><U12/><E108/><V73/><F73/><W132/><G132/><T48/><D48/><U81/><E34/><V7/><F50/><W103/><G103/><T57/><D57/><U4/><E33/><V82/><F111/><W49/><G49/><T69/><D69/><U5/><E3/><V58/><F58/><W107/><G107/><T32/><D32/><U118/><E118/><V100/><F100/><W45/><G45/><T134/><D134/><U61/><E101/><V97/><F29/><W62/><G62/><T125/><D8/><U18/><E61/><V26/><F28/><W99/><G123/><RYUUKYOKU ba="2,1" sc="221,15,357,-15,201,-15,211,15" hai0="0,2,17,42,43,64,65,80,83,84,86,125,126" hai3="10,11,19,23,90,95,99" /><INIT seed="3,3,1,5,1,24" ten="236,342,186,226" oya="3" hai0="47,40,72,16,110,48,87,53,103,42,17,74,18" hai1="107,82,14,108,57,127,114,118,85,100,89,54,41" hai2="62,128,98,15,46,76,96,34,129,33,43,106,49" hai3="8,5,63,81,126,4,56,83,131,135,75,3,84"/><W121/><G121/><T86/><D103/><U0/><E0/><V130/><F76/><W23/><G126/><T22/><D110/><U77/><E114/><V102/><F15/><W31/><G131/><T70/><D70/><U99/><E108/><V6/><F6/><N who="3" m="2667" /><G75/><T38/><D74/><U35/><E35/><V30/><F30/><W13/><G135/><T115/><D72/><U12/><E41/><N who="0" m="15977" /><D38/><U7/><E118/><V45/><F62/><W78/><G3/><T50/><D115/><U61/><E7/><V109/><F109/><W133/><G133/><T93/><D22/><U1/><E1/><V29/><F29/><W94/><G83/><T119/><D119/><U51/><E127/><V88/><F46/><W9/><G94/><AGARI ba="3,1" hai="33,34,43,45,49,88,94,96,98,102,106,128,129,130" machi="94" ten="40,2600,0" yaku="19,1,54,1" doraHai="24" who="2" fromWho="3" sc="236,0,342,0,186,45,226,-35" owari="236,3.6,342,44.2,231,-16.9,191,-30.9" /></mjloggm>