<mjloggm ver="2.3"><GO type="225" lobby="0"/><UN n0="%E5%A4%96%E5%B7%9D%E7%AB%9C%E6%88%90" n1="%6D%75%75%6D%75%72%61" n2="%48%61%61%61%6C%61%6E%64" n3="%32%E9%99%90" dan="16,17,17,16" rate="2143.35,2203.46,2153.43,2122.58" sx="M,F,M,M"/><TAIKYOKU oya="0"/><INIT seed="0,0,0,0,2,64" ten="250,250,250,250" oya="0" hai0="59,135,121,103,44,113,123,25,122,32,134,89,15" hai1="94,130,23,119,24,20,62,5,101,86,51,7,57" hai2="109,38,43,12,72,54,74,46,110,88,105,124,126" hai3="39,93,30,132,11,102,117,70,98,65,66,118,87"/><T114/><D103/><U67/><E119/><V108/><F105/><W37/><G132/><N who="0" m="50731" /><D89/><N who="1" m="53559" /><E130/><V36/><F36/><W69/><G30/><N who="0" m="19535" /><D59/><U78/><E101/><V16/><F54/><W41/><G87/><T77/><D77/><U127/><E127/><N who="2" m="48683" /><F88/><W53/><G53/><T129/><D44/><U2/><E2/><V63/><F63/><W120/><G120/><T111/><D111/><N who="2" m="28418" /><V31/><DORA hai="17" /><F31/><W40/><G102/><T116/><D116/><U22/><E24/><V8/><AGARI ba="0,0" hai="8,12,16,38,43,46,72,74" m="28418,48683" machi="8" ten="50,6400,0" yaku="18,1,14,1,54,1" doraHai="64,17" who="2" fromWho="2" sc="250,-32,250,-16,250,64,250,-16" /><INIT seed="1,0,0,2,0,101" ten="218,234,314,234" oya="1" hai0="111,102,114,51,96,14,58,112,108,22,34,2,56" hai1="39,92,64,84,85,126,118,106,57,66,77,113,8" hai2="40,16,15,43,47,121,79,50,52,20,110,62,69" hai3="115,19,31,119,24,29,23,65,60,27,59,13,122"/><U49/><E113/><V120/><F110/><N who="0" m="42026" /><D34/><U9/><E118/><V91/><F79/><W124/><G122/><T0/><D22/><U32/><E39/><V46/><F91/><W33/><G115/><N who="0" m="44075" /><D14/><U135/><E32/><V7/><F7/><W11/><REACH who="3" step="1"/><G124/><REACH who="3" ten="218,234,314,224" step="2"/><T130/><D130/><U10/><E126/><V3/><F120/><W86/><G86/><T41/><D0/><U107/><E84/><V81/><F3/><W42/><G42/><T4/><D2/><U17/><E85/><V28/><F43/><W54/><G54/><T75/><D75/><U87/><E87/><V97/><F40/><W38/><G38/><T30/><D41/><U61/><E77/><V25/><F121/><W45/><G45/><T95/><D96/><U89/><E66/><V48/><F97/><W35/><G35/><T103/><D102/><U131/><E64/><V109/><F109/><W67/><G67/><T99/><D103/><U82/><BYE who="0" /><E131/><V76/><F46/><UN n0="%E5%A4%96%E5%B7%9D%E7%AB%9C%E6%88%90" /><W98/><G98/><T36/><D99/><U90/><E82/><V68/><F81/><W26/><G26/><T5/><D36/><U78/><E78/><V53/><F76/><W83/><G83/><T100/><D100/><U132/><E89/><V1/><F1/><W116/><AGARI ba="0,1" hai="11,13,19,23,24,27,29,31,33,59,60,65,116,119" machi="116" ten="30,4000,0" yaku="1,1,0,1,53,1" doraHai="101" doraHaiUra="63" who="3" fromWho="3" sc="218,-10,234,-20,314,-10,224,50" /><INIT seed="2,0,0,3,5,113" ten="208,214,304,274" oya="2" hai0="17,135,81,71,56,95,96,89,99,1,0,107,104" hai1="75,109,7,131,14,92,116,127,40,28,29,67,111" hai2="45,74,110,66,16,30,134,70,39,9,41,55,98" hai3="21,48,128,2,118,53,22,68,31,43,123,47,78"/><V101/><F74/><W15/><G123/><T69/><D135/><U11/><E127/><V23/><F134/><W112/><G2/><T61/><D81/><U24/><E75/><V120/><F120/><W102/><G68/><T27/><D0/><U63/><E131/><V44/><F110/><N who="1" m="41993" /><E40/><V103/><F30/><N who="1" m="11881" /><E24/><V76/><F76/><W8/><G78/><T94/><D1/><U129/><E129/><V38/><F9/><W84/><G8/><T108/><D108/><U115/><E115/><V52/><F66/><W35/><G112/><T26/><D17/><U54/><E54/><V79/><F79/><W119/><G53/><T57/><D89/><U100/><E92/><V77/><F77/><W72/><G72/><T33/><REACH who="0" step="1"/><D61/><REACH who="0" ten="198,214,304,274" step="2"/><U60/><E100/><V91/><F101/><W83/><G102/><T117/><D117/><U50/><E63/><V13/><F91/><N who="3" m="51615" /><G128/><T64/><D64/><U3/><E3/><V133/><F133/><W132/><G132/><T130/><D130/><U97/><E116/><V121/><F121/><W6/><G118/><T58/><D58/><N who="1" m="37271" /><E50/><V85/><F103/><W19/><G119/><T114/><D114/><U32/><E32/><AGARI ba="0,1" hai="26,27,32,33,56,57,69,71,94,95,96,99,104,107" machi="32" ten="25,3200,0" yaku="1,1,22,2,53,0" doraHai="113" doraHaiUra="49" who="0" fromWho="1" sc="198,42,214,-32,304,0,274,0" /><INIT seed="3,0,0,3,0,27" ten="240,182,304,274" oya="3" hai0="34,33,93,52,32,10,62,7,55,81,9,26,88" hai1="118,130,37,2,21,64,13,63,38,49,119,17,135" hai2="48,75,0,112,129,41,96,31,102,54,39,5,94" hai3="117,12,114,76,110,84,14,71,50,123,86,122,89"/><W29/><G71/><T109/><D109/><U127/><E2/><V100/><F112/><W133/><G114/><T1/><D81/><U44/><E127/><V65/><F75/><W20/><G117/><T35/><D10/><U16/><E130/><V90/><F65/><W101/><G101/><T22/><D33/><U3/><E3/><V80/><F129/><W106/><G106/><T42/><D42/><U83/><E135/><V82/><F39/><W134/><G50/><T46/><D46/><U107/><E107/><V125/><F41/><W128/><G110/><T108/><D108/><U18/><E83/><V8/><F125/><W36/><G76/><T53/><D62/><U69/><E38/><V51/><F51/><W103/><G103/><T15/><D1/><U124/><E37/><V70/><F70/><W23/><G36/><T43/><D43/><U72/><E72/><V24/><F100/><W6/><G6/><T30/><REACH who="0" step="1"/><D32/><REACH who="0" ten="230,182,304,274" step="2"/><U61/><E124/><V58/><F82/><W28/><G128/><T66/><D66/><U47/><E63/><V40/><F80/><W79/><G79/><T91/><D91/><AGARI ba="0,1" hai="12,14,20,23,28,29,84,86,89,91,122,123,133,134" machi="91" ten="25,9600,0" yaku="22,2,52,2" doraHai="27" who="3" fromWho="0" sc="230,-96,182,0,304,0,274,106" owari="134,-36.6,182,-21.8,304,10.4,380,48.0" /></mjloggm>