<mjloggm ver="2.3"><GO type="225" lobby="0"/><UN n0="%E3%82%B2%E3%82%B9%E8%8C%82%E5%8B%9D" n1="%6D%75%75%6D%75%72%61" n2="%E7%99%BD%E9%9B%AA%E4%B9%83%E6%84%9B" n3="%E3%81%82%E3%81%B9%E3%81%99%E3%81%91" dan="16,17,16,16" rate="2013.48,2184.68,2061.78,2074.91" sx="F,F,F,M"/><TAIKYOKU oya="0"/><INIT seed="0,0,0,5,3,31" ten="250,250,250,250" oya="0" hai0="5,110,65,77,0,135,75,115,128,45,94,35,101" hai1="56,60,4,80,98,108,79,32,129,120,102,52,58" hai2="6,59,54,119,123,73,18,127,85,67,61,50,76" hai3="83,71,11,19,106,133,72,78,38,63,8,69,105"/><T122/><D115/><U86/><E108/><V33/><F123/><W57/><G38/><T66/><D122/><U70/><E129/><V112/><F112/><W29/><G133/><T53/><D128/><U130/><E130/><V24/><F127/><W43/><G43/><T88/><D110/><U25/><E120/><V44/><F119/><W30/><G69/><T21/><D101/><U62/><E70/><V107/><F107/><W26/><G71/><T17/><D35/><U100/><E4/><V118/><F118/><W82/><G82/><T37/><D135/><U125/><E125/><V121/><F121/><W96/><G30/><T97/><D77/><U95/><E32/><V13/><F73/><W20/><G96/><T116/><D75/><U51/><E25/><V55/><F6/><W131/><G131/><T10/><D116/><U111/><E111/><V84/><F76/><W1/><G1/><T92/><D92/><U16/><E16/><V109/><F109/><W15/><REACH who="3" step="1"/><G11/><REACH who="3" ten="250,250,250,240" step="2"/><T134/><D134/><U48/><REACH who="1" step="1"/><E102/><REACH who="1" ten="250,240,250,240" step="2"/><V22/><REACH who="2" step="1"/><F67/><AGARI ba="0,2" hai="8,15,19,20,26,29,57,63,67,72,78,83,105,106" machi="67" ten="30,3900,0" yaku="1,1,2,1,7,1,53,0" doraHai="31" doraHaiUra="126" who="3" fromWho="2" sc="250,0,240,0,250,-39,240,59" /><AGARI ba="0,0" hai="48,51,52,56,58,60,62,67,79,80,86,95,98,100" machi="67" ten="30,8000,1" yaku="1,1,2,1,7,1,8,1,54,1,53,0" doraHai="31" doraHaiUra="126" who="1" fromWho="2" sc="250,0,240,80,211,-80,299,0" /><INIT seed="1,0,0,1,0,125" ten="250,320,131,299" oya="1" hai0="34,35,63,49,114,68,55,57,10,111,62,51,72" hai1="133,80,28,12,85,31,106,127,71,16,9,60,3" hai2="64,25,69,5,52,42,94,124,33,123,6,41,24" hai3="29,119,40,93,76,128,20,15,22,23,95,117,8"/><U75/><E127/><V103/><F124/><W1/><G76/><T7/><D111/><U19/><E133/><V97/><F123/><W46/><G128/><T38/><D114/><U26/><E106/><V82/><F64/><W58/><G58/><T56/><D72/><U0/><E75/><V108/><F69/><W21/><G1/><T99/><D38/><U32/><E31/><V102/><F108/><W11/><G29/><T43/><D68/><U107/><E107/><V13/><F82/><W37/><N who="3" m="5120" /><DORA hai="109" /><W74/><G74/><T126/><D99/><U105/><E105/><V130/><F130/><W110/><G110/><T18/><D18/><U44/><E19/><V100/><F33/><W84/><G84/><T104/><D104/><U47/><E60/><V73/><F73/><W120/><G120/><T79/><D79/><U132/><E71/><V118/><F118/><N who="3" m="45067" /><G11/><T48/><D43/><U83/><E83/><V88/><F52/><W78/><G78/><T116/><D126/><U122/><E132/><V89/><F89/><W67/><G67/><T115/><D116/><U92/><E122/><V91/><F91/><W113/><G113/><T98/><D98/><U65/><E65/><V135/><F135/><W86/><G86/><T50/><D115/><U30/><E30/><V101/><N who="2" m="25600" /><DORA hai="66" /><V77/><F77/><W81/><G81/><T36/><D35/><U61/><E80/><V96/><F96/><W70/><G70/><T90/><D34/><U4/><E32/><V27/><F13/><W134/><G134/><T14/><N who="0" m="12288" /><DORA hai="17" /><T45/><D90/><RYUUKYOKU ba="0,0" sc="250,-15,320,-15,131,15,299,15" hai2="5,6,24,25,27,41,42,88,94,97" hai3="8,15,37,40,46,93,95" /><INIT seed="2,1,0,3,1,46" ten="235,305,146,314" oya="2" hai0="85,98,57,8,1,13,59,64,67,74,50,135,90" hai1="3,129,82,121,28,19,119,78,108,9,110,122,84" hai2="7,87,47,118,103,61,123,17,22,35,48,75,97" hai3="128,20,15,112,100,91,113,39,125,105,120,60,53"/><V99/><F118/><W21/><G120/><N who="1" m="46186" /><E119/><V63/><F123/><W37/><G128/><T101/><D135/><U6/><E129/><V14/><F35/><W65/><G125/><T11/><D74/><U124/><E124/><V77/><F75/><W40/><G53/><T80/><D1/><U56/><E28/><V106/><F7/><W70/><G40/><T115/><D115/><N who="3" m="44105" /><G91/><T62/><D13/><U24/><E56/><V34/><F34/><W49/><G49/><T133/><D133/><U16/><E24/><V68/><F68/><W96/><G15/><T83/><D83/><U72/><E72/><V26/><F26/><W79/><G79/><T12/><D12/><U104/><E104/><V127/><F127/><W5/><G5/><T95/><REACH who="0" step="1"/><D67/><REACH who="0" ten="225,305,146,314" step="2"/><U134/><E134/><V27/><F14/><W117/><G117/><T30/><D30/><U41/><E41/><V52/><REACH who="2" step="1"/><F97/><REACH who="2" ten="225,305,136,314" step="2"/><W33/><G96/><T0/><D0/><U55/><E3/><V88/><F88/><W86/><G33/><T51/><D51/><U102/><E6/><V54/><F54/><AGARI ba="1,2" hai="8,11,50,54,57,59,62,64,80,85,90,95,98,101" machi="54" ten="40,8000,1" yaku="1,1,8,1,52,1,53,1" doraHai="46" doraHaiUra="93" who="0" fromWho="2" sc="225,103,305,0,136,-83,314,0" /><INIT seed="3,0,0,5,0,128" ten="328,305,53,314" oya="3" hai0="47,85,118,27,73,32,115,65,24,17,3,111,83" hai1="8,1,12,25,50,16,48,46,113,35,74,69,71" hai2="19,79,67,13,68,70,122,114,121,40,59,55,95" hai3="81,23,96,130,56,31,72,18,43,86,134,15,11"/><W37/><G134/><T87/><D118/><U22/><E113/><V52/><F95/><W106/><G130/><T129/><D129/><U62/><E74/><V38/><F13/><W80/><G72/><T26/><D3/><U99/><E99/><V2/><F2/><W10/><G37/><T41/><D115/><U123/><E123/><V119/><F79/><N who="3" m="46367" /><G43/><T34/><D111/><U44/><E62/><V42/><F19/><W88/><G106/><T100/><D100/><U29/><E48/><V60/><F114/><W135/><G135/><T78/><D17/><U76/><E76/><V45/><F119/><W131/><G131/><T112/><D112/><U98/><E98/><V57/><F40/><W66/><G31/><T132/><D132/><U51/><E51/><V90/><F90/><W14/><G14/><T133/><D133/><U101/><E101/><V120/><REACH who="2" step="1"/><F67/><REACH who="2" ten="328,305,43,314" step="2"/><W30/><G15/><T110/><D65/><U84/><E84/><V117/><F117/><W54/><G66/><T116/><D116/><U20/><E20/><V93/><F93/><N who="3" m="56359" /><G18/><T103/><D103/><U63/><E63/><AGARI ba="0,1" hai="38,42,45,52,55,57,59,60,63,68,70,120,121,122" machi="63" ten="40,12000,2" yaku="1,1,9,1,13,1,34,3,54,1,53,0" doraHai="128" doraHaiUra="5" who="2" fromWho="1" sc="328,0,305,-120,43,130,314,0" owari="328,42.8,185,-21.5,173,-32.7,314,11.4" /></mjloggm>