<mjloggm ver="2.3"><GO type="225" lobby="0"/><UN n0="%E7%9C%9F%E4%B8%80" n1="%72%65%6E%6B%75%6E" n2="%4B%2E%32%2E%4B%2E" n3="%E6%A0%B9%E5%85%83%E3%81%8B%E3%82%89%E5%90%B9%E3%81%A3%E9%A3%9B%E3%81%B6" dan="17,17,16,17" rate="2194.19,2315.61,2111.88,2201.07" sx="M,M,M,F"/><TAIKYOKU oya="0"/><INIT seed="0,0,0,1,1,81" ten="250,250,250,250" oya="0" hai0="95,100,69,101,99,33,105,78,37,118,23,52,21" hai1="130,7,82,127,42,2,41,9,4,1,123,113,29" hai2="10,54,62,16,55,94,112,59,86,72,93,89,12" hai3="45,60,6,120,90,84,57,103,49,68,98,117,107"/><T92/><D118/><U134/><E82/><N who="2" m="49367" /><F72/><W73/><G117/><T108/><D33/><U39/><E29/><V50/><F112/><W53/><G120/><T71/><D37/><U131/><E123/><V20/><F20/><W30/><G73/><T80/><D108/><U66/><E66/><V97/><F97/><W104/><G30/><T129/><D129/><U76/><E76/><V111/><F111/><W0/><G68/><T19/><D21/><U28/><E28/><V115/><F115/><W114/><G114/><T77/><D71/><U79/><E79/><V70/><F70/><W15/><G0/><T26/><D69/><U32/><E32/><V56/><AGARI ba="0,0" hai="10,12,16,50,54,55,56,59,62,93,94" m="49367" machi="56" ten="30,4000,0" yaku="8,1,52,1,54,1" doraHai="81" who="2" fromWho="2" sc="250,-20,250,-10,250,40,250,-10" /><INIT seed="1,0,0,0,3,110" ten="230,240,290,240" oya="1" hai0="12,119,118,106,63,50,70,102,128,93,21,101,28" hai1="11,124,73,49,75,66,94,6,86,26,127,133,88" hai2="3,33,9,104,10,48,71,100,16,38,74,62,34" hai3="113,130,32,65,92,79,135,20,89,84,111,27,57"/><U29/><E133/><V115/><F38/><W116/><G113/><T95/><D128/><U72/><E66/><V45/><F74/><W97/><G111/><T67/><D50/><U105/><E49/><V131/><F131/><W54/><G32/><T80/><D80/><U61/><E61/><V59/><F71/><W56/><G135/><T44/><D44/><U134/><E105/><V18/><F115/><W52/><G116/><T69/><D12/><U47/><E47/><V51/><F100/><N who="3" m="60455" /><G79/><T31/><D21/><U87/><E87/><V107/><F62/><N who="3" m="38087" /><G57/><T14/><D63/><U132/><E26/><V123/><F59/><W37/><G37/><T64/><REACH who="0" step="1"/><D14/><REACH who="0" ten="220,240,290,240" step="2"/><N who="1" m="5495" /><E29/><V83/><F45/><W82/><G130/><T91/><D91/><U43/><E43/><V42/><F42/><W103/><G103/><T77/><D77/><U122/><E134/><V112/><F51/><W7/><G7/><T2/><D2/><U40/><E132/><V41/><F41/><W129/><G129/><T78/><D78/><U108/><E40/><V22/><F48/><W15/><G15/><T8/><D8/><U96/><E73/><V4/><F3/><W39/><G39/><T55/><D55/><U114/><E72/><V36/><F36/><W23/><G20/><T126/><D126/><N who="1" m="48171" /><E75/><V76/><F22/><W90/><G89/><T117/><D117/><U60/><E60/><V17/><F34/><W53/><G54/><T98/><D98/><U46/><E96/><V30/><F33/><W68/><G68/><T99/><D99/><U58/><E46/><V1/><F1/><RYUUKYOKU ba="0,1" sc="220,15,240,-15,290,-15,240,15" hai0="28,31,64,67,69,70,93,95,101,102,106,118,119" hai3="23,27,52,53,82,84,90" /><INIT seed="2,1,1,4,2,42" ten="235,225,275,255" oya="2" hai0="68,27,11,120,93,40,92,13,84,3,63,70,83" hai1="64,79,113,65,72,14,82,5,76,105,77,96,99" hai2="67,36,23,131,29,33,114,60,69,25,118,16,89" hai3="1,4,94,101,62,112,15,26,55,128,61,75,134"/><V111/><F114/><W90/><G75/><T108/><D120/><U43/><E113/><V21/><F118/><W44/><G128/><T38/><D3/><U59/><E43/><V46/><F131/><W12/><G134/><T7/><D108/><U54/><E72/><V2/><F2/><W129/><G1/><T51/><D38/><U52/><E82/><V132/><F132/><W106/><G129/><T71/><D63/><N who="3" m="24073" /><G106/><T20/><D20/><U57/><E105/><V49/><F36/><W126/><G101/><T86/><D27/><U115/><E115/><V124/><F124/><W122/><G122/><T100/><D100/><U9/><E59/><V110/><F89/><W0/><G0/><T10/><D10/><U80/><E80/><V47/><F33/><W91/><G26/><T102/><D86/><U30/><E30/><V56/><F69/><W130/><G130/><T45/><REACH who="0" step="1"/><D102/><REACH who="0" ten="225,225,275,255" step="2"/><U74/><E74/><V50/><F110/><W28/><G112/><T22/><D22/><U117/><E117/><V98/><F111/><W58/><G126/><T73/><D73/><U95/><E99/><V85/><F85/><W125/><G125/><T48/><D48/><N who="2" m="18538" /><F98/><W39/><G39/><T24/><D24/><AGARI ba="1,2" hai="16,21,23,24,25,29,46,47,56,60,67" m="18538" machi="24" ten="30,11600,0" yaku="8,1,52,2,54,1" doraHai="42" who="2" fromWho="0" sc="225,-119,225,0,275,139,255,0" /><INIT seed="2,2,0,1,0,79" ten="106,225,414,255" oya="2" hai0="68,123,11,106,72,62,49,82,128,134,57,29,54" hai1="122,31,30,21,80,76,36,105,85,15,20,66,112" hai2="58,77,132,25,13,23,133,104,90,69,0,95,118" hai3="42,110,75,27,38,56,113,9,34,108,119,55,121"/><V65/><F69/><W8/><G119/><T93/><D128/><U130/><E36/><V74/><F104/><W97/><G121/><T98/><D134/><U81/><E105/><V78/><F0/><W61/><G75/><T91/><D123/><U126/><E112/><V22/><F13/><W83/><G113/><T67/><D106/><U53/><E122/><V101/><F101/><W103/><G42/><T125/><D125/><U45/><E66/><V70/><F70/><W59/><G38/><T87/><D72/><U135/><E135/><V124/><F22/><N who="1" m="8809" /><E130/><V52/><F65/><W94/><G83/><N who="1" m="31818" /><E126/><V6/><F74/><W35/><G59/><T129/><D129/><U111/><E111/><N who="3" m="42538" /><G27/><T28/><REACH who="0" step="1"/><D11/><AGARI ba="2,0" hai="8,9,11,34,35,55,56,61,94,97,103" m="42538" machi="11" ten="30,1000,0" yaku="14,1" doraHai="79" who="3" fromWho="0" sc="106,-16,225,0,414,0,255,16" /><INIT seed="3,0,0,4,4,47" ten="90,225,414,271" oya="3" hai0="60,11,124,0,35,21,75,111,99,33,72,122,105" hai1="90,77,57,97,78,85,3,118,12,55,23,135,113" hai2="38,26,43,117,59,86,65,116,1,17,102,126,133" hai3="51,15,132,34,127,125,39,14,79,40,22,61,76"/><W36/><G34/><T120/><D21/><U106/><E3/><V121/><F1/><W64/><G132/><T80/><D111/><U30/><E113/><V87/><F38/><W32/><G32/><T73/><D80/><U98/><E118/><V19/><F43/><W46/><G22/><T96/><D124/><N who="3" m="47689" /><G14/><T107/><D60/><U58/><E135/><V130/><F26/><W109/><G15/><T100/><D122/><U66/><E66/><V134/><F126/><W10/><G10/><T104/><D120/><U114/><E114/><V95/><F130/><W18/><G18/><T68/><D68/><U13/><E58/><V54/><F19/><W131/><G131/><T48/><D48/><N who="1" m="30951" /><E106/><V119/><F121/><W31/><G31/><T89/><D89/><U25/><E13/><V42/><F119/><W103/><G103/><T50/><D50/><U91/><E91/><V24/><F24/><W4/><G4/><T81/><D81/><N who="1" m="49455" /><E12/><V56/><F17/><W63/><G79/><AGARI ba="0,0" hai="23,25,30,77,78,79,97,98" m="49455,30951" machi="79" ten="30,2000,0" yaku="8,1,52,1" doraHai="47" who="1" fromWho="3" sc="90,0,225,20,414,0,271,-20" owari="90,-41.0,245,-15.5,414,51.4,251,5.1" /></mjloggm>