<mjloggm ver="2.3"><GO type="225" lobby="0"/><UN n0="%45%6C%79%73%69%75%6D" n1="%E3%81%9F%E3%81%A3%E3%81%A1%E3%82%87" n2="%72%69%6F%75%63%68%61%6E" n3="%72%61%6B%33" dan="18,16,17,16" rate="2150.54,2063.98,2256.14,2175.74" sx="F,M,M,M"/><TAIKYOKU oya="0"/><INIT seed="0,0,0,0,5,81" ten="250,250,250,250" oya="0" hai0="50,51,104,10,123,1,124,131,21,97,11,118,12" hai1="109,60,119,40,67,49,17,55,113,78,122,74,84" hai2="87,57,76,46,33,43,45,25,114,53,30,32,2" hai3="110,26,44,20,85,86,130,71,7,5,54,56,3"/><T135/><D123/><U120/><E74/><V99/><F114/><W66/><G110/><T88/><D118/><U108/><E119/><V100/><F2/><W126/><G130/><T65/><D131/><U96/><E96/><V63/><F33/><W23/><G126/><T27/><D124/><U127/><E40/><V70/><F70/><W98/><G3/><T29/><D135/><U80/><E17/><V47/><F76/><W34/><G34/><T101/><D65/><U116/><E116/><V52/><F87/><N who="3" m="33291" /><G71/><T105/><D105/><U22/><E22/><N who="3" m="8234" /><G26/><T92/><D1/><U133/><E133/><V38/><REACH who="2" step="1"/><F53/><REACH who="2" ten="250,250,240,250" step="2"/><W69/><G69/><T39/><D27/><U73/><E127/><V112/><F112/><W117/><G117/><T125/><D125/><U93/><E113/><V35/><F35/><W134/><G134/><T102/><D29/><U77/><E78/><V15/><F15/><W16/><G98/><T9/><D97/><U14/><E14/><V4/><F4/><N who="3" m="1611" /><G66/><T19/><D21/><U18/><E120/><V94/><AGARI ba="0,1" hai="25,30,32,38,43,45,46,47,52,57,63,94,99,100" machi="94" ten="20,5200,0" yaku="1,1,0,1,7,1,54,1,53,0" doraHai="81" doraHaiUra="61" who="2" fromWho="2" sc="250,-26,250,-13,240,62,250,-13" /><INIT seed="1,0,0,3,3,88" ten="224,237,302,237" oya="1" hai0="74,75,21,36,68,55,54,110,11,17,25,97,113" hai1="49,67,114,128,100,33,89,32,6,34,43,45,10" hai2="50,102,79,109,35,123,119,101,127,16,23,37,20" hai3="135,78,1,92,115,58,104,80,27,46,129,15,111"/><U99/><E114/><V94/><F119/><W76/><G1/><T61/><D113/><U5/><E128/><V87/><F123/><W40/><G104/><T7/><D36/><U0/><E5/><V3/><F37/><W85/><G115/><T124/><D110/><U53/><E67/><V96/><F35/><W26/><G129/><T105/><D124/><U22/><E89/><V9/><F109/><W81/><G111/><T41/><D41/><U106/><REACH who="1" step="1"/><E22/><REACH who="1" ten="224,227,302,237" step="2"/><V118/><F23/><W117/><G117/><T51/><D7/><U82/><E82/><N who="2" m="47583" /><F118/><W73/><G80/><T56/><D68/><U91/><E91/><N who="2" m="55391" /><F127/><W103/><G81/><T90/><D11/><U38/><E38/><V107/><F9/><W86/><G78/><T63/><D90/><U77/><E77/><V62/><F3/><W72/><G76/><T84/><D21/><U64/><E64/><V95/><F107/><W108/><G108/><T69/><D105/><U70/><E70/><V4/><F4/><W2/><G2/><T98/><D69/><U31/><E31/><V83/><F83/><W19/><G72/><T28/><D28/><U47/><E47/><V60/><F95/><W57/><G92/><T42/><D75/><U18/><E18/><V59/><F20/><W30/><G73/><T134/><D74/><U12/><E12/><V93/><F16/><W66/><G19/><T8/><D8/><U39/><E39/><V44/><F93/><W71/><G15/><T48/><D17/><U121/><E121/><V131/><F131/><W116/><G116/><T125/><D125/><RYUUKYOKU ba="0,1" sc="224,-10,227,30,302,-10,237,-10" hai1="0,6,10,32,33,34,43,45,49,53,99,100,106" /><INIT seed="1,1,1,2,2,79" ten="214,257,292,227" oya="1" hai0="27,88,38,55,89,26,122,116,85,124,44,12,87" hai1="29,15,103,35,6,81,113,9,82,18,7,54,127" hai2="47,31,56,93,10,109,135,49,30,128,33,133,24" hai3="125,20,22,4,42,60,118,115,8,43,107,126,108"/><U100/><E113/><V5/><F109/><W62/><G115/><T61/><D116/><U121/><E121/><V32/><F128/><W80/><G107/><T57/><D122/><U101/><E127/><N who="3" m="48650" /><G108/><T17/><D124/><U97/><E35/><V86/><F56/><W91/><G118/><T0/><D0/><U64/><E64/><V1/><F93/><W58/><G22/><N who="0" m="11559" /><D38/><U46/><E29/><V63/><F63/><N who="3" m="24107" /><G20/><T14/><D14/><U106/><E97/><V69/><F69/><W111/><G58/><T41/><D41/><N who="3" m="15369" /><G111/><T48/><D61/><U19/><E106/><V11/><F86/><N who="0" m="32778" /><D57/><U16/><REACH who="1" step="1"/><E6/><REACH who="1" ten="214,247,292,227" step="2"/><V51/><F32/><W70/><G70/><T74/><D74/><U94/><E94/><V96/><F33/><W120/><G120/><T34/><D34/><U98/><E98/><V90/><F96/><W83/><G91/><AGARI ba="1,2" hai="26,27,44,48,55,88,89,91" m="32778,11559" machi="91" ten="30,2000,0" yaku="8,1,54,1" doraHai="79" who="0" fromWho="3" sc="214,43,247,0,292,0,227,-23" /><INIT seed="2,0,0,4,3,62" ten="257,247,292,204" oya="2" hai0="4,34,16,20,61,135,104,31,50,29,89,65,42" hai1="54,84,133,7,97,116,1,105,26,12,127,37,114" hai2="73,60,76,82,47,110,52,17,24,98,68,22,18" hai3="117,81,2,72,112,27,85,35,115,56,49,130,77"/><V43/><F110/><W113/><G117/><T44/><D135/><U131/><E1/><V101/><F68/><W38/><G2/><T83/><D34/><U95/><E37/><V94/><F60/><W87/><G38/><T41/><D4/><U106/><E26/><V120/><F120/><W79/><G130/><T63/><D41/><U108/><E116/><V69/><F69/><W14/><G14/><T53/><D42/><U90/><E54/><V5/><F5/><W45/><G56/><N who="0" m="37095" /><D61/><U78/><E12/><V40/><REACH who="2" step="1"/><F18/><REACH who="2" ten="257,247,282,204" step="2"/><W99/><G115/><T122/><D122/><U100/><E7/><V75/><F75/><W70/><G70/><T0/><D16/><U32/><E108/><V57/><F57/><W48/><G72/><T11/><D29/><U39/><E114/><V21/><F21/><W13/><G113/><T46/><D31/><U125/><E133/><V102/><F102/><W107/><G112/><T67/><D44/><U3/><E32/><V123/><F123/><W103/><G45/><T109/><D20/><U23/><E23/><V15/><F15/><W71/><G13/><T66/><D109/><U132/><E132/><V55/><F55/><W124/><G71/><T51/><D53/><U8/><E131/><V126/><F126/><N who="1" m="48137" /><E100/><V121/><F121/><W9/><G124/><T96/><D0/><U58/><E58/><V92/><F92/><W64/><G35/><T74/><D46/><U88/><E3/><V25/><F25/><W19/><G27/><T59/><D74/><U28/><E28/><V91/><F91/><N who="3" m="51631" /><G19/><T30/><D30/><RYUUKYOKU ba="0,1" sc="257,-10,247,-10,282,30,204,-10" hai2="17,22,24,40,43,47,52,73,76,82,94,98,101" /><INIT seed="2,1,1,2,3,33" ten="247,237,312,194" oya="2" hai0="132,46,85,72,60,39,66,100,86,7,134,118,49" hai1="3,103,20,56,93,9,111,128,10,6,117,24,74" hai2="104,109,101,99,102,11,2,126,16,129,135,119,87" hai3="63,34,69,57,52,112,120,127,30,21,28,125,61"/><V1/><F119/><W115/><G34/><T105/><D72/><U114/><E74/><V55/><F102/><W26/><G28/><T50/><D39/><U64/><E117/><V89/><F129/><W75/><G75/><T17/><D118/><U133/><E114/><N who="3" m="43562" /><G120/><T94/><D105/><U0/><E128/><V58/><F126/><N who="3" m="48139" /><G69/><T78/><D132/><U44/><E133/><V18/><F109/><W73/><G73/><T54/><D134/><U97/><E44/><V91/><F135/><W90/><G90/><T110/><D46/><U130/><E111/><V82/><F91/><W4/><G4/><T8/><D7/><U76/><E76/><V32/><F32/><W106/><G106/><T35/><D78/><U113/><E130/><V59/><F59/><W62/><AGARI ba="1,1" hai="21,26,30,52,57,61,62,63" m="48139,43562" machi="62" ten="40,5200,0" yaku="11,1,18,1,54,1" doraHai="33" who="3" fromWho="3" sc="247,-14,237,-14,312,-27,194,65" /><INIT seed="3,0,0,5,3,101" ten="233,223,285,259" oya="3" hai0="96,74,36,8,82,22,131,11,108,37,111,35,107" hai1="42,41,30,99,69,10,105,49,68,126,57,28,90" hai2="7,29,24,2,19,32,20,71,100,54,92,60,4" hai3="67,13,33,127,63,94,26,70,95,18,62,133,40"/><W50/><G127/><T103/><D131/><U46/><E126/><V15/><F54/><W87/><G133/><T84/><D35/><U75/><E75/><V66/><REACH who="2" step="1"/><F2/><REACH who="2" ten="233,223,275,259" step="2"/><W130/><G130/><T47/><D108/><U116/><E116/><V6/><F6/><W73/><G63/><T125/><D111/><U86/><E105/><V115/><F115/><W55/><G55/><T65/><D125/><U112/><E112/><V58/><F58/><W17/><G62/><T85/><D107/><U106/><E57/><V56/><F56/><W98/><G70/><T14/><D47/><U72/><E68/><V81/><F81/><W78/><G67/><T79/><D65/><U128/><E69/><V119/><F119/><W27/><G40/><N who="1" m="15466" /><E128/><V117/><F117/><W80/><G80/><T134/><D82/><N who="1" m="49495" /><E72/><V61/><F61/><W83/><G73/><T51/><D74/><U102/><E10/><V39/><F39/><W3/><G3/><T104/><D36/><U91/><E91/><V122/><F122/><W97/><G83/><T93/><D37/><U113/><E113/><V118/><F118/><W64/><G64/><T52/><D104/><U12/><E12/><V21/><F21/><W48/><G13/><T16/><D134/><U1/><E1/><V132/><F132/><W124/><G124/><T89/><D79/><U0/><E0/><V129/><F129/><W59/><G59/><N who="0" m="33183" /><D89/><U120/><E120/><V110/><F110/><W34/><G78/><T76/><D76/><U43/><E106/><V45/><F45/><W5/><G87/><AGARI ba="0,1" hai="8,11,14,16,22,84,85,87,93,96,103" m="33183" machi="87" ten="30,3900,0" yaku="8,1,54,2" doraHai="101" who="0" fromWho="3" sc="233,49,223,0,275,0,259,-39" /><INIT seed="4,0,0,1,4,17" ten="282,223,275,220" oya="0" hai0="65,54,39,55,119,47,89,26,20,42,3,110,9" hai1="70,14,121,129,127,73,51,43,2,101,52,12,105" hai2="130,80,113,32,78,82,104,46,66,19,81,29,60" hai3="36,38,98,124,94,109,86,50,97,18,123,41,40"/><T63/><D119/><U28/><E73/><V112/><F104/><W69/><G69/><T25/><D110/><U59/><E2/><V72/><F130/><W0/><G0/><T30/><D89/><U71/><E121/><V37/><F19/><W58/><G109/><T53/><D3/><U27/><E129/><V75/><F37/><W15/><G123/><T31/><D9/><U76/><E76/><V45/><F46/><W87/><G124/><T34/><D53/><U62/><E127/><V128/><F45/><W23/><G38/><T1/><D1/><U114/><E114/><V22/><F32/><W61/><G36/><T95/><D95/><U122/><E122/><V111/><F111/><W8/><G8/><T118/><D118/><U107/><E71/><AGARI ba="0,0" hai="20,25,26,30,31,34,39,42,47,54,55,63,65,71" machi="71" ten="30,2900,0" yaku="7,1,52,1" doraHai="17" who="0" fromWho="1" sc="282,29,223,-29,275,0,220,0" owari="311,41.1,194,-30.6,275,7.5,220,-18.0" /></mjloggm>