<mjloggm ver="2.3"><GO type="225" lobby="0"/><UN n0="%E3%81%99%E3%81%84%E3%81%BE%E3%81%9B%E3%83%BC%E3%82%93" n1="%E6%97%A5%E6%9B%9C%E6%97%A5%E3%82%88%E3%82%8A%E3%81%AE%E4%BD%BF%E8%80%85" n2="%E6%B8%A9%E2%98%85%E6%83%85%E2%98%85%E6%8E%AA%E2%98%85%E7%BD%AE" n3="%E6%98%93%E5%88%A9%E8%96%A9%E4%BC%AF" dan="18,16,17,16" rate="2180.18,2172.77,2159.67,2109.75" sx="M,M,M,F"/><TAIKYOKU oya="0"/><INIT seed="0,0,0,3,4,125" ten="250,250,250,250" oya="0" hai0="26,73,48,122,74,46,35,27,52,37,87,126,38" hai1="77,88,18,63,39,124,31,91,24,75,93,57,3" hai2="99,112,131,68,98,134,23,41,72,47,96,113,19" hai3="60,8,4,102,105,101,130,82,44,115,66,28,108"/><T94/><D122/><U133/><E39/><V33/><F33/><W42/><G115/><T81/><D126/><U17/><E3/><V71/><F72/><W111/><G28/><T127/><D127/><U45/><E124/><V117/><F134/><W49/><G130/><T123/><D123/><U34/><E133/><V100/><F117/><W118/><G118/><T70/><D70/><U6/><E6/><V2/><F2/><W10/><G10/><T69/><D69/><U56/><E45/><V50/><F100/><W107/><G82/><T84/><D35/><U32/><E32/><V22/><F131/><W95/><G95/><T85/><D94/><U9/><E9/><V129/><F129/><W64/><G102/><T1/><D1/><U62/><E77/><V97/><N who="2" m="24576" /><DORA hai="76" /><V92/><F92/><W29/><G29/><T80/><D74/><U11/><E75/><V90/><F90/><W40/><G40/><T120/><D120/><U110/><E11/><V65/><F23/><W5/><G5/><T128/><D128/><U114/><E34/><V103/><F103/><W53/><G42/><T51/><D73/><U14/><E31/><V43/><F43/><W15/><G101/><T20/><D51/><U16/><E93/><V104/><F104/><W13/><G13/><T25/><REACH who="0" step="1"/><D20/><REACH who="0" ten="240,250,250,250" step="2"/><U119/><E119/><V7/><F71/><N who="3" m="42375" /><G107/><T30/><D30/><U67/><E114/><V106/><F106/><W55/><G105/><T59/><D59/><U121/><E121/><V12/><F7/><W132/><G4/><T0/><D0/><U116/><E116/><RYUUKYOKU ba="0,1" sc="240,15,250,-15,250,15,250,-15" hai0="25,26,27,37,38,46,48,52,80,81,84,85,87" hai2="12,19,22,41,47,50,65,68,112,113" /><INIT seed="0,1,1,5,0,71" ten="255,235,265,235" oya="0" hai0="122,115,52,114,76,121,116,50,89,47,57,60,91" hai1="88,87,133,111,78,29,1,12,66,38,79,15,96" hai2="104,95,124,55,16,4,82,20,97,49,94,63,53" hai3="83,48,126,70,32,102,37,81,80,132,107,127,75"/><T109/><D76/><N who="1" m="29227" /><E38/><V23/><F124/><N who="3" m="47659" /><G32/><T101/><D101/><U73/><E73/><V24/><F4/><W7/><G75/><T0/><D0/><U72/><E1/><V45/><F82/><W31/><G70/><T86/><D116/><U36/><E36/><V11/><F11/><W33/><G7/><T35/><D35/><U26/><E72/><V40/><F104/><W14/><G37/><T42/><D109/><U22/><E111/><V21/><F95/><W112/><G14/><N who="1" m="5162" /><E133/><V3/><F3/><W99/><G112/><T84/><D115/><U13/><N who="1" m="5170" /><U93/><DORA hai="67" /><E66/><V125/><F125/><W25/><G48/><T90/><REACH who="0" step="1"/><D114/><REACH who="0" ten="245,235,265,235" step="2"/><U77/><N who="1" m="29235" /><U103/><DORA hai="61" /><E87/><AGARI ba="1,2" hai="42,47,50,52,57,60,84,86,87,89,90,91,121,122" machi="87" ten="40,7700,0" yaku="1,1,54,1,53,1" doraHai="71,67,61" doraHaiUra="43,120,27" who="0" fromWho="1" sc="245,100,235,-80,265,0,235,0" /><INIT seed="0,2,0,4,0,115" ten="345,155,265,235" oya="0" hai0="109,80,23,18,119,33,132,7,1,82,63,14,131" hai1="70,89,57,101,103,68,128,95,117,12,19,8,47" hai2="105,96,75,94,2,45,52,98,120,59,77,76,37" hai3="11,133,125,9,5,111,118,49,81,46,54,78,99"/><T97/><D119/><U40/><E128/><V50/><F120/><W110/><G133/><T36/><D131/><U61/><E117/><V29/><F2/><W116/><G125/><T58/><D36/><U134/><E134/><V41/><F75/><W124/><G124/><T3/><D132/><U74/><E74/><V106/><F29/><W39/><G99/><T87/><D33/><U53/><E70/><V66/><F66/><W71/><G11/><T123/><D123/><U104/><E68/><V112/><F112/><W26/><G26/><T17/><D109/><N who="3" m="41481" /><G71/><T21/><D97/><U126/><E104/><V85/><F85/><N who="3" m="48311" /><G39/><T13/><D7/><U100/><E126/><V93/><F93/><W65/><G65/><T24/><D24/><U28/><E28/><V31/><F31/><W86/><G86/><T32/><D32/><U129/><E129/><V22/><F22/><W6/><G6/><T69/><D69/><U34/><E34/><V51/><F37/><W35/><G35/><T25/><D25/><U67/><E67/><V42/><F98/><W64/><G64/><T90/><D82/><U38/><REACH who="1" step="1"/><E103/><REACH who="1" ten="345,145,265,235" step="2"/><N who="2" m="60823" /><F106/><W72/><G72/><T113/><D113/><U15/><E15/><AGARI ba="2,1" hai="5,9,15,46,49,54,116,118" m="48311,41481" machi="15" ten="30,3900,0" yaku="14,1,52,2" doraHai="115" who="3" fromWho="1" sc="345,0,145,-45,265,0,235,55" /><INIT seed="1,0,0,4,2,37" ten="345,100,265,290" oya="1" hai0="126,21,32,100,23,40,42,52,10,0,6,45,116" hai1="49,132,74,36,24,119,93,58,27,112,1,64,61" hai2="66,13,125,78,103,122,50,3,81,90,89,87,106" hai3="94,130,75,82,95,86,15,30,99,77,39,38,60"/><U85/><E112/><V96/><F3/><W115/><G115/><T111/><D116/><U108/><E119/><V19/><F122/><W57/><G130/><T34/><D111/><U118/><E74/><V11/><F125/><W101/><G30/><T2/><D126/><U114/><E36/><V134/><F134/><W110/><G110/><T33/><D100/><U71/><E1/><V7/><F66/><W70/><G70/><T44/><D0/><U68/><E114/><V120/><F120/><W72/><G15/><T88/><D88/><N who="1" m="53391" /><E118/><V35/><F35/><W46/><G94/><T76/><D76/><U91/><E71/><V55/><REACH who="2" step="1"/><F7/><REACH who="2" ten="345,100,255,290" step="2"/><W12/><G39/><T127/><D127/><U135/><E108/><V83/><F83/><W79/><G38/><T104/><D34/><U123/><E123/><V105/><F105/><W17/><G82/><T133/><D104/><U128/><E128/><V113/><F113/><W107/><G107/><T8/><D133/><N who="1" m="51275" /><E91/><V28/><F28/><W62/><G75/><T80/><D2/><U47/><E68/><V43/><F43/><AGARI ba="0,1" hai="24,27,43,47,49,58,61,64" m="51275,53391" machi="43" ten="30,5800,0" yaku="20,1,52,1,54,1" doraHai="37" who="1" fromWho="2" sc="345,0,100,68,255,-58,290,0" /><INIT seed="1,1,0,1,5,61" ten="345,168,197,290" oya="1" hai0="30,94,81,51,115,108,17,15,64,53,70,34,127" hai1="77,100,38,90,13,24,87,93,42,28,16,116,95" hai2="46,1,59,105,10,78,119,72,106,11,79,129,83" hai3="107,44,65,58,21,99,52,117,102,74,112,66,45"/><U68/><E116/><V85/><F119/><W22/><G112/><T131/><D115/><U104/><E68/><V4/><F129/><W67/><G74/><T63/><D131/><U35/><E104/><V101/><F101/><W29/><G117/><T76/><D108/><U124/><E124/><V49/><F59/><W23/><REACH who="3" step="1"/><G29/><REACH who="3" ten="345,168,197,280" step="2"/><T5/><D30/><U118/><E118/><V73/><F73/><W60/><AGARI ba="1,1" hai="21,22,23,44,45,52,58,60,65,66,67,99,102,107" machi="60" ten="30,16000,3" yaku="1,1,2,1,0,1,52,3,54,1,53,1" doraHai="61" doraHaiUra="55" who="3" fromWho="3" sc="345,-41,168,-81,197,-41,280,173" /><INIT seed="2,0,0,0,5,68" ten="304,87,156,453" oya="2" hai0="122,76,91,98,59,86,65,45,12,52,72,16,82" hai1="18,78,93,11,64,15,61,99,85,79,88,19,53" hai2="115,131,70,119,103,127,54,13,56,8,97,57,128" hai3="6,4,46,126,63,83,71,44,67,112,75,0,41"/><V51/><F115/><W107/><G46/><T134/><D122/><U130/><E130/><N who="2" m="49707" /><F70/><W9/><G6/><T17/><D134/><U38/><E38/><V30/><F119/><W35/><G126/><T110/><D110/><U36/><E36/><V77/><F77/><N who="3" m="44479" /><G35/><T84/><D98/><U24/><E64/><V123/><F30/><W100/><G112/><T43/><D65/><U58/><REACH who="1" step="1"/><E85/><REACH who="1" ten="304,77,156,453" step="2"/><V34/><F123/><W105/><G100/><T89/><D84/><U116/><E116/><V37/><F37/><AGARI ba="0,1" hai="0,4,9,37,41,44,63,67,71,105,107" m="44479" machi="37" ten="30,7700,0" yaku="25,1,33,2,52,1" doraHai="68" who="3" fromWho="2" sc="304,0,77,0,156,-77,453,87" /><INIT seed="3,0,0,4,5,102" ten="304,77,79,540" oya="3" hai0="36,30,98,1,123,70,76,12,50,9,101,117,62" hai1="0,71,106,15,79,125,124,131,11,37,90,105,6" hai2="3,10,113,64,19,7,118,35,31,47,121,44,72" hai3="80,20,42,39,68,78,41,45,2,133,108,28,91"/><W51/><G68/><T85/><D36/><U92/><E71/><V73/><F118/><W120/><G120/><T129/><D1/><U24/><E37/><V135/><F113/><W5/><G133/><T53/><D117/><U25/><E79/><V109/><F135/><W75/><G91/><T40/><D129/><U77/><E77/><V29/><F121/><W111/><G42/><T54/><D30/><U14/><E131/><V65/><F109/><N who="3" m="42059" /><G51/><T33/><D33/><U100/><E100/><V59/><F35/><W43/><G43/><T27/><D27/><N who="1" m="10315" /><E105/><V132/><F132/><W83/><G83/><T49/><D50/><U116/><E106/><V114/><F114/><W112/><G20/><T63/><D62/><U94/><E116/><V103/><F103/><W38/><G38/><T104/><D40/><U48/><E48/><V134/><F134/><W56/><G112/><T84/><D76/><U52/><E52/><V60/><F64/><W82/><G82/><T93/><D123/><U26/><N who="1" m="10323" /><U4/><DORA hai="95" /><E4/><V17/><F31/><W86/><G86/><T46/><D85/><N who="1" m="52303" /><E94/><V110/><F29/><W97/><G28/><T87/><D84/><U69/><E69/><V130/><F130/><W18/><G5/><T126/><D70/><U57/><E57/><V13/><F110/><W32/><G56/><T66/><D87/><U89/><E89/><V22/><F19/><W21/><G2/><T58/><D58/><U115/><E115/><V119/><F119/><W99/><G32/><T16/><D49/><U122/><E122/><V23/><F23/><RYUUKYOKU ba="0,0" sc="304,-30,77,10,79,10,540,10" hai1="0,6,11,14,15,124,125" hai2="3,7,10,13,17,22,44,47,59,60,65,72,73" hai3="18,21,39,41,45,75,78,80,97,99" owari="274,7.4,87,-41.3,89,-31.1,550,65.0" /></mjloggm>