<mjloggm ver="2.3"><GO type="225" lobby="0"/><UN n0="%E6%B8%A1%E5%A4%A9%E8%97%8D" n1="%E6%B8%A9%E2%98%85%E6%83%85%E2%98%85%E6%8E%AA%E2%98%85%E7%BD%AE" n2="%E8%B6%85%E7%B4%9A%E9%B3%B3%E5%87%B0" n3="%E9%80%86%E9%80%A3%E5%B8%AF%E3%81%AE%E9%AC%BC" dan="16,17,16,16" rate="2122.06,2269.79,2108.20,2081.82" sx="F,M,M,M"/><TAIKYOKU oya="0"/><INIT seed="0,0,0,3,5,86" ten="250,250,250,250" oya="0" hai0="95,53,99,34,135,84,130,47,10,54,103,89,119" hai1="39,115,40,129,22,24,7,65,67,97,36,96,42" hai2="50,108,60,58,62,123,57,32,28,93,122,112,1" hai3="78,90,21,73,33,94,64,0,98,13,15,61,66"/><T134/><D34/><U17/><E129/><V23/><F112/><W49/><G0/><T41/><D119/><U4/><E115/><V76/><F1/><W101/><G33/><T70/><D70/><U72/><E72/><V29/><F108/><W55/><G73/><T127/><D127/><U2/><E2/><V56/><F32/><W30/><G78/><T9/><D9/><U102/><E102/><V81/><F50/><W48/><G48/><T110/><D10/><U105/><E22/><V116/><F116/><W87/><G30/><T5/><D5/><U18/><REACH who="1" step="1"/><E24/><REACH who="1" ten="250,240,250,250" step="2"/><V132/><F23/><W59/><G21/><T63/><D130/><U113/><E113/><V25/><F25/><W106/><REACH who="3" step="1"/><G66/><REACH who="3" ten="250,240,250,240" step="2"/><T125/><D125/><U12/><E12/><V118/><F118/><W75/><G75/><T124/><D124/><U52/><E52/><V43/><F122/><W19/><G19/><T74/><D74/><U120/><E120/><V128/><F123/><W46/><AGARI ba="0,2" hai="13,15,46,49,55,59,61,64,87,90,94,98,101,106" machi="46" ten="20,5200,0" yaku="1,1,0,1,7,1,52,1,53,0" doraHai="86" doraHaiUra="131" who="3" fromWho="3" sc="250,-26,240,-13,250,-13,240,72" /><INIT seed="1,0,0,2,3,54" ten="224,227,237,312" oya="1" hai0="53,97,15,36,111,62,110,40,135,43,30,90,42" hai1="131,3,9,4,127,114,80,29,93,76,27,99,83" hai2="32,13,121,17,129,122,35,28,117,73,1,69,128" hai3="91,112,120,86,31,81,130,70,44,34,64,134,77"/><U65/><E114/><V106/><F106/><W8/><G120/><N who="2" m="46185" /><F73/><W11/><G112/><T21/><D135/><U52/><E131/><N who="2" m="50251" /><F69/><W72/><G134/><T55/><D36/><U26/><E127/><V48/><F48/><W38/><G130/><T115/><D115/><U116/><E116/><V126/><F117/><W20/><G34/><N who="2" m="12841" /><F1/><W101/><G70/><T88/><D62/><U14/><E3/><V79/><F79/><W109/><G77/><T45/><D42/><U39/><E39/><V78/><F78/><W105/><G72/><T33/><D43/><U125/><E125/><V92/><F92/><W12/><G105/><T124/><D124/><U56/><E76/><V63/><F63/><W104/><G104/><T25/><D40/><U119/><E119/><V5/><F126/><W67/><G38/><T133/><D133/><U68/><E68/><V108/><F28/><W66/><G31/><T82/><D30/><U74/><E74/><V59/><F59/><W61/><G61/><T102/><D45/><U94/><E29/><V58/><F58/><W16/><G44/><T6/><D53/><U118/><E118/><V89/><F89/><W98/><G91/><T123/><D88/><N who="1" m="55719" /><E94/><V103/><F103/><W75/><G101/><T24/><D102/><U19/><E65/><V132/><F132/><W47/><G75/><T87/><D90/><U95/><E95/><V84/><F84/><W107/><G66/><T57/><D87/><U113/><E113/><V71/><F71/><W2/><G67/><T0/><D123/><U22/><E27/><V85/><F85/><RYUUKYOKU ba="0,0" sc="224,-10,227,30,237,-10,312,-10" hai1="4,9,14,19,22,26,52,56,80,83" /><INIT seed="1,1,0,3,0,100" ten="214,257,227,302" oya="1" hai0="28,99,53,103,78,111,23,68,32,5,36,83,54" hai1="97,125,21,67,89,70,7,48,98,124,94,131,115" hai2="84,41,47,82,37,46,14,43,65,87,12,29,133" hai3="106,105,130,50,118,73,108,121,27,13,116,128,1"/><U44/><E115/><V114/><F114/><W120/><G1/><T51/><D36/><U55/><E131/><N who="3" m="50218" /><G73/><T20/><D68/><U56/><E7/><V134/><F29/><W90/><G108/><T71/><D71/><U122/><E122/><N who="3" m="47210" /><G27/><T102/><D102/><U64/><E70/><V61/><F61/><W135/><G135/><N who="2" m="51721" /><F65/><W77/><G77/><T8/><D111/><U72/><E72/><V18/><F18/><W45/><G90/><T132/><D32/><U17/><E97/><V4/><F4/><W42/><G13/><N who="2" m="5225" /><F82/><W57/><G57/><T6/><D83/><U3/><E56/><V92/><F92/><W127/><G127/><N who="1" m="48714" /><E3/><V119/><F119/><AGARI ba="1,0" hai="42,45,50,105,106,116,118,119" m="47210,50218" machi="119" ten="40,8000,1" yaku="12,1,19,1,52,2" doraHai="100" who="3" fromWho="2" sc="214,0,257,0,227,-83,302,83" /><INIT seed="2,0,0,1,0,103" ten="214,257,144,385" oya="2" hai0="116,68,27,50,18,22,62,74,95,40,2,126,102" hai1="96,28,19,110,38,37,127,83,41,0,13,130,21" hai2="100,8,48,29,92,118,61,128,58,6,88,53,105" hai3="82,119,4,26,91,93,114,99,79,120,52,72,77"/><V54/><F118/><W1/><G120/><T109/><D109/><U97/><E0/><V98/><F128/><W123/><G114/><T3/><D74/><U89/><E110/><V65/><F48/><W73/><G123/><T64/><D126/><U80/><E127/><V70/><F29/><W107/><G107/><T7/><D7/><U57/><E130/><V9/><F70/><W67/><G67/><T35/><D116/><U12/><E28/><V45/><F45/><W51/><G26/><T49/><D49/><U125/><E125/><V30/><F30/><W56/><G119/><T94/><D94/><U39/><E41/><V135/><F8/><W34/><G34/><T87/><D35/><U104/><E57/><V113/><F113/><W44/><G44/><T5/><D5/><U25/><E104/><V46/><F46/><W43/><G43/><T101/><D40/><U86/><E83/><V90/><F135/><W84/><G77/><T24/><D50/><U42/><E42/><V60/><F60/><W31/><G31/><T17/><D2/><U121/><E121/><V117/><F117/><W11/><AGARI ba="0,0" hai="1,4,11,51,52,56,72,73,79,82,84,91,93,99" machi="11" ten="30,2000,0" yaku="0,1,54,1" doraHai="103" who="3" fromWho="3" sc="214,-5,257,-5,144,-10,385,20" /><INIT seed="3,0,0,5,2,123" ten="209,252,134,405" oya="3" hai0="77,59,112,56,9,90,60,36,44,35,95,32,93" hai1="113,134,45,100,124,63,52,58,110,61,18,117,111" hai2="33,69,94,87,129,54,118,88,80,42,62,0,37" hai3="89,131,92,43,116,98,7,23,104,2,13,79,109"/><W121/><G116/><T25/><D112/><U72/><E72/><V70/><F118/><W103/><G121/><T106/><D106/><U73/><E73/><V97/><F0/><W8/><G131/><T39/><D59/><U84/><E117/><V24/><F129/><W125/><G125/><T21/><D77/><U12/><E113/><V16/><F42/><W76/><G43/><T99/><D9/><U38/><E100/><V55/><F37/><W91/><G91/><T66/><D39/><U114/><E114/><V68/><F62/><W40/><G40/><T28/><D36/><U133/><E45/><V31/><REACH who="2" step="1"/><F16/><REACH who="2" ten="209,252,124,405" step="2"/><W27/><G2/><T132/><D132/><U102/><E63/><V115/><F115/><W120/><G120/><T47/><REACH who="0" step="1"/><D95/><REACH who="0" ten="199,252,124,405" step="2"/><U135/><E38/><V34/><F34/><AGARI ba="0,2" hai="21,25,28,32,34,35,44,47,56,60,66,90,93,99" machi="34" ten="40,2600,0" yaku="1,1,2,1,53,0" doraHai="123" doraHaiUra="48" who="0" fromWho="2" sc="199,46,252,0,124,-26,405,0" owari="245,-15.5,252,5.2,98,-40.2,405,50.5" /></mjloggm>