<mjloggm ver="2.3"><GO type="225" lobby="0"/><UN n0="%E3%82%A2%E3%82%A4%E3%82%B9%E3%83%86%E3%82%A3%E3%83%BC%E3%81%82%E3%81%B9" n1="%E3%83%97%E3%83%92" n2="%E5%A4%9C%E3%81%AE%E3%82%AC%E3%82%B9%E3%83%91%E3%83%BC%E3%83%AB" n3="%E4%BA%95%E5%B8%AF" dan="16,16,16,16" rate="2072.58,2138.52,2129.93,2046.77" sx="M,M,M,M"/><TAIKYOKU oya="0"/><INIT seed="0,0,0,5,2,15" ten="250,250,250,250" oya="0" hai0="10,133,89,117,80,68,103,69,34,30,24,71,102" hai1="94,33,26,120,62,78,96,79,84,126,38,13,122" hai2="130,35,27,2,73,109,67,131,50,5,51,59,87" hai3="113,32,115,106,82,105,111,72,74,91,98,9,39"/><T57/><D117/><U81/><E38/><V101/><F73/><N who="3" m="28267" /><G9/><T132/><D10/><U1/><E1/><V112/><F112/><W3/><G3/><T121/><D121/><U46/><E126/><V17/><F109/><W95/><G32/><T25/><D24/><U11/><E78/><V6/><F2/><W119/><G39/><T54/><D89/><U14/><E62/><V100/><F35/><W99/><G119/><T66/><D80/><U88/><E14/><V127/><F127/><W135/><G111/><T129/><D66/><U125/><E125/><V116/><F116/><W28/><G28/><T58/><D58/><U40/><E26/><V8/><F87/><N who="3" m="50679" /><G135/><N who="0" m="51787" /><D129/><N who="2" m="49162" /><F67/><W86/><G86/><T75/><D75/><U104/><E33/><V56/><F56/><W18/><G99/><T65/><D65/><U108/><E108/><V55/><F51/><AGARI ba="0,0" hai="25,30,34,51,54,57,68,69,71,102,103" m="51787" machi="51" ten="40,2000,0" yaku="20,1" doraHai="15" who="0" fromWho="2" sc="250,20,250,0,250,-20,250,0" /><INIT seed="0,1,0,1,5,4" ten="270,250,230,250" oya="0" hai0="97,130,121,62,102,2,20,65,90,112,98,134,114" hai1="61,119,39,135,85,110,128,37,22,120,117,24,49" hai2="17,124,71,126,131,113,68,26,106,14,38,79,16" hai3="42,82,109,44,1,48,105,127,47,123,81,67,103"/><T107/><D2/><U6/><E120/><V78/><F113/><W32/><G32/><T19/><D121/><U21/><E110/><V101/><F38/><W125/><G1/><T99/><D134/><U28/><E135/><V23/><F131/><W95/><G105/><T10/><D130/><U60/><E128/><V27/><F101/><W104/><G104/><T41/><D41/><U51/><E6/><V57/><F57/><W75/><G75/><T73/><D73/><U111/><E85/><V46/><F106/><W93/><G67/><T91/><D10/><U100/><E111/><V40/><F40/><W88/><G103/><T31/><D31/><U86/><E100/><V133/><F133/><W25/><G25/><T53/><D53/><U70/><E86/><V18/><F18/><W129/><G109/><T87/><D91/><U122/><E122/><V116/><F116/><W3/><G3/><T118/><D118/><U33/><E70/><V76/><F46/><W13/><G123/><T92/><D114/><U94/><E94/><V89/><F89/><W115/><G88/><T96/><D112/><U83/><E24/><N who="2" m="9259" /><F17/><W132/><G132/><T63/><D65/><U7/><E7/><V11/><F23/><W58/><G115/><T72/><D72/><U77/><E28/><V8/><F11/><W108/><G108/><T36/><D36/><U15/><E15/><V35/><F35/><W80/><G129/><T56/><D56/><U29/><E29/><V45/><F45/><N who="3" m="25655" /><G58/><T54/><D54/><U59/><E33/><V9/><F9/><W55/><G55/><RYUUKYOKU ba="1,0" sc="270,15,250,-15,230,15,250,-15" hai0="19,20,62,63,87,90,92,96,97,98,99,102,107" hai2="8,14,16,68,71,76,78,79,124,126" /><INIT seed="0,2,0,0,2,37" ten="285,235,245,235" oya="0" hai0="71,53,117,123,36,120,23,115,58,42,2,30,50" hai1="29,28,38,96,20,61,126,108,33,15,67,32,44" hai2="105,84,10,63,124,17,112,5,34,103,94,116,113" hai3="88,49,46,89,41,45,104,64,131,16,129,21,8"/><T57/><D2/><U47/><E108/><V109/><F34/><W102/><G64/><T110/><D30/><U76/><E126/><V35/><F35/><W54/><G8/><T4/><D23/><U91/><E76/><V98/><F109/><W101/><G104/><T121/><D4/><U83/><E33/><V40/><F124/><W78/><G78/><T114/><D110/><U92/><E32/><V97/><F116/><W51/><G131/><T0/><D0/><U85/><E29/><V87/><F17/><W43/><G54/><N who="0" m="31959" /><D71/><U66/><E38/><V106/><F63/><W31/><G31/><T59/><D117/><U75/><E75/><V12/><F40/><W72/><G72/><T100/><D100/><N who="3" m="38505" /><G129/><T70/><D70/><U79/><E66/><V27/><F106/><W68/><G68/><T1/><D1/><U125/><E125/><V99/><F105/><W82/><G82/><T3/><D3/><U73/><E73/><V86/><F112/><N who="0" m="43050" /><D53/><U74/><E74/><V90/><F113/><W6/><G6/><T24/><D24/><AGARI ba="2,0" hai="16,21,24,41,43,45,46,49,51,88,89" m="38505" machi="24" ten="30,8000,1" yaku="8,1,52,2,54,2" doraHai="37" who="3" fromWho="0" sc="285,-86,235,0,245,0,235,86" /><INIT seed="1,0,0,4,1,102" ten="199,235,245,321" oya="1" hai0="70,45,42,79,107,130,109,72,15,31,54,38,44" hai1="114,37,127,4,89,21,133,0,41,119,94,27,85" hai2="69,10,29,123,122,28,60,116,59,84,104,30,131" hai3="53,25,1,120,112,95,117,32,121,24,47,68,71"/><U16/><E114/><V2/><F116/><W129/><G1/><T61/><D109/><U81/><E119/><V49/><F104/><W134/><G32/><T11/><D130/><U9/><E133/><V57/><F69/><W63/><G95/><T26/><D107/><U6/><E127/><V20/><F131/><W14/><G14/><T125/><D125/><U65/><E4/><V96/><F96/><W106/><G106/><T39/><D79/><U77/><E65/><V91/><F20/><W128/><G117/><T88/><D72/><U22/><E22/><V86/><F86/><W105/><G105/><T103/><D103/><U12/><E41/><V43/><F10/><W52/><G63/><T18/><D88/><U73/><REACH who="1" step="1"/><E37/><REACH who="1" ten="199,225,245,321" step="2"/><V35/><F35/><W99/><G134/><T115/><D115/><U93/><E93/><V108/><F43/><W58/><G112/><T135/><D135/><U17/><E17/><V74/><F122/><W87/><G121/><T23/><D39/><U34/><E34/><V50/><F123/><W19/><G19/><T62/><REACH who="0" step="1"/><D70/><REACH who="0" ten="189,225,245,321" step="2"/><U40/><E40/><V80/><F108/><W66/><G71/><T118/><D118/><U36/><E36/><V48/><F80/><W110/><G68/><T33/><D33/><U55/><E55/><V51/><F91/><W8/><G129/><T46/><D46/><U3/><AGARI ba="0,2" hai="0,3,6,9,12,16,21,27,73,77,81,85,89,94" machi="3" ten="30,6000,0" yaku="1,1,0,1,54,1,53,0" doraHai="102" doraHaiUra="111" who="1" fromWho="1" sc="189,-20,225,80,245,-20,321,-20" /><INIT seed="1,1,0,0,0,6" ten="169,305,225,301" oya="1" hai0="41,26,40,9,35,121,25,38,48,18,129,4,0" hai1="102,128,101,83,13,119,45,79,74,69,54,60,21" hai2="97,77,130,50,88,53,39,33,110,133,70,57,80" hai3="2,22,104,12,134,29,85,95,63,116,73,92,105"/><U27/><E119/><V115/><F70/><W96/><G2/><T93/><D129/><U131/><E13/><V87/><F39/><W99/><G63/><T76/><D38/><U75/><E75/><V19/><F33/><W109/><G29/><T72/><D121/><U106/><E106/><V135/><F110/><W126/><G22/><T44/><D35/><U37/><E128/><V66/><F130/><W59/><G59/><T89/><D41/><U84/><E74/><V65/><F19/><W114/><G12/><T20/><D72/><U62/><E131/><V103/><F77/><W98/><G114/><T107/><D76/><U11/><E11/><V61/><F115/><W78/><G109/><T94/><D107/><N who="3" m="41033" /><G126/><T1/><D0/><U5/><E5/><V49/><F49/><W8/><G8/><T15/><REACH who="0" step="1"/><D94/><REACH who="0" ten="159,305,225,301" step="2"/><U55/><E37/><V58/><F133/><W52/><G95/><T123/><D123/><U117/><E117/><V132/><F135/><W100/><G134/><T108/><D108/><U71/><E71/><V118/><F132/><W82/><G116/><T125/><D125/><U113/><E113/><V7/><F118/><W43/><G43/><T47/><D47/><U120/><E120/><V31/><F61/><N who="1" m="23657" /><E69/><V30/><F50/><W14/><G73/><T10/><D10/><U124/><E124/><V3/><F3/><W16/><G92/><T91/><D91/><U51/><E54/><V67/><F53/><W111/><G111/><T112/><D112/><U42/><E55/><V23/><F67/><W24/><G52/><T32/><D32/><RYUUKYOKU ba="1,1" sc="159,15,305,15,225,-15,301,-15" hai0="1,4,9,15,18,20,25,26,40,44,48,89,93" hai1="21,27,42,45,51,79,83,84,101,102" /><INIT seed="1,2,1,1,4,48" ten="174,320,210,286" oya="1" hai0="53,60,80,55,67,107,121,58,113,95,115,77,27" hai1="52,79,35,44,66,114,73,74,83,133,134,65,26" hai2="105,101,0,16,92,110,2,104,40,37,69,61,64" hai3="3,22,19,34,120,125,38,50,51,46,75,33,14"/><U6/><E114/><V68/><F110/><W131/><G120/><T57/><D107/><U106/><E106/><V24/><F69/><W88/><G75/><T129/><D129/><U13/><E73/><V20/><F37/><W117/><G125/><T109/><D109/><U90/><E90/><V103/><F40/><W127/><G127/><T31/><D121/><U118/><E118/><V11/><F105/><W4/><G38/><T1/><D1/><U59/><E44/><V42/><F42/><W119/><G131/><T12/><D12/><U9/><E26/><V132/><F104/><W5/><G51/><T72/><D95/><U7/><E35/><V130/><F130/><W100/><G100/><T45/><D45/><U86/><E6/><V128/><F128/><W78/><G78/><T28/><D67/><U108/><E74/><V32/><F132/><N who="1" m="50793" /><E108/><V71/><F71/><W116/><G3/><T41/><D41/><U39/><E39/><V56/><F68/><W47/><G47/><T8/><D8/><U87/><E86/><V98/><F11/><W21/><G34/><T89/><D89/><U124/><E124/><V111/><F111/><W93/><G33/><T94/><D94/><U49/><AGARI ba="2,1" hai="7,9,13,49,52,59,65,66,79,83,87" m="50793" machi="49" ten="30,6000,0" yaku="20,1,52,1,54,1" doraHai="48" who="1" fromWho="1" sc="174,-22,320,76,210,-22,286,-22" /><INIT seed="1,3,0,1,1,45" ten="152,396,188,264" oya="1" hai0="66,78,21,120,121,44,46,93,55,52,20,47,2" hai1="96,0,113,76,35,81,116,70,59,74,68,31,88" hai2="3,50,123,91,111,110,106,89,24,108,57,75,128" hai3="5,40,51,79,25,95,12,114,73,38,107,101,94"/><U32/><E113/><V16/><F128/><W48/><G107/><T84/><D66/><U83/><E116/><V133/><F133/><W22/><G114/><T4/><D4/><U42/><E0/><V6/><F123/><N who="0" m="47178" /><D2/><U37/><E59/><V15/><F75/><W36/><G73/><T103/><D103/><U92/><E81/><V134/><F134/><W131/><G79/><T13/><D93/><U27/><REACH who="1" step="1"/><E35/><REACH who="1" ten="152,386,188,264" step="2"/><V80/><F3/><W65/><G131/><T53/><D13/><U135/><E135/><V26/><F111/><W18/><G12/><T71/><D71/><U115/><E115/><V19/><F80/><AGARI ba="3,1" hai="20,21,44,46,47,52,53,55,78,80,84" m="47178" machi="80" ten="40,2600,0" yaku="13,1,54,1" doraHai="45" who="0" fromWho="2" sc="152,45,386,0,188,-35,264,0" /><INIT seed="2,0,0,2,1,114" ten="197,386,153,264" oya="2" hai0="99,33,27,81,25,46,43,34,100,93,101,21,108" hai1="19,50,102,18,90,80,129,91,49,5,106,39,3" hai2="109,115,87,127,58,9,133,69,35,29,24,86,85" hai3="37,113,120,36,67,63,42,26,54,103,44,105,135"/><V125/><F115/><W62/><G103/><T51/><D108/><U119/><E39/><V52/><F69/><W130/><G26/><T77/><D101/><U40/><E3/><V0/><F109/><W96/><G96/><T57/><D57/><U107/><E5/><V92/><F133/><W4/><G4/><T45/><D46/><U20/><E80/><V78/><F9/><W126/><G105/><T111/><D27/><U23/><E102/><V66/><F66/><W2/><G2/><T17/><REACH who="0" step="1"/><D111/><REACH who="0" ten="187,386,153,264" step="2"/><U110/><E110/><V12/><F0/><W14/><G44/><T6/><D6/><U74/><E106/><V72/><F12/><W79/><G14/><T60/><D60/><U30/><E107/><V38/><F38/><W75/><G63/><T15/><D15/><U117/><E40/><V124/><F72/><AGARI ba="0,1" hai="17,21,25,33,34,43,45,51,72,77,81,93,99,100" machi="72" ten="30,2000,0" yaku="1,1,7,1,53,0" doraHai="114" doraHaiUra="121" who="0" fromWho="2" sc="187,30,386,0,153,-20,264,0" /><INIT seed="3,0,0,1,4,29" ten="217,386,133,264" oya="3" hai0="35,34,117,115,113,75,25,2,10,26,110,23,67" hai1="84,89,9,135,133,111,12,6,54,59,79,37,74" hai2="112,66,101,28,31,38,68,124,55,90,61,62,49" hai3="21,123,56,105,132,85,57,40,129,97,64,83,91"/><W0/><G0/><T109/><D75/><U48/><E37/><V1/><F1/><W3/><G3/><T125/><D117/><U20/><E111/><N who="0" m="42505" /><D67/><U96/><E96/><V22/><F101/><W43/><G97/><T127/><D10/><U13/><E79/><V118/><F118/><W4/><G21/><T71/><D71/><U94/><E74/><V93/><F112/><N who="0" m="43082" /><D2/><U130/><E130/><V51/><F124/><N who="0" m="47690" /><D25/><U121/><E121/><V41/><F61/><W122/><G64/><T131/><D131/><U39/><E39/><V58/><F51/><W81/><G129/><T17/><AGARI ba="0,0" hai="17,23,26,34,35" m="47690,43082,42505" machi="17" ten="40,12000,2" yaku="14,1,11,1,18,1,34,2,52,2" doraHai="29" who="0" fromWho="0" sc="217,120,386,-30,133,-30,264,-60" owari="337,13.7,356,45.6,103,-39.7,204,-19.6" /></mjloggm>