<mjloggm ver="2.3"><GO type="225" lobby="0"/><UN n0="%72%69%6F%75%63%68%61%6E" n1="%E3%81%B7%E3%82%8A%E3%82%93%E8%81%96%E4%BA%BA" n2="%E3%81%AA%E3%81%8C%E3%81%95%E3%82%8F%E3%81%BE%E3%81%95%E3%81%BF" n3="%E3%81%AF%E3%82%88%E3%81%8A%E3%81%98%E3%81%95%E3%82%93" dan="17,16,16,16" rate="2243.87,2079.14,2129.64,2134.94" sx="M,M,F,M"/><TAIKYOKU oya="0"/><INIT seed="0,0,0,4,2,84" ten="250,250,250,250" oya="0" hai0="20,43,7,15,4,107,53,95,73,17,122,29,68" hai1="58,87,39,5,26,80,70,85,49,18,100,132,41" hai2="64,79,14,88,16,86,8,125,19,0,54,120,106" hai3="118,46,59,32,38,2,40,34,82,13,90,36,62"/><T134/><D122/><U50/><E39/><V111/><F120/><W10/><G118/><T67/><D107/><U124/><E70/><V6/><F106/><W24/><G2/><T72/><D134/><U11/><E100/><V103/><F103/><W133/><G38/><T25/><D43/><U42/><E132/><V96/><F125/><W119/><G119/><T115/><D115/><U109/><E85/><V57/><F64/><W116/><G133/><T135/><D135/><U128/><E128/><V31/><F31/><W129/><G129/><T22/><D53/><U104/><E104/><V52/><F111/><W101/><G101/><T117/><D117/><U63/><E49/><N who="2" m="30863" /><F0/><W47/><G46/><T113/><D113/><U123/><E50/><V69/><F69/><W48/><G36/><T21/><D21/><U78/><E109/><V33/><F33/><W28/><G34/><T27/><D25/><U94/><E124/><V131/><F131/><W99/><G116/><T93/><D73/><U12/><E94/><N who="0" m="35849" /><D72/><U35/><E123/><V83/><F54/><N who="3" m="34167" /><G99/><T110/><D110/><U30/><E5/><N who="0" m="2121" /><D68/><U66/><AGARI ba="0,0" hai="11,12,18,26,30,35,41,42,58,63,66,78,80,87" machi="66" ten="20,1500,0" yaku="0,1,7,1" doraHai="84" who="1" fromWho="1" sc="250,-7,250,15,250,-4,250,-4" /><INIT seed="1,0,0,4,5,132" ten="243,265,246,246" oya="1" hai0="87,104,3,99,14,24,117,113,4,116,37,18,122" hai1="22,123,40,16,57,55,12,118,9,13,15,98,77" hai2="88,129,0,21,100,110,1,20,38,80,33,82,115" hai3="97,107,61,127,66,79,83,128,76,69,51,102,36"/><U30/><E123/><V62/><F33/><W119/><G36/><T81/><D113/><U131/><E131/><V111/><F38/><W67/><G128/><T85/><D37/><U133/><E133/><V93/><F129/><W44/><G119/><T45/><D122/><U134/><E134/><V70/><F100/><W101/><G102/><T41/><D24/><U34/><E40/><V29/><F115/><W58/><G127/><T47/><D3/><N who="2" m="1098" /><F62/><W11/><G11/><N who="0" m="4455" /><D18/><U68/><E68/><V112/><F70/><W94/><G107/><T56/><D56/><U28/><E34/><V19/><F112/><W42/><G79/><N who="0" m="46271" /><D45/><U63/><E77/><V60/><F29/><N who="1" m="11369" /><E118/><V95/><F60/><W105/><G105/><T7/><D7/><U78/><E78/><V108/><F19/><W49/><G69/><T6/><D6/><N who="1" m="3127" /><E98/><N who="2" m="57639" /><F95/><W125/><G125/><T114/><D114/><U52/><E13/><V25/><F25/><W35/><G35/><T17/><D17/><U73/><E73/><V2/><N who="2" m="1106" /><V64/><DORA hai="72" /><F64/><AGARI ba="0,0" hai="15,16,22,52,55,57,63,64" m="3127,11369" machi="64" ten="30,5800,0" yaku="8,1,54,2" doraHai="132,72" who="1" fromWho="2" sc="243,0,265,58,246,-58,246,0" /><INIT seed="1,1,0,5,0,23" ten="243,323,188,246" oya="1" hai0="72,83,133,34,119,64,85,82,93,120,44,11,116" hai1="121,71,106,63,33,25,57,56,68,24,47,50,92" hai2="60,20,94,109,28,81,108,87,4,118,48,37,32" hai3="73,97,55,36,39,91,22,95,0,40,79,126,107"/><U59/><E106/><V113/><F37/><W62/><G0/><T14/><D133/><U104/><E33/><V101/><F118/><W42/><G126/><T123/><D34/><U3/><E3/><V6/><F32/><W98/><G79/><N who="0" m="44391" /><D64/><U122/><E104/><V115/><F60/><W45/><G73/><T103/><D44/><U111/><E111/><N who="2" m="42571" /><F48/><W15/><G42/><T38/><D38/><U27/><E92/><V5/><F101/><W105/><G39/><T96/><D14/><U12/><E12/><V131/><F94/><W78/><G78/><N who="0" m="46327" /><D11/><U84/><E84/><V80/><F131/><W9/><G98/><T1/><D1/><U61/><E61/><V41/><F41/><W114/><G114/><N who="2" m="43529" /><F87/><W86/><G86/><T77/><D77/><U17/><E63/><V54/><F54/><W90/><G55/><T135/><D135/><U49/><E17/><V88/><F88/><W110/><G91/><T29/><D29/><U2/><E2/><V129/><F129/><W76/><G76/><T51/><D51/><N who="1" m="19467" /><E47/><V112/><N who="2" m="43537" /><V117/><DORA hai="31" /><F117/><AGARI ba="1,0" hai="93,96,103,116,117,119,120,123" m="46327,44391" machi="117" ten="30,2000,0" yaku="34,2" doraHai="23,31" who="0" fromWho="2" sc="243,23,323,0,188,-23,246,0" /><INIT seed="2,0,0,2,5,107" ten="266,323,165,246" oya="2" hai0="62,48,114,104,44,126,108,50,133,78,26,30,43" hai1="64,60,88,15,49,77,20,39,103,111,89,105,63" hai2="115,109,94,96,117,8,65,22,41,2,25,46,7" hai3="122,121,92,74,119,31,123,9,16,35,51,54,11"/><V58/><F115/><W116/><G74/><T100/><D114/><U127/><E39/><V34/><F117/><W47/><G92/><T72/><D108/><U131/><E111/><V85/><F109/><W130/><G130/><T102/><D126/><U27/><E127/><V106/><F106/><W66/><G66/><T55/><D133/><U81/><E15/><V33/><F85/><W23/><G31/><T38/><D62/><U3/><E3/><V5/><F5/><W80/><G35/><T36/><D100/><U56/><E49/><V32/><F65/><W59/><G80/><T40/><D40/><U87/><E131/><V37/><F58/><W95/><G95/><T21/><D78/><U6/><E6/><V12/><F2/><W24/><G116/><T4/><D72/><U17/><E103/><V76/><F76/><W14/><G119/><T13/><D4/><U73/><E105/><V83/><F83/><W57/><G9/><T52/><D13/><U86/><E86/><V42/><F42/><W98/><G98/><T70/><D70/><U113/><E113/><V125/><F125/><W118/><G118/><T112/><D112/><U134/><E134/><V135/><F135/><W53/><G54/><T0/><D0/><U97/><E97/><V28/><REACH who="2" step="1"/><F34/><REACH who="2" ten="266,323,155,246" step="2"/><W91/><G59/><N who="0" m="33159" /><D43/><U71/><E87/><V10/><F10/><W124/><G124/><T93/><D104/><U110/><E110/><V18/><F18/><W128/><G128/><T84/><D84/><U61/><E71/><V29/><F29/><N who="3" m="17567" /><G57/><T19/><D30/><U101/><E101/><AGARI ba="0,1" hai="7,8,12,22,25,28,32,33,37,41,46,94,96,101" machi="101" ten="30,5800,0" yaku="1,1,6,1,7,1,53,0" doraHai="107" doraHaiUra="129" who="2" fromWho="1" sc="266,0,323,-58,155,68,246,0" /><INIT seed="2,1,0,0,3,91" ten="266,265,223,246" oya="2" hai0="65,15,48,41,85,27,99,66,3,112,2,130,11" hai1="104,68,121,51,124,131,12,98,37,39,113,117,114" hai2="17,82,116,63,20,0,96,79,102,19,8,32,134" hai3="92,21,29,77,115,105,52,13,7,57,73,26,126"/><V5/><F116/><W80/><G105/><T16/><D112/><U22/><E22/><V90/><F134/><W100/><G115/><T45/><D130/><U35/><E12/><V97/><F32/><W86/><G126/><T58/><D85/><U78/><E51/><V42/><F42/><W89/><G100/><T103/><D27/><U93/><E78/><V69/><F90/><W127/><G127/><T55/><D2/><U1/><E98/><V125/><F125/><W74/><G13/><T70/><D70/><U50/><E50/><V81/><F97/><W60/><G7/><T61/><REACH who="0" step="1"/><D3/><REACH who="0" ten="256,265,223,246" step="2"/><U4/><E113/><V36/><F82/><W72/><AGARI ba="1,1" hai="21,26,29,52,57,60,72,73,74,77,80,86,89,92" machi="72" ten="20,5200,0" yaku="0,1,7,1,52,1,54,1" doraHai="91" who="3" fromWho="3" sc="256,-14,265,-14,223,-27,246,65" /><INIT seed="3,0,0,0,2,113" ten="242,251,196,311" oya="3" hai0="75,69,59,15,63,24,98,10,88,54,12,55,104" hai1="22,131,114,3,106,66,101,87,50,19,6,77,96" hai2="70,103,80,21,130,126,61,36,0,11,68,30,67" hai3="7,27,102,94,73,60,57,76,62,13,56,4,5"/><W117/><G117/><T48/><D75/><U134/><E114/><V111/><F111/><W86/><G73/><T118/><D118/><U25/><E131/><V92/><F130/><W85/><G27/><T108/><D108/><U132/><E66/><V23/><F126/><W20/><G102/><T46/><D69/><U116/><E6/><V89/><F36/><W133/><G133/><N who="1" m="51306" /><E3/><V35/><F70/><W14/><G94/><N who="0" m="56647" /><D104/><U105/><E105/><V122/><F103/><W39/><G39/><T90/><D10/><U123/><E123/><V78/><F122/><W1/><G1/><T2/><D2/><U135/><N who="1" m="51314" /><U17/><DORA hai="79" /><E50/><V125/><F125/><W82/><G86/><T42/><D90/><U38/><E38/><V9/><F11/><W109/><G109/><T29/><D55/><U115/><E115/><V120/><F120/><W74/><G74/><T37/><D37/><U72/><E72/><V129/><F129/><W84/><G85/><T99/><D99/><U41/><E41/><V44/><F9/><W107/><G20/><AGARI ba="0,0" hai="12,15,20,24,29,42,46,48,54,59,63" m="56647" machi="20" ten="30,2000,0" yaku="8,1,54,1" doraHai="113,79" who="0" fromWho="3" sc="242,20,251,0,196,0,311,-20" /><INIT seed="4,0,0,2,1,91" ten="262,251,196,291" oya="0" hai0="80,123,79,43,131,84,67,65,54,134,63,6,62" hai1="118,60,18,110,29,92,23,38,52,106,85,132,113" hai2="117,11,129,120,89,64,103,104,87,99,45,16,61" hai3="22,46,2,7,126,133,77,75,96,13,71,58,30"/><T17/><D123/><U36/><E106/><V68/><F129/><W44/><G71/><T72/><D134/><U40/><E110/><V73/><F120/><W33/><G133/><T50/><D131/><U69/><E118/><V86/><F117/><W101/><G126/><T66/><D6/><U70/><E29/><V57/><F73/><W59/><G33/><T41/><D72/><U25/><E132/><V21/><F11/><W108/><G108/><T35/><D35/><U78/><E69/><V82/><F45/><W47/><G2/><T90/><D79/><U114/><E70/><V3/><F86/><W49/><G77/><T56/><D17/><U51/><E60/><AGARI ba="0,0" hai="41,43,50,54,56,60,62,63,65,66,67,80,84,90" machi="60" ten="40,2000,0" yaku="8,1" doraHai="91" who="0" fromWho="1" sc="262,20,251,-20,196,0,291,0" /><INIT seed="4,1,0,1,1,58" ten="282,231,196,291" oya="0" hai0="0,123,133,2,102,3,82,36,105,50,14,47,28" hai1="66,101,85,65,127,80,125,117,48,24,95,70,16" hai2="20,73,19,4,107,99,83,93,98,92,10,116,72" hai3="8,5,111,63,109,71,118,88,46,126,49,79,104"/><T59/><D123/><U75/><E75/><V124/><F124/><N who="1" m="47689" /><E70/><V84/><F116/><W38/><G118/><T7/><D133/><U97/><E117/><V18/><F107/><W134/><G104/><T64/><D36/><U25/><E48/><V45/><F45/><W41/><G126/><T1/><D28/><U135/><E135/><V27/><F72/><W53/><G134/><T33/><D33/><U51/><E51/><V78/><F73/><W119/><G119/><T67/><D0/><U74/><E74/><V89/><F4/><W120/><G79/><T31/><D31/><U94/><E94/><V130/><F130/><W87/><G120/><T113/><D113/><U6/><E6/><V61/><F10/><W114/><G114/><T56/><D82/><U42/><E42/><V55/><F18/><W77/><G77/><T32/><D32/><U39/><E39/><V13/><F13/><W9/><G9/><T37/><D37/><U106/><E106/><V30/><F30/><W15/><G71/><T112/><D112/><U128/><E128/><V121/><F121/><W68/><G68/><T12/><D7/><U57/><E16/><V26/><F26/><N who="1" m="10345" /><E57/><N who="0" m="22089" /><D12/><U90/><AGARI ba="1,0" hai="65,66,80,85,90,95,97,101" m="10345,47689" machi="90" ten="30,1100,0" yaku="18,1" doraHai="58" who="1" fromWho="1" sc="282,-6,231,14,196,-4,291,-4" /><INIT seed="5,0,0,1,5,66" ten="276,245,192,287" oya="1" hai0="38,107,110,41,61,128,51,93,19,31,74,118,64" hai1="135,80,29,81,84,94,8,17,60,97,100,83,15" hai2="21,39,7,111,95,5,16,53,63,108,70,42,20" hai3="26,48,102,1,117,62,54,109,69,23,24,132,77"/><U56/><E135/><V134/><F134/><W28/><G109/><T92/><D110/><U119/><E119/><V131/><F131/><W71/><G132/><T44/><D118/><U32/><E32/><V123/><F123/><W52/><G117/><T58/><D107/><U68/><E68/><V129/><F129/><W105/><G1/><T114/><D114/><U72/><E72/><V55/><F39/><W112/><G77/><T22/><D128/><U45/><E45/><V13/><F42/><W99/><G112/><T86/><D74/><U6/><E29/><V103/><F103/><W18/><G62/><T75/><D75/><U40/><E40/><V9/><F95/><W91/><G91/><T126/><D126/><U121/><E121/><V30/><F108/><W50/><G50/><T130/><D31/><U87/><REACH who="1" step="1"/><E6/><REACH who="1" ten="276,235,192,287" step="2"/><N who="2" m="2059" /><F70/><W82/><G71/><N who="0" m="42383" /><D130/><U85/><E85/><V115/><F111/><W14/><G69/><T49/><D86/><U25/><E25/><N who="2" m="16679" /><F115/><W89/><G24/><N who="0" m="14431" /><D49/><U113/><E113/><V57/><F53/><AGARI ba="0,1" hai="38,41,44,51,53,58,92,93" m="14431,42383" machi="53" ten="30,2000,0" yaku="24,1,52,1" doraHai="66" who="0" fromWho="2" sc="276,30,235,0,192,-20,287,0" /><AGARI ba="0,0" hai="8,15,17,53,56,60,80,81,83,84,87,94,97,100" machi="53" ten="40,7700,0" yaku="1,1,8,1,53,1" doraHai="66" doraHaiUra="59" who="1" fromWho="2" sc="306,0,235,77,172,-77,287,0" owari="306,10.6,312,41.2,95,-40.5,287,-11.3" /></mjloggm>