<mjloggm ver="2.3"><GO type="225" lobby="0"/><UN n0="%EF%BC%94%36" n1="%6D%75%75%73%61%6E%6D%75" n2="%72%69%6F%75%63%68%61%6E" n3="%E6%9D%B1%E9%A2%A8%E3%81%AE%E3%81%8D%E3%82%83%E3%81%B7%E3%81%95%E3%82%93" dan="16,16,16,17" rate="2062.12,2121.02,2155.20,2213.56" sx="M,F,M,M"/><TAIKYOKU oya="0"/><INIT seed="0,0,0,0,3,32" ten="250,250,250,250" oya="0" hai0="77,98,25,69,129,128,14,56,51,130,35,97,26" hai1="24,103,29,125,2,4,91,123,127,94,83,84,61" hai2="28,30,71,42,95,87,106,80,53,48,81,66,75" hai3="33,41,118,40,15,0,116,79,8,50,60,72,114"/><T113/><D69/><U120/><E61/><V45/><F106/><W73/><G33/><T57/><D113/><U6/><E103/><V96/><F75/><W122/><G114/><T11/><D77/><U37/><E37/><V59/><F66/><W112/><G112/><T89/><D35/><N who="1" m="20903" /><E94/><V121/><F121/><N who="1" m="46665" /><E2/><V9/><F9/><W64/><G122/><T104/><D89/><U76/><E76/><N who="2" m="46471" /><F81/><W13/><G79/><T46/><D104/><U134/><E91/><N who="2" m="55423" /><F71/><W82/><G82/><T108/><D98/><U133/><E84/><V67/><F67/><W19/><G64/><T110/><D97/><U44/><E83/><V92/><F92/><W17/><G60/><AGARI ba="0,0" hai="28,30,42,45,48,53,59,60" m="55423,46471" machi="60" ten="30,1000,0" yaku="8,1" doraHai="32" who="2" fromWho="3" sc="250,0,250,0,250,10,250,-10" /><INIT seed="1,0,0,0,0,106" ten="250,250,260,240" oya="1" hai0="81,88,118,135,70,90,3,51,62,83,114,105,112" hai1="0,121,124,107,64,110,49,132,71,48,38,125,72" hai2="102,75,39,5,17,52,87,126,2,82,108,109,74" hai3="14,73,24,19,97,115,86,50,33,57,94,47,15"/><U37/><RYUUKYOKU type="yao9" ba="0,0" sc="250,0,250,0,260,0,240,0" hai1="0,37,38,48,49,64,71,72,107,110,121,124,125,132" /><INIT seed="1,1,0,0,4,19" ten="250,250,260,240" oya="1" hai0="25,65,23,92,41,38,35,14,126,53,74,30,59" hai1="100,16,61,27,110,85,101,115,112,81,89,54,52" hai2="70,6,24,62,17,108,96,114,75,63,93,122,9" hai3="95,111,119,79,22,60,69,67,131,66,49,125,31"/><U12/><E110/><V97/><F122/><W116/><G131/><T37/><D74/><U130/><E130/><V123/><F123/><W87/><G125/><T73/><D73/><U103/><E27/><V91/><F75/><W104/><G104/><T10/><D126/><U40/><E40/><V72/><F72/><W90/><G111/><T113/><D113/><U44/><E44/><V4/><F114/><W1/><G1/><T86/><D65/><U132/><E132/><V34/><F108/><W8/><G66/><T68/><D68/><U5/><E5/><V7/><F97/><W42/><G8/><T78/><D35/><U64/><E112/><V55/><F70/><W82/><G49/><T88/><D78/><U26/><E26/><V11/><F34/><W77/><G42/><T105/><D105/><U94/><E94/><V2/><F55/><W3/><G3/><T76/><D76/><U28/><E28/><V127/><F127/><W15/><G79/><T56/><D41/><U13/><E13/><V98/><F98/><W106/><G106/><T43/><D43/><U128/><E128/><V51/><F51/><W134/><G134/><T0/><D0/><U83/><E83/><V121/><F121/><W48/><G48/><T20/><D20/><N who="1" m="11271" /><E115/><V133/><F133/><W50/><G31/><T102/><D102/><U36/><E36/><V124/><F124/><W29/><G29/><T120/><D120/><U84/><E84/><V99/><F96/><W58/><G69/><T18/><D59/><U109/><E109/><V46/><F2/><W33/><G87/><RYUUKYOKU ba="1,0" sc="250,15,250,15,260,-15,240,-15" hai0="10,14,18,23,25,30,37,38,53,56,86,88,92" hai1="52,54,61,64,81,85,89,100,101,103" /><INIT seed="1,2,0,1,0,98" ten="265,265,245,225" oya="1" hai0="73,90,117,26,12,119,50,113,16,105,10,132,32" hai1="13,33,39,77,54,122,61,58,57,86,44,129,11" hai2="28,67,5,87,48,93,70,69,21,74,25,68,91" hai3="43,17,64,60,52,82,38,36,89,131,6,80,37"/><U8/><E122/><V59/><F74/><W110/><G110/><T75/><D105/><U88/><E129/><V62/><REACH who="2" step="1"/><F5/><REACH who="2" ten="265,265,235,225" step="2"/><W2/><G6/><N who="0" m="3159" /><D75/><U56/><E8/><V120/><F120/><W99/><G131/><T116/><D73/><U18/><E33/><V114/><F114/><W124/><G124/><T7/><D7/><U65/><E77/><V34/><F34/><W127/><G127/><T3/><D32/><U106/><E106/><V71/><F71/><W102/><G2/><T81/><D3/><U85/><E85/><V126/><F126/><W125/><G125/><T45/><D113/><U107/><E107/><V72/><F72/><W31/><G36/><T97/><D117/><U23/><E11/><V1/><F1/><W4/><G37/><T118/><D119/><U0/><E0/><V94/><F94/><W14/><G38/><T66/><D118/><U40/><REACH who="1" step="1"/><E65/><REACH who="1" ten="265,255,235,225" step="2"/><V109/><F109/><W112/><G64/><T49/><D66/><U30/><E30/><V29/><F29/><W15/><G31/><T9/><D116/><U53/><E53/><AGARI ba="2,2" hai="21,25,28,48,53,59,62,67,68,69,70,87,91,93" machi="53" ten="40,2600,0" yaku="1,1,53,1" doraHai="98" doraHaiUra="83" who="2" fromWho="1" sc="265,0,255,-32,235,52,225,0" /><INIT seed="2,0,0,3,4,87" ten="265,223,287,225" oya="2" hai0="99,127,91,56,97,93,50,26,94,82,10,2,58" hai1="89,55,37,36,40,77,61,62,122,68,3,96,54" hai2="119,117,130,105,9,14,12,67,104,53,132,78,111" hai3="72,34,29,107,121,11,115,4,52,128,19,49,133"/><V32/><F32/><W69/><G69/><T86/><D127/><U110/><E3/><V35/><F35/><W16/><G107/><T33/><D94/><U30/><E30/><V81/><F67/><W75/><G121/><T118/><D99/><U124/><E77/><V125/><F125/><W64/><G64/><T76/><D118/><U123/><E124/><V41/><F14/><W21/><G133/><T116/><D116/><U0/><E0/><V101/><F104/><W59/><G128/><T46/><D33/><U1/><E1/><V71/><F71/><W135/><G135/><T45/><D45/><U5/><E5/><V39/><F132/><W20/><G115/><T17/><D2/><U38/><E110/><V129/><F111/><W90/><G75/><T108/><D108/><U44/><E96/><N who="2" m="61607" /><F53/><N who="1" m="19977" /><E89/><V48/><F39/><N who="1" m="14921" /><E68/><V25/><F25/><W31/><G72/><T23/><D10/><U134/><E134/><V126/><F126/><W95/><G34/><T88/><D76/><U98/><E98/><V57/><F117/><W63/><G4/><T79/><D79/><U109/><E109/><V102/><F119/><W18/><G11/><T43/><AGARI ba="0,0" hai="17,23,26,43,46,50,56,58,82,86,88,91,93,97" machi="43" ten="20,12000,2" yaku="0,1,7,1,8,1,52,2,54,1" doraHai="87" who="0" fromWho="0" sc="265,120,223,-30,287,-60,225,-30" /><INIT seed="3,0,0,3,0,122" ten="385,193,227,195" oya="3" hai0="110,50,40,89,15,35,63,55,72,37,17,87,45" hai1="102,30,10,84,77,47,57,78,13,70,75,100,76" hai2="1,97,129,21,126,67,58,120,83,46,61,53,18" hai3="51,124,32,68,114,117,85,31,36,25,19,108,26"/><W98/><G36/><T94/><D35/><U74/><E70/><V93/><F1/><W82/><G68/><T130/><D72/><U109/><E74/><V96/><F126/><W56/><G117/><T69/><D130/><U59/><E75/><V115/><F129/><W133/><G114/><T28/><D28/><U29/><E109/><V44/><F115/><W52/><G124/><T27/><D110/><U113/><E113/><V95/><F120/><W86/><G133/><T62/><D27/><U128/><E128/><V106/><F106/><W8/><G108/><T49/><D37/><U123/><E47/><N who="2" m="17963" /><F83/><W66/><G66/><T111/><D111/><U134/><E134/><V41/><F41/><W125/><G125/><T0/><D0/><U24/><E123/><V3/><F3/><W71/><G71/><T132/><D132/><U5/><E84/><V42/><F42/><W131/><G131/><T88/><D89/><U65/><E65/><V54/><F95/><W92/><G82/><T79/><D79/><U99/><E99/><N who="2" m="37963" /><F93/><W112/><G112/><T9/><D69/><U22/><E29/><V7/><F7/><W14/><REACH who="3" step="1"/><G26/><AGARI ba="0,0" hai="18,21,26,53,54,58,61,67" m="37963,17963" machi="26" ten="30,1000,0" yaku="8,1" doraHai="122" who="2" fromWho="3" sc="385,0,193,0,227,10,195,-10" owari="385,48.5,193,-20.7,237,3.7,185,-31.5" /></mjloggm>