<mjloggm ver="2.3"><GO type="225" lobby="0"/><UN n0="%E3%83%AD%E3%83%83%E3%83%86%E9%9B%80%E7%90%83" n1="%E3%81%BF%E3%81%BF%E3%81%9A" n2="%E6%9D%B1%E9%A2%A8%E3%81%AE%E3%81%8D%E3%82%83%E3%81%B7%E3%81%95%E3%82%93" n3="%E5%B0%8F%37%34" dan="17,16,16,16" rate="2168.81,2182.73,2113.29,2102.07" sx="M,M,M,M"/><TAIKYOKU oya="0"/><INIT seed="0,0,0,3,3,59" ten="250,250,250,250" oya="0" hai0="90,94,72,37,112,61,129,32,74,17,86,67,99" hai1="28,105,73,123,135,80,66,115,24,25,58,20,100" hai2="23,55,70,56,83,30,47,120,38,117,6,52,98" hai3="54,57,122,103,7,15,114,84,48,22,85,77,78"/><T2/><D112/><U53/><E123/><V42/><F120/><W64/><G114/><T132/><D37/><U124/><E115/><V121/><F121/><W26/><G122/><T133/><D2/><U33/><E124/><V71/><F117/><W4/><G103/><T19/><D32/><U101/><E135/><N who="0" m="51785" /><D129/><U107/><E66/><V29/><F6/><N who="3" m="2091" /><G15/><T8/><D86/><N who="3" m="33385" /><G64/><T39/><D39/><U126/><E126/><V108/><F83/><W130/><G130/><T10/><D10/><U79/><E107/><V21/><F98/><W36/><G36/><T109/><D109/><U127/><E105/><V75/><F108/><W88/><G88/><N who="0" m="55751" /><D8/><U45/><E127/><V104/><F104/><W31/><AGARI ba="0,0" hai="22,26,31,48,54,57,77,78" m="33385,2091" machi="31" ten="30,1100,0" yaku="8,1" doraHai="59" who="3" fromWho="3" sc="250,-5,250,-3,250,-3,250,11" /><INIT seed="1,0,0,1,3,27" ten="245,247,247,261" oya="1" hai0="41,39,47,128,40,89,17,101,100,95,11,116,126" hai1="124,52,55,70,5,129,125,133,106,76,115,99,69" hai2="103,25,117,46,135,84,45,35,34,132,123,0,108" hai3="50,82,80,57,22,131,122,36,91,26,72,21,10"/><U97/><E115/><V118/><F103/><W78/><G36/><T30/><D116/><U90/><E76/><V43/><F84/><W86/><G122/><T98/><D126/><N who="1" m="48747" /><E133/><V94/><F94/><W104/><G131/><T14/><D128/><U92/><E129/><V28/><F123/><W13/><G104/><T127/><D127/><U49/><E5/><V29/><F0/><W71/><G71/><N who="1" m="27146" /><E49/><V53/><F53/><N who="1" m="20553" /><E106/><V16/><F43/><W83/><G50/><T48/><D39/><U75/><E97/><V42/><F42/><W119/><G119/><T77/><D77/><U64/><E64/><V63/><F25/><W33/><G26/><T62/><D62/><U73/><AGARI ba="0,0" hai="73,75,90,92,99" m="20553,27146,48747" machi="73" ten="40,3900,0" yaku="18,1,54,1" doraHai="27" who="1" fromWho="1" sc="245,-13,247,39,247,-13,261,-13" /><INIT seed="1,1,0,3,0,42" ten="232,286,234,248" oya="1" hai0="57,103,71,132,34,70,0,88,129,52,40,13,80" hai1="112,123,109,77,114,94,86,47,78,81,20,23,29" hai2="124,113,30,97,134,68,41,19,55,75,24,25,39" hai3="121,85,107,66,93,51,128,67,108,56,74,131,14"/><U8/><E123/><V38/><F75/><W89/><G74/><T58/><D0/><U120/><E120/><V125/><F68/><W33/><G121/><T84/><D34/><U110/><E8/><V49/><F41/><W21/><G33/><T115/><D115/><U44/><E94/><V7/><F7/><W11/><G107/><T90/><D132/><U133/><E133/><V116/><F134/><W91/><G108/><N who="1" m="41578" /><E78/><V35/><F113/><N who="1" m="43625" /><E23/><N who="2" m="13439" /><F97/><W106/><G106/><T101/><D129/><N who="3" m="49737" /><G21/><T1/><D1/><U12/><E12/><V4/><F4/><N who="3" m="3431" /><G89/><T76/><D90/><U31/><E31/><V87/><F87/><W2/><G2/><T104/><D88/><U92/><E92/><V18/><F18/><W5/><G5/><T6/><D104/><U3/><E3/><V63/><F63/><W43/><G56/><T127/><D58/><U48/><E48/><V111/><F111/><W82/><G93/><T60/><D6/><U50/><E50/><V130/><F130/><W22/><G22/><T27/><D13/><U37/><E37/><V36/><F36/><W45/><AGARI ba="1,0" hai="43,45,51,66,67,82,85,91" m="3431,49737" machi="45" ten="30,2000,0" yaku="19,1,52,1" doraHai="42" who="3" fromWho="3" sc="232,-6,286,-11,234,-6,248,23" /><INIT seed="2,0,0,2,2,78" ten="226,275,228,271" oya="2" hai0="40,15,69,102,114,64,31,89,11,25,104,55,44" hai1="93,96,35,86,119,85,21,92,103,6,1,110,79" hai2="58,41,71,125,47,57,4,118,51,52,16,22,62" hai3="0,115,129,32,7,17,46,73,5,105,126,113,132"/><V60/><F125/><W42/><G126/><T88/><D114/><N who="3" m="43529" /><G73/><T124/><D124/><U63/><E35/><V123/><F123/><W117/><G105/><T12/><D55/><U108/><E119/><V81/><F118/><W19/><G117/><T20/><D15/><U87/><E21/><V39/><F4/><N who="3" m="1611" /><G32/><T76/><D64/><U37/><E37/><V26/><F71/><W101/><G101/><T9/><D69/><U2/><E63/><V34/><F34/><W133/><G0/><N who="1" m="106" /><E6/><V90/><REACH who="2" step="1"/><F57/><REACH who="2" ten="226,275,218,271" step="2"/><W95/><G132/><T111/><D111/><N who="1" m="42539" /><E79/><V131/><F131/><W134/><G133/><T53/><D76/><U36/><E36/><V65/><F65/><W80/><G134/><T109/><D109/><U13/><E13/><V107/><F107/><AGARI ba="0,1" hai="85,86,87,92,93,96,103,107" m="42539,106" machi="107" ten="40,1300,0" yaku="14,1" doraHai="78" who="1" fromWho="2" sc="226,0,275,23,218,-13,271,0" /><INIT seed="3,0,0,0,1,98" ten="226,298,205,271" oya="3" hai0="30,3,67,15,125,28,20,120,83,43,88,90,119" hai1="97,80,115,132,123,65,116,121,44,85,63,4,77" hai2="46,50,95,39,10,131,104,51,124,69,112,36,108" hai3="76,109,100,135,118,133,59,110,21,53,73,55,42"/><W23/><G118/><T71/><D3/><U78/><E115/><V126/><F104/><W84/><G73/><T41/><D119/><U86/><E116/><V96/><F69/><W52/><G42/><N who="0" m="15883" /><D71/><U114/><E114/><V9/><F112/><W113/><G113/><T48/><D120/><U38/><E44/><V8/><F131/><W81/><G100/><T74/><D74/><U62/><E38/><N who="2" m="14379" /><F108/><N who="3" m="41579" /><G59/><T16/><D125/><N who="2" m="48234" /><F46/><W37/><G37/><T127/><D127/><U5/><E132/><AGARI ba="0,0" hai="21,23,52,53,55,76,81,84,132,133,135" m="41579" machi="132" ten="40,12000,1" yaku="20,1,14,1,10,1,54,1" doraHai="98" who="3" fromWho="1" sc="226,0,298,-120,205,0,271,120" owari="226,2.6,178,-32.2,205,-19.5,391,49.1" /></mjloggm>