<mjloggm ver="2.3"><GO type="225" lobby="0"/><UN n0="%73%75%7A%75%6D%65%33" n1="%54%4F%52" n2="%E3%81%AF%E3%82%88%E3%81%8A%E3%81%98%E3%81%95%E3%82%93" n3="%33%74%72%65%65" dan="16,17,16,17" rate="2180.49,2241.53,2159.33,2176.90" sx="M,M,M,F"/><TAIKYOKU oya="0"/><INIT seed="0,0,0,2,2,87" ten="250,250,250,250" oya="0" hai0="84,122,58,9,19,2,121,33,8,95,28,120,88" hai1="81,101,111,71,24,16,6,34,131,123,132,69,97" hai2="65,36,17,70,21,31,45,135,62,89,56,104,109" hai3="80,105,11,98,32,44,99,25,22,57,15,3,124"/><T130/><D130/><U90/><E131/><V118/><F104/><W27/><G124/><T76/><D2/><U43/><E123/><V102/><F102/><W51/><G3/><T14/><D76/><U93/><E111/><V72/><F72/><W5/><G105/><T100/><D100/><U46/><E6/><V35/><F109/><W7/><G7/><T12/><D58/><U112/><E112/><V64/><F135/><W60/><G32/><T73/><D73/><U29/><E132/><V96/><F118/><W0/><G0/><T86/><D28/><U85/><REACH who="1" step="1"/><E16/><REACH who="1" ten="250,240,250,250" step="2"/><V119/><F17/><W10/><G5/><T106/><D33/><U77/><E77/><V92/><F35/><W26/><G10/><T83/><D106/><U40/><E40/><V42/><F119/><W108/><G11/><T127/><D127/><U66/><E66/><V38/><F64/><N who="3" m="38927" /><G108/><T67/><D67/><U75/><E75/><V61/><F21/><W113/><G113/><T129/><D129/><U13/><E13/><V79/><F79/><W82/><G15/><T94/><REACH who="0" step="1"/><D86/><REACH who="0" ten="240,240,250,250" step="2"/><U125/><E125/><V53/><F31/><W126/><G126/><T37/><D37/><AGARI ba="0,2" hai="24,29,34,37,43,46,69,71,81,85,90,93,97,101" machi="37" ten="30,3900,0" yaku="1,1,7,1,52,1,53,0" doraHai="87" doraHaiUra="116" who="1" fromWho="0" sc="240,-39,240,59,250,0,250,0" /><AGARI ba="0,0" hai="36,37,38,42,45,53,56,61,62,65,70,89,92,96" machi="37" ten="30,2000,0" yaku="7,1,52,1" doraHai="87" who="2" fromWho="0" sc="201,-20,299,0,250,20,250,0" /><INIT seed="1,0,0,5,2,130" ten="181,299,270,250" oya="1" hai0="36,4,109,105,69,21,10,100,103,118,92,117,77" hai1="85,17,29,82,6,84,63,55,81,114,127,12,65" hai2="56,43,70,51,128,0,44,23,47,61,71,2,11" hai3="83,19,41,25,99,115,79,91,50,13,33,68,40"/><U37/><E114/><V132/><F128/><W31/><G115/><T93/><D69/><U49/><E37/><V14/><F132/><W9/><G68/><T38/><D21/><U95/><E127/><V3/><F23/><W32/><G32/><T119/><D77/><U120/><E120/><V42/><F14/><W90/><G99/><T62/><D62/><U57/><E6/><V76/><F76/><W39/><G39/><T124/><D124/><U122/><E122/><V94/><F94/><W89/><REACH who="3" step="1"/><G50/><REACH who="3" ten="181,299,270,240" step="2"/><T48/><D48/><U86/><E29/><V116/><F70/><W22/><G22/><T72/><D118/><U125/><E125/><V126/><F71/><W34/><G34/><T75/><D10/><N who="1" m="6295" /><E95/><V135/><F116/><W18/><G18/><T60/><D105/><U80/><E49/><V27/><F126/><W133/><G133/><T112/><D112/><U30/><E30/><V66/><F135/><W121/><G121/><T35/><D35/><U52/><AGARI ba="0,1" hai="52,55,57,63,65,80,81,82,84,85,86" m="6295" machi="52" ten="40,3900,0" yaku="8,1,54,1" doraHai="130" who="1" fromWho="1" sc="181,-13,299,49,270,-13,240,-13" /><INIT seed="1,1,0,0,4,3" ten="168,348,257,227" oya="1" hai0="14,32,127,131,59,125,92,109,26,126,43,47,45" hai1="120,8,118,88,90,129,38,71,123,81,25,27,13" hai2="68,111,110,114,15,52,4,99,79,116,105,132,95" hai3="108,5,128,96,21,49,44,6,51,65,122,28,82"/><U113/><E113/><V73/><F116/><W64/><G122/><T55/><D109/><N who="2" m="41482" /><F68/><W54/><G108/><T11/><D131/><U78/><E118/><V61/><F105/><W30/><G128/><T18/><D92/><U83/><E129/><V31/><F31/><N who="3" m="11819" /><G96/><T91/><D32/><U10/><E13/><V33/><F33/><W107/><G107/><T0/><D26/><U100/><E71/><V93/><F114/><W41/><G21/><T76/><D76/><U63/><E63/><V12/><F132/><W2/><G2/><T24/><D24/><U60/><E60/><V19/><F79/><W37/><G37/><T34/><D34/><U48/><E48/><V66/><F73/><W117/><G82/><T42/><D91/><U22/><E22/><N who="2" m="11623" /><F66/><N who="3" m="25707" /><G117/><T36/><D0/><U85/><E78/><V135/><F135/><W57/><AGARI ba="1,0" hai="5,6,41,44,49,51,54,57" m="25707,11819" machi="57" ten="30,4000,0" yaku="8,1,52,2" doraHai="3" who="3" fromWho="3" sc="168,-11,348,-21,257,-11,227,43" /><INIT seed="2,0,0,5,3,37" ten="157,327,246,270" oya="2" hai0="110,121,73,9,64,40,100,55,109,53,39,84,56" hai1="26,2,6,52,19,129,1,118,115,35,69,47,96" hai2="104,3,44,94,16,101,20,79,134,95,108,70,24" hai3="0,5,86,12,114,80,88,21,119,130,72,125,111"/><V4/><F70/><W59/><G119/><T49/><D73/><U93/><E118/><V51/><F134/><W68/><G68/><T22/><D100/><U116/><E116/><V76/><F104/><W97/><G111/><N who="0" m="42507" /><D9/><U132/><E69/><V57/><F108/><W102/><G72/><T29/><D84/><U27/><E115/><V66/><F4/><W45/><G114/><T32/><D32/><U83/><E132/><V38/><F38/><W48/><G0/><T67/><D29/><U50/><E129/><V123/><F123/><W127/><G130/><T82/><D82/><U62/><E83/><V77/><F3/><W103/><G59/><N who="0" m="33199" /><D22/><U87/><E87/><V34/><F34/><W33/><G33/><T124/><D124/><N who="3" m="47689" /><G97/><T120/><D120/><U98/><E27/><V113/><F113/><W31/><G31/><T18/><D18/><U58/><E6/><V106/><F106/><W74/><G74/><T122/><D122/><U25/><E25/><V43/><F101/><W75/><G75/><T63/><D121/><U89/><E96/><V90/><F90/><W54/><G5/><T107/><D107/><U78/><E78/><V42/><F95/><W28/><G28/><T17/><D17/><AGARI ba="0,0" hai="12,17,21,45,48,54,80,86,88,102,103" m="47689" machi="17" ten="30,2000,0" yaku="18,1,54,1" doraHai="37" who="3" fromWho="0" sc="157,-20,327,0,246,0,270,20" /><INIT seed="3,0,0,2,3,54" ten="137,327,246,290" oya="3" hai0="129,11,23,121,135,36,130,88,62,86,39,46,66" hai1="13,12,17,32,103,63,1,116,106,34,96,102,85" hai2="94,58,40,43,61,18,95,79,115,42,92,105,117" hai3="59,78,2,53,123,41,37,87,82,128,52,69,29"/><W124/><G123/><T67/><D121/><U120/><E120/><V113/><BYE who="1" /><F117/><W108/><G69/><T15/><D135/><UN n1="%54%4F%52" /><U91/><E116/><V98/><F79/><W127/><G128/><T3/><D3/><U125/><E1/><V45/><F45/><N who="3" m="23727" /><G2/><T26/><D130/><U57/><E103/><V81/><F81/><W50/><G53/><T90/><D129/><U56/><E125/><N who="3" m="48202" /><G29/><T27/><D67/><U100/><E100/><V0/><F0/><W83/><G83/><T80/><D90/><U84/><E12/><V101/><REACH who="2" step="1"/><F18/><REACH who="2" ten="137,327,236,290" step="2"/><W38/><G38/><T20/><D46/><U126/><E126/><V5/><F5/><W9/><G108/><T76/><D76/><U14/><E17/><V10/><F10/><AGARI ba="0,1" hai="9,10,50,52,59,78,82,87" m="48202,23727" machi="10" ten="30,5800,0" yaku="18,1,52,1,54,1" doraHai="54" who="3" fromWho="2" sc="137,0,327,0,236,-58,290,68" owari="137,-36.3,327,12.7,178,-22.2,358,45.8" /></mjloggm>