<mjloggm ver="2.3"><GO type="225" lobby="0"/><UN n0="%E3%82%BC%E3%83%AB%E3%83%80%E3%81%AE%E4%BC%9D%E8%AA%AC" n1="%E9%89%A2%E5%B7%BB%E3%82%AC%E3%83%96" n2="%E6%9A%87%E4%BA%BA%EF%BC%A0%E9%85%8D%E4%BF%A1%E5%9E%A2" n3="%72%69%6F%75%63%68%61%6E" dan="16,16,17,17" rate="2212.54,2052.15,2138.73,2159.85" sx="M,M,F,M"/><TAIKYOKU oya="0"/><INIT seed="0,0,0,2,1,93" ten="250,250,250,250" oya="0" hai0="99,53,62,40,12,37,84,110,57,94,13,65,5" hai1="55,63,61,128,68,49,100,46,90,118,71,22,92" hai2="78,123,66,26,56,115,87,98,39,117,80,130,88" hai3="30,9,25,129,95,116,50,72,91,89,122,131,44"/><T47/><D110/><U75/><E118/><V113/><F123/><W19/><G116/><T28/><D5/><U120/><E120/><V41/><F117/><W96/><G72/><T127/><D127/><U70/><E75/><V105/><F130/><N who="3" m="49675" /><G122/><T34/><D84/><U97/><E128/><V45/><F26/><W51/><G89/><T119/><D119/><U107/><REACH who="1" step="1"/><E22/><REACH who="1" ten="250,240,250,250" step="2"/><V14/><F113/><W134/><G134/><T74/><D74/><U104/><E104/><V2/><F115/><W4/><G19/><T121/><D121/><U58/><E58/><V17/><F2/><N who="3" m="151" /><G44/><T69/><D34/><AGARI ba="0,1" hai="25,30,34,50,51,91,95,96" m="151,49675" machi="34" ten="30,2000,0" yaku="19,1,52,1" doraHai="93" who="3" fromWho="0" sc="250,-20,240,0,250,0,250,30" /><INIT seed="1,0,0,5,4,101" ten="230,240,250,280" oya="1" hai0="3,105,40,50,87,125,48,11,88,0,52,53,115" hai1="83,76,24,78,9,135,6,96,1,36,108,64,10" hai2="93,58,20,23,42,31,57,117,121,110,12,17,25" hai3="107,4,41,128,18,86,70,92,28,49,132,100,22"/><U82/><E36/><V62/><F110/><W71/><G128/><T106/><D115/><U21/><E135/><V104/><F117/><W124/><G124/><T29/><D40/><U94/><E108/><V66/><F121/><W79/><G132/><T27/><D125/><U112/><E112/><V7/><F42/><W47/><G28/><T90/><D11/><U133/><E64/><V81/><F7/><W26/><G4/><T60/><D60/><U119/><E119/><V39/><F39/><W45/><G45/><T35/><D87/><U2/><E133/><V32/><F81/><W61/><G61/><T30/><D27/><U114/><E114/><V129/><F129/><W122/><G122/><T77/><D77/><U73/><E1/><V63/><F93/><W33/><G33/><AGARI ba="0,0" hai="0,3,29,30,33,35,48,50,52,53,88,90,105,106" machi="33" ten="25,12000,2" yaku="22,2,52,2,54,2" doraHai="101" who="0" fromWho="3" sc="230,120,240,0,250,0,280,-120" /><INIT seed="2,0,0,0,2,33" ten="350,240,250,160" oya="2" hai0="42,131,70,31,72,24,76,115,83,67,8,87,114" hai1="94,10,84,127,112,129,9,14,45,104,51,57,21" hai2="78,89,55,15,118,74,110,49,41,82,60,11,22" hai3="123,20,44,128,101,36,34,37,124,0,88,18,99"/><V48/><F118/><W79/><G123/><T59/><D59/><U85/><E104/><V93/><F110/><W96/><G34/><T35/><D131/><U43/><E112/><V113/><F113/><W119/><G128/><T2/><D87/><U73/><E73/><V63/><F41/><W71/><G119/><T17/><D17/><U103/><E129/><V6/><F22/><W53/><G71/><T69/><D42/><U130/><E127/><V81/><F81/><W1/><G124/><T38/><D38/><U121/><E121/><V80/><F80/><W108/><G79/><T64/><D64/><U105/><E105/><V19/><F19/><W134/><G108/><T23/><D23/><U47/><E21/><V56/><REACH who="2" step="1"/><F60/><REACH who="2" ten="350,240,240,160" step="2"/><W61/><G61/><N who="0" m="40175" /><D70/><U29/><E43/><V125/><F125/><W116/><G116/><T77/><D77/><U68/><E130/><V58/><F58/><W133/><G20/><T107/><D114/><U117/><E117/><V95/><F95/><N who="3" m="56423" /><G18/><T25/><D115/><U62/><E94/><V102/><F102/><W28/><G28/><T16/><D107/><U27/><E103/><V39/><F39/><N who="3" m="14923" /><G44/><T26/><D16/><U50/><E45/><V75/><F75/><W4/><G4/><T13/><D31/><U7/><E47/><V5/><F5/><W106/><G53/><T65/><D35/><N who="1" m="20927" /><E68/><V98/><AGARI ba="0,1" hai="6,11,15,48,49,55,56,63,74,78,82,89,93,98" machi="98" ten="20,7800,0" yaku="1,1,0,1,7,1,53,1" doraHai="33" doraHaiUra="92" who="2" fromWho="2" sc="350,-26,240,-26,240,88,160,-26" /><INIT seed="2,1,0,4,4,54" ten="324,214,328,134" oya="2" hai0="46,11,59,87,24,42,97,72,122,129,57,37,65" hai1="12,90,119,113,98,50,86,17,127,75,30,105,70" hai2="135,67,116,71,27,25,76,68,74,106,85,115,133" hai3="56,62,40,52,81,77,31,110,69,1,15,107,120"/><V109/><F115/><W123/><G1/><T3/><D122/><U80/><E113/><V118/><F106/><W84/><G107/><T99/><D87/><U18/><E119/><N who="2" m="45611" /><F85/><W6/><G110/><T2/><D2/><U43/><E127/><V79/><F67/><W19/><G31/><T121/><D121/><U125/><E125/><V55/><F74/><W64/><G6/><N who="0" m="1503" /><D24/><N who="2" m="9290" /><F55/><W16/><G40/><T29/><D29/><U47/><E30/><V35/><F109/><W103/><G103/><T130/><D72/><U41/><E75/><V124/><F124/><W21/><REACH who="3" step="1"/><G19/><REACH who="3" ten="324,214,328,124" step="2"/><T36/><D36/><U44/><E18/><V58/><F133/><W126/><G126/><T39/><D39/><U7/><E7/><V95/><F135/><W104/><G104/><T63/><D37/><U4/><E4/><V22/><F79/><W73/><G73/><T91/><D42/><U5/><E5/><V60/><F76/><W61/><AGARI ba="1,1" hai="15,16,21,52,56,61,62,64,69,77,81,84,120,123" machi="61" ten="20,12000,2" yaku="1,1,0,1,7,1,52,1,54,2,53,0" doraHai="54" doraHaiUra="108" who="3" fromWho="3" sc="324,-31,214,-31,328,-61,124,133" /><INIT seed="3,0,0,3,5,85" ten="293,183,267,257" oya="3" hai0="84,12,124,44,87,10,81,76,25,73,112,35,98" hai1="41,123,116,86,64,68,66,3,2,71,36,77,43" hai2="111,96,14,105,20,60,118,92,22,27,59,82,11" hai3="18,1,37,17,131,88,110,7,58,16,133,33,46"/><W78/><G33/><T55/><D124/><U0/><E86/><V29/><F118/><W117/><G117/><T74/><D74/><U8/><E116/><V80/><F105/><W19/><G78/><T130/><D130/><U129/><E77/><V128/><F22/><W107/><G107/><T95/><D112/><U21/><E21/><V57/><F111/><W15/><G131/><T31/><D55/><U4/><E129/><V134/><F134/><W104/><G104/><T127/><D44/><U106/><E106/><V132/><F132/><W45/><G133/><T114/><D127/><U119/><E119/><V94/><F94/><W91/><G110/><T28/><D28/><U63/><E123/><V6/><F59/><W49/><G1/><T34/><D34/><U9/><E9/><V102/><REACH who="2" step="1"/><F128/><REACH who="2" ten="293,183,257,257" step="2"/><W39/><G58/><T24/><D114/><U121/><E121/><V42/><F42/><N who="3" m="24759" /><G37/><T108/><D108/><U120/><E120/><V125/><F125/><W109/><G39/><T30/><D30/><U97/><E97/><V135/><F135/><W115/><N who="3" m="4096" /><DORA hai="126" /><W67/><G109/><T122/><D122/><U61/><E41/><V70/><F70/><W99/><G115/><T103/><D25/><U40/><E43/><V56/><F56/><W47/><G67/><AGARI ba="0,1" hai="6,11,14,20,27,29,57,60,67,80,82,92,96,102" machi="67" ten="30,8000,1" yaku="1,1,7,1,25,2,8,1,53,0" doraHai="85,126" doraHaiUra="65,13" who="2" fromWho="3" sc="293,0,183,0,257,90,257,-80" owari="293,9.3,183,-21.7,347,44.7,177,-32.3" /></mjloggm>