<mjloggm ver="2.3"><GO type="225" lobby="0"/><UN n0="%E6%98%BC%E4%B8%8B%E3%81%8C%E3%82%8A%E3%81%AE%E5%9B%A3%E5%9C%B0%E5%A6%BB" n1="%61%6D%65%6B%69" n2="%E3%81%A4%E3%81%A3%E3%81%B1%E3%82%8A%E3%83%9D%E3%83%BC%E3%83%AB" n3="%E3%82%A2%E3%83%A1%E3%82%A2%E3%83%A9%E3%83%AC" dan="16,16,17,16" rate="2151.97,2079.59,2213.21,2150.27" sx="F,M,M,M"/><TAIKYOKU oya="0"/><INIT seed="0,0,0,1,0,109" ten="250,250,250,250" oya="0" hai0="55,9,59,101,31,106,15,26,30,38,18,123,111" hai1="78,82,34,7,42,1,86,81,66,44,37,96,99" hai2="117,114,95,21,52,102,8,2,122,103,58,27,132" hai3="116,4,64,90,49,79,47,10,129,120,54,17,125"/><T130/><D123/><U113/><E34/><V33/><F122/><W94/><G116/><T41/><D111/><U60/><E7/><V29/><F117/><W25/><G129/><T100/><D130/><U124/><E1/><V70/><F70/><W3/><G125/><T88/><D31/><U87/><E113/><V36/><F36/><W6/><G120/><T39/><D39/><U131/><E124/><V43/><F43/><W22/><G6/><T75/><D75/><U68/><REACH who="1" step="1"/><E131/><REACH who="1" ten="250,240,250,250" step="2"/><V73/><F33/><W62/><G79/><AGARI ba="0,1" hai="37,42,44,60,66,68,78,79,81,82,86,87,96,99" machi="79" ten="30,12000,2" yaku="1,1,2,1,7,1,9,1,53,2" doraHai="109" doraHaiUra="83" who="1" fromWho="3" sc="250,0,240,130,250,0,250,-120" /><INIT seed="1,0,0,5,4,17" ten="250,370,250,130" oya="1" hai0="104,86,28,56,128,46,13,48,60,67,59,123,65" hai1="4,24,84,119,51,83,34,9,18,6,27,107,106" hai2="92,89,129,73,49,134,91,114,71,99,33,14,87" hai3="11,103,52,113,70,125,82,121,81,35,30,23,1"/><U8/><E119/><V98/><F71/><W3/><G125/><T74/><D74/><U97/><E51/><V124/><F33/><W115/><G121/><T26/><D123/><U58/><E58/><V40/><F73/><W50/><G70/><T76/><D104/><U102/><E107/><V54/><F124/><W126/><G126/><T122/><D128/><U132/><E132/><V96/><F129/><W133/><G133/><T19/><D122/><U7/><E34/><V53/><F134/><W130/><G130/><T80/><D26/><U117/><E117/><V127/><F127/><W29/><G35/><T45/><D28/><U63/><E63/><V47/><F114/><W111/><G111/><T36/><D36/><U0/><E18/><V15/><F91/><W64/><G64/><T118/><D118/><U94/><E106/><V112/><F112/><W135/><G135/><T57/><D65/><U21/><E21/><V105/><F105/><W55/><G50/><T20/><REACH who="0" step="1"/><D46/><REACH who="0" ten="240,370,250,130" step="2"/><U69/><E69/><V62/><F54/><AGARI ba="0,1" hai="13,19,20,45,48,54,56,57,59,60,67,76,80,86" machi="54" ten="30,12000,2" yaku="1,1,2,1,7,1,8,1,52,1,53,1" doraHai="17" doraHaiUra="12" who="0" fromWho="2" sc="240,130,370,0,250,-120,130,0" /><INIT seed="2,0,0,4,5,42" ten="370,370,130,130" oya="2" hai0="115,128,9,65,51,104,52,68,108,98,96,48,67" hai1="18,122,44,79,84,132,59,55,28,107,12,70,31" hai2="23,92,117,114,134,8,80,32,46,14,21,60,0" hai3="112,24,57,77,73,94,124,93,82,127,74,123,95"/><V62/><F114/><W81/><G24/><T39/><D39/><U61/><E107/><V56/><F117/><W47/><G57/><T19/><D115/><U27/><E70/><V66/><F32/><W88/><G112/><T113/><D113/><U20/><E132/><V54/><F134/><W15/><G15/><N who="0" m="7663" /><D104/><U76/><E122/><V125/><F125/><N who="3" m="48203" /><G47/><N who="0" m="27679" /><D68/><U126/><E126/><V64/><F0/><W25/><G25/><T37/><D37/><U53/><E84/><V6/><F80/><W83/><G123/><T99/><D108/><U72/><E72/><N who="3" m="27754" /><G77/><N who="1" m="29770" /><E27/><V100/><F46/><W45/><G45/><T103/><D128/><U1/><E1/><V105/><F105/><W89/><AGARI ba="0,0" hai="81,82,83,88,89,93,94,95" m="27754,48203" machi="89" ten="40,12000,2" yaku="28,2,18,1,34,2,54,1" doraHai="42" who="3" fromWho="3" sc="370,-30,370,-30,130,-60,130,120" /><INIT seed="3,0,0,5,3,34" ten="340,340,70,250" oya="3" hai0="25,5,26,42,69,85,82,15,68,116,50,14,126" hai1="19,20,52,46,124,43,95,47,54,122,70,29,62" hai2="114,24,81,18,109,37,79,33,16,132,98,56,110" hai3="57,58,131,51,133,60,66,119,80,91,117,71,61"/><W41/><G80/><T48/><D116/><N who="3" m="44617" /><G91/><T88/><D126/><U12/><E124/><V84/><F37/><W38/><G133/><T111/><D111/><U45/><E122/><V106/><F56/><N who="3" m="21611" /><G131/><T28/><D26/><N who="1" m="16583" /><E70/><V3/><F3/><W130/><G130/><T90/><D90/><U103/><E62/><V44/><F24/><W134/><G134/><T32/><D15/><U13/><E43/><V23/><F132/><W76/><G76/><T4/><D4/><U113/><E113/><V112/><F33/><W102/><G102/><T104/><D104/><U39/><E39/><V99/><F106/><W128/><G128/><T40/><D40/><U118/><E118/><V8/><F8/><W67/><G38/><T72/><D72/><U31/><E31/><V89/><F23/><W27/><G27/><T107/><D107/><U100/><E13/><V7/><F7/><W77/><G77/><T10/><D68/><U53/><E95/><V92/><F18/><W121/><G121/><T64/><D69/><U125/><E125/><V129/><F16/><W0/><G0/><T11/><D28/><U127/><E127/><V135/><F129/><W21/><G21/><AGARI ba="0,0" hai="12,19,21,45,46,47,52,53,54,100,103" m="16583" machi="21" ten="30,2000,0" yaku="8,1,54,1" doraHai="34" who="1" fromWho="3" sc="340,0,340,20,70,0,250,-20" owari="340,14.0,360,46.0,70,-43.0,230,-17.0" /></mjloggm>