<mjloggm ver="2.3"><GO type="225" lobby="0"/><UN n0="%72%69%6F%75%63%68%61%6E" n1="%6D%75%75%6D%75%72%61" n2="%E6%A0%B9%E5%85%83%E3%81%8B%E3%82%89%E5%90%B9%E3%81%A3%E9%A3%9B%E3%81%B6" n3="%E3%83%A9%E3%83%96%E3%83%AC%E3%83%BC" dan="17,16,17,18" rate="2203.76,2192.00,2189.54,2254.73" sx="M,F,F,M"/><TAIKYOKU oya="0"/><INIT seed="0,0,0,2,4,60" ten="250,250,250,250" oya="0" hai0="18,50,108,32,135,129,1,115,19,26,122,126,47" hai1="83,35,128,89,107,99,95,15,87,55,0,81,33" hai2="21,62,125,11,116,53,51,25,121,86,105,90,27" hai3="30,7,78,93,40,71,64,124,2,92,3,132,113"/><T97/><D115/><U88/><E0/><V34/><F121/><W44/><G113/><T111/><D122/><U120/><E120/><V127/><F105/><W48/><G132/><T100/><D1/><U70/><E128/><V80/><F116/><W45/><G124/><N who="2" m="47689" /><F34/><W12/><G30/><N who="0" m="19543" /><D126/><U84/><E107/><V110/><F110/><N who="0" m="42026" /><D135/><U85/><E70/><V31/><F11/><W52/><G78/><T77/><D77/><U23/><E55/><V66/><F21/><W68/><G68/><T134/><D134/><U101/><REACH who="1" step="1"/><E87/><REACH who="1" ten="250,240,250,250" step="2"/><N who="2" m="50535" /><F31/><W73/><G2/><T8/><D129/><U4/><E4/><V98/><F86/><W39/><G3/><T63/><D8/><U38/><E38/><V57/><F98/><W17/><G7/><T74/><D74/><U106/><E106/><V112/><F112/><W37/><G73/><T103/><D63/><U14/><E14/><V10/><F10/><W61/><G39/><T9/><D9/><AGARI ba="0,1" hai="9,12,17,37,40,44,45,48,52,61,64,71,92,93" machi="9" ten="30,3900,0" yaku="7,1,52,1,54,1" doraHai="60" who="3" fromWho="0" sc="250,-39,240,0,250,0,250,49" /><INIT seed="1,0,0,5,1,11" ten="211,240,250,299" oya="1" hai0="55,33,95,110,91,32,62,115,61,26,127,121,17" hai1="68,42,75,5,77,133,31,2,46,19,78,90,131" hai2="93,63,71,102,65,16,134,58,98,45,70,103,87" hai3="51,81,124,40,15,1,129,37,82,35,8,99,114"/><U97/><E131/><V112/><F134/><W20/><G114/><T107/><D110/><U72/><E133/><V89/><F112/><W85/><G35/><T76/><D127/><U12/><E68/><V123/><F123/><W30/><G37/><T6/><D115/><U38/><E31/><V7/><F7/><W126/><G1/><T105/><D121/><U67/><E67/><V9/><F103/><W59/><G99/><T60/><D6/><U53/><E53/><V106/><REACH who="2" step="1"/><F45/><REACH who="2" ten="211,240,240,299" step="2"/><N who="3" m="26023" /><G126/><T108/><D108/><U44/><E44/><V10/><F10/><W113/><G124/><T0/><D0/><U74/><E2/><V34/><F34/><W79/><G8/><T25/><D32/><U132/><E5/><V41/><F41/><W83/><G113/><T80/><D33/><U130/><E130/><V29/><F29/><W64/><G30/><T135/><D135/><U120/><E132/><V56/><F56/><W69/><G69/><T57/><D17/><U50/><E120/><V13/><AGARI ba="0,1" hai="9,13,16,58,63,65,70,71,87,89,93,98,102,106" machi="13" ten="30,7900,0" yaku="1,1,0,1,52,1,54,1,53,0" doraHai="11" doraHaiUra="111" who="2" fromWho="2" sc="211,-20,240,-39,240,89,299,-20" /><INIT seed="2,0,0,4,2,108" ten="191,201,329,279" oya="2" hai0="102,45,44,131,41,126,123,101,4,52,17,91,18" hai1="81,125,87,72,22,109,3,55,128,115,106,60,10" hai2="120,84,118,99,76,113,96,129,75,46,19,133,86" hai3="34,89,48,121,94,78,116,80,14,119,97,36,105"/><V16/><F118/><W29/><G121/><T71/><D123/><U15/><E109/><V66/><F120/><W7/><G36/><T49/><D131/><U39/><E128/><V73/><F129/><W117/><G34/><T88/><D126/><U42/><E125/><V104/><F133/><W82/><G29/><T77/><D71/><U11/><E106/><V134/><F66/><W12/><G82/><T103/><D77/><U110/><E110/><V13/><F46/><W62/><G7/><T67/><D67/><U20/><E72/><V51/><F51/><W21/><G21/><T50/><D4/><U54/><E3/><V26/><F26/><W25/><G25/><T100/><N who="0" m="25600" /><DORA hai="47" /><T33/><REACH who="0" step="1"/><D33/><REACH who="0" ten="181,201,329,279" step="2"/><U83/><E22/><V107/><F76/><W35/><G78/><T124/><D124/><U9/><E20/><V58/><F134/><W111/><G35/><T114/><D114/><U85/><E115/><V1/><F113/><W65/><G111/><T38/><D38/><U40/><E39/><V27/><F1/><W93/><G117/><T61/><D61/><U43/><E60/><V64/><F64/><W92/><G62/><T59/><D59/><U0/><E0/><V5/><F5/><W32/><G32/><T57/><D57/><U112/><E112/><V37/><F58/><W70/><G70/><T63/><D63/><U6/><E6/><V24/><F37/><W127/><G127/><T56/><D56/><U23/><E23/><V53/><F13/><W132/><G119/><T130/><D130/><U68/><E15/><V90/><F107/><RYUUKYOKU ba="0,1" sc="181,30,201,-10,329,-10,279,-10" hai0="17,18,41,44,45,49,50,52,88,91" /><INIT seed="3,1,1,0,5,59" ten="211,191,319,269" oya="3" hai0="66,5,32,35,84,18,74,71,36,105,127,103,51" hai1="116,58,112,96,37,33,93,99,40,9,104,53,61" hai2="0,25,43,21,12,89,6,8,95,130,20,31,86" hai3="75,81,128,3,24,55,54,39,27,11,82,52,13"/><W90/><G3/><T79/><D36/><U123/><E112/><V102/><F43/><W107/><G107/><T26/><D127/><U57/><E123/><V121/><F121/><W56/><G39/><T30/><D5/><U16/><E33/><V41/><F41/><W50/><G128/><T28/><D84/><U63/><E104/><V14/><F130/><W125/><G125/><T118/><D118/><U129/><E129/><V85/><F102/><W132/><G132/><T10/><D51/><U108/><E108/><V44/><F44/><N who="3" m="27719" /><G55/><T48/><D48/><U70/><E70/><V113/><F113/><W73/><G73/><T120/><D120/><U114/><E114/><V117/><F117/><W101/><G101/><T47/><D47/><U49/><E116/><V94/><F20/><W42/><G42/><T131/><D131/><U46/><E37/><V88/><AGARI ba="1,1" hai="0,6,8,12,14,21,25,31,85,86,88,89,94,95" machi="88" ten="30,4000,0" yaku="0,1,9,1,54,1" doraHai="59" who="2" fromWho="2" sc="211,-11,191,-11,319,53,269,-21" owari="200,-20.0,180,-32.0,372,47.2,248,4.8" /></mjloggm>