<mjloggm ver="2.3"><GO type="225" lobby="0"/><UN n0="%E3%81%AF%E3%82%88%E3%81%8A%E3%81%98%E3%81%95%E3%82%93" n1="%E8%81%B7%E6%A5%AD%E3%80%81%E9%A2%A8%32" n2="%E5%8D%8D%E6%B1%A0%E8%A2%8B%E6%9C%80%E5%BC%B7%E5%8D%8D" n3="%E9%81%85%E5%88%BB%E3%81%AE%E3%83%97%E3%83%AA%E3%83%B3%E3%82%B9%E2%99%AA" dan="16,16,16,16" rate="2196.50,2091.40,2138.78,2180.04" sx="M,M,M,F"/><TAIKYOKU oya="0"/><INIT seed="0,0,0,2,2,55" ten="250,250,250,250" oya="0" hai0="63,66,130,77,127,25,47,53,50,32,101,10,13" hai1="97,117,89,86,6,68,65,103,107,39,96,58,79" hai2="91,80,135,4,118,123,108,102,0,88,27,1,62" hai3="2,54,74,20,9,105,111,46,104,129,59,76,113"/><T17/><D127/><U133/><E117/><V131/><F123/><W37/><G113/><T14/><D130/><U29/><E39/><V28/><F135/><W34/><G34/><T134/><D134/><U85/><E68/><V114/><F114/><W45/><G129/><T109/><D109/><U43/><E133/><V70/><F108/><W44/><G111/><T11/><D77/><U51/><E29/><V61/><F102/><W26/><G37/><T124/><D124/><U87/><E6/><V93/><F80/><W33/><G33/><T18/><D101/><U82/><E43/><V112/><F118/><W106/><G76/><T98/><D98/><U132/><E132/><V81/><F81/><W126/><G74/><T75/><D75/><U12/><E12/><V64/><F91/><W42/><G126/><T119/><D119/><U40/><E40/><V36/><F36/><W128/><G128/><T5/><D32/><U31/><E31/><V78/><F78/><W35/><G35/><T110/><D110/><U83/><E96/><V3/><F62/><W95/><G95/><T19/><REACH who="0" step="1"/><D25/><REACH who="0" ten="240,250,250,250" step="2"/><U120/><E79/><V90/><F131/><W15/><G106/><T115/><D115/><U21/><E107/><V84/><F112/><W7/><G105/><T41/><D41/><U57/><E103/><V56/><F90/><W24/><G104/><T16/><D16/><U22/><E97/><V30/><F27/><W99/><G42/><T116/><D116/><U94/><E89/><V122/><F88/><W49/><G99/><T73/><D73/><U69/><E94/><RYUUKYOKU ba="0,1" sc="240,15,250,-15,250,-15,250,15" hai0="5,10,11,13,14,17,18,19,47,50,53,63,66" hai3="2,7,9,15,20,24,26,44,45,46,49,54,59" /><INIT seed="0,1,1,3,0,23" ten="255,235,235,265" oya="0" hai0="122,27,59,110,34,24,88,15,78,63,18,55,40" hai1="1,33,47,129,30,32,83,48,39,126,76,22,8" hai2="53,0,56,10,98,101,91,120,62,118,13,28,58" hai3="14,37,77,121,104,111,109,106,4,87,90,51,97"/><T72/><D122/><U93/><E126/><V95/><F118/><W44/><G37/><T17/><D34/><U45/><E129/><V128/><F128/><W100/><G121/><T85/><D72/><U68/><E68/><V6/><F28/><W116/><G116/><T92/><D110/><N who="3" m="41993" /><G77/><T52/><D40/><U119/><E119/><V65/><F120/><W57/><G57/><N who="0" m="35263" /><D78/><U134/><E134/><V102/><REACH who="2" step="1"/><F0/><REACH who="2" ten="255,235,225,265" step="2"/><W103/><G106/><T107/><D107/><U71/><E1/><V9/><F9/><N who="3" m="4391" /><G104/><T75/><D75/><U70/><E8/><V42/><F42/><N who="3" m="24983" /><G97/><T73/><D73/><U89/><E30/><V12/><F12/><W132/><G132/><T115/><D115/><U3/><E3/><V112/><F112/><W49/><G49/><AGARI ba="1,2" hai="6,10,13,49,53,56,58,62,65,91,95,98,101,102" machi="49" ten="30,7700,0" yaku="1,1,7,1,8,1,53,1" doraHai="23" doraHaiUra="50" who="2" fromWho="3" sc="255,0,235,0,225,100,265,-80" /><INIT seed="1,0,0,1,3,50" ten="255,235,325,185" oya="1" hai0="2,24,96,0,53,28,107,3,113,100,126,16,120" hai1="106,49,110,42,47,55,71,4,132,75,84,92,36" hai2="127,8,88,115,15,95,34,27,103,68,79,85,52" hai3="119,39,90,43,22,41,108,9,30,63,1,74,78"/><U109/><E106/><V26/><F127/><W21/><G108/><N who="1" m="41578" /><E75/><V51/><F68/><W98/><G119/><T73/><D113/><U93/><E71/><V61/><F34/><W77/><G39/><T37/><D73/><U18/><E132/><V44/><F115/><W129/><G129/><T99/><D37/><U76/><E4/><V81/><F103/><W25/><G1/><T83/><D83/><N who="1" m="47207" /><E18/><N who="2" m="8551" /><F61/><W94/><G9/><T62/><D126/><U97/><E97/><AGARI ba="0,0" hai="26,27,44,51,52,79,81,85,88,95,97" m="8551" machi="97" ten="30,7700,0" yaku="8,1,52,1,54,2" doraHai="50" who="2" fromWho="1" sc="255,0,235,-77,325,77,185,0" /><INIT seed="2,0,0,5,0,124" ten="255,158,402,185" oya="2" hai0="117,5,87,10,126,72,0,132,108,92,83,26,35" hai1="33,102,24,81,116,36,131,103,42,100,135,9,64" hai2="41,57,118,29,62,121,55,123,110,1,54,89,67" hai3="51,50,129,53,95,16,113,122,74,19,45,99,63"/><V130/><F118/><W61/><G122/><T8/><D126/><U56/><E116/><V13/><F1/><W78/><G113/><T84/><D117/><U114/><E114/><V15/><F15/><W112/><G112/><T30/><D108/><U101/><E135/><V75/><F13/><W105/><G105/><T109/><D109/><U86/><E131/><V31/><F55/><W48/><G129/><T80/><D132/><U17/><E36/><V44/><F54/><W32/><G32/><T73/><D92/><U37/><E37/><V93/><F93/><W128/><G128/><T58/><D58/><U106/><E42/><V90/><F41/><W21/><G78/><T96/><D96/><U125/><E125/><V111/><F90/><N who="3" m="55799" /><G74/><T7/><D84/><U34/><E106/><V94/><F89/><W52/><G19/><T14/><D80/><U46/><E46/><V6/><F57/><N who="3" m="34983" /><G63/><T25/><D26/><AGARI ba="0,0" hai="16,21,26,45,48,50,51,53" m="34983,55799" machi="26" ten="30,7700,0" yaku="25,1,8,1,54,2" doraHai="124" who="3" fromWho="0" sc="255,-77,158,0,402,0,185,77" /><INIT seed="3,0,0,4,3,113" ten="178,158,402,262" oya="3" hai0="67,21,72,65,123,37,130,14,124,92,89,100,93" hai1="80,10,114,26,103,79,24,12,18,97,4,22,2" hai2="3,81,51,83,64,55,112,121,39,111,6,1,109" hai3="74,38,127,32,23,36,33,84,15,16,96,13,46"/><W60/><G74/><T31/><D123/><U110/><E110/><N who="2" m="41995" /><F39/><W57/><G127/><T49/><D37/><U69/><E69/><V0/><F64/><W8/><G96/><N who="0" m="59399" /><D72/><U71/><E71/><V68/><F112/><W118/><G118/><T128/><D124/><U50/><E114/><V98/><F68/><W131/><G131/><N who="0" m="50219" /><D49/><U20/><E20/><V129/><F121/><W99/><G99/><N who="0" m="57775" /><D14/><U108/><E108/><V101/><F6/><W34/><G84/><T87/><D87/><U62/><E50/><V35/><F35/><W59/><G46/><T115/><D115/><U19/><E62/><V30/><F30/><W25/><G15/><T125/><D125/><U85/><REACH who="1" step="1"/><E19/><REACH who="1" ten="178,148,402,262" step="2"/><V27/><F129/><W70/><G70/><T95/><D95/><AGARI ba="0,1" hai="2,4,10,12,18,22,24,26,79,80,85,95,97,103" machi="95" ten="30,7700,0" yaku="1,1,2,1,7,1,53,1" doraHai="113" doraHaiUra="7" who="1" fromWho="0" sc="178,-77,148,87,402,0,262,0" owari="101,-39.9,235,-16.5,402,50.2,262,6.2" /></mjloggm>