<mjloggm ver="2.3"><GO type="225" lobby="0"/><UN n0="%E3%83%A9%E3%83%BC%E3%83%A1%E3%83%B3%E4%BA%94%E9%83%8E" n1="%E5%8D%8D%E6%B1%A0%E8%A2%8B%E6%9C%80%E5%BC%B7%E5%8D%8D" n2="%73%69%72%6F%75%74" n3="%E7%89%B9%E6%9D%B1%E3%81%AF%E4%B8%96%E7%95%8C%E3%82%92%E6%95%91%E3%81%86" dan="16,16,16,16" rate="2116.41,2144.82,2106.84,2158.66" sx="M,M,M,M"/><TAIKYOKU oya="0"/><INIT seed="0,0,0,0,4,120" ten="250,250,250,250" oya="0" hai0="133,119,12,111,1,26,80,23,40,6,82,32,13" hai1="45,122,92,93,59,54,41,103,53,129,28,61,58" hai2="43,68,76,10,0,94,77,20,104,101,52,2,79" hai3="4,17,132,9,107,22,114,127,88,63,90,74,14"/><T3/><D119/><U62/><E122/><V18/><F104/><W16/><G114/><T105/><D105/><U81/><E129/><V19/><F68/><W7/><G132/><T24/><D40/><U115/><E115/><V29/><F43/><W86/><G74/><T15/><D133/><U31/><E81/><V89/><F101/><W91/><G127/><T36/><D36/><U78/><E78/><V121/><F121/><W70/><G107/><T25/><D32/><U100/><REACH who="1" step="1"/><E41/><REACH who="1" ten="250,240,250,250" step="2"/><V33/><F79/><W67/><REACH who="3" step="1"/><G86/><REACH who="3" ten="250,240,250,240" step="2"/><T30/><D80/><U27/><E27/><AGARI ba="0,2" hai="4,7,9,14,16,17,22,27,63,67,70,88,90,91" machi="27" ten="40,8000,1" yaku="1,1,2,1,54,2,53,0" doraHai="120" doraHaiUra="123" who="3" fromWho="1" sc="250,0,240,-80,250,0,240,100" /><INIT seed="1,0,0,5,2,133" ten="250,160,250,340" oya="1" hai0="69,34,122,127,64,58,116,78,47,88,16,103,15" hai1="107,61,126,17,118,22,106,85,102,119,4,9,83" hai2="35,49,87,74,2,130,32,23,40,105,66,28,43" hai3="37,129,27,55,117,7,77,30,63,79,104,89,81"/><U72/><E72/><V93/><F74/><W52/><G37/><T80/><D116/><U123/><E123/><V68/><F105/><W86/><G117/><T12/><D69/><U36/><E36/><V101/><F2/><W113/><G113/><T0/><D0/><U11/><E61/><V48/><F130/><W109/><G109/><T76/><D34/><U115/><E115/><V53/><F68/><W57/><G129/><T6/><D6/><U54/><E54/><V128/><F128/><W62/><G104/><T5/><D5/><U14/><E11/><V1/><F1/><W45/><G7/><T73/><D103/><U19/><E17/><V84/><F66/><W46/><G46/><T51/><D78/><U24/><E126/><V82/><F35/><W125/><G125/><T100/><D100/><U96/><REACH who="1" step="1"/><E106/><REACH who="1" ten="250,150,250,340" step="2"/><V50/><F53/><W92/><G62/><N who="0" m="37975" /><D127/><U114/><E114/><V31/><F43/><W20/><G55/><T75/><D75/><U108/><E108/><V135/><F40/><W18/><G45/><T33/><D122/><U111/><E111/><V26/><F31/><W70/><G70/><T10/><D73/><U90/><AGARI ba="0,1" hai="4,9,14,19,22,24,83,85,90,96,102,107,118,119" machi="90" ten="20,3900,0" yaku="1,1,0,1,7,1,53,0" doraHai="133" doraHaiUra="120" who="1" fromWho="1" sc="250,-13,150,49,250,-13,340,-13" /><INIT seed="1,1,0,5,1,107" ten="237,199,237,327" oya="1" hai0="30,17,133,27,74,102,97,55,3,5,111,12,76" hai1="101,69,59,130,41,67,66,78,126,116,43,2,96" hai2="117,58,10,20,70,38,35,80,4,51,127,11,49" hai3="22,34,46,33,113,77,44,64,115,14,82,119,57"/><U52/><E116/><V134/><F117/><W118/><G14/><T40/><D111/><U62/><E78/><V73/><F70/><W100/><G22/><T103/><D133/><U21/><E2/><V54/><F35/><W26/><G100/><T132/><D132/><U16/><E130/><V122/><F38/><W31/><G34/><T71/><D71/><U90/><E101/><V9/><F134/><W23/><G33/><N who="0" m="20703" /><D55/><U91/><E126/><V45/><F127/><W50/><G46/><T129/><D97/><U36/><E36/><V85/><F73/><W89/><G89/><N who="1" m="33802" /><E96/><V24/><F122/><W6/><G6/><T15/><D129/><U56/><E69/><V84/><F4/><W8/><G8/><N who="0" m="2111" /><D40/><N who="1" m="15435" /><E56/><V65/><F80/><W48/><G118/><T60/><D76/><U7/><E7/><V110/><F110/><W121/><G119/><T123/><D123/><U79/><E79/><V53/><REACH who="2" step="1"/><F65/><REACH who="2" ten="237,199,227,327" step="2"/><W135/><G135/><T109/><D109/><U0/><E0/><V98/><F98/><W128/><G121/><T68/><D68/><U108/><E108/><V13/><F13/><AGARI ba="1,1" hai="13,16,21,52,59,62,66,67" m="15435,33802" machi="13" ten="30,5800,0" yaku="8,1,54,2" doraHai="107" who="1" fromWho="2" sc="237,0,199,71,227,-61,327,0" /><INIT seed="1,2,0,1,0,111" ten="237,270,166,327" oya="1" hai0="1,46,120,65,3,48,105,17,127,19,9,114,108" hai1="25,23,38,13,49,35,72,130,39,86,134,91,89" hai2="21,68,56,133,104,12,85,2,122,27,22,61,132" hai3="101,123,14,40,26,73,113,52,75,53,58,16,92"/><U47/><E72/><V42/><F104/><W44/><G123/><T15/><D120/><U99/><E134/><N who="2" m="51819" /><F68/><W33/><G113/><T51/><D105/><U115/><E115/><V11/><F42/><W100/><G33/><T76/><D114/><U80/><E13/><V121/><F85/><W82/><G26/><T8/><D108/><U107/><E35/><V20/><F56/><W34/><G34/><T93/><D127/><U135/><E130/><V55/><F55/><W124/><G124/><T79/><D65/><U87/><E99/><V0/><F61/><W6/><G6/><T63/><D63/><U96/><E96/><V57/><F57/><W112/><G112/><T102/><D51/><U24/><E107/><V78/><F78/><W69/><G69/><T41/><D76/><U125/><E125/><V71/><F71/><W66/><G66/><T50/><D48/><U88/><E135/><V60/><F60/><N who="3" m="35911" /><G53/><T29/><D79/><N who="1" m="46367" /><E39/><V43/><F43/><W116/><G116/><T36/><D36/><U95/><E38/><V30/><F121/><W110/><G110/><T77/><D77/><U90/><E23/><N who="2" m="8779" /><F122/><W59/><G75/><T18/><D41/><AGARI ba="2,0" hai="24,25,41,47,49,87,88,89,90,91,95" m="46367" machi="41" ten="30,2900,0" yaku="8,1,54,1" doraHai="111" who="1" fromWho="0" sc="237,-35,270,35,166,0,327,0" /><INIT seed="1,3,0,4,5,20" ten="202,305,166,327" oya="1" hai0="125,121,24,11,109,13,19,31,110,78,64,0,55" hai1="16,52,82,53,30,134,72,9,118,70,7,12,66" hai2="61,18,84,91,47,94,60,88,57,6,122,65,131" hai3="51,99,115,101,75,50,92,128,100,58,42,59,32"/><U44/><E118/><V97/><F131/><W135/><G115/><T27/><D125/><U15/><E134/><V2/><F122/><W102/><G75/><T54/><D121/><U105/><E105/><V74/><F74/><W40/><G32/><T120/><D120/><U98/><E30/><V43/><F2/><W111/><G111/><N who="0" m="42507" /><D0/><U48/><E70/><V107/><F6/><W87/><G128/><T106/><D106/><U132/><E66/><V93/><F107/><W73/><G87/><T33/><D64/><U26/><E26/><N who="0" m="9769" /><D78/><U56/><E72/><V76/><F76/><W124/><G73/><T89/><D89/><U80/><E98/><V67/><F18/><W10/><G102/><T17/><D17/><U103/><E103/><V79/><F79/><W49/><G101/><T81/><D81/><U95/><E95/><V8/><F8/><W116/><G92/><T133/><D133/><U71/><E71/><V119/><F119/><W5/><G100/><T130/><D130/><U37/><E132/><V14/><F14/><W104/><G124/><T39/><D39/><U62/><E37/><V34/><F34/><W129/><G129/><T63/><D63/><U127/><E127/><V96/><F61/><W108/><G108/><T23/><D33/><U45/><E82/><V25/><F67/><W1/><G135/><T113/><D113/><U86/><E16/><V123/><F123/><W41/><G116/><T46/><D46/><N who="1" m="27671" /><E15/><V29/><F25/><AGARI ba="3,0" hai="11,13,19,23,25,31,54,55" m="9769,42507" machi="25" ten="30,8000,1" yaku="14,1,52,4" doraHai="20" who="0" fromWho="2" sc="202,89,305,0,166,-89,327,0" /><INIT seed="2,0,0,1,2,59" ten="291,305,77,327" oya="2" hai0="121,73,117,47,99,84,134,15,81,4,62,109,132" hai1="67,27,54,13,74,85,93,23,2,78,82,50,21" hai2="116,26,129,51,135,86,71,63,128,32,30,34,92" hai3="108,110,68,94,33,106,127,52,40,101,58,38,49"/><V96/><F116/><W1/><G1/><T18/><D121/><U88/><E2/><V70/><F86/><W79/><G33/><T41/><D117/><U114/><E114/><V56/><F135/><W35/><G35/><T103/><D73/><U77/><E67/><V113/><F113/><W0/><G0/><T66/><D4/><U83/><E13/><V97/><F51/><W124/><G68/><T39/><D109/><N who="3" m="42089" /><G106/><T119/><D119/><U87/><REACH who="1" step="1"/><E27/><REACH who="1" ten="291,295,77,327" step="2"/><V76/><F34/><W69/><G124/><T111/><D111/><U107/><E107/><V131/><F76/><W12/><G12/><T42/><D15/><U16/><E16/><V125/><F125/><W14/><G14/><T72/><D18/><U5/><E5/><V95/><F70/><W130/><G69/><T19/><D19/><U36/><E36/><V75/><F71/><W8/><G8/><T98/><D66/><U28/><E28/><V3/><F3/><W65/><G65/><T122/><D39/><U24/><E24/><V10/><F10/><W46/><G127/><T55/><D132/><U112/><E112/><V7/><F7/><W120/><G79/><T6/><D6/><U31/><E31/><V37/><F37/><W115/><G115/><T48/><D134/><U9/><E9/><V57/><F75/><W104/><G104/><T11/><D72/><U105/><E105/><V29/><F29/><W22/><G38/><T91/><D11/><U102/><E102/><N who="2" m="60679" /><F63/><W53/><G22/><T25/><D62/><U80/><E80/><V89/><AGARI ba="0,1" hai="26,30,32,56,57,89,95,97,128,129,131" m="60679" machi="89" ten="30,1500,0" yaku="19,1" doraHai="59" who="2" fromWho="2" sc="291,-5,295,-5,77,25,327,-5" /><INIT seed="2,1,0,3,5,73" ten="286,290,102,322" oya="2" hai0="8,122,118,103,74,77,75,86,70,63,28,46,76" hai1="55,1,52,100,125,3,120,51,66,107,26,60,24" hai2="20,99,112,41,40,23,29,45,121,35,108,36,117" hai3="25,105,49,17,115,68,58,43,18,109,64,82,38"/><V111/><F117/><W116/><G105/><T95/><D122/><U15/><E120/><V79/><F121/><W57/><G116/><T21/><D118/><U62/><E125/><V10/><F112/><W44/><G109/><N who="2" m="42057" /><F40/><W110/><G110/><T22/><D70/><U69/><E100/><V9/><F35/><W56/><G115/><T34/><D34/><U83/><E83/><V81/><F99/><W132/><G132/><T114/><D114/><U12/><E107/><V72/><F29/><W71/><G64/><T101/><D28/><U67/><E51/><V88/><F88/><W133/><G133/><T14/><D74/><U61/><E62/><V80/><F81/><W126/><G126/><T32/><D32/><U27/><E27/><V4/><F10/><W50/><G82/><T91/><D75/><U59/><E59/><V65/><F65/><W92/><G92/><T42/><D63/><U16/><E16/><V11/><F9/><W5/><G71/><AGARI ba="1,0" hai="1,3,12,15,24,26,52,55,60,61,66,67,69,71" machi="71" ten="25,3200,0" yaku="22,2,54,1" doraHai="73" who="1" fromWho="3" sc="286,0,290,35,102,0,322,-35" /><INIT seed="3,0,0,5,0,111" ten="286,325,102,287" oya="3" hai0="37,24,17,57,132,39,110,41,128,112,11,48,135" hai1="65,44,108,100,129,52,101,4,116,134,109,79,38" hai2="51,55,103,78,12,1,77,118,115,22,35,73,15" hai3="14,75,30,120,94,99,88,105,42,10,130,28,40"/><W125/><G120/><T64/><D110/><N who="1" m="42603" /><E116/><V29/><F118/><W49/><G75/><T69/><D128/><U123/><E123/><V117/><F117/><W83/><G130/><T85/><D85/><U131/><E134/><N who="0" m="51241" /><D112/><U47/><E65/><V96/><F1/><W68/><G68/><T33/><D33/><U20/><E79/><V127/><F35/><W5/><G125/><T13/><D69/><U71/><E71/><V19/><F127/><W2/><G105/><T122/><D122/><U104/><E4/><V26/><F73/><W124/><G124/><T56/><D24/><U58/><E20/><V25/><F25/><W121/><G121/><T8/><D8/><U114/><E114/><V50/><F50/><W53/><G83/><T63/><D56/><U3/><E3/><V18/><F115/><W32/><G2/><T67/><D67/><U74/><E74/><V7/><F29/><N who="3" m="11371" /><G32/><T106/><D106/><U21/><E104/><V87/><F7/><W90/><G90/><T31/><D31/><U113/><E113/><V34/><F34/><W61/><G61/><T126/><D126/><U91/><E91/><V0/><F0/><W45/><AGARI ba="0,0" hai="5,10,14,40,42,45,49,53,88,94,99" m="11371" machi="45" ten="30,3000,0" yaku="8,1,54,1" doraHai="111" who="3" fromWho="3" sc="286,-10,325,-10,102,-10,287,30" owari="276,-12.4,315,11.5,92,-40.8,317,41.7" /></mjloggm>