<mjloggm ver="2.3"><GO type="225" lobby="0"/><UN n0="%E6%A1%9C%E8%8A%B1%E9%96%83%E3%80%85" n1="%72%65%6E%6B%75%6E" n2="%E6%B4%BE%E9%81%A3%E3%81%AE%E3%82%B8%E3%83%A3%E3%83%83%E3%82%AF" n3="%E3%81%A9%E3%82%8F%E3%82%93%E3%81%94" dan="16,17,16,16" rate="2067.67,2246.88,2189.36,2104.20" sx="M,M,M,M"/><TAIKYOKU oya="0"/><INIT seed="0,0,0,3,4,76" ten="250,250,250,250" oya="0" hai0="116,90,117,108,65,9,110,3,46,102,135,41,25" hai1="95,55,59,126,54,125,96,62,21,14,66,91,99" hai2="60,86,34,133,104,94,38,85,56,57,81,33,29" hai3="43,129,89,0,113,1,77,20,50,31,32,24,115"/><T132/><D102/><U122/><E122/><V19/><F104/><W107/><G107/><T27/><D65/><U82/><E96/><V111/><F38/><W112/><G89/><T84/><D46/><U73/><E21/><V71/><F71/><W109/><G50/><T10/><D41/><U87/><E14/><V101/><F111/><N who="0" m="42538" /><D3/><N who="3" m="1097" /><G77/><T45/><D45/><U114/><E73/><V93/><F133/><N who="0" m="51274" /><D9/><U72/><E72/><V17/><F101/><W106/><G43/><T105/><D10/><U37/><E114/><V128/><F128/><W7/><G106/><T51/><D51/><U120/><E120/><V23/><F60/><W12/><G109/><T124/><D124/><N who="1" m="47723" /><E37/><V48/><F48/><W39/><G39/><T52/><D52/><U64/><E55/><V121/><F121/><W5/><G129/><T4/><D4/><U42/><E42/><V103/><F103/><AGARI ba="0,0" hai="54,59,62,64,66,82,87,91,95,99,103" m="47723" machi="103" ten="30,2000,0" yaku="18,1,52,1" doraHai="76" who="1" fromWho="2" sc="250,0,250,20,250,-20,250,0" /><INIT seed="1,0,0,2,3,49" ten="250,270,230,250" oya="1" hai0="99,27,88,22,30,134,118,84,91,24,87,80,40" hai1="1,107,41,19,62,55,98,74,6,53,110,54,9" hai2="104,125,120,79,2,135,70,114,112,4,75,82,14" hai3="108,95,92,119,3,17,76,16,117,65,85,20,39"/><U44/><E74/><V103/><F120/><W0/><G39/><T12/><D134/><U71/><E110/><V129/><F135/><W57/><G108/><T123/><D123/><U33/><E33/><V29/><F125/><W130/><G130/><T122/><D122/><U42/><E19/><V63/><F14/><W124/><G124/><T121/><D121/><U96/><E107/><V78/><F78/><W5/><G76/><T68/><D118/><N who="3" m="45065" /><G17/><T81/><D68/><U35/><E35/><V28/><F129/><W25/><G85/><T90/><D40/><U113/><E113/><N who="2" m="43627" /><F103/><W38/><G38/><T100/><D12/><U34/><E34/><V116/><F104/><W102/><G102/><T61/><D61/><U73/><E73/><V26/><F26/><W72/><G72/><T67/><D67/><U132/><E132/><V111/><F111/><W31/><G31/><T45/><D45/><U11/><E11/><N who="2" m="2455" /><F116/><W66/><G3/><T69/><D69/><U128/><E128/><V21/><F21/><W83/><G0/><T15/><D15/><U23/><E23/><V89/><F89/><W93/><G5/><T8/><D8/><U131/><E131/><V77/><F77/><W7/><G7/><T126/><D126/><U43/><REACH who="1" step="1"/><E44/><REACH who="1" ten="250,260,230,250" step="2"/><V133/><F133/><W105/><G105/><N who="0" m="63647" /><D22/><U46/><E46/><V60/><F70/><W101/><G16/><T64/><D30/><AGARI ba="0,1" hai="28,29,30,60,63,75,79,82" m="2455,43627" machi="30" ten="30,1000,0" yaku="11,1" doraHai="49" who="2" fromWho="0" sc="250,-10,260,0,230,20,250,0" /><INIT seed="2,0,0,1,5,66" ten="240,260,250,250" oya="2" hai0="68,59,16,46,8,135,88,34,32,109,35,65,23" hai1="38,70,119,37,73,122,67,132,61,31,86,60,45" hai2="12,85,9,1,77,4,33,103,69,124,94,6,126" hai3="91,115,72,133,20,40,128,0,36,48,84,3,112"/><V97/><F33/><W98/><G36/><T21/><D109/><U39/><E73/><V58/><F58/><W81/><G133/><T105/><D135/><U7/><E132/><V17/><F77/><W108/><G108/><T54/><D105/><U93/><E119/><V87/><F69/><W55/><G40/><T42/><D88/><U116/><E116/><V28/><F28/><W49/><G128/><T56/><D56/><U51/><E122/><V50/><F50/><W74/><G98/><T106/><D106/><U113/><E113/><N who="3" m="43594" /><G20/><T10/><D23/><U127/><E7/><N who="2" m="2603" /><F1/><N who="3" m="587" /><G49/><N who="0" m="31183" /><D21/><U30/><E61/><V26/><F26/><W62/><G62/><N who="0" m="39991" /><D16/><U102/><E39/><AGARI ba="0,0" hai="8,10,32,34,35,39,42,46" m="39991,31183" machi="39" ten="30,2000,0" yaku="24,1,52,1" doraHai="66" who="0" fromWho="1" sc="240,20,260,-20,250,0,250,0" /><INIT seed="3,0,0,0,1,87" ten="260,240,250,250" oya="3" hai0="1,12,103,75,114,39,51,126,21,34,40,70,104" hai1="20,131,36,109,132,127,97,48,45,28,90,10,16" hai2="86,92,8,84,38,80,19,128,27,23,116,123,9" hai3="110,100,26,89,120,63,106,13,112,77,56,54,33"/><W125/><G120/><T52/><D1/><U62/><E36/><V129/><F116/><W3/><G112/><T72/><D34/><U30/><E109/><V83/><F92/><W117/><G3/><T18/><D126/><U115/><E115/><V85/><F38/><W41/><G117/><T79/><D114/><U61/><E127/><V17/><F123/><W25/><G125/><T91/><D70/><U113/><E113/><V37/><F37/><W73/><G26/><T60/><D60/><N who="1" m="23147" /><E10/><N who="2" m="4203" /><F23/><W95/><G41/><T122/><D40/><N who="1" m="24615" /><E132/><V101/><F27/><W119/><G119/><T53/><D75/><U124/><E124/><V130/><F101/><W102/><G106/><T46/><D103/><U42/><E42/><V76/><F76/><W68/><G68/><T121/><D104/><U69/><E69/><V29/><F29/><W47/><G110/><T6/><D79/><U5/><E5/><V96/><F96/><N who="3" m="57455" /><G77/><T32/><D72/><U81/><E131/><V93/><F93/><W2/><G73/><T135/><D32/><U78/><E78/><V11/><F11/><W7/><G2/><T59/><D6/><U50/><E50/><V65/><F65/><W88/><G33/><T35/><D35/><U58/><E97/><V43/><F43/><W44/><G7/><T4/><D4/><U66/><E81/><AGARI ba="0,0" hai="17,19,80,81,83,84,85,86,128,129,130" m="4203" machi="81" ten="40,5200,0" yaku="28,2,19,1" doraHai="87" who="2" fromWho="1" sc="260,0,240,-52,250,52,250,0" owari="260,6.0,188,-31.2,302,40.2,250,-15.0" /></mjloggm>