<mjloggm ver="2.3"><GO type="225" lobby="0"/><UN n0="%E3%81%82%E3%81%99%E3%81%AA%E3%82%8D%E3%83%A9%E3%82%A4%E3%83%80%E3%83%BC" n1="%E3%83%97%E3%83%AC%E3%83%B4%E3%82%A1%E3%83%86%E3%82%A3" n2="%47%68%6F%73%74%55%30" n3="%E3%81%86%E3%81%A9%E3%82%93%E3%81%93" dan="16,16,17,16" rate="2158.92,2090.92,2208.08,2186.61" sx="M,F,M,M"/><TAIKYOKU oya="0"/><INIT seed="0,0,0,0,4,47" ten="250,250,250,250" oya="0" hai0="128,34,43,90,56,129,22,39,118,33,114,104,106" hai1="28,17,91,108,10,54,59,41,18,95,117,123,58" hai2="131,1,115,87,7,26,46,50,109,130,27,101,64" hai3="16,94,9,119,82,97,89,74,3,30,100,8,107"/><T134/><D114/><U19/><E19/><V24/><F115/><W99/><G119/><T6/><D118/><U15/><E117/><V14/><F109/><W2/><G30/><T70/><D70/><U127/><E108/><V93/><F64/><W120/><G120/><T61/><D134/><U48/><E123/><V86/><F1/><W132/><G132/><T113/><D113/><U124/><E28/><V11/><F101/><W35/><G35/><T20/><D90/><U45/><E18/><V53/><REACH who="2" step="1"/><F93/><REACH who="2" ten="250,250,240,250" step="2"/><W0/><G0/><T121/><D121/><U111/><E111/><V116/><F116/><W126/><G2/><T135/><D135/><U63/><REACH who="1" step="1"/><E59/><REACH who="1" ten="250,240,240,250" step="2"/><V110/><F110/><W21/><G126/><T23/><D56/><U96/><AGARI ba="0,2" hai="10,15,17,41,45,48,54,58,63,91,95,96,124,127" machi="96" ten="30,8000,1" yaku="1,1,2,1,0,1,52,1,53,1" doraHai="47" doraHaiUra="37" who="1" fromWho="1" sc="250,-40,240,100,240,-20,250,-20" /><INIT seed="1,0,0,3,0,43" ten="210,340,220,230" oya="1" hai0="57,63,22,71,41,36,68,116,108,118,69,46,77" hai1="133,52,49,39,119,86,64,76,100,18,0,72,37" hai2="132,105,96,59,34,91,35,11,24,60,4,90,42" hai3="67,28,122,101,104,129,31,2,102,124,45,48,66"/><U29/><E119/><N who="0" m="45609" /><D22/><U8/><E133/><V10/><F132/><W25/><G122/><T13/><D13/><N who="1" m="7463" /><E0/><V120/><F120/><W107/><G2/><T134/><D77/><U112/><E72/><V20/><F42/><W83/><G129/><T3/><D3/><U1/><E1/><V32/><F105/><W58/><G124/><T110/><D134/><U12/><E112/><V53/><F4/><W106/><G83/><T44/><D44/><N who="1" m="27687" /><E100/><V88/><REACH who="2" step="1"/><F96/><REACH who="2" ten="210,340,210,230" step="2"/><W97/><G106/><T115/><D115/><U109/><E109/><N who="0" m="42089" /><D57/><U79/><E37/><V70/><F70/><W99/><G58/><T98/><D98/><U130/><E39/><V56/><F56/><W94/><G104/><T55/><D55/><U51/><E130/><V113/><F113/><W65/><G107/><T81/><D81/><U50/><E64/><AGARI ba="0,1" hai="36,41,46,63,64,68,69,71" m="42089,45609" machi="64" ten="30,8000,1" yaku="14,1,23,1,34,2,52,1" doraHai="43" who="0" fromWho="1" sc="210,90,340,-80,210,0,230,0" /><INIT seed="2,0,0,4,5,5" ten="300,260,210,230" oya="2" hai0="127,39,40,59,19,65,7,101,79,100,2,132,36" hai1="86,103,105,26,76,116,107,22,114,71,16,64,126" hai2="94,6,73,120,4,11,37,28,34,32,125,129,80" hai3="81,14,33,0,72,21,43,18,3,91,115,93,44"/><V74/><F120/><W8/><G33/><T53/><D132/><U25/><E116/><V45/><F125/><W47/><G115/><T58/><D127/><U133/><E114/><V123/><F123/><W109/><G109/><T17/><D79/><U124/><E133/><V122/><F122/><W46/><G43/><T31/><D31/><U50/><E124/><V20/><F4/><W112/><G112/><T60/><D7/><U117/><E126/><V119/><F119/><W56/><G56/><T111/><D2/><U102/><E117/><V69/><F69/><W90/><G90/><T82/><D82/><N who="1" m="47431" /><E107/><V1/><F129/><W85/><G72/><T113/><D113/><U61/><E71/><V23/><F94/><W48/><G48/><T29/><D29/><N who="1" m="17591" /><E105/><V98/><F98/><W128/><G128/><T15/><D111/><U10/><E50/><V30/><F30/><W51/><G51/><T130/><D19/><U95/><E95/><V63/><F73/><W13/><REACH who="3" step="1"/><G93/><REACH who="3" ten="300,260,210,220" step="2"/><T24/><D130/><U121/><E121/><V131/><F131/><W78/><G78/><T108/><D108/><U87/><E61/><V135/><F63/><W12/><G12/><T96/><D15/><N who="1" m="7287" /><E64/><V9/><F135/><W106/><G106/><T38/><D65/><U55/><E55/><V62/><F62/><W118/><G118/><T54/><D53/><U57/><E57/><V67/><F67/><W97/><G97/><T134/><D59/><U68/><E68/><V99/><F99/><W66/><G66/><T88/><D134/><U92/><E26/><V89/><F32/><RYUUKYOKU ba="0,1" sc="300,-15,260,15,210,-15,220,15" hai1="87,92,102,103" hai3="0,3,8,13,14,18,21,44,46,47,81,85,91" /><INIT seed="3,1,1,5,0,15" ten="285,275,195,235" oya="3" hai0="8,13,34,115,62,87,73,9,56,22,92,116,40" hai1="91,107,114,133,89,60,66,117,27,51,31,48,121" hai2="113,47,132,75,79,72,46,24,65,57,128,44,37" hai3="126,112,64,131,125,119,71,25,84,41,18,36,82"/><W32/><G112/><T45/><D116/><U130/><E114/><V93/><F113/><W20/><G119/><T103/><D34/><U42/><E117/><V135/><F128/><W19/><G32/><T81/><D73/><U110/><E130/><V95/><F37/><W111/><G131/><T5/><D115/><U90/><E121/><V94/><F24/><W108/><G64/><T105/><D105/><U80/><E107/><V85/><F85/><W83/><G71/><T6/><D22/><U39/><E110/><N who="3" m="42026" /><G83/><T21/><D21/><U52/><E133/><N who="2" m="51275" /><F79/><N who="3" m="46175" /><G18/><T129/><D129/><U10/><E10/><V30/><F30/><W54/><G54/><T59/><D92/><U14/><E14/><V55/><F65/><W12/><G12/><N who="0" m="5135" /><D103/><U26/><E80/><V120/><F120/><W69/><G69/><T49/><D62/><AGARI ba="1,1" hai="44,46,47,55,57,62,72,75,93,94,95" m="51275" machi="62" ten="40,1300,0" yaku="20,1" doraHai="15" who="2" fromWho="0" sc="285,-16,275,0,195,26,235,0" /><INIT seed="4,0,0,4,5,67" ten="269,275,221,235" oya="0" hai0="29,71,32,113,79,22,46,89,111,128,126,106,19" hai1="78,94,17,16,53,95,116,60,77,13,121,64,14" hai2="110,33,69,40,18,117,37,47,104,102,115,7,11" hai3="24,127,93,97,120,12,76,65,27,58,57,96,30"/><T73/><D113/><U100/><E121/><V124/><F110/><W107/><G120/><T38/><D111/><U133/><E116/><V66/><F117/><W98/><G107/><T63/><D106/><U70/><E133/><V31/><F18/><W112/><G112/><T125/><D128/><U45/><E53/><V28/><F115/><W72/><G127/><N who="0" m="48651" /><D89/><U86/><E45/><V75/><F124/><W122/><G122/><T55/><D29/><U118/><E118/><V49/><F33/><W8/><G76/><T44/><D32/><U51/><E51/><V74/><F49/><W68/><G68/><T56/><D38/><U42/><E42/><V91/><F91/><W85/><G72/><T1/><D1/><U83/><E78/><V62/><F28/><W82/><G82/><N who="0" m="45423" /><D71/><U34/><E34/><V101/><F31/><W105/><G105/><T21/><D21/><U4/><E4/><V41/><F102/><W36/><G36/><T9/><D9/><U87/><E87/><V129/><F129/><W23/><G27/><AGARI ba="0,0" hai="19,22,27,44,46,55,56,63" m="45423,48651" machi="27" ten="30,1500,0" yaku="18,1" doraHai="67" who="0" fromWho="3" sc="269,15,275,0,221,0,235,-15" /><INIT seed="4,1,0,1,2,2" ten="284,275,221,220" oya="0" hai0="95,37,31,132,35,0,73,89,110,80,27,109,97" hai1="104,128,101,59,32,33,85,125,15,131,11,99,58" hai2="57,1,124,41,3,47,44,70,56,42,94,79,106" hai3="92,111,43,66,29,63,22,133,129,34,119,105,54"/><T68/><D132/><U76/><E125/><V64/><F124/><W121/><G119/><T71/><D0/><U88/><E76/><V84/><F106/><W60/><G133/><T116/><D116/><U82/><E59/><V51/><F70/><W17/><G105/><T78/><D37/><U98/><E98/><V118/><F118/><W9/><G43/><T108/><AGARI ba="1,0" hai="27,31,35,68,71,73,78,80,89,95,97,108,109,110" machi="108" ten="30,3000,0" yaku="0,1,10,1" doraHai="2" who="0" fromWho="0" sc="284,33,275,-11,221,-11,220,-11" owari="317,41.7,264,6.4,210,-19.0,209,-29.1" /></mjloggm>