<mjloggm ver="2.3"><GO type="225" lobby="0"/><UN n0="%E2%91%A3%E9%81%BF%E9%81%8A%E6%88%AF%E3%80%90%E6%9D%B1%E5%8D%97%E3%80%91" n1="%E3%83%AB%E3%83%9B%E3%83%B3%E3%83%87%E3%82%A3%E3%82%A8" n2="%74%61%6B%75%61%6B%61" n3="%45%6C%79%73%69%75%6D" dan="16,17,16,18" rate="2116.64,2197.15,2147.09,2167.08" sx="M,M,M,F"/><TAIKYOKU oya="0"/><INIT seed="0,0,0,5,1,104" ten="250,250,250,250" oya="0" hai0="3,72,127,69,32,101,71,37,35,14,38,85,123" hai1="105,113,47,46,36,62,7,92,50,94,31,114,89" hai2="73,66,29,5,24,55,107,83,126,51,119,111,59" hai3="33,74,109,45,77,61,82,11,54,4,12,48,16"/><T87/><D101/><U57/><E105/><V121/><F121/><W44/><G109/><T118/><D87/><U117/><E117/><V81/><F111/><W76/><G33/><N who="0" m="12875" /><D85/><U128/><E31/><V42/><F119/><W95/><G76/><T64/><D64/><U130/><E7/><V112/><F112/><N who="1" m="43113" /><E89/><V20/><F126/><W88/><G61/><T19/><D19/><U17/><E17/><V6/><F107/><W131/><G131/><N who="1" m="50218" /><E94/><V100/><F100/><W125/><G125/><T60/><D60/><U34/><E34/><V39/><F66/><W86/><G4/><T40/><D40/><N who="1" m="22791" /><E92/><V27/><F27/><W68/><G68/><N who="0" m="26187" /><D14/><U23/><E23/><V115/><F115/><W84/><G84/><T108/><D108/><U67/><E47/><AGARI ba="0,0" hai="11,12,16,44,45,47,48,54,74,77,82,86,88,95" machi="47" ten="30,7700,0" yaku="7,1,52,1,54,2" doraHai="104" who="3" fromWho="1" sc="250,0,250,-77,250,0,250,77" /><INIT seed="1,0,0,0,3,120" ten="250,173,250,327" oya="1" hai0="21,108,70,127,128,79,134,44,88,33,80,130,69" hai1="31,118,133,10,39,89,14,109,95,96,63,71,92" hai2="124,50,81,3,110,102,104,20,72,56,112,99,94" hai3="59,75,93,101,67,45,123,23,74,35,41,87,52"/><U11/><E39/><V17/><F124/><W7/><G35/><T2/><D33/><U61/><E118/><V132/><F132/><W113/><G67/><T8/><D127/><U26/><E133/><V107/><F3/><W22/><G113/><T82/><D134/><U32/><E109/><V0/><F0/><W9/><G75/><T13/><D44/><U125/><E125/><V57/><F112/><W114/><G74/><T6/><D80/><U65/><E61/><V68/><F68/><W54/><G123/><T106/><D106/><U119/><E119/><V46/><F104/><W36/><G114/><T37/><D37/><U53/><E53/><V77/><F107/><W97/><G87/><N who="0" m="50295" /><D79/><U40/><E40/><V131/><F110/><W64/><G64/><T90/><D90/><U27/><E27/><V100/><F100/><W55/><G59/><T73/><D73/><U111/><E111/><V76/><F76/><W5/><G5/><T18/><D108/><U62/><E62/><V34/><F34/><W28/><G28/><T91/><D91/><U78/><E95/><V4/><F4/><W117/><G117/><T84/><D84/><U43/><E43/><V86/><F72/><W49/><G36/><T135/><D135/><U116/><E116/><V19/><F19/><W66/><G66/><T1/><D1/><U51/><E51/><V48/><F48/><W15/><AGARI ba="0,0" hai="7,9,15,22,23,41,45,49,52,54,55,93,97,101" machi="15" ten="30,4000,0" yaku="0,1,8,1,54,1" doraHai="120" who="3" fromWho="3" sc="250,-10,173,-20,250,-10,327,40" /><INIT seed="2,0,0,5,2,58" ten="240,153,240,367" oya="2" hai0="83,99,77,23,39,109,101,79,131,64,103,42,33" hai1="102,113,38,22,11,69,73,8,128,41,45,1,49" hai2="67,117,124,84,4,130,108,133,85,21,16,96,111" hai3="91,94,18,32,134,110,3,7,106,114,90,25,126"/><V50/><F117/><W60/><G106/><T30/><D103/><U29/><E113/><V76/><F124/><W82/><G7/><T44/><D79/><U123/><E128/><V36/><F36/><W100/><G18/><T63/><D131/><U118/><E118/><V62/><F130/><W14/><G25/><T57/><D109/><N who="2" m="42058" /><F133/><W53/><G14/><T127/><D127/><U92/><E123/><V107/><F4/><W74/><G100/><T52/><D33/><U70/><E73/><V115/><F115/><W26/><G32/><T120/><D120/><U129/><E129/><V31/><F31/><W72/><G72/><T2/><D2/><U80/><E80/><V48/><F96/><W89/><G3/><T116/><D116/><U59/><E1/><V51/><F107/><W125/><G74/><T37/><D37/><U86/><E70/><N who="2" m="42359" /><F76/><W35/><G125/><T28/><D64/><U47/><E69/><V87/><F87/><W19/><G126/><T105/><REACH who="0" step="1"/><D23/><REACH who="0" ten="230,153,240,367" step="2"/><U34/><E34/><V122/><F122/><W55/><G35/><T9/><D9/><U15/><E8/><V61/><F61/><W78/><G60/><T88/><D88/><U0/><E102/><V93/><F93/><W6/><G94/><T121/><D121/><U12/><E0/><V98/><F98/><W66/><G110/><T135/><D135/><U46/><E11/><V10/><F10/><W68/><G134/><T40/><D40/><U24/><E38/><V5/><F5/><W56/><G6/><T17/><D17/><U95/><E41/><V112/><F112/><RYUUKYOKU ba="0,1" sc="230,15,153,-15,240,15,367,-15" hai0="28,30,39,42,44,52,57,63,77,83,99,101,105" hai2="16,21,48,50,51,84,85" /><INIT seed="2,1,1,0,3,41" ten="245,138,255,352" oya="2" hai0="93,92,75,46,56,32,9,101,37,21,125,30,118" hai1="45,17,60,114,49,106,107,97,131,99,100,91,15" hai2="111,6,133,108,2,130,65,117,58,3,14,126,104" hai3="81,35,69,4,96,61,7,44,80,82,132,8,76"/><V24/><F117/><W10/><G35/><T134/><D118/><U13/><E131/><V55/><F104/><W31/><G31/><T102/><D134/><U40/><E114/><V28/><F65/><W89/><G61/><T115/><D115/><U52/><E91/><V129/><F58/><W112/><G69/><T53/><D75/><U73/><E73/><V71/><F55/><W88/><G76/><T110/><D32/><U74/><E74/><V1/><F71/><W16/><G112/><T64/><D125/><U72/><E72/><V34/><F133/><W25/><G132/><T67/><D9/><N who="3" m="3689" /><G44/><T63/><D110/><N who="2" m="42026" /><F126/><W59/><G59/><T128/><D128/><N who="2" m="49258" /><F14/><W87/><G96/><T66/><D102/><U83/><E60/><V57/><F57/><W105/><G105/><T36/><D101/><U113/><E40/><V51/><F51/><W116/><G116/><T78/><D37/><U70/><E113/><V95/><F95/><W19/><G87/><T135/><D135/><U43/><E70/><V5/><AGARI ba="1,1" hai="1,2,3,5,6,24,28,34" m="49258,42026" machi="5" ten="40,12000,1" yaku="14,1,10,1,19,1,34,2" doraHai="41" who="2" fromWho="2" sc="245,-41,138,-41,255,133,352,-41" /><INIT seed="2,2,0,4,0,116" ten="204,97,388,311" oya="2" hai0="54,128,90,52,134,118,99,48,14,37,87,115,57" hai1="15,68,40,114,26,132,28,92,107,67,13,41,103" hai2="127,133,122,3,66,18,42,33,73,89,20,17,25" hai3="100,74,6,84,109,11,106,105,95,21,86,102,121"/><V91/><F73/><W81/><G21/><T70/><D118/><U76/><E132/><V55/><F3/><W27/><G27/><T88/><D134/><U112/><E92/><V31/><F133/><W124/><G11/><T69/><D37/><U119/><E119/><V34/><F127/><W19/><G19/><T64/><D128/><U83/><E13/><V9/><F42/><W38/><G6/><T45/><D115/><U135/><E15/><V4/><F66/><W108/><G38/><T104/><D64/><U71/><E40/><V97/><F55/><W62/><G62/><T2/><D2/><U30/><E41/><V61/><F61/><W7/><G7/><T32/><D32/><U0/><E30/><V50/><F50/><W77/><G124/><T60/><D14/><U75/><E0/><V43/><F43/><W10/><G10/><T53/><D53/><U110/><E110/><N who="3" m="42602" /><G121/><T130/><D130/><U94/><E94/><V46/><F46/><W125/><G125/><T129/><D129/><U23/><E135/><V111/><F122/><W78/><G78/><T120/><D120/><U65/><E65/><V44/><F44/><W56/><G56/><T96/><D104/><N who="3" m="40041" /><G95/><T39/><D39/><U63/><E71/><V16/><F111/><W98/><G98/><N who="0" m="37419" /><D70/><U79/><E79/><V101/><F33/><W131/><G131/><T5/><D69/><U93/><E107/><N who="2" m="63919" /><F34/><W49/><G49/><T29/><D5/><U12/><E12/><N who="2" m="5159" /><F31/><W72/><G72/><T126/><D126/><U80/><E80/><V59/><F59/><W35/><G35/><RYUUKYOKU ba="2,0" sc="204,-30,97,10,388,10,311,10" hai1="23,26,28,63,67,68,75,76,83,93,103,112,114" hai2="16,17,18,20,25,89,91" hai3="74,77,81,84,86,100,102" /><INIT seed="2,3,0,3,0,40" ten="174,107,398,321" oya="2" hai0="104,30,78,80,69,51,59,88,36,6,66,107,33" hai1="135,112,89,79,14,72,11,23,121,90,61,22,97" hai2="54,0,31,52,130,113,25,122,53,32,38,50,10" hai3="27,93,3,28,108,94,68,85,43,103,21,42,8"/><V116/><F122/><W55/><G68/><T45/><D6/><U100/><E135/><V124/><F116/><W63/><G108/><T131/><D131/><U56/><E112/><V82/><F113/><W125/><G125/><T117/><D117/><U118/><E118/><V76/><F38/><W7/><G94/><T64/><D36/><U119/><E121/><V24/><F124/><W39/><G39/><T49/><D69/><U71/><E71/><V98/><F130/><W57/><G103/><T81/><D33/><U16/><E119/><V106/><F24/><W41/><G93/><T73/><D30/><U70/><E70/><V5/><F98/><W13/><G85/><T75/><D59/><U47/><E72/><V84/><REACH who="2" step="1"/><F106/><REACH who="2" ten="174,107,388,321" step="2"/><W128/><G128/><T18/><D107/><U48/><E97/><V111/><F111/><W91/><G27/><T115/><D104/><U20/><E100/><V95/><F95/><W133/><G133/><T83/><D115/><U2/><E2/><V19/><F19/><W102/><G3/><T92/><D18/><U74/><E74/><V15/><F15/><W67/><G13/><T110/><D110/><U109/><E109/><V87/><F87/><W120/><G102/><T34/><D73/><U58/><E16/><V86/><F86/><W105/><G105/><T99/><D75/><U9/><E14/><V26/><F26/><W46/><G120/><T60/><D92/><U17/><E17/><V62/><F62/><W12/><G63/><T134/><D99/><U114/><E61/><V35/><F35/><W126/><G126/><RYUUKYOKU ba="3,1" sc="174,-10,107,-10,388,30,321,-10" hai2="0,5,10,25,31,32,50,52,53,54,76,82,84" /><INIT seed="2,4,1,0,2,13" ten="164,97,418,311" oya="2" hai0="112,110,65,23,70,126,67,61,71,111,24,37,6" hai1="59,9,84,97,28,125,8,64,106,18,66,134,102" hai2="75,3,73,124,17,58,133,87,47,14,79,27,51" hai3="114,36,130,95,83,74,49,76,118,50,19,34,98"/><V123/><F123/><W26/><G118/><T40/><D6/><U63/><E134/><V30/><F3/><W107/><G36/><T128/><D112/><U116/><E125/><V108/><F124/><W4/><G114/><T60/><D126/><U11/><E116/><V5/><F5/><W89/><G130/><T69/><D128/><U78/><E28/><V131/><F131/><W43/><G4/><T2/><D2/><U85/><E78/><V127/><F127/><W20/><G43/><T93/><D93/><U80/><E80/><V35/><F58/><W31/><REACH who="3" step="1"/><G107/><REACH who="3" ten="164,97,418,301" step="2"/><T54/><D40/><U117/><E117/><V121/><F121/><W122/><G122/><T52/><D37/><U109/><E109/><N who="0" m="41481" /><D71/><U0/><E0/><V10/><F108/><W22/><G22/><T33/><D33/><U129/><E129/><V94/><F35/><W25/><AGARI ba="4,2" hai="19,20,25,26,31,34,49,50,74,76,83,89,95,98" machi="25" ten="20,5200,0" yaku="1,1,0,1,7,1,52,1,53,0" doraHai="13" doraHaiUra="99" who="3" fromWho="3" sc="164,-17,97,-17,418,-30,301,84" /><INIT seed="3,0,0,3,5,77" ten="147,80,388,385" oya="3" hai0="29,6,127,100,134,35,27,39,129,7,118,4,44" hai1="11,12,20,72,89,123,68,0,67,96,31,17,133" hai2="113,109,16,24,122,55,124,112,65,37,28,83,45" hai3="43,63,56,26,125,88,36,106,54,79,19,41,5"/><W22/><G106/><T60/><D118/><U111/><E133/><V105/><F105/><W126/><G79/><T110/><D134/><U90/><E111/><V84/><F109/><W48/><G36/><T23/><D110/><U73/><E123/><V87/><F122/><W131/><G131/><T40/><D129/><U30/><E68/><V117/><F117/><W71/><G5/><T61/><D127/><N who="3" m="48649" /><G88/><T82/><D100/><U38/><E38/><V57/><F124/><W49/><G49/><T15/><D35/><U81/><E67/><AGARI ba="0,0" hai="19,22,26,41,43,48,54,56,63,67,71" m="48649" machi="67" ten="30,1500,0" yaku="18,1" doraHai="77" who="3" fromWho="1" sc="147,0,80,-15,388,0,385,15" owari="147,-25.3,65,-43.5,388,18.8,400,50.0" /></mjloggm>