<mjloggm ver="2.3"><GO type="225" lobby="0"/><UN n0="%E3%81%A0%E3%81%8A" n1="%E3%81%8F%E3%82%8A%E3%83%94%E3%83%BC" n2="%E6%A1%9C%E8%8A%B1%E9%96%83%E3%80%85" n3="%E3%82%82%E3%81%90%E3%82%89" dan="16,16,18,17" rate="2042.98,2111.45,2285.85,2179.79" sx="M,M,M,M"/><TAIKYOKU oya="0"/><INIT seed="0,0,0,3,3,69" ten="250,250,250,250" oya="0" hai0="65,114,44,21,23,94,123,19,78,101,50,77,108" hai1="112,49,130,63,60,40,67,75,29,121,129,79,96" hai2="30,86,59,28,68,100,105,51,24,84,90,20,95" hai3="32,70,22,92,133,89,120,58,131,37,97,10,36"/><T128/><D114/><U9/><E29/><V125/><F68/><W54/><G32/><T38/><D38/><U102/><E121/><V61/><F125/><W81/><G70/><T41/><D123/><U31/><E31/><V62/><F30/><W88/><G120/><T72/><D128/><U122/><E122/><V111/><F111/><W12/><G131/><N who="1" m="50186" /><E9/><V118/><F118/><W124/><G133/><T1/><D1/><U126/><E126/><V27/><F27/><W7/><G124/><T4/><D4/><U91/><E91/><N who="2" m="53735" /><F105/><W14/><G81/><T116/><D116/><U52/><E40/><V57/><F100/><W107/><G89/><T66/><D108/><U6/><E6/><V48/><F59/><W135/><G107/><T25/><D23/><U127/><E127/><V15/><F15/><W18/><REACH who="3" step="1"/><G135/><REACH who="3" ten="250,250,250,240" step="2"/><T76/><D72/><U53/><E75/><V45/><F90/><W134/><G134/><T117/><D117/><U43/><E112/><V42/><F86/><W109/><G109/><T11/><D77/><U106/><E79/><V87/><F87/><W56/><G56/><T55/><D78/><U26/><E106/><V98/><F98/><W17/><G17/><T34/><D19/><U80/><E96/><V132/><F132/><W33/><G33/><T2/><D76/><U3/><E80/><V110/><F110/><W103/><G103/><T13/><D34/><U39/><E102/><V82/><F82/><W104/><G104/><T35/><D101/><U8/><E3/><V119/><F119/><W83/><G83/><T46/><D35/><RYUUKYOKU ba="0,1" sc="250,-15,250,-15,250,15,240,15" hai2="20,24,28,42,45,48,51,57,61,62" hai3="7,10,12,14,18,22,36,37,54,58,88,92,97" /><INIT seed="1,1,1,5,3,69" ten="235,235,265,255" oya="1" hai0="20,85,112,121,8,124,115,117,130,23,36,73,126" hai1="42,94,19,26,123,5,120,92,102,116,52,65,2" hai2="28,90,48,32,97,43,118,109,66,6,59,27,122" hai3="104,33,99,88,1,70,119,62,47,63,51,98,81"/><U132/><E116/><V77/><F118/><W50/><G119/><T24/><D73/><U22/><E132/><V91/><F122/><W55/><G1/><T100/><D117/><U53/><E65/><V21/><F109/><W95/><G33/><T39/><D121/><U25/><E42/><V133/><F133/><W78/><G70/><T106/><D8/><U3/><E19/><V127/><F127/><N who="0" m="48682" /><D85/><U129/><E22/><N who="0" m="8233" /><D24/><U15/><E15/><V38/><F32/><W113/><G113/><N who="0" m="43595" /><D130/><U49/><E129/><V93/><F27/><W0/><G0/><T87/><D87/><U34/><E34/><V101/><F28/><W64/><G64/><T80/><D80/><U10/><E10/><V13/><F21/><W16/><G16/><T79/><D79/><U125/><E125/><V68/><F77/><W57/><G104/><T44/><D44/><U111/><E111/><V83/><F83/><W37/><G99/><AGARI ba="1,1" hai="36,39,99,100,106" m="43595,8233,48682" machi="99" ten="40,5200,0" yaku="18,1,52,2" doraHai="69" who="0" fromWho="3" sc="235,65,235,0,265,0,255,-55" /><INIT seed="2,0,0,3,4,24" ten="300,235,265,200" oya="2" hai0="73,35,105,75,31,68,53,36,61,99,30,120,84" hai1="23,50,107,130,106,96,60,14,49,131,72,94,69" hai2="41,4,102,116,112,134,71,15,66,29,57,26,47" hai3="111,6,117,113,63,10,133,135,70,122,27,25,64"/><V80/><F112/><W78/><G122/><T91/><D36/><U39/><E72/><V103/><F116/><W123/><G123/><T5/><D5/><U101/><E39/><V93/><F71/><W114/><G117/><T16/><D120/><U34/><E34/><V110/><F134/><N who="3" m="51211" /><G78/><T87/><D87/><U67/><E14/><V28/><F80/><W92/><G92/><T104/><D16/><U0/><E23/><V8/><F110/><W109/><G27/><T98/><D91/><U38/><E0/><V129/><F129/><N who="1" m="49161" /><E38/><V119/><F119/><W83/><G83/><T32/><D84/><U11/><E11/><V85/><F85/><W51/><G51/><AGARI ba="0,0" hai="49,50,51,60,67,69,94,96,101,106,107" m="49161" machi="51" ten="30,1000,0" yaku="19,1" doraHai="24" who="1" fromWho="3" sc="300,0,235,10,265,0,200,-10" /><INIT seed="3,0,0,0,2,45" ten="300,245,265,190" oya="3" hai0="110,6,51,93,86,59,18,9,44,19,83,90,133" hai1="103,76,53,62,81,126,58,56,73,91,14,48,23" hai2="115,61,100,89,123,29,8,109,24,95,15,75,116" hai3="68,52,106,113,122,26,114,120,50,46,131,5,129"/><W31/><G106/><T105/><D110/><U25/><E126/><V33/><F116/><W65/><G5/><T78/><D105/><U11/><E103/><V87/><F115/><N who="3" m="44043" /><G26/><T16/><D133/><U3/><E3/><V17/><F109/><W4/><G4/><T82/><D59/><U94/><E14/><V130/><F123/><N who="3" m="47147" /><G31/><T63/><D63/><AGARI ba="0,0" hai="46,50,52,63,65,68,129,131" m="47147,44043" machi="63" ten="40,12000,1" yaku="34,2,52,1,54,1" doraHai="45" who="3" fromWho="0" sc="300,-120,245,0,265,0,190,120" owari="180,-32.0,245,-15.5,265,6.5,310,41.0" /></mjloggm>