<mjloggm ver="2.3"><GO type="225" lobby="0"/><UN n0="%E3%83%8F%E3%83%B3%E3%83%89%E3%83%A9%E3%83%BC%E3%83%BB%E3%83%AF%E3%83%B3" n1="%E3%83%AD%E3%83%83%E3%83%86%E9%9B%80%E7%90%83" n2="%E9%B3%B3%E6%9D%B1%E3%81%AE%E3%81%BF%E3%81%91%E3%81%AB%E3%82%83%E3%82%93" n3="%33%74%72%65%65" dan="17,16,17,16" rate="2171.11,2161.59,2155.39,2160.50" sx="M,M,F,F"/><TAIKYOKU oya="0"/><INIT seed="0,0,0,1,1,115" ten="250,250,250,250" oya="0" hai0="37,73,96,48,15,82,4,70,113,24,3,46,89" hai1="111,130,26,57,19,92,124,59,72,60,53,112,132" hai2="43,54,86,33,6,67,76,62,135,78,101,131,42" hai3="108,102,104,117,133,2,120,93,1,50,34,123,36"/><T77/><D113/><U95/><E72/><V121/><F121/><N who="3" m="46667" /><G108/><T91/><D70/><U38/><E124/><V18/><F33/><W27/><G36/><T90/><D15/><U25/><E130/><V0/><F131/><W49/><G133/><T35/><D96/><U16/><E38/><V30/><F30/><N who="3" m="19807" /><G104/><T122/><D122/><U29/><E111/><V55/><F18/><N who="1" m="6697" /><E132/><V103/><F6/><W65/><G65/><T74/><D74/><U125/><E125/><V31/><F31/><W99/><G117/><T69/><D69/><U39/><E39/><V13/><F67/><W107/><G107/><T119/><D119/><U71/><E71/><V134/><F0/><AGARI ba="0,0" hai="0,1,2,49,50,93,99,102" m="19807,46667" machi="0" ten="30,1000,0" yaku="13,1" doraHai="115" who="3" fromWho="2" sc="250,0,250,0,250,-10,250,10" /><INIT seed="1,0,0,3,2,51" ten="250,250,240,260" oya="1" hai0="74,114,33,31,118,38,55,4,121,69,62,76,123" hai1="32,59,19,39,90,25,106,37,13,49,110,98,102" hai2="66,93,48,56,103,112,0,63,81,3,46,7,12" hai3="101,131,100,79,45,95,75,60,91,34,113,64,30"/><U15/><E110/><V44/><F112/><W124/><G113/><T109/><D114/><U86/><E32/><V71/><F81/><W27/><G131/><T35/><D118/><U22/><E13/><V26/><F26/><W87/><G124/><T84/><D109/><U105/><E106/><V88/><F103/><W2/><G2/><T115/><D115/><U8/><E49/><V6/><F71/><W9/><G9/><T130/><D130/><U85/><E59/><V47/><F3/><W40/><G79/><T16/><D38/><U107/><E107/><V1/><F1/><W21/><G75/><T17/><D74/><U10/><E10/><N who="2" m="4183" /><F7/><W72/><G72/><T65/><D4/><U58/><E58/><V119/><F0/><W61/><G34/><N who="0" m="12811" /><D31/><U97/><E97/><N who="2" m="57511" /><F119/><W96/><G64/><T18/><D76/><U135/><E86/><V104/><F104/><W117/><G117/><T116/><D84/><U108/><E108/><V28/><F28/><W54/><G100/><T111/><D116/><U24/><E24/><V132/><F132/><W14/><G14/><T78/><D78/><U5/><REACH who="1" step="1"/><E135/><REACH who="1" ten="250,240,240,260" step="2"/><V68/><F68/><W128/><G128/><T129/><D129/><U83/><AGARI ba="0,1" hai="5,8,15,19,22,25,37,39,83,85,90,98,102,105" machi="83" ten="20,7800,0" yaku="1,1,2,1,0,1,7,1,53,0" doraHai="51" doraHaiUra="67" who="1" fromWho="1" sc="250,-26,240,88,240,-26,260,-26" /><INIT seed="1,1,0,3,1,97" ten="224,328,214,234" oya="1" hai0="26,116,62,74,79,44,32,6,17,8,53,117,78" hai1="3,11,96,47,129,30,71,22,125,102,92,2,111" hai2="50,59,95,1,24,54,121,52,81,73,80,23,119" hai3="33,61,106,91,109,10,131,29,110,76,28,134,39"/><U105/><E71/><V60/><F119/><W135/><G131/><T115/><D115/><U49/><E125/><V25/><F121/><W4/><G76/><T64/><D117/><U27/><E129/><V85/><F1/><N who="3" m="271" /><G39/><T99/><D116/><U19/><E111/><N who="3" m="42506" /><G106/><T87/><D74/><U133/><E133/><N who="3" m="50698" /><G33/><T35/><D35/><U15/><REACH who="1" step="1"/><E105/><REACH who="1" ten="224,318,214,234" step="2"/><V114/><F114/><W89/><G61/><T36/><D62/><U90/><E90/><AGARI ba="1,1" hai="28,29,89,90,91" m="50698,42506,271" machi="90" ten="30,2000,0" yaku="14,1,20,1" doraHai="97" who="3" fromWho="1" sc="224,0,318,-23,214,0,234,33" /><INIT seed="2,0,0,5,0,6" ten="224,295,214,267" oya="2" hai0="68,122,17,14,47,61,66,18,52,30,113,4,56" hai1="69,90,53,89,111,5,49,70,77,50,60,118,79" hai2="11,29,62,71,41,126,86,134,116,129,110,64,115" hai3="28,31,2,7,103,1,44,101,57,72,0,120,91"/><V42/><F115/><W94/><G120/><T10/><D122/><U100/><E118/><V65/><F116/><W105/><G72/><T16/><D113/><U58/><E111/><V34/><F134/><W22/><G105/><T92/><D30/><U114/><E114/><V38/><F129/><W78/><G78/><T23/><D92/><U63/><E5/><V9/><F126/><W15/><G44/><T87/><D87/><U124/><E58/><V21/><F34/><W107/><G107/><T95/><D95/><U27/><E53/><V25/><F110/><W97/><G57/><T35/><D35/><U12/><E12/><V117/><F117/><W131/><G131/><T104/><D104/><U33/><E27/><V112/><F112/><W45/><G45/><T48/><D68/><U43/><E43/><V81/><F64/><W20/><G103/><T109/><D109/><U133/><E33/><V67/><F67/><W108/><G108/><T135/><D135/><U24/><E24/><AGARI ba="0,0" hai="4,10,14,16,17,18,23,24,47,48,52,56,61,66" machi="24" ten="30,8000,1" yaku="7,1,8,1,52,1,54,2" doraHai="6" who="0" fromWho="1" sc="224,80,295,-80,214,0,267,0" /><INIT seed="3,0,0,1,2,51" ten="304,215,214,267" oya="3" hai0="35,82,48,63,44,134,54,116,31,85,42,8,34" hai1="125,119,17,14,98,53,47,62,89,81,83,112,61" hai2="111,0,105,7,118,64,123,86,96,52,69,10,79" hai3="70,129,24,55,68,58,107,18,93,131,60,11,43"/><W75/><G107/><T21/><D116/><U6/><E112/><V103/><F118/><W95/><G75/><T121/><D121/><U26/><E125/><V130/><F123/><W108/><G43/><T50/><D134/><U91/><E119/><V74/><F86/><W20/><G108/><T87/><D63/><N who="1" m="24075" /><E26/><V22/><F64/><W12/><G93/><T77/><D8/><U133/><E6/><V41/><F69/><W120/><G95/><T90/><D21/><U122/><E133/><V40/><F111/><W65/><G120/><T92/><D31/><U101/><E101/><V23/><F130/><N who="3" m="49675" /><G65/><T127/><D127/><U113/><E98/><V128/><F128/><W104/><G104/><T67/><D67/><U117/><E113/><V76/><F41/><W49/><G60/><T97/><D97/><U73/><E73/><V28/><F40/><W100/><G100/><T66/><D66/><U59/><E47/><AGARI ba="0,0" hai="34,35,42,44,47,48,50,54,77,82,85,87,90,92" machi="47" ten="30,2000,0" yaku="7,1,52,1" doraHai="51" who="0" fromWho="1" sc="304,20,215,-20,214,0,267,0" owari="324,42.4,195,-30.5,214,-18.6,267,6.7" /></mjloggm>