<mjloggm ver="2.3"><GO type="225" lobby="0"/><UN n0="%E8%81%B7%E6%A5%AD%E3%80%81%E9%A2%A8%32" n1="%E3%81%B2%E3%81%AA%E3%81%AE%E3%82%8A%E3%81%8F" n2="%E5%AE%AE%E4%BF%9D%E9%B6%8F%E8%82%89" n3="%4C%4F%4C%49%54%41" dan="16,16,16,16" rate="2148.44,2204.54,2117.70,2185.72" sx="M,M,M,F"/><TAIKYOKU oya="0"/><INIT seed="0,0,0,1,4,35" ten="250,250,250,250" oya="0" hai0="29,23,38,63,134,105,16,111,4,2,59,98,37" hai1="81,124,55,122,48,18,47,100,78,125,40,43,69" hai2="62,77,104,74,95,123,97,92,50,64,88,85,1" hai3="83,79,32,110,116,91,135,68,11,46,30,89,101"/><T10/><D134/><U60/><E122/><V58/><F123/><W49/><G116/><T108/><D29/><U22/><E100/><V17/><F1/><W51/><G68/><T127/><D127/><N who="1" m="48715" /><E60/><V21/><F104/><W13/><G135/><T27/><D98/><U70/><E43/><V121/><F74/><W52/><G110/><N who="0" m="42027" /><D105/><U132/><E40/><V87/><F121/><W93/><G101/><T42/><D42/><U56/><E56/><V73/><F73/><W113/><G113/><T115/><D115/><U103/><E103/><V6/><F6/><W57/><G93/><T75/><D75/><N who="1" m="43231" /><E132/><V41/><F77/><W14/><G46/><T117/><D117/><U76/><E76/><V86/><F41/><W7/><G49/><T99/><D99/><U109/><E109/><V84/><F50/><W9/><G79/><T12/><D27/><AGARI ba="0,0" hai="18,22,27,47,48,55,69,70" m="43231,48715" machi="27" ten="30,1000,0" yaku="18,1" doraHai="35" who="1" fromWho="0" sc="250,-10,250,10,250,0,250,0" /><INIT seed="1,0,0,5,3,52" ten="240,260,250,250" oya="1" hai0="123,25,19,18,91,105,76,48,101,117,129,93,58" hai1="51,126,17,84,26,53,11,75,60,55,33,12,107" hai2="16,130,35,86,37,31,113,90,42,119,112,88,94" hai3="50,40,63,99,15,21,28,118,0,78,77,67,9"/><U133/><E75/><V56/><F119/><W122/><G122/><T68/><D123/><U132/><E107/><V23/><F130/><W13/><G0/><T92/><D68/><U69/><E126/><V44/><F35/><W102/><G118/><T59/><D129/><U125/><E125/><V4/><F4/><W30/><G40/><T32/><D105/><U43/><E43/><V73/><F73/><W46/><G50/><T82/><D117/><U36/><E36/><V72/><F72/><W71/><G46/><T74/><D101/><U115/><E115/><N who="2" m="44107" /><F90/><W110/><G110/><T7/><D7/><U29/><E84/><V124/><F124/><W80/><G21/><T120/><D120/><U96/><E96/><V106/><F106/><W109/><G109/><T20/><D32/><U66/><REACH who="1" step="1"/><E55/><REACH who="1" ten="240,250,250,250" step="2"/><V6/><F37/><W97/><G97/><T8/><D74/><U111/><E111/><V98/><F42/><W14/><G99/><T134/><D134/><U116/><E116/><V41/><F41/><W49/><G102/><T95/><D76/><U45/><AGARI ba="0,1" hai="11,12,17,26,29,33,45,51,53,60,66,69,132,133" machi="45" ten="30,3000,0" yaku="1,1,0,1,53,0" doraHai="52" doraHaiUra="39" who="1" fromWho="1" sc="240,-10,250,40,250,-10,250,-10" /><INIT seed="1,1,0,4,0,107" ten="230,290,240,240" oya="1" hai0="103,87,127,28,66,70,25,91,110,86,20,118,72" hai1="80,38,61,98,2,19,104,90,74,79,24,78,56" hai2="8,130,121,43,65,124,60,45,68,116,93,123,29" hai3="18,30,109,21,6,81,76,54,102,113,9,39,120"/><U119/><E38/><V31/><F116/><W35/><G120/><T27/><D118/><U115/><E115/><V105/><F105/><W122/><G122/><T85/><D110/><U1/><E79/><V99/><F124/><W94/><G113/><T133/><D127/><U33/><E119/><V101/><F130/><W26/><G109/><T135/><D103/><U23/><E33/><V11/><F121/><W41/><G54/><T46/><D72/><U32/><E32/><V51/><REACH who="2" step="1"/><F123/><REACH who="2" ten="230,290,230,240" step="2"/><W4/><G4/><T47/><D135/><U5/><E104/><V69/><F69/><W77/><G6/><T12/><D133/><U106/><E5/><V97/><F97/><W13/><G35/><T34/><D70/><U132/><E132/><V10/><AGARI ba="1,1" hai="8,10,11,29,31,43,45,51,60,65,68,93,99,101" machi="10" ten="30,2000,0" yaku="1,1,0,1,53,0" doraHai="107" doraHaiUra="55" who="2" fromWho="2" sc="230,-6,290,-11,230,33,240,-6" /><INIT seed="2,0,0,2,2,111" ten="224,279,263,234" oya="2" hai0="101,91,4,11,7,55,44,50,10,74,28,43,70" hai1="59,126,29,0,135,22,84,78,130,53,65,32,100" hai2="48,56,5,71,127,103,60,15,107,132,121,37,40" hai3="113,23,134,3,58,94,105,68,45,31,82,124,35"/><V80/><F121/><W104/><G68/><T19/><D74/><U69/><E32/><V64/><F127/><W9/><G35/><T117/><D70/><U122/><E0/><V36/><F132/><W106/><G134/><T42/><D117/><U34/><E34/><V2/><F2/><W125/><G45/><T102/><D28/><U115/><E100/><N who="0" m="38505" /><D91/><U83/><E69/><V49/><F80/><W87/><G94/><T26/><D26/><U21/><E83/><V12/><F103/><W20/><G113/><T119/><D19/><U92/><E115/><V27/><F27/><W90/><G58/><T13/><D119/><U95/><E29/><V14/><F107/><W108/><G108/><T6/><D13/><U75/><E75/><V116/><F116/><W93/><G93/><T76/><D76/><U131/><E95/><V46/><F37/><W57/><G57/><T1/><D1/><U81/><E92/><V79/><F79/><W129/><G129/><T96/><D96/><U24/><E78/><V38/><F38/><W62/><G31/><T110/><D110/><U18/><E135/><V16/><F5/><N who="0" m="1282" /><T133/><DORA hai="25" /><D133/><U99/><E131/><V123/><F123/><W63/><G3/><T85/><D85/><U39/><E39/><V33/><F33/><W41/><G125/><T112/><D112/><U30/><E126/><V128/><F128/><W97/><G124/><T72/><D72/><U109/><E109/><V118/><F118/><W52/><G87/><T61/><D61/><U98/><E130/><V67/><F16/><W120/><G120/><RYUUKYOKU ba="0,0" sc="224,15,279,-15,263,15,234,-15" hai0="10,11,42,43,44,50,55" hai2="12,14,15,36,40,46,48,49,56,60,64,67,71" /><INIT seed="2,1,0,2,3,89" ten="239,264,278,219" oya="2" hai0="46,21,67,47,110,40,96,0,127,129,88,81,69" hai1="57,109,26,131,14,66,6,123,9,105,128,8,87" hai2="22,53,98,16,90,64,124,113,78,107,72,62,102" hai3="79,94,92,1,103,115,80,10,55,39,86,18,73"/><V19/><F113/><W7/><G115/><T65/><D0/><U101/><E109/><V100/><F124/><W59/><G103/><T122/><D110/><U12/><E123/><V38/><F38/><W52/><G39/><T56/><D122/><U33/><E105/><V61/><F72/><W50/><G73/><T134/><D69/><U60/><E101/><V49/><F78/><W118/><G118/><T63/><D134/><U17/><E87/><V13/><F100/><W83/><G83/><T23/><D129/><U117/><E117/><V20/><F90/><W84/><G84/><N who="0" m="50191" /><D127/><U74/><E74/><V132/><F64/><N who="0" m="24650" /><D40/><U24/><REACH who="1" step="1"/><E33/><REACH who="1" ten="239,254,278,219" step="2"/><V108/><F108/><W36/><G36/><T114/><D114/><U4/><E4/><V125/><F125/><W120/><G120/><T133/><D96/><U119/><E119/><V43/><F132/><W71/><G71/><T42/><D133/><U2/><E2/><V30/><F107/><W5/><G7/><T82/><D82/><U32/><E32/><V126/><F126/><W112/><G112/><T104/><D104/><U31/><E31/><V68/><F68/><W11/><REACH who="3" step="1"/><G55/><REACH who="3" ten="239,254,278,209" step="2"/><N who="0" m="34207" /><D42/><U70/><E70/><V111/><F43/><W45/><G45/><AGARI ba="1,2" hai="21,23,45,46,47" m="34207,24650,50191" machi="45" ten="30,2000,0" yaku="8,1,54,1" doraHai="89" who="0" fromWho="3" sc="239,43,254,0,278,0,209,-23" /><INIT seed="3,0,0,4,4,17" ten="282,254,278,186" oya="3" hai0="105,26,83,94,122,119,46,101,70,28,106,129,52" hai1="80,124,21,31,60,25,16,109,91,81,32,66,67" hai2="112,93,34,79,38,6,117,57,27,13,134,24,30" hai3="53,11,12,113,135,47,95,42,98,5,18,96,100"/><W68/><G135/><T130/><D70/><U118/><E109/><V131/><F112/><W120/><G113/><T114/><D122/><U103/><E124/><V128/><F117/><W55/><G68/><T14/><D119/><U121/><E121/><V85/><F38/><W84/><G120/><T125/><D125/><U36/><E36/><V35/><F134/><W102/><G84/><T76/><D14/><U77/><E103/><V75/><F75/><W45/><G5/><T4/><D94/><U104/><E104/><V63/><F6/><W43/><G47/><T3/><D101/><U107/><E107/><V62/><F13/><W19/><G19/><T59/><D46/><U29/><E67/><V126/><F126/><W72/><G72/><N who="0" m="43399" /><D4/><U10/><E10/><V97/><F79/><W54/><REACH who="3" step="1"/><G45/><REACH who="3" ten="282,254,278,176" step="2"/><T78/><D114/><U58/><E118/><V0/><F85/><W123/><G123/><T1/><D3/><U40/><E77/><V49/><F0/><W22/><G22/><N who="0" m="15447" /><D1/><U65/><E32/><V89/><F34/><W82/><G82/><T51/><D78/><U61/><E80/><V127/><F127/><W86/><G86/><T99/><D99/><U33/><E81/><V2/><F2/><W88/><G88/><T73/><D73/><U50/><E91/><V44/><F44/><W7/><G7/><T39/><D39/><U116/><E116/><V9/><F35/><W74/><G74/><T15/><D59/><N who="1" m="37023" /><E33/><V8/><F89/><W20/><G20/><T108/><D130/><N who="2" m="49706" /><F97/><W90/><G90/><T132/><D129/><U92/><E92/><AGARI ba="0,1" hai="11,12,18,42,43,53,54,55,92,95,96,98,100,102" machi="92" ten="40,12000,1" yaku="1,1,6,1,9,1,8,1,53,0" doraHai="17" doraHaiUra="69" who="3" fromWho="1" sc="282,0,254,-120,278,0,176,130" owari="282,8.2,134,-36.6,278,-12.2,306,40.6" /></mjloggm>