<mjloggm ver="2.3"><GO type="225" lobby="0"/><UN n0="%E3%81%BF%E3%81%BF%E3%81%9A" n1="%4B%2E%32%2E%4B%2E" n2="%E6%B8%A9%E2%98%85%E6%83%85%E2%98%85%E6%8E%AA%E2%98%85%E7%BD%AE" n3="%E9%B3%B3%E6%9D%B1%E3%81%AE%E3%81%BF%E3%81%91%E3%81%AB%E3%82%83%E3%82%93" dan="17,16,17,17" rate="2202.53,2138.74,2251.89,2155.81" sx="M,M,M,F"/><TAIKYOKU oya="0"/><INIT seed="0,0,0,5,0,20" ten="250,250,250,250" oya="0" hai0="104,52,73,58,35,61,129,103,88,108,48,79,14" hai1="71,66,0,128,21,12,117,125,93,63,4,23,29" hai2="31,42,7,112,6,16,132,64,19,62,53,120,131" hai3="107,43,130,96,70,65,113,87,59,56,102,133,89"/><T13/><D129/><U37/><E117/><V76/><F120/><W8/><G113/><T24/><D108/><U69/><E37/><V54/><F112/><W60/><G133/><T55/><D73/><U51/><E71/><V101/><F132/><W45/><G8/><T116/><D79/><U90/><E125/><V9/><F131/><W44/><G130/><T68/><D116/><U1/><E128/><V124/><F124/><W98/><G98/><N who="0" m="61559" /><D55/><N who="2" m="21002" /><F31/><W47/><REACH who="3" step="1"/><G43/><REACH who="3" ten="250,250,250,240" step="2"/><T46/><D46/><U81/><E1/><V28/><F42/><W95/><AGARI ba="0,1" hai="44,45,47,56,59,60,65,70,87,89,95,96,102,107" machi="95" ten="30,4000,0" yaku="1,1,2,1,0,1,53,0" doraHai="20" doraHaiUra="118" who="3" fromWho="3" sc="250,-20,250,-10,250,-10,240,50" /><INIT seed="1,0,0,5,0,97" ten="230,240,240,290" oya="1" hai0="26,40,43,25,110,24,48,22,79,104,93,124,15" hai1="34,95,116,38,135,115,2,76,132,1,127,7,60" hai2="39,72,70,57,53,122,62,45,99,58,17,111,50" hai3="44,0,112,35,63,118,125,14,81,83,32,109,91"/><U105/><E115/><V8/><F122/><W86/><G112/><T94/><D104/><U27/><E116/><V42/><F111/><W67/><G0/><T33/><D33/><U68/><E95/><N who="0" m="36361" /><D110/><U119/><E119/><V96/><F72/><W107/><G109/><T82/><D124/><U129/><E38/><V131/><F131/><W84/><G125/><T108/><D108/><U47/><E127/><V54/><REACH who="2" step="1"/><F70/><REACH who="2" ten="230,240,230,290" step="2"/><W10/><G118/><T65/><D65/><U106/><E129/><V120/><F120/><W13/><G67/><T18/><D48/><U71/><E71/><V74/><F74/><W77/><G63/><T46/><D46/><U12/><E68/><V19/><F19/><W85/><G44/><T130/><D130/><U20/><E60/><V61/><F61/><W41/><G32/><T66/><D66/><U52/><E34/><V55/><F55/><W73/><G35/><T3/><D3/><U114/><E2/><V30/><F30/><W36/><G73/><T6/><D6/><U56/><E1/><V117/><F117/><W78/><G41/><T134/><D134/><U89/><E47/><V59/><F59/><W31/><G31/><T64/><D64/><U98/><E132/><V92/><F92/><W49/><G107/><T4/><D4/><U126/><E135/><V102/><F102/><W16/><G16/><T101/><D101/><U121/><E106/><V51/><F51/><W133/><G49/><T29/><D29/><U88/><E105/><V90/><F90/><W128/><G133/><T80/><D79/><U75/><E76/><RYUUKYOKU ba="0,1" sc="230,15,240,-15,230,15,290,-15" hai0="15,18,22,24,25,26,40,43,80,82" hai2="8,17,39,42,45,50,53,54,57,58,62,96,99" /><INIT seed="2,1,1,1,0,18" ten="245,225,245,275" oya="2" hai0="13,33,105,34,27,4,92,81,121,32,100,102,124" hai1="22,57,72,6,75,21,90,10,71,2,116,29,48" hai2="99,118,39,82,135,31,0,84,104,54,24,25,30" hai3="115,77,61,60,3,44,19,52,128,69,53,50,63"/><V95/><F118/><W43/><G3/><T113/><D121/><U65/><E116/><V16/><F104/><W5/><G5/><T96/><D113/><U126/><E71/><V112/><F39/><W46/><G77/><T74/><D124/><U101/><E126/><V79/><F0/><W62/><G19/><T70/><D70/><U111/><E111/><V131/><F112/><W17/><G17/><T56/><D56/><U83/><E101/><V127/><F127/><W35/><G35/><T59/><D59/><U37/><E37/><V7/><F7/><W67/><G115/><T68/><D68/><U103/><E103/><N who="2" m="60927" /><F131/><W12/><G12/><T20/><D81/><U78/><E72/><V134/><F54/><N who="3" m="30023" /><G128/><T14/><D74/><U122/><E122/><V120/><F120/><W88/><G88/><T132/><D4/><U94/><E29/><N who="2" m="10763" /><F16/><W80/><G80/><T108/><D108/><U119/><E119/><V49/><F49/><AGARI ba="1,1" hai="43,46,49,52,53,60,61,62,63,67,69" m="30023" machi="49" ten="30,12000,2" yaku="35,5,54,1" doraHai="18" who="3" fromWho="2" sc="245,0,225,0,245,-123,275,133" /><INIT seed="3,0,0,0,1,72" ten="245,225,122,408" oya="3" hai0="79,95,9,4,19,92,42,109,8,115,89,0,3" hai1="65,26,105,25,129,13,84,27,29,64,21,127,113" hai2="69,99,102,85,98,22,35,96,91,100,88,55,59" hai3="112,90,87,57,56,51,119,73,83,117,58,107,28"/><W53/><G112/><T74/><D115/><U2/><E105/><V97/><F69/><W5/><G107/><T68/><D68/><U130/><E113/><V116/><F35/><W67/><G28/><T78/><D109/><U133/><E2/><V70/><F70/><W61/><G5/><T111/><D42/><U124/><E84/><V93/><F22/><W17/><G73/><T45/><D74/><U121/><E121/><V77/><F55/><W94/><G83/><T118/><D45/><U132/><E13/><V50/><F50/><W106/><G106/><T82/><D82/><U126/><E64/><V75/><F59/><W49/><G17/><T38/><D19/><U43/><E43/><V76/><F116/><W62/><G49/><T30/><D38/><U16/><E65/><AGARI ba="0,0" hai="51,53,56,57,58,61,62,65,67,87,90,94,117,119" machi="65" ten="30,2900,0" yaku="7,1,9,1" doraHai="72" who="3" fromWho="1" sc="245,0,225,-29,122,0,408,29" owari="245,4.5,196,-20.4,122,-37.8,437,53.7" /></mjloggm>