<mjloggm ver="2.3"><GO type="225" lobby="0"/><UN n0="%E2%91%A3%E9%81%BF%E9%81%8A%E6%88%AF%E3%80%90%E6%9D%B1%E5%8D%97%E3%80%91" n1="%E3%81%A1%E3%82%85%E3%81%86%E3%81%A9%E3%81%8F%E8%B1%A1%E3%81%95%E3%82%93" n2="%E9%80%9F%E6%B0%B4%E5%87%9B%E9%A6%99" n3="%61%6D%65%6B%69" dan="16,17,16,16" rate="2116.10,2190.00,2084.52,2058.70" sx="M,M,F,M"/><TAIKYOKU oya="0"/><INIT seed="0,0,0,2,3,11" ten="250,250,250,250" oya="0" hai0="120,82,90,17,57,0,10,113,41,126,128,76,103" hai1="104,115,65,2,87,55,15,134,8,102,95,64,28" hai2="39,80,78,107,105,84,59,77,24,75,25,33,12" hai3="121,117,123,48,5,124,92,106,132,44,6,101,119"/><T61/><D120/><N who="3" m="46153" /><G106/><T3/><D113/><U7/><E115/><V54/><F39/><W63/><G124/><T68/><D126/><U14/><E134/><V51/><F33/><W36/><G36/><T52/><D128/><U43/><E43/><V26/><F75/><W116/><G63/><T9/><D41/><U118/><E118/><V31/><F78/><W96/><G132/><T99/><D68/><U40/><E40/><AGARI ba="0,0" hai="5,6,40,44,48,92,96,101,116,117,119" m="46153" machi="40" ten="40,1300,0" yaku="13,1" doraHai="11" who="3" fromWho="1" sc="250,0,250,-13,250,0,250,13" /><INIT seed="1,0,0,3,3,131" ten="250,237,250,263" oya="1" hai0="93,72,3,132,85,12,59,54,39,6,63,96,27" hai1="133,89,100,66,1,118,122,126,108,130,73,91,11" hai2="74,48,2,56,4,24,30,17,98,77,43,16,113" hai3="75,28,70,101,106,15,14,53,68,51,52,29,82"/><U110/><E122/><V67/><F113/><W92/><G106/><T46/><D72/><U18/><E118/><V23/><F74/><W35/><G75/><T37/><D3/><U32/><E130/><V42/><F77/><W22/><G82/><T114/><D114/><U105/><E73/><V99/><F2/><W8/><G35/><T109/><D85/><U129/><E129/><V40/><F4/><W10/><G22/><T84/><D84/><U0/><E32/><V102/><F99/><W119/><G51/><T55/><D55/><U25/><E126/><V120/><F120/><W116/><G101/><T76/><D76/><U124/><E124/><V9/><F9/><W128/><G128/><T44/><D39/><U45/><E66/><V94/><REACH who="2" step="1"/><F48/><REACH who="2" ten="250,237,240,263" step="2"/><W117/><G117/><T57/><D37/><U104/><E11/><V127/><F127/><W20/><G20/><T134/><D6/><U121/><E121/><V79/><F79/><W97/><G97/><T41/><D96/><U111/><E0/><V62/><AGARI ba="0,1" hai="16,17,23,24,30,40,42,43,56,62,67,94,98,102" machi="62" ten="30,12000,2" yaku="1,1,0,1,25,2,8,1,54,1,53,0" doraHai="131" doraHaiUra="86" who="2" fromWho="2" sc="250,-30,237,-60,240,130,263,-30" /><INIT seed="2,0,0,3,2,86" ten="220,177,370,233" oya="2" hai0="104,25,14,39,34,89,88,68,49,5,2,74,22" hai1="72,51,45,128,44,99,79,106,41,117,67,60,61" hai2="32,129,31,90,121,3,36,122,115,127,1,43,52" hai3="59,57,101,26,29,6,84,10,40,102,96,97,98"/><V24/><F115/><W35/><G40/><T83/><D39/><N who="1" m="21567" /><E99/><V8/><F129/><W69/><G69/><T123/><D68/><N who="1" m="42087" /><E79/><V87/><F127/><W17/><G17/><N who="0" m="10551" /><D49/><U53/><E106/><V80/><F43/><W37/><G37/><T48/><D48/><U19/><E19/><V109/><F36/><W92/><G84/><T58/><D58/><N who="1" m="35023" /><E72/><V131/><F8/><W103/><REACH who="3" step="1"/><G92/><REACH who="3" ten="220,177,370,223" step="2"/><T114/><D104/><U0/><E128/><V95/><F131/><W27/><G27/><T15/><D114/><U73/><E73/><V85/><F95/><W111/><G111/><T20/><D123/><U133/><E117/><V56/><F87/><W119/><G119/><T54/><D74/><U11/><E133/><V134/><F134/><W91/><G91/><T118/><D88/><U78/><E78/><V77/><F77/><W76/><G76/><T126/><D89/><U130/><E130/><V33/><F109/><W16/><G16/><N who="0" m="10271" /><D118/><U65/><E0/><AGARI ba="0,1" hai="0,6,10,26,29,35,57,59,96,97,98,101,102,103" machi="0" ten="40,1300,0" yaku="1,1,53,0" doraHai="86" doraHaiUra="120" who="3" fromWho="1" sc="220,0,177,-13,370,0,223,23" /><INIT seed="3,0,0,3,4,21" ten="220,164,370,246" oya="3" hai0="7,29,109,77,106,40,16,82,127,129,99,132,98" hai1="110,122,68,114,5,71,89,1,88,97,37,85,13" hai2="90,83,19,86,52,8,10,91,87,72,56,58,54" hai3="70,9,25,113,6,2,0,43,39,76,17,23,51"/><W119/><G113/><T26/><D109/><U11/><E114/><V33/><F33/><W118/><G39/><T46/><D129/><U14/><E110/><V81/><F19/><W123/><G123/><T115/><D127/><U3/><E122/><V38/><F38/><W59/><G70/><T105/><D132/><U65/><E37/><V107/><F107/><W18/><G2/><T120/><D106/><U32/><E32/><V126/><F72/><W50/><G76/><T121/><D105/><U100/><E68/><V80/><F80/><W74/><G74/><T66/><D66/><U36/><E36/><V15/><F15/><W45/><REACH who="3" step="1"/><G17/><REACH who="3" ten="220,164,370,236" step="2"/><T104/><D16/><U55/><E1/><V78/><F78/><W60/><G60/><T94/><D77/><U133/><E133/><V96/><F126/><W125/><G125/><T92/><D115/><U128/><E128/><V103/><F103/><W49/><G49/><T53/><D120/><U30/><E3/><V131/><F131/><W34/><G34/><T116/><D121/><U102/><E71/><V130/><F130/><W12/><G12/><T31/><D116/><U44/><E13/><V124/><F124/><W67/><G67/><T135/><D135/><U27/><E65/><V117/><F117/><W20/><G20/><T75/><D75/><U108/><E108/><V73/><F73/><W134/><G134/><T69/><D69/><U63/><E63/><V95/><F91/><W93/><G93/><T4/><D94/><N who="1" m="54543" /><E89/><V24/><F90/><W79/><G79/><T101/><D92/><U64/><E64/><RYUUKYOKU ba="0,1" sc="220,-10,164,-10,370,-10,236,30" hai3="0,6,9,18,23,25,43,45,50,51,59,118,119" /><INIT seed="3,1,1,4,4,118" ten="210,154,360,266" oya="3" hai0="66,19,89,81,74,126,129,125,82,59,115,133,20" hai1="132,6,24,98,104,40,5,58,50,35,94,25,30" hai2="107,38,106,87,2,3,1,77,91,108,88,90,127" hai3="36,33,72,69,51,123,42,113,32,45,55,96,44"/><W11/><G72/><T46/><D133/><U8/><E132/><V95/><F38/><W97/><G113/><T48/><D115/><U102/><E104/><V73/><F108/><W134/><G134/><T26/><D74/><U86/><E24/><V83/><F127/><N who="0" m="48650" /><D129/><U15/><E86/><V37/><REACH who="2" step="1"/><F37/><REACH who="2" ten="210,154,350,266" step="2"/><W39/><G39/><T78/><D78/><U31/><E31/><V93/><F93/><W109/><G109/><T105/><D105/><AGARI ba="1,2" hai="1,2,3,73,77,83,87,88,90,91,95,105,106,107" machi="105" ten="50,3200,0" yaku="1,1,54,1,53,0" doraHai="118" doraHaiUra="131" who="2" fromWho="0" sc="210,-35,154,0,350,55,266,0" owari="175,-22.5,154,-34.6,405,50.5,266,6.6" /></mjloggm>