<mjloggm ver="2.3"><GO type="225" lobby="0"/><UN n0="%E5%A4%8F%E9%88%B4%E9%88%B4%E5%A4%8F" n1="%E3%82%B2%E3%82%B9%E8%8C%82%E5%8B%9D" n2="%E7%99%BD%E6%97%A5%E9%9B%AA%E8%8F%9C" n3="%6D%75%75%6D%75%72%61" dan="16,16,16,17" rate="2103.23,2060.34,2141.26,2248.27" sx="M,F,M,F"/><TAIKYOKU oya="0"/><INIT seed="0,0,0,4,5,41" ten="250,250,250,250" oya="0" hai0="27,17,34,48,127,99,14,116,105,16,6,71,76" hai1="19,33,7,62,11,55,124,60,79,122,32,54,123" hai2="107,98,89,61,113,58,72,20,65,77,0,45,67" hai3="74,43,81,1,30,129,38,4,53,125,86,68,59"/><T46/><D116/><U120/><E124/><V132/><F113/><W75/><G68/><T22/><D127/><U95/><E19/><V80/><F0/><W104/><G125/><T40/><D71/><U23/><E23/><V64/><F132/><W12/><G104/><T9/><D76/><U103/><E79/><V109/><F109/><W106/><G106/><T35/><REACH who="0" step="1"/><D6/><REACH who="0" ten="240,250,250,250" step="2"/><U121/><E121/><V47/><F77/><W92/><G4/><T2/><D2/><U78/><E78/><V18/><F72/><W8/><G1/><T13/><D13/><U108/><E108/><V26/><F107/><W93/><G75/><T101/><AGARI ba="0,1" hai="9,14,16,17,22,27,34,35,40,46,48,99,101,105" machi="101" ten="30,11700,0" yaku="1,1,0,1,52,1,54,1,53,0" doraHai="41" doraHaiUra="63" who="0" fromWho="0" sc="240,127,250,-39,250,-39,250,-39" /><INIT seed="0,1,0,3,1,85" ten="367,211,211,211" oya="0" hai0="81,56,96,78,115,82,76,8,0,6,79,100,28" hai1="119,10,125,66,65,23,7,31,72,98,134,18,86" hai2="92,4,116,121,11,2,36,101,131,22,12,113,77" hai3="42,127,87,43,94,5,90,106,54,14,37,33,57"/><T9/><D115/><U13/><E119/><V74/><F121/><W118/><G118/><T103/><D28/><U122/><E122/><V15/><F113/><W105/><G33/><T62/><D9/><U107/><E72/><V129/><F116/><W135/><G135/><T111/><D103/><U67/><E134/><V88/><F36/><W80/><G127/><T126/><D111/><U39/><E39/><V123/><F123/><W60/><G5/><T3/><D3/><U26/><E125/><V120/><F101/><W34/><G34/><T35/><D35/><U75/><E75/><V49/><F120/><W64/><G14/><T114/><D114/><U38/><E38/><V59/><F77/><W104/><G37/><T53/><REACH who="0" step="1"/><D126/><REACH who="0" ten="357,211,211,211" step="2"/><U133/><E133/><V52/><F2/><W110/><G110/><T55/><D55/><U29/><E107/><AGARI ba="1,1" hai="0,6,8,53,56,62,76,78,79,81,82,96,100,107" machi="107" ten="40,3900,0" yaku="1,1,53,1" doraHai="85" doraHaiUra="50" who="0" fromWho="1" sc="357,52,211,-42,211,0,211,0" /><INIT seed="0,2,0,1,2,101" ten="409,169,211,211" oya="0" hai0="76,38,6,10,110,33,82,15,7,105,100,75,1" hai1="34,42,85,52,127,47,23,83,97,0,54,5,60" hai2="37,19,117,132,17,29,59,48,111,107,8,18,46" hai3="95,128,112,63,62,102,41,66,96,118,50,11,116"/><T55/><D33/><U93/><E34/><V14/><F111/><W68/><G112/><T16/><D110/><U81/><E127/><V122/><F122/><W71/><G128/><T65/><D38/><U12/><E0/><V113/><F113/><W24/><G24/><T115/><D115/><U87/><E85/><V25/><F132/><W84/><G84/><T72/><D65/><U90/><E60/><V21/><F117/><W36/><G36/><T61/><D75/><U86/><E86/><V35/><F107/><W39/><G39/><T3/><D61/><U32/><E32/><V119/><F119/><W74/><G74/><T27/><D55/><U92/><E92/><V121/><F121/><W88/><G102/><T30/><D30/><U69/><E69/><V70/><F70/><W135/><G135/><T78/><D78/><N who="1" m="46519" /><E83/><V131/><F131/><W129/><G129/><T44/><D44/><U80/><E80/><V67/><F37/><W124/><G124/><T98/><REACH who="0" step="1"/><D27/><REACH who="0" ten="399,169,211,211" step="2"/><U51/><E23/><V4/><F67/><W77/><G62/><T53/><D53/><U123/><E123/><V130/><F130/><W56/><G68/><T126/><D126/><U91/><E91/><V40/><REACH who="2" step="1"/><F59/><REACH who="2" ten="399,169,201,211" step="2"/><W99/><G71/><T31/><D31/><U120/><E120/><V73/><F73/><W106/><G116/><T104/><D104/><U114/><E114/><V20/><AGARI ba="2,2" hai="4,8,14,17,18,19,20,21,25,29,35,40,46,48" machi="20" ten="30,4000,0" yaku="1,1,0,1,53,1" doraHai="101" doraHaiUra="43" who="2" fromWho="2" sc="399,-22,169,-12,201,66,211,-12" /><INIT seed="1,0,0,5,0,124" ten="377,157,267,199" oya="1" hai0="120,97,128,66,61,114,7,27,34,105,79,108,123" hai1="110,106,54,111,50,99,29,8,88,89,49,14,56" hai2="109,15,133,107,95,19,51,83,71,127,21,94,87" hai3="48,132,40,115,59,126,45,92,117,28,5,58,98"/><U20/><E49/><V24/><F107/><W25/><G115/><T0/><D128/><U9/><E29/><V116/><F116/><W82/><G126/><T100/><D108/><N who="1" m="41515" /><E20/><V4/><F109/><W103/><G132/><T42/><D114/><U91/><E14/><V131/><F133/><W43/><G117/><T55/><D42/><U39/><E39/><V69/><F127/><W38/><G5/><T32/><D55/><U33/><E33/><V80/><F131/><W73/><G73/><T11/><D79/><U119/><E119/><V46/><F71/><W37/><G82/><N who="2" m="31273" /><F87/><W36/><REACH who="3" step="1"/><G40/><REACH who="3" ten="377,157,267,189" step="2"/><T65/><D7/><U64/><E64/><V68/><F4/><W118/><G118/><T1/><D66/><U125/><E125/><V52/><F69/><W70/><G70/><T90/><D65/><U10/><E106/><V102/><F68/><W22/><AGARI ba="0,1" hai="22,25,28,36,37,38,43,45,48,58,59,92,98,103" machi="22" ten="30,2000,0" yaku="1,1,0,1,53,0" doraHai="124" doraHaiUra="113" who="3" fromWho="3" sc="377,-5,157,-10,267,-5,189,30" /><INIT seed="2,0,0,5,5,32" ten="372,147,262,219" oya="2" hai0="90,49,79,0,24,11,70,86,28,129,65,123,20" hai1="97,43,38,59,81,71,91,34,3,6,75,104,132" hai2="14,29,105,127,47,133,77,21,50,62,39,93,100" hai3="58,78,74,116,102,54,83,44,96,134,36,10,48"/><V46/><F105/><W92/><G116/><T119/><D123/><U1/><E71/><V2/><F2/><N who="1" m="521" /><E91/><V69/><F127/><W117/><G117/><T73/><D129/><U12/><E12/><V109/><F133/><W64/><G134/><T122/><D122/><U63/><E59/><V107/><F107/><W51/><G36/><T23/><D79/><N who="1" m="44287" /><E6/><V40/><F77/><W130/><G130/><T124/><D90/><U18/><E18/><V108/><F14/><W33/><G33/><T131/><D70/><U15/><E15/><V94/><F69/><W55/><REACH who="3" step="1"/><G64/><REACH who="3" ten="372,147,262,209" step="2"/><T72/><D65/><U103/><E63/><V45/><F62/><W22/><G22/><T37/><D23/><U35/><E132/><V80/><F21/><W66/><G66/><T114/><D20/><U110/><E110/><V53/><F109/><W115/><G115/><T135/><D114/><U125/><E125/><V128/><F108/><W84/><G84/><T85/><D86/><U17/><E17/><V4/><F128/><W126/><G126/><T56/><D85/><U61/><E61/><V5/><F29/><W31/><G31/><T98/><D28/><U82/><E82/><V16/><F16/><W118/><G118/><T7/><D119/><U8/><E8/><AGARI ba="0,1" hai="8,10,44,48,51,54,55,58,74,78,83,92,96,102" machi="8" ten="40,1300,0" yaku="1,1,53,0" doraHai="32" doraHaiUra="57" who="3" fromWho="1" sc="372,0,147,-13,262,0,209,23" /><INIT seed="3,0,0,3,4,132" ten="372,134,262,232" oya="3" hai0="62,36,131,7,24,43,90,116,127,117,99,26,5" hai1="125,2,35,52,74,72,58,40,66,111,30,54,87" hai2="76,97,63,33,122,93,114,115,92,55,51,102,67" hai3="100,108,38,112,129,73,50,89,83,53,37,119,23"/><W59/><G112/><T6/><D127/><U105/><E2/><V88/><F33/><W18/><G119/><T123/><D123/><U130/><E105/><V61/><F122/><W15/><G129/><T8/><D131/><U10/><E130/><V79/><F115/><W9/><G108/><T29/><D8/><U135/><E10/><V11/><F11/><W124/><G124/><T80/><D26/><U109/><E66/><V45/><F114/><W121/><G121/><T85/><D62/><N who="2" m="23562" /><F67/><W48/><G100/><T94/><D43/><U12/><E12/><V64/><F64/><W20/><G50/><T42/><D42/><U60/><E40/><V21/><F21/><W34/><G34/><T16/><D16/><U91/><E135/><V84/><AGARI ba="0,0" hai="45,51,55,76,79,84,88,92,93,97,102" m="23562" machi="84" ten="30,2000,0" yaku="8,1,54,1" doraHai="132" who="2" fromWho="2" sc="372,-5,134,-5,262,20,232,-10" owari="367,46.7,129,-37.1,282,8.2,222,-17.8" /></mjloggm>