<mjloggm ver="2.3"><GO type="225" lobby="0"/><UN n0="%E3%83%A9%E3%83%96%E3%83%AC%E3%83%BC" n1="%E8%A8%88%E7%AE%97%E6%A9%9F%E8%87%AA%E7%84%B6" n2="%E3%81%B2%E3%81%AA%E3%81%AE%E3%82%8A%E3%81%8F" n3="%43%68%65" dan="18,17,17,16" rate="2247.74,2217.45,2173.69,2164.01" sx="M,M,M,M"/><TAIKYOKU oya="0"/><INIT seed="0,0,0,1,0,31" ten="250,250,250,250" oya="0" hai0="49,81,14,69,116,9,47,78,26,73,114,130,16" hai1="110,67,82,102,80,120,131,50,123,2,23,103,104" hai2="127,121,91,94,0,51,32,79,70,59,38,24,72" hai3="71,108,11,48,126,22,43,74,8,84,86,98,125"/><T20/><D20/><U106/><E2/><V21/><F38/><W96/><G74/><T18/><D116/><U122/><E67/><V135/><F70/><W65/><G108/><T36/><D114/><U61/><E61/><V35/><F0/><W54/><G43/><T3/><D130/><U111/><E50/><V112/><F121/><W89/><G22/><T63/><D3/><U95/><E23/><V107/><F107/><N who="1" m="41001" /><E131/><V34/><F112/><W66/><G48/><T5/><D26/><U124/><E124/><V46/><F127/><W44/><G89/><T29/><D29/><U85/><E95/><V99/><F135/><W30/><G30/><T117/><D117/><U87/><E85/><V45/><F59/><W41/><G41/><T33/><D36/><U129/><E129/><V15/><F15/><W101/><G101/><N who="1" m="38410" /><E87/><V119/><F119/><W77/><G54/><T56/><D69/><U6/><E6/><V113/><F113/><W92/><G92/><T52/><REACH who="0" step="1"/><D33/><REACH who="0" ten="240,250,250,250" step="2"/><U27/><E27/><V115/><F115/><W42/><G71/><T75/><D75/><U40/><E40/><AGARI ba="0,1" hai="5,9,14,16,18,40,47,49,52,56,63,73,78,81" machi="40" ten="30,18000,2" yaku="1,1,7,1,54,2,53,2" doraHai="31" doraHaiUra="12" who="0" fromWho="1" sc="240,190,250,-180,250,0,250,0" /><INIT seed="0,1,0,3,2,128" ten="430,70,250,250" oya="0" hai0="125,90,98,113,50,108,119,130,94,135,43,72,26" hai1="34,97,131,55,32,106,20,17,44,38,33,85,74" hai2="56,3,82,24,118,77,49,114,127,111,13,48,7" hai3="115,109,104,11,124,23,57,30,73,96,18,0,110"/><T107/><D113/><U60/><E74/><V39/><F39/><W63/><G115/><T35/><D119/><U103/><E131/><V84/><F3/><W129/><G129/><T116/><D116/><U64/><E85/><V123/><F114/><W80/><G124/><T70/><D70/><U69/><E38/><V75/><F123/><W21/><G30/><T36/><D36/><U117/><E117/><V28/><F111/><W65/><G96/><T126/><D107/><U87/><E87/><V81/><F127/><W27/><G104/><T42/><D72/><U8/><E8/><V25/><F25/><W112/><G23/><T40/><D108/><N who="3" m="41577" /><G112/><T45/><D130/><U53/><REACH who="1" step="1"/><E44/><REACH who="1" ten="430,60,250,250" step="2"/><V61/><F118/><W1/><G11/><T76/><D45/><U6/><E6/><V47/><F47/><W78/><AGARI ba="1,1" hai="0,1,18,21,27,57,63,65,73,78,80" m="41577" machi="78" ten="30,1100,0" yaku="14,1" doraHai="128" who="3" fromWho="3" sc="430,-6,60,-4,250,-4,250,24" /><INIT seed="1,0,0,4,5,46" ten="424,56,246,274" oya="1" hai0="88,118,122,113,79,48,59,33,29,40,129,58,96" hai1="115,23,37,21,2,57,0,126,42,13,133,49,66" hai2="1,82,117,45,51,10,75,87,72,22,26,11,107" hai3="132,25,6,91,73,106,62,111,121,5,27,39,20"/><U112/><BYE who="0" /><E126/><V18/><F117/><UN n0="%E3%83%A9%E3%83%96%E3%83%AC%E3%83%BC" /><W9/><G121/><T105/><D118/><U34/><E34/><V53/><F107/><W114/><G114/><T127/><D127/><U65/><E133/><V47/><F1/><W99/><G39/><T119/><D113/><U116/><E116/><V32/><F32/><W12/><G73/><T52/><D40/><U61/><E37/><V19/><F47/><W86/><G111/><T41/><D41/><U31/><E42/><V103/><F103/><W125/><G6/><T94/><D105/><U76/><E76/><V50/><F50/><W30/><G132/><T83/><D122/><U67/><E67/><V93/><F93/><W63/><G125/><T124/><D129/><U128/><E13/><V97/><F97/><W84/><G84/><T70/><D70/><U35/><E35/><V98/><F98/><W95/><G27/><T123/><D123/><U108/><E57/><V16/><F75/><W89/><G106/><T24/><D124/><U110/><E61/><V60/><F72/><W28/><G30/><T90/><D79/><U3/><E3/><V14/><F60/><W100/><G100/><T101/><D59/><U8/><E31/><N who="2" m="17879" /><F10/><W81/><AGARI ba="0,0" hai="5,9,12,20,25,28,62,63,81,86,89,91,95,99" machi="81" ten="20,2700,0" yaku="0,1,7,1,8,1" doraHai="46" who="3" fromWho="3" sc="424,-7,56,-13,246,-7,274,27" /><INIT seed="2,0,0,5,0,134" ten="417,43,239,301" oya="2" hai0="92,30,117,67,38,90,28,6,75,124,123,80,15" hai1="52,122,7,133,20,121,85,45,98,71,14,3,74" hai2="78,37,81,76,128,57,54,56,27,9,17,47,103" hai3="31,43,1,107,32,102,120,112,2,99,33,0,97"/><V4/><F128/><W46/><G120/><T24/><D38/><U61/><E74/><V115/><F115/><W114/><G99/><T48/><D117/><U36/><E3/><V96/><F17/><W118/><G118/><T106/><D106/><U110/><E133/><V93/><F27/><N who="3" m="18559" /><G33/><T23/><D67/><U87/><E110/><V84/><F76/><W104/><G104/><T12/><D80/><U135/><E135/><V68/><F68/><W83/><G83/><T22/><D75/><U50/><E98/><V49/><REACH who="2" step="1"/><F37/><AGARI ba="0,0" hai="0,1,2,37,43,46,97,102,107,112,114" m="18559" machi="37" ten="30,1000,0" yaku="23,1" doraHai="134" who="3" fromWho="2" sc="417,0,43,0,239,-10,301,10" /><INIT seed="3,0,0,0,1,117" ten="417,43,229,311" oya="3" hai0="9,19,16,50,65,110,45,105,44,75,21,114,14" hai1="77,89,10,115,76,13,56,3,12,8,15,20,24" hai2="59,131,71,69,134,5,119,103,91,26,126,90,68" hai3="55,30,78,135,36,58,31,29,101,53,52,1,81"/><W4/><G135/><T102/><D110/><U0/><E89/><V88/><F119/><W129/><G129/><T95/><D105/><U123/><E56/><V87/><F134/><W67/><G36/><T84/><D114/><U37/><E37/><V97/><F131/><W28/><G101/><T106/><D106/><U41/><E41/><V79/><F126/><W25/><G67/><T82/><D75/><U130/><E130/><V132/><F132/><W127/><G127/><T64/><D95/><U133/><E133/><V51/><F5/><W17/><G17/><T72/><D72/><U124/><E124/><V122/><F26/><W85/><G4/><T2/><D2/><U40/><E40/><V34/><F34/><W109/><G1/><T63/><D63/><U7/><E13/><V113/><F79/><W70/><G70/><T6/><D45/><U98/><E7/><V18/><F87/><W112/><G112/><T54/><D102/><U27/><E115/><V111/><F71/><W104/><G104/><T108/><D108/><U80/><E20/><V35/><F69/><W42/><G42/><T118/><D118/><U120/><REACH who="1" step="1"/><E80/><REACH who="1" ten="417,33,229,311" step="2"/><V96/><F91/><W62/><G109/><T74/><D21/><AGARI ba="0,1" hai="21,25,28,29,30,31,52,53,55,58,62,78,81,85" machi="21" ten="40,3900,0" yaku="8,1,54,1" doraHai="117" who="3" fromWho="0" sc="417,-39,33,0,229,0,311,49" /><INIT seed="3,1,0,3,4,13" ten="378,33,229,360" oya="3" hai0="44,77,39,2,16,82,81,134,125,101,37,123,110" hai1="133,102,95,45,11,135,19,88,57,98,40,73,62" hai2="79,58,122,75,26,21,5,41,116,24,28,69,119" hai3="120,12,60,83,128,29,0,118,97,7,31,25,8"/><W48/><G118/><T80/><D123/><U59/><E73/><V53/><F69/><W72/><G120/><T46/><D2/><U54/><E133/><V10/><F41/><W76/><G128/><T3/><D3/><U51/><E135/><V9/><F122/><W121/><G121/><T23/><D134/><U6/><E6/><V71/><F71/><W124/><G124/><T126/><D101/><U104/><E104/><V92/><F10/><W32/><G31/><T117/><D117/><U56/><E102/><V30/><F79/><W52/><G60/><T109/><D77/><U106/><E106/><V18/><F92/><W90/><G0/><T61/><D61/><U22/><REACH who="1" step="1"/><E11/><REACH who="1" ten="378,23,229,360" step="2"/><V87/><F75/><W49/><G97/><T42/><D126/><U113/><E113/><V65/><F9/><W33/><G90/><T132/><D132/><U129/><E129/><V4/><F5/><W99/><G99/><T55/><D125/><U47/><E47/><V36/><F4/><W74/><G74/><T43/><D55/><U66/><E66/><V86/><F65/><W107/><G107/><T68/><D68/><U67/><E67/><V34/><F119/><W84/><G72/><T70/><D70/><U130/><E130/><V20/><F116/><W63/><G33/><T78/><D78/><U108/><E108/><V105/><F34/><W111/><G111/><T14/><AGARI ba="1,1" hai="14,16,23,37,39,42,43,44,46,80,81,82,109,110" machi="14" ten="30,7900,0" yaku="0,1,9,1,52,1,54,1" doraHai="13" who="0" fromWho="0" sc="378,92,23,-21,229,-21,360,-40" owari="470,57.0,2,-49.8,208,-19.2,320,12.0" /></mjloggm>