<mjloggm ver="2.3"><GO type="225" lobby="0"/><UN n0="%E3%81%8B%E3%82%8F%E3%81%A1%E3%82%83%E3%82%93%35%38" n1="%33%74%72%65%65" n2="%72%69%6F%75%63%68%61%6E" n3="%E3%81%9F%E3%81%8C%E3%82%84%E3%81%99" dan="17,16,16,17" rate="2220.72,2155.88,2163.38,2165.08" sx="M,F,M,M"/><TAIKYOKU oya="0"/><INIT seed="0,0,0,0,4,41" ten="250,250,250,250" oya="0" hai0="112,42,126,40,128,93,79,70,83,18,22,89,129" hai1="103,101,62,130,29,36,10,98,76,127,26,131,59" hai2="116,35,14,109,50,81,51,1,88,124,82,117,2" hai3="78,16,13,111,86,27,24,45,57,106,67,114,34"/><T30/><D30/><U115/><E127/><V74/><F35/><W80/><G106/><T60/><D112/><U23/><E115/><V61/><F109/><W32/><G114/><T135/><D126/><U97/><E76/><V54/><F124/><W21/><G111/><T28/><D28/><U19/><E36/><V96/><F61/><W119/><G119/><N who="2" m="45641" /><F14/><W107/><G107/><T69/><D135/><U56/><E10/><V94/><F50/><W37/><G34/><T133/><D133/><U8/><E8/><V46/><F81/><W15/><G15/><N who="0" m="9567" /><D60/><U64/><E19/><V44/><F46/><W39/><G32/><T38/><D69/><U84/><E56/><V12/><F12/><W48/><G37/><T5/><D70/><U108/><E108/><V104/><F104/><W72/><G72/><N who="0" m="43495" /><D5/><U132/><E132/><V85/><F74/><W65/><G39/><T43/><D38/><U102/><REACH who="1" step="1"/><E84/><REACH who="1" ten="250,240,250,250" step="2"/><V55/><F55/><N who="3" m="30095" /><G57/><T3/><D42/><U58/><E58/><V110/><F110/><W120/><G120/><T31/><D31/><U105/><E105/><V7/><F7/><W33/><G33/><T99/><D3/><U92/><E92/><V134/><F134/><W95/><G95/><T113/><D113/><U77/><E77/><AGARI ba="0,1" hai="1,2,44,51,54,77,82,85,88,94,96" m="45641" machi="77" ten="30,3900,0" yaku="12,1,52,1,54,1" doraHai="41" who="2" fromWho="1" sc="250,0,240,-39,250,49,250,0" /><INIT seed="1,0,0,2,0,53" ten="250,201,299,250" oya="1" hai0="38,11,75,21,79,46,88,58,100,34,50,114,41" hai1="126,89,56,33,9,68,94,13,84,86,130,43,1" hai2="28,2,113,135,70,24,40,54,48,59,20,108,101" hai3="62,123,67,119,85,4,82,3,120,36,31,80,97"/><U115/><E115/><V105/><F70/><W98/><G36/><T90/><D34/><U112/><E112/><V109/><F113/><W92/><G3/><T117/><D117/><U107/><E68/><V10/><F135/><W44/><G4/><T26/><D114/><U121/><E121/><V19/><F40/><W134/><G134/><T45/><D100/><U129/><E1/><V124/><F124/><W95/><G31/><T16/><D75/><U18/><E126/><V35/><F101/><W57/><G119/><T71/><D71/><U96/><E33/><V132/><F105/><W12/><G12/><N who="0" m="7199" /><D38/><U47/><E56/><V66/><F66/><W78/><G44/><N who="0" m="17003" /><D79/><U122/><E122/><V103/><F103/><W5/><G123/><T91/><D41/><U116/><E116/><V118/><F132/><W131/><G120/><T17/><D90/><U64/><E107/><V63/><F118/><W99/><G131/><N who="1" m="50186" /><E64/><V87/><F2/><W55/><G5/><T111/><D111/><U14/><E13/><N who="2" m="7607" /><F35/><W102/><G102/><T125/><D125/><U29/><E29/><V32/><F32/><W49/><G67/><T42/><D42/><U60/><E60/><V83/><F109/><W133/><G133/><T30/><D30/><U51/><AGARI ba="0,0" hai="9,14,18,43,47,51,84,86,89,94,96" m="50186" machi="51" ten="30,1500,0" yaku="19,1" doraHai="53" who="1" fromWho="1" sc="250,-5,201,15,299,-5,250,-5" /><INIT seed="1,1,0,1,3,54" ten="245,216,294,245" oya="1" hai0="53,15,72,47,93,51,101,43,55,46,89,25,110" hai1="49,82,71,67,69,104,5,70,28,102,59,83,85" hai2="7,68,132,14,57,121,95,109,42,124,13,131,105" hai3="22,61,103,18,45,78,12,135,119,100,27,40,81"/><U17/><E5/><V88/><F68/><W79/><G79/><T107/><D72/><U38/><E38/><V97/><F121/><W0/><G0/><T26/><D110/><U129/><E129/><V21/><F105/><W9/><G135/><T58/><D107/><U126/><E28/><V80/><F109/><W19/><G119/><T11/><D101/><U50/><E126/><V116/><F116/><W111/><G111/><T60/><D47/><U75/><E75/><V117/><F117/><W3/><G3/><T33/><D33/><U123/><E123/><V87/><F131/><W65/><G81/><T34/><D34/><U56/><E17/><V77/><F132/><W115/><G78/><T44/><D44/><U20/><E20/><V74/><F124/><W106/><G106/><T37/><D43/><U125/><E125/><V16/><F42/><W48/><REACH who="3" step="1"/><G115/><REACH who="3" ten="245,216,294,235" step="2"/><T8/><D37/><U90/><E83/><V64/><F74/><W73/><G73/><T128/><D128/><U2/><E2/><V10/><F64/><W36/><G36/><T63/><D63/><U4/><E67/><V127/><F127/><W32/><G32/><T130/><D130/><U120/><E120/><V108/><F108/><W39/><G39/><T94/><D94/><U113/><E113/><V133/><F133/><W1/><G1/><T35/><D35/><U66/><E66/><V41/><F41/><W31/><G31/><T86/><D8/><U91/><E104/><V76/><F77/><W99/><G99/><T23/><D11/><U98/><E98/><V84/><F97/><RYUUKYOKU ba="1,1" sc="245,10,216,-30,294,10,235,10" hai0="15,23,25,26,46,51,53,55,58,60,86,89,93" hai2="7,10,13,14,16,21,57,76,80,84,87,88,95" hai3="9,12,18,19,22,27,40,45,48,61,65,100,103" /><INIT seed="2,2,1,0,4,111" ten="255,186,304,245" oya="2" hai0="134,108,76,105,77,88,23,36,16,59,112,99,19" hai1="124,1,52,89,73,94,24,103,10,127,53,26,47" hai2="83,38,107,86,122,0,98,116,135,57,132,87,6" hai3="128,28,62,13,41,100,126,79,2,84,121,22,130"/><V71/><F71/><W65/><G2/><T97/><D112/><U78/><E103/><N who="2" m="62967" /><F38/><W63/><G121/><T131/><D36/><U67/><E67/><V119/><F6/><W115/><G126/><N who="1" m="48170" /><E1/><V35/><F35/><W27/><G115/><T15/><D108/><U39/><E10/><V42/><F42/><W3/><G3/><T54/><D134/><N who="2" m="51242" /><F0/><W49/><G100/><T109/><D109/><U9/><E9/><V55/><F122/><W33/><G33/><T81/><D131/><N who="3" m="50217" /><G13/><N who="0" m="9615" /><D105/><U29/><E26/><V133/><N who="2" m="51250" /><V21/><DORA hai="106" /><F21/><W11/><G11/><N who="0" m="6655" /><D99/><N who="1" m="57807" /><E24/><V18/><F18/><W20/><G27/><T45/><D45/><U90/><E29/><V68/><F68/><W101/><G28/><T58/><D58/><U75/><E39/><V50/><F87/><W104/><G84/><N who="0" m="50191" /><D97/><U118/><E47/><V102/><F102/><W70/><G101/><T95/><D95/><U32/><E32/><V120/><F120/><W37/><G104/><T17/><D17/><U7/><E7/><V117/><F116/><W31/><G37/><T123/><D123/><U114/><E118/><V64/><F64/><W34/><G65/><T5/><D5/><U74/><E114/><V30/><F30/><W66/><G31/><T72/><D72/><N who="1" m="27755" /><E90/><AGARI ba="2,1" hai="50,55,57,83,86,90,117,119" m="51250,62967" machi="90" ten="40,2000,0" yaku="20,1" doraHai="111,106" who="2" fromWho="1" sc="255,0,186,-26,304,36,245,0" /><INIT seed="2,3,0,2,1,117" ten="255,160,340,245" oya="2" hai0="121,96,82,87,24,37,128,52,49,101,126,62,51" hai1="29,72,103,79,40,118,99,4,71,85,106,34,88" hai2="105,3,130,38,18,42,132,60,81,104,134,53,20" hai3="9,127,43,13,26,100,28,125,135,2,36,114,119"/><V65/><F3/><W19/><G100/><T122/><D37/><U112/><E112/><V113/><F113/><W25/><G43/><T17/><D126/><N who="3" m="48137" /><G36/><T83/><D83/><N who="1" m="45543" /><E40/><V73/><F130/><W86/><G86/><T44/><D128/><U46/><E46/><N who="2" m="23895" /><F53/><W90/><G90/><T47/><D62/><U27/><E4/><V39/><F39/><W93/><G93/><T109/><D109/><U115/><E115/><V8/><F8/><N who="3" m="6567" /><G114/><T61/><D61/><U58/><E118/><V57/><F81/><W133/><G119/><T6/><D6/><U77/><E77/><V78/><F73/><W91/><G91/><T84/><D84/><U95/><E58/><V56/><F57/><W75/><G75/><T15/><D24/><N who="3" m="9321" /><G28/><T107/><D47/><U76/><E76/><V33/><F78/><W48/><G48/><T12/><D49/><U92/><E92/><V74/><F74/><W55/><G55/><T66/><D66/><U67/><E67/><V98/><F65/><W131/><G131/><T50/><D50/><U116/><E116/><V63/><F56/><W69/><G69/><AGARI ba="3,0" hai="27,29,34,69,71,85,88,95,99,103,106" m="45543" machi="69" ten="30,2000,0" yaku="24,1,54,1" doraHai="117" who="1" fromWho="3" sc="255,0,160,29,340,0,245,-29" /><INIT seed="3,0,0,4,3,114" ten="255,189,340,216" oya="3" hai0="129,52,13,109,54,8,24,43,105,98,111,18,100" hai1="132,10,88,106,79,16,12,50,82,133,32,36,11" hai2="101,96,102,14,103,124,6,68,56,73,64,3,67" hai3="71,23,25,9,57,31,74,30,121,94,120,19,131"/><W135/><G71/><T53/><D129/><U66/><E36/><V108/><F3/><W17/><G74/><T90/><D43/><U84/><E106/><V81/><F68/><W128/><G57/><T92/><REACH who="0" step="1"/><D24/><REACH who="0" ten="245,189,340,216" step="2"/><U40/><E32/><V44/><F124/><W59/><G25/><T127/><D127/><U86/><E66/><V0/><F64/><W20/><G131/><T75/><D75/><U93/><REACH who="1" step="1"/><E10/><REACH who="1" ten="245,179,340,216" step="2"/><N who="2" m="4439" /><F67/><W61/><G9/><T104/><D104/><U51/><E51/><V2/><F73/><W122/><G128/><T26/><D26/><U60/><E60/><V15/><F0/><W118/><G61/><T47/><D47/><AGARI ba="0,2" hai="11,12,16,40,47,50,79,82,84,86,88,93,132,133" machi="47" ten="40,8000,1" yaku="1,1,54,2,53,1" doraHai="114" doraHaiUra="45" who="1" fromWho="0" sc="245,-80,179,100,340,0,216,0" owari="165,-33.5,279,7.9,340,44.0,216,-18.4" /></mjloggm>