<mjloggm ver="2.3"><GO type="225" lobby="0"/><UN n0="%E3%81%A9%E3%82%93%E3%82%88%E3%81%8F%4D%6B%2E%32" n1="%E3%81%B2%E3%81%AA%E3%81%AE%E3%82%8A%E3%81%8F" n2="%E6%98%93%E5%88%A9%E8%96%A9%E4%BC%AF" n3="%E6%97%A5%E6%9B%9C%E6%97%A5%E3%82%88%E3%82%8A%E3%81%AE%E4%BD%BF%E8%80%85" dan="16,16,16,16" rate="2163.83,2113.16,2031.77,2079.38" sx="M,M,F,M"/><TAIKYOKU oya="0"/><INIT seed="0,0,0,3,4,125" ten="250,250,250,250" oya="0" hai0="77,95,69,22,89,60,65,55,43,42,19,29,68" hai1="105,86,116,13,59,132,32,30,9,115,23,87,90" hai2="81,3,114,135,83,14,40,104,63,52,112,80,24" hai3="88,118,37,54,110,76,38,78,48,70,93,50,71"/><T41/><D29/><U82/><E116/><V130/><F3/><W121/><G118/><T109/><D77/><U28/><E105/><V98/><F135/><W133/><G110/><T120/><D120/><U16/><E132/><V73/><F73/><W72/><G133/><T20/><D109/><U124/><E124/><V102/><F40/><W46/><G121/><T10/><D68/><U11/><E115/><V91/><F24/><W103/><G103/><T66/><D66/><U56/><E32/><V2/><F2/><W12/><G71/><T36/><D36/><U25/><E30/><V123/><F123/><W92/><G70/><T94/><D94/><U111/><E111/><V101/><F101/><W64/><G64/><T129/><D129/><U47/><E87/><V21/><F130/><W113/><G38/><T7/><D55/><U74/><E74/><V45/><F91/><W84/><G37/><T53/><D53/><U15/><E47/><V99/><F99/><W44/><G113/><T128/><D128/><U75/><E75/><V58/><REACH who="2" step="1"/><F45/><REACH who="2" ten="250,250,240,250" step="2"/><W35/><G72/><T108/><D108/><U61/><E61/><V18/><AGARI ba="0,1" hai="14,18,21,52,58,63,80,81,83,98,102,104,112,114" machi="18" ten="30,7900,0" yaku="1,1,2,1,0,1,54,1,53,0" doraHai="125" doraHaiUra="127" who="2" fromWho="2" sc="250,-39,250,-20,240,89,250,-20" /><INIT seed="1,0,0,1,2,121" ten="211,230,329,230" oya="1" hai0="72,83,19,93,64,132,85,95,123,13,134,129,104" hai1="70,86,42,120,91,82,26,100,127,122,77,31,17" hai2="116,40,89,44,28,128,29,126,125,23,84,35,68" hai3="118,22,66,131,101,49,4,106,47,38,124,98,58"/><U36/><E70/><V67/><F35/><W133/><G124/><N who="2" m="47721" /><F116/><W6/><G131/><T117/><D64/><U61/><E127/><V34/><F34/><W65/><G38/><T51/><D51/><U15/><E100/><V57/><F68/><W75/><G75/><T21/><D129/><U130/><E130/><V20/><F57/><W56/><G133/><N who="0" m="51307" /><D117/><U94/><E61/><V96/><F96/><W79/><G79/><N who="0" m="44519" /><D104/><U110/><E42/><V87/><F87/><W78/><G78/><T11/><D123/><U2/><E36/><N who="2" m="21511" /><F67/><W114/><G66/><T54/><D54/><U92/><E2/><V60/><F60/><W12/><G65/><T43/><D43/><U46/><E46/><V24/><F128/><W135/><G118/><T99/><D85/><U10/><E120/><V45/><F45/><W62/><G62/><T33/><D33/><U0/><E0/><V14/><F14/><W50/><G135/><T41/><D41/><U48/><E48/><V113/><F113/><W119/><G114/><T18/><D99/><U1/><E1/><V55/><F55/><N who="3" m="30143" /><G119/><T74/><D74/><U7/><E122/><V76/><F76/><W105/><G50/><T27/><AGARI ba="0,0" hai="11,13,18,19,21,27,93,95" m="44519,51307" machi="27" ten="30,1100,0" yaku="20,1" doraHai="121" who="0" fromWho="0" sc="211,11,230,-5,329,-3,230,-3" /><INIT seed="2,0,0,5,5,4" ten="222,225,326,227" oya="2" hai0="5,114,116,3,43,105,18,48,98,81,7,9,113" hai1="68,78,2,84,57,76,42,63,61,62,67,20,129" hai2="128,108,21,54,11,8,91,16,96,40,107,24,106" hai3="131,25,112,39,82,17,14,33,29,99,53,95,133"/><V101/><F128/><W134/><G39/><T90/><D116/><U79/><E129/><V104/><F108/><W94/><G131/><T6/><D18/><U118/><E118/><V47/><F91/><W109/><G109/><T15/><D81/><U102/><E102/><V75/><F54/><W93/><G112/><T92/><D105/><U26/><E42/><V74/><F75/><W111/><G111/><T28/><D28/><U115/><E2/><V30/><F74/><W45/><G82/><T55/><D43/><U36/><E36/><V13/><REACH who="2" step="1"/><F11/><REACH who="2" ten="222,225,316,227" step="2"/><W64/><G53/><T23/><D3/><U66/><E115/><V46/><F46/><W32/><G45/><T127/><D113/><U72/><E72/><V19/><F19/><W44/><G44/><N who="0" m="28039" /><D127/><U37/><E37/><AGARI ba="0,1" hai="8,13,16,21,24,30,37,40,47,96,101,104,106,107" machi="37" ten="30,12000,1" yaku="1,1,7,1,52,1,54,1,53,1" doraHai="4" doraHaiUra="41" who="2" fromWho="1" sc="222,0,225,-120,316,130,227,0" /><INIT seed="2,1,0,3,5,122" ten="222,105,446,227" oya="2" hai0="63,80,65,58,116,19,110,11,82,132,22,95,100" hai1="89,49,107,38,17,76,47,4,128,13,37,98,0" hai2="26,21,104,123,129,60,102,79,5,51,41,114,2" hai3="14,127,106,9,120,94,27,30,91,57,64,90,121"/><V59/><F114/><W125/><G106/><T84/><D132/><U113/><E113/><V46/><F129/><W18/><G57/><T69/><D116/><U20/><E128/><V101/><F123/><W130/><G64/><T97/><D11/><U6/><E76/><V53/><F79/><W28/><G130/><T124/><D124/><N who="3" m="47689" /><G30/><T115/><D115/><U133/><E133/><V52/><F104/><W43/><G43/><T48/><D84/><U34/><E34/><V33/><F33/><N who="3" m="20639" /><G90/><T39/><D39/><U85/><E0/><V1/><F1/><W118/><G118/><T96/><D69/><U126/><E126/><V32/><F32/><W15/><G14/><T35/><D35/><U45/><E45/><V36/><F2/><W42/><G42/><T70/><D70/><U74/><E38/><V24/><F53/><W44/><G44/><T119/><D119/><U135/><E37/><V86/><F46/><W66/><G66/><T10/><D65/><U75/><E135/><V31/><F41/><W73/><G73/><T68/><D58/><U87/><E75/><V117/><F59/><W103/><G103/><T72/><D100/><N who="1" m="62871" /><E74/><V40/><F40/><W99/><AGARI ba="1,0" hai="9,15,18,91,94,99,120,121" m="20639,47689" machi="99" ten="30,1100,0" yaku="18,1" doraHai="122" who="3" fromWho="3" sc="222,-4,105,-4,446,-6,227,14" /><INIT seed="3,0,0,1,1,117" ten="218,101,440,241" oya="3" hai0="125,50,2,42,46,121,35,96,73,124,67,92,66" hai1="94,1,84,81,76,130,17,0,31,24,108,22,40" hai2="65,105,3,30,38,98,37,101,14,75,32,69,83" hai3="43,71,109,6,7,4,89,82,57,78,113,23,77"/><W44/><G71/><T20/><D73/><U110/><E130/><V28/><F28/><W131/><G113/><T10/><D35/><U118/><E118/><V134/><F3/><W129/><G57/><T63/><D20/><U86/><E1/><V133/><F14/><W103/><G103/><T45/><D45/><U9/><E0/><V61/><F83/><W18/><G89/><T56/><D67/><U48/><E108/><V29/><F29/><W90/><G90/><T128/><D128/><N who="3" m="49225" /><G82/><T41/><D41/><U127/><E127/><V19/><F75/><W115/><G115/><T119/><D119/><U62/><E110/><V123/><F69/><W80/><G80/><T64/><D64/><U107/><E107/><V12/><F65/><W55/><G55/><T126/><D10/><U70/><E70/><V97/><F101/><W52/><G109/><T85/><D2/><U68/><E68/><V25/><F105/><W95/><G95/><T74/><D74/><U104/><E104/><V100/><F100/><W91/><G91/><N who="0" m="55327" /><D85/><U79/><E9/><V39/><F98/><W34/><G34/><T54/><D42/><U72/><E94/><V5/><F97/><W116/><G43/><T59/><D46/><U36/><E72/><V132/><F61/><W27/><G116/><T99/><D99/><U58/><E40/><V114/><F114/><W15/><G27/><T135/><D125/><U51/><E62/><V13/><F32/><W88/><G88/><T106/><D124/><U93/><E81/><V60/><F25/><W21/><G21/><T102/><D126/><RYUUKYOKU ba="0,0" sc="218,-10,101,-10,440,-10,241,30" hai3="4,6,7,15,18,23,44,52,77,78" /><INIT seed="3,1,0,2,5,32" ten="208,91,430,271" oya="3" hai0="117,41,69,50,86,89,107,103,95,112,104,23,24" hai1="113,62,3,76,127,38,65,60,93,74,96,88,26" hai2="19,68,115,119,12,120,81,14,11,108,35,42,21" hai3="64,57,2,84,67,36,29,110,9,134,30,85,25"/><W22/><G36/><T72/><D69/><U49/><E113/><V123/><F68/><W132/><G30/><T129/><D117/><U92/><E127/><V59/><F108/><W94/><G110/><T17/><D112/><U15/><E38/><V18/><F35/><W100/><G100/><T99/><D129/><U5/><E74/><V101/><F119/><W73/><G73/><T80/><D41/><U75/><E75/><V66/><F101/><W116/><G116/><T39/><D39/><U6/><E76/><V51/><F81/><W58/><G58/><T31/><D50/><U33/><E33/><V78/><F78/><W8/><G8/><T131/><D131/><U128/><E128/><V44/><F115/><W34/><G34/><T46/><D46/><U48/><E96/><V16/><F19/><W10/><G10/><T27/><D72/><U61/><E15/><V70/><F70/><W71/><G71/><T37/><D37/><U118/><E118/><V114/><F114/><W82/><G94/><T79/><D79/><U7/><E65/><N who="3" m="25162" /><G57/><T53/><D53/><U20/><E3/><V47/><F120/><W109/><G109/><T1/><D1/><U135/><E135/><N who="3" m="51754" /><G82/><T125/><D125/><U40/><E40/><V111/><F123/><W56/><G56/><T63/><D63/><U130/><E130/><V122/><F122/><W28/><G28/><T90/><D103/><U52/><E52/><V102/><F111/><W97/><G97/><T124/><D124/><U87/><E93/><V98/><F98/><W0/><G0/><T4/><D4/><AGARI ba="1,0" hai="2,4,9,22,25,29,84,85" m="51754,25162" machi="4" ten="30,5800,0" yaku="6,1,20,1,52,1" doraHai="32" who="3" fromWho="0" sc="208,-61,91,0,430,0,271,61" /><INIT seed="3,2,0,1,1,92" ten="147,91,430,332" oya="3" hai0="73,94,46,113,60,106,7,44,125,38,69,103,26" hai1="116,16,18,57,81,40,134,98,122,95,110,12,114" hai2="63,11,56,45,97,55,91,128,17,39,80,43,15" hai3="74,83,117,36,127,119,2,86,101,28,4,62,0"/><W90/><G36/><T89/><D73/><U68/><E114/><V8/><F128/><W22/><G127/><T79/><D79/><U20/><E68/><V75/><F11/><W23/><G74/><T52/><D106/><U67/><E122/><V131/><F131/><W29/><G101/><T96/><D125/><U27/><E134/><V9/><F9/><W118/><G62/><T34/><D38/><U104/><E104/><V21/><F8/><W129/><G129/><T120/><D7/><U133/><E133/><V77/><F97/><W112/><G112/><T135/><D113/><U87/><E116/><V58/><F58/><W14/><G4/><T49/><D120/><U47/><E110/><V107/><F107/><W70/><G70/><T30/><D135/><U24/><E18/><V108/><F91/><W102/><G102/><T19/><D19/><U121/><E121/><V50/><F108/><W54/><G54/><T72/><D72/><U109/><E109/><V64/><REACH who="2" step="1"/><F39/><REACH who="2" ten="147,91,420,332" step="2"/><W32/><G32/><T126/><D126/><U33/><E33/><V51/><F51/><W82/><G82/><T5/><D5/><U66/><E57/><V61/><F61/><W41/><G41/><AGARI ba="2,1" hai="15,17,21,41,43,45,50,55,56,63,64,75,77,80" machi="41" ten="40,2600,0" yaku="1,1,53,1" doraHai="92" doraHaiUra="76" who="2" fromWho="3" sc="147,0,91,0,420,42,332,-32" owari="147,-25.3,91,-40.9,462,56.2,300,10.0" /></mjloggm>