<mjloggm ver="2.3"><GO type="225" lobby="0"/><UN n0="%E3%81%82%E3%81%99%E3%81%AB%E3%82%83%E3%82%80" n1="%E3%81%A8%E3%82%93%E3%81%A8%E3%81%93%E3%81%A8%E3%82%93" n2="%72%69%6F%75%63%68%61%6E" n3="%E4%BF%BA%E3%81%A8%E5%A6%96%E5%A4%A2" dan="16,16,16,17" rate="2086.23,2123.60,2152.10,2211.74" sx="F,F,M,F"/><TAIKYOKU oya="0"/><INIT seed="0,0,0,3,0,122" ten="250,250,250,250" oya="0" hai0="135,107,85,48,91,123,74,18,133,100,117,113,67" hai1="98,79,4,71,22,34,42,46,7,112,51,21,80" hai2="11,19,89,73,88,109,52,1,6,0,131,134,20" hai3="81,119,10,53,33,69,61,63,118,78,128,75,50"/><T8/><D123/><U56/><E71/><V101/><F109/><W97/><G33/><T5/><D74/><U70/><E70/><V37/><F0/><W129/><G97/><N who="0" m="61839" /><D113/><U93/><E34/><V39/><F131/><N who="3" m="50251" /><G10/><T3/><D117/><N who="3" m="44553" /><G69/><T23/><D67/><U77/><E112/><V15/><F134/><N who="0" m="51210" /><D48/><U43/><E56/><AGARI ba="0,0" hai="50,53,56,61,63,75,78,81" m="44553,50251" machi="56" ten="30,1000,0" yaku="19,1" doraHai="122" who="3" fromWho="1" sc="250,0,250,-10,250,0,250,10" /><INIT seed="1,0,0,0,0,53" ten="250,240,250,260" oya="1" hai0="15,19,45,47,110,131,130,5,16,39,69,30,83" hai1="66,97,9,14,25,128,109,133,0,65,120,78,29" hai2="22,56,20,75,10,36,37,48,4,70,49,121,42" hai3="58,76,81,8,122,127,123,1,54,117,26,41,107"/><U6/><E120/><V129/><F121/><W40/><G107/><T88/><D69/><U95/><E128/><N who="0" m="49193" /><D110/><U72/><E133/><V51/><F70/><W106/><G106/><T132/><D132/><U33/><E109/><V27/><F129/><W73/><G127/><T24/><D39/><U114/><E114/><V86/><F75/><W13/><G1/><T7/><D7/><U23/><E78/><V71/><F71/><W68/><G68/><T80/><D5/><U46/><E46/><N who="0" m="17417" /><D15/><U124/><E72/><V12/><F42/><W90/><G26/><T60/><D60/><U35/><E124/><V93/><F20/><W116/><G122/><T104/><D104/><U44/><E44/><V77/><F56/><W99/><G123/><T82/><D88/><N who="1" m="55527" /><E33/><AGARI ba="0,0" hai="16,19,24,30,33,80,82,83" m="17417,49193" machi="33" ten="30,2000,0" yaku="19,1,54,1" doraHai="53" who="0" fromWho="1" sc="250,20,240,-20,250,0,260,0" /><INIT seed="2,0,0,0,5,132" ten="270,220,250,260" oya="2" hai0="89,61,26,4,118,82,69,2,113,123,133,67,51" hai1="115,65,101,40,8,56,1,13,55,66,135,38,93" hai2="7,106,96,111,73,103,126,44,59,131,72,24,119" hai3="86,5,36,62,120,28,3,128,75,116,74,29,71"/><V9/><F126/><W114/><G86/><T91/><D123/><U129/><E1/><V22/><F131/><W17/><G17/><T49/><D113/><U80/><E115/><V20/><F119/><W68/><G28/><T134/><D118/><U16/><E135/><N who="0" m="51721" /><D26/><U15/><E129/><V70/><F70/><W57/><G29/><T94/><D82/><U127/><E127/><V32/><F111/><W19/><G19/><T124/><D124/><U97/><E38/><V98/><F32/><W12/><G12/><T0/><D91/><U90/><E40/><V105/><F22/><W79/><G79/><T47/><D4/><U117/><E117/><V50/><F59/><W58/><G5/><T60/><D60/><U87/><REACH who="1" step="1"/><E13/><REACH who="1" ten="270,210,250,260" step="2"/><V107/><F98/><W85/><G3/><N who="0" m="1067" /><D47/><U46/><E46/><V10/><F7/><W48/><G116/><T6/><D6/><U77/><E77/><V112/><F112/><W53/><G114/><T41/><D41/><U11/><E11/><V78/><F9/><W63/><G128/><T37/><D37/><U100/><E100/><V83/><F10/><W102/><G102/><T92/><D89/><U21/><E21/><V122/><F122/><W130/><G120/><T33/><D33/><U25/><E25/><V88/><F88/><W52/><G130/><T18/><D18/><U42/><E42/><N who="2" m="24855" /><F72/><W43/><G43/><T110/><D110/><U81/><E81/><V108/><F108/><W14/><G36/><T125/><D125/><U39/><E39/><V121/><F121/><W104/><G74/><T34/><D34/><RYUUKYOKU ba="0,1" sc="270,10,210,10,250,10,260,-30" hai0="49,51,61,67,69,92,94" hai1="8,15,16,55,56,65,66,80,87,90,93,97,101" hai2="20,24,73,78,83,96,103,105,106,107" /><INIT seed="2,1,1,2,2,65" ten="280,220,260,230" oya="2" hai0="8,102,24,109,49,23,104,18,63,85,57,6,93" hai1="72,83,125,58,34,130,118,55,80,40,56,36,9" hai2="37,45,28,2,88,112,48,89,110,5,4,105,66" hai3="43,30,50,44,71,119,60,76,38,78,95,53,106"/><V16/><F112/><W54/><G106/><T47/><D109/><U132/><E118/><V122/><F122/><W100/><G119/><T87/><D104/><U113/><E113/><V70/><F110/><W10/><G30/><T15/><D93/><U73/><E34/><V35/><F37/><W127/><G127/><T115/><D102/><U128/><E9/><V39/><F39/><W14/><G100/><T86/><D115/><U22/><E22/><V32/><F2/><W3/><G3/><T123/><D123/><U67/><E67/><V25/><F35/><W116/><G95/><T13/><D13/><U120/><E120/><V52/><F105/><W108/><G108/><T91/><D91/><U69/><E132/><V101/><F101/><W124/><G124/><T103/><D103/><U19/><E19/><V74/><F74/><W64/><G116/><T135/><D135/><U117/><E117/><V90/><REACH who="2" step="1"/><F16/><REACH who="2" ten="280,220,250,230" step="2"/><W68/><G10/><T61/><REACH who="0" step="1"/><D57/><REACH who="0" ten="270,220,250,230" step="2"/><U29/><E125/><V131/><F131/><W17/><G14/><T59/><D59/><U107/><E107/><V111/><F111/><W82/><G44/><T126/><D126/><U99/><E56/><V79/><F79/><W41/><G76/><T92/><D92/><U20/><E128/><V62/><AGARI ba="1,3" hai="4,5,25,28,32,45,48,52,62,66,70,88,89,90" machi="62" ten="30,18000,2" yaku="1,1,0,1,52,1,54,2,53,1" doraHai="65" doraHaiUra="21" who="2" fromWho="2" sc="270,-61,220,-61,250,213,230,-61" /><INIT seed="2,2,0,4,3,113" ten="209,159,463,169" oya="2" hai0="127,22,69,115,59,119,1,8,31,118,6,121,104" hai1="131,45,5,92,123,77,51,75,44,100,4,122,48" hai2="79,73,85,20,106,124,87,78,102,120,7,43,2" hai3="111,80,30,105,70,116,36,11,53,97,91,46,3"/><V68/><F120/><W24/><G70/><T117/><D69/><U58/><E75/><V74/><F68/><W21/><G111/><T96/><D115/><U10/><E77/><N who="2" m="29195" /><F20/><W86/><G3/><T109/><D109/><U39/><E39/><V54/><F54/><W49/><G36/><T83/><D121/><N who="1" m="46091" /><E58/><V60/><F60/><W88/><G11/><T16/><D127/><U66/><E66/><V128/><F7/><N who="1" m="2633" /><E10/><V84/><F2/><W107/><REACH who="3" step="1"/><G116/><REACH who="3" ten="209,159,463,159" step="2"/><T108/><D108/><U71/><E71/><V129/><F124/><W82/><G82/><T34/><D83/><U41/><E131/><N who="2" m="50251" /><F43/><W99/><G99/><AGARI ba="2,1" hai="73,74,84,85,87,99,102,106" m="50251,29195" machi="99" ten="40,7700,0" yaku="19,1,34,2" doraHai="113" who="2" fromWho="3" sc="209,0,159,0,463,93,159,-83" /><INIT seed="2,3,0,3,5,92" ten="209,159,556,76" oya="2" hai0="71,46,80,47,124,77,51,69,87,119,54,52,127" hai1="108,135,45,2,34,126,14,123,131,101,74,97,122" hai2="0,13,60,7,16,40,29,133,111,4,56,23,117" hai3="99,79,114,63,53,57,37,19,50,18,26,75,67"/><V85/><F117/><W28/><G37/><T22/><D119/><U106/><RYUUKYOKU type="yao9" ba="3,0" sc="209,0,159,0,556,0,76,0" hai1="2,14,34,45,74,97,101,106,108,122,123,126,131,135" /><INIT seed="2,4,0,3,5,35" ten="209,159,556,76" oya="2" hai0="5,97,55,45,44,124,87,86,114,105,23,38,89" hai1="9,11,63,57,80,83,69,96,59,41,61,19,8" hai2="47,111,129,133,18,98,100,70,119,24,115,56,43" hai3="29,14,104,65,99,130,88,6,112,21,36,131,16"/><V78/><F115/><W39/><G112/><T101/><D114/><U120/><E69/><V72/><F129/><N who="3" m="49163" /><G104/><T27/><D124/><U93/><E41/><V54/><F133/><W102/><G102/><T0/><D38/><U13/><E120/><V51/><F119/><W90/><G29/><T73/><D73/><U2/><E2/><V113/><F113/><W17/><G65/><T85/><D5/><U52/><E80/><V132/><F132/><W49/><G49/><T12/><D12/><U33/><E83/><V1/><F1/><W127/><G127/><T50/><D44/><U3/><E33/><V117/><F47/><W32/><G32/><T15/><D15/><U81/><E81/><V68/><F24/><N who="3" m="14375" /><G6/><T64/><D64/><N who="1" m="38959" /><E3/><V71/><F51/><W66/><G66/><T31/><REACH who="0" step="1"/><D0/><REACH who="0" ten="199,159,556,76" step="2"/><U107/><E107/><N who="2" m="63895" /><F72/><W116/><G116/><T25/><D25/><U121/><E121/><V126/><F117/><W109/><G109/><T125/><D125/><U92/><E92/><AGARI ba="4,1" hai="23,27,31,45,50,55,85,86,87,89,92,97,101,105" machi="92" ten="30,2000,0" yaku="1,1,7,1,53,0" doraHai="35" doraHaiUra="79" who="0" fromWho="1" sc="199,42,159,-32,556,0,76,0" /><INIT seed="3,0,0,3,3,61" ten="241,127,556,76" oya="3" hai0="59,16,30,105,80,22,89,20,113,49,23,102,42" hai1="81,35,95,87,120,39,45,132,19,75,58,54,116" hai2="73,108,9,118,93,55,119,69,82,34,6,96,27" hai3="72,44,85,77,56,66,100,51,129,26,92,76,8"/><W52/><G72/><T106/><D102/><U103/><E120/><V70/><F108/><W125/><G129/><T64/><D113/><U50/><E35/><V60/><F55/><W36/><G125/><T65/><D30/><U24/><E75/><V79/><F60/><N who="3" m="38151" /><G36/><T41/><D16/><U21/><E132/><V71/><F27/><W112/><G112/><T47/><D105/><U62/><E39/><V83/><F34/><W131/><G131/><T2/><D2/><U13/><E116/><V14/><REACH who="2" step="1"/><F83/><REACH who="2" ten="241,127,546,76" step="2"/><W5/><G26/><T53/><D80/><U57/><E24/><V43/><F43/><W46/><G46/><T135/><D135/><U3/><E45/><V99/><F99/><N who="3" m="59495" /><G85/><T63/><D106/><U28/><E87/><V88/><AGARI ba="0,1" hai="6,9,14,69,70,71,73,79,82,88,93,96,118,119" machi="88" ten="30,4000,0" yaku="1,1,0,1,54,1,53,0" doraHai="61" doraHaiUra="17" who="2" fromWho="2" sc="241,-10,127,-10,546,50,76,-20" owari="231,3.1,117,-28.3,596,69.6,56,-44.4" /></mjloggm>