<mjloggm ver="2.3"><GO type="225" lobby="0"/><UN n0="%E6%A0%B9%E5%85%83%E3%81%8B%E3%82%89%E5%90%B9%E3%81%A3%E9%A3%9B%E3%81%B6" n1="%E3%83%B4%E3%83%A0%EF%BC%99%E3%81%A6" n2="%E3%81%AF%E3%82%88%E3%81%8A%E3%81%98%E3%81%95%E3%82%93" n3="%E2%91%A3%E9%81%BF%E9%81%8A%E6%88%AF%E3%80%90%E6%9D%B1%E5%8D%97%E3%80%91" dan="17,17,16,16" rate="2217.86,2181.28,2142.11,2131.55" sx="F,M,M,M"/><TAIKYOKU oya="0"/><INIT seed="0,0,0,3,4,33" ten="250,250,250,250" oya="0" hai0="56,78,105,114,53,19,90,117,133,65,26,132,119" hai1="112,20,95,24,58,23,2,15,108,48,103,135,44" hai2="5,120,31,36,64,79,126,125,55,107,97,98,118" hai3="74,27,38,84,116,113,83,61,32,1,25,21,131"/><T115/><D105/><U6/><E108/><V91/><F36/><W49/><G116/><N who="0" m="44619" /><D78/><U45/><E135/><N who="0" m="51785" /><D90/><U73/><E73/><V59/><F118/><W85/><G74/><T106/><D106/><U54/><E112/><N who="0" m="43049" /><D26/><U11/><E15/><V96/><F79/><W86/><G27/><T111/><D19/><U80/><E80/><V67/><F31/><W39/><G83/><T94/><D94/><U128/><E24/><V68/><F107/><W99/><G99/><T110/><D65/><U66/><E66/><V40/><F91/><W75/><G75/><T100/><D100/><U29/><E95/><V52/><F97/><W104/><G104/><T14/><D14/><U122/><E103/><V50/><F98/><W51/><G86/><T35/><D35/><U46/><E29/><V62/><F96/><W87/><G32/><T69/><D69/><U77/><E77/><V43/><F67/><W127/><G87/><T134/><N who="0" m="51793" /><T82/><DORA hai="101" /><D82/><U92/><E92/><V109/><F68/><W8/><G85/><T76/><D76/><U7/><E20/><V47/><F64/><W34/><G21/><T102/><D102/><U13/><E23/><V130/><F5/><W81/><G25/><T121/><D121/><U89/><E122/><V3/><F120/><W70/><G84/><T72/><D72/><U42/><E89/><V71/><F71/><W63/><G70/><T18/><D18/><U10/><E7/><V93/><F93/><W22/><G81/><T9/><D9/><U129/><E11/><V88/><F88/><W16/><G113/><RYUUKYOKU ba="0,0" sc="250,30,250,-10,250,-10,250,-10" hai0="53,56,110,111" /><INIT seed="0,1,0,5,3,112" ten="280,240,240,240" oya="0" hai0="127,134,5,96,41,86,69,76,67,71,74,21,92" hai1="30,131,11,73,57,54,75,44,12,63,120,38,55" hai2="108,4,105,0,97,47,114,88,107,117,22,91,39" hai3="98,85,90,79,93,84,45,28,14,78,35,10,59"/><T25/><D127/><U128/><E120/><V70/><F114/><W15/><G35/><T42/><D74/><U111/><E111/><V130/><F70/><W29/><G15/><T118/><D5/><U33/><E30/><V37/><F108/><W129/><G59/><T109/><D118/><U110/><E33/><V77/><F77/><W46/><G129/><N who="1" m="49738" /><E110/><V94/><F130/><W50/><G45/><T66/><D134/><U3/><E3/><V23/><F117/><W80/><G85/><T13/><D13/><U18/><E38/><V32/><F32/><W19/><REACH who="3" step="1"/><G79/><REACH who="3" ten="280,240,240,230" step="2"/><T135/><D86/><U126/><E126/><V64/><F47/><W132/><G132/><T121/><D76/><U24/><E24/><V68/><F68/><W17/><G17/><T106/><D71/><U81/><E81/><V101/><F4/><W56/><G56/><T65/><D69/><U122/><E122/><V89/><F0/><W8/><G8/><T43/><D109/><U83/><E83/><V51/><F22/><W133/><G133/><T116/><D121/><U48/><AGARI ba="1,1" hai="11,12,18,44,48,54,55,57,63,73,75" m="49738" machi="48" ten="30,1100,0" yaku="19,1" doraHai="112" who="1" fromWho="1" sc="280,-6,240,24,240,-4,230,-4" /><INIT seed="1,0,0,1,1,54" ten="274,264,236,226" oya="1" hai0="62,83,114,127,15,6,61,128,20,85,27,19,1" hai1="63,111,46,89,56,49,78,122,2,7,125,32,101" hai2="40,90,30,58,51,14,53,119,25,88,67,17,102" hai3="37,12,103,115,126,107,109,28,29,87,9,18,35"/><U130/><E122/><V57/><F119/><W68/><G115/><T98/><D127/><U45/><E32/><V16/><F40/><W73/><G126/><T34/><D128/><U123/><E123/><V75/><F75/><W118/><G73/><T23/><D114/><U64/><E125/><V71/><F71/><W100/><G118/><T104/><D104/><U70/><E130/><V72/><F72/><W69/><G37/><T26/><D98/><U42/><E78/><V94/><F102/><W11/><G107/><T77/><D34/><U8/><E111/><V5/><F5/><W81/><G35/><T135/><D1/><U59/><E101/><V91/><F94/><W95/><G69/><T36/><D36/><U124/><E124/><V52/><F67/><W74/><G68/><T44/><D44/><U113/><E113/><V31/><F25/><W86/><G74/><T21/><D6/><U3/><E3/><V110/><F110/><W82/><G109/><T0/><D0/><U96/><E96/><V80/><F80/><W97/><G11/><N who="0" m="6655" /><D135/><U39/><REACH who="1" step="1"/><E89/><REACH who="1" ten="274,254,236,226" step="2"/><V121/><F121/><W84/><G103/><T92/><D77/><U99/><E99/><V120/><F120/><W43/><G97/><T41/><D27/><U22/><E22/><N who="2" m="11543" /><F17/><W24/><G100/><T132/><D26/><U65/><E65/><V79/><F79/><W66/><G24/><T60/><D21/><U33/><E33/><V129/><F129/><W108/><G66/><T131/><D23/><U4/><E4/><V48/><AGARI ba="0,1" hai="30,31,48,51,52,53,57,58,88,90,91" m="11543" machi="48" ten="30,12000,2" yaku="8,1,52,2,54,3" doraHai="54" who="2" fromWho="2" sc="274,-30,254,-60,236,130,226,-30" /><INIT seed="2,0,0,3,4,37" ten="244,194,366,196" oya="2" hai0="42,67,40,123,116,35,130,15,76,11,79,135,100" hai1="101,24,103,77,109,44,111,51,88,72,1,14,91" hai2="60,112,81,18,95,55,25,129,63,49,29,84,23" hai3="71,82,7,104,17,65,31,20,115,114,89,85,132"/><V66/><F129/><W80/><G104/><T47/><D123/><U113/><E1/><V68/><F112/><W34/><G7/><T30/><D135/><U99/><E113/><V64/><F95/><W3/><G3/><T32/><D67/><U19/><E24/><V56/><F29/><W62/><G132/><T6/><D116/><U92/><E77/><V28/><F28/><W2/><G2/><T53/><D100/><U33/><E33/><V21/><F23/><W26/><REACH who="3" step="1"/><G82/><REACH who="3" ten="244,194,366,186" step="2"/><T45/><D6/><U58/><E109/><V9/><F81/><W87/><G87/><T69/><D35/><U125/><E111/><V93/><F84/><W105/><G105/><T121/><D32/><U98/><E125/><V120/><F120/><W127/><G127/><T83/><D83/><U8/><E72/><V134/><F134/><W73/><G73/><T61/><D121/><U133/><E133/><V119/><F119/><W106/><G106/><T128/><D128/><U27/><E27/><AGARI ba="0,1" hai="17,20,26,27,31,34,62,65,71,80,85,89,114,115" machi="27" ten="40,1300,0" yaku="1,1,53,0" doraHai="37" doraHaiUra="43" who="3" fromWho="1" sc="244,0,194,-13,366,0,186,23" /><INIT seed="3,0,0,0,1,69" ten="244,181,366,209" oya="3" hai0="91,39,17,35,89,96,88,6,61,112,59,95,130" hai1="116,46,78,18,21,9,103,106,41,132,101,49,135" hai2="12,56,73,125,55,83,127,111,30,114,124,102,108" hai3="24,99,68,0,115,34,29,72,7,80,92,37,43"/><W14/><G14/><T50/><D39/><U85/><E116/><V122/><F114/><W4/><G115/><T94/><D35/><U134/><E9/><V118/><F118/><W22/><G68/><T26/><D6/><U54/><E106/><V31/><F102/><W15/><G72/><T79/><D79/><U64/><E64/><V104/><F104/><W2/><G80/><T121/><D130/><U48/><E78/><N who="2" m="44495" /><F12/><W3/><G43/><T10/><D121/><U110/><E85/><V5/><F5/><W66/><G37/><T47/><D95/><U76/><E76/><V19/><F19/><W113/><G66/><N who="0" m="39231" /><D10/><U20/><E20/><V8/><F8/><W90/><REACH who="3" step="1"/><G113/><REACH who="3" ten="244,181,366,199" step="2"/><T117/><D112/><U53/><E110/><N who="2" m="42027" /><F122/><W25/><G25/><T32/><D26/><N who="1" m="14647" /><E41/><V123/><F123/><W120/><G120/><T45/><D117/><U126/><E126/><V82/><F82/><W62/><G62/><AGARI ba="0,1" hai="30,31,55,56,62,124,125,127" m="42027,44495" machi="62" ten="40,2600,0" yaku="18,1,14,1" doraHai="69" who="2" fromWho="3" sc="244,0,181,0,366,36,199,-26" owari="244,4.4,181,-21.9,402,50.2,173,-32.7" /></mjloggm>