<mjloggm ver="2.3"><GO type="225" lobby="0"/><UN n0="%E9%80%86%E9%80%A3%E5%B8%AF%E3%81%AE%E9%AC%BC" n1="%E5%B6%BA%E4%B8%8A%E5%92%B2" n2="%E3%81%8B%E3%82%8F%E3%81%A1%E3%82%83%E3%82%93%35%38" n3="%E3%81%B2%E3%81%AA%E3%81%AE%E3%82%8A%E3%81%8F" dan="16,16,17,17" rate="2108.62,2116.91,2126.99,2143.93" sx="M,F,M,M"/><TAIKYOKU oya="0"/><INIT seed="0,0,0,0,2,132" ten="250,250,250,250" oya="0" hai0="122,114,112,124,69,7,117,12,42,80,99,77,73" hai1="39,34,31,107,35,116,2,37,125,63,110,8,5" hai2="108,49,133,62,94,24,72,135,9,4,43,95,36" hai3="50,16,61,106,92,128,15,90,46,104,85,48,98"/><T103/><D69/><U82/><E116/><V83/><F108/><W64/><G128/><T74/><D42/><U91/><E110/><V53/><F62/><W21/><G98/><T25/><D117/><U115/><E115/><V59/><F24/><W131/><G131/><T130/><D130/><U3/><E91/><V14/><F36/><N who="1" m="13897" /><E82/><V17/><F43/><W29/><G29/><T88/><D25/><N who="1" m="18799" /><E63/><V23/><F83/><W81/><G92/><T109/><D109/><U20/><E20/><V93/><REACH who="2" step="1"/><F72/><REACH who="2" ten="250,250,240,250" step="2"/><W60/><G61/><T55/><D74/><U40/><E35/><V19/><F19/><W70/><REACH who="3" step="1"/><G50/><REACH who="3" ten="250,250,240,240" step="2"/><T47/><D114/><U6/><E40/><AGARI ba="0,2" hai="15,16,21,40,46,48,60,64,70,81,85,90,104,106" machi="40" ten="30,7700,0" yaku="1,1,2,1,7,1,54,1,53,0" doraHai="132" doraHaiUra="118" who="3" fromWho="1" sc="250,0,250,-77,240,0,240,97" /><INIT seed="1,0,0,3,1,75" ten="250,173,240,337" oya="1" hai0="86,41,52,7,34,100,5,3,64,33,83,65,120" hai1="53,42,93,22,110,122,109,46,60,13,78,124,89" hai2="111,79,119,129,104,36,24,30,6,45,20,51,47" hai3="99,57,15,92,25,74,8,132,21,73,58,98,2"/><U55/><E122/><V27/><F119/><W114/><G2/><T19/><D120/><U101/><E124/><V44/><F111/><N who="1" m="42505" /><E101/><V127/><F127/><W63/><G114/><T23/><D41/><U95/><E78/><V123/><F123/><W82/><G132/><T72/><D72/><U126/><E126/><V68/><F129/><W61/><G82/><T70/><D100/><U76/><E76/><V14/><F104/><W125/><G74/><T103/><D103/><U67/><E22/><N who="2" m="15639" /><F68/><W49/><G73/><T56/><D34/><U112/><E13/><V35/><F36/><W38/><G38/><T134/><D33/><U10/><E10/><N who="2" m="4439" /><F79/><W66/><G125/><T1/><D1/><U28/><E28/><N who="2" m="17511" /><F35/><W40/><G40/><AGARI ba="0,0" hai="40,44,45,47,51" m="17511,4439,15639" machi="40" ten="30,1000,0" yaku="8,1" doraHai="75" who="2" fromWho="3" sc="250,0,173,0,240,10,337,-10" /><INIT seed="2,0,0,5,2,47" ten="250,173,250,327" oya="2" hai0="0,23,85,75,83,126,68,6,131,117,118,80,48" hai1="32,76,72,73,135,12,41,8,129,14,43,134,89" hai2="51,17,109,77,27,122,133,112,102,18,95,42,103" hai3="87,116,113,24,13,35,104,121,20,114,110,130,67"/><V56/><F112/><W44/><G116/><T84/><D68/><U21/><E32/><V7/><F122/><W69/><G104/><T15/><D75/><U53/><E129/><V127/><F127/><W125/><G121/><T58/><D0/><U78/><E21/><V88/><F133/><N who="1" m="50697" /><E89/><V59/><F109/><W45/><G130/><T36/><D126/><U9/><E53/><N who="2" m="31807" /><F77/><N who="1" m="29801" /><E12/><V81/><F81/><W49/><G110/><T66/><D131/><U52/><E52/><V16/><F42/><N who="1" m="15881" /><E14/><V124/><F124/><W132/><G13/><T1/><D15/><U98/><E98/><N who="2" m="57703" /><F7/><W34/><G125/><T94/><D6/><U2/><E2/><V79/><F79/><W107/><G132/><T25/><D1/><U86/><E86/><V38/><F38/><W28/><G35/><T111/><D36/><U3/><E3/><V26/><F59/><W54/><G34/><T30/><D111/><U101/><E101/><AGARI ba="0,0" hai="16,17,18,26,27,101,102,103" m="57703,31807" machi="101" ten="30,11600,0" yaku="8,1,52,1,54,2" doraHai="47" who="2" fromWho="1" sc="250,0,173,-116,250,116,327,0" /><INIT seed="2,1,0,2,4,79" ten="250,57,366,327" oya="2" hai0="98,8,106,84,31,109,80,13,133,112,124,131,26" hai1="2,23,19,41,89,29,68,101,78,1,55,44,74" hai2="48,125,67,12,39,59,115,127,87,30,81,22,120" hai3="75,121,111,135,72,53,95,88,66,15,86,73,110"/><V49/><F39/><W25/><G121/><T5/><D133/><U16/><E68/><V58/><F120/><W9/><G135/><T20/><D131/><U63/><E101/><V65/><F115/><W24/><G66/><T3/><D124/><N who="2" m="47690" /><F58/><W64/><G64/><N who="2" m="24649" /><F59/><W43/><G43/><T123/><D109/><N who="3" m="41481" /><G53/><T45/><D123/><U35/><E55/><V37/><F37/><W92/><G92/><T100/><D112/><U28/><E89/><V122/><F122/><W71/><G71/><T134/><D134/><U47/><E23/><V10/><F22/><W94/><G94/><T91/><REACH who="0" step="1"/><D45/><REACH who="0" ten="240,57,366,327" step="2"/><U105/><E47/><V116/><F116/><W4/><AGARI ba="1,1" hai="4,9,15,24,25,72,73,75,86,88,95" m="41481" machi="4" ten="40,2700,0" yaku="14,1,54,1" doraHai="79" who="3" fromWho="3" sc="240,-8,57,-8,366,-14,327,40" /><INIT seed="3,0,0,5,4,121" ten="232,49,352,367" oya="3" hai0="20,0,69,120,63,94,23,60,42,68,123,12,50" hai1="130,134,35,79,26,30,31,92,89,24,98,13,61" hai2="41,17,78,37,16,122,105,71,34,106,124,21,116" hai3="65,3,75,108,46,117,5,125,95,11,126,70,135"/><W77/><G117/><T96/><D0/><U72/><E130/><V10/><F116/><W100/><G108/><T64/><D42/><U91/><E134/><V99/><F34/><W7/><G135/><T81/><D81/><U67/><E72/><V82/><F71/><W118/><G118/><T114/><D114/><U39/><E39/><V2/><F99/><N who="3" m="59519" /><G7/><T133/><D133/><U15/><E79/><V93/><F93/><W29/><G29/><T85/><D85/><U6/><E6/><N who="2" m="1367" /><F124/><N who="3" m="47723" /><G46/><T107/><D107/><N who="2" m="40970" /><F21/><W40/><G40/><T45/><D69/><U86/><E35/><V43/><F43/><W90/><G90/><T52/><D63/><U97/><E61/><V57/><F57/><W49/><G49/><T8/><D123/><U113/><E67/><V55/><F55/><W54/><G54/><T59/><D68/><U76/><E92/><V110/><F122/><W109/><G109/><T48/><D48/><U66/><E113/><V115/><F115/><W119/><G119/><T38/><D38/><U103/><E66/><V132/><F110/><W18/><G18/><T83/><D83/><U19/><E103/><V128/><F132/><W56/><G70/><T80/><D80/><U102/><E102/><V28/><F28/><W9/><G9/><T84/><D84/><U25/><E86/><N who="2" m="48471" /><F128/><W129/><G129/><T112/><D112/><U32/><E32/><V1/><F1/><W44/><G44/><T27/><D120/><U131/><E131/><V33/><F33/><W36/><G77/><T73/><D64/><U104/><E76/><V88/><F88/><RYUUKYOKU ba="0,0" sc="232,-10,49,-10,352,30,367,-10" hai2="16,17,37,41" owari="222,-17.8,39,-46.1,382,48.2,357,15.7" /></mjloggm>