<mjloggm ver="2.3"><GO type="225" lobby="0"/><UN n0="%E3%81%AF%E3%82%88%E3%81%8A%E3%81%98%E3%81%95%E3%82%93" n1="%E3%82%B2%E3%82%B9%E8%8C%82%E5%8B%9D" n2="%E5%B0%8F%E9%B3%A5%E9%81%8A%E7%B7%B4%E7%84%A1%32%31%E6%AD%B3" n3="%E7%B4%94%E6%BD%94%E3%83%94%E3%83%A9%E3%83%8B%E3%82%A2" dan="17,16,16,16" rate="2172.80,2119.93,2141.81,2145.94" sx="M,F,F,M"/><TAIKYOKU oya="0"/><INIT seed="0,0,0,3,1,76" ten="250,250,250,250" oya="0" hai0="13,34,9,56,99,7,129,19,49,4,25,114,97" hai1="0,54,45,133,38,36,124,11,43,17,121,108,89" hai2="41,109,59,77,131,72,39,85,119,105,33,48,52" hai3="2,30,128,104,79,10,8,64,98,32,117,20,63"/><T44/><D114/><U115/><E17/><V90/><F33/><W87/><G117/><T112/><D112/><U102/><E89/><V123/><F119/><W83/><G128/><T27/><D129/><U92/><E92/><V66/><F105/><W53/><G53/><T96/><D56/><U78/><E78/><V134/><F109/><W16/><G2/><T3/><D34/><U15/><E102/><V26/><F26/><N who="0" m="9738" /><D3/><U70/><E15/><V62/><F134/><W1/><G1/><T113/><D113/><U122/><E11/><V12/><F12/><W42/><G42/><AGARI ba="0,0" hai="4,7,9,13,19,42,44,49,96,97,99" m="9738" machi="42" ten="30,1500,0" yaku="8,1" doraHai="76" who="0" fromWho="3" sc="250,15,250,0,250,0,250,-15" /><INIT seed="0,1,0,0,0,37" ten="265,250,250,235" oya="0" hai0="65,73,107,91,84,6,101,3,117,134,4,95,56" hai1="39,50,115,82,55,77,89,113,10,46,53,29,96" hai2="92,87,23,109,97,17,76,38,102,15,20,114,51" hai3="63,35,1,86,57,127,49,129,104,48,79,135,70"/><T120/><D120/><U72/><E39/><V14/><F38/><W45/><G1/><T66/><D117/><U58/><E29/><V119/><F109/><W100/><G127/><T52/><D73/><U19/><E96/><V118/><F114/><N who="1" m="43529" /><E89/><V130/><F130/><W43/><G129/><T126/><D126/><U16/><E10/><V26/><F51/><AGARI ba="1,0" hai="16,19,46,50,51,53,55,58,72,77,82" m="43529" machi="51" ten="30,2000,0" yaku="11,1,54,1" doraHai="37" who="1" fromWho="2" sc="265,0,250,23,250,-23,235,0" /><INIT seed="1,0,0,4,1,21" ten="265,273,227,235" oya="1" hai0="124,44,101,46,9,28,58,117,43,50,106,77,114" hai1="18,35,2,0,125,81,105,53,108,100,66,13,4" hai2="116,24,63,111,79,23,115,103,123,32,128,122,118" hai3="70,73,42,99,90,34,37,93,69,22,26,82,8"/><U130/><E130/><V134/><F79/><W98/><G34/><T60/><D114/><U68/><E125/><V64/><F103/><W10/><G69/><T72/><D117/><N who="2" m="45162" /><F128/><W89/><G70/><T104/><D124/><U7/><E35/><V95/><F95/><W78/><G37/><T85/><D72/><U25/><E25/><V133/><F63/><W86/><G42/><T121/><D121/><N who="2" m="46090" /><F32/><W40/><G40/><T29/><D101/><U12/><E100/><V3/><F64/><W74/><G74/><T49/><D104/><U94/><E105/><V135/><F3/><W75/><G73/><T39/><D106/><U45/><E94/><V33/><F33/><W59/><G59/><T92/><D39/><U57/><E81/><V61/><F61/><W1/><G1/><T112/><D77/><U76/><E76/><V131/><F131/><W88/><G75/><T6/><D85/><U11/><E68/><V5/><F5/><W47/><G47/><T97/><D97/><N who="3" m="36873" /><G93/><T30/><D92/><U102/><E45/><V119/><N who="2" m="45170" /><V91/><DORA hai="96" /><F91/><N who="3" m="23299" /><W51/><DORA hai="48" /><G51/><T19/><D49/><U15/><E2/><V17/><F111/><W56/><G56/><T65/><D46/><U129/><E108/><V132/><N who="2" m="33792" /><DORA hai="67" /><V27/><F115/><W126/><G126/><T52/><D112/><U87/><E4/><V16/><F23/><W62/><G62/><T38/><D6/><U71/><E7/><V80/><F80/><W55/><G55/><T14/><D38/><U54/><E53/><AGARI ba="0,0" hai="9,14,19,28,29,30,43,44,50,52,53,58,60,65" machi="53" ten="40,8000,1" yaku="8,1,52,2,54,1" doraHai="21,96,48,67" who="0" fromWho="1" sc="265,80,273,-80,227,0,235,0" /><INIT seed="2,0,0,0,3,97" ten="345,193,227,235" oya="2" hai0="54,135,81,43,1,125,63,35,53,38,37,131,75" hai1="4,5,65,20,46,85,123,2,62,134,44,55,90" hai2="56,129,22,17,102,93,51,76,109,58,117,23,27" hai3="31,92,3,101,18,45,39,118,57,30,119,10,32"/><V11/><F117/><W124/><G57/><T21/><D35/><U40/><E134/><V105/><F105/><W36/><G124/><T9/><D125/><U74/><E123/><V83/><F109/><W42/><G39/><T48/><D135/><U77/><E74/><V26/><F129/><W61/><G61/><T133/><D133/><U84/><E77/><V28/><F11/><W8/><G8/><T89/><D131/><U98/><E98/><N who="2" m="59727" /><F51/><W12/><G3/><T19/><D43/><U95/><E84/><AGARI ba="0,0" hai="17,22,23,26,27,28,56,58,76,83,84" m="59727" machi="84" ten="30,2900,0" yaku="8,1,52,1" doraHai="97" who="2" fromWho="1" sc="345,0,193,-29,227,29,235,0" /><INIT seed="2,1,0,0,2,90" ten="345,164,256,235" oya="2" hai0="79,44,3,91,54,75,108,92,126,56,118,32,45" hai1="84,5,117,87,104,131,25,59,64,61,130,55,103" hai2="31,65,22,21,20,122,47,121,60,35,66,73,107" hai3="29,53,77,9,52,58,106,94,109,132,116,57,6"/><V128/><F73/><W119/><G106/><T123/><D123/><U112/><E112/><V105/><F128/><W48/><G109/><T26/><D3/><U81/><E117/><V42/><F35/><W23/><G132/><T114/><D114/><U101/><E5/><V80/><F80/><W71/><G71/><T129/><D108/><U18/><E87/><V49/><F31/><W124/><G124/><T83/><D129/><N who="1" m="49163" /><E104/><V70/><F65/><W8/><G77/><T33/><D126/><U30/><E18/><V88/><F107/><W16/><G29/><T100/><D100/><U36/><E36/><V15/><F105/><W14/><G94/><T125/><D118/><U24/><E24/><V41/><F15/><W10/><REACH who="3" step="1"/><G6/><REACH who="3" ten="345,164,256,225" step="2"/><T72/><D92/><U96/><E96/><V120/><F70/><W17/><G17/><T78/><D79/><N who="1" m="46143" /><E64/><V1/><F66/><W46/><G46/><T135/><D44/><U95/><E95/><V28/><F121/><W11/><N who="3" m="2048" /><DORA hai="62" /><W76/><G76/><T99/><D45/><U39/><E39/><V19/><F47/><W7/><G7/><T115/><D78/><U67/><E55/><V93/><F19/><W51/><AGARI ba="1,1" hai="14,16,23,48,51,52,53,57,58,116,119" m="2048" machi="51" ten="40,12000,2" yaku="1,1,0,1,9,1,54,2,53,1" doraHai="90,62" doraHaiUra="40,13" who="3" fromWho="3" sc="345,-31,164,-31,256,-61,225,133" /><INIT seed="3,0,0,5,0,61" ten="314,133,195,358" oya="3" hai0="0,44,99,49,43,131,7,86,50,64,127,121,25" hai1="62,60,82,65,57,124,125,29,36,58,68,132,94" hai2="27,18,104,33,13,92,72,69,10,134,118,105,128" hai3="9,96,129,28,84,17,52,89,4,32,114,80,116"/><W8/><G114/><T24/><D121/><U15/><E82/><V14/><F72/><W126/><G129/><T97/><D131/><U42/><E29/><V30/><F118/><W53/><G126/><N who="1" m="48746" /><E15/><V22/><F128/><W106/><G116/><T59/><D127/><U91/><E94/><V21/><F69/><W75/><G75/><T11/><D86/><U113/><E91/><V135/><F92/><W12/><G32/><T76/><D76/><U90/><E90/><V54/><F54/><W55/><G28/><T31/><D50/><U45/><E113/><V6/><F105/><W34/><G34/><T102/><D99/><U70/><E132/><N who="2" m="50731" /><F104/><W20/><G4/><T46/><D44/><U74/><E74/><V87/><F87/><W108/><G108/><T110/><D110/><U16/><E16/><N who="2" m="10383" /><F6/><W71/><G71/><T107/><REACH who="0" step="1"/><D31/><REACH who="0" ten="304,133,195,358" step="2"/><U120/><E120/><V100/><F100/><W103/><AGARI ba="0,1" hai="8,9,12,17,20,52,53,55,80,84,89,96,103,106" machi="103" ten="30,3000,0" yaku="0,1,54,1" doraHai="61" who="3" fromWho="3" sc="304,-10,133,-10,195,-10,358,40" owari="294,9.4,123,-37.7,185,-21.5,398,49.8" /></mjloggm>