<mjloggm ver="2.3"><GO type="225" lobby="0"/><UN n0="%48%61%61%61%6C%61%6E%64" n1="%E4%BF%BA%E3%81%A8%E5%A6%96%E5%A4%A2" n2="%E3%82%BC%E3%83%AB%E3%83%80%E3%81%AE%E4%BC%9D%E8%AA%AC" n3="%E3%80%93%E3%81%97%E3%83%BC%E3%82%89%E3%80%93" dan="18,17,18,16" rate="2212.76,2158.60,2189.71,2146.35" sx="M,F,M,M"/><TAIKYOKU oya="0"/><INIT seed="0,0,0,2,3,85" ten="250,250,250,250" oya="0" hai0="91,64,94,129,19,65,124,20,31,61,42,90,34" hai1="44,96,78,89,29,36,45,18,3,132,133,49,120" hai2="5,121,52,68,9,67,35,46,95,135,39,115,81" hai3="30,66,73,37,11,107,99,4,87,113,56,47,63"/><T110/><D124/><U76/><E120/><V122/><F115/><W8/><G73/><T86/><D129/><U72/><E3/><V60/><F35/><W80/><G113/><T101/><D110/><U24/><E36/><V27/><F135/><N who="1" m="51785" /><E18/><V59/><F27/><W41/><G30/><T1/><D1/><U92/><E72/><V100/><F81/><W112/><G112/><T111/><D111/><U125/><E125/><V114/><F114/><W55/><G107/><T54/><D101/><U127/><E127/><V22/><F22/><W103/><G99/><N who="0" m="57815" /><D42/><N who="1" m="24727" /><E45/><V104/><F104/><W128/><G103/><T14/><D34/><AGARI ba="0,0" hai="24,29,34,76,78,89,92,96" m="24727,51785" machi="34" ten="30,2000,0" yaku="20,1,52,1" doraHai="85" who="1" fromWho="0" sc="250,-20,250,20,250,0,250,0" /><INIT seed="1,0,0,0,3,39" ten="230,270,250,250" oya="1" hai0="127,135,70,33,101,109,58,49,64,83,113,40,62" hai1="132,9,86,110,43,126,28,8,134,61,111,14,51" hai2="106,95,55,18,59,42,57,67,37,94,99,36,92" hai3="114,84,128,124,68,3,88,38,21,130,121,10,81"/><U123/><E123/><V97/><F67/><W125/><G68/><T93/><D113/><U44/><E126/><N who="3" m="48746" /><G38/><T17/><D127/><U105/><E105/><V133/><F133/><N who="1" m="51305" /><E28/><V80/><F106/><W89/><G114/><T7/><D135/><U71/><E86/><V13/><F80/><W25/><G121/><T29/><D109/><N who="1" m="41483" /><E14/><V72/><F72/><W1/><G89/><T108/><D108/><U119/><E119/><V35/><F35/><W90/><G90/><T19/><D29/><U23/><E23/><V69/><F13/><W78/><G78/><T45/><D33/><U12/><E12/><V30/><F30/><N who="3" m="17711" /><G10/><T102/><D102/><U77/><E77/><V11/><F11/><W129/><AGARI ba="0,0" hai="1,3,81,84,88,128,129,130" m="17711,48746" machi="129" ten="40,5200,0" yaku="19,1,18,1,54,1" doraHai="39" who="3" fromWho="3" sc="230,-13,270,-26,250,-13,250,52" /><INIT seed="2,0,0,5,0,30" ten="217,244,237,302" oya="2" hai0="32,118,33,76,95,125,48,22,86,103,97,61,96" hai1="66,85,50,134,90,92,63,104,130,55,72,71,79" hai2="126,68,120,117,13,110,6,58,73,78,119,82,39" hai3="109,127,107,51,21,129,133,87,40,52,62,91,7"/><V131/><F68/><W93/><G107/><T114/><D114/><U132/><E104/><V17/><F120/><W42/><G127/><T47/><D125/><U53/><E130/><V128/><F126/><W80/><G129/><N who="2" m="49737" /><F39/><W27/><G133/><N who="1" m="51306" /><E50/><V122/><F122/><W67/><G7/><T4/><D118/><N who="2" m="45066" /><F110/><W29/><G109/><T14/><D61/><U5/><E5/><V94/><F94/><W10/><G10/><T99/><D103/><U59/><E71/><V123/><F123/><W56/><REACH who="3" step="1"/><G93/><REACH who="3" ten="217,244,237,292" step="2"/><T41/><D95/><U25/><E25/><V15/><F6/><W135/><G135/><T113/><D113/><U116/><E116/><V36/><F36/><W98/><G98/><T84/><D4/><U57/><E92/><V102/><F13/><W101/><G101/><T75/><D14/><U77/><E72/><V18/><F102/><W31/><G31/><T26/><D75/><U38/><E38/><V88/><F15/><W89/><G89/><T60/><D97/><U100/><E100/><V9/><F88/><W83/><G83/><T81/><D96/><U45/><E90/><V35/><F9/><W46/><AGARI ba="0,1" hai="21,27,29,40,42,46,51,52,56,62,67,80,87,91" machi="46" ten="20,12000,2" yaku="1,1,0,1,7,1,8,1,54,1,53,1" doraHai="30" doraHaiUra="44" who="3" fromWho="3" sc="217,-30,244,-30,237,-60,292,130" /><INIT seed="3,0,0,1,2,45" ten="187,214,177,422" oya="3" hai0="94,51,124,81,106,16,70,57,30,31,120,123,75" hai1="78,40,54,110,15,47,77,44,3,118,80,76,105" hai2="2,84,95,89,128,33,64,74,97,117,60,66,93" hai3="113,1,69,111,24,29,107,127,13,63,56,14,126"/><W82/><G107/><T87/><D106/><U53/><E3/><V12/><F117/><W9/><G69/><T129/><D70/><U67/><E105/><V49/><F2/><W85/><G111/><T35/><D75/><U34/><E34/><V91/><F128/><W100/><G100/><T133/><D129/><U122/><E122/><V32/><F74/><W115/><G1/><T68/><D68/><U7/><E110/><V17/><F49/><W37/><G37/><T27/><D124/><U135/><E135/><V96/><F84/><W119/><G119/><T88/><D133/><U79/><E67/><V61/><F12/><W101/><G101/><T23/><D123/><U134/><E134/><V46/><F46/><N who="1" m="17449" /><E40/><V39/><REACH who="2" step="1"/><F17/><REACH who="2" ten="187,214,167,422" step="2"/><W4/><G14/><T18/><D120/><U90/><E118/><V83/><F83/><W116/><G13/><T50/><D50/><U6/><E15/><V65/><F65/><W25/><G116/><T130/><D130/><U55/><N who="1" m="19456" /><DORA hai="108" /><U36/><E36/><AGARI ba="0,1" hai="32,33,36,39,60,61,64,66,89,91,93,95,96,97" machi="36" ten="25,8000,1" yaku="1,1,22,2,53,2" doraHai="45,108" doraHaiUra="86,10" who="2" fromWho="1" sc="187,0,214,-80,167,90,422,0" owari="187,-21.3,134,-36.6,257,5.7,422,52.2" /></mjloggm>