<mjloggm ver="2.3"><GO type="225" lobby="0"/><UN n0="%E3%83%81%E3%83%AF%E3%83%AF%E9%9A%8A%E9%95%B7" n1="%E3%82%A2%E3%83%A1%E3%82%A2%E3%83%A9%E3%83%AC" n2="%61%6D%65%6B%69" n3="%73%73%6B%5F%66%72%65%65" dan="17,16,16,17" rate="2185.21,2169.08,2102.60,2201.95" sx="M,M,M,M"/><TAIKYOKU oya="0"/><INIT seed="0,0,0,1,1,124" ten="250,250,250,250" oya="0" hai0="35,15,66,127,110,122,84,68,31,61,97,58,112" hai1="55,96,125,32,107,38,33,45,1,44,69,88,104" hai2="114,91,56,98,43,89,78,46,25,123,83,120,129" hai3="81,57,70,101,52,21,131,14,0,103,64,18,73"/><T49/><D112/><U99/><E1/><V90/><F114/><W111/><G0/><T132/><D122/><U27/><E69/><V71/><F71/><W77/><G111/><T133/><D127/><U13/><E125/><V134/><F134/><N who="0" m="51818" /><D110/><U72/><E72/><V24/><F98/><W3/><G3/><T100/><D84/><U36/><E13/><V53/><F123/><W48/><REACH who="3" step="1"/><G131/><REACH who="3" ten="250,250,250,240" step="2"/><T87/><D35/><U28/><E33/><V29/><F129/><W130/><G130/><T126/><D126/><U82/><E32/><V47/><F120/><W9/><G9/><T67/><D67/><U40/><E107/><V109/><F109/><W119/><G119/><T22/><D66/><U59/><E104/><V5/><F5/><W105/><G105/><T115/><D115/><U30/><E36/><V106/><F106/><W74/><G74/><T75/><D75/><U79/><E38/><V95/><F95/><W93/><G93/><T62/><D22/><U60/><E82/><V41/><F83/><W50/><G50/><T17/><D49/><U63/><E60/><AGARI ba="0,1" hai="14,18,21,48,52,57,60,64,70,73,77,81,101,103" machi="60" ten="40,2600,0" yaku="1,1,54,1,53,0" doraHai="124" doraHaiUra="121" who="3" fromWho="1" sc="250,0,250,-26,250,0,240,36" /><INIT seed="1,0,0,3,3,43" ten="250,224,250,276" oya="1" hai0="124,22,33,77,110,93,1,0,63,21,53,56,60" hai1="90,5,65,105,18,62,81,16,129,104,117,2,10" hai2="100,69,8,122,26,55,120,48,9,13,108,116,39" hai3="15,76,102,85,82,17,72,123,135,58,29,71,92"/><U115/><E115/><V11/><F116/><W89/><G123/><T61/><D33/><U97/><E129/><V44/><F108/><W70/><G135/><T25/><D110/><U91/><E117/><V128/><F128/><W41/><G102/><T84/><D124/><U35/><E35/><V113/><F113/><W119/><G119/><T95/><D0/><U31/><E31/><V111/><F111/><W96/><G29/><T66/><D1/><U80/><E104/><V7/><F69/><W50/><G96/><T47/><D47/><U94/><E105/><V57/><F100/><W67/><G67/><T12/><D12/><U3/><E3/><V109/><F109/><W45/><REACH who="3" step="1"/><G58/><REACH who="3" ten="250,224,250,266" step="2"/><T127/><D66/><U37/><E65/><V52/><F122/><W32/><G32/><T6/><D56/><U125/><E97/><V27/><F120/><W112/><G112/><T34/><D34/><U40/><E125/><V114/><F114/><W121/><G121/><T98/><D127/><U4/><E4/><V42/><F55/><W46/><G46/><T19/><D53/><U64/><E5/><V83/><F7/><W133/><G133/><T20/><D6/><U132/><E64/><V14/><REACH who="2" step="1"/><F83/><REACH who="2" ten="250,224,240,266" step="2"/><W30/><G30/><T79/><D19/><U78/><E16/><V107/><F107/><W51/><G51/><T74/><D60/><U38/><E18/><V86/><F86/><W49/><G49/><T28/><D84/><U99/><E62/><V87/><F87/><W106/><G106/><T59/><D61/><U68/><E132/><V130/><F130/><RYUUKYOKU ba="0,2" sc="250,-15,224,-15,240,15,266,15" hai2="8,9,11,13,14,26,27,39,42,44,48,52,57" hai3="15,17,41,45,50,70,71,72,76,82,85,89,92" /><INIT seed="2,1,2,3,2,84" ten="235,209,255,281" oya="2" hai0="124,72,41,52,87,94,54,25,35,43,40,50,116" hai1="31,22,120,115,2,59,23,111,11,53,100,92,6" hai2="9,36,73,106,101,121,112,98,20,77,89,27,34" hai3="82,24,122,46,16,21,13,117,14,68,81,104,1"/><V66/><F112/><W95/><G117/><T37/><D72/><U60/><E111/><V51/><F121/><W78/><G104/><T58/><D116/><U108/><E108/><V109/><F36/><W96/><G1/><T3/><D3/><U61/><E115/><V79/><F34/><W38/><G68/><T17/><D124/><U110/><E110/><V56/><F109/><W8/><G122/><T90/><D37/><U125/><E125/><V70/><F70/><W32/><G32/><T105/><D105/><U69/><E120/><V57/><F73/><W26/><G46/><T19/><REACH who="0" step="1"/><D54/><REACH who="0" ten="225,209,255,281" step="2"/><U83/><E53/><N who="2" m="31807" /><F106/><W0/><G0/><T71/><D71/><U5/><E2/><V128/><F128/><W91/><G38/><T114/><D114/><U33/><E69/><V7/><F101/><W55/><G55/><T107/><D107/><U113/><E100/><V28/><F66/><W134/><G134/><T63/><D63/><U49/><E61/><V135/><F135/><W93/><G93/><T131/><D131/><U10/><E92/><N who="2" m="56591" /><F57/><W123/><G123/><T75/><D75/><U86/><E59/><V30/><F30/><AGARI ba="1,3" hai="17,19,25,30,35,40,41,43,50,52,58,87,90,94" machi="30" ten="40,5200,0" yaku="1,1,52,1,54,1,53,0" doraHai="84" doraHaiUra="67" who="0" fromWho="2" sc="225,85,209,0,255,-55,281,0" /><INIT seed="3,0,0,0,0,105" ten="310,209,200,281" oya="3" hai0="35,90,127,14,115,119,47,87,6,104,7,19,46" hai1="16,76,65,40,124,96,114,116,71,24,80,28,135" hai2="85,34,83,26,112,93,10,50,48,73,12,22,120" hai3="102,84,103,111,27,17,45,61,107,51,0,31,130"/><W52/><G130/><T92/><D119/><U39/><E114/><V75/><F34/><W66/><G111/><T125/><D104/><U94/><E116/><V131/><F112/><W121/><G121/><T89/><D35/><U8/><E135/><V113/><F113/><W128/><G128/><T41/><D115/><U101/><E124/><N who="0" m="47689" /><D89/><U110/><E110/><V63/><F131/><W21/><G0/><T60/><D60/><U44/><E65/><V72/><F63/><W29/><G84/><T43/><D47/><U5/><E71/><V55/><F93/><W81/><G81/><T4/><D46/><U129/><E80/><V38/><F38/><W59/><G107/><T68/><D68/><U1/><E129/><V37/><F37/><W36/><G36/><T49/><D49/><U67/><E67/><V118/><F118/><W109/><G109/><T30/><D30/><AGARI ba="0,0" hai="17,21,27,29,30,31,45,51,52,59,61,66,102,103" machi="30" ten="40,3900,0" yaku="8,1,54,1" doraHai="105" who="3" fromWho="0" sc="310,-39,209,0,200,0,281,39" owari="271,7.1,209,-19.1,200,-30.0,320,42.0" /></mjloggm>