<mjloggm ver="2.3"><GO type="225" lobby="0"/><UN n0="%E8%B6%85%E7%B4%9A%E9%B3%B3%E5%87%B0" n1="%6D%75%75%6D%75%72%61" n2="%E8%AB%B8%E8%91%9B%E4%BA%AE" n3="%E5%86%B7%E5%87%8D%E3%82%AE%E3%83%A7%E3%83%BC%E3%82%B6" dan="16,16,16,17" rate="2121.89,2093.82,2129.12,2231.64" sx="M,F,M,M"/><TAIKYOKU oya="0"/><INIT seed="0,0,0,0,5,6" ten="250,250,250,250" oya="0" hai0="116,45,31,17,63,109,110,73,81,89,106,86,135" hai1="77,30,83,98,62,25,60,33,48,100,119,39,92" hai2="84,49,1,126,71,69,52,41,38,59,27,112,123" hai3="104,13,93,88,51,4,124,35,28,97,10,53,85"/><T114/><D114/><U40/><E39/><V129/><F123/><W132/><G132/><T67/><D116/><U68/><E119/><V105/><F112/><W118/><G118/><T72/><D106/><U102/><E102/><V29/><F1/><W117/><G117/><T36/><D135/><U24/><E68/><V16/><F105/><W96/><G124/><T107/><D107/><U2/><E2/><V32/><F126/><W14/><G104/><T95/><D31/><U76/><E76/><V133/><F133/><W15/><G35/><T111/><D17/><U26/><E26/><V134/><F134/><W101/><G28/><T91/><D45/><U58/><E25/><V61/><F129/><W21/><G21/><T113/><D36/><U20/><E33/><V5/><F5/><W55/><G55/><T50/><D50/><U94/><E94/><V65/><F84/><W56/><REACH who="3" step="1"/><G101/><REACH who="3" ten="250,250,250,240" step="2"/><T12/><D113/><U22/><E20/><V47/><REACH who="2" step="1"/><F16/><REACH who="2" ten="250,250,240,240" step="2"/><W46/><G46/><AGARI ba="0,2" hai="27,29,32,38,41,46,47,49,52,59,61,65,69,71" machi="46" ten="30,7700,0" yaku="1,1,2,1,7,1,54,1,53,0" doraHai="6" doraHaiUra="82" who="2" fromWho="3" sc="250,0,250,0,240,97,240,-77" /><INIT seed="1,0,0,4,3,107" ten="250,250,337,163" oya="1" hai0="57,123,49,40,52,25,45,43,113,91,58,48,22" hai1="85,46,38,125,119,78,55,65,83,103,31,32,6" hai2="33,76,59,18,10,99,121,15,134,101,100,35,128" hai3="117,114,21,42,98,14,51,94,7,17,129,4,37"/><U96/><E119/><V29/><F121/><W34/><G114/><T47/><D113/><U105/><E125/><V80/><F134/><W3/><G117/><T120/><D91/><U36/><E65/><V9/><F128/><W66/><G129/><T97/><D97/><U109/><E109/><V122/><F122/><W68/><G37/><T73/><D73/><U86/><E6/><V56/><F101/><W111/><G34/><T24/><REACH who="0" step="1"/><D22/><REACH who="0" ten="240,250,337,163" step="2"/><U130/><E130/><V71/><F35/><W77/><G77/><T81/><D81/><U12/><E85/><V28/><F33/><W64/><G111/><T127/><D127/><U1/><E32/><V30/><F80/><W23/><G21/><T27/><D27/><U16/><E1/><V44/><F76/><W26/><G3/><T135/><D135/><U2/><E2/><V108/><F108/><W112/><G112/><T84/><D84/><U72/><E86/><V8/><F99/><W53/><G26/><T67/><D67/><N who="3" m="25641" /><G68/><T88/><D88/><U61/><E96/><V106/><F71/><W63/><G98/><T69/><D69/><U5/><E72/><V89/><F89/><W126/><G94/><T133/><D133/><U75/><E75/><V90/><F90/><W20/><G20/><T95/><D95/><U79/><E105/><V19/><F100/><W104/><G104/><T115/><D115/><U70/><E70/><V62/><F106/><W116/><G126/><T131/><D131/><U50/><E83/><V0/><F0/><W39/><G116/><T102/><D102/><U124/><E103/><RYUUKYOKU ba="0,1" sc="240,30,250,-10,337,-10,163,-10" hai0="24,25,40,43,45,47,48,49,52,57,58,120,123" /><INIT seed="2,1,1,3,4,19" ten="270,240,327,153" oya="2" hai0="18,133,31,47,56,93,112,119,113,94,8,69,42" hai1="23,66,108,118,59,99,100,96,25,98,80,43,63" hai2="79,37,32,77,87,123,101,3,104,4,60,109,91" hai3="26,12,78,134,9,92,131,52,90,68,53,121,125"/><V129/><F123/><W120/><G125/><T50/><D69/><U36/><E118/><V106/><F32/><W27/><G131/><T116/><D133/><U15/><E108/><V1/><F37/><W13/><G68/><T130/><D130/><U22/><E100/><V34/><F129/><W14/><G78/><T97/><D31/><U7/><E80/><V21/><F34/><W61/><G9/><T30/><D30/><U76/><E76/><V127/><F127/><W88/><G92/><T44/><D56/><U84/><E84/><V11/><F3/><W81/><G81/><T85/><D85/><U114/><E114/><V132/><F132/><W45/><G134/><T135/><D135/><U122/><E122/><V46/><F106/><W86/><G86/><T49/><D18/><N who="1" m="10591" /><E7/><V70/><F109/><W73/><G73/><T57/><D57/><U62/><E36/><V41/><F104/><W111/><G12/><T6/><D8/><U40/><E62/><V38/><F70/><W89/><G89/><T117/><D6/><U107/><E107/><V67/><F101/><W71/><G71/><T102/><REACH who="0" step="1"/><D94/><REACH who="0" ten="260,240,327,153" step="2"/><U48/><E48/><N who="2" m="26703" /><F11/><W75/><G111/><T33/><D33/><U126/><E126/><V39/><F4/><W17/><G75/><T29/><D29/><AGARI ba="1,2" hai="23,25,29,40,43,59,63,66,96,98,99" m="10591" machi="29" ten="30,3900,0" yaku="8,1,52,2" doraHai="19" who="1" fromWho="0" sc="260,-42,240,62,327,0,153,0" /><INIT seed="3,0,0,4,1,71" ten="218,302,327,153" oya="3" hai0="123,107,83,29,27,122,51,38,74,73,56,121,94" hai1="48,76,57,11,118,105,16,124,4,62,26,112,78" hai2="81,50,22,80,111,28,128,104,32,37,42,67,43" hai3="3,130,85,40,106,31,35,9,92,79,65,69,113"/><W100/><G113/><T14/><D107/><U44/><E112/><V52/><F37/><W61/><G130/><T108/><D108/><U97/><E124/><V120/><F32/><W54/><G54/><T1/><D1/><U33/><E118/><V103/><F111/><W115/><G115/><T119/><D119/><U117/><E117/><V110/><F110/><W23/><G23/><T72/><D38/><U39/><E39/><V126/><F126/><W55/><G55/><T6/><D94/><U84/><E105/><V12/><F67/><W75/><G40/><N who="2" m="15401" /><F104/><W41/><G41/><T17/><D6/><U66/><E97/><V87/><F103/><W46/><G46/><T24/><D83/><U101/><E101/><V102/><F102/><W114/><G114/><T70/><D70/><U131/><E131/><V58/><F120/><W25/><G75/><T89/><D89/><U63/><E63/><V34/><F34/><W18/><G3/><T82/><D82/><N who="2" m="31850" /><F128/><W90/><G79/><T109/><D109/><U8/><E33/><V47/><F87/><W91/><G91/><T99/><D29/><U132/><E132/><V5/><F47/><W30/><G30/><T95/><D56/><U129/><E84/><V19/><F28/><W86/><G86/><T7/><D51/><U15/><E129/><V98/><F98/><N who="3" m="61719" /><G18/><T49/><D7/><AGARI ba="0,0" hai="5,7,12,19,22,50,52,58" m="31850,15401" machi="7" ten="30,2000,0" yaku="8,1,54,1" doraHai="71" who="2" fromWho="0" sc="218,-20,302,0,327,20,153,0" owari="198,-20.2,302,10.2,347,44.7,153,-34.7" /></mjloggm>