<mjloggm ver="2.3"><GO type="225" lobby="0"/><UN n0="%72%69%6F%75%63%68%61%6E" n1="%E9%A2%A8%E3%81%A7%E9%B3%B4%E3%81%8F" n2="%6D%75%75%6D%75%72%61" n3="%E5%87%BA%E6%B0%B4" dan="17,16,17,16" rate="2274.47,2157.15,2140.34,2082.90" sx="M,M,F,F"/><TAIKYOKU oya="0"/><INIT seed="0,0,0,4,3,83" ten="250,250,250,250" oya="0" hai0="49,64,3,1,88,125,44,58,45,80,17,95,91" hai1="8,0,96,120,79,116,109,78,18,59,122,72,69" hai2="55,26,28,29,36,19,102,126,81,104,121,9,82" hai3="30,52,93,132,14,41,90,71,101,25,38,127,97"/><T87/><D125/><U98/><E116/><V133/><F121/><W22/><G127/><T118/><D118/><U128/><E69/><V60/><F126/><W2/><G2/><T92/><D80/><U75/><E59/><N who="2" m="34943" /><F36/><W89/><G71/><T100/><D100/><U39/><E39/><V124/><F104/><W111/><G111/><T23/><D1/><U68/><E68/><V11/><F124/><W85/><G132/><T12/><D3/><U84/><E0/><V110/><F110/><W135/><G135/><T48/><D48/><U31/><E31/><N who="2" m="11851" /><F102/><W130/><G130/><T27/><D27/><U76/><E109/><V50/><F50/><W6/><G38/><T51/><D51/><U10/><E128/><V37/><F37/><W63/><G41/><T86/><D64/><U117/><E117/><V33/><F33/><W53/><G63/><T123/><REACH who="0" step="1"/><D123/><REACH who="0" ten="240,250,250,250" step="2"/><U13/><E120/><V61/><F133/><W42/><G101/><T32/><D32/><U7/><E122/><V34/><F34/><W73/><G42/><T115/><D115/><U56/><E75/><V108/><F108/><W77/><G73/><T24/><D24/><U46/><E72/><V5/><F61/><W105/><G105/><T94/><D94/><U70/><E13/><N who="2" m="7599" /><F26/><W66/><G25/><T103/><D103/><U114/><E114/><V4/><F82/><W35/><G35/><T131/><D131/><U54/><E79/><V106/><F106/><W134/><G77/><T21/><D21/><U99/><E76/><V112/><F112/><W62/><G134/><T129/><D129/><RYUUKYOKU ba="0,1" sc="240,30,250,-10,250,-10,250,-10" hai0="12,17,23,44,45,49,58,86,87,88,91,92,95" /><INIT seed="0,1,1,1,1,46" ten="270,240,240,240" oya="0" hai0="1,36,107,109,88,62,23,43,90,120,4,85,71" hai1="86,64,51,27,21,7,42,76,100,97,61,9,44" hai2="48,115,19,2,91,15,122,66,16,82,114,56,28" hai3="63,11,49,77,32,41,127,110,70,45,67,14,112"/><T118/><D118/><U58/><E86/><V68/><F2/><W125/><G112/><T96/><D120/><U55/><E76/><V24/><F122/><W25/><G110/><T69/><D109/><U80/><E80/><V39/><F39/><W104/><G104/><T121/><D121/><U128/><E128/><V99/><F68/><W133/><G133/><T87/><D23/><U84/><E84/><N who="2" m="50583" /><F115/><W8/><G77/><T113/><D113/><U98/><E100/><V108/><F108/><W35/><G8/><T126/><D126/><N who="3" m="48137" /><G25/><T57/><D43/><U33/><E33/><V31/><F99/><W53/><G41/><T103/><D36/><U37/><E9/><N who="2" m="6255" /><F114/><W78/><G78/><T89/><D85/><U22/><E22/><N who="2" m="13407" /><F66/><W124/><N who="3" m="48145" /><W92/><DORA hai="60" /><G92/><T123/><D87/><U17/><REACH who="1" step="1"/><E7/><AGARI ba="1,1" hai="7,11,14,32,35,45,49,53,63,67,70" m="48145" machi="7" ten="40,5200,0" yaku="18,1,52,2" doraHai="46,60" who="3" fromWho="1" sc="270,0,240,-55,240,0,240,65" /><INIT seed="1,0,0,5,2,101" ten="270,185,240,305" oya="1" hai0="122,49,83,82,22,3,91,64,126,68,75,60,88" hai1="92,8,69,130,37,55,29,48,39,21,61,44,72" hai2="62,115,67,94,25,5,38,17,112,15,81,128,51" hai3="54,124,26,65,133,119,110,86,30,74,14,63,103"/><U6/><E72/><V125/><F38/><W16/><G74/><T102/><D126/><U87/><E130/><V71/><F125/><W66/><G124/><T78/><D122/><U57/><E69/><V34/><F128/><W58/><G110/><T109/><D109/><U107/><E107/><V41/><F94/><W123/><G123/><T76/><D3/><U127/><E127/><V131/><F131/><W19/><G133/><T1/><D1/><U35/><E35/><V113/><F81/><W73/><G73/><T18/><D102/><U118/><E118/><V95/><F95/><W59/><G119/><T56/><D68/><U52/><E29/><N who="2" m="19759" /><F5/><W45/><G103/><T79/><D49/><U10/><E21/><N who="2" m="11455" /><F51/><W80/><G45/><T27/><REACH who="0" step="1"/><D78/><REACH who="0" ten="260,185,240,305" step="2"/><U20/><E20/><V121/><F121/><W32/><G32/><T36/><D36/><U134/><E10/><V90/><F90/><W23/><G63/><T40/><D40/><AGARI ba="0,1" hai="40,41,62,67,71,112,113,115" m="11455,19759" machi="40" ten="30,1000,0" yaku="11,1" doraHai="101" who="2" fromWho="0" sc="260,-10,185,0,240,20,305,0" /><INIT seed="2,0,0,2,4,65" ten="250,185,260,305" oya="2" hai0="101,7,113,87,44,84,132,128,116,48,98,5,47" hai1="97,92,81,109,85,77,62,88,32,124,8,100,36" hai2="111,60,39,130,63,35,90,56,38,21,16,117,96" hai3="107,70,42,110,28,14,131,73,120,83,45,106,114"/><V20/><F117/><W33/><G120/><T30/><D113/><U79/><E109/><V135/><F35/><W69/><G14/><T127/><D127/><U102/><E124/><V57/><F111/><W76/><G110/><T93/><D128/><U126/><E126/><V58/><F130/><W95/><G95/><T3/><D132/><U108/><E108/><V0/><F0/><W133/><G131/><T64/><D116/><U29/><E36/><V55/><F135/><W9/><G9/><T105/><D30/><U123/><E123/><V75/><F75/><W37/><G133/><T125/><D125/><U1/><E100/><V61/><F21/><W129/><G129/><T99/><D64/><U11/><E11/><V31/><F31/><W22/><G22/><T112/><D112/><U82/><E62/><V43/><F43/><W4/><G4/><T121/><D121/><U78/><E32/><V24/><REACH who="2" step="1"/><F55/><REACH who="2" ten="250,185,250,305" step="2"/><W2/><G2/><T41/><D3/><U12/><E29/><V46/><F46/><W119/><G119/><T66/><D44/><U104/><REACH who="1" step="1"/><E1/><REACH who="1" ten="250,175,250,305" step="2"/><V23/><F23/><W67/><G114/><T27/><D41/><U15/><E15/><V74/><F74/><W115/><G115/><T26/><D26/><U59/><E59/><V19/><F19/><AGARI ba="0,2" hai="8,12,19,77,78,79,81,82,85,88,92,97,102,104" machi="19" ten="40,2600,0" yaku="1,1,54,1,53,0" doraHai="65" doraHaiUra="17" who="1" fromWho="2" sc="250,0,175,46,250,-26,305,0" /><INIT seed="3,0,0,0,1,126" ten="250,221,224,305" oya="3" hai0="41,21,56,110,54,55,14,1,124,70,130,91,33" hai1="67,113,7,77,9,45,65,83,22,43,5,30,128" hai2="17,88,129,20,99,10,12,109,115,24,42,131,93" hai3="105,62,32,127,108,111,15,102,112,48,87,86,114"/><W121/><G121/><T81/><D130/><N who="2" m="49674" /><F115/><W117/><G117/><T98/><D54/><U59/><E128/><V26/><F109/><N who="3" m="42059" /><G127/><T64/><D55/><U122/><E113/><N who="3" m="43626" /><G32/><T69/><D33/><U8/><E122/><V44/><F20/><W92/><G48/><AGARI ba="0,0" hai="10,12,17,24,26,42,44,48,88,93,99" m="49674" machi="48" ten="30,8000,1" yaku="19,1,52,3,54,1" doraHai="126" who="2" fromWho="3" sc="250,0,221,0,224,80,305,-80" owari="250,5.0,221,-27.9,304,40.4,225,-17.5" /></mjloggm>