<mjloggm ver="2.3"><GO type="225" lobby="0"/><UN n0="%70%6E%64%73%6E%67" n1="%E9%80%86%E9%80%A3%E5%B8%AF%E3%81%AE%E9%AC%BC" n2="%72%65%6E%6B%75%6E" n3="%E3%83%B4%E3%83%A0%EF%BC%99%E3%81%A6" dan="16,17,17,16" rate="2106.13,2183.34,2263.29,2111.17" sx="M,M,M,M"/><TAIKYOKU oya="0"/><INIT seed="0,0,0,3,0,33" ten="250,250,250,250" oya="0" hai0="16,84,31,92,37,126,3,100,7,121,10,64,68" hai1="29,53,118,52,15,71,8,125,34,130,79,77,36" hai2="0,69,18,38,93,101,89,62,50,104,55,94,80" hai3="98,27,1,49,103,26,60,28,47,88,116,124,108"/><T5/><D121/><U128/><E118/><V17/><F38/><W95/><G116/><T90/><D126/><U44/><E125/><V30/><F30/><W83/><G124/><T133/><D133/><U14/><E71/><V35/><F35/><W129/><G108/><T110/><D110/><U48/><E36/><V24/><F0/><W65/><G129/><N who="1" m="49770" /><E53/><V123/><F123/><W25/><G1/><T12/><D37/><U81/><E81/><V96/><F80/><W75/><G75/><T61/><D3/><U70/><E70/><V41/><F41/><W112/><G112/><T54/><D31/><U20/><E34/><V86/><F104/><W73/><G73/><T19/><D100/><U2/><E2/><V109/><F24/><W74/><G74/><T6/><D19/><N who="1" m="10359" /><E29/><V22/><F22/><W115/><G115/><T82/><D82/><U9/><E9/><V107/><F109/><W113/><G113/><T87/><REACH who="0" step="1"/><D54/><REACH who="0" ten="240,250,250,250" step="2"/><U117/><E117/><V91/><F55/><W46/><G28/><T120/><D120/><U40/><E40/><V45/><F17/><AGARI ba="0,1" hai="8,15,17,44,48,52,77,79" m="10359,49770" machi="17" ten="30,2000,0" yaku="19,1,54,1" doraHai="33" who="1" fromWho="2" sc="240,0,250,30,250,-20,250,0" /><INIT seed="1,0,0,3,0,127" ten="240,280,230,250" oya="1" hai0="121,57,67,120,41,54,79,83,109,59,12,132,69" hai1="98,10,38,81,8,103,100,40,61,106,9,3,71" hai2="24,89,29,111,42,5,17,93,50,52,99,7,30" hai3="92,86,95,60,0,15,110,82,90,31,68,34,33"/><U14/><E3/><V62/><F111/><W45/><G0/><T129/><D109/><U19/><E103/><V102/><F42/><W16/><G110/><T48/><D132/><U107/><E107/><V39/><F39/><W131/><G131/><T53/><D129/><U36/><E81/><V58/><F17/><W21/><G45/><N who="0" m="25647" /><D12/><U124/><E124/><V84/><F62/><W130/><G130/><T119/><D83/><U2/><E2/><V26/><F24/><W114/><G114/><T76/><D76/><U27/><E27/><V25/><F25/><W87/><G31/><T94/><D94/><U63/><E63/><V112/><F112/><W77/><REACH who="3" step="1"/><G95/><REACH who="3" ten="240,280,230,240" step="2"/><T115/><D115/><U105/><E105/><V125/><F125/><W113/><G113/><T18/><D120/><U65/><REACH who="1" step="1"/><E40/><REACH who="1" ten="240,270,230,240" step="2"/><V46/><F29/><W23/><G23/><AGARI ba="0,2" hai="8,9,10,14,19,23,36,38,61,65,71,98,100,106" machi="23" ten="40,3900,0" yaku="1,1,2,1,53,0" doraHai="127" doraHaiUra="74" who="1" fromWho="3" sc="240,0,270,59,230,0,240,-39" /><INIT seed="1,1,0,4,4,0" ten="240,329,230,201" oya="1" hai0="102,63,66,98,29,107,53,52,61,91,92,113,9" hai1="32,111,60,110,125,41,135,26,40,17,70,127,57" hai2="75,68,101,16,45,37,74,116,21,50,18,12,131" hai3="90,67,35,96,106,42,93,27,121,109,56,47,120"/><U25/><E70/><V49/><F116/><W129/><G109/><N who="1" m="41482" /><E135/><V133/><F68/><W62/><G129/><T36/><D113/><U31/><E25/><V15/><F131/><W39/><G35/><T83/><D36/><U22/><E31/><V134/><F101/><W118/><G118/><T87/><D107/><U73/><E73/><V99/><F99/><W13/><G27/><T7/><D29/><U128/><E32/><V81/><F37/><W82/><G106/><T119/><D119/><U33/><E33/><V79/><F75/><W72/><G72/><T80/><D80/><U14/><E26/><V71/><F71/><W126/><G126/><N who="1" m="48138" /><E128/><V6/><F133/><W130/><G130/><T59/><REACH who="0" step="1"/><D63/><REACH who="0" ten="230,329,230,201" step="2"/><U5/><E5/><V34/><F134/><W2/><G62/><T117/><D117/><U112/><E112/><V100/><F6/><W88/><G82/><T94/><D94/><U8/><E22/><V24/><F34/><W105/><G105/><T55/><D55/><AGARI ba="1,1" hai="8,14,17,40,41,55,57,60" m="48138,41482" machi="55" ten="30,5800,0" yaku="14,1,10,1,18,1" doraHai="0" who="1" fromWho="0" sc="230,-61,329,71,230,0,201,0" /><INIT seed="1,2,0,4,4,71" ten="169,400,230,201" oya="1" hai0="131,42,53,91,98,46,75,92,107,82,21,126,39" hai1="112,127,4,85,74,55,87,48,116,120,0,113,110" hai2="104,68,14,58,100,12,86,44,109,108,122,11,73" hai3="135,94,117,84,111,65,49,61,69,56,134,103,133"/><U41/><E116/><V114/><F68/><W105/><G117/><T34/><D34/><U79/><E120/><V66/><F73/><W16/><G111/><N who="2" m="42569" /><F122/><W35/><G35/><T1/><D1/><U23/><E110/><V80/><F114/><W25/><G105/><T118/><D118/><U83/><E127/><V78/><F44/><W64/><G49/><T130/><D126/><U72/><E41/><V101/><F104/><W90/><G103/><N who="2" m="39497" /><F11/><W20/><REACH who="3" step="1"/><G69/><REACH who="3" ten="169,400,230,191" step="2"/><T47/><D107/><U62/><E48/><V27/><F27/><W37/><G37/><T9/><D131/><U32/><E32/><V18/><F18/><W8/><G8/><T13/><D130/><U31/><E113/><V22/><F22/><W89/><G89/><T45/><D21/><U10/><E112/><V96/><F96/><W29/><G29/><T60/><D60/><AGARI ba="2,1" hai="12,14,58,60,66,78,80,86" m="39497,42569" machi="60" ten="30,1000,0" yaku="14,1" doraHai="71" who="2" fromWho="0" sc="169,-16,400,0,230,26,191,0" /><INIT seed="2,0,0,5,1,43" ten="153,400,256,191" oya="2" hai0="51,54,100,121,61,32,6,79,78,63,62,97,82" hai1="120,50,96,33,94,114,19,46,34,58,15,131,81" hai2="85,71,22,11,95,98,70,112,60,59,101,123,56" hai3="75,0,129,26,38,86,67,68,135,132,1,10,128"/><V7/><F112/><W109/><G75/><T53/><D121/><U127/><E114/><V2/><F123/><W110/><G86/><T84/><D32/><U41/><E131/><N who="3" m="50250" /><G38/><T108/><D108/><N who="3" m="41577" /><G10/><T87/><D6/><U39/><E120/><V111/><F111/><W27/><G67/><T118/><D118/><U45/><E81/><V42/><F42/><W92/><G92/><T55/><D84/><U47/><E127/><V64/><F85/><W20/><G68/><T107/><REACH who="0" step="1"/><D79/><REACH who="0" ten="143,400,256,191" step="2"/><U23/><E34/><V74/><F74/><W93/><G93/><T77/><D77/><U52/><E33/><V30/><F71/><W125/><G125/><T105/><D105/><U8/><E23/><V115/><F115/><W3/><G20/><T72/><D72/><U134/><E134/><AGARI ba="0,1" hai="0,1,3,26,27,132,134,135" m="41577,50250" machi="134" ten="40,12000,2" yaku="28,2,20,1,19,1,14,1,34,2" doraHai="43" who="3" fromWho="1" sc="143,0,400,-120,256,0,191,130" /><INIT seed="3,0,0,2,2,124" ten="143,280,256,321" oya="3" hai0="54,98,39,105,40,133,121,16,81,73,29,75,0" hai1="22,49,92,35,21,50,87,95,76,94,110,34,13" hai2="19,3,2,67,43,108,57,72,106,112,27,26,24" hai3="41,8,103,101,100,74,9,61,128,91,64,46,62"/><W131/><G74/><T33/><D54/><U68/><E68/><V12/><F72/><W135/><G91/><T1/><D16/><U80/><E110/><V20/><F106/><W38/><G135/><T93/><D93/><U23/><REACH who="1" step="1"/><E13/><REACH who="1" ten="143,270,256,321" step="2"/><N who="2" m="9327" /><F43/><W85/><G85/><T31/><D133/><U102/><E102/><V71/><F71/><W132/><G132/><T15/><D15/><U66/><E66/><V36/><F67/><W4/><G64/><T32/><D121/><U77/><E77/><V90/><F90/><W65/><G65/><T120/><D120/><U53/><E53/><V118/><F36/><W117/><G117/><T89/><D89/><U116/><E116/><V88/><F88/><W37/><G37/><T69/><D69/><U30/><E30/><V18/><F57/><W104/><G104/><T28/><D28/><U55/><E55/><V47/><F47/><W14/><G100/><T6/><D31/><U63/><E63/><V134/><F118/><W127/><G101/><T115/><D115/><U11/><E11/><N who="2" m="6431" /><F134/><W119/><G103/><T96/><D105/><U113/><E113/><V56/><F56/><W123/><G119/><T58/><D58/><U17/><E17/><V79/><F79/><W122/><G62/><T84/><D29/><U78/><E78/><V99/><F112/><W70/><G61/><T48/><D0/><N who="2" m="42" /><F99/><W60/><G60/><T111/><D96/><U83/><E83/><V109/><AGARI ba="0,1" hai="24,26,27,108,109" m="42,6431,9327" machi="109" ten="40,2700,0" yaku="34,2" doraHai="124" who="2" fromWho="2" sc="143,-7,270,-7,256,37,321,-13" owari="136,-36.4,263,-13.7,293,9.3,308,40.8" /></mjloggm>