<mjloggm ver="2.3"><GO type="225" lobby="0"/><UN n0="%72%69%6F%75%63%68%61%6E" n1="%E3%81%AA%E3%81%A1%30%39%32%37" n2="%E3%83%A9%E3%82%B9%E7%8E%87%EF%BC%93%E5%89%B2" n3="%E9%A2%A8%E3%81%A7%E9%B3%B4%E3%81%8F" dan="17,16,16,16" rate="2227.16,2125.70,2170.98,2157.51" sx="M,M,F,M"/><TAIKYOKU oya="0"/><INIT seed="0,0,0,1,2,47" ten="250,250,250,250" oya="0" hai0="119,26,114,73,5,29,51,7,54,2,117,134,60" hai1="62,88,108,100,77,31,20,17,11,10,78,101,32" hai2="83,30,21,9,28,48,44,135,76,8,91,89,63" hai3="45,121,92,56,0,110,25,53,127,105,72,64,24"/><T104/><D114/><U102/><E108/><V1/><F135/><W87/><G105/><T122/><D122/><U58/><E32/><V66/><F1/><W71/><G72/><T129/><D134/><U132/><E132/><V75/><F91/><W130/><G0/><T23/><D129/><U14/><E88/><V38/><F38/><W35/><G110/><T109/><D109/><U116/><E116/><V19/><F89/><N who="3" m="53311" /><G35/><T37/><D37/><U39/><E39/><V33/><F33/><W111/><G111/><T107/><D73/><U52/><REACH who="1" step="1"/><E31/><REACH who="1" ten="250,240,250,250" step="2"/><V3/><F28/><W85/><G121/><T103/><D119/><U27/><E27/><V34/><F30/><W69/><G24/><T41/><D117/><U82/><E82/><V74/><F34/><W81/><G25/><T43/><D29/><U120/><E120/><V6/><F83/><W36/><G81/><T131/><D26/><U18/><E18/><V57/><F76/><AGARI ba="0,1" hai="10,11,14,17,20,52,58,62,76,77,78,100,101,102" machi="76" ten="40,8000,1" yaku="1,1,8,1,54,1,53,1" doraHai="47" doraHaiUra="49" who="1" fromWho="2" sc="250,0,240,90,250,-80,250,0" /><INIT seed="1,0,0,4,3,32" ten="250,330,170,250" oya="1" hai0="83,41,104,27,13,109,125,128,53,21,127,10,91" hai1="60,100,28,76,86,70,131,108,98,97,34,99,43" hai2="47,69,65,45,49,33,12,92,78,103,82,72,9" hai3="2,26,94,121,75,114,31,89,102,74,106,20,111"/><U124/><E124/><N who="0" m="47689" /><D104/><U120/><E120/><V8/><F33/><W51/><G114/><T11/><D41/><U126/><E131/><V46/><F69/><W29/><G29/><T132/><D53/><U87/><E43/><V66/><F9/><W18/><G2/><T5/><D91/><U71/><E126/><V88/><F103/><W42/><G121/><T84/><D84/><U52/><E100/><V15/><F15/><W101/><G111/><T96/><D96/><U77/><E98/><V107/><F49/><W85/><G102/><T23/><D83/><U130/><E34/><V135/><F135/><W63/><G63/><T64/><D64/><U62/><E28/><V61/><F61/><W123/><G123/><T19/><D128/><U39/><E130/><V40/><F40/><W30/><G30/><N who="0" m="17775" /><D109/><U118/><E108/><V110/><F107/><W68/><G68/><T7/><D132/><U44/><E44/><V25/><F25/><W3/><G106/><T55/><D55/><U113/><E52/><V129/><F110/><W93/><G101/><T4/><AGARI ba="0,0" hai="4,5,7,10,11,13,19,23" m="17775,47689" machi="4" ten="30,4000,0" yaku="18,1,34,2" doraHai="32" who="0" fromWho="0" sc="250,40,330,-20,170,-10,250,-10" /><INIT seed="2,0,0,2,4,6" ten="290,310,160,240" oya="2" hai0="90,128,45,71,50,130,37,88,66,135,18,91,133" hai1="83,81,43,126,64,31,17,2,113,78,93,32,69" hai2="14,36,96,40,52,56,129,59,124,67,123,110,117" hai3="20,15,44,16,118,86,80,121,11,25,87,73,100"/><V94/><F117/><W53/><G118/><T108/><D108/><U95/><E17/><V24/><F123/><W115/><G121/><T38/><D18/><U26/><E43/><V39/><F110/><W30/><G115/><T104/><D104/><U29/><E64/><V54/><F129/><N who="0" m="49770" /><D71/><U4/><E4/><V33/><F124/><W46/><G73/><T75/><D75/><U74/><E26/><V125/><F125/><W102/><G86/><T5/><D66/><U61/><E61/><V57/><F67/><W111/><G111/><T132/><D5/><U70/><E74/><V27/><F14/><W60/><G60/><T3/><D3/><U84/><E84/><V35/><F27/><W12/><G12/><T79/><D79/><U22/><E32/><V77/><F77/><W63/><G63/><T116/><D116/><U23/><E78/><V51/><F40/><AGARI ba="0,0" hai="37,38,40,45,50,88,90,91,132,133,135" m="49770" machi="40" ten="40,5200,0" yaku="20,1,19,1,54,1" doraHai="6" who="0" fromWho="2" sc="290,52,310,0,160,-52,240,0" /><INIT seed="3,0,0,3,3,135" ten="342,310,108,240" oya="3" hai0="84,56,3,65,34,48,70,90,27,14,24,8,121" hai1="43,72,5,12,15,41,86,40,98,32,1,45,125" hai2="96,64,81,85,116,0,87,133,52,20,99,130,47" hai3="57,112,94,53,54,39,88,23,16,59,71,35,113"/><W60/><G71/><T122/><D3/><U128/><E72/><V63/><F0/><W67/><G35/><T33/><D70/><U58/><E32/><V103/><F116/><W74/><G39/><T89/><D33/><U73/><E73/><V66/><F130/><W55/><G74/><T31/><D24/><U95/><E128/><V123/><F123/><W36/><G36/><T132/><D132/><U127/><E45/><V21/><F133/><W115/><G59/><T18/><D89/><U19/><E86/><V25/><F47/><W106/><G106/><T22/><D8/><N who="1" m="2095" /><E19/><V120/><F120/><W2/><G2/><T79/><D79/><U80/><E80/><V109/><F109/><W101/><G101/><T9/><D9/><U76/><E76/><V83/><F25/><W108/><G108/><T75/><D75/><U105/><E58/><V37/><F37/><W61/><G61/><T26/><D26/><U117/><E105/><V44/><F44/><W46/><G46/><T38/><D38/><U107/><E107/><V104/><F104/><W30/><G30/><T124/><D124/><N who="1" m="47691" /><E117/><V119/><F119/><W4/><G4/><T102/><D102/><AGARI ba="0,0" hai="12,15,40,41,43,95,98,102" m="47691,2095" machi="102" ten="30,7700,0" yaku="18,1,52,3" doraHai="135" who="1" fromWho="0" sc="342,-77,310,77,108,0,240,0" owari="265,6.5,387,48.7,108,-39.2,240,-16.0" /></mjloggm>