<mjloggm ver="2.3"><GO type="225" lobby="0"/><UN n0="%E7%99%BD%E6%97%A5%E9%9B%AA%E8%8F%9C" n1="%E3%81%BF%E3%81%BF%E3%81%9A" n2="%72%65%6E%6B%75%6E" n3="%52%61%69%61%6E%2E" dan="17,18,17,16" rate="2183.97,2262.55,2208.45,2017.70" sx="M,M,M,M"/><TAIKYOKU oya="0"/><INIT seed="0,0,0,5,0,98" ten="250,250,250,250" oya="0" hai0="49,13,112,124,96,44,78,47,14,5,86,52,28" hai1="97,37,120,57,80,30,56,89,125,83,3,27,81" hai2="59,111,106,4,19,85,29,26,121,7,43,115,46" hai3="20,108,16,95,55,104,94,75,15,34,135,118,74"/><T17/><D112/><U53/><E120/><V64/><F115/><W60/><G34/><T58/><D124/><U131/><E3/><V21/><F121/><W84/><G118/><T82/><D28/><U133/><E125/><V36/><F106/><W45/><G104/><T67/><D67/><U116/><E116/><V65/><F111/><W61/><G108/><T105/><D5/><U40/><E131/><V100/><F100/><W114/><G114/><T103/><REACH who="0" step="1"/><D13/><REACH who="0" ten="240,250,250,250" step="2"/><U90/><E30/><V18/><F7/><W35/><G15/><T1/><D1/><U2/><E2/><V62/><F4/><W24/><G35/><T91/><D91/><U66/><E90/><V70/><F64/><W119/><G119/><T117/><D117/><U93/><E66/><V128/><F128/><W129/><G129/><T48/><D48/><U132/><E27/><V123/><F123/><W113/><G113/><T99/><D99/><U77/><E77/><V69/><REACH who="2" step="1"/><F85/><REACH who="2" ten="240,250,240,250" step="2"/><W32/><G84/><T8/><AGARI ba="0,2" hai="8,14,17,44,47,49,52,58,78,82,86,96,103,105" machi="8" ten="20,12000,1" yaku="1,1,0,1,7,1,52,1,54,1,53,0" doraHai="98" doraHaiUra="38" who="0" fromWho="0" sc="240,140,250,-40,240,-40,250,-40" /><INIT seed="0,1,0,5,5,88" ten="380,210,200,210" oya="0" hai0="74,35,45,120,128,93,38,91,18,97,103,13,14" hai1="118,68,2,121,39,90,46,32,119,29,77,101,7" hai2="12,30,71,20,23,37,25,69,49,110,135,89,123" hai3="47,43,87,6,5,96,131,104,98,0,41,24,28"/><T56/><D120/><U34/><E90/><V108/><F37/><W92/><G131/><T19/><D35/><U62/><E101/><V134/><F123/><W132/><G132/><N who="2" m="50729" /><F49/><W11/><G6/><T95/><D74/><U10/><E121/><V72/><F72/><W16/><G104/><T82/><D128/><U8/><E77/><V27/><F12/><W85/><G96/><N who="0" m="57407" /><D38/><U15/><E46/><V52/><F52/><W59/><G59/><T114/><D114/><U26/><E39/><V44/><F44/><W1/><G1/><T42/><D82/><U61/><E68/><N who="2" m="26187" /><F89/><W64/><G43/><T81/><D81/><U60/><REACH who="1" step="1"/><E34/><REACH who="1" ten="380,200,200,210" step="2"/><V115/><F115/><W122/><G122/><T129/><D129/><U40/><E40/><V9/><F9/><W79/><G79/><T50/><D56/><U86/><E86/><V54/><F54/><W51/><G85/><T100/><D100/><U111/><E111/><V53/><F53/><W73/><G87/><T106/><D42/><U112/><E112/><V109/><F110/><W22/><G73/><T99/><D45/><U70/><E70/><V65/><F65/><W127/><G64/><T130/><D130/><U75/><E75/><V105/><F105/><W117/><G41/><T4/><D106/><U66/><E66/><V55/><F55/><W84/><G84/><T36/><D36/><U21/><E21/><V17/><AGARI ba="1,1" hai="17,20,23,25,27,30,108,109" m="26187,50729" machi="17" ten="40,1500,0" yaku="20,1" doraHai="88" who="2" fromWho="2" sc="380,-8,200,-5,200,28,210,-5" /><INIT seed="1,0,0,3,4,0" ten="372,195,228,205" oya="1" hai0="87,79,127,59,28,19,67,93,84,92,122,115,49" hai1="81,128,66,91,89,130,2,97,77,15,86,125,53" hai2="35,43,134,52,10,71,129,37,76,96,69,20,117" hai3="41,8,63,68,60,17,102,82,55,104,54,56,34"/><U22/><E2/><V62/><F35/><W123/><G123/><T40/><D115/><U46/><E66/><V21/><F117/><W110/><G34/><T119/><D119/><U74/><E125/><V11/><F76/><W26/><G110/><T24/><D127/><U135/><E135/><V51/><F134/><W44/><G68/><T83/><D122/><U5/><E97/><V45/><F129/><N who="1" m="49769" /><E91/><V50/><F96/><W42/><G104/><T61/><D19/><N who="1" m="10623" /><E5/><V121/><F121/><W90/><G102/><T6/><D6/><U13/><E13/><V112/><F112/><W1/><G1/><T94/><D84/><U64/><E64/><V3/><F3/><W7/><G7/><T126/><D126/><U25/><E25/><V133/><F71/><W98/><G8/><T101/><D101/><U109/><E109/><V16/><F10/><W23/><G98/><T131/><D131/><U72/><E77/><V18/><F11/><W107/><G107/><T58/><D58/><U32/><E32/><V103/><F103/><W114/><G114/><T70/><D70/><U4/><E4/><V132/><F132/><W88/><G90/><T12/><D12/><U78/><E78/><V100/><F100/><W73/><G88/><T118/><D118/><U30/><E30/><V124/><F124/><W95/><G95/><T105/><D105/><U116/><E116/><V38/><F69/><W29/><G29/><T39/><D28/><U99/><E99/><V120/><F120/><W65/><G65/><T47/><D24/><U9/><E9/><V48/><F133/><RYUUKYOKU ba="0,0" sc="372,15,195,15,228,-15,205,-15" hai0="39,40,47,49,59,61,67,79,83,87,92,93,94" hai1="46,53,72,74,81,86,89" /><INIT seed="1,1,0,5,2,39" ten="387,210,213,190" oya="1" hai0="16,106,46,74,36,35,96,102,77,4,95,75,109" hai1="41,66,114,51,62,97,61,91,135,76,93,90,53" hai2="27,13,127,108,71,14,85,34,25,122,9,100,50" hai3="99,8,121,129,98,12,78,110,68,73,38,86,21"/><U37/><E114/><V18/><F122/><W124/><G121/><T107/><D35/><U82/><E135/><V64/><F127/><W15/><G73/><T47/><D4/><U20/><E37/><V24/><F108/><W6/><G68/><T105/><D109/><U44/><E66/><V63/><F100/><W111/><G38/><T65/><D65/><U88/><E20/><V29/><F85/><W101/><G124/><T128/><D128/><U30/><E30/><V72/><F72/><W116/><G129/><T84/><D47/><U113/><E113/><V79/><F79/><W26/><G12/><T57/><D57/><N who="1" m="34991" /><E62/><V126/><F126/><W1/><G1/><T10/><D10/><U45/><E45/><V28/><F28/><W131/><G131/><T59/><D59/><U94/><E94/><V120/><F120/><W133/><G133/><T81/><D46/><U92/><E92/><V104/><F104/><W22/><G22/><T80/><D36/><U125/><E125/><V31/><F34/><W52/><G52/><T118/><D118/><U123/><E123/><V60/><F50/><W5/><G116/><T83/><D74/><U130/><E130/><V54/><F54/><W115/><G115/><T67/><D67/><U89/><E76/><V56/><F63/><W43/><G110/><T2/><D75/><U87/><AGARI ba="1,0" hai="41,44,51,82,87,88,89,90,91,93,97" m="34991" machi="87" ten="30,6000,0" yaku="8,1,52,1,54,1" doraHai="39" who="1" fromWho="1" sc="387,-21,210,63,213,-21,190,-21" /><INIT seed="1,2,0,5,0,65" ten="366,273,192,169" oya="1" hai0="91,86,74,116,50,76,114,51,69,24,85,132,119" hai1="8,35,104,99,48,109,131,78,129,5,123,101,80" hai2="23,15,3,90,134,58,64,110,12,89,4,102,120" hai3="117,118,54,10,96,57,7,135,84,62,108,52,122"/><U56/><E123/><V81/><F120/><W103/><G122/><T125/><D114/><U18/><E35/><V87/><F110/><W36/><G36/><T2/><D2/><U130/><E109/><V21/><F134/><W75/><G75/><T115/><D115/><U26/><E26/><V77/><F102/><W61/><G108/><T32/><D132/><U41/><E18/><N who="2" m="10439" /><F3/><W19/><G135/><T94/><D74/><U106/><E106/><V126/><F126/><W92/><G19/><T9/><D9/><U25/><E25/><V43/><F43/><W83/><G54/><T100/><D100/><U16/><E16/><N who="2" m="10655" /><F4/><W0/><REACH who="3" step="1"/><G62/><AGARI ba="2,0" hai="58,62,64,77,81,87,89,90" m="10655,10439" machi="62" ten="30,2000,0" yaku="8,1,54,1" doraHai="65" who="2" fromWho="3" sc="366,0,273,0,192,26,169,-26" /><INIT seed="2,0,0,4,2,23" ten="366,273,218,143" oya="2" hai0="87,21,66,82,50,111,108,1,70,102,6,105,104" hai1="64,68,62,8,67,122,124,29,117,61,76,0,65" hai2="99,114,93,15,57,119,20,97,24,115,22,113,14" hai3="34,58,80,106,126,56,71,12,88,109,55,27,130"/><V116/><F57/><W75/><G71/><T125/><D125/><U90/><E117/><V38/><F38/><W92/><G106/><T13/><D1/><U42/><E124/><V107/><F107/><W127/><G109/><N who="0" m="42059" /><D102/><U123/><E76/><V54/><F54/><W41/><G41/><T103/><D103/><U89/><E29/><V86/><F86/><W96/><G130/><T30/><D50/><U69/><E42/><V44/><F44/><W133/><G133/><T19/><D6/><N who="1" m="1095" /><E65/><V131/><F131/><W28/><G12/><N who="2" m="4649" /><F93/><W11/><G11/><T59/><D30/><U91/><E68/><V3/><F3/><W48/><REACH who="3" step="1"/><G58/><REACH who="3" ten="366,273,218,133" step="2"/><T110/><D59/><U121/><E69/><V9/><F9/><W98/><G98/><N who="2" m="37385" /><F116/><W37/><G37/><T60/><D110/><U83/><E122/><V26/><F119/><W112/><G112/><T134/><D134/><U128/><E123/><V84/><F84/><W81/><G81/><T118/><D118/><U17/><E121/><V77/><F77/><AGARI ba="0,1" hai="27,28,34,48,55,56,75,77,80,88,92,96,126,127" machi="77" ten="40,5200,0" yaku="1,1,52,1,54,1,53,0" doraHai="23" doraHaiUra="43" who="3" fromWho="2" sc="366,0,273,0,218,-52,133,62" /><AGARI ba="0,0" hai="13,19,21,60,66,70,77,82,87,104,105" m="42059" machi="77" ten="30,1000,0" yaku="14,1" doraHai="23" who="0" fromWho="2" sc="366,10,273,0,166,-10,195,0" /><INIT seed="3,0,0,4,5,10" ten="376,273,156,195" oya="3" hai0="87,21,50,75,11,100,62,59,114,106,9,57,2" hai1="77,118,101,76,68,40,125,104,90,0,41,32,3" hai2="117,110,37,80,121,84,99,112,93,53,13,79,122" hai3="107,83,120,19,71,92,39,81,86,35,72,38,105"/><W115/><G120/><N who="2" m="46185" /><F37/><W130/><G115/><T51/><D75/><U36/><E32/><V119/><F53/><W97/><G35/><T61/><D106/><U29/><E125/><V128/><F13/><W129/><G71/><T47/><D100/><U20/><E118/><N who="2" m="45067" /><F112/><W74/><G19/><T14/><D87/><U22/><E90/><N who="2" m="55735" /><F110/><W23/><G23/><T58/><D2/><U69/><E29/><V27/><F27/><W82/><G86/><T31/><D50/><U7/><E7/><V63/><F63/><W78/><G78/><T132/><D114/><U25/><E25/><V113/><F113/><W55/><G55/><T88/><D62/><U15/><E36/><V94/><F94/><W24/><G24/><T46/><D61/><U66/><E104/><N who="3" m="40010" /><G38/><T108/><D21/><U98/><E66/><V126/><F128/><N who="3" m="49259" /><G39/><T109/><D109/><U56/><E56/><V67/><F67/><W135/><G135/><T42/><D59/><U16/><E16/><V48/><F48/><W73/><G73/><T45/><D58/><U43/><E43/><V95/><F95/><W5/><G5/><T103/><D57/><U60/><E60/><V102/><F102/><AGARI ba="0,0" hai="72,74,81,82,83,92,97,102" m="49259,40010" machi="102" ten="40,7700,0" yaku="19,1,34,2" doraHai="10" who="3" fromWho="2" sc="376,0,273,0,156,-77,195,77" /><INIT seed="3,1,0,5,3,110" ten="376,273,79,272" oya="3" hai0="48,19,4,100,89,55,85,86,93,105,62,6,78" hai1="69,13,12,115,53,25,22,79,112,82,47,132,20" hai2="63,43,81,108,72,106,101,10,8,5,131,33,97" hai3="104,87,125,2,37,103,30,32,15,80,40,74,7"/><W0/><BYE who="2" /><G125/><T83/><D105/><U68/><E132/><V38/><F38/><W113/><G113/><T94/><D62/><U124/><E124/><V92/><F92/><W84/><G74/><T134/><D134/><U114/><E47/><V119/><F119/><W111/><G111/><T21/><D94/><U1/><E1/><V91/><F91/><W107/><G32/><T61/><D61/><U88/><E53/><V75/><F75/><W116/><G30/><T57/><D100/><U51/><E51/><V29/><F29/><W67/><G67/><T95/><D95/><U120/><E120/><V109/><F109/><W52/><G52/><T39/><D39/><U77/><E114/><V35/><F35/><W76/><G84/><T11/><D11/><U23/><E23/><V24/><F24/><AGARI ba="1,0" hai="4,6,19,21,24,48,55,57,78,83,85,86,89,93" machi="24" ten="30,2000,0" yaku="7,1,8,1" doraHai="110" who="0" fromWho="2" sc="376,23,273,0,79,-23,272,0" owari="399,49.9,273,7.3,56,-44.4,272,-12.8" /></mjloggm>