<mjloggm ver="2.3"><GO type="225" lobby="0"/><UN n0="%E3%81%BF%E3%81%BF%E3%81%9A" n1="%E5%8D%A0%E3%81%84%E5%B8%AB%E8%A3%8F%E3%81%AA%E3%81%84%E3%81%97" n2="%6D%75%75%6D%75%72%61" n3="%E3%81%AF%E3%82%88%E3%81%8A%E3%81%98%E3%81%95%E3%82%93" dan="16,16,17,17" rate="2178.01,2120.92,2179.95,2149.68" sx="M,M,F,M"/><TAIKYOKU oya="0"/><INIT seed="0,0,0,0,3,58" ten="250,250,250,250" oya="0" hai0="102,71,103,15,26,25,59,19,134,5,82,45,46" hai1="4,70,20,67,80,73,21,132,79,17,52,34,129" hai2="6,92,94,91,23,128,126,120,62,37,112,10,117" hai3="66,35,116,64,48,1,121,74,51,11,104,60,87"/><T31/><D71/><U40/><E34/><V106/><F120/><W54/><G74/><T110/><D134/><U32/><E32/><V130/><F112/><W18/><G116/><T12/><D110/><U95/><E132/><V124/><F106/><W42/><G104/><T114/><D114/><U65/><E40/><V43/><F117/><W0/><G35/><T111/><D111/><U96/><E4/><V41/><F23/><W55/><G121/><T125/><D125/><N who="2" m="48234" /><F62/><W33/><G33/><T38/><D38/><U30/><E129/><N who="2" m="49771" /><F37/><W3/><G60/><T22/><D82/><U133/><E133/><V84/><F94/><W63/><G63/><T131/><D131/><U109/><E109/><V86/><F86/><W85/><G87/><T101/><D59/><U69/><E69/><V47/><F47/><N who="0" m="17930" /><D26/><U57/><E70/><V14/><AGARI ba="0,0" hai="6,10,14,41,43,84,91,92" m="49771,48234" machi="14" ten="30,2000,0" yaku="18,1,19,1" doraHai="58" who="2" fromWho="2" sc="250,-10,250,-5,250,20,250,-5" /><INIT seed="1,0,0,1,5,48" ten="240,245,270,245" oya="1" hai0="103,133,26,9,99,11,62,119,109,105,125,102,63" hai1="45,55,49,120,112,70,27,76,134,111,89,87,17" hai2="3,81,23,107,74,14,95,31,29,34,96,4,28" hai3="97,22,37,20,88,92,69,68,2,121,6,8,59"/><U108/><E112/><V127/><F107/><W79/><G121/><T90/><D119/><U47/><E120/><V71/><F71/><W126/><G126/><T44/><D125/><U114/><E114/><V39/><F127/><W135/><G135/><T19/><D133/><U50/><E70/><V84/><F39/><W129/><G129/><T40/><D109/><N who="1" m="42059" /><E134/><V123/><F123/><W56/><G37/><T78/><D78/><U86/><E76/><V36/><F36/><W10/><G79/><T41/><D26/><U51/><E51/><V72/><F34/><W1/><G69/><T91/><D19/><U18/><E27/><V53/><F3/><W15/><G68/><T117/><D105/><U83/><E87/><V116/><F116/><W42/><G42/><AGARI ba="0,0" hai="17,18,42,45,47,49,50,55,83,86,89" m="42059" machi="42" ten="30,5800,0" yaku="14,1,10,1,52,1" doraHai="48" who="1" fromWho="3" sc="240,0,245,58,270,0,245,-58" /><INIT seed="1,1,0,1,2,47" ten="240,303,270,187" oya="1" hai0="3,72,4,44,16,110,31,135,129,63,34,107,51" hai1="6,85,50,128,18,117,39,66,121,14,106,86,26" hai2="21,71,64,88,19,68,111,90,53,9,58,54,118" hai3="112,59,87,17,27,42,109,35,23,108,56,74,120"/><U84/><E39/><V52/><F118/><W38/><G120/><T65/><D110/><N who="3" m="42601" /><G74/><T83/><D129/><U127/><E117/><V73/><F111/><W94/><G112/><T92/><D107/><U55/><E121/><V82/><F9/><W61/><G35/><T102/><D135/><U20/><E106/><V25/><F73/><W46/><G61/><T49/><D3/><U81/><E127/><V11/><F11/><W0/><G0/><T132/><D4/><U62/><E128/><V124/><F124/><W122/><G122/><T89/><D132/><U30/><E6/><V114/><F114/><W75/><G75/><T131/><D131/><U33/><E62/><N who="2" m="37975" /><F71/><W70/><G70/><T37/><D34/><U2/><E66/><V100/><F68/><W99/><G87/><N who="0" m="50431" /><D31/><U93/><E2/><V24/><F100/><AGARI ba="1,0" hai="17,23,27,38,42,46,56,59,94,99,100" m="42601" machi="100" ten="30,1000,0" yaku="14,1" doraHai="47" who="3" fromWho="2" sc="240,0,303,0,270,-13,187,13" /><INIT seed="2,0,0,1,4,46" ten="240,303,257,200" oya="2" hai0="53,62,128,97,32,25,12,86,40,102,118,59,43" hai1="27,114,106,99,42,92,37,89,127,35,58,126,93" hai2="22,124,26,122,60,6,80,68,54,51,47,109,134" hai3="21,131,76,125,41,130,55,34,61,135,2,14,72"/><V81/><F122/><W5/><G34/><T13/><D128/><N who="3" m="49193" /><G125/><N who="1" m="47626" /><E114/><V65/><F124/><W108/><G108/><T79/><D118/><U38/><E106/><V77/><F134/><W8/><G135/><T104/><D32/><U66/><E42/><V10/><F109/><W17/><G41/><T23/><D40/><U57/><E92/><V67/><F67/><W112/><G112/><T29/><REACH who="0" step="1"/><D43/><REACH who="0" ten="230,303,257,200" step="2"/><U49/><E35/><V111/><F111/><W28/><G28/><T88/><D88/><U20/><E89/><V100/><F100/><W121/><G121/><T78/><D78/><U15/><E38/><V16/><REACH who="2" step="1"/><F77/><REACH who="2" ten="230,303,247,200" step="2"/><W69/><G76/><T52/><D52/><U85/><E66/><V39/><F39/><W83/><G55/><T123/><D123/><U101/><E37/><V107/><F107/><W96/><G69/><T56/><D56/><U36/><E36/><V110/><F110/><W75/><G75/><T9/><D9/><U74/><E74/><V19/><F19/><W113/><G113/><T0/><D0/><AGARI ba="0,2" hai="0,6,10,16,22,26,47,51,54,60,65,68,80,81" machi="0" ten="30,12000,1" yaku="1,1,7,1,52,1,54,1,53,1" doraHai="46" doraHaiUra="18" who="2" fromWho="0" sc="230,-120,303,0,247,140,200,0" /><INIT seed="2,1,0,5,0,1" ten="110,303,387,200" oya="2" hai0="3,14,104,33,131,25,44,125,31,113,134,70,15" hai1="4,24,58,17,66,128,103,54,10,101,67,74,64" hai2="11,123,42,6,84,40,36,99,28,0,124,86,61" hai3="129,30,27,76,122,73,85,81,96,71,89,87,52"/><V106/><F123/><W109/><G122/><T68/><D113/><U47/><E74/><V119/><F119/><W51/><G109/><T77/><D104/><U50/><E128/><V41/><F124/><W62/><G129/><T72/><D125/><U63/><E24/><V114/><F36/><W97/><G73/><T121/><D121/><U93/><E17/><V105/><F114/><W9/><G9/><T20/><D131/><U32/><E32/><V132/><F132/><W79/><G62/><T133/><D44/><U5/><E10/><V88/><F28/><W126/><G71/><T112/><D3/><U23/><E23/><V39/><F39/><W21/><G126/><T18/><D14/><U2/><E2/><V43/><F43/><W45/><G79/><T12/><D12/><U53/><REACH who="1" step="1"/><E93/><AGARI ba="1,0" hai="21,27,30,45,51,52,76,81,85,87,89,93,96,97" machi="93" ten="30,3900,0" yaku="7,1,8,1,54,1" doraHai="1" who="3" fromWho="1" sc="110,0,303,-42,387,0,200,42" /><INIT seed="3,0,0,4,1,80" ten="110,261,387,242" oya="3" hai0="119,108,77,32,34,118,93,83,71,54,21,9,30" hai1="134,129,105,12,127,120,27,7,29,122,69,64,43" hai2="17,92,86,58,33,82,113,96,133,45,40,97,60" hai3="13,37,73,0,47,53,8,63,99,35,75,109,38"/><W15/><G35/><T25/><D71/><U23/><E105/><V112/><F33/><W20/><G0/><T126/><D93/><U3/><E129/><V94/><F133/><W101/><G109/><T56/><D108/><U81/><E134/><V19/><F94/><W90/><G20/><T10/><D126/><U121/><E43/><V91/><F112/><W57/><G13/><T62/><D118/><U100/><E100/><V85/><F113/><W11/><G11/><T14/><D119/><U116/><E116/><V84/><F45/><W78/><G90/><T103/><D34/><U31/><E127/><V125/><F125/><W52/><G78/><T44/><D32/><U124/><E124/><V51/><F51/><W55/><G75/><T24/><D24/><U68/><E3/><V50/><F50/><W76/><G76/><T131/><D131/><U28/><E81/><V107/><F40/><W114/><G73/><T6/><D44/><U110/><E64/><N who="2" m="38935" /><F107/><W59/><G114/><T42/><D42/><U61/><E110/><V135/><F135/><W41/><G57/><T74/><D10/><N who="1" m="4191" /><E69/><V48/><F48/><W72/><G72/><T67/><D103/><U111/><E111/><V102/><F97/><W26/><G38/><T46/><D46/><U128/><E128/><V39/><F39/><W65/><G26/><T2/><D2/><U89/><E68/><V1/><F1/><W87/><G87/><AGARI ba="0,0" hai="17,19,82,84,85,86,87,91,92,96,102" m="38935" machi="87" ten="30,8000,1" yaku="8,1,52,4" doraHai="80" who="2" fromWho="3" sc="110,0,261,0,387,80,242,-80" owari="110,-39.0,261,6.1,467,56.7,162,-23.8" /></mjloggm>