<mjloggm ver="2.3"><GO type="225" lobby="0"/><UN n0="%E5%8F%AF%E5%85%90%E9%82%A3%E7%94%B1%E5%A4%9A" n1="%E6%AB%BB%E4%BA%95%E5%A5%8F" n2="%E9%A2%A8%E3%81%A7%E9%B3%B4%E3%81%8F" n3="%45%6C%79%73%69%75%6D" dan="17,17,16,17" rate="2249.88,2210.04,2158.79,2117.54" sx="F,M,M,F"/><TAIKYOKU oya="0"/><INIT seed="0,0,0,1,4,41" ten="250,250,250,250" oya="0" hai0="73,36,134,45,110,38,51,114,12,135,0,25,121" hai1="27,108,42,77,32,90,66,127,70,124,16,11,17" hai2="98,3,104,76,123,35,1,117,50,22,75,43,84" hai3="58,56,109,79,96,57,52,40,107,44,28,67,86"/><T91/><D0/><U130/><E130/><V126/><F35/><W64/><G109/><T24/><D73/><U53/><E108/><V48/><F123/><W71/><G28/><T30/><D110/><U72/><E53/><V128/><F75/><W106/><G79/><T133/><D121/><U89/><E66/><V49/><F128/><W93/><G86/><T115/><D12/><U132/><E70/><V59/><F126/><W112/><G112/><N who="0" m="43051" /><D91/><U15/><E132/><N who="0" m="33793" /><T62/><DORA hai="81" /><D62/><U34/><E72/><V13/><F117/><W4/><G4/><T55/><D25/><U129/><E77/><V20/><F13/><W80/><G80/><T7/><D7/><U83/><E129/><V69/><F1/><W113/><G113/><T120/><D120/><U95/><E89/><V33/><F3/><W99/><G99/><T87/><D87/><U94/><E90/><V125/><F84/><W31/><G31/><T61/><D61/><U46/><E15/><V65/><F98/><W100/><G71/><T5/><D5/><U74/><E74/><V122/><F69/><W9/><G9/><T63/><D63/><U37/><E27/><V82/><F122/><W131/><G131/><T103/><D103/><U119/><E124/><V19/><F125/><W102/><G102/><T118/><D118/><U85/><E127/><V8/><F65/><W68/><G68/><T29/><D29/><U47/><E119/><V78/><F76/><W111/><G111/><T39/><D38/><U101/><E37/><V116/><F78/><W23/><G23/><AGARI ba="0,0" hai="23,24,30,36,39,45,51,55" m="33793,43051" machi="23" ten="40,3900,0" yaku="20,1,52,1" doraHai="41,81" who="0" fromWho="3" sc="250,39,250,0,250,0,250,-39" /><INIT seed="0,1,0,4,1,6" ten="289,250,250,211" oya="0" hai0="95,118,59,105,113,117,93,13,73,31,111,16,115" hai1="89,106,122,80,60,83,90,43,54,26,17,123,121" hai2="132,53,126,99,45,38,4,101,24,134,2,76,28" hai3="33,127,15,11,135,0,75,104,44,14,56,9,133"/><T46/><D105/><U21/><E106/><N who="2" m="63807" /><F53/><W79/><G104/><T68/><D68/><U129/><E129/><V71/><F71/><W94/><G127/><T69/><D69/><U10/><E43/><N who="2" m="22775" /><F126/><W40/><G33/><T1/><D73/><U102/><E102/><V18/><F18/><W34/><G34/><T32/><D1/><U48/><E60/><V100/><F100/><W63/><G94/><T120/><D59/><U88/><REACH who="1" step="1"/><E10/><REACH who="1" ten="289,240,250,211" step="2"/><N who="3" m="3594" /><G0/><T36/><D117/><U42/><E42/><V50/><F2/><W37/><G75/><T35/><D118/><U29/><E29/><V52/><F28/><W86/><G86/><T27/><D31/><U85/><E85/><V91/><F132/><N who="3" m="50763" /><G79/><T25/><D113/><U3/><E3/><V61/><F76/><W87/><G87/><T77/><D115/><U84/><E84/><V30/><F30/><W67/><AGARI ba="1,1" hai="14,15,37,40,44,56,63,67" m="50763,3594" machi="67" ten="30,7900,0" yaku="20,1,52,3" doraHai="6" who="3" fromWho="3" sc="289,-40,240,-21,250,-21,211,92" /><INIT seed="1,0,0,2,4,62" ten="249,219,229,303" oya="1" hai0="71,21,83,26,80,94,81,64,116,5,38,39,115" hai1="105,93,33,4,114,9,10,110,87,90,44,23,132" hai2="79,97,1,16,51,103,49,3,133,130,95,82,88" hai3="58,75,96,99,30,86,12,43,8,76,0,18,78"/><U126/><E114/><V128/><F133/><W92/><G75/><T66/><D115/><U109/><E33/><V17/><F1/><W117/><G117/><T124/><D116/><U25/><E132/><V107/><F3/><W127/><G127/><T134/><D124/><U104/><E126/><V7/><F7/><W2/><G30/><T84/><D134/><U31/><E44/><V50/><F107/><W61/><G43/><T98/><D71/><U108/><REACH who="1" step="1"/><E10/><REACH who="1" ten="249,209,229,303" step="2"/><V69/><F69/><W77/><G0/><AGARI ba="0,1" hai="0,4,9,23,25,31,87,90,93,104,105,108,109,110" machi="0" ten="40,12000,1" yaku="1,1,2,1,14,1,10,1,53,0" doraHai="62" doraHaiUra="73" who="1" fromWho="3" sc="249,0,209,130,229,0,303,-120" /><INIT seed="1,1,0,3,3,129" ten="249,339,229,183" oya="1" hai0="17,37,71,121,111,52,59,95,102,23,9,80,116" hai1="128,96,117,38,104,16,60,40,112,97,119,107,0" hai2="34,55,43,42,45,2,133,84,36,91,48,75,62" hai3="83,106,110,78,76,29,105,79,24,28,11,93,49"/><U25/><E112/><V20/><F75/><W124/><G110/><T10/><D116/><U74/><E0/><V30/><F20/><W32/><G124/><T108/><D71/><U134/><E74/><V22/><F2/><W6/><G29/><T69/><D69/><U4/><E128/><V47/><F34/><W125/><G125/><T131/><D37/><U56/><E4/><V1/><F1/><W61/><G83/><T12/><D131/><U130/><E130/><V15/><F62/><W18/><G18/><T132/><D121/><U8/><E134/><V14/><F133/><W51/><G93/><T72/><D132/><U13/><E25/><V99/><F99/><W3/><REACH who="3" step="1"/><G61/><REACH who="3" ten="249,339,229,173" step="2"/><N who="0" m="36071" /><D95/><U118/><E107/><AGARI ba="1,1" hai="3,6,11,24,28,32,49,51,76,78,79,105,106,107" machi="107" ten="40,1300,0" yaku="1,1,53,0" doraHai="129" doraHaiUra="50" who="3" fromWho="1" sc="249,0,339,-16,229,0,173,26" /><INIT seed="2,0,0,2,3,91" ten="249,323,229,199" oya="2" hai0="128,89,74,40,23,25,64,90,70,127,86,88,37" hai1="49,122,118,124,110,92,45,54,117,38,107,13,47" hai2="30,29,73,94,39,36,20,113,99,125,93,101,32" hai3="19,53,105,79,80,103,100,34,7,22,60,61,65"/><V121/><F73/><W116/><G34/><T119/><D74/><U56/><E107/><V133/><F121/><W114/><G116/><T18/><D119/><U51/><E122/><V102/><F113/><W31/><G114/><T77/><D128/><U5/><E110/><V44/><F32/><W42/><G31/><T84/><D127/><U95/><E124/><V8/><F125/><W15/><G42/><T129/><D129/><U67/><E117/><V97/><F8/><W81/><G7/><T109/><D109/><U4/><E38/><V59/><F133/><W35/><G35/><T135/><D135/><U66/><E118/><V126/><F126/><W55/><G80/><T75/><D75/><U63/><E66/><V58/><F44/><W130/><G130/><T104/><D104/><U83/><E83/><V26/><F26/><W28/><G28/><T27/><D77/><U1/><E1/><V48/><F48/><W71/><G105/><T69/><D27/><U111/><E111/><V132/><F132/><W24/><G24/><T3/><D3/><U52/><E4/><V43/><F20/><W82/><G82/><T16/><D18/><U85/><E85/><V46/><F46/><W96/><G60/><N who="0" m="40071" /><D70/><U17/><E5/><V78/><F43/><W120/><G120/><T12/><D25/><U72/><E72/><V131/><F131/><W10/><G22/><AGARI ba="0,0" hai="13,17,22,45,47,49,51,52,54,56,63,67,92,95" machi="22" ten="30,12000,2" yaku="7,1,9,1,8,1,52,2,54,1" doraHai="91" who="1" fromWho="3" sc="249,0,323,120,229,0,199,-120" /><INIT seed="3,0,0,1,5,53" ten="249,443,229,79" oya="3" hai0="113,111,36,64,102,127,125,76,12,45,35,24,107" hai1="118,57,42,124,70,71,7,129,61,105,101,108,116" hai2="60,130,91,29,83,74,73,22,87,90,79,67,44" hai3="34,10,25,27,19,75,126,63,14,115,62,94,26"/><W89/><G115/><T9/><D113/><U96/><E108/><V51/><F130/><W30/><G75/><T39/><D111/><U86/><E129/><V92/><F74/><W95/><G126/><N who="0" m="48139" /><D64/><U43/><E124/><V20/><F29/><W13/><G13/><T120/><D120/><U49/><E7/><V32/><F32/><W80/><G80/><T99/><D76/><U131/><E131/><V109/><F109/><W104/><G104/><T121/><D121/><U56/><E86/><V58/><F90/><W88/><G27/><T41/><D35/><U2/><E2/><V77/><F79/><W84/><REACH who="3" step="1"/><G26/><REACH who="3" ten="249,443,229,69" step="2"/><T66/><D24/><U11/><E105/><V46/><F46/><W55/><G55/><AGARI ba="0,1" hai="20,22,44,51,55,58,60,67,73,77,83,87,91,92" machi="55" ten="30,2000,0" yaku="7,1,52,1" doraHai="53" who="2" fromWho="3" sc="249,0,443,0,229,30,69,-20" owari="249,-15.1,443,54.3,259,5.9,49,-45.1" /></mjloggm>