<mjloggm ver="2.3"><GO type="225" lobby="0"/><UN n0="%79%6B%66%35%35%33%38%39" n1="%48%61%61%61%6C%61%6E%64" n2="%E6%81%A5%E6%99%92%E3%81%97" n3="%E3%82%89%E3%81%84%E3%81%B5%E3%81%8C%E3%83%BC%E3%81%A9%E3%81%99%E3%81%8D" dan="16,18,16,17" rate="2088.58,2144.98,2124.76,2168.57" sx="M,M,M,M"/><TAIKYOKU oya="0"/><INIT seed="0,0,0,5,0,95" ten="250,250,250,250" oya="0" hai0="49,99,121,30,44,106,15,101,102,61,67,48,47" hai1="20,132,119,120,33,86,77,85,74,97,28,65,42" hai2="93,0,131,104,51,108,129,94,91,16,117,83,81" hai3="7,21,92,109,56,25,22,52,41,18,46,70,32"/><T36/><D121/><U57/><E120/><V127/><F0/><W123/><G123/><T124/><D124/><U8/><E119/><V64/><F127/><W27/><G109/><T26/><D101/><U78/><E33/><V87/><F64/><W72/><G72/><T12/><D36/><U34/><E34/><V35/><F35/><W54/><G32/><N who="0" m="20567" /><D49/><U3/><E42/><V90/><F51/><W62/><G7/><T17/><D17/><U134/><E86/><N who="2" m="52439" /><F16/><W107/><G107/><T2/><D2/><U84/><E3/><V6/><F6/><W130/><G130/><N who="2" m="49673" /><F108/><W69/><G92/><T103/><D103/><U53/><E28/><V100/><F117/><W60/><G60/><T38/><D38/><U55/><E65/><V31/><F31/><W82/><G54/><N who="0" m="29959" /><D47/><U19/><E53/><V4/><F4/><W110/><G110/><T111/><D111/><U80/><E55/><V43/><F43/><W23/><G82/><T73/><D73/><U50/><E74/><V9/><F9/><W40/><G40/><T133/><D133/><U1/><E132/><V79/><F79/><W14/><G70/><AGARI ba="0,0" hai="12,15,61,67,70,99,102,106" m="29959,20567" machi="70" ten="30,2900,0" yaku="25,1,52,1" doraHai="95" who="0" fromWho="3" sc="250,29,250,0,250,0,250,-29" /><INIT seed="0,1,0,2,4,61" ten="279,250,250,221" oya="0" hai0="11,104,125,51,132,3,43,82,102,31,95,76,60" hai1="123,34,113,66,85,18,120,29,54,98,69,108,105" hai2="78,10,8,0,126,75,130,13,112,111,81,115,56" hai3="83,40,27,46,42,116,93,67,33,35,127,131,38"/><T135/><D104/><U80/><E108/><V39/><F111/><W47/><G116/><T32/><D32/><U87/><E54/><V25/><F126/><W71/><G127/><T84/><D125/><U28/><E18/><V14/><F130/><W12/><G131/><T89/><D102/><N who="1" m="62679" /><E28/><V107/><F107/><W64/><G71/><T110/><D110/><U4/><E4/><V23/><F56/><W22/><G83/><T49/><D31/><U1/><E1/><V45/><F112/><W65/><G93/><T96/><D60/><N who="1" m="40135" /><E87/><V90/><F90/><W53/><G12/><T48/><REACH who="0" step="1"/><D43/><REACH who="0" ten="269,250,250,221" step="2"/><U2/><E113/><V63/><F115/><W36/><G53/><T19/><D19/><AGARI ba="1,1" hai="19,22,27,33,35,36,38,40,42,46,47,64,65,67" machi="19" ten="40,8000,1" yaku="9,1,52,3" doraHai="61" who="3" fromWho="0" sc="269,-83,250,0,250,0,221,93" /><INIT seed="1,0,0,5,2,8" ten="186,250,250,314" oya="1" hai0="111,1,73,45,23,63,9,15,99,94,112,106,90" hai1="19,46,89,55,74,113,40,102,31,24,39,58,87" hai2="66,42,4,95,96,135,41,117,68,78,75,5,18" hai3="22,53,127,67,56,36,33,35,93,21,32,77,124"/><U86/><E74/><V37/><F117/><W129/><G36/><T109/><D112/><U92/><E113/><V76/><F135/><W25/><G67/><T13/><D73/><U30/><E102/><V70/><F66/><W132/><G132/><T43/><D106/><U131/><E131/><V107/><F107/><W100/><G129/><T118/><D118/><U48/><E87/><V123/><F123/><W38/><G38/><T85/><D63/><U105/><E105/><V17/><F95/><W79/><G22/><T51/><D85/><U27/><REACH who="1" step="1"/><E19/><REACH who="1" ten="186,240,250,314" step="2"/><N who="2" m="7179" /><F75/><W65/><G100/><T120/><D120/><U116/><E116/><V130/><F130/><W64/><G127/><T54/><D99/><U62/><E62/><V71/><F96/><W128/><G124/><T69/><D109/><U26/><AGARI ba="0,1" hai="24,26,27,30,31,39,40,46,48,55,58,86,89,92" machi="26" ten="30,6000,0" yaku="1,1,0,1,53,1" doraHai="8" doraHaiUra="88" who="1" fromWho="1" sc="186,-20,240,70,250,-20,314,-20" /><INIT seed="1,1,0,2,1,119" ten="166,310,230,294" oya="1" hai0="33,130,63,79,20,91,66,81,126,123,124,102,122" hai1="97,22,133,52,14,48,55,89,4,56,5,117,40" hai2="105,31,107,82,132,90,87,61,67,9,42,86,12" hai3="0,1,2,23,103,16,15,49,114,13,62,25,59"/><U10/><E117/><V50/><F132/><W39/><G39/><T98/><D33/><U76/><E133/><V101/><F101/><W43/><G114/><T64/><D91/><U120/><E120/><N who="0" m="46121" /><D130/><U129/><E129/><V110/><F110/><W99/><G49/><T3/><D3/><U28/><E76/><V127/><F127/><N who="0" m="48682" /><D20/><U125/><E125/><V26/><F105/><W21/><G43/><T92/><D63/><N who="1" m="36231" /><E40/><V118/><F61/><W77/><G23/><T93/><D93/><N who="1" m="56495" /><E22/><V17/><F118/><W57/><G2/><T8/><D8/><U6/><E28/><V35/><F107/><W34/><G1/><T18/><D18/><U113/><E113/><V24/><F42/><W83/><G0/><T68/><D68/><U71/><E71/><V96/><F31/><W100/><G34/><T78/><D78/><U41/><E41/><V109/><F35/><W106/><G62/><T112/><D112/><U131/><E131/><V115/><F115/><W70/><G70/><T88/><D102/><U84/><E4/><V121/><F121/><W72/><G103/><T46/><D46/><N who="1" m="28055" /><E5/><V44/><F109/><W47/><G47/><T38/><D38/><U111/><E111/><V51/><F44/><W30/><G30/><T95/><D95/><U116/><E116/><V58/><F58/><W60/><G59/><T75/><AGARI ba="1,0" hai="64,66,75,79,81,88,92,98" m="48682,46121" machi="75" ten="30,12000,2" yaku="13,1,18,1,52,3,54,1" doraHai="119" who="0" fromWho="0" sc="166,123,310,-61,230,-31,294,-31" /><INIT seed="2,0,0,4,4,50" ten="289,249,199,263" oya="2" hai0="73,127,55,44,97,91,71,76,53,1,6,114,80" hai1="49,7,48,14,41,38,75,105,132,134,109,100,31" hai2="131,98,61,34,29,60,13,85,4,72,9,95,118" hai3="51,20,43,18,104,88,0,89,5,101,46,32,96"/><V83/><F131/><W107/><G32/><T92/><D114/><U125/><E75/><V67/><F118/><W135/><G135/><N who="1" m="51754" /><E109/><V59/><F72/><W28/><G28/><T123/><D123/><U133/><N who="1" m="51762" /><U21/><DORA hai="23" /><E125/><V108/><F108/><W47/><G107/><T103/><D127/><U66/><E66/><V110/><F110/><W40/><G5/><T87/><D71/><U129/><E129/><V39/><F39/><W117/><G0/><T64/><D64/><U74/><E74/><V62/><F29/><W69/><G69/><T63/><D63/><U2/><E2/><V115/><F34/><W17/><G117/><T99/><D44/><N who="1" m="23607" /><E7/><V42/><F42/><W3/><G3/><T121/><D121/><U8/><E8/><V36/><F36/><W52/><G43/><T106/><D97/><N who="1" m="61583" /><E14/><V111/><F115/><W82/><G18/><T93/><D93/><U90/><E90/><N who="2" m="51519" /><F111/><W22/><G17/><T10/><AGARI ba="0,0" hai="1,6,10,53,55,73,76,80,87,91,92,99,103,106" machi="10" ten="30,8000,1" yaku="0,1,24,2,52,2" doraHai="50,23" who="0" fromWho="0" sc="289,80,249,-20,199,-40,263,-20" /><INIT seed="3,0,0,0,3,78" ten="369,229,159,243" oya="3" hai0="135,93,98,94,125,47,44,117,33,102,129,63,128" hai1="25,109,26,87,4,104,70,32,35,56,11,95,41" hai2="28,68,73,71,110,22,80,118,15,96,58,103,84" hai3="81,34,31,64,6,21,88,62,57,91,30,82,49"/><W134/><G34/><T43/><D117/><U99/><E70/><V54/><F110/><W126/><G134/><T5/><D135/><U123/><E123/><V52/><F118/><W65/><G126/><T116/><D116/><U3/><E109/><V86/><F68/><W107/><G107/><T48/><D125/><U42/><E104/><V36/><F36/><W115/><G115/><T0/><D33/><U45/><E32/><V114/><F71/><W97/><G6/><T1/><D63/><U12/><E3/><V60/><F114/><W130/><G130/><N who="0" m="50283" /><D5/><U111/><E111/><V61/><F73/><W92/><G65/><T19/><D19/><U7/><E7/><V17/><F28/><N who="3" m="10795" /><G21/><T24/><D24/><N who="1" m="9323" /><E35/><V124/><F124/><W10/><G10/><T8/><D8/><U90/><E45/><V66/><F61/><W75/><G75/><T18/><D18/><U51/><E99/><V105/><REACH who="2" step="1"/><F86/><REACH who="2" ten="369,229,149,243" step="2"/><N who="3" m="50263" /><G49/><T46/><D48/><U120/><E120/><V38/><F38/><W74/><G74/><T133/><D133/><U76/><E51/><V77/><AGARI ba="0,1" hai="15,17,22,52,54,58,60,66,77,80,84,96,103,105" machi="77" ten="20,12000,2" yaku="1,1,0,1,7,1,52,1,54,1,53,1" doraHai="78" doraHaiUra="16" who="2" fromWho="2" sc="369,-30,229,-30,149,130,243,-60" owari="339,43.9,199,-20.1,279,7.9,183,-31.7" /></mjloggm>