<mjloggm ver="2.3"><GO type="225" lobby="0"/><UN n0="%E6%97%A5%E6%9B%9C%E6%97%A5%E3%82%88%E3%82%8A%E3%81%AE%E4%BD%BF%E8%80%85" n1="%4B%2E%32%2E%4B%2E" n2="%48%61%61%61%6C%61%6E%64" n3="%6D%75%75%6D%75%72%61" dan="17,17,18,16" rate="2127.23,2247.26,2216.73,2154.51" sx="M,M,M,F"/><TAIKYOKU oya="0"/><INIT seed="0,0,0,5,4,71" ten="250,250,250,250" oya="0" hai0="107,95,62,60,51,132,113,64,39,35,67,52,32" hai1="20,36,43,2,0,99,48,127,118,65,22,50,16" hai2="130,31,33,46,78,34,114,120,14,28,19,66,97" hai3="21,125,26,105,40,8,9,13,55,134,89,85,91"/><T18/><D113/><U73/><E118/><V108/><F114/><W123/><G125/><T102/><D107/><U117/><E117/><V61/><F120/><W72/><G134/><T3/><D3/><U121/><E73/><V70/><F108/><W124/><G72/><T56/><D39/><U119/><E119/><V112/><F112/><W86/><G124/><T59/><D132/><U58/><E58/><V23/><F130/><W115/><G105/><T116/><D18/><U24/><E65/><V131/><F131/><W69/><G69/><T93/><D116/><U100/><E121/><V68/><F68/><W76/><G115/><T128/><D128/><U103/><E127/><V111/><F111/><W129/><G76/><T11/><D11/><U38/><E43/><V1/><F1/><W17/><G129/><T7/><D7/><U54/><E54/><V10/><F78/><W135/><G123/><T92/><REACH who="0" step="1"/><D102/><REACH who="0" ten="240,250,250,250" step="2"/><U57/><E16/><V41/><F10/><W4/><G135/><T81/><D81/><U47/><E100/><V12/><F19/><W74/><G9/><T45/><AGARI ba="0,1" hai="32,35,45,51,52,56,59,60,62,64,67,92,93,95" machi="45" ten="30,11700,0" yaku="1,1,0,1,9,1,54,1,53,0" doraHai="71" doraHaiUra="94" who="0" fromWho="0" sc="240,127,250,-39,250,-39,250,-39" /><INIT seed="0,1,0,4,4,34" ten="367,211,211,211" oya="0" hai0="110,111,69,106,71,55,46,67,4,49,131,114,103" hai1="9,90,58,10,64,22,89,19,104,26,129,116,36" hai2="109,13,50,86,135,108,44,27,59,2,125,80,57" hai3="134,87,39,1,14,92,79,6,35,20,113,30,73"/><T101/><D114/><U127/><E116/><V16/><F125/><W85/><G113/><T66/><D4/><U21/><E104/><V84/><F135/><W53/><G134/><T72/><D72/><U48/><E36/><V77/><F27/><W93/><G73/><T76/><D76/><U52/><E127/><V97/><F2/><W126/><G126/><T37/><D106/><U47/><E129/><V31/><F31/><W102/><G39/><T99/><D99/><U40/><E21/><V24/><F24/><W100/><G35/><T7/><D7/><U5/><E64/><N who="0" m="24617" /><D103/><U83/><E83/><V133/><F97/><W98/><G1/><T42/><D101/><U70/><E70/><N who="0" m="26633" /><D131/><U17/><E17/><V38/><F86/><W124/><G124/><T12/><D12/><U91/><REACH who="1" step="1"/><E5/><REACH who="1" ten="367,201,211,211" step="2"/><V115/><F38/><W122/><G20/><T29/><D29/><U51/><AGARI ba="1,1" hai="9,10,19,22,26,40,47,48,51,52,58,89,90,91" machi="51" ten="30,8000,1" yaku="1,1,2,1,0,1,8,1,54,1,53,0" doraHai="34" doraHaiUra="60" who="1" fromWho="1" sc="367,-41,201,93,211,-21,211,-21" /><INIT seed="1,0,0,4,4,132" ten="326,294,190,190" oya="1" hai0="87,63,6,80,115,29,13,58,70,0,10,98,31" hai1="118,33,11,79,86,111,81,113,130,51,96,108,4" hai2="73,129,104,15,19,14,61,131,83,24,128,5,91" hai3="76,99,46,35,50,55,126,94,90,32,48,18,117"/><U40/><E113/><V82/><F104/><W20/><G117/><T89/><D115/><U22/><E118/><V42/><F42/><W65/><G126/><T72/><D70/><U25/><E130/><V3/><F3/><W68/><G76/><T106/><D72/><U8/><E33/><V64/><F5/><W88/><G90/><T52/><D0/><U92/><E51/><V71/><F91/><W56/><G68/><T17/><REACH who="0" step="1"/><D6/><REACH who="0" ten="316,294,190,190" step="2"/><U133/><E4/><V127/><F73/><W53/><REACH who="3" step="1"/><G65/><REACH who="3" ten="316,294,190,180" step="2"/><T66/><D66/><U93/><E133/><V103/><F71/><W37/><G37/><T74/><D74/><U95/><E108/><V45/><F64/><W43/><G43/><T109/><D109/><U121/><E111/><V120/><F129/><W9/><G9/><T123/><D123/><U36/><E121/><V125/><F120/><W75/><G75/><T119/><D119/><U57/><E40/><V59/><F128/><W105/><G105/><T114/><D114/><U28/><E36/><V110/><F131/><W1/><G1/><T62/><D62/><U30/><E8/><V49/><F110/><W41/><G41/><T122/><D122/><U97/><E11/><V77/><F61/><W135/><G135/><T12/><D12/><AGARI ba="0,2" hai="12,18,20,32,35,46,48,50,53,55,56,88,94,99" machi="12" ten="30,7700,0" yaku="1,1,7,1,54,1,53,1" doraHai="132" doraHaiUra="16" who="3" fromWho="0" sc="316,-77,294,0,190,0,180,97" /><INIT seed="2,0,0,1,4,49" ten="239,294,190,277" oya="2" hai0="9,47,67,32,35,7,115,4,95,74,113,126,80" hai1="55,114,117,130,23,110,16,128,61,26,38,18,118" hai2="53,15,27,94,68,56,75,131,62,86,135,29,90" hai3="84,30,1,82,13,51,81,87,134,44,72,59,11"/><V5/><F131/><N who="1" m="50217" /><E114/><V89/><F135/><W37/><G1/><N who="0" m="143" /><D95/><U58/><E110/><V40/><F75/><W66/><G72/><T39/><D67/><U22/><E38/><V123/><F123/><W36/><G134/><T28/><D7/><U20/><E20/><N who="2" m="15591" /><F68/><W63/><G36/><T41/><D126/><U3/><E3/><V132/><F132/><W85/><G37/><T120/><D120/><U121/><E121/><V79/><F40/><N who="3" m="24967" /><G30/><T97/><D97/><U107/><E107/><V14/><F5/><AGARI ba="0,0" hai="5,11,13,59,63,66,81,82,84,85,87" m="24967" machi="5" ten="30,1000,0" yaku="8,1" doraHai="49" who="3" fromWho="2" sc="239,0,294,0,190,-10,277,10" /><INIT seed="3,0,0,3,2,35" ten="239,294,180,287" oya="3" hai0="68,71,133,32,9,108,15,59,11,44,57,72,3" hai1="113,99,118,78,22,38,86,103,24,65,33,26,124" hai2="8,39,20,42,101,36,128,37,92,21,67,116,85" hai3="84,50,107,18,69,16,14,89,129,31,122,53,121"/><W88/><G69/><T90/><D72/><U12/><E38/><V6/><F116/><W63/><G107/><T95/><D32/><U97/><E113/><V66/><F42/><W45/><G129/><T25/><D3/><U81/><E118/><V64/><F128/><W48/><G31/><T43/><D108/><U60/><E124/><V70/><F70/><W74/><G74/><T75/><D75/><U47/><E47/><V1/><REACH who="2" step="1"/><F85/><REACH who="2" ten="239,294,170,287" step="2"/><W80/><G121/><T40/><D71/><U56/><E86/><V82/><F82/><W10/><G122/><T115/><D68/><U51/><E81/><V30/><F30/><W106/><G84/><T0/><D43/><U49/><E78/><V91/><F91/><W52/><G80/><T109/><D40/><U94/><E99/><AGARI ba="0,1" hai="1,6,8,20,21,36,37,39,64,66,67,92,99,101" machi="99" ten="50,3200,0" yaku="1,1,52,1,53,0" doraHai="35" doraHaiUra="105" who="2" fromWho="1" sc="239,0,294,-32,170,42,287,0" /><INIT seed="4,0,0,2,3,58" ten="239,262,212,287" oya="0" hai0="127,120,43,1,102,25,130,35,114,36,131,112,13" hai1="133,106,98,75,72,44,105,79,117,71,83,85,103" hai2="54,91,87,123,110,115,134,63,121,73,0,129,70" hai3="65,37,42,19,9,8,46,74,66,6,97,100,22"/><T27/><D102/><U107/><E71/><V64/><F110/><W23/><G74/><N who="1" m="28202" /><E44/><V80/><F115/><N who="0" m="44074" /><D120/><U62/><E62/><V113/><F113/><W31/><G31/><N who="0" m="19951" /><D1/><U21/><E21/><V26/><F129/><N who="0" m="49162" /><D127/><U76/><E107/><V18/><F134/><W7/><G22/><T45/><D13/><U40/><E105/><V11/><F73/><W3/><G9/><T89/><D89/><U10/><E106/><V39/><F39/><W2/><G8/><T49/><D27/><U59/><E103/><V104/><F104/><W20/><G3/><T68/><D49/><U38/><E38/><V61/><F26/><W50/><G2/><T119/><D68/><U60/><E10/><V34/><F34/><W111/><G37/><T12/><D12/><U53/><E133/><V52/><F18/><W93/><G111/><T48/><D48/><U126/><E126/><V109/><F109/><W67/><G20/><T57/><D57/><U15/><E15/><AGARI ba="0,0" hai="6,7,15,19,23,42,46,50,65,66,67,93,97,100" machi="15" ten="40,1300,0" yaku="8,1" doraHai="58" who="3" fromWho="1" sc="239,0,262,-13,212,0,287,13" owari="239,-16.1,249,4.9,212,-28.8,300,40.0" /></mjloggm>