<mjloggm ver="2.3"><GO type="225" lobby="0"/><UN n0="%E6%80%AA%E3%81%97%E3%81%99%E3%81%8E%E3%82%8B%E3%83%81%E3%83%BC" n1="%45%6C%79%73%69%75%6D" n2="%E5%AF%82%E5%AF%9E%E3%82%AE%E3%83%8D%E3%82%B9%E3%83%93%E3%83%BC%E3%83%AB" n3="%E7%B4%94%E6%BD%94%E3%83%94%E3%83%A9%E3%83%8B%E3%82%A2" dan="16,17,16,16" rate="2139.25,2103.30,2153.46,2049.91" sx="M,F,M,M"/><TAIKYOKU oya="0"/><INIT seed="0,0,0,1,3,43" ten="250,250,250,250" oya="0" hai0="10,59,87,69,1,47,77,12,58,33,13,122,66" hai1="83,121,67,112,94,15,26,4,95,24,78,61,25" hai2="7,81,36,48,99,62,101,103,130,135,86,134,93" hai3="111,44,5,18,88,98,45,97,120,118,27,65,124"/><T37/><D122/><U125/><E121/><V9/><F36/><W49/><G118/><T54/><D33/><U123/><E123/><V85/><F130/><W116/><G116/><T68/><D1/><U131/><E131/><V40/><F103/><W92/><G120/><T132/><D132/><N who="2" m="50730" /><F62/><W28/><G111/><T14/><D10/><U109/><E109/><V115/><F115/><W6/><G124/><T80/><D66/><U84/><E125/><V41/><F48/><W96/><G18/><T60/><REACH who="0" step="1"/><D59/><REACH who="0" ten="240,250,250,250" step="2"/><N who="1" m="37311" /><E112/><V102/><F9/><AGARI ba="0,1" hai="4,9,15,24,25,26,78,83,84,94,95" m="37311" machi="9" ten="30,1000,0" yaku="8,1" doraHai="43" who="1" fromWho="2" sc="240,0,250,20,250,-10,250,0" /><INIT seed="1,0,0,3,3,120" ten="240,270,240,250" oya="1" hai0="28,17,87,84,97,56,33,8,94,23,30,134,113" hai1="48,39,70,85,51,133,77,91,29,96,75,89,121" hai2="74,123,59,42,0,34,79,122,81,130,16,35,55" hai3="106,83,41,71,46,90,52,3,118,47,1,124,128"/><U65/><E121/><V22/><F0/><W114/><G114/><T4/><D33/><U63/><E39/><V6/><F6/><W7/><G106/><T37/><D37/><U13/><E133/><V38/><F123/><W117/><G71/><T32/><D113/><U101/><E13/><V107/><F107/><W125/><G128/><T102/><D134/><U111/><E111/><V126/><F126/><N who="3" m="48747" /><G83/><T62/><D32/><U69/><E69/><V104/><F104/><W49/><G90/><T105/><D28/><U25/><E89/><V58/><F130/><W11/><G3/><T40/><D40/><U112/><E112/><V64/><F122/><W73/><G73/><T93/><D93/><U14/><E77/><V115/><F115/><W57/><G47/><T21/><D105/><N who="1" m="63655" /><E14/><V129/><F129/><W80/><G80/><T92/><D92/><N who="1" m="54383" /><E75/><V36/><F36/><AGARI ba="0,0" hai="1,7,11,36,41,46,49,52,57,117,118" m="48747" machi="36" ten="30,2000,0" yaku="18,1,54,1" doraHai="120" who="3" fromWho="2" sc="240,0,270,0,240,-20,250,20" /><INIT seed="2,0,0,4,1,7" ten="240,270,220,270" oya="2" hai0="107,123,133,18,50,23,130,105,59,17,41,71,11" hai1="53,76,90,67,21,22,55,84,131,99,42,97,114" hai2="8,115,132,30,6,3,32,116,88,57,85,98,45" hai3="64,34,122,27,106,58,33,124,70,63,81,117,62"/><V31/><F115/><W40/><G122/><T79/><D71/><U19/><E114/><V103/><F116/><W100/><G117/><T65/><D123/><U134/><E131/><V26/><F31/><W5/><G124/><T25/><D130/><U128/><E128/><V119/><F119/><W91/><G40/><T121/><D121/><U87/><E134/><V92/><F57/><W82/><G5/><T111/><D111/><U86/><E67/><V102/><F132/><W24/><G91/><T68/><D133/><U46/><E76/><V12/><F45/><W77/><G27/><T52/><D41/><U48/><E22/><V96/><REACH who="2" step="1"/><F3/><REACH who="2" ten="240,270,210,270" step="2"/><W73/><G58/><T101/><D68/><U109/><E109/><V43/><F43/><W1/><G1/><T83/><D65/><U16/><E42/><V95/><F95/><W44/><G44/><T69/><D69/><U54/><E46/><V78/><F78/><W126/><G77/><T89/><D105/><U72/><E54/><V118/><F118/><W14/><G64/><T56/><D56/><U80/><E55/><V0/><F0/><W2/><G2/><T94/><D107/><U36/><E53/><V110/><F110/><W129/><G70/><T13/><D79/><U47/><E47/><V125/><F125/><W66/><G126/><T127/><D127/><U75/><E75/><V37/><F37/><W93/><G73/><T4/><D83/><U28/><E36/><V29/><F29/><W39/><G39/><T49/><D59/><U9/><E72/><V113/><F113/><W60/><G129/><RYUUKYOKU ba="0,1" sc="240,-10,270,-10,210,30,270,-10" hai2="6,8,12,26,30,32,85,88,92,96,98,102,103" /><INIT seed="2,1,1,5,1,27" ten="230,260,240,260" oya="2" hai0="90,12,51,60,92,115,68,55,101,89,4,45,80" hai1="75,107,134,91,74,50,70,131,99,56,37,126,15" hai2="66,18,47,8,25,32,72,109,111,19,22,64,43" hai3="121,103,117,82,54,9,30,83,81,69,120,96,31"/><V6/><F72/><W135/><G117/><T130/><D115/><U94/><E70/><V65/><F32/><W104/><G69/><T112/><D112/><U79/><E37/><V33/><F33/><W95/><G135/><T48/><D130/><U67/><E134/><V122/><F18/><W2/><G54/><T59/><D68/><U88/><E131/><V108/><F122/><W1/><G104/><T38/><D38/><U16/><E107/><V5/><REACH who="2" step="1"/><F8/><REACH who="2" ten="230,260,230,260" step="2"/><W29/><REACH who="3" step="1"/><G9/><REACH who="3" ten="230,260,230,250" step="2"/><T17/><D17/><U127/><E16/><V84/><F84/><W124/><G124/><T11/><D11/><U85/><E85/><V14/><F14/><W133/><G133/><T119/><D12/><U125/><E15/><V113/><F113/><W71/><G71/><T73/><D73/><U116/><E74/><V93/><F93/><W35/><G35/><T57/><D92/><U58/><E75/><V44/><F44/><W42/><G42/><T86/><D45/><U100/><E94/><V21/><F21/><W10/><G10/><T41/><D86/><U129/><E126/><V23/><F23/><W20/><G20/><T40/><D41/><U26/><E127/><V128/><F128/><W132/><G132/><T24/><D40/><U7/><E129/><V13/><F13/><W46/><G46/><T118/><D118/><U76/><E116/><V77/><F77/><W52/><G52/><T34/><D55/><U98/><E125/><V63/><F63/><W62/><G62/><T110/><D60/><U53/><E53/><V105/><F105/><W114/><G114/><RYUUKYOKU ba="1,3" sc="230,-15,260,-15,230,15,250,15" hai2="5,6,19,22,25,43,47,64,65,66,108,109,111" hai3="1,2,29,30,31,81,82,83,95,96,103,120,121" /><INIT seed="2,2,3,0,2,24" ten="215,245,245,265" oya="2" hai0="104,128,129,71,18,117,32,41,106,132,105,11,51" hai1="17,135,64,59,122,100,72,48,44,76,131,21,33" hai2="79,116,25,83,53,82,54,49,87,42,6,97,10" hai3="38,56,78,39,118,67,96,91,5,26,43,93,63"/><V28/><F116/><W62/><G118/><T55/><D117/><U125/><E33/><V66/><F66/><W1/><G78/><T94/><D132/><U58/><E135/><V69/><F69/><W89/><G43/><T52/><D32/><U123/><E131/><N who="0" m="50249" /><D71/><U60/><E100/><V124/><F124/><W65/><G91/><T108/><D108/><U134/><E134/><V92/><F83/><W73/><G73/><T36/><D36/><U121/><E125/><V77/><F77/><W29/><G1/><T86/><D41/><N who="1" m="24591" /><E76/><V40/><F10/><W98/><G5/><T2/><D51/><U47/><E47/><V68/><F6/><W90/><G90/><N who="0" m="53591" /><D2/><U57/><E72/><V22/><F68/><W46/><G46/><T14/><AGARI ba="2,3" hai="11,14,18,52,55,104,105,106" m="53591,50249" machi="14" ten="40,2700,0" yaku="19,1,54,1" doraHai="24" who="0" fromWho="0" sc="215,63,245,-9,245,-15,265,-9" /><INIT seed="3,0,0,1,0,124" ten="278,236,230,256" oya="3" hai0="119,133,80,105,51,28,73,62,1,87,69,92,82" hai1="17,76,5,27,74,121,109,91,111,36,131,26,44" hai2="135,103,100,32,83,77,18,97,31,115,34,108,102" hai3="13,110,6,96,9,41,8,3,22,90,128,49,47"/><W0/><G128/><T24/><D119/><U52/><E121/><V63/><F115/><W54/><G110/><N who="1" m="41994" /><E131/><V86/><F108/><W58/><G22/><T123/><D1/><U106/><E106/><V53/><F135/><W75/><G75/><T117/><D105/><U40/><E5/><V93/><F18/><W14/><G96/><T98/><D117/><U72/><E91/><V59/><REACH who="2" step="1"/><F31/><REACH who="2" ten="278,236,220,256" step="2"/><W125/><G125/><T104/><D28/><U23/><E27/><V118/><F118/><W33/><G33/><AGARI ba="0,1" hai="32,33,34,53,59,63,77,83,86,93,97,100,102,103" machi="33" ten="40,1300,0" yaku="1,1,53,0" doraHai="124" doraHaiUra="15" who="2" fromWho="3" sc="278,0,236,0,220,23,256,-13" /><INIT seed="4,0,0,0,5,110" ten="278,236,243,243" oya="0" hai0="8,124,30,20,83,45,36,47,78,90,66,14,24" hai1="59,29,85,127,11,65,93,3,4,125,13,38,43" hai2="42,71,76,62,100,16,109,55,23,2,15,63,31" hai3="135,116,114,27,19,130,122,50,104,0,80,61,60"/><T79/><D124/><N who="1" m="47691" /><E29/><V92/><F2/><W75/><G80/><T56/><D36/><U101/><E43/><V81/><F109/><W21/><G75/><T32/><D32/><U129/><E38/><V25/><F42/><W73/><G73/><T5/><D90/><N who="1" m="53455" /><E101/><V48/><F71/><W52/><G116/><T9/><D9/><U35/><E35/><V118/><F118/><W82/><G82/><T46/><REACH who="0" step="1"/><D83/><REACH who="0" ten="268,236,243,243" step="2"/><U68/><E129/><V134/><F81/><W105/><G130/><T97/><D97/><U113/><E113/><V91/><F91/><W123/><G114/><T1/><D1/><U77/><E77/><V22/><F76/><W74/><G0/><T84/><D84/><U37/><E37/><V49/><F100/><W94/><G74/><T103/><D103/><U89/><E89/><V119/><F119/><W41/><G123/><T17/><D17/><U121/><E121/><V126/><F126/><W112/><G122/><T69/><D69/><U53/><E68/><V96/><F96/><W117/><G112/><T128/><D128/><U33/><E33/><V86/><F86/><W108/><G117/><T7/><D7/><U40/><E3/><V106/><F16/><W57/><G108/><T18/><D18/><U6/><E6/><V12/><F23/><W34/><G34/><T88/><D88/><U67/><E40/><V10/><F22/><W111/><G111/><T102/><D102/><U72/><E72/><V58/><F10/><W133/><G41/><T120/><D120/><U95/><E4/><V87/><F87/><W26/><G19/><RYUUKYOKU ba="0,1" sc="268,30,236,-10,243,-10,243,-10" hai0="5,8,14,20,24,30,45,46,47,56,66,78,79" /><INIT seed="4,1,1,1,3,54" ten="298,226,233,233" oya="0" hai0="33,135,0,83,69,32,82,119,129,70,76,98,131" hai1="30,42,132,12,133,29,41,95,15,100,122,72,108" hai2="78,28,38,67,118,34,46,47,27,13,126,101,113" hai3="86,22,59,124,23,14,61,43,99,19,94,123,73"/><T4/><D119/><U6/><E72/><V39/><F118/><W116/><G73/><N who="0" m="43279" /><D135/><N who="1" m="51787" /><E122/><V63/><F78/><W127/><G123/><T18/><D83/><U109/><E95/><V9/><F113/><W50/><G116/><T117/><D18/><U51/><E100/><V17/><F126/><N who="3" m="48171" /><G86/><T71/><D98/><U10/><E12/><V56/><REACH who="2" step="1"/><F101/><REACH who="2" ten="298,226,223,233" step="2"/><N who="3" m="60663" /><G43/><T31/><D117/><U104/><E41/><V96/><F96/><W2/><G2/><T80/><D0/><U7/><E42/><V128/><F128/><W58/><G50/><T35/><D129/><U16/><E51/><V92/><F92/><W62/><G23/><T88/><D131/><U79/><E79/><V134/><F134/><W65/><G62/><T105/><D33/><U120/><E120/><V20/><F20/><W55/><G55/><T60/><D35/><U90/><E90/><V53/><F53/><W91/><G91/><T26/><D88/><U106/><E106/><V48/><F48/><W75/><G75/><T68/><D105/><U52/><E104/><V45/><AGARI ba="1,2" hai="9,13,17,27,28,34,38,39,45,46,47,56,63,67" machi="45" ten="30,4000,0" yaku="1,1,0,1,52,1,53,0" doraHai="54" doraHaiUra="1" who="2" fromWho="2" sc="298,-21,226,-11,223,63,233,-11" /><INIT seed="5,0,0,3,1,107" ten="277,215,286,222" oya="1" hai0="47,90,13,96,98,131,12,41,37,120,99,9,26" hai1="87,51,108,34,66,94,43,113,121,78,73,119,110" hai2="100,132,79,80,3,85,129,55,102,19,21,70,72" hai3="97,76,130,81,38,111,64,5,28,65,91,11,49"/><U101/><E119/><V118/><F118/><W71/><G38/><T29/><D131/><U83/><E121/><V135/><F129/><W109/><G130/><T56/><D120/><U112/><E34/><V92/><F3/><W117/><G117/><T0/><D90/><N who="1" m="53599" /><E66/><V27/><F70/><W8/><G28/><T18/><D56/><U46/><E101/><V122/><F122/><W105/><G49/><T31/><D0/><U63/><E63/><V23/><F55/><W84/><G11/><T123/><D123/><U1/><E1/><V59/><F59/><W53/><G53/><T125/><D125/><U134/><E134/><N who="2" m="51243" /><F23/><W15/><G71/><T33/><D13/><U4/><E4/><V127/><F127/><W57/><G57/><T89/><D29/><U50/><E50/><V10/><F10/><W86/><G65/><T69/><D69/><U30/><E30/><V116/><F116/><W115/><G64/><T93/><AGARI ba="0,0" hai="9,12,18,26,31,33,37,41,47,89,93,96,98,99" machi="93" ten="30,1100,0" yaku="0,1" doraHai="107" who="0" fromWho="0" sc="277,11,215,-5,286,-3,222,-3" /><INIT seed="6,0,0,1,2,61" ten="288,210,283,219" oya="2" hai0="50,106,105,0,39,92,68,44,10,43,94,86,53" hai1="11,126,82,103,124,35,5,84,42,133,34,69,102" hai2="64,127,46,67,28,90,72,21,104,58,25,134,32" hai3="13,131,56,47,62,79,57,121,9,99,60,16,114"/><V40/><F72/><W24/><G121/><T111/><D111/><U85/><E69/><V117/><F117/><W70/><G131/><T51/><D68/><U2/><E42/><V65/><F104/><W76/><G70/><T33/><D33/><N who="1" m="12299" /><E133/><V95/><F134/><W37/><G114/><T12/><D0/><U107/><E107/><V74/><F74/><W123/><G123/><T27/><D27/><U135/><E135/><V116/><F116/><W18/><G37/><T19/><D39/><U125/><E84/><N who="2" m="52679" /><F32/><W78/><G47/><N who="0" m="25983" /><D105/><U45/><E45/><V38/><F38/><W83/><G99/><T31/><D106/><U4/><E4/><V115/><F115/><W59/><G83/><T8/><D31/><U109/><E109/><V93/><F127/><N who="1" m="32513" /><U22/><DORA hai="6" /><E22/><AGARI ba="0,0" hai="9,13,16,18,22,24,56,57,59,60,62,76,78,79" machi="22" ten="40,5200,0" yaku="8,1,52,1,54,1" doraHai="61,6" who="3" fromWho="1" sc="288,0,210,-52,283,0,219,52" /><INIT seed="7,0,0,3,3,17" ten="288,158,283,271" oya="3" hai0="130,55,85,19,64,120,104,83,68,92,96,128,62" hai1="101,80,36,0,88,84,111,86,76,13,38,58,118" hai2="4,25,44,35,41,135,30,28,46,16,125,45,119" hai3="48,1,20,110,54,87,33,50,11,99,106,23,133"/><W122/><G122/><T5/><D104/><U29/><E0/><V14/><F119/><W107/><G33/><T27/><D5/><U100/><E118/><V98/><F135/><W112/><G133/><T37/><D120/><U18/><E111/><V74/><F74/><W109/><G112/><T32/><D55/><U49/><E29/><V126/><F30/><W15/><G87/><T131/><D37/><U10/><E38/><N who="2" m="21559" /><F98/><W79/><G79/><N who="0" m="46335" /><D19/><U81/><REACH who="1" step="1"/><E36/><REACH who="1" ten="288,148,283,271" step="2"/><V129/><F28/><W115/><G1/><T117/><D117/><U71/><E71/><V123/><F123/><W56/><G115/><T121/><D121/><U60/><E60/><V57/><F126/><W7/><G50/><T43/><D62/><U91/><E91/><V3/><F125/><W22/><G106/><T8/><D68/><U89/><E89/><V9/><F3/><W47/><G47/><T26/><D131/><U72/><E72/><V31/><F129/><W94/><REACH who="3" step="1"/><G107/><REACH who="3" ten="288,148,283,261" step="2"/><T108/><D128/><U59/><E59/><V82/><F57/><W52/><G52/><AGARI ba="0,2" hai="10,13,18,49,52,58,76,80,81,84,86,88,100,101" machi="52" ten="40,8000,1" yaku="1,1,8,1,54,2,53,1" doraHai="17" doraHaiUra="75" who="1" fromWho="3" sc="288,0,148,100,283,0,261,-80" owari="288,38.8,248,-15.2,283,8.3,181,-31.9" /></mjloggm>