<mjloggm ver="2.3"><GO type="225" lobby="0"/><UN n0="%E7%89%B9%E6%9D%B1%E3%81%AF%E4%B8%96%E7%95%8C%E3%82%92%E6%95%91%E3%81%86" n1="%E6%A1%9C%E8%8A%B1%E9%96%83%E3%80%85" n2="%E3%81%AF%E3%82%88%E3%81%8A%E3%81%98%E3%81%95%E3%82%93" n3="%E7%B4%94%E6%BD%94%E3%83%94%E3%83%A9%E3%83%8B%E3%82%A2" dan="16,17,17,17" rate="2142.16,2162.96,2153.20,2241.84" sx="M,M,M,M"/><TAIKYOKU oya="0"/><INIT seed="0,0,0,2,0,100" ten="250,250,250,250" oya="0" hai0="103,10,97,65,70,102,111,2,92,90,130,49,20" hai1="12,48,107,19,22,32,69,42,13,41,101,27,54" hai2="134,66,128,93,63,95,4,80,26,46,86,57,113" hai3="87,122,117,43,135,18,131,5,109,33,82,28,125"/><T9/><D130/><U56/><E69/><V75/><F113/><W108/><G43/><T7/><D111/><U127/><E127/><V1/><F128/><W45/><G45/><T8/><D20/><U83/><E83/><V38/><F134/><W25/><G117/><T72/><D72/><U121/><E121/><V123/><F123/><W78/><G135/><T30/><D30/><U114/><E114/><V59/><F75/><W36/><G36/><T51/><D2/><U71/><E71/><V52/><F26/><W34/><G18/><T61/><REACH who="0" step="1"/><D7/><REACH who="0" ten="240,250,250,250" step="2"/><U77/><E32/><V44/><F1/><W105/><G33/><T50/><AGARI ba="0,1" hai="8,9,10,49,50,51,61,65,70,90,92,97,102,103" machi="50" ten="30,6000,0" yaku="1,1,2,1,0,1,53,0" doraHai="100" doraHaiUra="3" who="0" fromWho="0" sc="240,70,250,-20,250,-20,250,-20" /><INIT seed="0,1,0,4,1,66" ten="310,230,230,230" oya="0" hai0="54,64,26,65,55,34,48,38,5,108,129,94,101" hai1="133,0,125,128,3,45,123,126,50,85,17,63,86" hai2="73,97,56,28,104,132,18,124,77,92,7,83,121" hai3="84,87,102,78,39,37,103,117,52,2,1,59,23"/><T76/><D38/><U27/><E123/><V80/><F121/><W35/><G117/><T15/><D129/><U21/><E128/><V72/><F124/><N who="1" m="47721" /><E133/><V98/><F132/><W12/><G35/><T114/><D114/><U118/><E118/><V11/><F28/><W6/><G39/><T25/><D76/><U67/><E85/><V58/><F18/><W100/><G37/><T116/><D116/><U75/><E86/><V90/><F104/><W95/><G87/><T60/><D108/><U42/><E75/><V135/><F135/><W127/><G127/><T49/><D34/><U130/><E130/><V51/><F98/><W74/><G74/><T107/><D94/><U122/><E122/><V93/><F93/><W71/><G71/><AGARI ba="1,0" hai="0,3,17,21,27,42,45,50,63,67,71" m="47721" machi="71" ten="30,2000,0" yaku="18,1,52,1" doraHai="66" who="1" fromWho="3" sc="310,0,230,23,230,0,230,-23" /><INIT seed="1,0,0,0,4,106" ten="310,253,230,207" oya="1" hai0="60,9,113,121,116,133,71,15,125,26,46,67,95" hai1="130,93,84,87,17,99,124,81,50,20,7,27,39" hai2="2,94,103,51,47,37,56,61,42,33,19,135,11" hai3="5,44,134,72,75,18,115,3,119,28,43,78,36"/><U128/><E39/><V89/><F135/><W29/><G18/><T22/><D113/><U76/><E124/><V127/><F127/><W16/><G115/><T109/><D125/><U70/><E70/><V111/><F111/><W107/><G16/><T6/><D116/><U62/><E62/><V88/><F33/><W10/><G119/><T77/><D109/><U23/><E7/><V118/><F118/><W59/><G134/><T129/><D133/><U92/><E50/><V45/><F103/><W30/><G107/><T40/><D129/><N who="1" m="49771" /><E23/><V57/><F61/><W110/><G110/><T53/><D53/><U105/><E87/><V1/><F1/><W52/><REACH who="3" step="1"/><G78/><REACH who="3" ten="310,253,230,197" step="2"/><T4/><D77/><U104/><E93/><V24/><F94/><W98/><G98/><T14/><D95/><U112/><E112/><V55/><F19/><W12/><G12/><T34/><D15/><U35/><E35/><V122/><F122/><W13/><G13/><T79/><D34/><U80/><E80/><V49/><F2/><W66/><G66/><T132/><D121/><U101/><AGARI ba="0,1" hai="17,20,27,76,81,84,92,99,101,104,105" m="49771" machi="101" ten="30,1500,0" yaku="19,1" doraHai="106" who="1" fromWho="1" sc="310,-5,253,25,230,-5,197,-5" /><INIT seed="1,1,0,0,5,42" ten="305,278,225,192" oya="1" hai0="0,3,75,57,113,68,31,13,87,94,134,66,35" hai1="22,120,69,48,51,10,41,115,125,52,45,15,21" hai2="9,76,123,4,70,73,92,89,32,122,34,114,110" hai3="44,106,77,30,67,8,11,85,65,50,111,64,103"/><U33/><E115/><V100/><F123/><W40/><G111/><T18/><D75/><U59/><E120/><V102/><F70/><W2/><G2/><T47/><D68/><U63/><E125/><V23/><F122/><W80/><G106/><T62/><D113/><U119/><E33/><V37/><F37/><W130/><G130/><T135/><D31/><U104/><E104/><V6/><F114/><W17/><G30/><T27/><D27/><U127/><E119/><V121/><F121/><W74/><G74/><T24/><D24/><U97/><E97/><V124/><F124/><W16/><G103/><T14/><D35/><U60/><E127/><V98/><F110/><W126/><G126/><T36/><D14/><U20/><E69/><V82/><F4/><AGARI ba="1,0" hai="4,10,15,20,21,22,41,45,48,51,52,59,60,63" machi="4" ten="40,7700,0" yaku="8,1,52,1,54,1" doraHai="42" who="1" fromWho="2" sc="305,0,278,80,225,-80,192,0" /><INIT seed="1,2,0,2,1,96" ten="305,358,145,192" oya="1" hai0="24,61,127,18,19,88,112,126,10,35,43,50,77" hai1="108,84,20,124,68,34,58,121,27,83,22,86,53" hai2="133,89,113,135,54,105,131,72,95,64,40,110,74" hai3="134,132,5,76,129,23,123,63,36,116,125,94,14"/><U119/><E119/><V130/><F54/><W57/><G123/><T67/><D112/><U114/><E121/><V71/><F64/><W97/><G36/><T60/><D77/><U92/><E114/><V107/><F40/><W70/><G76/><T46/><D60/><U91/><E68/><V106/><F71/><W109/><G109/><T55/><D43/><U21/><E124/><N who="0" m="47657" /><D10/><U78/><E34/><V29/><F29/><W102/><G125/><T26/><D88/><U9/><E9/><V28/><F28/><W81/><G81/><T51/><D51/><N who="1" m="31039" /><E108/><V48/><F48/><W31/><G70/><T52/><D55/><U79/><E79/><V13/><F13/><W33/><G33/><T120/><D120/><U3/><E3/><V122/><F122/><W11/><G129/><N who="2" m="49161" /><F113/><W118/><G23/><T115/><D115/><U39/><E39/><V0/><F0/><W38/><G31/><AGARI ba="2,0" hai="20,21,22,27,31,78,83,84,86,91,92" m="31039" machi="31" ten="30,1500,0" yaku="8,1" doraHai="96" who="1" fromWho="3" sc="305,0,358,21,145,0,192,-21" /><INIT seed="1,3,0,4,4,50" ten="305,379,145,171" oya="1" hai0="128,89,67,37,85,127,76,70,57,81,135,61,5" hai1="55,6,122,38,43,75,11,123,27,18,83,121,124" hai2="23,72,71,34,113,78,94,92,73,99,77,129,58" hai3="47,14,49,115,19,25,28,69,95,26,35,86,39"/><U42/><E124/><V90/><F71/><W29/><G69/><T109/><D127/><U32/><E18/><V132/><F34/><W82/><G115/><T17/><D37/><U104/><E104/><V54/><F113/><W74/><G39/><T68/><D109/><U105/><E105/><V15/><F129/><W111/><G111/><T31/><D128/><U1/><E55/><V7/><F132/><W13/><G74/><T98/><D135/><U110/><E110/><V62/><F72/><W24/><G95/><T3/><D31/><U64/><E64/><V93/><F73/><W112/><G112/><T51/><D51/><U102/><E102/><V107/><F107/><W9/><G14/><T106/><D17/><U134/><E134/><V100/><F93/><W46/><G46/><T91/><D91/><U131/><E131/><V16/><F7/><W103/><G103/><T97/><D89/><U45/><E42/><V52/><F54/><N who="3" m="30015" /><G35/><T20/><D106/><U114/><E114/><V59/><F59/><W44/><G44/><T79/><D70/><U56/><E56/><V80/><F80/><W87/><G87/><AGARI ba="3,0" hai="15,16,23,52,58,62,77,78,87,90,92,94,99,100" machi="87" ten="30,8000,1" yaku="7,1,8,1,52,1,54,2" doraHai="50" who="2" fromWho="3" sc="305,0,379,0,145,89,171,-89" /><INIT seed="2,0,0,4,5,96" ten="305,379,234,82" oya="2" hai0="38,129,3,58,18,132,74,111,7,24,121,54,135" hai1="130,12,30,34,118,40,107,69,4,83,105,134,71" hai2="89,57,127,93,31,0,97,126,82,8,102,106,53" hai3="19,45,10,64,17,108,1,62,35,119,88,46,29"/><V80/><F31/><W43/><G108/><T39/><D74/><U124/><E12/><V103/><F0/><W101/><G119/><T61/><D121/><U110/><E4/><V63/><F8/><W76/><G76/><T14/><D111/><U75/><E40/><V109/><F109/><W94/><G35/><T115/><D115/><U52/><E52/><V15/><F15/><W9/><G29/><T5/><D24/><U90/><E90/><V117/><F117/><W37/><G46/><T21/><D129/><U99/><E99/><V84/><REACH who="2" step="1"/><F102/><REACH who="2" ten="305,379,224,82" step="2"/><W2/><G101/><T16/><D18/><U125/><E110/><V44/><F44/><W23/><G10/><N who="0" m="2367" /><D7/><U32/><E118/><V104/><F104/><W123/><G123/><T20/><D20/><U67/><E30/><V81/><AGARI ba="0,1" hai="53,57,63,80,81,82,84,89,93,97,103,106,126,127" machi="81" ten="30,6000,0" yaku="1,1,0,1,52,1,53,0" doraHai="96" doraHaiUra="116" who="2" fromWho="2" sc="305,-20,379,-20,224,70,82,-20" /><INIT seed="2,1,0,2,4,73" ten="285,359,294,62" oya="2" hai0="116,48,44,42,71,108,96,107,21,60,99,36,34" hai1="92,47,90,63,37,29,27,119,43,84,104,70,120" hai2="30,101,33,123,81,45,28,135,13,12,38,62,59" hai3="134,78,85,87,56,3,102,133,24,9,98,91,31"/><V117/><F117/><W97/><G3/><T57/><D34/><U110/><E119/><V74/><F123/><W50/><G9/><T76/><D116/><U72/><E110/><V80/><F135/><N who="3" m="51723" /><G24/><T124/><D108/><U77/><E104/><V4/><F101/><W11/><G11/><T130/><D130/><U51/><E120/><V55/><F4/><W39/><G31/><T19/><D124/><U5/><E5/><V88/><F33/><W93/><G50/><T20/><D107/><U18/><E18/><V106/><F106/><N who="3" m="63823" /><G56/><T22/><D76/><U122/><E37/><V32/><F32/><W66/><G66/><N who="0" m="41415" /><D19/><U35/><E122/><V115/><F115/><W125/><G39/><T105/><D105/><U127/><E127/><V6/><F38/><W17/><G17/><T46/><D46/><U53/><E70/><V75/><F45/><W49/><G49/><T1/><D1/><U100/><E63/><V64/><F64/><W68/><G68/><T40/><D40/><U109/><E109/><V94/><F75/><W65/><G65/><T126/><D126/><U14/><E43/><V16/><F6/><W25/><G25/><T8/><D36/><U131/><E14/><N who="2" m="5739" /><F16/><W121/><G125/><T2/><D57/><U86/><E35/><V67/><F67/><W52/><G121/><T103/><D103/><U26/><E100/><V54/><F55/><W129/><G129/><T89/><D2/><U132/><E131/><V128/><F128/><W23/><G23/><T79/><D42/><U61/><E132/><V10/><F74/><W83/><G52/><RYUUKYOKU ba="1,0" sc="285,-10,359,-10,294,-10,62,30" hai3="78,83,85,87,91,93,98" /><INIT seed="3,2,0,3,3,54" ten="275,349,284,92" oya="3" hai0="3,87,75,44,40,17,81,89,5,105,21,24,106" hai1="99,107,59,42,28,122,117,13,31,93,36,20,112" hai2="47,62,55,114,68,51,121,64,9,95,109,26,7" hai3="60,91,132,125,16,10,119,45,113,57,52,2,104"/><W86/><G113/><T73/><D3/><U71/><E71/><V80/><F109/><W110/><G119/><T15/><D5/><U1/><E107/><V11/><F114/><W39/><G104/><T4/><D106/><U72/><E72/><V108/><F108/><W53/><G110/><T129/><D105/><U127/><E1/><V8/><F121/><W88/><G125/><T23/><D129/><U49/><E36/><V135/><F135/><W133/><G2/><T82/><D82/><U70/><E70/><V78/><F95/><W27/><G27/><T30/><D4/><U116/><E122/><V101/><F101/><W6/><G6/><T115/><D115/><U61/><E127/><V96/><F96/><W85/><G39/><AGARI ba="2,0" hai="15,17,21,23,24,30,39,40,44,73,75,81,87,89" machi="39" ten="30,1000,0" yaku="7,1" doraHai="54" who="0" fromWho="3" sc="275,16,349,0,284,0,92,-16" owari="291,9.1,349,44.9,284,-11.6,76,-42.4" /></mjloggm>