<mjloggm ver="2.3"><GO type="225" lobby="0"/><UN n0="%E3%82%82%E3%81%90%E3%82%89" n1="%E3%81%A1%E3%82%85%E3%81%86%E3%81%A9%E3%81%8F%E8%B1%A1%E3%81%95%E3%82%93" n2="%E3%81%9F%E3%81%93%E2%98%86%E7%84%BC%E3%81%8D" n3="%E5%A4%96%E5%B7%9D%E7%AB%9C%E6%88%90" dan="17,17,16,16" rate="2219.31,2210.29,2125.87,2087.26" sx="M,M,M,M"/><TAIKYOKU oya="0"/><INIT seed="0,0,0,0,0,2" ten="250,250,250,250" oya="0" hai0="55,117,79,27,59,35,100,60,88,40,96,16,87" hai1="13,58,15,63,62,81,3,64,99,76,25,78,50" hai2="32,66,123,18,107,112,71,1,52,113,128,10,57" hai3="133,111,98,61,131,119,39,110,4,7,93,19,23"/><T6/><D117/><U42/><E3/><V106/><F32/><W91/><G119/><T69/><D69/><U45/><E78/><V85/><F123/><W104/><G133/><T5/><D40/><U83/><E83/><V53/><F85/><W34/><G34/><T21/><D79/><U130/><E130/><V12/><F128/><W101/><G39/><T116/><D35/><U129/><E129/><V114/><F53/><W11/><G11/><T24/><D24/><U122/><E122/><V48/><F66/><W77/><G77/><T20/><D20/><U126/><E126/><V28/><F28/><W72/><G61/><T0/><D0/><U73/><E25/><V46/><F71/><W102/><G72/><T135/><D135/><U94/><REACH who="1" step="1"/><E63/><REACH who="1" ten="250,240,250,250" step="2"/><V47/><F1/><W68/><G131/><T38/><D116/><U30/><E30/><V54/><REACH who="2" step="1"/><F47/><REACH who="2" ten="250,240,240,250" step="2"/><W97/><G111/><T65/><D65/><U89/><AGARI ba="0,2" hai="13,15,42,45,50,58,62,64,73,76,81,89,94,99" machi="89" ten="20,5200,0" yaku="1,1,0,1,7,1,53,1" doraHai="2" doraHaiUra="92" who="1" fromWho="1" sc="250,-26,240,72,240,-13,250,-13" /><INIT seed="1,0,0,0,5,2" ten="224,312,227,237" oya="1" hai0="72,35,47,37,82,23,80,11,106,21,99,135,128" hai1="14,125,20,91,129,78,87,28,43,117,49,50,68" hai2="67,131,15,103,116,85,27,42,45,33,121,105,83" hai3="109,75,102,62,118,32,44,119,113,120,48,59,55"/><U17/><E117/><N who="3" m="44554" /><G75/><T81/><D35/><U115/><E115/><V127/><F131/><W12/><G32/><T31/><D72/><U84/><E68/><V1/><F127/><W26/><G26/><T86/><D128/><U40/><E129/><V122/><F67/><W124/><G102/><T94/><D135/><U89/><E78/><V108/><F1/><W93/><G93/><T19/><D106/><U34/><E28/><V101/><F108/><W95/><G95/><T54/><D31/><U66/><E66/><V7/><F27/><W39/><G12/><N who="0" m="7583" /><D37/><U98/><E98/><V92/><F33/><W133/><G113/><T56/><D47/><U0/><E0/><V114/><F92/><W88/><G39/><T22/><D86/><U90/><E34/><V18/><F103/><W134/><G120/><T8/><D8/><U110/><E125/><V111/><F101/><W64/><G124/><T96/><D94/><U36/><E110/><V126/><F111/><W97/><G109/><T100/><D100/><U112/><E112/><V57/><F105/><W4/><G97/><T51/><AGARI ba="0,0" hai="21,22,23,51,54,56,80,81,82,96,99" m="7583" machi="51" ten="30,1100,0" yaku="8,1" doraHai="2" who="0" fromWho="0" sc="224,11,312,-5,227,-3,237,-3" /><INIT seed="2,0,0,1,4,116" ten="235,307,224,234" oya="2" hai0="0,109,38,69,46,82,100,44,89,61,92,28,121" hai1="107,135,128,113,124,83,18,15,26,3,108,6,41" hai2="12,78,125,30,76,104,22,106,53,84,131,57,51" hai3="112,63,74,115,87,60,85,70,49,54,5,130,35"/><V127/><F131/><W24/><G74/><T67/><D0/><U39/><E107/><N who="2" m="41003" /><F84/><N who="3" m="32331" /><G70/><T120/><D109/><U132/><E113/><N who="3" m="43594" /><G130/><T55/><D82/><U50/><E39/><V75/><F75/><W27/><G5/><T129/><D100/><U123/><E6/><V102/><F102/><W86/><N who="3" m="32339" /><W88/><DORA hai="90" /><G88/><T96/><D129/><U79/><E128/><V20/><F30/><N who="3" m="19911" /><G27/><T81/><D81/><U11/><E26/><V111/><F111/><W99/><G99/><T114/><D28/><U14/><E108/><V52/><F53/><W34/><G34/><T58/><D114/><U8/><E132/><V31/><F31/><W16/><G16/><T21/><D21/><N who="2" m="8298" /><F12/><W73/><G73/><T64/><D64/><U36/><E14/><V10/><F10/><W40/><G40/><T101/><D101/><U17/><E135/><V71/><F71/><W45/><AGARI ba="0,0" hai="45,49,54,60,63" m="19911,43594,32339" machi="45" ten="40,1500,0" yaku="11,1" doraHai="116,90" who="3" fromWho="3" sc="235,-4,307,-4,224,-7,234,15" /><INIT seed="3,0,0,4,2,95" ten="231,303,217,249" oya="3" hai0="40,132,96,109,7,9,41,50,66,15,5,14,59" hai1="111,80,42,47,126,85,34,115,100,106,114,57,62" hai2="69,43,67,18,87,44,52,1,90,24,130,74,68" hai3="17,101,48,88,49,89,60,39,61,84,79,31,28"/><W78/><G39/><T29/><D109/><U65/><E34/><V91/><F74/><W104/><G104/><T16/><D132/><U103/><E111/><V122/><F1/><W98/><G101/><T99/><D29/><N who="3" m="11337" /><G17/><T86/><D86/><U8/><E8/><V10/><F130/><W21/><G21/><N who="0" m="11415" /><D5/><U63/><E126/><V27/><F69/><W124/><G124/><T108/><D108/><U25/><E25/><N who="2" m="9803" /><F68/><W32/><G32/><T105/><D105/><U120/><E120/><V93/><F67/><W75/><G75/><T94/><D94/><U58/><E106/><V55/><F122/><W23/><G23/><T26/><D26/><U82/><E82/><N who="2" m="49527" /><F43/><N who="0" m="16458" /><D50/><N who="1" m="26999" /><E115/><V19/><F44/><W116/><G48/><T123/><D123/><U45/><E45/><V119/><F119/><W83/><G49/><T135/><D135/><U134/><E134/><V46/><F46/><W6/><G116/><T20/><D20/><U11/><E114/><V53/><F10/><W128/><G128/><T112/><D112/><U118/><E11/><V30/><F30/><W64/><G64/><T35/><D35/><U2/><E118/><V113/><F113/><W76/><G6/><T13/><D13/><U3/><E2/><V70/><F70/><W107/><G107/><T71/><D71/><U56/><E3/><V117/><F117/><W37/><G37/><T4/><D4/><U97/><E65/><V92/><F92/><AGARI ba="0,0" hai="60,61,76,78,79,83,84,88,89,92,98" m="11337" machi="92" ten="30,5800,0" yaku="8,1,52,1,54,1" doraHai="95" who="3" fromWho="2" sc="231,0,303,0,217,-58,249,58" owari="231,-16.9,303,10.3,159,-34.1,307,40.7" /></mjloggm>