<mjloggm ver="2.3"><GO type="225" lobby="0"/><UN n0="%E6%98%93%E5%88%A9%E8%96%A9%E4%BC%AF" n1="%E6%A1%9C%E8%8A%B1%E9%96%83%E3%80%85" n2="%E5%8D%A0%E3%81%84%E5%B8%AB%E8%A3%8F%E3%81%AA%E3%81%84%E3%81%97" n3="%E3%83%A9%E3%82%B9%E7%8E%87%EF%BC%93%E5%89%B2" dan="16,17,17,16" rate="2128.03,2180.35,2231.23,2187.88" sx="F,M,M,F"/><TAIKYOKU oya="0"/><INIT seed="0,0,0,5,4,101" ten="250,250,250,250" oya="0" hai0="75,83,21,26,18,122,121,102,56,112,93,73,62" hai1="85,69,70,15,9,27,20,52,130,103,89,7,92" hai2="67,58,32,63,133,113,68,65,46,49,44,118,120" hai3="2,106,98,124,107,108,79,14,72,54,10,135,38"/><T40/><D112/><U126/><E126/><V77/><F32/><W60/><G124/><T22/><D40/><U90/><E130/><V100/><F120/><W43/><G98/><T76/><D75/><U30/><E103/><V57/><F113/><W3/><G108/><T82/><D82/><U117/><E117/><V11/><F118/><W115/><G115/><T48/><D48/><U24/><E90/><V4/><F133/><W128/><G128/><T59/><D59/><U87/><E85/><V41/><F77/><W25/><G14/><T91/><D22/><U13/><E13/><V127/><F127/><W37/><G54/><T132/><D102/><U99/><E87/><V33/><F100/><W61/><G25/><T125/><D132/><U64/><E64/><V78/><F78/><W31/><G31/><T42/><D42/><U28/><REACH who="1" step="1"/><E52/><REACH who="1" ten="250,240,250,250" step="2"/><V123/><F65/><W129/><G129/><T16/><D125/><U86/><E86/><V23/><F67/><W97/><G97/><N who="0" m="57535" /><D122/><U110/><E110/><V19/><F123/><W47/><G135/><T116/><D121/><U119/><E119/><V8/><F41/><W80/><G3/><T45/><D116/><U71/><E71/><V55/><F68/><W39/><G61/><T74/><D74/><U134/><E134/><V53/><F63/><W96/><G60/><T104/><D76/><U84/><E84/><V17/><F55/><W1/><G96/><T0/><D73/><U88/><E88/><V5/><F53/><W34/><G2/><T114/><D62/><U29/><E29/><V35/><F49/><RYUUKYOKU ba="0,1" sc="250,-15,240,15,250,15,250,-15" hai1="7,9,15,20,24,27,28,30,69,70,89,92,99" hai2="4,5,8,11,17,19,23,33,35,44,46,57,58" /><INIT seed="1,1,1,1,4,78" ten="235,255,265,235" oya="1" hai0="90,91,124,87,70,95,12,100,33,64,63,3,42" hai1="21,122,46,5,131,44,135,43,133,116,0,82,105" hai2="123,14,66,22,72,2,25,85,97,108,88,86,51" hai3="118,121,34,6,79,80,75,7,36,89,65,15,35"/><U107/><E116/><V101/><F123/><W37/><G121/><T48/><D3/><U93/><E122/><V9/><F72/><W57/><G118/><T73/><D73/><U4/><E131/><V24/><F2/><W128/><G128/><T109/><D109/><U61/><E93/><V83/><F108/><W59/><G89/><T115/><D33/><U84/><E21/><V99/><F66/><W56/><G65/><T31/><D31/><U16/><E61/><V20/><F86/><W104/><G104/><N who="1" m="40010" /><E16/><N who="2" m="12295" /><F101/><W113/><G113/><T58/><D115/><U110/><E0/><V54/><F22/><W98/><G98/><T112/><D100/><U39/><E46/><N who="2" m="28023" /><F25/><W134/><G34/><T47/><D112/><U96/><E96/><V10/><F10/><W125/><G35/><T92/><D70/><U13/><E13/><V32/><F32/><W23/><G23/><T74/><D74/><U11/><E11/><V126/><F126/><W103/><G125/><T132/><D124/><U111/><E111/><V60/><F60/><W55/><G103/><T18/><D12/><U119/><E119/><V120/><F120/><W19/><G15/><T77/><D87/><U67/><E67/><V28/><F28/><W27/><G27/><T50/><D63/><U30/><E30/><V41/><F41/><W130/><G130/><T102/><D42/><U52/><E110/><V106/><F106/><W62/><G75/><T81/><D64/><U40/><E40/><V45/><F45/><W1/><G1/><T53/><D102/><U17/><E43/><V114/><F114/><RYUUKYOKU ba="1,1" sc="235,-10,255,-10,265,30,235,-10" hai2="9,14,83,85,88,97,99" /><INIT seed="2,2,1,2,5,79" ten="225,245,295,225" oya="2" hai0="95,2,12,37,93,44,83,125,103,48,63,100,72" hai1="124,85,76,78,108,16,62,101,33,116,111,58,107" hai2="57,127,134,104,135,50,34,132,3,31,128,45,89" hai3="49,106,46,88,11,28,0,6,80,13,25,55,26"/><V92/><F104/><W75/><G75/><T54/><D2/><U65/><E116/><V24/><F3/><W90/><G106/><T77/><D125/><U114/><E114/><V98/><F127/><W110/><G110/><N who="1" m="42026" /><E33/><V42/><REACH who="2" step="1"/><F57/><REACH who="2" ten="225,245,285,225" step="2"/><W38/><G0/><T59/><D37/><U43/><E124/><V81/><F81/><W14/><G38/><T122/><D122/><U87/><E107/><V20/><F20/><W22/><G80/><T39/><D39/><U52/><E101/><V60/><F60/><W70/><G70/><T36/><D36/><U123/><E123/><V120/><F120/><W73/><G73/><T35/><D35/><U9/><E65/><V102/><F102/><W18/><REACH who="3" step="1"/><G26/><REACH who="3" ten="225,245,285,215" step="2"/><T96/><D103/><U30/><E76/><V113/><F113/><W119/><G119/><T109/><D109/><U69/><E78/><V40/><F40/><W29/><G29/><T129/><D100/><U117/><E43/><V7/><F7/><W99/><G99/><T8/><D96/><U112/><E30/><V71/><F71/><W97/><G97/><T15/><D15/><N who="1" m="7279" /><E112/><V68/><F68/><W10/><AGARI ba="2,3" hai="6,10,11,13,14,18,22,25,28,46,49,55,88,90" machi="10" ten="20,12000,2" yaku="1,1,0,1,7,1,8,1,54,1,53,2" doraHai="79" doraHaiUra="84" who="3" fromWho="3" sc="225,-32,245,-32,285,-62,215,156" /><INIT seed="3,0,0,0,1,11" ten="193,213,223,371" oya="3" hai0="106,40,61,89,116,73,16,80,92,112,1,107,134" hai1="25,63,8,69,124,109,14,22,111,62,49,70,68" hai2="39,94,100,0,114,37,72,78,36,57,41,15,30" hai3="18,17,21,20,118,47,28,55,83,59,132,19,12"/><W121/><G118/><T27/><D116/><U133/><E133/><V38/><F114/><W7/><G121/><T95/><D1/><U90/><E124/><V123/><F0/><W60/><G132/><T119/><D119/><U77/><E77/><V76/><F30/><W108/><G108/><N who="1" m="41546" /><E49/><V113/><F113/><W75/><G75/><T122/><D122/><U103/><E90/><V98/><F123/><W110/><G110/><T79/><D112/><U51/><E51/><V5/><F72/><W127/><G127/><T4/><D134/><U65/><E103/><V85/><F38/><W128/><G128/><T44/><D61/><N who="1" m="23051" /><E65/><V130/><F130/><W10/><G47/><T125/><D125/><U26/><E22/><N who="3" m="8810" /><G83/><T56/><D56/><U104/><E104/><V33/><F57/><W99/><G99/><T29/><D4/><AGARI ba="0,0" hai="4,8,14,25,26,68,69,70" m="23051,41546" machi="4" ten="40,2600,0" yaku="14,1,52,1" doraHai="11" who="1" fromWho="0" sc="193,-26,213,26,223,0,371,0" owari="167,-33.3,239,3.9,223,-17.7,371,47.1" /></mjloggm>