<mjloggm ver="2.3"><GO type="225" lobby="0"/><UN n0="%E6%9C%9D%E6%97%A5" n1="%54%4F%52" n2="%E5%B8%86%E7%AB%8B%E5%A4%8F%E8%A1%A3" n3="%E3%81%BE%E3%81%A8%E3%81%9F" dan="18,17,16,16" rate="2189.32,2240.82,2121.81,2148.72" sx="F,M,M,M"/><TAIKYOKU oya="0"/><INIT seed="0,0,0,3,0,69" ten="250,250,250,250" oya="0" hai0="106,73,13,108,25,11,4,65,19,39,58,57,118" hai1="17,121,12,40,3,5,33,109,110,70,95,79,89" hai2="133,74,55,8,41,7,10,31,68,124,1,62,75" hai3="114,32,34,16,18,14,67,66,43,115,23,24,42"/><T127/><D118/><U99/><E121/><V46/><F124/><W77/><G77/><T20/><D127/><U105/><E70/><V35/><F133/><W71/><G71/><T51/><D73/><U98/><E33/><V21/><F10/><W88/><G88/><T53/><D106/><U93/><E105/><V82/><F21/><W100/><G100/><T56/><D39/><U97/><E79/><V112/><F112/><W48/><G48/><T26/><D108/><N who="1" m="41579" /><E40/><V132/><F132/><W28/><G34/><T52/><D65/><U87/><E5/><V122/><F82/><W92/><G92/><T22/><REACH who="0" step="1"/><D53/><REACH who="0" ten="240,250,250,250" step="2"/><U63/><E3/><V61/><F55/><W120/><G67/><T76/><D76/><U6/><E6/><V103/><F74/><W9/><G66/><T44/><D44/><U81/><E63/><V50/><F75/><W130/><G115/><T111/><D111/><U15/><E15/><V0/><F61/><W86/><G114/><T37/><D37/><U45/><E45/><V90/><F62/><W85/><G120/><T126/><D126/><U128/><E128/><V104/><F122/><W113/><G113/><T29/><AGARI ba="0,1" hai="4,11,13,19,20,22,25,26,29,51,52,56,57,58" machi="29" ten="20,12000,1" yaku="1,1,0,1,7,1,8,1,54,1,53,0" doraHai="69" doraHaiUra="84" who="0" fromWho="0" sc="240,130,250,-40,250,-40,250,-40" /><INIT seed="0,1,0,3,1,87" ten="370,210,210,210" oya="0" hai0="63,30,47,122,89,123,42,85,81,101,119,83,110" hai1="94,74,25,62,132,82,29,100,5,73,106,115,113" hai2="99,36,93,98,86,90,127,135,80,103,16,4,67" hai3="19,108,125,129,51,133,34,117,91,71,1,112,114"/><T41/><D119/><U128/><E106/><V75/><F127/><W97/><RYUUKYOKU type="yao9" ba="1,0" sc="370,0,210,0,210,0,210,0" hai3="1,19,34,51,71,91,97,108,112,114,117,125,129,133" /><INIT seed="0,2,0,3,2,40" ten="370,210,210,210" oya="0" hai0="46,57,77,36,18,115,91,101,26,65,13,27,48" hai1="3,47,69,29,74,79,33,84,122,130,121,67,96" hai2="7,43,2,14,70,56,1,60,124,134,16,11,22" hai3="98,61,81,39,83,131,73,100,86,9,72,10,75"/><T31/><D115/><U92/><E3/><V28/><F124/><W50/><G39/><T109/><D36/><U21/><E33/><V80/><F134/><W125/><G125/><T53/><D109/><U119/><E119/><V23/><F70/><W105/><G131/><T127/><D127/><U116/><E116/><V85/><F43/><W108/><G108/><T49/><D101/><U112/><E130/><V4/><F28/><W111/><G111/><T110/><D110/><U118/><E118/><V17/><F2/><W88/><G83/><T54/><D77/><U103/><E112/><V38/><F38/><W30/><G30/><T120/><D120/><U44/><E74/><V45/><F45/><W5/><G61/><N who="0" m="38063" /><D91/><U58/><E69/><V94/><F94/><W128/><G128/><T12/><D31/><U59/><E122/><V90/><F1/><W32/><G32/><T87/><D87/><U63/><E59/><V20/><REACH who="2" step="1"/><F7/><REACH who="2" ten="370,210,200,210" step="2"/><W35/><G35/><T106/><D106/><U82/><REACH who="1" step="1"/><E121/><REACH who="1" ten="370,200,200,210" step="2"/><V51/><F51/><W117/><G117/><T55/><D49/><U89/><E89/><V62/><F62/><W107/><G50/><T6/><D48/><U97/><E97/><V99/><F99/><W126/><G126/><T71/><D71/><U76/><E76/><V95/><F95/><W123/><G123/><T102/><D102/><U68/><E68/><V129/><F129/><W52/><G107/><T19/><D46/><U133/><E133/><V24/><F24/><AGARI ba="2,2" hai="21,24,29,44,47,58,63,67,79,82,84,92,96,103" machi="24" ten="40,12000,2" yaku="1,1,25,2,8,1,52,2,53,0" doraHai="40" doraHaiUra="34" who="1" fromWho="2" sc="370,0,200,146,200,-126,210,0" /><INIT seed="1,0,0,3,0,54" ten="370,346,74,210" oya="1" hai0="119,5,86,114,133,96,122,52,1,105,91,10,113" hai1="69,118,128,35,135,33,95,32,70,2,129,106,57" hai2="126,55,48,36,99,59,4,130,132,71,102,83,100" hai3="120,92,27,131,112,18,17,47,101,80,9,79,25"/><U84/><E118/><V63/><F126/><W41/><G120/><T90/><D119/><U39/><E106/><V64/><F130/><N who="1" m="50281" /><E39/><V34/><F132/><W94/><G112/><T56/><D133/><U20/><E135/><V72/><F34/><W58/><G131/><T73/><D73/><U24/><E2/><V74/><F4/><W65/><G94/><T3/><D3/><U87/><E57/><V89/><F102/><W0/><G0/><T123/><D113/><U97/><E69/><V21/><F21/><W8/><G92/><T43/><D43/><U110/><E70/><V78/><F36/><W62/><G101/><N who="0" m="62631" /><D86/><N who="1" m="32811" /><E110/><V77/><F77/><W107/><G107/><T16/><D114/><U29/><E35/><V111/><F111/><W22/><G18/><T46/><D46/><U121/><E121/><N who="0" m="46089" /><D16/><U31/><E31/><V44/><F74/><W67/><G27/><T28/><D28/><U49/><E49/><AGARI ba="0,0" hai="1,5,10,49,52,56,90,91" m="46089,62631" machi="49" ten="30,3900,0" yaku="13,1,52,1,54,1" doraHai="54" who="0" fromWho="1" sc="370,39,346,-39,74,0,210,0" /><INIT seed="2,0,0,1,0,125" ten="409,307,74,210" oya="2" hai0="86,67,103,90,37,120,43,135,19,63,91,30,73" hai1="16,108,33,129,21,32,53,25,4,24,49,115,38" hai2="52,105,35,126,11,55,79,95,10,28,50,117,22" hai3="23,132,56,2,110,15,85,29,6,106,98,3,121"/><V99/><F126/><W48/><G110/><T1/><D73/><U60/><E115/><V111/><F117/><W107/><G121/><T114/><D103/><U123/><E38/><V77/><F105/><W68/><G68/><T8/><D91/><U72/><E72/><V96/><F35/><W88/><G106/><T45/><D30/><U20/><E108/><V134/><F134/><W133/><G98/><T102/><D102/><U81/><E123/><V12/><F111/><W84/><G107/><T124/><D135/><N who="3" m="51785" /><G84/><T128/><D114/><U31/><E129/><V78/><F99/><W74/><G74/><T71/><D128/><U75/><E4/><V36/><F36/><W62/><G48/><T122/><D124/><U59/><REACH who="1" step="1"/><E60/><REACH who="1" ten="409,297,74,210" step="2"/><V66/><F66/><N who="3" m="39239" /><G6/><T61/><D61/><U42/><E42/><V70/><F70/><W101/><G2/><T116/><D1/><U83/><E83/><V104/><F104/><W100/><G3/><T118/><D122/><U112/><E112/><V18/><F28/><W13/><G13/><N who="0" m="7591" /><D120/><U65/><E65/><V7/><F7/><W46/><G15/><T89/><D118/><U94/><E94/><V34/><F34/><W82/><G46/><T5/><D116/><U113/><E113/><V64/><F64/><W0/><G0/><T119/><D119/><U40/><E40/><V131/><F131/><W54/><G54/><N who="2" m="20521" /><F50/><W58/><G58/><T39/><D5/><U26/><E26/><AGARI ba="0,1" hai="23,26,29,82,85,88,100,101" m="39239,51785" machi="26" ten="30,2000,0" yaku="20,1,54,1" doraHai="125" who="3" fromWho="1" sc="409,0,297,-20,74,0,210,30" /><INIT seed="3,0,0,4,5,40" ten="409,277,74,240" oya="3" hai0="0,87,30,108,49,80,120,124,32,68,67,4,63" hai1="19,111,6,115,116,53,85,127,119,103,112,45,48" hai2="44,7,91,101,131,72,78,17,88,46,43,12,62" hai3="16,96,118,22,20,35,126,104,74,100,130,89,27"/><W65/><G118/><N who="1" m="45098" /><E111/><V86/><F131/><W11/><G130/><T109/><D63/><U107/><E127/><V122/><F122/><W97/><G126/><T23/><D80/><U114/><E6/><V59/><F72/><W41/><G35/><T133/><D87/><U60/><E85/><V95/><F101/><W47/><G74/><T77/><D49/><U54/><E19/><V75/><F75/><W14/><G65/><T90/><D23/><U28/><E28/><V34/><F34/><W1/><G1/><T39/><D90/><U84/><E84/><V70/><F70/><W50/><REACH who="3" step="1"/><G27/><REACH who="3" ten="409,277,74,230" step="2"/><T33/><D67/><U51/><E114/><V113/><F113/><W98/><G98/><T135/><D0/><U94/><E112/><V56/><F78/><W57/><G57/><N who="2" m="22089" /><F62/><W26/><G26/><T29/><D77/><U83/><E115/><V3/><F3/><W8/><G8/><T2/><D2/><U15/><E60/><V110/><F110/><W5/><G5/><T52/><D4/><U134/><E15/><V36/><F7/><W37/><G37/><T10/><D39/><U125/><E125/><V106/><F106/><W13/><G13/><T71/><D124/><U64/><E107/><V81/><F36/><W117/><G117/><T128/><D10/><U129/><E64/><V69/><F69/><W99/><G99/><T61/><D61/><U105/><E105/><V31/><F31/><W24/><G24/><T58/><D128/><U73/><E129/><V9/><F43/><W25/><G25/><T66/><D109/><U121/><E121/><RYUUKYOKU ba="0,1" sc="409,-15,277,-15,74,15,230,15" hai2="9,12,17,44,46,81,86,88,91,95" hai3="11,14,16,20,22,41,47,50,89,96,97,100,104" /><INIT seed="3,1,1,3,4,32" ten="394,262,89,245" oya="3" hai0="104,66,3,17,46,131,37,64,70,21,128,12,51" hai1="53,47,54,107,42,22,121,9,126,98,120,62,77" hai2="1,130,129,132,33,6,43,86,116,44,115,52,117" hai3="36,59,7,4,91,119,134,84,87,57,78,30,133"/><W38/><G30/><T71/><D3/><U122/><E126/><V114/><F86/><W100/><G100/><T80/><D37/><U8/><E77/><V35/><F52/><W73/><G73/><T90/><D104/><U83/><E83/><V72/><F44/><W60/><G119/><N who="2" m="45641" /><F43/><W125/><G125/><T89/><D66/><U0/><E22/><V20/><F20/><W113/><G113/><N who="2" m="43017" /><F72/><W108/><G60/><T45/><D45/><U41/><E47/><V27/><F132/><W105/><G105/><T92/><D64/><U74/><E107/><V96/><F96/><W23/><G23/><T25/><D46/><U13/><E74/><V127/><F127/><W102/><G102/><T67/><D21/><U109/><E98/><V24/><F24/><W2/><G2/><T82/><D25/><U26/><E26/><V76/><F76/><W18/><G78/><T88/><D82/><U10/><E0/><V65/><F65/><W61/><G61/><T48/><D67/><U118/><E118/><V68/><F68/><W95/><G95/><T106/><D92/><U94/><E94/><V39/><F39/><W31/><G91/><T58/><D106/><U63/><E42/><V34/><F27/><W69/><G69/><T16/><D71/><U110/><E41/><V97/><F97/><W19/><G31/><T112/><D70/><U14/><E63/><V79/><F79/><W5/><G5/><T49/><D112/><U56/><E54/><V124/><F124/><W75/><G75/><T85/><D85/><U111/><AGARI ba="1,1" hai="8,9,10,13,14,53,56,62,109,110,111,120,121,122" machi="111" ten="50,8000,1" yaku="0,1,29,2,14,1" doraHai="32" who="1" fromWho="1" sc="394,-21,262,93,89,-21,245,-41" owari="373,47.3,355,15.5,68,-43.2,204,-19.6" /></mjloggm>