<mjloggm ver="2.3"><GO type="225" lobby="0"/><UN n0="%E3%83%81%E3%83%AF%E3%83%AF%E9%9A%8A%E9%95%B7" n1="%33%74%72%65%65" n2="%E3%81%B5%E3%81%98%E3%81%8B%E3%81%A4" n3="%E6%A1%9C%E8%8A%B1%E9%96%83%E3%80%85" dan="16,16,17,16" rate="2098.63,2165.49,2219.99,2216.18" sx="M,F,M,M"/><TAIKYOKU oya="0"/><INIT seed="0,0,0,2,2,57" ten="250,250,250,250" oya="0" hai0="108,81,68,54,52,23,22,53,114,9,30,41,56" hai1="45,33,60,10,98,44,39,119,71,37,118,106,75" hai2="17,101,15,36,40,16,48,120,111,21,72,63,26" hai3="70,25,105,104,92,1,132,121,51,65,128,122,103"/><T130/><D68/><U109/><E10/><V32/><F120/><W27/><G1/><T89/><D114/><U3/><E3/><V112/><F112/><W6/><G6/><T91/><D130/><U42/><E75/><V8/><F111/><W20/><G128/><T14/><D108/><U100/><E109/><V50/><F72/><W77/><G77/><T125/><D125/><U11/><E11/><V7/><F101/><W117/><G117/><T86/><D41/><N who="1" m="22575" /><E33/><V123/><F123/><W124/><G124/><T113/><D113/><U93/><E93/><V61/><F36/><W99/><G27/><N who="0" m="16759" /><D23/><U12/><E12/><V43/><F32/><W80/><G105/><T19/><D89/><U129/><E129/><V18/><F43/><W73/><G104/><T55/><D55/><U2/><E2/><V0/><F0/><W97/><G20/><T34/><D34/><U5/><E5/><V67/><F40/><W90/><G25/><T134/><D134/><U4/><E4/><V79/><F79/><N who="3" m="44143" /><G132/><T28/><D28/><U115/><E115/><V94/><F94/><W84/><G121/><T95/><D95/><U59/><E71/><V87/><F87/><W96/><G122/><T29/><D29/><U58/><E119/><V62/><F67/><W133/><G133/><T49/><AGARI ba="0,0" hai="9,14,19,49,52,53,54,56,81,86,91" m="16759" machi="49" ten="30,3000,0" yaku="8,1,54,1" doraHai="57" who="0" fromWho="0" sc="250,30,250,-10,250,-10,250,-10" /><INIT seed="0,1,0,5,2,56" ten="280,240,240,240" oya="0" hai0="99,63,135,82,45,68,55,83,134,93,132,69,104" hai1="57,23,128,15,101,126,88,121,124,76,30,65,61" hai2="119,35,96,94,90,74,21,117,4,42,43,70,123" hai3="32,9,19,3,130,10,95,5,122,40,47,71,12"/><T131/><D104/><U79/><E121/><V111/><F123/><W50/><G122/><T77/><D131/><U17/><E128/><V97/><F35/><W60/><G130/><T78/><D45/><U6/><E101/><V127/><F74/><W102/><G32/><T29/><D29/><U24/><E6/><V31/><F4/><W86/><G86/><N who="0" m="48463" /><D55/><U8/><REACH who="1" step="1"/><E88/><REACH who="1" ten="280,230,240,240" step="2"/><V36/><F90/><W16/><G102/><N who="0" m="60783" /><D63/><U26/><E26/><V58/><F119/><W2/><G95/><T52/><D52/><U38/><E38/><V80/><F94/><W51/><G51/><T39/><D39/><U54/><E54/><V62/><F36/><W72/><G60/><T113/><D113/><U129/><E129/><V44/><F62/><W92/><G92/><T73/><AGARI ba="1,1" hai="68,69,73,78,83,132,134,135" m="60783,48463" machi="73" ten="30,1500,0" yaku="20,1" doraHai="56" who="0" fromWho="0" sc="280,28,230,-6,240,-6,240,-6" /><INIT seed="0,2,0,3,3,42" ten="308,224,234,234" oya="0" hai0="68,62,88,54,94,82,108,128,3,119,46,6,40" hai1="90,1,91,16,49,5,63,18,110,52,25,81,60" hai2="75,51,26,39,85,8,101,36,23,84,44,80,47" hai3="11,34,12,89,37,30,120,7,71,132,126,4,130"/><T19/><D119/><U123/><E123/><V2/><F101/><W100/><G71/><T98/><D128/><U103/><E110/><V93/><F75/><W115/><G115/><T32/><D32/><U45/><E103/><V58/><F36/><W125/><G37/><T9/><D108/><U104/><E104/><V114/><F114/><W96/><G130/><T107/><D107/><U29/><E5/><V116/><F39/><W113/><G113/><T17/><D82/><U41/><E1/><V77/><F2/><W86/><G7/><T43/><D43/><U69/><E69/><V118/><F8/><W97/><G132/><T72/><D72/><U124/><E124/><N who="3" m="47722" /><G100/><T50/><REACH who="0" step="1"/><D40/><REACH who="0" ten="298,224,234,234" step="2"/><U95/><E41/><V27/><F118/><W33/><G33/><T87/><D87/><N who="1" m="52703" /><E81/><N who="2" m="47151" /><F116/><W59/><G34/><T24/><D24/><U78/><E25/><V56/><F93/><W35/><G35/><T83/><D83/><U105/><E105/><V106/><F106/><W48/><G120/><T134/><D134/><U28/><E78/><N who="2" m="46231" /><F26/><W129/><G129/><T53/><D53/><U66/><E66/><AGARI ba="2,1" hai="3,6,9,17,19,46,50,54,62,66,68,88,94,98" machi="66" ten="40,12000,1" yaku="1,1,52,1,54,1,53,2" doraHai="42" doraHaiUra="15" who="0" fromWho="1" sc="298,136,224,-126,234,0,234,0" /><INIT seed="0,3,0,4,4,46" ten="434,98,234,234" oya="0" hai0="93,92,34,112,58,119,22,9,3,87,109,45,16" hai1="128,39,0,105,20,51,118,21,96,54,127,55,19" hai2="116,77,11,47,49,75,37,88,84,124,130,81,110" hai3="97,28,132,90,13,86,32,25,7,41,94,95,62"/><T52/><D34/><U111/><E118/><V60/><F110/><W113/><G113/><T100/><D112/><U114/><E111/><V126/><F116/><W131/><G131/><T30/><D119/><U125/><E128/><V29/><F130/><W31/><G132/><T85/><D109/><U15/><E114/><V72/><F37/><W42/><G31/><T79/><D30/><U50/><E39/><V27/><F11/><W103/><G7/><T102/><D45/><U66/><E66/><V99/><F60/><W1/><G1/><T115/><D115/><U74/><E74/><V104/><F104/><W17/><REACH who="3" step="1"/><G62/><REACH who="3" ten="434,98,234,224" step="2"/><T5/><D3/><U56/><E0/><V117/><F117/><W40/><G40/><T134/><D134/><U78/><E78/><V129/><F129/><W133/><G133/><T33/><D79/><U12/><E105/><V10/><F77/><W68/><G68/><T107/><D5/><U106/><E106/><V63/><F63/><W23/><AGARI ba="3,1" hai="13,17,23,25,28,32,41,42,86,90,94,95,97,103" machi="23" ten="20,5200,0" yaku="1,1,0,1,7,1,53,1" doraHai="46" doraHaiUra="82" who="3" fromWho="3" sc="434,-29,98,-16,234,-16,224,71" /><INIT seed="1,0,0,5,5,116" ten="405,82,218,295" oya="1" hai0="17,110,26,89,82,57,99,37,61,74,14,106,103" hai1="7,63,39,31,121,34,75,0,130,127,69,109,98" hai2="22,132,50,133,126,76,8,88,38,1,101,77,15" hai3="119,62,124,113,129,46,5,58,41,80,28,122,13"/><U60/><RYUUKYOKU type="yao9" ba="0,0" sc="405,0,82,0,218,0,295,0" hai1="0,7,31,34,39,60,63,69,75,98,109,121,127,130" /><INIT seed="1,1,0,2,2,115" ten="405,82,218,295" oya="1" hai0="11,118,66,24,7,96,77,93,28,54,134,119,132" hai1="100,129,109,32,56,33,80,58,10,94,19,86,62" hai2="65,45,21,90,88,72,64,125,71,112,0,22,31" hai3="95,97,73,48,53,41,52,3,107,76,26,87,37"/><U15/><E129/><V74/><F112/><W91/><G3/><T8/><D66/><U114/><E114/><V120/><F0/><W2/><G2/><T9/><D7/><U117/><E117/><V126/><F45/><N who="3" m="25647" /><G37/><T75/><D54/><U17/><E109/><V104/><F31/><W110/><G110/><T57/><D57/><U1/><E1/><V23/><F104/><W78/><G26/><T85/><D75/><N who="2" m="28714" /><F71/><W4/><G4/><T116/><D85/><U38/><E38/><V135/><F135/><N who="0" m="51754" /><D77/><U99/><E19/><V16/><F16/><W29/><G78/><T59/><D59/><U36/><E36/><V89/><F120/><W14/><G14/><T101/><D8/><U103/><E103/><V46/><F46/><W67/><G67/><AGARI ba="1,0" hai="21,22,23,64,65,67,88,89,90,125,126" m="28714" machi="67" ten="40,5200,0" yaku="28,2,54,1" doraHai="115" who="2" fromWho="3" sc="405,0,82,0,218,55,295,-55" /><INIT seed="2,0,0,0,4,74" ten="405,82,273,240" oya="2" hai0="115,39,25,6,102,121,26,1,131,60,90,2,48" hai1="38,46,31,81,58,134,110,62,24,50,3,20,40" hai2="30,11,114,94,96,103,63,93,44,8,57,37,54" hai3="41,33,117,27,91,49,123,89,73,36,4,119,85"/><V34/><F114/><W35/><G123/><T106/><D39/><U112/><E110/><V86/><F34/><W23/><G73/><T53/><D115/><U128/><E134/><V101/><F30/><W76/><G36/><T132/><D121/><U17/><E112/><V95/><F37/><W10/><G35/><T98/><D132/><U29/><E128/><V92/><F44/><N who="3" m="25743" /><G33/><T43/><D131/><U61/><E3/><V88/><REACH who="2" step="1"/><F103/><REACH who="2" ten="405,82,263,240" step="2"/><W68/><G119/><T72/><D102/><U84/><E38/><V105/><AGARI ba="0,1" hai="8,11,54,57,63,86,88,92,93,94,95,96,101,105" machi="105" ten="30,12000,1" yaku="1,1,2,1,0,1,54,1,53,1" doraHai="74" doraHaiUra="82" who="2" fromWho="2" sc="405,-40,82,-40,263,130,240,-40" /><INIT seed="2,1,0,2,0,99" ten="365,42,393,200" oya="2" hai0="65,5,30,64,90,2,82,60,48,86,81,130,104" hai1="108,46,31,50,41,78,66,93,57,49,91,94,58" hai2="107,115,38,7,55,87,28,95,53,9,4,103,128" hai3="118,17,111,23,123,133,13,112,75,89,3,37,36"/><V70/><F115/><W122/><G89/><T27/><D130/><U63/><E108/><V106/><F128/><W102/><G102/><T124/><D124/><U127/><E127/><V10/><F70/><W25/><G75/><T6/><D104/><U40/><E78/><V29/><F38/><W1/><G37/><T100/><D2/><N who="3" m="521" /><G36/><T119/><D119/><U76/><E76/><V45/><F45/><W129/><G129/><T92/><D48/><U96/><E31/><V68/><F68/><W26/><G118/><T73/><D73/><U80/><E80/><N who="0" m="30825" /><D100/><U116/><E116/><V74/><F74/><W54/><G54/><T11/><D11/><U18/><E93/><V71/><F71/><W59/><G59/><N who="0" m="36895" /><D65/><U69/><E69/><V19/><F103/><W134/><G112/><T12/><D12/><U113/><E113/><V83/><F83/><W62/><G62/><T15/><D15/><U20/><E58/><V42/><F95/><W88/><G111/><T39/><D39/><U135/><E135/><N who="3" m="51722" /><G88/><T43/><D43/><U109/><E109/><V24/><F87/><W47/><G47/><T105/><D105/><U131/><E131/><V97/><F42/><W16/><G26/><T8/><D27/><U101/><E40/><V44/><F24/><W21/><AGARI ba="1,0" hai="13,16,17,21,23,25,122,123" m="51722,521" machi="21" ten="40,8000,1" yaku="20,1,34,2,54,1" doraHai="99" who="3" fromWho="3" sc="365,-21,42,-21,393,-41,200,83" /><INIT seed="3,0,0,3,5,55" ten="344,21,352,283" oya="3" hai0="103,102,73,105,58,79,130,9,129,30,46,5,40" hai1="62,31,104,16,123,78,91,2,77,108,44,51,43" hai2="41,50,122,120,24,90,64,10,86,22,113,110,15" hai3="89,97,82,81,87,83,101,63,133,42,4,106,36"/><W26/><G133/><T0/><D30/><U23/><E104/><V8/><F113/><W53/><G4/><T14/><D14/><U27/><E108/><V112/><F110/><W13/><G13/><T25/><D25/><U18/><E2/><V74/><F74/><W127/><G127/><T7/><D7/><U38/><E38/><V66/><F112/><W125/><G125/><T72/><D58/><U39/><E39/><V34/><F34/><W17/><G42/><T80/><D73/><U52/><E123/><N who="2" m="47147" /><F50/><W109/><G36/><N who="0" m="21767" /><D105/><U85/><E77/><V121/><F41/><W95/><G109/><T71/><D71/><U47/><E78/><V56/><F121/><W128/><G128/><AGARI ba="0,0" hai="0,5,9,72,79,80,102,103,128,129,130" m="21767" machi="128" ten="30,2000,0" yaku="25,1,19,1" doraHai="55" who="0" fromWho="3" sc="344,20,21,0,352,0,283,-20" owari="364,46.4,21,-47.9,352,15.2,263,-13.7" /></mjloggm>