<mjloggm ver="2.3"><GO type="225" lobby="0"/><UN n0="%72%69%6F%75%63%68%61%6E" n1="%E3%81%86%E3%81%A1%E3%83%BC" n2="%6E%65%6F%E3%82%BD%E3%83%83%E3%82%AF%E3%82%B9%E2%99%AA" n3="%E3%81%99%E3%81%84%E3%81%BE%E3%81%9B%E3%83%BC%E3%82%93" dan="16,17,16,16" rate="2114.72,2180.17,2156.71,2118.16" sx="M,M,M,M"/><TAIKYOKU oya="0"/><INIT seed="0,0,0,1,4,75" ten="250,250,250,250" oya="0" hai0="134,107,6,4,65,31,124,73,13,47,52,117,70" hai1="118,57,71,51,74,111,80,119,78,77,8,130,128" hai2="96,132,76,88,5,43,12,27,19,86,126,11,55" hai3="63,46,135,56,115,91,129,17,66,35,85,61,10"/><T113/><D113/><U83/><E71/><V34/><F132/><W21/><G115/><T127/><D117/><N who="1" m="44555" /><E8/><V82/><F126/><N who="0" m="48170" /><D134/><U90/><E111/><V109/><F109/><W69/><G35/><T59/><D107/><U112/><E112/><V30/><F43/><W105/><G105/><T97/><D73/><N who="1" m="43055" /><E51/><V131/><F131/><N who="1" m="50217" /><E57/><V45/><F96/><W39/><G129/><T26/><D97/><U84/><E90/><V95/><F5/><W7/><G135/><T20/><D47/><U53/><E53/><V122/><F55/><W3/><G46/><T36/><D36/><U94/><E94/><V60/><F60/><W23/><G39/><T14/><D65/><U102/><E102/><V24/><F45/><W101/><G101/><T120/><D70/><U89/><E89/><V54/><F54/><W116/><G116/><T50/><D6/><U104/><E104/><V22/><F11/><W133/><G133/><T92/><D92/><U64/><E84/><V48/><F48/><W79/><G69/><T62/><D50/><U93/><E93/><V100/><F100/><W33/><G63/><T106/><D106/><U18/><E18/><V121/><REACH who="2" step="1"/><F12/><REACH who="2" ten="250,250,240,250" step="2"/><N who="0" m="4714" /><D4/><U103/><E103/><V25/><F25/><N who="3" m="14511" /><G7/><T87/><D87/><U28/><E64/><V81/><F81/><W40/><G66/><T114/><D114/><U99/><E99/><V72/><AGARI ba="0,1" hai="19,22,24,27,30,34,72,76,82,86,88,95,121,122" machi="72" ten="20,8000,1" yaku="1,1,0,1,7,1,52,1,54,1,53,0" doraHai="75" doraHaiUra="0" who="2" fromWho="2" sc="250,-40,250,-20,240,90,250,-20" /><INIT seed="1,0,0,3,3,13" ten="210,230,330,230" oya="1" hai0="107,132,91,65,15,119,84,21,26,128,130,106,124" hai1="42,16,46,104,133,9,8,12,120,57,5,103,99" hai2="108,43,66,129,90,109,52,55,75,81,97,50,18" hai3="89,102,134,24,11,88,6,71,51,118,85,40,68"/><U114/><E114/><V53/><F129/><N who="0" m="49770" /><D119/><U2/><E57/><V112/><F112/><W92/><G118/><T98/><D124/><U56/><E56/><V117/><F117/><W96/><G134/><T58/><D132/><U121/><REACH who="1" step="1"/><E133/><REACH who="1" ten="210,220,330,230" step="2"/><V127/><F127/><W31/><G68/><T0/><D58/><U34/><E34/><V47/><F66/><W76/><G71/><T19/><D65/><U32/><E32/><V20/><F109/><W49/><G40/><T125/><D125/><U101/><E101/><V61/><F108/><W87/><G102/><N who="0" m="62807" /><D0/><U37/><AGARI ba="0,1" hai="2,5,8,9,12,16,37,42,46,99,103,104,120,121" machi="37" ten="20,18000,2" yaku="1,1,0,1,7,1,52,1,54,1,53,2" doraHai="13" doraHaiUra="4" who="1" fromWho="1" sc="210,-60,220,190,330,-60,230,-60" /><INIT seed="1,1,0,2,1,90" ten="150,410,270,170" oya="1" hai0="43,33,128,47,31,2,62,32,113,83,105,41,16" hai1="115,110,124,135,10,37,97,59,75,102,86,120,61" hai2="12,48,94,81,125,108,109,38,40,58,18,77,5" hai3="46,39,44,88,70,130,22,121,54,21,72,101,50"/><U126/><E75/><V65/><F125/><N who="1" m="48233" /><E37/><V82/><F5/><W78/><G121/><T34/><D113/><U24/><E115/><V69/><F69/><W63/><G130/><T52/><D128/><U6/><E120/><V73/><F38/><W132/><G132/><T129/><D129/><U3/><E24/><V99/><F82/><W127/><G127/><T107/><D2/><U71/><E71/><V91/><F65/><W11/><G101/><T133/><D133/><U80/><E110/><V84/><F99/><W68/><G68/><T27/><D83/><U14/><E14/><V51/><F40/><W36/><G72/><T116/><D116/><U25/><E25/><V100/><F100/><W53/><G70/><T117/><D117/><U67/><E135/><V103/><F103/><W106/><G39/><T119/><D119/><U8/><E6/><V9/><REACH who="2" step="1"/><F58/><REACH who="2" ten="150,410,260,170" step="2"/><W20/><G36/><T89/><D41/><U1/><E3/><V114/><F114/><W122/><G122/><T74/><D43/><U98/><E1/><V42/><F42/><W17/><G46/><T95/><D47/><U85/><E98/><V19/><F19/><W29/><G17/><T30/><D16/><U134/><E134/><V55/><F55/><W56/><G44/><T66/><D52/><U35/><E97/><V13/><F13/><W104/><G53/><T93/><D31/><U15/><E102/><V45/><F45/><W87/><G29/><T64/><D64/><U28/><E67/><V0/><F0/><W79/><G54/><T49/><D66/><U96/><E80/><RYUUKYOKU ba="1,1" sc="150,-10,410,-10,260,30,170,-10" hai2="9,12,18,48,51,73,77,81,84,91,94,108,109" /><INIT seed="2,2,1,3,2,82" ten="140,400,290,160" oya="2" hai0="67,107,86,93,128,123,64,6,29,71,49,31,112" hai1="100,65,54,3,121,117,5,122,50,20,45,60,28" hai2="96,35,115,23,94,53,80,30,106,14,105,12,119" hai3="103,74,84,124,129,26,95,57,69,46,81,134,62"/><V52/><F119/><W17/><G124/><T48/><D112/><U85/><E117/><V0/><F115/><W98/><G134/><T87/><D123/><U79/><E100/><V51/><F0/><W22/><G129/><T32/><D107/><U102/><E102/><V13/><F80/><W33/><G69/><T91/><D128/><U38/><E38/><V110/><F110/><W21/><G74/><T59/><D6/><U114/><E114/><V36/><F36/><W83/><G46/><T8/><D8/><U90/><E79/><V27/><F35/><W58/><G83/><T118/><D118/><U61/><E5/><V120/><F120/><N who="1" m="46185" /><E65/><N who="0" m="25161" /><D71/><U9/><E9/><V130/><F130/><W116/><G116/><T34/><D34/><U41/><E41/><V89/><REACH who="2" step="1"/><F53/><REACH who="2" ten="140,400,280,160" step="2"/><W76/><G33/><T25/><D32/><U92/><E3/><V113/><F113/><W56/><G22/><N who="0" m="15543" /><D31/><U97/><E20/><V126/><F126/><W4/><G4/><T135/><D135/><U108/><E28/><V70/><F70/><W125/><G125/><T77/><D59/><AGARI ba="2,2" hai="12,13,14,23,27,30,51,52,59,89,94,96,105,106" machi="59" ten="40,7700,0" yaku="1,1,54,1,53,1" doraHai="82" doraHaiUra="47" who="2" fromWho="0" sc="140,-83,400,0,280,103,160,0" /><INIT seed="2,3,0,2,4,27" ten="57,400,383,160" oya="2" hai0="12,47,130,59,45,81,65,17,117,37,63,105,19" hai1="98,62,120,103,29,104,36,44,91,42,6,73,82" hai2="128,40,121,78,39,87,61,2,25,111,46,43,85" hai3="108,76,58,116,4,9,15,71,70,132,11,38,55"/><V107/><F121/><W90/><G116/><T1/><D1/><U13/><E120/><V124/><F128/><W115/><G38/><T125/><D130/><U83/><E62/><V22/><F124/><W94/><G132/><T10/><D125/><U53/><E53/><V20/><F107/><W122/><G122/><T18/><D117/><U131/><E131/><V80/><F111/><W89/><G115/><T21/><D105/><U34/><E73/><V123/><F123/><W74/><G90/><T35/><D35/><U50/><E36/><V31/><F43/><W26/><G26/><T41/><D47/><U135/><E91/><V72/><F2/><W49/><G108/><T84/><REACH who="0" step="1"/><D10/><REACH who="0" ten="47,400,383,160" step="2"/><U52/><E34/><V67/><REACH who="2" step="1"/><F22/><REACH who="2" ten="47,400,373,160" step="2"/><W69/><G11/><T134/><D134/><U32/><E135/><V24/><F24/><W88/><REACH who="3" step="1"/><G94/><REACH who="3" ten="47,400,373,150" step="2"/><T51/><D51/><U66/><E50/><V96/><F96/><W7/><G7/><T114/><D114/><U127/><E98/><V109/><F109/><W60/><G60/><T133/><D133/><U93/><E6/><V16/><F16/><W8/><G8/><T112/><D112/><U5/><E127/><V28/><F28/><W119/><G119/><T126/><D126/><U3/><E29/><V68/><AGARI ba="3,3" hai="20,25,31,39,40,46,61,67,68,72,78,80,85,87" machi="68" ten="20,12000,1" yaku="1,1,0,1,7,1,52,1,53,1" doraHai="27" doraHaiUra="23" who="2" fromWho="2" sc="47,-43,400,-43,373,159,150,-43" /><INIT seed="2,4,0,4,1,10" ten="4,357,532,107" oya="2" hai0="8,11,78,100,109,36,101,40,85,55,7,89,108" hai1="48,34,117,75,17,91,135,121,44,2,116,125,90" hai2="107,79,14,131,27,69,32,28,59,130,102,70,115" hai3="95,98,20,56,122,39,119,1,51,42,29,99,24"/><V16/><F115/><W82/><G119/><T83/><D11/><U128/><E75/><V53/><F79/><W6/><G122/><T111/><D55/><U113/><E34/><V132/><F102/><N who="0" m="39530" /><D40/><U25/><E128/><N who="2" m="49195" /><F132/><W0/><G42/><T30/><D30/><U4/><E135/><V33/><F107/><W88/><G39/><T45/><D45/><U86/><E125/><V94/><F94/><W110/><G0/><N who="0" m="103" /><D36/><U23/><E113/><V43/><F43/><W13/><G1/><T57/><D57/><U61/><E121/><V66/><F66/><W19/><G6/><T12/><D12/><U134/><E134/><V47/><F47/><W73/><G95/><T62/><D62/><U74/><E74/><V81/><F81/><W63/><G63/><T65/><D65/><U58/><E4/><V80/><F80/><W54/><G73/><T67/><D67/><U38/><E38/><V41/><F41/><W124/><G124/><T60/><D60/><U35/><E2/><V127/><F127/><W112/><G112/><T93/><D93/><N who="1" m="54487" /><E91/><AGARI ba="4,0" hai="78,83,85,89,91,108,109,111" m="103,39530" machi="91" ten="40,1300,0" yaku="14,1" doraHai="10" who="0" fromWho="1" sc="4,25,357,-25,532,0,107,0" /><INIT seed="3,0,0,5,0,6" ten="29,332,532,107" oya="3" hai0="60,57,86,98,34,83,42,53,7,64,94,56,105" hai1="85,35,90,76,33,63,74,43,96,93,101,117,4" hai2="3,50,40,114,106,31,132,68,112,5,126,51,29" hai3="61,24,129,71,25,12,104,58,8,103,67,78,120"/><W54/><G120/><T99/><D34/><U28/><E28/><V110/><F110/><W46/><G129/><T32/><D32/><U49/><E63/><V11/><F132/><W109/><G109/><T89/><D105/><U44/><E117/><V10/><F126/><W69/><G78/><T9/><D42/><U75/><E75/><V62/><F106/><W15/><G15/><T92/><D92/><U107/><E4/><V36/><F51/><W91/><G91/><T59/><D53/><U133/><E133/><V65/><F11/><W131/><G131/><T20/><D20/><U21/><E21/><V26/><F50/><W79/><G61/><T128/><D128/><U97/><E97/><V41/><F31/><W87/><G71/><T37/><D37/><U22/><E22/><V14/><F14/><W116/><G69/><T23/><D23/><U100/><E100/><V123/><F123/><W80/><G12/><T77/><REACH who="0" step="1"/><D98/><REACH who="0" ten="19,332,532,107" step="2"/><U122/><E122/><V127/><F41/><W16/><G104/><T102/><D102/><U30/><E30/><V135/><F135/><W72/><G103/><T70/><D70/><U118/><E118/><V82/><F40/><W0/><G54/><T81/><D81/><AGARI ba="0,1" hai="33,35,43,44,49,74,76,81,85,90,93,96,101,107" machi="81" ten="40,2600,0" yaku="24,2" doraHai="6" who="1" fromWho="0" sc="19,-26,332,36,532,0,107,0" owari="-7,-50.7,368,16.8,532,63.2,107,-29.3" /></mjloggm>