<mjloggm ver="2.3"><GO type="225" lobby="0"/><UN n0="%E7%99%BD%E6%97%A5%E9%9B%AA%E8%8F%9C" n1="%E7%B4%94%E6%BD%94%E3%83%94%E3%83%A9%E3%83%8B%E3%82%A2" n2="%E5%8F%AF%E5%85%90%E9%82%A3%E7%94%B1%E5%A4%9A" n3="%E4%BA%95%E5%B8%AF" dan="16,16,17,16" rate="2199.10,2172.78,2152.52,2041.66" sx="M,M,F,M"/><TAIKYOKU oya="0"/><INIT seed="0,0,0,1,5,85" ten="250,250,250,250" oya="0" hai0="125,20,83,75,41,98,33,82,123,6,69,50,121" hai1="101,19,100,118,134,103,54,126,94,120,111,63,72" hai2="109,96,18,84,119,34,117,46,127,22,77,30,4" hai3="23,68,106,107,17,66,49,62,12,80,74,129,133"/><T110/><D33/><U37/><E72/><V122/><F122/><W88/><G129/><T39/><D69/><U99/><E120/><V59/><F109/><W97/><G133/><T86/><D39/><U52/><E37/><V102/><F4/><W95/><REACH who="3" step="1"/><G49/><REACH who="3" ten="250,250,250,240" step="2"/><T8/><D50/><U105/><E134/><V48/><F48/><W58/><G58/><T79/><D123/><U45/><E111/><V93/><F59/><W40/><G40/><T70/><D121/><U65/><E45/><V0/><F46/><W73/><G73/><T16/><D41/><U53/><E118/><V2/><F119/><W124/><G124/><T71/><D125/><U56/><E126/><V87/><F117/><W5/><G5/><T14/><D110/><U108/><E108/><V21/><F127/><W42/><G42/><T55/><D55/><U76/><E105/><V104/><F104/><W91/><G91/><T57/><D57/><U92/><E76/><AGARI ba="0,1" hai="12,17,23,62,66,68,74,76,80,88,95,97,106,107" machi="76" ten="40,5200,0" yaku="1,1,52,1,54,1,53,0" doraHai="85" doraHaiUra="114" who="3" fromWho="1" sc="250,0,250,-52,250,0,240,62" /><INIT seed="1,0,0,5,5,126" ten="250,198,250,302" oya="1" hai0="125,112,13,22,77,32,23,100,9,128,3,58,31" hai1="6,80,103,88,122,91,42,119,82,129,117,109,132" hai2="75,65,40,37,53,120,83,69,35,36,59,57,62" hai3="127,79,39,49,110,99,1,43,28,76,34,50,133"/><U25/><E42/><V93/><F35/><W121/><G1/><T61/><D112/><U46/><E46/><N who="2" m="23815" /><F93/><W84/><G121/><T124/><D3/><U105/><E25/><V16/><F16/><W12/><G12/><T96/><D77/><U106/><E6/><V71/><F83/><N who="1" m="31785" /><E122/><V102/><F102/><W111/><G99/><T81/><D81/><U8/><E8/><V107/><F107/><N who="1" m="40969" /><E132/><V78/><F75/><W30/><G39/><T17/><D32/><U2/><E2/><V10/><F78/><W18/><G43/><T95/><D128/><U87/><E129/><V51/><F10/><W63/><G18/><T44/><D44/><U85/><E103/><V64/><F120/><W56/><G34/><T123/><D123/><U26/><E26/><V101/><F101/><W90/><G30/><T5/><D31/><U97/><E97/><V131/><F131/><W130/><G28/><T19/><D19/><U48/><E48/><V27/><F27/><W11/><G50/><T114/><D22/><U68/><E68/><N who="2" m="26187" /><F37/><W4/><G130/><T72/><D23/><U14/><E14/><V73/><F73/><W118/><G11/><T7/><D72/><U38/><E38/><V45/><F45/><W92/><G4/><T135/><D7/><U20/><E20/><V116/><F116/><N who="1" m="44617" /><E109/><V113/><F65/><W67/><G67/><T21/><D5/><U108/><E108/><V29/><F29/><W74/><G118/><T86/><D21/><U115/><E115/><AGARI ba="0,0" hai="51,53,57,59,62,64,113,115" m="26187,23815" machi="115" ten="30,2000,0" yaku="34,2" doraHai="126" who="2" fromWho="1" sc="250,0,198,-20,250,20,302,0" /><INIT seed="2,0,0,4,3,100" ten="250,178,270,302" oya="2" hai0="98,73,10,119,13,109,130,94,132,59,127,1,84" hai1="113,14,78,96,88,117,21,80,23,87,107,66,65" hai2="5,8,76,27,42,122,39,118,74,77,91,46,67" hai3="110,25,22,125,11,34,51,114,128,108,101,50,35"/><V41/><F118/><W43/><G125/><T120/><D120/><U82/><E117/><V86/><F122/><W55/><G128/><T62/><D73/><U126/><E113/><V123/><F123/><W121/><G121/><T4/><D119/><U40/><E40/><V9/><F74/><W97/><G11/><T89/><D127/><U24/><E14/><V49/><F67/><W16/><G43/><T6/><D130/><U71/><E126/><V79/><F27/><W99/><G51/><T36/><D36/><U26/><E71/><V103/><F103/><W52/><G55/><T17/><D109/><N who="3" m="42089" /><G114/><T57/><D132/><U72/><E107/><V53/><F39/><W90/><G90/><T61/><D1/><U30/><REACH who="1" step="1"/><E96/><REACH who="1" ten="250,168,270,302" step="2"/><V81/><REACH who="2" step="1"/><F9/><REACH who="2" ten="250,168,260,302" step="2"/><W48/><G25/><T19/><D10/><U20/><E20/><V15/><AGARI ba="0,2" hai="5,8,15,41,42,46,49,53,76,77,79,81,86,91" machi="15" ten="30,11700,0" yaku="1,1,2,1,0,1,8,1,53,0" doraHai="100" doraHaiUra="92" who="2" fromWho="2" sc="250,-39,168,-39,260,137,302,-39" /><INIT seed="2,1,0,3,3,130" ten="211,129,397,263" oya="2" hai0="120,29,61,55,69,116,104,121,41,26,24,117,85" hai1="135,96,37,91,34,35,56,102,112,77,43,70,42" hai2="48,129,16,62,39,119,74,99,114,82,45,3,90" hai3="105,84,127,131,13,64,1,0,68,6,11,32,110"/><V59/><F114/><W98/><G131/><T2/><D104/><U66/><E112/><V83/><F129/><W92/><G127/><T14/><D2/><U28/><E70/><V27/><F119/><N who="0" m="45642" /><D41/><U8/><E77/><V132/><F3/><W18/><G110/><T44/><D14/><U106/><E91/><V124/><F39/><W10/><G32/><N who="0" m="20519" /><D26/><U58/><E66/><V79/><F27/><W88/><G64/><N who="0" m="41103" /><D85/><U72/><E72/><V60/><F16/><W53/><G105/><T25/><D25/><U67/><E67/><V111/><F74/><W57/><G84/><T20/><D20/><U71/><E71/><V107/><F107/><W12/><REACH who="3" step="1"/><G68/><REACH who="3" ten="211,129,397,253" step="2"/><T108/><D108/><U46/><E106/><V81/><F124/><W113/><G113/><T86/><D86/><U50/><E35/><V89/><F111/><W118/><G118/><T9/><D9/><U38/><E34/><V123/><F82/><W5/><G5/><T73/><D73/><U133/><E8/><V93/><F83/><W23/><G23/><T19/><D19/><U40/><E28/><V22/><F81/><W31/><G31/><T33/><D33/><U122/><E122/><V128/><F123/><W7/><G7/><T30/><D30/><U115/><E115/><V101/><F22/><W65/><G65/><T36/><D36/><U76/><E76/><V54/><F79/><W21/><G21/><T109/><D109/><U103/><E37/><V87/><F128/><W126/><G126/><T100/><D100/><N who="1" m="38443" /><E38/><V75/><F75/><W97/><G97/><T63/><D63/><AGARI ba="1,1" hai="0,1,6,10,11,12,13,18,53,57,63,88,92,98" machi="63" ten="30,12000,2" yaku="1,1,6,1,7,1,54,1,53,2" doraHai="130" doraHaiUra="4" who="3" fromWho="0" sc="211,-123,129,0,397,0,253,133" /><INIT seed="3,0,0,2,0,36" ten="88,129,397,386" oya="3" hai0="128,125,34,32,23,48,116,123,12,102,104,56,105" hai1="13,39,37,58,79,41,109,89,67,130,115,17,85" hai2="3,18,66,73,101,22,49,99,134,2,38,75,118" hai3="9,61,31,98,11,50,94,14,113,124,86,27,88"/><W30/><G113/><T25/><D116/><U126/><E115/><V129/><F118/><W71/><G124/><T70/><D123/><U131/><E126/><V1/><F38/><W80/><G71/><T20/><D125/><U29/><E79/><V19/><F129/><N who="1" m="49161" /><E29/><N who="3" m="10762" /><G27/><T96/><D128/><U21/><E41/><V81/><F134/><W52/><G61/><T83/><D70/><U65/><E109/><V33/><F33/><W64/><G64/><N who="1" m="24650" /><E58/><V106/><F66/><W40/><G40/><T103/><D83/><AGARI ba="0,0" hai="13,17,21,37,39,83,85,89" m="24650,49161" machi="83" ten="30,1000,0" yaku="19,1" doraHai="36" who="1" fromWho="0" sc="88,-10,129,10,397,0,386,0" owari="78,-42.2,139,-26.1,397,49.7,386,18.6" /></mjloggm>