<mjloggm ver="2.3"><GO type="225" lobby="0"/><UN n0="%E3%81%82%E3%81%B9%E3%81%99%E3%81%91" n1="%E5%A4%9C%E3%81%AE%E3%82%AC%E3%82%B9%E3%83%91%E3%83%BC%E3%83%AB" n2="%E3%81%BF%E3%81%BF%E3%81%9A" n3="%E3%83%97%E3%83%AC%E3%83%B4%E3%82%A1%E3%83%86%E3%82%A3" dan="16,16,16,16" rate="2142.67,2100.99,2168.58,2134.11" sx="M,M,M,F"/><TAIKYOKU oya="0"/><INIT seed="0,0,0,2,1,84" ten="250,250,250,250" oya="0" hai0="85,87,59,51,94,83,74,63,123,15,119,39,55" hai1="101,100,53,6,32,35,0,50,3,54,133,19,43" hai2="132,124,66,77,49,7,105,68,128,58,107,110,9" hai3="109,129,65,1,4,27,115,64,45,14,125,134,91"/><T36/><D119/><U18/><E133/><V90/><F132/><W46/><G134/><T40/><D123/><U29/><E43/><V37/><F37/><W81/><G115/><T103/><D74/><U97/><E50/><V60/><F77/><W82/><G1/><T11/><D103/><U126/><E29/><V22/><F110/><W44/><G109/><T42/><D94/><U20/><E20/><V108/><F108/><W41/><G41/><T8/><D8/><U80/><E126/><V47/><F124/><W135/><G125/><T71/><D87/><U48/><E48/><V57/><F128/><W118/><G118/><T28/><D28/><U21/><E21/><V25/><F105/><W92/><G135/><T26/><D26/><U52/><E80/><N who="3" m="30826" /><G27/><T73/><D73/><U89/><E6/><V99/><F107/><W104/><G104/><T116/><D116/><U79/><E79/><V61/><F68/><W33/><G33/><T78/><D39/><U131/><E131/><V5/><F9/><N who="3" m="4391" /><G129/><T112/><D112/><U17/><E35/><V130/><F130/><W69/><G69/><T106/><D106/><U88/><E32/><V38/><F38/><W12/><G12/><T98/><D36/><U56/><E56/><V76/><F76/><W121/><G121/><T117/><D117/><U95/><REACH who="1" step="1"/><E101/><REACH who="1" ten="250,240,250,250" step="2"/><V113/><F113/><W111/><G111/><T75/><D42/><U120/><E120/><V67/><F22/><W96/><AGARI ba="0,1" hai="44,45,46,64,65,91,92,96" m="4391,30826" machi="96" ten="30,2000,0" yaku="8,1,52,1" doraHai="84" who="3" fromWho="3" sc="250,-10,240,-5,250,-5,250,30" /><INIT seed="1,0,0,4,1,0" ten="240,235,245,280" oya="1" hai0="107,111,15,41,16,74,68,91,115,47,63,117,127" hai1="112,126,84,3,61,86,114,58,75,113,130,124,132" hai2="135,46,14,101,73,66,20,128,98,116,99,125,103" hai3="2,82,100,102,105,5,34,36,31,24,8,92,110"/><U109/><E84/><V56/><F116/><W29/><G110/><T108/><D117/><U54/><E75/><V72/><F125/><N who="1" m="48233" /><E109/><N who="0" m="42057" /><D107/><U80/><E130/><V48/><F128/><W96/><G36/><N who="0" m="21927" /><D127/><U21/><E132/><V49/><F135/><W94/><G102/><T50/><D74/><U133/><E133/><V131/><F131/><W123/><G123/><T119/><D119/><U78/><E3/><V40/><F73/><W88/><G31/><T53/><D91/><U83/><E83/><V97/><F72/><W59/><G82/><T79/><D79/><U121/><E21/><V27/><F14/><W35/><G34/><T120/><D120/><AGARI ba="0,0" hai="54,58,61,78,80,86,112,113,114,120,121" m="48233" machi="120" ten="40,2000,0" yaku="18,1" doraHai="0" who="1" fromWho="0" sc="240,-20,235,20,245,0,280,0" /><INIT seed="1,1,0,1,2,14" ten="220,255,245,280" oya="1" hai0="112,123,1,38,20,9,13,29,52,75,60,95,12" hai1="42,25,131,56,135,3,85,57,69,107,130,127,48" hai2="53,37,76,43,49,105,16,63,86,36,30,120,97" hai3="47,119,125,0,89,113,100,24,65,5,73,116,93"/><U31/><E69/><V18/><F120/><W106/><G113/><T66/><D112/><U87/><E107/><V2/><F2/><W110/><G73/><T124/><D75/><U40/><E3/><V84/><F30/><W67/><G110/><T80/><D38/><U122/><E122/><V45/><F36/><W51/><G125/><T34/><D124/><U6/><E6/><V111/><F111/><W35/><G106/><T109/><D109/><U121/><E127/><V11/><F11/><W83/><G100/><T17/><D34/><U133/><E121/><V32/><F32/><W15/><G83/><T114/><D114/><U129/><E87/><N who="2" m="33323" /><F37/><W27/><G0/><T62/><D80/><U126/><E85/><V58/><F105/><W74/><G74/><T96/><D29/><U103/><E103/><V8/><F76/><W88/><G35/><T10/><D1/><U19/><E126/><V77/><F77/><W104/><G104/><T101/><D10/><U108/><E108/><V23/><F8/><N who="3" m="4495" /><G116/><T99/><D123/><U82/><E82/><V98/><F23/><W7/><G7/><T39/><D39/><U70/><E70/><V26/><F26/><N who="3" m="9771" /><G119/><T54/><D99/><AGARI ba="1,0" hai="16,18,43,45,49,53,58,63,97,98,99" m="33323" machi="99" ten="30,7700,0" yaku="8,1,52,2,54,1" doraHai="14" who="2" fromWho="0" sc="220,-80,255,0,245,80,280,0" /><INIT seed="2,0,0,1,4,14" ten="140,255,325,280" oya="2" hai0="4,31,2,42,10,11,33,32,102,49,27,9,99" hai1="64,88,28,5,15,52,107,1,133,61,130,21,19" hai2="78,74,17,131,58,56,43,38,62,59,80,135,0" hai3="93,91,29,104,7,122,8,82,24,87,77,132,20"/><V117/><F117/><W94/><G122/><T90/><D42/><U110/><E107/><V125/><F125/><W69/><G104/><T54/><D90/><U44/><E110/><V114/><F114/><W71/><G132/><T79/><D79/><U46/><E130/><V72/><F135/><W41/><G41/><T115/><D115/><U116/><E116/><V103/><F131/><W50/><G50/><T83/><D83/><U60/><E133/><V134/><F134/><W105/><G105/><T30/><D49/><N who="1" m="28711" /><E1/><V39/><F103/><W112/><G112/><T36/><D54/><U121/><E121/><V37/><F0/><W73/><REACH who="3" step="1"/><G93/><REACH who="3" ten="140,255,325,270" step="2"/><T47/><D36/><U85/><E46/><V57/><F43/><W119/><G119/><T76/><D47/><U13/><E61/><V70/><F74/><W16/><G16/><T127/><D127/><U109/><E19/><V45/><F45/><W86/><G86/><T23/><D31/><U81/><E60/><V126/><F126/><W22/><G22/><T128/><D128/><U66/><E109/><V106/><F106/><W67/><G67/><N who="1" m="25642" /><E5/><V63/><F70/><W123/><G123/><T101/><D4/><U111/><E111/><V6/><F6/><W124/><G124/><T75/><D75/><U51/><E51/><V118/><F118/><W96/><G96/><T98/><D99/><U48/><E48/><V34/><F34/><W68/><G68/><T35/><D33/><U18/><E28/><V84/><N who="2" m="14336" /><DORA hai="26" /><V108/><F108/><W12/><AGARI ba="0,1" hai="7,8,12,20,24,29,69,71,73,77,82,87,91,94" machi="12" ten="20,5200,0" yaku="1,1,0,1,7,1,52,1,53,0" doraHai="14,26" doraHaiUra="53,97" who="3" fromWho="3" sc="140,-13,255,-13,325,-26,270,62" /><INIT seed="3,0,0,0,0,63" ten="127,242,299,332" oya="3" hai0="59,42,52,94,9,124,11,95,91,93,86,35,79" hai1="99,25,57,122,130,53,5,90,118,47,133,64,75" hai2="46,60,89,21,56,114,102,41,27,76,101,92,65" hai3="61,49,120,43,55,110,119,15,17,85,117,104,10"/><W58/><G104/><T68/><D124/><U23/><E122/><V134/><F134/><W32/><G32/><T74/><D35/><U38/><E75/><V67/><F76/><W132/><G132/><T34/><D34/><U103/><E133/><V84/><F114/><W72/><G72/><T121/><D121/><U19/><E130/><V39/><REACH who="2" step="1"/><F67/><REACH who="2" ten="127,242,289,332" step="2"/><W106/><G120/><T16/><D79/><U20/><E64/><V62/><F62/><W48/><G110/><T44/><D74/><U127/><E127/><V30/><AGARI ba="0,1" hai="21,27,30,39,41,46,56,60,65,84,89,92,101,102" machi="30" ten="20,5200,0" yaku="1,1,0,1,7,1,52,1,53,0" doraHai="63" doraHaiUra="50" who="2" fromWho="2" sc="127,-13,242,-13,289,62,332,-26" owari="114,-38.6,229,-17.1,351,45.1,306,10.6" /></mjloggm>