<mjloggm ver="2.3"><GO type="225" lobby="0"/><UN n0="%E8%A8%88%E7%AE%97%E6%A9%9F%E8%87%AA%E7%84%B6" n1="%E3%81%82%E3%81%99%E3%81%AA%E3%82%8D%E3%83%A9%E3%82%A4%E3%83%80%E3%83%BC" n2="%E9%89%A2%E5%B7%BB%E3%82%AC%E3%83%96" n3="%E6%80%AA%E3%81%97%E3%81%99%E3%81%8E%E3%82%8B%E3%83%81%E3%83%BC" dan="17,16,16,16" rate="2248.31,2086.97,2136.09,2136.55" sx="M,M,M,M"/><TAIKYOKU oya="0"/><INIT seed="0,0,0,5,1,122" ten="250,250,250,250" oya="0" hai0="75,61,50,114,89,12,108,5,70,96,24,113,109" hai1="66,91,33,126,100,53,18,131,22,94,55,97,115" hai2="95,47,86,54,98,117,104,87,59,74,39,134,0" hai3="81,78,63,85,40,72,30,128,118,31,2,103,26"/><T110/><D75/><U132/><E33/><V4/><F74/><W130/><G118/><T11/><D50/><U45/><E132/><V71/><F71/><W67/><G2/><T73/><D73/><U127/><E131/><N who="3" m="50218" /><G72/><T120/><D120/><U60/><E115/><N who="0" m="44041" /><D24/><U77/><E77/><V133/><F104/><W28/><G103/><T124/><D124/><U37/><E100/><V99/><F4/><W15/><G15/><T16/><D70/><U41/><E127/><V42/><F0/><W107/><G40/><T101/><D61/><U119/><E119/><V123/><F123/><W43/><G43/><T57/><D57/><U51/><E37/><V29/><F29/><W17/><G107/><N who="0" m="63911" /><D89/><U84/><E126/><V14/><F117/><W82/><G82/><T83/><D83/><U38/><E38/><V56/><F56/><N who="3" m="37351" /><G17/><AGARI ba="0,0" hai="5,11,12,16,17,108,109,110" m="63911,44041" machi="17" ten="40,18000,2" yaku="14,1,10,1,52,3,54,1" doraHai="122" who="0" fromWho="3" sc="250,180,250,0,250,0,250,-180" /><INIT seed="0,1,0,4,5,62" ten="430,250,250,70" oya="0" hai0="73,89,3,93,61,12,65,29,5,4,31,28,107" hai1="79,44,18,2,37,51,66,16,63,54,127,59,98" hai2="11,20,33,78,83,53,7,15,46,64,1,56,41" hai3="45,128,23,26,111,106,13,71,14,42,101,40,25"/><T50/><D3/><U135/><E127/><V131/><F33/><W10/><G111/><T119/><D119/><U117/><E135/><V82/><F131/><W124/><G128/><T75/><D107/><U99/><E117/><V38/><F20/><W129/><G124/><T121/><D121/><U116/><E116/><V27/><F27/><W55/><G71/><T58/><D73/><U70/><E2/><V94/><F94/><W72/><G72/><T24/><D75/><U80/><E80/><V103/><F103/><W36/><G129/><T104/><D104/><U102/><E79/><V60/><F15/><W76/><G76/><T113/><D113/><U110/><E110/><V35/><F35/><W9/><G55/><T68/><D68/><U133/><E133/><V6/><F6/><W34/><G42/><T81/><D81/><U43/><E99/><V21/><F21/><W48/><G36/><T67/><D50/><U90/><E90/><V88/><F88/><W132/><G132/><T74/><D74/><U86/><E86/><V120/><F120/><W19/><G34/><T108/><D108/><U97/><E97/><V114/><F114/><W130/><G130/><T8/><D4/><U122/><E122/><V0/><F0/><W134/><G134/><T22/><D65/><U105/><AGARI ba="1,0" hai="16,18,37,43,44,51,54,59,63,66,70,98,102,105" machi="105" ten="20,12000,2" yaku="0,1,7,1,24,2,52,1,54,1" doraHai="62" who="1" fromWho="1" sc="430,-61,250,123,250,-31,70,-31" /><INIT seed="1,0,0,3,3,107" ten="369,373,219,39" oya="1" hai0="44,83,105,128,41,106,16,1,46,28,34,11,22" hai1="115,18,27,5,55,123,19,63,82,36,93,95,6" hai2="8,78,81,33,49,25,119,122,100,109,64,124,117" hai3="39,70,2,45,71,17,131,65,79,31,21,15,114"/><U74/><E115/><V37/><F122/><W99/><G114/><T48/><D128/><U38/><E123/><V125/><F37/><W54/><G131/><T29/><D44/><U52/><E63/><V58/><F8/><W98/><G2/><T66/><D66/><U69/><E27/><V20/><F33/><W91/><G79/><T61/><D61/><U56/><E82/><V89/><F64/><W35/><G65/><T120/><D120/><U75/><REACH who="1" step="1"/><E56/><REACH who="1" ten="369,363,219,39" step="2"/><V73/><F58/><W130/><G130/><T77/><D34/><U76/><E76/><V68/><F25/><W9/><G71/><AGARI ba="0,1" hai="5,6,18,19,36,38,52,55,69,71,74,75,93,95" machi="71" ten="25,18000,2" yaku="1,1,22,2,52,2,54,1,53,0" doraHai="107" doraHaiUra="53" who="1" fromWho="3" sc="369,0,363,190,219,0,39,-180" owari="369,16.9,553,65.3,219,-18.1,-141,-64.1" /></mjloggm>