<mjloggm ver="2.3"><GO type="225" lobby="0"/><UN n0="%73%61%6E%64%69%72%69%73" n1="%73%69%72%6F%75%74" n2="%6D%75%75%6D%75%72%61" n3="%E3%81%AF%E3%82%88%E3%81%8A%E3%81%98%E3%81%95%E3%82%93" dan="16,16,16,16" rate="2117.57,2096.76,2067.09,2200.86" sx="M,M,F,M"/><TAIKYOKU oya="0"/><INIT seed="0,0,0,1,1,9" ten="250,250,250,250" oya="0" hai0="127,17,107,81,5,75,30,93,48,74,43,123,125" hai1="80,86,12,69,37,25,23,58,132,121,44,41,78" hai2="22,72,28,117,98,64,90,128,131,104,96,24,11" hai3="55,57,126,102,3,7,34,113,40,46,16,31,27"/><T115/><D107/><U6/><E121/><V101/><F72/><W110/><G113/><T92/><D115/><U87/><E69/><V79/><F79/><W135/><G110/><T105/><D105/><U53/><E132/><V70/><F117/><W66/><G135/><T68/><D68/><U39/><E39/><V51/><F51/><W38/><G126/><T129/><D5/><U36/><E36/><V65/><F70/><W33/><G102/><T42/><D30/><U2/><E2/><V35/><F35/><W1/><G34/><T134/><D134/><U76/><E76/><V97/><F11/><W91/><G66/><N who="2" m="25705" /><F90/><W4/><G91/><T82/><D17/><U13/><E6/><V71/><F71/><W114/><G114/><T77/><D48/><U88/><E58/><V49/><F49/><W59/><G59/><T29/><D29/><U95/><E53/><V116/><F116/><W120/><G120/><T103/><D77/><U112/><E112/><V111/><F111/><W108/><G108/><T106/><D106/><U10/><E10/><V84/><F84/><W19/><G7/><T60/><D103/><U21/><E21/><V26/><F26/><W89/><G89/><T56/><D56/><U119/><E119/><V63/><F63/><N who="3" m="36287" /><G4/><T109/><D109/><U62/><REACH who="1" step="1"/><E62/><REACH who="1" ten="250,240,250,250" step="2"/><V8/><F8/><W54/><G54/><T130/><REACH who="0" step="1"/><D60/><REACH who="0" ten="240,240,250,250" step="2"/><U124/><E124/><V99/><N who="2" m="24576" /><DORA hai="15" /><V14/><F28/><AGARI ba="0,2" hai="12,13,23,25,28,37,41,44,78,80,86,87,88,95" machi="28" ten="30,12000,2" yaku="1,1,7,1,52,2,54,1,53,2" doraHai="9,15" doraHaiUra="73,20" who="1" fromWho="2" sc="240,0,240,140,250,-120,250,0" /><INIT seed="1,0,0,5,0,83" ten="240,380,130,250" oya="1" hai0="65,63,47,70,93,131,41,127,115,53,120,128,2" hai1="5,29,81,40,1,117,55,28,133,32,15,121,44" hai2="113,129,17,106,98,89,112,97,37,58,39,23,82" hai3="45,51,91,75,43,125,123,66,26,87,132,0,114"/><U122/><E117/><V10/><F129/><N who="0" m="49738" /><D2/><U30/><E133/><V56/><F10/><W118/><G123/><T94/><D94/><U101/><E101/><V6/><F6/><W61/><G114/><N who="2" m="44137" /><F106/><W90/><G75/><T36/><D93/><U52/><E32/><V119/><F119/><W80/><G118/><T59/><D115/><U77/><E1/><V124/><F124/><W96/><G0/><T48/><D120/><U7/><E122/><V104/><F104/><W76/><G125/><AGARI ba="0,0" hai="36,41,47,48,53,59,63,65,70,125,127" m="49738" machi="125" ten="30,7700,0" yaku="24,1,19,1,34,2" doraHai="83" who="0" fromWho="3" sc="240,77,380,0,130,0,250,-77" /><INIT seed="2,0,0,1,3,30" ten="317,380,130,173" oya="2" hai0="79,81,15,82,115,1,63,64,62,131,54,94,123" hai1="125,37,3,87,10,69,84,110,8,85,78,111,96" hai2="83,66,0,55,86,118,36,112,27,70,105,24,12" hai3="6,44,60,38,26,61,93,65,47,114,76,13,2"/><V46/><F112/><W127/><G2/><T31/><D1/><U34/><E69/><V88/><F118/><W92/><G114/><T51/><D123/><U126/><E37/><V41/><F0/><W108/><G108/><N who="1" m="41514" /><E34/><V71/><F105/><W25/><G127/><N who="1" m="48650" /><E3/><V49/><F12/><W132/><G76/><T120/><D120/><U130/><E130/><V22/><F66/><W20/><G132/><T119/><D131/><U116/><E116/><V17/><REACH who="2" step="1"/><F27/><REACH who="2" ten="317,380,120,173" step="2"/><W21/><G13/><T107/><D107/><U91/><E78/><V95/><F95/><AGARI ba="0,1" hai="8,10,84,85,87,91,95,96" m="48650,41514" machi="95" ten="40,2600,0" yaku="14,1,18,1" doraHai="30" who="1" fromWho="2" sc="317,0,380,36,120,-26,173,0" /><INIT seed="3,0,0,1,4,76" ten="317,416,94,173" oya="3" hai0="101,9,31,70,68,115,88,22,117,77,15,64,61" hai1="109,129,73,111,118,125,25,10,93,127,38,58,94" hai2="17,37,43,59,104,123,130,44,98,102,132,36,114" hai3="112,63,11,105,42,62,135,71,75,69,52,91,46"/><W55/><G75/><T47/><D117/><U87/><E129/><V122/><F114/><W26/><G105/><T33/><D115/><U110/><E73/><V81/><F130/><W30/><G112/><T13/><D33/><U95/><E118/><V82/><F132/><W14/><G135/><T92/><D70/><U128/><E128/><V67/><F37/><W28/><G91/><T84/><D101/><U121/><E121/><N who="2" m="46091" /><F17/><W72/><G72/><T49/><D77/><U41/><E58/><V106/><F106/><W85/><G85/><T99/><D99/><U124/><E87/><V39/><F39/><W120/><G120/><T1/><D1/><U24/><E10/><V50/><F67/><W35/><G30/><T0/><D0/><U3/><E3/><V54/><F36/><W83/><G63/><T89/><D89/><U27/><E38/><V80/><F59/><W96/><G71/><T21/><D31/><U7/><E41/><AGARI ba="0,0" hai="41,43,44,50,54,80,81,82,98,102,104" m="46091" machi="41" ten="30,7700,0" yaku="13,1,52,3" doraHai="76" who="2" fromWho="1" sc="317,0,416,-77,94,77,173,0" owari="317,11.7,339,43.9,171,-32.9,173,-22.7" /></mjloggm>