<mjloggm ver="2.3"><GO type="225" lobby="0"/><UN n0="%28%EF%BF%A3%E2%96%BD%EF%BF%A3%29%CE%B4%E2%8C%92%E3%83%BB" n1="%E3%81%BF%E3%81%BF%E3%81%9A" n2="%E3%81%8B%E3%82%8F%E3%81%A1%E3%82%83%E3%82%93%35%38" n3="%E9%8A%80%E3%81%B0%E3%81%95%E3%81%BF" dan="16,16,17,17" rate="2133.67,2154.38,2124.88,2182.11" sx="M,M,M,M"/><TAIKYOKU oya="0"/><INIT seed="0,0,0,5,0,41" ten="250,250,250,250" oya="0" hai0="92,84,72,123,25,133,93,122,19,51,54,128,65" hai1="126,60,43,62,88,118,64,11,12,76,98,104,49" hai2="31,37,74,124,97,10,46,42,69,59,120,75,90" hai3="52,134,87,26,13,8,40,56,47,32,24,39,21"/><T121/><D72/><U78/><E118/><V100/><F120/><W105/><G134/><T7/><D133/><U45/><E126/><V117/><F69/><W38/><G105/><T83/><D128/><U4/><E104/><V2/><F124/><W125/><G125/><T0/><D65/><U82/><E64/><V131/><F131/><W132/><G132/><T28/><D19/><U68/><E68/><V116/><F31/><W109/><G109/><T96/><D7/><U89/><E78/><V58/><F90/><N who="1" m="34921" /><E98/><V77/><F59/><W50/><G87/><AGARI ba="0,0" hai="4,11,12,43,45,49,60,62,76,82,87" m="34921" machi="87" ten="30,7700,0" yaku="25,1,8,1,52,1,54,1" doraHai="41" who="1" fromWho="3" sc="250,0,250,77,250,0,250,-77" /><INIT seed="1,0,0,5,5,31" ten="250,327,250,173" oya="1" hai0="44,89,51,13,84,110,94,73,133,30,33,65,128" hai1="82,97,104,106,91,109,28,38,71,2,81,126,57" hai2="1,127,88,95,92,80,11,113,37,78,49,39,52" hai3="105,107,62,32,98,111,130,7,45,120,17,99,43"/><U87/><E71/><V114/><F95/><W67/><G120/><T102/><D73/><U25/><E38/><V21/><F21/><W26/><G111/><T59/><D110/><U40/><E109/><V121/><F121/><W69/><G130/><T123/><D123/><U60/><E40/><V56/><F127/><W119/><G119/><T79/><D128/><U16/><E2/><V116/><F116/><W90/><G7/><T122/><D79/><U66/><E126/><V100/><F100/><W36/><G17/><T12/><D122/><U75/><E97/><N who="2" m="57479" /><F11/><W4/><G4/><T35/><D30/><U42/><E42/><V85/><F1/><W117/><G117/><T76/><D76/><U64/><E64/><V96/><F96/><W5/><G5/><T47/><D102/><U6/><E6/><V70/><F70/><W83/><G99/><T24/><D24/><U134/><E134/><V48/><F48/><W3/><G3/><T54/><D133/><U74/><E16/><V58/><F58/><W125/><G125/><T115/><D115/><AGARI ba="0,0" hai="37,39,49,52,56,78,80,85,113,114,115" m="57479" machi="115" ten="30,3900,0" yaku="11,1,54,2" doraHai="31" who="2" fromWho="0" sc="250,-39,327,0,250,39,173,0" /><INIT seed="2,0,0,0,3,123" ten="211,327,289,173" oya="2" hai0="34,57,55,52,75,88,0,103,78,108,28,71,72" hai1="113,87,90,106,11,19,96,135,133,121,21,97,111" hai2="107,77,33,10,27,42,47,126,7,17,20,118,101" hai3="51,61,91,35,37,31,14,81,89,128,54,36,112"/><V110/><F118/><W130/><G61/><T13/><D0/><U109/><E121/><V86/><F126/><W74/><G112/><T16/><D71/><U60/><E11/><V29/><F107/><W63/><G63/><T73/><D103/><N who="1" m="62823" /><E60/><V15/><F101/><W98/><G14/><T58/><D108/><N who="1" m="41547" /><E97/><V105/><F105/><W114/><G114/><T43/><D78/><U100/><E100/><V119/><F110/><W70/><G70/><T102/><D102/><U3/><E3/><V85/><F77/><W12/><G98/><T124/><D88/><U46/><E46/><V99/><F99/><W122/><G122/><T93/><D58/><U94/><E113/><V44/><F44/><W66/><G89/><T8/><D57/><U40/><E40/><V125/><F119/><W132/><G91/><T45/><D43/><U48/><E48/><V84/><F125/><W69/><G51/><T115/><D45/><U134/><E135/><V49/><REACH who="2" step="1"/><F33/><REACH who="2" ten="211,327,279,173" step="2"/><W22/><G35/><T23/><D124/><U24/><AGARI ba="0,1" hai="19,21,24,87,90,94,133,134" m="41547,62823" machi="24" ten="30,7900,0" yaku="14,1,52,3" doraHai="123" who="1" fromWho="1" sc="211,-20,327,89,279,-39,173,-20" /><INIT seed="3,0,0,0,0,14" ten="191,416,240,153" oya="3" hai0="95,36,135,28,41,107,35,111,5,124,81,90,79" hai1="70,117,98,89,114,106,115,9,6,33,4,61,109" hai2="22,37,18,105,82,55,34,121,120,131,93,2,112" hai3="118,116,104,3,50,43,103,91,73,48,16,31,80"/><W38/><G3/><T54/><D107/><U8/><E89/><V88/><F112/><W75/><G38/><T60/><D111/><U126/><E33/><V101/><F34/><W64/><G31/><T10/><D124/><U83/><E83/><V113/><F113/><W21/><G64/><T84/><D135/><U23/><E23/><V29/><F29/><W56/><G75/><T108/><D108/><U99/><E109/><V53/><F37/><W133/><G133/><T51/><D60/><U11/><E126/><V57/><F2/><W72/><G72/><T39/><D35/><U47/><E11/><V25/><F82/><W40/><G104/><T132/><D28/><U102/><E47/><V67/><F67/><W86/><G103/><T0/><D41/><N who="3" m="15945" /><G73/><T130/><D130/><U63/><E117/><N who="3" m="45162" /><G56/><T74/><D132/><U13/><E70/><V87/><F131/><W97/><G97/><T92/><D95/><U78/><E78/><V68/><F68/><W20/><G20/><T17/><D17/><U1/><E99/><N who="2" m="61631" /><F57/><AGARI ba="0,0" hai="0,5,10,36,39,51,54,57,74,79,81,84,90,92" machi="57" ten="30,1000,0" yaku="7,1" doraHai="14" who="0" fromWho="2" sc="191,10,416,0,240,-10,153,0" owari="201,-19.9,416,51.6,230,3.0,153,-34.7" /></mjloggm>