<mjloggm ver="2.3"><GO type="225" lobby="0"/><UN n0="%53%41%49%2A" n1="%72%61%6B%33" n2="%4D%50%43%32%38%30%30" n3="%E9%80%9F%E6%B0%B4%E5%87%9B%E9%A6%99" dan="16,16,16,17" rate="2127.31,2127.08,2130.82,2162.01" sx="M,M,M,F"/><TAIKYOKU oya="0"/><INIT seed="0,0,0,0,3,55" ten="250,250,250,250" oya="0" hai0="84,12,54,5,61,87,45,31,129,105,1,93,28" hai1="95,27,109,100,73,49,29,80,111,32,19,118,0" hai2="48,103,50,18,6,15,74,98,64,106,58,124,117" hai3="113,67,17,47,92,9,63,26,71,53,30,59,39"/><T126/><D105/><U85/><E118/><V60/><F74/><W132/><G113/><T123/><D1/><U75/><E0/><V44/><F117/><W22/><G132/><T77/><D126/><U107/><E107/><V116/><F116/><W81/><G81/><T90/><D129/><U89/><E19/><V79/><F79/><W108/><G108/><N who="1" m="41546" /><E49/><V42/><F124/><W33/><G9/><N who="0" m="4143" /><D123/><U86/><E100/><V130/><F130/><W127/><G127/><T24/><D24/><U65/><E65/><V94/><F6/><W20/><G92/><T133/><D133/><U34/><E34/><V38/><REACH who="2" step="1"/><F106/><REACH who="2" ten="250,250,240,250" step="2"/><W110/><G110/><T72/><D72/><U101/><E101/><V7/><F7/><W76/><G76/><AGARI ba="0,1" hai="27,29,32,73,75,76,80,85,86,89,95" m="41546" machi="76" ten="30,1000,0" yaku="14,1" doraHai="55" who="1" fromWho="3" sc="250,0,250,20,240,0,250,-10" /><INIT seed="1,0,0,2,0,129" ten="250,270,240,240" oya="1" hai0="113,74,58,7,127,67,23,115,4,106,0,85,68" hai1="33,86,76,11,26,123,124,9,22,135,108,8,45" hai2="24,18,39,32,89,29,20,30,42,31,64,131,40" hai3="132,61,69,10,92,56,101,41,83,65,103,21,133"/><U59/><E123/><V99/><F131/><W55/><G83/><T122/><D74/><U47/><E124/><V5/><F64/><W16/><G10/><T54/><D106/><U84/><E33/><V6/><F32/><W2/><G41/><N who="2" m="15977" /><F39/><W96/><G2/><T1/><D67/><U15/><E108/><V63/><F63/><W112/><G112/><T82/><D68/><U111/><E111/><V38/><F38/><W46/><G46/><N who="1" m="17418" /><E135/><N who="3" m="51786" /><G69/><T52/><D127/><U27/><E59/><V100/><F100/><N who="3" m="60423" /><G65/><T71/><D71/><U130/><E130/><V12/><F99/><W104/><G104/><T90/><D0/><U75/><E75/><V25/><F89/><W72/><G72/><T134/><D90/><U102/><E102/><V121/><F121/><W109/><G109/><T119/><D1/><U118/><E118/><V95/><F95/><W114/><G114/><T93/><D93/><U117/><E117/><V13/><F6/><W34/><G34/><T57/><D4/><U94/><E94/><V126/><F126/><W91/><G91/><T37/><D7/><U81/><E86/><V35/><F35/><W116/><G116/><T49/><D85/><U36/><E36/><V17/><F5/><W80/><G80/><T107/><D115/><U19/><AGARI ba="0,0" hai="8,9,11,15,19,22,26,27,76,81,84" m="17418" machi="19" ten="30,1500,0" yaku="8,1" doraHai="129" who="1" fromWho="1" sc="250,-5,270,15,240,-5,240,-5" /><INIT seed="1,1,0,0,4,24" ten="245,285,235,235" oya="1" hai0="125,85,77,76,52,110,53,13,6,21,18,34,57" hai1="31,87,5,90,94,45,40,74,59,16,111,104,81" hai2="51,98,118,102,2,134,93,64,7,121,62,126,123" hai3="130,35,91,32,26,10,37,39,69,106,60,17,22"/><U75/><E5/><V47/><F118/><W107/><G130/><T19/><D110/><U44/><E104/><V103/><F134/><W12/><G106/><T119/><D125/><U30/><E111/><V8/><F126/><W83/><G107/><T48/><D34/><U88/><E59/><V112/><F103/><W117/><G117/><T0/><D119/><U84/><E16/><V78/><F78/><W132/><G132/><T96/><D96/><U49/><REACH who="1" step="1"/><E44/><REACH who="1" ten="245,275,235,235" step="2"/><V79/><F112/><W50/><G17/><T20/><D6/><U80/><E80/><V131/><F131/><W46/><G83/><T99/><D19/><U61/><E61/><V129/><F129/><W65/><G46/><T28/><D57/><U95/><E95/><V82/><F82/><W127/><G60/><T38/><D18/><U68/><E68/><V63/><F63/><W27/><G69/><T128/><D128/><U101/><E101/><V135/><F135/><W72/><G127/><T33/><D0/><U3/><E3/><V42/><F79/><W113/><G113/><T15/><D77/><U23/><E23/><V97/><F97/><W114/><G22/><T58/><D21/><U66/><E66/><V108/><F108/><W70/><G65/><T100/><D20/><U86/><E86/><V122/><F123/><W55/><G70/><AGARI ba="1,1" hai="2,7,8,42,47,51,62,64,70,93,98,102,121,122" machi="70" ten="30,1000,0" yaku="7,1" doraHai="24" who="2" fromWho="3" sc="245,0,275,0,235,23,235,-13" /><INIT seed="2,0,0,4,0,97" ten="245,275,258,222" oya="2" hai0="3,52,112,50,54,45,127,133,135,89,128,108,58" hai1="106,28,125,39,29,60,131,71,81,57,94,34,132" hai2="8,65,107,14,80,38,55,103,30,134,110,26,32" hai3="73,17,87,18,13,7,6,49,96,102,42,67,56"/><V53/><F134/><W83/><G73/><T130/><D3/><U115/><E94/><V2/><F38/><W36/><G36/><T61/><D89/><U37/><E57/><V85/><F110/><W84/><G84/><T35/><D35/><U4/><E4/><V93/><F107/><W82/><G82/><T123/><D123/><U5/><E5/><V0/><F65/><W66/><G66/><T19/><D19/><U46/><E28/><V86/><F2/><W63/><G42/><T122/><D122/><U62/><E62/><V104/><F104/><W24/><G49/><T48/><D112/><U44/><E29/><V9/><F8/><W59/><G59/><N who="0" m="33159" /><D108/><U41/><E34/><V10/><F10/><W100/><G24/><T111/><D127/><U16/><E125/><V95/><F95/><N who="3" m="58399" /><G102/><T90/><D90/><U11/><E106/><V79/><F0/><W78/><G18/><T27/><D27/><U51/><E37/><V121/><F121/><W109/><G109/><T76/><D76/><U119/><E39/><V88/><F103/><W15/><G15/><T70/><D70/><U21/><E71/><V101/><REACH who="2" step="1"/><F101/><REACH who="2" ten="245,275,248,222" step="2"/><W64/><G64/><N who="0" m="38967" /><D111/><U75/><E132/><AGARI ba="0,1" hai="45,50,54,128,130,132,133,135" m="38967,33159" machi="132" ten="30,7700,0" yaku="20,1,34,2,54,1" doraHai="97" who="0" fromWho="1" sc="245,87,275,-77,248,0,222,0" /><INIT seed="3,0,0,0,1,9" ten="332,198,248,222" oya="3" hai0="4,102,134,64,16,51,119,75,30,96,40,35,85" hai1="47,98,73,111,46,95,127,82,128,62,114,104,33" hai2="72,36,88,59,90,52,45,124,19,8,113,118,126" hai3="65,91,13,14,101,53,21,60,84,39,25,130,26"/><W67/><G39/><T43/><D75/><U115/><E33/><V131/><F113/><W23/><G101/><T58/><D4/><U63/><E104/><V76/><F118/><W11/><G130/><T0/><D0/><U7/><E128/><V105/><F105/><W132/><G132/><T69/><D69/><U97/><E7/><V32/><F32/><W57/><G11/><T28/><D134/><U49/><E111/><V133/><F133/><W24/><G21/><T129/><D129/><U110/><E110/><V93/><F93/><N who="3" m="54503" /><G23/><T10/><D35/><U55/><E127/><N who="2" m="48683" /><F131/><W56/><G67/><T87/><D64/><U112/><E46/><V107/><F107/><W103/><G103/><T31/><D119/><U121/><E121/><V61/><F76/><W81/><G81/><T38/><D38/><U5/><E5/><V22/><F8/><W48/><AGARI ba="0,0" hai="13,14,24,25,26,48,53,56,57,60,65" m="54503" machi="48" ten="30,6000,0" yaku="8,1,52,2" doraHai="9" who="3" fromWho="3" sc="332,-20,198,-20,248,-20,222,60" /><INIT seed="3,1,0,1,4,114" ten="312,178,228,282" oya="3" hai0="71,99,95,108,100,56,17,63,1,64,111,41,77" hai1="119,109,11,28,46,92,85,8,126,34,75,76,91" hai2="74,3,120,89,69,26,50,70,122,23,13,57,97" hai3="58,105,51,84,104,107,88,25,15,32,78,62,90"/><W135/><G51/><T53/><D1/><U116/><E109/><N who="0" m="42057" /><D77/><U131/><E126/><V73/><F3/><W72/><G15/><T94/><D41/><U29/><E131/><V40/><F13/><W67/><G72/><T55/><D17/><U79/><E46/><N who="2" m="25927" /><F57/><W2/><G2/><T52/><D95/><U36/><E36/><V96/><F74/><W42/><G42/><T9/><D9/><N who="1" m="3659" /><E34/><V49/><F49/><AGARI ba="1,0" hai="49,52,53,55,56,63,64,71,94,99,100" m="42057" machi="49" ten="30,2000,0" yaku="14,1,54,1" doraHai="114" who="0" fromWho="2" sc="312,23,178,0,228,-23,282,0" owari="335,43.5,178,-32.2,205,-19.5,282,8.2" /></mjloggm>