<mjloggm ver="2.3"><GO type="225" lobby="0"/><UN n0="%43%68%65" n1="%E3%81%8F%E3%81%BE%E3%81%96%E3%82%8F" n2="%74%61%6B%65%2D%79%6F%75" n3="%E3%81%95%E3%81%8D%E3%81%9F%E3%81%BE%E6%9E%97%E6%AA%8E" dan="16,16,16,16" rate="2087.05,2078.92,2204.25,2150.54" sx="M,M,M,M"/><TAIKYOKU oya="0"/><INIT seed="0,0,0,5,1,103" ten="250,250,250,250" oya="0" hai0="71,101,112,92,64,133,2,54,114,68,27,104,18" hai1="39,38,12,58,36,52,83,95,91,53,109,35,124" hai2="21,40,10,51,84,85,67,5,122,17,100,89,134" hai3="11,130,33,75,9,57,44,15,132,77,22,123,3"/><T73/><D73/><U0/><E0/><V117/><F122/><W55/><G132/><T118/><D118/><U81/><E109/><V59/><F134/><W82/><G130/><T116/><D116/><U6/><E35/><V115/><F117/><W102/><G33/><T72/><D72/><U111/><E111/><V19/><F115/><W87/><G3/><T127/><D2/><U1/><E1/><V78/><F100/><W29/><G123/><T107/><D133/><U110/><E110/><V121/><F121/><W119/><G119/><T76/><D76/><U43/><E124/><V99/><F67/><W32/><G32/><T98/><D127/><U30/><E30/><V61/><F40/><W113/><G113/><T93/><D54/><U131/><E43/><V34/><F34/><W20/><G44/><T45/><D45/><U23/><E131/><V108/><F108/><W129/><G129/><T70/><D64/><U47/><E47/><V7/><F51/><W80/><G102/><T120/><D120/><U65/><E65/><N who="2" m="39103" /><F10/><W49/><G29/><T96/><D114/><U79/><E79/><V66/><F66/><W48/><G48/><T13/><D27/><U56/><E53/><V24/><F19/><W74/><G74/><T8/><REACH who="0" step="1"/><D112/><REACH who="0" ten="240,250,250,250" step="2"/><U41/><E41/><V50/><F78/><W128/><G128/><T125/><D125/><U4/><E52/><V60/><F24/><W42/><G42/><T90/><AGARI ba="0,1" hai="8,13,18,68,70,71,90,92,93,96,98,101,104,107" machi="90" ten="30,11700,0" yaku="1,1,0,1,52,2,53,0" doraHai="103" doraHaiUra="31" who="0" fromWho="0" sc="240,127,250,-39,250,-39,250,-39" /><INIT seed="0,1,0,2,5,37" ten="367,211,211,211" oya="0" hai0="132,53,113,4,81,7,105,90,94,134,131,112,103" hai1="108,11,5,9,82,83,19,59,98,126,122,0,55" hai2="34,28,32,111,47,6,22,93,104,80,63,30,130" hai3="27,21,17,128,68,50,101,135,64,56,129,119,102"/><T116/><D116/><U57/><E122/><V23/><F104/><W107/><G119/><T39/><D39/><U38/><E108/><V61/><F111/><W12/><G68/><T44/><D81/><U60/><E126/><V121/><F121/><W85/><G135/><N who="0" m="51755" /><D131/><N who="3" m="50249" /><G107/><T69/><D69/><U76/><E38/><V106/><F130/><W13/><G85/><T71/><D71/><U46/><E46/><V74/><F106/><W91/><G91/><T73/><D73/><U127/><E98/><V115/><F115/><W118/><G118/><T99/><D53/><U2/><E127/><V86/><F6/><N who="0" m="2090" /><D44/><U92/><E0/><V124/><F47/><W114/><G114/><T43/><D43/><U120/><E120/><V8/><F80/><W110/><G110/><T78/><D78/><U18/><E83/><V15/><F74/><W96/><G64/><T10/><D10/><U42/><E11/><V133/><F8/><W49/><G56/><T75/><D75/><U31/><E59/><V95/><F133/><W51/><G96/><AGARI ba="1,0" hai="90,94,96,99,103,105,112,113" m="2090,51755" machi="96" ten="30,1500,0" yaku="20,1" doraHai="37" who="0" fromWho="3" sc="367,18,211,0,211,0,211,-18" /><INIT seed="0,2,0,1,4,120" ten="385,211,211,193" oya="0" hai0="72,115,29,131,99,17,0,123,4,119,12,74,66" hai1="25,94,71,39,135,58,75,19,95,21,126,85,41" hai2="40,105,103,6,49,67,8,23,100,3,79,84,76" hai3="114,134,78,70,113,111,125,1,34,104,22,15,54"/><T7/><D115/><U118/><E118/><V122/><F122/><W33/><G78/><T91/><D123/><U37/><E126/><V5/><F67/><W63/><G54/><T82/><D66/><U61/><E75/><V64/><F64/><W38/><G63/><T53/><D29/><U128/><E128/><V51/><F23/><W98/><G98/><T28/><D28/><U10/><E135/><V93/><F105/><W127/><G104/><T112/><D112/><N who="3" m="43113" /><G38/><T102/><D119/><U42/><E71/><V109/><F40/><W31/><G70/><T36/><D36/><U106/><E106/><V13/><F3/><W87/><G87/><T48/><D0/><U124/><E124/><N who="3" m="47690" /><G1/><T68/><D68/><U18/><E39/><V14/><F84/><W16/><G134/><T50/><D50/><U90/><E94/><V101/><F93/><W30/><G111/><T43/><D43/><U24/><E37/><V32/><F101/><W97/><G97/><T11/><D74/><U129/><E129/><V73/><F73/><W46/><G46/><N who="0" m="27799" /><D131/><U77/><E42/><V35/><REACH who="2" step="1"/><F8/><REACH who="2" ten="385,211,201,193" step="2"/><W83/><G83/><T59/><D72/><U47/><E10/><V81/><F81/><W89/><G89/><T52/><D91/><U45/><E41/><V110/><AGARI ba="2,1" hai="5,6,13,14,32,35,49,51,76,79,100,103,109,110" machi="110" ten="25,16000,3" yaku="1,1,0,1,22,2,52,2,53,2" doraHai="120" doraHaiUra="2" who="2" fromWho="2" sc="385,-82,211,-42,201,176,193,-42" /><INIT seed="1,0,0,3,5,118" ten="303,169,377,151" oya="1" hai0="133,64,60,35,57,50,90,49,119,105,81,78,16" hai1="74,40,134,92,97,12,94,131,32,22,128,62,132" hai2="84,27,114,59,126,71,103,108,44,76,75,51,65" hai3="135,28,70,54,48,100,10,101,125,9,45,42,83"/><U37/><E32/><V4/><F108/><W30/><G125/><T129/><D119/><U53/><E37/><V122/><F126/><W39/><G135/><N who="1" m="51754" /><E40/><V121/><F114/><W124/><G124/><T63/><D133/><U130/><E62/><V2/><F71/><W13/><G70/><T104/><D35/><U110/><E53/><V19/><F75/><W25/><G83/><T8/><D129/><U106/><E22/><V109/><F109/><W96/><G39/><T23/><D8/><N who="3" m="3177" /><G42/><T99/><D63/><U58/><E58/><V123/><F2/><W1/><G1/><T17/><D17/><U47/><E12/><V43/><F4/><W56/><G13/><T79/><D79/><U6/><E47/><V91/><F103/><N who="3" m="39499" /><G96/><T82/><D104/><U68/><E68/><V88/><F65/><W3/><G3/><T66/><D105/><U5/><E74/><V86/><F59/><W14/><G14/><N who="0" m="9623" /><D66/><U31/><E110/><V107/><F107/><W127/><G127/><T61/><D61/><U29/><E106/><V26/><F76/><W77/><G77/><T24/><D78/><U112/><E112/><V15/><F15/><W69/><G69/><T120/><D24/><U38/><E38/><V115/><F115/><W98/><G25/><T41/><D41/><U116/><E116/><V85/><REACH who="2" step="1"/><F26/><REACH who="2" ten="303,169,367,151" step="2"/><W21/><G56/><T18/><D57/><U11/><E5/><V73/><F73/><W111/><G111/><T87/><D64/><U33/><E6/><V89/><F89/><W7/><G7/><T102/><D90/><U72/><E130/><RYUUKYOKU ba="0,1" sc="303,-10,169,-10,367,30,151,-10" hai2="19,27,43,44,51,84,85,86,88,91,121,122,123" /><INIT seed="2,1,1,5,1,60" ten="293,159,397,141" oya="2" hai0="89,98,24,106,74,82,128,1,71,75,119,67,134" hai1="43,36,122,111,90,95,33,131,25,114,8,54,32" hai2="116,102,27,77,18,93,5,28,61,38,50,129,64" hai3="4,55,0,110,132,96,42,118,14,101,115,10,103"/><V113/><BYE who="1" /><F113/><W6/><G110/><T26/><D1/><U124/><E124/><V15/><F116/><W9/><G118/><T12/><D119/><U85/><E85/><V65/><F38/><W56/><G132/><T63/><D134/><U57/><E57/><V7/><F129/><W88/><G115/><T92/><D128/><U76/><E76/><V41/><F77/><W73/><G73/><T72/><D106/><U13/><E13/><V112/><F112/><W23/><G23/><T135/><D135/><U105/><E105/><V83/><F83/><W46/><G55/><T133/><D133/><U68/><E68/><V39/><F39/><UN n1="%E3%81%8F%E3%81%BE%E3%81%96%E3%82%8F" /><W58/><G88/><T48/><D82/><U70/><E114/><V99/><F41/><W126/><G126/><T16/><REACH who="0" step="1"/><D48/><REACH who="0" ten="283,159,397,141" step="2"/><U69/><E131/><V117/><F50/><W125/><G125/><T44/><D44/><U20/><E36/><V127/><F127/><W104/><G103/><T22/><AGARI ba="1,2" hai="12,16,22,24,26,63,67,71,72,74,75,89,92,98" machi="22" ten="30,7900,0" yaku="1,1,0,1,52,1,54,1,53,0" doraHai="60" doraHaiUra="37" who="0" fromWho="0" sc="283,102,159,-21,397,-40,141,-21" /><INIT seed="3,0,0,4,4,126" ten="385,138,357,120" oya="3" hai0="134,15,84,8,22,110,56,1,31,70,92,19,27" hai1="79,14,2,99,49,21,127,3,50,87,65,72,37" hai2="6,13,53,34,38,130,78,42,64,82,16,108,103" hai3="88,44,94,5,52,36,117,20,107,28,63,89,128"/><W109/><G117/><T9/><D70/><U101/><E37/><V24/><F108/><W90/><G107/><T122/><D122/><U125/><E72/><V77/><F64/><W55/><G36/><T86/><D110/><U81/><E65/><V58/><F103/><W96/><G109/><T48/><D134/><U104/><E14/><V80/><F6/><W45/><G5/><T67/><D1/><N who="1" m="11" /><E21/><N who="2" m="13351" /><F34/><W54/><G63/><N who="0" m="38375" /><D48/><U47/><E47/><N who="3" m="17994" /><G128/><T76/><D76/><N who="2" m="29290" /><F38/><W12/><G12/><N who="0" m="7559" /><D92/><U132/><E132/><V69/><F69/><W135/><G135/><T121/><BYE who="3" /><D121/><U46/><E127/><V68/><F68/><W106/><G106/><T73/><D73/><U10/><E125/><V124/><F124/><UN n3="%E3%81%95%E3%81%8D%E3%81%9F%E3%81%BE%E6%9E%97%E6%AA%8E" /><W62/><G62/><T40/><D40/><U116/><E104/><V33/><F33/><W85/><G85/><T4/><AGARI ba="0,0" hai="4,9,15,22,27,31,84,86" m="7559,38375" machi="4" ten="30,1100,0" yaku="8,1" doraHai="126" who="0" fromWho="0" sc="385,11,138,-3,357,-3,120,-5" owari="396,49.6,135,-26.5,354,15.4,115,-38.5" /></mjloggm>