<mjloggm ver="2.3"><GO type="225" lobby="0"/><UN n0="%E3%81%86%E3%81%A3%E3%81%97%E3%83%BC%30%30" n1="%E6%98%A5%E3%81%AE%E3%81%8B%E3%81%91%E3%82%89" n2="%E3%82%AF%E3%82%A3%E3%82%A6" n3="%6D%75%75%6D%75%72%61" dan="16,16,16,16" rate="2084.85,2047.27,2123.44,2124.88" sx="M,F,M,F"/><TAIKYOKU oya="0"/><INIT seed="0,0,0,3,4,91" ten="250,250,250,250" oya="0" hai0="67,85,74,128,48,115,98,28,89,79,16,81,5" hai1="38,61,14,41,31,90,2,70,53,76,103,126,124" hai2="113,96,6,65,11,19,36,127,120,47,88,108,116" hai3="46,39,132,37,118,123,130,9,40,135,101,111,93"/><T44/><D115/><U105/><E2/><V49/><F113/><W4/><G118/><T78/><D128/><U35/><E76/><V20/><F108/><W97/><G111/><T122/><D122/><U95/><E14/><V73/><F120/><W110/><G110/><T30/><D5/><U71/><E103/><V80/><F116/><W1/><G123/><T102/><D67/><U64/><E105/><V33/><F127/><N who="1" m="48681" /><E53/><V42/><F33/><W72/><G72/><T104/><D78/><U106/><E106/><V29/><F29/><W92/><G130/><T43/><REACH who="0" step="1"/><D16/><REACH who="0" ten="240,250,250,250" step="2"/><U27/><E70/><V21/><F65/><W125/><G125/><T58/><D58/><U3/><E3/><V109/><F109/><W52/><G1/><T134/><D134/><U57/><E71/><V24/><F19/><W8/><G132/><T7/><D7/><U66/><E64/><V10/><F6/><W86/><G135/><T107/><D107/><U23/><E66/><V56/><F56/><W13/><G8/><T12/><D12/><U119/><E119/><V84/><F10/><W34/><G4/><T50/><D50/><U0/><E0/><V62/><F49/><W117/><G9/><T77/><D77/><U51/><E51/><V99/><F11/><W15/><G117/><T17/><D17/><U114/><E114/><V55/><F36/><W60/><G37/><T112/><D112/><U75/><E57/><V121/><F121/><W32/><G15/><T22/><D22/><U68/><E38/><N who="2" m="21975" /><F20/><W87/><G39/><T63/><D63/><U59/><E61/><RYUUKYOKU ba="0,1" sc="240,30,250,-10,250,-10,250,-10" hai0="28,30,43,44,48,74,79,81,85,89,98,102,104" /><INIT seed="0,1,1,4,3,21" ten="270,240,240,240" oya="0" hai0="106,5,53,102,30,120,59,4,66,76,17,73,72" hai1="26,15,45,82,74,31,10,41,112,14,117,111,43" hai2="70,9,83,116,56,39,6,93,65,135,1,22,20" hai3="33,129,63,61,90,23,103,27,88,16,125,38,87"/><T52/><D120/><U71/><E117/><V25/><F39/><W122/><G38/><T58/><D66/><U36/><E111/><V124/><F124/><W54/><G125/><T19/><D30/><U79/><E112/><V98/><F116/><W64/><G122/><T86/><D86/><U75/><E71/><V94/><F135/><W69/><G129/><T78/><D102/><U0/><E43/><V62/><F70/><W100/><G33/><T3/><REACH who="0" step="1"/><D106/><REACH who="0" ten="260,240,240,240" step="2"/><U107/><E107/><V2/><F65/><W29/><G29/><T32/><D32/><N who="1" m="20599" /><E75/><V130/><F130/><W11/><G90/><T80/><D80/><U133/><E133/><V57/><F83/><W67/><G67/><T134/><D134/><U108/><E108/><V104/><F104/><W119/><G119/><T51/><D51/><U50/><E50/><V127/><F127/><W8/><G100/><T126/><D126/><U105/><E105/><V60/><F98/><W13/><G103/><T49/><D49/><U77/><E79/><V28/><F28/><W110/><G110/><T97/><D97/><U7/><AGARI ba="1,2" hai="0,7,10,14,15,36,41,45,74,77,82" m="20599" machi="7" ten="30,2000,0" yaku="25,1,52,1" doraHai="21" who="1" fromWho="1" sc="260,-11,240,43,240,-6,240,-6" /><INIT seed="1,0,0,0,1,49" ten="249,283,234,234" oya="1" hai0="43,103,128,120,75,133,10,132,30,117,114,88,5" hai1="121,53,50,102,46,96,98,22,54,52,112,110,127" hai2="13,76,66,6,47,77,79,55,36,106,87,44,31" hai3="83,119,135,29,89,42,17,100,27,99,12,69,72"/><U61/><E112/><V35/><F106/><W24/><G135/><T71/><D114/><U122/><E127/><V57/><F66/><W28/><G69/><T81/><D71/><U131/><E131/><V48/><F35/><W73/><G42/><T124/><D117/><U118/><E118/><V65/><F31/><W8/><G119/><T68/><D68/><U56/><E110/><V105/><F105/><W67/><G67/><T63/><D63/><U37/><E37/><V19/><F6/><W32/><G89/><T40/><D103/><U123/><E22/><N who="2" m="11631" /><F36/><W94/><REACH who="3" step="1"/><G83/><REACH who="3" ten="249,283,234,224" step="2"/><T20/><D81/><U85/><E102/><V38/><F38/><W9/><G9/><T64/><D10/><U15/><E85/><V70/><F70/><W108/><G108/><T11/><D43/><U51/><REACH who="1" step="1"/><E15/><REACH who="1" ten="249,273,234,224" step="2"/><V125/><F125/><W26/><G26/><T78/><D124/><U80/><E80/><V109/><F87/><W4/><G4/><T1/><D5/><U126/><E126/><V86/><F109/><W134/><G134/><T92/><D132/><U2/><E2/><V33/><F86/><W90/><G90/><T84/><D88/><U107/><E107/><V18/><F65/><W93/><G93/><T129/><D92/><U7/><E7/><V45/><F33/><AGARI ba="0,2" hai="8,12,17,24,27,28,29,32,33,72,73,94,99,100" machi="33" ten="30,7700,0" yaku="1,1,7,1,9,1,53,1" doraHai="49" doraHaiUra="14" who="3" fromWho="2" sc="249,0,273,0,234,-77,224,97" /><INIT seed="2,0,0,4,3,33" ten="249,273,157,321" oya="2" hai0="95,63,0,116,85,91,98,113,37,40,127,92,86" hai1="108,67,99,18,14,22,58,59,44,78,45,72,66" hai2="43,62,126,31,20,26,47,52,6,60,73,102,65" hai3="30,94,57,118,130,24,11,134,2,80,89,41,49"/><V122/><F73/><W84/><G118/><T104/><D37/><U19/><E108/><V133/><F122/><W75/><G130/><T36/><D36/><U131/><E131/><V123/><F123/><W27/><G134/><T3/><D40/><U32/><E32/><V28/><F126/><W4/><G30/><T76/><D113/><U16/><E72/><V5/><F133/><W87/><G75/><T34/><D34/><U51/><E78/><V121/><F121/><W90/><G41/><T55/><D104/><U13/><E99/><V38/><F31/><W48/><G48/><T56/><D127/><U15/><E22/><V71/><REACH who="2" step="1"/><F102/><REACH who="2" ten="249,273,147,321" step="2"/><W129/><G129/><T109/><D116/><U79/><E79/><V93/><F93/><W42/><G94/><T35/><D109/><U9/><E9/><V29/><F29/><W101/><G11/><T8/><D8/><U7/><E7/><V119/><F119/><W12/><G4/><T117/><D117/><U135/><E135/><V53/><F53/><W112/><G112/><T10/><D10/><U74/><E74/><V23/><F23/><W100/><G100/><T54/><D35/><U111/><E111/><V88/><F88/><W46/><G90/><N who="0" m="53327" /><D55/><U1/><E19/><V103/><F103/><W120/><G101/><T69/><D91/><U105/><E105/><V82/><F82/><W107/><G80/><N who="0" m="47367" /><D95/><U64/><E18/><V25/><F25/><W97/><G27/><T17/><D17/><U61/><E16/><V83/><F83/><W96/><G24/><T81/><D81/><U125/><E125/><RYUUKYOKU ba="0,1" sc="249,-10,273,-10,147,30,321,-10" hai2="5,6,20,26,28,38,43,47,52,60,62,65,71" /><INIT seed="2,1,1,0,0,113" ten="239,263,177,311" oya="2" hai0="131,112,65,6,24,38,76,77,23,63,45,5,115" hai1="99,29,82,51,132,134,3,27,79,57,52,83,127" hai2="14,123,92,106,44,59,4,91,122,74,36,2,72" hai3="108,16,133,135,39,85,42,33,37,31,93,55,87"/><V105/><F59/><W40/><G108/><T120/><D120/><N who="2" m="46122" /><F92/><W116/><G116/><T84/><D131/><U104/><E3/><V12/><F91/><W1/><G55/><T21/><D38/><U17/><E17/><V95/><F95/><W35/><G16/><T110/><D110/><U69/><E69/><V15/><F44/><W126/><G1/><T9/><D45/><U25/><E127/><V129/><F2/><W90/><G93/><T34/><D84/><U94/><E104/><N who="2" m="40043" /><F36/><W10/><G90/><T56/><D115/><U121/><E94/><V114/><F114/><W28/><G10/><T58/><D112/><U128/><E83/><V54/><F54/><W103/><G103/><T50/><D9/><U119/><E82/><V111/><F111/><W46/><G46/><T61/><D50/><U118/><E52/><V49/><F129/><W70/><G70/><T98/><D98/><U62/><E51/><V107/><N who="2" m="40051" /><V102/><DORA hai="81" /><F102/><W19/><G19/><T13/><D58/><U88/><E128/><V130/><F130/><W64/><G126/><T96/><D56/><U20/><E57/><V22/><F22/><W100/><G100/><T117/><D23/><U73/><E20/><V60/><F60/><W53/><G53/><T78/><D21/><U124/><E62/><V89/><F4/><W101/><G101/><T32/><D63/><U80/><E124/><V7/><F7/><W67/><AGARI ba="1,1" hai="28,31,33,35,37,39,40,42,64,67,85,87,133,135" machi="67" ten="25,8000,1" yaku="0,1,22,2,52,2" doraHai="113,81" who="3" fromWho="3" sc="239,-21,263,-21,177,-41,311,93" /><INIT seed="3,0,0,2,2,40" ten="218,242,136,404" oya="3" hai0="6,113,24,56,48,76,79,86,62,73,127,85,22" hai1="135,83,0,59,75,128,74,72,18,125,124,31,132" hai2="41,63,36,26,44,115,65,21,55,104,70,57,88" hai3="67,71,27,118,102,120,58,16,8,123,50,126,112"/><W93/><G112/><T92/><D127/><N who="1" m="48715" /><E0/><V25/><F115/><W9/><G50/><T43/><D73/><U129/><E31/><V99/><F104/><W19/><G19/><T82/><D6/><U32/><E32/><V84/><F99/><W47/><G9/><T28/><D113/><U87/><E59/><V37/><F37/><W80/><G58/><T53/><D92/><U12/><E12/><V114/><F114/><W117/><G27/><T54/><D43/><U64/><E64/><V81/><F21/><W60/><G67/><T97/><D97/><U61/><E61/><V34/><REACH who="2" step="1"/><F34/><REACH who="2" ten="218,242,126,404" step="2"/><W77/><G126/><T2/><D2/><U66/><E129/><V90/><F90/><W119/><G119/><T122/><D122/><U7/><E128/><V1/><F1/><W51/><G118/><T10/><D10/><U4/><E135/><V49/><AGARI ba="0,1" hai="25,26,36,41,44,49,55,57,63,65,70,81,84,88" machi="49" ten="20,12000,2" yaku="1,1,0,1,7,1,24,2,52,1,54,1,53,0" doraHai="40" doraHaiUra="13" who="2" fromWho="2" sc="218,-30,242,-30,126,130,404,-60" owari="188,-31.2,212,-18.8,256,5.6,344,44.4" /></mjloggm>