<mjloggm ver="2.3"><GO type="225" lobby="0"/><UN n0="%E5%84%AA%40%41%42%43" n1="%E9%B3%B3%E6%9D%B1%E3%81%AE%E3%81%86%E3%81%95%E3%81%8E%E3%81%95%E3%82%93" n2="%E7%AD%89%E3%80%85%E5%8A%9B%E5%8A%87%E5%A0%B4" n3="%6D%75%75%6D%75%72%61" dan="18,17,16,16" rate="2227.83,2253.29,2174.19,2109.38" sx="M,M,M,F"/><TAIKYOKU oya="0"/><INIT seed="0,0,0,4,4,96" ten="250,250,250,250" oya="0" hai0="32,49,72,64,65,118,75,71,91,17,116,2,25" hai1="132,0,102,131,4,41,47,113,57,28,105,50,83" hai2="134,35,38,104,125,66,37,123,107,43,9,46,44" hai3="115,80,90,127,87,5,26,79,119,76,130,129,7"/><T110/><D2/><U54/><E131/><N who="3" m="50186" /><G115/><T16/><D71/><U67/><E113/><V120/><F35/><W52/><G119/><T124/><D32/><U82/><E132/><V20/><F20/><W95/><G127/><T30/><D49/><U112/><E112/><V6/><F66/><N who="0" m="25706" /><D91/><U85/><E28/><V97/><F125/><W31/><G52/><T60/><D60/><U24/><E24/><V36/><F134/><W19/><G19/><N who="0" m="7243" /><D124/><U109/><E67/><V63/><F63/><W12/><G12/><T23/><D23/><U58/><E0/><N who="2" m="199" /><F107/><W55/><G55/><T34/><D34/><U106/><E54/><V117/><F117/><N who="0" m="45162" /><D25/><U40/><E106/><V27/><F27/><W100/><G76/><T11/><D11/><U59/><E105/><V8/><F8/><W99/><G79/><T89/><D89/><U77/><E77/><V122/><F46/><W29/><G29/><T98/><D98/><U15/><E47/><V51/><F51/><W53/><G53/><T14/><D14/><U61/><E15/><V70/><F70/><W39/><G39/><T88/><D30/><U114/><E50/><V69/><F69/><W22/><AGARI ba="0,0" hai="5,7,22,26,31,80,87,90,95,99,100" m="50186" machi="22" ten="30,2000,0" yaku="19,1,52,1" doraHai="96" who="3" fromWho="3" sc="250,-10,250,-5,250,-5,250,20" /><INIT seed="1,0,0,5,3,40" ten="240,245,245,270" oya="1" hai0="84,20,115,74,95,47,63,125,2,68,67,10,82" hai1="59,80,114,65,36,56,66,135,25,109,79,23,42" hai2="113,39,126,57,106,34,28,87,94,50,104,49,86" hai3="123,98,99,134,15,27,58,69,13,71,53,105,38"/><U81/><E114/><V133/><F39/><W112/><G123/><T48/><D115/><U19/><E135/><V83/><F113/><W29/><G112/><T18/><D125/><U119/><E119/><V88/><F126/><W44/><G134/><T122/><D122/><U91/><E109/><V64/><F133/><W14/><G71/><T35/><D35/><U111/><E111/><V76/><F34/><W73/><G73/><T0/><D95/><U61/><E91/><V107/><REACH who="2" step="1"/><F28/><REACH who="2" ten="240,245,235,270" step="2"/><W78/><G38/><T3/><D74/><U72/><E72/><V45/><F45/><W108/><G44/><T41/><D10/><U26/><E36/><V31/><F31/><W37/><G37/><T132/><D132/><U102/><E26/><V96/><F96/><W120/><G99/><T30/><D30/><U97/><E25/><V60/><AGARI ba="0,1" hai="49,50,57,60,64,76,83,86,87,88,94,104,106,107" machi="60" ten="40,5200,0" yaku="1,1,0,1,54,1,53,0" doraHai="40" doraHaiUra="1" who="2" fromWho="2" sc="240,-13,245,-26,235,62,270,-13" /><INIT seed="2,0,0,0,5,1" ten="227,219,297,257" oya="2" hai0="106,27,34,93,8,11,94,26,48,53,98,72,47" hai1="112,88,68,3,55,117,51,56,9,84,31,29,52" hai2="10,38,73,64,114,115,80,135,103,108,128,87,70" hai3="90,7,107,134,81,32,60,74,36,102,65,25,111"/><V86/><F38/><W75/><G36/><T40/><D72/><U5/><E112/><V133/><F70/><W127/><G111/><T89/><D106/><U79/><E117/><V129/><F64/><W99/><G127/><T13/><D34/><U39/><E68/><V4/><F73/><W16/><G134/><N who="2" m="51209" /><F103/><W30/><G16/><N who="0" m="8231" /><D11/><U77/><E39/><V43/><F43/><W59/><G90/><N who="0" m="55607" /><D53/><U28/><REACH who="1" step="1"/><E55/><REACH who="1" ten="227,209,297,257" step="2"/><V66/><F66/><W109/><G65/><T15/><D15/><U42/><E42/><V45/><F115/><W101/><G109/><T100/><D100/><U35/><E35/><V17/><F114/><W113/><G102/><T20/><D20/><U78/><E78/><V49/><F108/><W104/><G113/><T57/><D57/><U46/><E46/><V132/><F45/><W6/><G59/><T37/><D37/><U82/><AGARI ba="0,1" hai="3,5,9,28,29,31,51,52,56,77,79,82,84,88" machi="82" ten="30,8000,1" yaku="1,1,0,1,52,1,54,2,53,0" doraHai="1" doraHaiUra="23" who="1" fromWho="1" sc="227,-20,209,90,297,-40,257,-20" /><INIT seed="3,0,0,4,0,122" ten="207,299,257,237" oya="3" hai0="34,22,79,120,109,115,72,64,107,96,104,27,43" hai1="61,45,5,125,0,52,33,91,51,98,31,135,25" hai2="63,55,16,127,74,100,126,123,108,21,66,40,75" hai3="124,1,121,7,4,95,85,65,94,3,36,132,26"/><W50/><G121/><T56/><D120/><U112/><E112/><V111/><F123/><W89/><G36/><T81/><D115/><U83/><E135/><V18/><F55/><W41/><G132/><T11/><D43/><U69/><E125/><N who="2" m="47627" /><F100/><W6/><G124/><T106/><D34/><U84/><E98/><V10/><F40/><W60/><G95/><T119/><D119/><U47/><E0/><V92/><F92/><W93/><G93/><T8/><D96/><U30/><E30/><V87/><F87/><W78/><G78/><T118/><D118/><U62/><E5/><V9/><F75/><W105/><G105/><T70/><D70/><U102/><E102/><V57/><F74/><W110/><G110/><N who="2" m="42025" /><F16/><W113/><G113/><T88/><D109/><U29/><E52/><V130/><F130/><W59/><G3/><T86/><D72/><U114/><E84/><V133/><F133/><W117/><G117/><T128/><D128/><U13/><E114/><V48/><F48/><W53/><G1/><T73/><D73/><U17/><E17/><V19/><F19/><W76/><G76/><T77/><D79/><U101/><E51/><V49/><F49/><W131/><G131/><T80/><D77/><U68/><E101/><V35/><F35/><W44/><G41/><T32/><D32/><U97/><E33/><V24/><AGARI ba="0,0" hai="9,10,18,21,24,57,63,66" m="42025,47627" machi="24" ten="30,8000,1" yaku="18,1,14,1,52,3" doraHai="122" who="2" fromWho="2" sc="207,-20,299,-20,257,80,237,-40" owari="187,-31.3,279,7.9,337,43.7,197,-20.3" /></mjloggm>