<mjloggm ver="2.3"><GO type="225" lobby="0"/><UN n0="%E3%81%B5%E3%81%98%E3%81%8B%E3%81%A4" n1="%E5%B8%86%E7%AB%8B%E5%A4%8F%E8%A1%A3" n2="%E3%82%B2%E3%82%B9%E8%8C%82%E5%8B%9D" n3="%47%48%4F%53%54" dan="16,16,16,18" rate="2123.86,2099.51,2125.18,2274.82" sx="M,M,F,M"/><TAIKYOKU oya="0"/><INIT seed="0,0,0,2,2,5" ten="250,250,250,250" oya="0" hai0="75,27,28,26,58,72,39,87,11,107,134,49,133" hai1="55,132,4,93,41,117,80,34,25,52,112,114,113" hai2="103,53,97,2,82,46,83,38,43,90,76,19,125" hai3="14,77,105,22,128,102,116,123,65,33,98,15,8"/><T13/><D107/><U48/><E117/><V60/><F125/><W94/><G116/><T122/><D39/><U69/><E69/><V135/><F135/><N who="0" m="51722" /><D122/><U81/><E132/><V67/><F2/><W51/><G123/><T131/><D131/><U23/><E34/><V78/><F53/><N who="1" m="20553" /><E93/><V21/><F90/><W120/><G33/><T56/><D49/><U84/><E84/><V9/><F82/><W66/><G105/><T63/><D87/><U20/><E20/><V40/><F43/><W0/><G22/><N who="0" m="15447" /><D27/><U89/><E89/><V42/><F40/><W118/><G118/><T64/><D58/><U29/><E4/><AGARI ba="0,0" hai="4,11,13,56,63,64,72,75" m="15447,51722" machi="4" ten="30,2900,0" yaku="20,1,52,1" doraHai="5" who="0" fromWho="1" sc="250,29,250,-29,250,0,250,0" /><INIT seed="0,1,0,1,2,94" ten="279,221,250,250" oya="0" hai0="48,69,66,91,6,77,71,9,115,12,26,46,13" hai1="19,129,134,106,42,119,0,117,58,79,28,107,72" hai2="20,34,113,11,41,80,52,88,32,101,38,17,118" hai3="4,10,127,37,16,112,122,54,65,84,64,5,47"/><T83/><D115/><U102/><E0/><V24/><F113/><W14/><G112/><T39/><D39/><U105/><E28/><V2/><F118/><N who="1" m="45065" /><E58/><V23/><F101/><W50/><G127/><T85/><D66/><N who="3" m="25705" /><G37/><T92/><D26/><U111/><E19/><V98/><F23/><W74/><G74/><T40/><REACH who="0" step="1"/><D13/><REACH who="0" ten="269,221,250,250" step="2"/><U15/><E15/><V96/><F2/><W114/><G114/><T116/><D116/><U68/><E68/><V89/><F11/><W1/><G1/><T62/><D62/><U104/><E129/><V49/><F38/><W73/><G122/><T76/><D76/><U82/><E134/><V56/><F41/><W33/><G33/><T86/><AGARI ba="1,1" hai="6,9,12,40,46,48,69,71,77,83,85,86,91,92" machi="86" ten="20,18000,2" yaku="1,1,0,1,7,1,25,2,53,1" doraHai="94" doraHaiUra="45" who="0" fromWho="0" sc="269,193,221,-61,250,-61,250,-61" /><INIT seed="0,2,0,4,0,134" ten="462,160,189,189" oya="0" hai0="106,57,92,2,114,48,7,90,5,21,120,125,52" hai1="88,56,111,131,17,91,1,122,129,24,132,84,118" hai2="22,117,112,8,93,33,89,12,36,72,54,102,23" hai3="14,68,105,35,124,25,42,3,78,113,128,18,13"/><T108/><D120/><U40/><E1/><V43/><F112/><W60/><G113/><T130/><D114/><U70/><E70/><V76/><F33/><W61/><G128/><N who="1" m="49226" /><E122/><V26/><F117/><W20/><G105/><T110/><D130/><U83/><E118/><V27/><F102/><W95/><G68/><T74/><D106/><U11/><E132/><V34/><F34/><W4/><G78/><T116/><D116/><U62/><E40/><V50/><F43/><W32/><G42/><T30/><D74/><U29/><E111/><N who="0" m="42537" /><D2/><U67/><E11/><V19/><F36/><W121/><G61/><T55/><D55/><U46/><E46/><V126/><F76/><W41/><G60/><T39/><D39/><U49/><E49/><V79/><F79/><W66/><G95/><T135/><D135/><U94/><E17/><V103/><F72/><W115/><G66/><T104/><D104/><U100/><E100/><V59/><F103/><W31/><G41/><T69/><D69/><U71/><E71/><V99/><F8/><N who="3" m="2079" /><G121/><T45/><D45/><U47/><E47/><V51/><F50/><W77/><G115/><T133/><D133/><U0/><E0/><V63/><F51/><W6/><G77/><T15/><D30/><U65/><E65/><V64/><F64/><W85/><G31/><T53/><D53/><U96/><E29/><N who="2" m="17623" /><F12/><W37/><G14/><T82/><D82/><U87/><E24/><V97/><F97/><AGARI ba="2,0" hai="56,62,67,83,84,87,88,91,94,96,97" m="49226" machi="97" ten="30,2000,0" yaku="19,1,54,1" doraHai="134" who="1" fromWho="2" sc="462,0,160,26,189,-26,189,0" /><INIT seed="1,0,0,0,5,51" ten="462,186,163,189" oya="1" hai0="80,35,31,66,133,127,110,102,126,96,92,105,13" hai1="14,9,22,113,52,45,44,89,61,0,111,121,12" hai2="70,112,76,78,36,95,18,38,3,11,62,85,5" hai3="67,68,130,119,19,1,128,20,115,37,109,33,4"/><U69/><E113/><V120/><F120/><W34/><G115/><T53/><D110/><U23/><E121/><V43/><F112/><W91/><G37/><T58/><D66/><U135/><E0/><V81/><F76/><W98/><G109/><T99/><D80/><U28/><E111/><V118/><F118/><W27/><G119/><T60/><D133/><U7/><E135/><V63/><F43/><W106/><G67/><T10/><D31/><U73/><E73/><V79/><F78/><W26/><G68/><T82/><D82/><U46/><E69/><V129/><F129/><N who="3" m="49771" /><G91/><T88/><REACH who="0" step="1"/><D35/><REACH who="0" ten="452,186,163,189" step="2"/><U123/><E123/><V50/><F70/><W114/><G34/><T71/><D71/><U103/><E28/><V30/><F30/><W8/><G33/><T108/><D108/><U25/><E25/><V2/><F81/><W116/><G27/><T131/><D131/><U16/><E103/><V59/><F79/><W48/><G114/><T17/><AGARI ba="0,1" hai="10,13,17,53,58,60,88,92,96,99,102,105,126,127" machi="17" ten="30,12000,2" yaku="1,1,0,1,52,1,54,1,53,2" doraHai="51" doraHaiUra="94" who="0" fromWho="0" sc="452,130,186,-60,163,-30,189,-30" /><INIT seed="2,0,0,5,2,88" ten="582,126,133,159" oya="2" hai0="40,102,44,59,68,135,8,66,120,45,39,115,72" hai1="79,126,122,84,130,51,33,90,31,63,100,47,24" hai2="127,132,52,0,26,18,89,64,107,116,91,32,55" hai3="131,28,56,92,62,75,61,7,81,27,97,67,104"/><V118/><F107/><W2/><G131/><T123/><D72/><U16/><E130/><V110/><F0/><W11/><G104/><T42/><D102/><U113/><E113/><V108/><F64/><W73/><G81/><T101/><D101/><U78/><E122/><V35/><F26/><W29/><G62/><N who="0" m="40023" /><D8/><U106/><E126/><V58/><F127/><W65/><G65/><T12/><D12/><U121/><E121/><V19/><REACH who="2" step="1"/><F58/><REACH who="2" ten="582,126,123,159" step="2"/><W94/><G27/><T23/><D115/><U105/><E105/><V10/><F10/><W46/><G11/><T30/><D59/><U133/><E106/><V5/><F5/><W87/><G7/><T37/><D30/><U3/><E3/><V38/><F38/><W83/><G2/><T6/><D6/><U43/><E31/><V4/><F4/><W14/><G29/><T112/><D23/><U86/><E24/><V76/><F76/><W119/><G28/><T48/><D112/><U74/><E79/><V82/><F82/><W103/><G56/><T128/><D128/><U69/><E78/><V96/><F96/><W85/><G97/><T57/><D135/><AGARI ba="0,1" hai="18,19,32,35,52,55,89,91,108,110,116,118,132,135" machi="135" ten="25,9600,0" yaku="1,1,22,2,54,1,53,0" doraHai="88" doraHaiUra="111" who="2" fromWho="0" sc="582,-96,126,0,123,106,159,0" /><INIT seed="2,1,0,2,1,83" ten="486,126,229,159" oya="2" hai0="90,77,36,98,30,87,15,117,70,74,38,41,35" hai1="91,55,18,11,3,63,126,39,109,127,81,110,29" hai2="67,107,61,80,93,135,46,17,16,118,56,75,92" hai3="115,42,114,10,94,99,122,27,89,100,133,95,120"/><V6/><F118/><W0/><G42/><T22/><D70/><U86/><E39/><V9/><F135/><W65/><G133/><T102/><D117/><U79/><E29/><V62/><F107/><W108/><G108/><N who="1" m="41578" /><E18/><V105/><F105/><W128/><G128/><T21/><D87/><N who="1" m="48575" /><E55/><V71/><F46/><W76/><G65/><T19/><D90/><U85/><E63/><V132/><F132/><W58/><G58/><T47/><D98/><U103/><E103/><V20/><F6/><N who="3" m="1351" /><G27/><T23/><D102/><U84/><E91/><V69/><F9/><W106/><G76/><T45/><D77/><U119/><E119/><V121/><F121/><N who="3" m="46699" /><G89/><T59/><D74/><U113/><E113/><AGARI ba="1,0" hai="94,95,99,100,106,113,114,115" m="46699,1351" machi="113" ten="30,1000,0" yaku="11,1" doraHai="83" who="3" fromWho="1" sc="486,0,126,-13,229,0,159,13" /><INIT seed="3,0,0,1,0,1" ten="486,113,229,172" oya="3" hai0="103,7,24,71,99,106,15,41,20,109,50,52,74" hai1="79,130,117,42,87,126,114,64,98,19,80,110,100" hai2="116,44,49,45,72,65,76,39,25,0,34,85,94" hai3="33,57,75,128,88,47,121,119,127,83,134,122,2"/><W133/><G33/><T96/><D109/><U104/><E110/><V36/><F116/><W90/><G2/><T70/><D74/><U78/><E64/><V124/><F124/><W38/><G57/><T63/><D41/><U14/><E126/><V120/><F120/><N who="3" m="46187" /><G47/><T26/><D96/><U9/><E130/><V93/><F0/><W21/><G21/><T13/><D24/><U123/><E117/><V27/><F65/><W8/><G8/><T113/><D113/><U35/><E123/><V107/><F107/><W11/><G11/><T67/><D71/><U62/><E114/><V55/><F72/><W51/><G51/><T40/><D7/><U97/><E62/><V131/><F131/><W32/><G32/><T108/><D108/><U12/><E35/><V60/><F60/><W112/><G38/><T46/><D40/><U81/><E42/><V23/><F34/><W59/><G59/><T53/><D53/><U22/><E100/><V105/><F36/><W129/><G112/><T3/><D3/><U5/><REACH who="1" step="1"/><E104/><REACH who="1" ten="486,103,229,172" step="2"/><V18/><F105/><W4/><G127/><T54/><D54/><U111/><E111/><V89/><F55/><W132/><G119/><T6/><D106/><U101/><E101/><V61/><F61/><W58/><G129/><T82/><D103/><U48/><E48/><V115/><F49/><W37/><G128/><T91/><D50/><U30/><E30/><V86/><F115/><W56/><G134/><T17/><D63/><U84/><AGARI ba="0,1" hai="5,9,12,14,19,22,78,79,80,81,84,87,97,98" machi="84" ten="20,12000,2" yaku="1,1,0,1,7,1,9,1,8,1,52,1,53,0" doraHai="1" doraHaiUra="28" who="1" fromWho="1" sc="486,-30,103,130,229,-30,172,-60" owari="456,55.6,233,3.3,199,-20.1,112,-38.8" /></mjloggm>