<mjloggm ver="2.3"><GO type="225" lobby="0"/><UN n0="%6A%79%75%6E%6F%68" n1="%72%65%6E%6B%75%6E" n2="%E3%82%82%E3%82%93%E3%81%8D%E3%82%93%E3%81%90" n3="%E3%82%B2%E3%82%B9%E8%8C%82%E5%8B%9D" dan="16,17,16,16" rate="2124.18,2213.30,2069.26,2120.13" sx="M,M,M,F"/><TAIKYOKU oya="0"/><INIT seed="0,0,0,1,1,70" ten="250,250,250,250" oya="0" hai0="134,123,53,27,14,135,104,0,3,64,41,128,100" hai1="78,108,10,121,7,25,44,57,85,124,34,4,69" hai2="94,122,76,92,125,82,81,109,20,106,39,65,99" hai3="127,52,48,16,115,15,51,80,63,96,5,119,86"/><T74/><D74/><U30/><E69/><V45/><F65/><W6/><G115/><T107/><D64/><U66/><E121/><V67/><F122/><W95/><G127/><T77/><D123/><U83/><E124/><V132/><F125/><W93/><G119/><T117/><D77/><U62/><E108/><V40/><F109/><W72/><G72/><T126/><D126/><U58/><E58/><V24/><F132/><N who="0" m="50730" /><D14/><U84/><E44/><V110/><F110/><W111/><G111/><T130/><D53/><U56/><E56/><V17/><F82/><W12/><G12/><T29/><D41/><U21/><E34/><V8/><F67/><W31/><G31/><T19/><D19/><U2/><REACH who="1" step="1"/><E7/><REACH who="1" ten="250,240,250,250" step="2"/><N who="3" m="2570" /><G63/><T105/><D117/><U103/><E103/><V98/><F106/><W60/><G60/><T43/><D100/><U71/><E71/><V33/><F33/><W102/><G48/><T54/><D43/><U89/><E89/><V113/><F113/><W50/><G51/><T112/><D112/><U11/><E11/><V38/><F8/><N who="3" m="6247" /><G102/><T79/><D54/><U133/><E133/><V90/><F40/><W26/><G50/><T37/><D104/><U129/><E129/><V75/><F45/><W1/><G52/><T97/><D107/><U120/><E120/><V13/><F24/><W73/><G1/><T18/><D130/><U87/><AGARI ba="0,1" hai="2,4,10,21,25,30,57,62,66,78,83,84,85,87" machi="87" ten="20,5200,0" yaku="1,1,0,1,7,1,53,1" doraHai="70" doraHaiUra="23" who="1" fromWho="1" sc="250,-26,240,62,250,-13,250,-13" /><INIT seed="1,0,0,5,4,36" ten="224,302,237,237" oya="1" hai0="48,127,35,44,119,58,46,100,79,78,51,123,24" hai1="130,128,0,107,91,59,71,120,96,27,83,30,108" hai2="42,41,25,50,15,109,43,126,37,19,134,54,122" hai3="129,8,6,81,13,95,68,98,121,125,132,114,67"/><U10/><E71/><V12/><F122/><W18/><G121/><T110/><D123/><U47/><E120/><V77/><F37/><W21/><G114/><T106/><D119/><U22/><E59/><V1/><F1/><W16/><G125/><T63/><D127/><U85/><E108/><V118/><F126/><W105/><G132/><T9/><D110/><U92/><E107/><V28/><F109/><W61/><G129/><N who="1" m="49770" /><E47/><N who="2" m="27999" /><F118/><W7/><G105/><T131/><D131/><U17/><E0/><V60/><F134/><W112/><G81/><T20/><D35/><U65/><E65/><V113/><F113/><W11/><G112/><T5/><D100/><N who="1" m="60423" /><E10/><V82/><F60/><W52/><G52/><N who="0" m="29703" /><D106/><U66/><E66/><V102/><F102/><W93/><G98/><T94/><D94/><U32/><E17/><V76/><F28/><W53/><G53/><N who="0" m="34255" /><D9/><U45/><E45/><V86/><F77/><W38/><G38/><T70/><D70/><U62/><E62/><V111/><F111/><W135/><G135/><T40/><D5/><U87/><E87/><V69/><F69/><W31/><G31/><AGARI ba="0,0" hai="20,24,31,40,46,51,78,79" m="34255,29703" machi="31" ten="30,3900,0" yaku="8,1,52,1,54,1" doraHai="36" who="0" fromWho="3" sc="224,39,302,0,237,0,237,-39" /><INIT seed="2,0,0,0,3,5" ten="263,302,237,198" oya="2" hai0="132,87,123,50,60,109,51,32,43,119,29,85,73" hai1="94,93,27,1,74,19,68,122,84,9,35,75,86" hai2="64,100,22,113,135,95,66,11,21,31,49,133,92" hai3="53,54,45,55,101,37,59,41,83,57,128,82,16"/><V104/><F104/><W61/><G128/><T106/><D73/><U120/><E68/><V116/><F116/><W26/><G101/><T39/><D106/><U108/><E108/><V111/><F113/><W125/><G125/><T23/><D32/><U115/><E115/><V88/><F111/><W89/><G89/><T105/><D105/><U62/><E62/><V67/><F100/><W118/><G118/><T134/><D123/><U81/><E35/><V98/><F95/><N who="1" m="36361" /><E27/><V15/><F49/><W34/><G34/><T107/><D107/><U112/><E84/><V3/><F3/><W90/><G90/><T10/><D119/><U33/><E33/><V20/><REACH who="2" step="1"/><F31/><REACH who="2" ten="263,302,227,198" step="2"/><W8/><G57/><T80/><D29/><U24/><E112/><V97/><F97/><W78/><G59/><T126/><D51/><U121/><E1/><V42/><F42/><W69/><G41/><T103/><D50/><U46/><E121/><V18/><AGARI ba="0,1" hai="11,15,18,20,21,22,64,66,67,88,92,98,133,135" machi="18" ten="40,12000,1" yaku="1,1,0,1,52,1,54,1,53,1" doraHai="5" doraHaiUra="91" who="2" fromWho="2" sc="263,-40,302,-40,227,130,198,-40" /><INIT seed="2,1,0,0,1,25" ten="223,262,357,158" oya="2" hai0="34,56,113,26,67,108,21,92,76,55,1,29,78" hai1="16,81,98,42,66,96,48,102,54,20,91,126,128" hai2="33,68,84,24,61,73,94,111,12,47,121,8,116" hai3="49,112,114,79,89,59,85,77,38,109,106,52,132"/><V131/><F73/><W118/><G118/><T39/><D113/><N who="3" m="43625" /><G106/><T62/><D108/><U45/><E128/><V122/><F116/><W105/><G105/><T9/><D39/><U104/><E126/><V125/><F125/><W97/><G109/><T17/><D92/><U46/><E66/><V30/><F111/><W135/><G97/><T27/><REACH who="0" step="1"/><D67/><REACH who="0" ten="213,262,357,158" step="2"/><U64/><E64/><V110/><F110/><W88/><G38/><T93/><D93/><U65/><E65/><V11/><F94/><N who="3" m="54543" /><G89/><T72/><D72/><U60/><E104/><V75/><F75/><W32/><G32/><T13/><D13/><N who="1" m="9231" /><E102/><V44/><F68/><W70/><G70/><T23/><D23/><U43/><E98/><V82/><F12/><W120/><G120/><T87/><D87/><U129/><E96/><V19/><F84/><W41/><G41/><T86/><D86/><N who="1" m="50639" /><E129/><V74/><F131/><W58/><G58/><T4/><AGARI ba="1,1" hai="1,4,9,17,21,26,27,29,34,55,56,62,76,78" machi="4" ten="30,7900,0" yaku="1,1,0,1,52,1,53,1" doraHai="25" doraHaiUra="35" who="0" fromWho="0" sc="213,92,262,-21,357,-40,158,-21" /><INIT seed="3,0,0,5,2,105" ten="305,241,317,137" oya="3" hai0="122,67,22,55,84,18,30,85,37,81,12,44,116" hai1="15,4,135,82,127,19,62,13,50,78,54,2,65" hai2="70,132,38,60,69,41,111,31,131,16,47,100,115" hai3="1,76,46,79,68,91,98,87,33,7,108,10,114"/><W121/><G121/><T71/><D116/><U92/><E135/><V126/><F115/><W120/><G120/><T77/><D122/><U56/><E127/><V43/><F31/><W40/><G114/><T90/><D71/><U80/><E2/><V35/><F35/><W6/><G33/><T118/><D118/><U125/><E125/><V26/><F126/><W106/><G68/><T49/><D37/><U134/><E134/><V83/><F132/><W51/><G6/><T117/><D117/><U5/><E92/><V24/><F100/><W72/><G108/><T8/><D67/><U63/><E63/><V27/><F43/><W123/><G123/><T58/><D58/><U95/><E95/><V73/><F111/><W109/><G109/><T124/><D124/><U42/><E42/><V32/><F32/><W89/><G89/><T64/><D64/><U110/><E110/><V25/><F131/><W14/><G1/><T39/><D39/><U17/><E15/><V48/><F38/><W103/><REACH who="3" step="1"/><G72/><REACH who="3" ten="305,241,317,127" step="2"/><T45/><D90/><U104/><E5/><V21/><F69/><W53/><G53/><T66/><D66/><U3/><E3/><V36/><F70/><W130/><G130/><T28/><D55/><U20/><E65/><V128/><F128/><W129/><G129/><T86/><D77/><U75/><E4/><V119/><F119/><W9/><G9/><T57/><D8/><U97/><E78/><V74/><F74/><W52/><G52/><T94/><D22/><N who="1" m="11567" /><E75/><V29/><F73/><W107/><G107/><T96/><D81/><AGARI ba="0,1" hai="7,10,14,40,46,51,76,79,81,87,91,98,103,106" machi="81" ten="30,2900,0" yaku="1,1,7,1,53,0" doraHai="105" doraHaiUra="61" who="3" fromWho="0" sc="305,-29,241,0,317,0,127,39" /><INIT seed="3,1,0,3,5,33" ten="276,241,317,166" oya="3" hai0="48,84,17,96,132,125,93,80,78,76,120,16,126" hai1="113,47,115,40,57,101,53,64,119,129,1,43,28" hai2="0,123,118,110,61,52,111,83,56,36,71,102,128" hai3="72,85,37,68,50,7,73,89,13,69,133,10,15"/><W134/><G37/><T44/><D120/><U122/><E101/><V91/><F0/><N who="3" m="359" /><G50/><T63/><D132/><N who="3" m="50793" /><G15/><T106/><D106/><U79/><E28/><V95/><F36/><W81/><G13/><T124/><D76/><U26/><E79/><V107/><F118/><W31/><G31/><T66/><D66/><U42/><E26/><V30/><F123/><W20/><G20/><T55/><REACH who="0" step="1"/><D63/><REACH who="0" ten="266,241,317,166" step="2"/><U38/><E122/><V3/><F107/><W19/><G19/><T23/><D23/><U87/><E119/><V24/><F30/><W109/><G109/><T65/><D65/><U86/><E64/><V60/><F60/><W51/><G51/><T90/><AGARI ba="1,1" hai="16,17,44,48,55,78,80,84,90,93,96,124,125,126" machi="90" ten="30,12000,2" yaku="1,1,0,1,18,1,54,1,53,3" doraHai="33" doraHaiUra="135" who="0" fromWho="0" sc="266,133,241,-31,317,-31,166,-61" owari="399,49.9,210,-19.0,286,8.6,105,-39.5" /></mjloggm>