<mjloggm ver="2.3"><GO type="225" lobby="0"/><UN n0="%E3%82%BC%E3%83%AB%E3%83%80%E3%81%AE%E4%BC%9D%E8%AA%AC" n1="%E3%81%BF%E3%81%BF%E3%81%9A" n2="%33%74%72%65%65" n3="%E5%A4%9C%E5%85%89%E5%A4%A9%E6%A5%BC" dan="17,17,16,16" rate="2183.21,2281.08,2124.28,2092.27" sx="M,M,F,F"/><TAIKYOKU oya="0"/><INIT seed="0,0,0,0,1,61" ten="250,250,250,250" oya="0" hai0="12,110,123,36,76,24,39,16,128,23,135,26,28" hai1="17,38,49,81,21,64,90,51,116,127,35,112,3" hai2="47,69,48,34,63,101,83,57,1,59,105,91,2" hai3="129,109,102,103,79,107,53,8,121,50,6,100,72"/><T9/><D123/><U52/><E38/><V115/><F115/><W60/><G121/><T80/><D135/><U89/><E35/><V114/><F114/><W13/><G109/><T15/><D128/><U125/><E112/><V117/><F117/><W7/><G129/><T43/><D110/><U78/><E3/><V54/><F34/><W25/><G25/><T120/><D120/><U104/><E104/><V82/><F69/><W122/><G122/><T118/><D118/><U27/><E116/><V58/><F82/><W42/><G72/><T93/><D93/><U134/><E134/><V94/><F83/><W70/><G79/><T86/><D43/><U5/><E5/><V55/><F101/><W132/><G42/><T68/><D68/><U65/><E49/><V20/><F105/><W130/><G130/><T113/><D113/><U14/><E27/><V45/><F45/><W111/><G111/><T33/><REACH who="0" step="1"/><D12/><REACH who="0" ten="240,250,250,250" step="2"/><U85/><E125/><V10/><F1/><W77/><G132/><T74/><D74/><U87/><E127/><V30/><F2/><W98/><G107/><T19/><AGARI ba="0,1" hai="9,15,16,19,23,24,26,28,33,36,39,76,80,86" machi="19" ten="20,7800,0" yaku="1,1,0,1,7,1,54,1,53,0" doraHai="61" doraHaiUra="37" who="0" fromWho="0" sc="240,88,250,-26,250,-26,250,-26" /><INIT seed="0,1,0,5,0,91" ten="328,224,224,224" oya="0" hai0="131,67,77,56,41,122,33,115,60,121,22,57,5" hai1="93,117,69,26,86,134,29,85,88,83,54,45,63" hai2="78,46,128,38,129,120,81,19,105,49,100,109,10" hai3="13,11,116,4,50,75,37,89,72,25,99,79,123"/><T52/><D33/><U96/><E117/><V53/><F120/><W31/><G116/><T27/><D115/><U42/><E134/><V76/><F38/><W135/><G37/><T55/><D131/><N who="2" m="50250" /><F109/><W44/><G135/><T23/><D41/><U7/><E7/><V102/><F105/><W51/><G123/><T66/><D5/><U48/><E83/><V101/><F81/><W47/><G79/><T40/><D40/><U1/><E1/><V94/><F94/><N who="3" m="56783" /><G72/><T124/><D77/><U127/><E127/><V84/><F84/><W125/><G75/><T132/><D132/><U73/><E73/><V21/><F10/><W103/><G103/><T68/><D124/><U3/><E3/><V119/><F119/><W61/><G61/><T32/><D32/><U92/><E92/><V36/><F36/><W97/><G97/><T0/><D0/><U35/><REACH who="1" step="1"/><E54/><REACH who="1" ten="328,214,224,224" step="2"/><V17/><F78/><W6/><G125/><T14/><D55/><U12/><E12/><V80/><F76/><W43/><G6/><T24/><D52/><U110/><E110/><V108/><F108/><W28/><G25/><T98/><D14/><U70/><E70/><V104/><F80/><W2/><G2/><T107/><D68/><U62/><E62/><V9/><F104/><W16/><G4/><T113/><D60/><U64/><AGARI ba="1,1" hai="26,29,35,42,45,48,63,64,69,85,86,88,93,96" machi="64" ten="30,8000,1" yaku="1,1,0,1,52,1,54,1,53,1" doraHai="91" doraHaiUra="30" who="1" fromWho="1" sc="328,-41,214,93,224,-21,224,-21" /><INIT seed="1,0,0,2,3,34" ten="287,307,203,203" oya="1" hai0="70,60,35,72,111,84,4,106,109,42,11,13,41" hai1="55,98,71,122,93,65,117,64,113,108,50,33,32" hai2="68,0,31,53,30,83,29,62,91,3,131,110,132" hai3="63,80,48,20,75,114,105,40,86,125,59,44,135"/><U19/><E113/><V88/><F110/><N who="0" m="41994" /><D72/><U129/><E108/><V96/><F131/><W100/><G114/><T74/><D74/><U77/><E117/><V119/><F119/><W7/><G135/><T25/><D106/><U46/><E122/><V15/><F132/><W5/><G125/><T112/><D112/><U76/><E129/><V99/><F15/><W27/><G75/><T51/><D51/><U123/><E123/><V2/><F53/><W21/><G100/><T12/><D84/><U81/><E33/><V115/><F115/><W78/><G105/><T94/><D94/><U66/><E32/><V57/><F83/><W37/><G37/><T22/><D13/><U49/><E71/><V17/><F17/><W52/><REACH who="3" step="1"/><G20/><REACH who="3" ten="287,307,203,193" step="2"/><T95/><D22/><U127/><E127/><V61/><F68/><W85/><G85/><T118/><D35/><U126/><E126/><V56/><F99/><W97/><G97/><T101/><D101/><N who="1" m="60623" /><E81/><V43/><F96/><W128/><G128/><T121/><D121/><U82/><E82/><V134/><F134/><W107/><G107/><T124/><D124/><U90/><E90/><N who="2" m="34347" /><F43/><W45/><G45/><T18/><D118/><U9/><E77/><V26/><F26/><W8/><G8/><T36/><D36/><U47/><E76/><V73/><F73/><W133/><G133/><T120/><D120/><U16/><E9/><V102/><F102/><W6/><G6/><T23/><D95/><U69/><E69/><V130/><F130/><W79/><G79/><T38/><D38/><U1/><E47/><V116/><F116/><RYUUKYOKU ba="0,1" sc="287,10,307,-30,203,10,193,10" hai0="4,11,12,18,23,25,41,42,60,70" hai2="0,2,3,29,30,31,56,57,61,62" hai3="5,7,21,27,40,44,48,52,59,63,78,80,86" /><INIT seed="2,1,1,1,3,133" ten="297,277,213,203" oya="2" hai0="69,82,89,58,52,104,74,65,125,67,29,102,72" hai1="97,19,50,86,0,68,109,107,9,91,57,93,46" hai2="101,12,90,63,35,49,17,60,85,108,114,38,92" hai3="22,71,62,95,11,70,79,116,118,26,59,25,5"/><V45/><F114/><W64/><G79/><T81/><D125/><U28/><E68/><V100/><F35/><W87/><G25/><T126/><D126/><U32/><E109/><V43/><F38/><W44/><G44/><T13/><D69/><U75/><E75/><V2/><F2/><W16/><G70/><T123/><D123/><U66/><E32/><V40/><F40/><W80/><G95/><T96/><D29/><U76/><E28/><V94/><F108/><W84/><G71/><T121/><D121/><U134/><E134/><V113/><F113/><W78/><REACH who="3" step="1"/><G87/><REACH who="3" ten="297,277,213,193" step="2"/><T132/><D132/><U10/><E107/><V37/><F37/><W124/><G124/><T31/><D104/><U41/><E76/><V3/><F3/><AGARI ba="1,2" hai="3,5,11,16,22,26,59,62,64,78,80,84,116,118" machi="3" ten="30,7700,0" yaku="1,1,7,1,54,1,53,1" doraHai="133" doraHaiUra="73" who="3" fromWho="2" sc="297,0,277,0,213,-80,193,100" /><INIT seed="3,0,0,2,5,39" ten="297,277,133,293" oya="3" hai0="108,118,0,8,48,77,2,104,26,132,102,28,27" hai1="113,57,114,133,125,36,130,84,42,134,3,24,71" hai2="98,94,35,107,31,72,88,10,49,120,93,53,121" hai3="128,80,112,12,66,18,40,17,9,51,95,7,46"/><W87/><G112/><T56/><D118/><U129/><E3/><V63/><F72/><W33/><G33/><T76/><D56/><U30/><E84/><V74/><F74/><W45/><G128/><N who="1" m="49258" /><E71/><V83/><F83/><W82/><G66/><T70/><D48/><U1/><E1/><V81/><F81/><N who="3" m="31339" /><G46/><T131/><D131/><U116/><E116/><V38/><F38/><W109/><G109/><T21/><D108/><U117/><E117/><V29/><F107/><W23/><G23/><T73/><D73/><U99/><E99/><N who="2" m="57767" /><F63/><W22/><G22/><T20/><D70/><U127/><E57/><N who="2" m="32943" /><F35/><W62/><G62/><T34/><D34/><N who="1" m="20807" /><E42/><V60/><F60/><W19/><G87/><T105/><D2/><U135/><E36/><V14/><F121/><W43/><G95/><T68/><D68/><U64/><E64/><V52/><F120/><W47/><G47/><T111/><D111/><U41/><E41/><AGARI ba="0,0" hai="7,9,12,17,18,19,40,41,43,45,51" m="31339" machi="41" ten="30,11600,0" yaku="8,1,52,3" doraHai="39" who="3" fromWho="1" sc="297,0,277,-116,133,0,293,116" owari="297,9.7,161,-23.9,133,-36.7,409,50.9" /></mjloggm>