<mjloggm ver="2.3"><GO type="225" lobby="0"/><UN n0="%28%EF%BF%A3%E2%96%BD%EF%BF%A3%29%CE%B4%E2%8C%92%E3%83%BB" n1="%E3%81%BE%E3%81%A8%E3%81%9F" n2="%E6%98%93%E5%88%A9%E8%96%A9%E4%BC%AF" n3="%54%4F%52" dan="17,16,16,17" rate="2261.03,2153.88,2144.79,2177.55" sx="M,M,F,M"/><TAIKYOKU oya="0"/><INIT seed="0,0,0,4,5,53" ten="250,250,250,250" oya="0" hai0="70,121,8,41,106,6,86,96,102,48,73,63,67" hai1="59,80,3,37,91,92,116,79,35,0,99,83,98" hai2="13,126,4,111,51,47,77,69,39,31,52,43,12" hai3="130,134,90,1,101,26,127,93,30,113,65,44,18"/><T118/><D73/><U112/><E37/><V94/><F111/><W45/><G113/><T97/><D118/><U36/><E36/><V64/><F126/><W72/><G127/><T19/><D121/><U46/><E46/><V7/><F77/><W81/><G1/><T75/><D75/><U76/><E35/><V117/><F117/><W24/><G134/><T25/><D96/><U88/><E116/><V84/><F31/><W71/><G130/><T11/><D86/><U125/><E125/><V109/><F109/><W17/><G101/><T135/><D135/><U120/><E59/><N who="2" m="33183" /><F94/><W42/><G65/><T54/><D41/><U32/><E92/><V5/><F84/><W56/><G71/><T78/><D78/><U132/><E132/><V61/><AGARI ba="0,0" hai="4,5,7,12,13,39,43,47,61,64,69" m="33183" machi="61" ten="30,4000,0" yaku="24,1,52,1,54,1" doraHai="53" who="2" fromWho="2" sc="250,-20,250,-10,250,40,250,-10" /><INIT seed="1,0,0,3,2,92" ten="230,240,290,240" oya="1" hai0="91,60,59,71,93,62,6,15,112,99,133,29,53" hai1="129,114,117,119,97,125,75,100,8,90,127,132,47" hai2="101,61,87,89,21,120,50,33,104,23,122,106,45" hai3="37,26,56,11,52,1,2,68,116,46,12,98,86"/><U49/><E8/><V108/><F33/><W81/><G68/><T28/><D112/><U79/><E49/><V16/><F23/><W131/><G131/><T63/><D133/><U135/><E90/><V39/><F39/><W111/><G111/><T74/><D74/><U66/><E66/><V51/><F61/><N who="0" m="23658" /><D71/><U128/><E47/><V130/><F51/><N who="3" m="28791" /><G37/><T5/><D15/><U85/><E85/><V102/><F108/><W38/><G38/><T72/><D72/><U82/><E114/><V24/><F130/><N who="1" m="50281" /><E135/><V121/><F102/><W80/><G2/><T13/><D13/><U123/><E123/><V22/><F22/><W126/><G1/><T83/><D83/><N who="3" m="31817" /><G86/><T57/><D57/><U118/><E132/><V9/><F101/><W88/><G116/><T69/><D69/><U27/><E27/><V31/><F87/><W36/><G36/><T73/><D73/><U64/><E64/><V58/><F89/><W42/><G126/><T4/><AGARI ba="0,0" hai="4,5,6,28,29,53,59,63,91,93,99" m="23658" machi="4" ten="30,2000,0" yaku="8,1,52,1" doraHai="92" who="0" fromWho="0" sc="230,20,240,-10,290,-5,240,-5" /><INIT seed="2,0,0,5,0,5" ten="250,230,285,235" oya="2" hai0="10,117,18,41,60,24,79,3,109,2,121,124,22" hai1="26,6,63,123,64,107,128,78,67,19,42,49,80" hai2="0,127,113,88,45,69,39,48,131,14,25,70,75" hai3="66,115,71,12,11,132,58,28,87,93,97,119,68"/><V17/><F75/><W59/><G119/><T103/><D117/><U120/><E107/><V116/><F0/><W72/><G72/><T84/><D121/><N who="1" m="46667" /><E6/><V50/><F116/><W74/><G74/><T101/><D109/><U9/><E67/><V129/><F25/><W112/><G132/><T30/><D124/><U106/><E106/><V65/><F113/><N who="3" m="43595" /><G87/><T44/><D60/><U94/><E94/><V134/><F39/><W61/><G28/><T29/><D2/><U34/><E49/><V99/><F50/><W91/><G71/><T122/><D122/><U118/><E42/><V16/><F134/><W90/><G90/><T51/><D30/><N who="1" m="19799" /><E118/><V100/><F100/><W111/><G111/><T125/><D125/><U96/><E96/><V15/><F127/><W4/><AGARI ba="0,0" hai="4,11,12,58,59,61,66,68,91,93,97" m="43595" machi="4" ten="30,2000,0" yaku="11,1,52,1" doraHai="5" who="3" fromWho="3" sc="250,-5,230,-5,285,-10,235,20" /><INIT seed="3,0,0,3,2,67" ten="245,225,275,255" oya="3" hai0="116,81,133,43,10,38,93,46,50,74,4,84,33" hai1="85,90,36,94,103,35,42,15,73,8,121,7,34" hai2="127,59,37,6,114,117,101,55,0,54,23,80,30" hai3="98,28,130,71,96,88,61,113,19,135,126,87,131"/><W56/><G113/><T109/><D33/><U91/><E121/><V21/><F37/><W72/><G72/><T40/><D109/><U97/><E73/><V24/><F117/><W65/><G135/><T27/><D133/><U11/><E36/><V57/><F127/><W17/><G126/><T108/><D108/><U2/><E42/><V12/><F0/><W76/><G28/><T52/><D74/><U53/><E53/><V3/><F3/><W122/><G122/><T132/><D132/><U9/><E9/><V70/><F70/><W44/><G44/><T49/><D38/><U1/><E91/><V118/><F101/><W104/><G76/><T111/><D111/><U58/><E58/><V128/><F128/><N who="3" m="49195" /><G56/><T5/><D116/><U31/><E31/><V124/><F114/><W105/><G96/><T41/><D46/><U18/><REACH who="1" step="1"/><E1/><REACH who="1" ten="245,215,275,255" step="2"/><V69/><F59/><W39/><G39/><T29/><D29/><U47/><E47/><V106/><F57/><W13/><G98/><T20/><D43/><U60/><E60/><V25/><F30/><W51/><G51/><T119/><D50/><U102/><E102/><V32/><F124/><W45/><G45/><T48/><D49/><U123/><E123/><V83/><F118/><W68/><G68/><T77/><D41/><U64/><E64/><V110/><F69/><W78/><G78/><T112/><D40/><U75/><E75/><V14/><F110/><W115/><G115/><T107/><D119/><U62/><E62/><V16/><F55/><W120/><G120/><T92/><D52/><U66/><E66/><RYUUKYOKU ba="0,1" sc="245,-10,215,30,275,-10,255,-10" hai1="2,7,8,11,15,18,34,35,85,90,94,97,103" /><INIT seed="4,1,1,1,1,116" ten="235,245,265,245" oya="0" hai0="103,107,131,91,127,57,47,56,135,119,129,53,44" hai1="49,4,105,81,114,117,36,92,121,1,71,33,75" hai2="65,133,96,45,55,17,74,20,102,101,80,40,21" hai3="78,84,125,90,112,25,104,76,27,130,118,48,15"/><T2/><D2/><U16/><RYUUKYOKU type="yao9" ba="1,1" sc="235,0,245,0,265,0,245,0" hai1="1,4,16,33,36,49,71,75,81,92,105,114,117,121" /><INIT seed="4,2,1,2,1,95" ten="235,245,265,245" oya="0" hai0="22,11,39,64,84,131,2,56,10,57,115,105,122" hai1="7,37,29,81,107,85,121,50,15,117,6,123,31" hai2="19,82,42,78,104,133,118,71,90,45,134,44,18" hai3="99,103,25,124,72,66,125,130,58,48,16,4,33"/><T94/><D122/><U87/><E37/><V135/><F71/><W26/><G72/><T3/><D39/><U43/><E107/><V113/><F113/><W79/><G79/><T12/><D105/><U13/><E50/><V24/><F104/><N who="3" m="63615" /><G4/><T92/><D131/><U102/><E102/><V34/><F90/><W54/><G33/><T35/><D35/><U61/><E61/><V108/><F108/><W20/><G66/><T106/><D106/><U96/><E96/><V75/><F118/><W119/><G119/><T28/><D115/><U36/><E36/><N who="2" m="21575" /><F45/><W69/><G69/><T110/><D110/><U91/><E117/><V59/><F59/><N who="0" m="22602" /><D2/><U74/><E74/><V46/><F46/><W27/><G130/><T109/><D3/><U30/><E43/><V101/><F101/><W65/><G65/><T98/><D64/><U21/><E123/><V86/><F75/><W62/><G62/><T89/><D109/><U120/><E121/><V127/><F127/><AGARI ba="2,1" hai="16,20,25,26,27,48,54,58,124,125,127" m="63615" machi="127" ten="30,3900,0" yaku="18,1,52,1,54,1" doraHai="95" who="3" fromWho="2" sc="235,0,245,0,265,-45,245,55" owari="235,-16.5,245,4.5,220,-28.0,300,40.0" /></mjloggm>