<mjloggm ver="2.3"><GO type="225" lobby="0"/><UN n0="%E3%83%B4%E3%82%A3%E3%83%AF%E3%82%B3%E3%82%B0%E3%83%8B" n1="%E3%81%B2%E3%81%AA%E3%81%AE%E3%82%8A%E3%81%8F" n2="%45%6C%79%73%69%75%6D" n3="%72%61%6B%33" dan="16,17,17,17" rate="2160.34,2147.14,2098.21,2145.96" sx="M,M,F,M"/><TAIKYOKU oya="0"/><INIT seed="0,0,0,5,5,52" ten="250,250,250,250" oya="0" hai0="94,118,15,113,48,34,99,9,26,7,108,12,33" hai1="95,70,132,100,96,65,97,43,77,55,3,83,91" hai2="44,72,38,107,27,133,19,112,114,134,54,74,0" hai3="88,40,49,64,46,29,13,31,16,69,101,105,109"/><T2/><D113/><N who="2" m="43626" /><F19/><W57/><G109/><T85/><D118/><U79/><E3/><V24/><F0/><W111/><G111/><T10/><D108/><U32/><E32/><V28/><F107/><W6/><G69/><T116/><D116/><U82/><E43/><N who="2" m="22647" /><F54/><W5/><G101/><T41/><D85/><U123/><E55/><V11/><F11/><W76/><G76/><T30/><D33/><U23/><E23/><V8/><F8/><N who="3" m="6183" /><G105/><T81/><D81/><U37/><E100/><V80/><F27/><W90/><G29/><T4/><D2/><U17/><E37/><V98/><F98/><W103/><G31/><T21/><D34/><U35/><E17/><V104/><F104/><W115/><G103/><T89/><D41/><U87/><E35/><N who="2" m="20871" /><F80/><W102/><G102/><T68/><D68/><U18/><E18/><V124/><F124/><W36/><G36/><T58/><D48/><U67/><E70/><V129/><F129/><W93/><G115/><T42/><D42/><U135/><E87/><V117/><F117/><W127/><G127/><T14/><D14/><U66/><E66/><V122/><F122/><W75/><G75/><AGARI ba="0,0" hai="72,74,75,133,134" m="20871,22647,43626" machi="75" ten="30,1000,0" yaku="23,1" doraHai="52" who="2" fromWho="3" sc="250,0,250,0,250,10,250,-10" /><INIT seed="1,0,0,2,1,50" ten="250,250,260,240" oya="1" hai0="46,69,80,33,119,71,70,29,59,105,90,111,120" hai1="55,23,53,83,94,38,106,30,19,3,5,86,107" hai2="72,21,4,88,97,135,95,122,18,133,7,77,67" hai3="57,112,42,104,40,45,92,124,76,54,68,2,123"/><U11/><E38/><V63/><F122/><W79/><G104/><T126/><D119/><U127/><E30/><V65/><F77/><W9/><G123/><T110/><D120/><U118/><E118/><V39/><F39/><W64/><G112/><T35/><D105/><U125/><E106/><V32/><F32/><W41/><G124/><N who="1" m="47690" /><E94/><V47/><F47/><W93/><G68/><T44/><D126/><U73/><E73/><V132/><F72/><W22/><G22/><T15/><D15/><N who="1" m="9727" /><E107/><V130/><F130/><W25/><G25/><T1/><D29/><U48/><E48/><V27/><REACH who="2" step="1"/><F67/><REACH who="2" ten="250,250,250,240" step="2"/><W81/><G64/><T82/><D33/><U102/><E102/><V91/><F91/><AGARI ba="0,1" hai="3,5,11,53,55,83,86,91" m="9727,47690" machi="91" ten="30,5800,0" yaku="18,1,52,2" doraHai="50" who="1" fromWho="2" sc="250,0,250,68,250,-58,240,0" /><INIT seed="1,1,0,3,4,23" ten="250,318,192,240" oya="1" hai0="45,86,8,24,90,116,51,38,68,13,123,100,58" hai1="108,28,122,124,30,83,70,97,7,43,52,127,22" hai2="40,99,21,102,89,105,6,5,66,61,74,81,117" hai3="111,39,55,69,25,31,62,129,57,135,14,75,106"/><U60/><E122/><V47/><F117/><W84/><G75/><T132/><D116/><U113/><E113/><V3/><F89/><W35/><G111/><T12/><D68/><U44/><E7/><V107/><F107/><W37/><G129/><T87/><D132/><U93/><E108/><V85/><F85/><W79/><G135/><T36/><D123/><U131/><E131/><V72/><F21/><W80/><G106/><T104/><D100/><U19/><E83/><V20/><F20/><W29/><G29/><T71/><D71/><U34/><E34/><V114/><F114/><W16/><G69/><T63/><D86/><U128/><E128/><V121/><F121/><W96/><G96/><T1/><D1/><U26/><E70/><N who="2" m="42319" /><F81/><W48/><G62/><T50/><D12/><U65/><E65/><V73/><F3/><W11/><AGARI ba="1,0" hai="11,14,16,25,31,35,37,39,48,55,57,79,80,84" machi="11" ten="20,5200,0" yaku="0,1,7,1,52,1,54,1" doraHai="23" who="3" fromWho="3" sc="250,-14,318,-27,192,-14,240,55" /><INIT seed="2,0,0,2,2,114" ten="236,291,178,295" oya="2" hai0="98,58,107,123,88,74,9,75,86,19,119,12,34" hai1="68,89,57,18,129,71,55,28,39,103,25,127,92" hai2="76,120,6,24,41,21,43,96,38,8,30,22,45" hai3="93,20,111,133,59,2,67,90,47,50,85,29,79"/><V109/><F120/><W118/><G118/><T99/><D123/><U64/><E39/><V108/><F43/><W5/><G111/><N who="2" m="42569" /><F96/><W105/><G133/><T82/><D34/><U44/><E103/><V16/><F76/><W35/><G105/><T121/><D121/><U65/><E44/><V48/><F38/><W15/><G35/><T95/><D119/><U53/><E129/><V116/><F116/><W78/><G2/><T132/><D132/><U0/><E0/><N who="2" m="71" /><F22/><W33/><G33/><T97/><D107/><U10/><E127/><V130/><F130/><W102/><G102/><T110/><D110/><U3/><E3/><V134/><F134/><W13/><G79/><T122/><D122/><U11/><E11/><V56/><F56/><W104/><G78/><T17/><D82/><U27/><E10/><V101/><F101/><W63/><G104/><T60/><REACH who="0" step="1"/><D17/><AGARI ba="0,0" hai="16,17,21,24,30,41,45,48" m="71,42569" machi="17" ten="30,5800,0" yaku="14,1,10,1,54,1" doraHai="114" who="2" fromWho="0" sc="236,-58,291,0,178,58,295,0" /><INIT seed="2,1,0,3,2,100" ten="178,291,236,295" oya="2" hai0="43,76,42,119,110,33,70,80,52,64,79,49,14" hai1="73,35,29,102,116,39,69,60,128,48,94,51,65" hai2="84,75,83,72,134,101,131,15,16,125,93,111,127" hai3="95,123,8,108,30,118,46,122,58,57,37,117,107"/><V34/><F34/><W89/><G30/><T71/><D33/><U36/><E73/><V115/><F115/><W44/><G8/><T6/><D110/><U98/><E116/><V0/><F0/><W56/><G95/><T88/><D119/><N who="3" m="45577" /><G89/><T55/><D70/><U50/><E128/><V11/><F131/><W77/><G77/><N who="0" m="29771" /><D71/><U59/><E59/><V67/><F111/><W54/><G107/><T81/><D64/><U90/><E90/><N who="2" m="51487" /><F67/><W23/><G23/><T112/><D112/><U91/><E91/><V85/><F134/><W20/><G20/><T103/><D103/><U22/><E35/><V68/><F68/><W40/><G108/><T21/><D55/><U45/><E45/><V106/><F85/><W114/><G114/><T82/><D88/><U3/><E3/><V31/><F93/><W129/><G129/><T99/><D99/><U126/><E94/><V78/><F78/><W28/><G28/><T53/><D53/><U18/><E29/><V92/><F92/><W19/><G19/><N who="0" m="10487" /><D6/><U124/><E69/><V113/><F31/><W13/><G13/><T130/><D130/><U105/><E39/><V63/><F113/><W26/><G26/><T132/><D132/><U86/><E36/><V121/><F75/><W66/><G66/><T41/><D82/><U120/><E86/><V96/><F72/><W47/><G54/><T24/><D24/><N who="1" m="14423" /><E120/><AGARI ba="1,0" hai="37,40,44,46,47,56,57,58,120,122,123" m="45577" machi="120" ten="40,2600,0" yaku="34,2" doraHai="100" who="3" fromWho="1" sc="178,0,291,-29,236,0,295,29" /><INIT seed="3,0,0,5,0,87" ten="178,262,236,324" oya="3" hai0="51,2,10,102,68,39,37,81,41,50,95,14,129" hai1="99,3,98,12,85,114,124,71,47,94,120,76,90" hai2="66,45,108,19,42,54,135,43,48,32,21,115,13" hai3="78,64,5,105,29,127,25,70,49,119,36,4,52"/><W113/><G36/><T104/><D104/><U101/><E3/><V126/><F115/><W20/><G113/><T83/><D68/><U128/><E71/><V53/><F32/><W117/><G105/><T59/><D2/><U46/><E120/><V22/><F108/><W122/><G122/><T92/><D129/><U1/><E1/><V107/><F107/><W84/><G127/><T38/><D102/><U133/><E124/><V132/><F66/><W61/><G4/><T26/><D26/><U62/><E133/><N who="2" m="51275" /><F126/><W131/><G5/><T24/><D24/><U69/><E128/><V8/><F53/><W7/><G7/><T106/><D106/><U58/><E69/><V72/><F72/><W30/><G30/><T91/><D95/><N who="1" m="58623" /><E12/><V75/><F75/><W96/><G131/><T88/><D59/><U123/><E123/><V100/><F100/><W103/><G103/><T55/><D41/><AGARI ba="0,0" hai="8,13,19,21,22,41,42,43,45,48,54" m="51275" machi="41" ten="30,1000,0" yaku="20,1" doraHai="87" who="2" fromWho="0" sc="178,-10,262,0,236,10,324,0" owari="168,-33.2,262,6.2,246,-15.4,324,42.4" /></mjloggm>