<mjloggm ver="2.3"><GO type="225" lobby="0"/><UN n0="%E6%A1%9C%E8%8A%B1%E9%96%83%E3%80%85" n1="%E3%83%81%E3%83%AF%E3%83%AF%E9%9A%8A%E9%95%B7" n2="%73%73%6B%5F%66%72%65%65" n3="%E3%82%BC%E3%83%AB%E3%83%80%E3%81%AE%E4%BC%9D%E8%AA%AC" dan="16,16,16,17" rate="2205.09,2103.43,2066.87,2207.67" sx="M,M,M,M"/><TAIKYOKU oya="0"/><INIT seed="0,0,0,1,4,118" ten="250,250,250,250" oya="0" hai0="51,38,100,26,104,9,93,108,65,132,101,19,84" hai1="112,105,22,92,131,107,97,56,135,13,41,30,35" hai2="15,111,23,124,34,28,126,96,116,40,125,3,73" hai3="121,130,75,39,52,76,117,94,50,29,11,119,36"/><T77/><D38/><U43/><E35/><V74/><F116/><W64/><G29/><T45/><D104/><U102/><E112/><V98/><F111/><W69/><G75/><N who="2" m="28681" /><F40/><W99/><G76/><T2/><D132/><U127/><E135/><V0/><F34/><W31/><G119/><T8/><D65/><U133/><E133/><V4/><F28/><W122/><G117/><T62/><D62/><U57/><E131/><V129/><F129/><W81/><G81/><N who="0" m="47151" /><D2/><N who="2" m="554" /><F23/><W5/><G31/><T37/><D37/><U54/><E30/><V70/><F70/><W115/><G115/><T120/><D120/><N who="3" m="46185" /><G130/><T60/><D60/><U27/><E127/><V49/><F49/><W106/><G106/><T128/><D108/><U82/><E105/><V91/><F91/><N who="3" m="55775" /><G64/><T61/><D61/><U71/><E107/><V95/><F95/><W53/><G69/><T44/><D93/><U33/><E71/><V80/><F80/><W68/><G68/><T14/><D51/><U86/><E82/><V78/><F78/><W59/><G53/><T47/><D128/><U46/><E54/><V7/><F96/><W83/><G83/><T134/><D134/><U6/><E97/><V58/><F98/><W63/><G63/><T88/><D88/><U85/><E92/><V109/><F109/><W10/><G10/><T16/><D8/><U55/><E55/><V123/><F123/><W114/><G114/><T25/><D101/><U110/><E102/><V72/><F126/><W18/><G18/><N who="0" m="6699" /><D100/><U42/><E110/><V113/><F125/><W87/><G87/><T66/><D66/><RYUUKYOKU ba="0,0" sc="250,15,250,-15,250,-15,250,15" hai0="9,14,25,26,44,45,47" hai3="5,11,36,39,50,52,59" /><INIT seed="0,1,0,1,1,23" ten="265,235,235,265" oya="0" hai0="54,114,100,9,124,66,107,135,103,126,91,5,41" hai1="98,57,130,61,82,36,49,73,97,99,0,102,59" hai2="127,60,35,87,43,81,131,21,47,67,83,123,108" hai3="95,118,55,86,92,32,121,58,19,17,3,11,93"/><T22/><D114/><U27/><E36/><V2/><F123/><W45/><G118/><T25/><D135/><U90/><E0/><V106/><F131/><W89/><G121/><T110/><D110/><U8/><E130/><V109/><F35/><W104/><G104/><T96/><D41/><U76/><E8/><V77/><F106/><W26/><G45/><T7/><D66/><U75/><E75/><V18/><F127/><N who="0" m="48682" /><D103/><U70/><E70/><V20/><F2/><W10/><G3/><T48/><D91/><U68/><E68/><V115/><F83/><N who="3" m="49375" /><G32/><T51/><D9/><N who="3" m="3081" /><G26/><T116/><D116/><U101/><E101/><V6/><F115/><W31/><G31/><N who="0" m="17847" /><D51/><AGARI ba="1,0" hai="17,19,51,55,58,92,93,95" m="3081,49375" machi="51" ten="30,1000,0" yaku="8,1" doraHai="23" who="3" fromWho="0" sc="265,-13,235,0,235,0,265,13" /><INIT seed="1,0,0,0,4,94" ten="252,235,235,278" oya="1" hai0="87,101,30,6,115,132,68,15,7,76,108,134,84" hai1="98,36,91,112,55,113,130,51,69,100,22,10,125" hai2="92,83,64,103,129,66,45,9,20,38,46,123,74" hai3="56,26,32,8,28,96,1,58,120,77,99,75,49"/><U39/><E69/><V118/><F123/><W85/><G75/><T29/><D115/><U102/><E125/><V97/><F118/><W35/><G35/><T131/><D68/><U53/><E130/><V111/><F111/><W59/><G120/><T104/><D108/><U18/><E10/><V127/><F129/><W79/><G49/><T114/><D114/><U73/><E73/><V67/><F127/><W50/><G50/><T31/><D131/><U17/><E51/><V93/><F38/><W119/><G119/><T89/><D76/><U44/><E22/><V0/><F20/><W116/><G116/><T105/><D15/><U72/><E72/><V54/><F54/><W24/><G24/><T47/><D47/><U70/><E70/><V133/><F133/><N who="0" m="51306" /><D101/><U12/><E12/><V63/><F63/><W40/><G40/><T52/><D52/><U128/><E128/><V13/><F0/><W48/><G48/><T106/><D89/><U95/><E91/><V86/><F74/><W65/><G65/><T109/><D109/><U60/><E44/><V34/><F34/><W71/><G71/><T62/><D62/><U3/><E60/><V25/><F25/><W82/><REACH who="3" step="1"/><G77/><REACH who="3" ten="252,235,235,268" step="2"/><T135/><D135/><U88/><E36/><V11/><F45/><W43/><G43/><T110/><D110/><U2/><E39/><V117/><F46/><W57/><N who="3" m="14336" /><DORA hai="33" /><W27/><G27/><T124/><D124/><U37/><E37/><V14/><F117/><W23/><G23/><T16/><D31/><U4/><E113/><V41/><F64/><W81/><G81/><RYUUKYOKU ba="0,1" sc="252,-10,235,-10,235,-10,268,30" hai3="1,8,26,28,32,79,82,85,96,99" /><INIT seed="2,1,1,2,1,101" ten="242,225,225,298" oya="2" hai0="124,4,113,14,42,32,16,115,61,111,12,120,98" hai1="119,62,23,26,86,40,110,2,81,20,45,36,131" hai2="30,69,72,34,90,67,92,132,56,133,60,3,27" hai3="50,103,59,35,68,75,89,100,17,82,57,39,125"/><V7/><F72/><W76/><G39/><T38/><D120/><U49/><E2/><V96/><REACH who="2" step="1"/><F69/><REACH who="2" ten="242,225,215,298" step="2"/><W135/><G68/><T41/><D115/><U73/><E73/><V130/><F130/><W112/><G75/><T31/><D113/><U66/><E131/><V104/><F104/><W29/><G112/><T95/><D124/><U33/><E119/><V51/><F51/><W109/><G50/><T58/><D38/><U77/><E36/><V93/><F93/><W121/><G125/><T123/><D95/><U74/><E74/><V46/><F46/><W52/><G121/><T5/><D123/><U94/><E94/><V97/><F97/><W25/><G135/><T13/><D98/><U85/><E49/><V24/><F24/><W80/><G25/><T70/><D70/><U79/><E45/><V118/><F118/><W64/><G57/><T128/><D58/><U78/><E26/><V114/><F114/><W47/><G59/><T87/><D128/><U65/><E81/><V91/><F91/><W53/><G47/><T1/><D42/><U108/><E40/><V0/><F0/><W28/><G89/><T88/><D1/><U127/><E127/><V134/><F134/><W83/><G83/><T11/><D41/><U44/><E44/><V71/><F71/><W22/><G82/><T55/><D88/><U106/><E78/><V117/><F117/><W37/><G80/><T18/><D13/><U9/><E79/><V99/><F99/><W107/><G76/><T19/><D14/><U63/><E77/><V129/><F129/><W102/><G37/><RYUUKYOKU ba="1,2" sc="242,-10,225,-10,215,30,298,-10" hai2="3,7,27,30,34,56,60,67,90,92,96,132,133" /><INIT seed="2,2,2,4,2,115" ten="232,215,245,288" oya="2" hai0="20,31,108,123,98,45,132,114,130,76,88,32,46" hai1="90,112,100,102,62,29,129,66,26,86,63,126,92" hai2="16,44,30,61,96,77,55,67,34,7,52,10,116" hai3="6,131,106,42,71,5,78,83,12,134,128,40,109"/><V120/><F120/><W68/><G109/><T33/><D114/><U35/><E112/><V37/><F116/><W75/><G106/><T65/><D108/><U64/><E126/><V56/><F77/><W22/><G134/><T23/><D132/><U91/><E129/><N who="3" m="49738" /><G22/><T105/><D130/><U41/><E41/><N who="3" m="15978" /><G12/><T69/><D20/><N who="1" m="15559" /><E91/><V48/><F37/><W82/><G82/><T121/><D88/><N who="1" m="53271" /><E35/><V8/><F34/><W57/><G57/><T14/><D33/><U1/><E90/><V36/><F36/><W122/><G122/><T111/><D32/><U103/><E1/><V99/><F30/><W19/><G19/><T80/><D31/><U28/><E28/><V15/><F67/><AGARI ba="2,2" hai="62,63,64,66,67,100,102,103" m="53271,15559" machi="67" ten="30,2000,0" yaku="8,1,54,1" doraHai="115" who="1" fromWho="2" sc="232,0,215,46,245,-26,288,0" /><INIT seed="3,0,0,3,5,53" ten="232,261,219,288" oya="3" hai0="29,100,90,115,104,36,103,132,47,54,73,57,3" hai1="135,85,113,107,28,30,134,112,43,37,61,35,75" hai2="12,74,117,5,127,79,17,15,66,130,41,11,48" hai3="133,86,122,77,91,82,27,126,31,83,45,95,32"/><W18/><G122/><T84/><D73/><U0/><E75/><V105/><F117/><W44/><G126/><T71/><D71/><U65/><E107/><V50/><F127/><W118/><G118/><T21/><D3/><U106/><E0/><V93/><F105/><W97/><G133/><N who="1" m="50698" /><E106/><V129/><F66/><W101/><G18/><T119/><D132/><U114/><E35/><V39/><F93/><W80/><G80/><T81/><D104/><U128/><E128/><N who="2" m="49259" /><F39/><W22/><G32/><T72/><D72/><AGARI ba="0,0" hai="22,27,31,44,45,72,77,82,83,86,91,95,97,101" machi="72" ten="30,1500,0" yaku="7,1" doraHai="53" who="3" fromWho="0" sc="232,-15,261,0,219,0,288,15" owari="217,-28.3,261,6.1,219,-18.1,303,40.3" /></mjloggm>