<mjloggm ver="2.3"><GO type="225" lobby="0"/><UN n0="%4E%79%61%6E%6B%69" n1="%E5%8D%A0%E3%81%84%E5%B8%AB%E8%A3%8F%E3%81%AA%E3%81%84%E3%81%97" n2="%E3%81%BF%E3%81%BF%E3%81%9A" n3="%E3%81%AF%E3%82%88%E3%81%8A%E3%81%98%E3%81%95%E3%82%93" dan="16,17,18,17" rate="2112.08,2200.92,2224.85,2185.65" sx="M,M,M,M"/><TAIKYOKU oya="0"/><INIT seed="0,0,0,5,4,105" ten="250,250,250,250" oya="0" hai0="81,132,112,102,39,76,129,16,84,46,24,58,103" hai1="66,120,70,56,94,85,60,14,48,64,104,90,80" hai2="72,18,29,55,106,11,35,3,25,130,126,51,53" hai3="20,32,92,82,93,95,114,57,110,62,116,65,100"/><T50/><D112/><U115/><E104/><V118/><F126/><W75/><G32/><T125/><D125/><U34/><E120/><V27/><F130/><W10/><G114/><T13/><D24/><U87/><E115/><V43/><F106/><W9/><G116/><T36/><D132/><U26/><E14/><V5/><F118/><W63/><G110/><T31/><D31/><U37/><E37/><V12/><F27/><W45/><G100/><T109/><D109/><U19/><E48/><V122/><F122/><W6/><G45/><T8/><D58/><U61/><E19/><V79/><F43/><W67/><G20/><T0/><D0/><U108/><E108/><V69/><F69/><W123/><G123/><T21/><D21/><U111/><E111/><V52/><F79/><W83/><G75/><T124/><D124/><U17/><E17/><V78/><F78/><W54/><G54/><T133/><D129/><U128/><E128/><V99/><F99/><W127/><G127/><T131/><D131/><U23/><E23/><N who="2" m="11719" /><F72/><W7/><REACH who="3" step="1"/><G93/><REACH who="3" ten="250,250,250,240" step="2"/><T96/><D103/><U73/><E73/><V101/><F101/><W1/><G1/><T49/><D102/><U119/><E119/><V4/><F4/><W135/><G135/><T42/><D133/><U88/><E34/><V134/><F134/><W41/><G41/><T107/><D39/><U22/><E22/><V44/><AGARI ba="0,1" hai="3,5,11,25,29,35,44,51,52,53,55" m="11719" machi="44" ten="30,2000,0" yaku="24,1,54,1" doraHai="105" who="2" fromWho="2" sc="250,-10,250,-5,250,30,240,-5" /><INIT seed="1,0,0,3,1,68" ten="240,245,280,235" oya="1" hai0="45,44,113,125,46,77,35,82,40,118,34,32,85" hai1="66,20,102,111,78,71,28,59,95,88,108,22,26" hai2="36,114,23,98,69,61,10,16,117,38,2,106,29" hai3="49,6,70,116,53,19,37,58,31,79,64,128,67"/><U130/><E71/><V109/><F117/><W17/><G116/><T133/><D118/><U110/><E130/><V33/><F109/><W54/><G128/><T126/><D113/><U4/><E78/><V123/><F123/><W94/><G37/><T84/><D133/><U14/><E102/><N who="2" m="62807" /><F114/><W57/><G70/><T129/><D129/><U11/><E59/><V74/><F74/><W25/><G6/><T107/><D107/><U134/><E66/><N who="2" m="41167" /><F23/><W99/><G79/><T92/><D92/><U9/><E134/><V21/><F21/><W27/><G31/><T119/><D119/><U24/><E9/><V104/><F104/><W18/><G64/><T5/><D5/><U56/><E56/><V72/><F72/><W101/><REACH who="3" step="1"/><G67/><REACH who="3" ten="240,245,280,225" step="2"/><T8/><D125/><U90/><E95/><V112/><F112/><W15/><G15/><T89/><D126/><U115/><E115/><V52/><F2/><W127/><G127/><T96/><D40/><U0/><E0/><V65/><F65/><W73/><G73/><T97/><D34/><U48/><E48/><AGARI ba="0,1" hai="17,18,19,25,27,48,49,53,54,57,58,94,99,101" machi="48" ten="40,8000,1" yaku="1,1,9,1,8,1,53,2" doraHai="68" doraHaiUra="50" who="3" fromWho="1" sc="240,0,245,-80,280,0,225,90" /><INIT seed="2,0,0,1,4,121" ten="240,165,280,315" oya="2" hai0="107,94,16,9,50,74,103,17,82,91,118,69,57" hai1="3,133,12,115,134,123,28,4,117,19,14,35,36" hai2="119,46,87,62,58,79,93,33,66,70,52,128,25" hai3="78,83,120,27,63,38,37,2,49,73,88,47,68"/><V109/><F119/><W48/><G120/><T8/><D69/><U110/><E36/><V130/><F46/><W96/><G2/><T34/><D34/><U113/><E123/><V114/><F114/><N who="1" m="43529" /><E117/><V112/><F112/><W132/><G132/><N who="1" m="50794" /><E3/><V59/><F59/><W10/><G10/><T89/><D89/><U77/><E77/><V13/><F13/><N who="1" m="5225" /><E4/><V92/><F79/><W104/><G48/><T21/><D74/><U40/><E40/><V24/><F87/><W99/><G99/><T29/><D118/><U55/><E55/><V6/><F6/><W60/><G38/><T7/><D7/><U32/><E28/><V98/><F93/><W31/><G37/><T90/><D29/><U86/><E86/><V67/><F67/><W23/><G68/><T135/><D135/><U97/><E97/><V30/><F98/><W105/><G105/><T41/><D107/><U1/><E1/><V65/><F65/><W53/><REACH who="3" step="1"/><G88/><REACH who="3" ten="240,165,280,305" step="2"/><T126/><D90/><U81/><E81/><V64/><F70/><W116/><G116/><T72/><D91/><U124/><E124/><V22/><F92/><W43/><G43/><T61/><D126/><U18/><E110/><V71/><F109/><W45/><G45/><T75/><D94/><U20/><E20/><V44/><F44/><W54/><G54/><T111/><D21/><U100/><E100/><AGARI ba="0,1" hai="23,27,31,47,49,53,60,63,73,78,83,96,100,104" machi="100" ten="40,1300,0" yaku="1,1,53,0" doraHai="121" doraHaiUra="127" who="3" fromWho="1" sc="240,0,165,-13,280,0,305,23" /><INIT seed="3,0,0,4,0,131" ten="240,152,280,328" oya="3" hai0="62,63,129,112,119,2,72,75,113,43,120,109,9" hai1="56,6,61,23,95,127,4,108,66,83,60,36,79" hai2="67,52,59,16,100,90,87,84,91,111,110,99,22" hai3="50,40,7,124,11,51,74,107,88,103,121,28,106"/><W70/><G121/><T55/><D120/><U49/><E108/><N who="2" m="41515" /><F67/><W80/><G70/><T46/><D109/><U14/><E36/><V13/><F84/><W68/><G68/><T133/><D119/><U101/><E127/><V38/><F38/><W33/><G124/><T77/><D129/><U126/><E126/><V24/><F87/><W5/><G88/><N who="2" m="33833" /><F99/><W76/><G5/><T123/><D133/><U19/><E60/><N who="2" m="35943" /><F100/><W134/><G103/><T48/><D123/><U0/><E0/><V132/><F132/><W35/><G134/><T12/><D2/><U8/><E49/><V10/><F10/><W82/><G80/><T18/><D77/><U89/><E101/><V114/><F114/><N who="0" m="44138" /><D43/><U86/><REACH who="1" step="1"/><E8/><REACH who="1" ten="240,142,280,328" step="2"/><V44/><F44/><N who="3" m="25863" /><G11/><T116/><D116/><U20/><E20/><V118/><F118/><W58/><G51/><T92/><D62/><U25/><E25/><AGARI ba="0,1" hai="13,16,22,24,25" m="35943,33833,41515" machi="25" ten="30,7700,0" yaku="14,1,54,3" doraHai="131" who="2" fromWho="1" sc="240,0,142,-77,280,87,328,0" owari="240,-16.0,65,-43.5,367,46.7,328,12.8" /></mjloggm>