<mjloggm ver="2.3"><GO type="225" lobby="0"/><UN n0="%73%75%7A%75%6D%65%33" n1="%73%69%72%6F%75%74" n2="%48%61%61%61%6C%61%6E%64" n3="%6D%75%75%6D%75%72%61" dan="17,16,17,16" rate="2205.12,2168.33,2232.68,2133.63" sx="M,M,M,F"/><TAIKYOKU oya="0"/><INIT seed="0,0,0,5,0,19" ten="250,250,250,250" oya="0" hai0="84,0,129,10,128,23,1,131,28,17,40,115,22" hai1="103,80,119,114,33,102,66,35,32,96,123,70,68" hai2="12,5,2,75,65,15,125,117,30,120,64,82,97" hai3="6,78,93,49,112,67,13,4,77,55,41,99,81"/><T63/><D115/><U14/><E14/><V95/><F120/><W132/><G112/><T71/><D40/><U105/><E114/><V72/><F125/><W69/><G132/><T101/><D101/><U109/><E123/><V113/><F82/><W46/><G69/><T133/><D133/><U127/><E127/><V56/><F2/><N who="0" m="1130" /><D28/><U57/><E57/><V20/><F113/><W39/><G67/><N who="0" m="41471" /><D84/><U90/><E103/><V111/><F30/><W36/><G13/><AGARI ba="0,0" hai="10,13,17,22,23,128,129,131" m="41471,1130" machi="13" ten="40,7700,0" yaku="19,1,52,2" doraHai="19" who="0" fromWho="3" sc="250,77,250,0,250,0,250,-77" /><INIT seed="0,1,0,1,2,51" ten="327,250,250,173" oya="0" hai0="123,24,53,43,34,66,60,73,15,92,106,84,121" hai1="105,120,113,96,1,25,57,86,72,21,71,12,114" hai2="27,122,47,11,94,70,69,99,58,85,76,5,61" hai3="126,77,68,119,112,49,36,42,125,108,129,103,93"/><T2/><D2/><U67/><E72/><V135/><F122/><W46/><G112/><T35/><D73/><U55/><E1/><V109/><F109/><W88/><G119/><T80/><D106/><U78/><E120/><V131/><F131/><W6/><G108/><T83/><D43/><U40/><E40/><V74/><F74/><W133/><G129/><T56/><D92/><U134/><E12/><V132/><F47/><W37/><G133/><N who="2" m="51273" /><F27/><W39/><G68/><T100/><D100/><U28/><E134/><V89/><F76/><W7/><G103/><T116/><D116/><U98/><E105/><V95/><F95/><W82/><G82/><T45/><D35/><U63/><E86/><V102/><F85/><W13/><G77/><T118/><D80/><U22/><E78/><V111/><F102/><W18/><G125/><T0/><D0/><U38/><E38/><V110/><F110/><W20/><REACH who="3" step="1"/><G126/><REACH who="3" ten="327,250,250,163" step="2"/><T79/><D118/><U128/><E128/><V14/><F111/><W87/><AGARI ba="1,1" hai="6,7,13,18,20,36,37,39,42,46,49,87,88,93" machi="87" ten="30,7900,0" yaku="1,1,2,1,0,1,54,1,53,0" doraHai="51" doraHaiUra="117" who="3" fromWho="3" sc="327,-40,250,-21,250,-21,163,92" /><INIT seed="1,0,0,3,3,103" ten="287,229,229,255" oya="1" hai0="27,21,62,115,51,83,116,108,71,121,76,120,41" hai1="10,60,2,61,49,6,53,135,127,20,57,36,31" hai2="118,58,77,9,86,39,129,132,45,98,18,52,12" hai3="90,134,15,13,101,114,46,119,97,26,48,59,24"/><U75/><E75/><V22/><F118/><W56/><G114/><T80/><D115/><U63/><E36/><V35/><F35/><W87/><G134/><T66/><D116/><U3/><E135/><V32/><F32/><W74/><G74/><T67/><D67/><U11/><E127/><V110/><F132/><W47/><G119/><T37/><D37/><U8/><REACH who="1" step="1"/><E6/><REACH who="1" ten="287,219,229,255" step="2"/><V133/><F133/><W38/><G38/><T25/><D121/><U33/><E33/><V102/><F39/><W107/><G13/><T43/><D120/><U4/><E4/><V94/><F129/><W0/><G15/><T28/><D27/><AGARI ba="0,1" hai="2,3,8,10,11,20,27,31,49,53,57,60,61,63" machi="27" ten="40,2000,0" yaku="1,1,53,0" doraHai="103" doraHaiUra="104" who="1" fromWho="0" sc="287,-20,219,30,229,0,255,0" /><INIT seed="1,1,0,3,4,46" ten="267,249,229,255" oya="1" hai0="75,103,119,37,90,14,3,87,13,33,29,60,81" hai1="22,53,85,105,125,72,31,130,54,61,89,19,100" hai2="122,32,98,127,56,73,115,64,8,45,102,92,10" hai3="111,101,97,80,9,68,83,93,74,106,79,57,110"/><U40/><E72/><V131/><F122/><W21/><G68/><T121/><D119/><U120/><E120/><V66/><F127/><W39/><G39/><T76/><D121/><U50/><E105/><V82/><F32/><W0/><G0/><T5/><D103/><U108/><E125/><V129/><F115/><W48/><G9/><N who="2" m="3689" /><F45/><W23/><G106/><T67/><D37/><U135/><E135/><V70/><F70/><W63/><G83/><T86/><D3/><U113/><E113/><V38/><F38/><W17/><G48/><T133/><D5/><U30/><E100/><V59/><F59/><W11/><G11/><T95/><D133/><U104/><E104/><V20/><F20/><W43/><G43/><T47/><D47/><N who="1" m="25959" /><E130/><N who="2" m="49675" /><F56/><W112/><G112/><T91/><D33/><U107/><E107/><V34/><F34/><W15/><REACH who="3" step="1"/><G21/><REACH who="3" ten="267,249,229,245" step="2"/><T4/><D4/><U7/><E7/><V99/><F82/><W117/><G117/><T62/><D81/><N who="1" m="49327" /><E61/><V49/><F73/><W42/><G42/><T26/><D75/><U116/><E116/><V51/><F98/><W18/><G18/><T36/><D36/><U123/><E123/><V52/><F49/><W69/><G69/><T6/><D62/><U16/><E19/><V124/><F124/><W94/><G94/><T126/><D6/><U44/><E44/><V132/><F132/><W109/><G109/><T2/><D126/><U118/><E108/><V28/><F28/><N who="1" m="10793" /><E118/><V71/><F71/><W58/><G58/><T1/><D60/><U12/><AGARI ba="1,1" hai="12,16,22,53,54" m="10793,49327,25959" machi="12" ten="30,6000,0" yaku="8,1,52,1,54,1" doraHai="46" who="1" fromWho="1" sc="267,-21,249,73,229,-21,245,-21" /><INIT seed="1,2,0,2,2,44" ten="246,322,208,224" oya="1" hai0="41,23,105,36,38,19,20,118,8,119,122,101,11" hai1="100,49,123,81,57,73,135,25,68,109,131,9,65" hai2="112,51,70,84,54,3,60,80,86,42,26,67,37" hai3="72,104,96,16,56,130,74,108,46,77,43,125,71"/><U48/><E123/><V117/><F117/><W78/><G71/><T76/><D122/><U4/><E68/><V79/><F3/><W59/><G108/><T40/><D76/><U15/><E135/><V114/><F26/><W18/><G125/><T89/><D101/><U14/><E131/><V63/><F63/><W55/><G130/><T66/><D66/><U107/><E107/><V31/><F31/><W47/><G104/><T99/><D105/><U45/><E109/><V95/><F42/><W35/><G35/><T32/><D99/><U21/><E100/><V92/><F37/><W124/><G96/><T39/><D32/><U113/><E113/><N who="2" m="43627" /><F84/><W115/><G124/><T27/><D89/><U62/><E45/><AGARI ba="2,0" hai="45,51,54,60,67,70,79,80,86,92,95" m="43627" machi="45" ten="30,2000,0" yaku="11,1,52,1" doraHai="44" who="2" fromWho="1" sc="246,0,322,-26,208,26,224,0" /><INIT seed="2,0,0,3,4,61" ten="246,296,234,224" oya="2" hai0="134,116,100,117,75,29,35,88,65,71,20,15,51" hai1="73,101,6,80,28,121,5,53,133,78,49,41,18" hai2="24,77,107,46,124,92,74,32,85,132,89,106,37" hai3="94,8,59,19,34,16,42,68,54,63,14,83,30"/><V99/><F124/><W128/><G128/><T40/><D134/><U12/><E121/><V13/><F132/><W112/><G112/><T118/><D75/><U130/><E133/><V21/><F32/><W2/><G2/><T27/><D100/><U123/><E123/><V9/><F74/><W67/><G42/><T98/><D40/><U97/><E28/><V95/><F46/><W64/><G68/><T1/><D51/><U114/><E41/><V56/><F56/><W115/><G115/><T109/><D1/><U39/><E39/><V69/><F69/><W84/><G94/><N who="0" m="56647" /><D109/><U93/><E130/><V87/><F37/><W81/><G34/><T72/><D72/><U104/><E104/><V66/><F85/><W3/><G3/><T76/><D76/><U25/><E25/><V70/><F77/><W122/><G30/><T110/><D110/><U90/><E90/><V62/><F95/><W45/><G45/><T127/><D127/><U17/><E114/><V38/><F38/><W102/><G102/><T33/><D15/><U103/><E101/><V11/><F99/><W131/><G131/><T57/><D71/><U23/><E17/><N who="3" m="6730" /><G122/><T120/><D120/><U55/><E55/><V47/><F47/><AGARI ba="0,0" hai="5,6,12,18,23,47,49,53,73,78,80,93,97,103" machi="47" ten="30,1000,0" yaku="7,1" doraHai="61" who="1" fromWho="2" sc="246,0,296,10,234,-10,224,0" /><INIT seed="3,0,0,4,5,64" ten="246,306,224,224" oya="3" hai0="111,88,107,35,124,27,56,72,20,10,74,55,95" hai1="86,46,22,94,11,3,4,80,26,62,132,50,87" hai2="103,39,42,51,99,44,34,83,18,97,33,123,2" hai3="130,128,37,71,68,30,118,16,52,28,59,13,82"/><W25/><G118/><T29/><D107/><U101/><E132/><V23/><F2/><W129/><G37/><T21/><D111/><U126/><E126/><V65/><F123/><W32/><G28/><T91/><D124/><U57/><E101/><V121/><F121/><W5/><G82/><T100/><D10/><U84/><E94/><V133/><F133/><W75/><G5/><T127/><D127/><U122/><E122/><V78/><F65/><W117/><G75/><T110/><D110/><U115/><E115/><V135/><F39/><W77/><G77/><T96/><D74/><U76/><E57/><V105/><F99/><W120/><G117/><T9/><D9/><U92/><E62/><V48/><F48/><N who="3" m="31111" /><G120/><T24/><D72/><U12/><E92/><V47/><F47/><W113/><G113/><T73/><D73/><U81/><E81/><V102/><F135/><W119/><G119/><T134/><D35/><U58/><E58/><V53/><F33/><W63/><G63/><N who="0" m="36255" /><D134/><U89/><E76/><V15/><F34/><W60/><G60/><T67/><D67/><U70/><E70/><V36/><F78/><W38/><G38/><T79/><D79/><U125/><E3/><V19/><F36/><W104/><G104/><T116/><D116/><U6/><E6/><V54/><F105/><W8/><AGARI ba="0,0" hai="8,13,16,25,30,32,68,71,128,129,130" m="31111" machi="8" ten="30,12000,1" yaku="19,1,52,2,54,2" doraHai="64" who="3" fromWho="3" sc="246,-40,306,-40,224,-40,224,120" owari="206,-19.4,266,6.6,184,-31.6,344,44.4" /></mjloggm>