<mjloggm ver="2.3"><GO type="225" lobby="0"/><UN n0="%73%7A%2E%64%31" n1="%E3%81%86%E3%81%A3%E3%81%97%E3%83%BC%30%30" n2="%E5%A4%8F%E9%88%B4%E9%88%B4%E5%A4%8F" n3="%65%2D%73%65%70%65%6E%3B" dan="16,16,16,17" rate="2112.58,2092.26,2126.68,2164.21" sx="M,M,M,M"/><TAIKYOKU oya="0"/><INIT seed="0,0,0,0,3,99" ten="250,250,250,250" oya="0" hai0="123,45,134,52,36,39,21,41,48,69,34,35,110" hai1="55,97,47,98,116,87,101,40,72,114,74,13,51" hai2="30,124,95,94,20,96,44,15,18,7,103,46,135" hai3="16,105,2,86,85,4,37,67,64,125,24,19,80"/><T82/><D123/><U68/><E116/><V59/><F135/><W3/><G37/><T23/><D134/><U10/><E114/><V53/><F124/><W5/><G24/><T58/><D110/><U127/><E127/><V111/><F111/><W71/><G125/><T126/><D126/><U100/><E68/><V106/><F30/><W54/><G54/><T84/><D69/><U91/><E40/><V132/><F132/><W12/><G71/><T108/><D39/><U6/><E74/><V129/><F129/><W76/><G12/><T121/><D121/><U113/><E72/><V75/><F75/><W118/><G80/><T28/><D108/><U50/><E50/><V107/><F7/><W109/><G109/><T42/><D42/><U61/><E61/><V93/><REACH who="2" step="1"/><F106/><REACH who="2" ten="250,250,240,250" step="2"/><W89/><G105/><T38/><D28/><U57/><E113/><V1/><F1/><W81/><G118/><T66/><D38/><U83/><E47/><V62/><AGARI ba="0,1" hai="15,18,20,44,46,53,59,62,93,94,95,96,103,107" machi="62" ten="30,4000,0" yaku="1,1,0,1,52,1,53,0" doraHai="99" doraHaiUra="104" who="2" fromWho="2" sc="250,-20,250,-10,240,50,250,-10" /><INIT seed="1,0,0,2,5,132" ten="230,240,290,240" oya="1" hai0="33,45,2,123,40,17,117,50,129,127,46,39,89" hai1="77,34,15,8,6,133,36,134,101,104,119,37,24" hai2="87,43,112,96,32,48,72,47,93,49,51,5,122" hai3="54,113,20,63,26,22,7,4,53,1,85,79,110"/><U130/><E119/><V11/><F72/><W64/><G113/><T98/><D117/><U65/><E130/><V92/><F122/><W83/><G110/><T80/><D123/><U135/><E77/><V116/><F116/><W95/><G22/><T86/><D129/><U69/><E65/><V21/><F32/><W18/><G95/><T70/><D70/><U67/><E67/><V31/><F112/><W84/><G84/><T126/><D2/><U121/><E69/><V81/><F21/><W56/><G1/><T124/><D98/><N who="1" m="61495" /><E121/><V107/><F31/><AGARI ba="0,0" hai="6,8,15,24,31,34,36,37,133,134,135" m="61495" machi="31" ten="30,1500,0" yaku="20,1" doraHai="132" who="1" fromWho="2" sc="230,0,240,15,290,-15,240,0" /><INIT seed="1,1,0,0,1,87" ten="230,255,275,240" oya="1" hai0="78,134,130,127,2,29,125,106,71,37,109,43,45" hai1="8,3,11,82,132,96,68,60,30,14,54,98,33" hai2="19,116,121,79,59,48,123,20,64,122,83,110,6" hai3="133,86,111,1,69,36,107,5,15,88,63,0,85"/><U118/><E118/><V97/><F116/><W120/><G36/><T65/><D109/><U34/><E132/><V46/><F110/><W49/><G111/><T61/><D29/><U26/><E34/><V90/><F6/><W67/><G120/><T80/><D2/><U93/><E3/><V101/><F59/><W32/><G32/><T16/><D134/><U25/><E25/><V53/><F64/><W115/><G115/><T94/><D130/><U131/><E131/><V119/><F90/><W44/><G107/><T73/><D94/><U38/><E38/><V100/><F97/><W126/><G86/><T58/><D58/><U75/><E96/><V28/><F28/><W50/><G133/><T31/><D31/><U66/><E54/><V113/><F113/><W9/><G126/><T76/><D76/><U108/><E108/><V114/><F114/><W91/><G50/><T12/><REACH who="0" step="1"/><D106/><REACH who="0" ten="220,255,275,240" step="2"/><U129/><E129/><V103/><F119/><W42/><G91/><T23/><AGARI ba="1,1" hai="12,16,23,37,43,45,61,65,71,73,78,80,125,127" machi="23" ten="30,8000,1" yaku="1,1,2,1,0,1,54,1,53,1" doraHai="87" doraHaiUra="17" who="0" fromWho="0" sc="220,93,255,-41,275,-21,240,-21" /><INIT seed="2,0,0,5,0,24" ten="313,214,254,219" oya="2" hai0="16,135,82,2,96,4,118,46,53,119,28,101,87" hai1="63,43,128,93,44,17,49,134,122,81,8,15,40" hai2="67,57,7,132,54,66,41,65,45,27,114,90,94" hai3="110,9,131,127,13,92,76,85,68,11,12,6,104"/><V1/><F114/><W18/><G104/><T35/><D135/><U124/><E134/><V109/><F132/><W86/><G68/><T88/><D2/><U77/><E128/><V113/><F113/><W102/><G131/><T26/><D4/><U20/><E124/><V120/><F120/><W21/><G127/><T69/><D69/><U51/><E122/><V112/><F112/><W55/><G110/><T71/><D71/><U30/><E63/><V121/><F121/><W3/><G76/><T91/><D91/><U107/><E107/><V111/><F27/><W50/><G3/><T34/><D34/><U83/><E93/><V52/><F7/><W129/><G21/><T42/><D53/><U115/><E115/><V64/><F1/><W125/><G125/><T74/><D16/><N who="1" m="8295" /><E77/><V70/><F70/><W33/><G33/><T56/><D74/><U108/><E30/><V47/><F65/><W23/><G23/><T36/><REACH who="0" step="1"/><D56/><REACH who="0" ten="303,214,254,219" step="2"/><U78/><E78/><V0/><F0/><W123/><G129/><T25/><D25/><N who="1" m="14479" /><E108/><N who="2" m="41547" /><F57/><N who="3" m="33015" /><G123/><T31/><D31/><U29/><E29/><V79/><F79/><W106/><G6/><T103/><D103/><U38/><E38/><N who="2" m="21687" /><F47/><AGARI ba="0,1" hai="40,43,44,47,49,51,81,83" m="14479,8295" machi="47" ten="30,2000,0" yaku="8,1,54,1" doraHai="24" who="1" fromWho="2" sc="303,0,214,30,254,-20,219,0" /><INIT seed="3,0,0,2,3,2" ten="303,244,234,219" oya="3" hai0="121,135,43,23,16,26,29,113,25,22,126,63,114" hai1="94,122,75,61,20,33,15,118,35,112,47,71,130" hai2="4,106,102,38,45,90,103,64,82,11,124,96,36" hai3="125,21,7,24,46,98,0,62,83,132,86,12,66"/><W3/><G125/><T85/><D126/><U37/><E20/><V123/><F124/><W76/><G132/><T93/><D135/><U53/><E15/><V81/><F103/><W17/><G98/><T89/><D121/><U95/><E53/><V88/><F64/><W28/><G46/><T100/><D100/><U80/><E61/><V97/><F123/><W120/><G120/><T48/><D63/><U70/><E80/><V42/><F38/><W32/><REACH who="3" step="1"/><G7/><REACH who="3" ten="303,244,234,209" step="2"/><T54/><REACH who="0" step="1"/><D43/><REACH who="0" ten="293,244,234,209" step="2"/><U116/><E122/><V13/><F42/><W67/><G67/><T119/><D119/><U117/><E117/><V10/><F102/><W34/><G34/><T18/><D18/><U56/><E35/><V105/><F105/><W78/><G78/><T60/><D60/><U127/><E33/><V31/><F106/><W131/><G131/><T59/><AGARI ba="0,2" hai="16,22,23,25,26,29,48,54,59,85,89,93,113,114" machi="59" ten="30,7900,0" yaku="1,1,0,1,54,1,53,1" doraHai="2" doraHaiUra="49" who="0" fromWho="0" sc="293,99,244,-20,234,-20,209,-39" owari="392,49.2,224,2.4,214,-18.6,170,-33.0" /></mjloggm>