<mjloggm ver="2.3"><GO type="225" lobby="0"/><UN n0="%E6%97%A5%E6%9B%9C%E6%97%A5%E3%82%88%E3%82%8A%E3%81%AE%E4%BD%BF%E8%80%85" n1="%33%74%72%65%65" n2="%72%61%6B%33" n3="%72%69%6F%75%63%68%61%6E" dan="18,16,18,17" rate="2147.70,2142.22,2235.74,2160.62" sx="M,F,M,M"/><TAIKYOKU oya="0"/><INIT seed="0,0,0,3,2,96" ten="250,250,250,250" oya="0" hai0="19,38,104,54,46,118,91,128,75,43,135,28,56" hai1="107,64,1,31,68,12,109,25,52,83,80,108,86" hai2="50,88,97,5,22,17,95,53,7,132,40,129,126" hai3="117,57,29,101,59,9,14,15,36,21,81,6,100"/><T92/><D118/><U90/><E1/><V4/><F126/><W66/><G117/><T42/><D128/><U98/><E68/><V112/><F129/><W87/><G36/><T30/><D135/><U94/><E64/><V23/><F132/><W113/><G113/><T71/><D71/><U133/><E133/><V114/><F40/><W70/><G70/><T102/><D75/><U73/><E12/><V3/><F3/><W18/><G29/><T122/><D122/><U33/><E80/><V103/><F114/><W11/><G21/><T121/><D43/><U51/><E107/><V123/><F123/><W116/><G116/><T79/><D79/><U124/><E73/><V134/><F112/><W62/><G57/><T16/><D121/><U10/><E10/><V72/><F72/><W76/><AGARI ba="0,0" hai="6,9,11,14,15,18,59,62,66,76,81,87,100,101" machi="76" ten="20,8000,1" yaku="0,1,7,1,8,1,52,2" doraHai="96" who="3" fromWho="3" sc="250,-40,250,-20,250,-20,250,80" /><INIT seed="1,0,0,4,5,57" ten="210,230,230,330" oya="1" hai0="15,95,115,0,34,96,121,107,50,33,70,2,114" hai1="102,84,31,127,104,126,74,98,67,49,4,61,116" hai2="72,112,39,62,38,130,93,5,90,113,46,58,131" hai3="20,94,19,106,28,11,6,76,63,47,132,110,109"/><U86/><E74/><V103/><F5/><W128/><G106/><T17/><D70/><U69/><E116/><V120/><F103/><W117/><G117/><T53/><D107/><U133/><E133/><V91/><F72/><W59/><G132/><T45/><D121/><U122/><E122/><V101/><F101/><W56/><G128/><N who="2" m="49193" /><F120/><W8/><G76/><T7/><D34/><U25/><E4/><V24/><F24/><W92/><G47/><T88/><D33/><N who="1" m="20719" /><E49/><V78/><F78/><W99/><G28/><T135/><D135/><U51/><E51/><V12/><F12/><W3/><G11/><T100/><D100/><U66/><E66/><N who="2" m="39255" /><F91/><W30/><G30/><T44/><D44/><U27/><E27/><V40/><F39/><W10/><G10/><T81/><D7/><U18/><E18/><V123/><F123/><W85/><G85/><AGARI ba="0,0" hai="61,67,69,84,85,86,98,102,104,126,127" m="20719" machi="85" ten="30,2900,0" yaku="25,1,52,1" doraHai="57" who="1" fromWho="3" sc="210,0,230,29,230,0,330,-29" /><AGARI ba="0,0" hai="38,40,46,85,90,93,112,113" m="39255,49193" machi="85" ten="30,2000,0" yaku="19,1,52,1" doraHai="57" who="2" fromWho="3" sc="210,0,259,0,230,20,301,-20" /><INIT seed="1,1,0,0,5,103" ten="210,259,250,281" oya="1" hai0="25,41,6,78,76,95,77,108,107,124,55,84,116" hai1="67,47,23,132,57,71,104,50,3,32,73,66,59" hai2="135,134,83,126,70,1,119,110,114,120,80,17,91" hai3="117,22,28,26,10,52,18,102,64,31,97,63,33"/><U112/><E112/><V100/><F17/><W39/><G39/><T51/><D116/><U111/><E32/><V21/><F21/><W94/><G117/><T13/><D107/><U43/><E3/><V98/><F70/><W20/><G31/><T96/><D108/><U88/><E73/><V105/><F1/><W49/><G10/><N who="0" m="4311" /><D124/><U9/><E111/><V5/><F5/><W27/><G33/><T60/><D25/><U15/><E104/><V99/><F119/><W92/><G92/><T62/><D84/><U38/><E23/><V37/><F37/><W115/><G115/><T118/><D41/><U8/><E132/><N who="2" m="50731" /><F110/><W81/><G81/><N who="2" m="31305" /><F114/><W0/><G0/><T89/><D118/><U2/><E2/><V86/><F99/><W133/><G133/><T54/><D54/><U130/><E71/><V44/><F44/><AGARI ba="1,0" hai="44,51,55,60,62,76,77,78,89,95,96" m="4311" machi="44" ten="30,1000,0" yaku="8,1" doraHai="103" who="0" fromWho="2" sc="210,13,259,0,250,-13,281,0" /><INIT seed="2,0,0,4,3,40" ten="223,259,237,281" oya="2" hai0="126,47,128,132,11,7,111,50,73,27,23,10,21" hai1="122,38,123,85,9,93,119,43,8,83,6,4,48" hai2="57,82,54,34,70,20,24,80,94,114,28,116,79" hai3="98,17,59,131,37,19,29,118,68,30,127,49,75"/><V91/><F70/><W106/><G118/><T100/><D73/><U44/><E119/><V89/><F116/><W22/><G37/><T88/><D111/><U81/><E93/><V26/><F114/><W69/><G75/><T130/><D126/><U109/><E109/><V71/><F71/><W53/><G131/><N who="0" m="50219" /><D132/><U12/><E38/><V65/><F65/><W1/><G1/><N who="0" m="367" /><D100/><U62/><E62/><V55/><F55/><W42/><G127/><T120/><D120/><N who="1" m="46123" /><E85/><V87/><F91/><W35/><G35/><T36/><D36/><U129/><E129/><V33/><F26/><W121/><G121/><T78/><D78/><U125/><E125/><V102/><F102/><W39/><G69/><T5/><D27/><U60/><E60/><V0/><F0/><AGARI ba="0,0" hai="0,4,6,8,9,12,43,44,48,81,83" m="46123" machi="0" ten="30,2000,0" yaku="13,1,52,1" doraHai="40" who="1" fromWho="2" sc="223,0,259,20,237,-20,281,0" /><INIT seed="3,0,0,1,5,0" ten="223,279,217,281" oya="3" hai0="35,115,88,40,45,5,112,37,99,4,119,22,109" hai1="84,69,26,111,68,91,113,64,23,3,15,36,14" hai2="10,24,29,74,56,41,50,73,97,102,118,95,117" hai3="11,122,130,48,42,60,104,120,90,17,47,101,71"/><W80/><G130/><T63/><D35/><U83/><E113/><N who="0" m="43593" /><D109/><U127/><E3/><V52/><F41/><W96/><G90/><T128/><D128/><U81/><E111/><V89/><F118/><W125/><G125/><T57/><D22/><U46/><E127/><V92/><F117/><W49/><G80/><T76/><D76/><U82/><E36/><V28/><F10/><W61/><G48/><T72/><D72/><U62/><E69/><V131/><F131/><W85/><G85/><T116/><D116/><U54/><E46/><V43/><F43/><W77/><G77/><T31/><D31/><U25/><E25/><V135/><F135/><W66/><REACH who="3" step="1"/><G60/><REACH who="3" ten="223,279,217,271" step="2"/><T33/><D119/><U93/><E83/><V78/><F78/><W129/><G129/><T67/><D33/><U103/><E82/><V20/><REACH who="2" step="1"/><F28/><REACH who="2" ten="223,279,207,271" step="2"/><W132/><G132/><T51/><D37/><U98/><E54/><V39/><F39/><W55/><G55/><T53/><D53/><U30/><AGARI ba="0,2" hai="14,15,23,26,30,62,64,68,81,84,91,93,98,103" machi="30" ten="20,1500,0" yaku="0,1,7,1" doraHai="0" who="1" fromWho="1" sc="223,-4,279,35,207,-4,271,-7" owari="219,-18.1,314,41.4,203,-29.7,264,6.4" /></mjloggm>