<mjloggm ver="2.3"><GO type="225" lobby="0"/><UN n0="%E6%9C%9D%E6%97%A5" n1="%30%2E%31%32%30" n2="%E3%81%BE%E3%81%A8%E3%81%9F" n3="%41%54%53%4D" dan="18,16,16,16" rate="2189.21,2079.19,2109.17,2100.01" sx="F,M,M,M"/><TAIKYOKU oya="0"/><INIT seed="0,0,0,3,2,45" ten="250,250,250,250" oya="0" hai0="3,31,85,122,77,120,116,125,98,13,113,132,95" hai1="131,73,44,82,42,7,0,115,30,91,32,75,60" hai2="21,128,69,102,37,10,92,130,93,99,87,9,57" hai3="16,46,108,61,41,88,97,11,14,19,79,38,119"/><T76/><D3/><U65/><E131/><N who="2" m="50219" /><F69/><W111/><G119/><T83/><D31/><U94/><E115/><V101/><F37/><W26/><G79/><N who="0" m="46335" /><D13/><U20/><E32/><V64/><F21/><N who="3" m="13607" /><G61/><T103/><D113/><U90/><E30/><V134/><F134/><W80/><G80/><T35/><D35/><U48/><E20/><V18/><F18/><W56/><G56/><T49/><D49/><U62/><E62/><N who="2" m="37967" /><F102/><W71/><G71/><T53/><D53/><U106/><E106/><V5/><F5/><W84/><G97/><N who="0" m="59839" /><D116/><U86/><E7/><V39/><F39/><W17/><G17/><T105/><D132/><U43/><E43/><V1/><F1/><W135/><G135/><T29/><D29/><U110/><E0/><V70/><F70/><W36/><G36/><T107/><D98/><U114/><E114/><V96/><F96/><W78/><G38/><T74/><D74/><U40/><E40/><V126/><F126/><W109/><G41/><T15/><D15/><U89/><E110/><V34/><F34/><W127/><G127/><T72/><D125/><U129/><E129/><V12/><F12/><W59/><G46/><T23/><D23/><U22/><E22/><V54/><F54/><W6/><G59/><T66/><D66/><U33/><E33/><V121/><F121/><N who="0" m="46698" /><D72/><U112/><E75/><V52/><F52/><W8/><G6/><T24/><D24/><U27/><E27/><V67/><F67/><W50/><G8/><T81/><D81/><U133/><E133/><V58/><F58/><W63/><G11/><T104/><AGARI ba="0,0" hai="76,77,104,105,107" m="46698,59839,46335" machi="104" ten="40,7800,0" yaku="5,1,34,2" doraHai="45" who="0" fromWho="0" sc="250,78,250,-26,250,-26,250,-26" /><INIT seed="0,1,0,3,2,23" ten="328,224,224,224" oya="0" hai0="51,106,121,96,18,110,45,56,87,89,90,105,95" hai1="26,126,129,50,64,76,73,32,46,65,7,8,48" hai2="69,30,104,115,125,111,53,36,60,43,58,124,102" hai3="47,20,116,117,86,81,72,91,103,63,6,21,62"/><T119/><D119/><U10/><E129/><V135/><F104/><W132/><G132/><T29/><D121/><U52/><E126/><N who="2" m="48747" /><F30/><W41/><G72/><T123/><D123/><U28/><E10/><V44/><F102/><W109/><G109/><T5/><D110/><U4/><E4/><V77/><F77/><W0/><G103/><T1/><D56/><U120/><E120/><V107/><F107/><W61/><G21/><T78/><D78/><U11/><E11/><V54/><F111/><W13/><G0/><T14/><D5/><U112/><E112/><V34/><F34/><W83/><G83/><T88/><D1/><U55/><E76/><V35/><F35/><W99/><G99/><T59/><D59/><U19/><E19/><V38/><F135/><W42/><G42/><T100/><D29/><U40/><E73/><V3/><F3/><W27/><G13/><T113/><D106/><U57/><REACH who="1" step="1"/><E40/><REACH who="1" ten="328,214,224,224" step="2"/><N who="2" m="22535" /><F115/><W31/><REACH who="3" step="1"/><G6/><REACH who="3" ten="328,214,224,214" step="2"/><T17/><D113/><U92/><E92/><V24/><F43/><W75/><G75/><T25/><D18/><U130/><E130/><V12/><F12/><AGARI ba="1,2" hai="7,8,12,26,28,32,46,48,50,52,55,57,64,65" machi="12" ten="30,7700,0" yaku="1,1,7,1,52,1,54,1,53,0" doraHai="23" doraHaiUra="133" who="1" fromWho="2" sc="328,0,214,100,224,-80,214,0" /><INIT seed="1,0,0,1,0,6" ten="328,314,144,214" oya="1" hai0="75,70,128,52,90,135,15,130,66,121,46,106,28" hai1="16,77,129,108,53,60,102,86,117,126,32,49,110" hai2="125,5,116,43,9,38,47,11,4,13,45,78,8" hai3="100,57,71,48,89,124,10,133,30,26,25,40,95"/><U2/><E32/><V82/><F116/><W107/><G71/><T18/><D75/><U101/><E117/><V98/><F125/><W34/><G124/><T1/><D1/><U64/><E126/><V58/><F4/><W131/><G133/><T27/><D106/><U94/><E2/><V93/><F58/><W19/><G131/><T59/><D46/><U112/><E112/><V65/><F65/><W24/><G100/><T41/><D41/><U122/><E122/><V36/><F47/><W56/><G107/><T63/><D90/><N who="1" m="53591" /><E77/><V12/><F12/><N who="3" m="7575" /><G34/><T114/><D114/><U80/><E80/><V37/><F36/><W44/><G30/><T134/><D121/><U83/><E83/><V33/><F33/><W119/><G119/><T123/><D123/><U104/><E104/><V42/><F42/><W17/><G17/><T79/><D79/><U54/><E54/><V69/><F69/><W113/><G113/><T97/><D97/><AGARI ba="0,0" hai="24,25,26,40,44,48,56,57,89,95,97" m="7575" machi="97" ten="30,2000,0" yaku="8,1,52,1" doraHai="6" who="3" fromWho="0" sc="328,-20,314,0,144,0,214,20" /><INIT seed="2,0,0,4,2,68" ten="308,314,144,234" oya="2" hai0="5,12,70,104,124,19,58,79,0,92,98,44,10" hai1="120,49,131,117,87,36,16,126,135,57,26,38,66" hai2="80,89,81,30,2,17,110,116,85,96,42,91,88" hai3="52,90,47,14,127,99,13,33,113,29,119,15,100"/><V75/><F116/><W20/><G33/><T134/><D124/><U112/><E117/><V39/><F2/><W11/><G119/><T41/><D134/><U129/><E112/><V95/><F110/><W48/><G127/><T118/><D118/><U122/><E126/><V8/><F30/><W62/><G113/><T78/><D70/><U130/><E87/><V32/><F32/><W31/><G20/><T121/><D104/><U55/><E66/><V114/><F114/><W1/><G90/><T43/><D58/><U28/><E16/><V111/><F111/><W25/><G62/><T50/><D43/><U97/><E97/><V46/><F75/><W59/><G25/><T3/><D121/><N who="1" m="46699" /><E135/><V22/><F8/><W34/><G34/><AGARI ba="0,0" hai="26,28,34,36,38,49,55,57,129,130,131" m="46699" machi="34" ten="40,8000,1" yaku="19,1,13,1,52,2" doraHai="68" who="1" fromWho="3" sc="308,0,314,80,144,0,234,-80" /><INIT seed="3,0,0,3,4,2" ten="308,394,144,154" oya="3" hai0="76,22,94,88,38,31,107,102,104,134,126,124,96" hai1="42,61,86,44,111,43,132,52,77,95,108,122,130" hai2="8,92,20,81,14,65,69,66,131,90,79,85,119" hai3="62,114,3,60,45,64,133,24,87,39,120,4,9"/><W33/><G114/><T40/><D38/><U54/><E130/><V117/><F131/><W13/><G133/><T128/><D40/><N who="1" m="15403" /><E132/><V0/><F0/><W123/><G62/><T101/><D22/><U63/><E122/><V49/><F69/><N who="3" m="42119" /><G87/><T72/><D31/><U135/><E135/><V93/><F117/><W56/><G56/><T30/><D30/><U116/><E116/><V53/><F20/><W71/><G13/><T91/><D128/><U68/><E68/><V125/><F125/><N who="0" m="48234" /><D134/><U100/><E100/><N who="0" m="38505" /><D91/><N who="1" m="53751" /><E77/><V48/><F119/><W89/><G89/><T5/><D5/><U16/><E16/><N who="2" m="8263" /><F90/><W80/><G71/><T127/><D127/><U23/><E23/><V41/><F93/><W1/><G1/><T74/><D76/><U32/><E32/><V35/><F92/><W37/><G80/><T18/><D18/><U78/><E78/><V17/><F35/><W73/><G73/><AGARI ba="0,0" hai="72,73,74,88,94,96,104,107" m="38505,48234" machi="73" ten="30,7700,0" yaku="18,1,34,2,54,1" doraHai="2" who="0" fromWho="3" sc="308,77,394,0,144,0,154,-77" owari="385,18.5,394,49.4,144,-25.6,77,-42.3" /></mjloggm>