<mjloggm ver="2.3"><GO type="225" lobby="0"/><UN n0="%E3%81%82%E3%83%BC%E3%81%97" n1="%E8%81%B7%E6%A5%AD%E3%80%81%E9%A2%A8%32" n2="%E6%A0%B9%E5%85%83%E3%81%8B%E3%82%89%E5%90%B9%E3%81%A3%E9%A3%9B%E3%81%B6" n3="%E3%81%9F%E3%81%8C%E3%82%84%E3%81%99" dan="16,16,16,16" rate="2122.49,2091.97,2174.96,2103.41" sx="M,M,F,M"/><TAIKYOKU oya="0"/><INIT seed="0,0,0,1,1,29" ten="250,250,250,250" oya="0" hai0="20,109,0,89,92,100,52,126,48,98,63,24,9" hai1="62,50,39,47,66,51,18,81,72,110,124,93,58" hai2="65,123,10,91,94,125,107,37,49,4,68,13,44" hai3="99,2,8,128,67,116,14,5,77,88,118,122,134"/><T71/><D126/><U80/><E124/><V22/><F123/><W131/><G77/><T17/><D109/><U121/><E110/><V114/><F114/><W12/><G67/><T73/><D73/><U79/><E121/><V11/><F125/><W133/><G122/><T76/><D76/><U108/><E108/><V78/><F107/><W119/><G88/><T56/><D0/><U15/><E81/><V31/><F78/><W84/><G84/><T104/><D9/><U55/><E93/><V112/><F112/><W54/><G54/><T127/><D127/><U101/><E101/><V35/><F37/><W6/><G99/><T33/><D33/><U105/><E105/><V28/><F35/><W38/><G38/><T27/><D27/><U83/><E80/><V7/><F68/><W117/><N who="3" m="29696" /><DORA hai="132" /><W36/><G36/><T19/><D19/><U32/><E32/><V3/><F65/><W103/><G103/><T102/><D104/><U90/><E90/><V120/><F22/><W95/><G95/><T115/><D115/><U26/><E26/><V82/><F82/><W1/><G12/><T57/><D71/><U64/><E39/><V87/><F120/><W86/><G86/><T70/><D70/><U21/><REACH who="1" step="1"/><E51/><REACH who="1" ten="250,240,250,250" step="2"/><V61/><F61/><W43/><G131/><T96/><D96/><U25/><E25/><V75/><F75/><W85/><G128/><T46/><D57/><U42/><AGARI ba="0,1" hai="15,18,21,42,47,50,55,58,62,64,66,72,79,83" machi="42" ten="20,8000,1" yaku="1,1,0,1,7,1,53,2" doraHai="29,132" doraHaiUra="59,41" who="1" fromWho="1" sc="250,-40,240,90,250,-20,250,-20" /><INIT seed="1,0,0,0,3,96" ten="210,330,230,230" oya="1" hai0="57,92,128,53,74,25,12,16,105,45,32,70,59" hai1="135,86,68,134,122,123,13,7,67,60,71,101,62" hai2="31,80,114,91,22,17,116,89,28,121,77,8,61" hai3="129,66,11,42,5,79,3,97,24,83,81,23,120"/><U19/><E7/><V10/><F116/><W98/><G66/><T85/><D74/><U131/><E131/><V36/><F36/><W38/><G120/><T1/><D1/><U103/><E86/><N who="2" m="48399" /><F121/><N who="1" m="46089" /><E60/><V115/><F61/><W41/><G129/><T14/><D105/><U100/><E62/><V87/><F91/><W108/><G108/><T29/><D128/><U44/><E44/><V43/><F43/><W52/><G83/><T113/><D70/><U30/><E30/><N who="2" m="11307" /><F115/><W65/><G65/><T90/><D14/><U15/><E67/><V21/><F21/><W109/><G109/><T39/><D113/><U37/><E37/><V26/><F114/><W20/><G42/><T94/><D94/><AGARI ba="0,0" hai="8,10,17,22,26,87,89,94" m="11307,48399" machi="94" ten="30,1000,0" yaku="8,1" doraHai="96" who="2" fromWho="0" sc="210,-10,330,0,230,10,230,0" /><INIT seed="2,0,0,4,1,44" ten="200,330,240,230" oya="2" hai0="111,2,106,112,27,53,20,98,115,1,104,116,28" hai1="41,70,36,24,8,38,113,114,123,90,25,49,56" hai2="66,107,11,34,19,134,118,99,94,48,21,84,73" hai3="78,103,52,65,108,0,39,87,37,81,110,32,72"/><V83/><F118/><W64/><G32/><T26/><D116/><U133/><E70/><V79/><F134/><W89/><G0/><T128/><D111/><N who="3" m="42537" /><G103/><T30/><D128/><U117/><E117/><V62/><F34/><W58/><G37/><T59/><D98/><U97/><E8/><V63/><F11/><W10/><G39/><T46/><D46/><U129/><E24/><V76/><F76/><W12/><G72/><T119/><D119/><U93/><E38/><V67/><F107/><W61/><G89/><T55/><D59/><U100/><E41/><V127/><F73/><W71/><G71/><T130/><D130/><U40/><E40/><V7/><F7/><AGARI ba="0,0" hai="7,10,12,52,58,61,64,65,78,81,87" m="42537" machi="7" ten="30,2000,0" yaku="14,1,54,1" doraHai="44" who="3" fromWho="2" sc="200,0,330,0,240,-20,230,20" /><INIT seed="3,0,0,4,0,103" ten="200,330,220,250" oya="3" hai0="78,21,10,31,116,26,38,135,120,134,19,92,112" hai1="42,43,36,113,82,72,126,50,127,33,105,4,75" hai2="11,39,5,77,90,14,122,53,115,118,41,58,69" hai3="13,80,8,32,28,0,60,61,85,131,24,17,95"/><W96/><G0/><T63/><D38/><U81/><E105/><V48/><F118/><W62/><G131/><T99/><D116/><U45/><E113/><V3/><F115/><W20/><G32/><T15/><D112/><U91/><E4/><V51/><F69/><W76/><REACH who="3" step="1"/><G61/><REACH who="3" ten="200,330,220,240" step="2"/><T18/><D120/><U73/><E33/><V128/><F3/><W114/><G114/><T119/><D119/><U47/><E91/><AGARI ba="0,1" hai="8,13,17,20,24,28,60,62,76,80,85,91,95,96" machi="91" ten="30,5800,0" yaku="1,1,7,1,8,1,53,0" doraHai="103" doraHaiUra="68" who="3" fromWho="1" sc="200,0,330,-58,220,0,240,68" owari="200,-30.0,272,7.2,220,-18.0,308,40.8" /></mjloggm>