<mjloggm ver="2.3"><GO type="225" lobby="0"/><UN n0="%E3%83%AD%E3%83%83%E3%83%86%E9%9B%80%E7%90%83" n1="%72%61%6B%33" n2="%E3%82%82%E3%81%90%E3%82%89" n3="%E6%80%AA%E3%81%97%E3%81%99%E3%81%8E%E3%82%8B%E3%83%81%E3%83%BC" dan="17,18,17,16" rate="2237.43,2272.05,2211.50,2187.64" sx="M,M,M,M"/><TAIKYOKU oya="0"/><INIT seed="0,0,0,5,4,90" ten="250,250,250,250" oya="0" hai0="68,135,61,55,115,107,30,73,121,120,41,75,6" hai1="98,45,112,134,34,97,125,50,117,113,84,86,66" hai2="109,39,53,13,114,37,82,23,123,94,22,67,10" hai3="110,132,87,65,42,35,71,119,33,105,46,19,103"/><T20/><D115/><U56/><E34/><V70/><F114/><W3/><G119/><T1/><D107/><U91/><E66/><V11/><F123/><W48/><G3/><T133/><D41/><U25/><E56/><V72/><F109/><W14/><G110/><T44/><D6/><U7/><E7/><V40/><F53/><W58/><G132/><N who="0" m="50763" /><D1/><U83/><E134/><V38/><F40/><W92/><G71/><T26/><D44/><U76/><E117/><V51/><F51/><W95/><G105/><T69/><D55/><U64/><E64/><V80/><F11/><N who="3" m="6623" /><G35/><T108/><D108/><U96/><E125/><V77/><F80/><W131/><G33/><T102/><D102/><U101/><E101/><V9/><F9/><W32/><G32/><T2/><D2/><U88/><E25/><V62/><REACH who="2" step="1"/><F94/><REACH who="2" ten="250,250,240,250" step="2"/><N who="3" m="35883" /><G131/><T12/><D121/><U122/><E122/><V17/><AGARI ba="0,1" hai="10,13,17,22,23,37,38,39,62,67,70,72,77,82" machi="17" ten="30,4000,0" yaku="1,1,0,1,53,1" doraHai="90" doraHaiUra="78" who="2" fromWho="2" sc="250,-20,250,-10,240,50,250,-10" /><INIT seed="1,0,0,1,3,9" ten="230,240,290,240" oya="1" hai0="127,54,34,67,78,25,15,88,122,69,40,71,43" hai1="21,59,113,112,74,33,22,7,117,66,18,27,93" hai2="116,45,48,107,96,5,89,82,13,29,80,8,99" hai3="51,121,24,109,90,135,53,91,85,118,16,14,75"/><U129/><E74/><V108/><F116/><W1/><G1/><T73/><D127/><U39/><E39/><V12/><F108/><W68/><G75/><T0/><D0/><U110/><E117/><V56/><F56/><N who="3" m="32831" /><G68/><T104/><D104/><U95/><E33/><V100/><F29/><W70/><G70/><T77/><D54/><U128/><E7/><V102/><F89/><N who="3" m="33803" /><G121/><T38/><D88/><U115/><E110/><V64/><F64/><W134/><G85/><T132/><D67/><U124/><E124/><V83/><F8/><N who="3" m="6215" /><G24/><T123/><D25/><U28/><E66/><V35/><F35/><W30/><G30/><T49/><D34/><U10/><E28/><V6/><F6/><W4/><G4/><T3/><D73/><U92/><E115/><V26/><F26/><W19/><G19/><T61/><D3/><U97/><E18/><V98/><F5/><W120/><G120/><T47/><D38/><U55/><E27/><V57/><F107/><W46/><G109/><T65/><D71/><U11/><E113/><V36/><F36/><W58/><G118/><T42/><D123/><U131/><E112/><V94/><F94/><W114/><G114/><T84/><D122/><U72/><E72/><V32/><F32/><W20/><G58/><T87/><D87/><U111/><E111/><V41/><F57/><W103/><G103/><AGARI ba="0,0" hai="12,13,41,45,48,80,82,83,96,98,99,100,102,103" machi="103" ten="40,5200,0" yaku="8,1,52,2" doraHai="9" who="2" fromWho="3" sc="230,0,240,0,290,52,240,-52" /><INIT seed="2,0,0,2,0,24" ten="230,240,342,188" oya="2" hai0="62,54,49,113,127,47,10,95,118,96,126,26,85" hai1="36,25,45,61,120,58,99,28,131,64,73,107,70" hai2="132,78,38,121,15,112,111,9,40,115,123,52,92" hai3="11,7,110,50,89,0,105,125,63,109,23,13,87"/><V101/><F78/><W75/><G75/><T1/><D113/><U16/><E131/><V68/><F68/><W100/><G125/><N who="0" m="47627" /><D118/><U83/><E120/><V59/><F40/><W135/><G135/><T114/><D114/><U69/><E73/><V88/><F38/><W65/><G50/><T14/><D1/><U86/><E107/><V80/><F115/><W93/><G100/><T74/><D74/><U79/><E99/><V97/><F112/><W117/><G105/><T18/><D85/><U129/><E129/><V34/><F34/><W119/><G23/><T106/><D106/><U21/><E36/><V71/><F71/><W12/><G117/><T98/><D95/><U35/><E45/><V20/><F132/><W53/><G53/><T30/><D62/><U8/><E8/><V55/><F9/><W94/><G94/><T19/><D19/><U57/><E70/><V39/><F92/><W77/><G77/><T124/><N who="0" m="47635" /><T84/><DORA hai="5" /><D84/><U37/><REACH who="1" step="1"/><E37/><REACH who="1" ten="230,230,342,188" step="2"/><V56/><F39/><W116/><G119/><T31/><D31/><U66/><E66/><V43/><F123/><W108/><REACH who="3" step="1"/><G116/><REACH who="3" ten="230,230,342,178" step="2"/><T104/><D104/><U128/><E128/><V133/><F121/><W3/><G3/><T17/><D98/><U81/><E81/><V82/><F80/><W51/><G51/><T29/><D96/><U6/><E6/><V103/><F97/><W130/><G130/><T2/><D2/><U122/><E122/><V60/><F133/><W67/><G67/><T134/><D134/><U90/><E90/><V76/><F88/><W91/><G91/><RYUUKYOKU ba="0,2" sc="230,10,230,10,342,-30,178,10" hai0="10,14,17,18,26,29,30,47,49,54" hai1="16,21,25,28,35,57,58,61,64,69,79,83,86" hai3="0,7,11,12,13,63,65,87,89,93,108,109,110" /><INIT seed="3,1,2,2,1,31" ten="240,240,312,188" oya="3" hai0="60,1,98,61,55,87,8,25,131,75,72,89,100" hai1="112,116,28,39,4,104,53,66,54,36,108,7,76" hai2="29,52,37,111,15,86,128,102,65,125,80,126,10" hai3="42,119,93,11,20,114,41,59,79,129,101,48,14"/><W46/><G114/><T118/><D118/><U62/><E104/><V24/><F37/><W120/><G119/><T26/><D131/><U30/><E76/><V70/><F102/><W97/><G120/><T135/><D135/><U71/><E62/><V67/><F52/><N who="3" m="32135" /><G129/><T44/><D8/><U51/><E51/><V133/><F128/><W34/><G34/><T12/><D12/><U38/><E66/><V23/><F133/><W5/><G79/><T22/><D26/><U35/><E116/><V33/><F33/><W21/><G46/><T91/><D1/><U58/><E58/><V121/><F121/><W110/><G110/><T64/><D75/><U123/><E38/><V127/><F70/><W56/><G56/><T105/><D72/><U106/><E71/><V73/><F73/><W9/><G9/><T2/><D2/><U113/><E106/><V92/><F111/><W45/><G45/><T74/><D74/><U69/><E69/><V83/><F92/><W32/><G32/><T49/><D64/><N who="2" m="24650" /><F86/><W17/><G20/><T63/><D87/><U40/><E35/><V124/><F124/><W94/><G93/><T13/><D105/><U90/><E108/><V107/><F107/><W3/><G3/><T77/><D77/><U0/><E0/><V47/><F47/><W19/><G5/><AGARI ba="1,2" hai="5,10,15,23,24,29,80,83,125,126,127" m="24650" machi="5" ten="30,1000,0" yaku="18,1" doraHai="31" who="2" fromWho="3" sc="240,0,240,0,312,33,188,-13" owari="240,4.0,240,-16.0,345,44.5,175,-32.5" /></mjloggm>