<mjloggm ver="2.3"><GO type="225" lobby="0"/><UN n0="%E3%81%BF%E3%81%BF%E3%81%9A" n1="%E3%83%8F%E3%82%AC%E3%82%BF%E3%82%AB%E3%81%AE%E3%81%88%E3%81%98%E3%81%8D" n2="%E9%B3%B3%E6%9D%B1%E3%81%AE%E3%81%86%E3%81%95%E3%81%8E%E3%81%95%E3%82%93" n3="%E6%81%A5%E6%99%92%E3%81%97" dan="18,17,17,16" rate="2228.06,2183.75,2214.92,2094.51" sx="M,M,M,M"/><TAIKYOKU oya="0"/><INIT seed="0,0,0,1,3,67" ten="250,250,250,250" oya="0" hai0="97,80,73,76,90,31,62,9,6,106,131,118,128" hai1="25,0,109,121,30,133,59,134,22,96,15,19,42" hai2="70,18,122,110,86,94,99,33,38,40,21,58,37" hai3="41,20,127,66,5,77,53,88,47,56,28,123,74"/><T103/><D118/><U12/><E121/><V8/><F122/><W46/><G127/><T108/><D31/><U24/><E42/><V91/><F33/><W54/><G123/><T84/><D62/><U36/><E36/><V4/><F110/><W32/><G32/><T135/><D108/><U34/><E96/><V71/><F58/><W93/><G77/><T112/><D112/><U130/><E59/><V119/><F119/><W48/><G74/><T75/><D135/><N who="1" m="51723" /><E109/><V43/><F43/><W95/><G95/><T64/><D64/><U17/><E130/><N who="0" m="49705" /><D76/><U113/><E113/><V105/><F38/><W81/><G5/><T98/><D98/><U44/><E44/><V114/><F40/><W69/><G41/><T104/><D106/><U51/><E51/><V61/><F37/><W16/><G66/><T23/><D23/><N who="1" m="11687" /><E0/><AGARI ba="0,0" hai="0,6,9,73,75,80,84,90,97,103,104" m="49705" machi="0" ten="30,1500,0" yaku="19,1" doraHai="67" who="0" fromWho="1" sc="250,15,250,-15,250,0,250,0" /><INIT seed="0,1,0,1,0,54" ten="265,235,250,250" oya="0" hai0="124,35,112,80,50,121,45,81,64,108,66,101,119" hai1="37,39,73,4,105,118,20,49,21,6,5,68,28" hai2="83,96,76,17,9,11,2,18,104,107,116,15,34" hai3="43,46,19,53,82,27,67,88,23,120,90,129,3"/><T89/><D112/><U8/><E118/><V99/><F116/><W36/><G129/><T131/><D119/><U58/><E68/><V100/><F34/><W42/><G120/><T56/><D121/><U57/><E105/><V95/><F99/><W109/><G109/><T77/><D35/><U78/><E8/><V97/><F97/><W0/><G67/><T87/><D108/><U63/><E49/><V117/><F117/><W48/><G43/><T127/><D101/><U60/><E78/><V111/><F111/><W30/><G30/><T133/><D133/><U125/><E28/><V44/><F44/><W102/><G102/><T31/><D31/><U114/><E6/><V79/><F79/><W33/><G33/><T126/><D131/><U12/><E12/><V132/><F132/><W24/><G24/><T98/><D56/><U115/><REACH who="1" step="1"/><E125/><REACH who="1" ten="265,225,250,250" step="2"/><V47/><F18/><W38/><G38/><T85/><REACH who="0" step="1"/><D98/><REACH who="0" ten="255,225,250,250" step="2"/><U41/><E41/><AGARI ba="1,2" hai="41,45,50,64,66,77,80,81,85,87,89,124,126,127" machi="41" ten="40,7700,0" yaku="1,1,2,1,18,1,53,0" doraHai="54" doraHaiUra="94" who="0" fromWho="1" sc="255,100,225,-80,250,0,250,0" /><INIT seed="0,2,0,0,5,86" ten="355,145,250,250" oya="0" hai0="76,70,24,123,97,9,53,127,128,67,15,124,75" hai1="23,93,129,41,29,44,39,113,107,36,43,58,10" hai2="72,12,101,48,106,114,65,119,56,40,122,118,74" hai3="30,63,0,49,100,1,6,121,13,59,84,68,130"/><T117/><D117/><N who="2" m="44554" /><F122/><W2/><G130/><T22/><D123/><U31/><E107/><V88/><F114/><W25/><G121/><T61/><D128/><U51/><E113/><V111/><F111/><W64/><G100/><T60/><D75/><U116/><E116/><V99/><F12/><W7/><G13/><T87/><D97/><U77/><E129/><V52/><F40/><W26/><G26/><T132/><D132/><U27/><E77/><V37/><F37/><W66/><G84/><T38/><D38/><U46/><E10/><V120/><F120/><W5/><G49/><T50/><D61/><U71/><E71/><V96/><F65/><W91/><G66/><T81/><D22/><U135/><E135/><V8/><F8/><W108/><G108/><T94/><D94/><AGARI ba="2,0" hai="48,52,56,72,74,88,94,96,99,101,106" m="44554" machi="94" ten="30,7700,0" yaku="12,1,52,1,54,2" doraHai="86" who="2" fromWho="0" sc="355,-83,145,0,250,83,250,0" /><INIT seed="1,0,0,1,5,54" ten="272,145,333,250" oya="1" hai0="113,98,53,121,0,70,50,9,72,115,12,78,6" hai1="124,59,134,81,105,61,42,85,5,13,26,71,45" hai2="122,43,96,17,108,84,38,109,39,3,131,8,47" hai3="123,63,79,24,135,41,92,52,65,69,114,56,73"/><U110/><E105/><V51/><F122/><W86/><G123/><T83/><D70/><U132/><E71/><V4/><F131/><W2/><G114/><T14/><D121/><U87/><E124/><V20/><F84/><W126/><G126/><T93/><D115/><U91/><E26/><N who="2" m="14607" /><F96/><W16/><G2/><T117/><D117/><U128/><E128/><V99/><F99/><W49/><G135/><N who="1" m="51754" /><E87/><V102/><F102/><W35/><G35/><T80/><D80/><U107/><E107/><V103/><F103/><W111/><G111/><AGARI ba="0,0" hai="3,4,8,38,39,43,47,51,108,109,111" m="14607" machi="111" ten="30,1000,0" yaku="14,1" doraHai="54" who="2" fromWho="3" sc="272,0,145,0,333,10,250,-10" /><INIT seed="2,0,0,2,5,20" ten="272,145,343,240" oya="2" hai0="95,32,87,85,77,133,0,4,120,63,69,16,118" hai1="33,62,5,99,53,45,59,78,51,23,130,36,26" hai2="44,84,60,125,104,27,74,86,71,24,105,25,97" hai3="131,34,73,28,88,41,112,2,132,94,7,111,8"/><V129/><F74/><W14/><G111/><T90/><D120/><U124/><E124/><V93/><F125/><W10/><G132/><T21/><D133/><U40/><E130/><V80/><F129/><W67/><G131/><T22/><D32/><U15/><E78/><V43/><F71/><W29/><G73/><T17/><D118/><U9/><E33/><V58/><F104/><W18/><G112/><T56/><D69/><U12/><E99/><V109/><F105/><W55/><G41/><T13/><D0/><U113/><E113/><V54/><F80/><W47/><G67/><T52/><D4/><U6/><E36/><V11/><F11/><W79/><G79/><T121/><D121/><U123/><E123/><V103/><REACH who="2" step="1"/><F109/><REACH who="2" ten="272,145,333,240" step="2"/><W76/><G8/><T61/><D77/><U119/><E119/><V42/><F42/><W39/><G76/><T107/><D107/><U89/><E89/><V68/><F68/><W50/><G10/><T46/><D46/><U128/><E128/><V49/><AGARI ba="0,1" hai="24,25,27,43,44,49,54,58,60,84,86,93,97,103" machi="49" ten="30,18000,2" yaku="1,1,0,1,8,1,52,3,53,0" doraHai="20" doraHaiUra="117" who="2" fromWho="2" sc="272,-60,145,-60,333,190,240,-60" /><INIT seed="2,1,0,2,5,118" ten="212,85,523,180" oya="2" hai0="24,8,46,36,54,125,65,0,59,18,44,98,68" hai1="3,19,79,6,96,89,109,17,16,22,2,34,77" hai2="38,10,131,130,14,103,76,85,57,112,72,95,45" hai3="30,113,90,26,71,69,63,97,99,28,92,53,1"/><V27/><F112/><W133/><G133/><T41/><D125/><U91/><E109/><V132/><F132/><W58/><G1/><T104/><D44/><U70/><E70/><V88/><F103/><W12/><G113/><T101/><D0/><U4/><E34/><V31/><F57/><W134/><G134/><T67/><D68/><U13/><E96/><V43/><F72/><W56/><G12/><T110/><D110/><U117/><E117/><V123/><F76/><W94/><G26/><T78/><D78/><U81/><E19/><V74/><F74/><W106/><G106/><T135/><D135/><U111/><E111/><V122/><F131/><W37/><G37/><T128/><D128/><U47/><E13/><V39/><F38/><W66/><G66/><T108/><D108/><U73/><E73/><V115/><F115/><W127/><G127/><T62/><D8/><U21/><REACH who="1" step="1"/><E47/><REACH who="1" ten="212,75,523,180" step="2"/><V126/><F130/><W52/><G69/><T7/><D18/><U55/><E55/><V84/><F126/><W32/><G32/><T48/><D67/><U5/><E5/><V129/><F129/><W9/><G71/><N who="0" m="42423" /><D7/><U75/><E75/><V11/><F85/><W82/><G53/><T20/><D54/><U119/><E119/><V80/><F14/><W120/><G52/><T93/><D46/><U102/><E102/><V124/><F124/><W35/><G35/><T64/><D98/><U40/><E40/><V33/><F80/><AGARI ba="1,1" hai="2,3,4,6,16,17,21,22,77,79,80,81,89,91" machi="80" ten="25,6400,0" yaku="1,1,22,2,54,1,53,0" doraHai="118" doraHaiUra="114" who="1" fromWho="2" sc="212,0,75,77,523,-67,180,0" /><INIT seed="3,0,0,1,3,110" ten="212,152,456,180" oya="3" hai0="102,25,59,13,90,15,85,66,58,64,21,22,39" hai1="53,3,33,61,62,131,118,93,18,27,103,56,52" hai2="28,41,82,132,87,73,130,134,31,104,89,122,26" hai3="55,29,49,117,113,78,23,8,67,30,129,97,46"/><W36/><G117/><T123/><D39/><U84/><E3/><V80/><F122/><W101/><G113/><T72/><D72/><U19/><E118/><V86/><F73/><W17/><G129/><T96/><D123/><U34/><E131/><V77/><F130/><W94/><G36/><T79/><D79/><U88/><E34/><V133/><F104/><W35/><G35/><T120/><D96/><N who="1" m="59791" /><E33/><N who="2" m="20631" /><F41/><W109/><G109/><T95/><D102/><U99/><E99/><V125/><F31/><W126/><G126/><AGARI ba="0,0" hai="77,80,82,86,87,89,125,126,132,133,134" m="20631" machi="126" ten="40,1300,0" yaku="20,1" doraHai="110" who="2" fromWho="3" sc="212,0,152,0,456,13,180,-13" owari="212,1.2,152,-34.8,469,56.9,167,-23.3" /></mjloggm>