<mjloggm ver="2.3"><GO type="225" lobby="0"/><UN n0="%E8%81%B7%E6%A5%AD%E3%80%81%E9%A2%A8%32" n1="%E9%89%A2%E5%B7%BB%E3%82%AC%E3%83%96" n2="%E3%83%AD%E3%83%83%E3%83%86%E9%9B%80%E7%90%83" n3="%72%61%6B%33" dan="16,16,17,18" rate="2186.29,2037.05,2224.65,2306.72" sx="M,M,M,M"/><TAIKYOKU oya="0"/><INIT seed="0,0,0,0,4,24" ten="250,250,250,250" oya="0" hai0="96,89,8,48,123,64,39,9,99,112,80,125,19" hai1="114,68,100,81,26,82,75,84,13,110,85,15,0" hai2="59,3,1,107,58,119,133,86,117,93,6,54,62" hai3="115,33,60,34,44,10,128,90,106,129,35,71,18"/><T87/><D123/><U61/><E0/><V51/><F133/><W53/><G106/><T4/><D112/><U91/><E110/><V76/><F107/><W65/><G115/><T20/><D39/><U56/><E114/><V46/><F59/><W67/><G67/><T16/><D125/><U122/><E122/><V104/><F104/><W101/><G101/><T116/><D116/><N who="2" m="44618" /><F6/><W7/><G90/><T88/><D64/><U31/><E75/><V113/><F113/><W70/><G18/><T49/><D4/><U126/><E126/><V11/><F11/><N who="0" m="4170" /><D19/><U120/><E100/><V77/><F93/><W38/><G71/><T45/><D89/><N who="1" m="51343" /><E68/><V103/><F103/><W95/><G38/><T23/><D23/><N who="1" m="15839" /><E120/><V73/><F73/><W52/><G7/><T42/><D49/><U127/><E127/><V105/><F105/><W41/><G34/><T97/><D99/><U17/><E17/><V37/><F37/><W131/><G35/><T43/><D42/><U111/><E111/><V36/><F36/><W132/><G33/><T79/><D79/><N who="2" m="30282" /><F86/><W27/><G70/><T21/><D21/><U72/><E72/><V47/><F51/><W124/><G124/><T40/><D43/><U66/><AGARI ba="0,0" hai="13,15,56,61,66,82,85,91" m="15839,51343" machi="66" ten="30,2000,0" yaku="8,1,52,1" doraHai="24" who="1" fromWho="1" sc="250,-10,250,20,250,-5,250,-5" /><INIT seed="1,0,0,4,5,97" ten="240,270,245,245" oya="1" hai0="127,52,37,90,104,39,89,44,76,100,75,88,8" hai1="22,60,18,32,33,107,26,111,61,16,62,120,24" hai2="94,83,3,17,2,101,43,124,46,119,14,114,51" hai3="28,134,63,80,68,42,93,7,21,116,53,131,113"/><U72/><E120/><V13/><F119/><W45/><G131/><T6/><D127/><U105/><E72/><V47/><F124/><W36/><G134/><T123/><D123/><U92/><E111/><V50/><F114/><W38/><G7/><T106/><D39/><U98/><E18/><V11/><F83/><W130/><G80/><T122/><D122/><U59/><E59/><V34/><F34/><W48/><G21/><T20/><D20/><U55/><E55/><V19/><F94/><W84/><G28/><T102/><D104/><U30/><REACH who="1" step="1"/><E32/><REACH who="1" ten="240,260,245,245" step="2"/><V126/><F126/><W40/><G53/><T109/><D109/><U81/><E81/><V9/><REACH who="2" step="1"/><F101/><AGARI ba="0,1" hai="16,22,24,26,30,33,60,61,62,92,98,101,105,107" machi="101" ten="40,7700,0" yaku="1,1,52,1,54,1,53,0" doraHai="97" doraHaiUra="65" who="1" fromWho="2" sc="240,0,260,87,245,-77,245,0" /><INIT seed="1,1,0,0,4,73" ten="240,347,168,245" oya="1" hai0="36,80,77,85,59,100,102,66,88,16,78,107,5" hai1="132,129,91,22,13,24,82,81,56,116,33,127,124" hai2="111,113,46,6,47,108,55,131,2,133,50,9,11" hai3="49,15,94,35,4,32,121,43,14,62,70,57,26"/><U75/><E116/><V27/><F131/><W69/><G121/><T119/><D36/><U25/><E129/><V115/><F133/><W97/><G49/><T83/><D119/><U3/><E3/><V12/><F47/><W41/><G57/><T0/><D107/><U128/><E13/><V92/><F92/><W109/><G94/><T21/><D5/><U101/><E91/><V95/><F95/><W103/><G62/><N who="0" m="38239" /><D0/><U8/><E22/><V117/><F117/><W1/><G26/><N who="0" m="14631" /><D83/><U84/><E81/><V126/><F27/><W71/><G4/><T134/><D134/><U29/><E75/><V18/><REACH who="2" step="1"/><F126/><REACH who="2" ten="240,347,158,245" step="2"/><W44/><G44/><T125/><D125/><U74/><E127/><V30/><F30/><W51/><G109/><AGARI ba="1,1" hai="2,6,9,11,12,18,46,50,55,108,109,111,113,115" machi="109" ten="40,2600,0" yaku="1,1,14,1,53,0" doraHai="73" doraHaiUra="63" who="2" fromWho="3" sc="240,0,347,0,158,39,245,-29" /><INIT seed="2,0,0,3,5,57" ten="240,347,197,216" oya="2" hai0="115,122,39,117,97,18,88,50,11,40,66,101,30" hai1="48,125,67,133,44,85,121,75,12,99,64,87,120" hai2="15,98,96,41,65,42,135,80,90,29,105,131,132" hai3="123,77,134,25,74,20,33,4,10,82,14,78,8"/><V23/><F131/><W109/><G109/><T51/><D115/><U106/><E75/><V69/><F69/><W54/><G134/><N who="2" m="51241" /><F65/><W37/><G123/><N who="1" m="47178" /><E133/><V92/><F80/><W6/><G37/><T127/><D122/><U113/><E113/><V60/><F60/><W24/><G78/><T9/><D117/><U118/><E118/><V84/><F15/><W124/><G124/><T56/><D127/><U73/><E73/><V62/><F62/><W71/><G33/><T119/><D119/><U129/><E129/><V100/><F98/><W43/><G43/><T2/><D40/><U81/><E12/><V108/><F108/><W36/><G36/><T128/><D39/><U89/><E125/><V112/><F112/><W16/><G71/><T45/><D128/><U103/><E85/><V114/><F114/><W34/><G34/><T49/><D2/><U22/><E67/><V26/><AGARI ba="0,0" hai="23,26,29,41,42,84,90,92,96,100,105" m="51241" machi="26" ten="30,1500,0" yaku="20,1" doraHai="57" who="2" fromWho="2" sc="240,-5,347,-5,197,15,216,-5" /><INIT seed="2,1,0,4,0,84" ten="235,342,212,211" oya="2" hai0="15,57,99,81,74,101,79,123,134,115,78,67,114" hai1="38,54,19,11,20,4,43,77,23,126,50,17,71" hai2="63,21,132,108,69,70,49,93,86,18,120,62,110" hai3="109,27,128,104,61,122,116,80,8,51,10,55,75"/><V121/><F132/><W89/><G116/><T83/><D123/><N who="2" m="47178" /><F93/><W41/><G122/><T129/><D134/><U24/><E126/><V5/><F86/><W64/><G109/><N who="2" m="42089" /><F5/><W52/><G128/><T98/><D129/><U39/><E77/><V26/><F49/><W119/><G119/><T95/><D15/><U6/><E6/><V29/><F18/><W76/><G104/><N who="0" m="63543" /><D57/><U82/><E50/><V133/><F133/><W107/><G107/><T125/><D67/><U58/><E17/><V85/><F85/><W112/><G112/><T111/><D125/><U92/><E19/><V46/><F46/><W36/><G51/><T28/><D28/><U9/><E92/><V56/><F63/><W12/><G61/><T88/><D111/><U44/><E4/><V22/><F21/><W47/><G47/><T0/><D0/><U32/><E44/><V31/><F29/><W37/><G37/><T35/><D35/><U73/><E32/><V68/><F68/><W53/><G36/><T13/><D13/><U87/><E71/><V117/><F117/><W3/><G12/><T2/><D2/><U94/><E39/><V124/><F124/><W65/><G3/><T135/><D135/><U14/><E38/><V48/><F48/><W72/><G8/><T1/><D1/><U33/><E9/><V60/><F60/><W103/><G10/><T40/><D40/><U34/><E11/><V91/><F91/><W100/><G89/><T97/><D97/><U66/><E43/><V105/><F105/><W130/><G41/><T45/><D45/><U30/><E23/><RYUUKYOKU ba="1,0" sc="235,15,342,-15,212,15,211,-15" hai0="74,78,79,81,83,88,95,99,114,115" hai2="22,26,31,56,62,69,70" /><INIT seed="2,2,0,1,5,95" ten="250,327,227,196" oya="2" hai0="34,133,27,46,56,88,15,98,14,81,130,41,31" hai1="39,67,70,112,97,20,61,127,48,120,68,131,10" hai2="47,33,122,17,63,99,132,13,54,107,38,45,23" hai3="69,11,83,57,108,124,89,4,113,62,28,25,7"/><V24/><F132/><W119/><G108/><T49/><D130/><U101/><E112/><V42/><F122/><W114/><G69/><T0/><D0/><U21/><E39/><V64/><F54/><W104/><G124/><T102/><D133/><U111/><E68/><V8/><F47/><W58/><G119/><T16/><D56/><U73/><E73/><V12/><F33/><W74/><G104/><T30/><D30/><U117/><E117/><V22/><F22/><W36/><G36/><T93/><D81/><U123/><E111/><V121/><F121/><N who="1" m="46665" /><E131/><V87/><F87/><W65/><G57/><T60/><D60/><U72/><E72/><V126/><F126/><W100/><G100/><T125/><D125/><U32/><E32/><V115/><F115/><W50/><G50/><T134/><D134/><U55/><E10/><V43/><F43/><W18/><G74/><T82/><D82/><U77/><E77/><V135/><F135/><W80/><G80/><T110/><D110/><U76/><E76/><V129/><F129/><W26/><G83/><T79/><D79/><U103/><E127/><V91/><F8/><W3/><G11/><T9/><D102/><N who="1" m="38923" /><E97/><V86/><F107/><W53/><G114/><T66/><D66/><U6/><E6/><V96/><F86/><W105/><G65/><T94/><D94/><U5/><E5/><V2/><F2/><W116/><G3/><T118/><D118/><U59/><AGARI ba="2,0" hai="20,21,48,55,59,61,67,70" m="38923,46665" machi="59" ten="30,1100,0" yaku="13,1" doraHai="95" who="1" fromWho="1" sc="250,-5,327,17,227,-7,196,-5" /><INIT seed="3,0,0,2,3,98" ten="245,344,220,191" oya="3" hai0="64,133,65,81,45,84,68,74,5,55,128,36,117" hai1="21,82,95,30,16,12,33,113,18,27,22,52,7" hai2="54,23,107,25,41,88,43,115,92,39,44,91,26" hai3="14,116,125,126,132,102,123,11,56,20,35,32,121"/><W61/><G56/><T8/><D117/><U124/><E113/><V15/><F115/><W106/><G61/><T69/><D74/><U9/><E124/><N who="3" m="47722" /><G106/><T6/><D6/><U3/><E82/><V2/><F2/><W111/><G102/><T108/><D68/><U71/><E71/><V17/><F107/><W42/><G42/><N who="2" m="15881" /><F39/><W19/><G116/><T66/><D69/><U1/><E52/><V67/><F67/><W118/><G118/><T73/><D64/><U72/><E95/><V87/><F91/><W76/><G76/><N who="0" m="44175" /><D55/><U59/><E59/><V60/><F60/><W100/><G100/><T112/><D65/><U120/><E120/><N who="3" m="46154" /><G132/><T104/><D133/><U47/><E47/><V37/><F37/><W97/><G97/><T129/><D104/><U4/><E72/><V53/><F53/><W135/><G135/><T119/><D66/><U38/><E38/><V83/><F83/><W86/><G86/><T62/><D119/><U77/><E77/><V57/><F57/><W93/><G93/><T90/><D36/><U89/><E89/><V130/><F130/><W75/><G75/><T24/><D129/><U109/><E1/><V34/><F34/><N who="3" m="12843" /><G111/><T63/><D108/><U99/><E109/><V131/><F131/><W49/><G49/><AGARI ba="0,0" hai="15,17,23,25,26,44,49,54,87,88,92" m="15881" machi="49" ten="30,2000,0" yaku="8,1,54,1" doraHai="98" who="2" fromWho="3" sc="245,0,344,0,220,20,191,-20" owari="245,4.5,344,44.4,240,-16.0,171,-32.9" /></mjloggm>