<mjloggm ver="2.3"><GO type="225" lobby="0"/><UN n0="%E3%82%A2%E3%83%BC%E3%83%A2%E3%83%AD%E3%83%BC%E3%83%B4%E3%82%A1" n1="%E6%B8%A9%E2%98%85%E6%83%85%E2%98%85%E6%8E%AA%E2%98%85%E7%BD%AE" n2="%E3%81%99%E3%81%84%E3%81%BE%E3%81%9B%E3%83%BC%E3%82%93" n3="%E3%81%AF%E3%82%88%E3%81%8A%E3%81%98%E3%81%95%E3%82%93" dan="16,18,18,17" rate="2103.58,2200.19,2220.26,2167.05" sx="M,M,M,M"/><TAIKYOKU oya="0"/><INIT seed="0,0,0,4,4,77" ten="250,250,250,250" oya="0" hai0="83,25,135,129,28,41,60,78,48,1,45,7,26" hai1="47,44,50,9,91,40,71,114,29,67,93,123,88" hai2="90,20,101,73,127,80,81,132,64,96,63,122,57" hai3="98,128,61,62,3,95,113,100,124,105,56,12,16"/><T86/><D135/><U68/><E123/><V133/><F122/><W99/><G113/><T118/><D118/><U46/><E114/><V58/><F127/><W112/><G112/><T49/><D129/><U55/><E29/><V42/><F42/><W103/><G124/><T59/><D49/><U84/><E67/><V116/><F116/><W23/><G128/><T11/><REACH who="0" step="1"/><D28/><REACH who="0" ten="240,250,250,250" step="2"/><U51/><E47/><V37/><F133/><W18/><G3/><T109/><D109/><U89/><E71/><V87/><F132/><W121/><G121/><T31/><D31/><U92/><E68/><V134/><F37/><W2/><G2/><T70/><D70/><U6/><REACH who="1" step="1"/><E93/><REACH who="1" ten="240,240,250,250" step="2"/><V5/><F134/><W126/><G126/><T36/><D36/><U54/><E54/><AGARI ba="0,2" hai="1,7,11,25,26,41,45,48,54,59,60,78,83,86" machi="54" ten="30,5800,0" yaku="1,1,7,1,52,1,53,0" doraHai="77" doraHaiUra="69" who="0" fromWho="1" sc="240,78,240,-58,250,0,250,0" /><INIT seed="0,1,0,0,1,87" ten="318,182,250,250" oya="0" hai0="86,108,43,31,3,14,131,28,15,8,96,20,36" hai1="117,83,111,72,122,116,120,55,79,16,40,107,97" hai2="113,52,65,89,7,47,118,37,50,104,110,109,11" hai3="74,68,2,129,61,133,13,32,12,66,27,18,5"/><T75/><D75/><U57/><E40/><V26/><F113/><W88/><G74/><T48/><D36/><U99/><E57/><V93/><F104/><W54/><G129/><T39/><D39/><U73/><E55/><V64/><F26/><W130/><G130/><T23/><D3/><U49/><E49/><V77/><F77/><W125/><G125/><T91/><D108/><N who="2" m="41578" /><F37/><W124/><G124/><T100/><D131/><U44/><E44/><V59/><F59/><W82/><G133/><T70/><D70/><U84/><E16/><V46/><F46/><W10/><G54/><T62/><D62/><U69/><E69/><V22/><F22/><N who="0" m="8234" /><D48/><U94/><E111/><V112/><F118/><N who="1" m="45673" /><E73/><V101/><F112/><W123/><G18/><N who="0" m="8519" /><D15/><U0/><E0/><N who="2" m="487" /><F101/><W33/><G13/><T9/><D9/><U51/><E51/><V45/><F45/><W41/><G12/><T128/><D43/><U71/><E71/><V127/><F127/><W34/><G27/><T134/><D128/><U85/><E107/><V30/><F30/><W80/><G41/><T114/><D114/><U95/><E72/><V76/><F65/><W53/><G53/><T38/><D38/><U42/><E42/><V126/><F64/><W98/><G34/><T19/><D19/><U121/><E95/><V105/><F105/><W4/><G4/><T58/><D58/><U115/><E115/><V17/><F126/><W106/><G106/><T24/><D24/><U56/><E56/><V25/><F25/><W60/><G68/><T21/><D28/><U119/><N who="1" m="45681" /><U103/><DORA hai="35" /><E103/><RYUUKYOKU ba="1,0" sc="318,-10,182,30,250,-10,250,-10" hai1="79,83,84,85,94,97,99,120,121,122" /><INIT seed="1,2,0,2,1,126" ten="308,212,240,240" oya="1" hai0="98,19,63,71,131,115,7,43,69,77,13,33,132" hai1="119,56,75,70,99,47,130,38,61,5,15,129,80" hai2="22,4,49,30,105,123,85,109,89,11,16,41,104" hai3="2,26,53,24,72,78,97,58,110,51,25,102,42"/><U117/><E70/><V65/><F123/><W121/><G121/><T124/><D115/><U3/><E99/><V87/><F30/><W36/><G110/><T76/><D33/><U86/><E75/><V81/><F65/><W32/><G2/><T103/><D124/><U35/><E3/><V106/><F109/><W17/><G32/><T54/><D7/><U92/><E92/><V135/><F135/><W37/><G42/><T120/><D43/><N who="1" m="23031" /><E35/><V66/><F66/><W91/><G91/><T6/><D6/><U79/><E15/><V94/><F49/><W108/><G108/><T100/><D132/><U0/><E5/><V1/><F41/><W20/><G78/><T23/><D120/><U9/><E9/><V93/><REACH who="2" step="1"/><F87/><REACH who="2" ten="308,212,230,240" step="2"/><W125/><G72/><T118/><D69/><U40/><E40/><V122/><F122/><W57/><G125/><T111/><D71/><U88/><E0/><V45/><F45/><W134/><G134/><T62/><D111/><U21/><E56/><V96/><F96/><W114/><G114/><T14/><D98/><U74/><E61/><V82/><F82/><W83/><G83/><T112/><D112/><U55/><E55/><V50/><F50/><W133/><G133/><T52/><D62/><U127/><E127/><V59/><F59/><W60/><G37/><T107/><D63/><U44/><E44/><V48/><F48/><W68/><G36/><T12/><D54/><U29/><E74/><V39/><F39/><W73/><G73/><T46/><D52/><U27/><E79/><V10/><F10/><W64/><G68/><RYUUKYOKU ba="2,1" sc="308,-30,212,10,230,10,240,10" hai1="21,27,29,80,86,88,117,119,129,130" hai2="1,4,11,16,22,81,85,89,93,94,104,105,106" hai3="17,20,24,25,26,51,53,57,58,60,64,97,102" /><INIT seed="1,3,1,1,4,74" ten="278,222,240,250" oya="1" hai0="126,62,28,121,29,64,72,9,45,82,60,12,130" hai1="37,49,128,111,19,57,46,61,131,70,81,22,0" hai2="104,23,8,69,105,100,14,65,31,77,97,108,94" hai3="18,16,5,109,119,102,47,106,117,127,25,91,135"/><U35/><E35/><V11/><F108/><W73/><G109/><T20/><D130/><N who="1" m="49707" /><E111/><V98/><F77/><W59/><G73/><T15/><D126/><U54/><E0/><V116/><F116/><N who="3" m="44619" /><G127/><T2/><D2/><U113/><E113/><V44/><F44/><W43/><G135/><T101/><D121/><U92/><E92/><V30/><F8/><W87/><G5/><T6/><D101/><U68/><E81/><V66/><F23/><W107/><G59/><T40/><D82/><U89/><E89/><V96/><F105/><N who="3" m="39947" /><G25/><T132/><D132/><U4/><E4/><V112/><F112/><W1/><G102/><T124/><D124/><U76/><E76/><V13/><F104/><W51/><G1/><T114/><D114/><U10/><E10/><V33/><F14/><W21/><G21/><T103/><D103/><U38/><E68/><V80/><F33/><W134/><G134/><T118/><D118/><U129/><N who="1" m="49715" /><U86/><DORA hai="122" /><E70/><V110/><F110/><W133/><G133/><T115/><D115/><U78/><E22/><V50/><F69/><W39/><G39/><T90/><D20/><U85/><E19/><V58/><F100/><W71/><G71/><T63/><D15/><U7/><E7/><V93/><F13/><W84/><G84/><N who="1" m="32362" /><E78/><V95/><F11/><W55/><G43/><AGARI ba="3,1" hai="37,38,43,46,49,54,57,61" m="32362,49715" machi="43" ten="40,2000,0" yaku="19,1" doraHai="74,122" who="1" fromWho="3" sc="278,0,222,39,240,0,250,-29" /><INIT seed="1,4,0,5,1,101" ten="278,261,240,221" oya="1" hai0="115,51,74,27,111,54,48,96,38,2,17,55,56" hai1="114,85,112,70,20,29,40,35,58,9,129,127,77" hai2="19,23,119,67,120,128,11,25,31,133,100,28,46" hai3="7,39,69,18,13,15,126,89,130,76,91,21,78"/><U63/><E70/><V45/><F119/><W94/><G39/><T75/><D115/><U124/><E35/><V98/><F120/><W60/><G126/><N who="1" m="48170" /><E40/><V116/><F116/><W88/><G130/><T107/><D38/><U52/><E9/><V22/><F128/><W93/><G69/><T118/><D2/><U16/><E29/><V97/><F133/><W43/><G43/><T62/><D111/><U4/><E4/><V110/><F110/><W12/><G60/><T122/><D62/><U117/><E129/><V50/><F11/><W105/><G105/><T106/><D122/><U49/><E117/><V42/><F67/><W65/><G65/><T34/><D118/><U99/><E99/><V81/><F98/><W26/><REACH who="3" step="1"/><G7/><REACH who="3" ten="278,261,240,211" step="2"/><T36/><D36/><U68/><E63/><V134/><F42/><W5/><G5/><T84/><D106/><U95/><E68/><V61/><F61/><W103/><G103/><T80/><D107/><U0/><E0/><V135/><F100/><W73/><G73/><T53/><D74/><U10/><E114/><V66/><F66/><W1/><G1/><T72/><D75/><U57/><E112/><V113/><F113/><W86/><G86/><T33/><D72/><U104/><E85/><V82/><F135/><W30/><G30/><T24/><D96/><U71/><E104/><V14/><F97/><W102/><G102/><T109/><D109/><U125/><E71/><V79/><F134/><W64/><G64/><T123/><D123/><U32/><E125/><V41/><F31/><W37/><G37/><T8/><D84/><RYUUKYOKU ba="4,1" sc="278,-10,261,-10,240,-10,211,30" hai3="12,13,15,18,21,26,76,78,88,89,91,93,94" /><INIT seed="2,5,1,3,3,64" ten="268,251,230,241" oya="2" hai0="43,98,49,75,67,8,92,111,93,125,21,32,17" hai1="121,99,88,97,56,63,51,42,128,126,78,133,11" hai2="135,0,6,14,73,102,95,24,118,70,65,90,61" hai3="9,80,127,82,104,47,96,3,34,36,20,129,123"/><V28/><F118/><W33/><G123/><T27/><D75/><U77/><E121/><V109/><F73/><W44/><G127/><T101/><D125/><U45/><E126/><V94/><F0/><W53/><G129/><T68/><D111/><U114/><E114/><V22/><F109/><W58/><G20/><T116/><D116/><U66/><E128/><V106/><F135/><W19/><G104/><T37/><D37/><U18/><E133/><V55/><F55/><W35/><G96/><N who="1" m="36938" /><E88/><V119/><F119/><W124/><G124/><T134/><D134/><U50/><E50/><V23/><F106/><W72/><G36/><T38/><D38/><U59/><E56/><V122/><F122/><W103/><G103/><T83/><D32/><U15/><AGARI ba="5,1" hai="11,15,18,42,45,51,59,63,66,77,78" m="36938" machi="15" ten="30,1100,0" yaku="8,1" doraHai="64" who="1" fromWho="1" sc="268,-8,251,36,230,-10,241,-8" /><INIT seed="3,0,0,3,0,43" ten="260,287,220,233" oya="3" hai0="73,50,106,33,59,69,83,27,51,65,67,47,134" hai1="105,5,62,94,41,46,18,129,40,96,115,93,110" hai2="116,66,63,30,130,123,127,22,31,89,44,45,49" hai3="92,91,55,36,1,56,10,104,119,32,125,71,121"/><W3/><G121/><T84/><D73/><U122/><E115/><V81/><F116/><W107/><G119/><T128/><D106/><U112/><E112/><V68/><F123/><W39/><G71/><T37/><D37/><U12/><E122/><V80/><F127/><W64/><G32/><T82/><D69/><U102/><E110/><V99/><F130/><W54/><G64/><T103/><D103/><U87/><E5/><V61/><F49/><W9/><G125/><T20/><D33/><U90/><E129/><V111/><F111/><W23/><G23/><T26/><D134/><U100/><E62/><N who="2" m="23563" /><F66/><N who="0" m="25098" /><D128/><U117/><E117/><V21/><F68/><W13/><G56/><T74/><D74/><U98/><REACH who="1" step="1"/><E46/><REACH who="1" ten="260,277,220,233" step="2"/><N who="2" m="18027" /><F21/><AGARI ba="0,1" hai="12,18,21,40,41,87,90,93,94,96,98,100,102,105" machi="21" ten="30,2000,0" yaku="1,1,7,1,53,0" doraHai="43" doraHaiUra="29" who="1" fromWho="2" sc="260,0,277,30,220,-20,233,0" owari="260,6.0,307,40.7,200,-30.0,233,-16.7" /></mjloggm>