<mjloggm ver="2.3"><GO type="225" lobby="0"/><UN n0="%E8%81%B7%E6%A5%AD%E3%80%81%E9%A2%A8%32" n1="%E3%83%A9%E3%83%B3%E3%83%8A%E3%83%BC%E3%83%A9%E3%83%B3%E3%83%8A%E3%83%BC" n2="%E5%AF%82%E5%AF%9E%E3%82%AE%E3%83%8D%E3%82%B9%E3%83%93%E3%83%BC%E3%83%AB" n3="%E6%80%AA%E3%81%97%E3%81%99%E3%81%8E%E3%82%8B%E3%83%81%E3%83%BC" dan="16,16,16,16" rate="2120.42,2171.12,2183.06,2175.07" sx="M,M,M,M"/><TAIKYOKU oya="0"/><INIT seed="0,0,0,3,3,10" ten="250,250,250,250" oya="0" hai0="91,38,132,128,74,134,110,99,45,133,81,40,49" hai1="36,55,122,126,124,35,23,54,58,78,118,48,46" hai2="115,43,125,98,111,32,0,67,60,42,25,82,44" hai3="62,71,97,53,20,131,107,63,101,33,47,127,19"/><T103/><D128/><U39/><E35/><V34/><F115/><W105/><G33/><T5/><D110/><U117/><E78/><V12/><F0/><W18/><G131/><T30/><D30/><U120/><E23/><V100/><F111/><W41/><G127/><N who="1" m="48682" /><E39/><V96/><F125/><W17/><G107/><T64/><D64/><U83/><E83/><V28/><F34/><W72/><G72/><T114/><D114/><U29/><E29/><V75/><F98/><W9/><G9/><T73/><D5/><U31/><E31/><V8/><F44/><W68/><G20/><T51/><D74/><U24/><E24/><V65/><F82/><W37/><REACH who="3" step="1"/><G53/><REACH who="3" ten="250,250,250,240" step="2"/><T112/><D112/><U11/><E11/><V77/><F75/><W84/><G84/><N who="0" m="50575" /><D73/><U56/><E55/><V113/><F113/><W109/><G109/><T123/><D123/><N who="1" m="47147" /><E36/><V106/><F67/><W61/><AGARI ba="0,1" hai="17,18,19,37,41,47,61,62,63,68,71,97,101,105" machi="61" ten="30,2000,0" yaku="1,1,0,1,53,0" doraHai="10" doraHaiUra="87" who="3" fromWho="3" sc="250,-10,250,-5,250,-5,240,30" /><INIT seed="1,0,0,5,2,13" ten="240,245,245,270" oya="1" hai0="18,9,89,69,33,57,77,94,24,41,3,6,119" hai1="25,90,103,53,48,125,129,135,82,122,19,85,117" hai2="68,50,79,26,95,101,37,97,66,127,78,83,43" hai3="30,99,105,65,59,36,133,52,34,132,73,49,31"/><U128/><E117/><V29/><F37/><W1/><G1/><T109/><D109/><U17/><E122/><V45/><F127/><W120/><G120/><T4/><D69/><U62/><E125/><V71/><F66/><W54/><G73/><T88/><D119/><U60/><E135/><N who="3" m="51786" /><G36/><T131/><D131/><N who="1" m="50251" /><E103/><V93/><F93/><W84/><G34/><T64/><D6/><U92/><E92/><V44/><F44/><N who="3" m="27687" /><G84/><T20/><D33/><U38/><E25/><V113/><F78/><W126/><G65/><T108/><D108/><U8/><E8/><V67/><F67/><W7/><G7/><T47/><D77/><U28/><E28/><V15/><F113/><W23/><G23/><T121/><D121/><U5/><E5/><V14/><F71/><W55/><G126/><T123/><D123/><U32/><E32/><V46/><F68/><W111/><G111/><T22/><D22/><U112/><E38/><V10/><F10/><W107/><G107/><T76/><D76/><U98/><E98/><V2/><F2/><W0/><G0/><T11/><D11/><U134/><E112/><V58/><F79/><W118/><G118/><T130/><D130/><U91/><E134/><V61/><F97/><W110/><G110/><T42/><D94/><U115/><E115/><V12/><F95/><W114/><G114/><T116/><D116/><U80/><E80/><V100/><F83/><W72/><G72/><T51/><D42/><U124/><E124/><V16/><F43/><W39/><G105/><T106/><D106/><U96/><E96/><V63/><F101/><RYUUKYOKU ba="0,0" sc="240,30,245,-10,245,-10,270,-10" hai0="3,4,9,18,20,24,41,47,51,57,64,88,89" /><INIT seed="2,1,0,0,1,28" ten="270,235,235,260" oya="2" hai0="89,71,11,133,13,37,10,111,59,43,108,18,123" hai1="65,23,62,109,36,87,39,5,73,14,44,42,45" hai2="47,2,113,3,9,19,124,103,61,106,127,126,79" hai3="55,16,74,101,99,4,34,68,30,15,57,7,92"/><V27/><F113/><W17/><G68/><T70/><D123/><U88/><E73/><V29/><F79/><W72/><G74/><T25/><D133/><U31/><E109/><N who="0" m="42057" /><D37/><U94/><E31/><V121/><F121/><W40/><G72/><T0/><D43/><U97/><E45/><V116/><F61/><W12/><G40/><T132/><D132/><U84/><E39/><V90/><F90/><W105/><G34/><T6/><D59/><U48/><E36/><V46/><F116/><W104/><G30/><T112/><D112/><U52/><E42/><V35/><F19/><N who="3" m="7243" /><G104/><T33/><D33/><U64/><E23/><V107/><F2/><W32/><G32/><T96/><D25/><U58/><REACH who="1" step="1"/><E65/><REACH who="1" ten="270,225,235,260" step="2"/><V67/><F67/><W41/><G41/><T102/><D89/><U69/><E69/><V115/><F115/><W50/><G105/><AGARI ba="1,1" hai="0,6,10,11,13,18,70,71,96,102,105" m="42057" machi="105" ten="30,1000,0" yaku="14,1" doraHai="28" who="0" fromWho="3" sc="270,23,225,0,235,0,260,-13" /><INIT seed="3,0,0,5,4,124" ten="293,225,235,247" oya="3" hai0="134,125,27,70,111,39,40,135,131,109,106,31,20" hai1="13,89,84,5,120,94,15,104,81,92,8,122,116" hai2="52,75,36,59,55,83,119,74,53,114,19,67,102" hai3="68,38,42,33,121,71,132,28,11,57,30,66,123"/><W101/><G132/><N who="0" m="50731" /><D131/><U18/><E104/><V26/><F114/><W51/><G101/><T108/><D70/><U34/><E34/><V99/><F119/><W69/><G33/><T6/><D125/><U93/><REACH who="1" step="1"/><E116/><REACH who="1" ten="293,215,235,247" step="2"/><V133/><F133/><W0/><G121/><T45/><D106/><U60/><E60/><V58/><F75/><W2/><G123/><T86/><D6/><U16/><E16/><V65/><F19/><W9/><G28/><T88/><D111/><U46/><E46/><V98/><F74/><W12/><G30/><T47/><D47/><U130/><E130/><V64/><F59/><W113/><G57/><T62/><D62/><U24/><E24/><V63/><F26/><W61/><G113/><T90/><D90/><U54/><E54/><V21/><F55/><W77/><G69/><T96/><D96/><U105/><E105/><V107/><F99/><W48/><G68/><T117/><D117/><U25/><E25/><V43/><F53/><W23/><G71/><T56/><D56/><U49/><E49/><V100/><F52/><W7/><G51/><T87/><D88/><U79/><E79/><V22/><F58/><N who="3" m="37175" /><G77/><T91/><D91/><U17/><E17/><V76/><F63/><W50/><G48/><T112/><D112/><U37/><E37/><V82/><F102/><W95/><G50/><T10/><D109/><U129/><E129/><V44/><F76/><W85/><G38/><T29/><D108/><U73/><E73/><V78/><F78/><W128/><G128/><T3/><D31/><U72/><E72/><V32/><F32/><RYUUKYOKU ba="0,1" sc="293,10,215,10,235,10,247,-30" hai0="3,10,20,27,29,39,40,45,86,87" hai1="5,8,13,15,18,81,84,89,92,93,94,120,122" hai2="21,22,36,43,44,64,65,67,82,83,98,100,107" owari="313,41.3,225,-17.5,245,4.5,217,-28.3" /></mjloggm>