<mjloggm ver="2.3"><GO type="225" lobby="0"/><UN n0="%6D%75%75%73%61%6E%6D%75" n1="%E3%80%93%E3%81%97%E3%83%BC%E3%82%89%E3%80%93" n2="%E6%98%BC%E4%B8%8B%E3%81%8C%E3%82%8A%E3%81%AE%E5%9B%A3%E5%9C%B0%E5%A6%BB" n3="%E3%81%AF%E3%82%88%E3%81%8A%E3%81%98%E3%81%95%E3%82%93" dan="16,16,16,17" rate="2121.02,2109.96,2157.15,2192.47" sx="F,M,F,M"/><TAIKYOKU oya="0"/><INIT seed="0,0,0,4,1,65" ten="250,250,250,250" oya="0" hai0="135,68,58,133,87,80,96,13,126,18,56,118,132" hai1="0,21,26,22,108,61,110,51,8,99,50,43,55" hai2="76,1,38,107,102,71,7,36,49,78,93,84,6" hai3="106,67,122,35,109,66,19,70,81,120,92,62,131"/><T74/><D118/><U3/><E61/><V116/><F107/><W45/><G106/><T9/><D74/><U42/><E99/><V124/><F49/><N who="1" m="18441" /><E55/><V113/><F1/><N who="1" m="585" /><E8/><V72/><F72/><W44/><G35/><T103/><D126/><U12/><E12/><V4/><F4/><W30/><G30/><T98/><D68/><U100/><E26/><V130/><F116/><W101/><G19/><T90/><REACH who="0" step="1"/><D98/><REACH who="0" ten="240,250,250,250" step="2"/><U34/><E34/><V39/><F71/><W11/><G70/><T23/><D23/><N who="1" m="8715" /><E100/><V115/><F102/><W75/><G101/><T52/><D52/><U77/><E77/><V17/><F76/><W31/><G75/><T2/><D2/><U15/><E15/><V119/><F78/><W97/><G97/><T123/><D123/><U128/><E128/><V69/><F130/><W86/><G131/><T24/><D24/><U114/><E114/><V125/><F115/><W27/><G27/><T94/><AGARI ba="0,1" hai="9,13,18,56,58,80,87,90,94,96,103,132,133,135" machi="94" ten="30,12000,1" yaku="1,1,0,1,20,1,53,2" doraHai="65" doraHaiUra="53" who="0" fromWho="0" sc="240,130,250,-40,250,-40,250,-40" /><INIT seed="0,1,0,1,4,55" ten="370,210,210,210" oya="0" hai0="28,20,21,30,37,62,56,84,16,102,36,0,10" hai1="60,75,107,131,121,57,86,106,67,96,27,11,12" hai2="109,33,70,69,40,80,59,15,49,101,38,65,24" hai3="13,103,99,104,8,26,7,122,111,92,53,108,76"/><T5/><D102/><U128/><E75/><V87/><F109/><N who="3" m="42059" /><G122/><T71/><D71/><U135/><E121/><V32/><F101/><W35/><G76/><T88/><D20/><U68/><E135/><V41/><F15/><W50/><G26/><T98/><D98/><U31/><E86/><V89/><F24/><W2/><G35/><T127/><D37/><U3/><E3/><V83/><F83/><W48/><G48/><T112/><D36/><U105/><E96/><V94/><F80/><W100/><G100/><T74/><D74/><U85/><E85/><V132/><F132/><W6/><G2/><T34/><D34/><U66/><E66/><V58/><F38/><W120/><G120/><T81/><D127/><U72/><E68/><V134/><F134/><W78/><G78/><T125/><D112/><U25/><E72/><V113/><F113/><W123/><G123/><T64/><D125/><U22/><REACH who="1" step="1"/><E27/><AGARI ba="1,0" hai="0,5,10,16,21,27,28,30,56,62,64,81,84,88" machi="27" ten="30,11600,0" yaku="7,1,52,1,54,2" doraHai="55" who="0" fromWho="1" sc="370,119,210,-119,210,0,210,0" /><INIT seed="0,2,0,1,3,84" ten="489,91,210,210" oya="0" hai0="87,2,72,56,120,110,90,22,17,132,81,94,60" hai1="1,100,111,73,69,83,129,49,93,65,96,53,79" hai2="29,28,127,123,57,134,11,106,62,61,52,34,7" hai3="119,114,116,38,41,85,30,20,63,18,125,6,35"/><T95/><D120/><U128/><E1/><V112/><F123/><W105/><G114/><T113/><D2/><U16/><E111/><V108/><F112/><W68/><G105/><T46/><D113/><U71/><E65/><V74/><F74/><W133/><G6/><T89/><D110/><U45/><REACH who="1" step="1"/><E16/><REACH who="1" ten="489,81,210,210" step="2"/><V32/><F108/><W40/><G18/><T80/><D17/><U64/><E64/><V118/><F7/><W27/><G27/><T31/><D22/><U21/><E21/><V14/><F14/><W59/><G20/><T115/><D115/><U67/><E67/><V76/><F34/><W23/><G23/><T24/><D24/><U78/><E78/><V70/><F76/><W19/><G19/><T104/><D31/><U25/><E25/><V86/><F32/><W135/><G30/><T99/><D72/><U42/><E42/><V9/><F28/><W124/><G35/><T121/><D121/><U126/><E126/><V36/><F127/><W54/><G124/><T48/><D132/><U102/><E102/><V51/><F134/><W66/><G125/><T109/><D109/><U117/><E117/><V0/><F118/><W5/><G116/><T91/><D104/><U88/><E88/><V39/><F106/><W10/><G119/><T82/><D90/><U92/><E92/><V47/><F0/><N who="3" m="295" /><G40/><N who="0" m="24647" /><D94/><U55/><E55/><AGARI ba="2,1" hai="55,56,60,80,81,82,87,89,91,95,99" m="24647" machi="55" ten="30,5800,0" yaku="8,1,52,2" doraHai="84" who="0" fromWho="1" sc="489,74,81,-64,210,0,210,0" /><INIT seed="0,3,0,0,4,87" ten="563,17,210,210" oya="0" hai0="127,10,103,21,84,54,102,110,19,5,27,48,129" hai1="125,38,61,80,111,50,72,106,96,3,13,56,58" hai2="85,92,118,134,70,71,29,28,35,76,42,105,40" hai3="53,65,135,45,34,121,79,123,113,120,94,68,101"/><T126/><D129/><U55/><E38/><V82/><F105/><W22/><G34/><T25/><D25/><U130/><E3/><V95/><F134/><W59/><G113/><T23/><D23/><U60/><E130/><V52/><F118/><W1/><G1/><T11/><D110/><U133/><E133/><V49/><F71/><W112/><G112/><T37/><D37/><U63/><E111/><V57/><F70/><W78/><G135/><T100/><D84/><U12/><E125/><N who="0" m="47625" /><D5/><U74/><E106/><V108/><F108/><W131/><G131/><T66/><D66/><U77/><E74/><V89/><F92/><W44/><G22/><T33/><D33/><U46/><REACH who="1" step="1"/><E96/><REACH who="1" ten="563,7,210,210" step="2"/><N who="2" m="57455" /><F35/><W6/><G120/><T47/><AGARI ba="3,1" hai="10,11,19,21,27,47,48,54,100,102,103" m="47625" machi="47" ten="30,1500,0" yaku="18,1" doraHai="87" who="0" fromWho="0" sc="563,34,7,-8,210,-8,210,-8" owari="597,69.7,-1,-50.1,202,0.2,202,-19.8" /></mjloggm>