<mjloggm ver="2.3"><GO type="225" lobby="0"/><UN n0="%E3%81%8A%E3%81%8B%E3%81%8F%E3%82%89" n1="%E5%BE%80%E5%B9%B4%E3%81%AE%E3%82%B4%E3%83%AA%E3%83%A9" n2="%72%69%6F%75%63%68%61%6E" n3="%E9%B3%B3%E6%9D%B1%E3%81%AE%E3%81%86%E3%81%95%E3%81%8E%E3%81%95%E3%82%93" dan="17,16,17,16" rate="2107.64,2120.00,2165.49,2125.61" sx="M,M,M,M"/><TAIKYOKU oya="0"/><INIT seed="0,0,0,2,0,82" ten="250,250,250,250" oya="0" hai0="105,30,11,127,64,116,111,125,88,46,97,10,135" hai1="130,51,83,31,95,53,87,80,50,32,104,39,84" hai2="73,65,20,15,71,13,7,121,75,24,123,42,6" hai3="110,85,122,58,131,49,33,44,94,5,133,21,100"/><T8/><D116/><U45/><E104/><V112/><F112/><W3/><G33/><T134/><D64/><U4/><E39/><V120/><F42/><W14/><G110/><T81/><D111/><U78/><E130/><V63/><F15/><W109/><G109/><T107/><D30/><U67/><E67/><V68/><F68/><W37/><G3/><T124/><D46/><U28/><E32/><V23/><F7/><W113/><G133/><N who="0" m="50699" /><D97/><U114/><E114/><V38/><F38/><W40/><G122/><T29/><D29/><U132/><E132/><V48/><F48/><W115/><G131/><T79/><D88/><U92/><E45/><V9/><REACH who="2" step="1"/><F23/><REACH who="2" ten="250,250,240,250" step="2"/><W47/><G21/><T126/><D124/><U19/><E51/><V17/><AGARI ba="0,1" hai="6,9,13,17,20,24,63,65,71,73,75,120,121,123" machi="17" ten="30,7900,0" yaku="1,1,2,1,0,1,53,1" doraHai="82" doraHaiUra="0" who="2" fromWho="2" sc="250,-39,250,-20,240,89,250,-20" /><INIT seed="1,0,0,3,5,131" ten="211,230,329,230" oya="1" hai0="20,128,93,18,22,116,130,95,111,75,16,21,62" hai1="32,70,29,24,9,119,45,86,4,26,105,47,77" hai2="85,17,55,8,12,30,71,6,125,37,91,41,69" hai3="83,11,103,126,14,84,107,1,59,124,15,3,133"/><U60/><E119/><V5/><F125/><N who="3" m="48235" /><G133/><T2/><D116/><U38/><E26/><V48/><F30/><W23/><G23/><T129/><D75/><U57/><E70/><V64/><F37/><W36/><G36/><T28/><D111/><U100/><E38/><V68/><F41/><W42/><G42/><T50/><D2/><N who="3" m="521" /><G59/><T34/><D50/><U98/><E9/><V97/><F97/><N who="3" m="61935" /><G11/><T109/><D109/><U135/><E135/><V25/><F64/><W90/><AGARI ba="0,0" hai="14,15,83,84,90" m="61935,521,48235" machi="90" ten="30,1100,0" yaku="18,1" doraHai="131" who="3" fromWho="3" sc="211,-3,230,-5,329,-3,230,11" /><INIT seed="2,0,0,3,4,43" ten="208,225,326,241" oya="2" hai0="125,34,126,36,12,118,115,97,82,4,91,78,56" hai1="55,10,103,132,19,129,58,114,33,107,85,104,39" hai2="131,28,111,23,80,83,63,41,74,7,22,61,24" hai3="109,94,8,45,86,69,67,112,53,48,99,5,119"/><V113/><F131/><W79/><G109/><T47/><D115/><U42/><E114/><V14/><F113/><W70/><G119/><T98/><D34/><U15/><E129/><V52/><F111/><W3/><G112/><T18/><D4/><U50/><E33/><V87/><F41/><W17/><G67/><T57/><D118/><U44/><E132/><V108/><F108/><W130/><G130/><T64/><D91/><U71/><E103/><V2/><F74/><W117/><G117/><T100/><D36/><U38/><E38/><V13/><F83/><W9/><G9/><T68/><D68/><U59/><E59/><V90/><F23/><W116/><G17/><T128/><D128/><U46/><E71/><V72/><F72/><W20/><G20/><T102/><D64/><U75/><E75/><V105/><F105/><W120/><G120/><T106/><D126/><U32/><E32/><V11/><REACH who="2" step="1"/><F63/><REACH who="2" ten="208,225,316,241" step="2"/><W123/><G116/><T51/><D125/><U95/><E107/><V60/><F60/><W127/><G127/><T35/><D35/><U65/><E104/><V135/><F135/><W31/><G123/><T62/><D62/><U110/><E110/><V30/><F30/><W1/><G31/><T49/><D82/><U96/><E65/><V84/><F84/><W37/><G86/><T81/><D81/><U88/><E85/><V124/><F124/><W121/><G121/><T16/><D106/><U93/><E93/><V92/><F92/><W40/><G94/><T77/><D12/><U133/><E133/><V134/><F134/><W0/><G0/><RYUUKYOKU ba="0,1" sc="208,10,225,10,316,10,241,-30" hai0="16,18,47,49,51,56,57,77,78,97,98,100,102" hai1="10,15,19,39,42,44,46,50,55,58,88,95,96" hai2="2,7,11,13,14,22,24,28,52,61,80,87,90" /><INIT seed="2,1,1,4,2,39" ten="218,235,326,211" oya="2" hai0="19,77,20,40,22,121,97,115,62,36,43,73,84" hai1="45,75,89,18,108,95,92,107,17,3,122,37,30" hai2="42,113,21,116,96,130,65,106,71,102,61,50,25" hai3="57,104,53,112,46,28,124,91,111,127,44,63,74"/><V0/><F113/><W8/><G111/><T31/><D73/><U27/><E107/><V16/><F116/><W70/><G112/><T88/><D36/><U118/><E118/><V49/><F130/><W128/><G128/><T90/><D121/><U78/><E108/><V9/><REACH who="2" step="1"/><F42/><REACH who="2" ten="218,235,316,211" step="2"/><N who="0" m="15914" /><D115/><U134/><E122/><V100/><F100/><W93/><G127/><T34/><D34/><U52/><E37/><V125/><F125/><W58/><G124/><T126/><D126/><U114/><E114/><V83/><F83/><W85/><G74/><T67/><D97/><U99/><E99/><V81/><F81/><W98/><G98/><T133/><D133/><U13/><E134/><V103/><F103/><W14/><G85/><T132/><D132/><U7/><E75/><V109/><F109/><W129/><G129/><T80/><D31/><U86/><E30/><V33/><F33/><W23/><G28/><T123/><D123/><U69/><E86/><V131/><F131/><W79/><G104/><T105/><D105/><U55/><E95/><V101/><F101/><W6/><G93/><T54/><D67/><U72/><E72/><V35/><F35/><W12/><G53/><T51/><D62/><U87/><E87/><V24/><F24/><W76/><G63/><T110/><D110/><U119/><E27/><V4/><AGARI ba="1,2" hai="0,4,9,16,21,25,49,50,61,65,71,96,102,106" machi="4" ten="30,6000,0" yaku="1,1,0,1,54,1,53,0" doraHai="39" doraHaiUra="11" who="2" fromWho="2" sc="218,-21,235,-21,316,83,211,-21" /><INIT seed="2,2,0,2,4,110" ten="197,214,399,190" oya="2" hai0="94,13,105,45,121,70,120,49,5,53,101,57,81" hai1="7,76,11,100,59,80,17,43,30,124,9,83,86" hai2="131,108,33,36,47,119,126,97,61,115,133,78,10" hai3="72,109,20,34,54,127,46,87,37,129,66,79,3"/><V103/><F115/><W88/><G34/><T99/><D70/><U21/><E124/><V116/><F126/><W2/><G127/><T75/><D105/><U98/><E30/><V24/><F78/><W71/><G109/><T132/><D132/><U104/><E7/><V6/><F108/><W4/><G72/><T58/><D75/><U31/><E31/><V125/><F125/><W73/><G73/><T118/><D118/><U106/><E106/><V1/><F133/><W14/><G79/><T22/><D81/><U38/><E83/><V29/><F131/><W128/><G66/><T112/><D112/><U48/><E38/><V25/><F25/><W60/><G71/><T65/><D22/><U85/><E85/><V15/><F15/><W0/><G60/><T56/><REACH who="0" step="1"/><D65/><REACH who="0" ten="187,214,399,190" step="2"/><U67/><E67/><V93/><F119/><W12/><G20/><T89/><D89/><U68/><E68/><V19/><F116/><W16/><G129/><T44/><D44/><U134/><E134/><V111/><F47/><W130/><G128/><T123/><D123/><U32/><E32/><V8/><F33/><W23/><G130/><T114/><D114/><U122/><E122/><V96/><F111/><W91/><G91/><T42/><D42/><U35/><E35/><V62/><F103/><W90/><G87/><T63/><D63/><U82/><E82/><V74/><F61/><W27/><G54/><T40/><D40/><U26/><E43/><V51/><F62/><W107/><G107/><T55/><D55/><N who="1" m="32231" /><E104/><V50/><F74/><W113/><G113/><T135/><D135/><RYUUKYOKU ba="2,1" sc="187,15,214,15,399,-15,190,-15" hai0="5,13,45,49,53,56,57,58,94,99,101,120,121" hai1="9,11,17,21,26,76,80,86,98,100" /><INIT seed="3,3,1,4,0,79" ten="202,229,384,175" oya="3" hai0="132,115,38,123,133,104,48,118,103,125,95,92,78" hai1="121,24,40,13,28,16,89,134,128,43,66,119,7" hai2="73,116,18,100,90,3,96,113,105,8,41,35,62" hai3="70,27,46,56,6,19,33,14,127,110,51,12,85"/><W111/><G70/><T20/><D38/><U30/><E121/><V36/><F35/><W68/><G68/><T22/><D118/><U26/><E134/><N who="0" m="51817" /><D123/><U106/><E106/><V9/><F113/><W17/><G127/><T86/><D125/><U10/><E128/><V39/><F73/><W124/><G56/><T45/><D115/><U114/><E114/><V107/><F107/><W49/><G124/><T53/><D78/><U64/><E119/><V93/><F116/><W74/><G74/><T72/><D72/><U117/><E117/><V59/><F41/><N who="1" m="15945" /><E89/><V109/><F109/><N who="3" m="41483" /><G6/><T91/><D104/><U120/><E120/><V94/><F105/><W84/><G12/><T2/><D2/><U5/><E5/><V54/><F3/><W131/><G131/><T97/><AGARI ba="3,1" hai="20,22,45,48,53,86,91,92,95,97,103" m="51817" machi="97" ten="30,1100,0" yaku="20,1" doraHai="79" who="0" fromWho="0" sc="202,30,229,-6,384,-6,175,-8" owari="232,3.2,223,-17.7,378,47.8,167,-33.3" /></mjloggm>