<mjloggm ver="2.3"><GO type="225" lobby="0"/><UN n0="%E5%B8%86%E7%AB%8B%E5%A4%8F%E8%A1%A3" n1="%E6%A0%B9%E5%85%83%E3%81%8B%E3%82%89%E5%90%B9%E3%81%A3%E9%A3%9B%E3%81%B6" n2="%E3%81%86%E3%82%8B%E3%81%8A%E3%81%A1%E3%82%83" n3="%E3%81%AF%E3%82%88%E3%81%8A%E3%81%98%E3%81%95%E3%82%93" dan="16,16,16,16" rate="2103.72,2144.31,2071.23,2178.09" sx="M,F,F,M"/><TAIKYOKU oya="0"/><INIT seed="0,0,0,5,3,44" ten="250,250,250,250" oya="0" hai0="134,38,4,42,119,39,12,131,3,26,77,102,27" hai1="132,13,125,19,60,24,117,123,107,67,11,113,15" hai2="104,47,118,7,112,97,115,85,80,94,91,50,49" hai3="82,64,79,114,46,126,35,110,101,43,6,68,121"/><T28/><D119/><U61/><E123/><V58/><F118/><W51/><G114/><T86/><D131/><U128/><E125/><V2/><F104/><W18/><G126/><T129/><D129/><U99/><E132/><V120/><F120/><W72/><G121/><T54/><D134/><U5/><E113/><V135/><F135/><W90/><G110/><T124/><D124/><U33/><E128/><V69/><F69/><W16/><G35/><T41/><D102/><U75/><E75/><V31/><F31/><W83/><G101/><T98/><D98/><U63/><E107/><V130/><F130/><W45/><G6/><T108/><D3/><U37/><E37/><V14/><F2/><W81/><G64/><T52/><D108/><U111/><E111/><V73/><F73/><W25/><G68/><T66/><D66/><U76/><E76/><V55/><F14/><W92/><G46/><T17/><D4/><U87/><E87/><V59/><F7/><W96/><REACH who="3" step="1"/><G18/><REACH who="3" ten="250,250,250,240" step="2"/><T32/><D32/><U23/><E117/><V40/><REACH who="2" step="1"/><F59/><REACH who="2" ten="250,250,240,240" step="2"/><W36/><G36/><T71/><D39/><U30/><REACH who="1" step="1"/><E99/><REACH who="1" ten="250,240,240,240" step="2"/><V106/><F106/><W100/><G100/><AGARI ba="0,3" hai="40,47,49,50,55,58,80,85,91,94,97,100,112,115" machi="100" ten="30,7700,0" yaku="1,1,7,1,52,2,53,0" doraHai="44" doraHaiUra="116" who="2" fromWho="3" sc="250,0,240,0,240,107,240,-77" /><INIT seed="1,0,0,1,5,20" ten="250,240,347,163" oya="1" hai0="67,128,2,39,40,34,106,64,97,127,117,68,83" hai1="38,5,96,17,80,50,69,126,99,23,1,133,15" hai2="92,58,73,56,44,76,113,131,35,30,119,100,6" hai3="21,122,104,93,86,101,60,114,41,79,88,14,98"/><U105/><E38/><V66/><F119/><W29/><G122/><T0/><D40/><U13/><E69/><V42/><F6/><W70/><G114/><T3/><D83/><U43/><E133/><V53/><F131/><W123/><G123/><T46/><D46/><N who="1" m="25951" /><E105/><V59/><F113/><W9/><G41/><T110/><D64/><U90/><E1/><V112/><F112/><W94/><G79/><T25/><D39/><U107/><E107/><V26/><F66/><W120/><G120/><T116/><D110/><U75/><E75/><V45/><F53/><W57/><G70/><T121/><D127/><U54/><E54/><V132/><F132/><W36/><G36/><T63/><D128/><U78/><E78/><V91/><F100/><W19/><G104/><T22/><D121/><U47/><E47/><V82/><REACH who="2" step="1"/><F42/><REACH who="2" ten="250,240,337,163" step="2"/><W77/><G77/><T130/><D130/><U24/><E5/><V74/><F74/><W16/><G29/><N who="0" m="19759" /><D22/><U18/><E126/><V65/><F65/><N who="3" m="39055" /><G21/><T51/><D51/><U118/><E118/><V124/><F124/><W49/><G49/><T61/><D63/><U135/><E135/><V71/><F71/><W33/><G33/><T81/><D117/><U7/><E7/><AGARI ba="0,1" hai="7,9,14,16,19,86,88,93,94,98,101" m="39055" machi="7" ten="30,3900,0" yaku="8,1,54,2" doraHai="20" who="3" fromWho="1" sc="250,0,240,-39,337,0,163,49" /><INIT seed="2,0,0,0,3,85" ten="250,201,337,212" oya="2" hai0="50,127,42,114,26,46,37,117,55,30,79,134,21" hai1="111,96,40,89,4,1,10,70,123,35,56,135,83" hai2="90,23,75,65,6,20,99,86,77,129,32,12,102" hai3="13,93,81,5,132,57,69,24,91,107,98,71,103"/><V28/><F129/><W78/><G132/><T16/><D127/><U59/><E111/><V84/><F75/><W54/><G24/><T122/><D134/><U53/><E135/><V0/><F0/><W43/><G43/><T49/><D117/><U9/><E70/><V108/><F32/><W36/><G36/><T3/><D3/><U62/><E35/><V8/><F65/><W64/><G64/><T118/><D118/><U52/><E40/><V72/><F72/><W130/><G130/><T29/><D114/><U58/><E123/><V131/><F131/><W113/><G113/><T63/><D79/><U11/><E59/><V33/><F33/><W74/><G13/><T18/><D122/><U112/><E112/><V80/><F28/><N who="0" m="10858" /><D37/><U115/><E115/><V119/><F108/><W44/><G5/><T45/><D63/><U128/><E128/><V100/><F100/><W7/><G7/><T97/><D97/><U95/><E83/><V17/><F6/><W15/><G15/><T121/><D121/><U38/><E38/><V101/><F101/><W76/><G78/><T19/><AGARI ba="0,0" hai="16,18,19,21,26,42,45,46,49,50,55" m="10858" machi="19" ten="30,2000,0" yaku="8,1,54,1" doraHai="85" who="0" fromWho="0" sc="250,20,201,-5,337,-10,212,-5" /><INIT seed="3,0,0,2,4,70" ten="270,196,327,207" oya="3" hai0="15,87,135,120,130,103,83,105,46,25,52,40,85" hai1="73,134,27,56,117,64,92,107,12,24,60,48,95" hai2="113,102,6,98,13,77,34,111,10,88,5,9,51" hai3="42,133,30,50,129,94,23,8,118,90,65,3,99"/><W71/><G118/><T96/><D120/><U39/><E107/><V76/><F34/><W41/><G129/><T124/><D124/><U7/><E73/><V127/><F113/><W131/><G131/><T1/><D1/><U4/><E39/><V125/><F111/><W16/><G133/><T53/><D135/><U128/><E134/><V67/><F67/><W21/><G71/><T75/><D75/><U37/><E37/><V44/><F88/><W22/><G65/><T93/><D25/><N who="1" m="9803" /><E117/><V106/><F125/><W68/><G68/><T114/><D87/><U115/><E115/><V36/><F36/><W20/><G30/><T78/><D105/><U38/><E38/><V2/><F127/><W19/><G50/><T32/><D32/><U74/><E74/><V91/><F91/><W61/><G61/><T119/><D46/><U49/><E128/><V43/><AGARI ba="0,0" hai="2,5,6,9,10,13,43,44,51,76,77,98,102,106" machi="43" ten="20,1500,0" yaku="0,1,7,1" doraHai="70" who="2" fromWho="2" sc="270,-4,196,-4,327,15,207,-7" owari="266,6.6,192,-30.8,342,44.2,200,-20.0" /></mjloggm>