<mjloggm ver="2.3"><GO type="225" lobby="0"/><UN n0="%E3%81%B5%E3%81%98%E3%81%8B%E3%81%A4" n1="%E3%82%B7%E3%83%B3%E5%A4%AA%E6%9C%97" n2="%E3%83%AD%E3%83%83%E3%83%86%E9%9B%80%E7%90%83" n3="%E9%AC%BC%E7%95%9C%E7%B1%B3%E5%85%B5" dan="16,16,16,16" rate="2179.08,2118.93,2162.22,2114.64" sx="M,M,M,M"/><TAIKYOKU oya="0"/><INIT seed="0,0,0,2,2,53" ten="250,250,250,250" oya="0" hai0="67,113,79,100,101,28,97,2,124,92,62,61,15" hai1="74,133,120,8,84,36,88,13,126,95,103,7,69" hai2="89,76,37,91,47,86,65,68,40,14,52,1,39" hai3="85,30,18,123,94,105,118,35,27,11,129,45,77"/><T57/><D113/><U20/><E133/><V41/><F1/><W33/><G118/><T34/><D124/><U32/><E126/><V21/><F68/><W22/><G105/><T73/><D2/><U5/><E32/><V38/><F65/><W72/><G72/><T26/><D73/><U134/><E134/><V132/><F76/><W98/><G129/><T64/><D79/><U56/><E69/><V131/><F131/><W114/><G114/><T59/><REACH who="0" step="1"/><D15/><REACH who="0" ten="240,250,250,250" step="2"/><U10/><E74/><V102/><F14/><W3/><G3/><T6/><D6/><U115/><E13/><V71/><F132/><W104/><G77/><T55/><D55/><U135/><E7/><V42/><F52/><W19/><G123/><T99/><D99/><U87/><E5/><V31/><F41/><W116/><G98/><T54/><D54/><U25/><E120/><V90/><F42/><W96/><G96/><T17/><D17/><U12/><E135/><V127/><F40/><W4/><G19/><T23/><D23/><U108/><E20/><V106/><F21/><W75/><G75/><T111/><D111/><U49/><E12/><V121/><F127/><W0/><G18/><T82/><D82/><U43/><E108/><V44/><F121/><W130/><G22/><T78/><D78/><U60/><E115/><V128/><F128/><W107/><G130/><T119/><D119/><U122/><E122/><V29/><F47/><W51/><G116/><T109/><D109/><U46/><E43/><V9/><F44/><W63/><G4/><T48/><D48/><U24/><E49/><RYUUKYOKU ba="0,1" sc="240,30,250,-10,250,-10,250,-10" hai0="26,28,34,57,59,61,62,64,67,92,97,100,101" /><INIT seed="0,1,1,5,4,123" ten="270,240,240,240" oya="0" hai0="122,11,101,130,46,81,85,64,88,19,125,100,115" hai1="78,43,31,60,83,24,134,9,18,20,48,84,28" hai2="38,98,71,135,53,4,114,105,16,32,36,108,47" hai3="3,103,95,109,59,8,39,111,80,75,131,124,23"/><T113/><D122/><U13/><E134/><V62/><F114/><W35/><G35/><T110/><D125/><U6/><REACH who="1" step="1"/><E60/><REACH who="1" ten="270,230,240,240" step="2"/><V50/><F62/><W82/><G124/><T79/><D115/><U74/><E74/><V54/><F135/><W57/><G131/><T116/><D113/><U89/><E89/><V73/><F73/><W49/><G75/><T107/><D130/><U129/><E129/><V112/><F112/><W42/><G39/><T70/><D116/><U69/><E69/><V26/><F71/><W5/><G59/><T52/><D70/><U21/><E21/><V133/><F133/><W7/><G23/><T41/><D79/><U17/><E17/><V104/><F16/><W117/><G117/><T1/><D19/><U30/><E30/><V14/><F38/><W55/><G7/><T77/><D77/><U63/><E63/><V118/><F36/><W94/><G5/><T45/><D88/><U22/><E22/><V90/><F118/><W34/><G57/><T27/><D101/><U126/><E126/><V132/><F132/><W128/><G103/><T119/><D100/><U102/><E102/><V56/><F56/><W61/><G61/><T92/><D119/><U127/><E127/><V72/><F72/><W86/><G128/><T44/><D44/><AGARI ba="1,2" hai="6,9,13,18,20,24,28,31,43,44,48,78,83,84" machi="44" ten="40,8000,1" yaku="1,1,25,2,8,1,53,1" doraHai="123" doraHaiUra="0" who="1" fromWho="0" sc="270,-83,230,103,240,0,240,0" /><INIT seed="1,0,0,2,1,3" ten="187,333,240,240" oya="1" hai0="126,81,37,85,87,43,134,77,113,114,92,52,56" hai1="6,2,9,55,60,16,132,120,8,97,98,122,133" hai2="112,66,17,59,4,125,70,14,127,94,51,12,79" hai3="101,5,68,49,106,20,48,71,129,124,44,80,118"/><U111/><E55/><V7/><F112/><W47/><G106/><T18/><D126/><N who="2" m="48138" /><F79/><W19/><G101/><T21/><D134/><N who="1" m="51819" /><E60/><N who="2" m="40263" /><F94/><W91/><G124/><T58/><D37/><U84/><E84/><V61/><F51/><W38/><G38/><T108/><D58/><U72/><E72/><V27/><F27/><W34/><G71/><T10/><D43/><U40/><E40/><V54/><F14/><W105/><G68/><T130/><D130/><U28/><E111/><V35/><F35/><W90/><G129/><T74/><D108/><U131/><E131/><V13/><F12/><W65/><G34/><T42/><D42/><U36/><E36/><V11/><AGARI ba="0,0" hai="4,7,11,13,17,54,59,61" m="40263,48138" machi="11" ten="30,4000,0" yaku="18,1,52,2" doraHai="3" who="2" fromWho="2" sc="187,-10,333,-20,240,40,240,-10" /><INIT seed="2,0,0,5,1,33" ten="177,313,280,230" oya="2" hai0="25,30,103,124,21,61,96,97,67,26,121,53,78" hai1="12,58,95,7,19,125,11,70,99,112,77,126,86" hai2="120,59,51,50,41,8,64,132,45,105,135,36,10" hai3="100,68,28,37,4,74,44,90,113,14,127,71,89"/><V130/><F105/><W43/><G74/><T35/><D124/><N who="1" m="47723" /><E70/><V72/><F72/><W66/><G127/><T48/><D121/><U5/><E112/><V101/><F101/><W87/><G113/><T31/><D78/><U69/><E69/><V32/><F32/><W54/><G100/><T93/><D97/><U34/><E34/><V0/><F120/><W42/><G28/><T134/><D134/><N who="2" m="51242" /><F130/><W27/><G27/><T46/><D35/><U47/><E58/><V109/><F109/><W75/><G75/><T108/><D108/><U111/><E111/><V91/><F91/><W40/><G71/><T57/><REACH who="0" step="1"/><D26/><REACH who="0" ten="167,313,280,230" step="2"/><U94/><E77/><V13/><F64/><W119/><G66/><T49/><D49/><U20/><E99/><V84/><F84/><W83/><G87/><T131/><D131/><U62/><E86/><V122/><F122/><W22/><G37/><T123/><D123/><U129/><E129/><V115/><F115/><W80/><G89/><T104/><D104/><U1/><E62/><V106/><F106/><W98/><G90/><T81/><D81/><U76/><E76/><V117/><F51/><W6/><G98/><T88/><D88/><U128/><E128/><V63/><F50/><N who="3" m="28999" /><G83/><T60/><D60/><U24/><E47/><V2/><F45/><W3/><G80/><T38/><D38/><U73/><E73/><V55/><F36/><W114/><G114/><T82/><D82/><U85/><E85/><V118/><F63/><W18/><G119/><T17/><AGARI ba="0,1" hai="17,21,25,30,31,46,48,53,57,61,67,93,96,103" machi="17" ten="20,5200,0" yaku="1,1,0,1,7,1,8,1,53,0" doraHai="33" doraHaiUra="102" who="0" fromWho="0" sc="167,62,313,-13,280,-26,230,-13" /><INIT seed="3,0,0,5,0,52" ten="229,300,254,217" oya="3" hai0="109,112,72,60,76,69,56,17,134,5,118,58,44" hai1="67,92,27,102,103,73,38,77,62,53,126,32,14" hai2="18,4,49,106,119,6,86,125,1,37,23,79,28" hai3="108,97,131,65,82,31,15,107,2,83,21,43,81"/><W70/><G2/><T51/><D118/><U94/><E38/><V42/><F37/><W16/><G131/><T63/><D5/><N who="2" m="2154" /><F106/><W24/><G108/><T93/><D72/><U64/><E73/><V96/><F125/><W75/><G75/><T123/><D76/><U22/><E77/><V84/><F1/><W11/><G43/><N who="0" m="24991" /><D123/><U0/><E0/><V36/><F36/><W34/><G70/><T19/><D69/><U132/><E14/><V116/><F116/><W3/><G65/><N who="0" m="39047" /><D134/><U26/><E126/><V54/><F79/><W57/><G57/><T104/><D104/><U80/><E132/><V7/><F28/><W39/><G39/><T78/><D78/><U59/><E32/><V100/><F7/><N who="3" m="1535" /><G97/><T98/><D112/><U87/><E67/><V40/><F40/><W110/><G110/><T47/><D47/><U66/><E64/><V41/><F41/><W8/><G8/><T35/><D35/><U10/><E10/><V101/><F42/><W50/><G107/><T30/><D30/><N who="1" m="17751" /><E66/><V127/><F119/><W55/><G50/><T111/><D111/><U9/><E9/><V20/><F127/><W133/><G55/><N who="0" m="34271" /><D109/><U68/><E68/><V115/><F115/><W122/><G133/><T46/><D46/><U71/><E71/><V88/><F54/><W85/><G122/><T117/><D117/><U124/><E124/><V130/><F49/><W120/><G120/><T33/><D33/><U91/><E27/><V12/><F130/><W13/><G13/><T25/><D25/><U129/><E129/><V48/><F12/><W45/><G45/><RYUUKYOKU ba="0,0" sc="229,10,300,10,254,-30,217,10" hai0="17,19,93,98" hai1="53,59,62,80,87,91,92,94,102,103" hai3="15,16,21,24,31,34,81,82,83,85" /><INIT seed="3,1,0,0,0,90" ten="239,310,224,227" oya="3" hai0="44,121,108,47,1,122,3,105,58,102,10,96,39" hai1="42,104,52,89,51,73,2,56,69,49,126,34,68" hai2="16,46,35,29,117,82,48,97,131,20,83,70,80" hai3="129,37,43,38,95,106,41,72,86,13,112,6,120"/><W7/><G106/><T25/><D108/><U5/><E73/><V27/><F131/><W107/><G107/><T87/><D87/><U30/><E104/><V9/><F117/><W125/><G72/><T15/><D47/><U77/><E77/><V127/><F127/><W40/><G112/><T24/><D58/><U92/><E126/><V36/><F70/><W94/><G125/><T93/><D105/><U78/><E78/><V111/><F111/><W118/><G118/><T12/><D44/><U54/><E42/><V110/><F110/><W103/><G120/><T133/><D39/><U75/><E75/><V67/><F67/><W66/><G66/><T115/><D115/><U81/><E81/><V65/><F65/><W18/><G129/><T4/><D133/><U64/><E30/><V50/><F97/><N who="3" m="59831" /><G38/><T84/><D84/><U114/><E34/><V124/><F124/><W101/><G37/><T88/><D102/><U119/><E64/><V59/><F9/><N who="3" m="6447" /><G86/><T123/><REACH who="0" step="1"/><D12/><REACH who="0" ten="229,310,224,227" step="2"/><U62/><E114/><V79/><F36/><W26/><G26/><AGARI ba="1,1" hai="1,3,4,10,15,24,25,26,88,93,96,121,122,123" machi="26" ten="40,8000,1" yaku="1,1,2,1,52,1,54,1,53,0" doraHai="90" doraHaiUra="100" who="0" fromWho="3" sc="229,93,310,0,224,0,227,-83" owari="322,42.2,310,11.0,224,-17.6,144,-35.6" /></mjloggm>