<mjloggm ver="2.3"><GO type="225" lobby="0"/><UN n0="%73%6C%69%63%6B%33%31%39" n1="%E3%81%8F%E3%81%BE%E3%81%96%E3%82%8F" n2="%E3%81%A1%E3%82%85%E3%81%86%E3%81%A9%E3%81%8F%E8%B1%A1%E3%81%95%E3%82%93" n3="%E5%B8%86%E7%AB%8B%E5%A4%8F%E8%A1%A3" dan="17,16,17,17" rate="2206.25,2039.62,2182.47,2149.05" sx="M,M,M,M"/><TAIKYOKU oya="0"/><INIT seed="0,0,0,5,0,68" ten="250,250,250,250" oya="0" hai0="7,95,125,44,91,108,90,11,19,132,56,4,83" hai1="77,58,74,82,12,87,127,73,79,94,107,48,21" hai2="72,28,23,50,27,85,109,111,106,53,78,0,20" hai3="117,88,60,3,2,40,97,36,14,81,35,34,57"/><T105/><D105/><U89/><E127/><V98/><F0/><W92/><G117/><T54/><D125/><U133/><E133/><V39/><F72/><W62/><G3/><T76/><D132/><U113/><E113/><V119/><F119/><W123/><G2/><T99/><D44/><U112/><E112/><V24/><F98/><W59/><G123/><T41/><D41/><U69/><E69/><V16/><F106/><W26/><G81/><T110/><D91/><U115/><E115/><V38/><F85/><W64/><G14/><T96/><D96/><U25/><E107/><V63/><F63/><W118/><G118/><T102/><D102/><U116/><E116/><V126/><F78/><W5/><G5/><T9/><D9/><U10/><E10/><V55/><F126/><W6/><G6/><T15/><D110/><N who="2" m="41994" /><F55/><W134/><G134/><T8/><D108/><U47/><E79/><V122/><F122/><W45/><G26/><T71/><D71/><U93/><E74/><V30/><F30/><W43/><G43/><T104/><D104/><U129/><E73/><V114/><F114/><W128/><G128/><T121/><D8/><U80/><E129/><V46/><AGARI ba="0,0" hai="16,20,23,24,27,28,38,39,46,50,53" m="41994" machi="46" ten="30,7900,0" yaku="14,1,52,2,54,1" doraHai="68" who="2" fromWho="2" sc="250,-39,250,-20,250,79,250,-20" /><INIT seed="1,0,0,0,5,26" ten="211,230,329,230" oya="1" hai0="99,75,60,11,124,81,111,33,49,71,119,59,21" hai1="43,57,46,2,15,121,41,74,88,125,48,62,16" hai2="89,120,86,58,63,24,95,94,96,83,73,1,106" hai3="9,72,10,34,20,132,64,50,127,103,25,77,104"/><U27/><E121/><V44/><F1/><W6/><G127/><T13/><D119/><U45/><E2/><V7/><F120/><W93/><G132/><T35/><D71/><U4/><E74/><V85/><F7/><W3/><G104/><T23/><D75/><U90/><E4/><V19/><F44/><W107/><G107/><T80/><D33/><U123/><E27/><V29/><F19/><W105/><G105/><T67/><D35/><U8/><E125/><V117/><F117/><W61/><G10/><T28/><D111/><U68/><E68/><V0/><F0/><W76/><G50/><T113/><D113/><U84/><E84/><N who="2" m="50335" /><F106/><W98/><G72/><T87/><D81/><U115/><E115/><V51/><F51/><W131/><G34/><T130/><D130/><U135/><E135/><V22/><F73/><W102/><G102/><T37/><D37/><U12/><E12/><V65/><F95/><W70/><REACH who="3" step="1"/><G131/><REACH who="3" ten="211,230,329,220" step="2"/><T55/><D124/><U110/><E123/><V109/><F109/><W5/><G5/><T66/><D49/><N who="1" m="26799" /><E110/><V47/><F47/><W56/><G56/><T82/><D59/><U79/><E46/><V91/><AGARI ba="0,1" hai="22,24,29,58,63,65,85,86,91,94,96" m="50335" machi="91" ten="30,2000,0" yaku="8,1,52,1" doraHai="26" who="2" fromWho="2" sc="211,-5,230,-10,329,30,220,-5" /><INIT seed="2,0,0,3,2,117" ten="206,220,359,215" oya="2" hai0="75,25,111,66,1,36,16,74,121,131,60,104,63" hai1="49,23,78,53,31,4,42,80,72,70,3,82,99" hai2="39,86,125,19,44,9,95,135,114,38,102,128,110" hai3="97,29,129,21,68,118,12,52,46,76,103,83,30"/><V91/><F114/><W26/><G118/><T35/><D36/><U62/><E42/><V0/><F128/><W22/><G129/><T87/><D131/><U20/><E99/><V58/><F125/><W119/><G68/><T100/><D1/><U57/><E3/><V15/><F0/><W94/><G119/><T28/><D111/><U105/><E105/><V11/><F135/><W55/><G46/><T122/><D87/><U37/><E4/><V59/><F102/><W89/><G103/><T18/><D63/><U71/><E37/><V77/><F77/><W24/><G12/><T10/><D10/><U5/><E5/><V51/><F9/><W134/><G134/><T107/><D16/><U34/><E82/><V7/><F7/><W92/><G92/><T13/><D13/><U32/><E71/><V116/><F110/><W109/><G109/><T2/><D18/><U85/><E72/><AGARI ba="0,0" hai="21,22,24,26,29,30,52,55,72,76,83,89,94,97" machi="72" ten="30,3900,0" yaku="7,1,9,1,54,1" doraHai="117" who="3" fromWho="1" sc="206,0,220,-39,359,0,215,39" /><INIT seed="3,0,0,4,5,110" ten="206,181,359,254" oya="3" hai0="101,135,30,133,93,42,95,62,48,3,78,34,121" hai1="84,111,17,33,92,113,9,75,43,6,127,54,0" hai2="13,100,12,109,16,122,28,39,130,81,117,35,51" hai3="115,134,79,71,7,119,56,46,61,107,102,19,8"/><W106/><G115/><T108/><D121/><U118/><E75/><V21/><F117/><W120/><G120/><T131/><D108/><U67/><E111/><V44/><F39/><W41/><G119/><T105/><D3/><U89/><E118/><V2/><F100/><W25/><G134/><N who="0" m="51211" /><D131/><U10/><E127/><V26/><F81/><W57/><G57/><T91/><D78/><U66/><E33/><V55/><F2/><W20/><G20/><T23/><D34/><U90/><E113/><V74/><F74/><W72/><G19/><T59/><D105/><U112/><E112/><V104/><F104/><W68/><G61/><T85/><D48/><U96/><E43/><V27/><F109/><W116/><G102/><T83/><D42/><U22/><E54/><V32/><F32/><W125/><G25/><N who="0" m="16703" /><D101/><U97/><E10/><V36/><F35/><W77/><G8/><T87/><D87/><U99/><REACH who="1" step="1"/><E89/><REACH who="1" ten="206,171,359,254" step="2"/><V60/><F122/><W40/><G40/><T52/><AGARI ba="0,1" hai="52,59,62,83,85,91,93,95" m="16703,51211" machi="52" ten="30,2000,0" yaku="20,1,54,1" doraHai="110" who="0" fromWho="0" sc="206,30,171,-5,359,-5,254,-10" owari="236,-16.4,166,-33.4,354,45.4,244,4.4" /></mjloggm>