<mjloggm ver="2.3"><GO type="225" lobby="0"/><UN n0="%E9%BB%92%E9%89%84%E7%8F%A0%E9%9B%AB" n1="%E3%83%B4%E3%83%A0%EF%BC%99%E3%81%A6" n2="%E7%89%B9%E6%9D%B1%E3%81%AF%E4%B8%96%E7%95%8C%E3%82%92%E6%95%91%E3%81%86" n3="%E3%81%A9%E3%82%8F%E3%82%93%E3%81%94" dan="16,16,16,16" rate="2162.92,2142.63,2099.37,2146.36" sx="F,M,M,M"/><TAIKYOKU oya="0"/><INIT seed="0,0,0,2,3,105" ten="250,250,250,250" oya="0" hai0="21,131,113,64,135,68,88,99,1,0,103,90,41" hai1="5,61,8,104,19,66,53,97,80,100,57,108,26" hai2="71,117,132,115,109,20,111,107,86,7,91,14,18" hai3="22,116,82,83,59,6,47,49,15,31,63,85,34"/><T58/><D113/><U129/><E108/><V133/><F115/><W44/><G116/><T69/><D69/><U77/><E129/><V125/><F117/><W70/><G34/><T55/><D41/><U29/><E19/><V62/><F107/><W60/><G70/><T130/><D64/><U96/><E96/><V28/><F7/><W48/><G31/><T124/><D68/><U74/><E66/><N who="2" m="41431" /><F28/><W35/><G35/><T79/><D79/><U52/><E53/><V17/><F17/><N who="3" m="10559" /><G6/><T87/><D21/><U9/><REACH who="1" step="1"/><E5/><REACH who="1" ten="250,240,250,250" step="2"/><V45/><F111/><W27/><G27/><T126/><D131/><U16/><E16/><V128/><F109/><W127/><G47/><T11/><D130/><U13/><E13/><V3/><F128/><W33/><G44/><T118/><D118/><U123/><E123/><V39/><F45/><W122/><G122/><T106/><D135/><U110/><E110/><V37/><F133/><W119/><G119/><T32/><D0/><U54/><E54/><V112/><F132/><W30/><G30/><T120/><D120/><U43/><E43/><V73/><F112/><W92/><G60/><T94/><D55/><U23/><AGARI ba="0,1" hai="8,9,23,26,29,52,57,61,74,77,80,97,100,104" machi="23" ten="20,12000,2" yaku="1,1,0,1,7,1,52,1,54,1,53,1" doraHai="105" doraHaiUra="95" who="1" fromWho="1" sc="250,-60,240,130,250,-30,250,-30" /><INIT seed="1,0,0,2,3,23" ten="190,370,220,220" oya="1" hai0="46,9,89,27,106,52,104,70,43,110,126,10,11" hai1="14,95,21,4,31,128,123,26,58,129,37,16,2" hai2="113,33,15,73,88,80,5,40,130,39,0,115,105" hai3="63,94,85,90,59,77,41,111,8,103,121,75,118"/><U20/><E37/><V51/><F51/><W72/><G121/><T45/><D70/><U102/><E123/><V64/><F15/><W66/><G111/><T117/><D117/><U6/><E58/><V56/><F105/><W107/><G118/><T17/><D110/><U133/><E133/><V132/><F132/><W78/><G41/><T91/><D106/><U83/><E83/><V22/><F22/><W48/><G48/><N who="0" m="28687" /><D104/><U135/><E135/><V127/><F127/><W74/><REACH who="3" step="1"/><G8/><REACH who="3" ten="190,370,220,210" step="2"/><T84/><D126/><U93/><E128/><V49/><F40/><W57/><G57/><T47/><D43/><U36/><E129/><V101/><F56/><W114/><G114/><T50/><D46/><U82/><E36/><V120/><F39/><W53/><G53/><N who="0" m="29919" /><D84/><U71/><E71/><V13/><F120/><W54/><G54/><T68/><D68/><U99/><E2/><V97/><F130/><W29/><G29/><T124/><D124/><U67/><E67/><V125/><F64/><W34/><G34/><T100/><D100/><U96/><E31/><V92/><F125/><W116/><G116/><T109/><D109/><U35/><E35/><V119/><F33/><W87/><G87/><T24/><D17/><U7/><E16/><V42/><F119/><W12/><G12/><T3/><D3/><U60/><E14/><V86/><F0/><W44/><G44/><T79/><D79/><U25/><E102/><V81/><F49/><W28/><G28/><T76/><D76/><U69/><E69/><V122/><F122/><W62/><G62/><T30/><D30/><RYUUKYOKU ba="0,1" sc="190,15,370,-15,220,-15,210,15" hai0="9,10,11,24,27,89,91" hai3="59,63,66,72,74,75,77,78,85,90,94,103,107" /><INIT seed="2,1,1,3,2,42" ten="205,355,205,225" oya="2" hai0="131,130,75,49,61,72,132,122,46,5,65,114,13" hai1="133,97,34,85,99,35,20,12,81,126,98,58,104" hai2="106,19,78,2,32,76,83,0,45,27,135,119,128" hai3="7,11,80,23,117,105,127,53,110,120,10,111,29"/><V47/><F119/><W30/><G117/><T40/><D114/><U129/><E104/><V64/><F106/><W37/><G120/><T96/><D122/><U69/><E69/><V115/><F115/><W6/><G105/><T41/><D41/><U74/><E74/><V109/><F64/><W134/><G37/><T56/><D132/><U54/><E133/><V21/><F135/><W55/><G134/><T93/><D5/><U116/><E116/><V124/><F32/><W15/><G80/><T63/><D13/><U60/><E126/><V123/><F123/><W91/><G91/><T8/><D8/><U66/><E129/><N who="0" m="49161" /><D63/><U90/><E66/><V95/><F128/><W86/><G15/><T118/><D118/><U100/><E100/><AGARI ba="1,1" hai="40,46,49,56,61,65,72,75,93,96,100" m="49161" machi="100" ten="30,2000,0" yaku="19,1,52,1" doraHai="42" who="0" fromWho="1" sc="205,33,355,-23,205,0,225,0" /><INIT seed="3,0,0,0,2,40" ten="238,332,205,225" oya="3" hai0="72,74,68,38,17,103,115,124,71,62,128,2,81" hai1="87,75,54,12,88,83,24,50,64,65,127,114,41" hai2="47,100,121,19,61,53,3,82,126,90,110,35,36" hai3="91,4,51,99,80,27,85,20,111,33,60,92,105"/><W6/><G33/><T94/><D2/><U56/><E114/><V134/><F3/><W43/><G105/><T98/><D38/><U63/><E127/><V7/><F35/><W86/><G111/><T26/><D124/><U130/><E130/><V16/><F126/><W32/><G32/><T29/><D17/><N who="2" m="6730" /><F110/><W9/><G60/><T117/><D117/><U106/><E106/><V135/><F7/><W46/><G9/><T14/><D14/><U96/><E12/><V45/><F100/><W66/><G66/><T108/><D108/><U44/><E24/><V59/><F36/><W21/><G86/><T15/><D15/><U93/><E75/><V73/><F121/><W57/><G57/><T69/><D72/><U11/><E11/><V113/><F113/><W70/><G70/><T84/><D74/><U0/><E0/><V101/><F101/><AGARI ba="0,0" hai="41,44,50,54,56,63,64,65,83,87,88,93,96,101" machi="101" ten="30,7700,0" yaku="7,1,8,1,52,1,54,1" doraHai="40" who="1" fromWho="2" sc="238,0,332,77,205,-77,225,0" owari="238,3.8,409,50.9,128,-37.2,225,-17.5" /></mjloggm>