<mjloggm ver="2.3"><GO type="225" lobby="0"/><UN n0="%E4%BA%95%E5%B8%AF" n1="%E5%8F%AF%E5%85%90%E9%82%A3%E7%94%B1%E5%A4%9A" n2="%E3%83%A9%E3%83%BC%E3%83%A1%E3%83%B3%E4%BA%94%E9%83%8E" n3="%E6%A1%9C%E8%8A%B1%E9%96%83%E3%80%85" dan="16,17,16,16" rate="2081.50,2166.15,2049.69,2120.55" sx="M,F,M,M"/><TAIKYOKU oya="0"/><INIT seed="0,0,0,0,3,56" ten="250,250,250,250" oya="0" hai0="122,133,77,39,30,95,40,106,127,102,44,79,41" hai1="114,72,69,36,8,116,105,97,15,100,86,25,74" hai2="18,37,66,131,124,94,10,49,135,26,119,96,31" hai3="120,84,71,75,3,21,91,28,48,109,53,126,85"/><T68/><D122/><U19/><E116/><V87/><F37/><W104/><G109/><T82/><D106/><U29/><E114/><V128/><F119/><W73/><G126/><T57/><D68/><U118/><E118/><V43/><F124/><W47/><G3/><T0/><D0/><U61/><E36/><V90/><F135/><W23/><G120/><T24/><D127/><U129/><E129/><N who="2" m="49739" /><F66/><W51/><G104/><T11/><D11/><U58/><E86/><V33/><F10/><W99/><G71/><T88/><D102/><U123/><E123/><V12/><F49/><W101/><G75/><T132/><D41/><U65/><REACH who="1" step="1"/><E58/><REACH who="1" ten="250,240,250,250" step="2"/><V35/><F87/><W117/><G85/><T55/><D133/><U34/><AGARI ba="0,1" hai="8,15,19,25,29,34,61,65,69,72,74,97,100,105" machi="34" ten="20,16000,3" yaku="1,1,2,1,0,1,7,1,25,2,52,1,53,1" doraHai="56" doraHaiUra="59" who="1" fromWho="1" sc="250,-80,240,170,250,-40,250,-40" /><INIT seed="1,0,0,4,2,112" ten="170,410,210,210" oya="1" hai0="3,74,59,107,105,50,114,63,64,116,94,53,29" hai1="83,41,133,43,9,16,44,4,126,33,86,13,18" hai2="8,60,12,47,42,80,72,57,73,65,117,26,134" hai3="113,121,106,67,98,124,104,52,77,125,28,56,100"/><U1/><E33/><V120/><F120/><W27/><G113/><T19/><D114/><U131/><E131/><V88/><F134/><W40/><G121/><T85/><D74/><U32/><E32/><V111/><F111/><W129/><G129/><T110/><D110/><U10/><E133/><V92/><F80/><W93/><G40/><T2/><D29/><U87/><E126/><N who="3" m="48746" /><G67/><T55/><D55/><U7/><E43/><V90/><F26/><W84/><G84/><T61/><D61/><U135/><E87/><V108/><F108/><W78/><G78/><T30/><D30/><U15/><E1/><V39/><F117/><W20/><G77/><T66/><D66/><U46/><E135/><V69/><F69/><W103/><G103/><T21/><D3/><U68/><E68/><V123/><F123/><W128/><G128/><T97/><D85/><U49/><E44/><V122/><F122/><W14/><G14/><T96/><D2/><U76/><AGARI ba="0,0" hai="4,7,9,10,13,15,16,18,41,46,49,76,83,86" machi="76" ten="20,18000,2" yaku="0,1,7,1,9,1,25,2,8,1,54,1" doraHai="112" who="1" fromWho="1" sc="170,-60,410,180,210,-60,210,-60" /><INIT seed="1,1,0,3,0,66" ten="110,590,150,150" oya="1" hai0="57,17,115,73,8,45,113,25,92,102,14,27,7" hai1="119,81,39,42,122,5,123,40,60,114,101,65,69" hai2="108,53,134,87,121,131,109,106,55,34,47,96,32" hai3="11,94,13,80,86,77,130,116,61,48,21,76,44"/><U38/><E5/><V43/><F131/><W18/><G130/><T68/><D68/><U12/><E101/><N who="2" m="62759" /><F87/><W95/><G116/><T52/><D73/><U91/><E12/><V6/><F6/><W78/><G61/><T83/><D83/><U127/><E91/><V72/><F72/><W89/><REACH who="3" step="1"/><G21/><REACH who="3" ten="110,590,150,140" step="2"/><T71/><D115/><U28/><E60/><V99/><F32/><W107/><G107/><T124/><D113/><U85/><E119/><V49/><F34/><W50/><G50/><T135/><D124/><U125/><E114/><V54/><F49/><W23/><G23/><T46/><D135/><U126/><E126/><V118/><F134/><W128/><G128/><T24/><D71/><U112/><E69/><V111/><F118/><W132/><G132/><T117/><D117/><U41/><E112/><V0/><F121/><W1/><G1/><T70/><D70/><U3/><E3/><V90/><F0/><W19/><G19/><T56/><D17/><U84/><E127/><V82/><F109/><W33/><G33/><T75/><D75/><U31/><E125/><V4/><F111/><W58/><G58/><T98/><REACH who="0" step="1"/><D57/><REACH who="0" ten="100,590,150,140" step="2"/><U103/><E123/><V16/><F108/><W100/><G100/><T15/><D15/><U67/><E103/><V59/><F59/><W2/><G2/><T29/><D29/><U93/><E122/><V51/><F47/><W62/><G62/><AGARI ba="1,2" hai="7,8,14,24,25,27,45,46,52,56,62,92,98,102" machi="62" ten="40,5200,0" yaku="1,1,8,1,54,1,53,0" doraHai="66" doraHaiUra="120" who="0" fromWho="3" sc="100,75,590,0,150,0,140,-55" /><INIT seed="2,0,0,2,0,97" ten="175,590,150,85" oya="2" hai0="54,125,34,124,121,83,19,69,60,57,28,100,105" hai1="110,25,86,74,109,79,16,119,98,12,81,127,17" hai2="122,93,59,15,108,27,43,126,78,117,30,41,90" hai3="130,44,6,118,132,123,9,63,80,111,37,131,24"/><V11/><F117/><W75/><G118/><T95/><D95/><U4/><E119/><V0/><F0/><W33/><G123/><T70/><D121/><U103/><E127/><N who="0" m="48713" /><D19/><U73/><E4/><V39/><F122/><W20/><G111/><N who="1" m="42506" /><E25/><V23/><F108/><W10/><G132/><T99/><D83/><U96/><E96/><N who="2" m="57399" /><F39/><W85/><G63/><T51/><D51/><U82/><E12/><V2/><F2/><W66/><G66/><T49/><D49/><U89/><E74/><V36/><F36/><W72/><G33/><T56/><D56/><U84/><E73/><V62/><F78/><W114/><G75/><T112/><D112/><U26/><E26/><AGARI ba="0,0" hai="26,28,34,54,57,60,69,70,99,100,105" m="48713" machi="26" ten="30,2000,0" yaku="18,1,52,1" doraHai="97" who="0" fromWho="1" sc="175,20,590,-20,150,0,85,0" /><INIT seed="3,0,0,5,5,5" ten="195,570,150,85" oya="3" hai0="65,22,101,79,16,73,25,6,13,82,111,120,11" hai1="68,81,55,34,1,29,125,8,67,41,50,26,17" hai2="14,122,37,32,53,45,107,38,110,104,52,131,0" hai3="83,102,18,85,124,64,99,66,21,35,130,100,27"/><W12/><G124/><T39/><D120/><U121/><E121/><V116/><F122/><W106/><G130/><T96/><D111/><U9/><E125/><V20/><F116/><W40/><G40/><T70/><D39/><U86/><E41/><V77/><F32/><W33/><G102/><T57/><D70/><U93/><E93/><V63/><F0/><W92/><G106/><T75/><D57/><U91/><E1/><V135/><F110/><W3/><G3/><T51/><D51/><U95/><E17/><V132/><F131/><W28/><REACH who="3" step="1"/><G33/><REACH who="3" ten="195,570,150,75" step="2"/><T113/><D113/><U10/><E34/><V56/><F104/><W19/><G19/><T2/><D2/><U108/><E108/><V119/><F107/><W133/><G133/><T126/><D126/><U15/><E29/><V88/><F135/><W90/><AGARI ba="0,1" hai="12,18,21,27,28,35,64,66,83,85,90,92,99,100" machi="90" ten="20,7800,0" yaku="1,1,0,1,7,1,53,1" doraHai="5" doraHaiUra="23" who="3" fromWho="3" sc="195,-26,570,-26,150,-26,75,88" /><INIT seed="3,1,0,5,5,73" ten="169,544,124,163" oya="3" hai0="66,14,40,15,80,109,64,100,98,39,113,120,85" hai1="49,86,110,4,126,8,67,106,65,81,97,19,74" hai2="82,10,75,20,107,123,43,84,127,114,117,94,17" hai3="33,12,115,52,111,88,25,51,135,31,103,77,61"/><W21/><G115/><T34/><D120/><U90/><E110/><V78/><F114/><W50/><G135/><T36/><D34/><U11/><E126/><V79/><F117/><W108/><G103/><T35/><D35/><U56/><E74/><V24/><F127/><W96/><G77/><T55/><D39/><U22/><E106/><V42/><F107/><W57/><G33/><T134/><D36/><U62/><E67/><V71/><F71/><W3/><G3/><T112/><D40/><N who="2" m="15402" /><F75/><W28/><G28/><T44/><D109/><N who="3" m="42057" /><G12/><T72/><D72/><U9/><E49/><V93/><F123/><W118/><G118/><T130/><D15/><N who="1" m="5511" /><E97/><V6/><F6/><W122/><G122/><T99/><D100/><U95/><E95/><AGARI ba="1,0" hai="21,25,31,50,51,52,57,61,88,95,96" m="42057" machi="95" ten="30,11600,0" yaku="14,1,10,1,54,2" doraHai="73" who="3" fromWho="1" sc="169,0,544,-119,124,0,163,119" /><INIT seed="3,2,0,5,1,114" ten="169,425,124,282" oya="3" hai0="80,0,58,27,8,54,18,43,133,19,44,74,124" hai1="112,90,55,86,16,107,132,41,108,89,49,47,77" hai2="70,53,24,21,72,28,37,34,69,48,119,13,120" hai3="94,84,1,36,79,125,7,78,4,30,38,91,88"/><W110/><G125/><T35/><D133/><U76/><E112/><V118/><F72/><W101/><G101/><T127/><D35/><U45/><E107/><V11/><F37/><W12/><G1/><T20/><D80/><U51/><E108/><V121/><F34/><W82/><G110/><T64/><D64/><U33/><E33/><V25/><F25/><W68/><G68/><T40/><D74/><U96/><E132/><V73/><F73/><W5/><G30/><T3/><D8/><U57/><E57/><N who="2" m="32935" /><F69/><W95/><G79/><T113/><D18/><U97/><E90/><V87/><F87/><W52/><G12/><T109/><D113/><U65/><E65/><V103/><F103/><W99/><REACH who="3" step="1"/><G52/><REACH who="3" ten="169,425,124,272" step="2"/><T60/><D109/><U126/><E126/><N who="0" m="48169" /><D43/><U93/><E16/><N who="2" m="8255" /><F70/><W98/><AGARI ba="2,1" hai="4,5,7,36,38,78,82,84,88,91,94,95,98,99" machi="98" ten="30,11700,0" yaku="1,1,0,1,9,1,54,1,53,0" doraHai="114" doraHaiUra="29" who="3" fromWho="3" sc="169,-41,425,-41,124,-41,272,133" owari="128,-27.2,384,18.4,83,-41.7,405,50.5" /></mjloggm>