<mjloggm ver="2.3"><GO type="225" lobby="0"/><UN n0="%E3%83%AD%E3%83%83%E3%83%86%E9%9B%80%E7%90%83" n1="%E3%81%B5%E3%81%98%E3%81%8B%E3%81%A4" n2="%E3%81%AA%E3%82%81%E3%81%93%E9%9B%80%E5%A3%AB" n3="%E3%81%8B%E3%82%8F%E3%81%A1%E3%82%83%E3%82%93%35%38" dan="16,16,16,17" rate="2162.13,2178.79,2081.33,2261.06" sx="M,M,M,M"/><TAIKYOKU oya="0"/><INIT seed="0,0,0,0,2,21" ten="250,250,250,250" oya="0" hai0="20,106,95,111,98,3,34,38,132,52,76,116,26" hai1="44,122,33,81,71,65,42,24,14,92,50,17,37" hai2="43,110,89,126,63,53,134,55,86,1,120,131,56" hai3="51,22,117,58,108,119,107,101,2,80,78,36,59"/><T91/><D116/><U6/><E122/><V57/><F120/><W112/><G36/><T82/><D132/><U77/><E92/><V135/><F1/><W96/><G112/><T124/><D124/><U8/><E37/><V69/><F126/><W10/><G108/><T23/><D111/><U88/><E71/><V73/><F69/><W41/><G58/><T62/><D3/><U13/><E65/><V45/><F73/><W74/><G22/><T64/><D38/><U61/><E61/><V19/><F131/><W105/><G105/><T127/><D106/><U28/><E88/><V113/><F19/><W104/><G104/><T27/><D127/><U75/><REACH who="1" step="1"/><E17/><REACH who="1" ten="250,240,250,250" step="2"/><V79/><F110/><W46/><G119/><T49/><D64/><U0/><AGARI ba="0,1" hai="0,6,8,13,14,24,28,33,42,44,50,75,77,81" machi="0" ten="20,12000,2" yaku="1,1,2,1,0,1,7,1,52,1,53,1" doraHai="21" doraHaiUra="32" who="1" fromWho="1" sc="250,-60,240,130,250,-30,250,-30" /><INIT seed="1,0,0,2,0,58" ten="190,370,220,220" oya="1" hai0="45,11,83,134,39,40,119,10,27,29,21,71,41" hai1="127,125,88,30,89,35,124,64,63,100,43,111,120" hai2="70,95,112,59,116,3,5,56,14,74,60,86,33" hai3="107,26,115,47,62,131,38,54,7,92,65,66,42"/><U121/><E100/><V79/><F33/><W4/><G107/><T135/><D119/><U110/><E43/><V114/><F3/><W68/><G115/><N who="2" m="44073" /><F116/><W61/><G131/><T31/><D71/><N who="1" m="42399" /><E30/><V108/><F108/><N who="1" m="41513" /><E35/><V118/><F118/><W104/><G104/><T51/><D31/><U50/><E50/><V96/><F74/><W72/><G72/><T25/><D40/><U22/><E22/><V34/><F34/><W109/><G109/><T1/><D51/><U99/><E99/><V94/><F96/><W101/><G26/><T6/><D27/><U126/><E126/><V52/><F70/><W28/><G28/><T67/><D67/><U117/><E117/><V37/><F59/><W73/><G54/><T78/><REACH who="0" step="1"/><D11/><REACH who="0" ten="180,370,220,220" step="2"/><U106/><E106/><V90/><F37/><W81/><G65/><T48/><D48/><U76/><E76/><V2/><F79/><N who="3" m="44271" /><G62/><T129/><D129/><U49/><E49/><V46/><F46/><W85/><G47/><T105/><D105/><U77/><E77/><V69/><F69/><W133/><G42/><T36/><D36/><U13/><E13/><V97/><F14/><W57/><G38/><T0/><D0/><U91/><AGARI ba="0,1" hai="88,89,91,120,121,124,125,127" m="41513,42399" machi="91" ten="40,12000,1" yaku="18,1,14,1,10,1,52,1,54,1" doraHai="58" who="1" fromWho="1" sc="180,-40,370,130,220,-40,220,-40" /><INIT seed="1,1,0,2,4,7" ten="140,500,180,180" oya="1" hai0="70,98,47,79,41,52,21,43,45,50,22,67,108" hai1="4,135,13,120,42,24,65,51,6,29,121,37,49" hai2="88,57,33,59,126,10,95,18,119,87,19,71,20" hai3="48,8,129,94,38,107,82,69,116,104,128,72,31"/><U90/><E135/><V5/><F71/><W115/><G38/><T78/><D108/><U77/><E65/><V56/><F119/><W0/><G69/><T93/><D67/><U133/><E77/><N who="0" m="29193" /><D70/><U97/><E133/><V110/><F33/><W34/><G107/><T92/><D92/><U53/><E37/><V17/><F126/><W81/><G104/><T100/><D47/><U114/><E114/><V111/><REACH who="2" step="1"/><F20/><AGARI ba="1,0" hai="20,21,22,41,43,45,50,52,93,98,100" m="29193" machi="20" ten="30,2000,0" yaku="8,1,54,1" doraHai="7" who="0" fromWho="2" sc="140,23,500,0,180,-23,180,0" /><INIT seed="2,0,0,3,5,135" ten="163,500,157,180" oya="2" hai0="26,28,38,4,103,130,52,129,17,2,107,64,125" hai1="22,127,56,70,109,14,96,99,119,59,1,131,11" hai2="123,82,40,32,133,23,19,81,57,47,58,53,15" hai3="98,12,21,13,121,73,63,106,84,92,90,7,86"/><V0/><F133/><W25/><G121/><T80/><D38/><U51/><E127/><V115/><F123/><W95/><G73/><T43/><D125/><U41/><E22/><V65/><F115/><W76/><G106/><T110/><D43/><U126/><E1/><V112/><F112/><W8/><G63/><T114/><D64/><U104/><E14/><V34/><F0/><W132/><G132/><T30/><D80/><U16/><E11/><V46/><F34/><W124/><G124/><T24/><D17/><U134/><E16/><V87/><F82/><N who="3" m="47175" /><G13/><T91/><D91/><U100/><E59/><V37/><F32/><W35/><G35/><T67/><D67/><U50/><E96/><V105/><F105/><W102/><G21/><T45/><D110/><U75/><E51/><V61/><F40/><W97/><G97/><N who="0" m="61935" /><D4/><U9/><E41/><V74/><F74/><W85/><G85/><T20/><D2/><U108/><E75/><V117/><F37/><W54/><G54/><T78/><D78/><U88/><E104/><V18/><F19/><W3/><G3/><T111/><D111/><U101/><E109/><V83/><F83/><W31/><G31/><N who="0" m="11819" /><D20/><U118/><E108/><V72/><F72/><W42/><G42/><T93/><D114/><U10/><E134/><V113/><F113/><W44/><G25/><N who="0" m="9835" /><D93/><U89/><E126/><V68/><F117/><W5/><G5/><T48/><D52/><U128/><E119/><V66/><F68/><W116/><G116/><T77/><D77/><U60/><E118/><V79/><F66/><W94/><G94/><RYUUKYOKU ba="0,0" sc="163,10,500,-30,157,10,180,10" hai0="45,48,129,130" hai2="15,18,23,46,47,53,57,58,61,65,79,81,87" hai3="7,8,12,44,86,90,92,95,98,102" /><INIT seed="2,1,0,0,4,51" ten="173,470,167,190" oya="2" hai0="18,79,32,120,20,82,121,104,132,92,1,106,78" hai1="44,63,75,101,39,111,64,34,93,14,95,58,43" hai2="46,73,35,108,86,49,129,113,77,70,67,94,126" hai3="10,57,4,19,76,68,8,30,29,17,88,15,118"/><V105/><F113/><W124/><G68/><T103/><D32/><U66/><E111/><V99/><F35/><W33/><G118/><T5/><D5/><U53/><E34/><V0/><F0/><W114/><G76/><T117/><D1/><U6/><E75/><V59/><F70/><W80/><G33/><T37/><D37/><U110/><E110/><V50/><F108/><W85/><G124/><T24/><D132/><U71/><E101/><V16/><F73/><W96/><G114/><T27/><D117/><U9/><E66/><V123/><F105/><W40/><G40/><T54/><D79/><U128/><E128/><V98/><F129/><W87/><G96/><T133/><D133/><U41/><E41/><V100/><F99/><W127/><G127/><T11/><D11/><U61/><AGARI ba="1,0" hai="6,9,14,39,43,44,53,58,61,63,64,71,93,95" machi="61" ten="20,2700,0" yaku="0,1,7,1,52,1" doraHai="51" who="1" fromWho="1" sc="173,-8,470,30,167,-14,190,-8" /><INIT seed="3,0,0,0,5,64" ten="165,500,153,182" oya="3" hai0="96,98,58,104,14,27,25,43,108,39,115,69,30" hai1="44,86,59,103,40,26,124,100,89,46,49,73,33" hai2="116,23,36,50,78,129,74,28,110,125,41,0,68" hai3="127,17,45,65,85,106,119,117,7,83,21,31,105"/><W35/><G7/><T113/><D108/><U111/><E73/><V12/><F116/><W66/><G31/><T18/><D69/><U84/><E84/><V5/><F110/><W135/><G35/><T22/><D58/><U130/><E124/><V4/><F68/><W16/><G45/><N who="0" m="23807" /><D104/><N who="3" m="40041" /><G127/><T132/><D132/><U11/><E11/><N who="2" m="2439" /><F50/><W6/><G6/><T121/><D121/><U131/><E46/><N who="2" m="23847" /><F125/><W90/><G17/><T93/><D93/><U102/><E33/><V52/><F52/><W57/><G135/><T87/><D87/><U91/><E26/><N who="0" m="9737" /><D30/><U2/><E2/><V101/><F101/><W9/><G9/><T94/><D94/><U99/><E111/><V114/><F28/><W1/><G1/><T77/><D77/><U3/><E3/><V122/><F122/><W120/><G120/><T70/><D70/><U13/><E59/><V60/><F60/><N who="3" m="38031" /><G66/><T32/><D32/><U76/><E13/><V79/><F79/><W97/><G97/><T128/><D128/><N who="1" m="49195" /><E99/><V15/><F129/><W29/><G29/><T126/><D126/><U53/><E53/><V81/><F15/><N who="3" m="9375" /><G119/><T109/><D109/><U55/><E55/><V8/><F23/><W37/><G117/><T95/><D95/><N who="1" m="54711" /><E76/><V92/><F92/><W24/><G37/><T34/><D34/><U107/><E107/><V67/><F67/><W82/><G24/><T75/><D75/><U133/><E133/><V123/><F123/><W72/><G72/><T54/><D54/><U71/><E71/><V42/><F42/><W62/><G62/><T38/><D38/><U51/><E51/><RYUUKYOKU ba="0,0" sc="165,0,500,0,153,0,182,0" hai0="14,18,22,96,98,113,115" hai1="40,44,49,91,100,102,103" hai2="5,8,12,74,78,81,114" hai3="82,83,85,90" /><INIT seed="3,1,0,1,0,28" ten="165,500,153,182" oya="3" hai0="111,102,85,56,95,31,66,27,15,133,97,100,120" hai1="134,83,35,117,49,87,75,42,16,109,60,54,74" hai2="77,118,71,130,86,45,52,79,91,82,57,115,135" hai3="106,12,4,65,24,34,10,68,98,127,7,38,92"/><W47/><G92/><T126/><D120/><U50/><E35/><V40/><F115/><W112/><G112/><T17/><D126/><U89/><E60/><V88/><F118/><W29/><G127/><T84/><D133/><U48/><E109/><V39/><F135/><W58/><G58/><T113/><D111/><U99/><E134/><V44/><F130/><W53/><G53/><T96/><D113/><U81/><E81/><V55/><F71/><W1/><G47/><T125/><D125/><U5/><E5/><V20/><F20/><W3/><G7/><T14/><D14/><U93/><E42/><V13/><F13/><W114/><G114/><T51/><D27/><U90/><E117/><V11/><F11/><W23/><G38/><T32/><D31/><U124/><E124/><V2/><F2/><W107/><G107/><T64/><D32/><U30/><E30/><V76/><F45/><W131/><G131/><T46/><D97/><U105/><E105/><V8/><F8/><W59/><G59/><T122/><D102/><U61/><E61/><V69/><F69/><W129/><G129/><T132/><D122/><U108/><E108/><V121/><F121/><W22/><G22/><N who="0" m="11583" /><D132/><U9/><E54/><N who="2" m="20523" /><F57/><W72/><G72/><T103/><D103/><U80/><E80/><V70/><F70/><W78/><G78/><T41/><D56/><U110/><E110/><V119/><F119/><W18/><G1/><T123/><D123/><U19/><E9/><V62/><F62/><N who="3" m="39991" /><G106/><T101/><D101/><U0/><E0/><V73/><F73/><N who="1" m="27657" /><E93/><V67/><F67/><AGARI ba="1,0" hai="41,46,51,64,66,67,84,85,95,96,100" m="11583" machi="67" ten="30,2000,0" yaku="6,1,8,1" doraHai="28" who="0" fromWho="2" sc="165,23,500,0,153,-23,182,0" owari="188,-1.2,500,60.0,130,-37.0,182,-21.8" /></mjloggm>