<mjloggm ver="2.3"><GO type="225" lobby="0"/><UN n0="%E8%81%B7%E6%A5%AD%E3%80%81%E9%A2%A8%32" n1="%E6%80%AA%E3%81%97%E3%81%99%E3%81%8E%E3%82%8B%E3%83%81%E3%83%BC" n2="%33%74%72%65%65" n3="%48%61%61%61%6C%61%6E%64" dan="16,17,17,17" rate="2082.43,2146.66,2155.00,2235.44" sx="M,M,F,M"/><TAIKYOKU oya="0"/><INIT seed="0,0,0,1,4,15" ten="250,250,250,250" oya="0" hai0="68,105,120,30,92,87,123,118,1,37,51,135,35" hai1="57,131,63,52,45,23,96,99,88,130,48,31,73" hai2="72,65,70,76,29,98,20,111,11,44,94,36,12" hai3="90,85,121,32,61,6,62,106,43,24,17,115,49"/><T104/><D37/><U38/><E73/><V75/><F111/><W60/><G115/><T8/><D68/><U129/><E38/><V109/><F109/><W14/><G106/><T3/><D118/><U107/><E107/><V126/><F76/><W16/><G121/><T50/><D87/><U110/><E110/><V34/><F34/><W117/><G117/><T2/><D8/><U102/><E88/><V5/><F126/><W112/><G112/><T42/><D92/><U101/><E23/><V71/><F71/><W74/><G74/><T39/><D39/><U134/><E31/><V54/><F29/><W33/><G33/><T119/><D119/><U127/><E134/><V46/><F20/><N who="3" m="13319" /><G6/><T83/><D30/><U66/><REACH who="1" step="1"/><E127/><REACH who="1" ten="250,240,250,250" step="2"/><V91/><F72/><W97/><G32/><T113/><D135/><U100/><AGARI ba="0,1" hai="45,48,52,57,63,66,96,99,100,101,102,129,130,131" machi="100" ten="40,16000,3" yaku="1,1,2,1,0,1,19,1,54,1,53,3" doraHai="15" doraHaiUra="125" who="1" fromWho="1" sc="250,-80,240,170,250,-40,250,-40" /><INIT seed="1,0,0,3,4,73" ten="170,410,210,210" oya="1" hai0="127,56,39,117,15,85,42,64,128,17,6,48,28" hai1="88,26,18,114,57,93,52,129,46,126,68,84,33" hai2="38,99,36,67,111,45,22,124,101,30,61,113,9" hai3="58,130,82,71,43,131,16,97,135,44,4,76,63"/><U65/><E114/><V53/><F113/><W89/><G71/><T90/><D117/><U41/><E129/><N who="3" m="49162" /><G4/><T35/><D128/><U78/><E126/><V49/><F124/><W60/><G135/><T100/><D127/><U50/><E33/><V110/><F9/><W8/><G89/><T10/><D100/><U47/><E78/><V103/><F103/><W0/><G97/><T12/><D39/><U107/><E107/><V83/><F83/><W95/><G95/><T3/><D42/><U81/><E93/><V5/><F5/><N who="3" m="1063" /><G58/><T27/><D64/><U7/><E7/><V54/><F99/><W34/><G34/><T19/><D15/><U37/><E46/><V94/><F94/><W75/><G16/><T115/><D19/><U20/><REACH who="1" step="1"/><E65/><REACH who="1" ten="170,400,210,210" step="2"/><V21/><F67/><W86/><G86/><T13/><D85/><U31/><E31/><V11/><F30/><W14/><G14/><T1/><D13/><U98/><E98/><V104/><F104/><W112/><G112/><T2/><D115/><U120/><E120/><V108/><F45/><W122/><G122/><T25/><D6/><U106/><E106/><V123/><F123/><W116/><G116/><T29/><D12/><U134/><E134/><V118/><F118/><W79/><G76/><T125/><D35/><U102/><E102/><V77/><F101/><W80/><G82/><T132/><D132/><U119/><E119/><V96/><F77/><W24/><G24/><T70/><D125/><U92/><E92/><V23/><F96/><W69/><G79/><T32/><D32/><U59/><E59/><RYUUKYOKU ba="0,1" sc="170,-10,400,30,210,-10,210,-10" hai1="18,20,26,37,41,47,50,52,57,68,81,84,88" /><INIT seed="1,1,1,3,0,18" ten="160,430,200,200" oya="1" hai0="67,74,28,15,58,44,98,79,109,30,112,1,56" hai1="73,113,69,70,91,128,77,130,93,105,118,86,24" hai2="100,32,21,80,61,103,55,20,101,52,35,8,40" hai3="110,132,14,89,87,13,125,2,134,81,126,6,94"/><U96/><E113/><V31/><F40/><W85/><G2/><T115/><D1/><U129/><E118/><V84/><F8/><N who="3" m="4247" /><G14/><T104/><D109/><U71/><E24/><V124/><F124/><N who="3" m="47723" /><G110/><T54/><D15/><U122/><E122/><V78/><F35/><W107/><G107/><T29/><D67/><U51/><E51/><V43/><F43/><W114/><G114/><T37/><D104/><U131/><N who="1" m="32768" /><DORA hai="92" /><U62/><E73/><V41/><F41/><W90/><AGARI ba="1,1" hai="81,85,87,89,90,94,132,134" m="47723,4247" machi="90" ten="30,1100,0" yaku="18,1" doraHai="18,92" who="3" fromWho="3" sc="160,-4,430,-6,200,-4,200,24" /><INIT seed="2,0,0,1,2,58" ten="156,424,196,224" oya="2" hai0="97,104,132,80,92,54,36,5,114,82,7,61,76" hai1="18,30,1,66,85,93,21,38,90,128,13,3,81" hai2="89,4,40,56,126,73,103,15,119,100,47,22,135" hai3="9,50,130,87,0,17,116,110,44,35,124,99,39"/><V62/><F119/><W131/><G116/><T53/><D114/><U133/><E38/><V23/><F135/><W43/><G110/><T71/><D104/><U106/><E106/><V98/><F73/><W33/><G124/><T86/><D36/><U112/><E112/><V78/><F78/><W25/><G99/><T32/><D32/><U68/><E128/><N who="3" m="49194" /><G87/><T65/><D132/><U108/><E108/><V123/><F123/><W88/><G88/><T127/><D127/><U26/><E133/><V2/><F89/><W70/><G70/><T41/><D41/><U67/><E81/><V19/><F98/><W121/><G121/><T113/><D82/><U24/><E24/><V101/><F126/><W27/><G39/><T64/><D64/><U57/><E68/><V102/><F102/><W115/><G115/><T63/><D113/><U122/><E122/><V46/><F40/><W134/><G134/><T20/><D20/><U14/><E14/><V74/><F23/><N who="3" m="13551" /><G27/><T8/><D63/><U125/><E125/><V42/><F74/><W37/><G37/><T79/><D76/><U95/><E95/><V16/><F42/><W105/><G105/><T10/><D8/><U117/><E117/><V51/><F101/><W107/><G107/><T6/><REACH who="0" step="1"/><D10/><REACH who="0" ten="146,424,196,224" step="2"/><U28/><E67/><V59/><F62/><W84/><G33/><T49/><D49/><U75/><E66/><V11/><F51/><W55/><G35/><T72/><D72/><U111/><E75/><V118/><F118/><W48/><G43/><T83/><D83/><U77/><E77/><V91/><F11/><RYUUKYOKU ba="0,1" sc="146,30,424,-10,196,-10,224,-10" hai0="5,6,7,53,54,61,65,71,79,80,86,92,97" /><INIT seed="3,1,1,4,1,47" ten="176,414,186,214" oya="3" hai0="16,24,73,119,40,11,69,46,104,123,95,85,3" hai1="82,20,79,60,6,101,29,97,122,42,108,64,41" hai2="5,31,56,70,135,55,61,49,4,37,116,32,19" hai3="75,1,51,96,36,91,38,77,102,53,52,106,112"/><W86/><G112/><T125/><D73/><U80/><E108/><V99/><F116/><W58/><G1/><T17/><D69/><U35/><E122/><V88/><F37/><W44/><G77/><T133/><D104/><U114/><E114/><V121/><F121/><W15/><G15/><N who="0" m="7295" /><D3/><U13/><E35/><V115/><F115/><W12/><G12/><T127/><D119/><U9/><E82/><V10/><F135/><W110/><G75/><T57/><D133/><U128/><E128/><V98/><F32/><W39/><G110/><T118/><D118/><U7/><E7/><N who="2" m="2635" /><F70/><W100/><G100/><T71/><D71/><U18/><E29/><V87/><F31/><W34/><G34/><T14/><D24/><N who="1" m="14359" /><E97/><N who="2" m="36875" /><F19/><W134/><G134/><T68/><D68/><U109/><E101/><V76/><F10/><W25/><G25/><T111/><D123/><U8/><E8/><V62/><F76/><W92/><G36/><T21/><D111/><U124/><E124/><N who="0" m="47689" /><D95/><AGARI ba="1,1" hai="49,55,56,61,62,87,88,95" m="36875,2635" machi="95" ten="30,3900,0" yaku="8,1,52,1,54,1" doraHai="47" who="2" fromWho="0" sc="176,-42,414,0,186,52,214,0" owari="134,-36.6,414,51.4,238,3.8,214,-18.6" /></mjloggm>