<mjloggm ver="2.3"><GO type="225" lobby="0"/><UN n0="%E7%89%B9%E6%9D%B1%E3%81%AF%E4%B8%96%E7%95%8C%E3%82%92%E6%95%91%E3%81%86" n1="%E3%81%8F%E3%82%8A%E3%83%94%E3%83%BC" n2="%E3%81%99%E3%81%84%E3%81%BE%E3%81%9B%E3%83%BC%E3%82%93" n3="%E3%81%B7%E3%82%8A%E3%82%93%E8%81%96%E4%BA%BA" dan="16,16,16,16" rate="2160.79,2093.31,2108.51,2146.11" sx="M,M,M,M"/><TAIKYOKU oya="0"/><INIT seed="0,0,0,3,5,8" ten="250,250,250,250" oya="0" hai0="32,110,54,61,69,103,24,72,14,52,73,107,82" hai1="124,97,117,104,133,77,74,55,109,123,16,13,95" hai2="62,94,58,11,5,71,76,46,122,102,92,87,40" hai3="45,112,128,43,21,10,28,4,35,7,33,23,101"/><T0/><D0/><U41/><E117/><V88/><F71/><W115/><G101/><T106/><D110/><U114/><E123/><V26/><F122/><W119/><G43/><T48/><D82/><U81/><E109/><V44/><F76/><W6/><G45/><T12/><D32/><N who="3" m="12361" /><G119/><T17/><D24/><U60/><E104/><V91/><F102/><W84/><G84/><T98/><D106/><U93/><E124/><V1/><F26/><N who="3" m="16463" /><G128/><T90/><D90/><U80/><E133/><V36/><F46/><W50/><G50/><T51/><D14/><U53/><E41/><V78/><F78/><W99/><G99/><T47/><D61/><U34/><E34/><V134/><F134/><W129/><G129/><T2/><D2/><U31/><E31/><V64/><REACH who="2" step="1"/><F91/><REACH who="2" ten="250,250,240,250" step="2"/><W42/><G42/><T18/><D69/><U132/><E132/><V22/><F22/><W130/><G130/><T25/><D47/><U131/><E131/><V15/><F15/><N who="3" m="5575" /><G23/><T85/><D103/><U63/><E77/><V56/><F56/><W19/><G115/><T37/><D73/><U86/><E114/><V27/><F27/><W68/><G112/><T96/><D72/><U59/><E74/><V113/><F113/><W66/><G68/><T116/><D25/><U100/><E59/><V9/><F9/><W127/><G127/><T38/><D116/><U39/><E100/><V57/><F57/><W126/><G126/><T111/><D111/><U83/><E13/><V3/><F3/><W89/><G89/><T79/><D12/><U30/><E30/><V29/><F29/><RYUUKYOKU ba="0,1" sc="250,-10,250,-10,240,30,250,-10" hai2="1,5,11,36,40,44,58,62,64,87,88,92,94" /><INIT seed="1,1,1,2,1,73" ten="240,240,270,240" oya="1" hai0="22,120,21,59,12,27,79,51,96,46,122,107,105" hai1="17,74,111,19,133,42,123,50,94,102,8,110,40" hai2="62,100,14,69,30,129,49,3,130,45,67,37,116" hai3="35,31,80,61,83,39,82,15,76,81,43,99,25"/><U0/><E123/><N who="0" m="47145" /><D59/><U92/><E133/><V4/><F116/><W118/><G118/><T6/><D79/><U33/><E33/><V1/><F37/><W90/><G39/><T52/><D96/><U41/><E50/><V64/><F30/><W95/><G43/><T60/><D60/><U135/><E135/><V86/><F67/><W28/><G28/><N who="0" m="17519" /><D22/><U108/><E74/><V70/><F70/><W113/><G113/><T75/><D75/><U38/><E38/><V44/><F100/><W68/><G81/><T71/><D71/><U16/><E102/><V18/><F45/><W101/><G101/><T117/><D117/><U26/><E26/><V56/><F69/><W127/><G68/><T98/><D98/><U11/><E0/><V114/><F86/><W63/><G63/><T5/><D12/><U126/><E126/><V106/><F106/><AGARI ba="1,1" hai="5,6,46,51,52,105,106,107" m="17519,47145" machi="106" ten="30,2000,0" yaku="13,1,54,1" doraHai="73" who="0" fromWho="2" sc="240,33,240,0,270,-23,240,0" /><INIT seed="2,0,0,0,2,66" ten="273,240,247,240" oya="2" hai0="78,47,112,100,25,96,125,50,42,72,117,7,76" hai1="99,113,80,65,89,60,85,32,131,41,82,93,109" hai2="56,114,106,48,19,53,14,108,119,121,51,24,20" hai3="124,57,133,130,28,107,15,83,36,68,34,101,29"/><V26/><F114/><W45/><G29/><T128/><D112/><U4/><E113/><V118/><F121/><W98/><G57/><T123/><D123/><U52/><E109/><V54/><F106/><W71/><G15/><T97/><D7/><U5/><E32/><V129/><F129/><W69/><G130/><T22/><D72/><U23/><E41/><V11/><F108/><W2/><G83/><T18/><D125/><U16/><E82/><V37/><F37/><W62/><G124/><T6/><D6/><U10/><E10/><V135/><F135/><W55/><G55/><T122/><D122/><U63/><E131/><V132/><F132/><W87/><G87/><T43/><D43/><U70/><E52/><V30/><REACH who="2" step="1"/><F26/><REACH who="2" ten="273,240,237,240" step="2"/><N who="3" m="18711" /><G133/><T33/><D128/><U95/><E63/><V104/><F104/><W39/><G62/><T1/><D25/><U81/><E95/><V58/><AGARI ba="0,1" hai="11,14,19,20,24,30,48,51,53,54,56,58,118,119" machi="58" ten="20,7800,0" yaku="1,1,0,1,7,1,9,1,53,0" doraHai="66" doraHaiUra="0" who="2" fromWho="2" sc="273,-26,240,-26,237,88,240,-26" /><INIT seed="2,1,0,1,5,10" ten="247,214,325,214" oya="2" hai0="36,45,111,0,21,22,60,65,12,47,132,51,9" hai1="133,20,2,35,102,41,125,81,93,5,69,42,85" hai2="80,94,26,16,37,66,39,74,8,57,62,98,25" hai3="53,11,95,13,115,46,34,104,117,71,7,24,58"/><V119/><F119/><W79/><G104/><T134/><D111/><U114/><E35/><V77/><F26/><W120/><G71/><T83/><D0/><U63/><E114/><V50/><F50/><W67/><G117/><T70/><D36/><U49/><E49/><V129/><F129/><W123/><G67/><T82/><D22/><U130/><E20/><V131/><F131/><W44/><G79/><T99/><D99/><U28/><E28/><V29/><F29/><W32/><G115/><T64/><D64/><U23/><E23/><V54/><F66/><W31/><G34/><T106/><D21/><U121/><E125/><V89/><REACH who="2" step="1"/><F25/><REACH who="2" ten="247,214,315,214" step="2"/><W96/><G120/><T90/><D51/><U92/><E130/><V135/><F135/><W30/><G123/><T103/><D134/><U126/><E133/><V18/><F18/><W59/><G31/><T68/><D132/><U3/><E121/><V48/><F48/><W112/><G112/><T110/><D70/><U108/><E69/><V61/><F61/><W56/><REACH who="3" step="1"/><G53/><REACH who="3" ten="247,214,315,204" step="2"/><T73/><D68/><U15/><E42/><V105/><F105/><W128/><G128/><T14/><D65/><U4/><E41/><V87/><F87/><W91/><AGARI ba="1,2" hai="7,11,13,24,30,32,44,46,56,58,59,91,95,96" machi="91" ten="30,4000,0" yaku="1,1,0,1,52,1,53,0" doraHai="10" doraHaiUra="75" who="3" fromWho="3" sc="247,-11,214,-11,315,-21,204,63" /><INIT seed="3,0,0,1,1,33" ten="236,203,294,267" oya="3" hai0="122,129,59,67,73,125,110,42,64,124,30,14,76" hai1="57,101,75,117,119,91,83,19,39,7,58,105,133" hai2="92,48,46,18,127,85,112,97,13,25,9,55,22" hai3="132,109,16,114,45,111,121,41,6,52,102,43,89"/><W36/><G114/><T23/><D122/><U44/><E133/><V78/><F127/><W5/><G102/><T17/><D110/><N who="3" m="41993" /><G43/><T37/><D129/><U62/><E7/><V47/><F112/><W61/><G132/><T11/><D76/><N who="1" m="44447" /><E19/><V21/><F78/><W50/><G61/><T79/><D79/><U53/><E91/><N who="2" m="53359" /><F97/><W74/><G74/><T66/><D73/><U4/><E4/><N who="2" m="3239" /><F22/><W0/><G0/><T130/><D130/><U72/><E72/><V116/><F116/><N who="1" m="44617" /><E101/><V54/><F54/><W123/><G89/><T24/><D125/><U28/><E105/><V34/><F34/><W88/><G6/><T80/><D124/><U113/><E113/><V99/><F99/><W12/><G5/><T32/><D80/><U63/><E28/><V65/><F65/><W87/><G88/><T131/><D131/><U51/><E39/><V38/><F38/><W70/><G87/><T1/><D1/><U49/><E44/><AGARI ba="0,0" hai="18,21,25,44,46,47,48,55" m="3239,53359" machi="44" ten="30,1000,0" yaku="8,1" doraHai="33" who="2" fromWho="1" sc="236,0,203,-10,294,10,267,0" owari="236,-16.4,193,-30.7,304,40.4,267,6.7" /></mjloggm>