<mjloggm ver="2.3"><GO type="225" lobby="0"/><UN n0="%E3%81%99%E3%81%84%E3%81%BE%E3%81%9B%E3%83%BC%E3%82%93" n1="%E3%83%A9%E3%83%96%E3%83%AC%E3%83%BC" n2="%E3%81%B5%E3%81%98%E3%81%8B%E3%81%A4" n3="%E3%83%8F%E3%83%B3%E3%83%89%E3%83%A9%E3%83%BC%E3%83%BB%E3%83%AF%E3%83%B3" dan="18,17,16,16" rate="2209.36,2094.60,2167.76,2164.24" sx="M,M,M,M"/><TAIKYOKU oya="0"/><INIT seed="0,0,0,2,3,123" ten="250,250,250,250" oya="0" hai0="62,75,0,125,90,76,104,129,133,111,31,57,34" hai1="109,68,9,10,24,88,60,79,72,29,120,97,85" hai2="3,95,80,38,2,126,1,20,45,100,55,47,17" hai3="46,86,13,78,54,30,116,50,135,59,23,77,21"/><T32/><D125/><U58/><E68/><V132/><F126/><W92/><G116/><T128/><D133/><U134/><E120/><V27/><F132/><W93/><G135/><T48/><D0/><U99/><E72/><V107/><F107/><W43/><G30/><T26/><D104/><U96/><E79/><N who="3" m="30218" /><G86/><T71/><D71/><U65/><E109/><V101/><F80/><W36/><G36/><T35/><D90/><U51/><E51/><V110/><F110/><W119/><G119/><T8/><D8/><U113/><E113/><V91/><F55/><W114/><G114/><T69/><D48/><U112/><E112/><V61/><F61/><N who="3" m="36087" /><G13/><T4/><D69/><U73/><E73/><V122/><F122/><W118/><G118/><T82/><D4/><U94/><REACH who="1" step="1"/><E134/><REACH who="1" ten="250,240,250,250" step="2"/><V7/><F38/><W124/><G124/><T56/><D111/><U37/><E37/><V53/><F47/><W81/><G81/><T117/><D117/><U84/><E84/><V18/><F45/><W16/><G50/><T64/><REACH who="0" step="1"/><D57/><REACH who="0" ten="240,240,250,250" step="2"/><U106/><E106/><V14/><F7/><W74/><G46/><T15/><D15/><U33/><AGARI ba="0,2" hai="9,10,24,29,33,58,60,65,85,88,94,96,97,99" machi="33" ten="30,4000,0" yaku="1,1,0,1,54,1,53,0" doraHai="123" doraHaiUra="40" who="1" fromWho="1" sc="240,-20,240,60,250,-10,250,-10" /><INIT seed="1,0,0,5,1,49" ten="220,300,240,240" oya="1" hai0="109,54,58,103,47,69,23,45,36,8,56,106,24" hai1="129,65,96,19,29,38,80,33,119,130,41,4,83" hai2="111,15,95,94,53,77,74,57,40,98,42,131,88" hai3="43,85,110,115,18,26,6,125,31,101,7,61,27"/><U127/><E119/><V112/><F111/><W107/><G115/><T82/><D109/><U25/><E65/><V72/><F112/><W60/><G110/><T123/><D69/><U102/><E4/><V117/><F117/><W93/><G125/><T13/><D123/><U52/><E127/><V1/><F1/><W97/><G43/><T92/><D106/><U22/><E41/><V134/><F134/><W113/><G113/><T84/><D36/><U73/><E73/><V68/><F68/><W114/><G114/><T126/><D126/><U5/><E5/><V78/><F131/><N who="1" m="50185" /><E38/><V20/><F72/><W67/><G61/><N who="0" m="35991" /><D58/><U118/><E118/><V70/><F70/><W86/><G18/><N who="0" m="8487" /><D92/><N who="1" m="58631" /><E29/><V135/><F135/><W124/><G124/><T34/><D103/><U30/><E30/><V81/><F94/><W17/><G107/><T87/><D34/><U89/><E89/><V50/><REACH who="2" step="1"/><F78/><REACH who="2" ten="220,300,230,240" step="2"/><W2/><G2/><T133/><D133/><U12/><E83/><V21/><F21/><W9/><G9/><T55/><D82/><U37/><E80/><V28/><F28/><W100/><G31/><N who="0" m="17823" /><D45/><U3/><E3/><V79/><F79/><W91/><G93/><T99/><D99/><U104/><E104/><V10/><F10/><W90/><G97/><T59/><D47/><U116/><E116/><V46/><F46/><W51/><G101/><T16/><D16/><AGARI ba="0,1" hai="15,16,20,40,42,50,53,57,74,77,81,88,95,98" machi="16" ten="40,8000,1" yaku="1,1,52,1,54,2,53,1" doraHai="49" doraHaiUra="76" who="2" fromWho="0" sc="220,-80,300,0,230,90,240,0" /><INIT seed="2,0,0,2,5,113" ten="140,300,320,240" oya="2" hai0="97,6,9,130,52,99,106,129,94,21,2,73,24" hai1="88,69,37,70,56,111,17,81,85,78,31,126,46" hai2="12,28,64,109,71,80,22,120,10,116,23,1,33" hai3="25,11,53,110,108,42,76,83,82,39,35,107,133"/><V79/><F116/><W67/><G107/><T5/><D73/><U54/><E31/><V84/><F120/><W29/><G133/><T66/><D106/><U26/><E126/><V132/><F132/><W38/><G67/><T89/><D6/><U77/><E111/><N who="3" m="42538" /><G42/><T20/><D66/><U127/><E127/><V103/><F109/><W55/><G11/><T93/><D52/><N who="3" m="20041" /><G83/><T49/><D49/><U63/><E70/><V112/><F71/><W15/><G15/><T75/><D75/><AGARI ba="0,0" hai="25,29,35,38,39,75,76,82" m="20041,42538" machi="75" ten="30,2000,0" yaku="14,1,54,1" doraHai="113" who="3" fromWho="0" sc="140,-20,300,0,320,0,240,20" /><INIT seed="3,0,0,0,5,126" ten="120,300,320,260" oya="3" hai0="124,133,122,92,111,71,28,2,63,100,67,85,10" hai1="77,49,55,43,84,21,59,15,114,93,60,91,113" hai2="96,45,94,24,118,46,7,65,6,39,33,41,66" hai3="0,89,128,116,107,11,78,82,30,26,68,56,19"/><W74/><G116/><T72/><D85/><U36/><E36/><V51/><F118/><W95/><G68/><T125/><D92/><U134/><E134/><V48/><F39/><W101/><G56/><T109/><D122/><U16/><E77/><V34/><F24/><W104/><G101/><T90/><D90/><U32/><E32/><V112/><F112/><N who="1" m="43113" /><E60/><V83/><F83/><W97/><G128/><T37/><D133/><U120/><E43/><N who="2" m="24639" /><F34/><W87/><G74/><T76/><D100/><U29/><E29/><V3/><F3/><W1/><G1/><T129/><D28/><U23/><E23/><V99/><F33/><W31/><G31/><T50/><D50/><U81/><E81/><V20/><F20/><W110/><G110/><T64/><D37/><U132/><E132/><V47/><F47/><W4/><REACH who="3" step="1"/><G19/><REACH who="3" ten="120,300,320,250" step="2"/><T117/><D117/><U18/><E18/><V106/><F106/><W54/><G54/><T58/><D58/><U52/><E55/><V57/><F57/><W119/><G119/><T61/><D72/><U80/><E80/><V103/><F99/><W22/><AGARI ba="0,1" hai="0,4,11,22,26,30,78,82,87,89,95,97,104,107" machi="22" ten="20,3900,0" yaku="1,1,0,1,7,1,53,0" doraHai="126" doraHaiUra="130" who="3" fromWho="3" sc="120,-13,300,-13,320,-13,250,49" /><INIT seed="3,1,0,5,5,19" ten="107,287,307,299" oya="3" hai0="125,6,76,38,97,87,106,96,127,7,93,101,25" hai1="103,78,75,9,44,129,41,63,130,49,131,126,119" hai2="22,116,46,56,89,5,52,120,77,134,39,94,72" hai3="21,36,65,99,50,2,24,13,54,66,3,62,0"/><W122/><G122/><T113/><D38/><U114/><E114/><V1/><F116/><W64/><G36/><T35/><D113/><U85/><E119/><V10/><F120/><W26/><G99/><T112/><D112/><U15/><E103/><V91/><F134/><W81/><G81/><N who="0" m="47527" /><D35/><U74/><E63/><N who="2" m="36231" /><F22/><W135/><G135/><T84/><D25/><U90/><E126/><N who="0" m="48137" /><D6/><N who="1" m="3511" /><E78/><V61/><F61/><W34/><G34/><T40/><D7/><U68/><E68/><V8/><F94/><AGARI ba="1,0" hai="41,44,49,74,75,85,90,94,129,130,131" m="3511" machi="94" ten="30,1000,0" yaku="19,1" doraHai="19" who="1" fromWho="2" sc="107,0,287,13,307,-13,299,0" owari="107,-39.3,300,40.0,294,-10.6,299,9.9" /></mjloggm>