<mjloggm ver="2.3"><GO type="225" lobby="0"/><UN n0="%E7%9C%9F%E4%B8%80" n1="%72%61%6B%33" n2="%73%6C%69%63%6B%33%31%39" n3="%E3%80%90%E8%92%BC%E7%90%89%E3%80%91" dan="17,17,16,16" rate="2157.56,2167.07,2147.89,2145.88" sx="M,M,M,F"/><TAIKYOKU oya="0"/><INIT seed="0,0,0,4,2,129" ten="250,250,250,250" oya="0" hai0="84,70,135,105,12,107,114,8,98,89,1,52,126" hai1="82,66,16,14,94,11,49,124,53,103,102,45,68" hai2="38,50,97,91,101,51,7,77,58,95,110,133,60" hai3="112,74,55,25,96,73,19,118,115,31,27,21,63"/><T4/><D114/><U117/><E124/><V22/><F38/><W131/><G118/><T127/><D70/><U23/><E117/><V132/><F110/><W134/><G131/><T57/><D1/><U29/><E68/><V17/><F77/><W24/><G134/><N who="2" m="51817" /><F7/><W88/><G73/><T83/><D135/><U64/><E82/><V32/><F32/><W0/><G74/><T109/><D109/><U69/><E69/><V71/><F101/><N who="1" m="38409" /><E94/><V80/><F80/><W37/><G0/><T42/><D42/><U92/><E92/><V6/><F6/><W9/><G37/><T28/><D28/><U40/><E40/><V116/><F71/><W121/><G121/><T39/><D39/><U128/><E128/><V5/><F5/><W120/><G120/><T62/><REACH who="0" step="1"/><D98/><REACH who="0" ten="240,250,250,250" step="2"/><U13/><E29/><V35/><F116/><W26/><G115/><T36/><D36/><U123/><E123/><V100/><F35/><W20/><G112/><T90/><D90/><U65/><E11/><V78/><F100/><W79/><G9/><T122/><D122/><U75/><E75/><V33/><F33/><W10/><G10/><T47/><D47/><U87/><E87/><V81/><F78/><W93/><G79/><T67/><D67/><U72/><E72/><V85/><F97/><W3/><G3/><T59/><D59/><AGARI ba="0,1" hai="19,20,21,24,25,26,27,31,55,59,63,88,93,96" machi="59" ten="40,8000,1" yaku="25,2,8,1,54,1" doraHai="129" who="3" fromWho="0" sc="240,-80,250,0,250,0,250,90" /><INIT seed="1,0,0,0,3,64" ten="160,250,250,340" oya="1" hai0="126,86,5,54,129,130,21,115,74,120,57,11,2" hai1="93,92,62,83,33,53,110,16,37,113,94,35,127" hai2="49,55,8,88,133,96,29,85,10,125,6,123,84" hai3="40,46,27,124,48,24,44,79,39,22,117,4,17"/><U60/><E113/><V38/><F123/><W70/><G124/><T45/><D115/><U20/><E127/><V82/><F38/><W122/><G122/><T95/><D74/><U106/><E106/><V77/><F125/><W116/><G4/><T56/><D126/><U25/><E37/><V41/><F133/><W47/><G79/><T111/><D111/><U65/><E110/><V72/><F29/><W135/><G135/><T43/><D120/><U32/><E83/><V58/><F41/><W15/><G70/><T50/><D21/><U75/><E75/><V103/><F6/><W67/><G67/><T100/><D57/><U42/><E42/><V7/><F7/><W36/><G36/><T63/><REACH who="0" step="1"/><D86/><REACH who="0" ten="150,250,250,340" step="2"/><U108/><E108/><V102/><F72/><W19/><G44/><T131/><D131/><U9/><E9/><N who="2" m="3691" /><F96/><AGARI ba="0,1" hai="2,5,11,43,45,50,54,56,63,95,96,100,129,130" machi="96" ten="40,2600,0" yaku="1,1,53,1" doraHai="64" doraHaiUra="91" who="0" fromWho="2" sc="150,36,250,0,250,-26,340,0" /><INIT seed="2,0,0,5,4,104" ten="186,250,224,340" oya="2" hai0="46,38,126,58,50,71,59,0,118,9,127,60,48" hai1="98,24,85,32,29,52,17,131,43,92,69,37,75" hai2="106,65,51,36,78,82,7,80,113,89,27,87,16" hai3="134,54,26,44,76,112,56,119,25,53,40,84,107"/><V86/><F113/><W111/><G107/><T22/><D22/><U125/><E69/><V30/><F36/><W123/><G119/><T83/><D9/><U34/><E125/><N who="0" m="47625" /><D0/><U130/><E85/><V121/><F121/><W15/><G53/><T57/><D83/><U109/><E109/><V115/><F106/><W74/><G56/><N who="0" m="21611" /><D118/><U64/><E32/><V14/><F115/><W1/><G111/><T128/><D128/><U49/><E17/><V120/><F120/><W93/><G15/><T20/><D20/><U11/><E11/><V3/><F51/><W35/><G25/><T102/><D102/><U88/><E64/><V132/><F65/><W19/><G26/><T55/><D71/><U5/><E5/><V124/><F132/><W72/><G134/><T77/><D77/><U133/><E133/><V39/><F39/><W6/><G6/><T103/><D103/><U67/><E67/><V13/><F124/><W68/><G76/><T10/><D10/><U99/><E37/><V105/><F105/><W91/><G35/><T4/><D4/><U90/><E34/><V79/><F30/><W18/><G1/><T45/><D45/><U135/><E29/><V62/><F27/><W61/><G44/><T23/><D23/><U21/><E24/><V81/><F3/><W42/><G112/><T28/><D28/><U94/><E135/><V70/><F7/><W129/><G123/><T116/><D116/><U101/><E131/><V41/><F16/><W122/><G18/><T33/><D33/><U8/><E130/><V47/><F13/><W117/><G129/><RYUUKYOKU ba="0,0" sc="186,30,250,-10,224,-10,340,-10" hai0="38,46,48,50,55,59,60" /><INIT seed="3,1,0,4,0,13" ten="216,240,214,330" oya="3" hai0="59,17,18,124,12,109,99,102,71,6,16,51,34" hai1="53,33,50,118,25,4,38,87,85,7,11,128,121" hai2="67,108,63,8,110,37,132,52,122,45,9,54,93" hai3="24,123,97,44,95,60,57,62,46,10,40,120,14"/><W36/><G46/><T2/><D71/><U106/><E38/><V75/><F75/><W5/><G24/><T112/><D2/><U83/><E106/><V78/><F78/><W114/><G62/><T30/><D109/><N who="2" m="42090" /><F132/><W115/><G115/><T21/><D112/><U20/><E121/><V35/><F35/><W129/><G129/><T96/><D124/><U48/><E33/><V43/><F122/><W69/><G69/><T90/><D34/><U84/><E118/><V126/><F93/><W91/><G114/><T26/><D90/><U104/><E104/><V103/><F103/><W58/><G58/><T64/><D102/><U27/><E27/><V31/><F31/><W47/><G47/><T82/><D82/><U42/><E42/><V70/><F126/><W94/><G95/><T98/><D64/><AGARI ba="1,0" hai="5,10,14,36,40,44,57,60,64,91,94,97,120,123" machi="64" ten="30,1500,0" yaku="7,1" doraHai="13" who="3" fromWho="0" sc="216,-18,240,0,214,0,330,18" owari="198,-30.2,240,4.0,214,-18.6,348,44.8" /></mjloggm>