<mjloggm ver="2.3"><GO type="225" lobby="0"/><UN n0="%E3%81%BF%E3%81%BF%E3%81%9A" n1="%63%68%78%62%64" n2="%E3%81%B2%E3%81%AA%E3%81%AE%E3%82%8A%E3%81%8F" n3="%E3%81%9F%E3%81%8C%E3%82%84%E3%81%99" dan="16,16,17,17" rate="2145.40,2173.71,2209.98,2211.38" sx="M,M,M,M"/><TAIKYOKU oya="0"/><INIT seed="0,0,0,0,3,14" ten="250,250,250,250" oya="0" hai0="11,87,126,95,86,62,131,83,79,12,89,38,3" hai1="27,122,16,101,13,72,35,10,56,109,26,55,78" hai2="46,61,135,52,54,32,85,114,68,90,123,100,64" hai3="33,40,49,58,5,44,66,88,41,117,15,128,91"/><T92/><D126/><U76/><E122/><V7/><F123/><W6/><G33/><T110/><D110/><U50/><E109/><V77/><F114/><W119/><G128/><T124/><D124/><U134/><E134/><V97/><F77/><N who="1" m="29801" /><E35/><V24/><F7/><W107/><G107/><T37/><D131/><U28/><E72/><V73/><F73/><W106/><G106/><T71/><D3/><U111/><E111/><V43/><F135/><W17/><G41/><T129/><D129/><U130/><E130/><V30/><F97/><W108/><G108/><T125/><D125/><U22/><E27/><V98/><F98/><W81/><G119/><T51/><D95/><U19/><E101/><V127/><F100/><W118/><G118/><T67/><REACH who="0" step="1"/><D51/><REACH who="0" ten="240,250,250,250" step="2"/><U94/><E94/><V31/><F127/><W74/><G117/><T1/><D1/><U21/><E21/><V23/><F32/><W48/><G48/><T36/><D36/><U42/><E42/><V69/><F43/><W65/><G49/><T39/><D39/><U104/><E104/><V70/><F23/><W57/><G40/><T63/><D63/><U20/><E20/><V105/><F61/><W0/><G0/><T132/><D132/><U84/><E84/><V59/><F85/><W75/><G75/><T102/><D102/><U18/><AGARI ba="0,1" hai="10,13,16,18,19,22,26,28,50,55,56" m="29801" machi="18" ten="30,8000,1" yaku="8,1,52,3,54,1" doraHai="14" who="1" fromWho="1" sc="240,-40,250,90,250,-20,250,-20" /><INIT seed="1,0,0,0,1,69" ten="200,340,230,230" oya="1" hai0="89,27,106,18,9,33,46,72,63,19,118,22,104" hai1="35,17,113,76,133,110,15,66,51,129,26,82,64" hai2="130,114,10,79,13,30,105,29,86,44,59,122,81" hai3="135,68,21,3,49,98,73,134,102,48,132,107,14"/><U34/><E113/><V40/><F122/><W41/><G3/><T28/><D118/><U91/><E129/><V128/><F105/><W78/><G68/><T42/><D72/><U61/><E133/><V60/><F114/><W74/><G78/><T83/><D63/><U25/><E110/><V39/><F128/><W100/><G100/><T131/><D131/><U126/><E91/><V24/><F24/><W109/><G109/><T6/><D83/><U103/><E103/><V77/><F77/><W8/><G21/><T54/><D89/><U97/><E97/><V123/><F123/><W5/><REACH who="3" step="1"/><G49/><REACH who="3" ten="200,340,230,220" step="2"/><T111/><D111/><U80/><E51/><V117/><F130/><W94/><G94/><T116/><D116/><U31/><E76/><V92/><F92/><W50/><G50/><T36/><D54/><U20/><E80/><V70/><F70/><W119/><G119/><T7/><D106/><U124/><E82/><V125/><F117/><W84/><G84/><T52/><D104/><U71/><E64/><V45/><F125/><W12/><G12/><N who="0" m="7439" /><D52/><U23/><E23/><V121/><F121/><W65/><G65/><T108/><D108/><U101/><E101/><V85/><F85/><W99/><G99/><T47/><D33/><U96/><E96/><V88/><F79/><W4/><G4/><N who="0" m="1579" /><D28/><AGARI ba="0,1" hai="15,17,20,25,26,28,31,34,35,61,66,71,124,126" machi="28" ten="40,2000,0" yaku="9,1" doraHai="69" who="1" fromWho="0" sc="200,-20,340,30,230,0,220,0" /><INIT seed="1,1,0,3,5,10" ten="180,370,230,220" oya="1" hai0="98,23,115,103,27,6,78,12,111,129,109,57,101" hai1="70,2,41,94,133,93,82,32,44,34,24,18,52" hai2="68,60,40,56,99,51,105,95,128,61,36,59,83" hai3="91,11,45,38,55,131,64,92,47,75,73,49,1"/><U37/><E133/><V50/><F105/><W102/><G102/><T123/><D115/><U25/><E2/><V14/><F68/><W124/><G64/><T89/><D129/><U87/><E70/><V54/><F128/><W79/><G131/><T7/><D78/><U86/><E34/><V80/><F40/><W88/><G124/><T33/><D33/><U43/><E32/><V85/><F36/><W116/><G116/><T122/><D89/><N who="1" m="53431" /><E37/><V126/><F126/><W9/><G91/><T8/><D57/><U90/><E94/><V65/><F14/><W108/><G108/><N who="0" m="41547" /><D6/><U77/><E77/><N who="2" m="46223" /><F83/><W76/><G76/><T53/><D53/><U19/><E43/><V22/><F22/><W66/><G66/><T112/><D112/><U3/><E41/><V106/><F106/><W135/><G135/><T29/><D98/><U67/><E67/><V117/><F117/><W100/><G100/><AGARI ba="1,0" hai="7,8,12,23,27,29,100,101,103,122,123" m="41547" machi="100" ten="30,2000,0" yaku="14,1,52,1" doraHai="10" who="0" fromWho="3" sc="180,23,370,0,230,0,220,-23" /><AGARI ba="1,0" hai="50,51,54,56,59,60,61,65,95,99,100" m="46223" machi="100" ten="30,1000,0" yaku="8,1" doraHai="10" who="2" fromWho="3" sc="203,0,370,0,230,10,197,-10" /><INIT seed="2,0,0,0,2,48" ten="203,370,240,187" oya="2" hai0="11,102,5,61,26,47,126,107,64,106,62,78,43" hai1="68,59,32,3,118,119,104,80,108,17,39,73,67" hai2="87,132,128,88,57,45,90,120,77,58,71,28,30" hai3="33,70,23,65,46,66,42,94,22,16,63,75,74"/><V29/><F120/><W25/><G33/><T14/><D126/><U115/><RYUUKYOKU type="yao9" ba="0,0" sc="203,0,370,0,240,0,187,0" hai1="3,17,32,39,59,67,68,73,80,104,108,115,118,119" /><INIT seed="2,1,0,4,4,36" ten="203,370,240,187" oya="2" hai0="132,44,11,91,123,4,66,62,71,108,49,17,131" hai1="121,122,130,56,3,22,124,48,59,97,120,99,0" hai2="50,10,35,127,128,7,39,63,87,32,21,30,41" hai3="83,114,20,75,68,82,76,134,100,86,24,118,78"/><V57/><F39/><W81/><G68/><T40/><D108/><U95/><E130/><V72/><F72/><W103/><G118/><T98/><D131/><U34/><E34/><V73/><F73/><W117/><G117/><T51/><D132/><U47/><E124/><V58/><F127/><W5/><G134/><T89/><D123/><U26/><E56/><V15/><F128/><W107/><G5/><T2/><D17/><N who="1" m="12623" /><E59/><V125/><F35/><W84/><G114/><T53/><REACH who="0" step="1"/><D98/><REACH who="0" ten="193,370,240,187" step="2"/><U116/><E97/><V94/><F125/><W19/><REACH who="3" step="1"/><G107/><REACH who="3" ten="193,370,240,177" step="2"/><T13/><D13/><U113/><E116/><V79/><F15/><W60/><G60/><T80/><D80/><U42/><E113/><V16/><F63/><W9/><G9/><T52/><D52/><U102/><AGARI ba="1,2" hai="0,3,42,47,48,95,99,102,120,121,122" m="12623" machi="102" ten="30,2000,0" yaku="13,1,52,1" doraHai="36" who="1" fromWho="1" sc="193,-6,370,43,240,-11,177,-6" /><INIT seed="3,0,0,3,3,113" ten="187,413,229,171" oya="3" hai0="53,26,7,103,10,14,87,91,112,120,32,54,41" hai1="97,121,35,31,60,40,48,13,63,115,88,73,21" hai2="12,102,57,75,38,93,78,9,100,108,4,116,18" hai3="128,55,110,47,65,107,129,2,0,36,126,117,22"/><W17/><G107/><T28/><D120/><U43/><E73/><V74/><F38/><W15/><G65/><T96/><D112/><U118/><E115/><V23/><F108/><W127/><G55/><T66/><D41/><U101/><E118/><V50/><F116/><W58/><G58/><T105/><REACH who="0" step="1"/><D66/><REACH who="0" ten="177,413,229,171" step="2"/><U111/><E43/><V99/><F75/><W106/><G117/><T132/><D132/><U133/><E40/><V123/><F74/><W80/><G110/><T59/><D59/><U130/><E111/><V109/><F57/><W1/><G47/><T131/><D131/><N who="3" m="50249" /><G36/><T39/><D39/><U122/><E130/><V104/><F109/><W34/><G106/><T119/><D119/><U84/><E121/><V52/><F104/><W134/><G134/><T79/><D79/><U51/><E133/><V27/><F78/><W42/><G42/><T124/><D124/><N who="3" m="47657" /><G80/><AGARI ba="0,1" hai="7,10,14,26,28,32,53,54,80,87,91,96,103,105" machi="80" ten="30,2000,0" yaku="1,1,7,1,53,0" doraHai="113" doraHaiUra="62" who="0" fromWho="3" sc="177,30,413,0,229,0,171,-20" owari="207,-19.3,413,51.3,229,2.9,151,-34.9" /></mjloggm>