<mjloggm ver="2.3"><GO type="225" lobby="0"/><UN n0="%E3%80%93%E3%81%97%E3%83%BC%E3%82%89%E3%80%93" n1="%E6%A1%9C%E8%8A%B1%E9%96%83%E3%80%85" n2="%E3%83%A9%E3%83%BC%E3%83%A1%E3%83%B3%E4%BA%94%E9%83%8E" n3="%33%74%72%65%65" dan="16,16,16,16" rate="2185.18,2226.66,2110.22,2105.93" sx="M,M,M,F"/><TAIKYOKU oya="0"/><INIT seed="0,0,0,1,4,92" ten="250,250,250,250" oya="0" hai0="74,98,12,77,46,64,59,24,70,133,90,121,86" hai1="94,81,38,44,103,17,93,40,105,131,45,101,109" hai2="97,49,20,60,104,7,119,11,43,32,123,127,115" hai3="0,67,9,29,80,5,66,61,58,91,36,25,13"/><T99/><D70/><U108/><E131/><V65/><F123/><W26/><G36/><T6/><D121/><U117/><E117/><V106/><F115/><W10/><G67/><T55/><D133/><U130/><E130/><V73/><F73/><W63/><G63/><N who="0" m="38015" /><D74/><U41/><E81/><V4/><F32/><W84/><REACH who="3" step="1"/><G29/><REACH who="3" ten="250,250,250,240" step="2"/><T118/><D118/><U135/><E38/><V71/><F119/><W33/><G33/><T27/><D77/><U114/><E135/><V82/><F65/><W28/><G28/><T85/><D27/><U14/><E114/><V23/><F60/><W34/><G34/><T126/><D24/><U42/><E108/><V16/><F71/><W78/><G78/><T75/><D126/><U116/><E109/><V22/><F127/><W35/><G35/><T30/><D30/><U53/><E116/><V69/><F69/><W125/><G125/><T56/><D75/><U21/><E53/><V31/><F31/><W68/><G68/><T107/><D55/><U57/><E42/><V72/><F43/><W87/><G87/><T50/><D85/><U76/><E76/><V129/><F72/><W89/><G89/><T134/><D86/><U113/><E113/><V110/><F110/><W79/><G79/><T37/><D90/><U18/><E41/><V2/><F129/><W102/><G102/><T47/><D134/><U51/><E101/><V3/><F49/><W1/><G1/><T88/><D37/><U128/><E51/><V120/><F2/><W100/><G100/><T124/><D50/><U52/><E128/><V95/><F3/><RYUUKYOKU ba="0,1" sc="250,-10,250,-10,250,-10,240,30" hai3="0,5,9,10,13,25,26,58,61,66,80,84,91" /><INIT seed="1,1,1,2,2,107" ten="240,240,240,270" oya="1" hai0="109,67,55,78,76,115,106,77,37,42,43,33,88" hai1="40,0,50,98,84,89,101,79,22,27,96,9,15" hai2="36,48,120,4,21,113,99,7,114,5,70,44,102" hai3="1,41,104,45,38,127,61,24,12,134,47,116,31"/><U112/><E112/><N who="2" m="43115" /><F120/><W16/><G1/><T26/><D115/><U122/><E0/><V83/><F70/><W97/><G134/><T125/><D106/><U63/><E122/><V121/><F121/><W17/><G127/><T73/><D125/><U74/><E63/><V54/><F36/><W72/><G72/><T132/><D132/><U86/><E74/><V19/><F83/><W13/><G116/><T10/><D73/><U87/><E89/><V29/><F29/><W34/><G47/><T108/><D67/><U64/><E64/><V71/><F71/><W81/><G81/><T3/><D55/><U57/><E79/><V75/><F75/><W35/><G35/><T30/><D37/><U100/><E57/><V111/><F111/><N who="0" m="42570" /><D88/><U126/><E126/><V8/><F8/><W66/><G12/><T58/><D58/><U118/><E118/><V93/><F4/><AGARI ba="1,1" hai="3,4,10,26,30,33,42,43,76,77,78" m="42570" machi="4" ten="30,1000,0" yaku="14,1" doraHai="107" who="0" fromWho="2" sc="240,23,240,0,240,-13,270,0" /><INIT seed="2,0,0,5,3,84" ten="263,240,227,270" oya="2" hai0="61,96,51,55,107,87,17,106,8,44,68,77,34" hai1="124,60,76,53,49,120,73,33,131,28,66,92,13" hai2="12,38,121,118,104,93,97,129,117,41,80,134,110" hai3="90,19,21,43,31,5,111,48,16,115,50,105,65"/><V3/><F3/><W63/><G111/><T89/><D34/><U1/><E1/><V75/><F121/><W128/><G128/><T71/><D77/><U74/><E131/><V52/><F129/><W58/><G115/><T130/><D130/><U20/><E120/><V113/><F113/><W123/><G123/><T37/><D37/><U79/><E33/><V2/><F2/><W4/><G105/><T81/><D61/><U132/><E132/><V125/><F134/><W67/><G67/><T101/><D107/><U119/><E124/><V56/><F125/><W42/><G31/><T98/><D96/><U18/><E119/><V88/><F110/><W23/><G65/><T35/><D35/><U26/><E74/><V24/><F12/><AGARI ba="0,0" hai="8,12,17,44,51,55,68,71,81,87,89,98,101,106" machi="12" ten="40,5200,0" yaku="25,2,52,1" doraHai="84" who="0" fromWho="2" sc="263,52,240,0,227,-52,270,0" /><INIT seed="3,0,0,2,0,71" ten="315,240,175,270" oya="3" hai0="89,103,46,2,135,126,108,97,56,76,122,86,121" hai1="38,41,98,12,7,99,35,52,68,65,113,59,75" hai2="30,104,83,26,24,130,54,60,94,36,88,74,100" hai3="44,84,91,72,22,69,32,33,85,107,92,123,48"/><W20/><G123/><T63/><D2/><U49/><E75/><V58/><F130/><W90/><G72/><T5/><D5/><U13/><E35/><V112/><F112/><W96/><G69/><T31/><D31/><U77/><E77/><V102/><F36/><W109/><G109/><T50/><D76/><U4/><E4/><V73/><F73/><W64/><G64/><T53/><D126/><U115/><E98/><V101/><F104/><W62/><G62/><T111/><D135/><U118/><E99/><V15/><F74/><W37/><G37/><T27/><D27/><U124/><E118/><V133/><F83/><W127/><G127/><T81/><D108/><U87/><E87/><V119/><F133/><W80/><G32/><T23/><D23/><U45/><E124/><V105/><F105/><W114/><G33/><T21/><D21/><U70/><E70/><V34/><F119/><W67/><G67/><T132/><D111/><U93/><E93/><V14/><REACH who="2" step="1"/><F26/><REACH who="2" ten="315,240,165,270" step="2"/><W55/><G114/><N who="1" m="43530" /><E7/><V18/><F18/><W117/><G117/><T120/><D132/><U79/><E79/><V61/><F61/><AGARI ba="0,1" hai="12,13,38,41,45,49,52,59,61,65,68" m="43530" machi="61" ten="30,3900,0" yaku="24,1,52,1,54,1" doraHai="71" who="1" fromWho="2" sc="315,0,240,49,165,-39,270,0" owari="315,41.5,289,8.9,126,-37.4,270,-13.0" /></mjloggm>