<mjloggm ver="2.3"><GO type="225" lobby="0"/><UN n0="%73%69%72%6F%75%74" n1="%48%61%61%61%6C%61%6E%64" n2="%E3%81%AF%E3%82%88%E3%81%8A%E3%81%98%E3%81%95%E3%82%93" n3="%E6%80%AA%E3%81%97%E3%81%99%E3%81%8E%E3%82%8B%E3%83%81%E3%83%BC" dan="16,17,16,16" rate="2138.52,2245.22,2183.10,2127.00" sx="M,M,M,M"/><TAIKYOKU oya="0"/><INIT seed="0,0,0,3,5,91" ten="250,250,250,250" oya="0" hai0="83,46,53,85,76,55,33,58,124,60,21,126,68" hai1="123,56,89,3,133,78,72,11,5,51,34,1,129" hai2="92,50,43,88,116,114,63,84,9,93,75,69,107" hai3="22,118,16,115,62,14,70,125,117,77,28,59,17"/><T127/><BYE who="2" /><D33/><UN n2="%E3%81%AF%E3%82%88%E3%81%8A%E3%81%98%E3%81%95%E3%82%93" /><U79/><E123/><V122/><F122/><W31/><G115/><T19/><D68/><U67/><E34/><V40/><F114/><W47/><G70/><T96/><D96/><U100/><E129/><V121/><F121/><W7/><G125/><T102/><D102/><U106/><E133/><V81/><F107/><W119/><G77/><T2/><D2/><U134/><E134/><V0/><F116/><W99/><G7/><T35/><D35/><U30/><E30/><V52/><F75/><W10/><G47/><T26/><REACH who="0" step="1"/><D46/><REACH who="0" ten="240,250,250,250" step="2"/><U73/><E3/><V8/><F0/><W87/><G99/><T103/><D103/><U15/><E100/><V27/><F69/><W111/><G111/><T32/><D32/><U105/><E1/><V90/><F63/><W4/><G117/><T97/><D97/><U71/><E71/><V135/><F135/><W36/><G118/><T82/><D82/><U29/><E105/><V131/><F81/><W86/><G119/><T48/><D48/><U128/><E51/><V6/><F131/><W98/><G98/><T104/><D104/><U95/><E106/><V39/><F39/><W44/><G36/><T113/><D113/><U132/><E128/><V38/><F38/><W130/><G130/><T109/><D109/><U112/><E112/><V20/><F50/><W61/><G62/><T120/><D120/><U64/><E132/><V110/><F110/><W37/><G61/><T41/><D41/><U80/><E80/><V42/><F43/><W25/><G37/><T13/><D13/><U23/><E15/><RYUUKYOKU ba="0,1" sc="240,30,250,-10,250,-10,250,-10" hai0="19,21,26,53,55,58,60,76,83,85,124,126,127" /><INIT seed="0,1,1,2,4,129" ten="270,240,240,240" oya="0" hai0="73,27,127,34,128,110,33,113,12,65,89,28,125" hai1="77,112,32,75,47,23,122,131,94,90,101,96,25" hai2="67,52,3,70,111,18,66,21,108,115,74,72,123" hai3="19,107,118,98,100,44,68,84,92,5,56,0,86"/><T29/><D73/><U41/><E122/><V71/><F123/><W14/><G118/><T116/><D65/><U37/><E131/><V40/><F115/><W20/><G68/><T134/><D113/><U24/><E112/><V63/><F3/><W36/><G107/><T87/><D128/><U81/><E32/><V106/><F106/><W17/><G56/><T102/><D116/><U130/><E130/><V46/><F52/><W50/><G36/><T2/><D2/><U120/><E120/><V7/><F7/><W60/><G60/><T124/><D102/><U1/><E1/><V117/><F117/><W31/><G31/><N who="0" m="11851" /><D27/><U104/><REACH who="1" step="1"/><E23/><REACH who="1" ten="270,230,240,240" step="2"/><V79/><F21/><W51/><G0/><T57/><D34/><U82/><E82/><V95/><F111/><W126/><G20/><T30/><D110/><U45/><E45/><V4/><F46/><W133/><G44/><T9/><D33/><U39/><E39/><V83/><F83/><W121/><G121/><T22/><D22/><U85/><AGARI ba="1,2" hai="24,25,37,41,47,75,77,81,85,90,94,96,101,104" machi="85" ten="20,12000,2" yaku="1,1,0,1,7,1,24,2,53,1" doraHai="129" doraHaiUra="91" who="1" fromWho="1" sc="270,-61,230,143,240,-31,240,-31" /><INIT seed="1,0,0,4,3,60" ten="209,373,209,209" oya="1" hai0="3,2,67,34,86,112,101,109,69,62,59,43,53" hai1="134,125,100,25,108,46,20,88,9,126,118,10,98" hai2="21,82,90,78,129,55,38,44,107,14,94,29,45" hai3="13,22,24,117,27,70,1,23,105,74,52,6,4"/><U17/><E118/><V57/><F107/><W7/><G74/><T40/><D109/><U84/><E134/><V50/><F129/><W8/><G70/><T39/><D34/><U12/><E46/><V85/><F38/><W11/><G52/><T130/><D101/><U5/><E108/><V32/><F32/><W68/><G68/><T83/><D130/><U71/><E71/><V63/><F63/><W31/><G105/><T64/><D112/><U128/><E128/><V104/><F104/><W132/><G132/><T102/><D102/><U116/><E116/><V135/><F135/><W36/><G36/><T97/><D97/><U49/><E49/><V127/><F127/><W30/><G117/><T96/><D96/><U81/><REACH who="1" step="1"/><E9/><REACH who="1" ten="209,363,209,209" step="2"/><V89/><F45/><W66/><G66/><T115/><D67/><U123/><E123/><V15/><F44/><W58/><G58/><T113/><D115/><U91/><E91/><V0/><F90/><W76/><G76/><T80/><D113/><U77/><E77/><V47/><F47/><W92/><G92/><AGARI ba="0,1" hai="5,10,12,17,20,25,81,84,88,92,98,100,125,126" machi="92" ten="40,3900,0" yaku="1,1,54,1,53,0" doraHai="60" doraHaiUra="51" who="1" fromWho="3" sc="209,0,363,49,209,0,209,-39" /><INIT seed="1,1,0,4,2,10" ten="209,412,209,170" oya="1" hai0="92,22,70,1,132,14,111,91,105,80,45,21,121" hai1="127,24,36,94,71,61,66,114,100,112,35,101,8" hai2="122,98,134,3,57,117,97,78,31,119,64,44,52" hai3="95,48,69,77,128,103,113,130,30,124,131,65,81"/><U126/><E36/><V28/><F3/><W123/><G113/><T68/><D1/><U41/><E41/><V15/><F122/><W53/><G123/><T33/><D121/><U55/><E55/><V85/><F134/><W47/><G124/><N who="1" m="47658" /><E8/><V26/><F119/><W18/><G30/><T12/><D105/><U34/><E94/><V49/><F117/><W62/><G18/><T110/><D132/><U72/><E72/><V0/><F0/><W50/><G50/><T116/><D116/><U74/><E74/><V20/><F31/><W87/><G95/><T42/><D33/><N who="1" m="12299" /><E24/><V102/><F102/><AGARI ba="1,0" hai="47,48,53,62,65,69,77,81,87,102,103,128,130,131" machi="102" ten="40,1300,0" yaku="19,1" doraHai="10" who="3" fromWho="2" sc="209,0,412,0,209,-16,170,16" /><AGARI ba="1,0" hai="61,66,71,100,101,102,112,114" m="12299,47658" machi="102" ten="30,1500,0" yaku="18,1" doraHai="10" who="1" fromWho="2" sc="209,0,412,15,193,-15,186,0" /><INIT seed="1,2,0,4,3,106" ten="209,427,178,186" oya="1" hai0="7,110,8,3,72,20,90,54,128,123,57,91,29" hai1="58,64,31,12,56,49,11,99,83,39,121,82,98" hai2="26,48,133,89,28,34,93,114,67,1,65,109,35" hai3="37,16,120,84,42,55,134,19,88,117,100,51,79"/><U23/><E39/><V63/><F1/><W74/><G120/><T60/><D110/><U25/><E121/><V73/><F109/><W27/><G134/><T116/><D116/><U45/><E98/><V53/><F133/><W33/><G117/><T125/><D123/><U97/><E97/><V81/><F35/><W75/><G100/><T129/><D125/><U13/><E99/><V78/><F114/><W4/><G4/><T14/><D72/><U0/><E12/><V30/><F30/><W86/><G42/><T61/><D60/><N who="1" m="37895" /><E58/><V131/><F131/><N who="0" m="50250" /><D3/><U107/><E107/><V6/><F6/><W118/><G37/><T2/><D2/><U130/><E0/><V38/><F38/><W44/><G118/><T108/><D108/><U59/><E59/><V113/><F113/><W32/><G79/><T102/><D102/><U122/><E122/><V68/><F67/><W132/><G132/><T9/><D8/><U52/><E130/><V94/><REACH who="2" step="1"/><F89/><REACH who="2" ten="209,427,168,186" step="2"/><W80/><G32/><T17/><D7/><AGARI ba="2,1" hai="7,11,13,23,25,31,45,49,52,82,83" m="37895" machi="7" ten="30,2900,0" yaku="8,1,54,1" doraHai="106" who="1" fromWho="0" sc="209,-35,427,45,168,0,186,0" /><INIT seed="1,3,0,0,4,99" ten="174,472,168,186" oya="1" hai0="52,89,76,121,43,22,24,62,4,17,59,77,103" hai1="84,107,74,20,49,82,67,101,16,23,60,27,65" hai2="53,68,115,18,85,48,57,114,58,7,71,117,80" hai3="63,93,135,127,91,122,14,1,111,90,41,34,120"/><U30/><E74/><V129/><F117/><W33/><G1/><T81/><D121/><U113/><E113/><N who="2" m="43019" /><F129/><W116/><G111/><T83/><D43/><U92/><E107/><V110/><F110/><W130/><G116/><T40/><D40/><U118/><E49/><V128/><F128/><W125/><G130/><T31/><D4/><U98/><E118/><V126/><F126/><N who="3" m="48139" /><G135/><T12/><D103/><U51/><E51/><V36/><F36/><W66/><G41/><T28/><D28/><U124/><E124/><V119/><F119/><W78/><G14/><T108/><D108/><U25/><E60/><V69/><F18/><W15/><G15/><T21/><REACH who="0" step="1"/><D89/><AGARI ba="3,0" hai="16,20,23,25,27,30,65,67,82,84,89,92,98,101" machi="89" ten="30,11600,0" yaku="7,1,8,1,52,1,54,1" doraHai="99" who="1" fromWho="0" sc="174,-125,472,125,168,0,186,0" /><INIT seed="1,4,0,4,4,97" ten="49,597,168,186" oya="1" hai0="21,93,7,74,42,78,57,37,3,117,17,41,77" hai1="91,90,40,25,69,133,64,58,126,107,123,106,53" hai2="46,76,71,16,48,100,95,9,33,75,5,68,39" hai3="66,35,80,67,116,81,55,105,109,104,49,2,86"/><U14/><E123/><V70/><F33/><W112/><G112/><T103/><D117/><U0/><E0/><V120/><F120/><W128/><G2/><T13/><D3/><U65/><E40/><V62/><F39/><W118/><G35/><T28/><D7/><U96/><E126/><V121/><F121/><W11/><G109/><T89/><D74/><U129/><E129/><V44/><F5/><W130/><G11/><T92/><D28/><U15/><E58/><V63/><F76/><W10/><G10/><T73/><D73/><U22/><E96/><V94/><F75/><W72/><G72/><T131/><D131/><N who="3" m="50217" /><G67/><T12/><D57/><U127/><E22/><V59/><F48/><W85/><G66/><T56/><D56/><U30/><E53/><V4/><F4/><W24/><G49/><T134/><D37/><U113/><E64/><V88/><F63/><W52/><G24/><T119/><D119/><N who="3" m="45609" /><G81/><T34/><D34/><U122/><E25/><V47/><F62/><W26/><G26/><T20/><D17/><U1/><E1/><V87/><F59/><W61/><G61/><T31/><D31/><U18/><E30/><V108/><F9/><W45/><G45/><T82/><D82/><U60/><E60/><V51/><F108/><W54/><G80/><T36/><D36/><U83/><E65/><V115/><F115/><W98/><G105/><T132/><REACH who="0" step="1"/><D89/><REACH who="0" ten="39,597,168,186" step="2"/><U79/><E90/><V111/><F111/><W102/><AGARI ba="4,1" hai="52,54,55,85,86,98,102,104" m="45609,50217" machi="102" ten="40,8000,1" yaku="19,1,12,1,52,1,54,1" doraHai="97" who="3" fromWho="3" sc="39,-24,597,-44,168,-24,186,102" /><INIT seed="2,0,0,0,4,56" ten="15,553,144,288" oya="2" hai0="47,122,61,126,118,11,76,36,124,115,88,98,87" hai1="108,129,43,75,67,39,51,85,109,105,42,57,131" hai2="135,41,19,27,107,21,1,81,95,66,96,26,52" hai3="112,94,54,18,48,78,64,5,114,70,4,92,72"/><V9/><F135/><W62/><G18/><T101/><D11/><U104/><E75/><V31/><F107/><N who="1" m="41033" /><E85/><V37/><F66/><W2/><G78/><T90/><D36/><U16/><E39/><V133/><F133/><W33/><G33/><T50/><D47/><N who="1" m="26103" /><E43/><V25/><F81/><W113/><G72/><T44/><D44/><U103/><E103/><V10/><F41/><W91/><G2/><T86/><D50/><U45/><E45/><V35/><F37/><W23/><G23/><T119/><D122/><U28/><E28/><V32/><F1/><W34/><G34/><T79/><D61/><N who="1" m="38319" /><E16/><V80/><F80/><W121/><G121/><T125/><D115/><U97/><E97/><V73/><F73/><W8/><G91/><N who="0" m="34859" /><D98/><U14/><E14/><V99/><F99/><W13/><G5/><T58/><D101/><U111/><AGARI ba="0,0" hai="108,109,111,129,131" m="38319,26103,41033" machi="111" ten="40,2700,0" yaku="14,1,52,1" doraHai="56" who="1" fromWho="1" sc="15,-7,553,27,144,-13,288,-7" /><INIT seed="3,0,0,0,2,80" ten="8,580,131,281" oya="3" hai0="84,86,83,64,125,17,110,67,32,51,63,103,14" hai1="40,39,78,23,45,89,57,41,42,61,28,43,70" hai2="132,72,56,2,46,100,36,131,82,85,102,123,109" hai3="91,105,90,98,33,97,12,26,15,27,58,21,18"/><W75/><G75/><T53/><D110/><U118/><E118/><V68/><F68/><W95/><G58/><T25/><D125/><U71/><E78/><V3/><F72/><W35/><G105/><T113/><D113/><U88/><E71/><V104/><F109/><W115/><G115/><T96/><D32/><U134/><E134/><V10/><F132/><W107/><G107/><T120/><D25/><U37/><E37/><V4/><F2/><W9/><G15/><T5/><D5/><U55/><E70/><V19/><F104/><W54/><G54/><T122/><D122/><U11/><E11/><V101/><F123/><W20/><G26/><T133/><D133/><U108/><E108/><V111/><F111/><W74/><G21/><T62/><D120/><U49/><E39/><V22/><F131/><W34/><G74/><T79/><D103/><U135/><E135/><V69/><F69/><W92/><REACH who="3" step="1"/><G33/><REACH who="3" ten="8,580,131,271" step="2"/><T60/><D96/><U126/><E23/><V66/><F22/><W93/><G93/><T0/><D0/><U116/><E55/><V99/><F3/><W73/><G73/><T1/><D1/><U77/><E57/><V106/><F56/><W7/><AGARI ba="0,1" hai="7,9,12,18,20,27,34,35,90,91,92,95,97,98" machi="7" ten="20,7800,0" yaku="1,1,0,1,7,1,9,1,53,0" doraHai="80" doraHaiUra="76" who="3" fromWho="3" sc="8,-26,580,-26,131,-26,271,88" owari="-18,-51.8,554,65.4,105,-29.5,359,15.9" /></mjloggm>