<mjloggm ver="2.3"><GO type="225" lobby="0"/><UN n0="%E6%97%A5%E6%9B%9C%E6%97%A5%E3%82%88%E3%82%8A%E3%81%AE%E4%BD%BF%E8%80%85" n1="%E6%80%AA%E3%81%97%E3%81%99%E3%81%8E%E3%82%8B%E3%83%81%E3%83%BC" n2="%E6%A1%9C%E8%8A%B1%E9%96%83%E3%80%85" n3="%E5%AF%82%E5%AF%9E%E3%82%AE%E3%83%8D%E3%82%B9%E3%83%93%E3%83%BC%E3%83%AB" dan="17,17,18,16" rate="2167.62,2201.52,2217.45,2133.40" sx="M,M,M,M"/><TAIKYOKU oya="0"/><INIT seed="0,0,0,2,2,76" ten="250,250,250,250" oya="0" hai0="45,21,89,72,97,75,90,24,43,117,86,30,106" hai1="125,95,59,70,115,44,37,128,54,67,40,17,26" hai2="113,2,118,99,64,105,92,39,41,114,15,108,124" hai3="119,69,9,122,127,56,52,4,20,6,83,126,121"/><T18/><BYE who="3" /><D117/><U65/><E128/><V131/><F15/><UN n3="%E5%AF%82%E5%AF%9E%E3%82%AE%E3%83%8D%E3%82%B9%E3%83%93%E3%83%BC%E3%83%AB" /><W123/><G69/><T103/><D30/><U49/><E125/><N who="3" m="47626" /><G119/><T112/><D112/><U0/><E115/><V73/><F92/><W3/><G4/><T16/><D18/><U22/><E0/><V13/><F13/><W104/><G104/><T88/><REACH who="0" step="1"/><D86/><REACH who="0" ten="240,250,250,250" step="2"/><U58/><E17/><V102/><F118/><W28/><G28/><T62/><D62/><U34/><E34/><V51/><F124/><W134/><G134/><T96/><D96/><U78/><E22/><V14/><F99/><W33/><G20/><T23/><D23/><U8/><E8/><V87/><F87/><W116/><G116/><T47/><D47/><U19/><E19/><V57/><F114/><W53/><G33/><T129/><D129/><U68/><E44/><V61/><F61/><W1/><G9/><T77/><D77/><U25/><E78/><V27/><F113/><W101/><G123/><T11/><D11/><U60/><E60/><V7/><F131/><W29/><G29/><T10/><D10/><U110/><E110/><V132/><F108/><W32/><G32/><T85/><D85/><U111/><E111/><V5/><F132/><W50/><G122/><T91/><N who="0" m="22528" /><DORA hai="38" /><T120/><D120/><U79/><E79/><V74/><F7/><W12/><G121/><T133/><D133/><U93/><E26/><V36/><F5/><W31/><G6/><T46/><D46/><U63/><E25/><V94/><F27/><W42/><G31/><T109/><D109/><U130/><E130/><V107/><F74/><RYUUKYOKU ba="0,1" sc="240,30,250,-10,250,-10,250,-10" hai0="16,21,24,43,45,72,75,97,103,106" /><INIT seed="0,1,1,1,0,129" ten="270,240,240,240" oya="0" hai0="32,9,41,75,111,72,12,97,23,26,43,76,108" hai1="5,91,18,124,95,35,65,47,104,81,22,38,87" hai2="114,63,0,59,27,134,24,20,54,133,58,119,21" hai3="121,78,117,29,127,64,67,13,49,126,4,39,113"/><T102/><D32/><U74/><E124/><N who="3" m="47658" /><G39/><T8/><D43/><U101/><E35/><V33/><F33/><W93/><G113/><T60/><D60/><U100/><E65/><V82/><F114/><W98/><G29/><N who="0" m="17631" /><D41/><U135/><E135/><N who="2" m="51723" /><F119/><W57/><G78/><T40/><D40/><U68/><E38/><V30/><F0/><W51/><G121/><T112/><D112/><U50/><E68/><V37/><F37/><W70/><G70/><T52/><D52/><N who="1" m="29791" /><E104/><V44/><F82/><W84/><G84/><T103/><D76/><N who="1" m="46503" /><E74/><N who="0" m="28201" /><D97/><N who="1" m="57599" /><E5/><V83/><F83/><W120/><G120/><T122/><D122/><U10/><E10/><N who="0" m="4201" /><D12/><AGARI ba="1,1" hai="12,18,22,100,101" m="57599,46503,29791" machi="12" ten="30,2000,0" yaku="8,1,54,1" doraHai="129" who="1" fromWho="0" sc="270,-23,240,33,240,0,240,0" /><INIT seed="1,0,0,3,5,132" ten="247,273,240,240" oya="1" hai0="118,106,7,62,101,66,35,86,115,124,102,32,53" hai1="127,90,77,78,63,93,120,52,97,19,121,18,131" hai2="70,100,110,0,65,98,94,42,95,73,125,24,117" hai3="47,74,96,28,46,11,122,10,68,36,6,57,55"/><U69/><E131/><V31/><F117/><W112/><G122/><T119/><D115/><U54/><E127/><V111/><F0/><W71/><G112/><T83/><D7/><U80/><E69/><V13/><F73/><W82/><G28/><T23/><D23/><U130/><E130/><V91/><F42/><W58/><G96/><T17/><D17/><N who="1" m="6155" /><E120/><V3/><F3/><W107/><G107/><T33/><D53/><N who="1" m="20587" /><E121/><V15/><F70/><W113/><G55/><T21/><D21/><U38/><E38/><V45/><F45/><W8/><G8/><T104/><D33/><U9/><E63/><V129/><F65/><W59/><G59/><T43/><D62/><U14/><E80/><V51/><F51/><W105/><G105/><T103/><D83/><U30/><E30/><V114/><F125/><W49/><G82/><T34/><D124/><U76/><E76/><V40/><F40/><W4/><G113/><T84/><D43/><U2/><E2/><V29/><F129/><W16/><G16/><AGARI ba="0,0" hai="9,14,16,77,78,90,93,97" m="20587,6155" machi="16" ten="30,5800,0" yaku="8,1,54,2" doraHai="132" who="1" fromWho="3" sc="247,0,273,58,240,0,240,-58" /><INIT seed="1,1,0,2,1,82" ten="247,331,240,182" oya="1" hai0="113,51,78,4,40,83,3,61,55,29,65,88,126" hai1="10,102,49,48,81,120,34,97,19,0,130,76,14" hai2="115,108,45,22,39,33,8,79,17,134,90,93,59" hai3="68,63,67,122,100,95,43,54,16,50,69,1,62"/><U132/><E120/><V74/><F33/><W77/><G122/><T18/><D113/><U27/><E132/><V73/><F134/><W92/><G1/><T9/><D126/><U2/><E130/><V53/><F115/><W128/><G128/><T71/><D29/><U20/><E34/><V123/><F123/><W98/><G77/><T24/><D40/><U91/><E91/><V38/><F8/><W119/><G119/><T96/><D24/><U124/><E2/><V112/><F108/><W60/><G43/><T28/><D28/><U101/><E0/><V6/><F6/><W56/><G69/><T80/><D18/><U31/><E124/><V107/><F107/><W12/><REACH who="3" step="1"/><G92/><REACH who="3" ten="247,331,240,172" step="2"/><T47/><D78/><U109/><E76/><V121/><F79/><W21/><AGARI ba="1,1" hai="12,16,21,50,54,56,60,62,63,67,68,95,98,100" machi="21" ten="20,8000,1" yaku="1,1,2,1,0,1,7,1,54,1,53,0" doraHai="82" doraHaiUra="72" who="3" fromWho="3" sc="247,-21,331,-41,240,-21,172,93" /><INIT seed="2,0,0,3,5,49" ten="226,290,219,265" oya="2" hai0="11,73,8,76,121,22,33,122,14,29,77,109,80" hai1="67,32,44,112,3,133,13,71,27,98,96,116,132" hai2="45,41,61,130,94,69,107,7,99,56,106,85,2" hai3="52,90,5,26,74,91,105,92,115,1,114,82,54"/><V24/><F69/><W17/><G105/><T123/><D109/><U83/><E3/><V127/><F127/><W87/><G5/><T6/><D76/><U50/><E112/><N who="3" m="43050" /><G1/><T75/><D33/><U40/><E116/><V88/><F130/><W46/><G46/><T30/><D75/><U34/><E83/><V111/><F111/><W64/><G64/><T135/><D135/><N who="1" m="51787" /><E13/><V129/><F129/><W36/><G36/><T63/><D22/><U93/><E27/><V62/><F24/><W125/><G125/><T134/><D134/><U47/><E47/><V20/><F20/><N who="3" m="13583" /><G74/><T118/><D118/><U38/><E38/><V100/><F107/><W72/><G72/><T117/><D117/><U53/><E40/><V39/><REACH who="2" step="1"/><F56/><REACH who="2" ten="226,290,209,265" step="2"/><W16/><G16/><T79/><D123/><U43/><E71/><V4/><F4/><W95/><G95/><T42/><D122/><U10/><E93/><V126/><F126/><W12/><G12/><T37/><D121/><U65/><E34/><V102/><F102/><W19/><G19/><T9/><D6/><U0/><E32/><V113/><F113/><W104/><G104/><T70/><D70/><U57/><E57/><V68/><F68/><W81/><G81/><T97/><D80/><U128/><E128/><V15/><F15/><W120/><G120/><T101/><D14/><U59/><E59/><V86/><F86/><AGARI ba="0,1" hai="52,54,82,86,87,90,91,92" m="13583,43050" machi="86" ten="30,7700,0" yaku="11,1,52,2,54,1" doraHai="49" who="3" fromWho="2" sc="226,0,290,0,209,-77,265,87" /><INIT seed="3,0,0,4,4,90" ten="226,290,132,352" oya="3" hai0="22,63,10,95,111,127,76,3,119,81,129,7,108" hai1="52,41,4,86,130,113,91,133,105,69,100,54,31" hai2="26,16,8,110,12,70,83,39,33,9,55,50,24" hai3="15,40,103,128,27,32,46,11,121,80,77,73,62"/><W43/><G121/><T123/><D119/><U93/><E113/><V88/><F110/><N who="0" m="42026" /><D123/><U2/><E69/><V89/><F39/><W14/><G103/><T38/><D38/><U58/><E133/><V114/><F114/><W132/><G132/><T71/><D127/><U94/><E130/><V118/><F118/><W29/><G128/><T1/><D129/><U120/><E105/><V125/><F125/><W112/><G112/><T51/><D51/><U104/><E104/><V6/><F70/><W57/><G46/><T49/><D49/><U98/><E41/><V66/><F66/><W19/><G15/><N who="0" m="5599" /><D22/><U23/><E120/><V36/><F36/><W25/><G25/><T87/><D95/><U92/><E94/><V117/><F117/><W67/><AGARI ba="0,0" hai="11,14,19,27,29,32,40,43,57,62,67,73,77,80" machi="67" ten="20,2100,0" yaku="0,1,7,1" doraHai="90" who="3" fromWho="3" sc="226,-7,290,-7,132,-7,352,21" owari="219,-18.1,283,8.3,125,-37.5,373,47.3" /></mjloggm>