<mjloggm ver="2.3"><GO type="225" lobby="0"/><UN n0="%E6%98%93%E5%88%A9%E8%96%A9%E4%BC%AF" n1="%E3%81%8B%E3%82%8F%E3%81%A1%E3%82%83%E3%82%93%35%38" n2="%E3%81%86%E3%81%A9%E3%82%93%E3%81%93" n3="%E5%BE%AE%E5%B7%AE%E3%81%AE%E4%BD%95%E5%88%87%E3%82%8B%EF%BC%9C%E9%81%8B" dan="16,17,16,17" rate="2061.57,2123.35,2167.65,2159.54" sx="F,M,M,M"/><TAIKYOKU oya="0"/><INIT seed="0,0,0,0,0,29" ten="250,250,250,250" oya="0" hai0="80,78,46,3,90,23,91,26,32,34,87,100,103" hai1="8,135,9,4,128,64,62,59,111,33,117,102,22" hai2="10,106,112,36,96,6,107,60,0,82,69,21,134" hai3="79,58,105,76,67,108,5,83,44,122,24,30,93"/><T81/><D3/><U74/><E117/><V68/><F112/><W47/><G105/><T71/><D71/><U123/><E123/><V95/><F36/><W70/><G70/><T55/><D46/><U98/><E74/><V85/><F134/><W119/><G108/><T94/><D55/><U56/><E111/><V92/><F92/><W132/><G132/><T45/><D45/><U126/><E135/><V41/><F41/><W57/><G5/><T16/><D103/><U84/><E128/><V53/><F21/><W133/><G133/><T129/><D129/><U50/><E126/><V86/><F86/><W101/><G119/><T120/><D120/><U49/><E33/><V63/><F68/><W99/><G58/><T88/><REACH who="0" step="1"/><D81/><REACH who="0" ten="240,250,250,250" step="2"/><U37/><E102/><V2/><F2/><W35/><G122/><T65/><D65/><U54/><E64/><V38/><F53/><W77/><G83/><T72/><D72/><U42/><E54/><V118/><F69/><W43/><G43/><T40/><D40/><U31/><E42/><V73/><F118/><W1/><REACH who="3" step="1"/><G1/><REACH who="3" ten="240,250,250,240" step="2"/><T127/><D127/><U14/><E59/><V125/><F82/><W51/><G51/><T131/><D131/><U25/><E56/><V121/><F125/><W61/><AGARI ba="0,2" hai="24,30,35,44,47,57,61,67,76,77,79,93,99,101" machi="61" ten="30,7900,0" yaku="1,1,0,1,52,1,53,1" doraHai="29" doraHaiUra="52" who="3" fromWho="3" sc="240,-39,250,-20,250,-20,240,99" /><INIT seed="1,0,0,2,3,19" ten="201,230,230,339" oya="1" hai0="26,135,126,70,80,53,55,57,109,48,117,92,30" hai1="108,43,33,120,69,49,125,63,6,38,101,37,65" hai2="44,21,91,130,59,25,64,18,100,68,20,102,67" hai3="28,98,118,27,106,72,93,54,13,41,10,88,95"/><U116/><E33/><V34/><F68/><W104/><G72/><T66/><D117/><U124/><E101/><N who="2" m="39019" /><F34/><W107/><G118/><T87/><D109/><U12/><E6/><V36/><F36/><N who="1" m="13929" /><E12/><N who="2" m="9287" /><F130/><W23/><G41/><T29/><D135/><U90/><E90/><V122/><F122/><W5/><G95/><T84/><D70/><U73/><E73/><V2/><F2/><W32/><G54/><T51/><D66/><U75/><E75/><V24/><F44/><W96/><REACH who="3" step="1"/><G32/><REACH who="3" ten="201,230,230,329" step="2"/><T39/><D92/><U134/><E116/><V0/><F64/><W4/><G4/><T74/><D74/><U60/><E120/><V46/><F67/><W79/><G79/><T103/><D39/><U62/><E134/><V3/><F3/><W119/><G119/><T110/><D55/><U121/><E121/><V129/><F0/><W115/><G115/><T71/><D53/><U86/><E86/><AGARI ba="0,1" hai="5,10,13,23,27,28,86,88,93,96,98,104,106,107" machi="86" ten="40,5200,0" yaku="1,1,52,1,54,1,53,0" doraHai="19" doraHaiUra="42" who="3" fromWho="1" sc="201,0,230,-52,230,0,329,62" /><INIT seed="2,0,0,0,5,8" ten="201,178,230,391" oya="2" hai0="119,120,41,128,60,14,44,26,90,23,79,42,19" hai1="27,4,47,132,102,64,89,107,36,37,32,12,117" hai2="88,96,100,116,124,65,11,5,135,22,97,18,21" hai3="0,74,66,31,58,111,45,126,104,123,114,92,83"/><V84/><F116/><W86/><G104/><T25/><D120/><U13/><E117/><V57/><F135/><W48/><G123/><T87/><D128/><U24/><E4/><V108/><F124/><W112/><G0/><T3/><D3/><U127/><E47/><V6/><F108/><W113/><G126/><T15/><D79/><U118/><E127/><V30/><F30/><W17/><G111/><T59/><D119/><U40/><E118/><V85/><F65/><W46/><G31/><T81/><D26/><U110/><E110/><V67/><F67/><W101/><G74/><T122/><D122/><U54/><E54/><V134/><F134/><W1/><G1/><T82/><D82/><U72/><E72/><V73/><F73/><W34/><G34/><T77/><D77/><U61/><E89/><V70/><F57/><W9/><G101/><T63/><D63/><U68/><E27/><V106/><F70/><W91/><G83/><T49/><D42/><U56/><E56/><V52/><F52/><AGARI ba="0,0" hai="14,15,19,23,25,41,44,49,52,59,60,81,87,90" machi="52" ten="30,8000,1" yaku="7,1,8,1,52,2,54,1" doraHai="8" who="0" fromWho="2" sc="201,80,178,0,230,-80,391,0" /><INIT seed="3,0,0,2,1,37" ten="281,178,150,391" oya="3" hai0="36,24,80,88,11,103,123,132,56,58,71,113,117" hai1="69,72,121,45,108,14,120,33,135,131,78,6,53" hai2="105,116,2,34,87,125,62,64,91,19,107,38,74" hai3="57,39,102,54,9,0,41,114,16,99,59,79,76"/><W20/><G114/><T22/><D117/><U67/><E33/><V40/><F116/><W47/><G59/><T81/><D123/><U21/><E108/><V84/><F74/><W82/><G0/><T35/><D71/><U92/><E135/><V43/><F2/><W77/><G9/><T49/><D36/><U55/><E131/><V44/><F34/><W12/><G57/><T100/><D35/><U134/><E134/><V70/><F125/><W23/><G54/><N who="1" m="20490" /><E45/><V1/><F1/><W48/><G23/><T25/><D49/><U4/><E92/><V32/><F32/><W94/><G39/><T95/><D11/><N who="1" m="4455" /><E6/><V52/><F43/><W127/><G127/><T122/><D95/><U115/><E115/><V97/><F97/><W15/><G15/><T90/><D122/><U83/><E21/><V8/><F84/><AGARI ba="0,0" hai="12,16,20,41,47,48,76,77,79,82,84,94,99,102" machi="84" ten="30,11600,0" yaku="7,1,8,1,52,1,54,1" doraHai="37" who="3" fromWho="2" sc="281,0,178,0,150,-116,391,116" owari="281,8.1,178,-22.2,34,-46.6,507,60.7" /></mjloggm>