<mjloggm ver="2.3"><GO type="225" lobby="0"/><UN n0="%E5%80%89%E6%A9%8B%EF%BC%A0%E4%BA%8B%E5%8B%99" n1="%E3%81%86%E3%81%A1%E3%83%BC" n2="%E9%80%9F%E6%B0%B4%E5%87%9B%E9%A6%99" n3="%E5%88%9D%E5%8F%B7%E6%A9%9F%E3%81%A8%E4%BA%8C%E5%8F%B7%E6%A9%9F" dan="16,16,16,17" rate="2071.70,2149.82,2079.30,2194.93" sx="M,M,F,M"/><TAIKYOKU oya="0"/><INIT seed="0,0,0,2,3,57" ten="250,250,250,250" oya="0" hai0="35,104,72,117,119,84,134,8,129,25,37,56,14" hai1="24,76,127,38,6,120,27,47,90,109,3,16,78" hai2="118,99,126,34,49,133,86,71,20,45,9,1,67" hai3="132,77,74,18,44,50,19,23,39,85,62,114,43"/><T98/><D72/><U30/><E120/><V4/><F34/><W52/><G114/><T12/><D129/><U5/><E109/><V80/><F133/><W40/><G74/><T123/><D123/><U131/><E131/><V116/><F126/><W17/><G132/><T128/><D128/><U54/><E3/><V10/><F10/><W69/><G77/><N who="1" m="29802" /><E38/><V26/><F99/><W81/><G39/><T70/><D70/><U46/><E90/><V75/><F75/><W41/><G85/><T101/><D134/><U36/><E36/><V112/><F112/><W63/><G81/><T115/><D115/><U94/><E94/><V59/><F71/><W11/><G69/><T88/><D37/><U111/><E111/><V89/><F67/><W7/><REACH who="3" step="1"/><G23/><REACH who="3" ten="250,250,250,240" step="2"/><T28/><D84/><U13/><E127/><V121/><F121/><W130/><G130/><T97/><D35/><U0/><E0/><AGARI ba="0,1" hai="0,7,11,17,18,19,40,41,43,44,50,52,62,63" machi="0" ten="40,8000,1" yaku="1,1,52,2,54,1,53,1" doraHai="57" doraHaiUra="32" who="3" fromWho="1" sc="250,0,250,-80,250,0,240,90" /><INIT seed="1,0,0,3,1,41" ten="250,170,250,330" oya="1" hai0="27,80,99,77,21,12,49,8,96,74,131,6,86" hai1="42,9,123,60,130,113,50,58,124,7,100,112,53" hai2="34,71,126,79,43,109,87,91,132,94,4,26,57" hai3="119,31,51,40,37,84,93,55,115,83,36,30,102"/><U81/><E123/><V65/><F71/><W3/><G3/><T66/><D131/><U2/><E130/><V54/><F109/><W11/><G37/><T62/><D74/><U110/><E124/><V117/><F117/><W68/><G68/><T20/><D20/><U107/><E110/><V73/><F132/><W129/><G115/><T38/><D38/><U76/><E100/><V39/><F4/><W101/><G40/><T45/><D62/><U121/><E107/><V10/><F10/><W23/><G36/><T64/><D64/><U127/><E127/><V13/><F65/><W15/><G119/><T114/><D66/><U135/><E135/><V120/><F13/><W133/><G133/><T28/><REACH who="0" step="1"/><D114/><REACH who="0" ten="240,170,250,330" step="2"/><U48/><E121/><V75/><F75/><W69/><G129/><T106/><D106/><U67/><E48/><V59/><F73/><W63/><G63/><T35/><D35/><U33/><E33/><V89/><F39/><W118/><G23/><T85/><D85/><U134/><E134/><V105/><F105/><W108/><G108/><T82/><D82/><U70/><REACH who="1" step="1"/><E42/><AGARI ba="0,1" hai="6,8,12,21,27,28,42,45,49,77,80,86,96,99" machi="42" ten="30,12000,2" yaku="1,1,7,1,25,2,8,1,52,1,53,0" doraHai="41" doraHaiUra="52" who="0" fromWho="1" sc="240,130,170,-120,250,0,330,0" /><INIT seed="2,0,0,4,0,84" ten="370,50,250,330" oya="2" hai0="53,5,127,31,71,29,79,2,77,122,104,66,81" hai1="98,117,39,57,116,74,60,119,9,73,34,101,94" hai2="6,14,67,20,7,48,80,128,51,56,121,12,95" hai3="118,120,26,47,131,43,37,15,30,63,92,11,70"/><V33/><F121/><W78/><G120/><T36/><D122/><U76/><E34/><V132/><F33/><W27/><G118/><T22/><D127/><U32/><E32/><V69/><F69/><W59/><G70/><T113/><D113/><U4/><E39/><V65/><F132/><W88/><G78/><T123/><D123/><U135/><E135/><V134/><F128/><W129/><G30/><T62/><D104/><U112/><E112/><V96/><F80/><W49/><G37/><T110/><D36/><U72/><E57/><V16/><F134/><W18/><G129/><T106/><D106/><U130/><E60/><N who="2" m="38023" /><F67/><N who="3" m="39423" /><G131/><T44/><D110/><U50/><E50/><N who="2" m="18987" /><F12/><W90/><G92/><T55/><D44/><U8/><E130/><V126/><F126/><W24/><AGARI ba="0,0" hai="11,15,18,24,26,27,43,47,49,88,90" m="39423" machi="24" ten="30,7900,0" yaku="8,1,52,2,54,1" doraHai="84" who="3" fromWho="3" sc="370,-20,50,-20,250,-39,330,79" /><INIT seed="3,0,0,2,4,20" ten="350,30,211,409" oya="3" hai0="111,85,98,4,76,57,51,28,16,33,91,17,32" hai1="83,110,34,129,80,89,132,64,6,86,45,59,43" hai2="105,48,120,107,126,44,36,103,117,22,112,131,2" hai3="63,73,41,79,97,133,119,113,58,100,37,11,109"/><W67/><G113/><T70/><D111/><U1/><E34/><V27/><F112/><W66/><G119/><T77/><D70/><U130/><E110/><V65/><F117/><W96/><G109/><T92/><D4/><U68/><E68/><V7/><F36/><W50/><G37/><T26/><D33/><U116/><E6/><V90/><F131/><N who="1" m="50185" /><E1/><V123/><F126/><W56/><G133/><T95/><D57/><U78/><E89/><V52/><F65/><W81/><G11/><T121/><D51/><U47/><E59/><V101/><F7/><W30/><G30/><T13/><D121/><U25/><E25/><V108/><F2/><W29/><G29/><T21/><REACH who="0" step="1"/><D17/><REACH who="0" ten="340,30,211,409" step="2"/><U53/><E116/><V135/><F108/><W39/><G39/><T40/><D40/><U23/><E43/><V72/><F135/><W99/><G41/><T18/><D18/><U0/><E0/><V55/><F90/><AGARI ba="0,1" hai="13,16,21,26,28,32,76,77,85,90,91,92,95,98" machi="90" ten="30,7700,0" yaku="1,1,7,1,52,1,54,1,53,0" doraHai="20" doraHaiUra="125" who="0" fromWho="2" sc="340,87,30,0,211,-77,409,0" owari="427,52.7,30,-47.0,134,-26.6,409,20.9" /></mjloggm>