<mjloggm ver="2.3"><GO type="225" lobby="0"/><UN n0="%E9%80%9F%E6%B0%B4%E5%87%9B%E9%A6%99" n1="%E2%91%A3%E9%81%BF%E9%81%8A%E6%88%AF%E3%80%90%E6%9D%B1%E5%8D%97%E3%80%91" n2="%E6%98%93%E5%88%A9%E8%96%A9%E4%BC%AF" n3="%E9%B3%B3%E6%9D%B1%E3%81%AE%E3%81%86%E3%81%95%E3%81%8E%E3%81%95%E3%82%93" dan="16,16,16,16" rate="2133.62,2116.49,2144.78,2157.13" sx="F,M,F,M"/><TAIKYOKU oya="0"/><INIT seed="0,0,0,0,4,79" ten="250,250,250,250" oya="0" hai0="98,72,48,59,83,62,41,12,74,44,28,3,21" hai1="45,90,101,6,116,51,65,27,67,10,56,104,124" hai2="114,34,70,25,106,9,82,88,30,26,47,78,87" hai3="129,102,75,94,17,54,16,97,2,120,109,115,108"/><T107/><D3/><U0/><E116/><V42/><F114/><W110/><G129/><T36/><D36/><U81/><E124/><V63/><F106/><W69/><G115/><T133/><D133/><U73/><E56/><V5/><F70/><W35/><G120/><T121/><D121/><U91/><E91/><V29/><F63/><W118/><G118/><T85/><D107/><U46/><E46/><V112/><F112/><W7/><G69/><T122/><D98/><U52/><E27/><V20/><F9/><N who="3" m="2295" /><G35/><T99/><D99/><U89/><E89/><V127/><F5/><W43/><G43/><T38/><D38/><U125/><E125/><V117/><F127/><W131/><G131/><T15/><D122/><U126/><E126/><V132/><F132/><W40/><G40/><T4/><D4/><U49/><E49/><V61/><F61/><W23/><G75/><T80/><D74/><U14/><E0/><V86/><F117/><W55/><G17/><T18/><D72/><U135/><E135/><V37/><REACH who="2" step="1"/><F86/><REACH who="2" ten="250,250,240,250" step="2"/><W76/><G76/><AGARI ba="0,1" hai="20,25,26,29,30,34,37,42,47,76,78,82,87,88" machi="76" ten="40,8000,1" yaku="1,1,2,1,52,1,54,1,53,1" doraHai="79" doraHaiUra="31" who="2" fromWho="3" sc="250,0,250,0,240,90,250,-80" /><INIT seed="1,0,0,1,4,97" ten="250,250,330,170" oya="1" hai0="72,42,2,77,43,113,96,106,120,28,6,46,101" hai1="14,26,5,100,54,30,61,119,80,66,128,94,24" hai2="48,65,95,135,70,17,114,13,31,57,69,20,117" hai3="126,78,7,85,33,39,75,52,63,68,89,58,86"/><U34/><E119/><V41/><F117/><W35/><G39/><T18/><D113/><U51/><E128/><V81/><F135/><W32/><G126/><T50/><D28/><U12/><E5/><V112/><F31/><W104/><G104/><T83/><D120/><U105/><E26/><V121/><F121/><W109/><G109/><T103/><D103/><U9/><E94/><V19/><F81/><W1/><G75/><T116/><D116/><U127/><E80/><V49/><F95/><W64/><G78/><T45/><D18/><U60/><E9/><V118/><F118/><W93/><G1/><T111/><D111/><U130/><E61/><N who="2" m="38063" /><F19/><W107/><G7/><T74/><D74/><U129/><E127/><V76/><F49/><W0/><G0/><T59/><D59/><U90/><E90/><V84/><F84/><W108/><G108/><T91/><D91/><U56/><E129/><V134/><F134/><W92/><G107/><T132/><D132/><U23/><E23/><V37/><F37/><W47/><G92/><T123/><D123/><U115/><E115/><N who="2" m="44075" /><F76/><W79/><G79/><T82/><D82/><U99/><REACH who="1" step="1"/><E130/><REACH who="1" ten="250,240,330,170" step="2"/><V8/><F20/><W21/><G21/><T88/><D88/><U22/><E22/><V16/><F17/><W122/><G122/><T4/><REACH who="0" step="1"/><D2/><REACH who="0" ten="240,240,330,170" step="2"/><U133/><E133/><V44/><AGARI ba="0,2" hai="8,13,16,41,44,48,69,70" m="44075,38063" machi="44" ten="30,2000,0" yaku="11,1,54,1" doraHai="97" who="2" fromWho="2" sc="240,-5,240,-10,330,40,170,-5" /><INIT seed="2,0,0,4,2,36" ten="235,230,370,165" oya="2" hai0="132,72,31,75,17,79,84,41,11,57,90,60,71" hai1="122,102,124,85,35,95,115,33,82,98,65,64,94" hai2="66,99,13,29,91,81,119,15,70,30,101,120,3" hai3="96,134,76,0,83,92,25,51,73,46,87,67,40"/><V135/><F119/><W5/><G134/><T80/><D71/><U50/><E122/><V9/><F120/><W18/><G67/><T105/><D31/><U23/><E115/><V53/><F3/><W69/><G69/><T56/><D105/><U107/><E124/><V39/><F39/><W97/><G0/><T117/><D117/><U130/><E130/><V68/><F15/><W37/><G5/><T1/><D57/><U38/><E38/><V62/><F135/><W109/><G109/><T6/><D17/><U63/><E65/><V21/><F53/><W49/><G73/><T131/><D131/><U78/><E23/><V20/><F70/><W2/><G2/><T43/><D132/><U108/><E108/><V129/><F30/><W114/><G114/><T125/><D125/><U89/><E50/><V54/><F54/><W16/><G97/><T112/><D112/><U133/><E133/><V26/><F91/><W47/><G25/><T77/><D77/><U128/><E128/><V61/><F61/><W121/><G37/><T59/><D59/><N who="1" m="36991" /><E95/><V42/><F21/><W93/><G92/><T113/><D113/><U34/><E34/><V7/><F129/><W100/><G121/><T28/><D28/><U106/><E107/><V103/><F26/><W123/><G123/><T127/><D127/><U48/><E48/><V27/><F27/><W86/><G86/><T74/><D79/><U19/><E19/><V52/><F29/><W8/><G8/><T4/><D4/><U126/><E126/><V32/><F68/><W104/><G104/><T55/><AGARI ba="0,0" hai="1,6,11,41,43,55,56,60,72,74,75,80,84,90" machi="55" ten="30,7900,0" yaku="5,1,0,1,52,2" doraHai="36" who="0" fromWho="0" sc="235,79,230,-20,370,-39,165,-20" /><INIT seed="3,0,0,4,2,17" ten="314,210,331,145" oya="3" hai0="123,46,113,107,23,83,41,37,7,119,116,94,128" hai1="25,108,52,131,77,90,109,111,100,61,12,124,9" hai2="8,33,126,55,87,20,98,30,36,4,65,78,10" hai3="132,60,3,13,64,21,99,35,54,125,92,15,101"/><W135/><G35/><T76/><D107/><U14/><E124/><V91/><F36/><W95/><G3/><T117/><D123/><U75/><E131/><V85/><F33/><W2/><G2/><T68/><D68/><U1/><E100/><V6/><F65/><W53/><G95/><T81/><D7/><N who="2" m="2602" /><F55/><N who="3" m="21003" /><G125/><T40/><D40/><U16/><E1/><V38/><F38/><W133/><G21/><T49/><D128/><U58/><E90/><V26/><F126/><W88/><G101/><T57/><D113/><U67/><E77/><V89/><F78/><W47/><G47/><T106/><D106/><U56/><E75/><V122/><F122/><W63/><G63/><T96/><D76/><U32/><E32/><V129/><F129/><W115/><G115/><T34/><D34/><U70/><E25/><V22/><F22/><W39/><G39/><T51/><D23/><N who="1" m="11655" /><E52/><V79/><F79/><W74/><G74/><T19/><D37/><U73/><E73/><V59/><F59/><AGARI ba="0,0" hai="13,15,59,60,64,88,92,99,132,133,135" m="21003" machi="59" ten="30,2900,0" yaku="20,1,54,1" doraHai="17" who="3" fromWho="2" sc="314,0,210,0,331,-29,145,29" /><INIT seed="3,1,0,2,2,71" ten="314,210,302,174" oya="3" hai0="39,116,6,126,90,123,107,56,96,84,78,80,53" hai1="66,32,34,2,15,104,122,58,125,106,97,76,67" hai2="94,18,62,100,48,124,127,26,25,68,101,1,81" hai3="134,5,23,22,118,105,46,95,43,37,54,13,117"/><W87/><G134/><T89/><D123/><U83/><E122/><V41/><F1/><W33/><G105/><T98/><D39/><U128/><E2/><V55/><F41/><W131/><G33/><T65/><D126/><N who="2" m="48170" /><F81/><W35/><G35/><T91/><D107/><U129/><E125/><V19/><F26/><W36/><G36/><T3/><D3/><U111/><E111/><V99/><F100/><W27/><G131/><N who="1" m="50250" /><E106/><V29/><F62/><W119/><G54/><T42/><D42/><U16/><E97/><V86/><F86/><W114/><G114/><T115/><D115/><U82/><E104/><V109/><F68/><W7/><G13/><T49/><D6/><U85/><E83/><V57/><F109/><W92/><G22/><AGARI ba="1,0" hai="18,19,22,25,29,48,55,57,94,99,101" m="48170" machi="22" ten="30,1000,0" yaku="18,1" doraHai="71" who="2" fromWho="3" sc="314,0,210,0,302,13,174,-13" owari="314,11.4,210,-19.0,315,41.5,161,-33.9" /></mjloggm>