<mjloggm ver="2.3"><GO type="225" lobby="0"/><UN n0="%47%48%4F%53%54" n1="%E3%81%BE%E3%81%A8%E3%81%9F" n2="%E3%81%B2%E3%81%BE%E3%81%A4%E3%81%B6%E3%81%97" n3="%72%65%6E%6B%75%6E" dan="17,16,17,17" rate="2294.19,2102.31,2192.79,2251.53" sx="M,M,M,M"/><TAIKYOKU oya="0"/><INIT seed="0,0,0,3,4,29" ten="250,250,250,250" oya="0" hai0="34,4,93,77,89,76,132,62,98,131,43,116,7" hai1="30,120,25,57,118,35,111,114,6,78,133,95,65" hai2="12,8,45,32,11,37,52,99,108,100,42,56,22" hai3="124,101,67,74,109,60,129,58,103,46,75,122,105"/><T39/><D116/><U51/><E118/><V117/><F117/><W17/><G109/><T80/><D131/><U91/><E120/><V71/><F108/><W33/><G33/><T83/><D132/><U21/><E111/><V96/><F71/><W66/><G129/><T18/><D34/><U59/><E133/><V68/><F68/><W112/><G112/><T63/><D39/><U13/><E78/><V130/><F130/><W127/><G122/><T28/><D43/><U47/><E65/><V123/><F32/><W15/><G46/><T20/><D28/><U36/><E36/><V26/><F123/><W50/><G50/><T5/><D77/><U104/><E104/><V88/><F88/><W119/><G66/><T64/><D64/><U97/><E114/><V40/><F40/><W53/><G67/><T126/><D126/><N who="3" m="48169" /><G119/><T16/><D18/><U9/><REACH who="1" step="1"/><E35/><REACH who="1" ten="250,240,250,250" step="2"/><V1/><F37/><W125/><G125/><T79/><D79/><U44/><E44/><V81/><F45/><W3/><G105/><T61/><REACH who="0" step="1"/><D76/><REACH who="0" ten="240,240,250,250" step="2"/><U94/><E94/><V24/><F42/><AGARI ba="0,2" hai="6,9,13,21,25,30,42,47,51,57,59,91,95,97" machi="42" ten="30,3900,0" yaku="1,1,7,1,8,1,53,0" doraHai="29" doraHaiUra="69" who="1" fromWho="2" sc="240,0,240,59,250,-39,250,0" /><INIT seed="1,0,0,2,5,24" ten="240,299,211,250" oya="1" hai0="89,66,65,2,116,114,132,106,110,21,126,96,31" hai1="118,119,35,4,128,49,123,38,25,50,115,0,1" hai2="48,41,69,51,45,56,130,88,86,98,91,104,18" hai3="52,7,122,67,112,70,15,43,10,120,71,124,78"/><U57/><E115/><V64/><F130/><W121/><G112/><T127/><D114/><U62/><E38/><V93/><F69/><W32/><G32/><T109/><D116/><U23/><E35/><V129/><F129/><W82/><G124/><N who="0" m="47659" /><D2/><U16/><E128/><V77/><F77/><W60/><G43/><T34/><D34/><U95/><E123/><V103/><F91/><W20/><G20/><T100/><D132/><U19/><E0/><V134/><F134/><W117/><G117/><T83/><D83/><U87/><E118/><V131/><F131/><W54/><REACH who="3" step="1"/><G70/><REACH who="3" ten="240,299,211,240" step="2"/><T6/><D21/><U125/><E119/><V68/><F68/><W74/><AGARI ba="0,1" hai="7,10,15,52,54,60,67,71,74,78,82,120,121,122" machi="74" ten="30,7900,0" yaku="1,1,2,1,0,1,54,1,53,0" doraHai="24" doraHaiUra="92" who="3" fromWho="3" sc="240,-20,299,-39,211,-20,240,89" /><INIT seed="2,0,0,3,2,9" ten="220,260,191,329" oya="2" hai0="50,119,102,48,65,38,109,117,86,70,129,133,7" hai1="12,15,85,14,3,130,81,124,60,8,49,58,132" hai2="52,19,37,27,68,125,82,36,121,88,71,111,114" hai3="56,10,126,83,116,4,76,123,93,101,61,43,84"/><V6/><F114/><W63/><G116/><N who="0" m="44619" /><D102/><U122/><E122/><V20/><F121/><W98/><G123/><T77/><D109/><U91/><E124/><V72/><F125/><W131/><G126/><T1/><D129/><U67/><E130/><V66/><F111/><W62/><G131/><T11/><D133/><U59/><E132/><V115/><F115/><W87/><G43/><T100/><D38/><U120/><E120/><V13/><F37/><W73/><REACH who="3" step="1"/><G56/><REACH who="3" ten="220,260,191,319" step="2"/><T128/><D128/><U108/><E108/><V97/><F71/><W113/><G113/><T64/><D70/><U89/><E3/><AGARI ba="0,1" hai="3,4,10,61,62,63,73,76,83,84,87,93,98,101" machi="3" ten="40,1300,0" yaku="1,1,53,0" doraHai="9" doraHaiUra="110" who="3" fromWho="1" sc="220,0,260,-13,191,0,319,23" /><INIT seed="3,0,0,0,4,9" ten="220,247,191,342" oya="3" hai0="96,98,103,133,127,57,115,126,69,27,80,121,61" hai1="34,26,87,125,109,111,21,52,36,122,66,30,105" hai2="107,124,118,114,7,40,90,19,29,88,22,56,60" hai3="45,123,108,0,53,101,23,35,32,46,85,129,71"/><W75/><G75/><T73/><D121/><U64/><E122/><V68/><F114/><W120/><G0/><T49/><D115/><U128/><E36/><V67/><F118/><W134/><G101/><T93/><D133/><U94/><E105/><V63/><F124/><N who="0" m="47658" /><D69/><U50/><E125/><V42/><F107/><W86/><G71/><T31/><D49/><U99/><E87/><V28/><F7/><W38/><G53/><N who="0" m="33967" /><D98/><U44/><E34/><V78/><F78/><W131/><G23/><N who="0" m="15871" /><D80/><U25/><E25/><V100/><F100/><W77/><G77/><T102/><D73/><U113/><E113/><V91/><F68/><W3/><G3/><T72/><D72/><U110/><REACH who="1" step="1"/><E128/><REACH who="1" ten="220,237,191,342" step="2"/><V24/><F63/><W10/><G129/><T18/><D18/><U112/><E112/><V70/><F70/><W104/><G131/><T81/><D81/><U12/><E12/><V39/><F39/><W2/><G86/><T79/><D79/><U83/><E83/><V117/><F117/><W74/><G85/><T95/><D95/><U14/><E14/><V16/><F28/><W97/><G74/><T11/><D11/><U15/><E15/><V5/><F5/><W54/><G10/><T58/><D58/><U82/><E82/><V55/><F67/><W92/><G120/><T106/><D106/><U20/><E20/><V65/><F65/><W41/><G104/><T37/><D37/><U47/><E47/><V130/><F130/><W17/><G46/><T62/><D62/><U76/><E76/><V89/><N who="2" m="22528" /><DORA hai="1" /><V8/><F8/><W59/><G123/><RYUUKYOKU ba="0,1" sc="220,10,237,10,191,10,342,-30" hai0="93,96,102,103" hai1="21,26,30,44,50,52,64,66,94,99,109,110,111" hai2="16,19,22,24,29,40,42,55,56,60" owari="230,-17.0,247,4.7,201,-29.9,322,42.2" /></mjloggm>