<mjloggm ver="2.3"><GO type="225" lobby="0"/><UN n0="%E3%81%8B%E3%82%8F%E3%81%A1%E3%82%83%E3%82%93%35%38" n1="%E3%81%95%E3%81%8D%E3%81%9F%E3%81%BE%E6%9E%97%E6%AA%8E" n2="%E3%81%8C%E3%81%9F" n3="%4E%6F%2E%30%30%30%31" dan="16,16,16,18" rate="2116.48,2157.72,2135.02,2202.68" sx="M,M,F,M"/><TAIKYOKU oya="0"/><INIT seed="0,0,0,1,5,97" ten="250,250,250,250" oya="0" hai0="54,64,79,17,34,128,120,132,124,111,7,90,5" hai1="30,127,21,43,135,99,60,56,87,65,53,94,72" hai2="26,82,3,76,107,32,29,113,48,42,59,55,81" hai3="67,24,10,93,88,69,73,75,134,40,122,63,47"/><T91/><D120/><U66/><E135/><V4/><F113/><W38/><G134/><T126/><D132/><U19/><E127/><N who="0" m="48681" /><D34/><U80/><E72/><V96/><F42/><W51/><G122/><T46/><D64/><U70/><E43/><V49/><F49/><W14/><G24/><T45/><D79/><N who="1" m="46495" /><E70/><V102/><REACH who="2" step="1"/><F76/><REACH who="2" ten="250,250,240,250" step="2"/><W61/><G51/><T85/><D46/><U25/><E30/><V28/><F28/><W103/><G61/><T84/><D45/><U105/><E105/><V9/><AGARI ba="0,1" hai="3,4,9,26,29,32,48,55,59,81,82,96,102,107" machi="9" ten="30,7900,0" yaku="1,1,0,1,52,1,53,1" doraHai="97" doraHaiUra="22" who="2" fromWho="2" sc="250,-39,250,-20,240,89,250,-20" /><INIT seed="1,0,0,5,4,124" ten="211,230,329,230" oya="1" hai0="107,89,33,94,73,61,131,121,58,59,9,14,113" hai1="79,132,39,77,93,134,62,70,69,38,35,22,120" hai2="15,98,72,81,128,78,64,3,105,123,101,99,2" hai3="23,71,28,18,122,117,135,84,49,51,110,103,118"/><U16/><E120/><V102/><F123/><W129/><G122/><T32/><D113/><U100/><E35/><V50/><F64/><W24/><G110/><T82/><D121/><U44/><E93/><V83/><F128/><W6/><G135/><N who="1" m="51754" /><E100/><V1/><F15/><W60/><G6/><T91/><D107/><U26/><E44/><V87/><F50/><W104/><G129/><T85/><D131/><U56/><E77/><V57/><F57/><W10/><G84/><T76/><D91/><U27/><E27/><V66/><F66/><N who="3" m="41415" /><G103/><T34/><REACH who="0" step="1"/><D61/><REACH who="0" ten="201,230,329,230" step="2"/><U108/><E79/><V45/><F105/><W127/><G104/><T55/><D55/><N who="1" m="34079" /><E108/><V126/><F78/><W75/><G127/><T125/><D125/><U86/><E86/><V4/><F87/><W19/><G75/><T37/><D37/><AGARI ba="0,1" hai="16,22,26,37,38,39,69,70" m="34079,51754" machi="37" ten="30,2900,0" yaku="20,1,54,1" doraHai="124" who="1" fromWho="0" sc="201,-29,230,39,329,0,230,0" /><INIT seed="1,1,0,0,5,65" ten="172,269,329,230" oya="1" hai0="18,96,117,31,68,29,0,53,37,105,30,83,19" hai1="80,122,47,41,14,107,94,11,126,63,51,33,132" hai2="74,43,42,118,22,86,99,102,112,130,116,5,62" hai3="90,16,59,124,113,34,85,72,23,20,4,108,24"/><U121/><E107/><V75/><F5/><W48/><G113/><T109/><D117/><U77/><E33/><V82/><F22/><W50/><G72/><N who="2" m="27689" /><F62/><W12/><G108/><T129/><D37/><U114/><E132/><V103/><F43/><W91/><G34/><T128/><D83/><U21/><E126/><V81/><F42/><W49/><G124/><T1/><D96/><U104/><E104/><N who="2" m="63583" /><F112/><W125/><G125/><T127/><D105/><U36/><E114/><V119/><F130/><N who="0" m="50282" /><D127/><U61/><E36/><V97/><F86/><W58/><G4/><T6/><D6/><U133/><E133/><V45/><F45/><W134/><G134/><T88/><D109/><U100/><E63/><V35/><F35/><W69/><G69/><T71/><D53/><U93/><E61/><V120/><F120/><W79/><G58/><T64/><D64/><U95/><E21/><V38/><F38/><W26/><G59/><T39/><D39/><U106/><E106/><AGARI ba="1,0" hai="81,82,97,103,106,116,118,119" m="63583,27689" machi="106" ten="40,2600,0" yaku="34,2" doraHai="65" who="2" fromWho="1" sc="172,0,269,-29,329,29,230,0" /><INIT seed="2,0,0,4,2,107" ten="172,240,358,230" oya="2" hai0="75,17,27,76,89,0,135,124,93,126,100,2,44" hai1="19,120,15,11,121,91,83,123,71,99,72,122,127" hai2="95,30,116,25,39,109,55,69,131,18,112,24,54" hai3="23,110,53,104,49,13,125,67,111,130,1,9,108"/><V41/><F112/><W33/><G33/><T114/><D114/><U57/><E71/><V20/><F116/><W97/><G130/><T68/><D68/><U94/><N who="1" m="30720" /><DORA hai="65" /><U64/><E127/><N who="0" m="48681" /><D100/><U132/><E132/><V74/><F69/><W113/><G125/><T118/><D135/><U133/><E133/><V85/><F74/><W50/><G113/><T84/><D118/><U21/><E64/><V86/><F131/><W16/><G67/><T58/><D58/><U38/><E57/><V3/><F3/><N who="0" m="1066" /><D44/><U26/><E38/><V22/><F39/><W34/><G34/><T42/><D42/><U63/><E63/><V129/><F41/><W115/><G115/><T102/><D102/><U45/><E45/><V40/><F40/><W28/><G53/><T92/><D92/><U60/><E60/><V4/><F95/><W101/><G1/><T12/><D27/><AGARI ba="0,0" hai="9,13,16,23,27,28,49,50,97,101,104,108,110,111" machi="27" ten="40,2600,0" yaku="14,1,54,1" doraHai="107,65" who="3" fromWho="0" sc="172,-26,240,0,358,0,230,26" /><INIT seed="3,0,0,1,2,28" ten="146,240,358,256" oya="3" hai0="21,0,81,5,57,134,6,94,133,83,82,121,113" hai1="59,13,104,68,127,90,77,9,125,89,38,111,80" hai2="101,2,73,7,17,71,79,49,26,97,107,24,42" hai3="10,120,3,31,15,16,115,96,56,53,46,124,36"/><W74/><G115/><T35/><D121/><U118/><E111/><V43/><F71/><W62/><G120/><T55/><D113/><U95/><E68/><V110/><F110/><W65/><G124/><N who="1" m="47690" /><E104/><V100/><F100/><W25/><G74/><T58/><D94/><U102/><E38/><V99/><F99/><W48/><G3/><T45/><D0/><U129/><E129/><V93/><F107/><W47/><G96/><T86/><D86/><N who="1" m="48399" /><E118/><V20/><F49/><W61/><G36/><T34/><D21/><U131/><E131/><V54/><F54/><W60/><REACH who="3" step="1"/><G46/><REACH who="3" ten="146,240,358,246" step="2"/><T98/><D98/><N who="1" m="59743" /><E59/><N who="0" m="22537" /><D45/><U12/><E12/><V126/><F73/><W91/><G91/><T30/><D55/><U75/><E75/><V50/><F2/><W23/><AGARI ba="0,1" hai="10,15,16,23,25,31,47,48,53,56,60,61,62,65" machi="23" ten="20,18000,2" yaku="1,1,0,1,7,1,8,1,54,1,53,1" doraHai="28" doraHaiUra="63" who="3" fromWho="3" sc="146,-60,240,-60,358,-60,246,190" owari="86,-41.4,180,-22.0,298,9.8,436,53.6" /></mjloggm>