<mjloggm ver="2.3"><GO type="225" lobby="0"/><UN n0="%E3%83%9F%E3%83%AA%E3%83%80%E3%81%97%E3%82%88" n1="%73%69%72%6F%75%74" n2="%E2%91%A3%E9%81%BF%E9%81%8A%E6%88%AF%E3%80%90%E6%9D%B1%E5%8D%97%E3%80%91" n3="%73%6C%69%63%6B%33%31%39" dan="16,16,16,16" rate="2086.56,2005.08,2166.41,2168.17" sx="M,M,M,M"/><TAIKYOKU oya="0"/><INIT seed="0,0,0,0,0,97" ten="250,250,250,250" oya="0" hai0="26,51,36,48,1,101,27,35,123,135,24,50,84" hai1="38,76,75,95,65,66,103,102,72,23,93,106,29" hai2="32,74,0,115,2,64,14,57,116,119,7,70,83" hai3="33,79,31,122,28,5,47,53,9,77,129,126,104"/><T90/><D36/><U39/><E23/><V18/><F115/><W16/><G104/><T100/><D123/><U59/><E59/><V45/><F32/><W17/><G122/><T55/><D135/><U82/><E106/><V96/><F70/><W34/><G47/><T62/><D1/><U8/><E82/><V68/><F68/><W69/><G69/><T54/><D35/><N who="3" m="13321" /><G53/><N who="0" m="19979" /><D62/><U61/><E61/><V134/><F134/><W112/><G79/><T58/><D58/><U20/><E20/><V6/><F45/><W56/><G56/><T85/><D85/><U94/><E94/><AGARI ba="0,0" hai="24,26,27,48,50,51,84,90,94,100,101" m="19979" machi="94" ten="30,5800,0" yaku="8,1,52,2" doraHai="97" who="0" fromWho="1" sc="250,58,250,-58,250,0,250,0" /><INIT seed="0,1,0,1,3,107" ten="308,192,250,250" oya="0" hai0="27,108,40,26,99,33,57,73,66,31,39,131,64" hai1="60,125,36,78,49,112,47,129,42,24,130,35,32" hai2="53,6,1,20,17,79,113,21,22,15,102,13,126" hai3="72,52,88,89,80,98,104,122,9,109,44,61,92"/><T93/><D131/><U124/><E78/><V18/><F102/><W105/><G109/><T34/><D108/><U91/><E91/><V7/><F79/><W83/><G122/><T30/><D39/><U25/><E25/><V94/><F113/><W41/><G9/><T106/><D40/><U95/><E95/><V133/><F94/><W12/><G12/><T87/><D106/><U58/><E112/><V71/><F71/><W121/><G121/><T10/><D10/><U81/><E81/><V45/><F1/><W54/><G72/><T23/><D73/><U76/><E76/><V50/><F126/><N who="1" m="48745" /><E24/><V127/><F127/><W77/><G89/><T90/><D23/><U68/><E32/><V65/><F65/><W48/><G61/><T56/><D87/><U111/><E35/><V82/><F82/><W134/><G134/><T4/><D4/><U28/><E28/><V5/><F133/><W46/><G54/><T51/><D66/><N who="1" m="41031" /><E111/><V86/><F86/><W135/><G80/><T0/><D0/><U120/><E120/><V117/><F117/><W38/><G135/><T29/><D29/><U43/><E43/><V119/><F119/><W96/><G98/><T103/><D103/><U123/><E123/><V100/><F100/><W101/><G101/><T19/><D19/><AGARI ba="1,0" hai="5,6,7,13,15,17,18,19,20,21,22,45,50,53" machi="19" ten="40,1300,0" yaku="8,1" doraHai="107" who="2" fromWho="0" sc="308,-16,192,0,250,16,250,0" /><INIT seed="1,0,0,3,4,54" ten="292,192,266,250" oya="1" hai0="68,101,89,120,17,13,2,72,99,118,79,37,71" hai1="24,53,113,60,19,106,134,114,64,111,73,8,93" hai2="97,86,83,21,57,30,28,65,39,124,11,52,15" hai3="6,40,125,22,42,122,56,32,103,46,119,75,96"/><U81/><E106/><V31/><F124/><W84/><G75/><T26/><D118/><U87/><E134/><V25/><F39/><W129/><G32/><T82/><D2/><U50/><E73/><V63/><F97/><W110/><G122/><T98/><D120/><U126/><E126/><V62/><F11/><W35/><G35/><T127/><D127/><U4/><E93/><V130/><F15/><W123/><G123/><T36/><D26/><U85/><E111/><V7/><F7/><W116/><G6/><T88/><D101/><U49/><E49/><V131/><F130/><W12/><G125/><T3/><D3/><U61/><E61/><V92/><F92/><W9/><G22/><T132/><D132/><U51/><E51/><V80/><F131/><W112/><G112/><T69/><D99/><U77/><E87/><V43/><F43/><W23/><G23/><T121/><D121/><U34/><E19/><V76/><F83/><W74/><G74/><T117/><D117/><N who="3" m="45129" /><G110/><T100/><D37/><U115/><E24/><V90/><F76/><W66/><G84/><T14/><D36/><U102/><E34/><V29/><F29/><W41/><G46/><T107/><REACH who="0" step="1"/><D13/><REACH who="0" ten="282,192,266,250" step="2"/><U104/><E104/><V108/><F108/><W10/><G12/><T133/><D133/><U55/><E102/><V128/><F128/><W0/><G0/><T78/><D78/><U48/><E114/><V59/><AGARI ba="0,1" hai="21,25,28,30,31,52,57,59,62,63,65,80,86,90" machi="59" ten="20,12000,2" yaku="0,1,7,1,8,1,52,2,54,1" doraHai="54" who="2" fromWho="2" sc="282,-30,192,-60,266,130,250,-30" /><INIT seed="2,0,0,4,2,115" ten="252,132,396,220" oya="2" hai0="57,35,111,63,126,121,69,117,45,39,88,36,101" hai1="33,133,71,18,40,70,4,68,48,125,123,135,6" hai2="83,114,51,105,19,37,12,0,23,92,15,24,93" hai3="72,66,43,78,108,31,90,120,112,95,46,82,75"/><V50/><F114/><W54/><G120/><T97/><D121/><U107/><E123/><V118/><F118/><W129/><G112/><T62/><D111/><U55/><E107/><V61/><F0/><W7/><G108/><T64/><D126/><U14/><E33/><V41/><F105/><W77/><G129/><T47/><D35/><U25/><E40/><V67/><F37/><W26/><G66/><T132/><D132/><U99/><E99/><V80/><F24/><W106/><G7/><T27/><D27/><U94/><E94/><V17/><F41/><W60/><G106/><T103/><D117/><U116/><E25/><V8/><F67/><W2/><G2/><T130/><D130/><U134/><E125/><V119/><F119/><W128/><G128/><T74/><D74/><U98/><E98/><V79/><F61/><W5/><G5/><T44/><D36/><U10/><REACH who="1" step="1"/><E116/><REACH who="1" ten="252,122,396,220" step="2"/><V81/><F79/><W96/><G77/><T131/><D131/><U76/><E76/><V11/><F81/><W53/><G75/><T9/><D97/><U16/><E16/><V86/><F86/><W21/><G60/><T100/><D62/><U49/><E49/><AGARI ba="0,1" hai="21,26,31,43,46,49,53,54,72,78,82,90,95,96" machi="49" ten="30,1000,0" yaku="7,1" doraHai="115" who="3" fromWho="1" sc="252,0,122,-10,396,0,220,20" /><INIT seed="3,0,0,3,1,7" ten="252,112,396,240" oya="3" hai0="73,20,36,65,50,80,123,111,96,77,4,120,3" hai1="51,72,104,70,86,97,47,27,125,82,84,135,59" hai2="113,25,8,23,35,83,26,5,133,112,115,49,42" hai3="37,67,58,116,121,87,129,61,110,60,130,21,95"/><W22/><G116/><T81/><D36/><U10/><E70/><V85/><F35/><W131/><G121/><T29/><D65/><U122/><E122/><V103/><F103/><W106/><G106/><T9/><D111/><U100/><E125/><V41/><F133/><W134/><G37/><T55/><D96/><U127/><E127/><V90/><F49/><W91/><G134/><T28/><D81/><U16/><E135/><V108/><F108/><W0/><G110/><T17/><D28/><U11/><E59/><V128/><F128/><W54/><REACH who="3" step="1"/><G0/><REACH who="3" ten="252,112,396,230" step="2"/><T63/><D123/><U71/><E71/><AGARI ba="0,1" hai="21,22,54,58,60,61,67,71,87,91,95,129,130,131" machi="71" ten="40,7700,0" yaku="1,1,2,1,19,1,53,0" doraHai="7" doraHaiUra="102" who="3" fromWho="1" sc="252,0,112,-77,396,0,230,87" /><INIT seed="3,1,0,5,1,127" ten="252,35,396,317" oya="3" hai0="71,47,100,0,38,17,85,68,92,2,18,40,99" hai1="122,45,86,130,30,64,106,131,109,28,69,31,33" hai2="123,90,39,5,53,135,120,6,26,12,36,125,9" hai3="117,124,42,116,60,21,15,16,108,74,87,112,133"/><W37/><G112/><T77/><D18/><U3/><E3/><V134/><F125/><W96/><G74/><T101/><D101/><U65/><E86/><V41/><F5/><W56/><G124/><T119/><D119/><U48/><E106/><V35/><F53/><W20/><G133/><N who="2" m="50697" /><F90/><W110/><G96/><T95/><D68/><U70/><E122/><N who="2" m="46635" /><F41/><W24/><G87/><T10/><D71/><U126/><E126/><V7/><F7/><W82/><G82/><T102/><D102/><U132/><E132/><V57/><F57/><W118/><G42/><T63/><D63/><U81/><E81/><V66/><F66/><W4/><G37/><N who="2" m="14409" /><F26/><W43/><G43/><T14/><D77/><U32/><E109/><N who="3" m="42090" /><G4/><T54/><D54/><U94/><E94/><V72/><F35/><W107/><G107/><T51/><D38/><U1/><E31/><V11/><F11/><N who="3" m="6271" /><G24/><T98/><D98/><U73/><E1/><V25/><F25/><W52/><AGARI ba="1,0" hai="20,21,52,56,60,116,117,118" m="6271,42090" machi="52" ten="40,12000,1" yaku="14,1,10,1,54,2" doraHai="127" who="3" fromWho="3" sc="252,-41,35,-41,396,-41,317,123" owari="211,-18.9,-6,-50.6,355,15.5,440,54.0" /></mjloggm>