<mjloggm ver="2.3"><GO type="225" lobby="0"/><UN n0="%72%61%6B%33" n1="%E5%B0%8F%37%34" n2="%E3%81%BF%E3%81%BF%E3%81%9A" n3="%6D%75%75%6D%75%72%61" dan="16,16,16,16" rate="2073.45,2098.79,2121.24,2115.89" sx="M,M,M,F"/><TAIKYOKU oya="0"/><INIT seed="0,0,0,3,1,108" ten="250,250,250,250" oya="0" hai0="57,9,134,121,55,34,7,31,75,92,118,107,21" hai1="99,97,52,26,122,87,45,43,4,85,59,8,54" hai2="132,135,120,40,133,113,71,101,32,80,115,86,126" hai3="13,94,19,38,76,30,130,25,50,37,17,70,39"/><T117/><D107/><U119/><E122/><V105/><F120/><W63/><G130/><T116/><D121/><U82/><E119/><V106/><F126/><W14/><G76/><T100/><D75/><U124/><E26/><V95/><F32/><W68/><G50/><T102/><D34/><U84/><E82/><V41/><F71/><W110/><G110/><T49/><D134/><U77/><E77/><N who="2" m="46351" /><F40/><W28/><G94/><T5/><D5/><U18/><E18/><N who="3" m="6666" /><G25/><T60/><D92/><U72/><E72/><V96/><F41/><W46/><G63/><T51/><D21/><U78/><E78/><V111/><F111/><W29/><G46/><T24/><D51/><U33/><E33/><V48/><F48/><W90/><G90/><T23/><REACH who="0" step="1"/><D49/><REACH who="0" ten="240,250,250,250" step="2"/><U127/><E124/><V10/><F10/><W89/><G89/><T128/><D128/><U65/><E127/><V67/><F67/><W1/><G1/><AGARI ba="0,1" hai="1,7,9,23,24,31,55,57,60,100,102,116,117,118" machi="1" ten="40,2000,0" yaku="1,1,53,0" doraHai="108" doraHaiUra="44" who="0" fromWho="3" sc="240,30,250,0,250,0,250,-20" /><INIT seed="0,1,0,5,2,104" ten="270,250,250,230" oya="0" hai0="91,22,78,132,5,57,97,135,123,121,20,54,80" hai1="62,125,127,117,9,59,37,113,108,109,21,69,53" hai2="90,96,61,25,33,32,11,58,8,64,19,107,44" hai3="40,51,23,112,1,130,46,114,76,41,15,36,75"/><T88/><D5/><U122/><E9/><V68/><F44/><W129/><G1/><T24/><D123/><U7/><E7/><V10/><F19/><N who="3" m="10751" /><G36/><T66/><D66/><N who="1" m="41175" /><E21/><V27/><F58/><W105/><G40/><T95/><D91/><U31/><E31/><V134/><F134/><W6/><G105/><T67/><D67/><U65/><E37/><V35/><REACH who="2" step="1"/><F90/><REACH who="2" ten="270,250,240,230" step="2"/><W79/><G6/><T133/><D121/><U110/><E65/><V29/><F29/><W116/><G46/><T89/><D89/><U60/><E122/><V4/><F4/><W87/><G112/><T38/><D38/><U126/><E113/><V30/><F30/><W14/><G114/><T99/><D99/><U98/><E98/><V81/><F81/><W26/><G130/><T100/><D88/><U73/><E73/><V45/><F45/><W12/><G75/><N who="0" m="43103" /><D24/><U131/><E131/><V43/><F43/><W63/><G26/><T55/><D55/><U120/><E120/><V115/><F115/><W119/><G129/><T18/><D18/><U3/><E3/><V42/><F42/><W124/><G41/><T34/><D34/><U103/><E103/><AGARI ba="1,1" hai="8,10,11,25,27,32,33,35,61,64,68,96,103,107" machi="103" ten="50,1600,0" yaku="1,1,53,0" doraHai="104" doraHaiUra="77" who="2" fromWho="1" sc="270,0,250,-19,240,29,230,0" /><INIT seed="1,0,0,4,3,10" ten="270,231,269,230" oya="1" hai0="1,40,107,8,103,82,74,7,110,18,31,102,73" hai1="50,123,16,27,15,61,98,84,21,52,64,90,22" hai2="124,37,66,101,97,116,111,69,20,17,23,117,135" hai3="106,128,93,36,44,83,113,80,29,55,109,43,114"/><U60/><E123/><V13/><F37/><W45/><G106/><T78/><D110/><U28/><E98/><V131/><F111/><W68/><G109/><T95/><D107/><U89/><E64/><V96/><F124/><W58/><G68/><T133/><D133/><U75/><E75/><V51/><F135/><W12/><G128/><T88/><D74/><U108/><E108/><V72/><F72/><W76/><G44/><T86/><D31/><U112/><E112/><V48/><F96/><W32/><G93/><T4/><D4/><U118/><E118/><V47/><F131/><W121/><G121/><T24/><REACH who="0" step="1"/><D40/><REACH who="0" ten="260,231,269,230" step="2"/><U81/><E89/><V54/><F117/><W34/><G114/><T104/><D104/><U67/><E67/><V105/><F116/><W53/><G113/><T134/><D134/><U119/><REACH who="1" step="1"/><E119/><REACH who="1" ten="260,221,269,230" step="2"/><V11/><F66/><W25/><G76/><T38/><D38/><U120/><E120/><V56/><REACH who="2" step="1"/><F69/><REACH who="2" ten="260,221,259,230" step="2"/><W122/><G122/><T41/><D41/><AGARI ba="0,3" hai="11,13,17,20,23,41,47,48,51,54,56,97,101,105" machi="41" ten="30,8000,1" yaku="1,1,2,1,7,1,52,1,53,1" doraHai="10" doraHaiUra="92" who="2" fromWho="0" sc="260,-80,221,0,259,110,230,0" /><INIT seed="2,0,0,5,5,56" ten="180,221,369,230" oya="2" hai0="24,37,2,40,31,4,119,20,73,62,15,131,66" hai1="5,95,116,46,128,39,59,35,38,79,8,47,28" hai2="68,125,11,127,74,114,26,36,75,101,80,3,99" hai3="105,132,107,64,33,77,102,108,85,67,123,118,51"/><V29/><F114/><W117/><G123/><T21/><D131/><U63/><E116/><V100/><F36/><W22/><G33/><T49/><D119/><U121/><E121/><V27/><F80/><W87/><G77/><T10/><D73/><U9/><E128/><V81/><F81/><W129/><G129/><T93/><D37/><U61/><E79/><V115/><F115/><W55/><G22/><T78/><D78/><U34/><E59/><V130/><F130/><W88/><G51/><T134/><D134/><U126/><E95/><V18/><F18/><W103/><G108/><T94/><D2/><U98/><E98/><V113/><F113/><W19/><G19/><T65/><D20/><U86/><E86/><V14/><F14/><W104/><G104/><T110/><D110/><U17/><E17/><V133/><F133/><W48/><G48/><T84/><D84/><U12/><E12/><V89/><F89/><W54/><G132/><T13/><D13/><U82/><E82/><V41/><F41/><W58/><G58/><N who="0" m="37079" /><D66/><U96/><E96/><V44/><F99/><W72/><G72/><T71/><D71/><U106/><E106/><V53/><F68/><W60/><G60/><T7/><D7/><U45/><E45/><AGARI ba="0,0" hai="4,10,15,21,24,31,40,45,49,93,94" m="37079" machi="45" ten="30,2000,0" yaku="8,1,52,1" doraHai="56" who="0" fromWho="1" sc="180,20,221,-20,369,0,230,0" /><INIT seed="3,0,0,5,3,37" ten="200,201,369,230" oya="3" hai0="88,60,18,14,64,24,127,87,109,56,3,20,35" hai1="82,59,86,114,99,26,100,90,80,44,79,67,17" hai2="71,68,70,75,113,36,43,96,49,27,66,125,94" hai3="95,119,5,23,2,124,31,115,41,50,85,77,25"/><W15/><G115/><T92/><D109/><U93/><E114/><V6/><F75/><W120/><G119/><T101/><D127/><U55/><E67/><V74/><F74/><W97/><G120/><T63/><D3/><U16/><E44/><V33/><F6/><W123/><G2/><T9/><D35/><U32/><E32/><V19/><F36/><W58/><G123/><T30/><D63/><N who="1" m="36351" /><E26/><V11/><F11/><N who="3" m="4591" /><G58/><T38/><D38/><U4/><E4/><V81/><F125/><W128/><G128/><T118/><D118/><U106/><E106/><V133/><F113/><W105/><G105/><T8/><D8/><U62/><E62/><V132/><F70/><W21/><G25/><T48/><D101/><U61/><E61/><V12/><F27/><W122/><G31/><T29/><D48/><U107/><E107/><V28/><F28/><AGARI ba="0,0" hai="9,14,18,20,24,28,29,30,56,60,64,87,88,92" machi="28" ten="30,3900,0" yaku="7,1,8,1,54,1" doraHai="37" who="0" fromWho="2" sc="200,39,201,0,369,-39,230,0" owari="239,3.9,201,-29.9,330,43.0,230,-17.0" /></mjloggm>