<mjloggm ver="2.3"><GO type="225" lobby="0"/><UN n0="%E7%99%BD%E9%9B%AA%E4%B9%83%E6%84%9B" n1="%E8%BE%9B%E5%8F%A3%E3%82%AB%E3%83%AC%E3%83%BC%E3%83%A9%E3%82%A4%E3%82%B9" n2="%4D%50%43%32%38%30%30" n3="%E3%81%B7%E3%82%8A%E3%82%93%E8%81%96%E4%BA%BA" dan="16,16,16,16" rate="2056.81,2163.40,2165.99,2096.29" sx="F,M,M,M"/><TAIKYOKU oya="0"/><INIT seed="0,0,0,2,3,98" ten="250,250,250,250" oya="0" hai0="93,117,72,20,119,29,30,135,38,10,8,33,104" hai1="55,3,75,113,77,82,9,129,81,87,108,61,80" hai2="1,86,54,31,44,69,84,90,112,22,6,46,63" hai3="109,47,70,92,128,21,0,134,121,26,83,42,52"/><T132/><D104/><U59/><E108/><V40/><F112/><W18/><G109/><T7/><D72/><U73/><E129/><V67/><F6/><W89/><G70/><T114/><D38/><U76/><E113/><V124/><F1/><W116/><G116/><N who="0" m="44619" /><D93/><U39/><E39/><V2/><F2/><W17/><G128/><T4/><D114/><U32/><E32/><V123/><F124/><W19/><G121/><T24/><D29/><U107/><E107/><V12/><F123/><W101/><G0/><N who="0" m="7" /><D33/><U122/><E122/><V96/><F96/><N who="3" m="59527" /><G42/><T66/><D66/><U95/><E95/><V48/><F90/><W94/><G83/><T105/><D105/><U91/><E75/><V106/><F106/><W115/><G115/><T71/><D71/><U13/><E73/><V14/><F14/><AGARI ba="0,0" hai="7,10,14,20,24,30,132,135" m="7,44619" machi="14" ten="30,2900,0" yaku="34,2" doraHai="98" who="0" fromWho="2" sc="250,29,250,0,250,-29,250,0" /><INIT seed="0,1,0,0,5,47" ten="279,250,221,250" oya="0" hai0="86,7,110,117,19,4,97,8,59,12,38,9,125" hai1="67,28,134,104,106,66,96,122,124,101,77,29,24" hai2="33,22,98,46,27,84,10,90,23,43,92,52,80" hai3="133,78,13,2,0,75,126,45,81,31,41,76,1"/><T30/><D117/><U91/><E122/><V42/><F33/><W35/><G133/><T62/><D38/><U68/><E134/><V63/><F10/><W64/><G13/><T119/><D119/><U131/><E131/><V99/><F23/><W129/><G129/><T51/><D125/><U54/><E124/><V127/><F127/><W50/><G126/><T73/><D73/><U123/><E123/><V25/><F99/><W69/><G76/><T128/><D128/><U121/><E121/><V56/><F46/><W71/><G64/><T48/><D30/><U21/><E77/><V116/><F116/><W74/><G75/><T83/><D97/><U36/><E36/><V135/><F135/><W20/><G20/><T85/><D85/><U120/><E120/><V58/><F58/><W109/><G109/><T15/><D19/><U112/><E112/><V105/><F105/><W88/><REACH who="3" step="1"/><G88/><REACH who="3" ten="279,250,221,240" step="2"/><N who="0" m="51295" /><D110/><U111/><E111/><V14/><F14/><W6/><G6/><T89/><D89/><U34/><E91/><N who="2" m="55583" /><F27/><AGARI ba="1,1" hai="0,1,2,27,31,35,41,45,50,69,71,74,78,81" machi="27" ten="40,5200,0" yaku="1,1,52,1,53,1" doraHai="47" doraHaiUra="40" who="3" fromWho="2" sc="279,0,250,0,221,-55,240,65" /><INIT seed="1,0,0,4,5,5" ten="279,250,166,305" oya="1" hai0="8,99,60,59,124,71,135,31,119,78,52,11,67" hai1="73,75,126,116,30,98,36,20,68,48,101,18,25" hai2="110,97,85,132,134,43,9,77,105,32,37,51,66" hai3="125,95,103,88,96,3,82,83,42,61,15,108,128"/><U115/><E115/><V63/><F32/><W93/><G3/><T70/><D119/><U21/><E116/><V65/><F110/><W44/><G108/><T14/><D135/><N who="2" m="51754" /><F37/><W49/><G125/><T72/><D124/><U39/><E126/><V76/><F105/><W109/><G128/><T40/><D40/><U1/><E68/><V94/><F43/><W26/><G26/><T89/><D31/><U81/><E1/><V16/><F51/><W28/><G28/><T118/><D118/><U102/><E48/><V19/><F19/><W64/><G15/><T38/><D38/><U62/><E62/><V121/><F121/><W34/><G34/><T69/><D67/><N who="2" m="25610" /><F63/><W13/><G13/><T33/><D14/><U87/><E39/><V0/><F85/><W80/><G109/><T84/><D33/><U57/><E36/><V47/><F47/><W2/><G2/><T10/><D99/><U130/><E57/><V50/><F50/><W92/><REACH who="3" step="1"/><G103/><REACH who="3" ten="279,250,166,295" step="2"/><T129/><D129/><U46/><E102/><N who="2" m="60727" /><F0/><W74/><G74/><T106/><D72/><U23/><E130/><V104/><F104/><W127/><G127/><T58/><D70/><AGARI ba="0,1" hai="42,44,49,61,64,70,80,82,83,88,92,93,95,96" machi="70" ten="40,2600,0" yaku="1,1,54,1,53,0" doraHai="5" doraHaiUra="54" who="3" fromWho="0" sc="279,-26,250,0,166,0,295,36" /><INIT seed="2,0,0,1,3,9" ten="253,250,166,331" oya="2" hai0="58,114,117,106,15,84,127,95,26,51,37,62,96" hai1="53,39,59,104,69,41,126,129,43,20,19,108,85" hai2="113,118,83,134,16,94,29,133,98,7,103,54,45" hai3="60,110,3,25,75,67,57,68,82,135,99,87,31"/><V10/><F113/><W100/><G110/><T42/><D114/><U12/><E108/><V89/><F118/><W124/><G135/><N who="2" m="51721" /><F29/><W74/><G3/><T56/><D127/><U93/><E104/><V38/><F83/><W81/><G81/><T76/><D106/><U14/><E69/><V123/><F123/><W77/><G124/><T105/><D105/><U116/><E116/><V119/><F119/><W90/><G90/><T32/><D37/><U125/><E39/><V33/><F33/><W64/><G67/><T34/><D117/><U121/><E129/><V6/><F103/><W91/><G91/><T80/><D26/><N who="1" m="14623" /><E121/><V97/><F98/><W128/><G128/><T71/><D71/><U4/><E126/><V0/><F7/><W107/><G57/><T18/><D56/><U40/><E4/><V132/><N who="2" m="51729" /><V63/><DORA hai="122" /><F63/><W73/><G87/><T79/><D79/><U28/><E28/><V112/><F112/><W2/><G2/><T52/><D95/><U1/><E1/><V50/><F38/><W111/><G111/><T86/><D96/><U49/><E125/><V5/><F0/><W101/><G100/><T44/><REACH who="0" step="1"/><D86/><REACH who="0" ten="243,250,166,331" step="2"/><U88/><AGARI ba="0,1" hai="12,14,40,41,43,49,53,59,85,88,93" m="14623" machi="88" ten="30,7900,0" yaku="8,1,52,2,54,1" doraHai="9,122" who="1" fromWho="1" sc="243,-20,250,89,166,-39,331,-20" /><INIT seed="3,0,0,3,4,37" ten="223,339,127,311" oya="3" hai0="92,78,83,82,16,128,14,77,79,75,117,116,68" hai1="53,0,123,86,72,46,103,5,124,61,109,127,96" hai2="36,12,55,101,105,42,47,63,91,122,52,39,129" hai3="44,32,80,10,121,26,59,21,58,20,135,104,108"/><W130/><G104/><T97/><D68/><U40/><E123/><V90/><F129/><W56/><G121/><T49/><D128/><U125/><E72/><V132/><F122/><W48/><G130/><T27/><D27/><U120/><E120/><V2/><F2/><W35/><G135/><T71/><D71/><U9/><E109/><V107/><F132/><W30/><G10/><T85/><D77/><U73/><E73/><V64/><F12/><W81/><G108/><T11/><REACH who="0" step="1"/><D49/><REACH who="0" ten="213,339,127,311" step="2"/><U66/><E124/><V19/><F19/><W43/><REACH who="3" step="1"/><G21/><REACH who="3" ten="213,339,127,301" step="2"/><T7/><D7/><N who="1" m="1255" /><E125/><V51/><F107/><W60/><G60/><T67/><D67/><U70/><E61/><V106/><F105/><W1/><G1/><T93/><D93/><U112/><E66/><V22/><F22/><W65/><G65/><T33/><D33/><AGARI ba="0,2" hai="20,26,30,32,33,35,43,44,48,56,58,59,80,81" machi="33" ten="40,3900,0" yaku="1,1,52,1,53,0" doraHai="37" doraHaiUra="110" who="3" fromWho="0" sc="213,-39,339,0,127,0,301,59" owari="174,-22.6,339,13.9,127,-37.3,360,46.0" /></mjloggm>