<mjloggm ver="2.3"><GO type="225" lobby="0"/><UN n0="%4B%2E%32%2E%4B%2E" n1="%6D%75%75%6D%75%72%61" n2="%E5%AF%82%E5%AF%9E%E3%82%AE%E3%83%8D%E3%82%B9%E3%83%93%E3%83%BC%E3%83%AB" n3="%53%61%63%68%69%30%34" dan="16,16,16,16" rate="2066.19,2204.13,2140.73,2092.67" sx="M,F,M,M"/><TAIKYOKU oya="0"/><INIT seed="0,0,0,5,2,81" ten="250,250,250,250" oya="0" hai0="56,79,59,77,11,92,4,64,16,18,6,32,63" hai1="26,119,45,95,103,9,27,71,54,47,123,70,115" hai2="40,7,42,46,124,86,85,44,114,112,102,50,131" hai3="58,117,82,122,28,104,135,60,25,20,80,2,43"/><T62/><D32/><U67/><E119/><V30/><F124/><W101/><G117/><T24/><D92/><U118/><E118/><V94/><F131/><W126/><G126/><T0/><D6/><U48/><E123/><V88/><F30/><W89/><G2/><T132/><D132/><U96/><E115/><V39/><F102/><W66/><G135/><T51/><D51/><U13/><E45/><V72/><F72/><W17/><G122/><T129/><D129/><U33/><E67/><V93/><F7/><W49/><G104/><T125/><D125/><U134/><E134/><V84/><REACH who="2" step="1"/><F94/><REACH who="2" ten="250,250,240,250" step="2"/><W12/><G101/><T65/><D24/><U76/><E27/><V75/><F75/><W73/><G73/><T35/><D35/><U41/><E26/><V3/><F3/><W99/><G28/><T5/><D0/><U111/><E33/><V61/><F61/><W98/><G25/><T68/><D68/><U8/><E71/><V23/><F23/><W1/><G1/><T87/><REACH who="0" step="1"/><D11/><REACH who="0" ten="240,250,240,250" step="2"/><U83/><E70/><V69/><F69/><W15/><G17/><T91/><D91/><U100/><E8/><V109/><F109/><W128/><G89/><T10/><D10/><U106/><E111/><V116/><F116/><W120/><G128/><T57/><D57/><U22/><E22/><V55/><F55/><W127/><G127/><T14/><D14/><U52/><E106/><V78/><F78/><W21/><G120/><T53/><D53/><U113/><E103/><V105/><F105/><W29/><G15/><T37/><D37/><U133/><E9/><RYUUKYOKU ba="0,2" sc="240,15,250,-15,240,15,250,-15" hai0="4,5,16,18,56,59,62,63,64,65,77,79,87" hai2="39,40,42,44,46,50,84,85,86,88,93,112,114" /><INIT seed="0,1,2,1,4,1" ten="255,235,255,235" oya="0" hai0="46,112,40,104,58,25,26,64,14,62,21,135,116" hai1="122,113,16,22,106,79,73,123,118,59,37,132,34" hai2="77,96,53,5,52,2,0,10,87,120,66,41,9" hai3="93,20,89,47,133,129,56,119,24,35,98,55,50"/><T57/><D112/><U76/><E118/><V51/><F120/><W17/><G119/><T30/><D116/><U94/><E106/><V105/><F66/><W23/><G133/><T67/><D135/><U90/><E132/><V111/><F111/><W60/><G129/><T63/><D104/><U65/><E34/><V49/><F77/><W69/><G69/><T97/><D97/><U125/><E37/><V70/><F87/><W128/><G128/><T68/><D14/><U19/><E113/><V33/><F33/><W43/><G35/><T31/><D68/><U130/><E130/><V54/><F70/><W12/><REACH who="3" step="1"/><G23/><REACH who="3" ten="255,235,255,225" step="2"/><T114/><D114/><U74/><E22/><V3/><F41/><W72/><G72/><T127/><D127/><U4/><E125/><V38/><F38/><W78/><G78/><T32/><D46/><U28/><E76/><V108/><F108/><W109/><G109/><T95/><D95/><U8/><E79/><V82/><F82/><W100/><G100/><T71/><D71/><U101/><E101/><V92/><F105/><W131/><G131/><T44/><D44/><U126/><E126/><V110/><F110/><W124/><G124/><T48/><D40/><U13/><E74/><V39/><F39/><W103/><G103/><T121/><D121/><U107/><E73/><V134/><F134/><W91/><G91/><T117/><D117/><U115/><E107/><V6/><F0/><W75/><G75/><T86/><D86/><N who="1" m="52567" /><E115/><V85/><F85/><W83/><G83/><T36/><D36/><U88/><E123/><V42/><F42/><RYUUKYOKU ba="1,3" sc="255,10,235,-30,255,10,225,10" hai0="21,25,26,30,31,32,48,57,58,62,63,64,67" hai2="2,3,5,6,9,10,49,51,52,53,54,92,96" hai3="12,17,20,24,43,47,50,55,56,60,89,93,98" /><INIT seed="0,2,3,3,2,62" ten="265,205,265,235" oya="0" hai0="18,32,34,116,2,127,76,37,132,86,7,81,16" hai1="64,91,8,50,89,101,113,45,69,12,27,30,75" hai2="104,119,133,82,21,135,87,120,57,106,13,72,90" hai3="1,42,73,114,39,97,36,38,14,96,56,48,24"/><T19/><D116/><U5/><E75/><V3/><F3/><W94/><G73/><T6/><D37/><U52/><E113/><V100/><F120/><W23/><G1/><T111/><D127/><U59/><E69/><V47/><F119/><W123/><G114/><T84/><D132/><N who="2" m="50762" /><F72/><W44/><G123/><T77/><D111/><U103/><E64/><V108/><F108/><W66/><G14/><T134/><D134/><U80/><E59/><V55/><F47/><W128/><G128/><T124/><D124/><U67/><E67/><V122/><F100/><W4/><G4/><T22/><D22/><U109/><E109/><V29/><F122/><W40/><G94/><T51/><D51/><U105/><E105/><V71/><F71/><W99/><G42/><T131/><D131/><U102/><REACH who="1" step="1"/><E80/><REACH who="1" ten="265,195,265,235" step="2"/><V95/><F82/><W65/><REACH who="3" step="1"/><G56/><REACH who="3" ten="265,195,265,225" step="2"/><T78/><D2/><U0/><E0/><V17/><F106/><W121/><G121/><T46/><D46/><U61/><E61/><N who="2" m="36031" /><F104/><W92/><G92/><T31/><D81/><U15/><E15/><V49/><F95/><W85/><G85/><N who="0" m="32875" /><D31/><AGARI ba="2,5" hai="23,24,31,36,38,39,40,44,48,65,66,96,97,99" machi="31" ten="50,6400,0" yaku="1,1,52,2,53,0" doraHai="62" doraHaiUra="107" who="3" fromWho="0" sc="265,-70,195,0,265,0,225,120" /><INIT seed="1,0,0,4,4,55" ten="195,195,265,345" oya="1" hai0="51,45,90,88,124,39,71,58,15,37,7,101,94" hai1="1,84,33,134,107,92,0,28,118,125,56,123,62" hai2="133,103,31,64,129,119,121,108,18,17,23,115,14" hai3="93,98,46,82,120,128,97,4,79,117,67,36,61"/><U53/><E118/><V127/><F103/><W11/><G120/><T69/><D124/><U75/><E123/><V22/><F64/><W9/><G128/><T24/><D101/><U100/><E125/><V2/><F121/><W49/><G36/><T32/><D37/><U112/><E112/><V73/><F73/><W57/><G117/><T110/><D39/><U44/><E75/><V20/><F119/><W96/><G93/><T38/><D38/><U26/><E134/><V135/><F127/><W131/><G131/><T19/><D110/><U114/><E114/><V43/><F43/><N who="3" m="24799" /><G4/><T109/><D109/><U40/><E107/><V91/><F91/><W63/><G63/><T86/><D71/><U42/><E84/><AGARI ba="0,0" hai="9,11,57,61,67,79,82,84,96,97,98" m="24799" machi="84" ten="30,2000,0" yaku="8,1,52,1" doraHai="55" who="3" fromWho="1" sc="195,0,195,-20,265,0,345,20" /><INIT seed="2,0,0,2,1,36" ten="195,175,265,365" oya="2" hai0="20,86,17,108,130,93,35,71,33,48,2,0,53" hai1="25,46,14,100,125,116,1,63,31,49,74,58,50" hai2="32,122,4,38,81,119,19,22,47,69,15,133,121" hai3="112,79,123,120,18,98,55,73,10,99,45,87,28"/><V44/><F119/><W89/><G73/><T106/><D71/><U127/><E1/><V62/><F32/><W7/><G79/><T84/><D106/><U83/><E116/><V23/><F133/><W110/><G110/><T41/><D41/><U96/><E74/><V57/><F69/><W43/><G28/><T3/><D108/><U51/><E83/><V103/><F103/><W113/><G55/><T128/><D35/><U88/><E14/><V11/><F23/><W131/><G18/><T115/><D33/><U54/><E100/><V16/><F19/><W26/><G26/><N who="0" m="14607" /><D93/><N who="1" m="56359" /><E25/><V27/><F81/><W61/><G61/><T67/><D67/><U91/><E31/><V94/><F94/><W76/><G76/><T68/><D68/><U134/><E91/><V34/><F34/><W66/><G89/><T78/><D115/><U90/><E90/><V124/><F38/><W109/><G109/><T5/><D5/><U64/><E134/><V42/><F122/><W40/><G7/><T129/><D78/><U72/><E72/><V29/><F121/><W111/><G111/><T80/><D80/><U70/><E70/><V39/><F4/><W12/><G120/><T9/><D9/><U101/><E101/><V95/><F11/><W75/><G10/><T65/><D65/><U126/><AGARI ba="0,0" hai="46,49,50,51,54,58,63,64,125,126,127" m="56359" machi="126" ten="30,2000,0" yaku="18,1,54,1" doraHai="36" who="1" fromWho="1" sc="195,-5,175,20,265,-10,365,-5" /><INIT seed="3,0,0,2,4,87" ten="190,195,255,360" oya="3" hai0="36,65,59,7,110,5,1,103,86,33,71,115,16" hai1="83,30,78,116,114,60,22,46,25,45,12,37,125" hai2="10,104,112,119,77,38,20,4,91,88,72,3,11" hai3="129,105,29,75,26,134,40,70,32,135,53,80,89"/><W15/><G105/><T82/><D71/><U97/><E114/><V124/><F119/><W73/><G70/><T13/><D33/><U28/><E116/><V92/><F104/><W84/><G129/><T58/><D36/><U35/><E37/><V68/><F112/><W64/><G64/><T69/><D69/><U42/><E35/><V66/><F124/><W132/><G40/><T47/><D115/><U18/><E125/><V130/><F130/><W21/><G53/><T54/><D1/><U79/><E42/><V2/><F20/><W111/><G111/><T102/><D110/><U128/><E128/><V118/><F118/><W9/><G21/><N who="0" m="11407" /><D47/><N who="1" m="17931" /><E83/><V96/><F38/><W19/><AGARI ba="0,0" hai="9,15,19,26,29,32,73,75,80,84,89,132,134,135" machi="19" ten="30,6000,0" yaku="0,1,20,1,52,1" doraHai="87" who="3" fromWho="3" sc="190,-20,195,-20,255,-20,360,60" owari="170,-33.0,175,-22.5,235,3.5,420,52.0" /></mjloggm>