<mjloggm ver="2.3"><GO type="225" lobby="0"/><UN n0="%E3%81%BF%E3%81%BF%E3%81%9A" n1="%33%74%72%65%65" n2="%E8%B6%85%E7%B4%9A%E9%B3%B3%E5%87%B0" n3="%E3%81%8B%E3%82%8F%E3%81%A1%E3%82%83%E3%82%93%35%38" dan="18,16,17,17" rate="2237.43,2139.08,2143.16,2238.55" sx="M,F,F,M"/><TAIKYOKU oya="0"/><INIT seed="0,0,0,1,3,61" ten="250,250,250,250" oya="0" hai0="74,91,94,88,102,25,73,121,69,118,26,16,75" hai1="6,98,85,100,21,24,114,44,86,124,20,40,43" hai2="50,37,72,7,3,108,71,52,112,41,15,31,81" hai3="27,125,36,59,1,22,13,135,122,64,89,30,99"/><T80/><D118/><U96/><E124/><V93/><F112/><W10/><G125/><T34/><D121/><U51/><E114/><V116/><F116/><W12/><G135/><T77/><D69/><U134/><E134/><V63/><F108/><W82/><G122/><T53/><D34/><U32/><E32/><V42/><F3/><W60/><G36/><T70/><D70/><U95/><E6/><V106/><F106/><W107/><G1/><T113/><D113/><U39/><E43/><V23/><F37/><W5/><G12/><T105/><D53/><U130/><E130/><V90/><F72/><W115/><G115/><T54/><D54/><U110/><E110/><V101/><F101/><W4/><G107/><T46/><D46/><U67/><E39/><V62/><F81/><W33/><G33/><T58/><D58/><U119/><E119/><V68/><F68/><W103/><G103/><T56/><D56/><U29/><E98/><V83/><F83/><W65/><G4/><T47/><D47/><U45/><E45/><V87/><F63/><W49/><G49/><T57/><D57/><U38/><E38/><V131/><F131/><W120/><G120/><T18/><D105/><U66/><E21/><V48/><F48/><W84/><G99/><N who="0" m="59767" /><D74/><U55/><E40/><V92/><F71/><W17/><G5/><T2/><D2/><U28/><E28/><V78/><F42/><W111/><G111/><T133/><D75/><U11/><E11/><V97/><F41/><W117/><G117/><T35/><D133/><U132/><E132/><V109/><F109/><RYUUKYOKU ba="0,0" sc="250,-15,250,15,250,-15,250,15" hai1="20,24,29,44,51,55,66,67,85,86,95,96,100" hai3="10,13,17,22,27,30,59,60,64,65,82,84,89" /><INIT seed="1,1,0,3,2,9" ten="235,265,235,265" oya="1" hai0="67,59,0,135,10,17,2,26,49,18,71,40,104" hai1="114,4,107,31,58,95,111,23,60,16,1,34,121" hai2="119,45,84,115,27,97,122,29,22,113,24,80,68" hai3="15,130,36,86,7,134,43,20,6,91,83,94,41"/><U66/><E114/><N who="2" m="43531" /><F119/><W127/><G36/><T65/><D104/><U57/><E121/><V87/><F122/><W28/><G130/><T117/><D117/><U8/><E107/><V90/><F68/><W55/><G134/><T132/><D71/><U32/><E111/><V50/><F27/><N who="3" m="16487" /><G127/><T69/><D69/><U110/><E110/><V108/><F108/><W19/><G55/><T12/><D40/><N who="3" m="15433" /><G83/><T82/><D82/><U33/><E58/><V70/><F70/><W13/><G19/><T99/><D99/><U85/><E85/><N who="2" m="50471" /><F97/><W35/><G35/><T78/><D78/><U47/><E47/><V116/><F116/><W118/><G118/><T54/><D67/><U48/><E34/><V125/><F125/><W106/><G106/><T133/><D65/><U53/><E33/><V112/><N who="2" m="43539" /><V51/><DORA hai="77" /><F51/><W38/><G38/><T30/><D18/><U103/><E48/><V126/><F126/><W62/><G62/><T21/><AGARI ba="1,0" hai="0,2,10,12,17,21,26,30,49,54,59,132,133,135" machi="21" ten="30,4000,0" yaku="0,1,20,1,52,1" doraHai="9,77" who="0" fromWho="0" sc="235,43,265,-21,235,-11,265,-11" /><INIT seed="2,0,0,1,1,9" ten="278,244,224,254" oya="2" hai0="100,12,56,101,18,91,36,7,27,93,53,40,13" hai1="42,52,59,110,19,20,29,122,120,10,30,25,54" hai2="113,41,125,94,135,78,88,43,70,57,71,65,95" hai3="5,6,72,67,114,77,115,81,83,99,102,4,23"/><V24/><F113/><W87/><G67/><T31/><D36/><U112/><E112/><V133/><F78/><W14/><G23/><N who="0" m="15871" /><D40/><U76/><E42/><V33/><F125/><W47/><G47/><T96/><D7/><U62/><E110/><V2/><F2/><W60/><G60/><N who="0" m="35855" /><D18/><U1/><E76/><V0/><F0/><W85/><G72/><T38/><D38/><U116/><E116/><V48/><F48/><W109/><G109/><T86/><D101/><U106/><E106/><V97/><F57/><W35/><G35/><T17/><D17/><U124/><E124/><V126/><F126/><W44/><G44/><T127/><D127/><U131/><E131/><V26/><F70/><W75/><G75/><T28/><D28/><U64/><E30/><N who="2" m="19655" /><F26/><W123/><G123/><N who="1" m="47146" /><E1/><V61/><F94/><AGARI ba="0,0" hai="12,13,86,91,93,94,96,100" m="35855,15871" machi="94" ten="30,3900,0" yaku="8,1,52,2" doraHai="9" who="0" fromWho="2" sc="278,39,244,0,224,-39,254,0" /><INIT seed="3,0,0,1,3,125" ten="317,244,185,254" oya="3" hai0="67,70,8,108,58,0,18,107,75,22,59,127,128" hai1="44,80,73,53,130,37,65,13,55,113,31,76,6" hai2="84,94,66,72,26,42,95,96,78,10,11,124,49" hai3="98,38,122,39,110,33,45,79,48,69,77,56,106"/><W116/><G33/><T86/><D75/><U120/><E120/><V2/><F124/><W117/><G98/><T9/><D107/><U90/><E130/><V24/><F72/><W27/><G27/><T121/><D86/><U109/><E109/><V114/><F114/><W74/><G106/><T118/><D58/><U131/><E131/><V21/><F66/><W28/><G28/><T54/><D9/><U60/><E31/><V20/><F2/><W63/><G79/><T123/><D54/><U1/><E13/><V7/><F84/><W35/><G35/><T4/><D18/><U30/><E90/><V134/><F134/><W50/><G77/><T112/><D59/><U43/><E30/><V111/><F111/><W14/><G14/><T3/><D118/><N who="3" m="45673" /><G74/><T51/><D51/><N who="3" m="19497" /><G110/><T92/><D92/><U57/><E113/><V64/><F78/><W99/><G99/><T40/><D112/><U97/><E97/><V87/><F87/><W12/><G12/><T100/><D22/><N who="2" m="8810" /><F64/><N who="3" m="41119" /><G122/><T91/><D100/><U47/><E47/><N who="2" m="25847" /><F96/><W82/><G45/><T126/><D0/><U104/><E104/><V62/><F62/><W81/><BYE who="2" /><G56/><T46/><D127/><U129/><E129/><V115/><F115/><W17/><G17/><T16/><D128/><UN n2="%E8%B6%85%E7%B4%9A%E9%B3%B3%E5%87%B0" /><U61/><E61/><V23/><N who="2" m="8818" /><V34/><DORA hai="93" /><F34/><W89/><G89/><T101/><D126/><U5/><E1/><N who="2" m="367" /><F11/><W19/><G19/><T132/><D108/><U71/><E57/><V32/><F32/><W41/><G82/><T133/><D123/><U36/><E36/><N who="3" m="13866" /><G81/><T135/><D133/><RYUUKYOKU ba="0,0" sc="317,-30,244,10,185,10,254,10" hai1="5,6,37,43,44,53,55,60,65,71,73,76,80" hai2="24,26,94,95" hai3="41" /><INIT seed="3,1,0,2,0,25" ten="287,254,195,264" oya="3" hai0="100,95,135,126,74,63,68,47,120,83,22,98,81" hai1="93,33,38,53,96,77,16,91,127,27,124,51,12" hai2="67,60,113,43,82,118,26,45,14,28,79,85,64" hai3="119,61,39,6,104,62,72,59,32,131,1,0,134"/><W116/><G104/><T2/><D120/><U133/><E38/><V44/><F113/><W50/><G39/><T52/><D2/><U108/><E108/><V109/><F118/><W99/><G32/><T114/><D114/><U101/><E133/><V17/><F109/><W102/><G72/><T21/><D135/><U87/><E77/><V105/><F105/><W29/><G134/><T76/><D126/><U97/><E97/><V24/><F64/><W42/><G50/><T70/><D83/><U106/><E27/><V8/><F43/><W122/><G42/><T92/><D92/><U71/><E71/><V40/><F40/><W75/><G75/><T46/><D46/><U84/><E84/><V121/><F26/><W128/><G122/><T111/><D111/><U11/><REACH who="1" step="1"/><E33/><REACH who="1" ten="287,244,195,264" step="2"/><V58/><REACH who="2" step="1"/><F121/><REACH who="2" ten="287,244,185,264" step="2"/><W115/><G115/><T129/><D70/><U55/><E55/><V112/><F112/><W86/><G119/><T19/><D68/><U107/><E107/><V23/><AGARI ba="1,2" hai="8,14,17,23,24,28,44,45,58,60,67,79,82,85" machi="23" ten="20,8000,1" yaku="1,1,0,1,7,1,8,1,52,1,53,0" doraHai="25" doraHaiUra="30" who="2" fromWho="2" sc="287,-21,244,-21,185,103,264,-41" /><INIT seed="4,0,0,5,2,42" ten="266,223,288,223" oya="0" hai0="54,71,36,45,97,118,89,78,96,17,37,105,107" hai1="61,7,77,66,132,126,83,40,133,31,74,63,11" hai2="1,67,62,68,109,47,108,129,117,4,75,53,50" hai3="99,102,20,98,10,112,125,110,26,55,28,76,69"/><T29/><D118/><U25/><E126/><V12/><F75/><W101/><G110/><T131/><D71/><U119/><E119/><V44/><F1/><W6/><G69/><T93/><D29/><U56/><E61/><V58/><F117/><W72/><G125/><T124/><D124/><U57/><E57/><V14/><F129/><W24/><G112/><T127/><D127/><U65/><E65/><V82/><F82/><W94/><G72/><T22/><D78/><U121/><E121/><V95/><F95/><W13/><G76/><T87/><D131/><U70/><E56/><V92/><F92/><W39/><G39/><T116/><D116/><U48/><E48/><V33/><F33/><W106/><G26/><T52/><D105/><U30/><E40/><V16/><F4/><W128/><G55/><T86/><D107/><U115/><E115/><V122/><F122/><W64/><G64/><T27/><D87/><U104/><E104/><V103/><F103/><W18/><REACH who="3" step="1"/><G128/><REACH who="3" ten="266,223,288,213" step="2"/><T111/><D111/><U2/><REACH who="1" step="1"/><E25/><REACH who="1" ten="266,213,288,213" step="2"/><V60/><F109/><W32/><G32/><T90/><D36/><U100/><E100/><V79/><F108/><W91/><G91/><T9/><D37/><U49/><E49/><V85/><F50/><W80/><G80/><T114/><D90/><U23/><E23/><V8/><F67/><W130/><G130/><T41/><D114/><U43/><E43/><V19/><F68/><W34/><G34/><T0/><D41/><U113/><E113/><V5/><F79/><W84/><G84/><T35/><D86/><U73/><E73/><RYUUKYOKU ba="0,2" sc="266,-15,213,15,288,-15,213,15" hai1="2,7,11,30,31,63,66,70,74,77,83,132,133" hai3="6,10,13,18,20,24,28,94,98,99,101,102,106" /><INIT seed="5,1,2,3,4,29" ten="251,228,273,228" oya="1" hai0="30,17,126,107,69,45,74,102,115,120,67,56,84" hai1="13,119,132,14,127,124,97,72,78,39,113,88,38" hai2="32,121,31,64,128,57,92,51,93,80,90,27,68" hai3="104,28,10,82,23,94,118,114,33,123,131,35,130"/><U44/><E119/><V12/><F121/><W87/><G104/><T111/><D111/><U18/><E113/><V85/><F128/><N who="3" m="49195" /><G123/><T46/><D74/><U86/><E132/><V81/><F68/><W95/><G114/><T105/><D120/><U36/><E97/><V43/><F12/><N who="1" m="4713" /><E18/><V134/><F134/><W7/><G118/><T21/><D30/><U108/><E72/><V122/><F122/><W117/><G117/><T25/><D69/><U99/><E99/><V91/><F64/><W106/><G106/><T15/><D115/><U49/><E78/><V62/><F62/><W125/><G125/><N who="1" m="48202" /><E108/><V55/><F43/><W2/><G23/><T66/><D126/><U8/><E8/><V26/><F26/><N who="3" m="18583" /><G35/><T50/><D25/><U100/><E100/><V109/><F109/><W34/><G34/><T4/><D102/><U3/><E3/><V20/><F32/><W112/><G112/><T96/><D107/><U101/><E101/><V37/><F37/><W79/><AGARI ba="1,2" hai="2,7,10,79,82,87,94,95" m="18583,49195" machi="79" ten="30,2000,0" yaku="19,1,52,1" doraHai="29" who="3" fromWho="3" sc="251,-6,228,-11,273,-6,228,43" /><INIT seed="6,0,0,0,1,13" ten="245,217,267,271" oya="2" hai0="48,38,97,129,49,106,81,44,99,113,74,23,35" hai1="43,42,28,95,51,22,31,124,118,120,69,117,121" hai2="73,75,21,112,110,88,26,85,57,70,37,115,128" hai3="77,116,16,62,123,72,86,84,17,11,24,93,65"/><V78/><F70/><W76/><G116/><N who="1" m="44650" /><E51/><V1/><F1/><W59/><G72/><T4/><D35/><U125/><E69/><V2/><F2/><W63/><G123/><N who="1" m="47178" /><E95/><V107/><F107/><W18/><G11/><T135/><D113/><N who="2" m="43594" /><F37/><W133/><G133/><T127/><D129/><U32/><E32/><V19/><F128/><W7/><G7/><T66/><D4/><U109/><E109/><V132/><F132/><W126/><G126/><N who="1" m="48746" /><E22/><V15/><F110/><W131/><G131/><T36/><D127/><U41/><AGARI ba="0,0" hai="28,31,41,42,43" m="48746,47178,44650" machi="41" ten="40,8000,1" yaku="28,2,13,1,18,1" doraHai="13" who="1" fromWho="1" sc="245,-20,217,80,267,-40,271,-20" /><INIT seed="7,0,0,1,0,67" ten="225,297,227,251" oya="3" hai0="74,81,63,3,75,66,110,108,106,131,0,119,4" hai1="84,64,43,37,50,71,61,73,118,41,53,8,17" hai2="112,69,70,97,38,117,10,34,83,49,85,57,88" hai3="65,47,124,2,22,5,39,77,52,6,23,78,36"/><W116/><G116/><T46/><D119/><U123/><E118/><V95/><F38/><W105/><G65/><T76/><D131/><U90/><E73/><V130/><F117/><W44/><G105/><T100/><D75/><U87/><E123/><V9/><F34/><W114/><G2/><T29/><D46/><N who="3" m="17449" /><G52/><T58/><D29/><U109/><E109/><V72/><F72/><W24/><BYE who="2" /><G24/><T59/><D59/><U107/><E107/><V40/><F40/><UN n2="%E8%B6%85%E7%B4%9A%E9%B3%B3%E5%87%B0" /><W32/><G32/><T51/><D51/><U11/><E37/><N who="3" m="14410" /><G114/><T104/><D104/><U126/><E43/><V12/><F112/><W115/><G115/><T134/><D134/><U129/><E53/><V98/><F130/><W7/><G124/><T20/><D20/><AGARI ba="0,0" hai="5,6,7,20,22,23,77,78" m="14410,17449" machi="20" ten="40,3900,0" yaku="28,2" doraHai="67" who="3" fromWho="0" sc="225,-39,297,0,227,0,251,39" /><INIT seed="7,1,0,1,5,36" ten="186,297,227,290" oya="3" hai0="95,7,48,38,42,106,96,11,112,97,89,55,5" hai1="45,56,121,120,90,20,117,114,21,88,87,92,2" hai2="10,123,3,24,82,132,0,29,41,26,60,40,51" hai3="61,130,102,111,118,122,124,37,58,66,80,83,1"/><W18/><G118/><T15/><D112/><U133/><E114/><V54/><F132/><W81/><G122/><T27/><D38/><U115/><E115/><V9/><F123/><W44/><G1/><T33/><D33/><U76/><E133/><V32/><F26/><W129/><G124/><T39/><D39/><U30/><E117/><V53/><F82/><W116/><G116/><T91/><D27/><U77/><E2/><V135/><F135/><W49/><G111/><T99/><D106/><U8/><E30/><V75/><F75/><W85/><G102/><T78/><D78/><N who="1" m="30315" /><E120/><V17/><F60/><W107/><G37/><T105/><D105/><U46/><E8/><V25/><F29/><W69/><G107/><T47/><D5/><U74/><E74/><V59/><F51/><W79/><G69/><T64/><D64/><U109/><E109/><V127/><F59/><W108/><G108/><T67/><D67/><U31/><E56/><V104/><F104/><W103/><G103/><T110/><D110/><U16/><E31/><V119/><F119/><W84/><G18/><T113/><D113/><U93/><E121/><V50/><F17/><W126/><G126/><T94/><REACH who="0" step="1"/><D55/><REACH who="0" ten="176,297,227,290" step="2"/><U128/><E128/><N who="3" m="49258" /><G79/><T62/><D62/><U72/><E72/><V71/><F127/><W70/><G70/><T63/><D63/><U6/><E6/><V73/><F73/><W65/><G65/><T19/><D19/><U100/><E16/><V22/><F71/><W43/><AGARI ba="1,1" hai="43,44,49,58,61,66,80,81,83,84,85" m="49258" machi="43" ten="30,3000,0" yaku="19,1,52,1" doraHai="36" who="3" fromWho="3" sc="176,-11,297,-11,227,-11,290,43" owari="165,-33.5,286,8.6,216,-18.4,333,43.3" /></mjloggm>