<mjloggm ver="2.3"><GO type="225" lobby="0"/><UN n0="%4C%4F%4C%49%54%41" n1="%E3%81%82%E3%81%99%E3%81%AB%E3%82%83%E3%82%80" n2="%E7%89%B9%E6%9D%B1%E3%81%AF%E4%B8%96%E7%95%8C%E3%82%92%E6%95%91%E3%81%86" n3="%74%61%6B%65%2D%79%6F%75" dan="16,16,16,17" rate="2170.14,2026.67,2168.39,2143.68" sx="F,F,M,M"/><TAIKYOKU oya="0"/><INIT seed="0,0,0,4,0,23" ten="250,250,250,250" oya="0" hai0="44,1,41,34,104,90,87,111,20,128,106,72,37" hai1="124,10,121,122,114,92,115,8,63,61,3,60,35" hai2="28,26,65,30,120,125,93,117,40,78,46,42,53" hai3="113,50,45,31,103,70,74,51,4,75,19,69,9"/><T132/><D34/><U94/><E3/><V73/><F120/><N who="1" m="46185" /><E35/><V127/><F65/><W15/><G113/><N who="1" m="43018" /><E124/><N who="2" m="47691" /><F117/><W62/><G103/><T96/><D1/><U33/><E33/><N who="2" m="20631" /><F30/><W79/><G31/><T48/><D128/><U64/><E64/><V43/><F93/><AGARI ba="0,0" hai="8,10,60,61,63,92,93,94" m="43018,46185" machi="93" ten="40,5200,0" yaku="28,2,11,1" doraHai="23" who="1" fromWho="2" sc="250,0,250,52,250,-52,250,0" /><INIT seed="1,0,0,3,0,24" ten="250,302,198,250" oya="1" hai0="82,55,126,112,104,35,113,10,5,91,120,77,45" hai1="65,3,8,48,14,117,54,94,64,118,13,1,42" hai2="135,19,25,67,105,39,63,62,66,76,109,59,22" hai3="81,60,33,52,93,83,30,127,131,116,69,123,100"/><U12/><E42/><V56/><F109/><W46/><G123/><T2/><D104/><U79/><E79/><V107/><F39/><W15/><G131/><T32/><D126/><U74/><E74/><V70/><F135/><W6/><G127/><T68/><D68/><U128/><E128/><V90/><F70/><W92/><G116/><T50/><D120/><U84/><E8/><V11/><F76/><W85/><G69/><T115/><REACH who="0" step="1"/><D91/><REACH who="0" ten="240,302,198,250" step="2"/><U61/><E117/><V29/><REACH who="2" step="1"/><F90/><REACH who="2" ten="240,302,188,250" step="2"/><W43/><G100/><T18/><D18/><U98/><E118/><V132/><F132/><W53/><G6/><T75/><AGARI ba="0,2" hai="2,5,10,32,35,45,50,55,75,77,82,112,113,115" machi="75" ten="30,2000,0" yaku="1,1,0,1,53,0" doraHai="24" doraHaiUra="58" who="0" fromWho="0" sc="240,40,302,-10,188,-5,250,-5" /><INIT seed="2,0,0,0,4,133" ten="280,292,183,245" oya="2" hai0="110,51,12,64,73,33,18,86,29,100,117,101,135" hai1="70,2,25,23,125,107,99,38,120,60,114,24,122" hai2="37,90,134,35,96,31,66,111,58,50,53,68,56" hai3="4,42,20,8,87,59,21,55,126,67,49,19,13"/><V104/><F134/><W54/><G67/><T106/><D135/><U30/><E125/><V47/><F111/><W94/><G126/><T16/><D73/><U9/><E38/><V11/><F11/><W85/><G42/><T109/><D117/><U27/><E114/><V98/><F98/><W80/><G94/><T3/><D3/><U15/><E2/><V129/><F129/><W41/><G41/><T116/><D116/><U57/><E70/><V72/><F72/><W1/><G80/><T7/><D64/><U115/><E115/><V102/><F90/><W121/><G121/><N who="1" m="46698" /><E99/><V17/><F17/><N who="0" m="6762" /><D106/><U89/><E89/><V124/><F37/><W123/><G123/><T92/><D51/><U43/><E43/><V52/><F53/><W69/><G69/><T74/><D74/><U103/><E103/><V5/><F5/><W34/><G20/><T84/><D7/><N who="1" m="3519" /><E107/><V32/><F124/><W131/><G131/><T61/><D109/><U132/><E132/><V63/><F32/><W81/><G34/><T105/><D105/><U48/><E48/><V71/><F71/><W22/><G22/><T93/><D110/><U113/><E113/><V119/><F119/><W83/><G21/><T45/><D33/><U112/><E112/><V88/><F88/><N who="3" m="51247" /><G1/><T77/><D101/><U0/><E0/><V127/><F127/><W36/><G36/><T75/><D100/><U79/><E79/><V97/><F97/><W62/><G4/><T128/><D77/><U78/><E78/><V10/><F10/><W6/><G6/><T65/><D128/><U108/><E108/><RYUUKYOKU ba="0,0" sc="280,-15,292,15,183,15,245,-15" hai1="23,24,25,27,30,57,60" hai2="31,35,47,50,52,56,58,63,66,68,96,102,104" /><INIT seed="2,1,0,5,3,70" ten="265,307,198,230" oya="2" hai0="62,3,65,14,115,35,122,87,98,58,76,121,82" hai1="119,23,56,25,32,42,52,4,112,74,41,20,90" hai2="126,88,130,33,86,12,113,99,111,104,120,107,93" hai3="73,6,131,57,48,102,8,0,128,9,7,10,11"/><V59/><F33/><W39/><G73/><T27/><D3/><U79/><E112/><V75/><F113/><W97/><G48/><T69/><D115/><U1/><E119/><V116/><F75/><W21/><G57/><T106/><D14/><U38/><E32/><V47/><F116/><W133/><G133/><T31/><REACH who="0" step="1"/><D58/><REACH who="0" ten="255,307,198,230" step="2"/><U80/><E56/><V109/><F120/><W16/><G0/><T30/><D30/><U100/><E1/><V24/><F130/><W67/><G128/><T91/><D91/><U127/><E90/><N who="2" m="55735" /><F126/><W103/><G131/><T34/><D34/><U36/><E127/><V108/><F12/><W54/><G7/><T55/><D55/><U18/><E52/><V51/><F59/><W132/><G54/><T26/><D26/><U68/><E25/><V135/><F135/><W123/><G6/><T81/><D81/><U28/><E4/><V61/><F61/><W50/><G132/><T60/><D60/><U66/><E80/><N who="2" m="49223" /><F24/><W37/><G123/><T134/><D134/><U53/><E53/><AGARI ba="1,1" hai="47,51,53,104,107,108,109,111" m="49223,55735" machi="53" ten="30,5800,0" yaku="14,1,10,1,54,1" doraHai="70" who="2" fromWho="1" sc="255,0,307,-61,198,71,230,0" /><INIT seed="2,2,0,4,1,127" ten="255,246,269,230" oya="2" hai0="61,135,75,16,102,13,52,73,68,45,98,39,7" hai1="10,43,4,59,114,18,66,131,120,125,82,101,110" hai2="42,87,67,108,106,30,35,34,60,105,86,22,44" hai3="17,25,19,26,47,129,38,118,31,111,96,24,122"/><V2/><F2/><W41/><G118/><T95/><D135/><U57/><E114/><V62/><F22/><W8/><G122/><T63/><D7/><U69/><E120/><V23/><F23/><W15/><G111/><T100/><D100/><U32/><E110/><V29/><F108/><W107/><G31/><T90/><D61/><U55/><E101/><V56/><F56/><W99/><G107/><T126/><D126/><U0/><E125/><V85/><F85/><W53/><G129/><T49/><D39/><U11/><E32/><V113/><F42/><W97/><REACH who="3" step="1"/><G53/><REACH who="3" ten="255,246,269,220" step="2"/><T91/><D73/><U89/><E131/><V54/><F54/><W27/><G27/><T12/><D75/><U72/><E55/><V50/><F67/><W130/><G130/><T79/><D52/><U80/><E72/><V132/><F113/><W64/><G64/><T112/><D112/><U58/><E66/><V83/><F29/><W84/><G84/><T117/><D117/><U109/><E109/><V77/><F30/><W21/><AGARI ba="2,1" hai="8,15,17,19,21,24,25,26,38,41,47,96,97,99" machi="21" ten="30,2000,0" yaku="1,1,0,1,53,0" doraHai="127" doraHaiUra="28" who="3" fromWho="3" sc="255,-7,246,-7,269,-12,220,36" /><INIT seed="3,0,0,4,3,132" ten="248,239,257,256" oya="3" hai0="62,97,74,69,112,54,11,101,15,44,16,67,90" hai1="87,110,58,41,108,73,61,85,52,47,35,39,14" hai2="37,123,128,91,118,2,26,83,45,89,0,86,29" hai3="125,124,111,100,80,133,107,103,6,81,21,32,13"/><W5/><G32/><T51/><D112/><U50/><E73/><V105/><F118/><W68/><G68/><T9/><D74/><U28/><E14/><V116/><F116/><W49/><G133/><T63/><D63/><U131/><E131/><V134/><F134/><W3/><G111/><N who="1" m="42538" /><E28/><V77/><F105/><W18/><G49/><T53/><D90/><U84/><E35/><V12/><F128/><W59/><G59/><T55/><REACH who="0" step="1"/><D9/><REACH who="0" ten="238,239,257,256" step="2"/><U95/><E95/><AGARI ba="0,1" hai="11,15,16,44,51,53,54,55,62,67,69,95,97,101" machi="95" ten="30,8000,1" yaku="1,1,2,1,7,1,54,1,53,1" doraHai="132" doraHaiUra="94" who="0" fromWho="1" sc="238,90,239,-80,257,0,256,0" owari="328,42.8,159,-34.1,257,5.7,256,-14.4" /></mjloggm>