<mjloggm ver="2.3"><GO type="225" lobby="0"/><UN n0="%E7%AC%B9%E9%A4%85" n1="%E6%A1%9C%E8%8A%B1%E9%96%83%E3%80%85" n2="%E3%81%BF%E3%82%84%E3%81%93%E3%82%93%EF%BC%91%EF%BC%90%E6%AD%B3" n3="%E5%8F%AF%E5%85%90%E9%82%A3%E7%94%B1%E5%A4%9A" dan="16,16,16,16" rate="2175.63,2096.90,2068.73,2202.90" sx="M,M,M,F"/><TAIKYOKU oya="0"/><INIT seed="0,0,0,0,2,78" ten="250,250,250,250" oya="0" hai0="122,132,106,49,111,33,37,95,11,12,112,87,68" hai1="6,120,91,80,42,18,36,51,54,101,71,73,31" hai2="47,100,94,97,60,107,86,10,8,26,119,105,103" hai3="102,85,40,76,88,59,9,127,114,7,32,125,93"/><T99/><D112/><U77/><E120/><V130/><F130/><W67/><G32/><T55/><D122/><U24/><E71/><V108/><F108/><W109/><G114/><T25/><D37/><U110/><E110/><V133/><F133/><W69/><G109/><T1/><D111/><U72/><E101/><V70/><F119/><W23/><G69/><T65/><D132/><U28/><E73/><V90/><F47/><W50/><G102/><T29/><D1/><U41/><E6/><V3/><F26/><W64/><G76/><T13/><D106/><U34/><E31/><V53/><F3/><W98/><G98/><T84/><D65/><U66/><E66/><V117/><F117/><W63/><G67/><T22/><D33/><U135/><E36/><V75/><F75/><W82/><G93/><T56/><D68/><U39/><E39/><V79/><F79/><W123/><G123/><T30/><D30/><U118/><E118/><V116/><F116/><W113/><G113/><T0/><D0/><U58/><E135/><V20/><F20/><W48/><G23/><T92/><D13/><U17/><E91/><V21/><F21/><W128/><G128/><T81/><D99/><U134/><E134/><V104/><F70/><W44/><REACH who="3" step="1"/><G50/><REACH who="3" ten="250,250,250,240" step="2"/><T4/><D87/><U57/><E34/><V121/><F121/><W131/><G131/><T124/><D124/><U35/><E35/><V43/><F103/><W126/><G126/><T16/><D29/><U38/><E28/><V83/><F43/><W14/><AGARI ba="0,1" hai="7,9,14,40,44,48,59,63,64,82,85,88,125,127" machi="14" ten="30,8000,1" yaku="1,1,0,1,52,1,54,1,53,1" doraHai="78" doraHaiUra="2" who="3" fromWho="3" sc="250,-40,250,-20,250,-20,240,90" /><INIT seed="1,0,0,3,4,66" ten="210,230,230,330" oya="1" hai0="130,114,16,30,135,94,119,71,121,82,11,41,91" hai1="12,58,51,106,124,67,129,96,35,10,44,57,116" hai2="107,99,100,55,108,24,43,6,20,76,7,1,103" hai3="133,122,125,105,21,33,111,27,68,74,50,131,22"/><U60/><E116/><V78/><F108/><W36/><G50/><T89/><D119/><U69/><E124/><V127/><F127/><W79/><G21/><T37/><D114/><U29/><E129/><V63/><F43/><W118/><G22/><T47/><D130/><U31/><E106/><V80/><F100/><W4/><G4/><T48/><D121/><U98/><E58/><V39/><F39/><W0/><G27/><T120/><D120/><U64/><E64/><V28/><F1/><W128/><G79/><T9/><D135/><U72/><E72/><V102/><F102/><W18/><G18/><T75/><D30/><N who="1" m="11275" /><E69/><V26/><F26/><W2/><G2/><T13/><D71/><U34/><E34/><V8/><F8/><W38/><G38/><T19/><D37/><U52/><E35/><V95/><F107/><W112/><AGARI ba="0,0" hai="0,33,36,68,74,105,111,112,118,122,125,128,131,133" machi="112" ten="0,32000,5" yakuman="47" doraHai="66" who="3" fromWho="3" sc="210,-80,230,-160,230,-80,330,320" /><INIT seed="2,0,0,0,4,131" ten="130,70,150,650" oya="2" hai0="33,105,68,37,124,111,132,126,14,63,45,71,61" hai1="31,43,117,44,36,125,123,83,67,35,99,88,70" hai2="89,122,86,133,77,128,26,112,1,16,106,96,34" hai3="38,18,19,54,27,93,80,29,72,73,25,104,15"/><V107/><F122/><W119/><G104/><T42/><D33/><U23/><E117/><V116/><F116/><W48/><G119/><T51/><D105/><U7/><E125/><N who="0" m="48233" /><D14/><U109/><E109/><V101/><F112/><W135/><G38/><T53/><D111/><U17/><E7/><V39/><F39/><W12/><G48/><T65/><D132/><U5/><E5/><V94/><F128/><W52/><G93/><T60/><D71/><U57/><E70/><V129/><F129/><W66/><G66/><T13/><D13/><U103/><E31/><V121/><F121/><W2/><G29/><T4/><D4/><U30/><E30/><V91/><F1/><W98/><G98/><T28/><D28/><U79/><E35/><V21/><F34/><W134/><G80/><T49/><D49/><U130/><E123/><V95/><F133/><W92/><G92/><T20/><D20/><U50/><E130/><V114/><F114/><W69/><G69/><T78/><D78/><U10/><E10/><V8/><F77/><W47/><G47/><AGARI ba="0,0" hai="37,42,45,47,51,53,60,61,63,65,68" m="48233" machi="47" ten="30,3900,0" yaku="18,1,34,2" doraHai="131" who="0" fromWho="3" sc="130,39,70,0,150,0,650,-39" /><INIT seed="3,0,0,0,2,102" ten="169,70,150,611" oya="3" hai0="77,89,91,127,82,3,44,134,70,46,6,93,25" hai1="32,126,57,54,55,4,49,114,23,36,40,0,103" hai2="67,21,116,34,71,74,42,20,97,92,1,22,108" hai3="8,118,83,125,131,109,30,85,2,17,14,124,96"/><W31/><G118/><T135/><D70/><U101/><E32/><V50/><F116/><W104/><G131/><T43/><D25/><U94/><E114/><V75/><F34/><W33/><G109/><T112/><D112/><U9/><E126/><N who="3" m="48746" /><G2/><T73/><D127/><U100/><E36/><V86/><F1/><W11/><G33/><T111/><D111/><U24/><E40/><V38/><F38/><W121/><G121/><T128/><D128/><U52/><REACH who="1" step="1"/><E94/><REACH who="1" ten="169,60,150,611" step="2"/><V62/><F108/><W28/><G104/><T130/><D130/><U19/><AGARI ba="0,1" hai="0,4,9,19,23,24,49,52,54,55,57,100,101,103" machi="19" ten="30,7900,0" yaku="1,1,2,1,0,1,54,1,53,0" doraHai="102" doraHaiUra="81" who="1" fromWho="1" sc="169,-20,60,89,150,-20,611,-39" owari="149,-5.1,149,-25.1,130,-37.0,572,67.2" /></mjloggm>