<mjloggm ver="2.3"><GO type="225" lobby="0"/><UN n0="%E9%B3%B3%E6%9D%B1%E3%81%AE%E3%81%86%E3%81%95%E3%81%8E%E3%81%95%E3%82%93" n1="%E5%B8%86%E7%AB%8B%E5%A4%8F%E8%A1%A3" n2="%E5%A4%96%E5%B7%9D%E7%AB%9C%E6%88%90" n3="%E6%A1%9C%E8%8A%B1%E9%96%83%E3%80%85" dan="16,17,16,17" rate="2170.77,2137.48,2139.33,2189.85" sx="M,M,M,M"/><TAIKYOKU oya="0"/><INIT seed="0,0,0,2,1,70" ten="250,250,250,250" oya="0" hai0="100,127,110,117,13,78,83,112,92,103,18,2,108" hai1="45,73,36,29,86,37,104,60,32,39,40,102,17" hai2="84,88,89,38,82,47,119,116,10,56,44,49,15" hai3="66,8,93,109,1,57,4,124,120,91,67,85,50"/><T20/><D112/><U30/><E73/><V63/><F89/><W34/><G34/><T133/><D117/><N who="2" m="45130" /><F49/><W90/><G109/><N who="0" m="42091" /><D133/><U106/><E17/><N who="2" m="8439" /><F38/><W94/><G124/><T14/><D2/><U62/><E86/><V115/><F115/><W97/><G120/><T31/><D31/><U28/><E32/><V125/><F125/><W64/><REACH who="3" step="1"/><G50/><REACH who="3" ten="250,250,250,240" step="2"/><T98/><D127/><U135/><E135/><V23/><F23/><W55/><G55/><AGARI ba="0,1" hai="44,47,55,56,63,82,84,88" m="8439,45130" machi="55" ten="30,2000,0" yaku="12,1,54,1" doraHai="70" who="2" fromWho="3" sc="250,0,250,0,250,30,240,-20" /><INIT seed="1,0,0,2,2,12" ten="250,250,280,220" oya="1" hai0="20,27,24,134,66,72,4,132,94,56,54,32,75" hai1="131,25,78,82,71,92,135,103,29,81,113,86,21" hai2="118,76,83,114,115,1,52,90,48,17,16,91,0" hai3="101,68,9,50,64,99,40,28,88,46,51,119,60"/><U110/><E131/><V41/><F118/><W106/><G119/><T18/><D66/><U108/><E113/><N who="2" m="43019" /><F41/><W44/><G9/><T39/><D39/><U43/><E71/><V35/><F35/><W98/><G28/><N who="0" m="19487" /><D94/><U58/><E135/><N who="0" m="51753" /><D4/><U129/><E129/><V107/><F107/><W102/><G88/><N who="2" m="33833" /><F0/><W53/><REACH who="3" step="1"/><G106/><REACH who="3" ten="250,250,280,210" step="2"/><T26/><D26/><U105/><E105/><V3/><F1/><W30/><G30/><T55/><D55/><U80/><E25/><V97/><F3/><W117/><G117/><T23/><D23/><U15/><E21/><V7/><F97/><AGARI ba="0,1" hai="40,44,46,50,51,53,60,64,68,97,98,99,101,102" machi="97" ten="40,1300,0" yaku="1,1,53,0" doraHai="12" doraHaiUra="128" who="3" fromWho="2" sc="250,0,250,0,280,-13,210,23" /><INIT seed="2,0,0,5,3,72" ten="250,250,267,233" oya="2" hai0="20,30,16,19,35,105,88,131,96,64,77,89,49" hai1="87,75,90,119,95,55,122,9,134,92,123,65,47" hai2="86,63,112,76,53,52,56,83,118,132,50,115,109" hai3="85,102,28,8,29,120,79,117,93,99,41,21,67"/><V25/><F118/><W7/><G117/><T91/><D35/><U14/><E119/><V107/><F132/><W37/><G120/><N who="1" m="46122" /><E75/><V82/><F107/><W12/><G67/><T127/><D131/><U71/><E134/><V98/><F109/><W42/><G37/><T34/><D34/><U97/><E71/><V54/><F98/><W125/><G125/><T114/><D114/><U36/><E65/><V17/><F83/><N who="3" m="47359" /><G21/><T46/><D127/><U113/><E113/><V81/><F54/><W80/><G80/><T101/><D77/><U73/><E73/><V15/><F25/><W103/><G102/><T40/><REACH who="0" step="1"/><D64/><REACH who="0" ten="240,250,267,233" step="2"/><U33/><E33/><V69/><F69/><W13/><G13/><T26/><AGARI ba="0,1" hai="16,19,20,26,30,40,46,49,88,89,91,96,101,105" machi="26" ten="30,8000,1" yaku="1,1,2,1,0,1,54,2,53,0" doraHai="72" doraHaiUra="108" who="0" fromWho="0" sc="240,90,250,-20,267,-40,233,-20" /><INIT seed="3,0,0,5,4,128" ten="330,230,227,213" oya="3" hai0="1,77,111,51,92,91,84,134,38,53,47,106,64" hai1="113,0,21,135,45,28,66,14,62,79,63,7,23" hai2="50,5,15,75,100,11,80,17,30,44,48,46,41" hai3="68,101,103,20,33,59,72,99,85,12,83,82,55"/><W58/><G68/><T19/><D1/><U125/><E113/><V110/><F110/><W98/><G33/><T61/><D111/><U34/><E125/><V95/><F30/><W109/><G109/><T8/><D106/><U97/><E79/><V3/><F75/><W4/><G72/><T127/><D127/><U87/><E87/><V126/><F126/><W26/><G12/><N who="0" m="7559" /><D38/><U118/><E135/><V36/><F80/><N who="3" m="30763" /><G85/><T52/><D134/><U117/><E45/><V2/><F36/><W18/><G4/><T22/><D77/><U60/><E66/><V96/><REACH who="2" step="1"/><F5/><REACH who="2" ten="330,230,217,213" step="2"/><W108/><G108/><T78/><D78/><U42/><E7/><V124/><F124/><W89/><G89/><T115/><D91/><U105/><E28/><V116/><F116/><W16/><G18/><T81/><D81/><U120/><E118/><V10/><F10/><W132/><G132/><T123/><D115/><U122/><E117/><V54/><AGARI ba="0,1" hai="2,3,11,15,17,41,44,46,48,50,54,95,96,100" machi="54" ten="20,2700,0" yaku="1,1,0,1,7,1,53,0" doraHai="128" doraHaiUra="24" who="2" fromWho="2" sc="330,-7,230,-7,217,37,213,-13" owari="323,42.3,223,-17.7,254,5.4,200,-30.0" /></mjloggm>