<mjloggm ver="2.3"><GO type="225" lobby="0"/><UN n0="%E5%B7%9D%E7%80%AC%E6%99%BA%E5%AD%90" n1="%E5%A4%96%E5%B7%9D%E7%AB%9C%E6%88%90" n2="%6D%75%75%6D%75%72%61" n3="%4C%4F%4C%49%54%41" dan="16,16,16,16" rate="2032.70,2181.15,2158.67,2139.71" sx="M,M,F,F"/><TAIKYOKU oya="0"/><INIT seed="0,0,0,2,1,67" ten="250,250,250,250" oya="0" hai0="85,46,70,7,81,94,63,134,33,4,97,3,19" hai1="84,48,78,91,122,23,86,27,106,87,82,83,29" hai2="52,127,56,10,79,131,26,115,30,28,114,43,24" hai3="1,69,45,17,9,16,124,95,72,65,18,14,129"/><T110/><D33/><U55/><E122/><V119/><F131/><W98/><G72/><T117/><D117/><U22/><E106/><V102/><F119/><W21/><G124/><T108/><D134/><U37/><E37/><V101/><F127/><W5/><G129/><T77/><D19/><U104/><E104/><V2/><F79/><W107/><G107/><T113/><D113/><U75/><REACH who="1" step="1"/><E22/><REACH who="1" ten="250,240,250,250" step="2"/><V61/><F114/><W36/><G36/><T112/><D112/><U111/><E111/><N who="0" m="42537" /><D3/><U6/><E6/><V74/><F115/><W135/><G135/><T100/><D46/><AGARI ba="0,1" hai="23,27,29,46,48,55,75,78,82,83,84,86,87,91" machi="46" ten="30,7700,0" yaku="1,1,7,1,53,2" doraHai="67" doraHaiUra="76" who="1" fromWho="0" sc="250,-77,240,87,250,0,250,0" /><INIT seed="1,0,0,2,1,64" ten="173,327,250,250" oya="1" hai0="43,22,53,12,10,26,7,74,126,90,89,109,117" hai1="115,51,65,130,104,86,106,4,42,19,116,23,128" hai2="32,1,39,56,67,28,47,88,5,38,111,122,50" hai3="70,30,31,75,68,120,24,59,97,61,37,80,127"/><U55/><E115/><V94/><F122/><W45/><G120/><T71/><D117/><U82/><E116/><V79/><F111/><W14/><G127/><T62/><D74/><U11/><E42/><V121/><F121/><W92/><G14/><T91/><D109/><U105/><E65/><V113/><F113/><W21/><G30/><T17/><D43/><U133/><E133/><V72/><F79/><W76/><G45/><T0/><D126/><U27/><E55/><V15/><F72/><W108/><G37/><T107/><D107/><U132/><E51/><V49/><F1/><W58/><G108/><T100/><D100/><U131/><E132/><V36/><F32/><W29/><G29/><T2/><D53/><U96/><E96/><V33/><F33/><W48/><G48/><T66/><AGARI ba="0,0" hai="0,2,7,10,12,17,22,26,62,66,71,89,90,91" machi="66" ten="30,2000,0" yaku="0,1,52,1" doraHai="64" who="0" fromWho="0" sc="173,20,327,-10,250,-5,250,-5" /><INIT seed="2,0,0,1,4,40" ten="193,317,245,245" oya="2" hai0="113,50,56,107,44,2,26,122,115,95,77,110,23" hai1="117,66,45,41,71,54,126,25,5,94,32,42,85" hai2="35,87,22,24,39,9,51,101,121,21,108,119,70" hai3="12,62,86,69,106,100,111,15,16,14,129,68,65"/><V118/><F39/><W20/><G111/><T88/><D122/><U124/><E117/><V93/><F121/><W19/><G129/><T105/><D2/><U90/><E5/><V89/><F108/><W58/><G106/><T28/><D110/><U97/><E85/><V96/><F70/><W3/><G3/><T48/><D77/><U92/><E92/><V11/><F35/><W109/><G109/><T125/><D125/><N who="1" m="48235" /><E54/><V7/><F21/><W82/><G100/><T57/><D107/><U53/><E66/><V80/><F51/><W52/><G19/><T133/><D105/><U6/><E6/><V61/><F61/><W102/><G102/><T33/><D33/><U81/><E81/><V64/><F64/><W104/><G104/><T47/><D133/><U75/><E75/><V128/><F128/><W0/><G0/><T10/><D115/><U134/><E71/><V36/><F36/><W18/><G65/><T55/><D10/><U31/><E134/><V99/><F99/><W46/><G46/><T91/><D113/><U123/><E123/><V34/><F34/><W37/><G37/><T114/><D114/><U67/><E67/><V127/><F127/><W131/><G131/><T84/><D91/><U49/><AGARI ba="0,0" hai="25,31,32,41,42,45,49,53,90,94,97" m="48235" machi="49" ten="30,2000,0" yaku="18,1,52,1" doraHai="40" who="1" fromWho="1" sc="193,-5,317,20,245,-10,245,-5" /><INIT seed="3,0,0,5,4,87" ten="188,337,235,240" oya="3" hai0="50,46,133,16,40,107,86,122,54,72,91,83,2" hai1="24,129,53,65,42,33,3,66,101,121,48,79,27" hai2="128,44,35,37,0,30,99,52,5,68,106,123,117" hai3="125,130,64,19,114,29,13,14,43,74,92,15,109"/><W76/><G114/><T59/><D122/><U89/><E3/><V70/><F117/><W47/><G125/><T60/><D133/><U97/><E42/><N who="2" m="22607" /><F52/><W112/><G112/><T100/><D2/><U11/><E97/><V12/><F12/><W85/><G130/><T62/><D72/><U32/><E101/><N who="2" m="62783" /><F128/><W113/><G109/><T95/><D107/><U39/><E27/><N who="2" m="18911" /><F123/><W56/><G74/><T103/><D60/><U124/><E53/><V90/><F90/><N who="3" m="53327" /><G76/><T67/><D40/><U134/><E79/><V26/><F26/><W9/><G29/><T127/><D127/><U10/><E39/><V102/><F102/><W131/><G131/><T71/><D46/><U118/><E33/><V135/><F135/><W8/><G19/><T115/><D115/><U110/><E110/><V58/><F58/><W25/><G25/><T132/><D132/><U108/><E108/><V98/><F98/><W80/><G80/><T34/><D34/><U81/><E32/><V41/><F41/><W45/><G113/><T94/><D94/><U78/><E134/><V73/><F73/><W119/><G119/><T23/><D83/><U105/><E118/><V55/><F55/><W6/><G43/><T75/><D75/><U63/><E105/><V49/><F49/><W93/><G93/><T31/><D31/><U28/><E129/><V22/><F22/><W51/><G51/><T77/><D77/><U7/><E78/><V111/><F111/><W116/><G116/><T4/><D4/><U20/><E124/><V61/><F61/><N who="3" m="37927" /><G6/><T38/><D38/><U120/><E120/><RYUUKYOKU ba="0,0" sc="188,10,337,-30,235,10,240,10" hai0="16,23,50,54,59,62,67,71,86,91,95,100,103" hai2="0,5,68,70" hai3="8,9,13,14,15,45,47" /><INIT seed="3,1,0,1,4,36" ten="198,307,245,250" oya="3" hai0="15,10,40,42,108,65,91,77,93,54,121,20,2" hai1="83,16,44,33,49,24,71,88,130,89,19,113,47" hai2="3,39,87,103,4,131,1,97,124,73,72,115,101" hai3="32,27,134,111,28,123,6,30,94,58,75,112,26"/><W62/><G112/><T14/><D121/><U48/><E71/><V66/><F115/><W114/><G114/><T31/><D2/><U18/><E113/><V120/><F120/><W34/><G123/><T100/><D108/><U51/><E130/><V59/><F131/><W60/><G75/><T119/><D119/><U5/><E5/><V104/><F103/><W41/><G111/><T53/><D100/><U38/><E38/><V61/><F124/><W95/><G6/><N who="0" m="3415" /><D77/><U116/><E116/><V102/><F39/><W84/><G134/><T17/><D65/><U21/><E33/><V29/><F29/><W52/><G41/><N who="0" m="15979" /><D31/><N who="1" m="17807" /><E89/><V90/><F102/><W64/><G84/><AGARI ba="1,0" hai="15,17,20,53,54,84,91,93" m="15979,3415" machi="84" ten="30,7700,0" yaku="8,1,52,3" doraHai="36" who="0" fromWho="3" sc="198,80,307,0,245,0,250,-80" /><AGARI ba="1,0" hai="16,18,19,44,47,48,49,51,83,84,88" m="17807" machi="84" ten="30,3900,0" yaku="8,1,54,2" doraHai="36" who="1" fromWho="3" sc="278,0,307,39,245,0,170,-39" owari="278,7.8,346,44.6,245,-15.5,131,-36.9" /></mjloggm>