<mjloggm ver="2.3"><GO type="225" lobby="0"/><UN n0="%E3%81%82%E3%81%B9%E3%81%99%E3%81%91" n1="%E3%83%9D%E3%83%B3%E3%83%9D%E3%82%B3%E5%95%86%E4%BA%8B" n2="%E3%81%82%E3%81%99%E3%81%AB%E3%82%83%E3%82%80" n3="%77%72%77%72%77%72%77%72" dan="16,16,16,16" rate="2145.64,2154.79,2107.92,2161.05" sx="M,M,F,M"/><TAIKYOKU oya="0"/><INIT seed="0,0,0,5,5,65" ten="250,250,250,250" oya="0" hai0="103,2,1,49,34,44,50,42,0,95,129,74,122" hai1="88,66,100,94,11,98,132,60,105,33,46,113,27" hai2="39,35,124,112,72,116,23,5,123,21,92,31,86" hai3="8,75,53,80,104,76,13,9,32,108,71,40,4"/><T59/><D122/><U96/><E132/><V30/><F92/><W83/><G108/><T15/><D34/><U85/><E113/><V133/><F86/><W135/><G135/><T26/><D74/><U89/><E11/><V64/><F64/><W110/><G110/><T134/><D134/><U130/><E46/><V47/><F47/><W117/><G117/><T70/><D26/><U58/><E130/><V62/><F62/><W127/><G127/><T56/><D129/><U82/><E27/><V102/><F102/><W90/><G104/><T120/><D120/><U87/><E33/><V48/><F48/><W78/><G32/><T16/><D70/><U10/><E10/><V125/><F39/><W29/><G29/><T73/><D73/><U106/><REACH who="1" step="1"/><E87/><REACH who="1" ten="250,240,250,250" step="2"/><V52/><F133/><W81/><G9/><T45/><D45/><U38/><E38/><V37/><F37/><W93/><G75/><T3/><D3/><U101/><E101/><V7/><F35/><W63/><G8/><T118/><D118/><U79/><E79/><V119/><F112/><W91/><G76/><T24/><D24/><U25/><E25/><V28/><F72/><W67/><G78/><T69/><D2/><U109/><E109/><V55/><F28/><W22/><G4/><T36/><D36/><U111/><E111/><V128/><F128/><W121/><G13/><T51/><D15/><U68/><E68/><V115/><F115/><W17/><G71/><T41/><D69/><U43/><E43/><V97/><F123/><W18/><G121/><T14/><D1/><U20/><E20/><RYUUKYOKU ba="0,1" sc="250,-15,240,15,250,15,250,-15" hai1="58,60,66,82,85,88,89,94,96,98,100,105,106" hai2="5,7,21,23,30,31,52,55,97,116,119,124,125" /><INIT seed="1,1,1,4,2,56" ten="235,255,265,235" oya="1" hai0="132,36,82,43,21,34,18,40,98,42,116,11,113" hai1="64,99,44,85,107,51,7,106,55,100,45,1,112" hai2="30,20,119,86,87,12,37,33,29,133,67,14,65" hai3="6,88,15,58,78,38,117,97,126,83,95,75,131"/><U35/><E112/><V73/><F73/><W94/><G38/><T93/><D116/><U135/><E135/><V32/><F37/><W19/><G117/><T101/><D113/><U25/><E106/><V120/><F119/><W92/><G131/><T96/><D132/><U90/><E64/><V91/><F133/><W8/><G126/><T125/><D34/><U54/><E1/><V24/><F20/><W74/><G74/><T68/><D68/><U127/><E7/><V60/><F91/><W53/><REACH who="3" step="1"/><G6/><REACH who="3" ten="235,255,265,225" step="2"/><T123/><D125/><U69/><E127/><V70/><F120/><W0/><G0/><T102/><D36/><U10/><E10/><V31/><F32/><W76/><G76/><T81/><D11/><U71/><E35/><V115/><F33/><W121/><G121/><T16/><D123/><U89/><E90/><V59/><F115/><W114/><G114/><T111/><D111/><U63/><E25/><V41/><F24/><W28/><G28/><T103/><D21/><U5/><E5/><V39/><F30/><W72/><G72/><T49/><D103/><U110/><E110/><V128/><F128/><W77/><G77/><T17/><REACH who="0" step="1"/><D49/><AGARI ba="1,2" hai="8,15,19,49,53,58,75,78,83,88,92,94,95,97" machi="49" ten="30,7700,0" yaku="1,1,7,1,54,1,53,1" doraHai="56" doraHaiUra="79" who="3" fromWho="0" sc="235,-80,255,0,265,0,225,100" /><INIT seed="2,0,0,3,0,105" ten="155,255,265,325" oya="2" hai0="11,118,124,75,81,85,113,129,54,58,135,46,93" hai1="122,109,16,13,49,73,76,79,119,43,104,61,108" hai2="44,123,59,127,115,40,111,96,67,82,125,39,117" hai3="110,20,27,45,21,22,114,63,112,83,77,134,24"/><V60/><F115/><N who="3" m="44075" /><G110/><N who="1" m="42602" /><E119/><V100/><F111/><W72/><G134/><T87/><D118/><U0/><E0/><V92/><F117/><W6/><G6/><T19/><D113/><U120/><E104/><V1/><F1/><W64/><G45/><T25/><D135/><U26/><E26/><V9/><F9/><W7/><G7/><T35/><D129/><U4/><E4/><V17/><F17/><W89/><G89/><T126/><D46/><N who="1" m="25823" /><E61/><V52/><F123/><N who="1" m="47145" /><E73/><V47/><F47/><W12/><G12/><T65/><D25/><U14/><E14/><V10/><F10/><AGARI ba="0,0" hai="10,13,16,76,79" m="47145,25823,42602" machi="10" ten="30,3900,0" yaku="14,1,13,1,54,1" doraHai="105" who="1" fromWho="2" sc="155,0,255,39,265,-39,325,0" /><INIT seed="3,0,0,4,5,53" ten="155,294,226,325" oya="3" hai0="43,82,106,42,81,120,107,29,103,129,133,76,8" hai1="89,105,132,100,127,67,61,78,94,80,30,41,95" hai2="59,9,56,36,93,115,34,17,79,47,112,64,131" hai3="113,32,13,11,124,114,33,0,116,19,118,48,1"/><W31/><G48/><T102/><D8/><U12/><E127/><V63/><F34/><N who="3" m="13419" /><G31/><T70/><D29/><U69/><E30/><V71/><F131/><W85/><G85/><T65/><D65/><U83/><E41/><N who="2" m="22951" /><F93/><W39/><G39/><T130/><D70/><U16/><E105/><V134/><F17/><W38/><G38/><T49/><D49/><U99/><E78/><V27/><F27/><W7/><G124/><T90/><D90/><U72/><E72/><V55/><F79/><W18/><G18/><T110/><D76/><U2/><E2/><N who="3" m="1130" /><G19/><T25/><D25/><U23/><REACH who="1" step="1"/><E132/><REACH who="1" ten="155,284,226,325" step="2"/><V50/><F134/><W86/><G86/><AGARI ba="0,1" hai="12,16,23,61,67,69,80,83,86,89,94,95,99,100" machi="86" ten="30,7700,0" yaku="1,1,2,1,7,1,54,1,53,0" doraHai="53" doraHaiUra="54" who="1" fromWho="3" sc="155,0,284,87,226,0,325,-77" owari="155,-34.5,371,47.1,226,-17.4,248,4.8" /></mjloggm>