<mjloggm ver="2.3"><GO type="225" lobby="0"/><UN n0="%E3%83%A1%E3%82%AC%E3%83%87%E3%82%B8" n1="%E3%81%95%E3%81%8D%E3%81%9F%E3%81%BE%E6%9E%97%E6%AA%8E" n2="%E5%B8%86%E7%AB%8B%E5%A4%8F%E8%A1%A3" n3="%E2%91%A3%E9%81%BF%E9%81%8A%E6%88%AF%E3%80%90%E6%9D%B1%E5%8D%97%E3%80%91" dan="16,16,17,16" rate="2118.02,2163.93,2187.68,2075.53" sx="F,M,M,M"/><TAIKYOKU oya="0"/><INIT seed="0,0,0,1,1,102" ten="250,250,250,250" oya="0" hai0="85,86,116,4,32,11,73,54,124,95,38,49,125" hai1="41,114,64,21,101,53,117,61,22,112,110,35,67" hai2="68,98,80,71,29,65,16,59,90,23,0,129,79" hai3="72,70,13,99,76,106,57,104,120,115,17,43,92"/><T15/><D38/><U1/><E110/><V93/><F0/><W105/><G70/><T132/><D116/><U69/><E117/><V94/><F129/><W77/><G120/><T96/><D73/><U5/><E35/><V55/><F29/><W66/><G43/><T78/><D32/><U46/><E101/><V62/><F94/><W52/><G66/><T122/><D132/><U81/><E81/><V19/><F19/><W34/><G34/><T87/><D78/><U109/><E67/><V97/><F97/><W100/><G72/><T14/><D14/><U28/><E53/><V58/><F58/><W48/><REACH who="3" step="1"/><G115/><REACH who="3" ten="250,250,250,240" step="2"/><T107/><D122/><U108/><E114/><V88/><F65/><W8/><AGARI ba="0,1" hai="8,13,17,48,52,57,76,77,92,99,100,104,105,106" machi="8" ten="30,16000,3" yaku="1,1,2,1,0,1,52,3,54,1,53,1" doraHai="102" doraHaiUra="47" who="3" fromWho="3" sc="250,-80,250,-40,250,-40,240,170" /><INIT seed="1,0,0,4,3,18" ten="170,210,210,410" oya="1" hai0="78,80,73,62,70,4,27,117,87,67,26,66,130" hai1="94,100,113,55,103,79,84,57,59,0,46,121,52" hai2="119,90,60,50,86,45,10,21,116,65,34,133,131" hai3="19,42,68,48,134,101,8,49,14,83,95,97,33"/><U106/><E113/><V16/><F34/><W61/><G134/><T118/><D130/><U1/><E121/><V98/><F131/><W76/><G33/><T77/><D4/><U58/><E106/><V35/><F35/><W44/><G68/><T43/><D43/><U25/><E1/><V5/><F133/><W132/><G61/><T41/><D41/><U111/><E0/><V82/><F98/><W91/><G132/><T11/><D11/><U28/><E111/><V12/><F50/><W13/><G13/><T53/><D53/><U122/><E122/><V69/><REACH who="2" step="1"/><F45/><REACH who="2" ten="170,210,200,410" step="2"/><W123/><G123/><T124/><D118/><U105/><E46/><V32/><F32/><W102/><G49/><T115/><D117/><U6/><E105/><V85/><F85/><AGARI ba="0,1" hai="8,14,19,42,44,48,76,83,85,91,95,97,101,102" machi="85" ten="30,2000,0" yaku="7,1,8,1" doraHai="18" who="3" fromWho="2" sc="170,0,210,0,200,-20,410,30" /><INIT seed="2,0,0,0,4,98" ten="170,210,180,440" oya="2" hai0="16,59,103,83,9,105,106,113,99,110,77,1,36" hai1="18,13,102,28,50,27,72,17,121,93,95,90,80" hai2="82,119,24,88,131,5,126,53,44,94,76,2,104" hai3="128,54,116,96,60,125,129,135,97,35,11,20,75"/><V62/><F119/><W127/><G35/><T68/><D68/><U41/><E121/><V123/><F123/><W39/><G39/><T57/><D113/><U111/><E111/><V10/><F131/><N who="3" m="50251" /><G75/><T12/><D110/><U3/><E3/><V19/><F126/><N who="3" m="48139" /><G116/><T118/><D118/><U70/><E70/><V87/><F104/><W84/><G84/><T115/><D115/><U58/><E41/><V79/><F82/><W42/><G42/><T109/><D36/><U63/><E50/><V71/><F44/><W14/><G20/><T32/><D32/><U25/><E72/><V122/><F122/><W69/><G135/><T108/><D106/><U132/><E132/><V8/><F24/><W15/><G15/><T100/><D1/><U0/><E13/><V7/><F19/><N who="3" m="8671" /><G69/><T4/><D109/><U114/><E27/><V23/><F23/><W33/><G33/><T52/><D4/><U34/><E0/><V134/><F134/><W45/><G60/><T124/><D108/><U85/><E114/><V92/><F71/><W66/><G66/><T117/><D117/><U22/><E34/><V64/><F64/><W6/><G6/><N who="2" m="2057" /><F2/><W31/><G31/><T133/><D133/><U81/><E63/><V47/><F62/><W130/><G130/><T91/><D124/><U55/><E28/><V61/><F61/><W78/><G78/><N who="2" m="29737" /><F94/><W86/><G86/><N who="0" m="48495" /><D105/><U51/><E18/><V112/><F112/><W89/><G89/><T73/><D73/><U38/><E38/><V56/><F56/><N who="0" m="21578" /><D52/><U29/><E29/><V101/><F101/><W74/><G74/><RYUUKYOKU ba="0,0" sc="170,0,210,0,180,0,440,0" hai0="9,12,16,91,99,100,103" hai1="17,22,25,51,55,58,80,81,85,90,93,95,102" hai2="8,10,47,53,87,88,92" hai3="45,54,96,97" /><INIT seed="2,1,0,4,0,25" ten="170,210,180,440" oya="2" hai0="2,85,100,105,78,13,75,81,123,24,115,46,86" hai1="30,117,89,122,5,128,84,37,58,57,130,33,38" hai2="77,53,88,34,116,10,83,107,114,44,23,21,98" hai3="66,15,45,9,126,16,68,110,3,63,108,14,92"/><V65/><F114/><W59/><G126/><T134/><D123/><U111/><E111/><N who="3" m="42538" /><G92/><T106/><D2/><U133/><E117/><V64/><F116/><W39/><G68/><T125/><D115/><U87/><E133/><V1/><F34/><W56/><G59/><N who="1" m="22538" /><E122/><V99/><F107/><W132/><G132/><T29/><D134/><U104/><E104/><V73/><F1/><W47/><G39/><T120/><D125/><U50/><E50/><N who="2" m="28871" /><F73/><W55/><G66/><N who="2" m="25705" /><F10/><N who="3" m="6231" /><G3/><T95/><D106/><U121/><E121/><V20/><F77/><W60/><G63/><T71/><D105/><U76/><E76/><V49/><F49/><W18/><AGARI ba="1,0" hai="9,15,18,45,47,55,56,60" m="6231,42538" machi="18" ten="30,2000,0" yaku="14,1,54,1" doraHai="25" who="3" fromWho="3" sc="170,-6,210,-6,180,-11,440,23" /><INIT seed="3,0,0,0,2,52" ten="164,204,169,463" oya="3" hai0="87,1,36,130,51,100,41,59,69,75,99,108,135" hai1="31,81,49,28,84,86,54,46,89,2,16,114,56" hai2="42,79,82,98,18,105,24,20,78,112,131,74,13" hai3="6,122,67,77,47,111,127,115,11,55,30,123,23"/><W7/><G67/><T97/><D75/><U37/><E114/><V43/><F112/><W63/><G77/><T110/><D69/><U44/><E2/><V125/><F125/><W102/><G115/><T91/><D1/><U14/><E37/><V134/><F134/><W48/><G102/><T132/><D36/><U32/><E32/><V83/><F131/><W70/><G70/><T45/><D59/><U38/><E38/><V26/><F98/><N who="0" m="37386" /><D100/><U129/><E129/><V17/><F105/><W25/><G63/><T93/><D130/><U12/><E12/><V109/><F109/><AGARI ba="0,0" hai="41,45,51,87,91,93,108,109,110,132,135" m="37386" machi="109" ten="30,1000,0" yaku="14,1" doraHai="52" who="0" fromWho="2" sc="164,10,204,0,169,-10,463,0" owari="174,-22.6,204,0.4,159,-34.1,463,56.3" /></mjloggm>