<mjloggm ver="2.3"><GO type="225" lobby="0"/><UN n0="%E5%B8%86%E7%AB%8B%E5%A4%8F%E8%A1%A3" n1="%6D%75%75%6D%75%72%61" n2="%37%2F%32%E3%81%AB%E7%94%9F%E3%81%BE%E3%82%8C%E3%81%A6" n3="%E8%81%B7%E6%A5%AD%E3%80%81%E9%A2%A8%32" dan="16,16,17,16" rate="2063.12,2147.08,2171.43,2130.62" sx="M,F,M,M"/><TAIKYOKU oya="0"/><INIT seed="0,0,0,2,5,0" ten="250,250,250,250" oya="0" hai0="85,47,40,93,94,54,13,103,28,34,107,53,83" hai1="71,90,111,99,29,52,131,46,106,77,110,73,31" hai2="113,24,128,33,70,3,122,130,72,116,6,17,74" hai3="68,8,123,11,64,51,135,43,27,82,35,18,58"/><T95/><D34/><U19/><E71/><V118/><F70/><W109/><G109/><N who="1" m="41482" /><E131/><N who="2" m="50219" /><F74/><W78/><G123/><T65/><D28/><U66/><E66/><V79/><F79/><W37/><G135/><T102/><D65/><U76/><E19/><V41/><F41/><W14/><G37/><T67/><D67/><U87/><E99/><V86/><F86/><W56/><G58/><T10/><D107/><U105/><E73/><V69/><F72/><W57/><G56/><T97/><D103/><U120/><E120/><V84/><F84/><W5/><G43/><T100/><D100/><U134/><E134/><V114/><F122/><W15/><G35/><T7/><D54/><U62/><E76/><V20/><F33/><W16/><G68/><T91/><REACH who="0" step="1"/><D53/><REACH who="0" ten="240,250,250,250" step="2"/><U129/><E129/><V132/><F132/><W25/><G64/><T121/><D121/><U22/><E106/><V30/><F30/><W60/><G60/><T88/><D88/><U75/><E105/><V125/><F69/><W63/><G63/><T108/><D108/><U45/><E31/><V4/><F125/><W104/><G104/><T12/><D12/><U50/><E62/><V42/><F3/><W55/><REACH who="3" step="1"/><G18/><REACH who="3" ten="240,250,250,240" step="2"/><T59/><D59/><U133/><E133/><V26/><F42/><W9/><G9/><T38/><AGARI ba="0,2" hai="7,10,13,38,40,47,83,85,91,93,94,95,97,102" machi="38" ten="20,12000,1" yaku="1,1,0,1,7,1,52,1,53,1" doraHai="0" doraHaiUra="96" who="0" fromWho="0" sc="240,140,250,-40,250,-40,240,-40" /><INIT seed="0,1,0,5,1,105" ten="380,210,210,200" oya="0" hai0="5,134,25,35,52,88,92,132,96,57,43,103,68" hai1="61,38,94,85,45,114,33,70,20,26,53,69,32" hai2="55,83,8,119,50,122,2,6,95,37,72,4,51" hai3="117,130,71,65,129,76,30,40,3,121,29,86,93"/><T0/><D68/><U46/><E114/><V21/><F122/><W1/><G117/><T98/><D43/><U24/><E38/><V62/><F119/><W17/><G121/><T79/><D0/><N who="3" m="73" /><G40/><T42/><D5/><U18/><E53/><V125/><F6/><W91/><G76/><T124/><D42/><U49/><E49/><V80/><F37/><W89/><G17/><T47/><D47/><U82/><E94/><V39/><F39/><W81/><G65/><T77/><D124/><U58/><E46/><V48/><F125/><W22/><G22/><T135/><D25/><U16/><E45/><V84/><F21/><W113/><G71/><T133/><D35/><U19/><E69/><V23/><F23/><W59/><G59/><T41/><D41/><U67/><E70/><V7/><F7/><W131/><G113/><T115/><D115/><U120/><E120/><V54/><F95/><W27/><G27/><T106/><D134/><U108/><E108/><V97/><F97/><AGARI ba="1,0" hai="29,30,81,86,89,91,93,97,129,130,131" m="73" machi="97" ten="40,1300,0" yaku="19,1" doraHai="105" who="3" fromWho="2" sc="380,0,210,0,210,-16,200,16" /><INIT seed="1,0,0,5,3,77" ten="380,210,194,216" oya="1" hai0="6,29,52,88,107,122,21,40,83,48,109,76,127" hai1="62,46,63,36,7,103,47,65,71,102,20,112,26" hai2="82,1,130,119,9,78,44,59,128,87,90,58,106" hai3="131,41,115,31,57,19,0,75,51,28,114,67,96"/><U18/><E112/><V124/><F119/><W129/><G75/><T80/><D107/><U72/><E72/><V99/><F124/><W70/><G0/><T15/><D109/><U97/><E36/><V74/><F44/><N who="3" m="25999" /><G96/><T11/><D122/><U110/><E110/><V61/><F9/><W12/><G70/><T98/><D40/><U101/><E97/><V123/><F1/><W86/><G57/><N who="0" m="32903" /><D76/><U84/><E7/><V85/><F58/><W91/><G67/><T125/><D21/><U105/><E105/><V68/><F68/><W135/><G135/><T118/><D29/><N who="3" m="11337" /><G19/><T25/><D25/><U56/><REACH who="1" step="1"/><E84/><REACH who="1" ten="380,200,194,216" step="2"/><V108/><F108/><W33/><G115/><T27/><D118/><U69/><E69/><V37/><F37/><W14/><G86/><T94/><D125/><U134/><E134/><V66/><F123/><W39/><G39/><T55/><D127/><U5/><E5/><V45/><F87/><W23/><G114/><T116/><D116/><U133/><E133/><V64/><F99/><W4/><G4/><T49/><D27/><U111/><E111/><V113/><F106/><W8/><G129/><T50/><D6/><U2/><E2/><V93/><F113/><W121/><G131/><T95/><D98/><U117/><E117/><V34/><F130/><W53/><G121/><T16/><D15/><U38/><E38/><V79/><F128/><W24/><G14/><T100/><D100/><U132/><E132/><V120/><F120/><W73/><G12/><T126/><D126/><U104/><E104/><V89/><F74/><W43/><G73/><RYUUKYOKU ba="0,1" sc="380,-10,200,30,194,-10,216,-10" hai1="18,20,26,46,47,56,62,63,65,71,101,102,103" /><INIT seed="1,1,1,0,1,37" ten="370,230,184,206" oya="1" hai0="23,107,74,110,13,72,50,120,26,101,102,127,98" hai1="70,103,35,18,90,38,129,128,112,109,130,63,19" hai2="105,14,58,82,88,99,60,33,16,97,80,76,8" hai3="12,126,78,94,54,21,3,81,25,87,93,56,115"/><U55/><E112/><V15/><F33/><W44/><G3/><T69/><D69/><U43/><E35/><V96/><F105/><W108/><G108/><T124/><D110/><U48/><E109/><V119/><F119/><W92/><G115/><T17/><D120/><U39/><E103/><V117/><F117/><W132/><G126/><N who="0" m="48171" /><D101/><U62/><E90/><V122/><F122/><W77/><G132/><T65/><D65/><N who="1" m="41271" /><E63/><V131/><F131/><W59/><G12/><T106/><D107/><U46/><E39/><V79/><F15/><W89/><G44/><AGARI ba="1,1" hai="18,19,38,43,44,46,48,55,128,129,130" m="41271" machi="44" ten="30,2900,0" yaku="19,1,52,1" doraHai="37" who="1" fromWho="3" sc="370,0,230,42,184,0,206,-32" /><INIT seed="1,2,0,0,5,119" ten="370,272,184,174" oya="1" hai0="12,113,107,76,58,127,80,56,102,89,124,50,122" hai1="9,30,36,35,64,115,134,91,101,46,13,41,120" hai2="105,2,55,112,45,57,110,11,92,82,99,24,135" hai3="52,100,21,98,73,133,63,48,118,47,85,104,129"/><U32/><E115/><V20/><F112/><W106/><G73/><T27/><D113/><U65/><E134/><V117/><F117/><W123/><G123/><T14/><D122/><U79/><E120/><V114/><F114/><W0/><G0/><T125/><D89/><U78/><E101/><V23/><F105/><W15/><G118/><T5/><D27/><U38/><E38/><V60/><F135/><W61/><G133/><T3/><D3/><U42/><E42/><V33/><F110/><W96/><G129/><T19/><D5/><U37/><E37/><V131/><F131/><W71/><G85/><N who="0" m="48263" /><D50/><U121/><E121/><V72/><F45/><W17/><G71/><T39/><D39/><U44/><E44/><V7/><F72/><W84/><G84/><T132/><D12/><U25/><E35/><V116/><F82/><W69/><G69/><T128/><D128/><U126/><E126/><V109/><F109/><W74/><REACH who="3" step="1"/><G74/><REACH who="3" ten="370,272,184,164" step="2"/><T67/><D132/><U90/><E78/><V10/><F116/><W87/><G87/><T34/><D125/><U53/><E79/><V1/><F1/><W49/><G49/><T18/><D124/><U97/><E36/><V81/><F81/><W66/><G66/><T51/><D127/><U59/><E65/><V22/><F33/><W94/><G94/><T28/><D34/><U88/><E32/><V93/><F93/><W31/><G31/><T130/><D28/><U111/><E111/><V103/><REACH who="2" step="1"/><F10/><REACH who="2" ten="370,272,174,164" step="2"/><W108/><G108/><T26/><D130/><U8/><E8/><V4/><F4/><W75/><G75/><RYUUKYOKU ba="2,2" sc="370,-15,272,-15,174,15,164,15" hai2="2,7,11,20,22,23,24,55,57,60,92,99,103" hai3="15,17,21,47,48,52,61,63,96,98,100,104,106" /><INIT seed="2,3,2,5,0,1" ten="355,257,189,179" oya="2" hai0="41,23,116,95,112,109,46,87,32,34,45,120,52" hai1="123,37,65,33,59,76,84,88,67,93,102,125,4" hai2="94,29,42,97,38,106,15,104,85,131,0,79,10" hai3="60,133,134,91,31,16,24,30,39,107,101,57,130"/><V22/><F131/><W58/><G39/><T105/><D105/><U126/><E37/><V73/><F0/><W124/><G130/><T66/><D120/><U115/><E115/><V5/><F73/><W68/><G124/><N who="1" m="47722" /><E123/><V61/><F61/><W75/><G75/><T62/><D112/><U43/><E43/><V129/><F129/><W83/><G68/><T74/><D74/><U3/><E33/><V92/><F92/><W50/><G50/><T44/><D41/><U118/><E118/><V110/><F110/><W6/><G6/><T114/><D114/><U89/><E76/><V14/><F42/><W70/><G70/><T13/><D116/><U27/><E27/><V40/><F40/><W80/><G101/><T56/><D109/><U99/><E59/><N who="3" m="22538" /><G107/><T47/><D47/><U51/><E51/><V98/><F38/><W18/><G60/><T2/><D34/><U78/><E78/><V128/><F128/><W7/><G7/><T49/><D32/><U77/><E77/><V12/><F106/><W122/><G122/><T117/><D117/><U26/><E26/><N who="2" m="16599" /><F104/><W48/><G48/><T53/><D49/><U11/><E102/><N who="2" m="60727" /><F98/><W108/><G108/><T127/><D127/><U36/><E36/><V9/><F9/><W111/><G111/><T71/><D71/><U21/><E21/><V19/><F19/><N who="3" m="7211" /><G24/><T81/><D2/><U121/><E121/><V28/><F28/><N who="3" m="10795" /><G83/><AGARI ba="3,2" hai="3,4,11,65,67,83,84,88,89,93,99" m="47722" machi="83" ten="30,3900,0" yaku="18,1,52,1,54,1" doraHai="1" who="1" fromWho="3" sc="355,0,257,68,189,0,179,-48" /><AGARI ba="3,0" hai="5,10,12,14,15,79,83,85" m="60727,16599" machi="83" ten="30,2900,0" yaku="8,1,52,1" doraHai="1" who="2" fromWho="3" sc="355,0,325,0,189,29,131,-29" /><INIT seed="2,4,0,3,0,7" ten="355,325,218,102" oya="2" hai0="59,31,133,79,16,125,13,0,15,17,112,132,47" hai1="98,4,11,46,129,65,134,93,81,107,89,35,91" hai2="76,135,32,80,42,49,45,116,102,90,120,36,104" hai3="22,114,110,30,101,69,58,117,51,88,1,12,38"/><V60/><F116/><W61/><G1/><T68/><D68/><U86/><E129/><V94/><F120/><W63/><G117/><T70/><D70/><U20/><E35/><V50/><F32/><W5/><G38/><T126/><D79/><U23/><E134/><N who="0" m="51817" /><D0/><U111/><E111/><V67/><F135/><W115/><G110/><T108/><D108/><U105/><E65/><V44/><F102/><W100/><G69/><T106/><D106/><U53/><E105/><V40/><F104/><W3/><G3/><T84/><D84/><U127/><E107/><V55/><F55/><N who="3" m="32127" /><G30/><T130/><D130/><U121/><E127/><N who="0" m="48649" /><D112/><N who="3" m="43049" /><G100/><T103/><D103/><U64/><E64/><V96/><F36/><W62/><G101/><T37/><D59/><U19/><E121/><V87/><F67/><W28/><G28/><T41/><D31/><U77/><E77/><V97/><REACH who="2" step="1"/><F60/><REACH who="2" ten="355,325,208,102" step="2"/><W14/><G22/><T26/><D37/><U8/><E23/><V113/><F113/><W29/><G29/><T24/><D41/><U21/><E21/><V39/><F39/><W131/><G131/><T74/><D47/><U54/><E46/><V66/><F66/><W83/><G5/><T9/><D74/><AGARI ba="4,1" hai="40,42,44,45,49,50,74,76,80,87,90,94,96,97" machi="74" ten="30,12000,1" yaku="1,1,7,1,9,1,53,2" doraHai="7" doraHaiUra="43" who="2" fromWho="0" sc="355,-132,325,0,208,142,102,0" /><INIT seed="2,5,0,5,1,117" ten="223,325,350,102" oya="2" hai0="114,66,83,96,134,73,7,5,107,0,82,38,33" hai1="94,1,116,61,115,109,56,86,100,54,53,27,131" hai2="89,45,8,59,32,99,102,58,30,105,28,93,60" hai3="95,123,16,128,35,55,74,18,9,103,67,78,14"/><V111/><F111/><W84/><G128/><T10/><D134/><U24/><E115/><V77/><F45/><W119/><G119/><T43/><D114/><U90/><E1/><V19/><F77/><W72/><G35/><T40/><D82/><U49/><E116/><V22/><F32/><W50/><G67/><T133/><D133/><U104/><E131/><V26/><F8/><W135/><G135/><T124/><D43/><U29/><E109/><V108/><F59/><W75/><G123/><T51/><D51/><U46/><REACH who="1" step="1"/><E29/><REACH who="1" ten="223,315,350,102" step="2"/><V112/><F112/><W4/><G103/><N who="0" m="62951" /><D7/><U23/><E23/><V25/><F108/><W106/><G106/><T64/><D33/><U122/><E122/><V20/><F105/><W41/><G41/><T130/><D130/><U2/><E2/><V37/><F37/><W31/><G31/><T65/><D40/><U118/><E118/><V34/><F34/><W21/><G21/><T88/><D38/><U91/><E91/><V113/><F113/><W101/><G101/><T39/><D39/><U76/><E76/><V127/><F127/><W13/><G78/><N who="0" m="44495" /><D88/><U68/><E68/><V126/><F126/><W87/><G95/><T63/><D124/><U47/><E47/><V98/><F30/><W57/><REACH who="3" step="1"/><G14/><REACH who="3" ten="223,315,350,92" step="2"/><T92/><D92/><U69/><E69/><V17/><F28/><W15/><G15/><T42/><D42/><U6/><E6/><V36/><F36/><W121/><G121/><T52/><D66/><U70/><E70/><V44/><F102/><W125/><G125/><T3/><D3/><U120/><E120/><RYUUKYOKU ba="5,2" sc="223,10,315,10,350,-30,92,10" hai0="0,5,10,52,63,64,65" hai1="24,27,46,49,53,54,56,61,86,90,94,100,104" hai3="4,9,13,16,18,50,55,57,72,74,75,84,87" /><INIT seed="3,6,2,0,5,19" ten="233,325,320,102" oya="3" hai0="100,63,28,79,10,13,36,17,105,72,117,40,111" hai1="67,71,103,93,49,23,54,132,75,24,80,47,122" hai2="9,45,74,56,90,32,104,16,129,125,115,11,81" hai3="65,15,82,112,121,46,107,5,18,124,106,92,14"/><W57/><G121/><T127/><D117/><U133/><E122/><V20/><F115/><W70/><G112/><T99/><D111/><U96/><E71/><V123/><F123/><W26/><G124/><T51/><D127/><U91/><E67/><V101/><F125/><W34/><G70/><T55/><D72/><U114/><E114/><V66/><F32/><W41/><G34/><T61/><D79/><U0/><E0/><V95/><F129/><W35/><G35/><T83/><D83/><U116/><E116/><V48/><F104/><W94/><G106/><T113/><D113/><U131/><E131/><V58/><F81/><W62/><G107/><T64/><D28/><N who="1" m="17439" /><E75/><V3/><F101/><W27/><G82/><T44/><REACH who="0" step="1"/><D64/><REACH who="0" ten="223,325,320,102" step="2"/><U53/><E80/><V30/><F30/><W8/><G94/><T69/><D69/><U78/><E78/><V134/><F74/><W77/><G92/><T87/><D87/><U31/><E31/><V37/><F134/><W108/><G77/><T22/><D22/><U29/><E29/><V39/><F66/><W84/><G84/><T59/><AGARI ba="6,3" hai="10,13,17,36,40,44,51,55,59,61,63,99,100,105" machi="59" ten="20,2700,0" yaku="1,1,0,1,7,1,53,0" doraHai="19" doraHaiUra="88" who="0" fromWho="0" sc="223,75,325,-13,320,-13,102,-19" owari="298,-10.2,312,41.2,307,10.7,83,-41.7" /></mjloggm>