<mjloggm ver="2.3"><GO type="225" lobby="0"/><UN n0="%E6%80%AA%E3%81%97%E3%81%99%E3%81%8E%E3%82%8B%E3%83%81%E3%83%BC" n1="%E9%89%A2%E5%B7%BB%E3%82%AC%E3%83%96" n2="%E5%AF%82%E5%AF%9E%E3%82%AE%E3%83%8D%E3%82%B9%E3%83%93%E3%83%BC%E3%83%AB" n3="%72%61%6B%33" dan="16,16,16,18" rate="2127.88,2134.34,2142.69,2268.50" sx="M,M,M,M"/><TAIKYOKU oya="0"/><INIT seed="0,0,0,4,3,114" ten="250,250,250,250" oya="0" hai0="133,54,53,14,128,43,24,125,71,23,35,94,81" hai1="135,31,11,124,13,109,0,112,72,36,122,8,68" hai2="61,95,37,92,121,88,82,116,41,2,83,120,16" hai3="115,113,29,97,12,107,64,27,75,91,99,40,70"/><T90/><D71/><U10/><RYUUKYOKU type="yao9" ba="0,0" sc="250,0,250,0,250,0,250,0" hai1="0,8,10,11,13,31,36,68,72,109,112,122,124,135" /><INIT seed="0,1,0,3,2,70" ten="250,250,250,250" oya="0" hai0="23,20,124,28,68,91,92,54,21,40,49,10,128" hai1="103,31,2,19,26,86,37,115,117,55,84,3,11" hai2="63,78,38,48,116,51,73,59,24,87,25,132,36" hai3="95,1,29,4,6,76,134,69,113,61,88,131,32"/><T47/><D68/><U98/><E117/><V135/><F73/><W75/><G113/><T65/><D128/><U16/><E115/><V99/><F116/><W46/><G131/><T33/><D124/><U89/><E37/><N who="2" m="14443" /><F99/><W108/><G108/><T85/><D65/><U7/><E55/><N who="2" m="34303" /><F87/><W97/><G134/><N who="2" m="51241" /><F78/><W22/><G76/><T129/><D129/><U109/><E84/><V41/><F41/><W30/><G97/><T5/><D40/><U67/><E86/><V93/><F93/><W74/><G95/><T57/><D47/><U79/><E98/><V81/><F81/><W8/><G46/><T110/><D110/><U71/><E109/><V34/><F34/><W80/><G32/><T130/><D130/><U83/><E83/><V56/><F56/><W18/><G80/><T96/><D96/><U90/><E79/><V52/><F52/><W66/><G75/><T77/><D77/><U17/><E90/><V94/><F94/><W0/><G88/><T35/><REACH who="0" step="1"/><D28/><REACH who="0" ten="240,250,250,250" step="2"/><U82/><E31/><V12/><F12/><AGARI ba="1,1" hai="5,10,12,20,21,23,33,35,49,54,57,85,91,92" machi="12" ten="40,3900,0" yaku="1,1,2,1,53,0" doraHai="70" doraHaiUra="125" who="0" fromWho="2" sc="240,52,250,0,250,-42,250,0" /><INIT seed="0,2,0,0,5,133" ten="292,250,208,250" oya="0" hai0="82,12,118,2,49,69,132,52,63,71,97,107,36" hai1="120,96,95,9,123,6,25,128,33,99,45,106,86" hai2="48,89,57,40,51,55,74,101,119,92,29,64,116" hai3="102,35,38,130,13,65,46,94,81,83,56,60,11"/><T67/><D132/><U122/><E128/><V108/><F74/><W90/><G130/><T88/><D118/><N who="2" m="45098" /><F101/><W79/><G35/><T78/><D2/><U8/><E106/><V0/><F29/><W117/><G117/><T61/><D36/><U93/><E86/><V91/><F0/><W87/><G102/><T54/><D107/><U4/><E33/><V15/><F108/><W37/><G46/><T126/><D126/><U43/><E25/><V41/><F64/><W16/><REACH who="3" step="1"/><G83/><REACH who="3" ten="292,250,208,240" step="2"/><T72/><D82/><U27/><E122/><V125/><F125/><W24/><G24/><T66/><D72/><AGARI ba="2,1" hai="11,13,16,37,38,56,60,65,72,79,81,87,90,94" machi="72" ten="30,7700,0" yaku="1,1,7,1,54,1,53,1" doraHai="133" doraHaiUra="76" who="3" fromWho="0" sc="292,-83,250,0,208,0,240,93" /><INIT seed="1,0,0,2,0,107" ten="209,250,208,333" oya="1" hai0="126,112,64,82,91,47,114,109,41,62,119,6,117" hai1="125,135,2,99,61,66,127,22,131,9,105,72,25" hai2="74,128,18,75,118,37,79,86,5,13,11,0,111" hai3="44,40,103,59,89,35,70,33,28,10,49,132,116"/><U83/><E131/><V20/><F118/><N who="0" m="45066" /><D91/><U54/><E135/><V46/><F128/><W84/><G70/><N who="0" m="42263" /><D82/><U133/><E133/><V98/><F111/><W58/><G132/><T12/><D12/><U97/><E54/><V93/><F86/><W4/><G116/><T78/><D78/><U115/><E115/><N who="0" m="44073" /><D6/><U3/><E9/><V80/><F75/><W100/><G33/><T87/><D87/><U51/><E3/><V106/><F93/><W43/><G28/><T19/><D19/><U63/><E2/><V60/><F60/><W123/><G35/><T122/><D126/><N who="1" m="48139" /><E51/><V23/><F23/><W55/><G103/><T65/><D109/><U134/><E61/><V94/><F94/><W24/><G100/><T1/><D1/><U45/><E45/><V104/><F98/><W8/><G8/><T7/><D7/><U52/><E66/><V124/><F124/><W85/><G10/><T67/><D122/><U30/><E105/><V92/><F92/><W21/><G4/><T81/><D81/><U101/><E101/><V26/><F26/><W42/><G123/><T73/><D73/><U17/><E30/><V48/><F48/><AGARI ba="0,0" hai="41,47,48,65,67" m="44073,42263,45066" machi="48" ten="30,2000,0" yaku="34,2" doraHai="107" who="0" fromWho="2" sc="209,20,250,0,208,-20,333,0" /><INIT seed="2,0,0,3,4,24" ten="229,250,188,333" oya="2" hai0="132,95,105,127,55,102,61,66,114,100,72,32,11" hai1="80,106,110,41,49,121,117,79,65,40,130,56,82" hai2="103,50,92,10,90,64,4,77,44,45,86,33,42" hai3="7,70,98,14,48,75,74,17,60,135,104,126,29"/><V52/><F33/><W46/><G7/><T87/><D114/><U88/><E117/><V6/><F64/><W18/><G18/><T125/><D32/><U118/><E118/><V134/><F134/><W34/><G126/><N who="0" m="48139" /><D72/><U19/><E110/><V108/><F108/><W101/><G135/><T67/><D132/><U133/><E106/><V5/><F103/><N who="0" m="39466" /><D105/><U107/><E107/><V0/><REACH who="2" step="1"/><F77/><REACH who="2" ten="229,250,178,333" step="2"/><W38/><G34/><T129/><D129/><U57/><E65/><V27/><F27/><W111/><G101/><T89/><D11/><U83/><E79/><V115/><F115/><W94/><G111/><T99/><D99/><U84/><E133/><V59/><F59/><AGARI ba="0,1" hai="55,59,61,66,67,87,89,95" m="39466,48139" machi="59" ten="30,1000,0" yaku="18,1" doraHai="24" who="0" fromWho="2" sc="229,20,250,0,178,-10,333,0" /><INIT seed="3,0,0,4,1,118" ten="249,250,168,333" oya="3" hai0="5,6,23,45,105,16,84,11,55,87,50,110,120" hai1="1,125,25,0,74,72,131,17,8,49,117,57,127" hai2="133,69,135,38,42,70,115,114,67,4,44,96,122" hai3="56,129,116,48,104,52,43,39,77,2,78,32,107"/><W33/><G2/><T109/><D120/><U63/><E117/><V18/><F4/><N who="0" m="1642" /><D11/><U62/><E49/><V86/><F86/><W51/><G39/><T94/><D105/><U75/><E131/><V102/><F18/><W60/><G60/><N who="1" m="23082" /><E57/><V41/><F67/><W119/><G56/><T35/><D35/><U130/><E130/><V82/><F82/><W90/><G90/><T103/><D109/><U37/><E37/><N who="2" m="21551" /><F96/><W3/><G129/><T121/><D121/><U58/><E58/><V46/><F102/><W68/><G43/><T80/><D110/><U15/><E25/><V128/><F128/><W81/><G3/><T22/><D16/><U97/><E97/><V31/><F31/><W61/><G61/><T20/><D80/><U66/><E66/><V34/><F34/><W7/><G81/><T13/><D13/><U27/><E27/><V65/><F65/><W73/><G7/><T19/><D19/><U113/><E113/><N who="2" m="43019" /><F122/><W88/><G116/><T79/><D79/><U24/><E24/><V126/><F126/><AGARI ba="0,0" hai="0,1,8,15,17,72,74,75,125,126,127" m="23082" machi="126" ten="40,1300,0" yaku="18,1" doraHai="118" who="1" fromWho="2" sc="249,0,250,13,168,-13,333,0" owari="249,-15.1,263,6.3,155,-34.5,333,43.3" /></mjloggm>