<mjloggm ver="2.3"><GO type="225" lobby="0"/><UN n0="%E5%A4%9C%E3%81%AE%E3%82%AC%E3%82%B9%E3%83%91%E3%83%BC%E3%83%AB" n1="%E9%97%98%E5%B0%86%E3%81%A0%E3%82%93%E3%81%A7%E3%81%83" n2="%E8%BE%9B%E5%8F%A3%E3%82%AB%E3%83%AC%E3%83%BC%E3%83%A9%E3%82%A4%E3%82%B9" n3="%E3%81%86%E3%81%A9%E3%82%93%E3%81%93" dan="16,16,17,16" rate="2121.71,2139.01,2255.95,2158.85" sx="M,M,M,M"/><TAIKYOKU oya="0"/><INIT seed="0,0,0,2,0,74" ten="250,250,250,250" oya="0" hai0="68,98,55,67,48,62,82,13,104,3,2,80,111" hai1="31,121,84,42,50,70,79,32,122,40,4,125,97" hai2="33,37,127,81,113,52,89,119,91,47,36,18,134" hai3="75,44,128,72,118,110,27,78,54,61,130,112,92"/><T53/><BYE who="1" /><BYE who="3" /><D111/><UN n3="%E3%81%86%E3%81%A9%E3%82%93%E3%81%93" /><U86/><E86/><V124/><F113/><W11/><G112/><T46/><D55/><U21/><E21/><V66/><F33/><W60/><G110/><T15/><D15/><U88/><E88/><N who="2" m="33867" /><F134/><W9/><G92/><T14/><D14/><U73/><E73/><V99/><F99/><W59/><G118/><T135/><D135/><U76/><E76/><V8/><F66/><W101/><G101/><T7/><D13/><U131/><E131/><N who="3" m="50218" /><G44/><T26/><D26/><U69/><E69/><V12/><F81/><N who="3" m="45255" /><G75/><T25/><D82/><U90/><E90/><V23/><F8/><N who="3" m="3147" /><G27/><T28/><D80/><U107/><E107/><V114/><F114/><W45/><G45/><UN n1="%E9%97%98%E5%B0%86%E3%81%A0%E3%82%93%E3%81%A7%E3%81%83" /><T43/><D104/><U94/><E94/><V85/><F85/><W93/><G93/><T22/><D98/><U105/><E105/><V10/><F10/><W133/><G133/><T19/><D7/><U38/><E97/><V16/><F18/><W123/><G123/><T96/><D96/><U56/><E121/><V116/><F37/><W115/><G115/><T5/><D19/><U51/><E38/><V129/><F129/><W57/><G57/><N who="0" m="32935" /><D5/><U120/><E4/><V102/><F102/><W109/><G109/><T39/><AGARI ba="0,0" hai="2,3,22,25,28,39,43,46,62,67,68" m="32935" machi="39" ten="30,1500,0" yaku="24,1" doraHai="74" who="0" fromWho="0" sc="250,15,250,-5,250,-5,250,-5" /><INIT seed="0,1,0,3,1,9" ten="265,245,245,245" oya="0" hai0="71,109,122,62,104,78,11,8,10,77,33,1,24" hai1="83,41,86,17,12,37,26,51,52,111,134,46,44" hai2="48,53,106,117,34,2,29,118,19,49,73,76,13" hai3="5,72,102,4,79,107,43,25,59,85,126,135,114"/><T105/><D122/><U63/><E111/><V23/><F106/><W131/><G114/><T119/><D119/><N who="2" m="45578" /><F2/><W67/><G131/><T94/><D1/><U89/><E134/><V90/><F90/><W36/><G72/><T133/><D133/><U64/><E26/><N who="2" m="18743" /><F53/><W84/><G43/><T28/><D109/><U81/><E81/><AGARI ba="1,0" hai="13,19,23,48,49,73,76,81" m="18743,45578" machi="81" ten="30,2000,0" yaku="12,1,52,1" doraHai="9" who="2" fromWho="1" sc="265,0,245,-23,245,23,245,0" /><INIT seed="1,0,0,1,1,105" ten="265,222,268,245" oya="1" hai0="110,14,73,129,46,67,115,131,130,53,80,39,20" hai1="81,57,78,133,109,50,10,54,61,2,93,88,87" hai2="102,52,113,84,59,85,30,116,18,86,31,89,97" hai3="69,121,77,4,36,42,103,64,47,17,100,134,117"/><U35/><E133/><V41/><F116/><W43/><G117/><T98/><D115/><U28/><E109/><V51/><F113/><W135/><G121/><T112/><D112/><U12/><E2/><V114/><F114/><W19/><G4/><T79/><D110/><U120/><E120/><V16/><F41/><W15/><G43/><N who="0" m="22911" /><D67/><U72/><E28/><N who="2" m="10795" /><F102/><N who="3" m="38955" /><G77/><T56/><D98/><U33/><REACH who="1" step="1"/><E61/><REACH who="1" ten="265,212,268,245" step="2"/><V132/><F132/><W22/><G134/><T127/><D131/><U107/><E107/><V0/><F0/><W111/><G111/><T125/><D130/><U126/><E126/><V13/><F13/><W3/><G15/><T34/><D129/><U27/><E27/><V128/><F128/><W75/><G3/><T99/><D14/><U108/><E108/><V104/><F104/><W124/><G124/><T101/><D127/><U76/><E76/><V118/><F118/><W63/><G63/><T5/><D125/><U7/><AGARI ba="0,1" hai="7,10,12,33,35,50,54,57,72,78,81,87,88,93" machi="7" ten="20,12000,1" yaku="1,1,0,1,7,1,52,1,54,1,53,0" doraHai="105" doraHaiUra="40" who="1" fromWho="1" sc="265,-40,212,130,268,-40,245,-40" /><INIT seed="1,1,0,2,4,93" ten="225,342,228,205" oya="1" hai0="73,112,44,41,48,76,60,52,46,63,47,92,125" hai1="82,10,39,122,18,28,71,121,19,50,16,131,113" hai2="127,54,2,130,105,14,31,120,108,126,115,111,9" hai3="99,22,72,7,53,12,6,95,37,11,109,38,87"/><U56/><E71/><V90/><F105/><W4/><G72/><T96/><D112/><U75/><E39/><V29/><F90/><W5/><G109/><N who="2" m="42057" /><F54/><W43/><G87/><T78/><D125/><N who="2" m="47626" /><F115/><W97/><G22/><T85/><D73/><U69/><E69/><V64/><F64/><W61/><G43/><T89/><D41/><U135/><E113/><V23/><F120/><W32/><G32/><T104/><D104/><U66/><E66/><V36/><F36/><W51/><G61/><N who="0" m="23627" /><D85/><U88/><E56/><AGARI ba="1,0" hai="44,46,47,48,52,56,76,78,89,92,96" m="23627" machi="56" ten="30,3900,0" yaku="8,1,52,1,54,1" doraHai="93" who="0" fromWho="1" sc="225,42,342,-42,228,0,205,0" /><INIT seed="2,0,0,5,0,8" ten="267,300,228,205" oya="2" hai0="30,91,85,124,4,125,115,80,111,9,60,47,73" hai1="21,95,39,51,110,79,49,55,53,37,116,52,131" hai2="33,29,62,27,13,17,105,108,32,126,61,63,35" hai3="123,42,130,106,133,132,102,96,118,28,128,71,46"/><V19/><F105/><W87/><G71/><T88/><D115/><U81/><E116/><V11/><F126/><N who="0" m="48746" /><D111/><U0/><E0/><V14/><REACH who="2" step="1"/><F108/><REACH who="2" ten="267,300,218,205" step="2"/><W1/><G118/><T59/><D73/><U72/><E110/><V25/><F25/><W40/><G123/><T129/><D129/><N who="3" m="49769" /><G1/><N who="0" m="143" /><D30/><U70/><E72/><V16/><F16/><W58/><G28/><T89/><D47/><U65/><E131/><V117/><F117/><W3/><G3/><T57/><D57/><U93/><E70/><V20/><AGARI ba="0,1" hai="11,13,14,17,19,20,27,29,32,33,35,61,62,63" machi="20" ten="30,11700,0" yaku="1,1,0,1,52,2,53,0" doraHai="8" doraHaiUra="43" who="2" fromWho="2" sc="267,-39,300,-39,218,127,205,-39" /><INIT seed="2,1,0,5,0,82" ten="228,261,345,166" oya="2" hai0="9,112,8,41,35,102,38,30,67,51,45,3,49" hai1="16,69,6,53,26,56,120,50,115,7,101,55,135" hai2="4,80,86,36,105,131,91,63,133,64,20,25,125" hai3="113,85,33,39,103,32,100,129,127,58,61,134,42"/><V11/><F131/><W14/><G129/><T79/><D112/><U23/><E115/><V132/><F105/><W90/><G113/><T66/><D102/><U59/><E69/><V99/><F36/><W123/><G123/><T57/><D35/><U81/><E135/><N who="2" m="51787" /><F99/><W21/><G134/><T74/><D30/><U89/><E120/><V107/><F107/><W24/><G14/><T48/><D57/><U122/><E101/><V65/><F63/><W111/><G111/><T0/><D9/><U118/><E118/><V68/><F68/><W43/><G127/><T60/><D60/><N who="1" m="35855" /><E122/><V98/><F98/><W106/><G33/><T2/><D8/><U15/><E26/><V73/><F73/><W116/><G32/><T70/><D70/><U97/><E97/><V93/><F80/><W92/><G116/><T83/><AGARI ba="1,0" hai="0,2,3,38,41,45,48,49,51,66,67,74,79,83" machi="83" ten="40,1500,0" yaku="0,1" doraHai="82" who="0" fromWho="0" sc="228,18,261,-5,345,-8,166,-5" /><INIT seed="3,0,0,1,3,25" ten="246,256,337,161" oya="3" hai0="23,44,26,102,55,84,58,94,22,51,7,46,16" hai1="78,45,40,54,103,88,129,66,43,114,96,106,20" hai2="5,53,11,86,21,77,30,105,99,89,82,100,65" hai3="62,117,91,32,81,52,122,29,125,109,80,35,123"/><W76/><G117/><T60/><D7/><U19/><E114/><V133/><F65/><W38/><G125/><T48/><D48/><U70/><E78/><V34/><F34/><W68/><G38/><T31/><D102/><U108/><E108/><V57/><F133/><W104/><G109/><T61/><D61/><U74/><E74/><V115/><F115/><W110/><G110/><T79/><D79/><U50/><E129/><V118/><F118/><W9/><G104/><T4/><D4/><U75/><E75/><V128/><F128/><W36/><G36/><T87/><D94/><U15/><E70/><V134/><F134/><W10/><G91/><T92/><D92/><U17/><E66/><V12/><F21/><W126/><G126/><T93/><D93/><U135/><E135/><V2/><F30/><W111/><G111/><T69/><D69/><U14/><E88/><V121/><F121/><N who="3" m="46091" /><G68/><T63/><D63/><U73/><E73/><V113/><F113/><W24/><G35/><T18/><D18/><U119/><E119/><V120/><F120/><W33/><G33/><T132/><D132/><U67/><E67/><V59/><F77/><W95/><G95/><T41/><D46/><U127/><E127/><V37/><F37/><W71/><G71/><T3/><D3/><U56/><E45/><V98/><F2/><W0/><G0/><T39/><D39/><U6/><E6/><V13/><F105/><W131/><G131/><T72/><D72/><U64/><E64/><V116/><F116/><W42/><G42/><T97/><D97/><U47/><E47/><RYUUKYOKU ba="0,0" sc="246,15,256,15,337,-15,161,-15" hai0="16,22,23,26,31,41,44,51,55,58,60,84,87" hai1="14,15,17,19,20,40,43,50,54,56,96,103,106" owari="261,-13.9,271,7.1,322,42.2,146,-35.4" /></mjloggm>