<mjloggm ver="2.3"><GO type="225" lobby="0"/><UN n0="%E3%81%AF%E3%82%88%E3%81%8A%E3%81%98%E3%81%95%E3%82%93" n1="%E3%82%B5%E3%83%AB%E3%82%B7%E3%83%B3" n2="%E5%B8%86%E7%AB%8B%E5%A4%8F%E8%A1%A3" n3="%E3%81%99%E3%81%84%E3%81%BE%E3%81%9B%E3%83%BC%E3%82%93" dan="16,16,17,16" rate="2168.75,2098.97,2168.31,2144.46" sx="M,F,M,M"/><TAIKYOKU oya="0"/><INIT seed="0,0,0,3,5,27" ten="250,250,250,250" oya="0" hai0="28,11,34,48,92,108,8,49,96,84,21,14,130" hai1="33,46,111,0,113,132,135,121,18,19,51,75,62" hai2="47,38,125,102,114,3,61,122,66,95,58,131,4" hai3="78,127,39,24,64,54,124,37,115,80,99,88,16"/><T56/><D130/><U1/><E121/><V67/><F131/><W50/><G115/><T40/><D108/><U119/><E119/><V116/><F114/><W5/><G5/><T32/><D84/><U128/><E75/><V6/><F122/><W86/><G64/><T44/><D32/><U98/><E128/><V120/><F120/><W52/><G99/><T2/><D34/><U9/><E33/><V76/><F125/><N who="3" m="48203" /><G78/><T36/><D2/><U31/><E111/><V109/><F109/><W91/><G91/><T30/><D36/><N who="3" m="13897" /><G50/><T12/><D21/><AGARI ba="0,0" hai="16,21,24,52,54,80,86,88" m="13897,48203" machi="21" ten="30,7700,0" yaku="18,1,54,3" doraHai="27" who="3" fromWho="0" sc="250,-77,250,0,250,0,250,77" /><INIT seed="1,0,0,4,4,25" ten="173,250,250,327" oya="1" hai0="23,37,17,135,52,55,105,116,112,63,45,134,80" hai1="48,1,113,84,104,36,20,44,33,11,35,100,30" hai2="3,121,7,79,114,12,92,106,97,129,16,67,47" hai3="86,94,57,18,126,102,24,109,98,39,77,49,14"/><U26/><E36/><V53/><F121/><W101/><G109/><T81/><D116/><U50/><E113/><V41/><F129/><W120/><G126/><T122/><D112/><U71/><E71/><V4/><F114/><W85/><G39/><T66/><D105/><U59/><E59/><V87/><F106/><W58/><G24/><T131/><D23/><U56/><E56/><N who="3" m="21610" /><G49/><T2/><D2/><U103/><E50/><N who="2" m="26991" /><F53/><N who="0" m="20554" /><D17/><U88/><E104/><V32/><F67/><W115/><G115/><T27/><D27/><U110/><E110/><V19/><F32/><W89/><G120/><T111/><D81/><U93/><E35/><V10/><F3/><W62/><G62/><T91/><D91/><U82/><E82/><N who="2" m="47583" /><F19/><W21/><G77/><T40/><D80/><U61/><E61/><V123/><F123/><W54/><G54/><T38/><D122/><U72/><E72/><V70/><F70/><W22/><G22/><T119/><D111/><U118/><E118/><V128/><F128/><W130/><G130/><T83/><D83/><U96/><E33/><V74/><F74/><W73/><G73/><T125/><D119/><U99/><E1/><V107/><F107/><W31/><G102/><AGARI ba="0,0" hai="4,7,10,12,16,92,97,102" m="47583,26991" machi="102" ten="30,2000,0" yaku="8,1,54,1" doraHai="25" who="2" fromWho="3" sc="173,0,250,0,250,20,327,-20" /><INIT seed="2,0,0,1,4,23" ten="173,250,270,307" oya="2" hai0="67,117,123,128,68,21,3,22,5,101,72,94,129" hai1="42,104,17,71,52,36,60,63,58,87,77,125,73" hai2="45,102,31,95,131,50,97,133,54,88,29,120,96" hai3="12,135,116,91,78,122,83,15,89,46,32,44,134"/><V93/><F131/><N who="0" m="50250" /><D72/><U4/><E104/><V38/><F133/><N who="3" m="50699" /><G32/><T66/><D123/><U25/><E73/><V0/><F120/><W1/><G1/><T24/><D117/><U109/><E109/><V48/><F38/><W92/><G116/><T2/><D22/><N who="1" m="13519" /><E36/><V47/><REACH who="2" step="1"/><F0/><REACH who="2" ten="173,250,260,307" step="2"/><W39/><G122/><T124/><D2/><U28/><E125/><V79/><F79/><W113/><G39/><T59/><D3/><U98/><E77/><V106/><F106/><W62/><G78/><T80/><D124/><U118/><E118/><V64/><F64/><W57/><G113/><T55/><D67/><U37/><E37/><V105/><F105/><W107/><G107/><T27/><D66/><U103/><E71/><V130/><F130/><W74/><G74/><T26/><D68/><U114/><E114/><V76/><F76/><W11/><G83/><T53/><D80/><U111/><E111/><V18/><F18/><W61/><G92/><T84/><D5/><U82/><E82/><V75/><F75/><W100/><G91/><N who="0" m="53607" /><D101/><U8/><E103/><V7/><F7/><W20/><G100/><T10/><D10/><U40/><E8/><V30/><F30/><W35/><G11/><T43/><D21/><U69/><E69/><V108/><F108/><W51/><G20/><T33/><D33/><U119/><E4/><V132/><F132/><W127/><G35/><T112/><D112/><U115/><E115/><V126/><F126/><W34/><G34/><T121/><D121/><U41/><E119/><V19/><F19/><W49/><G127/><T56/><D43/><AGARI ba="0,1" hai="29,31,43,45,47,48,50,54,88,93,95,96,97,102" machi="43" ten="30,12000,1" yaku="1,1,6,1,7,1,8,1,54,1,53,0" doraHai="23" doraHaiUra="13" who="2" fromWho="0" sc="173,-120,250,0,260,130,307,0" /><INIT seed="2,1,0,0,1,20" ten="53,250,390,307" oya="2" hai0="59,35,47,118,83,91,132,33,82,133,98,99,19" hai1="41,55,107,46,52,117,84,27,92,97,56,54,126" hai2="34,0,110,106,78,129,21,45,9,40,90,109,4" hai3="130,114,72,49,93,6,69,113,73,123,22,131,77"/><V134/><F129/><N who="3" m="49163" /><G123/><T102/><D59/><U23/><E117/><V124/><F134/><W37/><G37/><T8/><D47/><U51/><E126/><V101/><F124/><W53/><G69/><T31/><D19/><U10/><E107/><V28/><F90/><W74/><G6/><T61/><D8/><U24/><E84/><V38/><F21/><W68/><G68/><T88/><D61/><N who="1" m="35975" /><E10/><V94/><F94/><W65/><G65/><T67/><D31/><N who="1" m="17823" /><E27/><N who="2" m="18719" /><F78/><W135/><G135/><T128/><D128/><U120/><E120/><V16/><F16/><W14/><G22/><T58/><D58/><U11/><E11/><V36/><F36/><W39/><G39/><T96/><D102/><AGARI ba="1,0" hai="41,46,51,54,55,92,97,102" m="17823,35975" machi="102" ten="30,3900,0" yaku="8,1,52,1,54,1" doraHai="20" who="1" fromWho="0" sc="53,-42,250,42,390,0,307,0" /><INIT seed="3,0,0,5,3,71" ten="11,292,390,307" oya="3" hai0="126,16,8,1,3,23,15,132,122,83,58,128,39" hai1="25,97,49,33,34,118,18,40,102,86,111,50,75" hai2="88,64,101,54,69,53,131,133,105,48,123,37,21" hai3="14,68,100,0,65,63,72,6,45,32,10,36,61"/><W108/><G32/><T27/><D122/><U114/><E75/><V96/><F131/><W85/><G72/><T76/><D128/><U22/><E114/><V107/><F133/><W80/><G108/><T60/><D132/><U57/><E118/><V12/><F123/><W52/><G100/><T29/><D126/><U5/><E111/><V13/><F37/><W98/><G98/><T44/><D44/><U116/><E116/><V41/><F107/><W35/><G35/><T28/><D1/><U124/><E124/><V103/><F69/><W87/><G0/><T62/><D3/><U92/><E5/><V127/><F64/><W24/><G24/><T115/><D115/><U91/><E50/><V79/><F79/><W90/><G87/><T113/><D113/><U66/><E40/><V129/><F129/><W77/><G77/><T20/><D39/><U26/><E26/><V89/><F127/><W95/><G80/><T55/><D23/><U130/><E130/><V78/><F78/><W17/><G6/><T46/><D46/><U70/><E70/><V110/><F110/><W117/><G117/><T135/><D135/><U125/><E125/><V4/><F103/><W7/><G7/><T106/><D106/><U43/><E43/><V99/><F99/><W119/><G119/><T9/><D62/><N who="1" m="38223" /><E49/><V11/><F41/><N who="3" m="22695" /><G61/><T2/><D2/><U73/><E73/><V67/><F48/><W112/><G112/><T120/><D120/><U42/><E42/><V121/><F121/><W74/><G74/><N who="0" m="43415" /><D28/><U93/><E34/><V134/><F134/><W56/><G68/><RYUUKYOKU ba="0,0" sc="11,10,292,10,390,-30,307,10" hai0="8,9,15,16,20,27,29,55,58,60" hai1="18,22,25,33,86,91,92,93,97,102" hai3="10,14,17,52,56,63,65,85,90,95" /><INIT seed="3,1,0,0,0,9" ten="21,302,360,317" oya="3" hai0="21,85,129,86,60,5,29,23,133,31,16,6,15" hai1="50,109,39,132,58,55,52,90,93,115,126,56,119" hai2="28,70,89,74,131,71,35,13,99,116,43,32,103" hai3="34,36,95,123,37,49,8,20,0,69,44,72,78"/><W124/><G123/><T57/><D129/><U108/><E115/><V121/><F116/><W79/><G34/><T111/><D111/><N who="1" m="42571" /><E119/><V45/><F121/><W106/><G106/><T128/><D133/><U33/><E132/><V117/><F117/><W12/><G69/><N who="2" m="26121" /><F13/><W64/><G64/><T100/><D128/><U38/><E33/><V107/><F89/><W14/><G124/><T75/><D75/><U25/><E126/><V84/><F84/><W101/><G72/><T46/><D100/><U113/><E25/><V11/><F131/><W134/><G134/><T98/><D98/><N who="1" m="57655" /><E113/><V135/><F135/><W22/><G0/><T82/><D46/><U61/><AGARI ba="1,0" hai="38,39,50,52,55,56,58,61" m="57655,42571" machi="61" ten="30,2000,0" yaku="14,1,54,1" doraHai="9" who="1" fromWho="1" sc="21,-6,302,23,360,-6,317,-11" owari="15,-48.5,325,12.5,354,45.4,306,-9.4" /></mjloggm>