<mjloggm ver="2.3"><GO type="225" lobby="0"/><UN n0="%E7%89%B9%E6%9D%B1%E3%81%AF%E4%B8%96%E7%95%8C%E3%82%92%E6%95%91%E3%81%86" n1="%E4%BE%BF%E6%89%80" n2="%E5%A4%8F%E9%88%B4%E9%88%B4%E5%A4%8F" n3="%E5%8F%AF%E5%85%90%E9%82%A3%E7%94%B1%E5%A4%9A" dan="16,16,16,17" rate="2103.92,2082.01,2119.59,2246.19" sx="M,M,M,F"/><TAIKYOKU oya="0"/><INIT seed="0,0,0,5,0,79" ten="250,250,250,250" oya="0" hai0="8,58,88,102,131,17,98,120,11,56,39,134,49" hai1="53,68,89,14,115,34,135,37,7,106,117,16,67" hai2="129,74,100,113,80,33,107,122,123,75,92,132,41" hai3="50,110,25,121,27,99,65,83,87,114,66,119,86"/><T18/><D120/><N who="2" m="46122" /><F41/><W104/><G121/><T127/><D39/><U26/><E117/><V111/><F33/><W55/><G119/><T30/><D131/><U109/><E37/><V97/><F129/><W31/><G114/><T54/><D134/><U48/><E135/><V32/><F32/><W10/><G110/><T62/><D127/><U94/><E109/><V47/><F47/><W91/><G10/><T63/><D30/><U105/><E115/><V44/><F44/><W23/><G25/><T108/><D108/><U15/><E67/><V51/><F51/><W103/><REACH who="3" step="1"/><G87/><REACH who="3" ten="250,250,250,240" step="2"/><T77/><D11/><U126/><E126/><V72/><F111/><W59/><AGARI ba="0,1" hai="23,27,31,50,55,59,65,66,83,86,91,99,103,104" machi="59" ten="20,12000,2" yaku="1,1,2,1,0,1,7,1,52,1,53,1" doraHai="79" doraHaiUra="82" who="3" fromWho="3" sc="250,-60,250,-30,250,-30,240,130" /><INIT seed="1,0,0,5,0,121" ten="190,220,220,370" oya="1" hai0="130,134,37,4,79,53,0,32,26,114,18,128,118" hai1="55,71,111,112,123,8,40,10,13,120,67,82,17" hai2="90,45,2,62,70,27,75,104,1,56,54,61,65" hai3="15,42,11,117,69,106,132,6,48,5,131,23,59"/><U22/><E112/><V9/><F104/><W96/><G69/><T100/><D37/><U52/><E40/><V73/><F90/><W3/><G131/><N who="0" m="50219" /><D79/><U51/><E120/><V30/><F45/><W125/><G125/><T72/><D72/><U19/><E123/><V103/><F103/><W107/><G132/><T31/><D100/><U113/><E113/><V39/><F39/><W97/><G117/><T74/><D74/><U43/><E111/><V119/><F119/><W41/><G23/><T12/><D53/><U93/><E82/><V92/><F92/><W28/><G28/><T16/><D114/><U110/><E110/><V85/><F85/><W91/><G59/><T47/><D47/><U81/><E81/><V63/><F1/><W36/><G48/><T33/><D118/><U14/><E93/><V102/><F102/><W35/><G35/><N who="0" m="20983" /><D134/><U34/><E34/><N who="0" m="13417" /><D0/><U83/><E83/><V124/><F63/><W25/><G36/><T99/><D99/><U108/><E108/><V94/><F94/><N who="3" m="56415" /><G97/><T7/><D18/><U109/><E109/><V50/><F62/><W116/><G116/><T89/><D89/><U77/><E77/><V38/><F38/><W105/><G42/><T115/><D115/><U76/><E76/><V122/><F122/><W88/><G41/><T68/><D68/><U44/><E71/><V84/><F70/><W87/><G88/><T20/><AGARI ba="0,0" hai="4,7,12,16,20" m="13417,20983,50219" machi="20" ten="30,7900,0" yaku="19,1,34,2,54,1" doraHai="121" who="0" fromWho="0" sc="190,79,220,-39,220,-20,370,-20" /><INIT seed="2,0,0,1,0,115" ten="269,181,200,350" oya="2" hai0="95,30,33,41,129,111,70,124,112,96,37,7,86" hai1="134,100,69,125,35,101,84,83,99,17,103,98,18" hai2="93,31,130,94,53,23,13,14,122,2,12,47,32" hai3="65,16,135,72,3,123,117,40,29,82,66,90,77"/><V102/><F122/><W74/><G123/><T6/><D112/><U61/><E35/><V78/><F130/><W51/><G3/><T46/><D70/><U44/><E125/><V34/><F2/><W76/><G135/><T11/><D124/><U121/><E121/><V110/><F78/><W67/><G29/><T132/><D132/><U42/><E134/><V28/><F110/><W64/><G64/><T73/><D73/><U10/><E61/><V75/><F75/><W68/><G117/><T71/><D71/><U104/><E69/><V113/><F113/><W60/><G90/><T92/><D11/><U4/><E103/><V0/><F0/><W56/><G16/><T55/><D55/><U43/><E98/><V88/><F94/><W91/><G91/><N who="0" m="53367" /><D129/><U81/><E101/><V25/><F102/><W107/><G107/><T114/><D111/><U21/><E21/><V85/><REACH who="2" step="1"/><F31/><REACH who="2" ten="269,181,190,350" step="2"/><W118/><G68/><T9/><D30/><U22/><E81/><V8/><F8/><W80/><G118/><T62/><D9/><U109/><E109/><V50/><AGARI ba="0,1" hai="12,13,14,23,25,28,32,34,47,50,53,85,88,93" machi="50" ten="30,6000,0" yaku="1,1,0,1,54,1,53,0" doraHai="115" doraHaiUra="120" who="2" fromWho="2" sc="269,-20,181,-20,190,70,350,-20" /><INIT seed="2,1,0,5,5,119" ten="249,161,260,330" oya="2" hai0="1,78,79,83,134,41,131,114,85,97,135,14,125" hai1="5,124,13,15,102,126,84,92,130,103,88,26,105" hai2="112,22,17,48,117,82,104,52,9,25,27,0,29" hai3="50,108,73,93,120,98,72,44,40,36,8,86,71"/><V94/><F117/><W106/><G120/><T37/><D1/><U116/><E116/><V67/><F104/><W118/><G118/><T35/><D35/><U4/><E26/><V53/><F112/><W65/><G108/><T42/><D114/><U58/><E58/><V64/><F82/><W49/><G106/><T101/><D131/><U66/><E66/><V6/><F94/><W113/><G113/><T115/><D115/><U68/><E68/><V32/><REACH who="2" step="1"/><F53/><REACH who="2" ten="249,161,250,330" step="2"/><W89/><G93/><T69/><D83/><U7/><E130/><V87/><F87/><W2/><G86/><T31/><D85/><U81/><E81/><V60/><F60/><W74/><G74/><T16/><D135/><U95/><E105/><V3/><F3/><W23/><G2/><T47/><D134/><U20/><E95/><V19/><F19/><W70/><G73/><T45/><D16/><N who="1" m="10255" /><E15/><V75/><F75/><W62/><G72/><T56/><D14/><U24/><E24/><V127/><F127/><AGARI ba="1,1" hai="4,5,7,84,88,92,102,103,124,126,127" m="10255" machi="127" ten="30,3900,0" yaku="18,1,54,2" doraHai="119" who="1" fromWho="2" sc="249,0,161,52,250,-42,330,0" /><INIT seed="3,0,0,4,4,91" ten="249,213,208,330" oya="3" hai0="2,8,109,92,4,132,85,84,101,112,71,44,82" hai1="63,48,42,110,1,39,120,37,74,69,118,117,14" hai2="115,13,67,32,122,52,64,28,113,19,26,77,47" hai3="90,57,107,33,103,133,121,68,106,66,55,25,125"/><W95/><G121/><T61/><D109/><U58/><E120/><V75/><F122/><W20/><G33/><T108/><D108/><U102/><E110/><V18/><F18/><W24/><G133/><T56/><D132/><U60/><E1/><V59/><F47/><W12/><G125/><T46/><D71/><U62/><E74/><V72/><F64/><W43/><G43/><T88/><D112/><U134/><E134/><V89/><F67/><W116/><G116/><N who="1" m="44650" /><E69/><V31/><F31/><W38/><G38/><T36/><D36/><U3/><E3/><V80/><F89/><W41/><G41/><T0/><D0/><U135/><E135/><V23/><REACH who="2" step="1"/><F72/><REACH who="2" ten="249,213,198,330" step="2"/><W105/><G66/><T119/><D119/><U5/><E102/><V30/><F30/><W97/><G103/><T22/><D101/><U73/><E73/><V131/><F131/><W17/><REACH who="3" step="1"/><G68/><REACH who="3" ten="249,213,198,320" step="2"/><T49/><D46/><N who="1" m="25687" /><E58/><V10/><F10/><AGARI ba="0,2" hai="5,10,14,37,39,60,62,63" m="25687,44650" machi="10" ten="30,1000,0" yaku="12,1" doraHai="91" who="1" fromWho="2" sc="249,0,213,30,198,-10,320,0" owari="249,4.9,243,-15.7,188,-31.2,320,42.0" /></mjloggm>