<mjloggm ver="2.3"><GO type="225" lobby="0"/><UN n0="%6D%75%75%73%61%6E%6D%75" n1="%E5%AD%90%E4%BE%9B%E4%BC%9A%E5%93%A1" n2="%72%69%6F%75%63%68%61%6E" n3="%61%74%73%75%74%6F%64%6F" dan="17,17,16,16" rate="2137.24,2116.79,2146.50,2072.81" sx="M,M,M,M"/><TAIKYOKU oya="0"/><INIT seed="0,0,0,4,4,66" ten="250,250,250,250" oya="0" hai0="29,101,7,88,16,48,43,107,134,59,35,11,1" hai1="116,6,118,95,97,80,109,83,8,33,81,12,76" hai2="31,67,68,18,14,13,23,75,90,102,113,53,3" hai3="27,133,130,71,32,10,72,65,44,78,114,15,129"/><T79/><D134/><U100/><E109/><V85/><F113/><W46/><G114/><T128/><D128/><N who="3" m="49257" /><G78/><T84/><D35/><U5/><E33/><V124/><F124/><W38/><G72/><T74/><D74/><U106/><E76/><V87/><F75/><W132/><G32/><T0/><D29/><U112/><E112/><V37/><F37/><W120/><G27/><T123/><D123/><U40/><E40/><V22/><F3/><W30/><G30/><T73/><D73/><U28/><E28/><V25/><F102/><W42/><G120/><T108/><D108/><U111/><E111/><V82/><F53/><W20/><G20/><T91/><D1/><U60/><E5/><V58/><F87/><W77/><G77/><T36/><D36/><U135/><E135/><V117/><F117/><W86/><G86/><T127/><D127/><U115/><E115/><V94/><F68/><W26/><G26/><T96/><D16/><U99/><REACH who="1" step="1"/><E60/><REACH who="1" ten="250,240,250,250" step="2"/><N who="2" m="38295" /><F13/><W92/><G133/><T54/><REACH who="0" step="1"/><D43/><REACH who="0" ten="240,240,250,250" step="2"/><U125/><E125/><V19/><F31/><W50/><G132/><T47/><D47/><U45/><E45/><V52/><F19/><N who="3" m="8695" /><G46/><T69/><D69/><U57/><E57/><V119/><F18/><W17/><G17/><T49/><D49/><U122/><E122/><V62/><F14/><W63/><G38/><T103/><D103/><AGARI ba="0,2" hai="6,8,12,80,81,83,95,97,99,100,103,106,116,118" machi="103" ten="40,5200,0" yaku="1,1,53,2" doraHai="66" doraHaiUra="98" who="1" fromWho="0" sc="240,-52,240,72,250,0,250,0" /><INIT seed="1,0,0,2,4,134" ten="188,312,250,250" oya="1" hai0="80,0,95,34,87,109,47,132,131,67,39,12,58" hai1="115,89,20,102,85,55,114,45,8,21,72,70,105" hai2="82,4,71,35,44,62,96,54,74,15,108,5,121" hai3="17,30,111,128,25,73,52,48,36,63,135,28,75"/><U106/><E70/><V13/><F121/><W79/><G36/><T46/><D0/><U78/><E78/><V64/><F108/><W133/><G111/><T53/><D109/><U3/><E72/><V41/><F35/><W22/><G63/><T117/><D117/><U26/><E3/><V103/><F54/><W2/><G2/><T97/><D34/><U60/><E8/><V110/><F110/><W92/><G92/><T32/><D32/><U112/><E102/><V23/><F74/><N who="3" m="28171" /><G79/><T42/><D132/><N who="3" m="50761" /><G128/><T84/><D131/><U94/><E21/><V129/><F82/><W68/><G68/><T6/><D67/><U125/><E60/><V124/><F129/><W127/><G127/><T57/><D42/><U81/><E125/><V77/><F124/><W118/><G118/><T83/><D39/><U120/><E94/><V50/><F77/><W107/><G107/><T18/><D83/><U101/><E101/><V33/><F33/><W29/><G28/><T65/><D65/><U1/><E1/><V37/><F37/><W16/><G29/><T24/><D84/><U100/><E100/><V116/><F116/><W113/><G113/><T59/><D53/><U10/><E106/><V90/><F103/><W76/><G76/><N who="0" m="46471" /><D97/><U19/><E105/><V7/><F23/><W69/><G69/><T11/><D95/><U123/><REACH who="1" step="1"/><E10/><REACH who="1" ten="188,302,250,250" step="2"/><V122/><F122/><W104/><G104/><T56/><N who="0" m="14336" /><DORA hai="66" /><T98/><D98/><U130/><E130/><V88/><F96/><W27/><G27/><T14/><D24/><U126/><E126/><V43/><F71/><RYUUKYOKU ba="0,1" sc="188,10,302,10,250,-30,250,10" hai0="6,11,12,14,18,46,47" hai1="19,20,26,45,55,81,85,89,112,114,115,120,123" hai3="16,17,22,25,30,48,52" /><INIT seed="1,1,1,5,0,7" ten="198,312,220,260" oya="1" hai0="107,129,24,15,117,55,101,81,92,97,105,120,133" hai1="121,65,9,78,113,46,49,68,84,27,52,94,64" hai2="93,20,60,0,132,76,39,73,54,2,59,80,72" hai3="14,16,29,43,122,70,111,95,104,63,22,25,123"/><U134/><E121/><V79/><F132/><W53/><G104/><T90/><D117/><U109/><E113/><V19/><F39/><W103/><G111/><T51/><D120/><U1/><E134/><V10/><F93/><W50/><G43/><T71/><D133/><U116/><E116/><V102/><F102/><W119/><G119/><T34/><D71/><U6/><E109/><V12/><REACH who="2" step="1"/><F20/><REACH who="2" ten="198,312,210,260" step="2"/><W18/><G103/><T125/><D105/><U5/><E94/><V86/><F86/><W114/><G95/><T13/><D107/><U40/><E84/><V135/><F135/><W21/><G114/><T28/><D101/><U110/><E110/><V23/><F23/><W4/><G123/><T62/><D81/><AGARI ba="1,2" hai="0,2,10,12,19,54,59,60,72,73,76,79,80,81" machi="81" ten="40,5200,0" yaku="1,1,9,1,52,1,53,0" doraHai="7" doraHaiUra="124" who="2" fromWho="0" sc="198,-55,312,0,210,75,260,0" /><INIT seed="2,0,0,4,0,8" ten="143,312,285,260" oya="2" hai0="133,94,85,129,48,104,15,108,61,106,23,63,6" hai1="135,56,70,118,121,34,74,46,24,65,76,90,88" hai2="14,27,101,122,21,112,10,82,93,113,114,11,12" hai3="41,58,72,22,51,75,125,19,119,31,16,5,96"/><V107/><F107/><W20/><G119/><T78/><D108/><U99/><E118/><V95/><F101/><W123/><G123/><T29/><D129/><U117/><E117/><V37/><F37/><W30/><G5/><T9/><D133/><U32/><E70/><V131/><F82/><W116/><G116/><T79/><D104/><U57/><E135/><V98/><F122/><W100/><G125/><T25/><D106/><U81/><E121/><V84/><F84/><W87/><G87/><T62/><REACH who="0" step="1"/><D48/><REACH who="0" ten="133,312,285,260" step="2"/><U86/><E34/><V40/><F131/><W68/><G51/><T2/><D2/><U120/><E120/><V110/><F110/><W60/><G75/><T55/><D55/><U49/><E74/><V3/><F3/><W127/><G72/><T103/><D103/><U105/><E105/><V42/><F114/><W36/><G100/><T33/><D33/><U45/><E32/><V64/><F113/><W71/><G36/><T1/><D1/><U28/><E49/><V53/><F53/><W18/><G41/><T128/><D128/><U54/><E54/><V26/><F112/><W66/><G127/><T47/><D47/><U102/><E45/><V52/><F52/><W44/><G44/><T39/><D39/><U0/><E46/><V83/><F40/><W35/><G35/><T43/><D43/><U38/><E0/><V17/><F42/><W73/><G73/><T130/><D130/><U92/><E38/><V59/><F64/><W89/><G66/><T13/><D13/><U91/><E65/><V132/><F132/><W124/><G124/><RYUUKYOKU ba="0,1" sc="133,15,312,15,285,-15,260,-15" hai0="6,9,15,23,25,29,61,62,63,78,79,85,94" hai1="24,28,56,57,76,81,86,88,90,91,92,99,102" /><INIT seed="3,1,1,0,2,119" ten="148,327,270,245" oya="3" hai0="58,126,88,129,70,105,82,108,34,95,40,47,77" hai1="131,110,133,42,12,103,113,24,97,8,54,14,7" hai2="135,11,106,79,65,33,83,117,22,111,43,59,1" hai3="104,130,36,37,84,6,85,23,109,44,127,57,62"/><W52/><G104/><T74/><D70/><U115/><E42/><V13/><F117/><W45/><G6/><T29/><D108/><U61/><E110/><V112/><F112/><W5/><G109/><T102/><D126/><U134/><E24/><V41/><F111/><W120/><G120/><T25/><D129/><U9/><E131/><V125/><F33/><W118/><G118/><T53/><D105/><N who="1" m="63727" /><E54/><V16/><F135/><N who="1" m="51721" /><E61/><V101/><F125/><W73/><G73/><T96/><D102/><U19/><AGARI ba="1,1" hai="7,8,9,12,14,19,113,115" m="51721,63727" machi="19" ten="30,1100,0" yaku="20,1" doraHai="119" who="1" fromWho="1" sc="148,-4,327,24,270,-4,245,-6" owari="144,-35.6,351,45.1,266,6.6,239,-16.1" /></mjloggm>