<mjloggm ver="2.3"><GO type="225" lobby="0"/><UN n0="%E6%B0%B7%E5%B7%9D%E9%87%8C%E5%A5%88" n1="%E3%83%89%E3%83%A9%E3%81%8F%E3%82%8C" n2="%E3%81%A8%E3%82%93%E3%81%A8%E3%81%93%E3%81%A8%E3%82%93" n3="%E3%81%B5%E3%81%98%E3%81%8B%E3%81%A4" dan="16,16,16,16" rate="2092.35,2143.18,2112.42,2157.47" sx="F,M,F,M"/><TAIKYOKU oya="0"/><INIT seed="0,0,0,1,2,123" ten="250,250,250,250" oya="0" hai0="127,132,5,84,23,86,116,17,120,33,62,11,67" hai1="95,101,99,129,80,88,14,90,18,106,117,21,103" hai2="82,125,76,9,87,57,65,44,43,7,107,37,102" hai3="26,4,2,49,77,105,74,104,40,96,25,3,97"/><T114/><D120/><U94/><E117/><V48/><F125/><W15/><G74/><T124/><D116/><U54/><E129/><V64/><F37/><W109/><G77/><T20/><D33/><U30/><E80/><V134/><F57/><W110/><G40/><T69/><D114/><U126/><E126/><N who="0" m="48169" /><D132/><U130/><E130/><V41/><F41/><W19/><G49/><T81/><D17/><U98/><E106/><N who="3" m="41066" /><G4/><T131/><D131/><U42/><E42/><V29/><F29/><W85/><G85/><N who="0" m="32875" /><D81/><U111/><E111/><N who="3" m="42506" /><G96/><T60/><D60/><U122/><E122/><V89/><F134/><W0/><G97/><T52/><D52/><U8/><E54/><V73/><F107/><W6/><G6/><T59/><D69/><U61/><E61/><V12/><F102/><W128/><G128/><T36/><D36/><U93/><E93/><AGARI ba="0,0" hai="7,9,12,43,44,48,64,65,73,76,82,87,89,93" machi="93" ten="30,1000,0" yaku="7,1" doraHai="123" who="2" fromWho="1" sc="250,0,250,-10,250,10,250,0" /><INIT seed="1,0,0,2,4,78" ten="250,240,260,250" oya="1" hai0="109,47,53,135,128,27,81,86,0,77,93,118,89" hai1="37,94,116,25,43,15,62,69,45,122,60,79,64" hai2="36,18,23,132,98,34,91,85,102,51,66,67,56" hai3="120,113,105,72,28,111,21,95,88,40,3,13,48"/><U71/><E116/><V110/><F36/><W11/><G113/><T70/><D118/><U101/><E122/><V19/><F34/><W17/><G120/><T121/><D121/><U107/><E94/><N who="2" m="58711" /><F110/><W58/><G111/><T32/><D109/><U24/><E15/><N who="2" m="9695" /><F19/><W119/><G105/><T10/><D70/><U12/><E12/><V59/><F132/><W123/><G119/><T35/><D135/><U49/><E79/><V82/><F51/><W75/><G123/><T97/><D128/><U117/><E117/><V103/><F103/><W30/><G30/><T16/><D0/><U55/><E101/><V5/><F5/><W126/><G126/><T41/><D53/><U54/><E107/><V22/><F22/><W31/><G3/><T125/><D125/><U115/><E115/><V57/><AGARI ba="0,0" hai="56,57,59,66,67,82,85,91" m="9695,58711" machi="57" ten="30,2000,0" yaku="8,1,52,1" doraHai="78" who="2" fromWho="2" sc="250,-5,240,-10,260,20,250,-5" /><INIT seed="2,0,0,4,2,74" ten="245,230,280,245" oya="2" hai0="47,60,54,129,10,120,91,23,70,52,116,75,121" hai1="50,101,66,81,82,111,113,117,32,36,79,5,124" hai2="42,80,13,132,131,41,104,33,44,103,31,114,93" hai3="127,27,40,97,61,51,28,4,76,12,135,77,2"/><V95/><F114/><W72/><G2/><T102/><D102/><U94/><E113/><V53/><F131/><W69/><G72/><T115/><D115/><U0/><E117/><V17/><F104/><W119/><G119/><T78/><D116/><U126/><E36/><V96/><F132/><W112/><G135/><T86/><D129/><U43/><E32/><V67/><F67/><W48/><G112/><T14/><D23/><U99/><E111/><V8/><F33/><W98/><G69/><T58/><D70/><U90/><E66/><V7/><F31/><W83/><G61/><T68/><D68/><U3/><E82/><V64/><F64/><W22/><G83/><T105/><D105/><U71/><E71/><V108/><F108/><W106/><G106/><T57/><D47/><N who="1" m="25983" /><E101/><V65/><F65/><W134/><G134/><T89/><D75/><N who="1" m="43263" /><E5/><V37/><F42/><W6/><G127/><AGARI ba="0,0" hai="0,3,90,94,99,124,126,127" m="43263,25983" machi="127" ten="30,2000,0" yaku="18,1,52,1" doraHai="74" who="1" fromWho="3" sc="245,0,230,20,280,0,245,-20" /><INIT seed="3,0,0,0,1,20" ten="245,250,280,225" oya="3" hai0="52,107,50,4,63,34,38,12,118,26,123,101,73" hai1="102,33,113,37,42,80,91,15,135,79,121,1,47" hai2="92,112,75,97,60,86,130,7,61,119,104,89,43" hai3="109,25,11,88,54,45,87,117,6,90,124,95,82"/><W8/><G117/><T77/><D123/><U131/><E121/><V51/><F112/><W44/><G124/><T58/><D38/><U103/><E113/><V32/><F119/><W115/><G115/><T71/><D118/><U100/><E1/><V128/><F32/><W111/><G54/><T14/><D73/><U134/><E131/><N who="2" m="50219" /><F75/><W53/><G53/><T116/><D77/><U67/><E67/><V21/><F7/><W13/><G11/><T96/><D4/><U22/><E33/><V5/><F5/><W98/><REACH who="3" step="1"/><G25/><REACH who="3" ten="245,250,280,215" step="2"/><T125/><D125/><U114/><E114/><V85/><F21/><W56/><G56/><T64/><D116/><U83/><E22/><V81/><F104/><W122/><G122/><T106/><D106/><U23/><E23/><V68/><F68/><W99/><G99/><T65/><D65/><U70/><E70/><V49/><F97/><W18/><G18/><T74/><D74/><U10/><E10/><V66/><F66/><W72/><G72/><T57/><D58/><U94/><E94/><V41/><F92/><W36/><G36/><T16/><D16/><U126/><E126/><V30/><F30/><AGARI ba="0,1" hai="12,14,26,30,34,50,52,57,63,64,71,96,101,107" machi="30" ten="40,8000,1" yaku="25,2,52,1,54,1" doraHai="20" who="0" fromWho="2" sc="245,90,250,0,280,-80,215,0" owari="335,43.5,250,5.0,200,-30.0,215,-18.5" /></mjloggm>