<mjloggm ver="2.3"><GO type="225" lobby="0"/><UN n0="%72%65%6E%6B%75%6E" n1="%E6%9D%B1%E9%A2%A8%E3%81%AE%E3%81%8D%E3%82%83%E3%81%B7%E3%81%95%E3%82%93" n2="%E5%A4%9C%E5%85%89%E5%A4%A9%E6%A5%BC" n3="%E6%B4%BE%E9%81%A3%E3%81%AE%E3%82%B8%E3%83%A3%E3%83%83%E3%82%AF" dan="17,17,16,17" rate="2192.84,2196.81,2136.78,2213.62" sx="M,M,F,M"/><TAIKYOKU oya="0"/><INIT seed="0,0,0,4,3,109" ten="250,250,250,250" oya="0" hai0="52,28,97,76,127,83,36,135,44,72,33,111,50" hai1="60,48,124,88,78,2,0,82,95,8,59,102,107" hai2="49,80,93,14,16,34,41,100,121,77,62,128,57" hai3="120,29,54,38,134,26,51,19,6,104,92,27,133"/><T75/><D127/><U13/><E48/><V64/><F34/><W46/><G104/><T103/><D135/><N who="3" m="51721" /><G120/><T113/><D111/><U66/><E124/><V89/><F128/><W55/><G6/><T70/><D70/><U115/><E102/><V42/><F100/><W69/><G69/><T56/><D113/><U87/><E107/><V132/><F121/><W39/><G92/><T24/><D36/><U114/><E13/><V117/><F117/><W35/><G54/><T7/><D7/><U85/><REACH who="1" step="1"/><E8/><REACH who="1" ten="250,240,250,250" step="2"/><N who="2" m="6215" /><F49/><W23/><AGARI ba="0,1" hai="19,23,26,27,29,35,38,39,46,51,55" m="51721" machi="23" ten="30,1100,0" yaku="20,1" doraHai="109" who="3" fromWho="3" sc="250,-5,240,-3,250,-3,250,21" /><INIT seed="1,0,0,1,0,134" ten="245,237,247,271" oya="1" hai0="51,110,31,117,2,104,32,101,71,65,16,131,30" hai1="72,81,23,45,115,60,9,19,67,82,97,120,12" hai2="64,46,80,59,41,92,49,17,73,135,83,52,124" hai3="93,95,57,90,55,43,99,38,42,125,85,50,22"/><U29/><E120/><V44/><F135/><W105/><G105/><T3/><D117/><U27/><E115/><V129/><F129/><W75/><G75/><T123/><D131/><U132/><E132/><V63/><F73/><W89/><G38/><T37/><D123/><U4/><E45/><V6/><F124/><W20/><G125/><T26/><D31/><U53/><E53/><V40/><F6/><W74/><G74/><T109/><D37/><U1/><E97/><V126/><F126/><W11/><G11/><T62/><D51/><U88/><E72/><V122/><F122/><W102/><G102/><T47/><D47/><U56/><REACH who="1" step="1"/><E88/><REACH who="1" ten="245,227,247,271" step="2"/><V10/><F46/><N who="3" m="25951" /><G42/><T48/><D109/><U111/><E111/><V28/><F41/><W130/><G130/><T18/><D110/><U21/><AGARI ba="0,1" hai="1,4,9,12,19,21,23,27,29,56,60,67,81,82" machi="21" ten="20,7800,0" yaku="1,1,0,1,7,1,53,1" doraHai="134" doraHaiUra="33" who="1" fromWho="1" sc="245,-26,227,88,247,-26,271,-26" /><INIT seed="1,1,0,1,5,8" ten="219,315,221,245" oya="1" hai0="62,10,89,123,27,35,81,34,131,98,57,22,93" hai1="108,47,25,31,82,26,20,111,63,69,92,50,73" hai2="48,107,127,79,5,125,70,105,78,133,94,112,28" hai3="3,18,42,130,109,17,76,58,9,88,129,101,99"/><U118/><E92/><V116/><F116/><W121/><G121/><T110/><D123/><U40/><E26/><V30/><F70/><W44/><G76/><N who="2" m="29225" /><F112/><W87/><G58/><T77/><D110/><N who="1" m="42027" /><E118/><V96/><F48/><N who="3" m="26647" /><G109/><T83/><D10/><U113/><E113/><V91/><F5/><N who="3" m="1215" /><G99/><T13/><D131/><N who="3" m="50185" /><G101/><T85/><D34/><U12/><E82/><AGARI ba="1,0" hai="17,18,82,87,88" m="50185,1215,26647" machi="82" ten="30,2000,0" yaku="19,1,54,1" doraHai="8" who="3" fromWho="1" sc="219,0,315,-23,221,0,245,23" /><INIT seed="2,0,0,1,5,6" ten="219,292,221,268" oya="2" hai0="36,27,9,85,77,5,10,8,63,104,18,19,101" hai1="128,25,129,65,44,123,32,71,1,58,53,23,39" hai2="29,59,96,37,0,45,15,112,81,135,95,120,20" hai3="57,60,105,73,106,12,56,54,134,38,3,122,55"/><V87/><F120/><W14/><G3/><T93/><D36/><U107/><E32/><V121/><F121/><W17/><G38/><T33/><D104/><U13/><E107/><V92/><F0/><W94/><G73/><T40/><D40/><N who="1" m="22559" /><E13/><V41/><F112/><W34/><G34/><T72/><D72/><U84/><E84/><V124/><F135/><W126/><G122/><T11/><D63/><N who="1" m="40383" /><E1/><V86/><F124/><W21/><G126/><T78/><D33/><U67/><E123/><V132/><F132/><W90/><G134/><T47/><D47/><U51/><E67/><V116/><F116/><W68/><G14/><N who="0" m="5391" /><D27/><U109/><E109/><V125/><F125/><W42/><G105/><T91/><D101/><U62/><E62/><V24/><F15/><W61/><G106/><T118/><D118/><U133/><E133/><V52/><F87/><W16/><G17/><AGARI ba="0,0" hai="9,10,11,17,18,19,77,78,85,91,93" m="5391" machi="17" ten="30,8000,1" yaku="8,1,52,4" doraHai="6" who="0" fromWho="3" sc="219,80,292,0,221,0,268,-80" /><AGARI ba="0,0" hai="17,23,25,51,53,58,128,129" m="40383,22559" machi="17" ten="30,1000,0" yaku="24,1" doraHai="6" who="1" fromWho="3" sc="299,0,292,10,221,0,188,-10" /><INIT seed="3,0,0,5,2,57" ten="299,302,221,178" oya="3" hai0="39,24,88,116,59,19,103,60,46,100,18,93,6" hai1="67,112,121,86,102,78,50,74,132,97,25,36,119" hai2="80,75,128,130,48,2,104,95,69,21,101,37,96" hai3="81,98,63,133,13,54,31,5,127,108,134,51,38"/><W114/><G114/><T76/><D116/><U110/><E36/><V126/><F37/><W52/><G38/><T28/><D76/><U7/><E74/><V62/><F2/><W8/><G127/><T68/><D68/><U53/><E67/><N who="2" m="41207" /><F126/><W90/><G31/><T70/><D70/><U3/><E25/><V61/><F48/><W34/><G34/><T124/><D6/><U14/><E3/><V79/><F21/><W44/><G108/><T64/><D124/><U77/><E110/><V87/><F61/><W20/><G20/><N who="0" m="15367" /><D46/><U29/><E29/><V9/><BYE who="1" /><F9/><UN n1="%E6%9D%B1%E9%A2%A8%E3%81%AE%E3%81%8D%E3%82%83%E3%81%B7%E3%81%95%E3%82%93" /><W10/><G10/><T71/><D71/><U99/><E112/><V17/><F17/><N who="0" m="6154" /><D39/><U4/><E119/><V105/><F105/><W92/><REACH who="3" step="1"/><G81/><REACH who="3" ten="299,302,221,168" step="2"/><T65/><D65/><U85/><E121/><V49/><F49/><W23/><G23/><T11/><D11/><U45/><E50/><V35/><F35/><W118/><G118/><T72/><D72/><U125/><E125/><V91/><AGARI ba="0,1" hai="75,79,80,87,91,95,96,101,104,128,130" m="41207" machi="91" ten="30,2000,0" yaku="24,1,52,1" doraHai="57" who="2" fromWho="2" sc="299,-5,302,-5,221,30,168,-10" /><INIT seed="4,0,0,2,2,111" ten="294,297,251,158" oya="0" hai0="11,121,74,105,67,89,76,53,29,4,21,98,32" hai1="78,104,35,34,75,38,8,61,122,101,52,112,84" hai2="55,45,30,103,72,81,125,132,65,73,86,135,20" hai3="0,114,2,94,130,31,82,119,110,85,62,12,106"/><T16/><D121/><U107/><E75/><V87/><F125/><W40/><G106/><T96/><D74/><U127/><E38/><V126/><F126/><W92/><G110/><T91/><D76/><U47/><E8/><V123/><F123/><W24/><G119/><T90/><D67/><U124/><E122/><V71/><F103/><W23/><G40/><T60/><D105/><U6/><E6/><V97/><F73/><W50/><G50/><T77/><D77/><U13/><E13/><V51/><F97/><N who="0" m="37482" /><D32/><U22/><E22/><V37/><F72/><W93/><G130/><T58/><D29/><U66/><E107/><V28/><F37/><W26/><G26/><N who="0" m="14631" /><D11/><U116/><E116/><V36/><F65/><W69/><G12/><T99/><D4/><U102/><E104/><V15/><F71/><W25/><G25/><T57/><D57/><N who="1" m="37167" /><E127/><V95/><F30/><W117/><G117/><T79/><D79/><U59/><E124/><V3/><F3/><W7/><G7/><T108/><D108/><U118/><E118/><V63/><F28/><W48/><G48/><T54/><D54/><U83/><E47/><V56/><F36/><W88/><G69/><T129/><D129/><U14/><E14/><V5/><F51/><W27/><G27/><T80/><N who="0" m="37490" /><T133/><DORA hai="115" /><D133/><U39/><E39/><V1/><F1/><N who="3" m="619" /><G62/><T49/><D60/><N who="1" m="35943" /><E112/><V17/><F5/><W131/><G131/><T10/><D10/><U68/><E68/><V42/><F42/><W18/><G114/><T44/><D44/><U9/><E9/><V33/><F45/><RYUUKYOKU ba="0,0" sc="294,10,297,10,251,-30,158,10" hai0="49,53,58,80,89,90,91" hai1="34,35,78,83,84,101,102" hai3="18,23,24,31,82,85,88,92,93,94" /><INIT seed="4,1,0,4,3,133" ten="304,307,221,168" oya="0" hai0="11,18,106,88,68,57,110,85,13,41,3,77,101" hai1="7,103,48,105,51,82,126,92,80,61,33,123,60" hai2="127,26,108,70,72,73,95,118,71,116,74,125,49" hai3="76,58,91,78,94,93,135,129,5,119,20,65,35"/><T6/><D68/><N who="2" m="26154" /><F95/><W44/><G119/><N who="2" m="45609" /><F108/><W131/><G35/><T87/><D110/><U12/><E33/><V107/><F107/><W53/><G5/><T132/><D132/><U102/><E105/><V42/><F26/><W104/><G104/><T21/><D41/><U32/><E32/><V111/><F111/><W30/><G135/><T34/><D34/><U97/><E123/><V130/><F130/><W117/><G117/><T62/><D77/><U99/><E7/><V56/><F56/><W120/><G120/><T29/><D29/><U63/><E12/><V37/><F49/><W66/><G44/><AGARI ba="1,0" hai="37,42,44,72,73,74,125,127" m="45609,26154" machi="44" ten="40,8000,1" yaku="12,1,23,1,52,2" doraHai="133" who="2" fromWho="3" sc="304,0,307,0,221,83,168,-83" owari="304,10.4,307,40.7,304,-9.6,85,-41.5" /></mjloggm>