<mjloggm ver="2.3"><GO type="225" lobby="0"/><UN n0="%E3%81%82%E3%81%99%E3%81%AB%E3%82%83%E3%82%80" n1="%61%74%73%75%74%6F%64%6F" n2="%6D%75%75%73%61%6E%6D%75" n3="%72%69%6F%75%63%68%61%6E" dan="16,16,17,16" rate="2239.27,2066.40,2143.21,2144.48" sx="F,M,F,M"/><TAIKYOKU oya="0"/><INIT seed="0,0,0,5,3,7" ten="250,250,250,250" oya="0" hai0="38,19,82,28,37,56,124,119,115,131,80,52,69" hai1="21,104,132,58,29,53,59,95,127,9,27,13,8" hai2="120,1,47,75,20,68,101,64,100,112,62,102,74" hai3="34,51,41,40,90,30,22,107,133,88,44,81,36"/><T121/><D115/><U103/><E127/><V113/><F120/><W14/><G133/><T0/><D121/><U84/><E104/><V135/><F135/><W55/><G107/><T111/><D119/><U71/><E71/><V77/><F1/><W45/><G34/><T118/><D118/><U128/><E128/><V122/><F122/><W73/><G55/><T6/><D69/><U116/><E116/><V2/><F2/><W105/><G105/><T12/><D28/><U4/><E132/><V117/><F117/><W98/><G98/><T35/><D35/><U11/><E59/><V87/><F20/><W86/><G73/><T97/><D97/><N who="1" m="59839" /><E84/><V18/><F87/><W43/><G43/><T67/><D67/><U130/><E130/><V50/><F75/><W72/><G72/><T99/><D99/><U106/><E106/><V94/><F94/><W25/><REACH who="3" step="1"/><G14/><REACH who="3" ten="250,250,250,240" step="2"/><T110/><D131/><U46/><E46/><V54/><F112/><W48/><G48/><AGARI ba="0,1" hai="4,8,9,11,13,21,27,29,48,53,58" m="59839" machi="48" ten="30,7700,0" yaku="8,1,52,3" doraHai="7" who="1" fromWho="3" sc="250,0,250,87,250,0,240,-77" /><INIT seed="1,0,0,4,3,66" ten="250,337,250,163" oya="1" hai0="32,129,59,36,43,123,65,119,25,105,39,79,108" hai1="133,61,1,96,134,95,135,19,16,75,76,28,98" hai2="57,104,69,73,128,81,117,45,107,44,87,3,121" hai3="14,92,11,21,52,74,37,110,99,62,20,91,17"/><U102/><BYE who="2" /><E1/><UN n2="%6D%75%75%73%61%6E%6D%75" /><V47/><F117/><W85/><G110/><T131/><D108/><U88/><E28/><V58/><F121/><W68/><G74/><T86/><D105/><N who="1" m="63687" /><E61/><V24/><F73/><W12/><G37/><T53/><D119/><U48/><E48/><V64/><F3/><W67/><G52/><T101/><D101/><U9/><E9/><V4/><F4/><W5/><REACH who="3" step="1"/><G99/><REACH who="3" ten="250,337,250,153" step="2"/><T126/><D39/><U113/><E113/><V23/><F45/><W90/><G90/><T49/><D36/><U125/><E125/><V100/><F44/><W130/><G130/><T114/><D126/><U27/><E27/><V51/><F47/><W40/><G40/><T34/><D43/><U33/><E33/><V109/><F24/><W13/><G13/><T89/><D25/><U124/><E124/><V71/><F128/><W30/><G30/><T7/><D32/><U84/><E75/><V8/><F51/><W118/><G118/><T106/><D49/><U42/><E42/><V83/><F109/><W70/><G70/><T115/><D34/><U93/><E76/><V55/><F69/><W26/><G26/><T63/><D79/><U116/><E116/><V103/><F71/><W111/><G111/><T80/><D131/><U2/><E2/><V132/><F55/><W10/><AGARI ba="0,1" hai="5,10,11,12,14,17,20,21,62,67,68,85,91,92" machi="10" ten="20,5200,0" yaku="1,1,0,1,7,1,52,1,53,0" doraHai="66" doraHaiUra="72" who="3" fromWho="3" sc="250,-13,337,-26,250,-13,153,62" /><INIT seed="2,0,0,5,5,68" ten="237,311,237,215" oya="2" hai0="116,38,26,103,77,104,127,78,16,61,108,83,21" hai1="74,52,126,31,98,13,118,79,20,82,51,120,84" hai2="80,94,56,133,55,123,40,29,5,35,109,41,39" hai3="112,102,17,132,129,67,60,32,121,73,130,114,99"/><V59/><F123/><W30/><G121/><T58/><D108/><U106/><E118/><V85/><F109/><W22/><G73/><T57/><D116/><U124/><E120/><V33/><F133/><W72/><G72/><T8/><D38/><U81/><E98/><V36/><F5/><W86/><G132/><T125/><D8/><U115/><E106/><V37/><F94/><W131/><G86/><T49/><D49/><U42/><E42/><V63/><F56/><W2/><G2/><T6/><D6/><U14/><E115/><N who="3" m="44074" /><G32/><T28/><D28/><U50/><E50/><V97/><F97/><W101/><G30/><T3/><D3/><U100/><E100/><V65/><F35/><W27/><G99/><N who="0" m="61567" /><D83/><U128/><E128/><N who="3" m="32770" /><W96/><DORA hai="45" /><G96/><T23/><D78/><U105/><E105/><V110/><F110/><W7/><G7/><T53/><D77/><U34/><E34/><V95/><F95/><W62/><G62/><T75/><D75/><U134/><E134/><V89/><REACH who="2" step="1"/><F65/><REACH who="2" ten="237,311,227,215" step="2"/><W19/><G19/><T64/><D16/><U54/><E81/><V12/><F12/><W69/><AGARI ba="0,1" hai="17,22,27,60,67,69,101,102" m="32770,44074" machi="69" ten="50,3200,0" yaku="11,1,19,1" doraHai="68,45" who="3" fromWho="3" sc="237,-8,311,-8,227,-16,215,42" /><INIT seed="3,0,0,5,5,52" ten="229,303,211,257" oya="3" hai0="78,83,2,89,127,80,18,73,3,27,131,37,41" hai1="46,8,121,38,117,100,79,21,30,20,69,112,130" hai2="108,33,42,44,61,5,101,54,103,94,48,102,65" hai3="72,71,114,120,105,64,12,134,63,53,133,58,16"/><W24/><G114/><T62/><D131/><U25/><E121/><V92/><F33/><W132/><G120/><T13/><D127/><U36/><E69/><V75/><F75/><W126/><G72/><T97/><D27/><U50/><E112/><V128/><F128/><W0/><G126/><T17/><D17/><U119/><E79/><V125/><F125/><W106/><G24/><T39/><D62/><U1/><E100/><V40/><F108/><W35/><G0/><T19/><D19/><U31/><E21/><V96/><F5/><W98/><G98/><T88/><D41/><N who="1" m="24911" /><E31/><V55/><F42/><W76/><G76/><T59/><D37/><U32/><E20/><V113/><F113/><W135/><G35/><T74/><D39/><U93/><E93/><V28/><F28/><W110/><G110/><T7/><D73/><U87/><E87/><V123/><F123/><W6/><G6/><T22/><D7/><N who="1" m="1135" /><E130/><V67/><F67/><W10/><G132/><T77/><D77/><U57/><E57/><N who="2" m="37039" /><F94/><W45/><G45/><T34/><D59/><U14/><E14/><V116/><F116/><AGARI ba="0,0" hai="25,30,32,36,38,116,117,119" m="1135,24911" machi="116" ten="30,1000,0" yaku="12,1" doraHai="52" who="1" fromWho="2" sc="229,0,303,10,211,-10,257,0" owari="229,-17.1,313,41.3,201,-29.9,257,5.7" /></mjloggm>