<mjloggm ver="2.3"><GO type="225" lobby="0"/><UN n0="%73%6C%69%63%6B%33%31%39" n1="%72%61%6B%33" n2="%E3%81%BF%E3%81%BF%E3%81%9A" n3="%6D%75%75%6D%75%72%61" dan="16,16,16,17" rate="2086.74,2075.45,2129.23,2215.35" sx="M,M,M,F"/><TAIKYOKU oya="0"/><INIT seed="0,0,0,5,4,118" ten="250,250,250,250" oya="0" hai0="65,112,5,48,2,61,67,40,11,133,107,70,81" hai1="91,16,131,77,85,24,3,62,84,74,12,105,125" hai2="129,9,4,108,26,103,100,0,36,39,83,78,66" hai3="1,73,69,47,44,63,124,54,20,109,92,21,76"/><T80/><D112/><U35/><E3/><V120/><F108/><W50/><G109/><T102/><D133/><U110/><E110/><V34/><F66/><W97/><G1/><T126/><D126/><U114/><E125/><V115/><F115/><W128/><G124/><T121/><D121/><U51/><E105/><V56/><F56/><W99/><G128/><T93/><D107/><U7/><E131/><V90/><F90/><W130/><G130/><T111/><D111/><U123/><E114/><V86/><F129/><W104/><G104/><T27/><D67/><U18/><E74/><V117/><F117/><W45/><G97/><T29/><D93/><U119/><E123/><V25/><F25/><W8/><G8/><T17/><D102/><U72/><E72/><V32/><F32/><W64/><G76/><T22/><D40/><U106/><E106/><V98/><F120/><W88/><REACH who="3" step="1"/><G73/><REACH who="3" ten="250,250,250,240" step="2"/><T68/><D81/><U87/><E77/><V101/><REACH who="2" step="1"/><F98/><REACH who="2" ten="250,250,240,240" step="2"/><W46/><AGARI ba="0,2" hai="20,21,44,45,46,47,50,54,63,64,69,88,92,99" machi="46" ten="30,7900,0" yaku="1,1,2,1,0,1,54,1,53,0" doraHai="118" doraHaiUra="71" who="3" fromWho="3" sc="250,-39,250,-20,240,-20,240,99" /><INIT seed="1,0,0,2,5,51" ten="211,230,220,339" oya="1" hai0="133,125,18,59,126,73,99,72,5,134,19,118,74" hai1="53,35,7,0,98,89,132,78,123,40,11,71,25" hai2="117,20,54,124,46,2,121,104,1,116,48,61,120" hai3="106,63,82,79,76,102,28,88,21,6,56,130,109"/><U9/><E123/><N who="2" m="47179" /><F20/><W38/><G109/><T15/><D118/><N who="2" m="45674" /><F104/><W12/><G130/><T93/><D5/><U23/><E132/><N who="0" m="50793" /><D59/><U34/><E71/><V43/><F1/><W122/><G122/><T135/><N who="0" m="50801" /><T64/><DORA hai="39" /><D64/><U128/><E128/><V114/><F2/><W4/><G38/><T107/><D107/><U17/><E78/><N who="3" m="29738" /><G106/><T101/><D18/><U42/><E11/><AGARI ba="0,0" hai="11,15,19,72,73,74,93,99,101,125,126" m="50801" machi="11" ten="50,1600,0" yaku="20,1" doraHai="51,39" who="0" fromWho="1" sc="211,16,230,-16,220,0,339,0" /><INIT seed="2,0,0,5,1,47" ten="227,214,220,339" oya="2" hai0="106,53,28,102,90,72,18,45,83,55,116,99,24" hai1="129,38,134,2,10,26,135,109,118,17,87,67,123" hai2="46,51,63,16,73,65,22,27,92,122,13,33,107" hai3="61,37,117,1,94,40,62,115,80,35,19,74,91"/><V127/><F107/><W57/><G117/><T101/><D116/><U59/><E38/><V103/><F122/><W5/><G35/><T68/><D68/><U6/><E118/><V125/><F73/><W41/><G115/><T25/><D101/><U128/><E87/><V54/><F103/><W113/><G113/><T29/><D18/><U130/><E59/><V36/><F92/><W96/><G37/><T21/><D45/><U75/><E67/><V131/><F36/><W39/><G39/><T126/><D126/><N who="2" m="48138" /><F131/><W119/><G119/><T98/><D99/><U20/><E75/><V124/><N who="2" m="48146" /><V95/><DORA hai="84" /><F95/><W23/><G5/><T93/><D106/><U43/><E43/><N who="3" m="16458" /><G1/><T108/><D108/><U112/><E112/><V110/><F110/><W100/><G74/><T69/><D69/><U44/><E44/><V11/><F33/><W34/><G34/><T42/><D42/><U114/><E114/><V104/><F104/><W133/><G57/><T50/><D72/><U89/><E109/><V30/><F65/><W97/><G97/><T132/><D98/><U77/><E123/><V49/><F46/><W31/><G100/><T56/><D102/><U52/><E77/><V58/><AGARI ba="0,0" hai="11,13,16,22,27,30,49,51,54,58,63" m="48146" machi="58" ten="40,12000,1" yaku="18,1,52,2,54,1" doraHai="47,84" who="2" fromWho="2" sc="227,-40,214,-40,220,120,339,-40" /><INIT seed="2,1,0,0,5,20" ten="187,174,340,299" oya="2" hai0="64,112,73,49,30,96,91,79,39,68,132,53,105" hai1="55,17,14,131,44,84,40,102,47,0,89,15,8" hai2="80,111,74,126,22,110,21,124,70,113,104,128,33" hai3="28,107,93,121,1,108,43,56,29,76,58,59,23"/><V41/><F113/><W119/><G107/><T88/><D112/><U54/><E131/><V27/><F104/><W83/><G119/><T52/><D39/><U9/><E0/><V51/><F70/><W46/><G121/><T65/><D132/><U130/><E102/><V45/><F22/><W25/><G108/><N who="2" m="41513" /><F33/><W81/><G1/><T135/><D135/><U32/><E32/><V42/><F128/><W90/><G29/><T85/><D30/><U77/><E77/><N who="2" m="44087" /><F42/><W38/><REACH who="3" step="1"/><G76/><REACH who="3" ten="187,174,340,289" step="2"/><T6/><D79/><U123/><E123/><V116/><F116/><W35/><G35/><T4/><D105/><U82/><E130/><V99/><F99/><AGARI ba="1,1" hai="23,25,28,38,43,46,56,58,59,81,83,90,93,99" machi="99" ten="40,2600,0" yaku="1,1,52,1,53,0" doraHai="20" doraHaiUra="67" who="3" fromWho="2" sc="187,0,174,0,340,-29,289,39" /><INIT seed="3,0,0,4,5,25" ten="187,174,311,328" oya="3" hai0="48,27,16,128,28,37,56,70,20,68,123,0,106" hai1="67,121,50,55,108,61,52,116,23,79,38,101,51" hai2="13,30,120,75,11,45,131,62,115,9,3,125,77" hai3="91,82,2,122,65,99,100,88,34,94,102,53,5"/><W109/><G122/><T39/><D106/><U111/><E121/><V43/><F115/><W76/><G34/><T78/><D123/><U84/><E38/><N who="2" m="21751" /><F120/><W134/><G65/><T117/><D128/><U36/><E36/><V92/><F92/><N who="3" m="56711" /><G2/><T112/><D0/><U8/><E116/><V126/><F62/><W71/><G71/><T58/><D68/><U83/><E101/><N who="3" m="39018" /><G5/><T24/><D70/><U81/><E8/><V32/><F131/><W127/><G53/><N who="1" m="20554" /><E83/><N who="2" m="45503" /><F13/><W41/><G41/><T105/><D37/><U73/><E73/><V130/><F130/><W21/><G21/><T59/><D39/><U129/><E23/><V17/><F17/><W44/><G44/><T22/><D117/><U47/><E129/><V15/><F15/><W46/><G46/><T6/><D6/><U19/><E19/><V42/><F42/><W7/><G7/><T12/><D12/><U49/><E47/><V66/><F66/><W26/><G26/><T14/><D14/><U1/><E1/><V124/><F3/><W31/><G134/><T96/><D112/><U69/><E51/><V64/><F64/><W133/><G133/><T86/><D48/><U35/><E35/><V57/><F57/><W63/><G63/><T87/><D105/><U98/><E98/><V10/><F32/><W74/><G74/><T113/><D113/><U132/><E132/><V89/><F89/><W29/><G94/><T103/><D78/><U80/><E80/><V40/><F40/><W118/><G118/><T104/><AGARI ba="0,0" hai="16,20,22,24,27,28,56,58,59,86,87,96,103,104" machi="104" ten="30,4000,0" yaku="0,1,52,1,54,1" doraHai="25" who="0" fromWho="0" sc="187,40,174,-10,311,-10,328,-20" owari="227,-17.3,164,-33.6,301,10.1,308,40.8" /></mjloggm>