<mjloggm ver="2.3"><GO type="225" lobby="0"/><UN n0="%E3%83%AB%E3%83%9B%E3%83%B3%E3%83%87%E3%82%A3%E3%82%A8" n1="%E6%B0%B7%E5%B7%9D%E9%87%8C%E5%A5%88" n2="%6B%69%72%61%64%6F%6B%69" n3="%33%74%72%65%65" dan="17,16,16,16" rate="2186.25,2089.99,2118.82,2135.32" sx="M,F,M,F"/><TAIKYOKU oya="0"/><INIT seed="0,0,0,1,4,48" ten="250,250,250,250" oya="0" hai0="92,46,41,128,15,89,18,130,105,38,32,101,103" hai1="8,25,117,58,132,70,42,30,50,84,107,79,39" hai2="63,22,80,43,122,108,119,10,85,45,52,134,90" hai3="28,61,95,102,135,11,98,106,111,104,13,133,66"/><T113/><D32/><U60/><E117/><V2/><F122/><W44/><G111/><T24/><D24/><U131/><E107/><V19/><F108/><W0/><G0/><T37/><D37/><U29/><E132/><N who="3" m="50762" /><G28/><T129/><D105/><U110/><E110/><V116/><F134/><W123/><G44/><T57/><D113/><U69/><E131/><V74/><F74/><W75/><G75/><T27/><D27/><U112/><E112/><V51/><F2/><W88/><G102/><T1/><D1/><U53/><E8/><V121/><F121/><W47/><G47/><T68/><D68/><U76/><E30/><V67/><F10/><W78/><G78/><T82/><D82/><U56/><E84/><V77/><F43/><W40/><G40/><T16/><D57/><U93/><E93/><V14/><REACH who="2" step="1"/><F77/><REACH who="2" ten="250,250,240,250" step="2"/><W31/><G123/><T126/><D126/><U26/><E79/><V23/><F23/><W97/><G11/><N who="0" m="6271" /><D18/><U91/><E76/><V64/><F64/><W94/><G66/><T73/><D73/><U96/><E42/><V99/><F99/><AGARI ba="0,1" hai="38,41,46,89,92,99,101,103,128,129,130" m="6271" machi="99" ten="30,2900,0" yaku="19,1,54,1" doraHai="48" who="0" fromWho="2" sc="250,39,250,0,240,-29,250,0" /><INIT seed="0,1,0,2,0,95" ten="289,250,211,250" oya="0" hai0="76,52,111,53,135,89,73,97,10,38,113,32,90" hai1="37,85,21,25,18,86,91,54,108,16,74,133,44" hai2="50,43,121,117,99,59,41,84,35,34,4,40,22" hai3="3,64,69,45,77,14,46,27,48,63,17,82,134"/><T51/><D113/><U13/><E74/><V96/><F121/><W131/><G131/><T71/><D38/><U24/><E108/><V112/><F112/><W42/><G134/><T33/><D71/><U62/><E133/><V83/><F4/><W114/><G114/><T7/><D135/><U127/><E127/><V79/><F117/><W26/><G46/><T68/><D68/><U19/><E37/><V119/><F119/><W105/><G105/><T28/><D53/><U98/><E25/><V125/><F125/><W1/><G1/><T72/><D90/><U88/><E44/><V109/><F109/><W8/><REACH who="3" step="1"/><G3/><REACH who="3" ten="289,250,211,240" step="2"/><T80/><D111/><U65/><E65/><V78/><F78/><W107/><G107/><T6/><D73/><AGARI ba="1,1" hai="8,14,17,26,27,42,45,48,63,64,69,73,77,82" machi="73" ten="30,2000,0" yaku="1,1,7,1,53,0" doraHai="95" doraHaiUra="116" who="3" fromWho="0" sc="289,-23,250,0,211,0,240,33" /><INIT seed="1,0,0,5,2,72" ten="266,250,211,273" oya="1" hai0="4,32,49,55,135,34,44,126,88,14,89,87,108" hai1="79,110,80,65,26,91,6,27,125,114,116,83,100" hai2="15,0,56,39,3,63,17,7,123,77,130,25,19" hai3="127,57,40,71,73,104,1,62,82,90,11,78,9"/><U50/><E114/><V68/><F123/><W13/><G127/><T47/><D126/><U37/><E116/><V43/><F68/><W54/><G104/><T12/><D108/><U28/><E37/><V99/><F130/><W112/><G112/><T134/><D4/><U61/><E125/><V21/><F99/><W102/><G102/><T74/><D74/><U75/><E110/><V29/><F43/><W76/><G71/><T22/><D22/><U115/><E115/><V92/><F39/><W94/><G73/><T46/><D46/><U124/><E124/><V117/><F117/><W36/><G82/><T31/><D31/><U113/><E113/><V8/><F92/><W118/><G1/><N who="2" m="585" /><F77/><W111/><G9/><T109/><D109/><U18/><E6/><N who="2" m="3479" /><F56/><W120/><G111/><T133/><D89/><U128/><E128/><V97/><F97/><W86/><G120/><T93/><REACH who="0" step="1"/><D47/><REACH who="0" ten="256,250,211,273" step="2"/><U121/><E121/><V67/><F63/><W35/><G118/><T52/><D52/><U20/><E100/><V85/><F67/><W81/><G90/><T69/><D69/><U60/><E65/><V2/><F85/><W64/><G86/><T119/><D119/><U48/><E61/><V30/><F30/><W53/><G62/><T41/><D41/><U58/><E91/><V10/><AGARI ba="0,1" hai="2,7,10,17,19,21,25,29" m="3479,585" machi="10" ten="30,8000,1" yaku="35,5" doraHai="72" who="2" fromWho="2" sc="256,-20,250,-40,211,90,273,-20" /><INIT seed="2,0,0,2,2,77" ten="236,210,301,253" oya="2" hai0="12,36,115,126,35,109,21,45,6,43,10,46,81" hai1="90,50,114,49,88,87,71,33,95,82,103,96,74" hai2="19,130,29,124,131,42,41,123,121,8,16,67,13" hai3="32,104,135,72,51,56,30,127,2,98,59,120,15"/><V107/><F107/><W65/><G120/><N who="2" m="46153" /><F67/><W91/><G135/><T55/><D115/><U52/><E114/><V53/><F53/><W129/><G127/><T70/><D70/><U76/><E71/><V5/><F124/><W27/><G129/><N who="2" m="49161" /><F42/><W85/><G65/><T86/><D35/><U73/><E33/><V39/><F41/><W26/><G104/><T94/><D109/><U14/><E50/><V113/><F39/><W54/><G54/><T31/><D94/><U134/><E134/><V79/><F79/><W17/><G51/><T63/><D126/><U128/><E128/><V64/><F64/><W78/><G78/><T89/><D46/><U22/><E74/><V60/><F60/><W7/><G72/><T119/><D119/><U112/><E112/><V69/><F69/><W62/><G62/><T34/><D55/><U102/><E73/><V11/><F113/><W100/><G56/><T58/><D63/><U0/><E0/><N who="2" m="39" /><F29/><W80/><G30/><T118/><D58/><N who="1" m="33039" /><E76/><V4/><AGARI ba="0,0" hai="4,11,13,16,19" m="39,49161,46153" machi="4" ten="30,11700,0" yaku="19,1,34,2,54,1" doraHai="77" who="2" fromWho="2" sc="236,-39,210,-39,301,117,253,-39" /><INIT seed="2,1,0,3,1,118" ten="197,171,418,214" oya="2" hai0="130,54,106,113,75,100,105,17,21,39,92,133,11" hai1="110,67,85,36,68,132,55,127,65,64,40,8,24" hai2="69,93,91,72,101,46,135,1,34,128,123,117,59" hai3="49,80,27,79,42,115,57,97,38,62,4,107,102"/><V32/><F59/><W16/><G38/><T45/><D113/><U41/><E68/><V77/><F91/><W26/><G4/><T48/><D75/><U30/><E110/><V99/><F46/><W94/><G107/><T134/><D39/><U66/><N who="1" m="16384" /><DORA hai="70" /><U15/><E132/><N who="0" m="50793" /><D11/><U18/><E127/><V81/><F101/><W76/><G115/><T96/><D130/><U47/><E85/><V87/><F87/><W29/><G29/><T131/><D131/><U89/><E89/><V90/><F90/><W0/><G0/><T60/><D60/><U111/><E111/><V3/><F1/><W104/><G62/><T74/><D74/><U119/><E119/><V43/><F3/><W12/><G104/><T88/><D100/><U13/><E41/><V98/><F43/><W37/><G37/><T35/><D35/><U7/><E55/><V22/><F32/><W84/><G76/><T103/><D103/><U126/><E126/><V114/><F34/><W51/><G42/><T116/><D116/><U19/><REACH who="1" step="1"/><E13/><AGARI ba="1,0" hai="13,17,21,45,48,54,88,92,96,105,106" m="50793" machi="13" ten="30,2000,0" yaku="20,1,54,1" doraHai="118,70" who="0" fromWho="1" sc="197,23,171,-23,418,0,214,0" /><INIT seed="3,0,0,1,0,61" ten="220,148,418,214" oya="3" hai0="6,2,90,57,128,117,102,98,53,108,56,33,39" hai1="79,118,82,124,65,46,111,80,100,36,86,68,84" hai2="49,121,15,50,20,78,34,120,114,3,119,12,74" hai3="76,29,72,66,55,129,106,132,60,45,40,135,67"/><W47/><G129/><T9/><D39/><U30/><E111/><V95/><F114/><W113/><G113/><T22/><D33/><U103/><E124/><V71/><F119/><W52/><G106/><T37/><D37/><U42/><E118/><V7/><F34/><W16/><G29/><T105/><D128/><U43/><E43/><V92/><F71/><W13/><G76/><T96/><D117/><U91/><REACH who="1" step="1"/><E30/><REACH who="1" ten="220,138,418,214" step="2"/><V75/><F78/><W23/><G132/><T19/><D108/><U35/><E35/><V109/><F109/><W24/><G135/><T18/><D18/><U81/><E81/><V44/><F7/><W87/><G40/><T38/><D19/><U11/><E11/><V63/><F120/><W110/><G110/><T101/><D9/><U48/><E48/><V25/><F50/><W85/><G24/><T115/><D6/><U1/><E1/><V70/><F3/><W8/><G8/><T88/><D2/><U51/><E51/><V99/><F121/><W17/><G13/><T32/><D38/><U58/><E58/><V116/><F12/><W31/><G31/><T69/><D32/><U93/><E93/><V107/><F15/><W21/><G60/><AGARI ba="0,1" hai="36,42,46,60,65,68,79,80,82,84,86,91,100,103" machi="60" ten="40,2600,0" yaku="1,1,52,1,53,0" doraHai="61" doraHaiUra="89" who="1" fromWho="3" sc="220,0,138,36,418,0,214,-26" owari="220,2.0,174,-32.6,418,51.8,188,-21.2" /></mjloggm>