<mjloggm ver="2.3"><GO type="225" lobby="0"/><UN n0="%6D%75%75%6D%75%72%61" n1="%E9%B3%B3%E6%9D%B1%E3%81%AE%E3%81%86%E3%81%95%E3%81%8E%E3%81%95%E3%82%93" n2="%74%61%6B%75%61%6B%61" n3="%E3%83%B4%E3%83%A0%EF%BC%99%E3%81%A6" dan="17,16,17,17" rate="2225.20,2152.36,2195.22,2192.50" sx="F,M,M,M"/><TAIKYOKU oya="0"/><INIT seed="0,0,0,4,3,22" ten="250,250,250,250" oya="0" hai0="85,126,43,30,39,36,87,61,47,135,81,125,18" hai1="86,51,57,55,19,2,16,91,122,128,17,77,129" hai2="42,100,133,124,110,72,50,70,48,103,73,13,94" hai3="32,49,23,109,66,52,98,40,15,12,6,131,29"/><T121/><D121/><U11/><E77/><V9/><F70/><W116/><G116/><T64/><D135/><U105/><E105/><V28/><F110/><W26/><G109/><T79/><D18/><U41/><E122/><V59/><F133/><W68/><G131/><N who="1" m="50250" /><E41/><V54/><F124/><N who="0" m="47722" /><D30/><U58/><E58/><V101/><F73/><W71/><G40/><T45/><D85/><U88/><E86/><V35/><F72/><W132/><G132/><T60/><D64/><U7/><AGARI ba="0,0" hai="2,7,11,16,17,19,51,55,57,88,91" m="50250" machi="7" ten="40,5200,0" yaku="19,1,54,2" doraHai="22" who="1" fromWho="1" sc="250,-26,250,52,250,-13,250,-13" /><INIT seed="1,0,0,1,2,77" ten="224,302,237,237" oya="1" hai0="114,92,6,42,106,35,130,8,104,73,47,52,30" hai1="75,119,81,4,25,103,117,78,32,96,97,134,86" hai2="11,19,85,16,21,79,125,68,15,62,48,88,132" hai3="40,90,91,60,10,56,87,110,129,61,33,123,70"/><U3/><E134/><V45/><F132/><W63/><G123/><T2/><D114/><U36/><E36/><V128/><F125/><W76/><G33/><T41/><D130/><U121/><E121/><V34/><F34/><W38/><G129/><T43/><D73/><U127/><E127/><V93/><F128/><W13/><G70/><T46/><D92/><U71/><E71/><V66/><F79/><W69/><G69/><T20/><D35/><U94/><E75/><V0/><F0/><W57/><G38/><T101/><D101/><U133/><E133/><V118/><F118/><W28/><G28/><T67/><D67/><U89/><E32/><V26/><F19/><W112/><G40/><T17/><D30/><U107/><REACH who="1" step="1"/><E25/><REACH who="1" ten="224,292,237,237" step="2"/><V135/><F135/><W100/><G112/><T122/><D122/><U31/><E31/><V124/><F124/><W82/><G110/><T37/><D37/><U24/><E24/><V18/><F26/><W72/><G72/><T113/><D113/><U64/><E64/><V1/><F68/><W55/><G100/><T115/><D115/><U84/><E84/><V14/><F66/><N who="3" m="39175" /><G63/><T131/><D131/><U58/><E58/><V105/><F62/><W5/><AGARI ba="0,1" hai="5,10,13,55,57,61,76,82,87,90,91" m="39175" machi="5" ten="30,2000,0" yaku="8,1,52,1" doraHai="77" who="3" fromWho="3" sc="224,-5,292,-10,237,-5,237,30" /><INIT seed="2,0,0,3,3,66" ten="219,282,232,267" oya="2" hai0="97,98,82,87,68,62,19,3,11,26,101,54,106" hai1="43,125,27,59,39,23,105,104,126,74,118,17,36" hai2="91,63,67,57,111,44,15,129,47,42,132,51,22" hai3="120,83,119,123,96,90,18,31,41,10,107,88,117"/><V28/><F129/><W34/><G31/><T108/><D108/><U69/><E118/><N who="3" m="45066" /><G34/><T1/><D98/><U103/><E74/><V30/><F132/><W122/><G18/><T24/><D24/><U8/><E69/><V61/><F111/><W130/><G10/><T102/><D102/><U79/><E79/><V95/><F44/><W48/><G48/><T29/><D54/><U33/><E33/><V127/><F127/><N who="1" m="48649" /><E103/><V72/><F72/><W60/><G60/><T112/><D112/><U100/><E100/><V5/><F61/><W134/><G41/><T113/><D113/><U85/><E85/><V135/><F135/><W52/><G52/><T0/><D19/><N who="1" m="12799" /><E59/><V38/><F38/><N who="1" m="14377" /><E43/><V133/><F133/><W58/><G58/><T50/><D50/><U89/><E89/><V71/><F71/><W109/><G134/><T73/><D73/><U131/><E131/><V94/><F91/><W21/><G130/><T37/><D37/><U114/><E114/><V25/><REACH who="2" step="1"/><F30/><REACH who="2" ten="219,282,222,267" step="2"/><W65/><G109/><T46/><D46/><U13/><AGARI ba="0,1" hai="8,13,17,104,105" m="14377,12799,48649" machi="13" ten="40,1500,0" yaku="18,1" doraHai="66" who="1" fromWho="1" sc="219,-4,282,25,222,-7,267,-4" /><INIT seed="3,0,0,1,3,39" ten="215,307,215,263" oya="3" hai0="122,48,41,52,29,0,22,88,7,43,1,93,79" hai1="123,70,5,100,117,12,23,27,76,99,98,82,56" hai2="81,8,21,67,10,34,45,116,125,119,92,37,84" hai3="60,61,112,130,2,63,14,4,53,87,133,36,19"/><W26/><G112/><T131/><D122/><U110/><E70/><V80/><F34/><W42/><G26/><N who="0" m="16599" /><D1/><U74/><E123/><V109/><F109/><W132/><G130/><T90/><D0/><U73/><E110/><V40/><F125/><W78/><G4/><T118/><D118/><U114/><E114/><V120/><F120/><W102/><G102/><T101/><D131/><U16/><E117/><V58/><F92/><W96/><G96/><N who="0" m="59535" /><D79/><U106/><E98/><V85/><F116/><W24/><G24/><T89/><D7/><U129/><E129/><V108/><F108/><W71/><G2/><T15/><D15/><U77/><E56/><AGARI ba="0,0" hai="41,43,48,52,56,88,89,90" m="59535,16599" machi="56" ten="30,8000,1" yaku="8,1,52,2,54,2" doraHai="39" who="0" fromWho="1" sc="215,80,307,-80,215,0,263,0" /><INIT seed="4,0,0,0,3,28" ten="295,227,215,263" oya="0" hai0="25,119,133,121,21,45,105,57,110,10,58,9,6" hai1="34,49,104,111,26,3,32,62,81,132,2,99,87" hai2="80,27,59,16,86,1,76,118,85,50,125,14,19" hai3="8,95,72,92,61,134,5,15,122,113,70,101,131"/><T43/><D119/><U77/><E111/><V7/><F125/><W37/><G72/><T13/><D121/><U31/><E132/><V67/><F118/><W23/><G37/><T124/><D105/><U74/><E49/><V107/><F107/><W60/><G134/><T82/><D133/><U116/><E116/><V55/><F1/><N who="1" m="9" /><E87/><V69/><F86/><W24/><G131/><T36/><D124/><U65/><E26/><V129/><F129/><W79/><G79/><T22/><D110/><U64/><E64/><V75/><F75/><W126/><G70/><T29/><D82/><U33/><E31/><V53/><F27/><W47/><G122/><T123/><D123/><U84/><E84/><V20/><F55/><W78/><G78/><T114/><D10/><U91/><E91/><V66/><F69/><W68/><G8/><T117/><D117/><U54/><E54/><V135/><F135/><W44/><G68/><T115/><D22/><U130/><E62/><V51/><F7/><W97/><G5/><T12/><D12/><U108/><E65/><N who="2" m="24587" /><F19/><W90/><G15/><T39/><D39/><U46/><E46/><V56/><F50/><W109/><G109/><T96/><D96/><U106/><E108/><V30/><F30/><W42/><G97/><T52/><D52/><U38/><E130/><V18/><F18/><W0/><G0/><T100/><D100/><N who="1" m="62495" /><E106/><V93/><F93/><W88/><G101/><T73/><D73/><U41/><E41/><V40/><F40/><W102/><G102/><T89/><D89/><N who="3" m="34409" /><G42/><T127/><D127/><U11/><E38/><RYUUKYOKU ba="0,0" sc="295,10,227,10,215,10,263,-30" hai0="6,9,13,21,25,29,36,43,45,57,58,114,115" hai1="11,32,33,34,74,77,81" hai2="14,16,20,51,53,56,59,76,80,85" owari="305,40.5,237,3.7,225,-27.5,233,-16.7" /></mjloggm>