<mjloggm ver="2.3"><GO type="225" lobby="0"/><UN n0="%E3%82%BF%E3%83%84%E3%83%9E%E3%82%AD" n1="%E4%B8%8B%E6%AE%B5%E3%83%81%E3%82%A7%E3%83%AA%E3%83%BC" n2="%E3%81%BE%E3%81%A8%E3%81%9F" n3="%E3%83%9F%E3%83%AA%E3%83%80%E3%81%97%E3%82%88" dan="16,16,16,16" rate="2028.58,2157.66,2157.30,2074.36" sx="F,M,M,M"/><TAIKYOKU oya="0"/><INIT seed="0,0,0,3,5,53" ten="250,250,250,250" oya="0" hai0="14,127,131,55,22,129,112,28,98,46,93,39,90" hai1="42,111,107,69,41,71,126,86,57,87,113,65,51" hai2="108,9,125,91,30,52,76,54,29,116,1,56,15" hai3="124,80,4,34,134,117,35,26,16,21,118,96,92"/><T7/><D112/><U84/><E107/><V82/><F108/><W99/><G80/><T62/><D127/><U135/><E111/><V97/><F125/><W105/><G105/><T77/><D77/><U47/><E126/><V89/><F1/><W17/><G92/><T49/><D39/><U59/><E113/><V12/><F54/><W40/><G40/><T83/><D83/><U50/><E135/><V67/><F67/><W75/><G75/><T2/><D2/><U36/><E36/><V20/><F12/><W115/><G96/><T37/><D37/><U13/><E13/><V0/><F0/><W122/><G99/><T110/><D110/><U10/><E10/><V19/><F116/><N who="3" m="44651" /><G124/><T6/><D62/><U31/><E31/><V74/><F91/><W114/><G122/><T8/><REACH who="0" step="1"/><D7/><REACH who="0" ten="240,250,250,250" step="2"/><U44/><E65/><V27/><F29/><W66/><G4/><T94/><D94/><U24/><E24/><AGARI ba="0,1" hai="6,8,14,22,24,28,46,49,55,90,93,98,129,131" machi="24" ten="40,2000,0" yaku="1,1,53,0" doraHai="53" doraHaiUra="106" who="0" fromWho="1" sc="240,30,250,-20,250,0,250,0" /><INIT seed="0,1,0,3,5,106" ten="270,230,250,250" oya="0" hai0="98,68,43,107,30,21,50,79,54,101,41,18,11" hai1="63,35,33,29,2,104,0,124,131,52,27,23,62" hai2="12,114,1,24,111,73,53,59,49,9,47,17,51" hai3="100,55,5,36,97,109,105,72,76,13,125,120,126"/><T81/><D68/><U108/><E104/><V87/><F111/><W119/><G119/><T92/><D107/><U70/><E108/><V128/><F114/><W84/><G109/><T37/><D37/><U38/><E38/><V28/><F128/><W39/><G120/><T118/><D30/><U91/><E131/><V99/><F99/><W95/><G55/><T14/><D11/><U83/><E124/><N who="3" m="47722" /><G13/><T130/><D118/><U61/><E70/><V113/><F113/><W25/><G25/><T46/><REACH who="0" step="1"/><D130/><REACH who="0" ten="260,230,250,250" step="2"/><U127/><E127/><V102/><F1/><W10/><G10/><T75/><AGARI ba="1,1" hai="14,18,21,41,43,46,50,54,75,79,81,92,98,101" machi="75" ten="20,18000,2" yaku="1,1,2,1,0,1,7,1,52,1,53,1" doraHai="106" doraHaiUra="16" who="0" fromWho="0" sc="260,193,230,-61,250,-61,250,-61" /><INIT seed="0,2,0,4,1,54" ten="453,169,189,189" oya="0" hai0="49,131,48,20,47,99,17,83,58,57,82,53,125" hai1="42,68,13,129,76,95,18,29,16,44,38,46,6" hai2="130,28,73,119,113,94,14,75,66,134,43,40,21" hai3="36,34,37,4,81,91,114,0,108,3,62,97,55"/><T88/><D125/><U60/><E129/><V117/><F113/><W79/><G114/><T122/><D122/><U74/><E29/><V27/><F130/><W116/><G116/><N who="2" m="44617" /><F66/><W90/><G108/><T101/><D131/><U64/><E46/><V85/><F134/><W33/><G33/><T106/><D88/><U63/><E95/><V120/><F120/><W8/><G34/><T30/><D30/><U132/><E132/><V93/><F14/><W61/><G0/><T32/><D32/><U87/><E74/><N who="2" m="28171" /><F85/><W19/><G19/><T127/><D127/><U118/><E118/><V98/><F94/><W25/><G25/><T52/><D47/><U72/><E72/><V70/><F70/><W92/><G91/><AGARI ba="2,0" hai="21,27,28,40,43,91,93,98" m="28171,44617" machi="91" ten="30,1000,0" yaku="12,1" doraHai="54" who="2" fromWho="3" sc="453,0,169,0,189,16,189,-16" /><INIT seed="1,0,0,3,5,41" ten="453,169,205,173" oya="1" hai0="61,11,135,103,121,134,130,19,8,48,10,37,122" hai1="20,52,9,45,16,115,74,56,65,117,124,54,123" hai2="76,113,127,84,39,110,68,118,99,67,133,28,131" hai3="51,6,34,60,90,1,78,119,50,38,4,57,55"/><U66/><E117/><V64/><F99/><W116/><G38/><T32/><D37/><U93/><E123/><N who="0" m="47113" /><D130/><U26/><E74/><V73/><F84/><W79/><G34/><T47/><D32/><U71/><E71/><V106/><F64/><N who="1" m="24681" /><E115/><V87/><F67/><W69/><G69/><T13/><D61/><N who="1" m="35975" /><E124/><V120/><F87/><W33/><G33/><T97/><D135/><U104/><E104/><V23/><F23/><W22/><G22/><T101/><D134/><U100/><E9/><N who="0" m="3689" /><D97/><N who="1" m="59439" /><E54/><AGARI ba="0,0" hai="11,13,19,47,48,54,101,103" m="3689,47113" machi="54" ten="30,2000,0" yaku="13,1,52,1" doraHai="41" who="0" fromWho="1" sc="453,20,169,-20,205,0,173,0" /><INIT seed="2,0,0,5,5,80" ten="473,149,205,173" oya="2" hai0="101,20,105,22,98,92,50,96,58,91,85,7,127" hai1="48,102,26,67,108,63,38,135,93,68,78,95,54" hai2="55,14,107,119,51,64,62,125,46,110,87,61,97" hai3="6,123,29,40,27,43,52,44,117,11,60,114,122"/><V15/><F119/><W124/><G117/><T71/><D71/><U25/><E38/><V16/><F125/><W84/><G124/><T59/><D127/><U83/><E135/><V9/><F110/><W100/><G100/><T82/><D7/><U36/><E36/><V72/><F72/><W106/><G106/><T30/><D30/><U113/><E113/><V37/><F37/><W90/><G114/><T76/><D50/><U23/><E108/><V75/><F75/><W74/><G74/><N who="0" m="43287" /><D96/><U34/><E34/><V32/><F32/><W111/><G111/><T99/><D99/><U103/><E103/><V134/><F134/><W0/><G40/><T17/><D20/><U86/><E102/><V53/><F97/><W132/><G132/><T104/><D104/><U115/><E115/><V69/><F107/><W120/><G43/><T118/><D118/><U33/><E33/><V49/><F62/><W88/><G84/><T81/><D81/><U94/><REACH who="1" step="1"/><E23/><REACH who="1" ten="473,139,205,173" step="2"/><V8/><F69/><W126/><G126/><T128/><D22/><U130/><E130/><V10/><F8/><W1/><G123/><T12/><D128/><U109/><E109/><V70/><F9/><W112/><G112/><T39/><D39/><U4/><E4/><V77/><F10/><W57/><G122/><T35/><D35/><U18/><E18/><V65/><F16/><W24/><G120/><T19/><D19/><U3/><E3/><V133/><F133/><W66/><G0/><T56/><D17/><U31/><E31/><V41/><F14/><AGARI ba="0,1" hai="12,14,56,58,59,85,91,92,98,101,105" m="43287" machi="14" ten="30,2000,0" yaku="24,1,52,1" doraHai="80" who="0" fromWho="2" sc="473,30,139,0,205,-20,173,0" /><INIT seed="3,0,0,0,2,8" ten="503,139,185,173" oya="3" hai0="71,55,115,94,18,36,81,25,45,59,44,83,40" hai1="52,54,33,111,62,86,47,65,53,134,131,113,74" hai2="39,30,90,61,11,4,88,133,130,135,37,15,89" hai3="20,67,92,23,79,72,120,34,63,32,106,7,116"/><W96/><G116/><T10/><D71/><U127/><E74/><V29/><F130/><W77/><G120/><T114/><D45/><U78/><E33/><V66/><F30/><W123/><G106/><T119/><D119/><U2/><E2/><V51/><F51/><W28/><G7/><T105/><D105/><U85/><E113/><N who="0" m="43017" /><D94/><U103/><E131/><V13/><F13/><W26/><G20/><N who="0" m="13463" /><D10/><U73/><E134/><N who="2" m="51211" /><F29/><W128/><G128/><T129/><D129/><U43/><E127/><V64/><F64/><W104/><G104/><T84/><D84/><U126/><E126/><V60/><F60/><AGARI ba="0,0" hai="36,40,44,55,59,60,81,83" m="13463,43017" machi="60" ten="30,1000,0" yaku="11,1" doraHai="8" who="0" fromWho="2" sc="503,10,139,0,185,-10,173,0" owari="513,61.3,139,-36.1,175,-2.5,173,-22.7" /></mjloggm>