<mjloggm ver="2.3"><GO type="225" lobby="0"/><UN n0="%73%69%72%6F%75%74" n1="%72%69%6F%75%63%68%61%6E" n2="%E3%81%9F%E3%81%8C%E3%82%84%E3%81%99" n3="%E3%81%99%E3%81%84%E3%81%BE%E3%81%9B%E3%83%BC%E3%82%93" dan="16,17,16,16" rate="2020.61,2233.73,2128.06,2116.52" sx="M,M,M,M"/><TAIKYOKU oya="0"/><INIT seed="0,0,0,3,1,89" ten="250,250,250,250" oya="0" hai0="84,135,56,88,69,19,52,16,72,104,132,127,4" hai1="67,8,34,75,7,73,36,46,22,81,96,108,125" hai2="103,49,40,100,21,87,3,66,33,82,130,120,86" hai3="14,1,32,106,54,76,123,43,61,74,5,26,71"/><T29/><D72/><U80/><E108/><V27/><F33/><W93/><G106/><T134/><D104/><U110/><E110/><V105/><F3/><W2/><G43/><T133/><D127/><U107/><E125/><V65/><F130/><W91/><G123/><T78/><D69/><U45/><E34/><V122/><F86/><W30/><G76/><T51/><D132/><U10/><E67/><N who="2" m="25611" /><F105/><W13/><G74/><N who="1" m="28170" /><E107/><V39/><F39/><W41/><G41/><T98/><D29/><U117/><E22/><V99/><F99/><W63/><G71/><T37/><D37/><U60/><E36/><V70/><F70/><W116/><G116/><T62/><D4/><U24/><E96/><V79/><F122/><W25/><G25/><T17/><D98/><U92/><E24/><V114/><F114/><W35/><G35/><T53/><D78/><U109/><E109/><V95/><F95/><W15/><G5/><T102/><D102/><U18/><E92/><V48/><F120/><W23/><G32/><T113/><D113/><U31/><E117/><V119/><F119/><W126/><G126/><T131/><D131/><U68/><E68/><V77/><F77/><W118/><G118/><T129/><D129/><U115/><E115/><V28/><F40/><W11/><G1/><T111/><D111/><U97/><E97/><V124/><F124/><W59/><G2/><T85/><D88/><U20/><E7/><V90/><F79/><W57/><G11/><T9/><D9/><U6/><E6/><V50/><AGARI ba="0,0" hai="21,27,28,48,49,50,82,87,90,100,103" m="25611" machi="50" ten="30,1100,0" yaku="8,1" doraHai="89" who="2" fromWho="2" sc="250,-5,250,-3,250,11,250,-3" /><INIT seed="1,0,0,0,1,42" ten="245,247,261,247" oya="1" hai0="132,111,65,100,18,124,2,64,34,27,46,108,120" hai1="5,75,50,77,121,55,97,40,84,12,95,24,92" hai2="79,88,69,71,125,3,119,9,16,57,4,110,76" hai3="105,10,114,80,66,101,68,116,52,115,44,53,81"/><U130/><E121/><V8/><F57/><W58/><G116/><T63/><D2/><U59/><E130/><V28/><F28/><W31/><G31/><T98/><D120/><U15/><E75/><V29/><F29/><W22/><G22/><N who="0" m="13783" /><D34/><U94/><E97/><V21/><F119/><W103/><G105/><T60/><D124/><U35/><E35/><V122/><F122/><W39/><G68/><T41/><D132/><U117/><E117/><V99/><F8/><W73/><G73/><T129/><D129/><U83/><E24/><V126/><F110/><N who="0" m="42026" /><D65/><U74/><E5/><V104/><F69/><W23/><G23/><T47/><D41/><U37/><REACH who="1" step="1"/><E74/><REACH who="1" ten="245,237,261,247" step="2"/><V118/><F118/><W25/><G25/><T109/><D109/><U51/><E51/><V128/><F128/><W48/><G48/><T13/><D63/><U72/><E72/><V56/><F4/><W107/><G115/><T87/><D87/><U131/><E131/><V82/><F99/><W26/><G26/><T6/><D6/><U113/><E113/><V11/><F126/><W62/><G114/><T36/><D36/><U91/><E91/><V106/><F88/><W14/><G39/><T123/><D123/><U90/><E90/><V54/><F125/><W112/><G112/><T43/><D98/><U127/><E127/><V0/><F79/><W102/><G107/><T89/><D89/><U96/><E96/><V70/><F106/><W45/><G81/><T32/><D32/><U20/><E20/><V19/><F82/><W86/><G80/><T38/><D38/><U85/><E85/><RYUUKYOKU ba="0,1" sc="245,-10,237,30,261,-10,247,-10" hai1="12,15,37,40,50,55,59,77,83,84,92,94,95" /><INIT seed="1,1,1,5,0,37" ten="235,267,251,237" oya="1" hai0="11,130,80,117,131,79,70,91,40,19,73,68,47" hai1="60,39,118,3,48,7,106,17,26,116,20,14,123" hai2="30,88,0,105,78,5,62,86,33,85,42,71,127" hai3="120,25,18,63,16,57,102,125,96,122,95,84,59"/><U52/><E123/><V22/><F105/><W31/><G125/><T83/><D117/><U23/><E39/><V97/><F33/><W115/><G115/><T54/><D54/><U53/><E106/><V74/><F74/><W24/><G122/><T77/><D91/><U110/><E110/><V51/><F127/><W41/><G120/><T108/><D19/><N who="3" m="7209" /><G41/><T58/><D58/><N who="3" m="22025" /><G63/><T8/><D108/><U133/><E133/><V103/><F62/><W109/><G109/><T32/><D32/><U124/><E124/><V46/><F71/><W126/><G31/><T90/><D90/><U75/><E75/><V38/><F38/><W81/><G126/><T119/><D119/><U27/><E60/><V1/><F1/><W61/><G61/><T100/><D100/><U45/><E53/><V129/><F129/><N who="0" m="49162" /><D8/><U21/><E118/><V43/><F43/><W6/><G6/><T67/><D11/><N who="1" m="4479" /><E116/><V135/><F135/><W121/><G121/><T112/><D112/><U69/><E69/><V107/><F5/><W9/><G9/><T29/><D29/><N who="1" m="17607" /><E3/><V12/><F0/><W134/><G134/><T49/><D70/><U104/><E104/><V113/><F113/><W132/><G132/><T72/><D68/><U66/><E21/><V35/><F35/><W64/><G64/><AGARI ba="1,1" hai="40,47,49,64,67,72,73,77,79,80,83" m="49162" machi="64" ten="30,2000,0" yaku="19,1,52,1" doraHai="37" who="0" fromWho="3" sc="235,33,267,0,251,0,237,-23" /><AGARI ba="1,0" hai="17,23,27,45,48,52,64,66" m="17607,4479" machi="64" ten="30,2900,0" yaku="8,1,54,1" doraHai="37" who="1" fromWho="3" sc="268,0,267,29,251,0,214,-29" /><INIT seed="1,2,0,0,1,31" ten="268,296,251,185" oya="1" hai0="135,85,68,126,114,129,27,49,120,47,1,72,63" hai1="95,51,73,107,46,86,115,118,19,55,131,128,21" hai2="104,29,121,93,4,62,52,37,108,54,18,134,42" hai3="61,28,96,87,5,111,110,20,71,41,80,22,33"/><U0/><E115/><V64/><F104/><W11/><G41/><T78/><D72/><U112/><E112/><V6/><F121/><W35/><G96/><T105/><D1/><U75/><E118/><V32/><F18/><W106/><G106/><T66/><D114/><U76/><E0/><V26/><F108/><N who="3" m="41515" /><G71/><T53/><D105/><U67/><E107/><V3/><F134/><W13/><G61/><T60/><D135/><U125/><E125/><V44/><F93/><W100/><G100/><T38/><D126/><U133/><E133/><V70/><F3/><W59/><G59/><T16/><D129/><N who="1" m="49739" /><E67/><V45/><REACH who="2" step="1"/><F54/><REACH who="2" ten="268,296,241,185" step="2"/><W94/><G94/><T124/><D53/><U43/><E55/><V103/><F103/><W2/><G2/><T84/><D124/><U99/><E95/><V91/><F91/><N who="3" m="51687" /><G28/><T113/><D113/><U74/><E99/><V127/><F127/><W92/><G92/><T79/><D120/><U17/><E17/><V122/><F122/><W98/><G98/><T48/><D16/><U24/><E86/><V97/><F97/><W82/><G82/><AGARI ba="2,1" hai="19,21,24,43,46,51,73,74,75,76,82" m="49739" machi="82" ten="30,1500,0" yaku="19,1" doraHai="31" who="1" fromWho="3" sc="268,0,296,31,241,0,185,-21" /><INIT seed="1,3,0,1,3,93" ten="268,327,241,164" oya="1" hai0="111,56,130,115,37,66,43,94,98,76,17,120,18" hai1="25,67,126,71,23,33,39,40,99,42,26,83,133" hai2="102,131,27,69,64,5,86,12,20,21,52,118,113" hai3="32,44,96,119,9,108,54,59,90,89,91,48,85"/><U82/><E126/><V31/><F69/><W78/><G108/><T101/><D115/><U135/><E33/><V49/><F131/><W124/><G32/><T14/><D111/><U55/><E55/><V114/><F64/><W50/><G124/><T6/><D130/><U88/><E67/><V60/><F60/><W100/><G119/><T51/><D37/><U109/><E71/><V38/><F38/><W45/><G9/><N who="0" m="4407" /><D76/><U16/><E109/><V129/><F118/><W81/><REACH who="3" step="1"/><G50/><REACH who="3" ten="268,327,241,154" step="2"/><T22/><D51/><U106/><E39/><V79/><F129/><W11/><G11/><T19/><D120/><U104/><E135/><V13/><F114/><W30/><G30/><T73/><D22/><N who="1" m="13511" /><E133/><V29/><F113/><W80/><G80/><N who="1" m="30762" /><E106/><AGARI ba="3,1" hai="44,45,48,54,59,78,81,85,89,90,91,96,100,106" machi="106" ten="40,5200,0" yaku="1,1,52,1,53,1" doraHai="93" doraHaiUra="72" who="3" fromWho="1" sc="268,0,327,-61,241,0,154,71" /><INIT seed="2,0,0,4,3,10" ten="268,266,241,225" oya="2" hai0="61,111,14,6,32,93,41,9,56,46,129,68,27" hai1="3,48,13,127,0,71,36,42,128,75,49,104,99" hai2="65,53,17,97,116,12,50,45,8,118,60,78,114" hai3="131,34,55,63,92,24,23,72,79,77,105,2,26"/><V1/><F1/><W25/><G105/><T19/><D111/><U86/><E75/><V126/><F126/><W29/><G2/><T84/><D129/><U16/><E71/><V106/><F114/><W18/><G131/><T91/><D68/><U66/><E128/><V80/><F97/><W130/><G130/><T121/><D121/><U81/><E66/><V110/><F106/><W83/><G79/><T89/><D89/><U74/><E74/><V22/><F22/><W124/><G124/><T85/><D85/><U62/><E127/><V4/><F17/><W73/><G73/><T76/><D76/><U54/><E36/><V15/><F15/><W64/><G92/><T135/><D135/><U88/><E42/><V39/><F39/><W37/><G37/><T57/><D61/><U107/><E62/><V120/><F110/><W125/><G125/><T112/><D112/><U38/><E48/><V21/><F21/><W133/><G133/><T98/><D98/><U30/><E30/><V44/><F45/><W82/><G82/><T134/><D134/><U87/><E38/><V132/><F120/><W20/><G55/><T123/><D123/><U59/><E87/><V52/><F53/><W115/><G115/><T96/><D84/><U28/><E28/><V5/><F5/><W40/><G40/><T103/><D6/><U7/><E107/><V122/><F122/><W70/><G34/><T90/><D32/><U11/><REACH who="1" step="1"/><E7/><REACH who="1" ten="268,256,241,225" step="2"/><V94/><F132/><W119/><G119/><T47/><D41/><U113/><E113/><V69/><F94/><W51/><G51/><RYUUKYOKU ba="0,1" sc="268,-30,256,10,241,10,225,10" hai1="0,3,11,13,16,49,54,59,81,86,88,99,104" hai2="4,8,12,44,50,52,60,65,69,78,80,116,118" hai3="18,20,23,24,25,26,29,63,64,70,72,77,83" /><INIT seed="2,1,1,3,4,77" ten="238,266,251,235" oya="2" hai0="5,14,1,75,103,51,93,119,56,72,28,99,101" hai1="132,109,9,102,113,86,80,116,22,47,117,16,52" hai2="71,40,49,13,6,57,38,92,129,87,73,33,48" hai3="91,90,123,69,30,66,7,2,53,125,43,27,112"/><V19/><F33/><W111/><G123/><T74/><D1/><U88/><E113/><V10/><F71/><W29/><G112/><T134/><D28/><U15/><E109/><V108/><F73/><W94/><G111/><T67/><D134/><U64/><E132/><V3/><F108/><W8/><G125/><T55/><D119/><U120/><E120/><V18/><F129/><W95/><G43/><T85/><D85/><U76/><E102/><V84/><F38/><W133/><G133/><T104/><D67/><U110/><E110/><V135/><F135/><W32/><G30/><T105/><D101/><U25/><E64/><V68/><F68/><W127/><G127/><T46/><REACH who="0" step="1"/><D56/><REACH who="0" ten="228,266,251,235" step="2"/><U11/><E76/><V115/><F115/><W126/><G126/><T118/><D118/><U23/><E117/><V121/><F121/><W128/><G128/><T24/><D24/><U59/><E116/><V35/><F3/><W81/><G66/><T62/><D62/><N who="1" m="36199" /><E47/><N who="2" m="25703" /><F35/><W54/><G69/><T26/><D26/><U63/><E63/><V124/><F124/><W97/><REACH who="3" step="1"/><G81/><REACH who="3" ten="228,266,251,225" step="2"/><T36/><D36/><U100/><E100/><V107/><F107/><W31/><G31/><AGARI ba="1,3" hai="9,11,15,16,22,23,25,31,80,86,88" m="36199" machi="31" ten="30,8000,1" yaku="8,1,52,1,54,3" doraHai="77" who="1" fromWho="3" sc="228,0,266,113,251,0,225,-83" /><INIT seed="3,0,0,4,3,11" ten="228,379,251,142" oya="3" hai0="109,131,28,79,104,111,118,24,115,34,61,133,8" hai1="116,128,129,56,32,130,77,23,132,69,72,101,83" hai2="126,94,54,17,95,113,65,91,0,33,105,97,63" hai3="27,68,96,85,99,73,48,80,3,59,46,87,108"/><W29/><G68/><T20/><D104/><U121/><E69/><V71/><F0/><W114/><G114/><T42/><D118/><U107/><E32/><V22/><F113/><W75/><G3/><T25/><D115/><U100/><E121/><V103/><F126/><W13/><G108/><N who="0" m="41547" /><D133/><U76/><E132/><V90/><F33/><W7/><G59/><T35/><D42/><U66/><E116/><V31/><F31/><W53/><G75/><T106/><D106/><U125/><E125/><V88/><F54/><W60/><G73/><T41/><D131/><U102/><E76/><V93/><F105/><W84/><G80/><T67/><D41/><U38/><E38/><V10/><F10/><N who="3" m="4319" /><G60/><T37/><D37/><U5/><E5/><V120/><REACH who="2" step="1"/><F120/><REACH who="2" ten="228,379,241,142" step="2"/><W127/><G127/><T124/><D124/><U36/><E107/><V112/><F112/><W21/><AGARI ba="0,1" hai="21,27,29,46,48,53,84,85,87,96,99" m="4319" machi="21" ten="30,3000,0" yaku="8,1,52,1" doraHai="11" who="3" fromWho="3" sc="228,-10,379,-10,241,-10,142,40" /><INIT seed="3,1,0,1,0,3" ten="218,369,231,182" oya="3" hai0="67,130,101,20,93,111,43,23,65,11,46,49,0" hai1="131,104,36,63,17,56,74,33,103,7,35,21,51" hai2="88,19,45,133,61,54,120,85,116,80,94,27,52" hai3="122,26,69,6,2,97,115,81,113,100,47,78,83"/><W40/><G69/><T48/><D111/><U28/><E36/><V39/><F39/><W129/><G122/><T9/><D130/><U87/><E74/><V124/><F116/><W127/><G127/><T57/><D0/><U66/><E131/><V77/><F124/><W31/><G129/><T50/><D9/><U18/><E7/><V114/><F114/><W112/><G78/><T117/><D11/><U72/><E72/><V84/><F133/><W102/><G6/><T96/><D117/><U44/><E28/><V128/><F128/><W95/><G2/><T110/><D110/><U14/><E87/><V132/><F132/><W62/><G62/><N who="0" m="38095" /><D67/><U86/><E86/><V105/><F105/><W109/><G102/><T10/><D10/><U79/><E79/><V29/><F120/><W70/><G70/><T73/><D73/><U22/><E103/><V25/><F45/><W106/><G106/><T119/><D119/><U75/><E75/><V76/><F76/><W41/><G109/><T126/><D126/><U135/><E135/><V118/><F118/><W12/><G12/><T58/><D58/><U55/><E104/><V99/><F99/><W5/><G5/><T1/><D1/><U4/><E4/><V89/><F77/><W91/><G100/><T15/><D15/><AGARI ba="1,0" hai="14,15,17,18,21,22,33,35,44,51,55,56,63,66" machi="15" ten="30,2000,0" yaku="7,1,9,1" doraHai="3" who="1" fromWho="0" sc="218,-23,369,23,231,0,182,0" owari="195,-20.5,392,49.2,231,3.1,182,-31.8" /></mjloggm>