<mjloggm ver="2.3"><GO type="225" lobby="0"/><UN n0="%E9%80%9F%E6%B0%B4%E5%87%9B%E9%A6%99" n1="%E6%80%AA%E3%81%97%E3%81%99%E3%81%8E%E3%82%8B%E3%83%81%E3%83%BC" n2="%E2%98%86%E5%AD%AB%E7%87%95%E5%A7%BF%E2%98%86" n3="%E9%BB%92%E9%89%84%E7%8F%A0%E9%9B%AB" dan="17,16,17,16" rate="2179.35,2080.22,2233.55,2184.27" sx="F,M,M,M"/><TAIKYOKU oya="0"/><INIT seed="0,0,0,4,5,42" ten="250,250,250,250" oya="0" hai0="1,67,51,58,104,21,14,135,84,132,57,10,60" hai1="117,32,122,96,59,95,43,131,39,124,69,54,44" hai2="110,26,97,74,33,111,101,99,106,91,70,37,75" hai3="13,20,8,7,50,61,4,6,76,3,118,78,115"/><T127/><D104/><U49/><E122/><V23/><F70/><W109/><G115/><T116/><D116/><U55/><E117/><V29/><F37/><W15/><G118/><T120/><D120/><U63/><E32/><V38/><F38/><W52/><G109/><N who="2" m="41481" /><F23/><W2/><G61/><T41/><D1/><U28/><E28/><V68/><F68/><W31/><G2/><T107/><D107/><U88/><E131/><V114/><F114/><W5/><G3/><T93/><D21/><U82/><E124/><V103/><F91/><W133/><G133/><T112/><D112/><U12/><E12/><V113/><F113/><W22/><G22/><T98/><D84/><U19/><E19/><V119/><F119/><W94/><G94/><AGARI ba="0,0" hai="26,29,33,74,75,94,97,99,101,103,106" m="41481" machi="94" ten="30,1000,0" yaku="14,1" doraHai="42" who="2" fromWho="3" sc="250,0,250,0,250,10,250,-10" /><INIT seed="1,0,0,5,4,64" ten="250,250,260,240" oya="1" hai0="31,83,67,6,20,71,122,76,108,106,89,19,38" hai1="27,14,29,45,0,44,3,97,117,93,129,75,79" hai2="47,23,25,121,16,127,134,33,69,21,91,41,82" hai3="99,119,118,102,37,72,115,22,116,12,73,39,87"/><U4/><E117/><V105/><F121/><W35/><G115/><T104/><D38/><N who="3" m="14345" /><G35/><T53/><D6/><U100/><E129/><V9/><F33/><W123/><G123/><T68/><D31/><U36/><E14/><N who="2" m="7247" /><F105/><N who="3" m="63711" /><G87/><T126/><D122/><U49/><E36/><V8/><F69/><W78/><G78/><T74/><D108/><U48/><E4/><V13/><F134/><W57/><G57/><T51/><D89/><U86/><E75/><N who="3" m="28746" /><G22/><T42/><D42/><U55/><E86/><N who="2" m="50647" /><F25/><W125/><G12/><T10/><D10/><U130/><E79/><V34/><F34/><W70/><G125/><T1/><D126/><U128/><E130/><V114/><F114/><W77/><G77/><T133/><D133/><U5/><E128/><V85/><F85/><W32/><G32/><T120/><D120/><U26/><E5/><N who="2" m="3215" /><F127/><W101/><G101/><T18/><D1/><U15/><E27/><V43/><F43/><W62/><G119/><T28/><D106/><U107/><E107/><V63/><F63/><W56/><G56/><N who="0" m="32831" /><D104/><U110/><E15/><V124/><F124/><W113/><G113/><T94/><D74/><U81/><E3/><V61/><F61/><W58/><G58/><T60/><D68/><U109/><E0/><V80/><F80/><W112/><G112/><T65/><D94/><U92/><E81/><V96/><F96/><W50/><G50/><AGARI ba="0,0" hai="21,23,41,47,50" m="3215,50647,7247" machi="50" ten="30,2000,0" yaku="8,1,54,1" doraHai="64" who="2" fromWho="3" sc="250,0,250,0,260,20,240,-20" /><INIT seed="2,0,0,3,4,105" ten="250,250,280,220" oya="2" hai0="57,36,10,120,66,81,114,19,11,97,78,8,49" hai1="9,45,92,110,106,109,16,128,5,58,79,115,43" hai2="94,93,104,21,119,4,108,102,69,88,103,111,61" hai3="77,30,42,40,89,80,135,41,26,101,15,134,47"/><V116/><F4/><W122/><G122/><T96/><D36/><U99/><E106/><V59/><F69/><W125/><G101/><N who="2" m="38409" /><F21/><W84/><G125/><T18/><D120/><U53/><E115/><V28/><F28/><W132/><G15/><T23/><D114/><U12/><E128/><V55/><F94/><W3/><G3/><T72/><D19/><U32/><E79/><V65/><F65/><W98/><G98/><T7/><D7/><U24/><E92/><V85/><F104/><W64/><G64/><T112/><D112/><U124/><E99/><V13/><F13/><W50/><REACH who="3" step="1"/><G77/><REACH who="3" ten="250,250,280,210" step="2"/><T130/><D130/><U35/><E124/><V2/><F2/><W117/><G117/><T31/><D97/><U126/><E126/><V91/><F91/><W62/><G62/><T131/><D96/><U127/><E127/><V22/><F22/><AGARI ba="0,1" hai="22,26,30,40,41,42,47,50,80,84,89,132,134,135" machi="22" ten="40,2600,0" yaku="1,1,20,1,53,0" doraHai="105" doraHaiUra="95" who="3" fromWho="2" sc="250,0,250,0,280,-26,210,36" /><INIT seed="3,0,0,2,1,97" ten="250,250,254,246" oya="3" hai0="112,53,17,24,124,92,59,29,130,64,58,132,50" hai1="121,78,40,103,36,7,44,21,84,28,32,13,18" hai2="85,61,104,45,134,26,72,2,116,10,63,68,62" hai3="77,12,49,19,15,88,11,83,128,117,41,4,23"/><W3/><G117/><T1/><D1/><U73/><E121/><V89/><F72/><W93/><G128/><T127/><D130/><U100/><E73/><V108/><F116/><W9/><G41/><T51/><D132/><U133/><E133/><V81/><F134/><W95/><G49/><T42/><D17/><U74/><E74/><V115/><F104/><W82/><G77/><T39/><D112/><U109/><E109/><V60/><F115/><W25/><G95/><T70/><D92/><U30/><E7/><V20/><F108/><W102/><G102/><N who="1" m="38954" /><E32/><V47/><F68/><W8/><G3/><T105/><D24/><U91/><E36/><V94/><N who="2" m="15360" /><DORA hai="106" /><V33/><F33/><W38/><G38/><T56/><D29/><N who="1" m="11371" /><E78/><V22/><F2/><W55/><G55/><T46/><D105/><U65/><E65/><V34/><F26/><W131/><G131/><T135/><D135/><U114/><E114/><V118/><F34/><W66/><G66/><T16/><D70/><U98/><E98/><V120/><F120/><W6/><G9/><T52/><D64/><U31/><N who="1" m="11379" /><U87/><DORA hai="43" /><E91/><N who="2" m="51631" /><F10/><W101/><G101/><T54/><D16/><U35/><E35/><V110/><F110/><W96/><AGARI ba="0,0" hai="4,6,8,11,12,15,19,23,25,82,83,88,93,96" machi="96" ten="20,12000,1" yaku="0,1,7,1,9,1,8,1,54,1" doraHai="97,106,43" who="3" fromWho="3" sc="250,-40,250,-40,254,-40,246,120" owari="210,-19.0,210,-29.0,214,1.4,366,46.6" /></mjloggm>