<mjloggm ver="2.3"><GO type="225" lobby="0"/><UN n0="%E6%98%93%E5%88%A9%E8%96%A9%E4%BC%AF" n1="%72%61%6B%33" n2="%E3%82%BC%E3%83%AB%E3%83%80%E3%81%AE%E4%BC%9D%E8%AA%AC" n3="%E5%A4%96%E5%B7%9D%E7%AB%9C%E6%88%90" dan="16,16,17,16" rate="2073.19,2143.20,2131.02,2186.18" sx="F,M,M,M"/><TAIKYOKU oya="0"/><INIT seed="0,0,0,3,0,79" ten="250,250,250,250" oya="0" hai0="22,61,33,73,109,24,84,112,90,1,72,26,23" hai1="65,38,123,55,132,104,111,133,43,69,28,63,94" hai2="25,50,45,114,127,89,135,19,30,103,11,40,4" hai3="46,86,59,101,44,100,75,12,0,32,71,83,113"/><T118/><D112/><U97/><E111/><V29/><F127/><W130/><G0/><T39/><D118/><U16/><E123/><V60/><F135/><W42/><G71/><T57/><D39/><U41/><E104/><V21/><F114/><W6/><G32/><T7/><D33/><U81/><E28/><V80/><F103/><W56/><G75/><T14/><D1/><U115/><E115/><V128/><F128/><W67/><G130/><T82/><D109/><U99/><E99/><V15/><REACH who="2" step="1"/><F60/><REACH who="2" ten="250,250,240,250" step="2"/><W88/><G101/><T20/><D72/><U51/><E133/><V58/><F58/><W120/><G100/><T47/><D73/><U119/><E132/><V102/><F102/><W96/><G56/><T13/><D47/><U131/><E131/><V110/><F110/><W95/><G113/><T92/><D57/><U78/><E63/><V36/><F36/><W76/><G120/><T49/><D61/><U37/><E38/><V91/><F91/><W87/><G46/><T134/><D49/><U52/><E51/><V35/><F35/><W66/><G59/><T10/><D134/><U62/><E37/><V126/><F126/><W107/><G107/><T64/><D64/><U124/><E65/><V18/><F18/><W74/><G67/><T54/><D90/><U31/><E124/><V106/><F106/><W125/><G66/><T93/><D54/><U121/><E55/><V77/><F77/><W8/><G125/><T117/><D117/><U68/><E119/><V27/><F27/><W3/><G3/><T70/><D26/><U116/><E116/><RYUUKYOKU ba="0,1" sc="250,-15,250,-15,240,15,250,15" hai2="4,11,15,19,21,25,29,30,40,45,50,80,89" hai3="6,8,12,42,44,74,76,83,86,87,88,95,96" /><INIT seed="1,1,1,0,1,109" ten="235,235,255,265" oya="1" hai0="28,83,7,36,27,0,37,29,133,110,15,64,76" hai1="35,86,135,132,26,96,38,134,107,60,101,92,123" hai2="52,20,111,93,104,45,87,72,41,118,66,117,8" hai3="89,22,106,80,11,43,50,103,17,63,56,77,58"/><U14/><E123/><V33/><F33/><W75/><G11/><T85/><D110/><U78/><E38/><V9/><F111/><W10/><G10/><T88/><D133/><U124/><E124/><V32/><F32/><W21/><G21/><T53/><D0/><U3/><E3/><V113/><F104/><W126/><G126/><T81/><D64/><U102/><E60/><V67/><F72/><W114/><G103/><T79/><D7/><U16/><E16/><V95/><F20/><W13/><G106/><T62/><D15/><U69/><E69/><V74/><BYE who="1" /><F74/><W4/><G4/><T51/><D62/><UN n1="%72%61%6B%33" /><U108/><E108/><V130/><F87/><W30/><G30/><T23/><D29/><N who="1" m="19895" /><E14/><V127/><F127/><W116/><G116/><T98/><D79/><U100/><E78/><V19/><F19/><W34/><G34/><T49/><D49/><U94/><E107/><V65/><F9/><W55/><G89/><AGARI ba="1,1" hai="86,89,92,94,96,100,101,102,132,134,135" m="19895" machi="89" ten="30,1500,0" yaku="20,1" doraHai="109" who="1" fromWho="3" sc="235,0,235,28,255,0,265,-18" /><INIT seed="1,2,0,3,0,26" ten="235,263,255,247" oya="1" hai0="84,88,117,15,93,111,48,33,135,110,99,73,133" hai1="102,113,79,90,96,23,83,78,46,18,13,101,71" hai2="75,80,131,8,97,52,72,68,76,124,50,40,107" hai3="118,126,24,121,36,94,20,28,19,127,10,123,112"/><U32/><E113/><V134/><F68/><W35/><G36/><T114/><D33/><U116/><E116/><V100/><F124/><N who="3" m="47659" /><G94/><N who="0" m="54535" /><D48/><U130/><E130/><V74/><F134/><N who="0" m="51210" /><D15/><U14/><E71/><V39/><F131/><W5/><G112/><T61/><D61/><U47/><E32/><V85/><F8/><W54/><G54/><T17/><D17/><U1/><E1/><V51/><F39/><W53/><G53/><T38/><D38/><U91/><E96/><V27/><F40/><W56/><G56/><T82/><D117/><U106/><E106/><V6/><F6/><W45/><G45/><T59/><D59/><U77/><E83/><V67/><F67/><W64/><G64/><T69/><D69/><U86/><E86/><V21/><REACH who="2" step="1"/><F52/><REACH who="2" ten="235,263,245,247" step="2"/><W89/><G118/><T122/><D114/><U4/><E4/><V103/><F103/><W129/><G129/><T108/><D122/><U41/><E41/><V29/><AGARI ba="2,1" hai="21,27,29,50,51,72,74,75,76,80,85,97,100,107" machi="29" ten="30,12000,2" yaku="1,1,0,1,52,1,53,3" doraHai="26" doraHaiUra="104" who="2" fromWho="2" sc="235,-32,263,-62,245,136,247,-32" /><INIT seed="2,0,0,4,5,128" ten="203,201,381,215" oya="2" hai0="52,0,65,23,110,42,49,21,89,125,14,13,123" hai1="132,17,27,99,119,129,104,102,135,68,103,40,117" hai2="116,72,18,76,35,5,34,120,51,108,121,134,91" hai3="81,60,75,93,64,44,63,58,70,1,15,71,11"/><V56/><F116/><W29/><G1/><T98/><D123/><U66/><E129/><V38/><F38/><W55/><G29/><T73/><D0/><U85/><E40/><V57/><F18/><W90/><G44/><T10/><D73/><U131/><E131/><V112/><F91/><W6/><G75/><T46/><D110/><U127/><E127/><V86/><F86/><W88/><G81/><T25/><D65/><U31/><E102/><V74/><F51/><W109/><G109/><T53/><D125/><U105/><E105/><V61/><F61/><W82/><G82/><T107/><D23/><U95/><E17/><V126/><F112/><W30/><G30/><T106/><D106/><U37/><E37/><V7/><F76/><W118/><G118/><N who="1" m="45066" /><E95/><V28/><F28/><W22/><G22/><T3/><D3/><U130/><E85/><V59/><F108/><W69/><REACH who="3" step="1"/><G90/><REACH who="3" ten="203,201,381,205" step="2"/><T39/><D89/><U4/><E130/><V111/><F111/><W122/><G122/><T24/><D21/><U26/><E26/><V50/><F74/><W20/><G20/><T9/><D25/><U84/><E27/><V8/><F72/><W43/><G43/><T79/><D24/><U113/><E31/><V100/><F120/><W54/><G54/><T32/><D53/><U48/><E113/><V80/><F80/><W47/><G47/><T78/><D52/><U45/><E45/><V67/><F121/><W19/><G19/><N who="0" m="8623" /><D39/><U12/><E4/><V92/><F7/><W101/><G101/><N who="0" m="62903" /><D32/><U83/><E103/><V96/><F100/><W124/><G124/><RYUUKYOKU ba="0,1" sc="203,15,201,-15,381,-15,205,15" hai0="10,14,42,46,49,78,79" hai3="6,11,15,55,58,60,63,64,69,70,71,88,93" /><INIT seed="3,1,1,0,4,106" ten="218,186,366,220" oya="3" hai0="87,95,28,54,110,101,83,84,51,19,77,60,16" hai1="70,41,74,75,17,39,111,29,44,117,130,32,133" hai2="122,55,127,85,71,33,15,107,8,66,61,42,21" hai3="68,63,100,30,115,129,105,43,64,27,112,59,37"/><W104/><G59/><N who="0" m="34935" /><D110/><U69/><E111/><V79/><F127/><W46/><G129/><T36/><D36/><U65/><E130/><V98/><F33/><N who="3" m="20703" /><G100/><T86/><D28/><U103/><E17/><N who="0" m="6729" /><D51/><U6/><E133/><V80/><F122/><W134/><G134/><T94/><D94/><U26/><E117/><V24/><F42/><W92/><G92/><T113/><D113/><AGARI ba="1,1" hai="37,43,46,63,64,68,104,105,112,113,115" m="20703" machi="113" ten="30,1500,0" yaku="23,1" doraHai="106" who="3" fromWho="0" sc="218,-18,186,0,366,0,220,28" /><INIT seed="3,2,0,5,0,74" ten="200,186,366,248" oya="3" hai0="128,68,25,26,41,77,129,4,115,104,69,24,58" hai1="67,53,55,120,76,9,23,125,46,45,42,12,114" hai2="30,81,78,106,17,72,18,113,37,22,11,15,99" hai3="92,8,101,1,109,79,66,95,83,85,111,14,61"/><W44/><G1/><T57/><D104/><U100/><E120/><V56/><F113/><W19/><G44/><T36/><D77/><U31/><E114/><V131/><F37/><W89/><G101/><T62/><D115/><U34/><E34/><V43/><F43/><W39/><G39/><T135/><D135/><U112/><E112/><V0/><F131/><N who="0" m="50250" /><D4/><U108/><E108/><N who="3" m="41546" /><G89/><T93/><D93/><U7/><E125/><V86/><F0/><W10/><G10/><T2/><D2/><U60/><E100/><V94/><F106/><W118/><G118/><T121/><D121/><U80/><E23/><V16/><F72/><W47/><G47/><N who="0" m="23975" /><D58/><AGARI ba="2,0" hai="8,14,19,58,61,66,79,83,85,92,95" m="41546" machi="58" ten="30,5800,0" yaku="14,1,10,1,52,1" doraHai="74" who="3" fromWho="0" sc="200,-64,186,0,366,0,248,64" /><INIT seed="3,3,0,5,1,89" ten="136,186,366,312" oya="3" hai0="52,5,8,120,24,84,87,94,86,31,46,30,91" hai1="108,81,124,33,37,25,106,92,79,129,42,69,105" hai2="17,125,82,44,41,116,63,23,16,73,80,49,68" hai3="117,78,55,113,12,2,60,19,122,111,14,95,97"/><W6/><G113/><T3/><D120/><U126/><E69/><V131/><F116/><W66/><G117/><T7/><D7/><U115/><E115/><V118/><F118/><W39/><G39/><T104/><D104/><U102/><E108/><V20/><F125/><W9/><G122/><T130/><D130/><U21/><E33/><V57/><F131/><W18/><G78/><T134/><D134/><U13/><E13/><N who="2" m="9231" /><F68/><W135/><G135/><T70/><D70/><U56/><E56/><V74/><F74/><W83/><G83/><T127/><D127/><U27/><E27/><N who="2" m="14831" /><F73/><W114/><G55/><AGARI ba="3,0" hai="41,44,49,55,57,63,80,82" m="14831,9231" machi="55" ten="30,2000,0" yaku="8,1,54,1" doraHai="89" who="2" fromWho="3" sc="136,0,186,0,366,29,312,-29" owari="136,-36.4,186,-21.4,395,49.5,283,8.3" /></mjloggm>