<mjloggm ver="2.3"><GO type="225" lobby="0"/><UN n0="%E3%81%BF%E3%82%84%E3%81%93%E3%82%93%EF%BC%91%EF%BC%90%E6%AD%B3" n1="%E7%99%BD%E6%97%A5%E9%9B%AA%E8%8F%9C" n2="%E5%86%B7%E5%87%8D%E3%82%AE%E3%83%A7%E3%83%BC%E3%82%B6" n3="%3E%5F%30%40%E6%9D%8F%E6%9D%8F%E8%BB%8D%E5%9C%98" dan="16,16,16,16" rate="2064.16,2128.21,2117.94,2128.21" sx="M,M,M,F"/><TAIKYOKU oya="0"/><INIT seed="0,0,0,3,2,33" ten="250,250,250,250" oya="0" hai0="55,56,13,107,67,20,118,62,88,76,53,17,22" hai1="101,64,81,12,113,77,8,80,131,16,69,110,79" hai2="41,135,10,61,23,39,133,25,24,5,111,7,59" hai3="109,128,27,28,3,96,126,119,97,36,82,31,37"/><T6/><D118/><U49/><E110/><V65/><F111/><W72/><G119/><T34/><D107/><U120/><E120/><V29/><F24/><W58/><G109/><T30/><D6/><U91/><E131/><V42/><F5/><W9/><G128/><T44/><D76/><U130/><E130/><V66/><F66/><W51/><G126/><T0/><D0/><U117/><E117/><V57/><F57/><W48/><G58/><T95/><D34/><U45/><E101/><V46/><REACH who="2" step="1"/><F41/><REACH who="2" ten="250,250,240,250" step="2"/><W121/><G27/><N who="0" m="16743" /><D44/><U116/><E116/><V132/><F132/><W85/><G121/><T75/><D75/><U15/><E64/><V47/><F47/><W89/><G72/><T100/><D100/><U14/><E69/><V99/><F99/><AGARI ba="0,1" hai="13,17,22,53,55,56,62,67,88,95,99" m="16743" machi="99" ten="30,2900,0" yaku="8,1,54,1" doraHai="33" who="0" fromWho="2" sc="250,39,250,0,240,-29,250,0" /><INIT seed="0,1,0,0,0,85" ten="289,250,211,250" oya="0" hai0="83,25,14,134,43,89,99,22,123,117,127,41,30" hai1="126,63,90,125,55,70,6,93,118,92,122,13,46" hai2="74,57,11,114,102,19,75,66,15,103,72,28,106" hai3="69,18,98,27,78,100,54,45,110,56,62,58,119"/><T115/><D123/><U91/><E122/><V135/><F114/><W5/><G119/><T31/><D115/><U7/><E118/><V128/><F128/><W60/><G110/><T105/><D117/><U68/><E13/><V130/><F130/><W17/><G69/><T24/><D127/><N who="1" m="48651" /><E46/><V94/><F106/><W111/><G111/><T67/><D134/><U29/><E29/><V32/><F135/><W96/><G5/><N who="1" m="1546" /><E55/><V108/><F108/><W42/><G78/><T50/><D14/><U10/><E10/><V53/><F66/><W49/><G27/><T124/><D67/><N who="1" m="41087" /><E70/><V77/><F28/><W35/><G35/><T36/><D36/><U101/><E101/><V21/><F32/><W71/><G71/><T37/><D37/><U1/><E1/><V73/><F11/><W47/><G47/><T26/><D124/><U12/><E12/><V76/><N who="2" m="18432" /><DORA hai="79" /><V112/><F112/><W40/><G40/><T34/><D26/><U51/><E51/><V65/><F65/><W80/><G100/><T82/><D50/><U2/><E2/><V107/><F107/><W120/><G120/><T121/><D121/><U109/><E109/><V20/><F20/><W88/><G17/><T97/><D105/><U131/><E131/><V59/><F103/><W52/><G18/><T39/><D39/><U16/><E16/><V116/><F116/><W133/><G133/><T86/><D41/><U3/><E3/><V64/><F64/><W0/><G0/><T129/><D43/><U81/><E81/><N who="0" m="30729" /><D129/><U104/><E104/><V33/><F33/><W48/><G49/><RYUUKYOKU ba="1,0" sc="289,10,250,10,211,-30,250,10" hai0="22,24,25,30,31,34,86,89,97,99" hai1="90,91,92,93" hai3="42,45,48,52,54,56,58,60,62,80,88,96,98" /><INIT seed="0,2,0,3,1,129" ten="299,260,181,260" oya="0" hai0="55,19,6,59,112,28,63,70,76,104,29,92,2" hai1="64,5,81,3,110,132,36,77,11,135,9,79,95" hai2="127,62,50,39,31,75,103,10,53,15,83,115,71" hai3="97,20,52,105,30,119,82,133,23,26,58,17,35"/><T16/><D104/><U66/><E36/><V102/><F115/><W126/><G119/><T73/><D112/><U7/><E110/><V14/><F39/><W121/><G121/><T89/><D70/><U116/><E95/><V34/><F127/><W85/><G126/><T51/><D73/><U45/><E45/><V130/><F130/><W49/><G133/><N who="1" m="51274" /><E116/><V12/><F10/><W106/><G97/><T46/><D76/><N who="1" m="29259" /><E81/><V65/><F83/><W117/><G117/><T54/><D2/><AGARI ba="2,0" hai="2,3,5,7,9,11,64,66" m="29259,51274" machi="2" ten="30,7700,0" yaku="20,1,52,3" doraHai="129" who="1" fromWho="0" sc="299,-83,260,83,181,0,260,0" /><INIT seed="1,0,0,0,2,28" ten="216,343,181,260" oya="1" hai0="132,34,46,83,77,42,36,11,12,60,114,135,92" hai1="63,75,18,96,31,102,51,93,68,111,15,79,56" hai2="41,14,85,90,24,33,21,4,106,84,109,76,123" hai3="49,3,101,81,52,108,129,73,25,50,91,122,66"/><U120/><E120/><V118/><F118/><W115/><G122/><T59/><D114/><U23/><E68/><V37/><F123/><W5/><G115/><T47/><D92/><U99/><E111/><V35/><F106/><W124/><G108/><T131/><D47/><U97/><E51/><V53/><F109/><W6/><G124/><T105/><D105/><U44/><E44/><V19/><F37/><W30/><G129/><T74/><D131/><U43/><E43/><V112/><F41/><W98/><G66/><T65/><REACH who="0" step="1"/><D34/><REACH who="0" ten="206,343,181,260" step="2"/><U16/><E93/><V40/><F112/><W128/><G128/><T103/><D103/><U89/><E102/><V17/><F40/><W32/><G3/><T62/><D62/><U0/><E0/><V80/><F4/><AGARI ba="0,1" hai="4,11,12,36,42,46,59,60,65,74,77,83,132,135" machi="4" ten="40,1300,0" yaku="1,1,53,0" doraHai="28" doraHaiUra="27" who="0" fromWho="2" sc="206,23,343,0,181,-13,260,0" /><INIT seed="2,0,0,1,2,71" ten="229,343,168,260" oya="2" hai0="44,115,4,47,109,46,67,80,56,42,52,126,77" hai1="107,73,93,8,41,82,114,129,23,34,62,25,130" hai2="20,76,72,95,96,98,118,9,116,54,28,21,132" hai3="81,124,5,104,31,48,123,70,27,60,117,32,33"/><V110/><F132/><W119/><G123/><T101/><D115/><U85/><E107/><V38/><F110/><W78/><G104/><T40/><D109/><U66/><E114/><V91/><F38/><W83/><G124/><T121/><D121/><U127/><E34/><V103/><F9/><W35/><G48/><T75/><D126/><U122/><E127/><V64/><F64/><N who="3" m="41223" /><G83/><T45/><D101/><U58/><E122/><V74/><F54/><W22/><G22/><T3/><D67/><U15/><E41/><V19/><F21/><W69/><G69/><T86/><D75/><U92/><E73/><V30/><F74/><N who="3" m="43223" /><G5/><T29/><D29/><U10/><E10/><V97/><F76/><W26/><G26/><T112/><D112/><U57/><E57/><V94/><F72/><W13/><G13/><T59/><D59/><U68/><E68/><V18/><F18/><W2/><G2/><T135/><D135/><U11/><E11/><V53/><F53/><W24/><G33/><T90/><D90/><U7/><E93/><V63/><F63/><W113/><G113/><T125/><D125/><U16/><REACH who="1" step="1"/><E92/><REACH who="1" ten="229,333,168,260" step="2"/><V102/><F102/><W88/><G35/><T84/><D42/><U49/><E49/><V134/><F134/><W17/><G32/><T14/><D40/><U87/><E87/><V0/><F97/><W100/><G100/><T39/><D84/><U1/><E1/><V106/><F0/><W51/><G51/><N who="0" m="30751" /><D3/><U111/><E111/><V89/><F106/><W43/><G43/><N who="0" m="22655" /><D45/><U105/><E105/><V131/><F103/><W37/><G37/><RYUUKYOKU ba="0,1" sc="229,15,333,15,168,-15,260,-15" hai0="4,14,46,47,77,80,86" hai1="7,8,15,16,23,25,58,62,66,82,85,129,130" /><INIT seed="3,1,1,2,0,85" ten="244,348,153,245" oya="3" hai0="34,79,5,65,123,129,39,62,107,47,17,26,27" hai1="46,76,135,117,82,30,106,9,126,99,116,93,19" hai2="22,16,127,88,103,23,68,130,131,37,12,113,73" hai3="32,114,75,110,128,69,4,2,60,84,53,81,92"/><W54/><G114/><T97/><D123/><U71/><E71/><V59/><F113/><W50/><G32/><T21/><D5/><U8/><E106/><V36/><F68/><W44/><G128/><N who="2" m="49193" /><F73/><W91/><G110/><T35/><D129/><U89/><E135/><V20/><F103/><W45/><G4/><T98/><D79/><U13/><E126/><V63/><F127/><W6/><G6/><T105/><D98/><U115/><E30/><V33/><F33/><W120/><G120/><T24/><D39/><N who="2" m="14922" /><F59/><W122/><G122/><T104/><D47/><U72/><E46/><V94/><F63/><W86/><G75/><T42/><D42/><U41/><E41/><V48/><F48/><W3/><G45/><T78/><D35/><U56/><E56/><V83/><F83/><W101/><G54/><T100/><D34/><U67/><E115/><V108/><F108/><W112/><G112/><T77/><D107/><U132/><E132/><V124/><F124/><W31/><G31/><T109/><D105/><U49/><E49/><V90/><F94/><W66/><REACH who="3" step="1"/><G101/><REACH who="3" ten="244,348,153,235" step="2"/><T11/><D109/><U58/><E19/><V102/><F102/><W52/><G52/><T87/><D100/><U118/><E118/><V0/><F0/><W15/><G15/><T64/><D104/><U29/><E13/><V51/><F51/><W125/><G125/><T43/><D43/><U57/><E117/><V95/><F95/><W40/><G40/><T111/><D111/><U80/><E93/><V96/><F96/><W28/><G28/><T74/><D97/><U119/><E99/><RYUUKYOKU ba="1,2" sc="244,-15,348,-15,153,15,235,15" hai2="12,16,20,22,23,88,90" hai3="2,3,44,50,53,60,66,69,81,84,86,91,92" /><INIT seed="3,2,2,3,3,11" ten="229,333,168,250" oya="3" hai0="50,67,103,32,5,75,93,20,119,28,23,123,111" hai1="124,85,39,71,127,74,104,77,83,116,43,38,37" hai2="70,86,113,96,60,52,78,121,114,18,35,68,19" hai3="79,3,97,66,69,82,65,109,99,112,105,17,24"/><W58/><G112/><T73/><D123/><U120/><E120/><V63/><F121/><W40/><G3/><T125/><D119/><U80/><E116/><V42/><F42/><W26/><G69/><T101/><D32/><U87/><E104/><V53/><F86/><N who="3" m="48479" /><G105/><T45/><D111/><U22/><E71/><V62/><F78/><W122/><G40/><T13/><D125/><N who="1" m="48203" /><E22/><V29/><F62/><N who="3" m="38103" /><G66/><T51/><D67/><U36/><E80/><V8/><F8/><W90/><G109/><T132/><D132/><U9/><E9/><V88/><F35/><W33/><G33/><T34/><D34/><U89/><E89/><V44/><F44/><AGARI ba="2,2" hai="36,37,38,39,43,44,74,77,83,85,87" m="48203" machi="44" ten="40,1300,0" yaku="18,1" doraHai="11" who="1" fromWho="2" sc="229,0,333,39,168,-19,250,0" owari="229,-17.1,372,47.2,149,-35.1,250,5.0" /></mjloggm>