<mjloggm ver="2.3"><GO type="225" lobby="0"/><UN n0="%66%72%61%63%74%75%72%65" n1="%72%61%6B%33" n2="%E3%81%8F%E3%81%BE%E3%81%96%E3%82%8F" n3="%6B%79%6F%6E%6B%6F%31%31" dan="16,16,16,17" rate="2033.79,2210.65,2058.25,2186.94" sx="M,M,M,M"/><TAIKYOKU oya="0"/><INIT seed="0,0,0,0,5,72" ten="250,250,250,250" oya="0" hai0="87,68,28,74,36,47,29,42,33,99,86,24,23" hai1="18,117,20,98,21,0,130,110,38,94,116,10,133" hai2="76,22,40,52,56,3,109,120,30,60,73,48,16" hai3="34,105,85,113,107,82,12,134,59,62,6,129,125"/><T127/><D68/><U67/><E38/><V97/><F120/><W83/><G34/><T14/><D127/><U26/><E110/><V91/><F3/><W100/><G113/><T4/><D74/><U51/><E130/><V15/><F109/><W135/><G12/><T35/><D99/><U111/><E111/><V118/><F118/><W132/><G6/><T50/><D36/><U57/><E133/><V71/><F73/><W77/><G129/><T114/><D114/><U80/><E20/><V70/><F30/><W39/><G39/><T92/><D92/><U5/><E80/><V61/><F76/><N who="3" m="46279" /><G100/><T79/><D29/><U64/><E64/><V66/><F40/><W93/><G93/><T11/><D87/><U89/><REACH who="1" step="1"/><E51/><REACH who="1" ten="250,240,250,250" step="2"/><V45/><F61/><AGARI ba="0,1" hai="0,5,10,18,21,26,57,61,67,89,94,98,116,117" machi="61" ten="40,5200,0" yaku="1,1,2,1,53,1" doraHai="72" doraHaiUra="7" who="1" fromWho="2" sc="250,0,240,62,250,-52,250,0" /><INIT seed="1,0,0,2,4,93" ten="250,302,198,250" oya="1" hai0="44,64,99,77,33,2,1,85,35,80,47,60,96" hai1="49,5,54,106,87,117,131,40,57,134,42,45,68" hai2="8,76,104,88,94,53,43,98,11,13,128,58,37" hai3="16,31,59,121,56,110,67,81,70,39,83,74,9"/><U72/><E106/><V125/><F128/><W46/><G121/><T90/><D2/><U115/><E72/><V20/><F125/><W23/><G110/><T111/><D1/><U102/><E102/><V130/><F130/><W92/><G70/><T79/><D111/><U89/><E131/><V19/><F104/><W25/><G39/><T101/><D101/><U15/><E68/><V75/><F37/><W62/><G46/><N who="0" m="17451" /><D33/><U135/><E115/><V86/><F43/><W122/><G122/><T30/><D30/><U12/><E117/><V55/><F75/><W27/><G74/><T52/><D35/><U100/><E100/><V48/><F55/><W103/><G56/><N who="0" m="34823" /><D64/><U120/><E120/><V6/><F6/><W29/><G29/><T132/><D132/><U7/><E7/><V71/><F71/><W84/><G9/><T118/><D118/><U116/><E5/><V10/><REACH who="2" step="1"/><F76/><AGARI ba="0,0" hai="76,77,79,80,85,90,96,99" m="34823,17451" machi="76" ten="30,7700,0" yaku="8,1,52,2,54,1" doraHai="93" who="0" fromWho="2" sc="250,77,302,0,198,-77,250,0" /><INIT seed="2,0,0,5,1,82" ten="327,302,121,250" oya="2" hai0="10,80,83,49,36,7,50,30,118,79,19,108,105" hai1="4,56,57,20,1,11,94,129,134,12,95,5,2" hai2="106,123,55,75,107,76,66,16,21,110,47,3,132" hai3="40,133,71,124,13,81,91,60,23,51,39,67,61"/><V53/><F123/><W101/><G101/><T78/><D36/><U15/><E20/><V97/><F3/><W70/><G124/><T35/><D105/><U74/><E11/><V31/><F132/><W125/><G125/><T88/><D19/><U6/><E74/><V34/><F110/><W58/><G133/><T46/><D118/><U121/><E134/><V68/><F75/><W28/><G13/><T89/><D30/><U41/><E41/><V109/><F76/><W38/><G23/><T54/><D35/><U62/><E62/><N who="2" m="40023" /><F109/><W42/><G91/><T85/><D50/><U115/><E5/><V113/><F47/><N who="3" m="23967" /><G81/><T9/><D108/><U111/><E111/><V84/><F84/><W26/><G26/><T117/><D117/><U90/><E90/><V37/><F37/><W52/><G28/><T14/><D9/><U59/><E121/><V126/><F126/><W43/><G38/><T119/><D119/><U100/><E100/><N who="2" m="62735" /><F107/><W17/><G17/><T27/><D27/><U65/><E4/><V99/><F99/><W22/><G22/><T25/><D25/><U104/><E6/><V77/><F77/><W103/><G103/><T98/><D98/><U112/><E104/><V8/><F8/><W122/><G122/><T130/><D130/><U135/><E129/><V96/><F96/><W69/><G61/><T32/><D32/><U73/><E135/><V72/><F72/><AGARI ba="0,0" hai="7,10,14,46,49,54,72,78,79,80,83,85,88,89" machi="72" ten="30,3900,0" yaku="7,1,52,1,54,1" doraHai="82" who="0" fromWho="2" sc="327,39,302,0,121,-39,250,0" /><INIT seed="3,0,0,3,5,14" ten="366,302,82,250" oya="3" hai0="98,49,78,27,64,121,55,21,85,68,43,45,46" hai1="100,5,3,80,26,120,22,97,36,58,130,61,106" hai2="127,135,40,82,0,72,114,70,31,90,126,103,17" hai3="74,53,79,18,42,9,86,29,101,131,54,102,87"/><W105/><G131/><T109/><D121/><U73/><E130/><V57/><F70/><W129/><G129/><T111/><D98/><U112/><E120/><V75/><F40/><W38/><G74/><T117/><D117/><U48/><E112/><V7/><F7/><W23/><G105/><T108/><D78/><U50/><E36/><V52/><F103/><N who="3" m="39435" /><G38/><N who="0" m="21751" /><D85/><N who="3" m="32265" /><G42/><T133/><D133/><U34/><E34/><V123/><F123/><W104/><G104/><T10/><D10/><U56/><E56/><V47/><F114/><W32/><G32/><T89/><D89/><U132/><E132/><V19/><F135/><W71/><G71/><T20/><D27/><U113/><E113/><V24/><F0/><W88/><G79/><T33/><D33/><U69/><E69/><V11/><F47/><W99/><G9/><T116/><D116/><U35/><E35/><N who="2" m="20967" /><F11/><W128/><G29/><T91/><D91/><U95/><E106/><V122/><F122/><W25/><G128/><T6/><D6/><U44/><E44/><V96/><F90/><W62/><G62/><AGARI ba="0,0" hai="20,21,46,49,55,62,64,68,108,109,111" m="21751" machi="62" ten="30,1000,0" yaku="14,1" doraHai="14" who="0" fromWho="3" sc="366,10,302,0,82,0,250,-10" owari="376,47.6,302,10.2,82,-41.8,240,-16.0" /></mjloggm>