<mjloggm ver="2.3"><GO type="225" lobby="0"/><UN n0="%E5%8D%A0%E3%81%84%E5%B8%AB%E8%A3%8F%E3%81%AA%E3%81%84%E3%81%97" n1="%E3%81%B5%E3%81%98%E3%81%8B%E3%81%A4" n2="%E6%81%A5%E6%99%92%E3%81%97" n3="%4D%50%43%32%38%30%30" dan="17,16,16,16" rate="2168.62,2164.06,2107.20,2156.15" sx="M,M,M,M"/><TAIKYOKU oya="0"/><INIT seed="0,0,0,1,2,110" ten="250,250,250,250" oya="0" hai0="101,10,16,66,54,81,49,19,9,74,47,124,71" hai1="77,68,122,131,42,86,97,116,25,29,69,35,118" hai2="99,28,36,1,75,64,76,120,83,70,85,90,18" hai3="39,40,128,21,14,55,5,134,17,95,46,31,111"/><T7/><D124/><U104/><E122/><V133/><F120/><W96/><G111/><T125/><D125/><U45/><E131/><V80/><F133/><W130/><G134/><T62/><D101/><N who="1" m="62511" /><E86/><V26/><F36/><W112/><G112/><T13/><REACH who="0" step="1"/><D9/><REACH who="0" ten="240,250,250,250" step="2"/><U53/><E116/><V2/><F1/><W93/><G130/><T4/><D4/><U82/><E118/><V58/><F2/><W37/><G5/><T98/><D98/><U126/><E126/><V60/><F99/><W63/><G128/><T41/><D41/><U132/><E42/><V117/><F117/><W108/><G108/><T43/><D43/><U52/><E132/><V115/><F18/><W38/><G39/><T89/><D89/><U24/><E29/><V44/><F28/><W92/><G38/><T129/><D129/><U78/><E78/><AGARI ba="0,1" hai="7,10,13,16,19,47,49,54,62,66,71,74,78,81" machi="78" ten="40,7700,0" yaku="1,1,54,1,53,1" doraHai="110" doraHaiUra="59" who="0" fromWho="1" sc="240,87,250,-77,250,0,250,0" /><INIT seed="0,1,0,0,4,6" ten="327,173,250,250" oya="0" hai0="100,123,103,107,45,124,114,9,39,89,130,50,121" hai1="26,62,63,108,120,28,116,44,92,85,131,75,60" hai2="94,20,35,105,117,43,99,11,21,55,90,13,8" hai3="46,97,36,32,59,132,69,134,29,127,49,133,70"/><T23/><D114/><U82/><E116/><V42/><F35/><W110/><G110/><T34/><D34/><U86/><E108/><V27/><F117/><W18/><G127/><T0/><D39/><U118/><E120/><V30/><F105/><W10/><G36/><T71/><D71/><U81/><E118/><V122/><F122/><W115/><G115/><T7/><D124/><U109/><E131/><V113/><F113/><W102/><G59/><T83/><D130/><U67/><E109/><V72/><F72/><W126/><G126/><T73/><D121/><U52/><E75/><V24/><F55/><N who="3" m="30135" /><G29/><T40/><D107/><U58/><E92/><V47/><F13/><N who="3" m="7479" /><G32/><T101/><D123/><U15/><E15/><V119/><F119/><W4/><G4/><T1/><D23/><N who="1" m="15455" /><E44/><V129/><F129/><W54/><G54/><T61/><D61/><N who="1" m="36039" /><E67/><V2/><F2/><W3/><G3/><T53/><D0/><U87/><AGARI ba="1,0" hai="60,62,63,81,82,85,86,87" m="36039,15455" machi="87" ten="30,2000,0" yaku="8,1,54,1" doraHai="6" who="1" fromWho="1" sc="327,-11,173,23,250,-6,250,-6" /><INIT seed="1,0,0,1,4,129" ten="316,196,244,244" oya="1" hai0="126,86,9,91,18,58,93,45,81,120,30,78,54" hai1="41,125,51,16,53,43,104,79,0,89,131,27,80" hai2="26,95,98,20,75,114,82,87,65,5,111,50,61" hai3="62,60,15,94,90,66,4,117,34,23,71,42,97"/><U105/><E131/><V102/><F111/><W3/><G34/><T121/><D126/><U37/><E125/><V57/><F114/><W113/><G113/><T132/><D30/><U70/><E70/><V56/><F75/><W72/><G72/><T22/><D45/><U21/><E0/><V99/><F99/><W107/><G117/><T96/><D9/><U88/><E105/><V52/><F5/><W11/><G107/><T35/><D132/><U6/><E6/><V100/><F100/><W106/><G106/><T46/><D46/><U31/><E31/><V28/><F82/><W92/><G42/><N who="1" m="15882" /><E37/><V44/><REACH who="2" step="1"/><F87/><REACH who="2" ten="316,196,234,244" step="2"/><W77/><G97/><T135/><D96/><U116/><E116/><V122/><F122/><W7/><G7/><T36/><D121/><U128/><E128/><V124/><F124/><W2/><G2/><T48/><D120/><U29/><E104/><V83/><F83/><W134/><G3/><T14/><D81/><U127/><E127/><V123/><F123/><W19/><G4/><T109/><D109/><U10/><E80/><V13/><F13/><W33/><G15/><T49/><D14/><N who="1" m="7255" /><E79/><V12/><F12/><W73/><G77/><T1/><D78/><U17/><E17/><V130/><F130/><W112/><G19/><T118/><D18/><U40/><E40/><V85/><F85/><W38/><G112/><T8/><D118/><U67/><E67/><V69/><AGARI ba="0,1" hai="20,26,28,44,50,52,56,57,61,65,69,95,98,102" machi="69" ten="20,5200,0" yaku="1,1,0,1,7,1,54,1,53,0" doraHai="129" doraHaiUra="103" who="2" fromWho="2" sc="316,-13,196,-26,234,62,244,-13" /><INIT seed="2,0,0,5,1,119" ten="303,170,296,231" oya="2" hai0="99,38,111,2,61,70,121,47,27,53,33,115,93" hai1="103,20,81,129,14,49,83,131,3,68,120,75,90" hai2="17,50,30,26,116,23,135,46,118,102,106,57,98" hai3="11,52,122,6,85,45,88,4,56,43,55,0,117"/><V35/><F135/><W24/><G117/><T7/><D115/><U1/><E68/><V89/><F57/><W132/><G132/><T105/><D111/><U108/><E108/><V123/><F89/><W18/><G6/><T60/><D93/><U63/><E63/><V104/><F104/><W127/><G127/><T77/><D53/><U32/><E32/><V124/><F124/><W10/><G122/><T15/><D15/><U91/><E103/><V130/><F130/><N who="1" m="49673" /><E49/><V126/><F126/><W78/><G78/><T39/><D77/><U19/><E75/><V92/><F106/><W67/><G67/><N who="0" m="41319" /><D61/><U54/><E54/><V94/><F94/><W64/><G64/><T22/><D121/><U97/><E120/><V58/><F58/><W37/><G56/><T25/><D47/><U42/><E42/><V95/><F95/><W79/><G79/><T16/><D2/><N who="1" m="523" /><E97/><V28/><F123/><W66/><G66/><T13/><D99/><U73/><E73/><V82/><F82/><AGARI ba="0,0" hai="14,19,20,81,82,83,90,91" m="523,49673" machi="82" ten="30,1000,0" yaku="19,1" doraHai="119" who="1" fromWho="2" sc="303,0,170,10,296,-10,231,0" /><INIT seed="3,0,0,3,4,108" ten="303,180,286,231" oya="3" hai0="17,37,6,24,134,79,65,11,47,117,84,2,76" hai1="45,72,100,88,57,59,122,19,74,58,32,114,105" hai2="87,109,125,96,62,133,101,55,98,132,53,127,86" hai3="60,26,1,33,95,69,14,34,13,4,20,103,18"/><W73/><G73/><T67/><D117/><U16/><E122/><V0/><F109/><W30/><G103/><T94/><D134/><N who="2" m="51818" /><F0/><W81/><G81/><T40/><D79/><U38/><E32/><N who="3" m="12394" /><G60/><T8/><D8/><U116/><E116/><V107/><F98/><W75/><G95/><T51/><D37/><U119/><E119/><V80/><F62/><W93/><G93/><T39/><D39/><U123/><E123/><V41/><F41/><W99/><G99/><T61/><D61/><U90/><E105/><V56/><F56/><W43/><G43/><T21/><D76/><U82/><E100/><V104/><F104/><W77/><G77/><T128/><D128/><U29/><E29/><V15/><F15/><N who="3" m="9311" /><G69/><T115/><D65/><U27/><E27/><V83/><F83/><W25/><G75/><N who="1" m="28714" /><E82/><V121/><F121/><W91/><G91/><N who="1" m="34858" /><E38/><V63/><F63/><W48/><G48/><T112/><D67/><U22/><E22/><V49/><F49/><W85/><G85/><N who="2" m="32265" /><F80/><W35/><G26/><T118/><D118/><U97/><E97/><V126/><AGARI ba="0,0" hai="53,55,96,101,107,125,126,127" m="32265,51818" machi="126" ten="40,2700,0" yaku="18,1,20,1" doraHai="108" who="2" fromWho="2" sc="303,-7,180,-7,286,27,231,-13" owari="296,9.6,173,-32.7,313,41.3,218,-18.2" /></mjloggm>