<mjloggm ver="2.3"><GO type="225" lobby="0"/><UN n0="%E3%81%B2%E3%81%AA%E3%81%AE%E3%82%8A%E3%81%8F" n1="%6D%75%75%6D%75%72%61" n2="%E3%81%8B%E3%82%8F%E3%81%A1%E3%82%83%E3%82%93%35%38" n3="%E6%98%93%E5%88%A9%E8%96%A9%E4%BC%AF" dan="17,16,16,16" rate="2227.83,2080.84,2211.90,2028.52" sx="M,F,M,F"/><TAIKYOKU oya="0"/><INIT seed="0,0,0,1,5,127" ten="250,250,250,250" oya="0" hai0="59,34,119,84,130,18,19,129,45,0,88,63,6" hai1="39,83,11,44,103,109,73,131,79,105,89,112,8" hai2="14,43,93,81,30,36,107,67,115,95,57,123,64" hai3="54,50,48,62,29,76,23,92,108,97,82,101,31"/><T91/><D119/><U113/><E109/><V10/><F107/><W1/><G1/><T26/><D45/><U126/><E126/><V2/><F2/><W74/><G108/><T38/><D38/><U7/><E131/><N who="0" m="50185" /><D0/><N who="1" m="103" /><E11/><V15/><F10/><W46/><G62/><T56/><D6/><U4/><E4/><V9/><F9/><W66/><G66/><N who="0" m="39271" /><D59/><U102/><E44/><V71/><F57/><W33/><G33/><T13/><D13/><U32/><E32/><V128/><F14/><W98/><G74/><T20/><D34/><U12/><E39/><V100/><F15/><W111/><G111/><T72/><D72/><U106/><E12/><V68/><F36/><W35/><G35/><T3/><D3/><U58/><E58/><V52/><F67/><W99/><G46/><T86/><D19/><U16/><E16/><V120/><F64/><W37/><G37/><T94/><D91/><U78/><E89/><V28/><F128/><W114/><G50/><T117/><D117/><U132/><E78/><V24/><F71/><W70/><G70/><T133/><D133/><U118/><E132/><V134/><F68/><W75/><G48/><T61/><D61/><U41/><E118/><V121/><F134/><W21/><G21/><BYE who="3" /><T77/><D77/><U25/><E73/><V87/><F121/><UN n3="%E6%98%93%E5%88%A9%E8%96%A9%E4%BC%AF" /><W85/><G75/><T5/><D5/><U124/><E79/><V27/><F120/><W80/><G76/><T110/><D110/><U49/><E49/><V55/><F123/><W47/><G47/><T22/><D22/><U104/><E124/><V42/><F42/><RYUUKYOKU ba="0,0" sc="250,30,250,-10,250,-10,250,-10" hai0="18,20,26,84,86,88,94" /><INIT seed="0,1,0,3,5,35" ten="280,240,240,240" oya="0" hai0="80,115,92,16,70,135,118,43,116,41,134,76,101" hai1="74,10,31,88,67,119,98,17,27,79,55,1,102" hai2="64,40,45,93,81,62,28,61,100,36,125,96,73" hai3="130,29,103,94,83,128,104,25,85,12,84,22,68"/><T9/><D115/><U112/><E119/><V132/><F132/><N who="0" m="50730" /><D70/><U63/><E112/><V77/><F125/><W71/><G104/><T89/><D101/><U75/><E55/><V24/><REACH who="2" step="1"/><F64/><REACH who="2" ten="280,240,230,240" step="2"/><W33/><G130/><T126/><D126/><U49/><E67/><V53/><F53/><W5/><G128/><T99/><D118/><U86/><E63/><V105/><F105/><W90/><G71/><T37/><D116/><U30/><E49/><V44/><F44/><W7/><G68/><T106/><D106/><U0/><E75/><V59/><F59/><W3/><G103/><T121/><D121/><U72/><E72/><V109/><F109/><W65/><G65/><T129/><D129/><U4/><E74/><V69/><F69/><W23/><G33/><AGARI ba="1,1" hai="24,28,33,36,40,45,61,62,73,77,81,93,96,100" machi="33" ten="30,2000,0" yaku="1,1,7,1,53,0" doraHai="35" doraHaiUra="47" who="2" fromWho="3" sc="280,0,240,0,230,33,240,-23" /><INIT seed="1,0,0,5,3,48" ten="280,240,263,217" oya="1" hai0="22,86,82,2,51,119,61,126,26,112,9,10,105" hai1="92,53,85,132,50,68,19,45,0,124,12,40,117" hai2="20,103,116,106,36,90,78,134,118,8,16,13,5" hai3="52,11,115,79,104,33,107,59,125,81,25,95,89"/><U34/><E117/><V73/><F36/><W97/><G115/><T57/><D119/><U32/><E0/><V123/><F123/><W96/><G125/><T88/><D112/><U31/><E124/><V66/><F134/><W35/><G11/><T15/><D2/><U128/><E132/><V87/><F66/><W6/><G6/><T49/><D105/><U23/><E128/><V55/><F78/><W4/><G4/><T121/><D126/><U28/><E68/><V83/><F73/><W109/><G109/><T101/><D101/><U29/><REACH who="1" step="1"/><E40/><REACH who="1" ten="280,230,263,217" step="2"/><V80/><F118/><W60/><G97/><T91/><D121/><U122/><E122/><V18/><F116/><W46/><G46/><T62/><D62/><U63/><E63/><V84/><F106/><W65/><G35/><T100/><D61/><U75/><E75/><V37/><F37/><W71/><G71/><T130/><D130/><U64/><E64/><V93/><F55/><W41/><G41/><T127/><D127/><U67/><E67/><V58/><F103/><W129/><G129/><T54/><D100/><U27/><E27/><V47/><F47/><W3/><G3/><T21/><D26/><U108/><E108/><V110/><F110/><W44/><G44/><T74/><D74/><U72/><E72/><V135/><F135/><W98/><G65/><T39/><D39/><U102/><E102/><V43/><F43/><W111/><G111/><T42/><D42/><U99/><E99/><V76/><F58/><W38/><G98/><T77/><D57/><U17/><E17/><V120/><F18/><RYUUKYOKU ba="0,1" sc="280,-10,230,30,263,-10,217,-10" hai1="12,19,23,28,29,31,32,34,45,50,53,85,92" /><INIT seed="1,1,1,4,2,57" ten="270,260,253,207" oya="1" hai0="59,132,68,35,105,53,86,98,51,118,26,14,28" hai1="64,94,21,34,66,135,61,10,32,69,121,87,17" hai2="6,8,123,114,133,80,73,107,130,88,52,29,9" hai3="36,85,95,7,1,81,84,3,2,119,79,125,25"/><U41/><E121/><V113/><F107/><W23/><G125/><T99/><D118/><U82/><E135/><V116/><F116/><W115/><G115/><N who="2" m="44041" /><F123/><W13/><G36/><T12/><D132/><U56/><E41/><V120/><F120/><W24/><G119/><T92/><D105/><U22/><E94/><V102/><F133/><W89/><G25/><T90/><D68/><U91/><E10/><V76/><F102/><W0/><N who="3" m="0" /><DORA hai="106" /><W63/><G13/><T37/><D37/><U55/><E22/><V46/><F29/><W42/><G42/><T40/><D40/><U33/><REACH who="1" step="1"/><E69/><REACH who="1" ten="270,250,253,207" step="2"/><V111/><F8/><W38/><G38/><T77/><D99/><U49/><E49/><V15/><F9/><W11/><G11/><T100/><D100/><U47/><E47/><V126/><F6/><W124/><G7/><T97/><D97/><U27/><AGARI ba="1,2" hai="17,21,27,32,33,34,55,56,61,64,66,82,87,91" machi="27" ten="30,11700,0" yaku="1,1,0,1,52,1,53,1" doraHai="57,106" doraHaiUra="19,5" who="1" fromWho="1" sc="270,-40,250,140,253,-40,207,-40" /><INIT seed="1,2,0,2,2,4" ten="230,390,213,167" oya="1" hai0="56,92,39,46,127,18,67,63,130,117,1,119,12" hai1="115,41,52,44,100,64,126,6,62,109,53,83,60" hai2="51,66,112,17,27,88,45,43,25,79,22,105,77" hai3="98,102,49,2,76,97,134,132,87,85,131,69,121"/><U135/><E115/><V107/><F112/><W58/><G69/><T94/><D1/><U125/><E100/><V108/><F108/><W36/><G36/><T3/><D3/><U106/><E106/><V57/><F105/><W71/><G71/><T47/><D130/><U14/><E83/><V68/><F107/><W13/><G2/><T124/><D119/><U86/><E86/><V20/><F68/><W10/><G121/><T35/><D35/><U70/><E109/><V84/><F57/><W73/><G73/><T114/><D117/><U32/><E32/><V89/><F66/><W8/><G131/><T42/><D47/><U16/><E6/><V21/><F21/><W101/><G58/><T55/><D67/><U9/><E62/><V103/><F103/><W120/><G49/><T24/><D24/><U95/><E95/><V128/><F128/><W72/><G13/><T129/><D129/><U38/><REACH who="1" step="1"/><E135/><REACH who="1" ten="230,380,213,167" step="2"/><V15/><F89/><W74/><G120/><T54/><D94/><U40/><E40/><V50/><F88/><W116/><G116/><T11/><D92/><U82/><E82/><V96/><F84/><W75/><G75/><T5/><D5/><U23/><E23/><V99/><F43/><W48/><G48/><T93/><D93/><U91/><E91/><V30/><F50/><W104/><G104/><T123/><D114/><U113/><E113/><V31/><F51/><W110/><G110/><T19/><D123/><U81/><E81/><V90/><F90/><W80/><G80/><T111/><D111/><U0/><E0/><V37/><F22/><RYUUKYOKU ba="2,1" sc="230,-15,380,15,213,-15,167,15" hai1="9,14,16,38,41,44,52,53,60,64,70,125,126" hai3="8,10,72,74,76,85,87,97,98,101,102,132,134" /><INIT seed="1,3,1,1,3,112" ten="215,395,198,182" oya="1" hai0="76,130,96,49,113,119,55,59,53,73,75,3,95" hai1="109,25,106,114,83,111,101,23,64,79,117,58,29" hai2="19,100,51,123,8,37,32,135,20,16,68,87,104" hai3="46,50,41,92,34,12,122,121,132,18,62,107,52"/><U42/><E114/><V14/><F37/><W47/><G107/><T43/><D113/><U9/><E42/><V61/><F123/><W74/><G34/><T30/><D3/><U86/><E117/><V1/><F32/><W71/><G74/><T36/><D119/><U82/><E101/><V118/><F135/><W94/><G132/><T90/><D130/><U69/><E69/><V81/><F118/><W67/><G121/><T91/><D30/><U21/><E106/><V22/><F100/><W98/><G122/><T2/><D2/><U40/><E40/><V48/><F104/><W134/><G98/><T108/><D108/><U70/><E70/><V103/><F103/><W80/><G80/><T63/><D76/><U126/><E126/><V11/><F61/><W33/><G33/><T13/><D90/><U39/><E39/><V124/><F68/><W44/><G134/><T88/><D91/><U97/><E97/><V105/><F105/><W0/><G0/><T38/><D13/><U129/><E129/><V56/><F56/><W35/><G35/><T31/><D31/><U10/><E58/><V28/><F28/><W7/><G7/><T93/><D38/><U5/><E29/><V4/><F124/><W99/><G99/><T85/><D96/><U131/><E131/><V45/><F19/><W24/><G24/><T65/><D95/><N who="3" m="36393" /><G41/><T57/><D65/><U133/><E133/><V102/><F102/><W26/><G26/><T115/><D115/><U84/><E109/><V54/><F48/><W60/><G60/><T78/><D78/><AGARI ba="3,1" hai="1,4,8,11,14,16,20,22,45,51,54,78,81,87" machi="78" ten="30,2000,0" yaku="7,1,54,1" doraHai="112" who="2" fromWho="0" sc="215,-29,395,0,198,39,182,0" /><INIT seed="2,0,0,2,3,102" ten="186,395,237,182" oya="2" hai0="72,32,69,55,17,85,94,106,107,6,38,133,45" hai1="89,4,3,58,113,96,23,104,2,35,99,92,68" hai2="84,7,91,50,108,120,109,1,8,29,134,98,125" hai3="39,44,49,122,87,116,66,111,81,26,86,131,40"/><V21/><F120/><W33/><G122/><T129/><D72/><U76/><E68/><V110/><F125/><W43/><G116/><T30/><D69/><U64/><E35/><V5/><F134/><W22/><G111/><T52/><D6/><U13/><E76/><V114/><F114/><W118/><G118/><T48/><D38/><U105/><E113/><V25/><F50/><W61/><G33/><T36/><D36/><U34/><E99/><V37/><F37/><W112/><G131/><T65/><D65/><U77/><E77/><V63/><F7/><W57/><G112/><T97/><D129/><U93/><E93/><V126/><F126/><W0/><G0/><T103/><D85/><U117/><E34/><V128/><F128/><W78/><G39/><T53/><D133/><U82/><E82/><V74/><F74/><W119/><G119/><T127/><D127/><U56/><E56/><V19/><F63/><W95/><G95/><T71/><D71/><U24/><E13/><V135/><F98/><W60/><G60/><T46/><D17/><U47/><E117/><V73/><F73/><W59/><G59/><T15/><D15/><U124/><E124/><V54/><F135/><W80/><G80/><T123/><D123/><U62/><E4/><V79/><F79/><W20/><G20/><T10/><D10/><U70/><E70/><V75/><F75/><W31/><REACH who="3" step="1"/><G86/><REACH who="3" ten="186,395,237,172" step="2"/><T18/><D46/><U14/><E47/><V132/><F132/><W16/><G16/><T28/><D18/><N who="1" m="10711" /><E3/><V90/><F19/><W51/><G51/><T121/><D121/><RYUUKYOKU ba="0,1" sc="186,-10,395,-10,237,-10,172,30" hai3="22,26,31,40,43,44,49,57,61,66,78,81,87" /><INIT seed="3,1,1,1,0,1" ten="176,385,227,202" oya="3" hai0="59,89,133,76,79,128,129,78,98,94,12,123,45" hai1="97,110,53,120,117,135,121,41,46,58,13,116,32" hai2="82,22,47,91,19,88,99,74,127,73,54,51,2" hai3="114,86,75,49,83,31,39,84,100,108,103,60,7"/><W25/><G114/><T3/><D3/><U131/><E110/><V4/><F127/><W21/><G39/><T77/><N who="0" m="19456" /><DORA hai="61" /><T65/><D123/><U6/><E32/><V109/><F109/><W62/><G75/><T69/><D69/><U134/><E131/><N who="0" m="50249" /><D133/><U48/><E120/><V14/><F2/><W44/><G108/><T87/><D45/><U55/><E121/><V29/><F47/><W36/><G36/><T35/><D35/><U33/><E33/><V42/><F74/><W63/><G7/><T52/><D65/><U67/><E67/><V38/><F4/><W28/><G28/><T124/><D12/><U18/><E41/><V104/><F42/><W125/><G125/><T105/><D124/><U111/><E111/><V17/><F14/><W10/><G10/><T119/><D119/><U5/><E116/><V30/><F73/><W113/><G113/><T90/><D105/><U43/><E43/><V112/><F104/><W24/><G24/><T23/><D23/><N who="1" m="11727" /><E117/><V81/><F22/><W72/><G72/><T70/><D70/><U122/><E122/><V8/><F112/><W93/><G83/><N who="0" m="49407" /><D59/><U27/><E27/><V71/><F71/><W132/><G132/><T106/><D106/><U50/><E134/><V57/><F8/><W92/><G93/><T20/><D20/><U9/><E9/><V118/><F118/><W64/><G64/><T80/><D80/><U56/><E135/><V96/><F82/><W126/><G126/><T40/><D40/><U15/><E15/><V85/><F81/><W34/><G34/><T95/><D95/><RYUUKYOKU ba="1,1" sc="176,30,385,-10,227,-10,202,-10" hai0="52,90,94,98" owari="206,-19.4,385,48.5,217,1.7,192,-30.8" /></mjloggm>