<mjloggm ver="2.3"><GO type="225" lobby="0"/><UN n0="%E3%81%BF%E3%81%BF%E3%81%9A" n1="%E3%81%A8%E3%82%93%E3%81%A8%E3%81%93%E3%81%A8%E3%82%93" n2="%48%61%61%61%6C%61%6E%64" n3="%72%65%6E%6B%75%6E" dan="16,16,18,17" rate="2132.83,2116.31,2235.76,2199.15" sx="M,F,M,M"/><TAIKYOKU oya="0"/><INIT seed="0,0,0,0,2,32" ten="250,250,250,250" oya="0" hai0="81,123,108,12,88,34,85,127,28,63,54,91,130" hai1="4,39,75,38,60,113,14,114,93,120,94,110,2" hai2="95,121,132,51,25,31,33,104,128,117,45,44,42" hai3="83,26,66,70,133,116,96,17,30,19,15,49,115"/><T50/><D123/><U20/><E75/><V134/><F121/><W56/><G115/><N who="1" m="44042" /><E120/><V27/><F104/><W118/><G133/><N who="2" m="51305" /><F128/><W24/><G70/><T7/><D130/><U100/><E60/><V112/><F112/><W53/><G66/><T119/><D119/><U58/><E58/><V48/><F117/><W131/><G131/><T9/><D127/><U92/><E100/><V101/><F27/><W80/><G96/><T37/><D37/><N who="1" m="13835" /><E110/><V55/><F95/><W0/><G56/><T40/><D63/><U3/><E4/><V35/><F101/><W78/><G116/><T87/><D40/><U18/><AGARI ba="0,0" hai="2,3,14,18,20,92,93,94" m="13835,44042" machi="18" ten="40,5200,0" yaku="11,1,52,2" doraHai="32" who="1" fromWho="1" sc="250,-26,250,52,250,-13,250,-13" /><INIT seed="1,0,0,4,1,100" ten="224,302,237,237" oya="1" hai0="11,83,113,14,107,50,120,70,81,67,43,115,19" hai1="116,18,125,51,92,82,30,88,47,84,66,71,8" hai2="110,101,75,25,121,114,87,112,129,94,86,40,111" hai3="36,9,38,42,127,105,65,16,99,79,35,126,103"/><U73/><E116/><V45/><F75/><W52/><G35/><T97/><D120/><U55/><E30/><V61/><F121/><W32/><G32/><T4/><D70/><U59/><E71/><V106/><F129/><W60/><G79/><T41/><D67/><U69/><E69/><V49/><F61/><W93/><G93/><T76/><D83/><U1/><E125/><N who="3" m="47626" /><G65/><T123/><D123/><U74/><E92/><V21/><F87/><W33/><G33/><T63/><D63/><N who="1" m="38271" /><E1/><V53/><F86/><W72/><G72/><T124/><D124/><U89/><E89/><V2/><F2/><W122/><G42/><T24/><D113/><N who="2" m="43626" /><F40/><W12/><G122/><T26/><D115/><U54/><E55/><V56/><F94/><W117/><G117/><T104/><D43/><U62/><E62/><V98/><F56/><AGARI ba="0,0" hai="9,12,16,36,38,52,56,60,99,103,105" m="47626" machi="56" ten="30,7700,0" yaku="18,1,52,1,54,2" doraHai="100" who="3" fromWho="2" sc="224,0,302,0,237,-77,237,77" /><INIT seed="2,0,0,0,4,111" ten="224,302,160,314" oya="2" hai0="49,22,66,25,81,134,8,109,1,7,27,43,119" hai1="122,48,67,21,40,11,129,53,51,93,121,74,90" hai2="108,75,24,72,95,88,52,73,77,83,87,118,89" hai3="131,78,0,6,32,31,123,54,103,70,50,130,2"/><V20/><F118/><W41/><G70/><T5/><D109/><U44/><E74/><V120/><F120/><W112/><G123/><T115/><D119/><U71/><E129/><N who="3" m="49162" /><G41/><T79/><D134/><U28/><E11/><V80/><F108/><W12/><G78/><T63/><D115/><U126/><E28/><V114/><F114/><W56/><G103/><T69/><D5/><U57/><E21/><V23/><F23/><W84/><G84/><T3/><D3/><N who="3" m="1065" /><G112/><T110/><D110/><U46/><E126/><V37/><F37/><W104/><G104/><T135/><D135/><U61/><REACH who="1" step="1"/><E71/><REACH who="1" ten="224,292,160,314" step="2"/><V97/><REACH who="2" step="1"/><F52/><REACH who="2" ten="224,292,150,314" step="2"/><W105/><G32/><T92/><D22/><U82/><E82/><V45/><F45/><W38/><G54/><T47/><D92/><U4/><E4/><V39/><F39/><W102/><G38/><T13/><REACH who="0" step="1"/><D1/><REACH who="0" ten="214,292,150,314" step="2"/><U15/><E15/><V128/><F128/><W16/><G12/><T101/><D101/><U35/><E35/><V19/><AGARI ba="0,3" hai="19,20,24,72,73,75,77,80,83,87,88,89,95,97" machi="19" ten="20,7800,0" yaku="1,1,0,1,7,1,54,1,53,0" doraHai="111" doraHaiUra="125" who="2" fromWho="2" sc="214,-26,292,-26,150,108,314,-26" /><INIT seed="2,1,0,0,1,92" ten="188,266,258,288" oya="2" hai0="85,59,126,8,72,117,134,70,119,69,45,2,9" hai1="106,100,120,43,36,0,12,53,109,127,35,4,81" hai2="10,107,113,91,71,51,18,6,103,42,38,62,1" hai3="13,23,130,60,30,86,11,125,31,44,102,5,90"/><V61/><F113/><W124/><G130/><T77/><D85/><U78/><E12/><V96/><F38/><W48/><G102/><T108/><D59/><U66/><E53/><V132/><F132/><W114/><G114/><T16/><D45/><U121/><E66/><V115/><F115/><W7/><G7/><T34/><D34/><U26/><E109/><V118/><F118/><N who="0" m="45066" /><D108/><U73/><E127/><N who="3" m="48714" /><G23/><T110/><D110/><U17/><E100/><V57/><F71/><N who="0" m="27146" /><D126/><U128/><E128/><V25/><F57/><W46/><G60/><T67/><D67/><U112/><E35/><V27/><F61/><W133/><G133/><T47/><D134/><U56/><E56/><V58/><F62/><W94/><G46/><T87/><D87/><U55/><E112/><V37/><F58/><W54/><AGARI ba="1,0" hai="5,11,13,30,31,44,48,54,86,90,94" m="48714" machi="54" ten="30,1100,0" yaku="18,1" doraHai="92" who="3" fromWho="3" sc="188,-4,266,-4,258,-6,288,14" /><INIT seed="3,0,0,5,4,135" ten="184,262,252,302" oya="3" hai0="14,102,118,60,49,31,95,43,73,42,96,7,2" hai1="37,22,115,62,55,63,133,99,16,106,75,11,131" hai2="36,91,109,72,4,117,45,8,77,26,110,25,61" hai3="41,65,56,132,10,84,113,103,21,89,58,71,80"/><W24/><G113/><T44/><D118/><U6/><E115/><V94/><F117/><W35/><G35/><T68/><D2/><U116/><E75/><V97/><F61/><W5/><G132/><T57/><D73/><U48/><E37/><V3/><F77/><W19/><G103/><T108/><D108/><N who="2" m="41578" /><F72/><W40/><G71/><T88/><D68/><U0/><E133/><V67/><F67/><W83/><G83/><T9/><D42/><AGARI ba="0,0" hai="3,4,8,25,26,36,42,45,91,94,97" m="41578" machi="42" ten="30,1000,0" yaku="14,1" doraHai="135" who="2" fromWho="0" sc="184,-10,262,0,252,10,302,0" owari="174,-32.6,262,6.2,262,-13.8,302,40.2" /></mjloggm>