<mjloggm ver="2.3"><GO type="225" lobby="0"/><UN n0="%77%72%77%72%77%72%77%72" n1="%E3%81%8B%E3%82%8F%E3%81%A1%E3%82%83%E3%82%93%35%38" n2="%E3%83%97%E3%83%AC%E3%83%B4%E3%82%A1%E3%83%86%E3%82%A3" n3="%E3%82%82%E3%82%93%E3%81%8D%E3%82%93%E3%81%90" dan="16,16,16,16" rate="2182.95,2149.67,2086.18,2046.48" sx="M,M,F,M"/><TAIKYOKU oya="0"/><INIT seed="0,0,0,2,3,15" ten="250,250,250,250" oya="0" hai0="43,109,77,16,135,60,41,33,82,75,120,97,20" hai1="91,92,51,105,2,46,104,10,113,96,110,24,102" hai2="112,25,132,98,99,100,133,42,28,59,125,72,90" hai3="7,17,119,114,13,67,94,127,93,39,117,27,116"/><T21/><D21/><U66/><BYE who="0" /><E110/><V47/><F72/><W50/><G39/><UN n0="%77%72%77%72%77%72%77%72" /><T122/><D33/><U9/><E113/><V52/><F112/><W95/><G114/><T30/><D109/><U86/><E104/><V29/><F125/><W53/><G127/><T22/><D135/><N who="2" m="51786" /><F90/><W18/><G67/><T131/><D131/><U6/><E66/><V63/><F25/><W57/><REACH who="3" step="1"/><G27/><REACH who="3" ten="250,250,250,240" step="2"/><T62/><D122/><U56/><E24/><V65/><F65/><W23/><G23/><T32/><D22/><U78/><E10/><AGARI ba="0,1" hai="7,10,13,17,18,50,53,57,93,94,95,116,117,119" machi="10" ten="50,6400,0" yaku="1,1,52,2,53,0" doraHai="15" doraHaiUra="126" who="3" fromWho="1" sc="250,0,250,-64,250,0,240,74" /><INIT seed="1,0,0,2,4,87" ten="250,186,250,314" oya="1" hai0="77,84,25,41,107,34,63,50,98,68,70,22,127" hai1="7,133,51,39,47,82,44,119,123,18,23,73,132" hai2="12,64,31,2,114,33,21,52,1,93,130,58,30" hai3="111,38,96,65,81,53,27,5,37,125,36,104,103"/><U15/><E119/><V90/><F114/><W106/><G111/><T11/><D127/><U4/><E123/><V16/><F130/><W102/><G125/><T128/><D128/><U26/><E39/><V45/><F33/><W112/><G112/><T79/><D34/><U108/><E108/><V100/><F100/><W69/><G5/><T86/><D11/><U17/><E73/><V97/><F1/><W109/><G109/><T10/><D10/><U118/><E118/><V89/><F2/><W92/><G53/><T43/><D107/><U6/><E82/><V78/><F78/><W60/><G102/><T57/><D98/><U19/><E47/><V88/><F45/><W35/><G81/><T66/><D68/><U29/><REACH who="1" step="1"/><E15/><REACH who="1" ten="250,176,250,314" step="2"/><V24/><F64/><W62/><G37/><T75/><D66/><U9/><E9/><N who="2" m="6159" /><F31/><W134/><G38/><T67/><D67/><U121/><E121/><V55/><F55/><AGARI ba="0,1" hai="4,6,7,17,18,19,23,26,29,44,51,55,132,133" machi="55" ten="40,2000,0" yaku="1,1,53,0" doraHai="87" doraHaiUra="76" who="1" fromWho="2" sc="250,0,176,30,250,-20,314,0" /><INIT seed="1,1,0,3,0,61" ten="250,206,230,314" oya="1" hai0="134,125,124,23,35,66,83,76,53,5,115,31,75" hai1="7,129,92,126,113,41,11,105,130,38,88,84,34" hai2="20,100,69,36,39,58,14,2,1,95,91,55,32" hai3="122,52,15,51,97,47,96,131,29,109,33,90,111"/><U93/><E105/><V79/><F32/><W62/><G122/><T98/><D115/><U12/><E113/><V40/><F69/><W60/><G131/><N who="1" m="50186" /><E34/><V26/><F79/><W72/><G72/><T132/><D35/><U37/><E126/><N who="0" m="48745" /><D5/><U4/><E4/><V73/><F73/><W106/><G106/><T108/><D108/><N who="3" m="41545" /><G15/><T118/><D118/><U28/><E28/><V6/><F100/><W121/><G121/><T94/><D53/><U17/><E41/><V80/><F80/><W133/><G133/><T116/><D116/><U27/><E93/><V81/><F81/><W135/><G135/><T78/><D78/><U50/><E50/><V119/><F119/><W42/><G42/><T77/><D77/><U8/><E27/><V127/><F127/><W43/><G43/><T110/><D110/><U71/><E71/><V68/><F68/><W22/><G33/><T120/><D120/><U16/><E17/><V24/><F40/><W0/><G0/><AGARI ba="1,0" hai="0,7,8,11,12,16,37,38,84,88,92" m="50186" machi="0" ten="30,5800,0" yaku="19,1,54,2" doraHai="61" who="1" fromWho="3" sc="250,0,206,61,230,0,314,-61" /><INIT seed="1,2,0,1,4,112" ten="250,267,230,253" oya="1" hai0="18,79,103,64,65,20,5,11,90,56,85,87,135" hai1="3,102,28,34,100,25,101,132,93,0,23,124,115" hai2="73,109,2,67,96,1,91,68,76,29,61,113,122" hai3="123,45,36,89,21,131,81,12,119,41,19,39,27"/><U24/><E115/><V82/><F113/><W128/><G123/><T43/><D135/><U62/><E124/><V97/><F122/><W50/><G119/><T106/><D43/><U127/><E127/><V133/><F133/><W129/><G89/><T30/><D30/><U4/><E132/><V88/><F109/><W10/><REACH who="3" step="1"/><G81/><REACH who="3" ten="250,267,230,243" step="2"/><T75/><D103/><U66/><E101/><V8/><F91/><W71/><G71/><T58/><D90/><U134/><E102/><V94/><F97/><W117/><G117/><T98/><D98/><U126/><E126/><V35/><REACH who="2" step="1"/><F8/><REACH who="2" ten="250,267,220,243" step="2"/><W60/><G60/><T13/><D11/><U53/><E134/><V55/><F55/><W22/><G22/><T32/><D20/><U38/><E53/><V31/><F31/><AGARI ba="2,2" hai="10,12,19,21,27,31,36,39,41,45,50,128,129,131" machi="31" ten="40,2600,0" yaku="1,1,19,1,53,0" doraHai="112" doraHaiUra="83" who="3" fromWho="2" sc="250,0,267,0,220,-32,243,52" /><INIT seed="2,0,0,3,2,97" ten="250,267,188,295" oya="2" hai0="19,134,130,133,131,104,115,24,89,128,14,95,39" hai1="0,35,122,120,58,27,3,73,44,57,61,50,80" hai2="64,4,98,75,20,85,47,12,56,119,2,10,11" hai3="124,70,102,65,6,108,77,31,16,74,22,103,42"/><V107/><F119/><W72/><G31/><T32/><D115/><U5/><E5/><V101/><F75/><W38/><G6/><T121/><D121/><U25/><E73/><V29/><F47/><W100/><G108/><T132/><D39/><U81/><E44/><V86/><F29/><W43/><G38/><T111/><D111/><U114/><E50/><V15/><F20/><W26/><G124/><T116/><D116/><U84/><E84/><V71/><F71/><W30/><G74/><T93/><D104/><U83/><E35/><V106/><F106/><W126/><G126/><T110/><D110/><U34/><E34/><V113/><F113/><W66/><G70/><T8/><D32/><U69/><E69/><V36/><F36/><W33/><G77/><T60/><D60/><U76/><E76/><V129/><F129/><W1/><G1/><N who="1" m="586" /><E114/><V52/><F64/><N who="3" m="24683" /><G72/><T123/><D123/><N who="1" m="47147" /><E61/><V18/><F2/><W17/><G33/><T127/><D127/><U109/><E109/><V99/><F99/><W41/><AGARI ba="0,0" hai="16,17,22,26,30,41,42,43,100,102,103" m="24683" machi="41" ten="40,8000,1" yaku="8,1,52,3,54,1" doraHai="97" who="3" fromWho="3" sc="250,-20,267,-20,188,-40,295,80" /><INIT seed="3,0,0,3,2,26" ten="230,247,148,375" oya="3" hai0="92,135,67,113,18,42,41,20,37,132,32,101,57" hai1="130,84,117,106,45,53,115,16,23,64,72,77,2" hai2="6,121,98,128,70,78,68,27,63,88,25,71,82" hai3="48,87,60,38,28,79,58,111,75,83,96,15,5"/><W7/><G38/><T119/><D119/><U86/><E115/><V126/><F128/><W104/><G75/><T12/><D113/><U66/><E106/><V131/><F131/><W133/><G48/><T50/><D32/><U95/><E2/><V134/><F134/><N who="0" m="51242" /><D37/><U69/><E69/><V54/><F126/><W99/><G96/><N who="0" m="59527" /><D50/><N who="1" m="28879" /><E72/><V129/><F129/><W9/><G133/><T40/><D40/><U59/><E117/><V36/><F36/><W56/><G58/><T43/><D43/><U61/><E130/><V10/><F121/><W22/><G104/><T13/><D12/><N who="1" m="9607" /><E77/><V31/><F54/><W110/><G99/><T90/><D90/><N who="1" m="53703" /><E86/><V34/><F27/><N who="3" m="16503" /><G110/><T1/><D1/><U81/><E81/><V123/><F123/><W118/><G118/><T112/><D112/><U91/><E91/><V44/><F44/><W3/><G111/><T19/><D19/><U94/><E94/><V47/><F47/><W108/><G3/><T114/><D114/><U124/><E124/><V4/><F98/><W17/><G108/><T105/><D105/><U74/><E74/><V33/><F33/><W100/><G100/><T107/><D107/><U76/><E76/><V14/><F78/><W8/><G79/><T127/><D127/><U93/><E93/><V97/><F97/><W21/><G87/><T0/><D0/><U73/><E73/><V52/><F82/><W120/><G83/><T62/><AGARI ba="0,0" hai="13,18,20,41,42,57,62,67" m="59527,51242" machi="62" ten="30,1100,0" yaku="20,1" doraHai="26" who="0" fromWho="0" sc="230,11,247,-3,148,-3,375,-5" owari="241,-15.9,244,4.4,145,-35.5,370,47.0" /></mjloggm>