<mjloggm ver="2.3"><GO type="225" lobby="0"/><UN n0="%E3%81%A9%E3%82%8F%E3%82%93%E3%81%94" n1="%4C%4F%4C%49%54%41" n2="%4B%2E%32%2E%4B%2E" n3="%E3%81%B2%E3%81%AA%E3%81%AE%E3%82%8A%E3%81%8F" dan="16,16,17,17" rate="2077.38,2180.46,2179.71,2146.78" sx="M,F,M,M"/><TAIKYOKU oya="0"/><INIT seed="0,0,0,5,0,18" ten="250,250,250,250" oya="0" hai0="4,109,59,122,24,26,3,135,21,132,75,70,107" hai1="42,39,111,67,11,13,28,50,31,74,71,44,114" hai2="51,27,120,0,127,88,8,22,117,100,12,53,32" hai3="65,37,64,60,130,14,78,41,68,108,123,134,2"/><T104/><D122/><U131/><E74/><V48/><F120/><W81/><G2/><T9/><D70/><U76/><E111/><V55/><F127/><W93/><G108/><T133/><D75/><U58/><E131/><V16/><F117/><W89/><G130/><T119/><D109/><U43/><E114/><V66/><F100/><W79/><G134/><T49/><D119/><U85/><E42/><V7/><F66/><W33/><G33/><T1/><D1/><U98/><E98/><V80/><F51/><W118/><G118/><T34/><D34/><U19/><E76/><V91/><F80/><W38/><G65/><T126/><D126/><U102/><E85/><V83/><F83/><W129/><G129/><T15/><D3/><U128/><E102/><V101/><F101/><W105/><G105/><T30/><REACH who="0" step="1"/><D26/><REACH who="0" ten="240,250,250,250" step="2"/><U25/><E128/><V97/><F32/><W61/><G68/><T112/><D112/><U20/><E71/><V52/><F0/><W113/><G113/><T125/><D125/><U99/><E25/><V35/><F35/><W94/><G123/><T45/><D45/><U87/><E44/><N who="2" m="27783" /><F97/><W40/><G78/><T46/><D46/><U17/><E99/><V56/><F56/><W10/><G79/><T69/><D69/><U73/><E58/><V95/><F95/><W57/><G93/><T77/><D77/><U103/><E73/><V116/><F116/><W92/><G94/><T110/><D110/><U29/><E13/><N who="2" m="5279" /><F27/><W96/><G92/><T82/><D82/><U84/><E103/><V72/><F72/><W54/><G81/><RYUUKYOKU ba="0,1" sc="240,15,250,-15,250,15,250,-15" hai0="4,9,15,21,24,30,49,59,104,107,132,133,135" hai2="12,16,22,52,55,88,91" /><INIT seed="0,1,1,1,3,46" ten="255,235,265,235" oya="0" hai0="21,118,59,57,93,22,123,79,101,41,108,36,47" hai1="92,71,12,33,68,29,35,19,107,31,134,88,39" hai2="62,94,32,69,51,42,64,44,24,103,6,40,120" hai3="95,66,63,34,53,54,60,97,102,15,13,99,89"/><T76/><D123/><U43/><E107/><V105/><F120/><W96/><G34/><T0/><D118/><U115/><E134/><V1/><F94/><W75/><G75/><T109/><D0/><U25/><E115/><V26/><F40/><W127/><G127/><T48/><D21/><U11/><E39/><V119/><F119/><W58/><G53/><N who="0" m="31911" /><D59/><U83/><E83/><V45/><F45/><W135/><G135/><T116/><D22/><U110/><E110/><N who="0" m="42601" /><D116/><U121/><E43/><V117/><F32/><W67/><G67/><T2/><D2/><U10/><E121/><V82/><F117/><W20/><G20/><T50/><D36/><U14/><E31/><V100/><F64/><W7/><G7/><T98/><AGARI ba="1,1" hai="41,47,50,76,79,93,98,101" m="42601,31911" machi="98" ten="30,11700,0" yaku="14,1,10,1,52,2" doraHai="46" who="0" fromWho="0" sc="255,130,235,-40,265,-40,235,-40" /><INIT seed="0,2,0,0,4,65" ten="385,195,225,195" oya="0" hai0="128,70,55,81,50,39,41,82,74,16,88,116,49" hai1="27,34,134,113,33,38,20,132,101,71,29,37,53" hai2="102,60,130,45,83,68,123,104,96,3,135,122,22" hai3="61,121,124,93,51,67,105,125,24,40,69,56,9"/><T42/><D116/><U108/><E108/><V62/><F3/><W59/><G105/><T86/><D70/><U21/><E113/><V84/><F130/><W99/><G121/><T100/><D39/><U25/><E101/><V48/><F135/><W92/><G9/><T95/><D128/><U117/><E53/><V44/><F22/><W52/><G92/><T63/><D63/><U80/><E80/><V73/><F73/><W106/><G106/><T91/><D100/><U89/><E89/><V12/><F12/><W2/><G2/><T114/><D114/><U30/><E117/><V5/><F5/><W17/><G40/><T98/><D50/><U76/><E76/><V18/><F18/><W23/><REACH who="3" step="1"/><G59/><REACH who="3" ten="385,195,225,185" step="2"/><N who="0" m="33263" /><D82/><U107/><E107/><V13/><F122/><W11/><G11/><T14/><D74/><U1/><E1/><V35/><F123/><W7/><G7/><T47/><D47/><U66/><E66/><V57/><F44/><W110/><G110/><T36/><D36/><U118/><E118/><V111/><F45/><W15/><G15/><T28/><D28/><U126/><E126/><V78/><F13/><W87/><G87/><T43/><D42/><U112/><E112/><V46/><F111/><W54/><G54/><T0/><D0/><U131/><E131/><V75/><F75/><W97/><G97/><T10/><AGARI ba="2,1" hai="10,14,16,41,43,81,86,88,91,95,98" m="33263" machi="10" ten="30,6000,0" yaku="8,1,54,2" doraHai="65" who="0" fromWho="0" sc="385,76,195,-22,225,-22,185,-22" /><INIT seed="0,3,0,4,4,122" ten="461,173,203,163" oya="0" hai0="112,106,3,72,16,94,37,44,79,19,51,49,60" hai1="119,48,45,82,13,63,35,102,134,113,41,71,30" hai2="66,124,75,26,116,32,58,57,39,50,85,108,59" hai3="132,18,5,25,133,110,73,34,105,38,65,23,36"/><T64/><D112/><U55/><E119/><V93/><F75/><W54/><G73/><T121/><D106/><U11/><E134/><N who="3" m="51818" /><G105/><T97/><D3/><U84/><E113/><V130/><F39/><N who="3" m="14891" /><G65/><T70/><D121/><U24/><E102/><V89/><F116/><W27/><G5/><T90/><D37/><U28/><E28/><V17/><F124/><W29/><G54/><T117/><D51/><U4/><E71/><V56/><F130/><W7/><G7/><T92/><D117/><U68/><E68/><V100/><F50/><W76/><G76/><T21/><D21/><U123/><E123/><V78/><F78/><W107/><G107/><T111/><D94/><U88/><REACH who="1" step="1"/><E63/><REACH who="1" ten="461,163,203,163" step="2"/><V62/><F62/><W10/><G10/><T52/><D60/><U131/><E131/><V120/><F120/><W74/><G74/><T127/><D72/><U81/><E81/><V47/><F66/><W8/><G8/><T22/><D64/><U96/><E96/><V87/><F87/><W83/><G83/><T12/><D70/><U115/><E115/><V98/><F85/><W40/><G40/><AGARI ba="3,1" hai="4,11,13,24,30,35,40,41,45,48,55,82,84,88" machi="40" ten="40,2600,0" yaku="1,1,54,1,53,0" doraHai="122" doraHaiUra="103" who="1" fromWho="3" sc="461,0,163,45,203,0,163,-35" /><INIT seed="1,0,0,3,3,128" ten="461,208,203,128" oya="1" hai0="60,22,32,80,45,41,94,74,31,76,86,55,52" hai1="108,28,100,56,83,53,39,44,92,104,62,119,63" hai2="134,133,12,123,0,19,91,93,4,69,115,72,78" hai3="89,67,75,23,125,50,40,54,6,58,3,71,68"/><U26/><E119/><V96/><F123/><W57/><G75/><T24/><D60/><U87/><E104/><V8/><F69/><W7/><G125/><T35/><D35/><U95/><E100/><V36/><F36/><W110/><G110/><T70/><D70/><U10/><E108/><V107/><F115/><W102/><G102/><T131/><D131/><U135/><E135/><N who="2" m="51723" /><F107/><W64/><G40/><T46/><D32/><U101/><E101/><V49/><F49/><W90/><G23/><T106/><D106/><U33/><E10/><N who="2" m="2311" /><F72/><W130/><G50/><T99/><D74/><U88/><REACH who="1" step="1"/><E63/><REACH who="1" ten="461,198,203,128" step="2"/><V5/><F78/><W14/><G130/><T20/><D76/><U17/><E17/><AGARI ba="0,1" hai="5,8,12,17,19,91,93,96" m="2311,51723" machi="17" ten="30,7700,0" yaku="20,1,52,3" doraHai="128" who="2" fromWho="1" sc="461,0,198,-77,203,87,128,0" /><INIT seed="2,0,0,2,2,42" ten="461,121,290,128" oya="2" hai0="100,78,7,63,26,14,5,89,64,133,85,109,107" hai1="75,9,103,61,20,55,37,128,95,16,118,135,56" hai2="32,70,98,54,86,21,45,134,112,0,105,90,6" hai3="48,120,43,74,22,126,66,23,84,12,124,49,69"/><V33/><F112/><W117/><G74/><T57/><D78/><U44/><E118/><V106/><F70/><W76/><G120/><T29/><D109/><U11/><E75/><V119/><F119/><W77/><G117/><T115/><D115/><U129/><E135/><V46/><F134/><W39/><G39/><T122/><D122/><U102/><E9/><V30/><F6/><W80/><G76/><T73/><D73/><U92/><E11/><V88/><F0/><W31/><G69/><T71/><D57/><U99/><E37/><V68/><F68/><W24/><G66/><T27/><D14/><U52/><E55/><V125/><F125/><N who="3" m="48235" /><G43/><T108/><D27/><N who="1" m="14727" /><E44/><N who="2" m="17003" /><F54/><W82/><G82/><N who="0" m="49335" /><D108/><U104/><E102/><V65/><F65/><W19/><AGARI ba="0,0" hai="12,19,22,23,24,31,48,49,77,80,84" m="48235" machi="19" ten="30,1100,0" yaku="18,1" doraHai="42" who="3" fromWho="3" sc="461,-3,121,-3,290,-5,128,11" /><INIT seed="3,0,0,2,2,34" ten="458,118,285,139" oya="3" hai0="84,22,53,75,9,25,36,116,89,97,20,0,102" hai1="50,122,58,59,15,31,43,128,54,71,23,63,30" hai2="47,88,17,109,8,7,4,100,48,77,27,125,130" hai3="10,52,61,49,99,38,108,94,134,69,117,104,39"/><W72/><G117/><T5/><D75/><U37/><E122/><V21/><F109/><W73/><G104/><T44/><D116/><U12/><E128/><V29/><F125/><W76/><G108/><T74/><D74/><U110/><E110/><V40/><F130/><W111/><G111/><T135/><D135/><U62/><E71/><V126/><F126/><W86/><G134/><T106/><D25/><U101/><E101/><V90/><F77/><W45/><G86/><T56/><D44/><U123/><E123/><V85/><F100/><W68/><G10/><T131/><D36/><U121/><E121/><V46/><F90/><W133/><G72/><T118/><D118/><U3/><E3/><V35/><F47/><W2/><G2/><T93/><D131/><U57/><E37/><V119/><F119/><W112/><G112/><T81/><D106/><U24/><E31/><V103/><F103/><N who="3" m="60919" /><G133/><T28/><D28/><U124/><E124/><V18/><F35/><W114/><G114/><T33/><D33/><U83/><E83/><N who="2" m="49215" /><F8/><W26/><G26/><T51/><AGARI ba="0,0" hai="0,5,9,20,22,51,53,56,81,84,89,93,97,102" machi="51" ten="20,2700,0" yaku="0,1,7,1,52,1" doraHai="34" who="0" fromWho="0" sc="458,27,118,-7,285,-7,139,-13" owari="485,58.5,111,-38.9,278,7.8,126,-27.4" /></mjloggm>