<mjloggm ver="2.3"><GO type="225" lobby="0"/><UN n0="%E6%9C%AA%E6%9D%A5%E5%B0%91%E5%B9%B4" n1="%E3%81%9F%E3%81%93%E2%98%86%E7%84%BC%E3%81%8D" n2="%E4%B8%89%E5%86%A0%E7%8E%8B%E3%83%BB%E5%B1%B1%E7%94%B0%E5%93%B2%E4%BA%BA" n3="%E3%81%A9%E3%82%8F%E3%82%93%E3%81%94" dan="16,16,16,16" rate="2146.89,2099.25,2157.64,2220.88" sx="M,M,M,M"/><TAIKYOKU oya="0"/><INIT seed="0,0,0,5,2,29" ten="250,250,250,250" oya="0" hai0="37,61,78,126,32,131,81,110,84,14,73,0,130" hai1="13,100,17,98,19,114,111,107,10,59,33,116,39" hai2="76,83,51,4,99,134,65,45,26,119,43,22,3" hai3="102,120,94,62,88,11,60,121,7,96,18,24,125"/><T36/><D0/><U52/><E116/><V55/><F119/><W123/><G125/><T1/><D1/><U108/><E39/><V117/><F117/><W72/><G72/><T67/><D126/><U82/><E114/><V113/><F113/><W97/><G18/><T103/><D103/><U77/><E19/><V64/><F134/><W56/><G24/><T16/><D110/><U91/><E91/><V53/><F53/><W69/><G56/><N who="0" m="37287" /><D73/><U41/><E41/><V133/><F133/><W135/><G69/><T68/><D68/><U70/><E70/><V118/><F118/><W122/><N who="3" m="30720" /><DORA hai="6" /><W5/><G135/><T9/><D32/><U20/><E33/><V15/><F99/><W87/><G5/><T48/><D48/><U129/><E129/><AGARI ba="0,0" hai="9,14,16,36,37,78,81,84,129,130,131" m="37287" machi="129" ten="30,5800,0" yaku="19,1,52,1,54,1" doraHai="29,6" who="0" fromWho="1" sc="250,58,250,-58,250,0,250,0" /><INIT seed="0,1,0,4,0,5" ten="308,192,250,250" oya="0" hai0="63,87,26,134,89,37,19,113,126,72,135,112,61" hai1="132,104,43,83,130,20,97,114,119,1,52,116,98" hai2="124,32,11,108,78,3,111,74,53,80,109,68,102" hai3="106,66,103,35,69,133,117,60,45,101,76,95,7"/><T22/><D72/><U18/><E43/><V105/><F53/><W51/><G117/><T75/><D75/><U118/><E130/><V93/><F93/><W40/><G106/><T47/><D126/><U4/><E132/><N who="0" m="50729" /><D47/><U85/><E104/><V131/><F131/><W107/><G35/><T30/><D30/><U59/><E114/><N who="0" m="44137" /><D37/><U79/><E4/><N who="2" m="1439" /><F124/><W86/><G133/><T34/><D34/><U129/><E1/><V27/><F32/><W73/><G107/><T23/><D23/><U25/><REACH who="1" step="1"/><E129/><REACH who="1" ten="308,182,250,250" step="2"/><V128/><F128/><W62/><G7/><T115/><D115/><U33/><E33/><V54/><F105/><W36/><G40/><T88/><D89/><U122/><E122/><V29/><F109/><W2/><G2/><T41/><D41/><U9/><E9/><V57/><F111/><W17/><G36/><T39/><D39/><U100/><E100/><V0/><F102/><W125/><G103/><T71/><D71/><U13/><E13/><V10/><F68/><W127/><G101/><T81/><AGARI ba="1,1" hai="19,22,26,61,63,81,87,88" m="44137,50729" machi="81" ten="30,3000,0" yaku="20,1,54,1" doraHai="5" who="0" fromWho="0" sc="308,43,182,-11,250,-11,250,-11" /><INIT seed="0,2,0,5,5,30" ten="351,171,239,239" oya="0" hai0="127,124,86,72,130,0,71,46,41,110,116,52,114" hai1="43,96,22,21,29,128,35,9,133,18,87,115,78" hai2="13,76,77,85,108,2,88,62,69,98,4,40,19" hai3="101,100,102,8,93,57,84,66,36,79,97,90,121"/><T65/><D72/><U91/><E43/><V28/><F108/><W123/><G36/><N who="0" m="21799" /><D86/><U53/><E78/><V10/><F40/><W33/><G8/><T112/><D0/><U113/><E96/><V20/><F98/><W59/><G33/><T49/><D116/><U73/><E73/><V48/><F48/><W58/><G66/><T106/><D106/><U55/><E128/><V15/><F69/><W32/><G32/><T122/><D122/><N who="3" m="46601" /><G79/><T81/><D81/><AGARI ba="2,0" hai="57,58,59,81,84,90,93,97,100,101,102" m="46601" machi="81" ten="30,1000,0" yaku="13,1" doraHai="30" who="3" fromWho="0" sc="351,-16,171,0,239,0,239,16" /><INIT seed="1,0,0,2,2,50" ten="335,171,239,255" oya="1" hai0="8,78,97,36,53,18,1,71,6,93,59,61,15" hai1="115,101,47,2,102,80,34,56,49,39,32,13,103" hai2="106,109,110,114,31,19,88,68,131,113,117,23,65" hai3="134,128,46,16,72,121,12,28,90,22,100,89,67"/><U63/><E2/><V122/><F106/><W118/><G121/><T112/><D112/><N who="2" m="43114" /><F122/><W92/><G72/><T33/><D36/><U37/><E115/><V3/><F117/><W108/><G118/><T54/><D71/><U25/><E80/><V86/><F31/><W82/><G108/><T0/><D33/><U5/><E25/><N who="2" m="14591" /><F3/><W69/><G134/><T126/><D126/><U73/><E73/><V58/><F68/><W116/><G128/><T83/><D53/><U119/><E119/><V7/><F7/><W129/><G129/><T44/><D44/><U77/><E77/><V104/><F104/><W51/><G28/><T17/><D0/><U14/><E34/><V21/><F21/><W42/><G116/><T123/><D1/><U98/><E32/><V84/><F131/><W24/><G82/><T75/><D123/><U10/><E98/><V133/><F133/><W40/><G69/><T85/><REACH who="0" step="1"/><D75/><REACH who="0" ten="325,171,239,255" step="2"/><U60/><E39/><V127/><F127/><W79/><G46/><T26/><D26/><U29/><E37/><V96/><F110/><W94/><G24/><T105/><D105/><U107/><E107/><V130/><F109/><W4/><G12/><T91/><AGARI ba="0,1" hai="6,8,15,17,18,54,59,61,78,83,85,91,93,97" machi="91" ten="20,8000,1" yaku="1,1,0,1,7,1,8,1,52,1,53,0" doraHai="50" doraHaiUra="120" who="0" fromWho="0" sc="325,90,171,-40,239,-20,255,-20" /><INIT seed="2,0,0,0,5,95" ten="415,131,219,235" oya="2" hai0="123,45,14,112,83,111,24,104,58,81,66,133,71" hai1="26,59,52,27,128,114,113,99,12,74,53,4,101" hai2="109,28,8,77,36,54,82,97,131,134,132,124,62" hai3="91,44,68,118,39,17,32,108,129,9,92,90,61"/><V106/><F124/><W31/><G118/><T48/><D112/><U0/><E74/><V125/><F125/><W86/><G108/><T10/><D123/><U78/><E0/><V33/><F36/><W56/><G68/><T87/><D104/><U88/><E78/><V50/><F109/><W18/><G129/><T94/><D111/><U107/><E128/><V72/><F131/><W126/><G126/><T42/><D71/><U19/><E4/><V49/><F8/><W21/><G32/><T80/><D133/><N who="2" m="51306" /><F28/><W127/><G127/><T46/><D46/><U22/><E53/><V35/><F62/><W6/><G44/><T38/><D24/><U15/><E27/><V25/><F25/><N who="3" m="16815" /><G39/><T70/><D70/><U51/><REACH who="1" step="1"/><E88/><REACH who="1" ten="415,121,219,235" step="2"/><V79/><F79/><W7/><G91/><T93/><D87/><U100/><E100/><N who="2" m="62735" /><F49/><W29/><G29/><T65/><D38/><U75/><E75/><V5/><F5/><N who="3" m="1547" /><G9/><T69/><D66/><AGARI ba="0,1" hai="17,18,56,61,66,86,90,92" m="1547,16815" machi="66" ten="30,1000,0" yaku="8,1" doraHai="95" who="3" fromWho="0" sc="415,-10,121,0,219,0,235,20" /><INIT seed="3,0,0,2,1,43" ten="405,121,219,255" oya="3" hai0="9,60,110,28,71,30,104,23,65,76,80,4,123" hai1="99,19,83,0,121,61,57,96,85,41,44,49,134" hai2="34,115,79,50,113,66,127,20,29,93,81,63,77" hai3="132,109,90,88,53,124,116,68,111,108,2,21,16"/><W39/><G116/><T36/><D123/><U133/><E0/><V87/><F34/><W35/><G68/><T70/><D104/><U13/><E121/><V72/><F127/><W3/><G35/><T130/><D36/><U105/><E105/><V40/><F40/><W122/><G122/><T18/><D110/><U56/><E134/><V14/><F50/><W33/><G33/><T47/><D130/><U45/><E133/><V5/><F5/><W100/><G132/><T58/><D47/><U120/><E120/><V95/><F95/><W97/><G39/><T117/><D117/><U74/><E74/><V64/><F64/><W98/><G53/><T126/><D126/><U12/><E12/><V91/><F79/><W11/><G124/><T112/><D112/><U103/><E57/><V89/><F89/><N who="3" m="34411" /><G11/><T78/><D71/><U25/><E25/><V1/><F1/><N who="3" m="11" /><G100/><T118/><D70/><U59/><E56/><V7/><F7/><W54/><G54/><T84/><D78/><U55/><E103/><V82/><F14/><AGARI ba="0,0" hai="14,16,21,97,98,108,109,111" m="11,34411" machi="14" ten="40,12000,1" yaku="14,1,10,1,54,2" doraHai="43" who="3" fromWho="2" sc="405,0,121,0,219,-120,255,120" /><INIT seed="3,1,0,1,0,63" ten="405,121,99,375" oya="3" hai0="15,84,103,18,102,111,128,22,17,20,48,93,32" hai1="80,60,3,10,4,67,64,68,126,26,99,125,16" hai2="39,46,75,117,85,35,135,66,90,23,54,42,100" hai3="108,109,132,104,82,24,72,120,97,121,129,38,44"/><W49/><G38/><T52/><D32/><U12/><E99/><V115/><F115/><W94/><G104/><T86/><D111/><N who="3" m="42569" /><G132/><T95/><D128/><U21/><E80/><V88/><F117/><W133/><G133/><T119/><D119/><U107/><E107/><V124/><F135/><W19/><G129/><T2/><D2/><U47/><E47/><V37/><F35/><W112/><G112/><T92/><D102/><U27/><E67/><V116/><F116/><W110/><G110/><T40/><D40/><U114/><E114/><V8/><F75/><W118/><G118/><T89/><D86/><U101/><E101/><V96/><F124/><AGARI ba="1,0" hai="3,4,10,12,16,21,26,27,60,64,68,124,125,126" machi="124" ten="40,5200,0" yaku="18,1,52,1,54,1" doraHai="63" who="1" fromWho="2" sc="405,0,121,55,99,-55,375,0" owari="405,50.5,176,-22.4,44,-45.6,375,17.5" /></mjloggm>