<mjloggm ver="2.3"><GO type="225" lobby="0"/><UN n0="%E5%80%89%E6%A9%8B%EF%BC%A0%E4%BA%8B%E5%8B%99" n1="%48%61%61%61%6C%61%6E%64" n2="%E3%81%BE%E3%83%BC%E3%81%8F%E3%82%93" n3="%72%61%6B%33" dan="16,17,16,16" rate="2092.35,2161.19,2082.49,2207.58" sx="M,M,F,M"/><TAIKYOKU oya="0"/><INIT seed="0,0,0,2,3,2" ten="250,250,250,250" oya="0" hai0="62,45,116,34,61,15,123,78,90,0,131,82,12" hai1="22,57,69,98,95,31,1,35,99,83,132,108,112" hai2="49,41,10,20,25,106,133,81,70,85,134,118,92" hai3="121,130,103,114,87,125,24,129,93,55,37,28,36"/><T6/><D116/><U39/><E69/><V75/><F70/><W4/><G114/><T86/><D123/><U135/><E35/><V32/><F106/><W110/><G110/><T117/><D117/><U53/><E108/><V40/><F32/><W42/><G121/><T47/><D34/><U21/><E112/><V29/><F75/><W8/><G125/><T111/><D111/><U126/><E126/><V38/><F38/><W84/><G55/><T56/><D131/><N who="3" m="50185" /><G103/><T17/><D0/><U50/><E1/><V43/><F118/><W122/><G122/><T51/><D90/><U16/><E39/><N who="3" m="14922" /><G93/><T109/><D109/><U72/><E95/><V80/><F92/><W91/><G42/><N who="0" m="25015" /><D47/><U89/><E89/><V3/><F80/><W113/><G91/><T54/><D62/><U58/><E83/><V19/><F49/><W48/><G48/><T120/><D120/><U119/><E119/><V115/><F115/><W60/><G60/><T27/><D27/><U46/><E50/><V33/><F81/><W127/><G127/><T66/><D54/><U128/><E53/><V107/><F107/><W74/><G74/><T104/><D104/><U52/><E72/><V68/><F85/><W96/><G96/><T44/><D44/><U97/><E128/><V13/><F68/><W76/><G76/><T11/><D15/><N who="1" m="9375" /><E46/><V9/><F3/><N who="3" m="31" /><G113/><T77/><D78/><U94/><E57/><V7/><F10/><W14/><G14/><T79/><D77/><U63/><E94/><V64/><F64/><W71/><G71/><T124/><D124/><U5/><E98/><RYUUKYOKU ba="0,0" sc="250,10,250,-30,250,10,250,10" hai0="6,11,12,17,56,61,66,79,82,86" hai2="7,9,13,19,20,25,29,33,40,41,43,133,134" hai3="24,28,84,87" /><INIT seed="0,1,0,3,1,127" ten="260,220,260,260" oya="0" hai0="53,50,10,8,71,29,98,2,100,21,73,19,18" hai1="99,80,72,28,83,114,25,60,107,86,74,3,5" hai2="6,14,61,56,119,134,39,90,66,106,1,122,129" hai3="52,91,65,54,94,128,35,32,23,34,103,112,45"/><T92/><D73/><U58/><E114/><V81/><F39/><W36/><G112/><T49/><D71/><U105/><E3/><V13/><F106/><W24/><G103/><T135/><D135/><U125/><E5/><V131/><F122/><W118/><G65/><T111/><D111/><U85/><E125/><V43/><F43/><W41/><G128/><N who="2" m="49225" /><F119/><W9/><G9/><T17/><D2/><U97/><E105/><V78/><F90/><W15/><G15/><T22/><D50/><U104/><E107/><V87/><F134/><W82/><G82/><T42/><D42/><U16/><E80/><V126/><F126/><W116/><G118/><T33/><D33/><U77/><E83/><V101/><F101/><W62/><G62/><T30/><D8/><AGARI ba="1,0" hai="1,6,8,13,14,56,61,66,78,81,87" m="49225" machi="8" ten="30,7700,0" yaku="19,1,52,3" doraHai="127" who="2" fromWho="0" sc="260,-80,220,0,260,80,260,0" /><INIT seed="1,0,0,3,2,18" ten="180,220,340,260" oya="1" hai0="132,43,34,55,20,56,68,87,38,104,4,27,50" hai1="5,97,17,46,63,133,37,103,24,108,29,44,107" hai2="90,101,30,111,125,16,12,67,69,120,25,118,124" hai3="73,72,88,35,123,1,106,81,109,14,102,110,76"/><U96/><E133/><V31/><F120/><W77/><G1/><T70/><D104/><U23/><E108/><N who="3" m="41578" /><G35/><T36/><D132/><U66/><E5/><V82/><F111/><W3/><G3/><T130/><D34/><U39/><E97/><V57/><F69/><W105/><G14/><T75/><D75/><N who="3" m="28745" /><G123/><T116/><D116/><U9/><E39/><V94/><F25/><W33/><G33/><T19/><D130/><U83/><E37/><V42/><F42/><W48/><G48/><T122/><D122/><U28/><E83/><V127/><F118/><W117/><G117/><T62/><D4/><U99/><E99/><N who="2" m="59639" /><F57/><W84/><G102/><T121/><D121/><U53/><E44/><V86/><F67/><W112/><G112/><T126/><D70/><U74/><E74/><V58/><F58/><W135/><G135/><T8/><D68/><U134/><E134/><V54/><F54/><W131/><G131/><T119/><D119/><U60/><E46/><V22/><AGARI ba="0,0" hai="12,16,22,30,31,82,86,90,124,125,127" m="59639" machi="22" ten="30,4000,0" yaku="18,1,52,1,54,1" doraHai="18" who="2" fromWho="2" sc="180,-10,220,-20,340,40,260,-10" /><INIT seed="2,0,0,5,4,38" ten="170,200,380,250" oya="2" hai0="73,1,4,55,39,6,3,2,101,67,60,127,42" hai1="122,98,104,7,19,82,25,66,49,14,81,84,40" hai2="65,27,128,52,18,30,108,26,102,64,71,125,46" hai3="47,119,117,63,24,120,92,94,132,130,37,68,8"/><V99/><F71/><W121/><G24/><N who="2" m="9257" /><F128/><W16/><G130/><T97/><D73/><U44/><E122/><V93/><F125/><W23/><G132/><T124/><D55/><U32/><E66/><V72/><F72/><W123/><G94/><T51/><D51/><U103/><E7/><V10/><F30/><W17/><G92/><T0/><N who="0" m="0" /><DORA hai="57" /><T21/><D21/><U5/><E5/><V135/><F108/><W113/><G113/><T116/><D116/><U129/><E129/><V96/><F96/><W100/><G100/><T28/><D28/><U20/><REACH who="1" step="1"/><E84/><REACH who="1" ten="170,190,380,250" step="2"/><V54/><F65/><W109/><G123/><T9/><D4/><U80/><E80/><V13/><F64/><W83/><G83/><T75/><D75/><U114/><E114/><V107/><F135/><W15/><G121/><T58/><D6/><U33/><E33/><V11/><F107/><W69/><G120/><T86/><D86/><U134/><E134/><V88/><F102/><W56/><G119/><T85/><D85/><U105/><E105/><V90/><F99/><W29/><G117/><T50/><D101/><U126/><E126/><N who="0" m="48169" /><D97/><U35/><E35/><V115/><F115/><W79/><G29/><AGARI ba="0,1" hai="14,19,20,25,29,32,40,44,49,81,82,98,103,104" machi="29" ten="40,2600,0" yaku="1,1,52,1,53,0" doraHai="38,57" doraHaiUra="87,106" who="1" fromWho="3" sc="170,0,190,36,380,0,250,-26" /><INIT seed="3,0,0,5,1,27" ten="170,226,380,224" oya="3" hai0="36,89,102,16,97,9,101,74,87,92,67,32,21" hai1="130,93,82,33,91,7,110,79,65,131,78,52,54" hai2="11,22,128,4,43,66,68,84,75,124,35,81,72" hai3="18,2,19,61,58,118,41,23,37,96,133,62,17"/><W49/><G118/><T125/><D125/><U3/><E110/><V115/><F35/><W88/><G133/><T120/><D120/><U8/><E33/><V6/><F68/><W100/><G2/><T46/><D74/><N who="1" m="43351" /><E65/><V105/><F66/><W127/><G127/><T70/><D32/><U103/><E103/><V44/><F105/><W119/><G119/><T111/><D111/><U56/><E56/><V73/><F128/><N who="1" m="49193" /><E79/><V71/><F71/><W109/><G109/><T99/><D9/><U69/><E69/><V90/><F115/><W64/><G37/><T20/><D70/><U50/><E50/><V116/><F11/><W129/><G129/><T108/><D108/><U85/><AGARI ba="0,0" hai="3,7,8,52,54,85,91,93" m="49193,43351" machi="85" ten="30,2000,0" yaku="19,1,54,1" doraHai="27" who="1" fromWho="1" sc="170,-5,226,20,380,-5,224,-10" owari="165,-33.5,246,4.6,375,47.5,214,-18.6" /></mjloggm>