<mjloggm ver="2.3"><GO type="225" lobby="0"/><UN n0="%72%69%6F%75%63%68%61%6E" n1="%E3%82%BF%E3%83%BC%E3%83%90%E3%83%B3%E9%87%8E%E5%8F%A3" n2="%28%EF%BF%A3%E2%96%BD%EF%BF%A3%29%CE%B4%E2%8C%92%E3%83%BB" n3="%E7%99%BD%E6%97%A5%E9%9B%AA%E8%8F%9C" dan="17,16,16,16" rate="2237.98,2128.57,2091.52,2184.58" sx="M,M,M,M"/><TAIKYOKU oya="0"/><INIT seed="0,0,0,4,0,104" ten="250,250,250,250" oya="0" hai0="6,76,25,57,85,52,65,24,117,81,39,59,79" hai1="114,71,11,74,47,44,40,92,100,131,26,5,126" hai2="12,113,35,64,43,2,72,37,1,9,60,54,105" hai3="20,118,86,42,61,90,49,4,36,106,33,101,84"/><T41/><D117/><U19/><E71/><V23/><F35/><W102/><G33/><T123/><D123/><U16/><E131/><V133/><F105/><W38/><G118/><T94/><D6/><U46/><E126/><V120/><F120/><W132/><G132/><T27/><D65/><U121/><E121/><V48/><F72/><W69/><G84/><T8/><D8/><U83/><E114/><V31/><F113/><W73/><G4/><T7/><D7/><U34/><E34/><V22/><F43/><W55/><G73/><T88/><D76/><N who="1" m="44439" /><E92/><V62/><F37/><W97/><G102/><T67/><D67/><U30/><E30/><V0/><F133/><W135/><G135/><T87/><REACH who="0" step="1"/><D52/><REACH who="0" ten="240,250,250,250" step="2"/><U80/><E5/><V28/><F64/><W116/><G116/><T50/><D50/><U112/><E11/><V108/><F48/><W115/><G49/><T127/><D127/><U66/><E66/><V96/><F54/><W63/><G55/><T68/><D68/><U99/><E112/><V56/><F9/><W109/><G69/><T70/><D70/><U17/><E47/><AGARI ba="0,1" hai="24,25,27,39,41,47,57,59,79,81,85,87,88,94" machi="47" ten="40,12000,1" yaku="1,1,54,1,53,3" doraHai="104" doraHaiUra="21" who="0" fromWho="1" sc="240,130,250,-120,250,0,250,0" /><INIT seed="0,1,0,2,2,50" ten="370,130,250,250" oya="0" hai0="93,94,83,49,19,87,111,7,17,108,89,78,2" hai1="43,37,29,58,129,112,63,72,42,51,88,48,36" hai2="100,131,13,135,66,3,126,123,24,102,20,81,124" hai3="16,109,90,40,114,23,118,56,84,75,119,60,106"/><T45/><D7/><U122/><E72/><V46/><F3/><W54/><G114/><T35/><D35/><U22/><E29/><V104/><F123/><W134/><G75/><T41/><D2/><U105/><E105/><V91/><F66/><W68/><G106/><T77/><D94/><U15/><E22/><V85/><F135/><W76/><G134/><T92/><D93/><U73/><E15/><V121/><F121/><W30/><G109/><N who="0" m="42059" /><D77/><U67/><E88/><V4/><F131/><W79/><G30/><T9/><D9/><U113/><E73/><AGARI ba="1,0" hai="17,19,41,45,49,73,78,83,87,89,92" m="42059" machi="73" ten="30,2900,0" yaku="14,1,10,1" doraHai="50" who="0" fromWho="1" sc="370,32,130,-32,250,0,250,0" /><INIT seed="0,2,0,5,2,99" ten="402,98,250,250" oya="0" hai0="82,20,87,55,61,93,83,92,121,66,25,2,98" hai1="73,119,37,81,95,125,23,85,34,131,112,8,132" hai2="124,11,16,118,9,57,54,29,52,129,106,91,122" hai3="32,97,77,88,104,111,79,65,76,41,68,78,64"/><T62/><D121/><U10/><E119/><V17/><F122/><W33/><G111/><T12/><D2/><U102/><E34/><V115/><F106/><W67/><G68/><T74/><D12/><U130/><E37/><V120/><F120/><W116/><G116/><T75/><D55/><U4/><E73/><V5/><F118/><W134/><G134/><T48/><D48/><U50/><E50/><V59/><F115/><W15/><G76/><T110/><D110/><U14/><E23/><V128/><F29/><W101/><G41/><T31/><D93/><U3/><E132/><V26/><F26/><W19/><REACH who="3" step="1"/><G88/><REACH who="3" ten="402,98,250,240" step="2"/><T24/><D83/><U69/><E69/><V7/><F91/><W56/><G56/><T105/><D82/><U6/><E112/><V107/><REACH who="2" step="1"/><F107/><REACH who="2" ten="402,98,240,240" step="2"/><W114/><G114/><T45/><D105/><U22/><E130/><V117/><F117/><W90/><G90/><T38/><D74/><U58/><E131/><V53/><F53/><W18/><G18/><T0/><D75/><U123/><E123/><V96/><F96/><W30/><G30/><T36/><D31/><U126/><E4/><V28/><F28/><W71/><G71/><T35/><D98/><U21/><E6/><V108/><F108/><W133/><G133/><T1/><D87/><U39/><E85/><V89/><F89/><W43/><G43/><T135/><D135/><U109/><E109/><V46/><F46/><W80/><G80/><T100/><D45/><U44/><E44/><V63/><F63/><W27/><G27/><T72/><D61/><U40/><E40/><RYUUKYOKU ba="2,2" sc="402,-15,98,-15,240,15,240,15" hai2="5,7,9,11,16,17,52,54,57,59,124,128,129" hai3="15,19,32,33,64,65,67,77,78,79,97,101,104" /><INIT seed="1,3,2,0,5,102" ten="387,83,255,255" oya="1" hai0="87,71,68,90,97,58,85,131,74,65,109,86,67" hai1="72,82,108,101,135,60,40,12,4,25,55,6,1" hai2="50,106,66,11,126,134,110,31,91,83,129,10,2" hai3="46,51,23,84,125,22,36,19,124,16,69,44,17"/><U104/><E1/><V28/><F66/><W8/><G69/><T107/><D74/><U24/><E40/><V119/><F119/><W64/><G64/><T32/><D32/><U27/><E135/><V78/><F91/><W61/><G61/><T5/><D109/><U18/><E108/><V26/><F110/><W73/><G73/><T95/><D131/><U98/><E72/><V3/><F129/><W120/><G120/><T45/><D107/><U39/><E39/><V99/><F134/><W128/><G128/><T21/><D5/><U77/><E77/><V88/><F126/><N who="3" m="48747" /><G8/><T37/><D67/><U133/><E82/><V127/><F127/><W63/><G63/><T114/><D114/><U43/><E43/><V80/><F50/><W14/><G36/><T13/><D45/><N who="3" m="17513" /><G51/><T70/><D37/><U0/><E0/><V130/><F130/><W96/><G84/><T94/><D58/><U33/><E33/><V53/><F78/><W103/><G14/><T49/><D49/><U118/><E118/><V34/><F34/><W54/><G54/><T56/><D56/><N who="1" m="34847" /><E133/><V75/><F75/><W132/><G132/><T20/><D65/><U93/><E104/><AGARI ba="3,2" hai="16,17,19,22,23,96,103,104" m="17513,48747" machi="104" ten="30,3900,0" yaku="18,1,52,1,54,1" doraHai="102" who="3" fromWho="1" sc="387,0,83,-48,255,0,255,68" /><INIT seed="2,0,0,1,1,38" ten="387,35,255,323" oya="2" hai0="131,33,27,124,0,133,65,66,57,128,75,120,14" hai1="19,46,42,97,36,61,25,109,103,67,4,62,63" hai2="17,121,112,105,83,85,104,12,117,80,115,30,111" hai3="69,39,119,129,59,98,64,9,8,81,54,7,58"/><V108/><F30/><W90/><G119/><T52/><D124/><U16/><E109/><N who="2" m="42059" /><F17/><W132/><G39/><T125/><D133/><U116/><E116/><V18/><F18/><W20/><G132/><T126/><D120/><U73/><E73/><V60/><F12/><W88/><G129/><N who="0" m="49739" /><D0/><U70/><E4/><V102/><F60/><N who="3" m="37911" /><G69/><T32/><D75/><U78/><E78/><N who="2" m="46231" /><F117/><W43/><G43/><T1/><D1/><U91/><E91/><N who="3" m="34858" /><G81/><T134/><D134/><U122/><E122/><V127/><F121/><W113/><G98/><T89/><D89/><U21/><REACH who="1" step="1"/><E19/><REACH who="1" ten="387,25,255,323" step="2"/><V107/><F102/><W35/><G7/><T74/><D74/><U5/><E5/><V24/><F83/><W101/><G101/><T93/><D125/><U82/><E82/><V68/><F127/><W48/><G113/><N who="2" m="43593" /><F24/><W29/><G35/><T28/><D32/><U123/><E123/><V50/><F68/><W76/><G76/><T130/><N who="0" m="49747" /><T11/><DORA hai="135" /><D126/><U45/><E45/><V10/><F10/><W72/><G72/><T41/><D11/><U26/><E26/><AGARI ba="0,1" hai="8,9,20,26,29,48,54,59" m="34858,37911" machi="26" ten="30,2000,0" yaku="8,1,54,1" doraHai="38,135" who="3" fromWho="1" sc="387,0,25,-20,255,0,323,30" /><INIT seed="3,0,0,2,5,134" ten="387,5,255,353" oya="3" hai0="96,55,5,24,64,42,62,91,41,132,36,23,115" hai1="4,97,19,129,80,88,127,59,120,45,46,31,54" hai2="39,79,108,30,83,16,17,0,13,82,70,118,123" hai3="107,53,103,57,75,121,7,95,3,15,99,11,52"/><W77/><G121/><T48/><D36/><U86/><E120/><V22/><F39/><W38/><G38/><T35/><D35/><U34/><E129/><V65/><F123/><W44/><G44/><T56/><D132/><U18/><E34/><V109/><F118/><W8/><G107/><T58/><D115/><U33/><E33/><V93/><F0/><W66/><G66/><T104/><D5/><U78/><E31/><V43/><F43/><W9/><G9/><T20/><D104/><U124/><E4/><V131/><F30/><W111/><G111/><T122/><D122/><U10/><E45/><V72/><F131/><W94/><G95/><N who="0" m="56447" /><D20/><U26/><E46/><V110/><F83/><W50/><G53/><T29/><AGARI ba="0,0" hai="23,24,29,41,42,48,55,56,58,62,64" m="56447" machi="29" ten="30,1100,0" yaku="8,1" doraHai="134" who="0" fromWho="0" sc="387,11,5,-3,255,-3,353,-5" owari="398,49.8,2,-49.8,252,-14.8,348,14.8" /></mjloggm>