<mjloggm ver="2.3"><GO type="225" lobby="0"/><UN n0="%E4%BA%AE%E6%B5%81%E6%89%93%E8%80%85" n1="%E3%81%B2%E3%81%AA%E3%81%AE%E3%82%8A%E3%81%8F" n2="%E3%82%BC%E3%83%AB%E3%83%80%E3%81%AE%E4%BC%9D%E8%AA%AC" n3="%E3%81%8B%E3%82%8F%E3%81%A1%E3%82%83%E3%82%93%35%38" dan="16,17,18,17" rate="2091.80,2191.62,2211.32,2219.76" sx="F,M,M,M"/><TAIKYOKU oya="0"/><INIT seed="0,0,0,3,3,7" ten="250,250,250,250" oya="0" hai0="19,66,38,23,120,21,132,87,16,122,57,104,35" hai1="22,103,53,133,124,51,3,56,97,45,11,102,18" hai2="46,105,121,127,5,91,70,8,43,0,27,130,15" hai3="42,98,131,126,95,69,84,39,113,81,54,79,73"/><T71/><D35/><U17/><E124/><V90/><F121/><W41/><G69/><T58/><D38/><U77/><E77/><V63/><F127/><W100/><G126/><T118/><D71/><U80/><E133/><V2/><F105/><W31/><G113/><T109/><D104/><U128/><E128/><V99/><F130/><W36/><G131/><T68/><D68/><U93/><E80/><V108/><F108/><W50/><G39/><T88/><D118/><U62/><E103/><V24/><F24/><W82/><G31/><T119/><D119/><U64/><REACH who="1" step="1"/><E22/><REACH who="1" ten="250,240,250,250" step="2"/><V89/><F89/><W33/><G33/><T49/><D132/><U129/><E129/><V96/><F91/><W34/><G34/><T85/><D109/><U61/><E61/><V101/><F90/><W37/><G37/><T32/><D32/><U134/><E134/><V78/><F78/><W92/><G36/><T75/><D120/><U67/><E67/><V111/><F63/><W6/><G81/><T135/><D122/><U9/><E9/><V117/><F8/><W4/><G73/><T30/><D75/><U55/><E55/><V112/><F101/><W13/><G95/><T114/><D135/><U29/><E29/><V47/><F111/><W1/><G54/><T74/><D74/><U28/><E28/><V59/><F117/><W44/><G42/><T12/><D66/><U25/><E25/><V60/><F27/><W65/><G65/><T110/><D110/><U48/><E48/><V86/><F43/><W123/><G123/><T76/><D49/><U83/><E83/><RYUUKYOKU ba="0,1" sc="250,-10,240,30,250,-10,250,-10" hai1="3,11,17,18,45,51,53,56,62,64,93,97,102" /><INIT seed="1,1,1,0,1,28" ten="240,270,240,240" oya="1" hai0="96,108,3,10,13,14,39,93,62,29,34,49,72" hai1="116,55,105,46,114,23,48,126,36,122,98,129,54" hai2="4,111,121,6,40,31,63,52,41,42,73,85,45" hai3="24,102,68,67,80,11,18,1,99,87,117,37,58"/><U78/><E116/><V51/><F73/><W131/><G37/><T65/><D39/><U130/><E114/><V94/><F111/><W38/><G38/><T128/><D72/><U59/><E122/><V22/><F121/><W133/><G68/><T124/><D108/><U90/><E126/><V25/><REACH who="2" step="1"/><F63/><REACH who="2" ten="240,270,230,240" step="2"/><W103/><G117/><T35/><D62/><U12/><E130/><V32/><F32/><W16/><G131/><T75/><D34/><U20/><E129/><V70/><F70/><W15/><G133/><T112/><D35/><U50/><E36/><V77/><F77/><W79/><G1/><T21/><D3/><U107/><E78/><V0/><F0/><W115/><G115/><T53/><D112/><U8/><E107/><V43/><N who="2" m="10240" /><DORA hai="7" /><V17/><F17/><W74/><G74/><T89/><D128/><U47/><E105/><V33/><F33/><W110/><G110/><T106/><D75/><U91/><E47/><V132/><F132/><W76/><G76/><T95/><D106/><U57/><E46/><V19/><F19/><W84/><G18/><T100/><D124/><U134/><E134/><V113/><F113/><W64/><G16/><T27/><D49/><U109/><E109/><V61/><F61/><W5/><G79/><T71/><D71/><U60/><E60/><V92/><F92/><W9/><G58/><T88/><D29/><U135/><E135/><V123/><F123/><W26/><G67/><T97/><D65/><U2/><E2/><V101/><F101/><W82/><G64/><T56/><D56/><U120/><E120/><RYUUKYOKU ba="1,2" sc="240,-10,270,-10,230,30,240,-10" hai2="4,6,22,25,31,45,51,52,85,94" /><INIT seed="2,2,2,2,5,69" ten="230,260,260,230" oya="2" hai0="48,115,30,112,64,134,114,88,58,40,121,74,54" hai1="108,129,62,37,117,9,75,70,107,118,16,23,55" hai2="76,38,91,79,99,12,123,45,105,21,56,34,42" hai3="65,66,27,53,109,111,130,98,2,81,17,71,19"/><V50/><F34/><W124/><G2/><T51/><D74/><U22/><E107/><V29/><F123/><W104/><G124/><T119/><D121/><U18/><E75/><V93/><F105/><W52/><G130/><T135/><D30/><U49/><E129/><V63/><F38/><W122/><G122/><T128/><D128/><U126/><E126/><V8/><F21/><N who="3" m="13743" /><G81/><T95/><D64/><N who="3" m="24681" /><G71/><T72/><D72/><U10/><E62/><V127/><F29/><W89/><G19/><T125/><D125/><U83/><E70/><V85/><F127/><W39/><G39/><T92/><D119/><U120/><E37/><V68/><F68/><W116/><G116/><T15/><D15/><U87/><E120/><V24/><F24/><W43/><G43/><T94/><REACH who="0" step="1"/><D88/><REACH who="0" ten="220,260,260,230" step="2"/><U60/><E117/><V33/><F33/><W4/><G4/><T90/><D90/><U46/><E118/><V101/><F91/><W133/><G133/><T36/><D36/><U77/><E77/><V73/><F73/><W86/><G86/><T1/><D1/><U14/><E87/><V20/><F85/><W25/><G25/><T7/><D7/><U102/><E83/><V35/><F35/><W96/><G89/><T5/><D5/><U6/><E6/><N who="2" m="3095" /><F76/><W132/><G132/><T41/><D41/><U106/><E14/><V131/><F79/><W26/><G26/><T47/><AGARI ba="2,3" hai="40,47,48,51,54,58,92,94,95,112,114,115,134,135" machi="47" ten="40,2700,0" yaku="1,1,0,1,53,0" doraHai="69" doraHaiUra="13" who="0" fromWho="0" sc="220,63,260,-9,260,-15,230,-9" /><INIT seed="3,0,0,5,1,109" ten="283,251,245,221" oya="3" hai0="85,65,6,3,86,125,88,131,98,1,10,116,90" hai1="35,127,62,34,81,27,80,38,2,32,126,79,99" hai2="94,89,53,52,130,63,36,31,23,46,11,122,54" hai3="135,0,115,15,30,47,123,93,92,49,28,45,84"/><W39/><G0/><T129/><D116/><U29/><E38/><V113/><F113/><W4/><G123/><T51/><D65/><U78/><E2/><V56/><F122/><W57/><G115/><T37/><D37/><U95/><E62/><V20/><F130/><N who="0" m="49674" /><D1/><U44/><E44/><N who="3" m="16970" /><G39/><T68/><D68/><U114/><E114/><V105/><F105/><W71/><G135/><T9/><D9/><U43/><E43/><V70/><F70/><W50/><G71/><T8/><D8/><U106/><E106/><V22/><F31/><N who="3" m="11819" /><G57/><T41/><D125/><N who="1" m="47627" /><E79/><V101/><F101/><W100/><G100/><T42/><D51/><U77/><E77/><V21/><F36/><W82/><G4/><T121/><D121/><U87/><E80/><V96/><F46/><W61/><G61/><T69/><D69/><U73/><E73/><V13/><N who="2" m="5120" /><DORA hai="128" /><V118/><F118/><W55/><G15/><T18/><D18/><AGARI ba="0,0" hai="11,13,18,52,53,54,56,63,89,94,96" m="5120" machi="18" ten="50,3200,0" yaku="8,1,54,1" doraHai="109,128" who="2" fromWho="0" sc="283,-32,251,0,245,32,221,0" /><INIT seed="4,0,0,2,4,58" ten="251,251,277,221" oya="0" hai0="118,63,10,33,122,88,39,56,15,19,24,115,102" hai1="130,44,3,97,123,17,133,16,36,134,126,59,120" hai2="25,20,124,117,106,79,116,77,43,91,127,65,29" hai3="47,109,85,18,110,111,9,67,131,21,70,113,11"/><T51/><D118/><N who="2" m="45674" /><F106/><W27/><G113/><T57/><D122/><U101/><E3/><V72/><F72/><W53/><G131/><T22/><D39/><U94/><E130/><V26/><F43/><W23/><G85/><T32/><D102/><U54/><E126/><N who="2" m="48171" /><F91/><W129/><G129/><T69/><D115/><U84/><E36/><V49/><F49/><W61/><G47/><T30/><D88/><N who="1" m="53511" /><E44/><V62/><F25/><W90/><G90/><T135/><D135/><N who="1" m="51723" /><E123/><V64/><F64/><W55/><REACH who="3" step="1"/><G23/><REACH who="3" ten="251,251,277,211" step="2"/><T0/><D32/><U5/><E120/><V6/><F6/><W86/><G86/><T87/><D87/><U35/><E5/><V83/><F83/><W41/><G41/><T132/><D132/><U107/><E35/><V40/><F40/><W121/><G121/><T96/><D96/><U81/><E81/><V89/><F89/><W14/><G14/><T4/><D51/><AGARI ba="0,1" hai="16,17,51,54,59,97,101,107" m="51723,53511" machi="51" ten="30,3900,0" yaku="20,1,54,2" doraHai="58" who="1" fromWho="0" sc="251,-39,251,49,277,0,211,0" owari="212,-18.8,300,40.0,277,7.7,211,-28.9" /></mjloggm>