<mjloggm ver="2.3"><GO type="225" lobby="0"/><UN n0="%E5%A4%9C%E3%81%AE%E3%82%AC%E3%82%B9%E3%83%91%E3%83%BC%E3%83%AB" n1="%6D%61%74%69%67%75%73%61" n2="%E3%81%B2%E3%81%AA%E3%81%AE%E3%82%8A%E3%81%8F" n3="%E3%81%B5%E3%81%98%E3%81%8B%E3%81%A4" dan="16,17,17,16" rate="2121.59,2182.18,2226.34,2107.49" sx="M,M,M,M"/><TAIKYOKU oya="0"/><INIT seed="0,0,0,5,1,93" ten="250,250,250,250" oya="0" hai0="102,75,22,104,62,47,96,32,116,124,27,130,64" hai1="100,19,71,101,133,58,55,90,86,128,92,118,49" hai2="4,74,88,38,51,56,109,72,97,122,0,68,40" hai3="15,17,134,45,31,107,14,9,41,28,57,24,52"/><T114/><D116/><U5/><E118/><V23/><F68/><W2/><G107/><T6/><D114/><U132/><E71/><V26/><F38/><W119/><G2/><T82/><D124/><U78/><E128/><V42/><F122/><W120/><G120/><T35/><D130/><U34/><E34/><V125/><F125/><W131/><G131/><T113/><D113/><U99/><E5/><V60/><F109/><W25/><G134/><N who="1" m="51818" /><E19/><V7/><F74/><W112/><G112/><T29/><D6/><N who="2" m="2090" /><F51/><N who="3" m="27055" /><G15/><T21/><D35/><U77/><E101/><V108/><F72/><W59/><G59/><T54/><D54/><U1/><E1/><V16/><F108/><W95/><G95/><AGARI ba="0,0" hai="49,55,58,77,78,86,90,92,95,99,100" m="51818" machi="95" ten="30,2000,0" yaku="20,1,52,1" doraHai="93" who="1" fromWho="3" sc="250,0,250,20,250,0,250,-20" /><INIT seed="1,0,0,4,1,74" ten="250,270,250,230" oya="1" hai0="85,32,104,28,134,122,9,81,30,115,12,56,55" hai1="93,130,42,37,117,108,123,17,51,131,129,112,21" hai2="38,47,82,44,34,76,107,45,58,80,50,87,27" hai3="99,41,120,95,19,126,86,89,127,77,54,64,46"/><U102/><E112/><V60/><F107/><W101/><G120/><T119/><D115/><U22/><E123/><V57/><F38/><W11/><G64/><T105/><D122/><U10/><E37/><V91/><F58/><W116/><G54/><T18/><D119/><U75/><E117/><V69/><F69/><W33/><G33/><T83/><D134/><U110/><E75/><V118/><F118/><W84/><G116/><T132/><D132/><U52/><E42/><V106/><F106/><W20/><G11/><T36/><D83/><U133/><E133/><V61/><F34/><W16/><G86/><T2/><D36/><U88/><E102/><V3/><F3/><W15/><G19/><T125/><D2/><U4/><E4/><V53/><REACH who="2" step="1"/><F27/><REACH who="2" ten="250,270,240,230" step="2"/><W128/><G128/><T14/><D105/><U6/><E110/><V98/><F98/><W62/><G62/><T67/><D104/><U29/><E108/><V8/><F8/><W124/><G46/><T109/><D32/><U35/><E35/><V100/><F100/><W5/><G5/><T114/><D109/><U78/><E6/><V97/><F97/><W26/><G26/><T73/><D114/><U92/><E10/><V72/><AGARI ba="0,1" hai="44,45,47,50,53,57,60,61,72,76,80,82,87,91" machi="72" ten="30,8000,1" yaku="1,1,0,1,52,1,53,2" doraHai="74" doraHaiUra="59" who="2" fromWho="2" sc="250,-20,270,-40,240,90,230,-20" /><INIT seed="2,0,0,0,5,34" ten="230,230,330,210" oya="2" hai0="113,15,112,2,111,4,90,45,22,123,14,110,52" hai1="82,27,39,46,29,63,97,13,134,98,37,106,62" hai2="65,64,33,53,23,132,66,108,51,10,73,26,60" hai3="87,1,3,69,104,40,71,28,48,9,61,20,59"/><V70/><F73/><W107/><G9/><N who="0" m="2199" /><D90/><U88/><E134/><V6/><F108/><N who="0" m="41514" /><D123/><U133/><E133/><V76/><F33/><W54/><G87/><T44/><D22/><U57/><E13/><N who="0" m="4617" /><D52/><U122/><E122/><V68/><F76/><W117/><G117/><T21/><D21/><U5/><E5/><V36/><F36/><W81/><G20/><T100/><D100/><U102/><E46/><AGARI ba="0,0" hai="44,45,46,112,113" m="4617,41514,2199" machi="46" ten="30,2000,0" yaku="14,1,52,1" doraHai="34" who="0" fromWho="1" sc="230,20,230,-20,330,0,210,0" /><INIT seed="3,0,0,5,4,10" ten="250,210,330,210" oya="3" hai0="133,62,0,13,66,85,101,69,77,6,106,56,74" hai1="14,12,115,86,37,100,117,22,57,79,39,63,104" hai2="99,88,17,46,132,90,50,34,123,68,16,33,95" hai3="53,118,93,83,103,96,89,4,59,134,55,60,75"/><W58/><G134/><T108/><D0/><U29/><E115/><V28/><F68/><W5/><G118/><T71/><D74/><U9/><E117/><V111/><F111/><W49/><G75/><T102/><D108/><U97/><E79/><V36/><F36/><W107/><REACH who="3" step="1"/><G83/><REACH who="3" ten="250,210,330,200" step="2"/><T73/><D133/><U31/><E86/><AGARI ba="0,1" hai="4,5,49,53,55,58,59,60,86,89,93,96,103,107" machi="86" ten="30,5800,0" yaku="1,1,2,1,7,1,53,0" doraHai="10" doraHaiUra="27" who="3" fromWho="1" sc="250,0,210,-58,330,0,200,68" /><INIT seed="3,1,0,3,1,35" ten="250,152,330,268" oya="3" hai0="38,111,55,17,100,4,56,98,121,21,12,66,96" hai1="110,25,122,73,49,132,29,131,16,45,10,81,40" hai2="8,83,119,84,61,7,24,58,86,77,85,53,72" hai3="46,105,44,117,78,74,39,88,118,41,18,108,99"/><W95/><G108/><T63/><D111/><U9/><E110/><V42/><F42/><W101/><G46/><T93/><D121/><U70/><E122/><V47/><F47/><W68/><G68/><T0/><D38/><U13/><E70/><V34/><F119/><W103/><G103/><T115/><D115/><U14/><E131/><V102/><F102/><W126/><G126/><T54/><D0/><U125/><E132/><V22/><F34/><W106/><G106/><T1/><D1/><U60/><E125/><V19/><F72/><W129/><G129/><T127/><D4/><U36/><E60/><V114/><F114/><W123/><G123/><T71/><D71/><U5/><E73/><V37/><F37/><W20/><G78/><T52/><D127/><U59/><E81/><V3/><AGARI ba="1,0" hai="3,7,8,19,22,24,53,58,61,77,83,84,85,86" machi="3" ten="20,2700,0" yaku="0,1,7,1,52,1" doraHai="35" who="2" fromWho="2" sc="250,-8,152,-8,330,30,268,-14" owari="242,-15.8,144,-35.6,360,46.0,254,5.4" /></mjloggm>