<mjloggm ver="2.3"><GO type="225" lobby="0"/><UN n0="%E9%A6%AC%E4%BA%86%E9%9A%94%E5%A3%81" n1="%E6%81%A5%E6%99%92%E3%81%97" n2="%E3%81%99%E3%81%84%E3%81%BE%E3%81%9B%E3%83%BC%E3%82%93" n3="%E4%BA%AE%E6%B5%81%E6%89%93%E8%80%85" dan="17,16,18,16" rate="2240.55,2125.45,2236.43,2089.01" sx="M,M,M,F"/><TAIKYOKU oya="0"/><INIT seed="0,0,0,4,2,122" ten="250,250,250,250" oya="0" hai0="76,20,29,28,12,90,130,120,54,13,0,84,56" hai1="105,128,37,119,125,7,74,8,25,1,112,53,129" hai2="98,106,57,85,47,101,89,102,99,34,46,86,45" hai3="114,115,88,121,93,26,27,77,80,108,113,135,123"/><T36/><D120/><N who="3" m="46153" /><G135/><T78/><D0/><U118/><E105/><V127/><F127/><W91/><G108/><T41/><D130/><N who="1" m="50283" /><E74/><V110/><F34/><W33/><G33/><T75/><D75/><U35/><E37/><V43/><F110/><W42/><G42/><T6/><D41/><U14/><E53/><V131/><F131/><W32/><G32/><T2/><D2/><U107/><E107/><V81/><F57/><W67/><G67/><T48/><D36/><U70/><E70/><V23/><F23/><W96/><G91/><T71/><D71/><U3/><E125/><V62/><F43/><W31/><G31/><N who="0" m="11851" /><D6/><U50/><E50/><V51/><F102/><W82/><G82/><N who="0" m="49431" /><D20/><U30/><E112/><N who="3" m="28674" /><W17/><DORA hai="87" /><G17/><T124/><D124/><U9/><E1/><V4/><F51/><W68/><G68/><T24/><D24/><U95/><E95/><V16/><F16/><AGARI ba="0,0" hai="3,7,8,9,14,16,25,30,35,118,119" m="50283" machi="16" ten="30,7700,0" yaku="19,1,34,2,54,1" doraHai="122,87" who="1" fromWho="2" sc="250,0,250,77,250,-77,250,0" /><INIT seed="1,0,0,4,0,55" ten="250,327,173,250" oya="1" hai0="67,47,50,31,62,110,27,120,79,131,135,117,5" hai1="134,24,70,57,94,84,85,91,118,86,88,26,92" hai2="125,115,34,83,80,113,127,69,30,60,52,121,109" hai3="65,74,42,99,32,78,9,39,72,103,21,20,41"/><U2/><E118/><V37/><F121/><W75/><G32/><T16/><D117/><U100/><E70/><V36/><F109/><W76/><G65/><T90/><D110/><U15/><E2/><V14/><F14/><W54/><G9/><T38/><D38/><N who="2" m="14954" /><F30/><W111/><G111/><T114/><D114/><N who="2" m="43530" /><F34/><W17/><G54/><T126/><D120/><U128/><E134/><V8/><F8/><W10/><G10/><T122/><D31/><U102/><E128/><V59/><F69/><W68/><G68/><T11/><D122/><U1/><E1/><V63/><F63/><W119/><G119/><T129/><D135/><U23/><E86/><V51/><F60/><W13/><G21/><T18/><D131/><U124/><E124/><AGARI ba="0,0" hai="51,52,59,80,83,124,125,127" m="43530,14954" machi="124" ten="40,8000,1" yaku="18,1,11,1,52,1,54,1" doraHai="55" who="2" fromWho="1" sc="250,0,327,-80,173,80,250,0" /><INIT seed="2,0,0,2,4,98" ten="250,247,253,250" oya="2" hai0="91,12,8,25,92,85,94,132,88,30,68,26,66" hai1="111,128,64,33,15,54,70,78,35,24,58,97,2" hai2="13,90,100,113,59,47,112,75,130,116,77,129,18" hai3="109,46,76,120,20,14,86,80,9,89,104,133,27"/><V103/><F116/><W124/><G120/><T16/><D132/><U117/><E117/><V1/><F1/><W23/><G133/><T37/><D37/><U56/><E2/><V29/><F29/><W38/><G109/><T55/><D68/><U82/><E111/><V41/><F90/><W96/><G124/><T106/><D66/><U119/><E119/><V127/><F127/><W102/><G27/><T52/><D106/><U83/><E128/><N who="2" m="49259" /><F59/><W69/><G69/><T115/><D115/><N who="2" m="44106" /><F77/><W131/><G131/><T99/><D26/><U125/><E125/><V122/><F75/><W105/><G105/><T71/><D71/><U7/><E70/><V36/><F122/><W42/><REACH who="3" step="1"/><G76/><REACH who="3" ten="250,247,253,240" step="2"/><T73/><D73/><U28/><E78/><V81/><F81/><W40/><G40/><T63/><D63/><U72/><E83/><V32/><F32/><AGARI ba="0,1" hai="8,12,16,25,30,32,52,55,85,88,91,92,94,99" machi="32" ten="30,7700,0" yaku="7,1,54,3" doraHai="98" who="0" fromWho="2" sc="250,87,247,0,253,-77,240,0" /><INIT seed="3,0,0,1,2,92" ten="337,247,176,240" oya="3" hai0="55,44,36,112,25,114,49,62,109,132,20,59,65" hai1="125,19,57,54,43,76,37,129,104,88,108,53,64" hai2="91,83,80,47,100,48,10,26,42,56,14,121,35" hai3="41,15,18,98,131,81,5,17,77,24,126,119,13"/><W39/><G119/><T120/><D120/><U127/><E104/><V11/><F121/><W33/><G131/><T68/><D109/><U12/><E76/><V28/><F100/><W124/><G41/><N who="0" m="22567" /><D132/><U71/><E129/><V90/><F56/><W118/><G39/><T1/><D1/><U30/><E30/><AGARI ba="0,0" hai="20,25,30,49,55,59,62,65,68,112,114" m="22567" machi="30" ten="30,1000,0" yaku="24,1" doraHai="92" who="0" fromWho="1" sc="337,10,247,-10,176,0,240,0" owari="347,44.7,237,-16.3,176,-32.4,240,4.0" /></mjloggm>