<mjloggm ver="2.3"><GO type="225" lobby="0"/><UN n0="%72%61%6B%33" n1="%E3%81%AF%E3%82%88%E3%81%8A%E3%81%98%E3%81%95%E3%82%93" n2="%E5%B8%86%E7%AB%8B%E5%A4%8F%E8%A1%A3" n3="%65%6B%61%72%75%74%65" dan="16,16,17,17" rate="2200.56,2127.69,2172.13,2126.39" sx="M,M,M,M"/><TAIKYOKU oya="0"/><INIT seed="0,0,0,3,1,53" ten="250,250,250,250" oya="0" hai0="32,71,5,62,86,10,17,107,128,82,108,100,18" hai1="127,89,115,131,33,70,9,20,80,85,119,91,130" hai2="46,109,135,116,50,95,66,87,92,47,3,103,132" hai3="77,37,11,55,102,42,72,60,88,25,61,16,63"/><T117/><D117/><U93/><E33/><V68/><F116/><W133/><G133/><N who="2" m="51273" /><F3/><W23/><G102/><T43/><D128/><N who="1" m="49195" /><E119/><V59/><F109/><W75/><G42/><T105/><D108/><U126/><E70/><V98/><F68/><W30/><G37/><T64/><D32/><U40/><E20/><V65/><F59/><W106/><G106/><T83/><D83/><U28/><E28/><V125/><F125/><N who="1" m="47625" /><E9/><V14/><F14/><W81/><G77/><T121/><D121/><U15/><E15/><V39/><F39/><W1/><G55/><T96/><D43/><U52/><E52/><N who="2" m="29783" /><F47/><W122/><G122/><T19/><D107/><U56/><E56/><V45/><F45/><W24/><G1/><T124/><D124/><U44/><E44/><V7/><F7/><W97/><G11/><T2/><D18/><U48/><E48/><V4/><F4/><W27/><G27/><T134/><D134/><U110/><E40/><V51/><F51/><W0/><G0/><T74/><D74/><U58/><E58/><V78/><F78/><AGARI ba="0,0" hai="2,5,10,17,19,62,64,71,78,82,86,96,100,105" machi="78" ten="30,1500,0" yaku="7,1" doraHai="53" who="0" fromWho="2" sc="250,15,250,0,250,-15,250,0" /><INIT seed="0,1,0,3,1,16" ten="265,250,235,250" oya="0" hai0="3,18,56,29,87,36,101,65,39,83,12,1,25" hai1="125,109,112,96,21,30,106,121,129,116,62,103,90" hai2="53,68,41,80,34,122,7,117,47,46,134,132,95" hai3="60,86,124,55,15,130,63,20,11,85,70,59,73"/><T35/><D101/><U61/><E116/><V17/><F117/><W33/><G124/><T14/><D14/><U67/><E121/><V42/><F122/><W126/><G126/><T69/><D69/><U0/><E125/><V135/><F34/><W79/><G33/><T75/><D75/><U8/><E109/><V128/><F128/><W107/><G107/><T123/><D123/><U45/><E129/><V40/><F7/><W48/><G130/><T115/><D115/><U78/><E78/><V82/><F68/><W77/><G70/><T38/><D56/><U133/><E133/><V28/><F28/><W120/><G120/><T43/><D65/><U5/><E112/><V91/><F17/><N who="3" m="10303" /><G11/><T102/><D102/><U94/><E45/><N who="2" m="16907" /><F53/><W6/><G6/><T4/><D43/><U26/><REACH who="1" step="1"/><E67/><REACH who="1" ten="265,240,235,250" step="2"/><V88/><F95/><W113/><G113/><T54/><D54/><U127/><E127/><V71/><F71/><W10/><G73/><T81/><D38/><U27/><E27/><V49/><F49/><W24/><G48/><T31/><D39/><U13/><E13/><V92/><F92/><W58/><G77/><T114/><D36/><U89/><E89/><AGARI ba="1,1" hai="40,41,42,80,82,88,89,91,132,134,135" m="16907" machi="89" ten="40,8000,1" yaku="28,2,20,1,54,1" doraHai="16" who="2" fromWho="1" sc="265,0,240,-83,235,93,250,0" /><INIT seed="1,0,0,1,4,97" ten="265,157,328,250" oya="1" hai0="36,134,22,95,8,58,112,81,56,92,129,60,35" hai1="33,11,44,19,55,52,91,98,101,102,85,20,65" hai2="43,5,28,41,39,118,53,15,3,62,87,17,122" hai3="130,78,40,105,37,0,110,104,96,76,23,64,114"/><U50/><E33/><V45/><F118/><W111/><G114/><T109/><D35/><U63/><E98/><V80/><F122/><W70/><G0/><T120/><D36/><U27/><E11/><V128/><F128/><W9/><G130/><T25/><D109/><U133/><E133/><V30/><F41/><W14/><G70/><T73/><D134/><U29/><E55/><V2/><F2/><W117/><G64/><T135/><D135/><U34/><E29/><V26/><F3/><W4/><G117/><T48/><D8/><U79/><E79/><V66/><F53/><W132/><G132/><T68/><D68/><U100/><E34/><V75/><F26/><W54/><G54/><T115/><D129/><U86/><REACH who="1" step="1"/><E91/><REACH who="1" ten="265,147,328,250" step="2"/><V16/><F30/><W61/><G78/><T6/><D115/><U10/><E10/><V108/><F28/><W88/><G76/><T124/><D112/><U119/><E119/><V123/><F5/><W107/><G23/><T31/><D22/><U126/><E126/><V93/><F17/><W74/><G88/><T113/><D124/><U18/><E18/><V46/><F16/><W12/><G96/><T106/><D31/><U69/><AGARI ba="0,1" hai="19,20,27,44,50,52,63,65,69,85,86,100,101,102" machi="69" ten="30,18000,2" yaku="1,1,0,1,52,3,54,1,53,0" doraHai="97" doraHaiUra="103" who="1" fromWho="1" sc="265,-60,147,190,328,-60,250,-60" /><INIT seed="1,1,0,3,2,27" ten="205,337,268,190" oya="1" hai0="120,11,109,131,6,17,40,75,115,133,42,16,59" hai1="113,102,64,80,8,116,121,29,99,90,20,0,98" hai2="48,9,52,44,15,22,81,4,36,128,31,14,25" hai3="43,58,84,130,1,125,5,91,65,49,76,12,72"/><U67/><E113/><V82/><F128/><W96/><G130/><T77/><D131/><U26/><E116/><V106/><F106/><W100/><G125/><T7/><D59/><U50/><E121/><V60/><F36/><W13/><G1/><T111/><D77/><U45/><E8/><V134/><F134/><W110/><G110/><T85/><D85/><N who="1" m="50471" /><E0/><V104/><F104/><W103/><G72/><T105/><D105/><U28/><E102/><V57/><REACH who="2" step="1"/><F15/><REACH who="2" ten="205,337,258,190" step="2"/><W51/><G13/><T86/><D133/><U78/><E78/><V101/><F101/><W68/><G76/><T37/><D37/><U66/><E28/><V88/><F88/><W34/><G100/><T62/><D111/><U73/><E73/><V118/><F118/><W24/><G103/><T69/><D109/><U47/><E47/><V74/><F74/><W32/><G91/><T135/><D75/><U107/><E107/><V112/><F112/><W127/><G127/><T63/><D115/><U79/><E79/><V117/><F117/><W93/><G12/><T114/><D114/><U54/><AGARI ba="1,1" hai="20,26,29,45,50,54,64,66,67,98,99" m="50471" machi="54" ten="30,3000,0" yaku="8,1,52,1" doraHai="27" who="1" fromWho="1" sc="205,-11,337,43,258,-11,190,-11" /><INIT seed="1,2,0,4,2,22" ten="194,380,247,179" oya="1" hai0="135,4,72,48,3,18,50,41,1,52,88,37,109" hai1="91,63,40,53,85,80,9,44,26,75,6,113,93" hai2="33,97,114,27,2,77,25,43,82,107,83,119,130" hai3="112,127,65,56,28,46,94,81,34,84,99,115,12"/><U132/><E132/><V15/><F114/><W24/><G127/><T126/><D72/><U29/><E113/><V54/><F2/><W79/><G46/><T105/><D126/><U10/><E75/><V116/><F43/><W124/><G124/><T71/><D71/><U129/><E129/><V45/><F130/><W16/><G56/><T73/><D73/><U103/><E63/><V42/><F54/><W95/><G65/><T20/><D105/><U66/><E66/><V111/><F111/><W70/><G95/><T122/><D109/><U7/><E53/><V13/><F107/><W89/><REACH who="3" step="1"/><G70/><REACH who="3" ten="194,380,247,169" step="2"/><T98/><D135/><U61/><E44/><V17/><F45/><W0/><G0/><T110/><D1/><U86/><E40/><V108/><F42/><W121/><G121/><T49/><D3/><U58/><E58/><V123/><F123/><W21/><AGARI ba="2,1" hai="12,16,21,24,28,34,79,81,84,89,94,99,112,115" machi="21" ten="20,8000,1" yaku="1,1,0,1,7,1,52,1,54,1,53,0" doraHai="22" doraHaiUra="57" who="3" fromWho="3" sc="194,-22,380,-42,247,-22,169,96" /><INIT seed="2,0,0,5,3,93" ten="172,338,225,265" oya="2" hai0="71,41,9,12,101,32,2,121,109,53,100,132,40" hai1="77,85,0,73,56,104,49,21,6,52,124,125,114" hai2="50,96,129,131,18,128,99,13,44,122,5,17,14" hai3="84,19,16,27,11,69,74,10,23,37,116,51,112"/><V35/><F35/><W88/><G116/><T22/><D121/><U46/><E114/><V94/><F122/><W118/><G37/><T59/><D71/><U110/><E110/><V80/><F80/><W87/><G74/><T120/><D32/><U133/><E104/><V123/><F123/><W33/><G33/><T67/><D67/><U15/><E133/><V24/><F24/><W68/><G118/><T134/><D120/><U135/><E73/><V3/><F3/><W47/><G69/><T126/><D22/><U102/><E0/><V31/><F31/><N who="3" m="17919" /><G68/><T97/><D2/><U30/><E135/><N who="0" m="51753" /><D126/><U62/><E102/><V7/><F94/><N who="3" m="54535" /><G87/><T86/><D86/><U55/><E30/><V28/><F28/><W36/><G36/><T79/><D109/><U29/><E29/><V57/><F14/><W111/><G111/><T65/><D12/><U83/><E21/><V64/><F13/><W103/><G103/><T105/><D101/><U54/><E125/><V92/><F92/><W98/><G98/><N who="2" m="37417" /><F7/><W91/><G91/><T60/><D100/><U20/><E124/><V42/><F5/><W127/><G112/><T117/><D105/><U130/><E20/><V25/><F25/><W45/><G127/><T43/><D117/><U66/><E130/><V26/><F26/><W48/><G19/><T115/><D115/><U95/><E95/><V119/><F119/><W75/><G75/><T4/><D97/><U61/><E61/><AGARI ba="0,0" hai="17,18,42,44,50,57,61,64,128,129,131" m="37417" machi="61" ten="40,12000,1" yaku="19,1,52,3" doraHai="93" who="2" fromWho="1" sc="172,0,338,-120,225,120,265,0" /><INIT seed="2,1,0,3,1,134" ten="172,218,345,265" oya="2" hai0="122,32,60,84,118,71,74,124,99,129,10,93,48" hai1="36,108,1,87,37,70,68,90,73,28,75,42,86" hai2="58,130,94,18,135,23,40,0,117,9,44,56,16" hai3="91,41,114,72,50,57,52,89,55,13,102,80,3"/><V76/><F117/><W69/><G114/><T35/><D122/><U121/><E28/><V78/><F130/><W111/><G3/><T88/><D129/><U83/><E1/><V47/><F135/><W133/><G69/><T61/><D74/><U12/><E121/><V126/><F126/><W109/><G133/><T110/><D118/><U100/><E108/><N who="3" m="41546" /><G41/><T53/><D110/><U38/><E42/><V113/><F113/><W19/><G55/><T132/><D132/><U15/><E100/><V24/><F94/><W96/><G80/><T4/><D124/><U67/><E67/><V51/><F47/><W30/><G30/><T104/><D71/><N who="1" m="27179" /><E90/><V63/><F58/><W14/><G14/><N who="1" m="5162" /><E83/><V2/><F2/><W105/><G72/><AGARI ba="1,0" hai="36,37,38,72,73,75,86,87" m="5162,27179" machi="72" ten="40,2600,0" yaku="28,2" doraHai="134" who="1" fromWho="3" sc="172,0,218,29,345,0,265,-29" /><INIT seed="3,0,0,5,1,111" ten="172,247,345,236" oya="3" hai0="126,27,35,125,14,52,80,117,133,13,120,105,86" hai1="38,116,128,24,135,58,69,44,11,84,124,108,96" hai2="77,76,29,5,130,85,20,67,46,121,127,92,7" hai3="88,45,60,32,50,4,22,104,28,61,90,129,99"/><W59/><G129/><T79/><D117/><U131/><E69/><V23/><F121/><W81/><G32/><T65/><D120/><U115/><E115/><V16/><F127/><W19/><G28/><T36/><D105/><U0/><E108/><V75/><F67/><W101/><G4/><T110/><D110/><U12/><E124/><V106/><F106/><W42/><G81/><T53/><D36/><U41/><E116/><V17/><F29/><W98/><G98/><T78/><D133/><U73/><E73/><V6/><F75/><W48/><G48/><T55/><D78/><N who="2" m="30314" /><F46/><W74/><G74/><T63/><D126/><U39/><E96/><V83/><F92/><W93/><G104/><T122/><D122/><U1/><E38/><V118/><F118/><W70/><G70/><T113/><D125/><U26/><E58/><V37/><F130/><N who="1" m="49705" /><E84/><V62/><F37/><W112/><G112/><T10/><D113/><U21/><E135/><V9/><F62/><W87/><G87/><T94/><D94/><U95/><E95/><V107/><F107/><W31/><G31/><T64/><D63/><N who="3" m="24137" /><G59/><T30/><REACH who="0" step="1"/><D14/><AGARI ba="0,0" hai="14,19,22,42,45,50,88,90,93,99,101" m="24137" machi="14" ten="30,2900,0" yaku="8,1,54,1" doraHai="111" who="3" fromWho="0" sc="172,-29,247,0,345,0,236,29" /><INIT seed="3,1,0,1,3,66" ten="143,247,345,265" oya="3" hai0="133,8,118,24,76,9,112,12,106,36,103,72,122" hai1="69,134,107,46,130,43,49,26,105,53,91,44,41" hai2="97,98,30,90,82,63,48,108,115,88,50,16,39" hai3="104,128,64,54,85,11,57,116,21,127,33,93,23"/><W55/><G116/><T25/><D36/><U6/><E130/><V15/><F39/><W79/><G104/><T65/><D118/><U87/><E134/><V77/><F108/><W135/><G33/><T96/><D122/><U68/><E6/><V99/><F30/><W129/><G135/><T74/><D133/><U4/><E4/><V29/><F29/><W120/><G120/><T89/><D112/><U2/><E2/><V22/><F63/><W28/><G127/><T121/><D121/><U113/><E113/><V34/><F34/><W1/><G1/><T14/><D74/><U52/><E26/><V67/><F67/><W45/><G11/><T38/><D38/><U18/><E18/><V37/><F37/><W59/><G64/><T58/><D89/><N who="2" m="34410" /><F115/><W114/><G93/><T111/><D111/><U110/><E110/><V73/><F73/><W80/><G45/><T109/><D109/><U13/><E13/><V0/><F0/><W119/><G114/><T32/><D32/><U7/><E7/><V61/><F61/><N who="3" m="36023" /><G119/><T71/><D72/><U83/><E105/><V84/><AGARI ba="1,0" hai="15,16,22,48,50,77,82,84,97,98,99" m="34410" machi="84" ten="30,4000,0" yaku="8,1,54,2" doraHai="66" who="2" fromWho="2" sc="143,-11,247,-11,345,43,265,-21" owari="132,-36.8,236,-16.4,388,48.8,244,4.4" /></mjloggm>