<mjloggm ver="2.3"><GO type="225" lobby="0"/><UN n0="%72%65%6E%6B%75%6E" n1="%E3%81%9F%E3%81%8C%E3%82%84%E3%81%99" n2="%73%6C%69%63%6B%33%31%39" n3="%72%69%6F%75%63%68%61%6E" dan="17,16,16,16" rate="2236.71,2211.40,2076.33,2098.44" sx="M,M,M,M"/><TAIKYOKU oya="0"/><INIT seed="0,0,0,4,5,108" ten="250,250,250,250" oya="0" hai0="128,109,66,43,88,29,123,17,104,20,44,34,69" hai1="24,32,87,124,103,121,1,117,13,30,106,27,8" hai2="119,11,33,112,14,134,79,18,26,71,129,54,61" hai3="84,36,56,133,130,59,126,97,78,113,76,64,65"/><T62/><D123/><U39/><E39/><V67/><F134/><W115/><G36/><T107/><D109/><U4/><E121/><V52/><F129/><W31/><G133/><T122/><D122/><U23/><E117/><V77/><F119/><W53/><G130/><T60/><D128/><U42/><E42/><V45/><F112/><N who="3" m="43083" /><G84/><T72/><D72/><U25/><E124/><V2/><F2/><W22/><G22/><T135/><D62/><U9/><E87/><V86/><F45/><W80/><G97/><T7/><D7/><N who="1" m="1135" /><E103/><V90/><F33/><W73/><G31/><T75/><D75/><U74/><E106/><V41/><F41/><W49/><G73/><T40/><D40/><U19/><E74/><V3/><F3/><AGARI ba="0,0" hai="3,4,9,13,19,23,24,25,27,30,32" m="1135" machi="3" ten="30,12000,2" yaku="24,1,35,5" doraHai="108" who="1" fromWho="2" sc="250,0,250,120,250,-120,250,0" /><INIT seed="1,0,0,3,2,55" ten="250,370,130,250" oya="1" hai0="88,25,26,15,37,2,90,70,14,61,39,29,132" hai1="31,86,5,43,23,67,35,87,125,114,32,135,60" hai2="98,45,118,106,104,107,28,10,18,1,51,85,44" hai3="121,115,103,96,8,129,109,46,76,92,78,3,128"/><U27/><E43/><V20/><F118/><W41/><G109/><T42/><D2/><U6/><E114/><V21/><F28/><W97/><G121/><T82/><D132/><U71/><E135/><V9/><F98/><W124/><G124/><T117/><D117/><U84/><REACH who="1" step="1"/><E125/><REACH who="1" ten="250,360,130,250" step="2"/><V133/><F133/><W75/><G41/><T79/><D42/><U89/><E89/><V83/><F106/><W120/><G115/><T47/><D90/><U56/><E56/><V68/><F107/><BYE who="1" /><W12/><G96/><T93/><D88/><UN n1="%E3%81%9F%E3%81%8C%E3%82%84%E3%81%99" /><U91/><E91/><V40/><F104/><W7/><G129/><T99/><D93/><U116/><E116/><V130/><F130/><W63/><G128/><T81/><D99/><U95/><E95/><V52/><F40/><W131/><G92/><T54/><D47/><U36/><E36/><V50/><F45/><W49/><G97/><T72/><D39/><U24/><E24/><V11/><F44/><W77/><G131/><T62/><D37/><U127/><E127/><V58/><F58/><W13/><G46/><T113/><D26/><U17/><E17/><V100/><F18/><W110/><G103/><T105/><D105/><U122/><E122/><V101/><F101/><W102/><G120/><T34/><D113/><U33/><AGARI ba="0,1" hai="5,6,23,27,31,32,33,35,60,67,71,84,86,87" machi="33" ten="40,3900,0" yaku="1,1,0,1,53,0" doraHai="55" doraHaiUra="111" who="1" fromWho="1" sc="250,-13,360,49,130,-13,250,-13" /><INIT seed="1,1,0,3,1,48" ten="237,409,117,237" oya="1" hai0="19,44,22,91,32,74,73,118,21,65,131,53,13" hai1="2,70,85,108,94,75,37,60,28,10,8,125,90" hai2="83,11,68,97,54,26,117,15,106,47,92,56,111" hai3="115,84,88,27,5,98,3,14,61,89,1,36,126"/><U18/><E75/><V112/><F111/><W78/><G115/><T77/><D32/><U7/><E37/><V96/><F117/><W114/><G114/><T120/><D118/><U130/><E28/><V99/><F68/><W40/><G126/><T38/><D131/><U116/><E116/><V72/><F112/><W135/><G135/><T93/><D120/><U58/><E70/><V17/><F106/><W49/><G36/><T95/><D65/><U123/><E123/><V67/><F72/><W109/><G109/><T64/><D64/><U76/><E76/><V41/><F83/><N who="3" m="47223" /><G61/><T33/><D33/><U34/><E34/><V46/><F67/><W43/><G27/><T124/><D124/><U25/><E125/><V20/><F41/><W134/><G134/><T57/><D22/><U127/><E60/><V80/><F80/><W4/><G98/><T62/><D77/><U132/><E25/><V59/><F92/><W0/><G4/><T128/><D93/><U52/><E94/><V30/><REACH who="2" step="1"/><F59/><REACH who="2" ten="237,409,107,237" step="2"/><W45/><G40/><T23/><D74/><U35/><E58/><V110/><F110/><W129/><G129/><T24/><D73/><U79/><E130/><V51/><AGARI ba="1,1" hai="11,15,17,20,26,30,46,47,51,54,56,96,97,99" machi="51" ten="30,7900,0" yaku="1,1,0,1,8,1,52,1,53,0" doraHai="48" doraHaiUra="87" who="2" fromWho="2" sc="237,-21,409,-40,107,92,237,-21" /><INIT seed="2,0,0,3,0,14" ten="216,369,199,216" oya="2" hai0="83,63,110,23,44,37,125,115,104,43,90,26,134" hai1="77,32,8,72,96,13,6,58,25,111,127,68,89" hai2="93,101,75,80,16,40,66,84,71,12,59,48,27" hai3="4,38,28,29,100,133,18,47,97,30,130,7,116"/><V108/><F71/><W52/><G116/><T60/><D104/><U61/><E68/><V67/><F108/><W55/><G130/><T42/><D115/><U50/><E72/><V119/><F119/><W21/><G133/><T49/><D110/><U82/><E50/><V24/><F75/><W76/><G76/><T121/><D121/><U74/><E111/><V22/><F101/><W118/><G118/><T35/><D35/><U79/><E79/><V88/><F80/><W95/><G38/><T54/><D134/><U9/><E9/><V117/><F117/><W17/><G17/><N who="0" m="12655" /><D37/><U132/><E127/><V92/><F92/><W10/><G47/><T78/><D78/><U103/><E89/><V73/><F73/><W31/><N who="3" m="7168" /><DORA hai="105" /><W107/><G107/><T0/><D0/><U102/><E25/><N who="2" m="9803" /><F40/><N who="0" m="15402" /><D125/><U86/><E132/><V106/><F106/><W15/><REACH who="3" step="1"/><G4/><REACH who="3" ten="216,369,199,206" step="2"/><T109/><D109/><U69/><E6/><V131/><F131/><W65/><G65/><T99/><D99/><U46/><E96/><V87/><F87/><AGARI ba="0,1" hai="44,49,54,60,63,83,87,90" m="15402,12655" machi="87" ten="30,2000,0" yaku="8,1,52,1" doraHai="14,105" who="0" fromWho="2" sc="216,30,369,0,199,-20,206,0" /><INIT seed="3,0,0,4,0,30" ten="246,369,179,206" oya="3" hai0="109,104,22,54,1,56,67,69,43,19,83,63,76" hai1="14,53,23,33,41,11,44,116,8,103,121,113,112" hai2="98,7,49,122,81,82,28,21,96,124,80,9,95" hai3="120,118,20,36,130,4,61,114,90,84,60,31,94"/><W42/><G120/><T79/><D104/><U68/><E33/><V93/><F124/><W100/><G114/><T45/><D1/><U37/><E121/><V106/><F122/><W132/><G118/><T40/><D109/><U129/><E68/><V17/><F106/><W88/><G130/><T12/><D45/><U85/><E103/><V65/><F28/><W47/><G132/><T72/><D76/><U46/><E23/><V135/><F135/><W119/><G119/><T29/><D29/><U105/><E105/><V26/><F65/><W71/><G71/><T0/><D0/><U3/><E8/><V27/><F27/><W77/><G4/><T111/><D111/><U87/><E3/><V2/><F49/><AGARI ba="0,0" hai="12,19,22,40,43,49,54,56,63,67,69,72,79,83" machi="49" ten="30,1000,0" yaku="7,1" doraHai="30" who="0" fromWho="2" sc="246,10,369,0,179,-10,206,0" owari="256,5.6,369,46.9,169,-33.1,206,-19.4" /></mjloggm>