<mjloggm ver="2.3"><GO type="225" lobby="0"/><UN n0="%E3%83%97%E3%83%AC%E3%83%B4%E3%82%A1%E3%83%86%E3%82%A3" n1="%72%69%6F%75%63%68%61%6E" n2="%E7%99%BD%E6%97%A5%E9%9B%AA%E8%8F%9C" n3="%E7%AB%8B%E8%8A%B1%E9%9F%BF" dan="16,16,16,17" rate="2073.00,2132.79,2184.26,2135.89" sx="F,M,M,F"/><TAIKYOKU oya="0"/><INIT seed="0,0,0,2,1,97" ten="250,250,250,250" oya="0" hai0="23,45,98,79,37,25,29,7,0,14,85,68,119" hai1="41,123,125,52,104,21,106,54,74,84,4,111,81" hai2="46,47,93,135,13,28,117,133,121,27,18,16,96" hai3="88,20,10,39,53,112,116,3,109,131,132,1,38"/><T40/><D119/><U126/><E123/><V60/><F121/><W103/><G103/><T48/><D68/><U122/><E122/><V12/><F117/><W63/><G112/><T87/><D0/><U99/><E111/><V19/><F60/><W130/><G116/><T6/><D37/><U124/><E74/><V61/><F61/><W24/><G109/><T115/><D115/><U102/><E104/><V42/><F47/><W128/><G132/><N who="2" m="50761" /><F46/><W30/><G88/><T120/><D120/><U67/><E67/><V71/><F42/><W33/><G33/><T22/><D98/><U86/><E41/><V75/><F75/><W43/><G43/><T90/><D79/><N who="1" m="46143" /><E4/><V118/><F71/><W8/><G3/><T78/><D78/><U55/><E21/><N who="2" m="15471" /><F118/><W113/><G113/><T100/><D85/><AGARI ba="0,0" hai="52,54,55,85,86,99,102,106,124,125,126" m="46143" machi="85" ten="40,5200,0" yaku="18,1,52,1,54,1" doraHai="97" who="1" fromWho="0" sc="250,-52,250,52,250,0,250,0" /><INIT seed="1,0,0,2,2,37" ten="198,302,250,250" oya="1" hai0="92,42,78,108,7,135,124,96,21,63,133,113,6" hai1="15,41,58,51,69,9,48,122,134,39,77,46,10" hai2="118,0,17,8,83,45,71,98,31,90,110,59,4" hai3="55,27,54,57,20,11,26,36,38,125,18,93,12"/><U97/><E122/><V73/><F71/><W30/><G125/><T2/><D113/><U100/><E69/><V104/><F118/><W126/><G126/><T1/><D124/><U56/><E134/><N who="0" m="51209" /><D78/><U121/><E121/><V84/><F110/><W106/><G106/><T25/><D63/><U115/><E115/><V65/><F31/><W24/><G55/><T89/><D108/><U107/><E77/><V99/><F73/><W44/><G44/><T87/><D96/><U28/><E28/><V103/><F99/><W53/><G53/><T123/><D123/><U117/><E117/><V14/><F45/><W60/><G26/><T5/><D42/><U81/><E81/><V75/><F75/><W82/><G82/><T22/><D25/><U94/><E107/><V16/><REACH who="2" step="1"/><F0/><AGARI ba="0,0" hai="0,1,2,5,6,7,21,22,87,89,92" m="51209" machi="0" ten="40,1300,0" yaku="20,1" doraHai="37" who="0" fromWho="2" sc="198,13,302,0,250,-13,250,0" /><INIT seed="2,0,0,3,5,93" ten="211,302,237,250" oya="2" hai0="13,105,12,39,120,91,30,50,1,63,135,21,129" hai1="19,112,119,126,88,58,78,31,117,72,37,11,23" hai2="3,71,99,76,77,109,52,132,9,92,38,94,127" hai3="102,96,115,2,28,33,134,48,42,85,15,131,44"/><V86/><F38/><W68/><G2/><T104/><D120/><U41/><E112/><V8/><F71/><W81/><G131/><T17/><D39/><U133/><E133/><V57/><F132/><W83/><G134/><T130/><D135/><U49/><E126/><V46/><F127/><W29/><G68/><T75/><D75/><U20/><E11/><V36/><F109/><W45/><G115/><T114/><D114/><U122/><E122/><V34/><F34/><W24/><G29/><T51/><D1/><U74/><E72/><V5/><F9/><W67/><G67/><T47/><D30/><U73/><E73/><V27/><F27/><W84/><G15/><T35/><D35/><U55/><E31/><V100/><F92/><W111/><G111/><T0/><D0/><U14/><E23/><V4/><F86/><W121/><G121/><T6/><D63/><U66/><E66/><V62/><REACH who="2" step="1"/><F5/><REACH who="2" ten="211,302,227,250" step="2"/><W60/><G85/><T89/><D6/><U87/><E74/><V118/><F118/><W70/><G84/><T40/><D21/><U101/><E78/><V128/><F128/><W69/><G69/><T108/><D108/><U103/><E119/><V90/><F90/><W54/><G70/><T80/><D80/><U64/><E117/><V113/><F113/><W125/><G125/><T107/><D105/><U65/><E103/><V95/><F95/><N who="3" m="58655" /><G83/><T61/><D107/><U59/><E101/><V18/><F18/><W22/><G81/><T25/><D104/><U79/><E37/><V7/><F7/><W32/><G33/><T123/><D130/><RYUUKYOKU ba="0,1" sc="211,-10,302,-10,227,30,250,-10" hai2="3,4,8,36,46,52,57,62,76,77,94,99,100" /><INIT seed="2,1,1,5,0,31" ten="201,292,257,240" oya="2" hai0="0,94,79,109,99,10,66,15,132,127,16,96,100" hai1="112,62,40,93,61,82,52,20,43,89,44,122,46" hai2="129,18,17,4,64,54,42,33,65,76,78,110,111" hai3="39,63,6,58,11,128,56,25,38,95,104,3,115"/><V90/><F33/><W9/><G104/><T116/><D109/><N who="2" m="41482" /><F42/><N who="1" m="15913" /><E112/><V72/><F129/><W114/><G128/><T67/><D132/><U75/><E82/><N who="2" m="45319" /><F78/><W22/><G11/><T60/><D127/><U32/><E32/><V131/><F131/><W84/><G84/><T135/><D135/><U14/><E122/><V87/><F4/><W21/><G95/><T55/><D116/><U121/><E121/><V71/><F54/><W7/><G9/><T51/><D0/><U86/><E75/><V74/><F74/><W19/><G19/><N who="2" m="7177" /><F71/><W92/><G92/><AGARI ba="1,1" hai="64,65,87,90,92" m="7177,45319,41482" machi="92" ten="30,2900,0" yaku="14,1,10,1" doraHai="31" who="2" fromWho="3" sc="201,0,292,0,257,42,240,-32" /><INIT seed="2,2,0,4,4,28" ten="201,292,299,208" oya="2" hai0="8,11,122,23,129,30,55,111,46,13,5,135,133" hai1="83,24,57,21,36,34,37,107,79,91,40,59,66" hai2="51,49,87,105,7,53,99,89,101,72,67,94,56" hai3="73,52,63,130,114,100,92,88,29,125,12,86,4"/><V64/><F7/><W41/><G130/><T48/><D129/><U117/><E117/><V113/><F113/><W62/><G114/><T93/><D122/><U19/><E107/><V20/><F72/><W80/><G125/><T17/><D111/><U43/><E34/><V116/><F116/><W14/><G41/><T39/><D39/><U90/><E36/><V108/><F108/><W25/><G73/><T1/><D93/><U109/><E109/><V127/><F127/><W118/><G118/><T126/><D126/><U45/><E40/><V123/><F123/><W131/><G131/><T31/><REACH who="0" step="1"/><D8/><REACH who="0" ten="191,292,299,208" step="2"/><U75/><REACH who="1" step="1"/><E66/><REACH who="1" ten="191,282,299,208" step="2"/><V102/><F67/><W76/><G92/><T26/><D26/><U128/><E128/><V124/><F64/><W3/><G25/><T54/><D54/><U82/><E82/><V96/><F124/><W74/><G52/><T42/><D42/><U2/><E2/><V112/><F112/><W69/><G80/><T35/><D35/><U110/><E110/><V78/><F53/><W106/><G3/><T84/><D84/><U60/><E60/><V22/><F105/><W61/><G63/><T81/><D81/><U77/><E77/><V120/><F78/><W32/><G62/><T132/><AGARI ba="2,2" hai="1,5,11,13,17,23,30,31,46,48,55,132,133,135" machi="132" ten="30,4000,0" yaku="1,1,0,1,20,1,53,0" doraHai="28" doraHaiUra="70" who="0" fromWho="0" sc="191,66,282,-12,299,-22,208,-12" /><INIT seed="3,0,0,4,0,48" ten="257,270,277,196" oya="3" hai0="36,81,64,33,117,70,25,93,113,60,103,26,101" hai1="14,18,11,49,123,53,52,73,119,132,127,98,82" hai2="6,107,39,37,43,74,55,58,41,68,40,83,89" hai3="10,77,72,12,79,9,111,3,4,116,86,95,90"/><W30/><G116/><T16/><D117/><U69/><E119/><V56/><F68/><W67/><G72/><T85/><D36/><U29/><E123/><V13/><F107/><W54/><G67/><T15/><D113/><U35/><E69/><V7/><F58/><W23/><G111/><T17/><D17/><U121/><E121/><V44/><F37/><W92/><G92/><T91/><D33/><U122/><E122/><V108/><F108/><W71/><G71/><T20/><D103/><U94/><E127/><V62/><F6/><W106/><G106/><T99/><AGARI ba="0,0" hai="15,16,20,25,26,60,64,70,81,85,91,93,99,101" machi="99" ten="30,2000,0" yaku="0,1,54,1" doraHai="48" who="0" fromWho="0" sc="257,20,270,-5,277,-5,196,-10" /><INIT seed="4,0,0,2,1,1" ten="277,265,272,186" oya="0" hai0="62,65,20,95,122,16,109,58,29,96,101,83,128" hai1="100,88,17,27,66,114,31,76,48,35,61,127,19" hai2="71,129,33,50,28,70,133,106,23,42,9,22,74" hai3="63,43,36,44,123,24,110,92,8,39,54,69,34"/><T124/><D122/><U94/><E127/><V38/><F74/><W40/><G110/><T41/><D124/><U132/><E132/><V3/><F106/><W51/><G92/><T121/><D121/><U46/><E76/><V52/><F33/><W105/><G105/><T56/><D109/><U18/><E100/><V14/><F3/><W113/><G8/><T111/><D111/><U131/><E131/><V118/><F133/><W67/><G24/><N who="0" m="14343" /><D128/><U21/><E114/><V2/><F2/><W68/><G34/><T57/><D29/><U115/><E115/><V13/><F129/><W119/><G119/><T130/><D130/><U120/><E120/><V47/><F14/><W77/><G77/><T93/><D41/><N who="3" m="15945" /><G113/><T86/><D95/><U7/><E7/><V5/><F118/><W85/><G85/><T15/><D15/><U72/><E72/><V103/><F103/><W64/><G123/><T53/><D65/><N who="3" m="25161" /><G63/><T25/><D25/><U84/><E35/><V26/><F23/><W108/><G108/><T37/><D37/><AGARI ba="0,0" hai="36,37,39,44,51,54,68,69" m="25161,15945" machi="37" ten="30,8000,1" yaku="35,5" doraHai="1" who="3" fromWho="0" sc="277,-80,265,0,272,0,186,80" /><INIT seed="5,0,0,2,1,95" ten="197,265,272,266" oya="1" hai0="69,29,34,36,14,31,108,41,44,91,93,20,58" hai1="35,65,56,42,8,23,97,26,126,125,114,110,131" hai2="46,40,111,19,121,52,6,94,18,7,25,84,75" hai3="83,32,2,98,50,115,27,103,74,64,86,87,105"/><U49/><E35/><V38/><F121/><W15/><G2/><T4/><D69/><U53/><E114/><V102/><F111/><W9/><G115/><T96/><D108/><U76/><E110/><V80/><F75/><W73/><G64/><T37/><D37/><U88/><E131/><V101/><F101/><W107/><G107/><T99/><D34/><U11/><E76/><V104/><F104/><W119/><G119/><T57/><D4/><U109/><E109/><V79/><F52/><W51/><G87/><T127/><D127/><N who="1" m="48651" /><E42/><V124/><F124/><W132/><G132/><T70/><D70/><U21/><E65/><V106/><F106/><W17/><G74/><T117/><D117/><U68/><E68/><V89/><F102/><W133/><G73/><T72/><D72/><U82/><E82/><V63/><F63/><W66/><G66/><T113/><D113/><U60/><E60/><V130/><F130/><W81/><G81/><T48/><D36/><U78/><E78/><V13/><F25/><W12/><G12/><T28/><REACH who="0" step="1"/><D99/><REACH who="0" ten="187,265,272,266" step="2"/><U0/><E0/><V54/><F38/><W128/><G128/><T24/><D24/><U134/><E134/><V61/><F13/><W43/><G133/><T3/><D3/><U90/><E97/><V22/><F7/><W122/><G122/><T33/><D33/><U67/><E26/><V10/><F6/><W129/><G129/><T135/><D135/><U71/><E71/><V85/><F85/><W116/><G116/><T16/><AGARI ba="0,1" hai="14,16,20,28,29,31,41,44,48,57,58,91,93,96" machi="16" ten="30,8000,1" yaku="1,1,0,1,8,1,52,1,54,1,53,0" doraHai="95" doraHaiUra="62" who="0" fromWho="0" sc="187,90,265,-40,272,-20,266,-20" /><INIT seed="6,0,0,0,0,68" ten="277,225,252,246" oya="2" hai0="90,54,42,106,116,17,84,14,132,78,70,110,114" hai1="58,71,119,125,115,99,83,93,16,18,86,92,59" hai2="32,4,75,85,26,118,89,102,45,79,73,36,72" hai3="61,25,101,66,67,109,60,1,0,123,27,124,64"/><V108/><F118/><W49/><G109/><T87/><D70/><U56/><E119/><V40/><F108/><W63/><G123/><T24/><D110/><U48/><E115/><V91/><F102/><W19/><G101/><T103/><D116/><U81/><E125/><V37/><F37/><W95/><G95/><T98/><D114/><U100/><E71/><V41/><F40/><W38/><G38/><T2/><D2/><N who="3" m="1129" /><G49/><T113/><D113/><U117/><E117/><V65/><F65/><W34/><G19/><N who="1" m="7210" /><E48/><V77/><F4/><W82/><G82/><T88/><D42/><U80/><E92/><V7/><F7/><W33/><G124/><T13/><D78/><AGARI ba="0,0" hai="56,58,59,78,80,81,83,86,93,99,100" m="7210" machi="78" ten="30,2000,0" yaku="8,1,54,1" doraHai="68" who="1" fromWho="0" sc="277,-20,225,20,252,0,246,0" /><INIT seed="7,0,0,3,0,99" ten="257,245,252,246" oya="3" hai0="18,124,46,98,125,16,87,37,100,24,6,31,58" hai1="70,42,122,93,30,130,72,20,51,133,25,115,61" hai2="111,62,71,114,83,5,38,91,52,88,43,33,80" hai3="27,23,44,57,21,35,84,12,40,110,53,49,48"/><W79/><G110/><T13/><D87/><U1/><E122/><V116/><F116/><W65/><G35/><N who="0" m="20967" /><D58/><U22/><E115/><V9/><F111/><W19/><G65/><T82/><D82/><N who="2" m="31274" /><F33/><W2/><G2/><T4/><D46/><N who="1" m="26071" /><E1/><V78/><F78/><W11/><REACH who="3" step="1"/><G27/><REACH who="3" ten="257,245,252,236" step="2"/><T7/><D37/><U41/><E130/><V131/><F131/><W56/><G56/><T73/><D73/><U64/><E133/><V127/><F114/><W29/><G29/><T32/><D32/><U39/><E72/><V97/><F71/><W54/><G54/><T92/><D13/><U59/><E70/><V135/><F52/><W94/><G94/><T134/><D134/><U95/><E41/><V26/><F135/><W101/><G101/><T55/><D55/><U109/><E109/><V102/><F43/><W121/><G121/><T60/><D60/><U10/><E39/><V106/><F62/><W14/><G14/><T117/><D117/><U126/><E126/><AGARI ba="0,1" hai="4,6,7,16,18,92,98,100,124,125,126" m="20967" machi="126" ten="30,3900,0" yaku="18,1,52,1,54,1" doraHai="99" who="0" fromWho="1" sc="257,49,245,-39,252,0,236,0" owari="306,40.6,206,-29.4,252,5.2,236,-16.4" /></mjloggm>