<mjloggm ver="2.3"><GO type="225" lobby="0"/><UN n0="%E6%9D%B1%E9%A2%A8%E3%81%AE%E3%81%8D%E3%82%83%E3%81%B7%E3%81%95%E3%82%93" n1="%4B%2E%32%2E%4B%2E" n2="%33%74%72%65%65" n3="%E3%83%81%E3%83%AF%E3%83%AF%E9%9A%8A%E9%95%B7" dan="17,16,16,17" rate="2179.89,2139.64,2142.86,2182.25" sx="M,M,F,M"/><TAIKYOKU oya="0"/><INIT seed="0,0,0,2,0,121" ten="250,250,250,250" oya="0" hai0="43,48,47,111,99,92,14,101,51,69,91,103,104" hai1="40,63,2,114,132,95,82,90,41,74,33,118,34" hai2="113,56,27,57,131,55,75,112,36,85,13,50,120" hai3="42,60,6,1,84,97,71,108,32,25,35,86,61"/><T39/><D69/><U54/><E118/><V59/><F120/><W64/><G42/><T94/><D111/><U79/><E2/><V107/><F75/><W129/><G129/><T19/><D104/><U87/><E132/><V125/><F131/><W115/><G115/><T62/><D62/><U73/><E114/><V134/><F134/><W106/><G61/><T76/><D76/><U12/><E73/><V10/><F125/><W26/><G108/><T72/><D72/><U124/><E124/><V130/><F130/><W116/><G116/><T77/><D77/><U110/><E33/><V78/><F36/><W4/><G32/><T100/><REACH who="0" step="1"/><D94/><REACH who="0" ten="240,250,250,250" step="2"/><U127/><E110/><V44/><F107/><W37/><G106/><T5/><D5/><U52/><E63/><V46/><F113/><W135/><G6/><T53/><D53/><U16/><E127/><V15/><F112/><W66/><G135/><T30/><D30/><U21/><E54/><V80/><F55/><W89/><G60/><T102/><N who="0" m="25600" /><DORA hai="9" /><T23/><AGARI ba="0,1" hai="14,19,23,39,43,47,48,51,91,92,99" m="25600" machi="23" ten="40,12000,1" yaku="1,1,4,1,0,1,52,1,53,0" doraHai="121,9" doraHaiUra="24,65" who="0" fromWho="0" sc="240,130,250,-40,250,-40,250,-40" /><INIT seed="0,1,0,2,2,76" ten="370,210,210,210" oya="0" hai0="33,108,28,85,1,78,116,88,61,134,20,98,123" hai1="77,40,105,31,130,24,89,90,67,106,103,101,70" hai2="82,74,121,124,86,107,58,12,49,122,45,80,30" hai3="68,129,133,125,91,8,95,112,42,0,10,63,14"/><T4/><D123/><U128/><E40/><V84/><F107/><N who="1" m="40969" /><E70/><V18/><F74/><W17/><G112/><T36/><D36/><U94/><E67/><V109/><F109/><W15/><G125/><T57/><D33/><U135/><E31/><V47/><F124/><W7/><G129/><N who="1" m="49770" /><E24/><V73/><F73/><W120/><G120/><T22/><D116/><U119/><E119/><V23/><F122/><W29/><G133/><T110/><D134/><U79/><E135/><V52/><F30/><W64/><G29/><T111/><D28/><U6/><E6/><V37/><F121/><W62/><G42/><T59/><D4/><U38/><E38/><V97/><F97/><W65/><G0/><T92/><D1/><U21/><E21/><N who="0" m="8297" /><D61/><N who="3" m="23049" /><G68/><T56/><D56/><U25/><E25/><V54/><F37/><W43/><G43/><T48/><D48/><U113/><E89/><N who="2" m="51335" /><F54/><W5/><G5/><T41/><D41/><U16/><E16/><V44/><F58/><W35/><G35/><T27/><D27/><U114/><E114/><V99/><F99/><AGARI ba="1,0" hai="7,8,10,14,15,17,64,65,91,95,99" m="23049" machi="99" ten="30,1000,0" yaku="8,1" doraHai="76" who="3" fromWho="2" sc="370,0,210,0,210,-13,210,13" /><INIT seed="1,0,0,4,4,70" ten="370,210,197,223" oya="1" hai0="126,6,95,34,43,28,57,130,118,24,64,100,47" hai1="10,65,125,127,56,51,110,68,44,16,13,80,87" hai2="62,124,0,94,38,5,122,49,115,105,90,2,134" hai3="53,54,96,128,131,11,73,52,88,50,60,41,84"/><U111/><E68/><V135/><F122/><W69/><G73/><T83/><D118/><U114/><E114/><V31/><F105/><W113/><G113/><T33/><D130/><N who="3" m="49705" /><G96/><T36/><D126/><N who="1" m="48139" /><E56/><V92/><F124/><W119/><G119/><T7/><D83/><U129/><E65/><V112/><F115/><W39/><G11/><T89/><D100/><U99/><E99/><V79/><F112/><W76/><G76/><T14/><D34/><U106/><E106/><V20/><F79/><W108/><G108/><N who="1" m="41514" /><E129/><V109/><F109/><W72/><G72/><T101/><D57/><U42/><E80/><V30/><F94/><W78/><G69/><T117/><D64/><U102/><E102/><V86/><F92/><W59/><G78/><T46/><D101/><U55/><E87/><V35/><F86/><W17/><G60/><T104/><D104/><U93/><E93/><V32/><F62/><W37/><G59/><T21/><D117/><U120/><E120/><V1/><F90/><W15/><G41/><AGARI ba="0,0" hai="10,13,16,41,42,44,51,55" m="41514,48139" machi="41" ten="30,11600,0" yaku="18,1,14,1,10,1,54,1" doraHai="70" who="1" fromWho="3" sc="370,0,210,116,197,0,223,-116" /><INIT seed="1,1,0,0,0,35" ten="370,326,197,107" oya="1" hai0="15,79,53,135,68,6,118,39,27,67,95,19,1" hai1="75,52,119,107,103,86,5,109,124,116,30,72,8" hai2="51,14,62,101,2,74,117,9,115,80,28,55,76" hai3="13,43,94,65,38,130,120,132,23,111,85,97,127"/><U83/><E30/><V81/><F117/><W42/><G120/><T78/><D39/><U77/><E124/><V3/><F115/><W21/><G127/><T33/><D135/><U45/><E109/><V36/><F36/><W99/><G111/><T87/><D53/><U73/><E103/><V44/><F28/><W54/><G132/><T84/><D118/><U123/><E107/><V7/><F101/><W66/><G130/><T59/><D68/><U105/><E105/><V126/><F126/><W64/><G38/><T0/><D6/><U131/><E131/><V134/><F134/><W96/><G54/><T37/><D37/><U18/><E18/><V50/><F50/><W82/><G94/><T92/><D27/><U125/><E125/><V61/><REACH who="2" step="1"/><F81/><REACH who="2" ten="370,326,187,107" step="2"/><W110/><G110/><T12/><D33/><U57/><E123/><V71/><F71/><W10/><G43/><T46/><D95/><U48/><REACH who="1" step="1"/><E45/><REACH who="1" ten="370,316,187,107" step="2"/><V100/><F100/><W63/><G42/><T106/><D106/><U90/><E90/><V88/><F88/><N who="3" m="51255" /><G63/><AGARI ba="1,2" hai="2,3,7,9,14,44,51,55,61,62,63,74,76,80" machi="63" ten="40,5200,0" yaku="1,1,52,2,53,0" doraHai="35" doraHaiUra="70" who="2" fromWho="3" sc="370,0,316,0,187,75,107,-55" /><INIT seed="2,0,0,2,0,42" ten="370,316,262,52" oya="2" hai0="41,31,119,121,65,2,57,83,86,3,12,17,58" hai1="50,106,5,97,44,21,38,74,10,73,25,75,125" hai2="93,32,30,39,16,49,52,68,105,22,84,127,77" hai3="108,81,134,56,131,14,24,92,45,13,46,26,99"/><V116/><F116/><W82/><G131/><T130/><D31/><U110/><E110/><V120/><F120/><W104/><G104/><T47/><D130/><U102/><E125/><V113/><F113/><W18/><G108/><T123/><D119/><U51/><E38/><V133/><F105/><W122/><G122/><T59/><D65/><U4/><E10/><V80/><F127/><W90/><G134/><T40/><D40/><U70/><E70/><V111/><F111/><W36/><G36/><T60/><D60/><U132/><E51/><V71/><F133/><W7/><G7/><T87/><D87/><U103/><E103/><V8/><F8/><W100/><G56/><T11/><D123/><U15/><E15/><V67/><F67/><W63/><G63/><T34/><D34/><U61/><E61/><V33/><F93/><W76/><G100/><T118/><D118/><U48/><E50/><V117/><F39/><W94/><G76/><T19/><D121/><U124/><E124/><V29/><F117/><W54/><G54/><T135/><D135/><U62/><E62/><V98/><F71/><W115/><G115/><T78/><D17/><U91/><E91/><V85/><F68/><W126/><G126/><T101/><D101/><U109/><E109/><V72/><F77/><W128/><G128/><T0/><D0/><U1/><E1/><V35/><F49/><W114/><G114/><T37/><AGARI ba="0,0" hai="2,3,11,12,19,37,41,47,57,58,59,78,83,86" machi="37" ten="30,2000,0" yaku="0,1,52,1" doraHai="42" who="0" fromWho="0" sc="370,20,316,-5,262,-10,52,-5" /><INIT seed="3,0,0,4,0,10" ten="390,311,252,47" oya="3" hai0="12,32,20,114,92,76,69,111,98,24,128,16,127" hai1="67,74,41,6,50,33,135,42,80,125,59,101,96" hai2="100,8,102,35,70,86,82,109,132,18,94,13,66" hai3="26,88,1,0,84,119,104,54,37,110,58,65,75"/><W108/><G75/><T28/><D69/><U62/><E33/><V123/><F109/><N who="3" m="42091" /><G119/><T131/><D111/><U38/><E38/><V52/><F132/><W124/><G104/><T112/><D76/><U91/><E125/><V103/><F123/><W93/><G37/><T17/><D17/><U40/><E135/><V134/><F134/><W120/><G120/><T47/><D47/><U60/><E60/><V83/><F35/><W99/><G124/><T49/><D49/><U2/><E2/><N who="3" m="1130" /><G65/><T45/><D45/><U130/><E67/><V113/><F66/><W39/><G39/><T7/><D7/><U72/><E6/><V61/><F113/><N who="0" m="43626" /><D127/><U118/><E118/><V122/><F122/><W9/><G9/><T105/><D105/><U44/><E74/><V87/><F8/><W53/><G26/><T90/><AGARI ba="0,0" hai="12,16,20,24,28,32,90,92,98,128,131" m="43626" machi="90" ten="30,4000,0" yaku="11,1,52,1,54,1" doraHai="10" who="0" fromWho="0" sc="390,40,311,-10,252,-10,47,-20" owari="430,53.0,301,10.1,242,-15.8,27,-47.3" /></mjloggm>