<mjloggm ver="2.3"><GO type="225" lobby="0"/><UN n0="%E3%81%82%E3%81%99%E3%81%AB%E3%82%83%E3%82%80" n1="%E7%99%BD%E9%9B%AA%E4%B9%83%E6%84%9B" n2="%61%6D%65%6B%69" n3="%E3%83%97%E3%83%AC%E3%83%B4%E3%82%A1%E3%83%86%E3%82%A3" dan="16,16,16,16" rate="2105.93,2075.22,2092.70,2116.32" sx="F,F,M,F"/><TAIKYOKU oya="0"/><INIT seed="0,0,0,0,2,27" ten="250,250,250,250" oya="0" hai0="80,107,35,104,84,8,7,75,18,79,101,61,0" hai1="13,74,20,66,82,53,31,70,120,1,26,92,83" hai2="99,29,33,58,87,111,30,95,6,24,72,81,128" hai3="62,52,56,96,93,5,124,32,133,36,3,40,100"/><T105/><D35/><U94/><E120/><V34/><F72/><W115/><G115/><T122/><D122/><U28/><E1/><V47/><F111/><W4/><G133/><T38/><D38/><U131/><E131/><V130/><F6/><W78/><G124/><T108/><D108/><U116/><E116/><V49/><F58/><W129/><G129/><N who="2" m="49769" /><F24/><W123/><G123/><T57/><D18/><N who="1" m="12567" /><E70/><V90/><F34/><W68/><G3/><T113/><D113/><U51/><E66/><V98/><F33/><W54/><G68/><T119/><D119/><U46/><E13/><V102/><F99/><W126/><G126/><T14/><D0/><U17/><E17/><V42/><AGARI ba="0,0" hai="29,30,42,47,49,81,87,90,95,98,102" m="49769" machi="42" ten="30,4000,0" yaku="19,1,52,2" doraHai="27" who="2" fromWho="2" sc="250,-20,250,-10,250,40,250,-10" /><INIT seed="1,0,0,2,4,72" ten="230,240,290,240" oya="1" hai0="6,3,65,126,38,45,44,80,95,16,70,43,2" hai1="42,125,105,100,102,12,88,119,64,104,113,63,61" hai2="91,67,4,53,26,25,97,17,76,15,82,41,94" hai3="116,133,96,117,109,40,23,99,74,50,33,114,128"/><U19/><E113/><V87/><F4/><W120/><G33/><T110/><D110/><U129/><E119/><N who="3" m="45642" /><G74/><T132/><D132/><U89/><E129/><V101/><F67/><W84/><G133/><T57/><D126/><U34/><E34/><V68/><F68/><W78/><G128/><T49/><D70/><U30/><E30/><V108/><F108/><W71/><G71/><T127/><D127/><U47/><E125/><V48/><F41/><W22/><G109/><T51/><D38/><U79/><E79/><V115/><F101/><N who="1" m="39017" /><E104/><V131/><F115/><W32/><G32/><T9/><D95/><U85/><E105/><V111/><F111/><W0/><G0/><T118/><D118/><U130/><E130/><V59/><REACH who="2" step="1"/><F131/><REACH who="2" ten="230,240,280,240" step="2"/><W8/><G114/><T39/><D2/><U107/><E64/><V35/><F35/><W37/><G37/><T10/><D39/><U83/><E107/><V13/><F13/><W28/><G120/><T73/><D65/><U54/><E42/><V55/><F55/><W36/><G36/><T52/><D43/><U98/><E54/><V46/><F46/><N who="3" m="25927" /><G8/><AGARI ba="0,1" hai="8,15,17,25,26,48,53,59,76,82,87,91,94,97" machi="8" ten="30,7700,0" yaku="1,1,7,1,8,1,52,1,53,0" doraHai="72" doraHaiUra="135" who="2" fromWho="3" sc="230,0,240,0,280,87,240,-77" /><INIT seed="2,0,0,3,0,128" ten="230,240,367,163" oya="2" hai0="124,90,4,3,15,110,43,80,117,28,107,100,125" hai1="38,88,20,94,95,17,61,47,39,97,51,73,9" hai2="36,93,62,131,133,86,0,49,31,32,101,96,21" hai3="23,102,30,24,16,60,126,82,75,5,44,27,135"/><V92/><F0/><W56/><G126/><T8/><D110/><U118/><E73/><V45/><F32/><W52/><G5/><T79/><D117/><U114/><E118/><V41/><F36/><W78/><G102/><T68/><D68/><U83/><E114/><V115/><F115/><W129/><G129/><T103/><D28/><U71/><E83/><V65/><F86/><W25/><G135/><T104/><D90/><U127/><E127/><N who="0" m="48713" /><D43/><U119/><E119/><V106/><F133/><W50/><REACH who="3" step="1"/><G30/><REACH who="3" ten="230,240,367,153" step="2"/><T46/><D3/><U10/><E17/><V18/><F31/><W12/><G12/><T69/><D103/><U35/><E35/><V66/><F131/><W29/><G29/><T72/><D100/><U67/><E38/><V57/><F66/><AGARI ba="0,1" hai="16,23,24,25,27,44,50,52,56,60,66,75,78,82" machi="66" ten="30,8000,1" yaku="1,1,7,1,54,2,53,1" doraHai="128" doraHaiUra="19" who="3" fromWho="2" sc="230,0,240,0,367,-80,153,90" /><INIT seed="3,0,0,4,3,122" ten="230,240,287,243" oya="3" hai0="76,75,29,129,133,15,92,100,40,45,19,6,96" hai1="118,108,73,33,28,82,123,16,26,1,21,9,101" hai2="3,56,30,17,134,65,79,62,87,7,12,53,109" hai3="22,11,36,58,117,67,84,99,98,105,60,70,64"/><W85/><G117/><T83/><D133/><U55/><E123/><V102/><F134/><W69/><G36/><T51/><D129/><U121/><E121/><V4/><F3/><W66/><G11/><T54/><D29/><U47/><E101/><V14/><F14/><W93/><G105/><T32/><D32/><U31/><E118/><V5/><F30/><W25/><G98/><T78/><D6/><U107/><E107/><V111/><F102/><N who="3" m="60783" /><G70/><T106/><D106/><U135/><E135/><V24/><F24/><W74/><G74/><T37/><D83/><U126/><E126/><V80/><REACH who="2" step="1"/><F65/><REACH who="2" ten="230,240,277,243" step="2"/><N who="3" m="25195" /><G69/><T110/><D75/><U8/><E73/><V125/><F125/><W71/><G71/><T63/><D15/><U23/><E33/><V94/><F94/><W113/><G113/><T43/><D100/><U49/><E1/><V132/><F132/><W128/><G128/><T95/><D92/><U42/><E82/><V72/><F72/><W127/><G127/><T61/><D95/><U86/><E86/><V91/><F91/><W13/><G13/><T104/><D104/><U112/><E112/><V38/><F38/><W35/><G35/><T46/><D96/><U50/><E28/><AGARI ba="0,1" hai="22,25,28,58,60,67,84,85" m="25195,60783" machi="28" ten="30,2900,0" yaku="25,1,8,1" doraHai="122" who="3" fromWho="1" sc="230,0,240,-29,277,0,243,39" /><INIT seed="3,1,0,0,0,37" ten="230,211,277,282" oya="3" hai0="121,126,62,79,82,86,83,12,50,89,1,69,47" hai1="95,10,15,124,85,75,135,55,27,91,111,108,113" hai2="9,100,6,65,67,13,64,110,132,54,56,22,0" hai3="80,94,90,51,122,63,42,103,127,117,33,19,66"/><W32/><G117/><T131/><D1/><U97/><E113/><V92/><F110/><N who="1" m="42025" /><E75/><V24/><F132/><W93/><G122/><T129/><D121/><U31/><E135/><V101/><F0/><W23/><G127/><T7/><D126/><U2/><E124/><V134/><F92/><W40/><G33/><T78/><D69/><U57/><E2/><V36/><F36/><W8/><G32/><T105/><D105/><U45/><E45/><V118/><F118/><W104/><G8/><N who="0" m="4127" /><D62/><N who="1" m="36159" /><E27/><V74/><F74/><W61/><G104/><T18/><D18/><N who="1" m="8567" /><E31/><V73/><F73/><W30/><G30/><T84/><D78/><U88/><E85/><V76/><F76/><W14/><G51/><T116/><D116/><U28/><E28/><V123/><F134/><W49/><G49/><T39/><D39/><U77/><E77/><V87/><F87/><N who="3" m="50535" /><G63/><T125/><D125/><U52/><E52/><V98/><F123/><W120/><G120/><T53/><D53/><U68/><E68/><V70/><F70/><W43/><G103/><AGARI ba="1,0" hai="88,91,95,97,103" m="8567,36159,42025" machi="103" ten="30,2000,0" yaku="14,1,54,1" doraHai="37" who="1" fromWho="3" sc="230,0,211,23,277,0,282,-23" /><INIT seed="4,0,0,0,0,126" ten="230,234,277,259" oya="0" hai0="20,111,6,39,101,99,68,109,16,51,70,102,22" hai1="110,35,52,19,90,124,120,56,27,0,26,10,73" hai2="119,11,50,38,129,31,75,125,59,116,78,17,134" hai3="71,122,30,15,46,45,98,49,42,2,130,1,95"/><T114/><D39/><U108/><E110/><N who="0" m="41993" /><D114/><U113/><E108/><V106/><F125/><W13/><G71/><N who="0" m="27179" /><D6/><U58/><E120/><V86/><F75/><W60/><G60/><T82/><D82/><U37/><E73/><V85/><F38/><W12/><G122/><T112/><D112/><U72/><E72/><V24/><F106/><W105/><G105/><T81/><D81/><U94/><E37/><V121/><F121/><W43/><G30/><T93/><D102/><U133/><E124/><V4/><F78/><W5/><G5/><T55/><D16/><U87/><E113/><V3/><F17/><W69/><G69/><T28/><D28/><U8/><E133/><V77/><F134/><W88/><REACH who="3" step="1"/><G130/><REACH who="3" ten="230,234,277,249" step="2"/><T128/><D128/><U100/><E0/><V23/><F129/><W44/><G44/><AGARI ba="0,1" hai="20,22,44,51,55,93,99,101" m="27179,41993" machi="44" ten="30,1500,0" yaku="10,1" doraHai="126" who="0" fromWho="3" sc="230,25,234,0,277,0,249,-15" /><INIT seed="4,1,0,0,3,97" ten="255,234,277,234" oya="0" hai0="32,39,4,70,3,34,82,40,119,0,135,49,61" hai1="44,121,10,133,129,51,85,52,31,28,2,90,6" hai2="29,12,115,13,72,116,76,104,7,108,79,42,55" hai3="48,53,92,91,78,20,106,41,94,43,37,73,107"/><T117/><D39/><U113/><E121/><V93/><F104/><W95/><G37/><T25/><D40/><U57/><E129/><V110/><F72/><W81/><G106/><T101/><D49/><U126/><E133/><V98/><F115/><W27/><G107/><T58/><D135/><U80/><E126/><V21/><F116/><W46/><REACH who="3" step="1"/><G91/><REACH who="3" ten="255,234,277,224" step="2"/><T99/><D117/><U62/><REACH who="1" step="1"/><E113/><REACH who="1" ten="255,224,277,224" step="2"/><V87/><F110/><W11/><G11/><T38/><D119/><U77/><E77/><V23/><F108/><W1/><G1/><T122/><D0/><U134/><E134/><V17/><F79/><W5/><G5/><T102/><D4/><U47/><E47/><V63/><F7/><W9/><G9/><T114/><D3/><U68/><E68/><V131/><F76/><W8/><G8/><T118/><D70/><U22/><E22/><V69/><F69/><W14/><G14/><T65/><D114/><U96/><E96/><V124/><F13/><W24/><G24/><T111/><D25/><U128/><E128/><V56/><F131/><W19/><AGARI ba="1,2" hai="19,20,27,41,43,46,48,53,73,78,81,92,94,95" machi="19" ten="30,2000,0" yaku="1,1,0,1,53,0" doraHai="97" doraHaiUra="64" who="3" fromWho="3" sc="255,-11,224,-6,277,-6,224,43" /><INIT seed="5,0,0,2,0,126" ten="244,218,271,267" oya="1" hai0="50,104,68,62,95,100,123,30,23,67,120,91,27" hai1="127,114,110,72,4,25,7,51,97,53,42,115,32" hai2="31,16,58,60,99,119,66,43,59,122,96,33,121" hai3="70,118,35,74,63,64,15,111,125,88,75,98,10"/><U13/><E127/><V17/><F119/><W135/><G125/><T56/><D104/><U21/><E72/><V45/><F33/><W57/><G111/><T34/><D100/><U103/><E42/><V2/><F2/><W93/><G135/><T92/><D34/><U9/><E110/><V81/><F31/><W129/><G118/><T28/><D28/><U29/><E32/><V61/><F81/><W0/><G35/><T133/><D133/><U55/><E4/><V117/><F117/><W48/><G0/><T52/><REACH who="0" step="1"/><D91/><REACH who="0" ten="234,218,271,267" step="2"/><U78/><E78/><V87/><F122/><AGARI ba="0,1" hai="23,27,30,50,52,56,62,67,68,92,95,120,122,123" machi="122" ten="40,8000,1" yaku="1,1,2,1,13,1,54,1,53,0" doraHai="126" doraHaiUra="5" who="0" fromWho="2" sc="234,90,218,0,271,-80,267,0" owari="324,42.4,218,-18.2,191,-30.9,267,6.7" /></mjloggm>