<mjloggm ver="2.3"><GO type="225" lobby="0"/><UN n0="%E7%89%B9%E6%9D%B1%E3%81%AF%E4%B8%96%E7%95%8C%E3%82%92%E6%95%91%E3%81%86" n1="%E6%81%A5%E6%99%92%E3%81%97" n2="%E3%81%B2%E3%81%AA%E3%81%AE%E3%82%8A%E3%81%8F" n3="%E3%82%A2%E3%83%A1%E3%82%A2%E3%83%A9%E3%83%AC" dan="16,16,17,16" rate="2169.49,2137.70,2175.65,2112.28" sx="M,M,M,M"/><TAIKYOKU oya="0"/><INIT seed="0,0,0,5,1,78" ten="250,250,250,250" oya="0" hai0="12,102,86,20,62,81,95,48,120,59,28,44,53" hai1="30,31,10,99,13,58,25,109,114,104,9,101,4" hai2="135,67,64,93,66,123,127,77,73,69,80,85,27" hai3="41,47,16,134,22,74,24,46,52,6,91,131,19"/><T0/><D120/><U15/><E109/><V65/><F123/><W82/><G134/><T36/><D0/><U106/><E114/><V38/><F135/><W60/><G131/><T126/><D126/><U11/><E58/><V50/><F38/><W117/><G117/><T105/><D105/><U132/><E132/><V128/><F128/><W37/><G6/><T34/><D36/><U45/><E45/><V87/><F127/><W70/><G70/><T110/><D34/><U98/><E4/><V88/><F50/><W111/><G111/><T61/><D110/><U76/><E76/><V5/><F5/><W72/><G19/><N who="0" m="10343" /><D28/><U17/><E17/><V108/><F108/><W116/><G116/><T40/><D62/><U103/><REACH who="1" step="1"/><E25/><REACH who="1" ten="250,240,250,250" step="2"/><V79/><F77/><W113/><G113/><T90/><D102/><U2/><E2/><V56/><F69/><W115/><G115/><T54/><D40/><U55/><E55/><V14/><F27/><W39/><G60/><T97/><D97/><U100/><E100/><V125/><F125/><W32/><G39/><T119/><D119/><U75/><E75/><V83/><F73/><W26/><G26/><T84/><D84/><U129/><E129/><V92/><F14/><AGARI ba="0,1" hai="9,10,11,13,14,15,30,31,98,99,101,103,104,106" machi="14" ten="40,2600,0" yaku="1,1,9,1,53,0" doraHai="78" doraHaiUra="21" who="1" fromWho="2" sc="250,0,240,36,250,-26,250,0" /><INIT seed="1,0,0,1,0,47" ten="250,276,224,250" oya="1" hai0="122,128,130,54,59,123,94,84,46,70,20,42,135" hai1="96,69,120,67,18,114,27,34,30,71,104,86,126" hai2="66,61,5,36,110,117,65,1,102,7,11,131,23" hai3="31,100,37,0,10,105,127,44,91,22,8,14,88"/><U85/><E114/><V3/><F117/><W83/><G127/><T16/><D70/><U134/><E126/><V73/><F73/><W78/><G8/><T55/><D135/><U12/><E120/><N who="0" m="46121" /><D94/><U132/><E86/><V17/><F110/><W81/><G81/><T121/><D84/><U112/><E112/><V19/><F36/><W35/><G35/><T6/><D6/><U72/><E85/><V118/><F118/><W124/><G124/><T90/><D90/><U53/><E53/><N who="0" m="19977" /><D59/><U38/><E72/><V26/><F131/><W68/><G68/><T49/><N who="0" m="46129" /><T82/><DORA hai="13" /><D82/><U60/><E71/><V21/><F102/><W9/><G83/><T50/><D49/><U119/><E38/><V77/><F77/><W107/><G37/><T116/><D116/><U32/><E119/><V87/><F87/><W109/><G78/><T111/><D111/><U79/><E79/><V39/><F39/><W103/><G109/><T99/><D99/><U40/><E132/><V58/><F58/><W75/><G75/><T24/><AGARI ba="0,0" hai="16,20,24,42,46,50,128,130" m="19977,46129" machi="24" ten="50,8000,1" yaku="13,1,52,2,54,1" doraHai="47,13" who="0" fromWho="0" sc="250,80,276,-40,224,-20,250,-20" /><INIT seed="2,0,0,5,4,3" ten="330,236,204,230" oya="2" hai0="28,76,129,7,67,56,124,100,14,116,121,23,107" hai1="77,42,112,80,51,41,18,101,25,82,59,30,12" hai2="11,131,46,110,95,127,2,22,45,133,9,29,92" hai3="50,99,106,37,66,27,26,8,118,21,105,4,78"/><V87/><F133/><W132/><G118/><T96/><D121/><U111/><E112/><V53/><F127/><W19/><G37/><T1/><D1/><U93/><E111/><V54/><F110/><W91/><G132/><T75/><D124/><U104/><E104/><V123/><F131/><W63/><G78/><T89/><D116/><U73/><E82/><V20/><F2/><W103/><G91/><T40/><D40/><U88/><E101/><V32/><F87/><W85/><G85/><T36/><D36/><U84/><E59/><V135/><F135/><W49/><G27/><T115/><D28/><U122/><E122/><V126/><F126/><W16/><G19/><T55/><D67/><U61/><E61/><V15/><F123/><W109/><G106/><T71/><D71/><U64/><E51/><V68/><F15/><W60/><G60/><T31/><D31/><U81/><E64/><V83/><F29/><W72/><G72/><T120/><D89/><U69/><E69/><V128/><F128/><W39/><G39/><T90/><D90/><U43/><E81/><V98/><F68/><W134/><G109/><T10/><D129/><U62/><E62/><V48/><F83/><W114/><G114/><T24/><D115/><U6/><E6/><V58/><F48/><W38/><G38/><T33/><D120/><U79/><E77/><V108/><F108/><W34/><G134/><T86/><D75/><U13/><E18/><V113/><F113/><W5/><G34/><T44/><D76/><U125/><E125/><V119/><F32/><W52/><G66/><RYUUKYOKU ba="0,0" sc="330,-10,236,30,204,-10,230,-10" hai1="12,13,25,30,41,42,43,73,79,80,84,88,93" /><INIT seed="3,1,0,5,0,101" ten="320,266,194,220" oya="3" hai0="128,132,135,77,32,104,1,31,82,54,16,100,117" hai1="56,17,66,124,91,107,75,40,21,19,85,96,127" hai2="134,18,38,8,5,71,69,35,34,12,7,61,43" hai3="29,125,44,10,15,67,41,0,111,20,57,74,121"/><W52/><G121/><T110/><D1/><U98/><E75/><V99/><F134/><W88/><G125/><T62/><D117/><U114/><E114/><V80/><F38/><W58/><G74/><T72/><D110/><U116/><E116/><V14/><F43/><W129/><G129/><T51/><D128/><U28/><E40/><V87/><F5/><W27/><G0/><T103/><D62/><N who="1" m="38215" /><E28/><V23/><F99/><W130/><G111/><T59/><D104/><U68/><E68/><V131/><F131/><W47/><G130/><T113/><D113/><U86/><E17/><V120/><F120/><W109/><G109/><T123/><D123/><U126/><E107/><V25/><F61/><N who="3" m="38319" /><G88/><T53/><D53/><U115/><E115/><V55/><F55/><W4/><G41/><T122/><D122/><U48/><E48/><AGARI ba="1,0" hai="4,10,15,20,27,29,44,47,48,52,58" m="38319" machi="48" ten="30,2900,0" yaku="8,1,54,1" doraHai="101" who="3" fromWho="1" sc="320,0,266,-32,194,0,220,32" /><INIT seed="3,2,0,4,3,94" ten="320,234,194,252" oya="3" hai0="134,83,101,44,132,10,67,65,38,122,90,59,61" hai1="87,34,54,15,70,74,17,1,42,81,48,78,125" hai2="85,28,111,55,66,110,88,56,127,73,24,21,9" hai3="89,32,53,104,36,131,93,13,96,99,115,124,100"/><W116/><G115/><T130/><D122/><U3/><E34/><V129/><F73/><W12/><G116/><T30/><D101/><U108/><E108/><V19/><F66/><W29/><G131/><T47/><D130/><U63/><E125/><V40/><F129/><W118/><G118/><T45/><D30/><U112/><E112/><V72/><F72/><W77/><G36/><T107/><D107/><U79/><E42/><V46/><F127/><W119/><G119/><T58/><D10/><U6/><E6/><V95/><F9/><W103/><G77/><T22/><D22/><U39/><E39/><V106/><F106/><W52/><G124/><T86/><D38/><U23/><E78/><V76/><F76/><W84/><G29/><T113/><D113/><U0/><E74/><V50/><REACH who="2" step="1"/><F28/><REACH who="2" ten="320,234,184,252" step="2"/><W91/><G104/><T5/><D67/><U43/><E79/><V121/><F121/><W62/><G32/><T60/><D65/><U102/><E70/><V97/><F97/><W37/><G96/><T33/><D33/><U8/><E8/><V16/><F16/><W128/><G99/><T123/><D123/><U20/><E17/><V92/><F92/><W68/><G93/><T57/><D5/><U98/><E98/><V135/><F135/><AGARI ba="2,1" hai="44,45,47,57,58,59,60,61,83,86,90,132,134,135" machi="135" ten="50,1600,0" yaku="20,1" doraHai="94" who="0" fromWho="2" sc="320,32,234,0,184,-22,252,0" owari="352,45.2,234,-16.6,162,-33.8,252,5.2" /></mjloggm>