<mjloggm ver="2.3"><GO type="225" lobby="0"/><UN n0="%E6%A0%B9%E5%85%83%E3%81%8B%E3%82%89%E5%90%B9%E3%81%A3%E9%A3%9B%E3%81%B6" n1="%E3%83%9F%E3%83%83%E3%82%AD%E3%83%BC%E8%9B%87%E5%B1%B1" n2="%E3%81%93%E3%82%93%E3%81%A9%E3%83%BC%E3%81%95%E3%82%93" n3="%E6%B4%BE%E9%81%A3%E3%81%AE%E3%82%B8%E3%83%A3%E3%83%83%E3%82%AF" dan="17,16,16,17" rate="2192.45,2029.65,2098.55,2164.89" sx="F,M,F,M"/><TAIKYOKU oya="0"/><INIT seed="0,0,0,3,5,1" ten="250,250,250,250" oya="0" hai0="4,51,70,109,32,16,98,48,67,20,125,103,12" hai1="35,102,119,94,84,107,59,64,88,14,92,99,90" hai2="57,72,11,27,41,40,71,76,42,28,101,89,45" hai3="118,34,110,21,77,56,47,106,91,22,31,124,66"/><T111/><D125/><U116/><E35/><V10/><F71/><W121/><G106/><T53/><D32/><U33/><E33/><V13/><F101/><W80/><G118/><T6/><D67/><U18/><E64/><V25/><F76/><W113/><G113/><T5/><D70/><U130/><E59/><V3/><F72/><W78/><G110/><N who="0" m="41995" /><D53/><U104/><E130/><V87/><F3/><W82/><G34/><T0/><D0/><U2/><E2/><V122/><F122/><W29/><G121/><T55/><D55/><U100/><E18/><N who="2" m="8503" /><F11/><W131/><G131/><T95/><AGARI ba="0,0" hai="4,5,6,12,16,20,48,51,95,98,103" m="41995" machi="95" ten="30,18000,2" yaku="14,1,10,1,52,3,54,1" doraHai="1" who="0" fromWho="0" sc="250,180,250,-60,250,-60,250,-60" /><INIT seed="0,1,0,1,4,134" ten="430,190,190,190" oya="0" hai0="96,4,132,51,119,114,36,133,115,121,63,59,105" hai1="43,95,80,13,88,48,34,98,52,81,91,7,117" hai2="120,106,29,41,84,107,40,75,92,33,103,15,6" hai3="16,17,85,32,27,37,100,127,14,65,23,94,87"/><T86/><D119/><U70/><E70/><V21/><F120/><W118/><G37/><T102/><D121/><U66/><E34/><V0/><F75/><W58/><G118/><T78/><D36/><U112/><E43/><V11/><F41/><W57/><G127/><T18/><D4/><U35/><E35/><V5/><F40/><W131/><G131/><T50/><D18/><U26/><E66/><V79/><F6/><W109/><G109/><T113/><D78/><U8/><E112/><V46/><F46/><W42/><G42/><T56/><D86/><N who="3" m="32777" /><G32/><T124/><D124/><U1/><E1/><V55/><F55/><W53/><G65/><T19/><D19/><U28/><E91/><N who="2" m="53351" /><F103/><W61/><G57/><T68/><D68/><U97/><E97/><V20/><F20/><N who="3" m="11287" /><G94/><T38/><D38/><U47/><E117/><V45/><F79/><W83/><G100/><T73/><D73/><U62/><REACH who="1" step="1"/><E62/><REACH who="1" ten="430,180,190,190" step="2"/><V31/><F33/><W30/><G30/><N who="2" m="11273" /><F0/><W116/><G116/><T129/><D63/><U101/><E101/><V9/><F106/><W108/><G108/><T90/><D102/><U24/><E24/><V12/><F107/><W72/><G72/><T39/><D105/><U2/><E2/><V76/><F21/><W110/><G110/><T99/><D39/><U130/><E130/><V77/><F45/><W69/><G69/><T44/><D44/><U3/><E3/><V104/><F104/><W54/><G54/><T67/><D115/><U125/><E125/><V10/><F12/><W89/><G89/><T60/><D90/><U74/><E74/><RYUUKYOKU ba="1,1" sc="430,-30,180,10,190,10,190,10" hai1="7,8,13,26,28,47,48,52,80,81,88,95,98" hai2="5,9,10,11,15,76,77" hai3="17,23,27,53,58,61,83" /><INIT seed="1,2,1,1,5,94" ten="400,190,200,200" oya="1" hai0="69,58,73,28,104,6,4,44,106,129,52,91,2" hai1="23,15,102,74,86,27,84,97,47,105,60,134,14" hai2="89,88,35,75,37,5,83,49,21,71,20,87,119" hai3="95,65,67,68,41,100,80,13,46,96,92,16,36"/><U1/><E1/><V132/><F35/><W90/><G68/><T108/><D73/><U130/><E74/><V81/><F37/><W117/><G117/><T10/><D69/><U98/><E130/><V50/><F71/><W59/><G80/><T66/><D108/><U11/><E134/><V112/><F132/><W93/><G59/><T124/><D28/><U125/><E125/><V56/><F119/><W33/><G33/><T110/><D6/><U76/><E60/><V38/><F38/><W40/><G40/><T120/><D120/><U111/><E111/><V0/><F112/><W72/><G72/><T17/><D17/><U116/><E116/><V32/><F32/><W22/><REACH who="3" step="1"/><G92/><REACH who="3" ten="400,190,200,190" step="2"/><T48/><D58/><U29/><E105/><V45/><F75/><W42/><G42/><T115/><D106/><U19/><E76/><V8/><F56/><W99/><AGARI ba="2,2" hai="13,16,22,36,41,46,65,67,90,93,95,96,99,100" machi="99" ten="20,12000,2" yaku="1,1,0,1,7,1,52,2,54,1,53,0" doraHai="94" doraHaiUra="64" who="3" fromWho="3" sc="400,-32,190,-62,200,-32,190,146" /><INIT seed="2,0,0,5,5,57" ten="368,128,168,336" oya="2" hai0="30,69,84,124,89,129,131,29,116,59,43,49,54" hai1="17,114,119,28,85,37,112,22,82,35,5,47,104" hai2="92,41,120,80,118,1,133,56,110,65,76,45,103" hai3="132,2,88,93,122,14,55,135,0,25,111,98,109"/><V16/><F120/><W91/><G122/><T75/><D75/><U74/><E119/><V27/><F1/><N who="3" m="619" /><G25/><T4/><D124/><U126/><E74/><V128/><F118/><W130/><G130/><N who="0" m="49675" /><D69/><U123/><E123/><V32/><F128/><W115/><G115/><T20/><D4/><U23/><E35/><V106/><F106/><W38/><G38/><T78/><D78/><U39/><E104/><V117/><F117/><W70/><G70/><T9/><D9/><U13/><E5/><V11/><F32/><W10/><G55/><T79/><D79/><U42/><E37/><V60/><F133/><N who="3" m="51275" /><G91/><T48/><D20/><U40/><E40/><V58/><F110/><W21/><G21/><T6/><D6/><AGARI ba="0,0" hai="6,10,14,88,93,98,109,111" m="51275,619" machi="6" ten="30,2000,0" yaku="20,1,54,1" doraHai="57" who="3" fromWho="0" sc="368,-20,128,0,168,0,336,20" /><INIT seed="3,0,0,1,4,81" ten="348,128,168,356" oya="3" hai0="54,128,61,9,114,18,127,131,10,90,120,108,130" hai1="89,26,36,82,1,71,119,35,24,123,87,98,17" hai2="75,78,59,2,134,32,94,70,132,41,51,124,77" hai3="29,99,62,49,4,34,7,115,58,33,27,117,3"/><W105/><G117/><T96/><D120/><U60/><E123/><V67/><F32/><W57/><G115/><T74/><D114/><U121/><E121/><V20/><F2/><W46/><G33/><T80/><D108/><U116/><E36/><V19/><F124/><W107/><G3/><T100/><D127/><U30/><E1/><V88/><F75/><W50/><G50/><T0/><D0/><U65/><REACH who="1" step="1"/><E98/><REACH who="1" ten="348,118,168,356" step="2"/><N who="2" m="57671" /><F70/><W16/><G99/><T28/><D96/><U95/><E95/><V48/><F132/><W125/><G125/><T110/><D131/><U91/><E91/><V109/><F134/><W11/><G105/><T112/><D130/><U84/><E84/><V12/><F109/><W102/><G107/><T38/><D128/><U93/><E93/><V21/><F21/><AGARI ba="0,1" hai="17,21,24,26,30,35,60,65,71,82,87,89,116,119" machi="21" ten="40,2600,0" yaku="1,1,52,1,53,0" doraHai="81" doraHaiUra="39" who="1" fromWho="2" sc="348,0,118,36,168,-26,356,0" owari="348,14.8,154,-24.6,142,-35.8,356,45.6" /></mjloggm>