<mjloggm ver="2.3"><GO type="225" lobby="0"/><UN n0="%E3%81%82%E3%81%99%E3%81%AB%E3%82%83%E3%82%80" n1="%E3%81%BE%E3%81%8B%E3%81%B7%E3%82%93" n2="%E3%81%95%E3%81%8D%E3%81%9F%E3%81%BE%E6%9E%97%E6%AA%8E" n3="%E7%B4%94%E6%BD%94%E3%83%94%E3%83%A9%E3%83%8B%E3%82%A2" dan="16,16,16,16" rate="2139.92,2071.08,2052.94,2151.92" sx="F,M,M,M"/><TAIKYOKU oya="0"/><INIT seed="0,0,0,0,4,117" ten="250,250,250,250" oya="0" hai0="70,44,95,100,50,94,102,97,76,43,49,71,3" hai1="9,132,24,85,5,116,40,0,90,19,69,12,37" hai2="35,14,62,36,109,130,86,106,81,74,56,23,101" hai3="92,123,122,120,125,103,26,105,128,48,6,104,89"/><T17/><D3/><U127/><E116/><V11/><F109/><W20/><G125/><T30/><D30/><U52/><E69/><V112/><F130/><W45/><G128/><T4/><D4/><U79/><E79/><V124/><F35/><W29/><G103/><T75/><D17/><U77/><E77/><V31/><F74/><W60/><G60/><T135/><D135/><U55/><E132/><V73/><F73/><W87/><G6/><T93/><D50/><U21/><E127/><V67/><F36/><W96/><G87/><T129/><D129/><U121/><E121/><V134/><F134/><W91/><G91/><T8/><D8/><U108/><E108/><V84/><F112/><W107/><G107/><T133/><D133/><U110/><E110/><V99/><F124/><W78/><G78/><T18/><D18/><U15/><E15/><V83/><F83/><W13/><G13/><T119/><D119/><U38/><E0/><V27/><REACH who="2" step="1"/><F81/><REACH who="2" ten="250,250,240,250" step="2"/><W46/><G46/><T82/><REACH who="0" step="1"/><D102/><REACH who="0" ten="240,250,240,250" step="2"/><U59/><E38/><V42/><F42/><AGARI ba="0,2" hai="20,26,29,42,45,48,89,92,96,104,105,120,122,123" machi="42" ten="40,8000,1" yaku="13,1,52,3" doraHai="117" who="3" fromWho="2" sc="240,0,250,0,240,-80,250,100" /><INIT seed="1,0,0,2,3,72" ten="240,250,160,350" oya="1" hai0="62,13,16,22,116,10,129,56,89,47,112,8,85" hai1="130,101,29,50,100,54,99,61,43,4,5,26,49" hai2="38,71,64,42,60,48,126,41,90,121,83,11,94" hai3="73,14,37,46,84,88,86,134,78,36,122,58,39"/><U9/><E130/><V67/><F11/><W63/><G122/><T7/><D129/><U125/><E125/><V75/><F121/><W80/><G134/><T6/><D112/><U103/><E99/><V70/><F75/><W65/><G14/><T93/><D116/><U3/><E4/><V102/><F102/><W114/><G114/><T12/><D47/><U128/><E128/><V82/><F126/><W97/><G46/><T53/><D22/><U77/><E43/><V28/><F28/><W106/><REACH who="3" step="1"/><G88/><REACH who="3" ten="240,250,160,340" step="2"/><T68/><REACH who="0" step="1"/><D68/><REACH who="0" ten="230,250,160,340" step="2"/><U87/><E61/><V52/><F71/><W2/><G2/><T118/><D118/><U111/><E111/><V59/><F70/><W20/><G20/><T27/><D27/><U69/><E69/><V57/><F60/><W131/><G131/><T95/><D95/><U18/><E26/><V35/><F94/><W81/><G81/><T120/><D120/><U76/><E3/><V107/><F83/><W31/><G31/><T127/><D127/><U34/><E29/><V0/><F82/><W1/><G1/><T40/><D40/><U79/><E34/><V124/><F0/><W74/><G74/><T109/><D109/><U117/><E117/><V55/><F35/><W24/><G24/><T33/><D33/><U30/><E30/><V66/><F124/><W119/><G119/><T115/><D115/><U25/><E25/><V135/><F42/><W91/><G91/><T19/><AGARI ba="0,2" hai="6,7,8,10,12,13,16,19,53,56,62,85,89,93" machi="19" ten="20,12000,2" yaku="1,1,0,1,7,1,9,1,8,1,54,1,53,0" doraHai="72" doraHaiUra="96" who="0" fromWho="0" sc="230,140,250,-60,160,-30,340,-30" /><INIT seed="2,0,0,5,1,14" ten="370,190,130,310" oya="2" hai0="92,128,135,40,78,114,63,130,1,48,120,53,87" hai1="74,118,134,45,115,105,18,131,55,107,21,50,30" hai2="71,126,49,106,98,35,52,62,2,95,99,124,129" hai3="9,68,101,23,43,82,46,65,111,22,24,44,97"/><V42/><F2/><W103/><G111/><T56/><D1/><U8/><E115/><V12/><F35/><W11/><G68/><T10/><D114/><U64/><E118/><V59/><F129/><W51/><G65/><T88/><D120/><U76/><E131/><N who="0" m="50217" /><D135/><U122/><E134/><V66/><F106/><W104/><G101/><T60/><D40/><U17/><E122/><V0/><F0/><W31/><G23/><T58/><D10/><U41/><E64/><V32/><F32/><W100/><G100/><T67/><D48/><U36/><E30/><V117/><F117/><W86/><G46/><T75/><D78/><AGARI ba="0,0" hai="9,11,22,24,31,43,44,51,78,82,86,97,103,104" machi="78" ten="30,1000,0" yaku="7,1" doraHai="14" who="3" fromWho="0" sc="370,-10,190,0,130,0,310,10" /><INIT seed="3,0,0,0,5,96" ten="360,190,130,320" oya="3" hai0="31,30,91,59,10,81,71,28,76,14,2,41,11" hai1="55,120,101,0,82,72,63,78,106,95,58,129,125" hai2="110,4,45,126,6,26,53,61,84,77,17,32,121" hai3="131,48,47,99,123,135,108,29,128,62,75,86,57"/><W33/><G75/><T40/><D71/><U66/><E120/><V102/><F110/><W56/><G123/><T111/><D2/><U27/><E0/><V88/><F121/><W44/><G108/><T25/><D111/><U118/><E106/><V39/><F39/><W5/><G5/><T117/><D117/><U23/><E118/><V67/><F126/><W43/><G86/><N who="0" m="48423" /><D25/><U35/><E35/><V69/><F77/><W64/><G29/><T13/><D59/><U116/><E116/><V100/><F6/><W21/><G21/><T127/><D91/><U24/><E125/><V89/><F4/><W38/><G33/><T16/><D127/><U52/><E129/><N who="3" m="49738" /><G99/><T74/><D74/><U22/><E101/><V85/><F32/><W122/><G122/><T105/><D105/><U104/><E104/><V46/><F85/><W50/><G135/><T12/><D16/><U8/><E95/><V119/><F119/><W133/><G133/><T124/><D124/><U70/><E8/><AGARI ba="0,0" hai="8,10,11,12,13,14,28,30,31,40,41" m="48423" machi="8" ten="30,1000,0" yaku="8,1" doraHai="96" who="0" fromWho="1" sc="360,10,190,-10,130,0,320,0" owari="370,47.0,180,-22.0,130,-37.0,320,12.0" /></mjloggm>