<mjloggm ver="2.3"><GO type="225" lobby="0"/><UN n0="%38%63%E3%81%AF%E3%81%A3%E3%81%97%E3%83%BC" n1="%6D%75%75%6D%75%72%61" n2="%E7%AD%89%E3%80%85%E5%8A%9B%E5%8A%87%E5%A0%B4" n3="%4C%4F%4C%49%54%41" dan="16,16,16,16" rate="2107.44,2164.88,2099.76,2157.22" sx="M,F,M,F"/><TAIKYOKU oya="0"/><INIT seed="0,0,0,0,5,130" ten="250,250,250,250" oya="0" hai0="1,51,56,99,37,55,118,111,49,72,31,120,34" hai1="95,131,78,26,73,69,85,63,77,122,86,98,50" hai2="96,123,54,114,91,8,74,102,61,33,84,126,67" hai3="127,100,71,24,18,47,9,44,12,124,106,90,97"/><T89/><D37/><U40/><E122/><V60/><F114/><W134/><G71/><T2/><D118/><U94/><E131/><V39/><F74/><W10/><G134/><T82/><D120/><U121/><E121/><V88/><F33/><W109/><G109/><T43/><D111/><U52/><E73/><V70/><F39/><W105/><G105/><T115/><D115/><U25/><E69/><V129/><F123/><W45/><G24/><N who="1" m="9322" /><E63/><V113/><F129/><W42/><G90/><T53/><D43/><U38/><E40/><V11/><F113/><W30/><G30/><T75/><D31/><U35/><E35/><V68/><F126/><N who="3" m="48171" /><G9/><T81/><D34/><U65/><E65/><V58/><F70/><W13/><G12/><T15/><D15/><U28/><E28/><V117/><F117/><W27/><G27/><T103/><D89/><N who="1" m="55631" /><E38/><AGARI ba="0,0" hai="10,13,18,38,42,44,45,47,97,100,106" m="48171" machi="38" ten="30,1000,0" yaku="18,1" doraHai="130" who="3" fromWho="1" sc="250,0,250,-10,250,0,250,10" /><INIT seed="1,0,0,1,0,71" ten="250,240,250,260" oya="1" hai0="17,83,126,19,57,4,128,73,5,76,109,107,42" hai1="118,92,89,67,9,66,75,124,80,78,47,8,108" hai2="32,132,63,40,100,82,105,123,117,104,43,77,102" hai3="23,131,61,103,84,119,54,111,125,120,45,113,24"/><U7/><E118/><V0/><F117/><W95/><G119/><T28/><D107/><U36/><E124/><V72/><F123/><W64/><G120/><T46/><D126/><U29/><E29/><V97/><F0/><W70/><G125/><T115/><D115/><U69/><E108/><V114/><F32/><W135/><G113/><T68/><D68/><U99/><E69/><V59/><F114/><W41/><G131/><T27/><D128/><U60/><E60/><V49/><F132/><W39/><G135/><T30/><D30/><U56/><E56/><V21/><F49/><W10/><G111/><T12/><D57/><U11/><REACH who="1" step="1"/><E7/><REACH who="1" ten="250,230,250,260" step="2"/><V134/><F134/><W127/><G127/><T74/><D109/><U51/><E51/><V35/><F35/><W81/><G70/><T33/><D17/><U130/><E130/><V15/><F59/><W96/><G61/><T44/><D5/><U22/><E22/><V6/><F63/><W25/><G23/><T87/><D4/><U3/><E3/><V38/><F6/><W50/><G50/><T94/><D19/><U90/><E90/><V52/><F21/><W26/><G10/><T31/><D31/><U20/><E20/><V110/><F110/><W2/><G2/><T101/><D28/><U122/><E122/><V91/><F91/><W85/><G24/><T79/><D27/><U1/><E1/><V34/><F34/><W18/><G25/><T86/><D33/><U55/><E55/><V88/><F52/><W129/><G129/><T16/><D16/><U62/><E62/><V106/><F88/><RYUUKYOKU ba="0,1" sc="250,-10,230,30,250,-10,260,-10" hai1="8,9,11,36,47,66,67,75,78,80,89,92,99" /><INIT seed="1,1,1,5,0,26" ten="240,260,240,250" oya="1" hai0="32,41,100,57,56,27,3,95,99,6,130,126,74" hai1="101,114,80,103,13,49,72,118,9,123,54,135,102" hai2="48,69,83,63,124,42,82,70,125,20,38,128,79" hai3="73,75,44,31,116,127,30,59,62,23,10,121,85"/><U7/><E114/><V109/><F38/><W67/><G121/><T94/><D74/><U18/><E123/><V5/><F5/><W84/><G127/><T55/><D126/><N who="2" m="48746" /><F109/><W34/><G116/><T115/><D115/><U65/><E118/><V132/><F132/><W134/><G34/><T8/><D130/><U68/><E135/><V16/><F128/><W52/><G134/><T24/><D41/><U106/><E68/><N who="2" m="26219" /><F63/><W108/><G108/><T117/><D117/><U25/><E65/><V91/><F91/><W50/><G10/><T4/><D4/><U71/><E71/><V45/><F79/><W107/><G107/><T51/><D32/><U1/><E106/><V40/><F40/><W17/><G75/><T58/><REACH who="0" step="1"/><D95/><REACH who="0" ten="230,260,240,250" step="2"/><U111/><E111/><V39/><F39/><W76/><G73/><T77/><D77/><U37/><E37/><V60/><F42/><W64/><G76/><T19/><D19/><U61/><E72/><V90/><F16/><W47/><G17/><T89/><D89/><U131/><E131/><V66/><F90/><W104/><G104/><T14/><D14/><U97/><E7/><V28/><F83/><W120/><G120/><T43/><D43/><U86/><E80/><V21/><F82/><W36/><G36/><T53/><D53/><U81/><E81/><V33/><F33/><W22/><G64/><T112/><D112/><U92/><E18/><V113/><F66/><W98/><G67/><T105/><D105/><U87/><E13/><V29/><F113/><W133/><G133/><T129/><D129/><U12/><E12/><RYUUKYOKU ba="1,2" sc="230,30,260,-10,240,-10,250,-10" hai0="3,6,8,24,27,51,55,56,57,58,94,99,100" /><INIT seed="2,2,2,2,3,32" ten="260,250,230,240" oya="2" hai0="42,38,103,108,95,27,116,11,73,90,66,121,85" hai1="54,130,1,120,26,125,110,81,5,56,10,39,20" hai2="40,112,111,43,23,129,128,13,12,14,72,25,107" hai3="127,24,99,74,70,131,18,124,91,104,65,59,41"/><V89/><F112/><W132/><G74/><T47/><D121/><U4/><E120/><V97/><F72/><W77/><G77/><T105/><D108/><U6/><E110/><V93/><F111/><W98/><G132/><T67/><D116/><U78/><E39/><V75/><F75/><W21/><G131/><N who="2" m="50249" /><F107/><W119/><G119/><T109/><D73/><U49/><E130/><V94/><F94/><W51/><G70/><T64/><D109/><U68/><E68/><V17/><AGARI ba="2,2" hai="12,13,14,17,23,25,40,43,89,93,97" m="50249" machi="17" ten="30,1500,0" yaku="19,1" doraHai="32" who="2" fromWho="2" sc="260,-7,250,-7,230,41,240,-7" /><INIT seed="2,3,0,1,4,26" ten="253,243,271,233" oya="2" hai0="99,57,124,132,53,21,16,113,22,112,67,54,74" hai1="25,79,111,116,6,7,35,121,83,89,18,76,41" hai2="61,66,29,125,104,102,8,45,80,84,69,134,34" hai3="115,91,81,123,127,105,65,62,43,70,64,32,87"/><V30/><F34/><W46/><G123/><T44/><D74/><U47/><E116/><V78/><F134/><W60/><G127/><T51/><D132/><U75/><E121/><V52/><F125/><W40/><G115/><T85/><D67/><U122/><E122/><V49/><REACH who="2" step="1"/><F8/><REACH who="2" ten="253,243,261,233" step="2"/><W48/><G32/><T5/><D124/><U9/><E35/><V0/><F0/><W126/><G126/><T86/><D113/><U88/><E9/><V23/><F23/><W93/><G105/><T15/><D112/><U36/><E111/><V56/><F56/><W50/><G40/><T129/><D129/><U71/><E41/><V94/><F94/><W131/><G131/><T97/><D21/><U119/><E119/><V3/><F3/><W28/><G93/><T108/><D108/><U106/><E106/><V95/><F95/><W24/><G70/><T82/><D5/><U1/><E71/><V58/><F58/><W135/><G135/><T101/><D101/><U38/><E1/><V33/><F33/><W110/><G110/><T4/><D4/><U90/><E6/><V100/><F100/><W114/><G114/><T77/><D77/><U55/><E7/><V98/><AGARI ba="3,1" hai="29,30,45,49,52,61,66,69,78,80,84,98,102,104" machi="98" ten="30,12000,1" yaku="1,1,0,1,52,2,54,1,53,0" doraHai="26" doraHaiUra="17" who="2" fromWho="2" sc="253,-43,243,-43,261,139,233,-43" /><INIT seed="2,4,0,1,4,17" ten="210,200,400,190" oya="2" hai0="119,58,81,93,91,45,85,96,28,116,76,38,12" hai1="128,16,79,59,94,92,54,117,102,133,13,103,98" hai2="56,35,5,122,50,19,109,115,112,6,63,10,34" hai3="1,51,125,126,37,70,130,61,4,104,2,20,110"/><V36/><F36/><W99/><G37/><T124/><D58/><U27/><E117/><N who="0" m="45129" /><D28/><U82/><E128/><V49/><F122/><W72/><G130/><T134/><D12/><U42/><E133/><V101/><F101/><N who="1" m="38409" /><E42/><V106/><F106/><W47/><G110/><T48/><D38/><U121/><E121/><V132/><F132/><W26/><G99/><T87/><D134/><U80/><E27/><V22/><F109/><W78/><G4/><T97/><D124/><N who="3" m="47721" /><G104/><T68/><D68/><U77/><E98/><V100/><F100/><W67/><G78/><N who="1" m="29706" /><E94/><V75/><F35/><W118/><G72/><T108/><D108/><U40/><E40/><AGARI ba="4,0" hai="40,45,48,76,81,85,87,91,93,96,97" m="45129" machi="40" ten="30,1000,0" yaku="12,1" doraHai="17" who="0" fromWho="1" sc="210,22,200,-22,400,0,190,0" /><INIT seed="3,0,0,5,3,130" ten="232,178,400,190" oya="3" hai0="12,46,2,66,13,95,36,104,56,57,47,65,33" hai1="86,105,16,17,51,38,70,113,26,10,60,27,25" hai2="93,94,117,85,15,135,8,107,96,108,79,67,40" hai3="123,77,129,75,74,42,0,18,91,99,20,84,87"/><W50/><G0/><T131/><D2/><U83/><E38/><V7/><F117/><W6/><G123/><T58/><D104/><U19/><E105/><V127/><F108/><W31/><G6/><T97/><D33/><U134/><E113/><V78/><F127/><W45/><G129/><T23/><D131/><U102/><E134/><V29/><F107/><W89/><G31/><T68/><D68/><U22/><E102/><V3/><F135/><W115/><G115/><T37/><D23/><N who="1" m="13543" /><E70/><V52/><F67/><W82/><G99/><T32/><D32/><U80/><E60/><V92/><F40/><W35/><G35/><T132/><D132/><U34/><E34/><V39/><F39/><W110/><G110/><T43/><D66/><U14/><E51/><V9/><F29/><W44/><G44/><T103/><D65/><U73/><E73/><V54/><F96/><W21/><G21/><T125/><D125/><U5/><E86/><V41/><F41/><AGARI ba="0,0" hai="12,13,36,37,41,43,46,47,56,57,58,95,97,103" machi="41" ten="40,1300,0" yaku="9,1" doraHai="130" who="0" fromWho="2" sc="232,13,178,0,400,-13,190,0" owari="245,4.5,178,-32.2,387,48.7,190,-21.0" /></mjloggm>