<mjloggm ver="2.3"><GO type="225" lobby="0"/><UN n0="%E5%B8%86%E7%AB%8B%E5%A4%8F%E8%A1%A3" n1="%EF%BC%81%E3%81%BC%E3%81%9F%E3%82%82%E3%81%A1%EF%BC%81" n2="%E4%B8%89%E5%86%A0%E7%8E%8B%E3%83%BB%E5%B1%B1%E7%94%B0%E5%93%B2%E4%BA%BA" n3="%4D%50%43%32%38%30%30" dan="17,16,16,16" rate="2170.14,2134.74,2127.63,2073.69" sx="M,M,M,M"/><TAIKYOKU oya="0"/><INIT seed="0,0,0,0,0,76" ten="250,250,250,250" oya="0" hai0="21,5,44,127,87,52,126,31,53,132,82,37,18" hai1="46,40,93,90,95,56,117,41,12,15,47,123,33" hai2="8,122,22,77,20,63,16,64,113,65,134,2,42" hai3="58,75,112,128,78,81,54,19,124,48,6,62,131"/><T45/><D5/><U0/><E0/><V125/><F122/><W68/><G112/><T130/><D31/><U28/><E117/><V38/><F113/><W105/><G105/><T114/><D114/><U67/><E123/><V69/><F134/><W1/><G124/><N who="0" m="47659" /><D132/><U119/><E119/><V39/><F125/><W29/><G29/><T111/><D111/><U43/><E28/><V25/><F65/><W7/><G19/><T108/><D108/><U79/><E79/><V118/><F118/><W57/><G68/><T51/><D130/><N who="3" m="49705" /><G1/><T129/><D129/><U85/><E33/><V116/><F116/><W102/><G102/><T110/><D110/><U10/><E95/><V14/><F42/><W94/><G94/><T96/><D96/><U60/><REACH who="1" step="1"/><E15/><REACH who="1" ten="250,240,250,250" step="2"/><V101/><F2/><W107/><G107/><T36/><D82/><U83/><E83/><V27/><F77/><W121/><G121/><T99/><D99/><U23/><E23/><V103/><F22/><W98/><G98/><T9/><D87/><U120/><E120/><V133/><F133/><W86/><G86/><T32/><D32/><U3/><E3/><V4/><REACH who="2" step="1"/><F27/><REACH who="2" ten="250,240,240,250" step="2"/><W17/><G78/><T115/><D115/><U71/><E71/><V49/><F49/><W97/><G48/><N who="0" m="28679" /><D9/><U80/><E80/><V70/><F70/><W109/><G81/><T11/><D11/><U92/><E92/><V24/><F24/><AGARI ba="0,2" hai="18,21,24,36,37,45,51,53" m="28679,47659" machi="24" ten="30,2900,0" yaku="18,1,54,1" doraHai="76" who="0" fromWho="2" sc="250,49,240,0,240,-29,250,0" /><INIT seed="0,1,0,4,3,72" ten="299,240,211,250" oya="0" hai0="128,111,27,68,24,54,48,9,86,117,103,3,70" hai1="35,22,99,61,83,31,2,65,108,62,14,44,52" hai2="105,96,0,131,123,12,37,71,89,51,77,78,74" hai3="100,115,5,98,13,32,82,118,17,25,79,125,80"/><T41/><D117/><U7/><E108/><V113/><F37/><W56/><G118/><T4/><D128/><U107/><E2/><V49/><F0/><W94/><G115/><T102/><D41/><U8/><E35/><V120/><F71/><W28/><G125/><T64/><D111/><U133/><E133/><V124/><F113/><W67/><G5/><T116/><D116/><U95/><E107/><V85/><F124/><W73/><G82/><T30/><D27/><N who="1" m="16887" /><E65/><V90/><F74/><W58/><REACH who="3" step="1"/><G67/><REACH who="3" ten="299,240,211,240" step="2"/><T69/><D64/><U16/><E7/><V29/><F131/><W53/><G53/><T114/><D114/><U39/><E83/><N who="2" m="49343" /><F123/><W50/><G50/><T84/><D54/><U38/><E39/><V23/><F120/><W36/><G36/><T20/><D48/><N who="1" m="28679" /><E38/><V15/><F51/><W112/><G112/><T109/><D109/><U87/><E87/><V59/><F105/><W132/><G132/><T18/><D86/><U11/><E8/><AGARI ba="1,1" hai="8,13,17,25,28,32,56,58,73,79,80,94,98,100" machi="8" ten="30,3900,0" yaku="1,1,7,1,52,1,53,0" doraHai="72" doraHaiUra="130" who="3" fromWho="1" sc="299,0,240,-42,211,0,240,52" /><INIT seed="1,0,0,1,0,69" ten="299,198,211,292" oya="1" hai0="121,91,120,46,3,50,71,25,111,48,35,134,83" hai1="101,74,41,45,49,87,98,132,34,52,43,39,124" hai2="70,125,79,10,5,68,117,44,118,64,23,77,13" hai3="65,133,57,102,15,114,108,37,61,119,116,22,127"/><U30/><E74/><V106/><F106/><W97/><G114/><T59/><D111/><U123/><E123/><N who="0" m="47177" /><D134/><U112/><E112/><V6/><F125/><W7/><G108/><T110/><D110/><U60/><E132/><V109/><F109/><W104/><G133/><T54/><D71/><U63/><E124/><V128/><F128/><W40/><G127/><T82/><D3/><U20/><E34/><V33/><F33/><W62/><G62/><T129/><D129/><U75/><E75/><V27/><F70/><W55/><G65/><T131/><D91/><U85/><E43/><V16/><F5/><W99/><G97/><T32/><D32/><U67/><E20/><V1/><F1/><W36/><G40/><N who="0" m="24647" /><D131/><U73/><E73/><V0/><F0/><W51/><G61/><T38/><D38/><U31/><E63/><V4/><F64/><W122/><G122/><T89/><D89/><U78/><E60/><V94/><F68/><W18/><G7/><T86/><D86/><U19/><E67/><V11/><F4/><W96/><G96/><T95/><D95/><U105/><E85/><V81/><F94/><W113/><G113/><T9/><D9/><U93/><E19/><V42/><F11/><W8/><G8/><T47/><D59/><N who="1" m="33167" /><E93/><V24/><F77/><W107/><G104/><T56/><D56/><U100/><E101/><V103/><F103/><W2/><G2/><T66/><D66/><U72/><E72/><V84/><REACH who="2" step="1"/><F27/><REACH who="2" ten="299,198,201,292" step="2"/><W53/><REACH who="3" step="1"/><G55/><REACH who="3" ten="299,198,201,282" step="2"/><T76/><D76/><U29/><E78/><V135/><F135/><W88/><G88/><RYUUKYOKU ba="0,2" sc="299,0,198,0,201,0,282,0" hai0="25,35,47,50,54,82,83" hai1="29,30,31,39,41,45,87,98,100,105" hai2="6,10,13,16,23,24,42,44,79,81,84,117,118" hai3="15,18,22,36,37,51,53,57,99,102,107,116,119" /><INIT seed="1,1,2,0,4,107" ten="299,198,201,282" oya="1" hai0="113,112,20,62,18,98,92,27,49,85,68,56,83" hai1="106,87,15,58,31,129,64,19,42,132,90,59,60" hai2="103,0,6,122,39,53,45,25,124,111,81,94,116" hai3="44,96,88,52,36,55,17,24,54,121,123,43,61"/><U127/><E129/><V8/><F116/><W71/><G71/><T34/><D34/><U2/><E2/><V128/><F122/><W66/><G66/><T5/><D68/><U80/><E132/><V4/><F111/><W104/><G61/><T125/><D125/><U134/><E134/><V133/><F133/><W69/><G69/><T13/><D49/><U10/><E106/><V126/><F128/><W40/><G40/><T16/><D5/><U32/><E127/><N who="2" m="48683" /><F6/><W76/><G76/><T119/><D119/><U63/><E42/><N who="2" m="22751" /><F53/><W84/><G24/><T82/><D85/><U118/><E118/><V65/><F65/><W1/><G17/><T73/><D113/><U35/><REACH who="1" step="1"/><E31/><REACH who="1" ten="299,188,201,282" step="2"/><V120/><F120/><W114/><G1/><T46/><D112/><U89/><E89/><V99/><F25/><W51/><G114/><T38/><D27/><U3/><E3/><V97/><F97/><W29/><G29/><T70/><D98/><U131/><E131/><V11/><F0/><W41/><G41/><T115/><D115/><U100/><E100/><V109/><F103/><N who="3" m="62567" /><G36/><T105/><D38/><U75/><E75/><V12/><F99/><W47/><G47/><T67/><D73/><U78/><E78/><V28/><F28/><W110/><G110/><T101/><D46/><U30/><E30/><V95/><F109/><W86/><G84/><T14/><D105/><U48/><E48/><V72/><F72/><W26/><G123/><T117/><D117/><U130/><E130/><V91/><F91/><W79/><G121/><T23/><D70/><U33/><E33/><RYUUKYOKU ba="1,3" sc="299,15,188,15,201,-15,282,-15" hai0="13,14,16,18,20,23,56,62,67,82,83,92,101" hai1="10,15,19,32,35,58,59,60,63,64,80,87,90" /><INIT seed="1,2,3,0,5,91" ten="314,203,186,267" oya="1" hai0="59,75,81,96,93,58,12,47,101,114,82,8,28" hai1="86,10,115,113,45,25,102,108,107,119,42,44,66" hai2="83,1,17,48,111,129,118,97,67,128,76,21,56" hai3="84,64,46,24,39,32,69,38,16,124,132,110,109"/><U5/><E119/><V62/><F118/><W135/><G124/><T70/><D70/><U134/><E134/><N who="3" m="51242" /><G69/><T60/><D114/><U95/><E66/><V35/><F35/><W0/><G64/><N who="0" m="38935" /><D75/><U2/><E108/><N who="3" m="41578" /><G0/><T87/><D59/><U121/><E121/><V61/><F1/><W3/><G3/><T77/><D28/><U104/><E45/><V9/><F111/><W73/><G73/><T53/><D82/><U57/><E57/><V36/><F36/><N who="3" m="13867" /><G46/><T29/><D29/><U37/><E115/><V54/><F62/><W41/><G84/><T20/><D47/><U52/><E113/><V49/><F67/><W50/><G50/><T13/><D53/><U26/><E52/><V23/><F49/><W94/><G32/><T33/><D33/><U122/><E122/><V123/><F48/><W72/><G72/><T78/><D20/><U40/><E40/><V19/><F123/><W68/><G68/><T98/><D13/><U30/><E86/><N who="2" m="48487" /><F21/><N who="3" m="13351" /><G94/><T88/><D98/><U120/><E120/><V100/><F9/><W131/><G131/><N who="2" m="50249" /><F23/><W117/><G117/><T4/><AGARI ba="2,3" hai="4,8,12,77,78,81,87,88,93,96,101" m="38935" machi="4" ten="30,4000,0" yaku="8,1,52,1,54,1" doraHai="91" who="0" fromWho="0" sc="314,76,203,-22,186,-12,267,-12" /><INIT seed="2,0,0,5,3,115" ten="390,181,174,255" oya="2" hai0="0,50,120,28,19,133,32,49,102,14,124,8,116" hai1="84,104,64,76,18,5,121,36,88,47,91,114,125" hai2="90,67,21,81,56,99,61,42,22,127,62,46,2" hai3="135,77,6,24,59,94,101,44,107,111,41,26,15"/><V78/><F2/><W97/><G111/><T20/><D102/><U80/><E114/><V132/><F132/><W25/><G135/><T35/><D133/><U38/><E104/><V31/><F127/><W129/><G129/><T9/><D124/><U89/><E125/><V65/><F31/><W60/><G77/><T72/><D72/><U54/><E121/><V110/><F110/><W122/><G122/><T43/><D116/><U100/><E100/><V55/><F99/><W66/><G107/><T131/><D131/><U106/><E106/><V126/><F90/><W13/><REACH who="3" step="1"/><G6/><REACH who="3" ten="390,181,174,245" step="2"/><T112/><D120/><U45/><E5/><V119/><F126/><W103/><G103/><T30/><D112/><U87/><E76/><V17/><F119/><W108/><G108/><T128/><D128/><U130/><E130/><V39/><F17/><W48/><AGARI ba="0,1" hai="13,15,24,25,26,41,44,48,59,60,66,94,97,101" machi="48" ten="30,4000,0" yaku="1,1,0,1,8,1,53,0" doraHai="115" doraHaiUra="68" who="3" fromWho="3" sc="390,-10,181,-10,174,-20,245,50" /><INIT seed="3,0,0,0,5,101" ten="380,171,154,295" oya="3" hai0="135,18,23,14,28,31,13,127,118,112,72,6,47" hai1="64,34,86,48,100,22,1,2,131,78,53,84,8" hai2="95,38,26,130,88,10,25,11,52,62,68,120,16" hai3="83,39,51,102,35,46,32,99,117,104,49,113,27"/><W15/><G113/><T90/><D72/><U7/><E34/><V123/><F38/><W108/><G117/><T128/><D112/><U96/><E2/><V41/><F41/><W133/><G133/><T94/><D118/><U82/><E131/><V20/><F130/><W37/><G108/><T87/><D128/><U77/><E64/><V33/><F33/><W97/><G83/><T81/><D127/><U36/><E22/><V92/><F26/><W119/><G119/><T73/><D135/><U60/><E60/><V85/><F95/><W40/><G35/><T30/><D73/><U98/><E36/><V45/><F45/><W126/><G126/><T50/><D94/><U63/><E63/><V66/><F52/><W44/><G99/><T114/><D114/><U12/><E1/><V80/><F80/><W93/><G93/><T105/><D105/><U69/><E69/><V54/><F54/><W71/><G71/><T5/><D14/><U19/><E7/><V74/><F74/><W70/><G70/><T115/><D115/><U107/><E98/><V67/><F66/><W55/><G15/><T3/><D3/><U17/><E84/><V56/><F68/><W75/><G75/><T110/><D110/><U59/><E17/><V106/><F106/><W121/><REACH who="3" step="1"/><G121/><AGARI ba="0,0" hai="10,11,16,20,25,56,62,67,85,88,92,120,121,123" machi="121" ten="40,5200,0" yaku="13,1,54,2" doraHai="101" who="2" fromWho="3" sc="380,0,171,0,154,52,295,-52" owari="380,48.0,171,-32.9,206,-19.4,243,4.3" /></mjloggm>