<mjloggm ver="2.3"><GO type="225" lobby="0"/><UN n0="%E3%81%86%E3%83%BC%E3%81%B1%E3%83%BC" n1="%E7%AD%89%E3%80%85%E5%8A%9B%E5%8A%87%E5%A0%B4" n2="%E6%97%A5%E6%9B%9C%E6%97%A5%E3%82%88%E3%82%8A%E3%81%AE%E4%BD%BF%E8%80%85" n3="%E3%81%9F%E3%81%8C%E3%82%84%E3%81%99" dan="16,16,18,17" rate="2127.02,2163.19,2176.65,2204.18" sx="M,M,M,M"/><TAIKYOKU oya="0"/><INIT seed="0,0,0,4,0,132" ten="250,250,250,250" oya="0" hai0="68,93,13,34,0,74,32,38,117,15,107,131,23" hai1="33,53,89,35,120,16,72,69,57,42,127,87,98" hai2="21,134,111,102,3,128,113,116,83,36,110,126,97" hai3="105,5,28,18,75,86,114,47,20,121,92,73,39"/><T81/><D81/><BYE who="0" /><U82/><E120/><V70/><RYUUKYOKU type="yao9" ba="0,0" sc="250,0,250,0,250,0,250,0" hai2="3,21,36,70,83,97,102,110,111,113,116,126,128,134" /><UN n0="%E3%81%86%E3%83%BC%E3%81%B1%E3%83%BC" /><INIT seed="0,1,0,3,5,120" ten="250,250,250,250" oya="0" hai0="98,123,47,0,38,90,135,133,11,28,73,45,71" hai1="111,29,93,121,85,52,31,9,74,37,79,49,97" hai2="69,86,57,27,87,41,22,21,44,19,72,96,6" hai3="107,14,75,125,95,114,115,16,50,32,2,51,116"/><T105/><D123/><U126/><E121/><V59/><F69/><W10/><G107/><T23/><D71/><U81/><E37/><V130/><F72/><W124/><G75/><T78/><D105/><U7/><E126/><N who="3" m="48746" /><G95/><N who="0" m="56695" /><D23/><U94/><E74/><V88/><F130/><W101/><G101/><T68/><D28/><U134/><E134/><N who="0" m="51209" /><D68/><U117/><E117/><V61/><F6/><N who="3" m="1367" /><G116/><T8/><D0/><U43/><E43/><V118/><F118/><W131/><G32/><T40/><D47/><U15/><E111/><V91/><F22/><N who="3" m="11543" /><G131/><T77/><D73/><U25/><E25/><V34/><F34/><W104/><G104/><T30/><D30/><U63/><E94/><N who="2" m="56391" /><F91/><W62/><G62/><T35/><D35/><U18/><E63/><V108/><F108/><W1/><G1/><T4/><D4/><U100/><REACH who="1" step="1"/><E7/><REACH who="1" ten="250,240,250,250" step="2"/><V119/><F119/><W53/><G50/><T106/><D106/><U109/><E109/><V132/><F132/><W84/><G84/><N who="2" m="32297" /><F61/><W46/><AGARI ba="1,1" hai="46,51,53,114,115" m="11543,1367,48746" machi="46" ten="30,2000,0" yaku="18,1,54,1" doraHai="120" who="3" fromWho="3" sc="250,-11,240,-6,250,-6,250,33" /><INIT seed="1,0,0,3,4,5" ten="239,234,244,283" oya="1" hai0="61,91,111,24,63,96,118,120,86,98,109,42,21" hai1="20,95,87,117,55,68,45,84,56,17,59,29,41" hai2="77,64,19,46,97,67,123,100,7,0,116,90,43" hai3="37,119,57,82,4,13,38,105,126,103,107,81,36"/><U8/><E68/><V83/><F116/><W110/><G57/><T112/><D112/><U12/><E117/><V74/><F123/><W133/><G119/><T106/><D42/><U34/><E34/><V48/><F90/><W1/><G1/><T124/><D120/><U44/><E59/><V113/><F113/><W51/><G51/><T94/><D124/><U52/><E55/><V131/><F131/><W2/><G2/><T26/><D26/><N who="1" m="16583" /><E41/><V88/><F19/><W127/><G110/><N who="0" m="41995" /><D118/><U53/><E53/><V11/><REACH who="2" step="1"/><F88/><REACH who="2" ten="239,234,234,283" step="2"/><W65/><G127/><T121/><D121/><U129/><E129/><V47/><F47/><N who="1" m="17993" /><E95/><AGARI ba="0,1" hai="0,7,11,43,46,48,64,67,74,77,83,95,97,100" machi="95" ten="30,3900,0" yaku="1,1,7,1,52,1,53,0" doraHai="5" doraHaiUra="66" who="2" fromWho="1" sc="239,0,234,-39,234,49,283,0" /><INIT seed="2,0,0,4,5,11" ten="239,195,283,283" oya="2" hai0="59,70,49,126,130,88,69,121,120,96,112,40,61" hai1="32,89,39,23,100,58,16,46,48,79,117,10,15" hai2="20,129,65,81,12,42,84,6,63,105,53,25,64" hai3="43,31,66,9,133,113,116,18,90,103,27,114,2"/><V115/><F105/><W85/><G103/><T4/><D112/><N who="3" m="43113" /><G116/><T83/><D130/><U38/><E32/><V26/><F42/><W14/><G66/><N who="2" m="25705" /><F129/><W5/><G43/><T107/><D126/><U95/><E117/><V51/><F63/><W7/><G2/><T131/><D131/><U62/><E100/><V78/><F115/><W86/><G86/><T17/><D4/><U109/><E109/><V98/><F98/><W132/><G90/><T134/><D134/><N who="3" m="51817" /><G85/><T45/><D70/><U35/><E35/><AGARI ba="0,0" hai="5,7,9,14,18,27,31,35" m="51817,43113" machi="35" ten="30,8000,1" yaku="11,1,20,1,34,2,52,1" doraHai="11" who="3" fromWho="1" sc="239,0,195,-80,283,0,283,80" /><INIT seed="3,0,0,2,3,91" ten="239,115,283,363" oya="3" hai0="31,76,85,8,58,56,69,42,90,52,94,63,41" hai1="44,100,97,104,99,21,77,112,36,79,43,32,2" hai2="130,70,135,25,123,64,62,80,78,51,57,134,5" hai3="7,98,72,83,10,9,14,114,23,131,12,111,37"/><W109/><G37/><T121/><D121/><U17/><E112/><V20/><F123/><W110/><G114/><T115/><D69/><U118/><E32/><V88/><F5/><W107/><G23/><T73/><D115/><U6/><E118/><V117/><F117/><W34/><G34/><T103/><D103/><U29/><E29/><V95/><F130/><W59/><G59/><T30/><D73/><U35/><E35/><V60/><F51/><W13/><G131/><T74/><D74/><U116/><E116/><V66/><F80/><W22/><G22/><T84/><D8/><U75/><E75/><V105/><F78/><N who="3" m="44487" /><G10/><T46/><D58/><U102/><E6/><V54/><F66/><W1/><G98/><T11/><D11/><U122/><E2/><V93/><F105/><AGARI ba="0,0" hai="1,7,9,12,13,14,105,107,109,110,111" m="44487" machi="105" ten="40,3900,0" yaku="14,1,10,1" doraHai="91" who="3" fromWho="2" sc="239,0,115,0,283,-39,363,39" owari="239,-16.1,115,-38.5,244,4.4,402,50.2" /></mjloggm>