<mjloggm ver="2.3"><GO type="225" lobby="0"/><UN n0="%E8%A8%88%E7%AE%97%E6%A9%9F%E8%87%AA%E7%84%B6" n1="%E8%BE%9B%E5%8F%A3%E3%82%AB%E3%83%AC%E3%83%BC%E3%83%A9%E3%82%A4%E3%82%B9" n2="%E6%97%A5%E6%9B%9C%E6%97%A5%E3%82%88%E3%82%8A%E3%81%AE%E4%BD%BF%E8%80%85" n3="%72%61%6B%33" dan="17,16,18,18" rate="2227.73,2178.76,2163.67,2266.01" sx="M,M,M,M"/><TAIKYOKU oya="0"/><INIT seed="0,0,0,4,2,46" ten="250,250,250,250" oya="0" hai0="72,3,71,97,82,129,62,60,33,68,130,89,30" hai1="126,64,120,135,22,52,67,85,11,10,18,28,122" hai2="79,132,56,119,113,111,92,103,15,43,88,58,40" hai3="100,128,49,95,59,24,131,16,4,70,17,63,26"/><T86/><D3/><U102/><E135/><V66/><F113/><W45/><G70/><N who="0" m="26667" /><D72/><U81/><E126/><V133/><F111/><W57/><G4/><T48/><D97/><U35/><E35/><V7/><F103/><W75/><G75/><T134/><D134/><N who="2" m="51818" /><F79/><W117/><G117/><T55/><D30/><U99/><E120/><V25/><F25/><W54/><G59/><N who="2" m="22569" /><F66/><N who="1" m="25129" /><E122/><V112/><F112/><W80/><G80/><T1/><D1/><U42/><E42/><V31/><F31/><W5/><G5/><T73/><D33/><U36/><E36/><V27/><F27/><W125/><G125/><T44/><D73/><U14/><E28/><V74/><F74/><W13/><G24/><T127/><D127/><U123/><E123/><V87/><F119/><W96/><G26/><T51/><D51/><U61/><E99/><V121/><F121/><W83/><G83/><T65/><D65/><U9/><E102/><V90/><F90/><W106/><G95/><T76/><D76/><N who="1" m="46247" /><E61/><V98/><F98/><W37/><G37/><T93/><D93/><U19/><E52/><V2/><F2/><W34/><G34/><T38/><D38/><U32/><E32/><V115/><F115/><W39/><G39/><T0/><D0/><U107/><E107/><V23/><F7/><W77/><G77/><T110/><D110/><U105/><E105/><V116/><F116/><W20/><REACH who="3" step="1"/><G17/><AGARI ba="0,0" hai="9,10,11,14,17,18,19,22" m="46247,25129" machi="17" ten="30,1000,0" yaku="8,1" doraHai="46" who="1" fromWho="3" sc="250,0,250,10,250,0,250,-10" /><AGARI ba="0,0" hai="15,17,23,40,43,87,88,92" m="22569,51818" machi="17" ten="30,2000,0" yaku="20,1,54,1" doraHai="46" who="2" fromWho="3" sc="250,0,260,0,250,20,240,-20" /><INIT seed="1,0,0,3,3,44" ten="250,260,270,220" oya="1" hai0="80,20,62,74,7,91,93,122,56,101,115,99,46" hai1="61,39,6,45,70,94,71,79,3,65,116,5,2" hai2="9,10,103,25,128,105,90,47,83,133,60,16,54" hai3="0,106,76,68,26,48,14,121,77,104,24,67,87"/><U29/><E116/><V12/><F128/><W112/><G0/><T113/><D122/><U126/><E126/><V97/><F133/><W4/><G121/><T42/><D7/><U35/><E71/><V84/><F25/><W120/><G120/><T73/><D74/><U123/><E123/><V57/><REACH who="2" step="1"/><F47/><REACH who="2" ten="250,260,260,220" step="2"/><W135/><G135/><T13/><D115/><U132/><E132/><V85/><F85/><W66/><G87/><T95/><D113/><U69/><E45/><V125/><F125/><W15/><G112/><T96/><D73/><U108/><E2/><V129/><F129/><W127/><G127/><T43/><D46/><U110/><E3/><V18/><F18/><W88/><G4/><T55/><D80/><U63/><E5/><V86/><F86/><W109/><G109/><T92/><D92/><U100/><E6/><V30/><F30/><W31/><G31/><T28/><D28/><U17/><E17/><AGARI ba="0,1" hai="13,17,20,42,43,55,56,62,91,93,95,96,99,101" machi="17" ten="40,1300,0" yaku="8,1" doraHai="44" who="0" fromWho="1" sc="250,23,260,-13,260,0,220,0" /><INIT seed="2,0,0,4,2,23" ten="273,247,260,220" oya="2" hai0="6,103,82,49,61,60,132,39,120,104,38,27,66" hai1="95,76,36,33,78,79,11,107,122,70,28,50,118" hai2="17,128,102,47,125,129,7,53,74,40,96,3,22" hai3="48,81,73,56,105,14,65,30,101,108,4,63,20"/><V31/><F74/><W121/><G108/><T111/><D120/><U0/><E118/><V67/><F67/><W10/><G121/><T130/><D111/><U83/><E107/><V24/><F53/><W29/><G105/><T117/><D117/><U69/><E36/><V21/><F125/><W91/><G101/><T46/><D130/><N who="2" m="50282" /><F7/><W45/><G73/><T84/><D6/><U116/><E116/><V86/><F86/><N who="3" m="50639" /><G20/><T123/><D66/><U32/><E83/><V109/><F3/><W71/><G71/><T100/><D84/><U77/><E0/><V92/><F109/><W119/><G119/><T131/><D82/><U89/><E70/><V87/><F87/><W43/><AGARI ba="0,0" hai="4,10,14,29,30,43,45,48,56,63,65" m="50639" machi="43" ten="30,1100,0" yaku="8,1" doraHai="23" who="3" fromWho="3" sc="273,-3,247,-3,260,-5,220,11" /><INIT seed="3,0,0,1,5,90" ten="270,244,255,231" oya="3" hai0="103,57,83,25,11,78,100,9,49,38,45,10,47" hai1="31,64,119,63,117,120,95,30,112,5,7,126,67" hai2="55,118,110,116,96,133,82,88,46,52,107,23,50" hai3="33,97,115,93,81,21,42,44,74,113,76,58,132"/><W101/><G33/><T71/><D71/><U135/><E120/><V127/><F110/><W86/><G132/><T69/><D69/><U0/><E112/><V102/><F133/><W91/><G58/><T15/><D15/><U85/><E135/><V124/><F23/><W84/><G21/><T105/><D105/><U129/><E129/><V24/><F24/><W43/><G84/><N who="0" m="48247" /><D38/><U22/><E126/><N who="2" m="48171" /><F55/><W114/><REACH who="3" step="1"/><G44/><REACH who="3" ten="270,244,255,221" step="2"/><T34/><D34/><U92/><E22/><V37/><F37/><W122/><G122/><T6/><D45/><U109/><E85/><AGARI ba="0,1" hai="46,50,52,82,85,88,96,102,107,116,118" m="48171" machi="85" ten="30,3900,0" yaku="18,1,54,2" doraHai="90" who="2" fromWho="1" sc="270,0,244,-39,255,49,221,0" owari="270,7.0,205,-29.5,304,40.4,221,-17.9" /></mjloggm>