<mjloggm ver="2.3"><GO type="225" lobby="0"/><UN n0="%E6%B4%BE%E9%81%A3%E3%81%AE%E3%82%B8%E3%83%A3%E3%83%83%E3%82%AF" n1="%E3%81%82%E3%81%99%E3%81%AB%E3%82%83%E3%82%80" n2="%72%65%6E%6B%75%6E" n3="%E3%81%BF%E3%81%BF%E3%81%9A" dan="17,16,17,17" rate="2168.61,2129.90,2225.21,2254.79" sx="M,F,M,M"/><TAIKYOKU oya="0"/><INIT seed="0,0,0,0,1,16" ten="250,250,250,250" oya="0" hai0="14,94,78,61,107,122,66,131,105,76,118,86,41" hai1="7,19,51,135,13,2,1,46,48,22,97,4,52" hai2="21,35,64,28,110,134,103,15,54,93,102,20,63" hai3="26,124,83,72,53,82,95,8,84,111,33,116,47"/><T12/><D118/><U73/><E73/><V114/><F114/><W132/><G116/><T50/><D122/><U18/><E135/><V59/><F110/><W0/><G111/><T56/><D131/><U44/><E97/><V77/><F134/><W40/><G132/><T68/><D68/><U23/><E2/><V117/><F117/><W119/><G119/><T98/><D105/><U30/><E30/><V3/><F3/><W121/><G53/><T91/><D107/><U36/><E36/><V127/><F127/><W109/><G109/><T100/><D100/><U104/><E104/><V74/><F93/><W55/><G55/><T87/><D87/><U125/><E1/><V120/><F120/><W90/><G121/><T42/><D42/><N who="1" m="24599" /><E125/><V11/><F64/><W27/><G124/><T115/><D115/><U85/><E85/><V128/><F128/><W96/><G33/><T113/><D113/><U71/><E71/><V92/><F35/><W69/><G69/><T32/><D32/><U9/><E9/><V130/><F28/><W106/><G8/><T65/><D65/><U24/><AGARI ba="0,0" hai="4,7,13,18,19,22,23,24,46,51,52" m="24599" machi="24" ten="30,7900,0" yaku="8,1,52,2,54,1" doraHai="16" who="1" fromWho="1" sc="250,-39,250,79,250,-20,250,-20" /><INIT seed="1,0,0,3,0,109" ten="211,329,230,230" oya="1" hai0="57,113,67,89,133,9,45,100,114,105,3,26,37" hai1="83,130,98,75,91,34,10,63,99,116,128,87,31" hai2="117,79,24,7,86,22,29,134,80,132,43,50,65" hai3="121,127,15,11,101,19,104,60,70,119,76,103,97"/><U59/><E116/><V85/><F117/><W4/><G121/><T52/><D89/><U106/><E10/><V5/><F65/><W131/><G119/><T88/><D26/><N who="1" m="18807" /><E75/><V2/><F85/><W102/><G127/><T108/><D67/><N who="1" m="39423" /><E106/><V23/><F23/><W94/><G131/><AGARI ba="0,0" hai="83,87,91,98,99,128,130,131" m="39423,18807" machi="131" ten="30,1500,0" yaku="19,1" doraHai="109" who="1" fromWho="3" sc="211,0,329,15,230,0,230,-15" /><INIT seed="1,1,0,1,4,52" ten="211,344,230,215" oya="1" hai0="129,112,55,30,92,85,38,107,94,133,64,118,7" hai1="31,3,19,16,42,14,22,110,63,59,88,87,71" hai2="51,33,45,9,6,70,122,76,62,125,1,75,90" hai3="135,2,67,93,127,20,43,78,106,109,80,21,97"/><U134/><E3/><V28/><F122/><W24/><G109/><T26/><D38/><U119/><E119/><V4/><F125/><W53/><G127/><T108/><D107/><U86/><E110/><V117/><F117/><W41/><G2/><T15/><D108/><U105/><E105/><V39/><F6/><W37/><G135/><T131/><D118/><U99/><E71/><V124/><F90/><W95/><G67/><T83/><D133/><U60/><E42/><N who="3" m="15882" /><G106/><T40/><D64/><U49/><E31/><V54/><F39/><W102/><G37/><T46/><D112/><U25/><E134/><V98/><F98/><N who="3" m="59727" /><G24/><T89/><D40/><U50/><E63/><V12/><F124/><W10/><G10/><T79/><D15/><U5/><E5/><V115/><F115/><W17/><G17/><T120/><D7/><U132/><E132/><V18/><F33/><W91/><G53/><T123/><D123/><U13/><E25/><V114/><F28/><W74/><G74/><T8/><D8/><N who="1" m="6183" /><E99/><V61/><F70/><W35/><G35/><T111/><D111/><U69/><E69/><V116/><F116/><W121/><G121/><T32/><D120/><U128/><E128/><N who="0" m="49225" /><D79/><U34/><E34/><V104/><F104/><W84/><AGARI ba="1,0" hai="20,21,78,80,84,91,95,97" m="59727,15882" machi="84" ten="30,1100,0" yaku="8,1" doraHai="52" who="3" fromWho="3" sc="211,-4,344,-6,230,-4,215,14" /><INIT seed="2,0,0,3,3,72" ten="207,338,226,229" oya="2" hai0="49,114,79,26,91,37,18,88,78,17,2,81,66" hai1="52,111,102,65,103,16,127,98,25,24,93,96,23" hai2="135,41,57,20,61,89,60,36,122,123,35,132,50" hai3="9,128,11,131,7,80,77,3,118,12,121,46,64"/><V10/><F35/><W115/><G118/><T5/><D37/><U73/><E111/><V33/><F33/><W85/><G121/><N who="2" m="46089" /><F20/><W43/><G64/><T22/><D114/><U86/><E73/><V0/><F10/><W104/><G104/><T29/><D66/><U45/><E65/><V94/><F0/><W106/><G115/><T125/><D125/><U107/><E127/><V124/><F124/><W28/><G106/><T109/><D109/><U99/><E86/><V34/><F34/><W32/><G28/><T47/><D2/><U48/><E99/><V15/><F15/><AGARI ba="0,0" hai="15,16,23,24,25,45,48,52,93,96,98,102,103,107" machi="15" ten="30,3900,0" yaku="7,1,54,2" doraHai="72" who="1" fromWho="2" sc="207,0,338,39,226,-39,229,0" /><INIT seed="3,0,0,3,2,93" ten="207,377,187,229" oya="3" hai0="2,17,16,43,22,131,113,125,18,57,100,65,74" hai1="115,29,127,78,106,40,42,85,55,60,53,44,28" hai2="98,73,10,67,119,64,52,77,3,50,51,108,107" hai3="89,114,103,33,80,128,38,25,47,21,30,102,110"/><W1/><G114/><T54/><D74/><U83/><E106/><V46/><F119/><W130/><G1/><T45/><D2/><U104/><E104/><V69/><F108/><W36/><G33/><T135/><D135/><U59/><E127/><V6/><F69/><W105/><G110/><T122/><D122/><U61/><E115/><V24/><F24/><W15/><G15/><T34/><D34/><U31/><E44/><V79/><F50/><W20/><G47/><T9/><D9/><U133/><E133/><V92/><F107/><W96/><G103/><T71/><D125/><U91/><E91/><V35/><F35/><W8/><G20/><T111/><D111/><U58/><AGARI ba="0,0" hai="28,29,31,40,42,53,55,58,59,60,61,78,83,85" machi="58" ten="30,4000,0" yaku="0,1,9,1,8,1" doraHai="93" who="1" fromWho="1" sc="207,-10,377,40,187,-10,229,-20" owari="197,-20.3,417,51.7,177,-32.3,209,0.9" /></mjloggm>