<mjloggm ver="2.3"><GO type="225" lobby="0"/><UN n0="%72%69%6F%75%63%68%61%6E" n1="%E3%81%AF%E3%82%88%E3%81%8A%E3%81%98%E3%81%95%E3%82%93" n2="%E3%82%82%E3%81%90%E3%82%89" n3="%4E%6F%2E%30%30%30%31" dan="17,16,17,18" rate="2252.01,2177.39,2158.53,2207.65" sx="M,M,M,M"/><TAIKYOKU oya="0"/><INIT seed="0,0,0,4,3,24" ten="250,250,250,250" oya="0" hai0="107,120,28,26,116,31,19,114,118,101,91,22,134" hai1="49,82,17,40,112,115,5,102,87,59,78,90,33" hai2="4,20,8,14,130,88,50,0,15,126,42,109,86" hai3="29,92,52,55,47,54,76,11,13,131,83,75,67"/><T77/><D114/><N who="1" m="43563" /><E33/><V132/><F109/><W16/><G131/><T104/><D120/><U1/><E102/><V108/><F108/><W18/><G67/><T48/><D134/><U27/><E5/><V38/><F130/><W72/><G29/><T41/><D77/><U45/><E1/><V39/><F132/><W113/><G113/><T46/><D91/><U32/><E59/><V97/><F97/><W37/><G92/><T64/><D64/><U85/><E17/><V7/><F0/><W61/><G18/><T44/><D104/><U119/><E119/><V127/><F4/><W6/><G6/><T68/><D68/><U96/><E96/><V66/><F66/><W3/><G3/><T121/><D121/><U125/><E125/><N who="2" m="47627" /><F15/><W123/><G123/><T84/><D84/><N who="1" m="50455" /><E78/><V35/><F35/><W106/><G106/><T12/><D107/><U60/><E60/><V34/><F34/><W79/><G79/><T10/><D101/><U100/><E100/><V95/><F20/><W111/><G111/><T135/><D135/><U110/><E110/><V23/><F23/><W2/><G2/><T9/><D10/><U93/><E93/><V71/><F71/><W51/><G61/><T62/><D62/><U57/><E57/><V70/><F70/><W58/><REACH who="3" step="1"/><G72/><REACH who="3" ten="250,250,250,240" step="2"/><T128/><D128/><U133/><E133/><V129/><F129/><W21/><G21/><T89/><D28/><AGARI ba="0,1" hai="27,28,32,40,45,49,85,87" m="50455,43563" machi="28" ten="30,2000,0" yaku="11,1,52,1" doraHai="24" who="1" fromWho="0" sc="250,-20,250,30,250,0,240,0" /><INIT seed="1,0,0,3,4,120" ten="230,280,250,240" oya="1" hai0="95,125,60,13,46,25,1,111,37,94,78,5,80" hai1="128,126,101,67,73,40,81,129,70,108,11,50,33" hai2="41,20,62,69,76,18,87,48,51,22,88,134,132" hai3="32,68,23,112,119,110,47,117,12,49,34,89,61"/><U115/><E115/><V21/><F18/><N who="3" m="10695" /><G112/><T52/><D111/><U124/><E33/><V17/><F17/><W63/><G110/><T98/><D125/><N who="1" m="48235" /><E108/><V65/><F76/><W96/><G89/><T91/><D1/><U85/><E73/><V9/><F9/><W105/><G96/><T123/><D123/><U64/><E101/><V122/><F122/><W38/><G38/><T59/><D25/><U127/><N who="1" m="48243" /><U8/><DORA hai="14" /><E50/><V7/><F7/><W29/><G105/><T114/><D114/><U16/><E40/><V53/><F41/><N who="3" m="24815" /><G29/><T43/><D95/><U31/><E70/><V15/><F15/><W39/><G39/><T90/><D13/><N who="1" m="7207" /><E31/><V133/><REACH who="2" step="1"/><F53/><REACH who="2" ten="230,280,240,240" step="2"/><W121/><G121/><T107/><D5/><U45/><E11/><V100/><F100/><W116/><G68/><T103/><REACH who="0" step="1"/><D107/><REACH who="0" ten="220,280,240,240" step="2"/><U2/><E2/><V82/><AGARI ba="0,2" hai="20,21,22,48,51,62,65,69,82,87,88,132,133,134" machi="82" ten="40,8000,1" yaku="1,1,0,1,20,1,54,1,53,1" doraHai="120,14" doraHaiUra="84,27" who="2" fromWho="2" sc="220,-20,280,-40,240,100,240,-20" /><INIT seed="2,0,0,1,5,127" ten="200,240,340,220" oya="2" hai0="121,87,128,89,6,35,97,20,106,130,59,76,63" hai1="36,98,77,31,34,16,19,73,3,30,71,66,75" hai2="56,93,65,53,80,37,81,33,44,100,116,120,74" hai3="2,24,132,22,48,8,85,7,40,108,9,11,91"/><V64/><F120/><W29/><G108/><T61/><D121/><U25/><E36/><V62/><F116/><W92/><G132/><T123/><D123/><U28/><E3/><V135/><F33/><W49/><G40/><T134/><D35/><U102/><E30/><V27/><F135/><W45/><REACH who="3" step="1"/><G49/><REACH who="3" ten="200,240,340,210" step="2"/><T23/><D134/><U94/><E34/><V17/><F37/><W57/><G57/><T38/><D38/><U119/><E71/><V52/><F44/><W101/><G101/><N who="0" m="62767" /><D61/><U26/><E102/><V55/><F100/><W70/><G70/><T90/><D76/><U47/><E77/><V113/><F56/><W1/><G1/><T115/><D115/><U78/><E78/><V125/><F62/><W84/><G84/><T68/><D68/><U15/><E47/><V13/><F113/><W5/><G5/><T46/><D6/><U107/><E98/><V124/><F124/><W95/><G95/><N who="0" m="54719" /><D90/><U10/><E107/><V50/><F93/><W43/><AGARI ba="0,1" hai="2,7,8,9,11,22,24,29,43,45,48,85,91,92" machi="43" ten="20,5200,0" yaku="1,1,0,1,7,1,53,1" doraHai="127" doraHaiUra="88" who="3" fromWho="3" sc="200,-13,240,-13,340,-26,210,62" /><INIT seed="3,0,0,4,2,106" ten="187,227,314,272" oya="3" hai0="28,52,45,83,99,128,75,37,112,50,62,48,129" hai1="26,71,10,113,39,43,14,80,11,133,78,58,92" hai2="115,104,116,5,31,72,74,54,88,67,1,4,123" hai3="66,98,0,16,59,46,22,101,36,87,18,76,3"/><W2/><G36/><T51/><D28/><U135/><E113/><V117/><F115/><W65/><G46/><T40/><D112/><U120/><E71/><V127/><F104/><W95/><G59/><N who="0" m="35175" /><D99/><U100/><E120/><V17/><F123/><W60/><G60/><T35/><D35/><U68/><E68/><V108/><F67/><W25/><REACH who="3" step="1"/><G18/><REACH who="3" ten="187,227,314,262" step="2"/><T82/><D75/><U56/><E58/><V130/><F17/><W93/><G93/><T47/><D82/><AGARI ba="0,1" hai="0,2,3,16,22,25,65,66,76,82,87,95,98,101" machi="82" ten="40,7700,0" yaku="1,1,54,1,53,1" doraHai="106" doraHaiUra="79" who="3" fromWho="0" sc="187,-77,227,0,314,0,262,87" owari="110,-39.0,227,-17.3,314,11.4,349,44.9" /></mjloggm>