<mjloggm ver="2.3"><GO type="225" lobby="0"/><UN n0="%43%6F%66%66%65%65" n1="%72%69%6F%75%63%68%61%6E" n2="%E9%80%86%E9%80%A3%E5%B8%AF%E3%81%AE%E9%AC%BC" n3="%33%74%72%65%65" dan="17,17,17,16" rate="2143.51,2232.22,2195.31,2159.89" sx="F,M,M,F"/><TAIKYOKU oya="0"/><INIT seed="0,0,0,4,1,63" ten="250,250,250,250" oya="0" hai0="60,49,135,47,41,35,108,117,129,67,71,18,16" hai1="76,29,96,1,90,27,26,37,100,42,113,40,57" hai2="130,128,0,87,89,122,23,38,62,112,118,56,32" hai3="13,64,24,95,25,77,120,134,55,93,105,92,70"/><T15/><D117/><U101/><E1/><V20/><F32/><W52/><G105/><T78/><D35/><U97/><E113/><V3/><F118/><W79/><G134/><T124/><D135/><U45/><E76/><N who="3" m="29258" /><G70/><T30/><D30/><U44/><E90/><V51/><F38/><W98/><G120/><T125/><D129/><U127/><E127/><N who="0" m="48713" /><D108/><U119/><E119/><V8/><F112/><W110/><G110/><T132/><D132/><U17/><E57/><V114/><F122/><W73/><G73/><T111/><D111/><U12/><E12/><V65/><F114/><W34/><G34/><T28/><D28/><U123/><E123/><V21/><F51/><W83/><G98/><N who="1" m="37994" /><E29/><V82/><REACH who="2" step="1"/><F8/><REACH who="2" ten="250,250,240,250" step="2"/><W10/><G10/><T69/><D78/><U4/><E37/><V74/><F74/><W102/><G102/><N who="1" m="39530" /><E4/><V50/><F50/><W11/><G11/><N who="0" m="6271" /><D18/><U84/><E17/><V75/><F75/><W131/><G131/><AGARI ba="0,1" hai="0,3,20,21,23,56,62,65,82,87,89,128,130,131" machi="131" ten="40,5200,0" yaku="1,1,19,1,52,1,53,0" doraHai="63" doraHaiUra="116" who="2" fromWho="3" sc="250,0,250,0,240,62,250,-52" /><INIT seed="1,0,0,0,1,89" ten="250,250,302,198" oya="1" hai0="133,60,130,42,44,1,109,37,28,98,99,63,69" hai1="119,16,34,31,29,7,90,91,66,62,94,20,35" hai2="56,127,83,129,112,82,3,120,123,8,111,95,61" hai3="0,122,13,4,92,15,17,75,115,46,72,77,24"/><U113/><E113/><V68/><F112/><W25/><G115/><T96/><D1/><U18/><E119/><V67/><F129/><W78/><G122/><T9/><D130/><U126/><E126/><V2/><F127/><W104/><G104/><T85/><D133/><U39/><E39/><V23/><F111/><W51/><G0/><T107/><D107/><U55/><E7/><V116/><F116/><W114/><G114/><T49/><D109/><U64/><E55/><V131/><F131/><W134/><G134/><T32/><D69/><U65/><E62/><V118/><F118/><W14/><G4/><T48/><D9/><U97/><E91/><V43/><F43/><W105/><G105/><T54/><D48/><U27/><REACH who="1" step="1"/><E18/><REACH who="1" ten="250,240,302,198" step="2"/><V38/><F38/><W125/><G125/><T128/><D128/><U36/><E36/><V22/><F61/><W102/><G17/><T70/><D60/><U87/><E87/><V19/><F19/><W45/><G75/><T11/><D85/><U10/><E10/><V59/><F8/><W76/><G72/><T33/><D11/><U124/><E124/><V101/><F123/><W12/><N who="3" m="3072" /><DORA hai="57" /><W86/><G86/><T88/><D88/><U30/><AGARI ba="0,1" hai="16,20,27,29,30,31,34,35,64,65,66,90,94,97" machi="30" ten="30,11700,0" yaku="1,1,0,1,52,1,54,1,53,0" doraHai="89,57" doraHaiUra="50,41" who="1" fromWho="1" sc="250,-39,240,127,302,-39,198,-39" /><INIT seed="1,1,0,3,4,89" ten="211,367,263,159" oya="1" hai0="7,17,74,115,67,52,104,33,94,25,73,4,41" hai1="112,125,103,54,28,48,31,90,83,122,88,97,101" hai2="111,55,46,84,58,2,114,5,11,60,128,13,85" hai3="66,68,49,113,78,107,132,43,50,99,69,105,30"/><U63/><E112/><V109/><F128/><W129/><G113/><T93/><D104/><U70/><E122/><V76/><F114/><W108/><G129/><T42/><D115/><U36/><E36/><V96/><F2/><W14/><G108/><N who="2" m="41545" /><F76/><W62/><G132/><T100/><D67/><U51/><E125/><V133/><F133/><W18/><G69/><T92/><D100/><N who="1" m="38475" /><E70/><V131/><F131/><W9/><G78/><T134/><D134/><U118/><E118/><V15/><F96/><W65/><G65/><T117/><D117/><U126/><E126/><V81/><F46/><W34/><G99/><T91/><D73/><U35/><E35/><V130/><F130/><W116/><G116/><T8/><D74/><U0/><E0/><V47/><F47/><W45/><REACH who="3" step="1"/><G50/><REACH who="3" ten="211,367,263,149" step="2"/><N who="1" m="18986" /><E97/><V121/><F121/><W37/><G37/><T71/><D71/><U32/><E32/><V22/><F60/><W24/><AGARI ba="1,1" hai="9,14,18,24,30,34,43,45,49,62,66,68,105,107" machi="24" ten="30,2000,0" yaku="1,1,0,1,53,0" doraHai="89" doraHaiUra="98" who="3" fromWho="3" sc="211,-6,367,-11,263,-6,149,33" /><INIT seed="2,0,0,3,0,132" ten="205,356,257,182" oya="2" hai0="68,14,102,80,118,57,7,28,111,50,22,97,90" hai1="44,131,66,61,37,42,79,108,8,116,107,129,33" hai2="104,2,135,21,127,70,93,0,51,3,72,69,43" hai3="16,124,82,23,71,65,122,114,9,134,84,113,74"/><V78/><F135/><W100/><G122/><T89/><D68/><U73/><E116/><V83/><F104/><W60/><G134/><T46/><D111/><U59/><E33/><V81/><F81/><W92/><G9/><N who="0" m="4415" /><D118/><U86/><E107/><V94/><F21/><W36/><G36/><T45/><D45/><U10/><E108/><V35/><F35/><W76/><G124/><T12/><D80/><N who="1" m="47391" /><E73/><V26/><F127/><W75/><G75/><T6/><D57/><U103/><E103/><V133/><F133/><W18/><G74/><T30/><D102/><U52/><E66/><V5/><F5/><W4/><G4/><T47/><D47/><U96/><E96/><V98/><F26/><W38/><G38/><T11/><D97/><U63/><E63/><V20/><F20/><W24/><G100/><T95/><D22/><U109/><E109/><V123/><F123/><W115/><REACH who="3" step="1"/><G92/><REACH who="3" ten="205,356,257,172" step="2"/><T53/><D95/><U58/><E8/><V121/><F94/><W99/><G99/><T112/><D112/><U17/><E10/><V39/><F39/><W67/><G67/><T31/><AGARI ba="0,1" hai="6,11,12,28,30,31,46,50,53,89,90" m="4415" machi="31" ten="30,1100,0" yaku="8,1" doraHai="132" who="0" fromWho="0" sc="205,21,356,-3,257,-5,172,-3" /><INIT seed="3,0,0,2,1,0" ten="226,353,252,169" oya="3" hai0="70,19,107,81,96,119,123,49,44,109,126,105,121" hai1="71,10,112,87,93,115,28,61,122,134,118,30,17" hai2="15,58,9,106,46,63,1,68,130,26,32,39,90" hai3="74,48,111,24,41,69,43,99,53,33,34,124,101"/><W14/><G74/><T8/><D70/><U108/><E108/><V91/><F130/><W73/><G73/><T2/><D119/><U95/><E122/><V55/><F106/><W37/><G111/><T52/><D109/><U132/><E118/><V20/><F68/><W42/><G37/><T40/><D126/><U38/><E38/><V77/><F1/><W131/><G69/><T31/><D31/><N who="1" m="11819" /><E17/><V5/><F32/><W54/><G124/><T135/><D135/><N who="1" m="51755" /><E10/><V117/><F117/><W82/><G131/><T13/><D2/><U36/><E36/><V67/><F77/><W57/><G24/><T79/><D40/><U80/><E93/><V83/><F83/><W110/><G110/><T27/><D27/><U12/><E95/><V114/><F114/><W129/><G129/><T35/><D35/><U97/><E97/><V51/><REACH who="2" step="1"/><F39/><REACH who="2" ten="226,353,242,169" step="2"/><W65/><G82/><T98/><D107/><U125/><E125/><V23/><F23/><W18/><G33/><T47/><D105/><U76/><E12/><V6/><F6/><W21/><G34/><T116/><D116/><U92/><E92/><V100/><F100/><W22/><G22/><T64/><D123/><U104/><E104/><V94/><F94/><N who="3" m="58615" /><G48/><N who="0" m="28679" /><D121/><U86/><E86/><V11/><F11/><W102/><G102/><T16/><D81/><U62/><E71/><V75/><F75/><W4/><G4/><T103/><D103/><U133/><E133/><V60/><F60/><AGARI ba="0,1" hai="14,18,21,41,42,43,53,54,57,60,65" m="58615" machi="60" ten="30,1500,0" yaku="8,1" doraHai="0" who="3" fromWho="2" sc="226,0,353,0,242,-15,169,25" /><AGARI ba="0,0" hai="60,61,62,76,80,87,112,115" m="51755,11819" machi="60" ten="30,1000,0" yaku="20,1" doraHai="0" who="1" fromWho="2" sc="226,0,353,10,227,-10,194,0" /><INIT seed="3,1,0,1,5,31" ten="226,363,217,194" oya="3" hai0="105,119,0,112,10,60,87,128,27,120,57,40,98" hai1="108,29,121,55,28,72,59,103,84,129,130,14,15" hai2="66,49,35,50,5,2,109,19,97,90,75,102,134" hai3="45,1,20,127,80,86,110,13,67,3,16,73,69"/><W96/><G73/><T11/><D119/><U92/><E108/><V25/><F109/><W126/><G110/><T89/><D120/><U81/><E121/><V4/><F75/><W54/><G96/><T132/><D40/><U99/><E72/><V117/><F117/><W131/><G131/><N who="1" m="50186" /><E14/><V63/><F134/><W93/><G93/><T34/><D128/><U33/><E33/><V118/><F118/><W64/><G45/><T76/><D132/><U30/><E15/><V77/><F77/><N who="3" m="46351" /><G54/><T37/><D37/><U106/><E106/><V6/><F90/><W43/><G43/><T123/><D76/><N who="1" m="46119" /><E28/><V133/><F2/><N who="3" m="523" /><G69/><T53/><D0/><U26/><E26/><V17/><F133/><W113/><G113/><T39/><D112/><U88/><E103/><V21/><F35/><W135/><G135/><T78/><D123/><U65/><E65/><V24/><F24/><W58/><G58/><T100/><D78/><U94/><E92/><V107/><REACH who="2" step="1"/><F19/><REACH who="2" ten="226,363,207,194" step="2"/><W115/><G115/><T48/><D34/><U18/><E18/><V41/><F41/><W12/><G12/><T85/><D27/><U7/><E7/><V56/><AGARI ba="1,1" hai="4,5,6,17,21,25,49,50,56,63,66,97,102,107" machi="56" ten="30,2000,0" yaku="1,1,0,1,53,0" doraHai="31" doraHaiUra="104" who="2" fromWho="2" sc="226,-6,363,-6,207,33,194,-11" owari="220,-18.0,357,45.7,240,4.0,183,-31.7" /></mjloggm>