<mjloggm ver="2.3"><GO type="225" lobby="0"/><UN n0="%E6%A1%9C%E8%8A%B1%E9%96%83%E3%80%85" n1="%E8%B6%85%E7%B4%9A%E9%B3%B3%E5%87%B0" n2="%E6%97%A5%E6%9B%9C%E6%97%A5%E3%82%88%E3%82%8A%E3%81%AE%E4%BD%BF%E8%80%85" n3="%E7%99%BD%E5%92%B2%E8%8A%B1%E3%81%A1%E3%82%83%E3%82%93" dan="16,16,16,16" rate="2119.46,2223.18,2104.08,2167.20" sx="M,F,M,F"/><TAIKYOKU oya="0"/><INIT seed="0,0,0,1,4,113" ten="250,250,250,250" oya="0" hai0="29,77,94,76,120,3,66,101,91,82,58,42,30" hai1="2,67,95,50,47,110,121,1,26,92,122,7,117" hai2="8,16,127,83,84,54,24,33,32,134,46,64,35" hai3="10,25,28,6,70,96,31,39,13,11,4,62,89"/><T131/><D120/><U18/><E110/><V93/><F127/><W68/><G39/><T15/><D3/><U78/><E67/><V41/><F134/><W20/><G31/><N who="0" m="11787" /><D131/><U90/><E78/><N who="0" m="30313" /><D42/><U88/><E117/><V34/><F64/><W40/><G40/><T17/><D82/><U111/><E111/><V99/><F54/><W37/><G37/><T48/><D101/><U128/><E128/><V69/><F69/><W55/><G55/><N who="0" m="32103" /><D66/><U63/><E1/><V75/><F75/><W125/><G125/><T106/><D106/><U135/><E2/><V61/><F61/><W104/><G62/><T79/><N who="0" m="30321" /><T86/><DORA hai="56" /><D15/><U119/><E121/><V45/><F41/><W22/><G104/><T23/><D23/><U109/><E122/><V132/><F132/><W129/><G129/><T44/><D17/><U87/><E18/><V12/><F35/><W97/><G22/><T73/><D73/><U103/><E103/><V81/><F81/><W21/><G21/><T65/><D65/><U36/><E119/><V9/><F9/><W14/><REACH who="3" step="1"/><G89/><REACH who="3" ten="250,250,250,240" step="2"/><T0/><D0/><U112/><E88/><V27/><F34/><W5/><G5/><T43/><D43/><U130/><E7/><V98/><F33/><W118/><G118/><T115/><D115/><U38/><E90/><V51/><F32/><W107/><G107/><T105/><D105/><U108/><E112/><V57/><F8/><W123/><G123/><T49/><D49/><U116/><E130/><V124/><F51/><W52/><G52/><T60/><D60/><U71/><E116/><RYUUKYOKU ba="0,1" sc="250,15,250,-15,250,-15,240,15" hai0="44,86,91,94" hai3="4,6,10,11,13,14,20,25,28,68,70,96,97" /><INIT seed="0,1,1,1,5,126" ten="265,235,235,255" oya="0" hai0="119,28,74,77,80,57,17,118,82,70,108,112,89" hai1="75,21,62,105,84,50,88,5,60,67,59,7,24" hai2="66,2,120,117,44,78,55,109,102,19,43,106,12" hai3="68,79,114,76,124,115,134,27,0,20,125,87,99"/><T100/><D70/><U127/><E75/><V48/><F2/><W128/><G68/><T3/><D3/><U15/><E105/><V123/><F109/><W34/><G0/><T54/><D112/><U92/><E127/><N who="3" m="48714" /><G34/><T31/><D100/><U6/><E50/><V40/><F117/><W81/><G134/><T63/><D108/><U53/><E15/><V16/><F78/><N who="3" m="46519" /><G99/><T101/><D101/><U49/><REACH who="1" step="1"/><E67/><REACH who="1" ten="265,225,235,255" step="2"/><V133/><F66/><W56/><G115/><T51/><D51/><U129/><E129/><V69/><F106/><W111/><G114/><T116/><REACH who="0" step="1"/><D17/><AGARI ba="1,2" hai="5,6,7,17,21,24,49,53,59,60,62,84,88,92" machi="17" ten="40,5200,0" yaku="1,1,8,1,54,1,53,0" doraHai="126" doraHaiUra="30" who="1" fromWho="0" sc="265,-55,225,75,235,0,255,0" /><INIT seed="1,0,0,2,2,105" ten="210,300,235,255" oya="1" hai0="37,26,112,121,51,29,32,50,74,57,31,5,45" hai1="89,69,129,95,76,56,60,77,3,43,48,40,108" hai2="54,42,126,124,93,123,132,119,10,130,88,36,80" hai3="4,131,94,46,81,68,70,49,115,63,92,116,8"/><U90/><E3/><V96/><F119/><W111/><G115/><T25/><D112/><U85/><E129/><V23/><F123/><W44/><G131/><T78/><D121/><U83/><E108/><V97/><F130/><W103/><G116/><T17/><D17/><U84/><E69/><V114/><F114/><W24/><G111/><T128/><D128/><U127/><E127/><N who="2" m="48683" /><F132/><W110/><G110/><T30/><D5/><U98/><E48/><V16/><F10/><W39/><G39/><T55/><D37/><U14/><E14/><N who="2" m="9623" /><F80/><W12/><G81/><T19/><D19/><U18/><E18/><V67/><F67/><W87/><G24/><T72/><D78/><N who="1" m="30315" /><E85/><N who="2" m="52367" /><F54/><AGARI ba="0,0" hai="40,43,54,56,60,83,84,89,90,95,98" m="30315" machi="54" ten="30,1500,0" yaku="8,1" doraHai="105" who="1" fromWho="2" sc="210,0,300,15,235,-15,255,0" /><INIT seed="1,1,0,2,5,68" ten="210,315,220,255" oya="1" hai0="81,18,43,121,128,132,29,75,45,21,114,8,52" hai1="36,37,109,133,64,10,55,34,32,84,94,92,59" hai2="35,78,9,30,127,28,89,20,26,13,70,25,50" hai3="88,125,83,98,39,95,86,111,65,117,61,63,56"/><U131/><E131/><V23/><F78/><W108/><G125/><T103/><D114/><U87/><E133/><V107/><F70/><W38/><G117/><T123/><D128/><U60/><E109/><N who="3" m="42058" /><G63/><T24/><D103/><AGARI ba="1,0" hai="38,39,56,61,65,83,86,88,95,98,103" m="42058" machi="103" ten="30,7700,0" yaku="14,1,52,2,54,1" doraHai="68" who="3" fromWho="0" sc="210,-80,315,0,220,0,255,80" /><INIT seed="2,0,0,3,5,34" ten="130,315,220,335" oya="2" hai0="52,114,11,53,63,62,70,67,18,36,7,133,79" hai1="88,25,15,94,100,119,22,81,115,116,64,28,125" hai2="4,99,49,3,80,57,130,41,98,131,40,30,85" hai3="72,123,17,97,135,31,55,9,20,93,69,121,19"/><V83/><F30/><W105/><G72/><T29/><D114/><U1/><E115/><V128/><F57/><W51/><G69/><T92/><D133/><U43/><E125/><V24/><F24/><W13/><G135/><T78/><D36/><U0/><E64/><V56/><F56/><W26/><G105/><T37/><D37/><U112/><E112/><V12/><F12/><W23/><G23/><T65/><D29/><U77/><E100/><V126/><F126/><W111/><G31/><T113/><D18/><U46/><E15/><V59/><F59/><W103/><G111/><T50/><D92/><U6/><E6/><V16/><F16/><W76/><G76/><T44/><D53/><U124/><E124/><V120/><F120/><W90/><G103/><T106/><D106/><U101/><E101/><V68/><F68/><W54/><G55/><T122/><D122/><U35/><E22/><V73/><F73/><W5/><G5/><T38/><D38/><N who="1" m="21879" /><E88/><N who="2" m="51239" /><F83/><W71/><G71/><T102/><D102/><U27/><E27/><V132/><F132/><W118/><G118/><N who="1" m="45098" /><E94/><V61/><F61/><N who="0" m="23050" /><D113/><U58/><E58/><AGARI ba="0,0" hai="9,13,17,19,20,26,51,54,58,90,93,97,121,123" machi="58" ten="30,1000,0" yaku="7,1" doraHai="34" who="3" fromWho="1" sc="130,0,315,-10,220,0,335,10" /><INIT seed="3,0,0,5,1,129" ten="130,305,220,345" oya="3" hai0="64,16,54,120,42,101,17,52,44,115,71,124,33" hai1="117,12,20,83,49,40,87,118,3,61,111,95,92" hai2="134,98,6,123,103,104,76,74,131,75,91,127,15" hai3="10,65,81,50,0,18,113,72,110,105,43,25,130"/><W30/><G105/><T89/><D120/><U79/><E3/><V28/><F28/><W36/><G113/><T67/><D33/><U13/><E111/><V48/><F48/><W32/><G110/><T19/><D115/><U100/><E61/><V55/><F55/><W97/><G65/><T46/><D101/><U8/><E20/><V133/><F15/><W66/><G66/><T109/><D109/><U99/><E92/><V60/><F60/><W93/><G130/><T9/><D124/><U47/><REACH who="1" step="1"/><E13/><REACH who="1" ten="130,295,220,345" step="2"/><V102/><F127/><W78/><G0/><T21/><D9/><U5/><AGARI ba="0,1" hai="5,8,12,40,47,49,79,83,87,95,99,100,117,118" machi="5" ten="30,12000,2" yaku="1,1,2,1,0,1,25,2,53,1" doraHai="129" doraHaiUra="77" who="1" fromWho="1" sc="130,-30,295,130,220,-30,345,-60" owari="100,-40.0,425,52.5,190,-21.0,285,8.5" /></mjloggm>