<mjloggm ver="2.3"><GO type="225" lobby="0"/><UN n0="%E5%B8%86%E7%AB%8B%E5%A4%8F%E8%A1%A3" n1="%E6%A0%B9%E5%85%83%E3%81%8B%E3%82%89%E5%90%B9%E3%81%A3%E9%A3%9B%E3%81%B6" n2="%4B%2E%32%2E%4B%2E" n3="%E5%A4%96%E5%B7%9D%E7%AB%9C%E6%88%90" dan="16,17,17,16" rate="2096.07,2196.13,2171.21,2160.86" sx="M,F,M,M"/><TAIKYOKU oya="0"/><INIT seed="0,0,0,0,2,18" ten="250,250,250,250" oya="0" hai0="45,7,14,91,31,100,62,102,103,115,135,46,109" hai1="20,67,95,123,59,60,111,70,88,65,37,52,68" hai2="89,84,25,26,72,131,80,130,35,93,27,51,98" hai3="75,106,50,48,133,97,116,64,16,129,120,113,61"/><T110/><D115/><U33/><E33/><V41/><F72/><W19/><G113/><T92/><D31/><U39/><E123/><V79/><REACH who="2" step="1"/><F35/><REACH who="2" ten="250,250,240,250" step="2"/><W9/><G75/><T44/><D135/><U5/><E111/><N who="0" m="42505" /><D62/><U126/><E60/><V42/><F42/><W124/><G133/><T118/><D118/><U1/><E126/><V125/><F125/><W4/><G116/><T82/><D82/><U85/><E68/><V28/><F28/><W58/><G124/><T49/><D49/><U86/><E70/><V11/><F11/><W119/><G119/><T69/><D69/><U122/><E37/><V21/><F21/><W23/><G120/><T99/><D7/><U90/><E39/><V83/><F83/><W87/><G4/><T55/><D55/><U134/><E134/><V38/><F38/><W56/><G61/><T121/><D121/><U117/><E122/><V24/><N who="2" m="6144" /><DORA hai="47" /><V53/><F53/><W12/><G9/><T77/><D77/><U13/><E117/><V107/><F107/><W104/><G106/><N who="0" m="63775" /><D14/><U132/><E132/><V128/><F128/><W112/><G129/><T8/><D8/><N who="1" m="2095" /><E13/><V81/><F81/><W66/><G112/><T29/><D29/><U76/><E76/><V10/><F10/><W32/><G32/><T2/><D2/><U108/><E108/><V127/><F127/><W15/><G23/><T43/><D43/><U71/><E20/><V105/><F105/><W114/><G104/><T57/><D57/><U96/><E71/><V78/><F78/><W0/><G114/><T63/><D63/><U34/><E59/><RYUUKYOKU ba="0,1" sc="250,15,250,-15,240,15,250,-15" hai0="44,45,46,91,92,102,103" hai2="41,51,79,80,84,89,93,98,130,131" /><INIT seed="0,1,1,0,0,65" ten="265,235,255,235" oya="0" hai0="98,16,116,44,113,45,119,37,90,3,107,115,19" hai1="87,69,59,36,86,121,13,103,112,22,28,26,68" hai2="84,48,134,100,17,27,101,5,109,110,24,71,132" hai3="124,4,77,102,97,58,14,76,57,66,72,9,96"/><T61/><D3/><U43/><E121/><V1/><F84/><W92/><G124/><T21/><D19/><U80/><E36/><V73/><F73/><W42/><G42/><T125/><D125/><U38/><E38/><V82/><F82/><W0/><G72/><T104/><D61/><U33/><E43/><V105/><F48/><W120/><G120/><T70/><D70/><U30/><E112/><V131/><F71/><W55/><G0/><T41/><D45/><U114/><E114/><V47/><F47/><W32/><G32/><T133/><D133/><N who="2" m="51306" /><F131/><W8/><G8/><T23/><D23/><U85/><E103/><N who="2" m="39499" /><F105/><W74/><G97/><T50/><D37/><U40/><E40/><V53/><F53/><W129/><G129/><T126/><D126/><U135/><E135/><V111/><F17/><W89/><G102/><T18/><D18/><U75/><E75/><V46/><F46/><W52/><G66/><T6/><D115/><U67/><E80/><V91/><F91/><W106/><G106/><N who="0" m="40491" /><D113/><U10/><E67/><V127/><F127/><W39/><G74/><T62/><D62/><U49/><E49/><V63/><F63/><N who="3" m="36287" /><G39/><T93/><D6/><N who="1" m="3287" /><E59/><V56/><F56/><W51/><AGARI ba="1,1" hai="4,9,14,51,52,58,76,77,89,92,96" m="36287" machi="51" ten="30,2000,0" yaku="8,1,54,1" doraHai="65" who="3" fromWho="3" sc="265,-11,235,-6,255,-6,235,33" /><INIT seed="1,0,0,2,3,73" ten="254,229,249,268" oya="1" hai0="36,28,42,132,2,112,47,124,46,8,98,34,83" hai1="78,66,49,31,105,120,92,25,116,76,30,127,114" hai2="85,115,111,75,69,20,122,33,9,106,7,94,26" hai3="61,17,39,74,64,65,51,71,13,131,53,14,72"/><U57/><E114/><V12/><F122/><W93/><G131/><T63/><D112/><U90/><E116/><V96/><F115/><W5/><G39/><T15/><D124/><U102/><E120/><V99/><F75/><W56/><G65/><T54/><D132/><U23/><E127/><V70/><F33/><W35/><G35/><T37/><D2/><U130/><E130/><V104/><F104/><W43/><G43/><T45/><D36/><U110/><E110/><V50/><F50/><W16/><G5/><T52/><D98/><N who="1" m="59719" /><E105/><V91/><F111/><W21/><REACH who="3" step="1"/><G93/><REACH who="3" ten="254,229,249,258" step="2"/><T123/><D123/><U103/><E66/><V59/><F106/><W135/><G135/><T113/><D113/><U22/><E103/><V32/><F32/><W100/><G100/><T29/><D34/><U44/><E57/><V77/><F59/><W108/><G108/><T88/><D37/><U121/><E121/><V128/><F128/><W62/><G62/><T82/><D63/><U87/><E23/><AGARI ba="0,1" hai="13,14,16,17,21,23,51,53,56,61,64,71,72,74" machi="23" ten="30,12000,2" yaku="1,1,7,1,9,1,54,1,53,2" doraHai="73" doraHaiUra="107" who="3" fromWho="1" sc="254,0,229,-120,249,0,258,130" /><INIT seed="2,0,0,4,2,37" ten="254,109,249,388" oya="2" hai0="102,100,12,73,35,127,101,48,86,55,135,11,109" hai1="122,112,31,126,9,99,29,52,93,47,45,79,32" hai2="132,5,40,88,125,10,76,92,97,20,117,114,18" hai3="34,7,69,90,57,19,74,65,36,128,3,123,38"/><V78/><F117/><W13/><G74/><T107/><D73/><U133/><E112/><V106/><F114/><W46/><G69/><T134/><D35/><U1/><E126/><V108/><F125/><W27/><G90/><T130/><D127/><U89/><E133/><N who="0" m="50697" /><D130/><U66/><E122/><V44/><F132/><W81/><G19/><N who="0" m="8607" /><D109/><U75/><E32/><V25/><F106/><W104/><G81/><T120/><D120/><U77/><E66/><V14/><REACH who="2" step="1"/><F108/><REACH who="2" ten="254,109,239,388" step="2"/><W87/><G104/><T91/><D107/><U111/><E111/><V68/><F68/><W26/><G123/><T82/><D102/><U110/><E110/><V121/><F121/><W131/><G131/><T50/><D50/><AGARI ba="0,1" hai="5,10,14,18,20,25,40,44,50,76,78,88,92,97" machi="50" ten="30,12000,1" yaku="1,1,7,1,8,1,52,1,54,1,53,0" doraHai="37" doraHaiUra="30" who="2" fromWho="0" sc="254,-120,109,0,239,130,388,0" /><INIT seed="2,1,0,1,1,127" ten="134,109,369,388" oya="2" hai0="51,110,91,21,77,18,28,104,87,85,0,55,112" hai1="70,71,68,50,125,64,134,121,132,99,56,72,25" hai2="20,135,26,113,123,5,49,9,131,41,74,115,63" hai3="108,107,59,100,22,37,75,109,101,69,2,23,84"/><V46/><F123/><W39/><G75/><T82/><D104/><U120/><E72/><V130/><F74/><W7/><G69/><T102/><D110/><N who="3" m="42601" /><G84/><T31/><D102/><N who="3" m="39529" /><G107/><T58/><D0/><U47/><E99/><V78/><F78/><W79/><G79/><T35/><D35/><U117/><E25/><V133/><F63/><W61/><G7/><T129/><D129/><N who="2" m="49162" /><F113/><W11/><G11/><T88/><D112/><U36/><E125/><V106/><F106/><W13/><G2/><T15/><REACH who="0" step="1"/><D77/><REACH who="0" ten="124,109,369,388" step="2"/><U32/><E32/><V8/><F115/><W40/><G13/><T80/><AGARI ba="1,1" hai="15,18,21,28,31,51,55,58,80,82,85,87,88,91" machi="80" ten="20,12000,2" yaku="1,1,2,1,0,1,7,1,9,1,8,1,54,1,53,0" doraHai="127" doraHaiUra="34" who="0" fromWho="0" sc="124,133,109,-31,369,-61,388,-31" /><INIT seed="3,0,0,4,2,112" ten="257,78,308,357" oya="3" hai0="48,124,101,57,58,100,7,115,104,41,22,70,123" hai1="122,40,98,103,83,76,50,109,88,93,71,44,34" hai2="73,72,118,79,52,56,114,67,28,116,135,106,90" hai3="35,54,17,9,26,134,69,21,29,5,55,42,111"/><W110/><G134/><T51/><D104/><U60/><E109/><N who="3" m="41482" /><G69/><T87/><D115/><U85/><E122/><V36/><F36/><W121/><G42/><T0/><D123/><U130/><E34/><V89/><F28/><W99/><G99/><T3/><D70/><U120/><E130/><V95/><F67/><W25/><G121/><T49/><D124/><U23/><E120/><V46/><F46/><W62/><G62/><T96/><D41/><U128/><E128/><V94/><F106/><W47/><G47/><T10/><D0/><AGARI ba="0,0" hai="0,5,9,17,21,25,26,29,35,54,55" m="41482" machi="0" ten="30,2900,0" yaku="14,1,10,1" doraHai="112" who="3" fromWho="0" sc="257,-29,78,0,308,0,357,29" owari="228,-17.2,78,-42.2,308,10.8,386,48.6" /></mjloggm>