<mjloggm ver="2.3"><GO type="225" lobby="0"/><UN n0="%E5%8F%AF%E5%85%90%E9%82%A3%E7%94%B1%E5%A4%9A" n1="%E6%B8%A9%E2%98%85%E6%83%85%E2%98%85%E6%8E%AA%E2%98%85%E7%BD%AE" n2="%E3%83%97%E3%83%AC%E3%83%B4%E3%82%A1%E3%83%86%E3%82%A3" n3="%72%69%6F%75%63%68%61%6E" dan="16,16,16,17" rate="2216.09,2169.73,2105.01,2278.53" sx="F,M,F,M"/><TAIKYOKU oya="0"/><INIT seed="0,0,0,3,5,108" ten="250,250,250,250" oya="0" hai0="110,117,83,17,80,81,63,93,107,126,10,89,97" hai1="40,66,87,74,134,73,19,106,53,61,38,65,64" hai2="103,21,13,24,113,109,124,131,130,114,127,86,118" hai3="132,26,72,42,77,90,8,54,59,32,39,5,48"/><T57/><D117/><U84/><E106/><V43/><F103/><W58/><G132/><T11/><D126/><N who="2" m="48170" /><F43/><W95/><G39/><T37/><D37/><U116/><E116/><V100/><F118/><W14/><G42/><T105/><D110/><U96/><E134/><V82/><F109/><W120/><G120/><T50/><D50/><U33/><E33/><V0/><F100/><W55/><G72/><T121/><D121/><U45/><E96/><V76/><F13/><W23/><G32/><T119/><D119/><U30/><E30/><N who="2" m="17679" /><F0/><W71/><G71/><T133/><D133/><U91/><E19/><V102/><F102/><W123/><G123/><T1/><D1/><U115/><E115/><AGARI ba="0,0" hai="76,82,86,113,114,115,130,131" m="17679,48170" machi="115" ten="30,7700,0" yaku="18,1,52,3" doraHai="108" who="2" fromWho="1" sc="250,0,250,-77,250,77,250,0" /><INIT seed="1,0,0,0,4,21" ten="250,173,327,250" oya="1" hai0="49,76,124,92,23,40,16,57,89,35,106,61,18" hai1="113,65,125,87,83,134,120,117,60,64,75,13,20" hai2="108,88,99,104,6,43,135,82,54,5,12,107,122" hai3="81,28,55,58,53,119,24,8,133,129,98,123,79"/><U15/><E117/><V101/><F122/><W14/><G129/><T116/><D116/><U10/><E120/><V84/><F135/><W71/><G133/><T45/><D106/><U110/><E75/><V34/><F34/><W115/><G115/><T72/><D35/><U74/><E74/><V102/><F108/><W17/><G71/><T4/><D124/><U96/><E134/><V33/><F33/><W126/><G119/><T130/><D130/><U66/><E113/><V7/><F43/><W59/><G126/><T118/><D118/><U68/><E125/><V11/><F54/><W29/><G123/><T44/><D4/><U41/><E41/><V0/><F0/><W25/><G98/><AGARI ba="0,0" hai="5,6,7,11,12,82,84,88,98,99,101,102,104,107" machi="98" ten="40,2600,0" yaku="9,1,54,1" doraHai="21" who="2" fromWho="3" sc="250,0,173,0,327,26,250,-26" /><INIT seed="2,0,0,5,4,25" ten="250,173,353,224" oya="2" hai0="115,106,70,135,61,54,44,37,68,24,125,63,53" hai1="1,2,26,65,62,103,82,67,43,119,126,87,9" hai2="40,79,39,109,105,132,6,90,3,71,93,4,35" hai3="31,45,34,84,36,101,76,127,100,48,8,22,21"/><V95/><F71/><N who="0" m="27178" /><D106/><U73/><E119/><V128/><F105/><W75/><G127/><T59/><D24/><U91/><E126/><V0/><F35/><W81/><G36/><T69/><D125/><U123/><E123/><V17/><F128/><W18/><G75/><T72/><D72/><U133/><E73/><V47/><F132/><W120/><G120/><T13/><D13/><U74/><E74/><V78/><F109/><W104/><G34/><T57/><D115/><U55/><E133/><V56/><F56/><W111/><G111/><T33/><D33/><U20/><E43/><V41/><F17/><W94/><G104/><T27/><D27/><U112/><E112/><V124/><F124/><W98/><G101/><T85/><D85/><U129/><E129/><V29/><F47/><W83/><G81/><T66/><D135/><U5/><E103/><V77/><F39/><W89/><G31/><T23/><D23/><U15/><E1/><V114/><F78/><W88/><G8/><T38/><D44/><U116/><E2/><V16/><F16/><W49/><G22/><T42/><D42/><U58/><REACH who="1" step="1"/><E116/><REACH who="1" ten="250,163,353,224" step="2"/><V110/><F114/><W60/><G60/><AGARI ba="0,1" hai="37,38,53,54,57,59,60,61,63,66,69" m="27178" machi="60" ten="30,8000,1" yaku="35,5" doraHai="25" who="0" fromWho="3" sc="250,90,163,0,353,0,224,-80" /><INIT seed="3,0,0,4,0,6" ten="340,163,353,144" oya="3" hai0="36,128,100,24,129,86,12,125,46,47,64,109,5" hai1="77,104,4,85,17,122,96,58,51,116,62,29,50" hai2="40,84,74,108,82,35,120,133,93,107,71,32,76" hai3="119,2,28,43,92,102,1,89,103,91,80,112,105"/><W121/><G112/><T110/><D125/><U7/><E122/><V111/><F120/><W88/><G119/><T26/><D64/><U101/><E116/><V59/><F71/><W106/><G28/><T78/><D100/><N who="3" m="38441" /><G43/><N who="0" m="22887" /><D47/><U113/><E113/><V65/><F107/><N who="3" m="40971" /><G121/><T95/><D78/><U15/><E29/><V124/><F40/><W135/><G135/><T8/><D86/><U18/><E85/><V38/><F38/><W131/><G131/><N who="0" m="50251" /><D95/><U134/><E77/><V53/><F124/><W42/><G42/><T54/><D54/><U27/><E134/><V20/><F65/><W60/><G60/><T49/><D49/><U41/><E51/><N who="2" m="31167" /><F133/><W73/><G1/><T94/><D94/><N who="1" m="58519" /><E50/><V69/><F69/><W72/><G2/><T118/><D118/><U97/><E41/><V25/><F93/><W48/><G48/><T126/><D126/><U70/><E104/><V9/><F84/><N who="3" m="50183" /><G89/><T16/><D16/><U21/><E70/><V130/><F130/><W33/><G33/><T52/><D52/><N who="1" m="34119" /><E97/><AGARI ba="0,0" hai="72,73,91,92,97" m="50183,40971,38441" machi="97" ten="30,18000,2" yaku="35,5,54,1" doraHai="6" who="3" fromWho="1" sc="340,0,163,-180,353,0,144,180" owari="340,14.0,-17,-51.7,353,45.3,324,-7.6" /></mjloggm>