<mjloggm ver="2.3"><GO type="225" lobby="0"/><UN n0="%E9%89%A2%E5%B7%BB%E3%82%AC%E3%83%96" n1="%E3%81%9F%E3%81%A3%E3%81%A1%E3%82%87" n2="%E6%80%AA%E3%81%97%E3%81%99%E3%81%8E%E3%82%8B%E3%83%81%E3%83%BC" n3="%E3%81%AF%E3%82%88%E3%81%8A%E3%81%98%E3%81%95%E3%82%93" dan="16,16,16,16" rate="2071.16,2060.13,2107.29,2195.17" sx="M,M,M,M"/><TAIKYOKU oya="0"/><INIT seed="0,0,0,3,3,86" ten="250,250,250,250" oya="0" hai0="57,12,6,27,21,72,66,11,16,96,109,68,31" hai1="119,59,28,115,124,25,61,84,128,108,55,82,46" hai2="34,17,52,51,101,49,14,45,81,8,56,32,53" hai3="18,40,71,90,104,48,94,22,120,44,78,123,73"/><T133/><D72/><U23/><E119/><V1/><F1/><W111/><G104/><T77/><D133/><U83/><E108/><V121/><F121/><N who="3" m="46667" /><G71/><T35/><D109/><U41/><E128/><V91/><F101/><W89/><G94/><T7/><D77/><U135/><E124/><V114/><F114/><W93/><G93/><T130/><D130/><U29/><E115/><V2/><F2/><W110/><G110/><T126/><D126/><U76/><E135/><V95/><REACH who="2" step="1"/><F81/><REACH who="2" ten="250,250,240,250" step="2"/><N who="3" m="45263" /><G111/><T117/><D117/><U54/><E82/><V79/><F79/><W47/><G47/><T60/><D68/><U43/><E28/><V74/><F74/><W129/><G129/><T113/><D113/><U70/><E70/><V65/><F65/><W112/><G112/><T97/><REACH who="0" step="1"/><D6/><REACH who="0" ten="240,250,240,250" step="2"/><U69/><E69/><V107/><F107/><W15/><AGARI ba="0,2" hai="15,18,22,40,44,48,89,90" m="45263,46667" machi="15" ten="30,4000,0" yaku="13,1,52,2" doraHai="86" who="3" fromWho="3" sc="240,-20,250,-10,240,-10,250,60" /><INIT seed="1,0,0,5,3,31" ten="220,240,230,310" oya="1" hai0="58,19,97,125,80,48,82,55,65,25,5,16,77" hai1="66,106,22,129,54,62,94,37,14,2,113,52,9" hai2="30,10,103,13,11,118,74,27,96,26,83,59,1" hai3="121,49,8,85,60,87,91,64,23,102,28,43,90"/><U51/><E113/><V99/><F118/><W135/><G121/><T134/><D134/><U114/><E106/><V46/><F1/><W41/><G135/><T100/><D125/><U68/><E114/><V123/><F123/><W42/><G102/><T15/><D65/><U115/><E115/><V79/><F46/><W45/><G8/><T98/><D98/><U92/><E37/><V116/><F116/><W33/><G33/><T20/><D5/><U7/><E129/><V109/><F109/><W34/><G34/><T73/><D80/><U95/><REACH who="1" step="1"/><E51/><REACH who="1" ten="220,230,230,310" step="2"/><V84/><F74/><W6/><G49/><T111/><D111/><U40/><E40/><V21/><F27/><W39/><G41/><T76/><D76/><U78/><E78/><V18/><F103/><W35/><G42/><T12/><REACH who="0" step="1"/><D19/><AGARI ba="0,1" hai="2,7,9,14,19,22,52,54,62,66,68,92,94,95" machi="19" ten="40,7700,0" yaku="1,1,54,1,53,1" doraHai="31" doraHaiUra="57" who="1" fromWho="0" sc="220,-77,230,87,230,0,310,0" /><INIT seed="1,1,0,3,5,36" ten="143,317,230,310" oya="1" hai0="58,53,13,78,104,106,105,85,109,6,21,98,87" hai1="133,121,111,5,46,125,38,12,129,20,73,103,72" hai2="92,15,135,51,7,57,63,47,127,0,100,64,79" hai3="8,128,118,50,114,81,84,42,27,23,76,69,40"/><U101/><E121/><V132/><F127/><W112/><G69/><T89/><D109/><U39/><E125/><V126/><F126/><W122/><G122/><T120/><D120/><U134/><E20/><V43/><F0/><W14/><G128/><T29/><D78/><U95/><E111/><V80/><F92/><W86/><G118/><T10/><D98/><U107/><E107/><V131/><F100/><N who="1" m="38473" /><E95/><V115/><F115/><W48/><G114/><T75/><D75/><N who="1" m="28747" /><E46/><V68/><F68/><W65/><G65/><T110/><D110/><U35/><E35/><V59/><F59/><W88/><G112/><T91/><D21/><U41/><E129/><V93/><F93/><N who="3" m="54407" /><G48/><T82/><D29/><U102/><E102/><V30/><F30/><N who="3" m="17791" /><G50/><T1/><D1/><U123/><E41/><V34/><F34/><W83/><G81/><T56/><REACH who="0" step="1"/><D53/><REACH who="0" ten="133,317,230,310" step="2"/><U52/><E52/><V22/><F131/><W3/><G3/><T16/><D16/><AGARI ba="1,1" hai="8,14,16,40,42,76,83,86" m="17791,54407" machi="16" ten="30,8000,1" yaku="8,1,52,2,54,2" doraHai="36" who="3" fromWho="0" sc="133,-83,317,0,230,0,310,93" /><INIT seed="2,0,0,5,0,74" ten="50,317,230,403" oya="2" hai0="53,6,41,30,108,116,101,11,131,64,44,81,54" hai1="117,61,37,129,73,1,51,48,63,132,55,106,31" hai2="85,49,10,135,91,70,27,14,36,83,76,96,17" hai3="113,112,40,82,126,9,0,98,57,124,47,16,25"/><V28/><F36/><N who="3" m="21895" /><G57/><T5/><D108/><U26/><E106/><V43/><F135/><W100/><G82/><T67/><D131/><U8/><E73/><V84/><F70/><W22/><G9/><T107/><D116/><U94/><E129/><V93/><F43/><W105/><G0/><T90/><D30/><U134/><E117/><V71/><F49/><W79/><G79/><T99/><D67/><U7/><E37/><V88/><F71/><W130/><G130/><T69/><D64/><U122/><E48/><V87/><REACH who="2" step="1"/><F91/><REACH who="2" ten="50,317,220,403" step="2"/><W103/><G103/><T68/><D69/><U110/><E132/><V111/><F111/><W20/><G20/><AGARI ba="0,1" hai="10,14,17,20,27,28,76,83,84,85,87,88,93,96" machi="20" ten="30,12000,1" yaku="1,1,7,1,8,1,52,1,54,1,53,0" doraHai="74" doraHaiUra="102" who="2" fromWho="3" sc="50,0,317,0,220,130,403,-120" /><INIT seed="2,1,0,2,0,126" ten="50,317,350,283" oya="2" hai0="65,97,94,118,76,71,7,115,59,24,74,84,132" hai1="38,54,64,32,72,53,47,105,46,113,125,44,78" hai2="81,119,86,91,130,99,68,18,62,107,8,133,117" hai3="70,73,116,14,28,9,30,52,51,36,16,57,101"/><V114/><F114/><W106/><G116/><T41/><D94/><U89/><E105/><V134/><F68/><W0/><G70/><T122/><D84/><U12/><E113/><V29/><F29/><W40/><G73/><T93/><D93/><U100/><E32/><V83/><F62/><W2/><G36/><T129/><D97/><U39/><E100/><N who="2" m="62879" /><F18/><W20/><G40/><T60/><D76/><U48/><E12/><V108/><F8/><W104/><G104/><T112/><D59/><N who="1" m="33191" /><E125/><V109/><F130/><W103/><G106/><T1/><D60/><U96/><E64/><V13/><F83/><W111/><G111/><N who="2" m="42569" /><F13/><N who="3" m="9231" /><G0/><T42/><D65/><U75/><E54/><V49/><F49/><W34/><G2/><T135/><D1/><U82/><E38/><V58/><F58/><W85/><G34/><T80/><D115/><U4/><E39/><V50/><F50/><W33/><G33/><T123/><D112/><U127/><E127/><V79/><F79/><W23/><G85/><T26/><D122/><U6/><E78/><V27/><F27/><N who="3" m="16511" /><G30/><T25/><D123/><U56/><E82/><V121/><F121/><W10/><G10/><T110/><D80/><U15/><E15/><V87/><F86/><W45/><G57/><T63/><D26/><U69/><E72/><V43/><F43/><W120/><G120/><T19/><D25/><U21/><E75/><V128/><F128/><W17/><AGARI ba="1,0" hai="9,14,17,45,51,52,101,103" m="16511,9231" machi="17" ten="30,4000,0" yaku="8,1,54,2" doraHai="126" who="3" fromWho="3" sc="50,-11,317,-11,350,-21,283,43" /><INIT seed="3,0,0,1,3,85" ten="39,306,329,326" oya="3" hai0="66,69,62,40,74,107,3,99,45,64,124,81,48" hai1="1,73,131,36,6,98,87,120,89,18,31,15,82" hai2="126,67,123,105,111,25,129,96,55,133,104,100,37" hai3="75,112,135,121,30,29,84,101,8,51,58,7,86"/><W76/><G121/><T59/><D99/><U94/><E120/><V49/><F37/><W27/><G112/><T22/><D81/><U52/><E36/><V35/><F123/><W38/><G38/><T17/><D22/><N who="1" m="11615" /><E1/><V32/><F111/><W5/><G75/><T77/><D17/><U68/><E68/><V14/><F129/><W118/><G118/><T134/><D77/><N who="1" m="46543" /><E73/><V88/><F126/><W132/><G101/><T71/><D74/><U44/><E131/><V119/><F133/><N who="3" m="51275" /><G76/><T28/><D28/><N who="3" m="10857" /><G27/><T110/><D107/><U83/><E31/><V46/><F25/><W47/><G58/><T103/><D103/><U26/><E26/><V65/><F105/><W10/><G10/><T102/><D102/><U92/><E83/><V116/><F119/><W125/><G125/><T115/><D3/><U91/><E6/><N who="3" m="2058" /><G8/><T117/><D117/><U109/><E109/><V61/><F116/><W12/><G12/><T122/><D110/><U114/><E114/><V11/><F32/><W2/><G2/><T63/><D124/><U108/><E108/><V79/><F35/><W106/><G106/><T80/><D80/><U130/><E130/><V113/><F79/><W53/><AGARI ba="0,0" hai="47,51,53,84,86" m="2058,10857,51275" machi="53" ten="30,1500,0" yaku="20,1" doraHai="85" who="3" fromWho="3" sc="39,-5,306,-5,329,-5,326,15" owari="34,-46.6,301,-9.9,324,12.4,341,44.1" /></mjloggm>