<mjloggm ver="2.3"><GO type="225" lobby="0"/><UN n0="%E3%81%A9%E3%82%8F%E3%82%93%E3%81%94" n1="%E4%B8%89%E5%86%A0%E7%8E%8B%E3%83%BB%E5%B1%B1%E7%94%B0%E5%93%B2%E4%BA%BA" n2="%E3%81%95%E3%81%8D%E3%81%9F%E3%81%BE%E6%9E%97%E6%AA%8E" n3="%47%32%E9%BE%8D%E9%96%80" dan="16,16,16,16" rate="2215.28,2155.74,2081.68,2086.12" sx="M,M,M,M"/><TAIKYOKU oya="0"/><INIT seed="0,0,0,1,2,127" ten="250,250,250,250" oya="0" hai0="80,46,62,86,90,82,67,7,32,92,8,73,29" hai1="43,78,25,71,56,134,125,99,101,23,41,58,20" hai2="14,9,24,118,39,68,21,36,4,0,104,16,135" hai3="115,10,120,64,79,102,12,128,93,53,76,117,19"/><T112/><D112/><U35/><E71/><V11/><F104/><W114/><G117/><T97/><D73/><U91/><E35/><V52/><F68/><W63/><G120/><T17/><D17/><U42/><E125/><V105/><F105/><W61/><G115/><T1/><D46/><U126/><E126/><V47/><F135/><W55/><G114/><T49/><D49/><U26/><E78/><N who="3" m="29738" /><G128/><T40/><D40/><U54/><E134/><V77/><F77/><W6/><G6/><T84/><D29/><N who="1" m="17575" /><E101/><V65/><F65/><W22/><G10/><T100/><D32/><U124/><E54/><N who="3" m="20490" /><G64/><T132/><D132/><U122/><E122/><V27/><F118/><W75/><G75/><T98/><D98/><AGARI ba="0,0" hai="12,19,22,61,63,93,98,102" m="20490,29738" machi="98" ten="30,1000,0" yaku="8,1" doraHai="127" who="3" fromWho="0" sc="250,-10,250,0,250,0,250,10" /><INIT seed="1,0,0,5,1,16" ten="240,250,250,260" oya="1" hai0="21,29,49,39,46,10,90,95,131,128,22,62,73" hai1="133,24,129,11,105,56,19,6,80,12,14,123,52" hai2="34,2,84,69,27,47,3,1,40,78,30,41,63" hai3="103,83,88,134,15,108,76,121,5,0,26,102,23"/><U94/><E105/><V68/><F84/><N who="3" m="50207" /><G0/><T100/><D39/><U75/><E123/><V66/><F41/><W81/><G121/><T50/><D100/><U72/><E133/><V89/><F89/><W99/><G108/><T28/><D73/><U60/><E129/><N who="0" m="49737" /><D62/><U126/><E126/><V25/><F25/><W37/><G37/><T82/><D82/><U122/><E122/><V106/><F78/><W51/><G99/><N who="0" m="57847" /><D10/><U36/><E36/><N who="2" m="21895" /><F69/><W38/><G38/><T71/><D71/><U118/><E118/><V54/><F54/><W58/><G81/><T85/><D85/><U77/><E94/><V98/><F3/><W44/><G76/><T8/><D8/><U65/><E75/><V42/><F42/><N who="3" m="24983" /><G134/><T116/><D50/><U35/><E65/><V113/><F113/><W130/><G130/><T111/><D111/><U87/><E72/><V117/><F117/><W79/><G79/><T127/><D127/><U132/><E132/><V114/><F114/><W125/><G125/><T124/><D116/><U9/><E77/><V45/><F45/><W93/><G58/><T55/><D124/><U97/><E97/><V53/><F53/><W135/><G93/><T104/><D104/><U101/><E80/><V43/><F43/><W57/><G57/><T92/><D92/><U17/><E87/><V110/><F110/><W91/><G135/><T86/><D86/><U96/><E96/><V59/><F59/><W48/><G91/><T32/><D32/><U112/><E112/><V33/><F33/><W4/><G103/><AGARI ba="0,0" hai="1,2,27,30,34,63,66,68,98,103,106" m="21895" machi="103" ten="30,3900,0" yaku="25,1,33,2" doraHai="16" who="2" fromWho="3" sc="240,0,250,0,250,39,260,-39" /><INIT seed="2,0,0,1,4,66" ten="240,250,289,221" oya="2" hai0="123,75,68,85,20,102,30,9,89,42,41,122,35" hai1="43,105,24,17,133,67,130,119,13,4,61,27,80" hai2="48,134,81,10,6,69,32,26,104,135,44,98,14" hai3="78,125,37,11,0,8,117,62,116,59,124,45,115"/><V22/><F32/><W82/><G115/><T113/><D35/><U101/><E119/><V49/><F104/><W18/><G117/><T57/><D75/><U90/><E4/><V54/><F98/><W109/><G116/><T121/><D113/><U46/><E133/><N who="2" m="50699" /><F81/><W72/><G109/><T55/><D102/><U64/><E130/><V53/><F49/><W29/><G29/><T70/><D9/><U93/><E80/><V5/><F5/><W2/><G11/><T131/><D131/><U92/><E67/><V114/><F114/><W34/><G34/><T16/><D30/><U73/><E73/><V129/><F129/><W76/><G76/><T110/><D110/><U38/><E105/><V97/><F97/><W12/><G37/><T108/><D108/><U91/><E101/><V103/><F103/><W74/><G74/><T87/><D87/><U60/><E93/><V65/><F65/><W19/><G45/><T7/><D7/><U3/><E91/><V25/><F25/><W99/><G99/><T21/><D89/><U107/><E107/><V77/><F77/><W84/><G72/><T127/><D85/><U33/><E33/><V94/><F94/><W100/><G100/><T58/><D123/><U28/><E92/><V50/><F50/><W15/><G0/><T83/><D83/><U126/><E3/><V128/><F128/><W79/><G2/><T112/><D112/><U36/><E36/><V1/><F1/><W51/><G78/><T52/><D16/><U63/><E17/><N who="2" m="12623" /><F54/><N who="3" m="34167" /><G51/><T39/><D39/><N who="1" m="21887" /><E90/><V23/><F23/><N who="3" m="11719" /><G79/><T118/><D118/><RYUUKYOKU ba="0,0" sc="240,10,250,-30,289,10,221,10" hai0="20,21,41,42,52,55,57,58,68,70,121,122,127" hai2="6,10,14,44,48,53,69" hai3="8,15,19,82,84,124,125" /><INIT seed="2,1,0,4,1,96" ten="250,220,299,231" oya="2" hai0="89,42,34,47,31,44,124,14,56,128,95,11,30" hai1="108,7,130,115,37,102,120,57,6,68,12,87,129" hai2="84,134,132,121,72,13,50,81,33,80,67,65,1" hai3="39,51,105,41,82,86,119,36,35,26,29,75,59"/><V122/><F1/><W112/><G119/><T23/><D128/><N who="1" m="49259" /><E115/><V88/><F33/><W16/><G75/><T99/><D124/><U92/><E68/><V2/><F2/><W117/><G117/><T20/><D34/><U21/><E108/><V109/><F109/><W104/><G112/><T55/><D31/><U48/><E37/><V38/><F38/><W53/><G16/><N who="0" m="8287" /><D42/><U49/><E120/><V32/><F32/><W110/><G110/><T69/><D69/><U98/><E87/><N who="2" m="50279" /><F72/><W27/><G27/><N who="0" m="16743" /><D23/><U0/><E0/><V126/><F126/><W28/><G28/><T103/><D89/><U45/><E21/><V97/><F13/><W133/><G36/><T61/><AGARI ba="1,0" hai="44,47,55,56,61,95,99,103" m="16743,8287" machi="61" ten="30,4000,0" yaku="8,1,52,1,54,1" doraHai="96" who="0" fromWho="0" sc="250,43,220,-11,299,-21,231,-11" /><INIT seed="3,0,0,4,0,87" ten="293,209,278,220" oya="3" hai0="17,68,25,36,94,90,128,77,39,40,134,49,102" hai1="22,13,116,120,67,31,16,132,15,56,133,79,45" hai2="89,72,34,2,28,43,10,41,117,118,14,66,21" hai3="123,75,81,4,130,9,91,62,73,129,124,122,8"/><W82/><G62/><T109/><D68/><U99/><E120/><N who="3" m="46122" /><G4/><T101/><D109/><U108/><E108/><V76/><F66/><W20/><G20/><T26/><D134/><N who="1" m="51819" /><E116/><V86/><F34/><W74/><G124/><T104/><D104/><U35/><E79/><V95/><F2/><W100/><G100/><N who="0" m="38507" /><D36/><U18/><E99/><V3/><F3/><W23/><G23/><T93/><D128/><N who="3" m="49257" /><G91/><T71/><D39/><U85/><E85/><V115/><F21/><W30/><G30/><T105/><D71/><U29/><E35/><V24/><F28/><N who="1" m="10825" /><E45/><V83/><F24/><W119/><G119/><T135/><D26/><N who="1" m="14663" /><E18/><N who="2" m="8535" /><F118/><W61/><G61/><AGARI ba="0,0" hai="13,15,56,61,67" m="14663,10825,51819" machi="61" ten="30,2000,0" yaku="20,1,54,1" doraHai="87" who="1" fromWho="3" sc="293,0,209,20,278,0,220,-20" /><INIT seed="4,0,0,1,4,51" ten="293,229,278,200" oya="0" hai0="35,86,95,40,32,45,133,34,62,11,28,14,26" hai1="15,69,87,90,53,113,106,20,39,134,118,132,99" hai2="61,33,41,6,18,23,122,50,70,84,88,3,67" hai3="58,43,48,117,29,5,109,81,1,38,75,79,108"/><T63/><D133/><N who="1" m="51307" /><E39/><V127/><F127/><W16/><G117/><T115/><D115/><U103/><E69/><V124/><F124/><W85/><BYE who="2" /><G29/><T56/><D86/><UN n2="%E3%81%95%E3%81%8D%E3%81%9F%E3%81%BE%E6%9E%97%E6%AA%8E" /><U73/><E73/><V44/><F122/><W10/><G85/><T123/><D95/><U130/><E130/><V4/><F33/><W42/><G42/><T31/><D123/><U78/><E118/><V105/><F105/><W119/><G119/><T17/><D63/><U59/><E78/><V77/><F77/><W97/><G97/><T19/><D19/><N who="1" m="10367" /><E113/><V27/><REACH who="2" step="1"/><F3/><REACH who="2" ten="293,229,268,200" step="2"/><W76/><G76/><T104/><D104/><U128/><E128/><V0/><F0/><W21/><G48/><T116/><D116/><U94/><E59/><V30/><F30/><W126/><G58/><T37/><D31/><U100/><E100/><V125/><F125/><W98/><G126/><T131/><D131/><U121/><E121/><V91/><F91/><W111/><G98/><T107/><D107/><U2/><E2/><V55/><F55/><AGARI ba="0,1" hai="11,14,17,26,28,32,34,35,37,40,45,55,56,62" machi="55" ten="30,2900,0" yaku="7,1,52,1" doraHai="51" who="0" fromWho="2" sc="293,39,229,0,268,-29,200,0" /><AGARI ba="0,0" hai="53,55,87,90,94,99,103,106" m="10367,51307" machi="55" ten="30,3900,0" yaku="20,1,52,2" doraHai="51" who="1" fromWho="2" sc="332,0,229,39,239,-39,200,0" owari="332,43.2,268,6.8,200,-20.0,200,-30.0" /></mjloggm>