<mjloggm ver="2.3"><GO type="225" lobby="0"/><UN n0="%E6%B4%BE%E9%81%A3%E3%81%AE%E3%82%B8%E3%83%A3%E3%83%83%E3%82%AF" n1="%E3%83%AD%E3%83%83%E3%83%86%E9%9B%80%E7%90%83" n2="%E3%83%9E%E3%83%AB%E3%83%9E%E3%83%AB%E3%81%A1%E3%82%83%E3%82%93" n3="%33%74%72%65%65" dan="17,16,16,16" rate="2222.95,2176.99,2048.54,2156.04" sx="M,M,M,F"/><TAIKYOKU oya="0"/><INIT seed="0,0,0,4,1,9" ten="250,250,250,250" oya="0" hai0="11,117,49,114,71,85,59,86,39,108,61,116,65" hai1="92,18,83,54,10,90,74,60,8,101,79,58,24" hai2="48,52,50,40,13,126,27,69,42,23,63,115,73" hai3="131,34,132,95,89,68,80,45,110,104,28,32,25"/><T36/><D114/><U94/><E101/><V93/><F73/><W105/><G110/><T0/><D108/><U119/><E119/><V87/><F115/><W22/><G131/><T55/><D85/><U51/><E94/><V30/><F126/><W33/><G132/><T7/><REACH who="0" step="1"/><D86/><REACH who="0" ten="240,250,250,250" step="2"/><U102/><E74/><V124/><F124/><W127/><G127/><T2/><D2/><U130/><E130/><V107/><F107/><W75/><G105/><T78/><D78/><U134/><E79/><V57/><F69/><W3/><G3/><T47/><D47/><U118/><E134/><V14/><F87/><W96/><G104/><T12/><D12/><N who="2" m="4714" /><F93/><W64/><G45/><T17/><D17/><U1/><E18/><V44/><F50/><W62/><G75/><T38/><AGARI ba="0,1" hai="0,7,11,36,38,39,49,55,59,61,65,71,116,117" machi="38" ten="30,3000,0" yaku="1,1,0,1,53,0" doraHai="9" doraHaiUra="21" who="0" fromWho="0" sc="240,40,250,-10,250,-10,250,-10" /><INIT seed="0,1,0,4,4,36" ten="280,240,240,240" oya="0" hai0="116,115,2,25,68,130,120,46,17,37,90,78,75" hai1="109,106,12,54,26,28,79,9,0,66,118,39,42" hai2="134,84,16,126,82,27,117,52,61,59,93,64,4" hai3="133,56,22,86,63,88,114,100,30,14,107,24,128"/><T135/><RYUUKYOKU type="yao9" ba="1,0" sc="280,0,240,0,240,0,240,0" hai0="2,17,25,37,46,68,75,78,90,115,116,120,130,135" /><INIT seed="0,2,0,0,1,3" ten="280,240,240,240" oya="0" hai0="98,90,30,22,53,94,68,73,67,125,108,128,82" hai1="31,104,37,7,19,14,25,121,119,39,35,51,77" hai2="21,93,0,12,88,18,126,102,91,41,60,129,4" hai3="11,40,70,66,2,46,71,63,65,5,33,6,89"/><T8/><D125/><U55/><E119/><V38/><F126/><W111/><G111/><T132/><D132/><U52/><E121/><V118/><F118/><W36/><G89/><T115/><D115/><U44/><E104/><V26/><F129/><W54/><G54/><T20/><D128/><U92/><E77/><V103/><F0/><W79/><G79/><T9/><D108/><U84/><E7/><V135/><F135/><W116/><G116/><T64/><D53/><U34/><E34/><V80/><F38/><W59/><G33/><T1/><D68/><U123/><E123/><V27/><F41/><W81/><G81/><T85/><D73/><U62/><E92/><V105/><F27/><W101/><G6/><T87/><D87/><U69/><E84/><N who="2" m="50183" /><F105/><W29/><G29/><T13/><D1/><U32/><E32/><V74/><F60/><W28/><G28/><T47/><D30/><U131/><E131/><V95/><F95/><W58/><G101/><T49/><D94/><U106/><E106/><V122/><F74/><W42/><G42/><N who="0" m="24823" /><D98/><U120/><E120/><V100/><F122/><W56/><G70/><T134/><D134/><U113/><E113/><V10/><F102/><W75/><G75/><T86/><D86/><AGARI ba="2,0" hai="4,10,12,18,21,26,86,91,93,100,103" m="50183" machi="86" ten="30,3900,0" yaku="8,1,52,1,54,1" doraHai="3" who="2" fromWho="0" sc="280,-45,240,0,240,45,240,0" /><INIT seed="1,0,0,1,1,21" ten="235,240,285,240" oya="1" hai0="124,115,86,24,61,96,105,88,47,120,72,111,107" hai1="33,34,62,85,58,109,128,57,93,16,23,36,130" hai2="20,52,42,102,83,131,0,82,50,44,37,12,31" hai3="27,3,67,98,104,99,110,92,19,76,125,106,127"/><U6/><E36/><V84/><F0/><W100/><G3/><T77/><D115/><U71/><E71/><V78/><F131/><N who="1" m="50217" /><E6/><V132/><F132/><W114/><G67/><T122/><D111/><U108/><E93/><V117/><F117/><W103/><G110/><N who="1" m="42602" /><E85/><V129/><F129/><W2/><G2/><T134/><D134/><U32/><E62/><V121/><F121/><N who="0" m="46698" /><D124/><U80/><E80/><V8/><F102/><W135/><G135/><T4/><D61/><U89/><E89/><V41/><F83/><W126/><G114/><T116/><D4/><U64/><E64/><V30/><F37/><W69/><G69/><T123/><N who="0" m="46706" /><T25/><DORA hai="11" /><D116/><U35/><N who="1" m="8192" /><DORA hai="46" /><U74/><E74/><V1/><F1/><W26/><G92/><N who="0" m="54295" /><D72/><U118/><E118/><V28/><REACH who="2" step="1"/><F20/><REACH who="2" ten="235,240,275,240" step="2"/><W10/><G76/><T65/><D77/><U81/><E81/><V9/><F9/><W56/><G10/><T113/><D113/><U17/><E23/><V43/><F43/><W53/><REACH who="3" step="1"/><G19/><AGARI ba="0,1" hai="16,17,19,57,58" m="8192,42602,50217" machi="19" ten="70,18000,2" yaku="28,2,19,1,14,1,10,1,54,1" doraHai="21,11,46" who="1" fromWho="3" sc="235,0,240,190,275,0,240,-180" /><AGARI ba="0,0" hai="8,12,19,28,30,31,41,42,44,50,52,78,82,84" machi="19" ten="40,16000,3" yaku="1,1,8,1,52,2,54,1,53,3" doraHai="21,11,46" doraHaiUra="13,14,79" who="2" fromWho="3" sc="235,0,430,0,275,160,60,-160" owari="235,-16.5,430,23.0,435,53.5,-100,-60.0" /></mjloggm>