<mjloggm ver="2.3"><GO type="225" lobby="0"/><UN n0="%E6%97%A5%E6%9B%9C%E6%97%A5%E3%82%88%E3%82%8A%E3%81%AE%E4%BD%BF%E8%80%85" n1="%E6%80%AA%E3%81%97%E3%81%99%E3%81%8E%E3%82%8B%E3%83%81%E3%83%BC" n2="%72%61%6B%33" n3="%E3%81%82%E3%82%93%E3%81%AA%E3%81%A4" dan="17,16,17,16" rate="2159.75,2166.03,2277.38,2155.67" sx="M,M,M,M"/><TAIKYOKU oya="0"/><INIT seed="0,0,0,3,5,38" ten="250,250,250,250" oya="0" hai0="43,29,0,121,32,71,30,127,27,120,16,48,13" hai1="24,15,59,57,123,4,12,31,69,37,125,132,80" hai2="19,22,10,2,87,42,55,86,100,134,45,113,68" hai3="133,3,47,66,112,116,40,28,109,61,117,18,58"/><T124/><D71/><U34/><E69/><V65/><F113/><W107/><G3/><T67/><D67/><U7/><E123/><V84/><F134/><W115/><G107/><T51/><D51/><U17/><E132/><V33/><F33/><W96/><G18/><T99/><D99/><U95/><E125/><N who="0" m="48201" /><D0/><U106/><E106/><V103/><F55/><W135/><G96/><T70/><D70/><U79/><E37/><V122/><F122/><N who="0" m="47210" /><D30/><U14/><E95/><V60/><F2/><W73/><G28/><T82/><D82/><U6/><REACH who="1" step="1"/><E17/><REACH who="1" ten="250,240,250,250" step="2"/><V78/><F19/><W49/><G133/><T129/><D129/><U53/><E53/><V72/><F68/><W126/><G126/><T23/><D48/><U74/><AGARI ba="0,1" hai="4,6,7,12,14,15,24,31,34,57,59,74,79,80" machi="74" ten="30,2000,0" yaku="1,1,0,1,53,0" doraHai="38" doraHaiUra="118" who="1" fromWho="1" sc="250,-10,240,30,250,-5,250,-5" /><INIT seed="1,0,0,0,4,30" ten="240,270,245,245" oya="1" hai0="89,125,81,39,134,100,4,75,112,94,131,45,109" hai1="76,114,14,36,34,52,28,40,80,31,13,26,91" hai2="21,116,83,0,77,61,135,108,47,10,33,7,130" hai3="11,107,5,37,9,55,56,101,123,35,27,102,69"/><U17/><E114/><V128/><F116/><W51/><G123/><T93/><D4/><U43/><E28/><V120/><F120/><W126/><G37/><T53/><D112/><U41/><E91/><V118/><F118/><W63/><G126/><T129/><D125/><U98/><E98/><V78/><F108/><W20/><G107/><T59/><D109/><U96/><E96/><V25/><F135/><W16/><G35/><T57/><D134/><U68/><E68/><V106/><F106/><W99/><G99/><T105/><D105/><U46/><E52/><V18/><F61/><W6/><G69/><T86/><D100/><N who="3" m="38505" /><G63/><T66/><D66/><U24/><E24/><V19/><F47/><W64/><G64/><T103/><D103/><U132/><E14/><V119/><F119/><W15/><G11/><T22/><D22/><U2/><E2/><V95/><F95/><N who="0" m="36362" /><D75/><U60/><E60/><V92/><F92/><W127/><G127/><T58/><D39/><U117/><E132/><V65/><F65/><W73/><G73/><T62/><D45/><U42/><E117/><V48/><F48/><W44/><G44/><T38/><D38/><U85/><REACH who="1" step="1"/><E43/><REACH who="1" ten="240,260,245,245" step="2"/><V111/><F111/><W115/><G115/><T12/><D12/><U23/><AGARI ba="0,1" hai="13,17,23,26,31,34,36,40,41,42,46,76,80,85" machi="23" ten="20,18000,2" yaku="1,1,2,1,0,1,7,1,52,1,53,1" doraHai="30" doraHaiUra="82" who="1" fromWho="1" sc="240,-60,260,190,245,-60,245,-60" /><INIT seed="1,1,0,4,1,132" ten="180,450,185,185" oya="1" hai0="93,91,19,49,39,124,54,63,47,2,72,78,31" hai1="37,3,70,35,120,64,33,41,4,8,21,127,44" hai2="9,95,24,83,17,62,85,40,57,131,90,56,113" hai3="12,128,116,48,34,14,18,110,0,101,38,121,45"/><U77/><E127/><V115/><F131/><W126/><G34/><T29/><D2/><U100/><E120/><V87/><F40/><W61/><G0/><T46/><D124/><U73/><E21/><V88/><F24/><W60/><G38/><T89/><D72/><U119/><E100/><V26/><F26/><W10/><G121/><T105/><D105/><U28/><E28/><V74/><F74/><W111/><G126/><T135/><D135/><U22/><E22/><V5/><F17/><N who="3" m="8343" /><G101/><T103/><D78/><U66/><E119/><V112/><REACH who="2" step="1"/><F62/><REACH who="2" ten="180,450,175,185" step="2"/><W75/><G75/><T52/><D63/><N who="1" m="40223" /><E66/><V30/><F30/><W25/><G25/><T81/><D31/><U59/><E59/><V99/><F99/><W13/><G128/><T6/><D29/><U11/><E11/><V20/><F20/><W23/><G116/><T67/><D67/><U94/><E94/><V130/><F130/><W118/><G118/><T50/><D19/><U102/><E102/><V98/><F98/><W68/><G61/><T84/><D6/><U82/><AGARI ba="1,1" hai="3,4,8,33,35,37,41,44,73,77,82" m="40223" machi="82" ten="30,6000,0" yaku="25,1,33,2" doraHai="132" who="1" fromWho="1" sc="180,-21,450,73,175,-21,185,-21" /><INIT seed="1,2,0,1,1,108" ten="159,523,154,164" oya="1" hai0="45,131,62,36,58,54,120,114,94,17,24,82,98" hai1="132,7,107,134,2,50,25,14,81,97,9,78,122" hai2="56,71,68,29,100,106,10,22,87,42,19,103,79" hai3="60,63,75,35,73,76,104,5,119,18,65,90,59"/><U27/><E122/><V41/><F29/><W86/><G104/><T118/><D118/><U66/><E2/><V15/><F71/><W99/><G35/><T13/><D120/><U128/><E128/><V121/><F68/><W67/><G119/><T84/><D131/><U40/><E66/><V88/><F121/><W95/><G5/><T102/><D114/><U32/><E97/><V57/><F79/><W96/><G18/><T55/><D24/><U127/><E107/><V48/><F106/><W110/><G110/><T105/><D105/><U51/><E127/><V83/><F10/><W53/><G53/><N who="0" m="34127" /><D45/><N who="1" m="25895" /><E51/><V85/><F85/><W44/><G44/><T43/><D43/><N who="2" m="16394" /><F48/><W135/><G135/><N who="1" m="51754" /><E32/><V111/><F111/><W28/><G99/><T115/><D36/><U46/><E46/><V8/><F8/><W125/><G96/><T133/><D133/><U26/><E26/><V77/><F77/><W20/><G76/><N who="0" m="46151" /><D115/><U64/><E64/><V124/><F124/><W117/><G125/><T113/><D113/><U21/><E21/><AGARI ba="2,0" hai="13,17,21,54,55,94,98,102" m="46151,34127" machi="21" ten="30,1000,0" yaku="8,1" doraHai="108" who="0" fromWho="1" sc="159,16,523,-16,154,0,164,0" /><INIT seed="2,0,0,4,2,36" ten="175,507,154,164" oya="2" hai0="68,97,7,106,89,66,76,96,53,108,34,32,50" hai1="73,118,123,25,84,65,1,82,15,30,87,88,40" hai2="14,134,71,57,49,23,43,16,41,92,83,115,102" hai3="110,38,27,70,64,72,77,11,124,107,60,28,54"/><V4/><F71/><W99/><G110/><T5/><D76/><U52/><E118/><V45/><F115/><W98/><G124/><T0/><D66/><U116/><E1/><V67/><F134/><W78/><G99/><T130/><D68/><U125/><E73/><V9/><F83/><N who="3" m="45479" /><G54/><T2/><D106/><U131/><E116/><V6/><F43/><W55/><G55/><T8/><D53/><U113/><E131/><V100/><F92/><W22/><G11/><T31/><D8/><U93/><E125/><V117/><F117/><W19/><G19/><T80/><D50/><U58/><E65/><V101/><REACH who="2" step="1"/><F9/><REACH who="2" ten="175,507,144,164" step="2"/><W39/><G38/><T119/><D119/><U95/><E40/><V21/><F21/><W121/><G39/><T61/><D80/><U132/><E132/><V17/><F17/><W48/><G22/><T114/><D130/><U24/><E113/><V135/><F135/><W26/><G70/><T128/><D114/><U74/><E95/><V56/><F56/><W103/><G107/><T20/><D128/><U63/><E93/><V122/><F122/><W129/><G121/><T10/><D20/><U69/><E123/><V126/><F126/><W111/><G129/><T18/><D18/><U109/><E69/><V104/><F104/><N who="3" m="63607" /><G111/><T42/><D10/><U59/><E82/><V133/><F133/><W79/><G28/><T44/><D108/><U47/><E30/><V112/><F112/><W35/><G35/><T33/><D33/><U91/><E109/><V29/><F29/><W120/><G120/><T86/><D34/><U3/><E58/><RYUUKYOKU ba="0,1" sc="175,-10,507,-10,144,30,164,-10" hai2="4,6,14,16,23,41,45,49,57,67,100,101,102" /><INIT seed="2,1,1,2,4,50" ten="165,497,174,154" oya="2" hai0="120,3,124,53,116,13,66,98,61,9,112,10,59" hai1="85,46,110,67,69,81,26,62,2,4,86,27,79" hai2="22,55,75,42,109,68,119,39,96,6,127,99,108" hai3="73,32,101,64,97,77,0,52,82,93,90,57,49"/><V43/><F119/><W104/><G32/><T78/><D112/><U102/><E110/><N who="2" m="42603" /><F68/><W134/><G134/><T83/><D120/><U117/><E117/><V131/><F127/><W94/><G0/><T89/><D116/><U114/><E114/><V106/><F131/><W48/><G64/><T105/><D124/><U20/><E102/><N who="2" m="62791" /><F75/><W130/><G130/><T70/><D3/><U5/><E2/><V72/><F72/><W135/><G135/><T103/><D89/><U58/><E85/><V111/><N who="2" m="42611" /><V63/><DORA hai="28" /><F6/><W60/><G94/><T36/><D36/><U37/><E69/><V47/><F42/><W38/><G38/><T125/><D125/><U107/><E107/><V11/><F11/><W76/><REACH who="3" step="1"/><G77/><REACH who="3" ten="165,497,174,144" step="2"/><T19/><D70/><U14/><E79/><V56/><F99/><AGARI ba="1,2" hai="48,49,52,57,60,73,76,82,90,93,97,99,101,104" machi="99" ten="30,12000,2" yaku="1,1,2,1,7,1,52,1,54,1,53,1" doraHai="50,28" doraHaiUra="54,132" who="3" fromWho="2" sc="165,0,497,0,174,-123,144,143" /><INIT seed="3,0,0,3,1,50" ten="165,497,51,287" oya="3" hai0="54,130,60,101,35,70,121,77,131,53,19,12,66" hai1="68,44,89,100,24,59,107,104,33,108,32,103,31" hai2="117,65,118,40,13,16,46,47,26,106,63,42,83" hai3="67,58,18,81,80,27,134,49,2,119,97,25,22"/><W79/><G119/><T15/><D121/><U64/><E108/><V29/><F106/><W105/><G2/><T125/><D125/><U110/><E110/><V34/><F83/><W7/><G7/><T93/><D35/><U124/><E124/><V28/><F28/><W1/><G1/><T55/><D77/><U94/><E59/><V5/><F5/><W91/><G134/><T71/><D71/><U132/><E44/><V43/><F47/><W69/><G69/><T82/><D82/><U48/><E48/><V38/><F118/><W72/><G27/><T113/><D113/><U36/><E36/><V6/><F6/><W99/><G105/><T10/><D101/><U62/><E33/><V57/><REACH who="2" step="1"/><F117/><REACH who="2" ten="165,497,41,287" step="2"/><W85/><G81/><T126/><D126/><U37/><E37/><V75/><F75/><W95/><G72/><T122/><D122/><U20/><E132/><V128/><F128/><W39/><G80/><T109/><D109/><U111/><E111/><V61/><F61/><W92/><G95/><T76/><D93/><U21/><E103/><V4/><F4/><W23/><G92/><T90/><D131/><U120/><E120/><V88/><F88/><W115/><G91/><T56/><D130/><U135/><E135/><V116/><F116/><W73/><G115/><T133/><D133/><U86/><E104/><V51/><F51/><W45/><G49/><T78/><D90/><U123/><E123/><V14/><F14/><W11/><G45/><T114/><D15/><U8/><E8/><V52/><F52/><W129/><G11/><T17/><D114/><RYUUKYOKU ba="0,1" sc="165,-15,497,15,41,15,287,-15" hai1="20,21,24,31,32,62,64,68,86,89,94,100,107" hai2="13,16,26,29,34,38,40,42,43,46,57,63,65" owari="150,-25.0,522,62.2,56,-44.4,272,7.2" /></mjloggm>