<mjloggm ver="2.3"><GO type="225" lobby="0"/><UN n0="%E3%81%82%E3%81%99%E3%81%AB%E3%82%83%E3%82%80" n1="%E5%A4%96%E5%B7%9D%E7%AB%9C%E6%88%90" n2="%E3%81%86%E3%83%BC%E3%81%B1%E3%83%BC" n3="%E3%81%BF%E3%81%BF%E3%81%9A" dan="16,16,16,16" rate="2110.89,2155.80,2146.59,2172.13" sx="F,M,F,M"/><TAIKYOKU oya="0"/><INIT seed="0,0,0,2,5,50" ten="250,250,250,250" oya="0" hai0="97,108,123,41,30,115,11,128,0,76,132,70,74" hai1="2,19,52,53,110,39,130,84,121,71,20,92,25" hai2="44,75,43,5,91,46,131,106,56,85,125,22,57" hai3="101,17,35,126,117,72,122,34,7,31,26,66,42"/><T86/><D70/><U129/><E121/><V79/><F106/><W60/><G117/><T133/><D123/><U47/><E71/><V109/><F109/><W135/><G72/><T105/><D115/><U102/><E2/><V100/><F100/><W124/><G122/><T64/><D64/><U29/><E110/><V1/><F131/><N who="1" m="50185" /><E29/><V99/><F99/><W67/><G135/><N who="0" m="51787" /><D108/><U28/><E28/><V51/><F125/><N who="3" m="48235" /><G101/><N who="0" m="62639" /><D41/><N who="1" m="22975" /><E102/><V116/><F43/><W118/><G118/><T78/><D30/><U111/><E111/><V119/><F119/><W82/><G42/><T12/><D0/><U69/><E69/><V3/><F1/><W59/><G35/><T81/><D128/><U16/><E19/><V89/><F116/><W40/><G7/><N who="0" m="3199" /><D74/><U114/><E114/><V112/><F75/><W24/><G40/><T49/><D49/><U15/><E15/><V107/><F51/><W88/><G24/><T127/><D127/><U13/><E13/><V94/><F3/><W37/><G37/><T18/><D18/><U4/><E4/><V58/><F5/><W68/><G17/><T33/><D33/><U9/><E9/><V62/><F112/><W14/><G14/><T96/><D96/><U48/><E48/><V8/><F8/><W134/><G134/><T80/><D80/><U10/><E10/><V65/><F22/><W38/><G38/><T73/><D73/><U120/><E120/><V87/><F107/><W104/><G104/><T36/><D36/><U98/><E98/><V21/><F21/><W45/><G68/><T61/><D61/><U63/><E63/><RYUUKYOKU ba="0,0" sc="250,15,250,15,250,-15,250,-15" hai0="76,78,81,86" hai1="16,20,25,52,53,84,92" /><INIT seed="0,1,0,4,0,38" ten="265,265,235,235" oya="0" hai0="40,42,128,101,36,134,28,44,85,55,76,83,13" hai1="113,2,50,16,9,43,21,132,24,45,89,110,78" hai2="79,0,64,92,5,12,52,61,131,111,77,62,26" hai3="129,91,33,65,122,47,104,107,68,39,67,69,49"/><T130/><D134/><U80/><E132/><V37/><F0/><W72/><G91/><T60/><D28/><U14/><E110/><V56/><F111/><W22/><G22/><T81/><D101/><U115/><E89/><V123/><F123/><W30/><G49/><N who="0" m="29095" /><D36/><U121/><E2/><V94/><F37/><W95/><G95/><N who="2" m="36393" /><F131/><N who="0" m="50218" /><D60/><N who="2" m="23146" /><F26/><N who="3" m="18647" /><G65/><T46/><D46/><U84/><REACH who="1" step="1"/><E121/><REACH who="1" ten="265,255,235,235" step="2"/><V103/><F103/><W90/><G129/><T88/><D13/><U86/><E86/><AGARI ba="1,1" hai="40,42,76,81,83,85,86,88" m="50218,29095" machi="86" ten="30,11600,0" yaku="19,1,52,2,54,1" doraHai="38" who="0" fromWho="1" sc="265,129,255,-119,235,0,235,0" /><INIT seed="0,2,0,1,5,51" ten="394,136,235,235" oya="0" hai0="85,66,101,75,111,79,32,93,129,91,19,34,35" hai1="58,18,105,29,4,27,115,78,31,103,74,118,77" hai2="99,26,56,15,110,24,88,36,42,86,104,5,119" hai3="80,59,100,109,25,45,2,123,90,92,48,9,81"/><T113/><D113/><U133/><E118/><V131/><F110/><W7/><G109/><T117/><D111/><U61/><E115/><V21/><F131/><W127/><G127/><T33/><D117/><U70/><E70/><V114/><F114/><W16/><G123/><T132/><D129/><U40/><E133/><V55/><F119/><W96/><G59/><T122/><D122/><U125/><E125/><V3/><F3/><W108/><G108/><T50/><D132/><U60/><E40/><V87/><F36/><W13/><G100/><T57/><D101/><U28/><E103/><V47/><F104/><W12/><G25/><N who="2" m="9833" /><F47/><W116/><G2/><T11/><D79/><U84/><E74/><V17/><F5/><W54/><G116/><T128/><D75/><U134/><E4/><V0/><F42/><W49/><G49/><T82/><D128/><U95/><E105/><V38/><F38/><W67/><G67/><T53/><D66/><N who="1" m="39191" /><E61/><N who="2" m="35999" /><F0/><W135/><REACH who="3" step="1"/><G135/><REACH who="3" ten="394,136,235,225" step="2"/><T30/><D57/><U22/><E134/><V72/><F72/><W1/><G1/><T43/><D50/><U126/><E126/><V130/><F130/><W98/><G98/><T8/><D43/><U37/><E37/><V39/><F39/><W97/><G97/><T20/><D35/><U14/><E27/><V46/><F46/><W71/><G71/><T76/><D34/><U124/><E124/><V68/><F68/><W62/><G62/><T41/><D33/><U102/><E102/><V52/><F99/><W10/><AGARI ba="2,1" hai="7,9,10,12,13,16,45,48,54,80,81,90,92,96" machi="10" ten="20,12000,2" yaku="1,1,0,1,7,1,8,1,52,1,54,1,53,0" doraHai="51" doraHaiUra="106" who="3" fromWho="3" sc="394,-62,136,-32,235,-32,225,136" /><INIT seed="1,0,0,0,1,26" ten="332,104,203,361" oya="1" hai0="103,57,33,51,119,12,108,128,49,122,16,135,21" hai1="28,53,101,104,20,121,96,92,73,50,22,30,17" hai2="11,32,114,126,24,83,75,42,105,1,3,94,8" hai3="93,117,80,102,131,18,90,120,100,13,86,115,123"/><U23/><E121/><N who="3" m="46666" /><G13/><T78/><D122/><U91/><E73/><V9/><F126/><W124/><G18/><T111/><D119/><U2/><E2/><V87/><F105/><W10/><G10/><T132/><D128/><U41/><E41/><V0/><F114/><W52/><G52/><N who="0" m="31887" /><D33/><U40/><E40/><V5/><F75/><W69/><G69/><T97/><D78/><U15/><E104/><V79/><F94/><W89/><G115/><T106/><D51/><U29/><REACH who="1" step="1"/><E101/><REACH who="1" ten="332,94,203,361" step="2"/><V44/><F5/><W25/><G117/><T47/><D106/><U71/><E71/><V98/><F3/><W107/><G107/><T45/><D103/><U129/><E129/><V39/><F1/><W88/><G131/><T130/><D130/><U54/><E54/><V134/><F0/><W109/><G102/><T99/><D97/><U82/><E82/><V56/><F98/><N who="3" m="59471" /><G124/><T81/><D99/><U19/><E19/><V55/><F55/><W14/><G80/><T37/><D81/><U48/><E48/><V46/><F42/><W31/><G86/><T61/><D37/><U7/><E7/><V76/><F39/><W6/><G6/><T64/><D61/><U63/><E63/><V62/><F79/><W34/><G90/><T133/><D64/><U112/><E112/><V77/><F76/><W66/><G88/><T85/><D85/><U116/><E116/><V58/><F62/><W125/><G125/><T38/><D38/><U118/><E118/><V127/><F127/><W59/><G89/><T95/><D95/><U72/><E72/><V43/><F83/><RYUUKYOKU ba="0,1" sc="332,15,94,15,203,-15,361,-15" hai0="12,16,21,45,47,108,111,132,133,135" hai1="15,17,20,22,23,28,29,30,50,53,91,92,96" /><INIT seed="1,1,1,3,3,122" ten="347,109,188,346" oya="1" hai0="86,119,57,0,68,94,20,21,103,79,29,100,42" hai1="92,81,87,121,77,85,93,109,66,88,25,65,128" hai2="124,56,112,132,43,35,40,63,90,73,98,96,14" hai3="23,51,55,84,31,41,11,131,19,72,91,49,9"/><U5/><E121/><V28/><F73/><W133/><G72/><T3/><D68/><U118/><E118/><V30/><F35/><W12/><G133/><T18/><D119/><U39/><E39/><V115/><F124/><W60/><G131/><T134/><D134/><U16/><E128/><V101/><F14/><W83/><G31/><N who="2" m="11817" /><F90/><W113/><G113/><N who="2" m="43593" /><F96/><W38/><G38/><T117/><D42/><U13/><E109/><V1/><F1/><W22/><G9/><T99/><D117/><U120/><E120/><V82/><F82/><W64/><G41/><T32/><D0/><U116/><E116/><V59/><F59/><N who="3" m="36895" /><G49/><T67/><D3/><U106/><E106/><N who="2" m="63799" /><F132/><W45/><AGARI ba="1,1" hai="11,12,19,22,23,45,51,55,83,84,91" m="36895" machi="45" ten="30,2000,0" yaku="25,1,8,1" doraHai="122" who="3" fromWho="3" sc="347,-6,109,-11,188,-6,346,33" /><INIT seed="2,0,0,2,0,41" ten="341,98,182,379" oya="2" hai0="26,36,90,62,54,19,114,57,8,119,11,74,75" hai1="134,107,86,46,130,58,18,96,124,111,73,45,59" hai2="120,60,65,126,31,84,121,53,39,33,129,89,21" hai3="101,17,72,25,37,97,106,108,9,71,2,42,15"/><V69/><F33/><W7/><G108/><T88/><D114/><U55/><E73/><V0/><F0/><W98/><G71/><T80/><D36/><U63/><E111/><V125/><F39/><W52/><G72/><T43/><D43/><U117/><E117/><V83/><F129/><W109/><G109/><T133/><D133/><U29/><E134/><V28/><F53/><W10/><G98/><T70/><D70/><U30/><E130/><V23/><F21/><W67/><G67/><T32/><D32/><U22/><E124/><V112/><F112/><W44/><G25/><T68/><D68/><U128/><E128/><V4/><F4/><W110/><G110/><T5/><D75/><U95/><E86/><V100/><F100/><W50/><G37/><T93/><D74/><U12/><E107/><V47/><F47/><N who="1" m="17929" /><E59/><V94/><F83/><W38/><G38/><T85/><D119/><U81/><E81/><V16/><F31/><W132/><G132/><T14/><D93/><U135/><E135/><V76/><F28/><W56/><G56/><T87/><D87/><U35/><E35/><V116/><F76/><W127/><REACH who="3" step="1"/><G42/><REACH who="3" ten="341,98,182,369" step="2"/><T118/><D118/><U64/><E64/><V24/><REACH who="2" step="1"/><F116/><REACH who="2" ten="341,98,172,369" step="2"/><W105/><G105/><T77/><D77/><U103/><AGARI ba="0,2" hai="12,18,22,29,30,55,58,63,95,96,103" m="17929" machi="103" ten="30,7900,0" yaku="8,1,52,3" doraHai="41" who="1" fromWho="1" sc="341,-20,98,99,172,-39,369,-20" /><INIT seed="3,0,0,5,5,116" ten="321,197,133,349" oya="3" hai0="91,51,84,95,103,85,7,40,65,82,72,106,54" hai1="80,94,6,18,15,124,101,112,36,110,96,61,45" hai2="21,4,111,0,125,8,56,39,69,135,27,108,132" hai3="28,68,79,29,97,64,26,37,53,98,57,19,93"/><W30/><G37/><T76/><D7/><U66/><E110/><N who="2" m="42027" /><F69/><W115/><G115/><T86/><D65/><U13/><E112/><V48/><F56/><W121/><G121/><T46/><D54/><U16/><E124/><V42/><F48/><W100/><G68/><T70/><D70/><U134/><E134/><N who="2" m="51243" /><F42/><W47/><G79/><T128/><D128/><U105/><E36/><V126/><F39/><W74/><G74/><T3/><D3/><U10/><E45/><V31/><AGARI ba="0,0" hai="0,4,8,21,27,31,125,126" m="51243,42027" machi="31" ten="40,8000,1" yaku="14,1,20,1,34,2" doraHai="116" who="2" fromWho="2" sc="321,-20,197,-20,133,80,349,-40" owari="301,10.1,177,-32.3,213,-18.7,309,40.9" /></mjloggm>