<mjloggm ver="2.3"><GO type="225" lobby="0"/><UN n0="%72%61%6B%33" n1="%4C%4F%4C%49%54%41" n2="%E5%8F%AF%E5%85%90%E9%82%A3%E7%94%B1%E5%A4%9A" n3="%E5%A4%96%E5%B7%9D%E7%AB%9C%E6%88%90" dan="16,16,17,16" rate="2111.85,2184.64,2217.59,2172.73" sx="M,F,F,M"/><TAIKYOKU oya="0"/><INIT seed="0,0,0,2,0,102" ten="250,250,250,250" oya="0" hai0="77,135,19,69,94,7,123,50,120,18,30,41,14" hai1="111,134,80,109,100,122,10,59,132,76,39,124,68" hai2="87,28,85,133,20,11,3,62,103,107,12,52,127" hai3="119,49,63,8,32,44,17,75,13,101,22,51,92"/><T36/><D69/><U15/><E68/><V112/><F112/><W42/><G75/><T72/><D36/><U23/><E39/><V40/><F133/><N who="1" m="51305" /><E59/><V108/><F108/><N who="1" m="41545" /><E100/><V117/><F127/><W113/><G32/><T71/><D71/><U24/><E80/><V78/><F117/><W90/><G113/><T74/><D41/><U110/><N who="1" m="41553" /><U121/><DORA hai="70" /><E124/><V128/><F128/><W9/><G119/><T86/><D50/><U21/><E76/><V27/><F78/><W16/><G101/><T45/><D77/><U60/><E60/><V46/><F62/><W79/><G79/><T104/><D45/><U5/><E23/><V57/><F57/><W82/><G82/><T38/><D38/><U88/><E88/><V114/><F114/><W1/><G63/><T89/><D89/><U54/><E54/><V105/><F103/><W66/><G66/><T26/><D74/><U97/><E97/><V29/><F52/><W67/><G67/><T129/><D72/><U4/><E5/><N who="2" m="1471" /><F46/><W0/><G51/><T106/><D7/><U31/><AGARI ba="0,0" hai="4,10,15,21,24,31,121,122" m="41553,51305" machi="31" ten="50,8000,1" yaku="20,1,14,1,34,2" doraHai="102,70" who="1" fromWho="1" sc="250,-40,250,80,250,-20,250,-20" /><INIT seed="1,0,0,1,1,31" ten="210,330,230,230" oya="1" hai0="97,64,43,132,38,120,86,39,36,76,48,7,53" hai1="57,103,24,70,77,74,108,128,41,35,131,135,101" hai2="82,84,27,114,61,16,5,134,121,52,111,83,14" hai3="107,112,92,93,62,34,99,85,104,15,58,19,102"/><U125/><E70/><V72/><F121/><W9/><G112/><T113/><D97/><U13/><E41/><V50/><F114/><W66/><REACH who="3" step="1"/><G34/><REACH who="3" ten="210,330,230,220" step="2"/><T3/><D113/><U91/><E35/><V118/><F118/><W47/><G47/><T115/><D115/><U68/><E131/><V71/><F111/><W10/><G10/><T46/><D46/><U0/><E128/><V4/><F134/><W94/><G94/><T12/><D132/><U80/><E108/><V51/><F82/><W117/><G117/><T18/><D120/><U44/><E135/><V17/><F72/><W49/><G49/><T40/><D48/><U116/><E116/><V98/><F50/><W6/><G6/><T63/><D7/><U33/><E44/><V95/><F51/><W100/><G100/><T60/><D38/><U22/><E33/><V8/><F4/><W87/><G87/><T109/><D86/><U23/><E101/><V2/><F84/><W45/><G45/><T96/><D39/><U55/><E103/><V1/><F83/><W89/><AGARI ba="0,1" hai="9,15,19,58,62,66,85,89,92,93,99,102,104,107" machi="89" ten="30,2000,0" yaku="1,1,0,1,53,0" doraHai="31" doraHaiUra="30" who="3" fromWho="3" sc="210,-5,330,-10,230,-5,220,30" /><INIT seed="2,0,0,2,5,33" ten="205,320,225,250" oya="2" hai0="116,44,3,7,122,56,42,110,90,39,41,113,132" hai1="73,64,20,129,102,83,23,80,100,29,32,30,93" hai2="79,133,72,75,105,47,18,66,25,87,71,15,92" hai3="34,26,107,77,128,60,111,78,94,121,69,101,125"/><V99/><F105/><W2/><G121/><T10/><D113/><U11/><E129/><V58/><F71/><W88/><G2/><T48/><D122/><U112/><E112/><V96/><F133/><W91/><G91/><T36/><D132/><U127/><E64/><V106/><F106/><W134/><G134/><T135/><D135/><U114/><E114/><V85/><F25/><W65/><G128/><T118/><D110/><U82/><E73/><V109/><F109/><W59/><G59/><T126/><D126/><U46/><E127/><V62/><F99/><N who="3" m="61887" /><G111/><T98/><D56/><U31/><E32/><V54/><F75/><W16/><G16/><T57/><D57/><U0/><E46/><V130/><F130/><W19/><G19/><T37/><REACH who="0" step="1"/><D41/><REACH who="0" ten="195,320,225,250" step="2"/><U21/><E30/><V53/><F66/><W123/><G123/><T84/><D84/><U74/><E29/><V5/><F72/><W67/><G65/><T70/><D70/><U108/><E31/><V95/><F85/><N who="3" m="52495" /><G125/><T45/><D45/><U124/><E124/><V1/><F47/><W43/><G43/><T104/><D104/><U55/><E108/><V40/><F40/><W9/><G69/><T27/><D27/><U103/><E74/><V28/><F28/><N who="3" m="19735" /><G67/><T61/><D61/><U52/><E55/><V120/><F120/><W22/><G60/><T97/><D97/><N who="1" m="59439" /><E52/><V8/><F54/><W115/><G115/><T13/><D13/><U12/><E12/><V49/><F62/><W35/><G35/><T119/><D119/><U50/><E0/><V17/><F1/><W76/><G22/><RYUUKYOKU ba="0,1" sc="195,15,320,-15,225,-15,250,15" hai0="3,7,10,36,37,39,42,44,48,90,98,116,118" hai3="9,76,77,78" /><INIT seed="3,1,1,1,3,41" ten="210,305,210,265" oya="3" hai0="89,110,117,57,0,64,88,81,96,76,120,43,44" hai1="127,24,15,49,131,16,66,75,59,55,19,47,63" hai2="72,29,21,113,27,36,103,7,123,90,30,26,12" hai3="18,135,6,4,35,73,108,134,8,37,92,51,133"/><W128/><G128/><T74/><D117/><U125/><E75/><V78/><F113/><W116/><G116/><T129/><D120/><U5/><E131/><V71/><F71/><W62/><G37/><T38/><D129/><U65/><E24/><V100/><F36/><W102/><G108/><T61/><D110/><U3/><E3/><V101/><F123/><W83/><G35/><T58/><D96/><U107/><E107/><V112/><F112/><W124/><G124/><N who="1" m="47690" /><E5/><V77/><F72/><W70/><G51/><T109/><D109/><U121/><E121/><V86/><F12/><N who="3" m="7431" /><G92/><T40/><D40/><N who="1" m="24807" /><E16/><V93/><REACH who="2" step="1"/><F7/><REACH who="2" ten="210,305,200,265" step="2"/><W50/><G4/><T25/><D0/><U20/><AGARI ba="1,2" hai="15,19,20,55,59,63,65,66" m="24807,47690" machi="20" ten="30,2000,0" yaku="18,1,52,1" doraHai="41" who="1" fromWho="1" sc="210,-6,305,43,200,-6,265,-11" owari="204,-19.6,348,44.8,194,-30.6,254,5.4" /></mjloggm>