<mjloggm ver="2.3"><GO type="225" lobby="0"/><UN n0="%E3%83%B4%E3%83%A0%EF%BC%99%E3%81%A6" n1="%E6%98%A5%E3%81%AE%E3%81%8B%E3%81%91%E3%82%89" n2="%E9%80%9F%E6%B0%B4%E5%87%9B%E9%A6%99" n3="%E3%81%A9%E3%82%8F%E3%82%93%E3%81%94" dan="17,16,16,16" rate="2171.35,2049.89,2131.32,2186.34" sx="M,F,F,M"/><TAIKYOKU oya="0"/><INIT seed="0,0,0,4,5,114" ten="250,250,250,250" oya="0" hai0="20,50,5,51,59,53,23,57,43,129,1,4,64" hai1="35,118,38,25,14,80,116,28,6,22,24,79,105" hai2="81,31,97,65,42,75,45,76,12,33,61,54,30" hai3="135,3,122,82,130,40,126,7,16,19,56,55,113"/><T94/><D129/><U132/><E105/><V26/><F31/><W36/><G113/><T123/><D123/><U71/><E71/><V52/><F12/><W121/><G130/><T49/><D64/><U119/><E38/><V41/><F41/><W0/><G82/><T78/><D78/><U73/><E132/><V120/><F120/><N who="3" m="46187" /><G135/><T103/><D43/><U44/><E44/><V95/><F45/><N who="3" m="23687" /><G126/><T27/><D1/><N who="3" m="585" /><G7/><N who="0" m="2635" /><D57/><U37/><E37/><V17/><F17/><W13/><G13/><T70/><D70/><U67/><E67/><V104/><F42/><W106/><G106/><T2/><D2/><U34/><REACH who="1" step="1"/><E25/><REACH who="1" ten="250,240,250,250" step="2"/><V18/><F104/><W48/><AGARI ba="0,1" hai="16,19,48,55,56" m="585,23687,46187" machi="48" ten="30,2000,0" yaku="13,1,54,1" doraHai="114" who="3" fromWho="3" sc="250,-10,240,-5,250,-5,250,30" /><INIT seed="1,0,0,3,2,121" ten="240,235,245,280" oya="1" hai0="18,45,20,72,48,47,59,11,19,122,12,119,39" hai1="97,46,9,106,7,77,50,66,107,120,115,0,103" hai2="30,80,3,52,83,67,134,51,112,105,131,88,68" hai3="100,4,70,6,92,127,25,108,55,79,129,111,10"/><U61/><E120/><V109/><F105/><W116/><G70/><T34/><D122/><U96/><E115/><V37/><F3/><W135/><G79/><T14/><D34/><U78/><E97/><V41/><F112/><W60/><G135/><T23/><D119/><U22/><E22/><V82/><F134/><W17/><G116/><T44/><D72/><U89/><E89/><V84/><F30/><W35/><G129/><T130/><D130/><U57/><REACH who="1" step="1"/><E107/><REACH who="1" ten="240,225,245,280" step="2"/><V93/><F131/><W113/><G113/><T15/><D39/><U75/><E75/><V8/><F37/><W132/><G132/><T33/><D33/><U64/><E64/><V40/><F67/><W1/><G35/><T58/><REACH who="0" step="1"/><D48/><REACH who="0" ten="230,225,245,280" step="2"/><U16/><E16/><AGARI ba="0,2" hai="11,12,14,15,16,18,19,20,23,44,45,47,58,59" machi="16" ten="40,12000,2" yaku="1,1,2,1,9,1,8,1,54,1,53,2" doraHai="121" doraHaiUra="54" who="0" fromWho="1" sc="230,140,225,-120,245,0,280,0" /><INIT seed="2,0,0,0,3,8" ten="370,105,245,280" oya="2" hai0="132,126,58,29,70,40,28,79,112,121,57,10,61" hai1="42,2,85,131,0,102,80,37,19,3,34,115,27" hai2="25,22,118,106,82,108,135,52,74,49,7,17,5" hai3="1,12,110,48,104,86,90,66,50,128,113,59,36"/><V107/><F118/><W76/><G1/><T127/><D121/><U9/><E115/><V35/><F35/><W133/><G113/><T46/><D112/><U68/><E68/><V44/><F135/><W30/><G133/><T99/><D132/><U84/><E102/><V67/><F67/><W123/><G36/><T39/><D79/><U21/><E131/><V111/><F74/><W120/><G104/><T130/><D130/><U55/><E37/><V116/><F116/><W6/><G30/><N who="0" m="11883" /><D99/><U78/><E42/><V100/><F82/><W97/><G76/><T65/><D10/><U103/><E103/><V41/><F41/><W98/><G128/><T94/><D94/><U72/><E34/><V45/><F45/><W38/><G38/><T96/><D96/><N who="3" m="36969" /><G110/><N who="2" m="42025" /><F100/><W73/><G73/><T87/><D87/><U51/><E9/><V23/><F23/><W18/><G123/><T16/><D70/><U54/><E54/><V134/><F134/><W11/><G120/><T71/><D71/><U91/><E91/><V43/><F43/><W114/><G114/><T124/><D57/><U83/><E83/><V26/><F25/><W4/><G66/><T117/><D117/><U105/><E105/><AGARI ba="0,0" hai="5,7,17,22,26,44,49,52,105,106,107" m="42025" machi="105" ten="30,5800,0" yaku="14,1,10,1,54,1" doraHai="8" who="2" fromWho="1" sc="370,0,105,-58,245,58,280,0" /><INIT seed="2,1,0,0,3,39" ten="370,47,303,280" oya="2" hai0="93,108,104,34,117,115,26,65,96,1,121,47,53" hai1="66,60,61,22,25,118,50,18,8,55,123,116,82" hai2="79,0,106,88,110,2,76,29,32,23,67,125,7" hai3="91,105,128,19,10,95,16,6,85,114,57,9,68"/><V70/><F106/><W124/><G128/><T21/><D121/><U119/><E82/><V14/><F125/><W40/><G124/><T71/><D115/><U94/><E94/><V69/><F69/><W36/><G68/><T20/><D1/><U45/><E18/><V54/><F67/><W130/><G105/><T37/><D108/><U49/><E22/><V35/><F70/><W100/><G130/><T120/><D120/><U80/><E80/><V99/><F110/><W28/><G28/><N who="0" m="19735" /><D93/><U58/><E8/><V63/><F32/><W46/><G100/><N who="0" m="62471" /><D117/><U33/><E25/><V24/><F0/><W113/><G57/><T4/><D4/><U48/><E33/><V12/><F12/><N who="3" m="5175" /><G10/><T77/><D77/><U31/><E31/><V112/><F112/><AGARI ba="1,0" hai="16,19,36,40,46,85,91,95,112,113,114" m="5175" machi="112" ten="30,3900,0" yaku="11,1,52,1,54,1" doraHai="39" who="3" fromWho="2" sc="370,0,47,0,303,-42,280,42" /><INIT seed="3,0,0,1,4,116" ten="370,47,261,322" oya="3" hai0="132,81,18,92,54,115,106,85,58,77,96,49,24" hai1="69,97,86,65,63,3,123,59,131,125,61,55,16" hai2="119,44,26,43,29,9,7,83,51,71,20,35,25" hai3="99,28,0,120,14,12,8,121,102,104,135,56,37"/><W95/><G37/><T19/><D132/><U13/><E131/><V101/><F119/><W66/><G135/><T68/><D68/><U52/><E125/><V39/><F71/><W5/><G104/><T6/><D115/><U103/><E3/><V31/><F101/><W126/><G126/><T79/><D79/><U122/><E55/><V15/><F39/><W11/><G28/><T57/><D106/><U128/><E128/><V34/><F83/><W1/><G1/><T60/><D6/><U91/><E97/><V94/><F94/><W98/><G98/><T111/><D111/><U42/><E42/><V93/><F93/><W134/><G134/><T30/><D30/><U32/><E32/><V21/><AGARI ba="0,0" hai="7,9,15,20,21,25,26,29,31,34,35,43,44,51" machi="21" ten="20,2700,0" yaku="0,1,7,1,9,1" doraHai="116" who="2" fromWho="2" sc="370,-7,47,-7,261,27,322,-13" owari="363,46.3,40,-46.0,288,-11.2,309,10.9" /></mjloggm>