<mjloggm ver="2.3"><GO type="225" lobby="0"/><UN n0="%E3%83%A9%E3%82%B9%E7%8E%87%EF%BC%93%E5%89%B2" n1="%E3%83%97%E3%83%AC%E3%83%B4%E3%82%A1%E3%83%86%E3%82%A3" n2="%E4%BE%BF%E6%89%80" n3="%E3%81%A8%E3%82%93%E3%81%A8%E3%81%93%E3%81%A8%E3%82%93" dan="16,16,16,16" rate="2177.82,2118.90,2060.50,2089.97" sx="F,F,M,M"/><TAIKYOKU oya="0"/><INIT seed="0,0,0,2,2,126" ten="250,250,250,250" oya="0" hai0="24,131,127,3,68,6,26,118,109,88,18,121,106" hai1="128,92,83,115,54,132,8,36,134,77,94,52,95" hai2="0,130,108,32,1,17,47,74,93,37,38,75,34" hai3="11,105,23,19,86,116,27,60,122,129,10,14,69"/><T91/><D118/><U81/><E36/><N who="2" m="13931" /><F47/><W73/><G73/><N who="2" m="27657" /><F93/><W42/><G105/><T31/><D127/><U33/><E33/><N who="2" m="12907" /><F17/><W49/><G116/><T13/><D121/><U89/><E8/><V97/><F97/><W4/><G122/><T39/><D39/><U43/><E43/><V80/><F80/><N who="1" m="30793" /><E77/><V112/><F112/><W40/><G19/><T123/><D123/><U50/><E50/><V100/><F100/><W65/><G49/><T102/><D102/><U25/><E25/><V82/><F82/><W111/><G40/><T99/><D99/><U67/><E67/><V114/><F114/><W98/><G42/><T85/><D26/><U101/><E101/><V76/><F76/><W84/><G27/><T57/><D24/><U15/><E15/><V119/><F119/><W41/><G14/><T124/><D13/><U35/><E35/><V56/><F56/><W107/><G65/><T12/><D12/><U28/><E115/><V51/><F51/><W64/><G64/><T79/><D79/><U21/><E89/><V104/><F104/><W96/><G107/><T58/><D106/><U133/><E128/><V66/><F66/><W63/><G129/><T20/><D131/><U135/><N who="1" m="33792" /><DORA hai="59" /><U71/><E21/><V62/><F62/><W70/><G23/><T87/><D20/><U117/><E28/><V48/><F48/><W55/><G41/><T16/><D31/><U44/><E44/><V22/><F22/><W9/><G11/><T2/><D124/><U110/><E117/><V30/><F30/><W53/><G4/><T113/><D6/><RYUUKYOKU ba="0,0" sc="250,-10,250,-10,250,-10,250,30" hai3="9,10,53,55,60,63,69,70,84,86,96,98,111" /><INIT seed="1,1,0,1,5,57" ten="240,240,240,280" oya="1" hai0="3,6,126,47,102,107,117,75,121,85,132,134,124" hai1="78,90,59,88,65,73,111,129,89,108,80,32,8" hai2="86,44,51,48,26,110,11,66,77,128,95,76,96" hai3="103,100,43,81,23,10,61,114,33,99,135,54,42"/><U133/><E32/><V19/><F110/><N who="1" m="42025" /><E8/><V55/><F128/><W72/><G33/><T115/><D6/><U21/><E21/><N who="2" m="13631" /><F66/><W17/><G114/><T34/><D47/><U9/><E9/><V16/><F86/><W46/><G135/><N who="0" m="51755" /><D34/><U39/><E133/><V40/><F11/><W118/><G10/><T45/><D45/><U29/><E29/><V13/><F13/><W35/><G103/><T120/><D3/><U106/><E39/><V122/><F16/><W12/><G46/><T27/><D27/><U60/><E106/><V56/><F122/><N who="0" m="47210" /><D115/><U41/><E41/><V31/><F31/><W63/><G43/><T83/><D75/><U68/><E129/><V71/><F71/><AGARI ba="1,0" hai="59,60,65,68,71,73,78,80,88,89,90" m="42025" machi="71" ten="30,11600,0" yaku="14,1,10,1,52,1,54,1" doraHai="57" who="1" fromWho="2" sc="240,0,240,119,240,-119,280,0" /><INIT seed="1,2,0,5,3,43" ten="240,359,121,280" oya="1" hai0="22,125,27,4,135,94,102,70,34,113,75,38,98" hai1="56,65,57,62,32,26,87,64,115,126,33,17,37" hai2="130,7,42,6,123,81,71,76,108,114,40,29,9" hai3="132,109,89,78,68,13,133,128,35,61,25,111,39"/><U74/><E115/><V120/><F71/><W47/><G89/><T100/><D113/><U21/><E74/><V8/><F114/><W20/><G78/><T131/><D131/><U41/><E126/><V121/><F130/><W92/><G92/><T52/><D125/><U105/><E105/><V103/><F29/><N who="3" m="19887" /><G13/><T119/><D135/><N who="3" m="51785" /><G20/><T99/><D119/><U93/><E93/><V124/><F124/><W79/><G79/><T110/><D110/><N who="3" m="41993" /><G128/><T18/><D75/><U31/><E87/><V58/><F108/><W48/><G39/><T116/><D38/><U15/><E33/><V129/><F129/><W49/><G47/><T55/><D34/><U118/><E118/><V46/><F103/><W5/><G5/><T54/><D116/><U69/><REACH who="1" step="1"/><E65/><AGARI ba="2,0" hai="48,49,61,65,68" m="41993,51785,19887" machi="65" ten="30,2000,0" yaku="20,1,14,1" doraHai="43" who="3" fromWho="1" sc="240,0,359,-26,121,0,280,26" /><INIT seed="2,0,0,3,1,44" ten="240,333,121,306" oya="2" hai0="36,124,27,11,99,92,120,118,46,61,32,71,9" hai1="117,23,34,58,130,122,15,66,126,33,112,77,86" hai2="105,6,24,84,113,111,59,75,26,40,42,65,30" hai3="41,16,7,60,116,49,2,74,17,45,54,28,64"/><V19/><F113/><W102/><G116/><T25/><D120/><U63/><E112/><V80/><F75/><W78/><G28/><T127/><D118/><U12/><E117/><V125/><F105/><W119/><G119/><T85/><D85/><U129/><E122/><V20/><F125/><N who="0" m="48202" /><D71/><U107/><E107/><V128/><F128/><N who="1" m="49257" /><E126/><V79/><F6/><W114/><G114/><T96/><D61/><U10/><E23/><N who="2" m="15647" /><F111/><W115/><G115/><T13/><D99/><U104/><E104/><V1/><F1/><W53/><G2/><T51/><D36/><U21/><E21/><V91/><F79/><W18/><G7/><N who="0" m="3263" /><D11/><U134/><E134/><V83/><F83/><W69/><REACH who="3" step="1"/><G102/><REACH who="3" ten="240,333,121,296" step="2"/><N who="0" m="60679" /><D32/><N who="1" m="12395" /><E10/><V121/><F121/><W35/><G35/><T29/><D29/><U101/><E101/><V73/><F73/><W70/><G70/><T95/><D95/><U68/><E68/><V89/><F89/><W98/><G98/><T94/><D94/><U67/><E86/><V88/><F91/><W50/><G50/><T135/><D135/><U87/><E87/><V37/><F37/><W39/><G39/><T0/><D0/><U100/><E100/><V72/><F72/><W109/><G109/><T22/><D22/><U43/><E77/><V123/><F123/><W8/><G8/><T52/><AGARI ba="0,1" hai="25,27,46,51,52" m="60679,3263,48202" machi="52" ten="30,4000,0" yaku="18,1,52,1,54,1" doraHai="44" who="0" fromWho="0" sc="240,50,333,-10,121,-20,296,-10" /><INIT seed="3,0,0,3,0,62" ten="290,323,101,286" oya="3" hai0="38,124,29,49,115,110,57,78,100,94,61,108,111" hai1="91,36,47,102,44,135,4,101,25,64,74,113,10" hai2="26,40,60,103,71,45,133,119,73,51,13,34,88" hai3="87,109,59,11,17,12,41,46,97,2,18,121,107"/><W63/><G121/><T118/><D38/><U69/><E113/><V32/><F119/><W6/><G109/><T77/><D118/><U43/><E135/><V93/><F73/><W8/><G87/><T84/><D115/><U56/><E47/><V54/><F133/><W37/><G107/><T58/><D124/><U120/><E120/><V53/><F103/><W104/><G104/><T7/><D7/><U23/><E74/><V123/><F123/><W129/><G129/><T134/><D134/><U79/><E79/><V99/><F13/><W9/><G97/><N who="0" m="59447" /><D29/><U33/><E33/><V112/><F112/><W72/><G72/><T1/><D1/><U39/><E39/><V82/><F82/><W22/><REACH who="3" step="1"/><G17/><REACH who="3" ten="290,323,101,276" step="2"/><T95/><D84/><U132/><E132/><V106/><F106/><W90/><G90/><T96/><D96/><U89/><E91/><V65/><REACH who="2" step="1"/><F26/><REACH who="2" ten="290,323,91,276" step="2"/><W68/><G68/><T14/><D111/><U75/><E25/><V66/><F66/><AGARI ba="0,2" hai="2,6,8,9,11,12,18,22,37,41,46,59,63,66" machi="66" ten="30,5800,0" yaku="1,1,7,1,52,1,53,0" doraHai="62" doraHaiUra="130" who="3" fromWho="2" sc="290,0,323,0,91,-58,276,78" owari="290,-11.0,323,12.3,33,-46.7,354,45.4" /></mjloggm>