<mjloggm ver="2.3"><GO type="225" lobby="0"/><UN n0="%E3%81%AF%E3%82%88%E3%81%8A%E3%81%98%E3%81%95%E3%82%93" n1="%E3%81%B2%E3%81%AA%E3%81%AE%E3%82%8A%E3%81%8F" n2="%E5%8F%AF%E5%85%90%E9%82%A3%E7%94%B1%E5%A4%9A" n3="%E8%80%81%E6%A5%BD" dan="17,17,17,16" rate="2212.11,2230.90,2180.31,2084.53" sx="M,M,F,M"/><TAIKYOKU oya="0"/><INIT seed="0,0,0,1,4,93" ten="250,250,250,250" oya="0" hai0="28,88,85,6,104,2,83,120,82,74,131,16,90" hai1="32,75,99,44,107,126,11,15,25,18,56,89,61" hai2="7,41,63,72,108,60,86,38,134,118,35,101,124" hai3="22,109,113,54,121,129,36,79,116,20,105,115,64"/><T91/><D120/><U30/><E126/><V31/><F72/><W78/><G36/><T77/><D131/><U37/><E75/><V33/><F124/><W114/><G121/><T13/><D104/><U117/><E117/><V130/><F130/><W70/><G116/><T94/><D28/><U45/><E37/><V57/><F118/><W55/><G129/><T97/><D2/><U123/><E123/><V62/><F108/><W76/><G105/><T67/><D67/><U80/><E80/><V112/><F112/><W84/><G84/><T103/><D6/><U119/><E89/><V111/><F111/><W8/><G8/><AGARI ba="0,0" hai="8,13,16,74,77,82,83,85,88,90,91,94,97,103" machi="8" ten="30,11600,0" yaku="7,1,52,1,54,2" doraHai="93" who="0" fromWho="3" sc="250,116,250,0,250,0,250,-116" /><INIT seed="0,1,0,2,2,135" ten="366,250,250,134" oya="0" hai0="104,100,127,114,11,133,9,59,84,26,112,17,120" hai1="55,118,2,8,90,109,42,56,60,75,130,63,54" hai2="103,10,71,126,61,110,45,21,47,80,57,0,77" hai3="132,101,92,99,30,46,44,16,121,105,85,41,64"/><T36/><D120/><U6/><E118/><V65/><F110/><W3/><G3/><T35/><D36/><U31/><E109/><V39/><F103/><W53/><G132/><T113/><D133/><U124/><E130/><V52/><F126/><W108/><G108/><T86/><D127/><U94/><E124/><V49/><F21/><W119/><G119/><T128/><D128/><U1/><E75/><V4/><REACH who="2" step="1"/><F39/><REACH who="2" ten="366,250,240,134" step="2"/><W43/><G121/><T62/><D100/><U33/><E33/><V117/><F117/><W82/><G105/><T115/><D104/><U22/><E22/><V73/><AGARI ba="1,1" hai="0,4,10,45,47,49,52,57,61,65,71,73,77,80" machi="73" ten="20,5200,0" yaku="1,1,0,1,7,1,54,1,53,0" doraHai="135" doraHaiUra="134" who="2" fromWho="2" sc="366,-27,250,-14,240,65,134,-14" /><INIT seed="1,0,0,1,2,98" ten="339,236,305,120" oya="1" hai0="111,57,122,88,70,46,56,2,19,132,119,28,75" hai1="26,50,91,17,123,110,39,65,34,44,116,77,38" hai2="108,97,133,55,115,71,72,41,13,23,11,45,113" hai3="78,21,66,120,81,1,84,109,76,31,126,69,16"/><U87/><E116/><V58/><F71/><W124/><G120/><T127/><D70/><U62/><E123/><V43/><F72/><W24/><G1/><T10/><D119/><U51/><E77/><V99/><F108/><W112/><G112/><N who="2" m="43081" /><F23/><W68/><G109/><T40/><D75/><U30/><E17/><N who="2" m="8383" /><F133/><W7/><G7/><T6/><D111/><U18/><E18/><V118/><F118/><W48/><G76/><T33/><D122/><U117/><E117/><V42/><F45/><W27/><G48/><AGARI ba="0,0" hai="41,42,43,48,55,58,97,99" m="8383,43081" machi="48" ten="30,1000,0" yaku="11,1" doraHai="98" who="2" fromWho="3" sc="339,0,236,0,305,10,120,-10" /><INIT seed="2,0,0,2,4,4" ten="339,236,315,110" oya="2" hai0="85,35,30,2,90,73,121,57,106,53,133,131,109" hai1="82,87,103,75,19,56,63,12,64,61,111,130,49" hai2="114,22,110,70,97,8,13,94,33,26,84,132,48" hai3="98,80,10,44,108,58,59,100,55,117,83,5,104"/><V66/><F114/><W38/><G108/><T95/><D109/><U134/><E75/><V71/><F110/><W18/><G117/><T72/><D121/><U74/><E74/><V24/><F132/><W17/><G59/><T135/><D106/><U69/><E134/><N who="0" m="51209" /><D2/><U77/><E130/><V27/><F33/><W86/><G44/><T112/><D112/><U14/><E111/><V15/><F84/><W81/><G38/><T67/><D67/><U45/><E103/><V6/><F66/><W92/><G104/><T89/><D131/><U25/><E63/><V115/><F115/><W28/><G28/><T37/><D37/><U125/><E125/><V40/><F40/><W68/><G86/><N who="0" m="52663" /><D30/><U120/><E120/><V76/><F76/><W7/><G68/><T78/><D35/><U116/><E116/><V52/><F15/><W3/><REACH who="3" step="1"/><G7/><REACH who="3" ten="339,236,315,100" step="2"/><T62/><D78/><U31/><E69/><V102/><F71/><W129/><G129/><T126/><D126/><U124/><E124/><V123/><F70/><W101/><G101/><T11/><D73/><U107/><E31/><N who="2" m="17815" /><F123/><W0/><G0/><T42/><D72/><U47/><E107/><V9/><F6/><W1/><G1/><T65/><D42/><N who="1" m="24759" /><E47/><V29/><F29/><W46/><G46/><T23/><D57/><U20/><AGARI ba="0,1" hai="12,14,19,20,25,56,61,64,77,82,87" m="24759" machi="20" ten="30,1100,0" yaku="8,1" doraHai="4" who="1" fromWho="1" sc="339,-3,236,21,315,-5,100,-3" /><INIT seed="3,0,0,2,3,32" ten="336,257,310,97" oya="3" hai0="13,18,44,35,70,45,93,49,37,17,132,92,83" hai1="67,50,133,66,12,61,68,25,86,2,78,73,119" hai2="9,114,115,0,100,4,131,28,110,104,75,106,22" hai3="40,111,24,55,127,123,103,3,39,72,71,38,62"/><W41/><G72/><T124/><D70/><U91/><E73/><V52/><F75/><W107/><G123/><T14/><D35/><U76/><E67/><V59/><F110/><W108/><G24/><T98/><D37/><N who="3" m="13833" /><G103/><T77/><D124/><U11/><E133/><V116/><F116/><W29/><G29/><T21/><D132/><U16/><E119/><V20/><F131/><W33/><G33/><T84/><D49/><U53/><E25/><V15/><F28/><W31/><G31/><T69/><D69/><U8/><E8/><V10/><F20/><W81/><G81/><T57/><D57/><U27/><E27/><V87/><F87/><W89/><G89/><N who="0" m="55567" /><D93/><U64/><E64/><V65/><F65/><N who="3" m="41399" /><G107/><T51/><D51/><U6/><E6/><V120/><F22/><AGARI ba="0,0" hai="13,14,17,18,21,22,44,45,77,83,84" m="55567" machi="22" ten="30,1000,0" yaku="8,1" doraHai="32" who="0" fromWho="2" sc="336,10,257,0,310,-10,97,0" owari="346,44.6,257,-14.3,300,10.0,97,-40.3" /></mjloggm>