<mjloggm ver="2.3"><GO type="225" lobby="0"/><UN n0="%38%63%E3%81%AF%E3%81%A3%E3%81%97%E3%83%BC" n1="%72%61%6B%33" n2="%E5%B8%86%E7%AB%8B%E5%A4%8F%E8%A1%A3" n3="%E3%81%8B%E3%82%8F%E3%81%A1%E3%82%83%E3%82%93%35%38" dan="16,17,16,16" rate="2110.86,2172.90,2063.27,2132.32" sx="M,M,M,M"/><TAIKYOKU oya="0"/><INIT seed="0,0,0,4,4,122" ten="250,250,250,250" oya="0" hai0="134,46,115,44,53,20,81,83,5,69,2,54,58" hai1="9,47,112,8,107,64,132,90,36,63,67,15,127" hai2="56,24,62,95,12,72,114,25,129,3,31,97,109" hai3="104,68,130,80,17,117,43,27,11,42,50,131,85"/><T19/><D69/><U135/><E107/><V41/><F3/><W16/><G117/><T102/><D115/><U118/><E118/><V33/><F114/><W79/><G104/><T21/><D102/><U124/><E112/><V37/><F129/><N who="3" m="49163" /><G68/><T7/><D2/><U26/><E26/><V99/><F72/><W65/><G65/><N who="1" m="25162" /><E90/><V110/><F25/><W105/><G105/><T89/><D89/><U61/><E15/><V94/><F41/><N who="3" m="15371" /><G50/><T57/><REACH who="0" step="1"/><D19/><REACH who="0" ten="240,250,250,250" step="2"/><U101/><E101/><V38/><F99/><W40/><G17/><T6/><D6/><U49/><E36/><V88/><F38/><W35/><G16/><T113/><D113/><U123/><E123/><V77/><F37/><W111/><G79/><T108/><D108/><N who="2" m="41578" /><F77/><W66/><G111/><T86/><D86/><U103/><E103/><V23/><F97/><W28/><G85/><T48/><D48/><U106/><E49/><V125/><F88/><W30/><G30/><T60/><D60/><U13/><E61/><V120/><F120/><W76/><G76/><T73/><D73/><U0/><E63/><V59/><F62/><W10/><G66/><T51/><D51/><U52/><E0/><V98/><F98/><W75/><N who="3" m="15379" /><W45/><DORA hai="91" /><G45/><T29/><D29/><U82/><E47/><V22/><F31/><W128/><N who="3" m="49171" /><W70/><DORA hai="126" /><G70/><T116/><D116/><U78/><E78/><V96/><F96/><W14/><G75/><T92/><D92/><U55/><E106/><V119/><F95/><W32/><G28/><T4/><D4/><U87/><E87/><RYUUKYOKU ba="0,1" sc="240,30,250,-10,250,-10,250,-10" hai0="5,7,20,21,44,46,53,54,57,58,81,83,134" /><INIT seed="0,1,1,2,5,124" ten="270,240,240,240" oya="0" hai0="112,97,74,83,128,15,132,46,47,103,135,102,38" hai1="118,5,89,101,4,92,39,125,34,120,94,42,40" hai2="62,25,85,26,30,61,6,55,2,31,37,24,49" hai3="17,29,106,59,130,77,7,72,133,58,122,111,84"/><T110/><D112/><U95/><E34/><V78/><F37/><W73/><G29/><N who="2" m="10761" /><F2/><W107/><G7/><T71/><D71/><U3/><E120/><V99/><F6/><W41/><G41/><T121/><D121/><U134/><E118/><V21/><F21/><W20/><G17/><T70/><D70/><U16/><E125/><V114/><F114/><W69/><G20/><T104/><D103/><U43/><E134/><V108/><F108/><W117/><G58/><T57/><D57/><U82/><E39/><V60/><F99/><W45/><G59/><T66/><D66/><U64/><E3/><V65/><F65/><W36/><G45/><T129/><D15/><U33/><E33/><V1/><F1/><W22/><G22/><T10/><D10/><U35/><E35/><V67/><F67/><W116/><G36/><T131/><D110/><U27/><E64/><V113/><F113/><W68/><G111/><T88/><D74/><U63/><E63/><V96/><F96/><W11/><G122/><T98/><D98/><U123/><E101/><V28/><N who="2" m="10769" /><V127/><DORA hai="54" /><F127/><W87/><G11/><T50/><D38/><U115/><E123/><V90/><F78/><W9/><G9/><T14/><D14/><U53/><E115/><V52/><F49/><W23/><G23/><T44/><REACH who="0" step="1"/><D50/><REACH who="0" ten="260,240,240,240" step="2"/><U48/><E27/><V93/><AGARI ba="1,2" hai="24,25,26,52,55,60,61,62,85,90,93" m="10769" machi="93" ten="40,2700,0" yaku="8,1,54,1" doraHai="124,54" who="2" fromWho="2" sc="260,-14,240,-8,240,50,240,-8" /><INIT seed="1,0,0,5,4,28" ten="246,232,290,232" oya="1" hai0="59,106,83,67,82,19,5,135,74,15,88,107,113" hai1="84,9,20,70,103,95,16,102,49,117,44,40,126" hai2="39,120,68,29,99,89,50,24,98,26,46,6,4" hai3="87,118,73,132,37,30,105,115,21,18,13,109,65"/><U57/><E126/><V85/><F120/><W122/><G73/><T7/><D113/><U104/><E70/><V61/><F39/><W112/><G105/><T76/><D135/><U134/><E134/><V63/><F68/><W93/><G132/><T42/><D42/><U1/><E104/><V77/><F77/><W114/><G37/><T127/><D127/><U72/><E72/><V33/><F26/><N who="3" m="16719" /><G65/><T41/><D41/><U36/><E117/><V11/><F63/><W116/><G87/><T25/><D25/><U38/><E9/><V3/><F61/><W121/><G93/><T71/><D106/><U34/><E34/><V90/><F90/><W23/><G109/><T130/><D107/><U22/><E22/><V69/><F6/><W79/><G79/><T108/><D108/><U27/><E1/><V119/><F69/><W110/><G110/><T123/><D123/><AGARI ba="0,0" hai="13,18,23,112,114,115,116,118,121,122,123" m="16719" machi="123" ten="40,2600,0" yaku="34,2" doraHai="28" who="3" fromWho="0" sc="246,-26,232,0,290,0,232,26" /><INIT seed="2,0,0,0,1,15" ten="220,232,290,258" oya="2" hai0="71,22,118,103,1,68,70,113,128,74,48,19,85" hai1="82,36,126,101,95,52,59,40,55,93,80,99,61" hai2="65,6,57,49,125,31,3,90,27,17,75,131,7" hai3="28,63,0,69,119,92,123,21,67,88,97,73,10"/><V76/><F125/><W77/><G119/><T122/><D74/><U39/><E126/><V120/><F120/><W129/><G123/><T18/><D122/><U20/><E36/><V42/><F131/><W2/><G129/><T58/><D113/><U81/><E39/><V44/><F75/><W53/><G53/><T25/><D128/><U24/><E40/><V46/><F76/><W135/><G135/><T116/><D1/><U12/><E12/><V110/><F110/><W4/><G2/><T33/><D33/><U117/><E117/><N who="0" m="45161" /><D103/><U132/><E132/><V127/><F127/><W66/><G66/><T30/><D85/><U38/><E38/><V41/><F3/><W96/><G77/><T130/><D130/><U112/><E112/><V107/><F107/><W102/><G73/><T94/><D94/><U50/><E95/><V115/><F115/><W16/><G28/><T5/><D5/><U29/><REACH who="1" step="1"/><E82/><REACH who="1" ten="220,222,290,258" step="2"/><V47/><F42/><W26/><G102/><T62/><D48/><U108/><E108/><V83/><F49/><W124/><G124/><T60/><D60/><U79/><E79/><V98/><F83/><W11/><G11/><T78/><D78/><U100/><E100/><V9/><F6/><W114/><G114/><T111/><D111/><U86/><E86/><AGARI ba="0,1" hai="0,4,10,16,21,26,63,67,69,86,88,92,96,97" machi="86" ten="30,7700,0" yaku="7,1,52,1,54,2" doraHai="15" who="3" fromWho="1" sc="220,0,222,-77,290,0,258,87" /><INIT seed="3,0,0,5,1,64" ten="220,145,290,345" oya="3" hai0="37,57,86,43,21,79,91,108,99,106,81,113,35" hai1="71,5,51,11,10,67,59,47,96,82,48,50,76" hai2="68,36,98,24,13,116,44,34,20,18,4,102,62" hai3="84,73,90,77,0,1,28,45,126,131,97,52,66"/><W65/><G28/><T135/><D35/><U110/><E110/><V55/><F116/><W27/><G27/><T53/><D108/><U46/><E96/><V109/><F109/><W120/><G97/><T32/><D32/><U7/><E82/><V3/><F36/><W16/><G16/><T63/><D135/><U75/><E75/><V26/><F44/><W88/><G88/><T15/><D113/><U119/><E119/><V104/><F55/><W54/><G90/><T124/><D124/><U118/><E118/><V33/><F26/><W78/><G84/><T121/><D121/><U132/><E132/><V95/><F95/><W17/><G54/><T12/><D37/><U38/><E76/><V92/><F92/><W134/><G78/><T25/><D43/><U128/><E128/><V87/><F87/><W122/><G77/><T100/><D79/><U115/><E115/><V49/><F49/><W107/><G73/><T123/><D123/><U129/><E129/><V85/><F85/><W112/><G122/><T72/><D72/><U105/><E105/><V70/><F62/><W30/><G120/><T23/><D23/><U40/><E46/><V94/><F94/><W6/><G131/><T58/><D58/><U103/><E103/><V101/><F101/><W14/><G112/><T9/><D9/><U125/><E125/><V56/><F34/><W42/><G126/><T117/><D117/><U133/><E133/><V61/><F33/><W127/><G134/><T111/><D111/><U2/><E59/><V19/><F56/><W83/><G127/><T60/><D100/><RYUUKYOKU ba="0,0" sc="220,0,145,0,290,0,345,0" owari="220,-18.0,145,-35.5,290,9.0,345,44.5" /></mjloggm>