<mjloggm ver="2.3"><GO type="225" lobby="0"/><UN n0="%4B%2E%32%2E%4B%2E" n1="%E3%81%8B%E3%82%8F%E3%81%A1%E3%82%83%E3%82%93%35%38" n2="%E6%B8%A9%E2%98%85%E6%83%85%E2%98%85%E6%8E%AA%E2%98%85%E7%BD%AE" n3="%E3%82%BC%E3%83%AB%E3%83%80%E3%81%AE%E4%BC%9D%E8%AA%AC" dan="16,17,18,17" rate="2132.66,2203.20,2185.26,2231.46" sx="M,M,M,M"/><TAIKYOKU oya="0"/><INIT seed="0,0,0,5,2,7" ten="250,250,250,250" oya="0" hai0="43,51,44,64,106,50,66,94,125,72,70,9,8" hai1="56,90,40,88,111,80,23,134,62,48,27,13,11" hai2="86,117,82,89,47,120,35,15,61,17,100,38,52" hai3="133,69,123,32,73,28,4,46,127,26,45,104,41"/><T68/><D72/><U115/><E111/><V16/><F120/><W99/><G123/><T129/><D106/><U67/><E134/><V53/><F117/><W119/><G119/><T102/><D129/><U96/><E115/><V87/><F35/><W93/><G133/><T85/><D125/><U2/><E2/><V84/><F100/><W92/><G127/><T36/><D36/><U128/><E128/><V60/><F17/><W19/><G73/><T77/><D70/><U131/><E131/><V3/><F3/><W98/><G4/><T97/><D68/><U75/><E75/><V114/><F114/><W110/><G110/><T95/><D51/><U122/><E122/><V118/><F118/><W18/><G69/><T55/><D55/><N who="2" m="21066" /><F47/><W109/><G104/><T74/><D74/><U59/><E96/><N who="3" m="36906" /><G45/><T10/><D94/><N who="3" m="36457" /><G109/><T31/><D31/><N who="1" m="17919" /><E80/><AGARI ba="0,0" hai="8,9,10,43,44,50,64,66,77,80,85,95,97,102" machi="80" ten="40,12000,1" yaku="8,1,52,3" doraHai="7" who="0" fromWho="1" sc="250,120,250,-120,250,0,250,0" /><INIT seed="0,1,0,0,0,72" ten="370,130,250,250" oya="0" hai0="15,45,99,84,126,59,91,54,75,96,66,100,36" hai1="92,19,4,30,70,134,121,120,50,67,47,90,76" hai2="16,11,14,43,102,104,97,10,86,55,38,111,31" hai3="51,88,135,69,63,21,122,42,65,56,18,81,46"/><T127/><D75/><U48/><E134/><V87/><F111/><W128/><G128/><T98/><D66/><U74/><E30/><V94/><F31/><W82/><G135/><T124/><D15/><U22/><E4/><V20/><F55/><W132/><G132/><T29/><D29/><U113/><E113/><V7/><F104/><W71/><G122/><T9/><D9/><U85/><E50/><V61/><F61/><W118/><G118/><T115/><D115/><U1/><E1/><V25/><REACH who="2" step="1"/><F11/><REACH who="2" ten="370,130,240,250" step="2"/><W78/><G71/><T26/><D127/><U112/><E112/><V58/><F58/><W40/><G69/><T3/><D59/><U64/><E70/><V103/><F103/><W12/><G40/><T109/><D100/><U130/><E130/><V117/><F117/><W107/><G107/><T83/><D109/><U93/><E121/><V37/><F37/><W101/><G101/><T77/><D54/><U39/><E39/><V2/><F2/><W23/><G23/><T57/><D57/><U114/><E120/><V49/><F49/><W33/><G33/><T44/><D3/><U41/><E114/><V35/><F35/><W60/><G60/><T68/><D68/><U53/><E53/><V28/><F28/><W13/><G51/><T133/><D133/><U106/><E106/><V125/><F125/><W17/><G42/><T0/><D0/><U131/><E131/><V105/><F105/><W119/><G119/><T129/><D129/><U27/><REACH who="1" step="1"/><E92/><REACH who="1" ten="370,120,240,250" step="2"/><V89/><F89/><W95/><G95/><N who="0" m="54759" /><D126/><U116/><E116/><V108/><F108/><RYUUKYOKU ba="1,2" sc="370,-15,120,15,240,15,250,-15" hai1="19,22,27,41,47,48,64,67,74,76,85,90,93" hai2="7,10,14,16,20,25,38,43,86,87,94,97,102" /><INIT seed="1,2,2,3,3,126" ten="355,135,255,235" oya="1" hai0="103,95,19,69,121,50,114,66,97,20,43,135,65" hai1="61,107,49,30,108,53,88,133,13,132,5,14,59" hai2="27,77,24,18,67,23,80,120,55,111,104,7,79" hai3="93,0,113,81,51,115,94,29,73,42,54,96,68"/><U71/><E107/><V26/><F120/><W41/><G68/><T9/><D69/><U39/><E39/><V44/><F104/><W56/><G0/><T40/><D114/><U119/><E119/><V112/><F112/><W8/><G115/><T47/><D121/><U85/><E30/><V84/><F111/><W78/><G113/><T22/><D135/><N who="1" m="51787" /><E108/><V70/><F7/><W28/><G8/><T122/><D122/><U21/><E21/><N who="0" m="8297" /><D40/><U101/><E101/><V12/><F70/><W16/><G94/><T83/><D83/><N who="1" m="49215" /><E5/><V62/><F67/><AGARI ba="2,2" hai="13,14,49,53,59,61,67,71" m="49215,51787" machi="67" ten="30,2900,0" yaku="20,1,54,1" doraHai="126" who="1" fromWho="2" sc="355,0,135,55,255,-35,235,0" /><INIT seed="1,3,0,0,1,109" ten="355,190,220,235" oya="1" hai0="42,64,111,82,17,98,79,94,63,81,119,35,128" hai1="32,108,76,44,105,20,80,75,134,130,127,70,126" hai2="15,116,50,49,25,37,92,110,125,61,95,54,99" hai3="14,30,66,13,91,72,77,112,45,113,135,57,114"/><U3/><RYUUKYOKU type="yao9" ba="3,0" sc="355,0,190,0,220,0,235,0" hai1="3,20,32,44,70,75,76,80,105,108,126,127,130,134" /><INIT seed="1,4,0,5,1,44" ten="355,190,220,235" oya="1" hai0="1,84,94,122,127,119,85,47,39,92,28,62,113" hai1="46,36,8,71,12,16,67,63,121,33,65,54,97" hai2="57,52,87,99,111,126,125,50,69,75,5,115,132" hai3="7,80,11,93,35,20,110,88,133,43,9,78,27"/><U95/><E33/><V98/><F75/><W26/><G110/><T90/><D113/><U124/><E121/><V112/><F111/><W76/><G133/><T24/><D1/><U56/><E124/><N who="2" m="47723" /><F132/><W89/><G35/><T134/><D119/><U34/><E34/><V64/><F5/><W116/><G116/><T83/><D134/><U60/><E36/><V73/><F73/><W108/><G108/><T21/><D127/><U86/><E86/><V79/><F64/><W2/><G43/><T4/><D122/><U105/><E105/><V131/><F69/><W23/><G80/><T118/><D4/><U106/><E106/><V31/><F31/><N who="3" m="17863" /><G2/><T96/><D118/><U102/><REACH who="1" step="1"/><E46/><REACH who="1" ten="355,180,220,235" step="2"/><V130/><F87/><W30/><G78/><T3/><D85/><U61/><E61/><V22/><F79/><W81/><G76/><T104/><D62/><U135/><E135/><V51/><F115/><W109/><G109/><T70/><D39/><U82/><E82/><V41/><F112/><W13/><G81/><T58/><D47/><U37/><E37/><V77/><F77/><W19/><G93/><T120/><D120/><U117/><E117/><V68/><F131/><W53/><G89/><T40/><D104/><U15/><E15/><V74/><F130/><W123/><G88/><T29/><D92/><U0/><E0/><V25/><F74/><W100/><G123/><T129/><D129/><U18/><E18/><N who="2" m="12503" /><F68/><W32/><G32/><T17/><D70/><U103/><E103/><V10/><F10/><W114/><G114/><T42/><D3/><U55/><AGARI ba="4,1" hai="8,12,16,54,55,56,60,63,65,67,71,95,97,102" machi="55" ten="30,18000,2" yaku="1,1,5,1,0,1,54,1,53,2" doraHai="44" doraHaiUra="49" who="1" fromWho="1" sc="355,-64,180,202,220,-64,235,-64" /><INIT seed="1,5,0,4,0,9" ten="291,382,156,171" oya="1" hai0="8,51,125,25,118,102,15,57,60,50,83,31,127" hai1="78,86,56,130,71,124,59,74,68,107,122,120,48" hai2="98,37,61,128,64,36,121,1,54,103,46,80,70" hai3="38,76,114,33,79,65,97,90,58,6,12,116,7"/><U53/><E107/><V93/><F121/><N who="1" m="46697" /><E86/><V119/><F119/><W52/><G114/><T129/><D118/><U84/><E84/><V55/><F128/><W92/><G116/><T89/><D102/><U47/><E78/><V105/><F1/><W0/><G0/><T117/><D117/><U23/><E23/><V109/><F109/><W63/><G33/><T112/><D112/><U72/><E72/><V101/><F80/><W30/><G38/><T21/><D129/><U67/><E74/><V75/><F75/><W96/><G30/><T13/><D83/><U26/><E26/><V35/><F35/><W45/><G97/><T17/><D89/><U113/><E130/><V29/><F29/><W11/><G6/><N who="0" m="3223" /><D127/><U28/><E28/><V44/><F103/><W85/><G96/><T115/><D125/><U41/><E113/><V27/><F27/><W62/><REACH who="3" step="1"/><G45/><REACH who="3" ten="291,382,156,161" step="2"/><T66/><D115/><U3/><E3/><V133/><F105/><W34/><G34/><T40/><D40/><U32/><E32/><V82/><F46/><W5/><G5/><T49/><D31/><U42/><E42/><N who="2" m="22599" /><F37/><W10/><G10/><T87/><D87/><U134/><E124/><V2/><F2/><W95/><G95/><T88/><D88/><U104/><E104/><V81/><F133/><W132/><G132/><T16/><D17/><U111/><E134/><V108/><F108/><W100/><G100/><T69/><D69/><AGARI ba="5,1" hai="7,11,12,52,58,62,63,65,69,76,79,85,90,92" machi="69" ten="30,7700,0" yaku="1,1,7,1,52,1,54,1,53,0" doraHai="9" doraHaiUra="123" who="3" fromWho="0" sc="291,-92,382,0,156,0,161,102" /><INIT seed="2,0,0,5,4,70" ten="199,382,156,263" oya="2" hai0="24,59,16,120,90,12,54,46,109,6,20,5,107" hai1="11,26,96,49,113,69,84,132,22,36,72,75,43" hai2="115,88,129,17,60,44,58,34,37,102,99,63,38" hai3="1,13,28,51,45,47,86,81,66,78,67,8,71"/><V87/><F115/><W131/><G1/><T130/><D120/><U105/><E69/><V7/><F34/><W110/><G110/><T97/><D107/><U104/><E49/><V30/><F30/><W100/><G131/><T4/><D130/><U79/><E11/><V92/><F129/><W124/><G124/><T89/><D109/><U125/><E22/><V118/><F118/><W128/><G128/><T133/><D133/><U55/><E26/><V80/><F7/><W39/><G100/><T56/><D46/><U10/><E10/><V117/><F117/><W103/><G71/><T14/><D59/><U83/><E55/><V114/><F114/><W19/><G103/><T42/><D42/><U62/><E62/><V122/><F122/><W93/><G93/><N who="0" m="56495" /><D90/><U48/><E43/><V9/><F44/><W29/><G39/><T0/><D0/><U134/><E36/><V3/><F63/><AGARI ba="0,0" hai="4,5,6,12,14,16,20,24,54,56,63" m="56495" machi="63" ten="30,3900,0" yaku="25,1,8,1,54,1" doraHai="70" who="0" fromWho="2" sc="199,39,382,0,156,-39,263,0" /><INIT seed="3,0,0,2,0,111" ten="238,382,117,263" oya="3" hai0="134,97,80,25,44,18,42,28,55,74,124,4,2" hai1="0,32,110,123,69,24,35,17,52,56,108,27,82" hai2="128,57,126,39,9,13,84,119,63,99,89,76,22" hai3="60,16,94,121,31,29,50,8,14,41,117,46,51"/><W38/><G121/><T72/><D124/><U90/><E123/><V116/><F39/><W62/><G117/><T109/><D109/><N who="1" m="42091" /><E69/><V21/><F126/><W100/><G38/><T6/><D134/><U95/><E0/><V106/><F128/><W15/><G51/><T19/><D55/><U133/><E82/><V112/><F76/><W47/><G47/><T59/><D59/><U10/><E133/><V96/><F106/><W104/><G104/><T67/><D67/><U113/><E113/><V30/><F30/><N who="3" m="11275" /><G15/><T61/><D61/><U45/><E45/><V48/><F89/><W36/><G36/><T3/><D97/><AGARI ba="0,0" hai="8,14,16,41,46,50,60,62,94,97,100" m="11275" machi="97" ten="30,2900,0" yaku="8,1,54,1" doraHai="111" who="3" fromWho="0" sc="238,-29,382,0,117,0,263,29" /><INIT seed="3,1,0,1,4,1" ten="209,382,117,292" oya="3" hai0="7,82,65,72,89,135,12,95,25,74,116,18,87" hai1="5,8,11,68,17,98,0,71,101,39,129,92,103" hai2="125,97,57,28,108,37,115,54,40,75,58,51,26" hai3="67,45,128,102,33,6,13,61,117,32,134,16,90"/><W127/><G117/><T86/><D135/><U70/><E39/><V107/><F115/><W113/><G113/><T59/><D116/><U20/><E129/><V15/><F108/><W94/><G128/><T27/><D74/><U78/><E78/><V35/><F125/><W47/><G102/><T126/><D72/><U88/><REACH who="1" step="1"/><E8/><REACH who="1" ten="209,372,117,292" step="2"/><V29/><F37/><W22/><G134/><T53/><D126/><U109/><E109/><V62/><F75/><W91/><G127/><T9/><D18/><U133/><E133/><V131/><F131/><W96/><G6/><T2/><D65/><U63/><E63/><V10/><F29/><W19/><G19/><T124/><D2/><U3/><E3/><V105/><F97/><W43/><G91/><T69/><D69/><U23/><E23/><V24/><F24/><AGARI ba="1,1" hai="0,5,11,17,20,24,68,70,71,88,92,98,101,103" machi="24" ten="40,5200,0" yaku="1,1,52,1,54,1,53,0" doraHai="1" doraHaiUra="104" who="1" fromWho="2" sc="209,0,372,65,117,-55,292,0" owari="209,-19.1,437,53.7,62,-43.8,292,9.2" /></mjloggm>