<mjloggm ver="2.3"><GO type="225" lobby="0"/><UN n0="%E7%B4%94%E6%BD%94%E3%83%94%E3%83%A9%E3%83%8B%E3%82%A2" n1="%79%6B%66%35%35%33%38%39" n2="%E9%B4%A8%4E%45%47%49" n3="%E6%9D%B1%E9%A2%A8%E3%81%AE%E3%81%8D%E3%82%83%E3%81%B7%E3%81%95%E3%82%93" dan="17,16,16,16" rate="2196.56,2114.10,2110.66,2147.42" sx="M,M,M,M"/><TAIKYOKU oya="0"/><INIT seed="0,0,0,2,4,116" ten="250,250,250,250" oya="0" hai0="65,15,13,98,119,45,110,71,12,90,25,37,4" hai1="105,60,112,69,82,7,97,76,48,81,114,29,120" hai2="66,102,107,2,86,84,100,47,22,18,126,57,64" hai3="106,131,31,35,9,41,23,132,133,92,36,101,72"/><T20/><D119/><U122/><E7/><V6/><F126/><W5/><G92/><T53/><D71/><U95/><E105/><V77/><F2/><N who="3" m="183" /><G23/><T135/><D65/><N who="1" m="41127" /><E29/><V17/><F6/><W85/><G85/><T58/><D135/><U1/><E1/><V80/><F47/><N who="3" m="23975" /><G131/><T91/><D4/><U19/><E19/><V88/><F107/><W59/><G59/><T61/><D110/><U38/><E38/><V55/><F18/><W128/><G128/><T39/><D45/><U115/><E48/><N who="2" m="30951" /><F66/><W130/><G130/><T134/><D134/><U124/><E124/><V75/><F75/><W99/><G72/><T121/><D37/><U0/><E0/><V27/><F64/><W78/><G78/><T103/><D39/><U42/><E42/><V44/><F44/><W104/><G104/><T56/><D58/><U43/><E43/><V52/><F52/><W50/><G50/><T109/><D109/><U108/><E108/><V118/><F118/><W63/><G63/><T34/><D34/><U46/><E46/><V28/><F28/><W96/><G96/><T70/><D70/><U87/><E81/><AGARI ba="0,0" hai="17,22,27,77,80,81,84,86,88,100,102" m="30951" machi="81" ten="30,2000,0" yaku="8,1,54,1" doraHai="116" who="2" fromWho="1" sc="250,0,250,-20,250,20,250,0" /><INIT seed="1,0,0,1,2,4" ten="250,230,270,250" oya="1" hai0="103,28,125,77,72,5,113,46,117,102,7,116,104" hai1="70,81,75,52,69,87,41,45,131,67,32,27,115" hai2="24,19,118,94,109,90,65,12,25,38,62,26,74" hai3="123,2,22,37,11,130,95,84,33,82,100,23,21"/><U127/><E115/><V35/><F109/><W111/><G111/><T58/><D58/><U48/><E75/><V114/><F114/><W68/><G68/><T88/><D28/><U121/><E121/><V53/><F118/><W93/><G123/><T83/><D113/><U40/><E131/><V42/><F74/><W57/><G130/><T63/><D63/><U126/><E32/><V49/><F38/><W59/><G33/><T17/><D17/><U133/><E27/><V107/><F107/><W101/><G37/><T43/><D125/><N who="1" m="47627" /><E87/><N who="2" m="52575" /><F42/><N who="1" m="16489" /><E81/><V85/><F65/><W16/><G2/><T3/><D7/><U8/><E133/><V34/><F34/><W99/><G100/><T44/><D44/><U76/><E76/><V128/><F128/><W79/><G95/><T39/><D102/><U134/><E134/><V18/><F35/><W10/><G16/><N who="2" m="6185" /><F62/><W78/><G78/><T56/><D88/><U132/><E132/><V64/><F64/><W110/><G110/><T15/><D116/><U135/><E135/><V124/><F124/><W31/><G31/><T14/><D117/><U1/><E67/><V0/><F0/><W73/><G73/><T98/><D56/><AGARI ba="0,0" hai="10,11,21,22,23,56,57,59,79,82,84,93,99,101" machi="56" ten="40,5200,0" yaku="8,1,52,2" doraHai="4" who="3" fromWho="0" sc="250,-52,230,0,270,0,250,52" /><INIT seed="2,0,0,1,1,78" ten="198,230,270,302" oya="2" hai0="54,93,4,18,91,55,23,16,71,77,11,21,58" hai1="86,64,25,36,68,90,56,117,29,88,80,85,2" hai2="81,127,98,62,128,101,19,110,82,10,74,65,131" hai3="89,83,5,125,1,14,104,20,116,35,96,9,7"/><V42/><F110/><W12/><G125/><T119/><D71/><U111/><E117/><V40/><F127/><W100/><G116/><T107/><D107/><U126/><E126/><V94/><F10/><W103/><G35/><T123/><D123/><U72/><E68/><V63/><F19/><W76/><G103/><T134/><D134/><U133/><E133/><V108/><F108/><W112/><G112/><T70/><D70/><U0/><E111/><V121/><F121/><W32/><G32/><T30/><D77/><U135/><E135/><V95/><F95/><W45/><G5/><T53/><D119/><U24/><E72/><V109/><F109/><W66/><G66/><T130/><D130/><N who="2" m="49706" /><F74/><W27/><G45/><T6/><D58/><U79/><E36/><V48/><F48/><W105/><G89/><T106/><D106/><U115/><E115/><V60/><F65/><W44/><G44/><T52/><N who="0" m="13312" /><DORA hai="22" /><T50/><D50/><U114/><E114/><V129/><N who="2" m="49714" /><V102/><DORA hai="28" /><F102/><W124/><G105/><T97/><D30/><U99/><E99/><V84/><F84/><W92/><G104/><T43/><D43/><AGARI ba="0,0" hai="40,42,43,60,62,63,81,82,94,98,101" m="49714" machi="43" ten="50,9600,0" yaku="19,1,52,2" doraHai="78,22,28" who="2" fromWho="0" sc="198,-96,230,0,270,96,302,0" /><INIT seed="2,1,0,4,3,26" ten="102,230,366,302" oya="2" hai0="111,82,41,36,48,58,129,73,121,62,105,113,63" hai1="51,107,100,75,52,127,12,1,103,23,53,44,92" hai2="80,64,65,76,79,13,106,102,40,83,34,132,17" hai3="77,94,72,29,47,98,54,20,118,86,59,56,109"/><V97/><F132/><W66/><G72/><T7/><D105/><U114/><E114/><V130/><F130/><W96/><G118/><T88/><D129/><U134/><E134/><V122/><F34/><W6/><G6/><T39/><D113/><U14/><E127/><V81/><F122/><W15/><G109/><T99/><D111/><U8/><E75/><V10/><REACH who="2" step="1"/><F40/><REACH who="2" ten="102,230,356,302" step="2"/><W18/><G66/><AGARI ba="1,1" hai="10,13,17,64,65,66,76,79,80,81,83,97,102,106" machi="66" ten="40,3900,0" yaku="1,1,2,1,53,0" doraHai="26" doraHaiUra="21" who="2" fromWho="3" sc="102,0,230,0,356,52,302,-42" /><INIT seed="2,2,0,4,5,20" ten="102,230,408,260" oya="2" hai0="96,100,5,28,42,35,116,92,87,43,132,0,84" hai1="114,32,110,64,125,55,27,102,109,122,2,25,85" hai2="134,52,48,80,30,11,10,50,135,13,91,31,123" hai3="6,129,8,128,37,106,1,62,94,103,18,14,7"/><V79/><F123/><W4/><G37/><T78/><D132/><N who="2" m="50730" /><F50/><W101/><G106/><T99/><D116/><U121/><E114/><V16/><F91/><W54/><G1/><T59/><D0/><U115/><E115/><V113/><F11/><W15/><G15/><T3/><D3/><U117/><E117/><V12/><F12/><W9/><G9/><T69/><D5/><U39/><E125/><V126/><F113/><W130/><G94/><T36/><D69/><U63/><E2/><V119/><F126/><W56/><AGARI ba="2,0" hai="4,6,7,8,14,18,54,56,62,101,103,128,129,130" machi="56" ten="40,2700,0" yaku="0,1,19,1" doraHai="20" who="3" fromWho="3" sc="102,-9,230,-9,408,-15,260,33" /><INIT seed="3,0,0,2,2,74" ten="93,221,393,293" oya="3" hai0="54,79,21,31,30,87,59,6,97,113,45,117,121" hai1="28,132,119,32,65,57,25,27,71,9,70,20,77" hai2="100,86,98,105,2,62,17,76,63,47,130,131,36" hai3="126,23,10,78,42,127,61,60,69,89,81,50,73"/><W95/><G10/><T75/><D117/><U7/><E119/><V44/><F2/><W5/><G5/><T24/><D75/><U101/><E132/><V1/><F1/><W58/><G23/><T15/><D121/><U109/><E109/><V135/><F135/><W115/><G115/><T51/><D113/><U106/><E106/><V38/><F17/><W83/><G83/><T80/><D97/><U123/><E123/><V99/><F86/><W91/><G69/><T102/><D102/><U110/><E110/><V88/><F88/><N who="3" m="33867" /><G95/><T107/><D107/><U19/><E101/><V111/><F100/><W133/><G133/><T82/><D80/><U18/><E18/><V53/><F105/><W125/><G42/><T64/><D64/><U114/><E114/><V35/><F53/><AGARI ba="0,0" hai="50,53,58,60,61,73,78,81,125,126,127" m="33867" machi="53" ten="40,7700,0" yaku="18,1,52,1,54,1" doraHai="74" who="3" fromWho="2" sc="93,0,221,0,393,-77,293,77" owari="93,-40.7,221,-17.9,316,11.6,370,47.0" /></mjloggm>