<mjloggm ver="2.3"><GO type="225" lobby="0"/><UN n0="%E3%82%BC%E3%83%AB%E3%83%80%E3%81%AE%E4%BC%9D%E8%AA%AC" n1="%E3%81%8B%E3%82%8F%E3%81%A1%E3%82%83%E3%82%93%35%38" n2="%E7%89%B9%E6%9D%B1%E3%81%AF%E4%B8%96%E7%95%8C%E3%82%92%E6%95%91%E3%81%86" n3="%E6%98%BC%E4%B8%8B%E3%81%8C%E3%82%8A%E3%81%AE%E5%9B%A3%E5%9C%B0%E5%A6%BB" dan="17,17,16,16" rate="2223.33,2191.23,2111.48,2148.56" sx="M,M,M,F"/><TAIKYOKU oya="0"/><INIT seed="0,0,0,2,3,81" ten="250,250,250,250" oya="0" hai0="44,7,113,70,19,12,126,41,78,74,22,112,38" hai1="16,128,40,135,23,63,91,134,60,49,6,25,17" hai2="13,33,97,30,57,3,34,127,64,29,2,21,104" hai3="103,107,106,58,73,123,43,119,83,99,98,66,96"/><T132/><D126/><U109/><E6/><V62/><F127/><W131/><G119/><T26/><D132/><N who="1" m="50731" /><E109/><V45/><F45/><W111/><G111/><T69/><D74/><U31/><E128/><V94/><F104/><W56/><G131/><T11/><REACH who="0" step="1"/><D78/><REACH who="0" ten="240,250,250,250" step="2"/><U84/><E49/><V51/><F51/><W37/><G73/><T46/><D46/><U42/><E63/><V53/><F62/><W52/><G123/><T88/><D88/><U87/><E60/><V15/><F34/><W90/><G90/><T0/><D0/><U92/><E87/><V27/><F3/><W61/><G61/><T117/><D117/><U114/><E114/><AGARI ba="0,1" hai="7,11,12,19,22,26,38,41,44,69,70,112,113,114" machi="114" ten="40,2000,0" yaku="1,1,53,0" doraHai="81" doraHaiUra="75" who="0" fromWho="1" sc="240,30,250,-20,250,0,250,0" /><INIT seed="0,1,0,1,2,5" ten="270,230,250,250" oya="0" hai0="16,32,19,11,18,73,45,31,21,0,116,48,58" hai1="60,111,2,27,51,103,102,83,124,53,3,63,117" hai2="61,119,114,87,42,37,47,40,69,104,109,80,90" hai3="110,36,122,84,10,85,15,75,95,98,25,41,56"/><T23/><D116/><U44/><E117/><V96/><F114/><W105/><G75/><T24/><D73/><U13/><E111/><V86/><F119/><W35/><G110/><T129/><D129/><U121/><E121/><V120/><F120/><W6/><G105/><T81/><D58/><U125/><E27/><V12/><F109/><W54/><G122/><T34/><D81/><U77/><E13/><V38/><F69/><W17/><G41/><T100/><D100/><U9/><E102/><V62/><F104/><W68/><G36/><T59/><D59/><U57/><E103/><V79/><F96/><W91/><G68/><T131/><D131/><U130/><E130/><V52/><F52/><W70/><G70/><T49/><D49/><U39/><E39/><V78/><F12/><W123/><G123/><T97/><D97/><U43/><E60/><V8/><F8/><W30/><REACH who="3" step="1"/><G6/><REACH who="3" ten="270,230,250,240" step="2"/><N who="0" m="1479" /><D45/><U55/><E43/><V50/><F38/><W134/><G134/><T22/><D48/><AGARI ba="1,1" hai="10,15,17,25,30,35,48,54,56,84,85,91,95,98" machi="48" ten="30,3900,0" yaku="1,1,7,1,52,1,53,0" doraHai="5" doraHaiUra="74" who="3" fromWho="0" sc="270,-42,230,0,250,0,240,52" /><INIT seed="1,0,0,3,0,16" ten="228,230,250,292" oya="1" hai0="118,102,6,105,7,8,76,108,59,33,77,72,36" hai1="122,75,68,89,47,107,43,74,25,65,127,78,73" hai2="128,54,131,69,113,67,14,24,52,120,4,2,117" hai3="110,51,23,22,79,31,90,57,123,126,135,46,93"/><U82/><E122/><V111/><F120/><W94/><G123/><T100/><D36/><U21/><E107/><V66/><F117/><W63/><G110/><T88/><D108/><U44/><E127/><V106/><F111/><W70/><G70/><T58/><D105/><U26/><E26/><V30/><F2/><W99/><G126/><T85/><D33/><U56/><E68/><V130/><F113/><W114/><G114/><T15/><D118/><U49/><E89/><V38/><F38/><W48/><G31/><T132/><D132/><U115/><E115/><V109/><F106/><W37/><G135/><T81/><D6/><U39/><E56/><N who="0" m="21545" /><D72/><U97/><E97/><V12/><F109/><W3/><G3/><T42/><D42/><U13/><E13/><N who="2" m="5227" /><F4/><W18/><G79/><AGARI ba="0,0" hai="7,8,15,76,77,79,81,85,88,100,102" m="21545" machi="79" ten="30,2000,0" yaku="8,1,54,1" doraHai="16" who="0" fromWho="3" sc="228,20,230,0,250,0,292,-20" /><INIT seed="2,0,0,2,1,128" ten="248,230,250,272" oya="2" hai0="77,34,75,129,45,49,40,127,23,46,48,2,24" hai1="31,132,88,43,19,104,69,92,73,17,39,101,0" hai2="79,29,47,133,108,15,93,86,106,83,54,105,74" hai3="59,114,53,16,21,130,33,97,121,8,65,61,5"/><V87/><F133/><W11/><G121/><T56/><D129/><U22/><E69/><V118/><F118/><W110/><G33/><T58/><D2/><U111/><E0/><V116/><F116/><W36/><G130/><T35/><D127/><U135/><E73/><V85/><F29/><W76/><G110/><T107/><D107/><U1/><E1/><V4/><F108/><W91/><G76/><T131/><D131/><U38/><E111/><V122/><F93/><W10/><G36/><N who="1" m="13866" /><E43/><V72/><F72/><W70/><G114/><T80/><D35/><U109/><E109/><V71/><F71/><W117/><G117/><T125/><D34/><U123/><E123/><V27/><F27/><W9/><G97/><T20/><D125/><U32/><E32/><V26/><F26/><W60/><G91/><T50/><D20/><U113/><E113/><V96/><F96/><W55/><N who="3" m="2048" /><DORA hai="63" /><W62/><G5/><T95/><D95/><U18/><E101/><V99/><F122/><W120/><G120/><T37/><REACH who="0" step="1"/><D45/><REACH who="0" ten="238,230,250,272" step="2"/><U52/><E104/><V90/><F4/><W119/><G119/><T103/><D103/><U89/><E92/><N who="2" m="56727" /><F106/><W12/><G21/><T78/><D78/><U100/><E100/><V98/><F105/><W3/><G3/><T41/><D41/><U28/><E22/><V112/><F112/><W64/><G70/><T124/><D124/><U42/><E42/><V67/><F79/><W14/><G59/><T134/><D134/><N who="1" m="51243" /><E52/><N who="3" m="20042" /><G16/><AGARI ba="0,1" hai="16,23,24,37,40,46,48,49,50,56,58,75,77,80" machi="16" ten="40,2600,0" yaku="1,1,54,1,53,0" doraHai="128,63" doraHaiUra="126,115" who="0" fromWho="3" sc="238,36,230,0,250,0,272,-26" /><INIT seed="3,0,0,5,0,58" ten="274,230,250,246" oya="3" hai0="52,4,42,25,15,34,86,0,66,3,2,74,73" hai1="72,55,56,21,134,45,12,121,28,18,31,113,104" hai2="44,106,22,27,61,79,114,17,120,24,40,81,59" hai3="53,129,65,98,33,92,105,127,110,91,10,112,80"/><W115/><G33/><T35/><D42/><U26/><E113/><V117/><F114/><W133/><G129/><T63/><D52/><U39/><E121/><V96/><F120/><W75/><G133/><T11/><D86/><U95/><E104/><V109/><F109/><W13/><G110/><T37/><D37/><U124/><E72/><V68/><F68/><W50/><G127/><T16/><D35/><U47/><E124/><V130/><F130/><W108/><G108/><T19/><D19/><U100/><E134/><V89/><F117/><W131/><G131/><T82/><D82/><U57/><E57/><V60/><F27/><W67/><G105/><T14/><D25/><U43/><E45/><V51/><F59/><W49/><G49/><T77/><D77/><U54/><E28/><V46/><F46/><W36/><G36/><T135/><D34/><U29/><E31/><V9/><F9/><W62/><G80/><T118/><D118/><U99/><REACH who="1" step="1"/><E56/><REACH who="1" ten="274,220,250,246" step="2"/><V8/><F106/><W116/><G116/><T64/><D135/><U102/><E102/><V20/><F44/><W83/><G112/><T94/><D74/><U32/><AGARI ba="0,1" hai="12,18,21,26,29,32,39,43,47,54,55,95,99,100" machi="32" ten="20,8000,1" yaku="1,1,0,1,7,1,53,2" doraHai="58" doraHaiUra="48" who="1" fromWho="1" sc="274,-20,220,90,250,-20,246,-40" owari="254,5.4,310,41.0,230,-17.0,206,-29.4" /></mjloggm>