<mjloggm ver="2.3"><GO type="225" lobby="0"/><UN n0="%E9%80%9F%E6%B0%B4%E5%87%9B%E9%A6%99" n1="%E3%81%9F%E3%81%93%E2%98%86%E7%84%BC%E3%81%8D" n2="%E6%9C%AA%E6%9D%A5%E5%B0%91%E5%B9%B4" n3="%47%32%E9%BE%8D%E9%96%80" dan="17,16,16,16" rate="2169.87,2109.71,2159.94,2085.38" sx="F,M,M,M"/><TAIKYOKU oya="0"/><INIT seed="0,0,0,5,3,133" ten="250,250,250,250" oya="0" hai0="71,110,74,40,111,84,112,14,4,104,67,18,128" hai1="85,86,68,45,42,119,32,80,47,72,11,115,26" hai2="28,25,61,135,23,7,105,113,58,78,121,79,49" hai3="29,50,59,31,62,93,44,22,6,117,54,10,16"/><T69/><D74/><U51/><E68/><V64/><F121/><W57/><G117/><T15/><D112/><U100/><E119/><V127/><F113/><W2/><G93/><T0/><D104/><U75/><E100/><V53/><F105/><W43/><REACH who="3" step="1"/><G59/><REACH who="3" ten="250,250,250,240" step="2"/><T66/><D71/><U87/><E115/><V129/><F135/><W27/><AGARI ba="0,1" hai="2,6,10,16,22,27,29,31,43,44,50,54,57,62" machi="27" ten="20,8000,1" yaku="1,1,2,1,0,1,7,1,54,1,53,0" doraHai="133" doraHaiUra="126" who="3" fromWho="3" sc="250,-40,250,-20,250,-20,240,90" /><INIT seed="1,0,0,1,3,9" ten="210,230,230,330" oya="1" hai0="8,93,88,70,97,43,111,40,19,27,47,60,31" hai1="121,71,16,64,94,57,107,4,78,108,87,104,132" hai2="33,49,91,75,96,22,79,55,35,117,95,52,61" hai3="1,15,134,119,65,99,42,59,69,18,63,67,17"/><U129/><E121/><V118/><F33/><W28/><G1/><T127/><D111/><U13/><E71/><V11/><F35/><W74/><G74/><T98/><D127/><U20/><E108/><V23/><F75/><W110/><G110/><T81/><D81/><U126/><E126/><V115/><F115/><W83/><G134/><T2/><D70/><U114/><E132/><V26/><F79/><W29/><G42/><T30/><D60/><U24/><E129/><V37/><F37/><W7/><G119/><T66/><D66/><U48/><E107/><V89/><F118/><W124/><G83/><T113/><D113/><U92/><E104/><V39/><F39/><W123/><G123/><T72/><D72/><U131/><E131/><V82/><F117/><W122/><G122/><T45/><D2/><U128/><E78/><V85/><F11/><N who="3" m="4607" /><G69/><T5/><D5/><U50/><E4/><V120/><F120/><W36/><G36/><T112/><D112/><U77/><E77/><V133/><F133/><W58/><G99/><T62/><D98/><U21/><E87/><V86/><F96/><W68/><G68/><T34/><D62/><N who="1" m="37967" /><E128/><V54/><F61/><N who="3" m="38071" /><G124/><T10/><D97/><U32/><E32/><V116/><F116/><W84/><G84/><T90/><D34/><U56/><E114/><V106/><F106/><W105/><G105/><T46/><D40/><U100/><E100/><V101/><F101/><W109/><G109/><T25/><D43/><U125/><E125/><V51/><F26/><W130/><G130/><T14/><D90/><U102/><E102/><RYUUKYOKU ba="0,0" sc="210,-15,230,-15,230,15,330,15" hai2="22,23,49,51,52,54,55,82,85,86,89,91,95" hai3="17,18,28,29,59,63,67" /><INIT seed="2,1,0,0,1,88" ten="195,215,245,345" oya="2" hai0="91,72,99,54,131,6,18,45,17,94,61,125,68" hai1="64,101,12,110,128,82,43,39,119,108,121,115,80" hai2="47,49,92,2,60,114,97,63,96,69,84,111,62" hai3="81,58,85,124,95,130,32,28,118,25,34,71,14"/><V56/><F114/><W102/><G118/><T22/><D72/><U117/><E64/><V42/><F2/><W67/><G130/><T44/><D131/><U106/><E12/><V48/><F69/><W107/><G124/><T40/><D125/><U65/><E65/><V13/><F111/><N who="1" m="42537" /><E128/><V122/><F122/><W7/><G107/><T86/><D6/><U59/><E59/><V73/><F73/><W19/><G7/><T4/><D4/><U3/><E43/><V5/><F84/><W9/><G71/><T90/><D40/><U29/><E29/><V93/><F49/><W35/><G58/><N who="0" m="35031" /><D68/><U83/><E39/><V113/><F113/><W120/><G67/><T1/><D1/><U100/><E3/><V126/><F56/><W98/><G120/><T26/><D17/><U50/><E50/><V24/><F24/><W75/><G75/><T16/><D18/><U123/><E106/><V104/><F104/><W36/><G36/><T112/><D112/><U15/><E15/><V127/><F127/><W76/><AGARI ba="1,0" hai="9,14,19,25,28,32,34,35,76,81,85,95,98,102" machi="76" ten="20,2700,0" yaku="0,1,7,1,52,1" doraHai="88" who="3" fromWho="3" sc="195,-8,215,-8,245,-14,345,30" /><INIT seed="3,0,0,2,3,21" ten="187,207,231,375" oya="3" hai0="59,105,44,0,92,11,49,114,27,33,51,12,63" hai1="86,13,45,128,71,42,15,98,129,47,123,54,93" hai2="126,50,95,81,65,84,69,73,133,99,134,100,112" hai3="39,74,75,23,18,17,103,82,89,122,35,31,110"/><W6/><G39/><T131/><D105/><U56/><E71/><V120/><F73/><W96/><G6/><T36/><D0/><U46/><E86/><V124/><F69/><W111/><G122/><T94/><D131/><N who="1" m="50251" /><E42/><V1/><F1/><W116/><G116/><T40/><D114/><U9/><E9/><V72/><F65/><W19/><G35/><T66/><D36/><U62/><E123/><V108/><F50/><W102/><G89/><AGARI ba="0,0" hai="13,15,45,46,47,54,56,62,89,93,98" m="50251" machi="89" ten="30,1000,0" yaku="19,1" doraHai="21" who="1" fromWho="3" sc="187,0,207,10,231,0,375,-10" owari="187,-31.3,217,-18.3,231,3.1,365,46.5" /></mjloggm>