<mjloggm ver="2.3"><GO type="225" lobby="0"/><UN n0="%E3%81%8F%E3%81%BE%E3%81%96%E3%82%8F" n1="%E3%81%A1%E3%82%85%E3%81%86%E3%81%A9%E3%81%8F%E8%B1%A1%E3%81%95%E3%82%93" n2="%6D%75%75%6D%75%72%61" n3="%E3%82%BF%E3%83%84%E3%83%9E%E3%82%AD" dan="16,17,17,16" rate="2033.95,2185.90,2206.58,2026.59" sx="M,M,F,F"/><TAIKYOKU oya="0"/><INIT seed="0,0,0,2,4,103" ten="250,250,250,250" oya="0" hai0="20,104,106,68,132,80,72,41,107,25,43,53,49" hai1="134,84,89,3,38,2,76,70,14,120,81,7,79" hai2="117,113,55,119,130,63,27,23,123,121,31,108,115" hai3="30,17,97,94,40,114,124,13,90,10,133,111,101"/><T125/><D68/><U73/><E120/><N who="2" m="46155" /><F63/><W86/><G111/><T56/><D132/><U21/><E70/><V109/><F55/><W12/><G133/><T122/><D122/><U32/><E134/><V64/><F64/><W102/><G124/><T5/><D5/><U67/><E38/><V62/><F62/><W91/><G114/><N who="2" m="43529" /><F130/><W135/><G135/><T87/><D72/><U61/><E32/><V50/><F50/><W92/><G30/><T16/><REACH who="0" step="1"/><D125/><REACH who="0" ten="240,250,250,250" step="2"/><U39/><E73/><V37/><F37/><W0/><G0/><T29/><D29/><U60/><E2/><V66/><F66/><W85/><G40/><T52/><D52/><U88/><E3/><V54/><F54/><W11/><REACH who="3" step="1"/><G97/><REACH who="3" ten="240,250,250,240" step="2"/><T112/><D112/><U28/><E67/><V48/><F48/><W4/><AGARI ba="0,2" hai="4,10,11,12,13,17,85,86,90,91,92,94,101,102" machi="4" ten="20,12000,2" yaku="1,1,2,1,0,1,7,1,9,1,8,1,53,0" doraHai="103" doraHaiUra="34" who="3" fromWho="3" sc="240,-60,250,-30,250,-30,240,140" /><INIT seed="1,0,0,3,0,120" ten="180,220,220,380" oya="1" hai0="103,94,38,123,130,126,54,124,57,27,101,17,121" hai1="12,42,36,75,58,71,72,19,99,77,133,78,28" hai2="1,46,10,14,119,50,2,116,41,66,59,83,56" hai3="114,64,31,134,112,117,6,53,25,82,135,43,44"/><U51/><E71/><V11/><F83/><W108/><G108/><T4/><D38/><U84/><E36/><V23/><F23/><W61/><G6/><T73/><D73/><U15/><E133/><N who="3" m="50698" /><G53/><T81/><D130/><U129/><E129/><V125/><F125/><N who="0" m="48234" /><D4/><U127/><E127/><V47/><F66/><W3/><G3/><T68/><D81/><U98/><E28/><V49/><REACH who="2" step="1"/><F14/><REACH who="2" ten="180,220,210,380" step="2"/><W131/><G82/><T122/><D68/><U67/><E67/><V0/><F0/><W55/><G64/><T104/><D104/><U100/><E12/><V22/><F22/><W5/><G131/><T65/><D65/><U80/><E15/><V88/><F88/><W70/><G70/><T93/><D27/><U63/><E80/><V32/><F32/><W34/><G34/><T21/><D21/><U97/><E78/><V76/><F76/><W79/><G79/><T128/><D128/><U39/><E77/><V26/><F26/><W7/><G25/><T90/><D90/><U102/><E75/><V35/><F35/><W74/><G74/><T96/><D96/><U30/><E72/><V91/><F91/><W18/><G31/><T24/><D24/><U92/><E30/><V9/><F9/><W109/><G7/><T16/><D94/><U13/><E92/><V115/><F115/><W45/><G5/><T89/><D89/><U110/><E100/><N who="0" m="38473" /><D93/><U8/><E102/><V37/><F37/><W111/><G112/><T86/><D86/><U62/><E39/><V85/><F85/><W107/><G114/><T132/><D132/><U105/><E84/><RYUUKYOKU ba="0,1" sc="180,15,220,-15,210,15,380,-15" hai0="16,17,54,57,121,122,123" hai2="1,2,10,11,41,46,47,49,50,56,59,116,119" /><INIT seed="2,1,1,5,2,124" ten="195,205,225,365" oya="2" hai0="70,132,19,64,74,126,35,51,100,62,15,109,49" hai1="31,120,129,99,78,28,37,94,33,89,79,72,95" hai2="23,103,135,30,104,9,105,8,67,11,69,133,17" hai3="18,52,5,56,24,66,32,42,93,0,71,50,77"/><V12/><F30/><W25/><G32/><T10/><D126/><U134/><E37/><V114/><F114/><W6/><G0/><T4/><D109/><U122/><E33/><V39/><F39/><W84/><G71/><T16/><D132/><N who="2" m="50762" /><F103/><W83/><G66/><T65/><D74/><U45/><E45/><V127/><F127/><W44/><G93/><T121/><D121/><N who="1" m="46699" /><E134/><V98/><F98/><W61/><G18/><T128/><D128/><U59/><E59/><V119/><F119/><W22/><G22/><T57/><D100/><N who="1" m="60535" /><E129/><V75/><F75/><W117/><G117/><T82/><D82/><N who="1" m="45383" /><E79/><V29/><F29/><W47/><G44/><T7/><D35/><U40/><E40/><V85/><F85/><AGARI ba="1,1" hai="28,31,85,89,95" m="45383,60535,46699" machi="85" ten="30,1000,0" yaku="13,1" doraHai="124" who="1" fromWho="2" sc="195,0,205,23,225,-13,365,0" /><INIT seed="3,0,0,0,2,12" ten="195,228,212,365" oya="3" hai0="91,108,17,62,107,109,133,126,24,29,34,121,112" hai1="85,129,94,87,37,96,123,14,26,47,8,75,124" hai2="115,113,58,111,41,42,84,52,103,93,45,46,99" hai3="13,51,78,3,9,79,6,61,31,11,22,32,65"/><W101/><G101/><T127/><D121/><U0/><E123/><V64/><F111/><N who="0" m="42570" /><D133/><U1/><E75/><V76/><F64/><W69/><G32/><T48/><D112/><U125/><E26/><V35/><F35/><W74/><G74/><T4/><D107/><U38/><E129/><V92/><F113/><W132/><G132/><T25/><D4/><U30/><E30/><V67/><F67/><W2/><G51/><T128/><D128/><U131/><E37/><V10/><F10/><W77/><G9/><T63/><D91/><U40/><E131/><V43/><F115/><W57/><G69/><T120/><D120/><U80/><E0/><V90/><F76/><W59/><G59/><T95/><D95/><U44/><E1/><V73/><F73/><W5/><G5/><T71/><D48/><AGARI ba="0,0" hai="41,42,43,45,46,48,52,58,84,90,92,93,99,103" machi="48" ten="40,2600,0" yaku="8,1,54,1" doraHai="12" who="2" fromWho="0" sc="195,-26,228,0,212,26,365,0" owari="169,-33.1,228,-17.2,238,3.8,365,46.5" /></mjloggm>