<mjloggm ver="2.3"><GO type="225" lobby="0"/><UN n0="%E3%81%A1%E3%82%85%E3%81%86%E3%81%A9%E3%81%8F%E8%B1%A1%E3%81%95%E3%82%93" n1="%E3%83%B4%E3%83%A0%EF%BC%99%E3%81%A6" n2="%E3%81%BF%E3%81%BF%E3%81%9A" n3="%E8%90%BD%E6%97%A5" dan="17,17,17,18" rate="2183.87,2178.92,2247.15,2240.46" sx="M,M,M,F"/><TAIKYOKU oya="0"/><INIT seed="0,0,0,4,5,127" ten="250,250,250,250" oya="0" hai0="20,102,58,34,90,106,134,10,96,26,65,97,64" hai1="57,113,98,48,51,55,11,94,69,42,8,1,3" hai2="116,35,128,36,25,83,114,15,130,49,104,32,43" hai3="121,7,67,18,91,60,40,124,100,88,4,16,38"/><T41/><D134/><U80/><E69/><V12/><F114/><W19/><G124/><T76/><D34/><N who="2" m="12842" /><F104/><W131/><G121/><T101/><D76/><U14/><E113/><V37/><F25/><W29/><G29/><T129/><D41/><U122/><E122/><V53/><F83/><W133/><G133/><T54/><D10/><U71/><E71/><V109/><F109/><W117/><G117/><T45/><D45/><U27/><E27/><V9/><F43/><W84/><G100/><T112/><D112/><U125/><E80/><V33/><N who="2" m="12850" /><V17/><DORA hai="52" /><F116/><W28/><G28/><T70/><D70/><U82/><E82/><V132/><F15/><W103/><G103/><T74/><D74/><U47/><E125/><V0/><F0/><W86/><G40/><T46/><D46/><U24/><E24/><V87/><F87/><N who="3" m="33323" /><G38/><T30/><D90/><N who="3" m="34345" /><G131/><N who="2" m="50217" /><F132/><W85/><N who="3" m="33331" /><W78/><DORA hai="119" /><G78/><T89/><D89/><U95/><E1/><V126/><F126/><W6/><G60/><T73/><D73/><U23/><E3/><V68/><F68/><W118/><G118/><T120/><D129/><U105/><E105/><V50/><F50/><W44/><G44/><AGARI ba="0,0" hai="9,12,17,36,37,44,49,53" m="50217,12850" machi="44" ten="40,8000,1" yaku="19,1,52,3" doraHai="127,52,119" who="2" fromWho="3" sc="250,0,250,0,250,80,250,-80" /><INIT seed="1,0,0,4,4,71" ten="250,250,330,170" oya="1" hai0="120,37,65,101,119,29,113,11,78,68,3,67,30" hai1="0,87,56,84,1,41,31,25,103,73,55,20,35" hai2="135,50,122,69,85,51,13,66,118,117,7,79,131" hai3="22,133,47,46,112,106,14,34,10,100,116,88,77"/><U121/><E121/><V17/><F122/><W63/><G34/><T82/><D120/><U90/><E73/><V127/><F7/><W33/><G112/><T27/><D101/><U38/><E103/><V92/><F135/><W19/><G33/><T115/><D119/><U62/><E35/><V60/><F131/><W26/><G133/><T54/><D54/><U123/><E123/><V18/><F127/><W83/><G116/><T99/><D99/><U16/><E31/><V58/><F18/><W89/><G63/><T74/><D29/><U5/><E5/><V129/><F129/><W59/><G59/><T91/><D91/><U134/><E134/><V6/><F6/><W24/><G24/><T86/><D86/><U108/><E108/><V93/><F117/><W21/><G21/><T32/><D67/><U44/><REACH who="1" step="1"/><E84/><REACH who="1" ten="250,240,330,170" step="2"/><V4/><F118/><W104/><G100/><T52/><D115/><U95/><AGARI ba="0,1" hai="0,1,16,20,25,38,41,44,55,56,62,87,90,95" machi="95" ten="20,18000,2" yaku="1,1,2,1,0,1,7,1,52,1,54,1,53,0" doraHai="71" doraHaiUra="128" who="1" fromWho="1" sc="250,-60,240,190,330,-60,170,-60" /><INIT seed="1,1,0,2,5,50" ten="190,430,270,110" oya="1" hai0="14,101,90,1,95,16,72,52,88,55,93,40,129" hai1="126,4,63,18,25,36,45,67,22,86,46,106,64" hai2="111,54,68,131,94,30,124,49,23,2,82,83,81" hai3="78,37,3,28,84,91,73,100,104,122,41,32,7"/><U10/><E106/><V15/><F2/><W70/><G122/><T9/><D1/><U71/><E126/><V123/><F68/><W51/><G70/><T5/><D72/><U115/><E115/><V125/><F123/><W29/><G32/><T24/><D40/><U47/><E64/><V11/><F94/><W130/><G130/><T74/><D74/><U133/><E133/><V65/><F65/><W117/><G117/><T121/><D121/><U107/><E107/><V57/><F131/><W48/><G48/><T108/><D108/><U19/><E86/><V89/><F111/><W120/><G51/><T110/><D110/><U59/><E71/><V87/><F125/><W118/><G120/><T26/><D129/><U58/><E58/><V33/><F33/><W76/><G118/><T96/><D101/><U112/><E112/><V79/><F124/><W56/><G56/><T27/><D5/><U17/><REACH who="1" step="1"/><E36/><REACH who="1" ten="190,420,270,110" step="2"/><V119/><F119/><W92/><G104/><T69/><D69/><U12/><AGARI ba="1,1" hai="4,10,12,17,18,19,22,25,45,46,47,59,63,67" machi="12" ten="30,12000,1" yaku="1,1,2,1,0,1,8,1,53,1" doraHai="50" doraHaiUra="0" who="1" fromWho="1" sc="190,-41,420,133,270,-41,110,-41" /><INIT seed="1,2,0,3,1,47" ten="149,553,229,69" oya="1" hai0="50,30,78,39,3,135,59,18,123,62,57,51,42" hai1="87,54,122,15,83,16,10,6,121,79,111,56,107" hai2="75,113,80,93,22,89,125,53,103,29,97,100,23" hai3="2,106,67,55,28,105,116,73,124,14,61,126,115"/><U27/><E107/><V66/><F125/><W0/><G73/><T35/><D3/><N who="3" m="1065" /><G28/><T31/><D123/><U17/><E111/><V41/><F113/><W99/><G99/><T104/><D104/><N who="3" m="40041" /><G14/><T68/><D68/><U82/><E82/><V94/><F41/><W36/><G55/><T120/><D120/><U88/><E79/><V70/><F29/><W64/><G36/><T117/><D39/><U132/><E132/><V96/><F70/><W101/><G101/><T4/><D4/><U38/><E38/><V118/><F118/><W12/><G12/><T92/><D117/><U34/><E34/><V11/><F66/><N who="3" m="25131" /><G116/><T85/><D35/><U112/><E112/><V7/><F53/><W8/><G115/><T45/><D135/><U134/><E134/><V114/><F114/><W20/><G20/><T69/><D69/><U60/><E121/><V98/><F98/><W84/><G84/><T90/><D78/><U5/><E122/><V71/><F71/><W74/><G74/><T52/><D18/><U26/><E17/><V9/><F75/><W21/><G21/><N who="2" m="7689" /><F7/><AGARI ba="2,0" hai="5,6,7,10,15,16,26,27,54,56,60,83,87,88" machi="7" ten="40,7700,0" yaku="8,1,54,2" doraHai="47" who="1" fromWho="2" sc="149,0,553,83,229,-83,69,0" /><INIT seed="1,3,0,5,5,42" ten="149,636,146,69" oya="1" hai0="28,54,37,48,21,20,117,135,75,91,59,55,112" hai1="77,32,106,115,96,70,104,9,86,134,129,130,41" hai2="88,19,31,66,76,44,131,29,133,122,4,83,98" hai3="0,6,126,100,63,5,7,11,90,127,118,1,27"/><U16/><E70/><V128/><F122/><W45/><G100/><T105/><D105/><U114/><E32/><V103/><F4/><N who="3" m="1643" /><G63/><T125/><D37/><U113/><E41/><V116/><F116/><W119/><G90/><T3/><D117/><N who="3" m="44553" /><G45/><T123/><D3/><N who="3" m="1097" /><G27/><T15/><D75/><U89/><E77/><V92/><F66/><W78/><G78/><T69/><D69/><U87/><E87/><V64/><F64/><W102/><G102/><T84/><D91/><U39/><E39/><V85/><F44/><W67/><G67/><T121/><D84/><U26/><E86/><V23/><F76/><W18/><N who="3" m="1651" /><W111/><DORA hai="43" /><G111/><T14/><D59/><U82/><E89/><V13/><REACH who="2" step="1"/><F133/><REACH who="2" ten="149,636,136,69" step="2"/><W72/><G72/><T79/><D135/><U58/><E134/><V97/><F97/><W12/><AGARI ba="3,1" hai="11,12,18,126,127" m="1097,44553,1651" machi="12" ten="50,6400,0" yaku="12,1,34,2" doraHai="42,43" who="3" fromWho="3" sc="149,-19,636,-35,136,-19,69,83" /><INIT seed="2,0,0,4,1,21" ten="130,601,117,152" oya="2" hai0="115,33,16,81,15,77,7,108,107,50,63,90,120" hai1="109,100,125,94,103,78,49,40,106,35,36,70,22" hai2="4,113,76,133,6,65,74,53,68,135,132,88,128" hai3="124,82,47,9,48,92,131,58,75,127,25,129,43"/><V62/><F113/><W46/><G92/><T80/><D115/><U18/><E35/><V122/><F122/><W0/><G58/><T52/><D120/><U54/><E106/><V32/><F128/><N who="3" m="49227" /><G47/><T117/><D33/><U114/><E70/><V57/><F32/><W28/><G75/><T119/><D107/><U45/><E78/><V93/><F76/><W13/><G0/><T134/><D134/><N who="2" m="34306" /><V27/><DORA hai="118" /><F74/><W56/><G82/><T91/><D108/><U20/><E109/><V30/><F30/><W3/><G3/><T130/><D7/><U34/><E34/><V60/><F27/><W116/><G116/><N who="0" m="44619" /><D63/><U51/><E114/><V11/><F11/><W44/><G44/><N who="0" m="27719" /><D130/><U79/><E79/><V99/><AGARI ba="0,0" hai="4,6,53,57,60,62,65,68,88,93,99" m="34306" machi="99" ten="40,3900,0" yaku="20,1,54,1" doraHai="21,118" who="2" fromWho="2" sc="130,-13,601,-13,117,39,152,-13" /><INIT seed="2,1,0,1,2,41" ten="117,588,156,139" oya="2" hai0="115,128,43,50,45,109,121,127,62,132,98,65,14" hai1="40,75,29,20,27,6,91,114,30,120,108,28,68" hai2="66,77,64,32,71,134,12,85,100,55,88,44,1" hai3="60,70,53,8,125,51,10,36,2,58,84,54,22"/><V104/><F1/><W135/><G36/><T113/><D14/><U103/><E68/><V111/><F32/><W76/><G125/><T0/><D0/><U46/><E75/><V3/><F3/><W130/><G130/><T106/><D121/><U86/><E114/><N who="0" m="43529" /><D98/><U131/><E108/><V31/><F71/><W124/><G124/><T102/><D102/><U21/><E131/><V92/><F111/><W73/><G73/><T38/><D106/><U81/><E6/><V37/><F134/><W9/><G135/><T49/><D127/><U4/><E4/><V69/><F69/><W94/><G2/><T57/><D132/><U17/><E103/><V63/><F31/><W7/><G7/><T19/><D19/><U67/><E67/><V5/><F104/><W80/><G70/><N who="0" m="42295" /><D128/><U79/><E79/><V74/><F100/><W39/><G39/><T42/><D109/><U93/><E81/><N who="2" m="47279" /><F37/><W122/><G122/><T61/><D42/><U112/><E120/><V90/><F74/><W72/><G22/><T110/><D110/><U34/><E34/><V16/><F5/><W48/><G72/><T95/><D95/><U13/><E112/><V97/><F90/><W26/><G26/><T78/><D78/><U18/><E28/><V35/><F35/><W117/><G94/><T126/><D126/><U89/><E89/><V82/><F82/><W101/><G101/><T24/><D24/><U129/><E129/><V59/><F12/><W52/><G117/><T47/><D47/><U123/><E123/><V107/><F107/><W96/><G96/><T83/><D83/><RYUUKYOKU ba="1,0" sc="117,10,588,10,156,-30,139,10" hai0="38,43,45,49,50,57,61" hai1="13,17,18,20,21,27,29,30,40,46,86,91,93" hai3="8,9,10,48,51,52,53,54,58,60,76,80,84" /><INIT seed="3,2,0,1,3,62" ten="127,598,126,149" oya="3" hai0="67,43,25,115,26,65,64,110,118,50,57,121,133" hai1="77,86,37,100,125,21,97,69,34,3,87,92,82" hai2="130,96,99,24,68,47,61,2,18,131,83,20,19" hai3="49,106,113,112,94,14,42,54,122,93,51,111,40"/><W103/><G122/><T132/><D118/><U48/><E34/><V10/><F47/><W116/><G106/><T74/><D121/><U17/><E37/><V9/><F83/><W117/><G14/><T120/><D120/><U72/><E69/><V102/><F18/><W88/><G103/><T58/><D74/><U7/><E125/><V85/><F85/><W63/><G63/><T134/><D110/><U59/><E7/><N who="2" m="1271" /><F10/><W33/><G33/><T119/><D119/><U11/><E11/><V16/><F19/><W70/><G70/><T44/><D115/><U109/><E109/><V66/><F102/><W60/><G60/><T8/><D8/><U31/><E31/><V127/><F127/><W32/><G32/><T91/><D91/><U108/><E3/><V123/><F123/><W95/><G111/><T73/><D73/><U135/><E135/><V22/><F20/><W28/><G95/><T38/><D38/><U55/><E108/><V27/><F24/><AGARI ba="2,0" hai="24,25,26,43,44,50,57,58,64,65,67,132,133,134" machi="24" ten="50,8000,1" yaku="20,1,52,3" doraHai="62" who="0" fromWho="2" sc="127,86,598,0,126,-86,149,0" /><AGARI ba="2,0" hai="17,21,24,48,55,59,72,77,82,86,87,92,97,100" machi="24" ten="30,1000,0" yaku="7,1" doraHai="62" who="1" fromWho="2" sc="213,0,598,10,40,-10,149,0" owari="213,1.3,608,70.8,30,-47.0,149,-25.1" /></mjloggm>