<mjloggm ver="2.3"><GO type="225" lobby="0"/><UN n0="%72%61%6B%33" n1="%E3%82%A2%E3%82%A4%E3%82%B9%E3%83%86%E3%82%A3%E3%83%BC%E3%81%82%E3%81%B9" n2="%38%63%E3%81%AF%E3%81%A3%E3%81%97%E3%83%BC" n3="%6B%65%6E%6E%64%69" dan="17,16,16,16" rate="2145.62,2100.43,2113.84,2182.08" sx="M,M,M,M"/><TAIKYOKU oya="0"/><INIT seed="0,0,0,3,0,44" ten="250,250,250,250" oya="0" hai0="70,9,53,19,94,23,2,52,42,76,14,36,79" hai1="58,67,100,46,32,68,6,5,118,34,107,128,18" hai2="124,129,88,1,91,74,28,16,120,41,102,112,73" hai3="60,20,92,48,57,116,108,90,71,84,13,27,115"/><T111/><D70/><U103/><E68/><V11/><F120/><W49/><G115/><T110/><D94/><U109/><E109/><N who="0" m="41481" /><D42/><U38/><E118/><V40/><F28/><N who="3" m="17511" /><G71/><T135/><D36/><U123/><E18/><V101/><F112/><W126/><G126/><T85/><D135/><U86/><E86/><V33/><F33/><W17/><G116/><T50/><D85/><U78/><E78/><N who="0" m="29737" /><D50/><N who="3" m="19561" /><G108/><T83/><D83/><U82/><E82/><V45/><F124/><W55/><G17/><N who="0" m="8399" /><D2/><U87/><E38/><V119/><F1/><W80/><G13/><AGARI ba="0,0" hai="13,19,23,52,53" m="8399,29737,41481" machi="13" ten="30,5800,0" yaku="14,1,10,1,54,1" doraHai="44" who="0" fromWho="3" sc="250,58,250,0,250,0,250,-58" /><INIT seed="0,1,0,4,3,97" ten="308,250,250,192" oya="0" hai0="31,4,123,35,102,107,76,42,90,25,135,91,133" hai1="41,5,28,131,24,1,86,95,0,2,103,104,83" hai2="22,61,121,116,37,56,59,20,36,100,87,55,8" hai3="127,132,32,65,85,126,15,34,70,128,51,43,108"/><T16/><D123/><U53/><E131/><V124/><F121/><W118/><G118/><T33/><D33/><U21/><E104/><V92/><F116/><W122/><G122/><T78/><D4/><U125/><E41/><V112/><F112/><W117/><G117/><T3/><D3/><U45/><E125/><N who="3" m="47626" /><G128/><T98/><D42/><U11/><E45/><V29/><F124/><W115/><G115/><T94/><D16/><U80/><E53/><V93/><F8/><W66/><G108/><T113/><D113/><U119/><E119/><V109/><F109/><W63/><G132/><N who="0" m="50763" /><D90/><U120/><E120/><V101/><F29/><W10/><G34/><T18/><D18/><U12/><REACH who="1" step="1"/><E86/><AGARI ba="1,0" hai="25,31,35,76,78,86,91,94,98,102,107" m="50763" machi="86" ten="30,2900,0" yaku="20,1,52,1" doraHai="97" who="0" fromWho="1" sc="308,32,250,-32,250,0,192,0" /><INIT seed="0,2,0,5,5,103" ten="340,218,250,192" oya="0" hai0="104,71,125,94,4,131,62,1,113,117,28,17,15" hai1="45,39,0,122,114,36,59,70,55,118,121,40,29" hai2="99,130,78,64,46,50,2,97,61,128,88,68,22" hai3="31,53,112,8,101,133,85,83,75,100,135,86,98"/><T106/><D113/><U79/><E0/><V16/><F78/><N who="3" m="44511" /><G53/><T63/><D117/><U35/><E79/><V48/><F2/><W32/><G8/><T69/><D28/><U111/><E29/><V76/><F76/><W84/><G32/><T49/><D94/><U74/><E74/><V65/><F65/><W91/><G31/><T13/><D49/><N who="1" m="31215" /><E35/><V108/><F108/><W89/><G112/><T25/><D1/><U107/><E107/><V72/><F72/><W80/><G100/><T124/><D131/><N who="2" m="50218" /><F88/><N who="3" m="33867" /><G80/><T123/><D17/><U57/><E114/><V51/><F46/><W14/><G14/><AGARI ba="2,0" hai="14,16,22,48,50,51,61,64,68,97,99" m="50218" machi="14" ten="30,2000,0" yaku="19,1,54,1" doraHai="103" who="2" fromWho="3" sc="340,0,218,0,250,26,192,-26" /><INIT seed="1,0,0,1,1,105" ten="340,218,276,166" oya="1" hai0="126,119,48,115,110,84,54,0,112,16,60,37,43" hai1="134,29,19,30,74,85,62,27,66,13,133,28,99" hai2="41,56,83,36,52,33,108,107,47,7,22,80,1" hai3="96,8,88,79,40,3,103,10,67,98,114,121,31"/><U5/><E5/><V57/><F33/><W51/><G121/><T71/><D0/><U72/><E27/><V32/><F32/><W127/><G114/><T46/><D119/><U102/><E85/><V130/><F107/><W87/><G127/><T73/><D73/><U42/><E42/><V104/><F104/><W93/><G67/><N who="0" m="41447" /><D84/><U12/><E99/><V135/><F108/><W69/><G69/><T109/><D16/><U59/><E102/><V44/><F22/><W97/><G31/><T125/><D115/><U132/><E13/><V49/><F135/><W90/><G79/><T24/><D24/><U61/><E62/><V86/><F130/><W118/><G118/><T17/><D17/><U11/><AGARI ba="0,0" hai="11,12,19,28,29,30,59,61,66,72,74,132,133,134" machi="11" ten="40,12000,1" yaku="0,1,20,1,52,2" doraHai="105" who="1" fromWho="1" sc="340,-40,218,120,276,-40,166,-40" /><INIT seed="1,1,0,1,2,69" ten="300,338,236,126" oya="1" hai0="6,112,46,132,2,89,8,47,56,51,80,98,0" hai1="95,42,97,88,57,48,19,13,96,20,27,127,102" hai2="104,26,11,91,65,18,61,93,17,71,123,30,72" hai3="49,107,37,5,22,82,68,16,120,99,125,87,90"/><U24/><E127/><V12/><F72/><W55/><G125/><T10/><D112/><U60/><E42/><V126/><F126/><W39/><G120/><T34/><D34/><U44/><E44/><V15/><F104/><W114/><G68/><T106/><D132/><U63/><E48/><V110/><F110/><W113/><G5/><T111/><D111/><U54/><REACH who="1" step="1"/><E60/><REACH who="1" ten="300,328,236,126" step="2"/><V67/><F123/><W70/><G114/><T40/><D47/><U23/><E23/><V105/><F61/><W121/><G113/><T35/><D51/><U32/><E32/><V81/><F71/><W75/><G70/><T131/><D35/><U133/><E133/><V118/><F118/><W43/><G121/><T79/><D46/><U92/><AGARI ba="1,1" hai="13,19,20,24,27,54,57,63,88,92,95,96,97,102" machi="92" ten="20,12000,1" yaku="1,1,0,1,7,1,8,1,54,1,53,0" doraHai="69" doraHaiUra="64" who="1" fromWho="1" sc="300,-41,328,133,236,-41,126,-41" /><INIT seed="1,2,0,3,2,73" ten="259,461,195,85" oya="1" hai0="90,47,95,92,107,110,41,33,105,117,96,46,84" hai1="9,113,57,67,70,119,82,13,72,115,74,100,106" hai2="80,36,40,27,11,5,30,109,89,25,31,16,2" hai3="48,102,7,18,24,28,104,69,60,50,91,111,76"/><U88/><E70/><V132/><F40/><W66/><G111/><T130/><D33/><U64/><E119/><V122/><F36/><W97/><G91/><T99/><D117/><U75/><E100/><V6/><F89/><W37/><G37/><T133/><D110/><U65/><E106/><V26/><F80/><W62/><G7/><T3/><D3/><U116/><E116/><V14/><F109/><W134/><G134/><T56/><D130/><U83/><E57/><V63/><F63/><W87/><G18/><T81/><D56/><U4/><REACH who="1" step="1"/><E88/><REACH who="1" ten="259,451,195,85" step="2"/><V15/><F132/><W108/><G108/><T61/><D107/><U114/><AGARI ba="2,1" hai="4,9,13,64,65,67,72,74,75,82,83,113,114,115" machi="114" ten="50,12000,1" yaku="1,1,2,1,0,1,29,2,53,0" doraHai="73" doraHaiUra="51" who="1" fromWho="1" sc="259,-42,451,136,195,-42,85,-42" /><INIT seed="1,3,0,5,2,26" ten="217,587,153,43" oya="1" hai0="80,46,2,101,96,43,22,77,57,107,127,8,47" hai1="52,105,64,126,116,78,63,50,45,38,103,14,34" hai2="15,92,6,124,36,27,85,40,131,99,13,67,48" hai3="76,31,55,29,93,69,115,81,128,91,11,21,108"/><U117/><E126/><V4/><F36/><W112/><G69/><T23/><D47/><U49/><E38/><V28/><F124/><W41/><G108/><T17/><D57/><U16/><E34/><V7/><F131/><W132/><G128/><T129/><D127/><U62/><E62/><V3/><F3/><W70/><G70/><T10/><D129/><U39/><E39/><V110/><F110/><W60/><G132/><T97/><D97/><U30/><E30/><N who="3" m="11274" /><G115/><T125/><D125/><U51/><E78/><V118/><F118/><W133/><G133/><T90/><D90/><U37/><E103/><V33/><F85/><N who="3" m="48295" /><G112/><T58/><D58/><U82/><E82/><V130/><F130/><W106/><G106/><T86/><D2/><U44/><E105/><V134/><F67/><W95/><G41/><T56/><D56/><N who="1" m="36967" /><E16/><V61/><F61/><W79/><G79/><T65/><D65/><U18/><E18/><V98/><F134/><W42/><G60/><T1/><D1/><U35/><E14/><V109/><F109/><W0/><G0/><T113/><D113/><U53/><E35/><V68/><F68/><W66/><G66/><T19/><D22/><U119/><E37/><V32/><F32/><W114/><G114/><T71/><D71/><U73/><E73/><V104/><F104/><W94/><G21/><T122/><D122/><U121/><E49/><V9/><F48/><W100/><G100/><T54/><D23/><U5/><E121/><V123/><F123/><W74/><G91/><T120/><D120/><U102/><E102/><V87/><F33/><RYUUKYOKU ba="3,0" sc="217,-10,587,30,153,-10,43,-10" hai1="5,44,45,50,51,52,53,116,117,119" /><INIT seed="1,4,0,2,1,123" ten="207,617,143,33" oya="1" hai0="57,56,29,26,5,19,67,94,90,128,106,124,117" hai1="23,49,101,21,17,45,72,113,114,24,41,83,59" hai2="135,48,104,99,12,115,66,55,22,51,11,10,42" hai3="107,79,53,43,60,61,2,46,98,28,93,86,64"/><U87/><E72/><V34/><F34/><W70/><G2/><T131/><D106/><U38/><E101/><V95/><F104/><W33/><G79/><T47/><D117/><U96/><E96/><V4/><F135/><W15/><G86/><T7/><D47/><U109/><E109/><V88/><F115/><W134/><G134/><T112/><D19/><U65/><E23/><V31/><F66/><W9/><G60/><T78/><D78/><U73/><E73/><V76/><F76/><W54/><G107/><T127/><D112/><U8/><E8/><V14/><F42/><W91/><G28/><T110/><D110/><U52/><REACH who="1" step="1"/><E65/><REACH who="1" ten="207,607,143,33" step="2"/><V84/><F99/><W119/><G33/><T108/><D67/><U126/><E126/><V35/><F35/><W16/><REACH who="3" step="1"/><G119/><REACH who="3" ten="207,607,143,23" step="2"/><T25/><D124/><U105/><E105/><V18/><F31/><W132/><G132/><T82/><D29/><U118/><E118/><V63/><F22/><W30/><G30/><T130/><D127/><U97/><E97/><V40/><F84/><W125/><G125/><T44/><D131/><U92/><E92/><V6/><F95/><W1/><G1/><T133/><D94/><U89/><AGARI ba="4,2" hai="17,21,24,38,41,45,49,52,59,83,87,89,113,114" machi="89" ten="20,12000,1" yaku="1,1,0,1,7,1,54,1,53,1" doraHai="123" doraHaiUra="68" who="1" fromWho="1" sc="207,-44,607,152,143,-44,23,-44" owari="163,-3.7,759,85.9,99,-30.1,-21,-52.1" /></mjloggm>