<mjloggm ver="2.3"><GO type="225" lobby="0"/><UN n0="%61%6D%65%6B%69" n1="%E3%82%BC%E3%83%AB%E3%83%80%E3%81%AE%E4%BC%9D%E8%AA%AC" n2="%E3%81%86%E3%82%8C%E3%81%9F%E3%82%93%E6%9E%95" n3="%E3%81%9F%E3%81%A3%E3%81%A1%E3%82%87" dan="16,16,16,16" rate="2093.59,2134.73,2108.17,2099.69" sx="M,M,F,M"/><TAIKYOKU oya="0"/><INIT seed="0,0,0,5,5,96" ten="250,250,250,250" oya="0" hai0="100,19,77,97,0,98,27,30,115,129,87,109,1" hai1="125,61,124,71,120,126,62,60,2,65,102,59,90" hai2="108,32,69,76,31,133,111,85,134,45,88,44,67" hai3="73,93,58,78,112,38,39,37,119,79,99,41,131"/><T80/><D115/><U47/><E2/><V101/><F31/><W55/><G112/><T11/><D129/><U82/><E120/><V36/><F32/><W17/><G119/><T72/><D109/><N who="2" m="42058" /><F76/><W3/><G3/><T46/><D46/><N who="2" m="18026" /><F101/><W10/><G131/><T34/><D97/><U54/><E47/><V70/><F36/><W105/><G41/><T48/><D48/><N who="1" m="31175" /><E102/><V64/><F64/><W21/><G10/><T29/><D29/><U92/><E82/><N who="2" m="49207" /><F67/><W12/><G105/><T14/><REACH who="0" step="1"/><D72/><REACH who="0" ten="240,250,250,250" step="2"/><U15/><E15/><V128/><F128/><W132/><G73/><T63/><D63/><U26/><E26/><V28/><F28/><W104/><G104/><AGARI ba="0,1" hai="0,1,11,14,19,27,30,34,77,80,87,98,100,104" machi="104" ten="30,5800,0" yaku="1,1,7,1,52,1,53,0" doraHai="96" doraHaiUra="122" who="0" fromWho="3" sc="240,68,250,0,250,0,250,-58" /><INIT seed="0,1,0,5,3,94" ten="308,250,250,192" oya="0" hai0="95,128,107,20,108,115,48,105,60,110,92,67,80" hai1="10,18,74,53,81,85,90,83,43,32,98,66,56" hai2="12,77,27,14,87,13,57,16,51,119,19,106,100" hai3="86,0,103,69,15,2,41,39,44,88,125,130,101"/><T134/><D115/><U68/><E32/><V8/><F119/><W61/><G130/><T102/><D128/><U31/><E31/><V118/><F118/><W117/><G117/><T49/><D134/><U120/><E120/><V37/><F37/><W7/><G125/><T133/><D133/><U70/><E43/><V36/><F36/><W76/><G76/><T113/><D113/><U132/><E66/><V33/><F106/><W109/><G109/><N who="0" m="42091" /><D80/><U46/><E132/><V104/><F104/><N who="0" m="40010" /><D20/><U40/><E81/><N who="2" m="47535" /><F100/><W97/><G101/><T59/><D92/><U75/><E75/><V73/><F73/><W17/><G7/><T124/><D124/><U96/><E74/><V35/><F35/><W23/><G69/><T71/><D71/><U123/><E123/><V45/><F33/><W129/><G129/><T72/><D72/><U4/><E68/><V24/><F57/><W47/><G44/><T22/><D22/><U121/><E70/><V5/><F14/><W93/><REACH who="3" step="1"/><G61/><REACH who="3" ten="308,250,250,182" step="2"/><T3/><D3/><U28/><E121/><V82/><F5/><W116/><G116/><T122/><D122/><U111/><E111/><V91/><F91/><W55/><G55/><T52/><D52/><U135/><E135/><V65/><F65/><W21/><G21/><T89/><D102/><U1/><E53/><N who="2" m="29935" /><F82/><AGARI ba="1,1" hai="0,2,15,17,23,39,41,47,82,86,88,93,97,103" machi="82" ten="30,7700,0" yaku="1,1,7,1,52,1,54,1,53,0" doraHai="94" doraHaiUra="54" who="3" fromWho="2" sc="308,0,250,0,250,-80,182,90" /><INIT seed="1,0,0,5,3,100" ten="308,250,170,272" oya="1" hai0="99,34,16,1,70,41,50,72,52,108,107,57,65" hai1="104,76,126,40,103,20,8,75,43,79,19,135,36" hai2="73,95,112,96,74,80,61,44,134,114,117,37,49" hai3="21,83,124,94,6,46,133,22,13,71,118,91,132"/><U63/><E126/><V7/><F117/><W90/><G118/><T67/><D72/><U3/><E135/><N who="3" m="51786" /><G71/><T98/><D34/><U128/><E128/><V30/><F134/><W115/><G115/><T17/><D1/><U92/><E92/><V32/><F37/><W110/><G110/><T24/><D108/><U120/><E120/><V122/><F122/><W35/><G35/><T38/><D24/><U119/><E63/><V28/><F7/><W53/><G83/><T82/><D82/><N who="1" m="45343" /><E43/><V27/><F28/><W77/><G77/><T129/><D129/><U68/><E79/><V29/><F30/><W78/><G78/><T42/><D42/><U0/><E119/><V97/><F80/><W127/><G91/><T111/><D111/><U116/><E116/><V123/><F123/><W64/><G64/><T12/><D67/><U31/><E68/><V89/><F61/><W105/><G105/><T84/><D107/><U130/><E130/><V85/><F74/><W5/><G46/><N who="0" m="23863" /><D84/><U25/><E31/><V48/><F73/><W55/><G55/><T93/><D93/><U11/><E40/><V54/><REACH who="2" step="1"/><F49/><REACH who="2" ten="308,250,160,272" step="2"/><W47/><G124/><T69/><D17/><U9/><E36/><V102/><F102/><W62/><G127/><T26/><D16/><U2/><E103/><V86/><F86/><N who="3" m="52567" /><G62/><T131/><D131/><U109/><E109/><V81/><F81/><W18/><G5/><T56/><D50/><U4/><E4/><V125/><F125/><W121/><G6/><T88/><D70/><U101/><E101/><V39/><F39/><W10/><G121/><RYUUKYOKU ba="0,1" sc="308,-30,250,10,160,10,272,10" hai1="0,2,3,8,9,11,19,20,25,104" hai2="27,29,32,44,48,54,85,89,95,96,97,112,114" hai3="10,13,18,21,22,47,53" /><INIT seed="1,1,1,3,0,58" ten="278,260,170,282" oya="1" hai0="36,17,2,32,33,90,56,8,71,109,132,0,106" hai1="67,20,50,72,130,128,124,21,113,116,1,77,29" hai2="43,118,31,122,79,93,61,97,14,92,127,26,15" hai3="40,46,4,129,88,114,66,108,102,52,104,25,59"/><U5/><E113/><V60/><F127/><W134/><G114/><T126/><D71/><U81/><E116/><V9/><F118/><W62/><G108/><T105/><D36/><U86/><E124/><V54/><F122/><W110/><G110/><T34/><D109/><U22/><E50/><V78/><F43/><W119/><G129/><N who="1" m="49770" /><E67/><V39/><F39/><W35/><G4/><T48/><D126/><U65/><E65/><V68/><F68/><W19/><G134/><T95/><D132/><U57/><E57/><V98/><F26/><W69/><G88/><T83/><D48/><U133/><E133/><V123/><F9/><W70/><G70/><T37/><D37/><U76/><E29/><V120/><REACH who="2" step="1"/><F54/><REACH who="2" ten="278,260,160,282" step="2"/><W99/><G119/><T112/><D112/><U10/><E77/><V47/><F47/><W121/><G52/><T3/><D8/><U63/><E10/><V64/><F64/><W12/><G69/><T107/><D56/><U44/><E44/><V6/><F6/><W13/><G121/><T115/><D115/><U53/><E5/><V49/><F49/><W27/><G46/><T7/><D7/><U117/><E117/><V101/><F101/><W94/><G40/><T103/><D103/><U100/><E100/><V16/><F16/><W24/><G19/><T91/><D17/><U96/><E53/><V87/><F87/><W38/><G38/><T11/><D11/><U85/><E85/><V30/><AGARI ba="1,2" hai="14,15,30,31,60,61,78,79,92,93,97,98,120,123" machi="30" ten="25,12000,2" yaku="1,1,0,1,22,2,52,2,53,0" doraHai="58" doraHaiUra="28" who="2" fromWho="2" sc="278,-31,260,-61,160,143,282,-31" /><INIT seed="2,0,0,0,1,1" ten="247,199,303,251" oya="2" hai0="68,74,56,34,72,128,28,12,106,30,129,35,20" hai1="111,135,121,6,104,119,37,27,57,65,36,73,131" hai2="133,85,66,8,41,120,99,95,29,67,69,86,48" hai3="100,11,89,116,50,52,19,55,88,79,3,96,112"/><V61/><F120/><W42/><G116/><T103/><D68/><U44/><E27/><V22/><F133/><W76/><G112/><T45/><D45/><U23/><E23/><V15/><F67/><W25/><G42/><T62/><D103/><U32/><E44/><V115/><F115/><W118/><G118/><T81/><D106/><U90/><E57/><V16/><F48/><W31/><G3/><T102/><D102/><U84/><E65/><V107/><F107/><W101/><G55/><T54/><D12/><U105/><E84/><V18/><F29/><N who="0" m="11370" /><D20/><U0/><E90/><N who="3" m="34922" /><G31/><T70/><D70/><U87/><E6/><V5/><F18/><W17/><G17/><T109/><D81/><U77/><E87/><V108/><F108/><W14/><G25/><T26/><D26/><U39/><E39/><V64/><F41/><W49/><G49/><T126/><D109/><U4/><E105/><V47/><F47/><N who="3" m="27743" /><G100/><T53/><D53/><U134/><E37/><V123/><F123/><W92/><AGARI ba="0,0" hai="11,14,19,76,79,92,96,101" m="27743,34922" machi="92" ten="30,4000,0" yaku="8,1,54,2" doraHai="1" who="3" fromWho="3" sc="247,-10,199,-10,303,-20,251,40" /><INIT seed="3,0,0,2,3,38" ten="237,189,283,291" oya="3" hai0="120,7,104,26,33,2,31,74,0,14,95,122,56" hai1="58,18,75,101,43,111,22,121,108,52,30,36,44" hai2="129,53,21,27,48,10,32,85,96,39,103,99,90" hai3="17,86,47,128,105,28,59,57,35,29,63,11,55"/><W92/><G105/><T40/><D74/><U94/><E121/><V65/><F39/><W64/><G128/><T83/><D104/><U19/><E75/><V89/><F129/><W73/><G73/><T113/><D83/><U54/><E30/><N who="3" m="11882" /><G35/><T124/><D113/><U115/><E115/><V51/><F32/><W110/><G110/><N who="1" m="42026" /><E58/><V62/><F10/><W102/><G47/><T15/><D124/><U81/><E81/><V16/><F103/><W82/><G92/><T72/><D72/><U79/><E79/><V76/><F76/><N who="3" m="46407" /><G102/><T125/><D125/><U23/><E101/><V77/><F77/><W109/><G109/><T46/><D56/><U49/><E94/><N who="2" m="54575" /><F90/><W87/><G87/><T114/><D114/><U69/><E69/><V132/><F132/><W41/><G41/><T84/><D84/><U88/><E88/><V68/><F68/><W1/><G1/><T100/><D95/><U20/><E36/><V34/><F34/><W117/><G117/><T131/><D100/><U80/><E80/><V13/><F65/><W9/><G17/><AGARI ba="0,0" hai="17,18,19,20,22,23,43,44,49,52,54" m="42026" machi="17" ten="30,3900,0" yaku="14,1,52,1,54,1" doraHai="38" who="1" fromWho="3" sc="237,0,189,39,283,0,291,-39" /><INIT seed="4,0,0,4,4,38" ten="237,228,283,252" oya="0" hai0="32,58,79,4,120,80,11,21,49,82,36,126,68" hai1="113,116,96,65,2,64,18,56,44,122,51,20,27" hai2="102,101,35,9,112,97,26,52,13,29,33,19,31" hai3="34,121,108,93,25,111,59,62,15,10,17,89,22"/><T100/><D32/><U48/><E116/><V39/><F39/><W57/><G34/><T114/><D36/><U91/><E122/><V76/><F112/><W130/><G130/><T83/><D68/><U90/><E2/><V124/><F124/><W78/><G78/><T63/><D120/><U94/><E113/><V131/><F131/><W77/><G77/><T134/><D134/><U123/><E123/><V40/><F40/><W85/><G57/><T46/><D126/><U45/><E90/><V115/><F76/><W47/><G121/><T117/><D117/><U16/><E18/><V95/><F115/><W5/><REACH who="3" step="1"/><G47/><REACH who="3" ten="237,228,283,242" step="2"/><N who="1" m="17994" /><E56/><V99/><F35/><W24/><G24/><T133/><D114/><U81/><E81/><V37/><F33/><W23/><G23/><T84/><D21/><U60/><E60/><V110/><F26/><W43/><G43/><N who="0" m="24799" /><D133/><U98/><E98/><V61/><F99/><W14/><G14/><N who="0" m="5479" /><D100/><U28/><E28/><V75/><F29/><W87/><G87/><T6/><D6/><U125/><E125/><V106/><F31/><W41/><G41/><T105/><D105/><U66/><AGARI ba="0,1" hai="16,20,27,48,51,64,65,66,91,94,96" m="17994" machi="66" ten="30,2000,0" yaku="8,1,54,1" doraHai="38" who="1" fromWho="1" sc="237,-10,228,30,283,-5,242,-5" /><INIT seed="5,0,0,1,0,18" ten="227,258,278,237" oya="1" hai0="96,30,86,118,64,98,113,60,45,80,100,97,83" hai1="59,40,78,12,47,90,112,119,110,37,19,3,5" hai2="22,50,85,122,26,127,4,62,114,43,133,6,15" hai3="70,52,120,58,65,46,35,0,68,105,29,106,49"/><U44/><E119/><V27/><F122/><W67/><G0/><T103/><D118/><U54/><E112/><V71/><F71/><W24/><G120/><T109/><D109/><U94/><E110/><V131/><F62/><W13/><G13/><T95/><D113/><U10/><E78/><V33/><F114/><W81/><G81/><T102/><D45/><U130/><E130/><V9/><F131/><W66/><REACH who="3" step="1"/><G58/><REACH who="3" ten="227,258,278,227" step="2"/><N who="0" m="36887" /><D30/><U57/><E3/><V41/><F15/><W16/><G16/><T84/><D95/><U124/><E19/><V63/><F4/><W25/><G25/><T123/><D123/><U93/><E94/><V132/><F26/><W72/><G72/><T126/><D126/><U23/><E124/><V74/><F127/><W55/><G55/><T88/><D102/><U51/><E57/><V99/><F74/><W17/><G17/><T111/><D111/><U36/><E59/><V14/><F27/><W135/><G135/><T20/><D20/><U69/><E69/><AGARI ba="0,1" hai="24,29,35,46,49,52,65,66,67,68,69,70,105,106" machi="69" ten="40,2600,0" yaku="1,1,54,1,53,0" doraHai="18" doraHaiUra="7" who="3" fromWho="1" sc="227,0,258,-26,278,0,227,36" /><INIT seed="6,0,0,3,0,92" ten="227,232,278,263" oya="2" hai0="117,32,59,102,73,22,74,105,29,7,50,89,129" hai1="93,33,46,98,37,9,90,25,75,88,83,116,3" hai2="4,119,112,65,79,123,34,2,12,39,114,8,135" hai3="86,69,68,66,10,80,111,16,62,84,125,36,45"/><V42/><F119/><W64/><G111/><T31/><D129/><U118/><E33/><V76/><F123/><W103/><G125/><T6/><D117/><U94/><E25/><V30/><F65/><W122/><G122/><T52/><D32/><U120/><E120/><V70/><F70/><W101/><G86/><T104/><D89/><U97/><E3/><V131/><F42/><W81/><G81/><T35/><D35/><U108/><E108/><V48/><F48/><W121/><G121/><T113/><D113/><N who="2" m="43626" /><F39/><W63/><G45/><T21/><D50/><U72/><E9/><N who="2" m="2199" /><F135/><W24/><G36/><T47/><D47/><U19/><E19/><N who="2" m="8583" /><F131/><W1/><G1/><T23/><D23/><U51/><E37/><V134/><F134/><W124/><G124/><T38/><D38/><U18/><E118/><V107/><F107/><W55/><G55/><T41/><D41/><U133/><E133/><V95/><F95/><W87/><G10/><T78/><D52/><U54/><E116/><V49/><F49/><W13/><G13/><T20/><D20/><U61/><E61/><V5/><F5/><W26/><G80/><T126/><D126/><U77/><E18/><AGARI ba="0,0" hai="16,18,24,26,62,63,64,66,68,69,84,87,101,103" machi="18" ten="25,3200,0" yaku="22,2,54,1" doraHai="92" who="3" fromWho="1" sc="227,0,232,-32,278,0,263,32" /><INIT seed="7,0,0,4,1,120" ten="227,200,278,295" oya="3" hai0="6,91,48,27,21,132,124,62,103,71,76,53,28" hai1="7,25,59,129,117,122,113,133,37,94,26,32,112" hai2="41,44,107,34,66,98,1,85,114,86,102,96,134" hai3="23,88,121,17,79,108,125,57,130,54,81,131,2"/><W8/><G125/><T40/><D124/><U29/><E122/><V72/><F1/><W116/><G116/><T84/><D132/><U110/><E117/><V104/><F34/><W46/><G108/><T45/><D103/><U10/><E37/><V33/><F33/><W105/><G105/><T61/><D71/><U109/><E133/><V92/><F134/><W97/><G46/><T106/><D106/><U63/><E94/><V55/><F66/><W3/><G8/><T15/><D53/><N who="1" m="34287" /><E26/><V78/><F55/><W0/><G88/><T24/><D24/><U118/><E118/><V51/><F114/><N who="1" m="44137" /><E129/><N who="3" m="49162" /><G97/><T70/><D70/><U123/><E123/><V87/><REACH who="2" step="1"/><F96/><REACH who="2" ten="227,200,268,295" step="2"/><W42/><G121/><T64/><D64/><U31/><E31/><V101/><F101/><W126/><G126/><T74/><D28/><U99/><E99/><V38/><F38/><W67/><G67/><T19/><D62/><U119/><E119/><V12/><F12/><AGARI ba="0,1" hai="7,10,12,25,29,32,109,110" m="44137,34287" machi="12" ten="30,3900,0" yaku="15,1,52,2" doraHai="120" who="1" fromWho="2" sc="227,0,200,49,268,-39,295,0" owari="227,-27.3,249,4.9,229,-17.1,295,39.5" /></mjloggm>