<mjloggm ver="2.3"><GO type="225" lobby="0"/><UN n0="%E3%81%B5%E3%81%98%E3%81%8B%E3%81%A4" n1="%70%6E%64%73%6E%67" n2="%E3%81%B8%E3%82%80%E3%81%B8%E3%82%80%EF%BC%92%E5%8F%B7" n3="%48%61%61%61%6C%61%6E%64" dan="16,16,16,18" rate="2094.91,2094.14,2125.99,2214.58" sx="M,M,M,M"/><TAIKYOKU oya="0"/><INIT seed="0,0,0,0,2,56" ten="250,250,250,250" oya="0" hai0="108,5,16,31,114,63,41,94,27,35,2,80,38" hai1="90,74,59,36,33,131,119,57,67,98,112,91,54" hai2="101,132,100,37,69,7,21,121,55,66,53,126,17" hai3="115,42,88,62,113,92,61,52,3,84,133,12,68"/><T14/><D114/><U58/><E119/><V110/><F121/><W124/><G3/><T111/><D80/><U24/><E112/><V128/><F37/><W26/><G42/><T43/><D94/><U85/><E74/><V73/><F73/><W129/><G124/><T120/><D120/><U32/><E36/><V64/><F126/><W15/><G129/><T11/><D63/><N who="3" m="24073" /><G68/><T116/><D116/><U48/><E131/><V9/><F69/><W96/><G115/><T1/><D1/><U65/><E98/><V102/><F110/><N who="0" m="42026" /><D38/><U81/><E90/><V49/><F128/><W86/><G113/><T123/><D123/><U93/><E81/><V75/><F75/><W76/><G133/><T134/><D134/><U13/><E13/><N who="3" m="5194" /><G76/><T70/><D70/><U51/><E24/><V71/><F71/><W122/><G122/><T8/><AGARI ba="0,0" hai="2,5,8,11,14,16,27,31,35,41,43" m="42026" machi="8" ten="30,6000,0" yaku="14,1,10,1,54,1" doraHai="56" who="0" fromWho="0" sc="250,60,250,-20,250,-20,250,-20" /><INIT seed="0,1,0,5,1,115" ten="310,230,230,230" oya="0" hai0="64,120,101,21,32,68,25,16,123,48,50,107,86" hai1="133,88,73,95,59,74,45,58,118,34,55,56,81" hai2="75,35,122,97,114,52,27,102,65,40,60,129,41" hai3="66,128,49,121,2,69,17,127,130,113,98,70,71"/><T116/><D116/><U100/><E118/><V9/><F122/><W104/><G113/><T111/><D32/><U22/><E34/><V33/><F114/><W31/><G121/><T80/><D123/><U28/><E133/><V96/><F75/><W91/><G127/><T103/><D120/><U110/><E110/><V99/><F129/><N who="3" m="49771" /><G2/><T57/><D68/><U5/><E5/><V84/><F102/><N who="0" m="38922" /><D111/><U94/><E74/><V109/><F109/><W15/><G31/><T46/><D46/><U23/><E73/><V4/><F84/><W83/><G104/><T11/><D11/><U51/><E100/><V29/><F35/><W42/><G66/><T106/><D106/><U43/><E43/><V18/><F18/><W78/><G42/><T89/><D107/><U112/><E112/><V77/><F77/><W20/><G49/><T132/><D132/><U47/><E47/><V76/><F76/><W36/><G36/><T90/><D90/><U39/><E39/><V12/><REACH who="2" step="1"/><F52/><REACH who="2" ten="310,230,220,230" step="2"/><W135/><G135/><T119/><D119/><U131/><E131/><V62/><F62/><AGARI ba="1,1" hai="16,21,25,48,50,57,62,64,80,86,89" m="38922" machi="62" ten="30,2900,0" yaku="8,1,54,1" doraHai="115" who="0" fromWho="2" sc="310,42,230,0,220,-32,230,0" /><INIT seed="0,2,0,4,2,135" ten="352,230,188,230" oya="0" hai0="76,18,83,81,111,24,84,43,60,118,9,34,128" hai1="90,42,46,134,65,11,21,57,6,70,38,56,48" hai2="27,44,62,95,104,33,14,63,78,5,126,108,58" hai3="98,7,13,82,106,47,31,75,22,92,122,35,59"/><T28/><D118/><U61/><E134/><V72/><F104/><W19/><G122/><T74/><D128/><U10/><E21/><V32/><F108/><W102/><G7/><T105/><D105/><U30/><E30/><V133/><F133/><W96/><G47/><T119/><D119/><U3/><E38/><V68/><F44/><W50/><G35/><T45/><D60/><U131/><E131/><V109/><F109/><W39/><G39/><T101/><D101/><U37/><E37/><V129/><F129/><W87/><G31/><T125/><D125/><U36/><E36/><V1/><F1/><W8/><G75/><T124/><D124/><U20/><E20/><V93/><F68/><W80/><G8/><T100/><D100/><U40/><E40/><V91/><F63/><W25/><G25/><T88/><D111/><U86/><REACH who="1" step="1"/><E11/><REACH who="1" ten="352,220,188,230" step="2"/><V52/><F126/><W99/><G106/><T114/><D43/><U51/><E51/><V127/><F127/><W97/><REACH who="3" step="1"/><G87/><REACH who="3" ten="352,220,188,220" step="2"/><N who="0" m="50303" /><D9/><U77/><E77/><V115/><F78/><W130/><G130/><T55/><D74/><U103/><E103/><V71/><F72/><W73/><G73/><T15/><D34/><U26/><E26/><V23/><F27/><W85/><G85/><T123/><D28/><U29/><E29/><V49/><F32/><W107/><G107/><T12/><D24/><U79/><E79/><V116/><F33/><W110/><G110/><T54/><D76/><U17/><E17/><V89/><F23/><W4/><G4/><T120/><D18/><U16/><E16/><V121/><F5/><RYUUKYOKU ba="2,2" sc="352,-15,220,15,188,-15,220,15" hai1="3,6,10,42,46,48,56,57,61,65,70,86,90" hai3="13,19,22,50,59,80,82,92,96,97,98,99,102" /><INIT seed="1,3,2,3,3,51" ten="337,235,173,235" oya="1" hai0="92,71,32,134,8,61,14,88,111,3,121,0,58" hai1="20,11,70,120,105,129,56,28,117,87,46,67,39" hai2="108,116,86,21,98,60,37,110,109,27,76,77,106" hai3="118,57,63,43,40,81,55,119,72,13,12,42,73"/><U68/><E105/><V17/><F116/><N who="3" m="44587" /><G81/><T49/><D111/><U41/><E117/><V115/><F115/><W15/><AGARI ba="3,2" hai="12,13,15,40,42,43,55,57,63,72,73" m="44587" machi="15" ten="40,2700,0" yaku="12,1,52,1" doraHai="51" who="3" fromWho="3" sc="337,-10,235,-16,173,-10,235,56" /><INIT seed="2,0,0,1,4,3" ten="327,219,163,291" oya="2" hai0="64,120,6,130,105,38,58,23,7,86,2,96,102" hai1="125,83,87,32,85,59,124,107,37,16,25,60,22" hai2="97,29,114,84,40,82,109,44,9,94,113,129,48" hai3="46,101,110,71,78,127,54,56,4,65,128,21,116"/><V99/><F129/><W93/><G128/><T72/><D120/><U62/><E107/><V53/><F109/><W81/><G110/><T70/><D38/><U95/><E37/><V133/><F133/><W74/><G116/><T92/><D72/><U26/><E95/><V43/><F29/><W63/><G127/><N who="1" m="48714" /><E59/><V115/><F9/><W57/><G4/><N who="0" m="1579" /><D105/><U47/><E47/><V36/><F94/><W61/><G71/><T121/><D70/><U39/><E39/><V27/><F27/><W91/><G101/><T19/><D2/><U131/><E131/><V11/><F11/><W112/><G112/><T24/><D121/><U20/><E32/><V10/><F10/><W122/><G122/><T14/><D86/><N who="1" m="32779" /><E83/><V126/><F126/><W0/><G46/><T35/><D35/><U51/><E51/><V123/><F123/><W118/><G0/><T28/><D130/><U100/><E100/><V75/><F75/><W103/><G103/><T76/><D76/><U15/><E15/><V132/><F132/><W67/><G118/><T106/><D106/><U17/><AGARI ba="0,0" hai="16,17,20,22,25,26,60,62" m="32779,48714" machi="17" ten="30,2000,0" yaku="18,1,54,1" doraHai="3" who="1" fromWho="1" sc="327,-5,219,20,163,-10,291,-5" /><INIT seed="3,0,0,5,3,114" ten="322,239,153,286" oya="3" hai0="18,37,104,82,1,41,48,101,74,122,115,30,53" hai1="72,117,81,71,20,102,107,10,67,91,52,99,38" hai2="19,17,70,83,63,103,34,77,55,64,69,100,44" hai3="109,32,84,15,112,59,73,97,128,27,3,5,133"/><W86/><G112/><T62/><D1/><U130/><E38/><V121/><F121/><W124/><G73/><T119/><D119/><U110/><E110/><V132/><F34/><W129/><G3/><T2/><D62/><U85/><E130/><N who="3" m="50282" /><G109/><T25/><D2/><U126/><E126/><V7/><F7/><W57/><G124/><T75/><D18/><U125/><E125/><V65/><F132/><W68/><G68/><T89/><D41/><U87/><E72/><V95/><F44/><W54/><G133/><T31/><D37/><U60/><E117/><V29/><F29/><N who="3" m="19519" /><G97/><T43/><D31/><U47/><E85/><N who="3" m="32874" /><G54/><T13/><D115/><U98/><E98/><V21/><F55/><W8/><AGARI ba="0,0" hai="5,8,15,57,59" m="32874,19519,50282" machi="8" ten="30,1500,0" yaku="19,1" doraHai="114" who="3" fromWho="3" sc="322,-5,239,-5,153,-5,286,15" /><INIT seed="3,1,0,3,2,15" ten="317,234,148,301" oya="3" hai0="46,80,102,20,48,27,17,115,134,123,4,114,51" hai1="112,10,19,127,81,3,40,73,86,62,28,85,84" hai2="69,111,113,117,105,79,22,98,39,30,104,94,78" hai3="103,32,9,42,63,47,23,128,61,65,70,21,106"/><W133/><G32/><T90/><D123/><U120/><E112/><N who="0" m="43049" /><D134/><U60/><E120/><V5/><F113/><W55/><G133/><T126/><D126/><U74/><E127/><V83/><F117/><W49/><G128/><T58/><D102/><U45/><E28/><V12/><F111/><W99/><G9/><T132/><D132/><U34/><E34/><V110/><F110/><W121/><G121/><T52/><D4/><U71/><E71/><V59/><F69/><W41/><G61/><N who="0" m="36039" /><D46/><U36/><E73/><V72/><F78/><W122/><G122/><T14/><D14/><U124/><E124/><V75/><F75/><W96/><G96/><T0/><D0/><U118/><E118/><V11/><F39/><W56/><G41/><T108/><D108/><U87/><N who="1" m="21504" /><DORA hai="33" /><U67/><E67/><V2/><F59/><W135/><G135/><T29/><D29/><U1/><E19/><V101/><REACH who="2" step="1"/><F30/><REACH who="2" ten="317,234,138,301" step="2"/><W129/><G70/><T8/><D80/><U26/><E81/><V97/><F97/><W95/><G99/><T13/><D90/><U25/><E74/><V77/><F77/><W68/><G68/><T93/><D93/><U7/><E36/><V35/><F35/><W130/><G95/><T16/><AGARI ba="1,1" hai="8,13,16,17,20,27,48,51" m="36039,43049" machi="16" ten="30,8000,1" yaku="11,1,52,2,54,2" doraHai="15,33" who="0" fromWho="0" sc="317,93,234,-21,138,-21,301,-41" owari="410,51.0,213,-18.7,117,-38.3,260,6.0" /></mjloggm>