<mjloggm ver="2.3"><GO type="225" lobby="0"/><UN n0="%E5%8D%A0%E3%81%84%E5%B8%AB%E8%A3%8F%E3%81%AA%E3%81%84%E3%81%97" n1="%4C%4F%4C%49%54%41" n2="%E3%81%B5%E3%81%98%E3%81%8B%E3%81%A4" n3="%E3%83%8F%E3%83%B3%E3%83%89%E3%83%A9%E3%83%BC%E3%83%BB%E3%83%AF%E3%83%B3" dan="17,16,17,17" rate="2224.32,2157.25,2216.02,2209.30" sx="M,F,M,M"/><TAIKYOKU oya="0"/><INIT seed="0,0,0,4,2,4" ten="250,250,250,250" oya="0" hai0="84,115,26,57,30,81,96,36,25,46,13,131,125" hai1="127,68,120,51,16,21,19,43,112,105,75,15,27" hai2="83,78,45,48,34,7,49,54,113,55,52,17,70" hai3="109,10,102,79,106,80,14,41,95,56,90,82,66"/><T123/><D115/><U23/><E120/><V71/><F113/><W107/><G109/><T69/><D69/><U128/><E68/><V73/><F34/><W126/><G126/><T114/><D114/><U6/><E75/><V100/><F100/><W24/><G41/><T9/><D123/><U77/><E105/><V63/><F63/><W121/><G121/><T94/><D131/><U64/><E112/><V86/><F73/><W118/><G118/><T67/><D125/><U101/><E127/><V61/><F7/><W91/><G107/><T11/><D36/><U111/><E77/><V92/><F92/><W50/><G106/><T89/><D46/><N who="1" m="26079" /><E111/><V62/><F17/><N who="3" m="8407" /><G24/><N who="0" m="9323" /><D13/><N who="1" m="9455" /><E128/><V1/><F1/><W87/><G80/><T129/><D30/><N who="1" m="17791" /><E6/><V88/><F78/><W22/><G22/><T28/><D28/><U74/><E74/><V29/><F29/><W134/><G134/><T116/><D116/><U99/><E64/><V38/><F38/><W5/><G5/><T33/><D33/><U104/><E104/><V65/><REACH who="2" step="1"/><F45/><REACH who="2" ten="250,250,240,250" step="2"/><W85/><G102/><N who="0" m="60695" /><D129/><U72/><E72/><V0/><F0/><W35/><G35/><T135/><D135/><U58/><E101/><V32/><F32/><W97/><G95/><T12/><D12/><U3/><E3/><V2/><F2/><W76/><G76/><T133/><D133/><U40/><E15/><V103/><F103/><W18/><G79/><T31/><D31/><U122/><E122/><V37/><F37/><W42/><G18/><T124/><D124/><U20/><E16/><V59/><F59/><W132/><G56/><RYUUKYOKU ba="0,1" sc="250,15,250,-15,240,15,250,-15" hai0="9,11,57,67,81,84,89" hai2="48,49,52,54,55,61,62,65,70,71,83,86,88" /><INIT seed="0,1,1,1,1,98" ten="265,235,255,235" oya="0" hai0="77,47,18,3,124,56,73,28,61,103,107,71,102" hai1="94,89,48,113,7,57,87,130,83,6,134,96,75" hai2="42,24,88,46,114,9,120,104,20,66,121,55,25" hai3="59,110,122,32,62,15,80,86,36,44,54,132,23"/><T76/><D107/><U33/><E33/><V22/><F114/><W81/><G32/><T40/><D71/><U69/><E69/><V74/><F74/><W100/><G110/><T111/><D111/><U117/><E117/><V38/><F104/><W35/><G35/><T65/><D124/><U112/><E130/><V133/><F9/><W41/><G132/><T16/><D3/><U34/><E34/><V63/><F55/><W64/><G122/><T13/><D28/><U52/><E75/><V27/><F133/><W85/><G100/><N who="0" m="38443" /><D73/><U106/><E106/><V31/><F88/><W37/><G37/><T116/><D116/><U115/><REACH who="1" step="1"/><E134/><REACH who="1" ten="265,225,255,235" step="2"/><V91/><F121/><W97/><G36/><T82/><D82/><U43/><E43/><V128/><F42/><W5/><G41/><T11/><D18/><U67/><E67/><V90/><F38/><W8/><G81/><T93/><D93/><U109/><E109/><V60/><F66/><W4/><G80/><T12/><D12/><U70/><E70/><V118/><F118/><W125/><G64/><T19/><D19/><U39/><E39/><V84/><F120/><W92/><G92/><T95/><D95/><U101/><AGARI ba="1,2" hai="6,7,48,52,57,83,87,89,94,96,101,112,113,115" machi="101" ten="30,12000,2" yaku="1,1,0,1,11,1,52,1,54,1,53,1" doraHai="98" doraHaiUra="78" who="1" fromWho="1" sc="265,-61,225,143,255,-31,235,-31" /><INIT seed="1,0,0,5,3,25" ten="204,368,224,204" oya="1" hai0="104,39,90,49,59,36,2,67,130,56,83,31,87" hai1="10,85,96,115,94,107,128,1,101,9,62,126,7" hai2="99,23,76,18,134,80,92,53,46,102,0,75,44" hai3="4,27,133,41,98,43,11,116,97,14,77,42,88"/><U6/><E115/><V84/><F134/><W8/><G133/><T89/><D104/><U5/><E126/><V125/><F125/><W58/><G116/><T70/><D2/><U95/><E128/><V54/><F0/><W22/><G77/><T73/><D73/><U12/><E6/><V120/><F120/><W65/><G11/><T110/><D110/><U20/><E85/><V86/><F86/><W3/><G3/><T121/><D130/><U105/><E94/><V82/><F46/><W48/><G88/><T38/><D121/><U55/><E55/><V108/><F44/><W111/><G111/><T71/><D49/><U24/><REACH who="1" step="1"/><E62/><REACH who="1" ten="204,358,224,204" step="2"/><V93/><F108/><W79/><G79/><T13/><D87/><U45/><E45/><V124/><F92/><W15/><G4/><T26/><D83/><U123/><E123/><V37/><F124/><W51/><G98/><T114/><D114/><U118/><E118/><V47/><F82/><W34/><G97/><T122/><D122/><U113/><E113/><V60/><F60/><W21/><G42/><T57/><D67/><U119/><E119/><V61/><F61/><W30/><G43/><T135/><D135/><U52/><E52/><V109/><F84/><W33/><G41/><T106/><D106/><U117/><E117/><V16/><F109/><W127/><G127/><T103/><D38/><U35/><E35/><V132/><F132/><W32/><G32/><T28/><D36/><U17/><AGARI ba="0,1" hai="1,5,7,9,10,12,17,20,24,95,96,101,105,107" machi="17" ten="20,12000,1" yaku="1,1,0,1,7,1,53,2" doraHai="25" doraHaiUra="100" who="1" fromWho="1" sc="204,-40,358,130,224,-40,204,-40" /><INIT seed="1,1,0,0,3,132" ten="164,488,184,164" oya="1" hai0="72,127,103,121,39,37,99,49,38,97,86,95,91" hai1="102,109,131,68,134,75,12,118,52,130,7,35,135" hai2="105,126,24,123,28,17,51,26,77,18,65,27,129" hai3="67,9,78,47,79,107,112,113,60,84,0,57,36"/><U69/><E75/><V81/><F123/><W44/><G107/><T30/><D121/><U87/><E35/><V33/><F105/><W110/><G110/><T85/><D72/><U92/><E118/><V96/><F65/><W2/><G36/><T53/><D30/><U1/><E1/><V117/><F117/><W4/><G0/><T115/><D115/><U63/><E7/><V80/><F129/><N who="1" m="49161" /><E12/><V23/><F126/><W43/><G43/><T5/><D5/><U13/><E13/><V55/><F96/><W120/><G120/><T82/><D127/><U100/><E87/><V29/><F26/><W34/><G34/><T106/><REACH who="0" step="1"/><D82/><REACH who="0" ten="154,488,184,164" step="2"/><U50/><E134/><V124/><F81/><W11/><G113/><T22/><D22/><U66/><E135/><V88/><F124/><W14/><G112/><T116/><D116/><U61/><E109/><V45/><F33/><W54/><G11/><T48/><D48/><U20/><E20/><N who="2" m="15463" /><F77/><W125/><G125/><T104/><D104/><U83/><E83/><V62/><F62/><W25/><G79/><T89/><D89/><U108/><E108/><V101/><F101/><W70/><G2/><T3/><D3/><U10/><E63/><V64/><F80/><W19/><G78/><T73/><D73/><U94/><E102/><V114/><F114/><W122/><G122/><T98/><D98/><U133/><E100/><V32/><F88/><W111/><G111/><T15/><D15/><U90/><E133/><V74/><F74/><W41/><G84/><T31/><D31/><U93/><E90/><V42/><F32/><RYUUKYOKU ba="1,1" sc="154,30,488,-10,184,-10,164,-10" hai0="37,38,39,49,53,85,86,91,95,97,99,103,106" /><INIT seed="2,2,1,2,4,1" ten="184,478,174,154" oya="2" hai0="133,30,107,128,56,38,64,80,11,113,47,122,109" hai1="40,13,4,8,46,98,134,44,48,15,129,126,69" hai2="41,57,72,10,19,0,114,96,26,60,65,55,28" hai3="117,35,14,88,132,68,127,16,90,2,108,112,79"/><V17/><F114/><W83/><G117/><T27/><D113/><U86/><E69/><V78/><F41/><W103/><G112/><T9/><D122/><U71/><E71/><V45/><F96/><W130/><G2/><T101/><D109/><U52/><E129/><V6/><F72/><W111/><G35/><T33/><D133/><U31/><E126/><V125/><F78/><W70/><G130/><T76/><D128/><U84/><E134/><V61/><F125/><W75/><G127/><T21/><D107/><U93/><E15/><V131/><F131/><W95/><G132/><T87/><D101/><U91/><E31/><V24/><F24/><W32/><G32/><T18/><D38/><AGARI ba="2,1" hai="4,8,13,38,40,44,46,48,52,84,86,91,93,98" machi="38" ten="30,3900,0" yaku="7,1,52,1,54,1" doraHai="1" who="1" fromWho="0" sc="184,-45,478,55,174,0,154,0" /><INIT seed="3,0,0,1,0,45" ten="139,533,174,154" oya="3" hai0="72,15,30,94,127,20,130,83,76,110,64,97,66" hai1="60,68,126,22,8,39,92,122,85,55,67,100,101" hai2="47,38,109,123,73,23,103,56,80,46,71,37,59" hai3="113,74,57,82,61,9,50,116,32,18,49,4,0"/><W3/><G113/><T40/><D110/><U34/><E39/><V121/><F103/><W78/><G116/><T99/><D130/><U115/><E34/><V41/><F109/><W132/><G32/><T51/><D127/><U43/><E43/><N who="2" m="22895" /><F23/><W29/><G29/><T65/><D94/><U52/><E122/><N who="2" m="46603" /><F71/><W69/><G69/><T79/><D79/><AGARI ba="0,0" hai="38,41,47,56,59,73,79,80" m="46603,22895" machi="79" ten="30,1000,0" yaku="13,1" doraHai="45" who="2" fromWho="0" sc="139,-10,533,0,174,10,154,0" owari="129,-37.1,533,63.3,184,-1.6,154,-24.6" /></mjloggm>