<mjloggm ver="2.3"><GO type="225" lobby="0"/><UN n0="%72%61%6B%33" n1="%4B%2E%32%2E%4B%2E" n2="%E6%B8%A9%E2%98%85%E6%83%85%E2%98%85%E6%8E%AA%E2%98%85%E7%BD%AE" n3="%E3%81%99%E3%81%84%E3%81%BE%E3%81%9B%E3%83%BC%E3%82%93" dan="17,17,16,16" rate="2119.41,2199.95,2179.93,2218.74" sx="M,M,M,M"/><TAIKYOKU oya="0"/><INIT seed="0,0,0,3,3,135" ten="250,250,250,250" oya="0" hai0="132,123,114,16,103,47,33,57,68,39,8,45,110" hai1="65,9,91,18,26,81,112,22,32,84,31,2,75" hai2="38,73,131,36,12,23,40,80,121,62,50,109,66" hai3="43,60,74,41,105,113,20,76,5,128,87,28,78"/><T3/><D114/><U7/><E112/><V4/><F121/><W99/><G113/><T133/><D123/><U52/><E75/><V24/><F109/><W54/><G128/><T0/><D68/><U101/><E101/><V119/><F131/><W15/><G74/><T85/><D33/><U1/><E65/><V118/><F80/><W70/><G99/><T56/><D103/><U83/><E52/><V96/><F96/><W51/><G105/><T117/><D85/><U120/><E120/><V48/><F12/><W86/><G60/><T58/><D117/><N who="2" m="44554" /><F4/><W104/><G104/><T97/><D97/><U14/><REACH who="1" step="1"/><E83/><REACH who="1" ten="250,240,250,250" step="2"/><V55/><F73/><W63/><G54/><T69/><D110/><U64/><E64/><V53/><F53/><W72/><G72/><T77/><D133/><U102/><E102/><V6/><F55/><W98/><G43/><T21/><D132/><U42/><E42/><V49/><F40/><W19/><G41/><T35/><D45/><U10/><E10/><V59/><F6/><W106/><G5/><T71/><D47/><U46/><E46/><V125/><F125/><W90/><G51/><T134/><D134/><U30/><E30/><AGARI ba="0,1" hai="23,24,30,36,38,48,49,50,59,62,66" m="44554" machi="30" ten="30,1000,0" yaku="12,1" doraHai="135" who="2" fromWho="1" sc="250,0,240,-10,250,20,250,0" /><INIT seed="1,0,0,0,2,75" ten="250,230,270,250" oya="1" hai0="27,127,115,79,68,63,98,121,118,77,120,60,8" hai1="106,25,2,28,123,19,130,10,132,90,111,85,134" hai2="88,56,73,52,9,97,14,59,107,51,21,35,36" hai3="80,104,64,45,30,39,54,70,119,129,92,124,13"/><U110/><E123/><N who="0" m="47177" /><D115/><U65/><E106/><V15/><F35/><W11/><G104/><T61/><D118/><U84/><E65/><V112/><F36/><W114/><G114/><T24/><D68/><U46/><E130/><V74/><F112/><W4/><G129/><T7/><D98/><U99/><E46/><N who="2" m="27767" /><F74/><W6/><G124/><T42/><D42/><U103/><E103/><V48/><F73/><W50/><G39/><T17/><D127/><U38/><E99/><V67/><F107/><W33/><G119/><T72/><D72/><U41/><E41/><V133/><F133/><N who="1" m="51305" /><E38/><V40/><F67/><W23/><G33/><T135/><D135/><U122/><E122/><V93/><F21/><W128/><G128/><T71/><D71/><U94/><E84/><V44/><F15/><W31/><G64/><T37/><D37/><U20/><E19/><AGARI ba="0,0" hai="9,14,19,40,44,48,56,59,88,93,97" m="27767" machi="19" ten="30,3900,0" yaku="8,1,54,2" doraHai="75" who="2" fromWho="1" sc="250,0,230,-39,270,39,250,0" /><INIT seed="2,0,0,4,1,99" ten="250,191,309,250" oya="2" hai0="112,131,53,80,21,9,16,123,27,55,113,74,20" hai1="95,63,40,33,50,37,25,76,70,104,134,34,61" hai2="42,100,130,85,23,65,77,83,52,106,107,129,64" hai3="87,57,103,111,5,71,117,91,6,28,1,45,116"/><V126/><F126/><W75/><G71/><T62/><D123/><U10/><E104/><V54/><F42/><W101/><G75/><T38/><D38/><U66/><E134/><V114/><F114/><W58/><G111/><T30/><D131/><N who="2" m="50186" /><F23/><W121/><G121/><T96/><D9/><U0/><E37/><V118/><F118/><W69/><G69/><T90/><D74/><U31/><E34/><V29/><F29/><W26/><G1/><T98/><D80/><U102/><E76/><V132/><F132/><W72/><G72/><T127/><D127/><U89/><E61/><V24/><F24/><W115/><G115/><T88/><D62/><U135/><E135/><V124/><F124/><W82/><G45/><T94/><D112/><U22/><E33/><V14/><F14/><W35/><G117/><T18/><D113/><U92/><E89/><V86/><F86/><W36/><G36/><T125/><D125/><U15/><E0/><V4/><F4/><W7/><REACH who="3" step="1"/><G116/><REACH who="3" ten="250,191,309,240" step="2"/><T3/><D3/><U49/><E40/><V12/><F12/><W2/><G2/><T79/><D27/><U13/><E13/><V41/><F41/><W56/><AGARI ba="0,1" hai="5,6,7,26,28,35,56,57,58,82,87,91,101,103" machi="56" ten="30,7900,0" yaku="1,1,0,1,52,2,53,0" doraHai="99" doraHaiUra="44" who="3" fromWho="3" sc="250,-20,191,-20,309,-39,240,89" /><INIT seed="3,0,0,2,4,86" ten="230,171,270,329" oya="3" hai0="107,95,135,47,96,11,62,90,124,53,21,113,13" hai1="48,27,109,14,73,81,51,105,83,70,118,80,58" hai2="19,34,66,84,39,99,134,54,12,64,26,111,91" hai3="115,33,23,67,25,31,116,131,82,101,126,10,88"/><W65/><G115/><T29/><D113/><U98/><E70/><V37/><F111/><W1/><G116/><T5/><D124/><U122/><E122/><V45/><F134/><W16/><G126/><T32/><D135/><U120/><E120/><V79/><F79/><W130/><G101/><T4/><D32/><U18/><E109/><V68/><F99/><W119/><G119/><T72/><D72/><U75/><E118/><V104/><F104/><W74/><G10/><T121/><D121/><U56/><E105/><V85/><F85/><N who="3" m="50231" /><G1/><T94/><D107/><U63/><E27/><V71/><F26/><N who="3" m="14695" /><G74/><T117/><D95/><U103/><E75/><V3/><F3/><W127/><G127/><T125/><D117/><U7/><E7/><V100/><F100/><W50/><G50/><T9/><D9/><U15/><E73/><V60/><F34/><W41/><G41/><T114/><D114/><U110/><E110/><V57/><F39/><W87/><G87/><T46/><D4/><U0/><E0/><V132/><F84/><W108/><G108/><T49/><D125/><U59/><E63/><V35/><F60/><W22/><G33/><T8/><D62/><U43/><E43/><V123/><F35/><W30/><G30/><T61/><D61/><U52/><E48/><V77/><F71/><W44/><G25/><N who="0" m="16559" /><D8/><U17/><E103/><V36/><F68/><W20/><G31/><T2/><D2/><U42/><E42/><V38/><F132/><W112/><G112/><T76/><D76/><U69/><E69/><V133/><F133/><W97/><BYE who="1" /><G67/><RYUUKYOKU ba="0,0" sc="230,30,171,-10,270,-10,329,-10" hai0="5,11,13,46,47,49,53,90,94,96" owari="260,6.0,161,-33.9,260,-14.0,319,41.9" /></mjloggm>