<mjloggm ver="2.3"><GO type="225" lobby="0"/><UN n0="%E6%B8%A9%E2%98%85%E6%83%85%E2%98%85%E6%8E%AA%E2%98%85%E7%BD%AE" n1="%72%69%6F%75%63%68%61%6E" n2="%E3%80%93%E3%81%97%E3%83%BC%E3%82%89%E3%80%93" n3="%54%4F%52" dan="17,16,16,17" rate="2227.02,2136.12,2074.10,2202.15" sx="M,M,M,M"/><TAIKYOKU oya="0"/><INIT seed="0,0,0,5,3,45" ten="250,250,250,250" oya="0" hai0="67,70,117,14,72,89,99,115,83,78,37,93,123" hai1="0,51,121,103,68,57,71,125,36,113,12,111,11" hai2="28,127,91,24,34,106,44,124,41,76,62,27,49" hai3="132,23,120,59,43,92,21,39,133,66,30,108,3"/><T58/><D115/><U64/><E121/><V131/><F106/><W86/><G120/><T10/><D123/><U17/><E113/><V13/><F131/><W97/><G3/><T109/><D117/><U77/><E111/><V53/><F76/><W4/><G108/><T130/><D109/><U100/><E125/><V75/><F75/><W112/><G112/><T61/><D130/><U48/><E36/><V94/><F27/><W29/><G4/><T84/><D37/><U129/><E129/><V80/><F80/><W31/><G86/><T88/><D70/><U63/><E77/><V32/><F32/><W19/><G43/><T33/><D33/><U26/><E0/><V20/><F34/><W40/><G40/><T122/><D122/><U134/><E134/><N who="3" m="51818" /><G39/><T105/><D105/><U102/><REACH who="1" step="1"/><E26/><REACH who="1" ten="250,240,250,250" step="2"/><V25/><F25/><N who="3" m="14527" /><G23/><T90/><REACH who="0" step="1"/><D72/><REACH who="0" ten="240,240,250,250" step="2"/><U74/><E74/><V128/><F128/><W46/><G31/><T135/><D135/><U56/><E56/><N who="2" m="35087" /><F127/><W79/><G30/><T82/><D82/><U35/><E35/><V52/><F124/><W5/><G29/><T69/><D69/><AGARI ba="0,2" hai="11,12,17,48,51,57,63,64,68,69,71,100,102,103" machi="69" ten="40,5200,0" yaku="1,1,52,2,53,0" doraHai="45" doraHaiUra="87" who="1" fromWho="0" sc="240,-52,240,72,250,0,250,0" /><INIT seed="1,0,0,3,3,65" ten="188,312,250,250" oya="1" hai0="66,119,114,93,9,128,69,18,81,19,99,97,92" hai1="8,50,31,135,14,75,12,108,39,40,64,72,29" hai2="95,53,4,61,45,109,10,83,79,59,130,34,91" hai3="117,89,56,86,62,13,49,47,113,35,27,87,22"/><U101/><E135/><V1/><F34/><W11/><G113/><T88/><D114/><U46/><E108/><V5/><F109/><W21/><G117/><T48/><D119/><U98/><E64/><V111/><F111/><W106/><G106/><T94/><D128/><U116/><E116/><V123/><F130/><W60/><G35/><T80/><D48/><U68/><E68/><V51/><F123/><W52/><G62/><T38/><D38/><U76/><E14/><V124/><F124/><W104/><G104/><T25/><D9/><U20/><E39/><V107/><F107/><W33/><G33/><T3/><D3/><U6/><E76/><V102/><F102/><W74/><G74/><T24/><D66/><U131/><E131/><V55/><F5/><W16/><G89/><T70/><D94/><U84/><E84/><N who="3" m="32298" /><G27/><T58/><D58/><U125/><E125/><V90/><REACH who="2" step="1"/><F95/><REACH who="2" ten="188,312,240,250" step="2"/><W82/><G82/><T122/><REACH who="0" step="1"/><D88/><REACH who="0" ten="178,312,240,250" step="2"/><U129/><E129/><V44/><F44/><W23/><G11/><T57/><D57/><U63/><E8/><V133/><F133/><W28/><G28/><T67/><D67/><AGARI ba="0,2" hai="13,16,21,22,23,47,49,52,56,60,67" m="32298" machi="67" ten="30,3900,0" yaku="8,1,54,2" doraHai="65" who="3" fromWho="0" sc="178,-39,312,0,240,0,250,59" /><INIT seed="2,0,0,1,5,70" ten="139,312,240,309" oya="2" hai0="126,27,59,104,64,124,31,5,7,99,95,69,96" hai1="77,12,4,129,103,135,65,125,128,117,55,81,73" hai2="60,36,133,58,132,93,25,32,49,29,111,51,112" hai3="80,74,9,105,47,1,90,34,92,88,43,18,13"/><V2/><F2/><W115/><G105/><T16/><D69/><U101/><E117/><V107/><F107/><W0/><G34/><T17/><D104/><U57/><E125/><V123/><F123/><W79/><G115/><T40/><D40/><U83/><E135/><N who="2" m="51787" /><F112/><W91/><REACH who="3" step="1"/><G92/><REACH who="3" ten="139,312,240,299" step="2"/><T28/><D95/><U120/><E120/><V72/><F93/><W102/><G102/><T108/><D108/><U22/><E101/><V8/><F111/><W42/><G42/><T3/><D3/><U20/><E103/><V41/><F41/><W68/><G68/><T86/><D86/><U24/><E129/><V71/><F71/><W33/><G33/><T67/><REACH who="0" step="1"/><D59/><REACH who="0" ten="129,312,240,299" step="2"/><U121/><E57/><V48/><F58/><W114/><G114/><T15/><D15/><U127/><E12/><V130/><F130/><W54/><G54/><T19/><D19/><U94/><E55/><V66/><F29/><W53/><G53/><T134/><D134/><U84/><E94/><V110/><F110/><W78/><G78/><T116/><D116/><U6/><E77/><V63/><F72/><W106/><G106/><T38/><D38/><AGARI ba="0,2" hai="0,1,9,13,18,38,43,47,74,79,80,88,90,91" machi="38" ten="40,8000,1" yaku="1,1,52,1,54,1,53,1" doraHai="70" doraHaiUra="37" who="3" fromWho="0" sc="129,-80,312,0,240,0,299,100" /><INIT seed="3,0,0,0,4,129" ten="49,312,240,399" oya="3" hai0="115,6,39,130,121,119,133,82,110,54,37,16,91" hai1="7,41,102,20,97,23,47,125,63,29,123,49,96" hai2="132,12,10,94,46,89,118,88,92,71,60,52,74" hai3="70,5,73,104,28,31,76,51,134,122,14,86,77"/><W135/><G122/><T21/><D91/><U67/><E123/><V95/><F74/><W84/><G104/><T103/><D82/><U53/><E125/><V17/><F118/><W58/><G70/><T38/><D103/><U116/><E116/><V81/><F132/><N who="3" m="50731" /><G73/><T68/><D6/><U35/><E7/><V126/><F126/><W22/><G86/><T105/><D16/><U18/><E41/><V25/><F71/><W8/><G84/><T45/><D21/><U56/><E35/><V87/><F25/><N who="3" m="16439" /><G31/><T57/><D57/><U15/><E102/><V106/><F106/><W120/><G120/><T99/><D54/><AGARI ba="0,0" hai="5,8,14,51,54,58,76,77" m="16439,50731" machi="54" ten="30,11600,0" yaku="20,1,52,3" doraHai="129" who="3" fromWho="0" sc="49,-116,312,0,240,0,399,116" owari="-67,-56.7,312,11.2,240,-16.0,515,61.5" /></mjloggm>