<mjloggm ver="2.3"><GO type="225" lobby="0"/><UN n0="%E9%BB%92%E9%89%84%E7%8F%A0%E9%9B%AB" n1="%72%61%6B%33" n2="%E6%80%AA%E3%81%97%E3%81%99%E3%81%8E%E3%82%8B%E3%83%81%E3%83%BC" n3="%72%69%6F%75%63%68%61%6E" dan="16,16,16,17" rate="2196.20,2178.60,2183.52,2243.74" sx="F,M,M,M"/><TAIKYOKU oya="0"/><INIT seed="0,0,0,2,3,107" ten="250,250,250,250" oya="0" hai0="96,76,112,51,55,6,121,52,23,117,114,30,124" hai1="43,123,132,62,20,128,66,109,86,31,87,36,1" hai2="28,97,4,81,58,2,10,46,17,94,64,29,93" hai3="83,79,68,59,34,38,25,89,120,26,133,41,42"/><T61/><D117/><U84/><E1/><V69/><F69/><W12/><G133/><T122/><D6/><U125/><E123/><V39/><F17/><W103/><G68/><T44/><D122/><U102/><E132/><V24/><F81/><W104/><G120/><T7/><D121/><U78/><E109/><V108/><F108/><W113/><G113/><T0/><D124/><U19/><E128/><V99/><F64/><W48/><G89/><T115/><D96/><U9/><E102/><V22/><F58/><W33/><G38/><T106/><D106/><U45/><E9/><V118/><F29/><W63/><G12/><T70/><D76/><U131/><E131/><V37/><F118/><W92/><G104/><T100/><D100/><U95/><E31/><V5/><F5/><W134/><G134/><T27/><D7/><U65/><E125/><V77/><F46/><N who="3" m="25679" /><G42/><T57/><REACH who="0" step="1"/><D70/><REACH who="0" ten="240,250,250,250" step="2"/><U111/><E111/><V50/><F77/><W135/><G135/><T73/><D73/><U80/><E78/><V40/><F97/><N who="3" m="59815" /><G33/><T91/><D91/><U98/><E98/><V116/><F99/><W101/><G34/><T82/><D82/><U88/><E80/><V8/><F116/><W126/><G101/><T49/><D49/><U90/><E90/><V71/><F71/><W75/><G126/><T3/><AGARI ba="0,1" hai="0,3,23,27,30,44,51,52,55,57,61,112,114,115" machi="3" ten="40,12000,1" yaku="1,1,0,1,54,1,53,1" doraHai="107" doraHaiUra="21" who="0" fromWho="0" sc="240,130,250,-40,250,-40,250,-40" /><INIT seed="0,1,0,4,0,95" ten="370,210,210,210" oya="0" hai0="13,68,96,5,79,130,48,50,60,58,106,16,0" hai1="74,73,21,70,80,109,85,133,131,94,17,93,72" hai2="2,86,98,40,30,56,62,118,61,47,14,15,99" hai3="10,65,132,41,121,59,12,7,26,6,102,39,101"/><T11/><D68/><U57/><E70/><V35/><F2/><W45/><G132/><T29/><D130/><U38/><E38/><V110/><F110/><W22/><G121/><T89/><D79/><U43/><E43/><V31/><F118/><W23/><G6/><T117/><D117/><U84/><E109/><V129/><F129/><W49/><G22/><T128/><D128/><U81/><E131/><V100/><F86/><W52/><REACH who="3" step="1"/><G65/><REACH who="3" ten="370,210,210,200" step="2"/><T127/><D127/><U32/><E133/><V108/><F108/><W123/><G123/><T83/><D29/><AGARI ba="1,1" hai="7,10,12,23,26,29,39,41,45,49,52,59,101,102" machi="29" ten="30,3900,0" yaku="1,1,7,1,54,1,53,0" doraHai="95" doraHaiUra="34" who="3" fromWho="0" sc="370,-42,210,0,210,0,200,52" /><INIT seed="1,0,0,1,4,44" ten="328,210,210,252" oya="1" hai0="21,34,91,97,66,54,95,71,64,35,13,27,14" hai1="7,114,105,26,52,9,51,60,32,93,39,94,129" hai2="111,5,10,53,117,122,55,108,30,59,107,115,58" hai3="43,15,75,81,90,98,82,127,37,103,46,99,121"/><U25/><E39/><V8/><F107/><W11/><G127/><T125/><D125/><U16/><E114/><V0/><F115/><W86/><G121/><T56/><D35/><U130/><E105/><V23/><F122/><W41/><G41/><T119/><D34/><U28/><E60/><V24/><F10/><W132/><G132/><T33/><D33/><U6/><E6/><V74/><F74/><W92/><G99/><T80/><D80/><U78/><E78/><V4/><F4/><W96/><G98/><T83/><D83/><U12/><E25/><V70/><F70/><W110/><G110/><N who="2" m="42025" /><F117/><W109/><G109/><T89/><D89/><U77/><E77/><V101/><F101/><W29/><G29/><N who="0" m="17647" /><D71/><U61/><E61/><V1/><F1/><W135/><G135/><T116/><D116/><U118/><E7/><V134/><F134/><W48/><G75/><T22/><D119/><U65/><E65/><N who="0" m="25193" /><D22/><U131/><REACH who="1" step="1"/><E118/><REACH who="1" ten="328,200,210,252" step="2"/><V102/><F5/><N who="3" m="3567" /><G37/><T113/><D113/><U123/><E123/><V128/><F0/><W79/><G81/><T45/><D45/><AGARI ba="0,1" hai="9,12,16,26,28,32,45,51,52,93,94,129,130,131" machi="45" ten="40,24000,3" yaku="1,1,19,1,52,1,54,2,53,3" doraHai="44" doraHaiUra="126" who="1" fromWho="0" sc="328,-240,200,250,210,0,252,0" /><INIT seed="1,1,0,2,5,24" ten="88,450,210,252" oya="1" hai0="74,10,77,76,55,30,64,117,109,83,34,125,13" hai1="48,118,127,38,66,91,116,0,18,45,128,47,46" hai2="51,8,56,62,103,1,98,29,129,26,107,110,81" hai3="42,69,5,58,75,33,61,89,41,22,87,37,28"/><U27/><E0/><V86/><F110/><W71/><G75/><T39/><D39/><U100/><E100/><V78/><F129/><W14/><G33/><T90/><D117/><U135/><E128/><V49/><F8/><N who="3" m="4367" /><G71/><T54/><D125/><U99/><E127/><V102/><F1/><W80/><G69/><T111/><D64/><U21/><E135/><V2/><F103/><W67/><G37/><T120/><D120/><U36/><E66/><V17/><F17/><W57/><G58/><T44/><D77/><U108/><E108/><V112/><F2/><W88/><G89/><T92/><D44/><U113/><E113/><V93/><F107/><W96/><G96/><T115/><D115/><U119/><E48/><V7/><F7/><W79/><G79/><T43/><D43/><U95/><AGARI ba="1,0" hai="18,21,27,36,38,45,46,47,91,95,99,116,118,119" machi="95" ten="40,2100,0" yaku="0,1" doraHai="24" who="1" fromWho="1" sc="88,-8,450,24,210,-8,252,-8" /><INIT seed="1,2,0,2,3,22" ten="80,474,202,244" oya="1" hai0="7,20,63,37,83,61,75,134,64,58,78,65,42" hai1="120,40,110,46,130,128,97,131,102,116,84,4,98" hai2="88,115,91,59,24,85,109,94,96,72,132,99,21" hai3="135,118,57,25,43,19,23,15,9,52,89,45,103"/><U123/><E116/><V76/><F109/><W122/><G122/><T71/><D7/><U2/><E110/><V90/><F132/><W117/><G135/><T79/><D134/><U14/><E14/><V41/><F115/><W74/><G74/><T119/><D119/><N who="3" m="45577" /><G103/><T70/><D79/><U44/><E84/><V0/><F72/><W60/><G89/><N who="2" m="33801" /><F0/><W53/><G53/><T33/><D20/><U121/><E40/><V126/><F126/><W77/><G77/><T47/><REACH who="0" step="1"/><D58/><REACH who="0" ten="70,474,202,244" step="2"/><U104/><E4/><V108/><F76/><W11/><G15/><T100/><D100/><N who="1" m="62479" /><E2/><V86/><F108/><W10/><G9/><T36/><D36/><AGARI ba="2,1" hai="10,11,19,23,25,36,43,45,52,57,60" m="45577" machi="36" ten="30,3900,0" yaku="12,1,52,1,54,1" doraHai="22" who="3" fromWho="0" sc="70,-45,474,0,202,0,244,55" /><INIT seed="2,0,0,2,3,97" ten="25,474,202,299" oya="2" hai0="69,76,20,83,30,46,19,66,41,119,54,14,37" hai1="86,129,90,0,4,118,60,93,91,47,62,58,48" hai2="1,115,5,17,27,74,117,108,61,49,89,38,85" hai3="68,55,67,92,31,52,2,28,42,39,71,104,12"/><V116/><F74/><W34/><G104/><T87/><D119/><U22/><E118/><V122/><F38/><W50/><G2/><T124/><D124/><U78/><E129/><V36/><F36/><W110/><G110/><T13/><D30/><U32/><E32/><V111/><F115/><W43/><G34/><T107/><D107/><U63/><E78/><V101/><F122/><W21/><G39/><T102/><D69/><U82/><E22/><N who="2" m="13775" /><F61/><W88/><G67/><T132/><D66/><U72/><E72/><V8/><F49/><W99/><G68/><T51/><D132/><U59/><E4/><V7/><F101/><W81/><G71/><T26/><D37/><U105/><E0/><V45/><F45/><N who="3" m="27727" /><G55/><T120/><D120/><U56/><E105/><V98/><F98/><W9/><G81/><T35/><D35/><U127/><E127/><V135/><F7/><N who="3" m="3135" /><G21/><T53/><D53/><N who="1" m="29855" /><E63/><V44/><F44/><W79/><G79/><T11/><D54/><U57/><E57/><V65/><F65/><W95/><G92/><T94/><REACH who="0" step="1"/><D11/><REACH who="0" ten="15,474,202,299" step="2"/><U113/><E60/><V131/><F135/><W134/><G134/><T23/><D23/><U103/><E62/><V80/><F131/><W130/><G130/><T77/><D77/><U112/><E112/><V3/><F117/><W121/><G121/><T106/><D106/><U125/><E113/><V25/><F116/><W6/><G28/><T123/><D123/><U128/><E128/><V73/><F8/><W96/><G31/><T24/><D24/><U75/><E125/><V18/><F25/><W126/><G126/><RYUUKYOKU ba="0,1" sc="15,30,474,-10,202,-10,299,-10" hai0="13,14,19,20,26,41,46,51,76,83,87,94,102" /><INIT seed="3,1,1,1,5,74" ten="45,464,192,289" oya="3" hai0="53,98,60,4,93,64,126,35,22,89,30,47,78" hai1="129,121,132,17,100,33,8,123,117,24,108,92,90" hai2="49,40,135,83,31,54,131,63,71,115,87,77,56" hai3="46,116,2,57,25,76,29,88,73,32,15,9,5"/><W127/><G116/><T13/><D35/><U55/><E117/><V111/><F115/><W103/><G127/><T7/><D126/><U112/><E112/><V50/><F111/><W99/><G57/><T113/><D113/><U84/><E108/><V12/><F131/><W20/><G46/><T1/><D1/><U34/><E129/><V27/><F135/><W45/><G45/><T94/><D47/><U101/><E132/><V59/><F71/><W125/><G125/><T48/><D48/><U43/><E43/><V69/><F69/><W16/><G88/><T107/><D107/><U95/><E55/><V75/><F75/><W104/><REACH who="3" step="1"/><G73/><REACH who="3" ten="45,464,192,279" step="2"/><T91/><D53/><U67/><E90/><V124/><F124/><W0/><G0/><T96/><D78/><AGARI ba="1,2" hai="2,5,9,15,16,20,25,29,32,76,78,99,103,104" machi="78" ten="40,18000,2" yaku="1,1,24,2,52,2,54,1,53,0" doraHai="74" doraHaiUra="52" who="3" fromWho="0" sc="45,-183,464,0,192,0,279,203" owari="-138,-63.8,464,26.4,192,-20.8,482,58.2" /></mjloggm>