<mjloggm ver="2.3"><GO type="225" lobby="0"/><UN n0="%63%68%78%62%64" n1="%53%68%69%4C%50%59%6F" n2="%E3%81%BF%E3%81%BF%E3%81%9A" n3="%73%6C%69%63%6B%33%31%39" dan="16,16,16,16" rate="2159.35,2046.10,2133.13,2106.58" sx="M,M,M,M"/><TAIKYOKU oya="0"/><INIT seed="0,0,0,3,0,86" ten="250,250,250,250" oya="0" hai0="73,30,115,37,33,1,119,45,91,35,21,102,16" hai1="123,6,8,65,109,131,48,4,71,2,50,22,103" hai2="121,52,26,104,80,5,107,78,129,66,9,112,54" hai3="34,89,32,79,95,13,93,49,111,43,41,108,42"/><T85/><D119/><U10/><E123/><V92/><F121/><W58/><G79/><T68/><D1/><U14/><E109/><N who="3" m="42058" /><G13/><T94/><D68/><U61/><E131/><V17/><F112/><W90/><G58/><T122/><D73/><U84/><E103/><V31/><F66/><W130/><G49/><T19/><D122/><U118/><E118/><V28/><F129/><W134/><G134/><T25/><D115/><U67/><E67/><V75/><F17/><N who="0" m="6730" /><D33/><N who="3" m="12905" /><G130/><T87/><D35/><U15/><E2/><V12/><F26/><W39/><G39/><T132/><D132/><U44/><E22/><V114/><F114/><W38/><G38/><T116/><D116/><U98/><E44/><V7/><F7/><W83/><G83/><N who="0" m="49599" /><D37/><U70/><E70/><V125/><F75/><W29/><G29/><T59/><D45/><U113/><E113/><V11/><F28/><W110/><N who="3" m="42066" /><W76/><DORA hai="64" /><G76/><T72/><D72/><U126/><E126/><V23/><F78/><W47/><G47/><T77/><D59/><U36/><E36/><V82/><F125/><W46/><G46/><T3/><D3/><U55/><E71/><V128/><F128/><W105/><G105/><T120/><D120/><U0/><E0/><V57/><F107/><W99/><G41/><T63/><D63/><U133/><E133/><V96/><F104/><W20/><G20/><T60/><D60/><U135/><E61/><V51/><F23/><W106/><G106/><T97/><D77/><U74/><E135/><V18/><F57/><W56/><G56/><T81/><D81/><RYUUKYOKU ba="0,0" sc="250,15,250,-15,250,-15,250,15" hai0="21,25,30,87,94,97,102" hai3="42,43,89,90,93,95,99" /><INIT seed="0,1,0,4,5,74" ten="265,235,235,265" oya="0" hai0="97,19,41,18,60,47,131,29,27,53,105,45,43" hai1="102,103,88,114,106,110,34,3,83,21,134,87,24" hai2="115,13,112,78,101,58,16,64,108,2,135,95,11" hai3="61,48,65,91,128,123,111,84,25,69,82,116,49"/><T132/><D132/><U77/><E3/><V32/><F135/><W68/><G116/><T52/><D131/><U12/><E134/><V33/><F108/><W8/><G111/><T86/><D60/><U73/><E110/><V5/><F78/><W130/><G123/><T70/><D70/><U44/><E34/><V107/><F107/><W66/><G8/><T36/><D105/><U28/><E114/><V98/><F64/><W104/><G104/><T72/><D72/><U6/><E106/><V0/><F0/><W76/><G25/><T35/><D97/><U127/><E127/><V7/><F7/><W119/><G119/><T46/><D86/><U10/><REACH who="1" step="1"/><E44/><REACH who="1" ten="265,225,235,265" step="2"/><V55/><F33/><W120/><G120/><T113/><D113/><U57/><E57/><V63/><REACH who="2" step="1"/><F32/><REACH who="2" ten="265,225,225,265" step="2"/><W1/><G1/><T22/><D36/><U30/><E30/><V109/><F109/><W15/><G130/><T92/><D35/><U80/><AGARI ba="1,2" hai="6,10,12,21,24,28,73,77,80,83,87,88,102,103" machi="80" ten="20,12000,2" yaku="1,1,0,1,7,1,52,1,54,1,53,1" doraHai="74" doraHaiUra="4" who="1" fromWho="1" sc="265,-61,225,143,225,-31,265,-31" /><INIT seed="1,0,0,1,0,48" ten="204,368,194,234" oya="1" hai0="104,103,77,46,129,34,83,62,58,52,76,55,22" hai1="40,41,3,66,54,39,72,38,4,56,132,126,111" hai2="123,121,21,24,37,11,30,117,42,115,35,125,78" hai3="105,91,57,49,112,90,32,15,102,31,50,14,100"/><U12/><E72/><V75/><F117/><W44/><G32/><T109/><D34/><U79/><E79/><N who="0" m="30281" /><D104/><U65/><E12/><N who="3" m="4650" /><G31/><T93/><D109/><U20/><E20/><V10/><F21/><W47/><G105/><T5/><D129/><U96/><E96/><V1/><F11/><W64/><G64/><N who="1" m="24682" /><E4/><N who="2" m="1295" /><F125/><W81/><G57/><N who="0" m="35111" /><D5/><U118/><E3/><V9/><F9/><W23/><G23/><T16/><D46/><U131/><E118/><V59/><F59/><W2/><G2/><T17/><D83/><U120/><E120/><V127/><F127/><W28/><G112/><T88/><D103/><N who="3" m="39465" /><G28/><T94/><D94/><U71/><E126/><V92/><F92/><W33/><G33/><T61/><D22/><U108/><E131/><V80/><F115/><W95/><G81/><T130/><D130/><U133/><E71/><V73/><F73/><W99/><G91/><T113/><D113/><U25/><E25/><V89/><F89/><W110/><G110/><N who="1" m="42026" /><E39/><V124/><F124/><W128/><G128/><T36/><D36/><U26/><E26/><V29/><F29/><W43/><G90/><T97/><AGARI ba="0,0" hai="16,17,55,58,61,88,93,97" m="35111,30281" machi="97" ten="30,12000,2" yaku="8,1,52,2,54,3" doraHai="48" who="0" fromWho="0" sc="204,120,368,-60,194,-30,234,-30" /><INIT seed="2,0,0,1,0,3" ten="324,308,164,204" oya="2" hai0="135,50,30,13,87,33,44,111,60,47,42,110,73" hai1="130,65,24,103,97,72,41,109,112,55,69,58,119" hai2="101,79,4,104,117,45,71,88,68,86,63,78,40" hai3="54,0,27,75,8,51,116,57,132,126,22,122,37"/><V91/><F117/><W64/><G116/><T82/><D73/><U15/><E112/><V108/><F108/><N who="0" m="41514" /><D135/><U2/><E119/><V43/><F4/><W74/><G122/><T118/><D118/><U98/><E2/><V53/><F53/><W29/><G37/><T120/><D120/><U100/><E130/><V106/><F86/><W28/><G132/><T16/><D60/><U6/><E72/><V76/><F63/><W31/><G75/><T93/><D93/><U113/><E113/><V61/><F61/><N who="3" m="37935" /><G0/><T18/><D47/><U59/><E69/><N who="2" m="26699" /><F45/><N who="3" m="28015" /><G74/><T25/><D13/><U17/><E65/><V105/><F101/><N who="1" m="38985" /><E41/><AGARI ba="0,0" hai="40,41,43,76,78,79,88,91,104,105,106" m="26699" machi="41" ten="40,7700,0" yaku="28,2,54,1" doraHai="3" who="2" fromWho="1" sc="324,0,308,-77,164,77,204,0" /><INIT seed="2,1,0,1,1,21" ten="324,231,241,204" oya="2" hai0="18,81,48,126,38,79,105,82,85,43,41,34,6" hai1="113,60,23,53,62,56,57,95,118,100,123,32,92" hai2="52,96,93,68,17,13,134,36,66,111,90,129,114" hai3="59,99,11,108,44,133,102,61,20,97,119,58,125"/><V70/><F114/><W63/><G119/><T76/><D34/><U3/><E118/><V65/><F36/><W87/><G108/><T80/><D105/><U78/><E32/><V5/><F5/><W84/><G125/><T121/><D126/><U116/><E116/><V109/><F134/><W29/><G11/><T49/><D38/><U112/><E3/><V107/><F107/><W69/><G69/><T77/><D121/><U35/><E35/><V67/><F129/><W75/><G75/><T120/><D120/><U19/><E78/><V89/><F89/><W88/><G44/><T28/><D28/><U46/><E123/><V14/><F52/><N who="3" m="33991" /><G87/><T26/><D85/><U2/><E2/><V131/><F131/><W132/><G102/><T135/><D6/><U124/><E124/><V50/><F50/><N who="0" m="19562" /><D135/><N who="3" m="51785" /><G20/><AGARI ba="1,0" hai="18,20,26,41,43,76,77,79,80,81,82" m="19562" machi="20" ten="40,2600,0" yaku="8,1,52,1" doraHai="21" who="0" fromWho="3" sc="324,29,231,0,241,0,204,-29" /><INIT seed="3,0,0,4,0,73" ten="353,231,241,175" oya="3" hai0="0,42,69,86,97,7,89,107,91,13,67,111,26" hai1="116,23,66,40,41,44,24,81,28,32,85,29,98" hai2="37,50,112,52,19,25,4,2,132,38,118,93,15" hai3="90,94,33,78,102,51,31,128,47,21,88,122,9"/><W46/><G122/><T12/><D42/><U101/><E116/><V62/><F112/><W104/><G33/><T84/><D111/><U36/><E41/><V55/><F118/><W49/><G104/><T114/><D26/><U127/><E127/><V8/><F25/><N who="3" m="16815" /><G128/><T18/><D114/><U125/><E125/><V14/><F132/><W79/><G9/><T54/><D54/><U1/><E1/><V92/><F2/><W121/><G121/><T135/><D135/><U53/><E66/><V20/><F38/><W120/><G102/><T48/><D48/><N who="3" m="18505" /><G90/><T17/><D69/><U11/><E53/><V43/><F37/><W109/><G120/><T74/><D67/><U108/><E11/><V123/><F123/><W99/><G109/><T22/><D74/><U87/><E108/><V72/><F72/><W105/><G105/><T124/><D0/><U65/><E65/><V3/><F3/><W100/><G100/><T56/><D107/><U133/><E133/><V103/><F103/><W131/><G131/><T30/><D124/><U60/><E32/><V130/><F130/><W5/><G5/><T75/><D7/><U63/><E29/><V110/><F110/><W115/><G115/><T113/><D113/><U35/><E35/><V83/><F43/><W126/><G126/><T80/><D30/><U70/><E70/><V59/><F83/><W96/><G96/><T129/><D97/><U10/><E10/><V134/><F134/><W68/><G68/><T58/><D75/><U61/><E81/><V71/><F71/><W117/><G117/><T39/><D129/><RYUUKYOKU ba="0,0" sc="353,-30,231,10,241,10,175,10" hai1="23,24,28,36,40,44,60,61,63,85,87,98,101" hai2="4,8,14,15,19,20,50,52,55,59,62,92,93" hai3="46,47,78,79,88,94,99" /><INIT seed="3,1,0,5,0,25" ten="323,241,251,185" oya="3" hai0="20,29,110,38,45,79,97,133,30,114,129,33,35" hai1="69,118,39,70,134,75,17,19,101,103,135,71,40" hai2="90,81,16,55,99,54,84,120,78,131,63,119,50" hai3="109,82,102,47,66,0,46,23,41,83,122,51,12"/><W80/><G122/><T95/><D110/><U117/><E75/><V5/><F119/><N who="1" m="45577" /><E40/><V96/><F120/><W87/><G0/><T121/><D121/><U100/><E39/><V22/><F131/><W73/><G73/><T115/><D129/><U112/><E112/><N who="0" m="43049" /><D79/><U48/><E48/><V44/><F5/><W28/><G109/><T132/><D20/><U27/><E27/><N who="2" m="14791" /><F78/><W10/><G102/><N who="0" m="60735" /><D35/><U77/><E77/><V3/><F3/><W7/><G66/><T37/><D33/><U68/><E68/><V61/><F61/><W93/><G47/><T42/><D38/><U56/><E56/><AGARI ba="1,0" hai="44,50,54,55,56,63,81,84,90,96,99" m="14791" machi="56" ten="30,2000,0" yaku="8,1,54,1" doraHai="25" who="2" fromWho="1" sc="323,0,241,-23,251,23,185,0" owari="323,42.3,218,-18.2,274,7.4,185,-31.5" /></mjloggm>