<mjloggm ver="2.3"><GO type="225" lobby="0"/><UN n0="%72%69%6F%75%63%68%61%6E" n1="%E6%80%AA%E3%81%97%E3%81%99%E3%81%8E%E3%82%8B%E3%83%81%E3%83%BC" n2="%E9%89%A2%E5%B7%BB%E3%82%AC%E3%83%96" n3="%E5%AF%82%E5%AF%9E%E3%82%AE%E3%83%8D%E3%82%B9%E3%83%93%E3%83%BC%E3%83%AB" dan="17,16,16,16" rate="2181.15,2124.86,2079.63,2167.43" sx="M,M,M,M"/><TAIKYOKU oya="0"/><INIT seed="0,0,0,3,4,93" ten="250,250,250,250" oya="0" hai0="100,37,29,12,80,31,89,64,68,122,73,59,54" hai1="34,98,82,23,86,32,118,46,9,107,11,15,65" hai2="126,1,0,85,41,55,17,33,30,117,38,102,111" hai3="124,22,53,5,66,114,123,79,13,16,60,14,47"/><T39/><D122/><U52/><E118/><V99/><F55/><W81/><G114/><T62/><D100/><N who="1" m="62871" /><E65/><V4/><F17/><W61/><G124/><T18/><D37/><U35/><E23/><V2/><F85/><N who="3" m="48319" /><G123/><T44/><D73/><U69/><E69/><V96/><F111/><W125/><G125/><T119/><D119/><U87/><E87/><V110/><F110/><W90/><G90/><T3/><D3/><U133/><E11/><N who="2" m="2439" /><F99/><W92/><G66/><T19/><D89/><N who="1" m="51415" /><E133/><V88/><F88/><W42/><G92/><T94/><D80/><U24/><E24/><N who="2" m="18631" /><F117/><W103/><G103/><T6/><D94/><U76/><E76/><V127/><F127/><W8/><G53/><T131/><D6/><U7/><E7/><V71/><F71/><W91/><G91/><T36/><D19/><N who="1" m="8687" /><E34/><V63/><F63/><W101/><G101/><T20/><D36/><U70/><E70/><V58/><F58/><W95/><G95/><T57/><D59/><U78/><E78/><V116/><F116/><W21/><G21/><T40/><D29/><U106/><E106/><N who="2" m="63815" /><F126/><W27/><G14/><T134/><D31/><U97/><E97/><V49/><F49/><AGARI ba="0,0" hai="5,8,13,16,22,27,42,47,49,60,61" m="48319" machi="49" ten="30,3900,0" yaku="25,1,8,1,54,1" doraHai="93" who="3" fromWho="2" sc="250,0,250,0,250,-39,250,39" /><AGARI ba="0,0" hai="32,35,46,49,52" m="8687,51415,62871" machi="49" ten="30,3900,0" yaku="25,1,52,1,54,1" doraHai="93" who="1" fromWho="2" sc="250,0,250,39,211,-39,289,0" /><INIT seed="1,0,0,4,2,56" ten="250,289,172,289" oya="1" hai0="46,34,4,27,126,93,116,75,53,129,94,47,15" hai1="63,0,49,64,119,25,102,77,21,79,84,58,112" hai2="97,121,42,83,12,82,37,133,125,120,33,87,68" hai3="111,3,117,52,122,95,114,9,113,31,50,90,54"/><U69/><E112/><V98/><F68/><W19/><G122/><T57/><D116/><U11/><E119/><V109/><F33/><W6/><G117/><T30/><D126/><U115/><E115/><V22/><F42/><W85/><G111/><T59/><D129/><U80/><E102/><V101/><F37/><W96/><G31/><T124/><D124/><U23/><E77/><V107/><F125/><W128/><G128/><T74/><D57/><U73/><E73/><V123/><F22/><W36/><G36/><T14/><D74/><U55/><REACH who="1" step="1"/><E25/><REACH who="1" ten="250,279,172,289" step="2"/><V2/><F121/><W18/><G114/><T41/><D75/><U5/><AGARI ba="0,1" hai="0,5,11,21,23,49,55,58,63,64,69,79,80,84" machi="5" ten="30,11700,0" yaku="1,1,2,1,0,1,52,1,53,0" doraHai="56" doraHaiUra="89" who="1" fromWho="1" sc="250,-39,279,127,172,-39,289,-39" /><INIT seed="1,1,0,1,4,64" ten="211,406,133,250" oya="1" hai0="99,95,30,117,119,86,28,60,40,123,114,74,18" hai1="10,89,19,127,25,49,63,20,134,88,70,31,6" hai2="135,21,44,33,12,73,76,8,104,36,90,81,124" hai3="57,129,50,103,109,16,0,39,54,97,107,121,91"/><U105/><E105/><V56/><F124/><W122/><G0/><T69/><D114/><U118/><E118/><V14/><F135/><W53/><G39/><T116/><D74/><U29/><E127/><V131/><F131/><W130/><G109/><T82/><D123/><U55/><E134/><V52/><F33/><W58/><G91/><T84/><D40/><U87/><E70/><V17/><F104/><W132/><G132/><T111/><D111/><U110/><E63/><V133/><F133/><W5/><G5/><T108/><D108/><U42/><E42/><V92/><F44/><W3/><G3/><T48/><D48/><U46/><E110/><V72/><F36/><W27/><G27/><T32/><D18/><U66/><E66/><V83/><F73/><W79/><G16/><T2/><D2/><U62/><E62/><V93/><F81/><W128/><REACH who="3" step="1"/><G79/><REACH who="3" ten="211,406,133,240" step="2"/><N who="0" m="46175" /><D119/><U102/><E89/><V85/><F92/><W101/><G101/><N who="0" m="60671" /><D116/><U7/><E102/><V11/><REACH who="2" step="1"/><F14/><REACH who="2" ten="211,406,123,240" step="2"/><W15/><G15/><T23/><D117/><U100/><E100/><V113/><F113/><W45/><G45/><T126/><D126/><U94/><E7/><V59/><F59/><W98/><G98/><T37/><D37/><U120/><E120/><V9/><F9/><W13/><G13/><AGARI ba="1,2" hai="6,10,13,19,20,25,29,31,46,49,55,87,88,94" machi="13" ten="30,5800,0" yaku="7,1,8,1,54,1" doraHai="64" who="1" fromWho="3" sc="211,0,406,81,123,0,240,-61" /><INIT seed="1,2,0,0,4,119" ten="211,487,123,179" oya="1" hai0="115,45,53,118,95,26,78,47,36,63,65,68,70" hai1="11,61,9,128,7,62,77,101,54,98,75,1,34" hai2="105,49,127,107,73,82,22,24,50,89,32,134,41" hai3="67,109,72,17,56,99,46,21,108,31,97,123,12"/><U2/><E128/><V135/><F127/><W52/><G72/><T96/><D115/><U18/><E34/><V51/><F41/><W4/><G123/><T131/><D131/><U37/><E37/><V93/><F32/><W88/><G31/><T29/><D118/><U8/><E77/><V106/><F82/><W125/><G125/><T114/><D114/><U15/><E75/><V74/><F74/><W113/><G113/><T16/><D78/><U117/><E117/><V66/><F66/><W3/><G46/><T94/><D70/><U14/><E54/><V112/><F112/><W69/><G69/><T19/><D95/><U132/><E132/><V111/><F73/><W116/><G67/><T6/><D6/><U83/><E83/><V42/><F42/><W76/><G76/><T20/><D47/><U28/><E28/><V5/><F5/><W104/><G116/><T39/><D53/><U79/><E79/><V64/><F64/><W84/><G3/><T71/><D68/><U25/><E25/><V124/><F124/><W91/><G4/><T120/><D120/><U126/><E126/><V27/><F111/><N who="3" m="42571" /><G104/><T23/><D45/><U58/><E58/><V13/><F13/><N who="1" m="4617" /><E18/><V59/><F59/><W43/><G43/><T92/><D19/><U110/><E110/><V60/><F27/><W40/><G40/><T85/><D16/><U35/><E35/><V122/><F24/><W90/><G84/><T103/><D20/><U48/><E48/><AGARI ba="2,0" hai="12,17,21,48,52,56,88,90,91,97,99" m="42571" machi="48" ten="30,3900,0" yaku="14,1,54,2" doraHai="119" who="3" fromWho="1" sc="211,0,487,-45,123,0,179,45" /><INIT seed="2,0,0,3,0,85" ten="211,442,123,224" oya="2" hai0="116,62,55,98,131,111,100,114,91,39,64,102,21" hai1="113,27,48,28,26,6,36,24,20,25,110,128,61" hai2="54,38,120,4,108,31,33,96,7,92,44,41,132" hai3="84,8,30,45,88,67,37,129,99,60,19,49,127"/><V94/><F120/><W135/><G37/><T32/><D111/><U101/><E36/><V79/><F132/><W12/><G135/><T93/><D114/><U15/><E110/><V29/><F108/><W66/><G127/><T51/><D32/><U122/><E113/><V72/><F79/><W134/><G134/><T14/><D39/><U13/><E128/><V90/><F72/><W125/><G125/><T119/><D131/><U35/><E101/><V0/><F54/><N who="3" m="29999" /><G129/><T86/><D100/><U124/><E124/><V56/><F56/><N who="3" m="37127" /><G67/><T78/><D78/><U68/><E68/><V95/><F31/><W80/><G99/><T34/><D34/><U52/><E61/><V2/><F29/><AGARI ba="0,0" hai="8,12,19,29,30,80,84,88" m="37127,29999" machi="29" ten="30,7700,0" yaku="25,1,8,1,52,1,54,1" doraHai="85" who="3" fromWho="2" sc="211,0,442,0,123,-77,224,77" /><INIT seed="3,0,0,0,5,87" ten="211,442,46,301" oya="3" hai0="38,60,9,74,56,29,88,54,43,90,109,130,46" hai1="52,126,121,53,41,13,6,61,42,69,78,14,120" hai2="116,123,76,92,105,128,117,95,8,127,129,133,68" hai3="37,84,82,12,50,72,33,18,65,134,10,40,35"/><W59/><G72/><T73/><D109/><U49/><E126/><V19/><F19/><W20/><G134/><T99/><D130/><U51/><E61/><V26/><F26/><W1/><G37/><T24/><D9/><U55/><E6/><V17/><F17/><W118/><G118/><T107/><D73/><U39/><E78/><V63/><F8/><W119/><G119/><T48/><D74/><U64/><E64/><V98/><F63/><W21/><G65/><T131/><D131/><U115/><E39/><V85/><F68/><W93/><G82/><T66/><D107/><U45/><E69/><V57/><F57/><W103/><G21/><T71/><D99/><U31/><E31/><V125/><F85/><W100/><G35/><AGARI ba="0,0" hai="24,29,35,38,43,46,48,54,56,60,66,71,88,90" machi="35" ten="30,12000,2" yaku="7,1,24,2,52,2,54,1" doraHai="87" who="0" fromWho="3" sc="211,120,442,0,46,0,301,-120" owari="331,13.1,442,54.2,46,-45.4,181,-21.9" /></mjloggm>