<mjloggm ver="2.3"><GO type="225" lobby="0"/><UN n0="%38%63%E3%81%AF%E3%81%A3%E3%81%97%E3%83%BC" n1="%E7%AD%89%E3%80%85%E5%8A%9B%E5%8A%87%E5%A0%B4" n2="%E5%B8%86%E7%AB%8B%E5%A4%8F%E8%A1%A3" n3="%E3%81%86%E3%83%BC%E3%81%B1%E3%83%BC" dan="16,17,16,17" rate="2114.79,2148.66,2062.64,2217.72" sx="M,M,M,F"/><TAIKYOKU oya="0"/><INIT seed="0,0,0,0,0,105" ten="250,250,250,250" oya="0" hai0="21,103,20,130,69,134,51,120,52,115,17,16,135" hai1="129,82,4,88,26,5,58,106,98,53,75,31,79" hai2="127,70,104,15,62,57,111,68,38,41,95,55,122" hai3="72,19,43,22,9,67,123,45,126,29,91,101,8"/><T92/><D120/><U84/><E129/><V49/><F104/><W36/><G126/><T110/><D69/><N who="2" m="26730" /><F15/><W117/><G117/><T99/><D115/><U116/><E116/><V80/><F80/><W77/><G67/><T100/><D100/><U132/><E132/><N who="0" m="50729" /><D130/><U33/><E98/><V27/><F27/><W73/><G77/><T96/><D96/><U32/><E32/><V7/><F95/><W83/><G101/><T93/><D93/><U2/><E2/><V24/><F24/><W90/><G123/><T65/><D65/><U47/><E47/><N who="2" m="23991" /><F7/><W94/><G29/><T11/><D110/><U118/><E106/><V60/><F122/><W121/><G121/><T14/><D17/><U131/><E131/><V114/><F114/><W64/><G64/><T119/><D119/><U30/><E30/><V78/><F78/><W63/><G63/><N who="2" m="24105" /><F127/><W23/><G19/><T12/><D14/><U86/><E118/><V56/><F111/><W35/><G35/><T89/><D103/><U112/><E112/><V25/><F25/><W10/><G23/><T71/><D71/><U18/><E18/><V113/><F113/><W50/><G22/><T0/><D0/><U125/><E125/><V28/><F28/><W109/><G109/><T102/><D102/><U107/><E107/><V124/><F124/><W74/><G94/><T128/><D128/><U61/><REACH who="1" step="1"/><E86/><REACH who="1" ten="250,240,250,250" step="2"/><V48/><F48/><W76/><REACH who="3" step="1"/><G50/><REACH who="3" ten="250,240,250,240" step="2"/><T87/><D99/><U108/><E108/><V46/><AGARI ba="0,2" hai="46,49,55,56,57" m="24105,23991,26730" machi="46" ten="30,8000,1" yaku="35,5" doraHai="105" who="2" fromWho="2" sc="250,-40,240,-20,250,100,240,-20" /><INIT seed="1,0,0,1,3,74" ten="210,220,350,220" oya="1" hai0="112,38,57,120,109,83,22,51,132,91,115,92,7" hai1="110,96,67,36,14,46,107,10,8,133,76,25,69" hai2="54,125,102,93,90,100,12,49,18,40,32,108,82" hai3="63,106,58,68,104,16,26,45,78,24,39,113,5"/><U9/><E133/><V60/><F108/><W15/><G113/><T41/><D38/><U3/><E3/><V37/><F32/><W43/><G68/><T13/><D109/><U85/><E110/><V55/><F125/><W11/><G78/><T53/><D132/><U30/><E69/><V97/><F37/><W134/><G134/><T28/><D41/><U121/><E67/><V73/><F73/><W29/><G5/><T88/><D120/><U116/><E116/><V98/><F82/><W23/><REACH who="3" step="1"/><G26/><REACH who="3" ten="210,220,350,210" step="2"/><T17/><D7/><U71/><E71/><V128/><F128/><W86/><G86/><N who="0" m="52247" /><D28/><U129/><E129/><V21/><F98/><W65/><AGARI ba="0,1" hai="11,15,16,23,24,29,39,43,45,58,63,65,104,106" machi="65" ten="20,5200,0" yaku="1,1,0,1,7,1,54,1,53,0" doraHai="74" doraHaiUra="0" who="3" fromWho="3" sc="210,-13,220,-26,350,-13,210,62" /><INIT seed="2,0,0,2,1,111" ten="197,194,337,272" oya="2" hai0="77,89,38,130,101,103,74,99,113,80,119,0,28" hai1="11,7,31,18,29,76,110,114,100,10,46,84,22" hai2="83,48,108,41,118,50,135,131,5,35,65,45,24" hai3="106,72,19,17,27,42,64,63,4,68,33,67,134"/><V104/><F104/><W123/><G123/><T39/><D0/><U3/><E110/><V94/><F118/><W86/><G72/><T73/><D28/><U120/><E120/><V97/><F5/><W69/><G42/><T8/><D8/><U127/><E127/><V25/><F108/><W49/><G49/><T37/><D119/><U116/><E116/><V36/><F131/><W12/><G86/><T132/><D74/><U16/><E100/><V98/><F135/><W105/><G134/><T61/><D132/><U81/><E114/><V44/><F35/><W87/><G87/><T1/><D1/><U14/><REACH who="1" step="1"/><E46/><REACH who="1" ten="197,184,337,272" step="2"/><V23/><F45/><W56/><G105/><T59/><D113/><U15/><AGARI ba="0,1" hai="3,7,10,11,14,15,16,18,22,29,31,76,81,84" machi="15" ten="20,8000,1" yaku="1,1,2,1,0,1,7,1,54,1,53,0" doraHai="111" doraHaiUra="70" who="1" fromWho="1" sc="197,-20,184,90,337,-40,272,-20" /><INIT seed="3,0,0,1,5,5" ten="177,274,297,252" oya="3" hai0="93,35,112,110,33,69,66,116,12,22,59,61,30" hai1="70,60,119,131,101,42,67,104,28,16,0,87,63" hai2="3,32,88,4,56,97,43,48,102,68,18,96,7" hai3="82,91,128,57,103,125,17,122,92,134,40,98,76"/><W29/><G122/><T44/><D116/><U132/><E0/><V81/><F68/><W14/><G134/><T49/><D110/><U8/><E131/><V107/><F32/><W75/><G125/><T77/><D112/><U23/><E132/><V105/><F18/><W108/><G128/><T46/><D46/><U1/><E119/><V126/><F107/><W41/><G108/><T72/><D77/><U24/><E42/><V9/><F126/><W106/><G57/><T109/><D72/><U31/><E104/><V95/><F7/><W86/><G29/><T50/><D50/><U80/><E101/><V34/><F34/><W89/><G91/><T135/><D69/><U53/><E63/><V71/><F71/><W90/><G89/><T78/><D78/><U127/><E53/><V2/><F81/><W55/><G55/><T84/><D135/><U45/><E45/><V26/><F26/><W39/><G39/><T64/><D64/><U115/><E115/><V114/><F114/><W27/><G27/><T100/><D109/><U129/><E129/><V38/><F38/><W6/><G6/><T130/><D130/><U11/><E1/><V51/><F3/><W94/><G92/><T21/><D35/><U13/><E127/><V10/><F43/><W65/><G65/><T37/><D37/><U47/><E47/><V121/><F121/><W19/><G19/><T123/><D123/><U124/><E124/><V117/><F117/><W113/><G113/><T73/><D44/><U120/><E120/><V15/><F56/><W52/><G52/><T54/><D54/><RYUUKYOKU ba="0,0" sc="177,-15,274,-15,297,15,252,15" hai2="2,4,9,10,15,48,51,88,95,96,97,102,105" hai3="14,17,40,41,75,76,82,86,90,94,98,103,106" /><INIT seed="3,1,0,1,3,75" ten="162,259,312,267" oya="3" hai0="94,123,27,95,131,135,84,41,47,112,23,90,34" hai1="10,54,6,24,82,74,120,130,46,107,93,42,39" hai2="133,61,18,127,77,31,104,3,25,78,29,56,55" hai3="96,116,71,17,59,16,129,62,36,14,124,122,19"/><W88/><G122/><T37/><D135/><U81/><E107/><V1/><F104/><W13/><G116/><T60/><D123/><U125/><E120/><V67/><F133/><W50/><G36/><T111/><D111/><U38/><E130/><V117/><F117/><W58/><G71/><T106/><D106/><U40/><E125/><V113/><F113/><W76/><G124/><T53/><D34/><U9/><E93/><V98/><F127/><W45/><G76/><N who="2" m="29289" /><F3/><W21/><G129/><T7/><D7/><U80/><E74/><V68/><F68/><W35/><G35/><T43/><D131/><U22/><E54/><V118/><F1/><W2/><G2/><T119/><D119/><U103/><E103/><V83/><F83/><W87/><G96/><T69/><D112/><U72/><E6/><V99/><F55/><N who="3" m="30159" /><G62/><T30/><D43/><U86/><E72/><V100/><F118/><W121/><G121/><T66/><D53/><U70/><E70/><V64/><F64/><W20/><G17/><T48/><D37/><U49/><E39/><V63/><F63/><W115/><G115/><T57/><REACH who="0" step="1"/><D69/><REACH who="0" ten="152,259,312,267" step="2"/><U44/><E40/><V52/><F52/><W126/><G126/><T89/><D89/><U92/><E38/><V12/><F100/><W97/><G97/><T28/><D28/><N who="2" m="10826" /><F99/><W110/><G110/><T108/><D108/><U91/><E46/><V102/><F98/><W5/><G5/><T51/><D51/><U79/><E79/><V105/><F102/><W4/><G4/><T65/><D65/><U15/><E42/><V73/><F105/><RYUUKYOKU ba="1,1" sc="152,15,259,-15,312,-15,267,15" hai0="23,27,30,41,47,48,57,60,66,84,90,94,95" hai3="13,14,16,19,20,21,58,59,87,88" /><INIT seed="3,2,1,5,1,116" ten="167,244,297,282" oya="3" hai0="13,83,58,119,79,33,26,1,63,29,98,106,94" hai1="117,100,73,40,47,89,12,54,53,80,74,101,115" hai2="39,99,95,125,66,38,52,28,50,109,88,4,17" hai3="77,72,75,23,36,135,43,129,16,22,8,65,131"/><W56/><G135/><T132/><D132/><U27/><E115/><V121/><F121/><W76/><G43/><T123/><D119/><U61/><E117/><V86/><F109/><W118/><G36/><T71/><D1/><U110/><E110/><V10/><F125/><W2/><G65/><T46/><D106/><U6/><E74/><N who="3" m="28202" /><G56/><T122/><D71/><U130/><E130/><N who="3" m="49674" /><G118/><T102/><D13/><U128/><E12/><N who="2" m="7319" /><F4/><N who="3" m="1047" /><G23/><T87/><REACH who="0" step="1"/><D46/><REACH who="0" ten="157,244,297,282" step="2"/><U69/><E47/><N who="2" m="27743" /><F66/><AGARI ba="2,2" hai="26,29,33,58,63,66,79,83,87,94,98,102,122,123" machi="66" ten="30,7700,0" yaku="1,1,7,1,52,2,53,0" doraHai="116" doraHaiUra="112" who="0" fromWho="2" sc="157,103,244,0,297,-83,282,0" /><INIT seed="4,0,0,5,1,41" ten="260,244,214,282" oya="0" hai0="28,82,57,35,3,87,116,130,70,62,23,14,108" hai1="133,113,59,102,27,120,20,91,124,31,12,85,104" hai2="72,36,84,86,118,90,9,99,134,101,83,5,25" hai3="128,7,10,67,75,16,76,123,80,53,2,30,56"/><T47/><D116/><U111/><E111/><V126/><F134/><W58/><G128/><T132/><D3/><U131/><E120/><V79/><F126/><W55/><G123/><T68/><D132/><U66/><E133/><V61/><F118/><W95/><G30/><T121/><D35/><U49/><E131/><V81/><F36/><W6/><G7/><T89/><D121/><U119/><E119/><V78/><F61/><W107/><G107/><T112/><D130/><U105/><E124/><V38/><F38/><W92/><G67/><T24/><D108/><U18/><E102/><V0/><F25/><W11/><G10/><T135/><D135/><U17/><E17/><V22/><F22/><W106/><G106/><T60/><D112/><U77/><E77/><V54/><F54/><W13/><G6/><T125/><D125/><U4/><E4/><V46/><F46/><W39/><G39/><T103/><D103/><U43/><E113/><V40/><F40/><W93/><G2/><T97/><D97/><U65/><E105/><V37/><F37/><W69/><G69/><T29/><D29/><U114/><E104/><V52/><F52/><W64/><G58/><T115/><D115/><U1/><E1/><V34/><F34/><W88/><G88/><T21/><D47/><N who="1" m="25855" /><E59/><V110/><F110/><W63/><AGARI ba="0,0" hai="11,13,16,53,55,56,63,64,75,76,80,92,93,95" machi="63" ten="30,2000,0" yaku="0,1,54,1" doraHai="41" who="3" fromWho="3" sc="260,-10,244,-5,214,-5,282,20" owari="250,5.0,239,-16.1,209,-29.1,302,40.2" /></mjloggm>