<mjloggm ver="2.3"><GO type="225" lobby="0"/><UN n0="%E3%81%BF%E3%81%BF%E3%81%9A" n1="%E3%81%B5%E3%81%98%E3%81%8B%E3%81%A4" n2="%E9%97%98%E5%B0%86%E3%81%A0%E3%82%93%E3%81%A7%E3%81%83" n3="%E9%A6%AC%E4%BA%86%E9%9A%94%E5%A3%81" dan="17,16,16,18" rate="2281.67,2183.78,2132.54,2215.94" sx="M,M,M,M"/><TAIKYOKU oya="0"/><INIT seed="0,0,0,2,0,59" ten="250,250,250,250" oya="0" hai0="110,125,98,120,102,81,19,43,24,50,114,100,133" hai1="70,15,74,37,87,9,33,40,106,53,86,30,23" hai2="44,78,95,80,115,77,38,7,134,41,42,122,132" hai3="52,119,14,18,29,63,27,45,16,17,21,89,64"/><T121/><D114/><U6/><E106/><V35/><F115/><W20/><G119/><T124/><D24/><U135/><E74/><V71/><F122/><N who="0" m="47210" /><D19/><N who="3" m="7177" /><G89/><T28/><D28/><U13/><E135/><V68/><F35/><W22/><G64/><T109/><D133/><N who="2" m="51306" /><F78/><W48/><G63/><T62/><D43/><U105/><E30/><V72/><F7/><W32/><G32/><T3/><D50/><U107/><E40/><V47/><F95/><W97/><G97/><T34/><D3/><U39/><E105/><V31/><F31/><W5/><G5/><T25/><D25/><U54/><E6/><V131/><F131/><W60/><G60/><T129/><D34/><U118/><E33/><V58/><F58/><W46/><G22/><T96/><D62/><U69/><E23/><V116/><F116/><W2/><G2/><T75/><D129/><U130/><E130/><V65/><F65/><W56/><AGARI ba="0,0" hai="14,16,20,21,27,29,45,46,48,52,56" m="7177" machi="56" ten="30,4000,0" yaku="8,1,54,2" doraHai="59" who="3" fromWho="3" sc="250,-20,250,-10,250,-10,250,40" /><INIT seed="1,0,0,2,0,6" ten="230,240,240,290" oya="1" hai0="89,34,36,58,39,105,31,52,86,76,61,100,29" hai1="60,62,55,16,92,33,23,127,72,47,107,49,41" hai2="134,99,87,43,59,79,94,20,93,77,44,64,80" hai3="120,117,0,27,97,42,126,104,109,66,124,57,106"/><U90/><E107/><V53/><F134/><W130/><G120/><T48/><D76/><U32/><E72/><V114/><F114/><W71/><G0/><T119/><D119/><U63/><E127/><N who="3" m="48682" /><G109/><T73/><D73/><U128/><E128/><V21/><F64/><W46/><G71/><T135/><D135/><U112/><E112/><V3/><F3/><W19/><G97/><T95/><D105/><U37/><E37/><V101/><F79/><W67/><G130/><T133/><D133/><U25/><REACH who="1" step="1"/><E41/><REACH who="1" ten="230,230,240,290" step="2"/><V54/><F43/><W10/><G106/><T122/><D36/><U28/><E28/><V4/><F44/><W131/><G104/><T13/><D39/><U108/><E108/><V2/><F54/><W70/><G131/><T91/><D122/><U129/><E129/><V56/><F53/><W35/><G46/><T14/><D31/><U30/><E30/><V88/><F59/><W40/><G57/><N who="0" m="32903" /><D29/><U68/><E68/><V123/><F56/><W110/><G110/><T98/><D34/><U85/><AGARI ba="0,1" hai="16,23,25,32,33,47,49,55,60,62,63,85,90,92" machi="85" ten="30,6000,0" yaku="1,1,0,1,54,1,53,0" doraHai="6" doraHaiUra="125" who="1" fromWho="1" sc="230,-20,230,70,240,-20,290,-20" /><INIT seed="1,1,0,2,5,126" ten="210,300,220,270" oya="1" hai0="106,66,30,123,22,54,94,65,15,131,33,57,40" hai1="13,26,39,101,43,68,79,51,32,17,81,6,70" hai2="102,63,84,36,88,41,116,100,72,83,95,80,42" hai3="14,104,86,28,119,75,5,74,4,99,82,108,35"/><U60/><E39/><V115/><F116/><W124/><G108/><T37/><D106/><U10/><E101/><V12/><F115/><W98/><G124/><T0/><D0/><U110/><E60/><V78/><F36/><W122/><G122/><T129/><D33/><U118/><E118/><V71/><F102/><W38/><G38/><T62/><D123/><U58/><E110/><V85/><F100/><W16/><G104/><T127/><D127/><U96/><E96/><N who="3" m="36906" /><G35/><T20/><D94/><U7/><E7/><N who="3" m="2634" /><G75/><T55/><D30/><U21/><E32/><V113/><F113/><W112/><G74/><T61/><D15/><U25/><E25/><V125/><F125/><W93/><G28/><T48/><D20/><U52/><REACH who="1" step="1"/><E43/><REACH who="1" ten="210,290,220,270" step="2"/><V34/><F34/><W132/><G119/><T59/><D22/><U121/><E121/><V46/><F42/><W50/><G112/><T45/><REACH who="0" step="1"/><D37/><REACH who="0" ten="200,290,220,270" step="2"/><U107/><E107/><V105/><F105/><W128/><G14/><T23/><D23/><U19/><E19/><V97/><F12/><W77/><G16/><T120/><D120/><U2/><E2/><V56/><F71/><W130/><G93/><T29/><D29/><U114/><E114/><V64/><F95/><W9/><G9/><T92/><D92/><U76/><E76/><V1/><F1/><W27/><G27/><T117/><D117/><U103/><E103/><V8/><F8/><W18/><G18/><T87/><D87/><AGARI ba="1,2" hai="6,10,13,17,21,26,51,52,58,68,70,79,81,87" machi="87" ten="30,5800,0" yaku="1,1,7,1,54,1,53,0" doraHai="126" doraHaiUra="69" who="1" fromWho="0" sc="200,-61,290,81,220,0,270,0" /><INIT seed="1,2,0,1,0,73" ten="139,371,220,270" oya="1" hai0="24,5,10,88,87,55,29,59,18,39,65,82,102" hai1="45,25,64,13,60,35,101,121,37,11,126,48,30" hai2="83,14,113,120,51,110,114,28,81,38,133,1,107" hai3="77,135,96,124,46,49,61,0,85,115,19,116,21"/><U117/><E121/><V9/><F1/><W90/><G115/><T106/><D39/><U118/><E126/><V40/><F38/><W89/><G0/><T4/><D65/><U105/><E37/><V34/><F107/><W7/><G7/><T15/><D102/><U112/><E112/><N who="2" m="43115" /><F28/><W128/><G124/><T33/><REACH who="0" step="1"/><D106/><REACH who="0" ten="129,371,220,270" step="2"/><U27/><E101/><V63/><F120/><W100/><G100/><T8/><D8/><U76/><E105/><V68/><F9/><W84/><G116/><T103/><D103/><U95/><E64/><V80/><F68/><W79/><G128/><T43/><D43/><U132/><E11/><V94/><F40/><W56/><G135/><T36/><D36/><U57/><E132/><V42/><F133/><W54/><G96/><T32/><D32/><U67/><E118/><V6/><F34/><W109/><G109/><T17/><D17/><U16/><E35/><V47/><F110/><W53/><G19/><T122/><D122/><U98/><E16/><V12/><F6/><W23/><G21/><T52/><D52/><U134/><E67/><V20/><F20/><W127/><G23/><T119/><D119/><U86/><E134/><V74/><F42/><W62/><G127/><T71/><D71/><U2/><E98/><V70/><F70/><W123/><G123/><T3/><D3/><U58/><E2/><V66/><F66/><W130/><G130/><T93/><D93/><U92/><E95/><V31/><F94/><N who="3" m="54567" /><G61/><AGARI ba="2,1" hai="4,5,10,15,18,24,29,33,55,59,61,82,87,88" machi="61" ten="30,3900,0" yaku="1,1,7,1,54,1,53,0" doraHai="73" doraHaiUra="72" who="0" fromWho="3" sc="129,55,371,0,220,0,270,-45" /><INIT seed="2,0,0,2,5,49" ten="184,371,220,225" oya="2" hai0="4,58,95,48,60,114,43,121,116,87,28,135,115" hai1="47,85,68,23,81,0,125,12,24,15,13,77,35" hai2="97,57,76,50,42,78,91,112,94,34,83,55,132" hai3="74,3,119,98,38,118,6,89,2,101,19,79,105"/><V134/><F112/><W111/><G111/><T122/><D28/><U99/><E68/><V10/><F34/><W131/><G19/><T9/><D95/><U120/><E35/><V61/><F42/><W8/><G131/><T110/><D87/><U32/><E32/><V36/><F36/><W100/><G100/><T11/><D11/><U127/><E0/><V86/><F76/><W62/><G62/><T7/><D7/><U16/><E47/><V1/><REACH who="2" step="1"/><F50/><REACH who="2" ten="184,371,210,225" step="2"/><W128/><G38/><T71/><D110/><U44/><E120/><V108/><F108/><W113/><G113/><T65/><D115/><U30/><E127/><V56/><F56/><W129/><G129/><T72/><D114/><U53/><E125/><V103/><F103/><W80/><G128/><T93/><D122/><U63/><E44/><V27/><F27/><W39/><G39/><T133/><D121/><U75/><E77/><V130/><F130/><W117/><G89/><T82/><D43/><U40/><E40/><V59/><F59/><W69/><G69/><T96/><D71/><U104/><E24/><V37/><F37/><W90/><G90/><N who="0" m="55351" /><D48/><U107/><E63/><V106/><F106/><W84/><G74/><T123/><D123/><U41/><E75/><V64/><F64/><W21/><G79/><N who="0" m="44391" /><D116/><U33/><E41/><V54/><F54/><W26/><G118/><T66/><D65/><U51/><E107/><V126/><F126/><W31/><G119/><T73/><D73/><U52/><E53/><V14/><F14/><N who="1" m="5737" /><E104/><V5/><AGARI ba="0,1" hai="1,5,10,55,57,61,78,83,86,91,94,97,132,134" machi="5" ten="30,6000,0" yaku="1,1,0,1,52,1,53,0" doraHai="49" doraHaiUra="29" who="2" fromWho="2" sc="184,-20,371,-20,210,70,225,-20" /><INIT seed="2,1,0,5,3,112" ten="164,351,280,205" oya="2" hai0="85,114,82,56,108,0,29,100,93,125,13,90,66" hai1="21,126,70,75,102,80,86,129,62,84,128,103,11" hai2="64,74,15,83,89,48,127,28,19,37,27,133,57" hai3="131,2,51,106,54,95,16,135,30,41,43,61,81"/><V4/><F37/><W35/><G106/><T23/><D114/><U69/><E11/><V59/><F133/><W32/><G2/><T130/><D0/><U53/><E126/><V77/><F127/><W117/><G135/><T63/><D125/><U3/><E3/><V25/><F4/><W122/><G122/><T91/><D108/><U76/><E21/><V67/><F89/><W123/><G123/><T9/><D130/><N who="1" m="50283" /><E53/><V40/><F27/><W121/><G121/><T105/><D105/><U113/><E113/><V52/><F40/><W104/><G104/><T1/><D1/><U101/><E62/><V88/><F59/><W94/><G61/><T44/><D44/><U39/><E39/><V110/><F110/><W79/><G131/><T14/><D9/><U34/><E34/><V116/><F116/><W78/><G117/><T26/><REACH who="0" step="1"/><D100/><REACH who="0" ten="154,351,280,205" step="2"/><U17/><E103/><V92/><F15/><W99/><G35/><T49/><D49/><U38/><E102/><V47/><F47/><W24/><G51/><T65/><D65/><U42/><E101/><V132/><F132/><W134/><G134/><T10/><D10/><U87/><E38/><V5/><F64/><W68/><G32/><T58/><D58/><U7/><E69/><V20/><F67/><W60/><G68/><T55/><D55/><U12/><E70/><V50/><F50/><W36/><G54/><T97/><AGARI ba="1,1" hai="13,14,23,26,29,56,63,66,82,85,90,91,93,97" machi="97" ten="20,5200,0" yaku="1,1,0,1,7,1,8,1,53,0" doraHai="112" doraHaiUra="109" who="0" fromWho="0" sc="154,65,351,-14,280,-27,205,-14" /><INIT seed="3,0,0,5,1,24" ten="219,337,253,191" oya="3" hai0="45,12,90,88,43,8,77,105,135,54,120,57,106" hai1="132,10,81,74,87,103,34,27,70,39,0,111,66" hai2="72,52,7,121,37,115,40,85,83,73,128,59,117" hai3="4,123,47,116,63,46,30,119,33,130,26,82,25"/><W36/><G123/><T91/><D120/><U60/><E111/><V71/><F71/><W93/><G130/><T11/><D77/><U80/><E39/><V101/><F115/><W86/><G4/><T23/><D135/><U131/><E103/><V84/><F117/><W22/><G93/><T49/><D23/><U31/><E132/><V97/><F85/><W129/><G129/><T53/><D53/><U112/><E112/><V28/><F121/><W102/><G102/><T133/><D133/><U17/><E74/><V98/><F98/><W1/><G1/><T62/><REACH who="0" step="1"/><D8/><REACH who="0" ten="209,337,253,191" step="2"/><U6/><E10/><V58/><F52/><W14/><G63/><T99/><D99/><U48/><E60/><V41/><F97/><W122/><G122/><T65/><D65/><U109/><E66/><V95/><F128/><W21/><G14/><T114/><D114/><U61/><E61/><V55/><F55/><W125/><G125/><T3/><D3/><U16/><E0/><V104/><F41/><W9/><G9/><T110/><D110/><U94/><E109/><V20/><F40/><W108/><G108/><T38/><D38/><U79/><E79/><V76/><F37/><W15/><G15/><T67/><D67/><U100/><E131/><V107/><F76/><N who="3" m="46407" /><G36/><T92/><D92/><U35/><E94/><V19/><F95/><W29/><G22/><T42/><D42/><U2/><E2/><V89/><F20/><W51/><G51/><T75/><D75/><U44/><E48/><V126/><F73/><W5/><G5/><AGARI ba="0,1" hai="5,11,12,43,45,49,54,57,62,88,90,91,105,106" machi="5" ten="40,2600,0" yaku="1,1,54,1,53,0" doraHai="24" doraHaiUra="32" who="0" fromWho="3" sc="209,36,337,0,253,0,191,-26" owari="245,-15.5,337,43.7,253,5.3,165,-33.5" /></mjloggm>