<mjloggm ver="2.3"><GO type="225" lobby="0"/><UN n0="%E3%81%B7%E3%82%8A%E3%82%93%E8%81%96%E4%BA%BA" n1="%E3%81%BE%E3%81%A8%E3%81%9F" n2="%E9%80%9F%E6%B0%B4%E5%87%9B%E9%A6%99" n3="%E3%81%9F%E3%81%A3%E3%81%A1%E3%82%87" dan="16,16,16,16" rate="2125.62,2146.63,2075.59,2100.02" sx="M,M,F,M"/><TAIKYOKU oya="0"/><INIT seed="0,0,0,0,5,51" ten="250,250,250,250" oya="0" hai0="36,7,120,21,107,125,78,104,68,114,4,20,135" hai1="134,132,98,133,117,18,17,58,131,112,13,100,53" hai2="90,69,103,9,74,72,84,42,101,62,50,65,96" hai3="19,106,82,126,128,43,109,123,24,87,102,14,33"/><T66/><D36/><U91/><E117/><V130/><F130/><W116/><G128/><T115/><D78/><U15/><E91/><V44/><F9/><W27/><G116/><T49/><D49/><U70/><E70/><V38/><F38/><W26/><G109/><T31/><D66/><U28/><E28/><V94/><REACH who="2" step="1"/><F103/><REACH who="2" ten="250,250,240,250" step="2"/><W88/><G123/><T32/><D120/><U99/><E131/><V95/><AGARI ba="0,1" hai="42,44,50,62,65,69,72,74,84,90,94,95,96,101" machi="95" ten="20,5200,0" yaku="1,1,2,1,0,1,7,1,53,0" doraHai="51" doraHaiUra="11" who="2" fromWho="2" sc="250,-26,250,-13,240,62,250,-13" /><INIT seed="1,0,0,2,4,94" ten="224,237,302,237" oya="1" hai0="106,9,87,22,133,34,103,111,68,77,55,42,25" hai1="13,56,70,2,54,48,132,115,66,64,128,86,29" hai2="30,78,118,16,123,35,109,127,135,122,0,4,72" hai3="8,92,113,80,96,74,95,71,131,60,53,44,49"/><U33/><E115/><V46/><F118/><W62/><G113/><T5/><D42/><U45/><E2/><V58/><F109/><W12/><G131/><T75/><D75/><U81/><E128/><V36/><F135/><W26/><G71/><T20/><D68/><U90/><E132/><V38/><F127/><W18/><G26/><T31/><D34/><U7/><E70/><V93/><F30/><W130/><G130/><T40/><D40/><U65/><E33/><V101/><F35/><W134/><G92/><T28/><D111/><U100/><E29/><V121/><F58/><W99/><G134/><T116/><D116/><U1/><E1/><V32/><F32/><W14/><G14/><T3/><D87/><U79/><E100/><V110/><F110/><W105/><G105/><T104/><D77/><U51/><E13/><V37/><F46/><W61/><REACH who="3" step="1"/><G95/><REACH who="3" ten="224,237,302,227" step="2"/><T23/><D133/><U43/><REACH who="1" step="1"/><E7/><REACH who="1" ten="224,227,302,227" step="2"/><V17/><F4/><W117/><G117/><T125/><D125/><U39/><E39/><V112/><F0/><W10/><G10/><T57/><D25/><U98/><E98/><V41/><F112/><W97/><G97/><T59/><D104/><U24/><E24/><V102/><F36/><W120/><G120/><T21/><D106/><U85/><E85/><V19/><F37/><W83/><G83/><T126/><D126/><U108/><E108/><V47/><F122/><W69/><G69/><T73/><D103/><U107/><E107/><V114/><F102/><W76/><AGARI ba="0,2" hai="8,12,18,44,49,53,60,61,62,74,76,80,96,99" machi="76" ten="30,8000,1" yaku="1,1,0,1,52,2,53,1" doraHai="94" doraHaiUra="11" who="3" fromWho="3" sc="224,-20,227,-40,302,-20,227,100" /><INIT seed="2,0,0,4,5,108" ten="204,187,282,327" oya="2" hai0="53,26,47,131,58,32,48,133,52,2,14,88,64" hai1="35,95,10,19,6,77,37,40,61,24,33,49,127" hai2="45,3,109,82,135,111,98,20,0,72,126,97,79" hai3="104,123,70,132,29,28,50,125,130,7,25,27,81"/><V89/><F135/><W60/><G104/><T8/><D2/><U5/><E127/><V119/><F119/><W67/><G123/><T15/><D64/><U75/><E49/><V11/><F126/><W120/><G120/><T39/><D39/><U112/><E95/><V65/><F65/><W85/><G130/><T116/><D131/><U105/><E105/><V102/><F89/><W117/><G117/><T68/><D68/><U66/><E5/><V22/><F98/><W18/><G132/><T16/><D14/><U90/><E90/><V56/><F56/><W113/><G113/><T93/><D116/><U78/><E19/><V71/><F71/><W36/><G36/><T124/><D124/><U9/><E9/><V84/><F72/><W57/><G7/><T122/><D122/><U103/><E103/><V1/><F11/><W80/><G80/><T100/><D32/><U43/><E43/><V106/><REACH who="2" step="1"/><F45/><REACH who="2" ten="204,187,272,327" step="2"/><W83/><G125/><T99/><D133/><U42/><E75/><V107/><F107/><W96/><G70/><T34/><D34/><U121/><E33/><V87/><F87/><W110/><G96/><T94/><D94/><U91/><E121/><V92/><F92/><W134/><G85/><T30/><D100/><U13/><E35/><V55/><F55/><W46/><G46/><T23/><D58/><U115/><E66/><V41/><F41/><AGARI ba="0,1" hai="8,15,16,23,26,30,41,47,48,52,53,88,93,99" machi="41" ten="30,8000,1" yaku="7,1,8,1,54,3" doraHai="108" who="0" fromWho="2" sc="204,90,187,0,272,-80,327,0" /><INIT seed="3,0,0,5,3,4" ten="294,187,192,327" oya="3" hai0="2,37,39,114,90,75,116,9,57,32,125,128,97" hai1="5,100,49,111,18,82,55,21,77,102,130,98,34" hai2="10,104,74,106,23,29,103,134,22,14,79,56,72" hai3="88,36,24,12,58,93,109,68,96,11,69,94,40"/><W91/><G109/><T126/><D75/><U0/><E34/><V7/><F134/><W50/><G36/><T133/><D32/><U45/><E111/><V20/><F106/><W38/><G38/><N who="0" m="14347" /><D116/><U62/><E130/><V87/><F104/><W117/><G117/><T8/><D2/><U83/><E83/><N who="2" m="47615" /><F72/><W80/><G80/><T43/><D43/><U47/><E47/><V44/><F74/><W127/><G127/><N who="0" m="48651" /><D128/><U84/><E62/><V46/><F103/><W28/><G68/><T31/><D31/><U65/><E65/><V86/><F86/><N who="3" m="52471" /><G69/><T99/><D114/><U110/><E110/><V81/><F81/><W85/><G40/><T71/><D71/><U41/><E41/><V118/><F118/><W42/><G42/><T19/><D19/><U89/><E0/><V78/><F78/><W108/><G108/><T122/><D122/><U92/><REACH who="1" step="1"/><E5/><REACH who="1" ten="294,177,192,327" step="2"/><V70/><F70/><W123/><G123/><T48/><D133/><U132/><E132/><V120/><F120/><W73/><G73/><T51/><D57/><U33/><E33/><V25/><F56/><W61/><G61/><T107/><D51/><U30/><E30/><V124/><F124/><W35/><G58/><T121/><D48/><U66/><E66/><V60/><F60/><W3/><G50/><T53/><D53/><U6/><E6/><V16/><F7/><N who="3" m="3199" /><G3/><T67/><D67/><U59/><E59/><V119/><F119/><W113/><G113/><T27/><D121/><U64/><E64/><V131/><F131/><W95/><G35/><T135/><D135/><U15/><AGARI ba="0,1" hai="15,18,21,45,49,55,77,82,84,89,92,98,100,102" machi="15" ten="20,8000,1" yaku="1,1,5,1,0,1,7,1,8,1,53,0" doraHai="4" doraHaiUra="52" who="1" fromWho="1" sc="294,-20,177,90,192,-20,327,-40" /><INIT seed="4,0,0,4,4,73" ten="274,267,172,287" oya="0" hai0="26,108,78,60,76,72,129,119,34,20,28,123,130" hai1="17,64,110,58,120,2,56,77,10,124,5,44,118" hai2="6,103,51,62,115,13,93,75,95,53,98,107,55" hai3="101,36,81,135,109,41,43,94,25,11,57,88,111"/><T83/><D123/><U112/><E118/><V97/><F115/><W91/><G135/><T27/><D119/><U4/><E120/><V59/><F75/><W35/><G11/><T132/><D132/><U52/><E110/><V24/><F24/><W63/><G101/><T37/><D37/><U12/><E124/><V131/><F131/><N who="0" m="50186" /><D78/><U106/><E106/><V14/><F6/><N who="1" m="2665" /><E77/><V42/><F42/><W31/><G36/><T65/><D108/><U114/><E2/><V117/><F117/><W68/><G68/><N who="0" m="42023" /><D27/><U104/><E64/><V45/><REACH who="2" step="1"/><F107/><REACH who="2" ten="274,267,162,287" step="2"/><W102/><G109/><T84/><D72/><U69/><E104/><V92/><F92/><W47/><G111/><T82/><D82/><U134/><E134/><V90/><AGARI ba="0,1" hai="13,14,45,51,53,55,59,62,90,93,95,97,98,103" machi="90" ten="20,5200,0" yaku="1,1,0,1,7,1,8,1,53,0" doraHai="73" doraHaiUra="116" who="2" fromWho="2" sc="274,-26,267,-13,162,62,287,-13" /><INIT seed="5,0,0,3,5,99" ten="248,254,224,274" oya="1" hai0="125,73,20,71,105,55,4,30,88,58,15,89,49" hai1="50,91,33,126,27,113,81,48,39,121,17,135,42" hai2="128,107,62,111,51,41,12,97,115,90,35,124,23" hai3="79,77,80,108,96,60,36,132,101,44,78,95,83"/><U118/><E118/><V9/><F35/><W14/><G108/><T2/><D2/><U11/><E121/><V13/><F111/><W87/><G132/><T117/><D117/><U103/><E135/><V130/><F124/><W28/><G28/><T54/><D71/><U114/><E39/><V106/><F62/><W85/><G77/><T52/><D73/><U59/><E126/><V119/><F119/><W1/><G1/><T22/><D105/><U122/><E122/><V40/><F23/><N who="0" m="8746" /><D30/><N who="1" m="19679" /><E42/><V100/><F107/><W104/><G60/><T24/><D24/><U38/><E38/><V112/><F90/><N who="0" m="34922" /><D125/><U120/><E120/><V64/><F13/><W46/><G36/><T123/><D123/><U102/><E81/><V10/><F64/><W76/><G76/><T57/><D49/><N who="1" m="19051" /><E59/><N who="0" m="22537" /><D15/><N who="1" m="7423" /><E91/><V67/><F67/><W98/><G14/><T116/><D116/><U131/><E131/><N who="2" m="50219" /><F51/><W43/><G43/><N who="2" m="16457" /><F12/><W29/><G29/><T53/><D53/><U93/><E93/><V74/><F74/><W92/><G104/><T68/><D68/><U84/><E84/><V21/><F21/><W134/><G134/><T70/><D70/><U82/><E82/><V109/><F109/><W75/><G75/><T129/><D129/><U65/><E65/><V5/><F5/><AGARI ba="0,0" hai="4,5,52,54,55" m="22537,34922,8746" machi="5" ten="40,8000,1" yaku="28,2,8,1,54,2" doraHai="99" who="0" fromWho="2" sc="248,80,254,0,224,-80,274,0" owari="328,42.8,254,-14.6,144,-35.6,274,7.4" /></mjloggm>