<mjloggm ver="2.3"><GO type="225" lobby="0"/><UN n0="%E6%B0%B7%E5%B7%9D%E9%87%8C%E5%A5%88" n1="%E7%BD%AA%E5%88%91%E6%B3%95%E5%AE%9A%E4%B8%BB%E7%BE%A9" n2="%E3%83%97%E3%83%AC%E3%83%B4%E3%82%A1%E3%83%86%E3%82%A3" n3="%63%68%78%62%64" dan="16,16,16,16" rate="2116.37,2194.78,2145.06,2116.90" sx="F,M,F,M"/><TAIKYOKU oya="0"/><INIT seed="0,0,0,1,0,123" ten="250,250,250,250" oya="0" hai0="24,12,86,114,121,2,54,55,129,77,101,122,42" hai1="79,109,84,99,19,88,67,8,110,92,1,49,7" hai2="118,9,15,108,64,29,133,100,5,37,35,27,130" hai3="127,60,25,28,126,78,34,6,58,116,50,90,104"/><T32/><D114/><U80/><E67/><V70/><F37/><W94/><G104/><T73/><D2/><U98/><E19/><V17/><F118/><W87/><G116/><T59/><D73/><U10/><E10/><V63/><F133/><W36/><G36/><T48/><D42/><U113/><E113/><V76/><F130/><W102/><G102/><T11/><D101/><U45/><REACH who="1" step="1"/><E99/><REACH who="1" ten="250,240,250,250" step="2"/><V47/><F17/><W112/><G112/><T13/><D129/><U85/><E85/><V46/><F108/><W128/><G128/><T68/><D122/><U31/><E31/><V23/><F35/><W65/><G6/><T30/><D121/><U51/><E51/><V115/><F115/><W125/><G50/><T20/><D32/><U66/><E66/><V57/><F70/><W0/><G0/><T33/><D33/><U124/><E124/><V105/><REACH who="2" step="1"/><F76/><AGARI ba="0,1" hai="25,28,34,58,60,65,76,78,87,90,94,125,126,127" machi="76" ten="40,1300,0" yaku="18,1" doraHai="123" who="3" fromWho="2" sc="250,0,240,0,250,-13,250,23" /><INIT seed="1,0,0,3,5,19" ten="250,240,237,273" oya="1" hai0="118,126,120,12,69,9,86,88,40,33,123,100,111" hai1="0,114,6,83,119,131,46,53,132,64,7,92,13" hai2="87,102,67,50,121,36,27,1,89,8,26,98,84" hai3="70,30,90,56,117,58,124,24,116,105,80,106,20"/><U45/><E114/><V110/><F121/><N who="0" m="46666" /><D118/><N who="3" m="45673" /><G70/><T129/><D111/><U59/><E119/><V16/><F110/><W115/><G115/><T97/><D126/><U104/><E104/><N who="3" m="40042" /><G124/><T85/><D33/><U38/><E131/><V2/><F36/><W17/><G30/><T39/><D69/><U101/><E132/><V122/><F122/><W71/><G71/><T65/><D65/><U112/><E112/><V52/><F67/><W14/><G14/><T134/><D100/><U128/><E128/><V22/><F1/><W47/><G47/><N who="0" m="23967" /><D134/><U109/><E64/><V32/><F102/><W95/><G80/><T44/><D44/><U75/><E109/><V51/><F51/><W48/><G48/><T49/><D49/><U23/><E38/><V42/><F42/><W96/><AGARI ba="0,0" hai="17,20,24,56,58,90,95,96" m="40042,45673" machi="96" ten="30,2000,0" yaku="12,1,52,1" doraHai="19" who="3" fromWho="3" sc="250,-5,240,-10,237,-5,273,20" /><INIT seed="2,0,0,3,4,17" ten="245,230,232,293" oya="2" hai0="88,103,90,15,97,60,31,82,132,45,77,38,95" hai1="101,7,113,121,32,81,70,47,80,111,21,23,44" hai2="126,12,6,16,75,39,129,125,115,8,64,34,135" hai3="10,110,123,41,105,46,74,127,134,66,78,25,51"/><V22/><F75/><W79/><G123/><T94/><D132/><U117/><E32/><V57/><F39/><W58/><G134/><T9/><D31/><U128/><E70/><V20/><F115/><W96/><G110/><T109/><D109/><U84/><E111/><V68/><F68/><W53/><G127/><N who="2" m="48649" /><F135/><W13/><G66/><T102/><D60/><U119/><E113/><V120/><F120/><W4/><G74/><T114/><D114/><U65/><E121/><V118/><F118/><W0/><G0/><T122/><D122/><U112/><E112/><V124/><N who="2" m="48657" /><V62/><DORA hai="99" /><F34/><W11/><G11/><T72/><D45/><U73/><E73/><V61/><F61/><W130/><G25/><T100/><D38/><U63/><E119/><V42/><F42/><W93/><G105/><T98/><D103/><U106/><E117/><V107/><F107/><W133/><G130/><T29/><D29/><U131/><E101/><V43/><F43/><W30/><G30/><T33/><D33/><U56/><E106/><V108/><F108/><W48/><G133/><T14/><D14/><U5/><E63/><V83/><F129/><W76/><G76/><T19/><AGARI ba="0,0" hai="9,15,19,72,77,82,88,90,94,95,97,98,100,102" machi="19" ten="20,12000,2" yaku="0,1,7,1,9,1,52,2,54,1" doraHai="17,99" who="0" fromWho="0" sc="245,120,230,-30,232,-60,293,-30" /><INIT seed="3,0,0,0,0,45" ten="365,200,172,263" oya="3" hai0="2,48,133,89,96,79,130,123,82,51,119,6,33" hai1="15,22,16,70,37,108,112,85,120,31,128,49,87" hai2="109,65,115,29,64,73,81,69,71,129,7,91,74" hai3="63,10,122,97,105,83,5,43,26,99,125,86,41"/><W42/><G122/><T80/><D119/><U14/><E37/><V0/><F115/><W98/><G125/><T46/><D123/><U100/><E70/><V121/><F121/><W118/><G118/><T134/><D33/><U12/><E120/><V61/><F109/><W19/><G105/><T18/><D130/><U4/><E108/><V9/><F129/><W40/><G63/><T75/><D18/><U95/><E112/><V1/><F29/><W76/><N who="3" m="10240" /><DORA hai="111" /><W101/><G19/><T92/><D82/><U53/><E31/><V110/><F110/><W21/><G21/><T27/><D27/><N who="1" m="14791" /><E4/><V58/><F58/><W135/><G26/><T32/><D32/><U34/><E34/><V3/><F91/><W68/><G68/><T25/><D46/><N who="1" m="27831" /><E128/><V77/><F73/><W11/><G135/><N who="0" m="51723" /><D25/><U23/><E23/><V30/><REACH who="2" step="1"/><F30/><REACH who="2" ten="365,200,162,263" step="2"/><W13/><G101/><T103/><D89/><U88/><E100/><V55/><F55/><W117/><G117/><T124/><D124/><U106/><E106/><V59/><F59/><W44/><G44/><T47/><D47/><U72/><E72/><V66/><F66/><W67/><G67/><T35/><D75/><U107/><E107/><V102/><F102/><W57/><G57/><T116/><D103/><U17/><E17/><V24/><F24/><W56/><G56/><T126/><D126/><U39/><E39/><V52/><F52/><W131/><G131/><T127/><D127/><U84/><AGARI ba="0,1" hai="12,14,15,84,85,87,88,95" m="27831,14791" machi="84" ten="30,7900,0" yaku="8,1,52,1,54,2" doraHai="45,111" who="1" fromWho="1" sc="365,-20,200,89,162,-20,263,-39" owari="345,44.5,289,8.9,142,-35.8,224,-17.6" /></mjloggm>