<mjloggm ver="2.3"><GO type="225" lobby="0"/><UN n0="%E3%83%A9%E3%83%96%E3%83%AC%E3%83%BC" n1="%E3%81%A1%E3%82%85%E3%81%86%E3%81%A9%E3%81%8F%E8%B1%A1%E3%81%95%E3%82%93" n2="%46%65%6D%69%72%69%6E%73" n3="%E3%83%B4%E3%83%A0%EF%BC%99%E3%81%A6" dan="17,16,16,16" rate="2194.30,2152.14,2142.92,2151.58" sx="M,M,M,M"/><TAIKYOKU oya="0"/><INIT seed="0,0,0,0,0,46" ten="250,250,250,250" oya="0" hai0="122,129,47,132,51,80,58,77,44,67,102,92,62" hai1="125,17,25,126,41,33,43,64,130,121,16,59,20" hai2="50,87,116,8,34,24,40,2,74,3,111,100,53" hai3="90,98,95,115,68,6,131,37,69,120,105,123,27"/><T94/><D122/><N who="3" m="46633" /><G115/><T84/><D132/><U13/><E121/><V39/><F74/><W134/><G134/><T29/><D129/><U96/><E96/><V35/><F111/><W135/><G135/><T91/><D102/><U30/><E130/><V72/><F72/><W112/><G112/><T99/><D29/><U23/><E64/><V63/><F100/><W133/><G133/><T60/><D60/><U107/><E59/><V31/><F34/><W117/><G117/><T104/><D104/><U36/><E107/><V0/><F63/><W1/><G37/><T48/><D94/><U109/><E36/><V89/><F40/><W93/><G105/><T54/><REACH who="0" step="1"/><D51/><REACH who="0" ten="240,250,250,250" step="2"/><U19/><E109/><V79/><F39/><W97/><G95/><T127/><D127/><N who="1" m="48651" /><E17/><V32/><F116/><W4/><G131/><T45/><AGARI ba="0,1" hai="44,45,47,48,54,58,62,67,77,80,84,91,92,99" machi="45" ten="20,18000,2" yaku="1,1,0,1,7,1,8,1,52,1,53,1" doraHai="46" doraHaiUra="56" who="0" fromWho="0" sc="240,190,250,-60,250,-60,250,-60" /><INIT seed="0,1,0,4,0,4" ten="430,190,190,190" oya="0" hai0="52,8,0,89,36,93,127,43,117,113,30,34,20" hai1="58,82,122,123,91,124,12,81,56,125,105,9,37" hai2="80,92,49,85,129,110,62,3,114,102,133,51,13" hai3="19,1,109,23,57,108,88,65,69,115,46,16,74"/><T55/><D117/><U78/><E105/><V79/><F3/><W101/><G115/><T64/><D34/><U86/><E37/><V126/><F114/><W116/><G116/><T45/><D64/><U7/><E56/><V84/><F110/><N who="3" m="42603" /><G69/><T2/><D2/><U76/><E58/><V131/><F133/><W103/><G74/><T42/><D42/><U128/><E128/><N who="2" m="49227" /><F126/><N who="1" m="48745" /><E91/><N who="2" m="53359" /><F102/><N who="3" m="38923" /><G1/><T77/><D77/><U73/><AGARI ba="1,0" hai="7,9,12,73,76,78,81,82,86,122,123" m="48745" machi="73" ten="30,2000,0" yaku="18,1,52,1" doraHai="4" who="1" fromWho="1" sc="430,-11,190,23,190,-6,190,-6" /><INIT seed="1,0,0,4,1,40" ten="419,213,184,184" oya="1" hai0="44,127,48,132,108,9,89,99,62,131,113,20,7" hai1="1,84,116,46,119,103,47,109,128,121,24,74,45" hai2="10,29,90,57,15,129,4,0,98,51,32,19,58" hai3="27,22,102,6,34,76,67,92,79,43,49,30,3"/><U14/><E121/><V66/><F129/><W25/><G67/><T91/><D131/><U120/><E120/><V65/><F98/><W50/><G50/><T11/><D127/><U2/><E128/><V78/><F78/><W88/><G102/><T107/><D132/><U35/><E74/><V133/><F90/><W8/><G43/><T69/><D11/><U111/><E103/><V54/><F58/><W17/><REACH who="3" step="1"/><G49/><REACH who="3" ten="419,213,184,174" step="2"/><T104/><D48/><U37/><E37/><V117/><F133/><W28/><G28/><T110/><D62/><U87/><E14/><V97/><F117/><N who="1" m="45129" /><E24/><N who="2" m="18471" /><F97/><AGARI ba="0,1" hai="3,6,8,17,22,25,27,30,34,76,79,88,92,97" machi="97" ten="30,7700,0" yaku="1,1,7,1,54,1,53,1" doraHai="40" doraHaiUra="16" who="3" fromWho="2" sc="419,0,213,0,184,-77,174,87" /><INIT seed="2,0,0,3,3,33" ten="419,213,107,261" oya="2" hai0="103,4,133,105,24,2,61,85,52,7,48,27,13" hai1="38,32,75,0,43,126,21,35,30,57,104,81,37" hai2="79,44,65,46,47,108,123,67,100,118,111,6,134" hai3="120,54,117,69,36,55,20,58,106,31,39,114,23"/><V53/><F123/><W121/><G117/><T101/><D2/><U119/><E119/><V51/><F118/><W42/><G69/><T60/><D133/><U22/><E104/><V96/><F79/><W10/><G106/><T66/><D85/><U17/><E126/><V56/><F6/><W3/><G114/><T45/><D61/><U28/><E57/><V29/><F29/><W25/><G58/><T40/><D40/><U95/><E95/><V49/><F134/><W73/><G73/><T107/><D105/><U83/><E43/><V9/><F9/><W125/><G42/><T129/><D129/><U93/><E93/><V19/><F19/><W116/><G116/><T14/><D13/><U41/><E41/><V132/><F132/><W130/><G10/><N who="0" m="4423" /><D107/><U91/><E91/><V109/><F100/><N who="0" m="38474" /><D7/><U112/><E17/><V128/><F96/><W86/><G31/><T87/><D87/><U76/><E76/><V59/><F128/><W5/><G5/><T97/><D97/><U34/><E34/><V115/><F115/><W63/><G86/><T135/><D135/><U16/><E16/><V1/><F1/><W26/><G125/><T15/><D15/><U50/><E112/><V84/><F84/><W77/><G77/><T62/><D27/><U74/><E0/><V12/><F12/><W102/><G3/><T70/><D24/><U92/><E92/><V72/><F72/><W94/><G94/><T131/><D131/><U99/><E99/><V78/><F78/><W8/><G130/><T113/><D113/><U18/><E18/><V90/><F90/><RYUUKYOKU ba="0,0" sc="419,10,213,10,107,10,261,-30" hai0="45,48,52,60,62,66,70" hai1="21,22,28,30,32,35,37,38,50,74,75,81,83" hai2="44,46,47,49,51,53,56,59,65,67,108,109,111" /><INIT seed="2,1,0,1,0,16" ten="429,223,117,231" oya="2" hai0="124,18,21,89,94,90,74,112,108,88,2,26,36" hai1="50,131,75,22,96,102,12,60,104,10,117,114,132" hai2="52,43,34,103,24,119,20,51,92,133,115,57,122" hai3="71,134,81,66,106,116,126,30,5,64,98,99,41"/><V109/><F119/><W46/><G116/><T77/><D36/><U7/><E117/><V100/><F115/><W33/><G126/><T14/><D2/><U70/><E114/><V130/><F122/><W4/><G134/><T86/><D124/><U37/><E132/><V110/><F133/><W85/><G33/><T39/><D39/><U38/><E75/><V107/><F107/><W3/><G30/><N who="0" m="17743" /><D108/><N who="2" m="41578" /><F34/><W62/><G66/><T55/><D74/><U82/><E131/><V73/><F73/><W113/><G113/><T58/><D77/><U83/><E50/><V101/><F130/><W17/><G17/><T80/><D80/><U8/><E38/><V25/><F43/><W63/><G63/><N who="0" m="36319" /><D112/><U93/><E37/><V84/><F20/><AGARI ba="1,0" hai="14,18,20,86,88,89,90,94" m="36319,17743" machi="20" ten="30,7700,0" yaku="8,1,52,2,54,1" doraHai="16" who="0" fromWho="2" sc="429,80,223,0,117,-80,231,0" /><INIT seed="3,0,0,5,3,35" ten="509,223,37,231" oya="3" hai0="26,13,15,36,61,12,73,90,30,7,10,45,128" hai1="114,120,0,42,67,52,85,111,37,95,119,124,131" hai2="17,112,86,41,123,106,79,94,132,91,89,3,83" hai3="9,31,75,46,100,49,88,29,56,53,47,51,81"/><W92/><G100/><T74/><D128/><U28/><E95/><V33/><F33/><W63/><G9/><T104/><D61/><U76/><E85/><V23/><F112/><W14/><G14/><T4/><D45/><U19/><E19/><V50/><F106/><W130/><G130/><T105/><D36/><U127/><E67/><V113/><F113/><W27/><G81/><T97/><D90/><U58/><E76/><V134/><F123/><W93/><G75/><T16/><D15/><U69/><E52/><V11/><F132/><W2/><G2/><T110/><D110/><U55/><E58/><V77/><F134/><W68/><G68/><T129/><D129/><U65/><E55/><V82/><F94/><W71/><G71/><T121/><D121/><U20/><E20/><V34/><F34/><W72/><G72/><T70/><D105/><U116/><E28/><N who="3" m="10826" /><G27/><T101/><D7/><U43/><E42/><V64/><F64/><N who="3" m="39015" /><G88/><T59/><D70/><U96/><E65/><V54/><F11/><W107/><G107/><T66/><D13/><U102/><E96/><V21/><F21/><W80/><G80/><T99/><D97/><U24/><E102/><V126/><F3/><W22/><G22/><N who="0" m="15703" /><D16/><U62/><E24/><N who="2" m="14447" /><F41/><AGARI ba="0,0" hai="41,46,47,49,51,53,92,93" m="39015,10826" machi="41" ten="30,1500,0" yaku="8,1" doraHai="35" who="3" fromWho="2" sc="509,0,223,0,37,-15,231,15" /><INIT seed="3,1,0,0,3,49" ten="509,223,22,246" oya="3" hai0="21,4,32,115,35,70,81,128,64,27,125,88,25" hai1="59,134,74,58,126,99,52,17,11,57,33,132,101" hai2="82,28,2,78,133,20,31,103,110,66,9,16,24" hai3="94,87,65,91,89,114,50,12,47,22,83,53,84"/><W106/><G106/><T5/><D88/><U90/><E33/><V98/><F133/><N who="1" m="51305" /><E74/><V102/><F110/><W79/><G114/><T107/><D64/><U135/><E135/><V73/><F66/><W30/><G65/><T10/><D10/><U51/><E90/><V23/><F98/><W77/><REACH who="3" step="1"/><G12/><REACH who="3" ten="509,223,22,236" step="2"/><T96/><D107/><N who="1" m="63935" /><E126/><V122/><F122/><W43/><G43/><T55/><D125/><U104/><E104/><V6/><F31/><W100/><G100/><T124/><D124/><U95/><E95/><V34/><REACH who="2" step="1"/><F23/><REACH who="2" ten="509,223,12,236" step="2"/><W131/><G131/><T93/><D21/><U37/><E37/><V108/><F108/><W61/><G61/><T1/><D93/><U75/><E11/><V97/><F97/><W60/><G60/><T14/><D14/><U109/><E109/><V86/><F86/><W7/><G7/><T117/><D96/><U0/><E75/><V68/><F68/><W41/><G41/><T119/><D70/><U116/><E0/><V38/><F38/><W46/><G46/><T85/><D85/><U121/><E121/><V56/><F56/><W92/><G92/><T120/><D120/><U63/><E63/><V40/><F40/><W105/><G105/><T80/><D1/><U113/><E113/><V15/><AGARI ba="1,2" hai="2,6,9,15,16,20,24,28,34,73,78,82,102,103" machi="15" ten="20,12000,2" yaku="1,1,0,1,7,1,24,2,54,1,53,0" doraHai="49" doraHaiUra="112" who="2" fromWho="2" sc="509,-31,223,-31,12,143,236,-61" owari="478,57.8,192,-0.8,155,-34.5,175,-22.5" /></mjloggm>