<mjloggm ver="2.3"><GO type="225" lobby="0"/><UN n0="%E8%A6%9A%E9%86%92%E3%81%97%E3%81%9F%E3%81%A8%E3%81%BE%E3%81%A8" n1="%E3%81%A1%E3%82%85%E3%81%86%E3%81%A9%E3%81%8F%E8%B1%A1%E3%81%95%E3%82%93" n2="%E3%81%86%E3%82%8B%E3%81%8A%E3%81%A1%E3%82%83" n3="%E7%89%B9%E6%9D%B1%E3%81%AF%E4%B8%96%E7%95%8C%E3%82%92%E6%95%91%E3%81%86" dan="18,17,16,16" rate="2251.06,2194.48,2048.81,2175.53" sx="M,M,F,M"/><TAIKYOKU oya="0"/><INIT seed="0,0,0,1,0,2" ten="250,250,250,250" oya="0" hai0="94,19,13,37,40,79,20,133,100,31,119,129,69" hai1="41,8,121,51,124,96,16,67,46,15,80,33,17" hai2="10,126,74,55,83,84,21,91,105,11,131,134,128" hai3="108,42,44,101,29,98,66,120,7,50,53,27,6"/><T59/><D119/><U57/><E121/><V49/><F105/><W109/><G66/><T70/><D133/><U23/><E124/><V24/><F74/><W1/><G120/><T99/><D129/><N who="2" m="49738" /><F126/><W90/><G90/><T118/><D118/><U30/><E33/><V76/><F91/><W114/><G114/><T85/><D31/><U78/><E30/><N who="2" m="17679" /><F134/><W104/><G1/><T22/><D22/><U0/><E96/><V97/><F97/><W127/><G127/><T18/><D19/><U52/><E67/><V110/><F110/><N who="3" m="42603" /><G53/><T89/><D79/><U58/><E41/><V54/><F54/><W87/><G87/><T75/><D59/><AGARI ba="0,0" hai="10,11,49,55,59,76,83,84" m="17679,49738" machi="59" ten="30,1000,0" yaku="19,1" doraHai="2" who="2" fromWho="0" sc="250,-10,250,0,250,10,250,0" /><INIT seed="1,0,0,2,0,36" ten="240,250,260,250" oya="1" hai0="93,58,63,135,42,119,51,100,74,38,16,15,3" hai1="4,29,62,8,111,50,126,131,71,52,116,31,86" hai2="124,70,127,24,109,125,1,12,20,49,99,34,37" hai3="107,122,60,118,11,18,103,55,75,76,134,105,32"/><U106/><E116/><V54/><F37/><W117/><G32/><T44/><D119/><N who="3" m="45577" /><G103/><T26/><D74/><U30/><E106/><V110/><F1/><W85/><G75/><T9/><D135/><U132/><E132/><V113/><F70/><W112/><G112/><T92/><D3/><U22/><E131/><V43/><F113/><W19/><G122/><T69/><D100/><U23/><E126/><V33/><F99/><W25/><G19/><T0/><D0/><U17/><E111/><N who="2" m="42507" /><F12/><N who="3" m="7455" /><G25/><T5/><D38/><U108/><E108/><V84/><F84/><W64/><G55/><N who="0" m="34271" /><D69/><U27/><E86/><V39/><F39/><W56/><G134/><T6/><D26/><U83/><E83/><AGARI ba="0,0" hai="56,60,64,76,83,85,105,107" m="7455,45577" machi="83" ten="30,1000,0" yaku="12,1" doraHai="36" who="3" fromWho="1" sc="240,0,250,-10,260,0,250,10" /><INIT seed="2,0,0,5,4,25" ten="240,240,260,260" oya="2" hai0="113,53,96,114,70,1,80,60,121,13,107,104,49" hai1="56,135,120,89,90,44,131,66,11,108,106,20,64" hai2="51,31,12,62,50,109,74,110,7,123,122,100,88" hai3="129,67,83,97,28,2,112,26,41,40,45,92,22"/><V18/><F74/><W133/><G2/><T10/><D1/><U94/><E106/><V3/><F100/><W55/><G129/><T6/><D121/><U78/><E120/><V82/><F7/><W54/><G133/><T134/><D134/><U8/><E135/><V132/><F3/><W73/><G112/><T69/><D80/><U81/><E131/><V124/><F124/><W19/><G67/><T84/><D84/><N who="1" m="48183" /><E108/><N who="2" m="41579" /><F132/><W115/><G115/><T4/><D4/><U61/><E64/><V93/><F82/><W42/><G45/><T38/><D114/><U99/><E44/><V111/><F111/><W16/><G73/><T48/><D107/><U59/><E59/><V117/><F117/><W47/><G83/><T102/><D70/><U125/><E125/><V71/><F122/><W86/><G86/><T72/><D72/><U14/><E90/><V76/><F76/><W9/><G9/><T37/><D69/><U43/><E43/><V87/><F123/><W17/><G47/><T58/><D113/><U32/><E32/><V15/><F71/><W34/><G34/><T119/><D119/><U46/><E46/><V77/><F77/><W21/><G21/><T101/><REACH who="0" step="1"/><D102/><AGARI ba="0,0" hai="16,17,19,22,26,28,40,41,42,54,55,92,97,102" machi="102" ten="40,5200,0" yaku="8,1,52,1,54,1" doraHai="25" who="3" fromWho="0" sc="240,-52,240,0,260,0,260,52" /><INIT seed="3,0,0,3,3,35" ten="188,240,260,312" oya="3" hai0="55,89,52,48,31,106,122,112,125,28,4,14,114" hai1="27,75,81,25,73,51,37,90,12,86,78,118,36" hai2="9,0,13,71,59,10,120,111,23,92,82,93,49" hai3="18,21,84,123,17,47,42,61,69,110,19,62,29"/><W50/><G123/><T60/><D122/><U98/><E118/><V46/><F71/><W56/><G69/><T97/><D125/><U7/><E51/><V64/><F111/><W108/><G84/><T101/><D89/><U77/><E98/><V16/><F82/><W34/><G34/><T126/><D126/><U135/><E135/><V11/><F0/><W119/><G119/><T127/><D127/><U33/><E78/><V76/><F76/><W20/><G62/><T74/><D74/><U70/><E70/><V85/><F120/><W91/><G91/><T38/><D38/><U22/><E33/><V79/><F79/><W87/><G87/><T72/><D72/><U121/><E121/><V107/><F107/><W45/><G47/><T116/><D116/><U40/><E75/><V83/><F83/><W124/><G124/><T67/><D14/><U99/><E99/><V39/><F39/><W131/><G131/><T32/><D4/><U6/><E36/><V68/><F68/><W53/><G29/><T132/><D132/><U58/><E6/><V100/><F85/><W65/><G65/><T2/><D2/><U117/><E7/><V109/><F100/><W30/><G30/><N who="0" m="11307" /><D32/><U95/><E117/><V66/><F109/><AGARI ba="0,0" hai="17,18,19,20,21,42,45,50,53,56,61,108,109,110" machi="109" ten="40,3900,0" yaku="14,1,10,1" doraHai="35" who="3" fromWho="2" sc="188,0,240,0,260,-39,312,39" owari="188,-31.2,240,4.0,221,-17.9,351,45.1" /></mjloggm>