<mjloggm ver="2.3"><GO type="225" lobby="0"/><UN n0="%E3%81%BF%E3%81%BF%E3%81%9A" n1="%E3%83%81%E3%83%AF%E3%83%AF%E9%9A%8A%E9%95%B7" n2="%E6%98%93%E5%88%A9%E8%96%A9%E4%BC%AF" n3="%4D%6F%6E%61%6E%61" dan="18,17,16,16" rate="2246.90,2192.14,2017.74,2122.26" sx="M,M,F,F"/><TAIKYOKU oya="0"/><INIT seed="0,0,0,4,2,98" ten="250,250,250,250" oya="0" hai0="61,55,128,129,68,5,99,11,35,135,77,107,38" hai1="76,85,66,119,118,47,95,56,44,64,112,111,30" hai2="86,62,24,3,49,23,109,45,88,53,29,17,26" hai3="59,133,101,97,80,28,60,15,89,90,14,74,40"/><T22/><D35/><U131/><E112/><V7/><F109/><W50/><G133/><T122/><D122/><U71/><E71/><V78/><F78/><W41/><G28/><T63/><D38/><U126/><E111/><V33/><F62/><W96/><G74/><T2/><D135/><U121/><E121/><V51/><F51/><W72/><G72/><T43/><D77/><U120/><E120/><V32/><F3/><W83/><G60/><T102/><D43/><U92/><E126/><V134/><F7/><W81/><G81/><T25/><D55/><U54/><E131/><N who="0" m="50249" /><D68/><U103/><E30/><AGARI ba="0,0" hai="2,5,11,22,25,30,61,63,99,102,107" m="50249" machi="30" ten="30,2900,0" yaku="19,1,52,1" doraHai="98" who="0" fromWho="1" sc="250,29,250,-29,250,0,250,0" /><INIT seed="0,1,0,1,4,117" ten="279,221,250,250" oya="0" hai0="45,104,5,2,44,0,30,91,56,11,95,85,3" hai1="10,26,8,126,88,25,101,67,89,46,118,99,40" hai2="12,112,6,80,41,18,98,42,82,73,13,23,52" hai3="68,29,128,78,121,38,61,93,90,48,115,75,74"/><T105/><D30/><U62/><E118/><V14/><F112/><W76/><G38/><T65/><D65/><U36/><E126/><V79/><F82/><W129/><G29/><T106/><REACH who="0" step="1"/><D56/><REACH who="0" ten="269,221,250,250" step="2"/><U16/><E67/><V39/><F39/><W122/><G68/><T33/><D33/><U35/><E35/><V31/><F31/><W97/><G115/><T127/><D127/><U72/><E36/><V70/><F70/><W119/><G119/><T108/><D108/><U49/><E72/><N who="3" m="27690" /><G61/><T134/><D134/><U100/><E62/><V54/><F6/><W4/><G4/><T22/><D22/><U21/><E8/><V55/><REACH who="2" step="1"/><F98/><REACH who="2" ten="269,221,240,250" step="2"/><W20/><G48/><T24/><D24/><AGARI ba="1,2" hai="12,13,14,18,23,24,41,42,52,54,55,73,79,80" machi="24" ten="40,5200,0" yaku="1,1,2,1,54,1,53,0" doraHai="117" doraHaiUra="111" who="2" fromWho="0" sc="269,-55,221,0,240,75,250,0" /><INIT seed="1,0,0,1,3,93" ten="214,221,315,250" oya="1" hai0="10,112,7,107,106,26,91,110,96,34,134,126,123" hai1="117,31,25,135,79,129,11,56,43,92,22,46,9" hai2="60,55,70,12,116,62,28,81,99,20,58,89,125" hai3="37,19,14,35,113,51,2,86,36,73,30,18,44"/><U21/><E117/><V27/><F116/><W71/><G71/><T111/><D112/><U103/><E129/><V16/><F125/><W61/><G113/><T48/><D126/><U54/><E135/><V64/><F81/><W109/><G109/><N who="0" m="41483" /><D134/><U49/><E79/><V53/><F53/><W102/><G73/><T3/><D123/><U59/><E59/><V69/><F69/><W65/><G2/><T90/><D48/><U128/><E128/><V131/><F131/><W0/><G0/><T74/><D74/><U98/><REACH who="1" step="1"/><E21/><REACH who="1" ten="214,211,315,250" step="2"/><V39/><F39/><AGARI ba="0,1" hai="9,11,22,25,31,39,43,46,49,54,56,92,98,103" machi="39" ten="30,12000,1" yaku="1,1,2,1,7,1,52,1,53,1" doraHai="93" doraHaiUra="23" who="1" fromWho="2" sc="214,0,211,130,315,-120,250,0" /><INIT seed="1,1,0,5,3,100" ten="214,341,195,250" oya="1" hai0="3,69,7,73,86,98,55,49,36,111,89,4,31" hai1="22,66,79,114,16,106,41,88,70,5,46,52,14" hai2="133,127,113,82,47,40,97,124,103,117,75,38,76" hai3="78,132,91,48,123,108,20,104,62,44,67,34,120"/><U83/><E114/><V134/><F117/><W109/><G34/><T15/><D36/><U92/><E106/><N who="2" m="63855" /><F113/><W9/><G9/><T107/><D73/><U122/><E122/><V61/><F61/><W130/><G91/><T30/><D69/><U65/><E70/><V64/><F64/><N who="1" m="24681" /><E5/><N who="0" m="2121" /><D107/><U60/><E41/><V84/><F84/><W29/><G78/><T2/><D2/><U50/><E60/><V27/><F27/><N who="3" m="16615" /><G104/><T18/><D98/><N who="1" m="57607" /><E83/><V71/><F71/><N who="3" m="42487" /><G132/><AGARI ba="1,0" hai="38,40,47,75,76,82,124,127,132,133,134" m="63855" machi="132" ten="30,3900,0" yaku="20,1,23,1,52,1" doraHai="100" who="2" fromWho="3" sc="214,0,341,0,195,42,250,-42" /><INIT seed="2,0,0,1,0,98" ten="214,341,237,208" oya="2" hai0="25,127,101,125,83,70,68,56,64,2,84,107,54" hai1="46,133,0,114,44,112,104,110,15,21,42,5,23" hai2="34,73,91,26,69,71,99,60,45,37,129,43,95" hai3="62,132,66,8,85,118,50,94,3,51,16,29,61"/><V72/><F129/><W18/><G118/><T88/><D2/><U13/><E104/><V4/><F4/><W1/><G132/><T22/><D64/><U103/><E133/><V19/><F60/><W32/><G32/><T121/><D121/><U134/><E134/><V28/><REACH who="2" step="1"/><F19/><REACH who="2" ten="214,341,227,208" step="2"/><W63/><G66/><T12/><D127/><U80/><E5/><V74/><AGARI ba="0,1" hai="26,28,34,37,43,45,69,71,72,73,74,91,95,99" machi="74" ten="30,6000,0" yaku="1,1,2,1,0,1,53,0" doraHai="98" doraHaiUra="113" who="2" fromWho="2" sc="214,-20,341,-20,227,70,208,-20" /><INIT seed="2,1,0,1,0,17" ten="194,321,297,188" oya="2" hai0="30,81,56,99,16,21,59,55,15,132,105,38,82" hai1="46,68,51,19,35,128,119,77,37,123,107,1,104" hai2="60,61,106,9,115,25,88,116,109,70,58,127,112" hai3="11,28,95,108,126,125,121,118,135,5,73,131,93"/><V103/><F116/><W50/><G73/><T134/><D38/><U72/><RYUUKYOKU type="yao9" ba="1,0" sc="194,0,321,0,297,0,188,0" hai1="1,19,35,37,46,51,68,72,77,104,107,119,123,128" /><INIT seed="2,2,0,5,2,69" ten="194,321,297,188" oya="2" hai0="2,105,13,75,15,62,116,43,94,135,51,18,17" hai1="133,38,58,72,101,42,113,30,112,31,45,125,61" hai2="33,108,55,120,63,87,35,100,52,98,6,89,57" hai3="77,21,88,128,131,56,66,76,107,47,103,86,97"/><V84/><F120/><W67/><G47/><T99/><D105/><U9/><E72/><V109/><F6/><W121/><G21/><N who="0" m="11439" /><D2/><U111/><E111/><N who="2" m="42571" /><F55/><W83/><G56/><T123/><D75/><U127/><E133/><V25/><F25/><W92/><G66/><T1/><D1/><U4/><E101/><V130/><F130/><N who="3" m="49707" /><G67/><T37/><D37/><U132/><E132/><V102/><F102/><N who="3" m="62927" /><G121/><T79/><D116/><U82/><E82/><N who="2" m="49303" /><F87/><N who="3" m="52255" /><G103/><N who="0" m="60919" /><D123/><U16/><E4/><V7/><F7/><W20/><G20/><T134/><D134/><U59/><E9/><V65/><F65/><W50/><G50/><T78/><D135/><U54/><E54/><V104/><AGARI ba="2,0" hai="33,35,52,57,63,98,100,104" m="49303,42571" machi="104" ten="30,6000,0" yaku="14,1,10,1,54,1" doraHai="69" who="2" fromWho="2" sc="194,-22,321,-22,297,66,188,-22" /><INIT seed="2,3,0,3,1,65" ten="172,299,363,166" oya="2" hai0="57,127,58,62,12,14,114,64,101,35,29,23,77" hai1="106,87,126,82,3,61,70,93,80,53,105,11,33" hai2="6,21,39,95,55,54,69,59,45,94,120,129,20" hai3="100,81,27,85,66,50,44,79,52,131,102,68,25"/><V115/><F115/><W30/><G131/><T32/><D114/><U48/><E33/><V13/><F120/><W123/><G123/><T121/><D121/><U51/><E126/><V125/><F69/><W86/><G86/><T128/><D127/><U91/><E48/><N who="2" m="28943" /><F129/><W49/><G49/><T1/><D128/><U16/><E80/><V89/><F39/><W5/><G5/><T36/><D36/><U74/><E3/><V0/><F95/><W109/><G109/><T116/><D1/><U31/><E31/><V42/><F42/><W75/><G75/><T98/><D77/><U7/><E7/><V15/><F0/><W111/><G111/><T8/><D116/><U4/><E4/><V122/><F15/><W132/><G132/><T41/><D41/><U84/><E74/><V9/><F125/><W10/><G10/><T135/><D135/><U2/><E2/><V112/><F112/><W103/><REACH who="3" step="1"/><G30/><REACH who="3" ten="172,299,363,156" step="2"/><T56/><D14/><U134/><E134/><V43/><F122/><W88/><G88/><T119/><D119/><U47/><E91/><V78/><F78/><W107/><G107/><T124/><D124/><U34/><E106/><V99/><F43/><W71/><G71/><N who="0" m="42391" /><D8/><U130/><E11/><V17/><F6/><W83/><G83/><T92/><D12/><U72/><E130/><V117/><F117/><W97/><G97/><T104/><D104/><U76/><E105/><V28/><F28/><W73/><G73/><T46/><D46/><U63/><E72/><V40/><F40/><W60/><AGARI ba="3,1" hai="25,27,44,50,52,60,66,68,79,81,85,100,102,103" machi="60" ten="30,7900,0" yaku="1,1,0,1,52,1,54,1,53,0" doraHai="65" doraHaiUra="38" who="3" fromWho="3" sc="172,-23,299,-23,363,-42,156,98" /><INIT seed="3,0,0,0,1,41" ten="149,276,321,254" oya="3" hai0="43,100,126,70,64,74,122,108,121,112,6,19,127" hai1="132,58,128,106,129,90,5,75,66,61,80,30,82" hai2="11,76,45,104,115,47,33,87,49,48,83,15,95" hai3="73,111,2,54,37,131,52,117,7,31,50,116,118"/><W120/><G73/><T114/><D74/><U125/><E106/><V79/><F104/><W42/><G120/><N who="0" m="46187" /><D100/><U130/><E125/><N who="0" m="47625" /><D6/><U65/><E132/><V71/><F71/><W63/><G31/><T36/><D19/><U22/><E5/><N who="2" m="3567" /><F115/><N who="0" m="44074" /><D108/><U1/><E75/><V29/><F33/><W28/><G28/><T103/><D103/><U53/><E30/><V27/><F79/><W16/><G111/><T12/><D12/><U78/><E78/><V39/><F95/><W119/><G7/><T4/><D4/><U102/><E102/><V56/><F27/><W21/><G2/><T20/><D20/><U94/><E22/><V67/><F83/><N who="1" m="31785" /><E1/><V97/><F97/><AGARI ba="0,0" hai="53,58,61,65,66,90,94,97,128,129,130" m="31785" machi="97" ten="30,1000,0" yaku="19,1" doraHai="41" who="1" fromWho="2" sc="149,0,276,10,321,-10,254,0" owari="149,-35.1,286,8.6,311,41.1,254,-14.6" /></mjloggm>