<mjloggm ver="2.3"><GO type="225" lobby="0"/><UN n0="%E3%81%99%E3%81%84%E3%81%BE%E3%81%9B%E3%83%BC%E3%82%93" n1="%E6%9A%87%E4%BA%BA%EF%BC%A0%E9%85%8D%E4%BF%A1%E5%9E%A2" n2="%E3%81%B2%E3%81%AA%E3%81%AE%E3%82%8A%E3%81%8F" n3="%E7%AD%89%E3%80%85%E5%8A%9B%E5%8A%87%E5%A0%B4" dan="16,17,17,17" rate="2149.71,2161.24,2206.43,2185.70" sx="M,F,M,M"/><TAIKYOKU oya="0"/><INIT seed="0,0,0,1,2,7" ten="250,250,250,250" oya="0" hai0="18,14,100,15,16,38,17,78,23,82,56,45,33" hai1="53,9,37,120,60,71,118,69,24,61,105,79,92" hai2="3,109,44,132,75,123,22,76,133,87,2,126,68" hai3="67,112,35,80,85,114,49,8,116,95,99,62,74"/><T52/><D33/><U93/><E118/><V135/><F123/><W48/><G74/><T115/><D115/><U59/><E120/><V86/><F68/><W129/><G116/><T64/><D100/><U83/><E105/><V28/><F109/><W63/><G35/><T101/><D101/><U72/><E37/><V73/><F126/><W130/><G95/><T47/><D64/><U107/><E107/><V1/><F44/><W91/><G99/><T103/><D103/><U5/><E24/><N who="2" m="16407" /><F87/><W19/><G49/><T88/><D38/><U57/><E71/><V36/><F36/><W111/><G48/><N who="0" m="30727" /><D78/><U42/><E42/><V65/><F65/><W50/><G50/><T102/><D102/><U117/><E69/><V70/><F70/><W34/><G34/><T134/><D134/><U66/><REACH who="1" step="1"/><E117/><REACH who="1" ten="250,240,250,250" step="2"/><V55/><F135/><W51/><G114/><T90/><D17/><U108/><E108/><V77/><F77/><BYE who="2" /><W81/><G19/><T11/><D90/><U98/><E98/><V4/><F4/><W41/><G91/><T131/><D131/><U27/><E27/><V10/><F10/><W46/><G8/><T20/><D11/><U127/><E127/><V6/><F6/><W32/><G112/><T122/><D122/><U0/><AGARI ba="0,1" hai="0,5,9,53,57,59,60,61,66,72,79,83,92,93" machi="0" ten="20,5200,0" yaku="1,1,0,1,7,1,52,1,53,0" doraHai="7" doraHaiUra="97" who="1" fromWho="1" sc="250,-26,240,62,250,-13,250,-13" /><INIT seed="1,0,0,4,2,65" ten="224,302,237,237" oya="1" hai0="46,133,121,44,84,12,30,87,110,16,4,52,51" hai1="102,88,106,89,36,2,130,61,33,19,96,6,76" hai2="72,86,125,35,111,104,48,57,7,131,80,59,122" hai3="109,103,83,69,127,15,37,32,34,117,18,39,90"/><U10/><E130/><V92/><F92/><W26/><G109/><T8/><D110/><U11/><E33/><V70/><F70/><W42/><G127/><T101/><D133/><U17/><E36/><V71/><F71/><W108/><G108/><T120/><D30/><U29/><E29/><V77/><F77/><W100/><G117/><T50/><D101/><U27/><E76/><V79/><F79/><W0/><G0/><T114/><D114/><U115/><E115/><V132/><F132/><W9/><G69/><T116/><D116/><U54/><E27/><V85/><F85/><W112/><G112/><T98/><D98/><U124/><E124/><V24/><F24/><W1/><G1/><UN n2="%E3%81%B2%E3%81%AA%E3%81%AE%E3%82%8A%E3%81%8F" /><T68/><D68/><U21/><E11/><V97/><F125/><W91/><G39/><T118/><D118/><U74/><E74/><V81/><F72/><W119/><G119/><T40/><REACH who="0" step="1"/><D4/><REACH who="0" ten="214,302,237,237" step="2"/><U56/><REACH who="1" step="1"/><E21/><REACH who="1" ten="214,292,237,237" step="2"/><V20/><F111/><W13/><G34/><T95/><D95/><U63/><E63/><V64/><F20/><W3/><G32/><T45/><D45/><U14/><E14/><V41/><F35/><W73/><G15/><T67/><D67/><U31/><E31/><V129/><F64/><W126/><G13/><T128/><D128/><U78/><E78/><V22/><F131/><W55/><G126/><T43/><D43/><U82/><E82/><V38/><F41/><W25/><G83/><T75/><D75/><U94/><E94/><V60/><F81/><W5/><G73/><T23/><D23/><U134/><E134/><V99/><F129/><RYUUKYOKU ba="0,2" sc="214,15,292,15,237,-15,237,-15" hai0="8,12,16,40,44,46,50,51,52,84,87,120,121" hai1="2,6,10,17,19,54,56,61,88,89,96,102,106" /><INIT seed="1,1,2,1,5,121" ten="229,307,222,222" oya="1" hai0="55,4,106,125,16,10,69,71,17,36,62,1,27" hai1="44,108,57,113,33,64,68,78,99,70,54,82,80" hai2="98,9,6,117,19,95,111,31,74,28,128,43,35" hai3="12,51,59,49,118,38,100,15,46,76,63,90,47"/><U109/><E113/><V102/><F117/><W126/><G38/><T75/><D106/><U13/><E33/><V81/><F128/><W85/><G126/><T8/><D125/><U114/><E114/><V89/><F111/><N who="1" m="42569" /><E13/><V130/><F130/><W50/><G118/><T25/><D36/><U22/><E22/><V127/><F127/><W103/><G76/><T96/><D75/><U52/><E99/><V105/><F19/><W2/><G2/><T120/><D120/><U45/><E64/><V86/><F43/><W56/><G12/><T0/><D96/><U67/><E67/><V42/><F42/><W14/><G15/><T53/><D62/><N who="1" m="36135" /><E82/><V133/><F35/><W79/><G14/><T60/><D60/><U110/><N who="1" m="42577" /><U94/><DORA hai="104" /><E94/><V116/><F116/><W3/><G63/><T32/><REACH who="0" step="1"/><D32/><REACH who="0" ten="219,307,222,222" step="2"/><U39/><E39/><V119/><F119/><W23/><G50/><T24/><D24/><U65/><E65/><V124/><F124/><W131/><G51/><T112/><D112/><U101/><E101/><V37/><F37/><W41/><G103/><T21/><D21/><U34/><E34/><V123/><F123/><W88/><G100/><T7/><AGARI ba="1,3" hai="0,1,4,7,8,10,16,17,25,27,53,55,69,71" machi="7" ten="25,12000,2" yaku="1,1,0,1,22,2,54,1,53,2" doraHai="121,104" doraHaiUra="97,66" who="0" fromWho="0" sc="219,153,307,-61,222,-31,222,-31" /><INIT seed="2,0,0,3,4,87" ten="372,246,191,191" oya="2" hai0="122,50,109,44,130,93,80,125,68,21,56,89,11" hai1="49,124,63,31,69,8,51,91,128,30,39,77,97" hai2="46,86,37,18,99,2,0,66,111,16,120,64,40" hai3="5,133,17,115,119,43,81,32,131,58,84,73,15"/><V20/><F120/><W23/><G119/><T106/><D68/><U71/><E39/><V94/><F111/><W98/><G32/><T34/><D34/><U4/><E77/><V41/><F41/><W92/><G133/><T67/><D106/><U110/><E110/><V116/><F116/><W1/><G131/><T79/><D122/><U59/><E128/><V96/><F86/><W19/><G115/><T7/><D21/><U108/><E108/><V72/><F72/><W38/><G73/><T55/><D125/><U28/><E124/><V25/><F18/><W24/><G1/><T100/><D100/><U70/><E97/><V88/><REACH who="2" step="1"/><F99/><REACH who="2" ten="372,246,181,191" step="2"/><W127/><G127/><T61/><D109/><U48/><E31/><V78/><F78/><W121/><G121/><T104/><D79/><U102/><E102/><V85/><F85/><W103/><G43/><T35/><D130/><U118/><E118/><V90/><F90/><W47/><G84/><T52/><D89/><U114/><E91/><V126/><F126/><W132/><G81/><T65/><D80/><U57/><E114/><V12/><F12/><W10/><G15/><T60/><D104/><U36/><E36/><V6/><F6/><W33/><G5/><T29/><D93/><U135/><E135/><V27/><F27/><W76/><G76/><T105/><D105/><U123/><E123/><V9/><F9/><W75/><G10/><T117/><D117/><U95/><E8/><V62/><F62/><W3/><G132/><T112/><D112/><U113/><E113/><V13/><F13/><N who="3" m="9647" /><G75/><T82/><D11/><RYUUKYOKU ba="0,1" sc="372,-10,246,-10,181,30,191,-10" hai2="0,2,16,20,25,37,40,46,64,66,88,94,96" /><INIT seed="2,1,1,2,2,26" ten="362,236,211,181" oya="2" hai0="120,70,32,6,57,53,65,38,59,91,126,8,56" hai1="31,123,134,21,60,108,9,87,33,4,19,13,45" hai2="48,25,121,82,95,39,132,35,109,130,99,23,94" hai3="28,62,122,104,61,51,58,113,84,115,86,88,135"/><V131/><F121/><W42/><G122/><T98/><D120/><U105/><E123/><RYUUKYOKU type="kaze4" ba="1,1" sc="362,0,236,0,211,0,181,0" /><INIT seed="2,2,1,1,1,67" ten="362,236,211,181" oya="2" hai0="113,107,44,112,25,35,24,60,82,127,123,101,12" hai1="20,55,4,16,74,73,120,128,91,86,11,42,119" hai2="28,133,121,92,76,19,40,81,116,132,53,51,54" hai3="103,46,31,94,49,78,79,97,27,66,83,96,32"/><V45/><F116/><W33/><G79/><T104/><D123/><U58/><E119/><V13/><F121/><W90/><G33/><T21/><D127/><U52/><E120/><V126/><F28/><W68/><G66/><T6/><D82/><U87/><E42/><V93/><F126/><W89/><G97/><T114/><D101/><U0/><E128/><V29/><F29/><W88/><G68/><T106/><D60/><U63/><E55/><V38/><F92/><W130/><G130/><T105/><D105/><U75/><REACH who="1" step="1"/><E91/><REACH who="1" ten="362,226,211,181" step="2"/><V65/><F54/><W134/><G90/><T2/><D114/><U71/><E71/><V39/><F65/><W110/><G89/><T85/><D113/><U41/><E41/><V47/><F38/><W111/><G88/><T7/><D112/><U118/><E118/><V22/><REACH who="2" step="1"/><F93/><REACH who="2" ten="362,226,201,181" step="2"/><W131/><G94/><T9/><D107/><U115/><E115/><V102/><F102/><W70/><G103/><T10/><D106/><U1/><E1/><V62/><F62/><W135/><G131/><T125/><D104/><U17/><E17/><V124/><F124/><W36/><G36/><T64/><D125/><U43/><E43/><V37/><F37/><W117/><G117/><T30/><D64/><U80/><E80/><V59/><F59/><W108/><G83/><T8/><D2/><U61/><E61/><V48/><F48/><W57/><G57/><T109/><D30/><U72/><N who="1" m="18432" /><DORA hai="14" /><U122/><E122/><V5/><F5/><W84/><G31/><T100/><D6/><U129/><E129/><V23/><F23/><RYUUKYOKU ba="2,3" sc="362,-15,226,15,201,15,181,-15" hai1="0,4,11,16,20,52,58,63,86,87" hai2="13,19,22,39,40,45,47,51,53,76,81,132,133" /><INIT seed="2,3,3,3,2,80" ten="347,241,216,166" oya="2" hai0="114,89,68,35,110,47,92,86,32,22,81,46,94" hai1="10,28,29,66,100,83,24,21,19,53,78,16,25" hai2="17,107,48,125,118,98,30,1,44,76,9,101,54" hai3="75,135,72,45,56,93,59,4,133,40,99,116,134"/><V127/><F118/><W106/><G106/><T26/><D68/><U117/><E117/><V67/><F67/><W119/><G4/><T8/><D114/><U43/><E66/><V132/><F132/><W113/><G119/><T14/><D110/><U108/><E108/><V23/><F76/><W49/><G116/><T112/><D35/><U73/><E43/><V38/><F38/><W0/><G0/><T87/><D32/><U52/><E100/><V102/><F102/><W41/><G41/><T62/><D62/><U3/><E29/><V96/><F96/><W70/><G70/><T58/><D58/><N who="3" m="22057" /><G113/><T82/><D112/><U42/><E42/><V84/><F30/><W128/><G128/><T97/><D47/><U130/><E130/><V74/><F74/><W129/><G129/><T37/><D46/><U5/><REACH who="1" step="1"/><E19/><REACH who="1" ten="347,231,216,166" step="2"/><V104/><F17/><W55/><G40/><T103/><D103/><AGARI ba="3,4" hai="45,49,55,72,75,93,99,103,133,134,135" m="22057" machi="103" ten="30,1000,0" yaku="20,1" doraHai="80" who="3" fromWho="0" sc="347,-19,231,0,216,0,166,59" /><INIT seed="3,0,0,2,2,45" ten="328,231,216,225" oya="3" hai0="2,88,4,71,99,8,53,131,74,18,65,110,104" hai1="9,40,36,55,48,0,84,47,62,89,135,1,23" hai2="127,86,78,30,75,134,94,38,20,125,52,49,119" hai3="33,35,34,69,7,60,54,113,12,63,118,79,43"/><W129/><G118/><T61/><D74/><U126/><E126/><N who="2" m="48139" /><F119/><W92/><G113/><T11/><D110/><U57/><E135/><V64/><F134/><W123/><G123/><T3/><D131/><U109/><E109/><V72/><F38/><W58/><G129/><T51/><D104/><U59/><E23/><V95/><F64/><W46/><G79/><T17/><D8/><U132/><E132/><V56/><F86/><W28/><G69/><T83/><D2/><U13/><E59/><V81/><F72/><W87/><G63/><T44/><D99/><U77/><E36/><V105/><F105/><W41/><G28/><T122/><D122/><U32/><E32/><V70/><F70/><W27/><G27/><AGARI ba="0,0" hai="20,27,30,49,52,56,75,78,81,94,95" m="48139" machi="27" ten="30,3900,0" yaku="18,1,52,1,54,1" doraHai="45" who="2" fromWho="3" sc="328,0,231,0,216,39,225,-39" owari="328,42.8,231,-16.9,255,5.5,186,-31.4" /></mjloggm>