<mjloggm ver="2.3"><GO type="225" lobby="0"/><UN n0="%E4%BA%95%E5%B8%AF" n1="%E3%81%A9%E3%82%8F%E3%82%93%E3%81%94" n2="%E3%81%B5%E3%81%98%E3%81%8B%E3%81%A4" n3="%E3%80%93%E3%81%97%E3%83%BC%E3%82%89%E3%80%93" dan="16,16,16,16" rate="2065.58,2073.27,2216.34,2060.93" sx="M,M,M,M"/><TAIKYOKU oya="0"/><INIT seed="0,0,0,0,4,58" ten="250,250,250,250" oya="0" hai0="22,122,99,51,60,70,48,117,75,6,114,92,42" hai1="113,119,10,85,69,37,124,131,44,125,116,13,134" hai2="59,28,4,135,77,82,52,68,9,94,97,81,121" hai3="109,19,36,71,83,15,54,101,110,104,76,55,0"/><T118/><D122/><U74/><E74/><V112/><F112/><W11/><G36/><T107/><D114/><U47/><E85/><V61/><F135/><W38/><G38/><T100/><D75/><U23/><E23/><V34/><F121/><W84/><G0/><T115/><D115/><U18/><E113/><V24/><F68/><W2/><G2/><T111/><D111/><N who="3" m="42505" /><G71/><T126/><D126/><N who="1" m="48747" /><E134/><V63/><F77/><W62/><G62/><N who="2" m="23561" /><F34/><W3/><G3/><T5/><D107/><U129/><E69/><V105/><F105/><W80/><G80/><N who="2" m="30825" /><F9/><W88/><G76/><T12/><D118/><U26/><E37/><V32/><F32/><W45/><G45/><T102/><D117/><N who="1" m="45131" /><E47/><V73/><F73/><W30/><G104/><T43/><D70/><U106/><E44/><V53/><F4/><W95/><G30/><T35/><D35/><U41/><E106/><V128/><F128/><N who="1" m="49225" /><E41/><V31/><F24/><AGARI ba="0,0" hai="10,13,18,24,26" m="49225,45131,48747" machi="24" ten="40,8000,1" yaku="18,1,19,1,34,2" doraHai="58" who="1" fromWho="2" sc="250,0,250,80,250,-80,250,0" /><INIT seed="1,0,0,4,5,45" ten="250,330,170,250" oya="1" hai0="80,57,54,30,68,3,128,90,98,58,49,86,41" hai1="105,40,85,104,43,94,124,21,108,22,83,64,44" hai2="116,130,10,25,120,78,88,73,14,34,132,93,8" hai3="92,118,100,52,59,84,99,89,131,36,115,27,35"/><U48/><E124/><V134/><F120/><W113/><G36/><T39/><D128/><U33/><E33/><V117/><F73/><W18/><G131/><T107/><D3/><U23/><E64/><V65/><F78/><W60/><G118/><T101/><D68/><U63/><E63/><V16/><F65/><W29/><REACH who="3" step="1"/><G18/><REACH who="3" ten="250,330,170,240" step="2"/><T38/><D38/><U42/><E108/><V79/><F130/><W24/><G24/><T15/><D39/><U121/><E121/><V55/><F79/><W5/><G5/><T69/><D30/><U96/><E105/><AGARI ba="0,1" hai="27,29,35,52,59,60,84,89,92,99,100,105,113,115" machi="105" ten="30,3900,0" yaku="1,1,7,1,54,1,53,0" doraHai="45" doraHaiUra="106" who="3" fromWho="1" sc="250,0,330,-39,170,0,240,49" /><INIT seed="2,0,0,5,3,14" ten="250,291,170,289" oya="2" hai0="9,121,80,127,59,17,25,41,15,106,74,43,68" hai1="133,61,24,104,6,67,5,115,29,95,45,51,28" hai2="44,19,129,72,125,27,12,123,124,112,16,32,117" hai3="87,78,35,76,54,88,79,23,50,83,53,130,81"/><V56/><F72/><W107/><G35/><T66/><D68/><U94/><E104/><V42/><F117/><W90/><G107/><T4/><D106/><U84/><E133/><V48/><F123/><W64/><G130/><T105/><D105/><U113/><E113/><V118/><F118/><W100/><G100/><T102/><D102/><U96/><E115/><V38/><F112/><W114/><G114/><T26/><D127/><N who="2" m="48714" /><F129/><W75/><G64/><T0/><D121/><U63/><E84/><V10/><F56/><W82/><G75/><T36/><D66/><U55/><E95/><V3/><F3/><W18/><G87/><T39/><D59/><N who="1" m="37375" /><E61/><V132/><F132/><W131/><G131/><T85/><D39/><U128/><E128/><V49/><F32/><W30/><G30/><N who="1" m="11882" /><E24/><V110/><F110/><W135/><G135/><T120/><D120/><U103/><AGARI ba="0,0" hai="5,6,45,51,55,94,96,103" m="11882,37375" machi="103" ten="30,1100,0" yaku="8,1" doraHai="14" who="1" fromWho="1" sc="250,-3,291,11,170,-5,289,-3" /><INIT seed="3,0,0,1,0,125" ten="247,302,165,286" oya="3" hai0="19,9,115,97,22,50,89,31,86,83,94,81,66" hai1="47,109,127,134,44,112,78,8,37,96,128,30,63" hai2="33,45,3,53,42,60,43,54,17,55,77,68,111" hai3="126,58,29,39,99,49,52,7,61,118,70,73,1"/><W117/><G73/><T20/><D115/><U0/><E109/><V123/><F33/><W133/><G126/><T36/><D36/><U4/><E127/><V2/><F77/><W75/><G75/><T64/><D83/><U93/><E112/><V101/><F101/><W122/><G122/><T18/><D9/><U48/><E30/><V76/><F76/><W135/><G39/><T129/><D31/><U79/><E134/><N who="3" m="51210" /><G29/><T114/><D50/><U74/><E74/><V91/><F123/><W51/><G99/><T92/><D92/><U121/><E121/><V16/><F111/><W110/><G110/><T108/><D108/><U98/><E37/><V21/><F91/><W24/><G24/><T132/><D132/><U32/><E98/><V13/><F17/><W27/><G27/><T90/><D114/><U62/><E32/><V46/><F68/><W116/><G70/><T71/><D71/><U59/><E79/><V107/><F107/><W85/><G85/><T105/><D105/><U23/><E78/><V40/><REACH who="2" step="1"/><F60/><REACH who="2" ten="247,302,155,286" step="2"/><W80/><G118/><T84/><D19/><U72/><E63/><V113/><F113/><W28/><G117/><T87/><D18/><U5/><E62/><V10/><F10/><N who="3" m="2415" /><G116/><T35/><D35/><U14/><E8/><V103/><F103/><W56/><G28/><T130/><D90/><U102/><E102/><V67/><F67/><N who="3" m="39335" /><G80/><T119/><D64/><U38/><E72/><V104/><F104/><W82/><G82/><T100/><D66/><U6/><E6/><V95/><F95/><W34/><G34/><T124/><D119/><RYUUKYOKU ba="0,1" sc="247,-15,302,-15,155,15,286,15" hai2="2,3,13,16,21,40,42,43,45,46,53,54,55" hai3="49,51,52,58" owari="232,-16.8,287,8.7,170,-33.0,311,41.1" /></mjloggm>