<mjloggm ver="2.3"><GO type="225" lobby="0"/><UN n0="%E8%81%B7%E6%A5%AD%E3%80%81%E9%A2%A8%32" n1="%E3%81%99%E3%81%84%E3%81%BE%E3%81%9B%E3%83%BC%E3%82%93" n2="%E3%81%B2%E3%81%AA%E3%81%AE%E3%82%8A%E3%81%8F" n3="%72%69%6F%75%63%68%61%6E" dan="16,16,17,17" rate="2140.11,2126.90,2195.88,2226.93" sx="M,M,M,M"/><TAIKYOKU oya="0"/><INIT seed="0,0,0,5,5,38" ten="250,250,250,250" oya="0" hai0="82,57,97,112,36,77,64,43,11,107,94,39,98" hai1="55,62,131,50,24,100,114,73,41,69,10,99,35" hai2="84,115,75,54,117,37,9,91,16,126,68,124,78" hai3="104,48,56,83,90,118,45,113,7,71,133,27,28"/><T70/><D112/><U76/><E131/><V52/><F115/><W111/><G111/><T3/><D70/><U108/><E108/><V93/><F68/><W72/><G133/><T42/><D107/><U20/><E35/><V5/><F37/><W123/><G113/><T103/><D39/><U86/><E73/><V46/><F117/><W34/><G118/><T81/><D36/><U29/><E114/><V1/><F16/><W134/><G134/><T128/><D128/><U109/><E109/><V33/><F33/><W89/><G71/><T31/><D31/><U130/><E130/><V40/><F40/><N who="0" m="15402" /><D3/><U105/><E10/><V60/><F60/><W101/><G123/><T110/><D110/><U61/><E41/><V53/><F46/><W15/><G45/><T95/><D77/><U0/><E0/><V79/><REACH who="2" step="1"/><F75/><REACH who="2" ten="250,250,240,250" step="2"/><W51/><G72/><T66/><D11/><U102/><E69/><V18/><F18/><W80/><G34/><T17/><D17/><U74/><E74/><V23/><F23/><W22/><G22/><T6/><D6/><U59/><E62/><V63/><F63/><W19/><G7/><T87/><D57/><U2/><E59/><V13/><F13/><W67/><G15/><T106/><D106/><U49/><E2/><V135/><F135/><W122/><G19/><T116/><D116/><U14/><E14/><V85/><F85/><W92/><G104/><T119/><D119/><U47/><E105/><V12/><F12/><W120/><G56/><T4/><D4/><U96/><E47/><V44/><F44/><W26/><G122/><RYUUKYOKU ba="0,1" sc="250,-10,250,-10,240,30,250,-10" hai2="1,5,9,52,53,54,78,79,84,91,93,124,126" /><INIT seed="1,1,1,1,5,9" ten="240,240,270,240" oya="1" hai0="90,7,116,69,4,66,119,16,70,14,63,129,127" hai1="117,105,47,130,65,39,49,10,106,78,59,35,91" hai2="12,88,121,102,113,81,62,51,115,56,122,23,84" hai3="133,100,126,134,114,110,6,109,18,89,42,96,97"/><U0/><E117/><V40/><F102/><W128/><G114/><N who="2" m="43529" /><F40/><W76/><G6/><T111/><D70/><U61/><E35/><V60/><F51/><W11/><G126/><T36/><D36/><U79/><E39/><V135/><F135/><N who="3" m="51723" /><G128/><T83/><D129/><U103/><E130/><V55/><F62/><W43/><G76/><T37/><D37/><U72/><E91/><V5/><F5/><W75/><G75/><T87/><D127/><U104/><E103/><V27/><F12/><N who="3" m="7455" /><G89/><T33/><D33/><U29/><E29/><AGARI ba="1,1" hai="23,27,29,55,56,60,81,84,88,121,122" m="43529" machi="29" ten="30,2000,0" yaku="11,1,54,1" doraHai="9" who="2" fromWho="1" sc="240,0,240,-23,270,33,240,0" /><INIT seed="2,0,0,3,3,37" ten="240,217,303,240" oya="2" hai0="132,1,45,117,108,88,46,57,52,100,68,85,20" hai1="104,18,24,73,10,50,30,7,4,15,70,47,54" hai2="113,65,6,63,128,29,17,66,101,58,115,34,49" hai3="90,87,71,89,0,42,112,23,67,86,75,83,84"/><V124/><F124/><W97/><G0/><T2/><D68/><U19/><E73/><V48/><F128/><W120/><G120/><T53/><D108/><U122/><E122/><V51/><F66/><W26/><G112/><T103/><D117/><U133/><E133/><V61/><F61/><W31/><G42/><T9/><D2/><U111/><E111/><V96/><F6/><W64/><G71/><T16/><D9/><U95/><E104/><V60/><F60/><W38/><G38/><T94/><D1/><U98/><E4/><V91/><F91/><W107/><G75/><T74/><D74/><U69/><E69/><V22/><F29/><W114/><G114/><T79/><D79/><U109/><E70/><V40/><F34/><W36/><G36/><T62/><D132/><U14/><E14/><V27/><REACH who="2" step="1"/><F40/><REACH who="2" ten="240,217,293,240" step="2"/><W76/><G90/><T93/><D53/><U126/><E126/><V92/><AGARI ba="0,1" hai="17,22,27,48,49,51,58,63,65,92,96,101,113,115" machi="92" ten="30,6000,0" yaku="1,1,2,1,0,1,53,0" doraHai="37" doraHaiUra="33" who="2" fromWho="2" sc="240,-20,217,-20,293,70,240,-20" /><INIT seed="2,1,0,1,4,84" ten="220,197,363,220" oya="2" hai0="2,28,127,47,6,76,44,29,86,36,52,11,59" hai1="106,62,115,16,70,40,48,72,113,34,21,30,41" hai2="80,89,22,13,118,130,51,56,88,129,111,121,97" hai3="132,112,38,91,104,60,66,114,93,37,67,123,33"/><V15/><F118/><W49/><G132/><T7/><D127/><U81/><E106/><V4/><F121/><W107/><G123/><T79/><D7/><U9/><E9/><V96/><F111/><W58/><G33/><T69/><D69/><U3/><E3/><V90/><F80/><W39/><G66/><T14/><D2/><U117/><E117/><V45/><F56/><W54/><G104/><T61/><D36/><U122/><E122/><V24/><F96/><W64/><G107/><T35/><D35/><U55/><E34/><V126/><F97/><W109/><G109/><T53/><D53/><U102/><E30/><N who="0" m="11881" /><D79/><U8/><E8/><V20/><F4/><W25/><G25/><T98/><D98/><U105/><E102/><V75/><F75/><W135/><G135/><T10/><D11/><U57/><E105/><V85/><F85/><W1/><G1/><T71/><D71/><U63/><E70/><V108/><F126/><W19/><G19/><T0/><D0/><U124/><E124/><V119/><F119/><W95/><G64/><T125/><D125/><U65/><E115/><N who="3" m="44074" /><G91/><T83/><AGARI ba="1,0" hai="6,10,14,44,47,52,59,61,76,83,86" m="11881" machi="83" ten="30,2000,0" yaku="8,1,54,1" doraHai="84" who="0" fromWho="0" sc="220,23,197,-6,363,-11,220,-6" /><INIT seed="3,0,0,5,1,25" ten="243,191,352,214" oya="3" hai0="115,98,43,109,103,45,58,55,102,135,78,93,11" hai1="86,37,82,7,70,17,28,51,111,20,27,44,6" hai2="29,49,101,83,65,9,72,71,24,60,121,59,118" hai3="76,119,67,46,32,117,114,41,104,8,89,131,4"/><W105/><G114/><T99/><D109/><U10/><E37/><V97/><F118/><W127/><G32/><T21/><D135/><U107/><E107/><V113/><F113/><W68/><G127/><T30/><D78/><U77/><E70/><V110/><F110/><W94/><G131/><T100/><D11/><U73/><E73/><V50/><F9/><W81/><G105/><T52/><D93/><U56/><E56/><V26/><F26/><W16/><G104/><T63/><D55/><U39/><E39/><V123/><F71/><W33/><G33/><T14/><D115/><U12/><E111/><V19/><F19/><W126/><G16/><N who="0" m="10391" /><D30/><U0/><E0/><V42/><F42/><AGARI ba="0,0" hai="6,7,10,12,17,20,27,28,42,44,51,77,82,86" machi="42" ten="30,3900,0" yaku="7,1,8,1,52,1" doraHai="25" who="1" fromWho="2" sc="243,0,191,39,352,-39,214,0" owari="243,4.3,230,-17.0,313,41.3,214,-28.6" /></mjloggm>