<mjloggm ver="2.3"><GO type="225" lobby="0"/><UN n0="%E3%82%B2%E3%82%B9%E8%8C%82%E5%8B%9D" n1="%72%69%6F%75%63%68%61%6E" n2="%E3%83%97%E3%83%AC%E3%83%B4%E3%82%A1%E3%83%86%E3%82%A3" n3="%E6%AB%BB%E4%BA%95%E5%A5%8F" dan="16,17,16,17" rate="2057.81,2143.18,2120.19,2220.78" sx="F,M,F,M"/><TAIKYOKU oya="0"/><INIT seed="0,0,0,2,5,99" ten="250,250,250,250" oya="0" hai0="10,102,15,53,5,37,43,76,9,28,33,129,19" hai1="113,18,50,54,35,21,40,48,62,41,44,6,111" hai2="46,123,12,34,131,108,55,73,26,38,122,70,94" hai3="121,120,86,13,7,63,128,11,79,66,112,77,119"/><T105/><D129/><U78/><E35/><V64/><F73/><W71/><G128/><T42/><D76/><U101/><E111/><V118/><F131/><W93/><G112/><T98/><D37/><U65/><E113/><V132/><F108/><W103/><G119/><T51/><D28/><U72/><E6/><V58/><F118/><W69/><G69/><T97/><D97/><U88/><E101/><V25/><F12/><W107/><G107/><T106/><D106/><U92/><E48/><N who="2" m="31079" /><F94/><W109/><G109/><T87/><D87/><U95/><E92/><V61/><F34/><W60/><G60/><T27/><D33/><U68/><E78/><V85/><F85/><W59/><G71/><T2/><REACH who="0" step="1"/><D27/><REACH who="0" ten="240,250,250,250" step="2"/><U16/><E72/><V114/><F25/><W47/><G79/><T133/><D133/><U56/><E68/><V110/><F26/><W80/><G120/><N who="2" m="46121" /><F110/><W81/><G121/><T17/><D17/><N who="1" m="6763" /><E21/><V1/><F114/><W45/><G80/><T134/><D134/><U20/><E20/><V14/><F132/><W39/><G39/><T3/><D3/><U90/><E90/><V130/><F130/><W126/><G126/><T29/><D29/><U104/><E104/><V8/><F1/><W24/><G24/><T117/><D117/><U74/><E74/><V83/><F83/><W52/><G93/><T22/><D22/><U4/><E4/><N who="2" m="3335" /><F38/><W84/><G84/><AGARI ba="0,1" hai="40,41,44,50,54,56,62,65,84,88,95" m="6763" machi="84" ten="30,3900,0" yaku="8,1,54,2" doraHai="99" who="1" fromWho="3" sc="240,0,250,49,250,0,250,-39" /><INIT seed="1,0,0,3,2,27" ten="240,299,250,211" oya="1" hai0="17,35,39,46,111,20,25,56,91,120,31,72,76" hai1="133,93,44,11,18,116,34,131,109,5,121,114,98" hai2="45,30,33,73,101,105,78,28,48,100,43,26,4" hai3="69,113,53,75,6,13,129,130,94,23,3,86,58"/><U88/><E114/><V15/><F105/><W66/><G113/><T70/><D111/><U16/><E116/><V52/><F73/><W24/><G75/><T79/><D70/><U110/><E121/><V77/><F33/><W123/><G123/><T84/><D120/><U132/><E34/><V107/><F26/><W117/><G117/><T71/><D71/><U135/><E131/><N who="3" m="50186" /><G3/><T126/><D126/><U118/><E118/><V61/><F107/><W37/><G37/><T119/><D119/><U104/><E104/><V49/><F61/><N who="3" m="40143" /><G13/><T89/><D72/><U41/><E110/><V1/><F1/><W2/><G6/><T115/><D115/><U0/><REACH who="1" step="1"/><E109/><REACH who="1" ten="240,289,250,211" step="2"/><V40/><F4/><W82/><G2/><T62/><D35/><U50/><AGARI ba="0,1" hai="0,5,11,16,18,41,44,50,88,93,98,132,133,135" machi="50" ten="30,18000,2" yaku="1,1,2,1,0,1,20,1,54,2,53,1" doraHai="27" doraHaiUra="42" who="1" fromWho="1" sc="240,-60,289,190,250,-60,211,-60" /><INIT seed="1,1,0,1,2,50" ten="180,479,190,151" oya="1" hai0="94,28,91,3,55,90,100,25,37,5,77,19,12" hai1="47,106,129,10,110,44,123,72,135,92,22,27,86" hai2="8,7,51,6,79,130,43,120,20,16,34,81,15" hai3="24,26,103,112,67,104,54,117,80,42,89,17,85"/><U64/><E123/><V93/><F120/><W109/><G117/><T119/><D119/><U105/><E72/><V68/><F68/><W52/><G112/><T111/><D37/><U56/><E135/><V97/><F130/><W125/><G109/><T53/><D77/><U75/><E75/><V48/><F34/><W63/><G125/><T60/><D111/><U40/><E110/><V78/><F6/><W115/><G115/><T45/><D5/><U132/><E132/><V57/><F43/><W32/><G42/><T101/><D3/><U29/><E129/><V126/><F126/><W14/><G104/><T33/><D60/><U11/><E106/><V36/><F36/><W102/><G32/><T113/><D113/><U122/><E105/><V116/><F116/><W133/><G133/><T35/><D35/><U114/><E114/><V73/><F79/><W83/><G83/><T121/><D45/><U96/><E86/><V95/><F95/><W127/><G127/><T9/><D121/><U87/><E87/><V58/><F48/><W0/><G0/><T23/><D33/><U49/><E47/><V18/><F18/><W108/><G108/><T30/><D30/><U76/><E76/><V41/><F41/><W131/><G131/><T88/><D101/><N who="3" m="38409" /><G67/><T65/><D65/><U69/><E69/><V2/><REACH who="2" step="1"/><F51/><REACH who="2" ten="180,479,180,151" step="2"/><W118/><G118/><T124/><D124/><U46/><E49/><V31/><F31/><W39/><G39/><T1/><D1/><U74/><E29/><V62/><F62/><W21/><G63/><T59/><D59/><U128/><E56/><RYUUKYOKU ba="1,1" sc="180,10,479,-30,180,10,151,10" hai0="9,12,19,23,25,28,53,55,88,90,91,94,100" hai2="2,7,8,15,16,20,57,58,73,78,81,93,97" hai3="14,17,21,24,26,52,54,80,85,89" /><INIT seed="2,2,1,1,5,34" ten="190,449,190,161" oya="2" hai0="88,95,100,57,4,108,18,51,21,42,1,48,12" hai1="11,73,68,64,17,70,15,127,55,102,29,24,106" hai2="2,134,74,115,119,109,75,135,131,130,78,120,122" hai3="59,72,87,103,99,94,7,116,107,90,132,16,32"/><V43/><F43/><W58/><G116/><T63/><D108/><U22/><E73/><N who="2" m="27659" /><F119/><W104/><G32/><T53/><D100/><U41/><E127/><V89/><F78/><W86/><G72/><T84/><REACH who="0" step="1"/><D42/><REACH who="0" ten="180,449,190,161" step="2"/><U81/><E41/><V112/><F109/><W71/><G132/><N who="2" m="50729" /><F89/><W46/><G90/><T126/><D126/><U54/><E102/><V36/><F36/><W28/><G103/><T5/><D5/><U113/><E106/><V31/><F31/><W27/><G104/><T14/><D14/><U123/><E15/><V35/><F35/><W82/><G107/><T49/><D49/><U10/><E29/><V40/><F40/><W62/><G28/><T30/><D30/><U38/><E38/><V118/><F118/><W133/><G133/><T80/><D80/><U98/><E81/><V0/><F120/><W65/><G82/><T125/><D125/><U91/><E123/><V52/><F122/><W6/><G6/><T50/><D50/><U76/><E91/><V110/><F110/><W121/><G7/><T77/><D77/><U97/><E76/><V128/><F52/><W19/><G121/><T93/><D93/><U114/><E54/><V83/><F83/><W60/><G94/><T85/><D85/><U3/><E55/><V101/><F101/><W33/><G87/><T44/><D44/><U96/><E96/><V47/><F47/><W105/><G86/><T111/><D111/><U9/><E98/><V23/><F23/><W13/><G99/><T117/><D117/><U20/><E97/><V79/><F79/><W45/><G45/><RYUUKYOKU ba="2,2" sc="180,15,449,-15,190,15,161,-15" hai0="1,4,12,18,21,48,51,53,57,63,84,88,95" hai2="0,2,112,115,128,130,131" /><INIT seed="2,3,2,4,3,80" ten="195,434,205,146" oya="2" hai0="106,0,4,107,109,98,120,63,20,108,43,100,54" hai1="8,70,28,83,42,133,21,82,47,110,73,56,58" hai2="51,10,22,33,124,3,5,40,69,57,67,53,71" hai3="74,37,131,89,64,18,31,129,81,127,79,132,93"/><V72/><F33/><W91/><G37/><T128/><D128/><N who="3" m="49225" /><G127/><T29/><D120/><U30/><E70/><V59/><F124/><W119/><G119/><T6/><D43/><U24/><E110/><N who="0" m="42601" /><D0/><U135/><E28/><V45/><F72/><W50/><G132/><N who="1" m="50762" /><E8/><V117/><F117/><W126/><G126/><T75/><D75/><U103/><E103/><V105/><F105/><W88/><G31/><T34/><D34/><U90/><E90/><V125/><F125/><W46/><G64/><T19/><D29/><U32/><E32/><V116/><F116/><W111/><G18/><T87/><D87/><U12/><E12/><V55/><F67/><W25/><G25/><N who="0" m="14495" /><D107/><U23/><E23/><V1/><F22/><W102/><G111/><T48/><D63/><U86/><E73/><V85/><F1/><W122/><G122/><T61/><D61/><U104/><E104/><V68/><F55/><N who="3" m="30167" /><G102/><T114/><D114/><U76/><E82/><V9/><F9/><W15/><G15/><T99/><D100/><U94/><E94/><AGARI ba="3,2" hai="74,79,81,88,89,91,93,94" m="30167,49225" machi="94" ten="30,2000,0" yaku="19,1,54,1" doraHai="80" who="3" fromWho="1" sc="195,0,434,-29,205,0,146,49" /><INIT seed="3,0,0,5,5,70" ten="195,405,205,195" oya="3" hai0="101,86,95,76,31,20,88,108,32,66,49,10,55" hai1="43,80,60,36,97,29,65,119,117,103,46,114,22" hai2="9,126,61,121,122,94,75,50,98,96,44,42,5" hai3="81,48,38,64,115,99,8,89,116,82,52,19,135"/><W71/><G115/><T45/><D108/><U73/><E114/><V51/><F75/><W93/><G116/><N who="1" m="44618" /><E29/><V56/><F126/><W35/><G35/><T112/><D112/><U105/><E22/><V83/><F83/><W79/><G135/><T41/><D32/><U74/><E80/><V40/><F94/><W100/><G38/><T125/><D125/><U14/><E14/><N who="2" m="5423" /><F121/><W123/><G123/><T39/><D76/><U91/><E91/><V127/><F127/><W24/><G64/><T111/><D111/><U113/><E113/><V57/><F122/><W26/><G71/><AGARI ba="0,0" hai="36,43,46,60,65,71,73,74,97,103,105" m="44618" machi="71" ten="30,3900,0" yaku="12,1,23,1,52,1" doraHai="70" who="1" fromWho="3" sc="195,0,405,39,205,0,195,-39" owari="195,-20.5,444,54.4,205,0.5,156,-34.4" /></mjloggm>