<mjloggm ver="2.3"><GO type="225" lobby="0"/><UN n0="%E7%B4%94%E6%BD%94%E3%83%94%E3%83%A9%E3%83%8B%E3%82%A2" n1="%72%69%6F%75%63%68%61%6E" n2="%E3%80%93%E3%81%97%E3%83%BC%E3%82%89%E3%80%93" n3="%6B%69%72%61%64%6F%6B%69" dan="16,16,16,16" rate="2161.60,2132.08,2082.52,2101.81" sx="M,M,M,M"/><TAIKYOKU oya="0"/><INIT seed="0,0,0,0,0,83" ten="250,250,250,250" oya="0" hai0="29,77,4,94,93,82,129,51,117,95,45,112,99" hai1="26,84,122,121,64,54,30,70,74,8,28,17,47" hai2="127,2,107,32,130,106,88,109,87,68,18,33,66" hai3="71,25,76,135,5,16,105,65,50,116,131,101,60"/><T14/><D112/><U119/><E119/><V103/><F2/><W115/><G116/><T59/><D129/><U132/><E74/><V22/><F130/><W63/><G115/><T23/><D117/><U69/><E132/><V58/><F68/><W39/><G39/><T57/><D99/><U86/><E64/><V78/><F78/><W7/><G131/><T9/><D23/><U125/><E125/><V20/><F127/><W56/><G76/><T42/><REACH who="0" step="1"/><D29/><REACH who="0" ten="240,250,250,250" step="2"/><U38/><E28/><V126/><F22/><W13/><G135/><T85/><AGARI ba="0,1" hai="4,9,14,42,45,51,57,59,77,82,85,93,94,95" machi="85" ten="30,24000,3" yaku="1,1,2,1,0,1,25,2,8,1,52,1,53,1" doraHai="83" doraHaiUra="0" who="0" fromWho="0" sc="240,250,250,-80,250,-80,250,-80" /><INIT seed="0,1,0,4,0,11" ten="490,170,170,170" oya="0" hai0="3,4,25,61,24,116,18,89,15,33,69,130,125" hai1="38,114,56,128,19,55,48,91,20,14,7,43,28" hai2="34,9,126,31,60,2,82,80,62,124,81,106,112" hai3="26,23,92,86,103,95,6,104,73,79,37,76,57"/><T110/><D116/><U75/><E128/><V22/><F106/><W68/><G68/><T71/><D130/><U102/><E114/><V98/><F34/><W119/><G119/><T67/><D71/><U46/><E75/><V66/><F112/><W122/><G37/><T30/><D25/><U65/><E102/><V129/><F98/><N who="3" m="59847" /><G73/><T54/><D125/><N who="2" m="48234" /><F129/><W32/><G32/><T78/><D78/><U12/><E91/><V49/><F49/><W118/><G118/><T93/><D54/><U64/><REACH who="1" step="1"/><E28/><REACH who="1" ten="490,160,170,170" step="2"/><V121/><F31/><W117/><G117/><T52/><D89/><U59/><E59/><V100/><F100/><W35/><G57/><T120/><D30/><U36/><E36/><V84/><F121/><W94/><G122/><T8/><D120/><U87/><E87/><V115/><F84/><W58/><G86/><T134/><D69/><U101/><E101/><V63/><F115/><W29/><G58/><T21/><D134/><U88/><E88/><V5/><F66/><W74/><G74/><T97/><D97/><U42/><E42/><V47/><F47/><W51/><G104/><T113/><D113/><U39/><E39/><V105/><F105/><W0/><G35/><T127/><D67/><U99/><E99/><V1/><F82/><W132/><G132/><T50/><D33/><U17/><E17/><V77/><F81/><W135/><G135/><T27/><D18/><U108/><E108/><V109/><F80/><W70/><G70/><T85/><D110/><U13/><E13/><N who="2" m="5295" /><F109/><W83/><G83/><T16/><D127/><U133/><E133/><RYUUKYOKU ba="1,1" sc="490,-10,160,30,170,-10,170,-10" hai1="7,12,14,19,20,38,43,46,48,55,56,64,65" /><INIT seed="1,2,1,4,0,117" ten="480,190,160,160" oya="1" hai0="115,101,5,2,96,15,12,11,60,125,56,77,127" hai1="98,26,133,44,45,66,111,54,64,118,99,42,108" hai2="110,89,68,16,18,70,116,95,22,3,119,20,134" hai3="30,37,21,132,84,85,61,79,41,7,78,4,122"/><U81/><E118/><V93/><F89/><W107/><G107/><N who="0" m="63911" /><D77/><N who="3" m="29193" /><G37/><T109/><D115/><U104/><E133/><V94/><F94/><W19/><G122/><T67/><D109/><N who="1" m="42059" /><E81/><V23/><F23/><W24/><G132/><T69/><D69/><U27/><E54/><V53/><F110/><W39/><G39/><T59/><D59/><U46/><E42/><V92/><F92/><W29/><G41/><T123/><D123/><U57/><E57/><V72/><F53/><W126/><G126/><AGARI ba="2,1" hai="2,5,11,12,15,56,60,67,125,126,127" m="63911" machi="126" ten="30,1000,0" yaku="18,1" doraHai="117" who="0" fromWho="3" sc="480,26,190,0,160,0,160,-16" /><INIT seed="2,0,0,4,4,38" ten="506,190,160,144" oya="2" hai0="103,19,34,26,41,99,101,13,129,121,61,124,132" hai1="15,77,126,95,16,113,83,106,11,92,98,125,17" hai2="18,20,9,22,97,54,55,78,128,96,25,104,49" hai3="47,80,72,88,131,108,112,35,114,58,89,110,100"/><V107/><F128/><W86/><G35/><T30/><D121/><U135/><E135/><V36/><F36/><W53/><G131/><T65/><D124/><N who="1" m="47723" /><E113/><N who="3" m="43626" /><G47/><T122/><D41/><U31/><E31/><V52/><F78/><N who="3" m="44103" /><G100/><T5/><D103/><N who="1" m="62839" /><E17/><N who="2" m="12431" /><F107/><W75/><G75/><AGARI ba="0,0" hai="11,15,16,75,77,83,92,95" m="62839,47723" machi="75" ten="30,2000,0" yaku="18,1,54,1" doraHai="38" who="1" fromWho="3" sc="506,0,190,20,160,0,144,-20" /><INIT seed="3,0,0,5,2,102" ten="506,210,160,124" oya="3" hai0="98,61,127,116,101,5,50,29,81,41,46,106,71" hai1="83,23,75,69,33,93,45,8,3,38,30,112,26" hai2="85,118,67,108,122,15,109,70,80,129,42,117,43" hai3="37,27,115,100,0,132,6,123,89,131,21,63,99"/><W111/><G115/><T35/><D5/><N who="1" m="1087" /><E112/><V79/><F122/><W125/><G123/><T95/><D116/><N who="2" m="44650" /><F129/><W77/><G37/><T1/><D127/><U94/><E69/><V90/><F15/><W40/><G131/><T32/><D81/><U65/><E65/><V44/><F44/><W9/><G125/><T17/><D17/><U20/><E23/><V49/><F49/><W107/><G40/><T76/><D76/><N who="1" m="44447" /><E33/><V28/><F28/><W128/><G128/><T91/><D29/><U13/><E13/><V114/><F114/><W57/><G132/><T126/><D1/><U4/><E4/><V11/><F11/><W34/><G111/><N who="2" m="42569" /><F79/><W39/><G39/><T87/><D46/><U14/><E14/><V10/><F10/><W105/><G77/><T56/><D41/><AGARI ba="0,0" hai="20,26,30,38,41,45,93,94" m="44447,1087" machi="41" ten="30,1000,0" yaku="25,1" doraHai="102" who="1" fromWho="0" sc="506,-10,210,10,160,0,124,0" owari="496,59.6,220,2.0,160,-24.0,124,-37.6" /></mjloggm>