<mjloggm ver="2.3"><GO type="225" lobby="0"/><UN n0="%4E%6F%2E%30%30%30%31" n1="%E3%81%B5%E3%81%98%E3%81%8B%E3%81%A4" n2="%E3%81%BF%E3%81%BF%E3%81%9A" n3="%E3%83%A9%E3%83%BC%E3%83%A1%E3%83%B3%E4%BA%94%E9%83%8E" dan="18,16,17,16" rate="2212.17,2212.09,2226.15,2050.29" sx="M,M,M,M"/><TAIKYOKU oya="0"/><INIT seed="0,0,0,5,3,30" ten="250,250,250,250" oya="0" hai0="128,20,120,67,80,117,81,71,51,60,27,58,134" hai1="75,44,85,79,116,49,45,115,10,36,55,9,59" hai2="16,64,100,23,126,73,118,61,7,122,13,98,29" hai3="62,106,123,107,84,21,93,28,22,70,52,76,40"/><T68/><D117/><U112/><E116/><V103/><F122/><W74/><G123/><T41/><D120/><U131/><E131/><V17/><F118/><W12/><G74/><T92/><D128/><U46/><E75/><V63/><F73/><W11/><G106/><T34/><D134/><U95/><E36/><V135/><F135/><W0/><G0/><T78/><D34/><U37/><E37/><V114/><F114/><N who="1" m="43561" /><E79/><V104/><F126/><W113/><G107/><T65/><D92/><U5/><E5/><V26/><F103/><W99/><G40/><T25/><D25/><U35/><E35/><V96/><F98/><W47/><G70/><T42/><D80/><U89/><AGARI ba="0,0" hai="9,10,44,45,46,49,55,59,85,89,95" m="43561" machi="89" ten="40,1500,0" yaku="11,1" doraHai="30" who="1" fromWho="1" sc="250,-7,250,15,250,-4,250,-4" /><INIT seed="1,0,0,3,0,119" ten="243,265,246,246" oya="1" hai0="111,41,89,17,92,21,38,59,46,31,102,116,122" hai1="93,90,130,95,10,69,76,131,44,25,57,35,73" hai2="64,19,47,115,9,113,65,108,36,43,120,80,74" hai3="97,42,39,23,18,105,56,33,52,109,66,71,106"/><U77/><E69/><V11/><F108/><W26/><G109/><T123/><D116/><U99/><E44/><V29/><F29/><W22/><G33/><T104/><D111/><U72/><E10/><N who="2" m="3595" /><F19/><W135/><G135/><T48/><D31/><U20/><E35/><V84/><F74/><N who="1" m="28777" /><E57/><V28/><F120/><N who="0" m="46122" /><D102/><N who="1" m="60783" /><E20/><V129/><F129/><N who="1" m="49161" /><E25/><V96/><F28/><W13/><G71/><T114/><D104/><U15/><E15/><V32/><F32/><W14/><G66/><T58/><D114/><N who="2" m="43530" /><F96/><AGARI ba="0,0" hai="76,77,90,95,96" m="49161,60783,28777" machi="96" ten="30,5800,0" yaku="19,1,34,2" doraHai="119" who="1" fromWho="2" sc="243,0,265,58,246,-58,246,0" /><INIT seed="1,1,0,5,4,106" ten="243,323,188,246" oya="1" hai0="88,29,48,90,11,71,7,24,17,23,18,93,5" hai1="84,32,109,60,51,38,101,13,122,66,129,75,94" hai2="83,59,12,123,96,134,44,67,86,91,22,103,73" hai3="16,77,20,72,131,70,56,31,119,25,0,19,41"/><U98/><E122/><V30/><F123/><W76/><G70/><T63/><D90/><U36/><E32/><V127/><F127/><W80/><G0/><T28/><D71/><U81/><E129/><V102/><F134/><W52/><G131/><T55/><D63/><U89/><E109/><V42/><F73/><W65/><G119/><T69/><D69/><U39/><E13/><V97/><F59/><W9/><G65/><T58/><D28/><U114/><E51/><V135/><F135/><W99/><G41/><T33/><D33/><U53/><E53/><V3/><F67/><W40/><G40/><T8/><D8/><U112/><E75/><V105/><F3/><W107/><G9/><T118/><D118/><U133/><E133/><V64/><F64/><W117/><G77/><T46/><D46/><U62/><REACH who="1" step="1"/><E66/><REACH who="1" ten="243,313,188,246" step="2"/><V111/><F111/><W49/><REACH who="3" step="1"/><G117/><REACH who="3" ten="243,313,188,236" step="2"/><T108/><D108/><U10/><E10/><V116/><F116/><W26/><G26/><T2/><REACH who="0" step="1"/><D5/><REACH who="0" ten="233,313,188,236" step="2"/><U50/><E50/><V68/><F68/><W27/><G27/><T15/><D15/><U115/><AGARI ba="1,3" hai="36,38,39,60,62,81,84,89,94,98,101,112,114,115" machi="115" ten="40,3900,0" yaku="1,1,0,1,53,0" doraHai="106" doraHaiUra="104" who="1" fromWho="1" sc="233,-14,313,72,188,-14,236,-14" /><INIT seed="1,2,0,0,4,116" ten="219,385,174,222" oya="1" hai0="11,94,109,126,35,22,134,26,29,72,128,70,108" hai1="110,83,32,99,13,7,124,5,69,79,23,8,75" hai2="25,98,81,62,44,33,38,102,3,24,55,34,80" hai3="19,119,60,87,115,91,0,58,78,113,52,127,54"/><U90/><E69/><V101/><F3/><W39/><G119/><T51/><D72/><U61/><E124/><V118/><F118/><W93/><G127/><T37/><D37/><U63/><E32/><V10/><F10/><W59/><G39/><T53/><D70/><U123/><E123/><V66/><F34/><W122/><G0/><T121/><D126/><U132/><E132/><V96/><F38/><W6/><G6/><T88/><D134/><U86/><E99/><V130/><F130/><W20/><G78/><T77/><D77/><U114/><E114/><V131/><F131/><W27/><REACH who="3" step="1"/><G122/><REACH who="3" ten="219,385,174,212" step="2"/><T17/><D128/><U97/><E5/><V67/><F33/><W95/><G95/><T76/><D76/><U42/><E79/><V47/><REACH who="2" step="1"/><F62/><AGARI ba="2,1" hai="19,20,27,52,54,58,59,60,62,87,91,93,113,115" machi="62" ten="30,8000,1" yaku="1,1,7,1,9,1,54,1,53,1" doraHai="116" doraHaiUra="15" who="3" fromWho="2" sc="219,0,385,0,174,-86,212,96" /><INIT seed="2,0,0,1,1,4" ten="219,385,88,308" oya="2" hai0="36,39,134,74,123,132,46,103,55,130,84,101,119" hai1="56,79,28,20,72,114,27,100,63,106,125,97,89" hai2="69,6,67,113,16,10,15,3,7,94,64,65,110" hai3="81,96,105,61,24,9,88,91,51,129,11,76,70"/><V128/><F113/><W13/><G129/><T127/><D123/><U32/><E125/><V95/><F69/><W80/><G105/><T12/><D74/><U45/><E45/><V62/><F128/><W42/><G70/><T1/><D1/><U115/><E32/><V14/><F110/><W135/><G135/><N who="0" m="51755" /><D130/><U26/><E26/><V108/><F108/><W40/><G61/><T75/><D75/><U17/><E17/><N who="2" m="8407" /><F62/><W82/><G76/><T121/><D121/><U35/><E35/><V111/><F3/><W8/><G24/><T43/><D39/><U122/><E63/><V109/><F111/><W31/><G31/><T0/><D0/><U78/><E106/><V66/><N who="2" m="16384" /><DORA hai="86" /><V41/><F41/><N who="3" m="15979" /><G96/><T120/><D127/><U68/><E72/><V49/><F49/><W2/><G2/><T93/><D119/><U92/><E68/><V133/><F109/><W98/><G98/><T50/><D12/><U54/><E122/><V34/><F34/><W30/><G30/><T38/><D120/><U104/><E115/><V131/><F133/><W18/><G51/><T52/><D36/><U112/><E112/><V77/><F131/><W90/><AGARI ba="0,0" hai="8,9,11,13,18,80,81,82,88,90,91" m="15979" machi="90" ten="40,16000,3" yaku="8,1,52,6,54,1" doraHai="4,86" who="3" fromWho="3" sc="219,-40,385,-40,88,-80,308,160" /><INIT seed="3,0,0,3,5,19" ten="179,345,8,468" oya="3" hai0="135,34,110,133,88,80,121,107,108,61,116,46,43" hai1="104,95,36,4,119,48,106,55,45,127,124,21,22" hai2="49,29,31,5,81,28,39,115,44,128,63,70,42" hai3="130,59,111,66,64,132,47,38,13,18,7,9,72"/><W24/><G72/><T129/><D34/><U92/><E4/><V96/><F115/><W78/><G78/><T52/><D107/><U62/><E62/><V84/><F128/><W0/><G132/><T125/><D80/><U53/><E48/><V99/><F39/><W90/><G111/><T75/><D88/><U1/><E45/><V100/><F70/><W120/><G120/><T122/><D75/><U73/><E73/><V94/><F63/><W50/><G130/><T15/><D15/><U26/><E26/><V17/><F99/><W118/><G118/><T68/><D68/><U65/><E36/><V32/><F32/><W85/><G59/><T76/><D76/><U41/><E41/><V10/><F17/><W87/><G87/><T51/><D129/><U123/><E1/><V27/><F27/><W14/><G38/><T54/><D116/><U101/><E65/><V37/><F37/><W71/><G0/><T117/><D117/><U30/><E30/><V98/><F98/><W11/><G24/><T8/><D8/><U79/><E119/><V6/><F10/><W89/><G66/><T103/><D103/><U102/><REACH who="1" step="1"/><E79/><REACH who="1" ten="179,335,8,468" step="2"/><V25/><F25/><W2/><G64/><T114/><D114/><U35/><E35/><V60/><F60/><W12/><G2/><T40/><D61/><U16/><E16/><V126/><F126/><W82/><G18/><T91/><D125/><U56/><E56/><V83/><F83/><W86/><G7/><T3/><D3/><U69/><E69/><V134/><F134/><W112/><G71/><T105/><D133/><RYUUKYOKU ba="0,1" sc="179,-15,335,15,8,15,468,-15" hai1="21,22,53,55,92,95,101,102,104,106,123,124,127" hai2="5,6,28,29,31,42,44,49,81,84,94,96,100" owari="164,-23.6,350,15.0,23,-47.7,463,56.3" /></mjloggm>