<mjloggm ver="2.3"><GO type="225" lobby="0"/><UN n0="%E3%82%B2%E3%82%B9%E8%8C%82%E5%8B%9D" n1="%E6%B8%A9%E2%98%85%E6%83%85%E2%98%85%E6%8E%AA%E2%98%85%E7%BD%AE" n2="%E5%B8%86%E7%AB%8B%E5%A4%8F%E8%A1%A3" n3="%E3%82%A2%E3%82%A4%E3%82%B9%E3%83%86%E3%82%A3%E3%83%BC%E3%81%82%E3%81%B9" dan="16,17,16,16" rate="2049.95,2194.96,2095.21,2126.79" sx="F,M,M,M"/><TAIKYOKU oya="0"/><INIT seed="0,0,0,0,4,74" ten="250,250,250,250" oya="0" hai0="55,70,94,115,100,87,112,65,111,102,118,60,22" hai1="29,39,52,99,92,132,63,127,101,114,122,119,11" hai2="134,80,90,7,21,116,41,32,49,64,36,44,27" hai3="71,15,68,43,46,107,88,61,121,79,48,72,97"/><T13/><D118/><U78/><E119/><V34/><F134/><W130/><G130/><T59/><D111/><U108/><E122/><V20/><F116/><W33/><G33/><T93/><D112/><U83/><E39/><V42/><F7/><W45/><G121/><T10/><D22/><U47/><E132/><V75/><F64/><W37/><G61/><T73/><D73/><U84/><E108/><V135/><F20/><W67/><G67/><T50/><D115/><U38/><E114/><V110/><F110/><W117/><G117/><T113/><D113/><U104/><E127/><V66/><F66/><W103/><G15/><T25/><D25/><U129/><E129/><V0/><F0/><W31/><G31/><T82/><D100/><U18/><E29/><V19/><F135/><W69/><G88/><T6/><REACH who="0" step="1"/><D102/><REACH who="0" ten="240,250,250,250" step="2"/><U125/><E125/><V12/><F27/><W76/><REACH who="3" step="1"/><G72/><REACH who="3" ten="240,250,250,240" step="2"/><T4/><D4/><U81/><E101/><V2/><F75/><W126/><G126/><T106/><D106/><U23/><E104/><V56/><F34/><W123/><G123/><T5/><D5/><U16/><E23/><V95/><F32/><W86/><G86/><T1/><D1/><U85/><E85/><V51/><F2/><W26/><G26/><T3/><D3/><U109/><E84/><V35/><F35/><W77/><G77/><AGARI ba="0,2" hai="6,10,13,50,55,59,60,65,70,77,82,87,93,94" machi="77" ten="30,11600,0" yaku="1,1,7,1,52,1,53,1" doraHai="74" doraHaiUra="57" who="0" fromWho="3" sc="240,136,250,0,250,0,240,-116" /><INIT seed="0,1,0,4,4,130" ten="376,250,250,124" oya="0" hai0="95,104,103,15,90,77,89,126,33,26,65,131,61" hai1="0,129,106,55,11,3,42,40,121,78,56,20,93" hai2="34,100,69,2,9,119,92,117,38,8,10,87,134" hai3="23,22,32,71,97,5,17,14,24,96,91,125,37"/><T133/><D126/><U41/><E106/><V68/><F2/><W53/><G125/><T86/><D131/><U79/><E129/><V72/><F72/><W4/><G32/><T45/><D77/><U7/><E121/><V63/><F38/><W101/><G71/><T48/><D15/><U46/><E3/><V82/><F34/><W44/><G91/><T94/><D103/><U70/><E70/><V124/><F124/><W28/><G97/><T105/><D26/><U83/><E20/><V67/><F69/><W120/><G120/><T25/><D25/><U58/><E93/><V18/><F18/><W19/><G28/><T54/><D33/><U74/><REACH who="1" step="1"/><E79/><REACH who="1" ten="376,240,250,124" step="2"/><V66/><F92/><N who="3" m="58503" /><G37/><T13/><D13/><U30/><E30/><V127/><F127/><W102/><G102/><T110/><D110/><U85/><E85/><V114/><F100/><W39/><G39/><T62/><D104/><U16/><E16/><V35/><F35/><W50/><AGARI ba="1,1" hai="4,5,14,17,19,22,23,24,44,50,53" m="58503" machi="50" ten="30,1100,0" yaku="8,1" doraHai="130" who="3" fromWho="3" sc="376,-6,240,-4,250,-4,124,24" /><INIT seed="1,0,0,2,4,43" ten="370,236,246,148" oya="1" hai0="78,83,113,51,34,9,21,82,10,24,134,75,64" hai1="71,125,112,89,132,46,36,3,35,45,54,74,16" hai2="99,123,6,104,115,121,19,62,88,85,76,15,106" hai3="94,20,90,86,25,47,39,70,116,131,114,135,65"/><U79/><E112/><V8/><F115/><W117/><G135/><T26/><D134/><U120/><E132/><V1/><F106/><W108/><G108/><T97/><D113/><U60/><E35/><V105/><F104/><W100/><G114/><T42/><D34/><U30/><E120/><V61/><F121/><W53/><G131/><T80/><D64/><U107/><E3/><V41/><F41/><W130/><G130/><T129/><D129/><U5/><E5/><V72/><F72/><W13/><G13/><T102/><D10/><U59/><E30/><V63/><F123/><W32/><G32/><T49/><D9/><U133/><E107/><V12/><F76/><W96/><G65/><T128/><D128/><U77/><E36/><V66/><F66/><W124/><G70/><T4/><D26/><U111/><E74/><V109/><F109/><W81/><G124/><T23/><D23/><U57/><E71/><V55/><F55/><W29/><REACH who="3" step="1"/><G39/><REACH who="3" ten="370,236,246,138" step="2"/><T98/><D24/><U95/><E111/><V122/><F122/><W119/><G119/><T37/><D37/><U18/><E133/><V11/><F15/><W103/><G103/><T7/><D102/><U2/><E2/><V56/><F12/><W17/><G17/><T127/><D127/><U0/><E0/><V44/><F19/><W50/><AGARI ba="0,1" hai="20,25,29,47,50,53,81,86,90,94,96,100,116,117" machi="50" ten="30,7900,0" yaku="1,1,0,1,52,1,53,1" doraHai="43" doraHaiUra="91" who="3" fromWho="3" sc="370,-20,236,-39,246,-20,138,89" /><INIT seed="2,0,0,4,1,42" ten="350,197,226,227" oya="2" hai0="70,82,135,16,133,0,80,15,2,63,62,53,68" hai1="33,27,65,39,41,81,130,134,116,85,72,40,13" hai2="121,111,54,115,109,100,87,75,59,118,52,97,71" hai3="98,131,84,91,99,67,122,48,128,132,83,107,46"/><V119/><F75/><W26/><G122/><T96/><D96/><U34/><E116/><V47/><F71/><W5/><G132/><N who="0" m="50763" /><D68/><U113/><E113/><V30/><F115/><W102/><G67/><N who="0" m="41335" /><D53/><U95/><E72/><V31/><F87/><W9/><G99/><T69/><D63/><U61/><E134/><V76/><F76/><W28/><G28/><N who="2" m="10793" /><F121/><W127/><G26/><T79/><D69/><U10/><E27/><V86/><F86/><W3/><REACH who="3" step="1"/><G127/><REACH who="3" ten="350,197,226,217" step="2"/><T18/><D79/><U105/><E65/><V51/><F97/><W19/><G19/><T1/><D18/><U120/><E120/><V114/><F114/><W56/><G56/><T73/><D73/><U43/><E105/><V89/><F100/><W14/><G14/><T22/><AGARI ba="0,1" hai="0,1,2,15,16,22,80,82" m="41335,50763" machi="22" ten="40,2700,0" yaku="20,1,54,1" doraHai="42" who="0" fromWho="0" sc="350,37,197,-7,226,-13,217,-7" /><INIT seed="3,0,0,2,3,10" ten="387,190,213,210" oya="3" hai0="81,121,6,105,124,77,34,128,80,110,8,47,86" hai1="100,32,14,2,64,119,23,44,125,50,30,41,56" hai2="31,51,114,107,54,66,22,16,3,35,129,111,104" hai3="26,24,117,68,118,72,55,91,102,89,65,92,33"/><W134/><G72/><T126/><D110/><U13/><E2/><V49/><F111/><W9/><G134/><T71/><D34/><U19/><E125/><N who="0" m="48233" /><D128/><U36/><E119/><V58/><F3/><W1/><G68/><T123/><D105/><U88/><E100/><V115/><F129/><W17/><G65/><T27/><D27/><N who="1" m="16767" /><E36/><V39/><F39/><W18/><G55/><T29/><D29/><U40/><E32/><V62/><F104/><W75/><G75/><N who="0" m="43071" /><D47/><U131/><E131/><V28/><F107/><W96/><G1/><N who="0" m="79" /><D71/><U7/><E7/><V76/><F35/><W83/><G33/><T42/><D42/><N who="1" m="24855" /><E88/><AGARI ba="0,0" hai="81,86,88,121,123" m="79,43071,48233" machi="88" ten="30,2000,0" yaku="18,1,54,1" doraHai="10" who="0" fromWho="1" sc="387,20,190,-20,213,0,210,0" owari="407,50.7,170,-33.0,213,1.3,210,-19.0" /></mjloggm>