<mjloggm ver="2.3"><GO type="225" lobby="0"/><UN n0="%E6%B8%A9%E2%98%85%E6%83%85%E2%98%85%E6%8E%AA%E2%98%85%E7%BD%AE" n1="%E3%82%B2%E3%82%B9%E8%8C%82%E5%8B%9D" n2="%E3%81%B5%E3%81%98%E3%81%8B%E3%81%A4" n3="%E6%9D%B1%E9%A2%A8%E3%81%AE%E3%81%8D%E3%82%83%E3%81%B7%E3%81%95%E3%82%93" dan="17,16,16,17" rate="2253.04,2076.39,2173.93,2237.52" sx="M,F,M,M"/><TAIKYOKU oya="0"/><INIT seed="0,0,0,3,0,108" ten="250,250,250,250" oya="0" hai0="99,107,14,49,122,106,87,1,18,38,16,41,92" hai1="69,112,10,39,74,98,61,11,28,67,24,96,120" hai2="115,126,40,27,50,26,124,111,34,109,76,5,25" hai3="45,17,2,47,73,31,60,70,131,85,55,117,33"/><T95/><D122/><U57/><E120/><V48/><F76/><W91/><G73/><T89/><D38/><U30/><E39/><V121/><F121/><W127/><G2/><T4/><D1/><U75/><E69/><V52/><F5/><W56/><G117/><T20/><D4/><U128/><E128/><V101/><F101/><W58/><G131/><T65/><D65/><U94/><E112/><V35/><F40/><W78/><G78/><T21/><D49/><N who="2" m="19050" /><F52/><W133/><G133/><T81/><D41/><U54/><E54/><V53/><F53/><W113/><G58/><T43/><D43/><U100/><E96/><V116/><F116/><W132/><G113/><T15/><REACH who="0" step="1"/><D95/><REACH who="0" ten="240,250,250,250" step="2"/><U36/><E36/><V97/><F115/><W37/><G37/><T105/><D105/><U72/><REACH who="1" step="1"/><E30/><REACH who="1" ten="240,240,250,250" step="2"/><V119/><F119/><W90/><G31/><T66/><D66/><U7/><E7/><V22/><F35/><AGARI ba="0,2" hai="10,11,24,28,35,57,61,67,72,74,75,94,98,100" machi="35" ten="40,1300,0" yaku="1,1,53,0" doraHai="108" doraHaiUra="129" who="1" fromWho="2" sc="240,0,240,33,250,-13,250,0" /><INIT seed="1,0,0,0,1,106" ten="240,273,237,250" oya="1" hai0="91,19,35,99,48,26,98,115,49,22,6,27,12" hai1="83,32,88,75,105,118,65,84,29,53,132,94,111" hai2="23,64,61,1,77,3,72,10,116,87,126,120,63" hai3="114,129,124,100,76,51,18,8,57,66,46,0,30"/><U36/><E118/><V40/><F120/><W103/><G114/><T69/><D69/><U67/><E132/><V117/><F126/><W62/><G129/><T101/><D115/><U21/><E32/><V121/><F121/><W17/><G124/><T41/><D35/><U135/><E135/><V5/><F40/><W50/><G30/><T110/><D110/><U89/><E36/><V55/><F3/><W96/><G76/><T128/><D128/><U90/><E105/><V134/><F87/><W43/><G50/><N who="0" m="19563" /><D41/><U39/><E39/><V58/><F23/><W47/><G47/><T9/><D101/><U42/><E42/><V112/><F134/><W80/><G80/><T85/><D27/><N who="1" m="16623" /><E75/><V79/><F112/><W16/><REACH who="3" step="1"/><G96/><REACH who="3" ten="240,273,237,240" step="2"/><T119/><D119/><U73/><E111/><V127/><F127/><W37/><G37/><T82/><AGARI ba="0,1" hai="6,9,12,19,22,26,82,85,91,98,99" m="19563" machi="82" ten="30,1100,0" yaku="8,1" doraHai="106" who="0" fromWho="0" sc="240,21,273,-5,237,-3,240,-3" /><INIT seed="2,0,0,0,5,52" ten="261,268,234,237" oya="2" hai0="95,82,33,1,112,2,96,90,109,100,66,111,61" hai1="69,130,42,104,18,88,99,118,107,40,97,29,27" hai2="134,115,44,35,135,92,128,77,20,78,21,59,49" hai3="31,43,13,116,126,85,129,89,9,133,8,25,123"/><V53/><F115/><W73/><G73/><T75/><D33/><U60/><E130/><V63/><F35/><W81/><G129/><T62/><D112/><U14/><E118/><V132/><F128/><W65/><G133/><T30/><D30/><U68/><E14/><V131/><F131/><W102/><G126/><T38/><D38/><U5/><E18/><V57/><F92/><W12/><G102/><T72/><D62/><U94/><E5/><V93/><F93/><W55/><G43/><T19/><D19/><U98/><E104/><V45/><F45/><W122/><G65/><T22/><D22/><N who="2" m="8810" /><F44/><W10/><G55/><AGARI ba="0,0" hai="49,53,55,57,59,63,77,78,132,134,135" m="8810" machi="55" ten="40,7700,0" yaku="20,1,52,2" doraHai="52" who="2" fromWho="3" sc="261,0,268,0,234,77,237,-77" /><INIT seed="2,1,0,1,3,123" ten="261,268,311,160" oya="2" hai0="63,15,52,108,40,75,26,42,118,116,55,64,24" hai1="111,62,130,96,90,59,65,126,66,34,3,0,78" hai2="87,54,89,102,85,46,135,95,47,61,14,121,50" hai3="133,8,19,58,104,124,7,38,10,100,93,2,53"/><V129/><F121/><W110/><G38/><T74/><D15/><U79/><E34/><V21/><F135/><W107/><G133/><T82/><D82/><U22/><E126/><V12/><F129/><W39/><G39/><T35/><D35/><U48/><E130/><V101/><F61/><W31/><G31/><T80/><D80/><U127/><E127/><V120/><F120/><W4/><G124/><T51/><D108/><U99/><E48/><V113/><F113/><W83/><G19/><T91/><D91/><U67/><E111/><V45/><F87/><W88/><G83/><T109/><D109/><U119/><E119/><N who="0" m="45609" /><D42/><U13/><E3/><V44/><F12/><W36/><G36/><T37/><D40/><U25/><E13/><V81/><F81/><W94/><G100/><T103/><D103/><U69/><E0/><V115/><F115/><W106/><G110/><T49/><D49/><U132/><E132/><V97/><F97/><N who="1" m="37449" /><E90/><V122/><F122/><W43/><G43/><T23/><D37/><U114/><E69/><V27/><REACH who="2" step="1"/><F14/><REACH who="2" ten="261,268,301,160" step="2"/><W29/><G107/><T32/><D63/><U128/><E128/><V112/><F112/><W28/><G106/><T18/><D75/><U105/><E105/><V68/><F68/><W1/><G104/><T134/><D74/><U33/><E114/><V71/><F71/><W56/><REACH who="3" step="1"/><G88/><REACH who="3" ten="261,268,301,150" step="2"/><T131/><D134/><U125/><E125/><V6/><F6/><W30/><G30/><AGARI ba="1,2" hai="21,27,30,44,45,46,47,50,54,85,89,95,101,102" machi="30" ten="40,7700,0" yaku="1,1,8,1,53,1" doraHai="123" doraHaiUra="20" who="2" fromWho="3" sc="261,0,268,0,301,100,150,-80" /><INIT seed="2,2,0,4,2,15" ten="261,268,401,70" oya="2" hai0="58,52,94,6,81,114,25,135,20,118,54,79,34" hai1="61,129,21,3,55,105,8,115,65,14,106,10,24" hai2="32,17,41,70,38,18,103,100,51,101,16,131,95" hai3="80,89,43,40,132,46,88,47,104,63,102,11,57"/><V53/><F70/><W67/><G132/><T99/><D114/><U109/><E115/><V31/><F32/><W49/><G104/><T48/><D135/><U112/><E112/><V111/><F31/><W97/><G80/><T29/><D118/><U116/><E116/><V117/><F117/><W23/><G11/><T125/><D125/><U27/><E109/><V86/><F111/><W45/><G23/><T71/><D71/><U42/><E129/><V50/><F38/><W72/><G72/><T124/><D124/><U87/><E55/><V77/><F131/><W113/><G113/><T134/><D134/><U90/><E42/><V1/><F1/><W0/><G0/><T98/><D6/><U126/><E126/><V68/><F68/><W83/><G83/><T33/><D54/><U82/><E3/><V62/><F77/><W84/><G84/><T92/><D92/><U66/><E24/><V56/><F41/><W120/><G120/><T128/><D128/><U107/><E61/><V12/><F12/><W64/><G64/><T37/><D37/><U96/><E96/><V30/><F30/><W130/><G46/><T76/><D99/><U36/><E36/><V133/><F133/><W4/><G4/><T19/><D29/><U122/><E122/><V2/><F2/><W121/><G121/><T110/><D110/><U73/><E73/><V74/><F74/><W9/><G9/><N who="1" m="3690" /><E14/><V13/><F13/><W7/><G7/><T26/><D26/><U60/><E60/><V127/><F127/><W108/><G108/><T69/><D69/><U75/><E75/><RYUUKYOKU ba="2,0" sc="261,-15,268,15,401,15,70,-15" hai1="21,27,65,66,82,87,90,105,106,107" hai2="16,17,18,50,51,53,56,62,86,95,100,101,103" /><INIT seed="2,3,0,0,3,29" ten="246,283,416,55" oya="2" hai0="93,112,67,17,102,96,120,60,79,97,19,82,78" hai1="52,1,111,110,61,38,92,77,89,30,117,71,73" hai2="105,59,53,72,129,24,54,131,27,57,134,11,62" hai3="98,124,115,25,87,58,49,14,109,99,37,3,76"/><V100/><F72/><W40/><G37/><T9/><D112/><U34/><E117/><V46/><F134/><W80/><G3/><T66/><D120/><U15/><E1/><V121/><F11/><W83/><G115/><T108/><D108/><N who="1" m="41515" /><E38/><V119/><F121/><W116/><G109/><T74/><D79/><U28/><E15/><V84/><F119/><W6/><G116/><T85/><D74/><U81/><E34/><V126/><F126/><W63/><G124/><T101/><D9/><U90/><E90/><V7/><F7/><W23/><G83/><T36/><D36/><U125/><E125/><V133/><F133/><W65/><G6/><T44/><D44/><U70/><E70/><V107/><F46/><N who="3" m="25799" /><G14/><T32/><D32/><U0/><E0/><V132/><F132/><W31/><AGARI ba="3,0" hai="23,25,31,58,63,65,76,80,87,98,99" m="25799" machi="31" ten="30,1100,0" yaku="8,1" doraHai="29" who="3" fromWho="3" sc="246,-6,283,-6,416,-8,55,20" /><INIT seed="3,0,0,3,2,8" ten="240,277,408,75" oya="3" hai0="118,114,69,110,10,101,85,103,17,94,96,33,35" hai1="134,116,56,81,65,1,82,24,135,125,55,0,92" hai2="59,37,53,70,32,42,14,11,109,111,83,57,87" hai3="6,132,115,126,106,79,30,80,112,119,9,89,46"/><W50/><G119/><T98/><D118/><U130/><E116/><V38/><F32/><W67/><G106/><T121/><D69/><U117/><E117/><V18/><F70/><W64/><G132/><N who="1" m="50730" /><E125/><V26/><F26/><W66/><G126/><T108/><D121/><U68/><E130/><V88/><F59/><W41/><G30/><T127/><D85/><U22/><E92/><V61/><F42/><W72/><REACH who="3" step="1"/><G89/><REACH who="3" ten="240,277,408,65" step="2"/><T52/><D127/><U54/><E0/><AGARI ba="0,1" hai="0,6,9,41,46,50,64,66,67,72,79,80,112,115" machi="0" ten="40,3900,0" yaku="1,1,2,1,53,0" doraHai="8" doraHaiUra="91" who="3" fromWho="1" sc="240,0,277,-39,408,0,65,49" /><INIT seed="3,1,0,5,2,35" ten="240,238,408,114" oya="3" hai0="10,134,112,25,33,48,13,127,9,57,7,44,1" hai1="66,55,56,97,108,91,62,30,8,84,73,60,29" hai2="69,103,122,96,51,125,47,106,132,89,46,67,19" hai3="16,58,61,130,28,31,83,121,123,20,98,65,50"/><W80/><G130/><T110/><D110/><U117/><E108/><V82/><F125/><W26/><G123/><T93/><D127/><U126/><E126/><V76/><F132/><W11/><G121/><T129/><D134/><U71/><E117/><V23/><F89/><W101/><G50/><T87/><D129/><U85/><E73/><V52/><F122/><W70/><G70/><T100/><D57/><N who="1" m="37135" /><E8/><V109/><F109/><W2/><G31/><N who="1" m="11786" /><E71/><V128/><F128/><W24/><G2/><T107/><D107/><U27/><E27/><V99/><F99/><W54/><G54/><T95/><D25/><U49/><E49/><V4/><F4/><W94/><REACH who="3" step="1"/><G11/><REACH who="3" ten="240,238,408,104" step="2"/><T113/><D10/><U38/><E38/><V5/><F69/><W36/><G36/><T102/><D48/><U14/><E14/><V0/><F52/><W86/><G86/><T116/><D87/><U75/><E75/><V53/><F51/><W15/><G15/><T17/><D13/><U18/><E84/><V111/><F0/><W72/><G72/><T78/><D9/><U41/><E41/><V68/><F53/><W92/><G92/><T79/><D1/><U124/><E124/><V77/><F68/><W40/><G40/><T45/><D95/><N who="1" m="56575" /><E85/><V12/><F111/><W120/><G120/><T3/><D3/><U21/><E55/><V37/><F37/><W64/><G64/><T88/><D93/><U6/><E62/><V105/><F12/><W42/><G42/><T43/><D43/><U131/><E131/><V115/><F106/><W119/><G119/><T22/><D116/><RYUUKYOKU ba="1,1" sc="240,-10,238,-10,408,-10,104,30" hai3="16,20,24,26,28,58,61,65,80,83,94,98,101" /><INIT seed="3,2,1,2,1,10" ten="230,228,398,134" oya="3" hai0="79,31,94,40,120,6,18,86,30,116,55,134,80" hai1="24,60,12,7,118,111,43,38,77,97,98,35,89" hai2="121,102,74,52,61,72,25,99,105,119,17,11,125" hai3="90,29,56,109,68,27,84,95,57,64,62,126,63"/><W14/><G126/><T33/><D33/><U47/><E111/><V110/><F119/><W103/><G109/><T123/><D116/><U113/><E113/><V127/><F110/><W117/><G117/><T8/><D134/><U58/><E118/><V112/><F112/><W124/><G124/><N who="2" m="47689" /><F121/><W87/><G103/><T69/><D69/><U66/><E77/><V133/><F133/><W65/><G68/><T70/><D70/><U73/><E73/><V115/><F115/><W92/><G14/><N who="0" m="5399" /><D40/><U48/><E38/><V106/><F106/><W50/><G50/><T42/><D42/><U39/><E39/><V130/><F130/><W88/><G27/><T15/><D123/><U0/><E0/><V32/><F11/><W34/><G29/><T132/><D120/><U82/><E35/><AGARI ba="2,1" hai="34,35,56,57,62,63,64,65,84,87,88,90,92,95" machi="35" ten="40,12000,1" yaku="32,3,54,1" doraHai="10" who="3" fromWho="1" sc="230,0,228,-126,398,0,134,136" /><INIT seed="3,3,0,3,3,50" ten="230,102,398,270" oya="3" hai0="115,66,93,24,67,65,2,48,10,69,18,135,90" hai1="6,84,42,132,0,55,57,104,37,129,4,61,26" hai2="17,89,78,15,13,51,41,79,107,35,8,3,47" hai3="112,1,21,94,58,83,60,30,5,134,95,43,121"/><W16/><G121/><T70/><D135/><U123/><E123/><V120/><F107/><W11/><G112/><T76/><D115/><U46/><E104/><V119/><F119/><W63/><G134/><T59/><D76/><U62/><E132/><V73/><F73/><W122/><G122/><T77/><D77/><U49/><E129/><V52/><F35/><W81/><G30/><T80/><D80/><U82/><E0/><V7/><F3/><W12/><G43/><T130/><D130/><U28/><E62/><V85/><F41/><W97/><G63/><T101/><D101/><U126/><E126/><V39/><F39/><W118/><G118/><T98/><D24/><U72/><E72/><V109/><F109/><W86/><G86/><T29/><D29/><U96/><E96/><V87/><F120/><W106/><G106/><T22/><D22/><U34/><E34/><V116/><F87/><W19/><G19/><T44/><D59/><U111/><E111/><V23/><F116/><W40/><G40/><T127/><D127/><U54/><E26/><V14/><F14/><W27/><G1/><T99/><D99/><U100/><E28/><V64/><F64/><N who="3" m="38935" /><G94/><AGARI ba="3,0" hai="7,8,13,15,17,23,47,51,52,78,79,85,89,94" machi="94" ten="30,7700,0" yaku="7,1,8,1,52,1,54,1" doraHai="50" who="2" fromWho="3" sc="230,0,102,0,398,86,270,-86" owari="230,3.0,102,-39.8,484,58.4,184,-21.6" /></mjloggm>