<mjloggm ver="2.3"><GO type="225" lobby="0"/><UN n0="%E3%83%A9%E3%82%A4%E3%83%B3%E3%81%AE%E8%99%8E" n1="%E4%B8%89%E5%88%86%E5%B0%8F%E5%83%A7" n2="%E5%8D%A0%E3%81%84%E5%B8%AB%E8%A3%8F%E3%81%AA%E3%81%84%E3%81%97" n3="%77%72%77%72%77%72%77%72" dan="16,16,17,17" rate="2103.60,2088.60,2207.73,2179.45" sx="M,M,M,M"/><TAIKYOKU oya="0"/><INIT seed="0,0,0,3,2,72" ten="250,250,250,250" oya="0" hai0="78,9,33,91,5,67,76,14,135,108,89,29,56" hai1="124,80,23,86,10,43,50,62,64,54,84,71,130" hai2="99,31,16,20,7,45,25,81,125,68,106,40,120" hai3="57,36,82,110,87,111,114,15,107,119,66,49,3"/><T8/><D135/><U128/><E124/><V28/><F120/><W17/><G114/><T132/><D132/><U2/><E43/><V44/><F125/><W133/><G133/><T47/><D108/><N who="3" m="41513" /><G119/><T18/><D33/><U74/><E74/><V118/><F68/><W34/><G107/><T65/><D29/><U39/><E39/><V105/><F118/><W30/><G36/><T100/><D100/><U61/><E61/><V85/><F7/><W83/><G3/><T32/><D32/><U126/><E126/><V109/><F44/><W115/><G115/><T22/><D47/><U24/><E10/><N who="0" m="4201" /><D5/><U73/><E2/><V123/><F123/><W1/><G1/><T48/><D48/><U90/><E73/><V121/><F121/><W129/><G129/><T42/><D42/><U98/><E98/><V96/><F105/><W46/><G30/><T60/><D67/><U55/><E86/><V134/><F134/><W4/><G34/><T70/><D70/><U93/><E130/><V37/><F109/><W26/><G66/><T113/><D113/><U6/><E128/><V79/><REACH who="2" step="1"/><F99/><REACH who="2" ten="250,250,240,250" step="2"/><W112/><G46/><T58/><D58/><U117/><E117/><V88/><F88/><AGARI ba="0,1" hai="14,18,22,56,60,65,76,78,88,89,91" m="4201" machi="88" ten="30,11600,0" yaku="8,1,52,2,54,1" doraHai="72" who="0" fromWho="2" sc="250,126,250,0,240,-116,250,0" /><INIT seed="0,1,0,3,4,0" ten="376,250,124,250" oya="0" hai0="51,129,117,39,61,19,60,56,119,107,49,59,88" hai1="17,101,68,38,41,96,104,36,45,15,86,8,33" hai2="89,50,65,29,43,35,75,97,32,13,108,113,106" hai3="127,11,85,37,99,23,24,123,90,114,72,76,91"/><T64/><D107/><U62/><E33/><V125/><F113/><W10/><G114/><T3/><D3/><U46/><E86/><V21/><F75/><W115/><G115/><T131/><D88/><U44/><REACH who="1" step="1"/><E41/><REACH who="1" ten="376,240,124,250" step="2"/><V133/><F32/><W118/><G85/><T82/><D117/><U52/><E52/><V16/><F35/><W100/><G118/><T70/><D119/><U87/><E87/><V22/><F43/><W63/><G72/><T6/><D64/><AGARI ba="1,1" hai="8,15,17,36,38,44,45,46,62,64,68,96,101,104" machi="64" ten="40,1300,0" yaku="1,1,53,0" doraHai="0" doraHaiUra="55" who="1" fromWho="0" sc="376,-16,240,26,124,0,250,0" /><INIT seed="1,0,0,0,0,130" ten="360,266,124,250" oya="1" hai0="1,104,33,134,38,79,135,27,58,78,73,114,61" hai1="109,132,26,18,5,127,49,41,17,19,34,97,28" hai2="30,128,90,126,101,117,113,91,6,108,55,124,123" hai3="44,53,88,9,50,69,129,71,107,43,0,98,93"/><U15/><E97/><V120/><F30/><W21/><G129/><T39/><D104/><U92/><E92/><V32/><F32/><W115/><G115/><T56/><D1/><U95/><E95/><V82/><F6/><W20/><G107/><T60/><D114/><U45/><E127/><N who="2" m="48683" /><F55/><W89/><G89/><N who="2" m="33801" /><F113/><W121/><G121/><N who="2" m="46665" /><F117/><W52/><G71/><T103/><D103/><U81/><E81/><V48/><F48/><W67/><G69/><T96/><D96/><U77/><E77/><V133/><F128/><W13/><G67/><T42/><D42/><U3/><E3/><V122/><N who="2" m="46673" /><V64/><DORA hai="8" /><F64/><W80/><G0/><T100/><D100/><U112/><E112/><V2/><F2/><W85/><G53/><T11/><D11/><U105/><E5/><V10/><F10/><W59/><G43/><T36/><D36/><U68/><E68/><V40/><F40/><W72/><G59/><T7/><D7/><U57/><E49/><V75/><F108/><W62/><G62/><T37/><D37/><U12/><E57/><V23/><F23/><W16/><G72/><T110/><D73/><U22/><E41/><V51/><F51/><W66/><G66/><T119/><D110/><U47/><E22/><V74/><F101/><W65/><G65/><T87/><D33/><U4/><E34/><V111/><F111/><W35/><G35/><T31/><D60/><U63/><E63/><V84/><F133/><W86/><G21/><T116/><D61/><U29/><E109/><V46/><F46/><W14/><G20/><T102/><D38/><RYUUKYOKU ba="0,0" sc="360,-10,266,-10,124,30,250,-10" hai2="74,75,82,84" /><INIT seed="2,1,0,3,5,86" ten="350,256,154,240" oya="2" hai0="24,7,126,45,31,37,110,1,99,5,4,56,125" hai1="41,128,105,46,28,80,98,102,63,38,81,123,14" hai2="33,107,72,79,17,91,83,15,65,8,47,27,116" hai3="134,10,55,36,89,66,6,53,62,69,71,43,115"/><V106/><F116/><W120/><G120/><T133/><D110/><U113/><E113/><V130/><F130/><W121/><G121/><T49/><D133/><U13/><E128/><V12/><F65/><W92/><G134/><T0/><D56/><U18/><E123/><V96/><F47/><W95/><G115/><T124/><D99/><U67/><E28/><V87/><F96/><W23/><G69/><T101/><D101/><U73/><E73/><V103/><F103/><W29/><G95/><T84/><D84/><U3/><E3/><V40/><F40/><W129/><G129/><T19/><D19/><U94/><E105/><V21/><F33/><W112/><G112/><T90/><D90/><N who="1" m="55639" /><E38/><V76/><F12/><N who="1" m="4713" /><E102/><V78/><REACH who="2" step="1"/><F72/><REACH who="2" ten="350,256,144,240" step="2"/><W22/><G43/><N who="0" m="24767" /><D37/><U119/><E46/><V32/><F32/><AGARI ba="1,1" hai="0,1,4,5,7,24,31,32,124,125,126" m="24767" machi="32" ten="40,1300,0" yaku="18,1" doraHai="86" who="0" fromWho="2" sc="350,26,256,0,144,-16,240,0" /><INIT seed="3,0,0,4,4,13" ten="376,256,128,240" oya="3" hai0="24,125,39,15,64,14,2,114,30,122,19,16,8" hai1="49,111,101,45,35,104,89,92,27,106,97,32,95" hai2="23,9,128,20,52,77,86,4,56,134,28,87,51" hai3="82,112,63,10,25,121,17,79,59,113,44,103,84"/><W132/><G121/><T68/><D39/><U123/><E123/><V76/><F134/><W50/><G132/><T5/><D122/><U130/><E111/><V81/><F128/><W85/><G103/><T36/><D36/><U67/><E130/><V21/><F28/><W29/><G85/><T80/><D125/><U3/><E3/><V118/><F118/><W93/><G93/><T40/><D40/><U83/><E67/><V60/><F60/><W47/><G47/><T72/><D14/><U62/><E62/><V100/><F100/><W107/><G107/><T105/><D15/><U54/><E83/><V116/><F116/><W66/><G10/><T98/><D114/><U57/><E57/><V42/><F42/><W78/><G78/><T58/><D58/><U46/><E46/><V26/><F9/><W127/><G127/><T43/><D43/><U65/><E65/><V69/><F4/><W33/><G17/><T133/><D133/><U18/><E35/><V120/><F69/><W108/><G108/><T96/><D96/><U90/><E101/><V7/><F7/><W135/><G135/><T12/><D98/><N who="1" m="57615" /><E32/><V94/><F120/><W91/><G79/><N who="0" m="44135" /><D105/><U124/><E124/><V75/><F75/><W1/><G1/><T6/><D6/><U109/><E109/><V55/><F55/><AGARI ba="0,0" hai="25,29,33,44,50,55,59,63,66,82,84,91,112,113" machi="55" ten="30,1500,0" yaku="7,1" doraHai="13" who="3" fromWho="2" sc="376,0,256,0,128,-15,240,15" /><INIT seed="3,1,0,5,3,87" ten="376,256,113,255" oya="3" hai0="79,3,106,23,46,94,36,118,55,45,132,22,96" hai1="123,1,7,97,82,83,17,73,126,92,84,26,61" hai2="32,29,20,12,124,16,127,74,41,56,19,62,93" hai3="67,18,28,52,51,115,0,31,110,121,40,134,107"/><W128/><G115/><T85/><D3/><U109/><E123/><V129/><F41/><W133/><G121/><T10/><D118/><U68/><E109/><V5/><F74/><W21/><G107/><T59/><D106/><U38/><E38/><V91/><F129/><W75/><G128/><T86/><D10/><U69/><E126/><V125/><F5/><W33/><G110/><T80/><D85/><U88/><E73/><V37/><F37/><W63/><G75/><T78/><D78/><U119/><E119/><V102/><F102/><W44/><G33/><T15/><D132/><N who="3" m="50793" /><G0/><T30/><D36/><U57/><E83/><V113/><F113/><W39/><G40/><T43/><D43/><U114/><E114/><V48/><F19/><W25/><G39/><T108/><D108/><U120/><E120/><V111/><F111/><W99/><G99/><T54/><D30/><U11/><E17/><V53/><F29/><W13/><G13/><T104/><D104/><U50/><E50/><V47/><F32/><W95/><G95/><T49/><D15/><U9/><E9/><V98/><REACH who="2" step="1"/><F62/><REACH who="2" ten="376,256,103,255" step="2"/><W105/><G105/><T65/><D65/><U135/><E135/><V35/><F35/><W112/><G112/><T72/><D72/><U81/><E7/><V34/><F34/><W103/><G103/><N who="0" m="60823" /><D55/><U89/><E1/><V116/><F116/><W76/><G63/><T27/><D54/><U24/><E61/><V60/><F60/><W6/><G67/><T14/><D49/><U2/><E2/><V117/><F117/><W64/><G64/><T101/><D101/><RYUUKYOKU ba="1,1" sc="376,-10,256,-10,103,30,255,-10" hai2="12,16,20,47,48,53,56,91,93,98,124,125,127" owari="376,47.6,246,4.6,133,-36.7,245,-15.5" /></mjloggm>