<mjloggm ver="2.3"><GO type="225" lobby="0"/><UN n0="%72%69%6F%75%63%68%61%6E" n1="%E7%99%BD%E6%97%A5%E9%9B%AA%E8%8F%9C" n2="%E9%B3%B3%E6%9D%B1%E3%81%AE%E3%81%86%E3%81%95%E3%81%8E%E3%81%95%E3%82%93" n3="%E8%B6%85%E7%B4%9A%E9%B3%B3%E5%87%B0" dan="16,16,17,16" rate="2177.13,2204.79,2235.51,2162.46" sx="M,M,M,M"/><TAIKYOKU oya="0"/><INIT seed="0,0,0,4,0,93" ten="250,250,250,250" oya="0" hai0="53,32,95,121,82,113,120,100,103,27,69,107,127" hai1="99,84,97,131,64,51,73,117,86,54,92,25,36" hai2="48,9,28,79,89,125,80,13,87,78,108,26,85" hai3="58,111,52,33,130,123,76,134,17,65,98,122,42"/><T116/><D113/><U10/><E117/><V83/><F108/><W49/><G33/><T12/><D116/><U29/><E36/><V20/><F125/><W45/><G111/><T38/><D127/><U67/><E73/><V50/><REACH who="2" step="1"/><F89/><REACH who="2" ten="250,250,240,250" step="2"/><W132/><G123/><T109/><D121/><U72/><E131/><V81/><F81/><W61/><G122/><T94/><D82/><U3/><E72/><V66/><F66/><W8/><G130/><T96/><D120/><U47/><E67/><V77/><F77/><W101/><G76/><T35/><D109/><U57/><E64/><V40/><F40/><W70/><G42/><T112/><D112/><U104/><E104/><V5/><AGARI ba="0,1" hai="5,9,13,20,26,28,48,50,78,79,80,83,85,87" machi="5" ten="20,12000,2" yaku="1,1,0,1,7,1,9,1,8,1,53,1" doraHai="93" doraHaiUra="22" who="2" fromWho="2" sc="250,-60,250,-30,240,130,250,-30" /><INIT seed="1,0,0,2,1,6" ten="190,220,370,220" oya="1" hai0="60,125,108,16,87,86,54,43,76,41,29,84,65" hai1="22,49,91,107,35,82,68,100,105,9,80,112,66" hai2="90,0,133,64,13,123,58,79,110,81,57,1,28" hai3="104,96,75,48,2,26,83,30,111,131,102,118,88"/><U23/><E112/><V37/><F123/><W32/><G2/><T97/><D108/><U34/><E66/><V124/><F37/><W62/><G111/><T126/><D29/><U18/><E68/><V21/><F110/><W85/><G131/><T59/><D76/><U77/><E91/><V129/><F129/><W135/><G135/><T92/><D126/><U89/><E89/><V45/><F124/><W20/><G118/><T101/><D125/><U15/><E100/><V56/><F64/><W95/><G62/><T4/><D4/><U8/><E49/><V14/><F45/><W103/><G48/><T5/><D5/><U93/><E93/><V128/><F128/><W109/><G109/><T115/><D115/><U31/><E31/><V98/><F0/><W116/><G116/><T12/><REACH who="0" step="1"/><D65/><REACH who="0" ten="180,220,370,220" step="2"/><U44/><E18/><V121/><F79/><W25/><G75/><T47/><D47/><U10/><E77/><V94/><F28/><W46/><G46/><T42/><D42/><U55/><E44/><V36/><F121/><W74/><G74/><T71/><D71/><U40/><E40/><V19/><F19/><W3/><G30/><T122/><D122/><U38/><E55/><V61/><F133/><W51/><G32/><T130/><D130/><U134/><E38/><V50/><F36/><W113/><G113/><T114/><D114/><U78/><E134/><V39/><F39/><W67/><G67/><T73/><D73/><U11/><E78/><V117/><F117/><W132/><G132/><T99/><D99/><U70/><N who="1" m="2048" /><DORA hai="69" /><U52/><E35/><RYUUKYOKU ba="0,1" sc="180,30,220,-10,370,-10,220,-10" hai0="12,16,41,43,54,59,60,84,86,87,92,97,101" /><INIT seed="2,1,1,0,0,59" ten="210,210,360,210" oya="2" hai0="61,125,134,121,84,18,49,40,21,11,33,100,24" hai1="126,131,65,47,112,9,2,78,29,123,70,67,115" hai2="98,22,8,99,72,35,77,82,81,66,57,31,83" hai3="42,86,130,6,102,50,109,107,89,129,87,44,23"/><V16/><F35/><W32/><G32/><T114/><D121/><U68/><E123/><V38/><F38/><W127/><G109/><T118/><D114/><U25/><E126/><V103/><F31/><W34/><G34/><T26/><D125/><U132/><E132/><V1/><F1/><W46/><G127/><T119/><D134/><U17/><E131/><N who="3" m="50186" /><G6/><T41/><D100/><U91/><E78/><V94/><F8/><W60/><G107/><T10/><D84/><U20/><E47/><V117/><F99/><W120/><G120/><T104/><D104/><U69/><E91/><V90/><F103/><W93/><G102/><T56/><D49/><U71/><N who="1" m="17408" /><DORA hai="101" /><U75/><E75/><V5/><F5/><W37/><G23/><T110/><D110/><U51/><E51/><V62/><REACH who="2" step="1"/><F117/><REACH who="2" ten="210,210,350,210" step="2"/><N who="0" m="44554" /><D10/><U113/><E2/><V4/><F4/><W45/><G37/><T74/><D11/><U48/><E9/><V106/><F106/><W64/><G87/><T58/><D74/><U13/><E29/><V116/><F116/><W111/><G111/><T135/><D135/><U79/><E115/><V63/><F63/><W105/><G105/><T36/><D36/><U88/><E113/><V108/><F108/><W53/><G42/><N who="0" m="16491" /><D61/><U133/><E112/><V12/><AGARI ba="1,2" hai="12,16,22,57,62,66,72,77,81,82,83,90,94,98" machi="12" ten="20,18000,2" yaku="1,1,0,1,7,1,52,1,54,1,53,1" doraHai="59,101" doraHaiUra="43,85" who="2" fromWho="2" sc="210,-61,210,-61,350,203,210,-61" /><INIT seed="2,2,0,2,1,25" ten="149,149,553,149" oya="2" hai0="32,81,117,74,22,53,3,33,95,113,8,104,42" hai1="71,124,29,132,70,87,105,31,130,116,85,19,21" hai2="112,51,65,67,5,76,13,121,127,39,131,62,80" hai3="135,75,1,119,58,103,17,84,16,78,66,6,102"/><V91/><F112/><W69/><G119/><T120/><D120/><U134/><E116/><V9/><F121/><W118/><G118/><T7/><D117/><U64/><E105/><V47/><F131/><W109/><G109/><T48/><D113/><U115/><E115/><V44/><F127/><W11/><G135/><N who="1" m="51754" /><E130/><V26/><F91/><W15/><G69/><N who="1" m="26122" /><E64/><V106/><F106/><W93/><G75/><T108/><D104/><U37/><E37/><V59/><F39/><W128/><G128/><T72/><D108/><U94/><E124/><V18/><F65/><W96/><G102/><T20/><D42/><U0/><E0/><V50/><F50/><W41/><G41/><T83/><D74/><U36/><E36/><V101/><F101/><W43/><G43/><T98/><D72/><U61/><E61/><V92/><F92/><W122/><G122/><T111/><D111/><U10/><E10/><V23/><REACH who="2" step="1"/><F51/><REACH who="2" ten="149,149,543,149" step="2"/><W34/><G66/><T82/><D48/><U56/><E94/><V125/><F125/><W90/><G93/><T107/><D107/><U12/><E56/><V28/><F28/><AGARI ba="2,1" hai="12,19,21,28,29,31,85,87" m="26122,51754" machi="28" ten="30,7700,0" yaku="20,1,52,3" doraHai="25" who="1" fromWho="2" sc="149,0,149,93,543,-83,149,0" /><INIT seed="3,0,0,3,1,43" ten="149,242,460,149" oya="3" hai0="100,28,122,42,56,54,78,92,70,59,12,115,110" hai1="13,2,104,33,108,30,7,44,120,102,23,35,49" hai2="125,77,119,74,37,86,114,84,47,113,22,121,24" hai3="71,19,106,34,29,73,25,4,0,65,134,117,40"/><W57/><G117/><T52/><D122/><U55/><E120/><V8/><F121/><W60/><G73/><T69/><D78/><U105/><E108/><V95/><F119/><W63/><G106/><T127/><D110/><U53/><E102/><V111/><F111/><W50/><G134/><T67/><D28/><U79/><E79/><V99/><F74/><W51/><G40/><T46/><D12/><U21/><E55/><N who="0" m="21033" /><D92/><U109/><E109/><V124/><F8/><W107/><G107/><T97/><D97/><U11/><E35/><V88/><F47/><W38/><G38/><N who="0" m="21847" /><D100/><U135/><E105/><V116/><F37/><W3/><G19/><T133/><D133/><U93/><E104/><V36/><F36/><W96/><G96/><T17/><D17/><N who="1" m="10415" /><E23/><V18/><F116/><W87/><G87/><N who="2" m="33321" /><F77/><W76/><G76/><T6/><D115/><U61/><E93/><V103/><F103/><W48/><REACH who="3" step="1"/><G4/><REACH who="3" ten="149,242,460,139" step="2"/><T66/><D6/><U130/><E135/><V82/><F82/><W126/><G126/><AGARI ba="0,1" hai="18,22,24,88,95,99,113,114,124,125,126" m="33321" machi="126" ten="30,2000,0" yaku="18,1,54,1" doraHai="43" who="2" fromWho="3" sc="149,0,242,0,460,30,139,-20" owari="149,-25.1,242,4.2,490,59.0,119,-38.1" /></mjloggm>