<mjloggm ver="2.3"><GO type="225" lobby="0"/><UN n0="%E8%83%83%E3%81%A8%E8%85%B8" n1="%E6%98%93%E5%88%A9%E8%96%A9%E4%BC%AF" n2="%6D%75%75%6D%75%72%61" n3="%E3%81%8B%E3%82%8F%E3%81%A1%E3%82%83%E3%82%93%35%38" dan="17,16,16,17" rate="2241.13,2062.38,2116.48,2133.78" sx="M,F,F,M"/><TAIKYOKU oya="0"/><INIT seed="0,0,0,0,3,43" ten="250,250,250,250" oya="0" hai0="88,4,107,47,124,89,49,25,113,130,108,17,57" hai1="76,64,56,83,132,82,8,78,97,126,27,29,54" hai2="6,18,94,114,23,101,87,129,91,60,85,30,116" hai3="50,112,65,41,46,51,5,115,62,69,3,80,118"/><T22/><D113/><N who="3" m="43593" /><G80/><T59/><D107/><U42/><E132/><V98/><F114/><W105/><G5/><T39/><D39/><U66/><E42/><V7/><F129/><W84/><G84/><T120/><D120/><U61/><E8/><V117/><F30/><W100/><G100/><T24/><D130/><U40/><E97/><V53/><F85/><W122/><G3/><T96/><D124/><U125/><E40/><V16/><F18/><W26/><G26/><T67/><D4/><U0/><E0/><V10/><F10/><W21/><G21/><N who="0" m="13359" /><D108/><U48/><E83/><V128/><F128/><W131/><G105/><T36/><D36/><U106/><E106/><V32/><F32/><W109/><G131/><T1/><D1/><U33/><E66/><V95/><F7/><W93/><G93/><N who="0" m="56359" /><D67/><U63/><E78/><V133/><F6/><W35/><G35/><T37/><D37/><U68/><REACH who="1" step="1"/><E48/><REACH who="1" ten="250,240,250,250" step="2"/><V102/><F133/><W134/><G134/><T86/><D86/><AGARI ba="0,1" hai="27,29,33,54,56,61,63,64,68,76,82,86,125,126" machi="86" ten="40,2600,0" yaku="1,1,2,1,53,0" doraHai="43" doraHaiUra="15" who="1" fromWho="0" sc="250,-26,240,36,250,0,250,0" /><INIT seed="1,0,0,0,0,33" ten="224,276,250,250" oya="1" hai0="113,17,124,106,10,99,111,123,55,28,50,72,38" hai1="91,39,56,115,15,4,85,120,22,9,93,122,37" hai2="2,92,103,117,24,90,51,34,102,107,104,64,78" hai3="135,58,47,130,25,36,127,1,96,131,119,89,66"/><U54/><E115/><V48/><F117/><W97/><G25/><T42/><D113/><U74/><E74/><V41/><F78/><W71/><G89/><T112/><D112/><U23/><E22/><V6/><F64/><W12/><G12/><T49/><D111/><U45/><E23/><V19/><F104/><W57/><G96/><T52/><D72/><U100/><E100/><V110/><F107/><W129/><G97/><T108/><D108/><U14/><E14/><V16/><F110/><W121/><G1/><T67/><D28/><U86/><E86/><V94/><F34/><W87/><G87/><T29/><D29/><U59/><E59/><N who="3" m="22538" /><G121/><T76/><D76/><U80/><E93/><V35/><F35/><W75/><G75/><T65/><D123/><U61/><REACH who="1" step="1"/><E45/><REACH who="1" ten="224,266,250,250" step="2"/><V60/><F92/><W20/><G20/><T0/><D106/><U134/><E134/><V31/><F102/><W114/><G135/><T26/><D99/><U128/><E128/><V13/><F103/><W30/><G114/><T46/><D26/><U82/><E82/><V62/><F24/><W118/><G30/><T69/><D46/><U5/><E5/><V3/><F31/><W8/><G130/><T132/><D132/><U44/><E44/><V98/><F6/><W43/><G131/><T125/><D69/><U77/><E77/><V109/><F109/><W7/><G129/><T68/><D68/><U70/><E70/><V79/><F79/><W88/><G71/><T84/><D84/><U18/><E18/><V105/><F19/><W63/><G47/><T53/><D17/><RYUUKYOKU ba="0,1" sc="224,-10,266,30,250,-10,250,-10" hai1="4,9,15,37,39,54,56,61,80,85,91,120,122" /><INIT seed="1,1,1,2,0,89" ten="214,296,240,240" oya="1" hai0="133,34,65,67,19,63,13,109,40,128,121,45,98" hai1="118,94,30,0,100,74,125,36,87,95,78,135,29" hai2="60,84,4,69,33,97,54,66,124,43,86,56,131" hai3="11,18,31,57,41,21,47,15,132,5,105,79,102"/><U106/><E0/><V28/><F131/><W101/><G132/><T83/><D133/><U115/><E36/><V99/><F124/><W16/><G79/><T68/><D128/><U37/><E37/><V52/><F43/><W107/><G31/><T120/><D109/><U58/><E135/><V32/><F4/><W25/><G5/><T104/><D67/><U9/><E115/><V92/><F99/><W26/><G26/><T117/><D117/><U91/><E118/><V48/><F54/><W73/><G73/><T1/><D1/><U80/><E9/><V59/><F69/><W10/><G10/><T116/><D116/><U122/><E122/><V12/><F12/><W81/><G81/><T127/><D127/><U24/><E24/><V44/><F59/><W39/><REACH who="3" step="1"/><G57/><REACH who="3" ten="214,296,240,230" step="2"/><T123/><D83/><U111/><E125/><V23/><F32/><W119/><G119/><T22/><D34/><U53/><E111/><V75/><F33/><W2/><G2/><T64/><D68/><U42/><E30/><V96/><F75/><W8/><G8/><T55/><D123/><U14/><E29/><V110/><F110/><W6/><G6/><T61/><D121/><U130/><E130/><V90/><F97/><W20/><G20/><T77/><D120/><U103/><E78/><V72/><F72/><W93/><G93/><T76/><D76/><U27/><E27/><AGARI ba="1,2" hai="23,27,28,44,48,52,56,60,66,84,86,90,92,96" machi="27" ten="40,5200,0" yaku="8,1,52,1,54,1" doraHai="89" who="2" fromWho="1" sc="214,0,296,-55,240,75,230,0" /><INIT seed="2,0,0,1,4,12" ten="214,241,315,230" oya="2" hai0="51,119,86,55,40,79,96,0,19,67,39,90,9" hai1="74,68,128,118,106,61,127,98,91,134,18,27,37" hai2="123,14,107,131,36,16,130,84,46,94,2,5,112" hai3="6,23,4,89,64,70,65,60,48,20,99,50,49"/><V63/><F112/><W54/><G54/><T132/><D132/><U22/><E118/><V120/><F107/><W77/><G77/><T31/><D119/><U111/><E74/><V59/><F2/><W113/><G113/><T83/><D31/><U108/><E37/><V57/><F5/><N who="3" m="2155" /><G70/><T126/><D0/><U133/><E127/><V32/><F32/><W43/><G43/><T125/><D67/><N who="3" m="25673" /><G60/><T52/><D39/><U58/><E68/><V42/><F120/><W11/><G11/><T44/><D126/><U25/><E128/><N who="2" m="49195" /><F123/><W92/><AGARI ba="0,0" hai="20,23,48,49,50,89,92,99" m="25673,2155" machi="92" ten="40,1500,0" yaku="8,1" doraHai="12" who="3" fromWho="3" sc="214,-4,241,-4,315,-7,230,15" /><INIT seed="3,0,0,0,5,73" ten="210,237,308,245" oya="3" hai0="14,76,24,131,36,80,42,116,27,40,117,0,25" hai1="93,72,5,123,71,45,23,133,58,108,121,31,7" hai2="110,30,22,94,125,18,122,9,12,28,49,102,98" hai3="70,53,11,106,52,91,118,17,84,32,107,90,3"/><W54/><G118/><T132/><D0/><U67/><E71/><V75/><F75/><W109/><G70/><T79/><D132/><U119/><E72/><V85/><F110/><W61/><G61/><T16/><D131/><U95/><E108/><V63/><F125/><W59/><G109/><T35/><D35/><U37/><E119/><V55/><F122/><W44/><G59/><T126/><D126/><U68/><E68/><V78/><F63/><W101/><G44/><T50/><D36/><U4/><E133/><V13/><F85/><W66/><G66/><T29/><D117/><U104/><E104/><V57/><F78/><N who="0" m="29738" /><D116/><U41/><E121/><V88/><F102/><W64/><G64/><T96/><D80/><U89/><E123/><V128/><F128/><W113/><G113/><T130/><D130/><U46/><E67/><V111/><F111/><W2/><G32/><T100/><D29/><U43/><E58/><V134/><F134/><W33/><G33/><T51/><D96/><U48/><E89/><N who="3" m="33802" /><G84/><T10/><D100/><U15/><E31/><V92/><F92/><W82/><G82/><T60/><D60/><U74/><E74/><V19/><AGARI ba="0,0" hai="9,12,13,18,19,22,28,30,49,55,57,88,94,98" machi="19" ten="20,5200,0" yaku="0,1,7,1,8,1,54,1" doraHai="73" who="2" fromWho="2" sc="210,-13,237,-13,308,52,245,-26" owari="197,-30.3,224,2.4,360,46.0,219,-18.1" /></mjloggm>