<mjloggm ver="2.3"><GO type="225" lobby="0"/><UN n0="%E3%81%86%E3%83%BC%E3%81%B1%E3%83%BC" n1="%E6%A1%9C%E8%8A%B1%E9%96%83%E3%80%85" n2="%33%74%72%65%65" n3="%E3%82%BC%E3%83%AB%E3%83%80%E3%81%AE%E4%BC%9D%E8%AA%AC" dan="16,17,16,16" rate="2147.15,2156.52,2154.26,2207.52" sx="F,M,F,M"/><TAIKYOKU oya="0"/><INIT seed="0,0,0,2,1,87" ten="250,250,250,250" oya="0" hai0="25,63,75,54,122,85,44,123,76,133,67,21,13" hai1="94,117,80,114,8,6,41,57,69,81,7,118,101" hai2="29,99,38,78,26,39,10,9,27,51,72,71,121" hai3="126,33,70,18,115,84,37,30,104,22,35,83,17"/><T110/><D133/><U135/><E69/><V0/><F121/><W1/><G115/><T53/><D75/><U107/><E107/><V50/><F71/><W134/><G70/><T11/><D110/><U58/><E135/><V129/><F99/><W125/><G134/><T2/><D2/><U24/><E114/><V59/><F59/><W32/><G104/><T49/><D54/><U43/><E94/><V3/><F29/><W28/><G37/><T65/><D123/><U19/><E8/><V66/><F78/><W52/><G1/><T120/><D120/><U128/><E19/><N who="3" m="7178" /><G52/><N who="0" m="29735" /><D122/><U92/><E92/><V47/><F47/><W4/><G22/><T56/><D25/><U45/><E45/><V93/><F93/><W68/><G68/><T15/><D21/><U31/><E24/><V127/><F72/><W61/><G61/><T42/><D42/><U131/><REACH who="1" step="1"/><E31/><REACH who="1" ten="250,240,250,250" step="2"/><V98/><F26/><W105/><G105/><T119/><D119/><U132/><E132/><V60/><F27/><W20/><G20/><T36/><D36/><U106/><E106/><V130/><F39/><W90/><G4/><T16/><D15/><U116/><E116/><V111/><F38/><W62/><G28/><T124/><D124/><N who="3" m="47721" /><G30/><T23/><D11/><U55/><E55/><V73/><F10/><W89/><G62/><T5/><D5/><U103/><AGARI ba="0,1" hai="6,7,41,43,57,58,80,81,101,103,117,118,128,131" machi="103" ten="25,12000,2" yaku="1,1,0,1,22,2,53,2" doraHai="87" doraHaiUra="96" who="1" fromWho="1" sc="250,-60,240,130,250,-30,250,-30" /><INIT seed="1,0,0,2,1,124" ten="190,370,220,220" oya="1" hai0="53,73,61,4,94,114,67,106,98,111,76,79,25" hai1="75,19,100,0,78,116,132,46,86,56,131,24,38" hai2="49,87,104,6,122,11,26,16,68,65,118,9,27" hai3="12,22,92,113,93,62,52,71,37,91,77,34,70"/><U28/><E116/><V55/><F118/><W74/><G34/><T33/><D114/><U58/><E86/><V109/><F122/><W119/><G113/><T1/><D73/><U123/><E19/><V102/><F109/><W81/><G37/><T90/><D111/><U15/><E15/><V45/><F87/><W18/><G119/><T21/><D33/><N who="1" m="20615" /><E100/><V51/><F68/><W101/><G101/><T72/><D72/><U89/><E89/><V42/><F65/><W117/><G117/><T36/><D36/><U129/><E0/><V41/><F104/><W23/><G23/><T85/><D106/><U112/><E123/><V107/><F107/><W14/><G14/><T82/><D1/><U84/><E84/><V35/><F102/><W135/><G93/><T110/><D110/><U5/><E5/><V3/><F35/><W128/><G92/><T115/><D4/><U95/><E95/><V7/><F16/><W134/><G91/><N who="0" m="51639" /><D115/><U8/><E8/><V88/><F88/><W99/><G99/><T103/><D103/><U120/><E120/><V10/><F10/><W50/><G12/><T31/><D53/><U69/><E69/><V2/><F55/><W57/><G71/><T32/><D32/><U125/><E112/><V105/><F105/><W126/><G70/><T66/><D66/><U44/><E75/><V40/><F40/><W121/><G121/><T54/><D67/><U59/><E38/><V97/><F97/><W17/><G74/><T133/><D133/><U48/><E132/><V80/><F80/><W63/><G135/><T83/><D83/><RYUUKYOKU ba="0,0" sc="190,15,370,-15,220,15,220,-15" hai0="21,25,31,54,61,76,79,90,94,98" hai2="2,3,6,7,9,11,26,27,41,42,45,49,51" /><INIT seed="2,1,0,4,4,62" ten="205,355,235,205" oya="2" hai0="31,8,119,95,84,118,104,44,16,4,59,120,29" hai1="41,132,125,23,135,57,110,81,12,72,9,96,89" hai2="112,33,3,39,122,35,20,74,92,76,1,37,50" hai3="75,65,42,77,123,105,14,28,48,86,134,131,124"/><V22/><F112/><W13/><G123/><T43/><D104/><U109/><E125/><V82/><F122/><W24/><G105/><T87/><D59/><U40/><E23/><V55/><F22/><N who="3" m="15383" /><G75/><T66/><D66/><U11/><E57/><V99/><F20/><W94/><G124/><T27/><D120/><U113/><E96/><V88/><F1/><W2/><G2/><T129/><D129/><U52/><E52/><V18/><F18/><W114/><G131/><T15/><D4/><U117/><E117/><N who="0" m="44553" /><D95/><U126/><E126/><V71/><F71/><W21/><G114/><T7/><D7/><U51/><E110/><V79/><F3/><W121/><G121/><T67/><D67/><U80/><E109/><V26/><F76/><W17/><G134/><T47/><D47/><U97/><E81/><V61/><F61/><W127/><G65/><T5/><D5/><U58/><E80/><V108/><F108/><W91/><G77/><T30/><D27/><U54/><E113/><V101/><F26/><N who="3" m="14639" /><G127/><T34/><D34/><U60/><E72/><V128/><F128/><W103/><G103/><T93/><D93/><N who="1" m="56495" /><E60/><V45/><REACH who="2" step="1"/><F101/><REACH who="2" ten="205,355,225,205" step="2"/><W32/><G32/><AGARI ba="1,1" hai="32,33,35,37,39,45,50,55,74,79,82,88,92,99" machi="32" ten="40,7700,0" yaku="1,1,2,1,54,1,53,0" doraHai="62" doraHaiUra="64" who="2" fromWho="3" sc="205,0,355,0,225,90,205,-80" /><INIT seed="2,2,0,4,1,108" ten="205,355,315,125" oya="2" hai0="43,28,9,23,89,26,107,20,24,78,95,27,19" hai1="4,128,76,22,119,131,29,48,15,1,88,47,52" hai2="98,3,115,46,0,117,25,96,37,6,83,82,71" hai3="77,132,42,92,79,86,127,60,94,91,114,69,124"/><V17/><F117/><W134/><G42/><T64/><D107/><U33/><E119/><V56/><F71/><W41/><G41/><T58/><D78/><N who="3" m="29705" /><G60/><N who="0" m="37911" /><D43/><U2/><E76/><V36/><F56/><W106/><G69/><T129/><D129/><N who="1" m="49739" /><E33/><V93/><F46/><W100/><G106/><T116/><D116/><U67/><E67/><V103/><F6/><W5/><G5/><T45/><D45/><U65/><E65/><V32/><F32/><W104/><G104/><T130/><D130/><U44/><E44/><V73/><F36/><W54/><G54/><T53/><D53/><U51/><E51/><V74/><F37/><W66/><G66/><T50/><D50/><U81/><E29/><V49/><F49/><W125/><G114/><T14/><D28/><U18/><E4/><V70/><F115/><W13/><G13/><T62/><D62/><U135/><E135/><N who="3" m="51754" /><G100/><T118/><D118/><U101/><E101/><V90/><F70/><W55/><G55/><T31/><D31/><U16/><E18/><V85/><F17/><W35/><G35/><T21/><D27/><U38/><E38/><V39/><F25/><W133/><N who="3" m="51762" /><W87/><DORA hai="75" /><G91/><T109/><D109/><U105/><E105/><N who="2" m="63719" /><F39/><W59/><G59/><T30/><D30/><U102/><E102/><N who="2" m="60751" /><F3/><W84/><AGARI ba="2,0" hai="84,86,87,92,94,124,125,127" m="51762,29705" machi="84" ten="60,16000,3" yaku="28,2,18,1,20,1,34,2,52,3" doraHai="108,75" who="3" fromWho="3" sc="205,-42,355,-42,315,-82,125,166" /><INIT seed="3,0,0,2,5,55" ten="163,313,233,291" oya="3" hai0="3,72,127,23,110,48,63,74,103,96,66,125,34" hai1="33,18,121,83,73,67,11,1,41,51,120,92,132" hai2="116,124,134,65,14,133,13,62,97,58,19,45,122" hai3="2,113,61,82,10,98,91,108,40,130,6,60,37"/><W126/><G113/><T128/><D3/><U119/><E33/><V94/><F116/><W59/><G126/><N who="0" m="48139" /><D23/><U71/><E92/><V46/><F124/><W56/><G130/><T93/><D34/><U50/><E50/><V129/><F129/><W88/><G108/><T39/><D39/><U5/><E18/><V99/><F122/><W109/><G109/><T30/><D30/><U49/><E49/><V20/><F14/><N who="3" m="5463" /><G37/><T12/><D110/><U54/><E41/><V101/><REACH who="2" step="1"/><F99/><REACH who="2" ten="163,313,223,291" step="2"/><W24/><G2/><T107/><D128/><U100/><E119/><V118/><F118/><W85/><G24/><T36/><D36/><U76/><E121/><V131/><F131/><W89/><G40/><T43/><D12/><U90/><E120/><V64/><F64/><N who="3" m="38919" /><G98/><T16/><D107/><U28/><E1/><V84/><F84/><W104/><G104/><T102/><D74/><U79/><E73/><V57/><F57/><W17/><G17/><T0/><D72/><U68/><E68/><V70/><F70/><W35/><G35/><T105/><D0/><U26/><E71/><V25/><F25/><W78/><G78/><T111/><D16/><U47/><E76/><V38/><F38/><W87/><G87/><T31/><D111/><U123/><E79/><V69/><F69/><W15/><G15/><T81/><D105/><U52/><E123/><V75/><F75/><W4/><G4/><T77/><D43/><N who="1" m="25087" /><E5/><V80/><F80/><W9/><G9/><T117/><D117/><U95/><E11/><V7/><F7/><W112/><G112/><T44/><D77/><RYUUKYOKU ba="0,1" sc="163,-15,313,-15,223,15,291,15" hai2="13,19,20,45,46,58,62,65,94,97,101,133,134" hai3="59,61,82,85,88,89,91" owari="148,-35.2,298,9.8,238,-16.2,316,41.6" /></mjloggm>