<mjloggm ver="2.3"><GO type="225" lobby="0"/><UN n0="%E3%83%8F%E3%82%AC%E3%82%BF%E3%82%AB%E3%81%AE%E3%81%88%E3%81%98%E3%81%8D" n1="%E5%B8%86%E7%AB%8B%E5%A4%8F%E8%A1%A3" n2="%E3%81%AA%E3%81%8C%E3%81%95%E3%82%8F%E3%81%BE%E3%81%95%E3%81%BF" n3="%E3%81%AF%E3%82%88%E3%81%8A%E3%81%98%E3%81%95%E3%82%93" dan="16,17,16,16" rate="2133.09,2139.58,2102.76,2160.51" sx="M,M,F,M"/><TAIKYOKU oya="0"/><INIT seed="0,0,0,0,5,92" ten="250,250,250,250" oya="0" hai0="26,87,133,32,130,71,30,61,34,15,60,129,4" hai1="105,21,49,44,53,128,89,125,37,48,11,112,31" hai2="28,20,52,57,77,85,134,82,7,38,94,2,102" hai3="65,80,56,47,100,58,40,19,115,43,6,62,73"/><T108/><D133/><U45/><E125/><V123/><F123/><W3/><G115/><T116/><D116/><U46/><E128/><N who="0" m="49257" /><D71/><U74/><E112/><V70/><F38/><W75/><G43/><T86/><D34/><U14/><E74/><V110/><F134/><W135/><G135/><T59/><D61/><U12/><E105/><V63/><F110/><W23/><G58/><T67/><D108/><U114/><E114/><V111/><F111/><W124/><G124/><T13/><D4/><U88/><E37/><V122/><F122/><W50/><G80/><T1/><D1/><U22/><E46/><V36/><F70/><W132/><G132/><T84/><AGARI ba="0,0" hai="13,15,26,30,32,59,60,67,84,86,87" m="49257" machi="84" ten="30,1500,0" yaku="19,1" doraHai="92" who="0" fromWho="0" sc="250,15,250,-5,250,-5,250,-5" /><INIT seed="0,1,0,0,1,112" ten="265,245,245,245" oya="0" hai0="7,38,62,67,10,115,131,60,123,82,125,84,103" hai1="135,132,78,69,71,15,64,55,12,34,2,0,118" hai2="85,1,35,26,8,56,48,120,52,57,50,43,29" hai3="99,75,31,98,25,19,104,22,13,72,14,23,47"/><T96/><D115/><U110/><E34/><V53/><F120/><W119/><G119/><T6/><D123/><U92/><E110/><V101/><F101/><W11/><G47/><T68/><D38/><U44/><E78/><V130/><F130/><W126/><G126/><T54/><D125/><U9/><E92/><V28/><F28/><W70/><G70/><N who="1" m="26634" /><E64/><V20/><F43/><W97/><REACH who="3" step="1"/><G104/><REACH who="3" ten="265,245,245,235" step="2"/><T109/><D109/><U65/><E118/><V66/><F66/><W49/><G49/><T27/><D67/><U107/><E65/><V83/><F1/><W51/><G51/><T4/><D68/><U114/><E107/><V87/><F35/><W91/><G91/><T117/><D117/><U73/><E114/><V3/><REACH who="2" step="1"/><F83/><REACH who="2" ten="265,245,235,235" step="2"/><W59/><G59/><T124/><D82/><U33/><E0/><V105/><F105/><W113/><G113/><T81/><D124/><U89/><E33/><V16/><F16/><AGARI ba="1,2" hai="11,13,14,16,19,22,23,25,31,72,75,97,98,99" machi="16" ten="40,8000,1" yaku="1,1,54,1,53,3" doraHai="112" doraHaiUra="93" who="3" fromWho="2" sc="265,0,245,0,235,-83,235,103" /><INIT seed="1,0,0,5,1,64" ten="265,245,152,338" oya="1" hai0="72,122,4,101,50,93,70,76,34,67,3,78,31" hai1="111,41,83,2,73,63,17,18,92,126,135,106,112" hai2="132,89,86,24,134,66,14,108,103,13,60,20,102" hai3="30,42,5,116,77,23,120,29,105,43,80,127,16"/><U39/><E112/><V121/><F121/><W104/><G120/><T49/><D122/><U55/><E106/><V48/><F108/><W33/><G5/><T79/><D72/><U46/><E126/><V115/><F115/><W65/><G127/><T94/><D31/><U9/><E135/><V85/><F48/><W35/><G65/><T32/><D4/><N who="1" m="1175" /><E92/><V27/><F66/><W100/><G116/><T95/><D3/><U15/><E15/><V45/><F45/><W118/><G118/><T8/><D8/><U81/><E81/><V26/><F60/><W98/><G105/><T51/><D101/><U128/><E128/><V87/><F89/><W6/><G6/><T125/><D125/><U61/><E111/><V11/><F20/><W129/><G129/><T7/><D7/><U62/><E55/><V37/><F37/><W107/><G104/><T88/><D88/><U58/><E58/><V114/><F114/><W54/><G54/><T44/><D44/><U82/><E82/><V109/><F109/><W119/><G119/><T19/><D19/><U124/><E124/><V0/><F0/><W38/><G30/><T69/><D67/><U91/><E91/><V40/><F11/><W10/><G29/><T59/><D59/><U25/><E25/><V74/><F40/><N who="3" m="15403" /><G38/><T131/><D131/><U99/><E99/><V36/><F36/><W52/><G52/><T110/><D110/><U97/><E97/><V22/><F74/><N who="3" m="43063" /><G10/><T84/><D84/><U75/><E75/><V68/><F134/><W47/><G47/><T57/><D57/><U71/><E71/><AGARI ba="0,0" hai="32,34,49,50,51,69,70,71,76,78,79,93,94,95" machi="71" ten="50,16000,3" yaku="6,1,29,2,28,2,52,3" doraHai="64" who="0" fromWho="1" sc="265,160,245,-160,152,0,338,0" /><INIT seed="2,0,0,3,5,65" ten="425,85,152,338" oya="2" hai0="23,10,76,4,58,132,119,89,122,40,16,43,36" hai1="27,104,8,50,128,114,68,78,42,131,77,34,90" hai2="30,66,82,33,84,95,9,106,135,59,26,3,53" hai3="44,1,24,55,97,101,56,47,19,46,81,75,113"/><V117/><F106/><W112/><G1/><T103/><D122/><U51/><E104/><V94/><F117/><W62/><G75/><T116/><D103/><U2/><E114/><N who="3" m="44138" /><G81/><T32/><D32/><U129/><E90/><V111/><F66/><W91/><G91/><T130/><D76/><U118/><E118/><N who="0" m="45097" /><D130/><U88/><E88/><V98/><F135/><W110/><G110/><T18/><D132/><U52/><E42/><N who="0" m="15913" /><D36/><U64/><E2/><V71/><F111/><W45/><G45/><T127/><D127/><U105/><E105/><V100/><F95/><N who="3" m="58559" /><G19/><T134/><D134/><U57/><E51/><V83/><F84/><W28/><G47/><T5/><D58/><U38/><E38/><V13/><F3/><W12/><G12/><N who="0" m="7191" /><D89/><U120/><E120/><V21/><F33/><AGARI ba="0,0" hai="24,28,33,44,46,55,56,62" m="58559,44138" machi="33" ten="30,1000,0" yaku="11,1" doraHai="65" who="3" fromWho="2" sc="425,0,85,0,152,-10,338,10" /><INIT seed="3,0,0,5,0,74" ten="425,85,142,348" oya="3" hai0="98,56,69,106,92,87,122,127,86,63,59,39,20" hai1="29,100,77,18,107,40,103,47,68,130,133,55,11" hai2="65,44,79,96,25,112,1,95,104,121,101,128,4" hai3="58,72,31,118,19,33,88,85,23,57,109,9,43"/><W110/><G118/><T84/><D122/><U53/><E130/><V83/><F112/><W114/><G72/><T82/><D39/><U80/><E68/><V91/><F65/><W38/><G114/><T22/><D106/><U108/><E108/><N who="3" m="41578" /><G9/><T123/><D123/><U36/><E133/><V116/><F116/><W41/><G31/><T105/><D105/><U134/><E134/><V75/><F25/><N who="3" m="14591" /><G33/><T13/><D69/><U76/><E29/><V26/><F26/><W70/><G70/><T113/><D113/><U42/><E42/><N who="3" m="15882" /><G38/><T78/><D127/><U115/><E115/><V132/><F121/><W12/><G12/><T99/><D13/><U135/><E135/><V90/><F132/><W48/><G48/><T131/><D131/><U52/><E11/><V117/><F128/><W71/><G71/><T15/><D15/><U54/><N who="1" m="13312" /><DORA hai="17" /><U0/><E0/><V16/><F1/><W67/><G67/><N who="0" m="39399" /><D59/><U8/><E8/><V97/><F117/><W50/><G50/><T120/><D120/><U125/><E125/><V49/><F49/><W5/><G5/><T64/><D64/><U94/><E18/><V129/><F16/><W14/><G14/><T51/><D51/><U126/><E126/><V111/><F111/><W102/><G102/><T35/><D35/><U124/><E124/><V46/><F4/><W7/><G7/><T3/><D3/><U66/><E66/><V24/><F129/><W21/><G21/><N who="0" m="8299" /><D92/><AGARI ba="0,0" hai="57,58,85,88,92" m="15882,14591,41578" machi="92" ten="30,11600,0" yaku="14,1,10,1,52,1,54,1" doraHai="74,17" who="3" fromWho="0" sc="425,-116,85,0,142,0,348,116" owari="309,10.9,85,-41.5,142,-25.8,464,56.4" /></mjloggm>