<mjloggm ver="2.3"><GO type="225" lobby="0"/><UN n0="%E7%B4%94%E6%BD%94%E3%83%94%E3%83%A9%E3%83%8B%E3%82%A2" n1="%61%6D%65%6B%69" n2="%E6%A1%9C%E8%8A%B1%E9%96%83%E3%80%85" n3="%E9%89%A2%E5%B7%BB%E3%82%AC%E3%83%96" dan="16,16,18,16" rate="2155.85,2102.64,2288.81,2103.97" sx="M,M,M,M"/><TAIKYOKU oya="0"/><INIT seed="0,0,0,5,3,27" ten="250,250,250,250" oya="0" hai0="131,0,30,108,55,99,34,38,58,105,49,118,56" hai1="35,135,77,119,126,67,68,73,92,53,51,80,85" hai2="5,8,82,9,46,40,98,22,110,42,130,23,29" hai3="123,115,132,91,128,75,95,24,84,69,109,28,6"/><T21/><D118/><U60/><E119/><V25/><F110/><W97/><G115/><T103/><D108/><U111/><E111/><V39/><F130/><W74/><G69/><T89/><D131/><U122/><E122/><V93/><F42/><W125/><G128/><T96/><D38/><U52/><E126/><V86/><F23/><W134/><G125/><T79/><D79/><U14/><E135/><N who="3" m="51754" /><G109/><T11/><D34/><U100/><E35/><V117/><F117/><W43/><G123/><T15/><D0/><U20/><E100/><V31/><F5/><W61/><G61/><T4/><D96/><U120/><E120/><V45/><F45/><W101/><G43/><T78/><D78/><U64/><E64/><V3/><F3/><W104/><G6/><T12/><D89/><U114/><E114/><V63/><F63/><W76/><G76/><T106/><D15/><U70/><E70/><V71/><F31/><W102/><G101/><T124/><D124/><U36/><E36/><V116/><F71/><W113/><G113/><T1/><D1/><U57/><E53/><V37/><F37/><W88/><G91/><T44/><REACH who="0" step="1"/><D105/><REACH who="0" ten="240,250,250,250" step="2"/><U59/><E73/><V13/><F13/><W72/><G75/><T66/><D66/><U65/><E65/><V50/><F39/><W83/><G104/><T7/><D7/><U81/><E77/><N who="2" m="46415" /><F116/><W18/><G18/><T129/><D129/><U112/><E112/><V54/><F40/><W41/><G41/><T87/><D87/><U2/><E2/><V26/><F26/><AGARI ba="0,1" hai="4,11,12,21,26,30,44,49,55,56,58,99,103,106" machi="26" ten="40,3900,0" yaku="1,1,52,1,53,0" doraHai="27" doraHaiUra="121" who="0" fromWho="2" sc="240,49,250,0,250,-39,250,0" /><INIT seed="0,1,0,4,0,11" ten="289,250,211,250" oya="0" hai0="120,43,26,3,110,37,94,59,22,54,99,104,25" hai1="5,58,85,55,131,49,108,60,42,119,71,0,77" hai2="27,122,109,32,113,38,15,117,14,106,12,36,68" hai3="50,134,90,24,87,56,17,80,88,78,107,89,64"/><T100/><D3/><U105/><E119/><V23/><F122/><W74/><G134/><T133/><D120/><U116/><E116/><V66/><F117/><W46/><G107/><T20/><D133/><U65/><E105/><V97/><F113/><W31/><G64/><T128/><D128/><U93/><E131/><V18/><F109/><W132/><G132/><T75/><D75/><U127/><E127/><V57/><F57/><W84/><G56/><T126/><D126/><U70/><E108/><V52/><F52/><W83/><G17/><T72/><D72/><U30/><E30/><N who="2" m="19551" /><F36/><W4/><G4/><T92/><D110/><U111/><E111/><V8/><F8/><W124/><G124/><T130/><D130/><U103/><E5/><V121/><F38/><W47/><G74/><T118/><D118/><U44/><E0/><V6/><F6/><W45/><REACH who="3" step="1"/><G50/><REACH who="3" ten="289,250,211,240" step="2"/><T112/><D112/><U63/><E71/><V29/><F121/><W28/><G28/><T51/><D37/><U98/><E70/><V129/><F29/><W7/><G7/><T34/><D34/><AGARI ba="1,1" hai="24,31,34,45,46,47,78,80,83,84,87,88,89,90" machi="34" ten="40,2600,0" yaku="1,1,54,1,53,0" doraHai="11" doraHaiUra="35" who="3" fromWho="0" sc="289,-29,250,0,211,0,240,39" /><INIT seed="1,0,0,0,2,90" ten="260,250,211,279" oya="1" hai0="80,115,62,26,18,52,114,74,69,97,106,61,122" hai1="121,31,93,81,94,135,43,11,41,119,20,100,91" hai2="129,103,53,28,111,7,30,29,96,75,54,107,99" hai3="10,130,117,48,23,79,2,38,101,77,50,5,24"/><U39/><E39/><V95/><F111/><W19/><G130/><T131/><D131/><U60/><E119/><V89/><F129/><W109/><G38/><T17/><D69/><U15/><E121/><V40/><F75/><W25/><G109/><T44/><D122/><U34/><E34/><V127/><F127/><W85/><G117/><T33/><D74/><U128/><E128/><V110/><F110/><W108/><G108/><T58/><D80/><U65/><E135/><V104/><F40/><N who="1" m="15433" /><E100/><V113/><F113/><W55/><G50/><T126/><D44/><U112/><E112/><V46/><F46/><W68/><G68/><T1/><D1/><U70/><E70/><V87/><F7/><W3/><G3/><T132/><D132/><U86/><E60/><V125/><F125/><W35/><G85/><T78/><D78/><U27/><E65/><V73/><F73/><W8/><G8/><T116/><D126/><U21/><E21/><V36/><F36/><W134/><G101/><AGARI ba="0,0" hai="28,29,30,53,54,87,89,95,96,99,101,103,104,107" machi="101" ten="40,2600,0" yaku="9,1,52,1" doraHai="90" who="2" fromWho="3" sc="260,0,250,0,211,26,279,-26" /><INIT seed="2,0,0,0,5,23" ten="260,250,237,253" oya="2" hai0="42,25,117,129,22,115,45,112,1,67,29,99,50" hai1="105,13,79,36,69,97,119,122,134,100,74,14,87" hai2="109,8,63,66,90,96,89,57,92,120,0,128,91" hai3="6,43,85,123,28,108,19,49,111,113,20,47,59"/><V127/><F120/><W102/><G123/><T21/><D1/><U98/><E119/><V55/><F128/><W82/><G113/><T10/><D117/><U17/><E69/><V132/><F132/><W54/><G28/><T118/><D118/><U56/><E36/><V93/><F127/><W9/><G102/><T107/><D10/><U80/><E134/><V51/><F109/><W84/><G9/><T35/><D67/><U32/><E32/><V88/><F0/><W33/><G33/><T104/><D129/><U27/><E122/><V39/><F39/><W126/><G6/><T116/><D116/><U15/><E97/><V110/><F8/><W12/><G126/><T44/><D35/><U46/><E46/><V130/><F110/><N who="3" m="42027" /><G82/><T16/><D45/><U61/><E74/><V5/><F5/><W11/><G11/><T133/><D133/><U103/><E103/><V95/><REACH who="2" step="1"/><F130/><REACH who="2" ten="260,250,227,253" step="2"/><W77/><G77/><T26/><REACH who="0" step="1"/><D99/><REACH who="0" ten="250,250,227,253" step="2"/><U52/><E98/><V2/><F2/><W3/><G3/><T76/><D76/><U94/><E79/><V7/><F7/><W34/><G34/><T30/><D30/><U37/><E37/><AGARI ba="0,2" hai="12,19,20,37,43,47,49,54,59,84,85" m="42027" machi="37" ten="30,1000,0" yaku="14,1" doraHai="23" who="3" fromWho="1" sc="250,0,250,-10,227,0,253,30" /><INIT seed="3,0,0,5,1,19" ten="250,240,227,283" oya="3" hai0="5,15,113,110,46,59,108,100,44,48,88,68,62" hai1="7,124,11,52,60,119,27,39,9,24,130,109,78" hai2="131,3,117,38,66,90,98,26,123,107,118,56,14" hai3="74,17,83,72,40,99,21,104,75,4,86,55,1"/><W35/><G35/><T41/><D100/><U121/><E39/><V129/><F3/><W51/><G40/><T93/><D113/><U128/><E121/><V36/><F123/><W65/><G65/><T61/><D68/><U85/><E109/><N who="0" m="42089" /><D46/><U134/><E119/><N who="2" m="45579" /><F14/><W69/><G69/><T28/><D28/><U32/><E32/><V37/><F26/><W79/><G104/><T12/><D5/><U13/><E124/><V80/><F80/><W96/><G4/><T126/><D126/><U91/><E78/><V105/><F90/><W31/><G31/><T2/><D2/><U82/><E11/><V54/><F98/><W23/><G1/><T33/><D33/><U49/><E60/><N who="0" m="23145" /><D59/><U45/><E134/><V116/><N who="2" m="45587" /><V71/><DORA hai="20" /><F71/><W114/><G114/><T112/><D112/><U47/><E47/><V64/><F105/><W77/><G77/><T115/><D115/><U57/><E57/><V111/><F107/><W101/><G17/><T106/><D106/><U10/><E10/><V67/><F111/><W22/><G101/><T18/><D18/><U94/><E82/><V63/><AGARI ba="0,0" hai="36,37,38,54,56,63,64,66,67,129,131" m="45587" machi="63" ten="60,4000,0" yaku="34,2" doraHai="19,20" who="2" fromWho="2" sc="250,-10,240,-10,227,40,283,-20" /><INIT seed="4,0,0,1,1,86" ten="240,230,267,263" oya="0" hai0="39,124,17,73,94,113,127,40,97,53,119,70,33" hai1="1,71,114,24,98,57,11,46,48,58,60,101,112" hai2="67,107,126,103,31,63,128,123,38,36,135,109,77" hai3="21,16,43,85,62,132,14,50,91,8,78,125,80"/><T90/><D73/><U99/><E71/><V96/><F123/><W32/><G32/><T118/><D70/><U68/><E68/><V108/><F126/><N who="0" m="48170" /><D33/><U9/><E24/><V115/><F115/><N who="1" m="44073" /><E1/><V64/><F135/><W28/><G132/><T130/><D113/><U7/><E7/><V83/><F31/><W116/><G116/><N who="0" m="44587" /><D130/><U27/><E27/><V79/><F79/><W52/><G28/><T22/><D53/><N who="1" m="33839" /><E58/><V110/><F128/><W25/><G62/><T95/><D40/><N who="1" m="24647" /><E98/><V129/><F129/><W65/><G125/><T121/><D39/><U34/><E34/><V15/><F67/><W66/><G25/><N who="0" m="14543" /><D94/><AGARI ba="0,0" hai="9,11,94,99,101" m="24647,33839,44073" machi="94" ten="30,2000,0" yaku="15,1,11,1" doraHai="86" who="1" fromWho="0" sc="240,-20,230,20,267,0,263,0" /><INIT seed="5,0,0,4,2,61" ten="220,250,267,263" oya="1" hai0="30,24,122,84,31,36,25,94,2,116,75,81,98" hai1="90,63,73,15,37,12,87,34,135,66,134,26,67" hai2="16,18,33,100,42,27,109,95,7,83,127,114,104" hai3="48,74,9,71,97,6,102,130,20,96,88,121,92"/><U59/><E37/><V8/><F109/><W132/><G121/><T57/><D36/><U40/><E40/><V56/><F104/><W62/><G130/><T120/><D2/><U19/><E73/><V13/><F127/><W93/><G74/><T124/><D75/><U117/><E117/><V80/><F42/><W111/><G111/><T14/><D14/><U17/><E34/><V103/><F33/><W54/><G20/><T11/><D11/><U82/><E26/><N who="0" m="10345" /><D116/><U1/><E1/><V35/><F114/><W128/><G128/><T125/><D57/><U107/><E107/><V32/><F100/><W86/><G132/><N who="1" m="50730" /><E12/><V49/><F35/><W51/><G97/><T129/><D129/><U126/><E126/><N who="0" m="48745" /><D98/><U21/><E19/><V89/><F18/><W115/><G115/><T79/><D94/><U10/><E10/><V3/><F3/><W78/><G78/><T45/><D45/><U47/><E47/><V72/><F72/><W112/><G112/><T4/><D4/><U29/><E29/><AGARI ba="0,0" hai="29,30,31,79,81,84,120,122" m="48745,10345" machi="29" ten="30,1000,0" yaku="18,1" doraHai="61" who="0" fromWho="1" sc="220,10,250,-10,267,0,263,0" /><INIT seed="6,0,0,3,0,108" ten="230,240,267,263" oya="2" hai0="68,122,14,70,43,65,114,22,124,83,100,20,5" hai1="42,33,105,52,25,97,93,90,118,130,87,47,82" hai2="60,51,55,16,19,59,8,98,112,133,49,12,28" hai3="116,89,125,92,62,103,66,102,128,41,85,106,30"/><V21/><F112/><W36/><G116/><T7/><D114/><U63/><E130/><V126/><F126/><W115/><G115/><T13/><D100/><U109/><E109/><V76/><F133/><W67/><G67/><T18/><D43/><U24/><E105/><V40/><F76/><W75/><G30/><T78/><D124/><U58/><E33/><V23/><F40/><W129/><G41/><T71/><D65/><U10/><E10/><V35/><F35/><W99/><G36/><T48/><D48/><U107/><E107/><V110/><F110/><W2/><G2/><T17/><REACH who="0" step="1"/><D122/><REACH who="0" ten="220,240,267,263" step="2"/><U121/><E121/><V50/><F50/><W84/><G103/><T45/><D45/><U44/><E118/><V94/><F51/><W11/><G66/><T61/><D61/><U127/><E127/><V34/><F49/><W104/><G62/><T53/><D53/><U72/><E47/><V77/><F55/><W91/><G125/><T26/><D26/><U31/><E31/><V29/><F60/><W120/><G120/><T95/><D95/><U6/><E25/><V86/><F34/><W3/><G106/><T134/><D134/><U37/><E24/><V57/><F57/><W1/><G104/><T15/><D15/><U64/><E64/><V46/><F59/><W69/><G102/><T74/><AGARI ba="0,1" hai="5,7,13,14,17,18,20,22,68,70,71,74,78,83" machi="74" ten="30,4000,0" yaku="1,1,0,1,9,1,53,0" doraHai="108" doraHaiUra="132" who="0" fromWho="0" sc="220,50,240,-10,267,-20,263,-10" /><INIT seed="7,0,0,4,0,120" ten="270,230,247,253" oya="3" hai0="135,127,80,95,123,44,83,60,113,99,27,24,131" hai1="15,37,105,63,89,64,10,48,54,114,74,109,23" hai2="41,47,3,73,46,52,110,82,66,34,90,104,19" hai3="16,72,130,108,106,17,100,28,36,112,133,2,98"/><W118/><RYUUKYOKU type="yao9" ba="0,0" sc="270,0,230,0,247,0,253,0" hai3="2,16,17,28,36,72,98,100,106,108,112,118,130,133" /><INIT seed="7,1,0,1,2,107" ten="270,230,247,253" oya="3" hai0="118,15,131,125,46,69,95,83,1,11,37,72,33" hai1="52,98,101,97,45,26,55,12,24,6,71,89,43" hai2="42,87,25,8,44,110,64,88,50,94,111,53,134" hai3="18,49,86,126,116,14,114,10,28,58,76,48,123"/><W17/><G116/><T62/><D118/><U7/><E71/><V108/><F134/><W70/><G123/><T13/><D33/><U27/><E89/><V35/><F64/><W32/><G70/><T85/><D125/><U135/><E135/><V102/><F102/><W36/><G36/><T78/><D131/><U56/><E12/><V31/><REACH who="2" step="1"/><F8/><REACH who="2" ten="270,230,237,253" step="2"/><W22/><G10/><T66/><D11/><U109/><E109/><V93/><F93/><W5/><G126/><T0/><D95/><N who="1" m="58559" /><E98/><V39/><F39/><W129/><G129/><T75/><D37/><U100/><E100/><V106/><F106/><W38/><G38/><T29/><D66/><U132/><E132/><V20/><F20/><W40/><G22/><T96/><D96/><U63/><E43/><AGARI ba="1,1" hai="25,31,35,42,43,44,50,53,87,88,94,108,110,111" machi="43" ten="40,2600,0" yaku="1,1,54,1,53,0" doraHai="107" doraHaiUra="9" who="2" fromWho="1" sc="270,0,230,-29,237,39,253,0" owari="270,7.0,201,-29.9,276,37.6,253,-14.7" /></mjloggm>