<mjloggm ver="2.3"><GO type="225" lobby="0"/><UN n0="%E3%81%BF%E3%81%BF%E3%81%9A" n1="%E8%BE%9B%E5%8F%A3%E3%82%AB%E3%83%AC%E3%83%BC%E3%83%A9%E3%82%A4%E3%82%B9" n2="%E3%83%94%E3%83%B3%E3%82%B5%E3%83%AD%E5%BA%97%E5%93%A1" n3="%4D%6F%6E%61%6E%61" dan="18,18,16,16" rate="2241.27,2257.24,2206.76,2126.94" sx="M,M,M,F"/><TAIKYOKU oya="0"/><INIT seed="0,0,0,5,2,99" ten="250,250,250,250" oya="0" hai0="109,59,114,65,93,88,83,66,69,33,102,105,61" hai1="20,25,110,121,50,123,81,42,47,44,37,89,19" hai2="87,41,6,24,132,91,38,54,32,26,118,40,52" hai3="126,106,18,70,10,95,13,58,45,2,77,17,90"/><T8/><D114/><U39/><E110/><V21/><F132/><W108/><G70/><T84/><D33/><U98/><E39/><V125/><F125/><W128/><G128/><T31/><D31/><U97/><E97/><V34/><F6/><W36/><G126/><T94/><D109/><U104/><E81/><V116/><F38/><W62/><G108/><T28/><D28/><U80/><E80/><V120/><F120/><W14/><G106/><T78/><D105/><U100/><REACH who="1" step="1"/><E89/><REACH who="1" ten="250,240,250,250" step="2"/><V29/><F91/><W130/><G130/><T22/><D94/><U23/><E23/><V113/><F113/><W133/><G133/><T92/><D93/><U5/><E5/><V4/><F4/><W9/><G95/><T51/><D8/><U1/><E1/><V53/><F87/><W112/><G90/><T11/><D11/><U134/><E134/><V119/><REACH who="2" step="1"/><F32/><REACH who="2" ten="250,240,240,250" step="2"/><W124/><G124/><T107/><D84/><U101/><E101/><V127/><F127/><W46/><G112/><T7/><D102/><U49/><E49/><V79/><F79/><W75/><G77/><T16/><D78/><U12/><E12/><V60/><F60/><W111/><G62/><T15/><D61/><U64/><E64/><V55/><N who="2" m="13312" /><DORA hai="57" /><V76/><F76/><W63/><G111/><T43/><D66/><U71/><E71/><V35/><F35/><W115/><G115/><T85/><D65/><U72/><E72/><V48/><F48/><W30/><G75/><T117/><D69/><U122/><E122/><V103/><F103/><W56/><G63/><T67/><D51/><RYUUKYOKU ba="0,2" sc="250,-15,240,15,240,15,250,-15" hai1="19,20,25,37,42,44,47,50,98,100,104,121,123" hai2="21,24,26,29,34,40,41,116,118,119" /><INIT seed="1,1,2,3,1,103" ten="235,255,255,235" oya="1" hai0="73,95,14,82,6,43,56,104,132,99,42,75,39" hai1="83,121,61,76,48,55,63,131,58,77,85,16,47" hai2="86,49,80,114,119,60,1,35,74,70,91,2,19" hai3="29,87,120,102,11,108,92,38,111,101,32,21,46"/><U5/><E131/><V52/><F119/><W26/><G120/><T127/><D104/><U41/><E121/><V20/><F35/><W44/><G11/><T128/><D128/><U18/><E5/><V22/><F74/><W45/><G38/><T8/><D127/><U133/><E133/><V3/><F114/><W34/><G101/><T69/><D69/><U105/><E105/><V54/><F19/><W135/><G135/><T13/><D132/><U64/><REACH who="1" step="1"/><E76/><REACH who="1" ten="235,245,255,235" step="2"/><V123/><F123/><W109/><REACH who="3" step="1"/><G102/><REACH who="3" ten="235,245,255,225" step="2"/><T81/><D6/><U129/><E129/><V107/><F107/><W122/><G122/><T115/><D115/><U51/><E51/><V116/><F116/><W106/><G106/><T67/><D39/><U112/><E112/><V37/><F37/><W124/><G124/><T10/><D10/><U97/><E97/><V40/><F49/><W72/><G72/><T62/><D99/><U118/><E118/><V117/><F117/><W27/><G27/><T9/><D75/><U7/><E7/><V126/><F126/><W59/><G59/><AGARI ba="1,4" hai="16,18,41,47,48,55,58,59,61,63,64,77,83,85" machi="59" ten="30,12000,1" yaku="1,1,7,1,8,1,54,1,53,1" doraHai="103" doraHaiUra="79" who="1" fromWho="3" sc="235,0,245,163,255,0,225,-123" /><INIT seed="1,2,0,4,2,103" ten="235,408,255,102" oya="1" hai0="100,116,20,94,25,78,28,127,134,38,7,111,0" hai1="72,10,81,129,49,37,90,53,85,43,86,55,64" hai2="121,19,89,122,67,123,40,105,8,75,114,59,132" hai3="34,48,120,109,62,65,96,57,9,21,51,29,95"/><U56/><E129/><V93/><F75/><W125/><G120/><T2/><D116/><U102/><E72/><V133/><F40/><W50/><G109/><T117/><D117/><U91/><E102/><V101/><F67/><W61/><G125/><T60/><D127/><U36/><E43/><V35/><F35/><W83/><G34/><T5/><D38/><U77/><E77/><V3/><F59/><W69/><G83/><T44/><D111/><U130/><E130/><V124/><F124/><W12/><G21/><T15/><D44/><U33/><E33/><V112/><F19/><W110/><G29/><T128/><D128/><U63/><E10/><V119/><F119/><W92/><G110/><T70/><D134/><N who="2" m="51818" /><F3/><W113/><G113/><N who="2" m="43625" /><F8/><W26/><G26/><T13/><D0/><U1/><E1/><V135/><N who="2" m="51826" /><V74/><DORA hai="52" /><F74/><W46/><G46/><T54/><D2/><U104/><E55/><V39/><F39/><W107/><G69/><T17/><D70/><U18/><E18/><V97/><F89/><W98/><G62/><T32/><D13/><U99/><E36/><V45/><F45/><W115/><G115/><T108/><D108/><U118/><E37/><V88/><F121/><W66/><G65/><T41/><D41/><U42/><E42/><V23/><F23/><W76/><G76/><T84/><D78/><U27/><E64/><V4/><F4/><W14/><G9/><T24/><D24/><U30/><E27/><V79/><F79/><W11/><G11/><T73/><D73/><U31/><E31/><V126/><F126/><RYUUKYOKU ba="2,0" sc="235,-10,408,-10,255,30,102,-10" hai2="88,93,97,101,105,122,123" /><INIT seed="2,3,0,1,2,50" ten="225,398,285,92" oya="2" hai0="116,134,112,88,131,68,0,85,66,104,90,107,132" hai1="125,44,77,79,119,21,19,124,14,108,56,63,32" hai2="118,43,127,123,103,3,100,64,29,81,114,122,130" hai3="121,105,7,46,113,95,96,80,92,111,67,61,117"/><V37/><F114/><W30/><G111/><T120/><D0/><U13/><E108/><V128/><F118/><W17/><G113/><T48/><D112/><U72/><E119/><V102/><F3/><W78/><G117/><T15/><D116/><U94/><E32/><V36/><F64/><W53/><G121/><N who="2" m="46089" /><F29/><W28/><G7/><T86/><D120/><U42/><E94/><V59/><F43/><W11/><G105/><T62/><D131/><N who="2" m="50218" /><F81/><W133/><G133/><N who="0" m="51307" /><D15/><U31/><E13/><V60/><F127/><N who="1" m="48713" /><E31/><V52/><AGARI ba="3,0" hai="36,37,52,59,60,100,102,103" m="50218,46089" machi="52" ten="40,7800,0" yaku="19,1,52,1,54,1" doraHai="50" who="2" fromWho="2" sc="225,-29,398,-29,285,87,92,-29" /><INIT seed="2,4,0,4,2,13" ten="196,369,372,63" oya="2" hai0="44,37,112,62,40,114,106,89,10,19,45,4,61" hai1="41,30,21,101,35,59,123,97,126,55,125,60,91" hai2="63,32,15,47,98,57,3,16,104,1,71,14,9" hai3="111,76,83,93,43,53,132,120,118,79,8,110,66"/><V26/><F47/><W119/><G43/><T81/><D106/><U127/><E123/><V27/><F27/><W49/><G120/><T20/><D44/><U6/><E41/><V88/><F15/><W0/><G132/><T42/><D40/><U115/><E115/><V5/><F5/><W129/><G66/><T22/><D22/><U7/><E35/><V107/><F107/><W94/><G129/><T58/><D62/><U56/><E91/><V69/><F69/><W86/><G8/><T113/><D89/><U85/><E85/><V103/><F88/><N who="3" m="51295" /><G53/><T31/><D81/><U33/><E33/><V105/><F105/><W131/><G0/><T2/><D31/><U135/><E135/><V28/><REACH who="2" step="1"/><F71/><REACH who="2" ten="196,369,362,63" step="2"/><W39/><G131/><T78/><D113/><U82/><E82/><V95/><F95/><N who="3" m="36363" /><G39/><T54/><REACH who="0" step="1"/><D78/><REACH who="0" ten="186,369,362,63" step="2"/><N who="3" m="29737" /><G49/><T64/><D64/><AGARI ba="4,2" hai="1,3,9,14,16,26,28,32,57,63,64,98,103,104" machi="64" ten="30,11600,0" yaku="1,1,7,1,52,1,54,1,53,0" doraHai="13" doraHaiUra="121" who="2" fromWho="0" sc="186,-128,369,0,362,148,63,0" /><INIT seed="2,5,0,5,3,78" ten="58,369,510,63" oya="2" hai0="97,74,118,129,32,4,50,101,106,5,95,29,132" hai1="73,91,26,83,24,67,84,1,35,126,70,109,115" hai2="90,61,45,40,113,135,34,72,77,46,123,54,122" hai3="49,9,57,112,62,99,119,82,21,8,86,22,12"/><V63/><F34/><W80/><G119/><T81/><D118/><U117/><E115/><V11/><F113/><W65/><G112/><T16/><D132/><U13/><E117/><V59/><F135/><W10/><G86/><T108/><D108/><U60/><E1/><V3/><F46/><W133/><G133/><T124/><D124/><U7/><E109/><V131/><F131/><W92/><G49/><T128/><D50/><U125/><E73/><V18/><F90/><W75/><G75/><T39/><D39/><U93/><E35/><V127/><F63/><W44/><G44/><T58/><D58/><U71/><E71/><V79/><F79/><W98/><G98/><T111/><D111/><U36/><E36/><N who="2" m="21639" /><F18/><N who="3" m="10439" /><G22/><T15/><D29/><U68/><E68/><V88/><F88/><AGARI ba="5,0" hai="8,9,10,57,62,65,80,82,88,92,99" m="10439" machi="88" ten="30,7700,0" yaku="8,1,52,2,54,1" doraHai="78" who="3" fromWho="2" sc="58,0,369,0,510,-92,63,92" /><INIT seed="3,0,0,2,4,30" ten="58,369,418,155" oya="3" hai0="122,74,14,62,22,107,13,109,77,82,83,130,105" hai1="19,111,91,68,135,97,120,89,104,23,125,126,4" hai2="93,119,117,41,127,36,33,70,58,72,18,131,38" hai3="98,56,52,99,65,44,7,76,1,8,11,71,32"/><W96/><G76/><T133/><D122/><U114/><E120/><V10/><F33/><W106/><G44/><T110/><D133/><U90/><E68/><V47/><F70/><W79/><G79/><T43/><D43/><U51/><E4/><V128/><F72/><W26/><G11/><T45/><D45/><U12/><E114/><V46/><F127/><W121/><G121/><T54/><D130/><N who="2" m="49706" /><F58/><W86/><G86/><T73/><D77/><U16/><E135/><V29/><F29/><W94/><G106/><T102/><D22/><U21/><E111/><V66/><F66/><W129/><G129/><T6/><D62/><U115/><E115/><V112/><F112/><W50/><G65/><T34/><D6/><U67/><E67/><V118/><F93/><W17/><G71/><T40/><D40/><U49/><E125/><V84/><F84/><W95/><REACH who="3" step="1"/><G17/><REACH who="3" ten="58,369,418,145" step="2"/><T42/><D42/><U132/><E126/><V60/><F46/><W25/><G25/><T124/><D124/><U63/><E132/><V108/><F38/><W61/><G61/><T75/><D75/><U80/><E63/><V78/><F78/><W87/><G87/><T37/><D37/><U88/><N who="1" m="22528" /><DORA hai="116" /><U20/><E80/><V123/><F123/><W101/><G101/><T113/><D113/><U28/><E19/><V5/><F60/><W48/><G48/><T57/><D57/><U103/><REACH who="1" step="1"/><E28/><AGARI ba="0,1" hai="1,7,8,26,28,32,50,52,56,94,95,96,98,99" machi="28" ten="40,12000,1" yaku="1,1,52,1,54,1,53,2" doraHai="30,116" doraHaiUra="55,2" who="3" fromWho="1" sc="58,0,369,-120,418,0,145,130" /><INIT seed="3,1,0,0,4,118" ten="58,249,418,275" oya="3" hai0="83,74,78,117,20,23,63,9,108,90,4,102,54" hai1="11,29,13,134,44,72,127,41,112,89,49,35,113" hai2="64,130,110,0,67,100,114,128,111,98,33,119,76" hai3="19,105,58,88,38,1,109,28,116,31,133,77,65"/><W124/><G105/><T107/><D117/><U103/><E134/><V16/><F119/><W92/><G38/><T97/><D108/><N who="2" m="41514" /><F114/><W69/><G109/><T122/><D63/><U24/><E127/><V56/><F33/><W10/><G124/><T46/><D54/><U43/><E72/><V132/><F0/><W45/><G69/><T27/><D23/><U115/><E103/><V42/><F132/><W135/><G116/><T25/><D25/><U12/><E89/><V70/><F70/><W101/><G45/><T82/><D82/><U66/><E66/><N who="2" m="25131" /><F56/><W129/><G133/><T48/><D48/><U106/><E106/><N who="2" m="63767" /><F76/><W131/><G77/><T53/><D53/><U57/><E57/><V32/><F32/><W8/><G135/><T18/><D46/><U96/><E96/><V30/><F30/><W14/><G28/><T52/><D52/><U126/><E126/><V86/><F86/><W3/><G31/><T123/><D90/><U5/><REACH who="1" step="1"/><E43/><REACH who="1" ten="58,239,418,275" step="2"/><V91/><F91/><W81/><G101/><T68/><REACH who="0" step="1"/><D68/><REACH who="0" ten="48,239,418,275" step="2"/><U55/><E55/><V95/><F42/><W121/><G65/><T125/><D125/><U93/><E93/><V62/><F95/><W71/><G71/><T22/><D22/><U104/><E104/><V26/><F62/><W51/><G92/><T40/><D40/><U94/><E94/><V79/><F79/><W47/><G81/><T17/><D17/><U85/><E85/><V99/><F99/><W21/><G88/><T2/><AGARI ba="1,2" hai="2,4,9,18,20,27,74,78,83,97,102,107,122,123" machi="2" ten="20,8000,1" yaku="1,1,0,1,7,1,52,2,53,0" doraHai="118" doraHaiUra="37" who="0" fromWho="0" sc="48,103,239,-21,418,-21,275,-41" owari="151,-34.9,218,-18.2,397,49.7,234,3.4" /></mjloggm>