<mjloggm ver="2.3"><GO type="225" lobby="0"/><UN n0="%E3%83%97%E3%83%AC%E3%83%B4%E3%82%A1%E3%83%86%E3%82%A3" n1="%E6%9A%87%E4%BA%BA%EF%BC%A0%E9%85%8D%E4%BF%A1%E5%9E%A2" n2="%E3%82%BC%E3%83%AB%E3%83%80%E3%81%AE%E4%BC%9D%E8%AA%AC" n3="%E3%81%86%E3%83%BC%E3%81%B1%E3%83%BC" dan="16,17,17,16" rate="2122.17,2184.77,2254.11,2122.03" sx="F,M,M,F"/><TAIKYOKU oya="0"/><INIT seed="0,0,0,0,5,92" ten="250,250,250,250" oya="0" hai0="125,55,123,44,63,51,50,37,57,45,76,96,49" hai1="75,35,28,41,88,16,84,27,47,17,30,102,127" hai2="131,135,46,60,93,107,133,66,34,121,97,31,106" hai3="23,26,29,40,54,120,18,119,5,100,43,132,8"/><T83/><D123/><U56/><E75/><V3/><F121/><W4/><G120/><T115/><D115/><U99/><E127/><V109/><F109/><W61/><G132/><N who="2" m="50761" /><F131/><W22/><G119/><T71/><D125/><U25/><E56/><N who="2" m="37127" /><F3/><W126/><G100/><T10/><D37/><U48/><E84/><V94/><F94/><W105/><G105/><T134/><D134/><U113/><E113/><V108/><F108/><W65/><G54/><T0/><D71/><U9/><E9/><V101/><F46/><W130/><G130/><T33/><D33/><U81/><E81/><V58/><F58/><N who="3" m="37047" /><G126/><T124/><D124/><U118/><E118/><V7/><F7/><N who="3" m="2635" /><G8/><T38/><D10/><U90/><E17/><V117/><F117/><W2/><G2/><T111/><D0/><U95/><REACH who="1" step="1"/><E16/><REACH who="1" ten="250,240,250,250" step="2"/><V62/><F62/><W67/><G67/><T15/><D111/><U19/><E19/><V52/><F31/><W12/><AGARI ba="0,1" hai="12,18,22,23,26,29,40,43" m="2635,37047" machi="12" ten="30,1100,0" yaku="8,1" doraHai="92" who="3" fromWho="3" sc="250,-5,240,-3,250,-3,250,21" /><INIT seed="1,0,0,4,3,31" ten="245,237,247,271" oya="1" hai0="109,39,96,27,85,48,25,112,95,91,64,66,46" hai1="22,73,6,74,8,49,60,7,63,115,93,79,14" hai2="38,123,34,55,127,45,32,3,72,58,54,113,78" hai3="28,84,118,134,59,90,97,107,42,81,29,56,52"/><U130/><E115/><V133/><F123/><W5/><G134/><T37/><D112/><U75/><E130/><V87/><F113/><W33/><G118/><T100/><D109/><U129/><E129/><V114/><F114/><W15/><G42/><T103/><D37/><U36/><E36/><V9/><F87/><W82/><G107/><T26/><D39/><U125/><E125/><V20/><F20/><W62/><G97/><T17/><D17/><U10/><E79/><V47/><F133/><W12/><G33/><N who="2" m="12905" /><F45/><W65/><G82/><T71/><D71/><U117/><E117/><V13/><F13/><N who="3" m="5195" /><G5/><T102/><REACH who="0" step="1"/><D96/><REACH who="0" ten="235,237,247,271" step="2"/><U119/><E119/><V104/><F127/><W11/><G11/><T120/><D120/><U4/><E10/><V18/><F18/><W53/><G53/><AGARI ba="0,1" hai="25,26,27,46,48,53,64,66,85,91,95,100,102,103" machi="53" ten="40,2600,0" yaku="1,1,8,1,53,0" doraHai="31" doraHaiUra="108" who="0" fromWho="3" sc="235,36,237,0,247,0,271,-26" /><INIT seed="2,0,0,1,4,89" ten="271,237,247,245" oya="2" hai0="86,101,125,30,69,117,20,11,47,34,135,0,133" hai1="61,16,84,9,41,43,93,96,8,5,55,50,106" hai2="23,128,119,40,58,122,3,95,123,104,70,28,2" hai3="94,26,52,102,36,39,131,42,110,126,115,15,83"/><V51/><F104/><W17/><G110/><T134/><D69/><U114/><E114/><V48/><F119/><W57/><G115/><T105/><D117/><U91/><E61/><V35/><F70/><W10/><G131/><T62/><D62/><U67/><E67/><V116/><F116/><W129/><G129/><T109/><D109/><U59/><E106/><V92/><F128/><W88/><G126/><T75/><D75/><U44/><E44/><V53/><F23/><N who="3" m="13679" /><G39/><T77/><D125/><U14/><REACH who="1" step="1"/><E96/><REACH who="1" ten="271,227,247,245" step="2"/><V64/><F64/><W19/><G36/><T65/><D65/><U45/><E45/><V87/><F122/><W107/><G107/><T37/><D47/><U22/><E22/><V130/><F123/><W85/><G42/><T121/><D37/><U31/><E31/><V99/><F130/><W24/><G57/><T12/><D121/><U72/><E72/><V29/><F99/><N who="3" m="59767" /><G52/><T113/><D113/><U112/><E112/><V90/><F40/><W68/><G68/><T103/><D105/><U78/><E78/><V66/><F66/><W63/><G63/><T82/><D34/><U97/><E97/><V32/><F53/><W76/><G76/><T21/><D30/><U120/><E120/><V73/><F73/><W111/><G111/><T127/><D127/><U4/><E4/><V54/><F54/><W132/><G132/><T49/><D49/><U13/><AGARI ba="0,1" hai="5,8,9,13,14,16,41,43,50,55,59,84,91,93" machi="13" ten="20,12000,2" yaku="1,1,0,1,7,1,8,1,52,1,54,1,53,0" doraHai="89" doraHaiUra="74" who="1" fromWho="1" sc="271,-30,227,130,247,-60,245,-30" /><INIT seed="3,0,0,1,5,41" ten="241,357,187,215" oya="3" hai0="84,15,66,112,105,79,103,113,5,57,92,109,89" hai1="101,43,6,60,87,96,74,106,91,69,23,52,37" hai2="97,67,121,132,68,134,108,125,55,65,127,16,75" hai3="111,10,126,11,0,17,95,70,88,85,76,93,42"/><W130/><G70/><T78/><D5/><U35/><E35/><V4/><F75/><W28/><G130/><T98/><D15/><U128/><E128/><V90/><F4/><W49/><G126/><N who="2" m="48137" /><F108/><W58/><G111/><T116/><D109/><U53/><E74/><V64/><F68/><W38/><G76/><T131/><D131/><U61/><E6/><V30/><F30/><W31/><G0/><T21/><D21/><U19/><E43/><V110/><F110/><W1/><G1/><T122/><D66/><N who="2" m="16898" /><V86/><DORA hai="34" /><F121/><W114/><G114/><N who="0" m="44139" /><D57/><U77/><E37/><V82/><F97/><W47/><G38/><T104/><D122/><U54/><E77/><N who="0" m="29193" /><D116/><U8/><E8/><N who="3" m="3114" /><G58/><T94/><AGARI ba="0,0" hai="84,89,92,94,98,103,104,105" m="29193,44139" machi="94" ten="30,4000,0" yaku="11,1,34,2" doraHai="41,34" who="0" fromWho="0" sc="241,40,357,-10,187,-10,215,-20" owari="281,8.1,347,44.7,177,-32.3,195,-20.5" /></mjloggm>