<mjloggm ver="2.3"><GO type="225" lobby="0"/><UN n0="%E3%81%99%E3%81%84%E3%81%BE%E3%81%9B%E3%83%BC%E3%82%93" n1="%E3%82%B2%E3%82%B9%E8%8C%82%E5%8B%9D" n2="%6D%75%75%6D%75%72%61" n3="%E3%81%AF%E3%82%88%E3%81%8A%E3%81%98%E3%81%95%E3%82%93" dan="17,16,17,17" rate="2222.72,2010.81,2190.91,2149.82" sx="M,F,F,M"/><TAIKYOKU oya="0"/><INIT seed="0,0,0,3,0,113" ten="250,250,250,250" oya="0" hai0="67,90,64,45,120,112,86,13,77,125,115,79,88" hai1="38,124,20,99,32,30,53,96,1,0,42,114,16" hai2="28,69,52,46,70,82,128,110,129,100,87,133,62" hai3="29,78,54,40,11,57,132,97,6,106,63,119,89"/><T80/><D120/><U31/><E124/><V71/><F110/><W92/><G132/><T60/><D125/><U17/><E114/><V58/><F133/><W25/><G106/><T61/><D45/><U98/><E53/><V9/><F100/><W108/><G108/><T107/><D107/><U66/><E66/><V94/><F94/><W43/><G78/><T23/><D80/><U35/><E20/><V65/><F28/><N who="1" m="10793" /><E42/><V44/><F9/><W24/><G119/><T51/><D23/><U104/><E38/><V109/><F109/><W123/><G123/><T26/><D51/><U39/><E39/><V55/><F55/><W134/><G134/><T49/><D49/><U56/><E56/><V47/><REACH who="2" step="1"/><F65/><REACH who="2" ten="250,250,240,250" step="2"/><W14/><REACH who="3" step="1"/><G24/><REACH who="3" ten="250,250,240,240" step="2"/><T48/><D26/><U126/><E104/><V68/><N who="2" m="17408" /><DORA hai="117" /><V127/><F127/><W34/><AGARI ba="0,2" hai="6,11,14,25,29,34,40,43,54,57,63,89,92,97" machi="34" ten="20,5200,0" yaku="1,1,0,1,7,1,53,1" doraHai="113,117" doraHaiUra="131,10" who="3" fromWho="3" sc="250,-26,250,-13,240,-13,240,72" /><INIT seed="1,0,0,4,3,7" ten="224,237,227,312" oya="1" hai0="113,45,25,35,30,84,18,65,82,102,120,92,68" hai1="105,131,10,22,0,69,133,114,47,77,4,2,62" hai2="94,16,48,57,125,60,73,78,90,67,112,74,17" hai3="117,79,116,32,132,119,75,8,130,28,88,26,19"/><U91/><E114/><V23/><F112/><W100/><G130/><T128/><D113/><U81/><E131/><V33/><F125/><W80/><G132/><T59/><D128/><U11/><E133/><V96/><F33/><W20/><G100/><T54/><D120/><U87/><E105/><V99/><F78/><W122/><G122/><T21/><D45/><U51/><E22/><V97/><F48/><W31/><G32/><T95/><D102/><U42/><E77/><V46/><F46/><W39/><G39/><T3/><D3/><U53/><E69/><V121/><F121/><W71/><G71/><T9/><D65/><U104/><E104/><V135/><F135/><W41/><G41/><T89/><D68/><U27/><E27/><V129/><F129/><W108/><G108/><T61/><D9/><U43/><E62/><V29/><F29/><W52/><G8/><T127/><D127/><U64/><E64/><V72/><REACH who="2" step="1"/><F17/><REACH who="2" ten="224,237,217,312" step="2"/><W40/><G28/><T44/><D44/><U1/><E1/><V111/><F111/><W115/><G31/><T123/><D123/><U56/><E47/><V36/><F36/><W13/><G115/><T110/><D110/><U83/><E81/><V93/><F93/><W70/><G80/><T106/><D106/><U34/><E34/><V58/><F58/><W134/><G134/><T38/><D38/><U109/><E109/><V98/><F98/><W126/><G126/><T24/><AGARI ba="0,1" hai="18,21,24,25,30,35,54,59,61,82,84,89,92,95" machi="24" ten="20,1500,0" yaku="0,1,7,1" doraHai="7" who="0" fromWho="0" sc="224,25,237,-7,217,-4,312,-4" /><INIT seed="2,0,0,0,0,19" ten="249,230,213,308" oya="2" hai0="36,11,81,31,99,42,50,86,129,59,117,37,53" hai1="127,55,91,25,119,46,7,73,60,80,51,57,77" hai2="114,113,1,56,132,87,111,33,68,107,38,39,24" hai3="49,2,0,100,52,121,92,5,83,94,63,74,10"/><V104/><F68/><W27/><G121/><T17/><D129/><U120/><E127/><V23/><F33/><W97/><G63/><T78/><D117/><U122/><E119/><V54/><F1/><W35/><G0/><T76/><D76/><U43/><E7/><V126/><F126/><W88/><G74/><T8/><D31/><U16/><REACH who="1" step="1"/><E91/><REACH who="1" ten="249,220,213,308" step="2"/><V15/><F113/><W47/><G5/><T79/><D79/><U125/><E125/><V58/><F114/><W133/><G88/><T69/><D78/><U71/><E71/><V90/><F90/><W14/><G2/><T4/><D4/><U3/><E3/><V123/><F123/><W96/><G133/><T6/><D6/><U118/><E118/><V29/><F132/><W21/><G35/><T62/><D69/><U134/><E134/><V84/><F84/><W61/><G97/><T48/><D99/><U12/><E12/><V98/><F87/><W9/><G14/><T65/><D86/><U32/><E32/><V22/><F98/><W124/><G124/><T102/><D81/><U20/><AGARI ba="0,1" hai="16,20,25,43,46,51,55,57,60,73,77,80,120,122" machi="20" ten="30,7900,0" yaku="1,1,0,1,52,1,54,1,53,0" doraHai="19" doraHaiUra="128" who="1" fromWho="1" sc="249,-20,220,89,213,-39,308,-20" /><INIT seed="3,0,0,0,1,104" ten="229,309,174,288" oya="3" hai0="122,102,4,76,9,112,21,58,56,36,100,132,86" hai1="107,48,52,119,16,15,81,14,66,57,75,95,111" hai2="67,62,110,105,84,0,109,7,92,35,79,70,130" hai3="135,61,96,93,114,41,39,22,29,71,64,49,94"/><W78/><G114/><T89/><D122/><U60/><E107/><V11/><F105/><W101/><G135/><T116/><D36/><U6/><E119/><V91/><F130/><W26/><G39/><T63/><D116/><U33/><E111/><V87/><F35/><W12/><G78/><T25/><D76/><U59/><E33/><V40/><F40/><W47/><G12/><N who="0" m="5159" /><D132/><U120/><E120/><V43/><F43/><W90/><G90/><T51/><D51/><U77/><E6/><V31/><F31/><W34/><G22/><T74/><D74/><U8/><E14/><V38/><F38/><W17/><G17/><N who="0" m="12463" /><D112/><U99/><E99/><V80/><F109/><W44/><G47/><T19/><D19/><U2/><REACH who="1" step="1"/><E95/><AGARI ba="0,0" hai="26,29,34,41,44,49,61,64,71,93,94,95,96,101" machi="95" ten="30,1500,0" yaku="7,1" doraHai="104" who="3" fromWho="1" sc="229,0,309,-15,174,0,288,15" owari="229,-17.1,294,9.4,174,-32.6,303,40.3" /></mjloggm>