<mjloggm ver="2.3"><GO type="225" lobby="0"/><UN n0="%E3%81%BF%E3%81%BF%E3%81%9A" n1="%E3%81%BE%E3%81%A8%E3%81%9F" n2="%E3%83%AB%E3%83%9B%E3%83%B3%E3%83%87%E3%82%A3%E3%82%A8" n3="%72%65%6E%6B%75%6E" dan="16,16,17,17" rate="2126.68,2116.12,2210.84,2258.87" sx="M,M,M,M"/><TAIKYOKU oya="0"/><INIT seed="0,0,0,0,3,96" ten="250,250,250,250" oya="0" hai0="14,116,11,70,64,92,21,4,79,62,115,67,46" hai1="30,49,40,126,48,120,91,98,100,22,75,128,121" hai2="51,59,52,35,125,45,47,18,39,82,83,55,101" hai3="25,1,27,6,130,112,135,54,78,106,81,12,87"/><T44/><D115/><U73/><E40/><V118/><F35/><W105/><G112/><T76/><D116/><U33/><E33/><V95/><F125/><W42/><G42/><T107/><D107/><U24/><E128/><V0/><F0/><W134/><G1/><T26/><D64/><U38/><E38/><V23/><F118/><W2/><G2/><T72/><D92/><U117/><E117/><V133/><F133/><N who="3" m="50699" /><G130/><T85/><D85/><U88/><E75/><V31/><F31/><W66/><G66/><T69/><D70/><U8/><E73/><V89/><F101/><W84/><G84/><T57/><D69/><U36/><E36/><V58/><F39/><W114/><G54/><T43/><D72/><U9/><E126/><V28/><F28/><W15/><G15/><T108/><D108/><U124/><E124/><V63/><F82/><W34/><G34/><T71/><D71/><U123/><E8/><V61/><F51/><W20/><G114/><T111/><D111/><U93/><E9/><V129/><F83/><W113/><G113/><T102/><D102/><U68/><E68/><V37/><F37/><W5/><G27/><T32/><D32/><U103/><E100/><V41/><F41/><W50/><G50/><N who="0" m="26911" /><D46/><U80/><E80/><V16/><F129/><W17/><G25/><T90/><D90/><U127/><E127/><V10/><F89/><W122/><G122/><T97/><D97/><U19/><E30/><AGARI ba="0,0" hai="4,11,14,21,26,30,57,62,67,76,79" m="26911" machi="30" ten="30,1500,0" yaku="8,1" doraHai="96" who="0" fromWho="1" sc="250,15,250,-15,250,0,250,0" /><INIT seed="0,1,0,1,4,103" ten="265,235,250,250" oya="0" hai0="95,128,17,127,29,71,53,113,99,67,20,126,62" hai1="102,33,68,118,106,111,117,45,114,89,79,43,82" hai2="46,6,23,24,101,84,13,94,54,81,8,65,10" hai3="133,73,40,100,26,76,116,47,110,41,1,49,96"/><T88/><D113/><U34/><E68/><V124/><F124/><N who="0" m="47658" /><D128/><U28/><E111/><V42/><F65/><W119/><G1/><T30/><D53/><U83/><E114/><V55/><F8/><W52/><G110/><T18/><D18/><U4/><E4/><V87/><F94/><W64/><G64/><T61/><D62/><U60/><E60/><V35/><F35/><W80/><G133/><T14/><AGARI ba="1,0" hai="14,17,20,29,30,61,67,71,88,95,99" m="47658" machi="14" ten="30,3000,0" yaku="18,1,54,1" doraHai="103" who="0" fromWho="0" sc="265,33,235,-11,250,-11,250,-11" /><INIT seed="0,2,0,3,2,107" ten="298,224,239,239" oya="0" hai0="119,126,27,68,77,96,108,90,80,93,58,131,70" hai1="15,20,99,53,29,24,5,21,128,39,130,133,63" hai2="52,23,38,116,49,0,135,51,37,55,2,67,109" hai3="124,60,97,117,35,42,56,71,18,78,69,75,44"/><T88/><D119/><U102/><E39/><V105/><F105/><W45/><G35/><T10/><D126/><U94/><E133/><V110/><F23/><W48/><G117/><T41/><D131/><U7/><E130/><V25/><F25/><W40/><G124/><T8/><D108/><N who="2" m="41578" /><F116/><W120/><G120/><T115/><D115/><U113/><E113/><V1/><F67/><W26/><G97/><T104/><D104/><U114/><E128/><V98/><F98/><W43/><G18/><T28/><D41/><U132/><E132/><V95/><F95/><W103/><G103/><T122/><D90/><U11/><E114/><V111/><F135/><W81/><G26/><T89/><D89/><U121/><E21/><V134/><F134/><W125/><G43/><T12/><D58/><N who="1" m="35279" /><E121/><V85/><F85/><W57/><G57/><T84/><D122/><U123/><E123/><V79/><F79/><W83/><G83/><T86/><D8/><U4/><AGARI ba="2,0" hai="4,5,7,11,15,20,24,29,94,99,102" m="35279" machi="4" ten="30,1100,0" yaku="8,1" doraHai="107" who="1" fromWho="1" sc="298,-7,224,17,239,-5,239,-5" /><INIT seed="1,0,0,0,4,18" ten="291,241,234,234" oya="1" hai0="23,125,2,53,114,55,124,88,44,57,91,21,111" hai1="59,112,33,15,98,102,87,46,126,31,40,32,35" hai2="103,25,13,100,79,132,119,93,11,62,48,109,97" hai3="27,4,19,83,99,75,104,95,1,38,85,56,123"/><U70/><E70/><V52/><F109/><W17/><G38/><T129/><D2/><U131/><E112/><V8/><F132/><W63/><G123/><T36/><D114/><U41/><E131/><V20/><F79/><W76/><G1/><T122/><D129/><U84/><E31/><V37/><F37/><W113/><G4/><T108/><D36/><U134/><E126/><N who="0" m="48745" /><D122/><U105/><E134/><V78/><F78/><W71/><G71/><T89/><D44/><U0/><E0/><V65/><F103/><N who="3" m="62591" /><G27/><T86/><D53/><U68/><E68/><V39/><F39/><W135/><G113/><T42/><D42/><U30/><E46/><N who="2" m="27671" /><F13/><W115/><G115/><T128/><D86/><U116/><E15/><V121/><F121/><W14/><G14/><T47/><D47/><U110/><E110/><N who="0" m="42025" /><D128/><U92/><E40/><V81/><F119/><W6/><G6/><T45/><D45/><U28/><E41/><V67/><F81/><W43/><G43/><T77/><D77/><U50/><E116/><V80/><F80/><W69/><G135/><T74/><D74/><U9/><E87/><V49/><F49/><AGARI ba="0,0" hai="21,23,49,55,57,88,89,91" m="42025,48745" machi="49" ten="40,8000,1" yaku="18,1,14,1,52,2,54,1" doraHai="18" who="0" fromWho="2" sc="291,80,241,0,234,-80,234,0" /><INIT seed="2,0,0,2,3,14" ten="371,241,154,234" oya="2" hai0="56,93,21,66,51,50,111,19,109,23,75,132,82" hai1="94,74,38,53,5,113,133,115,123,88,13,61,135" hai2="102,129,97,71,65,96,68,55,16,114,99,18,101" hai3="40,103,54,79,90,1,11,15,48,46,17,44,64"/><V22/><F114/><N who="1" m="43529" /><E38/><V0/><F0/><W87/><G1/><T32/><D32/><U100/><E74/><V127/><F127/><W130/><G130/><T118/><D118/><U73/><E73/><V80/><F129/><W7/><G103/><N who="2" m="39433" /><F71/><W12/><G64/><T60/><D132/><U49/><E61/><V36/><F36/><W108/><G108/><N who="0" m="41547" /><D93/><U128/><E100/><V119/><F119/><W69/><G69/><T98/><D98/><U3/><E3/><V37/><F37/><W28/><G28/><T29/><D23/><U63/><E63/><V35/><F35/><W24/><G79/><N who="0" m="44415" /><D29/><U39/><E128/><V91/><F68/><W31/><G31/><T112/><D112/><U41/><E133/><V131/><F131/><W77/><G77/><T4/><D4/><U104/><E5/><V58/><F65/><W85/><G24/><AGARI ba="0,0" hai="19,21,24,50,51,56,60,66" m="44415,41547" machi="24" ten="30,2000,0" yaku="14,1,52,1" doraHai="14" who="0" fromWho="3" sc="371,20,241,0,154,0,234,-20" /><INIT seed="3,0,0,4,0,90" ten="391,241,154,214" oya="3" hai0="123,19,38,41,87,43,57,108,12,107,65,78,5" hai1="60,50,100,15,11,48,126,16,34,9,132,112,58" hai2="49,111,39,77,109,131,28,3,82,14,122,130,40" hai3="21,85,127,110,51,42,17,118,8,91,97,129,92"/><W121/><G118/><T56/><D107/><U23/><E112/><V22/><F49/><N who="1" m="19049" /><E34/><V36/><F14/><W104/><G121/><T10/><D108/><N who="2" m="41546" /><F22/><W116/><G116/><T71/><D71/><U96/><E126/><V75/><F28/><W102/><G110/><T7/><D123/><U13/><E132/><V32/><F122/><W1/><G127/><T30/><D30/><U84/><E84/><V105/><F32/><W63/><G63/><N who="0" m="38119" /><D57/><U37/><E37/><N who="2" m="14411" /><F40/><N who="0" m="15434" /><D38/><U115/><E115/><V93/><F93/><W52/><G42/><T18/><D19/><U4/><E16/><V53/><F53/><W73/><G73/><T47/><D47/><U33/><E33/><V89/><F89/><W64/><G92/><T61/><D61/><U81/><E60/><V72/><F3/><W2/><G91/><T124/><D124/><U114/><E114/><V24/><F24/><W25/><G1/><T134/><D134/><U69/><E15/><V35/><F35/><W88/><G2/><T128/><D128/><N who="2" m="49194" /><F72/><W95/><G129/><T120/><D120/><U6/><E13/><V103/><F103/><W94/><G104/><AGARI ba="0,0" hai="75,77,82,104,105" m="49194,14411,41546" machi="104" ten="40,5200,0" yaku="14,1,19,1,23,1" doraHai="90" who="2" fromWho="3" sc="391,0,241,0,154,52,214,-52" owari="391,49.1,241,4.1,206,-19.4,162,-33.8" /></mjloggm>