<mjloggm ver="2.3"><GO type="225" lobby="0"/><UN n0="%E5%B8%86%E7%AB%8B%E5%A4%8F%E8%A1%A3" n1="%72%69%6F%75%63%68%61%6E" n2="%E3%81%82%E3%81%84%E3%81%82%E3%81%8A%E3%81%84" n3="%E3%81%AF%E3%82%88%E3%81%8A%E3%81%98%E3%81%95%E3%82%93" dan="17,17,18,16" rate="2155.30,2273.83,2179.43,2151.63" sx="M,M,M,M"/><TAIKYOKU oya="0"/><BYE who="3" /><INIT seed="0,0,0,3,1,48" ten="250,250,250,250" oya="0" hai0="21,62,45,40,80,37,119,127,7,36,42,86,81" hai1="88,56,18,41,130,113,61,30,10,105,71,115,28" hai2="72,102,122,14,25,120,52,114,117,87,55,68,32" hai3="47,26,118,31,103,46,129,83,64,3,124,82,97"/><T91/><D127/><U1/><E105/><UN n3="%E3%81%AF%E3%82%88%E3%81%8A%E3%81%98%E3%81%95%E3%82%93" /><V9/><F72/><W58/><G129/><T43/><D119/><U27/><E130/><V101/><F68/><W79/><G3/><T20/><D7/><U17/><E71/><V59/><F114/><N who="1" m="43529" /><E41/><V121/><F117/><W133/><G133/><T76/><D62/><U35/><E28/><V19/><F87/><W69/><G69/><T0/><D0/><U51/><E51/><V6/><F55/><W123/><G123/><T49/><D49/><U108/><E108/><V100/><F32/><W131/><G124/><T75/><REACH who="0" step="1"/><D43/><REACH who="0" ten="240,250,250,250" step="2"/><U93/><E1/><V126/><F126/><W109/><G118/><T110/><D110/><U33/><E33/><V104/><F104/><W99/><G109/><T112/><D112/><U116/><E116/><V11/><F25/><W98/><G26/><T12/><D12/><U39/><E27/><V29/><F29/><W2/><G31/><T74/><D74/><U53/><E30/><V63/><REACH who="2" step="1"/><F6/><REACH who="2" ten="240,250,240,250" step="2"/><W107/><G107/><T125/><D125/><U132/><E35/><V96/><F96/><W4/><G98/><T67/><D67/><U57/><E132/><V106/><F106/><W60/><G99/><T38/><D38/><U73/><E39/><V111/><F111/><W78/><G131/><T70/><D70/><U84/><E73/><V77/><F77/><W54/><G64/><T95/><D95/><U50/><E93/><V44/><F44/><AGARI ba="0,2" hai="20,21,36,37,40,42,44,45,75,76,80,81,86,91" machi="44" ten="40,3900,0" yaku="1,1,9,1,53,0" doraHai="48" doraHaiUra="89" who="0" fromWho="2" sc="240,59,250,0,240,-39,250,0" /><INIT seed="0,1,0,1,0,61" ten="299,250,201,250" oya="0" hai0="76,50,112,115,101,74,102,128,10,53,110,117,7" hai1="39,80,84,98,57,134,5,16,66,23,58,73,63" hai2="20,79,11,131,36,127,121,38,97,42,6,33,32" hai3="71,82,45,34,75,94,135,0,95,3,60,52,67"/><T64/><D117/><U116/><E116/><V46/><F121/><W70/><G34/><T24/><D115/><U15/><E39/><V87/><F38/><W113/><G113/><T130/><D112/><U49/><E134/><V54/><F127/><W88/><G71/><T99/><D76/><U43/><E73/><V109/><F109/><W21/><G135/><T81/><D81/><U31/><E5/><V78/><F131/><N who="0" m="50218" /><D74/><U122/><E122/><V68/><F68/><W22/><G94/><T40/><D40/><U119/><E119/><V89/><F97/><W93/><G95/><T4/><D110/><U30/><E98/><V35/><F20/><W29/><G82/><T47/><D99/><U104/><E104/><V108/><F54/><W111/><G75/><T85/><D85/><U2/><E2/><V14/><REACH who="2" step="1"/><F108/><REACH who="2" ten="299,250,191,250" step="2"/><W28/><G22/><T83/><D102/><U25/><E25/><V37/><F37/><W126/><G126/><T133/><D101/><U100/><E100/><V107/><F107/><W13/><G111/><T27/><D27/><U92/><E43/><V69/><F69/><W62/><G21/><T48/><D24/><U19/><E23/><V129/><F129/><W26/><G26/><T41/><D133/><U132/><E132/><V44/><F44/><W106/><G45/><T77/><D47/><U120/><E120/><V59/><F59/><N who="3" m="34919" /><G106/><T118/><D41/><U56/><E57/><V124/><F124/><W123/><G123/><T65/><D118/><U12/><E56/><V72/><F72/><W18/><G70/><T17/><D53/><RYUUKYOKU ba="1,1" sc="299,-10,250,-10,191,30,250,-10" hai2="6,11,14,32,33,35,36,42,46,78,79,87,89" /><INIT seed="1,2,1,4,1,49" ten="289,240,221,240" oya="1" hai0="5,35,135,133,92,44,19,72,28,107,25,37,114" hai1="24,40,73,26,45,76,75,111,116,10,7,99,89" hai2="78,124,118,94,91,66,1,2,52,69,60,119,55" hai3="6,102,127,63,110,9,74,20,29,54,115,14,65"/><U67/><E116/><V134/><F124/><W106/><G115/><T11/><D107/><U82/><E111/><V15/><F134/><N who="0" m="51210" /><D72/><U51/><E73/><V22/><F78/><W8/><G74/><T59/><D114/><U68/><E67/><V81/><F81/><W85/><G110/><T87/><D59/><U32/><E68/><V61/><F61/><W122/><G122/><T53/><D19/><U108/><E108/><V80/><F80/><W123/><G123/><T39/><D87/><U31/><E24/><V27/><F15/><W101/><G106/><T50/><D92/><U33/><E33/><V95/><F119/><W112/><G112/><T83/><D83/><U64/><E64/><V109/><F118/><W16/><G85/><T21/><D35/><U113/><E113/><V13/><F13/><AGARI ba="2,1" hai="5,11,13,21,25,28,37,39,44,50,53" m="51210" machi="13" ten="30,2000,0" yaku="20,1,52,1" doraHai="49" who="0" fromWho="2" sc="289,36,240,0,221,-26,240,0" /><INIT seed="2,0,0,2,2,13" ten="325,240,195,240" oya="2" hai0="14,59,69,29,45,83,68,75,21,76,56,129,65" hai1="36,40,66,110,8,127,78,3,35,115,93,112,113" hai2="6,47,122,82,117,5,135,106,15,49,42,95,101" hai3="16,60,20,130,92,37,22,51,54,91,124,72,105"/><V23/><F117/><W55/><G37/><T43/><D129/><U120/><E110/><V18/><F122/><W121/><G105/><T31/><D31/><U70/><E35/><V67/><F135/><W96/><G121/><T4/><D29/><U87/><E120/><V111/><F111/><W102/><G72/><T25/><D25/><U27/><E127/><V12/><F106/><W107/><G130/><T84/><D75/><U57/><E70/><V2/><F2/><W132/><G132/><T41/><D41/><U64/><E27/><V81/><F67/><W62/><G22/><T73/><D73/><U52/><E3/><V79/><F15/><N who="3" m="9247" /><G55/><T50/><D21/><U109/><E109/><V98/><REACH who="2" step="1"/><F79/><REACH who="2" ten="325,240,185,240" step="2"/><W48/><G124/><T7/><D65/><U10/><E64/><V74/><F74/><W34/><G107/><T9/><D68/><U38/><E66/><V104/><F104/><W61/><G34/><T77/><D69/><U46/><E78/><V128/><F128/><W28/><G28/><T108/><D76/><U114/><E114/><V94/><F94/><N who="3" m="58647" /><G54/><T116/><D108/><U17/><E115/><V100/><F100/><W80/><G80/><AGARI ba="0,1" hai="5,6,12,18,23,42,47,49,80,81,82,95,98,101" machi="80" ten="40,7700,0" yaku="1,1,8,1,52,1,53,0" doraHai="13" doraHaiUra="53" who="2" fromWho="3" sc="325,0,240,0,185,87,240,-77" /><INIT seed="2,1,0,1,4,111" ten="325,240,272,163" oya="2" hai0="14,30,42,87,121,13,48,66,92,4,34,112,134" hai1="60,110,38,46,71,47,21,130,24,94,101,93,52" hai2="26,106,20,72,81,29,2,123,59,53,77,49,89" hai3="54,18,115,23,51,45,5,57,63,11,119,25,41"/><V17/><F123/><W118/><REACH who="3" step="1"/><G115/><REACH who="3" ten="325,240,272,153" step="2"/><T75/><D112/><U122/><E122/><V35/><F106/><W120/><G120/><T113/><D121/><U7/><E110/><V36/><F36/><W105/><G105/><T124/><D113/><U33/><E38/><V85/><F2/><AGARI ba="1,1" hai="2,5,11,18,23,25,41,45,51,54,57,63,118,119" machi="2" ten="30,7700,0" yaku="21,2,7,1,53,1" doraHai="111" doraHaiUra="3" who="3" fromWho="2" sc="325,0,240,0,272,-80,153,90" /><INIT seed="3,0,0,5,4,116" ten="325,240,192,243" oya="3" hai0="100,72,13,28,124,103,9,0,26,117,119,27,123" hai1="2,110,126,96,71,101,111,94,12,75,85,39,121" hai2="106,34,105,93,114,83,15,32,36,115,125,108,18" hai3="37,127,60,40,4,10,90,98,54,95,51,130,38"/><W84/><G127/><T104/><D123/><U63/><E121/><V102/><F36/><W129/><G60/><T73/><D0/><U44/><E75/><V49/><F108/><N who="1" m="41513" /><E2/><V52/><F125/><W3/><G98/><T120/><D27/><U135/><E126/><V1/><F1/><W35/><G35/><T122/><D103/><U91/><E135/><V107/><F83/><W62/><G62/><T78/><D78/><U66/><E12/><V67/><F67/><W56/><REACH who="3" step="1"/><G40/><REACH who="3" ten="325,240,192,233" step="2"/><T134/><D119/><U50/><E96/><V80/><F80/><W64/><G64/><T59/><D117/><U89/><E101/><V30/><F34/><W133/><G133/><T29/><D134/><U53/><E39/><AGARI ba="0,1" hai="3,4,10,37,38,39,51,54,56,84,90,95,129,130" machi="39" ten="40,12000,1" yaku="1,1,53,3" doraHai="116" doraHaiUra="68" who="3" fromWho="1" sc="325,0,240,-120,192,0,233,130" owari="325,12.5,120,-38.0,192,-20.8,363,46.3" /></mjloggm>