<mjloggm ver="2.3"><GO type="225" lobby="0"/><UN n0="%4E%6F%2E%30%30%30%31" n1="%E9%80%86%E9%80%A3%E5%B8%AF%E3%81%AE%E9%AC%BC" n2="%E3%81%AF%E3%82%88%E3%81%8A%E3%81%98%E3%81%95%E3%82%93" n3="%E3%81%BF%E3%81%BF%E3%81%9A" dan="18,16,16,17" rate="2257.70,2143.21,2099.41,2251.09" sx="M,M,M,M"/><TAIKYOKU oya="0"/><INIT seed="0,0,0,5,5,41" ten="250,250,250,250" oya="0" hai0="127,52,50,76,28,73,87,126,19,27,58,104,46" hai1="107,25,2,125,91,132,79,75,67,86,122,81,117" hai2="113,1,94,92,100,54,40,42,95,12,16,116,4" hai3="23,53,88,5,90,111,60,37,133,55,120,30,109"/><T69/><D69/><U59/><E117/><V51/><F113/><W118/><G118/><T38/><D104/><U119/><E119/><V106/><F116/><W97/><G133/><T33/><D73/><U64/><E132/><V57/><F1/><W18/><G37/><T83/><D19/><U89/><E125/><N who="0" m="47625" /><D38/><U108/><E107/><V114/><F114/><W68/><G30/><T115/><D115/><U123/><E2/><V35/><F35/><W110/><G5/><T36/><D36/><U124/><E124/><V34/><F34/><W10/><G10/><T15/><D15/><U0/><E0/><V105/><F4/><W129/><G129/><T14/><D14/><U65/><E108/><V24/><F24/><N who="3" m="14455" /><G120/><T48/><D48/><U128/><E128/><V7/><F7/><W78/><G78/><T22/><D33/><U70/><E70/><V32/><F32/><W77/><G77/><T3/><D3/><U6/><E75/><V47/><F40/><W72/><G72/><T62/><D62/><U103/><E6/><V13/><F13/><W11/><G11/><T20/><D20/><U135/><E135/><V98/><F105/><W56/><G68/><T134/><D134/><U63/><E123/><V93/><N who="2" m="23552" /><DORA hai="82" /><V121/><F121/><W130/><G130/><T49/><D49/><U17/><E122/><V8/><REACH who="2" step="1"/><F42/><REACH who="2" ten="250,250,240,250" step="2"/><W71/><G110/><T21/><D21/><N who="1" m="13487" /><E103/><V84/><F84/><W44/><G111/><T74/><D74/><U31/><E86/><V45/><AGARI ba="0,1" hai="8,12,16,45,47,51,54,57,98,100,106" m="23552" machi="45" ten="40,12000,2" yaku="1,1,0,1,52,2,54,1,53,1" doraHai="41,82" doraHaiUra="101,61" who="2" fromWho="2" sc="250,-60,250,-30,240,130,250,-30" /><INIT seed="1,0,0,3,0,37" ten="190,220,370,220" oya="1" hai0="62,129,74,76,12,111,73,20,77,23,3,9,72" hai1="15,102,35,33,101,21,41,34,29,70,126,44,100" hai2="83,47,112,11,61,106,1,48,118,53,58,16,124" hai3="97,43,105,87,130,109,78,120,84,2,108,63,115"/><U96/><E70/><V36/><F118/><W57/><G120/><T103/><D111/><N who="3" m="42569" /><G115/><T93/><D129/><U26/><E126/><V38/><F106/><W121/><G121/><T125/><D125/><U92/><REACH who="1" step="1"/><E15/><REACH who="1" ten="190,210,370,220" step="2"/><N who="2" m="7295" /><F124/><W94/><G130/><T132/><D12/><U4/><E4/><V31/><F1/><W66/><G2/><T119/><D3/><U39/><AGARI ba="0,1" hai="21,26,29,33,34,35,39,41,44,92,96,100,101,102" machi="39" ten="30,11700,0" yaku="1,1,0,1,52,1,53,1" doraHai="37" doraHaiUra="69" who="1" fromWho="1" sc="190,-39,210,127,370,-39,220,-39" /><INIT seed="1,1,0,2,5,25" ten="151,337,331,181" oya="1" hai0="48,49,32,115,131,126,19,66,72,128,15,122,30" hai1="63,118,42,101,103,84,23,10,4,24,112,119,9" hai2="61,27,58,53,34,40,54,39,51,69,82,108,74" hai3="77,0,8,6,17,107,35,38,47,22,110,111,95"/><U56/><E112/><V62/><F108/><N who="3" m="41515" /><G107/><T130/><D115/><U33/><E33/><V80/><F74/><W93/><G35/><T50/><D72/><U28/><E42/><V81/><F39/><W97/><G77/><T83/><D126/><U76/><E119/><V65/><F40/><N who="3" m="22935" /><G97/><T120/><D66/><U89/><E76/><V135/><F135/><W14/><AGARI ba="1,0" hai="0,6,8,14,17,22,93,95" m="22935,41515" machi="14" ten="30,1100,0" yaku="14,1" doraHai="25" who="3" fromWho="3" sc="151,-4,337,-6,331,-4,181,14" /><INIT seed="2,0,0,1,3,31" ten="147,331,327,195" oya="2" hai0="40,42,121,37,15,117,119,92,65,24,130,94,17" hai1="19,27,13,95,28,76,22,51,35,44,62,133,21" hai2="90,46,4,123,124,113,60,77,64,29,86,70,89" hai3="101,74,102,52,0,59,118,25,111,109,115,114,41"/><V132/><F123/><W14/><G0/><T100/><D121/><U58/><E133/><V20/><F113/><N who="3" m="43019" /><G118/><T36/><D65/><U11/><E76/><V23/><F132/><W66/><G74/><T5/><D5/><U55/><REACH who="1" step="1"/><E95/><REACH who="1" ten="147,321,327,195" step="2"/><V1/><F77/><W106/><G106/><T83/><D92/><U81/><E81/><V84/><F124/><W3/><G111/><T43/><D83/><U129/><E129/><V107/><F107/><W39/><G109/><T47/><D130/><U126/><E126/><V67/><F70/><W116/><G116/><T110/><D110/><U63/><E63/><V53/><F60/><W96/><G102/><T72/><D117/><U85/><E85/><V10/><F86/><W73/><G101/><T134/><D119/><U7/><E7/><V9/><F84/><W99/><G73/><T125/><D72/><U38/><E38/><V112/><F112/><W33/><G39/><T87/><D125/><U98/><E98/><V16/><F89/><W108/><G99/><N who="0" m="59511" /><D134/><U128/><E128/><V34/><F90/><W57/><G96/><T135/><D135/><U91/><E91/><V69/><F69/><W26/><G108/><T50/><D87/><U30/><E30/><V32/><F29/><W79/><G79/><T45/><D37/><U48/><E48/><V71/><F71/><W2/><G2/><T88/><D88/><U105/><E105/><V56/><F4/><W78/><G3/><T103/><D103/><U131/><E131/><V49/><F1/><W120/><G78/><T97/><D97/><U8/><E8/><RYUUKYOKU ba="0,1" sc="147,-10,321,30,327,-10,195,-10" hai1="11,13,19,21,22,27,28,35,44,51,55,58,62" /><INIT seed="3,1,1,5,3,114" ten="137,351,317,185" oya="3" hai0="124,36,77,75,22,69,2,103,129,73,74,135,21" hai1="122,91,27,47,32,128,67,71,86,4,125,119,12" hai2="13,55,41,63,82,59,38,95,54,66,117,49,60" hai3="92,48,45,42,6,24,87,64,94,1,35,17,85"/><W3/><G64/><T121/><D121/><U79/><E122/><V16/><F117/><W10/><G1/><T62/><D36/><U33/><E119/><V104/><F104/><W130/><G130/><T110/><D2/><U107/><E128/><V83/><F38/><W133/><G133/><T34/><D34/><U80/><E125/><V134/><F134/><W116/><G116/><T98/><D129/><U70/><E107/><V109/><F109/><W68/><G68/><T8/><D135/><U29/><E33/><V44/><F95/><W50/><G85/><T52/><D124/><U90/><E47/><V84/><F63/><W43/><G87/><T56/><D110/><U28/><E28/><V100/><F100/><W61/><G61/><T7/><D69/><U81/><E67/><V126/><F126/><W30/><G17/><T5/><D77/><U26/><E26/><V99/><F99/><W46/><AGARI ba="1,1" hai="3,6,10,24,30,35,42,43,45,46,48,50,92,94" machi="46" ten="30,3000,0" yaku="0,1,9,1" doraHai="114" who="3" fromWho="3" sc="137,-11,351,-11,317,-11,185,43" /><INIT seed="3,2,0,5,3,78" ten="126,340,306,228" oya="3" hai0="84,44,25,133,41,135,126,34,124,130,23,24,98" hai1="67,107,94,128,37,127,45,20,58,129,68,61,47" hai2="83,86,119,33,121,17,72,132,8,7,38,5,49" hai3="60,36,75,112,122,70,2,88,56,32,57,35,14"/><W134/><G112/><T22/><D98/><U42/><E107/><V92/><F119/><W80/><G2/><T71/><D71/><U120/><E120/><V85/><F38/><W29/><G36/><T54/><D54/><U118/><E118/><V104/><F104/><W9/><G122/><T63/><D63/><U18/><E127/><N who="0" m="48681" /><D84/><U40/><E94/><V13/><F121/><W51/><G70/><T74/><D44/><U11/><E11/><V64/><F33/><W16/><G51/><T113/><D41/><U100/><E100/><V87/><F132/><N who="0" m="50762" /><D74/><U48/><E68/><V55/><F64/><W19/><G134/><T77/><D77/><U93/><E93/><V102/><F72/><W76/><G57/><T59/><D59/><U30/><E48/><V95/><F83/><W53/><G88/><T114/><D34/><U105/><E45/><V73/><F73/><W131/><G131/><T96/><D96/><U103/><E42/><V66/><F66/><W21/><REACH who="3" step="1"/><G29/><REACH who="3" ten="126,340,306,218" step="2"/><N who="0" m="17559" /><D130/><U46/><E129/><V4/><F102/><W90/><G90/><T10/><D10/><U6/><E128/><V115/><F8/><W91/><G91/><T28/><AGARI ba="2,1" hai="23,25,28,113,114" m="17559,50762,48681" machi="28" ten="40,8000,1" yaku="18,1,20,1,34,2" doraHai="78" who="0" fromWho="0" sc="126,96,340,-22,306,-22,218,-42" owari="222,-17.8,318,41.8,284,8.4,176,-32.4" /></mjloggm>