<mjloggm ver="2.3"><GO type="225" lobby="0"/><UN n0="%E3%81%82%E3%81%99%E3%81%AB%E3%82%83%E3%82%80" n1="%E6%B0%B7%E5%B7%9D%E9%87%8C%E5%A5%88" n2="%E3%81%91%E3%83%BC%E3%81%9E%E3%81%88" n3="%E9%A2%A8%E3%81%A7%E9%B3%B4%E3%81%8F" dan="16,16,16,16" rate="2125.27,2122.95,2140.90,2132.26" sx="F,F,M,M"/><TAIKYOKU oya="0"/><INIT seed="0,0,0,3,2,57" ten="250,250,250,250" oya="0" hai0="13,92,19,47,70,20,67,125,121,116,43,119,109" hai1="40,127,93,91,97,122,115,86,61,118,5,79,2" hai2="107,30,17,131,76,90,75,3,29,34,28,53,41" hai3="96,117,132,16,87,36,71,25,74,50,80,49,62"/><T84/><D121/><U1/><E122/><V21/><F131/><W12/><G36/><T103/><D125/><U72/><E118/><V42/><F107/><W88/><G117/><T48/><D109/><U123/><E123/><V6/><F34/><W73/><G132/><T124/><D124/><U64/><E127/><V130/><F130/><W65/><G25/><T39/><D39/><U37/><E115/><V58/><F75/><W51/><REACH who="3" step="1"/><G96/><REACH who="3" ten="250,250,250,240" step="2"/><T108/><D108/><U110/><E110/><V114/><F114/><W52/><G52/><T100/><D119/><U4/><E97/><V10/><F53/><W128/><G128/><T18/><D116/><U55/><E55/><V101/><F42/><W23/><AGARI ba="0,1" hai="12,16,23,49,50,51,62,65,71,73,74,80,87,88" machi="23" ten="30,8000,1" yaku="1,1,0,1,52,1,54,2,53,0" doraHai="57" doraHaiUra="111" who="3" fromWho="3" sc="250,-40,250,-20,250,-20,240,90" /><INIT seed="1,0,0,3,4,118" ten="210,230,230,330" oya="1" hai0="94,132,100,17,32,125,77,115,135,0,70,19,26" hai1="52,28,38,41,108,92,83,1,107,10,99,131,78" hai2="69,65,81,6,57,15,102,117,101,114,53,130,45" hai3="97,133,3,113,89,90,50,87,105,11,4,112,23"/><U82/><E131/><V18/><F117/><W43/><G133/><N who="0" m="51275" /><D70/><U66/><E107/><V24/><F114/><W27/><G50/><T44/><D77/><U39/><E66/><V119/><F130/><W116/><G43/><T61/><D61/><U68/><E68/><V85/><F6/><W73/><G73/><T98/><D115/><U109/><E28/><V64/><F24/><W55/><G55/><T30/><D0/><U12/><E1/><V7/><F7/><W96/><G96/><T84/><D125/><U127/><E127/><V110/><F45/><W21/><G21/><T104/><D44/><U16/><E41/><V60/><F110/><N who="1" m="42601" /><E52/><V120/><F119/><W29/><G116/><T72/><D72/><N who="1" m="43335" /><E83/><V48/><F65/><W67/><G67/><T37/><D37/><U54/><E54/><V74/><F74/><W106/><G106/><T71/><D71/><U126/><E126/><V103/><F69/><W40/><G40/><T56/><D56/><U49/><E49/><V20/><F48/><W128/><G128/><T22/><D32/><U31/><E31/><V80/><F80/><W47/><G47/><T123/><D104/><U2/><E2/><V95/><F64/><W35/><G35/><T34/><D34/><U59/><E59/><V8/><F57/><W75/><G75/><T124/><D124/><U111/><N who="1" m="42609" /><U58/><DORA hai="42" /><E58/><V129/><F53/><W79/><G112/><T5/><D30/><U9/><E9/><V36/><F129/><W51/><G113/><T122/><D22/><U88/><AGARI ba="0,0" hai="10,12,16,38,39,88,92,99" m="43335,42609" machi="88" ten="40,12000,1" yaku="14,1,10,1,54,2" doraHai="118,42" who="1" fromWho="1" sc="210,-40,230,120,230,-40,330,-40" /><INIT seed="1,1,0,4,3,119" ten="170,350,190,290" oya="1" hai0="59,9,87,30,34,105,102,120,103,116,86,53,60" hai1="134,99,69,12,1,117,48,126,75,113,79,121,39" hai2="81,33,85,84,131,115,78,92,124,80,135,132,38" hai3="58,41,82,66,49,28,110,5,31,35,51,70,93"/><U64/><RYUUKYOKU type="yao9" ba="1,0" sc="170,0,350,0,190,0,290,0" hai1="1,12,39,48,64,69,75,79,99,113,117,121,126,134" /><INIT seed="1,2,0,0,3,10" ten="170,350,190,290" oya="1" hai0="54,101,111,98,114,70,40,130,77,47,132,18,123" hai1="89,82,28,116,55,56,46,104,102,52,83,127,119" hai2="14,59,32,66,8,11,26,39,85,135,69,53,15" hai3="7,41,50,13,16,63,31,105,128,20,84,100,29"/><U134/><E134/><V78/><F39/><W92/><G128/><T117/><D114/><U87/><E127/><V67/><F135/><W126/><G126/><T120/><D132/><U38/><E28/><V99/><F69/><W51/><G105/><T33/><D117/><U45/><E104/><V125/><F125/><W133/><G133/><T122/><D33/><U93/><E38/><V76/><F32/><W60/><G7/><T49/><D70/><U113/><E113/><V109/><F26/><W121/><G121/><T30/><D30/><N who="3" m="11273" /><G84/><T118/><D118/><U103/><E116/><V65/><F99/><N who="3" m="59495" /><G51/><T35/><D35/><U12/><E119/><V44/><F44/><AGARI ba="2,0" hai="13,16,20,41,44,50,60,63" m="59495,11273" machi="44" ten="30,3900,0" yaku="8,1,52,1,54,1" doraHai="10" who="3" fromWho="2" sc="170,0,350,0,190,-45,290,45" /><INIT seed="2,0,0,1,1,131" ten="170,350,145,335" oya="2" hai0="30,7,51,101,11,74,26,83,70,19,68,59,3" hai1="108,56,5,15,77,92,60,107,41,126,4,99,1" hai2="22,8,14,20,2,63,86,35,88,65,18,13,64" hai3="104,29,12,134,42,112,49,110,129,23,67,24,54"/><V82/><F35/><W113/><G129/><T55/><D101/><U0/><E107/><V124/><F124/><W37/><G110/><T71/><D74/><U118/><E118/><V119/><F119/><W79/><G104/><T47/><D83/><U105/><E105/><V96/><F2/><W38/><G134/><T40/><D19/><U58/><E1/><V89/><F14/><W135/><G135/><T17/><D17/><U115/><E115/><N who="3" m="44106" /><G42/><T39/><REACH who="0" step="1"/><D68/><REACH who="0" ten="160,350,145,335" step="2"/><U93/><E108/><V117/><F117/><W34/><G79/><T98/><D98/><U123/><E126/><V78/><F65/><W130/><G67/><T87/><D87/><U61/><E123/><V31/><F31/><W69/><G69/><T6/><D6/><U27/><E4/><V122/><F122/><W53/><G130/><T25/><D25/><U80/><E27/><V28/><F28/><W75/><G75/><T32/><AGARI ba="0,1" hai="3,7,11,26,30,32,39,40,47,51,55,59,70,71" machi="32" ten="20,2700,0" yaku="1,1,0,1,7,1,53,0" doraHai="131" doraHaiUra="120" who="0" fromWho="0" sc="160,37,350,-7,145,-13,335,-7" /><INIT seed="3,0,0,0,2,92" ten="197,343,132,328" oya="3" hai0="3,120,115,49,62,100,112,58,28,121,124,132,13" hai1="127,72,53,99,47,75,18,32,24,110,101,83,88" hai2="114,98,45,56,16,128,55,95,96,133,135,97,59" hai3="57,41,31,25,65,37,119,118,29,50,20,61,87"/><W93/><G37/><T23/><D3/><U54/><E110/><V42/><F114/><N who="0" m="43562" /><D132/><N who="2" m="50762" /><F128/><W78/><G119/><T104/><D49/><U77/><E88/><N who="2" m="55399" /><F16/><N who="3" m="12423" /><G118/><T103/><D124/><U46/><E127/><V7/><F7/><W38/><G38/><T123/><D104/><U44/><E75/><V27/><F27/><W26/><G26/><N who="0" m="16479" /><D13/><U33/><E33/><V134/><N who="2" m="50770" /><V126/><DORA hai="4" /><F126/><W89/><G78/><T71/><D71/><U130/><E130/><V105/><F105/><W9/><G9/><T113/><N who="0" m="43570" /><T106/><DORA hai="82" /><D106/><U2/><E32/><V109/><F109/><W116/><G116/><T64/><AGARI ba="0,0" hai="58,62,64,100,103,120,121,123" m="16479,43570" machi="64" ten="50,1600,0" yaku="11,1" doraHai="92,4,82" who="0" fromWho="0" sc="197,16,343,-4,132,-4,328,-8" owari="213,-18.7,339,43.9,128,-37.2,320,12.0" /></mjloggm>