<mjloggm ver="2.3"><GO type="225" lobby="0"/><UN n0="%6E%69%63%6F%6E%74%6F" n1="%6D%61%74%69%67%75%73%61" n2="%E3%83%A9%E3%82%A4%E3%83%B3%E3%81%AE%E8%99%8E" n3="%E5%8D%A0%E3%81%84%E5%B8%AB%E8%A3%8F%E3%81%AA%E3%81%84%E3%81%97" dan="16,17,16,17" rate="2142.08,2181.28,2105.41,2179.16" sx="M,M,M,M"/><TAIKYOKU oya="0"/><INIT seed="0,0,0,4,4,91" ten="250,250,250,250" oya="0" hai0="74,102,8,118,63,103,22,134,88,123,115,7,49" hai1="5,65,101,17,2,15,109,56,111,40,122,83,25" hai2="77,37,38,9,34,130,73,23,0,31,119,97,79" hai3="52,61,82,10,85,58,69,1,112,46,105,16,59"/><T62/><D115/><U96/><E122/><V116/><F34/><W30/><G105/><T107/><D118/><N who="2" m="45098" /><F130/><W125/><G112/><T3/><D123/><U47/><E2/><V94/><F31/><W4/><G30/><T27/><D74/><U20/><E83/><N who="2" m="45487" /><F79/><W113/><G113/><T95/><D134/><U26/><E65/><V50/><F23/><W11/><G125/><T87/><D49/><U18/><E56/><V13/><F0/><W117/><G117/><T126/><D126/><U100/><E5/><N who="2" m="3247" /><F50/><N who="3" m="28759" /><G69/><T114/><D114/><U129/><E129/><V64/><F64/><W43/><G43/><T68/><D68/><U67/><E67/><V45/><F45/><W84/><G84/><T80/><D107/><U6/><E47/><V133/><F133/><W66/><G4/><T89/><D63/><U131/><E6/><V93/><F97/><W53/><G1/><T12/><D62/><U21/><E40/><V99/><F99/><W36/><G36/><AGARI ba="0,0" hai="36,37,38,93,94" m="3247,45487,45098" machi="36" ten="30,3900,0" yaku="12,1,52,2" doraHai="91" who="2" fromWho="3" sc="250,0,250,0,250,39,250,-39" /><INIT seed="1,0,0,2,2,4" ten="250,250,289,211" oya="1" hai0="122,1,37,38,134,44,11,14,62,7,53,90,131" hai1="104,103,93,125,59,52,107,120,91,16,106,36,43" hai2="24,13,18,99,40,48,92,101,102,61,116,33,126" hai3="21,94,84,112,2,105,119,39,50,89,79,10,128"/><U69/><E120/><V82/><F126/><W15/><G112/><T83/><D122/><U60/><E125/><V65/><F116/><W26/><G39/><T19/><D134/><U20/><E69/><V87/><F33/><W49/><G128/><T109/><D109/><U0/><E0/><V51/><F24/><W31/><G2/><T88/><D131/><U115/><E115/><V129/><F102/><W80/><G105/><T72/><D62/><U9/><E9/><V76/><F40/><W98/><REACH who="3" step="1"/><G119/><REACH who="3" ten="250,250,289,201" step="2"/><T108/><D108/><U121/><E121/><V63/><F129/><W32/><G32/><T57/><D38/><U23/><E36/><V64/><F64/><W67/><G67/><T27/><D37/><U110/><E110/><V73/><F73/><W56/><G56/><T127/><D127/><U12/><E43/><V96/><F65/><W29/><G29/><T123/><D123/><U117/><E117/><V78/><F61/><W46/><G46/><T41/><D57/><U111/><E111/><V74/><F63/><W6/><AGARI ba="0,1" hai="6,10,15,21,26,31,49,50,79,80,84,89,94,98" machi="6" ten="20,8000,1" yaku="1,1,0,1,7,1,8,1,52,1,53,0" doraHai="4" doraHaiUra="68" who="3" fromWho="3" sc="250,-20,250,-40,289,-20,201,90" /><INIT seed="2,0,0,3,0,122" ten="230,210,269,291" oya="2" hai0="66,42,71,120,81,24,46,29,35,53,52,44,32" hai1="8,85,69,72,108,48,113,74,135,117,101,109,38" hai2="115,63,54,18,84,88,59,26,15,57,45,76,129" hai3="50,104,78,16,127,90,116,13,95,49,86,111,2"/><V25/><F129/><W17/><G116/><T100/><D120/><U65/><E38/><V79/><F115/><W19/><G2/><T121/><D121/><U4/><E117/><V130/><F130/><W98/><G127/><T10/><D10/><U22/><E113/><V64/><F45/><W60/><G104/><T23/><D100/><U82/><E101/><V36/><F36/><W77/><G111/><N who="1" m="42570" /><E135/><V7/><F7/><W58/><G13/><T30/><D81/><U132/><E22/><N who="2" m="11615" /><F76/><N who="3" m="29291" /><G98/><T92/><D92/><U126/><E126/><V70/><F79/><W91/><G91/><T128/><D128/><U51/><E132/><V87/><F70/><W9/><G9/><T102/><D102/><U37/><E37/><V106/><F106/><W27/><G27/><N who="2" m="10249" /><F88/><W105/><G105/><T124/><D124/><U75/><E85/><V68/><F68/><W1/><G1/><T6/><D24/><U114/><E82/><V93/><F93/><W28/><G28/><T0/><D30/><U80/><E80/><V125/><F125/><W31/><G31/><T33/><D29/><U56/><E69/><V89/><F89/><W14/><G14/><T39/><D39/><U21/><E114/><V110/><F110/><W41/><G86/><T103/><D103/><U112/><E112/><V94/><F94/><W43/><G95/><T99/><D71/><U5/><E21/><V133/><F133/><W61/><G90/><T118/><D23/><U62/><E4/><V96/><F96/><W11/><G11/><T47/><D99/><U123/><E123/><V34/><F34/><RYUUKYOKU ba="0,0" sc="230,-15,210,15,269,15,291,-15" hai1="5,8,48,51,56,62,65,72,74,75" hai2="54,57,59,63,64,84,87" /><INIT seed="2,1,0,1,1,79" ten="215,225,284,276" oya="2" hai0="123,24,118,1,52,126,50,19,82,83,93,133,107" hai1="73,8,56,0,54,17,134,70,74,20,58,89,14" hai2="109,128,7,84,94,69,106,131,27,49,37,46,68" hai3="112,72,40,111,30,102,121,76,92,124,43,45,28"/><V85/><F106/><W77/><G121/><T103/><D123/><U65/><E70/><N who="2" m="27243" /><F37/><W3/><G111/><T63/><D107/><U119/><E119/><V115/><F115/><W42/><G112/><T4/><D126/><U53/><E65/><V122/><F122/><W34/><G3/><T48/><D133/><U55/><E134/><V100/><F7/><W13/><G124/><T5/><D1/><U90/><E73/><V127/><F127/><W44/><G34/><T16/><D118/><U2/><E74/><V66/><F66/><W33/><G33/><T113/><D113/><U64/><E2/><V26/><F100/><W29/><G13/><T22/><D19/><U105/><E105/><V23/><F94/><W35/><G35/><T18/><D18/><U91/><REACH who="1" step="1"/><E64/><REACH who="1" ten="215,215,284,276" step="2"/><V47/><F109/><W87/><G72/><T116/><D116/><U104/><E104/><V10/><F128/><W9/><G42/><T130/><D130/><U21/><E21/><V110/><F23/><W41/><G41/><T67/><D67/><U132/><E132/><V120/><F131/><W6/><G40/><T31/><D63/><U59/><E59/><V101/><F110/><W88/><G43/><T81/><D50/><U129/><E129/><V51/><F51/><W60/><G60/><T57/><D31/><U38/><E38/><V114/><F49/><W117/><G117/><T75/><D75/><U32/><E32/><V95/><F120/><W12/><G44/><T78/><D78/><N who="3" m="30313" /><G45/><T99/><AGARI ba="1,1" hai="4,5,16,22,24,48,52,57,81,82,83,93,99,103" machi="99" ten="30,12000,2" yaku="0,1,8,1,52,3,54,2" doraHai="79" who="0" fromWho="0" sc="215,133,215,-31,284,-61,276,-31" /><INIT seed="3,0,0,3,0,63" ten="348,184,223,245" oya="3" hai0="118,131,10,113,132,71,53,16,32,35,26,30,104" hai1="22,36,96,21,124,114,1,13,49,61,31,74,43" hai2="125,98,116,11,55,112,12,0,135,91,122,108,119" hai3="45,105,88,103,59,17,40,44,121,37,101,19,7"/><W68/><G68/><T93/><D104/><U82/><E114/><V111/><F55/><W106/><G121/><T129/><D113/><U76/><E1/><V72/><F0/><W78/><G78/><T46/><D132/><U52/><E36/><V81/><F112/><W2/><G2/><T107/><D118/><U57/><E124/><V102/><F12/><W85/><G59/><T99/><D107/><U75/><E75/><V27/><F27/><W123/><G123/><T83/><D83/><U64/><E43/><V130/><F11/><W73/><G73/><T50/><D71/><U110/><E110/><N who="2" m="42027" /><F122/><W109/><G109/><T47/><D47/><U18/><E96/><V117/><F125/><W92/><G7/><T115/><D115/><U120/><E120/><V51/><F51/><W84/><G40/><T80/><D80/><U70/><E31/><V34/><F34/><W89/><G92/><T33/><D129/><U79/><E76/><V66/><F66/><W126/><BYE who="2" /><G126/><T77/><D77/><U42/><E42/><V134/><F134/><W54/><G54/><T56/><D56/><UN n2="%E3%83%A9%E3%82%A4%E3%83%B3%E3%81%AE%E8%99%8E" /><U9/><AGARI ba="0,0" hai="9,13,18,21,22,49,52,57,61,64,70,74,79,82" machi="9" ten="20,5200,0" yaku="0,1,7,1,52,1,54,1" doraHai="63" who="1" fromWho="1" sc="348,-13,184,52,223,-13,245,-26" owari="335,43.5,236,3.6,210,-29.0,219,-18.1" /></mjloggm>