<mjloggm ver="2.3"><GO type="225" lobby="0"/><UN n0="%6D%75%75%6D%75%72%61" n1="%E3%81%86%E3%83%BC%E3%81%B1%E3%83%BC" n2="%E8%B1%86%59%E5%A4%AA%E9%83%8E" n3="%E5%B8%86%E7%AB%8B%E5%A4%8F%E8%A1%A3" dan="16,17,16,16" rate="2152.16,2182.47,2030.05,2052.04" sx="F,F,M,M"/><TAIKYOKU oya="0"/><INIT seed="0,0,0,0,1,27" ten="250,250,250,250" oya="0" hai0="125,115,120,72,16,26,19,73,17,21,102,5,101" hai1="56,42,92,15,44,132,127,114,57,28,81,86,96" hai2="39,119,94,54,117,59,108,0,113,8,93,99,88" hai3="25,4,61,100,76,82,45,85,77,14,2,11,116"/><T107/><D115/><U6/><E114/><V47/><F113/><W35/><G116/><T43/><D120/><U22/><E132/><V65/><F65/><W112/><G112/><T50/><D125/><U79/><E127/><V49/><F108/><W63/><G100/><N who="0" m="38507" /><D107/><U31/><E6/><V123/><F123/><W1/><G76/><T62/><D73/><U84/><E84/><V53/><F94/><W90/><G2/><T3/><D72/><U66/><E66/><V67/><F67/><W121/><G121/><T68/><D3/><U13/><E57/><V29/><F29/><N who="1" m="11337" /><E56/><V38/><F8/><W69/><G69/><T80/><D68/><U10/><E22/><V51/><REACH who="2" step="1"/><F0/><REACH who="2" ten="250,250,240,250" step="2"/><W74/><G1/><T36/><D80/><U135/><E10/><V70/><F70/><W124/><G124/><T109/><D109/><U89/><E135/><V23/><F23/><W87/><G11/><T24/><D21/><U75/><E75/><V60/><F60/><W129/><G63/><T37/><D62/><U128/><E128/><V133/><F133/><W32/><G61/><T78/><D37/><AGARI ba="0,1" hai="37,38,39,47,49,51,53,54,59,88,93,99,117,119" machi="37" ten="40,2600,0" yaku="1,1,54,1,53,0" doraHai="27" doraHaiUra="122" who="2" fromWho="0" sc="250,-26,250,0,240,36,250,0" /><INIT seed="1,0,0,3,0,102" ten="224,250,276,250" oya="1" hai0="43,129,93,73,112,7,9,80,67,118,92,88,17" hai1="35,23,116,66,103,83,131,18,78,12,27,60,59" hai2="94,28,127,96,36,48,97,44,4,65,50,119,99" hai3="8,40,87,104,53,68,125,41,29,51,42,25,63"/><U13/><E131/><V128/><F119/><W111/><G125/><T56/><D118/><U64/><E116/><V89/><F65/><W110/><G111/><T126/><D112/><U19/><E66/><V10/><F127/><W98/><G110/><T16/><D126/><U30/><E103/><V81/><F28/><W79/><G68/><T108/><D108/><U70/><E70/><V132/><F128/><W134/><G134/><T109/><D109/><U84/><REACH who="1" step="1"/><E19/><REACH who="1" ten="224,240,276,250" step="2"/><V49/><F132/><W6/><G42/><T82/><D129/><U54/><E54/><V33/><F36/><W95/><G41/><T37/><D43/><U2/><E2/><V124/><F124/><W135/><G40/><T90/><D37/><U76/><E76/><V72/><F44/><W71/><G71/><T1/><D67/><U52/><E52/><V85/><F4/><W106/><G6/><T62/><D1/><U38/><E38/><V14/><F72/><W69/><G69/><T61/><D73/><U46/><E46/><V20/><F10/><W101/><G8/><T86/><D7/><U26/><AGARI ba="0,1" hai="12,13,18,23,26,27,30,35,59,60,64,78,83,84" machi="26" ten="20,3900,0" yaku="1,1,0,1,7,1,53,0" doraHai="102" doraHaiUra="45" who="1" fromWho="1" sc="224,-13,240,49,276,-13,250,-13" /><INIT seed="1,1,0,4,2,5" ten="211,289,263,237" oya="1" hai0="7,109,35,112,11,111,100,60,43,65,28,94,103" hai1="80,81,12,45,77,79,57,98,106,4,76,33,51" hai2="23,83,73,84,9,32,50,85,63,120,52,107,14" hai3="26,41,130,0,121,8,19,74,131,104,123,82,37"/><U16/><E33/><V75/><F32/><W68/><G68/><T56/><D112/><U118/><E118/><V114/><F107/><W61/><G61/><T54/><D43/><N who="1" m="25023" /><E106/><V70/><F23/><N who="3" m="13695" /><G104/><T127/><D127/><U31/><E31/><V22/><F22/><W117/><G41/><T2/><D65/><U1/><E1/><V116/><F85/><W58/><G58/><T3/><D3/><U89/><E4/><V6/><F120/><N who="3" m="46155" /><G37/><T42/><D42/><U125/><E125/><V88/><F114/><W78/><G0/><T133/><D133/><U99/><E57/><V66/><F116/><W29/><G29/><T110/><REACH who="0" step="1"/><D94/><REACH who="0" ten="201,289,263,237" step="2"/><N who="1" m="56655" /><E99/><V134/><F134/><W122/><G122/><T69/><D69/><U20/><AGARI ba="1,1" hai="12,16,20,76,77,79,80,81" m="56655,25023" machi="20" ten="30,3000,0" yaku="8,1,54,1" doraHai="5" who="1" fromWho="1" sc="201,-11,289,43,263,-11,237,-11" /><INIT seed="1,2,0,2,2,91" ten="190,332,252,226" oya="1" hai0="3,98,101,131,37,6,127,13,48,8,49,110,27" hai1="126,33,124,53,34,83,103,71,115,129,121,102,109" hai2="117,29,82,45,134,119,64,18,93,67,24,84,108" hai3="4,106,19,38,43,90,125,12,60,80,72,122,52"/><U85/><E115/><V94/><F108/><W32/><G122/><T89/><D110/><U23/><E109/><V77/><F134/><W28/><G106/><T42/><D131/><U86/><E121/><V88/><F18/><W97/><G125/><T128/><D127/><N who="1" m="48683" /><E71/><V2/><F2/><W15/><G38/><T39/><D128/><U76/><E129/><V16/><F45/><W135/><G135/><T46/><D37/><U79/><E23/><N who="2" m="13415" /><F119/><W63/><G43/><T114/><D114/><U1/><E1/><V54/><F29/><W0/><G72/><T99/><D3/><U65/><E65/><N who="2" m="25163" /><F117/><W118/><G118/><T87/><D27/><U56/><E34/><V7/><F7/><W111/><G111/><T31/><D31/><U44/><E44/><V123/><F123/><W69/><G69/><T20/><D20/><U26/><E26/><V104/><F104/><W22/><G0/><T70/><D70/><U35/><E35/><V50/><F77/><W130/><G130/><T96/><REACH who="0" step="1"/><D101/><REACH who="0" ten="180,332,252,226" step="2"/><U73/><E103/><V21/><F21/><N who="3" m="11495" /><G32/><T41/><D41/><U68/><E68/><V107/><F107/><W120/><G120/><T132/><D132/><U25/><E33/><V47/><AGARI ba="2,1" hai="47,50,54,82,84,88,93,94" m="25163,13415" machi="47" ten="30,8000,1" yaku="8,1,52,2,54,2" doraHai="91" who="2" fromWho="2" sc="180,-22,332,-42,252,96,226,-22" /><INIT seed="2,0,0,1,4,53" ten="158,290,348,204" oya="2" hai0="104,103,135,121,49,58,86,108,44,3,85,40,33" hai1="80,21,89,5,125,14,63,127,107,62,94,13,41" hai2="78,36,20,48,74,106,84,0,120,67,30,12,55" hai3="101,42,100,4,39,47,37,105,31,6,56,133,128"/><V97/><F0/><W81/><G31/><T123/><D108/><U124/><E107/><V70/><F36/><W43/><G128/><T76/><D135/><U83/><E41/><V8/><F74/><W99/><G133/><T130/><D130/><U65/><E63/><V92/><F67/><W116/><G116/><T132/><D132/><U17/><E5/><V115/><F70/><W98/><G81/><T32/><D3/><U122/><E13/><V61/><F61/><W60/><G43/><T27/><D104/><U75/><E75/><V45/><F106/><W28/><G28/><T57/><D103/><U54/><E54/><V91/><F120/><W51/><G39/><T15/><D15/><U96/><REACH who="1" step="1"/><E122/><REACH who="1" ten="158,280,348,204" step="2"/><V77/><F115/><W118/><G37/><T22/><D121/><U93/><E93/><V46/><F84/><W24/><G42/><T73/><D123/><U50/><E50/><V9/><F55/><W10/><G51/><T87/><D73/><U18/><E18/><V35/><F48/><W69/><G105/><T126/><D76/><U90/><E90/><V19/><F78/><W59/><G101/><T1/><D1/><U26/><E26/><N who="2" m="18903" /><F77/><W71/><G100/><T11/><D126/><U52/><E52/><V79/><F79/><W72/><G72/><T114/><D114/><U34/><E34/><N who="0" m="13417" /><D11/><U38/><E38/><V131/><F8/><W95/><G10/><T113/><D113/><U129/><E129/><V111/><F131/><W25/><G60/><T82/><D82/><U119/><E119/><V23/><F9/><W117/><G95/><RYUUKYOKU ba="0,1" sc="158,10,280,10,348,-30,204,10" hai0="22,27,40,44,49,57,58,85,86,87" hai1="14,17,21,62,65,80,83,89,94,96,124,125,127" hai3="4,6,24,25,47,56,59,69,71,98,99,117,118" /><INIT seed="3,1,1,4,5,133" ten="168,290,318,214" oya="3" hai0="98,74,4,5,48,96,26,50,99,58,135,78,113" hai1="38,33,31,105,82,129,111,87,49,65,81,73,72" hai2="22,46,91,76,27,100,94,13,123,84,30,80,116" hai3="110,107,71,17,112,83,102,19,124,97,45,95,68"/><W79/><G112/><T85/><D113/><U106/><E38/><V56/><F116/><W51/><G110/><T6/><D135/><U118/><E65/><V54/><F123/><W63/><G107/><T60/><D74/><U115/><E115/><V41/><F13/><W131/><G131/><T120/><D120/><U44/><E111/><V40/><F100/><W90/><G102/><T28/><D78/><U35/><E129/><V43/><F46/><W7/><G63/><T108/><D85/><U69/><E118/><V52/><F56/><W0/><G71/><T61/><D108/><U134/><E69/><V66/><F66/><W42/><G68/><T15/><D15/><U8/><E134/><V10/><F10/><W12/><G0/><T25/><D28/><U37/><E37/><V127/><F127/><W23/><G124/><T11/><D11/><U62/><E8/><V59/><F59/><W86/><G23/><T34/><D34/><U39/><E39/><V119/><F119/><W20/><G20/><T57/><D6/><U53/><E62/><V67/><F67/><W1/><G1/><T64/><D98/><AGARI ba="1,1" hai="22,27,30,40,41,43,52,54,76,80,84,91,94,98" machi="98" ten="40,2600,0" yaku="8,1,54,1" doraHai="133" who="2" fromWho="0" sc="168,-29,290,0,318,39,214,0" owari="139,-36.1,290,9.0,357,45.7,214,-18.6" /></mjloggm>