<mjloggm ver="2.3"><GO type="225" lobby="0"/><UN n0="%E3%81%A8%E3%82%93%E3%81%A8%E3%81%93%E3%81%A8%E3%82%93" n1="%E3%81%82%E3%81%99%E3%81%AB%E3%82%83%E3%82%80" n2="%72%69%6F%75%63%68%61%6E" n3="%E6%9D%B1%E9%A2%A8%E3%81%AE%E3%81%8D%E3%82%83%E3%81%B7%E3%81%95%E3%82%93" dan="16,16,16,17" rate="2121.50,2091.98,2154.16,2197.88" sx="F,F,M,M"/><TAIKYOKU oya="0"/><INIT seed="0,0,0,4,3,46" ten="250,250,250,250" oya="0" hai0="6,126,48,64,118,42,5,101,9,22,98,125,34" hai1="23,76,95,120,16,68,59,83,56,69,17,90,71" hai2="133,127,77,62,18,96,40,128,111,51,110,33,32" hai3="10,28,74,63,86,58,135,65,134,1,113,131,3"/><T121/><D34/><U25/><E17/><V29/><F127/><N who="0" m="48650" /><D118/><U108/><E108/><N who="2" m="41515" /><F128/><W88/><G74/><T104/><D121/><U61/><E61/><V43/><F133/><N who="3" m="50699" /><G113/><T7/><D64/><U2/><E2/><V57/><F77/><W12/><G28/><T27/><D9/><U47/><E47/><N who="2" m="26087" /><F29/><W41/><G41/><T82/><D82/><U24/><E24/><V54/><F43/><W4/><G131/><T67/><D67/><U100/><E100/><V55/><F96/><W31/><G31/><N who="0" m="17911" /><D42/><U70/><N who="1" m="17408" /><DORA hai="13" /><U105/><E105/><V87/><F87/><W116/><G116/><T38/><D38/><U93/><E120/><V109/><N who="2" m="41523" /><V122/><DORA hai="52" /><F122/><W11/><G11/><T84/><D84/><U107/><E107/><V21/><F54/><W37/><G37/><T92/><D104/><U119/><E119/><V112/><F112/><W106/><G106/><T102/><D101/><U85/><REACH who="1" step="1"/><E95/><AGARI ba="0,0" hai="1,3,4,10,12,58,63,65,86,88,95" m="50699" machi="95" ten="30,3900,0" yaku="20,1,52,1,54,1" doraHai="46,13,52" who="3" fromWho="1" sc="250,0,250,-39,250,0,250,39" /><INIT seed="1,0,0,2,2,89" ten="250,211,250,289" oya="1" hai0="59,77,39,60,3,118,64,129,38,99,46,31,83" hai1="55,81,20,76,17,43,134,112,44,97,108,90,120" hai2="82,65,85,116,52,0,1,6,71,19,21,15,70" hai3="132,93,72,67,42,49,102,51,131,115,5,95,106"/><U13/><E112/><V35/><F116/><W58/><G72/><T105/><D118/><U23/><E120/><V47/><F35/><W33/><G33/><T56/><D3/><U9/><E134/><V62/><F71/><W84/><G115/><T45/><D129/><U61/><E108/><V28/><F28/><W40/><G132/><T48/><D31/><U109/><E109/><V75/><F75/><W66/><G131/><T128/><D128/><U133/><E133/><V113/><F113/><W79/><G5/><T32/><D32/><U30/><E30/><V69/><F70/><W121/><G121/><T87/><D56/><N who="1" m="34975" /><E76/><V103/><F103/><W101/><G106/><T18/><D46/><U11/><E11/><V8/><F47/><W104/><G104/><T12/><D99/><U7/><E7/><V14/><REACH who="2" step="1"/><F52/><REACH who="2" ten="250,211,240,289" step="2"/><W96/><G102/><T123/><D123/><U86/><E44/><V37/><F37/><W36/><G36/><T22/><D105/><U54/><E54/><AGARI ba="0,1" hai="12,18,22,38,39,45,48,54,59,60,64,77,83,87" machi="54" ten="30,1000,0" yaku="7,1" doraHai="89" who="0" fromWho="1" sc="250,20,211,-10,240,0,289,0" /><INIT seed="2,0,0,4,5,87" ten="270,201,240,289" oya="2" hai0="5,21,102,11,98,27,97,4,121,59,38,20,123" hai1="29,57,43,109,117,67,75,74,63,25,1,69,134" hai2="60,40,49,62,56,104,82,92,46,93,124,23,118" hai3="9,129,127,52,72,105,13,16,133,8,77,35,100"/><V108/><F118/><W94/><G105/><T61/><D38/><U101/><E109/><V107/><F124/><W2/><G35/><T126/><D126/><U132/><E117/><V44/><F108/><W47/><G127/><T66/><D97/><U95/><E1/><V86/><F107/><W54/><G133/><T30/><D20/><U6/><E6/><V22/><F104/><W85/><G72/><T71/><D71/><U89/><E101/><V70/><F70/><W76/><G129/><T53/><D53/><U55/><E43/><V130/><F130/><W119/><G119/><T96/><D96/><U110/><E110/><V45/><F62/><W33/><G33/><T34/><D34/><U10/><E10/><V18/><F45/><W28/><G28/><T106/><REACH who="0" step="1"/><D4/><REACH who="0" ten="260,201,240,289" step="2"/><U36/><E36/><V112/><F23/><W32/><G32/><T78/><D78/><U103/><E103/><V99/><F99/><W83/><G77/><T114/><D114/><U80/><E132/><V81/><F112/><W19/><G100/><T90/><D90/><U7/><E7/><V116/><F116/><W135/><G135/><T122/><D122/><U14/><E134/><V12/><F46/><W73/><G47/><T42/><D42/><U17/><E69/><V111/><F111/><W48/><G76/><T26/><D26/><U79/><E75/><V125/><F125/><W115/><G73/><T113/><D113/><U24/><E55/><N who="2" m="33823" /><F86/><W128/><G85/><T39/><D39/><U64/><E25/><V120/><F120/><W65/><G115/><T131/><D131/><RYUUKYOKU ba="0,1" sc="260,15,201,-15,240,15,289,-15" hai0="5,11,21,27,30,59,61,66,98,102,106,121,123" hai2="12,18,22,40,44,49,81,82,92,93" /><INIT seed="2,1,1,0,2,38" ten="275,186,255,274" oya="2" hai0="120,71,103,131,79,106,81,44,20,117,83,66,84" hai1="37,130,61,11,50,110,13,119,25,74,10,126,47" hai2="48,75,60,92,133,67,57,86,113,108,23,15,12" hai3="39,107,0,122,93,33,34,82,19,124,68,104,69"/><V95/><F113/><W6/><G93/><T99/><D120/><U77/><E119/><V43/><F75/><W118/><G19/><T134/><D134/><U64/><E110/><V36/><F36/><W128/><G82/><T88/><D131/><U59/><E130/><V4/><F133/><W127/><G128/><T56/><D71/><N who="3" m="27209" /><G39/><T58/><D117/><U14/><E37/><V30/><F108/><W94/><G94/><N who="2" m="35881" /><F86/><W89/><G89/><T42/><D20/><U54/><E126/><N who="3" m="48170" /><G118/><T41/><D66/><U53/><E25/><N who="2" m="16703" /><F4/><W18/><G18/><T63/><D83/><U109/><E109/><V102/><F102/><W98/><G122/><T105/><D105/><N who="3" m="40521" /><G98/><T70/><D79/><U123/><E123/><V101/><F101/><W65/><G65/><T97/><D70/><U24/><E24/><V28/><F28/><W5/><G0/><T46/><D97/><U85/><E74/><V17/><F17/><W62/><G62/><T52/><REACH who="0" step="1"/><D58/><REACH who="0" ten="265,186,255,274" step="2"/><N who="1" m="36919" /><E77/><V112/><F112/><W29/><G29/><T55/><D55/><U114/><E114/><V96/><F96/><W32/><AGARI ba="1,2" hai="5,6,32,33,34" m="40521,48170,27209" machi="32" ten="50,8000,1" yaku="28,2,26,2,18,1" doraHai="38" who="3" fromWho="3" sc="265,-21,186,-21,255,-41,274,103" /><INIT seed="3,0,0,0,0,17" ten="244,165,214,377" oya="3" hai0="63,19,94,2,15,58,24,47,68,73,26,128,77" hai1="56,30,111,67,133,6,45,14,5,102,130,27,86" hai2="55,8,46,25,122,61,87,44,48,110,34,33,123" hai3="59,100,101,70,64,104,119,83,84,12,37,29,109"/><W96/><G37/><T20/><D68/><U113/><E113/><V131/><F110/><W69/><G101/><T9/><D128/><U88/><E111/><V50/><F131/><W105/><G105/><T120/><D120/><N who="2" m="46122" /><F8/><W81/><G81/><T22/><D2/><U106/><E130/><V18/><F61/><W76/><G119/><T127/><D127/><U54/><E133/><V13/><F25/><W42/><G29/><T52/><D73/><U40/><E67/><V89/><F13/><W115/><G109/><T51/><D77/><U125/><E125/><V117/><F18/><W90/><G115/><T103/><D26/><U114/><E114/><V132/><F117/><W31/><G31/><T60/><D47/><U32/><E14/><V92/><F132/><W53/><G12/><T72/><D72/><U126/><E126/><V66/><F66/><W121/><G64/><T82/><D82/><U1/><E1/><V65/><F65/><W4/><G121/><T91/><D103/><U10/><E10/><V107/><F107/><W99/><G104/><T85/><D22/><N who="1" m="15735" /><E102/><V134/><F134/><W49/><G100/><T71/><D71/><U38/><E38/><V116/><F116/><W79/><G70/><T129/><D129/><U108/><E32/><V80/><F80/><W39/><G69/><T36/><D36/><U62/><E106/><V21/><F21/><W93/><G39/><T7/><AGARI ba="0,0" hai="7,9,15,19,20,24,51,52,58,60,63,85,91,94" machi="7" ten="20,8000,1" yaku="0,1,7,1,8,1,52,1,54,1" doraHai="17" who="0" fromWho="0" sc="244,80,165,-20,214,-20,377,-40" owari="324,12.4,145,-35.5,194,-20.6,337,43.7" /></mjloggm>