<mjloggm ver="2.3"><GO type="225" lobby="0"/><UN n0="%E3%82%B3%E3%83%90%E3%83%AC%E3%82%A4" n1="%74%61%6B%75%61%6B%61" n2="%E7%89%B9%E6%9D%B1%E3%81%AF%E4%B8%96%E7%95%8C%E3%82%92%E6%95%91%E3%81%86" n3="%E3%83%8F%E3%83%B3%E3%83%89%E3%83%A9%E3%83%BC%E3%83%BB%E3%83%AF%E3%83%B3" dan="16,16,16,17" rate="2104.82,2092.93,2049.66,2191.92" sx="M,M,M,M"/><TAIKYOKU oya="0"/><INIT seed="0,0,0,0,5,125" ten="250,250,250,250" oya="0" hai0="56,89,131,55,35,113,6,49,91,70,21,105,114" hai1="93,2,5,76,12,0,14,17,50,116,88,25,38" hai2="64,106,9,44,18,108,3,123,115,78,34,120,72" hai3="1,87,31,71,20,127,104,58,117,29,40,47,30"/><T75/><D105/><U97/><E38/><V37/><F115/><W121/><G71/><T53/><D75/><U10/><E116/><V96/><F18/><W46/><G117/><T82/><D70/><U112/><E112/><V15/><F15/><W45/><G1/><T69/><D35/><U90/><E76/><V99/><F64/><W111/><G104/><T51/><D69/><U4/><E25/><V101/><F99/><W81/><G111/><T80/><D6/><U128/><E128/><V32/><F108/><W59/><G127/><T73/><D73/><U48/><E90/><V27/><F27/><W134/><G134/><T130/><D56/><N who="3" m="21545" /><G121/><N who="2" m="46665" /><F9/><W126/><G126/><T84/><D84/><U52/><E48/><V41/><F3/><W135/><G135/><T98/><D98/><U129/><E129/><V103/><F103/><W118/><G118/><T110/><D21/><U74/><E74/><V67/><F67/><W23/><G40/><T8/><D8/><U16/><E0/><V119/><F119/><W7/><G7/><T57/><D57/><N who="1" m="32919" /><E2/><V24/><F24/><W19/><G19/><T54/><REACH who="0" step="1"/><D54/><REACH who="0" ten="240,250,250,250" step="2"/><U124/><E124/><V68/><F68/><W62/><G62/><T13/><D13/><U83/><E83/><AGARI ba="0,1" hai="32,34,37,41,44,72,78,83,96,101,106" m="46665" machi="83" ten="30,1000,0" yaku="23,1" doraHai="125" who="2" fromWho="1" sc="240,0,250,-10,250,20,250,0" /><INIT seed="1,0,0,4,4,34" ten="240,240,270,250" oya="1" hai0="2,7,109,4,54,101,61,68,66,45,123,3,35" hai1="19,5,16,117,122,60,96,26,39,23,116,94,92" hai2="80,29,47,36,59,44,86,95,38,83,13,97,106" hai3="103,37,11,124,1,100,90,85,74,102,28,87,82"/><U69/><E122/><V6/><F106/><W88/><G37/><T126/><D123/><U65/><E39/><V30/><F38/><W84/><G28/><T104/><D126/><U79/><E79/><V63/><F6/><W115/><G115/><T46/><D109/><U14/><E5/><V10/><F13/><W119/><G11/><T89/><D89/><N who="3" m="34409" /><G1/><T131/><D131/><U78/><E78/><N who="2" m="46359" /><F10/><W107/><G124/><T40/><D7/><U41/><E41/><V99/><F83/><W130/><G130/><T31/><D4/><U27/><E27/><V52/><F99/><N who="3" m="61855" /><G119/><T91/><D91/><U15/><E26/><V110/><F110/><W57/><G57/><T133/><D54/><U8/><REACH who="1" step="1"/><E96/><REACH who="1" ten="240,230,270,250" step="2"/><V50/><F36/><W81/><G81/><T56/><D40/><U127/><E127/><V105/><F97/><W53/><G53/><T125/><D125/><U113/><E113/><V64/><F52/><W67/><G67/><T72/><D66/><U134/><E134/><V112/><F112/><W71/><G71/><T25/><D68/><U21/><E21/><V114/><F114/><W42/><G42/><T73/><D133/><U108/><E108/><V48/><F64/><W76/><AGARI ba="0,1" hai="74,76,82,84,85,87,102,103" m="61855,34409" machi="76" ten="30,12000,2" yaku="35,5,54,1" doraHai="34" who="3" fromWho="3" sc="240,-30,230,-60,270,-30,250,130" /><INIT seed="2,0,0,3,4,2" ten="210,170,240,380" oya="2" hai0="122,117,16,11,91,87,134,57,12,8,126,48,68" hai1="88,13,7,43,41,50,18,0,108,33,85,27,121" hai2="6,73,39,111,22,51,97,38,76,79,24,25,135" hai3="90,4,94,56,40,132,113,112,35,103,92,5,9"/><V102/><F135/><W100/><G35/><T60/><D117/><U98/><E108/><V54/><F111/><W45/><G56/><T119/><D119/><U44/><E121/><V21/><F73/><W77/><G77/><T62/><D134/><U83/><E98/><V81/><F6/><N who="3" m="2667" /><G9/><T37/><D37/><U80/><E80/><V53/><F97/><N who="3" m="57495" /><G94/><T49/><D122/><U67/><E67/><V46/><F81/><W131/><G131/><T116/><D116/><U29/><E7/><V99/><F99/><W69/><G69/><T130/><D130/><U64/><E64/><V17/><F102/><W10/><G10/><T36/><D36/><U107/><E107/><V93/><F93/><W110/><G110/><T115/><D68/><U125/><E0/><V96/><F96/><W1/><G1/><T101/><D101/><U19/><E41/><V75/><F75/><W14/><G14/><T74/><D74/><U86/><E86/><V133/><F133/><W114/><G132/><T89/><D87/><U28/><E28/><N who="2" m="17423" /><F79/><W42/><G42/><T55/><D89/><U52/><E43/><N who="2" m="25055" /><F76/><W47/><G47/><T105/><D91/><U26/><E26/><V109/><F109/><W15/><G15/><T128/><D105/><U31/><E31/><V104/><F104/><W59/><G59/><T34/><D128/><U123/><E123/><V63/><F63/><W78/><G78/><T61/><D62/><U72/><E72/><V30/><F30/><W95/><G95/><T66/><D60/><U129/><E129/><V3/><F3/><W84/><G84/><RYUUKYOKU ba="0,0" sc="210,-15,170,-15,240,15,380,15" hai2="17,22,25,38,39,53,54" hai3="40,45,100,103,112,113,114" /><INIT seed="2,1,0,4,1,94" ten="195,155,255,395" oya="2" hai0="113,48,46,68,110,96,37,84,61,95,73,24,67" hai1="0,20,91,1,126,49,90,15,7,65,116,47,120" hai2="89,70,75,42,44,28,117,102,125,18,29,43,33" hai3="53,64,100,101,21,13,10,99,66,85,4,123,12"/><V104/><F117/><W38/><G38/><T134/><D113/><U19/><E116/><V35/><F70/><W81/><G123/><T60/><D73/><U32/><E32/><V77/><F125/><W31/><G53/><T115/><D115/><U57/><E126/><V8/><F43/><W59/><G99/><T23/><D37/><U14/><E120/><V54/><F54/><W76/><G59/><T25/><D134/><U78/><E78/><V6/><F18/><N who="3" m="10439" /><G31/><T111/><D84/><U30/><E30/><V128/><F29/><W130/><G130/><T118/><D61/><N who="1" m="38063" /><E0/><V88/><F128/><W98/><G101/><T55/><D118/><U119/><E1/><V69/><F69/><W80/><G80/><T62/><D62/><U97/><E97/><V58/><F58/><W106/><G106/><T50/><D50/><U71/><E71/><V107/><F107/><W87/><G87/><T51/><D51/><U131/><E131/><V122/><F122/><W52/><G52/><T93/><D93/><U39/><E39/><N who="2" m="21599" /><F102/><W127/><G127/><T92/><D92/><U112/><E112/><V22/><F104/><W56/><G56/><T11/><D68/><U41/><E119/><V34/><F28/><W27/><G100/><N who="0" m="60447" /><D67/><U121/><E121/><V82/><F75/><W3/><G66/><T114/><D114/><U105/><E105/><V129/><F129/><W108/><G64/><T83/><D60/><U135/><E135/><V17/><F77/><W86/><G76/><T133/><D133/><U109/><E109/><V16/><F34/><W72/><G72/><RYUUKYOKU ba="1,0" sc="195,-10,155,30,255,-10,395,-10" hai1="7,14,15,19,20,41,47,49,90,91" /><INIT seed="3,2,0,1,4,76" ten="185,185,245,385" oya="3" hai0="126,96,113,86,19,2,41,53,85,1,27,108,60" hai1="26,20,33,18,48,61,97,75,134,84,74,79,124" hai2="9,52,35,132,98,8,118,135,67,12,131,39,23" hai3="34,69,77,83,87,114,42,130,120,129,59,109,111"/><W106/><G114/><T95/><D113/><U30/><E124/><V123/><F118/><W43/><G69/><T13/><D126/><U54/><E134/><V112/><F35/><W5/><G120/><T125/><D125/><U100/><E61/><V44/><F112/><W46/><G106/><T36/><D108/><N who="3" m="41545" /><G34/><T127/><D127/><U24/><E84/><V133/><F131/><W107/><G107/><T63/><D1/><U115/><E115/><V117/><F67/><W81/><G5/><T16/><D2/><U70/><E79/><V25/><F98/><W82/><G43/><T93/><D41/><U32/><E32/><V56/><F123/><W88/><G59/><T47/><D36/><U55/><E70/><V31/><F39/><N who="3" m="21855" /><G77/><T104/><D104/><U10/><E10/><V37/><F37/><W6/><G6/><T66/><D66/><U49/><E49/><N who="2" m="30735" /><F44/><W65/><G65/><T11/><D47/><U99/><E55/><V92/><F9/><W128/><AGARI ba="2,0" hai="81,82,83,87,88,128,129,130" m="21855,41545" machi="128" ten="40,18000,2" yaku="19,1,14,1,10,1,52,3,54,1" doraHai="76" who="3" fromWho="3" sc="185,-62,185,-62,245,-62,385,186" owari="123,-27.7,123,-37.7,183,-1.7,571,67.1" /></mjloggm>