<mjloggm ver="2.3"><GO type="225" lobby="0"/><UN n0="%E5%84%AA%40%41%42%43" n1="%E3%81%BF%E3%81%BF%E3%81%9A" n2="%E3%81%A9%E3%82%8F%E3%82%93%E3%81%94" n3="%E5%AE%AE%E4%BF%9D%E9%B6%8F%E8%82%89" dan="17,17,16,16" rate="2235.70,2185.02,2162.13,2140.13" sx="M,M,M,M"/><TAIKYOKU oya="0"/><INIT seed="0,0,0,5,0,111" ten="250,250,250,250" oya="0" hai0="60,128,123,133,7,50,34,99,6,109,69,54,95" hai1="8,53,89,119,20,27,116,24,57,77,31,73,74" hai2="13,52,80,135,33,68,4,37,32,92,83,12,45" hai3="90,104,113,103,71,2,87,42,97,78,117,126,108"/><T39/><D123/><U14/><E89/><V5/><F68/><W43/><G71/><T129/><D39/><U81/><E27/><V51/><F37/><W125/><G2/><T127/><D34/><U17/><REACH who="1" step="1"/><E73/><REACH who="1" ten="250,240,250,250" step="2"/><V59/><F33/><W118/><G90/><T131/><D109/><U36/><E36/><V100/><F32/><W19/><G108/><T114/><D133/><U105/><E105/><V29/><F135/><W46/><G104/><T10/><D127/><U107/><E107/><V86/><F29/><W61/><G125/><T91/><D114/><U96/><E96/><N who="2" m="59399" /><F83/><W1/><G97/><T38/><D38/><U48/><AGARI ba="0,1" hai="8,14,17,20,24,31,48,53,57,74,77,81,116,119" machi="48" ten="20,5200,0" yaku="1,1,0,1,7,1,53,1" doraHai="111" doraHaiUra="15" who="1" fromWho="1" sc="250,-26,240,62,250,-13,250,-13" /><INIT seed="1,0,0,3,0,45" ten="224,302,237,237" oya="1" hai0="91,118,64,109,130,104,22,23,20,105,110,57,27" hai1="1,107,24,26,122,40,128,100,38,74,124,16,96" hai2="9,56,123,71,86,6,75,135,48,5,54,132,76" hai3="115,134,85,34,83,12,99,90,77,120,116,33,114"/><U73/><E122/><V47/><F123/><W31/><G120/><T129/><D118/><U8/><E128/><N who="0" m="49257" /><D91/><U58/><E124/><V36/><F75/><W3/><G3/><T43/><D43/><U95/><E38/><V101/><F101/><W92/><G116/><T42/><D42/><U127/><E127/><V0/><F6/><W60/><G134/><N who="2" m="51241" /><F71/><W44/><G44/><T98/><D27/><U15/><E40/><N who="2" m="22919" /><F86/><W106/><G12/><T19/><D19/><U21/><E26/><V32/><F76/><W25/><G34/><AGARI ba="0,0" hai="0,5,9,32,34,48,54,56" m="22919,51241" machi="34" ten="30,2000,0" yaku="20,1,52,1" doraHai="45" who="2" fromWho="3" sc="224,0,302,0,237,20,237,-20" /><INIT seed="2,0,0,4,0,74" ten="224,302,257,217" oya="2" hai0="15,127,112,110,64,71,5,78,60,31,52,18,53" hai1="88,51,105,63,12,38,37,16,11,19,76,33,128" hai2="84,123,109,55,21,34,79,98,108,54,48,111,6" hai3="90,49,1,95,102,56,115,85,59,39,22,125,3"/><V130/><F123/><W23/><G39/><T2/><D112/><U73/><E105/><V80/><F34/><W43/><G115/><T67/><D110/><U0/><E33/><V24/><F130/><W101/><G125/><T133/><D127/><U41/><E128/><V62/><F6/><W50/><G1/><T113/><D113/><U17/><E0/><V8/><F8/><W107/><G3/><T117/><D31/><U32/><E32/><V134/><F134/><W13/><G107/><T135/><D117/><U58/><E51/><V65/><F98/><W93/><G13/><T42/><D42/><U122/><E122/><V103/><F103/><W47/><G50/><T97/><D67/><U69/><E69/><N who="2" m="42167" /><F48/><W87/><G87/><T94/><D5/><U68/><E68/><V72/><F72/><W44/><G44/><T4/><D4/><U126/><E126/><V81/><F81/><W116/><G116/><T132/><D78/><U26/><E76/><V57/><F57/><N who="3" m="22091" /><G95/><T7/><D7/><N who="1" m="3199" /><E73/><V96/><F96/><W120/><G120/><T100/><REACH who="0" step="1"/><D2/><REACH who="0" ten="214,302,257,217" step="2"/><U10/><E41/><V99/><F99/><W27/><G22/><AGARI ba="0,1" hai="15,18,22,52,53,60,64,71,94,97,100,132,133,135" machi="22" ten="40,8000,1" yaku="1,1,2,1,20,1,54,1,53,0" doraHai="74" doraHaiUra="28" who="0" fromWho="3" sc="214,90,302,0,257,0,217,-80" /><INIT seed="3,0,0,3,2,21" ten="304,302,257,137" oya="3" hai0="29,3,77,130,114,126,106,1,127,69,22,113,99" hai1="68,80,84,124,123,41,44,97,30,109,102,48,132" hai2="82,95,27,6,59,60,88,11,14,78,25,66,24" hai3="8,91,47,35,58,13,118,40,107,12,92,100,125"/><W108/><G125/><N who="0" m="47627" /><D69/><U79/><E124/><V98/><F27/><W53/><G118/><T119/><D119/><U70/><E123/><V121/><F121/><W131/><G131/><T101/><D130/><U7/><E109/><V34/><F34/><W49/><G35/><T117/><D117/><U120/><E120/><V62/><F62/><W71/><G71/><T45/><D77/><U72/><E30/><V122/><F122/><W105/><G108/><T17/><D29/><U50/><E132/><V43/><F43/><W74/><G74/><AGARI ba="0,0" hai="6,11,14,24,25,59,60,66,74,78,82,88,95,98" machi="74" ten="30,7700,0" yaku="7,1,52,2,54,1" doraHai="21" who="2" fromWho="3" sc="304,0,302,0,257,77,137,-77" owari="304,10.4,302,-9.8,334,43.4,60,-44.0" /></mjloggm>