<mjloggm ver="2.3"><GO type="225" lobby="0"/><UN n0="%E7%82%8E%E3%81%AE%E3%83%88%E3%83%AC%E3%83%BC%E3%83%80%E3%83%BC" n1="%E9%80%9F%E6%B0%B4%E5%87%9B%E9%A6%99" n2="%E3%81%82%E3%83%BC%E3%81%97" n3="%E5%B8%86%E7%AB%8B%E5%A4%8F%E8%A1%A3" dan="16,16,16,17" rate="2147.65,2141.80,2086.36,2182.22" sx="M,F,M,M"/><TAIKYOKU oya="0"/><INIT seed="0,0,0,4,4,4" ten="250,250,250,250" oya="0" hai0="7,86,82,79,78,121,81,40,84,75,65,29,77" hai1="94,83,107,16,106,42,115,55,54,3,58,13,110" hai2="31,0,44,98,23,15,64,133,101,20,119,24,19" hai3="66,49,127,134,128,131,123,114,113,52,72,2,45"/><T5/><D121/><U30/><E115/><N who="3" m="44042" /><G72/><T69/><D29/><U10/><E110/><V87/><F133/><W47/><G2/><T71/><D65/><U53/><E42/><V90/><F119/><W76/><G76/><T61/><D61/><U50/><E83/><V125/><F125/><W112/><N who="3" m="44050" /><W108/><DORA hai="33" /><G108/><T21/><D21/><U41/><E41/><V109/><F109/><W34/><G34/><T117/><D75/><U74/><E74/><V46/><F64/><W35/><G35/><T63/><D63/><U12/><E30/><V80/><REACH who="2" step="1"/><F0/><REACH who="2" ten="250,250,240,250" step="2"/><W73/><G127/><T91/><D117/><U43/><E3/><V17/><F17/><W100/><G134/><T89/><REACH who="0" step="1"/><D40/><REACH who="0" ten="240,250,240,250" step="2"/><U116/><E43/><V14/><F14/><W27/><G66/><T102/><D102/><U96/><E13/><V67/><F67/><W6/><G100/><T124/><D124/><U56/><E12/><V104/><AGARI ba="0,2" hai="15,19,20,23,24,31,44,46,80,87,90,98,101,104" machi="104" ten="20,5200,0" yaku="1,1,0,1,7,1,53,1" doraHai="4,33" doraHaiUra="122,99" who="2" fromWho="2" sc="240,-26,250,-13,240,72,250,-13" /><INIT seed="1,0,0,4,2,50" ten="214,237,312,237" oya="1" hai0="130,14,60,46,26,53,106,112,101,38,103,21,69" hai1="18,59,1,8,36,37,80,94,127,84,96,89,45" hai2="133,72,64,123,124,29,24,92,116,19,100,78,82" hai3="114,93,119,121,20,49,75,5,97,4,25,83,131"/><U11/><E127/><V17/><F116/><W56/><G121/><T22/><D112/><U40/><E36/><V120/><F133/><W115/><G119/><T2/><D2/><U65/><E1/><V129/><F129/><W7/><G131/><T113/><D130/><U63/><REACH who="1" step="1"/><E18/><REACH who="1" ten="214,227,312,237" step="2"/><V34/><F19/><W52/><G115/><T132/><D113/><U44/><E44/><V88/><F17/><N who="3" m="12431" /><G114/><T61/><D38/><U16/><E16/><V32/><F124/><W51/><G75/><T23/><D14/><U9/><E9/><V134/><F123/><W42/><G83/><T71/><D26/><U12/><E12/><V70/><F24/><W41/><G49/><T73/><D73/><U15/><E15/><V66/><F82/><W135/><G135/><T67/><D61/><U31/><E31/><V68/><F29/><W126/><G126/><T117/><D60/><U10/><E10/><V111/><F72/><W0/><G0/><T62/><D132/><U77/><AGARI ba="0,1" hai="8,11,37,40,45,59,63,65,77,80,84,89,94,96" machi="77" ten="20,3900,0" yaku="1,1,0,1,7,1,53,0" doraHai="50" doraHaiUra="105" who="1" fromWho="1" sc="214,-13,227,49,312,-13,237,-13" /><INIT seed="1,1,0,2,5,82" ten="201,276,299,224" oya="1" hai0="85,10,62,94,11,36,107,7,49,76,74,120,34" hai1="128,15,17,53,122,86,20,102,121,42,124,105,48" hai2="29,88,63,14,109,127,64,112,45,23,56,69,106" hai3="41,89,108,3,79,0,12,92,95,97,71,113,110"/><U119/><E119/><V21/><F106/><W27/><G71/><T132/><D36/><U61/><E128/><V44/><F109/><N who="3" m="42091" /><G113/><T91/><D34/><U33/><E33/><V39/><F127/><W16/><G41/><T114/><D120/><U77/><E124/><V125/><F125/><W84/><G27/><T75/><D114/><U116/><E116/><V68/><F112/><W47/><G47/><T30/><D132/><U51/><E122/><V103/><F103/><N who="3" m="60839" /><G79/><T72/><D30/><U134/><E134/><V6/><F69/><W40/><G40/><T60/><D107/><U87/><E105/><V65/><F39/><W93/><G95/><T43/><D76/><U90/><E121/><V25/><F65/><W126/><G126/><T24/><D24/><U32/><E102/><V13/><F68/><W52/><G52/><T46/><REACH who="0" step="1"/><D11/><AGARI ba="1,0" hai="0,3,11,12,16,84,89,93" m="60839,42091" machi="11" ten="30,3900,0" yaku="14,1,52,1,54,1" doraHai="82" who="3" fromWho="0" sc="201,-42,276,0,299,0,224,42" /><INIT seed="2,0,0,1,5,39" ten="159,276,299,266" oya="2" hai0="24,123,7,45,68,15,23,9,1,126,88,70,85" hai1="20,8,133,84,121,79,115,93,113,99,128,122,11" hai2="56,13,67,100,38,131,34,129,107,77,125,120,73" hai3="42,135,78,17,110,14,112,27,51,5,3,118,104"/><V31/><F120/><N who="1" m="46185" /><E133/><V76/><F38/><W0/><G104/><T4/><D123/><U32/><E32/><V114/><F114/><N who="1" m="43529" /><E128/><N who="2" m="49227" /><F73/><W117/><G112/><T108/><D108/><U102/><E20/><V61/><F125/><W40/><G110/><T83/><D126/><U12/><E12/><V19/><F31/><W66/><G135/><T58/><D7/><U18/><E18/><V105/><F34/><W106/><G106/><N who="2" m="40457" /><F100/><W96/><G14/><T55/><D1/><U35/><E35/><V10/><AGARI ba="0,0" hai="10,13,19,56,61,67,76,77" m="40457,49227" machi="10" ten="30,1500,0" yaku="19,1" doraHai="39" who="2" fromWho="2" sc="159,-5,276,-5,299,15,266,-5" /><INIT seed="2,1,0,0,3,63" ten="154,271,314,261" oya="2" hai0="113,23,73,48,22,5,26,57,72,89,25,111,97" hai1="135,129,14,28,74,18,75,92,88,33,79,99,50" hai2="6,51,13,87,35,37,9,130,94,34,19,10,49" hai3="114,78,128,109,127,104,44,0,4,41,122,56,115"/><V17/><F37/><W53/><G109/><T71/><D71/><U27/><E129/><V123/><F123/><W52/><G104/><T126/><D111/><U45/><E135/><V119/><F119/><W96/><G96/><T95/><D113/><N who="3" m="43017" /><G78/><T131/><D131/><U65/><E79/><V42/><F130/><W62/><G128/><T47/><D126/><U121/><E121/><V20/><F35/><W133/><G122/><T66/><D5/><U85/><E99/><V93/><F34/><W24/><G24/><T76/><D76/><U105/><E105/><V12/><F42/><W134/><G127/><T116/><D116/><U31/><E31/><V61/><F61/><W40/><G4/><T8/><D8/><U91/><E91/><V54/><F87/><W80/><G80/><T103/><D89/><U39/><E39/><V38/><F38/><N who="3" m="21527" /><G41/><T81/><D81/><U2/><E2/><V106/><F51/><N who="3" m="30751" /><G0/><T110/><D110/><U100/><E100/><V69/><F106/><W107/><G107/><T59/><D73/><U70/><E50/><V3/><F93/><W83/><G83/><T64/><D72/><U118/><E118/><V30/><F94/><W1/><G1/><T77/><D77/><U117/><E117/><V82/><F82/><W84/><G84/><T58/><D25/><U32/><E32/><V43/><F43/><W29/><G29/><N who="0" m="17623" /><D23/><N who="1" m="11735" /><E45/><N who="2" m="27951" /><F30/><W67/><G53/><AGARI ba="1,0" hai="47,48,53,57,58,59,64,66,95,97,103" m="17623" machi="53" ten="30,3900,0" yaku="8,1,52,2" doraHai="63" who="0" fromWho="3" sc="154,42,271,0,314,0,261,-42" /><INIT seed="3,0,0,1,2,59" ten="196,271,314,219" oya="3" hai0="45,13,88,5,96,131,24,92,54,100,99,109,52" hai1="55,21,104,124,106,108,43,66,125,115,79,68,25" hai2="60,32,48,116,44,112,31,67,35,130,19,98,70" hai3="47,120,57,2,58,11,51,30,103,90,27,26,23"/><W78/><G120/><T73/><D73/><U75/><E43/><V72/><F116/><W40/><G103/><T110/><D24/><U69/><E55/><V33/><F72/><W121/><G121/><T53/><D131/><U56/><E56/><V9/><F112/><W76/><G2/><T83/><D45/><U38/><E38/><V128/><F98/><W17/><G90/><T107/><REACH who="0" step="1"/><D83/><REACH who="0" ten="186,271,314,219" step="2"/><U94/><E75/><V14/><REACH who="2" step="1"/><F31/><REACH who="2" ten="186,271,304,219" step="2"/><W126/><G30/><T89/><D89/><U105/><E115/><V62/><F62/><W77/><G77/><T87/><D87/><U102/><E79/><V41/><AGARI ba="0,2" hai="9,14,19,32,33,35,41,44,48,60,67,70,128,130" machi="41" ten="40,5200,0" yaku="1,1,0,1,52,1,53,0" doraHai="59" doraHaiUra="123" who="2" fromWho="2" sc="186,-13,271,-13,304,72,219,-26" owari="173,-32.7,258,5.8,376,47.6,193,-20.7" /></mjloggm>