<mjloggm ver="2.3"><GO type="225" lobby="0"/><UN n0="%E6%A1%9C%E8%8A%B1%E9%96%83%E3%80%85" n1="%E8%81%B7%E6%A5%AD%E3%80%81%E9%A2%A8%32" n2="%33%74%72%65%65" n3="%E3%81%9F%E3%81%8C%E3%82%84%E3%81%99" dan="17,16,16,17" rate="2148.66,2147.65,2145.95,2193.44" sx="M,M,F,M"/><TAIKYOKU oya="0"/><INIT seed="0,0,0,4,1,95" ten="250,250,250,250" oya="0" hai0="51,52,30,98,83,128,105,32,134,104,118,101,135" hai1="3,91,67,125,13,69,37,106,124,50,93,85,18" hai2="111,107,131,60,14,41,110,33,109,88,0,39,16" hai3="68,122,55,100,4,103,6,132,112,26,75,126,76"/><T120/><D118/><U54/><E37/><V117/><F131/><W94/><G68/><T89/><D120/><U20/><E3/><V44/><F117/><W81/><G112/><T78/><D128/><U86/><E106/><V29/><F0/><W65/><G65/><T130/><D130/><U40/><E40/><V2/><F2/><W61/><G122/><T5/><D5/><U113/><E113/><V63/><F107/><W57/><G132/><N who="0" m="50731" /><D89/><U35/><E35/><V129/><F129/><W19/><G126/><N who="1" m="48746" /><E67/><V7/><F7/><W99/><G103/><T115/><D115/><U90/><E69/><V127/><F88/><N who="1" m="33833" /><E93/><V17/><F127/><W84/><G75/><N who="0" m="43487" /><D105/><U79/><E79/><V74/><F74/><W9/><G9/><T77/><D77/><U25/><E25/><N who="2" m="18607" /><F14/><W42/><G42/><T45/><D32/><U28/><E28/><AGARI ba="0,0" hai="28,30,45,51,52,98,101,104" m="43487,50731" machi="28" ten="30,5800,0" yaku="20,1,52,1,54,1" doraHai="95" who="0" fromWho="1" sc="250,58,250,-58,250,0,250,0" /><INIT seed="0,1,0,4,5,32" ten="308,192,250,250" oya="0" hai0="4,55,73,12,58,106,63,65,78,125,119,2,50" hai1="0,14,85,53,33,49,8,26,59,43,35,108,22" hai2="11,77,95,93,90,131,91,21,127,86,128,27,81" hai3="28,109,17,97,1,30,57,130,13,44,121,135,69"/><T101/><D119/><U123/><E123/><V20/><F127/><W60/><G69/><T34/><D34/><U56/><E108/><V107/><F107/><W103/><G109/><T133/><D125/><U102/><E102/><V52/><F11/><W132/><G44/><T104/><D133/><N who="3" m="51273" /><G130/><N who="2" m="49705" /><F52/><N who="3" m="33831" /><G121/><T84/><D73/><U9/><E43/><V70/><F70/><W120/><G120/><T89/><D78/><U134/><E134/><V96/><F27/><W99/><G99/><AGARI ba="1,0" hai="20,21,77,81,86,90,91,93,95,96,99" m="49705" machi="99" ten="30,1000,0" yaku="19,1" doraHai="32" who="2" fromWho="3" sc="308,0,192,0,250,13,250,-13" /><INIT seed="1,0,0,4,2,71" ten="308,192,263,237" oya="1" hai0="115,50,8,129,75,106,93,104,87,30,99,120,109" hai1="101,64,123,58,3,10,22,92,114,41,23,61,42" hai2="35,63,0,82,54,113,122,131,98,7,128,127,65" hai3="40,86,74,118,12,21,62,124,68,70,85,57,34"/><U49/><E123/><V31/><F122/><W116/><G34/><T43/><D120/><U66/><E114/><V56/><F113/><W97/><G74/><T69/><D75/><U103/><E66/><V2/><F127/><W38/><G97/><T78/><D69/><N who="3" m="26729" /><G12/><T102/><D109/><U48/><E3/><N who="2" m="1067" /><F7/><W117/><G21/><N who="1" m="7690" /><E10/><V95/><F82/><W126/><G85/><T53/><D129/><N who="2" m="49738" /><F31/><W33/><G86/><T73/><D87/><U121/><E121/><V77/><F77/><W105/><G33/><T130/><D130/><U81/><E81/><V67/><F35/><W17/><G17/><T46/><D115/><U135/><E135/><V25/><F25/><W90/><G90/><AGARI ba="0,0" hai="54,56,63,65,67,90,95,98" m="49738,1067" machi="90" ten="30,1000,0" yaku="19,1" doraHai="71" who="2" fromWho="3" sc="308,0,192,0,263,10,237,-10" /><INIT seed="2,0,0,5,1,9" ten="308,192,273,227" oya="2" hai0="48,133,8,60,15,94,120,112,12,5,35,95,7" hai1="56,105,31,53,128,50,18,124,97,100,71,55,6" hai2="28,111,72,118,39,106,27,58,127,17,38,10,101" hai3="4,20,21,126,86,131,14,92,51,46,32,98,74"/><V81/><F118/><W84/><G74/><T119/><D120/><U54/><E71/><V87/><F127/><W70/><G32/><T114/><D119/><U125/><E128/><V115/><F72/><W79/><G70/><T80/><D35/><U13/><E31/><V130/><F115/><W22/><G131/><T134/><D48/><U88/><E6/><V83/><F83/><W69/><G69/><T36/><D80/><U66/><E66/><V108/><F58/><W82/><G126/><N who="1" m="48746" /><E88/><N who="2" m="51311" /><F130/><W122/><G122/><T25/><D36/><U43/><E43/><V3/><F101/><W19/><G84/><T93/><D112/><U29/><E29/><V76/><F76/><W42/><REACH who="3" step="1"/><G4/><REACH who="3" ten="308,192,273,217" step="2"/><T49/><D5/><U0/><E0/><V33/><F106/><W123/><G123/><T61/><D114/><U96/><E96/><V59/><F59/><W68/><G68/><T16/><D133/><U89/><E89/><AGARI ba="0,1" hai="14,19,20,21,22,42,46,51,79,82,86,89,92,98" machi="89" ten="30,7700,0" yaku="1,1,7,1,8,1,52,1,53,0" doraHai="9" doraHaiUra="67" who="3" fromWho="1" sc="308,0,192,-77,273,0,217,87" /><INIT seed="3,0,0,4,3,3" ten="308,115,273,304" oya="3" hai0="104,12,24,71,35,79,95,134,103,125,102,39,64" hai1="1,111,38,44,54,0,133,66,52,117,60,86,80" hai2="82,116,101,93,132,36,14,130,114,85,98,45,89" hai3="128,7,21,37,119,58,53,10,77,2,74,67,25"/><W31/><G37/><T113/><D39/><U105/><E105/><N who="2" m="63671" /><F14/><W70/><G119/><T90/><D104/><U126/><E111/><V16/><F16/><W108/><G108/><T46/><D79/><U99/><E1/><V48/><F48/><W115/><G115/><T107/><D107/><U13/><E0/><V11/><F11/><W29/><G128/><T23/><D35/><U51/><E117/><V76/><F45/><W75/><G77/><T56/><D71/><U94/><E38/><V18/><F18/><W41/><G41/><T110/><D125/><U6/><E126/><V84/><F36/><W34/><G67/><T26/><D134/><U69/><E133/><V118/><F132/><W5/><G70/><T28/><D113/><U78/><E13/><V127/><F127/><W87/><G87/><N who="2" m="33353" /><F114/><W63/><G7/><T8/><D46/><U27/><E27/><V129/><F82/><W43/><G43/><T65/><D26/><U17/><E17/><V135/><F76/><W100/><G31/><T88/><D110/><U109/><E109/><V9/><F9/><W40/><G40/><T32/><D32/><U50/><E50/><V22/><F22/><W19/><G100/><N who="0" m="38443" /><D56/><U33/><E33/><V83/><F83/><W81/><G81/><T62/><D62/><U123/><E123/><V96/><F135/><W91/><G91/><N who="0" m="34859" /><D95/><U4/><REACH who="1" step="1"/><E54/><REACH who="1" ten="308,105,273,304" step="2"/><V97/><F97/><W68/><G68/><T106/><D106/><U72/><E72/><V42/><F42/><W73/><G75/><T131/><D131/><AGARI ba="0,1" hai="89,93,96,116,118,129,130,131" m="33353,63671" machi="131" ten="30,3900,0" yaku="19,1,34,2" doraHai="3" who="2" fromWho="0" sc="308,-39,105,0,273,49,304,0" owari="269,-13.1,105,-39.5,322,42.2,304,10.4" /></mjloggm>