<mjloggm ver="2.3"><GO type="225" lobby="0"/><UN n0="%E9%A2%A8%E3%81%A7%E9%B3%B4%E3%81%8F" n1="%28%EF%BF%A3%E2%96%BD%EF%BF%A3%29%CE%B4%E2%8C%92%E3%83%BB" n2="%E3%83%B4%E3%82%A3%E3%83%AF%E3%82%B3%E3%82%B0%E3%83%8B" n3="%72%61%6B%33" dan="16,16,16,16" rate="2162.72,2134.84,2136.36,2086.58" sx="M,M,M,M"/><TAIKYOKU oya="0"/><INIT seed="0,0,0,0,4,47" ten="250,250,250,250" oya="0" hai0="33,14,87,72,83,134,79,82,123,114,11,56,104" hai1="6,54,24,3,118,42,112,78,58,18,52,70,48" hai2="80,9,28,95,15,27,38,97,5,98,129,62,132" hai3="19,135,126,69,25,96,92,76,68,71,39,7,66"/><T43/><D114/><U113/><E70/><V21/><F132/><W74/><G39/><T23/><D134/><U77/><E118/><V37/><F129/><W61/><G135/><T45/><D123/><U111/><E111/><V109/><F109/><W107/><G126/><T53/><D33/><U90/><E42/><V99/><F95/><W73/><G7/><T4/><D104/><U13/><E24/><V59/><REACH who="2" step="1"/><F80/><REACH who="2" ten="250,250,240,250" step="2"/><W110/><G110/><T51/><D23/><N who="1" m="11727" /><E113/><V86/><F86/><W116/><G92/><T34/><D34/><U124/><E112/><V40/><F40/><W16/><G107/><T93/><D93/><U10/><E124/><V1/><F1/><W67/><G74/><T0/><D0/><U94/><E54/><AGARI ba="0,1" hai="5,9,15,21,27,28,37,38,54,59,62,97,98,99" machi="54" ten="40,1300,0" yaku="1,1,53,0" doraHai="47" doraHaiUra="119" who="2" fromWho="1" sc="250,0,250,-13,240,23,250,0" /><INIT seed="1,0,0,0,3,46" ten="250,237,263,250" oya="1" hai0="62,135,102,89,83,45,96,103,51,16,117,32,57" hai1="8,65,50,98,17,90,101,77,36,109,91,58,82" hai2="3,31,64,122,129,39,6,5,71,75,34,53,42" hai3="114,105,121,26,76,23,108,21,106,118,54,128,95"/><U119/><E36/><V120/><F129/><W33/><G121/><T84/><D32/><U61/><E119/><V37/><F53/><W28/><G114/><T85/><D117/><U131/><E131/><V111/><F111/><W130/><G118/><T66/><D135/><U113/><E113/><V132/><F132/><W69/><G108/><T81/><D96/><U78/><E109/><V104/><F104/><W35/><G69/><T59/><D59/><U19/><E78/><V22/><F22/><W4/><G23/><T70/><D70/><U112/><E112/><V63/><F42/><W15/><G21/><T110/><D16/><U60/><E60/><V133/><F6/><W93/><G4/><T100/><D110/><U68/><E19/><V52/><F52/><W29/><G54/><T56/><D56/><U20/><E50/><V74/><F133/><W25/><G76/><T79/><D100/><U43/><E43/><AGARI ba="0,0" hai="43,45,51,57,62,66,79,81,83,84,85,89,102,103" machi="43" ten="30,3900,0" yaku="7,1,8,1,52,1" doraHai="46" who="0" fromWho="1" sc="250,39,237,-39,263,0,250,0" /><INIT seed="2,0,0,4,4,87" ten="289,198,263,250" oya="2" hai0="121,122,60,22,32,79,128,23,92,49,57,120,74" hai1="27,80,90,89,59,95,29,69,82,46,37,5,99" hai2="16,101,135,4,61,52,81,56,2,113,88,20,131" hai3="105,50,25,133,86,58,125,43,28,55,31,106,12"/><V107/><F113/><W94/><G125/><T130/><D32/><U96/><E69/><V83/><F131/><N who="0" m="50218" /><D49/><U21/><E5/><V126/><F126/><W110/><G110/><T41/><D41/><U13/><E13/><V129/><F129/><W35/><G133/><T98/><D79/><U127/><E127/><V45/><F135/><W85/><G28/><T108/><D74/><U39/><E59/><V78/><F101/><W11/><G43/><T36/><D36/><U77/><E46/><V54/><F107/><W34/><G34/><T134/><D108/><U7/><E7/><V104/><F104/><W93/><G106/><T30/><D30/><U14/><E14/><V116/><F116/><W111/><G111/><T117/><D117/><U124/><E124/><V0/><F4/><W51/><G105/><T8/><D8/><U68/><E68/><V63/><F78/><W132/><G50/><T48/><D48/><U75/><E82/><V3/><F45/><W53/><G53/><N who="0" m="33839" /><D134/><U18/><E29/><V100/><F100/><AGARI ba="0,0" hai="22,23,92,98,100,120,121,122" m="33839,50218" machi="100" ten="40,1300,0" yaku="19,1" doraHai="87" who="0" fromWho="2" sc="289,13,198,0,263,-13,250,0" /><INIT seed="3,0,0,5,5,42" ten="302,198,250,250" oya="3" hai0="63,128,14,52,41,60,88,21,18,129,57,19,114" hai1="70,111,102,86,51,9,116,90,105,135,121,130,61" hai2="97,8,78,108,124,72,27,29,59,93,133,20,36" hai3="126,89,91,28,113,2,23,33,74,79,30,117,40"/><W35/><G23/><T118/><D118/><U85/><E121/><V54/><F108/><W125/><G40/><T84/><D41/><U4/><E111/><V37/><F124/><W39/><G79/><T100/><D100/><U49/><E116/><V22/><F133/><W76/><G76/><T25/><D114/><U73/><E73/><V46/><F8/><W87/><G117/><T123/><D123/><U77/><E135/><V107/><F107/><W38/><G87/><T99/><D99/><U53/><E130/><N who="0" m="50281" /><D60/><U43/><E77/><V64/><F20/><W103/><G103/><T44/><D44/><U82/><E86/><V15/><F15/><W3/><G74/><T96/><D96/><U32/><E32/><V65/><F78/><W17/><G17/><N who="0" m="12463" /><D14/><U5/><E105/><V12/><F12/><W122/><G122/><T75/><D75/><U80/><E102/><V131/><F72/><W134/><G134/><T67/><D67/><U10/><E43/><V62/><F131/><W94/><G113/><T11/><D11/><U66/><E82/><AGARI ba="0,0" hai="18,19,52,57,63,82,84,88" m="12463,50281" machi="82" ten="30,3900,0" yaku="19,1,54,2" doraHai="42" who="0" fromWho="1" sc="302,39,198,-39,250,0,250,0" owari="341,44.1,159,-34.1,250,5.0,250,-15.0" /></mjloggm>