<mjloggm ver="2.3"><GO type="225" lobby="0"/><UN n0="%E3%80%93%E3%81%97%E3%83%BC%E3%82%89%E3%80%93" n1="%E3%81%B5%E3%81%98%E3%81%8B%E3%81%A4" n2="%E3%81%AF%E3%82%88%E3%81%8A%E3%81%98%E3%81%95%E3%82%93" n3="%33%74%72%65%65" dan="16,16,17,16" rate="2145.86,2101.71,2189.77,2162.33" sx="M,M,M,F"/><TAIKYOKU oya="0"/><INIT seed="0,0,0,0,0,113" ten="250,250,250,250" oya="0" hai0="80,22,5,67,135,56,32,37,95,24,53,28,19" hai1="114,47,88,14,110,34,4,61,75,49,117,81,100" hai2="51,101,39,129,132,123,41,97,102,131,42,48,50" hai3="1,77,76,86,6,133,109,119,52,126,66,124,58"/><T103/><D37/><U27/><E114/><V23/><F123/><W134/><G66/><T8/><D135/><N who="3" m="51721" /><G109/><T130/><D130/><N who="2" m="49674" /><F132/><W71/><G71/><T44/><D44/><U90/><E110/><V108/><F108/><W105/><G105/><T20/><D67/><U96/><E61/><V74/><F74/><W60/><G119/><T107/><D107/><U73/><E117/><V30/><F39/><W16/><G6/><T120/><D120/><U121/><E121/><V57/><F57/><W54/><G1/><T36/><D36/><U12/><E75/><V92/><F102/><W38/><G38/><T112/><D112/><U72/><E72/><V104/><F104/><W40/><G40/><T79/><D95/><N who="1" m="58399" /><E34/><V122/><F122/><W128/><G128/><T82/><D103/><U31/><E4/><V116/><F116/><W45/><G16/><T83/><D79/><U55/><E81/><V43/><F42/><W9/><G77/><T64/><D64/><U17/><E31/><V98/><F97/><W0/><G76/><T2/><REACH who="0" step="1"/><D19/><REACH who="0" ten="240,250,250,250" step="2"/><U85/><E73/><V62/><F43/><W18/><G18/><T93/><D93/><N who="1" m="54415" /><E90/><V3/><F41/><W127/><G127/><T94/><D94/><U25/><E17/><V87/><F87/><W59/><G86/><T99/><D99/><U26/><AGARI ba="0,1" hai="12,14,25,26,27,47,49,55" m="54415,58399" machi="26" ten="30,2000,0" yaku="8,1,54,1" doraHai="113" who="1" fromWho="1" sc="240,-10,250,30,250,-5,250,-5" /><INIT seed="1,0,0,3,2,84" ten="230,280,245,245" oya="1" hai0="58,73,119,111,75,87,116,2,124,12,6,131,32" hai1="15,134,27,26,44,13,11,36,82,130,81,20,7" hai2="79,29,78,9,14,30,49,21,51,99,45,5,118" hai3="112,74,42,53,18,40,24,22,91,65,60,114,10"/><U46/><E134/><V121/><F121/><W62/><G74/><N who="0" m="28171" /><D58/><U126/><E126/><V86/><F118/><N who="0" m="45098" /><D12/><U0/><E130/><V110/><F110/><W37/><G114/><T109/><D6/><U19/><E36/><V4/><F4/><W125/><G125/><T98/><D32/><U16/><E0/><V1/><F99/><W17/><G112/><T96/><D2/><U23/><E7/><V83/><F79/><W127/><G127/><T85/><D131/><U76/><E76/><V94/><F94/><W80/><G53/><T133/><D124/><U52/><E52/><N who="2" m="29743" /><F1/><W89/><G80/><T63/><D63/><N who="3" m="24105" /><G65/><T67/><D67/><U123/><REACH who="1" step="1"/><E11/><REACH who="1" ten="230,270,245,245" step="2"/><V105/><F51/><W35/><G37/><T135/><D133/><U59/><E59/><V128/><F128/><W48/><G10/><T33/><D135/><U77/><E77/><V54/><F54/><W31/><G40/><T101/><D33/><U47/><E47/><V55/><F55/><W122/><G35/><T90/><D85/><U64/><E64/><V70/><F86/><W34/><G34/><T115/><D115/><U106/><E106/><V57/><F105/><W95/><G42/><T8/><D8/><U129/><E129/><V120/><F57/><W39/><G39/><T117/><N who="0" m="45106" /><T92/><DORA hai="38" /><D98/><U107/><E107/><AGARI ba="0,1" hai="87,90,92,96,101,107,109,111" m="45106,28171" machi="107" ten="50,6400,0" yaku="34,2,52,1" doraHai="84,38" who="0" fromWho="1" sc="230,74,270,-64,245,0,245,0" /><INIT seed="2,0,0,4,5,27" ten="304,206,245,245" oya="2" hai0="57,101,64,87,135,50,118,72,108,105,26,97,32" hai1="103,31,78,56,77,41,3,45,96,71,88,5,83" hai2="55,42,66,53,2,81,95,94,29,6,17,124,119" hai3="99,134,116,34,0,86,102,39,89,110,62,98,122"/><V65/><F119/><W113/><G0/><T37/><D37/><U46/><E71/><V48/><F124/><W28/><G39/><T18/><D72/><U44/><E56/><V80/><F2/><W128/><G116/><T4/><D118/><U73/><E78/><V14/><F6/><W117/><G122/><T130/><D4/><U100/><E41/><V33/><F42/><W126/><G99/><T1/><D1/><U68/><E68/><V121/><F121/><W30/><G34/><T125/><D87/><U23/><E3/><V13/><F33/><W82/><G117/><T106/><D105/><U132/><E5/><V51/><F17/><W70/><G126/><T133/><D130/><U35/><E35/><V47/><F47/><W15/><G128/><T54/><D64/><U61/><E61/><V40/><F40/><W25/><G25/><T120/><D120/><U91/><E132/><N who="0" m="50761" /><D125/><U123/><E123/><V52/><F53/><W131/><G131/><T84/><D84/><N who="1" m="48239" /><E96/><V114/><F114/><W67/><G113/><T90/><D32/><U8/><E8/><V9/><F9/><W19/><G134/><T92/><D57/><U7/><E7/><V79/><F79/><W93/><REACH who="3" step="1"/><G110/><REACH who="3" ten="304,206,245,235" step="2"/><T49/><D108/><U129/><E129/><V69/><F69/><W21/><AGARI ba="0,1" hai="15,19,21,28,30,62,67,70,82,86,89,93,98,102" machi="21" ten="20,12000,2" yaku="1,1,2,1,0,1,7,1,52,2,53,0" doraHai="27" doraHaiUra="104" who="3" fromWho="3" sc="304,-30,206,-30,245,-60,235,130" /><INIT seed="3,0,0,3,0,67" ten="274,176,185,365" oya="3" hai0="41,57,65,61,75,124,2,25,132,123,31,77,73" hai1="22,15,8,0,36,47,9,6,40,89,100,115,69" hai2="81,4,64,116,92,94,30,83,23,59,7,54,33" hai3="121,51,14,44,35,71,70,90,17,108,58,110,82"/><W95/><G121/><T102/><D2/><U72/><E115/><V10/><F116/><W112/><G58/><T55/><D132/><U111/><E111/><N who="3" m="42538" /><G82/><N who="2" m="31241" /><F33/><W127/><G127/><T78/><D123/><U37/><E69/><V93/><F10/><N who="3" m="6359" /><G35/><T46/><D124/><U106/><E22/><V107/><F107/><W60/><G60/><T39/><D75/><U43/><E72/><V48/><F64/><W19/><G19/><T119/><D73/><U131/><E131/><V1/><F1/><W12/><G12/><T26/><D119/><U42/><E37/><V45/><F59/><W38/><G38/><T133/><D65/><U113/><E113/><V86/><F86/><N who="3" m="52695" /><G112/><T76/><D39/><U97/><E89/><V24/><AGARI ba="0,0" hai="4,7,23,24,30,45,48,54,92,93,94" m="31241" machi="24" ten="30,1100,0" yaku="8,1" doraHai="67" who="2" fromWho="2" sc="274,-3,176,-3,185,11,365,-5" owari="271,7.1,173,-32.7,196,-20.4,360,46.0" /></mjloggm>