<mjloggm ver="2.3"><GO type="225" lobby="0"/><UN n0="%E8%B6%85%E7%B4%9A%E9%B3%B3%E5%87%B0" n1="%E4%BF%BA%E3%81%A8%E5%A6%96%E5%A4%A2" n2="%E6%B8%A9%E2%98%85%E6%83%85%E2%98%85%E6%8E%AA%E2%98%85%E7%BD%AE" n3="%E3%81%A8%E3%82%93%E3%81%A8%E3%81%93%E3%81%A8%E3%82%93" dan="16,17,17,16" rate="2124.67,2261.48,2260.97,2174.19" sx="M,F,M,F"/><TAIKYOKU oya="0"/><INIT seed="0,0,0,0,0,6" ten="250,250,250,250" oya="0" hai0="129,89,11,50,28,84,116,88,10,26,60,99,131" hai1="36,127,38,97,92,124,112,8,94,65,31,126,1" hai2="56,45,5,106,54,120,29,125,70,83,90,35,13" hai3="42,109,63,78,66,104,40,32,128,44,95,100,72"/><T48/><D116/><U3/><E112/><V69/><F120/><W108/><G95/><N who="1" m="36394" /><E97/><V52/><F106/><W133/><G32/><T16/><D99/><U49/><E65/><V46/><F125/><W117/><G117/><T20/><D60/><U59/><E31/><V51/><F35/><W27/><G66/><T115/><D115/><U114/><E114/><V110/><F110/><W33/><G108/><T53/><D50/><U80/><E80/><V119/><F119/><W96/><G109/><T9/><D28/><U93/><N who="1" m="36402" /><U41/><DORA hai="130" /><E59/><V101/><F29/><W134/><G96/><T34/><D34/><U79/><E79/><V30/><F30/><W7/><G78/><T73/><D73/><U18/><E49/><V103/><F70/><W55/><G33/><T39/><D39/><N who="1" m="14891" /><E41/><V21/><F69/><W118/><G40/><T0/><D0/><U76/><E76/><V132/><F56/><W2/><G42/><T91/><REACH who="0" step="1"/><D84/><REACH who="0" ten="240,250,250,250" step="2"/><U37/><N who="1" m="14899" /><U77/><DORA hai="62" /><E1/><V122/><F51/><W107/><G2/><T67/><D67/><U74/><E3/><V15/><F101/><W98/><G100/><T61/><D61/><U82/><E127/><V58/><F103/><W68/><G63/><T23/><D23/><U85/><E74/><V121/><F21/><W71/><G72/><T43/><D43/><U25/><E126/><V12/><F121/><W123/><G123/><T75/><D75/><U111/><E124/><V64/><F122/><W57/><G118/><T102/><D102/><U4/><E111/><V135/><F64/><RYUUKYOKU ba="0,1" sc="240,30,250,-10,250,-10,250,-10" hai0="9,10,11,16,20,26,48,53,88,89,91,129,131" /><INIT seed="0,1,1,3,5,35" ten="270,240,240,240" oya="0" hai0="105,42,32,47,21,28,22,10,49,48,71,102,93" hai1="12,75,121,50,25,6,135,95,15,62,129,30,64" hai2="110,109,17,92,2,39,14,127,108,52,59,66,73" hai3="98,99,122,76,133,117,113,134,54,106,26,83,67"/><T9/><D71/><U85/><E121/><V23/><F127/><W53/><G67/><T40/><D105/><U51/><E75/><V58/><F39/><W5/><G5/><T80/><D32/><U118/><E118/><V60/><F73/><W90/><G26/><T13/><D80/><U112/><E135/><N who="3" m="51722" /><G113/><T70/><D70/><U0/><E85/><V87/><F2/><W37/><G37/><T36/><D28/><U44/><E112/><V91/><REACH who="2" step="1"/><F59/><REACH who="2" ten="270,240,230,240" step="2"/><W125/><G125/><T131/><D36/><U38/><E0/><V96/><F96/><W61/><G99/><N who="0" m="59759" /><D131/><U82/><E129/><V69/><F69/><W63/><G122/><T41/><D10/><U1/><E1/><V120/><F120/><W68/><G117/><T132/><D132/><U27/><E38/><V55/><AGARI ba="1,2" hai="14,17,23,52,55,58,60,66,87,91,92,108,109,110" machi="55" ten="40,8000,1" yaku="1,1,0,1,14,1,54,1,53,1" doraHai="35" doraHaiUra="81" who="2" fromWho="2" sc="270,-41,240,-21,230,103,240,-21" /><INIT seed="1,0,0,2,2,87" ten="229,219,333,219" oya="1" hai0="90,28,107,73,19,45,84,93,64,133,103,75,41" hai1="131,123,16,12,58,59,11,89,77,104,32,117,30" hai2="99,13,94,80,88,29,34,119,2,52,95,63,109" hai3="51,49,110,65,74,68,122,76,85,36,118,43,83"/><U21/><E117/><V14/><F2/><W62/><G122/><T125/><D125/><U113/><E123/><V10/><F119/><W105/><G118/><T40/><D133/><U61/><E113/><V132/><F132/><W127/><G105/><T91/><D28/><U79/><E104/><V120/><F120/><W67/><G127/><T78/><D64/><U50/><E131/><V25/><F109/><W124/><G124/><T24/><D41/><U100/><E100/><V108/><F108/><W5/><G5/><T97/><D78/><U47/><E32/><V130/><F130/><W46/><G110/><T8/><D24/><N who="1" m="16655" /><E89/><V39/><F39/><W106/><G106/><T126/><D126/><U9/><E9/><V23/><F34/><W114/><G114/><T33/><D33/><U1/><E1/><V31/><F31/><W55/><G67/><T54/><D54/><N who="1" m="34007" /><E59/><N who="2" m="35303" /><F10/><W92/><REACH who="3" step="1"/><G55/><AGARI ba="0,0" hai="11,12,16,47,50,55,77,79" m="34007,16655" machi="55" ten="30,2900,0" yaku="8,1,54,1" doraHai="87" who="1" fromWho="3" sc="229,0,219,29,333,0,219,-29" /><INIT seed="1,1,0,5,0,62" ten="229,248,333,190" oya="1" hai0="116,39,89,133,40,11,58,48,96,117,45,129,36" hai1="111,84,93,50,69,20,122,12,30,25,125,83,64" hai2="124,51,92,79,9,57,68,98,17,94,41,105,120" hai3="73,15,106,75,35,102,113,88,3,90,104,135,46"/><U4/><E122/><V66/><F120/><W29/><G3/><T21/><D129/><U63/><E125/><V71/><F105/><W123/><G123/><T109/><D109/><U115/><E115/><V54/><F124/><W44/><G35/><T81/><D133/><U119/><E119/><V101/><F79/><W72/><G29/><T126/><D126/><U59/><E93/><V114/><F114/><W43/><G113/><T10/><D21/><U33/><E111/><V86/><F41/><W31/><G31/><T131/><D131/><U91/><E33/><V56/><F17/><W22/><G135/><T14/><D10/><N who="1" m="4167" /><E69/><V65/><F9/><W61/><G61/><T38/><D58/><N who="2" m="22634" /><F71/><W7/><G46/><T70/><D70/><U49/><AGARI ba="1,0" hai="20,25,30,49,50,59,63,64,83,84,91" m="4167" machi="49" ten="30,3000,0" yaku="8,1,52,1" doraHai="62" who="1" fromWho="1" sc="229,-11,248,33,333,-11,190,-11" /><INIT seed="1,2,0,3,0,99" ten="218,281,322,179" oya="1" hai0="66,0,77,60,114,23,111,112,68,12,132,100,82" hai1="59,64,38,29,56,105,19,119,116,33,84,14,43" hai2="70,61,96,11,51,85,63,71,35,101,126,41,125" hai3="9,123,75,89,44,122,2,78,47,25,124,3,26"/><U81/><E105/><N who="2" m="63655" /><F35/><W20/><G75/><T67/><D0/><U18/><E29/><V58/><F11/><W30/><G78/><T127/><D111/><U28/><E28/><V107/><F107/><W15/><G89/><T118/><D118/><U37/><E33/><V40/><F85/><W95/><G95/><T134/><D127/><N who="2" m="48650" /><F51/><W7/><G124/><T87/><D67/><U16/><E14/><V69/><F63/><W113/><G113/><T115/><D12/><U50/><E50/><V102/><F102/><W34/><G44/><T76/><D76/><U88/><E43/><V39/><F39/><W79/><G47/><T17/><D17/><U22/><E22/><V13/><F13/><W62/><G62/><T52/><D23/><U135/><E38/><V21/><F21/><W49/><G49/><T32/><D32/><U42/><E42/><V72/><F72/><W45/><G79/><T74/><D87/><U65/><E37/><V83/><F83/><W1/><REACH who="3" step="1"/><G45/><REACH who="3" ten="218,281,322,169" step="2"/><T121/><D112/><U31/><E81/><V91/><F91/><W8/><G8/><T94/><D115/><U130/><E88/><V57/><F57/><W90/><G90/><T93/><D114/><U27/><E59/><V110/><F110/><W6/><G6/><T86/><D74/><U46/><E56/><V73/><F73/><W120/><G120/><T55/><D121/><U131/><E46/><V5/><F5/><W103/><G103/><T133/><D100/><U36/><E36/><V10/><F10/><W98/><G98/><T97/><D97/><U4/><E4/><RYUUKYOKU ba="2,1" sc="218,10,281,-30,322,10,169,10" hai0="52,55,60,66,68,77,82,86,93,94,132,133,134" hai2="40,41,58,61,69,70,71" hai3="1,2,3,7,9,15,20,25,26,30,34,122,123" /><INIT seed="2,3,1,4,2,69" ten="228,251,332,179" oya="2" hai0="85,50,23,68,112,120,36,82,25,58,128,123,4" hai1="10,20,80,28,13,38,83,70,59,97,54,27,62" hai2="127,12,24,132,126,96,118,114,65,35,5,73,135" hai3="44,57,125,51,131,89,95,100,29,77,48,67,109"/><V37/><F73/><W9/><G109/><T106/><D112/><U91/><E70/><V16/><F114/><W121/><G121/><T56/><D68/><U52/><E38/><V2/><F37/><W46/><G125/><N who="2" m="47625" /><F65/><W98/><G131/><T110/><D106/><U18/><E54/><V53/><F96/><W107/><G77/><T60/><D110/><U116/><E116/><V0/><F53/><W115/><G115/><T39/><D128/><U134/><E134/><N who="2" m="51243" /><F5/><W86/><G29/><T75/><D75/><U108/><E108/><V130/><F130/><W30/><G30/><T17/><D4/><U81/><E97/><V21/><F118/><W88/><G9/><T66/><D120/><U117/><E117/><V78/><F78/><W111/><G111/><T87/><D123/><U92/><E92/><V99/><F99/><W33/><G33/><T34/><D34/><U14/><E91/><V19/><F35/><W79/><G79/><T122/><D122/><U64/><E64/><V42/><F42/><W55/><G67/><T49/><D85/><U104/><E104/><V1/><F1/><W43/><G89/><T3/><D3/><U22/><E83/><V74/><F74/><W129/><G129/><T6/><D6/><AGARI ba="3,1" hai="6,10,13,14,18,20,22,27,28,52,59,62,80,81" machi="6" ten="30,3900,0" yaku="7,1,8,1,54,1" doraHai="69" who="1" fromWho="0" sc="228,-48,251,58,332,0,179,0" /><INIT seed="3,0,0,1,3,91" ten="180,309,332,179" oya="3" hai0="9,85,79,2,95,90,39,6,60,63,102,105,94" hai1="80,56,52,92,36,135,17,111,4,132,108,100,68" hai2="88,15,114,75,104,30,61,112,66,101,71,19,1" hai3="14,118,97,119,46,50,26,131,129,38,11,72,48"/><W67/><G72/><T29/><D39/><U89/><E68/><V107/><F1/><W59/><G26/><T40/><D40/><U16/><E80/><V69/><F75/><W70/><G97/><T130/><D130/><N who="3" m="49673" /><G14/><T10/><D29/><U125/><E4/><V62/><F30/><W103/><G11/><T55/><D9/><U113/><E36/><V22/><F88/><W27/><G27/><T120/><D120/><U43/><E43/><V8/><F8/><W28/><G28/><T77/><D105/><U65/><E100/><V126/><F126/><W31/><G31/><T106/><D106/><U18/><E65/><V33/><F33/><W35/><G103/><T117/><D117/><N who="3" m="44553" /><G70/><T21/><D21/><U20/><E20/><V3/><F3/><W87/><G87/><T42/><D42/><U58/><E18/><V57/><F71/><W76/><G76/><T41/><D41/><U44/><E16/><V134/><F104/><W0/><G0/><T127/><D127/><U123/><E17/><V47/><F101/><W7/><G7/><T49/><D79/><U109/><E125/><V84/><F107/><W54/><G35/><T121/><D77/><U115/><E111/><V45/><F69/><W83/><G83/><T78/><D78/><U124/><E109/><V122/><F19/><W12/><G12/><T110/><D110/><U5/><E108/><V93/><F15/><W96/><G96/><N who="0" m="59671" /><D121/><U51/><E123/><V64/><F122/><W86/><G86/><T37/><D37/><U23/><E124/><V74/><F22/><W25/><G38/><RYUUKYOKU ba="0,0" sc="180,30,309,-10,332,-10,179,-10" hai0="2,6,10,49,55,60,63,85,90,95" owari="210,-19.0,299,9.9,322,42.2,169,-33.1" /></mjloggm>