<mjloggm ver="2.3"><GO type="225" lobby="0"/><UN n0="%E6%9A%87%E4%BA%BA%EF%BC%A0%E9%85%8D%E4%BF%A1%E5%9E%A2" n1="%E3%81%99%E3%81%84%E3%81%BE%E3%81%9B%E3%83%BC%E3%82%93" n2="%33%74%72%65%65" n3="%6D%75%75%6D%75%72%61" dan="17,16,16,16" rate="2150.12,2057.21,2142.22,2123.05" sx="F,M,F,F"/><TAIKYOKU oya="0"/><INIT seed="0,0,0,0,2,38" ten="250,250,250,250" oya="0" hai0="74,8,52,10,109,111,100,25,130,13,105,116,34" hai1="84,101,55,20,115,128,91,108,31,45,133,59,71" hai2="99,60,95,50,27,89,62,123,73,124,132,41,83" hai3="77,19,47,0,18,5,82,29,129,110,131,85,44"/><T61/><D116/><U64/><E108/><N who="0" m="41545" /><D74/><U78/><E128/><N who="3" m="49226" /><G110/><T96/><D130/><U119/><E119/><V104/><F123/><W7/><G29/><N who="0" m="19759" /><D13/><U70/><E133/><V35/><F132/><W113/><G113/><T112/><D112/><U28/><E115/><V79/><F124/><W40/><G47/><T76/><D76/><U16/><E78/><V54/><F104/><W46/><G46/><T68/><D52/><U120/><E120/><V15/><F15/><W90/><G77/><T97/><D97/><U81/><E101/><V58/><F35/><W118/><G118/><T92/><D92/><U2/><E2/><V36/><F27/><W51/><G0/><T126/><D126/><U106/><E106/><V22/><F22/><W33/><G33/><T42/><D42/><U32/><E32/><V102/><F41/><W94/><G94/><T1/><D1/><U37/><E55/><V117/><F117/><W6/><AGARI ba="0,0" hai="5,6,7,18,19,40,44,51,82,85,90" m="49226" machi="6" ten="30,2000,0" yaku="19,1,52,1" doraHai="38" who="3" fromWho="3" sc="250,-10,250,-5,250,-5,250,20" /><INIT seed="1,0,0,5,4,6" ten="240,245,245,270" oya="1" hai0="115,7,63,11,4,28,93,128,21,105,75,120,62" hai1="108,0,3,87,121,68,125,73,55,129,132,104,5" hai2="106,100,44,48,103,82,69,58,118,43,112,10,84" hai3="66,86,60,133,124,135,90,113,134,117,92,54,126"/><U27/><RYUUKYOKU type="yao9" ba="0,0" sc="240,0,245,0,245,0,270,0" hai1="0,3,5,27,55,68,73,87,104,108,121,125,129,132" /><INIT seed="1,1,0,4,1,76" ten="240,245,245,270" oya="1" hai0="108,122,11,63,72,8,32,78,41,2,6,119,81" hai1="113,107,40,120,82,77,115,84,79,73,92,43,3" hai2="36,29,55,66,60,114,1,109,49,65,19,131,9" hai3="133,100,104,90,50,22,14,61,126,85,116,134,103"/><U25/><E3/><V53/><F109/><W42/><G126/><T51/><D119/><U21/><E120/><V62/><F36/><W97/><G116/><T39/><D108/><U101/><E107/><V27/><F131/><W106/><G61/><N who="2" m="23657" /><F1/><W80/><G50/><T127/><D127/><U57/><E57/><N who="2" m="32943" /><F114/><W15/><G42/><T45/><D122/><U69/><E69/><V31/><F55/><W93/><G22/><T20/><D32/><U70/><E70/><V67/><F27/><W129/><G129/><T83/><D11/><U26/><E26/><V121/><F121/><W37/><G37/><T38/><D63/><U35/><E35/><V68/><F68/><W75/><G14/><AGARI ba="1,0" hai="9,14,19,29,31,65,66,67" m="32943,23657" machi="14" ten="30,1000,0" yaku="8,1" doraHai="76" who="2" fromWho="3" sc="240,0,245,0,245,13,270,-13" /><INIT seed="2,0,0,1,4,14" ten="240,245,258,257" oya="2" hai0="67,10,0,1,7,19,58,129,123,76,126,25,86" hai1="32,45,132,130,73,9,82,13,106,69,23,79,113" hai2="46,34,49,3,61,93,121,72,134,59,35,62,53" hai3="117,29,71,40,38,26,54,63,47,128,81,43,131"/><V125/><F121/><W52/><G117/><T114/><D123/><U75/><E113/><V80/><F134/><W4/><G43/><T84/><D114/><U36/><E32/><V33/><F125/><W108/><G108/><T101/><D126/><U64/><E106/><V89/><F3/><W119/><G119/><T95/><D129/><N who="3" m="49737" /><G4/><T18/><D0/><U8/><E130/><V60/><F72/><W94/><G81/><T85/><D76/><U92/><E132/><V30/><F80/><W91/><G71/><T44/><D44/><U97/><E75/><V99/><REACH who="2" step="1"/><F30/><REACH who="2" ten="240,245,248,257" step="2"/><W111/><G111/><T70/><D70/><U66/><E69/><V50/><F50/><W127/><G127/><T100/><D25/><U133/><E133/><V39/><F39/><W42/><G63/><T65/><D65/><AGARI ba="0,1" hai="33,34,35,46,49,53,59,60,61,62,65,89,93,99" machi="65" ten="40,2000,0" yaku="1,1,53,0" doraHai="14" doraHaiUra="98" who="2" fromWho="0" sc="240,-20,245,0,248,30,257,0" /><INIT seed="2,1,0,5,0,95" ten="220,245,278,257" oya="2" hai0="67,91,60,5,6,52,22,78,10,93,81,131,39" hai1="0,74,62,12,40,71,65,49,44,107,42,50,25" hai2="122,54,96,79,70,37,9,27,85,8,17,30,112" hai3="2,53,108,45,4,101,24,38,57,110,58,19,14"/><V129/><F112/><W113/><G113/><T98/><D131/><U31/><E0/><V127/><F122/><W72/><G72/><T118/><D118/><U26/><E74/><V116/><F116/><W77/><G77/><T111/><D111/><N who="3" m="42537" /><G24/><T103/><D39/><U109/><E109/><V32/><F37/><W18/><G101/><T20/><D103/><U80/><E107/><V68/><F79/><W135/><G135/><T66/><D66/><U23/><E80/><V47/><F85/><W46/><G2/><T55/><D20/><U126/><E126/><V94/><F129/><W3/><G3/><T114/><D22/><U88/><E88/><V86/><F86/><W106/><G106/><T87/><D114/><U92/><E92/><V132/><F127/><W36/><G36/><T43/><D43/><U117/><E117/><V28/><F132/><W90/><G90/><T89/><D78/><U69/><E26/><V121/><F121/><W73/><G73/><T13/><REACH who="0" step="1"/><D5/><REACH who="0" ten="210,245,278,257" step="2"/><U29/><E25/><V84/><F27/><W104/><G4/><T64/><D64/><U7/><E7/><V115/><F115/><W102/><G38/><T76/><D76/><U120/><E120/><V128/><F128/><W134/><G134/><T130/><D130/><U41/><E41/><V56/><F28/><W15/><G53/><T100/><D100/><U16/><E71/><AGARI ba="1,1" hai="6,10,13,52,55,60,67,71,81,87,89,91,93,98" machi="71" ten="30,7700,0" yaku="1,1,7,1,52,1,54,1,53,0" doraHai="95" doraHaiUra="124" who="0" fromWho="1" sc="210,90,245,-80,278,0,257,0" /><INIT seed="3,0,0,1,1,112" ten="300,165,278,257" oya="3" hai0="128,55,91,125,8,20,87,85,41,111,130,68,24" hai1="57,127,33,69,135,96,70,26,134,98,121,22,63" hai2="28,72,105,71,79,101,76,103,3,110,17,38,46" hai3="80,122,25,99,53,12,93,58,124,129,16,117,15"/><W54/><G117/><T34/><D111/><U89/><E121/><V1/><F71/><W23/><G122/><T35/><D125/><U47/><E33/><V73/><F110/><W64/><G124/><T123/><D123/><U30/><E127/><V36/><F17/><W132/><G132/><N who="1" m="50730" /><E47/><V102/><F28/><W6/><G129/><N who="0" m="49771" /><D68/><N who="1" m="26219" /><E89/><V52/><F105/><W100/><G80/><N who="0" m="49575" /><D41/><U48/><E48/><V109/><F109/><W119/><G119/><T66/><D66/><AGARI ba="0,0" hai="22,26,30,57,63,66,96,98" m="26219,50730" machi="66" ten="30,1000,0" yaku="20,1" doraHai="112" who="1" fromWho="0" sc="300,-10,165,10,278,0,257,0" /><INIT seed="4,0,0,1,3,115" ten="290,175,278,257" oya="0" hai0="80,89,30,98,36,116,74,75,29,128,88,7,90" hai1="10,123,23,106,64,48,0,42,3,94,69,61,122" hai2="124,87,17,44,97,53,96,126,134,101,2,63,24" hai3="34,5,65,37,47,45,31,117,28,125,121,49,102"/><T135/><D116/><U111/><E111/><V41/><F2/><W83/><G117/><T77/><D36/><U81/><E106/><V99/><F134/><W76/><G125/><N who="2" m="48233" /><F87/><W55/><G121/><T20/><D135/><U130/><E130/><V112/><F112/><W12/><G102/><T16/><D75/><U19/><E81/><V1/><F1/><W68/><G34/><T8/><D128/><U60/><E60/><V39/><F17/><W114/><G114/><T56/><D98/><U71/><E71/><V113/><F24/><W18/><G5/><T54/><D8/><U58/><E94/><V93/><F113/><W67/><G68/><T73/><D7/><U133/><E133/><V57/><AGARI ba="0,0" hai="39,41,44,53,57,63,93,96,97,99,101" m="48233" machi="57" ten="30,1100,0" yaku="18,1" doraHai="115" who="2" fromWho="2" sc="290,-5,175,-3,278,11,257,-3" /><INIT seed="5,0,0,3,3,82" ten="285,172,289,254" oya="1" hai0="60,92,89,72,35,102,43,74,24,75,123,90,69" hai1="31,29,19,133,54,57,56,73,44,67,114,21,130" hai2="4,8,18,14,68,66,63,12,121,110,6,115,47" hai3="64,9,77,76,3,122,61,46,7,135,101,107,120"/><U134/><E73/><V62/><F110/><W125/><G125/><T5/><D123/><U41/><E114/><V58/><F121/><W108/><G108/><T33/><D43/><U109/><E109/><V50/><F115/><W34/><G135/><N who="1" m="51722" /><E130/><V80/><F80/><W32/><G77/><T124/><D124/><U25/><E67/><V36/><F36/><W95/><G95/><T71/><D5/><U118/><E118/><V42/><F12/><W55/><G55/><AGARI ba="0,0" hai="4,6,8,14,18,42,47,50,55,58,62,63,66,68" machi="55" ten="30,1000,0" yaku="7,1" doraHai="82" who="2" fromWho="3" sc="285,0,172,0,289,10,254,-10" /><INIT seed="6,0,0,0,1,88" ten="285,172,299,244" oya="2" hai0="92,57,89,123,98,107,69,99,64,2,110,74,91" hai1="100,70,65,60,84,39,66,17,40,55,104,131,19" hai2="41,81,28,130,10,25,118,80,112,120,43,34,96" hai3="61,58,87,47,103,115,85,44,42,78,3,67,82"/><V9/><F118/><W49/><G3/><T106/><D110/><U83/><E131/><V68/><F120/><W53/><G115/><T33/><D123/><U62/><E55/><V113/><F68/><W11/><G11/><N who="2" m="4105" /><F96/><W125/><G125/><T101/><D2/><U102/><E40/><N who="2" m="15435" /><F130/><W76/><G103/><T111/><D111/><U16/><E39/><V77/><F77/><W135/><G135/><T52/><D74/><U13/><E104/><V86/><F86/><W116/><G116/><T122/><D122/><U31/><E31/><V23/><F34/><W37/><REACH who="3" step="1"/><G87/><REACH who="3" ten="285,172,299,234" step="2"/><T48/><D101/><U73/><E73/><V121/><F121/><W90/><AGARI ba="0,1" hai="37,42,44,47,49,53,58,61,67,76,78,82,85,90" machi="90" ten="20,5200,0" yaku="1,1,2,1,0,1,7,1,53,0" doraHai="88" doraHaiUra="97" who="3" fromWho="3" sc="285,-13,172,-13,299,-26,234,62" /><INIT seed="7,0,0,1,4,62" ten="272,159,273,296" oya="3" hai0="43,92,112,56,3,93,105,24,117,54,118,126,88" hai1="52,33,109,129,38,18,48,127,104,66,84,40,124" hai2="131,64,16,71,17,111,121,50,74,35,125,60,65" hai3="70,96,36,15,25,21,11,67,72,45,82,6,68"/><W130/><G130/><T41/><D105/><U1/><E33/><V30/><F111/><W134/><G134/><T128/><D3/><U58/><E1/><V39/><F39/><W103/><G67/><N who="2" m="25673" /><F71/><W107/><G72/><T120/><D120/><U87/><E104/><V91/><F74/><W12/><G82/><T73/><D73/><U102/><E109/><V115/><F131/><W83/><G83/><T113/><D128/><U57/><E129/><V14/><F121/><W98/><G98/><N who="0" m="57607" /><D93/><U90/><E102/><V7/><F35/><W106/><G106/><T23/><D126/><U76/><E76/><V100/><F125/><W123/><G123/><T22/><D117/><U42/><E38/><V2/><F2/><W59/><G59/><T132/><D132/><U116/><E116/><V46/><F115/><N who="0" m="44106" /><D118/><U13/><E127/><V20/><F60/><W47/><G47/><T78/><D78/><U69/><E69/><V19/><F100/><W26/><G70/><T27/><D22/><N who="1" m="11599" /><E124/><V0/><F0/><W55/><G68/><T119/><D119/><U29/><E29/><V49/><F91/><W77/><G77/><T133/><D133/><U8/><E8/><N who="2" m="4383" /><F46/><W34/><G34/><T10/><D10/><U108/><E108/><V135/><F135/><W5/><G5/><T75/><D75/><U81/><E87/><V51/><F20/><W85/><G85/><T31/><D24/><U101/><E101/><V89/><F89/><W86/><G86/><T99/><D99/><U28/><E28/><AGARI ba="0,0" hai="16,17,19,28,30,49,50,51" m="4383,25673" machi="28" ten="40,8000,1" yaku="8,1,52,3,54,1" doraHai="62" who="2" fromWho="1" sc="272,0,159,-80,273,80,296,0" owari="272,-12.8,79,-42.1,353,45.3,296,9.6" /></mjloggm>