<mjloggm ver="2.3"><GO type="225" lobby="0"/><UN n0="%E7%BD%AA%E5%88%91%E6%B3%95%E5%AE%9A%E4%B8%BB%E7%BE%A9" n1="%E3%81%86%E3%82%8B%E3%81%8A%E3%81%A1%E3%82%83" n2="%E7%89%B9%E6%9D%B1%E3%81%AF%E4%B8%96%E7%95%8C%E3%82%92%E6%95%91%E3%81%86" n3="%E3%81%95%E3%81%8D%E3%81%9F%E3%81%BE%E6%9E%97%E6%AA%8E" dan="16,16,16,16" rate="2177.68,2109.16,2109.91,2153.88" sx="M,F,M,M"/><TAIKYOKU oya="0"/><INIT seed="0,0,0,1,5,126" ten="250,250,250,250" oya="0" hai0="36,69,119,92,77,103,56,55,11,84,62,96,57" hai1="75,130,7,83,73,71,107,106,16,122,61,112,65" hai2="120,46,64,82,59,45,25,19,90,58,30,53,129" hai3="43,14,15,18,98,89,28,23,115,5,108,47,104"/><T124/><D119/><U6/><E16/><V17/><F120/><W24/><G108/><T131/><D124/><U52/><E52/><V95/><F82/><W79/><G115/><T134/><D69/><N who="1" m="42159" /><E6/><V110/><F110/><W67/><G79/><T33/><D33/><U40/><E7/><V37/><F64/><W68/><G5/><T2/><D36/><U123/><E40/><V4/><F4/><W117/><G117/><T85/><D2/><U9/><E9/><V102/><F102/><W86/><G67/><T42/><D42/><U70/><E112/><V0/><F0/><W54/><G54/><T50/><D11/><U133/><E83/><V27/><F53/><W76/><G76/><T105/><D92/><U51/><E51/><V72/><F95/><W29/><G29/><T81/><D85/><U113/><E113/><V132/><F72/><N who="1" m="27721" /><E133/><V66/><F66/><W1/><G1/><T10/><D134/><U22/><E22/><V44/><F44/><W41/><G41/><T49/><D10/><U100/><E100/><V39/><F132/><W94/><G68/><N who="1" m="26154" /><E130/><V87/><F87/><W3/><G3/><T78/><D78/><U34/><E34/><V35/><F35/><W118/><G118/><T21/><D21/><U125/><E125/><V128/><F30/><W114/><G114/><T97/><D96/><U99/><E99/><V109/><F109/><W31/><G31/><T48/><REACH who="0" step="1"/><D57/><REACH who="0" ten="240,250,250,250" step="2"/><U12/><E123/><V26/><F26/><W74/><G24/><T101/><D101/><U13/><E122/><V135/><F135/><W116/><G116/><RYUUKYOKU ba="0,1" sc="240,10,250,10,250,10,250,-30" hai0="48,49,50,55,56,62,77,81,84,97,103,105,131" hai1="12,13,106,107" hai2="17,19,25,27,37,39,45,46,58,59,90,128,129" /><INIT seed="0,1,1,2,1,123" ten="250,260,260,220" oya="0" hai0="81,36,26,41,109,106,35,121,60,127,40,113,23" hai1="1,124,18,6,63,48,47,55,53,15,67,102,117" hai2="44,95,2,132,29,12,79,112,97,101,88,96,50" hai3="90,34,74,43,128,122,17,110,130,89,73,31,98"/><T70/><D121/><U119/><E1/><V7/><F112/><W64/><G122/><T49/><D113/><U10/><E102/><V45/><F2/><W86/><G64/><T84/><D106/><U68/><E124/><V107/><F132/><W30/><G43/><T118/><D118/><U80/><E6/><V83/><F29/><N who="3" m="10763" /><G34/><T87/><D35/><U93/><E93/><V11/><REACH who="2" step="1"/><F50/><REACH who="2" ten="250,260,250,220" step="2"/><W42/><G130/><T85/><D49/><U37/><E37/><V100/><F100/><W99/><G128/><T66/><D36/><U19/><E119/><V114/><F114/><W28/><G28/><T125/><D127/><U111/><E117/><V20/><F20/><W65/><G74/><AGARI ba="1,2" hai="7,11,12,44,45,74,79,83,88,95,96,97,101,107" machi="74" ten="30,3900,0" yaku="1,1,7,1,54,1,53,0" doraHai="123" doraHaiUra="71" who="2" fromWho="3" sc="250,0,260,0,250,62,220,-42" /><INIT seed="1,0,0,5,1,114" ten="250,260,312,178" oya="1" hai0="134,129,46,52,13,92,135,133,100,86,125,70,81" hai1="126,45,29,33,117,57,30,96,108,71,87,51,49" hai2="43,53,55,122,88,111,24,56,118,120,59,78,11" hai3="68,9,90,79,104,91,77,0,109,110,131,7,28"/><U50/><E71/><V12/><F111/><N who="3" m="42507" /><G68/><T40/><D70/><U58/><E108/><V44/><F78/><N who="3" m="29707" /><G104/><T16/><D81/><U5/><E87/><V72/><F72/><W23/><G131/><T20/><D129/><U106/><E33/><V132/><F132/><W101/><G101/><T35/><D35/><U102/><E5/><V128/><F128/><W61/><G61/><T113/><D113/><U130/><E126/><V75/><F75/><W98/><G98/><N who="0" m="59463" /><D86/><U62/><E130/><V14/><F24/><AGARI ba="0,0" hai="0,7,9,23,24,28,90,91" m="29707,42507" machi="24" ten="30,1000,0" yaku="14,1" doraHai="114" who="3" fromWho="2" sc="250,0,260,0,312,-10,178,10" /><INIT seed="2,0,0,0,4,13" ten="250,260,302,188" oya="2" hai0="73,56,98,23,29,79,121,110,95,2,44,75,18" hai1="101,52,125,54,34,130,105,115,129,65,77,66,48" hai2="38,39,84,96,53,25,43,112,117,0,133,74,107" hai3="72,120,12,124,89,69,1,91,31,42,70,64,19"/><V10/><F112/><W92/><G120/><T94/><D121/><U6/><E34/><V87/><F117/><W51/><G72/><T46/><D2/><U36/><E36/><V7/><F74/><W103/><G1/><T119/><D119/><U58/><E77/><V102/><F133/><W132/><G31/><T122/><D122/><U32/><E6/><V100/><F100/><W28/><G28/><T17/><D110/><U49/><E32/><V26/><F39/><W60/><G70/><T134/><D134/><U24/><E24/><V131/><F131/><N who="1" m="50185" /><E105/><V99/><F99/><W113/><G113/><T11/><D56/><N who="1" m="32775" /><E101/><V82/><F87/><W85/><G132/><T55/><D55/><N who="1" m="32111" /><E115/><V108/><F108/><W76/><G76/><T116/><D116/><U16/><E125/><V41/><F25/><W63/><G124/><T30/><D79/><U50/><E16/><V33/><F38/><W114/><G114/><T20/><D98/><U45/><AGARI ba="0,0" hai="45,50,54,65,66" m="32111,32775,50185" machi="45" ten="30,7900,0" yaku="19,1,34,2,54,1" doraHai="13" who="1" fromWho="1" sc="250,-20,260,79,302,-39,188,-20" /><INIT seed="3,0,0,1,5,96" ten="230,339,263,168" oya="3" hai0="22,98,39,89,8,62,77,14,116,67,78,130,107" hai1="30,97,19,6,49,18,71,123,47,72,51,117,20" hai2="131,129,2,36,114,104,13,53,35,68,75,126,12" hai3="124,86,85,73,133,10,115,34,40,84,37,132,46"/><W103/><G115/><T69/><D116/><U99/><E72/><V21/><RYUUKYOKU type="yao9" ba="0,0" sc="230,0,339,0,263,0,168,0" hai2="2,12,13,21,35,36,53,68,75,104,114,126,129,131" /><INIT seed="3,1,0,0,1,12" ten="230,339,263,168" oya="3" hai0="30,52,38,13,48,74,112,96,62,66,26,95,50" hai1="76,128,59,51,113,63,53,45,77,0,70,54,61" hai2="56,81,2,117,120,130,124,98,101,135,110,71,7" hai3="115,79,99,134,1,25,104,36,103,86,44,39,6"/><W129/><G115/><T35/><D38/><U133/><E0/><V116/><F71/><W10/><G129/><T127/><D74/><U83/><E113/><V72/><F7/><W100/><G134/><T14/><D112/><U23/><E128/><V31/><F31/><W29/><G103/><T68/><D48/><N who="1" m="28815" /><E70/><V75/><F2/><W3/><G3/><T90/><REACH who="0" step="1"/><D127/><REACH who="0" ten="220,339,263,168" step="2"/><U41/><E133/><V125/><F130/><W24/><G24/><T111/><D111/><U8/><E51/><V49/><F110/><W18/><G18/><T19/><D19/><U16/><E16/><V114/><F135/><W65/><G65/><T4/><D4/><U64/><E64/><V32/><F114/><W94/><G44/><AGARI ba="1,1" hai="13,14,26,30,35,44,50,52,62,66,68,90,95,96" machi="44" ten="30,7700,0" yaku="1,1,7,1,54,1,53,1" doraHai="12" doraHaiUra="22" who="0" fromWho="3" sc="220,90,339,0,263,0,168,-80" owari="310,11.0,339,43.9,263,-13.7,88,-41.2" /></mjloggm>