<mjloggm ver="2.3"><GO type="225" lobby="0"/><UN n0="%E9%97%98%E5%B0%86%E3%81%A0%E3%82%93%E3%81%A7%E3%81%83" n1="%E5%A4%96%E5%B7%9D%E7%AB%9C%E6%88%90" n2="%E3%83%B4%E3%82%A3%E3%83%AF%E3%82%B3%E3%82%B0%E3%83%8B" n3="%E5%A4%9C%E5%85%89%E5%A4%A9%E6%A5%BC" dan="16,16,16,16" rate="2119.93,2106.27,2176.71,2099.50" sx="M,M,M,F"/><TAIKYOKU oya="0"/><INIT seed="0,0,0,3,1,35" ten="250,250,250,250" oya="0" hai0="95,123,38,54,27,92,82,4,97,111,8,2,96" hai1="124,36,39,44,93,34,75,73,113,114,71,128,103" hai2="31,10,135,132,24,74,51,30,69,129,104,22,37" hai3="9,112,122,106,5,46,60,12,116,102,18,127,131"/><T19/><D123/><U41/><E34/><V48/><F37/><W76/><G116/><T63/><D38/><U61/><E36/><V70/><F74/><W66/><G112/><N who="1" m="43114" /><E128/><V80/><F104/><W68/><G131/><T85/><D111/><U72/><E124/><V1/><F129/><W59/><G127/><T49/><D63/><U25/><E25/><V87/><F30/><W98/><G122/><T55/><D96/><N who="1" m="59791" /><E61/><V17/><F70/><AGARI ba="0,0" hai="39,41,44,70,71,72,73,75" m="59791,43114" machi="70" ten="40,1300,0" yaku="11,1" doraHai="35" who="1" fromWho="2" sc="250,0,250,13,250,-13,250,0" /><INIT seed="1,0,0,1,1,116" ten="250,263,237,250" oya="1" hai0="108,48,33,80,6,93,120,7,44,29,49,3,122" hai1="94,126,103,37,45,96,71,9,89,76,83,46,92" hai2="52,55,39,127,111,22,102,60,25,23,17,117,35" hai3="95,36,65,69,31,109,1,24,62,14,32,118,12"/><U91/><E126/><V113/><F117/><W135/><G118/><T82/><D108/><U70/><E70/><V19/><F111/><W61/><G109/><T53/><D3/><U28/><E71/><V54/><F39/><W34/><G36/><T5/><D33/><U123/><E123/><N who="0" m="47145" /><D29/><U11/><E28/><V18/><F127/><W98/><G1/><T119/><D119/><U106/><E37/><V16/><F113/><W85/><G135/><T87/><D93/><U64/><E64/><V75/><F75/><W121/><G121/><T124/><D124/><U107/><E83/><V58/><F35/><W84/><G34/><T134/><D134/><U38/><E38/><V130/><F130/><W110/><G110/><T74/><D74/><U104/><E76/><V63/><F102/><W101/><G62/><N who="2" m="23593" /><F58/><W51/><G51/><N who="0" m="28903" /><D80/><U26/><E103/><V21/><AGARI ba="0,0" hai="16,17,18,19,21,22,23,25,52,54,55" m="23593" machi="21" ten="40,5200,0" yaku="8,1,54,2" doraHai="116" who="2" fromWho="2" sc="250,-13,263,-26,237,52,250,-13" /><INIT seed="2,0,0,5,5,91" ten="237,237,289,237" oya="2" hai0="127,42,2,121,25,94,45,44,49,23,31,74,119" hai1="115,30,110,36,132,77,72,69,33,3,126,130,55" hai2="128,66,108,0,71,88,9,129,22,20,78,122,79" hai3="123,62,116,112,13,89,43,135,17,37,48,16,68"/><V86/><F122/><W24/><G116/><T98/><D121/><U46/><E55/><V101/><F101/><W26/><G123/><T83/><D127/><U84/><E84/><V114/><F114/><W90/><G37/><T118/><D2/><U6/><E30/><V133/><F133/><W59/><G68/><T111/><D111/><U104/><E46/><V85/><F108/><W50/><G135/><T34/><D34/><U14/><E14/><V102/><F102/><W82/><G112/><T93/><D94/><U113/><E77/><V58/><F71/><W100/><G100/><T124/><D124/><U5/><E5/><V70/><F70/><W103/><G103/><T41/><D93/><U87/><E87/><V109/><F109/><W4/><G4/><T105/><D98/><U12/><E12/><V10/><F66/><N who="3" m="39263" /><G17/><T76/><REACH who="0" step="1"/><D105/><REACH who="0" ten="227,237,289,237" step="2"/><U106/><E106/><V32/><F0/><W61/><G82/><T99/><D99/><U40/><E6/><V125/><F125/><W117/><G117/><T97/><D97/><U131/><E115/><V73/><F32/><W35/><G35/><T107/><D107/><U21/><E113/><V27/><F78/><W120/><G120/><T67/><D67/><U53/><E110/><V1/><F79/><W38/><G43/><T39/><AGARI ba="0,1" hai="23,25,31,39,41,42,44,45,49,74,76,83,118,119" machi="39" ten="30,2000,0" yaku="1,1,0,1,53,0" doraHai="91" doraHaiUra="80" who="0" fromWho="0" sc="227,30,237,-5,289,-10,237,-5" /><INIT seed="3,0,0,4,0,84" ten="257,232,279,232" oya="3" hai0="42,74,111,134,124,103,18,37,58,82,95,50,72" hai1="114,92,10,130,119,55,29,113,68,96,53,109,40" hai2="121,123,52,100,16,54,97,115,32,46,5,73,107" hai3="110,75,22,30,99,101,116,76,80,31,93,36,34"/><W71/><G116/><T104/><D104/><U132/><E119/><V86/><F115/><W77/><G34/><T44/><D111/><U6/><E68/><V64/><F73/><W128/><G71/><T28/><D28/><U79/><E109/><V20/><F32/><W1/><G110/><T108/><D108/><U15/><E130/><V78/><F5/><W90/><G1/><T62/><D134/><U112/><E132/><V81/><F64/><W56/><G36/><T11/><D82/><U7/><E29/><V12/><F46/><W2/><G2/><T106/><D106/><U41/><E79/><V38/><F38/><W14/><G128/><T133/><D133/><U98/><E6/><V21/><F21/><W63/><G76/><T33/><D33/><U88/><REACH who="1" step="1"/><E98/><REACH who="1" ten="257,222,279,232" step="2"/><V0/><F0/><W61/><G30/><T4/><D4/><U13/><E13/><V83/><F83/><W57/><G14/><T94/><D124/><U89/><E89/><V135/><F135/><W17/><G17/><T25/><D25/><U59/><E59/><N who="3" m="22602" /><G90/><T67/><D18/><U131/><E131/><V8/><F8/><W35/><G35/><T39/><D11/><U26/><E26/><V49/><F12/><W45/><G45/><T48/><D44/><U85/><E85/><V19/><F20/><W129/><G129/><T47/><D72/><U66/><E66/><V65/><F65/><W118/><G118/><T23/><D74/><U51/><E51/><N who="0" m="19497" /><D39/><U122/><E122/><N who="2" m="46603" /><F49/><W9/><G9/><T3/><D3/><U69/><E69/><V125/><F125/><RYUUKYOKU ba="0,1" sc="257,-30,222,10,279,10,232,10" hai1="7,10,15,40,41,53,55,88,92,96,112,113,114" hai2="16,19,52,54,78,81,86,97,100,107" hai3="22,31,61,63,75,77,80,93,99,101" /><INIT seed="3,1,1,5,0,95" ten="227,232,289,242" oya="3" hai0="87,77,89,75,45,37,56,78,27,98,32,21,92" hai1="96,25,35,17,84,130,52,113,109,49,117,94,74" hai2="22,110,90,0,111,101,97,2,51,99,6,39,12" hai3="54,132,125,65,114,59,124,4,24,82,121,86,93"/><W62/><G114/><T128/><D128/><U60/><E113/><V38/><F90/><W46/><G121/><T63/><D32/><U85/><E74/><V71/><F71/><W131/><G93/><N who="0" m="54463" /><D45/><U28/><E130/><V19/><F51/><N who="3" m="29047" /><G132/><T36/><D75/><U23/><E109/><N who="2" m="41483" /><F6/><W58/><G4/><T104/><D104/><U30/><E117/><V33/><F33/><W9/><G131/><T69/><D69/><U61/><E30/><V72/><F72/><W80/><G59/><T76/><D37/><N who="2" m="13834" /><F99/><W20/><G58/><T102/><D36/><U70/><E70/><V44/><F44/><W88/><G88/><T53/><D77/><U115/><E115/><V50/><F50/><W11/><G62/><N who="1" m="24170" /><E28/><AGARI ba="1,1" hai="21,27,28,53,56,63,76,78,92,98,102" m="54463" machi="28" ten="30,2000,0" yaku="8,1,52,1" doraHai="95" who="0" fromWho="1" sc="227,33,232,-23,289,0,242,0" /><INIT seed="4,0,0,1,3,86" ten="260,209,289,242" oya="0" hai0="117,26,79,11,120,91,101,23,82,83,108,70,8" hai1="47,41,18,32,94,44,73,33,36,0,55,4,49" hai2="87,9,12,90,110,135,80,130,124,51,3,20,97" hai3="89,114,74,133,59,99,2,88,21,46,68,10,65"/><T62/><D117/><U37/><E18/><V105/><F110/><W58/><G74/><T126/><D120/><U85/><E73/><V38/><F38/><W96/><G68/><T64/><D108/><U29/><E37/><V25/><F3/><W109/><G109/><T131/><D101/><U35/><E4/><V103/><F135/><W71/><G71/><T112/><D112/><U67/><E67/><V128/><F51/><W115/><G133/><T54/><D131/><N who="2" m="50218" /><F124/><W92/><G46/><T66/><D66/><U118/><E0/><V14/><F9/><W111/><G111/><T63/><D126/><U52/><E118/><V17/><AGARI ba="0,0" hai="12,14,17,20,25,80,87,90,97,103,105" m="50218" machi="17" ten="30,2000,0" yaku="19,1,52,1" doraHai="86" who="2" fromWho="2" sc="260,-10,209,-5,289,20,242,-5" owari="250,5.0,204,-29.6,309,40.9,237,-16.3" /></mjloggm>