<mjloggm ver="2.3"><GO type="225" lobby="0"/><UN n0="%E3%83%97%E3%83%AC%E3%83%B4%E3%82%A1%E3%83%86%E3%82%A3" n1="%E5%8F%AF%E5%85%90%E9%82%A3%E7%94%B1%E5%A4%9A" n2="%43%68%65" n3="%E6%B4%BE%E9%81%A3%E3%81%AE%E3%82%B8%E3%83%A3%E3%83%83%E3%82%AF" dan="16,16,16,17" rate="2092.07,2211.07,2167.28,2225.78" sx="F,F,M,M"/><TAIKYOKU oya="0"/><INIT seed="0,0,0,3,4,9" ten="250,250,250,250" oya="0" hai0="80,38,131,87,45,5,91,90,98,128,94,95,133" hai1="84,43,10,112,46,79,16,6,49,68,14,92,47" hai2="1,34,67,56,100,99,83,103,88,75,102,119,15" hai3="130,58,81,82,70,85,77,19,60,115,117,135,69"/><T62/><D5/><U121/><E121/><V8/><F34/><W2/><G2/><T116/><D62/><U127/><E68/><V129/><F1/><W126/><G117/><T42/><D116/><U110/><E110/><V21/><F119/><W111/><G111/><T52/><D133/><U30/><E127/><V57/><F129/><W41/><G115/><T23/><D23/><U3/><E112/><V86/><F75/><W40/><G126/><T97/><REACH who="0" step="1"/><D52/><REACH who="0" ten="240,250,250,250" step="2"/><U118/><E118/><V39/><F67/><W54/><G135/><T71/><D71/><U37/><E30/><V122/><F122/><W124/><G124/><T74/><D74/><U20/><E47/><V113/><F113/><W32/><G32/><T108/><D108/><U13/><E3/><V7/><F21/><W61/><G70/><T44/><D44/><U106/><E106/><V17/><F57/><W66/><G130/><T35/><D35/><U53/><E53/><V63/><F56/><W55/><G54/><T12/><D12/><U109/><E109/><V22/><F63/><W64/><G55/><T73/><D73/><U123/><E123/><V31/><F7/><W65/><G65/><T29/><D29/><U4/><E4/><V51/><F31/><W76/><G19/><T33/><D33/><U89/><REACH who="1" step="1"/><E79/><AGARI ba="0,1" hai="38,42,45,79,80,87,90,91,94,95,97,98,128,131" machi="79" ten="40,7700,0" yaku="1,1,9,1,53,1" doraHai="9" doraHaiUra="36" who="0" fromWho="1" sc="240,87,250,-77,250,0,250,0" /><INIT seed="0,1,0,2,5,61" ten="327,173,250,250" oya="0" hai0="71,36,117,83,11,23,40,129,1,99,55,50,88" hai1="67,89,32,48,62,135,31,19,102,25,52,98,3" hai2="103,86,10,34,134,27,30,108,124,42,66,90,126" hai3="96,75,120,33,15,95,131,53,114,110,122,92,7"/><T9/><BYE who="2" /><D117/><U49/><E135/><V51/><F51/><W84/><G114/><T118/><D118/><U113/><E113/><V44/><F44/><W26/><G110/><UN n2="%43%68%65" /><T39/><D129/><U101/><E3/><V73/><F73/><W127/><G75/><T121/><D121/><U105/><E102/><V94/><F134/><W22/><G131/><T80/><D71/><U20/><E89/><V93/><F108/><W28/><G127/><N who="2" m="48681" /><F10/><N who="0" m="3594" /><D1/><U41/><E41/><V57/><F42/><W132/><G132/><T116/><D116/><U35/><E52/><V56/><F66/><W123/><G53/><T87/><D40/><U69/><E35/><V46/><F46/><W29/><G7/><T130/><D130/><U2/><REACH who="1" step="1"/><E2/><REACH who="1" ten="327,163,250,250" step="2"/><V58/><F103/><W4/><G33/><T97/><D39/><U82/><E82/><AGARI ba="1,1" hai="27,30,34,56,57,58,82,86,90,93,94" m="48681" machi="82" ten="30,1000,0" yaku="18,1" doraHai="61" who="2" fromWho="1" sc="327,0,163,-13,250,23,250,0" /><INIT seed="1,0,0,1,1,81" ten="327,150,273,250" oya="1" hai0="106,5,20,40,134,24,122,93,32,62,69,128,83" hai1="58,96,54,114,0,120,110,34,60,102,82,116,119" hai2="51,63,90,22,27,66,19,86,59,129,42,101,95" hai3="48,16,52,92,50,72,49,12,105,118,76,15,28"/><U111/><E0/><V21/><F129/><W65/><G105/><T126/><D106/><U9/><E34/><V107/><F107/><W70/><G118/><N who="1" m="45098" /><E9/><V26/><F101/><W115/><G115/><T13/><D32/><U56/><E82/><V57/><F42/><W88/><G76/><T85/><D128/><U45/><E96/><V68/><REACH who="2" step="1"/><F51/><REACH who="2" ten="327,150,263,250" step="2"/><W73/><G48/><T91/><D40/><U10/><E102/><V77/><F77/><W23/><G49/><T103/><D103/><U61/><E114/><V14/><F14/><W121/><G15/><T97/><D13/><U4/><E120/><V112/><F112/><W113/><G121/><T127/><D122/><U41/><E4/><V109/><F109/><N who="1" m="41481" /><E10/><V89/><F89/><W43/><G113/><T11/><D11/><U133/><E133/><V80/><F80/><W130/><G130/><T25/><D5/><U135/><E135/><V67/><F67/><W36/><G65/><T31/><D134/><U1/><E1/><V100/><F100/><W78/><G78/><T33/><D83/><U35/><E35/><V46/><F46/><W74/><G88/><T17/><REACH who="0" step="1"/><D97/><REACH who="0" ten="317,150,263,250" step="2"/><U2/><E2/><V29/><AGARI ba="0,2" hai="19,21,22,26,27,29,57,59,63,66,68,86,90,95" machi="29" ten="20,5200,0" yaku="1,1,0,1,7,1,52,1,53,0" doraHai="81" doraHaiUra="47" who="2" fromWho="2" sc="317,-13,150,-26,263,72,250,-13" /><INIT seed="2,0,0,1,3,74" ten="304,124,335,237" oya="2" hai0="76,68,100,124,81,118,39,122,63,28,72,90,20" hai1="86,50,125,60,78,7,123,89,44,77,119,9,1" hai2="54,96,88,121,94,92,109,27,93,30,29,43,38" hai3="0,53,52,14,6,106,18,56,105,111,71,101,62"/><V135/><F121/><W110/><G71/><T87/><D122/><U32/><E123/><V61/><F135/><W49/><G6/><T85/><D39/><U36/><E119/><V11/><F109/><N who="3" m="41483" /><G101/><T51/><D124/><U31/><E125/><V117/><F117/><W114/><G0/><T75/><D118/><U17/><E36/><V102/><F11/><N who="3" m="6495" /><G114/><T129/><D100/><U112/><E112/><V46/><F27/><W80/><G80/><T73/><D129/><U113/><E113/><V2/><F2/><W12/><G12/><T131/><D131/><U13/><E60/><V21/><F21/><W104/><G49/><T127/><D127/><U79/><E32/><V59/><REACH who="2" step="1"/><F93/><REACH who="2" ten="304,124,325,237" step="2"/><W64/><AGARI ba="0,1" hai="52,53,56,62,64,104,105,106" m="6495,41483" machi="64" ten="40,2700,0" yaku="14,1,54,1" doraHai="74" who="3" fromWho="3" sc="304,-7,124,-7,325,-13,237,37" /><INIT seed="3,0,0,2,5,45" ten="297,117,312,274" oya="3" hai0="36,134,35,23,9,32,116,104,50,81,40,82,106" hai1="84,123,66,98,109,64,2,92,51,18,17,103,14" hai2="88,76,75,124,12,48,83,34,47,68,30,90,108" hai3="19,24,31,0,70,28,112,49,80,125,77,21,101"/><W41/><G112/><T16/><D116/><U78/><E123/><V105/><F68/><W118/><G118/><T33/><D36/><U133/><E109/><V37/><F37/><W58/><G70/><T73/><D134/><U95/><E133/><V62/><F105/><W5/><G125/><T53/><D40/><U102/><E2/><V128/><F108/><W10/><G101/><T27/><D9/><U15/><E78/><V43/><F124/><W38/><G58/><T129/><D129/><U20/><E84/><V54/><F128/><W117/><G117/><T13/><D27/><U87/><E87/><V39/><F62/><W63/><G63/><T114/><D114/><U113/><E113/><V1/><F1/><W67/><G67/><T89/><D89/><U79/><E79/><V61/><F61/><W110/><G110/><T130/><D130/><U25/><E25/><V100/><F100/><W46/><G49/><T60/><D60/><U7/><E7/><V127/><F127/><W11/><G11/><T65/><D65/><U4/><E4/><V86/><F75/><AGARI ba="0,0" hai="0,5,10,19,21,24,28,31,38,41,46,75,77,80" machi="75" ten="30,5800,0" yaku="7,1,25,2" doraHai="45" who="3" fromWho="2" sc="297,0,117,0,312,-58,274,58" owari="297,9.7,117,-38.3,254,-14.6,332,43.2" /></mjloggm>