<mjloggm ver="2.3"><GO type="225" lobby="0"/><UN n0="%48%61%61%61%6C%61%6E%64" n1="%E8%90%BD%E6%97%A5" n2="%E3%81%95%E3%81%8D%E3%81%9F%E3%81%BE%E6%9E%97%E6%AA%8E" n3="%E3%83%81%E3%83%83%E3%82%BF%E3%82%BD%E3%83%BC" dan="18,16,16,16" rate="2134.33,2188.42,2065.43,2163.41" sx="M,F,M,F"/><TAIKYOKU oya="0"/><INIT seed="0,0,0,3,1,4" ten="250,250,250,250" oya="0" hai0="98,38,96,120,68,74,75,28,128,101,124,84,53" hai1="19,47,133,37,43,117,42,24,69,129,88,77,65" hai2="26,46,2,18,100,112,118,85,3,110,17,104,105" hai3="91,60,67,32,116,10,90,134,59,27,76,94,12"/><T41/><D120/><U39/><E117/><V111/><F112/><W132/><G116/><T125/><D128/><U130/><E133/><N who="3" m="51306" /><G76/><T15/><D68/><U50/><E77/><V56/><F118/><W123/><G123/><T49/><D28/><U106/><E106/><N who="2" m="41067" /><F56/><W97/><G27/><T108/><D108/><N who="2" m="41514" /><F100/><N who="3" m="60471" /><G32/><T109/><D109/><U58/><E24/><V23/><F85/><W92/><G92/><T87/><D101/><U80/><E19/><AGARI ba="0,0" hai="10,12,19,59,60,67,90,91" m="60471,51306" machi="19" ten="30,2000,0" yaku="20,1,52,1" doraHai="4" who="3" fromWho="1" sc="250,0,250,-20,250,0,250,20" /><INIT seed="1,0,0,1,5,53" ten="250,230,250,270" oya="1" hai0="54,27,123,9,81,89,73,64,116,58,99,94,19" hai1="108,50,47,26,75,0,68,83,115,131,61,95,93" hai2="67,113,40,77,43,122,8,41,28,16,102,104,46" hai3="23,29,124,90,5,78,12,38,57,11,4,110,97"/><U31/><E115/><V2/><F122/><W92/><G110/><T132/><D116/><U21/><E131/><V85/><F113/><W125/><G38/><T52/><D123/><U121/><E0/><V128/><F128/><W118/><G118/><T109/><D109/><U74/><E121/><V112/><F112/><W63/><G78/><T51/><D132/><U120/><E120/><V37/><F37/><W65/><G4/><T7/><D73/><U111/><E111/><V127/><F28/><W101/><G90/><T35/><D81/><U71/><E108/><V76/><F67/><W88/><G88/><T56/><D64/><U22/><E22/><V1/><F46/><W33/><G33/><T96/><D99/><U129/><E129/><V117/><F117/><W49/><G49/><N who="0" m="30735" /><D35/><U13/><E13/><N who="2" m="7207" /><F104/><W133/><G133/><T59/><D7/><U105/><E105/><V44/><F44/><W66/><G66/><T70/><D70/><U10/><E75/><V25/><F102/><W69/><G69/><T114/><D114/><U60/><E71/><V55/><F1/><W72/><G72/><T42/><D42/><N who="1" m="24951" /><E68/><V17/><F2/><W107/><G107/><T135/><D135/><U24/><E74/><V100/><F100/><W91/><G91/><T3/><D3/><U80/><E80/><N who="2" m="47239" /><F77/><W119/><G119/><T14/><D27/><AGARI ba="0,0" hai="5,11,12,23,27,29,57,63,65,92,97,101,124,125" machi="27" ten="40,5200,0" yaku="25,2,52,1" doraHai="53" who="3" fromWho="0" sc="250,-52,230,0,250,0,270,52" /><INIT seed="2,0,0,2,1,104" ten="198,230,250,322" oya="2" hai0="126,78,5,135,114,80,46,28,53,16,76,18,10" hai1="129,20,40,34,44,52,77,7,117,68,115,25,50" hai2="21,88,111,96,79,24,101,0,134,22,57,29,125" hai3="102,74,73,69,33,27,51,116,127,3,32,119,58"/><V60/><F125/><W128/><G69/><T41/><D114/><U54/><E115/><V97/><F134/><W65/><G3/><T66/><D126/><U83/><E117/><V39/><F39/><W35/><G127/><T108/><D135/><U87/><E129/><V122/><F122/><W133/><G133/><T84/><D108/><U81/><E68/><V91/><F111/><W11/><G11/><T55/><D66/><U94/><E34/><V82/><F0/><W4/><G4/><T59/><D28/><U6/><E94/><N who="2" m="58519" /><F21/><W86/><G102/><T45/><D78/><U70/><E70/><V118/><F118/><W98/><G98/><T100/><D100/><U47/><E83/><V131/><F97/><W121/><G121/><T30/><D30/><U90/><E77/><V38/><F38/><W75/><G86/><T8/><D53/><N who="1" m="20587" /><E47/><N who="0" m="17929" /><D41/><U64/><E64/><N who="2" m="38927" /><F131/><W112/><G128/><T67/><D67/><U85/><E87/><AGARI ba="0,0" hai="22,24,29,79,82,87,88,91" m="38927,58519" machi="87" ten="30,5800,0" yaku="25,1,8,1,54,1" doraHai="104" who="2" fromWho="1" sc="198,0,230,-58,250,58,322,0" /><INIT seed="2,1,0,2,1,42" ten="198,172,308,322" oya="2" hai0="1,100,75,91,38,68,126,53,71,127,59,47,4" hai1="12,11,20,16,116,41,63,95,81,14,5,22,23" hai2="121,3,40,28,90,64,119,103,37,76,78,109,10" hai3="49,70,52,62,88,108,132,87,114,39,61,7,67"/><V125/><F119/><W110/><G132/><T92/><D75/><U17/><E116/><V131/><F121/><W94/><G114/><T18/><D100/><U13/><E81/><V43/><F125/><N who="0" m="47626" /><D18/><U107/><E107/><V115/><F115/><W79/><G39/><T113/><D113/><U85/><E41/><V80/><F103/><W2/><G61/><N who="0" m="36079" /><D4/><U44/><E44/><V97/><F64/><W112/><G112/><T82/><D82/><U135/><E135/><V50/><F37/><W26/><G26/><T66/><D1/><U128/><E128/><V72/><F131/><W93/><G79/><T65/><D38/><U129/><E63/><V31/><F78/><W77/><G77/><T83/><D83/><U118/><E129/><V102/><F3/><W6/><G94/><T99/><D47/><U45/><E45/><N who="2" m="25895" /><F72/><W19/><G2/><T101/><D101/><U0/><REACH who="1" step="1"/><E118/><REACH who="1" ten="198,162,308,322" step="2"/><V46/><F46/><W55/><G62/><T57/><D57/><U30/><E30/><V34/><F31/><W134/><G134/><T8/><D8/><U130/><E130/><V96/><F28/><W33/><G70/><AGARI ba="1,1" hai="65,66,68,70,71,91,92,99" m="36079,47626" machi="70" ten="30,1000,0" yaku="18,1" doraHai="42" who="0" fromWho="3" sc="198,23,162,0,308,0,322,-13" /><INIT seed="3,0,0,5,2,104" ten="221,162,308,309" oya="3" hai0="83,69,60,79,70,84,99,33,31,7,55,129,108" hai1="118,26,134,74,109,1,2,101,51,80,113,119,38" hai2="126,120,111,34,22,73,76,93,19,121,12,0,49" hai3="92,128,98,88,25,112,125,15,100,132,116,56,13"/><W89/><G112/><T47/><D108/><U54/><E113/><V122/><F111/><W9/><G116/><T8/><D129/><U29/><E109/><V81/><F126/><W17/><G125/><T37/><D99/><U75/><E38/><V6/><F34/><W87/><G128/><T94/><D94/><U61/><E61/><V21/><F93/><N who="3" m="58447" /><G132/><T62/><D31/><U97/><E134/><V90/><F90/><N who="3" m="53343" /><G25/><T5/><D33/><U27/><E80/><V18/><F49/><W48/><G13/><T95/><D95/><U72/><E2/><V43/><F43/><W85/><G85/><T77/><D77/><U16/><E1/><V45/><F45/><W67/><G67/><T23/><D5/><U123/><E123/><V105/><F105/><W96/><G96/><T131/><D23/><N who="2" m="8714" /><F0/><W102/><G102/><T42/><D131/><U107/><E16/><V91/><F91/><W32/><G32/><T117/><D117/><N who="1" m="44555" /><E29/><V82/><F82/><W24/><G24/><T3/><D60/><U46/><AGARI ba="0,0" hai="26,27,46,51,54,72,74,75,97,101,107" m="44555" machi="46" ten="40,8000,1" yaku="12,1,52,3" doraHai="104" who="1" fromWho="1" sc="221,-20,162,80,308,-20,309,-40" /><INIT seed="4,0,0,3,1,52" ten="201,242,288,269" oya="0" hai0="37,98,84,57,10,23,123,58,62,25,81,8,109" hai1="107,26,118,49,99,132,91,88,63,51,106,100,21" hai2="14,125,67,17,85,30,116,72,129,117,75,43,2" hai3="124,121,27,0,131,120,1,7,78,86,50,101,96"/><T48/><D123/><N who="3" m="47177" /><G124/><T112/><D37/><U40/><E118/><N who="2" m="45675" /><F2/><W19/><G131/><T36/><D36/><U68/><E132/><V89/><F43/><W103/><G7/><T74/><D74/><U102/><E68/><V83/><F30/><W11/><G50/><T65/><D112/><U44/><E63/><V29/><F29/><W38/><G38/><T111/><D98/><U113/><E51/><V105/><F105/><N who="3" m="63655" /><G103/><T28/><D109/><U53/><E113/><V24/><F24/><W60/><G60/><N who="0" m="38031" /><D48/><U61/><E102/><V94/><F129/><W15/><G27/><T66/><D111/><U82/><E107/><V54/><F67/><W47/><G47/><T45/><D45/><U122/><E122/><V35/><F35/><W108/><G108/><T110/><D110/><U32/><E32/><V126/><F54/><W16/><G19/><T71/><D71/><U70/><E70/><V46/><F46/><W4/><G4/><T56/><D58/><U80/><E61/><V33/><F33/><W59/><G59/><T39/><D39/><U128/><E40/><V76/><F75/><W87/><G87/><T9/><D84/><U5/><E5/><V12/><F17/><W3/><G86/><T135/><D135/><U130/><E130/><V13/><AGARI ba="0,0" hai="12,13,14,72,76,83,85,89,94,125,126" m="45675" machi="13" ten="40,1500,0" yaku="12,1" doraHai="52" who="2" fromWho="2" sc="201,-7,242,-4,288,15,269,-4" owari="194,-30.6,238,-16.2,303,40.3,265,6.5" /></mjloggm>