<mjloggm ver="2.3"><GO type="225" lobby="0"/><UN n0="%E6%98%BC%E4%B8%8B%E3%81%8C%E3%82%8A%E3%81%AE%E5%9B%A3%E5%9C%B0%E5%A6%BB" n1="%E3%81%95%E3%81%8D%E3%81%9F%E3%81%BE%E6%9E%97%E6%AA%8E" n2="%E7%89%B9%E6%9D%B1%E3%81%AF%E4%B8%96%E7%95%8C%E3%82%92%E6%95%91%E3%81%86" n3="%E9%A2%A8%E7%B8%AB" dan="16,16,16,16" rate="2133.38,2104.10,2133.66,2118.12" sx="F,M,M,M"/><TAIKYOKU oya="0"/><INIT seed="0,0,0,4,0,66" ten="250,250,250,250" oya="0" hai0="40,48,102,32,96,34,49,125,17,27,135,126,37" hai1="123,132,50,14,120,5,43,119,73,38,97,58,18" hai2="131,127,53,22,69,0,51,63,105,103,115,16,21" hai3="13,113,71,83,81,2,114,79,107,106,7,129,121"/><T45/><D135/><U70/><E119/><V92/><F115/><N who="3" m="44043" /><G13/><T89/><D89/><U15/><E73/><V77/><F105/><W110/><G81/><T87/><D87/><U100/><E132/><V67/><F0/><W23/><G23/><T26/><D37/><U86/><E86/><V31/><F131/><W88/><G88/><T118/><D118/><U78/><E78/><V122/><F122/><W47/><G110/><T42/><D17/><U8/><E38/><V124/><F77/><W134/><G47/><T1/><D1/><U130/><E130/><V4/><F4/><W56/><G56/><T82/><D45/><U9/><E58/><N who="2" m="33087" /><F31/><W52/><G134/><T10/><D10/><U128/><E128/><V101/><F92/><W133/><G133/><T93/><D93/><U61/><E97/><V90/><F90/><W11/><G52/><T12/><D12/><U25/><E25/><N who="2" m="14503" /><F22/><W64/><G121/><T33/><D33/><U29/><E29/><V109/><F109/><W46/><G46/><T98/><REACH who="0" step="1"/><D102/><REACH who="0" ten="240,250,250,250" step="2"/><U116/><E100/><V59/><F103/><W65/><G129/><T28/><D28/><U20/><E116/><V72/><F101/><W30/><G30/><T75/><D75/><U112/><E112/><V36/><F36/><W35/><G35/><T85/><D85/><U111/><E111/><V99/><F72/><N who="3" m="43495" /><G107/><T104/><D104/><U95/><E95/><V41/><F99/><W54/><G106/><T80/><AGARI ba="0,1" hai="26,27,32,34,40,42,48,49,80,82,96,98,125,126" machi="80" ten="25,9600,0" yaku="1,1,0,1,22,2,53,0" doraHai="66" doraHaiUra="57" who="0" fromWho="0" sc="240,106,250,-32,250,-32,250,-32" /><INIT seed="0,1,0,5,0,133" ten="346,218,218,218" oya="0" hai0="121,80,55,69,36,44,109,43,35,89,107,120,126" hai1="33,103,115,116,20,127,63,42,113,54,32,53,11" hai2="95,56,23,123,87,58,112,97,70,57,92,125,99" hai3="68,96,6,88,21,98,122,17,34,124,118,134,78"/><T4/><D35/><N who="1" m="13387" /><E42/><V132/><F112/><N who="1" m="43081" /><E116/><V82/><F123/><W12/><G68/><T2/><D107/><U67/><E103/><V74/><F70/><W46/><G78/><T100/><D100/><U91/><E91/><V28/><F74/><W0/><G134/><T22/><D69/><N who="1" m="42239" /><E127/><V38/><F38/><W29/><G124/><T93/><D126/><U30/><E11/><V60/><F132/><W13/><G88/><T45/><D43/><U25/><AGARI ba="1,0" hai="20,25,30,53,54" m="42239,43081,13387" machi="25" ten="40,1500,0" yaku="11,1" doraHai="133" who="1" fromWho="1" sc="346,-8,218,18,218,-5,218,-5" /><INIT seed="1,0,0,0,4,6" ten="338,236,213,213" oya="1" hai0="126,104,119,124,28,34,63,99,100,97,133,2,9" hai1="47,90,93,0,130,64,123,35,110,14,105,37,22" hai2="111,39,85,121,113,43,10,102,112,40,46,95,23" hai3="76,48,3,16,17,44,96,52,108,26,131,82,91"/><U71/><E123/><V30/><F121/><W75/><G131/><T79/><D119/><U50/><E105/><V19/><F111/><W53/><G3/><T13/><D2/><U31/><E35/><V77/><F43/><W109/><G53/><T129/><D129/><U65/><E130/><V12/><F77/><W68/><G68/><T20/><D34/><U69/><E37/><V78/><F78/><W89/><G91/><T58/><D79/><U117/><E117/><V38/><F38/><W15/><G26/><T103/><D133/><U132/><E0/><V27/><REACH who="2" step="1"/><F85/><REACH who="2" ten="338,236,203,213" step="2"/><W125/><G125/><T24/><D126/><U32/><E110/><N who="3" m="42602" /><G15/><T122/><D124/><U106/><E14/><V98/><AGARI ba="0,1" hai="10,12,19,23,27,30,39,40,46,95,98,102,112,113" machi="98" ten="30,4000,0" yaku="1,1,0,1,52,1,53,0" doraHai="6" doraHaiUra="86" who="2" fromWho="2" sc="338,-10,236,-20,203,50,213,-10" /><INIT seed="2,0,0,5,0,75" ten="328,216,253,203" oya="2" hai0="95,2,26,102,77,38,31,50,86,45,110,59,32" hai1="114,3,115,80,87,97,39,105,119,130,85,36,30" hai2="27,122,18,127,68,4,10,96,133,16,21,43,62" hai3="89,71,83,8,49,73,99,48,13,11,84,56,60"/><V132/><F122/><W112/><G112/><T126/><D2/><U44/><E3/><V66/><F127/><W23/><G71/><T5/><D5/><U118/><E30/><V91/><F43/><W106/><G73/><T70/><D70/><U69/><E69/><V109/><F109/><W135/><G135/><N who="2" m="51785" /><F96/><W28/><G106/><T81/><D126/><U100/><E44/><V40/><F40/><W67/><G99/><T103/><D110/><U41/><E41/><V92/><F92/><W19/><REACH who="3" step="1"/><G8/><REACH who="3" ten="328,216,253,193" step="2"/><T63/><D86/><U121/><E87/><V46/><F68/><W17/><G17/><T35/><D31/><U24/><E115/><V25/><F18/><W55/><G55/><T131/><D131/><U53/><E114/><V15/><F16/><W9/><G9/><T72/><D72/><U6/><E130/><V22/><F10/><W42/><G42/><T65/><D38/><U58/><E39/><V54/><F54/><W134/><G134/><T82/><D65/><U79/><E36/><V129/><F66/><W111/><G111/><T93/><D32/><U12/><E121/><V34/><F34/><W52/><G52/><T104/><D35/><U107/><E107/><V57/><F129/><W123/><G123/><T90/><D104/><U33/><E6/><V88/><F4/><W78/><G78/><T14/><D77/><U98/><E98/><V125/><F125/><W37/><G37/><T64/><D64/><U76/><E76/><V1/><F1/><W94/><G94/><T128/><D95/><U101/><E105/><V74/><F74/><RYUUKYOKU ba="0,1" sc="328,-10,216,-10,253,-10,193,30" hai3="11,13,19,23,28,48,49,56,60,67,83,84,89" /><INIT seed="3,1,1,5,2,29" ten="318,206,243,223" oya="3" hai0="90,23,91,66,130,58,123,25,7,77,72,48,12" hai1="111,109,18,26,16,95,30,97,98,63,117,110,44" hai2="5,106,6,108,14,79,126,131,28,10,70,42,93" hai3="9,38,103,100,85,19,75,132,73,57,52,114,105"/><W112/><G38/><T24/><D123/><U69/><E117/><V39/><F106/><W51/><G75/><T71/><D130/><U41/><E63/><V33/><F70/><W104/><G73/><T124/><D124/><U56/><E56/><V8/><F131/><W37/><G37/><T74/><D71/><U125/><E125/><V31/><F126/><W107/><G132/><T11/><D25/><U67/><E67/><V22/><F79/><W59/><G59/><T34/><D34/><N who="1" m="20823" /><E69/><V64/><F64/><W99/><G85/><T0/><D0/><U122/><E122/><V49/><F39/><W35/><G35/><T86/><D77/><U43/><E43/><V89/><F33/><W96/><G104/><T94/><D90/><N who="1" m="55543" /><E98/><V120/><F22/><W133/><G133/><T87/><D87/><U119/><E119/><V17/><F17/><W1/><REACH who="3" step="1"/><G19/><REACH who="3" ten="318,206,243,213" step="2"/><T118/><D118/><U40/><E40/><V47/><F120/><W45/><G45/><T65/><D72/><U3/><E3/><V116/><F116/><W46/><G46/><T54/><D74/><U78/><E78/><V135/><F135/><W61/><G61/><T50/><D50/><AGARI ba="1,2" hai="16,18,41,44,50,109,110,111" m="55543,20823" machi="50" ten="30,3900,0" yaku="14,1,52,1,54,1" doraHai="29" who="1" fromWho="0" sc="318,-42,206,62,243,0,213,0" /><INIT seed="4,0,0,4,2,16" ten="276,268,243,213" oya="0" hai0="56,90,3,96,108,45,43,1,118,116,79,109,23" hai1="72,75,83,37,31,92,100,66,104,51,38,68,55" hai2="86,34,17,40,93,20,67,81,11,64,130,42,97" hai3="88,6,35,7,91,2,44,135,52,46,131,115,21"/><T98/><D79/><U69/><E31/><V114/><F34/><W95/><G35/><T94/><D56/><U29/><E29/><V12/><F114/><W132/><G115/><T123/><D123/><U63/><E69/><V32/><F32/><W5/><G2/><T59/><D59/><U22/><E104/><V102/><F130/><W77/><G77/><T85/><D85/><U99/><E22/><V106/><F106/><W39/><G39/><T54/><D54/><U10/><E10/><V33/><F33/><W76/><G76/><T129/><D129/><U50/><E50/><V4/><F86/><N who="3" m="52631" /><G91/><T36/><D98/><U18/><E18/><V80/><F80/><W57/><G131/><T107/><D107/><U127/><E127/><V62/><F81/><W26/><G132/><T110/><D23/><U133/><E133/><V119/><F119/><AGARI ba="0,0" hai="1,3,36,43,45,90,94,96,108,109,110,116,118,119" machi="119" ten="50,2400,0" yaku="10,1" doraHai="16" who="0" fromWho="2" sc="276,24,268,0,243,-24,213,0" owari="300,40.0,268,6.8,219,-18.1,213,-28.7" /></mjloggm>