<mjloggm ver="2.3"><GO type="225" lobby="0"/><UN n0="%72%69%6F%75%63%68%61%6E" n1="%E3%82%82%E3%81%90%E3%82%89" n2="%E3%83%A9%E3%83%BC%E3%83%A1%E3%83%B3%E4%BA%94%E9%83%8E" n3="%E3%81%82%E3%81%99%E3%81%AB%E3%82%83%E3%82%80" dan="17,17,16,16" rate="2245.59,2203.45,2087.40,2053.02" sx="M,M,M,F"/><TAIKYOKU oya="0"/><INIT seed="0,0,0,4,2,97" ten="250,250,250,250" oya="0" hai0="94,130,51,120,113,3,125,61,7,87,62,67,89" hai1="42,75,48,28,49,50,95,110,27,14,21,85,52" hai2="82,18,2,80,121,106,91,102,22,5,1,45,133" hai3="4,109,23,54,64,132,37,96,0,93,26,117,112"/><T127/><D130/><U10/><E75/><V84/><F121/><W41/><G109/><T8/><D113/><U55/><E110/><V70/><F70/><W57/><G112/><T104/><D120/><U25/><E25/><V38/><F133/><W19/><G117/><T90/><D104/><U60/><E42/><V77/><F5/><W11/><G132/><T73/><D73/><U58/><E85/><V107/><F38/><W53/><G37/><T108/><D108/><U114/><E114/><V88/><F45/><W134/><G41/><T24/><D24/><U129/><E129/><V135/><F135/><W115/><G115/><T111/><D111/><U122/><E122/><V43/><F43/><W116/><G116/><T76/><D76/><U9/><E95/><V34/><F34/><W29/><G134/><T13/><D51/><U44/><REACH who="1" step="1"/><E9/><REACH who="1" ten="250,240,250,250" step="2"/><V92/><F106/><W86/><G86/><T63/><D67/><U71/><E71/><V16/><F107/><W99/><G64/><T124/><REACH who="0" step="1"/><D90/><REACH who="0" ten="240,240,250,250" step="2"/><U128/><E128/><V118/><F91/><W81/><G26/><T39/><D39/><U131/><E131/><V101/><F88/><W83/><G29/><T103/><D103/><U17/><AGARI ba="0,2" hai="10,14,17,21,27,28,44,48,49,50,52,55,58,60" machi="17" ten="20,12000,2" yaku="1,1,0,1,7,1,8,1,54,1,53,1" doraHai="97" doraHaiUra="56" who="1" fromWho="1" sc="240,-60,240,140,250,-30,250,-30" /><INIT seed="1,0,0,3,2,43" ten="180,380,220,220" oya="1" hai0="96,127,116,19,108,36,134,27,72,32,14,131,61" hai1="107,26,34,1,120,105,22,31,8,132,106,76,124" hai2="78,16,75,67,62,53,33,89,47,29,121,86,5" hai3="133,77,80,85,101,58,87,45,95,0,40,70,42"/><U73/><E120/><V13/><F121/><W119/><G70/><T41/><D116/><U103/><E124/><V25/><F5/><W49/><G119/><T60/><D72/><U35/><E132/><V69/><F75/><W79/><G0/><T65/><D127/><U93/><E93/><V91/><F78/><W52/><G133/><T126/><D126/><U122/><E122/><V21/><REACH who="2" step="1"/><F86/><REACH who="2" ten="180,380,210,220" step="2"/><W104/><G77/><T71/><D134/><U97/><E76/><V118/><F118/><W135/><G135/><T15/><D108/><U56/><E73/><V64/><F64/><W66/><G66/><T84/><D84/><U117/><E117/><V23/><F23/><W83/><G87/><T100/><D32/><U88/><E22/><V54/><F54/><W11/><G83/><T109/><D109/><U123/><E35/><V57/><F57/><W48/><G11/><T82/><D82/><U28/><E56/><V12/><F12/><W68/><G68/><T92/><D131/><U10/><E123/><V44/><F44/><W17/><G85/><T130/><D130/><U4/><E8/><V112/><F112/><W94/><G80/><T39/><D14/><U59/><E59/><V129/><F129/><W38/><G58/><N who="0" m="37015" /><D15/><U110/><E110/><V99/><F99/><W50/><G79/><T90/><D71/><U37/><E34/><V114/><F114/><W3/><G52/><T81/><D96/><U128/><E97/><V74/><F74/><W55/><G55/><T115/><D115/><U7/><E128/><V20/><F20/><W98/><G98/><RYUUKYOKU ba="0,1" sc="180,-10,380,-10,210,30,220,-10" hai2="13,16,21,25,29,33,47,53,62,67,69,89,91" /><INIT seed="2,1,1,3,0,132" ten="170,370,240,210" oya="2" hai0="16,116,71,87,117,101,127,90,73,17,45,5,52" hai1="124,113,83,79,76,59,69,95,106,38,51,111,88" hai2="130,6,8,60,31,4,35,89,58,104,91,13,33" hai3="50,114,131,108,30,40,21,28,32,57,74,93,112"/><V115/><F115/><N who="3" m="44075" /><G32/><T63/><D73/><U48/><E69/><V24/><F104/><W82/><G108/><T42/><D127/><U53/><E124/><V86/><F130/><W84/><G131/><T41/><D5/><U15/><E38/><V105/><F105/><W129/><G129/><T22/><D101/><U27/><E106/><V107/><F107/><W10/><G21/><T46/><D71/><U109/><E113/><V120/><F120/><W55/><G40/><N who="0" m="15467" /><D17/><U70/><E70/><V49/><F49/><W68/><G68/><T97/><D97/><N who="1" m="57575" /><E15/><V1/><F1/><W98/><G10/><T56/><D117/><U43/><E27/><V133/><F133/><W67/><G67/><T36/><D36/><U80/><E48/><V78/><F35/><W81/><G74/><T7/><D7/><U134/><E43/><V47/><F4/><W26/><G26/><N who="0" m="14663" /><D116/><U23/><E23/><V125/><F125/><W121/><G121/><T3/><D3/><U44/><E134/><V12/><F33/><W103/><G81/><AGARI ba="1,1" hai="45,46,52,56,63,81,87,90" m="14663,15467" machi="81" ten="30,3900,0" yaku="8,1,54,2" doraHai="132" who="0" fromWho="3" sc="170,52,370,0,240,0,210,-42" /><INIT seed="3,0,0,1,4,115" ten="222,370,240,168" oya="3" hai0="54,21,89,3,102,2,40,50,51,103,38,117,23" hai1="18,132,68,70,45,65,8,13,27,63,78,130,80" hai2="90,53,17,86,9,64,66,42,43,37,96,114,4" hai3="48,97,95,123,79,7,33,109,84,22,124,110,116"/><W24/><G123/><T58/><D117/><U10/><E130/><V135/><F37/><W31/><G124/><T55/><D38/><U92/><E132/><V120/><F114/><W126/><G126/><T20/><D40/><N who="2" m="15402" /><F4/><W52/><G7/><T15/><D89/><U112/><E112/><V121/><F96/><W101/><G116/><T118/><D118/><U85/><E45/><V83/><F135/><W108/><G84/><T67/><D67/><U107/><E107/><V91/><F91/><W119/><G79/><T125/><D125/><U82/><E27/><V30/><F30/><W134/><G119/><T46/><REACH who="0" step="1"/><D15/><REACH who="0" ten="212,370,240,168" step="2"/><U81/><E65/><V32/><F120/><W39/><G39/><T69/><D69/><U59/><E13/><N who="2" m="7343" /><F121/><W62/><G134/><T94/><D94/><U26/><E92/><V29/><F32/><W25/><G25/><T100/><AGARI ba="0,1" hai="2,3,20,21,23,46,50,51,54,55,58,100,102,103" machi="100" ten="30,2000,0" yaku="1,1,0,1,53,0" doraHai="115" doraHaiUra="36" who="0" fromWho="0" sc="212,30,370,-5,240,-5,168,-10" owari="242,4.2,365,46.5,235,-16.5,158,-34.2" /></mjloggm>