<mjloggm ver="2.3"><GO type="225" lobby="0"/><UN n0="%E6%97%A5%E6%9B%9C%E6%97%A5%E3%82%88%E3%82%8A%E3%81%AE%E4%BD%BF%E8%80%85" n1="%E9%89%A2%E5%B7%BB%E3%82%AC%E3%83%96" n2="%E5%A4%96%E5%B7%9D%E7%AB%9C%E6%88%90" n3="%6D%75%75%6D%75%72%61" dan="18,16,16,16" rate="2155.59,2071.08,2186.84,2156.74" sx="M,M,M,F"/><TAIKYOKU oya="0"/><INIT seed="0,0,0,1,1,79" ten="250,250,250,250" oya="0" hai0="20,115,15,25,42,48,0,29,81,38,112,54,26" hai1="121,21,3,58,32,99,131,91,73,110,107,56,31" hai2="82,111,41,16,96,87,17,133,18,45,83,27,103" hai3="102,63,69,116,77,128,66,61,74,72,12,36,33"/><T9/><D0/><U130/><E121/><V59/><F111/><W53/><G116/><T97/><D97/><U47/><E110/><V50/><F133/><W85/><G36/><T4/><D42/><U71/><E71/><V124/><F124/><W126/><G126/><T132/><D38/><U46/><E21/><V35/><F59/><W118/><G118/><T125/><D125/><U120/><E73/><V88/><F35/><W95/><G33/><T86/><D26/><U14/><E14/><V57/><F57/><W84/><G128/><N who="1" m="49194" /><E120/><V8/><F83/><W78/><G12/><T108/><D132/><U34/><E3/><V2/><F2/><W122/><G122/><T19/><D108/><U1/><E34/><V127/><F127/><W22/><G22/><T106/><D106/><U113/><E56/><V89/><F89/><W28/><G28/><T11/><D11/><U13/><E13/><N who="2" m="7207" /><F27/><W40/><G69/><T93/><D93/><AGARI ba="0,0" hai="17,18,41,45,50,82,87,88,93,96,103" m="7207" machi="93" ten="30,7700,0" yaku="8,1,52,1,54,2" doraHai="79" who="2" fromWho="0" sc="250,-77,250,0,250,77,250,0" /><INIT seed="1,0,0,2,0,113" ten="173,250,327,250" oya="1" hai0="12,98,111,6,58,43,10,124,5,94,63,106,28" hai1="74,109,49,83,78,44,108,15,59,116,135,64,82" hai2="2,32,45,90,110,60,26,100,87,99,105,30,51" hai3="9,133,41,134,0,81,88,24,40,95,36,29,17"/><U93/><E135/><N who="3" m="51722" /><G81/><T125/><D106/><U80/><E93/><V92/><F2/><W3/><G17/><T13/><D43/><N who="3" m="16457" /><G9/><T84/><D28/><U104/><E104/><V47/><F110/><N who="1" m="42601" /><E44/><V117/><F117/><W77/><G77/><T62/><D84/><U69/><E69/><V76/><F76/><W42/><N who="3" m="16465" /><W18/><DORA hai="57" /><G18/><T101/><D111/><U97/><E116/><V48/><F45/><W132/><G36/><T31/><D31/><U16/><E97/><V66/><F47/><W61/><G61/><T85/><D85/><U20/><E49/><V121/><F121/><W129/><G132/><T65/><REACH who="0" step="1"/><D62/><AGARI ba="0,0" hai="15,16,20,59,62,64,74,78,80,82,83" m="42601" machi="62" ten="30,11600,0" yaku="14,1,10,1,52,1,54,1" doraHai="113,57" who="1" fromWho="0" sc="173,-116,250,116,327,0,250,0" /><INIT seed="1,1,0,2,1,25" ten="57,366,327,250" oya="1" hai0="86,59,102,76,60,45,27,111,57,12,85,95,122" hai1="96,7,100,104,112,18,75,32,94,88,103,3,22" hai2="38,128,58,56,131,33,53,92,110,44,55,46,126" hai3="64,99,87,23,9,121,108,81,2,133,83,135,37"/><U125/><E112/><V72/><F72/><W117/><G121/><T66/><D111/><U116/><E116/><V21/><F33/><W107/><G117/><T30/><D122/><U42/><E125/><V40/><F21/><W98/><G108/><T129/><D129/><N who="2" m="49738" /><F92/><W48/><G37/><T67/><D45/><U109/><E109/><V35/><F35/><W52/><G107/><T29/><D12/><U39/><E75/><V5/><F5/><N who="3" m="1207" /><G64/><T73/><D73/><U4/><E32/><V17/><F17/><W43/><G43/><T115/><D115/><U101/><E104/><V118/><F118/><W34/><G34/><T10/><D10/><U82/><E82/><N who="3" m="31242" /><G87/><N who="0" m="33291" /><D27/><U71/><E71/><V20/><F20/><W41/><G41/><T124/><D76/><U16/><E3/><V61/><F110/><W8/><G8/><T54/><D124/><U84/><E84/><V80/><F80/><W97/><G23/><T68/><D68/><U65/><E18/><V47/><F126/><W79/><G79/><T26/><D26/><U19/><E19/><V105/><F105/><W50/><G52/><T11/><D11/><U74/><E74/><V91/><F91/><W0/><G0/><T119/><D119/><U120/><E120/><V90/><F90/><W123/><G123/><T14/><D14/><N who="1" m="9495" /><E4/><V6/><F6/><W89/><G89/><T93/><D66/><U127/><E7/><V113/><F113/><W49/><G97/><N who="0" m="59695" /><D95/><U114/><E127/><V70/><F70/><W63/><G98/><T15/><D15/><U77/><E114/><V51/><AGARI ba="1,0" hai="38,40,44,46,47,51,53,55,56,58,61" m="49738" machi="51" ten="30,7900,0" yaku="5,1,19,1,34,2" doraHai="25" who="2" fromWho="2" sc="57,-21,366,-40,327,82,250,-21" /><INIT seed="2,0,0,1,5,103" ten="36,326,409,229" oya="2" hai0="130,126,45,91,4,84,82,108,71,134,99,12,18" hai1="109,123,65,83,102,55,47,87,94,113,106,38,16" hai2="33,135,37,59,95,70,92,34,74,72,112,63,121" hai3="14,64,29,15,129,28,86,19,73,78,111,89,2"/><V8/><F70/><W44/><G2/><T20/><D108/><U42/><E113/><V104/><F104/><W68/><G111/><T114/><D114/><U132/><E109/><V26/><F37/><W27/><G129/><T76/><D130/><U58/><E132/><V133/><F121/><W77/><G73/><T125/><D134/><N who="2" m="51210" /><F8/><W57/><G68/><T3/><D71/><U0/><E0/><V81/><F112/><W67/><G44/><T51/><D3/><U96/><E123/><V21/><F95/><N who="3" m="54711" /><G15/><T56/><D4/><U124/><E124/><V98/><F81/><W49/><G49/><T85/><D99/><U39/><E39/><V60/><F60/><N who="3" m="37903" /><G67/><T31/><D31/><N who="3" m="11849" /><G27/><T11/><D11/><AGARI ba="0,0" hai="11,14,19,77,78" m="11849,37903,54711" machi="11" ten="30,1000,0" yaku="8,1" doraHai="103" who="3" fromWho="0" sc="36,-10,326,0,409,0,229,10" /><INIT seed="3,0,0,1,4,134" ten="26,326,409,239" oya="3" hai0="66,116,36,79,129,50,77,65,67,3,109,98,58" hai1="26,128,19,14,43,91,6,76,102,106,64,57,88" hai2="52,80,100,51,82,4,104,40,28,133,23,69,60" hai3="103,127,92,111,95,18,68,125,101,62,29,72,35"/><W13/><G72/><T115/><D116/><U42/><E128/><V84/><F133/><W33/><G111/><T90/><D3/><U21/><E76/><V96/><F4/><W78/><G78/><T126/><D98/><U73/><E73/><V16/><F28/><W74/><G74/><T70/><D90/><U41/><E102/><N who="3" m="38922" /><G68/><T86/><D86/><U10/><REACH who="1" step="1"/><E106/><REACH who="1" ten="26,316,409,239" step="2"/><V75/><F75/><W59/><G29/><T0/><D79/><U135/><E135/><V31/><F100/><W118/><G118/><T55/><D77/><U47/><E47/><V20/><F104/><W87/><G33/><T94/><D94/><N who="3" m="35881" /><G35/><T122/><D129/><U110/><E110/><V45/><F45/><W7/><G87/><T81/><D109/><U53/><E53/><V121/><F82/><W112/><G112/><T132/><D81/><U2/><E2/><V27/><F80/><W105/><G105/><T114/><D0/><U83/><E83/><V89/><F84/><W71/><G71/><T131/><D131/><U124/><E124/><N who="3" m="47690" /><G7/><T30/><D126/><U39/><E39/><V46/><F69/><W37/><G37/><T1/><D132/><U24/><E24/><V93/><F27/><W15/><G18/><T8/><D36/><U32/><E32/><V12/><F16/><W56/><G56/><T38/><D38/><U5/><E5/><V11/><F31/><W34/><G34/><T22/><D70/><U117/><E117/><V130/><F130/><W120/><G120/><T107/><D122/><U9/><E9/><V54/><F121/><W44/><G44/><RYUUKYOKU ba="0,1" sc="26,-15,316,15,409,-15,239,15" hai1="6,10,14,19,21,26,41,42,43,57,64,88,91" hai3="13,15,59,62" /><INIT seed="3,1,1,5,2,69" ten="11,331,394,254" oya="3" hai0="97,134,0,50,85,37,42,33,28,87,48,53,89" hai1="91,110,76,43,112,54,46,16,31,26,99,15,131" hai2="93,107,125,2,127,4,67,1,80,12,56,41,100" hai3="11,96,83,30,102,119,133,108,135,45,92,21,120"/><W117/><G120/><T114/><D28/><U38/><E110/><V64/><F107/><W19/><G108/><T109/><D97/><U17/><E131/><V95/><F41/><W6/><G30/><T34/><D89/><U121/><E121/><V10/><F80/><W79/><G117/><T126/><D87/><U88/><E112/><V104/><F104/><W40/><G119/><T13/><D85/><U130/><E130/><V62/><F64/><W23/><G133/><T44/><D13/><U122/><E122/><V106/><F106/><W9/><G135/><T58/><D34/><U118/><E118/><V116/><F116/><W59/><G59/><T128/><D33/><U73/><E54/><V61/><F61/><W132/><G132/><T65/><D0/><N who="2" m="106" /><F100/><W60/><G60/><T66/><D134/><U51/><E51/><V24/><F24/><W52/><G6/><T18/><D18/><U84/><E99/><V86/><F86/><W129/><G129/><T32/><D32/><U63/><E63/><V103/><F103/><W39/><G52/><N who="0" m="32007" /><D128/><U123/><E123/><V101/><F101/><W113/><G113/><T20/><D20/><N who="1" m="15815" /><E84/><V90/><F90/><N who="1" m="34345" /><E15/><V74/><F74/><W35/><G35/><T14/><D14/><U105/><E105/><V81/><F81/><W27/><REACH who="3" step="1"/><G21/><REACH who="3" ten="11,331,394,244" step="2"/><T94/><D109/><U49/><E49/><V115/><F115/><W7/><G7/><T82/><D114/><U98/><E98/><V68/><F56/><W71/><G71/><T29/><D29/><U5/><E5/><V78/><F78/><W70/><G70/><RYUUKYOKU ba="1,2" sc="11,-30,331,10,394,10,244,10" hai1="16,17,38,43,46,73,76" hai2="4,10,12,62,67,68,93,95,125,127" hai3="9,11,19,23,27,39,40,45,79,83,92,96,102" owari="-19,-51.9,341,14.1,424,52.4,254,-14.6" /></mjloggm>