<mjloggm ver="2.3"><GO type="225" lobby="0"/><UN n0="%E7%AD%89%E3%80%85%E5%8A%9B%E5%8A%87%E5%A0%B4" n1="%E3%81%82%E3%81%99%E3%81%AB%E3%82%83%E3%82%80" n2="%E3%83%A9%E3%83%BC%E3%83%A1%E3%83%B3%E4%BA%94%E9%83%8E" n3="%E3%81%A8%E3%82%93%E3%81%A8%E3%81%93%E3%81%A8%E3%82%93" dan="17,16,16,16" rate="2178.28,2126.18,2073.54,2090.03" sx="M,F,M,M"/><TAIKYOKU oya="0"/><INIT seed="0,0,0,4,1,63" ten="250,250,250,250" oya="0" hai0="9,37,43,52,29,83,127,66,19,76,14,86,102" hai1="110,34,124,57,131,62,116,67,10,99,7,117,24" hai2="103,107,92,55,21,42,97,115,35,13,46,47,123" hai3="32,111,20,79,78,56,16,74,132,59,49,69,90"/><T75/><D127/><U54/><E110/><V106/><F123/><W3/><G32/><T15/><D102/><U118/><E124/><V77/><F115/><W50/><G69/><T130/><D130/><U8/><E131/><V1/><F35/><W72/><G3/><T129/><D129/><U95/><E34/><V65/><F1/><W119/><G119/><T89/><D29/><U31/><E54/><V30/><F77/><W17/><G90/><T27/><D27/><U22/><REACH who="1" step="1"/><E7/><REACH who="1" ten="250,240,250,250" step="2"/><V128/><F55/><W71/><G111/><T60/><D52/><U12/><E12/><V26/><F13/><W114/><G114/><T39/><D15/><U33/><E33/><V11/><F128/><W23/><REACH who="3" step="1"/><G71/><REACH who="3" ten="250,240,250,240" step="2"/><T48/><D9/><U68/><E68/><V113/><F11/><W80/><G80/><T98/><D83/><U5/><E5/><V101/><F113/><W134/><AGARI ba="0,2" hai="16,17,20,23,49,50,56,59,72,74,78,79,132,134" machi="134" ten="25,8000,1" yaku="1,1,0,1,22,2,54,1,53,0" doraHai="63" doraHaiUra="6" who="3" fromWho="3" sc="250,-40,240,-20,250,-20,240,100" /><INIT seed="1,0,0,3,4,128" ten="210,220,230,340" oya="1" hai0="21,132,27,48,105,36,16,33,92,117,101,28,107" hai1="83,52,97,112,12,47,44,30,25,67,62,71,7" hai2="49,45,99,81,133,50,114,102,70,93,76,18,91" hai3="125,38,106,5,110,40,95,79,1,63,126,88,100"/><U82/><E112/><V131/><F70/><W4/><G110/><T11/><D36/><U23/><E97/><V116/><F116/><W124/><G1/><T73/><D117/><U41/><E44/><V8/><F131/><W46/><G79/><T51/><D73/><U118/><E118/><V37/><F114/><W56/><G100/><T122/><D122/><U54/><E82/><V109/><F109/><W32/><G32/><T22/><D33/><U85/><E7/><V90/><F37/><W34/><G106/><T72/><D72/><U89/><REACH who="1" step="1"/><E12/><REACH who="1" ten="210,210,230,340" step="2"/><V20/><F45/><W68/><G4/><T111/><D111/><U15/><E15/><V31/><F81/><W69/><G5/><T2/><D2/><U42/><E42/><V113/><F113/><W65/><G34/><T108/><D108/><U78/><E78/><V103/><F76/><W121/><G121/><T119/><D119/><U17/><E17/><V58/><F18/><W66/><G65/><T129/><D16/><U61/><E61/><V55/><F99/><AGARI ba="0,1" hai="38,40,46,56,63,66,68,69,88,95,99,124,125,126" machi="99" ten="40,2600,0" yaku="18,1,54,1" doraHai="128" who="3" fromWho="2" sc="210,0,210,0,230,-26,340,36" /><INIT seed="2,0,0,5,2,115" ten="210,210,204,376" oya="2" hai0="104,20,66,78,110,68,70,6,92,81,11,29,52" hai1="2,35,19,100,120,129,113,15,4,71,97,25,63" hai2="103,60,42,121,72,114,0,23,28,119,80,65,41" hai3="51,57,125,49,40,26,55,96,116,33,135,5,32"/><V126/><F114/><W47/><G116/><T84/><D104/><U3/><E113/><V105/><F121/><W53/><G125/><T91/><D110/><U89/><E120/><V107/><F126/><W130/><G130/><T109/><D109/><U30/><E89/><V87/><F0/><W62/><G135/><T127/><D127/><U67/><E4/><V102/><F72/><W88/><G5/><T133/><D133/><U90/><E90/><V123/><F123/><W93/><REACH who="3" step="1"/><G26/><REACH who="3" ten="210,210,204,366" step="2"/><T1/><D6/><U22/><REACH who="1" step="1"/><E129/><REACH who="1" ten="210,200,204,366" step="2"/><V111/><F111/><W95/><G95/><AGARI ba="0,2" hai="2,3,15,19,22,25,30,35,63,67,71,95,97,100" machi="95" ten="30,3900,0" yaku="1,1,2,1,7,1,53,0" doraHai="115" doraHaiUra="38" who="1" fromWho="3" sc="210,0,200,59,204,0,366,-39" /><INIT seed="3,0,0,1,3,135" ten="210,259,204,327" oya="3" hai0="71,124,112,77,85,23,36,123,5,126,131,127,113" hai1="39,103,122,44,48,132,89,91,65,1,116,24,121" hai2="63,80,51,58,53,55,47,109,88,75,4,74,102" hai3="13,45,56,0,108,95,78,134,87,3,100,57,46"/><W72/><G72/><T25/><D123/><U66/><E132/><V99/><F109/><W29/><G134/><T41/><D71/><U12/><E1/><V35/><F35/><W15/><G29/><T21/><D131/><U37/><E103/><V92/><REACH who="2" step="1"/><F4/><REACH who="2" ten="210,259,194,327" step="2"/><W34/><G34/><T6/><D6/><U18/><E121/><V2/><F2/><W27/><G3/><T7/><D7/><U43/><E122/><V107/><F107/><W117/><G0/><T17/><D5/><U68/><E116/><V69/><F69/><W129/><G108/><T26/><D36/><U96/><E68/><V81/><F81/><W110/><G110/><T119/><D119/><U22/><E37/><V61/><F61/><W11/><G117/><T16/><D41/><U52/><E43/><V98/><F98/><W76/><G129/><T84/><D77/><U42/><E96/><V133/><F133/><W31/><G78/><T30/><D30/><U19/><E42/><V86/><AGARI ba="0,1" hai="47,51,53,55,58,63,74,75,80,86,88,92,99,102" machi="86" ten="30,7900,0" yaku="1,1,0,1,54,1,53,1" doraHai="135" doraHaiUra="79" who="2" fromWho="2" sc="210,-20,259,-20,194,89,327,-39" /><INIT seed="4,0,0,0,4,125" ten="190,239,283,288" oya="0" hai0="110,34,20,54,60,61,117,86,112,69,106,107,116" hai1="68,134,88,120,129,13,6,95,16,58,133,2,80" hai2="23,73,3,15,12,85,114,37,36,48,55,56,18" hai3="122,40,10,30,47,113,49,17,28,97,64,0,57"/><T45/><D34/><U124/><E68/><V42/><F73/><W87/><G113/><T119/><D112/><U67/><E120/><V78/><F3/><W53/><G122/><T83/><D110/><U29/><E124/><V74/><F74/><W1/><G64/><T41/><D20/><U101/><E29/><V71/><F71/><W33/><G97/><T91/><D54/><U5/><E129/><V108/><F108/><W44/><G47/><T81/><D83/><U89/><E101/><V4/><F114/><W25/><G30/><T51/><REACH who="0" step="1"/><D69/><REACH who="0" ten="180,239,283,288" step="2"/><U38/><E80/><V65/><F23/><W39/><G33/><T27/><D27/><U26/><E26/><V90/><F55/><W111/><G25/><T79/><D79/><U43/><E43/><V76/><F42/><W127/><G111/><T52/><D52/><U93/><E133/><V92/><F76/><W105/><G53/><T104/><AGARI ba="0,1" hai="41,45,51,60,61,81,86,91,104,106,107,116,117,119" machi="104" ten="40,3900,0" yaku="1,1,0,1,53,0" doraHai="125" doraHaiUra="19" who="0" fromWho="0" sc="180,49,239,-13,283,-13,288,-13" /><INIT seed="4,1,0,5,4,98" ten="229,226,270,275" oya="0" hai0="122,79,84,45,87,129,17,53,72,28,25,125,105" hai1="32,85,78,75,63,35,86,26,89,54,31,42,49" hai2="117,96,39,102,88,94,14,118,93,18,121,135,62" hai3="52,15,33,10,69,7,82,119,11,115,3,130,66"/><T81/><D122/><U91/><E75/><V76/><F135/><W0/><G119/><N who="2" m="45577" /><F121/><W111/><G111/><T2/><D129/><U19/><E78/><V58/><F76/><W1/><G115/><T9/><D125/><U51/><E63/><V103/><F94/><W107/><G107/><T47/><D105/><U71/><E71/><V8/><F39/><W77/><G33/><T99/><D99/><U41/><E26/><V126/><F126/><W133/><G133/><T4/><D17/><U6/><E19/><V27/><F27/><W12/><G130/><T37/><D47/><U40/><E40/><V16/><F18/><W5/><G66/><AGARI ba="1,0" hai="8,14,16,58,62,66,88,93,96,102,103" m="45577" machi="66" ten="30,8000,1" yaku="12,1,52,2,54,2" doraHai="98" who="2" fromWho="3" sc="229,0,226,0,270,83,275,-83" owari="229,2.9,226,-17.4,353,45.3,192,-30.8" /></mjloggm>