<mjloggm ver="2.3"><GO type="225" lobby="0"/><UN n0="%E3%81%A9%E3%82%93%E3%82%88%E3%81%8F%4D%6B%2E%32" n1="%E3%81%A4%E3%81%A3%E3%81%B1%E3%82%8A%E3%83%9D%E3%83%BC%E3%83%AB" n2="%E6%81%A5%E6%99%92%E3%81%97" n3="%E6%97%A5%E6%9B%9C%E6%97%A5%E3%82%88%E3%82%8A%E3%81%AE%E4%BD%BF%E8%80%85" dan="16,16,16,16" rate="2163.49,2169.41,2070.25,2088.41" sx="M,M,M,M"/><TAIKYOKU oya="0"/><INIT seed="0,0,0,1,4,83" ten="250,250,250,250" oya="0" hai0="13,78,95,102,79,64,46,120,41,107,67,99,109" hai1="61,87,91,72,125,58,11,113,124,104,68,82,21" hai2="7,92,111,114,62,77,36,45,33,23,100,97,76" hai3="49,103,29,110,86,51,106,130,134,3,112,20,123"/><T60/><D120/><U53/><E113/><V129/><F114/><W42/><G3/><T34/><D34/><U35/><E35/><V116/><F33/><W94/><G106/><T117/><D117/><U57/><E104/><V132/><F116/><W17/><G112/><T9/><D107/><U71/><E21/><V10/><F111/><W32/><G32/><T85/><D109/><U30/><E30/><V75/><F129/><W108/><G29/><T44/><D44/><U121/><E121/><V101/><F132/><W55/><G123/><T135/><D135/><U48/><E11/><V28/><F62/><W63/><G134/><T73/><D73/><U65/><REACH who="1" step="1"/><E72/><REACH who="1" ten="250,240,250,250" step="2"/><V2/><F23/><W133/><G133/><T14/><D9/><U18/><E18/><V59/><F28/><W6/><G17/><T50/><D67/><U127/><AGARI ba="0,1" hai="48,53,57,58,61,65,68,71,82,87,91,124,125,127" machi="127" ten="30,8000,1" yaku="1,1,0,1,18,1,52,1,53,1" doraHai="83" doraHaiUra="56" who="1" fromWho="1" sc="250,-40,240,90,250,-20,250,-20" /><INIT seed="1,0,0,4,5,61" ten="210,330,230,230" oya="1" hai0="1,40,72,121,71,123,62,67,49,132,57,3,100" hai1="80,63,117,35,111,112,41,134,27,102,5,84,8" hai2="36,131,126,56,129,25,92,20,38,73,105,127,19" hai3="44,21,108,54,96,37,66,79,24,42,13,6,33"/><U11/><E112/><V97/><F105/><W95/><G108/><T85/><D72/><U47/><E117/><V93/><F73/><W118/><G118/><T26/><D100/><U98/><E111/><V125/><F56/><W109/><G109/><T83/><D132/><U18/><E134/><V9/><F9/><W101/><G79/><T103/><D103/><U115/><E115/><V74/><F74/><W64/><G33/><T68/><D26/><U116/><E116/><V55/><F55/><W76/><G76/><T22/><D22/><U69/><E5/><V58/><F58/><W51/><G13/><T32/><D32/><U119/><E119/><V2/><F2/><W75/><G6/><T48/><D71/><U99/><E99/><V82/><F82/><W128/><G128/><N who="2" m="49225" /><F93/><W94/><G94/><T59/><D59/><U45/><E11/><V43/><F43/><W52/><G75/><T133/><D133/><U16/><E41/><V39/><F39/><W23/><G23/><T28/><D28/><N who="1" m="19871" /><E45/><V88/><AGARI ba="0,0" hai="19,20,25,36,38,88,92,97,125,126,127" m="49225" machi="88" ten="40,5200,0" yaku="18,1,19,1,54,1" doraHai="61" who="2" fromWho="2" sc="210,-13,330,-26,230,52,230,-13" /><INIT seed="2,0,0,3,1,50" ten="197,304,282,217" oya="2" hai0="89,7,47,20,44,96,18,0,77,79,5,107,91" hai1="103,115,69,58,80,122,52,120,34,108,75,135,15" hai2="12,109,48,88,27,39,26,45,42,43,8,112,93" hai3="70,10,41,24,65,68,104,90,1,130,66,129,121"/><V35/><F112/><W40/><G104/><T55/><D107/><U54/><E115/><V51/><F109/><W73/><G73/><T57/><D0/><U125/><E108/><V38/><F35/><W30/><G90/><N who="0" m="34315" /><D96/><U61/><E69/><N who="3" m="26730" /><G10/><T13/><D47/><U105/><E135/><V72/><F72/><W29/><G1/><T111/><D44/><U85/><E125/><V59/><F39/><W86/><G86/><T19/><D19/><U3/><E3/><V114/><F114/><W23/><G121/><N who="1" m="46698" /><E34/><V33/><F38/><W106/><G106/><T11/><D111/><U49/><E75/><V21/><F33/><W132/><G132/><T126/><D126/><U123/><E15/><V83/><F83/><W110/><G110/><T134/><D134/><U124/><E124/><V32/><F21/><W95/><G95/><T133/><D133/><U6/><E6/><N who="0" m="2057" /><D20/><U4/><E4/><N who="2" m="3079" /><F32/><W113/><G113/><T131/><D131/><N who="3" m="50185" /><G30/><T116/><D116/><U78/><E123/><V94/><F94/><W92/><G92/><T22/><D22/><U31/><E31/><V102/><F102/><W87/><G87/><T128/><D128/><U2/><E2/><V16/><F16/><W62/><G66/><T99/><D99/><U9/><E9/><V100/><F100/><W71/><AGARI ba="0,0" hai="23,24,29,40,41,62,65,71" m="50185,26730" machi="71" ten="30,1100,0" yaku="19,1" doraHai="50" who="3" fromWho="3" sc="197,-3,304,-3,282,-5,217,11" /><INIT seed="3,0,0,3,0,103" ten="194,301,277,228" oya="3" hai0="135,63,15,4,118,21,18,130,97,132,46,17,126" hai1="54,109,74,14,115,116,121,51,55,95,41,65,38" hai2="99,30,78,83,34,108,86,90,50,29,48,70,36" hai3="127,58,28,37,119,122,129,88,32,71,120,101,92"/><W60/><G37/><T44/><D118/><U85/><E74/><V93/><F108/><W106/><G119/><T82/><D126/><U79/><E116/><V56/><F70/><W35/><G71/><T67/><D130/><U45/><E121/><V73/><F36/><W105/><G127/><T7/><D82/><N who="1" m="47327" /><E38/><V84/><F34/><W98/><G129/><T25/><D97/><U91/><E115/><V59/><F73/><W19/><G19/><T96/><D96/><N who="1" m="57471" /><E109/><V104/><F59/><W72/><G72/><T131/><D131/><U102/><E102/><V6/><F6/><W12/><G12/><T117/><D117/><U123/><E123/><V66/><F66/><W13/><G13/><T39/><D4/><U128/><E65/><V69/><F69/><W0/><G0/><T1/><D7/><U77/><E77/><V80/><F104/><W23/><G23/><N who="0" m="11711" /><D1/><U64/><E64/><V87/><F87/><W110/><G110/><T16/><D18/><U20/><E128/><V2/><F2/><W10/><G10/><T57/><D39/><U5/><E20/><V107/><F107/><N who="3" m="40971" /><G101/><T3/><D3/><U24/><E24/><V94/><F56/><W53/><G35/><T27/><D27/><U33/><E33/><V62/><F62/><W75/><G75/><T43/><D43/><U76/><E76/><N who="2" m="46087" /><F94/><W81/><G81/><T47/><D67/><U112/><E112/><V26/><F26/><N who="3" m="18455" /><G122/><T89/><D89/><U49/><E49/><AGARI ba="0,0" hai="29,30,48,49,50,78,83,86,90,93,99" m="46087" machi="49" ten="30,1000,0" yaku="8,1" doraHai="103" who="2" fromWho="1" sc="194,0,301,-10,277,10,228,0" /><INIT seed="4,0,0,2,0,15" ten="194,291,287,228" oya="0" hai0="118,29,129,97,31,46,120,26,125,65,45,72,32" hai1="27,123,122,134,76,59,14,88,61,127,117,113,69" hai2="91,114,135,52,57,84,33,41,12,60,7,64,81" hai3="8,90,68,62,73,101,71,102,23,112,107,100,25"/><T22/><D120/><U95/><E117/><V10/><F114/><W44/><G73/><T13/><D118/><U119/><E119/><V130/><F135/><W126/><G107/><T74/><D125/><U58/><E69/><V1/><F130/><W110/><G110/><T66/><D129/><U16/><E76/><V2/><F33/><W67/><G112/><T109/><D109/><U28/><E113/><V108/><F108/><W43/><G126/><T0/><D0/><U121/><E127/><V70/><F41/><W85/><G8/><T17/><D31/><U133/><E27/><V96/><F96/><W83/><G71/><T92/><D74/><U3/><E28/><V5/><F5/><W53/><G53/><T78/><D78/><U86/><E3/><V82/><F82/><W35/><G35/><T111/><D72/><U75/><E75/><V77/><F91/><W132/><G132/><N who="1" m="50794" /><E61/><AGARI ba="0,0" hai="1,2,7,10,12,52,57,60,61,64,70,77,81,84" machi="61" ten="30,2000,0" yaku="7,1,54,1" doraHai="15" who="2" fromWho="1" sc="194,0,291,-20,287,20,228,0" owari="194,-30.6,271,7.1,307,40.7,228,-17.2" /></mjloggm>