<mjloggm ver="2.3"><GO type="225" lobby="0"/><UN n0="%6D%75%75%6D%75%72%61" n1="%E4%B8%96%E7%95%8C%E3%81%AE%E4%BA%80%E4%BA%95" n2="%E7%BD%AA%E5%88%91%E6%B3%95%E5%AE%9A%E4%B8%BB%E7%BE%A9" n3="%E3%81%AF%E3%82%88%E3%81%8A%E3%81%98%E3%81%95%E3%82%93" dan="17,17,16,17" rate="2188.57,2194.10,2130.42,2143.71" sx="F,M,M,M"/><TAIKYOKU oya="0"/><INIT seed="0,0,0,4,5,92" ten="250,250,250,250" oya="0" hai0="75,42,120,10,80,81,109,83,77,27,84,9,125" hai1="4,131,24,133,65,52,21,67,122,79,60,7,95" hai2="57,47,16,40,90,69,72,54,98,130,112,119,25" hai3="32,73,132,49,101,107,63,96,104,123,114,44,56"/><T31/><D120/><U37/><E122/><V87/><F112/><W36/><G123/><T61/><D125/><U129/><E133/><V51/><F72/><W20/><G32/><T97/><D109/><U134/><E134/><V116/><F69/><W2/><G132/><T70/><D42/><U124/><E124/><V19/><F130/><N who="1" m="49673" /><E79/><V46/><F46/><W58/><G114/><T30/><D97/><U118/><E37/><V108/><F108/><W68/><G2/><T76/><D81/><U45/><E95/><N who="2" m="56695" /><F25/><W103/><G73/><T41/><D41/><U1/><E118/><N who="2" m="45099" /><F87/><W28/><G36/><AGARI ba="0,0" hai="16,19,36,40,47,51,54,57" m="45099,56695" machi="36" ten="30,3900,0" yaku="12,1,52,1,54,1" doraHai="92" who="2" fromWho="3" sc="250,0,250,0,250,39,250,-39" /><INIT seed="1,0,0,0,2,35" ten="250,250,289,211" oya="1" hai0="78,5,132,83,25,63,14,44,131,89,119,41,46" hai1="43,107,29,67,106,12,55,84,81,1,101,42,104" hai2="114,124,108,0,49,105,79,10,128,53,64,26,121" hai3="31,23,99,60,122,126,76,58,19,77,9,115,71"/><U57/><E1/><V120/><F105/><W13/><G122/><T91/><D119/><U59/><E101/><V86/><F64/><W30/><G115/><T36/><D131/><U7/><E29/><V80/><F128/><W8/><G71/><T134/><D25/><U100/><E100/><V3/><F108/><W73/><G126/><T11/><D63/><U90/><E67/><V125/><F114/><W118/><G118/><T97/><D46/><U72/><E59/><N who="2" m="33199" /><F26/><W52/><G73/><T22/><D22/><U24/><E24/><V27/><F27/><W39/><G39/><T32/><D32/><U20/><E72/><V127/><F10/><N who="3" m="4203" /><G99/><T66/><D66/><U45/><E45/><V18/><F18/><W17/><G17/><T34/><D34/><U16/><REACH who="1" step="1"/><E7/><REACH who="1" ten="250,240,289,211" step="2"/><V54/><F54/><W92/><G30/><T51/><D36/><U4/><E4/><V33/><F33/><W69/><G31/><T95/><REACH who="0" step="1"/><D91/><REACH who="0" ten="240,240,289,211" step="2"/><U110/><E110/><V47/><F47/><W109/><G109/><T85/><AGARI ba="0,2" hai="5,11,14,41,44,51,78,83,85,89,95,97,132,134" machi="85" ten="30,8000,1" yaku="1,1,2,1,0,1,25,2,53,0" doraHai="35" doraHaiUra="98" who="0" fromWho="0" sc="240,100,240,-40,289,-20,211,-20" /><INIT seed="2,0,0,2,0,112" ten="340,200,269,191" oya="2" hai0="30,1,97,12,78,50,104,115,27,57,16,85,92" hai1="118,99,101,113,111,69,90,106,84,2,62,124,24" hai2="100,15,29,58,79,119,76,77,31,18,26,73,40" hai3="55,56,89,7,108,134,80,91,103,82,94,88,70"/><V45/><F100/><W33/><G70/><T120/><D115/><U51/><E113/><V22/><F31/><W34/><G108/><T131/><D1/><U10/><E111/><V43/><F58/><W8/><G134/><T49/><D120/><U65/><E124/><V42/><F73/><W74/><G34/><T83/><D104/><U52/><E24/><V3/><F3/><W129/><G33/><T20/><D131/><U4/><E118/><V23/><REACH who="2" step="1"/><F119/><REACH who="2" ten="340,200,259,191" step="2"/><W44/><G74/><T41/><D57/><U110/><E110/><V54/><F54/><W59/><G56/><T66/><D66/><U53/><REACH who="1" step="1"/><E51/><AGARI ba="0,1" hai="15,18,22,23,26,29,40,42,43,45,51,76,77,79" machi="51" ten="40,3900,0" yaku="1,1,8,1,53,0" doraHai="112" doraHaiUra="121" who="2" fromWho="1" sc="340,0,200,-39,259,49,191,0" /><INIT seed="2,1,0,0,4,126" ten="340,161,308,191" oya="2" hai0="10,49,128,15,119,27,105,86,24,35,111,7,59" hai1="81,85,30,65,129,79,51,48,66,73,98,53,88" hai2="26,36,52,43,76,90,21,134,77,95,63,71,121" hai3="22,11,50,1,92,55,14,130,131,82,58,125,60"/><V117/><F117/><W4/><G125/><T46/><D119/><U106/><E30/><V110/><F121/><W38/><G38/><T3/><D111/><U108/><E108/><V34/><F34/><W97/><G82/><T74/><D74/><U132/><E132/><V113/><F113/><W87/><G87/><T20/><D105/><U70/><E70/><V6/><F110/><W29/><G50/><T96/><D128/><N who="3" m="49193" /><G29/><T69/><D69/><U118/><E129/><V93/><F134/><W123/><G123/><T42/><D96/><U56/><E48/><V12/><F36/><W124/><G124/><T83/><D35/><U32/><E32/><V13/><F43/><W31/><G31/><T112/><D59/><U84/><E84/><V75/><F75/><W8/><G22/><T16/><D112/><U28/><E28/><V54/><F21/><W44/><G44/><T133/><D133/><U135/><E118/><V120/><F120/><W61/><G60/><T33/><D33/><U104/><E135/><V101/><F63/><W107/><G107/><T19/><D20/><U40/><E106/><V109/><F109/><W62/><G61/><T115/><D115/><U17/><E40/><V103/><F71/><W39/><G39/><T57/><D46/><U78/><E104/><V47/><F47/><W80/><G80/><T127/><D127/><U122/><E122/><V5/><F90/><N who="3" m="55447" /><G8/><T100/><D42/><U9/><E73/><V68/><F68/><W102/><G102/><T45/><D100/><U91/><E91/><V0/><F103/><W18/><G1/><RYUUKYOKU ba="1,0" sc="340,-10,161,-10,308,-10,191,30" hai3="4,11,14,18,55,58,62" /><INIT seed="3,2,0,4,3,44" ten="330,151,298,221" oya="3" hai0="61,0,4,125,45,9,99,93,96,21,54,132,82" hai1="114,91,83,97,29,106,50,12,128,8,66,88,116" hai2="95,72,14,28,68,94,73,130,79,131,89,53,11" hai3="18,59,48,98,76,102,19,37,119,74,90,42,39"/><W24/><G119/><T105/><D132/><U123/><E114/><V56/><F68/><W65/><G90/><T70/><D105/><U34/><E123/><V87/><F28/><W3/><G3/><T47/><D125/><U100/><E116/><V103/><F103/><W38/><G76/><T41/><D82/><U22/><E128/><N who="2" m="49195" /><F95/><W75/><G65/><T13/><D70/><U92/><E34/><V117/><F79/><W10/><G10/><T1/><D21/><U77/><E66/><V109/><F109/><W58/><G58/><T35/><D35/><U25/><E106/><V110/><F110/><W23/><G18/><T133/><D133/><U108/><E108/><V84/><F84/><W6/><G6/><T15/><D96/><U17/><REACH who="1" step="1"/><E50/><REACH who="1" ten="330,141,298,221" step="2"/><N who="2" m="30775" /><F117/><W127/><G39/><T122/><D122/><U36/><E36/><V20/><F20/><W78/><G38/><T49/><D49/><U112/><E112/><V120/><F120/><W52/><G37/><T69/><D61/><U126/><E126/><V16/><AGARI ba="2,1" hai="11,14,16,72,73,87,89,94" m="30775,49195" machi="16" ten="30,4000,0" yaku="19,1,52,1,54,1" doraHai="44" who="2" fromWho="2" sc="330,-12,141,-12,298,56,221,-22" owari="318,11.8,129,-37.1,354,45.4,199,-20.1" /></mjloggm>