<mjloggm ver="2.3"><GO type="225" lobby="0"/><UN n0="%E3%81%A6%E3%81%A4%EF%BC%A3" n1="%E6%A1%9C%E8%8A%B1%E9%96%83%E3%80%85" n2="%43%68%65" n3="%E4%B8%AD%E5%B9%B4%E3%81%AE%E5%8D%B1%E6%A9%9F" dan="16,18,16,16" rate="2095.02,2261.98,2154.45,2117.42" sx="M,M,M,M"/><TAIKYOKU oya="0"/><INIT seed="0,0,0,4,0,115" ten="250,250,250,250" oya="0" hai0="11,120,81,41,16,73,123,129,13,65,76,36,44" hai1="84,107,53,62,91,74,127,33,99,64,87,96,4" hai2="119,86,130,89,79,49,114,68,128,43,46,100,23" hai3="27,59,18,113,95,40,20,97,103,61,8,30,26"/><T92/><D129/><N who="2" m="49770" /><F68/><W83/><G113/><T22/><D65/><U2/><E74/><V24/><F100/><W48/><G83/><T125/><D125/><U28/><E127/><V78/><F114/><W51/><G40/><T116/><D116/><U117/><E53/><V66/><F66/><W111/><G111/><T126/><D126/><U6/><E99/><V70/><F70/><W118/><G118/><T55/><D55/><U3/><E6/><V52/><F43/><W133/><G133/><T106/><D106/><U110/><E87/><V29/><F119/><W45/><G45/><T75/><D75/><U25/><E4/><V82/><AGARI ba="0,0" hai="23,24,29,46,49,52,78,79,82,86,89" m="49770" machi="82" ten="30,2000,0" yaku="19,1,54,1" doraHai="115" who="2" fromWho="2" sc="250,-10,250,-5,250,20,250,-5" /><INIT seed="1,0,0,3,5,59" ten="240,245,270,245" oya="1" hai0="9,55,124,88,57,129,26,41,1,75,134,112,111" hai1="84,22,92,39,81,32,52,58,89,85,66,97,29" hai2="74,110,77,135,37,73,119,38,83,40,14,6,43" hai3="60,80,122,72,18,11,10,46,123,65,76,126,50"/><U91/><E32/><V49/><F119/><W21/><G126/><T117/><D117/><U116/><E116/><V45/><F110/><W53/><G123/><T61/><D112/><U109/><E39/><V103/><F103/><W120/><G122/><T94/><D111/><U125/><E109/><V127/><F127/><W131/><G120/><T48/><D124/><U82/><E125/><V12/><F135/><W7/><G7/><T106/><D106/><U5/><E66/><V130/><F130/><W51/><G51/><T96/><D134/><U98/><E5/><V71/><F71/><W15/><REACH who="3" step="1"/><G131/><REACH who="3" ten="240,245,270,235" step="2"/><T33/><D129/><U105/><E105/><V99/><F49/><W78/><G78/><T93/><D75/><U20/><E29/><V8/><F77/><W42/><G42/><T4/><D41/><U13/><E13/><V44/><F14/><W30/><G30/><T17/><D48/><N who="1" m="30983" /><E98/><V70/><F99/><W102/><G102/><AGARI ba="0,1" hai="20,22,81,82,84,85,89,91,92,97,102" m="30983" machi="102" ten="30,2900,0" yaku="8,1,54,1" doraHai="59" who="1" fromWho="3" sc="240,0,245,39,270,0,235,-29" /><INIT seed="1,1,0,4,2,132" ten="240,284,270,206" oya="1" hai0="110,15,116,14,128,90,64,70,58,71,20,19,68" hai1="23,72,80,67,27,105,69,123,46,10,33,113,73" hai2="21,104,35,32,9,44,42,38,103,114,25,48,62" hai3="129,30,56,125,6,117,50,43,83,115,47,59,99"/><U53/><E113/><V5/><F114/><W122/><G115/><T135/><D135/><U119/><E119/><V77/><F104/><W16/><G122/><T41/><D116/><U121/><E10/><V0/><F103/><W54/><G117/><T36/><D110/><U29/><E23/><V45/><F62/><W2/><G30/><T52/><D64/><U107/><E53/><V66/><F66/><W98/><G2/><T112/><D112/><U91/><E46/><V49/><F77/><W86/><G6/><T84/><D41/><U133/><E91/><V134/><F134/><W57/><G129/><T28/><D36/><U24/><E24/><V18/><REACH who="2" step="1"/><F38/><REACH who="2" ten="240,284,260,206" step="2"/><W1/><G1/><T34/><D128/><U109/><E133/><V7/><F7/><W124/><G54/><AGARI ba="1,1" hai="0,5,9,18,21,25,32,35,42,44,45,48,49,54" machi="54" ten="30,3900,0" yaku="1,1,7,1,53,1" doraHai="132" doraHaiUra="13" who="2" fromWho="3" sc="240,0,284,0,260,52,206,-42" /><INIT seed="2,0,0,2,0,45" ten="240,284,312,164" oya="2" hai0="64,118,91,112,46,99,97,78,69,61,126,34,73" hai1="51,21,50,135,48,80,52,127,47,8,5,12,94" hai2="9,40,71,134,131,74,58,29,93,33,18,19,72" hai3="128,113,4,119,70,28,133,121,123,56,31,103,95"/><V124/><F71/><W49/><G70/><T96/><D112/><U25/><E127/><V129/><F124/><W114/><G4/><T102/><D126/><U23/><E135/><V116/><F116/><W87/><G119/><T125/><D118/><U36/><E36/><V3/><F134/><W82/><G133/><T16/><D125/><U42/><E80/><V88/><F40/><W109/><G128/><N who="2" m="49225" /><F33/><W108/><G95/><T37/><D78/><U77/><E77/><V1/><F29/><W60/><G103/><T30/><D73/><N who="2" m="28266" /><F58/><W68/><G28/><T7/><D91/><U11/><E11/><V92/><F92/><W62/><G31/><T100/><D7/><U98/><E42/><V35/><F35/><W120/><G68/><T110/><D30/><N who="1" m="17711" /><E23/><V53/><F53/><N who="3" m="31791" /><G60/><T75/><D34/><U89/><AGARI ba="0,0" hai="5,8,12,47,48,50,51,52,89,94,98" m="17711" machi="89" ten="30,8000,1" yaku="8,1,52,3,54,1" doraHai="45" who="1" fromWho="1" sc="240,-20,284,80,312,-40,164,-20" /><INIT seed="3,0,0,1,3,56" ten="220,364,272,144" oya="3" hai0="44,62,69,94,83,96,90,67,54,26,111,109,125" hai1="52,45,87,78,75,37,41,118,57,133,65,126,71" hai2="70,110,32,42,134,74,61,124,6,91,58,132,43" hai3="122,9,47,50,14,10,112,38,53,30,72,107,131"/><W11/><G122/><T23/><D125/><U51/><E75/><V35/><F70/><W29/><G112/><T20/><D20/><U120/><E120/><V64/><F124/><W115/><G115/><T28/><D83/><U36/><E126/><V77/><F6/><W24/><G131/><T95/><D95/><U19/><E133/><N who="2" m="51307" /><F110/><W34/><G72/><T106/><D106/><U5/><E5/><V31/><F91/><W128/><G128/><T102/><D90/><U27/><E118/><V49/><F49/><W18/><G107/><T25/><D25/><U17/><E36/><V105/><F105/><W60/><G38/><T81/><D81/><N who="1" m="47543" /><E27/><N who="2" m="18559" /><F35/><W104/><G30/><T88/><D102/><U63/><AGARI ba="0,0" hai="17,19,37,41,45,51,52,57,63,65,71" m="47543" machi="63" ten="30,4000,0" yaku="24,1,52,1,54,1" doraHai="56" who="1" fromWho="1" sc="220,-10,364,40,272,-10,144,-20" owari="210,-19.0,404,50.4,262,6.2,124,-37.6" /></mjloggm>