<mjloggm ver="2.3"><GO type="225" lobby="0"/><UN n0="%E9%80%9F%E6%B0%B4%E5%87%9B%E9%A6%99" n1="%6E%69%63%6F%6E%74%6F" n2="%E6%9C%AA%E6%9D%A5%E5%B0%91%E5%B9%B4" n3="%E3%81%A1%E3%82%85%E3%81%86%E3%81%A9%E3%81%8F%E8%B1%A1%E3%81%95%E3%82%93" dan="16,16,16,17" rate="2160.97,2160.65,2158.11,2190.45" sx="F,M,M,M"/><TAIKYOKU oya="0"/><INIT seed="0,0,0,1,0,0" ten="250,250,250,250" oya="0" hai0="67,105,92,12,71,129,94,35,75,46,18,48,39" hai1="11,54,73,121,83,17,28,50,89,87,133,130,63" hai2="26,55,134,90,79,125,116,56,32,19,23,74,41" hai3="60,13,5,68,97,109,132,38,20,6,82,112,86"/><T42/><D105/><U57/><E121/><V103/><F125/><W113/><G38/><T64/><D35/><U40/><E130/><V106/><F134/><W96/><G132/><T59/><D75/><U14/><E133/><V33/><F116/><W107/><G20/><T127/><D129/><U30/><E73/><V21/><F41/><W47/><G47/><AGARI ba="0,0" hai="11,14,17,28,30,40,47,50,54,57,63,83,87,89" machi="47" ten="40,1300,0" yaku="8,1" doraHai="0" who="1" fromWho="3" sc="250,0,250,13,250,0,250,-13" /><INIT seed="1,0,0,5,3,67" ten="250,263,250,237" oya="1" hai0="14,72,106,50,54,11,130,49,110,36,31,73,103" hai1="116,74,28,86,56,128,25,26,71,64,117,87,104" hai2="68,29,16,125,52,44,17,8,80,2,126,12,118" hai3="10,77,94,83,5,23,88,112,9,97,62,22,42"/><U101/><E74/><V123/><F118/><W51/><G112/><T43/><D36/><U15/><E15/><V132/><F123/><W91/><G62/><T98/><D110/><U34/><E26/><V85/><F2/><W111/><G111/><T69/><D130/><U89/><E56/><V59/><F132/><W6/><G91/><T81/><D81/><U105/><E87/><V58/><F29/><W127/><G127/><N who="2" m="48649" /><F17/><W18/><G42/><T92/><D31/><U100/><E100/><V60/><F68/><W4/><G51/><T79/><D79/><U82/><E105/><V13/><F13/><W119/><G119/><T3/><D3/><U45/><E45/><V19/><F19/><W95/><G95/><T78/><D78/><U75/><E75/><V131/><F131/><W37/><G37/><T40/><D106/><U46/><E46/><V96/><F96/><W84/><REACH who="3" step="1"/><G22/><REACH who="3" ten="250,263,250,227" step="2"/><T61/><D49/><U24/><E128/><V32/><F32/><W121/><G121/><T39/><D40/><U107/><E107/><V21/><F21/><W48/><G48/><T134/><D43/><U0/><E117/><V122/><F122/><W20/><G20/><T102/><D39/><U129/><E116/><V120/><F120/><W108/><G108/><T93/><D103/><U66/><E129/><V57/><F44/><W53/><G53/><T90/><D102/><U27/><E66/><V33/><F33/><W35/><G35/><T1/><D54/><U55/><E55/><V7/><F7/><W124/><G124/><T135/><D135/><U65/><E34/><RYUUKYOKU ba="0,1" sc="250,-15,263,-15,250,15,227,15" hai2="8,12,16,52,57,58,59,60,80,85" hai3="4,5,6,9,10,18,23,77,83,84,88,94,97" /><INIT seed="2,1,1,4,0,90" ten="235,248,265,242" oya="2" hai0="13,112,19,47,132,60,107,44,118,127,0,78,24" hai1="27,53,115,105,25,126,22,50,28,89,88,33,61" hai2="59,41,130,77,29,32,42,75,101,87,117,20,40" hai3="38,48,94,64,79,39,43,68,73,86,30,36,134"/><V71/><F117/><W96/><G134/><T66/><D112/><U135/><E115/><V114/><F114/><W45/><G73/><T65/><D0/><U113/><E113/><V108/><F71/><W15/><G30/><T46/><D107/><U76/><E135/><V16/><F75/><W7/><G68/><T85/><D132/><U102/><E126/><V116/><F116/><W21/><G64/><T6/><D127/><U131/><E131/><V54/><F130/><W31/><G31/><T26/><D118/><U18/><E61/><V72/><F72/><W34/><G34/><T57/><D6/><U35/><E35/><V17/><F32/><W9/><G21/><T129/><D129/><U110/><E76/><V4/><F4/><W84/><REACH who="3" step="1"/><G79/><REACH who="3" ten="235,248,265,232" step="2"/><T91/><D78/><U123/><E33/><V37/><F29/><W95/><G95/><N who="0" m="54767" /><D66/><U97/><E28/><V62/><F77/><W93/><G93/><T109/><D109/><U11/><E110/><V1/><F108/><W81/><G81/><T74/><D74/><U98/><E105/><V121/><F121/><W70/><G70/><T8/><AGARI ba="1,2" hai="8,13,19,24,26,44,46,47,57,60,65" m="54767" machi="8" ten="30,2000,0" yaku="8,1,52,1" doraHai="90" who="0" fromWho="0" sc="235,43,248,-6,265,-11,232,-6" /><INIT seed="3,0,0,2,1,119" ten="278,242,254,226" oya="3" hai0="99,41,118,88,123,106,58,16,43,117,44,109,66" hai1="81,9,70,57,47,3,130,26,131,35,83,134,67" hai2="104,79,110,135,52,132,1,102,14,27,19,133,108" hai3="37,13,78,91,54,111,105,22,23,30,125,28,127"/><W113/><G113/><T62/><D123/><U59/><E35/><V11/><F1/><W92/><G105/><T42/><D109/><N who="2" m="42090" /><F79/><W116/><G37/><T64/><D64/><U82/><E26/><V84/><F84/><W122/><G116/><T32/><D32/><U114/><E114/><V63/><F27/><W112/><G112/><T121/><D121/><U107/><E107/><V129/><F129/><N who="1" m="49161" /><E47/><V55/><F63/><W97/><G111/><T65/><D65/><U8/><E134/><V68/><F68/><W101/><G78/><T29/><D29/><N who="3" m="11369" /><G122/><T85/><D99/><AGARI ba="0,0" hai="11,14,19,52,55,99,102,104,132,133,135" m="42090" machi="99" ten="40,5200,0" yaku="20,1,14,1,54,1" doraHai="119" who="2" fromWho="0" sc="278,-52,242,0,254,52,226,0" owari="226,-17.4,242,4.2,306,40.6,226,-27.4" /></mjloggm>