<mjloggm ver="2.3"><GO type="225" lobby="0"/><UN n0="%72%61%6B%33" n1="%72%69%6F%75%63%68%61%6E" n2="%73%75%7A%75%6D%65%33" n3="%E3%81%A1%E3%82%85%E3%81%86%E3%81%A9%E3%81%8F%E8%B1%A1%E3%81%95%E3%82%93" dan="16,17,16,17" rate="2155.22,2242.52,2158.05,2261.71" sx="M,M,M,M"/><TAIKYOKU oya="0"/><INIT seed="0,0,0,2,3,17" ten="250,250,250,250" oya="0" hai0="42,7,99,36,82,108,14,122,87,51,95,26,71" hai1="107,76,22,11,16,109,77,8,57,32,38,101,49" hai2="6,117,24,119,20,89,115,81,60,116,130,28,3" hai3="127,86,83,25,21,13,62,70,78,65,1,4,23"/><T39/><D122/><U100/><E32/><V9/><F60/><W73/><G127/><T85/><D71/><U44/><E109/><V72/><F115/><W84/><G1/><T94/><D108/><U128/><E128/><V5/><F130/><W46/><G46/><T48/><D26/><N who="1" m="14663" /><E107/><V55/><F55/><W12/><G12/><T59/><D59/><U90/><E38/><V121/><F6/><W124/><G124/><T37/><D87/><U92/><E57/><V113/><F113/><W64/><G64/><T56/><D56/><U74/><E74/><V0/><F121/><W106/><G106/><T35/><D35/><U112/><E112/><V98/><F3/><W43/><G43/><T80/><D80/><U19/><E101/><V69/><F69/><W63/><G63/><T40/><D51/><U134/><E100/><V27/><F27/><W18/><REACH who="3" step="1"/><G4/><REACH who="3" ten="250,250,250,240" step="2"/><T53/><D7/><U45/><E134/><V58/><F58/><W30/><AGARI ba="0,1" hai="13,18,21,23,25,30,62,65,70,73,78,83,84,86" machi="30" ten="20,12000,2" yaku="1,1,2,1,0,1,7,1,52,2,53,0" doraHai="17" doraHaiUra="91" who="3" fromWho="3" sc="250,-60,250,-30,250,-30,240,130" /><INIT seed="1,0,0,0,2,81" ten="190,220,220,370" oya="1" hai0="10,63,19,0,36,132,121,53,58,131,25,103,76" hai1="98,54,28,74,122,32,126,105,82,124,64,108,114" hai2="51,45,3,129,66,86,15,93,21,62,100,67,135" hai3="52,71,128,91,9,78,14,104,48,119,111,38,97"/><U110/><E114/><V75/><F75/><W22/><G38/><T59/><D131/><U102/><E122/><V50/><F3/><W94/><G71/><T33/><D121/><U35/><E54/><V49/><F129/><W109/><G128/><T112/><D112/><U107/><E64/><N who="2" m="24619" /><F62/><W120/><G120/><T73/><D36/><U7/><E7/><V130/><F130/><W113/><G113/><T70/><D132/><U88/><E107/><V16/><F135/><W37/><G37/><T30/><D70/><U106/><E105/><V47/><F100/><W68/><G68/><T79/><D103/><U85/><E74/><V29/><F29/><W27/><G104/><T41/><D41/><U92/><E106/><V60/><F60/><W1/><G78/><T95/><D73/><U99/><E99/><V40/><F40/><W123/><G1/><T11/><D59/><U72/><E72/><V26/><F26/><W56/><G119/><T2/><D95/><U61/><E61/><V18/><F18/><W55/><G55/><T117/><D117/><U42/><E42/><V134/><F134/><W96/><G123/><T4/><REACH who="0" step="1"/><D19/><REACH who="0" ten="180,220,220,370" step="2"/><U89/><E102/><V20/><F47/><W87/><G109/><N who="1" m="42090" /><E28/><V69/><F69/><W24/><G111/><T116/><D116/><U39/><E39/><V46/><F46/><W6/><G56/><T44/><D44/><U101/><E101/><V8/><F45/><W65/><G96/><T90/><D90/><AGARI ba="0,1" hai="8,15,16,20,21,49,50,51,86,90,93" m="24619" machi="90" ten="30,3900,0" yaku="8,1,52,1,54,1" doraHai="81" who="2" fromWho="0" sc="180,-39,220,0,220,49,370,0" /><INIT seed="2,0,0,1,1,135" ten="141,220,269,370" oya="2" hai0="106,112,5,47,59,14,52,107,100,133,31,117,91" hai1="121,115,48,17,86,21,128,64,22,74,66,0,65" hai2="85,104,79,70,37,120,30,125,50,45,94,57,58" hai3="13,16,36,42,32,25,33,123,105,4,77,124,114"/><V108/><F104/><W76/><G105/><T24/><D133/><U49/><E115/><V82/><F120/><W84/><G42/><T54/><D112/><U134/><E74/><V90/><F70/><W111/><G36/><T122/><D122/><U113/><E134/><V96/><F37/><W40/><G84/><T56/><D47/><U19/><E113/><V38/><F38/><W41/><G25/><T27/><D91/><U95/><E121/><V1/><F1/><W35/><G4/><T23/><D117/><U8/><E128/><V51/><F108/><W101/><G101/><T81/><D81/><U102/><E8/><V28/><F125/><W46/><G124/><T72/><D72/><U99/><E0/><V55/><REACH who="2" step="1"/><F58/><REACH who="2" ten="141,220,259,370" step="2"/><W60/><G111/><T83/><D107/><U87/><E48/><V11/><F11/><W116/><G123/><T75/><D59/><U103/><E49/><V71/><F71/><W98/><G114/><T126/><D126/><U15/><REACH who="1" step="1"/><E102/><REACH who="1" ten="141,210,259,370" step="2"/><V129/><F129/><W26/><G116/><T68/><D100/><U62/><E62/><V63/><F63/><W6/><G60/><T2/><D2/><U67/><N who="1" m="16384" /><DORA hai="118" /><U130/><E130/><V43/><AGARI ba="0,2" hai="28,30,43,45,50,51,55,57,79,82,85,90,94,96" machi="43" ten="20,7800,0" yaku="1,1,0,1,7,1,8,1,53,0" doraHai="135,118" doraHaiUra="9,34" who="2" fromWho="2" sc="141,-26,210,-26,259,98,370,-26" /><INIT seed="2,1,0,1,5,67" ten="115,184,357,344" oya="2" hai0="37,97,11,20,109,98,24,5,6,23,69,108,132" hai1="104,31,127,77,79,12,112,43,48,53,124,72,27" hai2="54,68,90,44,101,82,10,14,71,91,34,99,61" hai3="106,126,16,87,115,39,13,15,88,32,96,38,17"/><V120/><F120/><W18/><G32/><T63/><D37/><U80/><E112/><V4/><F34/><W131/><G115/><T0/><D132/><U28/><E104/><V47/><F47/><W33/><G131/><T113/><D113/><U56/><E79/><V22/><F22/><W35/><G126/><N who="1" m="48170" /><E27/><V60/><F60/><W62/><G62/><T118/><D118/><U135/><E135/><V41/><F54/><W100/><G38/><T65/><D6/><U105/><E105/><V19/><F4/><W3/><G3/><T114/><D114/><U46/><E12/><V89/><F61/><AGARI ba="1,0" hai="28,31,43,46,48,53,56,61,72,77,80" m="48170" machi="61" ten="30,1000,0" yaku="18,1" doraHai="67" who="1" fromWho="2" sc="115,0,184,13,357,-13,344,0" /><INIT seed="3,0,0,2,3,24" ten="115,197,344,344" oya="3" hai0="5,2,48,80,134,125,128,118,135,40,86,0,13" hai1="82,122,69,100,71,64,131,113,42,21,88,4,96" hai2="47,41,117,28,95,101,94,23,92,3,50,91,39" hai3="15,72,120,29,51,20,103,81,12,62,38,6,63"/><W56/><G38/><T16/><D118/><U22/><E122/><V18/><F3/><W127/><G120/><T11/><D125/><U104/><E113/><V65/><F117/><W34/><G34/><T32/><D32/><U44/><E131/><V130/><F130/><W75/><G127/><T105/><D105/><U31/><E4/><V46/><F28/><W30/><G103/><T1/><D128/><U58/><E58/><V66/><F101/><W54/><G81/><T33/><D33/><U9/><E9/><V93/><F46/><W26/><G29/><T106/><D106/><U102/><E102/><V124/><F39/><W55/><G63/><T49/><D5/><U37/><E64/><V89/><F124/><W67/><G55/><T109/><D109/><U87/><REACH who="1" step="1"/><E21/><REACH who="1" ten="115,187,344,344" step="2"/><V133/><F65/><W110/><G110/><T116/><D116/><U97/><E97/><V73/><F66/><W79/><G6/><T45/><REACH who="0" step="1"/><D48/><REACH who="0" ten="105,187,344,344" step="2"/><U17/><E17/><V77/><F50/><W119/><G119/><T25/><D25/><AGARI ba="0,2" hai="22,25,31,37,42,44,69,71,82,87,88,96,100,104" machi="25" ten="40,8000,1" yaku="1,1,52,1,54,1,53,1" doraHai="24" doraHaiUra="36" who="1" fromWho="0" sc="105,-80,187,100,344,0,344,0" owari="25,-47.5,287,-11.3,344,44.4,344,14.4" /></mjloggm>