<mjloggm ver="2.3"><GO type="225" lobby="0"/><UN n0="%E3%81%A8%E3%82%93%E3%81%A8%E3%81%93%E3%81%A8%E3%82%93" n1="%6E%69%63%6F%6E%74%6F" n2="%E8%80%81%E6%A5%BD" n3="%4B%2E%32%2E%4B%2E" dan="16,17,16,17" rate="2117.91,2135.69,2113.09,2194.81" sx="M,M,M,M"/><TAIKYOKU oya="0"/><INIT seed="0,0,0,0,1,60" ten="250,250,250,250" oya="0" hai0="0,34,6,27,130,11,69,39,24,104,66,31,73" hai1="111,17,116,95,83,81,38,25,109,47,22,48,49" hai2="90,51,121,13,87,46,71,92,72,128,4,129,113" hai3="100,101,41,16,103,18,75,110,37,99,76,133,10"/><T115/><D115/><U117/><E95/><V58/><F113/><W63/><G110/><N who="1" m="41994" /><E38/><V5/><F71/><W80/><G133/><T79/><D130/><N who="2" m="50282" /><F121/><W122/><G122/><T74/><D39/><U108/><N who="1" m="42002" /><U65/><DORA hai="43" /><E65/><V132/><F132/><W93/><G63/><N who="0" m="40159" /><D24/><U26/><E49/><V118/><F118/><N who="1" m="45673" /><E26/><V67/><F72/><N who="0" m="27754" /><D79/><U124/><E124/><V7/><F58/><W123/><G123/><T33/><D34/><U45/><E45/><V107/><F107/><AGARI ba="0,0" hai="0,6,11,27,31,33,104,107" m="27754,40159" machi="107" ten="30,5800,0" yaku="33,2,52,1" doraHai="60,43" who="0" fromWho="2" sc="250,58,250,0,250,-58,250,0" /><INIT seed="0,1,0,0,0,83" ten="308,250,192,250" oya="0" hai0="18,96,26,131,105,66,4,23,99,67,113,92,3" hai1="71,87,93,60,112,73,36,14,5,34,115,70,94" hai2="77,38,82,61,124,7,85,88,9,91,126,81,132" hai3="46,43,110,6,103,100,130,72,8,123,135,90,119"/><T22/><D113/><N who="1" m="43595" /><E34/><V95/><F38/><W51/><G119/><T13/><D131/><U19/><E36/><V121/><F121/><W58/><G130/><T63/><D105/><U64/><E73/><V28/><F132/><W122/><G72/><T118/><D118/><U97/><E5/><V0/><F28/><W11/><G135/><T53/><D3/><U106/><E71/><V20/><F20/><W69/><G69/><T40/><D40/><U98/><E106/><V57/><F82/><W128/><G128/><T101/><D99/><N who="1" m="37899" /><E87/><V33/><F33/><W74/><G74/><T76/><D76/><U54/><E54/><N who="2" m="33975" /><F95/><W114/><G114/><T79/><D79/><U48/><E48/><V45/><F45/><W35/><G35/><T17/><REACH who="0" step="1"/><D4/><REACH who="0" ten="298,250,192,250" step="2"/><U30/><E30/><V62/><F62/><W75/><G6/><T21/><D21/><AGARI ba="1,1" hai="14,19,21,60,64,70,93,94" m="37899,43595" machi="21" ten="30,1000,0" yaku="11,1" doraHai="83" who="1" fromWho="0" sc="298,-13,250,23,192,0,250,0" /><INIT seed="1,0,0,4,1,93" ten="285,273,192,250" oya="1" hai0="92,60,28,53,7,32,64,65,1,89,36,98,91" hai1="8,33,47,121,96,85,74,44,39,9,80,29,79" hai2="131,37,24,99,14,88,75,120,111,112,20,82,56" hai3="67,48,73,117,49,10,16,51,97,3,95,107,6"/><U132/><E132/><V59/><F120/><W21/><G117/><T84/><D36/><U38/><E121/><V55/><F111/><W43/><G73/><T68/><D1/><U30/><E74/><V22/><F37/><W50/><G107/><T63/><D7/><U72/><E72/><V94/><F131/><W17/><G67/><T45/><D32/><U104/><E39/><V123/><F123/><W114/><G114/><T13/><D28/><U34/><E34/><V125/><F125/><W106/><G106/><T124/><D13/><U12/><E33/><V69/><F69/><W113/><G113/><T134/><D134/><U42/><E47/><V105/><F112/><W5/><G5/><T100/><D124/><U11/><REACH who="1" step="1"/><E12/><REACH who="1" ten="285,263,192,250" step="2"/><V58/><F105/><W78/><G43/><T110/><D110/><U62/><E62/><V90/><F75/><W52/><G51/><N who="0" m="28911" /><D68/><U130/><E130/><V76/><F76/><W66/><G50/><T119/><D119/><U40/><E40/><V115/><F115/><W35/><G48/><T118/><D118/><U133/><E133/><V129/><F129/><W54/><G49/><T25/><D60/><U103/><AGARI ba="0,1" hai="8,9,11,29,30,38,42,44,79,80,85,96,103,104" machi="103" ten="30,6000,0" yaku="1,1,0,1,52,1,53,0" doraHai="93" doraHaiUra="23" who="1" fromWho="1" sc="285,-20,263,70,192,-20,250,-20" /><INIT seed="1,1,0,2,1,19" ten="265,333,172,230" oya="1" hai0="90,85,12,121,120,116,106,89,74,43,31,47,83" hai1="3,127,95,14,66,58,46,132,5,69,97,99,4" hai2="7,65,117,60,25,64,118,101,38,113,56,82,126" hai3="2,35,55,27,54,44,51,98,135,59,36,114,29"/><U37/><E132/><V13/><F38/><W119/><G114/><T0/><D0/><U124/><E3/><V111/><F113/><W15/><G2/><T94/><D116/><U109/><E69/><V39/><F39/><W77/><G135/><T67/><D106/><U34/><E34/><V84/><F111/><W79/><G119/><T10/><D31/><U87/><E87/><V52/><F126/><W63/><G36/><T103/><D103/><U72/><E72/><V80/><F118/><W23/><G35/><T33/><D67/><U107/><E107/><V96/><F117/><W45/><G15/><T18/><D33/><U30/><E30/><V68/><F25/><W112/><G112/><T26/><D26/><U131/><E131/><V24/><F24/><W8/><G8/><T105/><D105/><U75/><E75/><V41/><F41/><W78/><G98/><T108/><D108/><U73/><E73/><V61/><F65/><W133/><G133/><T6/><D6/><N who="1" m="2667" /><E95/><V134/><F134/><W28/><G28/><T115/><D115/><U128/><E14/><V102/><F96/><N who="1" m="36937" /><E109/><V1/><F1/><W110/><G110/><T71/><D71/><U20/><E128/><V76/><REACH who="2" step="1"/><F82/><REACH who="2" ten="265,333,162,230" step="2"/><W123/><G123/><T48/><D120/><U9/><E127/><V62/><F62/><W40/><REACH who="3" step="1"/><G45/><REACH who="3" ten="265,333,162,220" step="2"/><T86/><D121/><U91/><E46/><V57/><F57/><W11/><G11/><AGARI ba="1,2" hai="7,11,13,52,56,60,61,64,68,76,80,84,101,102" machi="11" ten="40,2600,0" yaku="1,1,54,1,53,0" doraHai="19" doraHaiUra="22" who="2" fromWho="3" sc="265,0,333,0,162,49,220,-29" /><INIT seed="2,0,0,3,4,104" ten="265,333,211,191" oya="2" hai0="83,96,79,111,91,26,37,97,53,85,90,89,2" hai1="107,124,106,110,130,8,112,42,67,118,122,61,50" hai2="5,41,57,6,132,126,47,99,54,46,34,29,127" hai3="38,70,12,103,69,123,48,55,31,33,62,108,71"/><V95/><F132/><W1/><G1/><T88/><D2/><U24/><E112/><V30/><F57/><W39/><G123/><T11/><D37/><U63/><E118/><V76/><F76/><W101/><G108/><T15/><D111/><U43/><E110/><V58/><F58/><W25/><G12/><T134/><D134/><U64/><E122/><V84/><F84/><W125/><G125/><N who="2" m="47625" /><F54/><W19/><G19/><T14/><D26/><U98/><E124/><V28/><F34/><W16/><G16/><N who="0" m="8287" /><D53/><U49/><E98/><N who="0" m="37993" /><D15/><U115/><E115/><V60/><F60/><W86/><G86/><N who="0" m="48511" /><D91/><U102/><E107/><V105/><F105/><W94/><G94/><AGARI ba="0,0" hai="85,88,89,90,94" m="48511,37993,8287" machi="94" ten="30,3900,0" yaku="8,1,54,2" doraHai="104" who="0" fromWho="3" sc="265,39,333,0,211,0,191,-39" /><INIT seed="3,0,0,5,0,46" ten="304,333,211,152" oya="3" hai0="4,0,83,10,13,64,60,106,71,86,39,24,107" hai1="34,63,44,85,120,98,87,22,119,35,128,42,93" hai2="50,21,78,81,110,109,111,97,103,91,26,129,89" hai3="122,94,30,66,51,75,101,29,116,1,6,80,8"/><W118/><G122/><T11/><D39/><U113/><E120/><V28/><F129/><W67/><G116/><T47/><D24/><U45/><E113/><V124/><F124/><W105/><G105/><T7/><REACH who="0" step="1"/><D47/><REACH who="0" ten="294,333,211,152" step="2"/><N who="1" m="17995" /><E128/><V12/><F110/><W108/><G108/><T17/><D17/><U131/><E131/><V65/><F109/><W82/><G118/><T27/><D27/><U99/><E119/><V56/><F111/><W95/><G29/><T55/><D55/><U88/><E35/><V37/><F37/><W68/><G30/><T90/><AGARI ba="0,1" hai="0,4,7,10,11,13,60,64,71,83,86,90,106,107" machi="90" ten="20,2700,0" yaku="1,1,0,1,7,1,53,0" doraHai="46" doraHaiUra="123" who="0" fromWho="0" sc="294,37,333,-7,211,-7,152,-13" owari="331,43.1,326,12.6,204,-19.6,139,-36.1" /></mjloggm>