<mjloggm ver="2.3"><GO type="225" lobby="0"/><UN n0="%E3%82%B2%E3%82%B9%E8%8C%82%E5%8B%9D" n1="%73%6C%69%63%6B%33%31%39" n2="%E3%81%82%E3%81%99%E3%81%AA%E3%82%8D%E3%83%A9%E3%82%A4%E3%83%80%E3%83%BC" n3="%6D%75%75%6D%75%72%61" dan="16,16,16,16" rate="2081.63,2064.07,2107.39,2083.52" sx="F,M,M,F"/><TAIKYOKU oya="0"/><INIT seed="0,0,0,3,0,79" ten="250,250,250,250" oya="0" hai0="48,107,13,101,78,133,18,47,63,22,62,89,85" hai1="21,127,81,95,9,74,1,30,50,58,117,104,132" hai2="28,77,87,38,0,5,134,108,124,40,23,84,41" hai3="126,52,110,123,129,88,73,15,92,99,91,82,19"/><T37/><D133/><U72/><E104/><V34/><F38/><W119/><G119/><T49/><D37/><U27/><E117/><V102/><F34/><W26/><G110/><T29/><D78/><U59/><E132/><V76/><F0/><W6/><G129/><T42/><D29/><U105/><E105/><V115/><F5/><W114/><G114/><T67/><D67/><U93/><E127/><V98/><F23/><N who="3" m="13695" /><G73/><T31/><D31/><U11/><E1/><V44/><F108/><W61/><G126/><T75/><D75/><U24/><E30/><V39/><F28/><W25/><G25/><T32/><D32/><U55/><E21/><V57/><F115/><W8/><G123/><T54/><D101/><U116/><E116/><V17/><F102/><N who="3" m="60775" /><G82/><N who="0" m="49335" /><D107/><U122/><E122/><V45/><F39/><W20/><G20/><T121/><D121/><U4/><E81/><V70/><F70/><W128/><G128/><T2/><D2/><U125/><E125/><V83/><F83/><W46/><G46/><AGARI ba="0,0" hai="13,18,22,42,46,47,48,49,54,62,63" m="49335" machi="46" ten="30,2900,0" yaku="8,1,52,1" doraHai="79" who="0" fromWho="3" sc="250,29,250,0,250,0,250,-29" /><INIT seed="0,1,0,4,0,45" ten="279,250,250,221" oya="0" hai0="59,31,70,77,100,123,119,28,105,132,60,54,80" hai1="120,51,5,58,82,109,65,126,36,42,29,27,53" hai2="21,83,17,10,50,81,24,61,67,94,22,15,19" hai3="14,4,8,102,52,39,125,88,97,98,37,73,35"/><T104/><D119/><U115/><E120/><V101/><F10/><W43/><G73/><T72/><D123/><U44/><E109/><V91/><F101/><W23/><G35/><T68/><D132/><U12/><E126/><V63/><F50/><W128/><G125/><T25/><D31/><U78/><E115/><V48/><F48/><W2/><G128/><T69/><REACH who="0" step="1"/><D100/><REACH who="0" ten="269,250,250,221" step="2"/><U107/><E29/><V13/><F24/><W3/><G102/><T66/><D66/><U6/><E65/><V86/><REACH who="2" step="1"/><F63/><REACH who="2" ten="269,250,240,221" step="2"/><W99/><G39/><T117/><D117/><U49/><E36/><V114/><F114/><W111/><G37/><T116/><D116/><U127/><E27/><V129/><F129/><W9/><G111/><T130/><D130/><U135/><E127/><V103/><F103/><W32/><G3/><T106/><D106/><U96/><E107/><V131/><F131/><W133/><G2/><T47/><D47/><U0/><E0/><V38/><F38/><W75/><G133/><T122/><D122/><U93/><E135/><V121/><F121/><W79/><G4/><T40/><D40/><U90/><REACH who="1" step="1"/><E12/><REACH who="1" ten="269,240,240,221" step="2"/><V34/><F34/><AGARI ba="1,3" hai="25,28,34,54,59,60,68,69,70,72,77,80,104,105" machi="34" ten="40,3900,0" yaku="1,1,53,1" doraHai="45" doraHaiUra="55" who="0" fromWho="2" sc="269,72,240,0,240,-42,221,0" /><INIT seed="0,2,0,5,4,109" ten="341,240,198,221" oya="0" hai0="56,37,69,127,32,77,67,10,3,12,111,87,120" hai1="76,64,104,123,131,46,68,20,72,65,129,80,110" hai2="43,22,116,5,35,55,40,23,17,83,45,97,61" hai3="59,29,75,119,92,103,135,16,6,89,4,96,60"/><T36/><D120/><U63/><E123/><V113/><F35/><W24/><G119/><T44/><D111/><U52/><E110/><V115/><F116/><W117/><G117/><T74/><D56/><N who="1" m="35207" /><E68/><V94/><F5/><W121/><G75/><T34/><D87/><U73/><E73/><V79/><F23/><W99/><G121/><T13/><D12/><U11/><E104/><V128/><F128/><N who="1" m="49225" /><E20/><V134/><F134/><W71/><G135/><T7/><D13/><U30/><E30/><V49/><F43/><W112/><G16/><T84/><D127/><U78/><E78/><V54/><F61/><W85/><G112/><T27/><D34/><U98/><E98/><V28/><F28/><W57/><G96/><T126/><D126/><U106/><E106/><V105/><F105/><W19/><G59/><T33/><D32/><U53/><E11/><V82/><F82/><W88/><G19/><T102/><D33/><U93/><E93/><V70/><F70/><W9/><G71/><T58/><D69/><U25/><E25/><V81/><F81/><W122/><G122/><T38/><D27/><U90/><E90/><V66/><F22/><N who="3" m="15511" /><G9/><T95/><D74/><U1/><E1/><V2/><F17/><W47/><G89/><T42/><D3/><U14/><E14/><V18/><F2/><W100/><G85/><T86/><D10/><U130/><N who="1" m="49233" /><U108/><DORA hai="124" /><E108/><V62/><F18/><W107/><G107/><T31/><D77/><U101/><E101/><N who="3" m="38986" /><G47/><T91/><D102/><U0/><E0/><V15/><F115/><W133/><G133/><RYUUKYOKU ba="2,0" sc="341,-15,240,15,198,-15,221,15" hai1="46,53,64,65,72,76,80" hai3="4,6,57,60,88,92,99" /><INIT seed="1,3,0,5,5,116" ten="326,255,183,236" oya="1" hai0="107,121,64,87,39,91,57,96,3,120,95,61,112" hai1="9,31,80,117,99,36,110,28,135,43,58,27,11" hai2="53,98,101,22,111,0,74,81,46,62,104,133,127" hai3="118,76,79,30,72,83,90,41,123,6,132,131,69"/><U119/><E135/><V49/><F0/><W34/><G118/><T63/><D112/><U7/><E110/><V113/><F111/><W77/><G69/><T65/><D39/><U32/><E31/><V25/><F133/><W23/><G132/><T114/><D3/><U97/><E11/><V82/><F113/><W18/><G131/><T130/><D114/><U129/><E129/><V24/><F127/><W71/><G71/><T38/><D38/><U75/><E58/><V128/><F128/><W19/><G123/><N who="0" m="47179" /><D130/><U29/><E29/><V16/><F25/><W86/><G72/><T1/><D1/><N who="1" m="239" /><E97/><V67/><REACH who="2" step="1"/><F74/><REACH who="2" ten="326,255,173,236" step="2"/><W55/><G34/><T14/><D14/><U37/><E75/><V35/><F35/><W48/><G30/><T50/><D50/><U47/><E36/><V92/><F92/><W73/><G73/><T134/><D134/><U84/><E28/><V40/><F40/><W66/><G41/><T126/><D126/><U105/><E32/><V52/><F52/><W102/><G55/><N who="0" m="33983" /><D63/><U17/><E119/><V108/><F108/><W106/><G48/><T42/><D42/><U125/><E43/><V56/><AGARI ba="3,1" hai="16,22,24,46,49,53,56,62,67,81,82,98,101,104" machi="56" ten="20,5200,0" yaku="1,1,0,1,7,1,54,1,53,0" doraHai="116" doraHaiUra="89" who="2" fromWho="2" sc="326,-16,255,-29,173,71,236,-16" /><INIT seed="2,0,0,0,0,18" ten="310,226,244,220" oya="2" hai0="107,95,10,120,69,114,96,7,73,64,26,11,54" hai1="31,89,118,81,108,40,9,72,17,12,134,52,121" hai2="104,102,124,14,50,70,94,30,22,43,4,74,79" hai3="103,68,75,53,36,84,57,42,77,1,49,21,88"/><V8/><F124/><W78/><G1/><T56/><D114/><U123/><E118/><V59/><F70/><W58/><G68/><T106/><D120/><N who="1" m="46155" /><E108/><V28/><F104/><W63/><G75/><T86/><D73/><U105/><E134/><V71/><F71/><W33/><G33/><T119/><D86/><N who="1" m="50383" /><E72/><V99/><F74/><W91/><G103/><T34/><D119/><U111/><E111/><V82/><F59/><W93/><G36/><T131/><D131/><U46/><E105/><V87/><REACH who="2" step="1"/><F22/><REACH who="2" ten="310,226,234,220" step="2"/><W2/><G58/><T115/><D69/><U125/><E125/><V16/><F16/><W38/><G21/><T47/><D56/><U67/><E31/><V130/><F130/><W133/><G57/><T129/><D106/><U45/><E67/><V27/><F27/><W6/><G63/><T60/><D26/><U122/><E122/><V98/><F98/><W65/><G65/><T90/><D60/><U132/><E132/><V19/><F19/><W48/><G133/><T55/><D64/><U80/><E17/><V101/><F101/><W83/><G84/><T61/><D61/><U20/><E20/><V32/><F32/><W35/><G35/><T0/><D34/><U117/><E117/><V76/><F76/><W92/><G78/><T128/><D107/><U126/><E126/><V66/><F66/><W135/><G77/><T62/><D128/><U29/><E29/><V39/><F39/><W13/><G135/><T113/><D62/><U110/><E110/><V25/><F25/><W23/><G38/><T85/><D129/><U97/><E97/><RYUUKYOKU ba="0,1" sc="310,-10,226,-10,234,30,220,-10" hai2="4,8,14,28,30,43,50,79,82,87,94,99,102" /><INIT seed="2,1,1,0,5,88" ten="300,216,264,210" oya="2" hai0="62,57,64,5,109,85,15,32,19,29,75,35,128" hai1="45,8,11,4,134,38,118,124,56,34,127,50,7" hai2="9,107,105,70,131,44,27,95,113,116,51,13,111" hai3="99,0,110,119,10,18,59,63,132,103,104,28,20"/><V23/><F116/><W117/><G110/><T82/><D109/><U79/><E118/><V52/><F113/><W73/><G132/><T33/><D75/><U120/><E34/><V14/><F111/><W133/><G133/><T25/><D128/><U129/><E134/><V77/><F131/><W108/><G73/><T37/><D5/><N who="1" m="2123" /><E129/><V3/><F3/><W123/><G108/><T89/><D37/><U102/><E38/><V112/><F70/><W101/><G0/><T1/><D1/><U98/><E56/><V43/><F112/><W80/><G123/><T90/><D90/><U36/><E79/><V68/><F68/><W16/><G80/><T130/><D130/><U94/><E36/><V6/><F14/><W72/><G72/><T93/><D82/><U91/><E91/><V55/><F77/><W97/><G10/><AGARI ba="1,1" hai="10,15,19,25,29,32,33,35,57,62,64,85,89,93" machi="10" ten="30,2000,0" yaku="7,1,52,1" doraHai="88" who="0" fromWho="3" sc="300,33,216,0,264,0,210,-23" /><INIT seed="3,0,0,1,5,23" ten="333,216,264,187" oya="3" hai0="21,97,85,133,96,121,18,116,57,36,95,0,112" hai1="26,4,16,39,53,56,129,3,131,48,37,118,110" hai2="44,91,71,80,28,120,9,126,89,111,68,123,70" hai3="30,54,10,105,20,11,127,77,114,52,124,72,55"/><W135/><G114/><T115/><D116/><U98/><E118/><V34/><F111/><W64/><G105/><T113/><D121/><U128/><E110/><V7/><F126/><N who="3" m="48171" /><G64/><T83/><D36/><N who="1" m="13899" /><E98/><V13/><F44/><W93/><G135/><T25/><D133/><U67/><E67/><V17/><F7/><W60/><G60/><T78/><D0/><U125/><E125/><V104/><F104/><W108/><G108/><T43/><D43/><U38/><N who="1" m="13907" /><U122/><DORA hai="14" /><E122/><N who="2" m="46635" /><F80/><N who="3" m="45095" /><G93/><T35/><D35/><U134/><E134/><V66/><F66/><W5/><G5/><T65/><D95/><U22/><E4/><V100/><F100/><W24/><AGARI ba="0,0" hai="10,11,20,24,30,52,54,55" m="45095,48171" machi="24" ten="40,7800,0" yaku="18,1,52,1,54,1" doraHai="23,14" who="3" fromWho="3" sc="333,-26,216,-26,264,-26,187,78" /><INIT seed="3,1,0,1,0,46" ten="307,190,238,265" oya="3" hai0="43,127,17,0,39,34,60,62,117,108,15,93,56" hai1="87,8,40,9,23,124,131,107,2,86,115,57,128" hai2="28,26,1,53,47,72,27,91,114,82,102,12,51" hai3="130,3,54,58,32,118,103,88,123,65,94,126,74"/><W52/><G118/><T19/><D117/><U48/><E115/><V55/><F1/><W129/><G123/><T18/><D34/><U125/><E107/><V106/><F114/><W98/><G126/><N who="1" m="48746" /><E23/><V22/><F106/><N who="3" m="63863" /><G32/><T116/><D0/><U89/><E2/><V7/><F102/><W135/><G74/><T41/><D116/><U119/><E119/><V132/><F132/><W112/><G3/><T35/><D35/><U81/><E87/><V69/><F69/><W30/><G112/><T113/><D127/><U50/><E40/><V120/><F120/><W76/><G76/><T78/><D78/><U63/><E8/><V133/><F133/><W49/><G30/><T6/><D39/><U99/><E9/><V45/><F72/><W79/><G79/><T25/><D25/><U42/><E99/><V4/><F27/><W90/><G65/><T68/><D68/><U100/><E100/><V85/><F12/><W10/><G10/><T73/><D73/><U24/><E24/><V104/><F104/><W92/><G54/><T21/><D15/><U44/><E63/><V110/><F110/><W111/><G111/><T101/><D62/><U33/><E33/><V95/><F82/><W83/><G135/><T77/><D113/><U13/><E13/><V105/><F105/><W121/><G121/><T38/><D60/><U16/><E16/><V122/><F122/><W5/><G5/><T36/><D18/><U97/><E97/><V59/><F47/><W134/><G134/><T37/><D17/><U71/><E71/><V61/><AGARI ba="1,0" hai="4,7,22,26,28,45,51,53,55,59,61,85,91,95" machi="61" ten="20,5200,0" yaku="0,1,7,1,8,1,52,1" doraHai="46" who="2" fromWho="2" sc="307,-14,190,-14,238,55,265,-27" /><INIT seed="4,0,0,0,4,39" ten="293,176,293,238" oya="0" hai0="48,130,59,16,72,81,84,22,21,129,53,135,55" hai1="83,52,89,110,31,58,35,45,100,6,79,8,75" hai2="13,76,27,96,65,123,69,19,11,32,51,87,127" hai3="50,62,115,71,104,97,57,68,17,99,4,61,5"/><T3/><D135/><U40/><E110/><V38/><F123/><W114/><G17/><T91/><D72/><U105/><E35/><V80/><F38/><W37/><G50/><T107/><D107/><U42/><E31/><V9/><F127/><W33/><G57/><T93/><D3/><U132/><E132/><V14/><F69/><N who="3" m="26699" /><G37/><T109/><D109/><U15/><E45/><V125/><F65/><W133/><G104/><T95/><D53/><U116/><E116/><V113/><F125/><W12/><G12/><N who="0" m="9351" /><D22/><U134/><E134/><V82/><F113/><N who="3" m="43019" /><G33/><T0/><D0/><U73/><E75/><V60/><F60/><N who="3" m="23147" /><G133/><T29/><D29/><U34/><E34/><V2/><F2/><W111/><G111/><T49/><D49/><U56/><E89/><V43/><F32/><W10/><G10/><T88/><D81/><U86/><E73/><V90/><F82/><W101/><G101/><T102/><D102/><U18/><E18/><V36/><F36/><W78/><G78/><T112/><D112/><U120/><E120/><V128/><F76/><W1/><G1/><T30/><D30/><U24/><E24/><V23/><F51/><W70/><N who="3" m="26707" /><W47/><DORA hai="41" /><G47/><T63/><D63/><U118/><E118/><V106/><F106/><W46/><G46/><T131/><D129/><U54/><E56/><V64/><F128/><W67/><G67/><T7/><D7/><AGARI ba="0,0" hai="4,5,7,97,99" m="23147,43019,26707" machi="7" ten="50,6400,0" yaku="28,2,15,1" doraHai="39,41" who="3" fromWho="0" sc="293,-64,176,0,293,0,238,64" owari="229,-17.1,176,-32.4,293,9.3,302,40.2" /></mjloggm>