<mjloggm ver="2.3"><GO type="225" lobby="0"/><UN n0="%E3%82%BC%E3%83%AB%E3%83%80%E3%81%AE%E4%BC%9D%E8%AA%AC" n1="%6D%75%75%6D%75%72%61" n2="%E3%81%B2%E3%81%AA%E3%81%AE%E3%82%8A%E3%81%8F" n3="%E7%AD%89%E3%80%85%E5%8A%9B%E5%8A%87%E5%A0%B4" dan="16,16,17,16" rate="2211.75,2121.50,2186.56,2171.93" sx="M,F,M,M"/><TAIKYOKU oya="0"/><INIT seed="0,0,0,4,3,112" ten="250,250,250,250" oya="0" hai0="47,95,130,98,11,111,100,96,90,56,117,81,131" hai1="35,77,103,37,0,10,74,115,99,52,19,69,108" hai2="40,55,63,109,119,26,33,62,34,36,105,83,46" hai3="65,104,68,32,38,48,21,78,106,45,42,134,30"/><T60/><D111/><U51/><E115/><V16/><F109/><W80/><G134/><T71/><D71/><U41/><E69/><V126/><F105/><W66/><G21/><T67/><D117/><U72/><E35/><V8/><F126/><W82/><G82/><T91/><D47/><U89/><E37/><V49/><F34/><W79/><G79/><T118/><D118/><U31/><E41/><V120/><F120/><W22/><G48/><T127/><D127/><U101/><E31/><V39/><F39/><W86/><G22/><T54/><D67/><U57/><E108/><V75/><F119/><W124/><G66/><T61/><D61/><U85/><E77/><V102/><F102/><W97/><G97/><T133/><D133/><U13/><E0/><V1/><F33/><W5/><G5/><T2/><D81/><U12/><E12/><V14/><F26/><W121/><G121/><T44/><D44/><U58/><E58/><V93/><F1/><W87/><G124/><T132/><D132/><U59/><E59/><N who="2" m="33263" /><F93/><W88/><G32/><T113/><D113/><U9/><E9/><V76/><F75/><W24/><G68/><T6/><REACH who="0" step="1"/><D98/><REACH who="0" ten="240,250,250,250" step="2"/><U114/><E114/><V122/><F122/><W28/><G80/><T43/><D43/><U18/><E99/><V20/><F63/><W3/><G42/><T116/><D116/><U107/><E57/><V50/><F62/><W53/><G45/><T123/><D123/><U15/><E51/><V92/><F50/><W25/><G38/><T64/><D64/><U128/><E52/><V73/><F92/><RYUUKYOKU ba="0,1" sc="240,15,250,-15,250,15,250,-15" hai0="2,6,11,54,56,60,90,91,95,96,100,130,131" hai2="8,14,16,20,36,40,46,73,76,83" /><INIT seed="0,1,1,1,2,37" ten="255,235,265,235" oya="0" hai0="20,5,45,131,77,26,116,83,85,107,63,17,123" hai1="115,98,43,44,30,109,126,104,68,127,65,7,84" hai2="108,135,11,6,52,80,97,4,38,60,48,69,89" hai3="113,103,28,24,91,95,66,39,128,111,23,72,2"/><T93/><D116/><U61/><E109/><V35/><F35/><W79/><G113/><T14/><D123/><U53/><E115/><V86/><F108/><W117/><G111/><T55/><D131/><U70/><E70/><V81/><F38/><W114/><G114/><T9/><D107/><U22/><E7/><V67/><F135/><W119/><G128/><T50/><D93/><U73/><E73/><V47/><F97/><W82/><G2/><T112/><D112/><U118/><E118/><V94/><REACH who="2" step="1"/><F6/><REACH who="2" ten="255,235,255,235" step="2"/><W92/><G39/><T42/><REACH who="0" step="1"/><D63/><REACH who="0" ten="245,235,255,235" step="2"/><U74/><E61/><V133/><F133/><W62/><G62/><T87/><D87/><U78/><E84/><V134/><F134/><W54/><G119/><T25/><D25/><U12/><E74/><V16/><F16/><W33/><G24/><T102/><D102/><U41/><E126/><V32/><F32/><W15/><G33/><T27/><D27/><U3/><E127/><V13/><AGARI ba="1,3" hai="4,11,13,47,48,52,60,67,69,80,81,86,89,94" machi="13" ten="20,5200,0" yaku="1,1,0,1,7,1,54,1,53,0" doraHai="37" doraHaiUra="129" who="2" fromWho="2" sc="245,-27,235,-14,255,85,235,-14" /><INIT seed="1,0,0,0,5,86" ten="218,221,340,221" oya="1" hai0="37,74,89,48,6,73,13,120,32,63,16,127,52" hai1="80,67,95,27,21,9,77,2,135,110,123,12,78" hai2="17,35,49,122,83,54,114,125,88,116,65,50,58" hai3="128,100,118,107,72,75,57,25,3,15,130,104,38"/><U119/><E119/><V68/><F116/><W60/><G118/><T76/><D37/><U47/><E123/><V1/><F122/><W94/><G3/><T97/><D120/><U45/><E2/><V4/><F35/><W99/><G38/><T121/><D121/><U129/><E129/><N who="3" m="49770" /><G15/><T93/><D32/><U134/><E67/><V132/><F4/><W11/><G11/><T105/><D127/><U112/><E112/><V71/><F50/><W82/><G25/><T39/><D39/><U79/><E80/><V55/><F1/><W92/><G82/><T44/><D76/><U64/><E64/><V53/><F53/><N who="3" m="33839" /><G94/><T61/><D105/><AGARI ba="0,0" hai="72,75,92,99,100,104,105,107" m="33839,49770" machi="105" ten="30,1000,0" yaku="19,1" doraHai="86" who="3" fromWho="0" sc="218,-10,221,0,340,0,221,10" /><INIT seed="2,0,0,0,2,8" ten="208,221,340,231" oya="2" hai0="57,72,124,43,17,89,14,131,44,2,62,80,79" hai1="117,60,64,58,10,82,6,22,46,52,103,107,0" hai2="16,26,11,3,71,84,94,129,75,13,37,23,19" hai3="27,119,76,59,115,85,133,5,53,116,100,87,104"/><V1/><F75/><W109/><G109/><T56/><D124/><U67/><E117/><V86/><F71/><W102/><G133/><T132/><D131/><U95/><E107/><V4/><F129/><W126/><G126/><T135/><D2/><U101/><E82/><V111/><F37/><W63/><G115/><T41/><D89/><U31/><E46/><V39/><F39/><W25/><G5/><T12/><D57/><U110/><E110/><V93/><F3/><W55/><G59/><T128/><D128/><U21/><E21/><V24/><F111/><W32/><G63/><T108/><D108/><U77/><E77/><V15/><F1/><W30/><G30/><T28/><D28/><U96/><REACH who="1" step="1"/><E101/><REACH who="1" ten="208,211,340,231" step="2"/><V54/><F23/><W105/><G32/><T74/><D74/><U97/><E97/><V83/><F83/><W7/><G76/><T114/><D114/><U68/><E68/><V130/><F130/><W90/><G104/><T121/><D121/><U66/><E66/><V49/><F94/><W112/><G105/><T40/><D44/><U48/><E48/><V125/><F93/><W50/><G50/><T88/><D88/><U69/><E69/><V61/><F49/><W70/><G70/><T18/><D132/><U98/><E98/><V65/><F65/><W118/><G90/><T29/><D135/><U92/><E92/><V78/><F78/><W20/><G119/><T106/><D106/><U38/><E38/><V99/><F99/><W36/><G36/><T113/><D113/><U122/><E122/><V120/><F120/><W134/><G112/><RYUUKYOKU ba="0,1" sc="208,-10,211,30,340,-10,231,-10" hai1="0,6,10,22,31,52,58,60,64,67,95,96,103" /><INIT seed="3,1,1,3,0,22" ten="198,241,330,221" oya="3" hai0="19,77,101,25,97,79,130,118,75,106,131,47,109" hai1="39,120,69,72,16,55,15,74,20,61,87,90,37" hai2="100,60,105,3,46,119,28,48,54,76,38,135,34" hai3="2,96,63,29,94,32,82,66,49,42,14,122,26"/><W78/><G2/><T129/><D109/><U127/><E120/><V50/><F3/><W132/><G122/><T99/><D118/><U67/><E127/><V89/><F38/><W116/><G116/><T121/><D121/><U5/><E5/><V93/><F76/><N who="0" m="29258" /><D75/><U102/><E102/><V134/><F100/><W110/><G132/><N who="2" m="50729" /><F105/><W33/><G110/><T43/><D97/><U98/><E98/><V80/><F80/><W6/><G33/><T68/><D68/><U23/><E39/><V71/><F34/><W31/><G32/><T57/><D57/><U35/><E35/><V115/><F28/><W104/><G104/><T41/><D47/><U107/><E107/><V24/><F115/><W51/><G96/><T114/><D114/><U126/><E37/><V10/><F50/><W103/><G103/><T1/><D1/><U83/><E126/><V85/><F10/><W73/><G73/><T12/><D25/><U128/><E74/><V91/><F24/><W0/><G0/><T9/><AGARI ba="1,1" hai="9,12,19,41,43,99,101,106,129,130,131" m="29258" machi="9" ten="40,1500,0" yaku="19,1" doraHai="22" who="0" fromWho="0" sc="198,28,241,-5,330,-5,221,-8" owari="226,-17.4,236,3.6,325,42.5,213,-28.7" /></mjloggm>