<mjloggm ver="2.3"><GO type="225" lobby="0"/><UN n0="%4C%4F%4C%49%54%41" n1="%E3%81%B5%E3%81%98%E3%81%8B%E3%81%A4" n2="%E3%81%A9%E3%82%8F%E3%82%93%E3%81%94" n3="%E3%81%AF%E3%82%88%E3%81%8A%E3%81%98%E3%81%95%E3%82%93" dan="16,16,16,17" rate="2177.98,2109.17,2080.72,2206.33" sx="F,M,M,M"/><TAIKYOKU oya="0"/><INIT seed="0,0,0,0,2,71" ten="250,250,250,250" oya="0" hai0="37,20,120,110,54,3,109,25,111,24,39,43,86" hai1="52,125,112,10,73,23,79,122,102,123,83,105,121" hai2="49,74,4,13,48,51,80,131,113,114,1,97,29" hai3="116,33,95,90,93,106,78,32,133,36,42,100,134"/><T118/><D118/><U84/><E10/><V126/><F1/><W64/><G116/><T0/><D120/><U57/><E125/><V69/><F69/><W99/><G78/><T89/><D54/><U35/><E35/><V107/><F29/><W55/><G64/><T60/><D60/><U16/><E112/><V21/><F126/><W26/><G55/><T124/><D124/><U135/><E135/><N who="3" m="51722" /><G26/><N who="0" m="10347" /><D20/><U82/><E105/><V19/><F4/><W34/><G90/><T87/><D87/><U47/><E102/><V14/><F114/><W67/><G67/><T22/><D22/><U46/><E83/><V40/><F21/><W50/><G50/><T41/><D43/><U65/><E65/><V15/><F51/><W77/><G77/><T38/><D41/><U132/><E84/><V88/><F40/><W5/><G5/><T117/><D117/><U103/><E103/><V129/><F113/><W61/><G61/><T8/><D8/><U128/><E132/><V62/><F62/><W56/><G56/><T58/><D58/><U127/><E127/><V68/><F68/><W76/><G76/><T6/><D6/><U28/><E28/><V53/><F53/><W66/><G66/><T11/><D11/><U17/><E57/><V130/><F49/><W119/><G119/><T108/><N who="0" m="27648" /><DORA hai="27" /><T115/><D115/><U96/><E52/><V101/><F48/><W91/><G91/><T72/><D72/><U92/><E23/><N who="2" m="11759" /><F74/><W70/><G70/><T104/><D104/><U7/><E73/><V59/><F59/><W63/><G63/><T45/><D45/><AGARI ba="0,0" hai="32,33,34,36,42,45,93,95,99,100,106" m="51722" machi="45" ten="40,5200,0" yaku="6,1,20,1,52,1" doraHai="71,27" who="3" fromWho="0" sc="250,-52,250,0,250,0,250,52" /><INIT seed="1,0,0,5,1,18" ten="198,250,250,302" oya="1" hai0="0,60,27,128,7,12,65,5,8,44,104,56,38" hai1="92,72,17,105,133,24,116,100,98,3,94,51,126" hai2="52,112,79,69,71,64,9,49,41,46,28,101,20" hai3="81,97,55,106,15,76,115,74,99,90,42,95,109"/><U91/><E116/><V125/><F125/><W11/><G109/><T32/><D104/><U134/><E3/><V31/><F101/><W122/><G122/><T114/><D114/><U37/><E37/><V132/><F112/><W135/><G115/><T121/><D128/><U127/><E51/><V124/><F124/><N who="1" m="47657" /><E72/><V45/><F79/><W75/><G135/><N who="1" m="51722" /><E17/><V6/><F132/><W14/><G74/><T35/><D121/><U118/><E118/><V96/><F49/><W85/><G42/><T131/><D131/><U66/><E66/><V83/><F41/><W61/><G55/><T26/><D38/><U78/><E24/><V59/><F52/><W87/><G61/><T113/><D113/><U13/><E13/><V4/><F64/><W68/><G14/><T40/><D27/><U120/><E120/><V34/><F6/><W57/><G75/><T63/><D63/><U50/><E50/><V130/><F4/><W54/><G15/><T47/><D40/><U80/><E78/><V10/><F10/><W21/><G11/><T19/><D26/><U123/><E123/><V25/><F9/><W102/><G76/><T29/><D5/><U103/><E103/><V129/><F25/><W30/><G102/><T73/><D73/><U119/><E119/><V89/><F130/><W48/><G54/><T117/><D117/><U2/><E2/><V23/><F129/><W43/><G48/><T53/><D53/><U86/><AGARI ba="0,0" hai="80,86,91,92,94,98,100,105" m="51722,47657" machi="86" ten="40,12000,1" yaku="18,1,20,1,34,2" doraHai="18" who="1" fromWho="1" sc="198,-40,250,120,250,-40,302,-40" /><INIT seed="1,1,0,4,5,59" ten="158,370,210,262" oya="1" hai0="82,17,46,36,109,128,118,130,91,0,22,105,61" hai1="34,93,94,112,107,80,121,12,90,117,120,1,125" hai2="77,103,113,3,27,123,15,7,75,51,13,29,104" hai3="96,122,88,133,28,37,102,23,131,21,56,52,25"/><U48/><E1/><V26/><F123/><W55/><G122/><T39/><D118/><U10/><E34/><N who="2" m="20791" /><F51/><W67/><G37/><T69/><D105/><U24/><E117/><V98/><F15/><W95/><G131/><N who="0" m="50219" /><D0/><U70/><E112/><V99/><F13/><W64/><G133/><T20/><D109/><U100/><E70/><V89/><F99/><W42/><G42/><N who="0" m="22855" /><D39/><U115/><E115/><V35/><F89/><W101/><G55/><T116/><D17/><U106/><E121/><V86/><F86/><W129/><G21/><T31/><D31/><U110/><E120/><V111/><F111/><W119/><G119/><T126/><D126/><U114/><E125/><V4/><F113/><W72/><G72/><T63/><D116/><U9/><E114/><V5/><F5/><W16/><G28/><T134/><D134/><U38/><E110/><V92/><F3/><W53/><G53/><T2/><D2/><U79/><E38/><V66/><F104/><W32/><G32/><T41/><D41/><U73/><E107/><V132/><F132/><W81/><G129/><T65/><D61/><U68/><E106/><V50/><F7/><W18/><G18/><T49/><D49/><U57/><E48/><V127/><F4/><W124/><G124/><T76/><D91/><U45/><E90/><V40/><F127/><W6/><G6/><T108/><D108/><U19/><E100/><N who="3" m="38506" /><G81/><T30/><D30/><U62/><E80/><V71/><F40/><W33/><G33/><T97/><D97/><U43/><E43/><V135/><F135/><W47/><G47/><RYUUKYOKU ba="1,0" sc="158,15,370,-15,210,-15,262,15" hai0="20,22,63,65,69,76,82" hai3="16,23,25,52,56,64,67,88,95,96" /><INIT seed="2,2,0,0,5,36" ten="173,355,195,277" oya="2" hai0="14,132,93,94,26,74,82,119,129,49,104,55,31" hai1="111,2,79,61,21,67,30,10,98,17,78,43,112" hai2="122,22,20,91,127,95,28,99,13,105,62,65,69" hai3="70,126,53,72,81,110,90,9,54,96,116,64,29"/><V107/><F122/><W1/><G116/><T123/><D123/><U12/><E112/><V47/><F127/><W57/><G126/><T3/><D3/><U58/><E111/><V83/><F22/><W84/><G110/><T106/><D129/><U134/><E134/><V11/><F83/><W118/><G118/><T35/><D132/><U44/><E98/><V41/><F20/><W73/><G29/><T115/><D115/><U51/><E2/><V33/><F28/><W27/><G27/><AGARI ba="2,0" hai="10,12,17,21,27,30,43,44,51,58,61,67,78,79" machi="27" ten="40,2600,0" yaku="8,1,52,1" doraHai="36" who="1" fromWho="3" sc="173,0,355,32,195,0,277,-32" /><INIT seed="3,0,0,5,5,56" ten="173,387,195,245" oya="3" hai0="134,55,7,52,26,51,23,118,61,45,126,105,50" hai1="127,47,96,92,116,84,108,21,113,3,18,49,60" hai2="1,78,119,82,30,35,42,4,110,72,6,33,12" hai3="17,104,81,77,87,135,93,106,48,85,68,95,132"/><W129/><G68/><T122/><D118/><U53/><E108/><V75/><F110/><W57/><G57/><N who="0" m="34983" /><D105/><N who="3" m="40553" /><G17/><T71/><D71/><U54/><E113/><V91/><F119/><W14/><G14/><T10/><D122/><U39/><E127/><V98/><F75/><W128/><G48/><N who="0" m="29071" /><D134/><N who="3" m="51241" /><G85/><T63/><D126/><U89/><E39/><V102/><F91/><W125/><G125/><T115/><D115/><U114/><E3/><V11/><F30/><W123/><G123/><T109/><D109/><U70/><E114/><V97/><F97/><W94/><AGARI ba="0,0" hai="77,81,87,93,94,95,128,129" m="51241,40553" machi="94" ten="40,7800,0" yaku="20,1,34,2" doraHai="56" who="3" fromWho="3" sc="173,-26,387,-26,195,-26,245,78" /><INIT seed="3,1,0,5,5,32" ten="147,361,169,323" oya="3" hai0="114,39,77,123,87,109,129,92,3,10,96,103,121" hai1="86,81,29,71,18,6,93,7,1,61,130,112,115" hai2="27,48,132,131,47,105,55,46,5,108,78,83,134" hai3="107,113,0,23,42,12,40,49,104,79,74,69,88"/><W20/><G113/><T54/><D114/><U31/><E130/><V106/><F131/><W100/><G0/><T82/><D129/><U22/><E93/><V2/><F108/><W85/><G69/><T43/><D109/><U41/><E41/><N who="3" m="15978" /><G74/><T17/><D54/><U51/><E51/><V90/><F90/><W119/><G104/><T118/><D118/><U95/><E95/><V75/><F47/><W11/><G107/><T13/><REACH who="0" step="1"/><D3/><REACH who="0" ten="137,361,169,323" step="2"/><U124/><E1/><V84/><F75/><W133/><G119/><T4/><D4/><U66/><E115/><V122/><F122/><W36/><G36/><T126/><D126/><U99/><E124/><V128/><F128/><W94/><G133/><N who="2" m="51305" /><F27/><W62/><G62/><T52/><D52/><U21/><E61/><V67/><F67/><W26/><G49/><T9/><D9/><AGARI ba="1,1" hai="2,5,9,46,48,55,78,83,84,105,106" m="51305" machi="9" ten="30,2000,0" yaku="20,1,52,1" doraHai="32" who="2" fromWho="0" sc="137,-23,361,0,169,33,323,0" owari="114,-38.6,361,46.1,202,-19.8,323,12.3" /></mjloggm>