<mjloggm ver="2.3"><GO type="225" lobby="0"/><UN n0="%54%4F%52" n1="%E3%81%A8%E3%82%93%E3%81%A8%E3%81%93%E3%81%A8%E3%82%93" n2="%72%69%6F%75%63%68%61%6E" n3="%E5%B6%BA%E4%B8%8A%E5%92%B2" dan="17,16,17,16" rate="2250.19,2107.31,2155.30,2085.03" sx="M,M,M,F"/><TAIKYOKU oya="0"/><INIT seed="0,0,0,2,2,46" ten="250,250,250,250" oya="0" hai0="30,131,80,8,0,73,1,82,45,10,32,85,38" hai1="59,39,47,111,133,103,114,28,58,97,49,15,81" hai2="125,126,89,121,79,61,113,72,31,118,76,69,134" hai3="4,95,21,16,64,37,42,26,33,63,128,100,13"/><T122/><D122/><U91/><E39/><V52/><F121/><W132/><G128/><T86/><D131/><U54/><E111/><V20/><F113/><W109/><G132/><T87/><D30/><U135/><E114/><V67/><F134/><N who="1" m="51209" /><E28/><V57/><F118/><W120/><G109/><T66/><D32/><U55/><E15/><V19/><F31/><W124/><G124/><N who="2" m="47721" /><F89/><W50/><G37/><T102/><D102/><U105/><E55/><V92/><F92/><W123/><G33/><T29/><D29/><U74/><E91/><V68/><F72/><W44/><G100/><T12/><D66/><U35/><E35/><V56/><F56/><W127/><G127/><T83/><D73/><U75/><E81/><V53/><F53/><W65/><G95/><T93/><D93/><U6/><E6/><V88/><F88/><W40/><G40/><T7/><REACH who="0" step="1"/><D10/><REACH who="0" ten="240,250,250,250" step="2"/><U71/><E74/><V5/><F67/><N who="3" m="25675" /><G123/><T106/><D106/><U2/><E75/><V119/><F119/><W108/><G120/><T116/><D116/><U48/><E71/><N who="2" m="27211" /><F5/><W99/><G108/><T94/><D94/><U117/><E117/><V110/><F110/><W130/><G130/><T17/><D17/><U22/><E105/><V36/><F36/><W104/><G104/><T27/><D27/><AGARI ba="0,1" hai="19,20,27,52,57,61,76,79" m="27211,47721" machi="27" ten="30,2000,0" yaku="18,1,54,1" doraHai="46" who="2" fromWho="0" sc="240,-20,250,0,250,30,250,0" /><INIT seed="1,0,0,1,5,47" ten="220,250,280,250" oya="1" hai0="12,133,58,57,95,42,90,82,16,85,86,88,76" hai1="72,71,41,0,96,83,19,2,38,107,67,131,11" hai2="52,79,54,106,17,56,113,129,50,121,31,13,55" hai3="114,78,93,98,35,51,104,128,62,9,111,5,130"/><U99/><E131/><N who="3" m="50218" /><G104/><T97/><D133/><U126/><E126/><V84/><F129/><W7/><G35/><T48/><D42/><U18/><E18/><V89/><F121/><W21/><G111/><T6/><D6/><N who="3" m="2057" /><G114/><T36/><D36/><U112/><E112/><V4/><F113/><W43/><G78/><T120/><D120/><U101/><E96/><V22/><F106/><W61/><G9/><T53/><D58/><U40/><E19/><V65/><F79/><W46/><G21/><T27/><D27/><U91/><E11/><N who="2" m="4327" /><F65/><W134/><G134/><T74/><D85/><U8/><E8/><V39/><F39/><W125/><G125/><T69/><D69/><U64/><E71/><V32/><F31/><W70/><G70/><T110/><D110/><U28/><E28/><V132/><F32/><W123/><G123/><T10/><D74/><U73/><E72/><V116/><F116/><W1/><G1/><T23/><D10/><U118/><E118/><V87/><F132/><W66/><G66/><N who="1" m="25130" /><E38/><V100/><F100/><AGARI ba="0,0" hai="43,46,51,61,62,93,98,100" m="2057,50218" machi="100" ten="30,2000,0" yaku="19,1,52,1" doraHai="47" who="3" fromWho="2" sc="220,0,250,0,280,-20,250,20" /><AGARI ba="0,0" hai="12,16,23,48,53,57,76,82,86,88,90,95,97,100" machi="100" ten="30,8000,1" yaku="7,1,8,1,52,1,54,2" doraHai="47" who="0" fromWho="2" sc="220,80,250,0,260,-80,270,0" /><INIT seed="2,0,0,5,5,111" ten="300,250,180,270" oya="2" hai0="42,84,32,26,113,124,52,116,73,83,81,121,50" hai1="47,71,89,86,94,120,30,45,112,135,132,67,128" hai2="57,90,133,100,46,102,39,77,126,70,40,130,93" hai3="17,64,79,109,23,36,110,19,75,131,55,8,6"/><V91/><F70/><W37/><G64/><T87/><D121/><U18/><E120/><V35/><F35/><W33/><G33/><T82/><D73/><U103/><E30/><V125/><F130/><W63/><G131/><T85/><D113/><U69/><E128/><V5/><F133/><N who="1" m="51273" /><E112/><V43/><F77/><W0/><G79/><T95/><D124/><N who="2" m="47722" /><F5/><W27/><G75/><T129/><D129/><U12/><E103/><N who="2" m="39467" /><F43/><W115/><G115/><T105/><D105/><U7/><E7/><V68/><F68/><N who="1" m="26185" /><E67/><V31/><F31/><W21/><G63/><T114/><D114/><U48/><E48/><V101/><F57/><W76/><G55/><T80/><D116/><U72/><E72/><V107/><F107/><W13/><REACH who="3" step="1"/><G76/><REACH who="3" ten="300,250,180,260" step="2"/><T49/><D32/><U96/><E96/><AGARI ba="0,1" hai="39,40,46,90,91,93,96,101" m="39467,47722" machi="96" ten="30,1500,0" yaku="18,1" doraHai="111" who="2" fromWho="1" sc="300,0,250,-15,180,25,260,0" /><INIT seed="2,1,0,0,4,101" ten="300,235,205,260" oya="2" hai0="33,91,50,44,135,106,10,32,31,112,96,13,111" hai1="17,69,100,18,72,54,107,19,109,81,114,8,35" hai2="23,73,28,39,125,119,61,53,20,42,58,60,29" hai3="92,55,132,41,95,130,62,93,79,7,82,0,4"/><V110/><F119/><W86/><G130/><T59/><D112/><U16/><E114/><V9/><F125/><W131/><G131/><T105/><D59/><U57/><E69/><V108/><F73/><W63/><G132/><T3/><D3/><U30/><E109/><N who="2" m="42091" /><F9/><W76/><G0/><T133/><D111/><U27/><E8/><V51/><F39/><W74/><G41/><T129/><D129/><U25/><E25/><N who="2" m="16423" /><F42/><W99/><G74/><T113/><D113/><U38/><E38/><V65/><F65/><W45/><G76/><T11/><D11/><U66/><E66/><V102/><F102/><W126/><G126/><T122/><D122/><U49/><N who="1" m="4096" /><DORA hai="46" /><U71/><E71/><V22/><F22/><W21/><G21/><T47/><D10/><U36/><E36/><V85/><F85/><W56/><G45/><T120/><D13/><U1/><E1/><V115/><F115/><W94/><REACH who="3" step="1"/><G63/><REACH who="3" ten="300,235,205,250" step="2"/><T37/><D47/><U40/><E40/><V87/><F87/><W48/><G48/><T89/><D50/><U123/><E123/><V14/><F14/><W78/><G78/><T128/><D44/><U97/><E72/><V80/><F80/><W103/><AGARI ba="1,1" hai="4,7,55,56,62,79,82,86,92,93,94,95,99,103" machi="103" ten="30,4000,0" yaku="1,1,0,1,8,1,53,0" doraHai="101,46" doraHaiUra="127,117" who="3" fromWho="3" sc="300,-11,235,-11,205,-21,250,53" /><INIT seed="3,0,0,1,3,97" ten="289,224,184,303" oya="3" hai0="134,49,91,14,71,16,81,75,83,53,73,70,32" hai1="86,120,18,10,109,1,46,100,37,47,39,125,36" hai2="38,21,104,90,22,84,124,102,62,126,69,99,8" hai3="12,89,93,80,5,58,116,65,19,122,59,26,129"/><W114/><G114/><T30/><D134/><U78/><E120/><V51/><F38/><W9/><G116/><T2/><D2/><U92/><E109/><V72/><F72/><W41/><G122/><T79/><D30/><U88/><E125/><N who="2" m="48235" /><F8/><W45/><G45/><T96/><D32/><U44/><E78/><V66/><F51/><W4/><G129/><T115/><D115/><U121/><E121/><V74/><F74/><W133/><G41/><T95/><D81/><U105/><E18/><V28/><F28/><W31/><G133/><T118/><D75/><U56/><E56/><N who="3" m="21546" /><G80/><AGARI ba="0,0" hai="21,22,62,66,69,80,84,90,99,102,104" m="48235" machi="80" ten="30,2000,0" yaku="18,1,52,1" doraHai="97" who="2" fromWho="3" sc="289,0,224,0,184,20,303,-20" /><INIT seed="4,0,0,1,2,60" ten="289,224,204,283" oya="0" hai0="52,79,18,123,116,66,103,106,20,0,127,94,131" hai1="55,125,102,19,2,50,1,112,56,119,54,95,23" hai2="4,100,3,11,110,12,25,6,42,8,87,22,85" hai3="78,40,114,62,130,93,72,113,68,121,118,36,75"/><T65/><D116/><U14/><E119/><V46/><F110/><W70/><G118/><T133/><D123/><U13/><E125/><V111/><F111/><W30/><G130/><T88/><D0/><U45/><E112/><N who="3" m="43114" /><G30/><T41/><D127/><U61/><E1/><V35/><F35/><W98/><G121/><T7/><D131/><U44/><E2/><V10/><F10/><W51/><G51/><T37/><D7/><U24/><REACH who="1" step="1"/><E44/><REACH who="1" ten="289,214,204,283" step="2"/><V83/><F100/><N who="3" m="60495" /><G78/><T122/><D79/><U17/><E17/><V96/><F96/><AGARI ba="0,1" hai="13,14,19,23,24,45,50,54,55,56,61,95,96,102" machi="96" ten="40,2600,0" yaku="1,1,8,1,53,0" doraHai="60" doraHaiUra="104" who="1" fromWho="2" sc="289,0,214,36,204,-26,283,0" /><INIT seed="5,0,0,3,4,58" ten="289,250,178,283" oya="1" hai0="74,39,104,84,117,32,57,100,98,48,0,106,103" hai1="18,60,22,52,116,128,109,61,14,9,47,67,81" hai2="26,132,131,96,75,31,10,56,122,120,55,5,101" hai3="80,99,79,73,11,38,41,130,123,90,2,72,126"/><U65/><E116/><V33/><F75/><W69/><G123/><T88/><D117/><U87/><E128/><V114/><F131/><W94/><G130/><T110/><D39/><U133/><E133/><V29/><F132/><W97/><G126/><T24/><D0/><U1/><E109/><V68/><F68/><W92/><G69/><T54/><D74/><U121/><E121/><V16/><F29/><W30/><G30/><T125/><D110/><U42/><E1/><V66/><F66/><N who="1" m="25097" /><E42/><V89/><F114/><W134/><G134/><T93/><D125/><U112/><E112/><V46/><F46/><N who="3" m="23863" /><G73/><T119/><D119/><U113/><E9/><V36/><F36/><W15/><G15/><T71/><D71/><U102/><E102/><V127/><F127/><W129/><G129/><T12/><D12/><U20/><E20/><V50/><F89/><W21/><G21/><T76/><D76/><N who="1" m="46503" /><E113/><V118/><F118/><W70/><G70/><T135/><D135/><U23/><E22/><V86/><F86/><N who="3" m="52311" /><G94/><T115/><D115/><U83/><E83/><V82/><F82/><W4/><AGARI ba="0,0" hai="2,4,11,72,79,80,97,99" m="52311,23863" machi="4" ten="30,1100,0" yaku="25,1" doraHai="58" who="3" fromWho="3" sc="289,-3,250,-5,178,-3,283,11" /><INIT seed="6,0,0,5,3,44" ten="286,245,175,294" oya="2" hai0="40,106,62,80,38,51,59,27,124,72,93,130,8" hai1="36,65,35,99,11,26,126,15,88,49,29,73,86" hai2="31,129,108,114,81,70,18,24,71,66,119,105,3" hai3="60,125,117,91,41,56,104,32,22,64,21,79,33"/><V89/><F119/><W50/><G104/><T45/><D106/><U133/><E36/><V115/><F105/><W25/><G125/><T58/><D124/><U121/><E126/><V20/><F3/><W74/><G117/><T82/><D130/><U90/><E73/><V103/><F129/><W6/><G33/><T76/><D82/><U13/><E133/><V112/><F103/><W101/><G101/><T95/><D38/><U123/><E65/><V43/><F108/><W135/><G135/><T0/><D27/><U9/><E99/><V61/><F43/><W127/><G127/><T107/><D107/><U100/><E100/><V92/><F81/><W42/><G79/><T52/><D0/><U122/><E49/><V85/><REACH who="2" step="1"/><F31/><REACH who="2" ten="286,245,165,294" step="2"/><W132/><G132/><T120/><D40/><U19/><REACH who="1" step="1"/><E86/><REACH who="1" ten="286,235,165,294" step="2"/><V12/><F12/><W78/><G74/><T109/><D72/><U16/><AGARI ba="0,2" hai="9,11,13,15,16,19,26,29,35,88,90,121,122,123" machi="16" ten="30,12000,2" yaku="1,1,2,1,0,1,9,1,13,1,54,2,53,0" doraHai="44" doraHaiUra="2" who="1" fromWho="1" sc="286,-30,235,140,165,-60,294,-30" owari="256,-14.4,375,47.5,105,-39.5,264,6.4" /></mjloggm>