<mjloggm ver="2.3"><GO type="225" lobby="0"/><UN n0="%E3%81%99%E3%81%84%E3%81%BE%E3%81%9B%E3%83%BC%E3%82%93" n1="%E3%81%86%E3%83%BC%E3%81%B1%E3%83%BC" n2="%43%68%65" n3="%E6%B8%A9%E2%98%85%E6%83%85%E2%98%85%E6%8E%AA%E2%98%85%E7%BD%AE" dan="16,17,16,16" rate="2216.92,2195.52,2137.25,2173.89" sx="M,F,M,M"/><TAIKYOKU oya="0"/><INIT seed="0,0,0,5,0,128" ten="250,250,250,250" oya="0" hai0="95,65,134,45,111,86,14,80,29,114,57,11,99" hai1="107,104,17,7,70,52,24,58,9,53,81,27,18" hai2="50,127,93,87,41,0,84,79,125,12,34,83,97" hai3="46,100,3,88,62,44,47,54,1,126,135,4,71"/><T131/><D114/><U26/><E70/><V21/><F34/><W33/><G126/><N who="2" m="48137" /><F0/><W129/><G129/><T106/><D131/><U102/><E81/><V68/><F68/><W118/><G118/><T74/><D74/><U5/><E58/><V105/><F105/><N who="1" m="40521" /><E9/><V61/><F61/><W15/><G33/><T16/><D106/><U13/><E13/><V25/><F12/><W2/><G100/><T101/><D111/><U130/><E102/><N who="2" m="60719" /><F50/><W20/><G71/><T28/><D134/><U110/><E110/><V113/><F41/><W35/><G135/><T122/><D122/><U51/><E51/><V38/><F38/><W112/><G35/><T117/><D117/><U120/><E120/><V32/><F32/><W19/><G112/><T67/><D45/><U103/><E103/><V8/><F8/><W59/><REACH who="3" step="1"/><G88/><REACH who="3" ten="250,250,250,240" step="2"/><N who="0" m="51271" /><D57/><U123/><E130/><V91/><F113/><W98/><G98/><T63/><D63/><U30/><E123/><V77/><F87/><W119/><G119/><T76/><D76/><U89/><E89/><V23/><F79/><W42/><G42/><T94/><D94/><U75/><E75/><V78/><F78/><W55/><G55/><N who="1" m="21066" /><E30/><AGARI ba="0,1" hai="11,14,16,28,29,30,65,67,95,99,101" m="51271" machi="30" ten="30,5800,0" yaku="8,1,54,2" doraHai="128" who="0" fromWho="1" sc="250,68,250,-58,250,0,240,0" /><INIT seed="0,1,0,4,3,81" ten="318,192,250,240" oya="0" hai0="62,93,97,52,103,131,108,129,47,135,17,116,20" hai1="4,107,127,88,44,14,65,89,51,8,110,72,117" hai2="80,121,3,59,75,122,109,57,12,66,99,45,126" hai3="82,0,100,84,94,86,58,113,96,120,83,2,114"/><T46/><D116/><U10/><E117/><V61/><F3/><W37/><G37/><T123/><D123/><U53/><E127/><V119/><F119/><W18/><G120/><T56/><D135/><U74/><E107/><V68/><F126/><W67/><G18/><T76/><D76/><U134/><E134/><V39/><F109/><W22/><G22/><T24/><REACH who="0" step="1"/><D108/><REACH who="0" ten="308,192,250,240" step="2"/><U92/><E110/><V106/><F122/><W132/><G132/><T28/><D28/><U42/><E74/><V50/><F121/><W133/><G133/><T16/><D16/><U104/><E72/><V26/><F75/><W48/><G114/><T78/><D78/><U118/><E118/><V98/><F106/><W85/><G113/><T1/><D1/><U128/><E104/><V91/><F39/><W90/><G0/><T29/><D29/><U115/><E115/><V31/><F31/><W70/><G2/><T27/><D27/><U73/><E73/><V15/><F26/><W130/><G130/><AGARI ba="1,1" hai="17,20,24,46,47,52,56,62,93,97,103,129,130,131" machi="130" ten="40,7700,0" yaku="1,1,19,1,54,1,53,0" doraHai="81" doraHaiUra="102" who="0" fromWho="3" sc="308,90,192,0,250,0,240,-80" /><INIT seed="0,2,0,3,5,26" ten="398,192,250,160" oya="0" hai0="32,81,133,24,135,99,113,43,20,13,65,128,125" hai1="58,6,116,30,40,33,112,123,122,16,23,95,121" hai2="42,89,38,12,73,91,2,82,132,66,105,11,108" hai3="25,98,78,124,107,18,79,22,101,118,126,109,47"/><T70/><D113/><U15/><E40/><V83/><F108/><W69/><G118/><T111/><D111/><U9/><E58/><V31/><F105/><W74/><G109/><T3/><D3/><N who="1" m="223" /><E95/><V35/><F132/><W86/><G69/><T8/><D32/><U14/><E112/><V49/><F2/><W90/><G47/><T61/><D43/><U57/><E57/><V45/><F38/><W34/><G34/><T100/><D81/><U59/><E59/><V110/><F110/><W53/><G53/><T60/><D60/><U120/><E120/><V62/><F82/><W75/><G75/><T80/><D80/><U29/><E33/><V41/><F41/><W27/><G27/><T17/><D125/><N who="3" m="48233" /><G74/><T28/><REACH who="0" step="1"/><D128/><REACH who="0" ten="388,192,250,160" step="2"/><U44/><E116/><V52/><F42/><W114/><G114/><T0/><D0/><U119/><E119/><V51/><F35/><W131/><G131/><T37/><D37/><U50/><E123/><V87/><F83/><AGARI ba="2,1" hai="18,22,25,78,79,83,86,90,98,101,107" m="48233" machi="83" ten="30,1000,0" yaku="18,1" doraHai="26" who="3" fromWho="2" sc="388,0,192,0,250,-16,160,26" /><INIT seed="1,0,0,4,1,40" ten="388,192,234,186" oya="1" hai0="12,98,118,48,39,60,131,103,64,104,42,88,62" hai1="71,117,18,94,16,80,6,82,58,75,132,24,129" hai2="52,31,33,83,133,97,54,20,125,95,53,110,32" hai3="1,46,74,47,122,4,3,55,87,111,67,38,23"/><U29/><E117/><V134/><F83/><W66/><G74/><T41/><D118/><U68/><E132/><N who="2" m="50795" /><F110/><W21/><G122/><T128/><D39/><U59/><E129/><N who="0" m="49737" /><D62/><U76/><E94/><V126/><F20/><N who="3" m="7755" /><G38/><T100/><D100/><U91/><E6/><V49/><F49/><W65/><G4/><T127/><D127/><N who="2" m="48650" /><F31/><W135/><G111/><T113/><D113/><U44/><E29/><V77/><F77/><W90/><G3/><T72/><D72/><U130/><E75/><V36/><F36/><W86/><G1/><T22/><D48/><U27/><E130/><V61/><F61/><W25/><G135/><T45/><D60/><U107/><E76/><V13/><F13/><W15/><G15/><T37/><D22/><U50/><E50/><V112/><F112/><W85/><G25/><T120/><D12/><U34/><E34/><V35/><F35/><W14/><G14/><T73/><D73/><U124/><E124/><V70/><F70/><W93/><G55/><T9/><D37/><U10/><E10/><V63/><F63/><W81/><G81/><T99/><D9/><U7/><E7/><V114/><F114/><W96/><AGARI ba="0,0" hai="46,47,65,66,67,85,86,87,90,93,96" m="7755" machi="96" ten="40,5200,0" yaku="8,1,52,2" doraHai="40" who="3" fromWho="3" sc="388,-13,192,-26,234,-13,186,52" /><INIT seed="2,0,0,0,4,55" ten="375,166,221,238" oya="2" hai0="22,28,103,98,96,7,116,90,20,68,91,9,34" hai1="94,11,122,48,133,71,24,95,8,40,5,15,86" hai2="128,77,43,46,81,104,17,42,38,79,21,67,127" hai3="115,135,114,10,130,29,110,6,39,112,36,92,97"/><V49/><F104/><W120/><G120/><T75/><D75/><U56/><E133/><V27/><F127/><W84/><G135/><T78/><D78/><U3/><E71/><V80/><F128/><W111/><G29/><T113/><D113/><U89/><E122/><V102/><F102/><N who="3" m="60711" /><G84/><T0/><D68/><U23/><E94/><V73/><F67/><W51/><G51/><T107/><D116/><U125/><E125/><V88/><F88/><W126/><G130/><T2/><D2/><U69/><E69/><V83/><REACH who="2" step="1"/><F73/><REACH who="2" ten="375,166,211,238" step="2"/><W119/><G126/><T64/><D64/><U61/><E89/><V30/><F30/><W16/><G119/><T25/><D91/><U129/><E129/><V52/><F52/><W109/><G115/><T58/><D90/><U87/><E95/><V50/><F50/><W33/><G114/><T85/><D85/><U54/><E48/><V124/><F124/><W123/><G112/><T13/><D98/><U47/><E87/><V105/><F105/><W106/><G106/><T18/><D96/><U74/><E86/><V108/><F108/><W100/><G100/><T117/><D117/><U37/><E74/><V118/><F118/><W63/><G111/><T59/><D103/><U45/><E37/><V70/><F70/><W1/><G109/><T66/><D107/><U57/><E57/><V14/><F14/><W41/><G110/><T134/><D134/><U65/><E54/><V121/><F121/><W82/><G123/><T99/><D99/><U35/><E15/><V53/><F53/><W60/><G39/><T76/><D66/><RYUUKYOKU ba="0,1" sc="375,-10,166,-10,211,30,238,-10" hai2="17,21,27,38,42,43,46,49,77,79,80,81,83" /><INIT seed="2,1,1,0,0,134" ten="365,156,241,228" oya="2" hai0="120,111,53,104,59,10,27,7,125,33,35,70,135" hai1="107,100,36,6,106,123,122,72,118,14,4,21,96" hai2="75,108,17,5,64,69,128,1,34,121,116,79,0" hai3="78,56,60,62,8,127,113,13,41,93,114,3,99"/><V117/><F121/><N who="1" m="46089" /><E36/><V49/><F34/><W2/><G127/><T50/><D120/><U26/><E118/><V71/><F128/><W89/><G78/><T119/><D125/><U80/><E106/><V22/><F49/><W124/><G41/><T68/><D135/><U42/><E42/><V12/><F108/><W65/><G62/><T105/><D111/><U48/><E14/><V55/><F55/><W45/><G45/><T43/><D43/><U76/><E48/><V39/><F39/><W115/><REACH who="3" step="1"/><G124/><REACH who="3" ten="365,156,241,218" step="2"/><T88/><D119/><U132/><E132/><V97/><F79/><W95/><G95/><T52/><D105/><U58/><E58/><V103/><F117/><W110/><G110/><T51/><D104/><U31/><AGARI ba="1,2" hai="4,6,21,26,31,72,76,80,96,100,107" m="46089" machi="31" ten="30,1100,0" yaku="13,1" doraHai="134" who="1" fromWho="1" sc="365,-4,156,34,241,-6,218,-4" /><INIT seed="3,0,0,4,3,83" ten="361,190,235,214" oya="3" hai0="43,86,61,126,8,94,11,101,82,20,44,133,33" hai1="111,100,66,108,119,104,95,113,47,120,42,21,9" hai2="6,112,59,36,15,68,106,93,18,110,130,84,75" hai3="19,51,90,10,49,122,134,17,89,62,1,0,125"/><W99/><G122/><T3/><D33/><U132/><E120/><V123/><F106/><W48/><G134/><T57/><D126/><U96/><E113/><V30/><F68/><W55/><G125/><T98/><D20/><U87/><E132/><V64/><F75/><W16/><G10/><T131/><D131/><U5/><E66/><V26/><F36/><W115/><G115/><T124/><D3/><U72/><E72/><V80/><F112/><W88/><G99/><T40/><D124/><U41/><E21/><N who="2" m="15695" /><F123/><W38/><G38/><T97/><D97/><U46/><E119/><V14/><F110/><N who="1" m="42025" /><E41/><N who="0" m="15945" /><D44/><N who="1" m="16939" /><E42/><V70/><F70/><W24/><G24/><T13/><D13/><N who="1" m="5295" /><E104/><V52/><F64/><W65/><G55/><N who="0" m="33983" /><D133/><U92/><E92/><V109/><F109/><W39/><G39/><T2/><D2/><U118/><E118/><V28/><F93/><W71/><AGARI ba="0,0" hai="0,1,16,17,19,48,49,51,62,65,71,88,89,90" machi="71" ten="40,12000,1" yaku="0,1,29,2,54,2" doraHai="83" who="3" fromWho="3" sc="361,-40,190,-40,235,-40,214,120" owari="321,12.1,150,-35.0,195,-20.5,334,43.4" /></mjloggm>