<mjloggm ver="2.3"><GO type="225" lobby="0"/><UN n0="%61%67%65%48%61" n1="%45%6C%79%73%69%75%6D" n2="%E7%B4%94%E6%BD%94%E3%83%94%E3%83%A9%E3%83%8B%E3%82%A2" n3="%6D%75%75%6D%75%72%61" dan="16,17,16,16" rate="2066.29,2114.92,2090.68,2143.35" sx="M,F,M,F"/><TAIKYOKU oya="0"/><INIT seed="0,0,0,0,4,79" ten="250,250,250,250" oya="0" hai0="121,135,122,98,52,50,126,39,109,17,73,124,134" hai1="114,85,26,120,37,75,5,1,49,74,44,106,127" hai2="104,56,107,9,90,118,80,22,18,23,60,116,41" hai3="34,111,76,20,59,10,48,2,21,101,27,93,51"/><T108/><D73/><U97/><E120/><N who="0" m="46185" /><D98/><U30/><E37/><V91/><F41/><W115/><G115/><T100/><D100/><U53/><E127/><N who="0" m="48681" /><D39/><U45/><E45/><V47/><F9/><W129/><G111/><N who="0" m="42571" /><D17/><U11/><E97/><V40/><F18/><W102/><G129/><T88/><D88/><U72/><E106/><V113/><F90/><W82/><G102/><T57/><AGARI ba="0,0" hai="50,52,57,134,135" m="42571,48681,46185" machi="57" ten="40,18000,2" yaku="18,1,14,1,10,1,34,2,54,1" doraHai="79" who="0" fromWho="0" sc="250,180,250,-60,250,-60,250,-60" /><INIT seed="0,1,0,0,5,108" ten="430,190,190,190" oya="0" hai0="29,51,60,10,80,99,70,64,84,131,11,14,1" hai1="46,106,120,18,83,123,124,133,76,73,102,49,54" hai2="111,75,0,87,92,8,130,50,86,25,69,100,125" hai3="90,62,27,119,101,127,31,72,93,78,56,3,58"/><T95/><D131/><U20/><E133/><V109/><F75/><W88/><G119/><T21/><D1/><U94/><E124/><V15/><F0/><W43/><G127/><T5/><D51/><U30/><E106/><V17/><F69/><W36/><G3/><T118/><D118/><U24/><E102/><V132/><F132/><W129/><G129/><T38/><D38/><U113/><E94/><V12/><F25/><W22/><G101/><T68/><D70/><U74/><E74/><V104/><F104/><W55/><G56/><T128/><D95/><U52/><E113/><V85/><F125/><W28/><G28/><T16/><D99/><U48/><REACH who="1" step="1"/><E30/><REACH who="1" ten="430,180,190,190" step="2"/><V65/><F92/><W98/><G72/><T81/><D29/><U7/><E7/><V71/><F100/><W122/><G122/><T112/><D5/><U103/><E103/><V126/><F126/><W39/><G98/><T9/><D112/><U44/><AGARI ba="1,1" hai="18,20,24,44,46,48,49,52,54,73,76,83,120,123" machi="44" ten="20,12000,2" yaku="1,1,0,1,7,1,9,1,54,1,53,2" doraHai="108" doraHaiUra="117" who="1" fromWho="1" sc="430,-61,180,133,190,-31,190,-31" /><INIT seed="1,0,0,1,5,69" ten="369,313,159,159" oya="1" hai0="57,41,21,118,72,107,3,11,15,75,13,46,18" hai1="31,23,2,77,54,25,70,104,112,4,47,1,88" hai2="76,124,94,89,20,126,120,10,36,133,17,97,27" hai3="83,110,52,8,71,114,29,117,108,5,48,95,26"/><U19/><E104/><V135/><F120/><W100/><G114/><T84/><D118/><U91/><E70/><V113/><F113/><W109/><G71/><T16/><D107/><U44/><E112/><V28/><F76/><W116/><G83/><T42/><D42/><U62/><E77/><V22/><F10/><W125/><G125/><N who="2" m="48233" /><F36/><W60/><G60/><T80/><D57/><U49/><E44/><V6/><F6/><W115/><G115/><T121/><D3/><U78/><E78/><V90/><F89/><W43/><G43/><T65/><D65/><U98/><E62/><V103/><F90/><W32/><G95/><T99/><D99/><U0/><E4/><V59/><F59/><N who="3" m="33159" /><G100/><T131/><D131/><U87/><E98/><V9/><F9/><W40/><G40/><T102/><D102/><U37/><E37/><V96/><F96/><W101/><G101/><T111/><D111/><N who="3" m="28417" /><W132/><DORA hai="86" /><G132/><T58/><D121/><U35/><REACH who="1" step="1"/><E87/><REACH who="1" ten="369,303,159,159" step="2"/><V122/><F122/><W123/><G123/><T130/><D84/><U61/><E61/><V45/><F45/><W39/><G39/><T74/><D75/><U105/><E105/><V34/><F135/><W7/><G7/><T50/><D130/><U127/><E127/><V33/><F133/><W93/><G93/><T56/><D72/><U66/><E66/><V128/><F128/><W55/><G55/><T82/><D74/><U68/><E68/><V30/><F94/><W73/><G73/><T119/><D80/><U85/><E85/><V12/><F97/><W24/><G5/><T14/><D82/><RYUUKYOKU ba="0,1" sc="369,-10,303,30,159,-10,159,-10" hai1="0,1,2,19,23,25,31,35,47,49,54,88,91" /><INIT seed="1,1,1,5,1,22" ten="359,333,149,149" oya="1" hai0="70,44,55,74,109,110,62,120,60,104,118,64,96" hai1="4,7,36,38,21,42,61,73,15,34,1,26,82" hai2="112,27,129,8,6,131,124,40,134,94,87,98,114" hai3="78,102,80,71,92,0,106,77,20,125,135,113,75"/><U101/><E101/><V54/><F40/><W50/><G113/><N who="2" m="43625" /><F87/><W10/><G106/><T45/><D74/><U67/><E34/><V91/><F124/><W130/><G125/><T28/><D28/><U119/><E119/><V76/><F76/><W11/><G78/><T12/><D12/><U65/><E65/><V126/><F126/><W66/><G130/><N who="2" m="49673" /><F54/><W89/><G135/><T83/><D83/><U52/><E42/><V93/><F93/><W41/><G102/><T63/><D104/><U123/><E82/><V111/><F111/><N who="0" m="42506" /><D96/><U79/><E79/><V2/><F134/><W51/><G0/><T29/><D118/><U97/><E97/><V37/><F37/><W86/><G50/><T68/><D120/><U122/><E38/><V9/><F9/><W43/><G43/><T24/><D55/><U107/><E52/><V81/><F81/><W108/><G108/><T57/><D64/><U53/><E53/><V121/><F121/><W127/><G127/><T47/><D57/><U13/><E36/><V95/><F95/><W32/><G10/><T5/><D5/><U100/><E4/><V88/><F91/><W31/><G11/><T128/><D128/><U35/><E107/><V19/><F19/><W46/><G66/><T99/><D99/><U133/><E133/><V23/><F23/><AGARI ba="1,1" hai="23,24,29,44,45,47,60,62,63,68,70" m="42506" machi="23" ten="40,2600,0" yaku="14,1,52,1" doraHai="22" who="0" fromWho="2" sc="359,39,333,0,149,-29,149,0" /><INIT seed="2,0,0,4,3,97" ten="398,333,120,149" oya="2" hai0="36,134,66,135,120,31,59,121,65,21,107,16,103" hai1="93,125,2,50,48,83,54,25,113,74,5,6,38" hai2="79,30,26,37,56,124,84,109,57,1,58,18,41" hai3="114,101,126,68,89,53,96,99,44,106,111,45,33"/><V132/><F124/><W112/><G126/><T32/><D36/><U28/><E125/><V128/><F132/><N who="0" m="50730" /><D32/><U40/><E113/><N who="3" m="43626" /><G111/><T70/><D31/><U23/><E93/><V95/><F109/><W17/><G33/><T20/><D59/><U11/><E5/><V75/><F1/><W104/><G68/><T77/><D77/><N who="1" m="44471" /><E54/><V49/><F128/><W61/><G17/><T43/><D43/><U4/><E4/><V14/><F37/><W39/><G39/><T85/><D85/><U127/><E127/><V91/><F75/><W117/><G117/><T12/><D21/><U46/><AGARI ba="0,0" hai="2,6,11,23,25,28,38,40,46,48,50" m="44471" machi="46" ten="30,1100,0" yaku="25,1" doraHai="97" who="1" fromWho="1" sc="398,-3,333,11,120,-5,149,-3" /><INIT seed="3,0,0,1,0,134" ten="395,344,115,146" oya="3" hai0="33,80,22,31,95,116,119,127,21,89,100,58,87" hai1="102,69,15,44,81,132,85,79,1,60,30,68,56" hai2="94,24,63,53,13,96,86,61,4,101,46,70,128" hai3="74,19,90,121,23,26,42,35,93,129,67,133,57"/><W135/><G121/><T7/><D33/><U25/><E1/><V104/><F128/><W0/><G129/><T17/><D127/><U130/><E130/><V54/><F70/><W41/><G74/><T62/><D7/><U78/><E132/><N who="3" m="50762" /><G35/><T124/><D124/><U92/><E15/><V75/><F75/><W76/><G76/><T71/><D71/><U122/><E44/><V111/><F111/><W82/><G82/><T45/><D45/><U37/><E37/><V125/><F125/><W108/><G0/><T12/><D31/><U49/><E49/><V97/><F86/><N who="3" m="52439" /><G108/><T112/><D112/><U113/><E78/><V5/><F24/><W117/><G117/><T11/><D119/><U34/><E122/><V14/><F104/><W10/><G10/><T32/><D32/><U38/><E38/><V27/><F27/><W16/><G19/><T51/><D116/><U120/><E120/><V83/><F94/><W50/><G67/><N who="0" m="39383" /><D51/><U66/><E113/><V91/><F46/><W48/><G48/><T77/><D77/><U123/><E123/><V6/><F6/><W131/><G131/><T115/><D115/><U106/><E106/><V3/><F3/><W28/><G28/><T114/><D114/><U118/><E118/><V40/><F83/><W52/><AGARI ba="0,0" hai="16,23,26,41,42,50,52,57" m="52439,50762" machi="52" ten="30,6000,0" yaku="20,1,54,2" doraHai="134" who="3" fromWho="3" sc="395,-20,344,-20,115,-20,146,60" /><INIT seed="3,1,0,0,4,134" ten="375,324,95,206" oya="3" hai0="69,114,31,125,14,38,39,16,18,130,120,2,135" hai1="88,121,86,89,12,82,51,21,47,112,90,131,24" hai2="68,4,23,3,36,97,110,29,40,113,46,123,25" hai3="75,22,84,37,115,33,55,9,128,106,20,19,27"/><W0/><G75/><T30/><D69/><U35/><E121/><V28/><F123/><W79/><G37/><T100/><D120/><U73/><E112/><V48/><F113/><W111/><G106/><T133/><D114/><U117/><E117/><V108/><F68/><W70/><G70/><T56/><D125/><U1/><E1/><V91/><F3/><W64/><G64/><T57/><D2/><U92/><E131/><V87/><F4/><N who="3" m="1159" /><G84/><T11/><D11/><U49/><E35/><V63/><F63/><W17/><G55/><T104/><D14/><U7/><E73/><V67/><F67/><W78/><G78/><T60/><D60/><U66/><E66/><V85/><F29/><N who="3" m="19647" /><G79/><T76/><D76/><U116/><E116/><V52/><F97/><W126/><G115/><T102/><D130/><U101/><E101/><V132/><F132/><W119/><G119/><T53/><D53/><U81/><E81/><V77/><F77/><W44/><G44/><T99/><D99/><U34/><E34/><V65/><F65/><W26/><G128/><T62/><D62/><U6/><E51/><V95/><REACH who="2" step="1"/><F85/><REACH who="2" ten="375,324,85,206" step="2"/><W54/><G111/><T43/><D135/><U5/><E12/><V71/><F71/><W103/><G103/><T129/><D133/><U83/><E89/><V61/><F61/><W109/><G109/><T94/><D129/><U50/><E90/><V105/><F105/><W41/><G19/><T8/><D104/><U107/><E107/><V15/><F15/><W58/><G17/><T59/><D18/><N who="1" m="12343" /><E47/><V96/><F96/><W118/><G118/><RYUUKYOKU ba="1,1" sc="375,-15,324,15,85,15,206,-15" hai1="5,6,7,49,50,82,83,86,88,92" hai2="23,25,28,36,40,46,48,52,87,91,95,108,110" owari="370,47.0,339,13.9,100,-40.0,191,-20.9" /></mjloggm>