<mjloggm ver="2.3"><GO type="225" lobby="0"/><UN n0="%E4%BF%BA%E3%81%A8%E5%A6%96%E5%A4%A2" n1="%E3%81%A8%E3%82%93%E3%81%A8%E3%81%93%E3%81%A8%E3%82%93" n2="%33%74%72%65%65" n3="%E3%80%93%E3%81%97%E3%83%BC%E3%82%89%E3%80%93" dan="17,16,16,16" rate="2178.44,2128.39,2106.53,2124.37" sx="F,F,F,M"/><TAIKYOKU oya="0"/><INIT seed="0,0,0,1,2,65" ten="250,250,250,250" oya="0" hai0="51,43,59,39,10,120,62,68,132,33,40,125,58" hai1="116,17,64,90,12,86,124,106,91,35,14,104,6" hai2="63,9,42,48,19,87,45,31,28,84,101,55,26" hai3="76,113,67,1,8,121,4,7,105,128,13,109,81"/><T95/><D33/><U127/><E116/><V56/><F101/><W25/><G105/><T71/><D120/><U78/><E35/><V118/><F118/><W66/><G121/><T82/><D95/><U103/><E78/><V3/><F3/><W29/><G113/><T102/><D102/><U123/><E123/><V49/><F87/><W15/><G109/><T96/><D96/><U133/><E133/><V80/><F63/><W21/><G128/><T94/><D94/><U77/><E77/><V37/><F37/><W89/><G89/><T44/><D82/><U112/><E112/><V30/><F9/><W53/><G53/><N who="0" m="32063" /><D10/><U129/><E129/><V20/><REACH who="2" step="1"/><F30/><REACH who="2" ten="250,250,240,250" step="2"/><W99/><G1/><T119/><D119/><U41/><E86/><V83/><F83/><W69/><G81/><T60/><D132/><U11/><E103/><V47/><F47/><W0/><G0/><T75/><D75/><U130/><E130/><V70/><F70/><N who="0" m="26666" /><D125/><U79/><E124/><V46/><F46/><W16/><G8/><T134/><D134/><U88/><E127/><V24/><F24/><W61/><G25/><T107/><D107/><U111/><E104/><V122/><F122/><W32/><G29/><T126/><D126/><U100/><E106/><V22/><F22/><W18/><G21/><T38/><D59/><U34/><E100/><V5/><F5/><W50/><G4/><T92/><D92/><U117/><E6/><V93/><F93/><W131/><G7/><T27/><D27/><U135/><E117/><V97/><F97/><W114/><G99/><T57/><D57/><RYUUKYOKU ba="0,1" sc="250,15,250,-15,240,15,250,-15" hai0="38,39,40,43,44,60,62" hai2="19,20,26,28,31,42,45,48,49,55,56,80,84" /><INIT seed="0,1,1,1,2,90" ten="265,235,255,235" oya="0" hai0="112,65,99,8,14,22,46,117,122,57,100,49,24" hai1="42,93,37,98,89,50,107,128,129,11,126,67,58" hai2="81,87,15,109,44,16,52,69,56,12,85,51,1" hai3="96,104,91,71,113,116,43,78,118,28,101,20,121"/><T66/><D112/><U111/><E111/><V61/><F1/><W29/><G71/><T30/><D117/><U108/><E108/><V97/><F109/><W83/><G113/><T134/><D122/><U33/><E37/><V92/><F69/><W132/><G121/><T114/><D134/><U10/><E33/><V73/><F73/><W133/><G43/><T119/><D119/><N who="3" m="45609" /><G20/><T53/><D46/><N who="1" m="25943" /><E107/><V88/><F16/><W103/><G28/><T110/><D114/><U18/><E18/><V95/><F85/><N who="3" m="48375" /><G29/><T64/><D110/><U74/><E74/><V32/><F32/><W3/><G3/><T82/><D82/><U135/><E135/><N who="3" m="51786" /><G104/><T55/><D55/><U54/><E67/><N who="2" m="39335" /><F92/><AGARI ba="1,1" hai="91,92,96,101,103" m="51786,48375,45609" machi="92" ten="30,7700,0" yaku="20,1,34,2,52,1" doraHai="90" who="3" fromWho="2" sc="265,0,235,0,255,-80,235,90" /><INIT seed="1,0,0,2,0,33" ten="265,235,175,325" oya="1" hai0="39,102,99,104,120,26,127,18,7,98,130,43,48" hai1="30,101,24,55,41,67,12,28,105,87,121,83,66" hai2="31,11,32,5,57,8,114,79,59,122,84,16,89" hai3="53,100,37,47,27,107,86,97,23,110,40,118,73"/><U81/><E121/><V93/><F122/><W6/><G73/><T2/><D120/><U113/><E113/><V115/><F79/><W94/><G118/><T96/><D39/><U126/><E126/><V123/><F123/><W54/><G110/><T50/><D127/><U35/><E41/><V25/><F114/><W109/><G109/><T91/><D130/><U13/><E105/><V10/><F115/><W128/><G128/><T70/><D70/><U112/><E101/><V0/><F59/><W3/><G86/><T74/><D74/><U69/><E112/><V44/><F57/><W63/><G107/><T15/><D26/><U42/><E42/><V78/><F78/><W49/><G63/><T106/><D91/><U132/><E132/><V88/><F44/><W45/><G53/><T116/><D116/><U1/><E1/><V90/><REACH who="2" step="1"/><F10/><REACH who="2" ten="265,235,165,325" step="2"/><W108/><G108/><T71/><D71/><U4/><E69/><V60/><F60/><W34/><G47/><T9/><D9/><U125/><E125/><V20/><F20/><W134/><G23/><T117/><D117/><U103/><E35/><V133/><F133/><W58/><G134/><T75/><D75/><U65/><E65/><V21/><F21/><W46/><G46/><T29/><D50/><U95/><E66/><V64/><F64/><W22/><G34/><T61/><D48/><U80/><E67/><V36/><F36/><W14/><G22/><T124/><D61/><U51/><E51/><V131/><F131/><W19/><G37/><T52/><D124/><U62/><E62/><V38/><F38/><RYUUKYOKU ba="0,1" sc="265,-10,235,-10,165,30,325,-10" hai2="0,5,8,11,16,25,31,32,84,88,89,90,93" /><INIT seed="2,1,1,5,3,114" ten="255,225,195,315" oya="2" hai0="6,101,102,19,103,30,44,116,47,12,32,10,36" hai1="132,135,109,42,79,112,0,59,33,73,84,96,77" hai2="54,121,57,40,120,8,118,82,99,26,129,52,123" hai3="45,63,56,69,37,85,35,17,131,95,49,64,127"/><V67/><F129/><W34/><G127/><T76/><D36/><U65/><E0/><V106/><F118/><W25/><G131/><T125/><D125/><U24/><E42/><V107/><F40/><N who="3" m="22671" /><G25/><T90/><D116/><U11/><E11/><V89/><F67/><W66/><G17/><T108/><D108/><U53/><E65/><V75/><F26/><W15/><G15/><T68/><D68/><U133/><E112/><V92/><F8/><W46/><G46/><T74/><D30/><U70/><E70/><V71/><F71/><W100/><G66/><T134/><D32/><U97/><E73/><V7/><F7/><W1/><G1/><T91/><D134/><U27/><E109/><V21/><F21/><W28/><G28/><T58/><D19/><U18/><E33/><V60/><REACH who="2" step="1"/><F54/><REACH who="2" ten="255,225,185,315" step="2"/><N who="3" m="31823" /><G35/><T111/><D6/><U105/><E27/><V16/><F16/><W31/><G34/><T78/><D10/><U13/><E24/><V87/><F87/><W29/><G85/><T110/><D110/><U62/><E84/><V128/><F128/><W23/><G23/><T88/><D111/><U86/><E86/><V83/><F83/><W5/><G5/><T104/><D74/><U115/><E115/><V119/><F119/><W113/><G113/><T93/><D78/><AGARI ba="1,2" hai="52,57,60,75,78,82,89,92,99,106,107,120,121,123" machi="78" ten="40,3900,0" yaku="1,1,54,1,53,0" doraHai="114" doraHaiUra="3" who="2" fromWho="0" sc="255,-42,225,0,185,62,315,0" /><INIT seed="2,2,0,2,0,87" ten="213,225,247,315" oya="2" hai0="53,129,16,127,121,31,70,120,37,115,46,56,132" hai1="112,42,30,86,109,133,12,118,82,52,106,22,39" hai2="35,15,6,85,100,74,49,98,113,28,79,108,26" hai3="75,33,80,73,122,128,21,13,8,111,58,2,66"/><V9/><F113/><W18/><G122/><T102/><D115/><U125/><E118/><V88/><F108/><W84/><G111/><T20/><D70/><U3/><E109/><V1/><F74/><W68/><G68/><T89/><D127/><U4/><E112/><V104/><F49/><W93/><G93/><T55/><D129/><U10/><E106/><V72/><F72/><W27/><G128/><T60/><D132/><U83/><E125/><V78/><F1/><W99/><G99/><T44/><D102/><U124/><E124/><V57/><F57/><W92/><G92/><AGARI ba="2,0" hai="6,9,15,26,28,35,78,79,85,88,92,98,100,104" machi="92" ten="30,5800,0" yaku="7,1,52,1,54,1" doraHai="87" who="2" fromWho="3" sc="213,0,225,0,247,64,315,-64" /><INIT seed="2,3,0,4,2,16" ten="213,225,311,251" oya="2" hai0="9,135,116,92,21,40,93,35,13,53,107,19,129" hai1="17,60,89,119,122,23,76,50,43,46,109,49,45" hai2="22,99,114,125,72,103,127,54,2,90,26,59,78" hai3="131,41,95,126,63,61,52,1,42,36,18,58,56"/><V128/><F114/><W83/><G1/><T65/><D107/><U51/><E119/><V64/><F2/><W27/><G36/><T7/><D35/><U47/><E109/><V123/><F64/><N who="3" m="38951" /><G126/><N who="2" m="48137" /><F128/><W75/><G75/><T67/><D129/><U68/><E122/><V73/><F78/><W121/><G121/><T37/><D53/><U39/><E76/><V3/><F3/><W101/><G83/><T32/><D32/><U33/><E33/><V11/><F11/><W84/><G131/><T20/><D135/><U132/><E132/><V6/><F6/><W55/><G55/><T0/><D21/><U79/><E79/><V87/><F123/><W4/><G4/><T10/><D10/><U5/><E5/><V133/><F133/><W8/><G8/><T81/><D81/><U96/><E68/><V112/><F112/><W110/><G110/><T44/><REACH who="0" step="1"/><D116/><REACH who="0" ten="203,225,311,251" step="2"/><U98/><E60/><V62/><F22/><N who="3" m="13783" /><G84/><T30/><D30/><U91/><E43/><V12/><F73/><W111/><G111/><T104/><D104/><U80/><E80/><V28/><F72/><W71/><G71/><T74/><D74/><U70/><E70/><V105/><F87/><W88/><G41/><T85/><D85/><U29/><E29/><V25/><F28/><W117/><G42/><T82/><D82/><U31/><E31/><V38/><F105/><W14/><G117/><T124/><D124/><U106/><E106/><V24/><F54/><W100/><G14/><T48/><D48/><U108/><E108/><V69/><F69/><W94/><G94/><AGARI ba="3,1" hai="0,7,9,13,19,20,37,40,44,65,67,92,93,94" machi="94" ten="40,2600,0" yaku="1,1,52,1,53,0" doraHai="16" doraHaiUra="113" who="0" fromWho="3" sc="203,45,225,0,311,0,251,-35" /><INIT seed="3,0,0,4,1,56" ten="248,225,311,216" oya="3" hai0="116,68,8,95,115,36,32,102,110,91,60,58,128" hai1="133,28,127,24,119,64,33,9,43,98,5,38,51" hai2="108,59,25,132,57,62,31,118,63,80,1,114,88" hai3="34,11,131,124,14,15,46,26,61,87,99,3,113"/><W53/><G113/><T39/><D116/><U22/><E119/><V54/><F114/><W66/><G124/><T92/><D115/><U105/><E127/><V49/><F1/><W47/><G131/><T89/><D68/><U121/><E121/><V50/><F108/><W2/><G15/><T107/><D32/><U29/><E51/><V75/><F132/><W79/><G99/><T18/><D102/><N who="1" m="62679" /><E22/><N who="2" m="15799" /><F75/><W55/><G3/><T52/><D107/><U70/><E28/><V122/><F122/><W85/><G2/><T27/><D110/><U6/><E6/><V97/><F118/><W117/><G117/><T19/><D128/><U16/><E16/><N who="0" m="6185" /><D39/><U83/><E83/><V10/><F10/><W17/><G26/><T35/><D35/><U94/><E94/><N who="0" m="35881" /><D36/><U81/><E133/><V120/><F120/><W73/><G34/><T23/><D8/><U93/><E93/><N who="2" m="56487" /><F80/><N who="3" m="47263" /><G73/><T12/><D12/><U74/><E74/><V7/><F7/><W106/><G106/><T40/><D40/><U30/><E81/><V77/><F77/><W82/><G47/><T4/><D4/><U125/><E125/><V67/><AGARI ba="0,0" hai="49,50,54,57,59,62,63,67" m="56487,15799" machi="67" ten="30,7900,0" yaku="8,1,52,2,54,1" doraHai="56" who="2" fromWho="2" sc="248,-20,225,-20,311,79,216,-39" owari="228,2.8,205,-19.5,390,49.0,177,-32.3" /></mjloggm>