<mjloggm ver="2.3"><GO type="225" lobby="0"/><UN n0="%70%65%6E%74%6F%6C%61" n1="%E3%81%AF%E3%82%88%E3%81%8A%E3%81%98%E3%81%95%E3%82%93" n2="%E7%BD%AA%E5%88%91%E6%B3%95%E5%AE%9A%E4%B8%BB%E7%BE%A9" n3="%6D%75%75%6D%75%72%61" dan="16,17,16,17" rate="2155.70,2148.24,2135.07,2176.18" sx="M,M,M,F"/><TAIKYOKU oya="0"/><INIT seed="0,0,0,1,2,130" ten="250,250,250,250" oya="0" hai0="73,85,12,93,84,59,53,42,25,66,9,91,92" hai1="132,131,126,40,121,5,27,122,123,21,63,68,2" hai2="125,52,80,75,97,60,45,28,13,41,18,29,54" hai3="120,109,70,72,36,57,110,6,113,8,37,0,4"/><T117/><D117/><U47/><E131/><V15/><F125/><W44/><G113/><T51/><D73/><U99/><E126/><V46/><F75/><W50/><G70/><T90/><D42/><U111/><E111/><N who="3" m="42506" /><G72/><T67/><REACH who="0" step="1"/><D25/><REACH who="0" ten="240,250,250,250" step="2"/><U88/><E27/><V62/><F41/><N who="3" m="24847" /><G120/><T116/><D116/><U23/><E123/><V79/><F79/><W7/><G36/><T56/><D56/><U64/><E40/><V65/><F65/><W106/><G37/><T35/><D35/><U100/><E64/><V107/><F107/><W114/><G114/><T101/><D101/><U34/><E100/><V81/><REACH who="2" step="1"/><F18/><AGARI ba="0,1" hai="9,12,18,51,53,59,66,67,84,85,90,91,92,93" machi="18" ten="30,11600,0" yaku="1,1,7,1,9,1,8,1,53,0" doraHai="130" doraHaiUra="133" who="0" fromWho="2" sc="240,126,250,0,250,-116,250,0" /><INIT seed="0,1,0,4,0,7" ten="366,250,134,250" oya="0" hai0="1,91,68,20,112,34,26,19,6,25,65,0,81" hai1="71,130,128,47,38,67,131,24,27,89,55,107,5" hai2="56,28,74,69,52,18,13,118,75,48,54,125,43" hai3="36,78,40,46,92,31,15,119,84,73,85,3,51"/><T4/><D68/><U98/><E5/><N who="0" m="2153" /><D65/><U104/><E67/><V22/><F69/><W106/><G119/><T37/><D37/><U42/><E71/><V94/><F118/><W135/><G106/><N who="1" m="40490" /><E55/><V63/><F125/><W61/><G3/><N who="0" m="1099" /><D91/><U41/><E42/><V58/><F43/><W57/><G31/><N who="0" m="19823" /><D81/><U124/><E124/><V82/><F82/><W12/><G73/><T90/><D90/><U103/><E89/><V32/><F32/><W29/><G61/><T101/><D101/><U70/><E70/><V95/><F28/><W87/><G78/><T50/><D50/><U114/><E114/><AGARI ba="1,0" hai="19,20,26,112,114" m="19823,1099,2153" machi="114" ten="30,2900,0" yaku="34,2" doraHai="7" who="0" fromWho="1" sc="366,32,250,-32,134,0,250,0" /><INIT seed="0,2,0,1,3,64" ten="398,218,134,250" oya="0" hai0="72,61,92,13,31,41,38,17,6,77,119,111,107" hai1="112,18,71,49,1,116,96,14,12,53,68,42,87" hai2="24,126,62,95,0,46,123,122,58,74,127,23,11" hai3="56,109,130,132,16,15,134,104,129,59,133,34,101"/><T21/><D107/><U63/><E116/><V4/><F74/><W81/><G34/><T54/><D119/><U128/><E1/><V84/><F46/><W89/><G109/><T28/><D6/><U106/><E128/><N who="3" m="49258" /><G104/><T90/><D41/><U108/><E108/><V75/><F75/><W121/><G101/><T51/><D38/><U37/><E63/><V57/><F57/><W76/><G89/><T55/><D72/><U33/><E33/><V117/><F117/><W80/><G121/><T35/><D77/><U69/><E112/><V78/><F127/><W60/><G76/><T67/><D55/><U32/><E32/><V97/><F84/><W94/><G94/><T19/><D19/><U120/><E120/><V105/><F78/><W86/><G86/><N who="0" m="52311" /><D35/><U48/><E87/><V8/><F8/><N who="3" m="6247" /><G59/><N who="0" m="33247" /><D111/><U7/><E7/><V85/><F105/><W79/><G79/><T30/><D31/><U110/><E110/><V3/><F3/><W131/><N who="3" m="49266" /><W135/><N who="3" m="33792" /><DORA hai="5" /><DORA hai="22" /><W70/><G70/><AGARI ba="2,0" hai="13,17,21,28,30,61,67,70" m="33247,52311" machi="70" ten="30,2900,0" yaku="25,1,52,1" doraHai="64,5,22" who="0" fromWho="3" sc="398,35,218,0,134,0,250,-35" /><INIT seed="0,3,0,4,5,46" ten="433,218,134,215" oya="0" hai0="4,117,103,80,50,102,29,53,55,97,118,84,81" hai1="13,3,119,100,95,12,41,21,14,63,108,60,121" hai2="40,64,52,49,115,72,123,90,36,112,66,131,86" hai3="47,17,91,54,109,89,93,58,57,67,18,120,85"/><T59/><D4/><U101/><E119/><V37/><F123/><W31/><G120/><T76/><D29/><U104/><E3/><V116/><F72/><W122/><G122/><T30/><D30/><U111/><E121/><V28/><F116/><W78/><G109/><N who="1" m="42058" /><E41/><V25/><F131/><W71/><G71/><T88/><D103/><N who="1" m="39499" /><E104/><V1/><F1/><W10/><G31/><T68/><D68/><U34/><E34/><V107/><F107/><W61/><G78/><T77/><D77/><U127/><E127/><V20/><F115/><W32/><G32/><T135/><D135/><U134/><E134/><V6/><F6/><W39/><G10/><T33/><D55/><U74/><E74/><V126/><F126/><W15/><G15/><T16/><D33/><U128/><E128/><V23/><F23/><W99/><G39/><T56/><D56/><U44/><E44/><V129/><F112/><W0/><G47/><T62/><D62/><N who="1" m="23595" /><E95/><V73/><F73/><W24/><G0/><T69/><D69/><U7/><E21/><V110/><F129/><W133/><G133/><T113/><D113/><U105/><E105/><V5/><F110/><W125/><G125/><T2/><D2/><U26/><E26/><V8/><F40/><W114/><G24/><T22/><D81/><U83/><E83/><N who="2" m="49503" /><F37/><W42/><G114/><T35/><D35/><U75/><E75/><V92/><F36/><W87/><G42/><T65/><D118/><U27/><E27/><V19/><F92/><N who="3" m="54319" /><G87/><T96/><D117/><U11/><AGARI ba="3,0" hai="7,11,12,13,14" m="23595,39499,42058" machi="11" ten="40,1500,0" yaku="14,1" doraHai="46" who="1" fromWho="1" sc="433,-10,218,24,134,-7,215,-7" /><INIT seed="1,0,0,0,4,120" ten="423,242,127,208" oya="1" hai0="42,40,118,55,15,124,117,62,125,8,34,19,102" hai1="88,4,77,131,94,56,75,0,63,22,39,21,116" hai2="108,31,43,57,73,128,126,119,97,70,122,36,61" hai3="35,32,86,90,25,24,20,6,5,104,85,135,7"/><U49/><E116/><V50/><F73/><W134/><G104/><T98/><D34/><N who="3" m="12841" /><G20/><T121/><D121/><U110/><E39/><V93/><F119/><W74/><G74/><T89/><D89/><U12/><E0/><V47/><F122/><W133/><G90/><T27/><D27/><AGARI ba="0,0" hai="5,6,7,24,25,27,85,86,133,134,135" m="12841" machi="27" ten="40,5200,0" yaku="28,2,20,1" doraHai="120" who="3" fromWho="0" sc="423,-52,242,0,127,0,208,52" /><INIT seed="2,0,0,4,2,9" ten="371,242,127,260" oya="2" hai0="121,59,38,97,122,101,0,72,2,44,1,30,57" hai1="68,29,79,111,45,32,23,107,112,113,84,6,78" hai2="117,55,11,125,26,69,109,13,85,88,116,70,5" hai3="94,34,56,51,99,67,133,110,93,39,128,95,35"/><V123/><F123/><W47/><G110/><T73/><D30/><U64/><E111/><V89/><F109/><W4/><G128/><T105/><D59/><U16/><E107/><V100/><F100/><W49/><G133/><T60/><D57/><U106/><E106/><V114/><F114/><W120/><G120/><N who="0" m="46187" /><D60/><U135/><E135/><V50/><F125/><W98/><G39/><T80/><D80/><U14/><E6/><V92/><F26/><W86/><G34/><T48/><D48/><N who="3" m="18505" /><G35/><T74/><D44/><U19/><E45/><V127/><F127/><W65/><G4/><T37/><AGARI ba="0,0" hai="0,1,2,37,38,72,73,74,97,101,105" m="46187" machi="37" ten="50,1600,0" yaku="23,1" doraHai="9" who="0" fromWho="0" sc="371,16,242,-4,127,-8,260,-4" /><INIT seed="3,0,0,2,3,109" ten="387,238,119,256" oya="3" hai0="77,56,130,119,39,74,3,51,6,120,15,96,78" hai1="30,23,45,43,131,127,46,31,100,27,20,84,11" hai2="5,81,9,69,108,1,37,118,132,50,16,89,123" hai3="99,49,125,64,133,38,117,87,57,61,115,91,19"/><W47/><G117/><T112/><D15/><U94/><E127/><V134/><F69/><W72/><G125/><T54/><D96/><U86/><E131/><V18/><F108/><W32/><G72/><T36/><D78/><U42/><E11/><V111/><F37/><W7/><G38/><T53/><D120/><U66/><E66/><V135/><F111/><W124/><G124/><T88/><D88/><N who="1" m="53511" /><E100/><V4/><F123/><W63/><G32/><T48/><D54/><U104/><E104/><V82/><F118/><W97/><G133/><T35/><D51/><U106/><E106/><V55/><F89/><W79/><G115/><T40/><D56/><U68/><E68/><V107/><F107/><W110/><G110/><T121/><D6/><U22/><E86/><V116/><F116/><W67/><G79/><T95/><D77/><U83/><E83/><V126/><F126/><W58/><G7/><T52/><D53/><U14/><E14/><V28/><F28/><N who="1" m="10793" /><E27/><V12/><F5/><W44/><G19/><T34/><D34/><U70/><E70/><V24/><F24/><W92/><REACH who="3" step="1"/><G44/><AGARI ba="0,0" hai="20,22,23,42,43,44,45,46" m="10793,53511" machi="44" ten="30,2000,0" yaku="8,1,54,1" doraHai="109" who="1" fromWho="3" sc="387,0,238,20,119,0,256,-20" owari="387,48.7,258,5.8,119,-38.1,236,-16.4" /></mjloggm>