<mjloggm ver="2.3"><GO type="225" lobby="0"/><UN n0="%43%68%65" n1="%E8%A8%88%E7%AE%97%E6%A9%9F%E8%87%AA%E7%84%B6" n2="%E3%82%B7%E3%83%B3%E5%A4%AA%E6%9C%97" n3="%4D%50%43%32%38%30%30" dan="16,17,16,16" rate="2134.36,2191.68,2135.89,2090.28" sx="M,M,M,M"/><TAIKYOKU oya="0"/><INIT seed="0,0,0,1,1,119" ten="250,250,250,250" oya="0" hai0="90,41,32,49,38,126,63,65,4,13,22,2,81" hai1="131,110,84,26,135,116,76,1,18,25,85,118,14" hai2="15,122,24,134,6,58,5,120,23,3,125,59,47" hai3="0,21,107,29,78,113,64,114,36,88,51,132,129"/><T74/><D32/><U95/><E1/><V99/><F3/><W35/><G36/><T101/><D101/><U9/><E110/><V111/><F111/><W70/><G0/><T83/><D38/><U106/><E106/><V46/><F134/><W33/><G78/><T112/><D112/><U89/><E135/><V61/><F125/><W66/><G132/><T12/><D2/><U67/><E131/><V109/><F109/><W121/><G107/><T17/><D74/><U124/><E124/><V50/><F99/><W68/><G51/><T103/><D103/><U133/><E133/><V127/><F127/><W28/><G21/><T128/><D128/><U92/><E67/><V77/><F77/><W82/><G129/><T86/><D126/><U79/><E118/><V34/><F34/><W20/><G20/><T54/><D41/><U72/><E116/><V44/><F50/><W94/><G94/><T91/><D63/><U117/><E117/><V71/><F71/><W104/><G104/><T55/><D65/><U75/><E76/><V48/><F48/><W98/><G88/><N who="0" m="33835" /><D86/><U43/><E43/><V123/><F15/><W45/><G82/><N who="0" m="31243" /><D49/><U42/><E42/><V37/><F37/><W80/><G80/><T93/><D93/><N who="1" m="35915" /><E79/><V7/><F61/><W62/><G62/><T40/><D40/><U31/><E84/><V73/><F73/><N who="1" m="28233" /><E85/><V87/><F87/><W100/><G98/><T105/><D105/><U115/><E89/><V52/><F52/><W96/><G96/><T16/><D4/><U97/><E97/><V57/><F7/><W56/><G70/><RYUUKYOKU ba="0,0" sc="250,15,250,-15,250,15,250,-15" hai0="12,13,16,17,22,54,55" hai2="5,6,23,24,44,46,47,57,58,59,120,122,123" /><INIT seed="0,1,0,5,0,6" ten="265,235,265,235" oya="0" hai0="49,104,70,35,80,7,128,56,60,15,42,37,21" hai1="119,24,89,72,82,129,99,103,19,26,111,57,109" hai2="33,16,88,12,8,40,76,133,73,116,134,62,96" hai3="0,65,91,29,121,94,36,48,66,83,41,123,84"/><T50/><D35/><U122/><E119/><V110/><F116/><W85/><G0/><T64/><D104/><U71/><E71/><V55/><F33/><W86/><G36/><T97/><D128/><U68/><E68/><V87/><F110/><N who="1" m="41993" /><E122/><N who="3" m="46602" /><G29/><T120/><D120/><U74/><E57/><N who="2" m="35135" /><F40/><W38/><G38/><T43/><D37/><U58/><E58/><V95/><F73/><N who="1" m="28265" /><E19/><V51/><F76/><N who="3" m="46183" /><G85/><T113/><D70/><U14/><E14/><V5/><F51/><W79/><G79/><T59/><D59/><U92/><E129/><V75/><F75/><W77/><G77/><T53/><D50/><U47/><E47/><AGARI ba="1,0" hai="41,47,48,65,66,86,91,94" m="46183,46602" machi="47" ten="30,1000,0" yaku="13,1" doraHai="6" who="3" fromWho="1" sc="265,0,235,-13,265,0,235,13" /><INIT seed="1,0,0,2,4,6" ten="265,222,265,248" oya="1" hai0="26,31,47,108,92,113,77,29,5,119,84,52,16" hai1="98,121,97,82,7,43,118,73,91,126,45,102,49" hai2="120,2,13,20,132,103,94,32,50,28,46,130,14" hai3="133,116,96,88,30,69,44,72,8,4,99,25,110"/><U55/><E118/><V101/><F120/><W10/><G72/><T11/><D113/><U134/><E121/><V122/><F122/><W68/><G116/><T3/><D119/><U90/><E126/><V114/><F2/><W111/><G133/><T1/><D1/><U40/><E134/><V63/><F32/><N who="3" m="20559" /><G44/><T53/><D108/><N who="3" m="41513" /><G4/><T41/><D16/><U124/><E124/><V74/><F74/><W127/><G127/><T23/><D31/><U105/><E7/><V62/><F130/><W109/><G99/><T117/><D117/><U129/><E129/><V36/><F36/><W18/><G18/><T58/><D58/><U64/><E64/><V60/><F114/><W42/><G42/><T56/><D56/><U125/><E125/><V65/><F65/><W93/><N who="3" m="41521" /><W83/><DORA hai="89" /><G83/><T17/><D17/><U24/><E24/><N who="2" m="16391" /><F132/><W57/><G57/><T95/><D84/><U66/><E66/><V9/><F94/><W85/><G85/><T33/><D33/><U27/><E27/><V106/><F106/><W78/><G78/><T54/><REACH who="0" step="1"/><D77/><REACH who="0" ten="255,222,265,248" step="2"/><U70/><E73/><V115/><F115/><W128/><G128/><T86/><D86/><U0/><E0/><V19/><F14/><W22/><G22/><T39/><AGARI ba="0,1" hai="3,5,11,23,26,29,39,41,47,52,53,54,92,95" machi="39" ten="30,12000,2" yaku="1,1,0,1,52,3,54,1,53,0" doraHai="6,89" doraHaiUra="131,123" who="0" fromWho="0" sc="255,130,222,-60,265,-30,248,-30" /><INIT seed="2,0,0,3,5,16" ten="385,162,235,218" oya="2" hai0="76,131,129,50,7,15,40,117,45,39,26,82,46" hai1="97,62,105,87,47,95,49,93,21,103,107,60,71" hai2="30,116,54,56,94,72,125,75,17,112,22,55,2" hai3="79,36,23,57,120,127,88,63,35,115,61,91,58"/><V67/><F116/><W121/><G36/><T37/><D117/><U29/><E105/><V5/><F112/><W85/><G35/><T48/><D26/><U133/><E133/><V126/><F67/><W25/><G127/><N who="2" m="48649" /><F30/><W24/><G79/><T122/><D122/><U108/><E108/><V31/><F31/><W18/><G115/><T53/><D15/><U109/><E109/><V59/><F94/><W14/><G120/><T10/><D10/><U113/><E113/><V0/><F75/><W123/><G121/><T132/><D7/><U28/><E71/><V19/><F72/><W74/><G74/><N who="0" m="43287" /><D132/><U8/><E107/><V66/><F66/><N who="3" m="39215" /><G123/><T34/><D34/><U27/><E28/><V84/><F84/><W81/><G91/><T118/><D118/><U98/><E87/><V44/><F44/><W65/><AGARI ba="0,0" hai="14,18,23,24,25,58,63,65,81,85,88" m="39215" machi="65" ten="30,4000,0" yaku="8,1,52,1,54,1" doraHai="16" who="3" fromWho="3" sc="385,-10,162,-10,235,-20,218,40" /><INIT seed="3,0,0,5,0,56" ten="375,152,215,258" oya="3" hai0="127,77,86,47,93,72,51,107,115,68,43,28,1" hai1="64,22,128,30,13,41,122,87,92,94,14,50,113" hai2="97,33,119,40,53,16,80,57,71,32,95,9,7" hai3="130,111,52,17,101,6,21,39,121,34,3,61,48"/><W31/><G121/><T38/><D107/><U25/><E122/><V100/><F71/><W82/><G39/><T85/><D68/><U124/><E124/><V60/><F119/><W90/><G101/><T110/><D1/><U132/><E128/><V44/><F80/><W105/><G105/><T84/><D127/><U46/><E132/><V120/><F120/><W8/><G130/><T23/><D38/><U15/><E113/><V26/><F26/><N who="3" m="18807" /><G82/><T114/><D72/><U36/><E36/><V106/><F106/><W65/><G90/><T96/><D77/><U59/><REACH who="1" step="1"/><E87/><REACH who="1" ten="375,142,215,258" step="2"/><V11/><F33/><W73/><G73/><T102/><D85/><U76/><E76/><V70/><F32/><W45/><G111/><T134/><D86/><U10/><E10/><V74/><F74/><W104/><G8/><T12/><D84/><U125/><E125/><V103/><F9/><W27/><G3/><T112/><D110/><U54/><E54/><V99/><F11/><W2/><G2/><T79/><D79/><U58/><E58/><V78/><F70/><N who="3" m="42287" /><G6/><T131/><D131/><U89/><E89/><V37/><F7/><W49/><G52/><T133/><D133/><U29/><E29/><V4/><F4/><W135/><G135/><T69/><D134/><U0/><E0/><V123/><F123/><W129/><G129/><T55/><D69/><U42/><E42/><V24/><F78/><W18/><G45/><T126/><D126/><U109/><E109/><V62/><F53/><W98/><G18/><N who="0" m="10695" /><D55/><U108/><E108/><V88/><F40/><W35/><G35/><RYUUKYOKU ba="0,1" sc="375,10,142,10,215,-30,258,10" hai0="28,43,47,51,93,96,102,112,114,115" hai1="13,14,15,22,25,30,41,46,50,59,64,92,94" hai3="17,21,27,48,49,98,104" /><INIT seed="3,1,1,3,1,113" ten="385,152,185,268" oya="3" hai0="77,85,74,111,9,116,0,115,48,46,117,50,6" hai1="90,44,62,13,104,55,22,52,10,16,126,114,75" hai2="25,57,88,132,101,124,89,121,63,58,133,43,128" hai3="95,87,32,34,40,82,38,59,86,130,119,131,99"/><W51/><G38/><T109/><D74/><U106/><E114/><V102/><F128/><N who="3" m="49195" /><G119/><N who="0" m="45643" /><D115/><U60/><E126/><V54/><F124/><W4/><G4/><T23/><D23/><U19/><E75/><V20/><F43/><W129/><G129/><T84/><D77/><U28/><E28/><N who="2" m="17447" /><F121/><W79/><G87/><N who="0" m="33355" /><D46/><U27/><E90/><N who="2" m="34923" /><F58/><W135/><G135/><AGARI ba="1,1" hai="54,57,63,101,102,132,133,135" m="34923,17447" machi="135" ten="30,2000,0" yaku="20,1,54,1" doraHai="113" who="2" fromWho="3" sc="385,0,152,0,185,33,268,-23" owari="385,48.5,152,-34.8,218,-18.2,245,4.5" /></mjloggm>