<mjloggm ver="2.3"><GO type="225" lobby="0"/><UN n0="%E5%A4%A7%E5%A4%A7%E5%B2%A1%E5%B1%B1%EF%BC%A0%E6%A8%AA%E6%B5%9C" n1="%E6%97%A5%E6%9B%9C%E6%97%A5%E3%82%88%E3%82%8A%E3%81%AE%E4%BD%BF%E8%80%85" n2="%E6%9D%B1%E9%A2%A8%E3%81%AE%E3%81%8D%E3%82%83%E3%81%B7%E3%81%95%E3%82%93" n3="%E3%81%82%E3%81%99%E3%81%AB%E3%82%83%E3%82%80" dan="16,17,17,16" rate="2144.27,2147.34,2238.32,2130.03" sx="M,M,M,F"/><TAIKYOKU oya="0"/><INIT seed="0,0,0,4,3,127" ten="250,250,250,250" oya="0" hai0="133,106,76,30,13,114,98,46,69,85,65,68,101" hai1="29,5,126,53,118,95,92,120,84,93,113,94,32" hai2="129,38,3,135,78,10,99,24,15,7,63,109,97" hai3="119,79,55,77,41,9,66,50,134,87,128,91,116"/><T123/><D114/><U89/><E118/><V27/><F38/><W51/><G134/><T90/><D123/><U20/><E120/><V105/><F78/><W16/><G66/><T48/><D133/><U6/><E32/><V45/><F135/><W125/><G125/><T130/><D76/><U40/><E40/><V18/><F109/><W122/><G122/><T1/><D1/><U59/><E126/><V62/><F45/><N who="3" m="25903" /><G128/><T19/><D30/><U96/><E113/><V57/><F129/><W21/><G9/><T2/><D2/><U23/><E96/><N who="2" m="36939" /><F105/><W56/><G119/><T37/><D65/><U103/><E103/><V58/><F3/><W111/><G111/><T44/><D37/><U31/><E31/><V67/><F7/><N who="1" m="2569" /><E29/><V81/><F81/><N who="3" m="49647" /><G116/><T115/><D115/><U43/><E43/><V72/><F72/><W33/><G33/><T124/><D130/><U60/><AGARI ba="0,0" hai="20,23,53,59,60,84,89,92,93,94,95" m="2569" machi="60" ten="30,1100,0" yaku="8,1" doraHai="127" who="1" fromWho="1" sc="250,-5,250,11,250,-3,250,-3" /><INIT seed="1,0,0,0,5,113" ten="245,261,247,247" oya="1" hai0="9,16,49,40,129,36,70,87,11,47,105,23,118" hai1="4,15,86,45,126,71,123,19,17,22,10,119,13" hai2="57,128,21,7,83,135,60,30,61,102,122,56,121" hai3="75,116,50,31,106,124,8,29,53,63,108,5,100"/><U34/><E123/><V27/><F135/><W51/><G75/><T62/><D105/><U35/><E71/><V109/><F109/><W107/><G108/><T1/><D1/><N who="1" m="271" /><E86/><V58/><F128/><W6/><G124/><T33/><D33/><N who="1" m="12299" /><E45/><V20/><F7/><W72/><G72/><T114/><D114/><U89/><E89/><V32/><F102/><W18/><G8/><T41/><D129/><U82/><E82/><V42/><F42/><W94/><G18/><T46/><D87/><U132/><E132/><V0/><F0/><W103/><G94/><T52/><D118/><U26/><E126/><V120/><REACH who="2" step="1"/><F83/><REACH who="2" ten="245,261,237,247" step="2"/><W85/><G116/><T48/><D70/><U88/><E119/><V117/><F117/><W131/><G131/><T66/><D36/><U95/><E95/><V133/><F133/><W99/><G103/><T38/><D38/><U64/><E64/><V104/><F104/><W112/><G100/><T68/><D41/><U111/><E111/><V3/><F3/><W80/><G106/><T67/><D66/><U84/><E19/><V28/><F28/><W69/><G31/><T78/><D78/><U115/><E115/><V134/><F134/><W24/><G29/><T97/><D97/><U90/><E90/><V130/><F130/><W12/><G99/><T55/><D40/><U76/><E88/><V39/><F39/><W74/><G112/><T79/><D79/><U96/><E96/><V59/><N who="2" m="14336" /><DORA hai="125" /><V81/><F81/><W37/><G80/><T14/><AGARI ba="0,1" hai="9,11,14,16,23,46,47,48,49,52,55,62,67,68" machi="14" ten="20,8000,1" yaku="0,1,7,1,9,1,54,2" doraHai="113,125" who="0" fromWho="0" sc="245,90,261,-40,237,-20,247,-20" /><INIT seed="2,0,0,3,2,22" ten="335,221,217,227" oya="2" hai0="72,124,118,87,49,38,132,115,4,35,12,75,89" hai1="26,99,0,16,128,23,40,18,43,14,123,64,93" hai2="76,58,73,80,42,2,6,48,70,37,44,129,85" hai3="84,126,92,110,79,103,78,17,33,116,69,5,53"/><V135/><F135/><W122/><G110/><T10/><D38/><U77/><E0/><V3/><F129/><W31/><G69/><T54/><D115/><U106/><E106/><V94/><F70/><W13/><G116/><T91/><D35/><U21/><E128/><V56/><F48/><W86/><G122/><T109/><D109/><U59/><E77/><V121/><F2/><W81/><G5/><T67/><D67/><U51/><E123/><V55/><F55/><W45/><G126/><T97/><D124/><U120/><E120/><V98/><F85/><W39/><G31/><T34/><D34/><U117/><E117/><V62/><F62/><W9/><G33/><T52/><D118/><U63/><E51/><V47/><F47/><W105/><G105/><T134/><D97/><U65/><E64/><V61/><F61/><W125/><G125/><T114/><D114/><U28/><E18/><V101/><REACH who="2" step="1"/><F121/><REACH who="2" ten="335,221,207,227" step="2"/><W24/><G39/><T113/><D54/><U130/><E130/><V46/><F46/><W7/><G45/><N who="0" m="27695" /><D113/><U83/><E83/><V112/><F112/><W32/><G53/><T19/><D87/><U90/><AGARI ba="0,1" hai="14,16,21,23,26,28,40,43,59,63,65,90,93,99" machi="90" ten="20,8000,1" yaku="0,1,7,1,8,1,52,1,54,1" doraHai="22" who="1" fromWho="1" sc="335,-20,221,90,207,-40,227,-20" /><INIT seed="3,0,0,4,4,25" ten="315,311,167,207" oya="3" hai0="19,95,110,81,98,69,123,15,53,13,3,31,29" hai1="30,39,126,9,121,50,127,124,112,10,7,23,118" hai2="11,24,60,70,116,88,85,38,106,1,132,86,33" hai3="44,104,58,17,93,49,94,113,73,80,109,82,64"/><W37/><G113/><T2/><D69/><U96/><E112/><V55/><F116/><W103/><G104/><T8/><D123/><U128/><E121/><V134/><F38/><W41/><G109/><T130/><D110/><U100/><E39/><V34/><F106/><W120/><G120/><T28/><D130/><U42/><E128/><V32/><F85/><W83/><G73/><T45/><D81/><U76/><E76/><V14/><F1/><W63/><G103/><T67/><D67/><U36/><E36/><V16/><F24/><W0/><G0/><T79/><D79/><U107/><E118/><V99/><F99/><W111/><G111/><T52/><D2/><U18/><E30/><V35/><N who="2" m="8192" /><DORA hai="84" /><V90/><F70/><W71/><REACH who="3" step="1"/><G17/><REACH who="3" ten="315,311,167,197" step="2"/><N who="0" m="8359" /><D3/><U78/><E107/><V108/><F108/><W125/><G125/><T74/><D74/><U119/><E100/><V51/><F60/><W65/><G65/><T43/><D43/><U101/><E42/><V92/><REACH who="2" step="1"/><F90/><REACH who="2" ten="315,311,157,197" step="2"/><W135/><G135/><T40/><D40/><U22/><E127/><V27/><F27/><W47/><G47/><AGARI ba="0,2" hai="11,14,16,47,51,55,86,88,92,132,134" m="8192" machi="47" ten="70,12000,2" yaku="1,1,52,1,54,2,53,2" doraHai="25,84" doraHaiUra="5,91" who="2" fromWho="3" sc="315,0,311,0,157,140,197,-120" owari="315,41.5,311,11.1,297,-10.3,77,-42.3" /></mjloggm>