<mjloggm ver="2.3"><GO type="225" lobby="0"/><UN n0="%E3%81%B5%E3%81%98%E3%81%8B%E3%81%A4" n1="%73%73%6B%5F%66%72%65%65" n2="%6E%69%63%6F%6E%74%6F" n3="%EF%BC%AE%EF%BC%A1%EF%BC%AF%33%33%39" dan="17,16,16,17" rate="2214.63,2102.74,2091.52,2167.67" sx="M,M,M,M"/><TAIKYOKU oya="0"/><INIT seed="0,0,0,2,5,32" ten="250,250,250,250" oya="0" hai0="48,74,64,85,91,37,26,73,101,33,4,65,50" hai1="45,67,107,100,35,38,94,126,124,87,54,122,52" hai2="106,42,15,80,31,134,25,18,44,55,40,71,108" hai3="83,61,57,114,12,47,1,60,79,129,53,68,88"/><T21/><D37/><U120/><E67/><V30/><F106/><W102/><G114/><T6/><D101/><U82/><E35/><V95/><F71/><W76/><G102/><T113/><D113/><U135/><E135/><V9/><F134/><W133/><G133/><T56/><D33/><U2/><E2/><V5/><F80/><W34/><G34/><T92/><D73/><U89/><E107/><V110/><F95/><W13/><G1/><T131/><D74/><U59/><E38/><V77/><F77/><W29/><G29/><N who="2" m="10761" /><F55/><W98/><G47/><T51/><D131/><U17/><E17/><V20/><F44/><W10/><G129/><T58/><D65/><U99/><E45/><V66/><F66/><W49/><G68/><T86/><D86/><U69/><E69/><V112/><F112/><W27/><G27/><T118/><D118/><U125/><REACH who="1" step="1"/><E54/><REACH who="1" ten="250,240,250,250" step="2"/><V62/><F42/><W132/><G132/><T41/><D41/><U127/><N who="1" m="31744" /><DORA hai="84" /><U93/><E93/><V96/><F40/><W3/><G3/><T36/><D36/><U111/><E111/><V128/><F110/><W11/><G53/><T97/><D64/><U121/><E121/><V104/><F108/><W70/><G70/><T14/><D58/><U109/><E109/><V0/><F104/><W19/><G57/><T46/><D56/><U22/><E22/><V81/><F20/><W103/><G19/><N who="0" m="12607" /><D46/><U105/><E105/><V90/><F18/><W116/><G116/><T23/><D23/><U115/><E115/><V130/><F130/><W72/><G11/><N who="0" m="4455" /><D6/><U123/><E123/><RYUUKYOKU ba="0,1" sc="250,15,240,15,250,-15,250,-15" hai0="48,50,51,85,91,92,97" hai1="52,59,82,87,89,94,99,100,120,122" /><INIT seed="0,1,1,1,5,26" ten="265,255,235,235" oya="0" hai0="15,110,111,0,41,129,3,42,6,87,82,37,109" hai1="104,40,54,5,7,43,105,30,76,29,56,16,22" hai2="52,117,135,72,28,39,124,10,68,106,125,4,63" hai3="18,19,17,127,95,67,47,97,79,34,66,70,114"/><T14/><D129/><U8/><E105/><V88/><F72/><W84/><G114/><T2/><D37/><U74/><E104/><V121/><F121/><W59/><G70/><T134/><D134/><U65/><E65/><V9/><F117/><W108/><G34/><T107/><D107/><U31/><E76/><V94/><F106/><W62/><G108/><T93/><D93/><U53/><E74/><V100/><F39/><W81/><G127/><N who="2" m="48713" /><F100/><N who="3" m="60479" /><G47/><T77/><D6/><N who="1" m="2059" /><E8/><V122/><F122/><W12/><G67/><T20/><REACH who="0" step="1"/><D20/><AGARI ba="1,1" hai="12,17,18,19,20,59,62,66,79,81,84" m="60479" machi="20" ten="30,1000,0" yaku="8,1" doraHai="26" who="3" fromWho="0" sc="265,-13,255,0,235,0,235,23" /><INIT seed="1,0,0,0,3,2" ten="252,255,235,258" oya="1" hai0="12,5,95,108,42,92,52,35,8,76,110,131,102" hai1="83,91,74,97,66,36,47,43,94,84,59,115,32" hai2="109,26,3,82,124,25,93,14,79,23,101,49,132" hai3="118,50,33,57,6,104,122,13,41,61,44,46,21"/><U67/><E115/><V89/><F109/><N who="0" m="42090" /><D131/><U11/><E32/><V98/><F132/><W0/><G33/><T135/><D135/><U55/><E74/><V96/><F124/><W62/><G104/><T29/><D76/><U9/><E9/><V134/><F3/><W100/><G122/><T70/><D70/><U81/><E11/><V113/><F134/><W117/><G100/><T99/><D42/><U37/><E83/><V88/><F113/><W31/><G0/><T19/><D52/><U123/><E36/><V17/><F49/><W126/><G126/><T60/><D60/><U119/><E123/><V77/><F89/><W112/><G112/><T45/><D45/><U48/><REACH who="1" step="1"/><E119/><REACH who="1" ten="252,245,235,258" step="2"/><V116/><F116/><W65/><G117/><T58/><D35/><U114/><E114/><V24/><REACH who="2" step="1"/><F82/><REACH who="2" ten="252,245,225,258" step="2"/><W28/><G118/><T111/><D111/><U71/><E71/><V18/><F18/><W22/><G28/><T107/><D29/><U78/><AGARI ba="0,2" hai="37,43,47,48,55,59,66,67,78,81,84,91,94,97" machi="78" ten="20,7800,0" yaku="1,1,0,1,7,1,53,1" doraHai="2" doraHaiUra="38" who="1" fromWho="1" sc="252,-26,245,98,225,-26,258,-26" /><INIT seed="1,1,0,3,1,14" ten="226,343,199,232" oya="1" hai0="116,39,117,23,45,9,26,75,78,130,33,122,89" hai1="133,105,66,106,100,40,98,42,31,85,28,123,109" hai2="27,15,119,91,64,37,69,112,32,44,18,114,90" hai3="101,129,58,74,131,79,47,77,55,2,92,80,87"/><U53/><E123/><V83/><F119/><W76/><G2/><T81/><D122/><U57/><E133/><V13/><F69/><W118/><G47/><T56/><D130/><N who="3" m="49673" /><G58/><T29/><D89/><N who="2" m="33802" /><F64/><W38/><G55/><T1/><D56/><U128/><E66/><V60/><F60/><W67/><G67/><T96/><D96/><U25/><E106/><V21/><F83/><N who="3" m="45463" /><G38/><T3/><D3/><U51/><E40/><N who="2" m="22543" /><F32/><W115/><G115/><AGARI ba="1,0" hai="13,15,18,21,27,112,114,115" m="22543,33802" machi="115" ten="30,2000,0" yaku="11,1,52,1" doraHai="14" who="2" fromWho="3" sc="226,0,343,0,199,23,232,-23" /><INIT seed="2,0,0,3,4,7" ten="226,343,222,209" oya="2" hai0="119,91,125,81,79,66,43,1,32,23,62,114,24" hai1="123,129,17,102,42,20,31,112,87,73,61,130,96" hai2="44,12,19,10,78,22,135,27,122,4,93,16,84" hai3="107,58,103,86,74,92,85,8,118,35,109,38,133"/><V80/><F135/><W121/><G35/><T41/><D114/><U113/><E73/><V116/><F116/><W26/><G38/><T9/><D119/><U75/><E75/><V11/><F122/><W69/><G69/><T53/><D32/><U25/><E123/><V0/><F44/><W3/><G74/><T95/><D125/><U104/><E42/><V15/><F93/><W5/><G107/><T56/><D1/><U124/><E124/><V110/><F110/><W108/><G118/><T132/><D132/><U120/><E120/><V128/><F128/><BYE who="2" /><N who="1" m="49257" /><E61/><UN n2="%6E%69%63%6F%6E%74%6F" /><V34/><F34/><W90/><G121/><T46/><D79/><U89/><E31/><V39/><F39/><W111/><G103/><T55/><D81/><AGARI ba="0,0" hai="17,20,25,81,87,89,96,102,104,112,113" m="49257" machi="81" ten="30,1000,0" yaku="19,1" doraHai="7" who="1" fromWho="0" sc="226,-10,343,10,222,0,209,0" /><INIT seed="3,0,0,1,4,54" ten="216,353,222,209" oya="3" hai0="135,45,94,15,40,33,46,20,111,95,7,52,91" hai1="84,134,50,118,58,0,93,8,57,101,132,98,13" hai2="2,16,78,53,109,121,67,73,117,24,102,59,69" hai3="124,3,70,112,87,97,61,32,34,100,5,42,89"/><W122/><G122/><T125/><D111/><U31/><E0/><V86/><F117/><W129/><G112/><T81/><D125/><U66/><E31/><V6/><F73/><W41/><G5/><T35/><D135/><N who="1" m="51755" /><E66/><V62/><F109/><W27/><G3/><T19/><D7/><N who="1" m="3231" /><E118/><V48/><F121/><W74/><G74/><T75/><D75/><U108/><E108/><V119/><F119/><W63/><G124/><T60/><D35/><U39/><E39/><V76/><F2/><W114/><G114/><T64/><D64/><U85/><E50/><V71/><F6/><W9/><G9/><T115/><D115/><U47/><E47/><V127/><F127/><W123/><G123/><T36/><D45/><U72/><E72/><V29/><F71/><W88/><G129/><T17/><D36/><U12/><E12/><V90/><F29/><W106/><G34/><T21/><D33/><U105/><E85/><V92/><F102/><W130/><G130/><T11/><D15/><U99/><E84/><V10/><F10/><W80/><G63/><T51/><D11/><U65/><E65/><V133/><F133/><W77/><G42/><T68/><D40/><U83/><E83/><V49/><F49/><W116/><G41/><T126/><D126/><U28/><E28/><V25/><F25/><W22/><G116/><T110/><D110/><U37/><E37/><V107/><F107/><W43/><G43/><T18/><D81/><U14/><E14/><V55/><F55/><W38/><G38/><T44/><D52/><U1/><E1/><V4/><F4/><RYUUKYOKU ba="0,0" sc="216,-15,353,15,222,15,209,-15" hai1="57,58,93,98,99,101,105" hai2="16,24,48,53,59,62,67,69,76,78,86,90,92" owari="201,-19.9,368,46.8,237,3.7,194,-30.6" /></mjloggm>