<mjloggm ver="2.3"><GO type="225" lobby="0"/><UN n0="%E3%82%B7%E3%83%B3%E5%A4%AA%E6%9C%97" n1="%E3%81%8C%E3%81%9F" n2="%E3%81%BF%E3%81%BF%E3%81%9A" n3="%E3%82%82%E3%81%90%E3%82%89" dan="16,16,17,16" rate="2155.49,2162.11,2220.86,2171.49" sx="M,F,M,M"/><TAIKYOKU oya="0"/><INIT seed="0,0,0,1,5,59" ten="250,250,250,250" oya="0" hai0="106,0,105,101,56,22,110,63,52,121,40,129,68" hai1="29,67,125,120,86,12,15,93,34,20,91,80,44" hai2="64,127,38,70,84,73,21,1,43,89,96,17,60" hai3="2,114,51,76,6,111,50,107,82,100,131,57,32"/><T13/><D121/><U10/><E120/><V95/><F127/><W79/><G114/><T30/><D0/><U115/><E34/><V77/><F1/><W132/><G32/><T37/><D129/><U92/><E125/><V71/><F73/><W49/><G131/><T24/><D110/><U85/><E115/><V103/><F77/><W99/><G79/><T83/><D101/><U4/><E67/><V39/><F43/><W112/><G112/><T46/><D68/><U87/><E44/><V113/><F71/><W53/><G132/><T28/><D28/><U61/><E61/><V62/><F62/><W26/><G26/><T54/><D83/><U33/><E33/><V135/><F135/><W27/><G27/><T104/><REACH who="0" step="1"/><D13/><REACH who="0" ten="240,250,250,250" step="2"/><U117/><E29/><V69/><F70/><W41/><G111/><T78/><D78/><U3/><E3/><V66/><F113/><W122/><G122/><T9/><D9/><U16/><E117/><V109/><F109/><W14/><G2/><T58/><D58/><U36/><E36/><V74/><F39/><W19/><G82/><T45/><D45/><U81/><E81/><N who="2" m="49295" /><F38/><W65/><G76/><T18/><D18/><U23/><E80/><V97/><F74/><W72/><G19/><T75/><D75/><U123/><E123/><V119/><F119/><W133/><G72/><T124/><D124/><U118/><E118/><V47/><F47/><N who="3" m="25839" /><G133/><T31/><D31/><U25/><E91/><N who="2" m="55423" /><F17/><W108/><G108/><T134/><D134/><U88/><E88/><V48/><F69/><W35/><G14/><T102/><D102/><RYUUKYOKU ba="0,1" sc="240,15,250,15,250,-15,250,-15" hai0="22,24,30,37,40,46,52,54,56,63,104,105,106" hai1="4,10,12,15,16,20,23,25,85,86,87,92,93" /><INIT seed="0,1,1,4,5,72" ten="255,265,235,235" oya="0" hai0="109,87,85,16,75,32,83,35,135,1,54,74,77" hai1="134,19,50,94,63,17,37,111,51,8,100,92,78" hai2="132,88,73,93,18,2,68,98,28,114,10,65,82" hai3="102,21,52,39,12,30,57,127,104,96,5,53,119"/><T91/><D1/><U124/><E37/><V70/><F114/><W26/><G119/><T15/><D135/><U117/><E117/><V29/><F132/><W59/><G39/><T129/><D129/><U118/><E118/><V64/><F70/><W113/><G113/><T89/><D109/><U115/><E115/><V67/><F68/><W128/><G128/><T130/><D130/><U101/><E134/><V58/><F58/><W108/><G108/><T105/><D105/><U122/><E122/><V61/><F61/><W69/><G69/><T55/><D35/><U81/><E111/><V44/><F44/><W123/><G127/><T131/><D32/><U42/><E124/><V62/><F62/><W99/><G123/><T22/><D131/><U116/><E63/><V9/><F2/><W86/><G86/><T25/><D25/><U47/><E51/><V33/><F33/><W34/><G34/><T56/><D55/><N who="3" m="21065" /><G104/><T49/><REACH who="0" step="1"/><D91/><REACH who="0" ten="245,265,235,235" step="2"/><U60/><E116/><V84/><F73/><W110/><G110/><T23/><D23/><U4/><E8/><N who="2" m="3179" /><F18/><W120/><G120/><T40/><D40/><U48/><E17/><V36/><F36/><W13/><G102/><AGARI ba="1,2" hai="28,29,64,65,67,82,84,88,93,98,102" m="3179" machi="102" ten="30,2000,0" yaku="8,1,54,1" doraHai="72" who="2" fromWho="3" sc="245,0,265,0,235,43,235,-23" /><INIT seed="1,0,0,0,5,16" ten="245,265,278,212" oya="1" hai0="75,47,48,119,54,127,41,122,126,74,104,7,109" hai1="59,82,72,1,106,121,17,133,26,110,27,93,108" hai2="105,103,129,10,128,15,76,31,134,60,79,43,89" hai3="8,96,12,68,13,37,78,20,40,135,95,14,117"/><U3/><E121/><V19/><F134/><W69/><G135/><T99/><D119/><U63/><E133/><V30/><F43/><W124/><G124/><N who="0" m="47659" /><D122/><U101/><E106/><V130/><F89/><W44/><G117/><T114/><D114/><U64/><E72/><V39/><F39/><W61/><G78/><N who="2" m="29737" /><F60/><W87/><G87/><T62/><D7/><U36/><E82/><V33/><F33/><W70/><G8/><T77/><D77/><U86/><E36/><V25/><F25/><N who="1" m="9225" /><E17/><V38/><F38/><W80/><G61/><T18/><D18/><U65/><E65/><V85/><F85/><W88/><REACH who="3" step="1"/><G80/><REACH who="3" ten="245,265,278,202" step="2"/><T132/><D132/><U115/><E115/><V11/><F10/><W56/><G56/><N who="0" m="35095" /><D109/><N who="1" m="42091" /><E86/><V120/><F120/><W45/><G45/><T53/><D75/><U123/><E123/><V57/><F57/><W42/><G42/><T94/><D74/><U67/><E67/><V35/><F129/><W51/><G51/><T118/><D118/><U91/><E101/><V111/><F111/><W9/><G9/><T21/><D41/><U55/><E64/><V50/><F130/><W83/><G83/><T49/><D48/><U84/><AGARI ba="0,1" hai="1,3,55,59,63,84,91,93" m="42091,9225" machi="84" ten="30,3000,0" yaku="14,1,10,1" doraHai="16" who="1" fromWho="1" sc="245,-10,265,40,278,-10,202,-10" /><INIT seed="1,1,0,1,2,42" ten="235,305,268,192" oya="1" hai0="84,55,117,31,95,33,109,102,32,112,86,85,12" hai1="65,129,89,36,25,131,90,50,53,118,128,62,111" hai2="34,57,104,51,110,23,9,39,75,15,88,6,59" hai3="30,115,107,133,105,3,13,43,20,130,8,121,122"/><U35/><E118/><V64/><F39/><W116/><G107/><T26/><D117/><U99/><E36/><V38/><F38/><W70/><G105/><T82/><D112/><U4/><E4/><V108/><F34/><W92/><G70/><T77/><D109/><N who="2" m="42090" /><F104/><W114/><G92/><T69/><D69/><N who="1" m="42167" /><E99/><V45/><F75/><W94/><G94/><T97/><D33/><U68/><E68/><V1/><F64/><W103/><G103/><T40/><D40/><U60/><E60/><V132/><F132/><W18/><G43/><T22/><D32/><U67/><E67/><V54/><F88/><N who="1" m="33897" /><E111/><V124/><F124/><W66/><G66/><T16/><REACH who="0" step="1"/><D55/><REACH who="0" ten="225,305,268,192" step="2"/><U76/><E53/><V120/><F120/><N who="3" m="46187" /><G116/><T61/><D61/><U11/><E35/><V100/><F100/><W49/><G115/><T28/><D28/><U63/><E63/><V125/><F125/><W79/><G114/><T135/><D135/><U72/><E129/><V19/><AGARI ba="1,1" hai="1,6,9,15,19,23,45,51,54,57,59" m="42090" machi="19" ten="30,2000,0" yaku="14,1,52,1" doraHai="42" who="2" fromWho="2" sc="225,-6,305,-11,268,33,192,-6" /><INIT seed="2,0,0,3,0,66" ten="219,294,301,186" oya="2" hai0="58,45,23,102,118,124,74,28,114,113,22,105,130" hai1="68,32,127,24,76,94,101,110,64,78,20,81,91" hai2="122,26,33,18,44,0,5,43,27,100,19,83,29" hai3="56,62,80,52,79,82,3,46,84,36,131,21,106"/><V123/><F100/><W85/><G131/><T121/><D118/><U13/><E110/><V57/><F57/><W88/><G106/><T51/><D74/><U109/><E109/><V25/><F83/><W115/><G115/><T116/><D116/><U98/><E127/><V9/><F44/><W93/><G3/><T69/><D124/><U35/><E13/><V10/><F43/><W134/><G134/><T107/><D69/><U11/><E11/><V38/><F38/><W97/><G21/><T47/><D121/><U1/><E1/><V96/><F96/><W34/><G34/><T99/><D107/><U31/><E91/><V72/><F72/><W48/><G36/><T61/><D45/><U42/><E42/><V67/><F67/><W117/><G117/><T86/><D86/><U63/><REACH who="1" step="1"/><E76/><REACH who="1" ten="219,284,301,186" step="2"/><V75/><F10/><W30/><G30/><T15/><D15/><U71/><E71/><V87/><F122/><W60/><REACH who="3" step="1"/><G46/><REACH who="3" ten="219,284,301,176" step="2"/><T92/><D114/><U41/><E41/><V40/><F40/><W104/><G104/><T89/><D113/><U95/><E95/><V111/><F29/><W49/><G49/><T50/><D50/><U126/><E126/><V128/><F111/><W90/><AGARI ba="0,2" hai="48,52,56,60,62,79,80,82,84,85,88,90,93,97" machi="90" ten="20,12000,2" yaku="1,1,0,1,7,1,8,1,54,2,53,0" doraHai="66" doraHaiUra="16" who="3" fromWho="3" sc="219,-30,284,-30,301,-60,176,140" /><INIT seed="3,0,0,2,4,35" ten="189,254,241,316" oya="3" hai0="39,48,16,9,121,37,78,85,60,82,19,22,90" hai1="74,61,76,58,128,131,15,18,55,42,67,113,108" hai2="41,103,91,72,86,28,77,36,111,29,52,79,115" hai3="123,0,97,106,69,75,107,31,56,81,8,84,13"/><W10/><G69/><T119/><D119/><U102/><E108/><V57/><F115/><W94/><G75/><T96/><D121/><U21/><E113/><V87/><F111/><W95/><G95/><T73/><D60/><U125/><E125/><V110/><F110/><W83/><G83/><T130/><D130/><N who="1" m="49707" /><E42/><V53/><F72/><W62/><G10/><T1/><D48/><U54/><E102/><V70/><F70/><W133/><G31/><N who="2" m="11849" /><F41/><W59/><G59/><T50/><D50/><U25/><E25/><V51/><F103/><W47/><G47/><T32/><D32/><U6/><E6/><V46/><F36/><W105/><G105/><T65/><D65/><U14/><E14/><V66/><F66/><W114/><G13/><T89/><D96/><U7/><E7/><V117/><F117/><W20/><G97/><T104/><D104/><U33/><E33/><V93/><F87/><W23/><G84/><T68/><D68/><U44/><E44/><V49/><AGARI ba="0,0" hai="46,49,51,52,53,57,77,79,86,91,93" m="11849" machi="49" ten="30,2000,0" yaku="8,1,54,1" doraHai="35" who="2" fromWho="2" sc="189,-5,254,-5,241,20,316,-10" owari="184,-31.6,249,-15.1,261,6.1,306,40.6" /></mjloggm>