<mjloggm ver="2.3"><GO type="225" lobby="0"/><UN n0="%E3%81%BF%E3%81%BF%E3%81%9A" n1="%E3%81%B5%E3%81%98%E3%81%8B%E3%81%A4" n2="%E3%83%97%E3%83%92" n3="%E3%82%A2%E3%83%BC%E3%83%A2%E3%83%AD%E3%83%BC%E3%83%B4%E3%82%A1" dan="17,16,17,16" rate="2222.50,2206.25,2144.44,2117.86" sx="M,M,M,M"/><TAIKYOKU oya="0"/><INIT seed="0,0,0,2,4,115" ten="250,250,250,250" oya="0" hai0="98,11,93,23,79,60,99,29,101,59,114,9,65" hai1="53,120,61,113,76,54,45,40,32,35,43,105,13" hai2="82,55,125,22,86,26,112,128,75,102,119,94,124" hai3="83,44,47,36,77,103,50,63,107,66,5,4,116"/><T10/><D114/><U16/><E120/><V110/><F112/><W7/><G116/><T64/><D99/><U33/><E105/><V52/><F110/><W96/><G36/><T27/><REACH who="0" step="1"/><D79/><REACH who="0" ten="240,250,250,250" step="2"/><U67/><E113/><V30/><F128/><W91/><G91/><T19/><D19/><U95/><E76/><V132/><F132/><W81/><G77/><T87/><D87/><U111/><E111/><V18/><F75/><W127/><G127/><N who="2" m="48713" /><F119/><W24/><G96/><T41/><D41/><U80/><E43/><V131/><F131/><W104/><G103/><T49/><D49/><U90/><E40/><V28/><F102/><W74/><G50/><T133/><D133/><U122/><E122/><V20/><F94/><W126/><G126/><T134/><D134/><U15/><E95/><V39/><F39/><W46/><G74/><T21/><D21/><U34/><E34/><V37/><F37/><W92/><G92/><T108/><D108/><U17/><E90/><N who="2" m="51543" /><F28/><W0/><G104/><T48/><D48/><N who="1" m="28815" /><E33/><V69/><F69/><W71/><G107/><T58/><D58/><N who="1" m="35031" /><E32/><V2/><F2/><W72/><G0/><T109/><D109/><U57/><E35/><V117/><F117/><W118/><G118/><T6/><D6/><U42/><E42/><V68/><F68/><W73/><G72/><T135/><D135/><U130/><E130/><V89/><F89/><W88/><G73/><T14/><D14/><AGARI ba="0,1" hai="14,18,20,22,26,30,52,55" m="51543,48713" machi="14" ten="30,2000,0" yaku="18,1,54,1" doraHai="115" who="2" fromWho="0" sc="240,-20,250,0,250,30,250,0" /><INIT seed="1,0,0,3,1,93" ten="220,250,280,250" oya="1" hai0="101,77,0,51,50,79,88,66,128,22,114,130,123" hai1="71,26,76,9,86,116,84,112,25,94,34,80,111" hai2="12,83,117,54,43,105,39,31,133,102,46,17,6" hai3="99,32,110,45,37,3,20,82,115,89,104,27,58"/><U53/><E116/><V68/><F117/><W81/><G115/><T36/><D114/><U85/><E112/><V2/><F133/><W78/><G32/><T129/><D36/><U61/><E9/><V56/><F68/><W23/><G3/><T4/><D123/><U122/><E122/><V10/><F31/><W131/><G110/><T120/><D120/><U15/><E111/><V57/><F54/><W48/><G37/><T42/><D66/><U70/><E15/><V90/><F105/><W126/><G58/><T118/><D118/><U113/><E113/><V1/><F102/><W109/><G109/><T55/><D101/><U30/><E25/><V75/><F90/><W107/><G131/><T7/><D22/><U47/><E84/><V92/><F92/><N who="3" m="56719" /><G20/><T97/><D42/><U91/><REACH who="1" step="1"/><E61/><REACH who="1" ten="220,240,280,250" step="2"/><V62/><F62/><W100/><G27/><T103/><D0/><U14/><E14/><V63/><F63/><W52/><G126/><T127/><D127/><U49/><AGARI ba="0,1" hai="26,30,34,47,49,53,70,71,76,80,85,86,91,94" machi="49" ten="30,6000,0" yaku="1,1,0,1,53,1" doraHai="93" doraHaiUra="24" who="1" fromWho="1" sc="220,-20,240,70,280,-20,250,-20" /><INIT seed="1,1,0,4,5,53" ten="200,310,260,230" oya="1" hai0="31,61,109,124,36,54,117,55,0,81,84,129,42" hai1="8,128,80,134,103,91,35,75,87,82,25,77,66" hai2="135,57,110,123,126,101,86,7,89,99,5,131,37" hai3="67,6,88,40,71,70,118,115,104,44,96,13,51"/><U43/><E134/><V47/><F123/><W59/><G115/><T38/><D117/><U74/><E128/><V90/><F135/><W83/><G104/><T111/><D0/><U41/><E103/><V19/><F110/><W105/><G105/><T50/><D31/><U102/><E75/><V56/><F126/><W125/><G125/><T127/><D129/><U22/><E35/><V4/><F37/><N who="0" m="14442" /><D84/><U98/><E66/><V3/><F3/><W15/><G118/><T62/><D81/><U32/><E8/><V85/><F47/><W1/><G1/><T68/><D42/><U17/><REACH who="1" step="1"/><E32/><REACH who="1" ten="200,300,260,230" step="2"/><V48/><F131/><W69/><G6/><T52/><D127/><U2/><E2/><V120/><F101/><W122/><G122/><T76/><D124/><U20/><E20/><V116/><F120/><W106/><G106/><AGARI ba="1,1" hai="17,22,25,41,43,74,77,80,82,87,91,98,102,106" machi="106" ten="30,2900,0" yaku="1,1,7,1,53,0" doraHai="53" doraHaiUra="10" who="1" fromWho="3" sc="200,0,300,42,260,0,230,-32" /><INIT seed="1,2,0,0,1,23" ten="200,342,260,198" oya="1" hai0="114,49,80,130,21,47,84,124,46,66,97,62,70" hai1="64,85,38,16,74,6,76,25,100,28,36,123,87" hai2="95,7,48,116,55,96,3,94,79,40,127,99,75" hai3="81,13,10,29,118,86,45,128,51,122,73,11,115"/><U1/><E123/><V98/><F116/><W102/><G122/><T63/><D124/><U59/><E100/><V67/><F127/><W134/><G115/><T30/><D114/><U4/><E74/><V119/><F119/><W120/><G118/><T69/><D130/><U91/><E76/><V108/><F67/><W14/><G120/><T104/><D70/><U24/><E1/><V82/><F40/><N who="3" m="24999" /><G73/><T133/><D63/><N who="1" m="38015" /><E38/><V19/><F108/><W77/><G134/><T106/><D133/><U131/><E131/><V107/><F107/><W8/><G128/><T33/><D21/><N who="1" m="15407" /><E36/><V129/><F129/><W58/><G102/><N who="0" m="62543" /><D49/><U126/><E126/><V17/><F3/><W18/><G29/><T135/><D135/><U89/><E87/><V61/><F61/><W93/><G58/><T43/><D43/><U105/><E105/><V60/><F60/><W56/><G56/><T22/><D22/><N who="1" m="13383" /><E91/><V52/><F55/><W72/><G72/><T78/><D106/><U117/><E117/><V0/><F0/><W12/><G14/><T57/><D57/><U101/><E101/><V109/><F109/><W42/><G42/><T20/><D20/><U68/><E68/><V5/><F5/><N who="3" m="3087" /><G10/><T113/><D113/><U34/><E34/><V35/><F7/><W125/><G125/><T27/><AGARI ba="2,0" hai="27,30,33,46,47,62,66,69,78,80,84" m="62543" machi="27" ten="30,2000,0" yaku="25,1,52,1" doraHai="23" who="0" fromWho="0" sc="200,26,342,-12,260,-7,198,-7" /><INIT seed="2,0,0,0,1,81" ten="226,330,253,191" oya="2" hai0="80,60,22,117,38,27,44,42,8,101,83,74,45" hai1="114,131,130,112,127,128,58,23,102,47,93,70,32" hai2="18,26,12,90,110,49,89,56,123,16,132,120,9" hai3="10,95,41,79,124,91,31,111,40,135,134,55,11"/><V64/><F132/><N who="3" m="50731" /><G111/><T3/><D101/><U99/><E32/><V98/><F110/><W43/><G124/><T37/><D117/><U53/><E70/><V107/><F107/><W119/><G119/><T72/><D60/><U125/><E47/><V67/><F120/><W52/><G31/><T66/><D66/><N who="2" m="25130" /><F98/><W5/><G79/><T76/><D80/><U75/><E23/><N who="2" m="13671" /><F123/><W133/><N who="3" m="50739" /><W7/><DORA hai="103" /><G10/><T122/><D122/><U106/><E93/><V77/><F77/><W86/><G7/><N who="0" m="1151" /><D44/><U25/><E75/><V6/><F6/><W105/><G105/><T115/><D74/><U92/><E92/><V48/><F56/><W29/><G29/><N who="0" m="17655" /><D37/><U19/><E58/><V0/><F0/><AGARI ba="0,0" hai="0,5,11,40,41,43,52,55,86,91,95" m="50739" machi="0" ten="40,5200,0" yaku="20,1,52,1,54,1" doraHai="81,103" who="3" fromWho="2" sc="226,0,330,0,253,-52,191,52" /><INIT seed="3,0,0,0,0,74" ten="226,330,201,243" oya="3" hai0="98,86,38,45,28,16,121,81,58,129,41,115,64" hai1="65,135,92,126,96,82,59,132,6,18,72,8,73" hai2="26,33,36,107,60,49,128,79,39,90,114,35,67" hai3="29,68,55,110,7,11,95,127,47,112,125,15,30"/><W109/><G68/><T22/><D121/><U23/><E126/><N who="3" m="48138" /><G95/><T87/><D129/><U97/><E97/><V48/><F114/><W117/><G55/><T25/><D115/><U70/><E59/><V111/><F107/><W43/><G112/><T108/><D108/><N who="3" m="41577" /><G117/><T93/><D58/><U77/><E65/><V91/><F111/><W89/><G89/><T46/><D64/><U5/><E70/><V21/><F128/><W113/><G113/><T27/><D45/><U124/><E124/><V120/><F120/><W133/><G133/><N who="1" m="51274" /><E8/><V83/><F90/><W119/><G119/><T31/><D27/><N who="1" m="14839" /><E72/><V102/><F102/><AGARI ba="0,0" hai="5,6,73,77,82,92,96,102" m="14839,51274" machi="102" ten="30,2000,0" yaku="20,1,52,1" doraHai="74" who="1" fromWho="2" sc="226,0,330,20,201,-20,243,0" owari="226,-17.4,350,45.0,181,-31.9,243,4.3" /></mjloggm>