<mjloggm ver="2.3"><GO type="225" lobby="0"/><UN n0="%E3%83%A9%E3%83%BC%E3%83%A1%E3%83%B3%E4%BA%94%E9%83%8E" n1="%E8%A8%88%E7%AE%97%E6%A9%9F%E8%87%AA%E7%84%B6" n2="%E9%89%A2%E5%B7%BB%E3%82%AC%E3%83%96" n3="%E6%80%AA%E3%81%97%E3%81%99%E3%81%8E%E3%82%8B%E3%83%81%E3%83%BC" dan="16,17,16,16" rate="2063.45,2249.83,2134.17,2130.63" sx="M,M,M,M"/><TAIKYOKU oya="0"/><INIT seed="0,0,0,2,2,64" ten="250,250,250,250" oya="0" hai0="56,72,93,111,34,38,53,50,44,95,23,106,47" hai1="61,65,2,33,83,79,21,39,82,94,18,124,49" hai2="101,89,20,88,81,55,26,68,107,25,66,46,76" hai3="115,104,24,100,70,5,102,14,109,71,97,27,117"/><T42/><D34/><U69/><E39/><V10/><F101/><W30/><G115/><T16/><D72/><U121/><E121/><V6/><F107/><W98/><G117/><T17/><D106/><U58/><E33/><V135/><F135/><W113/><G113/><T77/><D111/><U75/><E2/><V0/><F55/><W62/><G109/><T37/><D77/><U13/><E124/><V9/><F9/><W132/><G132/><T92/><REACH who="0" step="1"/><D23/><REACH who="0" ten="240,250,250,250" step="2"/><U118/><E75/><V130/><F76/><W105/><G62/><T119/><D119/><U122/><E118/><V120/><F20/><W1/><G1/><T91/><D91/><U129/><E79/><V31/><F89/><W116/><G116/><T134/><D134/><U87/><E21/><V3/><F88/><W128/><G128/><T86/><D86/><U63/><E87/><V78/><F130/><W32/><G27/><T59/><D59/><U54/><E58/><V7/><F25/><W99/><G99/><T108/><D108/><U80/><E129/><V114/><F26/><W84/><G84/><T12/><D12/><U67/><E13/><V28/><F114/><W74/><G74/><T29/><D29/><U73/><E73/><N who="2" m="43215" /><F31/><W90/><G90/><T40/><AGARI ba="0,1" hai="16,17,37,38,40,42,44,47,50,53,56,92,93,95" machi="40" ten="30,11700,0" yaku="1,1,0,1,9,1,54,1,53,0" doraHai="64" doraHaiUra="11" who="0" fromWho="0" sc="240,127,250,-39,250,-39,250,-39" /><INIT seed="0,1,0,0,5,95" ten="367,211,211,211" oya="0" hai0="97,131,114,66,72,121,43,92,19,5,25,16,67" hai1="127,94,111,51,84,107,74,52,42,77,20,44,62" hai2="103,33,134,99,41,82,70,110,47,69,122,63,76" hai3="96,98,73,83,104,48,13,53,10,130,7,8,29"/><T39/><D114/><U3/><E107/><V17/><F122/><W59/><G130/><T28/><D121/><U54/><E3/><V58/><F110/><W105/><G29/><T14/><D72/><U85/><E111/><V60/><F134/><W18/><G104/><T91/><D5/><U89/><E127/><V11/><F33/><W106/><G105/><T124/><D124/><U132/><E74/><V135/><F17/><W115/><G106/><T112/><D112/><U118/><E118/><V88/><F11/><W86/><G73/><T0/><D0/><U49/><E132/><V81/><F103/><W108/><G115/><T38/><D38/><U36/><E36/><V37/><F60/><W116/><G116/><T78/><D78/><U40/><E62/><V129/><F129/><W32/><G32/><T34/><D19/><U100/><E100/><V79/><F135/><W15/><G108/><T55/><D55/><U56/><REACH who="1" step="1"/><E20/><REACH who="1" ten="367,201,211,211" step="2"/><V133/><F133/><W9/><REACH who="3" step="1"/><G9/><REACH who="3" ten="367,201,211,201" step="2"/><T27/><D131/><U80/><AGARI ba="1,2" hai="40,42,44,49,51,52,54,56,77,80,84,85,89,94" machi="80" ten="30,8000,1" yaku="1,1,2,1,0,1,8,1,54,1,53,0" doraHai="95" doraHaiUra="26" who="1" fromWho="1" sc="367,-41,201,103,211,-21,201,-21" /><INIT seed="1,0,0,2,3,39" ten="326,304,190,180" oya="1" hai0="45,53,112,40,99,89,66,26,135,63,43,11,107" hai1="36,116,73,13,108,16,100,23,95,30,29,33,5" hai2="77,102,35,75,104,12,69,120,67,85,86,14,127" hai3="20,88,125,62,37,0,130,134,65,94,46,1,54"/><U15/><E73/><V7/><F120/><W101/><G130/><T32/><D112/><U121/><E121/><V57/><F57/><W48/><G125/><T117/><D117/><U58/><E116/><V19/><F7/><W80/><G134/><T4/><D135/><U110/><E36/><V71/><F35/><W93/><G37/><T109/><D109/><N who="1" m="42091" /><E58/><V90/><F67/><W3/><G101/><N who="0" m="62911" /><D89/><U47/><E47/><V126/><F90/><W96/><G20/><T55/><D11/><N who="1" m="4335" /><E33/><V28/><F19/><W70/><G80/><T2/><D4/><U131/><E131/><V128/><F75/><W50/><G94/><T119/><D119/><U59/><E59/><V91/><F91/><W113/><REACH who="3" step="1"/><G48/><REACH who="3" ten="326,304,190,170" step="2"/><T18/><D32/><U52/><E100/><V51/><F102/><W87/><G87/><T9/><D9/><U106/><E95/><V34/><F34/><W92/><G92/><T8/><D8/><U79/><E106/><V124/><F104/><W74/><G74/><T115/><D115/><AGARI ba="0,1" hai="0,1,3,46,50,54,62,65,70,88,93,96,113,115" machi="115" ten="40,5200,0" yaku="1,1,54,1,53,1" doraHai="39" doraHaiUra="44" who="3" fromWho="0" sc="326,-52,304,0,190,0,170,62" /><INIT seed="2,0,0,4,5,52" ten="274,304,190,232" oya="2" hai0="87,132,111,74,113,127,8,75,115,40,73,4,92" hai1="106,34,15,117,26,5,21,107,55,33,104,58,103" hai2="3,110,135,14,1,60,30,81,82,131,77,108,12" hai3="78,128,105,54,61,97,22,2,0,90,37,119,17"/><V94/><F131/><W27/><G119/><T45/><D111/><N who="2" m="42538" /><F30/><W88/><G128/><T51/><D132/><U65/><E117/><V89/><F135/><W99/><G37/><T47/><D127/><U7/><E33/><V122/><F122/><W70/><G78/><T86/><D47/><U24/><E34/><V42/><F42/><W83/><G83/><N who="2" m="31753" /><F77/><W10/><G105/><T39/><D39/><U25/><E106/><V130/><F130/><W101/><G101/><T44/><D44/><U116/><E104/><V43/><F43/><W95/><G97/><T80/><D92/><U23/><E107/><V56/><F1/><W102/><G2/><T96/><D74/><U91/><E116/><V118/><F3/><W98/><G98/><T76/><D96/><U64/><E103/><V50/><F50/><W59/><REACH who="3" step="1"/><G70/><REACH who="3" ten="274,304,190,222" step="2"/><T31/><D73/><U46/><E91/><V112/><F112/><W67/><G67/><T100/><D115/><U120/><E64/><N who="2" m="38919" /><F118/><W69/><G69/><T49/><D113/><U20/><E120/><V41/><F41/><W32/><G32/><T133/><D76/><U123/><E123/><V121/><F121/><W36/><G36/><T129/><D75/><U109/><E109/><V93/><F93/><W124/><G124/><T11/><D129/><U85/><E65/><V63/><F63/><W68/><G68/><T18/><D40/><U62/><E62/><V28/><F28/><W71/><G71/><T48/><D31/><U126/><E126/><V29/><F29/><W38/><G38/><T53/><D133/><U13/><E55/><RYUUKYOKU ba="0,1" sc="274,-15,304,-15,190,15,222,15" hai2="12,14,89,94" hai3="0,10,17,22,27,54,59,61,88,90,95,99,102" /><INIT seed="2,1,1,3,3,111" ten="259,289,205,237" oya="2" hai0="13,129,26,97,22,46,68,116,60,74,107,69,112" hai1="2,49,54,82,6,106,131,85,91,45,125,51,59" hai2="29,9,92,24,118,70,113,52,38,124,62,40,39" hai3="58,35,96,78,43,77,103,81,16,72,133,21,89"/><V120/><F118/><W84/><G133/><T44/><D74/><U105/><E131/><V98/><F120/><W36/><G35/><T110/><D129/><U121/><E121/><V8/><F124/><W94/><G72/><T50/><D110/><U37/><E37/><V30/><F113/><W93/><G36/><T19/><D112/><U64/><E125/><V53/><F40/><W71/><G71/><T27/><D44/><U122/><E122/><V101/><F39/><W83/><G43/><T76/><D76/><N who="3" m="29289" /><G58/><T127/><D127/><U57/><E64/><V5/><F38/><W135/><G135/><T95/><D107/><U31/><E31/><V32/><F30/><W114/><G114/><T115/><D115/><U33/><E33/><V65/><REACH who="2" step="1"/><F9/><REACH who="2" ten="259,289,195,237" step="2"/><W0/><G0/><AGARI ba="1,2" hai="0,5,8,24,29,32,52,53,62,65,70,92,98,101" machi="0" ten="30,12000,1" yaku="1,1,2,1,7,1,54,1,53,1" doraHai="111" doraHaiUra="61" who="2" fromWho="3" sc="259,0,289,0,195,143,237,-123" /><INIT seed="2,2,0,5,4,59" ten="259,289,338,114" oya="2" hai0="127,38,119,21,68,60,118,108,30,53,18,81,90" hai1="85,10,134,24,9,72,15,132,23,1,57,56,37" hai2="0,65,20,89,104,70,17,67,86,129,99,43,32" hai3="124,51,100,6,116,123,110,52,54,83,106,62,34"/><V74/><F74/><W45/><G116/><N who="0" m="44587" /><D108/><U14/><E72/><V5/><F32/><W16/><G123/><T96/><D127/><U130/><E37/><V55/><F70/><W41/><G124/><T111/><D111/><U11/><E1/><V95/><F43/><W87/><G110/><T88/><D38/><U58/><E130/><V114/><F114/><W69/><G34/><T36/><D36/><U131/><E131/><V73/><F73/><W102/><G6/><T49/><D30/><N who="1" m="17695" /><E85/><V75/><F75/><W47/><G106/><T31/><D31/><U115/><E115/><V109/><F5/><W25/><G47/><N who="0" m="27839" /><D81/><U7/><E7/><V35/><F35/><W42/><G69/><T33/><D96/><U105/><E105/><V8/><F8/><W122/><G122/><T46/><D46/><U50/><E50/><V117/><F117/><W22/><G42/><T19/><D33/><U84/><E84/><V98/><F98/><W64/><G64/><N who="0" m="40967" /><D18/><U71/><E71/><V107/><F107/><W40/><G40/><T91/><D91/><U61/><E61/><V79/><F109/><W26/><G26/><AGARI ba="2,0" hai="19,21,26,88,90" m="40967,27839,44587" machi="26" ten="30,3900,0" yaku="12,1,52,1,54,1" doraHai="59" who="0" fromWho="3" sc="259,45,289,0,338,0,114,-45" /><INIT seed="3,0,0,4,5,30" ten="304,289,338,69" oya="3" hai0="94,119,24,54,31,32,120,105,95,97,73,53,38" hai1="85,113,92,121,42,125,101,93,118,122,56,16,9" hai2="46,83,33,108,135,70,111,132,67,72,117,36,29" hai3="51,112,133,77,47,130,131,62,78,57,21,61,59"/><W49/><G21/><T114/><D119/><U134/><E113/><V19/><F117/><W52/><G112/><T76/><D120/><U89/><E118/><V7/><F7/><W102/><G102/><T12/><D38/><U109/><E109/><N who="2" m="42059" /><F19/><W50/><G78/><T103/><D114/><U90/><E125/><V25/><F83/><W20/><G20/><T81/><D12/><U106/><E134/><V116/><F72/><W58/><G77/><T11/><D11/><U124/><E124/><V75/><F75/><W107/><G107/><T60/><D60/><N who="3" m="23145" /><G133/><T98/><D105/><U35/><E106/><V2/><F2/><W23/><G23/><T128/><D128/><AGARI ba="0,0" hai="47,49,50,51,52,57,58,59,128,130,131" m="23145" machi="128" ten="30,11600,0" yaku="19,1,34,2,54,1" doraHai="30" who="3" fromWho="0" sc="304,-116,289,0,338,0,69,116" /><INIT seed="3,1,0,4,0,25" ten="188,289,338,185" oya="3" hai0="98,114,80,29,3,60,51,88,105,130,81,21,129" hai1="89,33,109,56,71,131,87,47,45,63,26,76,70" hai2="7,1,39,43,27,115,99,46,103,93,85,38,94" hai3="22,86,44,40,54,12,119,66,117,36,50,18,10"/><W91/><G66/><T92/><D114/><U28/><E109/><V77/><F115/><W104/><G104/><T108/><D108/><U97/><E131/><N who="0" m="50185" /><D3/><U49/><E76/><V132/><F132/><W15/><G15/><T20/><D105/><U79/><E79/><V110/><F27/><W62/><G62/><T125/><D125/><U78/><E78/><V113/><F113/><W48/><G36/><T75/><D75/><U84/><E97/><V72/><F38/><W126/><G126/><T19/><D51/><U14/><E14/><V68/><F68/><W122/><G122/><T127/><D127/><U73/><E73/><V102/><F85/><W61/><G61/><T35/><D60/><U111/><E84/><V134/><F134/><W37/><G37/><T69/><D69/><U59/><E47/><V90/><F94/><W13/><G13/><N who="0" m="9327" /><D35/><U74/><E74/><V101/><F101/><W8/><G117/><T52/><D52/><U82/><E111/><V24/><F24/><AGARI ba="1,0" hai="21,24,29,80,81,88,92,98" m="9327,50185" machi="24" ten="30,3900,0" yaku="19,1,52,1,54,1" doraHai="25" who="0" fromWho="2" sc="188,42,289,0,338,-42,185,0" /><INIT seed="4,0,0,4,3,105" ten="230,289,296,185" oya="0" hai0="133,71,92,45,110,11,129,31,56,6,131,25,106" hai1="53,120,121,114,115,99,38,63,18,91,49,52,104" hai2="14,64,15,13,65,33,36,46,113,124,58,32,1" hai3="75,111,134,9,28,12,80,83,24,3,88,2,47"/><T44/><D106/><U82/><E38/><V93/><F1/><W127/><G111/><T40/><D71/><U66/><E18/><V128/><F113/><N who="1" m="43017" /><E82/><V94/><F128/><N who="0" m="49226" /><D110/><U125/><E125/><V55/><F124/><W4/><G127/><T95/><D133/><U27/><E27/><V37/><F37/><W74/><G134/><T85/><D56/><N who="1" m="32783" /><E53/><V130/><F130/><W68/><G68/><T57/><D57/><N who="1" m="37231" /><E91/><V81/><F81/><W118/><G118/><T26/><D40/><U86/><E86/><V108/><F108/><W22/><G47/><N who="0" m="17995" /><D85/><U60/><E60/><V70/><F70/><W39/><G39/><T29/><D26/><U16/><E16/><V30/><F65/><W102/><G102/><AGARI ba="0,0" hai="99,102,104,120,121" m="37231,32783,43017" machi="102" ten="30,3900,0" yaku="15,1,11,1,54,1" doraHai="105" who="1" fromWho="3" sc="230,0,289,39,296,0,185,-39" owari="230,-17.0,328,42.8,296,9.6,146,-35.4" /></mjloggm>