<mjloggm ver="2.3"><GO type="225" lobby="0"/><UN n0="%E5%86%B7%E5%87%8D%E3%82%AE%E3%83%A7%E3%83%BC%E3%82%B6" n1="%E4%B8%AD%E5%B9%B4%E3%81%AE%E5%8D%B1%E6%A9%9F" n2="%E3%83%B4%E3%83%A0%EF%BC%99%E3%81%A6" n3="%E3%82%A2%E3%82%A4%E3%82%B9%E3%83%86%E3%82%A3%E3%83%BC%E3%81%82%E3%81%B9" dan="16,17,17,16" rate="2125.76,2220.41,2125.98,2091.55" sx="M,M,M,M"/><TAIKYOKU oya="0"/><INIT seed="0,0,0,3,5,88" ten="250,250,250,250" oya="0" hai0="32,108,63,46,77,109,17,37,50,48,112,84,128" hai1="107,97,106,39,30,35,89,8,41,16,101,98,36" hai2="34,13,58,96,20,64,42,82,49,87,51,26,7" hai3="78,6,33,125,55,23,71,76,2,5,75,79,73"/><T111/><D112/><U61/><E35/><V12/><F34/><W100/><G33/><T31/><D128/><U72/><E72/><V69/><F69/><W130/><G71/><T14/><D63/><U119/><E119/><V68/><F68/><W105/><G130/><T132/><D132/><U120/><E30/><V116/><F116/><W21/><G100/><T99/><D99/><U62/><E120/><V67/><F96/><W134/><G105/><T54/><D37/><U118/><E118/><V81/><F42/><W4/><G2/><T90/><D50/><U117/><E117/><V25/><F20/><N who="3" m="7755" /><G55/><T45/><D77/><U95/><E107/><V135/><F87/><W83/><G83/><T74/><D74/><N who="3" m="28169" /><G134/><T56/><D31/><U38/><REACH who="1" step="1"/><E41/><REACH who="1" ten="250,240,250,250" step="2"/><V121/><F121/><W133/><G133/><T131/><D32/><U53/><E53/><V86/><F135/><W103/><G103/><T123/><D131/><U93/><E93/><V27/><F64/><W129/><G129/><T19/><D123/><U91/><E91/><V22/><F67/><W40/><G40/><T65/><D65/><U3/><E3/><V126/><F82/><W114/><G114/><T10/><REACH who="0" step="1"/><D19/><REACH who="0" ten="240,240,250,250" step="2"/><U85/><E85/><V11/><F86/><W59/><G79/><T18/><D18/><U66/><E66/><V29/><F29/><W24/><G78/><T115/><D115/><U57/><E57/><V122/><F58/><W110/><G76/><T94/><AGARI ba="0,2" hai="10,14,17,45,46,48,54,56,84,90,94,108,109,111" machi="94" ten="30,12000,1" yaku="1,1,0,1,14,1,10,1,52,1,53,0" doraHai="88" doraHaiUra="1" who="0" fromWho="0" sc="240,140,240,-40,250,-40,250,-40" /><INIT seed="0,1,0,5,2,5" ten="380,200,210,210" oya="0" hai0="132,119,104,34,26,30,22,82,61,128,74,59,123" hai1="95,135,12,73,16,86,83,45,41,67,39,94,32" hai2="121,81,72,120,77,15,0,18,25,89,117,97,100" hai3="20,113,111,125,106,69,58,71,88,6,10,9,51"/><T7/><D119/><U110/><E110/><V105/><F117/><W13/><G113/><T23/><D123/><U85/><E32/><V84/><F0/><W109/><G106/><T130/><D104/><U93/><E67/><V134/><F25/><W66/><G125/><T98/><D98/><U56/><E56/><V28/><F28/><W60/><G20/><T65/><D132/><U108/><E108/><N who="3" m="41546" /><G51/><T133/><D133/><U54/><E54/><V57/><F57/><W55/><G55/><T14/><D74/><U114/><E135/><V64/><F134/><W43/><G43/><T8/><REACH who="0" step="1"/><D82/><REACH who="0" ten="370,200,210,210" step="2"/><U112/><E73/><V62/><F120/><W48/><G48/><T78/><D78/><U107/><E107/><V29/><F121/><W70/><G88/><T96/><D96/><U103/><E103/><V38/><F89/><W118/><G118/><T40/><D40/><U87/><REACH who="1" step="1"/><E83/><REACH who="1" ten="370,190,210,210" step="2"/><V21/><F81/><W42/><G42/><T27/><D27/><U44/><E44/><V2/><F100/><W11/><AGARI ba="1,2" hai="6,9,10,11,13,58,60,66,69,70,71" m="41546" machi="11" ten="40,8000,1" yaku="14,1,52,3" doraHai="5" who="3" fromWho="3" sc="370,-41,190,-21,210,-21,210,103" /><INIT seed="1,0,0,5,0,31" ten="329,169,189,313" oya="1" hai0="57,26,15,110,7,114,82,22,39,41,120,24,63" hai1="97,124,40,89,76,68,69,103,111,85,84,10,58" hai2="101,100,122,13,51,1,91,117,28,64,35,81,37" hai3="33,95,116,104,96,59,2,126,86,5,107,4,44"/><U25/><E124/><V106/><F122/><W131/><G33/><T27/><D114/><U134/><E134/><V132/><F1/><W121/><G121/><T109/><D120/><U79/><E40/><V128/><F37/><W71/><G71/><T135/><D135/><U23/><E111/><N who="0" m="42505" /><D82/><U14/><E68/><V19/><F117/><W11/><G126/><T130/><D130/><U18/><E69/><V90/><F128/><W49/><G131/><T16/><D41/><U98/><E58/><V30/><F64/><W78/><G5/><T36/><D7/><U133/><E133/><V53/><F30/><W112/><G112/><T61/><D61/><U46/><E46/><V108/><F108/><W75/><G75/><T127/><D127/><U55/><E55/><AGARI ba="0,0" hai="15,16,22,24,26,27,36,39,55,57,63" m="42505" machi="55" ten="30,2000,0" yaku="14,1,54,1" doraHai="31" who="0" fromWho="1" sc="329,20,169,-20,189,0,313,0" /><INIT seed="2,0,0,5,5,4" ten="349,149,189,313" oya="2" hai0="107,103,15,76,83,125,98,62,99,102,50,37,80" hai1="19,87,89,130,100,74,59,68,29,119,45,85,0" hai2="14,26,108,116,51,113,8,77,39,47,23,21,52" hai3="94,115,86,43,57,22,109,134,133,31,70,132,79"/><V35/><F113/><W106/><G106/><T131/><D37/><U44/><E68/><V24/><F116/><W30/><G70/><T12/><D125/><U96/><E74/><V7/><F108/><W38/><G109/><T88/><D131/><U18/><E130/><V20/><F35/><W3/><G3/><T110/><D110/><U60/><E0/><V69/><F69/><W16/><G115/><T2/><D2/><U9/><E29/><V13/><F39/><W1/><G1/><T112/><D112/><U64/><E119/><V82/><REACH who="2" step="1"/><F13/><REACH who="2" ten="349,149,179,313" step="2"/><W121/><G38/><T56/><D12/><N who="1" m="7439" /><E87/><AGARI ba="0,1" hai="7,8,14,20,21,23,24,26,47,51,52,77,82,87" machi="87" ten="40,12000,1" yaku="1,1,8,1,52,1,54,1,53,0" doraHai="4" doraHaiUra="32" who="2" fromWho="1" sc="349,0,149,-120,179,130,313,0" /><INIT seed="2,1,0,1,1,63" ten="349,29,309,313" oya="2" hai0="112,123,72,43,86,75,1,17,127,41,102,8,79" hai1="83,120,126,130,84,87,128,106,104,132,9,78,5" hai2="110,89,65,57,36,0,22,69,94,29,21,10,61" hai3="108,93,7,96,82,35,38,64,14,39,133,80,16"/><V50/><F36/><W34/><G108/><T6/><D112/><U116/><E9/><V12/><F110/><W113/><G7/><T70/><D123/><U23/><E23/><V115/><F115/><W95/><G113/><T27/><D70/><U111/><E5/><V60/><F0/><W47/><G133/><T73/><D102/><U56/><E56/><V103/><F50/><W76/><G64/><T105/><D105/><U3/><E3/><V11/><F103/><W90/><G95/><T62/><D127/><U24/><E24/><V100/><F100/><W98/><G98/><T40/><D62/><U114/><E83/><V49/><F49/><W52/><G82/><T71/><D71/><U101/><E101/><V54/><F29/><W135/><G135/><T91/><D79/><U55/><E55/><V131/><F131/><W25/><G52/><T4/><D4/><U15/><E15/><V45/><F45/><W46/><G47/><T28/><D17/><U66/><E66/><V97/><REACH who="2" step="1"/><F10/><REACH who="2" ten="349,29,299,313" step="2"/><W124/><G46/><T68/><D68/><U31/><E87/><V26/><F26/><W81/><G25/><T51/><D51/><U44/><E84/><V37/><F37/><W32/><G124/><T121/><D121/><U129/><E44/><V109/><F109/><W88/><G88/><T99/><D99/><U19/><E31/><V18/><AGARI ba="1,1" hai="11,12,18,21,22,54,57,60,61,65,69,89,94,97" machi="18" ten="20,7800,0" yaku="1,1,0,1,7,1,52,1,53,0" doraHai="63" doraHaiUra="118" who="2" fromWho="2" sc="349,-27,29,-27,299,91,313,-27" /><INIT seed="2,2,0,5,4,60" ten="322,2,390,286" oya="2" hai0="76,49,97,110,58,134,102,34,54,93,135,81,132" hai1="3,73,15,83,89,77,50,114,127,125,14,106,19" hai2="6,129,30,101,10,55,69,20,1,112,82,99,79" hai3="29,105,40,56,53,108,51,11,126,123,104,24,22"/><V107/><F112/><W131/><G123/><T87/><REACH who="0" step="1"/><D34/><REACH who="0" ten="312,2,390,286" step="2"/><U62/><E89/><V32/><F129/><W5/><G131/><T71/><D71/><U8/><E15/><V88/><F69/><W12/><G108/><AGARI ba="2,1" hai="49,54,58,76,81,87,93,97,102,108,110,132,134,135" machi="108" ten="50,8000,1" yaku="21,2,20,1,53,1" doraHai="60" doraHaiUra="46" who="0" fromWho="3" sc="312,96,2,0,390,0,286,-86" /><INIT seed="3,0,0,0,5,77" ten="408,2,390,200" oya="3" hai0="17,96,112,130,23,26,104,87,57,119,63,28,83" hai1="134,114,95,116,34,73,118,45,16,132,41,56,1" hai2="47,115,58,44,60,121,24,59,53,43,71,133,4" hai3="101,70,54,40,99,33,128,84,6,85,91,27,72"/><W32/><G72/><T123/><D119/><N who="1" m="45611" /><E16/><V65/><F4/><W25/><G128/><T89/><D123/><U92/><E56/><V122/><F24/><W14/><G70/><T108/><D108/><U69/><E69/><V68/><F115/><W12/><G40/><T135/><D135/><N who="1" m="51755" /><E1/><V20/><F20/><W110/><G91/><T129/><D112/><U113/><E34/><V10/><F10/><W9/><G110/><T61/><D28/><U76/><E92/><V109/><F133/><W100/><G54/><T88/><D61/><U29/><E95/><V13/><F13/><W42/><G99/><T82/><D104/><U117/><N who="1" m="45619" /><U49/><DORA hai="50" /><E29/><V78/><F78/><W36/><G42/><T35/><D35/><U90/><E90/><V30/><F30/><W19/><G19/><T120/><D120/><N who="2" m="46186" /><F109/><W39/><G9/><T107/><D107/><U5/><E5/><V22/><F22/><W81/><REACH who="3" step="1"/><G6/><REACH who="3" ten="408,2,390,190" step="2"/><T106/><D96/><U51/><E76/><V127/><F127/><W105/><G105/><T0/><D106/><U75/><E75/><V66/><F66/><W111/><G111/><T80/><D89/><U67/><E73/><V93/><F68/><W8/><G8/><T15/><D88/><U21/><E67/><V102/><F43/><W98/><G98/><T55/><D87/><U38/><E21/><V11/><F11/><W131/><G131/><N who="0" m="50187" /><D0/><U37/><E37/><V97/><F71/><W2/><G2/><T7/><D7/><U124/><E124/><V64/><F65/><W3/><G3/><T52/><D55/><RYUUKYOKU ba="0,1" sc="408,0,2,0,390,0,190,0" hai0="15,17,23,26,52,57,63,80,82,83" hai1="38,41,45,49,51,113,114" hai2="44,47,53,58,59,60,64,93,97,102" hai3="12,14,25,27,32,33,36,39,81,84,85,100,101" /><INIT seed="3,1,1,5,3,55" ten="408,2,390,190" oya="3" hai0="73,13,47,43,107,119,34,31,25,8,87,38,41" hai1="54,10,5,9,102,60,48,20,92,103,3,0,132" hai2="50,78,58,11,66,17,51,2,26,90,62,124,49" hai3="63,56,23,16,128,33,72,98,45,106,37,131,18"/><W15/><G72/><T120/><D119/><U126/><E132/><V111/><F111/><W118/><G33/><T76/><D120/><U109/><E126/><V82/><F124/><W52/><G118/><T100/><D41/><U61/><E109/><V125/><F125/><W44/><G37/><T24/><D24/><U101/><E20/><N who="2" m="13583" /><F2/><N who="1" m="553" /><E92/><V6/><F6/><W77/><G77/><T130/><D73/><U116/><E116/><V113/><F113/><W46/><G106/><T99/><D130/><N who="3" m="49705" /><G18/><T91/><D76/><U117/><E5/><V70/><F70/><W112/><G98/><T114/><D114/><AGARI ba="1,1" hai="15,16,23,44,45,46,52,56,63,112,114" m="49705" machi="114" ten="30,11600,0" yaku="19,1,52,1,54,2" doraHai="55" who="3" fromWho="0" sc="408,-119,2,0,390,0,190,129" /><INIT seed="3,2,0,1,0,77" ten="289,2,390,319" oya="3" hai0="91,44,16,66,115,41,25,126,8,107,7,4,74" hai1="125,112,54,24,55,118,52,88,98,82,37,58,129" hai2="99,43,132,85,6,111,95,56,51,134,83,28,70" hai3="80,45,135,32,14,90,50,94,86,33,71,27,89"/><W113/><G135/><N who="2" m="51753" /><F111/><W76/><G71/><T73/><D115/><U78/><E52/><N who="2" m="31775" /><F70/><W133/><G133/><T35/><D126/><U31/><E88/><N who="2" m="51263" /><F28/><W122/><G113/><T38/><D107/><U81/><E24/><V63/><F63/><W75/><G122/><T22/><D66/><U15/><E54/><V101/><F6/><W47/><G47/><T123/><D123/><U72/><E15/><V114/><F114/><W105/><G14/><T124/><D124/><U64/><E82/><V120/><F120/><W9/><G27/><T92/><D35/><U62/><E81/><V39/><F39/><W69/><G69/><T84/><REACH who="0" step="1"/><D4/><REACH who="0" ten="279,2,390,319" step="2"/><U119/><E55/><V53/><F53/><W109/><G33/><T36/><D36/><U34/><E98/><V131/><F43/><W29/><G32/><T26/><D26/><U103/><E103/><V10/><F10/><W5/><G105/><T65/><D65/><U93/><E93/><V13/><F13/><AGARI ba="2,1" hai="7,8,13,16,22,25,38,41,44,73,74,84,91,92" machi="13" ten="30,7700,0" yaku="1,1,7,1,54,1,53,1" doraHai="77" doraHaiUra="0" who="0" fromWho="2" sc="279,93,2,0,390,-83,319,0" owari="372,47.2,2,-49.8,307,-9.3,319,11.9" /></mjloggm>