<mjloggm ver="2.3"><GO type="225" lobby="0"/><UN n0="%E7%89%8C%E6%B5%81%E7%8A%B6%E6%85%8B%E9%BA%BB%E9%9B%80" n1="%E3%83%81%E3%83%83%E3%82%BF%E3%82%BD%E3%83%BC" n2="%4C%4F%4C%49%54%41" n3="%E6%B8%A9%E2%98%85%E6%83%85%E2%98%85%E6%8E%AA%E2%98%85%E7%BD%AE" dan="16,17,16,17" rate="2142.02,2179.24,2169.56,2160.70" sx="M,F,F,M"/><TAIKYOKU oya="0"/><INIT seed="0,0,0,4,5,32" ten="250,250,250,250" oya="0" hai0="127,60,5,57,95,51,48,89,8,18,116,105,17" hai1="28,96,93,88,37,13,15,58,63,106,74,70,42" hai2="123,56,73,11,1,46,132,122,23,40,92,76,31" hai3="82,47,26,25,124,91,125,100,129,68,134,38,61"/><T114/><D114/><U84/><E74/><V133/><F56/><W128/><G100/><T16/><D105/><U72/><E72/><V135/><F92/><W43/><G134/><T81/><D81/><U112/><E112/><V54/><F54/><W117/><G117/><T33/><D33/><U66/><E28/><V130/><F130/><N who="3" m="50283" /><G68/><T111/><D127/><N who="3" m="48713" /><G61/><T103/><D103/><U41/><E37/><N who="2" m="21775" /><F23/><W110/><G110/><T29/><D29/><U20/><E70/><V118/><F31/><W36/><G38/><T109/><D116/><U24/><E106/><V4/><F118/><W83/><G83/><AGARI ba="0,0" hai="1,4,11,73,76,83,122,123,132,133,135" m="21775" machi="83" ten="30,7700,0" yaku="25,1,20,1,23,1,52,1" doraHai="32" who="2" fromWho="3" sc="250,0,250,0,250,77,250,-77" /><INIT seed="1,0,0,0,5,12" ten="250,250,327,173" oya="1" hai0="42,49,20,131,99,77,80,78,73,121,58,88,134" hai1="47,25,39,14,130,11,5,119,63,2,100,120,124" hai2="15,9,55,75,110,6,91,40,54,108,62,98,37" hai3="125,68,97,56,112,86,79,32,127,29,83,48,72"/><U70/><E119/><V57/><F75/><W3/><G3/><T101/><D131/><U7/><E130/><V69/><F69/><W113/><G68/><T135/><D121/><U31/><E124/><N who="3" m="47690" /><G48/><T26/><D77/><U90/><E120/><V18/><F55/><W44/><G56/><T8/><D8/><U59/><E70/><V35/><F35/><W132/><G44/><T107/><D58/><U92/><E100/><V94/><F40/><W96/><G29/><T85/><D49/><U38/><E47/><V89/><F37/><W115/><G32/><T74/><D42/><U16/><E39/><V24/><F91/><N who="3" m="51679" /><G132/><N who="0" m="50731" /><D78/><U82/><E38/><V114/><F114/><N who="3" m="29187" /><W104/><DORA hai="76" /><G104/><T19/><AGARI ba="0,0" hai="19,20,26,73,74,80,85,88,99,101,107" m="50731" machi="19" ten="30,7900,0" yaku="20,1,52,2,54,1" doraHai="12,76" who="0" fromWho="0" sc="250,79,250,-39,327,-20,173,-20" /><INIT seed="2,0,0,0,1,134" ten="329,211,307,153" oya="2" hai0="110,60,123,6,122,135,8,14,76,100,68,54,130" hai1="129,91,28,116,52,2,126,12,102,119,15,39,114" hai2="5,77,95,93,57,81,98,71,29,61,17,10,85" hai3="4,34,124,0,83,82,51,125,78,20,32,38,31"/><V73/><F71/><W108/><G38/><T62/><D135/><U41/><E2/><V128/><F128/><W22/><G108/><T1/><D110/><U64/><E64/><V55/><F29/><W79/><G51/><T104/><D130/><U87/><E102/><V101/><F17/><W46/><G46/><T25/><D76/><U58/><E114/><V44/><F44/><W89/><G89/><T70/><D1/><U53/><E41/><V115/><F115/><W97/><G0/><T109/><D109/><U94/><E39/><V19/><F19/><W112/><G97/><T47/><D62/><U107/><E107/><V96/><F96/><W49/><G49/><T42/><D100/><U36/><E36/><V35/><F35/><W133/><G133/><T80/><D104/><U99/><E129/><V67/><F67/><W132/><G132/><T7/><D7/><U105/><E28/><V86/><REACH who="2" step="1"/><F93/><REACH who="2" ten="329,211,297,153" step="2"/><W127/><G112/><T43/><D70/><U72/><E99/><V65/><F65/><W88/><G31/><T3/><D68/><U48/><E105/><V59/><F59/><W74/><G4/><T75/><D47/><U106/><E106/><V84/><F84/><N who="3" m="50207" /><G79/><T18/><D6/><U120/><E87/><V40/><F40/><W26/><G26/><T117/><D25/><U33/><E94/><V90/><F90/><W27/><G27/><T111/><D43/><U118/><E91/><V121/><F121/><W37/><G37/><T23/><D42/><U45/><E120/><V131/><F131/><W113/><G113/><T50/><D123/><RYUUKYOKU ba="0,1" sc="329,-15,211,-15,297,15,153,15" hai2="5,10,55,57,61,73,77,81,85,86,95,98,101" hai3="20,22,32,34,74,78,82,124,125,127" /><INIT seed="2,1,1,3,3,36" ten="314,196,312,168" oya="2" hai0="29,119,89,73,120,78,94,68,34,110,79,58,102" hai1="99,98,14,96,84,90,74,108,27,127,51,15,21" hai2="43,39,83,64,97,61,66,6,106,8,95,22,55" hai3="59,87,112,135,77,54,3,100,124,37,26,33,71"/><V7/><F106/><W82/><G71/><T63/><D120/><U60/><E108/><V67/><F83/><W28/><G135/><T31/><D68/><U17/><E127/><V85/><F85/><W35/><G124/><T49/><D110/><U75/><E60/><V5/><F22/><W52/><G112/><T76/><D73/><U111/><E111/><V18/><F18/><W123/><G123/><T41/><D102/><U24/><E75/><V128/><F128/><W23/><G3/><T1/><D1/><U103/><E74/><V62/><F55/><W2/><G2/><T117/><D34/><U121/><E121/><V9/><F39/><W131/><G131/><T16/><D16/><N who="1" m="10391" /><E51/><V129/><F43/><W93/><G37/><T13/><D13/><U32/><E32/><V48/><F48/><W130/><G54/><T65/><D119/><U10/><E103/><N who="2" m="60863" /><F129/><W134/><G130/><T126/><D117/><U118/><E118/><V4/><F4/><W107/><G134/><T0/><D0/><U86/><E86/><V30/><F30/><W114/><G107/><T116/><D126/><U122/><E122/><V11/><AGARI ba="1,1" hai="5,6,7,8,9,11,61,62,64,66,67" m="60863" machi="11" ten="40,7800,0" yaku="29,2,8,1" doraHai="36" who="2" fromWho="2" sc="314,-27,196,-27,312,91,168,-27" /><INIT seed="2,2,0,4,4,68" ten="287,169,403,141" oya="2" hai0="111,51,33,3,109,64,40,87,118,4,42,29,115" hai1="119,108,125,80,127,96,59,54,97,69,90,120,5" hai2="66,50,113,8,126,45,114,61,70,23,75,117,20" hai3="122,52,1,43,0,128,55,73,26,78,14,121,77"/><V57/><F117/><W129/><G43/><T85/><D115/><U101/><E108/><N who="0" m="41545" /><D118/><U16/><E119/><V84/><F75/><W81/><G14/><T36/><D64/><U94/><E69/><V47/><F126/><N who="1" m="48137" /><E5/><V134/><F134/><W38/><G26/><N who="0" m="18615" /><D51/><N who="1" m="31199" /><E120/><V24/><F70/><W98/><G98/><T12/><D3/><N who="3" m="1097" /><G38/><T34/><D34/><U18/><E80/><V74/><F66/><W60/><G60/><T110/><D110/><U86/><E96/><V30/><F61/><W100/><G100/><T10/><D40/><U48/><E48/><V105/><F50/><W104/><G104/><T2/><D2/><U7/><E7/><V92/><F105/><W13/><G13/><T95/><D95/><U53/><E53/><N who="3" m="20554" /><G81/><T112/><D112/><U107/><AGARI ba="2,0" hai="16,18,86,90,94,97,101,107" m="31199,48137" machi="107" ten="30,2000,0" yaku="18,1,54,1" doraHai="68" who="1" fromWho="1" sc="287,-7,169,26,403,-12,141,-7" /><INIT seed="3,0,0,4,4,23" ten="280,195,391,134" oya="3" hai0="57,69,81,127,14,66,68,91,3,41,70,83,29" hai1="19,6,87,60,25,117,109,15,125,79,31,92,65" hai2="18,2,62,49,124,27,37,76,114,86,63,34,26" hai3="123,118,53,135,50,8,38,54,0,80,46,93,10"/><W129/><G123/><T24/><D3/><U105/><E105/><V4/><F37/><W51/><G118/><T99/><D41/><U48/><E109/><V88/><F114/><W39/><G135/><T96/><D14/><U122/><E125/><V131/><F131/><W12/><G129/><T110/><D110/><U94/><E117/><V128/><F128/><W47/><G93/><T1/><D1/><U43/><E6/><V108/><F76/><W75/><G0/><T42/><D42/><U7/><E7/><V111/><F124/><W13/><REACH who="3" step="1"/><G80/><REACH who="3" ten="280,195,391,124" step="2"/><T134/><D134/><U82/><E122/><V102/><F2/><W89/><G89/><T28/><D91/><U98/><E98/><V103/><F88/><W106/><G106/><T67/><D127/><U119/><E119/><V22/><F111/><W11/><G11/><T33/><D83/><U45/><E92/><V116/><F108/><W72/><AGARI ba="0,1" hai="8,10,12,13,38,39,46,47,50,51,53,54,72,75" machi="72" ten="25,18000,2" yaku="1,1,0,1,22,2,53,2" doraHai="23" doraHaiUra="9" who="3" fromWho="3" sc="280,-60,195,-60,391,-60,124,190" /><INIT seed="3,1,0,5,1,8" ten="220,135,331,314" oya="3" hai0="36,59,107,1,88,51,64,0,24,76,33,6,41" hai1="14,55,114,130,57,119,9,29,110,18,35,100,21" hai2="37,87,43,123,135,120,81,47,105,85,27,67,94" hai3="28,77,69,22,89,98,102,7,65,70,17,52,63"/><W92/><G7/><T116/><D116/><U66/><E114/><V73/><F105/><W23/><G77/><T49/><D107/><U90/><E119/><V117/><F117/><W75/><G75/><T80/><D88/><U134/><E134/><V26/><F135/><W54/><G70/><T40/><D64/><U25/><E110/><V58/><F73/><W13/><G28/><N who="0" m="19591" /><D40/><U42/><E130/><V113/><F113/><W4/><G4/><T124/><D59/><U133/><E133/><V3/><F3/><W46/><G23/><T62/><D62/><U99/><E66/><V2/><F2/><W34/><G34/><T31/><D31/><U20/><E42/><V82/><F94/><W129/><G129/><T68/><D68/><U103/><E90/><N who="2" m="51503" /><F58/><W15/><G15/><T97/><D97/><U106/><REACH who="1" step="1"/><E100/><REACH who="1" ten="220,125,331,314" step="2"/><V74/><F67/><W104/><G46/><N who="0" m="23847" /><D124/><U109/><E109/><V45/><F47/><W118/><G118/><T44/><D44/><U39/><E39/><V11/><F37/><W91/><G91/><T53/><D53/><U108/><E108/><V127/><F45/><W61/><G61/><T72/><D0/><U83/><E83/><V5/><F43/><W10/><G22/><T48/><D49/><U131/><E131/><V71/><F82/><W19/><G19/><T112/><D112/><U32/><E32/><V122/><F122/><W12/><G12/><T78/><D78/><U86/><E86/><AGARI ba="1,1" hai="10,13,17,52,54,63,65,69,86,89,92,98,102,104" machi="86" ten="30,5800,0" yaku="7,1,52,1,54,1" doraHai="8" who="3" fromWho="1" sc="220,0,125,-61,331,0,314,71" owari="220,-18.0,64,-43.6,331,13.1,385,48.5" /></mjloggm>