<mjloggm ver="2.3"><GO type="225" lobby="0"/><UN n0="%6D%75%75%6D%75%72%61" n1="%72%61%6B%33" n2="%6E%69%63%6B%6C%6F%77" n3="%E3%81%82%E3%81%99%E3%81%AB%E3%82%83%E3%82%80" dan="16,18,16,16" rate="2223.22,2287.54,2100.04,2108.93" sx="F,M,F,F"/><TAIKYOKU oya="0"/><INIT seed="0,0,0,5,0,47" ten="250,250,250,250" oya="0" hai0="9,5,90,97,8,125,34,87,118,135,105,116,102" hai1="74,124,64,43,24,127,18,81,103,71,49,66,131" hai2="72,83,1,41,123,126,62,117,10,70,14,106,44" hai3="35,75,13,95,55,6,40,48,25,134,17,30,16"/><T73/><D125/><U23/><E131/><V84/><F126/><N who="1" m="48169" /><E103/><V94/><F117/><W68/><G75/><T20/><D34/><U11/><E11/><V112/><F112/><W114/><G68/><T32/><D32/><U15/><E15/><V57/><F70/><W46/><G114/><T98/><D135/><U3/><E3/><V58/><F72/><W108/><G108/><T36/><D73/><U69/><E66/><V2/><F106/><W78/><G78/><T31/><D36/><U60/><E69/><V53/><F57/><W109/><G109/><T91/><D31/><U104/><E104/><V4/><F94/><W89/><G134/><T107/><D20/><U37/><E37/><V63/><F63/><W100/><G100/><T38/><D38/><U27/><E27/><V12/><F12/><W52/><G6/><T42/><D42/><U54/><E43/><V115/><F123/><W92/><G92/><T76/><D76/><N who="1" m="44183" /><E54/><V122/><F122/><W21/><REACH who="3" step="1"/><G17/><REACH who="3" ten="250,250,250,240" step="2"/><T133/><D133/><U129/><E129/><V96/><F115/><W67/><G67/><T120/><D120/><U130/><E130/><V61/><F4/><W121/><G121/><T82/><D107/><U29/><E18/><V86/><F83/><W65/><G65/><T28/><D5/><U77/><E77/><V113/><F113/><W22/><G22/><T85/><D105/><U99/><E71/><V132/><F132/><W101/><G101/><T80/><D102/><U88/><E64/><V51/><F10/><W56/><G56/><T59/><D59/><U93/><E60/><RYUUKYOKU ba="0,1" sc="250,10,250,10,250,-30,240,10" hai0="8,9,28,80,82,85,87,90,91,97,98,116,118" hai1="23,24,29,49,88,93,99" hai3="13,16,21,25,30,35,40,46,48,52,55,89,95" /><INIT seed="0,1,1,4,0,37" ten="260,260,220,250" oya="0" hai0="121,0,131,101,103,97,22,100,106,82,4,21,13" hai1="113,58,65,73,98,115,119,56,93,86,8,85,17" hai2="31,16,120,128,3,64,29,117,132,122,11,71,99" hai3="35,134,72,61,2,95,125,109,23,69,51,43,105"/><T19/><D121/><U50/><E119/><V102/><F117/><W44/><G105/><T36/><D131/><U135/><E73/><V91/><F128/><W34/><G2/><T24/><D36/><U18/><E65/><V79/><F79/><W54/><G72/><T114/><D114/><U52/><E56/><V94/><F132/><W83/><G83/><T133/><D133/><U81/><E135/><V47/><F71/><W53/><G134/><T68/><D68/><U28/><E28/><V107/><F64/><W87/><G109/><T12/><D0/><U89/><E86/><V5/><F31/><W96/><G87/><T77/><D13/><U129/><E129/><V46/><F29/><W7/><G7/><T25/><D4/><U27/><E8/><V130/><F130/><W26/><G125/><T118/><D118/><U10/><E27/><V1/><F1/><W59/><G54/><T57/><D57/><U41/><E41/><V45/><REACH who="2" step="1"/><F16/><REACH who="2" ten="260,260,210,250" step="2"/><N who="3" m="12647" /><G69/><T42/><D25/><U78/><REACH who="1" step="1"/><E18/><REACH who="1" ten="260,250,210,250" step="2"/><V30/><F30/><W20/><G34/><T55/><D24/><U74/><E74/><V40/><F40/><W63/><G35/><T90/><D42/><U124/><E124/><V126/><F126/><W75/><G75/><T33/><D19/><U123/><E123/><V6/><F6/><W80/><G43/><T104/><D55/><U84/><E84/><AGARI ba="1,3" hai="3,5,11,45,46,47,84,91,94,99,102,107,120,122" machi="84" ten="40,1300,0" yaku="1,1,53,0" doraHai="37" doraHaiUra="38" who="2" fromWho="1" sc="260,0,250,-16,210,46,250,0" /><INIT seed="1,0,0,0,4,67" ten="260,234,256,250" oya="1" hai0="85,77,47,8,41,24,12,110,38,62,87,22,94" hai1="104,134,25,99,106,80,135,101,33,32,4,100,98" hai2="84,10,5,111,115,93,1,30,27,82,23,58,21" hai3="126,9,121,35,65,105,13,3,31,29,119,76,55"/><U107/><E4/><V56/><F111/><W120/><G105/><T15/><D110/><U0/><E0/><V36/><F36/><W102/><G102/><T133/><D133/><N who="1" m="50699" /><E80/><V128/><F128/><W51/><G65/><T37/><D37/><U45/><E45/><V39/><F39/><W109/><G109/><T97/><D77/><U89/><E89/><V81/><F115/><W90/><G76/><T7/><D12/><U19/><E19/><V125/><F125/><W103/><G103/><N who="1" m="39498" /><E25/><V127/><F127/><W34/><G126/><T17/><D97/><AGARI ba="0,0" hai="32,33,97,98,99,104,106,107" m="39498,50699" machi="97" ten="40,7700,0" yaku="28,2,20,1" doraHai="67" who="1" fromWho="0" sc="260,-77,234,77,256,0,250,0" /><INIT seed="1,1,0,3,3,42" ten="183,311,256,250" oya="1" hai0="25,120,46,36,87,38,49,128,31,102,133,83,101" hai1="26,13,68,60,110,15,23,20,17,37,91,96,72" hai2="111,119,84,8,67,108,33,10,63,105,94,117,32" hai3="52,88,64,45,82,103,129,112,44,24,93,57,59"/><U90/><E72/><V51/><F105/><W127/><G112/><T125/><D128/><U12/><E37/><V79/><F94/><W50/><G129/><T30/><D125/><U134/><E134/><V48/><F84/><N who="3" m="50199" /><G127/><T61/><D133/><U114/><E114/><V74/><F79/><W2/><G2/><T80/><D120/><U39/><E39/><V34/><F63/><N who="3" m="37999" /><G24/><T3/><D3/><U28/><E110/><N who="2" m="42027" /><F67/><W106/><G106/><T92/><D38/><U21/><E68/><V55/><F74/><W0/><G0/><T1/><D61/><U98/><E60/><V66/><F66/><W62/><G62/><T47/><D1/><U131/><E131/><V86/><F86/><W97/><AGARI ba="1,0" hai="44,45,50,52,59,93,97,103" m="37999,50199" machi="97" ten="30,8000,1" yaku="8,1,52,2,54,2" doraHai="42" who="3" fromWho="3" sc="183,-21,311,-41,256,-21,250,83" /><INIT seed="2,0,0,2,0,61" ten="162,270,235,333" oya="2" hai0="9,122,32,95,84,132,47,114,49,127,2,110,63" hai1="37,33,5,102,11,67,62,15,19,75,40,92,55" hai2="88,52,59,78,133,120,79,129,121,50,48,43,8" hai3="103,86,13,65,77,89,90,4,131,46,80,56,98"/><V74/><F74/><W45/><G131/><T126/><D122/><U64/><E33/><V0/><F120/><W108/><G108/><T96/><D114/><U104/><E104/><V34/><F121/><W6/><G103/><T105/><D110/><U97/><E75/><V14/><F34/><W69/><G69/><T1/><D132/><U93/><E37/><V3/><F129/><W29/><G29/><T54/><D105/><U30/><E40/><V113/><F113/><W22/><G45/><T16/><D32/><U57/><E30/><V73/><F73/><W135/><G135/><T134/><D134/><U124/><E124/><V18/><F133/><W112/><G46/><T94/><D1/><U41/><E41/><V118/><F118/><W7/><G98/><T12/><D2/><U116/><E116/><V68/><F68/><W115/><G115/><T23/><D23/><U42/><E42/><V38/><F38/><W100/><G100/><T130/><D130/><U125/><E125/><V36/><F36/><W111/><G111/><T26/><D26/><U82/><E82/><V76/><F43/><W71/><G71/><T83/><D63/><U81/><E81/><V60/><F0/><W24/><G13/><T21/><D21/><U72/><E72/><V128/><F3/><W117/><G117/><T106/><D106/><U28/><E28/><V27/><F128/><W58/><G58/><T91/><REACH who="0" step="1"/><D95/><REACH who="0" ten="152,270,235,333" step="2"/><U17/><E93/><V107/><F107/><W25/><G22/><T51/><D51/><N who="2" m="19498" /><F27/><N who="3" m="10315" /><G112/><T66/><D66/><AGARI ba="0,1" hai="5,11,15,17,19,55,57,62,64,66,67,92,97,102" machi="66" ten="40,8000,1" yaku="8,1,52,3" doraHai="61" who="1" fromWho="0" sc="152,-80,270,90,235,0,333,0" /><INIT seed="3,0,0,2,1,17" ten="72,360,235,333" oya="3" hai0="75,89,42,77,28,38,52,68,50,20,103,125,83" hai1="105,21,119,133,57,100,10,56,94,30,96,102,131" hai2="108,14,121,80,58,9,70,72,43,66,64,76,74" hai3="118,48,90,60,135,99,49,12,62,16,61,29,45"/><W114/><G114/><T35/><D68/><U127/><E133/><V122/><F70/><W73/><G118/><T69/><D69/><U109/><E119/><V82/><F43/><N who="3" m="24639" /><G73/><T126/><D89/><U116/><E116/><V107/><F107/><W115/><G135/><T36/><D103/><U93/><E109/><V117/><F117/><W27/><G115/><T129/><D129/><U97/><E131/><V7/><F108/><W81/><G49/><T132/><D35/><U87/><E127/><V54/><F80/><W71/><G71/><T37/><D132/><U33/><E33/><V65/><F74/><W40/><G40/><T15/><D42/><U53/><E10/><V31/><F31/><W6/><G6/><T95/><D95/><U23/><E30/><V111/><F111/><W11/><G29/><T112/><D112/><U120/><E120/><N who="2" m="46187" /><F54/><W25/><G99/><T32/><D32/><U2/><E2/><V85/><F72/><W41/><G41/><T98/><D98/><U0/><E0/><V79/><F76/><W110/><G110/><T101/><D126/><U86/><E53/><V63/><AGARI ba="0,0" hai="7,9,14,58,63,64,65,66,79,82,85" m="46187" machi="63" ten="30,1100,0" yaku="13,1" doraHai="17" who="2" fromWho="2" sc="72,-3,360,-3,235,11,333,-5" owari="69,-43.1,357,45.7,246,-15.4,328,12.8" /></mjloggm>