<mjloggm ver="2.3"><GO type="225" lobby="0"/><UN n0="%E3%82%B3%E3%83%90%E3%83%AC%E3%82%A4" n1="%E3%81%82%E3%82%93%E3%81%AA%E3%81%A4" n2="%6D%75%75%73%61%6E%6D%75" n3="%E4%BA%AE%E6%B5%81%E6%89%93%E8%80%85" dan="16,17,17,16" rate="2114.40,2160.95,2159.50,2104.49" sx="M,M,F,F"/><TAIKYOKU oya="0"/><INIT seed="0,0,0,0,1,126" ten="250,250,250,250" oya="0" hai0="109,123,86,2,65,38,107,78,114,104,40,37,129" hai1="34,116,89,111,16,74,133,6,94,35,80,66,48" hai2="99,132,108,61,106,21,50,121,23,55,95,110,5" hai3="82,103,41,73,64,67,135,70,26,53,13,97,60"/><T43/><D2/><U112/><E116/><V29/><F121/><W84/><G135/><T9/><D9/><U87/><E133/><V96/><F132/><W57/><G73/><T100/><D78/><U51/><E111/><N who="2" m="42539" /><F5/><W45/><G26/><T27/><D109/><U59/><E6/><V101/><F61/><W131/><G131/><T1/><D1/><U105/><E105/><V12/><F12/><W68/><G68/><T62/><D86/><U54/><E66/><N who="3" m="25130" /><G13/><T90/><D65/><U31/><E31/><V120/><F29/><W76/><G70/><T69/><D27/><U115/><E48/><V18/><F18/><W91/><G103/><T119/><D69/><U52/><E54/><V98/><F120/><W72/><G72/><T17/><D123/><U33/><REACH who="1" step="1"/><E16/><REACH who="1" ten="250,240,250,250" step="2"/><V32/><F32/><W49/><G97/><N who="2" m="37481" /><F106/><W81/><G81/><T22/><D17/><U24/><E24/><V128/><F128/><W42/><G42/><T11/><D129/><U44/><E44/><AGARI ba="0,1" hai="21,23,44,50,55,95,99,101" m="37481,42539" machi="44" ten="30,1000,0" yaku="14,1" doraHai="126" who="2" fromWho="1" sc="250,0,240,-10,250,20,250,0" /><INIT seed="1,0,0,5,2,83" ten="250,230,270,250" oya="1" hai0="121,97,102,11,104,120,28,90,125,3,101,61,114" hai1="109,54,35,16,72,2,129,94,92,131,19,44,67" hai2="118,106,73,85,86,62,47,87,84,132,105,55,36" hai3="25,34,82,116,93,113,17,0,111,69,18,9,56"/><U110/><E72/><V68/><F73/><W78/><G69/><T127/><D28/><U10/><E35/><V63/><F118/><W21/><G113/><T46/><D61/><U32/><E32/><V24/><F132/><W65/><G111/><N who="1" m="42506" /><E67/><V27/><F85/><N who="3" m="48343" /><G34/><T58/><D58/><U13/><E2/><V60/><F68/><W117/><G93/><N who="1" m="35946" /><E19/><V100/><F100/><W130/><G130/><N who="1" m="49674" /><E54/><V128/><F128/><W38/><G0/><T115/><D3/><U48/><E48/><V98/><F98/><W33/><G33/><T30/><D115/><U42/><E42/><V14/><F14/><N who="3" m="7375" /><G65/><T53/><D114/><U71/><E71/><V23/><F55/><W112/><G112/><T80/><D53/><U70/><E70/><V76/><F76/><W107/><G56/><T66/><D66/><U31/><E31/><V91/><F91/><W77/><G116/><T22/><D30/><U99/><E99/><V64/><F64/><W15/><G77/><T40/><D97/><U1/><E1/><V135/><F135/><W96/><G117/><T29/><D29/><U6/><E6/><V89/><F89/><W123/><G96/><T7/><D7/><U41/><E41/><V50/><F50/><W26/><G18/><T134/><D90/><U79/><E79/><V59/><F59/><W95/><G15/><T124/><D40/><U4/><E4/><V103/><F103/><W8/><G26/><T74/><D102/><U119/><E119/><V108/><F108/><W45/><G25/><T37/><D101/><U49/><E49/><V39/><F27/><RYUUKYOKU ba="0,0" sc="250,-10,230,30,270,-10,250,-10" hai1="10,13,16,44" /><INIT seed="1,1,0,1,5,122" ten="240,260,260,240" oya="1" hai0="115,124,110,32,97,50,62,14,92,17,35,61,73" hai1="23,74,76,105,16,128,2,109,66,86,91,54,0" hai2="56,63,79,59,65,120,108,15,80,100,104,133,96" hai3="103,53,127,112,28,20,7,42,75,30,46,71,132"/><U3/><E128/><V64/><F120/><W78/><G71/><T134/><D73/><U26/><E105/><V37/><F133/><W85/><G112/><T38/><D38/><U49/><E66/><V113/><F113/><W131/><G75/><T99/><D115/><U83/><E109/><V4/><F37/><N who="3" m="21839" /><G103/><T106/><D134/><U40/><E40/><V9/><F108/><W101/><G101/><T69/><D110/><U25/><E25/><V1/><F15/><W52/><G7/><T90/><D124/><U12/><E26/><V29/><F29/><N who="3" m="11371" /><G20/><T51/><D61/><U102/><E102/><V88/><F88/><W126/><G132/><T5/><D5/><U67/><E67/><V94/><F94/><W27/><G27/><T43/><D106/><U135/><E135/><V114/><F114/><W45/><G45/><T47/><D99/><U41/><E41/><V117/><F117/><W11/><G11/><T82/><D82/><U81/><REACH who="1" step="1"/><E0/><REACH who="1" ten="240,250,260,240" step="2"/><V121/><F121/><W60/><G131/><T84/><D35/><U13/><E13/><V36/><F36/><W22/><G126/><T31/><D32/><U77/><E77/><V55/><REACH who="2" step="1"/><F56/><AGARI ba="1,1" hai="2,3,12,16,23,49,54,56,74,76,81,83,86,91" machi="56" ten="30,5800,0" yaku="1,1,7,1,54,1,53,0" doraHai="122" doraHaiUra="39" who="1" fromWho="2" sc="240,0,250,71,260,-61,240,0" /><INIT seed="1,2,0,2,2,25" ten="240,321,199,240" oya="1" hai0="27,87,26,82,72,35,0,104,29,123,51,9,89" hai1="76,93,52,95,8,88,4,36,85,134,126,110,113" hai2="69,103,112,118,3,31,20,47,11,38,56,106,6" hai3="59,86,121,48,108,91,74,16,115,37,1,55,66"/><U75/><E113/><V42/><F69/><W127/><G74/><T15/><D104/><U32/><E32/><V54/><F112/><W114/><G121/><T98/><D0/><U67/><E36/><V19/><F118/><W77/><G37/><T124/><D123/><U117/><E117/><V57/><F106/><W7/><G108/><T101/><D124/><U2/><E126/><V132/><F132/><W96/><G127/><T13/><D72/><U135/><E110/><V62/><F103/><W10/><G77/><T68/><D68/><U33/><E33/><V109/><F56/><W23/><G66/><T120/><D120/><U64/><E95/><V61/><F109/><W107/><G96/><T49/><D15/><U80/><REACH who="1" step="1"/><E52/><REACH who="1" ten="240,311,199,240" step="2"/><V94/><F94/><N who="3" m="54647" /><G107/><T129/><D129/><U128/><E128/><V60/><REACH who="2" step="1"/><F31/><REACH who="2" ten="240,311,189,240" step="2"/><W30/><G30/><T73/><D29/><U119/><E119/><V58/><F58/><W90/><G114/><T125/><D125/><U97/><E97/><V133/><F133/><AGARI ba="2,2" hai="2,4,8,64,67,75,76,80,85,88,93,133,134,135" machi="133" ten="40,7700,0" yaku="1,1,20,1,54,1,53,0" doraHai="25" doraHaiUra="100" who="1" fromWho="2" sc="240,0,311,103,189,-83,240,0" /><INIT seed="1,3,0,0,3,29" ten="240,414,106,240" oya="1" hai0="35,18,85,31,53,123,103,46,119,60,25,26,111" hai1="24,38,125,5,12,49,122,66,51,32,89,70,10" hai2="68,126,120,39,27,48,45,91,0,34,99,40,98" hai3="62,11,6,58,101,110,3,80,113,94,75,92,61"/><U33/><E38/><V42/><F120/><W9/><G113/><T82/><D123/><U124/><E122/><V50/><F68/><W67/><G110/><T47/><D111/><U132/><E132/><V129/><F0/><W102/><G75/><T108/><D119/><U2/><E2/><V78/><F78/><W65/><G80/><T63/><D103/><U7/><E7/><V37/><F129/><W100/><REACH who="3" step="1"/><G11/><REACH who="3" ten="240,414,106,230" step="2"/><T22/><D108/><U87/><E124/><V54/><F126/><W52/><G52/><T109/><D109/><U72/><E72/><V14/><F14/><W116/><G116/><T41/><D53/><U21/><E125/><V59/><F42/><W105/><G105/><T79/><REACH who="0" step="1"/><D47/><REACH who="0" ten="230,414,106,230" step="2"/><U19/><E66/><V115/><F115/><W96/><G96/><T86/><D86/><U36/><E87/><V83/><F98/><W15/><G15/><T44/><D44/><U128/><E12/><V135/><F135/><W30/><G30/><T117/><D117/><U20/><E128/><V114/><F114/><W90/><G90/><T73/><D73/><U93/><E89/><V84/><REACH who="2" step="1"/><F99/><REACH who="2" ten="230,414,96,230" step="2"/><W28/><G28/><AGARI ba="3,3" hai="27,28,34,37,39,40,45,48,50,54,59,83,84,91" machi="28" ten="40,5200,0" yaku="1,1,2,1,52,1,53,0" doraHai="29" doraHaiUra="64" who="2" fromWho="3" sc="230,0,414,0,96,91,230,-61" /><INIT seed="2,0,0,0,1,98" ten="230,414,187,169" oya="2" hai0="80,11,0,135,3,22,42,44,131,38,110,76,75" hai1="71,104,109,48,116,14,70,129,114,121,78,47,84" hai2="101,64,27,28,87,134,100,130,90,50,49,95,69" hai3="18,122,43,123,30,67,59,7,86,8,108,125,96"/><V115/><F115/><W20/><G108/><T31/><D110/><U97/><E109/><V94/><F130/><W77/><G125/><T128/><D135/><U103/><E114/><V41/><F134/><W99/><G43/><T12/><D0/><U133/><E116/><V10/><F69/><W61/><G30/><T29/><D12/><U85/><E133/><V39/><F39/><W21/><G122/><T91/><D91/><U24/><E129/><N who="0" m="49737" /><D22/><N who="3" m="8809" /><G7/><AGARI ba="0,0" hai="3,7,11,29,31,38,42,44,75,76,80" m="49737" machi="7" ten="30,2000,0" yaku="25,1,19,1" doraHai="98" who="0" fromWho="3" sc="230,20,414,0,187,0,169,-20" /><INIT seed="3,0,0,4,3,26" ten="250,414,187,149" oya="3" hai0="103,12,123,50,44,8,23,62,75,48,134,29,56" hai1="13,10,127,60,100,125,102,17,71,72,33,53,106" hai2="113,20,77,82,89,104,2,109,132,25,68,122,135" hai3="88,3,115,64,45,0,16,105,74,59,94,119,66"/><W52/><G105/><T38/><D75/><U84/><E72/><N who="2" m="43303" /><F113/><W99/><G115/><T87/><D38/><U128/><E128/><V57/><F68/><W114/><G119/><T5/><D123/><U108/><E108/><V95/><F104/><W92/><G114/><T98/><D134/><N who="2" m="51242" /><F109/><W65/><G74/><T32/><D32/><U6/><E53/><V83/><F2/><W78/><G78/><T30/><D87/><U130/><E10/><V51/><F83/><W42/><G94/><N who="0" m="58839" /><D23/><U55/><E17/><V61/><F51/><N who="0" m="19498" /><D44/><U76/><E55/><AGARI ba="0,0" hai="5,8,12,29,30,55,56,62" m="19498,58839" machi="55" ten="30,3900,0" yaku="8,1,52,2" doraHai="26" who="0" fromWho="1" sc="250,39,414,-39,187,0,149,0" owari="289,8.9,375,47.5,187,-21.3,149,-35.1" /></mjloggm>