<mjloggm ver="2.3"><GO type="225" lobby="0"/><UN n0="%E6%B4%BE%E9%81%A3%E3%81%AE%E3%82%B8%E3%83%A3%E3%83%83%E3%82%AF" n1="%E3%81%82%E3%81%B9%E3%81%99%E3%81%91" n2="%E3%81%B2%E3%81%BE%E3%81%A4%E3%81%B6%E3%81%97" n3="%E3%81%A9%E3%82%8F%E3%82%93%E3%81%94" dan="17,16,17,16" rate="2183.37,2089.21,2201.08,2076.11" sx="M,M,M,M"/><TAIKYOKU oya="0"/><INIT seed="0,0,0,1,3,103" ten="250,250,250,250" oya="0" hai0="35,59,125,85,66,118,88,74,40,95,13,11,47" hai1="105,108,49,54,55,102,119,90,134,65,41,72,38" hai2="116,129,42,104,67,62,8,45,14,4,64,18,94" hai3="46,114,96,60,132,53,10,79,15,27,123,117,87"/><T12/><D12/><U111/><E119/><V32/><F116/><W122/><G132/><T5/><D74/><U6/><E134/><V98/><F129/><W34/><G114/><T107/><D118/><U133/><E133/><V37/><F32/><W110/><G110/><N who="1" m="42026" /><E72/><V128/><F128/><W31/><G117/><T112/><D35/><U51/><E65/><V63/><F4/><W120/><G96/><T82/><D112/><U22/><E90/><V68/><F104/><W93/><G93/><T26/><D125/><U52/><E22/><V0/><F0/><W2/><G2/><T76/><D26/><U48/><E6/><V130/><F130/><W75/><G75/><T71/><D71/><U57/><E102/><V24/><F24/><W80/><G60/><N who="0" m="38175" /><D107/><U106/><E57/><V21/><F63/><W16/><G46/><AGARI ba="0,0" hai="38,41,46,48,49,51,52,54,55,105,106" m="42026" machi="46" ten="40,8000,1" yaku="14,1,52,2,54,1" doraHai="103" who="1" fromWho="3" sc="250,0,250,80,250,0,250,-80" /><INIT seed="1,0,0,2,1,72" ten="250,330,250,170" oya="1" hai0="73,30,109,122,66,64,13,21,85,26,1,33,44" hai1="133,130,24,89,124,10,9,123,12,23,41,69,0" hai2="125,110,120,62,27,11,67,91,119,98,53,77,29" hai3="17,48,80,4,3,61,117,36,2,50,71,102,6"/><U95/><E123/><V32/><F120/><W40/><G117/><T87/><D73/><U20/><E69/><V116/><F110/><W15/><G102/><T65/><D109/><U55/><E41/><V31/><F125/><W104/><G104/><T16/><D122/><U14/><E124/><V70/><F29/><W79/><G36/><T39/><REACH who="0" step="1"/><D1/><REACH who="0" ten="240,330,250,170" step="2"/><U37/><E0/><V134/><F119/><W78/><G3/><T34/><D34/><U45/><E130/><V99/><F32/><W129/><G2/><T49/><D49/><N who="3" m="19049" /><G129/><T8/><D8/><U106/><E10/><V43/><F11/><N who="3" m="6399" /><G40/><AGARI ba="0,1" hai="13,16,21,26,30,33,39,40,44,64,65,66,85,87" machi="40" ten="40,8000,1" yaku="1,1,54,1,53,3" doraHai="72" doraHaiUra="60" who="0" fromWho="3" sc="240,90,330,0,250,0,170,-80" /><INIT seed="2,0,0,5,5,115" ten="330,330,250,90" oya="2" hai0="3,6,88,39,94,51,56,68,96,13,4,118,105" hai1="34,125,21,10,117,86,17,83,106,69,43,62,131" hai2="2,91,7,32,53,87,95,122,49,75,46,100,76" hai3="8,133,25,65,52,127,90,30,57,121,135,11,19"/><V119/><F122/><W109/><G121/><T60/><D39/><U18/><E106/><V108/><F32/><W97/><G65/><T59/><D3/><U16/><E34/><V5/><F2/><W67/><G67/><T74/><D74/><U73/><E73/><V58/><F108/><W24/><G109/><T63/><D105/><U124/><E117/><V114/><F114/><W128/><G128/><T132/><D132/><N who="3" m="50761" /><G127/><N who="1" m="48714" /><E62/><N who="0" m="23593" /><D118/><U37/><E69/><V112/><F112/><W61/><G19/><T110/><D68/><U80/><E10/><N who="3" m="3626" /><G30/><T89/><D110/><U77/><E131/><V14/><F119/><W84/><G97/><T27/><D27/><U99/><E37/><V26/><F26/><W54/><G54/><T36/><D36/><U44/><E43/><V35/><F53/><W85/><G85/><T79/><D96/><U0/><E99/><V93/><F87/><W40/><G40/><T29/><D29/><U28/><E28/><V64/><F64/><W9/><N who="3" m="3634" /><W81/><AGARI ba="0,0" hai="24,25,52,57,61,81,84,90" m="3634,50761" machi="81" ten="40,5200,0" yaku="4,1,20,1,54,1" doraHai="115" who="3" fromWho="3" sc="330,-13,330,-13,250,-26,90,52" /><INIT seed="3,0,0,4,1,135" ten="317,317,224,142" oya="3" hai0="120,127,18,5,126,129,57,31,55,119,94,105,11" hai1="71,63,26,64,7,131,20,1,39,96,6,36,123" hai2="46,82,28,47,25,34,40,62,89,84,52,9,56" hai3="76,103,3,0,97,33,30,58,98,37,50,12,104"/><W109/><G37/><T16/><D119/><U51/><E123/><V92/><F9/><W41/><G76/><T13/><D105/><U107/><E131/><V117/><F117/><W38/><G98/><T53/><D120/><U73/><E73/><V111/><F111/><W110/><G12/><T78/><D31/><U75/><E75/><V8/><F8/><W19/><G19/><T106/><D106/><U85/><E85/><V69/><F69/><W83/><G83/><T10/><D78/><U79/><E79/><V80/><F46/><N who="3" m="23863" /><G58/><T32/><D32/><U68/><E71/><V118/><F118/><W81/><G50/><AGARI ba="0,0" hai="25,28,34,40,47,50,52,56,62,80,82,84,89,92" machi="50" ten="30,2000,0" yaku="7,1,54,1" doraHai="135" who="2" fromWho="3" sc="317,0,317,0,224,20,142,-20" owari="317,41.7,317,11.7,244,-15.6,122,-37.8" /></mjloggm>