<mjloggm ver="2.3"><GO type="225" lobby="0"/><UN n0="%E8%83%83%E3%81%A8%E8%85%B8" n1="%72%69%6F%75%63%68%61%6E" n2="%E3%81%BF%E3%81%BF%E3%81%9A" n3="%E3%81%B5%E3%81%98%E3%81%8B%E3%81%A4" dan="17,17,18,16" rate="2170.15,2288.50,2244.71,2143.70" sx="M,M,M,M"/><TAIKYOKU oya="0"/><INIT seed="0,0,0,1,2,63" ten="250,250,250,250" oya="0" hai0="80,19,81,85,115,82,49,15,27,61,39,34,33" hai1="22,36,41,105,108,8,40,3,106,12,71,46,124" hai2="1,44,87,98,68,73,30,16,78,11,90,48,2" hai3="114,93,38,103,66,45,128,7,70,74,25,122,134"/><T6/><D39/><U67/><E108/><V97/><F30/><W59/><G114/><T121/><D115/><U9/><E124/><V94/><F68/><W120/><G74/><T18/><D121/><N who="3" m="46697" /><G7/><T130/><D130/><U118/><E118/><V26/><F73/><W113/><G93/><T24/><D49/><U0/><E22/><N who="2" m="13639" /><F1/><W54/><G103/><T79/><D6/><U123/><E123/><V57/><F2/><W117/><G25/><N who="0" m="9803" /><D33/><U109/><E109/><V95/><F11/><W52/><G113/><T76/><D34/><U107/><E40/><N who="2" m="24583" /><F78/><N who="0" m="29738" /><D15/><U129/><E129/><V89/><F57/><W83/><G128/><T42/><D42/><U31/><E31/><V72/><F72/><W37/><G83/><N who="0" m="31819" /><D61/><U75/><E75/><V21/><F21/><W112/><G112/><T53/><D53/><N who="3" m="20585" /><G117/><T86/><N who="0" m="31827" /><T56/><DORA hai="100" /><D56/><U32/><E32/><V116/><F116/><W111/><G111/><T55/><D55/><U28/><E28/><V127/><F127/><W23/><G23/><T10/><D10/><U125/><E8/><V131/><F131/><W14/><G14/><T5/><D5/><N who="1" m="3119" /><E125/><V99/><AGARI ba="0,0" hai="87,89,90,94,95,97,98,99" m="24583,13639" machi="99" ten="30,2000,0" yaku="8,1,54,1" doraHai="63,100" who="2" fromWho="2" sc="250,-10,250,-5,250,20,250,-5" /><INIT seed="1,0,0,4,3,18" ten="240,245,270,245" oya="1" hai0="114,12,71,131,106,66,84,30,91,117,33,19,15" hai1="34,116,35,40,132,127,9,20,8,95,92,79,104" hai2="46,64,2,42,17,90,50,53,125,112,76,73,7" hai3="108,80,44,93,129,10,115,88,60,68,89,120,62"/><U51/><E116/><V28/><F125/><W14/><G120/><T57/><D117/><U133/><E127/><V56/><F112/><W99/><G115/><T123/><D114/><U52/><E104/><V78/><F28/><W69/><G108/><T122/><D106/><U82/><E40/><V110/><F110/><W38/><G129/><T24/><D71/><U70/><E70/><V100/><F100/><W107/><G107/><T54/><D66/><U94/><E20/><V43/><F7/><W22/><G69/><T4/><D4/><U36/><E36/><V118/><F2/><W96/><G68/><T37/><D37/><U5/><E34/><V130/><F118/><W26/><G38/><T135/><D131/><U111/><E35/><V77/><F130/><W102/><G44/><T1/><D1/><U72/><E111/><V31/><F31/><N who="3" m="17879" /><G102/><T87/><D135/><N who="1" m="51787" /><E5/><V25/><F73/><W101/><G101/><T75/><D75/><U134/><N who="1" m="51795" /><U47/><AGARI ba="0,0" hai="8,9,47,51,52,72,79,82,92,94,95" m="51795" machi="47" ten="50,9600,0" yaku="4,1,20,1,54,1" doraHai="18" who="1" fromWho="1" sc="240,-32,245,96,270,-32,245,-32" /><INIT seed="1,1,0,0,3,105" ten="208,341,238,213" oya="1" hai0="5,13,37,93,59,78,19,75,74,68,124,40,0" hai1="86,53,115,103,34,26,55,70,56,49,18,58,121" hai2="131,94,127,117,44,91,9,82,112,57,21,126,50" hai3="1,72,22,4,90,61,33,128,23,80,46,20,123"/><U133/><E115/><V64/><F117/><W14/><G123/><T92/><D68/><U118/><E118/><V27/><F112/><W11/><G128/><T42/><D124/><N who="2" m="47658" /><F131/><W63/><G46/><T41/><D37/><U45/><E133/><V17/><F82/><W7/><G33/><T66/><D78/><U67/><E121/><V47/><F9/><W107/><G107/><T111/><D5/><U104/><E86/><N who="2" m="52599" /><F50/><W129/><G129/><T120/><D0/><U2/><E2/><V6/><F6/><W12/><G90/><T79/><D120/><U85/><E85/><V96/><F96/><W32/><G32/><T10/><D111/><U99/><E55/><V8/><F8/><W24/><G1/><T101/><D79/><U84/><E84/><V89/><F89/><W43/><G43/><T62/><REACH who="0" step="1"/><D101/><REACH who="0" ten="198,341,238,213" step="2"/><U95/><E70/><V130/><F130/><W30/><G4/><T88/><D88/><U54/><E103/><V110/><F110/><W108/><G108/><T38/><D38/><U65/><E99/><V77/><F77/><N who="3" m="44071" /><G14/><T60/><D60/><AGARI ba="1,1" hai="17,21,27,44,47,57,60,64" m="52599,47658" machi="60" ten="30,1000,0" yaku="18,1" doraHai="105" who="2" fromWho="0" sc="198,-13,341,0,238,23,213,0" /><INIT seed="2,0,0,3,5,50" ten="185,341,261,213" oya="2" hai0="17,104,64,23,88,3,61,21,103,66,89,128,62" hai1="78,101,105,37,48,81,54,25,94,115,14,130,1" hai2="95,121,98,118,90,44,73,114,16,46,92,36,11" hai3="84,124,129,51,102,134,83,132,8,22,79,99,33"/><V52/><F114/><W28/><G33/><T75/><D3/><U76/><E115/><V31/><F118/><W131/><G8/><T74/><D128/><N who="3" m="49225" /><G28/><T49/><D49/><U9/><E130/><V116/><F116/><W2/><G22/><T86/><D103/><U113/><E113/><V43/><F121/><W7/><G7/><T60/><D104/><U13/><E37/><V133/><F73/><W85/><G2/><T19/><D62/><U82/><E105/><V30/><F133/><N who="3" m="51307" /><G51/><T18/><D18/><U120/><E120/><V56/><F92/><N who="3" m="58727" /><G85/><AGARI ba="0,0" hai="17,19,21,23,60,61,64,66,74,75,85,86,88,89" machi="85" ten="25,3200,0" yaku="22,2,54,1" doraHai="50" who="0" fromWho="3" sc="185,32,341,0,261,0,213,-32" /><INIT seed="3,0,0,1,3,100" ten="217,341,261,181" oya="3" hai0="124,85,125,7,115,77,73,19,120,10,71,127,50" hai1="26,131,11,121,123,31,112,13,95,103,64,58,96" hai2="67,34,29,59,21,60,108,30,53,82,32,27,107" hai3="43,76,20,126,41,78,118,83,47,6,119,130,75"/><W69/><G126/><T111/><D120/><U81/><E112/><V94/><F108/><W102/><G130/><T44/><D111/><U104/><E131/><V23/><F107/><W5/><G102/><T17/><D71/><U68/><E81/><V37/><F37/><W88/><G69/><T61/><D61/><N who="1" m="39951" /><E58/><V84/><F94/><W4/><G20/><T42/><D73/><U12/><E95/><V45/><F45/><W1/><G1/><N who="0" m="367" /><D115/><U87/><E87/><V72/><F72/><W38/><G43/><T92/><D77/><U106/><E106/><V48/><F32/><W93/><REACH who="3" step="1"/><G76/><REACH who="3" ten="217,341,261,171" step="2"/><T116/><D116/><U56/><E123/><V97/><F34/><W57/><G57/><T91/><AGARI ba="0,1" hai="17,19,42,44,50,85,91,92,124,125,127" m="367" machi="91" ten="40,1500,0" yaku="18,1" doraHai="100" who="0" fromWho="0" sc="217,25,341,-4,261,-4,171,-7" owari="242,-15.8,337,43.7,257,5.7,164,-33.6" /></mjloggm>