<mjloggm ver="2.3"><GO type="225" lobby="0"/><UN n0="%E3%83%B4%E3%83%A0%EF%BC%99%E3%81%A6" n1="%33%74%72%65%65" n2="%E6%9C%AA%E6%9D%A5%E5%B0%91%E5%B9%B4" n3="%6D%75%75%6D%75%72%61" dan="17,17,16,16" rate="2174.71,2222.61,2156.27,2136.75" sx="M,F,M,F"/><TAIKYOKU oya="0"/><INIT seed="0,0,0,4,4,88" ten="250,250,250,250" oya="0" hai0="128,29,90,80,15,112,133,11,66,34,126,86,54" hai1="17,127,9,72,51,28,85,73,96,23,22,123,100" hai2="74,3,95,91,58,60,43,35,68,69,45,108,32" hai3="1,121,93,49,131,5,6,107,27,33,132,12,38"/><T78/><D112/><U20/><E123/><V114/><F114/><W64/><G38/><T103/><D133/><U113/><E113/><V63/><F74/><W31/><G107/><T67/><D126/><U18/><E127/><V87/><F3/><W130/><G1/><T70/><D128/><U109/><E109/><V55/><F108/><W65/><G132/><T37/><D37/><U110/><E110/><V39/><REACH who="2" step="1"/><F60/><REACH who="2" ten="250,250,240,250" step="2"/><W81/><G121/><T118/><D118/><U61/><E73/><V83/><F83/><W122/><G122/><T53/><D80/><U77/><E72/><V0/><F0/><W104/><G81/><T99/><D34/><AGARI ba="0,1" hai="32,34,35,39,43,45,55,58,63,68,69,87,91,95" machi="34" ten="40,2600,0" yaku="1,1,52,1,53,0" doraHai="88" doraHaiUra="119" who="2" fromWho="0" sc="250,-26,250,0,240,36,250,0" /><INIT seed="1,0,0,4,0,118" ten="224,250,276,250" oya="1" hai0="43,34,133,53,100,74,4,134,13,113,126,30,44" hai1="76,86,48,95,104,94,58,39,77,101,19,127,108" hai2="132,12,93,11,114,33,22,61,123,45,79,107,9" hai3="68,111,87,21,75,81,1,17,91,128,56,49,18"/><U66/><E39/><V51/><F123/><W97/><G68/><T88/><D113/><U63/><E127/><V37/><F107/><W46/><G111/><T83/><D100/><U122/><E122/><V60/><F33/><W25/><G128/><T6/><D126/><U2/><E108/><V112/><F37/><W124/><G124/><T24/><D53/><U59/><E2/><V73/><F132/><N who="0" m="50794" /><D74/><U57/><E104/><V20/><F93/><N who="1" m="35337" /><E101/><V7/><F79/><N who="1" m="30281" /><E86/><V109/><F73/><W0/><G97/><T84/><D13/><U52/><E19/><V8/><F109/><W89/><G89/><T40/><D40/><U69/><E69/><V135/><F135/><W26/><G56/><N who="1" m="21610" /><E66/><V129/><F112/><W110/><G75/><T41/><D43/><U50/><AGARI ba="0,0" hai="48,50,52,59,63" m="21610,30281,35337" machi="50" ten="30,3000,0" yaku="8,1,54,1" doraHai="118" who="1" fromWho="1" sc="224,-10,250,30,276,-10,250,-10" /><INIT seed="1,1,0,2,2,3" ten="214,280,266,240" oya="1" hai0="91,58,5,86,2,25,69,80,51,18,73,87,72" hai1="14,88,127,98,115,77,94,95,1,55,116,107,53" hai2="37,30,9,50,60,36,106,131,135,134,62,65,23" hai3="122,83,68,47,123,76,112,15,6,92,90,48,101"/><U114/><E116/><V52/><F106/><W74/><G112/><T109/><D69/><U117/><E117/><V39/><F9/><W12/><G101/><T32/><D109/><U119/><E119/><V93/><F93/><W129/><G68/><T35/><D35/><U70/><E1/><V63/><F23/><W17/><G129/><T24/><D24/><U99/><E107/><V10/><F10/><W84/><G15/><T44/><D58/><U61/><E77/><V132/><F30/><W67/><G67/><T71/><D71/><U54/><E127/><V31/><F31/><W8/><REACH who="3" step="1"/><G17/><REACH who="3" ten="214,280,266,230" step="2"/><T100/><D100/><U21/><E14/><V97/><F131/><W89/><G89/><T4/><D2/><U125/><E125/><V121/><F97/><W103/><G103/><T16/><D16/><U19/><E19/><V11/><F11/><W66/><G66/><T81/><D18/><U57/><E70/><N who="2" m="42279" /><F121/><W27/><G27/><T45/><D25/><U59/><E114/><V0/><F0/><W82/><G82/><T64/><D64/><N who="1" m="38959" /><E115/><V28/><F28/><W41/><AGARI ba="1,1" hai="6,8,12,41,47,48,74,76,83,84,90,92,122,123" machi="41" ten="20,5200,0" yaku="1,1,0,1,7,1,52,1,53,0" doraHai="3" doraHaiUra="96" who="3" fromWho="3" sc="214,-14,280,-27,266,-14,230,65" /><INIT seed="2,0,0,5,5,101" ten="200,253,252,295" oya="2" hai0="110,54,97,55,64,3,36,23,52,89,30,117,4" hai1="76,100,87,40,15,56,132,18,119,79,107,50,22" hai2="70,53,67,9,16,27,42,113,57,128,60,133,14" hai3="126,0,63,130,96,93,33,75,95,51,2,41,32"/><V102/><F113/><W109/><G75/><T65/><D36/><U82/><BYE who="3" /><E119/><V47/><F128/><W13/><G13/><T86/><D117/><U74/><E132/><V122/><F133/><UN n3="%6D%75%75%6D%75%72%61" /><W115/><G109/><T72/><D72/><U71/><E71/><V84/><F122/><W59/><G126/><T38/><D38/><U19/><E74/><V111/><F111/><W78/><G78/><T1/><D110/><U121/><E121/><V24/><F84/><W69/><G69/><T85/><D1/><U81/><E81/><V134/><F102/><W5/><G95/><T10/><D97/><U112/><E112/><V114/><F114/><W68/><G68/><T20/><D85/><U28/><E28/><V125/><F125/><W120/><G130/><T123/><D123/><U77/><E19/><V88/><F88/><W103/><G0/><T49/><D49/><U37/><E37/><V11/><F11/><W91/><G91/><T116/><D116/><U26/><E15/><V98/><F98/><W58/><G5/><T104/><D104/><U48/><E48/><N who="2" m="30887" /><F134/><W29/><G2/><T131/><D131/><U35/><E35/><V45/><F45/><W105/><G105/><T129/><D129/><U39/><E39/><AGARI ba="0,0" hai="9,14,16,24,27,39,42,47,60,67,70" m="30887" machi="39" ten="30,2900,0" yaku="24,1,54,1" doraHai="101" who="2" fromWho="1" sc="200,0,253,-29,252,29,295,0" /><INIT seed="2,1,0,3,4,101" ten="200,224,281,295" oya="2" hai0="50,98,67,131,116,7,42,3,102,64,85,54,122" hai1="135,130,100,124,46,89,134,112,56,97,81,80,2" hai2="123,106,38,40,14,128,107,87,118,94,77,31,84" hai3="5,10,113,108,92,19,1,110,71,76,28,34,63"/><V53/><F118/><W62/><G113/><T90/><D116/><U117/><E2/><V27/><F123/><W74/><G71/><T73/><D131/><U75/><E117/><V55/><F128/><W37/><G37/><T29/><D73/><U13/><E130/><V115/><F115/><W109/><G19/><T103/><D103/><U127/><E46/><V78/><F38/><W88/><G76/><T8/><D42/><U133/><E56/><V104/><F40/><W99/><G74/><T61/><D61/><U4/><E13/><V91/><F14/><W32/><G28/><T96/><D29/><U11/><E11/><V47/><F47/><W65/><G65/><T44/><D96/><U119/><E4/><V52/><REACH who="2" step="1"/><F87/><REACH who="2" ten="200,224,271,295" step="2"/><W86/><G86/><T18/><D122/><U60/><E112/><V129/><F129/><W105/><G1/><T15/><D3/><U12/><E12/><V82/><F82/><N who="1" m="31849" /><E119/><V95/><F95/><W21/><G92/><N who="0" m="58695" /><D7/><U20/><E75/><V49/><F49/><W68/><G5/><T58/><D44/><U79/><E134/><V126/><F126/><W30/><G110/><T16/><D18/><U111/><E135/><V35/><AGARI ba="1,1" hai="27,31,35,52,53,55,77,78,84,91,94,104,106,107" machi="35" ten="40,18000,2" yaku="1,1,0,1,52,3,54,1,53,0" doraHai="101" doraHaiUra="33" who="2" fromWho="2" sc="200,-61,224,-61,271,193,295,-61" /><INIT seed="2,2,0,3,0,11" ten="139,163,464,234" oya="2" hai0="1,126,44,129,52,130,35,67,25,73,10,125,41" hai1="56,131,48,24,106,108,69,74,5,114,133,86,49" hai2="120,4,54,15,43,99,76,107,103,94,34,115,90" hai3="121,37,95,84,9,97,18,23,111,13,122,75,27"/><V93/><F115/><W26/><G75/><T2/><D73/><U70/><E74/><V104/><F120/><W128/><G37/><N who="0" m="21551" /><D67/><U80/><E106/><V77/><F34/><W117/><G117/><T55/><D25/><U83/><E114/><V127/><F43/><W81/><G111/><T105/><D35/><U134/><E108/><V96/><F54/><N who="0" m="20522" /><D105/><N who="2" m="40522" /><F15/><W51/><G128/><N who="0" m="49259" /><D10/><U31/><E131/><V45/><F4/><W30/><G27/><T135/><D135/><N who="1" m="51723" /><E5/><V101/><F45/><W8/><G8/><T17/><D17/><U22/><E56/><V98/><F127/><AGARI ba="2,0" hai="1,2,125,126,127" m="49259,20522,21551" machi="127" ten="30,3900,0" yaku="18,1,19,1,54,1" doraHai="11" who="0" fromWho="2" sc="139,45,163,0,464,-45,234,0" /><INIT seed="3,0,0,0,1,21" ten="184,163,419,234" oya="3" hai0="122,27,60,107,123,81,28,15,108,0,104,111,68" hai1="85,101,124,49,20,115,47,103,66,5,51,76,125" hai2="57,119,52,10,128,110,50,62,131,105,1,89,126" hai3="31,83,56,112,91,36,121,30,4,69,13,77,3"/><W102/><G112/><T40/><D0/><U133/><E115/><V2/><F119/><W95/><G69/><T11/><D40/><U59/><E5/><V93/><F105/><N who="0" m="40522" /><D81/><N who="1" m="47271" /><E66/><V41/><F110/><N who="0" m="42026" /><D60/><U129/><E59/><V18/><F126/><N who="1" m="48745" /><E51/><V78/><F50/><W38/><G38/><T12/><D68/><U8/><E8/><V17/><F10/><W54/><G3/><T97/><D97/><U73/><E73/><V61/><F61/><W88/><G36/><T53/><D53/><U71/><E71/><V127/><F127/><W67/><G67/><T118/><D118/><U120/><E120/><N who="0" m="46121" /><D11/><U98/><E49/><V43/><F2/><W26/><G121/><T92/><D92/><N who="1" m="58567" /><E47/><V99/><F1/><W6/><G6/><T58/><D58/><U34/><E34/><AGARI ba="0,0" hai="12,15,27,28,34" m="46121,42026,40522" machi="34" ten="40,2600,0" yaku="14,1,52,1" doraHai="21" who="0" fromWho="1" sc="184,26,163,-26,419,0,234,0" owari="210,-19.0,137,-36.3,419,51.9,234,3.4" /></mjloggm>