<mjloggm ver="2.3"><GO type="225" lobby="0"/><UN n0="%74%61%6B%65%2D%79%6F%75" n1="%E3%81%82%E3%81%99%E3%81%AB%E3%82%83%E3%82%80" n2="%E7%B4%94%E6%BD%94%E3%83%94%E3%83%A9%E3%83%8B%E3%82%A2" n3="%6D%75%75%6D%75%72%61" dan="17,16,17,16" rate="2135.40,2061.66,2220.13,2217.89" sx="M,F,M,F"/><TAIKYOKU oya="0"/><INIT seed="0,0,0,2,3,56" ten="250,250,250,250" oya="0" hai0="129,91,71,42,88,121,118,11,7,98,13,96,124" hai1="40,130,37,74,112,113,87,106,69,110,76,44,78" hai2="28,115,8,12,31,93,111,126,25,10,1,33,79" hai3="128,18,70,55,122,99,29,16,50,86,97,27,19"/><T81/><D118/><U43/><E110/><V109/><F93/><W72/><G72/><T35/><D121/><U53/><E106/><V46/><F79/><W60/><G122/><T5/><D129/><U83/><E130/><V132/><F46/><W104/><G128/><T26/><D124/><U34/><E34/><V3/><F115/><N who="1" m="44105" /><E43/><V84/><F84/><W116/><G116/><T17/><D71/><U119/><E69/><V102/><F102/><W100/><G97/><N who="0" m="37483" /><D35/><U6/><E6/><N who="0" m="2057" /><D42/><U62/><E119/><V63/><F33/><N who="3" m="20671" /><G86/><N who="0" m="50255" /><D91/><N who="1" m="51711" /><E74/><V125/><F111/><W68/><G68/><T75/><D75/><U54/><E54/><V22/><F109/><W90/><G90/><T9/><D26/><U117/><E117/><V24/><F25/><W101/><G101/><T59/><D59/><AGARI ba="0,0" hai="37,40,44,53,59,62,76,78" m="51711,44105" machi="59" ten="30,2000,0" yaku="11,1,52,1" doraHai="56" who="1" fromWho="0" sc="250,-20,250,20,250,0,250,0" /><INIT seed="1,0,0,2,3,58" ten="230,270,250,250" oya="1" hai0="113,106,29,78,82,65,45,122,17,80,102,2,16" hai1="83,9,101,110,12,69,79,13,3,119,59,127,118" hai2="63,27,32,111,132,93,20,85,0,51,130,112,103" hai3="76,35,41,120,68,54,57,14,28,64,52,107,21"/><U135/><E69/><V74/><F74/><W8/><G120/><T77/><D113/><U92/><E135/><V5/><F32/><W62/><G107/><T72/><D122/><U105/><E127/><V95/><F111/><W75/><G35/><T25/><D2/><U87/><E110/><V96/><F130/><W38/><G75/><T115/><D115/><U44/><E44/><V26/><F26/><N who="3" m="16463" /><G38/><T39/><D65/><U84/><E105/><V109/><F109/><W91/><G68/><T98/><D45/><U70/><E70/><V37/><F37/><W114/><G114/><T81/><D39/><U125/><E125/><V15/><F0/><W36/><G36/><T128/><D128/><U30/><E30/><N who="2" m="17767" /><F51/><W99/><G76/><T55/><D55/><U46/><E46/><V49/><F49/><W47/><G41/><T10/><D10/><U6/><E59/><V43/><F43/><W94/><G47/><T48/><D48/><U89/><REACH who="1" step="1"/><E101/><REACH who="1" ten="230,260,250,250" step="2"/><N who="2" m="60559" /><F132/><W22/><G22/><T71/><D71/><U97/><E97/><V4/><F103/><W7/><AGARI ba="0,1" hai="7,8,14,52,54,57,62,64,91,94,99" m="16463" machi="7" ten="30,4000,0" yaku="8,1,52,1,54,1" doraHai="58" who="3" fromWho="3" sc="230,-10,260,-20,250,-10,250,50" /><INIT seed="2,0,0,5,1,81" ten="220,240,240,300" oya="2" hai0="98,76,79,62,1,118,131,23,115,133,97,92,134" hai1="110,26,124,68,94,16,24,66,20,89,120,27,117" hai2="116,17,48,0,78,126,55,106,11,34,130,70,19" hai3="12,56,3,67,109,41,22,45,9,128,61,111,71"/><V135/><F106/><W29/><G128/><T87/><D1/><U65/><E117/><V18/><F34/><W44/><G71/><T8/><D8/><U119/><E119/><V43/><F116/><W101/><G101/><T57/><D118/><U54/><E110/><N who="3" m="41994" /><G41/><T93/><D115/><U121/><E124/><V107/><F107/><W88/><G88/><N who="0" m="53279" /><D23/><U59/><E68/><V31/><F31/><W33/><G33/><T83/><D131/><U7/><E7/><V60/><F130/><W77/><G77/><N who="0" m="29771" /><D83/><U52/><E120/><V113/><F78/><W91/><G91/><T125/><D125/><U53/><E121/><V49/><F113/><W90/><G90/><T73/><D73/><U63/><E66/><V86/><F0/><W28/><G3/><T2/><D2/><U103/><E103/><V80/><F11/><W13/><G22/><T69/><D69/><U96/><AGARI ba="0,0" hai="16,20,24,26,27,52,53,54,59,63,65,89,94,96" machi="96" ten="30,7900,0" yaku="0,1,8,1,54,2" doraHai="81" who="1" fromWho="1" sc="220,-20,240,79,240,-39,300,-20" /><INIT seed="3,0,0,4,1,63" ten="200,319,201,280" oya="3" hai0="49,32,113,68,126,95,56,102,41,6,3,83,19" hai1="72,5,51,115,92,43,88,82,111,132,37,30,67" hai2="39,99,46,42,28,16,128,7,70,130,57,2,78" hai3="66,117,69,119,121,90,84,135,87,14,118,29,80"/><W105/><G121/><T75/><D126/><U31/><E67/><V17/><F70/><W52/><G105/><T127/><D127/><U53/><E115/><V35/><F78/><W86/><G135/><T38/><D68/><U101/><E5/><V124/><F124/><W129/><G129/><N who="2" m="49769" /><F57/><W45/><G29/><T77/><D113/><U12/><E82/><V73/><F73/><W89/><G14/><T104/><D32/><U110/><E12/><V48/><F39/><W11/><G11/><N who="0" m="2527" /><D104/><U100/><E101/><V4/><F99/><W114/><G114/><T76/><D76/><U94/><E94/><V64/><F64/><W125/><G125/><T15/><D102/><U44/><E100/><V103/><F103/><W109/><G109/><T59/><D95/><U23/><E132/><V20/><F4/><W134/><G134/><T97/><D97/><U79/><E79/><V1/><F35/><W24/><G24/><T9/><D49/><U98/><E51/><V85/><F85/><W91/><G80/><T96/><D96/><U50/><E98/><V71/><F71/><W0/><G0/><N who="2" m="105" /><F7/><W131/><G131/><T10/><D10/><U13/><E50/><V120/><F120/><W61/><G52/><T55/><D55/><U112/><E53/><V106/><F106/><W40/><G40/><T34/><D34/><U74/><E112/><V54/><F54/><W21/><G21/><T65/><D65/><U18/><E110/><V26/><AGARI ba="0,0" hai="16,17,20,26,28,42,46,48" m="105,49769" machi="26" ten="40,2700,0" yaku="19,1,54,1" doraHai="63" who="2" fromWho="2" sc="200,-7,319,-7,201,27,280,-13" owari="193,-30.7,312,41.2,228,-17.2,267,6.7" /></mjloggm>