<mjloggm ver="2.3"><GO type="225" lobby="0"/><UN n0="%77%72%77%72%77%72%77%72" n1="%E3%83%9F%E3%82%B9%E3%82%BF%E3%83%BC%E3%83%89%E3%83%BC%E3%83%8A%E3%83%84" n2="%E4%BA%95%E5%B8%AF" n3="%E3%81%8B%E3%82%8F%E3%81%A1%E3%82%83%E3%82%93%35%38" dan="16,16,16,16" rate="2189.32,2075.17,2048.49,2140.90" sx="M,M,M,M"/><TAIKYOKU oya="0"/><INIT seed="0,0,0,1,1,105" ten="250,250,250,250" oya="0" hai0="99,0,13,34,110,92,73,28,39,51,6,17,119" hai1="53,25,5,71,48,59,94,108,102,123,26,78,93" hai2="90,23,87,135,29,52,49,106,100,122,107,96,30" hai3="91,134,2,18,120,76,72,112,83,70,89,116,55"/><T84/><D119/><U24/><E71/><V133/><F122/><W88/><G2/><T81/><D39/><U129/><E123/><V131/><F107/><W69/><G120/><T31/><D110/><U61/><E108/><V132/><F131/><W68/><G116/><T85/><D34/><U57/><E129/><V118/><F23/><W130/><G130/><T1/><D73/><U77/><E5/><V9/><F9/><W3/><G3/><T32/><D85/><U75/><E102/><V63/><F63/><W80/><G112/><T98/><D98/><U74/><E74/><V22/><F22/><W36/><G36/><T35/><D35/><U12/><E12/><V79/><F79/><N who="1" m="30217" /><E75/><V82/><REACH who="2" step="1"/><F118/><REACH who="2" ten="250,250,240,250" step="2"/><W27/><G69/><T126/><D32/><U56/><E61/><V14/><F14/><W33/><G70/><T54/><D0/><U86/><E86/><V101/><F101/><W50/><G68/><T67/><D84/><U95/><AGARI ba="0,1" hai="24,25,26,48,53,56,57,59,93,94,95" m="30217" machi="95" ten="40,1500,0" yaku="8,1" doraHai="105" who="1" fromWho="1" sc="250,-7,250,25,240,-4,250,-4" /><INIT seed="1,0,0,4,3,5" ten="243,275,236,246" oya="1" hai0="97,49,110,82,111,85,95,121,11,116,130,77,21" hai1="86,30,25,57,131,124,46,108,91,56,60,43,20" hai2="0,69,42,37,87,101,99,44,24,106,38,70,55" hai3="16,59,132,109,54,76,64,62,89,48,100,58,4"/><U134/><E131/><V22/><F37/><W84/><G109/><N who="0" m="41483" /><D116/><U94/><E108/><V113/><F113/><W133/><G100/><T8/><D130/><U115/><E134/><V23/><F23/><W14/><G4/><T66/><D121/><U73/><E73/><V32/><F32/><W128/><G76/><T65/><D21/><U29/><E124/><V74/><F74/><W105/><G105/><T13/><D49/><U123/><E123/><V17/><F0/><W9/><REACH who="3" step="1"/><G128/><REACH who="3" ten="243,275,236,236" step="2"/><T31/><D31/><U18/><E115/><V39/><F101/><W1/><G1/><T81/><D81/><AGARI ba="0,1" hai="9,14,16,48,54,58,59,62,64,81,84,89,132,133" machi="81" ten="40,8000,1" yaku="1,1,52,1,54,1,53,1" doraHai="5" doraHaiUra="12" who="3" fromWho="0" sc="243,-80,275,0,236,0,236,90" /><INIT seed="2,0,0,3,3,78" ten="163,275,236,326" oya="2" hai0="120,57,60,123,38,80,66,99,109,30,54,6,28" hai1="58,50,130,129,98,49,124,69,22,16,23,133,115" hai2="108,100,134,39,14,131,72,35,18,81,96,75,88" hai3="110,117,83,113,85,36,67,87,65,24,112,105,52"/><V2/><F2/><W43/><G117/><T40/><D109/><U101/><E69/><V93/><F39/><W20/><G110/><T107/><D6/><U10/><E115/><N who="3" m="44106" /><G105/><T94/><D107/><U1/><E124/><V84/><F108/><W116/><G116/><T46/><D123/><U91/><E91/><V86/><F131/><N who="1" m="50185" /><E133/><V90/><F35/><W125/><G125/><T8/><D8/><U118/><E118/><V73/><F134/><W70/><G70/><T47/><D120/><U48/><E58/><V25/><F25/><W106/><G106/><T64/><D47/><U61/><E61/><V62/><F62/><W55/><G85/><T77/><D66/><N who="3" m="25097" /><G43/><T26/><D64/><U111/><E111/><V31/><F31/><N who="3" m="17799" /><G36/><T114/><D26/><U7/><E16/><V119/><F119/><W59/><G59/><T56/><D56/><U11/><E11/><V27/><F27/><W103/><G103/><T68/><D68/><U42/><E42/><V37/><F37/><W128/><G128/><T3/><D114/><U45/><E45/><V53/><F53/><W89/><AGARI ba="0,0" hai="52,55,83,87,89" m="17799,25097,44106" machi="89" ten="30,4000,0" yaku="11,1,52,1,54,1" doraHai="78" who="3" fromWho="3" sc="163,-10,275,-10,236,-20,326,40" /><INIT seed="3,0,0,2,1,19" ten="153,265,216,366" oya="3" hai0="52,38,73,104,110,89,63,127,113,121,24,79,72" hai1="93,43,77,118,112,126,25,131,6,5,37,67,88" hai2="102,122,0,66,81,132,92,27,11,106,14,15,75" hai3="135,90,83,125,87,9,107,96,49,26,97,20,10"/><W51/><G125/><T134/><D121/><U36/><E67/><V54/><F106/><W33/><G33/><T23/><D127/><U32/><E77/><V31/><F122/><W62/><G62/><T34/><D34/><U103/><E103/><V22/><F132/><W124/><G124/><T105/><D134/><U1/><E112/><V94/><F66/><W130/><G130/><T115/><D38/><U28/><E43/><V129/><F129/><W108/><G108/><T50/><D110/><U109/><E109/><V40/><F40/><W128/><G128/><T68/><D89/><U98/><E131/><V65/><F65/><W84/><G84/><T30/><D63/><U60/><E6/><V61/><F0/><W74/><G74/><T71/><D105/><U82/><E60/><V59/><F102/><W44/><G135/><T64/><D104/><U100/><E126/><V111/><F15/><W12/><G49/><T7/><D7/><U56/><E118/><V116/><F111/><W86/><G86/><T99/><D99/><N who="3" m="37961" /><G12/><T39/><D39/><U42/><E1/><V91/><F116/><W123/><G107/><T41/><D41/><U53/><E32/><V16/><F75/><N who="0" m="28746" /><D79/><U85/><E42/><V57/><F91/><W2/><G2/><T80/><D80/><U46/><E82/><V114/><F81/><W8/><G123/><T120/><D120/><U18/><E37/><V69/><F94/><W21/><G83/><T117/><D117/><U58/><E93/><V13/><F92/><W55/><G90/><T133/><D133/><U101/><E88/><RYUUKYOKU ba="0,0" sc="153,0,265,0,216,0,366,0" owari="153,-34.7,265,6.5,216,-18.4,366,46.6" /></mjloggm>