<mjloggm ver="2.3"><GO type="225" lobby="0"/><UN n0="%6D%75%75%6D%75%72%61" n1="%E5%80%89%E6%A9%8B%EF%BC%A0%E4%BA%8B%E5%8B%99" n2="%73%6C%69%63%6B%33%31%39" n3="%E3%81%8F%E3%81%BE%E3%81%96%E3%82%8F" dan="17,16,17,16" rate="2194.18,2099.22,2207.35,2049.76" sx="F,M,M,M"/><TAIKYOKU oya="0"/><INIT seed="0,0,0,4,1,92" ten="250,250,250,250" oya="0" hai0="133,118,11,57,62,46,60,116,6,69,37,74,9" hai1="104,59,19,109,18,40,84,99,65,127,32,52,39" hai2="38,45,1,90,20,95,36,88,113,101,26,129,2" hai3="68,10,82,25,108,24,14,130,121,12,106,47,93"/><T41/><D133/><U135/><E32/><V0/><F113/><W80/><G106/><T8/><D6/><U102/><E65/><V91/><F129/><W4/><G68/><T42/><D74/><U53/><E135/><V96/><REACH who="2" step="1"/><F45/><REACH who="2" ten="250,250,240,250" step="2"/><W16/><G130/><T28/><D46/><U29/><E109/><V63/><F63/><W97/><G108/><T3/><D62/><U86/><E127/><V112/><F112/><W79/><G47/><T134/><D134/><U125/><E125/><V50/><F50/><W105/><G121/><T15/><D60/><U21/><E39/><V103/><F103/><N who="3" m="60847" /><G105/><T71/><D37/><U131/><E102/><V128/><F128/><W83/><G79/><T120/><D120/><U22/><E104/><V115/><F115/><W132/><G132/><T73/><D116/><U94/><E131/><V89/><N who="2" m="22528" /><DORA hai="123" /><V107/><F107/><W98/><G98/><T67/><D118/><U119/><E119/><V114/><F114/><W77/><G77/><T75/><D71/><U100/><E99/><V124/><F124/><W23/><AGARI ba="0,1" hai="4,10,12,14,16,23,24,25,80,82,83" m="60847" machi="23" ten="30,4000,0" yaku="8,1,52,1,54,1" doraHai="92,123" who="3" fromWho="3" sc="250,-20,250,-10,240,-10,250,50" /><INIT seed="1,0,0,4,4,43" ten="230,240,230,300" oya="1" hai0="128,127,34,62,60,120,102,32,2,79,92,24,22" hai1="47,31,70,86,46,29,104,132,106,23,49,116,41" hai2="94,121,4,135,1,64,36,129,122,119,107,125,115" hai3="131,75,55,9,76,15,85,80,133,30,10,56,0"/><U26/><E116/><V28/><RYUUKYOKU type="yao9" ba="0,0" sc="230,0,240,0,230,0,300,0" hai2="1,4,28,36,64,94,107,115,119,121,122,125,129,135" /><INIT seed="1,1,0,5,5,20" ten="230,240,230,300" oya="1" hai0="97,8,37,44,106,49,47,103,113,88,107,34,115" hai1="102,85,10,125,94,19,105,111,41,61,118,95,45" hai2="117,73,30,75,55,33,15,31,26,67,74,65,134" hai3="99,129,21,12,42,51,2,82,76,16,23,58,124"/><U28/><E118/><V69/><F117/><W128/><G2/><T87/><D107/><U5/><E125/><V92/><F134/><W119/><G119/><T53/><D34/><U50/><E28/><V123/><F123/><W89/><G124/><T36/><D8/><U64/><E111/><V3/><F3/><W7/><G7/><T80/><REACH who="0" step="1"/><D44/><REACH who="0" ten="220,240,230,300" step="2"/><U130/><E45/><V86/><F33/><W112/><G112/><AGARI ba="1,1" hai="36,37,47,49,53,80,87,88,97,103,106,112,113,115" machi="112" ten="40,8000,1" yaku="1,1,2,1,54,1,53,1" doraHai="20" doraHaiUra="96" who="0" fromWho="3" sc="220,93,240,0,230,0,300,-83" /><INIT seed="2,0,0,1,3,30" ten="313,240,230,217" oya="2" hai0="82,75,6,101,69,108,107,46,124,87,83,41,125" hai1="91,36,60,94,34,50,99,120,27,51,0,17,93" hai2="81,122,98,73,32,64,44,23,84,19,102,21,88" hai3="72,58,4,26,123,119,5,131,59,53,68,55,12"/><V24/><F122/><W105/><G119/><T129/><D107/><U106/><E36/><V67/><F32/><W70/><G123/><T57/><D108/><U134/><E0/><V135/><F135/><W133/><G105/><T112/><D69/><U1/><E106/><V90/><F73/><W128/><G72/><T103/><D112/><U71/><E1/><V97/><F90/><W110/><G12/><T14/><D129/><U49/><E134/><V31/><F44/><W15/><G15/><T77/><D57/><U10/><E120/><V132/><F132/><W76/><G133/><T86/><D14/><U92/><E10/><V40/><F40/><W45/><G26/><T7/><D7/><U43/><E43/><V127/><F127/><N who="0" m="48714" /><D6/><U100/><E100/><N who="0" m="38473" /><D82/><U115/><E115/><V126/><F126/><W65/><G45/><T18/><D18/><U13/><E13/><N who="2" m="9455" /><F102/><W80/><G80/><T114/><D114/><U61/><E71/><V104/><F104/><W62/><G110/><T95/><D95/><N who="1" m="56831" /><E34/><V2/><F2/><W22/><G131/><T33/><D33/><U111/><E111/><V118/><F118/><W121/><G128/><T11/><D11/><U89/><E89/><V63/><F63/><W35/><G35/><T117/><D117/><U56/><E56/><V52/><F88/><W38/><G121/><T109/><D109/><U113/><E113/><V25/><F98/><W47/><G70/><T130/><D130/><U9/><E9/><V116/><F97/><W3/><G3/><T20/><D20/><AGARI ba="0,0" hai="17,20,27,49,50,51,60,61,92,93,94" m="56831" machi="20" ten="30,1000,0" yaku="8,1" doraHai="30" who="1" fromWho="0" sc="313,-10,240,10,230,0,217,0" /><INIT seed="3,0,0,2,4,75" ten="303,250,230,217" oya="3" hai0="32,122,43,4,123,60,125,110,30,13,118,88,121" hai1="114,86,25,127,41,8,17,71,96,65,0,95,117" hai2="103,49,87,116,92,29,106,109,28,77,21,132,51" hai3="105,99,9,85,45,80,19,18,76,61,10,6,2"/><W37/><G10/><T64/><D118/><U24/><E114/><V129/><F116/><W42/><REACH who="3" step="1"/><G61/><REACH who="3" ten="303,250,230,207" step="2"/><T72/><D60/><U102/><E8/><V124/><F124/><W15/><G15/><T54/><D13/><U113/><E127/><V12/><F132/><W48/><G48/><T90/><D125/><U108/><E117/><V101/><F49/><W112/><G112/><T46/><D121/><U69/><E113/><V82/><F129/><W34/><G34/><T91/><D32/><U100/><E0/><V59/><F109/><W7/><G7/><T130/><D4/><U104/><E108/><V89/><F12/><W57/><G57/><T3/><D3/><U63/><E63/><V55/><F21/><W119/><G119/><T52/><D110/><U53/><E71/><V67/><F67/><W22/><G22/><T68/><D130/><U44/><E69/><V50/><F50/><W120/><G120/><T115/><D115/><U83/><E65/><V97/><REACH who="2" step="1"/><F103/><AGARI ba="0,1" hai="2,6,9,18,19,37,42,45,76,80,85,99,103,105" machi="103" ten="40,3900,0" yaku="1,1,52,1,53,0" doraHai="75" doraHaiUra="56" who="3" fromWho="2" sc="303,0,250,0,230,-39,207,49" /><INIT seed="3,1,0,1,5,57" ten="303,250,191,256" oya="3" hai0="95,9,99,6,51,13,0,25,55,32,112,28,128" hai1="107,134,80,129,98,117,87,81,67,20,56,26,58" hai2="49,41,43,21,90,31,72,14,77,75,64,101,40" hai3="61,59,48,115,113,119,60,7,19,118,91,4,33"/><W82/><G33/><T2/><D128/><U85/><E129/><V1/><F1/><W135/><G19/><T35/><D35/><U111/><E111/><V102/><F75/><W68/><G82/><T93/><D93/><U78/><E134/><V69/><F72/><W15/><G91/><T54/><D54/><U106/><E117/><N who="3" m="44554" /><G15/><T27/><D27/><U63/><E56/><V132/><F132/><W53/><G4/><T66/><D66/><U12/><E12/><V86/><F77/><W74/><G7/><T3/><D112/><N who="3" m="43081" /><G74/><T131/><D131/><U109/><E109/><V103/><F69/><W76/><G76/><T5/><D5/><U37/><E37/><V50/><F64/><N who="3" m="40967" /><G135/><T100/><D3/><U22/><E98/><V84/><F84/><W45/><G45/><AGARI ba="1,0" hai="0,2,6,9,13,25,28,32,45,51,55,95,99,100" machi="45" ten="30,1000,0" yaku="7,1" doraHai="57" who="0" fromWho="3" sc="303,13,250,0,191,0,256,-13" owari="316,41.6,250,5.0,191,-30.9,243,-15.7" /></mjloggm>