<mjloggm ver="2.3"><GO type="225" lobby="0"/><UN n0="%74%61%6B%75%61%6B%61" n1="%E9%80%9F%E6%B0%B4%E5%87%9B%E9%A6%99" n2="%E2%91%A3%E9%81%BF%E9%81%8A%E6%88%AF%E3%80%90%E6%9D%B1%E5%8D%97%E3%80%91" n3="%E3%81%A1%E3%82%85%E3%81%86%E3%81%A9%E3%81%8F%E8%B1%A1%E3%81%95%E3%82%93" dan="17,16,16,17" rate="2182.79,2167.46,2089.82,2189.89" sx="M,F,M,M"/><TAIKYOKU oya="0"/><INIT seed="0,0,0,1,2,64" ten="250,250,250,250" oya="0" hai0="106,86,121,20,76,131,96,10,74,116,30,99,17" hai1="2,1,37,48,33,25,43,122,109,16,27,124,130" hai2="97,133,67,59,119,126,70,7,34,18,54,41,90" hai3="23,77,115,45,84,31,82,75,132,19,51,129,88"/><T127/><D121/><U40/><E37/><V85/><F119/><W60/><G115/><T123/><D123/><U73/><E73/><V98/><F34/><W47/><G132/><T13/><D116/><U71/><E122/><V49/><F133/><W0/><G129/><T94/><D131/><U135/><E135/><V100/><F126/><W89/><G0/><T128/><D128/><U57/><E130/><V112/><F112/><W110/><G110/><T62/><D106/><U134/><E134/><V26/><F7/><W79/><G31/><T103/><D127/><U114/><E114/><V58/><F41/><W68/><G75/><T56/><D74/><U80/><E80/><V113/><F70/><W28/><G28/><T36/><D36/><U12/><E71/><V3/><F3/><W8/><G8/><T118/><D96/><U11/><E124/><V120/><F100/><W55/><G47/><T65/><D118/><U52/><E109/><V29/><F29/><W125/><G125/><T105/><D105/><U104/><E104/><V81/><F113/><W63/><G77/><T111/><D111/><U107/><E107/><V87/><F87/><W39/><G39/><T91/><D76/><U6/><E1/><V22/><F120/><W66/><REACH who="3" step="1"/><G63/><AGARI ba="0,0" hai="18,22,26,49,54,58,59,63,67,81,85,90,97,98" machi="63" ten="40,1300,0" yaku="8,1" doraHai="64" who="2" fromWho="3" sc="250,0,250,0,250,13,250,-13" /><INIT seed="1,0,0,3,2,70" ten="250,250,263,237" oya="1" hai0="25,30,91,135,19,53,2,45,102,10,83,3,22" hai1="71,88,37,129,122,27,134,104,23,20,9,76,8" hai2="55,34,90,57,29,93,109,36,105,18,5,117,89" hai3="54,31,84,107,118,79,48,68,121,6,59,101,62"/><U58/><E71/><V40/><F109/><W131/><G121/><T51/><D135/><U123/><E104/><V16/><F105/><W111/><G6/><T80/><D102/><U1/><E134/><V132/><F132/><W21/><G111/><T97/><D2/><U115/><E115/><V128/><F5/><W0/><G0/><T116/><D116/><U24/><E76/><V64/><F64/><W14/><G118/><T13/><REACH who="0" step="1"/><D3/><REACH who="0" ten="240,250,263,237" step="2"/><U35/><E1/><V119/><F117/><W65/><G101/><T39/><D39/><U75/><E37/><V92/><F36/><W127/><G107/><T106/><D106/><U95/><E123/><V114/><F119/><W26/><G131/><T124/><D124/><U125/><E122/><V41/><F128/><W38/><G127/><T130/><D130/><U99/><E129/><V112/><F114/><W74/><G38/><T32/><D32/><U63/><E35/><V78/><F34/><W73/><REACH who="3" step="1"/><G14/><REACH who="3" ten="240,250,263,227" step="2"/><T11/><D11/><U94/><E125/><V82/><F112/><W81/><AGARI ba="0,2" hai="21,26,31,48,54,59,62,65,68,73,74,79,81,84" machi="81" ten="30,7900,0" yaku="1,1,2,1,0,1,53,1" doraHai="70" doraHaiUra="49" who="3" fromWho="3" sc="240,-20,250,-39,263,-20,227,99" /><INIT seed="2,0,0,4,5,3" ten="220,211,243,326" oya="2" hai0="57,10,99,93,126,6,131,69,98,63,49,111,51" hai1="28,38,90,1,33,56,40,129,105,24,20,58,77" hai2="91,134,47,65,0,68,125,13,100,60,106,120,53" hai3="124,59,96,102,133,50,14,4,135,97,29,128,73"/><V7/><F120/><W132/><G73/><T108/><D126/><U76/><E105/><V44/><F125/><W89/><G124/><T113/><D113/><U22/><E129/><V78/><F134/><W48/><G128/><T70/><D131/><U30/><E33/><V25/><F0/><W16/><G29/><T84/><D84/><U79/><E1/><V109/><F91/><W121/><G121/><T115/><D115/><U118/><E118/><V23/><F78/><W85/><G4/><T80/><D80/><U82/><E40/><V83/><F83/><N who="3" m="49343" /><G59/><T8/><D57/><U55/><E38/><V130/><F53/><W12/><G97/><T5/><D93/><U71/><E71/><V74/><F74/><W95/><G12/><T110/><D110/><U45/><E45/><V92/><F106/><W27/><G27/><T94/><D94/><U103/><E103/><V62/><F109/><W15/><G15/><T88/><D88/><U64/><E64/><V122/><F68/><W36/><G36/><T26/><D26/><N who="1" m="16455" /><E55/><V19/><F65/><W39/><G39/><T67/><D67/><U114/><E114/><V42/><F122/><W119/><G119/><T112/><D112/><U72/><E72/><V31/><F42/><W101/><G102/><T54/><D54/><U21/><E21/><AGARI ba="0,0" hai="14,16,21,48,50,95,96,101,132,133,135" m="49343" machi="21" ten="30,2000,0" yaku="20,1,54,1" doraHai="3" who="3" fromWho="1" sc="220,0,211,-20,243,0,326,20" /><INIT seed="3,0,0,3,5,100" ten="220,191,243,346" oya="3" hai0="133,78,107,19,87,94,42,63,120,37,125,113,16" hai1="86,98,82,43,48,40,92,77,24,49,108,66,5" hai2="114,46,41,44,91,9,55,129,95,27,22,35,31" hai3="36,88,67,30,45,131,1,32,60,109,123,54,71"/><W57/><G123/><T8/><D120/><U50/><E108/><V69/><F114/><W11/><G109/><T61/><D125/><U121/><E121/><V26/><F69/><W97/><G131/><T33/><D33/><U126/><E126/><V29/><F129/><W101/><G88/><N who="0" m="53535" /><D107/><U93/><E66/><V99/><F9/><W110/><G45/><T18/><D37/><U130/><E130/><V104/><F104/><W12/><G54/><T34/><D34/><U28/><E5/><V117/><F117/><W53/><G12/><N who="0" m="7175" /><D113/><U68/><E68/><V122/><F122/><W72/><G72/><T7/><D133/><U6/><E6/><V2/><F2/><W73/><G73/><T39/><D39/><U118/><E118/><V81/><F41/><W74/><G36/><T111/><D111/><U84/><E84/><V14/><F14/><W65/><G74/><T116/><D116/><U76/><E76/><V135/><F135/><W38/><G38/><T96/><D78/><U3/><E3/><V83/><F46/><W70/><G71/><T62/><D42/><U134/><E134/><V89/><F89/><W102/><G32/><T85/><D96/><U127/><E127/><V112/><F112/><W4/><G97/><T52/><D7/><U128/><E128/><V105/><F105/><W47/><G4/><T51/><D85/><U80/><E80/><V17/><F31/><W103/><G70/><T56/><AGARI ba="0,0" hai="18,19,51,52,56,61,62,63" m="7175,53535" machi="56" ten="30,7900,0" yaku="8,1,54,3" doraHai="100" who="0" fromWho="0" sc="220,79,191,-20,243,-20,346,-39" owari="299,9.9,171,-32.9,223,-17.7,307,40.7" /></mjloggm>