<mjloggm ver="2.3"><GO type="225" lobby="0"/><UN n0="%E5%86%B7%E5%87%8D%E3%82%AE%E3%83%A7%E3%83%BC%E3%82%B6" n1="%E3%80%90%E3%83%88%E3%83%AA%E3%83%A5%E3%83%95%E3%80%91" n2="%E7%B4%94%E6%BD%94%E3%83%94%E3%83%A9%E3%83%8B%E3%82%A2" n3="%6D%75%75%73%61%6E%6D%75" dan="17,16,17,17" rate="2198.92,2070.85,2108.42,2185.90" sx="M,F,M,F"/><TAIKYOKU oya="0"/><INIT seed="0,0,0,2,5,103" ten="250,250,250,250" oya="0" hai0="92,95,40,65,76,85,4,57,0,70,14,41,64" hai1="134,11,3,82,68,132,30,118,135,127,72,50,129" hai2="52,91,107,99,88,1,16,35,83,131,8,55,2" hai3="74,23,100,109,93,104,49,17,22,46,48,43,63"/><T38/><D0/><U44/><E118/><V28/><F131/><W106/><G74/><T116/><D116/><U119/><E119/><V125/><F35/><W33/><G33/><T86/><D70/><U27/><E129/><V12/><F28/><W51/><G109/><T69/><D69/><U26/><E127/><V60/><F125/><W39/><G63/><N who="0" m="37999" /><D65/><U90/><E68/><V110/><F110/><W10/><G10/><N who="0" m="4423" /><D38/><U115/><E30/><V7/><F1/><W96/><REACH who="3" step="1"/><G23/><REACH who="3" ten="250,250,250,240" step="2"/><T130/><D130/><U108/><E108/><V67/><F60/><W34/><G34/><T123/><D123/><U15/><E115/><V71/><F71/><W61/><G61/><T42/><D76/><N who="1" m="44295" /><E3/><V47/><F67/><W13/><AGARI ba="0,1" hai="13,17,22,39,43,46,48,49,51,93,96,100,104,106" machi="13" ten="30,7900,0" yaku="1,1,0,1,52,2,53,0" doraHai="103" doraHaiUra="62" who="3" fromWho="3" sc="250,-39,250,-20,250,-20,240,89" /><INIT seed="1,0,0,1,3,122" ten="211,230,230,329" oya="1" hai0="61,21,58,35,34,24,2,126,63,83,112,36,81" hai1="17,64,124,54,132,110,19,40,100,48,86,115,3" hai2="96,47,18,15,52,85,74,133,78,59,105,29,94" hai3="118,38,72,57,76,66,130,77,22,125,92,106,53"/><U11/><E115/><V82/><F133/><W93/><G106/><T56/><D112/><U39/><E132/><V84/><F29/><W68/><G38/><T87/><D36/><U108/><E64/><V49/><F105/><W31/><G68/><T80/><D2/><U101/><E86/><V27/><F27/><N who="3" m="16887" /><G72/><T37/><D37/><U5/><E124/><V28/><F28/><W14/><G125/><T23/><D126/><U41/><E39/><V46/><F74/><W45/><G130/><T104/><D87/><U129/><E129/><V91/><REACH who="2" step="1"/><F96/><REACH who="2" ten="211,230,220,329" step="2"/><W116/><G116/><T99/><D99/><U8/><E3/><V9/><AGARI ba="0,1" hai="9,15,18,46,47,49,52,59,78,82,84,85,91,94" machi="9" ten="20,12000,2" yaku="1,1,2,1,0,1,7,1,8,1,54,1,53,0" doraHai="122" doraHaiUra="117" who="2" fromWho="2" sc="211,-30,230,-60,220,130,329,-30" /><INIT seed="2,0,0,3,0,40" ten="181,170,350,299" oya="2" hai0="71,45,70,29,37,81,122,53,23,65,21,133,20" hai1="114,88,10,15,123,3,89,22,18,95,16,64,92" hai2="76,60,125,41,120,77,117,11,12,107,7,14,127" hai3="112,31,25,128,2,62,26,90,106,96,4,34,68"/><V84/><F117/><W121/><G121/><T56/><D122/><U116/><E114/><V55/><F120/><W5/><G112/><T8/><D133/><U134/><E134/><V86/><F107/><W110/><G110/><T51/><D29/><U58/><E123/><V38/><F38/><W54/><G128/><T50/><D37/><U72/><E72/><V105/><F105/><W93/><G2/><T49/><D65/><U13/><E3/><V118/><F41/><W135/><G135/><T104/><D104/><U19/><E116/><V32/><F32/><W98/><G26/><T17/><D81/><U27/><E58/><N who="2" m="34911" /><F14/><W91/><G54/><T73/><D73/><U1/><E1/><V48/><F48/><W100/><REACH who="3" step="1"/><G91/><REACH who="3" ten="181,170,350,289" step="2"/><N who="1" m="34890" /><E64/><AGARI ba="0,1" hai="4,5,25,31,34,62,64,68,90,93,96,98,100,106" machi="64" ten="40,8000,1" yaku="1,1,25,2,53,1" doraHai="40" doraHaiUra="101" who="3" fromWho="1" sc="181,0,170,-80,350,0,289,90" /><INIT seed="3,0,0,5,3,2" ten="181,90,350,379" oya="3" hai0="74,12,17,36,83,46,93,119,13,134,81,132,38" hai1="95,127,59,124,122,23,125,86,92,117,64,45,114" hai2="128,43,105,58,61,55,3,21,90,4,106,18,97" hai3="28,80,24,126,54,60,63,57,31,33,41,68,87"/><W129/><G129/><T123/><D119/><U116/><E23/><V98/><F128/><W118/><G118/><N who="1" m="45674" /><E45/><V115/><F115/><W27/><G126/><N who="1" m="32258" /><U49/><DORA hai="11" /><E114/><V6/><F3/><W73/><G73/><T32/><D123/><U7/><E122/><V94/><F43/><W120/><G120/><T104/><D104/><N who="2" m="40042" /><F97/><W76/><G41/><N who="0" m="22823" /><D38/><U78/><E64/><V56/><F56/><W35/><G68/><T110/><D74/><U51/><E78/><V107/><F107/><W99/><G99/><T25/><D110/><U19/><E19/><V69/><F69/><W77/><G76/><T75/><D75/><U101/><E101/><V108/><F108/><W62/><AGARI ba="0,0" hai="24,27,28,31,33,35,54,57,60,62,63,77,80,87" machi="62" ten="20,3900,0" yaku="0,1,7,1,9,1" doraHai="2,11" who="3" fromWho="3" sc="181,-13,90,-13,350,-13,379,39" owari="168,-23.2,77,-42.3,337,13.7,418,51.8" /></mjloggm>