<mjloggm ver="2.3"><GO type="225" lobby="0"/><UN n0="%E7%AD%89%E3%80%85%E5%8A%9B%E5%8A%87%E5%A0%B4" n1="%72%61%6B%33" n2="%E3%83%A1%E3%82%AC%E3%83%87%E3%82%B8" n3="%E9%B3%B3%E6%9D%B1%E3%81%AE%E3%81%86%E3%81%95%E3%81%8E%E3%81%95%E3%82%93" dan="16,18,16,17" rate="2148.29,2246.88,2079.56,2261.50" sx="M,M,F,M"/><TAIKYOKU oya="0"/><INIT seed="0,0,0,1,5,22" ten="250,250,250,250" oya="0" hai0="118,23,91,119,74,58,115,99,20,108,129,88,117" hai1="0,76,71,27,126,10,103,18,79,15,69,21,48" hai2="1,90,75,80,30,45,14,28,85,29,112,56,4" hai3="31,41,57,9,92,68,39,131,84,97,130,47,113"/><T67/><D115/><U62/><E126/><V52/><F112/><W16/><G113/><T5/><D74/><U60/><E0/><V50/><F1/><W83/><G68/><T123/><D123/><U66/><E103/><V98/><F75/><W106/><G106/><T77/><D77/><U42/><E69/><V11/><REACH who="2" step="1"/><F98/><REACH who="2" ten="250,250,240,250" step="2"/><W135/><G97/><T37/><D99/><U12/><E62/><V3/><F3/><W105/><G131/><T7/><D129/><U82/><E82/><V70/><F70/><W120/><G83/><T2/><D2/><U93/><E93/><V61/><F61/><W35/><G92/><T81/><D81/><U96/><E96/><V89/><F89/><W100/><G130/><T127/><D88/><U46/><REACH who="1" step="1"/><E12/><REACH who="1" ten="250,240,240,250" step="2"/><V25/><F25/><W86/><G100/><T38/><D118/><U102/><E102/><V121/><F121/><W36/><G120/><T49/><D119/><U78/><E78/><V110/><F110/><W125/><G125/><T134/><D108/><U32/><E32/><V59/><AGARI ba="0,2" hai="4,11,14,28,29,30,45,50,52,56,59,80,85,90" machi="59" ten="30,7900,0" yaku="1,1,0,1,8,1,54,1,53,0" doraHai="22" doraHaiUra="95" who="2" fromWho="2" sc="250,-39,240,-20,240,99,250,-20" /><INIT seed="1,0,0,3,3,135" ten="211,220,339,230" oya="1" hai0="33,19,38,62,122,74,76,12,83,132,6,5,79" hai1="40,128,133,105,92,39,78,20,125,73,91,131,60" hai2="70,50,58,61,32,48,97,109,96,9,111,85,87" hai3="7,86,65,116,24,2,129,101,103,43,119,84,117"/><U37/><E133/><V54/><F32/><W102/><G129/><T29/><D132/><U75/><E105/><V106/><F9/><N who="3" m="2295" /><G65/><T118/><D118/><U71/><E20/><V112/><F112/><W35/><G43/><T56/><D38/><U68/><E78/><V21/><F21/><W30/><AGARI ba="0,0" hai="24,30,35,84,86,101,102,103,116,117,119" m="2295" machi="30" ten="40,1500,0" yaku="12,1" doraHai="135" who="3" fromWho="3" sc="211,-4,220,-7,339,-4,230,15" /><INIT seed="2,0,0,1,2,55" ten="207,213,335,245" oya="2" hai0="56,77,134,13,85,4,129,34,124,81,1,21,3" hai1="65,135,116,76,41,54,128,59,28,78,30,10,5" hai2="97,105,42,120,84,60,121,125,37,104,74,112,69" hai3="101,62,132,61,22,111,106,91,32,16,57,73,109"/><V52/><F74/><W71/><G32/><T38/><D34/><U18/><E116/><V86/><F112/><W82/><G132/><T92/><D38/><U9/><E128/><V115/><F115/><W80/><G71/><T72/><D124/><U43/><E135/><V46/><F125/><W126/><G126/><T107/><D107/><U44/><E65/><V24/><F105/><W29/><G29/><T108/><D134/><U23/><E78/><V40/><F40/><W64/><G73/><T93/><D108/><N who="3" m="41545" /><G91/><T33/><D33/><U48/><E76/><V53/><F121/><W102/><G61/><T27/><D129/><U103/><E103/><N who="3" m="39434" /><G106/><T17/><D72/><U14/><E43/><V133/><F60/><W130/><G130/><T114/><D114/><U35/><E35/><V50/><F69/><W95/><G95/><T79/><D79/><U100/><E100/><V6/><F42/><W58/><G58/><T51/><D93/><U96/><E96/><V31/><F97/><W89/><G89/><T117/><D92/><U39/><REACH who="1" step="1"/><E10/><REACH who="1" ten="207,203,335,245" step="2"/><V83/><F133/><W118/><G118/><T131/><D117/><U67/><E67/><V99/><F99/><W94/><G94/><T45/><D131/><U2/><AGARI ba="0,1" hai="2,5,9,14,18,23,28,30,39,41,44,48,54,59" machi="2" ten="20,8000,1" yaku="1,1,0,1,7,1,52,1,53,1" doraHai="55" doraHaiUra="7" who="1" fromWho="1" sc="207,-20,203,90,335,-40,245,-20" /><INIT seed="3,0,0,5,0,108" ten="187,293,295,225" oya="3" hai0="109,77,46,121,11,76,34,122,51,83,63,114,103" hai1="75,14,17,113,88,44,47,30,96,74,21,10,59" hai2="29,105,6,115,40,36,66,100,127,79,89,57,0" hai3="23,32,9,19,128,110,55,45,8,134,5,13,104"/><W27/><G104/><T101/><D34/><U130/><E113/><V107/><F115/><W20/><G128/><T50/><D63/><U62/><E75/><V67/><F89/><W31/><G134/><T93/><D11/><U1/><E74/><V22/><F57/><W94/><G94/><T102/><D93/><N who="1" m="56359" /><E1/><V99/><F107/><W133/><G133/><T126/><D114/><U52/><E130/><V132/><F132/><W129/><G129/><T16/><D109/><U116/><E116/><V135/><F135/><W25/><G110/><T2/><D2/><U87/><E87/><V53/><F53/><W112/><G112/><T78/><D126/><U18/><E30/><V26/><F79/><W80/><G80/><T15/><D83/><U54/><E54/><V97/><F97/><W85/><G85/><T60/><D60/><U69/><E69/><V92/><F105/><W81/><G81/><T33/><D33/><U125/><E125/><V39/><F40/><W12/><G55/><T3/><D3/><U43/><E43/><V4/><F0/><N who="3" m="39" /><G45/><T91/><D91/><U35/><E35/><V131/><F131/><W71/><G71/><T124/><D124/><U61/><E61/><V84/><F127/><W70/><G70/><T68/><D68/><U95/><E95/><V120/><F84/><W65/><G65/><N who="2" m="24585" /><F120/><W28/><G32/><T123/><REACH who="0" step="1"/><D46/><REACH who="0" ten="177,293,295,225" step="2"/><U64/><E64/><V98/><F100/><W118/><G118/><T111/><D111/><U41/><E41/><V117/><F117/><W72/><G72/><T42/><D42/><U56/><E56/><RYUUKYOKU ba="0,1" sc="177,10,293,10,295,-30,225,10" hai0="15,16,50,51,76,77,78,101,102,103,121,122,123" hai1="10,14,17,18,21,44,47,52,59,62" hai3="9,12,13,19,20,23,25,27,28,31" /><INIT seed="3,1,1,5,5,79" ten="187,303,265,235" oya="3" hai0="41,64,52,118,40,15,67,103,48,90,77,117,55" hai1="129,124,86,4,20,105,81,82,31,132,60,29,102" hai2="61,76,39,100,24,83,95,34,19,36,96,22,73" hai3="123,92,16,84,114,131,59,87,53,71,25,21,121"/><W85/><G114/><T111/><D103/><U112/><E112/><V94/><F34/><W109/><G71/><T12/><D90/><U108/><E108/><V23/><F95/><W37/><G109/><T18/><D111/><U10/><E124/><V135/><F135/><W27/><G131/><T30/><D30/><U49/><E132/><V78/><F78/><W62/><G37/><T9/><D77/><U91/><E60/><V8/><F8/><W44/><G44/><T3/><D3/><U107/><E107/><V106/><F106/><W80/><G80/><T28/><D28/><U0/><E129/><V119/><F119/><W127/><G127/><T42/><D55/><U5/><E5/><V125/><F125/><W38/><G38/><T72/><D72/><U58/><E82/><V56/><REACH who="2" step="1"/><F23/><REACH who="2" ten="187,303,255,235" step="2"/><N who="3" m="13543" /><G123/><T43/><N who="0" m="10240" /><DORA hai="128" /><T57/><REACH who="0" step="1"/><D15/><REACH who="0" ten="177,303,255,235" step="2"/><U2/><E2/><V120/><F120/><W45/><G121/><T65/><AGARI ba="1,3" hai="9,12,18,48,52,57,64,65,67,117,118" m="10240" machi="65" ten="50,8000,1" yaku="1,1,2,1,0,1,54,1,53,1" doraHai="79,128" doraHaiUra="101,14" who="0" fromWho="0" sc="177,113,303,-21,255,-21,235,-41" /><INIT seed="4,0,0,1,1,96" ten="290,282,234,194" oya="0" hai0="93,65,94,16,66,32,53,68,107,7,4,58,48" hai1="113,38,72,57,2,8,15,11,121,39,122,36,124" hai2="22,73,70,109,56,59,37,0,115,20,42,44,92" hai3="135,26,3,67,112,116,1,55,129,9,29,99,61"/><T134/><D32/><U54/><E72/><V119/><F109/><W78/><G116/><T17/><D107/><U86/><E124/><V43/><F70/><W128/><G112/><T21/><D134/><U111/><E111/><V98/><F115/><W45/><G135/><T85/><D16/><U41/><E113/><V14/><F0/><W132/><G132/><T104/><D104/><U79/><E2/><V125/><F125/><W126/><G126/><T108/><D108/><U71/><E41/><V87/><F73/><W91/><G78/><T95/><D85/><U127/><E71/><V117/><F87/><W5/><G1/><T100/><D100/><U102/><E102/><N who="2" m="60743" /><F42/><W76/><G76/><T28/><D28/><U25/><E25/><V13/><F14/><W40/><G55/><T88/><D88/><U131/><E131/><N who="3" m="50250" /><G99/><T19/><D19/><U60/><E127/><V74/><F74/><W6/><G91/><T83/><D83/><U114/><E114/><V27/><F13/><W90/><G90/><T75/><D75/><U46/><E15/><V120/><F20/><N who="3" m="15559" /><G9/><T12/><D68/><U118/><E8/><V50/><F119/><W133/><G133/><T82/><D82/><N who="1" m="47455" /><E11/><V24/><F22/><W51/><G3/><T23/><D21/><U81/><E81/><V64/><F117/><W52/><G40/><T80/><D80/><U49/><E118/><V101/><F24/><W10/><G10/><T47/><D47/><U18/><E18/><V123/><F27/><W33/><G33/><T103/><D103/><U106/><E106/><V89/><F101/><RYUUKYOKU ba="0,0" sc="290,10,282,10,234,-30,194,10" hai0="4,7,12,17,23,48,53,58,65,66,93,94,95" hai1="36,38,39,46,49,54,57,60,121,122" hai3="5,6,45,51,52,61,67" owari="300,40.0,292,9.2,204,-19.6,204,-29.6" /></mjloggm>