<mjloggm ver="2.3"><GO type="225" lobby="0"/><UN n0="%72%61%6B%33" n1="%E7%99%BD%E9%9B%AA%E4%B9%83%E6%84%9B" n2="%E3%82%B2%E3%82%B9%E8%8C%82%E5%8B%9D" n3="%E5%8F%AF%E5%85%90%E9%82%A3%E7%94%B1%E5%A4%9A" dan="16,16,16,17" rate="2113.10,2051.85,2047.29,2206.57" sx="M,F,F,F"/><TAIKYOKU oya="0"/><INIT seed="0,0,0,1,3,5" ten="250,250,250,250" oya="0" hai0="121,89,74,118,114,49,100,98,78,47,82,122,99" hai1="61,133,18,80,67,85,63,93,112,14,81,16,9" hai2="106,116,113,32,117,30,71,50,60,39,105,107,11" hai3="24,120,3,56,86,54,134,110,132,35,88,66,83"/><T15/><D114/><U77/><E133/><N who="3" m="51306" /><G110/><T25/><D118/><N who="2" m="45674" /><F113/><W26/><G120/><T53/><D25/><U42/><E112/><V8/><F39/><W79/><G66/><T127/><D127/><U102/><E42/><V94/><F94/><N who="3" m="54551" /><G3/><T62/><D62/><N who="1" m="23563" /><E67/><N who="2" m="41447" /><F50/><N who="3" m="30807" /><G35/><T111/><D111/><U7/><E81/><V104/><N who="2" m="26624" /><DORA hai="22" /><V41/><F41/><W97/><G97/><AGARI ba="0,0" hai="7,9,14,16,18,77,80,85,93,97,102" m="23563" machi="97" ten="30,3900,0" yaku="8,1,52,1,54,1" doraHai="5,22" who="1" fromWho="3" sc="250,0,250,39,250,0,250,-39" /><INIT seed="1,0,0,4,0,7" ten="250,289,250,211" oya="1" hai0="4,56,31,66,102,36,78,133,0,59,58,95,44" hai1="79,47,19,101,46,87,27,53,70,93,38,61,119" hai2="100,83,118,20,6,16,23,50,92,69,52,130,45" hai3="121,76,21,64,117,80,3,48,26,8,103,63,9"/><U85/><E119/><V29/><F130/><W127/><G121/><T110/><D110/><U82/><E38/><V14/><F118/><W116/><G127/><T112/><D112/><U12/><E27/><N who="2" m="16615" /><F69/><W18/><G117/><T68/><D133/><U34/><E34/><V91/><F6/><W84/><G116/><T17/><D31/><U125/><E125/><V88/><F83/><W113/><G113/><T55/><D17/><U15/><E15/><V120/><F120/><W123/><G123/><T39/><D78/><U86/><E70/><V115/><F115/><W126/><G126/><T1/><D95/><U99/><E61/><V135/><F135/><W33/><G3/><T51/><D102/><U122/><E122/><V114/><F114/><W108/><G33/><T132/><D132/><U57/><E57/><N who="0" m="22121" /><D4/><U42/><E53/><V30/><F30/><W35/><G35/><T129/><D0/><U97/><E97/><AGARI ba="0,0" hai="14,16,23,45,50,52,88,91,92,97,100" m="16615" machi="97" ten="30,7700,0" yaku="8,1,54,3" doraHai="7" who="2" fromWho="1" sc="250,0,289,-77,250,77,211,0" /><INIT seed="2,0,0,0,1,37" ten="250,212,327,211" oya="2" hai0="128,41,65,9,63,27,26,111,94,43,97,5,88" hai1="130,11,38,7,106,79,77,3,113,19,82,131,60" hai2="109,23,45,48,18,8,14,13,95,40,31,6,91" hai3="1,39,123,112,58,133,12,81,126,47,71,124,73"/><V80/><F109/><W0/><G123/><T69/><D111/><U105/><E113/><V85/><REACH who="2" step="1"/><F31/><REACH who="2" ten="250,212,317,211" step="2"/><W17/><G112/><T74/><D128/><U44/><E131/><V107/><F107/><W59/><G124/><T116/><D116/><U83/><E130/><V20/><F20/><W53/><G126/><T114/><D114/><U64/><E106/><V76/><F76/><W135/><G135/><T90/><D74/><U66/><E105/><V93/><AGARI ba="0,1" hai="6,8,13,14,18,23,40,45,48,80,85,91,93,95" machi="93" ten="30,11700,0" yaku="1,1,0,1,8,1,52,1,53,0" doraHai="37" doraHaiUra="57" who="2" fromWho="2" sc="250,-39,212,-39,317,127,211,-39" /><INIT seed="2,1,0,1,2,62" ten="211,173,444,172" oya="2" hai0="114,4,49,97,17,2,37,21,44,27,67,109,71" hai1="18,78,82,91,5,55,35,75,25,127,128,34,20" hai2="45,83,66,10,99,121,1,76,130,30,19,93,15" hai3="80,89,39,120,13,96,117,95,133,53,69,102,58"/><V88/><F130/><W54/><G117/><T131/><D114/><U22/><E5/><V107/><F121/><W125/><G120/><T110/><D131/><U126/><E128/><V132/><F132/><W68/><G133/><T24/><D37/><U61/><E91/><V116/><F116/><W48/><G39/><T129/><D129/><U8/><E8/><V85/><F1/><W47/><G125/><N who="1" m="47626" /><E22/><V51/><F107/><W119/><G119/><T92/><D24/><U32/><E61/><V46/><F30/><W59/><G47/><T36/><D4/><U73/><E55/><V65/><F45/><W105/><G80/><T12/><D27/><N who="1" m="14743" /><E75/><V103/><F76/><W60/><REACH who="3" step="1"/><G13/><REACH who="3" ten="211,173,444,162" step="2"/><T29/><D12/><U87/><E73/><V28/><F28/><AGARI ba="1,1" hai="25,28,32,34,35,78,82,87" m="14743,47626" machi="28" ten="30,1000,0" yaku="18,1" doraHai="62" who="1" fromWho="2" sc="211,0,173,23,444,-13,162,0" /><INIT seed="3,0,0,0,1,19" ten="211,196,431,162" oya="3" hai0="24,101,49,93,78,76,95,119,48,131,104,60,92" hai1="42,38,56,4,120,127,8,70,71,62,122,80,55" hai2="123,52,125,32,97,98,63,7,99,20,1,14,67" hai3="17,41,107,46,91,132,47,23,37,0,112,51,13"/><W115/><G132/><T40/><D119/><U10/><E80/><V36/><F125/><W66/><G107/><T74/><D74/><U64/><E10/><V57/><F123/><N who="1" m="47145" /><E4/><V33/><F36/><W54/><G0/><T15/><D104/><U116/><E8/><V53/><F1/><W44/><G66/><T43/><D101/><U11/><E11/><N who="2" m="4479" /><F33/><W12/><G46/><T130/><D15/><U109/><E127/><V135/><F32/><W111/><G111/><T6/><D6/><U35/><E35/><V128/><F135/><W22/><G91/><T126/><D24/><U108/><E116/><V16/><F128/><W73/><G73/><T31/><D31/><U26/><E26/><AGARI ba="0,0" hai="16,20,26,52,53,57,63,67,97,98,99" m="4479" machi="26" ten="30,7700,0" yaku="8,1,52,1,54,2" doraHai="19" who="2" fromWho="1" sc="211,0,196,-77,431,77,162,0" owari="211,1.1,119,-38.1,508,60.8,162,-23.8" /></mjloggm>