<mjloggm ver="2.3"><GO type="225" lobby="0"/><UN n0="%28%EF%BF%A3%E2%96%BD%EF%BF%A3%29%CE%B4%E2%8C%92%E3%83%BB" n1="%72%69%6F%75%63%68%61%6E" n2="%E3%81%9F%E3%81%8C%E3%82%84%E3%81%99" n3="%E7%89%B9%E6%9D%B1%E3%81%AF%E4%B8%96%E7%95%8C%E3%82%92%E6%95%91%E3%81%86" dan="16,17,17,16" rate="2177.87,2244.00,2211.85,2160.57" sx="M,M,M,M"/><TAIKYOKU oya="0"/><INIT seed="0,0,0,2,3,130" ten="250,250,250,250" oya="0" hai0="17,70,6,111,56,59,89,82,112,65,27,66,119" hai1="11,67,41,84,18,97,13,102,10,88,60,121,42" hai2="52,15,103,123,135,81,134,68,38,126,14,114,5" hai3="19,61,4,51,28,86,78,64,44,118,80,75,94"/><T100/><D112/><U26/><E121/><V79/><F68/><W74/><G118/><T58/><D119/><U125/><E125/><V54/><F123/><W83/><G28/><T39/><D39/><U22/><E97/><V132/><F114/><W129/><G129/><T90/><D100/><U0/><E102/><V35/><F126/><W122/><G4/><T91/><D70/><U133/><E133/><V72/><F35/><W50/><G94/><T53/><D6/><U101/><E101/><V76/><F38/><W62/><G51/><T45/><D111/><U57/><E0/><V33/><F33/><W107/><G107/><T55/><D82/><N who="1" m="49175" /><E10/><N who="2" m="4431" /><F79/><W31/><G74/><T95/><D95/><U104/><E104/><V105/><F15/><W71/><G78/><T43/><D43/><U115/><E115/><V37/><F37/><W113/><G75/><T20/><REACH who="0" step="1"/><D45/><REACH who="0" ten="240,250,250,250" step="2"/><U96/><E96/><AGARI ba="0,1" hai="52,54,72,76,81,96,103,105,132,134,135" m="4431" machi="96" ten="30,8000,1" yaku="20,1,52,3,54,1" doraHai="130" who="2" fromWho="1" sc="240,0,250,-80,250,90,250,0" /><INIT seed="1,0,0,4,1,118" ten="240,170,340,250" oya="1" hai0="67,43,0,75,25,71,23,54,20,18,42,48,15" hai1="117,104,101,3,86,41,129,49,11,26,112,132,58" hai2="14,59,119,97,33,124,55,98,99,16,79,30,80" hai3="19,131,46,100,6,40,62,47,52,74,65,1,103"/><U68/><E112/><V45/><F33/><W85/><G74/><T121/><D75/><U113/><E113/><V31/><F124/><W50/><G131/><T53/><D0/><U88/><E117/><V77/><F45/><W28/><G28/><N who="2" m="10793" /><F119/><W8/><G19/><N who="0" m="10367" /><D71/><U70/><E129/><V107/><F107/><W27/><G27/><T83/><D67/><U91/><E26/><V51/><F80/><W135/><G135/><T93/><D121/><U82/><E132/><V7/><F7/><W32/><G85/><T22/><D22/><AGARI ba="0,0" hai="14,16,22,51,55,59,77,79,97,98,99" m="10793" machi="22" ten="30,2000,0" yaku="8,1,54,1" doraHai="118" who="2" fromWho="0" sc="240,-20,170,0,340,20,250,0" /><INIT seed="2,0,0,5,1,46" ten="220,170,360,250" oya="2" hai0="87,82,71,125,113,123,116,121,95,48,17,107,43" hai1="119,81,38,15,33,26,50,9,37,78,115,4,54" hai2="47,11,65,90,34,21,3,59,86,39,1,27,84" hai3="60,134,32,40,98,18,58,5,109,88,127,126,110"/><V102/><F34/><W51/><G32/><T79/><D71/><U8/><E119/><V44/><F102/><W45/><G134/><T135/><D107/><U132/><E115/><V0/><F11/><W69/><G5/><T49/><D113/><U66/><E132/><V16/><F39/><W24/><G69/><T7/><D135/><U93/><E66/><V57/><F86/><W106/><G18/><T56/><D7/><U103/><E9/><V76/><F76/><W2/><G24/><T111/><D116/><U74/><E103/><V61/><REACH who="2" step="1"/><F59/><REACH who="2" ten="220,170,350,250" step="2"/><W63/><G58/><T29/><D56/><U41/><E37/><V6/><F6/><W105/><G127/><T19/><D125/><U100/><E38/><V112/><F112/><W30/><G126/><T73/><D87/><U52/><E100/><V130/><F130/><W42/><G98/><T22/><D79/><U35/><E35/><V108/><F108/><W91/><G110/><T53/><D111/><U129/><E129/><V114/><F114/><W131/><G109/><T128/><D128/><U96/><E96/><V75/><F75/><W124/><G131/><T55/><D73/><U62/><E62/><V77/><F77/><W23/><G124/><T36/><D36/><U72/><E74/><V80/><AGARI ba="0,1" hai="0,1,3,16,21,27,44,47,57,61,65,80,84,90" machi="80" ten="30,11700,0" yaku="1,1,0,1,54,1,53,1" doraHai="46" doraHaiUra="14" who="2" fromWho="2" sc="220,-39,170,-39,350,127,250,-39" /><INIT seed="2,1,0,5,2,14" ten="181,131,477,211" oya="2" hai0="114,35,59,52,20,48,109,116,33,74,65,80,45" hai1="117,47,39,6,66,18,95,28,94,60,76,128,106" hai2="42,129,107,96,124,79,29,38,72,75,19,113,2" hai3="7,3,135,17,41,31,4,51,69,36,119,122,10"/><V37/><F29/><W67/><G119/><T11/><D114/><U56/><E117/><V115/><F42/><W24/><G122/><T57/><D116/><U43/><E106/><V127/><F96/><W108/><G7/><T9/><D109/><U34/><E128/><V126/><F107/><W132/><G51/><T12/><D35/><U70/><E6/><V55/><F55/><W21/><G108/><T85/><D74/><U16/><E76/><V64/><F64/><W87/><G87/><T89/><D33/><U27/><REACH who="1" step="1"/><E70/><REACH who="1" ten="181,121,477,211" step="2"/><V102/><F79/><W97/><G69/><T118/><D118/><U93/><AGARI ba="1,1" hai="16,18,27,28,34,39,43,47,56,60,66,93,94,95" machi="93" ten="30,12000,2" yaku="1,1,2,1,0,1,52,2,54,1,53,0" doraHai="14" doraHaiUra="46" who="1" fromWho="1" sc="181,-31,121,133,477,-61,211,-31" /><INIT seed="3,0,0,1,4,115" ten="150,254,416,180" oya="3" hai0="7,6,31,2,116,111,118,43,131,87,78,61,40" hai1="45,100,39,93,5,52,119,66,25,129,65,69,50" hai2="46,107,17,101,54,57,3,83,67,28,109,41,47" hai3="120,95,21,8,81,9,130,20,121,94,91,64,82"/><W84/><G64/><T103/><D103/><U128/><E119/><N who="0" m="45609" /><D61/><U29/><E5/><N who="0" m="1545" /><D78/><U63/><E65/><V60/><F101/><W98/><G130/><N who="1" m="50282" /><E39/><V124/><F83/><W123/><G82/><T49/><D131/><U76/><E76/><V53/><F53/><W133/><G133/><T106/><D87/><U125/><E125/><V126/><F54/><W36/><G36/><T42/><D2/><U88/><E100/><V110/><F3/><W79/><REACH who="3" step="1"/><G95/><REACH who="3" ten="150,254,416,170" step="2"/><T71/><D71/><U10/><E93/><V1/><F67/><W72/><G72/><T112/><D112/><U44/><E66/><V32/><F126/><W30/><G30/><T80/><D80/><U96/><E29/><V11/><F28/><W117/><G117/><T59/><D31/><U37/><E69/><V92/><F92/><W0/><G0/><T19/><D106/><U132/><E37/><V51/><F107/><W35/><G35/><T99/><D99/><U38/><E38/><V122/><F32/><W68/><G68/><T22/><D111/><U108/><E108/><V77/><F124/><W62/><G62/><T102/><D102/><U89/><E63/><V15/><F1/><W114/><G114/><T13/><D49/><U26/><E96/><V55/><F110/><W24/><G24/><T75/><D75/><U27/><E26/><V104/><F109/><W4/><G4/><T105/><D105/><U135/><E27/><V113/><F104/><W56/><G56/><T90/><D59/><U134/><E132/><V127/><F127/><W34/><G34/><T18/><D18/><RYUUKYOKU ba="0,1" sc="150,15,254,-15,416,-15,170,15" hai0="13,19,22,40,42,43,90" hai3="8,9,20,21,79,81,84,91,94,98,120,121,123" /><INIT seed="3,1,1,4,1,130" ten="165,239,401,185" oya="3" hai0="68,125,127,113,132,14,92,58,38,81,61,63,91" hai1="56,105,33,64,80,70,123,94,86,126,51,11,84" hai2="103,22,6,116,59,55,71,101,26,97,120,88,108" hai3="30,133,74,89,100,36,35,27,62,104,79,60,13"/><W135/><G36/><T87/><D132/><N who="3" m="50761" /><G89/><N who="0" m="51439" /><D38/><U46/><E105/><V24/><F71/><W128/><G128/><T131/><D131/><U111/><E70/><V41/><F41/><W69/><G69/><T15/><D68/><U119/><E33/><V102/><F116/><W106/><G13/><N who="0" m="4619" /><D58/><U10/><E56/><V43/><F43/><W44/><G44/><T96/><D113/><U90/><E46/><V47/><F47/><W110/><G110/><T124/><AGARI ba="1,1" hai="61,63,91,92,96,124,125,127" m="4619,51439" machi="124" ten="40,1500,0" yaku="18,1" doraHai="130" who="0" fromWho="0" sc="165,28,239,-5,401,-5,185,-8" owari="193,-20.7,234,3.4,396,49.6,177,-32.3" /></mjloggm>