<mjloggm ver="2.3"><GO type="225" lobby="0"/><UN n0="%45%6C%79%73%69%75%6D" n1="%E3%83%AC%E3%82%A4%E3%83%88%E3%83%B3%E5%87%86%E6%95%99%E6%8E%88" n2="%E5%8D%A0%E3%81%84%E5%B8%AB%E8%A3%8F%E3%81%AA%E3%81%84%E3%81%97" n3="%E5%B0%8F%E9%B3%A5%E9%81%8A%E7%B7%B4%E7%84%A1%32%31%E6%AD%B3" dan="17,19,16,16" rate="2121.10,2302.11,2091.13,2191.04" sx="F,M,M,F"/><TAIKYOKU oya="0"/><INIT seed="0,0,0,2,1,10" ten="250,250,250,250" oya="0" hai0="130,30,35,93,25,48,128,26,112,114,90,41,70" hai1="79,74,121,33,134,0,102,1,9,19,39,32,63" hai2="135,46,17,45,64,96,21,2,105,7,47,110,89" hai3="115,57,66,98,117,95,123,75,125,77,49,5,27"/><T4/><D70/><U62/><E121/><V78/><F110/><W72/><G115/><T23/><D48/><U40/><E134/><V103/><F135/><W11/><G123/><T131/><D41/><U88/><E102/><V116/><F78/><W100/><G125/><T119/><D119/><U36/><E19/><V99/><F116/><W124/><G124/><T97/><REACH who="0" step="1"/><D4/><REACH who="0" ten="240,250,250,250" step="2"/><U73/><E40/><V52/><F7/><W108/><G117/><T84/><D84/><U58/><E36/><V69/><F69/><W60/><G49/><T6/><D6/><U28/><E39/><V15/><F2/><W20/><G108/><T87/><D87/><U129/><E1/><V13/><F99/><W111/><G111/><T22/><D22/><U61/><E0/><V38/><F38/><W43/><G43/><T127/><D127/><U51/><E51/><V126/><F126/><W85/><BYE who="2" /><G85/><T18/><AGARI ba="0,1" hai="18,23,25,26,30,35,90,93,97,112,114,128,130,131" machi="18" ten="30,6000,0" yaku="1,1,0,1,19,1,53,0" doraHai="10" doraHaiUra="53" who="0" fromWho="0" sc="240,70,250,-20,250,-20,250,-20" /><UN n2="%E5%8D%A0%E3%81%84%E5%B8%AB%E8%A3%8F%E3%81%AA%E3%81%84%E3%81%97" /><INIT seed="0,1,0,3,5,40" ten="310,230,230,230" oya="0" hai0="0,81,125,100,26,117,28,60,72,50,37,122,66" hai1="14,62,109,88,33,120,132,55,99,6,90,13,27" hai2="110,49,94,34,18,80,135,7,118,10,16,11,129" hai3="71,84,127,112,23,42,20,92,98,46,57,77,21"/><T76/><D122/><U3/><E120/><V70/><F70/><W56/><G71/><T113/><D117/><U61/><E132/><V87/><F34/><W25/><G127/><T121/><D121/><U35/><E109/><V59/><F110/><W51/><G25/><T103/><D37/><U9/><E33/><V31/><F31/><W102/><REACH who="3" step="1"/><G112/><REACH who="3" ten="310,230,230,220" step="2"/><T12/><D113/><U44/><E27/><V96/><F118/><W78/><G78/><T95/><D125/><U69/><E69/><V74/><F135/><W124/><G124/><T111/><D111/><U5/><E35/><V52/><F129/><W17/><G17/><N who="2" m="6761" /><F7/><W75/><G75/><T65/><D72/><U79/><E79/><N who="2" m="46495" /><F74/><W82/><AGARI ba="1,1" hai="20,21,23,42,46,51,56,57,77,82,84,92,98,102" machi="82" ten="30,8000,1" yaku="1,1,0,1,8,1,52,1,53,1" doraHai="40" doraHaiUra="89" who="3" fromWho="3" sc="310,-41,230,-21,230,-21,220,93" /><INIT seed="1,0,0,0,2,116" ten="269,209,209,313" oya="1" hai0="65,55,134,21,71,117,19,128,54,79,96,118,120" hai1="3,46,43,133,61,86,41,122,16,129,92,18,110" hai2="42,83,97,112,126,23,89,44,72,30,29,53,76" hai3="80,25,81,106,7,78,75,40,127,108,35,47,69"/><U123/><E3/><V15/><F126/><W1/><G127/><T22/><D79/><U50/><E133/><V14/><F112/><W34/><G108/><T82/><D82/><U4/><E4/><V0/><F0/><W36/><G25/><T37/><D37/><U10/><E110/><V100/><F53/><W17/><G17/><T32/><D32/><U31/><E31/><V91/><F91/><W60/><G81/><T73/><D73/><U26/><E129/><V77/><F77/><W103/><G103/><T105/><D128/><U5/><E43/><V113/><F89/><W48/><G48/><T111/><D111/><U135/><E135/><V57/><F57/><W20/><G20/><T67/><D96/><U59/><E86/><V88/><F88/><W95/><G95/><T114/><D19/><U119/><E119/><V6/><F6/><W39/><G106/><T99/><D99/><U11/><E92/><V9/><F113/><W66/><REACH who="3" step="1"/><G36/><REACH who="3" ten="269,209,209,303" step="2"/><T131/><D134/><U8/><E5/><N who="2" m="3375" /><F23/><W132/><G132/><T52/><D131/><U107/><E107/><N who="2" m="63887" /><F29/><W27/><G27/><T74/><D114/><U13/><E26/><V56/><F30/><W2/><G2/><T45/><D21/><U102/><E102/><V109/><F109/><W33/><G33/><T49/><D22/><N who="1" m="11535" /><E18/><V51/><F15/><W121/><G121/><T115/><D120/><U94/><E94/><V62/><F62/><W68/><G68/><T104/><D71/><U24/><E24/><V58/><F83/><W64/><G64/><N who="0" m="24651" /><D115/><U130/><E130/><V90/><F90/><RYUUKYOKU ba="0,1" sc="269,-30,209,10,209,10,303,10" hai1="8,10,11,41,46,50,59,61,122,123" hai2="42,44,51,56,58,72,76" hai3="1,7,34,35,39,40,47,60,66,69,75,78,80" /><INIT seed="1,1,1,1,4,44" ten="239,219,219,313" oya="1" hai0="110,124,85,1,105,117,2,25,94,76,32,125,74" hai1="133,102,29,54,75,123,55,100,31,69,82,112,28" hai2="22,103,39,35,132,46,114,10,98,40,43,83,42" hai3="126,88,101,48,73,23,20,116,34,19,47,121,37"/><U91/><E112/><V97/><F35/><W128/><G37/><T63/><D117/><U122/><E69/><V58/><F114/><W135/><G121/><T45/><D105/><U107/><E133/><V36/><F132/><W17/><G34/><T84/><D110/><U21/><E107/><V59/><F97/><W93/><G73/><T8/><D63/><U89/><E21/><V127/><F127/><N who="0" m="48714" /><D45/><U3/><E29/><V24/><F10/><W131/><G135/><T95/><D74/><U14/><E75/><V57/><F83/><W60/><G101/><T70/><D70/><U62/><E62/><V16/><REACH who="2" step="1"/><F46/><REACH who="2" ten="239,219,209,313" step="2"/><W11/><G126/><T79/><D8/><U71/><E82/><V61/><F61/><W130/><G60/><T12/><D32/><U81/><E81/><V120/><F120/><W111/><G116/><T129/><D94/><AGARI ba="1,2" hai="16,22,24,36,39,40,42,43,57,58,59,94,98,103" machi="94" ten="40,2600,0" yaku="1,1,54,1,53,0" doraHai="44" doraHaiUra="108" who="2" fromWho="0" sc="239,-29,219,0,209,49,313,0" /><INIT seed="2,0,0,3,2,61" ten="210,219,258,313" oya="2" hai0="28,26,92,78,87,14,114,33,31,84,69,116,70" hai1="0,109,55,99,68,42,32,51,81,66,125,105,134" hai2="38,132,22,15,58,64,95,123,49,6,40,23,52" hai3="30,76,98,110,119,63,12,89,62,27,7,72,118"/><V101/><F123/><W104/><G110/><T47/><D114/><U20/><E109/><V94/><F132/><W91/><G76/><T120/><D120/><U112/><E112/><V39/><F39/><W108/><G72/><T53/><D116/><U59/><E32/><V16/><F6/><W117/><G108/><T71/><D31/><U19/><E134/><V88/><F101/><W122/><G122/><T93/><D14/><U97/><E0/><V11/><F64/><W113/><G113/><T127/><D127/><U103/><E42/><V21/><F38/><W56/><G63/><T121/><D121/><U80/><E125/><V34/><F34/><W115/><G115/><T43/><D53/><U96/><E105/><V135/><F40/><W77/><G104/><T126/><D126/><U1/><E1/><V4/><F135/><W83/><G98/><T131/><D131/><U124/><E103/><V24/><F95/><W79/><G118/><T128/><D128/><U9/><E9/><V133/><F133/><W57/><G7/><T75/><D75/><U41/><E41/><V100/><F100/><W130/><G130/><T102/><D102/><U106/><E106/><V67/><F67/><W18/><G83/><N who="1" m="31818" /><E124/><V37/><F37/><W25/><G119/><T35/><D35/><U107/><E107/><V60/><F49/><W10/><G10/><T111/><D111/><U17/><E20/><V45/><F45/><W29/><G117/><T54/><D43/><U8/><E8/><V65/><F65/><W85/><G62/><T74/><D33/><U2/><E2/><RYUUKYOKU ba="0,0" sc="210,-15,219,15,258,15,313,-15" hai1="17,19,51,55,59,66,68,96,97,99" hai2="4,11,15,16,21,22,23,24,52,58,60,88,94" /><INIT seed="2,1,0,4,4,40" ten="195,234,273,298" oya="2" hai0="105,70,128,9,0,106,118,48,66,64,54,20,35" hai1="95,41,89,59,3,114,78,122,116,129,33,23,8" hai2="94,87,1,103,121,32,99,11,117,45,17,134,111" hai3="24,127,108,13,71,38,102,51,67,135,69,7,82"/><V68/><F117/><W83/><G38/><T76/><D35/><U124/><E114/><V22/><F121/><W44/><G127/><T92/><D118/><U60/><E33/><V61/><F32/><W56/><G108/><T97/><D128/><U90/><E124/><V58/><F111/><W131/><G135/><T27/><D76/><U43/><E129/><V132/><F68/><W80/><G102/><T133/><D133/><N who="2" m="51306" /><F87/><W42/><G131/><T72/><D72/><U74/><E122/><V50/><F1/><W113/><G113/><T73/><D73/><U85/><E78/><V96/><F96/><W34/><G34/><T130/><D130/><U119/><E74/><V2/><F2/><W86/><G24/><T81/><D70/><U16/><E116/><V93/><F11/><N who="3" m="4351" /><G71/><T88/><D0/><U5/><E89/><V39/><F39/><W30/><G30/><T14/><D81/><U28/><E28/><V47/><F50/><W4/><G4/><N who="0" m="3367" /><D106/><U110/><E110/><V26/><F93/><W53/><G69/><T37/><D105/><U18/><E119/><V57/><F57/><W49/><G67/><AGARI ba="1,0" hai="17,22,26,45,47,58,61,67,94,99,103" m="51306" machi="67" ten="30,5800,0" yaku="20,1,52,2" doraHai="40" who="2" fromWho="3" sc="195,0,234,0,273,61,298,-61" /><INIT seed="2,2,0,3,5,92" ten="195,234,334,237" oya="2" hai0="39,66,60,45,80,91,53,1,78,101,131,4,114" hai1="107,122,128,59,22,38,48,5,115,119,82,76,123" hai2="67,9,132,110,35,3,16,0,55,111,12,71,86" hai3="89,87,108,127,17,105,57,72,56,104,61,41,117"/><V14/><F35/><W18/><G117/><T10/><D114/><U30/><E38/><V77/><F71/><W47/><G72/><T63/><D131/><U64/><E128/><V49/><F67/><W84/><G108/><N who="2" m="41513" /><F132/><W44/><G127/><T90/><D101/><U24/><E115/><V109/><N who="2" m="41521" /><V83/><DORA hai="81" /><F14/><W126/><G61/><T54/><D60/><U88/><E64/><V135/><F135/><W85/><G41/><T96/><D39/><U33/><E33/><V29/><F29/><W129/><G89/><T11/><D11/><U19/><E88/><V46/><AGARI ba="2,0" hai="0,3,9,12,16,46,49,55,77,83,86" m="41521" machi="46" ten="40,12000,1" yaku="14,1,10,1,52,1,54,1" doraHai="92,81" who="2" fromWho="2" sc="195,-42,234,-42,334,126,237,-42" /><INIT seed="2,3,0,5,5,132" ten="153,192,460,195" oya="2" hai0="89,52,51,108,8,55,79,134,20,71,43,73,6" hai1="97,50,123,34,70,96,86,135,45,7,30,65,63" hai2="102,62,14,74,68,9,54,114,112,72,121,85,47" hai3="41,131,98,78,130,11,101,109,5,61,92,113,56"/><V81/><F121/><W111/><G78/><T21/><D71/><U4/><E135/><V76/><F102/><W95/><G95/><T0/><D134/><U3/><E123/><V77/><F77/><W82/><G82/><T110/><D43/><U44/><E30/><V90/><F68/><W49/><G49/><T36/><D36/><U31/><E31/><V106/><F106/><W67/><G41/><T128/><D128/><N who="3" m="49193" /><G113/><T39/><D39/><U103/><E34/><V69/><F69/><W133/><G133/><T12/><D0/><AGARI ba="3,0" hai="0,5,11,56,61,67,92,98,101,109,111" m="49193" machi="0" ten="30,1000,0" yaku="19,1" doraHai="132" who="3" fromWho="0" sc="153,-19,192,0,460,0,195,19" /><INIT seed="3,0,0,2,1,57" ten="134,192,460,214" oya="3" hai0="78,4,48,88,42,44,12,10,2,113,94,54,16" hai1="114,33,127,79,129,106,68,46,0,72,110,59,36" hai2="99,17,89,76,98,24,81,91,74,100,1,26,131" hai3="8,37,14,63,84,43,53,75,29,3,31,123,30"/><W27/><G75/><T64/><D113/><U126/><RYUUKYOKU type="yao9" ba="0,0" sc="134,0,192,0,460,0,214,0" hai1="0,33,36,46,59,68,72,79,106,110,114,126,127,129" /><INIT seed="3,1,0,0,3,58" ten="134,192,460,214" oya="3" hai0="116,26,90,126,123,99,64,100,133,105,49,39,19" hai1="21,81,51,9,56,111,43,96,115,45,122,77,128" hai2="114,23,75,129,91,25,33,125,70,113,117,98,121" hai3="61,132,2,24,89,12,92,11,38,60,107,57,42"/><W74/><G2/><T46/><D123/><U124/><E115/><V73/><F117/><W104/><G74/><T44/><D116/><U15/><E122/><V62/><F33/><W20/><G132/><T37/><D133/><U52/><E111/><V110/><F110/><W88/><G38/><T120/><D120/><U131/><E124/><V16/><F125/><W108/><G42/><T13/><D126/><U31/><E96/><V59/><F70/><W47/><G47/><T85/><D26/><U86/><E21/><V4/><F129/><W54/><G89/><T22/><D64/><U65/><E31/><V84/><F121/><W67/><G108/><T7/><D7/><N who="1" m="3519" /><E65/><V10/><F98/><N who="3" m="57607" /><G12/><T27/><D27/><U28/><E28/><V78/><F91/><W18/><G11/><T127/><D127/><U50/><AGARI ba="1,0" hai="43,45,50,51,52,56,77,81,86,128,131" m="3519" machi="50" ten="30,2000,0" yaku="25,1,54,1" doraHai="58" who="1" fromWho="1" sc="134,-6,192,23,460,-6,214,-11" owari="128,-37.2,215,1.5,454,55.4,203,-19.7" /></mjloggm>