<mjloggm ver="2.3"><GO type="225" lobby="0"/><UN n0="%E3%81%9F%E3%81%93%E2%98%86%E7%84%BC%E3%81%8D" n1="%E3%81%A1%E3%82%85%E3%81%86%E3%81%A9%E3%81%8F%E8%B1%A1%E3%81%95%E3%82%93" n2="%E3%81%82%E3%83%BC%E3%81%97" n3="%E6%9C%AA%E6%9D%A5%E5%B0%91%E5%B9%B4" dan="16,17,16,16" rate="2094.46,2196.55,2103.70,2142.99" sx="M,M,M,M"/><TAIKYOKU oya="0"/><INIT seed="0,0,0,0,0,130" ten="250,250,250,250" oya="0" hai0="52,119,51,110,0,108,62,70,87,8,117,16,95" hai1="41,125,129,14,111,39,55,107,126,116,3,25,26" hai2="20,80,48,82,131,71,64,122,6,118,9,90,74" hai3="58,79,134,91,135,121,94,17,12,128,97,5,47"/><T104/><D104/><U96/><E116/><V57/><F118/><W28/><G121/><T124/><D0/><U101/><E3/><V21/><F122/><W83/><G128/><T19/><D124/><N who="1" m="47723" /><E129/><V81/><F71/><W100/><G28/><T7/><D7/><U75/><E75/><V15/><F74/><W102/><G5/><T33/><D33/><U54/><E111/><N who="0" m="42537" /><D8/><U68/><E68/><V37/><F37/><W63/><G47/><N who="0" m="27775" /><D119/><U78/><E78/><V38/><F38/><W98/><G79/><T53/><D117/><U4/><E4/><V40/><F131/><W56/><G83/><T66/><D53/><N who="1" m="19979" /><E14/><V123/><F123/><W30/><G30/><T114/><D114/><U18/><E18/><V42/><F90/><AGARI ba="0,0" hai="16,19,62,66,70,87,90,95" m="27775,42537" machi="90" ten="30,11600,0" yaku="14,1,10,1,54,2" doraHai="130" who="0" fromWho="2" sc="250,116,250,0,250,-116,250,0" /><INIT seed="0,1,0,0,4,71" ten="366,250,134,250" oya="0" hai0="103,38,80,33,66,68,116,107,115,14,5,6,59" hai1="114,81,15,67,101,17,77,43,19,120,23,7,12" hai2="22,52,11,50,47,13,0,125,57,110,134,70,96" hai3="39,55,21,16,95,41,118,90,121,2,1,29,126"/><T127/><D33/><U87/><E120/><V119/><F110/><W82/><G118/><T9/><D115/><U20/><E114/><V111/><F70/><W36/><G121/><T69/><D116/><U4/><E101/><V28/><F119/><W100/><G126/><T49/><D127/><U35/><E35/><V88/><F125/><W78/><G100/><T130/><D130/><U79/><E67/><V108/><F0/><W113/><G29/><T34/><D34/><U62/><E62/><V112/><F112/><W8/><G113/><T42/><D5/><U128/><E128/><V85/><F96/><W99/><G55/><T97/><D80/><U64/><E64/><V63/><F134/><W93/><G93/><T124/><D124/><U73/><E43/><V106/><F106/><W122/><G122/><T105/><D105/><U104/><E104/><V30/><F22/><W109/><G109/><N who="2" m="42057" /><F13/><W54/><G54/><T129/><D129/><U40/><E40/><N who="2" m="24935" /><F11/><W44/><G8/><T37/><D69/><U60/><E60/><V92/><AGARI ba="1,0" hai="28,30,52,57,63,85,88,92" m="24935,42057" machi="92" ten="30,4000,0" yaku="14,1,54,2" doraHai="71" who="2" fromWho="2" sc="366,-21,250,-11,134,43,250,-11" /><INIT seed="1,0,0,3,2,20" ten="345,239,177,239" oya="1" hai0="49,64,63,59,22,82,113,45,73,102,3,79,108" hai1="48,115,14,74,13,58,25,7,0,93,41,15,84" hai2="126,111,66,40,89,61,92,83,1,77,17,103,107" hai3="16,131,119,99,133,29,26,38,18,122,121,32,11"/><U80/><E115/><V118/><F1/><W94/><G38/><T110/><D3/><U75/><E93/><V35/><F118/><W90/><G119/><T12/><D102/><U9/><E25/><V42/><F35/><W117/><G117/><T114/><D12/><U56/><E56/><V91/><F111/><N who="0" m="42538" /><D22/><U109/><E109/><V132/><F132/><W43/><G133/><T31/><D31/><U96/><E96/><V55/><F126/><W127/><G127/><T65/><D65/><U124/><E124/><V54/><F107/><W112/><G112/><T128/><D128/><U10/><E10/><V97/><F17/><W85/><G131/><T130/><D130/><U120/><E120/><V95/><F103/><W57/><G43/><AGARI ba="0,0" hai="43,45,49,59,63,64,73,79,82,113,114" m="42538" machi="43" ten="30,1000,0" yaku="14,1" doraHai="20" who="0" fromWho="3" sc="345,10,239,0,177,0,239,-10" /><INIT seed="2,0,0,4,4,93" ten="355,239,177,229" oya="2" hai0="88,108,94,112,31,16,85,64,30,57,91,123,86" hai1="114,120,68,90,66,9,80,135,3,126,127,81,62" hai2="117,105,77,35,45,79,63,70,58,134,36,116,54" hai3="8,83,131,103,22,6,15,2,107,40,110,74,101"/><V52/><F35/><W7/><G110/><T0/><D112/><U5/><E114/><V99/><F70/><W111/><G111/><T61/><D123/><U20/><E120/><V19/><F134/><W38/><G131/><T25/><D0/><U121/><E121/><V84/><F19/><N who="3" m="10623" /><G7/><T12/><D25/><U49/><E135/><V13/><F13/><W73/><G73/><T95/><D108/><U130/><E130/><V87/><F116/><W4/><G4/><T55/><D64/><U102/><E102/><V97/><F105/><W125/><G125/><N who="1" m="47626" /><E90/><V18/><F18/><W41/><G41/><T51/><D61/><U26/><E49/><N who="2" m="28719" /><F36/><W21/><G21/><AGARI ba="0,0" hai="12,16,21,30,31,51,55,57,85,86,88,91,94,95" machi="21" ten="30,12000,2" yaku="7,1,9,1,25,2,8,1,54,2" doraHai="93" who="0" fromWho="3" sc="355,120,239,0,177,0,229,-120" /><INIT seed="3,0,0,0,2,49" ten="475,239,177,109" oya="3" hai0="93,79,70,11,2,110,107,39,89,63,45,44,90" hai1="10,24,15,14,88,128,69,18,92,115,48,85,104" hai2="73,127,41,111,17,51,55,4,126,0,77,68,35" hai3="12,37,36,1,23,72,76,120,59,109,74,91,67"/><W94/><G120/><T65/><D107/><U100/><E69/><V105/><F35/><W38/><G1/><T33/><D33/><U28/><E128/><V16/><F68/><W81/><G109/><T75/><D39/><U42/><E115/><V43/><F105/><W114/><G114/><T130/><D130/><U9/><E104/><V54/><F111/><W31/><G74/><T118/><D118/><U30/><E100/><V52/><F4/><W3/><G3/><T5/><D90/><U125/><E24/><V7/><F7/><W29/><G67/><T58/><D70/><U20/><E20/><V116/><F0/><W78/><G78/><T60/><D63/><U103/><E103/><V50/><F116/><W134/><G59/><T32/><D32/><U46/><E125/><N who="2" m="47627" /><F77/><W86/><REACH who="3" step="1"/><G134/><REACH who="3" ten="475,239,177,99" step="2"/><T6/><D79/><U83/><E46/><N who="2" m="25935" /><F73/><W8/><G8/><T47/><D75/><U124/><E9/><V66/><F66/><W64/><G64/><T99/><D110/><U129/><E10/><V22/><F22/><W119/><G119/><T117/><D117/><U135/><E124/><V101/><F101/><W98/><G98/><T112/><D112/><U40/><E135/><V133/><F133/><W84/><G84/><T121/><D121/><U123/><E85/><V25/><F25/><W131/><G131/><T97/><D5/><U61/><E129/><V71/><F71/><W82/><G82/><T57/><D99/><U95/><E123/><V96/><F96/><W19/><AGARI ba="0,1" hai="12,19,23,29,31,36,37,38,72,76,81,86,91,94" machi="19" ten="40,12000,1" yaku="1,1,0,1,53,2" doraHai="49" doraHaiUra="26" who="3" fromWho="3" sc="475,-40,239,-40,177,-40,99,130" /><INIT seed="3,1,0,0,2,0" ten="435,199,137,229" oya="3" hai0="35,29,89,134,55,104,125,108,74,8,71,86,83" hai1="87,60,128,27,6,85,20,17,34,118,127,30,119" hai2="99,5,63,96,133,76,92,62,105,58,36,102,45" hai3="117,33,94,61,126,82,42,107,37,31,109,28,116"/><W52/><G107/><T98/><D71/><U44/><E128/><V113/><F133/><W3/><G3/><T110/><D125/><U51/><E127/><V65/><F113/><W69/><G126/><T53/><D134/><U24/><E60/><V70/><F76/><W84/><G109/><T64/><D64/><U59/><E59/><V32/><F32/><W72/><G72/><T39/><D39/><U47/><E6/><V123/><F123/><W9/><G94/><T18/><D29/><U93/><E93/><V73/><F73/><W112/><G112/><T12/><D35/><U67/><E67/><V132/><F132/><W26/><G31/><T81/><D98/><U78/><E78/><V79/><F79/><W49/><G9/><T106/><D81/><U77/><E77/><V19/><F19/><W25/><G37/><T100/><D74/><U2/><E2/><V130/><F130/><W7/><G69/><T56/><D53/><N who="1" m="29927" /><E47/><V91/><F36/><W111/><G61/><N who="0" m="35999" /><D100/><U50/><E50/><V23/><F23/><W103/><G49/><T90/><D89/><U66/><E66/><N who="2" m="41303" /><F45/><W57/><G33/><T114/><D114/><U41/><E41/><V68/><F68/><W121/><G42/><T11/><D11/><U22/><E34/><V15/><F15/><W75/><G121/><T46/><D46/><U95/><E95/><V122/><F122/><W4/><G75/><T101/><D101/><U14/><E14/><V88/><F91/><W21/><G103/><T131/><D131/><U97/><E97/><V135/><F135/><W48/><G28/><RYUUKYOKU ba="1,0" sc="435,10,199,10,137,10,229,-30" hai0="8,12,18,83,86,90,104,106,108,110" hai1="17,20,22,24,27,30,85,87,118,119" hai2="5,58,63,65,88,92,96,99,102,105" owari="445,54.5,209,0.9,147,-35.3,199,-20.1" /></mjloggm>