<mjloggm ver="2.3"><GO type="225" lobby="0"/><UN n0="%E3%81%B5%E3%81%98%E3%81%8B%E3%81%A4" n1="%E3%81%99%E3%81%84%E3%81%BE%E3%81%9B%E3%83%BC%E3%82%93" n2="%E2%98%86%E5%AD%AB%E7%87%95%E5%A7%BF%E2%98%86" n3="%E3%80%93%E3%81%97%E3%83%BC%E3%82%89%E3%80%93" dan="16,18,16,16" rate="2164.21,2237.05,2188.73,2076.64" sx="M,M,M,M"/><TAIKYOKU oya="0"/><INIT seed="0,0,0,5,3,59" ten="250,250,250,250" oya="0" hai0="86,24,110,105,132,96,114,119,75,87,102,39,17" hai1="116,54,9,22,99,37,15,62,100,81,133,25,36" hai2="71,73,30,41,35,130,6,32,40,84,93,103,46" hai3="113,14,69,10,90,135,3,61,45,57,91,55,31"/><T2/><D119/><U60/><E116/><V94/><F73/><W11/><G113/><T63/><D114/><U89/><E133/><V12/><F71/><W0/><G135/><T106/><D132/><U109/><E109/><V18/><F130/><W108/><G108/><T23/><D110/><U122/><E122/><V51/><F6/><W4/><G31/><T82/><D39/><U125/><E125/><V95/><F41/><W123/><G123/><T129/><D2/><U27/><E81/><V7/><F7/><W26/><G26/><T124/><D124/><U33/><E89/><V104/><F30/><W131/><G131/><T107/><D129/><U19/><E33/><V16/><F18/><W98/><G69/><T92/><D75/><U68/><E27/><V79/><F79/><W112/><G112/><T65/><REACH who="0" step="1"/><D82/><REACH who="0" ten="240,250,250,250" step="2"/><U56/><E37/><V97/><REACH who="2" step="1"/><F84/><REACH who="2" ten="240,250,240,250" step="2"/><W127/><G127/><T21/><D21/><AGARI ba="0,2" hai="12,16,21,32,35,40,46,51,93,94,95,97,103,104" machi="21" ten="40,5200,0" yaku="1,1,2,1,54,1,53,0" doraHai="59" doraHaiUra="49" who="2" fromWho="0" sc="240,-52,250,0,240,72,250,0" /><INIT seed="1,0,0,1,2,28" ten="188,250,312,250" oya="1" hai0="85,14,101,55,121,56,6,105,48,67,44,39,99" hai1="69,60,113,36,66,90,31,19,72,50,123,129,21" hai2="78,40,16,114,53,125,65,25,9,27,51,77,96" hai3="63,87,15,102,26,35,37,64,93,1,4,22,68"/><U5/><E113/><V70/><F114/><W134/><G37/><T115/><D121/><U83/><E36/><V84/><F125/><W81/><G134/><T58/><D115/><U110/><E123/><V108/><F108/><W45/><G45/><T24/><D85/><U49/><E129/><V104/><F40/><W59/><G68/><T126/><D126/><U62/><E31/><V82/><F65/><W112/><G112/><T106/><D24/><N who="2" m="9290" /><F104/><W57/><G57/><T131/><D131/><U120/><E120/><V79/><F96/><N who="3" m="59663" /><G1/><T103/><D67/><U43/><E43/><V122/><F70/><W71/><G71/><T109/><D109/><U80/><E5/><V32/><F32/><W135/><G35/><T76/><D76/><U86/><E110/><V33/><F33/><W95/><G95/><T20/><D39/><U107/><E107/><V0/><F0/><W73/><G73/><T74/><D74/><U46/><E46/><N who="2" m="27895" /><F122/><W34/><G34/><T29/><D29/><U8/><E72/><V11/><F16/><N who="3" m="12615" /><G135/><T17/><REACH who="0" step="1"/><D6/><REACH who="0" ten="178,250,312,250" step="2"/><U133/><E66/><V13/><F13/><W52/><G64/><T97/><AGARI ba="0,1" hai="14,17,20,44,48,55,56,58,97,99,101,103,105,106" machi="97" ten="30,7900,0" yaku="1,1,2,1,0,1,9,1,53,0" doraHai="28" doraHaiUra="89" who="0" fromWho="0" sc="178,89,250,-39,312,-20,250,-20" /><INIT seed="2,0,0,1,2,61" ten="267,211,292,230" oya="2" hai0="11,101,60,33,35,10,26,104,17,9,90,98,54" hai1="85,92,41,111,77,118,57,96,25,108,134,130,91" hai2="64,123,42,31,18,79,55,20,29,50,84,36,95" hai3="1,112,109,2,117,114,78,128,12,72,53,122,124"/><V52/><F36/><W71/><RYUUKYOKU type="yao9" ba="0,0" sc="267,0,211,0,292,0,230,0" hai3="1,2,12,53,71,72,78,109,112,114,117,122,124,128" /><INIT seed="2,1,0,3,3,71" ten="267,211,292,230" oya="2" hai0="76,36,101,25,63,124,133,126,0,30,32,47,98" hai1="127,8,53,57,119,9,99,130,54,73,78,110,97" hai2="125,129,134,19,10,37,45,16,39,23,113,5,75" hai3="132,46,82,29,105,64,120,55,66,88,26,102,122"/><V74/><F113/><W103/><G132/><T111/><D133/><U128/><E119/><V90/><F134/><W38/><G120/><T65/><D76/><U28/><E127/><V13/><F125/><W70/><G122/><T95/><D111/><U108/><E78/><V92/><F129/><N who="1" m="49769" /><E73/><V114/><F114/><W123/><G123/><T116/><D0/><U27/><E99/><V3/><F45/><W104/><G105/><T100/><D100/><N who="3" m="38441" /><G70/><T41/><REACH who="0" step="1"/><D116/><REACH who="0" ten="257,211,292,230" step="2"/><U12/><E97/><V61/><F75/><W118/><G118/><T14/><D14/><U35/><E8/><V15/><F74/><W121/><G121/><T87/><D87/><U89/><E89/><V60/><F90/><W58/><G88/><T51/><D51/><N who="1" m="30911" /><E54/><V112/><F112/><W59/><G55/><T79/><D79/><U93/><E93/><V43/><F92/><W56/><G104/><T44/><D44/><U96/><E96/><V49/><F10/><W42/><G46/><T62/><D62/><U135/><E135/><V52/><F52/><W81/><G64/><T6/><D6/><AGARI ba="1,1" hai="6,9,12,27,28,35,108,110" m="30911,49769" machi="6" ten="30,1000,0" yaku="19,1" doraHai="71" who="1" fromWho="0" sc="257,-13,211,23,292,0,230,0" /><INIT seed="3,0,0,2,3,121" ten="244,234,292,230" oya="3" hai0="50,96,34,76,73,31,77,32,55,98,107,44,4" hai1="43,126,111,127,47,82,109,54,12,129,112,79,25" hai2="122,115,120,70,64,18,65,75,117,7,19,2,101" hai3="16,78,71,105,104,37,42,21,41,23,133,45,17"/><W132/><G71/><T95/><D4/><U60/><E112/><V14/><F115/><W22/><G78/><T119/><D119/><U118/><E118/><V48/><F117/><W27/><G42/><T72/><D107/><U135/><E135/><N who="3" m="51786" /><G22/><T39/><D39/><U114/><E114/><V9/><F75/><W24/><AGARI ba="0,0" hai="16,17,21,23,24,27,37,41,45,104,105" m="51786" machi="24" ten="30,3000,0" yaku="20,1,54,1" doraHai="121" who="3" fromWho="3" sc="244,-10,234,-10,292,-10,230,30" /><INIT seed="3,1,0,0,3,116" ten="234,224,282,260" oya="3" hai0="130,12,40,25,32,41,42,33,2,6,93,90,62" hai1="10,29,67,20,5,8,102,35,19,113,118,111,31" hai2="58,56,96,115,48,133,119,94,3,45,75,106,129" hai3="100,73,17,21,72,71,14,66,30,16,120,109,132"/><W61/><G132/><T87/><D130/><U135/><E113/><V84/><F75/><W134/><G134/><T13/><D2/><U65/><E135/><V4/><F133/><W22/><G30/><N who="1" m="11274" /><E35/><V34/><F34/><W110/><G100/><T77/><D25/><U89/><E118/><V28/><F28/><W52/><G52/><T131/><D131/><U128/><E128/><V112/><F119/><W54/><G54/><T69/><D77/><U74/><E74/><V81/><F106/><W121/><G73/><T99/><D33/><U63/><E63/><V49/><F129/><W82/><G82/><N who="0" m="49527" /><D32/><U86/><E102/><V88/><F3/><W43/><G43/><T9/><D69/><U105/><E105/><V51/><F4/><W79/><G79/><T53/><D62/><U7/><E111/><N who="3" m="42506" /><G72/><T47/><D53/><U15/><E5/><V83/><F83/><W38/><G38/><T107/><D107/><U59/><E59/><N who="2" m="22571" /><F115/><W104/><G104/><T60/><D60/><U122/><E7/><V70/><F70/><W76/><G76/><T68/><D68/><U124/><E124/><V92/><F112/><W50/><G50/><N who="0" m="26983" /><D13/><AGARI ba="1,0" hai="13,14,16,17,21,22,61,66,71,120,121" m="42506" machi="13" ten="30,12000,1" yaku="14,1,10,1,52,2,54,1" doraHai="116" who="3" fromWho="0" sc="234,-123,224,0,282,0,260,123" owari="111,-38.9,224,-17.6,282,8.2,383,48.3" /></mjloggm>