<mjloggm ver="2.3"><GO type="225" lobby="0"/><UN n0="%4E%49%4A%49%49%52%4F" n1="%E7%B4%94%E6%BD%94%E3%83%94%E3%83%A9%E3%83%8B%E3%82%A2" n2="%E3%81%8F%E3%82%8A%E3%83%94%E3%83%BC" n3="%E3%81%82%E3%82%93%E3%81%AA%E3%81%A4" dan="16,16,16,16" rate="2160.47,2101.64,2078.29,2129.13" sx="M,M,M,M"/><TAIKYOKU oya="0"/><INIT seed="0,0,0,4,5,37" ten="250,250,250,250" oya="0" hai0="16,44,14,27,45,79,132,69,77,82,97,92,55" hai1="39,67,50,101,40,85,113,31,103,135,106,115,119" hai2="70,36,57,18,20,108,129,54,134,116,51,125,117" hai3="52,104,0,34,93,111,61,131,58,30,8,109,99"/><T89/><D69/><U110/><E119/><V105/><F105/><W47/><G104/><T80/><D132/><U121/><E121/><V62/><F18/><W17/><G131/><T130/><D27/><U73/><E73/><V22/><F22/><W28/><G47/><N who="0" m="17995" /><D55/><U128/><E50/><V122/><F20/><W43/><G34/><T24/><D24/><U59/><E59/><V63/><F122/><W74/><G74/><T42/><D42/><U3/><E40/><V15/><F15/><N who="3" m="7399" /><G0/><T64/><D64/><U4/><E67/><N who="2" m="41335" /><F36/><W107/><G107/><T12/><D12/><U48/><E39/><V33/><F33/><W120/><G43/><T5/><D5/><U41/><E41/><V26/><F26/><W1/><G1/><T49/><D49/><U13/><E48/><V71/><F134/><W114/><G114/><T2/><D2/><U112/><E4/><V53/><F125/><W126/><G126/><T66/><D66/><U65/><E3/><V94/><F94/><W11/><G11/><N who="0" m="6239" /><D130/><U118/><E65/><N who="2" m="41407" /><F129/><W81/><G120/><T88/><D89/><U90/><E90/><V96/><F96/><W21/><G21/><T127/><D127/><U6/><E115/><V29/><F29/><W68/><G28/><T86/><D97/><U19/><E113/><V75/><F75/><W46/><G30/><T91/><D91/><U38/><E112/><V87/><F87/><W133/><G133/><T7/><D7/><U56/><E135/><V123/><F123/><W78/><G99/><T100/><D100/><U35/><E128/><V60/><F108/><RYUUKYOKU ba="0,0" sc="250,15,250,-15,250,15,250,-15" hai0="77,79,80,82,86,88,92" hai2="51,53,54,57,60,116,117" /><INIT seed="0,1,0,5,2,74" ten="265,235,265,235" oya="0" hai0="125,32,122,23,66,121,56,120,95,34,57,6,46" hai1="132,58,15,1,102,7,25,97,64,28,130,37,60" hai2="48,79,88,110,11,49,115,86,92,0,45,81,14" hai3="70,39,9,36,112,20,61,67,5,131,72,127,2"/><T3/><D95/><U65/><E130/><V44/><F110/><W111/><G131/><T99/><D99/><U109/><E109/><V113/><F0/><W135/><G111/><T93/><D93/><U62/><E132/><V117/><F117/><W8/><G135/><T55/><D66/><U80/><E37/><V43/><F48/><W50/><G112/><T12/><D46/><U52/><E1/><V114/><F45/><W75/><G127/><T119/><D119/><U54/><E7/><V38/><F38/><W26/><G9/><N who="0" m="2271" /><D55/><U84/><E15/><V126/><F126/><W22/><G39/><T47/><D47/><U83/><E83/><V94/><REACH who="2" step="1"/><F88/><REACH who="2" ten="265,235,255,235" step="2"/><W123/><G36/><T21/><D125/><U68/><E97/><V124/><F124/><W129/><G50/><T73/><D120/><U82/><E102/><V35/><F35/><W107/><G123/><T96/><D32/><U19/><E82/><V128/><F128/><W77/><G129/><T4/><D34/><U98/><E98/><V116/><F116/><W85/><G2/><T100/><D96/><U40/><E40/><V10/><F10/><W71/><G8/><T41/><D100/><U91/><E19/><AGARI ba="1,1" hai="11,14,19,43,44,49,79,81,86,92,94,113,114,115" machi="19" ten="40,2600,0" yaku="1,1,52,1,53,0" doraHai="74" doraHaiUra="134" who="2" fromWho="1" sc="265,0,235,-29,255,39,235,0" /><INIT seed="1,0,0,2,5,20" ten="265,206,294,235" oya="1" hai0="22,86,28,41,121,65,36,94,109,64,133,75,6" hai1="120,125,50,70,123,73,1,81,118,49,60,135,131" hai2="78,128,23,130,26,13,47,88,42,9,32,63,89" hai3="85,105,100,11,39,99,107,84,72,116,66,40,127"/><U16/><E118/><V14/><F32/><W38/><G116/><T101/><D75/><U82/><E1/><V30/><F63/><W67/><G72/><T71/><D109/><U103/><E125/><V45/><F78/><W33/><G33/><T129/><D129/><N who="2" m="49770" /><F47/><W104/><G127/><T69/><D133/><U10/><E135/><V102/><F102/><W52/><G40/><T124/><D124/><U80/><E73/><V68/><F68/><W92/><G11/><T115/><D6/><U106/><E131/><V122/><F122/><W18/><G18/><T74/><D121/><U61/><E123/><V55/><F55/><W53/><G105/><T76/><D74/><U34/><E34/><V96/><F96/><W0/><G0/><T21/><D76/><U56/><E120/><V93/><F93/><W79/><G79/><T54/><D94/><U43/><E106/><V8/><F8/><W37/><G92/><T110/><D101/><U31/><E103/><V112/><F112/><W5/><G37/><T12/><D36/><U134/><E134/><V48/><F13/><W57/><G100/><T27/><D69/><U62/><E70/><V114/><F114/><W46/><G99/><T97/><D71/><U24/><E56/><V87/><F87/><W111/><G57/><T132/><D132/><U108/><E108/><V117/><F117/><W7/><G111/><T19/><D110/><U59/><E59/><V25/><F25/><W35/><G35/><T51/><D115/><U95/><E43/><V58/><F58/><W29/><G46/><T4/><D41/><RYUUKYOKU ba="0,0" sc="265,-15,206,-15,294,15,235,15" hai2="9,14,23,26,30,42,45,48,88,89" hai3="5,7,29,38,39,52,53,66,67,84,85,104,107" /><INIT seed="2,1,0,3,1,20" ten="250,191,309,250" oya="2" hai0="127,26,8,22,1,12,13,61,105,77,5,68,102" hai1="124,52,110,116,107,100,33,75,87,62,72,118,95" hai2="43,45,35,126,109,29,27,86,112,58,56,111,31" hai3="82,48,125,21,19,78,90,81,80,38,44,10,6"/><V97/><F112/><W99/><G38/><T115/><D115/><U14/><E33/><V70/><F70/><W18/><G125/><T50/><D127/><U135/><E124/><V25/><F126/><W54/><G78/><T71/><D77/><U34/><E34/><N who="2" m="20783" /><F86/><W119/><G119/><T101/><D50/><U15/><E110/><N who="2" m="41995" /><F97/><W65/><G65/><T108/><D108/><U11/><E135/><V4/><F4/><W36/><G36/><AGARI ba="1,0" hai="27,31,35,36,43,45,56,58" m="41995,20783" machi="36" ten="30,11600,0" yaku="14,1,10,1,52,2" doraHai="20" who="2" fromWho="3" sc="250,0,191,0,309,119,250,-119" /><INIT seed="2,2,0,4,4,33" ten="250,191,428,131" oya="2" hai0="63,46,44,99,4,49,101,113,50,43,40,124,14" hai1="47,107,5,121,53,88,67,114,69,30,66,72,78" hai2="97,2,7,16,133,130,36,10,76,24,22,126,25" hai3="17,111,93,77,100,118,19,112,135,57,15,132,89"/><V116/><F116/><W0/><G118/><T68/><D124/><U110/><E121/><V34/><F36/><W27/><G111/><T11/><D113/><U60/><E114/><V79/><F126/><W90/><G112/><T26/><D26/><U131/><E30/><V65/><F130/><W122/><G122/><T70/><REACH who="0" step="1"/><D63/><REACH who="0" ten="240,191,428,131" step="2"/><U82/><E60/><V125/><F125/><W105/><G27/><T106/><AGARI ba="2,1" hai="4,11,14,40,43,44,46,49,50,68,70,99,101,106" machi="106" ten="20,8000,1" yaku="1,1,2,1,0,1,7,1,9,1,53,0" doraHai="33" doraHaiUra="75" who="0" fromWho="0" sc="240,96,191,-22,428,-42,131,-22" /><INIT seed="3,0,0,4,0,131" ten="336,169,386,109" oya="3" hai0="74,23,8,118,73,119,38,15,66,61,19,27,68" hai1="29,46,32,41,78,72,28,30,95,126,18,7,65" hai2="88,14,128,117,26,31,77,3,48,102,42,79,90" hai3="36,81,109,57,120,75,104,132,53,58,91,54,94"/><W100/><G120/><T135/><D61/><U89/><E126/><V20/><F3/><W40/><G40/><T70/><D38/><U71/><E7/><V67/><F117/><W101/><G36/><T114/><D114/><U129/><E129/><V80/><F128/><W87/><G109/><T112/><D112/><U97/><E18/><V116/><F102/><W69/><G69/><T93/><D93/><U76/><E72/><V0/><F0/><W60/><G132/><T35/><D35/><U47/><E32/><V124/><F79/><N who="1" m="30249" /><E71/><V111/><F67/><W130/><G130/><T83/><D66/><U127/><E127/><V13/><F111/><W51/><G75/><T64/><D64/><U92/><E65/><V84/><F116/><W17/><G104/><T12/><D83/><U37/><E37/><V82/><F124/><W33/><G33/><T122/><D27/><U107/><E107/><V62/><F62/><W21/><REACH who="3" step="1"/><G81/><REACH who="3" ten="336,169,386,99" step="2"/><T16/><D122/><U134/><E134/><V59/><F82/><W103/><G103/><T49/><D135/><U105/><E105/><V52/><F42/><W25/><AGARI ba="0,1" hai="17,21,25,51,53,54,57,58,60,87,91,94,100,101" machi="25" ten="20,7800,0" yaku="1,1,0,1,7,1,8,1,53,0" doraHai="131" doraHaiUra="6" who="3" fromWho="3" sc="336,-26,169,-26,386,-26,99,88" /><INIT seed="3,1,0,0,5,24" ten="310,143,360,187" oya="3" hai0="16,120,112,31,58,127,124,76,93,88,63,0,65" hai1="56,118,44,111,81,91,67,114,22,87,30,110,70" hai2="129,33,23,45,48,73,8,12,9,85,18,121,103" hai3="39,113,13,36,41,89,95,60,135,32,19,28,133"/><W66/><G113/><T107/><D120/><U106/><E114/><V75/><F33/><W6/><G6/><T82/><D107/><U11/><E70/><V54/><F121/><W104/><G104/><T84/><D0/><U4/><E106/><V83/><F103/><W57/><G41/><T10/><D112/><U117/><E67/><V26/><F8/><W37/><G32/><T52/><D65/><U80/><E56/><V29/><F129/><W62/><G62/><T2/><D31/><U27/><E44/><V119/><F119/><W21/><REACH who="3" step="1"/><G28/><REACH who="3" ten="310,143,360,177" step="2"/><T116/><D116/><N who="1" m="44651" /><E81/><V109/><F109/><W61/><G61/><T50/><D63/><U35/><E35/><V71/><F71/><W96/><AGARI ba="1,1" hai="13,19,21,36,37,39,57,60,66,89,95,96,133,135" machi="96" ten="40,3900,0" yaku="1,1,0,1,53,0" doraHai="24" doraHaiUra="38" who="3" fromWho="3" sc="310,-14,143,-14,360,-14,177,52" /><INIT seed="3,2,0,1,1,40" ten="296,129,346,229" oya="3" hai0="89,31,21,46,7,17,19,79,27,115,128,2,32" hai1="61,24,101,131,135,63,67,72,6,108,51,5,41" hai2="117,113,13,84,9,57,15,52,34,118,29,75,102" hai3="77,28,8,66,122,33,114,105,35,56,20,50,116"/><W23/><G114/><T74/><D128/><U92/><E72/><V129/><F75/><W81/><G105/><T68/><D115/><U69/><E131/><V121/><F15/><W22/><G116/><T86/><D68/><U18/><E108/><V70/><F70/><W76/><G122/><T71/><D71/><U60/><E135/><V44/><F44/><W95/><G28/><T11/><D79/><U109/><E109/><V99/><F129/><W30/><G30/><T83/><D74/><U42/><E69/><V112/><F121/><W25/><G25/><T111/><D111/><U10/><E67/><V55/><F55/><W65/><G95/><T16/><REACH who="0" step="1"/><D46/><REACH who="0" ten="286,129,346,229" step="2"/><U123/><E123/><V48/><F113/><W85/><G77/><T53/><D53/><U94/><E101/><V120/><F112/><W106/><G106/><T130/><D130/><U64/><E64/><N who="3" m="24682" /><G33/><AGARI ba="2,1" hai="2,7,11,16,17,19,21,27,31,32,33,83,86,89" machi="33" ten="40,2600,0" yaku="1,1,54,1,53,0" doraHai="40" doraHaiUra="98" who="0" fromWho="3" sc="286,42,129,0,346,0,229,-32" owari="328,12.8,129,-37.1,346,44.6,197,-20.3" /></mjloggm>