<mjloggm ver="2.3"><GO type="225" lobby="0"/><UN n0="%E7%B4%94%E6%BD%94%E3%83%94%E3%83%A9%E3%83%8B%E3%82%A2" n1="%E7%AD%89%E3%80%85%E5%8A%9B%E5%8A%87%E5%A0%B4" n2="%E6%97%A5%E6%9B%9C%E6%97%A5%E3%82%88%E3%82%8A%E3%81%AE%E4%BD%BF%E8%80%85" n3="%54%4F%52" dan="17,16,18,17" rate="2285.60,2162.21,2170.09,2228.26" sx="M,M,M,M"/><TAIKYOKU oya="0"/><INIT seed="0,0,0,0,0,15" ten="250,250,250,250" oya="0" hai0="118,71,55,117,52,34,26,60,19,4,103,64,125" hai1="122,102,61,128,50,114,75,135,86,36,107,27,13" hai2="10,56,18,91,99,110,80,77,17,46,93,14,53" hai3="104,32,111,16,22,5,89,96,54,3,101,76,82"/><T49/><D125/><U39/><E75/><V74/><F110/><W65/><G111/><T11/><D103/><U97/><E122/><V58/><F46/><W90/><G32/><T98/><D98/><U70/><E135/><V127/><F127/><W95/><G65/><T8/><D55/><U28/><E128/><V38/><F38/><W23/><G23/><T124/><D124/><U68/><E114/><V119/><F119/><W7/><G54/><T29/><D11/><U2/><E2/><V44/><F44/><W45/><G45/><T88/><D19/><U83/><E50/><V100/><F100/><W31/><G31/><T116/><D88/><U33/><E13/><V1/><F1/><W106/><G106/><T42/><D42/><U69/><REACH who="1" step="1"/><E61/><REACH who="1" ten="250,240,250,250" step="2"/><V134/><F134/><W130/><G130/><T112/><D112/><U51/><E51/><V57/><REACH who="2" step="1"/><F18/><REACH who="2" ten="250,240,240,250" step="2"/><W126/><G126/><T63/><D118/><U120/><E120/><V9/><F9/><W66/><G3/><T121/><D121/><U81/><E81/><V37/><F37/><W35/><G82/><T78/><D117/><U79/><AGARI ba="0,2" hai="27,28,33,36,39,68,69,70,79,83,86,97,102,107" machi="79" ten="30,2000,0" yaku="1,1,0,1,53,0" doraHai="15" doraHaiUra="59" who="1" fromWho="1" sc="250,-10,240,40,240,-5,250,-5" /><INIT seed="1,0,0,3,5,41" ten="240,280,235,245" oya="1" hai0="36,29,70,130,68,77,81,21,103,74,63,116,64" hai1="38,44,12,115,131,85,69,104,91,48,118,5,4" hai2="125,39,0,120,92,3,13,14,106,124,23,26,112" hai3="102,15,134,2,30,16,55,34,72,37,59,8,80"/><U61/><E115/><V127/><F106/><W45/><G134/><T57/><D116/><U121/><E121/><V123/><F39/><W71/><G71/><T129/><D36/><U126/><E118/><V65/><F65/><W117/><G117/><T11/><D11/><U17/><E38/><V56/><F56/><W67/><G102/><T33/><D33/><U28/><E104/><V93/><F112/><W43/><G67/><T111/><D103/><U46/><E131/><N who="0" m="50185" /><D111/><U100/><E100/><V25/><F124/><W9/><G30/><T114/><D114/><U73/><E73/><V42/><F42/><W133/><G34/><T119/><D119/><U60/><E126/><V95/><F95/><W22/><G133/><T32/><D32/><U6/><E28/><V66/><F66/><W113/><G113/><T58/><D58/><U98/><E98/><V135/><REACH who="2" step="1"/><F23/><REACH who="2" ten="240,280,225,245" step="2"/><W47/><G22/><T20/><D20/><N who="1" m="11303" /><E69/><V82/><F82/><W105/><G105/><T27/><AGARI ba="0,1" hai="21,27,29,57,63,64,68,70,74,77,81" m="50185" machi="27" ten="30,1100,0" yaku="19,1" doraHai="41" who="0" fromWho="0" sc="240,21,280,-5,225,-3,245,-3" /><INIT seed="2,0,0,5,5,96" ten="261,275,222,242" oya="2" hai0="60,82,105,114,135,38,111,108,130,128,69,72,32" hai1="65,116,55,57,22,36,33,101,76,85,15,56,30" hai2="121,47,44,3,92,95,7,81,129,89,131,120,0" hai3="84,123,20,12,25,109,86,26,66,118,78,74,63"/><V127/><F81/><W107/><G118/><T106/><D38/><U79/><E116/><V24/><F24/><W59/><G123/><N who="2" m="47177" /><F89/><W42/><G107/><N who="0" m="40971" /><D32/><U93/><E33/><V90/><F90/><W117/><G117/><T94/><D114/><U100/><E36/><V49/><F49/><W35/><G109/><N who="0" m="42059" /><D135/><U46/><E93/><N who="2" m="35915" /><F7/><W52/><G42/><T80/><D94/><U21/><E85/><V1/><F127/><W75/><G75/><T132/><D132/><U4/><E4/><V73/><F73/><W64/><G74/><T98/><D98/><U91/><E91/><V43/><F43/><W18/><G86/><T68/><D60/><U119/><E119/><V54/><F54/><W112/><G112/><T71/><D72/><U83/><E55/><V99/><F99/><W126/><G126/><T104/><N who="0" m="40979" /><T88/><DORA hai="67" /><D88/><U50/><E50/><V40/><F40/><W124/><G124/><T10/><D10/><U11/><E11/><V16/><F16/><N who="3" m="12423" /><G35/><T2/><D2/><U110/><E110/><V133/><F133/><W19/><G26/><T70/><N who="0" m="17408" /><DORA hai="34" /><T102/><D102/><U77/><E101/><V8/><F8/><N who="3" m="6407" /><G19/><T17/><D17/><U9/><E100/><V5/><F5/><W113/><G113/><T29/><D29/><U6/><E30/><V125/><F125/><W28/><G28/><T87/><D87/><U27/><E6/><V58/><F58/><W14/><G14/><T13/><D13/><U134/><E15/><V97/><F97/><W115/><G115/><T61/><D61/><U37/><E134/><RYUUKYOKU ba="0,0" sc="261,10,275,-30,222,10,242,10" hai0="80,82,128,130" hai2="0,1,3,44,47,129,131" hai3="52,59,63,64,66,78,84" /><INIT seed="2,1,0,5,3,79" ten="271,245,232,252" oya="2" hai0="100,55,81,71,110,123,87,2,19,8,17,72,22" hai1="106,70,102,11,7,53,135,14,36,116,6,75,4" hai2="84,119,134,89,83,96,78,16,62,105,86,45,39" hai3="24,115,91,109,73,125,69,103,61,112,12,74,108"/><V30/><F119/><W126/><G103/><T90/><D123/><U5/><E116/><V33/><F134/><W85/><G12/><T26/><D71/><U56/><E70/><V82/><F33/><W131/><G24/><T128/><D110/><N who="3" m="42601" /><G61/><T101/><D128/><U21/><E36/><V35/><F35/><W124/><G131/><T107/><D107/><U132/><E75/><N who="3" m="28682" /><G69/><T0/><D72/><U67/><E67/><V64/><F30/><W77/><G77/><T40/><D40/><U113/><E21/><V23/><F105/><W68/><G68/><T1/><D55/><U121/><E121/><V65/><F62/><W54/><G54/><T80/><D101/><U47/><E102/><V122/><F122/><W34/><G34/><T13/><D100/><U129/><E106/><V76/><F39/><W9/><G9/><T114/><REACH who="0" step="1"/><D114/><REACH who="0" ten="261,245,232,252" step="2"/><U111/><E113/><V98/><F45/><W94/><AGARI ba="1,1" hai="85,91,94,112,115,124,125,126" m="28682,42601" machi="94" ten="40,8000,1" yaku="18,1,14,1,34,2" doraHai="79" who="3" fromWho="3" sc="261,-21,245,-21,232,-41,252,93" /><INIT seed="3,0,0,0,2,99" ten="240,224,191,345" oya="3" hai0="120,133,18,4,85,9,123,24,107,15,98,50,125" hai1="102,38,81,92,47,59,122,33,56,109,134,128,69" hai2="28,91,26,67,29,21,106,131,49,7,35,111,3" hai3="22,45,118,30,1,104,112,117,13,34,64,2,74"/><W25/><G104/><T116/><D116/><U36/><E122/><V44/><F106/><W46/><G74/><T61/><D125/><U41/><E69/><V66/><F111/><W5/><G1/><T57/><D133/><U17/><E128/><V40/><F131/><W43/><G64/><T103/><D50/><U79/><E109/><V65/><F3/><W37/><G46/><T82/><D24/><U77/><E134/><V48/><F35/><W76/><G76/><T20/><D20/><U63/><E33/><V19/><F7/><W8/><G112/><T115/><D4/><U124/><E124/><V114/><F114/><W53/><G53/><T12/><D12/><U71/><E36/><V105/><F105/><W80/><G80/><T78/><REACH who="0" step="1"/><D115/><REACH who="0" ten="230,224,191,345" step="2"/><U127/><E127/><V58/><REACH who="2" step="1"/><F91/><REACH who="2" ten="230,224,181,345" step="2"/><W113/><G113/><T135/><D135/><U55/><E79/><V11/><F11/><W121/><G121/><T54/><AGARI ba="0,2" hai="9,15,18,54,57,61,78,82,85,98,103,107,120,123" machi="54" ten="20,5200,0" yaku="1,1,0,1,7,1,52,1,53,0" doraHai="99" doraHaiUra="42" who="0" fromWho="0" sc="230,72,224,-13,181,-13,345,-26" owari="302,10.2,211,-18.9,168,-33.2,319,41.9" /></mjloggm>