<mjloggm ver="2.3"><GO type="225" lobby="0"/><UN n0="%72%69%6F%75%63%68%61%6E" n1="%E6%A0%B9%E5%85%83%E3%81%8B%E3%82%89%E5%90%B9%E3%81%A3%E9%A3%9B%E3%81%B6" n2="%54%4F%52" n3="%E5%B8%86%E7%AB%8B%E5%A4%8F%E8%A1%A3" dan="16,17,17,16" rate="2228.17,2242.35,2235.25,2075.61" sx="M,F,M,M"/><TAIKYOKU oya="0"/><INIT seed="0,0,0,5,1,49" ten="250,250,250,250" oya="0" hai0="8,18,17,78,118,79,94,24,38,71,0,130,74" hai1="93,60,61,92,35,100,45,109,57,51,67,15,58" hai2="37,75,44,59,112,95,39,127,12,89,120,104,103" hai3="76,80,85,2,96,13,42,33,9,26,63,47,81"/><T125/><D118/><U115/><E109/><V40/><F112/><W34/><G2/><T52/><D71/><U32/><E115/><V131/><F120/><W132/><G132/><T102/><D38/><U3/><E3/><V98/><F75/><W55/><G96/><T72/><D125/><U28/><E28/><V99/><F127/><W117/><G117/><T31/><D130/><U111/><E111/><V101/><F131/><W30/><G80/><T11/><D0/><U66/><E15/><V133/><F133/><W56/><G26/><T114/><D114/><U4/><E4/><V106/><F12/><W116/><G30/><T14/><D74/><U50/><E45/><V113/><F113/><W10/><G10/><T107/><D107/><U135/><E100/><V123/><F123/><W90/><G90/><T6/><D72/><U83/><E83/><V82/><F82/><W87/><G87/><T91/><D102/><U128/><REACH who="1" step="1"/><E128/><REACH who="1" ten="250,240,250,250" step="2"/><V41/><F44/><W122/><G116/><T22/><D17/><U1/><E1/><V126/><F126/><W84/><G122/><T20/><D6/><U69/><E69/><V68/><F68/><W29/><G29/><T48/><D8/><U19/><E19/><V124/><F124/><W53/><G34/><T70/><D11/><U121/><E121/><V25/><F25/><W88/><G33/><T64/><D70/><U36/><E36/><V62/><F39/><N who="3" m="21983" /><G76/><T23/><D20/><U86/><E86/><N who="2" m="52663" /><F37/><W27/><G84/><N who="0" m="52583" /><D64/><U97/><E97/><V21/><F21/><W16/><G27/><T105/><D105/><RYUUKYOKU ba="0,1" sc="250,0,240,0,250,0,250,0" hai0="14,18,22,23,24,31,48,52,78,79" hai1="32,35,50,51,57,58,60,61,66,67,92,93,135" hai2="40,41,59,62,98,99,101,103,104,106" hai3="9,13,16,53,55,56,63,81,85,88" /><INIT seed="0,1,1,0,1,43" ten="250,240,250,250" oya="0" hai0="107,17,115,65,57,50,78,96,121,28,60,72,20" hai1="33,75,69,89,26,101,118,73,34,21,116,129,5" hai2="102,81,36,130,71,32,6,108,119,19,90,74,42" hai3="13,88,70,27,132,45,37,114,93,11,91,134,64"/><T113/><D121/><U125/><E89/><V85/><F71/><W54/><G114/><T58/><D28/><U23/><E5/><V12/><F32/><N who="1" m="12393" /><E26/><V59/><F108/><W49/><G27/><T92/><D107/><U56/><E56/><V16/><F130/><W68/><G37/><T106/><D106/><U76/><E76/><V44/><F119/><W8/><G8/><T98/><D96/><U80/><E80/><V127/><F127/><W9/><G9/><T39/><D39/><U29/><E29/><V83/><F102/><W104/><G104/><T47/><D57/><U53/><E53/><V124/><F124/><W79/><G79/><T24/><D72/><N who="1" m="27723" /><E69/><V7/><F59/><W117/><G91/><T126/><D78/><U109/><E109/><V87/><F74/><W18/><G117/><N who="1" m="45162" /><E101/><V62/><F62/><W133/><G64/><T128/><D128/><U131/><E125/><V38/><F38/><W97/><AGARI ba="1,1" hai="11,13,18,45,49,54,68,70,88,93,97,132,133,134" machi="97" ten="30,7900,0" yaku="0,1,20,1,52,1,54,1" doraHai="43" who="3" fromWho="3" sc="250,-40,240,-21,250,-21,250,92" /><INIT seed="1,0,0,0,2,69" ten="210,219,229,342" oya="1" hai0="132,104,48,84,131,10,122,105,23,82,46,39,58" hai1="37,36,101,59,43,79,99,110,7,98,91,64,112" hai2="11,72,32,115,33,25,62,100,0,28,8,41,76" hai3="21,16,125,17,73,12,47,26,92,88,95,6,61"/><U116/><E112/><V31/><F115/><W29/><G125/><T63/><D131/><U87/><E116/><V15/><F100/><W35/><G73/><T80/><D132/><U13/><E43/><V114/><F114/><W71/><G47/><T133/><D133/><U60/><E79/><V38/><F62/><W118/><G118/><T124/><D124/><U54/><E110/><V49/><F49/><W120/><G120/><T44/><D122/><U75/><E75/><V93/><F93/><W89/><G95/><T119/><D119/><U9/><E64/><V123/><F123/><W56/><G71/><T67/><D23/><U121/><E121/><V30/><F76/><W102/><G102/><T45/><D48/><U90/><E90/><V19/><F41/><W27/><G92/><T20/><D39/><U97/><REACH who="1" step="1"/><E101/><REACH who="1" ten="210,209,229,342" step="2"/><V50/><F72/><W96/><G89/><T128/><D128/><U86/><E86/><V94/><F33/><W103/><G88/><T57/><D84/><U127/><E127/><V85/><F85/><W77/><G77/><T83/><D20/><U109/><E109/><V74/><F74/><W81/><G103/><T2/><D105/><U51/><E51/><V3/><F50/><W18/><G96/><T129/><D104/><U108/><E108/><V66/><F32/><W52/><G81/><AGARI ba="0,1" hai="7,9,13,36,37,54,59,60,81,87,91,97,98,99" machi="81" ten="40,7700,0" yaku="1,1,52,2,53,0" doraHai="69" doraHaiUra="130" who="1" fromWho="3" sc="210,0,209,87,229,0,342,-77" /><INIT seed="1,1,0,4,0,132" ten="210,296,229,265" oya="1" hai0="120,56,97,52,2,124,106,121,91,126,129,131,3" hai1="98,102,37,34,123,9,128,80,119,122,77,40,15" hai2="54,28,127,44,84,61,67,105,31,21,39,71,87" hai3="115,36,11,45,86,79,95,23,82,20,69,93,57"/><U7/><E119/><V74/><F74/><W111/><G69/><T94/><D106/><U90/><E128/><N who="0" m="49225" /><D2/><U83/><E34/><V53/><F105/><W43/><G111/><T6/><D6/><U89/><E40/><V62/><F39/><W10/><G115/><T1/><D3/><U125/><E37/><V73/><F73/><W5/><G11/><T26/><D1/><U50/><E50/><V66/><F44/><W75/><G57/><T35/><D26/><U70/><E70/><V130/><F71/><W27/><G75/><T101/><D35/><U33/><E33/><V135/><F130/><W116/><G116/><T60/><D101/><U55/><E102/><V47/><F47/><W19/><REACH who="3" step="1"/><G23/><REACH who="3" ten="210,296,229,255" step="2"/><T134/><D134/><U96/><E9/><V133/><REACH who="2" step="1"/><F21/><REACH who="2" ten="210,296,219,255" step="2"/><W113/><G113/><T108/><D108/><U29/><E122/><AGARI ba="1,2" hai="52,56,60,91,94,97,120,121,122,124,126" m="49225" machi="122" ten="30,8000,1" yaku="13,1,19,1,52,2,54,1" doraHai="132" who="0" fromWho="1" sc="210,103,296,-83,219,0,255,0" /><INIT seed="2,0,0,5,1,58" ten="313,213,219,255" oya="2" hai0="39,31,6,81,13,74,51,106,134,62,11,48,90" hai1="54,33,23,20,50,42,127,52,121,124,70,49,88" hai2="112,12,109,36,55,73,72,120,34,37,45,24,87" hai3="60,84,93,38,53,56,130,3,101,75,61,15,65"/><V118/><F112/><W100/><G3/><T59/><D39/><U95/><E70/><V104/><F118/><W68/><G130/><T110/><D110/><U41/><E33/><V122/><F104/><W80/><G38/><T8/><D134/><U4/><E4/><V27/><F109/><W17/><G75/><T46/><D106/><U0/><E0/><V76/><F37/><W69/><G69/><T83/><D31/><U10/><E10/><V94/><F12/><W1/><G93/><T79/><D8/><U111/><E111/><V77/><F24/><W2/><G2/><T99/><D46/><U115/><E115/><V57/><F73/><W89/><G1/><T114/><D114/><U128/><E128/><V98/><F72/><W67/><G67/><T43/><D43/><U22/><E121/><V123/><F87/><W19/><G19/><T116/><D116/><U113/><E113/><V85/><F85/><W16/><G17/><T14/><D14/><U103/><E103/><V78/><F45/><W64/><G64/><T7/><D7/><U133/><E133/><V107/><F107/><W132/><G132/><T47/><D47/><U131/><E131/><V105/><F105/><W102/><G100/><T44/><D44/><U135/><E135/><V66/><F36/><W25/><G25/><T129/><D129/><U63/><E41/><V71/><F120/><W5/><G5/><T35/><D35/><U96/><E42/><V21/><F34/><W91/><G91/><T86/><D99/><U119/><E119/><V108/><F122/><W126/><G126/><RYUUKYOKU ba="0,0" sc="313,15,213,-15,219,-15,255,15" hai0="6,11,13,48,51,59,62,74,79,81,83,86,90" hai3="15,16,53,56,60,61,65,68,80,84,89,101,102" /><INIT seed="3,1,0,0,3,105" ten="328,198,204,270" oya="3" hai0="112,123,17,67,73,1,61,106,68,22,135,44,27" hai1="3,127,122,108,66,60,72,52,70,13,49,29,96" hai2="130,82,16,7,28,124,90,33,32,54,102,10,119" hai3="126,97,91,45,120,78,59,4,53,95,15,14,113"/><W5/><G120/><T12/><D123/><U8/><E122/><V128/><F119/><W18/><G113/><T74/><D1/><U19/><E72/><V34/><F124/><W36/><G126/><T0/><D0/><U41/><E108/><V107/><F28/><W65/><G78/><T98/><D112/><U30/><E127/><V134/><F134/><W76/><G76/><T85/><D135/><U93/><E41/><V111/><F111/><W6/><G36/><T56/><D44/><U21/><E8/><V94/><F82/><W75/><G75/><T51/><D85/><U103/><REACH who="1" step="1"/><E3/><REACH who="1" ten="328,188,204,270" step="2"/><V115/><F115/><W31/><G4/><T89/><D74/><U88/><E88/><V71/><F71/><W79/><G5/><T125/><D73/><U37/><E37/><V58/><F107/><W50/><G6/><T48/><D89/><U121/><E121/><V39/><F39/><W2/><G2/><T104/><D68/><U81/><E81/><V57/><F102/><W129/><G91/><T117/><D106/><U87/><E87/><N who="2" m="52575" /><F7/><W69/><G69/><T42/><D104/><U24/><E24/><V38/><F38/><W62/><G79/><T116/><D27/><U100/><E100/><V40/><F40/><W114/><G114/><T23/><D125/><U55/><E55/><V35/><N who="2" m="8192" /><DORA hai="109" /><V46/><F46/><AGARI ba="1,1" hai="13,19,21,29,30,46,49,52,60,66,70,93,96,103" machi="46" ten="30,3900,0" yaku="1,1,7,1,54,1,53,0" doraHai="105,109" doraHaiUra="101,86" who="1" fromWho="2" sc="328,0,188,52,204,-42,270,0" owari="328,42.8,240,-16.0,162,-33.8,270,7.0" /></mjloggm>