<mjloggm ver="2.3"><GO type="225" lobby="0"/><UN n0="%E7%99%BD%E6%97%A5%E9%9B%AA%E8%8F%9C" n1="%E7%99%BD%E9%9B%AA%E4%B9%83%E6%84%9B" n2="%E3%82%BF%E3%83%BC%E3%83%90%E3%83%B3%E9%87%8E%E5%8F%A3" n3="%72%69%6F%75%63%68%61%6E" dan="16,16,16,17" rate="2184.33,2076.36,2131.16,2234.88" sx="M,F,M,M"/><TAIKYOKU oya="0"/><INIT seed="0,0,0,1,1,79" ten="250,250,250,250" oya="0" hai0="105,89,74,124,84,96,131,129,118,19,44,113,42" hai1="33,127,0,110,59,47,31,41,82,112,69,93,35" hai2="34,128,133,1,117,39,90,62,25,95,67,17,108" hai3="134,104,103,37,135,75,98,92,52,24,29,50,85"/><T16/><D113/><U100/><E69/><V30/><F133/><N who="3" m="50699" /><G37/><T101/><D118/><U77/><E0/><V43/><F128/><N who="0" m="49226" /><D74/><U71/><E71/><V115/><F115/><W58/><G75/><T106/><D106/><U21/><E112/><V22/><F108/><W65/><G65/><T9/><D9/><U87/><E127/><V45/><F1/><W64/><G64/><T5/><D5/><U119/><E119/><V122/><F122/><W55/><G55/><T116/><D124/><U8/><E110/><V99/><F117/><W56/><G85/><T86/><D86/><U11/><E59/><V12/><F67/><W78/><G78/><T53/><D53/><U97/><E35/><V14/><REACH who="2" step="1"/><F62/><REACH who="2" ten="250,250,240,250" step="2"/><W36/><G36/><N who="0" m="21575" /><D116/><U7/><E33/><V68/><F68/><W23/><G56/><T88/><D89/><U126/><E126/><V18/><F18/><W91/><G91/><T4/><D4/><U63/><E7/><V72/><F72/><W38/><G38/><T76/><D76/><U123/><E123/><V81/><F81/><AGARI ba="0,1" hai="16,19,81,84,88,96,101,105" m="21575,49226" machi="81" ten="30,11600,0" yaku="19,1,52,1,54,2" doraHai="79" who="0" fromWho="2" sc="250,126,250,0,240,-116,250,0" /><INIT seed="0,1,0,5,3,16" ten="376,250,124,250" oya="0" hai0="40,90,8,36,88,51,77,46,133,69,24,117,70" hai1="125,80,54,59,94,102,116,11,66,113,33,26,0" hai2="39,119,105,124,55,47,130,38,98,118,60,58,126" hai3="18,114,73,22,132,97,13,72,23,91,100,31,37"/><T44/><D117/><N who="2" m="44554" /><F105/><W127/><G114/><T25/><D133/><U49/><E116/><V4/><F98/><W6/><G37/><N who="2" m="13833" /><F4/><W111/><G111/><T9/><D77/><U5/><E125/><N who="2" m="48235" /><F47/><W48/><G132/><T64/><D46/><U45/><E113/><V112/><F112/><W115/><G115/><T41/><D25/><U62/><E80/><V7/><F7/><W12/><G127/><T134/><D24/><U32/><E26/><V35/><F35/><W131/><G131/><AGARI ba="1,0" hai="55,58,60,130,131" m="48235,13833,44554" machi="131" ten="40,8000,1" yaku="12,1,18,1,34,2" doraHai="16" who="2" fromWho="3" sc="376,0,250,0,124,83,250,-83" /><INIT seed="1,0,0,3,3,29" ten="376,250,207,167" oya="1" hai0="12,22,58,11,81,135,39,13,95,7,103,53,118" hai1="75,101,1,6,127,40,93,94,24,0,49,67,2" hai2="110,131,31,26,23,80,48,119,5,25,104,47,43" hai3="4,46,107,14,129,15,113,35,134,78,108,77,56"/><U28/><E75/><V90/><F110/><W86/><G113/><T16/><D118/><U52/><E127/><V69/><F131/><W32/><G107/><T91/><D39/><U51/><E67/><V82/><F119/><W50/><G108/><T100/><D81/><U87/><E6/><V124/><F124/><W97/><G129/><T125/><D135/><U111/><E111/><V30/><F104/><W92/><G134/><T133/><D133/><U72/><E72/><V116/><F116/><W57/><G15/><T83/><D83/><U89/><E40/><V68/><F5/><W112/><G112/><T21/><D21/><U61/><E101/><V115/><F115/><W122/><G122/><T114/><D125/><U18/><E18/><V38/><F38/><W73/><G73/><T123/><D123/><U8/><E8/><V99/><F82/><N who="3" m="47439" /><G78/><T3/><D3/><U121/><E94/><V126/><F126/><W85/><G85/><N who="0" m="52719" /><D114/><U96/><E87/><V17/><F80/><W88/><G56/><T55/><D55/><U105/><E105/><V120/><F120/><W117/><G57/><T98/><D98/><U41/><E121/><V59/><F59/><W132/><G117/><T9/><D11/><U60/><E1/><V34/><REACH who="2" step="1"/><F31/><REACH who="2" ten="376,250,197,167" step="2"/><W84/><G132/><T70/><D70/><U37/><E37/><V27/><F27/><W130/><G130/><T63/><AGARI ba="0,1" hai="7,9,12,13,16,22,53,58,63,100,103" m="52719" machi="63" ten="30,2000,0" yaku="8,1,54,1" doraHai="29" who="0" fromWho="0" sc="376,30,250,-10,197,-5,167,-5" /><INIT seed="2,0,0,0,1,39" ten="406,240,192,162" oya="2" hai0="32,110,77,100,14,129,36,47,25,28,135,4,41" hai1="79,98,125,106,121,102,43,90,27,48,83,64,134" hai2="71,132,30,72,126,38,109,111,118,93,85,122,62" hai3="49,86,120,82,105,81,58,119,80,50,40,65,21"/><V87/><F122/><W51/><G119/><T128/><D110/><N who="2" m="41994" /><F118/><W18/><G120/><T99/><D135/><U26/><E121/><V20/><F72/><W67/><G105/><T3/><D77/><U53/><E134/><V60/><F132/><W97/><G97/><T95/><D14/><U37/><E64/><N who="2" m="41351" /><F126/><W11/><G11/><T116/><D116/><U17/><E125/><V59/><F38/><W130/><G130/><N who="0" m="50283" /><D4/><U6/><E6/><V117/><F117/><W54/><G86/><T8/><D8/><U115/><E115/><V89/><F85/><W0/><G0/><AGARI ba="0,0" hai="0,3,25,28,32,36,41,47,95,99,100" m="50283" machi="0" ten="30,2000,0" yaku="19,1,52,1" doraHai="39" who="0" fromWho="3" sc="406,20,240,0,192,0,162,-20" /><INIT seed="3,0,0,1,5,127" ten="426,240,192,142" oya="3" hai0="13,92,79,110,5,76,83,135,51,41,24,96,31" hai1="133,68,101,10,48,22,69,0,129,91,126,70,77" hai2="117,60,84,45,132,103,109,47,35,11,90,39,128" hai3="64,12,120,97,113,71,67,58,8,98,121,65,38"/><W134/><G113/><T40/><D110/><U125/><E133/><V27/><F109/><W49/><G134/><T6/><D76/><U78/><E129/><V28/><F117/><W112/><G112/><T102/><D51/><U23/><E101/><V104/><F128/><W37/><G71/><T80/><D80/><U88/><E48/><V73/><F73/><W105/><G121/><T33/><D135/><U61/><E61/><V95/><F39/><W57/><G120/><T56/><D56/><U52/><E52/><V36/><F36/><W87/><G38/><T53/><D53/><U59/><E59/><N who="3" m="22538" /><G105/><T86/><D5/><U18/><E0/><V123/><F123/><W26/><G37/><T42/><D42/><U29/><E69/><V106/><F106/><W75/><G75/><T94/><D94/><U17/><E10/><V2/><F132/><W74/><G74/><T62/><D62/><U114/><E114/><V85/><F60/><W55/><G87/><T119/><D119/><U99/><E99/><N who="3" m="37898" /><G26/><T72/><D72/><U130/><E130/><V63/><F85/><W124/><G124/><T93/><D93/><U44/><E44/><N who="2" m="16971" /><F63/><W21/><G21/><T118/><D118/><U50/><E50/><V89/><F89/><W108/><G108/><T4/><D86/><U20/><E20/><V116/><F116/><W16/><G64/><T111/><D24/><U131/><E131/><V100/><F104/><W7/><G7/><T19/><D6/><U25/><E25/><V1/><F1/><W107/><G107/><T82/><D4/><U81/><E81/><RYUUKYOKU ba="0,0" sc="426,-30,240,10,192,10,142,10" hai1="17,18,22,23,29,68,70,77,78,88,91,125,126" hai2="2,11,27,28,35,84,90,95,100,103" hai3="8,12,16,49,55,65,67" /><INIT seed="3,1,0,3,0,33" ten="396,250,202,152" oya="3" hai0="85,101,82,86,46,63,9,17,110,97,103,94,117" hai1="125,1,69,135,43,8,40,25,132,35,10,14,129" hai2="104,130,38,49,6,60,7,90,26,109,87,48,59" hai3="95,114,111,47,21,15,66,106,98,54,89,71,126"/><W100/><G114/><T70/><D110/><U115/><E69/><V65/><F38/><W57/><G111/><T3/><D117/><U119/><E115/><V81/><F104/><W0/><G126/><T79/><D103/><U52/><E129/><V92/><F130/><W11/><G47/><T75/><D46/><U121/><E121/><V36/><F36/><W105/><G71/><T67/><D3/><U30/><E125/><V50/><F109/><W19/><G66/><T53/><D53/><U16/><E52/><V37/><F37/><W4/><REACH who="3" step="1"/><G100/><REACH who="3" ten="396,250,202,142" step="2"/><T83/><D70/><U51/><E119/><V99/><F26/><W64/><G64/><T113/><D67/><U42/><E135/><V122/><F122/><W78/><G78/><AGARI ba="1,1" hai="6,7,48,49,50,59,60,65,78,81,87,90,92,99" machi="78" ten="40,1300,0" yaku="8,1" doraHai="33" who="2" fromWho="3" sc="396,0,250,0,202,26,142,-16" owari="396,49.6,250,5.0,228,-17.2,126,-37.4" /></mjloggm>