<mjloggm ver="2.3"><GO type="225" lobby="0"/><UN n0="%72%69%6F%75%63%68%61%6E" n1="%E3%82%BC%E3%83%AB%E3%83%80%E3%81%AE%E4%BC%9D%E8%AA%AC" n2="%E7%AD%89%E3%80%85%E5%8A%9B%E5%8A%87%E5%A0%B4" n3="%E3%81%A8%E3%82%93%E3%81%A8%E3%81%93%E3%81%A8%E3%82%93" dan="16,16,17,16" rate="2154.14,2192.03,2140.58,2085.17" sx="M,M,M,M"/><TAIKYOKU oya="0"/><INIT seed="0,0,0,5,5,134" ten="250,250,250,250" oya="0" hai0="8,27,102,68,41,94,37,107,45,108,11,22,3" hai1="126,113,79,25,61,65,119,47,48,59,10,66,103" hai2="30,43,92,93,130,80,109,62,32,39,52,36,78" hai3="46,5,42,70,13,99,7,9,77,112,21,82,76"/><T12/><D108/><U0/><E119/><V85/><F130/><W110/><G112/><T84/><D68/><U123/><E123/><V72/><F109/><W106/><G110/><T6/><D107/><U90/><E113/><V63/><F63/><W83/><G70/><T98/><D84/><U105/><E79/><V29/><F93/><W81/><G5/><T24/><REACH who="0" step="1"/><D22/><REACH who="0" ten="240,250,250,250" step="2"/><U74/><E105/><V131/><F85/><W111/><G111/><T54/><D54/><U89/><E74/><V97/><F52/><W88/><G21/><T17/><AGARI ba="0,1" hai="3,6,8,11,12,17,24,27,37,41,45,94,98,102" machi="17" ten="20,3900,0" yaku="1,1,0,1,7,1,53,0" doraHai="134" doraHaiUra="121" who="0" fromWho="0" sc="240,49,250,-13,250,-13,250,-13" /><INIT seed="0,1,0,1,2,33" ten="289,237,237,237" oya="0" hai0="28,9,108,118,52,76,129,132,130,7,87,25,127" hai1="96,47,58,123,117,16,134,131,54,89,40,69,18" hai2="128,79,21,13,91,8,124,63,51,119,26,121,2" hai3="55,78,135,20,106,75,72,6,125,66,110,22,95"/><T37/><D118/><U94/><E123/><V41/><F121/><W68/><G106/><T70/><D70/><U101/><E117/><V46/><F119/><W48/><G110/><T17/><D37/><U15/><E134/><V93/><F128/><N who="0" m="49258" /><D76/><U85/><E69/><V36/><F124/><W83/><G135/><T35/><D87/><U43/><E131/><V61/><F79/><W122/><G122/><T73/><D73/><U19/><E47/><V115/><F36/><W92/><G72/><T65/><D65/><U81/><REACH who="1" step="1"/><E15/><REACH who="1" ten="289,227,237,237" step="2"/><V34/><F13/><W0/><G68/><T39/><D132/><U10/><E10/><V57/><F8/><W88/><G125/><T45/><D127/><U80/><E80/><V77/><F46/><W24/><G83/><T100/><D108/><U112/><E112/><V49/><F57/><W64/><G75/><T56/><D45/><U113/><E113/><V74/><F115/><W82/><G82/><T133/><D133/><U14/><E14/><V38/><F74/><W44/><G44/><T103/><D39/><U62/><AGARI ba="1,1" hai="16,18,19,40,43,54,58,62,81,85,89,94,96,101" machi="62" ten="30,7900,0" yaku="1,1,0,1,8,1,54,1,53,0" doraHai="33" doraHaiUra="3" who="1" fromWho="1" sc="289,-40,227,92,237,-21,237,-21" /><INIT seed="1,0,0,0,4,121" ten="249,319,216,216" oya="1" hai0="66,35,73,111,100,5,106,135,21,14,28,114,94" hai1="92,85,62,32,76,58,63,38,77,44,16,26,104" hai2="127,70,79,130,117,107,43,122,33,9,61,133,67" hai3="105,80,126,120,91,110,25,99,102,93,8,98,41"/><U48/><E104/><V42/><F33/><W11/><G120/><T113/><D111/><U0/><E0/><V40/><F122/><W1/><G1/><T90/><D135/><U56/><E38/><V30/><F107/><W87/><G126/><T17/><D73/><U96/><E32/><V81/><F117/><W124/><G124/><T3/><D66/><N who="1" m="39239" /><E85/><V27/><F127/><W128/><G128/><T6/><D100/><N who="1" m="60423" /><E26/><V45/><F133/><W59/><G110/><T132/><D106/><U47/><E16/><V112/><F130/><W88/><G25/><N who="0" m="18831" /><D132/><U24/><E24/><V34/><F112/><W12/><G41/><T49/><D5/><U123/><E123/><V20/><F34/><W101/><G102/><T13/><D14/><U78/><E48/><V53/><F9/><W54/><REACH who="3" step="1"/><G12/><REACH who="3" ten="249,319,216,206" step="2"/><T51/><D113/><U57/><E57/><V7/><F27/><W39/><G39/><T82/><D114/><U60/><E58/><V37/><F37/><W22/><G22/><T72/><D3/><U64/><E47/><V55/><F45/><W75/><G75/><T29/><D72/><U84/><E44/><V116/><F20/><W15/><G15/><T2/><D29/><U134/><E134/><V109/><F30/><W129/><G129/><T97/><D2/><U23/><E23/><V108/><F109/><W83/><G83/><T10/><D82/><N who="1" m="47175" /><E64/><V36/><F108/><W52/><G52/><T115/><D115/><U103/><E103/><V68/><F36/><W95/><G95/><T71/><D71/><U50/><E50/><AGARI ba="0,1" hai="8,11,50,54,59,80,87,88,91,93,98,99,101,105" machi="50" ten="30,7700,0" yaku="1,1,7,1,54,1,53,1" doraHai="121" doraHaiUra="89" who="3" fromWho="1" sc="249,0,319,-77,216,0,206,87" /><INIT seed="2,0,0,5,4,48" ten="249,242,216,293" oya="2" hai0="71,107,93,109,65,128,89,31,14,44,110,99,106" hai1="129,50,57,25,41,63,111,39,122,77,104,15,40" hai2="13,54,130,116,0,46,85,88,131,66,47,5,12" hai3="27,56,51,19,37,81,70,7,9,68,78,6,10"/><V67/><F0/><W118/><G37/><T17/><D128/><N who="2" m="49194" /><F116/><W105/><G105/><T134/><D134/><U4/><E129/><V33/><F33/><W135/><G118/><T113/><D113/><U100/><E39/><V80/><F47/><W120/><G120/><T18/><D31/><U55/><E122/><V103/><F103/><W108/><G108/><N who="0" m="41579" /><D44/><U69/><E111/><V112/><F112/><W96/><G96/><T42/><D42/><U97/><E77/><V45/><F46/><W115/><G68/><T91/><D89/><U75/><E75/><V22/><F5/><W101/><G70/><T28/><D28/><U74/><E74/><V23/><F13/><W3/><G101/><T83/><D83/><U102/><E102/><V82/><F80/><W94/><G94/><T32/><D32/><U36/><E36/><V126/><F126/><W90/><G135/><T76/><D76/><U52/><E25/><V20/><F12/><W16/><G27/><T62/><D14/><U95/><E104/><AGARI ba="0,0" hai="17,18,62,65,71,91,93,99,104,106,107" m="41579" machi="104" ten="30,1000,0" yaku="14,1" doraHai="48" who="0" fromWho="1" sc="249,10,242,-10,216,0,293,0" /><INIT seed="3,0,0,0,5,23" ten="259,232,216,293" oya="3" hai0="2,40,101,71,18,94,108,70,37,10,20,3,16" hai1="53,89,82,19,54,24,72,97,83,103,7,88,95" hai2="43,74,84,12,121,34,31,123,92,126,134,118,133" hai3="62,59,66,79,46,25,107,112,30,0,5,45,113"/><W127/><G107/><T57/><D108/><U109/><E109/><V50/><F74/><W81/><G127/><T114/><D114/><U116/><E116/><V67/><F118/><W135/><G135/><N who="2" m="51721" /><F67/><W29/><G30/><T80/><D57/><U26/><E7/><V78/><F126/><W77/><G79/><T49/><D37/><U63/><E72/><V129/><F129/><W13/><G0/><T27/><D80/><N who="1" m="30763" /><E19/><V32/><F78/><W75/><G13/><N who="0" m="7223" /><D70/><U14/><E14/><V15/><F15/><W58/><G5/><T11/><D71/><U17/><E17/><V128/><F128/><W73/><G58/><T110/><D2/><U105/><E105/><V91/><F12/><W21/><REACH who="3" step="1"/><G73/><REACH who="3" ten="259,232,216,283" step="2"/><T93/><D3/><U52/><E63/><V51/><F31/><W48/><G48/><N who="2" m="18473" /><F43/><W120/><G120/><AGARI ba="0,1" hai="32,34,84,91,92,120,121,123" m="18473,51721" machi="120" ten="30,2000,0" yaku="13,1,20,1" doraHai="23" who="2" fromWho="3" sc="259,0,232,0,216,30,283,-20" /><INIT seed="4,0,0,1,1,50" ten="259,232,246,263" oya="0" hai0="77,115,76,15,70,30,89,88,41,14,1,35,32" hai1="86,127,49,98,133,80,108,39,125,99,124,94,21" hai2="95,36,65,71,132,117,120,11,73,27,60,75,29" hai3="110,81,53,72,17,5,12,63,93,134,107,83,58"/><T20/><D1/><U38/><E108/><V57/><F120/><W7/><G107/><T130/><D70/><U131/><E133/><V105/><F105/><W26/><G110/><T19/><D115/><U74/><E131/><V85/><F36/><N who="1" m="13865" /><E21/><V46/><F46/><W67/><G134/><T54/><D130/><U129/><E129/><V104/><F104/><W82/><G72/><T91/><D41/><U116/><E116/><V128/><F132/><W56/><G93/><T90/><D30/><U118/><E118/><V114/><F128/><W87/><G87/><T126/><D126/><N who="1" m="32259" /><U59/><DORA hai="18" /><E74/><V25/><F117/><W66/><G26/><N who="0" m="14623" /><D32/><U6/><E6/><N who="3" m="2058" /><G58/><T24/><D24/><U37/><N who="1" m="13873" /><U9/><DORA hai="33" /><E9/><AGARI ba="0,0" hai="9,12,17,53,56,63,66,67,81,82,83" m="2058" machi="9" ten="30,2000,0" yaku="8,1,52,1" doraHai="50,18,33" who="3" fromWho="1" sc="259,0,232,-20,246,0,263,20" /><INIT seed="5,0,0,1,4,47" ten="259,212,246,283" oya="1" hai0="58,93,84,7,15,2,34,118,94,98,106,112,22" hai1="48,33,16,51,120,65,124,81,114,133,97,109,92" hai2="17,66,128,111,42,68,85,12,11,121,19,30,108" hai3="74,56,119,127,26,38,104,44,50,10,99,4,67"/><U5/><E120/><V46/><F121/><W1/><G38/><T100/><D118/><U126/><E114/><V78/><F128/><W53/><G74/><T25/><D112/><U28/><E133/><V96/><F30/><W110/><G110/><T95/><D2/><U29/><E109/><V130/><F130/><W132/><G127/><N who="1" m="48682" /><E5/><V18/><F111/><W57/><G132/><T125/><D125/><U13/><E65/><V113/><F108/><W79/><G119/><T40/><D40/><U24/><E81/><N who="2" m="47287" /><F68/><W6/><G67/><T91/><D34/><U83/><E83/><V105/><F105/><W123/><G123/><T107/><D106/><U86/><E86/><V115/><F66/><W49/><G6/><T60/><D15/><U3/><E29/><V64/><F64/><W72/><G72/><T75/><D7/><U70/><E3/><V55/><F96/><W35/><G79/><T122/><D75/><U77/><E77/><V61/><F115/><W76/><G76/><T116/><D116/><U20/><E70/><V41/><F113/><W45/><G99/><T43/><D122/><U129/><E129/><V39/><F18/><W87/><G87/><T52/><REACH who="0" step="1"/><D43/><REACH who="0" ten="249,212,246,283" step="2"/><U103/><AGARI ba="0,1" hai="13,16,20,24,28,33,48,51,92,97,103" m="48682" machi="103" ten="30,11700,0" yaku="18,1,52,2,54,1" doraHai="47" who="1" fromWho="1" sc="249,-39,212,127,246,-39,283,-39" owari="210,-19.0,339,43.9,207,-29.3,244,4.4" /></mjloggm>