<mjloggm ver="2.3"><GO type="225" lobby="0"/><UN n0="%E3%82%BC%E3%83%AB%E3%83%80%E3%81%AE%E4%BC%9D%E8%AA%AC" n1="%E3%81%8B%E3%82%8F%E3%81%A1%E3%82%83%E3%82%93%35%38" n2="%6D%75%75%6D%75%72%61" n3="%E7%89%B9%E6%9D%B1%E3%81%AF%E4%B8%96%E7%95%8C%E3%82%92%E6%95%91%E3%81%86" dan="17,16,17,16" rate="2264.19,2175.48,2188.41,2123.42" sx="M,M,F,M"/><TAIKYOKU oya="0"/><INIT seed="0,0,0,3,0,122" ten="250,250,250,250" oya="0" hai0="73,13,37,102,25,129,53,75,97,56,110,28,71" hai1="63,114,65,12,42,126,24,34,29,49,119,72,107" hai2="111,66,99,104,27,100,78,79,22,113,81,43,96" hai3="131,85,60,133,40,77,38,108,125,68,3,20,105"/><T80/><D71/><U54/><E119/><V62/><F113/><W74/><RYUUKYOKU type="yao9" ba="0,0" sc="250,0,250,0,250,0,250,0" hai3="3,20,38,40,60,68,74,77,85,105,108,125,131,133" /><INIT seed="0,1,0,2,1,89" ten="250,250,250,250" oya="0" hai0="35,102,116,128,49,119,112,75,120,32,93,41,59" hai1="40,70,27,38,14,66,115,37,79,6,113,24,39" hai2="22,50,45,26,132,69,4,74,104,90,17,67,88" hai3="95,8,124,105,33,129,53,7,125,99,80,46,77"/><T16/><D112/><N who="1" m="43083" /><E79/><V109/><F109/><W92/><G33/><T87/><D120/><U65/><E40/><V98/><F132/><W10/><G129/><T3/><D75/><U31/><E70/><V28/><F74/><N who="3" m="43063" /><G105/><T25/><D3/><U117/><E117/><V43/><F4/><W54/><G46/><T107/><D107/><U68/><E68/><V9/><F69/><W51/><G51/><T76/><D128/><U84/><E84/><V122/><F67/><N who="1" m="25609" /><E31/><V118/><F122/><W12/><G10/><AGARI ba="1,0" hai="6,10,14,24,27,37,38,39" m="25609,43083" machi="10" ten="40,1300,0" yaku="11,1" doraHai="89" who="1" fromWho="3" sc="250,0,250,16,250,0,250,-16" /><INIT seed="1,0,0,2,4,7" ten="250,266,250,234" oya="1" hai0="25,104,35,11,51,90,112,3,82,24,102,5,63" hai1="79,68,34,76,14,89,20,131,115,97,130,98,103" hai2="40,6,18,125,54,1,44,96,60,13,127,121,4" hai3="107,70,0,9,69,66,26,78,29,32,30,126,47"/><U129/><E34/><V57/><F121/><W48/><G126/><N who="2" m="48137" /><F1/><W59/><G107/><T94/><D112/><U111/><E68/><V93/><F18/><W46/><G30/><T86/><D35/><U124/><E124/><V118/><F118/><W52/><G78/><N who="1" m="29738" /><E20/><V42/><F13/><W36/><G66/><T128/><D128/><U61/><E61/><V22/><F22/><W19/><G19/><T62/><D104/><N who="1" m="63599" /><E14/><V95/><F95/><W27/><G27/><T88/><D102/><U43/><E43/><N who="2" m="16427" /><F44/><W72/><G72/><T16/><D24/><U101/><E115/><V119/><F119/><W105/><G105/><T77/><D25/><U21/><E21/><V87/><F87/><W64/><G36/><T117/><D117/><U31/><E31/><V23/><F23/><W17/><G17/><T50/><D16/><U58/><E101/><AGARI ba="0,0" hai="4,6,54,57,60,93,96,101" m="16427,48137" machi="101" ten="30,1000,0" yaku="18,1" doraHai="7" who="2" fromWho="1" sc="250,0,266,-10,250,10,234,0" /><INIT seed="2,0,0,1,3,24" ten="250,256,260,234" oya="2" hai0="5,86,66,9,2,117,114,22,79,116,76,42,123" hai1="119,41,124,103,14,67,60,135,95,34,82,25,94" hai2="70,122,4,112,20,106,47,109,35,11,58,71,81" hai3="64,48,16,43,127,89,90,40,133,102,39,78,10"/><V36/><F112/><W77/><G39/><T56/><D123/><U17/><E119/><N who="0" m="45641" /><D114/><U101/><E41/><N who="3" m="15946" /><G133/><T97/><D42/><U65/><E82/><V100/><F35/><W12/><G127/><T8/><D22/><U27/><E124/><V50/><F81/><W120/><G120/><T125/><D125/><U13/><E60/><V51/><F51/><W75/><G75/><T53/><D66/><U72/><E72/><V126/><F36/><W49/><G64/><T68/><D68/><U73/><E73/><V134/><F70/><W113/><G102/><T26/><D26/><U3/><E3/><V38/><F71/><W28/><G28/><T59/><D97/><U62/><E62/><V88/><F126/><W29/><G29/><T99/><D99/><U130/><E34/><V30/><F134/><W98/><G113/><T55/><D9/><U128/><REACH who="1" step="1"/><E17/><REACH who="1" ten="250,246,260,234" step="2"/><V132/><F132/><AGARI ba="0,1" hai="13,14,25,27,65,67,94,95,101,103,128,130,132,135" machi="132" ten="25,6400,0" yaku="1,1,2,1,22,2,53,0" doraHai="24" doraHaiUra="92" who="1" fromWho="2" sc="250,0,246,74,260,-64,234,0" /><INIT seed="3,0,0,1,3,46" ten="250,320,196,234" oya="3" hai0="127,32,30,59,77,70,57,106,118,67,120,4,113" hai1="38,9,51,49,19,71,28,129,131,45,34,75,20" hai2="109,123,33,90,63,105,5,88,111,6,82,42,89" hai3="104,110,86,132,134,37,29,26,15,93,8,81,56"/><W112/><G104/><T119/><D120/><U40/><E75/><V108/><F123/><W99/><G37/><T107/><D77/><U54/><E71/><V47/><F105/><W10/><G112/><T16/><D4/><U22/><E34/><V126/><F33/><W25/><G110/><N who="2" m="28161" /><V21/><DORA hai="121" /><F126/><W69/><G69/><T133/><D16/><U117/><E117/><V52/><F82/><W11/><G15/><T3/><D32/><U72/><E72/><V7/><F21/><W43/><G43/><T79/><D107/><U124/><E22/><V103/><F103/><N who="3" m="60911" /><G56/><T96/><D59/><U80/><E80/><V2/><F63/><W18/><G18/><T66/><D106/><U76/><E124/><V17/><F17/><W74/><G74/><T116/><D127/><U53/><E19/><V1/><F52/><W55/><G55/><T60/><D60/><U97/><E54/><V114/><F114/><W58/><G58/><T27/><D57/><U95/><E53/><V125/><F125/><W12/><G12/><T62/><D113/><U73/><E20/><V84/><F84/><W87/><G87/><T0/><D116/><U115/><E115/><V100/><F100/><W23/><G25/><T91/><D27/><U83/><E73/><V64/><F64/><W41/><G41/><T101/><D67/><U92/><E40/><V85/><F85/><W65/><G65/><T14/><D119/><U35/><E35/><V94/><F94/><W61/><G61/><T50/><D118/><U44/><E95/><V130/><F130/><W128/><G128/><RYUUKYOKU ba="0,0" sc="250,-15,320,-15,196,15,234,15" hai2="1,2,5,6,7,42,47,88,89,90" hai3="8,10,11,23,26,29,81,86,132,134" /><INIT seed="3,1,0,2,5,20" ten="235,305,211,249" oya="3" hai0="19,24,55,101,83,85,127,23,30,26,105,73,43" hai1="131,92,70,49,125,12,114,99,53,130,94,60,54" hai2="13,44,3,86,103,112,4,27,6,116,38,50,126" hai3="79,8,74,84,67,104,58,89,68,40,124,45,46"/><W110/><G104/><T97/><D127/><U71/><E114/><V102/><F112/><W111/><G68/><T21/><D43/><U18/><E125/><V108/><F38/><W25/><G124/><T33/><D55/><N who="1" m="21003" /><E49/><V61/><F126/><W59/><G79/><T1/><D1/><U5/><E5/><N who="2" m="2155" /><F3/><W52/><G74/><T65/><D65/><N who="1" m="41255" /><E99/><V77/><F116/><W57/><G8/><T120/><D120/><U80/><E80/><N who="2" m="47375" /><F108/><N who="3" m="41515" /><G67/><T91/><REACH who="0" step="1"/><D73/><REACH who="0" ten="225,305,211,249" step="2"/><U29/><E131/><V78/><F61/><N who="3" m="36007" /><G46/><T56/><D56/><U135/><E71/><V28/><F44/><W11/><G45/><T0/><D0/><U90/><E130/><V48/><F48/><W122/><G40/><T128/><D128/><U109/><E109/><V22/><F50/><W17/><G122/><T129/><D129/><U63/><E63/><V82/><F13/><N who="3" m="7359" /><G25/><T98/><D98/><U15/><E15/><V134/><F134/><W132/><G132/><T36/><D36/><U10/><E135/><V123/><F123/><W62/><G62/><T96/><D96/><U121/><E121/><V117/><F117/><W93/><AGARI ba="1,1" hai="58,59,84,89,93" m="7359,36007,41515" machi="93" ten="30,6000,0" yaku="14,1,10,1,54,1" doraHai="20" who="3" fromWho="3" sc="225,-21,305,-21,211,-21,249,73" owari="204,-19.6,284,8.4,190,-31.0,322,42.2" /></mjloggm>