<mjloggm ver="2.3"><GO type="225" lobby="0"/><UN n0="%72%61%6B%33" n1="%E3%81%8B%E3%82%8F%E3%81%A1%E3%82%83%E3%82%93%35%38" n2="%E3%82%A2%E3%83%8A%E3%83%BC%E3%81%8D%E3%83%BC" n3="%E5%AF%82%E5%AF%9E%E3%82%AE%E3%83%8D%E3%82%B9%E3%83%93%E3%83%BC%E3%83%AB" dan="18,16,16,16" rate="2200.12,2125.36,2112.18,2128.79" sx="M,M,M,M"/><TAIKYOKU oya="0"/><INIT seed="0,0,0,3,1,83" ten="250,250,250,250" oya="0" hai0="72,5,3,23,59,80,31,21,22,96,62,20,113" hai1="131,10,79,76,30,56,116,77,112,98,118,37,82" hai2="69,117,103,29,48,25,24,34,0,106,85,122,93" hai3="90,28,110,70,6,40,87,54,100,114,91,75,4"/><T130/><D113/><U97/><E37/><V26/><F122/><W43/><G75/><T7/><D130/><U121/><E30/><V27/><F0/><W47/><G70/><T1/><D1/><U74/><E10/><V42/><F117/><N who="1" m="45161" /><E56/><V71/><F106/><W2/><G114/><T84/><D72/><U41/><E41/><N who="3" m="15946" /><G2/><T95/><D3/><U105/><E112/><V46/><REACH who="2" step="1"/><F103/><REACH who="2" ten="250,250,240,250" step="2"/><W102/><G100/><N who="0" m="60447" /><D31/><U67/><E121/><V89/><AGARI ba="0,1" hai="24,25,26,27,29,34,42,46,48,69,71,85,89,93" machi="89" ten="30,4000,0" yaku="1,1,0,1,52,1,53,0" doraHai="83" doraHaiUra="35" who="2" fromWho="2" sc="250,-20,250,-10,240,50,250,-10" /><INIT seed="1,0,0,4,1,21" ten="230,240,290,240" oya="1" hai0="71,107,104,10,8,54,114,86,2,79,122,105,115" hai1="35,66,101,3,128,15,69,50,36,23,126,7,26" hai2="109,25,5,100,81,12,27,134,111,135,92,0,41" hai3="59,45,113,73,22,38,51,32,112,103,127,72,29"/><U84/><E36/><V120/><F120/><W116/><G22/><T17/><D122/><U64/><E69/><V102/><F0/><W68/><G51/><T85/><D71/><U13/><E35/><V55/><F41/><N who="3" m="22711" /><G59/><T88/><D79/><U24/><E3/><V80/><F55/><W30/><G30/><T11/><D2/><U93/><E128/><V47/><F47/><W82/><G127/><T118/><D118/><U70/><E70/><V91/><F5/><W77/><G73/><T94/><D85/><U110/><E126/><V37/><F12/><N who="1" m="4681" /><E110/><N who="2" m="41995" /><F37/><W133/><G116/><T124/><D124/><U40/><E7/><V14/><F14/><W98/><G68/><T19/><REACH who="0" step="1"/><D54/><REACH who="0" ten="220,240,290,240" step="2"/><U42/><E84/><N who="2" m="52327" /><F81/><W78/><G82/><T49/><D49/><U34/><E50/><V58/><F80/><W60/><G78/><T117/><D117/><U87/><E87/><V39/><F39/><W95/><G77/><T9/><N who="0" m="2048" /><DORA hai="62" /><T63/><D63/><U46/><E66/><V28/><F58/><W1/><G60/><T61/><D61/><U48/><E64/><V56/><F56/><W75/><G1/><T31/><D31/><N who="1" m="19815" /><E48/><V123/><F123/><W108/><G108/><T119/><D119/><U57/><E57/><V90/><F28/><W129/><G75/><T20/><D20/><U6/><E46/><V65/><F65/><W132/><G72/><T106/><N who="0" m="26624" /><DORA hai="4" /><T43/><D43/><U89/><E42/><V52/><F52/><W125/><G125/><T131/><D131/><U97/><E40/><V33/><F33/><W96/><G32/><RYUUKYOKU ba="0,1" sc="220,30,240,-10,290,-10,240,-10" hai0="17,19,86,88,94,114,115" /><INIT seed="2,1,1,1,1,69" ten="250,230,280,230" oya="2" hai0="130,17,88,124,82,62,113,58,132,60,128,9,103" hai1="63,114,22,123,73,24,78,6,131,54,59,89,61" hai2="87,93,36,71,29,97,39,20,53,115,23,76,111" hai3="56,105,44,100,18,31,7,96,99,79,95,34,42"/><V135/><F115/><W85/><G7/><T33/><D113/><U122/><E114/><V109/><F71/><W86/><G79/><T10/><D33/><U47/><E131/><V64/><F64/><W133/><G133/><T102/><D17/><U107/><E107/><V1/><F1/><W110/><G110/><N who="2" m="41993" /><F135/><W13/><G56/><T90/><D58/><U46/><E6/><V75/><F75/><W91/><G31/><T4/><D132/><U120/><E63/><V119/><F53/><W52/><G34/><T40/><D4/><U116/><E116/><V92/><F119/><W16/><G52/><T0/><D82/><N who="1" m="45391" /><E89/><N who="2" m="53311" /><F76/><W41/><G41/><T94/><D40/><U35/><E35/><V77/><F77/><W45/><G45/><T121/><D0/><U37/><E37/><N who="2" m="14411" /><F29/><AGARI ba="1,1" hai="22,24,29,46,47,54,59,61,120,122,123" m="45391" machi="29" ten="30,1000,0" yaku="13,1" doraHai="69" who="1" fromWho="2" sc="250,0,230,23,280,-13,230,0" /><INIT seed="3,0,0,2,0,37" ten="250,253,267,230" oya="3" hai0="19,134,7,36,131,18,65,115,67,30,34,83,63" hai1="62,54,14,58,110,17,78,88,95,52,40,89,59" hai2="80,85,76,74,117,55,94,86,33,91,118,39,120" hai3="116,92,5,101,66,1,13,122,77,84,43,61,82"/><W21/><G116/><N who="2" m="44649" /><F39/><W22/><G122/><T41/><D131/><U100/><E110/><V2/><F55/><W93/><G1/><T96/><D134/><U102/><E78/><V60/><F60/><W29/><G43/><T16/><D115/><U75/><E75/><V98/><F33/><W119/><G119/><T56/><D7/><U10/><E40/><V111/><F2/><W105/><G105/><T8/><D96/><N who="1" m="57447" /><E89/><N who="2" m="55631" /><F111/><W87/><G101/><T12/><D83/><U70/><E70/><V112/><F112/><W4/><G29/><T129/><D129/><U27/><E27/><V123/><F91/><N who="3" m="53351" /><G93/><T106/><D106/><U124/><E124/><V127/><F127/><W107/><G107/><T109/><D67/><U51/><AGARI ba="0,0" hai="10,14,17,51,52,54,58,59,62,100,102" m="57447" machi="51" ten="30,4000,0" yaku="8,1,54,2" doraHai="37" who="1" fromWho="1" sc="250,-10,253,40,267,-10,230,-20" /><INIT seed="4,0,0,0,0,131" ten="240,293,257,210" oya="0" hai0="92,106,86,61,124,68,110,2,120,115,7,126,28" hai1="66,74,96,118,134,94,121,100,69,82,41,54,133" hai2="31,80,37,57,105,130,81,98,132,67,46,79,50" hai3="109,63,119,70,32,52,0,10,55,25,114,73,1"/><T64/><D120/><U51/><E118/><V15/><F130/><W122/><G119/><T42/><D106/><U76/><E121/><V5/><F37/><W135/><G122/><T128/><D128/><U89/><E41/><V87/><F31/><W59/><G109/><T83/><D110/><U30/><E30/><V20/><F132/><N who="1" m="50793" /><E66/><V91/><F98/><W123/><G123/><T77/><D115/><U117/><E69/><V11/><F105/><W24/><G73/><T40/><D28/><U12/><E12/><V99/><F99/><W13/><G70/><T58/><D68/><U27/><E27/><V97/><F97/><W125/><G135/><T19/><D40/><U107/><E117/><V90/><F67/><W116/><G116/><T9/><D42/><U102/><E107/><V48/><F15/><W72/><G114/><T53/><D64/><U16/><E16/><V34/><F5/><W21/><G32/><T17/><D19/><U108/><E108/><V95/><F34/><W84/><G25/><T62/><D17/><U6/><E6/><V29/><F29/><W26/><G26/><T78/><D7/><U22/><E22/><V18/><F20/><W39/><G21/><T104/><D104/><U33/><E33/><V35/><F18/><W127/><G24/><T85/><D9/><U71/><E71/><V8/><F11/><W36/><G13/><T75/><D53/><N who="3" m="20553" /><G10/><T56/><D61/><U45/><AGARI ba="0,0" hai="45,51,54,74,76,82,89,94,96,100,102" m="50793" machi="45" ten="30,7900,0" yaku="20,1,52,3" doraHai="131" who="1" fromWho="1" sc="240,-39,293,79,257,-20,210,-20" owari="201,-19.9,372,47.2,237,3.7,190,-31.0" /></mjloggm>