<mjloggm ver="2.3"><GO type="225" lobby="0"/><UN n0="%E3%81%86%E3%81%A3%E3%81%97%E3%83%BC%30%30" n1="%E3%81%8A%E3%81%8B%E3%81%8F%E3%82%89" n2="%E3%83%AB%E3%83%9B%E3%83%B3%E3%83%87%E3%82%A3%E3%82%A8" n3="%E2%91%A3%E9%81%BF%E9%81%8A%E6%88%AF%E3%80%90%E6%9D%B1%E5%8D%97%E3%80%91" dan="16,16,17,16" rate="2135.71,2046.16,2197.20,2106.36" sx="M,M,M,M"/><TAIKYOKU oya="0"/><INIT seed="0,0,0,0,1,54" ten="250,250,250,250" oya="0" hai0="85,13,133,122,38,111,128,108,107,0,112,57,10" hai1="74,89,34,91,7,130,16,58,33,125,86,42,6" hai2="70,5,124,129,83,40,101,44,77,2,52,55,60" hai3="61,90,98,45,29,121,109,114,8,41,20,23,37"/><T126/><RYUUKYOKU type="yao9" ba="0,0" sc="250,0,250,0,250,0,250,0" hai0="0,10,13,38,57,85,107,108,111,112,122,126,128,133" /><INIT seed="0,1,0,5,0,45" ten="250,250,250,250" oya="0" hai0="86,76,25,18,116,84,15,48,53,72,16,24,19" hai1="95,130,11,112,134,52,41,61,40,58,131,118,91" hai2="21,88,70,113,32,67,97,3,5,127,135,39,108" hai3="23,102,121,65,105,37,57,55,106,69,80,62,99"/><T94/><D116/><U27/><E134/><V90/><F39/><W78/><G121/><T122/><D122/><U8/><E118/><V77/><F32/><W85/><G37/><T50/><D72/><U33/><E112/><V56/><F70/><W125/><G125/><T30/><D84/><U43/><E27/><N who="0" m="10313" /><D30/><U117/><E33/><V100/><F77/><W93/><REACH who="3" step="1"/><G23/><REACH who="3" ten="250,250,250,240" step="2"/><T71/><D71/><U66/><E117/><V42/><F21/><W2/><G2/><T59/><D15/><U123/><E123/><V12/><F3/><W1/><G1/><T107/><D107/><U101/><E131/><V54/><F12/><W129/><G129/><T6/><D6/><U64/><E130/><V13/><F5/><W124/><G124/><T10/><D10/><N who="1" m="3627" /><E101/><V81/><F13/><W63/><AGARI ba="1,1" hai="55,57,62,63,65,69,78,80,85,93,99,102,105,106" machi="63" ten="20,2700,0" yaku="1,1,0,1,7,1,53,0" doraHai="45" doraHaiUra="104" who="3" fromWho="3" sc="250,-14,250,-8,250,-8,240,40" /><INIT seed="1,0,0,3,0,14" ten="236,242,242,280" oya="1" hai0="52,86,17,4,95,15,67,131,124,116,54,34,56" hai1="115,57,98,121,114,3,64,104,123,94,8,23,71" hai2="60,82,24,46,134,43,103,120,92,30,58,77,122" hai3="113,19,99,18,118,10,135,83,42,33,20,112,76"/><U44/><E104/><V11/><F134/><W16/><G33/><T26/><D116/><U87/><E71/><V66/><F122/><W110/><G118/><T80/><D131/><U129/><E129/><V62/><F62/><W75/><G10/><N who="0" m="4551" /><D124/><U130/><E130/><V102/><F120/><W40/><G20/><N who="0" m="13583" /><D34/><U7/><E87/><V31/><F11/><W13/><G13/><T6/><D95/><U81/><E81/><V45/><F92/><W59/><G135/><T106/><D6/><U50/><E123/><V68/><F68/><W41/><G110/><T74/><D74/><U35/><E35/><V128/><F128/><W90/><REACH who="3" step="1"/><G59/><REACH who="3" ten="236,242,242,270" step="2"/><T25/><D25/><U70/><E57/><V73/><F24/><W27/><G27/><T69/><D69/><U28/><E70/><V39/><F30/><W109/><G109/><T119/><D119/><U49/><E28/><V32/><F31/><W51/><G51/><T63/><D106/><U53/><E121/><V111/><F32/><W37/><G37/><T9/><D9/><U78/><E8/><V107/><F107/><W93/><AGARI ba="0,1" hai="16,18,19,40,41,42,75,76,83,90,93,99,112,113" machi="93" ten="40,12000,2" yaku="1,1,0,1,52,3,54,1,53,0" doraHai="14" doraHaiUra="127" who="3" fromWho="3" sc="236,-30,242,-60,242,-30,270,130" /><INIT seed="2,0,0,0,0,40" ten="206,182,212,400" oya="2" hai0="113,22,50,96,26,100,13,23,65,112,92,4,114" hai1="84,85,44,6,43,123,33,86,14,77,107,135,89" hai2="12,115,2,134,119,48,132,8,69,95,102,91,70" hai3="41,53,19,39,59,61,66,120,73,122,28,11,98"/><V24/><F115/><W10/><G73/><T104/><D65/><U110/><E110/><V16/><F119/><W126/><G28/><T18/><D4/><U82/><E135/><N who="2" m="51755" /><F102/><W121/><G126/><T54/><D104/><U25/><E107/><V71/><F24/><W129/><G129/><T15/><REACH who="0" step="1"/><D23/><REACH who="0" ten="196,182,212,400" step="2"/><U118/><E118/><V116/><F116/><W55/><G121/><T68/><D68/><U94/><E123/><V31/><F2/><W133/><G120/><T128/><D128/><U60/><E33/><V64/><F64/><W1/><G122/><T51/><D51/><N who="1" m="27039" /><E60/><V17/><F48/><W72/><G61/><T109/><D109/><U87/><E25/><V56/><F69/><W88/><G66/><T76/><D76/><U74/><E74/><V117/><F70/><W34/><G72/><T42/><D42/><U131/><E131/><V57/><F71/><W62/><G41/><T63/><D63/><U124/><E124/><V97/><F117/><W32/><G62/><T30/><D30/><U37/><E37/><V67/><F31/><W111/><G39/><T106/><D106/><U80/><E80/><V38/><F38/><W125/><G111/><T103/><D103/><U79/><E77/><V49/><F67/><W21/><G133/><T47/><AGARI ba="0,1" hai="13,15,18,22,26,47,50,54,92,96,100,112,113,114" machi="47" ten="30,4000,0" yaku="1,1,0,1,52,1,53,0" doraHai="40" doraHaiUra="5" who="0" fromWho="0" sc="196,50,182,-10,212,-20,400,-10" /><INIT seed="3,0,0,0,2,68" ten="246,172,192,390" oya="3" hai0="90,96,83,18,135,9,134,123,105,29,55,43,5" hai1="95,64,110,12,25,17,14,37,88,71,98,106,114" hai2="19,48,47,1,86,73,23,56,75,26,91,6,85" hai3="27,104,72,50,125,132,130,120,103,60,11,21,57"/><W126/><G120/><T79/><D43/><U70/><E114/><V28/><F1/><W80/><G50/><T77/><D29/><U53/><E110/><V3/><F3/><W16/><G11/><T44/><D18/><U121/><E121/><V101/><F6/><W7/><G7/><T52/><D55/><U20/><E37/><V35/><F101/><W36/><G36/><T22/><D52/><U118/><E118/><V115/><F56/><W97/><G130/><T41/><D90/><U40/><E40/><V31/><F85/><W82/><G132/><T38/><D96/><U62/><E106/><V89/><F89/><W69/><G69/><N who="1" m="26122" /><E64/><V32/><F115/><W33/><G33/><T76/><D38/><U133/><E133/><V39/><F39/><W49/><G49/><T99/><D41/><U42/><E42/><N who="2" m="24695" /><F31/><W46/><G46/><T109/><D105/><U24/><E24/><N who="2" m="14463" /><F35/><W119/><G119/><T66/><D123/><U92/><E92/><N who="2" m="54391" /><F75/><W131/><G131/><T111/><D111/><U129/><E129/><V94/><F73/><W2/><G2/><T65/><D109/><U112/><E112/><V58/><F58/><AGARI ba="0,0" hai="12,14,17,20,25,53,58,62,88,95,98" m="26122" machi="58" ten="30,2000,0" yaku="25,1,54,1" doraHai="68" who="1" fromWho="2" sc="246,0,172,20,192,-20,390,0" owari="246,4.6,192,-20.8,172,-32.8,390,49.0" /></mjloggm>