<mjloggm ver="2.3"><GO type="225" lobby="0"/><UN n0="%6D%75%75%6D%75%72%61" n1="%E3%81%A1%E3%82%85%E3%81%86%E3%81%A9%E3%81%8F%E8%B1%A1%E3%81%95%E3%82%93" n2="%49%27%73" n3="%72%69%6F%75%63%68%61%6E" dan="17,17,16,17" rate="2174.07,2178.29,2080.79,2245.39" sx="F,M,F,M"/><TAIKYOKU oya="0"/><INIT seed="0,0,0,4,3,135" ten="250,250,250,250" oya="0" hai0="89,70,87,12,98,39,48,74,29,59,81,66,64" hai1="36,4,0,22,90,76,114,88,8,72,6,115,32" hai2="123,110,92,100,73,60,53,122,105,46,21,3,19" hai3="121,37,58,38,45,35,109,119,95,44,28,91,131"/><T120/><D120/><U104/><E36/><V103/><F73/><W102/><G109/><T85/><D39/><U33/><E104/><V126/><F3/><W111/><G111/><T50/><D74/><U86/><E4/><V5/><F5/><W130/><G119/><T40/><D70/><U62/><E62/><V1/><F1/><W15/><G121/><T134/><D134/><U75/><E22/><V106/><F110/><W127/><G127/><T132/><D132/><U20/><E20/><V96/><F126/><W83/><G102/><T55/><D98/><U63/><E63/><V11/><F11/><W67/><G83/><T9/><D29/><U18/><E18/><V57/><F46/><N who="3" m="18027" /><G15/><T30/><D30/><U80/><E75/><V49/><F49/><W16/><G16/><N who="0" m="8207" /><D40/><U113/><REACH who="1" step="1"/><E90/><REACH who="1" ten="250,240,250,250" step="2"/><N who="2" m="55319" /><F123/><W99/><G37/><T31/><D48/><U68/><E68/><V25/><F122/><W133/><G38/><T116/><D116/><U69/><E69/><V79/><F79/><W112/><G133/><T84/><D31/><U71/><E71/><V128/><F128/><W14/><G28/><T27/><D27/><U118/><E118/><V97/><F103/><W24/><G24/><T23/><D23/><U13/><E13/><V17/><F105/><W43/><G14/><T101/><D101/><U129/><E129/><V82/><F19/><W93/><G130/><T47/><D66/><U7/><E7/><V124/><F124/><W10/><G67/><T2/><D2/><U107/><E107/><V125/><F125/><W34/><G131/><T108/><D108/><RYUUKYOKU ba="0,1" sc="250,10,240,10,250,10,250,-30" hai0="47,50,55,59,64,81,84,85,87,89" hai1="0,6,8,32,33,72,76,80,86,88,113,114,115" hai2="17,21,25,53,57,60,82,97,100,106" /><INIT seed="0,1,1,5,1,11" ten="260,250,260,220" oya="0" hai0="78,69,42,103,80,53,45,30,106,108,37,0,102" hai1="65,126,52,66,120,38,57,54,105,63,18,46,3" hai2="81,67,82,59,62,93,64,2,48,85,40,119,36" hai3="21,28,9,73,47,19,83,43,20,49,15,124,109"/><T89/><D108/><U17/><E120/><V116/><F2/><W88/><G124/><T39/><D39/><U25/><E105/><V6/><F6/><W125/><G125/><T94/><D106/><U130/><E126/><V87/><F36/><W4/><G109/><T135/><D135/><U7/><E130/><V84/><F93/><W55/><G28/><T60/><D0/><U8/><E17/><V121/><F121/><W92/><G43/><T86/><D30/><U76/><E76/><V75/><F75/><W118/><G118/><T70/><D53/><U100/><E100/><V32/><F32/><W79/><REACH who="3" step="1"/><G4/><REACH who="3" ten="260,250,260,210" step="2"/><T77/><D77/><U99/><E38/><V31/><F31/><W71/><G71/><T101/><REACH who="0" step="1"/><D60/><REACH who="0" ten="250,250,260,210" step="2"/><U16/><E63/><V51/><F116/><W12/><G12/><T23/><D23/><U22/><E22/><V96/><F119/><W114/><G114/><T128/><D128/><U112/><E112/><V98/><F62/><W44/><G44/><T41/><D41/><U134/><E46/><V90/><F40/><W129/><G129/><T72/><AGARI ba="1,3" hai="37,42,45,69,70,72,78,80,86,89,94,101,102,103" machi="72" ten="30,3000,0" yaku="1,1,0,1,53,0" doraHai="11" doraHaiUra="127" who="0" fromWho="0" sc="250,63,250,-11,260,-11,210,-11" /><INIT seed="0,2,0,1,1,15" ten="313,239,249,199" oya="0" hai0="91,44,51,97,65,64,1,24,13,94,39,9,53" hai1="49,41,29,8,46,113,122,52,71,104,126,102,59" hai2="33,90,135,83,109,47,42,0,93,19,121,5,27" hai3="118,11,100,30,98,58,60,128,116,54,115,111,103"/><T63/><D39/><U106/><E122/><V129/><F121/><W112/><G111/><T82/><D1/><U12/><E126/><V38/><F109/><W70/><G128/><T48/><D82/><U6/><E113/><V107/><F107/><W3/><G70/><T114/><D114/><U131/><E131/><V72/><F129/><W23/><G100/><T69/><D64/><U76/><E76/><N who="2" m="44423" /><F135/><W50/><G112/><T43/><D24/><U66/><E29/><N who="2" m="19647" /><F93/><W36/><G36/><T55/><REACH who="0" step="1"/><D51/><REACH who="0" ten="303,239,249,199" step="2"/><U123/><E123/><V134/><F134/><W85/><G115/><T92/><D92/><U120/><E120/><V35/><F35/><W7/><G50/><T130/><D130/><U119/><E119/><V67/><F67/><W14/><G118/><T73/><D73/><U95/><E66/><V125/><F125/><W89/><G116/><T45/><D45/><U68/><E106/><V132/><F132/><W81/><G3/><T101/><D101/><U61/><E104/><V77/><F77/><W99/><G103/><T86/><D86/><U28/><E102/><V4/><F90/><W22/><REACH who="3" step="1"/><G30/><REACH who="3" ten="303,239,249,189" step="2"/><T79/><D79/><U117/><E117/><V31/><F31/><W108/><G108/><T105/><D105/><U88/><REACH who="1" step="1"/><E28/><REACH who="1" ten="303,229,249,189" step="2"/><V127/><F127/><W56/><G56/><T84/><D84/><AGARI ba="2,3" hai="6,8,12,41,46,49,52,59,61,68,71,84,88,95" machi="84" ten="30,8000,1" yaku="1,1,2,1,7,1,54,2,53,0" doraHai="15" doraHaiUra="20" who="1" fromWho="0" sc="303,-86,229,116,249,0,189,0" /><INIT seed="1,0,0,4,5,87" ten="217,345,249,189" oya="1" hai0="81,115,60,61,16,47,28,37,31,5,46,7,97" hai1="36,132,30,95,8,76,93,19,70,2,29,10,77" hai2="80,43,104,53,123,102,117,0,96,35,89,63,20" hai3="108,45,26,51,32,66,112,92,99,38,100,13,54"/><U22/><E70/><V69/><F117/><W88/><G112/><T105/><D115/><U67/><E36/><V98/><F123/><W74/><G74/><T107/><D81/><U52/><E67/><V40/><F35/><W50/><G108/><T62/><D37/><U125/><E125/><V121/><F121/><W23/><G66/><T39/><D39/><U84/><E132/><V56/><F0/><W94/><G32/><T113/><D113/><U49/><E29/><N who="0" m="11337" /><D16/><U90/><E30/><V82/><F69/><W44/><G38/><T9/><D9/><N who="1" m="3691" /><E95/><V79/><F20/><W33/><G33/><T41/><D97/><U86/><E86/><V127/><F127/><W64/><G64/><T110/><D41/><U27/><E2/><V71/><F71/><W1/><G1/><T55/><D55/><U109/><E109/><V101/><F89/><W75/><G75/><T85/><D85/><U131/><E131/><V59/><F104/><N who="0" m="40010" /><D110/><U65/><E65/><V17/><F17/><N who="3" m="12655" /><G13/><T116/><D116/><U4/><E4/><AGARI ba="0,0" hai="4,5,7,46,47,60,61,62" m="40010,11337" machi="4" ten="40,2600,0" yaku="28,2" doraHai="87" who="0" fromWho="1" sc="217,26,345,-26,249,0,189,0" /><INIT seed="2,0,0,1,5,10" ten="243,319,249,189" oya="2" hai0="87,64,27,76,115,92,48,99,17,21,98,78,111" hai1="35,30,109,14,107,5,97,91,57,66,77,82,16" hai2="88,37,102,50,94,117,44,46,118,85,73,59,24" hai3="93,110,19,23,4,131,120,112,74,29,90,95,116"/><V108/><F73/><W75/><G131/><T125/><D115/><U68/><E109/><V135/><F37/><W8/><G116/><T18/><D111/><U69/><E57/><V53/><F108/><W2/><G120/><T34/><D125/><U15/><E5/><V132/><F102/><W121/><G110/><T113/><D34/><U105/><E30/><V9/><F9/><W7/><G121/><T101/><D113/><U124/><E35/><V26/><F117/><W106/><G106/><T33/><D33/><U67/><E91/><V130/><F130/><W100/><G112/><T13/><D87/><U32/><E32/><V56/><F118/><W42/><G29/><T83/><D83/><U39/><E39/><V55/><F132/><W60/><G7/><T134/><D134/><U80/><E97/><V61/><F135/><W1/><G1/><T89/><D48/><U52/><E77/><V11/><F11/><W79/><G42/><T45/><D45/><AGARI ba="0,0" hai="24,26,44,45,46,50,53,55,56,59,61,85,88,94" machi="45" ten="40,3900,0" yaku="8,1,54,1" doraHai="10" who="2" fromWho="0" sc="243,-39,319,0,249,39,189,0" /><INIT seed="2,1,0,2,4,116" ten="204,319,288,189" oya="2" hai0="35,94,36,90,130,121,20,47,107,73,10,23,39" hai1="14,102,38,110,84,31,77,40,2,1,11,25,135" hai2="109,72,12,119,91,118,134,61,71,58,28,100,117" hai3="103,51,122,86,125,124,24,16,106,89,97,42,69"/><V67/><F72/><W5/><G69/><T123/><D107/><U126/><E110/><V33/><F134/><W78/><G78/><T114/><D114/><U99/><E126/><N who="3" m="48746" /><G5/><T30/><D73/><U105/><E135/><V108/><F100/><W64/><G64/><T133/><D133/><U68/><E68/><V60/><F12/><W65/><G65/><T111/><D35/><U80/><E40/><V88/><F33/><W128/><G128/><T120/><D130/><U45/><E45/><V29/><F28/><W62/><G62/><T132/><D132/><U82/><E82/><V19/><F19/><W50/><G42/><T115/><D115/><U6/><E38/><V41/><F29/><W59/><G59/><T101/><D101/><U76/><E76/><V15/><F15/><W113/><G113/><T98/><D111/><N who="2" m="42570" /><F41/><W79/><G122/><T9/><D47/><U112/><E112/><V75/><F75/><W53/><G79/><T74/><D74/><U21/><AGARI ba="1,0" hai="1,2,6,11,14,21,25,31,77,80,84,99,102,105" machi="21" ten="20,1500,0" yaku="0,1,7,1" doraHai="116" who="1" fromWho="1" sc="204,-5,319,18,288,-8,189,-5" /><INIT seed="3,0,0,5,5,102" ten="199,337,280,184" oya="3" hai0="110,41,74,83,107,11,121,34,61,12,9,50,28" hai1="49,67,122,45,100,35,53,56,59,30,84,3,66" hai2="68,17,93,95,129,22,71,115,26,134,20,36,73" hai3="117,57,39,31,119,16,94,88,60,114,25,132,90"/><W44/><G114/><T124/><D110/><U109/><E3/><V123/><F115/><W1/><G1/><T48/><D121/><U91/><E100/><V8/><F36/><W133/><G39/><T47/><D107/><U63/><E109/><V104/><F73/><W75/><G75/><T21/><D34/><U6/><E6/><V19/><F129/><W14/><G44/><T103/><D103/><U54/><E30/><V23/><F134/><N who="3" m="51819" /><G31/><T43/><D124/><U125/><E35/><V87/><F123/><W65/><G25/><N who="0" m="16431" /><D74/><U108/><E108/><V0/><F0/><W55/><G65/><T120/><D120/><U96/><E96/><V32/><F32/><W62/><G62/><T72/><D72/><U76/><E125/><V80/><F71/><W116/><G94/><T24/><D24/><U13/><E67/><V33/><F33/><W106/><G106/><T27/><D27/><U78/><E122/><V2/><F104/><W79/><G79/><T7/><D61/><N who="1" m="35983" /><E13/><V97/><F68/><W52/><G55/><T85/><D12/><U37/><E37/><V70/><F70/><W111/><G111/><T82/><D7/><U92/><AGARI ba="0,0" hai="45,49,54,59,63,66,76,78,84,91,92" m="35983" machi="92" ten="30,1100,0" yaku="8,1" doraHai="102" who="1" fromWho="1" sc="199,-3,337,11,280,-3,184,-5" owari="196,-20.4,348,44.8,277,7.7,179,-32.1" /></mjloggm>