<mjloggm ver="2.3"><GO type="225" lobby="0"/><UN n0="%30%2E%31%32%30" n1="%E3%81%82%E3%81%B9%E3%81%99%E3%81%91" n2="%E3%82%8C%E3%81%99%E3%81%93" n3="%28%EF%BF%A3%E2%96%BD%EF%BF%A3%29%CE%B4%E2%8C%92%E3%83%BB" dan="16,16,17,17" rate="2128.08,2052.31,2176.11,2266.99" sx="M,M,F,M"/><TAIKYOKU oya="0"/><INIT seed="0,0,0,5,1,39" ten="250,250,250,250" oya="0" hai0="88,97,56,121,108,130,61,16,54,127,129,28,114" hai1="103,32,95,6,51,27,99,63,133,132,45,22,36" hai2="65,125,29,42,47,38,82,48,21,20,70,72,135" hai3="14,25,128,75,2,64,17,40,92,13,30,18,84"/><T7/><D121/><U46/><E6/><V86/><F135/><N who="1" m="51785" /><E32/><V113/><F113/><W126/><G75/><T69/><D114/><U131/><E131/><N who="0" m="50185" /><D127/><U41/><E63/><V91/><F125/><W44/><G2/><T79/><D108/><U87/><E87/><V31/><F72/><W23/><G64/><N who="0" m="41103" /><D7/><U60/><E60/><V66/><F70/><W106/><G106/><T8/><D28/><N who="2" m="10826" /><F38/><W124/><G128/><T119/><D119/><U90/><E22/><AGARI ba="0,0" hai="20,21,22,42,47,48,65,66,82,86,91" m="10826" machi="22" ten="30,2000,0" yaku="8,1,52,1" doraHai="39" who="2" fromWho="1" sc="250,0,250,-20,250,20,250,0" /><INIT seed="1,0,0,2,0,113" ten="250,230,270,250" oya="1" hai0="94,33,54,93,57,120,61,52,100,77,104,72,84" hai1="95,42,9,119,27,133,116,14,25,60,117,114,69" hai2="37,41,8,44,96,75,29,123,35,38,80,88,46" hai3="70,59,91,1,2,48,99,78,85,40,43,31,92"/><U30/><E114/><V0/><F123/><W97/><G70/><T76/><D120/><U106/><E106/><V28/><F35/><W110/><G110/><T4/><D33/><U89/><E133/><V131/><F131/><W5/><G31/><T71/><D71/><U127/><E42/><N who="2" m="22607" /><F88/><W81/><G99/><N who="0" m="59511" /><D72/><U34/><E27/><V55/><F55/><N who="0" m="21034" /><D104/><U129/><E127/><V66/><F96/><W122/><G122/><T51/><D51/><U6/><E129/><V125/><F66/><W16/><G59/><T64/><D4/><U12/><E12/><V62/><F62/><W82/><G82/><N who="0" m="47175" /><D93/><U3/><E3/><V128/><F128/><W79/><G79/><AGARI ba="0,0" hai="57,61,64,77,79" m="47175,21034,59511" machi="79" ten="30,2000,0" yaku="8,1,54,1" doraHai="113" who="0" fromWho="3" sc="250,20,230,0,270,0,250,-20" /><INIT seed="2,0,0,3,2,34" ten="270,230,270,230" oya="2" hai0="17,56,112,104,72,122,27,93,95,101,3,61,83" hai1="68,102,6,9,84,48,65,12,79,111,25,28,124" hai2="134,13,42,19,90,22,119,97,55,121,8,107,127" hai3="60,21,54,5,78,57,117,2,110,128,4,88,24"/><V113/><F113/><W36/><G36/><T33/><D112/><U99/><E111/><V116/><F121/><W109/><G117/><T46/><D122/><U105/><E124/><V73/><F73/><W118/><G118/><T71/><D72/><U81/><E48/><V123/><F123/><W106/><G106/><T96/><D83/><U63/><E25/><V37/><F127/><W87/><G78/><T98/><D46/><U130/><REACH who="1" step="1"/><E28/><REACH who="1" ten="270,220,270,230" step="2"/><V45/><F119/><W49/><G128/><AGARI ba="0,1" hai="6,9,12,63,65,68,79,81,84,99,102,105,128,130" machi="128" ten="40,2600,0" yaku="1,1,2,1,53,0" doraHai="34" doraHaiUra="89" who="1" fromWho="3" sc="270,0,220,36,270,0,230,-26" /><INIT seed="3,0,0,4,2,1" ten="270,256,270,204" oya="3" hai0="29,73,123,87,126,96,42,16,52,86,74,10,19" hai1="47,65,120,88,34,31,2,132,101,61,105,45,14" hai2="12,40,122,79,18,116,8,4,111,15,95,41,77" hai3="38,81,64,124,89,98,80,118,23,82,83,11,33"/><W53/><G33/><T32/><D123/><U104/><E120/><V91/><F116/><W6/><G38/><T36/><D126/><U26/><E2/><V100/><F122/><W21/><G124/><T106/><D29/><U63/><E132/><V49/><F111/><W128/><G118/><T131/><D32/><U30/><E101/><V109/><F100/><W0/><G128/><T35/><D35/><U135/><E135/><V127/><F109/><W117/><G117/><T22/><D106/><U43/><E31/><V25/><F25/><W3/><G3/><T56/><D96/><U39/><E14/><V78/><F49/><W37/><G37/><T113/><D113/><U92/><E47/><V94/><F127/><W58/><G64/><T59/><D36/><U69/><REACH who="1" step="1"/><E63/><REACH who="1" ten="270,246,270,204" step="2"/><V134/><F134/><W20/><N who="3" m="20480" /><DORA hai="44" /><W97/><REACH who="3" step="1"/><G89/><REACH who="3" ten="270,246,270,194" step="2"/><T70/><D131/><U50/><E50/><AGARI ba="0,2" hai="0,6,11,20,21,23,50,53,58,97,98" m="20480" machi="50" ten="50,12000,1" yaku="1,1,2,1,52,2,53,0" doraHai="1,44" doraHaiUra="9,68" who="3" fromWho="1" sc="270,0,246,-120,270,0,194,140" owari="270,7.0,126,-37.4,270,-13.0,334,43.4" /></mjloggm>