<mjloggm ver="2.3"><GO type="225" lobby="0"/><UN n0="%54%4F%52" n1="%E3%83%AD%E3%83%83%E3%83%86%E9%9B%80%E7%90%83" n2="%E6%80%AA%E3%81%97%E3%81%99%E3%81%8E%E3%82%8B%E3%83%81%E3%83%BC" n3="%43%68%65" dan="17,17,16,16" rate="2244.57,2264.35,2144.21,2160.10" sx="M,M,M,M"/><TAIKYOKU oya="0"/><INIT seed="0,0,0,5,2,111" ten="250,250,250,250" oya="0" hai0="82,47,71,124,24,0,90,69,81,65,78,123,36" hai1="14,122,86,75,121,113,100,46,30,11,52,133,117" hai2="50,59,91,17,126,10,114,79,37,93,64,101,42" hai3="7,94,83,89,70,18,38,1,4,3,87,45,9"/><T128/><D123/><U56/><E75/><V73/><F114/><W39/><G70/><T116/><D116/><U107/><E117/><V131/><F37/><W16/><G39/><T58/><D128/><U92/><E133/><V49/><F126/><W105/><G105/><T106/><D124/><U74/><E74/><V40/><F131/><W102/><G7/><T21/><D106/><U132/><E132/><V33/><F33/><W129/><G1/><T84/><D0/><U125/><E125/><V53/><F64/><W85/><G129/><T76/><D58/><U98/><E46/><V51/><F101/><W25/><G25/><T103/><D103/><U110/><E110/><V62/><F79/><W15/><G3/><T112/><D112/><U48/><E30/><V20/><F10/><W99/><REACH who="3" step="1"/><G87/><REACH who="3" ten="250,250,250,240" step="2"/><T5/><D5/><U88/><REACH who="1" step="1"/><E113/><REACH who="1" ten="250,240,250,240" step="2"/><V44/><F73/><W35/><G35/><T109/><D109/><U29/><E29/><V57/><F44/><W67/><G67/><T96/><D65/><U55/><E55/><V95/><F53/><W43/><AGARI ba="0,2" hai="4,9,15,16,18,38,43,45,83,85,89,94,99,102" machi="43" ten="30,4000,0" yaku="1,1,0,1,54,1,53,0" doraHai="111" doraHaiUra="60" who="3" fromWho="3" sc="250,-20,240,-10,250,-10,240,60" /><INIT seed="1,0,0,2,2,40" ten="230,230,240,300" oya="1" hai0="36,0,126,17,48,75,18,120,132,46,124,51,104" hai1="8,66,42,24,44,22,26,33,74,73,118,123,135" hai2="4,7,105,68,117,127,87,50,20,64,98,25,79" hai3="86,129,62,47,69,95,133,112,78,80,83,52,70"/><U49/><E118/><V57/><F117/><W14/><G112/><T2/><D104/><U61/><E123/><V19/><F127/><N who="0" m="48682" /><D75/><U15/><E135/><V116/><F116/><W125/><G125/><T72/><D72/><U134/><E33/><V102/><F68/><W106/><G106/><T65/><D132/><U30/><E26/><V131/><F131/><W97/><G129/><T12/><D120/><U21/><E21/><V9/><F9/><W10/><G83/><T3/><D65/><U5/><REACH who="1" step="1"/><E134/><REACH who="1" ten="230,220,240,300" step="2"/><V89/><F25/><W59/><G133/><T67/><D67/><U128/><E128/><V27/><F64/><W109/><G70/><AGARI ba="0,1" hai="5,8,15,22,24,30,42,44,49,61,66,70,73,74" machi="70" ten="30,5800,0" yaku="1,1,7,1,52,1,53,0" doraHai="40" doraHaiUra="90" who="1" fromWho="3" sc="230,0,220,68,240,0,300,-58" /><INIT seed="1,1,0,0,1,80" ten="230,288,240,242" oya="1" hai0="123,49,37,20,29,115,0,102,131,47,64,6,33" hai1="7,111,55,59,43,22,16,118,94,13,15,17,35" hai2="51,107,84,12,116,30,93,24,25,85,74,113,4" hai3="83,109,132,60,45,62,126,128,114,73,36,57,104"/><U32/><E118/><V103/><F74/><W18/><G114/><T27/><D115/><U125/><E125/><V63/><F107/><W61/><G126/><T75/><D131/><U39/><E111/><V88/><F116/><W68/><G68/><T78/><D123/><U56/><E7/><V31/><F113/><W82/><G109/><T124/><D124/><U99/><E39/><V3/><F3/><W21/><G104/><T135/><D135/><U110/><E43/><V58/><F103/><W11/><G128/><T50/><D102/><U14/><E59/><V134/><F51/><W130/><G132/><T38/><D64/><U10/><E14/><V41/><F41/><W8/><G130/><T133/><D133/><U81/><E81/><N who="3" m="30730" /><G45/><T98/><D78/><U108/><E108/><V119/><F85/><W91/><G91/><T100/><D75/><U48/><REACH who="1" step="1"/><E110/><REACH who="1" ten="230,278,240,242" step="2"/><V95/><F119/><W44/><G36/><T65/><D38/><U28/><E28/><V127/><F134/><W52/><G44/><T105/><D37/><U106/><E106/><V121/><F127/><W79/><G73/><T87/><D6/><U77/><E77/><V90/><F30/><W97/><G79/><T71/><D29/><U5/><E5/><V42/><F31/><W89/><G57/><T40/><D105/><U67/><E67/><N who="2" m="39415" /><F42/><W53/><G18/><T66/><D40/><U96/><E96/><N who="2" m="57383" /><F121/><W19/><G97/><T2/><D98/><U26/><E26/><V23/><F4/><W72/><G72/><T46/><D27/><N who="2" m="10314" /><F12/><W86/><G19/><T101/><D0/><RYUUKYOKU ba="1,1" sc="230,-15,278,15,240,15,242,-15" hai1="10,13,15,16,17,22,32,35,48,55,56,94,99" hai2="23,84,90,95" /><INIT seed="1,2,1,5,2,83" ten="215,293,255,227" oya="1" hai0="92,15,104,111,71,128,56,75,131,20,44,91,70" hai1="47,12,32,124,86,43,18,134,84,126,118,61,65" hai2="85,62,100,103,51,6,95,50,53,17,19,13,113" hai3="59,94,42,25,81,106,7,120,117,48,60,45,108"/><U122/><E32/><V57/><F113/><W90/><G120/><T39/><D104/><U58/><E118/><V38/><F38/><W99/><G117/><T107/><D107/><U26/><E26/><V49/><F6/><W30/><G108/><T0/><D0/><U37/><E122/><V129/><F129/><N who="0" m="49738" /><D75/><U52/><E134/><V10/><F19/><W119/><G119/><T116/><D116/><U133/><E133/><V125/><F125/><N who="1" m="48233" /><E65/><V1/><F1/><W63/><G106/><T11/><D56/><U24/><E24/><V127/><F127/><W101/><G7/><N who="0" m="3583" /><D20/><AGARI ba="2,1" hai="12,18,20,37,43,47,52,58,61,84,86" m="48233" machi="20" ten="30,11600,0" yaku="18,1,52,2,54,1" doraHai="83" who="1" fromWho="0" sc="215,-122,293,132,255,0,227,0" /><INIT seed="1,3,0,2,0,38" ten="93,425,255,227" oya="1" hai0="94,122,12,79,105,20,39,84,66,61,10,2,125" hai1="135,75,98,133,6,78,106,71,45,73,63,24,22" hai2="53,128,134,40,67,1,13,41,19,55,132,37,91" hai3="72,26,49,123,23,127,5,96,14,62,97,117,82"/><U110/><E6/><V92/><F37/><W80/><G123/><T100/><D122/><U99/><E63/><V69/><F1/><W32/><G127/><T8/><D125/><U131/><E71/><V77/><F128/><W7/><G117/><T43/><D105/><U29/><E131/><V83/><F67/><W35/><G62/><T103/><D2/><U42/><E110/><V87/><F69/><W60/><G60/><T108/><D108/><U102/><E99/><V70/><F70/><W109/><G109/><T81/><D20/><U30/><E30/><V116/><F116/><W64/><G23/><T18/><D8/><U34/><E22/><N who="2" m="11631" /><F132/><N who="1" m="50761" /><E78/><V107/><F107/><W47/><G64/><T54/><D54/><N who="2" m="20490" /><F134/><W86/><G35/><T118/><D118/><U50/><AGARI ba="3,0" hai="24,29,34,42,45,50,73,75,98,102,106" m="50761" machi="50" ten="30,3000,0" yaku="20,1,52,1" doraHai="38" who="1" fromWho="1" sc="93,-13,425,39,255,-13,227,-13" /><INIT seed="1,4,0,1,5,31" ten="80,464,242,214" oya="1" hai0="105,91,49,53,15,99,6,127,23,22,94,42,121" hai1="50,101,20,110,45,79,26,120,116,77,40,111,78" hai2="90,63,17,3,118,115,123,51,14,131,134,34,102" hai3="61,117,133,29,52,33,24,38,100,130,25,106,92"/><U76/><E116/><V9/><F118/><W108/><G117/><T135/><D135/><U71/><E120/><V28/><F123/><W30/><G38/><T119/><D119/><U72/><E71/><V48/><F134/><W35/><G133/><T16/><D121/><U98/><E72/><V88/><F131/><W13/><G130/><T36/><D127/><U95/><N who="1" m="19456" /><DORA hai="67" /><U54/><REACH who="1" step="1"/><E40/><REACH who="1" ten="80,454,242,214" step="2"/><V68/><F115/><W8/><G108/><T89/><D42/><U32/><E32/><V129/><F34/><W18/><G106/><T11/><D105/><U122/><E122/><V46/><F68/><W104/><G104/><T66/><D36/><U97/><E97/><V41/><F129/><W43/><G43/><T85/><D66/><U4/><E4/><V27/><F41/><W58/><G100/><T80/><REACH who="0" step="1"/><D6/><REACH who="0" ten="70,454,242,214" step="2"/><U73/><E73/><V59/><F102/><W56/><G56/><AGARI ba="4,2" hai="11,15,16,22,23,49,53,56,80,85,89,91,94,99" machi="56" ten="30,12000,2" yaku="1,1,2,1,7,1,8,1,54,1,53,1" doraHai="31,67" doraHaiUra="7,65" who="0" fromWho="3" sc="70,152,454,0,242,0,214,-132" /><INIT seed="2,0,0,5,3,99" ten="222,454,242,82" oya="2" hai0="110,58,75,0,35,57,45,76,36,106,23,46,111" hai1="109,12,24,97,14,133,49,126,116,81,25,50,48" hai2="51,120,30,95,52,90,2,62,127,17,134,108,53" hai3="101,34,26,66,47,54,22,73,74,113,122,91,69"/><V77/><F120/><W42/><G122/><T43/><D35/><U39/><E39/><V92/><F2/><W13/><G113/><T123/><D123/><U7/><E116/><V130/><F130/><W87/><G54/><T135/><D0/><U67/><E109/><N who="0" m="41481" /><D106/><U1/><E126/><V19/><F127/><W100/><G34/><T94/><D135/><U70/><E133/><V83/><F134/><W89/><G13/><T40/><D23/><U3/><E49/><V18/><F30/><W129/><G129/><T72/><D94/><U65/><E97/><V64/><F108/><W6/><G6/><T118/><D118/><U38/><E38/><V80/><F92/><W78/><G78/><T119/><D119/><U132/><E132/><V107/><F107/><W88/><G87/><T131/><D131/><U16/><E81/><N who="2" m="31307" /><F77/><W5/><G5/><T37/><D76/><U4/><E70/><V117/><F117/><W98/><G98/><T21/><D21/><U9/><E9/><V56/><F51/><W55/><G55/><T104/><D104/><U103/><E1/><V63/><F63/><W11/><G74/><AGARI ba="0,0" hai="36,37,40,43,45,46,57,58,72,74,75" m="41481" machi="74" ten="30,1000,0" yaku="14,1" doraHai="99" who="0" fromWho="3" sc="222,10,454,0,242,0,82,-10" /><INIT seed="3,0,0,4,3,95" ten="232,454,242,72" oya="3" hai0="83,32,5,115,44,54,57,117,53,3,75,65,97" hai1="19,9,60,88,20,34,7,43,93,45,77,114,74" hai2="130,98,72,100,96,120,1,12,66,63,126,33,132" hai3="79,103,49,134,106,59,105,18,101,68,107,35,80"/><W125/><G68/><T28/><D117/><U2/><E114/><V110/><F1/><W14/><G35/><T13/><D3/><U11/><E34/><V39/><F72/><W69/><G69/><T129/><D115/><U119/><E119/><V121/><F39/><W99/><G125/><T87/><D75/><U128/><E128/><V84/><F130/><W24/><G24/><T91/><D129/><U16/><E11/><V23/><F33/><W38/><G38/><T116/><D116/><U56/><E20/><V36/><F110/><W112/><G112/><T123/><D123/><N who="2" m="47178" /><F132/><W109/><G134/><T17/><D5/><U62/><E62/><V90/><F100/><W40/><G109/><T27/><D44/><U108/><E77/><V78/><F78/><W0/><G0/><T21/><D65/><U42/><E42/><V6/><F36/><W71/><G71/><T82/><D57/><U92/><E92/><N who="2" m="54343" /><F126/><W61/><G103/><T76/><D97/><U73/><E56/><N who="2" m="37223" /><F6/><W127/><G127/><T102/><D102/><U4/><E19/><AGARI ba="0,0" hai="12,19,23,96,98" m="37223,54343,47178" machi="19" ten="30,3900,0" yaku="13,1,52,2" doraHai="95" who="2" fromWho="1" sc="232,0,454,-39,242,39,72,0" owari="232,-16.8,415,51.5,281,8.1,72,-42.8" /></mjloggm>