<mjloggm ver="2.3"><GO type="225" lobby="0"/><UN n0="%E6%98%93%E5%88%A9%E8%96%A9%E4%BC%AF" n1="%E6%97%A5%E6%9B%9C%E6%97%A5%E3%82%88%E3%82%8A%E3%81%AE%E4%BD%BF%E8%80%85" n2="%E3%81%A4%E3%81%A3%E3%81%B1%E3%82%8A%E3%83%9D%E3%83%BC%E3%83%AB" n3="%6D%75%75%73%61%6E%6D%75" dan="16,16,16,16" rate="2036.58,2083.13,2145.32,2135.06" sx="F,M,M,F"/><TAIKYOKU oya="0"/><INIT seed="0,0,0,0,0,45" ten="250,250,250,250" oya="0" hai0="20,54,39,9,14,19,67,29,104,59,80,65,103" hai1="119,105,77,41,127,115,135,47,91,101,6,21,26" hai2="30,35,64,126,79,94,66,78,55,7,97,76,38" hai3="81,69,125,33,34,15,83,50,48,129,75,89,72"/><T112/><D39/><U36/><E119/><V27/><F126/><W2/><G2/><T44/><D112/><U49/><E127/><V93/><F38/><W114/><G125/><T31/><D44/><U122/><E122/><V62/><F7/><W13/><G69/><T131/><D131/><U132/><E115/><V108/><F108/><W5/><G114/><T56/><D103/><U51/><E77/><V120/><F120/><W96/><G129/><T28/><D104/><U16/><E6/><V84/><F84/><W17/><G5/><T74/><D59/><U10/><E10/><V123/><F123/><W85/><G96/><T3/><D3/><U68/><E68/><V60/><F55/><W133/><G133/><N who="1" m="51274" /><E91/><V92/><REACH who="2" step="1"/><F97/><AGARI ba="0,0" hai="16,21,26,36,41,47,49,51,97,101,105" m="51274" machi="97" ten="30,7700,0" yaku="20,1,52,2,54,1" doraHai="45" who="1" fromWho="2" sc="250,0,250,77,250,-77,250,0" /><INIT seed="1,0,0,0,2,98" ten="250,327,173,250" oya="1" hai0="71,24,110,48,122,68,87,126,77,69,104,53,6" hai1="113,65,43,23,16,102,95,84,56,90,100,75,97" hai2="125,57,80,19,29,20,119,62,34,123,26,96,25" hai3="27,135,14,37,60,93,106,74,28,101,91,129,134"/><U17/><E75/><V15/><F119/><W120/><G120/><T13/><D122/><U12/><E113/><V4/><F123/><W116/><G116/><T1/><D110/><U76/><E43/><V85/><F125/><W81/><G37/><T82/><D1/><U54/><E65/><V70/><F70/><W72/><G129/><T59/><D126/><U11/><E76/><V58/><F58/><W78/><G60/><T61/><D104/><U124/><E124/><V86/><F86/><N who="3" m="52471" /><G14/><T63/><REACH who="0" step="1"/><D24/><REACH who="0" ten="240,327,173,250" step="2"/><N who="1" m="14439" /><E97/><V42/><F26/><W103/><G106/><T112/><D112/><U21/><E11/><AGARI ba="0,1" hai="6,11,13,48,53,59,61,63,68,69,71,77,82,87" machi="11" ten="40,1300,0" yaku="1,1,53,0" doraHai="98" doraHaiUra="115" who="0" fromWho="1" sc="240,23,327,-13,173,0,250,0" /><INIT seed="2,0,0,3,1,58" ten="263,314,173,250" oya="2" hai0="39,18,122,132,85,110,44,127,104,134,24,76,43" hai1="121,91,28,96,70,52,93,26,53,31,60,21,129" hai2="99,51,4,30,71,115,32,135,102,20,80,9,79" hai3="86,133,50,12,77,69,14,74,45,41,106,131,62"/><V61/><F115/><W15/><G131/><T1/><D122/><U36/><E36/><V88/><F135/><W125/><G133/><T16/><D110/><U119/><E119/><V56/><F32/><W38/><G125/><T117/><D127/><U72/><E72/><V37/><F37/><W116/><G106/><T2/><D117/><U98/><E121/><V100/><F71/><W81/><G116/><T111/><D111/><U109/><E109/><V17/><F51/><W40/><G38/><T103/><D18/><U94/><E129/><V48/><F48/><W34/><G34/><T66/><D2/><U112/><E112/><V107/><F30/><W108/><G108/><T22/><D1/><U3/><E3/><V46/><F46/><W11/><G74/><T89/><D76/><U5/><E5/><V113/><F113/><W54/><REACH who="3" step="1"/><G11/><REACH who="3" ten="263,314,173,240" step="2"/><T67/><D132/><U84/><E31/><V105/><F105/><W59/><G59/><T49/><D39/><U47/><E47/><V55/><F107/><W6/><G6/><T87/><D134/><U42/><E42/><V118/><F118/><W101/><G101/><T120/><D103/><U35/><E35/><V65/><F9/><W92/><G92/><N who="0" m="54319" /><D104/><U64/><E84/><N who="2" m="48159" /><F4/><W33/><G33/><T7/><D7/><U73/><E73/><V78/><F78/><W75/><G75/><T19/><D120/><U128/><E128/><V97/><F102/><AGARI ba="0,1" hai="21,26,28,52,53,60,64,70,91,93,94,96,98,102" machi="102" ten="30,3900,0" yaku="7,1,52,1,54,1" doraHai="58" who="1" fromWho="2" sc="263,0,314,49,173,-39,240,0" /><INIT seed="3,0,0,0,5,47" ten="263,363,134,240" oya="3" hai0="14,89,125,49,31,78,116,15,81,27,34,70,50" hai1="56,39,127,12,74,95,122,69,102,2,106,99,134" hai2="71,131,84,67,101,43,82,57,97,63,126,45,105" hai3="35,4,93,114,91,109,7,48,32,108,121,0,124"/><W52/><G114/><T26/><D116/><U51/><E2/><V58/><F131/><W68/><G68/><T19/><D70/><U118/><E69/><V17/><F126/><W119/><G121/><T135/><D135/><U9/><E122/><V111/><F111/><N who="3" m="42571" /><G119/><T29/><D89/><U64/><E39/><V96/><F96/><N who="3" m="57407" /><G124/><T66/><D66/><U73/><E127/><V18/><F57/><N who="3" m="32903" /><G0/><T65/><D125/><U42/><E134/><V113/><F113/><W117/><G117/><T98/><D65/><U90/><E118/><V53/><F84/><W28/><G28/><T123/><D98/><U37/><E74/><V40/><F40/><W55/><G55/><T61/><D31/><U38/><E73/><V16/><F82/><W36/><G36/><T24/><D29/><U3/><E3/><V83/><F83/><W94/><G94/><T10/><D81/><U30/><E30/><V112/><F112/><W44/><G44/><T13/><D123/><U85/><E64/><V103/><F103/><W54/><G54/><T115/><D115/><U88/><E56/><V132/><F132/><W8/><G8/><T133/><D10/><U79/><E38/><V60/><REACH who="2" step="1"/><F18/><REACH who="2" ten="263,363,124,240" step="2"/><W1/><G1/><T107/><D19/><U110/><E110/><V6/><F6/><AGARI ba="0,1" hai="4,6,7,32,35" m="32903,57407,42571" machi="6" ten="30,11600,0" yaku="14,1,10,1,52,1,54,1" doraHai="47" who="3" fromWho="2" sc="263,0,363,0,124,-116,240,126" owari="263,-13.7,363,16.3,8,-49.2,366,46.6" /></mjloggm>