<mjloggm ver="2.3"><GO type="225" lobby="0"/><UN n0="%E3%82%A2%E3%83%A1%E3%82%A2%E3%83%A9%E3%83%AC" n1="%E3%83%A9%E3%82%A4%E3%83%B3%E3%81%AE%E8%99%8E" n2="%E3%80%93%E3%81%97%E3%83%BC%E3%82%89%E3%80%93" n3="%E3%81%95%E3%81%8D%E3%81%9F%E3%81%BE%E6%9E%97%E6%AA%8E" dan="16,16,17,16" rate="2119.95,2073.04,2148.31,2093.96" sx="M,M,M,M"/><TAIKYOKU oya="0"/><INIT seed="0,0,0,0,3,89" ten="250,250,250,250" oya="0" hai0="90,93,75,58,4,20,127,63,70,62,65,72,95" hai1="10,130,9,92,110,30,22,36,39,109,104,133,56" hai2="79,64,31,51,11,43,78,33,87,57,119,49,16" hai3="121,28,101,7,47,37,83,85,107,53,38,117,41"/><T125/><D4/><U69/><E104/><V97/><F119/><W124/><G117/><T73/><D20/><U59/><E69/><V77/><F33/><W134/><G134/><T23/><D23/><U61/><E133/><V8/><F31/><W42/><G124/><N who="0" m="47691" /><D90/><U52/><E130/><V123/><F123/><W103/><G121/><T81/><D81/><U116/><E116/><V18/><F87/><W96/><G103/><T86/><D86/><U91/><E59/><V113/><F97/><W6/><G28/><T21/><D21/><U74/><E74/><N who="0" m="18945" /><T76/><DORA hai="19" /><D76/><U24/><E9/><N who="2" m="3659" /><F113/><W45/><REACH who="3" step="1"/><G53/><AGARI ba="0,0" hai="53,58,62,63,65,70,93,95" m="18945,47691" machi="53" ten="40,7700,0" yaku="18,1,52,2" doraHai="89,19" who="0" fromWho="3" sc="250,77,250,0,250,0,250,-77" /><INIT seed="0,1,0,2,1,50" ten="327,250,250,173" oya="0" hai0="126,119,98,68,28,76,0,26,125,1,70,3,72" hai1="96,69,31,62,9,73,12,88,63,66,40,113,13" hai2="85,78,27,115,135,25,49,5,61,51,109,121,94" hai3="120,60,99,81,82,19,131,65,84,39,10,95,90"/><T48/><D119/><U32/><E113/><V114/><F121/><W133/><G120/><T24/><D98/><U44/><E73/><V41/><F5/><W83/><G133/><T74/><D48/><U129/><E129/><V29/><F135/><W116/><G116/><T123/><D123/><U134/><E134/><V34/><F109/><W52/><G131/><T118/><D118/><U57/><E32/><V108/><F108/><W132/><G132/><T106/><D106/><U124/><E31/><V86/><F61/><W75/><G39/><T77/><D3/><U117/><E124/><V79/><F94/><W110/><G110/><T103/><REACH who="0" step="1"/><D28/><REACH who="0" ten="317,250,250,173" step="2"/><U17/><E117/><V91/><F29/><W18/><G75/><T93/><D93/><U22/><E96/><V37/><F37/><W101/><G101/><AGARI ba="1,1" hai="0,1,24,26,68,70,72,74,76,77,101,103,125,126" machi="101" ten="25,4800,0" yaku="1,1,22,2,53,0" doraHai="50" doraHaiUra="43" who="0" fromWho="3" sc="317,61,250,0,250,0,173,-51" /><INIT seed="0,2,0,1,3,6" ten="378,250,250,122" oya="0" hai0="1,11,111,119,44,134,55,83,99,84,28,33,108" hai1="2,54,76,109,95,37,120,21,123,20,94,93,68" hai2="129,34,40,69,59,52,42,103,113,135,46,25,114" hai3="36,106,64,32,90,85,27,132,0,17,98,38,14"/><T4/><D119/><U49/><E37/><V50/><F135/><W30/><G132/><T77/><D134/><U31/><E68/><V10/><F129/><W51/><G0/><T105/><D28/><U131/><E131/><V22/><F69/><W116/><G116/><T8/><D33/><U13/><E2/><V128/><F34/><W87/><G87/><T124/><D124/><U107/><E107/><V100/><F128/><W61/><G51/><N who="0" m="29159" /><D4/><U89/><E76/><V121/><F121/><W133/><G133/><T71/><D71/><U7/><E109/><N who="0" m="42057" /><D1/><U118/><E118/><V57/><F113/><W130/><G130/><T18/><D18/><N who="1" m="10319" /><E7/><V92/><F114/><W112/><G112/><T19/><D19/><U48/><E123/><V41/><F10/><W126/><G126/><T122/><D122/><U5/><E5/><V115/><F115/><W15/><G15/><T56/><D56/><N who="2" m="21578" /><F92/><W72/><G72/><T67/><D67/><U29/><E94/><V88/><F88/><W63/><G64/><T62/><D62/><U65/><E95/><V35/><F35/><W43/><G63/><T73/><D73/><U23/><E65/><V47/><F47/><N who="3" m="24039" /><G61/><T39/><D39/><U101/><E120/><V16/><AGARI ba="2,0" hai="16,22,25,40,41,42,46,50,52,100,103" m="21578" machi="16" ten="30,4000,0" yaku="8,1,54,2" doraHai="6" who="2" fromWho="2" sc="378,-22,250,-12,250,46,122,-12" /><INIT seed="1,0,0,4,0,55" ten="356,238,296,110" oya="1" hai0="99,75,130,86,102,132,1,123,110,125,105,93,11" hai1="101,8,19,115,106,24,16,83,53,109,54,25,111" hai2="124,32,22,15,82,37,42,94,43,127,65,13,121" hai3="135,126,38,44,79,47,5,91,88,41,36,9,76"/><U72/><E115/><V118/><F32/><W84/><G126/><N who="2" m="48169" /><F121/><W104/><G135/><T96/><D125/><U77/><E101/><V39/><F118/><W12/><G104/><T0/><D110/><N who="1" m="41995" /><E106/><V114/><F114/><W87/><G38/><N who="2" m="14345" /><F65/><W129/><G129/><T33/><D33/><U112/><E112/><V49/><F49/><W56/><G47/><T69/><D102/><U26/><E8/><V58/><F58/><W103/><G103/><T70/><D105/><U63/><E54/><V108/><F108/><W120/><G120/><T35/><D35/><U23/><E23/><V57/><F57/><AGARI ba="0,0" hai="16,19,24,25,26,53,57,63,72,77,83" m="41995" machi="57" ten="30,11600,0" yaku="14,1,10,1,52,1,54,1" doraHai="55" who="1" fromWho="2" sc="356,0,238,116,296,-116,110,0" /><INIT seed="1,1,0,1,2,24" ten="356,354,180,110" oya="1" hai0="50,54,116,119,2,102,135,103,109,84,75,19,76" hai1="3,13,60,95,46,86,36,38,99,90,91,33,94" hai2="82,133,63,106,89,12,72,57,25,118,26,83,41" hai3="108,8,129,127,120,22,104,70,131,47,44,78,29"/><U66/><E3/><V107/><F118/><W45/><G104/><T16/><D2/><U28/><E46/><V68/><F68/><W74/><G120/><T111/><D75/><U96/><E13/><V14/><F133/><W43/><G43/><T88/><D76/><U34/><E86/><V93/><F41/><W69/><G8/><T124/><D135/><U126/><E126/><V9/><F72/><W115/><G115/><T39/><D39/><U37/><REACH who="1" step="1"/><E28/><REACH who="1" ten="356,344,180,110" step="2"/><V134/><F134/><W130/><G127/><T62/><D124/><U121/><E121/><V122/><F14/><W80/><REACH who="3" step="1"/><G108/><REACH who="3" ten="356,344,180,100" step="2"/><T15/><D111/><U42/><E42/><V32/><F122/><W35/><G35/><T132/><D109/><U11/><E11/><V20/><F32/><W87/><G87/><T92/><D84/><U30/><E30/><V31/><F107/><W114/><G114/><T48/><D132/><U55/><E55/><N who="2" m="34239" /><F106/><W40/><G40/><T21/><D54/><U5/><E5/><N who="2" m="3119" /><F26/><AGARI ba="1,2" hai="22,26,29,44,45,47,69,70,74,78,80,129,130,131" machi="26" ten="50,6400,0" yaku="1,1,19,1,52,1,53,0" doraHai="24" doraHaiUra="7" who="3" fromWho="2" sc="356,0,344,0,180,-67,100,87" /><INIT seed="2,0,0,2,3,49" ten="356,344,113,187" oya="2" hai0="80,69,58,22,33,24,20,108,110,99,121,54,14" hai1="15,51,2,50,109,71,5,90,43,21,87,3,18" hai2="1,23,107,10,32,119,102,116,8,52,62,89,41" hai3="112,122,83,4,85,47,124,100,78,34,38,11,53"/><V29/><F32/><W127/><G122/><T67/><D121/><U74/><E74/><V132/><F41/><W97/><G34/><T66/><D33/><U73/><E73/><V104/><F132/><W98/><G112/><T93/><D80/><U35/><E71/><V61/><F89/><W115/><G115/><T94/><D14/><U118/><E118/><V125/><F125/><N who="3" m="48203" /><G100/><N who="0" m="60527" /><D94/><U77/><E77/><V57/><F62/><W26/><G26/><T17/><D22/><U44/><E109/><N who="0" m="42089" /><D69/><U130/><E5/><V42/><F42/><N who="3" m="22999" /><G53/><T135/><D135/><U75/><E75/><V106/><F102/><W76/><G76/><T31/><D31/><U79/><E79/><V12/><F1/><AGARI ba="0,0" hai="1,4,11,78,83,85,97,98" m="22999,48203" machi="1" ten="30,1000,0" yaku="18,1" doraHai="49" who="3" fromWho="2" sc="356,0,344,0,113,-10,187,10" /><INIT seed="3,0,0,2,2,131" ten="356,344,103,197" oya="3" hai0="110,10,67,133,51,98,48,9,56,39,63,3,78" hai1="111,57,121,82,104,43,130,93,6,97,58,25,62" hai2="22,59,100,69,53,107,108,94,30,37,66,74,32" hai3="71,75,35,106,31,18,77,64,125,122,81,60,96"/><W2/><G122/><T44/><D133/><U117/><E121/><V118/><F74/><W120/><G18/><T83/><D110/><U102/><E111/><V54/><F37/><W50/><G50/><T17/><D98/><U27/><E130/><V36/><F108/><W14/><G14/><T114/><D114/><U12/><E117/><V19/><F36/><W13/><G13/><T45/><D17/><U73/><E43/><V65/><F118/><W28/><G28/><T40/><D3/><U84/><E58/><V95/><F32/><W16/><G16/><T61/><D61/><U46/><E46/><V0/><F0/><W20/><G20/><T134/><D134/><U88/><E104/><V34/><F34/><W80/><G80/><T15/><D15/><U21/><E73/><V5/><F30/><W115/><G115/><T1/><D1/><U42/><E42/><V91/><F5/><W112/><G112/><T101/><D101/><U72/><E72/><V116/><F116/><W8/><G8/><T41/><D39/><U38/><E38/><V124/><F69/><W123/><G125/><T86/><AGARI ba="0,0" hai="9,10,40,41,44,45,48,51,56,63,67,78,83,86" machi="86" ten="20,5200,0" yaku="0,1,7,1,9,1,8,1" doraHai="131" who="0" fromWho="0" sc="356,52,344,-13,103,-13,197,-26" owari="408,50.8,331,13.1,90,-41.0,171,-22.9" /></mjloggm>