<mjloggm ver="2.3"><GO type="225" lobby="0"/><UN n0="%73%61%6E%64%69%72%69%73" n1="%E2%91%A3%E9%81%BF%E9%81%8A%E6%88%AF%E3%80%90%E6%9D%B1%E5%8D%97%E3%80%91" n2="%E5%B8%86%E7%AB%8B%E5%A4%8F%E8%A1%A3" n3="%4C%4F%4C%49%54%41" dan="16,16,17,16" rate="2127.51,2109.62,2145.15,2164.50" sx="M,M,M,F"/><TAIKYOKU oya="0"/><INIT seed="0,0,0,2,2,0" ten="250,250,250,250" oya="0" hai0="112,76,7,3,32,121,47,52,5,110,15,25,103" hai1="34,28,129,30,44,17,48,100,109,126,10,24,128" hai2="105,62,11,91,38,125,116,53,63,8,101,81,111" hai3="6,127,61,2,45,96,131,16,108,113,90,56,74"/><T54/><D3/><U132/><E100/><V39/><F111/><W118/><G113/><T58/><D112/><U93/><E93/><V50/><F125/><W78/><G118/><T26/><D121/><U57/><E109/><V88/><F116/><W77/><G108/><T119/><D119/><U60/><E126/><V19/><F39/><W133/><G133/><T41/><D110/><U82/><E132/><V107/><F38/><W99/><G131/><T134/><D134/><U9/><E30/><V106/><F101/><W36/><G127/><T23/><D76/><U84/><E57/><V130/><F130/><N who="1" m="50281" /><E60/><V71/><F71/><W98/><G74/><T64/><D103/><U1/><E17/><V123/><F123/><W55/><G90/><T68/><D32/><U117/><E1/><V80/><F106/><W29/><G29/><T70/><D70/><U104/><E104/><V65/><F19/><W40/><REACH who="3" step="1"/><G16/><REACH who="3" ten="250,250,250,240" step="2"/><N who="0" m="10655" /><D68/><U21/><E117/><V42/><F91/><W4/><G4/><N who="0" m="1611" /><D64/><U120/><E34/><V35/><F65/><W83/><G83/><T85/><D85/><U27/><E27/><N who="0" m="10249" /><D58/><U33/><E33/><V43/><F35/><W135/><G135/><T22/><D22/><U72/><E72/><V67/><F67/><W69/><G69/><T75/><D75/><U49/><E120/><V12/><F88/><W18/><G18/><T89/><D89/><N who="1" m="51351" /><E44/><V51/><F12/><W102/><G102/><T59/><D59/><U122/><E122/><V86/><F86/><W37/><G37/><T14/><D14/><U115/><E115/><V31/><F31/><RYUUKYOKU ba="0,1" sc="250,0,250,0,250,0,240,0" hai0="41,47,52,54" hai1="9,10,21,24,28,48,49" hai2="8,11,42,43,50,51,53,62,63,80,81,105,107" hai3="2,6,36,40,45,55,56,61,77,78,96,98,99" /><INIT seed="0,1,1,2,2,10" ten="250,250,250,240" oya="0" hai0="104,120,80,116,44,130,97,36,127,27,50,20,21" hai1="125,39,31,124,71,30,56,65,51,9,1,66,8" hai2="2,25,3,16,75,133,22,59,37,61,62,99,34" hai3="134,70,5,14,98,91,109,107,89,105,54,95,7"/><T84/><D36/><U33/><E39/><V78/><F133/><W118/><G118/><T43/><D116/><U19/><E71/><V100/><F37/><W67/><G109/><T93/><D120/><U81/><E33/><V103/><F75/><W132/><G54/><T11/><D104/><U108/><E1/><V35/><F78/><W92/><G70/><T121/><D121/><U122/><E122/><V46/><F46/><W102/><G67/><T0/><D130/><U123/><E123/><V129/><F103/><W63/><G63/><T79/><D127/><U112/><E81/><V23/><F62/><W76/><G76/><T48/><D48/><U111/><E19/><V64/><F129/><W94/><G94/><T88/><REACH who="0" step="1"/><D27/><REACH who="0" ten="240,250,250,240" step="2"/><U72/><E51/><V90/><F3/><W38/><G38/><T77/><D77/><U131/><E131/><V45/><F2/><W29/><G107/><T114/><D114/><U32/><E112/><V110/><F110/><W69/><G105/><T42/><D42/><U117/><E117/><V115/><F115/><W55/><G134/><T60/><D60/><U82/><E124/><V126/><F126/><W49/><G132/><T73/><D73/><U24/><E125/><V12/><F61/><W6/><G49/><T17/><D17/><U96/><E111/><V53/><F16/><W4/><G69/><T119/><D119/><U26/><E72/><V13/><F25/><W41/><G41/><T106/><D106/><U28/><E108/><V18/><F18/><W52/><G55/><T47/><D47/><U15/><E26/><RYUUKYOKU ba="1,2" sc="240,30,250,-10,250,-10,240,-10" hai0="0,11,20,21,43,44,50,79,80,84,88,93,97" /><INIT seed="0,2,2,4,2,94" ten="270,240,240,230" oya="0" hai0="130,124,132,114,24,78,79,72,5,3,40,21,98" hai1="52,104,51,41,113,66,6,99,111,133,128,108,19" hai2="15,59,49,131,85,44,39,87,36,37,9,100,97" hai3="32,75,109,48,77,88,118,102,47,56,57,126,93"/><T135/><D40/><U107/><E41/><V121/><F121/><W63/><G118/><T95/><D114/><U127/><E113/><V14/><F131/><W17/><G32/><T61/><D130/><U96/><E128/><V7/><F59/><W16/><G109/><N who="1" m="42058" /><E127/><V30/><F30/><W43/><G126/><T42/><D42/><U12/><E6/><V0/><F49/><W110/><G110/><T20/><D124/><U84/><E84/><V38/><F44/><W62/><G102/><T119/><D119/><U70/><E133/><N who="0" m="51273" /><D61/><N who="1" m="40271" /><E107/><V122/><F122/><W92/><G92/><T73/><D5/><U67/><E104/><V23/><F39/><W86/><G77/><N who="0" m="29195" /><D3/><U18/><E67/><V101/><F101/><W125/><G75/><N who="0" m="28747" /><D24/><U90/><E90/><AGARI ba="2,2" hai="20,21,90,95,98" m="28747,29195,51273" machi="90" ten="30,2900,0" yaku="20,1,52,1" doraHai="94" who="0" fromWho="1" sc="270,55,240,-35,240,0,230,0" /><INIT seed="0,3,0,5,0,109" ten="325,205,240,230" oya="0" hai0="111,72,82,101,88,75,120,94,85,11,135,29,17" hai1="78,86,126,44,99,62,8,22,42,45,133,107,32" hai2="9,16,27,63,124,1,105,20,2,57,21,25,43" hai3="35,37,119,26,60,70,36,15,100,65,131,28,77"/><T24/><D75/><U61/><E32/><V40/><F124/><W80/><G119/><T58/><D120/><U73/><E126/><V132/><F132/><W41/><G131/><T49/><D135/><U53/><E133/><V117/><F105/><W46/><G15/><N who="0" m="7423" /><D72/><U129/><E73/><V74/><F74/><N who="3" m="43063" /><G100/><T34/><D34/><U12/><E129/><V112/><F112/><W110/><G110/><T87/><D111/><U92/><E107/><V71/><F71/><W13/><G13/><T91/><D101/><U38/><E22/><V84/><F117/><W55/><G55/><N who="0" m="32111" /><D24/><U30/><E30/><AGARI ba="3,0" hai="29,30,82,85,87,88,91,94" m="32111,7423" machi="30" ten="30,2900,0" yaku="8,1,54,1" doraHai="109" who="0" fromWho="1" sc="325,38,205,-38,240,0,230,0" /><INIT seed="0,4,0,4,1,24" ten="363,167,240,230" oya="0" hai0="78,54,93,25,48,117,84,5,27,40,34,115,125" hai1="10,3,66,76,105,42,26,71,50,97,70,99,30" hai2="79,43,118,38,112,1,132,134,100,74,90,91,89" hai3="128,2,33,14,0,61,31,32,116,45,22,126,56"/><T46/><D5/><U39/><E97/><V6/><F112/><W110/><G116/><T119/><D115/><U95/><E50/><V107/><F6/><W72/><G72/><T103/><D125/><U102/><E95/><V106/><F1/><W55/><G110/><T131/><D131/><U4/><E76/><V82/><F43/><W28/><G126/><T65/><D65/><U15/><E15/><V58/><F58/><W23/><G128/><T88/><D103/><U135/><E135/><N who="2" m="51755" /><F38/><W67/><G32/><T35/><D78/><U92/><E92/><V83/><F118/><W104/><G33/><T130/><D130/><U133/><E133/><V47/><F47/><W108/><G104/><N who="2" m="39977" /><F100/><W52/><G108/><T127/><D127/><U77/><E77/><N who="2" m="44343" /><F91/><W122/><G0/><T68/><D68/><U98/><E98/><V18/><F18/><N who="3" m="10583" /><G2/><T94/><D117/><U7/><E7/><V8/><F8/><W17/><G122/><T80/><D119/><U36/><E42/><V113/><F113/><W60/><G60/><T51/><D93/><U53/><E53/><N who="3" m="20554" /><G45/><T63/><D63/><N who="1" m="40287" /><E71/><V111/><F111/><W85/><G85/><AGARI ba="4,0" hai="79,83,85,89,90" m="44343,39977,51755" machi="85" ten="30,3900,0" yaku="20,1,34,2" doraHai="24" who="2" fromWho="3" sc="363,0,167,0,240,51,230,-51" /><INIT seed="1,0,0,3,2,59" ten="363,167,291,179" oya="1" hai0="39,116,44,13,99,41,97,103,77,74,82,109,134" hai1="85,35,54,5,50,76,114,93,19,33,92,68,26" hai2="20,94,53,73,108,52,29,15,11,133,18,43,106" hai3="0,135,83,90,4,40,7,113,66,75,55,96,10"/><U126/><E114/><V111/><F73/><W30/><G113/><T115/><D99/><U34/><E126/><V46/><F106/><W119/><G135/><T60/><D115/><U48/><E5/><V12/><F133/><W100/><G119/><T49/><D134/><U127/><E127/><V117/><F117/><W32/><G40/><T78/><D116/><U3/><E3/><V28/><F94/><W63/><G55/><N who="2" m="21065" /><F46/><W86/><G4/><T131/><D109/><N who="2" m="42058" /><F43/><W45/><G45/><T69/><D131/><U67/><E50/><V23/><F23/><W105/><G75/><T21/><D78/><U125/><E125/><V101/><F101/><W112/><G112/><T25/><D13/><U14/><E26/><V58/><F58/><W132/><G132/><T95/><D39/><U22/><E76/><V130/><F130/><W24/><REACH who="3" step="1"/><G66/><REACH who="3" ten="363,167,291,169" step="2"/><T123/><D41/><U79/><E67/><V107/><F107/><W17/><G17/><AGARI ba="0,1" hai="11,12,15,17,18,20,28,29" m="42058,21065" machi="17" ten="30,2000,0" yaku="14,1,54,1" doraHai="59" who="2" fromWho="3" sc="363,0,167,0,291,30,169,-20" /><INIT seed="2,0,0,5,3,0" ten="363,167,321,149" oya="2" hai0="93,105,21,78,17,29,128,119,88,58,115,24,14" hai1="65,59,92,95,16,56,20,28,25,46,67,98,85" hai2="110,111,132,103,108,77,66,50,11,76,114,5,79" hai3="91,81,70,62,8,87,117,26,7,1,32,73,13"/><V131/><F114/><W10/><G117/><T43/><D105/><U54/><E46/><V27/><F131/><W100/><G100/><T112/><D128/><U130/><E130/><V42/><F132/><W19/><G73/><T30/><D119/><U97/><E85/><V35/><F103/><W31/><G62/><T12/><D78/><U107/><E107/><V118/><F118/><W69/><REACH who="3" step="1"/><G10/><REACH who="3" ten="363,167,321,139" step="2"/><T34/><D115/><U89/><E28/><N who="2" m="19871" /><F66/><N who="1" m="25097" /><E54/><V127/><F127/><W74/><G74/><T113/><D30/><U125/><E125/><V57/><F42/><W48/><G48/><T80/><D43/><U33/><E33/><V120/><F120/><W2/><G2/><T51/><D29/><U52/><E52/><N who="2" m="31895" /><F79/><W109/><G109/><T6/><D34/><U126/><E126/><V3/><AGARI ba="0,1" hai="3,5,11,76,77,108,110,111" m="31895,19871" machi="3" ten="30,11700,0" yaku="14,1,10,1,52,1,54,1" doraHai="0" who="2" fromWho="2" sc="363,-39,167,-39,321,127,139,-39" /><INIT seed="2,1,0,3,0,110" ten="324,128,448,100" oya="2" hai0="125,46,112,47,86,17,14,94,62,127,57,84,133" hai1="10,90,88,91,54,89,43,23,56,67,81,4,39" hai2="124,32,26,108,22,64,41,114,105,15,93,103,50" hai3="92,132,111,6,11,104,36,33,75,102,73,97,29"/><V71/><F15/><W118/><G118/><T24/><D24/><U59/><E39/><V76/><F22/><W18/><G111/><T12/><D94/><U78/><E43/><V60/><F93/><W3/><G132/><T52/><D133/><U27/><E67/><V69/><F69/><W87/><G36/><T126/><D12/><U49/><E59/><V128/><F108/><W0/><G0/><T113/><D86/><U109/><E109/><V96/><F76/><W121/><G121/><T42/><D84/><U8/><N who="1" m="22528" /><DORA hai="74" /><U101/><E101/><V83/><F83/><W95/><G87/><T31/><D31/><U77/><E81/><V48/><F124/><W120/><G120/><T131/><D131/><U82/><E82/><V135/><F128/><W13/><G75/><T58/><D58/><U37/><E37/><V115/><F135/><W30/><G73/><T100/><D100/><U116/><E116/><V123/><F123/><W80/><G80/><T38/><D47/><U45/><E45/><N who="2" m="25647" /><F50/><W5/><G5/><T35/><D35/><U55/><E55/><V40/><F40/><W107/><G30/><AGARI ba="1,0" hai="26,30,32,60,64,71,96,103,105,114,115" m="25647" machi="30" ten="30,5800,0" yaku="25,1,52,2" doraHai="110,74" who="2" fromWho="3" sc="324,0,128,0,448,61,100,-61" /><INIT seed="2,2,0,0,5,91" ten="324,128,509,39" oya="2" hai0="4,124,72,82,34,70,15,10,106,79,89,11,55" hai1="8,109,112,93,128,111,5,65,18,99,47,67,3" hai2="36,27,73,119,122,120,50,19,1,48,117,12,100" hai3="23,58,20,75,94,110,29,2,59,21,45,31,80"/><V0/><F27/><W129/><G2/><T14/><D34/><U81/><E112/><V108/><F12/><W68/><G68/><T105/><D124/><U95/><E128/><V60/><F100/><W97/><G110/><N who="1" m="41994" /><E99/><V39/><F108/><W64/><G129/><T61/><D89/><U49/><E81/><V78/><F78/><W83/><G45/><T28/><D28/><U24/><E24/><V46/><F46/><W77/><G83/><T96/><D96/><U113/><E18/><V76/><F76/><W26/><G64/><N who="1" m="24650" /><E113/><V127/><F19/><W123/><G123/><T6/><D70/><U40/><AGARI ba="2,0" hai="3,5,8,40,47,49,93,95" m="24650,41994" machi="40" ten="30,4000,0" yaku="14,1,52,2" doraHai="91" who="1" fromWho="1" sc="324,-12,128,46,509,-22,39,-12" /><INIT seed="3,0,0,2,5,21" ten="312,174,487,27" oya="3" hai0="98,92,9,97,62,34,84,60,29,59,20,50,56" hai1="91,126,107,76,68,116,133,119,57,72,88,36,73" hai2="120,105,51,64,81,99,132,4,3,69,38,52,63" hai3="43,127,33,109,39,14,94,71,10,32,78,12,54"/><W122/><G122/><T47/><D34/><U113/><E68/><V18/><F120/><W67/><G127/><T83/><D9/><U0/><E36/><V110/><F110/><W86/><G109/><T66/><D92/><U27/><E0/><V37/><F132/><W80/><G39/><T28/><D28/><U123/><E123/><V46/><F3/><W55/><G43/><N who="0" m="24959" /><D20/><U40/><E126/><V103/><F4/><W100/><G71/><T61/><D29/><U125/><E125/><V11/><F81/><W82/><G67/><N who="0" m="39303" /><D62/><U17/><E107/><V24/><F11/><W112/><G112/><T15/><D15/><U41/><E113/><V19/><F19/><W79/><G94/><T128/><D128/><U135/><E57/><V7/><F7/><W5/><G100/><T23/><D23/><N who="1" m="13807" /><E41/><V129/><F129/><W30/><G12/><T58/><D58/><U95/><E40/><V130/><F130/><W2/><G2/><T53/><D53/><U75/><E76/><AGARI ba="0,0" hai="59,61,66,76,83,84,97,98" m="39303,24959" machi="76" ten="30,1000,0" yaku="8,1" doraHai="21" who="0" fromWho="1" sc="312,10,174,-10,487,0,27,0" owari="322,12.2,164,-23.6,487,58.7,27,-47.3" /></mjloggm>