<mjloggm ver="2.3"><GO type="225" lobby="0"/><UN n0="%E5%AE%AE%E4%BF%9D%E9%B6%8F%E8%82%89" n1="%E8%90%BD%E6%97%A5" n2="%E6%9C%AA%E6%9D%A5%E5%B0%91%E5%B9%B4" n3="%6D%75%75%6D%75%72%61" dan="16,19,16,16" rate="2147.80,2243.58,2178.51,2128.47" sx="M,F,M,F"/><TAIKYOKU oya="0"/><INIT seed="0,0,0,5,0,116" ten="250,250,250,250" oya="0" hai0="84,99,127,19,85,111,62,89,104,9,59,93,67" hai1="98,117,26,80,42,113,15,128,14,108,118,121,41" hai2="77,21,125,71,0,75,73,16,43,109,46,28,61" hai3="34,81,103,40,18,6,106,129,44,88,114,35,124"/><T7/><D127/><U60/><E108/><V58/><F0/><W68/><G114/><T115/><D115/><U120/><E113/><V66/><F109/><W24/><G68/><T45/><D111/><U56/><E128/><V4/><F125/><W86/><G124/><T53/><D104/><U102/><E26/><V95/><F28/><W119/><G119/><T49/><REACH who="0" step="1"/><D19/><REACH who="0" ten="240,250,250,250" step="2"/><U5/><E117/><V3/><F16/><W65/><G18/><T130/><D130/><U69/><E118/><V74/><F74/><W83/><G129/><T17/><D17/><U32/><E5/><V132/><F73/><W57/><G6/><T70/><D70/><U110/><E69/><V37/><F75/><W133/><G106/><T105/><D105/><U87/><E110/><V126/><F71/><W27/><G133/><T31/><D31/><U90/><E15/><AGARI ba="0,1" hai="7,9,15,45,49,53,59,62,67,84,85,89,93,99" machi="15" ten="30,5800,0" yaku="1,1,7,1,8,1,53,0" doraHai="116" doraHaiUra="33" who="0" fromWho="1" sc="240,68,250,-58,250,0,250,0" /><INIT seed="0,1,0,0,5,85" ten="308,192,250,250" oya="0" hai0="24,59,3,127,18,69,68,78,28,33,93,21,5" hai1="13,23,88,49,116,119,14,105,104,132,103,97,55" hai2="70,112,107,38,6,64,67,96,126,9,12,44,121" hai3="32,43,133,36,17,114,71,81,91,66,34,120,30"/><T77/><D127/><U92/><E132/><V98/><F121/><W10/><G114/><T50/><D69/><U8/><E105/><V122/><F112/><W86/><G133/><T106/><D106/><U27/><E8/><V89/><F122/><W26/><G120/><T99/><D68/><U57/><E14/><V76/><F126/><W35/><G36/><T29/><D29/><U25/><E13/><V129/><F129/><W108/><G43/><T60/><D50/><U63/><E49/><V125/><F125/><W65/><G108/><T39/><D39/><U87/><REACH who="1" step="1"/><E27/><REACH who="1" ten="308,182,250,250" step="2"/><V84/><F107/><W52/><G10/><T111/><D24/><U72/><E72/><V73/><F73/><W0/><G26/><T7/><D111/><U115/><E115/><V130/><F38/><W31/><G0/><T100/><D3/><U48/><E48/><V118/><F12/><W110/><G110/><T46/><D5/><U58/><E58/><V41/><F6/><W40/><G71/><T16/><D7/><U90/><E90/><V102/><F9/><W1/><G1/><T4/><D4/><U2/><E2/><V37/><F89/><W20/><G40/><T80/><D59/><U109/><E109/><V56/><F56/><W135/><G135/><T47/><D47/><U82/><E82/><N who="2" m="47175" /><F44/><W19/><G91/><T62/><D46/><U75/><E75/><V53/><F70/><W83/><G83/><T42/><D42/><U101/><E101/><V61/><F102/><W95/><G81/><T123/><D123/><U22/><E22/><V54/><F41/><RYUUKYOKU ba="1,1" sc="308,-10,182,30,250,-10,250,-10" hai1="23,25,55,57,63,87,88,92,97,103,104,116,119" /><INIT seed="1,2,1,0,2,123" ten="298,212,240,240" oya="1" hai0="67,47,105,111,18,87,30,28,72,49,97,43,103" hai1="58,52,107,83,26,100,96,98,64,125,132,79,94" hai2="99,86,59,29,45,77,133,33,16,41,92,27,4" hai3="13,50,122,71,118,12,62,75,11,88,34,32,55"/><U128/><E128/><V17/><F133/><W76/><G122/><T51/><D72/><U78/><E132/><V60/><F4/><W69/><G76/><T3/><D3/><U110/><E125/><V5/><F5/><W129/><G75/><T48/><D111/><U15/><E64/><V38/><F86/><W95/><G129/><T82/><D67/><U37/><E37/><V113/><F77/><W90/><G118/><T25/><D18/><U114/><E114/><V93/><F93/><W2/><G2/><T134/><D134/><U70/><E70/><V74/><F74/><W54/><G95/><T126/><D126/><U102/><E110/><V73/><F73/><W19/><G62/><T0/><D0/><U63/><E83/><V44/><F44/><W9/><G19/><T8/><D8/><U130/><E130/><V124/><F113/><W53/><G53/><T127/><D127/><U115/><E115/><V23/><F33/><W57/><G57/><T68/><D68/><U135/><E135/><V117/><F117/><W35/><G32/><T109/><D109/><U89/><E102/><V1/><F1/><W42/><G50/><T112/><D112/><U22/><REACH who="1" step="1"/><E15/><REACH who="1" ten="298,202,240,240" step="2"/><V46/><F124/><W116/><G116/><T21/><D82/><U40/><E40/><AGARI ba="2,2" hai="9,11,12,13,34,35,40,42,54,55,69,71,88,90" machi="40" ten="25,3200,0" yaku="22,2,54,1" doraHai="123" who="3" fromWho="1" sc="298,0,202,-38,240,0,240,58" /><INIT seed="2,0,0,3,3,128" ten="298,164,240,298" oya="2" hai0="66,81,90,111,16,82,116,127,52,39,59,134,83" hai1="92,13,105,15,87,49,51,17,63,19,74,65,22" hai2="67,112,131,129,120,85,84,8,0,46,53,78,97" hai3="14,118,1,68,6,61,114,54,107,115,43,64,35"/><V37/><F112/><W12/><G118/><T28/><D134/><U71/><E74/><V98/><F120/><W23/><G35/><T109/><D39/><U2/><E2/><V125/><F125/><W121/><G121/><T106/><D116/><U26/><E105/><V122/><F122/><W100/><G43/><T60/><D127/><U58/><E71/><V123/><F123/><W101/><G1/><T99/><D28/><U76/><E26/><V4/><F67/><W48/><G107/><T36/><D36/><U45/><E45/><V50/><F37/><W80/><G80/><T5/><D5/><U108/><E108/><N who="0" m="41545" /><D16/><U24/><E24/><V126/><F126/><W86/><G86/><N who="2" m="33385" /><F78/><W104/><G104/><T29/><D29/><U130/><E130/><AGARI ba="0,0" hai="0,4,8,46,50,53,97,98,129,130,131" m="33385" machi="130" ten="30,1500,0" yaku="19,1" doraHai="128" who="2" fromWho="1" sc="298,0,164,-15,240,15,298,0" /><INIT seed="2,1,0,2,0,84" ten="298,149,255,298" oya="2" hai0="16,120,86,63,107,58,121,42,102,49,82,3,90" hai1="109,69,7,105,66,71,95,59,116,8,10,78,53" hai2="45,115,43,60,85,56,79,46,101,97,32,61,113" hai3="112,2,27,44,5,128,41,19,103,1,111,96,15"/><V114/><F32/><W40/><G111/><T108/><D108/><U55/><E109/><V122/><F122/><W94/><G128/><T11/><D107/><U91/><E105/><V73/><F73/><W37/><G112/><T13/><D102/><U68/><E116/><V36/><F46/><W70/><G70/><T21/><D3/><U22/><E78/><V126/><F126/><W83/><G41/><T25/><D49/><U110/><E110/><V80/><REACH who="2" step="1"/><F56/><REACH who="2" ten="298,149,245,298" step="2"/><W76/><G44/><T81/><D42/><U117/><E117/><V134/><F134/><W29/><G40/><T47/><D47/><U35/><E35/><V127/><F127/><W17/><G37/><T131/><D131/><U9/><E7/><V14/><F14/><W6/><G15/><T51/><D121/><U57/><E57/><V48/><F48/><W118/><G118/><T104/><D120/><U132/><E132/><V28/><F28/><W77/><G29/><T75/><D75/><U88/><E22/><V129/><F129/><W39/><G5/><T119/><D119/><U74/><E74/><V20/><F20/><W135/><G6/><N who="0" m="3319" /><D51/><U31/><E31/><V24/><F24/><W0/><G27/><T87/><D58/><U4/><E4/><V123/><F123/><W62/><G135/><T92/><D63/><U12/><E12/><V125/><F125/><W93/><G62/><T124/><D124/><U30/><E30/><V65/><F65/><W98/><G2/><T89/><D104/><AGARI ba="1,1" hai="36,43,45,60,61,79,80,85,97,101,104,113,114,115" machi="104" ten="40,3900,0" yaku="1,1,53,1" doraHai="84" doraHaiUra="38" who="2" fromWho="0" sc="298,-42,149,0,245,52,298,0" /><INIT seed="2,2,0,0,5,58" ten="256,149,297,298" oya="2" hai0="30,121,13,35,134,62,39,8,46,56,50,12,22" hai1="102,17,6,128,116,104,111,68,127,48,40,76,42" hai2="81,11,41,130,87,34,29,113,16,2,74,118,126" hai3="28,115,97,14,93,103,107,53,112,131,36,37,9"/><V96/><F113/><N who="3" m="43595" /><G131/><T100/><D121/><U32/><E116/><V4/><F118/><W92/><G28/><T61/><D39/><N who="3" m="14921" /><G53/><T75/><D75/><U26/><E111/><V114/><F114/><W18/><AGARI ba="2,0" hai="9,14,18,92,93,97,103,107" m="14921,43595" machi="18" ten="30,1100,0" yaku="11,1" doraHai="58" who="3" fromWho="3" sc="256,-5,149,-5,297,-7,298,17" /><INIT seed="3,0,0,4,3,96" ten="251,144,290,315" oya="3" hai0="34,70,12,90,30,44,112,43,77,36,19,25,24" hai1="80,10,107,68,58,95,106,60,35,89,61,18,22" hai2="118,38,82,49,45,4,93,67,92,63,102,135,40" hai3="48,116,50,125,85,79,108,71,31,66,73,98,41"/><W122/><G122/><T100/><D70/><U81/><E35/><V46/><F118/><W115/><G73/><T131/><D131/><U109/><E109/><V47/><F135/><W7/><G115/><T51/><D112/><U76/><E68/><V111/><F111/><W0/><G108/><T128/><D128/><U56/><E10/><V101/><F4/><W91/><G116/><T104/><D77/><U9/><E9/><V74/><F74/><W119/><G79/><T120/><D120/><U103/><E76/><V121/><F82/><W39/><G125/><T75/><D75/><U62/><E106/><V27/><F27/><W23/><G119/><T78/><D25/><U26/><E107/><V83/><F83/><W133/><G39/><T86/><D78/><U110/><E110/><V105/><F121/><W42/><G98/><T124/><D124/><U97/><REACH who="1" step="1"/><E80/><REACH who="1" ten="251,134,290,315" step="2"/><V134/><F105/><W32/><G71/><T54/><D104/><U17/><E17/><V126/><F126/><W130/><G32/><T52/><D19/><U123/><E123/><V88/><F134/><W113/><G133/><T59/><D34/><U3/><E3/><V53/><F92/><W15/><G0/><T13/><D30/><U69/><E69/><V72/><F72/><W55/><G130/><T33/><D33/><U8/><E8/><V127/><F127/><W64/><G113/><T29/><D29/><U87/><AGARI ba="0,1" hai="18,22,26,56,58,60,61,62,81,87,89,95,97,103" machi="87" ten="30,7900,0" yaku="1,1,0,1,8,1,52,1,53,0" doraHai="96" doraHaiUra="129" who="1" fromWho="1" sc="251,-20,134,89,290,-20,315,-39" /><INIT seed="4,0,0,1,0,114" ten="231,223,270,276" oya="0" hai0="129,34,66,92,106,131,104,118,79,135,67,6,21" hai1="2,121,1,37,85,80,57,98,24,31,53,101,40" hai2="70,91,111,29,69,78,125,55,3,130,89,99,97" hai3="41,54,122,49,115,50,132,83,0,15,112,46,90"/><T86/><D34/><U71/><E71/><V43/><F43/><W20/><G0/><T12/><D135/><U87/><E121/><V4/><F111/><W26/><G132/><T72/><D72/><U103/><E40/><V75/><F125/><W119/><G122/><T8/><D118/><U33/><E37/><V51/><F130/><N who="0" m="49674" /><D21/><U100/><E98/><V108/><F108/><W42/><G15/><T117/><D117/><U5/><E5/><V102/><F29/><W52/><G119/><T14/><D14/><U93/><E93/><V23/><F23/><W76/><G90/><N who="0" m="53335" /><D79/><U120/><E120/><V32/><F32/><W124/><G124/><T95/><D95/><U62/><REACH who="1" step="1"/><E87/><REACH who="1" ten="231,213,270,276" step="2"/><V38/><F97/><W68/><G68/><T110/><D110/><U47/><E47/><V61/><F70/><W81/><G112/><T74/><D74/><U9/><E9/><V77/><F75/><W17/><G115/><T109/><D109/><U30/><E30/><V18/><F69/><W64/><G41/><T44/><D44/><U84/><E84/><V133/><F38/><W58/><G42/><T25/><D106/><U123/><E123/><V27/><F133/><W60/><G81/><T19/><D104/><U48/><E48/><N who="3" m="18538" /><G46/><T126/><D126/><U82/><E82/><V11/><F51/><W22/><G83/><T59/><D59/><U94/><E94/><V10/><F10/><W39/><G39/><T56/><D56/><U113/><E113/><V63/><F99/><W13/><G76/><AGARI ba="0,1" hai="1,2,24,31,33,53,57,62,76,80,85,100,101,103" machi="76" ten="40,2600,0" yaku="1,1,53,1" doraHai="114" doraHaiUra="73" who="1" fromWho="3" sc="231,0,213,36,270,0,276,-26" /><INIT seed="5,0,0,4,0,29" ten="231,249,270,250" oya="1" hai0="102,63,57,118,62,5,36,104,24,76,124,42,106" hai1="4,35,135,49,52,44,59,17,2,120,61,81,38" hai2="45,51,32,89,111,116,67,64,69,23,97,48,77" hai3="88,115,10,117,55,33,93,85,6,73,101,31,20"/><U75/><E120/><V112/><F111/><W25/><G73/><T8/><D118/><U99/><E135/><V39/><F116/><W127/><G117/><T47/><D124/><U28/><E17/><V71/><F32/><W15/><G127/><T30/><D76/><U103/><E38/><V58/><F77/><W80/><G115/><T14/><D102/><U9/><E75/><V66/><F23/><W82/><G101/><T122/><D122/><U98/><E81/><V121/><F89/><W54/><G33/><T41/><D41/><U95/><E99/><V7/><F97/><W91/><G82/><T108/><D108/><U40/><E35/><V133/><F7/><W74/><G74/><T100/><D100/><U109/><REACH who="1" step="1"/><E28/><REACH who="1" ten="231,239,270,250" step="2"/><V18/><F121/><W84/><AGARI ba="0,1" hai="6,10,15,20,25,31,54,55,80,84,85,88,91,93" machi="84" ten="20,5200,0" yaku="0,1,7,1,8,1,54,1" doraHai="29" who="3" fromWho="3" sc="231,-13,239,-26,270,-13,250,62" owari="218,-18.2,213,-28.7,257,5.7,312,41.2" /></mjloggm>