<mjloggm ver="2.3"><GO type="225" lobby="0"/><UN n0="%E5%A4%9C%E5%85%89%E5%A4%A9%E6%A5%BC" n1="%E3%83%81%E3%83%AF%E3%83%AF%E9%9A%8A%E9%95%B7" n2="%E3%81%AF%E3%82%88%E3%81%8A%E3%81%98%E3%81%95%E3%82%93" n3="%E3%81%BF%E3%81%BF%E3%81%9A" dan="17,16,17,18" rate="2166.98,2154.54,2170.96,2257.15" sx="M,M,M,M"/><TAIKYOKU oya="0"/><INIT seed="0,0,0,2,0,64" ten="250,250,250,250" oya="0" hai0="10,119,87,36,94,123,76,57,48,2,111,3,62" hai1="108,17,54,117,73,65,130,12,110,75,45,91,42" hai2="126,79,86,67,34,40,88,32,11,135,84,16,35" hai3="18,114,5,20,49,13,80,133,31,33,25,58,74"/><T82/><BYE who="1" /><D119/><UN n1="%E3%83%81%E3%83%AF%E3%83%AF%E9%9A%8A%E9%95%B7" /><U53/><E117/><V128/><F126/><W56/><G114/><T125/><D123/><U68/><E130/><V109/><F128/><W97/><G133/><T95/><D36/><U55/><E91/><V121/><F121/><W107/><G49/><T81/><D125/><U69/><E65/><V71/><F135/><W23/><G107/><T131/><D131/><U83/><E83/><V27/><F109/><N who="1" m="42089" /><E75/><V105/><F105/><W129/><G97/><T46/><D3/><U39/><E73/><V61/><F40/><W50/><G129/><T4/><D82/><U72/><E72/><V52/><F52/><N who="1" m="13313" /><U51/><DORA hai="9" /><E39/><V124/><F124/><W113/><G113/><T101/><D101/><U127/><E127/><V93/><F79/><W30/><G50/><T100/><D100/><U122/><E122/><V22/><REACH who="2" step="1"/><F11/><AGARI ba="0,0" hai="11,12,17,42,45,51,68,69" m="13313,42089" machi="11" ten="40,8000,1" yaku="14,1,52,3,54,1" doraHai="64,9" who="1" fromWho="2" sc="250,0,250,80,250,-80,250,0" /><INIT seed="1,0,0,0,4,120" ten="250,330,170,250" oya="1" hai0="91,90,73,4,27,14,19,42,3,13,63,58,76" hai1="23,0,109,64,11,126,35,7,94,84,104,117,75" hai2="44,118,79,30,48,65,132,74,112,22,34,124,70" hai3="78,36,95,50,80,18,110,106,116,89,41,33,16"/><U26/><E104/><V92/><F118/><W123/><G123/><T68/><D3/><U5/><E75/><V38/><F34/><W66/><G106/><T9/><D68/><U131/><E117/><V85/><F38/><W121/><G33/><T15/><D42/><U101/><E35/><V53/><F124/><W103/><G36/><T114/><D114/><U39/><E39/><V45/><F112/><W83/><G116/><T87/><D73/><U8/><E126/><V115/><F115/><W69/><G121/><T134/><D134/><U67/><E131/><V86/><F132/><W49/><G103/><T96/><D27/><U43/><E43/><V55/><F74/><W133/><G133/><T57/><D96/><U71/><E71/><V105/><F105/><W127/><G69/><T32/><D32/><U12/><E101/><V10/><F10/><W119/><G66/><T29/><D29/><U61/><E61/><V77/><F70/><W51/><G41/><T54/><D58/><U60/><E60/><V129/><F65/><W99/><G127/><T130/><D130/><U37/><E37/><V72/><F129/><W113/><G113/><T98/><D76/><N who="2" m="29258" /><F72/><N who="3" m="43079" /><G83/><N who="0" m="49535" /><D4/><U97/><E7/><V128/><F128/><W122/><G122/><T1/><D1/><U25/><E0/><V107/><F107/><W81/><G119/><T135/><D135/><U28/><E5/><V88/><F86/><W56/><G81/><T59/><D59/><U40/><E84/><V93/><F92/><AGARI ba="0,0" hai="9,13,14,15,19,54,57,63,91,92,98" m="49535" machi="92" ten="30,1000,0" yaku="8,1" doraHai="120" who="0" fromWho="2" sc="250,10,330,0,170,-10,250,0" /><INIT seed="2,0,0,4,0,128" ten="260,330,160,250" oya="2" hai0="98,68,87,28,65,23,60,44,71,89,0,130,17" hai1="45,116,35,21,61,4,95,2,30,133,86,113,134" hai2="101,109,24,110,53,32,115,105,106,15,49,31,51" hai3="111,50,13,82,3,54,56,80,6,88,94,27,112"/><V131/><F115/><W42/><G111/><N who="2" m="42505" /><F131/><W66/><G112/><T76/><D130/><U1/><E113/><V52/><F101/><W63/><G3/><T9/><D76/><U104/><E104/><N who="2" m="40043" /><F15/><W126/><G42/><T121/><D0/><U97/><E116/><V69/><F69/><W73/><G73/><T8/><D71/><U135/><E1/><V81/><F81/><W36/><G36/><T84/><D68/><U92/><E2/><V75/><F75/><W85/><G126/><T117/><D117/><U55/><E95/><V67/><F67/><W19/><G27/><T5/><D65/><U107/><E107/><V7/><F7/><W100/><G6/><T78/><D5/><U123/><E4/><V90/><F90/><W41/><G41/><T99/><D89/><U114/><E114/><V10/><F10/><N who="3" m="6583" /><G100/><T93/><D9/><U34/><E92/><V40/><F49/><W39/><G39/><T57/><D93/><U118/><E118/><V26/><F24/><W47/><AGARI ba="0,0" hai="47,50,54,56,63,66,80,82,85,88,94" m="6583" machi="47" ten="30,2000,0" yaku="8,1,54,1" doraHai="128" who="3" fromWho="3" sc="260,-5,330,-5,160,-10,250,20" /><INIT seed="3,0,0,2,1,14" ten="255,325,150,270" oya="3" hai0="60,109,58,70,49,71,8,31,44,115,46,96,20" hai1="78,19,134,76,132,27,15,93,50,81,102,0,24" hai2="80,7,82,38,89,126,129,118,6,110,127,108,97" hai3="53,98,116,56,103,99,18,12,101,100,111,66,64"/><W35/><G116/><T65/><D109/><N who="2" m="42090" /><F38/><W9/><G35/><T133/><D115/><U48/><E0/><V17/><F6/><W69/><G69/><T42/><D133/><N who="1" m="51307" /><E102/><V130/><F7/><W22/><G111/><T105/><D8/><N who="1" m="6631" /><E93/><N who="2" m="56495" /><F17/><W113/><G113/><T11/><D11/><U33/><E76/><V51/><F51/><N who="1" m="19497" /><E33/><V23/><F23/><W117/><G117/><T92/><D105/><U104/><E104/><V16/><F16/><N who="3" m="8207" /><G53/><T95/><D46/><U47/><E47/><V90/><F118/><W122/><G122/><T114/><D114/><U52/><E52/><V36/><F36/><W55/><G55/><T26/><REACH who="0" step="1"/><D95/><REACH who="0" ten="245,325,150,270" step="2"/><U57/><E57/><V73/><F73/><AGARI ba="0,1" hai="24,27,73,78,81" m="19497,6631,51307" machi="73" ten="30,2000,0" yaku="20,1,52,1" doraHai="14" who="1" fromWho="2" sc="245,0,325,30,150,-20,270,0" owari="245,-15.5,355,45.5,130,-37.0,270,7.0" /></mjloggm>