<mjloggm ver="2.3"><GO type="225" lobby="0"/><UN n0="%E6%A1%9C%E8%8A%B1%E9%96%83%E3%80%85" n1="%43%68%65" n2="%E9%80%9F%E6%B0%B4%E5%87%9B%E9%A6%99" n3="%30%2E%31%32%30" dan="18,16,16,16" rate="2225.84,2157.21,2064.68,2084.23" sx="M,M,F,M"/><TAIKYOKU oya="0"/><INIT seed="0,0,0,0,5,82" ten="250,250,250,250" oya="0" hai0="30,103,27,10,70,17,76,58,57,55,92,106,47" hai1="66,28,7,86,26,113,60,18,134,59,81,117,129" hai2="46,15,79,97,107,41,125,130,33,19,23,77,64" hai3="131,95,110,68,2,114,50,42,6,44,3,94,88"/><T51/><D106/><U74/><E117/><V124/><F33/><W99/><G114/><T133/><D70/><U132/><E113/><V122/><F64/><W123/><G123/><T39/><D133/><N who="1" m="51307" /><E129/><V56/><F56/><W24/><G110/><T83/><D39/><U121/><E7/><V78/><F122/><W25/><G131/><T12/><D92/><U65/><E18/><V5/><F5/><W16/><G68/><T75/><REACH who="0" step="1"/><D103/><REACH who="0" ten="240,250,250,250" step="2"/><U32/><E121/><V102/><REACH who="2" step="1"/><F130/><REACH who="2" ten="240,250,240,250" step="2"/><W127/><G99/><T101/><D101/><U128/><E128/><V45/><F45/><W87/><G44/><T48/><D48/><AGARI ba="0,2" hai="15,19,23,41,46,48,77,78,79,97,102,107,124,125" machi="48" ten="40,2600,0" yaku="1,1,53,1" doraHai="82" doraHaiUra="96" who="2" fromWho="0" sc="240,-26,250,0,240,46,250,0" /><INIT seed="1,0,0,3,1,5" ten="214,250,286,250" oya="1" hai0="2,29,46,116,3,16,36,45,108,128,44,106,80" hai1="18,66,132,110,122,0,53,28,103,126,10,31,87" hai2="23,47,4,98,131,96,64,40,75,79,70,62,1" hai3="84,27,130,42,52,21,35,37,26,41,73,99,109"/><U22/><E122/><V82/><F131/><W56/><G73/><T72/><D116/><U55/><E132/><V135/><F135/><W85/><G130/><T93/><D106/><U113/><E113/><V95/><F23/><W39/><G109/><T124/><D36/><U9/><E126/><V94/><F94/><W20/><G99/><T17/><D128/><U30/><E110/><V129/><F129/><W115/><G56/><T19/><D108/><U58/><E103/><V100/><F95/><W65/><G65/><T59/><D124/><U61/><E87/><V133/><F100/><W71/><G35/><T97/><D59/><N who="1" m="37183" /><E0/><V54/><F54/><N who="1" m="20489" /><E58/><V24/><F24/><AGARI ba="0,0" hai="9,10,18,22,24,28,30,31" m="20489,37183" machi="24" ten="30,5800,0" yaku="8,1,52,2" doraHai="5" who="1" fromWho="2" sc="214,0,250,58,286,-58,250,0" /><INIT seed="1,1,0,4,3,121" ten="214,308,228,250" oya="1" hai0="57,116,82,79,70,108,19,54,130,102,115,69,114" hai1="43,106,63,49,64,123,46,13,87,103,95,98,135" hai2="21,16,94,111,74,48,55,93,36,61,65,40,23" hai3="127,134,45,81,68,27,110,32,51,25,50,76,72"/><U97/><E123/><V133/><F74/><W71/><G127/><T10/><D116/><U84/><E135/><V118/><F133/><W3/><G134/><T17/><D102/><U7/><E7/><V18/><F118/><W77/><G3/><T125/><D125/><U8/><E13/><V131/><F131/><W85/><G85/><T26/><D130/><U59/><REACH who="1" step="1"/><E8/><REACH who="1" ten="214,298,228,250" step="2"/><V75/><F75/><W66/><G72/><T112/><D10/><U132/><E132/><V109/><F36/><W60/><G25/><T6/><D6/><U4/><E4/><V124/><F124/><W80/><G27/><T12/><D26/><U35/><E35/><V47/><F40/><W1/><G32/><T33/><D33/><U31/><E31/><V37/><F37/><W20/><G20/><T88/><D12/><U90/><AGARI ba="1,1" hai="43,46,49,59,63,64,84,87,90,95,97,98,103,106" machi="90" ten="20,7800,0" yaku="1,1,0,1,7,1,53,1" doraHai="121" doraHaiUra="100" who="1" fromWho="1" sc="214,-27,298,91,228,-27,250,-27" /><INIT seed="1,2,0,2,0,25" ten="187,389,201,223" oya="1" hai0="96,22,82,67,46,41,70,90,117,95,65,48,118" hai1="40,72,86,120,74,92,105,134,5,124,126,103,62" hai2="38,32,128,98,49,81,97,2,15,102,79,121,88" hai3="29,17,91,44,87,107,93,10,6,59,135,16,125"/><U24/><E40/><V34/><F38/><W114/><G135/><T30/><D70/><U115/><E5/><V45/><F2/><W8/><G125/><N who="1" m="48234" /><E62/><V76/><F121/><W12/><G114/><T28/><D22/><U112/><E24/><V119/><F128/><W101/><G59/><T39/><D39/><U131/><E131/><V116/><F116/><W104/><G101/><T31/><REACH who="0" step="1"/><D82/><REACH who="0" ten="177,389,201,223" step="2"/><U0/><E134/><V56/><F34/><W61/><G10/><T54/><D54/><U129/><E129/><V51/><F32/><W35/><G35/><T42/><D42/><U13/><E112/><V36/><F81/><W11/><G11/><T63/><D63/><U53/><E53/><V23/><F36/><W109/><G8/><T7/><D7/><U110/><E115/><V108/><F23/><W4/><G6/><T111/><D111/><U123/><E110/><V80/><F108/><W127/><G4/><T68/><D68/><U26/><E120/><V14/><F80/><W133/><G109/><T50/><D50/><U89/><E123/><V84/><F51/><W27/><G127/><T33/><D33/><U100/><E0/><V122/><F49/><W47/><G133/><T58/><D58/><U73/><E13/><V75/><F122/><W37/><G37/><T130/><D130/><U69/><E69/><V78/><F14/><W66/><G61/><T3/><D3/><U64/><E64/><AGARI ba="2,1" hai="28,30,31,41,46,48,64,65,67,90,95,96,117,118" machi="64" ten="40,8000,1" yaku="1,1,52,3,53,0" doraHai="25" doraHaiUra="1" who="0" fromWho="1" sc="177,96,389,-86,201,0,223,0" /><INIT seed="2,0,0,3,3,105" ten="273,303,201,223" oya="2" hai0="110,91,120,83,109,70,68,87,135,13,69,56,3" hai1="60,104,7,112,73,53,78,25,79,126,28,64,27" hai2="130,39,80,76,67,129,22,107,0,35,49,38,95" hai3="47,108,65,44,46,19,14,34,90,131,8,123,4"/><V102/><F107/><W12/><G123/><T1/><D120/><U30/><E112/><V85/><F35/><W43/><G34/><T61/><D13/><U100/><E53/><V33/><F33/><W32/><G32/><T111/><REACH who="0" step="1"/><D135/><REACH who="0" ten="263,303,201,223" step="2"/><U42/><E27/><V82/><F0/><W89/><G12/><T127/><D127/><U9/><E25/><V97/><F130/><W11/><G131/><T15/><D15/><U20/><E126/><V6/><F129/><W23/><G14/><T5/><D5/><U66/><E7/><V88/><F6/><W37/><G4/><T101/><D101/><U17/><E100/><V117/><F117/><W128/><G128/><T124/><D124/><U52/><E9/><V103/><F103/><W75/><G8/><T119/><D119/><U58/><E104/><V16/><F67/><AGARI ba="0,1" hai="1,3,56,61,67,68,69,70,83,87,91,109,110,111" machi="67" ten="50,3200,0" yaku="1,1,14,1,53,0" doraHai="105" doraHaiUra="31" who="0" fromWho="2" sc="263,42,303,0,201,-32,223,0" /><INIT seed="3,0,0,3,0,70" ten="305,303,169,223" oya="3" hai0="43,33,45,55,102,103,75,135,113,23,82,28,126" hai1="74,121,62,30,40,59,105,22,107,91,21,56,133" hai2="109,119,111,123,31,0,48,35,85,112,57,49,95" hai3="87,114,9,86,4,131,58,65,51,99,89,16,80"/><W76/><G131/><T117/><D33/><U108/><E121/><V19/><F0/><W26/><G114/><T52/><D117/><U101/><E74/><V71/><F71/><W13/><G99/><T5/><D113/><U44/><E108/><V81/><F112/><W46/><G65/><T7/><D126/><U36/><E133/><V60/><F119/><W53/><G26/><N who="0" m="16479" /><D75/><U63/><E91/><V29/><F123/><W64/><G64/><T93/><D82/><U118/><E118/><V61/><F95/><W25/><G25/><T127/><D127/><U47/><E40/><V6/><F6/><N who="0" m="2058" /><D135/><U130/><E36/><V115/><F115/><W96/><G96/><N who="0" m="59663" /><D103/><U97/><E97/><V90/><F35/><W20/><G4/><T17/><D17/><U88/><E101/><V10/><F19/><W128/><G128/><T3/><D3/><U78/><E130/><V69/><F69/><W14/><G14/><T72/><D72/><U83/><E83/><V122/><F122/><W73/><G73/><T66/><D66/><U84/><E30/><V41/><F10/><W132/><G132/><T1/><D1/><U125/><E125/><V2/><F2/><W110/><G110/><T77/><D77/><U32/><E32/><V11/><F11/><W129/><G129/><T134/><D134/><U124/><E124/><V67/><F111/><W27/><G27/><T8/><D8/><U42/><E78/><V50/><F109/><W94/><G9/><T92/><D92/><U18/><E107/><V79/><F79/><W39/><G39/><T34/><D34/><RYUUKYOKU ba="0,0" sc="305,15,303,-15,169,-15,223,15" hai0="43,45,52,55" hai3="13,16,20,46,51,53,58,76,80,86,87,89,94" /><INIT seed="3,1,0,2,3,8" ten="320,288,154,238" oya="3" hai0="91,31,1,104,53,74,82,98,43,130,106,105,27" hai1="87,39,5,46,6,12,20,85,118,111,7,109,60" hai2="2,37,134,15,83,76,64,114,128,36,54,113,30" hai3="21,123,33,89,84,129,110,120,17,47,45,99,50"/><W72/><G33/><T48/><D1/><U11/><E118/><V132/><F30/><W0/><G0/><T119/><D43/><N who="1" m="22911" /><E60/><V81/><F2/><W117/><G72/><T125/><D119/><U127/><E20/><V28/><F28/><W63/><G117/><T14/><D125/><U40/><E40/><V102/><F64/><W3/><G3/><T67/><D14/><N who="1" m="5487" /><E7/><V26/><F26/><W59/><G129/><T65/><D130/><U19/><E6/><V94/><F128/><W78/><G78/><T108/><D98/><U58/><E58/><V75/><F54/><W90/><G99/><T124/><D91/><U16/><E127/><V70/><F70/><W18/><G110/><N who="1" m="41994" /><E12/><V34/><F34/><W23/><G59/><T101/><D124/><U10/><E10/><V29/><F29/><W133/><G63/><T97/><D31/><U9/><E9/><V52/><F52/><W73/><G73/><T88/><D27/><U61/><E61/><V44/><F44/><W122/><G122/><T93/><D108/><U69/><E69/><V112/><F15/><W57/><G57/><N who="0" m="32935" /><D74/><U121/><E121/><V35/><F35/><W135/><REACH who="3" step="1"/><G84/><AGARI ba="1,0" hai="16,19,84,85,87" m="41994,5487,22911" machi="84" ten="30,3900,0" yaku="14,1,52,1,54,1" doraHai="8" who="1" fromWho="3" sc="320,0,288,42,154,0,238,-42" owari="320,12.0,330,43.0,154,-34.6,196,-20.4" /></mjloggm>