<mjloggm ver="2.3"><GO type="225" lobby="0"/><UN n0="%6B%79%6F%6E%6B%6F%31%31" n1="%E6%B8%A9%E2%98%85%E6%83%85%E2%98%85%E6%8E%AA%E2%98%85%E7%BD%AE" n2="%E4%BF%BA%E3%81%A8%E5%A6%96%E5%A4%A2" n3="%E5%B6%BA%E4%B8%8A%E5%92%B2" dan="16,17,16,16" rate="2145.01,2147.54,2139.34,2096.18" sx="M,M,F,F"/><TAIKYOKU oya="0"/><INIT seed="0,0,0,0,4,65" ten="250,250,250,250" oya="0" hai0="48,15,109,27,34,96,58,7,9,36,98,31,33" hai1="1,132,22,25,38,121,67,89,70,10,104,125,42" hai2="18,116,94,134,111,11,69,133,126,63,44,3,108" hai3="54,103,124,66,128,90,82,50,99,95,51,87,37"/><T46/><D34/><U5/><E121/><V106/><F106/><W129/><G37/><T62/><D36/><U72/><E132/><N who="2" m="50795" /><F126/><W123/><G124/><T120/><D120/><U28/><E125/><V102/><F116/><W112/><G112/><T26/><D26/><U43/><E104/><V16/><F44/><W2/><G2/><T71/><D109/><N who="2" m="42058" /><F3/><W131/><G123/><T115/><D115/><U47/><E43/><V92/><F102/><W110/><G110/><T86/><D86/><U53/><E53/><V107/><F107/><W17/><G66/><T100/><D100/><U114/><E114/><V49/><F49/><W55/><G17/><N who="2" m="6761" /><F11/><W24/><G24/><T32/><D32/><U57/><E10/><V41/><F41/><W93/><G93/><T84/><D46/><U118/><E1/><V61/><F69/><W6/><G6/><T79/><D48/><AGARI ba="0,0" hai="48,50,51,54,55,82,87,90,95,99,103,128,129,131" machi="48" ten="40,1300,0" yaku="19,1" doraHai="65" who="3" fromWho="0" sc="250,-13,250,0,250,0,250,13" /><INIT seed="1,0,0,3,1,26" ten="237,250,250,263" oya="1" hai0="99,58,91,131,6,110,70,65,87,80,13,90,134" hai1="73,122,104,62,85,51,32,10,92,127,119,96,4" hai2="69,18,9,94,76,23,30,102,106,2,25,38,113" hai3="66,15,40,100,19,135,27,116,121,81,86,124,52"/><U34/><E122/><V47/><F106/><W37/><G121/><T12/><D70/><U95/><E119/><V67/><F113/><W129/><G129/><T11/><D131/><U103/><E73/><V83/><F67/><W1/><G135/><T16/><D134/><U41/><E127/><V75/><F69/><W33/><G1/><T45/><D110/><U42/><E62/><V64/><F64/><W77/><G124/><T46/><D91/><U115/><E115/><V53/><F53/><W22/><G66/><T36/><D99/><U5/><E5/><N who="2" m="1207" /><F94/><W68/><G68/><T21/><REACH who="0" step="1"/><D36/><REACH who="0" ten="227,250,250,263" step="2"/><U74/><E96/><V111/><F111/><W63/><G116/><T28/><D28/><U54/><E103/><V93/><F102/><W17/><G100/><T59/><D59/><U123/><E123/><V112/><F112/><W44/><G33/><T20/><D20/><U120/><E34/><V109/><F109/><W84/><G84/><T128/><D128/><U35/><E35/><V14/><F30/><W108/><G108/><T3/><D3/><U55/><E85/><V8/><F38/><W114/><G114/><T117/><D117/><U82/><E120/><V133/><F133/><W29/><REACH who="3" step="1"/><G15/><REACH who="3" ten="227,250,250,253" step="2"/><T98/><D98/><U118/><E118/><V125/><F125/><W61/><G61/><AGARI ba="0,2" hai="6,11,12,13,16,21,45,46,58,61,65,80,87,90" machi="61" ten="40,5200,0" yaku="1,1,8,1,54,1,53,0" doraHai="26" doraHaiUra="49" who="0" fromWho="3" sc="227,72,250,0,250,0,253,-52" /><INIT seed="2,0,0,4,1,58" ten="299,250,250,201" oya="2" hai0="106,24,134,86,23,94,35,121,117,77,105,59,93" hai1="68,135,29,33,80,104,32,45,60,111,37,51,48" hai2="61,110,46,109,133,108,69,43,26,36,67,96,4" hai3="41,116,73,91,15,90,52,50,76,98,53,27,3"/><V99/><F133/><W92/><G3/><T5/><D121/><U84/><E104/><V16/><F4/><W10/><G116/><T70/><D70/><U122/><E135/><V42/><F42/><W102/><G27/><T1/><D35/><U81/><E122/><V129/><F129/><W34/><G34/><T12/><D1/><U7/><E37/><V130/><F130/><W82/><G41/><T49/><D106/><U9/><E111/><V0/><F0/><W83/><G83/><N who="0" m="47471" /><D105/><U64/><E81/><V88/><F88/><W17/><REACH who="3" step="1"/><G53/><REACH who="3" ten="299,250,250,191" step="2"/><N who="0" m="32175" /><D117/><U127/><E33/><V55/><F55/><W101/><G101/><T18/><D134/><U31/><E32/><V71/><F71/><W47/><AGARI ba="0,1" hai="10,15,17,47,50,52,73,76,82,90,91,92,98,102" machi="47" ten="20,5200,0" yaku="1,1,0,1,7,1,54,1,53,0" doraHai="58" doraHaiUra="66" who="3" fromWho="3" sc="299,-13,250,-13,250,-26,191,62" /><INIT seed="3,0,0,0,2,103" ten="286,237,224,253" oya="3" hai0="53,125,37,112,96,123,43,35,65,131,82,45,72" hai1="17,74,21,49,101,130,134,95,64,15,7,8,119" hai2="77,128,84,116,24,54,12,133,106,102,73,63,79" hai3="11,10,22,117,32,109,27,38,115,105,89,80,69"/><W90/><G38/><T31/><D123/><U61/><E134/><V88/><F116/><W20/><G69/><T40/><D65/><U108/><E119/><V114/><F114/><W30/><G115/><T93/><D43/><U99/><E108/><V92/><F133/><W33/><G117/><T126/><D112/><U25/><E130/><V56/><F128/><W121/><G121/><T5/><D5/><U55/><E74/><V26/><F12/><W50/><G105/><T19/><D19/><U91/><E101/><V83/><F77/><W4/><G109/><T39/><D131/><U36/><E36/><V29/><F29/><W75/><G33/><T87/><D53/><U58/><REACH who="1" step="1"/><E64/><REACH who="1" ten="286,227,224,253" step="2"/><V60/><F60/><AGARI ba="0,1" hai="7,8,15,17,21,25,49,55,58,60,61,91,95,99" machi="60" ten="40,8000,1" yaku="1,1,2,1,8,1,53,1" doraHai="103" doraHaiUra="52" who="1" fromWho="2" sc="286,0,227,90,224,-80,253,0" owari="286,8.6,317,41.7,144,-35.6,253,-14.7" /></mjloggm>