<mjloggm ver="2.3"><GO type="225" lobby="0"/><UN n0="%E3%81%82%E3%81%99%E3%81%AB%E3%82%83%E3%82%80" n1="%E3%81%AF%E3%82%88%E3%81%8A%E3%81%98%E3%81%95%E3%82%93" n2="%E3%81%BF%E3%81%BF%E3%81%9A" n3="%6D%79%6D%65%6C%6F%58%58" dan="16,17,17,16" rate="2132.49,2185.13,2261.61,2133.28" sx="F,M,M,F"/><TAIKYOKU oya="0"/><INIT seed="0,0,0,2,5,128" ten="250,250,250,250" oya="0" hai0="92,63,113,121,50,79,76,117,59,66,45,130,80" hai1="62,85,11,5,119,35,31,15,41,132,88,51,4" hai2="116,3,43,111,129,54,124,114,73,58,70,100,56" hai3="94,84,78,126,109,107,21,34,39,9,46,74,61"/><T103/><D130/><U10/><E119/><V52/><F129/><W28/><G34/><T33/><D117/><U17/><E132/><V135/><F73/><W12/><G107/><T64/><D113/><U112/><E112/><V55/><F3/><W83/><G109/><T93/><D33/><U101/><E101/><V42/><F114/><W81/><G61/><T48/><D121/><U95/><E35/><V125/><F116/><W89/><G126/><N who="2" m="48745" /><F100/><W47/><G39/><T134/><D134/><U105/><E105/><V98/><F98/><W16/><REACH who="3" step="1"/><G94/><REACH who="3" ten="250,250,250,240" step="2"/><T131/><D131/><U22/><E62/><V20/><F135/><W127/><G127/><T68/><D63/><U7/><E31/><V75/><F111/><W108/><G108/><T19/><D92/><U37/><E37/><V120/><F120/><W8/><G8/><T49/><D93/><U1/><E1/><V53/><F70/><W122/><G122/><T69/><D68/><U18/><E10/><V102/><F20/><W86/><G86/><T65/><D69/><U40/><REACH who="1" step="1"/><E51/><REACH who="1" ten="250,240,250,240" step="2"/><N who="2" m="30751" /><F102/><W82/><G82/><T44/><D80/><U6/><N who="1" m="1024" /><DORA hai="38" /><U2/><E2/><V104/><F104/><W29/><G29/><T25/><D103/><U110/><E110/><V36/><F36/><W118/><G118/><T72/><D48/><U96/><E96/><V115/><F115/><W123/><G123/><T0/><D49/><U14/><AGARI ba="0,2" hai="11,14,15,17,18,22,40,41,85,88,95" m="1024" machi="14" ten="40,12000,2" yaku="1,1,0,1,8,1,52,2,54,1,53,0" doraHai="128,38" doraHaiUra="106,60" who="1" fromWho="1" sc="250,-60,240,140,250,-30,240,-30" /><INIT seed="1,0,0,3,4,115" ten="190,380,220,210" oya="1" hai0="66,71,62,76,64,13,39,53,4,12,37,98,134" hai1="63,135,73,114,72,78,106,81,120,93,132,15,67" hai2="90,57,91,85,34,68,83,79,24,69,30,28,14" hai3="8,122,116,45,80,113,22,87,128,84,35,33,25"/><U40/><E106/><V124/><F124/><W112/><G122/><T61/><D134/><U55/><E114/><V59/><F14/><W58/><G128/><T118/><D76/><U43/><E120/><V0/><F0/><W105/><G105/><T130/><D130/><U129/><E72/><V75/><F90/><W97/><G97/><T104/><D4/><U54/><E129/><V117/><F117/><W52/><G45/><T51/><D118/><U5/><E93/><V65/><F30/><W41/><G41/><T89/><D39/><U133/><E5/><V86/><F75/><W19/><G116/><T121/><D37/><U32/><E32/><V50/><F59/><W127/><G127/><T99/><D99/><U88/><E15/><V36/><F36/><W10/><G113/><T44/><D121/><U107/><E107/><V82/><F50/><W27/><G87/><T18/><D18/><U3/><E88/><V56/><F56/><W31/><G35/><T20/><D20/><U125/><E3/><V110/><F110/><W92/><G92/><T23/><D23/><U102/><E102/><V16/><F16/><W119/><G119/><T47/><D89/><U49/><E125/><V46/><F46/><W74/><G74/><T111/><D47/><N who="1" m="25831" /><E43/><V2/><F2/><W77/><REACH who="3" step="1"/><G112/><REACH who="3" ten="190,380,220,200" step="2"/><T9/><D104/><U38/><E38/><V42/><F42/><W94/><G94/><T11/><D98/><U103/><E103/><V70/><F65/><W96/><G96/><T1/><D64/><U126/><E126/><V48/><F48/><AGARI ba="0,1" hai="8,10,19,22,25,27,31,33,48,52,58,77,80,84" machi="48" ten="30,3900,0" yaku="1,1,7,1,54,1,53,0" doraHai="115" doraHaiUra="95" who="3" fromWho="2" sc="190,0,380,0,220,-39,200,49" /><INIT seed="2,0,0,1,1,51" ten="190,380,181,249" oya="2" hai0="8,39,60,98,122,16,78,13,25,124,40,135,75" hai1="32,94,3,66,54,81,70,15,91,49,68,107,111" hai2="104,113,17,84,34,20,53,86,97,80,63,95,14" hai3="57,96,43,47,45,129,11,72,73,65,41,116,1"/><V106/><F113/><W123/><G116/><T71/><D122/><U103/><E3/><V18/><F34/><W55/><G65/><T115/><D115/><U69/><E32/><V130/><F130/><W127/><G123/><T35/><D135/><U128/><E128/><V42/><F42/><W64/><G64/><T85/><D124/><U37/><E37/><V52/><F106/><W0/><G129/><T10/><D75/><U134/><E134/><V7/><F104/><W105/><G105/><T99/><D8/><U88/><E111/><V76/><F7/><W36/><G96/><T119/><D119/><U102/><E66/><V92/><F63/><W26/><G26/><T29/><D60/><U5/><E81/><N who="2" m="47143" /><F17/><W77/><G127/><T27/><D71/><U31/><E31/><V33/><F33/><W83/><G11/><T131/><D131/><U56/><E107/><V120/><F120/><W100/><G100/><T46/><REACH who="0" step="1"/><D27/><REACH who="0" ten="180,380,181,249" step="2"/><U121/><E121/><V59/><F59/><W125/><G73/><T101/><D101/><U24/><E56/><V82/><F82/><AGARI ba="0,1" hai="10,13,16,25,29,35,39,40,46,78,82,85,98,99" machi="82" ten="40,2600,0" yaku="1,1,54,1,53,0" doraHai="51" doraHaiUra="118" who="0" fromWho="2" sc="180,36,380,0,181,-26,249,0" /><INIT seed="3,0,0,1,3,21" ten="216,380,155,249" oya="3" hai0="7,66,122,51,102,14,39,82,23,94,120,3,98" hai1="2,36,37,41,80,31,131,87,84,54,30,83,135" hai2="77,16,32,78,85,118,97,6,59,96,26,128,62" hai3="70,99,57,69,129,1,124,63,100,22,110,46,88"/><W89/><G1/><T58/><D39/><U113/><E2/><V67/><F118/><W50/><G124/><T5/><D3/><U18/><E113/><V34/><F128/><W126/><G126/><T38/><D38/><U108/><E131/><V90/><F6/><W95/><G129/><T103/><D103/><U60/><E108/><V13/><F34/><W53/><G110/><T29/><D82/><U92/><E135/><V109/><F109/><W73/><G73/><T75/><D75/><U130/><E92/><V115/><F115/><W71/><REACH who="3" step="1"/><G22/><REACH who="3" ten="216,380,155,239" step="2"/><T111/><D111/><U9/><E130/><V123/><F123/><W24/><G24/><T10/><D120/><U125/><E125/><V4/><F32/><W56/><G56/><T81/><D23/><U47/><E30/><V43/><F43/><AGARI ba="0,1" hai="43,46,50,53,57,63,69,70,71,88,89,95,99,100" machi="43" ten="40,3900,0" yaku="1,1,54,1,53,0" doraHai="21" doraHaiUra="17" who="3" fromWho="2" sc="216,0,380,0,155,-39,239,49" /><INIT seed="3,1,0,0,0,86" ten="216,380,116,288" oya="3" hai0="127,72,80,134,84,17,112,12,110,124,39,104,74" hai1="96,50,6,111,89,128,88,61,118,14,32,5,23" hai2="30,99,18,120,45,16,76,81,27,130,40,91,78" hai3="93,64,57,126,25,75,2,37,15,119,68,100,85"/><W11/><G75/><T4/><D110/><U114/><E32/><V52/><F130/><W38/><G68/><T49/><D39/><U28/><E114/><V3/><F3/><W115/><G115/><T10/><D104/><U44/><E111/><V33/><F120/><W92/><G2/><T77/><D112/><U83/><E128/><V103/><F78/><W9/><G119/><T117/><D117/><U31/><E118/><V35/><F35/><W98/><G11/><T133/><D49/><U73/><E61/><V0/><F0/><W46/><G46/><T125/><REACH who="0" step="1"/><D4/><REACH who="0" ten="206,380,116,288" step="2"/><U55/><E50/><V82/><F82/><W87/><G38/><T26/><D26/><U24/><E24/><V56/><F40/><W1/><G37/><T53/><D53/><U116/><E55/><V65/><F65/><W101/><G25/><T58/><D58/><U36/><E5/><V63/><F45/><W135/><G135/><AGARI ba="1,1" hai="10,12,17,72,74,77,80,84,124,125,127,133,134,135" machi="135" ten="50,6400,0" yaku="1,1,18,1,20,1,53,0" doraHai="86" doraHaiUra="62" who="0" fromWho="3" sc="206,77,380,0,116,0,288,-67" owari="283,8.3,380,48.0,116,-38.4,221,-17.9" /></mjloggm>