<mjloggm ver="2.3"><GO type="225" lobby="0"/><UN n0="%72%69%6F%75%63%68%61%6E" n1="%E3%81%8B%E3%82%8F%E3%81%A1%E3%82%83%E3%82%93%35%38" n2="%45%6C%79%73%69%75%6D" n3="%68%6F%72%69%30%39%30%31" dan="16,16,17,16" rate="2151.86,2130.72,2082.22,2052.75" sx="M,M,F,M"/><TAIKYOKU oya="0"/><INIT seed="0,0,0,3,3,23" ten="250,250,250,250" oya="0" hai0="131,92,67,74,61,112,49,71,72,21,127,107,6" hai1="87,50,88,64,53,108,47,93,109,99,114,52,117" hai2="1,7,42,62,10,31,3,95,28,83,2,80,32" hai3="97,124,73,29,14,26,103,102,120,19,113,78,51"/><T37/><D112/><U13/><E117/><V119/><F119/><W110/><G113/><T39/><D107/><U58/><E114/><V11/><F42/><W48/><G110/><N who="1" m="42602" /><E13/><V134/><F134/><W126/><G120/><T115/><D115/><U36/><E36/><V122/><F122/><W68/><G68/><T89/><D127/><N who="3" m="48681" /><G78/><T106/><D106/><U35/><E35/><V118/><F118/><W12/><G73/><T98/><D131/><U85/><E64/><V33/><F62/><AGARI ba="0,0" hai="47,50,52,53,58,62,85,87,88,93,99" m="42602" machi="62" ten="30,3900,0" yaku="14,1,54,2" doraHai="23" who="1" fromWho="2" sc="250,0,250,39,250,-39,250,0" /><INIT seed="1,0,0,5,4,92" ten="250,289,211,250" oya="1" hai0="19,84,65,112,130,38,86,127,97,90,34,120,71" hai1="133,47,114,27,44,98,87,41,105,132,49,93,117" hai2="102,106,40,55,35,94,4,103,12,128,30,80,124" hai3="21,101,56,95,104,45,75,63,79,118,60,13,70"/><U77/><E114/><V3/><F128/><W9/><G104/><T76/><D112/><U48/><E117/><V111/><F111/><W100/><G70/><T1/><D1/><U78/><E105/><V29/><F124/><W66/><G118/><T39/><D34/><U108/><E108/><V7/><F106/><W8/><G45/><T32/><D32/><U15/><E27/><V67/><F67/><W115/><G115/><T82/><D130/><U17/><E87/><V91/><F40/><W18/><G101/><T81/><D127/><U113/><E113/><V89/><F3/><W22/><G22/><T88/><D120/><U125/><E125/><V59/><F35/><W53/><G79/><T14/><D65/><U122/><E122/><V74/><F74/><W24/><G75/><T99/><D71/><U85/><E85/><N who="2" m="50343" /><F103/><W6/><G8/><T51/><D51/><U43/><E133/><V134/><F102/><W5/><G5/><N who="2" m="2121" /><F12/><W10/><G6/><T68/><D68/><U109/><E132/><V83/><F83/><W96/><G13/><T121/><D121/><U33/><E33/><V37/><F37/><W57/><AGARI ba="0,0" hai="9,10,18,21,24,53,56,57,60,63,66,95,96,100" machi="57" ten="20,5200,0" yaku="0,1,7,1,8,1,52,1" doraHai="92" who="3" fromWho="3" sc="250,-13,289,-26,211,-13,250,52" /><INIT seed="2,0,0,1,1,116" ten="237,263,198,302" oya="2" hai0="48,81,87,20,7,58,24,57,60,104,2,129,13" hai1="122,109,78,25,64,33,85,107,89,56,28,131,84" hai2="0,16,41,18,34,97,4,26,22,90,29,59,67" hai3="98,44,83,134,71,111,39,63,49,106,88,40,113"/><V132/><F132/><W127/><G134/><T133/><D129/><U119/><E107/><V112/><F112/><W96/><G111/><T6/><D133/><U93/><E119/><V52/><F41/><W115/><G127/><T130/><D130/><U54/><E131/><V72/><F67/><N who="3" m="41471" /><G39/><T62/><D104/><U51/><E109/><V14/><F72/><W117/><G117/><T66/><D48/><U105/><E105/><V65/><F65/><W118/><G118/><T11/><D2/><U74/><E64/><V82/><F0/><W1/><G1/><T32/><D32/><U110/><E110/><V23/><F4/><W37/><G106/><T35/><D35/><U135/><E135/><V12/><F97/><W80/><G37/><T100/><D100/><U21/><E74/><V9/><F82/><N who="3" m="31275" /><G88/><N who="0" m="51311" /><D6/><U17/><E78/><V99/><F99/><W19/><G19/><N who="0" m="12319" /><D60/><U128/><E128/><V126/><F126/><W73/><G73/><T69/><D69/><U3/><E3/><V38/><F38/><W102/><G102/><T30/><D57/><U31/><E85/><V94/><F90/><W43/><G43/><T79/><D79/><U47/><E56/><V42/><F42/><W45/><G45/><T53/><D66/><U50/><E50/><N who="2" m="31127" /><F34/><W10/><G113/><T91/><D91/><U121/><REACH who="1" step="1"/><E33/><REACH who="1" ten="237,253,198,302" step="2"/><V76/><F76/><W77/><G77/><T123/><D123/><AGARI ba="0,1" hai="17,21,25,28,31,47,51,54,84,89,93,121,122,123" machi="123" ten="40,12000,2" yaku="1,1,2,1,13,1,52,3,53,0" doraHai="116" doraHaiUra="125" who="1" fromWho="0" sc="237,-120,253,130,198,0,302,0" /><INIT seed="3,0,0,3,2,10" ten="117,383,198,302" oya="3" hai0="97,32,134,46,26,126,76,55,121,106,122,25,68" hai1="44,39,8,33,61,132,29,113,83,108,13,109,12" hai2="85,16,80,86,31,62,15,102,74,87,1,129,58" hai3="81,14,117,3,41,37,107,19,40,35,45,120,28"/><W88/><G117/><T70/><D126/><U92/><E113/><V36/><F1/><W27/><G120/><T115/><D115/><U114/><E114/><V82/><F36/><W84/><G107/><T79/><D134/><U49/><E39/><V56/><F129/><W60/><G41/><T22/><D32/><U130/><E130/><V93/><F31/><W133/><G133/><T75/><D106/><U78/><E132/><V63/><F74/><W18/><G3/><T123/><D97/><U30/><E92/><V103/><F93/><W53/><REACH who="3" step="1"/><G14/><REACH who="3" ten="117,383,198,292" step="2"/><T66/><D75/><N who="1" m="43487" /><E13/><V110/><F15/><W91/><G91/><T89/><D89/><U11/><E11/><V2/><F2/><W48/><G48/><N who="0" m="29079" /><D123/><U9/><E9/><V125/><F125/><W7/><G7/><T90/><D90/><U47/><E61/><V127/><F127/><W5/><G5/><T20/><D121/><U34/><E34/><V69/><F62/><W23/><G23/><N who="0" m="8747" /><D122/><U119/><E119/><V98/><F63/><W77/><G77/><N who="0" m="29771" /><D68/><U57/><E33/><V124/><F69/><W71/><G71/><T94/><D70/><U50/><E50/><V95/><F124/><W24/><G24/><N who="0" m="9323" /><D66/><U96/><E12/><V38/><F38/><W65/><G65/><T118/><D118/><U72/><E8/><V64/><F64/><W116/><G116/><T51/><D51/><U128/><E49/><V59/><F103/><W0/><G0/><T104/><D104/><U111/><E72/><V52/><F102/><W54/><G54/><T100/><D100/><U73/><E73/><RYUUKYOKU ba="0,1" sc="117,15,383,-15,198,-15,292,15" hai0="94" hai3="18,19,27,28,35,37,40,45,53,60,81,84,88" /><INIT seed="3,1,1,0,5,38" ten="132,368,183,307" oya="3" hai0="43,96,124,104,50,29,123,62,28,81,76,116,13" hai1="72,47,30,119,34,129,108,16,70,26,130,49,18" hai2="35,58,19,24,57,106,86,40,46,102,65,79,52" hai3="75,97,115,42,22,37,101,5,128,83,7,32,59"/><W36/><G115/><T1/><D116/><U121/><E121/><V8/><F106/><W39/><G32/><T131/><D123/><U44/><E72/><V77/><F102/><W61/><G128/><N who="1" m="49258" /><E108/><V64/><F35/><W126/><G126/><T9/><D124/><U125/><E125/><V20/><F8/><W33/><G33/><T93/><D131/><U23/><E70/><V51/><F58/><W135/><G135/><T112/><D112/><U53/><E119/><V41/><F86/><W98/><G22/><T133/><D133/><U134/><E134/><V87/><F87/><W74/><G42/><N who="2" m="16489" /><F46/><N who="1" m="17449" /><E34/><V2/><F2/><W84/><G75/><T90/><D1/><U68/><E68/><V111/><F111/><W3/><G74/><T10/><D104/><U60/><E60/><V114/><F114/><W0/><G61/><T54/><D62/><U127/><E127/><V31/><F31/><W12/><G59/><AGARI ba="1,1" hai="16,18,23,26,30,49,53,59" m="17449,49258" machi="59" ten="30,2000,0" yaku="19,1,54,1" doraHai="38" who="1" fromWho="3" sc="132,0,368,33,183,0,307,-23" owari="132,-36.8,401,50.1,183,-21.7,284,8.4" /></mjloggm>