<mjloggm ver="2.3"><GO type="225" lobby="0"/><UN n0="%E8%B6%85%E7%B4%9A%E9%B3%B3%E5%87%B0" n1="%E3%81%82%E3%81%99%E3%81%AB%E3%82%83%E3%82%80" n2="%E3%81%BE%E3%81%A8%E3%81%9F" n3="%E7%99%BD%E6%97%A5%E9%9B%AA%E8%8F%9C" dan="16,16,16,16" rate="2147.58,2109.84,2116.55,2122.63" sx="M,F,M,M"/><TAIKYOKU oya="0"/><INIT seed="0,0,0,0,5,62" ten="250,250,250,250" oya="0" hai0="127,72,132,48,6,57,81,84,94,96,98,111,46" hai1="74,60,26,56,34,135,85,35,17,44,15,110,49" hai2="61,58,21,30,77,80,63,129,101,28,116,10,82" hai3="52,107,91,79,11,9,0,130,121,105,38,112,68"/><T32/><D32/><U23/><E74/><V108/><F116/><W73/><G112/><T123/><D123/><U27/><E110/><V106/><F129/><W19/><G68/><T18/><D127/><U115/><E135/><V128/><F128/><W7/><G38/><T70/><D70/><U131/><E131/><V120/><F120/><W45/><G130/><T20/><D132/><U100/><E100/><V103/><F106/><W12/><G121/><T134/><D72/><U14/><E115/><V31/><F21/><W104/><G91/><T3/><D134/><U133/><E85/><V54/><F108/><W42/><G42/><T69/><D69/><U24/><E14/><V53/><F10/><W124/><G124/><T90/><D111/><U51/><E133/><V40/><F40/><W8/><G9/><N who="0" m="2271" /><D81/><N who="2" m="31338" /><F77/><W16/><G79/><T75/><D75/><U41/><REACH who="1" step="1"/><E49/><REACH who="1" ten="250,240,250,250" step="2"/><V36/><F36/><W65/><G73/><T126/><D126/><U113/><E113/><V87/><F87/><W86/><G86/><T119/><D119/><U5/><E5/><V43/><F103/><W76/><G7/><T93/><D84/><U4/><E4/><V2/><F101/><W50/><G12/><T33/><D90/><U13/><E13/><V125/><F125/><W39/><G39/><T92/><D48/><U1/><E1/><V66/><F2/><W88/><G50/><T67/><D98/><U109/><E109/><V117/><F117/><W29/><G0/><T47/><D96/><U89/><E89/><V59/><F43/><W25/><G88/><T78/><D78/><RYUUKYOKU ba="0,1" sc="250,-15,240,15,250,15,250,-15" hai1="15,17,23,24,26,27,34,35,41,44,51,56,60" hai2="28,30,31,53,54,58,59,61,63,66" /><INIT seed="1,1,1,4,4,64" ten="235,255,265,235" oya="1" hai0="112,95,135,47,23,121,17,108,68,15,35,53,57" hai1="85,122,41,3,105,32,97,52,10,7,1,71,99" hai2="111,75,27,72,67,37,98,16,25,56,84,89,77" hai3="94,58,69,115,131,125,60,126,62,92,63,54,100"/><U81/><E32/><V82/><F37/><W124/><G115/><T18/><D112/><U12/><E122/><V6/><F6/><W45/><G131/><T86/><D35/><U66/><E41/><V65/><F111/><W9/><G100/><T113/><D113/><U50/><E105/><V36/><F36/><W134/><G134/><T123/><D108/><U19/><E66/><V21/><F75/><W96/><G9/><T2/><D2/><U119/><E71/><V104/><F27/><W132/><G132/><T118/><D135/><U83/><E83/><V133/><F56/><W59/><G45/><T128/><D118/><U31/><E31/><V76/><F76/><W88/><G94/><T79/><D128/><U48/><E48/><V30/><F30/><W55/><G69/><T13/><D68/><U5/><E119/><V80/><F133/><W8/><REACH who="3" step="1"/><G8/><REACH who="3" ten="235,255,265,225" step="2"/><N who="0" m="6311" /><D47/><N who="1" m="27743" /><E1/><V20/><F20/><W11/><G11/><T49/><D79/><N who="1" m="46271" /><E3/><V51/><F77/><W116/><G116/><T117/><D117/><U22/><E22/><V110/><F21/><W87/><G87/><T43/><D43/><U44/><E44/><V73/><F84/><W34/><G34/><T46/><D46/><U114/><E114/><V24/><F110/><W4/><G4/><AGARI ba="1,2" hai="4,5,7,10,12,19,97,99" m="46271,27743" machi="4" ten="30,2900,0" yaku="8,1,54,1" doraHai="64" who="1" fromWho="3" sc="235,0,255,52,265,0,225,-32" /><INIT seed="1,2,0,4,1,51" ten="235,307,265,193" oya="1" hai0="122,4,56,103,2,132,114,116,48,55,70,79,123" hai1="19,36,98,86,110,99,62,23,12,126,115,108,74" hai2="46,97,14,124,25,83,29,22,100,69,91,39,60" hai3="31,0,104,64,21,68,76,118,30,27,89,81,94"/><U33/><E74/><V17/><F124/><W67/><G104/><T18/><D114/><U87/><E115/><V35/><F39/><W82/><G0/><T15/><D116/><U106/><E36/><V61/><F46/><W13/><G118/><T107/><D70/><U71/><E33/><V11/><F69/><W96/><G31/><T20/><D132/><U16/><E19/><V133/><F133/><W112/><G112/><T130/><D130/><U10/><E10/><V59/><F35/><W127/><G127/><T128/><D128/><U63/><E126/><V95/><F83/><W72/><G68/><T58/><D79/><U6/><E6/><V26/><F26/><W49/><G81/><T125/><D125/><U24/><E24/><V77/><F77/><W47/><REACH who="3" step="1"/><G13/><REACH who="3" ten="235,307,265,183" step="2"/><T43/><D2/><U105/><E106/><V111/><F111/><N who="1" m="42537" /><E105/><V50/><F100/><W134/><G134/><T42/><D107/><U28/><E28/><V73/><F73/><W9/><G9/><T37/><D103/><U1/><E1/><V53/><AGARI ba="2,1" hai="11,14,17,22,25,29,50,53,59,60,61,91,95,97" machi="53" ten="30,4000,0" yaku="0,1,8,1,52,1" doraHai="51" who="2" fromWho="2" sc="235,-12,307,-22,265,56,183,-12" /><INIT seed="2,0,0,3,0,100" ten="223,285,321,171" oya="2" hai0="43,60,42,99,101,83,61,11,50,34,9,48,73" hai1="67,95,20,62,110,124,35,1,111,38,16,65,75" hai2="53,132,70,31,55,44,69,41,58,130,135,32,87" hai3="49,56,116,125,22,78,8,98,52,127,6,76,113"/><V112/><F112/><W118/><G113/><T74/><D101/><U30/><E75/><V68/><F32/><W3/><G22/><T14/><D14/><U46/><E1/><V84/><F31/><W47/><G98/><T104/><D99/><U71/><E67/><V10/><F10/><W88/><G47/><T77/><D83/><U59/><E124/><V36/><F130/><W40/><G40/><T45/><D45/><U109/><E95/><V90/><F84/><W26/><G26/><T23/><D23/><U5/><E5/><V121/><F121/><W128/><G128/><T19/><D19/><U25/><E38/><V85/><F87/><W131/><G131/><T115/><D115/><U66/><E46/><V15/><F15/><W117/><REACH who="3" step="1"/><G88/><REACH who="3" ten="223,285,321,161" step="2"/><T123/><D123/><U119/><E35/><V106/><F41/><W81/><G81/><T57/><D34/><U27/><E27/><V97/><F44/><W28/><G28/><T133/><D43/><U80/><E80/><V33/><F97/><W93/><G93/><T24/><D42/><U103/><E30/><V4/><F33/><W126/><AGARI ba="0,1" hai="3,6,8,49,52,56,76,78,116,117,118,125,126,127" machi="126" ten="40,8000,1" yaku="1,1,0,1,18,1,54,1,53,0" doraHai="100" doraHaiUra="39" who="3" fromWho="3" sc="223,-20,285,-20,321,-40,161,90" /><INIT seed="3,0,0,5,0,20" ten="203,265,281,251" oya="3" hai0="26,6,40,35,34,105,116,123,5,106,52,60,110" hai1="63,10,131,70,89,45,73,108,1,114,83,74,126" hai2="11,76,98,78,54,3,135,4,90,59,125,12,66" hai3="37,109,21,130,53,27,82,103,84,99,8,75,100"/><W2/><G75/><T43/><D116/><U68/><E108/><V128/><F135/><W28/><G37/><T122/><D60/><U120/><E120/><V80/><F3/><W17/><G130/><T134/><D134/><U94/><E114/><V30/><F66/><W104/><G103/><T56/><D56/><U41/><E126/><V101/><F30/><W25/><G109/><T121/><D121/><U79/><E63/><V23/><F23/><W48/><G2/><T33/><D33/><U81/><E81/><V93/><F128/><W133/><G133/><T129/><D110/><U31/><E31/><V62/><F125/><W49/><G53/><T111/><D111/><U95/><E95/><V36/><F36/><W0/><G0/><T42/><D42/><U124/><E74/><V115/><F115/><W132/><G132/><T15/><D15/><U88/><E89/><V85/><AGARI ba="0,0" hai="4,11,12,54,59,62,76,78,80,85,90,93,98,101" machi="85" ten="30,2000,0" yaku="0,1,8,1" doraHai="20" who="2" fromWho="2" sc="203,-5,265,-5,281,20,251,-10" owari="198,-30.2,260,6.0,301,40.1,241,-15.9" /></mjloggm>