<mjloggm ver="2.3"><GO type="225" lobby="0"/><UN n0="%E9%A6%AC%E4%BA%86%E9%9A%94%E5%A3%81" n1="%72%69%6F%75%63%68%61%6E" n2="%E6%B0%B7%E5%B7%9D%E9%87%8C%E5%A5%88" n3="%E3%81%82%E3%81%99%E3%81%AB%E3%82%83%E3%82%80" dan="18,16,16,16" rate="2219.34,2147.45,2066.87,2106.92" sx="M,M,F,F"/><TAIKYOKU oya="0"/><INIT seed="0,0,0,0,2,106" ten="250,250,250,250" oya="0" hai0="18,80,26,83,74,16,120,51,49,88,27,62,95" hai1="102,87,55,39,34,52,119,1,15,105,19,53,66" hai2="22,37,100,113,109,48,128,124,93,5,112,81,11" hai3="64,82,40,8,45,20,103,23,24,126,38,127,86"/><T98/><D120/><U96/><E119/><V6/><F37/><W12/><G103/><T61/><D74/><U10/><E39/><V70/><F70/><W111/><G64/><T107/><D107/><U122/><E122/><V59/><F109/><W63/><G63/><N who="0" m="24075" /><D26/><U41/><E34/><V79/><F128/><W118/><G118/><T110/><D110/><U72/><E41/><V75/><F124/><N who="3" m="47659" /><G24/><T73/><D73/><U117/><E72/><V94/><F22/><W101/><G101/><T31/><D31/><U9/><E117/><V65/><F65/><W77/><G111/><T21/><D18/><AGARI ba="0,0" hai="8,12,18,20,23,38,40,45,77,82,86" m="47659" machi="18" ten="30,1000,0" yaku="18,1" doraHai="106" who="3" fromWho="0" sc="250,-10,250,0,250,0,250,10" /><INIT seed="1,0,0,0,0,81" ten="240,250,250,260" oya="1" hai0="54,36,66,133,71,32,107,100,114,111,105,52,17" hai1="128,12,70,129,5,51,14,47,93,83,96,44,21" hai2="121,84,132,118,112,27,97,41,30,10,24,33,86" hai3="89,61,75,102,82,74,34,69,90,130,94,101,46"/><U63/><E83/><V104/><F118/><W15/><G34/><T134/><D114/><U8/><E14/><V113/><F121/><W64/><G130/><N who="1" m="50282" /><E21/><V72/><F72/><W48/><G74/><T88/><D36/><U58/><E51/><V80/><F132/><N who="0" m="50794" /><D32/><U37/><E70/><V79/><F41/><W43/><G15/><T85/><D111/><U3/><E37/><V76/><F10/><W119/><G119/><T53/><D17/><U22/><E22/><V106/><F97/><W40/><G40/><T116/><D116/><U50/><E50/><V13/><F13/><W62/><G62/><N who="0" m="40407" /><D100/><N who="1" m="60431" /><E12/><V35/><F80/><AGARI ba="0,0" hai="52,53,54,80,85,88,105,107" m="40407,50794" machi="80" ten="30,7700,0" yaku="20,1,52,1,54,2" doraHai="81" who="0" fromWho="2" sc="240,77,250,0,250,-77,260,0" /><INIT seed="2,0,0,5,0,14" ten="317,250,173,260" oya="2" hai0="25,120,52,130,53,109,83,72,2,99,134,32,90" hai1="18,87,1,115,102,63,86,126,95,84,78,44,123" hai2="26,13,81,64,51,129,19,97,31,56,80,28,122" hai3="43,111,47,70,96,38,57,110,104,10,118,76,71"/><V24/><F122/><W113/><G76/><T0/><D120/><U20/><E115/><V66/><F129/><W3/><G118/><T127/><D109/><N who="3" m="41481" /><G113/><T89/><D130/><U65/><E123/><V92/><F51/><W41/><G41/><T82/><D99/><N who="1" m="59775" /><E1/><V133/><F133/><W33/><G33/><T103/><D103/><U67/><E126/><V131/><F131/><W124/><G124/><T4/><D127/><U55/><E78/><V54/><F54/><W48/><G104/><T34/><D25/><N who="1" m="14487" /><E63/><V128/><F128/><W93/><G57/><T73/><D4/><U79/><E79/><V75/><F75/><W117/><G117/><T68/><D68/><U69/><E69/><V105/><F105/><W29/><G29/><T39/><D39/><U12/><E12/><V27/><F56/><W101/><G38/><T11/><D134/><U91/><E91/><N who="2" m="55455" /><F66/><W85/><G85/><N who="1" m="21762" /><U5/><DORA hai="46" /><E5/><AGARI ba="0,0" hai="3,5,10,43,47,48,70,71,93,96,101" m="41481" machi="5" ten="30,2000,0" yaku="14,1,52,1" doraHai="14,46" who="3" fromWho="1" sc="317,0,250,-20,173,0,260,20" /><INIT seed="3,0,0,5,3,69" ten="317,230,173,280" oya="3" hai0="1,66,36,116,117,4,84,126,112,44,55,128,68" hai1="127,15,7,48,61,16,41,97,29,46,81,101,114" hai2="115,35,67,89,59,30,12,106,70,45,20,32,39" hai3="23,47,26,92,91,34,98,77,99,80,107,119,78"/><W19/><G119/><T83/><D128/><U17/><E114/><V96/><F115/><W86/><G34/><T49/><D112/><U37/><E127/><V57/><F20/><W54/><G107/><T50/><D126/><U118/><E118/><V43/><F12/><W111/><G111/><T72/><D50/><U64/><E29/><V9/><F9/><W109/><G109/><T110/><D110/><U62/><E81/><V58/><F89/><W13/><G26/><T132/><D132/><U33/><E33/><V38/><F38/><W25/><G25/><T65/><D72/><U93/><E37/><V6/><F6/><W76/><G99/><T108/><D108/><U95/><E95/><V124/><F124/><W120/><G120/><T123/><D123/><U3/><E3/><V74/><F74/><W14/><G14/><T42/><D4/><U133/><E133/><V75/><F75/><W130/><G130/><T125/><D66/><U71/><E61/><V94/><F30/><W56/><G47/><T90/><D1/><U51/><REACH who="1" step="1"/><E48/><AGARI ba="0,0" hai="13,19,23,48,54,56,76,77,78,80,86,91,92,98" machi="48" ten="30,2900,0" yaku="7,1,8,1" doraHai="69" who="3" fromWho="1" sc="317,0,230,-29,173,0,280,29" /><INIT seed="3,1,0,4,4,91" ten="317,201,173,309" oya="3" hai0="20,116,97,100,110,27,117,83,135,129,35,38,61" hai1="121,31,111,54,82,76,104,67,106,65,3,34,99" hai2="63,71,15,75,32,29,118,127,87,56,4,57,92" hai3="50,90,130,72,73,94,122,107,103,79,53,68,6"/><W28/><G68/><T41/><D35/><U42/><E121/><V39/><F118/><W12/><G122/><T133/><D110/><U23/><E34/><V102/><F75/><W36/><G36/><T49/><D38/><U33/><E33/><V123/><F39/><W80/><G130/><T45/><D83/><U109/><E3/><V128/><F128/><W2/><G2/><T9/><D9/><U58/><E42/><V0/><F0/><W88/><G28/><N who="0" m="17511" /><D61/><U60/><E23/><V5/><F127/><W89/><G72/><T19/><D19/><U101/><BYE who="0" /><E31/><V48/><F123/><W70/><G70/><T119/><D119/><U120/><E106/><V16/><F29/><W114/><G114/><T13/><D13/><U64/><REACH who="1" step="1"/><E120/><REACH who="1" ten="317,191,173,309" step="2"/><UN n0="%E9%A6%AC%E4%BA%86%E9%9A%94%E5%A3%81" /><V96/><F32/><W44/><G12/><T69/><D129/><U85/><AGARI ba="1,1" hai="54,58,60,64,65,67,76,82,85,99,101,104,109,111" machi="85" ten="30,4000,0" yaku="1,1,2,1,0,1,53,0" doraHai="91" doraHaiUra="46" who="1" fromWho="1" sc="317,-11,191,53,173,-11,309,-21" owari="306,40.6,244,-15.6,162,-33.8,288,8.8" /></mjloggm>