<mjloggm ver="2.3"><GO type="225" lobby="0"/><UN n0="%E5%B8%86%E7%AB%8B%E5%A4%8F%E8%A1%A3" n1="%6D%75%75%73%61%6E%6D%75" n2="%74%2E%6F%2E%6F%2E%73" n3="%30%2E%31%32%30" dan="17,16,17,16" rate="2161.43,2086.02,2093.85,2106.89" sx="M,F,M,M"/><TAIKYOKU oya="0"/><INIT seed="0,0,0,1,0,48" ten="250,250,250,250" oya="0" hai0="53,117,118,77,93,58,25,14,126,129,86,96,19" hai1="131,104,26,23,112,39,87,70,33,37,101,47,68" hai2="46,66,63,60,88,114,109,121,75,55,4,5,22" hai3="78,116,50,132,29,130,65,107,128,125,85,61,76"/><T32/><D126/><U31/><E131/><N who="3" m="50218" /><G107/><T41/><D129/><U133/><E133/><V83/><F114/><W67/><G116/><T49/><D41/><U21/><E112/><V95/><F121/><W0/><G0/><T10/><D77/><N who="3" m="29801" /><G85/><T81/><D81/><U57/><E87/><V13/><F109/><W51/><G29/><T110/><D86/><U62/><E101/><V123/><F123/><W72/><G72/><T90/><REACH who="0" step="1"/><D110/><REACH who="0" ten="240,250,250,250" step="2"/><U52/><E37/><V11/><F83/><W18/><G125/><T119/><D119/><U8/><E39/><V28/><F75/><W89/><G132/><T2/><D2/><U113/><E113/><V122/><F122/><W115/><G115/><T43/><D43/><U74/><E74/><V6/><F6/><W80/><G80/><T82/><D82/><U106/><E106/><V84/><F4/><W42/><G42/><T103/><D103/><U15/><E104/><V59/><F46/><W27/><G89/><T98/><D98/><U40/><E47/><V9/><F5/><W54/><G67/><T56/><D56/><U99/><E40/><V35/><F66/><W1/><G65/><T73/><D73/><U12/><E99/><V64/><F64/><W16/><G1/><T30/><AGARI ba="0,1" hai="10,14,19,25,30,32,49,53,58,90,93,96,117,118" machi="30" ten="30,6000,0" yaku="1,1,0,1,52,1,53,0" doraHai="48" doraHaiUra="134" who="0" fromWho="0" sc="240,70,250,-20,250,-20,250,-20" /><INIT seed="0,1,0,2,2,14" ten="310,230,230,230" oya="0" hai0="64,81,24,3,9,11,86,29,10,51,62,22,135" hai1="122,109,26,87,113,114,55,52,53,71,27,100,106" hai2="123,47,32,82,130,33,12,76,4,119,30,20,65" hai3="121,7,129,116,131,125,90,54,73,69,2,0,115"/><T88/><D135/><U78/><E122/><V127/><F123/><W56/><G69/><T48/><REACH who="0" step="1"/><D3/><REACH who="0" ten="300,230,230,230" step="2"/><U107/><E113/><V67/><F119/><W77/><G0/><T66/><D66/><U92/><E114/><V13/><F67/><W28/><G2/><T96/><D96/><U128/><E71/><AGARI ba="1,1" hai="9,10,11,22,24,29,48,51,62,64,71,81,86,88" machi="71" ten="40,3900,0" yaku="1,1,54,1,53,0" doraHai="14" doraHaiUra="15" who="0" fromWho="1" sc="300,52,230,-42,230,0,230,0" /><INIT seed="0,2,0,2,4,106" ten="352,188,230,230" oya="0" hai0="105,132,68,109,55,60,135,53,94,117,102,121,134" hai1="126,88,58,107,89,115,103,131,83,96,72,30,43" hai2="33,2,90,70,78,108,42,24,25,95,38,20,21" hai3="61,51,73,130,75,101,37,69,50,66,11,40,99"/><T120/><D117/><U113/><E126/><V76/><F2/><W64/><G130/><T8/><D105/><U12/><E131/><V80/><F70/><W123/><G123/><N who="0" m="47179" /><D8/><U74/><E43/><V52/><F108/><W41/><G11/><T14/><D14/><U23/><E58/><V67/><F67/><W62/><G37/><T84/><D102/><U122/><E122/><V114/><F33/><W19/><G19/><T65/><D84/><N who="1" m="50207" /><E12/><V85/><F114/><N who="1" m="43529" /><E89/><V100/><F100/><W98/><G101/><T111/><D94/><U133/><E133/><V119/><F119/><W63/><G63/><T77/><D77/><U79/><E79/><V26/><F42/><W18/><G18/><T47/><D47/><U57/><E57/><V22/><F38/><W45/><G45/><T5/><D5/><U81/><E81/><V59/><REACH who="2" step="1"/><F80/><REACH who="2" ten="352,188,220,230" step="2"/><W127/><REACH who="3" step="1"/><G69/><REACH who="3" ten="352,188,220,220" step="2"/><T9/><D9/><U48/><E48/><AGARI ba="2,2" hai="20,21,22,24,25,26,48,52,59,76,78,85,90,95" machi="48" ten="40,8000,1" yaku="1,1,2,1,8,1,54,1,53,0" doraHai="106" doraHaiUra="116" who="2" fromWho="1" sc="352,0,188,-86,220,106,220,0" /><INIT seed="1,0,0,2,0,55" ten="352,102,326,220" oya="1" hai0="37,2,15,70,22,1,86,104,12,49,73,56,45" hai1="75,90,47,80,99,91,116,106,21,71,96,50,79" hai2="44,110,122,19,105,10,87,130,16,67,66,129,13" hai3="119,84,52,128,127,24,72,108,5,30,60,58,93"/><U103/><E116/><V124/><F122/><W40/><G72/><T85/><D70/><U89/><E71/><V8/><F105/><W69/><G119/><T17/><D104/><U48/><E99/><V57/><F110/><W31/><G108/><T11/><D73/><U125/><E125/><V98/><F98/><W83/><G127/><T131/><D131/><N who="2" m="50186" /><F124/><W123/><G123/><T35/><D35/><U34/><E34/><V126/><F126/><W39/><G69/><T102/><D102/><U74/><E74/><V14/><F44/><W42/><G39/><T41/><D37/><U25/><REACH who="1" step="1"/><E47/><REACH who="1" ten="352,92,326,220" step="2"/><V18/><F87/><W109/><G128/><T95/><D85/><U68/><E68/><V94/><F94/><W62/><G93/><T114/><D95/><U28/><AGARI ba="0,1" hai="21,25,28,48,50,75,79,80,89,90,91,96,103,106" machi="28" ten="30,3000,0" yaku="1,1,0,1,53,0" doraHai="55" doraHaiUra="54" who="1" fromWho="1" sc="352,-10,92,40,326,-10,220,-10" /><INIT seed="1,1,0,1,2,101" ten="342,132,316,210" oya="1" hai0="99,7,118,95,89,75,38,126,21,51,22,36,105" hai1="87,17,24,43,67,132,54,74,111,11,88,107,55" hai2="14,106,20,25,37,100,49,68,8,39,27,72,81" hai3="46,41,113,28,31,2,91,108,57,128,109,92,52"/><U35/><E74/><V33/><F68/><W47/><G2/><T18/><D118/><U0/><E132/><V63/><F63/><W114/><G91/><T103/><D126/><U131/><E131/><V78/><F33/><W96/><G96/><T123/><D123/><U53/><E111/><N who="3" m="42570" /><G28/><T94/><D75/><U84/><E107/><V122/><F122/><W69/><G92/><T80/><D80/><U115/><E115/><N who="3" m="44042" /><G31/><T97/><D7/><U79/><E67/><V59/><F100/><W117/><G117/><T130/><D130/><U129/><E129/><V110/><F106/><W45/><G69/><T50/><D105/><U64/><E35/><V83/><F83/><W9/><G9/><T48/><REACH who="0" step="1"/><D22/><REACH who="0" ten="332,132,316,210" step="2"/><N who="1" m="13391" /><E0/><V44/><F110/><W29/><G128/><T90/><D90/><U70/><E11/><V30/><F72/><W104/><G104/><T116/><D116/><U26/><E79/><V93/><F78/><W62/><G29/><T34/><D34/><U112/><E112/><V121/><F121/><W86/><G86/><T13/><AGARI ba="1,1" hai="13,18,21,36,38,48,50,51,89,94,95,97,99,103" machi="13" ten="30,4000,0" yaku="1,1,0,1,53,1" doraHai="101" doraHaiUra="10" who="0" fromWho="0" sc="332,53,132,-21,316,-11,210,-11" /><INIT seed="2,0,0,1,3,38" ten="385,111,305,199" oya="2" hai0="20,127,56,57,95,130,71,125,119,91,54,109,100" hai1="62,29,53,120,41,27,87,133,93,5,107,134,17" hai2="25,73,126,11,76,63,102,88,67,52,3,101,114" hai3="85,123,31,110,13,12,6,105,108,99,104,50,77"/><V40/><F114/><W37/><G37/><T92/><D71/><U106/><E5/><V39/><F126/><N who="0" m="48138" /><D109/><N who="3" m="42089" /><G123/><T78/><D130/><U19/><E120/><V35/><F35/><W80/><G31/><T129/><D129/><U65/><E53/><V8/><F25/><W4/><G50/><T97/><D119/><U43/><E93/><V103/><F88/><W59/><G59/><T21/><D78/><U26/><E87/><V81/><F52/><W0/><G6/><T124/><D57/><U16/><E62/><V14/><F3/><W48/><G48/><N who="0" m="30791" /><D124/><U10/><E10/><V61/><F14/><N who="3" m="5739" /><G99/><AGARI ba="0,0" hai="20,21,91,92,95,97,99,100" m="30791,48138" machi="99" ten="30,1000,0" yaku="18,1" doraHai="38" who="0" fromWho="3" sc="385,10,111,0,305,0,199,-10" /><INIT seed="3,0,0,4,2,10" ten="395,111,305,189" oya="3" hai0="71,135,18,1,49,45,111,108,32,98,99,24,55" hai1="131,41,95,77,101,106,100,37,90,93,83,19,14" hai2="62,82,109,128,16,22,85,127,68,116,3,27,81" hai3="8,113,105,122,121,47,69,74,26,103,0,42,87"/><W23/><G74/><T104/><D135/><U29/><E131/><V66/><F116/><W134/><G113/><T35/><D1/><U119/><E119/><V36/><F109/><N who="0" m="42058" /><D71/><U70/><E70/><V9/><F128/><W46/><G69/><T17/><D24/><U30/><E106/><V43/><F127/><W73/><G73/><T78/><D78/><U79/><E37/><V7/><F36/><W72/><G72/><T51/><D51/><U117/><E41/><V59/><F43/><W53/><G134/><T48/><D48/><U133/><E133/><V40/><F40/><W110/><G110/><T107/><D107/><U33/><E33/><N who="0" m="12873" /><D99/><U34/><E34/><V115/><F115/><W52/><G87/><T126/><D126/><U13/><E117/><V44/><F44/><W123/><G103/><AGARI ba="0,0" hai="17,18,45,49,55,98,103,104" m="12873,42058" machi="103" ten="30,1000,0" yaku="14,1" doraHai="10" who="0" fromWho="3" sc="395,10,111,0,305,0,189,-10" owari="405,50.5,111,-38.9,305,10.5,179,-22.1" /></mjloggm>