<mjloggm ver="2.3"><GO type="225" lobby="0"/><UN n0="%E6%98%93%E5%88%A9%E8%96%A9%E4%BC%AF" n1="%E3%83%B4%E3%83%A0%EF%BC%99%E3%81%A6" n2="%E8%81%B7%E6%A5%AD%E3%80%81%E9%A2%A8%32" n3="%E3%81%86%E3%82%8B%E3%81%8A%E3%81%A1%E3%82%83" dan="16,17,16,16" rate="2121.31,2181.77,2118.80,2060.24" sx="F,M,M,F"/><TAIKYOKU oya="0"/><INIT seed="0,0,0,1,0,105" ten="250,250,250,250" oya="0" hai0="58,100,55,132,96,123,39,56,68,71,23,107,50" hai1="122,93,7,45,52,64,32,81,83,135,119,34,108" hai2="30,90,88,102,61,121,0,98,15,8,115,95,63" hai3="120,65,86,110,79,73,43,106,31,4,54,77,27"/><T19/><D123/><U28/><E122/><V9/><F115/><W133/><G106/><T118/><D118/><U47/><E119/><V26/><F0/><W44/><G73/><T42/><D132/><U16/><E135/><V97/><F121/><W134/><G4/><T113/><D113/><U124/><E7/><V21/><F9/><W67/><G77/><T94/><D107/><U69/><E64/><V6/><REACH who="2" step="1"/><F90/><REACH who="2" ten="250,250,240,250" step="2"/><W40/><G120/><T25/><REACH who="0" step="1"/><D58/><REACH who="0" ten="240,250,240,250" step="2"/><U126/><E126/><V103/><F103/><W24/><G133/><T112/><D112/><U37/><E124/><V62/><F62/><W46/><G134/><T13/><D13/><U129/><E69/><V99/><F99/><W1/><G1/><T57/><D57/><U29/><E129/><V109/><F109/><W91/><G110/><T66/><D66/><U22/><E108/><V17/><F17/><W74/><G67/><T72/><D72/><U48/><E16/><V104/><AGARI ba="0,2" hai="6,8,15,21,26,30,61,63,88,95,97,98,102,104" machi="104" ten="20,8000,1" yaku="1,1,0,1,7,1,54,1,53,1" doraHai="105" doraHaiUra="87" who="2" fromWho="2" sc="240,-40,250,-20,240,100,250,-20" /><INIT seed="1,0,0,3,3,15" ten="200,230,340,230" oya="1" hai0="32,129,88,134,124,56,132,2,33,10,70,14,60" hai1="19,8,72,44,3,39,61,103,95,104,65,78,114" hai2="16,102,77,126,118,106,0,28,76,54,131,108,24" hai3="110,83,135,91,48,122,41,34,29,113,133,105,111"/><U98/><E114/><V27/><F108/><N who="3" m="41515" /><G105/><T53/><D2/><U59/><E72/><V100/><F118/><W35/><G122/><T119/><D119/><U11/><E78/><V1/><F126/><W87/><G113/><T46/><D70/><U99/><E3/><V36/><F36/><W82/><G29/><T62/><D62/><U66/><E66/><V116/><F116/><W9/><G9/><T84/><D129/><U90/><E39/><V47/><F131/><W12/><G12/><T21/><D21/><U123/><E123/><V5/><F106/><W42/><G82/><T117/><D117/><U121/><E121/><V23/><F5/><W68/><G68/><T127/><D46/><U71/><E71/><V13/><F1/><W26/><G26/><N who="2" m="9769" /><F28/><W107/><G107/><T37/><D37/><U75/><E75/><V74/><F74/><W30/><G30/><T49/><D49/><U25/><E44/><V69/><F69/><W80/><G80/><T31/><D31/><U94/><E104/><V43/><F43/><N who="3" m="16395" /><G48/><T97/><D33/><AGARI ba="0,0" hai="33,34,35,83,87,91,133,135" m="16395,41515" machi="33" ten="40,1300,0" yaku="14,1" doraHai="15" who="3" fromWho="0" sc="200,-13,230,0,340,0,230,13" /><INIT seed="2,0,0,2,4,31" ten="187,230,340,243" oya="2" hai0="115,89,131,56,44,71,40,32,81,37,35,116,86" hai1="11,39,120,90,7,26,91,74,70,121,63,127,22" hai2="0,67,53,33,119,15,85,97,114,101,64,95,20" hai3="49,23,103,57,112,107,72,55,82,96,61,104,24"/><V87/><F0/><W16/><G112/><T60/><D115/><U36/><E74/><V54/><F33/><W19/><G19/><T92/><D131/><U78/><E78/><V98/><F98/><W134/><G134/><T100/><D71/><U77/><E77/><V52/><F119/><W42/><G72/><T5/><D116/><U50/><E50/><V18/><F114/><W83/><REACH who="3" step="1"/><G104/><REACH who="3" ten="187,230,340,233" step="2"/><T108/><D108/><U130/><E121/><V59/><F59/><W135/><G135/><T111/><D111/><U58/><E58/><V122/><F122/><W29/><G29/><T47/><D5/><U13/><E7/><V8/><F8/><W4/><G4/><T43/><D100/><U88/><E11/><V105/><F105/><W129/><G129/><T128/><D128/><U73/><E73/><V118/><F118/><W25/><G25/><T76/><D56/><U123/><E130/><V84/><AGARI ba="0,1" hai="15,18,20,52,53,54,64,67,84,85,87,95,97,101" machi="84" ten="30,6000,0" yaku="0,1,8,1,54,1" doraHai="31" who="2" fromWho="2" sc="187,-20,230,-20,340,70,233,-20" /><INIT seed="2,1,0,0,4,46" ten="167,210,410,213" oya="2" hai0="69,21,45,39,83,25,126,50,23,130,4,47,5" hai1="105,87,19,116,121,114,75,122,110,71,72,84,79" hai2="104,11,100,22,109,32,0,44,129,52,135,57,120" hai3="93,62,86,26,15,90,118,3,14,112,96,123,94"/><V91/><F120/><N who="1" m="46185" /><E114/><V53/><F32/><W16/><G3/><T42/><D69/><U18/><E116/><V41/><F129/><W98/><G123/><T68/><D68/><U132/><E71/><V97/><F135/><W59/><G112/><T63/><D130/><U35/><E132/><V43/><F109/><W67/><G118/><T92/><D126/><U27/><E105/><V133/><F133/><W108/><G108/><T64/><D83/><N who="1" m="47231" /><E110/><V37/><F43/><W95/><G26/><T36/><D92/><N who="3" m="35433" /><G14/><T51/><D63/><U9/><E87/><V49/><F91/><W117/><G117/><T29/><D64/><U66/><E66/><V127/><F127/><W80/><G80/><T85/><D85/><U89/><E89/><V12/><F0/><W58/><G58/><T131/><D131/><U38/><E38/><V73/><F73/><N who="1" m="28233" /><E9/><AGARI ba="1,0" hai="9,15,16,59,62,67,86,90,95,96,98" m="35433" machi="9" ten="30,2000,0" yaku="8,1,54,1" doraHai="46" who="3" fromWho="1" sc="167,0,210,-23,410,0,213,23" /><INIT seed="3,0,0,2,0,4" ten="167,187,410,236" oya="3" hai0="68,53,77,107,66,122,75,21,23,99,80,29,11" hai1="106,114,111,52,86,10,104,32,100,55,93,20,48" hai2="47,44,65,54,31,26,78,33,82,124,27,30,112" hai3="110,97,85,133,6,62,63,126,14,84,125,3,102"/><W7/><G133/><T56/><D122/><U34/><E114/><V96/><F112/><W58/><G62/><T108/><D108/><U103/><E111/><V113/><F124/><W36/><G36/><T135/><D135/><U16/><E32/><V121/><F65/><W57/><G57/><T83/><D68/><U128/><E34/><V51/><F96/><W88/><G84/><T116/><D116/><U40/><E128/><V39/><F121/><W8/><G110/><T61/><D29/><U74/><E74/><V46/><F39/><W60/><G60/><T35/><D35/><U95/><E104/><V25/><F113/><W37/><G37/><T72/><D66/><U1/><E106/><V120/><F120/><W69/><G69/><T12/><D107/><U71/><E71/><V43/><F43/><W127/><G97/><T105/><D80/><U5/><E40/><V101/><F101/><W123/><G102/><T38/><D38/><U70/><E70/><V131/><F131/><W41/><G41/><T18/><REACH who="0" step="1"/><D75/><REACH who="0" ten="157,187,410,236" step="2"/><U28/><E28/><N who="2" m="10795" /><F33/><W92/><G123/><T94/><D94/><N who="1" m="35851" /><E86/><AGARI ba="0,1" hai="25,26,27,44,46,47,51,54,78,82,86" m="10795" machi="86" ten="30,1000,0" yaku="8,1" doraHai="4" who="2" fromWho="1" sc="157,0,187,-10,410,20,236,0" owari="157,-34.3,177,-22.3,430,53.0,236,3.6" /></mjloggm>