<mjloggm ver="2.3"><GO type="225" lobby="0"/><UN n0="%E3%81%9F%E3%81%A3%E3%81%A1%E3%82%87" n1="%E8%BE%9B%E5%8F%A3%E3%82%AB%E3%83%AC%E3%83%BC%E3%83%A9%E3%82%A4%E3%82%B9" n2="%73%6C%69%63%6B%33%31%39" n3="%E6%A1%9C%E8%8A%B1%E9%96%83%E3%80%85" dan="16,16,17,18" rate="2096.69,2136.05,2159.82,2227.92" sx="M,M,M,M"/><TAIKYOKU oya="0"/><INIT seed="0,0,0,4,1,30" ten="250,250,250,250" oya="0" hai0="124,39,130,26,27,94,133,52,89,116,99,74,60" hai1="36,97,34,113,14,17,59,22,126,72,50,41,119" hai2="8,32,4,86,49,29,106,121,35,82,79,45,115" hai3="70,83,28,6,16,103,21,105,96,134,1,62,47"/><T92/><D116/><U54/><E119/><V111/><F121/><W80/><G134/><T31/><D124/><U57/><E126/><V55/><F115/><W87/><G47/><T117/><D117/><U102/><E72/><V68/><F106/><W69/><G28/><T23/><D39/><U112/><E59/><V85/><F68/><W127/><G127/><T65/><D130/><U101/><E101/><V19/><F111/><W67/><G70/><T71/><D74/><U53/><E53/><V125/><F125/><W77/><G83/><T75/><D75/><U93/><REACH who="1" step="1"/><E34/><REACH who="1" ten="250,240,250,250" step="2"/><V5/><F32/><W63/><G69/><T40/><D133/><U108/><E108/><V122/><F35/><W9/><REACH who="3" step="1"/><G67/><REACH who="3" ten="250,240,250,240" step="2"/><T110/><D110/><U2/><E2/><V95/><F122/><W48/><G48/><T42/><D71/><U20/><E20/><V58/><F49/><W38/><G38/><T120/><D65/><U78/><E78/><V88/><F79/><W33/><G33/><T98/><D120/><U81/><E81/><V84/><F82/><W107/><G107/><T114/><D114/><U104/><E104/><V44/><F95/><W61/><G61/><T0/><D0/><U66/><E66/><V7/><F58/><W3/><G3/><T13/><D60/><U25/><E25/><AGARI ba="0,2" hai="1,6,9,16,21,25,62,63,77,80,87,96,103,105" machi="25" ten="30,3900,0" yaku="1,1,7,1,54,1,53,0" doraHai="30" doraHaiUra="128" who="3" fromWho="1" sc="250,0,240,-39,250,0,240,59" /><INIT seed="1,0,0,4,1,85" ten="250,201,250,299" oya="1" hai0="9,108,8,42,26,93,23,129,117,33,120,105,22" hai1="36,102,0,76,4,13,114,100,80,106,21,83,18" hai2="45,98,116,57,59,119,50,82,68,60,104,25,10" hai3="122,41,52,28,31,66,34,84,92,96,12,91,53"/><U19/><E114/><V97/><F68/><W127/><G122/><T109/><D105/><U35/><E36/><V107/><F104/><W89/><G127/><T6/><D42/><U112/><E112/><V56/><F60/><W90/><G41/><T29/><D93/><U131/><E131/><V64/><F64/><W126/><G126/><T58/><D58/><U15/><E35/><V20/><F10/><N who="0" m="4202" /><D129/><U11/><E106/><V46/><F82/><N who="3" m="49303" /><G34/><T69/><D69/><U135/><E135/><V44/><F50/><W118/><G118/><T70/><D70/><U39/><E39/><V79/><F79/><W30/><G66/><T87/><D87/><U134/><E134/><V65/><F65/><W2/><G2/><T62/><D62/><U88/><E88/><N who="3" m="33834" /><G12/><T43/><D43/><U99/><E99/><V103/><F98/><W125/><G125/><T3/><D117/><U1/><E1/><V133/><F133/><W63/><G63/><T47/><D120/><U130/><E130/><V115/><F115/><W27/><G27/><T81/><D3/><U74/><E80/><V71/><F71/><W16/><G16/><N who="0" m="12615" /><D81/><U54/><E54/><V24/><F24/><W17/><G17/><T38/><D33/><U132/><E132/><V121/><F121/><W123/><G123/><T78/><D6/><U48/><E48/><V32/><F32/><W14/><G14/><T73/><D38/><U111/><E111/><V110/><F110/><W128/><G128/><T51/><D108/><U86/><E74/><V40/><F40/><W7/><G7/><T77/><D109/><RYUUKYOKU ba="0,0" sc="250,-30,201,10,250,10,299,10" hai1="0,4,11,13,15,18,19,21,76,83,86,100,102" hai2="20,25,44,45,46,56,57,59,97,103,107,116,119" hai3="28,30,31,52,53,92,96" /><INIT seed="1,1,0,5,5,86" ten="220,211,260,309" oya="1" hai0="53,75,88,67,128,70,111,58,34,31,45,99,71" hai1="95,121,7,107,66,30,3,27,69,18,131,91,29" hai2="64,22,85,56,42,51,82,117,9,36,112,55,116" hai3="0,98,59,129,35,39,17,109,50,26,114,28,43"/><U6/><E121/><V119/><F112/><W65/><G114/><T24/><D111/><U46/><E107/><V96/><F64/><W10/><G109/><T113/><D113/><U118/><E118/><V105/><F36/><W92/><G129/><T48/><D128/><U74/><E74/><V115/><F115/><W134/><G134/><T124/><D75/><U8/><E131/><V108/><F108/><W84/><G39/><T19/><D124/><U61/><E7/><V40/><F9/><W81/><G43/><T5/><D5/><U120/><E120/><V100/><REACH who="2" step="1"/><F22/><REACH who="2" ten="220,211,250,309" step="2"/><W93/><G65/><T73/><D73/><U103/><E103/><V20/><F20/><W12/><G0/><T13/><D67/><U41/><E18/><V102/><F102/><W132/><G132/><T80/><D70/><U130/><E130/><V15/><F15/><W106/><G12/><T104/><D71/><U122/><E122/><V62/><F62/><W135/><G10/><T63/><D63/><U23/><E23/><V83/><F83/><W60/><G60/><T79/><D80/><U97/><REACH who="1" step="1"/><E27/><REACH who="1" ten="220,201,250,309" step="2"/><V77/><AGARI ba="1,2" hai="40,42,51,55,56,77,82,85,96,100,105,116,117,119" machi="77" ten="30,2000,0" yaku="1,1,0,1,53,0" doraHai="86" doraHaiUra="1" who="2" fromWho="2" sc="220,-6,201,-11,250,43,309,-6" /><INIT seed="2,0,0,5,4,23" ten="214,190,293,303" oya="2" hai0="45,28,130,121,94,104,120,76,49,106,5,60,119" hai1="112,35,68,2,86,134,99,25,56,90,55,42,122" hai2="115,33,108,51,78,88,70,127,67,124,135,14,117" hai3="1,41,40,31,37,66,9,114,6,95,77,65,50"/><V26/><F115/><W72/><G114/><T18/><D130/><U64/><E112/><V101/><F117/><W48/><G31/><T107/><D119/><U13/><E2/><V7/><F135/><W57/><G95/><T75/><D5/><U52/><E134/><V47/><F101/><W19/><G19/><T74/><D28/><U46/><E122/><V84/><F78/><W97/><G97/><T69/><D94/><U113/><E113/><V126/><F108/><W80/><G41/><T8/><D8/><U91/><E68/><V89/><F67/><N who="3" m="25611" /><G57/><T24/><D18/><U11/><E35/><V21/><F70/><W62/><G62/><T32/><D60/><N who="1" m="37895" /><E25/><V29/><F84/><W59/><G59/><T22/><D69/><U10/><E99/><V79/><F79/><W98/><G98/><T83/><D75/><U132/><E132/><V87/><F87/><W103/><G103/><T16/><REACH who="0" step="1"/><D32/><REACH who="0" ten="204,190,293,303" step="2"/><U92/><E10/><N who="2" m="4447" /><F33/><W82/><G82/><T30/><D30/><U0/><E0/><V54/><AGARI ba="0,1" hai="21,26,29,47,51,54,88,89,124,126,127" m="4447" machi="54" ten="30,6000,0" yaku="18,1,52,1,54,1" doraHai="23" who="2" fromWho="2" sc="204,-20,190,-20,293,70,303,-20" /><INIT seed="2,1,0,3,3,101" ten="184,170,363,283" oya="2" hai0="14,128,86,96,120,130,134,21,129,114,10,30,111" hai1="116,74,18,17,93,59,88,36,50,103,35,65,51" hai2="107,63,81,22,41,31,125,0,45,73,106,119,8" hai3="33,11,4,82,98,112,37,27,44,64,89,13,42"/><V95/><F119/><W58/><G112/><T77/><D114/><U3/><E3/><V83/><F63/><W26/><G33/><T61/><D120/><U43/><E116/><V92/><F31/><W54/><G64/><T48/><D111/><U90/><E35/><V40/><F22/><W72/><G98/><T52/><D134/><U121/><E121/><V66/><F66/><W6/><G6/><T91/><D77/><U127/><E127/><V85/><F85/><W75/><G75/><T24/><D61/><N who="1" m="38079" /><E36/><V71/><F8/><W68/><G68/><T94/><D96/><N who="1" m="59791" /><E74/><V135/><F45/><W110/><G110/><T56/><REACH who="0" step="1"/><D129/><REACH who="0" ten="174,170,363,283" step="2"/><U84/><E90/><V53/><F135/><W62/><G89/><T38/><D38/><U80/><E43/><V109/><F40/><W117/><G117/><T131/><D131/><U124/><E124/><V55/><F41/><W115/><G115/><T122/><D122/><U57/><E51/><V60/><F109/><W118/><G118/><T49/><D49/><U76/><E76/><V15/><F125/><W7/><G37/><T29/><D29/><U23/><E23/><V78/><F78/><W132/><G132/><T70/><D70/><U105/><E105/><V102/><F71/><W133/><G133/><T19/><AGARI ba="1,1" hai="10,14,19,21,24,30,48,52,56,86,91,94,128,130" machi="19" ten="30,7900,0" yaku="1,1,0,1,54,1,53,1" doraHai="101" doraHaiUra="16" who="0" fromWho="0" sc="174,92,170,-21,363,-40,283,-21" /><INIT seed="3,0,0,2,4,12" ten="266,149,323,262" oya="3" hai0="116,112,27,124,9,41,28,44,58,52,119,48,110" hai1="68,76,13,122,69,62,50,126,38,123,26,78,132" hai2="33,93,20,22,70,102,115,94,125,61,2,82,1" hai3="59,0,87,14,55,7,73,42,23,34,72,129,46"/><W5/><G34/><T118/><D110/><U103/><E38/><V16/><F33/><W53/><G0/><T128/><D124/><U30/><E126/><V88/><F125/><W29/><G129/><T35/><D112/><U25/><E132/><V81/><F70/><W4/><G87/><T31/><D31/><U21/><E103/><V86/><F115/><W24/><G14/><T57/><D9/><U36/><E36/><V74/><F61/><W98/><G98/><T65/><D65/><U91/><E122/><V54/><F54/><W8/><G8/><T83/><D83/><U120/><E123/><V11/><F74/><W85/><G85/><T51/><REACH who="0" step="1"/><D58/><REACH who="0" ten="256,149,323,262" step="2"/><U19/><E120/><V66/><F66/><W114/><G114/><T107/><D107/><U111/><E111/><V37/><F11/><W17/><G29/><T134/><D134/><U101/><E101/><V3/><F102/><W95/><G95/><T64/><D64/><U6/><E69/><V104/><F93/><W39/><REACH who="3" step="1"/><G55/><REACH who="3" ten="256,149,323,252" step="2"/><T77/><D77/><U99/><E76/><V84/><F94/><W60/><AGARI ba="0,2" hai="4,5,7,17,23,24,39,42,46,53,59,60,72,73" machi="60" ten="30,11700,0" yaku="1,1,2,1,0,1,52,1,53,0" doraHai="12" doraHaiUra="133" who="3" fromWho="3" sc="256,-39,149,-39,323,-39,252,137" owari="217,-18.3,110,-39.0,284,8.4,389,48.9" /></mjloggm>