<mjloggm ver="2.3"><GO type="225" lobby="0"/><UN n0="%E3%81%8B%E3%82%8F%E3%81%A1%E3%82%83%E3%82%93%35%38" n1="%E3%81%9F%E3%81%8B%E3%81%AE%E3%81%99%E3%81%91" n2="%E8%B6%85%E7%B4%9A%E9%B3%B3%E5%87%B0" n3="%6D%75%75%6D%75%72%61" dan="16,17,16,16" rate="2126.25,2136.76,2145.19,2135.70" sx="M,M,M,F"/><TAIKYOKU oya="0"/><INIT seed="0,0,0,3,1,75" ten="250,250,250,250" oya="0" hai0="127,107,1,84,39,6,29,121,72,76,101,93,32" hai1="5,46,38,114,126,36,73,115,74,111,22,125,60" hai2="90,2,58,48,51,131,64,57,92,63,124,130,9" hai3="68,15,40,35,91,49,89,81,54,87,13,105,116"/><T110/><D39/><N who="1" m="14891" /><E111/><V82/><F124/><N who="1" m="47721" /><E5/><V20/><F82/><W88/><G40/><T112/><D6/><U102/><E102/><V106/><F106/><W119/><G68/><T42/><D29/><U103/><E103/><V16/><F2/><W30/><G105/><T50/><D32/><U62/><E46/><V52/><F9/><W100/><G100/><T33/><D33/><U129/><E22/><V10/><F10/><W69/><G69/><T109/><D1/><U95/><E95/><V56/><F58/><W8/><G30/><T83/><D127/><U67/><E129/><V108/><F108/><N who="0" m="41578" /><D121/><U59/><E73/><V98/><REACH who="2" step="1"/><F51/><REACH who="2" ten="250,250,240,250" step="2"/><W99/><G8/><T79/><D107/><U117/><E74/><V26/><AGARI ba="0,1" hai="16,20,26,48,52,56,57,63,64,90,92,98,130,131" machi="26" ten="30,8000,1" yaku="1,1,2,1,0,1,54,2,53,0" doraHai="75" doraHaiUra="122" who="2" fromWho="2" sc="250,-40,250,-20,240,90,250,-20" /><INIT seed="1,0,0,0,3,78" ten="210,230,330,230" oya="1" hai0="88,65,99,69,52,100,81,110,119,71,37,19,121" hai1="93,41,80,26,87,49,9,125,66,27,111,11,96" hai2="7,130,103,40,113,12,122,118,34,51,54,76,46" hai3="38,90,45,20,10,79,123,82,23,21,85,56,61"/><U18/><E111/><V5/><F118/><W22/><G123/><T97/><D37/><U114/><E114/><V102/><F122/><W77/><N who="3" m="5120" /><DORA hai="92" /><W1/><G1/><T75/><D119/><U15/><E125/><V42/><F34/><W35/><G35/><T55/><D121/><U120/><E9/><V29/><F29/><W0/><G38/><T117/><D65/><U72/><E72/><V13/><F113/><W116/><G45/><T33/><D33/><U64/><E120/><V135/><F130/><W86/><G116/><T129/><D117/><U73/><E73/><V83/><F135/><W62/><G85/><T8/><D75/><U17/><E17/><V16/><F54/><W28/><G28/><T67/><D67/><N who="1" m="25643" /><E49/><V47/><F51/><W89/><G77/><T105/><D19/><U31/><E41/><V48/><F48/><W84/><G79/><T60/><D8/><U57/><E57/><V106/><F76/><W14/><G56/><T128/><D110/><U115/><E31/><V4/><F4/><N who="3" m="3399" /><G0/><T43/><D43/><U131/><E131/><V6/><F5/><W32/><G32/><T63/><D105/><U95/><E115/><V53/><F16/><W134/><G134/><T127/><D127/><U107/><E107/><V91/><F106/><W124/><G124/><T24/><D129/><U112/><E112/><V3/><F3/><W44/><G44/><T126/><D128/><U36/><E36/><V74/><F74/><W70/><G70/><T133/><D133/><U132/><E132/><V68/><F68/><W58/><G58/><RYUUKYOKU ba="0,0" sc="210,-10,230,-10,330,-10,230,30" hai3="61,62,82,84,86,89,90" /><INIT seed="2,1,0,3,4,17" ten="200,220,320,260" oya="2" hai0="89,4,66,49,65,123,86,48,72,101,110,83,90" hai1="24,32,2,15,52,16,67,82,34,111,21,39,133" hai2="115,35,77,85,128,112,18,130,64,114,70,135,33" hai3="56,12,74,41,96,9,98,57,63,5,95,92,76"/><V47/><F135/><W113/><G113/><T23/><D123/><U122/><E2/><V69/><F18/><W108/><G108/><T62/><D72/><U127/><E39/><V54/><F64/><N who="0" m="24682" /><D110/><U0/><E0/><V126/><F77/><W42/><G76/><T79/><D101/><U71/><E111/><V68/><F85/><W106/><G106/><T51/><D4/><U61/><E122/><V99/><F99/><N who="3" m="37931" /><G74/><T104/><D104/><U28/><E127/><V116/><F126/><W88/><G92/><T87/><D62/><U60/><E133/><V129/><F116/><W40/><G63/><T19/><D87/><AGARI ba="1,0" hai="5,9,12,40,41,42,56,57,87,88,95" m="37931" machi="87" ten="30,2000,0" yaku="8,1,54,1" doraHai="17" who="3" fromWho="0" sc="200,-23,220,0,320,0,260,23" /><INIT seed="3,0,0,2,2,9" ten="177,220,320,283" oya="3" hai0="127,19,26,42,39,111,2,68,55,60,22,18,11" hai1="81,85,1,124,73,48,116,113,70,47,104,5,119" hai2="23,108,29,83,43,52,12,82,49,54,6,117,57" hai3="44,134,98,99,7,31,30,51,122,50,75,24,58"/><W126/><G122/><T93/><D42/><U28/><E73/><V130/><F117/><N who="1" m="45129" /><E113/><V107/><F107/><W3/><G75/><T91/><D39/><U15/><E1/><V0/><F0/><W46/><G126/><T123/><D123/><U27/><E124/><V95/><F108/><W59/><G3/><T114/><D114/><U40/><E70/><V125/><F125/><W36/><G36/><T45/><D127/><U88/><E104/><V14/><F130/><W10/><G10/><T112/><D111/><U101/><E101/><V102/><F43/><W65/><G134/><T66/><D112/><U121/><E121/><V120/><F120/><W106/><G106/><T77/><D77/><U61/><E61/><V90/><F102/><W69/><G69/><T78/><D78/><U131/><E131/><V109/><F109/><W86/><G24/><T76/><D76/><U92/><E92/><V133/><F133/><W35/><G35/><T96/><D2/><U74/><E74/><V100/><F100/><W62/><G62/><T20/><D11/><N who="1" m="4591" /><E27/><N who="2" m="16639" /><F54/><W118/><G118/><T67/><D68/><U89/><E28/><V64/><F64/><W72/><G72/><T132/><D132/><U8/><E8/><N who="2" m="4119" /><F14/><W80/><G7/><T25/><D45/><U17/><E89/><V105/><F105/><W33/><G33/><T63/><D63/><U103/><E103/><V71/><F71/><W97/><G46/><T21/><D21/><U84/><E84/><AGARI ba="0,0" hai="49,52,57,82,83,84,90,95" m="4119,16639" machi="84" ten="30,3900,0" yaku="8,1,52,1,54,1" doraHai="9" who="2" fromWho="1" sc="177,0,220,-39,320,39,283,0" owari="177,-32.3,181,-21.9,359,45.9,283,8.3" /></mjloggm>