<mjloggm ver="2.3"><GO type="225" lobby="0"/><UN n0="%37%2F%32%E3%81%AB%E7%94%9F%E3%81%BE%E3%82%8C%E3%81%A6" n1="%E3%81%AF%E3%82%88%E3%81%8A%E3%81%98%E3%81%95%E3%82%93" n2="%E9%80%9F%E6%B0%B4%E5%87%9B%E9%A6%99" n3="%74%61%6B%75%61%6B%61" dan="17,16,16,16" rate="2180.53,2182.88,2088.59,2149.23" sx="M,M,F,M"/><TAIKYOKU oya="0"/><INIT seed="0,0,0,3,4,123" ten="250,250,250,250" oya="0" hai0="114,89,71,124,40,57,99,115,95,112,120,93,20" hai1="59,134,73,62,42,10,110,33,12,106,67,41,94" hai2="24,50,30,105,18,21,45,55,61,8,127,128,11" hai3="0,103,64,101,98,88,29,34,9,79,135,52,7"/><T44/><D71/><U65/><E106/><V48/><F105/><W5/><G135/><T133/><D120/><U111/><E134/><V25/><F128/><W4/><G79/><T72/><D72/><U76/><E33/><V27/><F127/><W16/><G64/><T119/><D119/><U15/><E65/><V109/><F109/><N who="1" m="41481" /><E94/><V43/><F61/><W13/><G0/><T14/><D133/><U116/><E116/><V17/><F17/><W129/><G129/><T51/><D124/><U1/><E1/><V66/><F66/><W75/><G75/><T56/><REACH who="0" step="1"/><D93/><REACH who="0" ten="240,250,250,250" step="2"/><U63/><E63/><V121/><F121/><W113/><G113/><T132/><D132/><U87/><E73/><V19/><F19/><AGARI ba="0,1" hai="14,19,20,40,44,51,56,57,89,95,99,112,114,115" machi="19" ten="40,2000,0" yaku="1,1,53,0" doraHai="123" doraHaiUra="100" who="0" fromWho="2" sc="240,30,250,0,250,-20,250,0" /><INIT seed="0,1,0,2,5,30" ten="270,250,230,250" oya="0" hai0="57,106,6,81,67,77,71,118,58,107,82,25,132" hai1="79,39,54,31,49,17,36,112,0,12,19,32,64" hai2="38,128,129,80,1,47,59,56,75,88,48,109,8" hai3="123,103,101,33,27,4,105,84,116,127,125,72,111"/><T9/><D118/><U34/><E0/><V135/><F1/><W115/><G72/><T35/><D132/><U51/><E31/><V90/><F38/><W28/><G115/><T102/><D81/><U68/><E79/><N who="2" m="44159" /><F8/><W13/><G116/><T89/><D89/><N who="2" m="34410" /><F109/><W91/><G111/><T53/><D102/><U119/><E119/><V74/><F74/><W69/><G69/><T52/><D67/><U62/><E112/><V42/><F135/><W100/><G105/><T134/><D71/><U120/><E120/><V86/><F86/><W130/><G130/><AGARI ba="1,0" hai="42,47,48,56,59,128,129,130" m="34410,44159" machi="130" ten="30,2000,0" yaku="19,1,54,1" doraHai="30" who="2" fromWho="3" sc="270,0,250,0,230,23,250,-23" /><INIT seed="1,0,0,3,0,64" ten="270,250,253,227" oya="1" hai0="55,63,6,23,19,68,20,60,115,57,38,45,133" hai1="25,74,107,43,29,86,87,79,126,125,104,36,54" hai2="101,35,90,130,95,50,47,76,124,16,108,116,91" hai3="33,117,2,7,84,14,48,134,9,75,94,11,92"/><U67/><E74/><V18/><F35/><W26/><G75/><T88/><D115/><U51/><E67/><V1/><F1/><W96/><G134/><T111/><D6/><U121/><E121/><V53/><F116/><W49/><G117/><T85/><D133/><U128/><E128/><V103/><F130/><W65/><G65/><T46/><D111/><U73/><E73/><V37/><F37/><W132/><G132/><T113/><D113/><U8/><E8/><V32/><F32/><W127/><G127/><N who="1" m="48650" /><E43/><V62/><F124/><W34/><G84/><N who="1" m="32298" /><E36/><V109/><F76/><W30/><G34/><T59/><D68/><U21/><E79/><V98/><F103/><W58/><G58/><AGARI ba="0,0" hai="21,25,29,51,54,58,104,107" m="32298,48650" machi="58" ten="30,1500,0" yaku="18,1" doraHai="64" who="1" fromWho="3" sc="270,0,250,15,253,0,227,-15" /><INIT seed="1,1,0,0,3,52" ten="270,265,253,212" oya="1" hai0="76,103,12,121,66,24,129,30,95,14,43,120,64" hai1="110,39,105,20,71,74,88,40,93,77,44,17,19" hai2="128,116,90,32,106,112,78,55,69,63,124,56,108" hai3="47,31,62,3,57,85,100,122,131,27,115,28,29"/><U81/><E110/><V4/><F116/><W45/><G122/><N who="0" m="47211" /><D129/><U84/><E71/><V114/><F106/><W1/><G115/><N who="2" m="44073" /><F108/><W50/><G131/><T102/><D43/><U82/><E105/><V96/><F32/><W58/><G27/><T37/><D76/><U49/><E39/><V8/><F128/><W104/><G85/><T22/><D37/><U86/><REACH who="1" step="1"/><E20/><REACH who="1" ten="270,255,253,212" step="2"/><V18/><F69/><W119/><G104/><T135/><D135/><U107/><E107/><V41/><F124/><W117/><G117/><T10/><D95/><U13/><E13/><V5/><F78/><AGARI ba="1,1" hai="17,19,40,44,49,74,77,78,81,82,84,86,88,93" machi="78" ten="30,5800,0" yaku="1,1,7,1,54,1,53,0" doraHai="52" doraHaiUra="9" who="1" fromWho="2" sc="270,0,255,71,253,-61,212,0" /><INIT seed="1,2,0,0,2,54" ten="270,326,192,212" oya="1" hai0="124,10,44,28,83,9,3,95,14,2,93,99,11" hai1="92,118,22,45,133,97,80,7,56,129,111,58,38" hai2="76,19,103,119,29,51,25,1,89,34,121,18,112" hai3="15,39,13,110,8,33,43,20,59,94,40,53,37"/><U113/><E113/><V122/><F103/><W134/><G33/><T104/><D104/><U5/><E118/><V106/><F89/><W77/><G110/><T42/><D124/><U100/><E111/><V47/><F106/><W88/><G134/><T50/><D28/><U123/><E123/><V0/><F76/><W91/><G77/><T128/><D128/><U24/><E133/><V90/><F90/><W67/><G67/><T115/><D115/><U69/><E69/><V114/><F51/><W82/><G37/><T86/><D2/><N who="2" m="1130" /><F47/><W127/><G127/><T17/><D3/><U12/><E129/><V66/><F66/><W132/><G39/><T75/><D75/><U79/><E45/><V126/><F126/><W87/><G20/><N who="0" m="11319" /><D93/><U36/><E38/><V49/><F49/><N who="3" m="31151" /><G132/><T120/><D120/><N who="2" m="46186" /><F119/><W64/><G64/><T85/><D83/><U130/><E36/><V41/><F41/><N who="3" m="15947" /><G8/><N who="0" m="2051" /><T116/><DORA hai="84" /><D116/><U74/><E12/><V30/><F114/><W46/><G46/><T26/><D26/><U60/><E130/><V4/><F112/><W31/><G31/><N who="2" m="11785" /><F4/><W62/><G62/><T98/><D44/><U23/><E5/><V27/><F34/><W96/><AGARI ba="2,0" hai="13,15,82,87,88,91,94,96" m="15947,31151" machi="96" ten="30,8000,1" yaku="8,1,52,3,54,1" doraHai="54,84" who="3" fromWho="3" sc="270,-22,326,-42,192,-22,212,86" /><INIT seed="2,0,0,0,5,94" ten="248,284,170,298" oya="2" hai0="47,96,67,13,10,12,92,116,18,40,79,38,49" hai1="74,127,128,117,114,6,83,7,75,131,135,82,11" hai2="21,8,48,34,0,109,4,91,122,125,124,20,133" hai3="1,132,85,106,68,100,61,32,104,16,15,5,2"/><V62/><F122/><W119/><G119/><T73/><D116/><U134/><E117/><V98/><F34/><W66/><G132/><N who="1" m="50730" /><E114/><V52/><F62/><W57/><G5/><N who="1" m="1546" /><E11/><V129/><F129/><N who="1" m="49737" /><E127/><N who="2" m="48715" /><F133/><W36/><G1/><T95/><D67/><U41/><E41/><V53/><F109/><W120/><G66/><T51/><D92/><U45/><E45/><N who="2" m="27663" /><F53/><W123/><G123/><T58/><D58/><U33/><E33/><V27/><F27/><W93/><G57/><T71/><D71/><U17/><E17/><V99/><F91/><W89/><G32/><T46/><D13/><U44/><E44/><V28/><F28/><W26/><G16/><T86/><D47/><U39/><E39/><V87/><F87/><W72/><G36/><T31/><D86/><U81/><AGARI ba="0,0" hai="74,75,81,82,83" m="49737,1546,50730" machi="81" ten="40,8000,1" yaku="28,2,20,1,19,1" doraHai="94" who="1" fromWho="1" sc="248,-20,284,80,170,-40,298,-20" /><INIT seed="3,0,0,0,0,113" ten="228,364,130,278" oya="3" hai0="125,95,9,109,71,37,33,39,6,91,110,78,60" hai1="4,5,107,8,65,114,98,117,21,14,90,80,131" hai2="75,15,48,7,134,29,31,123,116,45,86,124,132" hai3="70,111,19,46,36,47,13,135,26,18,23,133,66"/><W53/><G111/><T11/><D33/><U54/><E114/><V101/><F75/><W74/><G74/><T76/><D125/><U105/><E4/><V56/><F56/><W99/><G36/><T130/><D130/><U118/><E131/><V108/><F101/><W27/><G70/><T64/><D11/><U1/><E65/><V87/><F48/><W104/><G66/><T68/><D71/><U30/><E54/><V120/><F45/><W106/><G99/><T16/><D6/><U38/><E38/><V24/><F24/><W103/><G103/><T93/><D39/><U43/><E43/><V12/><F7/><W77/><G77/><T82/><D37/><U128/><E128/><V72/><F72/><W63/><G63/><T94/><D91/><U62/><E62/><V17/><F17/><W81/><G81/><T122/><D122/><U96/><E96/><V85/><F108/><N who="0" m="41578" /><D82/><U57/><E57/><V28/><F124/><W51/><G46/><T41/><D41/><U89/><E89/><V49/><F49/><W97/><G51/><T84/><D84/><N who="1" m="50439" /><E98/><V3/><F3/><W20/><G97/><T34/><D34/><U73/><E73/><V58/><F58/><W32/><G32/><T121/><D121/><N who="2" m="46666" /><F116/><N who="1" m="44649" /><E1/><V115/><F115/><W61/><G61/><T44/><D44/><U102/><E102/><V35/><F35/><W55/><G47/><T10/><D9/><U69/><E69/><V88/><F88/><W52/><G53/><T112/><D112/><U83/><E83/><V2/><F2/><W100/><G100/><T40/><D68/><RYUUKYOKU ba="0,0" sc="228,-30,364,10,130,10,278,10" hai1="5,8,14,21,30,105,107" hai2="12,15,28,29,31,85,86,87,132,134" hai3="13,18,19,20,23,26,27,52,55,104,106,133,135" /><INIT seed="3,1,0,4,3,78" ten="198,374,140,288" oya="3" hai0="90,63,104,50,85,55,47,117,91,41,134,67,120" hai1="23,60,95,10,8,110,57,22,118,18,101,130,34" hai2="52,98,4,36,14,109,128,81,33,7,112,119,43" hai3="29,53,17,105,131,116,79,66,115,6,125,74,124"/><W114/><G66/><T21/><D117/><U97/><E34/><V70/><F119/><W76/><G29/><T113/><D120/><U106/><E118/><V73/><F112/><N who="3" m="43051" /><G6/><T26/><D134/><U68/><E68/><V0/><F70/><W46/><G17/><T16/><D113/><U42/><E110/><V48/><F33/><W127/><G116/><T1/><D104/><U58/><E130/><V11/><F128/><W2/><G2/><T77/><D1/><U30/><E106/><V80/><F109/><W86/><G74/><T96/><D96/><U84/><E42/><V3/><F73/><W31/><G31/><T93/><D41/><U87/><E30/><V89/><F36/><W122/><G122/><T49/><D50/><U45/><E45/><V39/><F39/><W75/><G75/><T9/><D93/><U38/><E22/><V27/><F43/><W102/><G131/><T71/><REACH who="0" step="1"/><D9/><REACH who="0" ten="188,374,140,288" step="2"/><U99/><E97/><V94/><F27/><W100/><G105/><T32/><D32/><U37/><E8/><V35/><F35/><W64/><G124/><T135/><D135/><U132/><E10/><V25/><F25/><W51/><G51/><T62/><D62/><U83/><E60/><V56/><REACH who="2" step="1"/><F4/><REACH who="2" ten="188,374,130,288" step="2"/><W28/><G125/><T123/><D123/><U40/><E37/><V107/><F107/><W54/><G127/><T111/><D111/><U82/><E40/><V65/><F65/><W61/><G64/><T126/><D126/><U133/><E38/><V129/><F129/><W72/><G61/><T92/><D92/><U15/><E95/><RYUUKYOKU ba="1,2" sc="188,15,374,-15,130,15,288,-15" hai0="16,21,26,47,49,55,63,67,71,77,85,90,91" hai2="0,3,7,11,14,48,52,56,80,81,89,94,98" owari="203,-19.7,379,47.9,145,-35.5,273,7.3" /></mjloggm>