<mjloggm ver="2.3"><GO type="225" lobby="0"/><UN n0="%E3%81%AF%E3%82%88%E3%81%8A%E3%81%98%E3%81%95%E3%82%93" n1="%E5%8F%AF%E5%85%90%E9%82%A3%E7%94%B1%E5%A4%9A" n2="%E3%83%B4%E3%82%A3%E3%83%AF%E3%82%B3%E3%82%B0%E3%83%8B" n3="%6D%75%75%6D%75%72%61" dan="17,17,16,17" rate="2151.61,2242.81,2136.95,2235.76" sx="M,F,M,F"/><TAIKYOKU oya="0"/><INIT seed="0,0,0,4,3,72" ten="250,250,250,250" oya="0" hai0="48,1,59,128,34,53,38,105,89,96,62,4,5" hai1="55,3,0,100,23,33,52,56,16,119,113,47,76" hai2="14,10,109,66,69,110,20,101,11,39,65,9,2" hai3="132,92,121,18,118,82,28,129,68,44,40,95,79"/><T37/><D128/><U36/><E119/><V15/><F39/><W70/><G118/><T117/><D117/><U35/><E113/><V130/><F130/><W57/><G129/><T102/><D34/><U19/><E100/><V86/><F101/><W25/><G132/><T112/><D112/><U31/><E31/><V115/><F115/><W122/><G18/><T78/><D89/><U17/><E23/><V106/><F2/><W93/><G57/><T24/><D24/><U8/><E76/><V104/><F86/><W103/><G103/><T114/><D114/><U73/><E73/><V111/><F20/><W126/><G126/><T77/><D38/><U71/><E71/><V94/><F94/><W26/><G44/><T60/><D37/><U51/><E36/><V21/><F21/><N who="3" m="15407" /><G40/><T135/><D135/><U22/><E22/><V12/><REACH who="2" step="1"/><F69/><REACH who="2" ten="250,250,240,250" step="2"/><W42/><G68/><T123/><D1/><U98/><E3/><V108/><N who="2" m="27648" /><DORA hai="30" /><V61/><F61/><W64/><G70/><T46/><D62/><U45/><E98/><V84/><F84/><W50/><G95/><T120/><D120/><U29/><E0/><V85/><F85/><W116/><G122/><T99/><D123/><U6/><E33/><V41/><F41/><W97/><G121/><T80/><D99/><U87/><E87/><V67/><AGARI ba="0,1" hai="9,10,11,12,14,15,65,66,67,104,106" m="27648" machi="67" ten="70,32000,5" yakuman="40" doraHai="72,30" doraHaiUra="90,74" who="2" fromWho="2" sc="250,-160,250,-80,240,330,250,-80" /><INIT seed="1,0,0,2,5,112" ten="90,170,570,170" oya="1" hai0="40,92,53,61,48,50,129,52,26,17,37,93,44" hai1="86,135,114,102,51,36,133,98,120,67,15,57,69" hai2="71,29,91,131,28,14,104,45,103,18,33,115,107" hai3="21,83,94,56,24,4,77,134,6,111,121,65,68"/><U34/><E36/><V1/><F1/><W30/><G68/><T3/><D3/><U5/><E114/><V117/><F115/><W49/><G121/><T39/><D129/><U23/><E120/><V88/><F117/><W96/><G111/><T82/><D82/><U70/><E34/><V128/><F71/><W2/><G134/><N who="1" m="51210" /><E86/><V85/><F45/><W130/><G130/><N who="2" m="49705" /><F91/><W12/><G2/><T125/><D125/><U47/><E57/><V118/><F118/><W59/><G65/><T106/><D106/><N who="2" m="40490" /><F103/><W43/><G43/><T9/><D40/><N who="1" m="25063" /><E67/><V55/><F55/><W7/><G12/><T66/><D39/><U41/><E41/><V123/><F33/><W76/><G49/><T8/><D37/><U74/><E74/><V110/><F110/><W113/><G113/><T13/><D61/><U10/><E23/><N who="2" m="11735" /><F123/><W63/><G83/><AGARI ba="0,0" hai="28,29,83,85,88" m="11735,40490,49705" machi="83" ten="30,2000,0" yaku="19,1,54,1" doraHai="112" who="2" fromWho="3" sc="90,0,170,0,570,20,170,-20" /><INIT seed="2,0,0,4,3,44" ten="90,170,590,150" oya="2" hai0="19,86,11,84,33,61,64,14,85,37,54,125,87" hai1="99,56,47,6,83,95,100,40,70,48,109,12,120" hai2="118,4,82,110,18,128,60,72,105,129,66,59,108" hai3="2,126,115,122,58,26,90,104,7,28,93,22,67"/><V31/><F105/><W101/><G122/><T113/><D113/><U89/><E70/><V17/><F118/><W68/><G68/><T52/><D125/><U79/><E120/><V107/><F107/><W16/><G126/><T29/><D37/><U117/><E117/><V1/><F31/><W127/><G127/><T9/><N who="0" m="21504" /><DORA hai="63" /><T57/><REACH who="0" step="1"/><D9/><REACH who="0" ten="80,170,590,150" step="2"/><N who="1" m="4151" /><E109/><V114/><F114/><W91/><G115/><T121/><D121/><U3/><E83/><V116/><F116/><W74/><G74/><T111/><D111/><U55/><E79/><V112/><F112/><W15/><G91/><T20/><D20/><U78/><E78/><V53/><F110/><W96/><G90/><T123/><D123/><U46/><E89/><V30/><F108/><W24/><G22/><T21/><D21/><U94/><E100/><V73/><F82/><W62/><G101/><T131/><D131/><U10/><E10/><V102/><F102/><W81/><G81/><T32/><D32/><U134/><E134/><V8/><F129/><W75/><G75/><T130/><D130/><U35/><E35/><V51/><F128/><W77/><G77/><T106/><D106/><U42/><E95/><V49/><F73/><W38/><G104/><T69/><D69/><U50/><E94/><V43/><F72/><W135/><G38/><T0/><D0/><U25/><E3/><V41/><F1/><W98/><G135/><T34/><D34/><U5/><E99/><V92/><F8/><W132/><G93/><T39/><D39/><N who="1" m="21791" /><E25/><AGARI ba="0,1" hai="11,14,19,25,29,33,52,54,57,61,64" m="21504" machi="25" ten="50,16000,3" yaku="1,1,52,1,54,1,53,5" doraHai="44,63" doraHaiUra="27,80" who="0" fromWho="1" sc="80,170,170,-160,590,0,150,0" /><INIT seed="3,0,0,4,1,7" ten="250,10,590,150" oya="3" hai0="75,126,118,54,26,115,131,74,60,86,3,129,66" hai1="47,95,46,97,68,94,31,10,44,22,108,52,21" hai2="17,59,48,81,91,37,27,18,80,122,32,20,87" hai3="90,85,25,13,19,42,34,121,77,28,78,6,4"/><W23/><G121/><T76/><D3/><U83/><E108/><V71/><F37/><W114/><G114/><T116/><D115/><U43/><E68/><V30/><F71/><W14/><G42/><T120/><D120/><U135/><E135/><V61/><F48/><W84/><G84/><T106/><D106/><U96/><E43/><V1/><F1/><W113/><G4/><T123/><D123/><U63/><E83/><V8/><F122/><W124/><G113/><T103/><D103/><U101/><E31/><V70/><F70/><W49/><G49/><T36/><D36/><U45/><N who="1" m="11264" /><DORA hai="58" /><U39/><E39/><V98/><F8/><W134/><G124/><T111/><D111/><U89/><REACH who="1" step="1"/><E10/><REACH who="1" ten="250,0,590,150" step="2"/><V100/><F80/><N who="3" m="49447" /><G134/><T24/><D126/><U53/><E53/><V38/><F38/><W110/><G110/><T56/><D54/><U102/><E102/><V41/><F41/><W128/><G128/><T51/><D131/><U65/><E65/><V72/><F72/><W50/><G28/><T130/><D75/><U29/><E29/><V64/><F32/><W92/><G34/><T33/><D74/><U9/><E9/><V119/><F119/><W88/><G78/><T125/><D76/><U133/><E133/><V40/><F40/><W109/><G77/><T11/><D33/><U82/><E82/><V127/><F127/><W2/><G109/><T12/><D125/><U62/><E62/><V104/><AGARI ba="0,1" hai="17,18,20,27,30,59,61,64,81,87,91,98,100,104" machi="104" ten="20,2700,0" yaku="0,1,7,1,52,1" doraHai="7,58" who="2" fromWho="2" sc="250,-7,0,-7,590,37,150,-13" owari="243,4.3,-7,-50.7,627,72.7,137,-26.3" /></mjloggm>