<mjloggm ver="2.3"><GO type="225" lobby="0"/><UN n0="%E3%81%8B%E3%82%8F%E3%81%A1%E3%82%83%E3%82%93%35%38" n1="%72%69%6F%75%63%68%61%6E" n2="%E3%83%AC%E3%82%A4%E3%83%88%E3%83%B3%E5%87%86%E6%95%99%E6%8E%88" n3="%E8%83%83%E3%81%A8%E8%85%B8" dan="16,16,19,17" rate="2165.86,2161.24,2304.17,2224.64" sx="M,M,M,M"/><TAIKYOKU oya="0"/><INIT seed="0,0,0,4,1,35" ten="250,250,250,250" oya="0" hai0="79,60,64,41,131,114,98,102,17,40,112,109,31" hai1="28,76,124,106,58,117,62,135,132,27,3,66,81" hai2="68,99,104,122,101,34,130,82,37,71,10,73,90" hai3="19,9,14,2,85,25,113,123,65,23,18,33,108"/><T12/><D131/><U44/><E117/><V53/><F122/><W78/><G123/><T38/><D79/><U59/><E124/><V111/><F111/><W91/><G108/><T29/><D109/><U69/><E106/><V11/><F130/><W46/><G113/><T42/><D38/><U54/><E44/><V97/><F34/><W128/><G128/><T127/><D127/><U96/><E96/><V125/><F125/><W89/><G33/><T74/><D74/><U48/><E3/><V0/><F53/><W107/><G107/><T43/><N who="0" m="10240" /><DORA hai="92" /><T115/><D12/><U121/><E121/><V1/><F37/><W87/><G46/><T134/><D17/><U56/><E27/><V7/><F73/><W49/><G49/><T75/><D75/><U50/><E28/><V4/><F82/><W84/><G78/><T13/><D13/><U20/><E20/><V15/><F15/><W120/><G120/><T57/><REACH who="0" step="1"/><D134/><REACH who="0" ten="240,250,250,250" step="2"/><N who="1" m="51243" /><E48/><V22/><F22/><W32/><G32/><T67/><D67/><U39/><E39/><V88/><F104/><AGARI ba="0,1" hai="29,31,57,60,64,98,102,104,112,114,115" m="10240" machi="104" ten="60,5800,0" yaku="1,1,52,1,53,0" doraHai="35,92" doraHaiUra="72,8" who="0" fromWho="2" sc="240,68,250,0,250,-58,250,0" /><INIT seed="0,1,0,3,2,125" ten="308,250,192,250" oya="0" hai0="84,113,63,65,120,43,6,25,1,87,73,95,20" hai1="71,97,57,10,128,3,29,131,44,130,116,111,36" hai2="40,5,58,124,30,16,52,54,8,70,106,99,91" hai3="60,81,68,79,133,115,53,74,69,89,7,135,92"/><T112/><D73/><U75/><E116/><V27/><F70/><W88/><G115/><T15/><D120/><U0/><E111/><V24/><F124/><W122/><G7/><T23/><D1/><U134/><E134/><N who="3" m="51210" /><G122/><T117/><D117/><U85/><E75/><V76/><F76/><W46/><G89/><T49/><D43/><N who="1" m="22631" /><E71/><V14/><F40/><W21/><G21/><T103/><D49/><U66/><E29/><V42/><F42/><W39/><G39/><T121/><D121/><U13/><E97/><V48/><F106/><W126/><G126/><T129/><D87/><U11/><E85/><V50/><F5/><W26/><G26/><T34/><D34/><U59/><E11/><V119/><F119/><W41/><G41/><T108/><D84/><U82/><E82/><V93/><F30/><W72/><G72/><T114/><D95/><U31/><E31/><V19/><F19/><W77/><G77/><T32/><D32/><U96/><E96/><V86/><F99/><N who="3" m="57735" /><G46/><AGARI ba="1,0" hai="8,14,16,24,27,46,48,50,52,54,58,86,91,93" machi="46" ten="30,7700,0" yaku="7,1,8,1,54,2" doraHai="125" who="2" fromWho="3" sc="308,0,250,0,192,80,250,-80" /><INIT seed="1,0,0,0,5,63" ten="308,250,272,170" oya="1" hai0="131,54,79,67,77,10,45,102,74,117,120,126,61" hai1="105,107,17,23,14,111,124,7,133,60,83,92,47" hai2="76,72,130,69,129,12,103,75,109,40,21,4,108" hai3="86,62,96,99,114,28,87,50,119,0,19,98,110"/><U82/><E124/><V89/><F69/><W5/><G114/><T11/><D102/><U36/><E133/><V38/><F103/><W41/><G110/><N who="2" m="42601" /><F89/><W73/><G73/><N who="2" m="28233" /><F76/><W68/><G119/><T22/><D79/><U84/><E111/><V57/><F57/><W132/><G132/><T70/><D77/><U106/><E7/><V16/><F4/><W43/><G28/><T113/><D74/><U51/><E36/><V80/><F80/><W9/><G19/><T32/><D70/><U2/><E2/><V123/><F123/><W78/><G78/><T122/><D120/><U90/><REACH who="1" step="1"/><E60/><REACH who="1" ten="308,240,272,170" step="2"/><V97/><F130/><W25/><G0/><T44/><D61/><U118/><E118/><V135/><F135/><W13/><G50/><T91/><D131/><U48/><E48/><V64/><F129/><W37/><G37/><T94/><D126/><U29/><E29/><V85/><F38/><W112/><G112/><T128/><D113/><U49/><E49/><V115/><F115/><W71/><G71/><T58/><D128/><U42/><AGARI ba="0,1" hai="14,17,23,42,47,51,82,83,84,90,92,105,106,107" machi="42" ten="30,3000,0" yaku="1,1,0,1,53,0" doraHai="63" doraHaiUra="53" who="1" fromWho="1" sc="308,-10,240,40,272,-10,170,-10" /><INIT seed="1,1,0,4,4,94" ten="298,280,262,160" oya="1" hai0="100,124,71,86,128,43,118,39,104,49,13,73,133" hai1="7,89,63,33,28,52,85,55,117,82,23,59,41" hai2="58,116,101,91,24,15,97,76,75,119,122,56,38" hai3="64,135,121,10,16,132,65,37,2,47,127,45,131"/><U44/><E117/><V98/><F122/><W134/><G2/><T26/><D13/><U18/><E7/><V14/><F38/><W129/><G121/><T92/><D26/><U88/><E33/><V40/><F40/><W102/><G102/><T114/><D49/><N who="1" m="26767" /><E28/><V70/><F70/><W113/><G113/><T61/><D39/><U6/><E6/><V87/><F76/><W79/><G79/><T90/><D104/><U8/><E8/><V30/><F75/><W9/><G37/><T54/><D73/><U42/><E42/><V0/><F0/><W62/><G16/><T17/><D43/><U115/><E115/><V32/><F116/><W83/><G83/><T103/><D17/><U51/><E89/><V69/><F69/><W57/><G64/><T4/><D114/><U126/><E126/><V50/><F119/><W95/><G95/><T48/><D4/><U99/><E99/><N who="2" m="37899" /><F101/><W109/><G109/><T108/><D108/><U110/><E110/><V21/><F32/><W93/><G93/><T111/><D111/><U36/><E36/><V78/><F78/><W35/><G35/><T11/><D124/><U123/><E123/><V19/><F50/><W5/><G127/><T106/><D118/><U105/><E105/><V34/><F34/><W31/><G135/><T96/><D133/><U72/><E72/><V77/><F77/><W29/><G134/><T81/><D103/><U1/><E1/><V22/><F14/><N who="3" m="5423" /><G132/><T80/><D71/><U67/><E51/><V53/><F53/><W20/><G65/><T112/><D112/><U120/><E120/><RYUUKYOKU ba="1,0" sc="298,-15,280,15,262,15,160,-15" hai1="18,23,52,55,59,63,67,82,85,88" hai2="15,19,21,22,24,30,56,58,87,91" /><INIT seed="1,2,0,4,2,32" ten="283,295,277,145" oya="1" hai0="14,98,108,123,28,48,15,132,131,57,113,101,59" hai1="64,63,37,90,67,114,115,80,77,128,97,121,34" hai2="39,102,60,4,19,74,49,107,68,22,21,12,38" hai3="85,8,111,93,58,87,105,7,119,120,25,76,116"/><U79/><E121/><V99/><F74/><W71/><G71/><T129/><D113/><U16/><E128/><N who="0" m="49225" /><D123/><U40/><E34/><V86/><F4/><W47/><G105/><T20/><D108/><U3/><E3/><V73/><F73/><W35/><G120/><T61/><D132/><U109/><E109/><V130/><F130/><W51/><G111/><T2/><D48/><U106/><E16/><V92/><F22/><W62/><G76/><T9/><D57/><U70/><E64/><V75/><F75/><W124/><G124/><T135/><D135/><U45/><E77/><V94/><F49/><W41/><G93/><T13/><D20/><U83/><E83/><V56/><F68/><W36/><G36/><T72/><D28/><U110/><E110/><V65/><F107/><W29/><G116/><T100/><D72/><N who="1" m="43111" /><E90/><N who="2" m="53335" /><F38/><W17/><G17/><N who="0" m="8367" /><D2/><U42/><E40/><V69/><F39/><W52/><REACH who="3" step="1"/><G119/><REACH who="3" ten="283,295,277,135" step="2"/><T95/><D101/><AGARI ba="2,1" hai="37,42,45,63,67,70,97,101,106,114,115" m="43111" machi="101" ten="30,1500,0" yaku="23,1" doraHai="32" who="1" fromWho="0" sc="283,-21,295,31,277,0,135,0" /><INIT seed="1,3,0,0,1,91" ten="262,326,277,135" oya="1" hai0="17,18,4,39,36,123,13,51,97,80,60,130,65" hai1="38,90,33,2,10,93,61,7,58,94,35,86,25" hai2="103,67,54,53,131,27,14,95,119,84,88,6,34" hai3="114,64,1,71,20,78,102,62,112,89,81,37,48"/><U120/><E120/><V101/><F119/><W111/><G37/><T127/><D4/><U22/><E38/><V85/><F131/><W42/><G111/><T63/><D130/><U26/><E26/><V57/><F34/><W44/><G1/><T24/><D127/><U87/><E87/><V107/><F27/><W19/><G102/><N who="2" m="38921" /><F107/><W30/><G30/><T70/><D123/><U8/><E8/><N who="2" m="4375" /><F84/><W92/><G81/><T125/><D125/><U56/><E94/><V49/><F54/><W55/><G78/><T100/><D80/><U135/><E135/><V5/><F5/><W96/><REACH who="3" step="1"/><G55/><REACH who="3" ten="262,326,277,125" step="2"/><T29/><D39/><U98/><E2/><V52/><F53/><W12/><AGARI ba="3,1" hai="12,19,20,42,44,48,62,64,71,89,92,96,112,114" machi="12" ten="20,12000,2" yaku="1,1,2,1,0,1,7,1,52,1,53,1" doraHai="91" doraHaiUra="40" who="3" fromWho="3" sc="262,-33,326,-63,277,-33,125,139" /><INIT seed="2,0,0,3,4,24" ten="229,263,244,264" oya="2" hai0="104,70,106,91,11,130,86,42,44,23,60,90,4" hai1="131,14,101,17,132,110,108,113,100,84,71,98,85" hai2="135,72,21,77,109,96,121,68,79,120,54,65,43" hai3="49,46,119,15,74,111,48,80,9,112,6,57,12"/><V94/><F135/><W37/><G119/><T10/><D130/><U33/><E113/><V78/><F72/><W5/><G112/><T28/><D90/><U47/><E131/><V93/><F43/><W31/><G111/><N who="1" m="42538" /><E71/><V89/><F109/><W116/><G116/><T92/><D11/><U22/><E33/><V64/><F68/><W35/><G37/><T95/><D95/><U129/><E132/><V27/><F54/><W45/><G57/><T122/><D122/><U20/><E129/><V83/><F83/><W62/><G62/><T81/><D81/><U103/><E98/><V63/><F63/><W51/><G80/><T41/><D41/><U39/><E20/><V69/><F69/><W53/><G74/><T56/><D23/><U127/><E127/><V124/><F124/><W30/><G35/><T36/><D28/><N who="3" m="10793" /><G53/><T59/><D70/><U58/><E58/><V125/><F125/><W32/><G32/><T3/><REACH who="0" step="1"/><D56/><REACH who="0" ten="219,263,244,264" step="2"/><U115/><E115/><V34/><F34/><W107/><G107/><T88/><D88/><U67/><E67/><AGARI ba="0,1" hai="3,4,10,36,42,44,59,60,67,86,91,92,104,106" machi="67" ten="30,3900,0" yaku="1,1,7,1,53,1" doraHai="24" doraHaiUra="52" who="0" fromWho="1" sc="219,49,263,-39,244,0,264,0" /><INIT seed="3,0,0,2,1,86" ten="268,224,244,264" oya="3" hai0="72,132,96,45,70,114,34,63,21,113,89,13,120" hai1="112,103,16,71,27,99,36,64,90,66,59,101,65" hai2="75,110,3,123,82,125,134,40,108,62,119,67,24" hai3="88,97,118,135,19,84,69,124,15,56,133,122,38"/><W4/><G69/><T74/><D34/><U6/><E112/><N who="0" m="43113" /><D120/><U58/><E36/><V76/><F119/><W107/><G118/><T46/><D21/><N who="1" m="13735" /><E71/><V130/><F123/><W20/><G122/><T91/><D96/><U17/><E6/><V39/><F125/><W106/><G124/><T5/><D132/><N who="3" m="50761" /><G38/><T35/><D35/><U111/><E111/><V121/><F121/><W0/><G97/><T57/><D70/><U129/><E129/><V37/><F130/><W11/><G56/><N who="1" m="21546" /><E17/><V12/><F3/><W44/><G44/><N who="0" m="17003" /><D13/><U98/><E98/><V81/><F12/><W61/><G61/><T104/><D5/><U31/><E31/><V48/><F134/><W77/><G77/><T10/><D10/><U92/><AGARI ba="0,0" hai="64,65,66,90,92,99,101,103" m="21546,13735" machi="92" ten="30,4000,0" yaku="8,1,52,1,54,1" doraHai="86" who="1" fromWho="1" sc="268,-10,224,40,244,-10,264,-20" /><INIT seed="4,0,0,3,2,102" ten="258,264,234,244" oya="0" hai0="131,105,15,116,110,90,77,96,130,13,18,47,94" hai1="23,54,80,28,65,109,120,6,9,33,112,22,99" hai2="27,29,20,100,64,30,14,129,67,58,89,111,49" hai3="52,98,63,48,73,31,81,134,79,93,7,119,55"/><T69/><D116/><U72/><E120/><V70/><F111/><W83/><G119/><T103/><D69/><U37/><E109/><V132/><F132/><W8/><G134/><T123/><D110/><U108/><E108/><V4/><F129/><N who="0" m="49162" /><D123/><U128/><E128/><V87/><F100/><W86/><G31/><T42/><D77/><U40/><E65/><V45/><F30/><W35/><G35/><T38/><D18/><U76/><E112/><V84/><F70/><W3/><G63/><T43/><D43/><U66/><E66/><V10/><F58/><W25/><G25/><T26/><D26/><N who="1" m="18583" /><E54/><V124/><F84/><AGARI ba="0,0" hai="13,15,38,42,47,84,90,94,96,103,105" m="49162" machi="84" ten="30,2900,0" yaku="19,1,52,1" doraHai="102" who="0" fromWho="2" sc="258,29,264,0,234,-29,244,0" /><INIT seed="4,1,0,5,3,99" ten="287,264,205,244" oya="0" hai0="7,15,8,12,119,84,114,122,115,88,2,23,85" hai1="117,24,73,75,98,36,31,108,29,129,53,76,130" hai2="19,56,40,91,92,81,125,111,106,79,22,118,107" hai3="39,96,113,126,9,27,77,101,105,11,28,57,87"/><T124/><D119/><U16/><E108/><V38/><F111/><W47/><G113/><T134/><D122/><U112/><E117/><V116/><F125/><W59/><G126/><T102/><D124/><U33/><E36/><V90/><F118/><W0/><G0/><T13/><D102/><U54/><E29/><V72/><F116/><W66/><G39/><T123/><D123/><U71/><E71/><V17/><F90/><W41/><G77/><T131/><D131/><N who="1" m="50187" /><E112/><N who="0" m="43049" /><D134/><U68/><E68/><V49/><F38/><W100/><G87/><N who="0" m="33355" /><D88/><U67/><E67/><V86/><F17/><AGARI ba="1,0" hai="2,7,8,12,13,15,17,23" m="33355,43049" machi="17" ten="30,1500,0" yaku="15,1" doraHai="99" who="0" fromWho="2" sc="287,18,264,0,205,-18,244,0" owari="305,40.5,264,6.4,187,-31.3,244,-15.6" /></mjloggm>