<mjloggm ver="2.3"><GO type="225" lobby="0"/><UN n0="%E3%82%A2%E3%83%A1%E3%82%A2%E3%83%A9%E3%83%AC" n1="%E3%81%BE%E3%81%8B%E3%81%B7%E3%82%93" n2="%E3%81%A4%E3%81%A3%E3%81%B1%E3%82%8A%E3%83%9D%E3%83%BC%E3%83%AB" n3="%E6%B4%BE%E9%81%A3%E3%81%AE%E3%82%B8%E3%83%A3%E3%83%83%E3%82%AF" dan="16,16,16,17" rate="2140.78,2071.52,2123.77,2245.35" sx="M,M,M,M"/><TAIKYOKU oya="0"/><INIT seed="0,0,0,2,4,105" ten="250,250,250,250" oya="0" hai0="23,28,101,80,91,64,72,118,114,18,65,48,26" hai1="11,89,74,51,90,84,97,123,129,38,98,19,12" hai2="78,63,104,73,68,21,57,47,52,77,60,5,35" hai3="2,22,62,110,14,70,100,81,83,124,75,50,33"/><T46/><D114/><U10/><E123/><V108/><F35/><W31/><G2/><T102/><D118/><U95/><E38/><V59/><F68/><W41/><G110/><T4/><D4/><U67/><E129/><V92/><F104/><W88/><G100/><T121/><D121/><U93/><E67/><V135/><F108/><W106/><G106/><T125/><D125/><U115/><E115/><V43/><F135/><W107/><G107/><T25/><D101/><U117/><E117/><V29/><F5/><W128/><G33/><T36/><D36/><U87/><E74/><V103/><F73/><W6/><G124/><T66/><D102/><U44/><REACH who="1" step="1"/><E10/><REACH who="1" ten="250,240,250,250" step="2"/><V55/><F21/><W58/><G22/><N who="0" m="15415" /><D72/><U130/><E130/><V69/><F69/><W15/><G128/><T61/><D66/><U96/><E96/><N who="2" m="59783" /><F29/><W45/><G31/><T86/><D61/><U13/><E13/><V9/><F9/><N who="3" m="4407" /><G75/><T7/><D7/><U79/><E79/><V42/><F78/><W109/><G70/><T112/><D112/><U133/><E133/><V8/><F77/><W32/><G109/><T40/><AGARI ba="0,1" hai="18,23,26,40,46,48,64,65,80,86,91" m="15415" machi="40" ten="30,1500,0" yaku="8,1" doraHai="105" who="0" fromWho="0" sc="250,25,240,-5,250,-5,250,-5" /><INIT seed="0,1,0,1,2,69" ten="275,235,245,245" oya="0" hai0="47,55,19,105,67,58,93,25,120,12,107,34,31" hai1="53,108,102,8,74,36,90,0,13,130,100,92,20" hai2="131,128,16,18,80,118,61,41,2,63,21,3,52" hai3="101,23,76,122,135,113,82,43,27,110,79,116,104"/><T95/><D120/><U62/><E74/><V51/><F41/><W111/><G113/><T98/><D67/><U91/><E0/><N who="2" m="43" /><F80/><W37/><G116/><T81/><D81/><U32/><E32/><V10/><F10/><W84/><G122/><T86/><D47/><U15/><E20/><V57/><F118/><W59/><G135/><T46/><D46/><U94/><E62/><N who="2" m="23563" /><F21/><W7/><G7/><T50/><D95/><U65/><E8/><V11/><F11/><W103/><G59/><T54/><D54/><U1/><E1/><V26/><F26/><W71/><G71/><T121/><D121/><U6/><E6/><V132/><F132/><W127/><G82/><T24/><D24/><U9/><E9/><V123/><F123/><W119/><G119/><T22/><REACH who="0" step="1"/><D86/><REACH who="0" ten="265,235,245,245" step="2"/><U49/><E65/><V115/><F115/><W125/><G84/><T78/><D78/><U17/><E53/><V4/><F4/><W133/><G27/><T42/><D42/><U77/><E77/><V35/><F35/><W96/><G43/><T87/><D87/><U40/><E40/><V112/><F112/><W48/><G133/><T5/><D5/><U33/><E94/><V45/><F45/><W68/><G76/><T75/><D75/><U39/><E92/><V85/><F85/><W106/><G79/><T124/><D124/><U83/><E83/><V60/><F60/><W129/><G125/><T44/><D44/><U64/><E64/><V28/><F28/><W70/><G127/><T109/><D109/><U97/><E108/><V56/><F56/><W30/><G110/><RYUUKYOKU ba="1,1" sc="265,15,235,-15,245,15,245,-15" hai0="12,19,22,25,31,34,50,55,58,93,98,105,107" hai2="16,18,51,52,57,128,131" /><INIT seed="0,2,1,4,0,7" ten="280,220,260,230" oya="0" hai0="34,77,104,127,65,131,67,9,48,98,6,134,16" hai1="29,3,126,54,40,120,66,0,30,75,36,28,114" hai2="78,21,69,91,107,76,27,51,35,94,32,106,90" hai3="84,63,45,122,117,42,123,119,124,19,70,12,74"/><T8/><D134/><U37/><E120/><N who="3" m="46122" /><G74/><T96/><D34/><U110/><E66/><N who="0" m="25097" /><D104/><U11/><E40/><V22/><F27/><W85/><G124/><T99/><D127/><U102/><E126/><V108/><F94/><W1/><G1/><N who="1" m="586" /><E102/><V52/><F51/><N who="3" m="27063" /><G63/><T105/><D105/><U133/><E54/><V116/><F52/><W5/><G5/><T24/><D131/><U128/><E128/><V46/><F46/><W60/><G60/><T33/><D33/><U135/><E110/><V73/><F73/><W18/><G18/><T71/><D71/><U68/><E75/><V103/><F69/><W83/><G70/><T118/><D118/><N who="3" m="45065" /><G83/><T89/><D6/><U43/><E68/><V97/><F116/><W13/><G13/><T20/><D48/><U64/><E64/><V44/><F44/><W4/><G4/><T115/><D115/><U92/><E114/><V95/><F108/><W121/><N who="3" m="46130" /><W130/><DORA hai="38" /><G130/><T82/><D77/><U58/><E92/><V88/><F78/><W14/><G14/><T50/><D50/><U72/><E72/><V111/><F76/><W25/><G25/><T129/><D129/><U59/><E43/><V47/><F111/><W87/><G87/><AGARI ba="2,1" hai="8,9,16,20,24,82,87,89,96,98,99" m="25097" machi="87" ten="30,11600,0" yaku="8,1,52,2,54,1" doraHai="7,38" who="0" fromWho="3" sc="280,132,220,0,260,0,230,-122" /><INIT seed="0,3,0,2,0,70" ten="412,220,260,108" oya="0" hai0="52,82,38,47,91,61,95,11,29,108,71,121,125" hai1="39,32,122,35,42,75,14,30,79,34,78,74,58" hai2="100,53,120,67,50,3,80,57,105,23,19,7,56" hai3="65,96,0,116,43,64,16,68,6,112,33,62,73"/><T104/><D121/><U92/><E122/><V99/><F120/><W66/><G112/><T128/><D104/><U106/><E106/><V114/><F114/><W113/><G113/><T102/><D128/><U22/><E58/><V46/><F67/><W77/><G116/><T21/><D125/><U49/><E49/><V109/><F109/><W54/><G33/><T123/><D102/><U45/><E92/><V119/><F119/><W89/><G6/><T1/><D82/><U101/><E101/><V110/><F110/><W118/><G0/><T117/><D117/><U90/><E90/><V48/><F7/><W4/><G4/><T133/><D123/><U63/><E63/><V10/><F10/><W98/><G118/><T40/><D11/><U37/><E37/><V103/><F3/><W60/><G43/><T9/><D9/><U107/><E107/><V135/><F103/><W127/><G127/><T85/><D1/><U41/><E41/><V130/><F130/><W18/><G54/><T59/><D71/><U81/><E14/><V72/><F50/><W129/><G129/><T51/><D108/><U111/><E111/><V31/><F48/><W126/><G126/><T5/><D5/><U12/><E12/><V20/><F53/><W88/><G68/><T15/><D15/><U26/><E22/><V131/><F131/><W27/><G66/><T24/><D51/><U83/><AGARI ba="3,0" hai="26,30,32,34,35,39,42,45,74,75,78,79,81,83" machi="83" ten="30,12000,2" yaku="0,1,9,1,33,3,52,1" doraHai="70" who="1" fromWho="1" sc="412,-63,220,129,260,-33,108,-33" /><INIT seed="1,0,0,0,2,78" ten="349,349,227,75" oya="1" hai0="62,33,111,71,26,81,56,68,19,114,115,91,8" hai1="98,77,128,104,99,58,28,51,2,24,36,84,129" hai2="7,32,118,55,35,103,18,21,63,101,75,119,13" hai3="72,3,121,40,124,39,59,4,125,93,1,12,127"/><U83/><E36/><V41/><F75/><W126/><N who="3" m="31744" /><DORA hai="76" /><W132/><G121/><T94/><D111/><U117/><E2/><V14/><F41/><W88/><G132/><T106/><D106/><U67/><E117/><V49/><F63/><W5/><G59/><T120/><D120/><U70/><E70/><V27/><F101/><W9/><G72/><T135/><D135/><U79/><E67/><V38/><F103/><W52/><G5/><T73/><D71/><U92/><E104/><V54/><F38/><W57/><G40/><T46/><D68/><U96/><E58/><V134/><F134/><W122/><G39/><T34/><D46/><U37/><E51/><V113/><F49/><N who="3" m="30863" /><G122/><T48/><D48/><U123/><E37/><V130/><F55/><W0/><G0/><T44/><D44/><U89/><E123/><V31/><F54/><W105/><G105/><T95/><D73/><U50/><E50/><V97/><F7/><W109/><G109/><T20/><D56/><U86/><REACH who="1" step="1"/><E77/><REACH who="1" ten="349,339,227,75" step="2"/><V69/><F69/><W47/><G47/><T16/><D62/><U6/><E6/><V80/><F119/><W82/><G82/><T112/><D81/><U102/><E102/><V110/><F118/><W15/><G3/><T66/><D66/><U60/><E60/><V116/><F116/><W22/><G22/><AGARI ba="0,1" hai="22,24,28,79,83,84,86,89,92,96,98,99,128,129" machi="22" ten="40,12000,1" yaku="1,1,52,2,53,1" doraHai="78,76" doraHaiUra="74,11" who="1" fromWho="3" sc="349,0,339,130,227,0,75,-120" owari="349,14.9,469,56.9,227,-17.3,-45,-54.5" /></mjloggm>