<mjloggm ver="2.3"><GO type="225" lobby="0"/><UN n0="%E6%9A%87%E4%BA%BA%EF%BC%A0%E9%85%8D%E4%BF%A1%E5%9E%A2" n1="%E3%81%A9%E3%82%93%E3%82%88%E3%81%8F%4D%6B%2E%32" n2="%E3%81%B2%E3%81%AA%E3%81%AE%E3%82%8A%E3%81%8F" n3="%E9%A2%A8%E3%81%A7%E9%B3%B4%E3%81%8F" dan="17,16,17,16" rate="2157.52,2139.37,2208.52,2159.00" sx="F,M,M,M"/><TAIKYOKU oya="0"/><INIT seed="0,0,0,1,1,14" ten="250,250,250,250" oya="0" hai0="104,101,119,98,88,87,67,102,37,5,96,82,80" hai1="76,45,36,127,59,70,65,83,28,131,6,43,132" hai2="58,93,2,12,134,113,99,25,35,55,114,3,20" hai3="126,13,41,42,4,90,125,72,18,34,91,122,8"/><T117/><D37/><U135/><E28/><V16/><F134/><N who="1" m="51241" /><E6/><V30/><F114/><W92/><G72/><T69/><D5/><U31/><E31/><V56/><F113/><W112/><G112/><T130/><D67/><U64/><E83/><V75/><F75/><W29/><G91/><T107/><D69/><U110/><E76/><V111/><F111/><W120/><G29/><T57/><D57/><U39/><E110/><V7/><F7/><W26/><G26/><T68/><D68/><U123/><E123/><N who="3" m="47146" /><G34/><T50/><D50/><N who="1" m="26943" /><E131/><V60/><REACH who="2" step="1"/><F58/><REACH who="2" ten="250,250,240,250" step="2"/><W62/><G4/><T129/><REACH who="0" step="1"/><D80/><REACH who="0" ten="240,250,240,250" step="2"/><U49/><E70/><V78/><F78/><W73/><G125/><T100/><D100/><AGARI ba="0,2" hai="2,3,12,16,20,25,30,35,55,56,60,93,99,100" machi="100" ten="30,7700,0" yaku="1,1,7,1,52,1,54,1,53,0" doraHai="14" doraHaiUra="85" who="2" fromWho="0" sc="240,-77,250,0,240,97,250,0" /><INIT seed="1,0,0,1,5,10" ten="163,250,337,250" oya="1" hai0="116,79,29,97,7,13,0,9,111,131,115,36,109" hai1="135,103,72,66,100,24,45,65,70,90,11,35,121" hai2="1,58,6,133,33,117,83,87,34,39,28,8,99" hai3="95,96,48,127,38,85,18,68,37,69,113,93,73"/><U119/><E121/><V102/><F39/><W75/><G113/><T98/><D36/><U130/><E119/><V88/><F117/><W71/><G127/><T76/><D116/><U61/><E65/><V80/><F133/><W32/><G32/><T42/><D115/><U43/><E72/><V120/><F120/><W56/><G38/><T25/><D42/><U112/><E112/><V82/><F58/><W77/><G37/><T49/><D49/><U23/><E35/><V30/><F34/><W4/><G4/><T53/><D53/><U16/><E135/><V108/><F108/><N who="0" m="41546" /><D131/><U122/><E122/><V22/><F33/><W21/><G93/><T124/><D124/><U81/><E130/><V51/><F51/><W57/><G85/><T14/><D25/><U19/><E45/><V126/><F126/><W50/><G50/><T2/><D29/><U47/><E47/><V78/><F22/><W104/><G104/><T54/><D54/><U55/><E43/><V5/><F5/><W101/><G48/><T12/><D0/><U63/><E55/><V31/><REACH who="2" step="1"/><F78/><AGARI ba="0,0" hai="2,7,9,12,13,14,76,78,79,97,98" m="41546" machi="78" ten="30,7700,0" yaku="14,1,52,3" doraHai="10" who="0" fromWho="2" sc="163,77,250,0,337,-77,250,0" /><INIT seed="2,0,0,0,0,38" ten="240,250,260,250" oya="2" hai0="129,12,71,16,43,132,89,10,91,86,4,67,46" hai1="106,101,29,51,127,126,125,76,15,27,48,7,64" hai2="5,118,24,95,100,33,98,82,49,44,21,39,130" hai3="3,32,114,85,104,79,96,14,68,8,30,0,119"/><V59/><F118/><W34/><G68/><T116/><D116/><U115/><E115/><V40/><F130/><W123/><G119/><T97/><D129/><U77/><E64/><V87/><F5/><W83/><G123/><T18/><D132/><U60/><E60/><V1/><F1/><W54/><G114/><T113/><D113/><U22/><E106/><V42/><F33/><W90/><G32/><T120/><D120/><U23/><E101/><V105/><F105/><W20/><G34/><T99/><D67/><U41/><E51/><V131/><F131/><W31/><G0/><T47/><D47/><N who="1" m="25711" /><E23/><V80/><F39/><W112/><G112/><T74/><D74/><U69/><E69/><V111/><F111/><W26/><G3/><T70/><D70/><U135/><E135/><V50/><F59/><W122/><G122/><T73/><D73/><U28/><E28/><N who="2" m="17423" /><F87/><W17/><G54/><T2/><D71/><U78/><E7/><V103/><F103/><W19/><G104/><T133/><D133/><U124/><N who="1" m="31744" /><DORA hai="62" /><U13/><AGARI ba="0,0" hai="13,15,22,27,29,76,77,78" m="31744,25711" machi="13" ten="60,7900,0" yaku="4,1,18,1,52,1" doraHai="38,62" who="1" fromWho="1" sc="240,-20,250,79,260,-39,250,-20" /><INIT seed="3,0,0,5,0,133" ten="220,329,221,230" oya="3" hai0="11,35,6,62,72,34,2,54,118,98,22,122,91" hai1="8,134,74,104,73,33,99,135,39,7,67,117,123" hai2="4,70,36,61,124,26,1,105,132,21,66,53,108" hai3="80,112,14,128,115,12,15,46,120,58,77,127,0"/><W84/><G120/><T32/><D122/><U106/><E123/><V30/><F108/><W109/><G109/><T56/><D72/><N who="1" m="27755" /><E39/><V111/><F111/><W19/><G0/><T59/><D118/><U75/><E75/><V63/><F132/><N who="1" m="50729" /><E117/><V48/><F36/><W44/><G128/><T97/><D91/><U31/><E67/><V55/><F105/><N who="1" m="40553" /><E99/><V23/><F66/><W45/><G19/><T130/><D130/><U29/><E33/><V25/><F70/><W116/><G116/><T71/><D71/><U79/><E79/><V60/><F48/><W102/><G112/><T64/><REACH who="0" step="1"/><D22/><REACH who="0" ten="210,329,221,230" step="2"/><U88/><E88/><V69/><F69/><W16/><G115/><T65/><D65/><U103/><E103/><V94/><F94/><W38/><G102/><T95/><D95/><U78/><E78/><V52/><F124/><W83/><G127/><T40/><D40/><U68/><E68/><V96/><F96/><W42/><G80/><T18/><D18/><U90/><E90/><V49/><F30/><W37/><G16/><T82/><D82/><U13/><AGARI ba="0,1" hai="7,8,13,29,31" m="40553,50729,27755" machi="13" ten="40,1500,0" yaku="20,1" doraHai="133" who="1" fromWho="1" sc="210,-4,329,25,221,-4,230,-7" owari="206,-29.4,354,45.4,217,-18.3,223,2.3" /></mjloggm>