<mjloggm ver="2.3"><GO type="225" lobby="0"/><UN n0="%E5%B8%86%E7%AB%8B%E5%A4%8F%E8%A1%A3" n1="%E9%80%9F%E6%B0%B4%E5%87%9B%E9%A6%99" n2="%E3%81%82%E3%81%84%E3%81%82%E3%81%8A%E3%81%84" n3="%E3%81%95%E3%81%8D%E3%81%9F%E3%81%BE%E6%9E%97%E6%AA%8E" dan="17,16,18,16" rate="2170.36,2162.41,2202.04,2181.97" sx="M,F,M,M"/><TAIKYOKU oya="0"/><INIT seed="0,0,0,5,0,80" ten="250,250,250,250" oya="0" hai0="58,118,32,48,29,62,21,11,37,10,45,7,104" hai1="72,128,79,127,92,69,4,91,123,71,2,83,99" hai2="106,100,9,41,90,103,61,108,52,1,76,82,5" hai3="49,114,34,88,59,85,36,14,38,3,116,46,22"/><T15/><D118/><U13/><E123/><V84/><F108/><W135/><G135/><T96/><D37/><U111/><E111/><V26/><F41/><W115/><G116/><T131/><D131/><U113/><E2/><V65/><F106/><W16/><G34/><T78/><D32/><U12/><E128/><V42/><F42/><W70/><G70/><T19/><D78/><U44/><E127/><V87/><F26/><W97/><G3/><T54/><D104/><U98/><E113/><V126/><F126/><W50/><G97/><T35/><D96/><U130/><E130/><V105/><F105/><W0/><G0/><T73/><D73/><U93/><E44/><V25/><F25/><W55/><G38/><T53/><D35/><U8/><REACH who="1" step="1"/><E13/><REACH who="1" ten="250,240,250,250" step="2"/><V119/><F119/><W110/><G110/><T68/><D68/><U112/><E112/><V60/><F65/><W121/><G121/><T95/><D29/><U117/><E117/><V124/><F124/><W101/><G115/><T17/><D7/><U75/><E75/><V20/><F1/><W77/><G114/><T89/><D19/><U67/><E67/><V24/><F5/><W64/><G64/><T40/><D40/><U33/><E33/><V129/><F129/><W120/><G120/><T107/><D107/><U133/><E133/><V63/><F52/><N who="3" m="32143" /><G36/><T94/><REACH who="0" step="1"/><D89/><AGARI ba="0,1" hai="4,8,12,69,71,72,79,83,89,91,92,93,98,99" machi="89" ten="30,3900,0" yaku="1,1,7,1,9,1,53,0" doraHai="80" doraHaiUra="18" who="1" fromWho="0" sc="250,-39,240,49,250,0,250,0" /><INIT seed="1,0,0,2,5,38" ten="211,289,250,250" oya="1" hai0="0,7,107,23,43,13,122,41,58,105,121,76,104" hai1="29,113,77,84,133,12,75,135,126,118,97,115,2" hai2="87,71,123,88,48,55,46,20,24,83,134,30,111" hai3="132,11,64,72,3,28,19,89,81,92,119,73,94"/><U59/><E12/><V70/><F111/><W96/><G132/><N who="1" m="50762" /><E29/><V85/><F134/><W102/><G119/><T74/><D74/><U93/><E59/><V14/><F123/><N who="0" m="47114" /><D76/><U9/><E9/><V31/><F31/><W106/><G28/><T101/><D101/><U78/><E2/><V112/><F112/><N who="1" m="43081" /><E118/><V52/><F55/><W10/><G10/><N who="0" m="2407" /><D58/><U86/><E126/><V98/><F98/><W33/><G64/><T56/><D56/><U34/><E34/><V116/><F116/><W79/><G73/><T108/><D108/><U67/><E67/><V17/><REACH who="2" step="1"/><F85/><REACH who="2" ten="211,289,240,250" step="2"/><N who="1" m="32873" /><E75/><V4/><F4/><W110/><G72/><T95/><D95/><U26/><E26/><V127/><F127/><W125/><G94/><T16/><AGARI ba="0,1" hai="13,16,23,41,43,104,105,107" m="2407,47114" machi="16" ten="40,8000,1" yaku="13,1,52,2,54,1" doraHai="38" who="0" fromWho="0" sc="211,90,289,-40,240,-20,250,-20" /><INIT seed="2,0,0,3,5,62" ten="301,249,220,230" oya="2" hai0="19,5,133,120,15,23,125,118,10,16,116,79,127" hai1="7,40,4,28,100,53,3,87,92,95,89,84,11" hai2="12,91,63,128,86,8,119,52,27,42,20,6,25" hai3="55,46,93,74,33,54,43,99,73,109,18,113,14"/><V96/><F128/><W56/><G109/><T37/><D37/><U85/><E40/><V64/><F119/><N who="0" m="45610" /><D79/><U57/><E28/><V51/><F42/><W94/><G113/><T9/><D133/><U124/><E124/><V31/><F96/><W131/><G131/><T22/><D120/><U69/><E69/><V122/><F122/><W61/><G33/><T76/><D76/><U132/><E132/><V58/><F27/><W81/><G94/><T130/><D130/><U80/><E7/><V77/><F77/><W112/><G112/><T123/><D123/><U71/><E71/><V111/><F111/><W1/><G1/><N who="0" m="175" /><D23/><U65/><E100/><V38/><F38/><W121/><G121/><T117/><D117/><U134/><E134/><V67/><REACH who="2" step="1"/><F63/><REACH who="2" ten="301,249,210,230" step="2"/><W41/><G41/><T35/><D35/><U48/><E85/><V36/><F36/><W47/><G43/><T72/><D72/><U24/><E24/><AGARI ba="0,1" hai="10,15,16,19,22,24,125,127" m="175,45610" machi="24" ten="30,7700,0" yaku="12,1,34,2,54,1" doraHai="62" who="0" fromWho="1" sc="301,87,249,-77,210,0,230,0" /><INIT seed="3,0,0,5,2,11" ten="388,172,210,230" oya="3" hai0="100,68,84,114,25,18,96,116,46,129,66,34,133" hai1="113,103,6,65,16,21,58,110,0,121,70,52,132" hai2="131,95,130,63,69,15,7,56,41,55,27,13,49" hai3="3,74,72,128,88,123,26,101,33,124,61,94,67"/><W23/><G123/><T19/><D116/><U31/><E121/><V85/><F27/><W50/><G33/><T99/><D129/><N who="2" m="49162" /><F7/><W126/><G128/><T122/><D133/><U73/><E113/><V12/><F41/><W92/><G3/><T32/><D114/><U45/><E73/><V9/><F9/><W5/><G5/><T125/><D125/><N who="3" m="48233" /><G94/><T60/><D122/><U39/><E110/><V80/><F95/><W134/><G50/><T59/><D99/><U135/><E103/><V81/><F85/><N who="3" m="52239" /><G101/><T14/><D34/><U90/><E6/><V118/><F118/><W102/><G102/><T108/><D32/><U104/><E0/><V89/><F89/><W62/><G62/><T105/><D60/><N who="1" m="40231" /><E104/><V28/><F28/><N who="3" m="17503" /><G134/><N who="1" m="51242" /><E90/><V24/><F24/><W54/><G54/><T91/><D25/><N who="1" m="14503" /><E31/><V42/><F42/><W64/><G64/><AGARI ba="0,0" hai="12,13,15,49,55,56,63,64,69,80,81" m="49162" machi="64" ten="30,7700,0" yaku="19,1,52,3" doraHai="11" who="2" fromWho="3" sc="388,0,172,0,210,77,230,-77" owari="388,48.8,172,-22.8,287,8.7,153,-34.7" /></mjloggm>