<mjloggm ver="2.3"><GO type="225" lobby="0"/><UN n0="%68%6F%72%69%30%39%30%31" n1="%E3%82%B2%E3%82%B9%E8%8C%82%E5%8B%9D" n2="%E3%81%B5%E3%81%98%E3%81%8B%E3%81%A4" n3="%E3%81%B2%E3%81%AA%E3%81%AE%E3%82%8A%E3%81%8F" dan="16,16,16,17" rate="2145.40,2123.34,2130.03,2207.30" sx="M,F,M,M"/><TAIKYOKU oya="0"/><INIT seed="0,0,0,2,4,120" ten="250,250,250,250" oya="0" hai0="5,68,114,53,109,41,84,29,14,125,59,123,1" hai1="56,36,16,18,127,118,32,86,28,78,43,69,72" hai2="63,51,8,121,110,66,92,74,24,79,103,7,115" hai3="119,35,39,75,85,38,33,61,89,15,107,95,4"/><T12/><D123/><U45/><E118/><V104/><F121/><W133/><G119/><T49/><D68/><U112/><E112/><V108/><F115/><W99/><G75/><T105/><D105/><U22/><E127/><V42/><F104/><W46/><G133/><T62/><D114/><U54/><E69/><V126/><F126/><W100/><G61/><T26/><D125/><U3/><E32/><V71/><F24/><W113/><G113/><T21/><D84/><U48/><E3/><V130/><F130/><W77/><G77/><T31/><D31/><U19/><E28/><V58/><F103/><W40/><REACH who="3" step="1"/><G39/><REACH who="3" ten="250,250,250,240" step="2"/><T37/><D37/><U96/><E72/><V34/><F79/><W81/><G81/><T11/><D11/><AGARI ba="0,1" hai="4,11,15,33,35,38,40,46,85,89,95,99,100,107" machi="11" ten="40,1300,0" yaku="1,1,53,0" doraHai="120" doraHaiUra="52" who="3" fromWho="0" sc="250,-13,250,0,250,0,240,23" /><INIT seed="1,0,0,0,3,8" ten="237,250,250,263" oya="1" hai0="21,42,97,128,5,14,90,58,104,70,56,116,4" hai1="6,84,77,75,3,40,36,54,83,98,92,129,47" hai2="71,24,80,113,23,30,110,59,107,29,63,123,18" hai3="7,79,35,108,55,132,133,112,91,50,37,43,69"/><U57/><E129/><V28/><F123/><W76/><G35/><T38/><D116/><U41/><E41/><V127/><F127/><W39/><G69/><T48/><D70/><U82/><E82/><V61/><F107/><W31/><G31/><T46/><D128/><U49/><E84/><V66/><F110/><W72/><G108/><T73/><D73/><U11/><REACH who="1" step="1"/><E92/><REACH who="1" ten="237,240,250,263" step="2"/><V27/><F113/><W111/><G43/><T2/><D104/><U109/><E109/><V126/><F80/><W26/><G111/><T99/><D99/><AGARI ba="0,1" hai="3,6,11,36,40,47,49,54,57,75,77,83,98,99" machi="99" ten="40,7700,0" yaku="1,1,25,2,53,0" doraHai="8" doraHaiUra="25" who="1" fromWho="0" sc="237,-77,240,87,250,0,263,0" /><INIT seed="1,1,0,3,5,23" ten="160,327,250,263" oya="1" hai0="91,84,63,98,119,107,95,44,31,72,69,36,25" hai1="2,93,82,51,3,20,47,83,5,29,0,14,132" hai2="86,32,112,121,66,105,26,56,80,70,133,8,117" hai3="94,55,12,49,16,68,96,88,30,92,113,85,104"/><U15/><E132/><V46/><F121/><W89/><G68/><T39/><D119/><U75/><E93/><V1/><F117/><W120/><G120/><T126/><D72/><U28/><E75/><V24/><F105/><W60/><G104/><T64/><D126/><U9/><E29/><V38/><F32/><W129/><G129/><T73/><D73/><U65/><E65/><V111/><F70/><W34/><G34/><T134/><D134/><U135/><E135/><V67/><F133/><W6/><G30/><T50/><D107/><U18/><REACH who="1" step="1"/><E28/><REACH who="1" ten="160,317,250,263" step="2"/><V106/><F106/><W110/><G113/><T109/><D98/><U27/><E27/><V125/><F112/><W90/><G96/><T97/><D97/><U59/><E59/><V17/><F125/><W13/><G94/><T54/><REACH who="0" step="1"/><D109/><REACH who="0" ten="150,317,250,263" step="2"/><U74/><E74/><V114/><F111/><W61/><G110/><T99/><D99/><U78/><E78/><V35/><F114/><W22/><G90/><T118/><D118/><U62/><E62/><V76/><F76/><W81/><G89/><T19/><D19/><U124/><E124/><V101/><F17/><W33/><G61/><T52/><D52/><AGARI ba="1,2" hai="0,2,3,5,9,14,15,18,20,47,51,52,82,83" machi="52" ten="40,3900,0" yaku="1,1,54,1,53,0" doraHai="23" doraHaiUra="123" who="1" fromWho="0" sc="150,-42,317,62,250,0,263,0" /><INIT seed="1,2,0,5,2,9" ten="108,379,250,263" oya="1" hai0="130,38,54,34,83,68,101,5,7,15,89,67,73" hai1="32,8,110,13,97,72,95,107,57,76,27,44,81" hai2="85,128,37,17,40,120,69,31,26,71,99,96,127" hai3="39,93,109,115,3,10,35,92,77,82,94,123,100"/><U74/><E107/><V11/><F120/><W48/><G35/><T2/><D34/><U90/><E110/><V56/><F127/><W6/><G123/><T20/><D38/><U41/><E57/><V24/><F128/><W51/><G109/><T28/><D101/><U33/><E27/><V1/><F37/><W47/><G100/><T114/><D114/><U126/><E72/><V133/><F133/><W122/><G115/><T113/><D113/><U78/><E78/><V121/><F40/><N who="3" m="22943" /><G122/><T87/><D130/><U64/><E64/><V132/><F121/><W46/><G46/><T84/><D73/><AGARI ba="2,0" hai="3,6,10,48,51,73,77,82,92,93,94" m="22943" machi="73" ten="30,1000,0" yaku="25,1" doraHai="9" who="3" fromWho="0" sc="108,-16,379,0,250,0,263,16" /><INIT seed="2,0,0,4,3,123" ten="92,379,250,279" oya="2" hai0="59,101,57,4,52,125,121,25,132,50,13,6,92" hai1="107,58,45,54,65,15,26,56,28,61,83,127,43" hai2="66,86,120,12,19,3,74,119,80,71,73,85,75" hai3="131,60,47,106,38,94,53,91,55,122,81,36,29"/><V67/><F120/><W133/><G106/><T27/><D121/><U135/><E127/><V17/><F119/><W90/><G122/><T98/><D125/><U24/><E135/><V76/><F3/><W124/><G124/><T97/><D132/><U95/><E107/><V0/><F0/><W20/><G133/><T51/><D13/><U22/><E83/><V10/><F71/><W96/><G131/><T87/><D87/><U30/><E15/><V77/><F19/><W8/><G38/><T134/><D134/><U39/><E95/><V14/><F14/><W69/><G36/><T84/><D84/><U48/><E26/><V130/><F130/><W128/><G8/><T79/><D79/><U46/><REACH who="1" step="1"/><E30/><REACH who="1" ten="92,369,250,279" step="2"/><V40/><F40/><W41/><G81/><AGARI ba="0,1" hai="10,12,17,66,67,73,74,75,76,77,80,81,85,86" machi="81" ten="40,2000,0" yaku="9,1" doraHai="123" who="2" fromWho="3" sc="92,0,369,0,250,30,279,-20" /><INIT seed="2,1,0,3,1,96" ten="92,369,280,259" oya="2" hai0="29,124,0,87,65,11,121,99,2,105,52,100,70" hai1="46,12,41,7,44,51,93,106,40,27,114,67,24" hai2="83,108,75,49,104,64,73,13,34,130,91,18,31" hai3="134,39,95,103,26,129,133,15,43,116,111,119,92"/><V89/><F104/><W50/><G39/><T37/><D121/><U131/><E114/><V53/><F130/><W14/><G129/><T3/><D124/><U47/><E131/><V22/><F64/><W61/><G111/><T80/><D37/><U10/><E106/><V62/><F108/><W66/><G26/><N who="1" m="9770" /><E67/><V107/><F34/><W20/><G43/><N who="1" m="16458" /><E93/><V42/><F31/><W123/><G123/><T85/><D29/><U28/><E28/><V5/><F5/><W30/><G30/><T68/><D65/><U122/><E122/><V101/><F42/><AGARI ba="1,0" hai="7,10,12,42,44,46,47,51" m="16458,9770" machi="42" ten="30,1000,0" yaku="8,1" doraHai="96" who="1" fromWho="2" sc="92,0,369,13,280,-13,259,0" /><INIT seed="3,0,0,3,4,135" ten="92,382,267,259" oya="3" hai0="41,51,14,115,80,69,60,38,79,44,52,1,96" hai1="61,107,133,7,32,93,89,6,62,48,26,73,97" hai2="100,10,12,21,35,84,68,102,116,9,87,4,19" hai3="28,118,64,122,120,117,129,109,112,40,78,88,103"/><W126/><G112/><T24/><D1/><U76/><E133/><V82/><F116/><W15/><G28/><T49/><D115/><U130/><E130/><V81/><F68/><W98/><G129/><T127/><D24/><U91/><E107/><V113/><F35/><W42/><G78/><T53/><D14/><U27/><E76/><N who="2" m="46119" /><F113/><W3/><G3/><T31/><D31/><U86/><E73/><V11/><F4/><N who="1" m="1577" /><E32/><V0/><F0/><W5/><G64/><N who="0" m="41095" /><D96/><U18/><E48/><N who="0" m="18505" /><D80/><N who="1" m="49351" /><E27/><V34/><F34/><W63/><G103/><T23/><D79/><AGARI ba="0,0" hai="9,10,11,12,19,21,79,82,87,100,102" m="46119" machi="79" ten="30,1000,0" yaku="8,1" doraHai="135" who="2" fromWho="0" sc="92,-10,382,0,267,10,259,0" owari="82,-41.8,382,48.2,277,7.7,259,-14.1" /></mjloggm>