<mjloggm ver="2.3"><GO type="225" lobby="0"/><UN n0="%E3%81%99%E3%81%84%E3%81%BE%E3%81%9B%E3%83%BC%E3%82%93" n1="%E3%81%A9%E3%82%93%E3%82%88%E3%81%8F%4D%6B%2E%32" n2="%E3%80%93%E3%81%97%E3%83%BC%E3%82%89%E3%80%93" n3="%E3%83%81%E3%83%AF%E3%83%AF%E9%9A%8A%E9%95%B7" dan="18,16,16,17" rate="2293.72,2159.69,2163.75,2221.13" sx="M,M,M,M"/><TAIKYOKU oya="0"/><INIT seed="0,0,0,2,5,17" ten="250,250,250,250" oya="0" hai0="83,68,103,90,119,23,102,122,134,16,79,49,123" hai1="39,43,132,61,14,72,84,115,118,67,62,87,0" hai2="33,109,11,94,59,69,78,77,98,101,26,82,22" hai3="107,73,93,117,9,51,42,130,80,111,63,1,10"/><T71/><D119/><U105/><E118/><V28/><F69/><W52/><G117/><T50/><D134/><U54/><E0/><V133/><F133/><W110/><G107/><T32/><D32/><U47/><E72/><V91/><F109/><N who="3" m="41483" /><G130/><T66/><D90/><U128/><E115/><V76/><F33/><W106/><G106/><T64/><D83/><U15/><E105/><V126/><F126/><W18/><G42/><T85/><D85/><U30/><E132/><V56/><F11/><W81/><G73/><T96/><D96/><U113/><E113/><V29/><F29/><W5/><G63/><T95/><D95/><U19/><E30/><V70/><F70/><W6/><G93/><T124/><D124/><U27/><E128/><V60/><F59/><N who="3" m="33183" /><G18/><T45/><D16/><U35/><E61/><V125/><F125/><W75/><G75/><T21/><REACH who="0" step="1"/><D45/><REACH who="0" ten="240,250,250,250" step="2"/><U2/><E35/><V4/><F4/><W65/><G65/><T38/><D38/><U46/><E46/><V7/><F7/><W44/><G44/><T131/><D131/><U88/><E67/><N who="2" m="39303" /><F91/><W104/><G104/><T34/><D34/><U48/><E88/><V8/><F8/><W58/><G58/><T36/><D36/><U97/><E39/><V3/><F3/><AGARI ba="0,1" hai="1,3,5,6,9,10,80,81" m="33183,41483" machi="3" ten="30,2000,0" yaku="14,1,54,1" doraHai="17" who="3" fromWho="2" sc="240,0,250,0,250,-20,250,30" /><INIT seed="1,0,0,5,0,89" ten="240,250,230,280" oya="1" hai0="86,115,122,118,70,30,18,22,130,6,105,46,129" hai1="3,88,28,15,126,121,101,84,80,2,14,72,54" hai2="27,90,99,74,13,79,23,111,106,20,8,110,133" hai3="81,97,63,21,17,39,95,91,25,34,56,117,4"/><U64/><E121/><V48/><F133/><W58/><G39/><T29/><D70/><U68/><E126/><V11/><F79/><W73/><G117/><T50/><D105/><U96/><E72/><V98/><F74/><W67/><G34/><T102/><D118/><U127/><E127/><V36/><F36/><W69/><REACH who="3" step="1"/><G4/><REACH who="3" ten="240,250,230,270" step="2"/><T33/><D6/><U49/><E2/><V44/><F110/><W92/><G92/><T109/><D33/><U87/><E3/><V26/><F111/><W7/><G7/><T128/><D109/><U78/><E28/><V125/><F125/><W62/><G62/><T61/><D61/><U75/><E68/><V119/><F119/><W47/><G47/><T65/><D30/><U9/><E64/><V94/><F106/><W93/><G93/><T85/><D29/><U108/><E108/><V76/><F44/><W107/><G107/><T31/><D31/><U24/><E49/><V0/><F48/><W57/><G57/><T83/><D65/><U53/><E80/><V52/><F94/><W1/><G1/><T16/><D83/><U32/><E32/><V135/><F0/><W42/><G42/><T59/><D50/><U60/><E60/><V41/><F41/><W12/><G12/><T103/><D46/><U5/><E15/><V100/><F13/><W51/><G51/><T120/><D59/><U10/><E14/><V40/><F40/><W35/><G35/><T37/><D37/><U112/><E5/><V43/><F43/><W66/><G66/><T123/><D123/><U134/><E134/><V132/><F135/><RYUUKYOKU ba="0,1" sc="240,-10,250,-10,230,-10,270,30" hai3="17,21,25,56,58,63,67,69,73,81,91,95,97" /><INIT seed="2,1,1,0,2,28" ten="230,240,220,300" oya="2" hai0="43,127,76,46,25,108,1,56,124,22,0,130,32" hai1="65,91,2,82,92,96,106,135,86,23,11,53,123" hai2="95,94,104,40,80,61,36,93,84,85,63,121,129" hai3="41,98,87,57,122,70,89,68,27,47,109,45,30"/><V90/><F104/><W134/><G122/><T74/><D108/><U105/><E65/><V128/><F121/><W117/><G117/><T50/><D130/><N who="2" m="50282" /><F84/><W118/><G118/><T115/><D32/><U120/><E23/><V35/><F35/><W79/><G109/><T55/><D76/><U77/><E53/><V102/><F102/><W72/><G134/><T101/><D101/><U4/><E135/><V51/><F36/><W5/><G72/><T126/><D74/><N who="1" m="43319" /><E106/><V18/><F18/><W21/><G5/><T48/><D115/><U8/><E8/><V38/><F38/><W113/><G113/><T31/><AGARI ba="1,1" hai="0,1,22,25,31,43,46,48,50,55,56,124,126,127" machi="31" ten="30,2000,0" yaku="0,1,18,1" doraHai="28" who="0" fromWho="0" sc="230,33,240,-6,220,-11,300,-6" /><INIT seed="3,0,0,4,3,25" ten="263,234,209,294" oya="3" hai0="121,31,57,129,96,74,24,63,80,11,55,64,62" hai1="20,113,46,91,34,48,52,94,44,82,1,109,42" hai2="10,79,36,130,122,5,26,4,49,3,33,127,128" hai3="59,29,68,132,103,38,61,30,133,108,14,60,93"/><W73/><G73/><T114/><D121/><U84/><E34/><V21/><F36/><W98/><G38/><T6/><D129/><N who="2" m="49770" /><F79/><W35/><G108/><T43/><D43/><U23/><E113/><V117/><F49/><W89/><G68/><T70/><D96/><U8/><E109/><V32/><F122/><W87/><G60/><T107/><D107/><U28/><E1/><N who="2" m="271" /><F117/><W13/><G35/><N who="2" m="13385" /><F127/><W54/><G133/><T83/><D74/><U71/><E71/><V97/><F97/><W16/><G132/><T101/><D63/><U112/><E112/><V75/><F75/><W27/><G98/><T88/><D114/><U50/><E94/><V17/><F5/><W67/><G103/><T104/><D101/><U111/><E111/><V124/><F124/><W12/><G67/><T2/><D64/><U123/><E123/><V86/><F86/><W40/><G40/><T78/><D70/><U22/><E8/><V92/><F92/><W131/><G131/><T126/><D126/><U115/><E115/><V65/><F65/><W47/><G47/><T19/><D104/><U102/><E102/><V110/><F110/><W118/><G118/><T90/><D83/><U51/><E51/><V99/><F99/><W119/><G119/><T76/><D80/><U81/><E82/><V100/><F100/><W45/><G45/><T15/><D78/><U106/><E106/><V41/><F41/><W37/><G37/><T0/><D76/><U105/><E105/><V66/><F66/><W58/><G58/><T72/><D72/><U69/><E69/><V125/><F125/><RYUUKYOKU ba="0,0" sc="263,-30,234,10,209,10,294,10" hai1="20,22,23,28,42,44,46,48,50,52,81,84,91" hai2="3,17,21,26" hai3="12,13,14,16,27,29,30,54,59,61,87,89,93" owari="233,-16.7,244,4.4,219,-28.1,304,40.4" /></mjloggm>