<mjloggm ver="2.3"><GO type="225" lobby="0"/><UN n0="%E3%83%AB%E3%83%9B%E3%83%B3%E3%83%87%E3%82%A3%E3%82%A8" n1="%E3%82%B2%E3%82%B9%E8%8C%82%E5%8B%9D" n2="%45%6C%79%73%69%75%6D" n3="%E5%A4%9C%E3%81%AE%E3%82%AC%E3%82%B9%E3%83%91%E3%83%BC%E3%83%AB" dan="17,16,17,16" rate="2206.63,2069.71,2106.32,2120.76" sx="M,F,F,M"/><TAIKYOKU oya="0"/><INIT seed="0,0,0,5,1,22" ten="250,250,250,250" oya="0" hai0="92,121,51,48,115,87,39,35,107,86,123,28,24" hai1="119,12,72,21,114,66,75,71,132,8,104,105,68" hai2="59,70,69,32,77,96,116,30,5,7,99,106,4" hai3="26,27,93,20,90,131,64,52,91,124,127,46,2"/><T88/><D115/><U126/><E21/><V108/><F108/><W81/><G2/><T40/><D107/><U111/><E12/><V31/><F116/><W38/><G131/><T60/><D39/><U50/><E8/><V122/><F122/><W97/><G64/><T100/><D100/><U34/><E50/><V14/><F77/><W57/><G20/><T94/><D60/><U47/><E47/><V135/><F135/><W102/><G81/><T85/><D51/><U13/><E13/><V103/><F99/><W44/><G38/><T89/><D86/><U41/><E41/><V61/><F14/><W25/><G124/><T79/><D79/><U129/><E66/><V120/><F120/><W58/><G127/><T78/><D78/><U53/><E53/><V62/><F62/><N who="3" m="36135" /><G58/><T110/><D110/><U19/><E19/><V10/><F10/><W29/><G29/><T112/><D112/><U83/><E83/><V23/><F32/><W37/><G37/><T33/><D33/><U130/><E72/><V42/><F42/><W9/><G9/><T125/><D125/><U16/><E71/><N who="2" m="27147" /><F23/><W45/><AGARI ba="0,0" hai="25,26,27,44,45,46,90,91,93,97,102" m="36135" machi="45" ten="30,8000,1" yaku="8,1,52,3,54,1" doraHai="22" who="3" fromWho="3" sc="250,-40,250,-20,250,-20,250,80" /><INIT seed="1,0,0,0,5,57" ten="210,230,230,330" oya="1" hai0="135,83,25,65,99,126,78,40,116,107,52,81,119" hai1="61,114,55,106,80,17,26,5,0,123,14,16,6" hai2="51,53,37,59,10,75,28,71,69,125,103,127,131" hai3="128,47,44,4,19,100,72,49,45,94,54,3,91"/><U134/><E106/><V104/><F75/><W88/><G72/><T63/><D40/><U34/><E114/><V129/><F37/><W67/><G128/><N who="2" m="49225" /><F28/><W120/><G120/><T30/><D126/><N who="2" m="48138" /><F10/><W112/><G112/><T111/><D135/><U33/><E134/><V82/><F82/><W76/><G76/><T43/><D111/><U117/><E80/><V121/><F121/><W32/><G32/><N who="1" m="12394" /><E55/><V21/><F21/><W46/><G54/><T132/><D52/><U95/><E95/><V122/><F122/><W73/><G73/><T15/><D43/><U115/><E115/><V130/><N who="2" m="49233" /><V86/><DORA hai="90" /><F86/><W50/><G94/><T108/><D83/><U7/><E123/><V12/><F12/><W22/><G22/><T92/><D107/><U85/><E85/><V101/><F101/><W84/><G100/><T31/><D81/><U38/><E38/><V98/><AGARI ba="0,0" hai="51,53,59,69,71,98,103,104" m="48138,49233" machi="98" ten="50,3200,0" yaku="19,1,18,1" doraHai="57,90" who="2" fromWho="2" sc="210,-8,230,-16,230,32,330,-8" /><INIT seed="2,0,0,5,5,84" ten="202,214,262,322" oya="2" hai0="113,90,75,101,102,30,48,37,28,57,74,127,61" hai1="15,45,96,24,34,71,135,11,22,50,87,99,94" hai2="2,64,97,92,58,47,128,19,123,25,51,8,88" hai3="14,32,29,81,100,82,62,77,105,83,63,103,36"/><V70/><F123/><W130/><G36/><T106/><D37/><U76/><E135/><V54/><F128/><W10/><G130/><T39/><D39/><U20/><E71/><V104/><F104/><W1/><G1/><T121/><D121/><U53/><E34/><V132/><F132/><W66/><G77/><T91/><D113/><U129/><E129/><V46/><F2/><W12/><G29/><N who="0" m="11371" /><D106/><U16/><E20/><N who="2" m="13471" /><F70/><W21/><G21/><T42/><D74/><U0/><E0/><V116/><F116/><W108/><G105/><T78/><D78/><U60/><E60/><N who="2" m="37911" /><F8/><W118/><G32/><T9/><D75/><U6/><REACH who="1" step="1"/><E76/><REACH who="1" ten="202,204,262,322" step="2"/><V72/><F72/><W73/><G73/><T40/><D9/><U124/><E124/><V112/><F112/><W18/><G10/><T67/><D127/><U85/><E85/><V120/><F120/><W79/><G79/><T65/><D65/><U55/><E55/><V38/><F38/><W117/><G66/><T95/><D40/><U3/><E3/><V26/><F26/><W125/><G125/><T49/><D42/><U59/><E59/><AGARI ba="0,1" hai="46,47,51,54,59,88,92,97" m="37911,13471" machi="59" ten="30,5800,0" yaku="8,1,52,1,54,1" doraHai="84" who="2" fromWho="1" sc="202,0,204,-58,262,68,322,0" /><INIT seed="2,1,0,1,0,58" ten="202,146,330,322" oya="2" hai0="17,76,91,71,46,121,8,118,40,81,43,131,84" hai1="104,45,110,25,9,114,87,106,23,15,69,48,77" hai2="0,34,54,125,78,116,85,61,18,86,74,65,134" hai3="135,19,12,4,22,132,130,26,38,24,113,97,14"/><V123/><F116/><W51/><G38/><T7/><D121/><U32/><E32/><V73/><F123/><W108/><G108/><T127/><D127/><U42/><E110/><V37/><F37/><W112/><G130/><T57/><D71/><U102/><E114/><N who="3" m="44138" /><G51/><T63/><D131/><U72/><E72/><V60/><F125/><W80/><G80/><T13/><D118/><U93/><E69/><V68/><F134/><N who="3" m="51243" /><G97/><T47/><D17/><U21/><E21/><V31/><F0/><W27/><G27/><T3/><D3/><U64/><E64/><V107/><F107/><W90/><G90/><T49/><D91/><U119/><E119/><V88/><F18/><N who="3" m="10567" /><G4/><T126/><D126/><U16/><E102/><V89/><F78/><W36/><G36/><T11/><D7/><U94/><E93/><V52/><F68/><W28/><G28/><T10/><D13/><U30/><REACH who="1" step="1"/><E94/><REACH who="1" ten="202,136,330,322" step="2"/><V117/><F117/><W5/><G5/><T1/><D1/><U70/><E70/><V111/><F111/><W109/><G109/><T128/><D128/><U2/><E2/><V35/><F65/><W82/><G82/><AGARI ba="1,1" hai="9,15,16,23,25,30,42,45,48,77,82,87,104,106" machi="82" ten="40,2600,0" yaku="1,1,54,1,53,0" doraHai="58" doraHaiUra="56" who="1" fromWho="3" sc="202,0,136,39,330,0,322,-29" /><INIT seed="3,0,0,5,2,38" ten="202,175,330,293" oya="3" hai0="56,10,31,8,5,86,131,74,54,14,60,61,6" hai1="89,96,72,4,90,105,57,85,130,70,119,24,11" hai2="67,7,37,43,84,36,47,15,101,35,39,121,78" hai3="122,17,16,59,80,117,99,19,32,68,29,109,42"/><W88/><G117/><T48/><D131/><U40/><E70/><V126/><F35/><W108/><G122/><T27/><D74/><U28/><E119/><V77/><F121/><W21/><G68/><T26/><D86/><U63/><E72/><V3/><F3/><W55/><G32/><T134/><D134/><U44/><E130/><V13/><F126/><W132/><G132/><T45/><D31/><U116/><E116/><V83/><F67/><W98/><G42/><T133/><D61/><U94/><E105/><V128/><F128/><W112/><G112/><T125/><D125/><U62/><E57/><V124/><F124/><W106/><G106/><T97/><D97/><U33/><E96/><V50/><F101/><W135/><G135/><T93/><D93/><U73/><E89/><V0/><F78/><W87/><G108/><T110/><D110/><U34/><E73/><V118/><F118/><W115/><G115/><T25/><D133/><U12/><REACH who="1" step="1"/><E33/><REACH who="1" ten="202,165,330,293" step="2"/><V111/><F111/><W103/><G109/><T9/><D5/><U129/><E129/><V65/><F7/><W46/><G59/><T64/><AGARI ba="0,1" hai="6,8,9,10,14,25,26,27,45,48,54,56,60,64" machi="64" ten="30,2000,0" yaku="0,1,8,1" doraHai="38" who="0" fromWho="0" sc="202,30,165,-5,330,-5,293,-10" owari="232,-16.8,160,-34.0,325,42.5,283,8.3" /></mjloggm>