<mjloggm ver="2.3"><GO type="225" lobby="0"/><UN n0="%6D%75%75%6D%75%72%61" n1="%E3%81%A8%E3%82%89%E3%81%84%E3%81%A1" n2="%E3%82%BF%E3%83%BC%E3%83%90%E3%83%B3%E9%87%8E%E5%8F%A3" n3="%4B%2E%32%2E%4B%2E" dan="16,16,16,16" rate="2067.30,2119.87,2156.05,2176.33" sx="F,M,M,M"/><TAIKYOKU oya="0"/><INIT seed="0,0,0,3,5,14" ten="250,250,250,250" oya="0" hai0="62,73,102,6,54,105,81,31,90,132,56,120,12" hai1="60,133,35,33,130,82,15,70,108,55,45,64,4" hai2="91,21,16,87,19,125,94,61,40,24,110,96,135" hai3="111,13,80,88,8,116,66,84,114,83,131,5,7"/><T115/><D115/><U76/><E108/><V11/><F110/><W79/><G111/><T47/><D120/><U128/><E133/><V118/><F135/><W112/><G131/><N who="1" m="50218" /><E4/><V86/><F125/><W58/><G116/><T68/><D132/><U134/><E134/><V126/><F126/><W106/><G106/><T26/><D68/><U129/><E15/><N who="2" m="7679" /><F118/><W75/><REACH who="3" step="1"/><G5/><REACH who="3" ten="250,250,250,240" step="2"/><T44/><D105/><U10/><E129/><V85/><F40/><W59/><G59/><T117/><D117/><U49/><E10/><V98/><F61/><AGARI ba="0,1" hai="7,8,13,58,61,66,75,79,80,83,84,88,112,114" machi="61" ten="40,2600,0" yaku="1,1,54,1,53,0" doraHai="14" doraHaiUra="97" who="3" fromWho="2" sc="250,0,250,0,250,-26,240,36" /><INIT seed="1,0,0,3,0,74" ten="250,250,224,276" oya="1" hai0="123,70,71,132,76,50,104,7,112,51,35,61,1" hai1="107,100,119,90,73,126,21,43,110,62,82,3,97" hai2="40,2,120,121,41,96,87,85,57,19,128,10,33" hai3="75,0,78,103,53,38,45,4,30,47,86,59,27"/><U28/><E3/><V134/><F33/><W18/><G103/><T108/><D112/><U101/><E43/><V20/><F128/><W24/><G18/><T118/><D118/><U66/><E119/><V37/><F134/><W129/><G86/><T127/><D104/><U5/><E5/><V105/><F57/><W16/><G129/><T133/><D35/><U49/><E101/><V8/><F20/><W79/><G75/><T67/><D71/><U109/><E49/><V44/><F44/><N who="3" m="16971" /><G4/><T64/><D64/><U95/><E126/><V116/><F19/><W88/><G0/><T9/><D127/><U81/><E21/><V52/><F2/><W84/><G16/><T29/><D29/><U48/><E48/><N who="0" m="18473" /><D108/><N who="1" m="41579" /><E28/><V55/><F116/><W11/><G11/><T89/><D123/><U13/><E13/><V34/><F34/><W77/><G30/><T60/><D132/><U6/><E73/><V83/><F37/><W36/><G36/><T25/><D25/><U106/><E6/><V26/><F26/><W42/><G42/><T91/><D133/><U17/><E17/><V12/><F12/><W111/><G111/><T117/><D117/><U130/><E130/><V124/><F124/><W46/><G46/><T68/><D7/><U69/><E107/><V15/><F15/><W32/><G32/><T93/><D1/><U113/><E113/><V122/><F122/><W56/><G38/><T72/><D9/><U31/><E31/><V98/><F105/><W14/><G14/><T39/><D39/><U135/><E135/><V63/><F63/><W125/><G125/><RYUUKYOKU ba="0,0" sc="250,-15,250,15,224,15,276,-15" hai1="62,66,69,81,82,90,95,97,100,106" hai2="8,10,40,41,52,55,83,85,87,96,98,120,121" /><INIT seed="1,1,0,4,5,62" ten="235,265,239,261" oya="1" hai0="123,111,40,124,130,82,41,64,26,96,43,27,133" hai1="55,110,71,60,92,29,119,12,39,117,66,112,44" hai2="38,131,5,33,32,54,104,31,58,50,25,99,78" hai3="77,18,91,134,128,106,108,121,20,89,107,15,126"/><U120/><E29/><V19/><F131/><W28/><G121/><T10/><D130/><U90/><E120/><V2/><F38/><W125/><G128/><T34/><D123/><U21/><E112/><V101/><F78/><W13/><G108/><T0/><D111/><U76/><E110/><V49/><F19/><N who="3" m="10351" /><G28/><T30/><D124/><N who="3" m="47721" /><G77/><T85/><D133/><U69/><E69/><V67/><F2/><W11/><G134/><T56/><D96/><U81/><E21/><V115/><F5/><W118/><G118/><T94/><D94/><U63/><E12/><V4/><F4/><W8/><G8/><T79/><D27/><U100/><E100/><V35/><F115/><W73/><G73/><T114/><D114/><U132/><E132/><V86/><F86/><W87/><G91/><T70/><D70/><U47/><E90/><V7/><F7/><W22/><G11/><T17/><D0/><U1/><E1/><V116/><F116/><W36/><G36/><T109/><D109/><U74/><E39/><V3/><F3/><W127/><N who="3" m="47729" /><W59/><DORA hai="105" /><G59/><T129/><D129/><U23/><E117/><V102/><F102/><W83/><AGARI ba="1,0" hai="15,18,22,83,87,89,106,107" m="47729,10351" machi="83" ten="40,1500,0" yaku="18,1" doraHai="62,105" who="3" fromWho="3" sc="235,-5,265,-8,239,-5,261,18" /><INIT seed="2,0,0,3,4,111" ten="230,257,234,279" oya="2" hai0="32,85,124,68,102,72,94,9,107,132,104,12,17" hai1="51,61,130,43,30,46,95,26,0,1,49,6,14" hai2="101,92,120,115,79,10,84,21,50,36,78,125,59" hai3="66,69,135,117,123,70,88,37,75,35,82,57,100"/><V33/><F120/><W110/><G117/><T76/><D68/><U114/><E130/><V122/><F122/><W80/><G123/><T5/><D32/><U58/><E114/><V3/><F36/><W16/><G35/><T112/><D112/><U126/><E126/><V55/><F33/><W18/><G100/><T90/><D124/><U47/><E95/><V129/><F115/><W97/><G37/><T52/><D132/><U54/><E14/><V67/><F125/><W15/><G110/><T29/><D29/><U127/><E6/><V39/><F39/><W77/><G135/><T41/><D41/><U73/><E73/><V42/><F129/><W131/><G18/><T87/><D72/><U81/><E81/><V71/><F71/><W56/><G56/><T134/><D134/><U60/><E60/><N who="2" m="38303" /><F42/><W96/><G96/><T98/><D85/><U27/><E127/><V121/><F3/><W11/><G131/><T40/><D40/><U62/><E62/><V74/><F74/><W7/><G7/><T38/><D76/><N who="2" m="29226" /><F121/><W128/><G128/><T106/><D38/><U63/><E63/><V13/><F21/><W65/><G70/><T108/><D108/><U53/><E27/><V44/><F84/><N who="3" m="50183" /><G69/><T118/><D118/><U89/><E89/><V20/><F20/><AGARI ba="0,0" hai="0,1,20,26,30,43,46,47,49,51,53,54,58,61" machi="20" ten="30,1000,0" yaku="7,1" doraHai="111" who="1" fromWho="2" sc="230,0,257,10,234,-10,279,0" /><INIT seed="3,0,0,5,1,43" ten="230,267,224,279" oya="3" hai0="10,85,62,91,83,15,58,17,41,32,0,107,125" hai1="61,124,104,5,3,119,69,108,76,56,71,54,128" hai2="39,47,4,20,21,127,86,122,101,134,53,36,24" hai3="110,106,121,114,2,126,74,130,49,6,79,94,67"/><W40/><G106/><T31/><D125/><U77/><E104/><V28/><F127/><W22/><G22/><T19/><D107/><U84/><E124/><V63/><F134/><W18/><G18/><T23/><D32/><U55/><E108/><V129/><F129/><W48/><G94/><T96/><D96/><U33/><E33/><V75/><F75/><W7/><G126/><T82/><D0/><U109/><E109/><V25/><F122/><W72/><G114/><T81/><D31/><U52/><E128/><V111/><F111/><W60/><G130/><T103/><D41/><U78/><E84/><V59/><F4/><W11/><G7/><T70/><D70/><U113/><E113/><V57/><F101/><W118/><G118/><T38/><D38/><U68/><REACH who="1" step="1"/><E119/><REACH who="1" ten="230,257,224,279" step="2"/><V116/><F116/><W102/><G74/><T44/><D85/><U95/><E95/><V123/><F123/><W92/><G92/><T132/><D132/><U42/><E42/><V51/><F86/><W73/><G40/><T99/><D82/><U34/><E34/><V65/><REACH who="2" step="1"/><F59/><REACH who="2" ten="230,257,214,279" step="2"/><N who="3" m="37279" /><G73/><T93/><D58/><U30/><E30/><AGARI ba="0,2" hai="20,21,24,25,28,30,36,39,47,51,53,57,63,65" machi="30" ten="30,7700,0" yaku="1,1,7,1,9,1,52,1,53,0" doraHai="43" doraHaiUra="35" who="2" fromWho="1" sc="230,0,257,-77,214,97,279,0" owari="230,-17.0,180,-32.0,311,41.1,279,7.9" /></mjloggm>