<mjloggm ver="2.3"><GO type="225" lobby="0"/><UN n0="%E3%81%AC%E3%81%AC%E3%81%84%E3%81%AC" n1="%E3%83%A9%E3%82%A4%E3%83%B3%E3%81%AE%E8%99%8E" n2="%E8%90%BD%E6%97%A5" n3="%E8%A8%88%E7%AE%97%E6%A9%9F%E8%87%AA%E7%84%B6" dan="16,16,17,17" rate="2081.08,2116.92,2215.31,2193.41" sx="M,M,F,M"/><TAIKYOKU oya="0"/><INIT seed="0,0,0,0,2,50" ten="250,250,250,250" oya="0" hai0="0,74,132,15,32,48,6,52,91,43,57,125,68" hai1="9,133,53,109,90,69,14,102,60,105,97,63,29" hai2="16,28,30,89,92,88,46,83,73,58,79,121,61" hai3="87,24,18,131,93,2,10,55,5,104,129,66,120"/><T98/><D0/><U75/><E109/><V96/><F121/><W124/><G104/><T115/><D115/><U42/><E133/><V119/><F119/><W20/><G66/><T21/><D32/><U106/><E106/><V41/><F89/><N who="3" m="53439" /><G120/><T116/><D116/><U77/><E42/><V134/><F134/><W114/><G114/><T44/><D132/><U8/><E29/><V112/><F112/><W37/><G37/><T85/><D74/><U82/><E69/><V65/><REACH who="2" step="1"/><F16/><REACH who="2" ten="250,250,240,250" step="2"/><W1/><G124/><T107/><D125/><U81/><E90/><V49/><AGARI ba="0,1" hai="28,30,41,46,49,58,61,65,73,79,83,88,92,96" machi="49" ten="20,8000,1" yaku="1,1,2,1,0,1,7,1,54,1,53,0" doraHai="50" doraHaiUra="117" who="2" fromWho="2" sc="250,-40,250,-20,240,90,250,-20" /><INIT seed="1,0,0,4,4,38" ten="210,230,330,230" oya="1" hai0="14,105,93,123,74,62,100,8,89,82,26,16,30" hai1="31,40,7,55,78,18,5,43,61,132,39,52,83" hai2="68,17,128,27,84,1,94,64,103,46,87,133,107" hai3="135,54,101,37,112,104,58,110,11,125,35,76,121"/><U70/><E132/><V80/><F1/><W127/><G121/><T66/><D123/><U6/><E31/><V116/><F107/><W65/><G112/><T111/><D111/><U33/><E33/><V49/><F116/><W131/><G35/><T36/><D36/><U50/><E39/><V0/><F0/><W81/><G110/><T56/><D105/><U10/><E70/><V129/><F133/><W69/><G135/><T134/><D134/><U119/><E119/><V25/><F64/><W22/><G131/><N who="2" m="50249" /><F68/><W67/><G37/><T15/><D74/><U13/><E61/><V3/><F3/><W130/><G11/><T71/><D71/><U75/><REACH who="1" step="1"/><E55/><REACH who="1" ten="210,220,330,230" step="2"/><V32/><F32/><W99/><G130/><T96/><D30/><U23/><E23/><V21/><F21/><W47/><G22/><N who="0" m="13639" /><D8/><U88/><E88/><V90/><F90/><W45/><G69/><T98/><D98/><U114/><E114/><V124/><F49/><N who="3" m="31055" /><G65/><T2/><D2/><U4/><N who="1" m="1024" /><DORA hai="63" /><U118/><E118/><V77/><F17/><W51/><G67/><T19/><D19/><U59/><AGARI ba="0,1" hai="10,13,18,40,43,50,52,59,75,78,83" m="1024" machi="59" ten="40,12000,1" yaku="1,1,0,1,52,2,54,1,53,0" doraHai="38,63" doraHaiUra="113,20" who="1" fromWho="1" sc="210,-40,220,130,330,-40,230,-40" /><INIT seed="1,1,0,5,5,131" ten="170,350,290,190" oya="1" hai0="107,21,134,92,100,116,120,11,34,44,43,111,8" hai1="101,129,74,45,112,72,76,15,53,41,64,108,4" hai2="121,118,79,13,54,3,114,22,66,47,62,130,63" hai3="84,35,124,82,59,2,68,126,18,61,25,119,81"/><U127/><E112/><V40/><F118/><W93/><G2/><T110/><D120/><U102/><E64/><V12/><F3/><W113/><G68/><T128/><D128/><U75/><E129/><V56/><F130/><W33/><G113/><T91/><D116/><U37/><E127/><N who="3" m="48682" /><G119/><T29/><D34/><N who="3" m="12809" /><G93/><T39/><D107/><U30/><E30/><V32/><F32/><W28/><G28/><T36/><D100/><U5/><E76/><V38/><F121/><W96/><G96/><T83/><D83/><U50/><E108/><N who="0" m="41513" /><D39/><U99/><E15/><V88/><F79/><W77/><G81/><T109/><N who="0" m="41521" /><T58/><DORA hai="65" /><D58/><U31/><E31/><V27/><F114/><W87/><G59/><T95/><D95/><U57/><REACH who="1" step="1"/><E102/><REACH who="1" ten="170,340,290,190" step="2"/><V6/><F13/><W80/><G77/><T78/><D78/><U14/><E14/><V52/><F12/><W90/><G25/><N who="0" m="16559" /><D11/><U17/><E17/><V97/><F6/><W104/><G18/><T67/><D67/><U89/><E89/><V71/><F88/><W125/><G125/><T1/><D8/><U7/><E7/><V106/><F27/><W49/><G90/><T69/><D1/><U9/><E9/><V85/><F22/><W86/><G80/><T103/><D103/><U16/><E16/><V123/><F123/><W51/><G82/><T115/><D115/><U46/><E46/><V48/><F47/><W133/><G84/><N who="0" m="52327" /><D69/><U55/><E55/><N who="2" m="31847" /><F85/><W10/><G10/><T73/><D73/><U94/><AGARI ba="1,1" hai="4,5,37,41,45,50,53,57,72,74,75,94,99,101" machi="94" ten="30,12000,1" yaku="1,1,0,1,53,3" doraHai="131,65" doraHaiUra="132,105" who="1" fromWho="1" sc="170,-41,340,133,290,-41,190,-41" /><INIT seed="1,2,0,0,1,22" ten="129,473,249,149" oya="1" hai0="70,16,13,95,53,44,28,47,84,24,85,113,77" hai1="108,68,79,9,119,130,96,128,40,55,82,26,54" hai2="65,18,41,87,101,121,61,106,0,105,107,29,63" hai3="35,115,73,91,103,8,117,5,11,56,104,2,64"/><U122/><E119/><V43/><F121/><W33/><G115/><T34/><D113/><U51/><E68/><V110/><F0/><W71/><G56/><T111/><D111/><U134/><E122/><V72/><F72/><W67/><G91/><T49/><D70/><U62/><E134/><V38/><F110/><W69/><G73/><T92/><D47/><U127/><E9/><V32/><F18/><W76/><G76/><T45/><D45/><N who="1" m="26023" /><E108/><V19/><F19/><W83/><G83/><T80/><REACH who="0" step="1"/><D84/><REACH who="0" ten="119,473,249,149" step="2"/><U135/><E135/><V74/><F87/><W90/><G71/><T52/><D52/><U116/><E54/><V17/><F74/><W81/><G69/><T132/><D132/><U93/><E55/><V50/><F65/><W88/><G67/><T27/><D27/><U15/><E26/><V125/><F43/><W131/><G64/><T30/><D30/><U59/><E116/><V14/><F41/><W7/><G117/><T36/><D36/><U48/><E59/><V126/><F38/><W120/><G120/><T123/><D123/><U10/><E128/><V58/><F29/><W42/><G131/><T31/><D31/><U25/><E25/><V97/><F58/><W100/><G42/><T3/><D3/><U99/><E130/><V109/><F109/><W118/><G118/><T114/><D114/><U6/><E15/><V75/><F75/><W129/><G129/><T86/><D86/><U78/><E78/><V94/><F14/><W12/><G12/><T37/><D37/><U89/><E79/><V21/><F126/><W20/><G2/><RYUUKYOKU ba="2,1" sc="119,30,473,-10,249,-10,149,-10" hai0="13,16,24,28,34,44,49,53,77,80,85,92,95" /><INIT seed="2,3,1,3,2,7" ten="149,463,239,139" oya="2" hai0="46,125,98,53,14,41,104,34,119,21,115,5,69" hai1="80,73,44,75,88,30,56,52,82,84,2,65,89" hai2="124,121,90,127,55,8,11,64,32,4,3,92,42" hai3="27,47,113,60,51,40,83,39,66,100,132,13,72"/><V18/><F121/><W107/><G132/><T9/><D115/><U111/><E111/><V61/><F32/><W28/><G113/><T48/><D34/><U36/><E2/><V1/><F42/><W129/><G129/><T49/><D125/><N who="2" m="48202" /><F55/><W114/><G114/><T95/><D69/><U78/><E30/><V12/><F1/><W63/><G13/><T45/><D119/><U102/><E102/><V91/><F92/><W96/><G51/><T0/><D104/><U131/><E131/><V94/><F94/><W33/><REACH who="3" step="1"/><G66/><REACH who="3" ten="149,463,239,129" step="2"/><T74/><D0/><U126/><E65/><V29/><F29/><W117/><G117/><T112/><D112/><U93/><E126/><V105/><F105/><W77/><AGARI ba="3,2" hai="27,28,33,39,40,47,60,63,72,77,83,96,100,107" machi="77" ten="30,2000,0" yaku="1,1,0,1,53,0" doraHai="7" doraHaiUra="120" who="3" fromWho="3" sc="149,-8,463,-8,239,-13,129,49" /><INIT seed="3,0,0,2,1,15" ten="141,455,226,178" oya="3" hai0="45,68,34,20,110,127,114,78,63,81,79,93,118" hai1="83,62,29,60,119,108,8,41,90,6,100,69,116" hai2="23,36,98,59,92,64,107,129,47,61,134,35,2" hai3="95,58,131,85,128,46,113,9,133,74,94,97,37"/><W7/><G113/><T48/><D118/><N who="1" m="45099" /><E108/><V27/><F2/><W54/><G74/><T86/><D34/><U33/><E69/><V17/><F107/><W44/><G133/><T103/><D110/><U19/><E19/><V117/><F117/><W87/><BYE who="2" /><G85/><UN n2="%E8%90%BD%E6%97%A5" /><T65/><D114/><U76/><E100/><V82/><F129/><N who="3" m="49739" /><G87/><T73/><D127/><U38/><E90/><V25/><F82/><W42/><G44/><T32/><D32/><U11/><E11/><V28/><F134/><W109/><G97/><T40/><D79/><U124/><E124/><V126/><F126/><W84/><G84/><T72/><D103/><U5/><E83/><V0/><F0/><N who="3" m="231" /><G109/><T43/><D93/><U50/><E76/><V26/><F47/><W49/><AGARI ba="0,0" hai="37,42,46,49,54,58,94,95" m="231,49739" machi="49" ten="30,1500,0" yaku="19,1" doraHai="15" who="3" fromWho="3" sc="141,-5,455,-5,226,-5,178,15" /><INIT seed="3,1,0,1,2,78" ten="136,450,221,193" oya="3" hai0="45,130,33,53,134,93,10,98,22,5,28,63,124" hai1="80,86,71,101,31,115,64,11,43,94,103,125,121" hai2="42,27,77,112,119,7,3,14,55,39,49,2,19" hai3="12,34,66,96,132,70,6,100,75,131,8,1,56"/><W114/><G114/><T73/><D73/><U72/><E121/><V99/><F112/><W82/><G56/><T122/><D130/><U109/><E109/><V25/><F119/><W88/><G34/><T74/><D74/><U62/><E72/><V0/><F7/><W41/><G131/><T84/><D134/><U44/><E94/><V127/><F77/><N who="3" m="44351" /><G12/><T16/><D124/><U51/><E125/><V37/><F127/><W97/><G97/><T48/><D122/><U36/><E115/><V23/><F99/><W128/><G128/><T108/><D108/><U81/><E81/><V24/><REACH who="2" step="1"/><F42/><REACH who="2" ten="136,450,211,193" step="2"/><W29/><G41/><T15/><D84/><U92/><E43/><V20/><F20/><W46/><G132/><T95/><D98/><U129/><E86/><V60/><F60/><N who="3" m="40263" /><G46/><AGARI ba="1,1" hai="0,2,3,14,19,23,24,25,27,37,39,46,49,55" machi="46" ten="50,1600,0" yaku="1,1,53,0" doraHai="78" doraHaiUra="87" who="2" fromWho="3" sc="136,0,450,0,211,29,193,-19" owari="136,-36.4,450,55.0,240,4.0,174,-22.6" /></mjloggm>