<mjloggm ver="2.3"><GO type="225" lobby="0"/><UN n0="%E6%BC%AB%E6%89%8D%E9%BA%BB%E5%B0%86%E5%91%86%E5%91%86" n1="%65%6B%61%72%75%74%65" n2="%E8%81%B7%E6%A5%AD%E3%80%81%E9%A2%A8%32" n3="%E7%AD%89%E3%80%85%E5%8A%9B%E5%8A%87%E5%A0%B4" dan="16,16,16,16" rate="2073.03,2171.47,2150.52,2120.35" sx="F,M,M,M"/><TAIKYOKU oya="0"/><INIT seed="0,0,0,1,5,24" ten="250,250,250,250" oya="0" hai0="120,106,95,114,118,124,74,45,44,119,86,102,111" hai1="132,29,48,89,122,68,97,126,54,51,23,7,61" hai2="113,6,108,110,70,72,34,105,55,4,27,75,79" hai3="84,9,33,129,115,60,37,25,13,65,46,57,2"/><T93/><D114/><U127/><E122/><V109/><F113/><W22/><G115/><T43/><D120/><U30/><E132/><V56/><F105/><W91/><G129/><T11/><D74/><U5/><E23/><V47/><F70/><W78/><G2/><T96/><D124/><N who="1" m="47659" /><E68/><V49/><F47/><W62/><G33/><T117/><D111/><U85/><E97/><V52/><F55/><W98/><G78/><T81/><D11/><U99/><E99/><V67/><F67/><W31/><G98/><T125/><D125/><U10/><E61/><V82/><REACH who="2" step="1"/><F75/><REACH who="2" ten="250,250,240,250" step="2"/><W40/><G65/><T134/><D134/><U50/><E54/><V133/><F133/><W100/><G57/><T18/><D44/><U71/><E71/><V32/><F32/><W73/><G73/><T83/><D45/><U20/><E20/><V26/><F26/><W131/><G131/><T42/><D42/><U19/><E19/><V63/><F63/><W92/><REACH who="3" step="1"/><G100/><REACH who="3" ten="250,250,240,240" step="2"/><T128/><D128/><U12/><E5/><AGARI ba="0,2" hai="5,9,13,22,25,31,37,40,46,60,62,84,91,92" machi="5" ten="30,7700,0" yaku="1,1,2,1,7,1,52,1,53,0" doraHai="24" doraHaiUra="103" who="3" fromWho="1" sc="250,0,250,-77,240,0,240,97" /><INIT seed="1,0,0,5,1,71" ten="250,173,240,337" oya="1" hai0="24,60,82,15,35,68,13,37,80,61,134,100,85" hai1="14,65,94,9,64,25,51,90,31,105,7,23,48" hai2="99,116,32,111,49,63,17,38,43,69,44,42,88" hai3="26,104,113,56,132,29,72,22,27,79,12,76,45"/><U96/><REACH who="1" step="1"/><E105/><REACH who="1" ten="250,163,240,337" step="2"/><V110/><F110/><W114/><G104/><T52/><D100/><U21/><E21/><V133/><F111/><W34/><G22/><T124/><D35/><U75/><E75/><V122/><F32/><W66/><G72/><T92/><D68/><U89/><E89/><V77/><F88/><W11/><G34/><T131/><D134/><U101/><E101/><V87/><F69/><W107/><G107/><T58/><D131/><U46/><E46/><V103/><F44/><W18/><G45/><T6/><D124/><U1/><E1/><V40/><F133/><W57/><G132/><T30/><D30/><U118/><E118/><V91/><F116/><W121/><G29/><T125/><D125/><U93/><E93/><V97/><F91/><W67/><G114/><T74/><D92/><U8/><E8/><V19/><F103/><W86/><G11/><T117/><D74/><U59/><E59/><V54/><F43/><W83/><G57/><T50/><D117/><U0/><E0/><V10/><F42/><W108/><G56/><T120/><D58/><U95/><E95/><V84/><F40/><W130/><G113/><T135/><D135/><U55/><E55/><V36/><F10/><W119/><G130/><T47/><D52/><U62/><E62/><V53/><F63/><W5/><G108/><T2/><D47/><U102/><E102/><V41/><F54/><W81/><G119/><T126/><D61/><U4/><E4/><V128/><F53/><W127/><G5/><T3/><D60/><U98/><E98/><V129/><F128/><RYUUKYOKU ba="0,1" sc="250,-10,163,30,240,-10,337,-10" hai1="7,9,14,23,25,31,48,51,64,65,90,94,96" /><INIT seed="1,1,1,1,2,122" ten="240,193,230,327" oya="1" hai0="127,110,123,91,62,76,37,132,49,44,18,23,48" hai1="57,55,120,10,126,131,106,78,73,51,79,74,41" hai2="8,108,65,68,67,12,88,35,99,31,13,58,119" hai3="98,102,46,29,28,96,33,24,36,63,135,93,116"/><U103/><E120/><V89/><F119/><W75/><G135/><T104/><D123/><U32/><E32/><V39/><F39/><W16/><G75/><T125/><D132/><U72/><E126/><N who="0" m="48137" /><D104/><U77/><E131/><V52/><F68/><W69/><G116/><T1/><D1/><U117/><E117/><V59/><F35/><W47/><G29/><T17/><D76/><U54/><E41/><V130/><F31/><W92/><G36/><T115/><D115/><U109/><E55/><V25/><F25/><W26/><G69/><T40/><D110/><U118/><E118/><V4/><F108/><W128/><G63/><T80/><D62/><U21/><E21/><V83/><F130/><W82/><G82/><T100/><D100/><U94/><E106/><V90/><F83/><W0/><G0/><T107/><D107/><U64/><E64/><V43/><F67/><W133/><G128/><T14/><D18/><U84/><E109/><V61/><F13/><W50/><G133/><T53/><D53/><U56/><E103/><V112/><F112/><W97/><G26/><T124/><D124/><U101/><E101/><V3/><F43/><W71/><G24/><T70/><D70/><U6/><E57/><V134/><F134/><W81/><G102/><T5/><D5/><U45/><E56/><V105/><F105/><W27/><G71/><T66/><D66/><U2/><REACH who="1" step="1"/><E74/><REACH who="1" ten="240,183,230,327" step="2"/><V113/><F113/><W95/><G33/><T87/><AGARI ba="1,2" hai="14,17,23,37,40,44,48,49,80,87,91" m="48137" machi="87" ten="30,1100,0" yaku="18,1" doraHai="122" who="0" fromWho="0" sc="240,34,183,-6,230,-4,327,-4" /><INIT seed="2,0,0,5,3,28" ten="274,177,226,323" oya="2" hai0="76,59,121,31,77,116,36,99,110,43,97,108,7" hai1="47,125,103,85,8,20,37,104,113,61,65,112,105" hai2="114,38,94,81,33,100,14,127,66,134,73,111,82" hai3="1,5,11,9,42,55,131,27,89,68,16,46,72"/><V135/><F114/><W96/><G68/><T6/><D121/><U67/><E125/><V93/><F38/><W119/><G119/><T60/><D116/><U129/><E129/><V57/><F14/><W106/><G72/><T34/><D43/><U84/><E20/><V130/><F33/><W52/><G131/><T123/><D36/><U92/><E8/><V126/><F130/><W21/><G11/><T101/><D123/><U70/><E103/><V29/><F29/><W19/><G19/><T115/><D115/><U132/><E132/><N who="2" m="50731" /><F57/><W58/><G58/><T83/><D31/><U22/><E22/><V118/><F66/><W75/><G75/><T10/><D34/><U91/><E67/><V78/><F118/><W109/><G109/><N who="0" m="42091" /><D10/><U80/><E112/><V15/><F111/><W95/><G106/><N who="0" m="63791" /><D99/><U90/><REACH who="1" step="1"/><E113/><REACH who="1" ten="274,167,226,323" step="2"/><V45/><F126/><W30/><G30/><T44/><D7/><U64/><E64/><V133/><F127/><W3/><G3/><T0/><D6/><U18/><E18/><V17/><F17/><W53/><G1/><T13/><D0/><U49/><E49/><V107/><F100/><W48/><G9/><T25/><D60/><U50/><E50/><V122/><F133/><W88/><G5/><T71/><D25/><U98/><E98/><V2/><F122/><W54/><N who="3" m="13312" /><DORA hai="26" /><W35/><G35/><T41/><D13/><U87/><E87/><V74/><F15/><W32/><G32/><T124/><D124/><U39/><E39/><V12/><F12/><W79/><G27/><T86/><D86/><U63/><E63/><RYUUKYOKU ba="0,1" sc="274,-10,167,30,226,-10,323,-10" hai1="37,47,61,65,70,80,84,85,90,91,92,104,105" /><INIT seed="3,1,1,4,3,135" ten="264,197,216,313" oya="3" hai0="53,21,47,33,20,76,49,130,86,37,54,52,71" hai1="58,80,84,26,83,92,51,18,63,77,7,96,110" hai2="69,29,3,128,91,45,65,87,23,119,41,32,60" hai3="120,11,126,43,93,62,124,88,97,50,132,48,78"/><W17/><G132/><T61/><D33/><U25/><E110/><V10/><F119/><W129/><G120/><T123/><D123/><U114/><E114/><V42/><F128/><W111/><G111/><T121/><D121/><U68/><E68/><V82/><F32/><W55/><G129/><T46/><D130/><U125/><E125/><N who="3" m="48234" /><G78/><T113/><D113/><U107/><E107/><V5/><F45/><N who="0" m="16906" /><D37/><U28/><E7/><V108/><F108/><W103/><G43/><T99/><D71/><U89/><E51/><V22/><F22/><N who="0" m="8810" /><D99/><U6/><E6/><V35/><F35/><W81/><G62/><T106/><D106/><U85/><E18/><V100/><F100/><W0/><G55/><T66/><D61/><U1/><E1/><V98/><F98/><W30/><G30/><T39/><D66/><N who="1" m="39287" /><E28/><V27/><AGARI ba="1,1" hai="3,5,10,23,27,29,41,42,60,65,69,82,87,91" machi="27" ten="30,1100,0" yaku="0,1" doraHai="135" who="2" fromWho="2" sc="264,-4,197,-4,216,24,313,-6" owari="260,6.0,193,-30.7,240,-16.0,307,40.7" /></mjloggm>