<mjloggm ver="2.3"><GO type="225" lobby="0"/><UN n0="%E3%81%99%E3%81%84%E3%81%BE%E3%81%9B%E3%83%BC%E3%82%93" n1="%E6%A1%9C%E8%8A%B1%E9%96%83%E3%80%85" n2="%28%EF%BF%A3%E2%96%BD%EF%BF%A3%29%CE%B4%E2%8C%92%E3%83%BB" n3="%E7%89%B9%E6%9D%B1%E5%96%B0%E8%B5%A4%E9%80%9F" dan="18,17,17,16" rate="2209.34,2174.77,2274.76,2063.39" sx="M,M,M,M"/><TAIKYOKU oya="0"/><INIT seed="0,0,0,5,5,27" ten="250,250,250,250" oya="0" hai0="69,74,0,116,21,99,109,89,90,56,117,72,32" hai1="67,52,4,127,124,26,46,120,53,95,9,85,77" hai2="118,123,28,22,66,57,103,75,88,43,130,30,114" hai3="108,2,33,97,134,54,64,48,42,19,3,36,76"/><T135/><D32/><U84/><E120/><V82/><F123/><W29/><G108/><T23/><D69/><U12/><E67/><V115/><F103/><W63/><G76/><T129/><D0/><U51/><E53/><V65/><F75/><W122/><G19/><T35/><D35/><U25/><E85/><N who="2" m="50231" /><F114/><W38/><G97/><T100/><D56/><U50/><E50/><V61/><F115/><W102/><G102/><T18/><D109/><U62/><E62/><V78/><F78/><W31/><G134/><T55/><D135/><U71/><E71/><V87/><F87/><W60/><G122/><T133/><D133/><U128/><E128/><V112/><F112/><W86/><G86/><T126/><D129/><U39/><E39/><V17/><F130/><W45/><G60/><T111/><D111/><U16/><E95/><V91/><F91/><W68/><G33/><T119/><D119/><U14/><E127/><V59/><F43/><W41/><G42/><T49/><D126/><U8/><REACH who="1" step="1"/><E124/><REACH who="1" ten="250,240,250,250" step="2"/><V98/><F118/><W113/><G36/><T104/><D117/><U13/><E13/><N who="2" m="9519" /><F98/><W79/><G113/><T1/><D116/><U106/><E106/><V24/><F24/><W125/><G125/><T93/><D104/><U40/><E40/><V121/><F121/><W131/><G131/><T20/><D99/><U110/><E110/><V83/><F83/><AGARI ba="0,1" hai="4,8,9,12,14,16,25,26,46,51,52,77,83,84" machi="83" ten="40,8000,1" yaku="1,1,8,1,54,2,53,0" doraHai="27" doraHaiUra="70" who="1" fromWho="2" sc="250,0,240,90,250,-80,250,0" /><INIT seed="1,0,0,0,1,112" ten="250,330,170,250" oya="1" hai0="24,86,81,73,71,47,27,78,77,23,120,62,134" hai1="35,34,99,115,7,54,101,29,74,75,25,70,126" hai2="20,46,1,79,96,106,121,43,80,59,129,3,51" hai3="83,94,97,135,64,91,2,30,100,127,68,16,44"/><U114/><E126/><V45/><F121/><W128/><G2/><T40/><D120/><U52/><E7/><V63/><F129/><W58/><G127/><T89/><D134/><U66/><E35/><V116/><F116/><W49/><G128/><T107/><D107/><N who="1" m="63935" /><E54/><V124/><F124/><W109/><G109/><T85/><D73/><N who="1" m="27659" /><E52/><V69/><F69/><W37/><G135/><T18/><D27/><U103/><E103/><V9/><F9/><W132/><G132/><T41/><D41/><U50/><E50/><V21/><F1/><W11/><G30/><T32/><D32/><U61/><AGARI ba="0,0" hai="25,29,34,61,66,70,114,115" m="27659,63935" machi="61" ten="30,3000,0" yaku="25,1,23,1" doraHai="112" who="1" fromWho="1" sc="250,-10,330,30,170,-10,250,-10" /><INIT seed="1,1,0,3,0,110" ten="240,360,160,240" oya="1" hai0="59,41,10,55,20,19,2,117,102,1,129,5,83" hai1="109,9,74,98,49,46,94,63,36,82,85,62,65" hai2="39,71,28,15,114,118,70,95,58,103,87,34,93" hai3="104,125,123,45,8,112,88,32,80,44,107,113,79"/><U13/><E36/><V30/><F39/><W121/><G32/><T6/><D117/><U14/><E74/><V66/><F118/><W23/><G23/><T77/><D129/><U81/><E109/><V92/><F103/><W90/><G8/><T57/><D41/><N who="1" m="24783" /><E65/><V130/><F130/><W56/><G56/><T3/><D102/><N who="1" m="60759" /><E14/><V73/><F73/><N who="3" m="43119" /><G44/><T47/><D47/><U133/><E133/><V54/><F66/><W24/><G24/><T51/><D59/><U132/><E132/><V26/><F30/><W12/><G45/><T84/><REACH who="0" step="1"/><D6/><REACH who="0" ten="230,360,160,240" step="2"/><N who="1" m="3255" /><E81/><V72/><F72/><W38/><G121/><T67/><D67/><U131/><E131/><V105/><F71/><W108/><G123/><T69/><D69/><U25/><E25/><AGARI ba="1,1" hai="1,2,3,5,10,19,20,25,51,55,57,77,83,84" machi="25" ten="30,3900,0" yaku="1,1,7,1,53,1" doraHai="110" doraHaiUra="18" who="0" fromWho="1" sc="230,52,360,-42,160,0,240,0" /><INIT seed="2,0,0,4,3,18" ten="282,318,160,240" oya="2" hai0="39,4,109,29,82,67,49,23,103,126,73,98,128" hai1="41,9,132,86,43,68,122,21,50,80,90,59,106" hai2="120,74,77,69,131,42,75,102,87,12,95,66,58" hai3="33,32,107,115,34,62,92,31,38,20,3,99,0"/><V64/><F69/><W65/><G38/><T11/><D39/><U83/><E68/><V93/><F120/><W57/><G115/><T8/><D109/><U108/><E108/><V13/><F42/><W35/><G107/><T63/><D126/><U79/><E132/><V105/><F105/><W119/><N who="3" m="8192" /><DORA hai="134" /><W16/><G119/><T114/><D128/><U133/><E133/><V37/><F37/><W70/><G70/><T2/><D4/><U110/><E110/><V72/><F131/><W55/><G31/><T127/><D2/><U135/><E9/><V47/><F47/><W5/><G65/><T101/><D67/><N who="2" m="25642" /><F58/><W27/><REACH who="3" step="1"/><G5/><REACH who="3" ten="282,318,160,230" step="2"/><T129/><D114/><U30/><E106/><V94/><F102/><AGARI ba="0,1" hai="0,3,16,20,27,55,57,62,92,99,102" m="8192" machi="102" ten="70,8000,1" yaku="1,1,2,1,52,1,54,1,53,0" doraHai="18,134" doraHaiUra="61,71" who="3" fromWho="2" sc="282,0,318,0,160,-80,230,90" /><INIT seed="3,0,0,2,1,107" ten="282,318,80,320" oya="3" hai0="88,108,10,32,115,66,73,72,105,64,78,63,68" hai1="21,29,92,81,12,127,113,95,67,37,110,20,40" hai2="114,109,91,128,48,34,25,98,51,120,46,57,41" hai3="24,135,85,8,94,76,14,86,53,84,45,131,79"/><W121/><G121/><T36/><D32/><U35/><E113/><V90/><F120/><W89/><G135/><T126/><D115/><U106/><E106/><V130/><F114/><W93/><G131/><T80/><D126/><U61/><E127/><V103/><F109/><W52/><G24/><T104/><D108/><U132/><E110/><V54/><F25/><W50/><G53/><T16/><D73/><U75/><E35/><V42/><F34/><W22/><G22/><T28/><D28/><U62/><E62/><V102/><F98/><N who="3" m="57647" /><G94/><T9/><D36/><U38/><E21/><V1/><F57/><W112/><G112/><T60/><D88/><U47/><E38/><V30/><F30/><W19/><AGARI ba="0,0" hai="8,14,19,45,50,52,76,79,84,85,86" m="57647" machi="19" ten="30,3000,0" yaku="8,1,54,1" doraHai="107" who="3" fromWho="3" sc="282,-10,318,-10,80,-10,320,30" owari="272,-12.8,308,10.8,70,-43.0,350,45.0" /></mjloggm>