<mjloggm ver="2.3"><GO type="225" lobby="0"/><UN n0="%E3%81%82%E3%81%99%E3%81%AB%E3%82%83%E3%82%80" n1="%33%74%72%65%65" n2="%72%69%6F%75%63%68%61%6E" n3="%E7%99%BD%E6%97%A5%E9%9B%AA%E8%8F%9C" dan="16,16,16,17" rate="2089.68,2114.78,2160.70,2228.70" sx="F,F,M,M"/><TAIKYOKU oya="0"/><INIT seed="0,0,0,3,5,103" ten="250,250,250,250" oya="0" hai0="36,127,55,4,86,87,113,45,64,59,88,69,56" hai1="75,110,118,35,131,97,16,5,13,20,6,78,28" hai2="126,125,94,99,23,40,47,53,82,44,38,9,63" hai3="48,107,27,51,101,109,24,96,98,1,30,114,100"/><T77/><D113/><U60/><E118/><V62/><F82/><W120/><G114/><T15/><D127/><N who="2" m="48650" /><F9/><W128/><G1/><T95/><D36/><U49/><E110/><V22/><F44/><W73/><G73/><T41/><D69/><U84/><E75/><V93/><F94/><W80/><G80/><N who="0" m="47375" /><D64/><U71/><E78/><V121/><F121/><W67/><G67/><T116/><D116/><U129/><E84/><V104/><F104/><W123/><G128/><T42/><D45/><U105/><E129/><V70/><F70/><W43/><G109/><T33/><D33/><U12/><E131/><V112/><F112/><W18/><G18/><T46/><D46/><U19/><E19/><V81/><F81/><W37/><G37/><T21/><D59/><U85/><E16/><V26/><F53/><W3/><G3/><T25/><D4/><U133/><E5/><V124/><N who="2" m="48658" /><V79/><DORA hai="65" /><F79/><W61/><G43/><T90/><D15/><U132/><E12/><V34/><F34/><W72/><G72/><T32/><D90/><U57/><E13/><V106/><F106/><W122/><G107/><T134/><D32/><U0/><E105/><V111/><F111/><W50/><G120/><T89/><D89/><U108/><E35/><V119/><F119/><W91/><G91/><T135/><D134/><U29/><E133/><V68/><F68/><W7/><G122/><T14/><D135/><U2/><E132/><V52/><F52/><W102/><G123/><T74/><D74/><U58/><E108/><V17/><F22/><W66/><G66/><RYUUKYOKU ba="0,0" sc="250,-10,250,-10,250,30,250,-10" hai2="17,23,26,38,40,47,62,63,93,99" /><INIT seed="1,1,0,2,1,17" ten="240,240,280,240" oya="1" hai0="135,53,89,128,28,91,114,32,65,90,109,35,68" hai1="25,104,62,36,45,119,95,10,54,59,134,69,121" hai2="3,71,29,22,60,107,123,9,92,8,15,47,98" hai3="33,120,108,19,70,122,41,94,80,49,27,125,86"/><U77/><E104/><V100/><F123/><W11/><G70/><T42/><D114/><U61/><E119/><V113/><F113/><W5/><G108/><T44/><D109/><U106/><E121/><V84/><F3/><W31/><G125/><T131/><D135/><U127/><E106/><V110/><F110/><W73/><G73/><T18/><D53/><U97/><E134/><V2/><F2/><W101/><G19/><T52/><D18/><U126/><E77/><V16/><F29/><W96/><G49/><T7/><D7/><U99/><E10/><V116/><F116/><W81/><G41/><T102/><D102/><U55/><E25/><V93/><F47/><W51/><G51/><N who="0" m="28775" /><D42/><N who="1" m="22727" /><E95/><V75/><F75/><W85/><G80/><T21/><D68/><U0/><E0/><V6/><F6/><W111/><G86/><T48/><D65/><U4/><E4/><V46/><F46/><W72/><G72/><T20/><D48/><U66/><E55/><V74/><F74/><W37/><G37/><T78/><D78/><U40/><E40/><V88/><REACH who="2" step="1"/><F107/><REACH who="2" ten="240,240,270,240" step="2"/><W24/><G111/><T26/><D32/><U79/><E127/><V87/><F87/><W103/><G33/><T13/><D13/><U112/><E126/><V76/><F76/><N who="3" m="46247" /><G122/><T115/><D115/><U130/><E112/><V23/><F23/><W118/><G120/><T129/><AGARI ba="1,1" hai="20,21,26,28,35,89,90,91,128,129,131" m="28775" machi="129" ten="40,8000,1" yaku="19,1,52,2,54,1" doraHai="17" who="0" fromWho="0" sc="240,93,240,-41,270,-21,240,-21" /><INIT seed="2,0,0,4,1,129" ten="333,199,249,219" oya="2" hai0="12,65,80,4,26,115,2,59,11,56,31,84,24" hai1="68,13,94,17,25,123,54,70,37,40,5,120,122" hai2="97,63,67,110,47,77,75,30,119,22,121,20,104" hai3="133,53,105,50,43,117,114,51,52,23,116,8,76"/><V102/><F119/><W103/><G133/><T86/><D115/><U42/><E5/><V118/><F118/><W124/><G124/><T113/><D113/><U79/><E25/><V1/><F121/><N who="1" m="30977" /><U69/><DORA hai="57" /><E79/><V44/><F1/><W6/><G114/><T33/><D24/><U87/><E37/><V60/><F110/><W0/><G76/><T74/><D74/><U112/><E112/><V16/><F30/><W78/><G78/><T71/><D86/><U100/><E54/><V19/><F60/><W108/><G43/><T89/><REACH who="0" step="1"/><D2/><REACH who="0" ten="323,199,249,219" step="2"/><U106/><E87/><V27/><F75/><W128/><G0/><T28/><D28/><U34/><E34/><V61/><F77/><W134/><G117/><T7/><D7/><U81/><E81/><V46/><REACH who="2" step="1"/><F67/><REACH who="2" ten="323,199,239,219" step="2"/><W101/><G116/><T127/><D127/><U45/><E17/><V48/><F48/><W88/><G51/><T99/><D99/><U39/><E39/><V14/><AGARI ba="0,2" hai="14,16,19,20,22,27,44,46,47,61,63,97,102,104" machi="14" ten="30,18000,2" yaku="1,1,0,1,52,2,54,1,53,1" doraHai="129,57" doraHaiUra="93,109" who="2" fromWho="2" sc="323,-60,199,-60,239,200,219,-60" /><INIT seed="2,1,0,5,1,109" ten="263,139,439,159" oya="2" hai0="91,9,102,121,32,44,66,47,40,87,19,10,94" hai1="111,93,110,120,25,98,8,37,39,76,81,88,50" hai2="113,117,134,95,116,123,78,28,5,58,36,79,63" hai3="105,62,22,135,2,119,127,90,23,104,67,20,71"/><V56/><F113/><W132/><G119/><T21/><D32/><U35/><E120/><V42/><F123/><W17/><G2/><T89/><D102/><U38/><E8/><V107/><F107/><W60/><G127/><T45/><D121/><U57/><E35/><V52/><F5/><W75/><G75/><T65/><D40/><U30/><E30/><V118/><F134/><N who="3" m="51243" /><G17/><T133/><D133/><U26/><E50/><V34/><F95/><W131/><G131/><T33/><D33/><U43/><E43/><V6/><F6/><W86/><G62/><T29/><D29/><U31/><E57/><V46/><REACH who="2" step="1"/><F58/><REACH who="2" ten="263,139,429,159" step="2"/><W11/><G105/><T97/><D9/><U64/><E111/><V14/><F14/><W128/><G104/><T77/><D10/><U72/><E110/><V103/><F103/><W15/><G128/><T12/><REACH who="0" step="1"/><D77/><REACH who="0" ten="253,139,429,159" step="2"/><U124/><E76/><V68/><F68/><W112/><G11/><T7/><D7/><U129/><E129/><V114/><F114/><W48/><G112/><T130/><D130/><U16/><E93/><AGARI ba="1,2" hai="12,19,21,44,45,47,65,66,87,89,91,93,94,97" machi="93" ten="40,8000,1" yaku="1,1,8,1,53,2" doraHai="109" doraHaiUra="85" who="0" fromWho="1" sc="253,103,139,-83,429,0,159,0" /><INIT seed="3,0,0,0,3,130" ten="356,56,429,159" oya="3" hai0="4,45,126,19,12,22,110,132,120,41,88,134,31" hai1="85,28,95,23,38,6,29,71,101,63,33,59,133" hai2="7,54,135,11,106,70,64,69,44,16,98,46,9" hai3="89,37,21,76,124,51,72,66,32,2,131,83,73"/><W113/><G113/><T97/><D110/><U36/><E71/><V86/><F135/><N who="0" m="51754" /><D120/><U123/><E123/><V47/><F64/><W77/><G32/><T99/><D126/><U0/><E133/><V18/><F86/><W39/><G2/><T5/><D31/><U104/><E33/><V75/><F75/><W81/><G131/><T15/><D88/><U102/><E104/><V100/><F54/><W48/><G66/><T79/><D79/><U50/><E0/><V61/><F61/><W56/><G89/><T105/><D12/><U119/><E63/><V90/><F90/><W74/><G74/><T43/><D43/><U122/><E122/><V20/><F16/><W94/><G124/><T27/><D27/><U128/><E128/><V91/><F91/><W118/><G77/><T60/><D60/><U65/><E119/><V96/><F98/><N who="0" m="37386" /><D105/><U52/><E29/><V111/><F111/><W3/><G76/><T1/><D1/><U26/><E65/><V62/><F62/><W8/><G3/><T127/><D127/><U13/><E85/><V10/><REACH who="2" step="1"/><F7/><REACH who="2" ten="356,56,419,159" step="2"/><W103/><G73/><T108/><D108/><U109/><E109/><V53/><F53/><W34/><G72/><T40/><D40/><U112/><E112/><V114/><F114/><W35/><G118/><T67/><D67/><U121/><E121/><V80/><F80/><W55/><G83/><T107/><D107/><U57/><E57/><V30/><F30/><W24/><G56/><T116/><D116/><U125/><E125/><V14/><AGARI ba="0,1" hai="9,10,11,14,18,20,44,46,47,69,70,96,100,106" machi="14" ten="30,2000,0" yaku="1,1,0,1,53,0" doraHai="130" doraHaiUra="87" who="2" fromWho="2" sc="356,-5,56,-5,419,30,159,-10" owari="351,15.1,51,-44.9,449,54.9,149,-25.1" /></mjloggm>