<mjloggm ver="2.3"><GO type="225" lobby="0"/><UN n0="%E9%80%86%E9%80%A3%E5%B8%AF%E3%81%AE%E9%AC%BC" n1="%E6%A0%B9%E5%85%83%E3%81%8B%E3%82%89%E5%90%B9%E3%81%A3%E9%A3%9B%E3%81%B6" n2="%70%68%65%6E%6F%6D%65" n3="%E2%98%86%E5%AD%AB%E7%87%95%E5%A7%BF%E2%98%86" dan="16,16,17,17" rate="2141.45,2179.18,2208.06,2221.48" sx="M,F,M,M"/><TAIKYOKU oya="0"/><INIT seed="0,0,0,5,3,87" ten="250,250,250,250" oya="0" hai0="72,76,54,77,127,56,60,48,80,35,125,37,50" hai1="107,57,71,105,39,121,89,46,122,68,33,123,74" hai2="134,13,69,3,118,115,98,84,34,75,66,95,128" hai3="81,100,0,104,62,12,41,1,101,96,58,24,70"/><T22/><D35/><U61/><E74/><V17/><F115/><W79/><G70/><T67/><D37/><U116/><E116/><V65/><F75/><W43/><G100/><T114/><D114/><U124/><E33/><V97/><F3/><W18/><G24/><T86/><D22/><U30/><E30/><V29/><F118/><W6/><G6/><T103/><D103/><U4/><E4/><V73/><F73/><W93/><G104/><T120/><D120/><U28/><E28/><V64/><F69/><N who="1" m="26697" /><E89/><V131/><F134/><W21/><G0/><T26/><D26/><U119/><E107/><V90/><F29/><W51/><G51/><T111/><D111/><U15/><E15/><V83/><F34/><W78/><G1/><T113/><D113/><U10/><E10/><V49/><F49/><W132/><G132/><T40/><D72/><U52/><E105/><V31/><F31/><W19/><G19/><T130/><D130/><N who="2" m="49706" /><F95/><W53/><REACH who="3" step="1"/><G81/><REACH who="3" ten="250,250,250,240" step="2"/><T55/><D80/><U45/><E119/><V2/><F2/><W106/><G106/><T108/><D48/><U59/><E123/><V112/><F112/><W27/><G27/><T11/><D50/><N who="1" m="30871" /><E124/><V44/><F44/><N who="1" m="17001" /><E39/><V110/><F110/><W126/><G126/><T99/><D108/><U47/><N who="1" m="17009" /><U5/><DORA hai="85" /><E5/><V109/><F109/><W25/><G25/><T92/><D127/><U129/><E129/><V135/><F135/><W82/><G82/><N who="0" m="47431" /><D125/><U42/><E42/><AGARI ba="0,1" hai="12,18,21,41,42,43,53,58,62,78,79,93,96,101" machi="42" ten="40,12000,2" yaku="1,1,8,1,53,4" doraHai="87,85" doraHaiUra="8,38" who="3" fromWho="1" sc="250,0,250,-120,250,0,240,130" /><INIT seed="1,0,0,0,0,101" ten="250,130,250,370" oya="1" hai0="92,46,107,120,1,87,13,76,123,30,32,110,130" hai1="82,121,10,45,52,64,22,4,36,24,60,15,112" hai2="23,58,16,111,6,94,96,108,98,126,75,42,40" hai3="99,35,20,65,67,5,79,34,59,9,62,72,88"/><U114/><E121/><V12/><F75/><W91/><G65/><T80/><D1/><U57/><E82/><V128/><F126/><W86/><G72/><T69/><D130/><U135/><E135/><V131/><F6/><W105/><G79/><T17/><D69/><U104/><E104/><V133/><F133/><W39/><G39/><T47/><D110/><N who="2" m="42026" /><F58/><W49/><G20/><T85/><D107/><U97/><E97/><N who="2" m="37483" /><F94/><W78/><G78/><T113/><D113/><U119/><E119/><V77/><F77/><W90/><G86/><T117/><D117/><U18/><REACH who="1" step="1"/><E64/><REACH who="1" ten="250,120,250,370" step="2"/><V102/><F102/><W26/><G99/><T84/><D123/><U3/><E3/><V129/><AGARI ba="0,1" hai="12,16,23,40,42,128,129,131" m="37483,42026" machi="129" ten="40,5200,0" yaku="19,1,14,1,54,1" doraHai="101" who="2" fromWho="2" sc="250,-13,120,-26,250,62,370,-13" /><INIT seed="2,0,0,1,1,13" ten="237,94,312,357" oya="2" hai0="14,17,111,97,132,74,83,113,70,133,22,110,26" hai1="89,9,15,127,67,59,63,107,41,65,57,27,58" hai2="25,80,43,101,38,126,81,92,71,62,122,120,61" hai3="69,7,87,82,35,121,37,4,114,54,75,131,5"/><V24/><F43/><W85/><G121/><T94/><D70/><U8/><E127/><V6/><F6/><W36/><G35/><T86/><D113/><U124/><E124/><V33/><F126/><W112/><G69/><T48/><D74/><U125/><E125/><V102/><F71/><W129/><G75/><T72/><D72/><U29/><E107/><V95/><REACH who="2" step="1"/><F33/><REACH who="2" ten="237,94,302,357" step="2"/><W51/><G114/><T64/><D133/><U39/><E41/><V77/><F77/><W10/><G112/><T106/><D132/><U53/><E39/><AGARI ba="0,1" hai="24,25,38,39,61,62,80,81,92,95,101,102,120,122" machi="39" ten="25,4800,0" yaku="1,1,22,2,53,0" doraHai="13" doraHaiUra="18" who="2" fromWho="1" sc="237,0,94,-48,302,58,357,0" /><INIT seed="2,1,0,5,4,124" ten="237,46,360,357" oya="2" hai0="70,8,83,62,109,11,47,0,3,90,60,112,97" hai1="48,58,88,89,66,46,114,7,104,50,40,64,6" hai2="135,105,43,120,132,116,32,68,69,21,61,54,79" hai3="126,16,125,20,91,94,1,44,131,121,118,113,103"/><V39/><F32/><W77/><G118/><T99/><D109/><U81/><E104/><V2/><F105/><W119/><G119/><T57/><D47/><U12/><E114/><V85/><F2/><W127/><G121/><T74/><D112/><U72/><E72/><V93/><F116/><W24/><G113/><T17/><D70/><U27/><E27/><V117/><F117/><W82/><G1/><T63/><D57/><U108/><E108/><V87/><F21/><W122/><G122/><T59/><D59/><U102/><E102/><V75/><F75/><N who="3" m="43327" /><G44/><T98/><D74/><U31/><E31/><V13/><F120/><W18/><G103/><T49/><D49/><U15/><E58/><N who="2" m="35031" /><F13/><W67/><G67/><T22/><D0/><U5/><E81/><V130/><F93/><W134/><G134/><N who="2" m="51241" /><F79/><W56/><G56/><T45/><D3/><U23/><E23/><V53/><F53/><W28/><G131/><T100/><D100/><U19/><E6/><V10/><F10/><W101/><G101/><T73/><D45/><U76/><E46/><N who="2" m="23935" /><F130/><W86/><AGARI ba="1,0" hai="16,18,20,24,28,86,91,94,125,126,127" m="43327" machi="86" ten="30,2000,0" yaku="18,1,54,1" doraHai="124" who="3" fromWho="3" sc="237,-6,46,-6,360,-11,357,23" /><INIT seed="3,0,0,5,5,12" ten="231,40,349,380" oya="3" hai0="74,79,54,60,41,25,134,110,0,66,27,93,2" hai1="7,88,71,99,96,126,6,98,80,92,19,45,44" hai2="122,100,33,109,112,72,46,119,81,70,104,63,57" hai3="94,135,103,22,91,50,101,53,49,8,84,115,76"/><W51/><G115/><T95/><D110/><U133/><E71/><V120/><F112/><W106/><G135/><T18/><D41/><U97/><E133/><V118/><F33/><W85/><G106/><T64/><D134/><U105/><E126/><V30/><F30/><W5/><G53/><T14/><D79/><U16/><E80/><V3/><F3/><W68/><G68/><T132/><D74/><U131/><E131/><V43/><F100/><W24/><G84/><T28/><D132/><U26/><E26/><V77/><F104/><W108/><G76/><T128/><D128/><U86/><N who="1" m="24576" /><DORA hai="29" /><U59/><E59/><V55/><F109/><W1/><REACH who="3" step="1"/><G108/><REACH who="3" ten="231,40,349,370" step="2"/><T102/><D54/><U75/><E75/><V73/><F72/><W117/><G117/><T65/><D102/><U87/><E105/><V9/><F70/><W56/><G56/><T36/><D65/><U89/><E89/><V82/><F82/><W48/><G48/><T61/><D66/><U20/><E87/><V127/><F127/><W52/><G52/><T15/><D64/><U83/><E83/><V11/><F119/><W17/><AGARI ba="0,1" hai="1,5,8,17,22,24,49,50,51,85,91,94,101,103" machi="17" ten="30,11700,0" yaku="1,1,0,1,52,1,53,1" doraHai="12,29" doraHaiUra="114,23" who="3" fromWho="3" sc="231,-39,40,-39,349,-39,370,127" owari="192,-20.8,1,-49.9,310,11.0,497,59.7" /></mjloggm>