<mjloggm ver="2.3"><GO type="225" lobby="0"/><UN n0="%E3%81%82%E3%82%93%E3%81%AA%E3%81%A4" n1="%E7%9C%9F%E4%B8%80" n2="%E9%8A%80%E3%81%B0%E3%81%95%E3%81%BF" n3="%E7%BD%AA%E5%88%91%E6%B3%95%E5%AE%9A%E4%B8%BB%E7%BE%A9" dan="16,17,17,16" rate="2107.71,2241.34,2224.77,2175.59" sx="M,M,M,M"/><TAIKYOKU oya="0"/><INIT seed="0,0,0,1,3,4" ten="250,250,250,250" oya="0" hai0="17,127,32,29,55,22,121,10,93,67,50,107,0" hai1="44,20,122,130,21,27,83,69,98,76,90,131,51" hai2="31,57,102,58,118,120,40,92,133,126,2,114,23" hai3="46,45,59,7,104,1,53,78,87,52,86,12,72"/><T36/><D107/><U70/><E122/><V38/><F114/><W117/><G104/><T16/><D121/><U19/><E98/><V116/><F120/><W68/><G117/><T75/><D75/><U134/><E134/><V105/><F105/><W63/><G1/><T56/><D36/><U124/><E90/><V18/><F133/><W42/><G68/><T88/><D127/><U3/><E3/><V96/><F126/><W91/><G72/><T8/><D67/><U100/><E100/><V14/><F2/><W49/><G78/><T13/><D0/><U108/><E21/><V115/><F115/><W129/><G129/><N who="1" m="49162" /><E108/><V81/><F81/><W125/><G125/><T103/><D103/><U9/><E9/><V106/><F106/><W66/><G45/><T25/><D17/><U94/><E94/><V33/><F33/><W135/><G135/><T43/><D43/><N who="1" m="24991" /><E124/><V6/><F31/><W113/><G113/><T47/><D47/><U5/><E5/><V82/><F6/><W132/><G132/><T15/><D15/><U89/><E89/><V80/><F80/><N who="3" m="49607" /><G87/><AGARI ba="0,0" hai="8,10,13,16,22,25,29,32,50,55,56,87,88,93" machi="87" ten="30,18000,2" yaku="7,1,25,2,52,2,54,2" doraHai="4" who="0" fromWho="3" sc="250,180,250,0,250,0,250,-180" /><AGARI ba="0,0" hai="19,20,27,69,70,76,83,87" m="24991,49162" machi="87" ten="30,1000,0" yaku="19,1" doraHai="4" who="1" fromWho="3" sc="430,0,250,10,250,0,70,-10" /><INIT seed="0,1,0,4,4,121" ten="430,260,250,60" oya="0" hai0="64,70,79,56,0,63,84,2,89,55,87,54,28" hai1="81,78,43,25,69,94,135,68,44,42,32,113,120" hai2="41,6,72,109,90,33,98,66,59,50,30,126,133" hai3="58,23,45,116,5,18,49,112,38,118,103,105,131"/><T115/><D115/><U11/><E120/><V46/><F72/><W130/><G105/><T76/><D28/><U19/><E135/><V10/><F133/><W20/><G103/><T40/><D40/><U27/><E113/><V102/><F126/><W26/><G58/><T127/><D127/><U67/><E43/><V61/><F90/><W3/><G38/><T101/><D101/><U12/><E94/><V91/><F91/><W75/><G75/><T108/><D55/><U31/><E27/><V22/><F33/><W110/><G112/><T39/><D39/><U7/><E19/><V65/><F65/><W119/><G49/><T34/><D34/><U74/><REACH who="1" step="1"/><E67/><REACH who="1" ten="430,250,250,60" step="2"/><V111/><F30/><N who="3" m="17735" /><G45/><T1/><D64/><U92/><E92/><V122/><F122/><W51/><G51/><AGARI ba="1,1" hai="7,11,12,25,31,32,42,44,51,68,69,74,78,81" machi="51" ten="30,3900,0" yaku="1,1,7,1,53,1" doraHai="121" doraHaiUra="73" who="1" fromWho="3" sc="430,0,250,52,250,0,60,-42" /><INIT seed="1,0,0,4,2,26" ten="430,302,250,18" oya="1" hai0="53,36,98,124,135,83,101,87,88,32,37,63,66" hai1="10,69,15,45,44,25,74,118,90,18,14,108,0" hai2="4,92,102,89,42,81,20,119,134,121,34,67,94" hai3="115,73,7,106,76,19,97,17,105,110,33,24,126"/><U40/><E118/><V71/><F119/><W16/><G115/><T129/><D135/><U114/><E114/><V52/><F34/><W8/><G110/><T85/><D124/><U100/><E69/><V35/><F35/><W127/><G76/><T41/><D129/><U65/><E65/><V29/><F121/><W48/><G73/><T60/><D41/><U55/><E0/><V78/><F134/><W43/><G97/><T128/><D128/><U130/><E74/><V64/><F71/><W109/><G109/><T6/><D32/><U82/><E100/><V47/><F4/><W70/><G70/><T1/><D87/><U50/><E130/><V116/><F116/><W113/><G113/><T103/><D53/><U77/><E25/><N who="2" m="16551" /><F42/><W12/><G48/><T112/><D101/><U3/><E3/><V68/><F78/><W5/><G43/><T120/><D120/><U38/><E108/><V56/><F47/><W31/><REACH who="3" step="1"/><G7/><REACH who="3" ten="430,302,250,8" step="2"/><T21/><D112/><U91/><E77/><V95/><F68/><W111/><G111/><T93/><D6/><U133/><E133/><V59/><F102/><W49/><G49/><T75/><D75/><U2/><E50/><N who="2" m="30743" /><F59/><W123/><G123/><T46/><D103/><U132/><E132/><V22/><F22/><W79/><G79/><T23/><D23/><U122/><E40/><V30/><F30/><W72/><G72/><T62/><D21/><U86/><E122/><V80/><F89/><W9/><G9/><T96/><D88/><U39/><E91/><V61/><F61/><W27/><G27/><T54/><D63/><RYUUKYOKU ba="0,1" sc="430,-15,302,-15,250,15,8,15" hai2="64,67,80,81,92,94,95" hai3="5,8,12,16,17,19,24,31,33,105,106,126,127" /><INIT seed="2,1,1,1,3,120" ten="415,287,265,23" oya="2" hai0="59,44,111,117,105,56,119,61,2,60,51,20,68" hai1="65,7,89,115,130,72,8,112,48,15,22,19,113" hai2="5,69,47,86,104,55,41,84,1,77,38,63,36" hai3="108,28,3,131,6,132,49,124,76,17,114,50,58"/><V27/><F104/><W33/><G58/><T42/><D2/><U21/><E72/><V118/><F118/><N who="0" m="45066" /><D105/><U92/><E130/><V125/><F125/><W99/><G99/><T116/><D116/><U128/><E128/><V43/><F27/><W87/><G131/><T78/><D78/><U25/><E65/><V57/><F69/><W127/><G17/><T91/><D68/><U71/><E71/><V106/><F106/><W107/><G107/><T134/><D134/><U9/><E48/><V26/><F77/><W126/><G132/><T85/><D20/><U97/><REACH who="1" step="1"/><E25/><REACH who="1" ten="415,277,265,23" step="2"/><V102/><F26/><N who="3" m="18583" /><G50/><T80/><D51/><U34/><E34/><V133/><F133/><W13/><G49/><T79/><D60/><U37/><E37/><V35/><F35/><W67/><G67/><T0/><D61/><U54/><E54/><V66/><F66/><W135/><G135/><T75/><D75/><U11/><E11/><V24/><F24/><W109/><G114/><T129/><D129/><U98/><E98/><V32/><F32/><W31/><G31/><T74/><D74/><U16/><E16/><V29/><F29/><W4/><G4/><T52/><D52/><U18/><E18/><V39/><F39/><W88/><G127/><T64/><D64/><U40/><E40/><V46/><REACH who="2" step="1"/><F102/><REACH who="2" ten="415,277,255,23" step="2"/><W73/><G126/><T10/><D56/><U23/><E23/><V14/><F14/><AGARI ba="1,3" hai="7,8,9,14,15,19,21,22,89,92,97,112,113,115" machi="14" ten="40,1300,0" yaku="1,1,53,0" doraHai="120" doraHaiUra="45" who="1" fromWho="2" sc="415,0,277,46,255,-16,23,0" /><INIT seed="3,0,0,2,0,42" ten="415,323,239,23" oya="3" hai0="47,2,112,18,64,132,101,130,115,129,54,134,84" hai1="120,124,48,11,111,38,37,83,34,50,81,46,22" hai2="44,36,30,27,105,14,35,96,69,24,31,74,103" hai3="25,119,68,15,95,63,28,76,133,117,73,39,91"/><W55/><G39/><T10/><D101/><U131/><E22/><V80/><F14/><W126/><G126/><T53/><D64/><U125/><E11/><V16/><F16/><W78/><G133/><N who="0" m="51307" /><D84/><U65/><E65/><V97/><F97/><W107/><G107/><T57/><D47/><U86/><E86/><V72/><F80/><W33/><G68/><T23/><D2/><U41/><E131/><N who="0" m="50185" /><D10/><U82/><E111/><V20/><F69/><W122/><G122/><T4/><D4/><U12/><E12/><V85/><F85/><W98/><G15/><N who="0" m="9695" /><D54/><U121/><E34/><V67/><F67/><W77/><REACH who="3" step="1"/><G73/><REACH who="3" ten="415,323,239,13" step="2"/><T88/><D115/><U123/><E37/><V9/><F36/><W62/><G62/><T100/><D112/><U108/><E108/><V7/><F105/><W56/><AGARI ba="0,1" hai="25,28,33,55,56,63,76,77,78,91,95,98,117,119" machi="56" ten="30,3000,0" yaku="1,1,0,1,53,0" doraHai="42" doraHaiUra="40" who="3" fromWho="3" sc="415,-10,323,-10,239,-10,13,40" /><INIT seed="3,1,0,4,1,73" ten="405,313,229,53" oya="3" hai0="72,83,15,93,82,26,9,5,95,8,58,0,34" hai1="21,53,85,80,48,106,101,91,97,22,66,77,52" hai2="23,119,81,64,61,126,46,37,36,99,109,45,67" hai3="33,92,35,6,110,117,55,18,124,128,130,79,54"/><W103/><G117/><T107/><D107/><U135/><E135/><V134/><F119/><W105/><G6/><T60/><D26/><U40/><E66/><V19/><F134/><W38/><G38/><T102/><D34/><N who="3" m="12809" /><G105/><T11/><D72/><U112/><E112/><V32/><F32/><W14/><G124/><T133/><D133/><U116/><E116/><V10/><F126/><W65/><G65/><T76/><D102/><U4/><E4/><V75/><F64/><W78/><G92/><T94/><D76/><N who="3" m="29225" /><G103/><T90/><D90/><U43/><E53/><N who="3" m="19978" /><G14/><T17/><D9/><U42/><E77/><V69/><F10/><W31/><G31/><T86/><D86/><U111/><E85/><V132/><F37/><W13/><G13/><T68/><D15/><U100/><E101/><V74/><F67/><W108/><G18/><T125/><D17/><U28/><E100/><V25/><F19/><W96/><G96/><T89/><D125/><U131/><E97/><V49/><F99/><W30/><G30/><T27/><D11/><U57/><E28/><V62/><F74/><W59/><G59/><T29/><D58/><U56/><E106/><V115/><F75/><W47/><G47/><T127/><D127/><U123/><E57/><V2/><F132/><W120/><G120/><T104/><D104/><U118/><E123/><V20/><F46/><W44/><G44/><T12/><D12/><U121/><E121/><V24/><F45/><W113/><G113/><T51/><D94/><U129/><E118/><V88/><F36/><W7/><G7/><T1/><D5/><RYUUKYOKU ba="1,0" sc="405,-10,313,-10,229,-10,53,30" hai3="108,110,128,130" /><INIT seed="3,2,0,5,4,111" ten="395,303,219,83" oya="3" hai0="80,119,108,96,86,33,103,124,51,41,66,99,47" hai1="118,98,58,128,32,5,0,101,74,67,61,42,76" hai2="83,107,78,45,75,53,115,16,59,24,15,90,48" hai3="84,30,79,28,112,89,85,40,19,106,37,18,63"/><W134/><G112/><T10/><D119/><U68/><E118/><V60/><F107/><W65/><G106/><T56/><D108/><U43/><E32/><V46/><F115/><W97/><G134/><T12/><D33/><U17/><E128/><V11/><F90/><W57/><G40/><T113/><D113/><U44/><E68/><V9/><F24/><W39/><G39/><T55/><D66/><U73/><E76/><V69/><F69/><W49/><G37/><T116/><D103/><U122/><E122/><V135/><F135/><W110/><G49/><N who="0" m="30831" /><D124/><U14/><E5/><V130/><F130/><W34/><G34/><T87/><D87/><N who="3" m="33353" /><G79/><N who="0" m="46367" /><D116/><U70/><E0/><V6/><F48/><W123/><G123/><T50/><D50/><U126/><E70/><V2/><AGARI ba="2,0" hai="2,6,9,11,15,16,45,46,53,59,60,75,78,83" machi="2" ten="20,2700,0" yaku="0,1,7,1,54,1" doraHai="111" who="2" fromWho="2" sc="395,-9,303,-9,219,33,83,-15" owari="386,48.6,294,9.4,252,-14.8,68,-43.2" /></mjloggm>