<mjloggm ver="2.3"><GO type="225" lobby="0"/><UN n0="%E3%81%B5%E3%81%98%E3%81%8B%E3%81%A4" n1="%E5%A4%9C%E3%81%AE%E3%82%AC%E3%82%B9%E3%83%91%E3%83%BC%E3%83%AB" n2="%E7%99%BD%E6%97%A5%E9%9B%AA%E8%8F%9C" n3="%E6%A0%B9%E5%85%83%E3%81%8B%E3%82%89%E5%90%B9%E3%81%A3%E9%A3%9B%E3%81%B6" dan="16,16,16,17" rate="2109.07,2119.80,2184.87,2150.22" sx="M,M,M,F"/><TAIKYOKU oya="0"/><INIT seed="0,0,0,5,2,14" ten="250,250,250,250" oya="0" hai0="34,55,66,134,105,70,49,89,19,42,121,27,81" hai1="30,119,120,129,91,117,75,77,56,100,47,4,104" hai2="83,96,65,108,38,12,48,101,112,52,98,63,124" hai3="135,20,21,60,85,103,35,1,90,84,72,79,111"/><T92/><D121/><U16/><E120/><V13/><F112/><W45/><G35/><T86/><D105/><U99/><E4/><V118/><F38/><W62/><G1/><T113/><D113/><U115/><E115/><V10/><F108/><W29/><G72/><T93/><D134/><U71/><E71/><V22/><F124/><W3/><G3/><T32/><D42/><U41/><E30/><V97/><F83/><N who="3" m="47231" /><G103/><T80/><D70/><U88/><E129/><V11/><F118/><W102/><G102/><T76/><D66/><U39/><E77/><V94/><F22/><W24/><G45/><T40/><D40/><U46/><E75/><V33/><F33/><W123/><G111/><T43/><D43/><U127/><E47/><V69/><F12/><W44/><G44/><N who="0" m="28071" /><D34/><U116/><E127/><V54/><F10/><W26/><G135/><T68/><D68/><U58/><E58/><V37/><F37/><W74/><G74/><T51/><D51/><U73/><E56/><V28/><F28/><N who="3" m="17415" /><G123/><T132/><D132/><U122/><E73/><V18/><F54/><W25/><G25/><T53/><D53/><U133/><E133/><V130/><F130/><W110/><G110/><T128/><D128/><U2/><E122/><V36/><F36/><W67/><G67/><T15/><D32/><U131/><E131/><V8/><F8/><W17/><G29/><T50/><D50/><U95/><E2/><V23/><F11/><W0/><G0/><T114/><D114/><U7/><E116/><V61/><F61/><W59/><G59/><AGARI ba="0,0" hai="13,18,23,48,52,59,63,65,69,94,96,97,98,101" machi="59" ten="30,3900,0" yaku="7,1,52,1,54,1" doraHai="14" who="2" fromWho="3" sc="250,0,250,0,250,39,250,-39" /><INIT seed="1,0,0,5,0,14" ten="250,250,289,211" oya="1" hai0="12,45,120,109,69,58,121,95,29,8,22,3,34" hai1="87,24,66,28,64,37,115,71,74,49,92,113,84" hai2="41,127,59,91,132,116,85,78,88,13,61,93,106" hai3="134,26,83,65,133,123,86,98,108,6,32,79,122"/><U1/><E37/><V60/><F116/><W25/><G65/><T96/><D69/><U125/><E74/><V89/><F106/><W44/><G6/><N who="0" m="1119" /><D45/><U48/><E1/><V68/><F127/><W103/><G32/><T63/><D109/><U23/><E125/><V100/><F132/><N who="3" m="50795" /><G44/><T31/><D34/><U97/><E66/><V46/><F68/><W15/><G15/><T18/><D58/><U56/><E71/><V10/><F78/><W129/><G25/><T105/><D63/><N who="1" m="37991" /><E115/><V20/><F20/><W16/><G108/><T114/><D114/><U33/><E113/><V135/><F100/><W50/><G50/><N who="1" m="19562" /><E33/><V52/><F61/><W131/><G122/><N who="0" m="47211" /><D105/><U27/><E27/><V2/><F2/><W107/><G123/><T117/><D117/><U90/><AGARI ba="0,0" hai="23,24,28,84,87,90,92,97" m="19562,37991" machi="90" ten="30,1500,0" yaku="8,1" doraHai="14" who="1" fromWho="1" sc="250,-5,250,15,289,-5,211,-5" /><INIT seed="1,1,0,2,1,116" ten="245,265,284,206" oya="1" hai0="109,39,21,115,75,42,117,32,22,98,16,19,59" hai1="130,81,131,36,125,112,48,111,99,97,106,72,86" hai2="108,43,78,11,60,92,17,54,93,14,45,47,23" hai3="77,28,31,27,94,2,82,46,76,89,44,8,122"/><U34/><E36/><V40/><F108/><W88/><G2/><T15/><D109/><U119/><E111/><V66/><F78/><W100/><G8/><T133/><D117/><U1/><E119/><V18/><F54/><W70/><G70/><T113/><D75/><U132/><E34/><V57/><F45/><W61/><G61/><T90/><D133/><U85/><E1/><V126/><F126/><W129/><G129/><N who="1" m="49162" /><E112/><V120/><F120/><W103/><G94/><T124/><D32/><U74/><E48/><V87/><F87/><N who="1" m="33289" /><E132/><V96/><F47/><W52/><G52/><T84/><D98/><N who="1" m="37387" /><E106/><V25/><REACH who="2" step="1"/><F92/><REACH who="2" ten="245,265,274,206" step="2"/><W128/><G128/><T6/><D124/><U110/><E110/><V73/><F73/><N who="1" m="28265" /><E81/><V35/><F35/><W4/><G82/><T64/><D42/><U49/><E49/><V67/><F67/><W123/><G4/><T7/><D7/><U9/><E9/><V101/><AGARI ba="1,1" hai="11,14,17,18,23,25,40,43,57,60,66,93,96,101" machi="101" ten="20,8000,1" yaku="1,1,0,1,7,1,8,1,53,1" doraHai="116" doraHaiUra="63" who="2" fromWho="2" sc="245,-21,265,-41,274,93,206,-21" /><INIT seed="2,0,0,4,2,39" ten="224,224,367,185" oya="2" hai0="108,49,100,103,66,8,132,119,62,81,116,90,80" hai1="106,56,4,124,75,36,40,125,123,107,63,76,97" hai2="83,133,21,42,93,55,35,27,131,19,121,111,73" hai3="60,114,78,51,64,7,105,115,33,58,72,28,70"/><V34/><F121/><W102/><G7/><T16/><D108/><U25/><E123/><V95/><F133/><W74/><G51/><T2/><D49/><U89/><E4/><V52/><F131/><W12/><G12/><N who="0" m="7175" /><D2/><U91/><E25/><V31/><F35/><W112/><G58/><N who="0" m="37207" /><D132/><U24/><E75/><V110/><F42/><W37/><G37/><T23/><D23/><U94/><E40/><V134/><F134/><W69/><G69/><T18/><D18/><U127/><E36/><V126/><F126/><W120/><G120/><T54/><D54/><N who="1" m="34199" /><E24/><V79/><F95/><W113/><G78/><T101/><D90/><N who="1" m="34315" /><E76/><V71/><F71/><W50/><G50/><T84/><D84/><U65/><E65/><V20/><F34/><W82/><G82/><T61/><D61/><U43/><E43/><V68/><F68/><W38/><G38/><T14/><D14/><U77/><E77/><V130/><F130/><W5/><G5/><T48/><D48/><U88/><AGARI ba="0,0" hai="88,94,97,106,107,124,125,127" m="34315,34199" machi="88" ten="40,2700,0" yaku="18,1,54,1" doraHai="39" who="1" fromWho="1" sc="224,-7,224,27,367,-13,185,-7" /><INIT seed="3,0,0,3,0,104" ten="217,251,354,178" oya="3" hai0="130,132,12,111,55,95,81,28,109,117,113,106,134" hai1="2,88,56,11,135,29,14,85,13,50,5,30,8" hai2="92,57,7,71,16,44,118,120,32,58,89,41,107" hai3="52,112,67,49,122,38,86,121,73,133,97,22,42"/><W80/><G112/><T64/><D28/><U84/><E135/><N who="0" m="51753" /><D12/><U27/><E85/><V124/><F107/><W68/><G133/><T96/><D64/><U40/><E27/><V62/><F32/><W21/><G97/><T23/><D23/><U123/><E123/><V24/><F7/><W3/><G3/><T53/><D106/><U17/><E2/><V74/><F118/><W63/><G21/><T108/><D117/><U78/><E78/><V87/><F124/><W43/><G22/><T45/><D81/><N who="1" m="49167" /><E56/><V75/><F71/><W35/><G35/><T127/><D127/><U82/><E82/><V47/><F58/><N who="3" m="33039" /><G43/><T131/><D113/><U79/><E79/><V125/><F41/><W37/><G37/><T60/><D60/><U98/><E98/><V66/><F125/><W103/><G103/><N who="0" m="60831" /><D45/><AGARI ba="0,0" hai="5,8,11,13,14,17,29,30,40,45,50" m="49167" machi="45" ten="30,2000,0" yaku="8,1,54,1" doraHai="104" who="1" fromWho="0" sc="217,-20,251,20,354,0,178,0" owari="197,-20.3,271,7.1,354,45.4,178,-32.2" /></mjloggm>