<mjloggm ver="2.3"><GO type="225" lobby="0"/><UN n0="%6D%75%75%6D%75%72%61" n1="%E3%83%96%E3%83%A9%E3%82%B6%E3%83%BC" n2="%E7%AD%89%E3%80%85%E5%8A%9B%E5%8A%87%E5%A0%B4" n3="%E7%B4%94%E6%BD%94%E3%83%94%E3%83%A9%E3%83%8B%E3%82%A2" dan="16,16,16,18" rate="2124.53,2099.87,2153.39,2283.45" sx="F,M,M,M"/><TAIKYOKU oya="0"/><INIT seed="0,0,0,2,1,12" ten="250,250,250,250" oya="0" hai0="98,40,129,94,28,83,97,119,34,130,17,76,52" hai1="133,29,132,9,114,84,8,134,135,85,77,36,51" hai2="89,110,1,25,24,103,90,46,101,75,32,30,60" hai3="47,126,66,82,81,41,108,20,100,63,15,88,56"/><T16/><D119/><U123/><E36/><V120/><F75/><W3/><G3/><T122/><D122/><U7/><E123/><V5/><F120/><W131/><G108/><T127/><D40/><U118/><E118/><V117/><F117/><W26/><G126/><T50/><D127/><U87/><E114/><V53/><F110/><W96/><G131/><N who="0" m="50187" /><D28/><U22/><N who="1" m="33792" /><DORA hai="73" /><U80/><E51/><V125/><F60/><W14/><G82/><T102/><D98/><U58/><E58/><V113/><F46/><W54/><G66/><T43/><D43/><U74/><REACH who="1" step="1"/><E7/><REACH who="1" ten="250,240,250,250" step="2"/><V45/><F5/><W112/><G112/><T111/><D111/><U57/><E57/><V6/><F6/><W39/><G81/><T79/><D34/><U31/><E31/><V64/><F30/><W10/><G10/><T59/><D76/><U68/><E68/><V48/><F32/><W27/><G39/><T69/><D69/><U99/><E99/><V93/><F113/><W2/><G96/><T0/><D0/><U18/><E18/><V109/><F1/><W13/><G2/><T62/><D50/><U105/><E105/><V38/><F48/><W71/><G71/><T124/><D124/><U92/><E92/><V4/><F93/><W37/><G37/><T78/><D78/><U86/><N who="1" m="21504" /><DORA hai="104" /><U128/><E128/><V116/><F38/><W107/><G107/><T11/><D11/><U106/><E106/><V19/><F125/><W23/><G56/><T70/><D70/><U72/><E72/><AGARI ba="0,1" hai="16,17,52,59,62,72,79,83,94,97,102" m="50187" machi="72" ten="30,18000,2" yaku="19,1,52,4,54,2" doraHai="12,73,104" who="0" fromWho="1" sc="250,190,240,-180,250,0,250,0" /><INIT seed="0,1,0,0,2,40" ten="440,60,250,250" oya="0" hai0="132,61,11,63,77,82,117,99,46,41,4,129,74" hai1="115,127,83,133,110,64,20,44,109,69,16,102,116" hai2="96,58,49,84,6,75,62,114,105,100,119,131,125" hai3="51,124,73,38,78,87,50,21,68,26,1,122,103"/><T86/><D117/><U118/><E102/><V92/><F75/><W111/><G38/><T18/><D129/><U29/><E133/><V76/><F114/><W53/><G1/><N who="0" m="399" /><D86/><U8/><E127/><V85/><F131/><W57/><G68/><T66/><D132/><U23/><E115/><V3/><F125/><W80/><G124/><T33/><D33/><U13/><E83/><V113/><F113/><W2/><G2/><T56/><D61/><N who="1" m="40079" /><E29/><V128/><F128/><W97/><G122/><T88/><D18/><U67/><E67/><V101/><F119/><N who="1" m="45609" /><E44/><V72/><F85/><W52/><G73/><T98/><D88/><U134/><E134/><V123/><F84/><W39/><G39/><AGARI ba="1,0" hai="39,41,46,56,63,66,74,77,82,98,99" m="399" machi="39" ten="30,2900,0" yaku="25,1,52,1" doraHai="40" who="0" fromWho="3" sc="440,32,60,0,250,0,250,-32" /><INIT seed="0,2,0,5,5,3" ten="472,60,250,218" oya="0" hai0="87,114,54,49,39,25,101,19,1,106,73,85,36" hai1="26,61,71,110,43,91,88,64,34,66,32,68,74" hai2="55,95,38,50,7,99,100,28,9,96,56,16,37" hai3="105,48,112,129,14,52,53,93,10,65,118,135,2"/><T45/><D73/><U44/><E110/><V78/><F28/><W8/><G105/><T63/><D114/><U126/><E74/><V103/><F78/><W121/><G112/><T82/><D1/><U120/><E120/><V113/><F113/><W115/><G115/><T15/><D25/><U111/><E111/><V22/><F9/><W42/><G118/><T4/><D106/><U31/><E126/><V51/><F50/><W11/><G121/><T94/><D63/><U69/><E32/><V27/><REACH who="2" step="1"/><F7/><REACH who="2" ten="472,60,240,218" step="2"/><W77/><G8/><T35/><D4/><U76/><E76/><V40/><F40/><W134/><G10/><N who="0" m="6647" /><D36/><U127/><E127/><V86/><F86/><W123/><G77/><T133/><D39/><U130/><E130/><V102/><F102/><W117/><G129/><T122/><D122/><U75/><E75/><V62/><F62/><W84/><G2/><T0/><D0/><U58/><REACH who="1" step="1"/><E64/><REACH who="1" ten="472,50,240,218" step="2"/><V124/><F124/><W18/><G65/><T109/><D109/><U33/><E33/><V128/><F128/><W57/><G123/><T125/><D35/><U59/><E59/><V47/><F47/><W83/><G57/><T72/><D125/><U21/><E21/><V12/><F12/><W20/><G20/><T17/><D72/><U79/><E79/><V5/><F5/><W92/><G14/><T81/><D17/><U6/><E6/><V107/><AGARI ba="2,2" hai="16,22,27,37,38,51,55,56,95,96,99,100,103,107" machi="107" ten="20,12000,2" yaku="1,1,0,1,7,1,54,1,53,2" doraHai="3" doraHaiUra="97" who="2" fromWho="2" sc="472,-62,50,-32,240,146,218,-32" /><INIT seed="1,0,0,5,1,43" ten="410,18,386,186" oya="1" hai0="117,35,85,53,86,3,82,124,2,90,135,12,16" hai1="133,31,19,24,129,42,94,115,54,26,119,56,40" hai2="114,69,8,13,28,36,123,65,111,41,98,97,39" hai3="67,48,11,128,77,121,1,79,106,125,21,88,81"/><U55/><E115/><V102/><F123/><W32/><G32/><T34/><D117/><U45/><E119/><V25/><F111/><W83/><G106/><T120/><D124/><U78/><E133/><V93/><F114/><W10/><G121/><T4/><D120/><U95/><E129/><V0/><F0/><W15/><G125/><T46/><D135/><U103/><E78/><V105/><F65/><W14/><G67/><T74/><D74/><U7/><E7/><V62/><F69/><W126/><G126/><T61/><D85/><U30/><E19/><V50/><F62/><W17/><G128/><T66/><D4/><U37/><E103/><V58/><F58/><W52/><G1/><N who="0" m="11" /><D61/><U112/><E112/><V33/><F50/><W64/><G64/><T132/><D66/><U99/><E99/><V92/><F105/><W107/><G107/><T108/><D108/><U109/><E109/><V87/><F87/><N who="3" m="50287" /><G83/><T5/><D5/><U27/><E42/><V38/><F13/><W47/><G11/><N who="0" m="6175" /><D132/><U73/><E73/><V9/><REACH who="2" step="1"/><F41/><REACH who="2" ten="410,18,376,186" step="2"/><W72/><G72/><T63/><D63/><U84/><E54/><V68/><F68/><W122/><G122/><T57/><D57/><U71/><E71/><V131/><F131/><W60/><G60/><T70/><D70/><U110/><E110/><V104/><F104/><W116/><G116/><T22/><D22/><N who="1" m="15639" /><E84/><V134/><F134/><W51/><G51/><AGARI ba="0,1" hai="34,35,46,51,53,82,86,90" m="6175,11" machi="51" ten="30,3900,0" yaku="25,1,52,1,54,1" doraHai="43" who="0" fromWho="3" sc="410,49,18,0,376,0,186,-39" /><INIT seed="2,0,0,0,3,14" ten="459,18,376,147" oya="2" hai0="22,133,42,9,132,65,10,33,86,54,11,61,46" hai1="81,98,77,16,131,123,95,47,92,106,134,18,68" hai2="82,114,135,30,20,109,105,63,99,124,13,74,19" hai3="41,57,2,94,107,51,4,28,55,66,52,129,59"/><V38/><F114/><W29/><G107/><T80/><D33/><U7/><E68/><V111/><F38/><W32/><G32/><T8/><D8/><U117/><E117/><V44/><F30/><W128/><G41/><T126/><D54/><U87/><E134/><N who="0" m="51817" /><D22/><U84/><E131/><N who="3" m="50250" /><G66/><T115/><D126/><U31/><E31/><N who="3" m="11850" /><G94/><T121/><D121/><U3/><E123/><V39/><F39/><W53/><G51/><N who="0" m="27095" /><D115/><U119/><E119/><V112/><F112/><W104/><G104/><T1/><D1/><U0/><E106/><V64/><F135/><W127/><G127/><T72/><D72/><U21/><E0/><V36/><F124/><W26/><G26/><T37/><D37/><U113/><E113/><V6/><F36/><W97/><G97/><T5/><D5/><U48/><E7/><V103/><F6/><W25/><G25/><T79/><D11/><AGARI ba="0,0" hai="2,4,11,52,53,55,57,59" m="11850,50250" machi="11" ten="40,2600,0" yaku="19,1,54,1" doraHai="14" who="3" fromWho="0" sc="459,-26,18,0,376,0,147,26" /><INIT seed="3,0,0,2,3,97" ten="433,18,376,173" oya="3" hai0="103,36,47,31,107,87,109,83,24,22,75,21,46" hai1="3,42,44,132,57,73,114,78,66,23,135,85,19" hai2="16,124,64,63,4,106,101,128,26,134,70,53,93" hai3="92,7,88,45,0,11,12,113,68,127,59,60,111"/><W116/><G116/><T86/><D109/><U65/><E114/><V117/><F117/><W98/><G113/><T74/><D107/><U38/><E57/><V58/><F134/><W133/><G133/><T14/><D103/><U29/><E132/><V82/><F128/><W17/><G111/><T76/><D75/><U20/><E135/><V126/><F106/><W104/><G104/><T5/><D47/><U49/><E29/><V52/><F4/><W100/><G127/><N who="2" m="48681" /><F82/><W34/><G34/><T90/><D74/><U35/><E35/><V55/><F70/><W54/><G68/><T18/><D36/><U129/><E129/><V108/><F108/><W131/><G131/><T123/><D123/><U61/><E23/><N who="2" m="13671" /><F64/><W119/><G119/><T51/><D5/><U33/><E33/><V89/><F101/><W41/><G0/><T77/><D86/><AGARI ba="0,0" hai="52,53,55,58,63,86,89,93" m="13671,48681" machi="86" ten="30,3900,0" yaku="18,1,54,2" doraHai="97" who="2" fromWho="0" sc="433,-39,18,0,376,39,173,0" owari="394,19.4,18,-48.2,415,51.5,173,-22.7" /></mjloggm>