<mjloggm ver="2.3"><GO type="225" lobby="0"/><UN n0="%E6%A0%B9%E5%85%83%E3%81%8B%E3%82%89%E5%90%B9%E3%81%A3%E9%A3%9B%E3%81%B6" n1="%73%75%7A%75%6D%65%33" n2="%45%6C%79%73%69%75%6D" n3="%33%74%72%65%65" dan="17,18,17,16" rate="2212.05,2267.64,2086.00,2153.83" sx="F,M,F,F"/><TAIKYOKU oya="0"/><INIT seed="0,0,0,5,0,113" ten="250,250,250,250" oya="0" hai0="106,127,97,3,130,126,102,47,114,52,30,32,115" hai1="60,22,98,96,83,128,70,16,13,29,101,88,63" hai2="55,44,43,21,107,91,78,72,87,61,49,39,65" hai3="33,19,23,53,100,38,15,79,8,134,42,121,95"/><T74/><D3/><U112/><E128/><V11/><F107/><W110/><G33/><T25/><D130/><U48/><E112/><V9/><F72/><W71/><G71/><T73/><D114/><U59/><E70/><V86/><F78/><W124/><G79/><T111/><D115/><U131/><E131/><V24/><F86/><W5/><G121/><T50/><REACH who="0" step="1"/><D111/><REACH who="0" ten="240,250,250,250" step="2"/><U118/><E118/><V92/><F39/><W93/><G110/><T4/><D4/><U12/><E29/><V94/><F94/><W26/><G95/><T54/><D54/><N who="1" m="32199" /><E101/><V80/><F92/><W17/><G53/><T109/><D109/><U85/><E13/><V51/><F55/><W84/><G38/><T104/><D104/><U105/><E105/><V28/><REACH who="2" step="1"/><F49/><REACH who="2" ten="240,250,240,250" step="2"/><W64/><G93/><T119/><D119/><U67/><E67/><V125/><F125/><AGARI ba="0,2" hai="25,30,32,47,50,52,73,74,97,102,106,125,126,127" machi="125" ten="40,7700,0" yaku="1,1,18,1,54,1,53,0" doraHai="113" doraHaiUra="36" who="0" fromWho="2" sc="240,97,250,0,240,-77,250,0" /><INIT seed="0,1,0,4,5,118" ten="337,250,163,250" oya="0" hai0="18,127,14,76,114,110,21,52,62,111,92,80,107" hai1="64,65,30,116,93,94,81,73,1,63,5,98,96" hai2="71,109,34,35,0,120,108,55,13,70,66,28,51" hai3="6,67,33,60,131,43,2,126,61,125,112,113,19"/><T69/><D114/><U75/><E116/><V91/><F0/><W36/><G33/><T106/><D127/><N who="3" m="48649" /><G19/><T7/><D7/><U117/><E117/><V90/><F13/><W132/><G6/><T37/><D37/><U121/><E5/><V44/><F28/><W86/><G2/><T20/><D20/><U25/><E1/><V8/><F8/><W9/><G9/><T24/><D92/><U123/><E81/><V101/><F101/><W23/><G23/><N who="0" m="11735" /><D69/><U59/><E59/><V10/><F10/><W129/><G86/><N who="0" m="48391" /><D62/><N who="3" m="24169" /><G67/><T47/><D47/><U54/><E63/><V15/><F66/><W48/><G36/><T41/><D41/><U128/><E30/><V87/><F44/><N who="3" m="25631" /><G132/><T74/><D74/><U3/><E3/><V16/><F34/><W56/><G56/><T72/><D72/><U11/><E11/><V12/><F35/><W99/><G99/><T40/><D40/><U4/><E4/><V84/><F16/><W53/><G53/><T119/><D52/><U124/><E124/><V79/><F55/><W17/><G17/><N who="0" m="12335" /><D119/><U27/><E54/><V58/><F58/><W122/><G122/><T82/><D82/><U102/><E102/><V29/><F29/><W50/><G50/><T68/><D68/><U105/><E105/><V95/><F51/><W103/><G103/><T39/><D39/><U77/><E77/><V135/><F79/><W104/><G104/><T133/><D133/><U26/><E26/><V46/><F135/><W97/><G97/><T57/><D57/><U49/><E49/><V38/><F38/><W134/><G134/><RYUUKYOKU ba="1,0" sc="337,10,250,10,163,-30,250,10" hai0="106,107,110,111" hai1="25,27,64,65,73,75,93,94,96,98,121,123,128" hai3="112,113,129,131" /><INIT seed="0,2,0,2,3,99" ten="347,260,133,260" oya="0" hai0="70,95,68,0,8,5,28,19,120,53,61,116,32" hai1="72,110,6,129,42,127,76,101,2,35,132,84,107" hai2="16,67,30,112,25,93,9,62,94,131,66,86,12" hai3="83,128,13,52,40,17,82,78,65,36,11,1,88"/><T7/><D116/><U118/><RYUUKYOKU type="yao9" ba="2,0" sc="347,0,260,0,133,0,260,0" hai1="2,6,35,42,72,76,84,101,107,110,118,127,129,132" /><INIT seed="0,3,0,2,2,21" ten="347,260,133,260" oya="0" hai0="28,73,51,128,22,103,55,58,88,70,26,17,20" hai1="118,90,133,54,38,18,108,110,47,107,105,61,97" hai2="78,102,19,81,15,98,121,43,25,13,36,131,14" hai3="132,31,6,104,48,92,112,99,4,77,62,100,7"/><T93/><D128/><U101/><E118/><V44/><F131/><W32/><G112/><T10/><D73/><U3/><E3/><V126/><F121/><W127/><G127/><T71/><D103/><U8/><E133/><V72/><F126/><W60/><G132/><T40/><D40/><U123/><E123/><V111/><F111/><N who="1" m="42537" /><E90/><V76/><F76/><W50/><G77/><T16/><D10/><U56/><E38/><V5/><F5/><W75/><G75/><T84/><D28/><U30/><E30/><V53/><F53/><W109/><G109/><T87/><D87/><U42/><E18/><V114/><F114/><W57/><G62/><T12/><AGARI ba="3,0" hai="12,16,17,20,22,26,51,55,58,70,71,84,88,93" machi="12" ten="20,18000,2" yaku="0,1,7,1,25,2,52,1,54,2" doraHai="21" who="0" fromWho="0" sc="347,189,260,-63,133,-63,260,-63" /><INIT seed="0,4,0,1,2,42" ten="536,197,70,197" oya="0" hai0="61,55,47,114,25,118,117,14,51,5,67,93,135" hai1="101,79,123,76,37,127,24,130,48,39,81,15,30" hai2="133,92,111,33,0,71,115,91,19,94,73,66,129" hai3="32,121,64,13,97,46,12,1,8,60,63,74,112"/><T131/><D114/><U50/><E123/><V34/><F115/><W128/><G112/><T21/><D131/><U87/><E130/><V9/><F111/><W35/><G121/><T2/><D135/><U58/><E127/><V18/><F129/><W100/><G74/><T7/><D2/><U20/><E101/><V53/><F73/><W41/><G1/><T70/><D93/><U106/><E106/><V109/><F109/><W69/><G60/><T86/><D86/><U108/><E108/><V113/><F113/><W88/><G128/><T122/><D122/><U124/><E124/><V99/><F133/><W22/><G22/><T132/><D132/><U44/><E76/><V57/><F66/><W75/><G75/><T84/><D84/><U90/><E79/><V98/><F71/><W6/><G12/><T4/><D14/><U16/><E58/><V83/><F83/><W65/><G65/><T104/><D104/><U45/><E39/><V38/><F38/><W49/><REACH who="3" step="1"/><G88/><REACH who="3" ten="536,197,70,187" step="2"/><T62/><REACH who="0" step="1"/><D61/><REACH who="0" ten="526,197,70,187" step="2"/><U120/><E120/><V116/><F0/><W11/><G11/><T110/><D110/><U31/><E15/><V56/><F9/><W26/><G26/><T23/><D23/><U68/><E20/><V59/><F33/><W10/><G10/><T102/><D102/><U29/><E24/><V89/><F34/><W40/><G40/><T27/><D27/><U3/><E3/><V43/><F43/><W28/><G28/><AGARI ba="4,2" hai="4,5,7,21,25,28,47,51,55,62,67,70,117,118" machi="28" ten="40,3900,0" yaku="1,1,52,1,53,0" doraHai="42" doraHaiUra="54" who="0" fromWho="3" sc="526,71,197,0,70,0,187,-51" /><INIT seed="0,5,0,2,5,38" ten="597,197,70,136" oya="0" hai0="135,102,53,124,60,131,30,123,97,0,90,51,103" hai1="94,19,64,108,40,86,132,76,100,44,42,4,119" hai2="78,5,96,79,10,85,116,46,101,57,81,34,109" hai3="113,89,66,72,15,25,9,48,115,33,95,71,28"/><T69/><D123/><U128/><E119/><V104/><F116/><W18/><G72/><T49/><D0/><U121/><E121/><V59/><F109/><W23/><G71/><T17/><D124/><U11/><E108/><V58/><F34/><W68/><G68/><T1/><D1/><U70/><E132/><V87/><F46/><W61/><G48/><T130/><D135/><U45/><E128/><N who="0" m="49193" /><D30/><U112/><E112/><V106/><F106/><W111/><G111/><T47/><D17/><U75/><E75/><V50/><F50/><W21/><G61/><T88/><D51/><U134/><E134/><V6/><REACH who="2" step="1"/><F10/><REACH who="2" ten="597,197,60,136" step="2"/><W54/><G113/><T125/><D125/><U7/><E11/><V27/><F27/><W16/><G115/><T29/><D29/><U77/><E45/><V2/><F2/><W31/><G31/><T84/><D60/><U133/><E133/><V107/><F107/><W93/><G33/><T120/><D120/><U24/><E44/><V62/><F62/><W3/><G3/><T98/><D69/><U122/><E70/><V110/><F110/><W32/><G32/><T8/><D8/><U52/><E122/><V80/><AGARI ba="5,1" hai="5,6,57,58,59,78,79,80,81,85,87,96,101,104" machi="80" ten="30,4000,0" yaku="1,1,0,1,9,1,53,0" doraHai="38" doraHaiUra="20" who="2" fromWho="2" sc="597,-25,197,-15,60,65,136,-15" /><INIT seed="1,0,0,2,0,60" ten="572,182,125,121" oya="1" hai0="18,131,50,16,100,42,83,133,102,40,27,135,115" hai1="93,28,66,34,33,24,117,70,67,77,12,29,5" hai2="51,46,109,132,82,95,86,61,72,121,57,22,105" hai3="21,99,74,63,96,9,32,45,25,103,65,58,7"/><U64/><E117/><V47/><F105/><W52/><G74/><T123/><D115/><U41/><E70/><V120/><F109/><W78/><G32/><T76/><D131/><U125/><E77/><V118/><F118/><W134/><G134/><N who="0" m="51211" /><D123/><U10/><E125/><V23/><F132/><W53/><G78/><T108/><D108/><U94/><E41/><V92/><F72/><W69/><G45/><N who="2" m="16905" /><F51/><W101/><G7/><T59/><D59/><U119/><E119/><V39/><F39/><W1/><G1/><T90/><D90/><U31/><REACH who="1" step="1"/><E24/><REACH who="1" ten="572,172,125,121" step="2"/><V14/><F121/><W127/><G127/><T88/><D76/><U6/><E6/><V80/><F120/><W110/><G69/><T116/><D116/><U36/><E36/><V49/><F14/><W129/><G110/><T113/><D27/><U124/><E124/><V97/><F49/><W104/><G25/><T75/><D50/><U122/><E122/><V79/><F80/><W2/><G2/><T85/><D40/><U38/><E38/><V81/><F81/><W112/><G129/><T3/><D42/><U26/><E26/><V73/><F73/><W98/><G112/><T11/><D113/><U84/><E84/><V19/><F79/><W35/><G99/><T62/><D75/><U13/><E13/><V68/><F68/><W71/><G71/><T91/><D85/><U43/><E43/><V55/><F97/><W17/><G98/><T56/><D3/><U130/><E130/><V87/><F87/><W0/><G96/><T15/><D15/><U89/><E89/><N who="2" m="51415" /><F19/><W54/><G17/><RYUUKYOKU ba="0,1" sc="572,-15,172,15,125,15,121,-15" hai1="5,10,12,28,29,31,33,34,64,66,67,93,94" hai2="22,23,55,57,61,92,95" /><INIT seed="1,1,1,5,4,67" ten="557,187,140,106" oya="1" hai0="116,91,74,27,129,16,109,88,4,11,98,95,50" hai1="132,133,2,7,39,6,34,113,30,14,90,13,89" hai2="5,60,102,82,121,52,118,43,84,61,99,40,111" hai3="92,110,55,117,46,41,80,100,70,28,87,75,8"/><U97/><E113/><V68/><F118/><W72/><G110/><T63/><D116/><U124/><E39/><V38/><F121/><W58/><G117/><T122/><D74/><U12/><E124/><V44/><F111/><W123/><G123/><T35/><D109/><U49/><E49/><V78/><F40/><W18/><G70/><T33/><D129/><U51/><E51/><V57/><F5/><N who="1" m="1545" /><E97/><V53/><F68/><W76/><G28/><T96/><D50/><U120/><E120/><V1/><F1/><W24/><G100/><T77/><D77/><U131/><E131/><V3/><F3/><W112/><G112/><T59/><D122/><U19/><E2/><V26/><F26/><W10/><G75/><T20/><D33/><U134/><E19/><V115/><F115/><W56/><G72/><T101/><D35/><U9/><E9/><N who="3" m="3690" /><G41/><T71/><D71/><U37/><E37/><V119/><F119/><W86/><G46/><T69/><D69/><U85/><E85/><V31/><F31/><W62/><G56/><T127/><D127/><U65/><E65/><V107/><F60/><W83/><G18/><T64/><D96/><U79/><E79/><V93/><REACH who="2" step="1"/><F53/><REACH who="2" ten="557,187,130,106" step="2"/><W42/><G42/><T45/><D45/><U66/><E66/><V36/><F36/><W0/><G0/><AGARI ba="1,2" hai="0,4,11,16,20,27,59,63,64,88,91,95,98,101" machi="0" ten="30,3900,0" yaku="7,1,54,2" doraHai="67" who="0" fromWho="3" sc="557,62,187,0,130,0,106,-42" /><INIT seed="2,0,0,5,1,86" ten="619,187,130,64" oya="2" hai0="42,62,93,12,0,58,1,48,128,34,89,108,37" hai1="60,7,118,135,97,47,113,59,32,21,57,18,29" hai2="78,90,80,76,111,131,98,119,28,102,14,49,26" hai3="116,84,41,17,11,16,87,63,115,103,68,71,51"/><V130/><F119/><W74/><G116/><T4/><D108/><U23/><E118/><V25/><F111/><W27/><G74/><T44/><D34/><U100/><E113/><V109/><F109/><W91/><G103/><T110/><D128/><N who="2" m="49194" /><F14/><N who="3" m="7263" /><G71/><T112/><D112/><U67/><E135/><V95/><F49/><W53/><G68/><T133/><D133/><U72/><E72/><V92/><F80/><N who="3" m="49543" /><G115/><T105/><D105/><U99/><E7/><V120/><F120/><W56/><G41/><T35/><D35/><U83/><E83/><V77/><F28/><W104/><G104/><T10/><D37/><U45/><E29/><V24/><F76/><W121/><G121/><T66/><REACH who="0" step="1"/><D110/><REACH who="0" ten="609,187,130,64" step="2"/><U65/><E32/><V125/><F125/><W54/><G87/><AGARI ba="0,1" hai="0,1,4,10,12,42,44,48,58,62,66,87,89,93" machi="87" ten="30,7700,0" yaku="1,1,2,1,7,1,52,1,53,0" doraHai="86" doraHaiUra="96" who="0" fromWho="3" sc="609,87,187,0,130,0,64,-77" /><AGARI ba="0,0" hai="24,25,26,77,78,87,90,92,95,98,102" m="49194" machi="87" ten="30,2900,0" yaku="19,1,52,1" doraHai="86" who="2" fromWho="3" sc="696,0,187,0,130,29,-13,-29" owari="696,79.6,187,-1.3,159,-24.1,-42,-54.2" /></mjloggm>