<mjloggm ver="2.3"><GO type="225" lobby="0"/><UN n0="%E3%81%A9%E3%82%8F%E3%82%93%E3%81%94" n1="%E4%BF%BA%E3%81%A8%E5%A6%96%E5%A4%A2" n2="%72%69%6F%75%63%68%61%6E" n3="%E3%81%99%E3%81%84%E3%81%BE%E3%81%9B%E3%83%BC%E3%82%93" dan="16,17,16,17" rate="2060.11,2252.89,2116.25,2247.50" sx="M,F,M,M"/><TAIKYOKU oya="0"/><INIT seed="0,0,0,0,2,97" ten="250,250,250,250" oya="0" hai0="15,43,90,8,131,34,81,86,47,87,9,28,31" hai1="46,38,53,93,33,12,48,58,73,101,61,39,123" hai2="77,11,116,50,125,68,83,106,25,37,99,122,41" hai3="42,20,18,4,6,134,110,103,57,23,16,88,127"/><T130/><D34/><U114/><E33/><V63/><F122/><W44/><G110/><T119/><D119/><U96/><E123/><V91/><F116/><W65/><G127/><T7/><D8/><U94/><E73/><V17/><F125/><W13/><G134/><T74/><D74/><U120/><E120/><V128/><F37/><W56/><G103/><T95/><D131/><U62/><E114/><V5/><F128/><W26/><G88/><T22/><D22/><U92/><E12/><V36/><F36/><W21/><G21/><T19/><D19/><U100/><E62/><V84/><F68/><W89/><G89/><T72/><D72/><U14/><E14/><N who="2" m="5487" /><F106/><W121/><G121/><T79/><REACH who="0" step="1"/><D130/><REACH who="0" ten="240,250,250,250" step="2"/><U117/><E117/><V27/><F17/><W54/><G18/><T82/><D82/><U85/><E85/><V70/><F83/><W49/><G20/><T107/><D107/><U124/><E124/><V78/><F84/><W115/><G23/><T0/><D0/><U52/><REACH who="1" step="1"/><E100/><REACH who="1" ten="240,240,250,250" step="2"/><V112/><F112/><W76/><G115/><T1/><D1/><U51/><E51/><AGARI ba="0,2" hai="7,9,15,28,31,43,47,51,79,81,86,87,90,95" machi="51" ten="30,12000,1" yaku="1,1,7,1,25,2,8,1,53,0" doraHai="97" doraHaiUra="71" who="0" fromWho="1" sc="240,140,240,-120,250,0,250,0" /><INIT seed="0,1,0,1,3,54" ten="380,120,250,250" oya="0" hai0="98,10,65,43,56,27,23,24,85,121,126,125,75" hai1="51,41,134,97,16,60,106,69,111,100,48,4,124" hai2="89,105,127,118,50,8,78,81,64,73,9,72,104" hai3="53,92,20,12,94,37,129,135,62,33,57,95,13"/><T90/><D121/><U2/><E111/><V130/><F127/><N who="0" m="48650" /><D75/><U52/><E124/><V114/><F114/><W108/><G33/><T82/><D43/><U25/><E134/><V119/><F130/><W59/><G37/><T107/><D10/><N who="2" m="4202" /><F72/><W1/><G1/><T0/><D0/><U47/><E2/><V83/><F64/><N who="3" m="38991" /><G108/><T34/><D34/><U61/><E4/><V116/><F50/><N who="3" m="31159" /><G135/><T19/><D98/><U128/><E128/><V120/><F120/><W17/><G129/><T80/><D107/><U39/><E39/><V88/><F89/><W79/><G79/><T91/><D27/><AGARI ba="1,0" hai="12,13,17,20,27,92,94,95" m="31159,38991" machi="27" ten="30,3900,0" yaku="8,1,52,2" doraHai="54" who="3" fromWho="0" sc="380,-42,120,0,250,0,250,42" /><INIT seed="1,0,0,5,2,16" ten="338,120,250,292" oya="1" hai0="14,64,20,74,42,58,43,19,78,30,23,88,39" hai1="89,44,26,17,47,67,3,32,28,2,38,8,27" hai2="99,63,116,37,77,6,4,122,9,97,87,83,21" hai3="79,72,15,66,110,60,48,125,24,13,128,11,50"/><U129/><E129/><V57/><F116/><W120/><G110/><T119/><D119/><U84/><E67/><V111/><F111/><W62/><G120/><T29/><D39/><U121/><E121/><V52/><F37/><W76/><G125/><T81/><D64/><U95/><E38/><V96/><F122/><W103/><G103/><T135/><D135/><U82/><E2/><V41/><F41/><W114/><G114/><T12/><D58/><U134/><E134/><V112/><F112/><W49/><G62/><T123/><D123/><U61/><E61/><V73/><F73/><W25/><G15/><T126/><D126/><U105/><E105/><V40/><F40/><N who="0" m="15402" /><D78/><N who="3" m="29737" /><G72/><T80/><D74/><U133/><E82/><N who="0" m="31849" /><D88/><U59/><E59/><V54/><F54/><W115/><G115/><T70/><D70/><U53/><E53/><V7/><REACH who="2" step="1"/><F21/><REACH who="2" ten="338,120,240,292" step="2"/><N who="0" m="8266" /><D19/><U75/><E133/><V108/><F108/><W46/><G128/><T36/><D36/><U107/><E75/><V86/><F86/><W98/><G66/><T109/><D109/><U132/><E132/><V101/><F101/><W106/><G98/><T45/><D45/><U34/><E47/><V69/><F69/><W35/><G46/><T56/><D56/><U102/><E44/><V94/><F94/><W85/><G106/><T31/><AGARI ba="0,1" hai="12,14,29,30,31" m="8266,31849,15402" machi="31" ten="40,12000,2" yaku="28,2,8,1,52,3" doraHai="16" who="0" fromWho="0" sc="338,130,120,-60,240,-30,292,-30" /><INIT seed="2,0,0,3,4,105" ten="468,60,210,262" oya="2" hai0="37,48,28,118,92,91,72,36,90,74,10,16,14" hai1="19,117,26,73,63,78,52,68,29,34,0,83,54" hai2="119,126,65,27,51,76,130,132,103,59,128,49,9" hai3="104,60,96,95,31,17,107,8,125,50,55,110,23"/><V123/><F119/><W112/><G110/><T109/><D118/><U44/><E117/><V100/><F123/><W32/><G125/><T66/><D109/><U89/><E0/><V24/><F126/><W33/><G112/><T30/><D66/><U77/><E77/><V111/><F111/><W61/><G8/><T121/><D121/><U3/><E3/><V101/><F132/><W13/><G107/><T106/><D106/><U38/><E89/><V47/><F76/><W114/><G104/><T20/><D37/><U84/><E19/><V127/><F127/><W94/><G94/><T86/><D36/><U4/><E4/><V134/><F134/><W42/><G42/><T99/><D48/><N who="2" m="18506" /><F9/><N who="3" m="6319" /><G33/><T115/><D115/><U11/><E11/><V93/><F93/><W122/><G32/><T62/><D62/><U35/><E84/><V53/><F65/><W21/><G122/><T131/><D131/><N who="2" m="50218" /><F47/><W81/><G114/><T129/><D129/><U80/><E80/><V108/><F108/><W98/><G81/><T40/><D92/><U124/><E124/><V39/><F39/><W58/><G96/><T88/><D10/><U120/><E120/><V1/><F1/><W15/><G95/><T67/><D99/><U87/><E87/><V2/><F2/><W12/><G98/><T41/><D67/><N who="1" m="41087" /><E35/><V116/><F116/><W7/><G23/><T64/><D64/><U113/><E113/><V71/><F71/><W82/><G82/><T22/><D86/><U18/><E18/><V70/><F70/><W57/><G7/><T6/><D6/><U5/><E5/><RYUUKYOKU ba="0,0" sc="468,-15,60,15,210,15,262,-15" hai1="26,29,34,38,44,52,54,73,78,83" hai2="24,27,53,59,100,101,103" /><INIT seed="2,1,0,0,2,3" ten="453,75,225,247" oya="2" hai0="48,0,5,30,69,13,92,80,58,96,105,11,87" hai1="57,33,22,120,132,111,34,40,88,62,14,39,129" hai2="24,10,28,108,104,122,49,38,118,35,53,56,7" hai3="27,101,51,44,102,2,91,31,68,85,37,8,26"/><V66/><F118/><W32/><G68/><T72/><D69/><U9/><E111/><V86/><F122/><W50/><G37/><T59/><D105/><U47/><E120/><V89/><F38/><W99/><G27/><T81/><D72/><U124/><E124/><V133/><F108/><W127/><G127/><T61/><D0/><U12/><E132/><V135/><F104/><W16/><G99/><T90/><D30/><U84/><E129/><V126/><F126/><W23/><G2/><T75/><D75/><U106/><E22/><V6/><F66/><W36/><G36/><T119/><D119/><U113/><E14/><V112/><F112/><W73/><G73/><T70/><D70/><U19/><E106/><V114/><F114/><W65/><G65/><N who="0" m="39095" /><D96/><U54/><REACH who="1" step="1"/><E113/><REACH who="1" ten="453,65,225,247" step="2"/><V63/><F135/><W95/><G23/><T4/><D13/><U64/><E64/><V110/><F133/><W77/><G32/><T134/><D134/><U15/><E15/><V43/><F110/><W67/><G67/><T115/><D115/><U52/><E52/><V100/><F53/><W46/><G26/><T117/><D117/><U131/><E131/><V130/><F130/><W128/><G128/><T79/><D11/><U123/><E123/><V25/><F10/><W42/><G8/><T93/><D93/><AGARI ba="1,1" hai="9,12,19,33,34,39,40,47,54,57,62,84,88,93" machi="93" ten="30,3900,0" yaku="1,1,7,1,54,1,53,0" doraHai="3" doraHaiUra="74" who="1" fromWho="0" sc="453,-42,65,52,225,0,247,0" /><INIT seed="3,0,0,2,2,97" ten="411,117,225,247" oya="3" hai0="127,48,105,118,9,10,53,120,31,17,34,44,47" hai1="0,62,74,113,121,49,107,36,93,61,133,129,22" hai2="72,67,115,103,39,6,109,19,26,8,54,76,84" hai3="131,132,38,114,116,68,21,40,41,14,95,43,11"/><W1/><G116/><T77/><D118/><U37/><E93/><V98/><F115/><W96/><G114/><T46/><D120/><U63/><E22/><V112/><F112/><W85/><G68/><T87/><D105/><U13/><E13/><V7/><F109/><W60/><G38/><T126/><D34/><U24/><E24/><V3/><F39/><W50/><G132/><T122/><D31/><U90/><E90/><V135/><F135/><W18/><G131/><T94/><D122/><U134/><E107/><V55/><F72/><W73/><G73/><T119/><D119/><U88/><E88/><V69/><F7/><W28/><G85/><T128/><D128/><U100/><E74/><V83/><F67/><W23/><G60/><T12/><D9/><U45/><E0/><V66/><F66/><W71/><G71/><T32/><D32/><U42/><E113/><V130/><F69/><W25/><G1/><T15/><D15/><U33/><E33/><V82/><F82/><W117/><G117/><T106/><D106/><U99/><E121/><V80/><F80/><W2/><G2/><T57/><D94/><U110/><E129/><V124/><F124/><N who="0" m="47658" /><D87/><U102/><E110/><V86/><F86/><W16/><G11/><T92/><D92/><U20/><E20/><N who="2" m="13599" /><F130/><W5/><G5/><T56/><D77/><U70/><E70/><V4/><F6/><W79/><G79/><T52/><D10/><U30/><E30/><V29/><F29/><W27/><G28/><T111/><D12/><U65/><E65/><V89/><F76/><W58/><G14/><RYUUKYOKU ba="0,0" sc="411,-10,117,-10,225,30,247,-10" hai2="3,4,8,54,55,83,84,89,98,103" owari="401,50.1,107,-39.3,255,5.5,237,-16.3" /></mjloggm>