<mjloggm ver="2.3"><GO type="225" lobby="0"/><UN n0="%73%61%6E%64%69%72%69%73" n1="%E6%97%A5%E6%9B%9C%E6%97%A5%E3%82%88%E3%82%8A%E3%81%AE%E4%BD%BF%E8%80%85" n2="%E5%A4%96%E5%B7%9D%E7%AB%9C%E6%88%90" n3="%E8%81%B7%E6%A5%AD%E3%80%81%E9%A2%A8%32" dan="16,17,16,16" rate="2201.46,2156.57,2181.13,2152.66" sx="M,M,M,M"/><TAIKYOKU oya="0"/><INIT seed="0,0,0,0,1,83" ten="250,250,250,250" oya="0" hai0="105,6,116,38,14,37,109,63,106,120,123,86,48" hai1="119,102,104,112,103,74,75,73,51,42,29,59,17" hai2="35,58,44,87,12,110,130,49,95,117,1,101,55" hai3="121,52,33,61,115,113,39,127,114,108,3,11,118"/><T78/><D116/><U2/><E119/><V40/><F1/><W65/><G33/><T15/><D63/><U50/><E2/><V69/><F117/><W92/><G118/><T27/><D27/><U77/><E112/><V19/><F35/><W10/><G121/><T135/><D48/><U122/><E122/><V124/><F69/><W36/><G108/><T84/><D78/><U0/><E0/><V81/><F110/><W24/><G24/><T76/><D76/><U91/><E104/><V111/><F111/><W94/><G127/><T100/><D109/><U8/><E29/><V93/><F101/><W125/><G125/><T60/><D60/><U13/><E77/><N who="2" m="46511" /><F130/><W129/><G129/><T132/><D100/><U96/><E50/><N who="2" m="31095" /><F124/><W82/><G3/><T66/><REACH who="0" step="1"/><D6/><REACH who="0" ten="240,250,250,250" step="2"/><U107/><E107/><V16/><F19/><W32/><G115/><T90/><D90/><U99/><E91/><V45/><F45/><W80/><G114/><T30/><D30/><U43/><E103/><V72/><F72/><W57/><G113/><T23/><D23/><AGARI ba="0,1" hai="12,16,23,40,44,49,93,95" m="31095,46511" machi="23" ten="30,3900,0" yaku="8,1,52,1,54,1" doraHai="83" who="2" fromWho="0" sc="240,-39,250,0,250,49,250,0" /><INIT seed="1,0,0,0,4,107" ten="201,250,299,250" oya="1" hai0="130,29,121,11,114,32,79,92,24,25,120,83,45" hai1="48,69,53,128,123,72,62,70,64,87,109,66,61" hai2="57,131,16,38,13,4,88,118,43,93,112,46,55" hai3="35,113,14,97,135,71,96,65,8,22,99,36,44"/><U127/><E123/><N who="0" m="47177" /><D114/><U15/><E127/><V81/><F118/><W134/><G35/><T124/><D124/><U21/><E128/><V30/><F131/><W106/><G113/><T63/><D130/><U52/><E72/><V40/><F112/><W100/><G36/><T80/><D80/><U78/><E109/><V18/><F30/><W34/><G34/><T119/><D119/><U77/><E87/><V26/><F81/><W132/><G22/><T42/><D92/><U31/><E53/><V20/><F4/><N who="3" m="3335" /><G44/><T41/><D11/><U39/><E39/><V85/><F46/><W74/><G74/><N who="0" m="43511" /><D45/><U90/><E90/><V105/><F105/><W59/><G71/><T94/><D63/><AGARI ba="0,0" hai="59,63,65,96,97,99,100,106,132,134,135" m="3335" machi="63" ten="30,1000,0" yaku="20,1" doraHai="107" who="3" fromWho="0" sc="201,-10,250,0,299,0,250,10" /><INIT seed="2,0,0,5,1,127" ten="191,250,299,260" oya="2" hai0="111,36,114,34,85,50,55,107,121,8,77,95,91" hai1="92,64,63,134,129,117,67,72,76,41,60,102,132" hai2="90,22,23,110,32,6,18,124,108,98,27,118,103" hai3="70,89,87,100,49,94,25,14,11,15,116,68,24"/><V44/><F118/><W29/><G116/><T71/><D121/><U40/><E117/><V4/><F124/><W75/><G75/><T65/><D114/><U131/><E92/><V1/><F32/><W135/><G135/><N who="1" m="51754" /><E102/><V123/><F123/><W119/><G119/><T97/><D111/><N who="2" m="42538" /><F90/><W101/><G68/><T83/><D36/><U115/><E115/><V82/><F82/><W86/><G70/><T57/><D34/><U5/><E5/><V59/><F59/><W7/><G86/><T62/><D8/><U10/><E10/><V33/><F33/><W16/><G49/><T128/><REACH who="0" step="1"/><D107/><REACH who="0" ten="181,250,299,260" step="2"/><U45/><E72/><V99/><F22/><N who="3" m="11543" /><G29/><T73/><D73/><U69/><E76/><V78/><F78/><W9/><G9/><T80/><D80/><U133/><E133/><V126/><F23/><W88/><G100/><T12/><D12/><U3/><E3/><V42/><F103/><W35/><G101/><T52/><D52/><U130/><E45/><V26/><F1/><W38/><G35/><T53/><D53/><U125/><E125/><V66/><F126/><W74/><G74/><T20/><D20/><U43/><E43/><V17/><F42/><W39/><G38/><T19/><D19/><U61/><E40/><V105/><F17/><W28/><G39/><T109/><D109/><U106/><E41/><V48/><F18/><W56/><G28/><T46/><D46/><U96/><E67/><V81/><F44/><W21/><G21/><T0/><D0/><U104/><E104/><V120/><F105/><W37/><G37/><T93/><D93/><RYUUKYOKU ba="0,1" sc="181,15,250,15,299,-15,260,-15" hai0="50,55,57,62,65,71,77,83,85,91,95,97,128" hai1="60,61,63,64,69,96,106,129,130,131" /><INIT seed="3,1,1,4,4,85" ten="196,265,284,245" oya="3" hai0="121,20,79,5,51,39,126,106,37,133,105,46,111" hai1="16,129,110,109,91,82,69,40,98,13,67,57,99" hai2="118,119,125,131,58,59,80,101,66,32,70,73,54" hai3="42,64,41,88,124,27,93,103,108,49,117,6,120"/><W1/><G120/><T65/><D121/><U113/><E69/><V56/><F32/><W100/><G117/><N who="2" m="44553" /><F101/><N who="3" m="38987" /><G124/><T114/><D126/><U38/><E113/><V9/><F9/><W97/><G1/><T8/><D114/><U47/><E129/><V127/><F80/><W10/><G108/><N who="1" m="41578" /><E67/><V26/><F26/><W3/><G64/><T102/><D111/><U123/><E57/><N who="2" m="22123" /><F73/><W7/><G3/><T86/><D65/><U92/><E82/><V29/><F29/><W11/><G27/><T17/><D102/><U107/><E123/><V15/><F15/><W77/><G77/><T89/><D79/><U55/><E55/><V78/><F78/><W94/><G49/><T18/><D39/><U62/><E62/><N who="2" m="40279" /><F131/><W115/><G115/><T90/><D105/><U35/><E35/><V75/><F75/><W104/><G104/><T61/><D106/><U95/><E107/><V134/><F134/><W130/><G130/><T28/><D133/><U30/><E30/><V83/><F83/><W45/><G7/><T24/><D61/><AGARI ba="1,1" hai="54,59,61,125,127" m="40279,22123,44553" machi="61" ten="30,2000,0" yaku="34,2" doraHai="85" who="2" fromWho="0" sc="196,-23,265,0,284,33,245,0" owari="173,-32.7,265,6.5,317,41.7,245,-15.5" /></mjloggm>