<mjloggm ver="2.3"><GO type="225" lobby="0"/><UN n0="%E3%81%8F%E3%82%8A%E3%83%94%E3%83%BC" n1="%E3%81%9F%E3%81%A3%E3%81%A1%E3%82%87" n2="%6D%6F%6E%63%68%69" n3="%4E%6F%2E%30%30%30%31" dan="16,16,16,18" rate="2105.82,2058.78,2067.66,2228.52" sx="M,M,M,M"/><TAIKYOKU oya="0"/><INIT seed="0,0,0,1,1,98" ten="250,250,250,250" oya="0" hai0="126,96,111,32,51,57,27,37,116,120,87,114,97" hai1="79,48,105,85,117,25,104,3,40,91,18,70,12" hai2="9,61,130,21,62,131,118,14,60,125,0,129,59" hai3="95,20,72,30,26,92,29,44,6,24,36,110,107"/><T56/><D37/><U94/><E3/><V109/><F118/><W99/><G72/><T102/><D114/><U112/><E117/><V8/><F109/><W108/><G6/><T10/><D116/><U68/><E112/><V46/><F46/><W73/><G73/><T106/><D120/><U17/><E79/><V121/><F121/><W33/><G107/><T84/><D126/><U67/><E67/><V47/><F47/><W1/><G1/><T80/><D111/><N who="3" m="42537" /><G99/><T93/><D10/><U115/><E115/><V82/><F125/><W41/><AGARI ba="0,0" hai="20,24,26,29,30,33,36,41,44,92,95" m="42537" machi="41" ten="30,1100,0" yaku="14,1" doraHai="98" who="3" fromWho="3" sc="250,-5,250,-3,250,-3,250,11" /><INIT seed="1,0,0,3,4,38" ten="245,247,247,261" oya="1" hai0="91,134,37,109,24,95,47,21,85,86,57,28,52" hai1="54,105,127,119,97,81,23,36,63,117,30,50,33" hai2="48,102,122,92,49,12,58,77,128,98,69,8,64" hai3="34,116,31,5,53,44,15,40,89,59,106,113,75"/><U43/><E127/><V65/><F128/><W66/><G113/><T96/><D109/><U104/><E33/><V27/><F69/><W82/><G106/><T80/><D134/><U11/><E11/><V17/><F122/><W26/><G66/><T1/><D1/><U20/><E81/><V42/><F77/><W130/><G130/><T35/><D35/><U68/><E97/><V99/><F99/><W39/><G116/><N who="1" m="44618" /><E104/><V126/><F126/><W101/><G101/><T16/><D37/><U124/><E30/><V45/><F58/><W103/><G103/><T73/><D47/><N who="1" m="24039" /><E105/><V135/><F49/><W14/><G5/><T22/><D80/><U61/><E124/><V67/><F135/><W51/><REACH who="3" step="1"/><G89/><REACH who="3" ten="245,247,247,251" step="2"/><T70/><D70/><U29/><E68/><V133/><F133/><W121/><G121/><T93/><D93/><U115/><E115/><V25/><AGARI ba="0,1" hai="8,12,17,25,27,42,45,48,64,65,67,92,98,102" machi="25" ten="30,4000,0" yaku="0,1,8,1,52,1" doraHai="38" who="2" fromWho="2" sc="245,-10,247,-20,247,50,251,-10" /><INIT seed="2,0,0,2,4,22" ten="235,227,297,241" oya="2" hai0="6,4,122,83,76,103,105,62,60,50,19,9,130" hai1="58,78,30,125,87,71,107,92,21,52,56,13,28" hai2="18,1,55,36,72,97,112,123,67,135,25,57,96" hai3="82,54,11,85,98,131,10,104,110,84,2,128,0"/><V88/><F1/><N who="3" m="619" /><G110/><T111/><D122/><U23/><E107/><V124/><F135/><W65/><G65/><T116/><D111/><U134/><E71/><V117/><F124/><W119/><G119/><T81/><D130/><N who="3" m="49705" /><G54/><T115/><D115/><U126/><E134/><V93/><F72/><W61/><G61/><T129/><D116/><U3/><E3/><V109/><F36/><W42/><G42/><T49/><D105/><U100/><E125/><V35/><F112/><W24/><G85/><T37/><D37/><U20/><E58/><V12/><F123/><W79/><G24/><T74/><D74/><U15/><E126/><V51/><F67/><W43/><G43/><T80/><D76/><U31/><E78/><V70/><F70/><W108/><G108/><T7/><D103/><AGARI ba="0,0" hai="10,11,79,82,84,98,103,104" m="49705,619" machi="103" ten="30,1000,0" yaku="19,1" doraHai="22" who="3" fromWho="0" sc="235,-10,227,0,297,0,241,10" /><INIT seed="3,0,0,0,4,111" ten="225,227,297,251" oya="3" hai0="120,106,44,31,84,135,89,74,54,125,36,92,16" hai1="105,45,63,14,118,126,101,83,100,79,40,7,23" hai2="12,66,61,9,38,132,8,48,2,110,95,15,133" hai3="37,50,33,52,108,86,55,64,81,94,102,47,72"/><W3/><G33/><T114/><D120/><U69/><E126/><V19/><F48/><W112/><G112/><T6/><D125/><U41/><E105/><V51/><F51/><W46/><G3/><T124/><D124/><U53/><E118/><V26/><F38/><W80/><G108/><T90/><D74/><U49/><E69/><V18/><F110/><W21/><G72/><T30/><D106/><U57/><E40/><V78/><F78/><W116/><G116/><T128/><D6/><U29/><E29/><N who="0" m="10761" /><D36/><U85/><E23/><V22/><F95/><W117/><G64/><T13/><D135/><N who="2" m="51786" /><F2/><W113/><G113/><T88/><D128/><U115/><E115/><V109/><F109/><W121/><G121/><T96/><D114/><U98/><E98/><V11/><F12/><W71/><G117/><T93/><D54/><U20/><E20/><V131/><F131/><W70/><G21/><N who="0" m="11407" /><D44/><U123/><REACH who="1" step="1"/><E123/><REACH who="1" ten="225,217,297,251" step="2"/><V34/><F34/><W134/><G134/><T103/><AGARI ba="0,1" hai="84,88,89,90,92,93,96,103" m="11407,10761" machi="103" ten="30,4000,0" yaku="8,1,54,2" doraHai="111" who="0" fromWho="0" sc="225,50,217,-10,297,-10,251,-20" /><INIT seed="4,0,0,3,3,68" ten="275,207,287,231" oya="0" hai0="30,61,121,127,116,94,19,96,106,8,98,57,13" hai1="31,0,126,50,122,11,51,81,45,119,92,24,35" hai2="124,105,62,17,78,80,63,102,77,120,65,82,56" hai3="123,100,128,1,59,110,109,76,6,3,79,101,14"/><T41/><D116/><U15/><E119/><V114/><F114/><W72/><G14/><T66/><D121/><U71/><E122/><V97/><F124/><W33/><G123/><T83/><D127/><U46/><E126/><V131/><F131/><W104/><G59/><T67/><D106/><U7/><E71/><V111/><F111/><W135/><G128/><T16/><D30/><U26/><E92/><N who="2" m="58663" /><F62/><W40/><G40/><T125/><D125/><U18/><E24/><V89/><F105/><W21/><G21/><T5/><D41/><U112/><E112/><V53/><F89/><W39/><G104/><T43/><D43/><U129/><E129/><V42/><F42/><W134/><G6/><T44/><D44/><U118/><E118/><V130/><F130/><W133/><G33/><T107/><D67/><U75/><E46/><V38/><F38/><W28/><G28/><T88/><REACH who="0" step="1"/><D83/><REACH who="0" ten="265,207,287,231" step="2"/><N who="2" m="31786" /><F120/><W60/><G60/><T86/><D86/><U99/><E45/><V93/><F93/><W54/><G135/><T115/><D115/><U113/><E113/><V132/><F132/><W84/><G84/><T22/><D22/><N who="1" m="11615" /><E99/><V25/><F65/><W108/><G108/><T91/><D91/><U87/><E87/><V27/><F78/><AGARI ba="0,1" hai="0,7,11,26,31,35,50,51,75,78,81" m="11615" machi="78" ten="30,1000,0" yaku="24,1" doraHai="68" who="1" fromWho="2" sc="265,0,207,20,287,-10,231,0" /><INIT seed="5,0,0,3,2,134" ten="265,227,277,231" oya="1" hai0="29,122,62,112,25,23,64,2,96,46,65,129,124" hai1="48,37,128,80,98,71,33,86,35,105,111,61,7" hai2="127,34,123,92,130,56,43,24,38,76,22,126,45" hai3="12,73,91,39,113,60,93,4,42,50,114,66,52"/><U70/><E37/><V63/><F34/><W83/><G4/><T21/><D112/><N who="3" m="43113" /><G12/><T82/><D2/><U77/><E128/><V102/><F76/><N who="3" m="44431" /><G42/><T67/><D129/><U88/><E111/><V107/><F123/><W49/><G39/><T85/><D124/><N who="2" m="47658" /><F107/><W54/><G49/><T75/><D75/><N who="1" m="43071" /><E48/><V100/><F92/><W117/><G50/><T110/><D110/><U132/><E132/><V109/><F109/><W26/><G26/><T115/><D46/><U3/><E33/><V69/><F69/><N who="1" m="26121" /><E35/><V59/><F130/><W78/><G78/><T89/><D122/><U57/><E3/><V84/><F84/><N who="3" m="52455" /><G117/><T9/><D9/><U74/><E7/><V36/><F36/><W87/><G87/><T10/><D10/><U15/><E86/><V133/><F133/><W104/><G104/><T31/><D96/><U17/><E105/><V58/><F63/><W106/><G106/><T72/><D72/><U116/><E74/><V121/><F121/><W97/><G97/><T14/><D115/><U79/><E79/><V1/><F1/><W135/><G135/><T28/><D62/><U11/><E116/><V125/><N who="2" m="47666" /><V40/><DORA hai="41" /><F40/><W5/><G5/><T103/><D103/><U8/><E98/><V108/><F108/><W32/><G32/><T13/><D23/><N who="1" m="11711" /><E88/><V6/><F6/><W16/><G16/><AGARI ba="0,0" hai="13,14,16,21,25,28,29,31,64,65,67,82,85,89" machi="16" ten="40,2600,0" yaku="8,1,54,1" doraHai="134,41" who="0" fromWho="3" sc="265,26,227,0,277,0,231,-26" /><AGARI ba="0,0" hai="16,22,24,38,43,45,56,58,59,100,102" m="47666" machi="16" ten="40,12000,2" yaku="18,1,52,5,54,1" doraHai="134,41" who="2" fromWho="3" sc="291,0,227,0,277,120,205,-120" owari="291,9.1,227,-17.3,397,49.7,85,-41.5" /></mjloggm>