<mjloggm ver="2.3"><GO type="225" lobby="0"/><UN n0="%E3%82%82%E3%81%90%E3%82%89" n1="%6D%75%75%6D%75%72%61" n2="%4B%2E%32%2E%4B%2E" n3="%72%69%6F%75%63%68%61%6E" dan="17,16,16,16" rate="2231.23,2185.54,2219.50,2107.74" sx="M,F,M,M"/><TAIKYOKU oya="0"/><INIT seed="0,0,0,0,4,35" ten="250,250,250,250" oya="0" hai0="110,60,106,0,103,76,87,52,10,62,55,97,99" hai1="116,127,5,95,120,92,73,38,133,122,12,130,29" hai2="117,26,59,123,125,23,109,91,66,113,124,132,71" hai3="11,101,58,18,40,121,3,94,135,93,126,14,43"/><T56/><D110/><U7/><E116/><V53/><F123/><W111/><G111/><T36/><D36/><U47/><E73/><V34/><F109/><W85/><G126/><N who="2" m="48745" /><F117/><W75/><G135/><T21/><D21/><U79/><E127/><V114/><F34/><W72/><G121/><T78/><D87/><U46/><E133/><V69/><F91/><N who="3" m="53487" /><G3/><T77/><D99/><U118/><E118/><V22/><F66/><W37/><G37/><T24/><D24/><U112/><E38/><V88/><F88/><W102/><G72/><T4/><REACH who="0" step="1"/><D62/><REACH who="0" ten="240,250,250,250" step="2"/><U15/><E112/><V67/><F22/><W86/><G75/><T17/><D17/><U49/><E29/><V25/><F25/><W63/><G86/><T100/><D100/><N who="3" m="38505" /><G94/><T65/><AGARI ba="0,1" hai="0,4,10,52,55,56,60,65,76,77,78,97,103,106" machi="65" ten="30,11700,0" yaku="1,1,0,1,52,1,54,1,53,0" doraHai="35" doraHaiUra="90" who="0" fromWho="0" sc="240,127,250,-39,250,-39,250,-39" /><INIT seed="0,1,0,2,4,125" ten="367,211,211,211" oya="0" hai0="18,35,67,119,6,89,101,56,13,59,123,102,86" hai1="70,33,53,83,29,77,118,85,117,15,65,80,42" hai2="36,82,16,1,91,57,38,111,76,10,127,50,130" hai3="78,47,110,51,105,14,4,58,66,40,129,120,132"/><T60/><D123/><U98/><E42/><V73/><F127/><W124/><G129/><T135/><D119/><U74/><E98/><V116/><F116/><W41/><G110/><T100/><D35/><U43/><E43/><V23/><F111/><W24/><G132/><T12/><D135/><U71/><E53/><V32/><F32/><W109/><G109/><T128/><D128/><U121/><E121/><V54/><F130/><W55/><G124/><T99/><D99/><U26/><E15/><V95/><F10/><W45/><G120/><T79/><D79/><U126/><E126/><V31/><F31/><W84/><G105/><T52/><D6/><U20/><E33/><V3/><F3/><W93/><G24/><T61/><REACH who="0" step="1"/><D18/><REACH who="0" ten="357,211,211,211" step="2"/><U122/><E122/><V5/><F5/><W107/><G78/><T28/><D28/><U17/><E17/><V21/><F16/><W133/><G133/><T94/><AGARI ba="1,1" hai="12,13,52,56,59,60,61,67,86,89,94,100,101,102" machi="94" ten="30,18000,2" yaku="1,1,0,1,8,1,54,1,53,3" doraHai="125" doraHaiUra="97" who="0" fromWho="0" sc="357,193,211,-61,211,-61,211,-61" /><INIT seed="0,2,0,0,5,23" ten="550,150,150,150" oya="0" hai0="80,119,52,25,29,6,32,58,11,54,99,112,107" hai1="91,26,31,18,75,70,97,53,56,63,43,105,1" hai2="124,2,28,71,129,7,50,39,14,49,128,89,59" hai3="19,22,104,121,109,68,24,95,81,8,127,98,108"/><T16/><D119/><U90/><E1/><V135/><F39/><W0/><G127/><T100/><D112/><U101/><E75/><V3/><F71/><W4/><G121/><T67/><D80/><U84/><E43/><V134/><F28/><W74/><G104/><T42/><D42/><U10/><E70/><V72/><F72/><W44/><G68/><T122/><D122/><U131/><E131/><N who="2" m="50251" /><F89/><W12/><G44/><T132/><D132/><N who="2" m="50730" /><F124/><W86/><G74/><T20/><D67/><U114/><E114/><V41/><F41/><W77/><REACH who="3" step="1"/><G0/><REACH who="3" ten="550,150,150,140" step="2"/><N who="0" m="455" /><D58/><U21/><REACH who="1" step="1"/><E84/><REACH who="1" ten="550,140,150,140" step="2"/><V36/><F2/><W40/><G40/><T17/><D17/><U34/><E34/><V78/><F3/><W62/><G62/><T55/><D55/><U116/><E116/><V111/><F36/><W5/><G5/><T123/><D123/><U110/><E110/><V35/><F111/><W65/><G65/><T76/><D54/><U106/><E106/><V15/><F35/><W83/><G83/><T88/><D52/><U64/><E64/><V73/><F7/><W37/><G37/><T61/><D107/><U115/><E115/><V38/><F38/><W9/><G9/><T30/><D32/><U47/><E47/><V82/><F49/><W96/><G96/><T60/><D99/><U118/><E118/><V46/><F46/><W125/><G125/><T93/><D61/><U94/><E94/><V13/><F50/><W102/><AGARI ba="2,2" hai="4,8,12,19,22,24,77,81,86,95,98,102,108,109" machi="102" ten="30,4000,0" yaku="1,1,0,1,52,1,53,0" doraHai="23" doraHaiUra="45" who="3" fromWho="3" sc="550,-22,140,-12,150,-12,140,66" /><INIT seed="1,0,0,5,2,91" ten="528,128,138,206" oya="1" hai0="130,102,23,56,109,126,63,104,106,82,61,3,135" hai1="62,107,134,4,55,67,132,101,8,78,75,94,120" hai2="73,100,129,118,93,37,15,50,36,65,39,123,77" hai3="97,27,116,108,31,42,44,35,110,89,29,69,24"/><U113/><E113/><V70/><F118/><W18/><G116/><T131/><D3/><U66/><E120/><V26/><F123/><W122/><G122/><T90/><D109/><N who="3" m="42089" /><G69/><T0/><D0/><U1/><E107/><V47/><F129/><N who="0" m="49162" /><D102/><U51/><E75/><V49/><F77/><W112/><G18/><T111/><D111/><U105/><E78/><V83/><F83/><W16/><G16/><T103/><D103/><U64/><E105/><V127/><F127/><W92/><G112/><T34/><D126/><U121/><E121/><V41/><F73/><W32/><G44/><T71/><D34/><U17/><E17/><V21/><F15/><W98/><G42/><T19/><D71/><U58/><REACH who="1" step="1"/><E62/><REACH who="1" ten="528,118,138,206" step="2"/><V12/><F36/><W43/><G43/><T22/><D63/><U57/><E57/><V46/><F37/><W28/><G28/><T84/><D106/><U10/><E10/><V52/><F39/><W25/><G25/><T114/><D104/><U115/><E115/><V13/><F41/><W2/><G24/><T86/><D114/><U7/><E7/><V59/><F59/><W117/><G29/><T6/><D6/><U95/><E95/><V14/><F26/><W125/><G125/><T85/><D19/><U80/><E80/><V11/><F11/><W9/><G117/><T33/><D82/><U40/><E40/><V79/><F79/><W30/><G31/><T119/><D61/><U68/><E68/><V20/><F70/><W5/><G32/><T96/><D119/><U81/><E81/><V76/><F76/><W87/><AGARI ba="0,1" hai="2,5,9,27,30,35,87,89,92,97,98" m="42089" machi="87" ten="30,4000,0" yaku="5,1,14,1,52,1" doraHai="91" who="3" fromWho="3" sc="528,-10,118,-20,138,-10,206,50" /><INIT seed="2,0,0,2,5,45" ten="518,98,128,256" oya="2" hai0="80,67,24,106,2,48,116,70,76,111,102,119,94" hai1="25,42,117,14,9,72,134,3,97,62,7,123,35" hai2="39,84,135,124,4,79,95,57,10,100,18,89,49" hai3="93,121,19,125,55,78,73,5,31,52,12,110,21"/><V103/><F39/><W87/><G121/><T33/><D2/><U85/><E117/><N who="0" m="45129" /><D111/><U120/><E72/><V109/><F109/><W17/><G125/><T20/><D33/><U1/><E134/><V54/><F124/><W127/><G127/><T130/><D130/><U43/><E62/><V68/><F135/><W91/><G110/><T99/><D48/><U113/><E113/><V23/><F79/><W98/><G73/><T104/><D67/><U38/><E97/><V56/><F56/><W75/><G75/><N who="0" m="43039" /><D70/><U47/><E85/><V50/><F50/><W128/><G128/><T133/><D133/><U15/><E43/><V71/><F71/><W132/><G132/><T13/><D13/><U74/><E74/><V11/><F68/><W27/><G5/><T59/><D59/><U64/><E64/><V112/><F112/><W58/><G58/><T108/><D108/><U90/><E14/><N who="2" m="9687" /><F4/><W114/><G114/><T122/><D122/><N who="1" m="46635" /><E3/><V131/><F131/><W63/><G63/><T129/><D129/><U44/><E1/><V41/><F41/><W66/><G66/><T82/><D82/><U88/><E44/><V61/><F61/><W34/><REACH who="3" step="1"/><G19/><AGARI ba="0,0" hai="19,20,24,94,99,102,104,106" m="43039,45129" machi="19" ten="30,1000,0" yaku="12,1" doraHai="45" who="0" fromWho="3" sc="518,10,98,0,128,0,256,-10" /><INIT seed="3,0,0,5,0,123" ten="528,98,128,246" oya="3" hai0="9,94,109,62,51,87,95,28,108,34,130,33,116" hai1="127,3,47,40,60,125,82,114,67,55,15,8,1" hai2="59,53,81,4,65,43,80,89,30,38,115,6,117" hai3="27,44,99,83,105,39,134,37,85,22,88,77,135"/><W41/><G37/><T7/><D116/><U64/><E114/><V58/><F117/><W72/><G99/><T71/><D130/><U98/><E98/><V112/><F30/><W13/><G13/><T119/><D119/><U57/><E3/><V45/><F65/><W84/><G105/><T111/><D51/><U73/><E1/><V124/><F124/><W103/><G103/><T131/><D131/><U2/><E2/><V24/><F24/><W91/><G84/><T35/><D28/><U126/><E82/><V69/><F69/><W104/><G104/><T52/><D87/><U25/><E25/><V110/><F110/><W107/><G107/><T12/><D71/><U96/><E96/><V106/><F106/><W16/><REACH who="3" step="1"/><G85/><REACH who="3" ten="528,98,128,236" step="2"/><T23/><D23/><U78/><E73/><V97/><F38/><W42/><G42/><T26/><D26/><U70/><E78/><V14/><F43/><W86/><G86/><T76/><D76/><U61/><E70/><V56/><F97/><W128/><G128/><T132/><D132/><AGARI ba="0,1" hai="16,22,27,39,41,44,72,77,83,88,91,132,134,135" machi="132" ten="40,12000,1" yaku="1,1,20,1,54,2,53,0" doraHai="123" doraHaiUra="120" who="3" fromWho="0" sc="528,-120,98,0,128,0,236,130" /><INIT seed="3,1,0,0,1,130" ten="408,98,128,366" oya="3" hai0="66,39,86,55,30,53,91,100,16,44,119,74,12" hai1="75,35,20,38,41,1,62,133,57,26,107,110,94" hai2="51,134,88,43,97,2,67,14,96,129,118,135,69" hai3="73,42,132,47,121,61,65,81,70,92,10,71,24"/><W13/><G121/><T78/><D119/><U106/><E35/><V25/><F2/><W72/><G71/><T117/><D117/><U93/><E1/><V87/><F129/><W52/><G132/><N who="2" m="50729" /><F118/><W54/><G24/><T9/><D66/><U3/><E133/><V79/><F79/><W105/><G105/><T123/><D123/><U113/><E113/><V99/><F14/><W127/><G127/><T85/><D30/><U102/><E3/><V131/><F131/><W115/><G115/><T0/><D100/><U18/><E75/><V68/><F67/><W37/><G92/><T126/><D74/><U50/><E38/><V108/><F108/><W76/><REACH who="3" step="1"/><G72/><REACH who="3" ten="408,98,128,356" step="2"/><T6/><D126/><U124/><E124/><V80/><F25/><W89/><G89/><T34/><D34/><U45/><E110/><V128/><F128/><W40/><G40/><T114/><D114/><U33/><E33/><V77/><F88/><W7/><AGARI ba="1,1" hai="7,10,13,37,42,47,52,54,61,65,70,73,76,81" machi="7" ten="20,7800,0" yaku="1,1,0,1,7,1,54,1,53,0" doraHai="130" doraHaiUra="83" who="3" fromWho="3" sc="408,-27,98,-27,128,-27,356,91" owari="381,18.1,71,-42.9,101,-29.9,447,54.7" /></mjloggm>