<mjloggm ver="2.3"><GO type="225" lobby="0"/><UN n0="%72%69%6F%75%63%68%61%6E" n1="%E3%81%B5%E3%81%98%E3%81%8B%E3%81%A4" n2="%E9%97%98%E5%B0%86%E3%81%A0%E3%82%93%E3%81%A7%E3%81%83" n3="%E3%82%A2%E3%83%BC%E3%83%A2%E3%83%AD%E3%83%BC%E3%83%B4%E3%82%A1" dan="16,16,16,16" rate="2265.61,2137.84,2107.04,2098.91" sx="M,M,M,M"/><TAIKYOKU oya="0"/><INIT seed="0,0,0,0,5,72" ten="250,250,250,250" oya="0" hai0="94,18,26,25,45,14,125,133,3,58,105,80,36" hai1="46,85,90,81,89,102,23,77,101,38,87,79,15" hai2="76,71,93,1,73,100,54,19,8,48,104,55,52" hai3="41,108,112,11,120,128,132,13,70,31,17,123,29"/><T30/><D105/><U57/><E38/><V32/><F104/><W16/><G70/><T21/><D125/><U61/><E46/><V88/><F71/><W34/><G112/><T124/><D124/><U20/><E15/><V119/><F32/><W50/><G108/><T63/><D133/><U0/><E0/><V92/><F119/><W37/><G37/><T103/><D3/><U47/><E47/><V134/><F134/><W10/><G132/><T5/><D5/><U83/><E61/><V65/><F65/><W126/><G126/><T6/><D6/><U51/><E57/><V49/><F93/><W75/><G75/><T43/><D80/><U60/><E60/><V68/><F100/><W84/><G84/><T4/><D4/><U67/><E51/><N who="2" m="19531" /><F73/><W82/><G82/><T127/><D127/><U78/><E67/><V7/><F68/><W96/><G96/><T2/><D2/><U86/><E86/><N who="2" m="52247" /><F19/><W33/><G50/><N who="0" m="26943" /><D30/><U28/><E28/><V9/><F1/><W113/><G113/><T42/><D42/><U115/><E115/><V130/><F130/><W69/><G69/><T129/><D36/><U116/><E116/><V110/><F110/><W107/><G107/><T118/><D118/><U98/><E102/><V97/><F97/><W122/><G41/><T121/><D129/><U74/><E74/><V53/><N who="2" m="13312" /><DORA hai="56" /><V131/><F131/><W22/><G128/><T66/><D121/><U106/><AGARI ba="0,0" hai="20,23,77,78,79,81,83,85,87,89,90,98,101,106" machi="106" ten="30,8000,1" yaku="0,1,9,1,52,3" doraHai="72,56" who="1" fromWho="1" sc="250,-40,250,80,250,-20,250,-20" /><INIT seed="1,0,0,5,0,23" ten="210,330,230,230" oya="1" hai0="82,35,85,68,119,53,26,60,37,45,125,132,110" hai1="100,133,57,111,89,43,127,134,102,54,101,77,0" hai2="32,135,96,126,49,116,14,47,15,71,8,20,94" hai3="7,18,124,113,2,41,44,38,59,39,31,92,66"/><U13/><E0/><V88/><F32/><W76/><G113/><T62/><D119/><U121/><E121/><V17/><F135/><N who="1" m="51721" /><E127/><V36/><F126/><W108/><G124/><T33/><D132/><U98/><E43/><V69/><F36/><W30/><G108/><T115/><D115/><U29/><E29/><V56/><F56/><W40/><G18/><T28/><D125/><U6/><E77/><V12/><F116/><W10/><G76/><T51/><D110/><U79/><E79/><V11/><F11/><W104/><G104/><T83/><D37/><U5/><E13/><V91/><F91/><W86/><G40/><T107/><D107/><U34/><E34/><V112/><F112/><W95/><G39/><T118/><D118/><U81/><E111/><V114/><F114/><W128/><G31/><T78/><D68/><U24/><E24/><V9/><F9/><W80/><G30/><T52/><D35/><U106/><E81/><V48/><F48/><W27/><G27/><T55/><REACH who="0" step="1"/><D82/><REACH who="0" ten="200,330,230,230" step="2"/><U74/><E106/><V3/><F71/><W90/><REACH who="3" step="1"/><G128/><REACH who="3" ten="200,330,230,220" step="2"/><T19/><D19/><U46/><E5/><V63/><F17/><W105/><G105/><T64/><D64/><U58/><E6/><V67/><F8/><W72/><G72/><T42/><AGARI ba="0,2" hai="26,28,33,42,45,51,52,53,55,60,62,78,83,85" machi="42" ten="30,7900,0" yaku="1,1,0,1,52,1,54,1,53,0" doraHai="23" doraHaiUra="61" who="0" fromWho="0" sc="200,99,330,-39,230,-20,220,-20" /><INIT seed="2,0,0,5,1,23" ten="299,291,210,200" oya="2" hai0="81,55,64,75,104,41,35,48,109,135,128,8,77" hai1="131,37,127,38,112,132,11,63,54,4,13,84,14" hai2="27,16,28,116,119,31,114,130,98,73,43,65,86" hai3="126,52,101,103,12,60,36,46,91,123,121,94,102"/><V129/><F73/><W56/><G126/><T72/><D104/><U39/><E112/><V99/><F114/><W93/><G12/><T3/><D109/><U1/><E127/><V42/><F65/><W76/><G76/><T92/><D35/><U26/><E131/><N who="2" m="50187" /><F86/><W50/><G36/><T7/><D128/><U34/><E132/><V17/><F31/><W61/><G61/><T47/><D135/><U117/><E117/><N who="2" m="45131" /><F43/><W45/><G45/><T134/><D134/><U106/><E106/><V95/><F42/><W70/><G70/><T62/><D92/><U78/><E78/><V33/><F99/><W40/><REACH who="3" step="1"/><G94/><REACH who="3" ten="299,291,210,190" step="2"/><T115/><D115/><U19/><E39/><V30/><F30/><W5/><G5/><T44/><D75/><U71/><E38/><V87/><F87/><AGARI ba="0,1" hai="40,46,50,52,56,60,87,91,93,101,102,103,121,123" machi="87" ten="40,2600,0" yaku="1,1,54,1,53,0" doraHai="23" doraHaiUra="67" who="3" fromWho="2" sc="299,0,291,0,210,-26,190,36" /><INIT seed="3,0,0,1,3,44" ten="299,291,184,226" oya="3" hai0="17,3,106,5,33,133,29,58,9,43,114,37,96" hai1="32,41,95,22,1,92,81,72,83,104,128,129,98" hai2="56,127,77,111,65,115,135,99,19,120,20,40,70" hai3="54,30,62,4,42,87,69,53,34,89,97,35,23"/><W36/><G4/><T25/><D58/><U11/><E32/><V125/><F115/><W88/><G36/><T91/><D91/><U2/><E41/><V16/><F111/><W124/><G124/><N who="2" m="47689" /><F135/><W126/><G42/><T119/><D119/><U75/><E22/><V108/><F108/><W18/><G126/><T6/><D6/><U12/><E104/><V82/><F120/><W107/><G30/><T132/><D114/><U103/><E92/><V80/><F70/><W47/><G34/><T122/><D122/><U78/><E83/><N who="2" m="31787" /><F77/><W52/><G35/><T73/><D73/><U48/><E72/><V55/><F65/><W101/><G47/><N who="0" m="24047" /><D17/><N who="1" m="8351" /><E48/><N who="2" m="30823" /><F40/><W74/><G74/><T15/><D15/><U46/><E46/><V67/><F67/><W131/><G131/><AGARI ba="0,0" hai="1,2,75,78,81,95,98,103,128,129,131" m="8351" machi="131" ten="30,1000,0" yaku="19,1" doraHai="44" who="1" fromWho="3" sc="299,0,291,10,184,0,226,-10" owari="299,9.9,301,40.1,184,-31.6,216,-18.4" /></mjloggm>