<mjloggm ver="2.3"><GO type="225" lobby="0"/><UN n0="%E3%81%91%E3%83%BC%E3%81%9E%E3%81%88" n1="%E8%81%B7%E6%A5%AD%E3%80%81%E9%A2%A8%32" n2="%E6%97%A5%E6%9B%9C%E6%97%A5%E3%82%88%E3%82%8A%E3%81%AE%E4%BD%BF%E8%80%85" n3="%E6%80%AA%E3%81%97%E3%81%99%E3%81%8E%E3%82%8B%E3%83%81%E3%83%BC" dan="16,16,17,16" rate="2159.04,2121.78,2165.82,2160.07" sx="M,M,M,M"/><TAIKYOKU oya="0"/><INIT seed="0,0,0,5,5,126" ten="250,250,250,250" oya="0" hai0="53,54,133,3,62,86,15,7,20,23,102,52,48" hai1="26,125,36,22,38,29,11,83,82,91,92,73,119" hai2="99,57,84,117,113,124,93,66,90,111,121,41,100" hai3="114,94,112,115,80,31,95,59,128,58,18,5,77"/><T76/><D133/><U67/><E119/><V78/><F41/><W16/><G128/><T75/><D75/><U2/><E125/><V55/><F66/><W85/><G31/><T70/><D102/><U98/><E67/><V69/><F69/><W28/><G28/><T106/><D106/><U27/><E82/><V49/><F124/><W74/><G5/><T103/><D103/><U43/><E43/><V132/><F117/><W130/><G130/><T122/><D3/><U61/><E61/><V13/><F113/><W45/><G45/><N who="0" m="27663" /><D62/><U32/><E11/><V87/><F121/><W123/><G123/><T19/><D7/><U96/><E2/><V65/><F65/><W44/><G44/><T105/><D105/><U129/><E129/><V60/><F132/><W127/><G127/><T14/><D70/><U89/><E73/><V47/><F111/><W46/><G46/><T109/><D122/><U4/><E4/><V50/><F47/><W56/><REACH who="3" step="1"/><G74/><REACH who="3" ten="250,250,250,240" step="2"/><T81/><D109/><U63/><E29/><V107/><F13/><W79/><G79/><T8/><D15/><U21/><E32/><V64/><F78/><W51/><G51/><T120/><D120/><U110/><E110/><V0/><F0/><W88/><G88/><T10/><D10/><U116/><E116/><V97/><F50/><W108/><G108/><T39/><D39/><U12/><E38/><V34/><F34/><W104/><G104/><T68/><D68/><U101/><E36/><V135/><F135/><W24/><G24/><T6/><D6/><U37/><E37/><V134/><F134/><RYUUKYOKU ba="0,1" sc="250,10,250,-30,250,10,240,10" hai0="8,14,19,20,23,53,54,76,81,86" hai2="49,55,57,60,64,84,87,90,93,97,99,100,107" hai3="16,18,56,58,59,77,80,85,94,95,112,114,115" /><INIT seed="0,1,1,5,3,5" ten="260,220,260,250" oya="0" hai0="114,91,52,135,63,2,11,29,120,96,109,134,78" hai1="110,4,18,127,117,85,112,62,99,83,47,69,26" hai2="104,130,32,60,24,0,36,107,93,89,30,43,9" hai3="61,7,6,86,95,100,53,124,54,87,92,132,15"/><T125/><D120/><U115/><E117/><V22/><F130/><W8/><G124/><T94/><D114/><N who="1" m="43563" /><E110/><V37/><F60/><W48/><G132/><N who="0" m="50731" /><D125/><U70/><E127/><V40/><F37/><W51/><G61/><T46/><D109/><U21/><E4/><V57/><F57/><W105/><G105/><T129/><D129/><U17/><E62/><V103/><F103/><W128/><G128/><T42/><D29/><N who="1" m="17615" /><E99/><V75/><F75/><W131/><G131/><T101/><D78/><N who="1" m="46327" /><E47/><V77/><F77/><W65/><G65/><T133/><D133/><U118/><E118/><V1/><F32/><W72/><G72/><T113/><D113/><U123/><E123/><V10/><F0/><W16/><G100/><T90/><D2/><U44/><E44/><V102/><F1/><W55/><G7/><T23/><D63/><U111/><E111/><V119/><F119/><W81/><G6/><T50/><D101/><U68/><AGARI ba="1,1" hai="17,18,68,69,70" m="46327,17615,43563" machi="68" ten="40,1500,0" yaku="11,1" doraHai="5" who="1" fromWho="1" sc="260,-8,220,28,260,-5,250,-5" /><INIT seed="1,0,0,5,5,48" ten="252,248,255,245" oya="1" hai0="6,53,72,99,110,54,16,121,58,5,117,37,113" hai1="128,96,91,38,97,57,105,43,134,76,32,73,52" hai2="132,47,125,56,85,7,122,86,84,120,75,21,106" hai3="123,42,11,30,13,92,95,22,59,9,135,26,78"/><U98/><E128/><V69/><F69/><W81/><G123/><T8/><D113/><U109/><E32/><V1/><F75/><W82/><G135/><T28/><D72/><U83/><E134/><V10/><F106/><W131/><G131/><T62/><D117/><U29/><E29/><V124/><F132/><W17/><G42/><T61/><D37/><U44/><E109/><V49/><F56/><W115/><G115/><T66/><D110/><U25/><E25/><V127/><REACH who="2" step="1"/><F21/><REACH who="2" ten="252,248,245,245" step="2"/><W87/><G11/><T27/><D121/><U39/><E39/><V100/><F100/><W90/><G59/><N who="0" m="35055" /><D66/><U34/><E34/><V74/><F74/><AGARI ba="0,1" hai="9,13,17,22,26,30,74,78,81,82,87,90,92,95" machi="74" ten="30,1000,0" yaku="7,1" doraHai="48" who="3" fromWho="2" sc="252,0,248,0,245,-10,245,20" /><INIT seed="2,0,0,0,2,59" ten="252,248,235,265" oya="2" hai0="20,78,50,36,102,28,91,109,41,98,120,27,90" hai1="29,38,96,31,93,116,121,101,7,40,100,42,76" hai2="44,72,21,5,52,103,45,12,92,35,89,134,2" hai3="66,133,135,127,46,85,0,123,128,65,22,67,32"/><V56/><F35/><W24/><G32/><T17/><D109/><U112/><E116/><V39/><F72/><W16/><G123/><T115/><D115/><U97/><E112/><V1/><F39/><W63/><G0/><T30/><D36/><U64/><E121/><V15/><F1/><W4/><G4/><T54/><D41/><U69/><E7/><V43/><F2/><W125/><G46/><T18/><D78/><U57/><E69/><V79/><F79/><W80/><G128/><T10/><D120/><U83/><E42/><V33/><F33/><W87/><G63/><T26/><D10/><U74/><E40/><V47/><F134/><N who="3" m="51211" /><G87/><T3/><D3/><U6/><E6/><V8/><F103/><W105/><G105/><T119/><D119/><U117/><E38/><V114/><F114/><W130/><G130/><T70/><D102/><U71/><E71/><V51/><F43/><W61/><G61/><T113/><D70/><U108/><E108/><V11/><F11/><W131/><G131/><T13/><D113/><U118/><E117/><V55/><F55/><W81/><G81/><T111/><D54/><U37/><E37/><V60/><F60/><W126/><G66/><T86/><D50/><U88/><E118/><V122/><F122/><W110/><G110/><T34/><D111/><U68/><E68/><V94/><REACH who="2" step="1"/><F89/><AGARI ba="0,0" hai="16,22,24,65,67,80,85,89,125,126,127" m="51211" machi="89" ten="40,5200,0" yaku="18,1,20,1,54,1" doraHai="59" who="3" fromWho="2" sc="252,0,248,0,235,-52,265,52" /><INIT seed="3,0,0,3,4,18" ten="252,248,183,317" oya="3" hai0="125,84,86,88,116,7,107,41,82,69,61,71,9" hai1="27,17,39,120,2,55,122,15,118,46,0,10,44" hai2="28,12,135,128,89,80,37,16,106,70,67,8,32" hai3="105,113,47,34,102,132,73,79,19,77,45,108,100"/><W115/><G34/><T54/><D125/><U87/><E118/><V133/><F106/><W131/><G19/><T62/><D107/><U99/><E99/><V51/><F37/><W58/><G105/><T48/><D41/><U85/><E39/><V97/><F128/><W21/><G73/><T23/><D23/><U22/><E55/><V96/><F51/><W26/><G21/><T134/><D134/><U127/><E127/><V35/><F67/><W95/><G58/><T124/><D71/><U36/><E46/><V117/><F70/><W98/><G26/><T50/><D50/><U60/><E60/><V93/><F117/><W129/><G132/><T72/><D72/><U29/><E44/><N who="3" m="16970" /><G102/><T123/><D69/><U31/><E36/><V49/><F49/><W4/><G108/><T94/><D123/><U110/><E120/><V104/><F80/><W90/><G4/><T30/><D30/><U57/><E31/><V25/><REACH who="2" step="1"/><F35/><REACH who="2" ten="252,248,173,317" step="2"/><W1/><G131/><T91/><D124/><U130/><E130/><V65/><F65/><W20/><G129/><T101/><D116/><U78/><E122/><V59/><F59/><W66/><G66/><T119/><D119/><U76/><E57/><V11/><F11/><W109/><G113/><T103/><D48/><U33/><E10/><V13/><F13/><W64/><G64/><T42/><D42/><U24/><E15/><V111/><F111/><W114/><G109/><T92/><D54/><U68/><E110/><V53/><F53/><W74/><G114/><T14/><D82/><N who="1" m="47303" /><E68/><V3/><F3/><W43/><G115/><RYUUKYOKU ba="0,1" sc="252,10,248,10,173,10,317,-30" hai0="7,9,14,61,62,84,86,88,91,92,94,101,103" hai1="0,2,17,22,24,27,29,33,78,87" hai2="8,12,16,25,28,32,89,93,96,97,104,133,135" /><INIT seed="4,1,1,0,4,55" ten="262,258,183,287" oya="0" hai0="43,15,128,8,116,110,0,118,111,123,105,14,23" hai1="80,47,98,29,73,63,36,19,3,70,103,135,45" hai2="94,132,44,16,95,113,134,68,64,74,2,27,126" hai3="28,49,121,37,53,51,54,106,24,90,11,57,13"/><T5/><D105/><U107/><E3/><V4/><F74/><W33/><G121/><T65/><D123/><U26/><E135/><N who="2" m="51755" /><F113/><W35/><G37/><T12/><D65/><N who="1" m="41279" /><E36/><V61/><F126/><W58/><G106/><T91/><D91/><U77/><E19/><V101/><F101/><W31/><G90/><T102/><D102/><U30/><E30/><V131/><F131/><W20/><G31/><T125/><D43/><U130/><E130/><V7/><F44/><W75/><G75/><T1/><D125/><U115/><E115/><V34/><F34/><AGARI ba="1,1" hai="26,29,34,45,47,73,77,80,98,103,107" m="41279" machi="34" ten="30,1000,0" yaku="25,1" doraHai="55" who="1" fromWho="2" sc="262,0,258,23,183,-13,287,0" /><INIT seed="5,0,0,2,2,97" ten="262,281,170,287" oya="1" hai0="36,111,47,101,29,58,22,49,116,44,120,68,129" hai1="94,106,62,84,7,82,12,73,134,121,99,105,72" hai2="65,4,20,118,9,6,5,43,38,27,124,102,55" hai3="35,79,16,39,112,14,52,1,54,113,93,0,37"/><U89/><E121/><V119/><F65/><W103/><G35/><T63/><D111/><U64/><E134/><V107/><F124/><W34/><G103/><T123/><D116/><U110/><E110/><V60/><F43/><W96/><G93/><T45/><D29/><U32/><E32/><V80/><F38/><N who="3" m="14347" /><G96/><T56/><D22/><U91/><E12/><V46/><F80/><W48/><G79/><T15/><D101/><U85/><E7/><V78/><F78/><W83/><G83/><T2/><D15/><U92/><E62/><V90/><F90/><W117/><G117/><T135/><D2/><N who="3" m="1129" /><G48/><T28/><D28/><U74/><E64/><V95/><F107/><W13/><G34/><T70/><D135/><U57/><E57/><N who="0" m="22121" /><D36/><U75/><E75/><V50/><F60/><W127/><G127/><T19/><D19/><U109/><E109/><V11/><F119/><W128/><G128/><T130/><D49/><U23/><E23/><V115/><F118/><W10/><G14/><T86/><D86/><U108/><E108/><V126/><F126/><W59/><G59/><T51/><D51/><U8/><E8/><V42/><F42/><W31/><G31/><T87/><D87/><U17/><E17/><N who="2" m="12687" /><F115/><AGARI ba="0,0" hai="10,13,16,52,54,112,113,115" m="1129,14347" machi="115" ten="40,5200,0" yaku="15,1,54,2" doraHai="97" who="3" fromWho="2" sc="262,0,281,0,170,-52,287,52" owari="262,-13.8,281,8.1,118,-38.2,339,43.9" /></mjloggm>