<mjloggm ver="2.3"><GO type="225" lobby="0"/><UN n0="%E3%83%A9%E3%83%BC%E3%83%A1%E3%83%B3%E4%BA%94%E9%83%8E" n1="%72%65%6E%6B%75%6E" n2="%33%74%72%65%65" n3="%E3%81%BF%E3%81%BF%E3%81%9A" dan="16,17,16,17" rate="2100.02,2202.16,2111.51,2313.08" sx="M,M,F,M"/><TAIKYOKU oya="0"/><INIT seed="0,0,0,3,5,29" ten="250,250,250,250" oya="0" hai0="128,6,20,126,75,135,48,90,112,132,65,79,77" hai1="133,114,95,40,5,16,56,97,59,120,47,25,64" hai2="14,24,109,134,7,86,94,27,18,26,37,22,1" hai3="44,55,13,12,111,19,129,121,39,91,35,89,38"/><T118/><D112/><U36/><E114/><V10/><F37/><W49/><G111/><T67/><D118/><U3/><E133/><N who="0" m="51273" /><D128/><U58/><E120/><V46/><F134/><W81/><G129/><T87/><D126/><U80/><E80/><V52/><F109/><W93/><G121/><T92/><D6/><U98/><E64/><N who="0" m="24649" /><D75/><U107/><E107/><V116/><F116/><W104/><G104/><T17/><D48/><U83/><E83/><V43/><F43/><W73/><G35/><T70/><D70/><U117/><E117/><V4/><F4/><W123/><G123/><T30/><D30/><U103/><E98/><V21/><F21/><W82/><G73/><T57/><D57/><U78/><E78/><V61/><F1/><W130/><G130/><T100/><D100/><U45/><E45/><V23/><F7/><W42/><G38/><T110/><D110/><U106/><E106/><V41/><F61/><W32/><G32/><T11/><D11/><U72/><E72/><V125/><F125/><W51/><G39/><T124/><D124/><U101/><E101/><V85/><F10/><N who="3" m="6551" /><G89/><T33/><D33/><U69/><E69/><V131/><F131/><W9/><G49/><T122/><D122/><U113/><E113/><V60/><F60/><W99/><G42/><T66/><N who="0" m="24657" /><T88/><DORA hai="28" /><D90/><U119/><E119/><V54/><F41/><W84/><G99/><T108/><D108/><U71/><E71/><V115/><F115/><W96/><G96/><T68/><D68/><U76/><E36/><V74/><F74/><W105/><G105/><RYUUKYOKU ba="0,0" sc="250,15,250,-15,250,-15,250,15" hai0="17,20,77,79,87,88,92" hai3="9,13,44,51,55,81,82,84,91,93" /><INIT seed="0,1,0,4,5,129" ten="265,235,235,265" oya="0" hai0="103,110,82,124,74,53,31,120,115,86,1,57,65" hai1="88,35,30,83,32,17,26,105,117,42,133,15,109" hai2="21,19,60,76,102,90,14,13,112,93,46,34,2" hai3="84,29,69,79,3,122,134,89,20,73,5,97,125"/><T96/><D115/><U12/><E105/><V48/><F112/><W44/><G69/><T135/><D120/><U4/><E117/><V87/><F2/><W132/><G122/><T94/><D1/><U8/><E42/><V63/><F34/><W16/><G125/><T85/><D124/><U25/><E109/><V40/><F102/><W59/><G97/><T33/><D65/><U81/><E133/><N who="3" m="51306" /><G59/><T99/><D110/><U100/><E100/><V58/><F76/><W108/><G108/><T111/><D111/><U52/><E52/><N who="2" m="33863" /><F63/><W106/><G106/><T131/><D135/><U66/><E66/><V51/><F51/><W130/><G130/><T27/><D131/><U71/><E71/><V123/><F123/><W121/><G121/><T95/><D74/><U127/><E88/><V37/><F37/><W70/><G70/><T24/><D82/><U45/><E45/><V118/><F118/><W0/><G29/><T56/><D56/><U78/><E78/><V104/><F104/><W10/><G44/><T113/><D113/><U67/><E67/><V50/><F50/><W126/><G126/><T116/><D116/><U72/><E127/><V43/><F43/><W49/><G49/><T75/><D31/><U80/><E72/><V92/><F40/><W61/><G61/><N who="0" m="36015" /><D75/><U47/><E47/><V22/><F46/><W77/><G0/><T39/><D39/><U114/><E114/><V54/><F48/><W9/><G73/><T38/><D38/><U6/><E30/><V55/><F55/><W7/><G3/><T128/><D128/><U62/><E62/><RYUUKYOKU ba="1,0" sc="265,0,235,0,235,0,265,0" /><INIT seed="1,2,0,1,4,118" ten="265,235,235,265" oya="1" hai0="22,91,16,0,121,10,84,29,68,42,5,66,105" hai1="24,109,104,116,28,86,52,83,117,81,13,89,96" hai2="46,17,63,72,7,100,73,79,127,102,53,21,55" hai3="82,92,34,80,41,49,2,85,39,98,135,35,64"/><U26/><E109/><V103/><F127/><W14/><G2/><T36/><D105/><U57/><E13/><V6/><F72/><W101/><G39/><T94/><D36/><U4/><E4/><V111/><F111/><W37/><G37/><T75/><D42/><U78/><E104/><V107/><F107/><W15/><G135/><T115/><D115/><U25/><E28/><V99/><F73/><W62/><G35/><T51/><D75/><U124/><E124/><V133/><F79/><W59/><G34/><T76/><D51/><U27/><N who="1" m="6144" /><DORA hai="69" /><U120/><E120/><V126/><F133/><W119/><G119/><T47/><D47/><U43/><E43/><V19/><F99/><W23/><G23/><T125/><D29/><U32/><E32/><V56/><F126/><W108/><G80/><T33/><D33/><U20/><E20/><V18/><F21/><W50/><G108/><T93/><D76/><U60/><REACH who="1" step="1"/><E96/><REACH who="1" ten="265,225,235,265" step="2"/><V3/><F3/><W48/><REACH who="3" step="1"/><G41/><REACH who="3" ten="265,225,235,255" step="2"/><T88/><D125/><U95/><E95/><V67/><REACH who="2" step="1"/><F67/><REACH who="2" ten="265,225,225,255" step="2"/><W74/><G74/><AGARI ba="2,3" hai="52,57,60,74,78,81,83,86,89,116,117" m="6144" machi="74" ten="50,12000,1" yaku="1,1,54,1,53,2" doraHai="118,69" doraHaiUra="77,8" who="1" fromWho="3" sc="265,0,225,156,225,0,255,-126" /><INIT seed="1,3,0,1,4,81" ten="265,381,225,129" oya="1" hai0="45,10,107,88,74,32,44,60,33,129,63,133,130" hai1="38,25,62,29,117,128,30,94,59,93,120,9,5" hai2="70,84,0,54,14,105,40,124,12,37,27,109,98" hai3="96,76,16,108,114,73,95,92,7,17,90,13,115"/><U103/><E38/><V52/><F0/><W15/><G108/><T64/><D107/><U31/><E117/><V55/><F109/><W75/><G7/><T102/><D102/><U19/><E120/><V85/><F70/><W61/><G61/><N who="0" m="23627" /><D64/><U39/><E39/><V77/><F77/><W78/><G96/><T67/><D67/><U135/><E135/><V126/><F27/><W43/><REACH who="3" step="1"/><G90/><REACH who="3" ten="265,381,225,119" step="2"/><T111/><D88/><U112/><E112/><V101/><F126/><W49/><G49/><T11/><D111/><U6/><E103/><V65/><F124/><W36/><G36/><T97/><D97/><U82/><E5/><V47/><REACH who="2" step="1"/><F65/><REACH who="2" ten="265,381,215,119" step="2"/><W58/><G58/><T57/><D57/><U8/><E59/><V69/><F69/><W122/><G122/><T1/><D129/><U99/><E128/><V3/><F3/><W18/><G18/><T125/><D130/><U71/><E19/><V41/><F41/><AGARI ba="3,2" hai="13,15,16,17,41,43,73,75,76,78,92,95,114,115" machi="41" ten="25,6400,0" yaku="1,1,22,2,54,1,53,0" doraHai="81" doraHaiUra="68" who="3" fromWho="2" sc="265,0,381,0,215,-73,119,93" /><INIT seed="2,0,0,3,0,5" ten="265,381,142,212" oya="2" hai0="124,37,109,29,13,61,20,132,104,32,4,76,130" hai1="69,51,3,26,99,115,120,42,22,66,80,62,86" hai2="31,70,9,89,14,33,122,34,25,85,119,84,95" hai3="36,15,68,11,63,8,49,82,103,41,54,1,91"/><V134/><F119/><W39/><G103/><T131/><D104/><U81/><E115/><V24/><F122/><W21/><G1/><T6/><D37/><U116/><E116/><V50/><F70/><W19/><G39/><T71/><D109/><U133/><E133/><V67/><F134/><W92/><G82/><T125/><D76/><U79/><E3/><V88/><F67/><W102/><G102/><T83/><D83/><U53/><E120/><V35/><F50/><W59/><G36/><T101/><D101/><U77/><E99/><V30/><F35/><W129/><G129/><N who="0" m="49163" /><D61/><U58/><E42/><V72/><F72/><W75/><G75/><T111/><D71/><U98/><E98/><V10/><F14/><W43/><G68/><T97/><D97/><U18/><E81/><AGARI ba="0,0" hai="9,10,24,25,30,31,33,34,81,84,85,88,89,95" machi="81" ten="30,12000,1" yaku="7,1,9,1,52,2,54,1" doraHai="5" who="2" fromWho="1" sc="265,0,381,-120,142,120,212,0" /><INIT seed="2,1,0,4,1,42" ten="265,261,262,212" oya="2" hai0="58,69,4,66,120,27,80,108,134,48,12,23,124" hai1="19,1,122,20,82,41,52,100,14,3,29,103,96" hai2="54,109,26,46,67,33,92,55,38,70,34,16,71" hai3="21,102,76,56,125,89,44,47,61,118,133,117,73"/><V49/><F109/><W62/><G102/><T32/><D120/><U84/><E122/><V9/><F38/><W10/><G73/><T98/><D108/><U131/><E131/><V114/><F114/><W51/><G76/><T74/><D69/><U72/><E72/><V6/><F54/><N who="3" m="31839" /><G10/><T77/><D32/><U59/><E41/><V17/><F92/><W75/><G75/><T128/><D128/><U91/><E29/><V37/><F37/><W57/><G89/><T7/><D134/><U87/><E87/><V11/><F11/><W123/><G123/><T85/><D124/><U88/><E91/><V24/><F71/><W129/><G129/><T132/><D132/><U25/><E25/><V35/><F70/><W130/><G130/><T135/><D74/><U90/><E90/><V121/><F121/><W60/><G133/><T45/><D135/><U83/><E83/><V8/><F8/><W93/><G93/><T127/><D127/><U119/><E100/><V22/><F67/><N who="3" m="39311" /><G21/><T15/><D4/><U43/><E43/><V111/><F111/><W95/><G95/><T86/><D7/><U104/><E119/><N who="3" m="45578" /><G125/><T0/><D0/><U78/><E78/><V50/><F26/><W79/><G79/><T36/><D98/><U106/><REACH who="1" step="1"/><E104/><REACH who="1" ten="265,251,262,212" step="2"/><V110/><F110/><W99/><G99/><T101/><D77/><U81/><E81/><V5/><F24/><W94/><G94/><T126/><D27/><U112/><E112/><V68/><F33/><W107/><G107/><T115/><D80/><U53/><E53/><N who="2" m="29879" /><F34/><W63/><AGARI ba="1,1" hai="44,47,61,62,63" m="45578,39311,31839" machi="63" ten="30,7900,0" yaku="34,2,52,2" doraHai="42" who="3" fromWho="3" sc="265,-21,251,-21,262,-40,212,92" /><INIT seed="3,0,0,5,3,10" ten="244,230,222,304" oya="3" hai0="90,28,73,15,118,4,102,16,37,69,12,60,92" hai1="41,109,120,48,11,113,31,3,89,125,121,18,107" hai2="93,47,110,135,38,133,94,114,19,99,49,82,124" hai3="100,103,36,2,116,64,80,8,126,42,72,20,52"/><W115/><G115/><T105/><D118/><U87/><E107/><V45/><F114/><W79/><G64/><T22/><D37/><U83/><E113/><V40/><F110/><W122/><G116/><T44/><D73/><U26/><E109/><V112/><F112/><W74/><G74/><T46/><D105/><U123/><E125/><V68/><F124/><W21/><G126/><T81/><D69/><U56/><E3/><V33/><F68/><W75/><G75/><T101/><D28/><U65/><E41/><N who="2" m="24751" /><F33/><W24/><G52/><T63/><D81/><U23/><E48/><N who="2" m="26727" /><F82/><W131/><G122/><T119/><D119/><U39/><E39/><V25/><F38/><W88/><G131/><T76/><D44/><U129/><E129/><V35/><F99/><W9/><G42/><T54/><D46/><U127/><E127/><V67/><F67/><W1/><G36/><T58/><D63/><U111/><E111/><V27/><F35/><W84/><G1/><T59/><D76/><U91/><E91/><V5/><F5/><W71/><G71/><T104/><D104/><U132/><E132/><N who="2" m="50763" /><F19/><N who="3" m="12319" /><G2/><T53/><D4/><U32/><E32/><V95/><AGARI ba="0,0" hai="25,27,93,94,95" m="50763,26727,24751" machi="95" ten="30,1100,0" yaku="20,1" doraHai="10" who="2" fromWho="2" sc="244,-3,230,-3,222,11,304,-5" /><INIT seed="4,0,0,1,0,121" ten="241,227,233,299" oya="0" hai0="41,135,115,33,83,60,129,84,57,67,2,19,102" hai1="125,88,116,51,92,87,36,82,64,28,127,37,12" hai2="130,128,89,56,40,131,62,65,66,10,112,48,94" hai3="105,45,31,106,100,14,119,113,38,17,79,72,93"/><T99/><D2/><U75/><E116/><V95/><F112/><W110/><G110/><T26/><D115/><U15/><E64/><V69/><F10/><W0/><G0/><T90/><D129/><U43/><E28/><V24/><F24/><W122/><G31/><T126/><D126/><N who="1" m="48139" /><E51/><V8/><F8/><W55/><G119/><T29/><D135/><U42/><E42/><V3/><F3/><W80/><G113/><T81/><D41/><U44/><E37/><V85/><F95/><W78/><G78/><AGARI ba="0,0" hai="12,15,36,43,44,75,78,82,87,88,92" m="48139" machi="78" ten="30,2000,0" yaku="18,1,54,1" doraHai="121" who="1" fromWho="3" sc="241,0,227,20,233,0,299,-20" /><INIT seed="5,0,0,1,0,87" ten="241,247,233,279" oya="1" hai0="122,81,31,94,73,116,84,27,4,105,62,58,90" hai1="39,108,48,107,45,96,95,26,134,126,112,75,61" hai2="70,80,82,120,114,0,33,20,25,111,14,1,118" hai3="74,121,10,29,132,64,12,63,135,115,83,117,69"/><U11/><E75/><V79/><F111/><W97/><G121/><T55/><D116/><U28/><E107/><V21/><F70/><W131/><G115/><T40/><D122/><U36/><E112/><V77/><F120/><W16/><G117/><T88/><D105/><U22/><E108/><V104/><F104/><W43/><G43/><T3/><D40/><U42/><E126/><V125/><F118/><W9/><G29/><T57/><D73/><U49/><E134/><N who="3" m="51242" /><G131/><T53/><D3/><U133/><E133/><V72/><F114/><W35/><G35/><T24/><D4/><U37/><E61/><V51/><F125/><W34/><G34/><T103/><D103/><U50/><REACH who="1" step="1"/><E11/><REACH who="1" ten="241,237,233,279" step="2"/><V100/><F72/><W7/><G74/><T101/><D31/><U123/><E123/><V5/><F33/><W119/><G9/><T46/><D101/><AGARI ba="0,1" hai="22,26,28,36,37,39,42,45,48,49,50,95,96,101" machi="101" ten="40,3900,0" yaku="1,1,53,1" doraHai="87" doraHaiUra="38" who="1" fromWho="0" sc="241,-39,237,49,233,0,279,0" /><INIT seed="5,1,0,3,2,100" ten="202,286,233,279" oya="1" hai0="67,118,80,9,102,50,27,104,14,1,6,74,125" hai1="95,64,114,44,112,86,65,21,116,23,46,25,120" hai2="13,15,70,19,36,91,134,76,17,31,131,129,133" hai3="58,77,121,35,12,11,26,61,108,78,51,4,94"/><U81/><E116/><V79/><F36/><W126/><G108/><T20/><D118/><U55/><E120/><V124/><F91/><W24/><G121/><T42/><D125/><U0/><E0/><V40/><F40/><W16/><G126/><T99/><D67/><N who="1" m="25675" /><E95/><V29/><REACH who="2" step="1"/><F124/><REACH who="2" ten="202,286,223,279" step="2"/><W60/><G78/><T110/><D110/><U90/><E112/><V62/><F62/><W101/><G77/><T3/><D42/><U18/><E114/><V22/><F22/><W98/><G35/><T132/><D132/><U52/><E23/><V28/><F28/><W69/><G69/><AGARI ba="1,1" hai="13,15,17,19,29,31,69,70,76,79,129,131,133,134" machi="69" ten="25,3200,0" yaku="1,1,22,2,53,0" doraHai="100" doraHaiUra="103" who="2" fromWho="3" sc="202,0,286,0,223,45,279,-35" /><INIT seed="6,0,0,0,2,16" ten="202,286,268,244" oya="2" hai0="69,87,82,24,110,85,117,79,72,76,4,92,114" hai1="90,67,94,120,45,66,101,64,35,81,104,99,88" hai2="103,134,11,112,121,98,56,115,83,32,10,28,133" hai3="75,131,58,129,80,39,97,30,130,55,135,68,119"/><V60/><F121/><W105/><G119/><T118/><D69/><U1/><E1/><V95/><F83/><W38/><G68/><T122/><D122/><U93/><E35/><V61/><F32/><W17/><G30/><T52/><D110/><U43/><E120/><V9/><F28/><W77/><G135/><N who="2" m="51721" /><F56/><W102/><REACH who="3" step="1"/><G17/><REACH who="3" ten="202,286,268,234" step="2"/><T54/><D114/><AGARI ba="0,1" hai="9,10,11,60,61,95,98,103,112,114,115" m="51721" machi="114" ten="40,3900,0" yaku="15,1,20,1" doraHai="16" who="2" fromWho="0" sc="202,-39,286,0,268,49,234,0" owari="163,-33.7,286,8.6,317,41.7,234,-16.6" /></mjloggm>