<mjloggm ver="2.3"><GO type="225" lobby="0"/><UN n0="%E3%81%AA%E3%81%A1%30%39%32%37" n1="%E9%B3%B3%E6%9D%B1%E3%81%AE%E3%81%86%E3%81%95%E3%81%8E%E3%81%95%E3%82%93" n2="%72%61%6B%33" n3="%54%4F%52" dan="16,17,16,17" rate="2104.95,2214.62,2077.58,2233.74" sx="M,M,M,M"/><TAIKYOKU oya="0"/><INIT seed="0,0,0,5,1,10" ten="250,250,250,250" oya="0" hai0="97,124,35,53,85,84,15,68,114,117,20,96,75" hai1="73,106,64,21,25,45,79,81,36,76,119,51,101" hai2="108,52,14,105,47,116,113,56,118,128,37,27,44" hai3="17,127,23,55,130,58,67,33,133,57,90,86,91"/><T74/><D68/><U126/><E119/><V93/><F113/><W63/><G133/><T54/><D20/><U71/><E126/><V48/><F105/><W24/><G127/><T132/><D124/><U18/><E36/><V40/><F108/><W13/><G130/><T32/><D114/><U82/><E101/><V102/><F128/><W104/><G104/><T28/><D28/><U50/><E106/><V19/><F27/><W41/><G41/><T122/><D122/><U99/><E99/><V7/><F7/><W109/><G109/><T46/><D46/><U0/><E0/><V16/><F47/><W4/><G33/><T34/><D35/><U107/><E107/><V66/><F66/><W38/><G38/><T1/><D1/><U69/><E51/><V29/><F29/><W92/><G90/><T129/><D129/><U78/><E64/><V111/><F111/><W59/><G67/><T11/><D11/><AGARI ba="0,0" hai="4,11,13,17,23,24,55,57,58,59,63,86,91,92" machi="11" ten="40,2600,0" yaku="8,1,52,1" doraHai="10" who="3" fromWho="0" sc="250,-26,250,0,250,0,250,26" /><INIT seed="1,0,0,4,3,72" ten="224,250,250,276" oya="1" hai0="70,112,114,78,28,86,19,66,4,21,23,82,99" hai1="135,58,36,68,13,134,105,92,48,102,83,111,127" hai2="133,115,91,125,59,95,7,14,96,108,130,9,69" hai3="123,79,54,56,98,52,71,0,73,5,62,107,93"/><U128/><E128/><V34/><F69/><W49/><G123/><T43/><D43/><U30/><E127/><V88/><F125/><W53/><G107/><T104/><D4/><U3/><E3/><V57/><F130/><W12/><G0/><T126/><D126/><U118/><E118/><V85/><F108/><W131/><G131/><T65/><D28/><U16/><E36/><V119/><F119/><W100/><G71/><T121/><D23/><U33/><E68/><V81/><F133/><N who="1" m="50697" /><E105/><V90/><F115/><W74/><G53/><T31/><D31/><U10/><E111/><V89/><REACH who="2" step="1"/><F34/><REACH who="2" ten="224,250,240,276" step="2"/><W94/><G73/><T35/><D35/><U97/><E33/><V20/><F20/><W40/><G74/><T103/><D121/><U44/><E30/><V60/><F60/><W8/><G62/><T113/><REACH who="0" step="1"/><D70/><REACH who="0" ten="214,250,240,276" step="2"/><U77/><E10/><V122/><F122/><W51/><G8/><T101/><D101/><AGARI ba="0,2" hai="7,9,14,57,59,81,85,88,89,90,91,95,96,101" machi="101" ten="40,5200,0" yaku="1,1,8,1,54,1,53,0" doraHai="72" doraHaiUra="45" who="2" fromWho="0" sc="214,-52,250,0,240,72,276,0" /><INIT seed="2,0,0,4,2,68" ten="162,250,312,276" oya="2" hai0="91,18,50,65,90,116,84,72,135,38,125,8,25" hai1="126,112,9,89,66,2,77,127,17,34,122,45,37" hai2="36,79,111,53,108,11,99,73,124,120,32,83,28" hai3="48,58,92,103,59,30,102,46,51,81,87,86,71"/><V98/><F120/><W128/><G71/><T23/><D38/><U78/><E112/><V119/><F119/><W95/><G128/><T10/><D135/><U52/><E122/><V85/><F124/><N who="1" m="47657" /><E34/><V82/><F11/><W21/><G30/><T29/><D125/><U60/><E89/><V76/><F53/><W106/><G106/><T97/><D72/><U113/><E113/><V22/><F22/><W5/><G21/><T129/><D129/><U101/><E101/><V123/><F123/><W31/><G31/><T132/><D132/><U6/><E17/><V13/><F13/><W27/><G46/><T133/><D133/><U121/><E121/><V64/><F64/><W1/><G81/><T56/><D116/><U14/><E2/><V69/><F69/><W94/><G1/><T54/><D29/><U80/><E80/><V114/><F36/><W12/><G12/><T100/><D91/><U63/><E63/><V134/><F114/><W61/><G61/><T49/><D49/><N who="1" m="28719" /><E37/><V44/><F134/><W105/><G105/><T109/><D109/><N who="2" m="42058" /><F44/><W117/><G117/><T35/><D35/><U3/><E3/><V43/><F43/><W24/><G95/><T4/><D4/><AGARI ba="0,0" hai="4,5,24,27,48,51,58,59,86,87,92,94,102,103" machi="4" ten="25,3200,0" yaku="22,2,8,1" doraHai="68" who="3" fromWho="0" sc="162,-32,250,0,312,0,276,32" /><INIT seed="3,0,0,0,0,53" ten="130,250,312,308" oya="3" hai0="24,51,99,77,73,28,125,97,129,25,59,22,130" hai1="87,122,85,34,80,121,3,20,88,0,81,135,43" hai2="10,101,133,104,75,41,4,89,11,79,49,37,42" hai3="36,61,118,58,127,52,55,84,100,29,31,124,76"/><W65/><G118/><T2/><D2/><U54/><E34/><V117/><F117/><W60/><G36/><T115/><D73/><U78/><E135/><V33/><F33/><W106/><G106/><T111/><D77/><U70/><E70/><V82/><F11/><W95/><G55/><T17/><D111/><U134/><E134/><V9/><F10/><W44/><G76/><T1/><D1/><U40/><E54/><V46/><F89/><N who="3" m="53671" /><G100/><T119/><D119/><U92/><E20/><V120/><F133/><W105/><G105/><T91/><D125/><N who="3" m="48201" /><G44/><T62/><D51/><U113/><E78/><V5/><F120/><W112/><G112/><T15/><D115/><U67/><E113/><V39/><F41/><W45/><G45/><T14/><D129/><U109/><E92/><V69/><F37/><W110/><G110/><T19/><D130/><U63/><E109/><V96/><F49/><W98/><G98/><T7/><D91/><U32/><E32/><V66/><F9/><W13/><G13/><T83/><D83/><U68/><E88/><V90/><F90/><W74/><G74/><T86/><D86/><U132/><E132/><V116/><F116/><W57/><AGARI ba="0,0" hai="29,31,52,57,58,60,61,65" m="48201,53671" machi="57" ten="30,11700,0" yaku="18,1,52,2,54,1" doraHai="53" who="3" fromWho="3" sc="130,-39,250,-39,312,-39,308,117" owari="91,-40.9,211,-18.9,273,7.3,425,52.5" /></mjloggm>