<mjloggm ver="2.3"><GO type="225" lobby="0"/><UN n0="%72%69%6F%75%63%68%61%6E" n1="%E3%82%B2%E3%82%B9%E8%8C%82%E5%8B%9D" n2="%E5%B8%86%E7%AB%8B%E5%A4%8F%E8%A1%A3" n3="%E3%83%97%E3%83%AC%E3%83%B4%E3%82%A1%E3%83%86%E3%82%A3" dan="17,16,16,16" rate="2149.38,2059.56,2107.59,2118.23" sx="M,F,M,F"/><TAIKYOKU oya="0"/><INIT seed="0,0,0,4,0,42" ten="250,250,250,250" oya="0" hai0="27,128,18,51,54,37,71,106,20,118,78,53,64" hai1="107,22,105,28,122,31,5,121,13,24,87,99,34" hai2="15,116,88,33,101,77,62,66,67,74,41,65,30" hai3="119,7,63,36,102,48,79,59,11,9,90,115,50"/><T69/><D118/><U26/><E87/><V82/><F116/><W76/><G119/><T104/><D37/><U134/><E99/><V95/><F33/><W98/><G36/><T3/><D128/><U84/><E84/><V133/><F133/><W43/><G115/><T6/><D78/><U86/><E86/><V58/><F30/><W103/><G90/><T25/><D53/><U8/><E105/><V16/><F101/><W1/><G11/><T125/><D125/><U75/><E75/><V12/><F41/><W29/><G29/><T132/><D132/><U4/><E107/><V114/><F114/><W92/><G102/><T57/><D71/><U46/><E46/><V2/><F2/><W52/><REACH who="3" step="1"/><G50/><REACH who="3" ten="250,250,250,240" step="2"/><T0/><D51/><U60/><E134/><V124/><F124/><W19/><G19/><T109/><D6/><U93/><E93/><V94/><F94/><W40/><G40/><T110/><D106/><U21/><E60/><V131/><F95/><W55/><G55/><T73/><D104/><U120/><REACH who="1" step="1"/><E4/><REACH who="1" ten="250,240,250,240" step="2"/><V113/><F62/><W44/><AGARI ba="0,2" hai="1,7,9,43,44,48,52,59,63,76,79,92,98,103" machi="44" ten="30,7900,0" yaku="1,1,0,1,52,1,54,1,53,0" doraHai="42" doraHaiUra="117" who="3" fromWho="3" sc="250,-39,240,-20,250,-20,240,99" /><INIT seed="1,0,0,5,5,1" ten="211,220,230,339" oya="1" hai0="35,119,85,131,12,122,110,135,101,38,21,105,15" hai1="20,113,46,103,115,39,58,116,121,130,50,83,14" hai2="117,126,24,52,90,99,10,91,63,31,71,55,75" hai3="30,33,123,44,27,25,4,133,54,86,128,74,84"/><U97/><E116/><V104/><F75/><W13/><G74/><T64/><D119/><U59/><E121/><V28/><F117/><W112/><G123/><T42/><D122/><U100/><E130/><V70/><F126/><W67/><G112/><T66/><D35/><U132/><E39/><V11/><F99/><W108/><G128/><T114/><D114/><U95/><E132/><V47/><F47/><W111/><G133/><T56/><D131/><U77/><E103/><V40/><F24/><W118/><G27/><T96/><D135/><U16/><E113/><V49/><F49/><N who="3" m="28967" /><G67/><T43/><D110/><N who="3" m="42025" /><G118/><T89/><D66/><U62/><E62/><V106/><REACH who="2" step="1"/><F63/><REACH who="2" ten="211,220,220,339" step="2"/><W94/><G94/><T2/><D96/><U51/><E115/><V109/><F109/><W129/><G129/><T82/><D105/><U120/><E120/><V65/><F65/><W78/><G78/><T87/><D64/><U0/><E51/><V53/><F53/><W37/><G37/><T22/><D38/><U107/><E107/><V79/><F79/><W93/><G93/><T3/><D42/><AGARI ba="0,1" hai="10,11,28,31,40,42,52,55,70,71,90,91,104,106" machi="42" ten="25,12000,2" yaku="1,1,22,2,54,1,53,2" doraHai="1" doraHaiUra="36" who="2" fromWho="0" sc="211,-120,220,0,220,130,339,0" /><INIT seed="2,0,0,5,4,98" ten="91,220,350,339" oya="2" hai0="53,118,110,1,81,129,133,113,127,72,31,18,122" hai1="57,108,56,59,24,42,34,80,100,86,134,38,135" hai2="78,51,90,10,16,69,25,20,22,93,126,19,79" hai3="116,123,54,41,2,96,50,48,101,87,112,106,125"/><V0/><F126/><W23/><G125/><T26/><D18/><U67/><E108/><V85/><F69/><W43/><G2/><T115/><D53/><U58/><E42/><V12/><F0/><W76/><G123/><T82/><D26/><U61/><E38/><V102/><F102/><W49/><G116/><T9/><D31/><U109/><E109/><V47/><REACH who="2" step="1"/><F10/><REACH who="2" ten="91,220,340,339" step="2"/><W15/><G112/><T77/><D9/><U73/><E100/><V32/><F32/><W14/><G23/><T94/><D115/><U4/><E34/><V64/><F64/><W83/><REACH who="3" step="1"/><G54/><AGARI ba="0,1" hai="12,16,19,20,22,25,47,51,54,78,79,85,90,93" machi="54" ten="30,11600,0" yaku="1,1,7,1,8,1,54,1,53,0" doraHai="98" doraHaiUra="5" who="2" fromWho="3" sc="91,0,220,0,340,126,339,-116" /><INIT seed="2,1,0,0,2,44" ten="91,220,466,223" oya="2" hai0="67,106,120,85,134,33,81,42,28,92,16,88,24" hai1="112,15,62,23,38,98,132,57,56,79,130,86,114" hai2="119,113,127,135,76,25,131,48,59,32,105,36,14" hai3="10,21,104,115,50,27,102,52,61,71,6,63,45"/><V93/><F48/><W125/><G115/><T37/><D134/><U0/><E0/><V101/><F14/><W17/><G125/><T122/><D106/><U53/><E38/><V65/><F93/><W51/><G71/><T4/><D4/><U54/><E132/><V70/><F59/><N who="3" m="33175" /><G104/><T8/><D67/><U99/><E130/><V68/><F68/><W121/><G121/><T22/><D8/><U118/><E118/><V64/><F64/><W3/><G3/><T9/><D9/><U49/><E112/><V11/><F65/><W31/><G6/><T73/><D73/><U72/><E72/><V80/><F32/><W109/><G109/><T60/><D60/><N who="3" m="23113" /><G102/><T117/><D117/><U123/><E123/><V40/><F105/><W5/><G5/><T83/><D37/><U95/><E114/><V66/><F66/><W96/><G96/><T18/><D42/><U84/><E79/><V129/><F70/><W35/><G35/><T29/><D18/><N who="1" m="10719" /><E99/><V19/><F113/><W75/><G75/><T100/><D28/><U97/><E98/><V94/><F119/><W30/><G10/><T107/><D107/><U116/><E116/><V126/><F135/><W47/><G47/><T124/><D124/><U108/><E108/><V110/><F110/><W12/><G12/><T133/><D133/><U2/><E2/><V78/><F127/><W7/><G7/><T46/><D46/><U58/><E58/><V20/><F126/><W55/><AGARI ba="1,0" hai="17,21,27,30,31,45,51,55" m="23113,33175" machi="55" ten="30,7900,0" yaku="8,1,52,2,54,1" doraHai="44" who="3" fromWho="3" sc="91,-21,220,-21,466,-40,223,82" /><INIT seed="3,0,0,2,2,65" ten="70,199,426,305" oya="3" hai0="90,2,32,21,116,51,8,45,89,100,84,39,40" hai1="67,20,78,74,55,26,133,3,6,64,97,98,49" hai2="132,59,106,123,87,80,18,131,33,110,44,34,31" hai3="63,92,117,81,52,50,73,35,10,102,68,124,88"/><W36/><G117/><T86/><D116/><U121/><E133/><V56/><F106/><W71/><G35/><T109/><D32/><U16/><E121/><V125/><F18/><W95/><G124/><T82/><D109/><U104/><E78/><V77/><F123/><W134/><G36/><T28/><D100/><U79/><E79/><V15/><F15/><W57/><G134/><T61/><D39/><U30/><E74/><V24/><F34/><W105/><G73/><T29/><D2/><U99/><E104/><V112/><F131/><W120/><G120/><T126/><D126/><U76/><E76/><V37/><F112/><W62/><G105/><T85/><D85/><U115/><E115/><V0/><F0/><W127/><G127/><T43/><D40/><U72/><E72/><V94/><F125/><W122/><G122/><T114/><D114/><U101/><E101/><V118/><F118/><W75/><G75/><T108/><D108/><U129/><E129/><V91/><F110/><W17/><G81/><T9/><D61/><U66/><E30/><V23/><F33/><W93/><G102/><T46/><D46/><N who="1" m="28087" /><E3/><V53/><F132/><W48/><G88/><T135/><D135/><U70/><E70/><V7/><F7/><AGARI ba="0,0" hai="6,7,16,20,26,64,66,67,97,98,99" m="28087" machi="7" ten="30,2000,0" yaku="8,1,54,1" doraHai="65" who="1" fromWho="2" sc="70,0,199,20,426,-20,305,0" owari="70,-43.0,219,-18.1,406,50.6,305,10.5" /></mjloggm>