<mjloggm ver="2.3"><GO type="225" lobby="0"/><UN n0="%E3%82%8C%E3%81%99%E3%81%93" n1="%E3%81%BF%E3%81%BF%E3%81%9A" n2="%E9%80%9F%E6%B0%B4%E5%87%9B%E9%A6%99" n3="%72%69%6F%75%63%68%61%6E" dan="16,17,16,16" rate="2126.83,2231.81,2182.57,2215.87" sx="F,M,F,M"/><TAIKYOKU oya="0"/><INIT seed="0,0,0,2,1,88" ten="250,250,250,250" oya="0" hai0="119,93,9,12,17,33,115,29,49,132,111,128,60" hai1="82,32,39,79,0,67,40,36,35,106,123,105,59" hai2="70,65,46,38,5,55,27,113,97,8,64,30,130" hai3="34,94,122,107,114,23,81,66,96,134,52,57,48"/><T45/><D115/><U124/><E59/><V76/><F113/><W75/><G114/><T131/><D119/><U56/><E56/><V92/><F130/><N who="0" m="49706" /><D132/><U25/><E67/><V2/><F76/><W77/><G34/><N who="1" m="12842" /><E25/><V126/><F126/><W61/><G134/><T78/><D60/><U89/><E89/><V10/><F10/><W101/><G122/><T85/><D111/><U51/><E51/><V72/><F72/><W24/><G107/><N who="1" m="40970" /><E40/><V110/><F110/><W3/><G3/><T90/><D78/><U87/><E87/><V16/><F30/><W44/><G23/><T74/><D74/><N who="1" m="43383" /><E123/><V121/><F64/><W20/><G20/><T102/><D102/><U83/><E83/><V7/><F121/><W19/><G19/><T103/><D103/><U125/><E0/><V62/><F27/><W109/><REACH who="3" step="1"/><G24/><REACH who="3" ten="250,250,250,240" step="2"/><T68/><D33/><U14/><E14/><V100/><F2/><W50/><G50/><T108/><D108/><AGARI ba="0,1" hai="44,48,52,57,61,66,75,77,81,94,96,101,108,109" machi="108" ten="40,5200,0" yaku="1,1,52,1,54,1,53,0" doraHai="88" doraHaiUra="18" who="3" fromWho="0" sc="250,-52,250,0,250,0,240,62" /><INIT seed="1,0,0,5,3,32" ten="198,250,250,302" oya="1" hai0="83,62,120,66,104,42,102,118,89,76,36,134,6" hai1="77,4,124,63,99,15,69,38,106,128,87,28,73" hai2="93,20,1,13,2,92,43,22,64,91,11,23,53" hai3="61,25,96,111,72,8,65,105,7,127,130,54,24"/><U70/><E38/><V60/><F43/><W29/><G111/><T112/><D112/><U44/><E73/><V121/><F121/><W88/><G127/><T18/><D118/><U26/><E124/><V114/><F53/><W5/><G130/><T126/><D126/><U86/><E128/><V116/><F116/><W97/><G72/><T19/><D120/><U52/><E106/><V82/><F82/><W113/><G113/><T81/><D134/><U135/><E99/><V57/><F114/><W56/><G105/><T80/><D104/><U14/><E135/><V34/><F34/><W39/><G39/><T110/><D110/><U100/><E100/><V58/><F58/><W33/><G24/><T59/><D102/><U133/><E133/><V12/><F12/><N who="1" m="4649" /><E70/><V30/><F30/><W90/><G54/><T108/><D108/><U46/><E69/><V95/><REACH who="2" step="1"/><F91/><REACH who="2" ten="198,250,240,302" step="2"/><W45/><G45/><N who="1" m="17514" /><E77/><V98/><F98/><W27/><G27/><T67/><D89/><U17/><E28/><V101/><F101/><W103/><G97/><T47/><D67/><U79/><E79/><V75/><F75/><W10/><G96/><T9/><REACH who="0" step="1"/><D76/><REACH who="0" ten="188,250,240,302" step="2"/><U117/><E117/><V78/><F78/><W21/><G103/><T68/><D68/><U37/><E86/><V125/><F125/><W55/><G65/><T94/><D94/><U71/><E87/><V3/><F3/><AGARI ba="0,2" hai="3,6,9,18,19,36,42,47,59,62,66,80,81,83" machi="3" ten="40,2600,0" yaku="1,1,52,1,53,0" doraHai="32" doraHaiUra="115" who="0" fromWho="2" sc="188,46,250,0,240,-26,302,0" /><INIT seed="2,0,0,3,4,89" ten="234,250,214,302" oya="2" hai0="21,20,127,42,46,16,29,0,83,101,13,129,87" hai1="49,39,125,88,106,55,96,47,48,56,90,4,104" hai2="133,134,80,40,8,110,73,111,91,95,38,9,17" hai3="67,63,85,61,108,98,2,35,59,114,65,18,112"/><V82/><F40/><W53/><G108/><N who="2" m="41513" /><F38/><W120/><G120/><T31/><D129/><U81/><E125/><V102/><F102/><W126/><G126/><T113/><D127/><U6/><E39/><V45/><F45/><W62/><G35/><T24/><D0/><U15/><E106/><V57/><F57/><W26/><G2/><T23/><D113/><N who="3" m="43625" /><G85/><T66/><D66/><N who="3" m="25097" /><G98/><T107/><D101/><U124/><E124/><V64/><F64/><W99/><G99/><T52/><D107/><U71/><E71/><V77/><F80/><W1/><G1/><T109/><D109/><U93/><E104/><V60/><F60/><N who="3" m="23147" /><G26/><T28/><D24/><U103/><E81/><V117/><F117/><W68/><G18/><T86/><D42/><N who="1" m="24695" /><E15/><N who="2" m="7399" /><F9/><W36/><G36/><T132/><D83/><U22/><E103/><V130/><F130/><W72/><G72/><T100/><D100/><U10/><E10/><V105/><F105/><W25/><G25/><T75/><D75/><U116/><E116/><V14/><F14/><W84/><G68/><T58/><D46/><U27/><E90/><V33/><F33/><W41/><G41/><T94/><D13/><U128/><E128/><V32/><F32/><W74/><G74/><T30/><D21/><U92/><E92/><V70/><F70/><W44/><G44/><T69/><D94/><U118/><E118/><V79/><F79/><W43/><G43/><T50/><D69/><U11/><E11/><V78/><F78/><W115/><G115/><T97/><N who="0" m="7168" /><DORA hai="123" /><T119/><D119/><U51/><E51/><V122/><F122/><RYUUKYOKU ba="0,0" sc="234,-30,250,10,214,10,302,10" hai1="4,6,22,27,49,55,56,88,93,96" hai2="73,77,82,91,95,133,134" hai3="53,59,63,84" /><INIT seed="2,1,0,4,5,81" ten="204,260,224,312" oya="2" hai0="75,133,72,86,123,107,74,11,78,21,41,109,122" hai1="3,23,8,79,121,113,12,118,101,115,85,51,70" hai2="105,61,56,93,22,88,30,124,6,90,132,10,4" hai3="97,55,98,52,53,119,60,92,108,27,57,28,44"/><V15/><F105/><W129/><G108/><T34/><D34/><U73/><E118/><V20/><F132/><W14/><G119/><T45/><D109/><U7/><E70/><V62/><F124/><W82/><G129/><T89/><D107/><U94/><E121/><V39/><F39/><W128/><G128/><T43/><D133/><U47/><E73/><V59/><F30/><W69/><G69/><T116/><D116/><U103/><E3/><V35/><F35/><W58/><G14/><T83/><D78/><U54/><E113/><V32/><F32/><W111/><G111/><T106/><D106/><U31/><E115/><V102/><F102/><W130/><G130/><T77/><D77/><U1/><E1/><V16/><F90/><W95/><G82/><T64/><D64/><U9/><E9/><V120/><F120/><W66/><G44/><T127/><D127/><U36/><E36/><V99/><F4/><W87/><G58/><N who="2" m="22057" /><F6/><W49/><G49/><T46/><D11/><U114/><E114/><V125/><F125/><W117/><G117/><T91/><D21/><AGARI ba="1,0" hai="10,15,16,20,21,22,61,62,88,93,99" m="22057" machi="21" ten="30,5800,0" yaku="8,1,54,2" doraHai="81" who="2" fromWho="0" sc="204,-61,260,0,224,61,312,0" /><INIT seed="2,2,0,1,3,80" ten="143,260,285,312" oya="2" hai0="9,116,21,62,88,33,100,10,121,51,31,24,61" hai1="96,122,82,27,132,126,56,87,106,120,101,113,13" hai2="119,14,8,7,115,5,36,47,76,129,6,123,83" hai3="41,86,75,109,97,94,124,49,67,46,25,54,4"/><V102/><F115/><W55/><G109/><T130/><D121/><N who="1" m="46699" /><E113/><V128/><F119/><W29/><G124/><T135/><D116/><U127/><E27/><V133/><F102/><W103/><G75/><T40/><D135/><U58/><E13/><V35/><F35/><W125/><G125/><N who="1" m="47626" /><E132/><V114/><F114/><W105/><G67/><T108/><D108/><U70/><E70/><V63/><F63/><W39/><G4/><T22/><D33/><U16/><E16/><N who="2" m="8263" /><F133/><W92/><G86/><T60/><D130/><N who="2" m="50282" /><F123/><W91/><G91/><AGARI ba="2,0" hai="56,58,82,87,91,96,101,106" m="47626,46699" machi="91" ten="30,3900,0" yaku="13,1,18,1,52,1" doraHai="80" who="1" fromWho="3" sc="143,0,260,45,285,0,312,-45" /><INIT seed="3,0,0,0,2,58" ten="143,305,285,267" oya="3" hai0="78,113,104,5,55,86,108,57,30,56,116,54,31" hai1="97,126,120,42,11,37,95,88,83,132,64,35,39" hai2="3,40,47,106,2,107,4,82,44,10,25,110,69" hai3="68,125,96,34,76,94,79,8,9,21,75,90,123"/><W61/><G123/><T80/><D116/><U0/><E120/><V111/><F25/><W33/><G125/><T70/><D70/><U22/><E35/><V73/><F69/><W62/><G33/><T36/><D36/><U103/><E126/><V114/><F114/><W102/><G34/><T124/><D124/><U27/><E64/><V87/><F47/><W71/><G71/><T19/><D104/><U20/><E132/><V93/><F93/><N who="3" m="58639" /><G75/><T1/><D113/><U13/><E0/><V15/><F2/><W50/><G68/><T127/><D127/><U14/><E14/><V91/><F73/><W81/><G50/><T72/><D108/><N who="2" m="41514" /><F3/><W98/><G21/><T133/><D133/><U99/><E22/><V119/><F119/><W115/><G115/><T43/><D43/><U17/><E42/><V23/><F23/><W135/><G135/><T6/><D72/><U128/><E128/><V51/><AGARI ba="0,0" hai="4,10,15,40,44,51,82,87,91,106,107" m="41514" machi="51" ten="30,1100,0" yaku="14,1" doraHai="58" who="2" fromWho="2" sc="143,-3,305,-3,285,11,267,-5" owari="140,-36.0,302,40.2,296,9.6,262,-13.8" /></mjloggm>