<mjloggm ver="2.3"><GO type="225" lobby="0"/><UN n0="%E7%AD%89%E3%80%85%E5%8A%9B%E5%8A%87%E5%A0%B4" n1="%6D%75%75%6D%75%72%61" n2="%E3%81%B2%E3%81%AA%E3%81%AE%E3%82%8A%E3%81%8F" n3="%E6%A1%9C%E8%8A%B1%E9%96%83%E3%80%85" dan="16,16,17,17" rate="2124.69,2154.67,2186.84,2155.66" sx="M,F,M,M"/><TAIKYOKU oya="0"/><INIT seed="0,0,0,0,0,17" ten="250,250,250,250" oya="0" hai0="49,54,22,74,5,93,104,61,91,71,76,35,112" hai1="13,103,82,94,30,11,53,68,132,114,99,66,75" hai2="110,50,119,0,31,80,81,109,123,96,8,95,63" hai3="129,97,41,86,51,124,37,15,89,16,107,7,134"/><T102/><D35/><U42/><E132/><V39/><F39/><W118/><G118/><T21/><D112/><U121/><E121/><V14/><F123/><W59/><G134/><T2/><D104/><U69/><E114/><V108/><F0/><W77/><G124/><T131/><D102/><U120/><E120/><V24/><F119/><W55/><G129/><T48/><D131/><U70/><E66/><V4/><F50/><W78/><G7/><T111/><D111/><U12/><E42/><V44/><F44/><N who="3" m="25999" /><G97/><T57/><D74/><U122/><E122/><V23/><REACH who="2" step="1"/><F63/><REACH who="2" ten="250,250,240,250" step="2"/><N who="3" m="36351" /><G37/><T28/><D49/><U73/><E73/><V87/><F87/><W127/><G127/><T116/><D116/><U52/><E75/><V90/><AGARI ba="0,1" hai="4,8,14,23,24,31,80,81,90,95,96,108,109,110" machi="90" ten="30,7900,0" yaku="1,1,0,1,14,1,52,1,53,0" doraHai="17" doraHaiUra="43" who="2" fromWho="2" sc="250,-39,250,-20,240,89,250,-20" /><INIT seed="1,0,0,5,4,3" ten="211,230,329,230" oya="1" hai0="21,102,89,128,8,9,126,31,56,19,73,67,98" hai1="15,134,112,10,93,91,82,4,27,103,2,44,16" hai2="122,127,18,105,66,125,133,119,36,92,86,60,75" hai3="68,61,24,58,114,40,79,25,117,5,38,74,69"/><U80/><E112/><V20/><F105/><W62/><G114/><T49/><D128/><U111/><E134/><V14/><F75/><W52/><G117/><T95/><D126/><U57/><E111/><V53/><F122/><W110/><G110/><T65/><D73/><U90/><E44/><V77/><F119/><W51/><G62/><T129/><D129/><U115/><E115/><V7/><F36/><W34/><G5/><T84/><D31/><U100/><E57/><V63/><F133/><W35/><G24/><T76/><D76/><U78/><E78/><V37/><F37/><W101/><G101/><N who="1" m="38986" /><E2/><V29/><F29/><W109/><G25/><T130/><D130/><U47/><E47/><V87/><F7/><W94/><G94/><T88/><D89/><N who="1" m="33803" /><E93/><V45/><F92/><W97/><G97/><T83/><D67/><U54/><E54/><V32/><F32/><W1/><G1/><T64/><D65/><U107/><E107/><V120/><F120/><W71/><G109/><T17/><D64/><U59/><E59/><V131/><F131/><W0/><G0/><T116/><D116/><U99/><E99/><V113/><F113/><W72/><G38/><T85/><D85/><N who="2" m="32266" /><F77/><W30/><G30/><T39/><D39/><U135/><E135/><V33/><F33/><N who="3" m="12299" /><G79/><T55/><REACH who="0" step="1"/><D19/><REACH who="0" ten="201,230,329,230" step="2"/><U6/><E6/><V12/><F66/><W123/><G123/><T48/><D48/><U46/><E46/><V13/><F127/><W43/><G51/><T70/><D70/><U108/><E108/><V124/><F125/><W106/><G106/><T22/><D22/><AGARI ba="0,1" hai="4,10,15,16,22,27,80,82" m="33803,38986" machi="22" ten="30,11600,0" yaku="6,1,8,1,52,1,54,1" doraHai="3" who="1" fromWho="0" sc="201,-116,230,126,329,0,230,0" /><INIT seed="1,1,0,1,4,100" ten="85,356,329,230" oya="1" hai0="3,130,132,51,17,9,25,97,80,48,10,37,34" hai1="85,71,30,64,104,41,59,70,8,124,95,123,133" hai2="76,108,126,92,94,74,28,4,44,90,78,113,115" hai3="116,11,57,38,107,39,131,98,49,29,60,102,88"/><U58/><E123/><V127/><F4/><W114/><G114/><N who="2" m="43529" /><F28/><W99/><G131/><T122/><D37/><U82/><E124/><N who="2" m="47659" /><F108/><W53/><G116/><T69/><D69/><U5/><E133/><V87/><F44/><W121/><G121/><T120/><D3/><U119/><E119/><V42/><F42/><W81/><G29/><T89/><D34/><U31/><E41/><V20/><F20/><W112/><G112/><T54/><D9/><U93/><E8/><V109/><F109/><W73/><G11/><T105/><D10/><U2/><E5/><V33/><F33/><W91/><G49/><T61/><D51/><U72/><E2/><V22/><F22/><W24/><G24/><T106/><D25/><U52/><E64/><V13/><F13/><W47/><G47/><T35/><D48/><U129/><E129/><V40/><F40/><W63/><G63/><T50/><D61/><U55/><E30/><V18/><F18/><W56/><G56/><T15/><D50/><U101/><E31/><V103/><F74/><W77/><REACH who="3" step="1"/><G98/><AGARI ba="1,0" hai="76,78,87,90,92,94,98,103" m="47659,43529" machi="98" ten="30,7700,0" yaku="11,1,18,1,34,2" doraHai="100" who="2" fromWho="3" sc="85,0,356,0,329,80,230,-80" /><INIT seed="2,0,0,3,2,48" ten="85,356,409,150" oya="2" hai0="78,85,49,98,112,94,37,74,63,67,115,57,86" hai1="34,60,5,87,114,122,92,35,100,15,27,56,3" hai2="77,104,1,123,65,28,7,131,52,4,21,2,124" hai3="55,119,36,43,82,42,20,51,32,95,90,130,29"/><V66/><F123/><W45/><G119/><T105/><D37/><U111/><E114/><V26/><F104/><W72/><G32/><T73/><D105/><U126/><E111/><V134/><F77/><W30/><G130/><T120/><D120/><U88/><E122/><V99/><F131/><W9/><G9/><T83/><D86/><U93/><E3/><V39/><F39/><W54/><G42/><T118/><D118/><U62/><E126/><V33/><F124/><W70/><G70/><T31/><D31/><N who="3" m="11785" /><G72/><T0/><D0/><U14/><E27/><V38/><F38/><W129/><G36/><T81/><D49/><U11/><E15/><V127/><F127/><W41/><G82/><T46/><D46/><U91/><E100/><V132/><F33/><W12/><G43/><T125/><D125/><U109/><E109/><V117/><F117/><W76/><G76/><T13/><D13/><U40/><E62/><V102/><F2/><W17/><G129/><T116/><D116/><U101/><E101/><V89/><F1/><W80/><G80/><T69/><D69/><U8/><E8/><V22/><F102/><W16/><G17/><T113/><REACH who="0" step="1"/><D83/><REACH who="0" ten="75,356,409,150" step="2"/><U6/><E40/><V58/><F132/><W110/><G110/><T23/><D23/><U79/><E34/><V10/><F22/><W106/><G106/><T64/><D64/><N who="2" m="24682" /><F134/><W108/><G108/><T121/><D121/><U71/><E35/><V47/><F47/><W50/><G50/><T68/><D68/><U84/><E71/><V97/><F10/><W19/><G19/><T59/><D59/><RYUUKYOKU ba="0,1" sc="75,15,356,-15,409,-15,150,15" hai0="57,63,67,73,74,78,81,85,94,98,112,113,115" hai3="12,16,20,41,45,51,54,55,90,95" /><INIT seed="3,1,1,3,4,51" ten="90,341,394,165" oya="3" hai0="1,128,68,114,97,132,101,125,61,76,46,100,35" hai1="121,33,73,87,118,64,99,74,112,85,126,16,53" hai2="15,81,2,131,30,54,4,127,109,63,6,45,62" hai3="116,5,86,23,84,135,9,38,117,102,96,26,59"/><W12/><G38/><T129/><D1/><U32/><E112/><V41/><F2/><W14/><G135/><T94/><D35/><U133/><E121/><V3/><F3/><W19/><G117/><T31/><D31/><U130/><E133/><V95/><F109/><W124/><G124/><T66/><D132/><U111/><E126/><V25/><F81/><W34/><G116/><T69/><D125/><U11/><E118/><V10/><F6/><W104/><G34/><T22/><D69/><U71/><E111/><V80/><F131/><W40/><G40/><T48/><D76/><U20/><E130/><V108/><F108/><W103/><G103/><T58/><D114/><U21/><E99/><V37/><F80/><W119/><G119/><T49/><D101/><U70/><E11/><V65/><F65/><W107/><G107/><T92/><D92/><U82/><E82/><V24/><F24/><W134/><G134/><T88/><D100/><U115/><E115/><V110/><F127/><W89/><G89/><T105/><D105/><U122/><E122/><V52/><F95/><W90/><G90/><T28/><D68/><U55/><E64/><V120/><F120/><W42/><G42/><T123/><D123/><U98/><E98/><V60/><F110/><W56/><G96/><T93/><D93/><U0/><E0/><V8/><REACH who="2" step="1"/><F10/><REACH who="2" ten="90,341,384,165" step="2"/><W78/><G9/><T17/><D28/><U47/><E16/><V43/><F43/><W77/><G19/><T13/><REACH who="0" step="1"/><D49/><REACH who="0" ten="80,341,384,165" step="2"/><U36/><E36/><V67/><F67/><W27/><G104/><T57/><D57/><RYUUKYOKU ba="1,3" sc="80,10,341,10,384,10,165,-30" hai0="13,17,22,46,48,58,61,66,88,94,97,128,129" hai1="20,21,32,33,47,53,55,70,71,73,74,85,87" hai2="4,8,15,25,30,37,41,45,52,54,60,62,63" owari="90,-41.0,351,15.1,424,52.4,135,-26.5" /></mjloggm>