<mjloggm ver="2.3"><GO type="225" lobby="0"/><UN n0="%E5%B8%86%E7%AB%8B%E5%A4%8F%E8%A1%A3" n1="%33%74%72%65%65" n2="%E5%A4%96%E5%B7%9D%E7%AB%9C%E6%88%90" n3="%73%6C%69%63%6B%33%31%39" dan="17,17,16,17" rate="2150.95,2223.20,2096.56,2212.45" sx="M,F,M,M"/><TAIKYOKU oya="0"/><INIT seed="0,0,0,5,4,52" ten="250,250,250,250" oya="0" hai0="117,135,102,6,110,116,25,131,42,26,58,30,109" hai1="82,5,67,108,118,46,63,13,79,97,61,100,114" hai2="91,44,23,90,38,1,83,20,75,73,66,7,9" hai3="40,0,105,104,57,47,12,15,98,28,43,93,74"/><T86/><D102/><U120/><E118/><V70/><F70/><W4/><G74/><T81/><D42/><U49/><E120/><V36/><F66/><W68/><G68/><T2/><D131/><U39/><E39/><V85/><F38/><W132/><G0/><T111/><D135/><U18/><E5/><V32/><F32/><W119/><G119/><T78/><D26/><U134/><E108/><V106/><F106/><W123/><G28/><T113/><D113/><U71/><E63/><V29/><F29/><W27/><G27/><T35/><REACH who="0" step="1"/><D58/><REACH who="0" ten="240,250,250,250" step="2"/><U101/><E134/><V48/><F44/><W89/><G57/><T51/><D51/><U125/><E49/><V126/><F48/><W128/><G47/><T88/><D88/><U76/><E46/><V33/><F91/><W50/><G89/><T122/><D122/><U121/><E101/><V54/><F36/><W31/><G128/><T34/><D34/><U64/><E100/><V95/><F33/><W3/><G43/><T77/><D77/><U115/><E79/><V127/><F95/><W124/><G93/><T59/><D59/><U55/><E76/><V37/><F37/><W53/><G40/><T41/><D41/><U19/><E115/><V10/><F90/><W112/><G112/><T56/><D56/><U129/><E114/><V92/><F92/><W14/><G123/><T96/><D96/><U11/><E121/><V17/><F83/><W72/><G98/><T60/><D60/><N who="1" m="40327" /><E82/><V69/><F69/><W24/><G132/><T80/><D80/><U62/><E129/><V8/><F54/><RYUUKYOKU ba="0,1" sc="240,30,250,-10,250,-10,250,-10" hai0="2,6,25,30,35,78,81,86,109,110,111,116,117" /><INIT seed="0,1,1,3,0,21" ten="270,240,240,240" oya="0" hai0="82,92,38,128,109,91,9,100,113,48,119,106,67" hai1="126,83,64,89,111,55,93,13,124,123,51,117,90" hai2="62,65,14,75,50,25,20,57,58,73,4,16,107" hai3="22,44,69,24,33,32,72,47,19,81,61,28,15"/><T71/><D119/><U11/><E117/><V46/><F107/><W98/><G33/><T86/><D113/><U133/><E123/><V114/><F114/><W3/><G72/><T115/><D115/><U12/><E111/><V99/><F99/><W7/><G81/><T88/><D38/><U118/><E118/><V37/><F37/><W35/><G32/><T104/><D128/><U80/><E64/><V120/><F120/><W31/><G28/><T68/><D109/><U96/><E133/><V26/><F4/><W42/><G42/><T76/><D91/><U41/><E41/><N who="2" m="24911" /><F75/><W30/><G30/><T29/><D29/><U34/><E34/><V52/><F73/><W17/><G17/><T70/><D67/><U134/><E134/><V87/><F87/><W6/><G6/><T132/><D132/><U127/><E89/><V110/><F110/><W101/><G61/><AGARI ba="1,1" hai="14,16,20,25,26,52,57,58,61,62,65" m="24911" machi="61" ten="30,8000,1" yaku="8,1,52,2,54,2" doraHai="21" who="2" fromWho="3" sc="270,0,240,0,240,93,240,-83" /><INIT seed="1,0,0,2,1,60" ten="270,240,333,157" oya="1" hai0="132,129,119,63,18,13,91,44,77,54,87,122,42" hai1="22,98,135,35,116,56,83,23,97,123,36,84,101" hai2="27,103,131,8,73,43,108,11,72,17,99,38,50" hai3="88,21,100,96,28,114,82,126,1,70,30,7,10"/><U58/><E116/><V75/><F38/><W92/><G126/><T107/><D119/><U40/><E123/><V109/><F131/><W68/><G114/><T47/><D129/><U4/><E35/><V111/><F43/><W61/><G21/><T80/><D107/><U121/><E121/><V95/><F50/><W26/><G82/><T86/><D132/><U33/><E33/><V6/><F6/><W113/><G113/><T130/><D130/><U37/><E135/><V125/><F125/><W29/><G26/><T127/><D127/><U93/><E4/><V120/><F120/><W106/><REACH who="3" step="1"/><G61/><REACH who="3" ten="270,240,333,147" step="2"/><T74/><D63/><U32/><E22/><AGARI ba="0,1" hai="8,11,17,22,27,72,73,75,95,99,103,108,109,111" machi="22" ten="50,1600,0" yaku="14,1" doraHai="60" who="2" fromWho="1" sc="270,0,240,-16,333,26,147,0" /><INIT seed="2,0,0,2,0,2" ten="270,224,359,147" oya="2" hai0="74,55,45,41,58,110,1,75,27,46,99,51,59" hai1="62,72,35,52,106,47,31,104,18,105,21,0,49" hai2="13,132,86,122,36,101,112,4,48,103,5,102,85" hai3="90,50,64,95,125,111,116,17,83,79,14,91,133"/><V9/><F112/><W32/><G125/><T87/><D110/><U20/><E72/><V15/><F122/><W93/><G133/><T130/><D130/><U107/><N who="1" m="26624" /><DORA hai="22" /><U61/><E0/><V98/><F36/><W118/><G32/><T38/><D1/><U3/><E3/><V66/><F66/><W70/><G70/><T73/><D99/><U12/><REACH who="1" step="1"/><E35/><REACH who="1" ten="270,214,359,147" step="2"/><V60/><F132/><W11/><G111/><T28/><REACH who="0" step="1"/><D87/><REACH who="0" ten="260,214,359,147" step="2"/><U135/><E135/><V7/><F85/><W34/><G118/><T42/><D42/><U44/><E44/><V54/><F86/><W8/><G116/><T78/><D78/><U134/><E134/><V33/><F98/><W63/><G79/><T129/><D129/><U26/><AGARI ba="0,2" hai="12,18,20,21,26,31,47,49,52,61,62" m="26624" machi="26" ten="60,16000,3" yaku="1,1,0,1,52,1,54,1,53,4" doraHai="2,22" doraHaiUra="6,100" who="1" fromWho="1" sc="260,-40,214,180,359,-80,147,-40" /><INIT seed="3,0,0,0,0,101" ten="220,394,279,107" oya="3" hai0="76,91,94,51,130,9,30,26,25,86,13,8,28" hai1="135,128,120,31,70,126,7,59,83,45,36,54,124" hai2="29,114,58,10,81,38,16,64,39,100,80,125,96" hai3="57,131,99,105,56,35,77,63,89,48,85,20,67"/><W116/><G131/><T18/><D130/><U75/><E128/><V5/><F81/><W73/><G116/><T87/><D9/><U15/><E135/><V40/><F80/><W68/><G35/><T4/><D76/><U66/><E31/><V117/><F29/><W6/><G6/><T19/><D86/><U74/><E120/><V95/><F40/><W112/><G112/><T44/><D30/><U69/><E15/><V47/><F16/><W22/><G73/><T24/><REACH who="0" step="1"/><D28/><REACH who="0" ten="210,394,279,107" step="2"/><U49/><E74/><V50/><F10/><W17/><G77/><T3/><D3/><U23/><E69/><V78/><F78/><W55/><G68/><T108/><D108/><U41/><E7/><V134/><F5/><W111/><G111/><T46/><D46/><U129/><E129/><V37/><F47/><W132/><G132/><T79/><D79/><N who="1" m="44543" /><E23/><V0/><F0/><W65/><G65/><T122/><D122/><U104/><E104/><V103/><F64/><W62/><G62/><AGARI ba="0,1" hai="36,41,45,49,54,59,62,66,70,124,126" m="44543" machi="62" ten="30,1000,0" yaku="24,1" doraHai="101" who="1" fromWho="3" sc="210,0,394,20,279,0,107,-10" owari="210,-19.0,414,51.4,279,7.9,97,-40.3" /></mjloggm>