<mjloggm ver="2.3"><GO type="225" lobby="0"/><UN n0="%E3%81%8B%E3%82%8F%E3%81%A1%E3%82%83%E3%82%93%35%38" n1="%E3%81%B8%E3%82%80%E3%81%B8%E3%82%80%EF%BC%92%E5%8F%B7" n2="%E3%81%B5%E3%81%98%E3%81%8B%E3%81%A4" n3="%70%6E%64%73%6E%67" dan="16,16,16,16" rate="2152.44,2137.99,2103.43,2086.79" sx="M,M,M,M"/><TAIKYOKU oya="0"/><INIT seed="0,0,0,3,2,73" ten="250,250,250,250" oya="0" hai0="132,115,104,61,56,97,86,103,107,102,112,114,117" hai1="129,18,95,67,11,68,81,16,30,82,9,21,25" hai2="80,69,12,98,78,51,46,57,17,108,131,91,49" hai3="0,127,133,39,36,20,38,3,45,1,32,27,109"/><T77/><D56/><U66/><E129/><V71/><F108/><W94/><G109/><T15/><D15/><U92/><E68/><V14/><F131/><W79/><G32/><T119/><D61/><U126/><E126/><V2/><F2/><W59/><G127/><T123/><D123/><U96/><E95/><N who="2" m="56703" /><F12/><W84/><G133/><T135/><D86/><U110/><E110/><V72/><F72/><W90/><G59/><T93/><D77/><U43/><E43/><N who="2" m="24799" /><F71/><W99/><G45/><T70/><D70/><U106/><E106/><N who="0" m="40489" /><D102/><U42/><E42/><V7/><F7/><W74/><G74/><T101/><D101/><U83/><E11/><V121/><F69/><W62/><G62/><T75/><D75/><U35/><E35/><V22/><F121/><W33/><G33/><T29/><D29/><U37/><E37/><V28/><F28/><W47/><G47/><T89/><D89/><N who="1" m="55311" /><E9/><V50/><F57/><W4/><G4/><T8/><D8/><U24/><E24/><V48/><F80/><N who="1" m="20481" /><U125/><DORA hai="128" /><E125/><V31/><F31/><W118/><G118/><AGARI ba="0,0" hai="93,97,103,112,114,115,117,118,119,132,135" m="40489" machi="118" ten="40,12000,1" yaku="34,2,52,2" doraHai="73,128" who="0" fromWho="3" sc="250,120,250,0,250,0,250,-120" /><INIT seed="0,1,0,5,5,74" ten="370,250,250,130" oya="0" hai0="12,135,123,30,5,52,37,8,120,121,69,80,23" hai1="107,59,128,77,65,29,110,129,18,78,64,15,119" hai2="57,33,27,109,88,116,117,17,125,90,87,63,103" hai3="66,35,94,75,95,106,83,14,82,32,7,122,130"/><T56/><D69/><U24/><E119/><N who="2" m="45643" /><F109/><W16/><G106/><T101/><D37/><U79/><E110/><V89/><F125/><W6/><G122/><T127/><D127/><U99/><E99/><V48/><F48/><W68/><G130/><N who="1" m="50282" /><E59/><V50/><F50/><W38/><G38/><T73/><D101/><U62/><E107/><V26/><F103/><W96/><G66/><N who="1" m="25706" /><E62/><V115/><F115/><W36/><G36/><T98/><D98/><U51/><E51/><V131/><F131/><W3/><G3/><T53/><D56/><U46/><E46/><V111/><F111/><W49/><G49/><T91/><D121/><U43/><E43/><V114/><F114/><W47/><G47/><T108/><D123/><U72/><E72/><V40/><F40/><W4/><G68/><T44/><D120/><U133/><E133/><V104/><F104/><W41/><G41/><T19/><D135/><U1/><E1/><V118/><F118/><W10/><G75/><T85/><D44/><U113/><E113/><V28/><F87/><W2/><G2/><N who="0" m="55" /><D108/><U45/><E45/><V86/><F86/><W93/><REACH who="3" step="1"/><G96/><REACH who="3" ten="370,250,250,120" step="2"/><T21/><D73/><U25/><E29/><N who="2" m="19639" /><F57/><W92/><N who="3" m="23552" /><DORA hai="0" /><W31/><G31/><T42/><D42/><U84/><E84/><V61/><F28/><W134/><G134/><T20/><D30/><U81/><E81/><AGARI ba="1,1" hai="4,6,7,10,14,16,32,35,81,82,83" m="23552" machi="81" ten="60,16000,3" yaku="1,1,52,3,54,1,53,3" doraHai="74,0" doraHaiUra="71,76" who="3" fromWho="1" sc="370,0,250,-163,250,0,120,173" /><INIT seed="1,0,0,3,4,92" ten="370,87,250,293" oya="1" hai0="131,31,113,89,10,22,56,61,133,13,128,5,57" hai1="18,70,33,7,120,86,134,20,93,55,114,132,23" hai2="35,76,100,60,38,48,104,77,115,121,74,84,118" hai3="11,126,14,101,34,135,90,41,6,1,49,81,110"/><U108/><E70/><V45/><F118/><W117/><G34/><T94/><D113/><U40/><E40/><V130/><F121/><W44/><G117/><T119/><D119/><U28/><E114/><V79/><F115/><W3/><G135/><N who="1" m="51754" /><E120/><V50/><F35/><W64/><G126/><T25/><D133/><U36/><E36/><V24/><F130/><N who="0" m="49706" /><D61/><U8/><E55/><V72/><F38/><W53/><G64/><T43/><D43/><U78/><E108/><V95/><F45/><W47/><G110/><T67/><D67/><U66/><E66/><V62/><F60/><W19/><G101/><T111/><D111/><U29/><E33/><V85/><F62/><W37/><G6/><T88/><D89/><N who="1" m="53431" /><E78/><V4/><F77/><W102/><G102/><T15/><D15/><N who="1" m="9311" /><E23/><V71/><F79/><W12/><G12/><AGARI ba="0,0" hai="7,8,12,28,29" m="9311,53431,51754" machi="12" ten="30,1500,0" yaku="20,1" doraHai="92" who="1" fromWho="3" sc="370,0,87,15,250,0,293,-15" /><INIT seed="1,1,0,1,0,88" ten="370,102,250,278" oya="1" hai0="104,45,72,13,32,112,27,61,75,89,128,135,54" hai1="11,113,6,102,81,76,130,69,26,125,62,98,83" hai2="79,111,131,34,70,37,17,49,97,122,46,30,55" hai3="60,58,1,9,110,108,118,36,48,50,78,21,57"/><U63/><E113/><V96/><F122/><W67/><G36/><T86/><D104/><U133/><E125/><V127/><F79/><W38/><G38/><T101/><D101/><U84/><E130/><V120/><F70/><W2/><G118/><T116/><D13/><U87/><E133/><V132/><F120/><W100/><G78/><T4/><D4/><U24/><E69/><V93/><F37/><W28/><G100/><T12/><D12/><U39/><E39/><V71/><F71/><W73/><G73/><T90/><D90/><U52/><E84/><V5/><F5/><W23/><G28/><T47/><D47/><U117/><E83/><V16/><F127/><W91/><G91/><T77/><D77/><U7/><E117/><V80/><F80/><W22/><G9/><T106/><D45/><U134/><E134/><V40/><F132/><W107/><G107/><T126/><D32/><U35/><E35/><V18/><F97/><W66/><G22/><T3/><D126/><U59/><E63/><AGARI ba="1,0" hai="1,2,21,23,48,50,57,58,60,63,66,67,108,110" machi="63" ten="25,1600,0" yaku="22,2" doraHai="88" who="3" fromWho="1" sc="370,0,102,-19,250,0,278,19" /><INIT seed="2,0,0,3,5,111" ten="370,83,250,297" oya="2" hai0="40,133,107,19,74,93,82,102,94,116,132,134,64" hai1="62,50,113,13,96,35,45,103,65,95,18,31,29" hai2="88,44,99,118,24,110,59,48,10,39,14,27,23" hai3="22,123,87,36,6,7,3,119,130,2,34,26,53"/><V38/><F118/><W17/><G36/><T46/><D116/><U89/><E35/><V109/><F59/><W84/><G119/><T97/><D64/><U49/><E113/><V124/><F124/><W105/><G123/><T79/><REACH who="0" step="1"/><D19/><REACH who="0" ten="360,83,250,297" step="2"/><U11/><E103/><V41/><F110/><W135/><G17/><T125/><D125/><U85/><E96/><V30/><F109/><W104/><G130/><T61/><D61/><U115/><E115/><V63/><F63/><W106/><G135/><T121/><D121/><U129/><E129/><V52/><F27/><W25/><G25/><T69/><D69/><U108/><E108/><V37/><F99/><W126/><G26/><T72/><D72/><U20/><E20/><V16/><REACH who="2" step="1"/><F88/><REACH who="2" ten="360,83,240,297" step="2"/><W9/><G126/><T112/><D112/><U98/><E98/><V4/><F4/><W58/><G7/><T60/><D60/><U55/><REACH who="1" step="1"/><E50/><AGARI ba="0,2" hai="40,46,50,74,79,82,93,94,97,102,107,132,133,134" machi="50" ten="40,2600,0" yaku="1,1,20,1,53,0" doraHai="111" doraHaiUra="28" who="0" fromWho="1" sc="360,46,83,-26,240,0,297,0" /><INIT seed="3,0,0,0,4,11" ten="406,57,240,297" oya="3" hai0="21,92,65,43,97,99,20,79,135,13,78,77,82" hai1="15,89,75,1,64,134,9,4,72,35,133,121,70" hai2="130,41,18,30,122,66,81,106,87,127,50,128,86" hai3="129,57,48,14,90,28,100,61,98,93,103,56,32"/><W42/><G129/><N who="2" m="49769" /><F66/><W119/><G119/><T2/><D2/><U125/><E121/><V17/><F30/><W96/><G28/><T116/><D116/><U83/><E35/><V91/><F41/><W74/><G74/><T131/><D131/><U132/><E125/><V10/><F50/><W19/><G32/><T31/><D135/><U109/><E109/><V6/><F6/><W95/><G90/><T22/><D82/><U126/><E126/><V60/><F60/><W69/><G69/><T85/><D31/><U49/><E49/><V53/><F53/><W84/><G84/><T118/><D118/><U108/><E108/><V0/><F0/><W73/><G73/><T25/><D43/><U124/><E124/><V68/><F127/><W80/><G80/><T113/><D113/><U47/><E47/><V114/><F68/><W120/><G120/><T59/><D25/><U8/><E64/><V37/><F114/><W101/><G101/><N who="0" m="60583" /><D99/><U46/><E46/><V58/><F37/><W23/><REACH who="3" step="1"/><G61/><REACH who="3" ten="406,57,240,287" step="2"/><N who="0" m="38079" /><D85/><U34/><E70/><V104/><F87/><W52/><G52/><T26/><D26/><U27/><E27/><V7/><F122/><W5/><G5/><T62/><D62/><U45/><E45/><AGARI ba="0,1" hai="14,19,23,42,45,48,56,57,93,95,96,98,100,103" machi="45" ten="40,12000,1" yaku="1,1,9,1,8,1,52,1,53,1" doraHai="11" doraHaiUra="38" who="3" fromWho="1" sc="406,0,57,-120,240,0,287,130" owari="406,20.6,-63,-56.3,240,-16.0,417,51.7" /></mjloggm>