<mjloggm ver="2.3"><GO type="225" lobby="0"/><UN n0="%E3%83%8F%E3%83%B3%E3%83%89%E3%83%A9%E3%83%BC%E3%83%BB%E3%83%AF%E3%83%B3" n1="%E3%82%BC%E3%83%AB%E3%83%80%E3%81%AE%E4%BC%9D%E8%AA%AC" n2="%4C%4F%4C%49%54%41" n3="%E5%8D%A0%E3%81%84%E5%B8%AB%E8%A3%8F%E3%81%AA%E3%81%84%E3%81%97" dan="17,17,16,17" rate="2215.35,2219.30,2159.02,2222.41" sx="M,M,F,M"/><TAIKYOKU oya="0"/><INIT seed="0,0,0,4,4,119" ten="250,250,250,250" oya="0" hai0="82,100,46,69,98,127,61,8,107,14,16,128,29" hai1="17,71,120,34,88,39,102,52,51,19,65,97,24" hai2="47,99,124,132,89,21,68,122,0,113,84,33,110" hai3="126,45,66,73,4,27,103,1,43,59,114,74,49"/><T53/><D128/><U18/><E120/><V111/><F33/><W42/><G114/><T70/><D127/><U130/><E39/><V7/><F68/><W134/><G134/><T38/><D29/><U11/><E130/><V80/><F113/><W22/><G126/><T36/><D70/><U44/><E11/><V135/><F124/><W105/><G42/><T58/><D69/><U2/><E2/><V116/><F7/><W35/><G59/><T75/><REACH who="0" step="1"/><D46/><REACH who="0" ten="240,250,250,250" step="2"/><U104/><E34/><V20/><F47/><W13/><G35/><T115/><D115/><U95/><E71/><V60/><F132/><W87/><G45/><T10/><D10/><U48/><E48/><V123/><F135/><W83/><G49/><T30/><D30/><U101/><E65/><V118/><F116/><W41/><G66/><T32/><D32/><U91/><REACH who="1" step="1"/><E24/><REACH who="1" ten="240,240,250,250" step="2"/><V67/><F67/><W72/><G27/><T92/><D92/><U23/><E23/><V94/><F20/><W9/><G22/><T63/><D63/><U96/><AGARI ba="0,2" hai="17,18,19,44,51,52,88,91,95,96,97,101,102,104" machi="96" ten="30,7900,0" yaku="1,1,0,1,54,2,53,0" doraHai="119" doraHaiUra="79" who="1" fromWho="1" sc="240,-39,240,99,250,-20,250,-20" /><INIT seed="1,0,0,1,3,109" ten="201,339,230,230" oya="1" hai0="95,27,53,28,88,79,6,86,57,102,15,101,81" hai1="80,19,67,87,127,63,117,83,89,108,103,49,31" hai2="118,44,62,1,104,113,12,93,5,32,106,97,105" hai3="38,130,61,39,36,52,71,0,126,13,112,29,56"/><U77/><E117/><V4/><F118/><W65/><G0/><T75/><D15/><U66/><E108/><V35/><F1/><W7/><G29/><T69/><D6/><U82/><E127/><V10/><F4/><W122/><G126/><T91/><D91/><U133/><E133/><V110/><F110/><W121/><G13/><T20/><REACH who="0" step="1"/><D69/><REACH who="0" ten="191,339,230,230" step="2"/><U68/><E89/><V17/><F5/><W50/><G7/><T24/><D24/><U47/><E68/><V14/><F12/><W16/><G130/><T92/><D92/><U34/><E77/><V99/><F93/><W3/><G3/><T115/><D115/><U22/><E80/><V74/><F113/><W54/><G112/><T98/><D98/><U128/><E82/><V116/><F99/><W11/><G11/><T37/><D37/><U132/><E83/><V18/><F97/><W41/><G71/><T129/><D129/><U33/><E128/><V30/><F10/><W60/><G38/><T2/><D2/><U40/><E132/><V111/><F14/><W85/><G36/><T45/><D45/><U76/><E47/><V124/><F44/><W25/><G39/><T90/><D90/><U135/><E76/><V58/><F111/><W84/><G25/><T9/><D9/><U120/><E135/><V70/><F70/><W51/><G56/><T23/><D23/><U8/><E22/><V94/><F58/><W64/><G41/><T43/><D43/><U125/><E8/><V123/><F116/><W107/><G107/><T72/><D72/><U96/><E40/><V134/><F106/><RYUUKYOKU ba="0,1" sc="191,15,339,-15,230,-15,230,15" hai0="20,27,28,53,57,75,79,81,86,88,95,101,102" hai3="16,50,51,52,54,60,61,64,65,84,85,121,122" /><INIT seed="2,1,1,3,4,135" ten="206,324,215,245" oya="2" hai0="29,114,2,32,103,38,48,88,94,65,16,57,133" hai1="122,0,6,21,126,54,64,51,131,18,52,83,34" hai2="78,130,95,1,79,7,91,75,17,31,58,50,100" hai3="82,25,115,13,20,123,42,36,23,10,44,72,9"/><V97/><F130/><W98/><G123/><T40/><D114/><U109/><E126/><V5/><F31/><W132/><G132/><T53/><D133/><U108/><E34/><V111/><F111/><N who="1" m="42569" /><E131/><V12/><F1/><W101/><G115/><T43/><D2/><U87/><E122/><V92/><F75/><W93/><G20/><T118/><D118/><U134/><E64/><V19/><F50/><W67/><G67/><T81/><D29/><U106/><E106/><V55/><F55/><W69/><G69/><T110/><D32/><U11/><E51/><V24/><F58/><W119/><G119/><T39/><D110/><U120/><E120/><V35/><F24/><W90/><G13/><T46/><D39/><U113/><E113/><V62/><F62/><W104/><G82/><T47/><D81/><U70/><E70/><V89/><F100/><W80/><G80/><T117/><D103/><U33/><E33/><V8/><F5/><W61/><G61/><N who="0" m="38063" /><D38/><U124/><E124/><V107/><F35/><W14/><G72/><T121/><D117/><U96/><E96/><N who="2" m="57359" /><F107/><W129/><G129/><T30/><D30/><U41/><E41/><N who="0" m="15945" /><D121/><U125/><E125/><V84/><F97/><W63/><G63/><T86/><D16/><AGARI ba="1,1" hai="7,8,12,16,17,19,78,79,84,91,95" m="57359" machi="16" ten="30,2900,0" yaku="8,1,54,1" doraHai="135" who="2" fromWho="0" sc="206,-32,324,0,215,42,245,0" /><INIT seed="2,2,0,5,1,21" ten="174,324,257,245" oya="2" hai0="82,71,132,24,106,72,39,36,114,101,75,60,128" hai1="42,130,43,44,46,40,14,123,41,111,15,30,20" hai2="126,8,79,62,120,127,0,93,26,115,18,129,92" hai3="135,31,86,10,63,1,34,103,110,56,7,96,121"/><V77/><F115/><W84/><G121/><T80/><D114/><U33/><E123/><V12/><F120/><W28/><G110/><T61/><D128/><U131/><E111/><V37/><F37/><W99/><G99/><T98/><D132/><U91/><E33/><V78/><F129/><N who="1" m="49161" /><E91/><V35/><F0/><W85/><G135/><T124/><D124/><N who="2" m="47658" /><F62/><W64/><REACH who="3" step="1"/><G34/><REACH who="3" ten="174,324,257,235" step="2"/><T88/><D98/><U49/><E44/><V52/><F52/><W4/><G4/><T102/><D106/><AGARI ba="2,1" hai="1,7,10,28,31,56,63,64,84,85,86,96,103,106" machi="106" ten="40,5200,0" yaku="1,1,53,2" doraHai="21" doraHaiUra="27" who="3" fromWho="0" sc="174,-58,324,0,257,0,235,68" /><INIT seed="3,0,0,5,0,51" ten="116,324,257,303" oya="3" hai0="118,29,64,14,74,107,63,85,81,88,54,127,90" hai1="77,38,79,32,57,82,84,133,129,135,69,72,40" hai2="22,47,62,23,78,116,125,66,103,20,52,89,91" hai3="18,80,126,60,114,92,33,3,128,130,86,100,1"/><W53/><G114/><T106/><D118/><U99/><E69/><V70/><F116/><W110/><G33/><T98/><D127/><U93/><E32/><V55/><F125/><W101/><G126/><T39/><D39/><U5/><E129/><N who="3" m="49770" /><G110/><T132/><D132/><N who="1" m="50763" /><E5/><V21/><F103/><N who="3" m="39499" /><G92/><T2/><D2/><U44/><E57/><N who="2" m="37199" /><F78/><N who="3" m="46359" /><G18/><T121/><D121/><U41/><E41/><V131/><F70/><W71/><G71/><T122/><D122/><U16/><E16/><V37/><F131/><W34/><G34/><T13/><D29/><U31/><E31/><V104/><F104/><W115/><G115/><T73/><D64/><U24/><E24/><V42/><F37/><W7/><G7/><T12/><D63/><U102/><E77/><V120/><F120/><W108/><G108/><T35/><D35/><U4/><E4/><V76/><F76/><W134/><G134/><T95/><D107/><U48/><E38/><V68/><F68/><W43/><G43/><T10/><D106/><U36/><E36/><V27/><F42/><W30/><G30/><T11/><D74/><AGARI ba="0,0" hai="40,44,48,72,74,79,82,84,93,99,102" m="50763" machi="74" ten="30,1000,0" yaku="20,1" doraHai="51" who="1" fromWho="0" sc="116,-10,324,10,257,0,303,0" owari="106,-39.4,334,43.4,257,-14.3,303,10.3" /></mjloggm>