<mjloggm ver="2.3"><GO type="225" lobby="0"/><UN n0="%E3%81%9D%E3%81%8A%E3%81%9D%E3%81%9D" n1="%6B%65%6E%6E%64%69" n2="%E5%B8%86%E7%AB%8B%E5%A4%8F%E8%A1%A3" n3="%73%6C%69%63%6B%33%31%39" dan="16,16,16,16" rate="2083.60,2186.15,2101.47,2106.61" sx="M,M,M,M"/><TAIKYOKU oya="0"/><INIT seed="0,0,0,5,1,17" ten="250,250,250,250" oya="0" hai0="10,75,112,16,6,12,119,71,98,30,116,134,115" hai1="47,7,62,100,135,76,28,51,111,53,64,91,85" hai2="58,63,0,128,1,87,24,38,31,66,35,118,21" hai3="52,60,40,45,2,74,15,79,49,88,44,80,90"/><T106/><D75/><U132/><E111/><V77/><F128/><W130/><G130/><T131/><D131/><U72/><E7/><V32/><F118/><W108/><G108/><T120/><D120/><U33/><E100/><V93/><F38/><W81/><G2/><T95/><D106/><U94/><E33/><V124/><F124/><W22/><G80/><T20/><D71/><U99/><E28/><V92/><F35/><W59/><G15/><T36/><D36/><U3/><E3/><V23/><F1/><W54/><REACH who="3" step="1"/><G22/><REACH who="3" ten="250,250,250,240" step="2"/><T133/><D116/><U83/><REACH who="1" step="1"/><E72/><REACH who="1" ten="250,240,250,240" step="2"/><V37/><F0/><W89/><G89/><T41/><D119/><U101/><E101/><V110/><F110/><W122/><G122/><T43/><D115/><U26/><E26/><V14/><F32/><W55/><G55/><T109/><D112/><U56/><AGARI ba="0,2" hai="47,51,53,56,62,64,76,83,85,91,94,99,132,135" machi="56" ten="30,4000,0" yaku="1,1,0,1,53,1" doraHai="17" doraHaiUra="57" who="1" fromWho="1" sc="250,-20,240,60,250,-10,240,-10" /><INIT seed="1,0,0,4,0,90" ten="230,300,240,230" oya="1" hai0="55,97,48,129,34,7,67,133,8,59,82,113,124" hai1="32,29,98,115,121,38,131,53,118,71,3,56,22" hai2="4,10,15,19,127,99,18,84,77,122,135,33,1" hai3="100,119,73,101,21,80,25,61,94,95,37,14,12"/><U108/><RYUUKYOKU type="yao9" ba="0,0" sc="230,0,300,0,240,0,230,0" hai1="3,22,29,32,38,53,56,71,98,108,115,118,121,131" /><INIT seed="1,1,0,1,4,28" ten="230,300,240,230" oya="1" hai0="42,56,20,131,75,40,27,93,57,88,74,98,96" hai1="55,65,110,4,123,21,58,73,67,134,62,133,52" hai2="70,49,6,103,41,111,135,43,17,68,112,94,91" hai3="100,54,0,63,31,87,89,132,121,16,39,129,77"/><U14/><E73/><V79/><F111/><W60/><G121/><T13/><D131/><U119/><E123/><V47/><F135/><N who="1" m="51721" /><E119/><V84/><F112/><W29/><G132/><T82/><D98/><U37/><E110/><V5/><F103/><W76/><G0/><T71/><D71/><U61/><E37/><V126/><F126/><W11/><G100/><T9/><D82/><U86/><E86/><V113/><F113/><W51/><G39/><T81/><D81/><U59/><E21/><V35/><F79/><W12/><G129/><T117/><D74/><U2/><E14/><V22/><F43/><N who="0" m="16426" /><D75/><U33/><E33/><V109/><F109/><W92/><G76/><T32/><D32/><U3/><E4/><V78/><F78/><W36/><G36/><T105/><D105/><U128/><E128/><V85/><F85/><W97/><G77/><T80/><D80/><U120/><E120/><V90/><F35/><W104/><G104/><T127/><D127/><U26/><E26/><V83/><F70/><W45/><G97/><T53/><D53/><AGARI ba="1,0" hai="2,3,52,53,55,58,59,61,62,65,67" m="51721" machi="53" ten="30,2900,0" yaku="20,1,54,1" doraHai="28" who="1" fromWho="0" sc="230,-32,300,32,240,0,230,0" /><INIT seed="1,2,0,4,5,117" ten="198,332,240,230" oya="1" hai0="60,41,46,122,121,132,16,47,65,31,79,6,95" hai1="112,94,86,57,130,71,28,84,127,107,109,64,100" hai2="93,116,68,10,12,2,51,110,134,81,18,129,114" hai3="80,55,58,40,111,89,104,50,1,102,21,30,67"/><U3/><E3/><V4/><F116/><W126/><G1/><T53/><D132/><U48/><E112/><V91/><F134/><W128/><G111/><T98/><D31/><U19/><E71/><V45/><F68/><W115/><G115/><T108/><D108/><U24/><E109/><V17/><F110/><W7/><G7/><T39/><D6/><U37/><E37/><V99/><F129/><W101/><G104/><T0/><D0/><U74/><E74/><V83/><F114/><W14/><G128/><T44/><D16/><N who="2" m="6250" /><F2/><W96/><G67/><T78/><D78/><U97/><E127/><V27/><F27/><N who="3" m="16751" /><G14/><T56/><D79/><U82/><E107/><V70/><F70/><W52/><G40/><AGARI ba="2,0" hai="4,10,12,40,45,51,81,83,91,93,99" m="6250" machi="40" ten="30,2000,0" yaku="8,1,54,1" doraHai="117" who="2" fromWho="3" sc="198,0,332,0,240,26,230,-26" /><INIT seed="2,0,0,2,2,14" ten="198,332,266,204" oya="2" hai0="74,121,6,31,7,63,2,40,129,114,66,100,54" hai1="117,60,35,22,134,69,130,102,99,12,33,42,47" hai2="81,64,85,90,92,16,123,91,126,75,70,107,3" hai3="32,53,19,120,127,96,65,89,34,25,71,50,133"/><V83/><F3/><W115/><G120/><T132/><D121/><U55/><E117/><V124/><F123/><W20/><G127/><N who="2" m="48681" /><F70/><W9/><G133/><T82/><D114/><U86/><E134/><V128/><F64/><W15/><G115/><T49/><D132/><U24/><E130/><V73/><F128/><W77/><G71/><T109/><D40/><U135/><E135/><V44/><F44/><W95/><G77/><T37/><D37/><U41/><E86/><N who="2" m="50511" /><F107/><W76/><G76/><T23/><D66/><U39/><E41/><V18/><F92/><W45/><REACH who="3" step="1"/><G65/><REACH who="3" ten="198,332,266,194" step="2"/><T38/><D129/><U118/><E69/><V68/><F68/><W48/><G48/><T4/><D49/><U131/><E131/><V36/><F36/><W59/><G59/><T113/><D38/><U43/><E39/><V97/><F97/><W52/><G52/><T30/><D54/><U88/><E99/><V80/><F75/><W0/><G0/><T110/><D74/><U57/><E55/><V122/><F122/><W119/><G119/><T8/><D113/><U13/><E118/><V27/><F73/><W108/><G108/><T58/><D110/><U104/><E57/><V98/><F98/><W103/><G103/><T72/><D100/><U29/><E102/><V62/><F85/><W94/><G94/><T111/><D109/><U5/><E42/><V125/><F125/><W21/><G21/><T78/><D111/><U17/><E43/><V61/><F91/><W93/><G93/><T28/><D23/><N who="1" m="13423" /><E88/><V1/><F1/><W51/><G51/><T11/><D2/><RYUUKYOKU ba="0,1" sc="198,15,332,-15,266,-15,194,15" hai0="4,6,7,8,11,28,30,31,58,63,72,78,82" hai3="9,15,19,20,25,32,34,45,50,53,89,95,96" /><INIT seed="3,1,1,3,2,24" ten="213,317,251,209" oya="3" hai0="45,115,89,31,17,59,93,34,114,60,62,67,118" hai1="52,28,106,87,18,64,82,133,63,71,96,20,77" hai2="97,73,108,86,22,14,83,56,3,37,135,101,129" hai3="117,51,41,103,36,102,27,25,54,69,95,132,105"/><W46/><G117/><T94/><D118/><U5/><E133/><V11/><F37/><W50/><G105/><T44/><D34/><U26/><E5/><N who="2" m="3439" /><F3/><W113/><G113/><N who="0" m="43019" /><D31/><U125/><E125/><V122/><F73/><W80/><G132/><T2/><D2/><U92/><E106/><V33/><F33/><W127/><G127/><T74/><D74/><U16/><E52/><V8/><F108/><W65/><G80/><T70/><D17/><U98/><E98/><V123/><F129/><W13/><G13/><T4/><D4/><U119/><E119/><V124/><F124/><W72/><G72/><T130/><D130/><U6/><E6/><V1/><F135/><W76/><G76/><T10/><D10/><U120/><E120/><V112/><F112/><W99/><G103/><AGARI ba="1,1" hai="16,18,20,26,28,63,64,71,77,82,87,92,96,103" machi="103" ten="30,3900,0" yaku="7,1,52,1,54,1" doraHai="24" who="1" fromWho="3" sc="213,0,317,52,251,0,209,-42" owari="213,-18.7,369,46.9,251,5.1,167,-33.3" /></mjloggm>