<mjloggm ver="2.3"><GO type="225" lobby="0"/><UN n0="%E8%81%B7%E6%A5%AD%E3%80%81%E9%A2%A8%32" n1="%61%69%73%79%6F" n2="%E4%B8%AD%E5%B9%B4%E3%81%AE%E5%8D%B1%E6%A9%9F" n3="%67%61%79%75%6E%79" dan="16,17,17,16" rate="2130.51,2176.62,2205.93,2149.81" sx="M,M,M,M"/><TAIKYOKU oya="0"/><INIT seed="0,0,0,0,3,120" ten="250,250,250,250" oya="0" hai0="100,16,119,11,68,74,109,44,95,92,96,9,28" hai1="53,63,89,8,110,76,46,13,82,73,77,79,34" hai2="122,67,99,71,78,131,84,45,19,94,26,134,2" hai3="14,37,126,108,60,130,23,132,59,33,25,103,116"/><T6/><D119/><U58/><E34/><V69/><F122/><W118/><G37/><T31/><D74/><U65/><E110/><V90/><F2/><W125/><G108/><T51/><D68/><U1/><E1/><V64/><F134/><W93/><G33/><T12/><D109/><U57/><E46/><V5/><F5/><W66/><G14/><N who="0" m="5431" /><D95/><U88/><E77/><V3/><F3/><W39/><G39/><T101/><D100/><U0/><E76/><V17/><F131/><W40/><G40/><AGARI ba="0,0" hai="11,12,16,28,31,40,44,51,92,96,101" m="5431" machi="40" ten="30,2900,0" yaku="8,1,54,1" doraHai="120" who="0" fromWho="3" sc="250,29,250,0,250,0,250,-29" /><INIT seed="0,1,0,4,3,109" ten="279,250,250,221" oya="0" hai0="84,122,97,71,72,1,127,57,67,29,118,19,79" hai1="135,50,68,77,45,35,89,30,60,43,16,102,65" hai2="47,42,22,5,134,124,86,13,49,128,83,31,117" hai3="44,111,27,64,74,78,61,112,99,103,48,69,76"/><T38/><D122/><U105/><E135/><V82/><F134/><W55/><G111/><T17/><D72/><U52/><E77/><V21/><F124/><W108/><G108/><T120/><D38/><U40/><E89/><V101/><F128/><W85/><G74/><T36/><D36/><U113/><E113/><V41/><F117/><W3/><G3/><T104/><D1/><U106/><E16/><V114/><F114/><W100/><G85/><T131/><D104/><U75/><E75/><V23/><F101/><W39/><G103/><T10/><D71/><U119/><E119/><V58/><F58/><W37/><G37/><T95/><D131/><U96/><REACH who="1" step="1"/><E105/><REACH who="1" ten="279,240,250,221" step="2"/><V91/><F82/><W32/><G112/><T107/><D107/><U33/><E33/><V25/><REACH who="2" step="1"/><F41/><REACH who="2" ten="279,240,240,221" step="2"/><W73/><G100/><T34/><D118/><U24/><AGARI ba="1,2" hai="24,30,35,40,43,45,50,52,60,65,68,96,102,106" machi="24" ten="30,8000,1" yaku="1,1,0,1,25,2,54,1,53,0" doraHai="109" doraHaiUra="133" who="1" fromWho="1" sc="279,-41,240,103,240,-21,221,-21" /><INIT seed="1,0,0,2,1,75" ten="238,343,219,200" oya="1" hai0="27,33,77,109,110,13,99,98,115,73,81,64,113" hai1="101,10,133,11,1,131,36,82,24,12,91,28,118" hai2="72,102,54,76,56,125,67,19,53,40,105,29,104" hai3="49,119,39,22,111,61,124,46,8,47,84,94,34"/><U106/><E118/><V116/><F116/><W14/><G34/><T100/><D64/><U107/><E36/><V41/><F29/><W57/><G119/><T135/><D13/><U112/><E112/><N who="0" m="43081" /><D27/><U6/><E133/><V21/><F125/><W88/><G124/><T43/><D43/><N who="2" m="16458" /><F72/><W86/><G111/><N who="0" m="42507" /><D33/><U74/><E101/><V38/><F105/><W103/><G103/><T126/><D126/><U2/><E131/><V127/><F104/><W134/><G134/><T30/><D30/><U123/><E123/><V117/><F102/><W130/><G130/><T18/><D18/><U129/><E129/><V96/><F96/><N who="0" m="36906" /><D100/><U7/><E12/><V78/><F38/><W93/><G39/><T37/><D37/><U69/><E69/><V128/><F117/><W5/><G22/><T132/><AGARI ba="0,0" hai="73,77,81,132,135" m="36906,42507,43081" machi="132" ten="40,8000,1" yaku="14,1,34,2,52,1" doraHai="75" who="0" fromWho="0" sc="238,80,343,-40,219,-20,200,-20" /><INIT seed="2,0,0,4,4,87" ten="318,303,199,180" oya="2" hai0="111,23,121,71,116,64,97,69,134,73,112,129,83" hai1="126,131,10,34,123,81,28,49,5,67,16,100,119" hai2="133,114,102,17,2,72,63,46,86,62,92,105,110" hai3="93,51,53,37,59,13,78,45,15,76,85,22,103"/><V19/><F114/><W96/><G37/><T75/><D111/><U94/><E119/><V107/><F72/><W82/><G78/><T128/><D121/><U101/><E123/><V3/><F46/><W20/><G15/><T24/><D134/><U4/><E34/><V55/><F55/><W91/><G13/><T6/><D6/><U74/><E28/><V7/><F86/><W125/><G125/><T106/><D112/><U113/><E67/><V99/><F92/><W70/><G70/><N who="0" m="26635" /><D64/><U80/><E126/><V56/><F133/><W68/><G68/><T90/><D116/><U18/><E131/><N who="0" m="50249" /><D106/><U44/><E113/><V120/><F120/><W122/><G122/><T40/><D40/><U60/><E74/><V11/><F110/><W89/><G59/><T127/><D127/><U124/><E4/><V66/><F3/><W1/><G1/><T29/><D83/><N who="1" m="31819" /><E60/><V41/><F63/><W9/><G9/><T48/><D48/><U26/><E10/><V65/><F65/><W77/><G77/><T61/><D61/><U135/><E5/><V84/><F41/><W130/><G130/><T58/><D58/><U42/><E135/><V57/><F57/><W39/><G39/><T35/><D35/><U12/><E124/><V47/><F47/><W33/><G33/><T25/><D25/><U0/><E0/><V109/><F109/><W52/><G53/><T21/><D21/><AGARI ba="0,0" hai="20,21,22,45,51,52,76,82,85,89,91,93,96,103" machi="21" ten="40,8000,1" yaku="8,1,52,2,54,1" doraHai="87" who="3" fromWho="0" sc="318,-80,303,0,199,0,180,80" /><INIT seed="3,0,0,1,5,130" ten="238,303,199,260" oya="3" hai0="121,45,20,27,6,39,118,63,94,14,48,67,85" hai1="93,103,42,52,74,109,55,101,112,117,91,133,100" hai2="17,32,134,124,79,119,35,22,30,132,75,86,82" hai3="116,84,106,33,11,123,128,15,66,73,76,37,28"/><W64/><G123/><T12/><D39/><U56/><E133/><N who="2" m="51307" /><F119/><W58/><G116/><T26/><D121/><U129/><E74/><V111/><F124/><W25/><G106/><T61/><D118/><U53/><E109/><V135/><N who="2" m="51315" /><V131/><DORA hai="120" /><F111/><W34/><G128/><T90/><D6/><U107/><E112/><V57/><F131/><W46/><G73/><T8/><D27/><U77/><E77/><V36/><F36/><W102/><G102/><T7/><D14/><U0/><E0/><V126/><F126/><W113/><G113/><T10/><D10/><U3/><E3/><V65/><F30/><W18/><G34/><T80/><D94/><U1/><E1/><V5/><F5/><W62/><G66/><T72/><D67/><U115/><E107/><V9/><F9/><W69/><G69/><T50/><D72/><U68/><E68/><V97/><F97/><W59/><G59/><T104/><D104/><U4/><E4/><V47/><F47/><W125/><G125/><T83/><D83/><U60/><E115/><V108/><F75/><W98/><G98/><T110/><D110/><U13/><E117/><V54/><F65/><W87/><G76/><T40/><REACH who="0" step="1"/><D50/><REACH who="0" ten="228,303,199,260" step="2"/><U41/><E129/><V38/><F38/><W2/><G2/><T81/><D81/><U95/><E95/><V78/><F108/><W92/><G92/><T105/><D105/><U96/><E13/><N who="2" m="9519" /><F79/><W88/><G37/><T19/><AGARI ba="0,1" hai="7,8,12,19,20,26,40,45,48,61,63,80,85,90" machi="19" ten="20,8000,1" yaku="1,1,0,1,7,1,8,1,53,1" doraHai="130,120" doraHaiUra="21,71" who="0" fromWho="0" sc="228,90,303,-20,199,-20,260,-40" owari="318,41.8,283,8.3,179,-32.1,220,-18.0" /></mjloggm>