<mjloggm ver="2.3"><GO type="225" lobby="0"/><UN n0="%74%61%6B%75%61%6B%61" n1="%E3%81%8F%E3%81%BE%E3%81%96%E3%82%8F" n2="%6D%75%75%6D%75%72%61" n3="%E5%A4%96%E5%B7%9D%E7%AB%9C%E6%88%90" dan="17,16,17,16" rate="2181.29,2056.94,2198.75,2085.58" sx="M,M,F,M"/><TAIKYOKU oya="0"/><INIT seed="0,0,0,2,1,75" ten="250,250,250,250" oya="0" hai0="40,114,49,5,93,76,106,12,117,85,88,15,43" hai1="74,45,63,34,116,33,122,133,72,92,123,30,3" hai2="135,47,52,50,6,103,27,108,4,131,107,68,80" hai3="0,132,73,78,51,62,57,42,125,79,110,54,115"/><T35/><D117/><U118/><E3/><V105/><F108/><W23/><G115/><T14/><D114/><U61/><E30/><V39/><F131/><W130/><G73/><T87/><D35/><U124/><E124/><V1/><F135/><W66/><G0/><T32/><D32/><U81/><E92/><V99/><F107/><W69/><G110/><T91/><D106/><U53/><E81/><V96/><F68/><W44/><G125/><T71/><D71/><U25/><E25/><V67/><F67/><W19/><G130/><T46/><D76/><N who="3" m="29225" /><G132/><T112/><D112/><U121/><E122/><V26/><F80/><W119/><G119/><T65/><D65/><U16/><E45/><V55/><F39/><N who="3" m="21599" /><G19/><T97/><D97/><U86/><E86/><V11/><F99/><W22/><AGARI ba="0,0" hai="22,23,51,54,57,62,66,69" m="21599,29225" machi="22" ten="30,7900,0" yaku="24,1,52,3" doraHai="75" who="3" fromWho="3" sc="250,-39,250,-20,250,-20,250,79" /><INIT seed="1,0,0,2,3,133" ten="211,230,230,329" oya="1" hai0="78,72,98,25,93,77,75,21,62,42,119,135,26" hai1="39,91,113,128,40,94,131,32,41,112,120,118,84" hai2="12,35,70,106,48,117,17,129,5,80,115,51,132" hai3="105,86,50,9,8,0,107,97,37,16,33,38,90"/><U34/><E118/><V63/><F117/><W2/><G33/><N who="1" m="12906" /><E120/><V52/><F132/><W58/><G50/><T123/><D119/><U11/><E11/><V68/><F129/><N who="1" m="49737" /><E39/><V127/><F35/><W104/><G58/><T126/><D123/><U10/><E10/><V13/><F5/><W29/><G29/><T82/><D135/><U124/><E124/><V30/><F30/><W47/><G37/><T103/><D42/><AGARI ba="0,0" hai="40,41,42,84,91,94,112,113" m="49737,12906" machi="42" ten="30,1500,0" yaku="19,1" doraHai="133" who="1" fromWho="0" sc="211,-15,230,15,230,0,329,0" /><INIT seed="1,1,0,0,5,115" ten="196,245,230,329" oya="1" hai0="114,63,31,46,96,37,107,77,79,11,105,52,60" hai1="113,30,33,126,70,7,76,9,129,111,117,29,55" hai2="2,71,75,34,32,130,123,82,84,48,43,42,13" hai3="58,78,28,120,16,72,35,64,125,89,12,61,95"/><U109/><E70/><V80/><F2/><W17/><G120/><T67/><D114/><U103/><E113/><V39/><F123/><W24/><G125/><T85/><D31/><N who="1" m="11787" /><E103/><V119/><F39/><W124/><G124/><T135/><D135/><U127/><E76/><V134/><F134/><W45/><G45/><T133/><D133/><U40/><E55/><V23/><F71/><W14/><G78/><T56/><D11/><U19/><E40/><V99/><F13/><W53/><G72/><T86/><D77/><U104/><E104/><V47/><F47/><W83/><G83/><T57/><D79/><U102/><E102/><V36/><F36/><W69/><G14/><T131/><D131/><U66/><E66/><V101/><F101/><W98/><REACH who="3" step="1"/><G12/><REACH who="3" ten="196,245,230,319" step="2"/><T116/><D46/><U5/><E129/><V18/><F130/><W110/><G110/><N who="1" m="41994" /><E33/><V38/><F32/><W108/><G108/><T87/><D37/><U132/><E132/><V44/><F34/><W91/><G91/><T10/><D10/><U49/><E127/><V59/><F38/><W41/><G41/><T6/><D6/><U50/><E126/><V27/><F42/><W121/><G121/><T54/><D116/><U93/><E117/><V106/><F119/><W128/><G128/><T0/><D0/><U68/><E7/><V26/><F43/><W97/><G97/><T81/><D81/><U74/><E9/><V15/><F75/><W65/><G65/><N who="0" m="39047" /><D96/><U20/><E74/><V3/><F3/><W88/><G88/><T22/><D22/><U118/><E5/><V4/><F4/><RYUUKYOKU ba="1,1" sc="196,15,245,-15,230,-15,319,15" hai0="52,54,57,63,67,85,86,87,105,107" hai3="16,17,24,28,35,53,58,61,64,69,89,95,98" /><INIT seed="2,2,1,3,4,111" ten="211,230,215,334" oya="2" hai0="73,75,105,50,133,68,51,25,131,102,12,33,120" hai1="83,28,78,85,13,109,113,3,112,23,80,79,103" hai2="94,27,86,41,110,36,93,122,104,89,116,34,1" hai3="19,44,115,6,134,96,42,58,118,26,35,65,17"/><V132/><F116/><W46/><G17/><T114/><D120/><U130/><E3/><V125/><F122/><W128/><G19/><T10/><D114/><U91/><E28/><V97/><F1/><W5/><G58/><T92/><D105/><U8/><E23/><V135/><F104/><W123/><G46/><T30/><D68/><U40/><E109/><V21/><F34/><W95/><G44/><T0/><D0/><U127/><E127/><V7/><F7/><W101/><G95/><T4/><D131/><U82/><E130/><V76/><F110/><W62/><G42/><T70/><D70/><U60/><E60/><V59/><F125/><W57/><G96/><T63/><D133/><N who="2" m="51274" /><F59/><W14/><G5/><T84/><D63/><U47/><E103/><N who="2" m="60847" /><F76/><W37/><G6/><T81/><D102/><U31/><E79/><V67/><F67/><W29/><G101/><T11/><D92/><N who="1" m="54383" /><E78/><V69/><F69/><W18/><G62/><T129/><D129/><U16/><E112/><V53/><F53/><W55/><G55/><T74/><REACH who="0" step="1"/><D10/><REACH who="0" ten="201,230,215,334" step="2"/><U22/><E113/><V52/><F94/><W54/><G115/><T49/><D49/><N who="1" m="26855" /><E83/><N who="2" m="49375" /><F36/><W61/><G37/><T124/><D124/><U72/><E72/><V66/><F66/><W108/><G128/><T77/><AGARI ba="2,2" hai="4,11,12,25,30,33,50,51,73,74,75,77,81,84" machi="77" ten="30,8000,1" yaku="1,1,0,1,53,3" doraHai="111" doraHaiUra="107" who="0" fromWho="0" sc="201,106,230,-22,215,-42,334,-22" /><INIT seed="3,0,0,3,3,133" ten="307,208,173,312" oya="3" hai0="15,90,56,63,104,17,8,58,76,28,128,13,103" hai1="127,18,126,97,54,131,9,65,7,89,57,69,52" hai2="64,2,51,55,107,73,61,106,16,134,38,4,27" hai3="82,42,130,31,88,84,123,91,49,34,67,20,135"/><W70/><G135/><T1/><D1/><N who="1" m="239" /><E69/><V53/><F38/><W19/><G123/><T113/><D128/><U71/><E71/><V98/><F134/><W62/><G130/><T50/><D113/><U86/><E97/><V40/><F73/><W22/><G34/><T72/><D104/><U25/><E131/><V68/><F2/><W96/><G31/><T102/><D28/><U120/><E120/><V119/><F4/><W29/><G29/><T21/><D72/><U118/><E65/><V94/><F40/><W115/><G22/><T33/><D76/><U37/><E37/><V26/><F53/><W41/><G49/><T47/><D33/><U79/><E79/><V48/><F48/><W100/><G91/><T39/><D90/><U93/><E118/><V14/><F119/><W30/><G30/><T46/><D39/><U36/><E36/><V99/><F107/><W132/><G115/><T121/><D121/><U81/><E81/><V59/><F106/><W0/><G0/><T85/><D85/><U43/><E43/><V23/><REACH who="2" step="1"/><F98/><REACH who="2" ten="307,208,163,312" step="2"/><W3/><G3/><T66/><D47/><U44/><E44/><V83/><F83/><W92/><G132/><T74/><D74/><U105/><E105/><V11/><F11/><W122/><G122/><T109/><D46/><U32/><E54/><V80/><F80/><W114/><G114/><T5/><D109/><U108/><E108/><V45/><F45/><W77/><G77/><T10/><D10/><U125/><E52/><AGARI ba="0,1" hai="5,8,13,15,17,21,50,52,56,58,63,66,102,103" machi="52" ten="40,2600,0" yaku="8,1,54,1" doraHai="133" who="0" fromWho="1" sc="307,36,208,-26,163,0,312,0" owari="343,44.3,182,-21.8,163,-33.7,312,11.2" /></mjloggm>