<mjloggm ver="2.3"><GO type="225" lobby="0"/><UN n0="%E3%82%A2%E3%83%A1%E3%82%A2%E3%83%A9%E3%83%AC" n1="%33%74%72%65%65" n2="%E3%83%9F%E3%83%83%E3%82%AD%E3%83%BC%E8%9B%87%E5%B1%B1" n3="%6D%75%75%73%61%6E%6D%75" dan="16,16,16,17" rate="2153.89,2122.79,2028.82,2173.80" sx="M,F,M,F"/><TAIKYOKU oya="0"/><INIT seed="0,0,0,2,0,123" ten="250,250,250,250" oya="0" hai0="122,14,43,42,33,1,2,69,41,90,19,110,73" hai1="121,0,70,126,44,51,3,131,113,86,108,31,47" hai2="49,12,26,88,53,10,34,129,40,115,76,7,60" hai3="81,107,16,109,102,87,100,132,50,62,93,59,97"/><T83/><D122/><U6/><E70/><V57/><F129/><W5/><G132/><T55/><D69/><U133/><E121/><V77/><F115/><W28/><G109/><T22/><D33/><U45/><E113/><V85/><F34/><W120/><G120/><T29/><D29/><U116/><E133/><V71/><F26/><W18/><G28/><T56/><D110/><U127/><E116/><V80/><REACH who="2" step="1"/><F71/><REACH who="2" ten="250,250,240,250" step="2"/><W9/><G107/><T106/><D106/><U94/><E131/><V134/><F134/><W103/><G93/><T4/><D4/><U35/><E6/><V112/><F112/><W114/><G114/><T48/><REACH who="0" step="1"/><D90/><REACH who="0" ten="240,250,240,250" step="2"/><U68/><E35/><V92/><F92/><N who="3" m="58407" /><G103/><T119/><D119/><U125/><E94/><V117/><F117/><W64/><G102/><T74/><D74/><U61/><E68/><V39/><F39/><W79/><G5/><T111/><D111/><U75/><E108/><V98/><F98/><W78/><G18/><T96/><D96/><U128/><E75/><V124/><F124/><W58/><G16/><T99/><D99/><U27/><E126/><V11/><F11/><W105/><G9/><T38/><D38/><U135/><E127/><V104/><F104/><W91/><G105/><T46/><D46/><AGARI ba="0,2" hai="7,10,12,40,46,49,53,57,60,76,77,80,85,88" machi="46" ten="40,5200,0" yaku="1,1,8,1,54,1,53,0" doraHai="123" doraHaiUra="13" who="2" fromWho="0" sc="240,-52,250,0,240,72,250,0" /><INIT seed="1,0,0,3,2,92" ten="188,250,312,250" oya="1" hai0="74,57,28,86,20,77,18,107,79,90,7,2,132" hai1="120,30,17,112,108,84,9,58,14,113,103,13,48" hai2="96,4,63,123,73,19,67,43,45,56,88,44,5" hai3="78,65,71,25,124,31,66,119,95,125,54,41,76"/><U127/><E120/><V29/><F123/><W110/><G110/><T21/><D132/><U62/><E108/><V91/><F73/><W105/><G105/><T114/><D114/><U101/><E127/><N who="3" m="48714" /><G119/><T15/><D107/><U39/><E39/><V47/><F29/><W117/><G117/><T131/><D131/><U68/><E68/><V16/><F43/><W72/><G41/><T0/><D74/><U118/><E48/><V40/><F40/><W89/><G54/><T111/><D111/><U130/><E30/><V115/><F115/><W80/><G76/><T1/><D7/><N who="2" m="2634" /><F96/><N who="3" m="57455" /><G71/><T23/><D57/><U106/><E58/><V99/><F99/><W109/><G109/><T126/><D126/><U81/><E113/><V11/><F11/><W6/><G6/><T121/><D121/><U38/><E9/><V70/><F70/><W26/><G26/><T128/><D128/><U129/><E112/><V122/><F122/><W50/><G50/><T69/><D69/><U93/><E129/><V52/><F67/><W59/><G59/><T34/><D77/><U94/><E130/><V100/><F100/><W60/><G60/><T104/><D79/><N who="1" m="46143" /><E62/><V36/><F36/><W27/><G27/><N who="0" m="18719" /><D104/><U12/><E106/><V46/><N who="2" m="11264" /><DORA hai="51" /><V8/><F8/><W97/><G97/><T61/><D61/><U82/><E118/><V134/><F134/><W37/><G37/><T64/><D64/><U75/><E38/><V133/><F133/><W98/><G98/><T87/><D87/><U85/><E85/><V32/><F32/><AGARI ba="0,0" hai="25,31,32,65,66,72,78,80" m="57455,48714" machi="32" ten="30,2000,0" yaku="18,1,52,1" doraHai="92,51" who="3" fromWho="2" sc="188,0,250,0,312,-20,250,20" /><INIT seed="2,0,0,0,1,34" ten="188,250,292,270" oya="2" hai0="127,49,74,12,58,123,50,29,77,87,108,98,53" hai1="125,134,48,59,126,6,62,78,25,64,19,89,121" hai2="109,24,44,5,21,86,66,118,55,4,70,94,133" hai3="76,40,73,39,111,102,116,75,38,117,81,14,79"/><V119/><F133/><W69/><G111/><T93/><D108/><U7/><E134/><V10/><F109/><W131/><G131/><T28/><D127/><N who="1" m="48651" /><E78/><V37/><F70/><W63/><G102/><T107/><D123/><U72/><E72/><V114/><F66/><N who="3" m="41183" /><G14/><T9/><D107/><U130/><E130/><V65/><F65/><W84/><G84/><T95/><D74/><U80/><E48/><V90/><F114/><W112/><G112/><T45/><D87/><N who="1" m="50407" /><E121/><V115/><F115/><W132/><G132/><T3/><D77/><U54/><E54/><V124/><F124/><W43/><G43/><T18/><D3/><U113/><E113/><V26/><F37/><N who="3" m="13835" /><G40/><T103/><REACH who="0" step="1"/><D95/><REACH who="0" ten="178,250,292,270" step="2"/><U106/><E106/><V31/><F94/><W68/><G68/><T46/><D46/><U71/><E71/><V60/><F44/><W88/><G76/><T13/><D13/><U122/><E122/><V85/><F26/><W2/><G75/><T100/><D100/><U97/><E97/><V82/><F86/><W120/><G120/><T22/><D22/><AGARI ba="0,1" hai="6,7,19,22,25,59,62,64" m="50407,48651" machi="22" ten="30,1000,0" yaku="18,1" doraHai="34" who="1" fromWho="0" sc="178,-10,250,20,292,0,270,0" /><INIT seed="3,0,0,2,1,86" ten="168,270,292,270" oya="3" hai0="19,104,9,21,81,129,135,22,15,0,60,46,112" hai1="57,67,133,2,73,33,48,1,115,131,109,111,39" hai2="103,3,25,38,127,88,70,76,20,31,113,101,42" hai3="37,18,77,90,45,72,62,96,78,52,123,68,40"/><W36/><G123/><T130/><D104/><U12/><E115/><V102/><F113/><W85/><G72/><T117/><D112/><U71/><E131/><N who="0" m="50185" /><D117/><U47/><E133/><V34/><F70/><W116/><G116/><T16/><D135/><U80/><E33/><V121/><F3/><W107/><G37/><T93/><D81/><U120/><E120/><V122/><F76/><W99/><G78/><T100/><D0/><U32/><E80/><V94/><F34/><W65/><G77/><T28/><D46/><U11/><E47/><V10/><F38/><W43/><G107/><T53/><D28/><U74/><E39/><V4/><F42/><W134/><G40/><T110/><D110/><U98/><E1/><V91/><F127/><W128/><G134/><T30/><D30/><U82/><E109/><V64/><F64/><W83/><G128/><T13/><D9/><U84/><E11/><V79/><F79/><W125/><G125/><T51/><D51/><U50/><E48/><V119/><F119/><W26/><G52/><T5/><D5/><U7/><E7/><V49/><F49/><W126/><G126/><T17/><D17/><U27/><E50/><V14/><F94/><W29/><G18/><T61/><D53/><U97/><E111/><V55/><F55/><W89/><G90/><N who="2" m="34345" /><F122/><W87/><G87/><T106/><D106/><U59/><E84/><V23/><F121/><W75/><REACH who="3" step="1"/><G75/><REACH who="3" ten="168,270,292,260" step="2"/><T105/><D105/><U92/><E74/><V66/><F66/><W56/><G56/><N who="1" m="21578" /><E67/><V114/><F114/><W44/><G44/><T95/><D100/><RYUUKYOKU ba="0,1" sc="168,10,270,-30,292,10,260,10" hai0="13,15,16,19,21,22,60,61,93,95" hai2="4,10,14,20,23,25,31,101,102,103" hai3="26,29,36,43,45,62,65,68,83,85,89,96,99" /><INIT seed="3,1,1,0,0,129" ten="178,240,302,270" oya="3" hai0="79,67,59,58,118,102,78,101,104,28,43,13,73" hai1="4,53,34,96,22,38,65,100,85,99,74,5,130" hai2="90,106,25,110,124,3,9,49,68,105,33,134,15" hai3="114,89,11,6,64,0,36,128,52,98,46,31,86"/><W107/><G128/><T30/><D118/><U87/><E34/><V93/><F3/><W120/><G120/><T117/><D117/><U19/><E74/><V71/><F110/><W126/><G114/><T132/><D43/><U44/><E130/><V54/><F134/><W40/><G126/><T123/><D123/><U12/><E65/><V70/><F106/><W91/><G64/><T116/><D116/><U10/><E4/><V127/><F105/><W51/><G31/><N who="0" m="11819" /><D67/><U50/><E38/><V20/><F33/><W61/><G61/><T45/><D104/><U77/><E77/><N who="0" m="29193" /><D73/><U84/><REACH who="1" step="1"/><E100/><REACH who="1" ten="178,230,302,270" step="2"/><N who="0" m="38505" /><D45/><U76/><E76/><V113/><F127/><W16/><G107/><T17/><D132/><U56/><E56/><N who="0" m="21545" /><D13/><AGARI ba="1,2" hai="5,10,12,13,19,22,44,50,53,84,85,87,96,99" machi="13" ten="40,2600,0" yaku="1,1,8,1,53,0" doraHai="129" doraHaiUra="109" who="1" fromWho="0" sc="178,-29,230,49,302,0,270,0" owari="149,-35.1,279,7.9,302,40.2,270,-13.0" /></mjloggm>