<mjloggm ver="2.3"><GO type="225" lobby="0"/><UN n0="%72%61%6B%33" n1="%45%6C%79%73%69%75%6D" n2="%48%61%61%61%6C%61%6E%64" n3="%E3%81%99%E3%81%84%E3%81%BE%E3%81%9B%E3%83%BC%E3%82%93" dan="17,17,17,16" rate="2296.77,2116.55,2230.89,2110.81" sx="M,F,M,M"/><TAIKYOKU oya="0"/><INIT seed="0,0,0,0,4,24" ten="250,250,250,250" oya="0" hai0="98,68,31,89,113,67,78,71,72,47,12,96,37" hai1="92,2,50,41,19,127,109,6,81,4,21,9,59" hai2="132,69,128,48,97,66,45,15,34,114,86,46,118" hai3="28,25,17,93,73,58,90,8,108,134,75,115,60"/><T105/><D113/><U112/><E112/><V10/><F114/><W44/><G115/><RYUUKYOKU type="kaze4" ba="0,0" sc="250,0,250,0,250,0,250,0" /><INIT seed="0,1,0,2,3,135" ten="250,250,250,250" oya="0" hai0="4,65,72,68,120,53,56,43,32,80,48,88,129" hai1="96,54,50,121,133,83,38,36,23,19,66,131,70" hai2="21,128,41,0,31,14,130,13,87,127,29,57,100" hai3="46,113,51,59,106,9,20,10,79,26,45,119,22"/><T76/><D129/><N who="2" m="49770" /><F0/><W104/><G113/><T7/><D120/><U28/><E131/><V15/><F100/><W64/><G119/><T103/><D32/><U116/><E121/><V122/><F122/><W78/><G64/><T114/><D114/><U11/><E116/><V124/><F41/><W90/><G90/><T17/><D103/><U1/><E1/><V63/><F87/><W60/><G51/><T75/><D75/><U55/><E11/><V115/><F115/><W67/><G67/><T123/><D123/><U18/><E28/><N who="2" m="10827" /><F21/><W34/><G34/><T16/><D43/><U85/><E23/><V134/><F134/><W62/><REACH who="3" step="1"/><G59/><REACH who="3" ten="250,250,250,240" step="2"/><T91/><D91/><U86/><E133/><V6/><F6/><W95/><G95/><T69/><D88/><U58/><E58/><V99/><F99/><W25/><AGARI ba="1,1" hai="9,10,20,22,25,26,45,46,60,62,78,79,104,106" machi="25" ten="25,6400,0" yaku="1,1,0,1,22,2,53,0" doraHai="135" doraHaiUra="61" who="3" fromWho="3" sc="250,-33,250,-17,250,-17,240,77" /><INIT seed="1,0,0,1,5,111" ten="217,233,233,317" oya="1" hai0="106,76,117,56,108,103,63,0,81,127,94,36,90" hai1="5,104,99,74,22,1,32,14,43,84,61,20,28" hai2="12,2,60,105,101,107,132,83,37,41,52,53,50" hai3="72,121,67,66,125,133,44,80,39,7,19,70,93"/><U128/><E74/><V17/><F2/><W6/><G121/><T130/><D108/><U55/><E128/><V24/><F132/><W122/><G122/><T71/><D130/><U120/><E120/><V98/><F24/><W135/><G125/><T58/><D36/><U33/><E43/><V119/><F119/><W3/><G19/><T69/><D0/><U30/><E84/><V25/><F25/><W102/><G93/><T92/><D56/><U112/><E55/><V54/><F37/><W38/><G102/><T68/><D127/><U73/><E99/><V57/><F107/><W96/><G96/><T11/><D11/><N who="1" m="2479" /><E61/><V75/><F41/><W113/><G3/><T65/><D117/><U123/><E73/><V89/><F50/><W79/><G72/><T29/><D63/><U77/><E77/><V47/><F47/><W100/><G44/><T118/><D76/><U115/><E104/><V49/><F49/><W62/><G79/><T34/><D106/><U64/><E64/><V16/><F75/><W15/><G66/><T13/><D65/><U23/><E14/><V129/><F129/><W45/><G15/><T8/><D13/><U46/><E46/><V86/><F12/><W95/><G45/><T31/><D118/><U97/><E97/><V116/><F116/><W18/><G62/><T124/><D124/><U26/><E123/><V126/><F126/><W134/><G134/><T78/><D78/><U10/><E10/><V9/><F9/><W110/><G135/><T87/><D8/><U42/><E42/><V21/><F105/><W4/><G133/><RYUUKYOKU ba="0,0" sc="217,-10,233,30,233,-10,317,-10" hai1="20,22,23,26,28,30,32,33,112,115" /><INIT seed="1,1,0,5,0,54" ten="207,263,223,307" oya="1" hai0="56,51,104,76,47,78,64,117,28,30,122,126,134" hai1="84,112,92,11,132,128,103,24,129,85,25,116,95" hai2="79,74,70,12,77,121,53,40,59,61,69,115,123" hai3="33,4,87,114,124,71,90,16,50,127,99,110,118"/><U58/><E116/><V34/><F34/><W35/><G114/><T111/><D104/><U17/><E112/><V133/><F115/><W96/><G110/><T36/><D111/><U80/><E132/><V105/><F105/><W48/><G71/><T72/><D126/><U41/><E41/><V19/><F133/><W13/><G4/><T88/><D117/><U6/><E17/><V62/><F40/><W106/><G118/><T22/><D36/><U101/><E80/><V42/><F42/><W119/><G119/><T63/><D72/><U7/><REACH who="1" step="1"/><E11/><REACH who="1" ten="207,253,223,307" step="2"/><V31/><F19/><W100/><G16/><T32/><D134/><U66/><E66/><V5/><F121/><W10/><G10/><T29/><D122/><U86/><E86/><V97/><F123/><W68/><G87/><T65/><D64/><U45/><E45/><V83/><F83/><W37/><G127/><T120/><D120/><U67/><E67/><V135/><F135/><W1/><G124/><T73/><D73/><U3/><E3/><V38/><F74/><W21/><G99/><T75/><D75/><U26/><E26/><V131/><F97/><W91/><G1/><T14/><D47/><U43/><E43/><V18/><F18/><W89/><G37/><T60/><D65/><U94/><E94/><V52/><F38/><W98/><G98/><T102/><D14/><U23/><E23/><V113/><F113/><W0/><G0/><T8/><D22/><U15/><E15/><V82/><F12/><W93/><G106/><T39/><D39/><U57/><AGARI ba="1,1" hai="6,7,24,25,57,58,84,85,92,95,101,103,128,129" machi="57" ten="25,18000,2" yaku="1,1,0,1,22,2,52,2,53,0" doraHai="54" doraHaiUra="107" who="1" fromWho="1" sc="207,-61,253,193,223,-61,307,-61" /><INIT seed="1,2,0,4,0,51" ten="146,446,162,246" oya="1" hai0="19,65,94,130,117,118,96,4,23,37,40,106,71" hai1="127,103,86,5,31,14,38,120,79,34,92,7,80" hai2="75,26,58,98,95,55,48,3,17,102,33,12,67" hai3="129,35,109,85,73,11,128,13,36,119,97,82,2"/><U30/><E38/><V49/><F3/><W22/><G109/><T63/><D130/><U134/><E34/><V56/><F75/><W10/><G35/><T132/><D132/><U64/><E30/><V24/><F33/><W112/><G112/><T111/><D111/><U124/><E31/><V27/><F67/><W76/><G36/><T41/><D4/><U66/><E120/><V83/><F83/><W91/><G97/><T52/><D106/><U113/><E134/><V44/><REACH who="2" step="1"/><F48/><REACH who="2" ten="146,446,152,246" step="2"/><W46/><G2/><T68/><D37/><U126/><E113/><V70/><F70/><W54/><G73/><T121/><D71/><U72/><E66/><V62/><F62/><W93/><G82/><T32/><D32/><U74/><E64/><V87/><F87/><W135/><G85/><T53/><D121/><U0/><E0/><V81/><F81/><W69/><G69/><T61/><D118/><U25/><E72/><V115/><F115/><W100/><G119/><T57/><D117/><U18/><E74/><V101/><F101/><W90/><G100/><T21/><D68/><U42/><E103/><V29/><F29/><W116/><G116/><T123/><D123/><U131/><E80/><V114/><F114/><W60/><G135/><T78/><D65/><U77/><E86/><V9/><AGARI ba="2,1" hai="9,12,17,24,26,27,44,49,55,56,58,95,98,102" machi="9" ten="30,7900,0" yaku="1,1,0,1,8,1,52,1,53,0" doraHai="51" doraHaiUra="108" who="2" fromWho="2" sc="146,-22,446,-41,152,95,246,-22" /><INIT seed="2,0,0,0,1,51" ten="124,405,247,224" oya="2" hai0="58,2,16,101,124,113,52,53,4,14,30,86,44" hai1="88,66,84,81,116,31,65,102,63,25,96,111,89" hai2="69,97,100,59,6,79,60,99,41,132,71,24,80" hai3="114,130,121,122,38,95,85,13,126,74,73,134,106"/><V12/><F132/><W135/><G13/><T39/><D113/><U35/><E111/><V94/><F41/><W98/><G38/><T64/><D124/><U78/><E116/><V67/><F24/><W50/><G50/><N who="0" m="28743" /><D2/><U115/><E115/><V7/><F99/><W3/><G3/><T56/><D39/><U37/><E37/><V118/><F118/><W72/><G126/><T82/><D101/><U36/><E36/><V8/><REACH who="2" step="1"/><F6/><REACH who="2" ten="124,405,237,224" step="2"/><W62/><G114/><T129/><D4/><U28/><E25/><V131/><F131/><W68/><G130/><T54/><D129/><U23/><E96/><V117/><F117/><W9/><G98/><T20/><D30/><U77/><E31/><V128/><F128/><W70/><G135/><T33/><D33/><U46/><E28/><V18/><F18/><W90/><G134/><T45/><D45/><U40/><E35/><V10/><F10/><W133/><G9/><T76/><D56/><U48/><E46/><V110/><F110/><W109/><G109/><T17/><D17/><U43/><E43/><V11/><F11/><W61/><G133/><T1/><D1/><U104/><E40/><V120/><F120/><W87/><G122/><T75/><D75/><AGARI ba="0,1" hai="7,8,12,59,60,67,69,71,75,79,80,94,97,100" machi="75" ten="30,2900,0" yaku="1,1,7,1,53,0" doraHai="51" doraHaiUra="27" who="2" fromWho="0" sc="124,-29,405,0,237,39,224,0" /><INIT seed="2,1,0,1,2,39" ten="95,405,276,224" oya="2" hai0="99,111,91,132,7,122,50,29,61,42,128,134,64" hai1="68,35,109,98,75,19,120,130,1,123,94,135,100" hai2="27,17,59,18,37,118,34,74,92,14,33,32,21" hai3="55,30,45,24,129,106,28,85,56,88,46,25,77"/><V0/><F118/><W110/><G106/><T101/><D122/><U43/><E109/><V9/><F74/><W127/><G110/><T10/><D111/><U124/><E124/><V84/><F37/><W72/><G127/><T90/><D29/><U8/><E68/><V73/><F73/><W116/><G129/><T95/><D128/><U80/><E35/><V20/><F59/><W133/><G133/><T96/><D134/><U47/><E135/><V87/><F92/><W11/><G11/><T105/><D132/><U69/><E69/><V48/><F48/><W81/><G116/><T26/><D26/><N who="3" m="10345" /><G77/><T112/><D112/><U38/><E130/><V6/><AGARI ba="1,0" hai="0,6,9,14,17,18,20,21,27,32,33,34,84,87" machi="6" ten="40,2100,0" yaku="0,1" doraHai="39" who="2" fromWho="2" sc="95,-8,405,-8,276,24,224,-8" /><INIT seed="2,2,0,1,4,112" ten="87,397,300,216" oya="2" hai0="54,73,27,80,1,65,115,105,82,17,57,36,53" hai1="123,68,94,60,34,74,109,70,51,76,89,108,5" hai2="25,118,46,91,93,11,84,26,22,49,12,130,58" hai3="40,88,28,86,90,23,128,71,47,63,43,69,39"/><V55/><F130/><W122/><G128/><T16/><D115/><U52/><E34/><V135/><F135/><W24/><G122/><T4/><D105/><U125/><E123/><V127/><F127/><W97/><G40/><T10/><D65/><U8/><E125/><V44/><F118/><W134/><G134/><T85/><D54/><U6/><E76/><V120/><F120/><W59/><G97/><T132/><D132/><U98/><E74/><V66/><F66/><W45/><G45/><T62/><D36/><U32/><E32/><V50/><F22/><W99/><G99/><T79/><REACH who="0" step="1"/><D27/><REACH who="0" ten="77,397,300,216" step="2"/><N who="2" m="10250" /><F49/><W48/><G39/><T19/><D19/><AGARI ba="2,1" hai="11,12,19,44,46,50,55,58,84,91,93" m="10250" machi="19" ten="30,1500,0" yaku="8,1" doraHai="112" who="2" fromWho="0" sc="77,-21,397,0,300,31,216,0" /><INIT seed="2,3,0,1,5,32" ten="56,397,331,216" oya="2" hai0="96,9,101,63,95,4,48,43,125,27,76,45,1" hai1="50,104,0,114,39,84,117,26,116,64,30,13,135" hai2="19,82,67,42,120,17,70,91,44,126,122,110,87" hai3="57,29,106,92,16,18,134,79,8,93,36,72,75"/><V31/><F126/><W65/><G106/><T7/><D125/><U113/><E39/><V123/><F110/><W56/><G36/><T105/><D76/><U86/><E104/><V124/><F124/><W83/><G29/><T127/><D127/><U25/><E64/><V58/><F70/><W10/><G79/><T131/><D131/><U98/><E98/><V88/><F31/><W28/><G28/><T69/><D7/><U14/><E50/><V6/><F91/><W111/><G83/><T78/><D78/><U68/><E30/><V35/><F35/><W22/><G22/><T5/><D5/><U71/><E135/><V61/><REACH who="2" step="1"/><F6/><REACH who="2" ten="56,397,321,216" step="2"/><W3/><G111/><T59/><D69/><U103/><E103/><V37/><AGARI ba="3,1" hai="17,19,37,42,44,58,61,67,82,87,88,120,122,123" machi="37" ten="30,11700,0" yaku="1,1,2,1,0,1,54,1,53,0" doraHai="32" doraHaiUra="51" who="2" fromWho="2" sc="56,-42,397,-42,321,136,216,-42" /><INIT seed="2,4,0,2,5,59" ten="14,355,457,174" oya="2" hai0="77,76,132,42,41,45,16,30,22,27,54,51,11" hai1="134,57,1,81,98,21,73,82,69,124,36,64,84" hai2="14,102,126,104,120,0,87,72,13,86,39,49,119" hai3="33,24,55,95,89,135,129,133,92,25,6,96,4"/><V112/><F0/><W71/><G129/><T67/><D132/><U116/><E134/><N who="3" m="51210" /><G71/><T53/><D67/><U110/><E116/><V70/><F87/><N who="3" m="52287" /><G55/><T50/><D41/><U17/><E110/><V34/><F13/><W52/><G52/><T58/><D58/><U8/><E124/><V115/><F49/><W122/><G122/><T75/><D75/><U65/><E36/><V46/><F72/><W18/><G18/><T37/><D37/><U29/><E69/><V108/><F14/><W123/><G123/><T127/><D127/><U83/><E73/><V103/><F70/><W47/><G47/><T111/><D111/><U130/><E130/><V88/><F39/><W68/><G68/><T105/><D105/><U101/><E29/><V131/><F104/><W38/><G38/><T19/><D30/><U80/><E8/><V31/><F31/><N who="3" m="19687" /><G25/><T107/><D107/><U7/><E7/><V60/><F120/><W10/><G10/><T94/><D94/><U117/><E1/><V91/><F131/><W99/><G99/><T15/><REACH who="0" step="1"/><D42/><REACH who="0" ten="4,355,457,174" step="2"/><U48/><E65/><V40/><F40/><W61/><G95/><T125/><D125/><U85/><N who="1" m="20480" /><DORA hai="28" /><U78/><E64/><V63/><F126/><W109/><G109/><T5/><D5/><U62/><E57/><V90/><F108/><W100/><G4/><T128/><D128/><U12/><E117/><V3/><F119/><W26/><G6/><T2/><D2/><U118/><E118/><V79/><F3/><W121/><G121/><T56/><AGARI ba="4,1" hai="11,15,16,19,22,27,45,50,51,53,54,56,76,77" machi="56" ten="20,12000,2" yaku="1,1,0,1,7,1,8,1,54,1,53,2" doraHai="59,28" doraHaiUra="20,43" who="0" fromWho="0" sc="4,142,355,-34,457,-64,174,-34" /><INIT seed="3,0,0,1,2,101" ten="146,321,393,140" oya="3" hai0="119,25,64,105,36,0,4,34,30,44,92,66,107" hai1="96,133,15,132,116,124,27,3,29,103,89,78,95" hai2="82,10,125,121,59,63,28,93,55,113,135,69,54" hai3="42,40,71,127,73,115,21,122,91,2,83,102,90"/><W9/><G115/><T65/><D119/><U52/><E116/><V67/><F113/><W43/><G122/><T100/><D0/><U20/><E3/><V84/><F121/><W129/><G71/><T50/><D36/><U7/><E124/><V117/><F117/><W12/><G127/><T60/><D4/><U86/><E78/><V130/><F125/><W68/><G68/><N who="0" m="41991" /><D92/><U19/><E7/><V120/><F130/><W22/><G129/><T45/><D107/><U61/><E61/><V72/><F135/><W106/><G2/><T31/><D31/><U37/><E37/><V49/><F120/><W16/><G73/><T118/><D118/><U13/><E52/><V88/><F28/><W14/><G83/><T58/><D58/><U75/><E75/><V85/><F72/><W104/><G22/><T94/><D94/><U111/><E111/><V32/><F32/><W97/><REACH who="3" step="1"/><G104/><REACH who="3" ten="146,321,393,130" step="2"/><T24/><D24/><U80/><E132/><V114/><F114/><W126/><G126/><T33/><D33/><U23/><E133/><V48/><F82/><W76/><G76/><T41/><D45/><U70/><E70/><V56/><F10/><W6/><AGARI ba="0,1" hai="6,9,12,14,16,21,40,42,43,90,91,97,102,106" machi="6" ten="30,11700,0" yaku="1,1,0,1,52,1,54,1,53,0" doraHai="101" doraHaiUra="77" who="3" fromWho="3" sc="146,-39,321,-39,393,-39,130,127" /><INIT seed="3,1,0,3,3,34" ten="107,282,354,257" oya="3" hai0="62,49,75,56,115,61,72,54,131,68,4,103,9" hai1="83,110,63,27,21,8,87,84,46,53,29,43,50" hai2="60,99,64,18,1,57,12,42,74,114,44,120,59" hai3="109,14,31,40,36,30,35,101,10,124,92,26,28"/><W7/><G124/><T20/><D131/><U106/><E106/><V15/><F1/><W95/><G109/><T11/><D115/><U105/><E105/><V127/><F114/><W118/><G118/><T65/><D103/><U107/><E107/><V32/><F74/><W17/><G36/><T76/><D76/><U5/><E110/><V134/><F32/><W100/><G40/><T116/><D116/><U126/><E126/><V52/><F127/><W0/><G95/><T67/><D20/><U66/><E53/><V69/><F134/><W93/><G92/><T111/><D111/><U90/><E90/><V108/><F108/><W91/><G101/><T129/><D129/><U81/><E84/><V82/><F120/><W96/><REACH who="3" step="1"/><G100/><REACH who="3" ten="107,282,354,247" step="2"/><T70/><REACH who="0" step="1"/><D9/><AGARI ba="1,1" hai="0,7,9,10,14,17,26,28,30,31,35,91,93,96" machi="9" ten="30,11600,0" yaku="1,1,2,1,7,1,52,1,53,0" doraHai="34" doraHaiUra="19" who="3" fromWho="0" sc="107,-119,282,0,354,0,247,129" owari="-12,-51.2,282,-11.8,354,15.4,376,47.6" /></mjloggm>