<mjloggm ver="2.3"><GO type="225" lobby="0"/><UN n0="%E6%B8%A9%E2%98%85%E6%83%85%E2%98%85%E6%8E%AA%E2%98%85%E7%BD%AE" n1="%E3%83%94%E3%83%B3%E3%82%B5%E3%83%AD%E5%BA%97%E5%93%A1" n2="%72%61%6B%33" n3="%4C%4F%4C%49%54%41" dan="18,16,16,16" rate="2255.17,2186.91,2096.97,2137.48" sx="M,M,M,F"/><TAIKYOKU oya="0"/><INIT seed="0,0,0,1,5,69" ten="250,250,250,250" oya="0" hai0="67,112,88,100,123,105,70,50,10,49,113,84,131" hai1="95,86,40,91,126,30,36,106,117,85,121,59,118" hai2="0,96,53,17,25,79,39,104,28,13,62,34,77" hai3="110,8,129,9,71,83,5,24,65,78,133,128,21"/><T98/><D123/><U42/><E121/><V68/><F0/><W31/><G110/><T76/><D131/><N who="3" m="50249" /><G133/><T18/><D76/><U47/><E106/><V32/><F32/><W102/><G102/><T92/><D67/><U75/><E75/><V66/><F53/><W82/><G5/><T26/><D70/><U115/><E126/><V124/><F39/><W80/><G78/><T103/><D103/><U52/><E42/><V120/><F124/><W125/><G125/><T20/><REACH who="0" step="1"/><D10/><REACH who="0" ten="240,250,250,250" step="2"/><U93/><E115/><AGARI ba="0,1" hai="18,20,26,49,50,84,88,92,98,100,105,112,113,115" machi="115" ten="40,7700,0" yaku="1,1,2,1,54,1,53,0" doraHai="69" doraHaiUra="55" who="0" fromWho="1" sc="240,87,250,-77,250,0,250,0" /><INIT seed="0,1,0,5,2,90" ten="327,173,250,250" oya="0" hai0="29,125,61,38,20,133,113,48,43,83,4,68,59" hai1="45,87,132,34,92,78,63,11,96,44,111,33,76" hai2="46,106,84,102,116,108,70,107,114,1,2,41,5" hai3="28,14,16,47,27,13,134,74,73,122,56,129,79"/><T100/><D113/><U23/><E111/><V115/><F108/><W64/><G129/><T101/><D133/><U112/><E132/><V109/><F109/><W53/><G134/><T82/><D125/><U21/><E112/><V118/><F84/><W135/><G135/><T89/><D38/><U123/><E123/><V62/><F115/><W19/><G122/><T126/><D68/><U60/><E87/><V127/><F127/><W69/><G47/><N who="0" m="25727" /><D4/><U104/><E11/><V0/><F5/><W85/><G64/><N who="0" m="38975" /><D89/><U94/><REACH who="1" step="1"/><E96/><REACH who="1" ten="327,163,250,250" step="2"/><V17/><F114/><W9/><G85/><T3/><D126/><U58/><E58/><V10/><F10/><W65/><G56/><T72/><D72/><U50/><E50/><V12/><F70/><W26/><G69/><T93/><D83/><U81/><E81/><V130/><F130/><W91/><G9/><T121/><D82/><U97/><E97/><V86/><F86/><W8/><G8/><T55/><D121/><U18/><E18/><V110/><F110/><W35/><G16/><T39/><D39/><U25/><E25/><V103/><F17/><W117/><G19/><T30/><D3/><U105/><AGARI ba="1,1" hai="21,23,33,34,44,45,60,63,76,78,92,94,104,105" machi="105" ten="25,12000,2" yaku="1,1,0,1,22,2,52,2,53,0" doraHai="90" doraHaiUra="37" who="1" fromWho="1" sc="327,-61,163,133,250,-31,250,-31" /><INIT seed="1,0,0,0,5,110" ten="266,296,219,219" oya="1" hai0="3,22,76,14,10,2,68,61,111,133,25,81,92" hai1="103,77,98,74,31,26,5,120,108,16,39,47,107" hai2="0,18,80,62,86,13,9,89,102,70,84,123,34" hai3="73,15,131,45,38,130,37,100,44,101,79,57,64"/><U32/><E120/><V82/><F123/><W42/><G15/><T6/><D111/><U51/><E108/><V54/><F34/><W124/><G124/><T55/><D133/><U99/><E39/><V59/><F0/><W35/><G35/><T129/><D129/><N who="3" m="49161" /><G79/><T21/><D92/><U63/><E5/><V116/><F116/><W66/><G73/><T69/><D22/><U126/><E126/><V106/><F70/><W93/><G93/><T53/><D3/><U119/><E119/><V94/><F106/><W128/><N who="3" m="49169" /><W17/><DORA hai="48" /><G17/><T60/><D60/><U83/><E98/><V134/><F134/><W87/><G87/><T28/><D2/><U23/><E63/><V72/><F72/><W85/><G85/><T97/><D97/><U95/><E107/><V114/><F114/><W88/><G88/><T58/><D55/><U105/><E105/><V4/><F102/><N who="3" m="39531" /><G57/><T7/><D7/><U118/><E118/><V30/><F30/><W104/><G104/><T41/><D69/><U56/><E56/><V91/><F4/><W19/><G19/><T36/><D68/><U1/><E1/><V75/><F75/><W24/><G24/><T27/><D27/><U113/><E113/><V127/><F127/><W11/><G11/><T78/><REACH who="0" step="1"/><D81/><AGARI ba="0,0" hai="9,13,18,54,59,62,80,81,82,84,86,89,91,94" machi="81" ten="30,3900,0" yaku="7,1,8,1,52,1" doraHai="110,48" who="2" fromWho="0" sc="266,-39,296,0,219,39,219,0" /><INIT seed="2,0,0,3,2,33" ten="227,296,258,219" oya="2" hai0="112,4,62,41,84,91,36,90,40,77,61,97,42" hai1="48,87,126,60,92,29,28,55,132,57,43,73,130" hai2="31,108,24,79,10,39,44,78,70,27,8,58,51" hai3="119,15,68,83,124,80,103,89,69,22,14,38,102"/><V109/><F70/><W46/><G119/><T16/><D36/><U117/><E73/><V94/><F58/><W66/><G38/><T19/><D112/><U6/><E117/><V93/><F39/><W26/><G46/><T53/><D4/><U75/><E75/><V47/><REACH who="2" step="1"/><F31/><REACH who="2" ten="227,296,248,219" step="2"/><W74/><G68/><T106/><D62/><U71/><E29/><V7/><F7/><W134/><G69/><T76/><D61/><U99/><E28/><V98/><F98/><W32/><G134/><T45/><D97/><U3/><E99/><V1/><F1/><W104/><G124/><T116/><D116/><U72/><E6/><V34/><F34/><W2/><G32/><T63/><D63/><U101/><E3/><V50/><AGARI ba="0,1" hai="8,10,24,27,44,47,50,51,78,79,93,94,108,109" machi="50" ten="25,9600,0" yaku="1,1,0,1,22,2,53,0" doraHai="33" doraHaiUra="49" who="2" fromWho="2" sc="227,-32,296,-32,248,106,219,-32" /><INIT seed="2,1,0,5,4,31" ten="195,264,354,187" oya="2" hai0="51,63,108,49,62,65,132,43,69,48,70,76,91" hai1="97,26,128,79,126,67,107,22,41,99,96,82,106" hai2="84,30,112,78,60,92,39,83,45,72,98,125,130" hai3="35,11,118,129,53,105,0,10,56,80,14,120,94"/><V6/><F112/><W114/><G105/><T109/><D76/><U42/><E128/><V55/><F125/><W122/><G118/><T33/><D91/><U9/><E126/><V87/><F130/><W110/><G129/><T131/><D131/><U73/><E67/><V127/><F127/><W57/><G110/><N who="0" m="42603" /><D33/><U28/><REACH who="1" step="1"/><E9/><REACH who="1" ten="195,254,354,187" step="2"/><V133/><F133/><W116/><G11/><T75/><D132/><U24/><E24/><V17/><F39/><W37/><G37/><T23/><D23/><U32/><E32/><V54/><F54/><W4/><G35/><T52/><D75/><U7/><E7/><V50/><F6/><W119/><G53/><T68/><D43/><AGARI ba="1,1" hai="22,26,28,41,42,43,73,79,82,96,97,99,106,107" machi="43" ten="40,1300,0" yaku="1,1,53,0" doraHai="31" doraHaiUra="47" who="1" fromWho="0" sc="195,-16,254,26,354,0,187,0" /><INIT seed="3,0,0,3,2,94" ten="179,280,354,187" oya="3" hai0="118,10,98,53,114,14,68,105,133,26,35,115,90" hai1="5,89,29,33,80,128,45,77,12,125,93,75,92" hai2="16,127,95,9,91,109,13,64,106,134,4,60,122" hai3="107,59,24,130,70,121,58,40,46,2,19,15,31"/><W117/><G117/><T43/><D118/><U112/><E112/><N who="0" m="43049" /><D133/><U1/><E1/><V100/><F134/><W99/><G121/><T123/><D123/><U49/><E128/><V44/><F109/><W17/><G70/><T22/><D68/><U97/><E125/><V78/><F127/><W48/><G2/><T56/><D43/><U129/><E129/><V7/><F78/><W6/><G6/><N who="0" m="3415" /><D35/><U32/><E29/><V25/><F122/><W47/><G130/><T131/><D131/><U27/><E27/><V86/><F44/><W108/><G108/><T8/><D8/><U0/><E0/><V103/><F106/><W101/><G47/><T36/><D36/><U135/><E135/><V34/><F34/><W111/><G111/><T37/><D37/><U84/><E12/><V30/><F30/><W21/><REACH who="3" step="1"/><G17/><REACH who="3" ten="179,280,354,177" step="2"/><N who="0" m="12623" /><D105/><U65/><E5/><V20/><F4/><W42/><G42/><T83/><D98/><U3/><E3/><V87/><F87/><W39/><G39/><T72/><D72/><U55/><E75/><V96/><F86/><W116/><G116/><T28/><D28/><U124/><E124/><V79/><F79/><W67/><G67/><T74/><D74/><U23/><E65/><V52/><F52/><W82/><G82/><T104/><D104/><U71/><E71/><AGARI ba="0,1" hai="7,9,13,16,20,25,60,64,71,91,95,96,100,103" machi="71" ten="30,3900,0" yaku="7,1,52,1,54,1" doraHai="94" who="2" fromWho="1" sc="179,0,280,-39,354,49,177,0" owari="179,-22.1,241,4.1,403,50.3,177,-32.3" /></mjloggm>