<mjloggm ver="2.3"><GO type="225" lobby="0"/><UN n0="%E3%81%82%E3%83%BC%E3%81%97" n1="%E5%B8%86%E7%AB%8B%E5%A4%8F%E8%A1%A3" n2="%E3%83%A9%E3%83%96%E3%83%AC%E3%83%BC" n3="%72%69%6F%75%63%68%61%6E" dan="16,17,18,17" rate="2078.53,2160.49,2269.18,2269.30" sx="M,M,M,M"/><TAIKYOKU oya="0"/><INIT seed="0,0,0,0,4,134" ten="250,250,250,250" oya="0" hai0="3,17,67,56,83,24,31,12,78,9,55,120,132" hai1="52,135,110,92,38,71,126,116,4,32,114,129,111" hai2="79,57,16,74,22,107,64,43,101,119,27,122,1" hai3="76,18,91,87,44,2,25,94,33,68,61,39,40"/><T97/><D120/><U72/><RYUUKYOKU type="yao9" ba="0,0" sc="250,0,250,0,250,0,250,0" hai1="4,32,38,52,71,72,92,110,111,114,116,126,129,135" /><INIT seed="0,1,0,2,2,6" ten="250,250,250,250" oya="0" hai0="94,123,69,73,32,0,72,47,130,78,109,43,102" hai1="61,71,104,128,134,20,110,46,62,99,83,64,60" hai2="4,37,22,93,88,1,89,39,127,96,28,18,85" hai3="23,103,77,84,48,30,26,56,25,126,68,59,125"/><T70/><D123/><U119/><E110/><V34/><F34/><W16/><G68/><T117/><D117/><U17/><E128/><V29/><F127/><N who="3" m="48651" /><G103/><T74/><D32/><U86/><E134/><V105/><F105/><W76/><G84/><T12/><D78/><N who="3" m="30313" /><G48/><T87/><D0/><U122/><E122/><V24/><F39/><W79/><N who="3" m="30321" /><W36/><DORA hai="45" /><G36/><T116/><D116/><U35/><E86/><V113/><F113/><W65/><G65/><T100/><D130/><U121/><E64/><V112/><F37/><W98/><G98/><T120/><D120/><U13/><E99/><V42/><F42/><W66/><G66/><T81/><D109/><U91/><E71/><V14/><F1/><W80/><G80/><T41/><D41/><U31/><E83/><N who="2" m="49215" /><F112/><W15/><G26/><T115/><D115/><U54/><E119/><V92/><F93/><W129/><G129/><T63/><D63/><U58/><E62/><V52/><F52/><W67/><G67/><T97/><D102/><U108/><E61/><V55/><F55/><W7/><G7/><T101/><D100/><U38/><E38/><V111/><F111/><W2/><G2/><T21/><D87/><U5/><E108/><V50/><F50/><W95/><G95/><T135/><D81/><U114/><E121/><V131/><F131/><W82/><G82/><T8/><D70/><U75/><E114/><V57/><F57/><W107/><G107/><T11/><D69/><U40/><E104/><V9/><AGARI ba="1,0" hai="4,9,14,18,22,24,28,29,89,92,96" m="49215" machi="9" ten="30,4000,0" yaku="8,1,52,1,54,1" doraHai="6,45" who="2" fromWho="2" sc="250,-21,250,-11,250,43,250,-11" /><INIT seed="1,0,0,3,1,130" ten="229,239,293,239" oya="1" hai0="49,37,123,9,5,96,79,15,40,18,36,11,94" hai1="70,28,57,95,129,44,132,126,29,46,111,14,43" hai2="117,118,98,17,116,74,7,22,51,10,108,52,89" hai3="63,62,60,2,128,27,135,106,83,76,103,121,24"/><U119/><E119/><V0/><F74/><W30/><G135/><T53/><D123/><U80/><E132/><V109/><F98/><W82/><G128/><T47/><D79/><U127/><E70/><V92/><F92/><W104/><G121/><T101/><REACH who="0" step="1"/><D40/><REACH who="0" ten="219,239,293,239" step="2"/><U20/><E43/><V112/><F118/><W1/><G76/><T97/><D97/><U38/><E129/><V26/><F117/><W84/><G84/><T61/><D61/><U25/><E126/><V55/><F116/><W110/><G110/><T42/><D42/><U120/><E127/><V35/><F109/><W32/><G103/><T65/><D65/><U4/><E111/><V39/><F108/><W78/><G78/><T113/><D113/><U12/><E120/><V107/><F112/><W131/><G131/><T19/><D19/><U73/><E73/><V33/><F17/><W64/><G64/><T81/><D81/><N who="3" m="30729" /><G30/><T31/><D31/><U88/><E29/><V59/><F35/><W16/><G32/><T114/><D114/><U93/><E80/><V23/><F33/><W75/><G16/><T100/><D100/><U115/><E115/><V87/><F87/><W102/><G75/><T48/><D48/><U72/><E72/><V122/><F51/><W91/><G91/><T67/><D67/><U45/><E88/><V50/><F89/><W8/><G102/><T133/><D133/><U125/><E125/><V99/><F99/><W86/><G86/><T69/><D69/><U6/><E93/><V58/><F122/><W41/><G41/><T34/><D34/><U13/><E95/><RYUUKYOKU ba="0,1" sc="219,30,239,-10,293,-10,239,-10" hai0="5,9,11,15,18,36,37,47,49,53,94,96,101" /><INIT seed="2,1,1,0,0,39" ten="249,229,283,229" oya="2" hai0="72,117,121,120,82,14,50,54,60,59,125,9,31" hai1="77,2,6,90,49,17,109,20,0,35,26,74,116" hai2="5,18,41,71,25,42,53,132,70,110,99,118,75" hai3="97,16,30,55,10,48,101,94,93,65,85,24,100"/><V106/><F118/><W68/><G68/><T135/><D117/><U12/><E116/><V7/><F75/><W67/><G10/><T80/><D31/><N who="1" m="19959" /><E109/><V86/><F86/><W84/><G16/><N who="0" m="8271" /><D72/><U11/><E2/><V28/><F18/><W107/><G107/><T102/><D102/><U13/><E13/><V92/><F106/><W62/><G101/><T133/><D60/><U58/><E90/><V51/><F71/><W46/><G93/><T98/><D98/><U108/><E108/><V3/><F70/><W19/><G19/><T95/><D95/><U124/><E124/><V1/><F1/><W37/><G37/><T32/><D32/><U81/><E58/><V38/><F38/><W88/><G62/><T45/><D59/><U56/><E56/><N who="2" m="32831" /><F132/><N who="0" m="50762" /><D125/><U34/><E34/><V89/><F110/><W29/><G84/><T83/><AGARI ba="1,1" hai="45,50,54,80,82,83,120,121" m="50762,8271" machi="83" ten="30,2000,0" yaku="20,1,54,1" doraHai="39" who="0" fromWho="0" sc="249,33,229,-6,283,-11,229,-6" /><INIT seed="3,0,0,1,2,119" ten="282,223,272,223" oya="3" hai0="132,55,74,130,95,134,77,115,18,28,114,42,44" hai1="20,19,124,31,73,128,104,102,79,60,22,61,46" hai2="34,129,3,92,111,103,81,80,126,63,120,110,94" hai3="2,127,109,67,71,106,49,48,50,56,51,52,35"/><W107/><G2/><T88/><D28/><U100/><E124/><V25/><F3/><W38/><G35/><T12/><D55/><U14/><E128/><V6/><F6/><W70/><G127/><T24/><D24/><N who="1" m="16775" /><E73/><V43/><F43/><W131/><G107/><T21/><D130/><U125/><E104/><V116/><F116/><W11/><G106/><T13/><D13/><N who="1" m="9583" /><E125/><V53/><F25/><W10/><G131/><T58/><D58/><U72/><E72/><V4/><F4/><W39/><G10/><T64/><D64/><U66/><E79/><V0/><F0/><W75/><G11/><T15/><D15/><U99/><E46/><V30/><F30/><W9/><G9/><T118/><D118/><U91/><E14/><V97/><F34/><W93/><G93/><T122/><D122/><U113/><E113/><N who="0" m="43017" /><D77/><U16/><E16/><V96/><F129/><W45/><G75/><T89/><D74/><U86/><E99/><V112/><F112/><W78/><G78/><T54/><D54/><U87/><E87/><V90/><F126/><W7/><G7/><T84/><D89/><U85/><E85/><V98/><F97/><W62/><G109/><N who="2" m="41481" /><F120/><W117/><G117/><T65/><D65/><U108/><E108/><V47/><F47/><W68/><AGARI ba="0,0" hai="38,39,45,48,49,50,51,52,56,62,67,68,70,71" machi="68" ten="40,24000,3" yaku="0,1,35,6,54,1" doraHai="119" who="3" fromWho="3" sc="282,-80,223,-80,272,-80,223,240" owari="202,0.2,143,-35.7,192,-20.8,463,56.3" /></mjloggm>