<mjloggm ver="2.3"><GO type="225" lobby="0"/><UN n0="%E3%81%93%E3%81%8F%E3%82%89%E3%82%AB%E3%83%90%E8%94%B5" n1="%73%69%72%6F%75%74" n2="%E6%A1%9C%E8%8A%B1%E9%96%83%E3%80%85" n3="%E3%83%A9%E3%83%B3%E3%83%8A%E3%83%BC%E3%83%A9%E3%83%B3%E3%83%8A%E3%83%BC" dan="17,16,18,17" rate="2145.76,2145.95,2242.19,2177.75" sx="M,M,M,M"/><TAIKYOKU oya="0"/><INIT seed="0,0,0,4,4,80" ten="250,250,250,250" oya="0" hai0="76,86,31,30,55,125,89,1,104,105,43,50,74" hai1="23,4,69,123,102,20,47,34,12,33,107,28,2" hai2="129,108,54,3,61,88,17,96,109,5,119,72,66" hai3="46,91,35,90,40,100,27,68,0,126,111,73,81"/><T38/><D1/><U25/><E47/><V133/><F72/><W63/><G111/><N who="2" m="42569" /><F133/><W44/><G126/><T75/><D125/><U117/><E69/><V99/><F129/><W9/><G100/><T21/><D43/><U53/><E53/><V6/><F119/><W60/><G68/><T71/><D38/><U70/><E70/><N who="2" m="42319" /><F3/><W19/><G0/><T10/><D10/><N who="1" m="2327" /><E102/><V135/><F135/><W127/><G127/><T131/><D71/><U64/><E64/><V62/><F17/><W29/><G73/><T79/><D131/><U36/><E36/><V87/><F5/><W124/><G124/><T130/><D130/><U85/><E107/><V56/><F6/><W45/><G40/><T67/><D67/><U41/><E41/><V95/><AGARI ba="0,0" hai="54,56,62,87,88,95,96,99" m="42319,42569" machi="95" ten="30,4000,0" yaku="14,1,52,1,54,1" doraHai="80" who="2" fromWho="2" sc="250,-20,250,-10,250,40,250,-10" /><INIT seed="1,0,0,1,4,10" ten="230,240,290,240" oya="1" hai0="4,105,89,22,93,99,118,52,57,79,27,66,90" hai1="81,68,47,69,49,96,65,130,23,92,75,13,135" hai2="95,127,39,111,123,60,36,119,120,3,125,34,30" hai3="53,122,25,29,104,32,133,106,97,126,44,15,78"/><U100/><E130/><V48/><F95/><W109/><G122/><T86/><D118/><U55/><E135/><V2/><F48/><W50/><G109/><T72/><D72/><U59/><E75/><V117/><F60/><W102/><G133/><T21/><D66/><U33/><E33/><V74/><F30/><W103/><G126/><N who="2" m="48137" /><F34/><W58/><G78/><T6/><D79/><U128/><E128/><V24/><F24/><W54/><G103/><T98/><D105/><U77/><E65/><V38/><F74/><W56/><G106/><T67/><D67/><U91/><E68/><V46/><F46/><W134/><G134/><T63/><D98/><U76/><E47/><V14/><F14/><W37/><G37/><T88/><D22/><U42/><E42/><V31/><F31/><W83/><G83/><T62/><D63/><U28/><E28/><V43/><F43/><W20/><REACH who="3" step="1"/><G54/><REACH who="3" ten="230,240,290,230" step="2"/><T11/><D90/><U115/><E91/><V110/><F123/><W17/><AGARI ba="0,1" hai="15,17,20,25,29,32,44,50,53,56,58,97,102,104" machi="17" ten="30,8000,1" yaku="1,1,2,1,0,1,52,1,53,1" doraHai="10" doraHaiUra="8" who="3" fromWho="3" sc="230,-20,240,-40,290,-20,230,90" /><INIT seed="2,0,0,5,0,60" ten="210,200,270,320" oya="2" hai0="31,68,48,85,26,66,58,40,21,122,47,100,114" hai1="82,125,103,69,39,16,41,24,88,98,6,65,53" hai2="36,79,87,131,38,59,112,64,104,56,108,130,115" hai3="35,7,106,80,54,92,132,102,109,30,70,71,96"/><V3/><F3/><W124/><G109/><T4/><D114/><N who="2" m="43562" /><F104/><W44/><G132/><T57/><D122/><U81/><E39/><N who="2" m="14891" /><F87/><W42/><G124/><T75/><D75/><U28/><E41/><V17/><F17/><W97/><G7/><T107/><D4/><U11/><E53/><V89/><F89/><W51/><G80/><T117/><D117/><U91/><E81/><V52/><F79/><W83/><G83/><T77/><D107/><N who="1" m="63991" /><E82/><V1/><F1/><W134/><G134/><T50/><D77/><U45/><E45/><V18/><F18/><W63/><G63/><N who="0" m="38255" /><D68/><U74/><E69/><V93/><F93/><W133/><G133/><T33/><D33/><U72/><E72/><V37/><F37/><W13/><G71/><T67/><D100/><U12/><E74/><V84/><F84/><W135/><G70/><T22/><D85/><U121/><E121/><V116/><F116/><W5/><G35/><T99/><D99/><N who="3" m="37961" /><G102/><T34/><D34/><U129/><E6/><V111/><F64/><W20/><G106/><T128/><D67/><U94/><E65/><V10/><F10/><W32/><G32/><T86/><D86/><U46/><E91/><V15/><F15/><W43/><G135/><T2/><D2/><U120/><E120/><V29/><F29/><W14/><G13/><T23/><D31/><U90/><E90/><V61/><F59/><W95/><G14/><T0/><D0/><U118/><E118/><V19/><F19/><W78/><G78/><T25/><D25/><U55/><E24/><V119/><F119/><W123/><G123/><RYUUKYOKU ba="0,0" sc="210,-10,200,-10,270,30,320,-10" hai2="52,56,61,108,111,130,131" /><INIT seed="2,1,0,0,4,56" ten="200,190,300,310" oya="2" hai0="125,68,9,98,71,96,124,76,33,110,89,66,114" hai1="7,30,90,2,74,122,91,82,54,55,32,103,8" hai2="115,81,4,25,44,50,109,95,22,40,106,65,14" hai3="105,92,73,104,51,129,78,42,19,131,3,93,113"/><V41/><F115/><W61/><G3/><T133/><D114/><U31/><E103/><V121/><F121/><W62/><G113/><T15/><D33/><U117/><E117/><V86/><F106/><W18/><G78/><T80/><D110/><U135/><E135/><V47/><F109/><W126/><G42/><T10/><D133/><U63/><E122/><V60/><F95/><W70/><G70/><N who="0" m="26667" /><D66/><U101/><E101/><V36/><F4/><W38/><G51/><T53/><D53/><U123/><E123/><V29/><F14/><W79/><G79/><T52/><D52/><U13/><E2/><V128/><F128/><W28/><G28/><N who="1" m="10794" /><E32/><V134/><F134/><W100/><G100/><T6/><D9/><U17/><E74/><V37/><F50/><W72/><REACH who="3" step="1"/><G126/><REACH who="3" ten="200,190,300,300" step="2"/><N who="0" m="48747" /><D89/><U112/><E91/><V64/><F60/><W20/><G20/><T85/><AGARI ba="1,1" hai="6,10,15,76,80,85,96,98" m="48747,26667" machi="85" ten="30,1100,0" yaku="18,1" doraHai="56" who="0" fromWho="0" sc="200,24,190,-4,300,-6,300,-4" /><INIT seed="3,0,0,1,2,121" ten="224,186,294,296" oya="3" hai0="32,118,88,114,123,120,63,89,131,18,74,26,65" hai1="27,113,6,101,77,21,86,72,13,79,103,106,94" hai2="11,12,22,93,53,99,49,4,111,91,45,90,98" hai3="28,36,126,23,76,124,109,48,0,20,112,122,1"/><W75/><G122/><T3/><D118/><U119/><E113/><V102/><F111/><W8/><G36/><T92/><D3/><U80/><E119/><V96/><F22/><W34/><G112/><T67/><D114/><U129/><E129/><V43/><F91/><W133/><G133/><T110/><D74/><U82/><E106/><V100/><F43/><W47/><G109/><T128/><D110/><U108/><E108/><V61/><F61/><W83/><G34/><T59/><D65/><U62/><E62/><V81/><F81/><W51/><G8/><T132/><D89/><U40/><E40/><V134/><F134/><W87/><G75/><T15/><D132/><U46/><E46/><V33/><F33/><W84/><G84/><AGARI ba="0,0" hai="4,11,12,45,49,53,84,90,93,96,98,99,100,102" machi="84" ten="40,1300,0" yaku="8,1" doraHai="121" who="2" fromWho="3" sc="224,0,186,0,294,13,296,-13" owari="224,-17.6,186,-31.4,307,40.7,283,8.3" /></mjloggm>