<mjloggm ver="2.3"><GO type="225" lobby="0"/><UN n0="%6D%75%75%6D%75%72%61" n1="%E3%81%BF%E3%81%BF%E3%81%9A" n2="%E5%84%AA%40%41%42%43" n3="%E6%B4%BE%E9%81%A3%E3%81%AE%E3%82%B8%E3%83%A3%E3%83%83%E3%82%AF" dan="16,16,17,17" rate="2112.91,2146.89,2188.52,2192.88" sx="F,M,M,M"/><TAIKYOKU oya="0"/><INIT seed="0,0,0,3,4,67" ten="250,250,250,250" oya="0" hai0="17,53,86,32,38,24,91,73,21,5,13,116,126" hai1="6,27,103,15,104,60,105,124,35,101,64,3,39" hai2="76,123,93,133,88,113,90,8,33,130,42,61,121" hai3="94,47,135,57,34,36,66,45,26,106,29,129,43"/><T50/><D116/><U96/><E124/><V120/><F33/><W102/><G129/><T68/><D126/><U115/><E15/><V72/><F113/><W125/><G125/><T56/><D38/><U70/><E115/><V28/><F28/><W81/><G135/><T65/><D73/><U1/><E6/><V59/><F130/><W110/><G110/><T0/><D0/><U97/><E39/><V7/><F133/><W2/><G2/><T44/><D44/><U112/><E112/><V122/><F42/><W18/><G47/><T55/><D55/><U58/><E58/><V16/><F16/><W22/><G81/><T118/><D118/><U111/><E111/><V19/><F19/><W99/><G106/><T30/><D5/><U100/><E100/><V134/><F134/><W79/><G79/><T74/><D74/><U71/><E71/><V87/><F90/><W117/><G117/><T107/><D107/><U89/><E89/><V20/><F20/><W51/><G36/><T128/><D128/><U75/><E75/><V31/><F31/><AGARI ba="0,0" hai="1,3,27,31,35,60,64,70,96,97,101,103,104,105" machi="31" ten="40,12000,2" yaku="9,1,25,2,33,3,52,1" doraHai="67" who="1" fromWho="2" sc="250,0,250,120,250,-120,250,0" /><INIT seed="1,0,0,0,1,84" ten="250,370,130,250" oya="1" hai0="75,38,66,25,88,8,4,94,49,23,44,95,17" hai1="54,35,26,50,104,62,70,68,114,111,132,86,14" hai2="12,13,67,15,29,119,52,113,33,131,18,77,79" hai3="6,43,30,64,120,80,69,93,32,63,41,133,34"/><U37/><E114/><V85/><F119/><W134/><G120/><T96/><D75/><U121/><E121/><V100/><F131/><W24/><G32/><T109/><D109/><U46/><E104/><V19/><F113/><W98/><G80/><T48/><D66/><U130/><E130/><V2/><F2/><W55/><G55/><T65/><D65/><U106/><E106/><V27/><F67/><W45/><G6/><T99/><D38/><U101/><E101/><V56/><F100/><W73/><G73/><T76/><D76/><U28/><E62/><V11/><F85/><W107/><G107/><T90/><D44/><U117/><E117/><V112/><F112/><W20/><G34/><T118/><D118/><U92/><E132/><N who="3" m="50794" /><G45/><T16/><D17/><U74/><E74/><V3/><F15/><AGARI ba="0,0" hai="4,8,15,16,23,25,48,49,88,90,94,95,96,99" machi="15" ten="30,12000,2" yaku="7,1,9,1,8,1,52,2,54,2" doraHai="84" who="0" fromWho="2" sc="250,120,370,0,130,-120,250,0" /><INIT seed="2,0,0,1,1,94" ten="370,370,10,250" oya="2" hai0="82,90,2,107,65,3,77,116,70,17,31,10,96" hai1="0,6,16,22,27,37,80,131,66,72,87,50,45" hai2="42,24,36,54,103,67,100,64,33,8,11,25,63" hai3="104,88,120,21,111,51,18,58,95,79,133,114,60"/><V23/><F33/><W73/><G120/><T15/><D116/><U40/><E131/><V113/><F113/><W91/><G111/><T55/><D31/><U132/><E132/><V69/><F36/><W118/><G104/><T49/><D65/><N who="2" m="25162" /><F42/><W130/><G118/><T83/><D70/><U43/><E66/><V35/><F35/><W62/><G130/><T119/><D119/><U135/><E135/><V102/><F69/><W4/><G4/><T108/><D108/><U76/><E87/><V129/><F129/><W109/><G109/><T81/><D77/><U52/><REACH who="1" step="1"/><E37/><REACH who="1" ten="370,360,10,250" step="2"/><V93/><F93/><W48/><G133/><T19/><D107/><U125/><E125/><V105/><F105/><W46/><G114/><T89/><D3/><U26/><E26/><N who="2" m="10347" /><F23/><W38/><G38/><T30/><D2/><U28/><E28/><V123/><F123/><W9/><G95/><N who="0" m="56431" /><D30/><U127/><E127/><V84/><F84/><W13/><G73/><T134/><D134/><U1/><E1/><V75/><F75/><W92/><G21/><T85/><D19/><U99/><E99/><V112/><F112/><W41/><G92/><T56/><AGARI ba="0,1" hai="10,15,17,49,55,56,81,82,83,85,90" m="56431" machi="56" ten="30,2000,0" yaku="8,1,52,1" doraHai="94" who="0" fromWho="0" sc="370,30,360,-5,10,-10,250,-5" /><INIT seed="3,0,0,0,0,20" ten="400,355,0,245" oya="3" hai0="23,4,133,0,61,63,81,115,104,25,126,57,65" hai1="108,14,10,3,48,94,132,123,43,98,39,135,54" hai2="40,134,106,24,105,71,121,95,91,31,5,101,56" hai3="88,97,19,68,64,129,58,86,59,87,67,127,1"/><W99/><G1/><T51/><D126/><U15/><E123/><V116/><F56/><W124/><G129/><T33/><D133/><U79/><E39/><V74/><F40/><W85/><G68/><T76/><D33/><U30/><E43/><V13/><F13/><W17/><REACH who="3" step="1"/><G86/><REACH who="3" ten="400,355,0,235" step="2"/><T35/><D0/><U49/><E3/><V46/><F5/><W62/><G62/><T130/><D61/><U75/><E132/><V70/><F134/><W26/><G26/><T44/><D25/><U111/><E135/><V38/><F116/><W29/><G29/><T8/><D4/><U45/><E30/><V113/><F121/><W7/><G7/><T41/><D63/><U120/><E120/><V119/><F119/><W42/><G42/><T16/><D16/><BYE who="0" /><N who="1" m="8279" /><E48/><V28/><F113/><W77/><G77/><T92/><D92/><U21/><E79/><V37/><F74/><W73/><G73/><T22/><D22/><U82/><E75/><V60/><F31/><W96/><G96/><T78/><D78/><U34/><E34/><N who="2" m="20743" /><F70/><UN n0="%6D%75%75%6D%75%72%61" /><W131/><G131/><T52/><D115/><U103/><E82/><V128/><F128/><W84/><G84/><T18/><D130/><U6/><E6/><V72/><F72/><W47/><G47/><T117/><D35/><U55/><E55/><V32/><F32/><W90/><AGARI ba="0,1" hai="17,19,58,59,64,67,85,87,88,90,97,99,124,127" machi="90" ten="25,12000,1" yaku="1,1,0,1,22,2,54,1,53,0" doraHai="20" doraHaiUra="100" who="3" fromWho="3" sc="400,-40,355,-40,0,-40,235,130" owari="360,16.0,315,-8.5,-40,-54.0,365,46.5" /></mjloggm>