<mjloggm ver="2.3"><GO type="225" lobby="0"/><UN n0="%E6%97%A5%E6%9B%9C%E6%97%A5%E3%82%88%E3%82%8A%E3%81%AE%E4%BD%BF%E8%80%85" n1="%E3%81%82%E3%81%99%E3%81%AB%E3%82%83%E3%82%80" n2="%72%61%6B%33" n3="%E6%80%AA%E3%81%97%E3%81%99%E3%81%8E%E3%82%8B%E3%83%81%E3%83%BC" dan="18,16,18,16" rate="2174.34,2128.99,2286.18,2159.73" sx="M,F,M,M"/><TAIKYOKU oya="0"/><INIT seed="0,0,0,5,0,95" ten="250,250,250,250" oya="0" hai0="70,33,41,102,96,91,15,124,7,94,132,11,22" hai1="116,82,99,13,112,23,52,90,26,56,128,130,120" hai2="110,65,66,92,36,64,0,30,63,12,109,51,47" hai3="31,18,133,134,14,104,27,72,119,114,106,108,40"/><T2/><D124/><U98/><E116/><V43/><F0/><W113/><G119/><T19/><D132/><N who="3" m="50793" /><G108/><N who="2" m="41577" /><F30/><W3/><G3/><T127/><D127/><U107/><E120/><V4/><F92/><W38/><G72/><T9/><D70/><U118/><E107/><N who="3" m="41002" /><G40/><T117/><D117/><U5/><E118/><V105/><F105/><W44/><G44/><T78/><D78/><U46/><E46/><N who="2" m="23911" /><F12/><W6/><G38/><T49/><D33/><U32/><E32/><V77/><F77/><W86/><G86/><T121/><D121/><U75/><E112/><V101/><F101/><W80/><G80/><T103/><D41/><U73/><E13/><V58/><F4/><W71/><G71/><T57/><REACH who="0" step="1"/><D11/><REACH who="0" ten="240,250,250,250" step="2"/><U42/><E42/><AGARI ba="0,1" hai="42,47,51,58,63,64,65,66" m="23911,41577" machi="42" ten="30,3900,0" yaku="14,1,34,2" doraHai="95" who="2" fromWho="1" sc="240,0,250,-39,250,49,250,0" /><INIT seed="1,0,0,5,3,116" ten="240,211,299,250" oya="1" hai0="97,106,60,74,6,16,12,84,99,41,8,117,70" hai1="75,114,52,49,86,111,1,10,120,135,57,80,76" hai2="128,24,4,21,5,45,38,23,130,51,17,34,81" hai3="63,29,19,22,105,11,94,66,26,115,39,91,110"/><U48/><E114/><V87/><F38/><W72/><G115/><T109/><D74/><U119/><E119/><V68/><F34/><W28/><G110/><T7/><D117/><U134/><E111/><V129/><F68/><W20/><G105/><T121/><D109/><U82/><E1/><V69/><F69/><W113/><G72/><T43/><D106/><U27/><E10/><V35/><F35/><W125/><G39/><T25/><D70/><U93/><E93/><V90/><REACH who="2" step="1"/><F21/><REACH who="2" ten="240,211,289,250" step="2"/><W64/><G113/><T62/><D121/><U73/><E120/><V124/><F124/><W44/><G22/><T78/><D6/><U122/><E122/><V31/><F31/><W85/><G125/><T14/><D7/><U46/><E27/><V58/><F58/><W9/><G28/><T89/><D25/><U88/><REACH who="1" step="1"/><E75/><REACH who="1" ten="240,201,289,250" step="2"/><V47/><F47/><W30/><G44/><T55/><D8/><U98/><E98/><V131/><N who="2" m="32768" /><DORA hai="13" /><V36/><F36/><W15/><G11/><T77/><D99/><U50/><E50/><V107/><F107/><W123/><G123/><T96/><D97/><U83/><E83/><V33/><F33/><W127/><G127/><T126/><D96/><U118/><E118/><V32/><F32/><W112/><G112/><T79/><D126/><U42/><AGARI ba="0,2" hai="42,46,48,49,52,57,73,76,80,82,86,88,134,135" machi="42" ten="30,11700,0" yaku="1,1,0,1,54,2,53,0" doraHai="116,13" doraHaiUra="132,18" who="1" fromWho="1" sc="240,-39,201,137,289,-39,250,-39" /><INIT seed="1,1,0,4,1,66" ten="201,338,250,211" oya="1" hai0="20,93,106,55,41,4,28,17,125,111,57,105,22" hai1="95,30,40,99,15,80,37,119,98,7,73,3,94" hai2="29,32,108,77,69,82,62,18,133,122,74,107,76" hai3="24,116,38,135,115,31,51,14,78,54,53,102,104"/><U68/><E119/><V26/><F108/><W88/><G38/><T48/><D111/><U34/><E30/><V52/><F122/><W13/><G115/><T71/><D71/><U25/><E34/><V110/><F110/><W87/><G116/><T39/><D4/><U63/><E25/><V64/><F133/><W16/><G135/><T75/><D75/><U124/><E15/><V92/><F107/><W117/><G117/><T131/><D41/><U70/><E63/><V97/><F77/><W85/><G78/><T118/><D39/><U50/><E50/><V45/><F18/><W134/><G102/><T120/><D118/><U19/><E19/><V72/><F72/><W43/><G104/><T61/><D28/><U21/><E21/><V130/><F130/><W126/><G126/><T79/><D79/><N who="1" m="44143" /><E124/><V81/><F81/><N who="3" m="49199" /><G134/><T0/><D0/><U65/><E65/><V10/><F10/><N who="3" m="6199" /><G87/><T83/><D125/><U127/><E95/><V86/><F74/><W46/><G14/><T90/><D131/><U49/><E49/><V60/><F76/><W109/><G109/><T27/><D120/><U96/><E94/><V59/><F92/><W12/><G12/><N who="0" m="9255" /><D83/><U35/><E127/><V121/><F82/><W101/><G101/><T128/><D128/><U1/><E1/><V56/><F121/><W2/><G2/><T100/><D100/><U6/><E35/><V113/><F32/><W8/><G8/><T47/><D93/><U44/><E7/><V91/><F86/><W129/><G129/><T36/><D106/><U103/><E103/><V114/><F114/><RYUUKYOKU ba="1,0" sc="201,-15,338,15,250,-15,211,15" hai1="3,6,37,40,44,68,70,96,98,99" hai3="24,31,43,46,51,53,54" /><INIT seed="1,2,0,5,2,17" ten="186,353,235,226" oya="1" hai0="56,55,19,7,0,120,126,108,52,130,54,48,8" hai1="42,66,68,129,1,109,50,20,123,121,70,128,125" hai2="116,124,107,37,58,96,11,25,89,122,77,74,13" hai3="85,81,79,18,67,134,22,64,32,63,71,10,43"/><U86/><E1/><V15/><F116/><W36/><G32/><T12/><D108/><U92/><E109/><V31/><F124/><W23/><G134/><T95/><D126/><U28/><E125/><V9/><F37/><W57/><G71/><T14/><D130/><N who="1" m="50283" /><E66/><V87/><F122/><N who="1" m="46601" /><E42/><V132/><F74/><W133/><G133/><T88/><D120/><U30/><E50/><V127/><F77/><W78/><G78/><T26/><D26/><N who="1" m="16455" /><E30/><V101/><F31/><W49/><G36/><T47/><D47/><U99/><E86/><V29/><F87/><W21/><G67/><T4/><D0/><U24/><E24/><V6/><F25/><N who="3" m="14519" /><G10/><N who="0" m="6551" /><D4/><U61/><E61/><V69/><F6/><W118/><G118/><T16/><D7/><U106/><E106/><V131/><F107/><W105/><G105/><T94/><D94/><U90/><AGARI ba="2,0" hai="68,70,90,92,99" m="16455,46601,50283" machi="90" ten="30,3000,0" yaku="19,1,52,1" doraHai="17" who="1" fromWho="1" sc="186,-12,353,36,235,-12,226,-12" /><INIT seed="1,3,0,1,2,71" ten="174,389,223,214" oya="1" hai0="6,89,82,79,18,126,20,0,26,14,40,30,3" hai1="59,120,131,55,94,105,10,86,34,39,11,22,69" hai2="43,114,101,44,132,52,135,104,36,24,121,35,115" hai3="87,95,107,32,15,66,29,91,58,134,31,127,4"/><U77/><E69/><V128/><F121/><W84/><G107/><T123/><D123/><U125/><E34/><V85/><F85/><W2/><G2/><T99/><D126/><U130/><E105/><V21/><F128/><N who="1" m="49193" /><E125/><V50/><F35/><W88/><G134/><N who="2" m="51241" /><F101/><W116/><G32/><T112/><D112/><N who="2" m="43050" /><F104/><W49/><G116/><T113/><D113/><U97/><E22/><V83/><F83/><N who="3" m="49183" /><G127/><T46/><D6/><U70/><E70/><V117/><F117/><W61/><G49/><T45/><D99/><U74/><E74/><V38/><F43/><W108/><G108/><T90/><D0/><U1/><E1/><V73/><F73/><W92/><G95/><T57/><D3/><U76/><E11/><AGARI ba="3,0" hai="4,11,15,29,31,58,61,66,87,91,92" m="49183" machi="11" ten="30,2000,0" yaku="8,1,54,1" doraHai="71" who="3" fromWho="1" sc="174,0,389,-29,223,0,214,29" /><INIT seed="2,0,0,4,3,23" ten="174,360,223,243" oya="2" hai0="22,119,11,117,44,79,50,105,98,113,62,57,123" hai1="97,135,65,130,27,30,42,7,93,127,77,36,25" hai2="46,56,115,128,70,51,48,15,91,6,59,24,10" hai3="45,86,100,83,118,68,131,114,49,134,72,107,99"/><V104/><F70/><W64/><G118/><T74/><D113/><U132/><E127/><V13/><F115/><W90/><G114/><T20/><D123/><U122/><E122/><V120/><F128/><W129/><G134/><N who="1" m="51242" /><E7/><V80/><F104/><W21/><G21/><T33/><D33/><U61/><E77/><V112/><F112/><W76/><G64/><T12/><D74/><U4/><E30/><V75/><F120/><W8/><G8/><T106/><D79/><U40/><E4/><V60/><F15/><W85/><G68/><T82/><D106/><U54/><E54/><V2/><F2/><W0/><G0/><T94/><D105/><U1/><E1/><V81/><F75/><W121/><G121/><T31/><D31/><U29/><E29/><V41/><F51/><W71/><G71/><T58/><D82/><U66/><E130/><N who="3" m="49674" /><G90/><T55/><D119/><U103/><E66/><V35/><F91/><W101/><G100/><T95/><D117/><U63/><E36/><V32/><F32/><W124/><G124/><T96/><D22/><U34/><E34/><V38/><F38/><W108/><G108/><T109/><D109/><U9/><E9/><V73/><F73/><W133/><G133/><T125/><D125/><U5/><E5/><V14/><F6/><W102/><G101/><N who="0" m="60567" /><D20/><U17/><E65/><V37/><F10/><W53/><AGARI ba="0,0" hai="45,49,53,72,76,83,85,86,99,102,107" m="49674" machi="53" ten="30,1100,0" yaku="19,1" doraHai="23" who="3" fromWho="3" sc="174,-3,360,-3,223,-5,243,11" /><INIT seed="3,0,0,0,1,82" ten="171,357,218,254" oya="3" hai0="47,48,5,17,72,27,109,46,117,106,0,42,75" hai1="96,57,97,55,44,40,37,15,16,13,89,28,84" hai2="99,3,130,56,85,8,74,121,66,92,114,101,63" hai3="98,88,26,35,133,31,33,135,129,132,105,61,126"/><W65/><G129/><T12/><D117/><U69/><E13/><V124/><F114/><W24/><G126/><T113/><D113/><U70/><E28/><V67/><F124/><W71/><G26/><T43/><D106/><U115/><E96/><V78/><F130/><W30/><G30/><T122/><D122/><U10/><E97/><V134/><F134/><W51/><G51/><T1/><D27/><U104/><E104/><V50/><F74/><W111/><G111/><T23/><D109/><U94/><E115/><V34/><F34/><N who="3" m="20839" /><G88/><T18/><D18/><U49/><AGARI ba="0,0" hai="10,15,16,37,40,44,49,55,57,69,70,84,89,94" machi="49" ten="20,5200,0" yaku="0,1,7,1,52,1,54,1" doraHai="82" who="1" fromWho="1" sc="171,-13,357,52,218,-13,254,-26" owari="158,-34.2,409,50.9,205,-19.5,228,2.8" /></mjloggm>