<mjloggm ver="2.3"><GO type="225" lobby="0"/><UN n0="%72%69%6F%75%63%68%61%6E" n1="%E6%9A%87%E4%BA%BA%EF%BC%A0%E9%85%8D%E4%BF%A1%E5%9E%A2" n2="%4E%49%4A%49%49%52%4F" n3="%E3%82%BC%E3%83%AB%E3%83%80%E3%81%AE%E4%BC%9D%E8%AA%AC" dan="17,17,16,16" rate="2153.68,2144.51,2238.23,2210.65" sx="M,F,M,M"/><TAIKYOKU oya="0"/><INIT seed="0,0,0,1,4,66" ten="250,250,250,250" oya="0" hai0="121,48,79,43,97,32,86,28,98,27,81,114,45" hai1="19,56,111,75,117,20,135,93,120,49,129,85,7" hai2="119,4,63,89,76,21,37,14,15,42,73,36,26" hai3="24,23,113,91,9,41,38,95,16,133,78,46,71"/><T101/><D114/><U104/><E117/><V53/><F119/><W60/><G133/><T125/><D125/><U47/><E120/><V123/><F123/><W40/><G113/><T80/><D121/><U116/><E116/><V88/><F73/><W30/><G41/><T100/><REACH who="0" step="1"/><D80/><REACH who="0" ten="240,250,250,250" step="2"/><U72/><E129/><V5/><F36/><W68/><G78/><T10/><D10/><U18/><E135/><V87/><F76/><W65/><G9/><T99/><AGARI ba="0,1" hai="27,28,32,43,45,48,79,81,86,97,98,99,100,101" machi="99" ten="30,3000,0" yaku="1,1,0,1,53,0" doraHai="66" doraHaiUra="107" who="0" fromWho="0" sc="240,40,250,-10,250,-10,250,-10" /><INIT seed="0,1,0,5,5,75" ten="280,240,240,240" oya="0" hai0="48,66,43,67,107,33,65,125,94,17,118,132,72" hai1="40,77,129,2,133,36,41,85,114,113,104,8,47" hai2="83,12,30,23,24,86,109,59,116,70,50,74,4" hai3="80,112,6,37,89,100,106,81,68,18,58,102,128"/><T98/><D125/><U39/><E104/><V130/><F70/><W54/><G112/><N who="1" m="43114" /><E129/><V97/><F130/><W28/><G68/><T99/><D132/><U19/><E133/><V34/><F74/><W87/><G128/><T21/><D118/><U52/><E52/><N who="2" m="32151" /><F109/><W49/><G37/><N who="1" m="14410" /><E47/><V95/><F34/><W46/><G28/><T76/><D33/><U20/><E8/><N who="2" m="4103" /><F116/><W14/><G6/><T61/><D107/><U120/><E2/><V73/><F73/><W124/><G124/><T57/><D99/><U56/><E56/><V111/><F111/><W64/><G106/><T60/><D43/><U96/><E96/><V63/><F63/><N who="3" m="38007" /><G81/><T29/><D29/><U115/><E120/><V45/><F45/><W22/><AGARI ba="1,0" hai="14,18,22,46,49,54,80,87,89,100,102" m="38007" machi="22" ten="30,1100,0" yaku="8,1" doraHai="75" who="3" fromWho="3" sc="280,-6,240,-4,240,-4,240,14" /><INIT seed="1,0,0,2,1,11" ten="274,236,236,254" oya="1" hai0="75,111,93,13,79,74,53,0,25,54,96,68,88" hai1="116,112,51,97,109,134,34,92,119,35,30,71,37" hai2="103,85,77,102,125,107,123,65,105,16,128,130,132" hai3="49,91,82,44,28,19,87,115,3,124,48,29,59"/><U15/><E112/><V104/><F123/><W135/><G115/><T67/><D0/><U7/><E37/><V32/><F32/><W129/><G3/><T121/><D121/><U17/><E7/><V2/><F2/><W64/><G124/><T73/><D79/><U6/><E6/><V10/><F65/><W81/><G135/><T110/><D25/><U99/><E71/><V55/><F132/><W108/><G108/><N who="0" m="41515" /><D13/><U12/><E134/><V39/><F39/><W78/><G129/><N who="2" m="49769" /><F55/><N who="0" m="21002" /><D67/><U52/><E109/><V33/><F33/><W22/><G29/><T100/><D68/><U26/><E35/><V80/><F125/><W18/><G28/><T72/><N who="0" m="18432" /><DORA hai="57" /><T43/><D43/><U21/><E15/><AGARI ba="0,0" hai="10,15,16,77,80,85,102,103,104,105,107" m="49769" machi="15" ten="40,5200,0" yaku="19,1,52,1,54,1" doraHai="11,57" who="2" fromWho="1" sc="274,0,236,-52,236,52,254,0" /><INIT seed="2,0,0,2,4,51" ten="274,184,288,254" oya="2" hai0="103,130,108,60,37,87,54,126,116,63,7,75,134" hai1="123,6,84,111,99,62,56,70,79,83,76,0,40" hai2="21,128,73,71,59,113,66,86,109,24,5,64,25" hai3="11,27,33,90,92,14,61,100,16,98,57,89,112"/><V42/><F73/><W22/><G33/><T132/><D75/><U117/><E117/><V20/><F71/><W55/><REACH who="3" step="1"/><G112/><REACH who="3" ten="274,184,288,244" step="2"/><T110/><D116/><U10/><E123/><V93/><F113/><W52/><G52/><T39/><D54/><U119/><E119/><V81/><F64/><W78/><G78/><T18/><D126/><U101/><E111/><V9/><F109/><W48/><G48/><T8/><D108/><U104/><E40/><V53/><F42/><W49/><G49/><T17/><D110/><U74/><E70/><V114/><F66/><W69/><G69/><T58/><D39/><U129/><E129/><V3/><F128/><W107/><G107/><T32/><D37/><U82/><E74/><V4/><F114/><W67/><G67/><N who="0" m="39319" /><D32/><U120/><E120/><V31/><F53/><W65/><G65/><T125/><D125/><U44/><E62/><V41/><F41/><W35/><G35/><T34/><D34/><U30/><E56/><V36/><F59/><W2/><G2/><T95/><D63/><U133/><E44/><V118/><F36/><W46/><G46/><T105/><D105/><U12/><E133/><V43/><F43/><W121/><G121/><T115/><D115/><U23/><E76/><V122/><F122/><W45/><G45/><T68/><D68/><U80/><REACH who="1" step="1"/><E0/><REACH who="1" ten="274,174,288,244" step="2"/><V19/><F118/><W96/><G96/><N who="0" m="59807" /><D130/><U88/><E88/><V127/><F3/><W97/><G97/><T91/><D132/><U15/><E15/><V28/><F127/><W38/><G38/><T1/><D134/><U102/><E102/><RYUUKYOKU ba="0,2" sc="274,10,174,10,288,-30,244,10" hai0="1,7,8,17,18,87,91" hai1="6,10,12,23,30,79,80,82,83,84,99,101,104" hai3="11,14,16,22,27,55,57,61,89,90,92,98,100" /><INIT seed="3,1,2,1,4,51" ten="284,184,258,254" oya="3" hai0="4,133,22,32,54,61,103,74,57,95,82,75,38" hai1="98,49,40,16,122,66,60,72,17,71,128,45,46" hai2="59,79,77,70,25,33,97,101,14,80,0,67,13" hai3="118,42,109,55,106,48,65,90,20,87,102,34,113"/><W123/><G113/><T8/><D32/><U119/><E122/><V114/><F0/><W134/><G118/><T12/><D38/><U121/><E121/><V89/><F114/><W39/><G34/><T120/><D120/><U110/><E119/><V131/><F131/><W104/><G123/><T63/><D133/><U111/><E128/><V107/><F89/><W73/><G73/><T88/><D103/><U18/><E72/><V78/><F80/><W100/><G134/><T6/><D82/><U5/><E5/><N who="0" m="2153" /><D75/><U81/><E81/><V124/><F59/><W85/><G65/><T83/><D83/><U29/><E29/><N who="2" m="19631" /><F124/><W58/><G109/><N who="1" m="41482" /><E98/><V64/><F64/><W127/><G127/><T3/><D3/><U28/><E28/><V108/><F108/><W117/><G117/><T96/><D74/><U10/><E46/><V21/><F21/><W31/><G20/><T86/><D22/><U27/><E27/><V15/><F15/><AGARI ba="1,2" hai="10,15,16,17,18,40,45,49,60,66,71" m="41482" machi="15" ten="30,2000,0" yaku="14,1,54,1" doraHai="51" who="1" fromWho="2" sc="284,0,184,43,258,-23,254,0" /><INIT seed="4,0,0,2,3,18" ten="284,227,235,254" oya="0" hai0="89,47,8,19,63,27,96,92,84,69,76,52,77" hai1="124,102,16,38,48,49,4,121,93,72,100,117,97" hai2="115,94,79,56,7,61,85,62,29,3,11,73,37" hai3="24,28,32,51,14,44,42,129,82,12,119,66,101"/><T36/><D69/><U74/><E117/><V46/><F115/><W98/><G119/><T59/><D36/><U50/><E121/><V58/><F29/><W39/><G129/><T125/><D125/><U111/><E111/><V2/><F2/><W130/><G130/><T108/><D108/><U104/><E124/><V0/><F0/><W17/><G82/><N who="0" m="49303" /><D47/><U31/><E38/><V128/><F128/><W68/><G39/><T10/><D27/><U60/><E4/><V23/><F58/><W25/><G25/><T103/><D8/><U131/><E131/><V22/><F56/><W122/><G122/><T13/><AGARI ba="0,0" hai="10,13,19,52,59,63,76,77,92,96,103" m="49303" machi="13" ten="30,3000,0" yaku="8,1,54,1" doraHai="18" who="0" fromWho="0" sc="284,30,227,-10,235,-10,254,-10" owari="314,41.4,217,-28.3,225,-17.5,244,4.4" /></mjloggm>