<mjloggm ver="2.3"><GO type="225" lobby="0"/><UN n0="%E6%9A%87%E4%BA%BA%EF%BC%A0%E9%85%8D%E4%BF%A1%E5%9E%A2" n1="%6D%75%75%6D%75%72%61" n2="%E5%A4%8F%E9%88%B4%E9%88%B4%E5%A4%8F" n3="%E3%81%AF%E3%82%88%E3%81%8A%E3%81%98%E3%81%95%E3%82%93" dan="17,16,16,17" rate="2185.50,2142.83,2141.75,2162.21" sx="M,F,M,M"/><TAIKYOKU oya="0"/><INIT seed="0,0,0,5,3,23" ten="250,250,250,250" oya="0" hai0="119,39,109,26,24,77,37,46,4,89,19,21,94" hai1="74,126,129,78,83,5,101,110,104,51,92,79,38" hai2="65,68,82,124,113,58,103,91,114,36,84,66,0" hai3="81,50,35,133,20,102,15,31,18,52,106,115,48"/><T6/><D119/><U41/><E38/><V63/><F0/><W134/><G115/><T11/><D77/><U7/><E110/><V57/><F124/><W80/><G50/><T54/><D109/><U100/><E126/><V70/><F36/><W67/><G67/><T95/><D39/><U45/><E129/><V108/><F108/><W28/><G102/><T130/><D37/><U17/><E104/><V34/><F34/><W107/><G106/><T76/><D76/><U64/><E64/><V73/><F103/><W117/><G107/><T22/><D130/><U29/><E101/><V44/><F44/><W135/><G117/><T13/><D6/><U111/><E111/><V93/><F73/><W125/><G125/><T127/><D127/><U98/><E29/><N who="3" m="11338" /><G35/><T131/><D131/><U14/><REACH who="1" step="1"/><E79/><REACH who="1" ten="250,240,250,250" step="2"/><V47/><F66/><W56/><AGARI ba="0,1" hai="15,18,20,48,52,56,80,81,133,134,135" m="11338" machi="56" ten="40,2700,0" yaku="20,1,54,1" doraHai="23" who="3" fromWho="3" sc="250,-13,240,-7,250,-7,250,37" /><INIT seed="1,0,0,3,3,65" ten="237,233,243,287" oya="1" hai0="50,116,75,37,57,92,44,122,15,64,4,52,47" hai1="106,21,39,103,135,104,66,43,51,93,55,24,87" hai2="130,128,27,63,19,80,42,88,18,28,78,101,1" hai3="34,56,96,20,113,33,110,108,125,118,131,61,46"/><U73/><E73/><V53/><F1/><W71/><G113/><T16/><D116/><U85/><E135/><V129/><F101/><W58/><G118/><T79/><D122/><U133/><E133/><V102/><F102/><W7/><G125/><T38/><D4/><U22/><E66/><V97/><F42/><W100/><G131/><T45/><D64/><U107/><E43/><V25/><F63/><W54/><G71/><T98/><D75/><U132/><E39/><V105/><F53/><W12/><G46/><T59/><D59/><U82/><E132/><V62/><F62/><W35/><G58/><T13/><D79/><U76/><E24/><N who="2" m="9291" /><F28/><W99/><G99/><T49/><D13/><U112/><E112/><V94/><F105/><W60/><G61/><N who="0" m="36007" /><D37/><U126/><E126/><V36/><F36/><W31/><G31/><T89/><D38/><U120/><E120/><V0/><F0/><W17/><REACH who="3" step="1"/><G7/><REACH who="3" ten="237,233,243,277" step="2"/><T95/><D95/><AGARI ba="0,1" hai="12,17,20,33,34,35,54,56,60,95,96,100,108,110" machi="95" ten="40,2600,0" yaku="1,1,2,1,53,0" doraHai="65" doraHaiUra="72" who="3" fromWho="0" sc="237,-26,233,0,243,0,277,36" /><INIT seed="2,0,0,0,5,56" ten="211,233,243,313" oya="2" hai0="101,111,60,48,16,4,36,11,77,114,125,58,127" hai1="106,29,89,119,51,49,68,99,130,70,116,92,121" hai2="47,109,78,118,110,17,2,5,52,76,39,45,25" hai3="113,122,129,107,53,57,14,117,133,62,100,123,38"/><V132/><F118/><W126/><G117/><T104/><D114/><U82/><E130/><V69/><F69/><W15/><G129/><T59/><D36/><U115/><E115/><V80/><F132/><W65/><G113/><T103/><D77/><U86/><E106/><V13/><F39/><W72/><G72/><T63/><D48/><U108/><E108/><N who="2" m="41579" /><F25/><W90/><G133/><T22/><D111/><U9/><E116/><V71/><F71/><W24/><G38/><T32/><D32/><U79/><E119/><V134/><F134/><W97/><G126/><N who="0" m="48139" /><D11/><U87/><E121/><V6/><F2/><W43/><G43/><T98/><D103/><U83/><E68/><V18/><F18/><W35/><G122/><T128/><D4/><N who="2" m="1642" /><F52/><W21/><G123/><T105/><D128/><U67/><E9/><N who="2" m="6319" /><F78/><W124/><G124/><T66/><D105/><U40/><E40/><V41/><F41/><W61/><G35/><T26/><D66/><U31/><E67/><V20/><F20/><W95/><G62/><AGARI ba="0,0" hai="16,22,26,58,59,60,62,63,98,101,104" m="48139" machi="62" ten="30,8000,1" yaku="18,1,52,3,54,1" doraHai="56" who="0" fromWho="3" sc="211,80,233,0,243,0,313,-80" /><INIT seed="3,0,0,4,2,53" ten="291,233,243,233" oya="3" hai0="5,73,70,12,57,17,109,129,31,38,28,34,120" hai1="110,114,88,51,76,71,108,118,78,67,13,30,49" hai2="100,66,64,40,11,113,59,95,86,45,44,15,101" hai3="43,115,56,79,23,131,75,107,89,47,39,4,84"/><W18/><G115/><T65/><D120/><U21/><E114/><V124/><F113/><W46/><G107/><T87/><D73/><U24/><E118/><V132/><F132/><W54/><G131/><T123/><D123/><U125/><E125/><V3/><F3/><W119/><G119/><T35/><D38/><U130/><E130/><V48/><F124/><W14/><G75/><T19/><D70/><U2/><E2/><V128/><F128/><W116/><G116/><T93/><D129/><U20/><E71/><V98/><F100/><W37/><G4/><T29/><D109/><N who="1" m="42091" /><E67/><V102/><F102/><W69/><G69/><T127/><D127/><U0/><E0/><V50/><F59/><W52/><G79/><N who="1" m="30250" /><E88/><V111/><F86/><W96/><G96/><T36/><D35/><U8/><E20/><V61/><F61/><W106/><G106/><T58/><D34/><U55/><E55/><V62/><F62/><W6/><G6/><AGARI ba="0,0" hai="6,8,13,21,24,30,49,51" m="30250,42091" machi="6" ten="30,1000,0" yaku="14,1" doraHai="53" who="1" fromWho="3" sc="291,0,233,10,243,0,233,-10" /><INIT seed="4,0,0,0,0,61" ten="291,243,243,223" oya="0" hai0="93,59,98,68,102,107,19,122,52,4,78,63,67" hai1="90,119,126,135,112,117,36,83,116,9,123,121,51" hai2="130,57,109,39,118,124,31,3,27,115,56,45,111" hai3="69,132,134,75,16,79,2,12,104,113,96,106,60"/><T41/><D122/><U127/><E36/><V84/><F3/><W99/><G2/><T26/><D4/><U15/><E51/><V95/><F115/><W49/><G113/><T0/><D0/><U47/><E47/><V20/><F124/><N who="1" m="47657" /><E112/><V34/><F34/><W131/><G131/><T42/><D78/><U81/><E90/><V71/><F130/><W1/><G1/><T25/><D107/><N who="3" m="41001" /><G49/><T53/><D53/><U103/><E103/><V35/><F39/><W128/><G128/><T48/><REACH who="0" step="1"/><D19/><REACH who="0" ten="281,243,243,223" step="2"/><U101/><E123/><V50/><F111/><W30/><G79/><T120/><D120/><U46/><E121/><V33/><F109/><W65/><G75/><T114/><D114/><U70/><E117/><V55/><F55/><W28/><G28/><T38/><D38/><U37/><E116/><V6/><F31/><W105/><G30/><T125/><D125/><U87/><E119/><V74/><F6/><W7/><G7/><T10/><D10/><U62/><E9/><V8/><F8/><N who="3" m="6151" /><G105/><T22/><D22/><U97/><E37/><V43/><F20/><W17/><G17/><T18/><D18/><U108/><E108/><V21/><F21/><W80/><G80/><T100/><D100/><U23/><E81/><V5/><F5/><W89/><G89/><T129/><D129/><U91/><E23/><V73/><F118/><W94/><G94/><T72/><D72/><U85/><E83/><V77/><F74/><W88/><G88/><T29/><D29/><U92/><E91/><N who="2" m="53735" /><F73/><W82/><G82/><T32/><D32/><U76/><E101/><RYUUKYOKU ba="0,1" sc="281,15,243,-15,243,-15,223,15" hai0="25,26,41,42,48,52,59,63,67,68,93,98,102" hai3="60,65,69,96,99,132,134" /><INIT seed="4,1,1,5,0,80" ten="296,228,228,238" oya="0" hai0="48,16,88,130,106,9,113,8,19,39,63,65,93" hai1="20,103,131,78,58,99,101,25,74,129,124,11,133" hai2="55,31,64,100,105,75,27,125,61,17,98,18,1" hai3="111,46,87,97,89,15,79,126,82,70,115,29,85"/><T92/><D39/><U7/><E124/><V116/><F125/><W28/><G70/><T14/><D106/><U36/><E36/><V3/><F75/><W94/><G111/><T110/><D110/><U56/><E133/><V114/><F114/><W44/><G126/><T40/><D113/><U123/><E78/><V43/><F43/><W96/><G115/><T81/><D130/><N who="1" m="49675" /><E74/><V41/><F41/><W52/><G15/><N who="0" m="7271" /><D63/><U59/><E99/><N who="3" m="37962" /><G44/><N who="0" m="25607" /><D65/><U118/><E123/><V84/><F116/><W120/><G120/><T50/><D50/><AGARI ba="1,1" hai="28,29,46,50,52,79,82,85,87,89,94" m="37962" machi="50" ten="30,7700,0" yaku="8,1,52,2,54,1" doraHai="80" who="3" fromWho="0" sc="296,-80,228,0,228,0,238,90" owari="216,-28.4,228,2.8,228,-17.2,328,42.8" /></mjloggm>