<mjloggm ver="2.3"><GO type="225" lobby="0"/><UN n0="%E6%A1%9C%E8%8A%B1%E9%96%83%E3%80%85" n1="%E9%80%9F%E6%B0%B4%E5%87%9B%E9%A6%99" n2="%E8%91%89%E5%B1%B1%E9%99%BD%E5%92%8C" n3="%E3%81%86%E3%82%8C%E3%81%9F%E3%82%93%E6%9E%95" dan="18,16,16,16" rate="2216.17,2077.28,2082.11,2146.89" sx="M,F,F,F"/><TAIKYOKU oya="0"/><INIT seed="0,0,0,1,5,87" ten="250,250,250,250" oya="0" hai0="41,13,54,103,64,15,47,129,46,100,128,69,61" hai1="98,9,106,63,42,55,30,14,101,12,89,102,95" hai2="43,18,108,2,40,53,112,52,44,109,132,29,6" hai3="117,45,126,116,72,77,32,25,93,130,83,3,90"/><T57/><D103/><U134/><E134/><V76/><F112/><W38/><G126/><T11/><D100/><U51/><E30/><V21/><F29/><W5/><G130/><N who="0" m="50283" /><D11/><U39/><E39/><N who="2" m="21535" /><F43/><W127/><G127/><T125/><D125/><U111/><E111/><N who="2" m="42571" /><F76/><W104/><G104/><T110/><D110/><U119/><E119/><V73/><F73/><W22/><G32/><T79/><D79/><U49/><E106/><V123/><F123/><W24/><G5/><T85/><D85/><U48/><E42/><V118/><F132/><W68/><G3/><T56/><D47/><U50/><N who="1" m="12288" /><DORA hai="86" /><U34/><E34/><V0/><F118/><W124/><G45/><T66/><D54/><N who="2" m="21098" /><F6/><W96/><G38/><N who="0" m="21815" /><D66/><U92/><E55/><V131/><F131/><W8/><G124/><T16/><D16/><U27/><E63/><V60/><F60/><W70/><G116/><T17/><D17/><U99/><E102/><V107/><F107/><W23/><G117/><T62/><D62/><U28/><E28/><V1/><F2/><W133/><G133/><T71/><D57/><U19/><REACH who="1" step="1"/><E9/><REACH who="1" ten="250,240,250,250" step="2"/><V67/><F67/><W74/><G8/><T4/><D69/><U7/><E7/><V120/><F120/><W26/><G68/><T105/><D105/><U78/><E78/><V33/><F33/><W58/><G70/><T135/><D135/><U36/><E36/><V82/><F18/><W122/><G58/><T65/><D4/><U97/><E97/><V35/><F35/><W88/><G122/><T84/><D71/><U20/><AGARI ba="0,1" hai="12,14,19,20,27,89,92,95,98,99,101" m="12288" machi="20" ten="40,8000,1" yaku="1,1,0,1,8,1,52,2,53,0" doraHai="87,86" doraHaiUra="121,80" who="1" fromWho="1" sc="250,-40,240,90,250,-20,250,-20" /><INIT seed="1,0,0,0,5,56" ten="210,330,230,230" oya="1" hai0="92,69,134,81,35,32,24,36,113,13,45,68,22" hai1="25,73,44,34,78,58,130,112,108,30,94,63,46" hai2="120,91,57,131,122,89,128,27,6,29,9,84,98" hai3="21,100,38,15,90,60,12,8,59,43,0,19,31"/><U88/><E112/><V1/><F98/><W123/><G123/><T79/><D113/><U65/><E130/><N who="2" m="49707" /><F57/><W109/><G109/><T117/><D117/><U76/><E108/><V14/><F1/><W111/><G111/><T133/><D92/><U75/><E75/><V17/><F6/><W18/><G0/><T10/><D45/><U23/><E34/><N who="0" m="12841" /><D36/><U118/><E118/><V40/><F40/><W74/><G31/><N who="0" m="17815" /><D81/><U47/><E73/><V53/><F53/><W93/><G74/><T33/><D79/><U61/><E61/><V80/><F89/><W85/><G38/><T11/><N who="0" m="12849" /><AGARI ba="0,0" hai="9,14,17,27,29,33,80,84,91,120,122" m="49707" machi="33" ten="30,2000,0" yaku="3,1,19,1" doraHai="56" who="2" fromWho="0" sc="210,-20,330,0,230,20,230,0" /><INIT seed="2,0,0,2,1,128" ten="190,330,250,230" oya="2" hai0="74,68,86,29,96,44,16,91,131,77,90,52,3" hai1="102,70,123,121,105,113,47,111,75,8,46,42,30" hai2="76,81,78,54,89,56,18,99,6,20,26,122,101" hai3="72,31,62,34,73,80,27,135,50,65,57,17,125"/><V126/><F122/><W49/><G125/><T117/><D131/><U109/><E75/><V15/><F126/><W33/><G135/><T119/><D68/><U64/><E30/><V5/><F89/><W24/><G17/><T22/><D3/><U55/><E102/><V107/><F26/><W13/><G13/><N who="0" m="9487" /><D74/><U88/><E105/><V53/><F54/><W35/><G73/><T118/><D29/><U129/><E8/><V71/><F71/><W83/><G24/><T38/><D38/><U95/><E64/><V14/><F14/><W7/><G7/><T9/><D9/><U19/><E19/><V92/><F107/><W103/><G103/><T61/><D96/><N who="1" m="57447" /><E70/><V106/><F106/><W115/><G115/><T116/><N who="0" m="29696" /><DORA hai="51" /><T82/><D44/><U25/><E113/><V108/><F5/><W112/><G112/><T4/><D4/><U67/><E129/><V32/><F6/><W124/><G124/><T69/><D69/><U110/><E46/><V100/><F100/><W85/><G72/><T97/><D97/><U58/><E47/><V66/><F101/><W132/><G85/><T98/><D98/><U12/><E121/><V120/><F99/><W59/><G34/><T2/><D2/><U60/><E123/><V114/><F32/><W40/><G35/><T0/><D0/><U23/><E110/><V127/><F108/><W63/><G33/><T79/><D91/><U93/><E109/><V133/><F114/><W94/><G31/><T28/><D28/><U104/><E111/><V36/><F120/><W11/><G11/><T39/><D39/><RYUUKYOKU ba="0,0" sc="190,30,330,-10,250,-10,230,-10" hai0="52,61,77,79,82,86,90" /><INIT seed="3,1,0,3,2,54" ten="220,320,240,220" oya="3" hai0="41,19,86,117,118,52,47,51,71,129,56,61,65" hai1="103,116,135,24,62,27,0,102,11,10,107,111,28" hai2="82,33,85,93,89,84,127,126,124,9,46,59,70" hai3="106,37,58,97,130,125,95,53,25,14,63,105,32"/><W67/><G130/><T36/><D129/><U31/><E107/><V132/><F132/><W75/><G125/><T21/><D86/><U122/><E0/><V4/><F70/><W112/><G112/><T99/><D99/><U69/><E69/><V49/><F33/><W100/><G75/><T3/><D3/><U94/><E111/><V23/><F23/><W104/><G37/><T60/><D60/><U55/><E135/><V8/><F59/><W64/><REACH who="3" step="1"/><G14/><AGARI ba="1,0" hai="14,19,21,36,41,47,51,52,56,61,65,71,117,118" machi="14" ten="30,8000,1" yaku="7,1,24,2,52,1,54,1" doraHai="54" who="0" fromWho="3" sc="220,83,320,0,240,0,220,-83" owari="303,10.3,320,42.0,240,-16.0,137,-36.3" /></mjloggm>