<mjloggm ver="2.3"><GO type="225" lobby="0"/><UN n0="%48%61%61%61%6C%61%6E%64" n1="%E3%81%8B%E3%82%8F%E3%81%A1%E3%82%83%E3%82%93%35%38" n2="%E3%82%B7%E3%83%A5%E3%83%9E%E3%82%A4%E3%82%B1%E3%83%AB" n3="%6D%75%75%6D%75%72%61" dan="17,16,16,16" rate="2150.96,2132.89,2192.77,2121.94" sx="M,M,M,F"/><TAIKYOKU oya="0"/><INIT seed="0,0,0,2,1,2" ten="250,250,250,250" oya="0" hai0="17,64,71,74,7,27,104,78,59,21,4,8,121" hai1="37,90,39,93,111,75,77,69,88,107,58,3,6" hai2="24,60,108,33,14,91,112,128,63,100,67,133,99" hai3="96,98,50,22,85,89,81,20,66,15,30,123,83"/><T31/><D121/><U16/><E69/><V76/><F112/><W92/><G123/><T12/><D71/><U127/><E107/><V118/><F76/><W53/><G66/><T84/><D74/><U82/><E111/><V13/><F108/><W32/><G32/><T102/><D104/><U87/><E127/><V95/><F128/><W45/><G30/><T55/><D64/><U25/><E58/><V103/><F133/><W28/><G28/><T43/><D43/><U34/><E90/><V134/><F134/><W61/><G61/><N who="0" m="36095" /><D102/><U79/><E79/><V105/><F63/><W62/><G62/><T19/><D31/><U106/><E106/><V130/><F103/><W5/><G22/><T35/><D35/><U51/><E51/><V36/><F36/><W49/><G49/><T10/><D8/><U54/><E54/><V48/><F48/><W135/><G135/><T42/><D42/><U113/><E113/><V126/><F126/><W38/><G38/><T132/><D132/><U125/><E125/><V70/><F118/><W110/><G110/><T41/><D41/><U65/><E65/><V80/><F130/><W52/><G53/><T101/><D101/><U129/><E129/><V122/><F122/><W1/><G20/><T26/><D26/><U68/><E68/><V115/><F115/><W72/><G1/><T119/><D119/><U73/><E73/><V11/><F11/><N who="3" m="4591" /><G72/><T94/><D94/><U109/><E109/><V57/><F70/><W114/><G114/><T120/><D120/><U131/><E131/><V18/><F105/><W0/><G0/><RYUUKYOKU ba="0,0" sc="250,15,250,-15,250,-15,250,15" hai0="4,7,10,12,17,19,21,27,78,84" hai3="45,50,52,81,83,85,89,92,96,98" /><INIT seed="0,1,0,5,2,107" ten="265,235,235,265" oya="0" hai0="104,69,121,14,100,60,17,79,70,83,15,29,132" hai1="122,114,106,78,111,57,53,12,11,59,127,80,75" hai2="87,61,68,93,97,90,116,76,63,8,102,88,52" hai3="28,74,77,9,44,123,119,73,50,47,117,55,26"/><T45/><D121/><U95/><E106/><V135/><F135/><W7/><G123/><T30/><D132/><U39/><E122/><V124/><F124/><W40/><G77/><T46/><D104/><U91/><E127/><V34/><F34/><W125/><G125/><T35/><D100/><U82/><E111/><V89/><F116/><W96/><G96/><T120/><D120/><U23/><E114/><V72/><F72/><W6/><G117/><T19/><D35/><U0/><E39/><V112/><F112/><W62/><G119/><T37/><D60/><U18/><E82/><N who="2" m="47559" /><F68/><W105/><G105/><T2/><D2/><U64/><E64/><V43/><F43/><W38/><G62/><T21/><D37/><U67/><E67/><V110/><F110/><W49/><G38/><T134/><D134/><U84/><E0/><V130/><F130/><W129/><G129/><T115/><D115/><U101/><E101/><V86/><F86/><W118/><G118/><T33/><D33/><U56/><REACH who="1" step="1"/><E11/><REACH who="1" ten="265,225,235,265" step="2"/><V42/><F8/><W98/><G9/><T71/><D83/><U131/><E131/><V1/><F1/><W4/><REACH who="3" step="1"/><G98/><REACH who="3" ten="265,225,235,255" step="2"/><T13/><D79/><U48/><AGARI ba="1,2" hai="12,18,23,48,53,56,57,59,75,78,80,84,91,95" machi="48" ten="20,12000,2" yaku="1,1,0,1,7,1,25,2,52,1,53,0" doraHai="107" doraHaiUra="113" who="1" fromWho="1" sc="265,-61,225,143,235,-31,255,-31" /><INIT seed="1,0,0,1,4,129" ten="204,368,204,224" oya="1" hai0="64,30,123,93,65,91,34,134,61,27,2,23,39" hai1="56,17,24,81,10,52,110,83,89,118,49,67,95" hai2="3,78,25,18,130,135,13,127,119,132,46,125,12" hai3="128,11,59,42,26,45,36,15,55,112,75,92,38"/><U68/><E118/><V104/><F119/><W76/><G128/><T115/><D115/><U22/><E110/><V99/><F130/><W63/><G112/><T102/><D123/><U120/><E120/><V107/><F3/><W96/><G75/><T98/><D39/><U44/><E68/><V85/><F25/><W43/><G76/><T62/><D2/><U54/><E67/><V7/><F7/><W5/><G26/><T90/><D134/><N who="2" m="51242" /><F46/><W1/><G1/><T117/><D117/><U29/><E10/><N who="2" m="6423" /><F13/><W33/><G33/><T121/><D121/><U50/><E29/><V84/><F99/><AGARI ba="0,0" hai="17,22,24,44,49,50,52,54,56,81,83,89,95,99" machi="99" ten="30,5800,0" yaku="7,1,8,1,54,1" doraHai="129" who="1" fromWho="2" sc="204,0,368,58,204,-58,224,0" /><INIT seed="1,1,0,0,3,54" ten="204,426,146,224" oya="1" hai0="23,78,86,45,114,74,13,83,24,15,73,81,25" hai1="57,109,49,99,75,48,43,88,44,17,128,103,39" hai2="123,125,36,127,59,98,133,112,118,8,69,51,35" hai3="126,130,80,82,34,90,120,0,32,33,41,26,95"/><U105/><E75/><V11/><F35/><W85/><G120/><T115/><D45/><U27/><E128/><V93/><F69/><W108/><G108/><T100/><D100/><U61/><E109/><V97/><F36/><W111/><G111/><T89/><D73/><U63/><E63/><V122/><F118/><W71/><G130/><T79/><D89/><U55/><E17/><V96/><F133/><W56/><G71/><T16/><REACH who="0" step="1"/><D13/><REACH who="0" ten="194,426,146,224" step="2"/><U70/><E88/><N who="2" m="55335" /><F122/><W68/><G90/><T64/><D64/><U67/><E103/><V102/><F123/><W107/><G80/><T66/><D66/><U110/><E110/><V20/><F112/><AGARI ba="1,1" hai="15,16,23,24,25,74,78,79,81,83,86,112,114,115" machi="112" ten="40,2600,0" yaku="1,1,54,1,53,0" doraHai="54" doraHaiUra="62" who="0" fromWho="2" sc="194,39,426,0,146,-29,224,0" /><INIT seed="2,0,0,5,3,110" ten="233,426,117,224" oya="2" hai0="123,30,95,91,59,28,46,86,80,3,87,115,41" hai1="38,12,26,94,43,9,54,88,125,16,90,101,60" hai2="17,29,65,72,134,67,84,18,124,113,40,118,1" hai3="61,109,15,126,79,89,44,49,74,117,23,108,37"/><V51/><F118/><W25/><G117/><T6/><D123/><U102/><E38/><V114/><F72/><W42/><G126/><T7/><D115/><U98/><E43/><V135/><F1/><W107/><G107/><T85/><D59/><N who="1" m="34935" /><E125/><V13/><F29/><N who="0" m="11370" /><D3/><U127/><E127/><V99/><F124/><W52/><G25/><T132/><D132/><N who="2" m="50730" /><F99/><W104/><G104/><T48/><D86/><U78/><E78/><AGARI ba="0,0" hai="6,7,41,46,48,78,80,85,87,91,95" m="11370" machi="78" ten="30,1000,0" yaku="8,1" doraHai="110" who="0" fromWho="1" sc="233,10,426,-10,117,0,224,0" /><INIT seed="3,0,0,2,0,129" ten="243,416,117,224" oya="3" hai0="116,77,76,17,30,124,96,40,108,125,95,135,9" hai1="36,8,10,132,117,85,14,102,73,113,6,93,109" hai2="55,127,79,99,52,57,53,41,60,47,122,35,28" hai3="49,12,120,61,104,1,88,123,64,78,119,70,22"/><W7/><G119/><T63/><D116/><U100/><E73/><V56/><F127/><N who="0" m="48714" /><D108/><U18/><E36/><V89/><F122/><W71/><G104/><T97/><D135/><U33/><E132/><V27/><F79/><W81/><G1/><T24/><D40/><U58/><E33/><V92/><REACH who="2" step="1"/><F57/><REACH who="2" ten="243,416,107,224" step="2"/><W84/><G120/><T54/><D77/><U133/><E133/><V75/><F75/><W66/><G123/><T43/><D76/><U26/><E113/><V29/><F29/><W62/><G78/><T128/><D30/><U67/><E117/><V25/><F25/><W69/><G71/><T90/><D24/><U105/><E105/><V34/><F34/><W16/><G70/><T126/><D126/><U19/><E109/><V46/><F46/><W3/><G69/><T87/><D128/><U91/><E10/><V68/><F68/><W121/><G121/><T39/><D9/><U38/><E38/><V118/><F118/><W101/><G66/><T0/><D0/><U74/><E74/><V48/><AGARI ba="0,1" hai="27,28,35,41,47,48,52,53,55,56,60,89,92,99" machi="48" ten="20,5200,0" yaku="1,1,0,1,7,1,54,1,53,0" doraHai="129" doraHaiUra="134" who="2" fromWho="2" sc="243,-13,416,-13,107,62,224,-26" owari="230,3.0,403,50.3,169,-33.1,198,-20.2" /></mjloggm>