<mjloggm ver="2.3"><GO type="225" lobby="0"/><UN n0="%E5%A4%9C%E5%85%89%E5%A4%A9%E6%A5%BC" n1="%E3%81%82%E3%81%99%E3%81%AB%E3%82%83%E3%82%80" n2="%E3%81%BF%E3%81%BF%E3%81%9A" n3="%72%69%6F%75%63%68%61%6E" dan="17,16,18,16" rate="2159.98,2096.10,2282.46,2189.74" sx="F,F,M,M"/><TAIKYOKU oya="0"/><INIT seed="0,0,0,3,0,72" ten="250,250,250,250" oya="0" hai0="87,0,95,73,44,43,122,42,89,118,33,27,16" hai1="109,117,98,32,131,102,3,57,76,7,5,61,107" hai2="105,82,19,55,2,78,18,85,30,62,35,48,41" hai3="113,75,34,88,74,67,28,83,12,120,92,99,40"/><T93/><D118/><U60/><E117/><V47/><F2/><W15/><G113/><T6/><D122/><U77/><E32/><V39/><F105/><W66/><G120/><T124/><D73/><U10/><E109/><V63/><F30/><W115/><G115/><T134/><D134/><U24/><E7/><V86/><F35/><W103/><G40/><T71/><D71/><U49/><E131/><V125/><F125/><W97/><G74/><T116/><D124/><U9/><E9/><V23/><F86/><W123/><G123/><T52/><D116/><U132/><E132/><V13/><REACH who="2" step="1"/><F18/><REACH who="2" ten="250,250,240,250" step="2"/><W110/><G75/><T94/><D33/><U100/><E107/><V25/><F25/><W46/><G110/><T17/><D0/><U58/><E24/><V119/><F119/><W101/><G28/><T38/><D27/><U90/><E3/><V133/><F133/><W14/><G34/><T114/><D114/><U130/><E98/><V81/><F81/><W129/><G129/><T91/><D16/><U4/><E130/><V54/><F54/><W64/><G83/><N who="0" m="49407" /><D17/><U8/><E90/><V45/><AGARI ba="0,1" hai="13,19,23,39,41,45,47,48,55,62,63,78,82,85" machi="45" ten="20,5200,0" yaku="1,1,0,1,7,1,52,1,53,0" doraHai="72" doraHaiUra="20" who="2" fromWho="2" sc="250,-26,250,-13,240,62,250,-13" /><INIT seed="1,0,0,0,2,31" ten="224,237,302,237" oya="1" hai0="65,37,89,58,16,49,48,13,95,112,66,109,135" hai1="96,94,5,79,30,128,74,0,130,121,131,36,3" hai2="42,90,55,6,82,110,127,100,26,87,60,7,107" hai3="113,125,88,29,77,117,120,38,68,129,62,91,43"/><U71/><E71/><V17/><F110/><W93/><G120/><T92/><D37/><U25/><E121/><V69/><F127/><W132/><G113/><T83/><D112/><U85/><E36/><V76/><F107/><W104/><G104/><T12/><D135/><U119/><E119/><V84/><F100/><W134/><G125/><T34/><D34/><N who="1" m="20815" /><E5/><V81/><F42/><W111/><G111/><T45/><D12/><U33/><E33/><V67/><REACH who="2" step="1"/><F55/><REACH who="2" ten="224,237,292,237" step="2"/><W1/><G43/><T118/><D109/><U101/><E74/><V50/><F50/><W114/><G38/><T116/><D49/><U80/><AGARI ba="0,1" hai="0,3,79,80,85,94,96,101,128,130,131" m="20815" machi="80" ten="40,3900,0" yaku="19,1,52,1" doraHai="31" who="1" fromWho="1" sc="224,-13,237,49,292,-13,237,-13" /><INIT seed="1,1,0,5,2,109" ten="211,286,279,224" oya="1" hai0="92,52,51,67,81,105,76,125,131,21,91,86,50" hai1="102,10,72,56,89,124,24,75,44,118,14,60,64" hai2="132,73,108,54,58,48,128,4,3,98,80,90,1" hai3="5,115,133,116,95,49,20,121,85,87,135,31,55"/><U123/><E118/><V113/><F108/><W68/><G121/><T110/><D110/><U94/><E123/><V93/><F128/><W13/><G68/><T126/><D131/><U82/><E124/><N who="0" m="47721" /><D105/><U96/><E44/><V65/><F132/><N who="3" m="50763" /><G116/><T101/><D67/><U88/><E24/><V12/><F113/><W130/><G130/><T100/><D21/><U127/><E127/><V32/><F32/><W74/><G74/><N who="0" m="43159" /><D50/><U40/><E40/><V34/><F34/><W71/><G115/><T134/><D134/><U99/><E99/><V42/><F65/><W37/><G37/><T62/><D62/><U38/><E38/><V16/><F4/><W119/><G71/><T66/><D66/><U97/><E97/><V26/><F26/><N who="3" m="16839" /><G119/><T59/><AGARI ba="1,0" hai="51,52,59,86,91,92,100,101" m="43159,47721" machi="59" ten="30,2000,0" yaku="18,1,54,1" doraHai="109" who="0" fromWho="0" sc="211,23,286,-11,279,-6,224,-6" /><INIT seed="2,0,0,4,1,31" ten="234,275,273,218" oya="2" hai0="64,119,53,74,28,44,51,0,95,115,7,69,87" hai1="24,84,57,94,110,36,62,82,90,13,35,41,1" hai2="48,43,11,76,130,4,45,23,66,34,38,104,5" hai3="122,126,46,40,118,129,98,77,6,3,108,105,63"/><V109/><F104/><W10/><G126/><T83/><D115/><U19/><E1/><V8/><F130/><W37/><G129/><T17/><D119/><U39/><E110/><V15/><F109/><W68/><G108/><T128/><D128/><U96/><E41/><V56/><F34/><W12/><G122/><T86/><D28/><U22/><E24/><V92/><F76/><W16/><G118/><T49/><D7/><U79/><REACH who="1" step="1"/><E35/><REACH who="1" ten="234,265,273,218" step="2"/><V121/><F121/><W72/><G3/><T2/><D2/><U78/><E78/><V97/><F23/><W14/><G77/><T54/><D0/><U133/><E133/><V42/><F43/><W9/><G72/><T26/><D74/><U107/><E107/><V27/><F27/><W134/><G134/><T88/><D26/><U30/><E30/><V102/><F38/><W71/><REACH who="3" step="1"/><G63/><REACH who="3" ten="234,265,273,208" step="2"/><T60/><D60/><U132/><E132/><V58/><F66/><AGARI ba="0,2" hai="13,19,22,36,39,57,62,66,79,82,84,90,94,96" machi="66" ten="30,2000,0" yaku="1,1,7,1,53,0" doraHai="31" doraHaiUra="113" who="1" fromWho="2" sc="234,0,265,40,273,-20,208,0" /><INIT seed="3,0,0,3,3,51" ten="234,305,253,208" oya="3" hai0="6,71,102,108,73,84,1,56,74,127,0,101,12" hai1="9,65,45,132,92,106,30,10,78,72,116,124,81" hai2="83,44,53,54,5,87,98,47,19,49,95,31,33" hai3="104,76,93,80,61,112,26,62,23,57,99,82,52"/><W131/><G112/><T46/><D71/><U17/><E106/><V11/><F33/><W114/><G114/><T113/><D113/><U41/><E124/><V118/><F118/><W111/><G104/><T34/><D34/><U110/><E110/><V21/><F31/><N who="3" m="17887" /><G111/><T66/><D108/><U3/><E30/><V38/><F38/><W20/><G131/><T22/><D74/><U37/><E132/><V122/><F122/><W7/><G7/><T126/><D73/><U16/><E10/><V32/><F32/><W119/><G119/><T134/><D134/><U100/><E65/><V91/><F11/><W36/><G36/><T90/><D6/><N who="1" m="1247" /><E116/><V63/><F5/><W55/><G20/><T35/><D35/><U121/><E121/><V128/><F128/><W96/><G76/><T59/><D1/><U133/><E133/><V94/><F98/><AGARI ba="0,0" hai="16,17,37,41,45,72,78,81,92,98,100" m="1247" machi="98" ten="30,2000,0" yaku="25,1,54,1" doraHai="51" who="1" fromWho="2" sc="234,0,305,20,253,-20,208,0" owari="234,3.4,325,42.5,233,-16.7,208,-29.2" /></mjloggm>