<mjloggm ver="2.3"><GO type="225" lobby="0"/><UN n0="%6D%75%75%6D%75%72%61" n1="%E6%9C%AA%E6%9D%A5%E5%B0%91%E5%B9%B4" n2="%E3%81%95%E3%81%8D%E3%81%9F%E3%81%BE%E6%9E%97%E6%AA%8E" n3="%E3%81%9F%E3%81%93%E2%98%86%E7%84%BC%E3%81%8D" dan="16,16,16,16" rate="2123.96,2121.74,2067.03,2101.73" sx="F,M,M,M"/><TAIKYOKU oya="0"/><INIT seed="0,0,0,1,1,71" ten="250,250,250,250" oya="0" hai0="73,99,67,90,40,56,23,98,82,59,107,127,79" hai1="83,113,12,118,72,126,123,96,31,43,28,109,86" hai2="95,128,110,119,108,3,75,115,88,50,101,1,5" hai3="91,30,80,4,112,135,132,36,27,125,53,13,124"/><T16/><D127/><N who="3" m="48713" /><G53/><T70/><D40/><U9/><E126/><V87/><F115/><W19/><G112/><T78/><D78/><U33/><E113/><V10/><F128/><W24/><G80/><T15/><D98/><U21/><E118/><V46/><F75/><W38/><G91/><T35/><D35/><U52/><E123/><V54/><F101/><W29/><G4/><T103/><REACH who="0" step="1"/><D90/><REACH who="0" ten="240,250,250,250" step="2"/><U69/><E43/><V106/><F119/><W102/><G102/><T68/><D68/><U34/><E69/><V44/><F106/><W129/><G129/><T130/><D130/><U0/><E96/><V55/><REACH who="2" step="1"/><F3/><REACH who="2" ten="240,250,240,250" step="2"/><W22/><G135/><T92/><D92/><U60/><E0/><V6/><F6/><W89/><G132/><T49/><D49/><AGARI ba="0,2" hai="1,5,10,44,46,49,50,54,55,87,88,95,108,110" machi="49" ten="40,8000,1" yaku="1,1,9,1,54,1,53,1" doraHai="71" doraHaiUra="85" who="2" fromWho="0" sc="240,-80,250,0,240,100,250,0" /><INIT seed="1,0,0,1,4,72" ten="160,250,340,250" oya="1" hai0="79,33,61,86,85,124,89,10,31,56,80,95,46" hai1="88,12,68,84,83,116,55,19,53,15,77,113,30" hai2="114,60,71,16,37,5,122,103,13,115,47,62,81" hai3="4,92,26,63,44,64,104,87,75,39,45,58,132"/><U23/><E113/><V36/><F122/><W127/><G104/><T73/><D124/><U102/><E116/><V32/><F103/><W135/><G127/><T129/><D129/><U24/><E68/><V65/><F32/><W76/><G4/><T112/><D112/><N who="2" m="43050" /><F5/><W105/><G105/><T27/><D10/><U57/><E102/><V69/><F81/><N who="3" m="45215" /><G39/><N who="2" m="14921" /><F47/><W41/><G41/><T40/><D46/><U48/><E53/><V97/><F97/><W59/><G26/><T106/><D106/><U110/><E110/><V42/><F42/><W120/><G120/><T96/><REACH who="0" step="1"/><D40/><REACH who="0" ten="150,250,340,250" step="2"/><U94/><REACH who="1" step="1"/><E19/><REACH who="1" ten="150,240,340,250" step="2"/><V78/><F16/><W67/><G45/><T93/><D93/><U99/><AGARI ba="0,2" hai="12,15,23,24,30,48,55,57,77,83,84,88,94,99" machi="99" ten="20,18000,2" yaku="1,1,2,1,0,1,7,1,8,1,52,1,54,1,53,0" doraHai="72" doraHaiUra="2" who="1" fromWho="1" sc="150,-60,240,200,340,-60,250,-60" /><INIT seed="1,1,0,3,1,111" ten="90,440,280,190" oya="1" hai0="76,5,86,122,7,74,57,25,41,80,134,114,120" hai1="105,0,62,79,132,125,92,6,50,30,11,72,117" hai2="58,81,47,109,97,32,90,130,118,20,69,98,83" hai3="102,51,38,116,115,127,40,28,49,94,12,48,87"/><U113/><E113/><V73/><F109/><W91/><G127/><T68/><D68/><U36/><E117/><V64/><F32/><W85/><G102/><T60/><D134/><U2/><E105/><V29/><F69/><W19/><G28/><T78/><D41/><U17/><E36/><V100/><F130/><W71/><G71/><T99/><D99/><U13/><E132/><V23/><F118/><W103/><G103/><T59/><D59/><U124/><E30/><V22/><F73/><W133/><G133/><T135/><D135/><U44/><E62/><V93/><F29/><W119/><G115/><T37/><D37/><U1/><E92/><N who="2" m="58407" /><F47/><W77/><G40/><T27/><D76/><U131/><E131/><V43/><F43/><W46/><G38/><T3/><D74/><U89/><E89/><V24/><F24/><N who="0" m="9290" /><D3/><U42/><REACH who="1" step="1"/><E6/><REACH who="1" ten="90,430,280,190" step="2"/><V88/><F90/><W107/><G107/><T108/><D108/><U53/><E53/><V101/><F101/><W10/><G119/><T45/><D7/><U14/><E14/><V110/><F110/><W9/><G116/><T121/><D5/><U56/><E56/><V15/><F15/><W4/><G46/><T96/><D45/><U129/><E129/><V126/><F126/><W84/><G77/><T35/><D114/><U18/><E18/><V34/><F58/><W112/><G112/><T66/><D35/><U82/><AGARI ba="1,1" hai="0,1,2,11,13,17,42,44,50,72,79,82,124,125" machi="82" ten="40,3900,0" yaku="1,1,0,1,53,0" doraHai="111" doraHaiUra="67" who="1" fromWho="1" sc="90,-14,430,52,280,-14,190,-14" /><INIT seed="1,2,0,1,0,119" ten="76,482,266,176" oya="1" hai0="118,84,72,129,67,5,52,56,64,58,121,65,47" hai1="39,44,12,97,125,38,133,81,15,57,85,135,122" hai2="54,30,3,11,29,40,59,41,37,128,79,115,23" hai3="92,134,126,101,48,98,66,13,71,91,36,108,100"/><U99/><E122/><V9/><F128/><W1/><G1/><T7/><D72/><U113/><E113/><V83/><F115/><W25/><G36/><N who="1" m="13866" /><E125/><V34/><F34/><W2/><G2/><T51/><D118/><U94/><E44/><V103/><F37/><W110/><G134/><N who="1" m="51210" /><E57/><N who="0" m="22121" /><D129/><U55/><E55/><V78/><F54/><W19/><G25/><T124/><D124/><U42/><E42/><V116/><F59/><W33/><G33/><T77/><D121/><U76/><E97/><V89/><F116/><W20/><G48/><T75/><D75/><U114/><E114/><V117/><F117/><W112/><G126/><T105/><D105/><U53/><E53/><V86/><F41/><W18/><G18/><T73/><D73/><U10/><E10/><V106/><F11/><W46/><G46/><T93/><D77/><U131/><E131/><V61/><F9/><W63/><REACH who="3" step="1"/><G112/><REACH who="3" ten="76,482,266,166" step="2"/><T104/><D104/><U45/><E45/><V111/><F106/><W70/><G70/><T22/><D22/><U60/><E60/><V26/><F61/><W21/><G21/><T120/><D120/><U130/><E130/><V132/><F132/><W107/><G107/><T35/><D35/><U14/><E14/><V43/><F3/><W68/><G68/><T49/><D49/><U50/><E50/><V80/><F26/><W0/><G0/><T95/><D7/><U16/><E16/><V87/><F23/><W6/><G6/><T96/><D5/><U102/><AGARI ba="2,1" hai="12,15,76,81,85,94,99,102" m="51210,13866" machi="102" ten="30,1500,0" yaku="20,1" doraHai="119" who="1" fromWho="1" sc="76,-7,482,31,266,-7,166,-7" /><INIT seed="1,3,0,2,3,28" ten="69,513,259,159" oya="1" hai0="6,85,31,82,62,127,18,39,69,45,26,107,95" hai1="103,29,91,80,90,0,125,4,52,75,76,117,44" hai2="131,121,3,111,16,73,128,66,7,77,87,114,32" hai3="70,60,79,110,40,84,116,41,38,23,46,115,49"/><U118/><E125/><V50/><F111/><W109/><G23/><T21/><D107/><U36/><E103/><V67/><F121/><W22/><G22/><T113/><D113/><U57/><E29/><V24/><F73/><W37/><G84/><T93/><D127/><U89/><E4/><V34/><F114/><W53/><G79/><T99/><D6/><U71/><E0/><V14/><F3/><W63/><G115/><T72/><D72/><U35/><E71/><V112/><F7/><W30/><G30/><T55/><D31/><U74/><E35/><N who="2" m="13355" /><F24/><W25/><G25/><T94/><D39/><N who="3" m="14857" /><G116/><T92/><D69/><U47/><E75/><V42/><F112/><W64/><G63/><T10/><D10/><U129/><E74/><V104/><F104/><W11/><G11/><T97/><N who="0" m="23552" /><DORA hai="48" /><T134/><D134/><U61/><E118/><V68/><F87/><W105/><G105/><T15/><D26/><U83/><E117/><V27/><F77/><W65/><G64/><T135/><D135/><U20/><E76/><V96/><F96/><W56/><G41/><T78/><REACH who="0" step="1"/><D62/><REACH who="0" ten="59,513,259,159" step="2"/><U100/><E61/><V59/><F27/><W102/><G102/><T88/><D88/><U54/><E89/><V33/><F68/><W122/><G122/><T43/><D43/><U86/><E100/><V9/><F42/><W81/><G40/><T106/><D106/><U8/><E91/><V126/><F126/><W98/><G70/><T13/><D13/><U133/><E90/><V130/><F33/><W1/><G60/><T123/><D123/><U19/><E36/><RYUUKYOKU ba="3,1" sc="59,15,513,-15,259,15,159,-15" hai0="15,18,21,45,55,78,82,85,97,99" hai2="9,14,16,50,59,66,67,128,130,131" /><INIT seed="2,4,1,2,0,29" ten="74,498,274,144" oya="2" hai0="103,125,6,120,79,28,60,26,71,47,1,68,22" hai1="90,67,32,25,27,39,42,20,135,35,133,21,111" hai2="7,112,59,134,100,50,93,66,84,45,10,97,70" hai3="12,102,4,114,64,58,16,49,55,104,13,8,113"/><V132/><F112/><N who="3" m="43115" /><G102/><T129/><D120/><U123/><E123/><V124/><F124/><W44/><G104/><T109/><D125/><U33/><E111/><V69/><F84/><W2/><G64/><T37/><D109/><U91/><E67/><V87/><F87/><W78/><G78/><T98/><D129/><U31/><E42/><V122/><F122/><W72/><G72/><T53/><D79/><U61/><E61/><V74/><F74/><W95/><G95/><T101/><D101/><U11/><E11/><V73/><F73/><W127/><G127/><T117/><D117/><U130/><E39/><V121/><F121/><W14/><G58/><T54/><D1/><U82/><E130/><V19/><F59/><W56/><G56/><T126/><D6/><U5/><E5/><V63/><F70/><W38/><G38/><T36/><D126/><U65/><E65/><V131/><F131/><W128/><G128/><T9/><D36/><U15/><E15/><V41/><REACH who="2" step="1"/><F19/><AGARI ba="4,1" hai="2,4,8,12,13,14,16,19,44,49,55" m="43115" machi="19" ten="30,2000,0" yaku="11,1,54,1" doraHai="29" who="3" fromWho="2" sc="74,0,498,0,274,-32,144,42" /><INIT seed="3,0,0,0,2,107" ten="74,498,242,186" oya="3" hai0="34,10,99,132,100,121,97,50,41,60,106,62,133" hai1="104,135,47,0,32,69,35,33,101,72,115,66,81" hai2="85,111,118,119,12,110,78,42,89,24,113,90,36" hai3="77,17,112,71,49,8,29,30,40,63,128,65,19"/><W73/><G112/><T116/><D116/><U48/><E115/><V94/><F113/><W98/><G98/><T70/><D121/><U3/><E135/><V53/><F78/><W86/><G86/><T84/><D62/><N who="1" m="40151" /><E48/><V23/><F12/><W76/><G76/><T43/><D99/><N who="1" m="61503" /><E47/><N who="2" m="24007" /><F53/><W92/><G92/><T57/><D10/><U44/><E44/><V127/><F127/><W59/><G128/><T58/><D58/><U122/><E122/><V46/><F46/><W55/><G40/><T52/><D84/><U7/><E7/><V13/><F13/><W5/><G19/><T26/><D50/><U6/><E6/><V20/><F20/><W16/><G17/><T83/><D83/><U114/><E114/><V25/><F25/><W68/><G71/><T11/><D11/><U64/><E64/><V96/><F90/><W54/><G55/><T22/><D70/><U82/><E82/><V91/><F91/><W103/><G103/><T126/><D126/><U79/><AGARI ba="0,0" hai="0,3,32,33,35,72,79,81" m="61503,40151" machi="79" ten="40,5200,0" yaku="33,2,52,1" doraHai="107" who="1" fromWho="1" sc="74,-13,498,52,242,-13,186,-26" owari="61,-43.9,550,65.0,229,2.9,160,-24.0" /></mjloggm>