<mjloggm ver="2.3"><GO type="225" lobby="0"/><UN n0="%74%61%6B%65%2D%79%6F%75" n1="%E7%89%B9%E6%9D%B1%E3%81%AF%E4%B8%96%E7%95%8C%E3%82%92%E6%95%91%E3%81%86" n2="%E3%81%A1%E3%82%85%E3%81%86%E3%81%A9%E3%81%8F%E8%B1%A1%E3%81%95%E3%82%93" n3="%E3%81%86%E3%82%8B%E3%81%8A%E3%81%A1%E3%82%83" dan="17,16,17,16" rate="2133.82,2161.78,2178.63,2053.84" sx="M,M,M,F"/><TAIKYOKU oya="0"/><INIT seed="0,0,0,5,1,33" ten="250,250,250,250" oya="0" hai0="88,108,31,42,128,44,101,29,113,26,48,124,70" hai1="127,133,66,99,9,20,92,67,5,16,4,39,82" hai2="17,18,103,35,43,21,122,78,45,89,55,14,83" hai3="96,111,94,119,61,135,75,53,24,72,49,1,87"/><T77/><D113/><U7/><E39/><V98/><F122/><W121/><G119/><T118/><D118/><U60/><E133/><V85/><F35/><W76/><G72/><T52/><D128/><U6/><E127/><V105/><F18/><W12/><G75/><T79/><D124/><U73/><E73/><V47/><F43/><W123/><G61/><T74/><D108/><U110/><E82/><V126/><F126/><W134/><G24/><T0/><D70/><U54/><E110/><V22/><F22/><W41/><G41/><T34/><D101/><U46/><E46/><V59/><REACH who="2" step="1"/><F78/><REACH who="2" ten="250,250,240,250" step="2"/><W90/><G121/><T63/><D77/><U91/><E6/><V50/><AGARI ba="0,1" hai="14,17,21,45,47,50,55,59,83,85,89,98,103,105" machi="50" ten="20,5200,0" yaku="1,1,2,1,0,1,7,1,53,0" doraHai="33" doraHaiUra="71" who="2" fromWho="2" sc="250,-26,250,-13,240,62,250,-13" /><INIT seed="1,0,0,4,0,121" ten="224,237,302,237" oya="1" hai0="59,126,98,19,89,82,38,22,90,1,76,32,83" hai1="53,35,134,54,64,42,29,25,4,43,123,50,87" hai2="33,107,40,102,34,7,55,45,67,109,80,56,10" hai3="27,75,24,30,86,17,78,114,125,37,106,31,131"/><U9/><E134/><V79/><F67/><W95/><G37/><T124/><D32/><U97/><E123/><V70/><F70/><W113/><G106/><T108/><D1/><U92/><E64/><V60/><F102/><W74/><G95/><T133/><D133/><U100/><E87/><V105/><F105/><W77/><G86/><T46/><D59/><U104/><E104/><V26/><F26/><W130/><G17/><T61/><D61/><U103/><E103/><V8/><F107/><W101/><G101/><T23/><D108/><U51/><E51/><V49/><F109/><W71/><REACH who="3" step="1"/><G71/><REACH who="3" ten="224,237,302,227" step="2"/><T28/><D19/><U52/><REACH who="1" step="1"/><E50/><REACH who="1" ten="224,227,302,227" step="2"/><V18/><F49/><W47/><G47/><T119/><D46/><U93/><E93/><V118/><F45/><W0/><G0/><AGARI ba="0,2" hai="0,4,9,25,29,35,42,43,52,53,54,92,97,100" machi="0" ten="40,3900,0" yaku="1,1,54,1,53,0" doraHai="121" doraHaiUra="73" who="1" fromWho="3" sc="224,0,227,59,302,0,227,-39" /><INIT seed="1,1,0,2,2,4" ten="224,286,302,188" oya="1" hai0="26,9,104,94,105,89,76,103,91,121,118,59,101" hai1="61,15,63,108,73,23,21,65,119,74,93,107,102" hai2="3,112,49,127,64,90,113,38,42,68,132,95,75" hai3="120,19,71,131,8,106,128,67,24,125,114,116,92"/><U10/><E119/><V100/><F75/><W80/><G106/><T83/><D26/><U27/><E107/><N who="0" m="41033" /><D59/><U33/><E33/><V44/><F100/><N who="0" m="38474" /><D9/><U99/><E108/><V98/><F132/><W57/><G71/><T78/><D118/><U115/><E115/><N who="2" m="44107" /><F127/><W58/><G125/><T41/><D41/><U46/><E46/><V109/><F109/><W5/><G114/><T40/><D40/><U129/><E129/><N who="3" m="49738" /><G120/><T122/><D76/><U60/><E65/><V133/><F133/><W135/><G135/><T12/><D12/><U52/><E52/><V53/><F3/><N who="3" m="63" /><G67/><T47/><D47/><U134/><E134/><V84/><F68/><W34/><G116/><T7/><D7/><U48/><E48/><V39/><F64/><W123/><G123/><N who="0" m="47115" /><D94/><U32/><E32/><V81/><F42/><W29/><G92/><T72/><AGARI ba="1,0" hai="72,78,83,89,91" m="47115,38474,41033" machi="72" ten="40,5200,0" yaku="13,1,34,2" doraHai="4" who="0" fromWho="0" sc="224,55,286,-27,302,-14,188,-14" /><INIT seed="2,0,0,0,2,104" ten="279,259,288,174" oya="2" hai0="44,111,37,19,109,15,97,90,41,12,75,95,48" hai1="11,36,92,16,103,122,127,128,27,100,101,69,9" hai2="105,129,40,84,132,31,23,110,76,120,107,10,119" hai3="62,68,115,53,51,46,47,135,26,21,70,85,0"/><V43/><F119/><W82/><G135/><T2/><D2/><U59/><E69/><V113/><F113/><W42/><G115/><T112/><D112/><U126/><E36/><V89/><F120/><W61/><G0/><T56/><D75/><U22/><E122/><V18/><F76/><W57/><G47/><T67/><D15/><U134/><E128/><V86/><F132/><W96/><G96/><T79/><D79/><U30/><E134/><V3/><F129/><W6/><G6/><T29/><D29/><U102/><E59/><V38/><F110/><N who="0" m="41994" /><D67/><U83/><E83/><V60/><F60/><W78/><REACH who="3" step="1"/><G62/><REACH who="3" ten="279,259,288,164" step="2"/><T1/><D1/><U50/><E126/><V123/><F3/><W49/><G49/><T7/><D7/><U72/><E127/><V63/><F38/><W25/><G25/><T114/><D114/><U91/><E50/><V71/><F63/><W93/><G93/><T54/><D12/><U66/><E92/><V81/><F105/><W98/><G98/><T33/><D37/><U4/><E4/><V133/><F107/><W117/><G117/><T125/><D125/><U55/><E27/><V20/><F133/><W32/><G32/><T74/><D33/><U5/><E5/><V130/><F130/><W124/><G124/><T108/><D108/><U58/><E103/><V24/><F123/><W64/><G64/><T77/><D48/><U39/><E66/><V73/><F24/><W28/><AGARI ba="0,1" hai="21,26,28,42,46,51,53,57,61,68,70,78,82,85" machi="28" ten="20,2700,0" yaku="1,1,0,1,7,1,53,0" doraHai="104" doraHaiUra="34" who="3" fromWho="3" sc="279,-7,259,-7,288,-13,164,37" /><INIT seed="3,0,0,4,0,112" ten="272,252,275,201" oya="3" hai0="111,127,79,32,33,11,46,116,44,73,7,56,54" hai1="39,106,118,20,49,30,6,91,62,70,37,60,57" hai2="21,114,134,119,117,125,10,122,35,121,71,128,61" hai3="26,135,15,5,133,99,13,72,59,102,53,98,84"/><W74/><G26/><T22/><D111/><U76/><E106/><V29/><F114/><W36/><G36/><T107/><D127/><U69/><E76/><V48/><F125/><W124/><G84/><T27/><D107/><U25/><E6/><V2/><F134/><N who="3" m="51211" /><G124/><T82/><D33/><U68/><E49/><V81/><F128/><W97/><G102/><T129/><D32/><U67/><E62/><V87/><F35/><W24/><G24/><T105/><D105/><U123/><E123/><N who="2" m="47115" /><F48/><N who="3" m="31143" /><G5/><T55/><D129/><U43/><E43/><V113/><F113/><W126/><G126/><T23/><D7/><U131/><E131/><V63/><F10/><W110/><G110/><T109/><D11/><U108/><E108/><V115/><F2/><W103/><G103/><T50/><D109/><U94/><REACH who="1" step="1"/><E118/><REACH who="1" ten="272,242,275,201" step="2"/><V77/><F115/><W47/><G47/><T17/><D116/><N who="2" m="44618" /><F71/><W93/><G93/><T78/><D46/><U65/><E65/><V42/><F42/><W120/><G120/><T0/><D44/><U12/><E12/><AGARI ba="0,1" hai="12,13,15,72,74,97,98,99" m="31143,51211" machi="12" ten="30,1500,0" yaku="20,1" doraHai="112" who="3" fromWho="1" sc="272,0,242,-15,275,0,201,25" /><INIT seed="3,1,0,4,3,96" ten="272,227,275,226" oya="3" hai0="85,118,94,69,76,130,44,83,34,71,79,29,32" hai1="88,15,131,36,21,53,120,100,45,10,67,39,77" hai2="111,99,61,63,62,75,48,66,35,17,1,16,9" hai3="51,7,27,123,37,125,122,106,18,101,104,54,117"/><W28/><G117/><T89/><D118/><U116/><E116/><V108/><F75/><W57/><G125/><T52/><D130/><U78/><E120/><V93/><F35/><W42/><G7/><T8/><D8/><U19/><E131/><V24/><F48/><W126/><G126/><T11/><D11/><U103/><E39/><V6/><F66/><W55/><G18/><T129/><D129/><U20/><E67/><V80/><F80/><W23/><G54/><T124/><D124/><U40/><E53/><V56/><F56/><W102/><G106/><T109/><D109/><N who="2" m="42058" /><F24/><W60/><G37/><T81/><D81/><U115/><E115/><V134/><F134/><W135/><G135/><T30/><D32/><U41/><E41/><V68/><F68/><W74/><G74/><T0/><D34/><U64/><E64/><V121/><F121/><W86/><G104/><T84/><D71/><U26/><E26/><V87/><F87/><W132/><G132/><T91/><D69/><U22/><E36/><V133/><F133/><W65/><G42/><T128/><D128/><U14/><E45/><V110/><N who="2" m="42066" /><V50/><DORA hai="46" /><F50/><W31/><G31/><N who="0" m="11787" /><D0/><U47/><E40/><V38/><F38/><W43/><G43/><T12/><D12/><U95/><E14/><V2/><F2/><W114/><G114/><T92/><D83/><U73/><E73/><V97/><F97/><W105/><G123/><T25/><D25/><U33/><E33/><V59/><F59/><N who="3" m="33279" /><G122/><T98/><D98/><N who="1" m="57703" /><E47/><V127/><F127/><W3/><G3/><T13/><D13/><RYUUKYOKU ba="1,0" sc="272,10,227,10,275,10,226,-30" hai0="44,52,76,79,84,85,89,91,92,94" hai1="10,15,19,20,21,22,77,78,100,103" hai2="1,6,9,16,17,61,62,63,93,99" /><INIT seed="4,2,0,5,5,132" ten="282,237,285,196" oya="0" hai0="54,38,32,124,94,103,63,55,125,128,92,114,88" hai1="77,117,86,56,121,39,43,81,85,36,49,53,84" hai2="133,60,12,16,89,79,1,25,41,98,8,115,104" hai3="95,91,37,131,109,70,110,18,9,76,87,83,107"/><T40/><D32/><U20/><E121/><V120/><F120/><W42/><G131/><T21/><D128/><U61/><E117/><V47/><F115/><W10/><G107/><T123/><D123/><U26/><E39/><V105/><F133/><W101/><G70/><T15/><D114/><U90/><E36/><V44/><F1/><W31/><G31/><T112/><D112/><U17/><E90/><V58/><F79/><W75/><G101/><T100/><D40/><U57/><REACH who="1" step="1"/><E43/><REACH who="1" ten="282,227,285,196" step="2"/><V96/><F89/><W74/><G74/><T4/><D38/><U127/><E127/><N who="0" m="48713" /><D88/><U122/><E122/><V28/><F41/><W72/><G72/><T82/><D103/><U62/><E62/><V102/><F102/><W11/><REACH who="3" step="1"/><G18/><REACH who="3" ten="282,227,285,186" step="2"/><N who="0" m="10463" /><D100/><U35/><E35/><V5/><F16/><W22/><G22/><T23/><D23/><U134/><E134/><V116/><F116/><W2/><G2/><T45/><D4/><U3/><E3/><V29/><F5/><W99/><G99/><T73/><D73/><U97/><E97/><V13/><F98/><W108/><G108/><T19/><D19/><U46/><E46/><AGARI ba="2,2" hai="9,10,11,37,42,46,75,76,83,87,91,95,109,110" machi="46" ten="40,1300,0" yaku="1,1,53,0" doraHai="132" doraHaiUra="67" who="3" fromWho="1" sc="282,0,227,-19,285,0,186,39" /><INIT seed="5,0,0,2,1,41" ten="282,208,285,225" oya="1" hai0="135,76,126,124,5,30,21,113,128,19,59,43,57" hai1="103,74,60,106,28,130,8,20,4,53,34,61,71" hai2="32,78,45,67,7,121,97,22,119,38,92,44,48" hai3="72,66,100,114,118,37,91,132,85,65,23,68,73"/><U50/><E74/><V127/><F119/><W47/><G100/><T35/><D113/><U13/><E34/><V87/><F121/><W62/><G65/><T79/><D128/><U102/><E130/><V51/><F32/><W86/><G114/><T39/><D135/><U83/><E83/><N who="2" m="47607" /><F38/><W6/><G132/><T24/><D5/><U69/><E69/><V109/><F67/><W18/><G6/><T64/><D76/><U14/><E71/><V2/><F2/><W116/><G73/><T9/><D79/><U31/><E106/><V107/><F107/><W123/><G72/><T12/><D35/><U131/><E131/><V52/><F109/><W81/><G86/><T26/><D26/><N who="1" m="16455" /><E31/><V94/><F127/><N who="0" m="48682" /><D64/><U134/><E134/><V105/><F105/><W25/><REACH who="3" step="1"/><G123/><REACH who="3" ten="282,208,285,215" step="2"/><T125/><D125/><U55/><E14/><V133/><F7/><W42/><AGARI ba="0,1" hai="18,23,25,37,42,47,62,66,68,81,85,91,116,118" machi="42" ten="30,7900,0" yaku="1,1,2,1,0,1,52,1,53,0" doraHai="41" doraHaiUra="3" who="3" fromWho="3" sc="282,-20,208,-39,285,-20,215,89" owari="262,-13.8,169,-33.1,265,6.5,304,40.4" /></mjloggm>