<mjloggm ver="2.3"><GO type="225" lobby="0"/><UN n0="%E8%81%B7%E6%A5%AD%E3%80%81%E9%A2%A8%32" n1="%E3%81%9F%E3%81%A3%E3%81%A1%E3%82%87" n2="%E6%97%A5%E6%9B%9C%E6%97%A5%E3%82%88%E3%82%8A%E3%81%AE%E4%BD%BF%E8%80%85" n3="%E3%83%AD%E3%83%83%E3%83%86%E9%9B%80%E7%90%83" dan="16,16,18,17" rate="2190.84,2061.89,2164.46,2220.22" sx="M,M,M,M"/><TAIKYOKU oya="0"/><INIT seed="0,0,0,3,2,120" ten="250,250,250,250" oya="0" hai0="25,7,49,15,117,60,55,130,45,123,77,0,132" hai1="53,76,58,64,63,122,126,31,87,69,115,109,79" hai2="72,104,81,43,35,23,29,124,9,10,54,97,101" hai3="2,12,118,89,135,38,50,106,100,107,56,48,78"/><T121/><D117/><U66/><E122/><V1/><F35/><W61/><G2/><T108/><D130/><U103/><E115/><V33/><F33/><W8/><G38/><T52/><D121/><U128/><E128/><V88/><F1/><W80/><G89/><T119/><D123/><U22/><E126/><V96/><F43/><W134/><G118/><T92/><D119/><U71/><E103/><V68/><F68/><W46/><G100/><T3/><D132/><N who="3" m="50729" /><G56/><T86/><D3/><U18/><E109/><V57/><F124/><W91/><G91/><N who="0" m="53367" /><D0/><U30/><E69/><V39/><F39/><W105/><G61/><T14/><D108/><U75/><E75/><V73/><F73/><N who="3" m="43087" /><G46/><N who="0" m="27703" /><D77/><U51/><E76/><V13/><F72/><W93/><G93/><T6/><D25/><U114/><E114/><V16/><F29/><W11/><G11/><T95/><D95/><U99/><E71/><V28/><F28/><W44/><G44/><T129/><D129/><U67/><E30/><V36/><F36/><W37/><G37/><T94/><D94/><U110/><E31/><V19/><F19/><AGARI ba="0,0" hai="8,12,19,48,50,105,106,107" m="43087,50729" machi="19" ten="40,1300,0" yaku="20,1" doraHai="120" who="3" fromWho="2" sc="250,0,250,0,250,-13,250,13" /><INIT seed="1,0,0,1,5,95" ten="250,250,237,263" oya="1" hai0="24,120,80,53,64,113,77,66,78,17,87,58,1" hai1="93,14,90,9,57,38,79,118,115,21,72,74,0" hai2="126,105,110,70,19,28,81,16,34,2,76,92,104" hai3="39,98,36,15,51,75,131,82,11,12,128,35,8"/><U37/><E115/><V47/><F70/><W114/><G35/><T59/><D1/><U48/><E118/><V31/><F2/><W109/><G114/><T69/><D69/><U106/><E106/><V42/><F110/><W26/><G26/><T97/><D120/><U61/><E0/><V111/><F111/><W33/><G33/><T5/><D5/><U127/><E127/><V4/><F4/><W100/><G109/><T29/><D113/><U102/><E102/><V123/><F123/><W108/><G108/><T67/><D78/><U27/><E48/><V60/><F60/><W129/><G51/><T18/><D97/><U49/><E49/><N who="2" m="26871" /><F34/><W86/><G75/><T94/><D94/><U13/><E79/><V130/><F105/><N who="3" m="63639" /><G12/><T85/><D85/><U135/><E14/><V71/><F104/><W32/><G32/><T83/><D83/><U103/><E74/><V3/><F3/><W65/><G65/><T116/><D116/><U46/><E72/><V43/><F71/><W62/><G62/><N who="0" m="36175" /><D59/><U119/><E46/><V68/><F68/><W7/><G11/><T30/><D30/><N who="2" m="11306" /><F43/><W45/><G45/><T117/><D117/><U121/><E119/><V101/><F126/><W23/><G23/><AGARI ba="0,0" hai="17,18,23,24,29,64,66,67,77,80,87" m="36175" machi="23" ten="30,1000,0" yaku="8,1" doraHai="95" who="0" fromWho="3" sc="250,10,250,0,237,0,263,-10" /><INIT seed="2,0,0,4,0,112" ten="260,250,237,253" oya="2" hai0="3,70,39,116,126,85,57,21,42,76,121,69,0" hai1="4,47,125,133,15,75,18,110,96,134,23,77,10" hai2="62,26,93,35,79,65,40,99,74,120,37,24,129" hai3="44,16,98,73,45,82,38,122,130,17,19,55,104"/><V119/><F120/><W113/><G122/><T131/><D126/><U101/><E110/><V114/><F114/><W117/><G117/><T51/><D131/><U53/><E125/><V128/><F79/><W50/><G113/><T11/><D116/><U78/><E53/><V107/><F74/><W106/><G130/><N who="2" m="50281" /><F107/><W88/><G73/><T92/><D76/><U71/><E47/><N who="2" m="23951" /><F35/><W63/><G63/><T54/><D121/><U1/><E71/><N who="2" m="42423" /><F119/><W72/><G72/><T89/><D3/><U84/><E75/><V30/><F30/><W127/><G127/><T52/><D0/><U68/><E68/><V90/><AGARI ba="0,0" hai="24,26,90,93,99" m="42423,23951,50281" machi="90" ten="30,1500,0" yaku="19,1" doraHai="112" who="2" fromWho="2" sc="260,-5,250,-5,237,15,253,-5" /><INIT seed="2,1,0,0,1,58" ten="255,245,252,248" oya="2" hai0="106,29,1,99,62,111,66,80,10,73,131,96,39" hai1="115,114,90,31,132,72,6,5,70,74,88,64,53" hai2="98,41,112,105,126,8,60,87,63,93,124,43,85" hai3="55,100,35,28,65,15,123,36,77,24,25,122,37"/><V101/><F8/><W91/><G77/><T0/><D111/><U119/><E132/><V45/><F112/><W71/><G91/><T127/><D131/><U2/><E119/><V109/><F109/><W48/><G15/><T47/><D127/><N who="2" m="48682" /><F41/><W17/><G17/><T3/><D29/><U49/><E31/><V32/><F32/><W113/><G25/><T134/><D10/><U104/><E104/><V26/><F26/><W121/><G113/><T52/><D134/><U33/><E33/><V129/><F129/><W44/><REACH who="3" step="1"/><G100/><REACH who="3" ten="255,245,252,238" step="2"/><T7/><D3/><U46/><E90/><N who="2" m="53455" /><F87/><W69/><G69/><T38/><D1/><U95/><E2/><V108/><F108/><W13/><G13/><T135/><D0/><U12/><E70/><V79/><F79/><W103/><G103/><T11/><D135/><U9/><E88/><V78/><F78/><W76/><G76/><T130/><D130/><U102/><E114/><V61/><F61/><AGARI ba="1,1" hai="24,28,35,36,37,44,48,55,61,65,71,121,122,123" machi="61" ten="40,2600,0" yaku="1,1,52,1,53,0" doraHai="58" doraHaiUra="14" who="3" fromWho="2" sc="255,0,245,0,252,-29,238,39" /><INIT seed="3,0,0,1,5,121" ten="255,245,223,277" oya="3" hai0="118,84,35,109,19,99,91,97,75,53,31,95,17" hai1="10,3,42,77,81,40,13,101,98,55,29,8,23" hai2="112,78,106,41,133,76,49,21,116,94,124,66,0" hai3="90,2,46,44,132,38,4,69,60,134,79,57,63"/><W108/><G108/><T129/><D118/><U74/><E3/><V7/><F106/><W103/><G79/><T11/><D75/><U117/><E117/><V54/><F116/><W67/><G103/><T71/><D109/><U105/><E55/><V5/><F112/><W62/><G90/><T1/><D71/><U104/><E105/><V36/><F36/><W48/><G4/><N who="2" m="1609" /><F0/><W123/><G123/><T111/><D111/><U61/><E61/><N who="3" m="23658" /><G2/><T100/><D1/><U114/><E114/><V135/><F124/><W126/><G126/><T22/><D35/><U70/><E70/><V65/><F41/><N who="3" m="22583" /><G69/><T80/><D129/><U125/><E125/><V51/><F94/><W120/><G120/><T39/><D39/><U12/><E8/><V15/><F15/><W92/><G92/><N who="0" m="58407" /><D11/><U102/><E10/><V52/><F21/><W43/><AGARI ba="0,0" hai="43,46,48,57,63,67,132,134" m="22583,23658" machi="43" ten="30,3000,0" yaku="34,2" doraHai="121" who="3" fromWho="3" sc="255,-10,245,-10,223,-10,277,30" owari="245,4.5,235,-16.5,213,-28.7,307,40.7" /></mjloggm>