<mjloggm ver="2.3"><GO type="225" lobby="0"/><UN n0="%E5%B0%8F%E9%B3%A5%E9%81%8A%E7%B7%B4%E7%84%A1%32%31%E6%AD%B3" n1="%E5%8F%AF%E5%85%90%E9%82%A3%E7%94%B1%E5%A4%9A" n2="%E5%8D%A0%E3%81%84%E5%B8%AB%E8%A3%8F%E3%81%AA%E3%81%84%E3%81%97" n3="%E3%82%A2%E3%82%A4%E3%82%B9%E3%83%86%E3%82%A3%E3%83%BC%E3%81%82%E3%81%B9" dan="16,17,16,16" rate="2178.05,2247.51,2117.40,2123.20" sx="F,F,M,M"/><TAIKYOKU oya="0"/><INIT seed="0,0,0,1,3,60" ten="250,250,250,250" oya="0" hai0="55,81,50,122,69,77,64,129,38,113,44,117,58" hai1="92,109,118,88,128,108,121,135,90,85,36,126,66" hai2="84,125,106,15,22,14,40,34,94,98,9,83,82" hai3="115,23,42,13,79,26,130,41,80,95,4,3,51"/><T56/><D117/><U123/><E36/><V107/><F34/><W63/><G130/><T114/><D122/><N who="1" m="46603" /><E66/><V105/><F125/><W45/><G3/><T53/><D129/><U6/><E6/><V75/><F75/><W10/><G115/><N who="0" m="44043" /><D81/><N who="1" m="49199" /><E128/><V31/><F40/><W71/><G95/><T27/><D27/><U54/><E54/><N who="0" m="20489" /><D77/><U65/><E65/><V133/><F133/><W91/><G91/><T37/><D69/><U102/><E118/><V131/><F131/><W78/><G78/><T46/><D50/><U62/><E62/><V100/><F82/><W30/><G63/><N who="0" m="37991" /><D58/><U48/><E48/><V47/><F31/><W17/><G71/><T70/><D70/><U24/><E24/><V119/><F119/><W18/><REACH who="3" step="1"/><G42/><REACH who="3" ten="250,250,250,240" step="2"/><T124/><D124/><U21/><E126/><V61/><F106/><W116/><G116/><T29/><D29/><U127/><E127/><V20/><F105/><W103/><G103/><T112/><D112/><U104/><E135/><V86/><F107/><W39/><G39/><AGARI ba="0,1" hai="37,38,39,44,46" m="37991,20489,44043" machi="39" ten="30,5800,0" yaku="34,2,52,1" doraHai="60" who="0" fromWho="3" sc="250,68,250,0,250,0,240,-58" /><INIT seed="0,1,0,0,0,32" ten="318,250,250,182" oya="0" hai0="134,35,34,22,120,42,49,123,47,66,119,11,1" hai1="116,12,85,13,104,131,50,112,61,109,10,135,74" hai2="88,30,31,96,75,98,56,64,121,128,48,107,40" hai3="108,51,101,44,67,16,115,100,20,103,45,54,19"/><T70/><D119/><U28/><E74/><V83/><F121/><W72/><G108/><T117/><D117/><U57/><E116/><V3/><F75/><W39/><G115/><T5/><D134/><U59/><E104/><V92/><F128/><W0/><G0/><T125/><D125/><U127/><E109/><V62/><F3/><W73/><G67/><T29/><D22/><U27/><E135/><V84/><F107/><W60/><G60/><T81/><D81/><U63/><E127/><V130/><F130/><W99/><G99/><T129/><D129/><U69/><E131/><V41/><F98/><W77/><G77/><T33/><REACH who="0" step="1"/><D29/><REACH who="0" ten="308,250,250,182" step="2"/><N who="2" m="10762" /><F48/><W36/><G72/><T7/><D7/><U43/><E50/><V8/><F8/><W4/><G73/><T97/><D97/><U87/><E10/><V38/><F38/><W14/><G4/><T113/><D113/><U110/><E112/><V90/><AGARI ba="1,1" hai="40,41,56,62,64,83,84,88,90,92,96" m="10762" machi="90" ten="30,2000,0" yaku="8,1,54,1" doraHai="32" who="2" fromWho="2" sc="308,-11,250,-6,250,33,182,-6" /><INIT seed="1,0,0,3,1,102" ten="297,244,283,176" oya="1" hai0="37,48,34,74,25,125,43,52,81,84,97,89,79" hai1="129,15,51,58,103,63,36,54,116,106,96,109,50" hai2="90,41,6,82,49,78,4,112,57,69,19,23,59" hai3="122,55,134,91,107,10,26,11,99,64,39,2,31"/><U66/><E116/><V93/><F69/><W24/><G122/><T40/><D125/><U104/><E36/><V17/><F112/><W101/><G134/><T13/><D37/><U67/><E129/><V56/><F41/><W130/><G130/><T80/><D13/><U42/><E109/><V94/><F49/><W9/><G39/><T121/><D121/><U110/><E110/><V28/><F28/><W120/><G120/><T87/><D74/><U86/><E42/><V46/><F46/><W72/><G72/><T95/><D25/><U12/><E50/><V29/><F29/><W123/><G123/><T61/><D34/><U14/><E86/><N who="2" m="48471" /><F94/><W124/><G124/><T127/><D61/><U32/><E32/><V100/><F100/><W45/><G64/><T128/><D127/><U111/><E111/><V68/><F68/><W16/><G91/><N who="0" m="51591" /><D128/><U22/><E67/><V117/><F117/><W135/><G135/><T98/><D98/><U83/><E83/><V35/><F35/><W126/><G126/><T60/><D60/><U20/><REACH who="1" step="1"/><E106/><REACH who="1" ten="297,234,283,176" step="2"/><V85/><F85/><W133/><G133/><T5/><D40/><U115/><E115/><V33/><F33/><W76/><G107/><T1/><D43/><U27/><E27/><V118/><F118/><W8/><G26/><T114/><D114/><U92/><E92/><V38/><F38/><W113/><G24/><T65/><D65/><U108/><E108/><V132/><F132/><W47/><G113/><T105/><D105/><U70/><AGARI ba="0,1" hai="12,14,15,20,22,51,54,58,63,66,70,96,103,104" machi="70" ten="30,12000,1" yaku="1,1,0,1,52,1,53,2" doraHai="102" doraHaiUra="18" who="1" fromWho="1" sc="297,-40,234,130,283,-40,176,-40" /><INIT seed="1,1,0,1,5,124" ten="257,364,243,136" oya="1" hai0="123,114,6,4,105,35,44,31,8,134,95,1,13" hai1="75,84,120,104,64,115,129,7,74,112,16,70,73" hai2="23,43,51,117,116,53,87,56,55,19,118,133,130" hai3="89,135,17,88,119,76,46,125,91,61,85,9,57"/><U40/><E120/><V126/><F126/><W121/><G125/><T67/><D105/><U86/><E104/><V90/><F133/><W49/><G135/><T132/><D67/><U47/><E7/><V110/><F110/><W5/><G119/><T58/><D58/><U97/><E97/><V108/><F108/><W69/><G69/><T100/><D44/><U79/><E64/><V93/><F43/><W15/><G121/><T92/><D100/><U34/><E34/><V66/><F66/><W96/><G96/><T30/><D92/><U2/><E2/><V72/><F72/><W128/><G128/><T48/><D95/><U12/><E70/><V38/><F53/><N who="3" m="33967" /><G76/><T45/><D114/><U60/><E60/><V3/><F3/><W29/><G29/><T71/><D71/><U101/><E101/><V22/><F38/><W62/><G62/><T83/><D123/><U80/><E86/><V127/><F127/><W28/><G28/><T131/><D31/><U78/><E78/><V10/><F130/><W41/><G5/><T33/><D4/><U94/><E129/><V11/><REACH who="2" step="1"/><F23/><REACH who="2" ten="257,364,233,136" step="2"/><W99/><G99/><T102/><D131/><U24/><E75/><V59/><F59/><W113/><G113/><T98/><D134/><U0/><E74/><V26/><AGARI ba="1,1" hai="10,11,19,22,26,51,55,56,87,90,93,116,117,118" machi="26" ten="30,2000,0" yaku="1,1,0,1,53,0" doraHai="124" doraHaiUra="107" who="2" fromWho="2" sc="257,-6,364,-11,233,33,136,-6" /><INIT seed="2,0,0,1,5,116" ten="251,353,266,130" oya="2" hai0="102,7,29,49,110,60,130,98,83,122,56,52,103" hai1="64,62,65,93,5,97,19,118,23,42,129,1,92" hai2="3,59,13,86,101,135,53,132,117,47,50,74,77" hai3="40,16,113,41,82,66,75,85,128,61,24,44,70"/><V32/><F3/><W39/><G128/><T31/><D130/><U34/><E34/><V123/><F117/><W51/><G113/><T84/><D110/><U38/><E118/><V91/><F32/><W71/><G75/><T94/><D122/><U14/><E129/><V126/><F126/><W0/><G0/><T20/><D7/><U81/><E38/><V78/><F101/><W12/><G24/><T89/><D103/><U2/><E42/><V79/><F123/><W22/><G70/><T114/><D114/><U18/><E5/><V45/><F13/><W69/><G71/><T55/><REACH who="0" step="1"/><D20/><REACH who="0" ten="241,353,266,130" step="2"/><U25/><E23/><V4/><F4/><W96/><G96/><T90/><D90/><U107/><E97/><V58/><F74/><W35/><G35/><T76/><D76/><U27/><E1/><V43/><F135/><W36/><REACH who="3" step="1"/><G41/><REACH who="3" ten="241,353,266,120" step="2"/><T87/><D87/><U54/><E2/><V21/><F43/><W131/><G131/><T68/><D68/><U106/><E27/><V99/><F86/><W119/><G119/><T112/><D112/><U134/><E25/><V124/><F99/><W17/><G17/><T95/><D95/><U121/><E19/><V88/><F132/><W111/><G111/><T108/><D108/><U105/><E134/><V33/><F33/><W37/><G37/><T73/><D73/><U63/><E18/><V104/><F124/><W57/><G57/><AGARI ba="0,2" hai="29,31,49,52,55,56,57,60,83,84,89,94,98,102" machi="57" ten="30,7700,0" yaku="1,1,7,1,8,1,54,1,53,0" doraHai="116" doraHaiUra="67" who="0" fromWho="3" sc="241,97,353,0,266,0,120,-77" /><INIT seed="3,0,0,5,1,103" ten="338,353,266,43" oya="3" hai0="36,106,44,80,134,13,73,129,75,31,107,119,16" hai1="116,11,26,41,115,4,8,118,30,84,87,121,21" hai2="39,132,96,130,104,22,72,120,112,1,43,24,102" hai3="99,83,52,64,47,20,33,94,100,117,122,85,81"/><W57/><G33/><T12/><D119/><N who="1" m="45611" /><E115/><V126/><F112/><W5/><G117/><T133/><D12/><N who="1" m="5127" /><E121/><V38/><F120/><W76/><G122/><T101/><D31/><U66/><E66/><V95/><F132/><N who="0" m="50794" /><D129/><U60/><E60/><V68/><F130/><W71/><G5/><T45/><D101/><U58/><E58/><V108/><F108/><W25/><G71/><T69/><D69/><U70/><E70/><V123/><F123/><W10/><G10/><N who="0" m="6199" /><D44/><U14/><E41/><V77/><F126/><W59/><G83/><T111/><D111/><U54/><E54/><V61/><F1/><W40/><G64/><T42/><D75/><U27/><E27/><V113/><F113/><W51/><REACH who="3" step="1"/><G40/><REACH who="3" ten="338,353,266,33" step="2"/><T82/><D80/><U86/><E11/><V15/><F43/><W3/><G3/><T109/><D109/><U56/><E56/><V78/><F68/><W63/><G63/><T90/><D73/><U17/><E14/><V88/><F15/><W65/><G65/><T37/><D36/><U53/><E53/><V128/><F61/><W124/><G124/><T74/><D74/><U89/><E17/><AGARI ba="0,1" hai="17,20,25,47,51,52,57,59,76,81,85,94,99,100" machi="17" ten="30,11600,0" yaku="1,1,7,1,8,1,54,1,53,0" doraHai="103" doraHaiUra="29" who="3" fromWho="1" sc="338,0,353,-116,266,0,33,126" /><INIT seed="3,1,0,5,4,124" ten="338,237,266,159" oya="3" hai0="121,52,35,63,1,51,10,95,33,30,114,0,4" hai1="131,40,8,99,67,5,64,60,27,135,97,62,22" hai2="2,25,92,36,81,118,59,107,82,45,117,111,24" hai3="29,79,90,55,112,133,65,87,78,88,74,54,43"/><W72/><G112/><T128/><D121/><U93/><E135/><V91/><F107/><W77/><G133/><T12/><D128/><U71/><E131/><V61/><F2/><W80/><G65/><T18/><D63/><U85/><E40/><V34/><F111/><W3/><G3/><T19/><D114/><U13/><E85/><V113/><F113/><W26/><G43/><T96/><D19/><U119/><E93/><V39/><F45/><W123/><G123/><T69/><D69/><U130/><E130/><V44/><F44/><W31/><G31/><T104/><D104/><U76/><E76/><V17/><F17/><W84/><G74/><T120/><D120/><U116/><E116/><V7/><F7/><W41/><G41/><T125/><D125/><U46/><E46/><V15/><F15/><W50/><G72/><T21/><D35/><U73/><E73/><V109/><F34/><W127/><G127/><T83/><D83/><N who="2" m="31754" /><F109/><W86/><G80/><T110/><D110/><U122/><E119/><V56/><F56/><W42/><G42/><T100/><D30/><U32/><E32/><V103/><F118/><W47/><REACH who="3" step="1"/><G54/><REACH who="3" ten="338,237,266,149" step="2"/><T126/><D126/><U115/><E115/><V6/><F117/><W16/><G16/><T101/><D0/><U38/><E122/><V11/><F36/><W129/><G129/><T57/><D33/><AGARI ba="1,1" hai="26,29,33,47,50,55,77,78,79,84,86,87,88,90" machi="33" ten="40,3900,0" yaku="1,1,54,1,53,0" doraHai="124" doraHaiUra="37" who="3" fromWho="0" sc="338,-42,237,0,266,0,149,52" /><INIT seed="3,2,0,1,5,0" ten="296,237,266,201" oya="3" hai0="80,20,25,96,124,24,112,62,126,33,115,81,118" hai1="2,113,12,53,38,44,78,4,79,87,29,23,64" hai2="31,92,114,132,57,5,76,59,129,19,6,93,116" hai3="103,60,88,32,54,58,74,65,72,61,37,71,49"/><W91/><G32/><T102/><D62/><U35/><E113/><N who="0" m="43593" /><D118/><U15/><E64/><V77/><F114/><W94/><G37/><T56/><D56/><N who="2" m="21578" /><F116/><W128/><G128/><T10/><D10/><N who="1" m="4167" /><E2/><V36/><F36/><W51/><G103/><T43/><D43/><U90/><E35/><V101/><F31/><W125/><G91/><T42/><D42/><U52/><E38/><V9/><F132/><W104/><G104/><N who="0" m="63559" /><D33/><U131/><E131/><V17/><F93/><W66/><G125/><N who="0" m="48235" /><D25/><N who="1" m="16575" /><E15/><N who="2" m="7407" /><F19/><AGARI ba="2,0" hai="19,20,24,80,81" m="48235,63559,43593" machi="19" ten="30,2000,0" yaku="11,1,18,1" doraHai="0" who="0" fromWho="2" sc="296,26,237,0,266,-26,201,0" owari="322,42.2,237,-16.3,240,4.0,201,-29.9" /></mjloggm>