<mjloggm ver="2.3"><GO type="225" lobby="0"/><UN n0="%E5%A4%96%E5%B7%9D%E7%AB%9C%E6%88%90" n1="%E3%83%A9%E3%83%BC%E3%83%A1%E3%83%B3%E4%BA%94%E9%83%8E" n2="%61%6D%65%6B%69" n3="%63%68%78%62%64" dan="16,16,16,16" rate="2105.27,2092.16,2095.26,2121.94" sx="M,M,M,M"/><TAIKYOKU oya="0"/><INIT seed="0,0,0,1,2,2" ten="250,250,250,250" oya="0" hai0="43,12,133,23,113,44,33,122,101,120,71,54,15" hai1="29,21,30,26,0,36,68,53,128,134,116,78,105" hai2="69,112,50,96,1,13,115,94,100,130,84,93,40" hai3="99,114,75,76,117,121,35,126,58,48,9,56,124"/><T57/><D71/><U135/><E105/><V80/><F1/><W70/><G117/><T7/><D33/><U90/><E36/><V51/><F69/><W107/><G114/><T5/><D113/><U42/><E42/><V18/><F130/><W103/><G70/><T32/><D32/><U63/><E116/><V45/><F51/><W20/><G35/><T87/><D101/><U19/><E128/><V16/><F18/><W61/><G121/><T59/><D133/><N who="1" m="50699" /><E78/><V119/><F94/><W88/><G9/><T118/><D118/><U37/><E37/><V67/><F67/><W82/><G20/><T31/><D59/><N who="1" m="35311" /><E68/><V62/><F62/><W77/><G77/><T95/><D44/><U106/><E106/><V131/><F131/><W74/><G74/><T110/><D43/><U104/><E104/><V47/><F47/><W22/><G22/><T65/><D65/><U39/><E39/><V127/><F119/><W86/><G48/><N who="0" m="30919" /><D122/><U27/><E0/><V17/><F17/><W11/><G11/><T24/><D120/><U60/><E60/><V129/><F129/><W34/><G34/><T14/><D110/><U3/><E3/><V79/><REACH who="2" step="1"/><F127/><REACH who="2" ten="250,250,240,250" step="2"/><N who="3" m="48683" /><G61/><T91/><AGARI ba="0,1" hai="5,7,12,14,15,23,24,31,87,91,95" m="30919" machi="91" ten="30,6000,0" yaku="8,1,52,2" doraHai="2" who="0" fromWho="0" sc="250,70,250,-20,240,-20,250,-20" /><INIT seed="0,1,0,2,3,77" ten="320,230,220,230" oya="0" hai0="125,114,67,28,19,129,93,36,101,24,115,70,73" hai1="88,83,7,89,107,18,27,122,16,96,46,103,111" hai2="119,58,43,17,63,55,68,9,110,87,20,60,74" hai3="108,23,11,81,120,45,61,79,31,86,50,100,51"/><T106/><D93/><U4/><E122/><V99/><F74/><W127/><G108/><T97/><D129/><U116/><E116/><V1/><F110/><W105/><G127/><T133/><D125/><U52/><E111/><V78/><F119/><W26/><G120/><T62/><D133/><U109/><E109/><V135/><F135/><W104/><G100/><T85/><D85/><U21/><E18/><V92/><F43/><W102/><G102/><T48/><D36/><U112/><E112/><V15/><F68/><W0/><G51/><T131/><D131/><U64/><E64/><V134/><F134/><W35/><G61/><T91/><D91/><U65/><E65/><V22/><F63/><W25/><G11/><T98/><D98/><U94/><E83/><N who="2" m="47607" /><F1/><W49/><G49/><T123/><D123/><U10/><E107/><V32/><F32/><W56/><G56/><T37/><D37/><U132/><E132/><V72/><F72/><W126/><G0/><T59/><D19/><U47/><E47/><V42/><F42/><W82/><G82/><T69/><D73/><U8/><E8/><V95/><F95/><W66/><G66/><T2/><D2/><U124/><E124/><V5/><F17/><N who="3" m="12527" /><G126/><T40/><D70/><U12/><REACH who="1" step="1"/><E4/><REACH who="1" ten="320,220,220,230" step="2"/><V3/><F3/><W76/><G105/><T29/><D114/><U13/><E13/><V121/><F121/><W53/><G104/><T41/><D115/><U6/><E6/><V34/><F34/><W54/><G54/><N who="0" m="32199" /><D28/><U90/><E90/><AGARI ba="1,1" hai="5,9,15,20,22,55,58,60,90,92,99" m="47607" machi="90" ten="30,2000,0" yaku="8,1,52,1" doraHai="77" who="2" fromWho="1" sc="320,0,220,-23,220,33,230,0" /><INIT seed="1,0,0,1,3,30" ten="320,197,253,230" oya="1" hai0="4,122,52,5,74,88,54,7,42,3,101,20,15" hai1="51,69,125,105,127,117,77,81,47,100,36,10,134" hai2="24,22,63,132,114,130,76,79,110,39,113,107,1" hai3="32,83,25,68,0,66,73,6,19,131,72,116,17"/><U111/><E117/><V97/><F39/><W123/><G123/><T37/><D74/><U43/><E69/><V82/><F1/><W104/><G131/><T31/><D3/><U94/><E105/><V99/><F130/><W126/><G126/><N who="1" m="48138" /><E134/><V98/><F132/><W121/><G121/><T128/><D101/><U40/><E111/><V70/><F107/><W102/><G116/><T27/><D122/><U56/><E10/><V129/><F110/><W84/><G6/><T46/><D128/><U38/><E43/><V55/><F129/><W11/><G11/><T44/><D44/><U86/><E56/><N who="2" m="35231" /><F82/><W35/><G0/><T29/><D29/><U53/><E40/><V75/><F75/><W65/><G104/><T60/><D60/><U28/><E28/><N who="2" m="17431" /><F70/><W93/><G68/><T33/><D33/><U61/><E61/><V18/><F18/><W89/><G73/><T115/><D115/><AGARI ba="0,0" hai="76,79,97,98,99,113,114,115" m="17431,35231" machi="115" ten="30,1000,0" yaku="11,1" doraHai="30" who="2" fromWho="0" sc="320,-10,197,0,253,10,230,0" /><INIT seed="2,0,0,5,5,5" ten="310,197,263,230" oya="2" hai0="114,56,74,32,103,19,9,8,70,65,112,75,134" hai1="108,27,98,97,77,52,60,120,79,46,11,100,18" hai2="50,31,87,57,64,16,125,67,119,129,128,76,95" hai3="59,133,7,29,86,49,117,37,115,44,53,82,22"/><V78/><F119/><W73/><G117/><T40/><D70/><U47/><E108/><V17/><F31/><W83/><G115/><T131/><D32/><U89/><E120/><V116/><F116/><W4/><G133/><T107/><D40/><U102/><E89/><N who="2" m="53695" /><F125/><W14/><G73/><T63/><D19/><N who="2" m="7242" /><F129/><W93/><G37/><T0/><D0/><U25/><E18/><V106/><F106/><W92/><G83/><T130/><D134/><U113/><E113/><N who="0" m="43625" /><D103/><U10/><E60/><V48/><F128/><N who="0" m="49194" /><D107/><U118/><E118/><V111/><F111/><W6/><G14/><T2/><D2/><U126/><REACH who="1" step="1"/><E52/><REACH who="1" ten="310,187,263,230" step="2"/><N who="2" m="31879" /><F50/><W68/><G44/><T91/><D91/><U35/><E35/><V85/><F78/><W105/><G4/><T13/><D13/><U124/><AGARI ba="0,1" hai="10,11,25,27,46,47,77,79,97,98,100,102,124,126" machi="124" ten="25,12000,2" yaku="1,1,0,1,22,2,52,2,53,0" doraHai="5" doraHaiUra="28" who="1" fromWho="1" sc="310,-30,187,130,263,-60,230,-30" /><INIT seed="3,0,0,4,2,70" ten="280,317,203,200" oya="3" hai0="114,110,107,116,19,40,3,47,91,94,35,14,63" hai1="128,95,0,85,5,93,44,54,79,22,33,71,30" hai2="53,55,25,121,51,34,52,8,102,135,16,69,127" hai3="89,66,46,67,118,68,97,38,122,86,60,64,131"/><W112/><G122/><T56/><D116/><U41/><E71/><V111/><F69/><W20/><G112/><T74/><D3/><U1/><E33/><V48/><F121/><W87/><G118/><T120/><D107/><U126/><E41/><V49/><F111/><W109/><G109/><T13/><D35/><U28/><E0/><V39/><F127/><W62/><G131/><T78/><D78/><U83/><E1/><V92/><F135/><W84/><G20/><T105/><D105/><U117/><E5/><V129/><F129/><W100/><G89/><T115/><D74/><U90/><E128/><V82/><F82/><W119/><G119/><T18/><D120/><U26/><E126/><V17/><F8/><W108/><G108/><T103/><D103/><U106/><E106/><V124/><F39/><W73/><G73/><T96/><D110/><U9/><E9/><V76/><F76/><W21/><G21/><T6/><D6/><U7/><E7/><V104/><F104/><W32/><G32/><T37/><D13/><U59/><E44/><V23/><F34/><W43/><REACH who="3" step="1"/><G68/><REACH who="3" ten="280,317,203,190" step="2"/><T36/><D115/><U10/><E117/><V130/><F130/><W42/><G42/><T31/><D114/><U133/><E133/><V12/><F124/><W72/><G72/><T11/><D40/><U123/><E123/><V80/><F80/><W81/><G81/><T75/><D91/><U65/><E90/><V99/><REACH who="2" step="1"/><F12/><REACH who="2" ten="280,317,193,190" step="2"/><W15/><G15/><N who="0" m="7551" /><D75/><U29/><E79/><V45/><F45/><W101/><G101/><N who="0" m="60567" /><D47/><U77/><E77/><V24/><F24/><RYUUKYOKU ba="0,2" sc="280,-15,317,-15,193,15,190,15" hai2="16,17,23,25,48,49,51,52,53,55,92,99,102" hai3="38,43,46,60,62,64,66,67,84,86,87,97,100" /><INIT seed="3,1,2,4,1,112" ten="265,302,208,205" oya="3" hai0="34,52,107,5,128,105,47,82,76,30,20,36,51" hai1="49,96,40,117,125,26,102,79,118,77,119,9,17" hai2="57,37,33,61,132,43,135,38,18,1,115,68,116" hai3="50,42,71,63,100,86,104,97,75,56,0,78,72"/><W124/><G124/><T121/><D121/><U127/><E40/><V81/><F115/><W134/><G134/><N who="2" m="51241" /><F33/><W12/><G0/><T92/><D34/><U99/><E49/><V69/><F1/><W108/><G108/><T4/><D36/><N who="2" m="13930" /><F81/><W66/><G12/><T95/><D128/><U88/><E88/><V27/><F43/><W53/><REACH who="3" step="1"/><G42/><REACH who="3" ten="265,302,208,195" step="2"/><T110/><D110/><U85/><E127/><V91/><F116/><W19/><G19/><T11/><D4/><U84/><E125/><V7/><F7/><W2/><G2/><T113/><D5/><U29/><E119/><V31/><F18/><W123/><G123/><T32/><D113/><U46/><E118/><V6/><F6/><W58/><G58/><T16/><D16/><U103/><E117/><V126/><F126/><W130/><G130/><T62/><D30/><U45/><E17/><V114/><F114/><W3/><G3/><T70/><D11/><U21/><E9/><V13/><F13/><W73/><G73/><T120/><D120/><U64/><E29/><V90/><F27/><W25/><G25/><T98/><D70/><N who="2" m="27242" /><F31/><W106/><G106/><T89/><D107/><U83/><E26/><V55/><AGARI ba="1,3" hai="55,57,61,90,91" m="27242,13930,51241" machi="55" ten="40,1500,0" yaku="20,1" doraHai="112" who="2" fromWho="2" sc="265,-5,302,-5,208,48,195,-8" /><INIT seed="4,0,0,5,3,43" ten="260,297,256,187" oya="0" hai0="22,59,54,47,102,45,3,20,74,72,109,26,25" hai1="90,69,84,39,112,4,18,106,89,131,116,77,135" hai2="121,76,49,67,107,40,12,28,86,29,6,92,117" hai3="16,38,83,94,85,80,61,87,75,79,115,133,129"/><T7/><D3/><U125/><E69/><V5/><F107/><W96/><G38/><T44/><D7/><U105/><E39/><V103/><F121/><W1/><G1/><T2/><D2/><U52/><E116/><V19/><F67/><W68/><G115/><T10/><D10/><U27/><E4/><N who="2" m="1643" /><F117/><W37/><G37/><T36/><D36/><U114/><E125/><V66/><F66/><W62/><G133/><T73/><D102/><U127/><E127/><V21/><F76/><N who="3" m="46215" /><G75/><T53/><D109/><U70/><E135/><V17/><F17/><W63/><G68/><T82/><D82/><N who="1" m="47183" /><E70/><V88/><F103/><N who="3" m="60823" /><G129/><T31/><D59/><U128/><E105/><V23/><F23/><W11/><G63/><T122/><D122/><U91/><E106/><V97/><F97/><W111/><G111/><T78/><D78/><U113/><E52/><V56/><F40/><W126/><G126/><T71/><D71/><U30/><E18/><V110/><F110/><W32/><G32/><AGARI ba="0,0" hai="27,30,32,89,90,91,112,113,114,128,131" m="47183" machi="32" ten="40,2600,0" yaku="15,1,11,1" doraHai="43" who="1" fromWho="3" sc="260,0,297,26,256,0,187,-26" owari="260,6.0,323,42.3,256,-14.4,161,-33.9" /></mjloggm>