<mjloggm ver="2.3"><GO type="225" lobby="0"/><UN n0="%E6%A0%B9%E5%85%83%E3%81%8B%E3%82%89%E5%90%B9%E3%81%A3%E9%A3%9B%E3%81%B6" n1="%E9%89%A2%E5%B7%BB%E3%82%AC%E3%83%96" n2="%E6%97%A5%E6%9B%9C%E6%97%A5%E3%82%88%E3%82%8A%E3%81%AE%E4%BD%BF%E8%80%85" n3="%72%69%6F%75%63%68%61%6E" dan="17,16,18,17" rate="2168.60,2136.06,2169.64,2224.69" sx="F,M,M,M"/><TAIKYOKU oya="0"/><INIT seed="0,0,0,3,2,92" ten="250,250,250,250" oya="0" hai0="80,103,127,98,30,135,77,83,32,2,50,112,25" hai1="79,106,11,20,68,4,31,19,82,52,56,3,88" hai2="94,101,124,6,21,13,132,114,43,90,36,85,81" hai3="65,34,42,66,97,16,78,35,37,23,58,87,89"/><T64/><D112/><U38/><E106/><V128/><F114/><W61/><G66/><T47/><D127/><U99/><E68/><V12/><F124/><W121/><G121/><T120/><D135/><U63/><E38/><V134/><F128/><W62/><G62/><T9/><D120/><U109/><E109/><V122/><F122/><W107/><G78/><T74/><D64/><U108/><E108/><V18/><F36/><W131/><G131/><T110/><D80/><U40/><E40/><V116/><F43/><W46/><G107/><T69/><D69/><U126/><E31/><V84/><F116/><W59/><G59/><T26/><D26/><U10/><E126/><V130/><F130/><W55/><G65/><T49/><D110/><U15/><E10/><V76/><F101/><W119/><G119/><T7/><REACH who="0" step="1"/><D47/><REACH who="0" ten="240,250,250,250" step="2"/><U0/><E82/><V48/><F134/><W45/><G46/><T102/><D102/><U71/><E71/><V104/><F132/><W86/><G34/><T129/><D129/><U100/><E100/><V125/><F125/><W1/><G35/><T91/><D91/><U14/><REACH who="1" step="1"/><E79/><REACH who="1" ten="240,240,250,250" step="2"/><V117/><F117/><W5/><G89/><T95/><AGARI ba="0,2" hai="2,7,9,25,30,32,49,50,74,77,83,95,98,103" machi="95" ten="20,12000,1" yaku="1,1,0,1,7,1,52,1,53,1" doraHai="92" doraHaiUra="28" who="0" fromWho="0" sc="240,140,240,-40,250,-40,250,-40" /><INIT seed="0,1,0,5,0,7" ten="380,200,210,210" oya="0" hai0="25,106,122,13,45,58,42,49,81,88,98,62,9" hai1="10,46,102,127,41,56,91,90,50,28,53,120,80" hai2="87,44,92,16,29,101,12,43,108,22,21,125,129" hai3="26,131,132,68,104,94,70,103,111,110,112,35,37"/><T134/><D134/><U105/><E127/><V107/><F125/><W126/><RYUUKYOKU type="yao9" ba="1,0" sc="380,0,200,0,210,0,210,0" hai3="26,35,37,68,70,94,103,104,110,111,112,126,131,132" /><INIT seed="0,2,0,1,3,36" ten="380,200,210,210" oya="0" hai0="103,40,114,102,92,68,14,29,70,120,121,57,77" hai1="23,61,95,73,87,7,16,125,24,50,15,37,124" hai2="76,115,74,131,9,19,64,63,59,67,38,48,45" hai3="60,71,99,113,5,27,104,39,89,109,62,123,66"/><T17/><D114/><U93/><E37/><V122/><F115/><W135/><G113/><T111/><D111/><U75/><E61/><V0/><F122/><W30/><G109/><T25/><D77/><U31/><E7/><V41/><F131/><W96/><G123/><T21/><D68/><U94/><E87/><V130/><F130/><W108/><G108/><T133/><D70/><U53/><E75/><V51/><F67/><W11/><G135/><T32/><D133/><U112/><E73/><V52/><F19/><W26/><G39/><T58/><D40/><U98/><E98/><V72/><F76/><W47/><G47/><T69/><D69/><U128/><E128/><V81/><F81/><W44/><G44/><T3/><D103/><U132/><E132/><V33/><F33/><W65/><G89/><T35/><D35/><U2/><E2/><V43/><F43/><W55/><G55/><T105/><D105/><U90/><E90/><V126/><F126/><W34/><G26/><T82/><D82/><U13/><E112/><V54/><F54/><W28/><G28/><T85/><D3/><U107/><E107/><V78/><F78/><W91/><G91/><T18/><D29/><U88/><E88/><V110/><F110/><W84/><G84/><T83/><D85/><U127/><REACH who="1" step="1"/><E31/><REACH who="1" ten="380,190,210,210" step="2"/><V79/><F79/><W86/><G86/><T6/><D121/><U4/><E4/><N who="2" m="1159" /><F48/><W118/><G104/><T134/><D6/><U42/><E42/><V22/><F74/><W12/><G118/><T129/><D134/><U119/><E119/><V116/><F116/><RYUUKYOKU ba="2,1" sc="380,-15,190,15,210,-15,210,15" hai1="13,15,16,23,24,50,53,93,94,95,124,125,127" hai3="5,11,12,27,30,34,60,62,65,66,71,96,99" /><INIT seed="1,3,1,1,1,87" ten="365,205,195,225" oya="1" hai0="43,85,103,5,9,22,40,54,36,60,1,38,106" hai1="88,102,86,134,118,76,25,24,37,45,8,70,15" hai2="82,4,73,42,14,93,127,119,132,92,50,90,21" hai3="77,114,67,108,55,135,84,61,125,7,78,0,52"/><U58/><E70/><V33/><F119/><W107/><G114/><T121/><D121/><U110/><E118/><V3/><F33/><W53/><G107/><T74/><D74/><U12/><E134/><V115/><F3/><W64/><G135/><T26/><D103/><U71/><E71/><V56/><F132/><W99/><G108/><T96/><D96/><U75/><E75/><V2/><F2/><W34/><G34/><T111/><D106/><U17/><E102/><V66/><F115/><W123/><G123/><T126/><D111/><U27/><E110/><V120/><F73/><W117/><G117/><T6/><D6/><U101/><E101/><V20/><F127/><W83/><G125/><T13/><D1/><U105/><E105/><V11/><F120/><W57/><G64/><T23/><D23/><N who="2" m="8778" /><F66/><W100/><G7/><T30/><D126/><U95/><E76/><V59/><F42/><W31/><G0/><T18/><D40/><U16/><E37/><V91/><F82/><W80/><G31/><T49/><D43/><U63/><E45/><V113/><F113/><W104/><REACH who="3" step="1"/><G67/><REACH who="3" ten="365,205,195,215" step="2"/><T19/><D30/><U65/><REACH who="1" step="1"/><E8/><REACH who="1" ten="365,195,195,215" step="2"/><V47/><F11/><W81/><G81/><T69/><D9/><U112/><E112/><V46/><F93/><W130/><G130/><T116/><D116/><U48/><E48/><V51/><F92/><W94/><G94/><T128/><D49/><U124/><E124/><V89/><F51/><W39/><G39/><T122/><D38/><U28/><E28/><V68/><F50/><W97/><G97/><T109/><D36/><RYUUKYOKU ba="3,3" sc="365,-15,195,15,195,-15,215,15" hai1="12,15,16,17,24,25,27,58,63,65,86,88,95" hai3="52,53,55,57,61,77,78,80,83,84,99,100,104" /><INIT seed="1,4,3,3,5,45" ten="350,210,180,230" oya="1" hai0="23,112,62,107,6,73,86,110,46,41,49,18,22" hai1="28,111,85,16,14,51,102,92,76,53,128,101,87" hai2="20,27,126,47,44,121,113,57,33,100,123,99,80" hai3="129,65,58,9,94,133,17,90,40,104,71,115,125"/><U15/><E128/><V35/><F35/><W96/><G115/><T34/><D34/><U69/><E69/><V11/><F33/><W37/><G129/><T12/><D73/><U42/><E28/><V48/><F113/><W36/><G71/><T60/><D110/><U79/><E42/><V59/><F126/><W3/><G125/><T127/><D107/><U43/><E43/><N who="2" m="24607" /><F123/><W70/><G70/><T7/><D112/><U30/><E30/><N who="2" m="17767" /><F121/><W63/><G133/><T52/><D22/><N who="1" m="11543" /><E15/><V120/><F120/><W38/><G104/><T50/><D127/><U103/><E111/><V78/><F47/><W25/><G25/><T83/><D6/><U8/><E8/><V24/><F24/><W26/><G26/><T75/><D7/><U97/><E85/><N who="2" m="48279" /><F11/><W116/><G116/><T77/><D75/><U124/><E124/><V55/><F55/><W95/><G3/><T67/><D67/><U122/><E122/><V98/><F100/><N who="1" m="38505" /><E87/><V88/><F99/><W130/><G130/><T114/><D114/><U131/><E131/><V2/><F2/><W132/><G132/><T54/><D41/><U39/><E39/><V108/><F108/><W74/><G40/><T56/><AGARI ba="4,3" hai="12,18,23,46,49,50,52,54,56,60,62,77,83,86" machi="56" ten="20,12000,2" yaku="0,1,7,1,8,1,52,2,54,1" doraHai="45" who="0" fromWho="0" sc="350,162,210,-64,180,-34,230,-34" /><INIT seed="2,0,0,1,1,12" ten="512,146,146,196" oya="2" hai0="42,58,51,69,126,102,59,37,36,22,108,121,7" hai1="1,113,26,19,66,70,132,18,109,67,101,88,128" hai2="54,112,111,79,61,87,8,29,92,44,40,27,57" hai3="71,78,24,41,127,65,107,98,32,20,38,76,4"/><V72/><F112/><W120/><G120/><T21/><D121/><U74/><E113/><V117/><F117/><W15/><G127/><T23/><D126/><U85/><E74/><V133/><F133/><W2/><G38/><T35/><D69/><U45/><E1/><V68/><F68/><W47/><G2/><T62/><D35/><U77/><E132/><V125/><F125/><W17/><G4/><T28/><D108/><U135/><E135/><V6/><F111/><W73/><G73/><T43/><D28/><U63/><E109/><V46/><F72/><W56/><G56/><T80/><D102/><U50/><E101/><V10/><F6/><W9/><G32/><T55/><D7/><U11/><E77/><V48/><F46/><W30/><G107/><T100/><D100/><U104/><E104/><V94/><F94/><W53/><G98/><T114/><D114/><U83/><E128/><V115/><F115/><W34/><G34/><T82/><D37/><U25/><E11/><V3/><F3/><W52/><G65/><N who="1" m="24586" /><E63/><V39/><F39/><W96/><G71/><T75/><D75/><U91/><E91/><N who="2" m="53375" /><F79/><N who="3" m="30251" /><G96/><T81/><D36/><U118/><E118/><V31/><F31/><W122/><G122/><T116/><D116/><U134/><E134/><V14/><F14/><W49/><AGARI ba="0,0" hai="9,15,17,20,24,30,41,47,49,52,53" m="30251" machi="49" ten="30,4000,0" yaku="8,1,52,1,54,1" doraHai="12" who="3" fromWho="3" sc="512,-10,146,-10,146,-20,196,40" /><INIT seed="3,0,0,2,5,95" ten="502,136,126,236" oya="3" hai0="47,71,42,48,3,120,38,101,63,82,116,98,59" hai1="21,40,36,118,132,96,124,49,117,125,9,7,65" hai2="61,97,88,83,67,28,121,8,45,126,75,90,14" hai3="29,20,35,91,53,104,46,110,52,79,70,107,25"/><W81/><G70/><T113/><D3/><U94/><E36/><V23/><F121/><W12/><G110/><T60/><D116/><N who="1" m="44651" /><E65/><V54/><F126/><W10/><G35/><T51/><D120/><U5/><E132/><V24/><F75/><W64/><G64/><T106/><D82/><U68/><E68/><V100/><F83/><W133/><G133/><T26/><D63/><U109/><E109/><V22/><F22/><W0/><G0/><T13/><D13/><N who="1" m="5295" /><E7/><N who="2" m="3359" /><F67/><W122/><G122/><T123/><D101/><N who="1" m="60567" /><E21/><V77/><F77/><W55/><G91/><T73/><D26/><U87/><E87/><V44/><F61/><W135/><G135/><T76/><D47/><AGARI ba="0,0" hai="40,47,49,124,125" m="60567,5295,44651" machi="47" ten="30,2000,0" yaku="12,1,52,1" doraHai="95" who="1" fromWho="0" sc="502,-20,136,20,126,0,236,0" owari="482,58.2,156,-24.4,126,-37.4,236,3.6" /></mjloggm>