<mjloggm ver="2.3"><GO type="225" lobby="0"/><UN n0="%72%65%6E%6B%75%6E" n1="%6C%61%6D%62" n2="%E9%B3%B3%E6%9D%B1%E3%81%AE%E3%81%86%E3%81%95%E3%81%8E%E3%81%95%E3%82%93" n3="%E9%A6%AC%E4%BA%86%E9%9A%94%E5%A3%81" dan="17,16,17,17" rate="2243.78,2203.19,2220.64,2204.89" sx="M,M,M,M"/><TAIKYOKU oya="0"/><INIT seed="0,0,0,3,3,86" ten="250,250,250,250" oya="0" hai0="91,67,76,48,35,30,60,95,117,107,92,10,53" hai1="9,87,93,132,82,8,7,121,81,85,2,0,61" hai2="133,55,66,31,45,18,101,118,90,80,115,43,125" hai3="128,12,42,17,56,33,25,88,123,68,47,58,111"/><T63/><D107/><U1/><E121/><V75/><F115/><W52/><G68/><T77/><D117/><U122/><E122/><V32/><F118/><W65/><G123/><T99/><D35/><U104/><E104/><V129/><F129/><W6/><G128/><T89/><D30/><U19/><E132/><V23/><F133/><W16/><G111/><T78/><D10/><U103/><E61/><V134/><F134/><W57/><G65/><T20/><D20/><U22/><E93/><V102/><F66/><W29/><G52/><T79/><N who="0" m="19456" /><DORA hai="50" /><T131/><D131/><U135/><E103/><V4/><F125/><W113/><G113/><T110/><D110/><U5/><E0/><V96/><F75/><W27/><G27/><T100/><D67/><U28/><E28/><V112/><F4/><W15/><G6/><T108/><D108/><U46/><E46/><V41/><F31/><W54/><G54/><T59/><D100/><U40/><E40/><V24/><F32/><W116/><G116/><T119/><D119/><U37/><E37/><V64/><F64/><W26/><G26/><T49/><D63/><U69/><E69/><V34/><F34/><W3/><G3/><T73/><D73/><U127/><E135/><V130/><F112/><W21/><G88/><T120/><D120/><U105/><E2/><V62/><F130/><W11/><REACH who="3" step="1"/><G58/><REACH who="3" ten="250,250,250,240" step="2"/><T14/><D14/><U126/><E1/><V74/><F24/><W71/><G71/><T97/><AGARI ba="0,1" hai="48,49,53,59,60,89,91,92,95,97,99" m="19456" machi="97" ten="40,18000,2" yaku="0,1,9,1,8,1,52,3" doraHai="86,50" who="0" fromWho="0" sc="250,190,250,-60,250,-60,240,-60" /><INIT seed="0,1,0,3,2,15" ten="440,190,190,180" oya="0" hai0="135,105,65,103,108,58,91,25,93,12,127,94,33" hai1="86,23,116,78,55,7,16,40,109,74,69,44,126" hai2="32,131,107,54,120,79,80,20,85,31,47,83,119" hai3="27,26,89,70,24,129,72,51,125,9,110,132,115"/><T28/><D135/><U22/><E116/><V1/><F120/><W66/><G115/><T123/><D123/><U21/><E69/><V13/><F1/><W19/><G72/><T101/><D127/><U62/><E74/><V38/><F107/><W114/><G114/><T82/><D108/><U60/><E109/><V37/><F119/><W77/><G77/><T117/><D117/><U14/><E126/><V111/><F111/><W41/><G110/><T67/><D105/><U43/><E7/><V130/><F32/><W124/><G132/><T17/><D82/><N who="1" m="47447" /><E55/><V49/><F83/><W100/><G129/><N who="2" m="49161" /><F13/><W102/><G89/><T97/><D58/><U18/><E14/><V64/><F64/><W35/><G35/><T11/><REACH who="0" step="1"/><D103/><REACH who="0" ten="430,190,190,180" step="2"/><U99/><E44/><V53/><F54/><W88/><G102/><T96/><AGARI ba="1,1" hai="11,12,17,25,28,33,65,67,91,93,94,96,97,101" machi="96" ten="20,18000,2" yaku="1,1,2,1,0,1,7,1,52,1,53,1" doraHai="15" doraHaiUra="8" who="0" fromWho="0" sc="430,193,190,-61,190,-61,180,-61" /><INIT seed="0,2,0,4,0,47" ten="623,129,129,119" oya="0" hai0="118,11,82,74,59,73,92,132,35,68,100,67,0" hai1="97,50,133,61,19,69,106,32,53,54,76,105,1" hai2="103,33,12,16,86,107,18,39,127,77,117,42,134" hai3="51,4,5,23,48,126,102,128,111,84,90,88,70"/><T45/><D59/><U49/><E32/><V13/><F33/><W95/><G70/><T43/><D92/><U99/><E1/><V113/><F113/><W46/><G111/><T31/><D118/><U120/><E120/><V85/><F117/><W52/><G128/><T38/><D132/><U79/><E19/><V89/><F134/><W122/><G126/><T3/><D100/><U8/><E8/><N who="2" m="6151" /><F39/><W64/><G64/><T135/><D135/><U123/><E133/><V27/><F107/><W130/><G130/><T131/><D131/><U80/><E80/><N who="2" m="47247" /><F103/><W6/><G122/><T98/><D98/><U112/><E61/><V30/><F127/><W24/><G51/><T65/><D68/><U36/><E36/><V94/><F42/><W14/><G102/><T114/><D114/><U57/><E123/><V26/><F30/><N who="3" m="17695" /><G90/><T58/><D31/><U109/><E69/><V28/><F28/><W119/><G119/><T37/><D35/><U81/><E112/><V108/><F108/><W66/><G66/><T20/><D67/><U75/><E109/><V129/><F129/><W62/><G62/><T7/><D38/><U2/><E2/><V63/><F63/><W21/><G21/><AGARI ba="2,0" hai="13,18,21,26,27,86,89,94" m="47247,6151" machi="21" ten="30,2000,0" yaku="8,1,54,1" doraHai="47" who="2" fromWho="3" sc="623,0,129,0,129,26,119,-26" /><INIT seed="1,0,0,2,2,43" ten="623,129,155,93" oya="1" hai0="48,69,33,55,76,106,100,53,21,7,35,27,98" hai1="57,47,93,104,126,9,115,129,91,78,114,64,110" hai2="17,8,14,83,63,65,103,135,67,24,52,2,111" hai3="18,3,15,39,77,123,122,102,112,105,131,29,73"/><U1/><E104/><V11/><F111/><W38/><G112/><T74/><D69/><U79/><E110/><V130/><F130/><W119/><G3/><T99/><D7/><U128/><E1/><V0/><F135/><W121/><G131/><N who="1" m="50250" /><E9/><V124/><F124/><W44/><G119/><T133/><D133/><U89/><E64/><V62/><F103/><W132/><G132/><T50/><D99/><N who="1" m="57775" /><E57/><V113/><F8/><W107/><G107/><T117/><D117/><U4/><E4/><V66/><F0/><W23/><G105/><T31/><D76/><N who="1" m="29227" /><E47/><V32/><F66/><W49/><G77/><T13/><D74/><U101/><E101/><V120/><F67/><W22/><G102/><T95/><D106/><U28/><E28/><V58/><F65/><W30/><G73/><T25/><D50/><U37/><E37/><V42/><F11/><W109/><G109/><T10/><D48/><U81/><E126/><V71/><F58/><W72/><G72/><T34/><REACH who="0" step="1"/><D27/><REACH who="0" ten="613,129,155,93" step="2"/><U46/><E46/><V82/><F24/><W116/><G116/><T97/><D97/><U36/><E36/><V19/><F71/><W85/><G39/><T61/><D61/><U51/><E51/><V45/><F63/><W54/><G38/><T75/><D75/><U12/><E12/><V96/><F62/><W41/><G15/><T26/><D26/><U87/><AGARI ba="0,1" hai="81,87,91,114,115" m="29227,57775,50250" machi="87" ten="30,6000,0" yaku="19,1,34,2" doraHai="43" who="1" fromWho="1" sc="613,-20,129,70,155,-20,93,-20" /><INIT seed="1,1,0,0,2,96" ten="593,199,135,73" oya="1" hai0="73,102,14,130,60,80,84,115,118,36,23,37,134" hai1="129,109,67,121,25,57,126,31,24,89,82,120,43" hai2="7,69,53,95,122,8,123,81,85,72,65,74,50" hai3="42,127,77,62,38,46,47,2,108,20,70,39,133"/><U54/><E126/><V30/><F30/><W86/><G2/><T15/><D115/><U75/><E129/><V61/><F95/><W33/><G33/><T18/><D118/><U113/><E113/><V98/><F98/><W116/><G127/><T5/><D73/><U71/><E43/><V119/><F119/><W90/><G116/><T76/><D130/><U91/><E67/><V111/><F111/><W79/><G108/><T26/><D134/><U44/><E71/><V103/><F103/><W6/><G6/><T100/><D60/><U135/><E44/><V93/><F93/><W112/><G112/><T10/><REACH who="0" step="1"/><D26/><REACH who="0" ten="583,199,135,73" step="2"/><U68/><E24/><V3/><F74/><W101/><G133/><T88/><D88/><U104/><E89/><V56/><F72/><W12/><G62/><T59/><D59/><U52/><E25/><V114/><F114/><W32/><G70/><T0/><D0/><U117/><E75/><V49/><F49/><W11/><G90/><AGARI ba="1,1" hai="3,7,8,50,53,56,61,65,69,81,85,90,122,123" machi="90" ten="30,1000,0" yaku="7,1" doraHai="96" who="2" fromWho="3" sc="583,0,199,0,135,23,73,-13" /><INIT seed="2,0,0,2,3,102" ten="583,199,158,60" oya="2" hai0="66,114,45,59,125,60,119,70,111,44,20,19,0" hai1="34,53,133,65,2,58,38,81,79,4,64,56,103" hai2="75,76,78,107,113,112,25,77,110,129,92,31,28" hai3="122,73,50,35,51,100,21,10,123,86,109,7,11"/><V37/><F37/><W90/><G73/><T17/><D114/><U57/><E34/><V121/><F121/><W108/><G35/><T71/><D0/><U98/><E38/><V40/><F75/><W80/><G21/><T9/><D111/><N who="3" m="42569" /><G100/><T128/><D119/><U41/><E41/><V61/><F110/><W32/><G32/><T6/><D125/><U115/><E115/><V131/><F40/><W116/><G116/><T39/><D128/><N who="2" m="49226" /><F28/><W87/><G10/><T36/><D59/><U12/><E2/><V47/><F47/><W93/><G123/><T104/><D60/><U23/><E53/><V101/><F92/><W69/><G69/><T120/><D120/><U54/><E54/><V48/><F48/><W88/><G122/><T52/><D52/><U43/><E43/><V5/><F5/><W94/><G94/><T55/><D55/><U74/><E4/><V83/><F83/><W46/><G46/><T8/><D6/><U3/><E3/><AGARI ba="0,0" hai="3,7,11,50,51,80,86,87,88,90,93" m="42569" machi="3" ten="30,2000,0" yaku="14,1,54,1" doraHai="102" who="3" fromWho="1" sc="583,0,199,-20,158,0,60,20" /><INIT seed="3,0,0,1,5,101" ten="583,179,158,80" oya="3" hai0="109,129,47,88,51,23,6,49,27,119,102,52,89" hai1="33,55,92,133,45,61,14,50,10,44,22,107,81" hai2="112,34,70,86,122,69,127,80,66,115,91,117,58" hai3="26,53,31,8,77,11,71,113,105,67,5,64,116"/><W65/><G113/><T100/><D119/><U40/><E107/><V128/><F117/><W16/><G116/><T123/><D123/><U125/><E33/><V20/><F34/><W110/><G71/><T59/><D109/><U118/><E118/><V132/><F69/><W63/><G110/><T85/><D129/><U41/><E133/><V73/><F70/><W9/><G105/><T3/><D6/><U130/><E130/><V2/><F2/><W57/><G77/><T93/><D89/><U12/><E125/><V36/><F36/><W60/><G60/><T56/><D3/><U114/><E114/><V35/><F35/><W42/><G42/><N who="1" m="16490" /><E81/><V78/><F132/><W72/><G72/><T46/><D59/><N who="1" m="35071" /><E92/><V135/><F135/><W103/><G103/><N who="0" m="39467" /><D51/><U97/><E97/><V106/><F106/><W24/><G31/><AGARI ba="0,0" hai="23,27,31,46,47,49,52,56,85,88,93" m="39467" machi="31" ten="30,3900,0" yaku="8,1,54,2" doraHai="101" who="0" fromWho="3" sc="583,39,179,0,158,0,80,-39" owari="622,72.2,179,-2.1,158,-24.2,41,-45.9" /></mjloggm>