<mjloggm ver="2.3"><GO type="225" lobby="0"/><UN n0="%72%69%6F%75%63%68%61%6E" n1="%E6%80%AA%E3%81%97%E3%81%99%E3%81%8E%E3%82%8B%E3%83%81%E3%83%BC" n2="%73%69%72%6F%75%74" n3="%E8%A8%88%E7%AE%97%E6%A9%9F%E8%87%AA%E7%84%B6" dan="17,16,16,17" rate="2262.08,2181.88,2034.03,2193.94" sx="M,M,M,M"/><TAIKYOKU oya="0"/><INIT seed="0,0,0,1,2,18" ten="250,250,250,250" oya="0" hai0="29,97,34,91,80,38,60,21,69,9,105,7,77" hai1="54,48,4,14,50,86,82,90,65,72,70,106,120" hai2="62,67,79,130,31,33,63,56,55,45,113,134,76" hai3="88,111,131,96,112,87,81,83,78,3,123,73,27"/><T8/><D38/><U53/><E120/><V36/><F113/><W39/><G3/><T61/><D34/><U118/><E106/><V32/><F130/><W51/><G39/><T19/><D29/><U59/><E118/><V10/><F134/><W41/><G112/><T42/><D42/><U74/><E65/><V92/><F10/><W13/><G111/><T94/><D105/><U89/><E70/><V132/><F132/><W43/><G131/><T17/><D17/><U135/><E89/><V124/><F124/><W99/><G13/><T126/><D126/><U109/><E109/><V101/><F33/><W128/><G128/><T37/><D37/><U129/><E135/><V35/><F35/><W85/><G73/><T75/><D69/><U23/><E129/><V28/><F36/><W104/><G123/><T57/><D7/><U125/><E125/><V47/><F32/><W100/><G51/><T64/><REACH who="0" step="1"/><D60/><REACH who="0" ten="240,250,250,250" step="2"/><U44/><E4/><V20/><F31/><W66/><G41/><T16/><D16/><U11/><E50/><N who="2" m="29135" /><F63/><W110/><G110/><T5/><D5/><U12/><E48/><V68/><F68/><W49/><G43/><T122/><D122/><U26/><E26/><AGARI ba="0,1" hai="8,9,19,21,26,57,61,64,75,77,80,91,94,97" machi="26" ten="30,11600,0" yaku="1,1,7,1,52,1,53,1" doraHai="18" doraHaiUra="15" who="0" fromWho="1" sc="240,126,250,-116,250,0,250,0" /><INIT seed="0,1,0,4,0,54" ten="366,134,250,250" oya="0" hai0="74,92,8,15,51,112,86,45,90,11,24,5,84" hai1="107,103,4,71,77,118,111,79,101,60,127,82,41" hai2="28,130,50,6,75,59,64,7,0,42,85,32,12" hai3="122,80,87,94,9,134,91,73,20,40,36,43,102"/><T22/><D112/><U3/><E118/><V34/><F75/><W27/><G134/><T10/><D74/><U123/><E123/><V39/><F0/><W23/><G122/><T76/><D76/><U99/><E111/><V16/><F130/><W33/><G33/><T35/><D86/><U67/><E127/><V133/><F39/><W116/><G36/><T117/><D35/><U119/><E119/><V38/><F38/><W63/><G20/><T89/><D89/><U1/><E103/><V126/><F126/><W61/><G9/><T65/><D65/><U124/><E41/><N who="3" m="15946" /><G73/><T131/><D131/><U125/><E4/><V88/><F133/><W96/><G116/><T104/><D104/><U21/><E21/><N who="2" m="11399" /><F34/><W19/><AGARI ba="1,0" hai="19,23,27,61,63,80,87,91,94,96,102" m="15946" machi="19" ten="30,1100,0" yaku="8,1" doraHai="54" who="3" fromWho="3" sc="366,-6,134,-4,250,-4,250,14" /><INIT seed="1,0,0,0,3,38" ten="360,130,246,264" oya="1" hai0="66,90,73,47,122,104,53,32,0,96,65,23,110" hai1="83,18,114,34,60,5,89,45,130,133,106,50,14" hai2="54,78,20,22,48,80,85,36,125,123,119,121,76" hai3="64,21,70,108,94,113,79,88,30,116,74,27,8"/><U3/><E114/><V49/><F119/><W97/><G113/><T91/><D110/><U37/><E37/><V33/><F33/><W29/><G108/><T51/><D32/><U135/><E130/><V87/><F36/><W127/><G127/><T115/><D115/><U118/><E106/><V13/><F13/><W9/><G29/><T42/><D0/><U132/><E118/><V67/><F67/><W55/><G116/><T46/><D73/><U107/><E107/><V82/><REACH who="2" step="1"/><F54/><REACH who="2" ten="360,130,236,264" step="2"/><W57/><G64/><T15/><D65/><U68/><E34/><V62/><F62/><W134/><G70/><T101/><D66/><N who="1" m="41031" /><E3/><V95/><F95/><W56/><G55/><T81/><D122/><U11/><E5/><V72/><F72/><W61/><G61/><T71/><D71/><U111/><E111/><V39/><F39/><W43/><G74/><T4/><D81/><U93/><E83/><V31/><F31/><W92/><G30/><T112/><D112/><U41/><E93/><V52/><F52/><W44/><G92/><T40/><D4/><U124/><E124/><AGARI ba="0,1" hai="20,22,48,49,76,78,80,82,85,87,121,123,124,125" machi="124" ten="25,8000,1" yaku="1,1,22,2,53,2" doraHai="38" doraHaiUra="19" who="2" fromWho="1" sc="360,0,130,-80,236,90,264,0" /><INIT seed="2,0,0,0,2,125" ten="360,50,326,264" oya="2" hai0="51,106,26,58,32,30,110,25,66,5,126,74,1" hai1="108,38,47,82,77,101,73,10,80,57,3,50,12" hai2="105,81,133,88,117,87,113,96,115,127,63,79,39" hai3="40,89,128,43,114,121,67,56,52,55,132,78,22"/><V124/><F39/><W31/><G121/><T120/><D120/><U94/><E108/><V72/><F63/><W17/><G31/><T9/><D110/><U99/><E82/><N who="2" m="45415" /><F133/><W76/><G67/><T83/><D126/><N who="2" m="48170" /><F117/><W69/><G69/><T91/><D106/><U95/><E57/><V71/><F71/><W19/><G56/><T122/><D122/><U53/><E38/><V61/><F61/><W86/><G132/><T107/><D107/><U68/><E68/><V92/><F105/><W33/><G33/><T41/><D26/><U112/><E112/><V15/><F15/><W135/><G135/><T98/><D41/><U103/><E3/><V85/><F85/><W27/><G86/><T2/><D2/><U45/><E95/><V24/><F24/><W100/><G27/><T130/><D51/><U21/><E21/><V70/><F70/><W23/><G114/><T65/><D58/><U104/><E47/><V16/><F16/><W54/><G17/><T118/><D118/><U14/><REACH who="1" step="1"/><E10/><REACH who="1" ten="360,40,326,264" step="2"/><V90/><AGARI ba="0,1" hai="81,87,88,90,92,96,113,115" m="48170,45415" machi="90" ten="30,11700,0" yaku="18,1,34,2,54,1" doraHai="125" who="2" fromWho="2" sc="360,-39,40,-39,326,127,264,-39" /><INIT seed="2,1,0,2,2,113" ten="321,1,453,225" oya="2" hai0="18,8,61,6,72,37,84,85,11,100,10,87,116" hai1="117,69,104,93,23,110,82,12,71,5,40,115,67" hai2="13,33,131,57,62,94,31,35,96,126,38,129,78" hai3="102,92,14,119,107,120,55,9,48,24,4,103,91"/><V65/><F38/><W42/><G120/><T59/><D72/><U17/><E104/><V53/><F78/><W108/><G108/><T124/><D124/><U118/><E115/><V109/><F126/><W43/><G107/><T127/><D127/><U98/><E110/><V73/><F73/><W128/><G128/><N who="2" m="49225" /><F109/><W106/><G106/><T15/><D116/><U20/><E40/><N who="3" m="15402" /><G119/><T0/><D37/><U99/><E5/><V66/><F13/><W56/><G24/><T86/><D100/><U70/><E67/><N who="2" m="25611" /><F31/><W135/><G135/><T50/><D50/><U47/><E47/><V7/><F7/><W133/><G133/><T52/><N who="0" m="21504" /><DORA hai="132" /><T46/><REACH who="0" step="1"/><D46/><REACH who="0" ten="311,1,453,225" step="2"/><U74/><E23/><AGARI ba="1,1" hai="0,6,8,10,11,15,18,23,52,59,61" m="21504" machi="23" ten="50,8000,1" yaku="1,1,2,1,54,1,53,1" doraHai="113,132" doraHaiUra="2,36" who="0" fromWho="1" sc="311,93,1,-83,453,0,225,0" owari="404,20.4,-82,-58.2,453,55.3,225,-17.5" /></mjloggm>