<mjloggm ver="2.3"><GO type="225" lobby="0"/><UN n0="%E5%8F%AF%E5%85%90%E9%82%A3%E7%94%B1%E5%A4%9A" n1="%E5%B0%8F%E9%B3%A5%E9%81%8A%E7%B7%B4%E7%84%A1%32%31%E6%AD%B3" n2="%72%61%6B%33" n3="%28%EF%BF%A3%E2%96%BD%EF%BF%A3%29%CE%B4%E2%8C%92%E3%83%BB" dan="17,16,16,16" rate="2187.67,2161.18,2118.55,2119.34" sx="F,F,M,M"/><TAIKYOKU oya="0"/><INIT seed="0,0,0,2,0,91" ten="250,250,250,250" oya="0" hai0="112,119,48,5,84,12,18,6,123,97,86,96,61" hai1="73,34,32,33,15,128,122,46,89,7,108,29,117" hai2="82,2,30,25,55,85,71,10,77,62,1,88,121" hai3="47,14,130,114,27,3,87,81,16,49,17,22,65"/><T35/><D112/><U56/><E117/><V36/><F121/><W20/><G3/><T4/><D35/><U134/><E122/><V52/><F36/><W100/><G114/><T31/><D119/><U24/><E108/><V120/><F120/><W41/><G130/><T13/><D123/><U118/><E118/><V54/><F10/><W93/><G65/><T45/><D31/><U53/><E73/><V129/><F129/><W9/><G100/><T125/><D125/><U133/><E128/><V113/><F113/><W0/><G0/><T59/><D84/><U135/><E46/><V42/><F42/><W38/><G38/><T101/><D86/><U116/><E116/><V105/><F105/><W21/><REACH who="3" step="1"/><G93/><REACH who="3" ten="250,250,250,240" step="2"/><N who="0" m="58511" /><D97/><U79/><E79/><AGARI ba="0,1" hai="9,14,16,17,20,21,22,27,41,47,49,79,81,87" machi="79" ten="30,7700,0" yaku="1,1,7,1,8,1,54,1,53,0" doraHai="91" doraHaiUra="104" who="3" fromWho="1" sc="250,0,250,-77,250,0,240,87" /><INIT seed="1,0,0,2,5,65" ten="250,173,250,327" oya="1" hai0="57,35,58,18,68,125,76,69,12,46,16,119,78" hai1="93,123,98,110,39,124,50,90,14,75,33,53,55" hai2="36,43,64,37,111,3,115,129,82,88,103,122,15" hai3="120,1,134,108,11,34,49,41,77,21,71,85,51"/><U4/><E110/><V29/><F3/><W17/><G34/><T32/><D46/><U0/><E33/><V73/><F122/><W126/><G108/><T86/><D86/><U56/><E0/><V106/><F111/><W117/><G120/><T113/><D12/><U133/><E39/><V70/><F15/><W132/><G117/><T87/><D87/><U72/><E123/><V62/><F129/><W61/><G126/><T107/><D107/><U20/><E133/><N who="3" m="51306" /><G41/><T22/><D22/><U101/><E124/><V30/><F115/><W25/><G85/><T27/><D27/><U40/><E40/><V121/><F121/><W109/><G77/><T94/><D94/><U59/><E101/><V102/><F102/><W100/><G100/><T38/><D38/><U95/><E95/><V118/><F118/><W5/><G109/><T9/><D9/><U92/><E92/><V89/><F36/><W83/><G83/><T131/><D125/><U47/><E47/><V116/><F116/><W66/><AGARI ba="0,0" hai="1,5,11,17,21,25,49,51,61,66,71" m="51306" machi="66" ten="30,2000,0" yaku="20,1,52,1" doraHai="65" who="3" fromWho="3" sc="250,-5,173,-10,250,-5,327,20" /><INIT seed="2,0,0,1,1,128" ten="245,163,245,347" oya="2" hai0="51,84,76,43,75,53,5,99,98,102,117,32,119" hai1="109,94,20,17,112,4,101,67,39,122,113,31,49" hai2="30,103,29,50,56,81,40,41,60,120,124,127,0" hai3="6,24,116,8,16,14,78,47,86,133,96,66,64"/><V110/><F0/><W37/><G133/><T71/><D71/><U9/><E39/><V36/><F36/><W97/><G116/><N who="0" m="44619" /><D75/><U83/><E67/><N who="3" m="25642" /><G47/><T125/><D125/><U129/><E129/><V90/><F120/><W107/><G37/><T106/><D32/><U87/><E122/><V121/><F121/><W19/><G107/><T55/><D5/><U7/><E31/><V104/><F110/><W115/><G115/><T61/><D61/><U118/><E109/><V93/><F81/><N who="3" m="47415" /><G24/><T69/><D69/><U82/><E118/><V48/><F104/><W18/><AGARI ba="0,0" hai="6,8,14,16,18,19,96,97" m="47415,25642" machi="18" ten="30,2000,0" yaku="8,1,54,1" doraHai="128" who="3" fromWho="3" sc="245,-5,163,-5,245,-10,347,20" /><INIT seed="3,0,0,3,4,130" ten="240,158,235,367" oya="3" hai0="36,39,94,112,82,74,127,88,78,77,12,57,8" hai1="72,64,16,115,109,76,30,101,28,124,26,0,62" hai2="18,6,102,48,19,44,40,13,33,133,95,104,85" hai3="10,53,132,24,20,35,3,90,51,67,126,14,65"/><W61/><G35/><T58/><D78/><U54/><E115/><V73/><F33/><W60/><G90/><T55/><D127/><U50/><E0/><V123/><F123/><W119/><G132/><T128/><D128/><U27/><E109/><V92/><F133/><W116/><G3/><T23/><D23/><U100/><E124/><V49/><F73/><W4/><G126/><T2/><D2/><U83/><E27/><V79/><F104/><W21/><G116/><T110/><D110/><U1/><E1/><V129/><F129/><W46/><G119/><T25/><D25/><U69/><E30/><V59/><F6/><W75/><G75/><T114/><D58/><U31/><E31/><V66/><F102/><W81/><G81/><T87/><D114/><U5/><E5/><V111/><F19/><N who="3" m="12319" /><G21/><T9/><D9/><U105/><E16/><V134/><F134/><W34/><G34/><T38/><D112/><U47/><REACH who="1" step="1"/><E105/><REACH who="1" ten="240,148,235,367" step="2"/><V106/><F106/><W125/><G125/><T99/><D8/><U91/><E91/><V56/><F111/><W41/><G10/><T135/><D135/><U17/><E17/><V29/><F29/><W52/><G4/><T70/><D12/><U15/><E15/><V71/><F13/><W121/><G14/><T98/><D88/><U89/><E89/><V131/><F18/><W122/><G121/><T108/><D108/><U103/><E103/><V11/><F11/><W118/><G122/><T45/><D94/><U96/><E96/><V7/><F95/><W86/><G118/><T22/><D99/><U68/><E68/><RYUUKYOKU ba="0,1" sc="240,-10,148,30,235,-10,367,-10" hai1="26,28,47,50,54,62,64,69,72,76,83,100,101" owari="230,3.0,178,-32.2,225,-17.5,367,46.7" /></mjloggm>