<mjloggm ver="2.3"><GO type="225" lobby="0"/><UN n0="%E3%81%82%E3%81%B9%E3%81%99%E3%81%91" n1="%E3%81%B5%E3%81%98%E3%81%8B%E3%81%A4" n2="%E5%8D%A0%E3%81%84%E5%B8%AB%E8%A3%8F%E3%81%AA%E3%81%84%E3%81%97" n3="%E5%84%AA%40%41%42%43" dan="16,16,16,17" rate="2086.16,2120.08,2175.32,2147.20" sx="M,M,M,M"/><TAIKYOKU oya="0"/><INIT seed="0,0,0,5,0,66" ten="250,250,250,250" oya="0" hai0="108,74,15,71,1,46,34,107,60,133,61,79,25" hai1="124,126,97,88,111,19,33,125,106,23,75,10,41" hai2="131,80,73,93,29,26,65,117,17,82,35,20,63" hai3="77,51,100,84,7,6,91,76,72,110,24,21,5"/><T28/><D1/><U59/><E33/><V12/><F131/><W105/><G110/><T83/><D133/><U49/><E111/><V52/><F117/><W14/><G72/><T120/><D61/><U45/><E75/><V90/><F73/><W22/><G105/><T99/><D15/><U115/><E115/><V2/><F2/><W116/><G100/><N who="0" m="62879" /><D108/><U37/><E106/><V109/><F109/><W4/><G116/><T123/><D46/><U101/><E10/><V30/><F30/><N who="3" m="17679" /><G51/><T32/><D34/><U102/><E59/><V62/><F62/><W58/><G58/><T27/><D27/><N who="1" m="14847" /><E37/><V38/><F38/><W55/><G55/><T36/><D36/><U127/><N who="1" m="31744" /><DORA hai="56" /><U112/><E112/><V43/><F52/><W103/><G103/><T118/><D118/><U96/><E96/><V122/><F43/><W9/><G22/><T31/><D31/><U85/><E97/><V16/><F17/><W134/><G134/><T40/><D40/><U132/><E132/><V98/><REACH who="2" step="1"/><F122/><REACH who="2" ten="250,250,240,250" step="2"/><W130/><G130/><T114/><D114/><U94/><AGARI ba="0,1" hai="41,45,49,85,88,94,101,102" m="31744,14847" machi="94" ten="60,4000,0" yaku="18,1,54,1" doraHai="66,56" who="1" fromWho="1" sc="250,-20,250,50,240,-10,250,-10" /><INIT seed="1,0,0,4,5,38" ten="230,300,230,240" oya="1" hai0="64,7,4,106,47,54,27,68,125,116,23,20,70" hai1="66,97,1,0,2,14,131,13,135,123,112,118,82" hai2="95,84,101,127,8,119,105,18,58,108,130,11,122" hai3="12,67,5,30,120,93,85,121,22,49,98,63,99"/><U110/><E118/><V35/><F119/><W16/><G99/><T92/><D106/><U115/><E123/><V107/><F122/><W73/><G73/><T132/><D116/><U50/><E66/><V10/><F108/><W24/><G85/><T17/><D132/><U102/><E110/><V77/><F35/><W33/><G49/><T91/><D125/><U31/><E135/><V81/><F127/><W36/><G5/><T9/><D64/><U26/><E82/><V94/><F130/><W61/><G61/><T128/><D128/><U75/><E75/><V86/><F58/><W69/><REACH who="3" step="1"/><G36/><REACH who="3" ten="230,300,230,230" step="2"/><T65/><D7/><U133/><E50/><V56/><F86/><W89/><AGARI ba="0,1" hai="12,16,22,24,30,33,63,67,69,89,93,98,120,121" machi="89" ten="20,8000,1" yaku="1,1,2,1,0,1,7,1,54,1,53,0" doraHai="38" doraHaiUra="111" who="3" fromWho="3" sc="230,-20,300,-40,230,-20,230,90" /><INIT seed="2,0,0,5,1,13" ten="210,260,210,320" oya="2" hai0="58,39,86,57,30,41,18,78,43,87,14,31,46" hai1="81,32,132,104,59,77,110,107,94,127,49,114,85" hai2="36,133,9,29,105,84,24,80,3,74,123,83,0" hai3="120,21,44,134,113,63,82,73,115,90,34,71,52"/><V45/><F123/><W129/><G120/><T22/><D43/><U42/><E32/><V65/><F105/><W6/><G34/><T102/><D102/><U91/><E114/><N who="3" m="43530" /><G6/><T11/><D31/><U26/><E110/><V47/><F133/><W38/><G129/><T95/><D78/><U88/><E127/><V33/><F65/><N who="3" m="41407" /><G21/><T79/><D79/><U119/><E119/><V48/><F74/><W53/><G134/><T17/><D30/><U25/><E132/><V98/><F80/><W111/><G111/><T15/><REACH who="0" step="1"/><D87/><REACH who="0" ten="200,260,210,320" step="2"/><N who="1" m="52511" /><E77/><V10/><F36/><W124/><G124/><T93/><D93/><U55/><E107/><V131/><F131/><W67/><G73/><T99/><D99/><U103/><E103/><V60/><F98/><W2/><G82/><T130/><D130/><U75/><E104/><V109/><F83/><W135/><G90/><AGARI ba="0,1" hai="11,14,15,17,18,22,39,41,46,57,58,86,90,95" machi="90" ten="40,8000,1" yaku="1,1,52,2,53,1" doraHai="13" doraHaiUra="7" who="0" fromWho="3" sc="200,90,260,0,210,0,320,-80" /><INIT seed="3,0,0,2,4,104" ten="290,260,210,240" oya="3" hai0="43,107,15,60,124,61,32,21,82,53,69,22,46" hai1="79,14,106,113,8,129,6,88,128,28,105,121,37" hai2="34,5,20,70,27,80,58,66,92,24,51,132,45" hai3="77,36,87,93,76,10,118,55,83,75,12,47,64"/><W81/><G118/><T52/><D107/><U126/><E121/><V3/><F70/><W42/><G64/><T33/><D69/><U110/><E113/><V31/><F132/><W96/><G55/><T134/><D82/><U116/><E37/><V109/><F109/><W120/><G120/><T19/><D124/><U17/><E110/><V49/><F3/><W133/><G133/><T127/><D127/><U56/><E126/><V39/><F5/><W122/><G122/><T7/><D7/><U54/><E79/><V9/><F9/><W97/><REACH who="3" step="1"/><G93/><REACH who="3" ten="290,260,210,230" step="2"/><T98/><D134/><U111/><E116/><V72/><F92/><W103/><G103/><T62/><D52/><U68/><E111/><V65/><F65/><W44/><G44/><T2/><D53/><U100/><E100/><V57/><F66/><W4/><AGARI ba="0,1" hai="4,10,12,36,42,47,75,76,77,81,83,87,96,97" machi="4" ten="20,7800,0" yaku="1,1,0,1,7,1,52,1,53,0" doraHai="104" doraHaiUra="13" who="3" fromWho="3" sc="290,-26,260,-26,210,-26,230,88" owari="264,6.4,234,-16.6,184,-31.6,318,41.8" /></mjloggm>