<mjloggm ver="2.3"><GO type="225" lobby="0"/><UN n0="%28%EF%BF%A3%E2%96%BD%EF%BF%A3%29%CE%B4%E2%8C%92%E3%83%BB" n1="%72%69%6F%75%63%68%61%6E" n2="%E8%80%81%E6%A5%BD" n3="%E3%83%AD%E3%83%83%E3%83%86%E9%9B%80%E7%90%83" dan="16,17,16,17" rate="2103.78,2155.29,2087.29,2230.31" sx="M,M,M,M"/><TAIKYOKU oya="0"/><INIT seed="0,0,0,2,2,62" ten="250,250,250,250" oya="0" hai0="71,21,81,133,83,44,31,0,45,13,121,58,111" hai1="46,134,94,92,118,27,53,120,89,54,109,38,25" hai2="91,41,79,113,8,104,128,124,30,116,97,51,114" hai3="47,5,129,66,68,108,15,43,115,76,56,131,132"/><T33/><D71/><U18/><E109/><V61/><F30/><W9/><G115/><N who="2" m="44041" /><F51/><W127/><G127/><T90/><D0/><U105/><E134/><V19/><F19/><W37/><G108/><T125/><D133/><U102/><E118/><V96/><F8/><W32/><G132/><T34/><D125/><U112/><E120/><V10/><F61/><N who="3" m="40015" /><G32/><T82/><D121/><U24/><E112/><V60/><F60/><W70/><G76/><T26/><D58/><U50/><E38/><V85/><F10/><W87/><G87/><T59/><D59/><U101/><E105/><V80/><F41/><W122/><G70/><T49/><D111/><U100/><E54/><V16/><F16/><N who="3" m="8303" /><G122/><T65/><D34/><U14/><REACH who="1" step="1"/><E89/><REACH who="1" ten="250,240,250,250" step="2"/><V12/><F91/><W11/><G37/><T7/><D90/><U55/><E55/><V2/><F124/><W93/><G43/><T6/><D82/><U99/><E99/><V73/><F96/><W77/><G5/><T84/><D81/><U39/><E39/><V52/><F97/><W67/><G93/><T69/><D7/><U106/><E106/><V63/><F104/><W75/><G131/><T135/><D6/><U103/><N who="1" m="25600" /><DORA hai="48" /><U40/><E40/><V29/><F128/><W4/><G129/><T20/><D135/><U78/><E78/><V98/><F79/><W86/><G77/><T95/><D83/><U28/><E28/><V130/><F80/><W72/><G4/><T74/><D31/><U88/><E88/><V107/><F130/><W17/><G86/><T117/><D84/><U123/><E123/><RYUUKYOKU ba="0,1" sc="250,-10,240,30,250,-10,250,-10" hai1="14,18,24,25,27,46,50,53,92,94" /><INIT seed="1,1,1,3,0,40" ten="240,270,240,240" oya="1" hai0="119,1,14,134,56,32,121,76,104,127,87,20,88" hai1="118,92,129,103,59,54,11,52,62,95,126,19,72" hai2="74,61,50,47,12,85,31,55,83,120,111,39,86" hai3="133,10,115,58,36,9,113,135,69,75,73,3,66"/><U124/><E129/><V7/><F120/><W108/><G58/><T51/><D32/><U94/><E118/><V26/><F111/><W28/><G28/><T89/><D1/><U57/><E72/><N who="3" m="27722" /><G3/><T43/><D104/><U91/><E103/><V22/><F39/><W64/><G36/><T44/><D121/><U123/><E123/><V24/><F74/><W100/><G100/><T81/><D119/><U128/><E128/><V90/><F61/><W67/><G69/><T38/><D127/><N who="1" m="48683" /><E19/><V18/><F7/><W34/><G34/><T116/><D134/><N who="3" m="51209" /><G108/><T53/><REACH who="0" step="1"/><D116/><REACH who="0" ten="230,270,240,240" step="2"/><U105/><E105/><V98/><F98/><W132/><G132/><T30/><D30/><U70/><E70/><V23/><F86/><W49/><G49/><T106/><D106/><U41/><E41/><V130/><F130/><W117/><G117/><T16/><AGARI ba="1,2" hai="14,16,20,38,43,44,51,53,56,76,81,87,88,89" machi="16" ten="30,8000,1" yaku="1,1,0,1,52,1,54,2,53,0" doraHai="40" doraHaiUra="122" who="0" fromWho="0" sc="230,103,270,-41,240,-21,240,-21" /><INIT seed="2,0,0,3,5,112" ten="333,229,219,219" oya="2" hai0="47,31,93,45,107,32,101,84,130,108,4,52,64" hai1="20,96,85,46,61,50,103,21,81,22,54,105,27" hai2="34,132,65,126,82,9,7,23,39,51,70,12,26" hai3="14,18,38,115,120,74,118,13,11,127,113,125,53"/><V89/><F39/><W24/><G74/><T95/><D130/><U3/><E3/><V73/><F126/><N who="3" m="48139" /><G38/><T1/><D108/><U5/><E5/><V37/><F37/><W79/><G79/><T119/><D64/><U123/><E123/><V36/><F36/><W58/><G120/><T72/><D72/><U122/><E122/><V48/><F132/><W68/><G68/><T135/><D135/><U15/><E61/><V83/><F34/><W66/><G66/><T8/><D107/><U25/><REACH who="1" step="1"/><E15/><REACH who="1" ten="333,219,219,219" step="2"/><V30/><F70/><W129/><G14/><T42/><D4/><U19/><E19/><V128/><F65/><W69/><G69/><T35/><D1/><U104/><E104/><V121/><F121/><W134/><G134/><T102/><D31/><U62/><E62/><V76/><REACH who="2" step="1"/><F128/><REACH who="2" ten="333,219,209,219" step="2"/><W86/><G129/><T17/><D35/><U2/><E2/><V94/><F94/><W78/><G115/><T97/><D32/><U71/><E71/><V116/><F116/><W29/><G118/><T67/><D119/><U106/><E106/><V59/><F59/><W111/><G113/><T0/><D95/><U44/><E44/><V57/><F57/><W28/><G58/><T131/><D47/><U56/><E56/><V6/><F6/><W77/><G111/><T43/><D45/><U10/><E10/><V63/><F63/><W80/><G11/><T110/><D8/><U133/><E133/><V60/><F60/><W100/><G80/><T91/><D131/><U33/><E33/><V90/><F90/><AGARI ba="0,2" hai="20,21,22,25,27,46,50,54,81,85,90,96,103,105" machi="90" ten="40,2600,0" yaku="1,1,53,1" doraHai="112" doraHaiUra="49" who="1" fromWho="2" sc="333,0,219,46,209,-26,219,0" /><INIT seed="3,0,0,4,0,8" ten="333,265,183,219" oya="3" hai0="37,129,133,78,62,83,70,122,74,117,86,88,55" hai1="106,18,94,126,56,68,5,135,72,134,109,6,90" hai2="116,67,26,49,130,100,35,16,3,30,76,120,58" hai3="29,91,99,32,112,60,108,114,104,24,61,50,1"/><W14/><G1/><T4/><D37/><U19/><E109/><V25/><F116/><W98/><G108/><T48/><D117/><U121/><E126/><V125/><F3/><W69/><G50/><T85/><D122/><U0/><E68/><V17/><F125/><W43/><G43/><T102/><D129/><U13/><E121/><V12/><F120/><W110/><G110/><T89/><D133/><N who="1" m="50699" /><E106/><V23/><F130/><W118/><G118/><T123/><D102/><U59/><E72/><V127/><F127/><W113/><G69/><T111/><D4/><N who="1" m="1643" /><E0/><V93/><F76/><W124/><G124/><T33/><D86/><N who="1" m="52567" /><E19/><V7/><F7/><W87/><G61/><T42/><D62/><U80/><E80/><V81/><F81/><W103/><G60/><T97/><D83/><U31/><E31/><V2/><F2/><W71/><G99/><T115/><D97/><U15/><E15/><V119/><F119/><W41/><G41/><T92/><D42/><U107/><E107/><V128/><F128/><W27/><G27/><T57/><D111/><U36/><E36/><V131/><F131/><W75/><G71/><T52/><D70/><U132/><N who="1" m="50707" /><U95/><DORA hai="44" /><E95/><V101/><F93/><N who="3" m="54527" /><G75/><T54/><D74/><U84/><E84/><V77/><F77/><W53/><G114/><T73/><D73/><U51/><E51/><V22/><REACH who="2" step="1"/><F67/><REACH who="2" ten="333,265,173,219" step="2"/><W38/><G113/><T45/><D115/><U82/><E82/><V79/><F79/><W63/><G112/><T28/><D78/><U96/><E96/><V47/><F47/><W34/><G98/><RYUUKYOKU ba="0,1" sc="333,-15,265,15,173,15,219,-15" hai1="13,18,56,59" hai2="12,16,17,22,23,25,26,30,35,49,58,100,101" owari="328,42.8,280,8.0,188,-31.2,204,-19.6" /></mjloggm>