<mjloggm ver="2.3"><GO type="225" lobby="0"/><UN n0="%E3%83%97%E3%83%AC%E3%83%B4%E3%82%A1%E3%83%86%E3%82%A3" n1="%E3%81%9F%E3%81%8B%E3%81%AE%E3%81%99%E3%81%91" n2="%E3%82%BC%E3%83%AB%E3%83%80%E3%81%AE%E4%BC%9D%E8%AA%AC" n3="%E3%81%86%E3%83%BC%E3%81%B1%E3%83%BC" dan="16,17,17,16" rate="2115.11,2142.83,2244.47,2114.32" sx="F,M,M,F"/><TAIKYOKU oya="0"/><INIT seed="0,0,0,3,1,77" ten="250,250,250,250" oya="0" hai0="117,78,5,105,68,10,89,54,93,98,72,135,19" hai1="79,66,41,126,131,65,100,129,35,1,70,84,115" hai2="74,51,61,45,46,85,101,121,28,114,119,49,2" hai3="127,63,31,37,99,103,116,0,43,62,133,48,11"/><T17/><D117/><U76/><E1/><V13/><F2/><W33/><G116/><T83/><D68/><U56/><E35/><V14/><F119/><W91/><G37/><T75/><D135/><U106/><E70/><V9/><F74/><W47/><G127/><T88/><D72/><U112/><E41/><V71/><F121/><W124/><G124/><T42/><D89/><U107/><E56/><V25/><F114/><N who="1" m="43561" /><E126/><V69/><F101/><W7/><G133/><T53/><D105/><N who="1" m="39947" /><E100/><V64/><F71/><W26/><REACH who="3" step="1"/><G91/><REACH who="3" ten="250,250,250,240" step="2"/><T57/><D42/><U3/><E3/><V21/><F9/><W67/><G67/><N who="1" m="25610" /><E84/><V86/><F86/><W130/><G130/><AGARI ba="0,1" hai="76,79,129,130,131" m="25610,39947,43561" machi="130" ten="40,8000,1" yaku="28,2,19,1,11,1" doraHai="77" who="1" fromWho="3" sc="250,0,250,90,250,0,240,-80" /><INIT seed="1,0,0,2,5,126" ten="250,340,250,160" oya="1" hai0="111,72,50,133,6,112,47,15,34,60,51,66,85" hai1="124,76,31,49,21,1,28,122,52,35,44,106,99" hai2="134,24,27,110,118,56,86,68,130,23,108,11,29" hai3="41,22,120,58,37,115,25,132,127,98,54,38,0"/><U117/><E122/><V81/><F68/><W61/><G120/><T2/><D112/><U71/><E117/><V92/><F118/><W123/><G123/><T96/><D72/><U135/><E35/><V104/><F104/><W107/><G115/><T36/><D111/><N who="2" m="42538" /><F134/><W84/><G0/><T7/><D133/><U46/><E135/><V121/><F121/><W57/><G127/><T12/><D34/><U89/><E71/><V78/><F130/><W75/><G75/><T87/><D2/><U102/><E1/><V119/><F119/><W97/><G132/><T116/><D116/><U32/><E32/><N who="2" m="20519" /><F11/><W3/><G3/><T16/><D36/><U93/><E124/><V18/><F92/><W39/><G107/><T105/><D105/><U4/><E4/><V55/><F56/><W45/><G84/><T20/><D96/><U17/><E76/><V9/><F9/><W67/><G98/><T69/><D50/><U113/><E44/><V114/><F55/><W14/><G97/><T19/><D6/><U100/><E113/><AGARI ba="0,0" hai="18,23,27,78,81,86,113,114" m="20519,42538" machi="113" ten="30,1000,0" yaku="14,1" doraHai="126" who="2" fromWho="1" sc="250,0,340,-10,250,10,160,0" /><INIT seed="2,0,0,0,3,66" ten="250,330,260,160" oya="2" hai0="60,9,24,2,46,131,78,119,1,21,99,112,43" hai1="80,13,35,65,133,37,129,69,8,94,68,128,57" hai2="103,76,16,42,106,3,48,111,109,53,89,122,19" hai3="104,12,11,123,110,107,67,132,49,34,14,135,50"/><V29/><F122/><W115/><G67/><T82/><D112/><U63/><E37/><V18/><F3/><W96/><G123/><T114/><D114/><U124/><E35/><V117/><F117/><W88/><G115/><T79/><D119/><U120/><E120/><V10/><F76/><W116/><G116/><T25/><D131/><N who="1" m="50251" /><E124/><V17/><F42/><W7/><G34/><T74/><D79/><U39/><E39/><V113/><F113/><W20/><G110/><N who="2" m="41993" /><F29/><W52/><G50/><T105/><D60/><U62/><E62/><V118/><F118/><W121/><G20/><T126/><D126/><U86/><E94/><V51/><F89/><W6/><G121/><T45/><D45/><U125/><E133/><N who="3" m="51274" /><G12/><T36/><D1/><U83/><E125/><V134/><F134/><W55/><G6/><T38/><D38/><U40/><E40/><V95/><F106/><N who="3" m="40491" /><G49/><T31/><D31/><U54/><E54/><V22/><F10/><W77/><G77/><T5/><D21/><U90/><E83/><V15/><F53/><W72/><G72/><T33/><D33/><U32/><E32/><V87/><F51/><W127/><G127/><T41/><D41/><U92/><E80/><V130/><F130/><W61/><G61/><T27/><D105/><U30/><E30/><V108/><F48/><W75/><G75/><T84/><D74/><U59/><E59/><V44/><F44/><W26/><G26/><T47/><D47/><U28/><E28/><V73/><F73/><W81/><G81/><T70/><D27/><U71/><E57/><V64/><F108/><RYUUKYOKU ba="0,0" sc="250,-15,330,15,260,-15,160,15" hai1="8,13,63,65,68,69,71,86,90,92" hai3="7,11,14,52,55,88,96" /><INIT seed="3,1,0,0,5,43" ten="235,345,245,175" oya="3" hai0="107,5,57,70,128,31,39,119,51,114,27,0,41" hai1="47,97,134,100,54,63,76,72,101,110,88,81,9" hai2="14,106,127,102,90,3,116,58,37,28,75,52,80" hai3="121,1,18,61,42,113,104,83,78,4,59,92,45"/><W24/><G113/><T111/><D114/><U98/><E110/><V50/><F3/><W6/><G121/><T11/><D111/><U89/><E134/><V94/><F37/><W79/><G104/><T36/><D119/><U64/><E9/><V96/><F116/><W20/><G92/><T60/><D107/><U56/><E98/><V55/><F127/><W117/><G117/><T87/><D128/><U71/><E47/><V82/><F75/><W66/><G1/><T34/><D70/><U86/><E100/><V2/><F2/><W125/><G125/><T29/><D29/><U129/><E72/><V68/><F68/><W46/><G42/><T74/><D74/><U108/><E129/><V35/><F14/><W118/><G118/><T53/><D87/><U120/><E120/><V26/><F55/><W49/><G49/><T126/><D126/><U21/><E21/><V115/><F115/><W112/><G112/><T84/><D84/><AGARI ba="1,0" hai="26,28,35,50,52,58,80,82,84,90,94,96,102,106" machi="84" ten="30,2000,0" yaku="7,1,54,1" doraHai="43" who="2" fromWho="0" sc="235,-23,345,0,245,23,175,0" owari="212,-18.8,345,44.5,268,6.8,175,-32.5" /></mjloggm>