<mjloggm ver="2.3"><GO type="225" lobby="0"/><UN n0="%E3%81%B5%E3%81%98%E3%81%8B%E3%81%A4" n1="%E6%B4%BE%E9%81%A3%E3%81%AE%E3%82%B8%E3%83%A3%E3%83%83%E3%82%AF" n2="%E3%81%A9%E3%82%8F%E3%82%93%E3%81%94" n3="%E3%81%BF%E3%81%BF%E3%81%9A" dan="16,17,16,17" rate="2171.18,2197.96,2088.81,2314.43" sx="M,M,M,M"/><TAIKYOKU oya="0"/><INIT seed="0,0,0,1,0,1" ten="250,250,250,250" oya="0" hai0="47,0,122,123,3,6,2,46,65,94,79,62,17" hai1="50,9,8,102,109,87,115,57,67,112,103,132,118" hai2="98,117,53,11,60,131,45,135,82,106,49,26,10" hai3="44,59,27,4,86,33,21,34,120,37,41,12,96"/><T52/><D79/><U25/><E109/><V15/><F135/><W35/><G120/><T18/><D94/><U93/><E118/><V23/><F131/><W84/><G96/><T43/><D47/><U127/><E127/><V134/><F134/><W51/><G59/><T66/><D66/><U107/><E132/><V56/><F117/><W29/><REACH who="3" step="1"/><G37/><REACH who="3" ten="250,250,250,240" step="2"/><T72/><D123/><U91/><E115/><V114/><F114/><W124/><G124/><T88/><D122/><U77/><E112/><V40/><F98/><W55/><G55/><T126/><D52/><N who="1" m="31895" /><E107/><V97/><F97/><W108/><G108/><T110/><D110/><U42/><E67/><V100/><F106/><W30/><G30/><T20/><D126/><U32/><E103/><V129/><F100/><W39/><G39/><T95/><D65/><U64/><E102/><V69/><F129/><W61/><G61/><T85/><D62/><U68/><E64/><V71/><F71/><W7/><G7/><T70/><D70/><U13/><E68/><V16/><F69/><W101/><G101/><T19/><D6/><U38/><E38/><V105/><F105/><W99/><G99/><T90/><D46/><U125/><E125/><V63/><F60/><W74/><G74/><T111/><D72/><U121/><E121/><V54/><F53/><W92/><G92/><N who="0" m="54287" /><D111/><U14/><E93/><V133/><F133/><W24/><G24/><N who="0" m="14351" /><D43/><U31/><E42/><V75/><F26/><W22/><G22/><T36/><D36/><U73/><E73/><V104/><F104/><W58/><G58/><T81/><D95/><RYUUKYOKU ba="0,1" sc="250,10,250,-30,250,10,240,10" hai0="0,2,3,18,19,81,90" hai2="10,11,15,16,23,40,45,49,54,56,63,75,82" hai3="4,12,21,27,29,33,34,35,41,44,51,84,86" /><INIT seed="0,1,1,3,0,35" ten="260,220,260,250" oya="0" hai0="38,80,124,102,58,68,65,134,30,69,98,25,70" hai1="100,72,47,131,44,46,96,105,26,109,49,117,12" hai2="92,87,71,97,93,55,77,16,112,51,13,41,22" hai3="125,94,20,31,54,36,73,37,115,130,29,18,89"/><T95/><D124/><U135/><E117/><V116/><F112/><W0/><G115/><T110/><D134/><U8/><E72/><V83/><F71/><W75/><G125/><T82/><D38/><U107/><E107/><V113/><F116/><W11/><G130/><T60/><REACH who="0" step="1"/><D110/><REACH who="0" ten="250,220,260,250" step="2"/><U126/><E109/><V1/><F113/><W128/><G36/><T5/><D5/><U103/><E126/><V23/><F41/><W48/><G37/><T85/><D85/><U19/><E135/><V66/><F87/><W104/><G75/><T86/><D86/><U108/><E108/><V2/><F97/><W57/><G73/><T14/><D14/><U52/><E131/><V32/><F13/><N who="3" m="7487" /><G128/><T76/><D76/><U4/><E100/><V42/><F77/><W15/><G0/><T129/><D129/><U43/><E43/><V120/><F42/><W39/><G39/><T53/><D53/><U90/><E90/><V27/><F55/><W21/><G15/><T79/><D79/><U121/><E121/><V106/><F120/><W88/><G89/><T10/><D10/><U74/><E74/><V45/><F1/><W123/><G123/><T7/><D7/><U40/><E40/><V59/><F2/><W33/><G88/><T101/><D101/><U28/><REACH who="1" step="1"/><E4/><REACH who="1" ten="250,210,260,250" step="2"/><V133/><F133/><W56/><G54/><T78/><D78/><U64/><E64/><V9/><F66/><W24/><G104/><T91/><D91/><U62/><E62/><V84/><F106/><W17/><G48/><T114/><D114/><U132/><E132/><V34/><F51/><RYUUKYOKU ba="1,3" sc="250,15,210,15,260,-15,250,-15" hai0="25,30,58,60,65,68,69,70,80,82,95,98,102" hai1="8,12,19,26,28,44,46,47,49,52,96,103,105" /><INIT seed="0,2,3,5,5,79" ten="265,225,245,235" oya="0" hai0="67,92,12,14,93,109,87,103,28,44,114,76,66" hai1="108,121,65,52,125,32,33,63,8,56,9,58,47" hai2="4,111,86,6,55,119,82,134,96,130,132,48,68" hai3="118,104,37,83,84,64,85,53,19,23,30,99,81"/><T2/><D114/><U129/><E121/><V35/><F68/><W45/><G118/><T39/><D2/><U97/><E108/><V105/><F35/><W107/><G64/><N who="0" m="24619" /><D39/><U128/><E125/><V11/><F111/><W21/><G37/><T80/><D109/><U24/><E47/><V60/><F119/><W13/><G99/><N who="0" m="59879" /><D28/><N who="1" m="19463" /><E97/><V127/><F60/><W133/><G133/><N who="2" m="51305" /><F130/><N who="1" m="50281" /><E33/><V74/><F74/><W91/><G45/><T0/><D0/><U116/><E116/><V69/><F69/><W40/><G40/><T61/><D61/><AGARI ba="2,3" hai="8,9,52,56,58,61,63,65" m="50281,19463" machi="61" ten="30,2000,0" yaku="19,1,54,1" doraHai="79" who="1" fromWho="0" sc="265,-26,225,56,245,0,235,0" /><INIT seed="1,0,0,1,4,78" ten="239,281,245,235" oya="1" hai0="111,50,103,70,89,74,99,98,81,36,52,33,73" hai1="38,14,15,127,43,82,20,49,101,0,122,56,13" hai2="100,3,64,18,42,90,32,97,76,6,94,129,12" hai3="25,84,87,134,5,45,39,107,35,93,85,44,40"/><U88/><E0/><V24/><F129/><W110/><G107/><T2/><D36/><U106/><E122/><V34/><F42/><W27/><G110/><T10/><D70/><U61/><E38/><V59/><F24/><W95/><G134/><T96/><D33/><U16/><E127/><V17/><F3/><W65/><G65/><T104/><D111/><U113/><E113/><V66/><F6/><W57/><G5/><T69/><D69/><U80/><E101/><V9/><F17/><W71/><G71/><T121/><D121/><U102/><E102/><V55/><F76/><W77/><G77/><T58/><D2/><U53/><E106/><V68/><F68/><W1/><G1/><T21/><D10/><U8/><E8/><V112/><F112/><W118/><G118/><T130/><D130/><U22/><E22/><V7/><F7/><W28/><G57/><T29/><D73/><U54/><E43/><V4/><F4/><W132/><G132/><T63/><D74/><U46/><E88/><V131/><F131/><W114/><G114/><T51/><D104/><U108/><E108/><V79/><F79/><W47/><G27/><AGARI ba="0,0" hai="13,14,15,16,20,27,46,49,53,54,56,61,80,82" machi="27" ten="40,12000,1" yaku="8,1,52,2,54,1" doraHai="78" who="1" fromWho="3" sc="239,0,281,120,245,0,235,-120" /><INIT seed="1,1,0,4,3,63" ten="239,401,245,115" oya="1" hai0="92,134,5,59,8,24,114,31,62,41,48,23,18" hai1="79,10,87,42,116,53,84,86,131,124,51,88,123" hai2="57,72,117,29,100,70,17,50,96,33,69,22,19" hai3="56,121,106,34,37,118,55,67,3,43,76,32,119"/><U66/><E116/><N who="3" m="44586" /><G121/><T39/><D114/><U38/><E123/><V85/><F72/><W9/><G106/><T98/><D134/><U93/><E124/><V12/><F117/><W20/><G76/><T91/><D39/><U82/><E131/><V21/><F85/><W94/><G20/><T44/><D31/><U45/><E10/><V15/><F29/><W28/><G28/><T11/><REACH who="0" step="1"/><D5/><REACH who="0" ten="229,401,245,115" step="2"/><U127/><E127/><V13/><F33/><W68/><G34/><T6/><D6/><U78/><E38/><V77/><F19/><W102/><G32/><T2/><D2/><U73/><E79/><V103/><F77/><W126/><G126/><T122/><D122/><U35/><E35/><V40/><F17/><W95/><G3/><T49/><D49/><U83/><E78/><V74/><F50/><N who="3" m="30839" /><G9/><T61/><D61/><U4/><E4/><V75/><F22/><W89/><G102/><T81/><D81/><U109/><E82/><V90/><F21/><W16/><G16/><T27/><D27/><U135/><E135/><V30/><F30/><W46/><G89/><T113/><D113/><U104/><E88/><V64/><F90/><W108/><G108/><T97/><D97/><U1/><E109/><V14/><F103/><W7/><G7/><T133/><D133/><U60/><E1/><V130/><F100/><W0/><G0/><T132/><D132/><U129/><E73/><V71/><F75/><W54/><G54/><AGARI ba="1,1" hai="8,11,18,23,24,41,44,48,54,59,62,91,92,98" machi="54" ten="30,8000,1" yaku="1,1,7,1,25,2,8,1,53,0" doraHai="63" doraHaiUra="65" who="0" fromWho="3" sc="229,93,401,0,245,0,115,-83" /><INIT seed="2,0,0,4,0,120" ten="322,401,245,32" oya="2" hai0="92,13,82,123,41,20,36,30,122,16,72,70,131" hai1="114,7,69,67,46,107,10,121,106,59,33,109,25" hai2="0,71,112,52,117,17,78,48,31,127,55,61,94" hai3="9,43,39,133,66,3,44,81,65,32,23,85,40"/><V97/><F117/><W83/><G32/><T111/><D70/><U34/><E59/><V6/><F112/><W91/><G133/><T116/><D116/><U108/><E114/><V80/><F31/><W28/><G28/><T115/><D115/><U79/><E79/><V8/><F127/><W38/><G23/><T95/><D131/><U15/><E46/><V96/><F17/><W128/><G128/><T87/><D30/><N who="1" m="19663" /><E34/><V101/><F97/><W4/><REACH who="3" step="1"/><G81/><REACH who="3" ten="322,401,245,22" step="2"/><T132/><D132/><U29/><E29/><V5/><F5/><W26/><G26/><T58/><D20/><U126/><E126/><V74/><REACH who="2" step="1"/><F48/><REACH who="2" ten="322,401,235,22" step="2"/><W73/><G73/><T76/><D72/><U62/><E121/><V12/><F12/><W56/><G56/><T35/><D58/><U18/><E7/><V103/><F103/><W64/><G64/><AGARI ba="0,2" hai="0,6,8,52,55,61,64,71,74,78,80,94,96,101" machi="64" ten="40,3900,0" yaku="1,1,54,1,53,0" doraHai="120" doraHaiUra="14" who="2" fromWho="3" sc="322,0,401,0,235,59,22,-39" owari="322,12.2,401,50.1,294,-10.6,-17,-51.7" /></mjloggm>