<mjloggm ver="2.3"><GO type="225" lobby="0"/><UN n0="%E6%98%93%E5%88%A9%E8%96%A9%E4%BC%AF" n1="%48%61%61%61%6C%61%6E%64" n2="%72%69%6F%75%63%68%61%6E" n3="%E4%B8%AD%E5%B9%B4%E3%81%AE%E5%8D%B1%E6%A9%9F" dan="16,17,17,17" rate="2138.17,2231.30,2263.43,2104.73" sx="F,M,M,M"/><TAIKYOKU oya="0"/><INIT seed="0,0,0,1,0,21" ten="250,250,250,250" oya="0" hai0="36,37,31,2,112,100,20,32,69,27,54,90,12" hai1="125,50,109,53,35,22,13,56,63,4,107,98,3" hai2="133,46,119,16,65,67,89,85,87,78,123,97,84" hai3="70,14,38,18,39,130,127,92,83,120,79,118,61"/><T113/><D100/><U75/><E35/><V131/><F123/><W60/><G118/><T23/><D69/><U72/><E109/><V105/><F119/><W128/><G120/><T7/><D90/><U77/><E125/><V9/><F131/><N who="3" m="50219" /><G92/><T62/><D62/><N who="3" m="24169" /><G70/><T11/><D54/><U8/><E77/><V116/><F133/><W74/><G127/><T6/><D37/><U57/><E107/><V129/><F116/><W122/><G122/><T10/><D36/><U86/><E98/><V44/><F129/><W103/><G103/><T108/><D108/><U29/><E86/><N who="2" m="33387" /><F105/><W80/><G80/><T76/><D76/><U121/><E121/><V117/><F97/><W52/><G52/><T134/><D134/><U111/><E111/><V58/><F78/><W124/><G124/><T51/><D51/><U81/><E81/><N who="2" m="49391" /><F58/><W42/><G42/><T82/><D82/><U1/><E57/><V40/><F117/><W33/><G33/><T66/><D66/><N who="2" m="25098" /><F40/><W41/><G41/><T73/><D73/><U95/><E95/><V59/><F59/><W26/><G39/><T135/><D135/><U68/><E68/><V43/><F43/><W132/><G38/><T48/><D48/><U30/><E50/><V115/><F115/><AGARI ba="0,0" hai="2,6,7,10,11,12,20,23,27,31,32,112,113,115" machi="115" ten="40,12000,1" yaku="34,3,52,1" doraHai="21" who="0" fromWho="2" sc="250,120,250,0,250,-120,250,0" /><INIT seed="0,1,0,5,4,41" ten="370,250,130,250" oya="0" hai0="135,57,131,98,96,111,54,67,64,69,37,0,84" hai1="97,20,52,89,34,107,104,3,16,65,118,112,47" hai2="120,103,93,102,101,127,39,117,90,12,78,58,53" hai3="87,122,82,72,35,30,22,19,14,13,106,133,25"/><T94/><D0/><U91/><E118/><V81/><F127/><W4/><G106/><T59/><D131/><U31/><E3/><V134/><F134/><W51/><G133/><T1/><D1/><U48/><E112/><V27/><F120/><W105/><G105/><T44/><D69/><U77/><E77/><V36/><F117/><W92/><G72/><T63/><D111/><U21/><E34/><V113/><F113/><W79/><G122/><T73/><D73/><U68/><E31/><V40/><F12/><W17/><G92/><T125/><D125/><U76/><E76/><V100/><N who="2" m="25600" /><DORA hai="10" /><V66/><F66/><W130/><G4/><T70/><D67/><U42/><E21/><V108/><F108/><W109/><G109/><T119/><D119/><U55/><E104/><V62/><F27/><W9/><REACH who="3" step="1"/><G51/><REACH who="3" ten="370,250,130,240" step="2"/><T116/><D94/><U49/><E107/><V123/><F123/><W114/><G114/><T43/><D135/><U7/><E7/><V115/><F115/><W132/><G132/><T88/><D116/><U86/><E48/><V56/><F40/><W23/><G23/><T38/><D38/><U80/><E20/><V95/><F95/><W26/><G26/><T71/><D43/><U99/><E42/><V18/><F93/><W124/><G124/><T24/><D37/><U5/><E5/><V74/><F18/><W85/><G85/><T32/><D84/><U83/><E16/><V46/><F36/><W29/><G29/><T45/><D24/><U121/><E121/><V8/><F39/><W28/><G28/><T11/><D98/><RYUUKYOKU ba="1,1" sc="370,-10,250,-10,130,-10,240,30" hai3="9,13,14,17,19,22,25,30,35,79,82,87,130" /><INIT seed="1,2,1,2,4,88" ten="360,240,120,270" oya="1" hai0="11,39,68,80,118,113,132,16,49,87,45,30,52" hai1="62,111,6,107,18,78,133,69,81,35,66,121,8" hai2="77,40,44,115,31,43,125,7,61,94,86,46,36" hai3="20,15,4,25,47,29,72,33,23,21,13,64,120"/><U101/><E121/><V114/><F125/><W117/><G72/><T128/><D113/><U58/><E133/><V57/><F7/><W124/><G64/><T48/><D68/><U104/><E111/><V105/><F105/><W103/><G120/><T26/><D118/><U65/><E35/><V92/><F31/><W37/><G124/><T127/><D39/><U5/><E18/><V119/><F119/><W34/><G117/><T14/><D128/><U3/><E5/><V95/><F77/><W27/><G103/><T71/><D71/><U74/><REACH who="1" step="1"/><E101/><REACH who="1" ten="360,230,120,270" step="2"/><V67/><REACH who="2" step="1"/><F86/><REACH who="2" ten="360,230,110,270" step="2"/><W106/><G4/><T135/><D127/><U79/><E79/><V109/><F109/><W102/><G29/><T12/><D135/><U22/><E22/><V24/><F24/><W42/><G33/><T99/><D132/><U60/><AGARI ba="2,3" hai="3,6,8,58,60,62,65,66,69,74,78,81,104,107" machi="60" ten="30,3000,0" yaku="1,1,0,1,53,0" doraHai="88" doraHaiUra="70" who="1" fromWho="1" sc="360,-12,230,66,110,-12,270,-12" /><INIT seed="1,3,0,0,5,104" ten="348,296,98,258" oya="1" hai0="74,72,87,129,16,89,62,5,15,110,25,84,28" hai1="26,24,60,92,120,52,31,115,123,65,48,114,133" hai2="30,66,86,6,50,44,118,54,97,17,68,57,10" hai3="8,59,27,18,82,9,102,132,119,19,40,121,20"/><U36/><E36/><V125/><F125/><W93/><G121/><T12/><D110/><U83/><E133/><V106/><F118/><W38/><G132/><T111/><D111/><U22/><E92/><V135/><F135/><W107/><G107/><T76/><D76/><U100/><E100/><V77/><F68/><W46/><G119/><T80/><D87/><U88/><E26/><V131/><F131/><W112/><G112/><T21/><D129/><U14/><E14/><V81/><F30/><W7/><G59/><T117/><D117/><U98/><E115/><V13/><F106/><W70/><G70/><T37/><D37/><U34/><E34/><V116/><F116/><W109/><G109/><T79/><D79/><U2/><E2/><V128/><F128/><W45/><G45/><T126/><D126/><U4/><E4/><V122/><F122/><W103/><G82/><T101/><D101/><U64/><E114/><V105/><F105/><W96/><G102/><T91/><D91/><U29/><E29/><V78/><F97/><W43/><G43/><T85/><D85/><N who="1" m="50239" /><E98/><V63/><REACH who="2" step="1"/><F77/><REACH who="2" ten="348,296,88,258" step="2"/><W33/><G33/><T95/><D28/><U73/><E123/><V3/><F3/><W69/><G69/><T99/><D99/><U11/><E120/><V71/><F71/><W41/><G103/><T51/><D89/><U124/><E124/><V49/><F49/><W32/><G32/><T42/><D51/><U1/><E48/><V23/><F23/><W39/><G39/><T94/><D21/><U47/><E22/><V55/><F55/><W90/><G20/><RYUUKYOKU ba="3,1" sc="348,-10,296,-10,88,30,258,-10" hai2="6,10,13,17,44,50,54,57,63,66,78,81,86" /><INIT seed="2,4,1,5,4,50" ten="338,286,118,248" oya="2" hai0="74,68,80,62,84,10,82,6,64,94,49,69,130" hai1="27,92,122,43,83,93,121,16,17,105,86,20,33" hai2="95,89,70,63,51,56,90,4,113,7,9,61,48" hai3="24,81,59,8,91,37,18,102,127,79,109,13,119"/><V2/><F113/><W106/><G119/><T112/><D112/><U21/><E33/><V53/><F7/><W58/><G37/><T32/><D32/><U3/><E3/><V131/><F131/><W29/><G127/><T42/><D130/><U44/><E105/><V107/><F107/><W15/><G109/><T46/><D69/><U77/><E121/><V124/><F124/><W78/><G106/><T45/><D74/><U30/><E122/><V40/><F40/><W98/><G102/><T38/><D94/><U11/><E11/><V129/><F129/><W52/><G15/><T100/><D100/><U97/><E21/><V1/><F1/><W96/><G59/><T23/><D23/><U67/><E67/><V115/><F115/><W65/><G65/><T126/><D84/><U36/><REACH who="1" step="1"/><E92/><REACH who="1" ten="338,276,118,248" step="2"/><V132/><F132/><W75/><G79/><T5/><D10/><U108/><E108/><V116/><F116/><W134/><G134/><T35/><D35/><U114/><E114/><V128/><F128/><W14/><G14/><T88/><D126/><U133/><E133/><V54/><F90/><AGARI ba="4,2" hai="16,17,20,27,30,36,43,44,77,83,86,90,93,97" machi="90" ten="30,7700,0" yaku="1,1,7,1,54,1,53,1" doraHai="50" doraHaiUra="25" who="1" fromWho="2" sc="338,0,276,109,118,-89,248,0" /><INIT seed="3,0,0,3,2,87" ten="338,385,29,248" oya="3" hai0="103,32,120,102,131,23,125,50,57,56,40,76,132" hai1="25,8,67,43,49,36,78,62,17,63,115,72,53" hai2="11,108,51,71,33,106,68,44,5,114,127,133,94" hai3="105,74,30,69,60,55,90,65,27,47,128,98,48"/><W101/><G74/><T82/><D32/><U66/><E115/><V96/><F114/><W121/><G128/><T104/><D120/><U91/><E36/><V4/><F33/><W19/><G19/><T89/><D125/><U59/><E78/><V39/><F106/><W6/><G6/><T16/><D132/><U61/><E43/><V31/><F127/><W75/><G75/><T124/><D124/><U86/><E72/><V9/><F133/><W1/><G1/><T123/><D76/><U109/><E109/><V41/><F108/><W85/><G121/><T77/><D77/><U119/><E119/><V24/><F51/><W28/><REACH who="3" step="1"/><G27/><REACH who="3" ten="338,385,29,238" step="2"/><T42/><D131/><U130/><E130/><V99/><F5/><W38/><G38/><T20/><D16/><U26/><E26/><V93/><F4/><W117/><G117/><T21/><D123/><U13/><E25/><V7/><F7/><W110/><G110/><T52/><D104/><U29/><E29/><V122/><F122/><W10/><G10/><N who="2" m="3593" /><F24/><W0/><G0/><T113/><D113/><U100/><E17/><V84/><F31/><W18/><G18/><T116/><D116/><U129/><E129/><V134/><F134/><W46/><G46/><N who="0" m="27735" /><D23/><U135/><E135/><V112/><F112/><W45/><G45/><T126/><D21/><U3/><E3/><V15/><F15/><W81/><AGARI ba="0,1" hai="28,30,47,48,55,60,65,69,81,85,90,98,101,105" machi="81" ten="20,7800,0" yaku="1,1,0,1,7,1,52,1,53,0" doraHai="87" doraHaiUra="14" who="3" fromWho="3" sc="338,-26,385,-26,29,-26,238,88" /><INIT seed="3,1,0,3,2,76" ten="312,359,3,326" oya="3" hai0="127,115,46,123,102,60,124,75,73,89,55,42,15" hai1="9,24,47,59,128,0,41,110,38,111,33,54,126" hai2="32,117,28,14,83,120,8,49,101,85,131,12,3" hai3="90,31,58,92,99,104,93,130,10,25,4,97,48"/><W79/><G104/><T43/><D123/><U23/><E126/><N who="0" m="48169" /><D102/><U100/><E128/><V17/><F117/><W26/><G130/><T105/><D105/><U80/><E100/><V30/><F131/><W67/><G79/><T1/><D1/><U63/><E33/><V2/><F120/><W68/><G68/><T16/><D115/><U51/><E80/><V22/><F101/><W45/><G67/><T129/><D129/><U121/><E121/><V94/><F49/><W95/><G58/><N who="0" m="34911" /><D89/><U125/><E125/><V65/><F94/><W133/><G133/><T113/><D113/><U53/><E9/><V11/><F83/><W132/><G132/><T29/><D29/><U56/><REACH who="1" step="1"/><E0/><REACH who="1" ten="312,349,3,326" step="2"/><V74/><F74/><N who="0" m="28170" /><D46/><U40/><E40/><V96/><F96/><W118/><G118/><T112/><D112/><U71/><E71/><V103/><F85/><W109/><G99/><T82/><D82/><U77/><E77/><V64/><F103/><W50/><G109/><T91/><D91/><U122/><E122/><V62/><F62/><W57/><G90/><T135/><D135/><U66/><E66/><V36/><F65/><W78/><G78/><T108/><D108/><U88/><E88/><V52/><F64/><W44/><G97/><T81/><D81/><U5/><E5/><V6/><F52/><N who="3" m="31879" /><G45/><T7/><D7/><U106/><E106/><V70/><F70/><W18/><G4/><T13/><D13/><U134/><E134/><V21/><F36/><W116/><G116/><T19/><D15/><U27/><E27/><N who="2" m="18463" /><F21/><N who="3" m="13495" /><G95/><T69/><D69/><U119/><E119/><RYUUKYOKU ba="1,1" sc="312,10,349,10,3,10,326,-30" hai0="16,19,42,43" hai1="23,24,38,41,47,51,53,54,56,59,63,110,111" hai2="2,3,6,8,11,12,14,17,22,30" owari="322,12.2,369,46.9,13,-48.7,296,-10.4" /></mjloggm>