<mjloggm ver="2.3"><GO type="225" lobby="0"/><UN n0="%E9%B3%B3%E6%9D%B1%E3%81%AE%E3%81%86%E3%81%95%E3%81%8E%E3%81%95%E3%82%93" n1="%72%65%6E%6B%75%6E" n2="%E3%81%B5%E3%81%98%E3%81%8B%E3%81%A4" n3="%E3%81%AF%E3%82%88%E3%81%8A%E3%81%98%E3%81%95%E3%82%93" dan="17,17,16,17" rate="2303.60,2218.65,2158.23,2192.53" sx="M,M,M,M"/><TAIKYOKU oya="0"/><INIT seed="0,0,0,2,1,90" ten="250,250,250,250" oya="0" hai0="56,35,76,23,105,21,47,24,99,11,40,49,80" hai1="93,124,51,81,57,73,46,95,91,67,103,88,3" hai2="45,94,62,86,89,92,130,33,7,9,26,71,78" hai3="60,65,50,122,31,58,29,44,104,2,109,121,79"/><T135/><D135/><U0/><E124/><V98/><F130/><W6/><G104/><T37/><D11/><U22/><E0/><V100/><F45/><W69/><G109/><T28/><D56/><U53/><E3/><V15/><F78/><W102/><G102/><T75/><REACH who="0" step="1"/><D37/><REACH who="0" ten="240,250,250,250" step="2"/><U97/><E22/><V42/><F71/><W10/><G58/><T5/><D5/><U131/><E131/><V107/><F42/><W68/><G69/><T16/><D16/><U125/><E125/><V113/><F113/><W13/><G2/><T43/><D43/><U72/><E67/><V8/><F8/><W4/><G6/><T48/><D48/><U52/><E81/><V34/><F62/><W114/><G114/><T12/><D12/><U66/><E66/><V128/><F128/><W14/><G13/><T18/><D18/><U27/><E27/><V111/><F111/><W77/><G29/><T101/><AGARI ba="0,1" hai="21,23,24,28,35,40,47,49,75,76,80,99,101,105" machi="101" ten="30,3000,0" yaku="1,1,0,1,53,0" doraHai="90" doraHaiUra="134" who="0" fromWho="0" sc="240,40,250,-10,250,-10,250,-10" /><INIT seed="0,1,0,0,5,57" ten="280,240,240,240" oya="0" hai0="78,42,50,114,11,123,41,110,35,73,97,12,84" hai1="55,6,89,40,77,104,17,135,118,82,52,102,30" hai2="63,27,29,53,128,47,18,117,120,34,109,91,125" hai3="92,9,62,79,10,86,25,51,131,49,124,76,31"/><T54/><D114/><U60/><E118/><V16/><F120/><W58/><G124/><T1/><D73/><U126/><E126/><V64/><F117/><W111/><G111/><T68/><D123/><U133/><E40/><V113/><F125/><W23/><G131/><T3/><D35/><U46/><E30/><V5/><F109/><W93/><G9/><T121/><D121/><U72/><E6/><V20/><F113/><W21/><G10/><T95/><D68/><U127/><E127/><V2/><F128/><W48/><G21/><T134/><D134/><N who="1" m="51211" /><E89/><V103/><F103/><W14/><G14/><T119/><D119/><U37/><E37/><V65/><F91/><N who="3" m="53367" /><G93/><T7/><D1/><U67/><E46/><V87/><F87/><W26/><G25/><T107/><D3/><U108/><E17/><V45/><F2/><W99/><G99/><T75/><D75/><U43/><E43/><V85/><F85/><W71/><G71/><T83/><D107/><U98/><E108/><V106/><F5/><W129/><G129/><T32/><D32/><U80/><E82/><V59/><F106/><W28/><G31/><T132/><D110/><U100/><E100/><V115/><F115/><W38/><G38/><T24/><D24/><U8/><E8/><V0/><F0/><W101/><G101/><N who="0" m="60607" /><D132/><U74/><E74/><V116/><F116/><W105/><G105/><T4/><D4/><U19/><E19/><N who="2" m="7211" /><F34/><W13/><G13/><T88/><D88/><U39/><E39/><V66/><AGARI ba="1,0" hai="20,27,29,45,47,53,59,63,64,65,66" m="7211" machi="66" ten="30,4000,0" yaku="8,1,52,1,54,1" doraHai="57" who="2" fromWho="2" sc="280,-21,240,-11,240,43,240,-11" /><INIT seed="1,0,0,4,1,118" ten="259,229,283,229" oya="1" hai0="62,69,130,77,29,6,96,134,90,18,2,123,117" hai1="64,103,36,124,95,48,38,85,55,9,7,107,19" hai2="50,42,56,27,39,15,104,54,129,92,8,58,75" hai3="51,105,114,65,59,91,84,25,14,102,86,73,1"/><U113/><E113/><V68/><F104/><W108/><G1/><T128/><D117/><U63/><E124/><V88/><F75/><W106/><G73/><T119/><D119/><U28/><E28/><V60/><F129/><N who="0" m="49770" /><D134/><U57/><E107/><V10/><F68/><W120/><G120/><T33/><D77/><U17/><E38/><V115/><F115/><W30/><G114/><T67/><D18/><U49/><E36/><V127/><F127/><W41/><G108/><T52/><D6/><U12/><E48/><V34/><F39/><W112/><G112/><T93/><D2/><U78/><E103/><V89/><F10/><W70/><G14/><T116/><D116/><U16/><E95/><V101/><F27/><W82/><G84/><T37/><D37/><U47/><REACH who="1" step="1"/><E7/><REACH who="1" ten="259,219,283,229" step="2"/><N who="2" m="3487" /><F34/><W121/><G102/><T109/><D109/><U76/><E76/><V94/><F101/><W35/><G121/><T66/><D123/><U4/><E4/><V80/><F94/><W97/><G105/><T0/><D29/><U111/><E111/><V131/><F131/><W43/><G106/><T40/><D33/><U71/><E71/><V72/><F92/><N who="3" m="56479" /><G70/><T11/><D69/><U31/><E31/><V100/><F100/><W122/><G122/><T135/><D93/><U26/><E26/><V32/><F32/><W13/><G51/><T87/><D96/><U99/><E99/><V81/><F89/><W132/><G132/><T20/><D135/><U53/><E53/><N who="2" m="33871" /><F42/><W5/><G5/><T21/><D40/><U22/><E22/><N who="0" m="8809" /><D90/><U126/><E126/><V45/><F88/><RYUUKYOKU ba="0,1" sc="259,-10,219,30,283,-10,229,-10" hai1="9,12,16,17,19,47,49,55,57,63,64,78,85" /><INIT seed="1,1,1,2,3,77" ten="249,249,273,219" oya="1" hai0="45,93,23,81,59,120,99,91,26,114,70,12,106" hai1="78,17,19,117,105,101,22,30,73,40,72,55,5" hai2="86,90,102,108,53,18,1,88,16,38,33,20,126" hai3="107,58,76,3,60,25,71,39,121,29,31,132,14"/><U116/><E5/><V111/><F33/><W85/><G121/><T128/><D114/><U32/><E40/><V68/><F126/><W7/><G39/><T115/><D115/><U96/><E32/><V69/><F1/><W11/><G107/><T75/><D70/><U43/><E43/><V125/><F125/><W44/><G71/><T64/><D120/><U133/><E133/><V100/><F38/><W135/><G44/><T84/><D128/><U109/><E109/><N who="2" m="42059" /><F53/><W92/><G3/><T51/><D75/><U127/><E30/><V2/><F2/><W119/><G119/><T21/><D106/><U24/><E127/><V46/><F46/><W94/><G31/><T103/><D12/><U118/><E55/><V15/><F18/><W74/><G74/><T129/><D129/><U131/><E131/><V110/><F90/><W80/><G135/><T134/><D26/><U97/><E78/><V98/><N who="2" m="42067" /><V36/><DORA hai="89" /><F36/><W50/><G50/><T66/><D134/><U112/><E112/><V34/><F34/><W13/><G13/><T104/><D64/><U82/><E17/><V52/><F52/><N who="3" m="33863" /><G132/><T79/><D66/><U56/><E116/><V83/><F102/><W61/><G61/><T49/><D45/><U124/><E124/><V57/><F57/><W130/><G130/><T8/><D59/><U42/><E42/><V28/><F28/><W87/><G87/><T113/><D113/><U65/><E72/><V47/><F47/><W0/><G0/><T10/><D51/><U41/><E117/><V54/><F54/><W6/><G7/><RYUUKYOKU ba="1,1" sc="249,-15,249,-15,273,15,219,15" hai2="15,16,20,68,69,83,86,88,98,100" hai3="6,11,14,25,29,76,80,85,92,94" /><INIT seed="2,2,1,4,1,11" ten="234,234,288,234" oya="2" hai0="115,102,46,80,44,50,117,25,110,49,37,19,92" hai1="10,0,79,38,101,1,41,58,93,121,127,90,120" hai2="33,35,112,78,8,15,75,47,95,66,81,23,106" hai3="55,24,45,96,91,133,118,48,5,97,109,77,14"/><V43/><F112/><W100/><G118/><T68/><D115/><U40/><E127/><V132/><F106/><W13/><G109/><T99/><D110/><U94/><E79/><V107/><F107/><W103/><G133/><T72/><D68/><U87/><E58/><V130/><F130/><W17/><G77/><T89/><D117/><U85/><E10/><V9/><F132/><W126/><G126/><T86/><D72/><U22/><E22/><V16/><F66/><W131/><G131/><T36/><D25/><U59/><E59/><V54/><F54/><W128/><G128/><T84/><D19/><U42/><E38/><V39/><F9/><N who="3" m="4271" /><G24/><T26/><D26/><U69/><E69/><V12/><F95/><N who="1" m="36361" /><E101/><N who="3" m="38986" /><G91/><T124/><D86/><N who="1" m="32779" /><E90/><V63/><F63/><W34/><G34/><T134/><D134/><U52/><E52/><V18/><AGARI ba="2,1" hai="8,12,15,16,18,23,33,35,39,43,47,75,78,81" machi="18" ten="20,12000,1" yaku="0,1,7,1,52,2,54,1" doraHai="11" who="2" fromWho="2" sc="234,-42,234,-42,288,136,234,-42" /><INIT seed="2,3,0,5,3,61" ten="192,192,424,192" oya="2" hai0="40,32,64,103,2,101,53,90,52,84,67,20,38" hai1="23,129,78,91,105,96,63,34,69,4,81,22,66" hai2="51,126,116,48,93,21,71,8,118,29,13,89,11" hai3="94,6,39,130,35,98,114,0,132,14,70,125,128"/><V41/><F71/><W28/><G70/><T99/><D32/><U45/><E34/><V112/><F112/><W115/><G39/><T117/><D2/><U77/><E129/><N who="3" m="49770" /><G0/><T25/><D117/><U83/><E4/><V9/><F126/><W44/><G125/><T79/><D79/><U60/><E45/><V104/><F104/><W59/><G132/><T15/><D15/><U58/><E105/><V92/><F41/><W87/><G87/><T72/><D72/><U111/><E111/><V124/><F124/><W88/><G44/><T24/><D40/><U100/><E91/><V3/><F3/><W75/><G75/><T17/><D24/><U113/><E113/><N who="3" m="43018" /><G59/><T121/><D38/><U127/><E127/><V33/><F118/><W16/><G6/><T74/><D74/><U131/><E131/><V134/><F134/><W62/><G62/><T123/><D123/><U54/><E78/><V36/><F51/><W50/><G50/><T133/><D121/><U46/><E46/><V27/><F48/><W49/><G49/><T119/><D119/><U120/><E120/><V7/><F36/><W73/><G73/><T18/><D133/><U135/><E135/><V47/><F47/><W109/><G109/><T43/><D43/><U37/><E37/><V19/><F116/><W85/><G85/><T122/><D84/><N who="1" m="48175" /><E83/><V97/><F7/><W82/><G82/><T107/><D122/><U95/><E69/><V102/><F93/><W31/><G35/><T5/><D5/><U56/><AGARI ba="3,0" hai="22,23,54,56,58,60,63,66,95,96,100" m="48175" machi="56" ten="30,2000,0" yaku="8,1,52,1" doraHai="61" who="1" fromWho="1" sc="192,-8,192,29,424,-13,192,-8" /><INIT seed="3,0,0,4,1,31" ten="184,221,411,184" oya="3" hai0="113,43,1,54,9,57,86,116,92,68,35,71,0" hai1="84,101,19,135,8,46,47,102,50,72,18,14,80" hai2="39,74,38,26,132,133,30,94,22,70,27,48,3" hai3="20,109,36,103,79,56,64,108,104,41,118,67,52"/><W105/><G118/><T128/><D116/><U28/><E72/><V77/><F70/><W78/><G20/><T49/><D35/><U62/><E135/><N who="2" m="51787" /><F3/><W119/><G119/><T97/><D43/><N who="1" m="24927" /><E28/><N who="2" m="17495" /><F94/><W29/><G29/><T21/><D92/><U121/><E121/><V66/><F48/><N who="3" m="30727" /><G36/><T17/><D49/><U99/><E47/><V124/><F66/><N who="3" m="25131" /><G41/><T65/><D65/><U40/><E40/><V63/><F63/><W34/><G34/><T85/><D0/><U11/><E99/><V115/><F115/><W126/><G126/><T16/><D97/><U81/><E81/><N who="2" m="45239" /><F124/><W112/><G112/><T83/><D1/><U134/><E62/><V107/><F107/><N who="3" m="41035" /><G103/><T61/><D113/><U13/><E134/><V53/><F53/><W89/><G89/><AGARI ba="0,0" hai="8,11,13,14,18,19,80,84,89,101,102" m="24927" machi="89" ten="30,1000,0" yaku="8,1" doraHai="31" who="1" fromWho="3" sc="184,0,221,10,411,0,184,-10" owari="184,-21.6,231,3.1,411,51.1,174,-32.6" /></mjloggm>