<mjloggm ver="2.3"><GO type="225" lobby="0"/><UN n0="%E6%80%AA%E3%81%97%E3%81%99%E3%81%8E%E3%82%8B%E3%83%81%E3%83%BC" n1="%E5%84%AA%40%41%42%43" n2="%E8%81%B7%E6%A5%AD%E3%80%81%E9%A2%A8%32" n3="%67%61%79%75%6E%79" dan="16,17,16,16" rate="2133.11,2238.64,2115.76,2134.83" sx="M,M,M,M"/><TAIKYOKU oya="0"/><INIT seed="0,0,0,3,1,126" ten="250,250,250,250" oya="0" hai0="114,34,92,118,25,82,73,135,31,22,106,53,65" hai1="58,100,96,17,47,61,108,37,120,119,48,1,91" hai2="124,89,3,14,74,33,97,115,76,83,132,32,71" hai3="94,88,102,81,9,30,110,72,45,112,2,95,77"/><T60/><D118/><U59/><E120/><V93/><F3/><W105/><G112/><T46/><D114/><U29/><E119/><V24/><F71/><W130/><G30/><T99/><D135/><U131/><E1/><V62/><F124/><W57/><G110/><T54/><D106/><U38/><E108/><V0/><F0/><W11/><G95/><T123/><D123/><U127/><E29/><V121/><F121/><W70/><G70/><T98/><D34/><U7/><E7/><V116/><F116/><W79/><G77/><T103/><D98/><U87/><E59/><V111/><F132/><W42/><G57/><N who="0" m="37007" /><D46/><U68/><E68/><V63/><F115/><W52/><G2/><T6/><D6/><U66/><E17/><V26/><F33/><W109/><G109/><T43/><D43/><U80/><E127/><V113/><F113/><W69/><G69/><T19/><D19/><U117/><E131/><V36/><F36/><W40/><G130/><T67/><D67/><U128/><E128/><V10/><F111/><W8/><G52/><N who="0" m="20075" /><D73/><U107/><E117/><V5/><F32/><W56/><G56/><T21/><D21/><U39/><REACH who="1" step="1"/><E48/><REACH who="1" ten="250,240,250,250" step="2"/><V15/><F63/><W35/><G35/><T27/><D27/><U84/><E84/><V85/><F62/><W133/><G133/><T51/><D51/><U86/><E86/><V75/><F74/><W134/><G134/><T101/><D82/><U50/><E50/><V16/><REACH who="2" step="1"/><F75/><REACH who="2" ten="250,240,240,250" step="2"/><W12/><G72/><T55/><D103/><U90/><E90/><V64/><F64/><W78/><G88/><RYUUKYOKU ba="0,2" sc="250,10,240,10,240,10,250,-30" hai0="22,25,31,55,92,99,101" hai1="37,38,39,47,58,61,66,80,87,91,96,100,107" hai2="5,10,14,15,16,24,26,76,83,85,89,93,97" /><INIT seed="0,1,2,4,4,14" ten="260,250,250,220" oya="0" hai0="39,70,31,127,115,33,51,105,28,76,62,106,57" hai1="23,97,73,103,3,8,78,44,32,120,112,117,116" hai2="65,124,134,81,122,130,36,88,125,43,20,90,77" hai3="102,110,123,26,9,93,101,69,4,104,13,22,25"/><T84/><D115/><U1/><E23/><V75/><F122/><W128/><G104/><T61/><D127/><N who="2" m="48714" /><F130/><W111/><G128/><T50/><D39/><U52/><E52/><V85/><F134/><W45/><G123/><T12/><D12/><U59/><E59/><V56/><F36/><W74/><G74/><T132/><D132/><U19/><E19/><V83/><F43/><W113/><G69/><T66/><D76/><U17/><E17/><V42/><F42/><W46/><G113/><T64/><D84/><U41/><E120/><V68/><F68/><W18/><G26/><T67/><D67/><U135/><E32/><V49/><F20/><W38/><G93/><T35/><D57/><U30/><E30/><V37/><F37/><W71/><G71/><AGARI ba="1,2" hai="28,31,33,35,50,51,61,62,64,66,70,71,105,106" machi="71" ten="25,2400,0" yaku="22,2" doraHai="14" who="0" fromWho="3" sc="260,47,250,0,250,0,220,-27" /><INIT seed="0,2,0,4,1,56" ten="307,250,250,193" oya="0" hai0="4,113,38,24,135,85,108,104,59,37,20,63,61" hai1="88,30,45,114,119,95,89,110,83,64,118,31,112" hai2="15,127,7,69,79,86,99,10,36,39,103,70,133" hai3="73,32,82,29,77,25,41,100,55,18,96,126,47"/><T51/><D104/><U9/><E45/><V91/><F127/><W12/><G126/><T98/><D113/><N who="1" m="43627" /><E9/><V111/><F111/><W78/><G55/><T16/><D108/><U27/><E110/><V123/><F123/><W5/><G5/><T14/><D135/><U72/><E64/><V71/><F79/><W80/><G12/><T117/><D117/><U90/><E95/><V44/><F44/><W68/><G18/><T53/><D37/><U52/><E52/><V40/><F40/><W34/><G68/><T33/><D38/><U1/><E1/><V19/><F19/><W115/><G115/><T22/><D33/><N who="1" m="20703" /><E31/><V11/><F10/><W54/><G54/><T66/><D66/><U121/><E121/><V58/><F58/><W131/><G131/><T35/><D35/><U26/><E26/><V124/><F133/><W81/><G34/><T129/><D129/><U132/><E132/><V28/><F28/><W109/><G109/><T94/><D4/><U6/><E6/><V76/><F124/><W67/><G67/><T134/><D134/><U62/><E62/><V116/><F116/><W0/><G0/><T50/><D50/><U49/><E49/><V17/><F7/><W60/><G60/><T130/><D130/><U23/><E23/><V48/><F48/><N who="3" m="26735" /><G73/><T128/><D128/><U102/><E102/><V74/><F74/><W13/><G13/><T21/><D21/><U46/><E46/><V93/><F103/><W107/><G107/><T57/><D63/><U43/><E43/><V125/><F125/><W122/><G122/><T101/><D61/><RYUUKYOKU ba="2,0" sc="307,-30,250,10,250,10,193,10" hai1="72,83,88,89,90,118,119" hai2="11,15,17,36,39,69,70,71,76,86,91,93,99" hai3="25,29,32,77,78,80,81,82,96,100" /><INIT seed="1,3,0,5,2,64" ten="277,260,260,203" oya="1" hai0="17,100,125,49,114,54,63,88,60,111,116,16,14" hai1="35,90,130,56,119,82,113,50,47,94,32,26,107" hai2="124,2,19,8,45,131,84,31,61,98,5,36,70" hai3="55,21,66,95,68,115,44,53,96,9,51,30,7"/><U39/><E113/><V34/><F124/><W120/><G120/><T71/><D114/><U91/><E119/><V135/><F131/><W37/><G115/><T20/><D116/><U78/><E107/><V93/><F135/><W48/><G37/><T77/><D125/><U58/><E39/><V43/><F84/><W86/><G86/><T15/><D71/><U27/><E130/><V85/><F85/><W133/><G133/><T11/><D111/><U24/><E35/><V69/><F61/><W101/><G66/><T121/><D121/><U4/><E32/><V72/><F72/><W76/><G76/><T108/><D108/><U134/><E134/><V41/><F41/><W104/><G68/><T10/><D77/><U74/><E4/><V18/><F19/><W3/><G104/><T62/><D100/><U23/><E23/><V83/><F83/><W118/><G118/><T40/><D40/><U65/><E65/><V46/><F46/><W105/><G105/><T52/><D88/><U128/><E128/><V22/><F31/><W126/><G126/><T33/><D33/><U13/><E13/><V38/><F34/><W12/><G3/><T29/><D49/><N who="3" m="19017" /><G44/><T75/><D75/><U106/><E106/><V112/><F38/><W1/><G1/><T122/><D122/><U102/><E102/><V87/><F112/><W42/><G42/><T67/><D67/><U81/><E81/><V92/><F92/><W109/><G109/><T28/><D20/><U97/><REACH who="1" step="1"/><E90/><REACH who="1" ten="277,250,260,203" step="2"/><V132/><F132/><W57/><G57/><T25/><D25/><AGARI ba="3,1" hai="7,9,12,21,25,30,53,55,95,96,101" m="19017" machi="25" ten="30,1000,0" yaku="8,1" doraHai="64" who="3" fromWho="0" sc="277,-19,250,0,260,0,203,29" /><INIT seed="2,0,0,4,5,109" ten="258,250,260,232" oya="2" hai0="54,124,82,24,31,68,79,25,117,104,0,46,11" hai1="63,75,42,119,111,36,61,123,26,53,129,72,113" hai2="45,89,100,14,22,115,40,90,55,130,91,30,107" hai3="106,94,59,56,49,28,95,133,80,2,69,134,81"/><V38/><F115/><W13/><G2/><T77/><D68/><U74/><E113/><V135/><F130/><W88/><G69/><T10/><D104/><U9/><E111/><V44/><F135/><N who="3" m="51723" /><G106/><T118/><D124/><U83/><E119/><N who="0" m="45577" /><D24/><U76/><E129/><V110/><F110/><W18/><G28/><T73/><D79/><U99/><E123/><V108/><F108/><W67/><G95/><T125/><D125/><U34/><E53/><V62/><F100/><W85/><G59/><T52/><D0/><U19/><E99/><V120/><F107/><W66/><G66/><T3/><D3/><U116/><E116/><V48/><F120/><W50/><G50/><N who="0" m="28759" /><D54/><U127/><E127/><V20/><F30/><W92/><G92/><T98/><D98/><U51/><E36/><V57/><REACH who="2" step="1"/><F14/><REACH who="2" ten="258,250,250,232" step="2"/><W7/><G13/><T105/><D105/><U39/><E34/><AGARI ba="0,1" hai="10,11,25,31,34,73,77,82" m="28759,45577" machi="34" ten="30,2000,0" yaku="12,1,54,1" doraHai="109" who="0" fromWho="1" sc="258,30,250,-20,250,0,232,0" /><INIT seed="3,0,0,5,2,23" ten="288,230,250,232" oya="3" hai0="80,98,106,37,82,75,52,29,116,0,18,71,14" hai1="32,130,76,113,55,123,132,7,79,125,51,66,61" hai2="65,36,111,41,85,127,89,100,87,24,128,118,117" hai3="28,121,22,11,6,69,88,59,95,77,97,12,17"/><W102/><G121/><T62/><D0/><U57/><E123/><V47/><F111/><W10/><G69/><T3/><D116/><U4/><E113/><V73/><F73/><W93/><G77/><N who="1" m="29770" /><E32/><V92/><F127/><W48/><G28/><T35/><D3/><U54/><E125/><V122/><F122/><W5/><G5/><N who="1" m="2122" /><E132/><V78/><F128/><W30/><G30/><T67/><D37/><U109/><E109/><V90/><F78/><W83/><G83/><T99/><D75/><U46/><E130/><V56/><F100/><W120/><G120/><T119/><D119/><U131/><E131/><V39/><F39/><W74/><G74/><T9/><D52/><AGARI ba="0,0" hai="46,51,52,54,55,57,61,66" m="2122,29770" machi="52" ten="30,2000,0" yaku="8,1,54,1" doraHai="23" who="1" fromWho="0" sc="288,-20,230,20,250,0,232,0" /><INIT seed="4,0,0,1,3,115" ten="268,250,250,232" oya="0" hai0="97,67,37,70,108,69,33,95,9,92,90,79,22" hai1="57,60,65,130,110,106,20,68,18,25,71,89,17" hai2="111,107,127,104,86,74,120,0,10,34,98,81,55" hai3="126,40,105,32,61,109,13,133,39,85,38,73,44"/><T91/><D33/><U135/><E110/><V6/><F111/><W51/><G32/><T43/><D108/><U82/><E135/><V27/><F120/><W64/><G73/><T76/><D9/><U124/><E106/><V8/><F127/><W83/><G109/><T48/><D37/><U122/><E122/><V12/><F74/><W72/><G72/><T28/><D69/><U100/><E100/><V116/><F116/><W113/><G105/><T129/><D129/><U14/><E130/><V132/><F132/><W94/><G133/><T7/><D7/><U66/><E124/><V30/><F98/><W101/><G126/><T36/><D36/><U21/><E66/><V103/><F55/><W112/><G13/><T88/><D67/><U63/><E63/><V49/><F49/><W96/><G112/><T99/><D70/><U84/><AGARI ba="0,0" hai="14,17,18,20,21,25,57,60,65,68,71,82,84,89" machi="84" ten="30,1100,0" yaku="0,1" doraHai="115" who="1" fromWho="1" sc="268,-5,250,11,250,-3,232,-3" /><INIT seed="5,0,0,0,3,54" ten="263,261,247,229" oya="1" hai0="81,106,9,26,80,121,43,78,102,45,65,22,44" hai1="104,107,58,85,98,127,132,20,96,119,135,130,49" hai2="77,103,93,61,64,36,112,90,134,50,68,57,111" hai3="0,16,41,29,52,82,101,100,66,87,69,19,37"/><U118/><E130/><V73/><F36/><W25/><G0/><T55/><D121/><U38/><E38/><V79/><F111/><W23/><G66/><T35/><D35/><U5/><E5/><V6/><F134/><N who="1" m="51241" /><E20/><V126/><F126/><W74/><G74/><T95/><D106/><N who="1" m="40491" /><E127/><V18/><F112/><W60/><G69/><T63/><D9/><U31/><E31/><V70/><F70/><W125/><G41/><T32/><D32/><U128/><E128/><V8/><F73/><W24/><G37/><T105/><D105/><U120/><E120/><V123/><F123/><W92/><G125/><T7/><D7/><U2/><E2/><V108/><F6/><W75/><G75/><T56/><D55/><N who="1" m="32111" /><E85/><V89/><F108/><W122/><G122/><T33/><D33/><U76/><E76/><V17/><F79/><N who="3" m="46559" /><G92/><T71/><D78/><U47/><E47/><N who="0" m="17993" /><D71/><U27/><E27/><V88/><F77/><W4/><G4/><T21/><D43/><U91/><E91/><V39/><F39/><W84/><G84/><T129/><D129/><U1/><E1/><V113/><F68/><W46/><G46/><T67/><D67/><U83/><E83/><N who="0" m="31817" /><D26/><U94/><E94/><V124/><F124/><W15/><G25/><T117/><D117/><AGARI ba="0,0" hai="96,98,117,118,119" m="32111,40491,51241" machi="117" ten="40,3900,0" yaku="20,1,52,1" doraHai="54" who="1" fromWho="0" sc="263,-39,261,39,247,0,229,0" owari="224,-27.6,300,40.0,247,4.7,229,-17.1" /></mjloggm>