<mjloggm ver="2.3"><GO type="225" lobby="0"/><UN n0="%E6%A1%9C%E8%8A%B1%E9%96%83%E3%80%85" n1="%E5%8D%8D%E6%B1%A0%E8%A2%8B%E6%9C%80%E5%BC%B7%E5%8D%8D" n2="%45%6C%79%73%69%75%6D" n3="%E9%81%85%E5%88%BB%E3%81%AE%E3%83%97%E3%83%AA%E3%83%B3%E3%82%B9%E2%99%AA" dan="18,16,17,16" rate="2255.76,2142.93,2101.42,2159.18" sx="M,M,F,F"/><TAIKYOKU oya="0"/><INIT seed="0,0,0,3,2,20" ten="250,250,250,250" oya="0" hai0="17,16,0,33,22,36,39,99,125,119,3,4,67" hai1="26,48,113,69,42,108,25,62,21,101,72,117,41" hai2="12,2,84,80,68,60,58,1,104,90,93,10,7" hai3="32,53,127,50,85,11,78,65,70,91,100,133,73"/><T13/><D119/><U24/><E117/><V130/><F104/><W129/><G32/><T64/><D33/><U131/><E72/><V29/><F130/><W77/><G73/><T47/><D99/><U115/><E131/><V54/><F68/><W15/><G129/><T5/><D22/><U6/><E108/><V51/><F29/><W49/><G127/><T9/><D13/><U82/><E101/><V112/><F112/><N who="1" m="43081" /><E6/><V88/><REACH who="2" step="1"/><F60/><REACH who="2" ten="250,250,240,250" step="2"/><W132/><G133/><T87/><D125/><U40/><E69/><V74/><F74/><W56/><G132/><T95/><D95/><U97/><E62/><V135/><F135/><W8/><G70/><T120/><D120/><U23/><E82/><V31/><F31/><W89/><G65/><T63/><D63/><U34/><E34/><V98/><AGARI ba="0,1" hai="1,2,7,10,12,51,54,58,80,84,88,90,93,98" machi="98" ten="20,5200,0" yaku="1,1,0,1,7,1,54,1,53,0" doraHai="20" doraHaiUra="128" who="2" fromWho="2" sc="250,-26,250,-13,240,62,250,-13" /><INIT seed="1,0,0,1,4,83" ten="224,237,302,237" oya="1" hai0="62,64,45,84,82,88,86,110,55,102,42,108,89" hai1="57,15,16,75,122,125,78,124,58,72,4,38,50" hai2="93,101,128,24,40,26,117,65,130,94,25,34,60" hai3="14,81,21,32,129,11,61,91,77,31,105,96,111"/><U85/><E38/><V49/><F117/><W80/><G32/><T5/><D102/><U99/><E4/><V112/><F34/><W107/><G111/><N who="0" m="42539" /><D55/><U0/><E0/><V13/><F112/><W12/><G129/><N who="2" m="49769" /><F13/><W131/><G131/><T113/><D5/><U33/><E33/><V133/><F133/><W53/><G107/><T87/><D82/><N who="1" m="47319" /><E122/><V103/><F93/><N who="3" m="56383" /><G105/><T104/><D104/><U20/><E99/><V70/><F94/><W66/><G66/><T27/><D27/><U120/><E120/><V41/><F41/><W76/><G81/><T19/><D19/><U135/><E135/><V1/><F1/><W116/><G116/><T23/><D23/><U48/><E72/><V121/><F121/><W114/><G114/><T39/><D113/><U2/><E75/><V68/><F101/><W22/><G31/><T3/><D3/><U44/><E2/><V17/><F103/><W67/><G67/><T30/><D30/><U90/><E90/><V10/><F17/><N who="3" m="10407" /><G22/><T97/><D97/><U100/><E100/><V51/><F10/><W106/><G80/><T47/><D47/><U95/><E95/><V36/><F70/><AGARI ba="0,0" hai="39,42,45,62,64,70,84,86,87,88,89" m="42539" machi="70" ten="30,8000,1" yaku="14,1,52,3,54,1" doraHai="83" who="0" fromWho="2" sc="224,80,237,0,302,-80,237,0" /><INIT seed="2,0,0,3,5,8" ten="304,237,222,237" oya="2" hai0="60,29,9,98,84,92,129,121,5,83,21,12,53" hai1="64,17,25,104,63,105,108,37,106,75,18,50,2" hai2="58,130,79,93,71,57,14,85,99,110,86,0,11" hai3="66,113,101,135,31,112,119,23,30,6,44,36,7"/><V41/><F71/><W100/><G119/><T114/><D121/><U102/><E37/><V128/><F0/><W125/><G135/><T16/><D114/><N who="3" m="44137" /><G66/><T51/><D129/><N who="2" m="49770" /><F41/><N who="3" m="22567" /><G125/><T126/><D60/><U56/><E108/><V134/><F110/><W20/><G20/><T124/><D29/><N who="3" m="10761" /><G23/><T80/><D124/><U27/><E2/><V19/><F134/><W40/><G40/><T90/><D98/><U39/><E39/><V43/><F43/><W74/><G74/><T122/><D122/><U118/><E118/><V96/><F96/><W22/><G22/><T67/><D67/><U42/><E75/><V32/><F32/><W107/><G107/><T49/><D126/><U77/><E77/><V81/><F86/><W45/><G45/><N who="0" m="27823" /><D51/><U15/><E50/><V59/><F59/><W4/><AGARI ba="0,0" hai="4,6,7,100,101" m="10761,22567,44137" machi="4" ten="40,1500,0" yaku="11,1" doraHai="8" who="3" fromWho="3" sc="304,-4,237,-4,222,-7,237,15" /><INIT seed="3,0,0,4,0,135" ten="300,233,215,252" oya="3" hai0="126,81,82,74,50,127,32,89,27,73,131,41,17" hai1="134,39,132,35,60,12,29,85,91,53,106,56,59" hai2="107,87,133,22,75,23,118,58,108,16,47,49,40" hai3="122,43,54,80,7,33,113,19,95,38,116,52,63"/><W121/><G113/><T105/><D105/><U115/><E106/><V11/><F75/><W8/><G116/><T125/><D131/><U124/><E115/><V0/><F118/><W111/><G33/><T110/><D110/><U94/><E39/><V90/><F108/><W42/><G111/><T46/><D17/><U18/><E35/><V10/><F107/><W93/><G19/><T79/><D89/><U34/><E34/><V78/><F78/><W72/><G95/><T117/><D117/><U44/><E29/><V20/><F133/><N who="1" m="51305" /><E124/><V9/><F58/><N who="3" m="35271" /><G54/><T5/><D5/><U120/><E120/><V2/><REACH who="2" step="1"/><F16/><REACH who="2" ten="300,233,205,252" step="2"/><W109/><G109/><T13/><D74/><U36/><E56/><V64/><F64/><W102/><G122/><T76/><D73/><U37/><E44/><V3/><F3/><W92/><G121/><T15/><D79/><U70/><E70/><V14/><F14/><N who="0" m="5130" /><D76/><U130/><E130/><V66/><F66/><W98/><G72/><T51/><D126/><U24/><E24/><V28/><F28/><W6/><G6/><T101/><D127/><U96/><E12/><V45/><F45/><W88/><G7/><T30/><D125/><U112/><E18/><V4/><F4/><W123/><G123/><T1/><D1/><U62/><E112/><V68/><F68/><W86/><G8/><T114/><D114/><U100/><E60/><V25/><F25/><W57/><G57/><T48/><D46/><U71/><E71/><V84/><F84/><N who="3" m="52231" /><G38/><N who="1" m="14954" /><E85/><V21/><N who="2" m="5120" /><DORA hai="104" /><V55/><F55/><W61/><G61/><T129/><D129/><RYUUKYOKU ba="0,1" sc="300,-30,233,10,205,10,252,10" hai1="53,59,62,91,94,96,100" hai2="0,2,9,10,11,40,47,49,87,90" hai3="42,43,80,86,93,98,102" /><INIT seed="3,1,1,5,2,106" ten="270,243,215,262" oya="3" hai0="63,52,104,89,83,92,126,24,20,35,133,73,28" hai1="121,13,69,76,16,6,79,37,38,21,131,70,110" hai2="17,53,95,44,32,115,105,90,9,58,114,87,129" hai3="125,14,3,42,30,103,111,65,81,29,96,25,18"/><W101/><G3/><T94/><D104/><U23/><E121/><V116/><F116/><W118/><G118/><T135/><D126/><U66/><E131/><V68/><F105/><W51/><G125/><T123/><D123/><U91/><E6/><V109/><F129/><W77/><G111/><T71/><D35/><U50/><E110/><V117/><F117/><W0/><G0/><T120/><D120/><U39/><E50/><V12/><F109/><W54/><G65/><N who="0" m="41407" /><D52/><U33/><E33/><V1/><F68/><W62/><G62/><T78/><D89/><U43/><E43/><V34/><F44/><W49/><G42/><T4/><D4/><U11/><E70/><V84/><F1/><W107/><G103/><T48/><D48/><U74/><E74/><V72/><F72/><W22/><G54/><T57/><D57/><U85/><E66/><V99/><F32/><W80/><G30/><T15/><D15/><U102/><E102/><V127/><F34/><W88/><G88/><T45/><D45/><U112/><E112/><V75/><F75/><W27/><G27/><T122/><D122/><U7/><E69/><V55/><F127/><W113/><G113/><N who="2" m="43017" /><F53/><W47/><G47/><T132/><AGARI ba="1,1" hai="20,24,28,73,78,83,92,94,132,133,135" m="41407" machi="132" ten="30,2000,0" yaku="20,1,52,1" doraHai="106" who="0" fromWho="0" sc="270,33,243,-6,215,-6,262,-11" owari="303,40.3,237,-16.3,209,-29.1,251,5.1" /></mjloggm>