<mjloggm ver="2.3"><GO type="225" lobby="0"/><UN n0="%E3%81%8B%E3%82%8F%E3%81%A1%E3%82%83%E3%82%93%35%38" n1="%E8%B1%86%59%E5%A4%AA%E9%83%8E" n2="%E3%81%A8%E3%82%93%E3%81%A8%E3%81%93%E3%81%A8%E3%82%93" n3="%E8%81%B7%E6%A5%AD%E3%80%81%E9%A2%A8%32" dan="16,16,16,16" rate="2139.47,2033.30,2082.65,2125.42" sx="M,M,M,M"/><TAIKYOKU oya="0"/><INIT seed="0,0,0,0,5,13" ten="250,250,250,250" oya="0" hai0="79,23,116,18,82,83,9,109,55,97,76,87,108" hai1="4,40,35,74,51,75,69,129,10,22,102,48,14" hai2="106,72,127,67,104,54,12,26,42,49,30,121,124" hai3="118,24,61,25,34,64,57,0,73,52,134,99,44"/><T45/><D116/><U7/><E69/><V122/><F72/><W98/><G73/><T43/><D97/><N who="3" m="36873" /><G34/><T65/><D65/><U125/><E35/><V16/><F42/><W50/><G0/><T33/><D33/><U123/><E102/><V38/><F38/><W80/><G134/><T114/><D9/><U37/><E37/><V59/><F67/><W103/><G118/><T86/><D55/><U46/><E129/><V132/><F132/><W89/><G103/><T119/><D114/><U94/><E94/><V126/><F121/><W62/><G62/><T17/><D119/><U19/><E4/><V39/><F39/><W31/><G31/><T63/><D63/><U81/><E125/><V2/><F2/><W85/><AGARI ba="0,0" hai="24,25,44,50,52,57,61,64,80,85,89" m="36873" machi="85" ten="30,2000,0" yaku="8,1,54,1" doraHai="13" who="3" fromWho="3" sc="250,-10,250,-5,250,-5,250,20" /><INIT seed="1,0,0,4,2,33" ten="240,245,245,270" oya="1" hai0="104,112,70,78,35,51,14,48,57,92,106,98,40" hai1="19,3,105,86,85,74,15,20,25,100,125,66,122" hai2="107,126,58,133,103,41,99,93,73,29,4,120,76" hai3="39,42,55,69,56,94,54,60,132,63,62,118,11"/><U90/><E74/><V131/><F120/><W102/><G94/><T0/><D70/><U26/><E3/><V30/><F126/><W13/><G102/><T1/><D35/><U87/><E125/><V77/><F131/><W75/><G75/><T130/><D112/><U119/><E119/><V101/><F133/><W67/><G132/><T71/><D71/><U96/><E122/><V2/><F41/><W116/><G13/><T82/><D130/><U45/><E66/><V121/><F58/><N who="3" m="34903" /><G11/><T110/><D110/><U17/><E45/><AGARI ba="0,0" hai="39,42,45,55,56,62,63,67,69,116,118" m="34903" machi="45" ten="30,2000,0" yaku="34,2" doraHai="33" who="3" fromWho="1" sc="240,0,245,-20,245,0,270,20" /><INIT seed="2,0,0,5,1,68" ten="240,225,245,290" oya="2" hai0="0,101,76,73,77,9,91,48,23,114,75,115,40" hai1="118,2,72,90,92,74,78,99,105,50,38,125,70" hai2="65,13,112,122,63,83,100,119,24,87,85,41,34" hai3="67,10,5,130,37,124,19,3,28,123,108,18,94"/><V69/><F112/><N who="0" m="43050" /><D23/><U15/><E2/><V93/><F119/><W109/><G37/><T45/><D48/><U88/><E38/><V53/><F122/><W134/><G123/><T33/><D45/><U25/><E15/><V102/><F41/><W117/><G117/><T51/><D51/><U84/><E25/><V64/><F65/><W127/><G67/><T36/><D9/><U39/><E50/><V61/><F13/><W133/><G94/><T12/><D12/><U29/><E29/><V59/><F93/><W98/><G28/><T46/><D33/><U66/><E39/><V30/><REACH who="2" step="1"/><F87/><REACH who="2" ten="240,225,235,290" step="2"/><W82/><G3/><T7/><D40/><U129/><E118/><V126/><F126/><W120/><G127/><T58/><D0/><U89/><E125/><V128/><F128/><W95/><G130/><T31/><D36/><U62/><E129/><V104/><F104/><W27/><G124/><T8/><D7/><U86/><E105/><V35/><F35/><W57/><G5/><T54/><D8/><U17/><E74/><V103/><F103/><W43/><G10/><T44/><D101/><U113/><E113/><V20/><F20/><W107/><G43/><T96/><D75/><U56/><E70/><V55/><F55/><W79/><G120/><T135/><D73/><U132/><E72/><V42/><F42/><W111/><G107/><T60/><D54/><U81/><E86/><V14/><F14/><W1/><G1/><T4/><D4/><U32/><E32/><V6/><F6/><W21/><G21/><T16/><D96/><U47/><E99/><RYUUKYOKU ba="0,1" sc="240,-10,225,-10,235,30,290,-10" hai2="24,30,34,53,59,61,63,64,69,83,85,100,102" /><INIT seed="2,1,1,2,2,123" ten="230,215,265,280" oya="2" hai0="25,23,14,33,55,119,17,95,122,86,37,5,28" hai1="99,91,114,127,79,81,117,126,11,85,61,71,134" hai2="77,34,6,2,97,87,7,89,32,118,113,51,54" hai3="98,103,31,96,26,66,100,88,133,92,39,1,49"/><V58/><F113/><W75/><G75/><T62/><D122/><U120/><E117/><V0/><F77/><W50/><G39/><T52/><D37/><U3/><E120/><V41/><F97/><W69/><G1/><T121/><D121/><U129/><E114/><V13/><F41/><W131/><G133/><T125/><D119/><U59/><E71/><V64/><F64/><W27/><G131/><T130/><D130/><U42/><E42/><V93/><F118/><W107/><G103/><T106/><D106/><U78/><E134/><V102/><F102/><W48/><REACH who="3" step="1"/><G31/><REACH who="3" ten="230,215,265,270" step="2"/><T110/><D28/><U84/><E129/><V15/><F0/><W36/><G36/><T116/><D116/><U70/><E70/><V109/><F2/><W38/><G38/><T124/><D124/><U108/><E126/><V35/><REACH who="2" step="1"/><F109/><REACH who="2" ten="230,215,255,270" step="2"/><W72/><G72/><T12/><D110/><U43/><E108/><V104/><F104/><W19/><G19/><T83/><D17/><U56/><E3/><V63/><F63/><AGARI ba="1,3" hai="26,27,48,49,50,63,66,69,88,92,96,98,100,107" machi="63" ten="40,5200,0" yaku="1,1,54,1,53,1" doraHai="123" doraHaiUra="90" who="3" fromWho="2" sc="230,0,215,0,255,-55,270,85" /><INIT seed="3,0,0,5,3,61" ten="230,215,200,355" oya="3" hai0="86,23,114,78,48,82,92,33,94,44,97,81,71" hai1="124,38,103,1,134,49,106,126,36,9,5,74,80" hai2="109,72,76,123,100,39,31,89,43,24,105,95,25" hai3="125,98,46,128,119,22,8,28,132,41,50,91,65"/><W107/><G65/><T62/><D33/><U64/><E49/><V29/><F109/><W77/><G91/><T116/><D116/><U54/><E54/><V53/><F123/><W68/><G98/><T59/><D71/><U108/><E108/><V7/><F7/><W11/><G22/><T45/><D114/><U90/><E90/><V120/><F120/><W26/><G11/><T37/><D37/><U111/><E111/><V115/><F115/><W3/><G8/><T20/><D82/><U14/><E14/><V118/><F118/><W35/><G26/><T84/><D84/><U133/><E64/><V19/><F39/><W87/><G87/><T104/><D104/><U99/><E38/><V32/><F43/><W121/><G41/><N who="0" m="24591" /><D45/><U129/><E129/><V83/><F19/><W63/><G46/><T101/><D94/><U42/><E42/><V27/><F53/><AGARI ba="0,0" hai="20,23,53,59,62,78,81,86,92,97,101" m="24591" machi="53" ten="30,1000,0" yaku="8,1" doraHai="61" who="0" fromWho="2" sc="230,10,215,0,200,-10,355,0" owari="240,4.0,215,-18.5,190,-31.0,355,45.5" /></mjloggm>