<mjloggm ver="2.3"><GO type="225" lobby="0"/><UN n0="%6D%75%75%6D%75%72%61" n1="%73%75%7A%75%6D%65%33" n2="%48%61%61%61%6C%61%6E%64" n3="%E5%8F%AF%E5%85%90%E9%82%A3%E7%94%B1%E5%A4%9A" dan="16,18,18,17" rate="2067.16,2174.63,2213.44,2190.23" sx="F,M,M,F"/><TAIKYOKU oya="0"/><INIT seed="0,0,0,0,5,113" ten="250,250,250,250" oya="0" hai0="3,79,75,10,127,52,98,133,102,89,19,105,53" hai1="70,58,90,45,26,55,46,31,57,6,23,51,87" hai2="69,68,44,63,16,12,78,41,119,111,86,17,71" hai3="34,59,115,109,33,97,48,73,116,42,32,64,130"/><T66/><D133/><U122/><E70/><V108/><F63/><W28/><G115/><T91/><D127/><U131/><E122/><V93/><F119/><W101/><G73/><T92/><D66/><U60/><E6/><V49/><F93/><W99/><G109/><N who="2" m="42057" /><F12/><W21/><G130/><T5/><D19/><N who="2" m="7242" /><F86/><W39/><G39/><T4/><D4/><U2/><E2/><V27/><F27/><W61/><G116/><T65/><D65/><N who="1" m="39055" /><E131/><V56/><F56/><W9/><G9/><T121/><D121/><U103/><E103/><V94/><F94/><AGARI ba="0,0" hai="23,26,31,45,46,51,55,58,87,90,94" m="39055" machi="94" ten="30,1000,0" yaku="8,1" doraHai="113" who="1" fromWho="2" sc="250,0,250,10,250,-10,250,0" /><INIT seed="1,0,0,2,5,129" ten="250,260,240,250" oya="1" hai0="0,85,63,22,121,60,48,17,102,36,42,37,117" hai1="24,1,111,19,35,6,67,73,44,95,13,128,26" hai2="47,94,126,21,70,88,7,40,79,74,62,11,83" hai3="27,75,120,103,9,123,28,58,25,52,114,46,30"/><U93/><E73/><V49/><F126/><W132/><G114/><T23/><D0/><U55/><E128/><V8/><F21/><W124/><G75/><T110/><D117/><U4/><E67/><V86/><REACH who="2" step="1"/><F7/><REACH who="2" ten="250,260,230,250" step="2"/><W118/><G124/><T99/><D23/><U68/><E4/><V76/><F76/><W14/><G118/><T96/><D22/><U12/><E6/><V64/><AGARI ba="0,1" hai="8,11,40,47,49,62,64,70,74,79,83,86,88,94" machi="64" ten="30,4000,0" yaku="1,1,0,1,54,1,53,0" doraHai="129" doraHaiUra="112" who="2" fromWho="2" sc="250,-10,260,-20,230,50,250,-10" /><INIT seed="2,0,0,3,2,78" ten="240,240,280,240" oya="2" hai0="64,57,117,71,86,73,35,120,45,80,104,95,50" hai1="36,44,25,101,49,47,1,90,56,26,66,99,18" hai2="125,46,67,70,121,77,62,115,75,63,34,39,17" hai3="118,19,28,8,9,72,135,61,38,131,10,96,55"/><V24/><F115/><W102/><G118/><T116/><D104/><U43/><E1/><V74/><F121/><W92/><G38/><T37/><D120/><U20/><E90/><V91/><F125/><W48/><G131/><T93/><D35/><U2/><E2/><V85/><F77/><W27/><G135/><T13/><D73/><U109/><E109/><V58/><F46/><W79/><G61/><T52/><D71/><U11/><E11/><V4/><F4/><W31/><G79/><T33/><D33/><U122/><E122/><V123/><F39/><W107/><G107/><T30/><D30/><U132/><E132/><V5/><F5/><W83/><G72/><T22/><D116/><U53/><E66/><V29/><F17/><W23/><REACH who="3" step="1"/><G83/><REACH who="3" ten="240,240,280,230" step="2"/><T6/><D117/><U81/><E81/><V103/><F123/><W89/><G89/><N who="0" m="51399" /><D37/><U106/><E47/><AGARI ba="0,1" hai="8,9,10,19,23,27,28,31,47,48,55,92,96,102" machi="47" ten="40,2600,0" yaku="1,1,8,1,53,0" doraHai="78" doraHaiUra="82" who="3" fromWho="1" sc="240,0,240,-26,280,0,230,36" /><INIT seed="3,0,0,3,2,106" ten="240,214,280,266" oya="3" hai0="19,60,88,62,103,105,46,24,79,9,118,97,0" hai1="120,95,38,113,98,70,43,104,125,4,111,36,74" hai2="127,91,66,76,116,23,71,49,92,7,126,67,3" hai3="61,69,10,45,27,135,44,102,121,90,63,110,96"/><W22/><G121/><T81/><D118/><U57/><E104/><V59/><F116/><W115/><G115/><T52/><D0/><U18/><E120/><V130/><F71/><W28/><G135/><T6/><D6/><U15/><E70/><V131/><F76/><W72/><G110/><T93/><D103/><U34/><E34/><V54/><F23/><W17/><G72/><T14/><D24/><U33/><E33/><V114/><F114/><W65/><G61/><T20/><D20/><U13/><E113/><V26/><F26/><W80/><G90/><T100/><D100/><U25/><E74/><V47/><F7/><W94/><G80/><T107/><D107/><U2/><E111/><V119/><F3/><W16/><REACH who="3" step="1"/><G17/><REACH who="3" ten="240,214,280,256" step="2"/><T129/><D19/><U12/><E125/><V39/><F127/><W108/><G108/><T77/><D62/><U42/><E36/><V122/><F126/><W75/><G75/><T37/><D60/><U21/><E38/><V53/><F122/><W83/><G83/><T1/><D81/><U86/><E86/><V55/><F39/><W82/><G82/><T85/><D85/><U48/><E4/><V50/><F119/><W40/><G40/><T133/><D37/><U64/><E64/><V123/><F123/><W84/><G84/><T30/><D133/><U35/><E2/><V78/><F66/><W29/><G29/><T132/><D30/><U41/><E41/><V109/><F109/><W31/><G31/><T11/><D1/><U5/><E5/><V89/><F67/><W8/><G8/><T117/><D132/><RYUUKYOKU ba="0,1" sc="240,-10,214,-10,280,-10,256,30" hai3="10,16,22,27,28,44,45,63,65,69,94,96,102" /><INIT seed="3,1,1,5,4,17" ten="230,204,270,286" oya="3" hai0="56,84,126,120,52,1,89,94,121,16,15,82,0" hai1="18,100,66,115,7,12,20,44,111,87,81,102,48" hai2="39,77,129,21,34,22,114,61,133,119,10,8,63" hai3="6,134,32,49,123,9,80,36,38,99,107,101,26"/><W62/><G123/><T54/><D126/><U116/><E115/><V127/><F34/><W43/><G134/><T47/><D120/><U35/><E35/><V28/><F39/><W64/><G80/><T4/><D121/><U113/><E113/><V109/><F114/><W118/><G118/><T88/><D4/><U71/><E116/><V103/><F119/><W75/><G75/><T59/><D59/><U60/><E7/><V112/><F112/><W124/><G124/><T65/><D65/><U98/><E98/><V51/><F109/><W27/><G49/><T14/><D14/><U85/><E111/><V50/><F129/><W69/><G27/><T42/><D54/><U131/><E131/><V83/><F103/><W33/><G43/><T125/><D125/><U110/><E110/><V25/><F133/><W23/><G33/><T37/><D89/><U70/><E70/><V132/><F132/><W108/><G108/><T45/><D45/><U55/><REACH who="1" step="1"/><E87/><REACH who="1" ten="230,194,270,286" step="2"/><V105/><F127/><W46/><G32/><T67/><D1/><U58/><E58/><V73/><F73/><W130/><G130/><T29/><D0/><U24/><E24/><V92/><F25/><W86/><G86/><T90/><D84/><U57/><E57/><V2/><F2/><N who="3" m="215" /><G46/><T5/><D47/><U74/><E74/><V106/><F106/><W30/><G107/><T93/><D56/><U96/><E96/><V117/><F105/><W97/><G97/><T95/><D5/><U19/><E19/><V53/><F117/><W72/><G72/><T104/><D104/><U91/><AGARI ba="1,2" hai="12,18,20,44,48,55,60,66,71,81,85,91,100,102" machi="91" ten="20,8000,1" yaku="1,1,5,1,0,1,7,1,52,1,53,0" doraHai="17" doraHaiUra="122" who="1" fromWho="1" sc="230,-21,194,103,270,-21,286,-41" /><INIT seed="4,0,0,3,0,2" ten="209,297,249,245" oya="0" hai0="121,129,59,87,6,26,97,120,109,37,27,73,30" hai1="134,62,51,8,28,15,69,13,23,46,86,78,102" hai2="20,39,71,76,100,114,5,48,38,52,96,132,108" hai3="1,104,83,7,63,58,113,56,118,44,117,130,3"/><T82/><D73/><U10/><E134/><V110/><F71/><W128/><G104/><T19/><D37/><U21/><E102/><V50/><F132/><W131/><G113/><T43/><D43/><U22/><E62/><V60/><F114/><W115/><G115/><T107/><D129/><U57/><E57/><N who="3" m="22122" /><G63/><T31/><D109/><U0/><E0/><N who="3" m="74" /><G44/><T81/><D19/><N who="1" m="8695" /><E69/><V105/><F60/><W75/><G7/><T17/><D17/><N who="1" m="8359" /><E86/><V67/><F108/><W35/><G35/><T64/><D6/><U68/><E68/><V85/><F110/><W34/><G34/><T126/><D126/><U33/><E33/><V74/><F5/><W18/><G18/><T101/><D30/><U106/><E106/><V98/><F105/><W133/><G133/><T24/><D31/><U25/><E78/><AGARI ba="0,0" hai="75,78,83,117,118,128,130,131" m="74,22122" machi="78" ten="40,1300,0" yaku="19,1" doraHai="2" who="3" fromWho="1" sc="209,0,297,-13,249,0,245,13" /><INIT seed="5,0,0,0,4,25" ten="209,284,249,258" oya="1" hai0="116,60,124,8,100,46,20,53,78,134,97,5,112" hai1="65,50,45,15,27,94,10,52,2,84,85,77,96" hai2="4,18,56,42,0,49,117,80,63,32,71,39,129" hai3="113,22,114,68,83,88,95,111,93,11,61,31,58"/><U51/><E2/><V14/><F117/><W16/><G111/><T1/><D112/><N who="3" m="43113" /><G68/><T24/><D116/><U75/><E65/><V64/><F129/><W92/><G11/><T67/><D124/><U12/><E75/><V108/><F108/><W69/><G69/><T34/><D134/><U44/><E27/><V76/><F32/><W128/><G128/><T57/><D34/><U89/><E77/><V105/><F105/><W125/><G83/><T21/><D78/><U121/><E121/><V29/><F4/><W81/><G81/><T133/><D133/><U82/><E82/><V17/><F0/><W79/><G79/><T110/><D110/><U73/><E73/><V104/><F104/><W40/><G40/><T13/><D1/><U33/><E33/><V9/><F80/><W101/><G101/><T54/><D21/><U6/><E15/><V126/><F126/><W122/><G122/><T28/><REACH who="0" step="1"/><D46/><REACH who="0" ten="199,284,249,258" step="2"/><U47/><E44/><N who="2" m="23647" /><F76/><W106/><G125/><T90/><D90/><U35/><E35/><V7/><F29/><W91/><G31/><T109/><D109/><U66/><E66/><V99/><F64/><N who="3" m="38967" /><G106/><AGARI ba="0,1" hai="5,8,13,20,24,28,53,54,57,60,67,97,100,106" machi="106" ten="30,3900,0" yaku="1,1,7,1,52,1,53,0" doraHai="25" doraHaiUra="130" who="0" fromWho="3" sc="199,49,284,0,249,0,258,-39" /><INIT seed="6,0,0,2,4,79" ten="248,284,249,219" oya="2" hai0="97,37,31,112,38,68,11,103,132,27,24,117,34" hai1="104,96,133,109,13,54,51,61,16,19,107,130,76" hai2="49,111,8,128,53,18,80,92,134,98,110,6,33" hai3="81,26,4,59,22,83,7,17,72,115,43,84,15"/><V122/><F122/><W9/><G115/><T93/><D112/><U63/><E109/><N who="2" m="41483" /><F33/><W129/><G129/><T102/><D68/><U74/><E130/><V60/><F128/><W5/><G43/><T73/><D132/><U75/><E133/><V20/><F60/><W89/><REACH who="3" step="1"/><G59/><REACH who="3" ten="248,284,249,209" step="2"/><T126/><D117/><U48/><E107/><V106/><F106/><W3/><G3/><T10/><D37/><U40/><E104/><V64/><F134/><W113/><G113/><T124/><D38/><U0/><E40/><V32/><F64/><W56/><G56/><T58/><D58/><U120/><E0/><V21/><F53/><W41/><G41/><T135/><D135/><U99/><E54/><V42/><F42/><W47/><G47/><T105/><D105/><U23/><E120/><V94/><F49/><W14/><G14/><T91/><D124/><U90/><E13/><V66/><F66/><W28/><G28/><T101/><D31/><U127/><E127/><V77/><F32/><W131/><G131/><T125/><D34/><U65/><E65/><V114/><F114/><W62/><G62/><T70/><D125/><U78/><E51/><V45/><F45/><W52/><G52/><T87/><D126/><U119/><E48/><V30/><F30/><W25/><G25/><T57/><D57/><U55/><E55/><V82/><F6/><W100/><G100/><T116/><D102/><U12/><E63/><V108/><F108/><W86/><G86/><T121/><D116/><U39/><E61/><V67/><F67/><W46/><G46/><T35/><D121/><RYUUKYOKU ba="0,1" sc="248,-10,284,-10,249,-10,209,30" hai3="4,5,7,9,15,17,22,26,72,81,83,84,89" /><INIT seed="7,1,1,1,3,1" ten="238,274,239,239" oya="3" hai0="102,117,60,61,120,110,78,35,121,56,30,9,21" hai1="45,77,41,28,34,131,54,89,118,43,57,63,66" hai2="42,8,16,58,36,12,93,123,47,105,115,23,94" hai3="112,38,64,18,128,69,91,26,85,132,39,49,100"/><W101/><G112/><T71/><D35/><U20/><E34/><V104/><F115/><W88/><G128/><T116/><D110/><U19/><E131/><V70/><F70/><W127/><G127/><T53/><D102/><N who="3" m="39529" /><G69/><T62/><D78/><U6/><E77/><V103/><F123/><W37/><G64/><T31/><D120/><U107/><E107/><V75/><F75/><W33/><G33/><T86/><D121/><U106/><E106/><V22/><F104/><W95/><G132/><T14/><D71/><U50/><E28/><V113/><F113/><W11/><G38/><T130/><D130/><U51/><E6/><V76/><F76/><W0/><G0/><T87/><D30/><U65/><E89/><V99/><F58/><W109/><G109/><T98/><D31/><U24/><E118/><V4/><F22/><N who="3" m="13655" /><G11/><T74/><D74/><U84/><E84/><V68/><F68/><W125/><G125/><T72/><D72/><U81/><E81/><V122/><F122/><W59/><G91/><T119/><D21/><U124/><E124/><V5/><F5/><W82/><G82/><T46/><D116/><U52/><E66/><V83/><F83/><W3/><G3/><AGARI ba="1,1" hai="3,4,8,12,16,23,36,42,47,93,94,99,103,105" machi="3" ten="30,3900,0" yaku="7,1,52,1,54,1" doraHai="1" who="2" fromWho="3" sc="238,0,274,0,239,52,239,-42" owari="238,-16.2,274,7.4,291,39.1,197,-30.3" /></mjloggm>