<mjloggm ver="2.3"><GO type="225" lobby="0"/><UN n0="%E5%B8%86%E7%AB%8B%E5%A4%8F%E8%A1%A3" n1="%70%68%65%6E%6F%6D%65" n2="%33%74%72%65%65" n3="%4E%6F%2E%30%30%30%31" dan="16,17,17,18" rate="2109.31,2171.85,2201.15,2221.96" sx="M,M,F,M"/><TAIKYOKU oya="0"/><INIT seed="0,0,0,5,0,95" ten="250,250,250,250" oya="0" hai0="120,96,111,53,33,80,67,12,64,97,128,103,82" hai1="42,15,130,13,62,85,1,107,3,113,21,73,70" hai2="135,63,131,75,10,8,66,24,61,48,9,17,43" hai3="112,27,49,22,129,92,72,51,68,26,59,44,119"/><T104/><D120/><U36/><E73/><V114/><F114/><W126/><G112/><T14/><D128/><U100/><E85/><V117/><F131/><W57/><G129/><T81/><D33/><U37/><E130/><V125/><F125/><W2/><G119/><T84/><D111/><U52/><E113/><V79/><F135/><W127/><G2/><T58/><D84/><U20/><E62/><V28/><F117/><W94/><G44/><T0/><D0/><U23/><E100/><V78/><F17/><W38/><G22/><T98/><D103/><U7/><E70/><V76/><F75/><W39/><G72/><T91/><D91/><U132/><E21/><N who="2" m="15375" /><F66/><N who="0" m="25130" /><D104/><U19/><E107/><V35/><F35/><W6/><REACH who="3" step="1"/><G6/><REACH who="3" ten="250,250,250,240" step="2"/><T29/><D29/><U110/><E7/><V30/><F30/><W123/><G123/><T87/><D87/><U47/><E19/><V108/><F108/><W106/><G106/><T11/><D11/><U77/><E110/><V93/><F93/><W54/><G54/><T83/><N who="0" m="20480" /><DORA hai="34" /><T65/><D65/><U102/><E52/><V50/><F43/><W74/><G74/><T45/><D45/><U88/><E47/><V16/><F9/><W89/><G89/><T18/><D18/><U55/><E88/><V116/><F116/><W99/><G99/><T56/><D56/><U69/><E42/><V25/><F8/><W118/><G118/><T71/><D71/><AGARI ba="0,1" hai="26,27,38,39,49,51,57,59,68,71,92,94,126,127" machi="71" ten="25,3200,0" yaku="1,1,22,2,53,0" doraHai="95,34" doraHaiUra="5,121" who="3" fromWho="0" sc="250,-32,250,0,250,0,240,42" /><INIT seed="1,0,0,4,2,21" ten="218,250,250,282" oya="1" hai0="40,102,127,104,73,39,87,54,50,100,33,30,131" hai1="84,117,78,14,124,31,47,15,105,91,32,69,3" hai2="111,29,26,59,48,35,62,23,34,119,74,61,123" hai3="93,42,83,49,116,25,46,88,57,65,16,75,71"/><U101/><E117/><V70/><F123/><W53/><G116/><T135/><D73/><U85/><E3/><V28/><F119/><W38/><G75/><T8/><D127/><U89/><E69/><V103/><F111/><W95/><G83/><T9/><D131/><U64/><E64/><V60/><F74/><W130/><G130/><T5/><D135/><U11/><E124/><V113/><F113/><W98/><G95/><T66/><D66/><U45/><E78/><V1/><F1/><W4/><G4/><T76/><D39/><U86/><E105/><V58/><F70/><W112/><G112/><T118/><D118/><U114/><E114/><V7/><F7/><W68/><REACH who="3" step="1"/><G65/><REACH who="3" ten="218,250,250,272" step="2"/><T80/><D104/><U128/><E128/><V51/><F103/><W82/><G82/><T18/><D102/><U125/><E101/><V122/><F122/><W20/><AGARI ba="0,1" hai="16,20,25,38,42,46,49,53,57,68,71,88,93,98" machi="20" ten="30,8000,1" yaku="1,1,0,1,52,1,54,2,53,0" doraHai="21" doraHaiUra="0" who="3" fromWho="3" sc="218,-20,250,-40,250,-20,272,90" /><INIT seed="2,0,0,5,5,4" ten="198,210,230,362" oya="2" hai0="72,56,124,66,84,126,117,12,33,28,0,54,83" hai1="82,18,36,121,64,25,21,26,35,61,86,2,10" hai2="79,90,71,135,16,94,95,120,116,96,52,128,8" hai3="105,125,129,39,76,40,87,81,32,24,6,110,63"/><V130/><F116/><W67/><G110/><T65/><D0/><U38/><E121/><V41/><F120/><W17/><G129/><N who="2" m="49769" /><F135/><W44/><G105/><T77/><D117/><U131/><E131/><V58/><F41/><W118/><G118/><T92/><D33/><U13/><E35/><V97/><F79/><W109/><G109/><T115/><D28/><U1/><E36/><V49/><F71/><W113/><G125/><N who="0" m="48235" /><D115/><U7/><E38/><V88/><F16/><W42/><G42/><T98/><D72/><U62/><E25/><V3/><F3/><W106/><G17/><T55/><D12/><U48/><E48/><V23/><F23/><W134/><G76/><T114/><D114/><U27/><E26/><V31/><F31/><W70/><G70/><T107/><D107/><U73/><E73/><V122/><F122/><W15/><G106/><T5/><D5/><U103/><E62/><V123/><F123/><W34/><G63/><N who="0" m="38119" /><D66/><U101/><E1/><V85/><F85/><W93/><G87/><T30/><D30/><U51/><E2/><V75/><F75/><W89/><G40/><T133/><D133/><U74/><E74/><V132/><F132/><W91/><G134/><T111/><D111/><U60/><E51/><V127/><F127/><W99/><G39/><T9/><D9/><AGARI ba="0,0" hai="8,9,49,52,58,88,90,94,95,96,97" m="49769" machi="9" ten="30,12000,1" yaku="19,1,52,2,54,2" doraHai="4" who="2" fromWho="0" sc="198,-120,210,0,230,120,362,0" /><INIT seed="2,1,0,5,3,86" ten="78,210,350,362" oya="2" hai0="98,124,55,109,69,72,118,41,45,48,73,22,108" hai1="83,4,123,100,32,92,91,10,17,9,134,94,35" hai2="30,110,85,133,56,43,106,74,111,21,82,25,125" hai3="65,90,95,16,54,12,42,34,101,61,6,27,122"/><V3/><F3/><W7/><G122/><T33/><D69/><U87/><E123/><V126/><F74/><W18/><G42/><T1/><D1/><U19/><E134/><V50/><F106/><W2/><G101/><T29/><D33/><U23/><E17/><V28/><F28/><W15/><G54/><T60/><D118/><U51/><E51/><V129/><F133/><W128/><G128/><T132/><D132/><U14/><E10/><V57/><F129/><W24/><G2/><T44/><D73/><U97/><REACH who="1" step="1"/><E83/><REACH who="1" ten="78,200,350,362" step="2"/><V102/><F82/><W107/><G16/><T80/><D124/><U37/><E37/><V11/><F11/><W117/><G18/><T121/><D121/><U81/><E81/><V31/><F50/><W84/><G6/><T79/><D98/><U40/><E40/><V115/><F43/><W131/><G7/><T135/><D135/><U104/><E104/><V68/><F125/><W47/><G107/><T63/><D109/><U76/><E76/><V75/><F126/><W105/><G105/><T67/><D108/><U71/><E71/><V130/><F68/><W8/><G8/><T26/><REACH who="0" step="1"/><D67/><REACH who="0" ten="68,200,350,362" step="2"/><U36/><E36/><AGARI ba="1,2" hai="22,26,29,36,41,44,45,48,55,60,63,72,79,80" machi="36" ten="30,3900,0" yaku="1,1,2,1,7,1,53,0" doraHai="86" doraHaiUra="88" who="0" fromWho="1" sc="68,62,200,-42,350,0,362,0" /><INIT seed="3,0,0,0,0,53" ten="130,158,350,362" oya="3" hai0="74,41,46,23,118,66,84,18,127,93,125,123,117" hai1="115,56,126,87,79,40,106,31,133,92,5,42,132" hai2="20,108,35,12,39,63,43,58,81,51,101,73,21" hai3="95,55,0,121,17,1,49,98,26,16,68,6,96"/><W116/><G121/><T131/><D74/><U61/><E106/><V27/><F108/><W120/><G120/><T109/><D123/><U76/><E115/><V111/><F111/><W99/><G116/><T77/><D109/><U10/><E31/><N who="2" m="17895" /><F39/><W25/><G68/><T52/><D66/><U44/><E92/><V14/><F35/><W100/><G0/><T103/><D41/><U135/><E126/><N who="0" m="48137" /><D131/><U94/><E94/><V67/><F73/><W24/><G6/><T119/><D77/><N who="1" m="29771" /><E87/><V11/><F101/><W110/><G1/><T3/><D3/><N who="1" m="319" /><E44/><N who="2" m="26015" /><F81/><W86/><G110/><T7/><D7/><U65/><AGARI ba="0,0" hai="40,42,56,61,65,132,133,135" m="319,29771" machi="65" ten="40,2700,0" yaku="20,1,52,1" doraHai="53" who="1" fromWho="1" sc="130,-7,158,27,350,-7,362,-13" owari="123,-37.7,185,-21.5,343,14.3,349,44.9" /></mjloggm>