<mjloggm ver="2.3"><GO type="225" lobby="0"/><UN n0="%E3%82%A2%E3%83%A1%E3%82%A2%E3%83%A9%E3%83%AC" n1="%E3%81%BE%E3%81%A8%E3%81%9F" n2="%E3%81%A0%E3%81%8A" n3="%E9%A6%AC%E4%BA%86%E9%9A%94%E5%A3%81" dan="16,17,16,17" rate="2090.13,2237.35,2041.37,2252.61" sx="M,M,M,M"/><TAIKYOKU oya="0"/><INIT seed="0,0,0,5,0,47" ten="250,250,250,250" oya="0" hai0="127,31,20,77,113,86,34,18,109,108,125,56,103" hai1="0,55,135,37,121,12,104,96,2,112,13,24,69" hai2="65,60,17,79,45,52,70,128,75,107,87,26,46" hai3="78,1,88,59,36,54,62,48,33,111,21,19,30"/><T95/><D113/><U38/><E121/><V84/><F107/><W101/><G36/><T25/><D56/><U89/><E69/><V120/><F120/><W110/><G1/><T90/><D77/><U7/><E24/><V114/><F114/><W57/><G101/><T3/><D3/><U76/><E89/><V58/><F128/><W63/><G78/><T83/><D83/><U119/><E76/><V67/><F75/><W64/><G30/><T23/><D103/><U9/><E112/><V131/><F131/><W92/><G33/><T16/><D23/><U129/><E129/><V102/><F102/><W68/><G68/><T40/><D40/><U27/><E27/><V82/><F87/><N who="3" m="52255" /><G63/><T126/><D34/><U44/><E37/><V118/><F118/><W81/><G81/><T72/><D72/><U39/><E39/><V4/><F4/><W22/><G22/><T73/><D73/><U29/><E38/><V61/><REACH who="2" step="1"/><F67/><REACH who="2" ten="250,250,240,250" step="2"/><W10/><G10/><T49/><REACH who="0" step="1"/><D49/><REACH who="0" ten="240,250,240,250" step="2"/><N who="1" m="29095" /><E0/><V100/><F100/><W11/><G11/><T116/><D116/><U14/><E2/><V80/><F80/><W124/><G124/><T98/><D98/><U93/><E96/><V41/><F41/><W66/><G64/><T132/><D132/><U71/><E71/><V106/><F106/><W133/><G133/><T32/><D32/><U91/><E135/><V115/><F115/><W123/><G123/><T134/><D134/><U94/><E119/><V117/><F117/><W130/><G130/><T35/><D35/><U99/><E104/><V15/><F15/><AGARI ba="0,2" hai="15,19,21,48,54,57,59,62,66,110,111" m="52255" machi="15" ten="30,3900,0" yaku="25,1,52,1,54,1" doraHai="47" who="3" fromWho="2" sc="240,0,250,0,240,-39,250,59" /><INIT seed="1,0,0,3,4,68" ten="240,250,201,309" oya="1" hai0="79,86,122,98,20,58,3,84,101,24,97,83,94" hai1="124,36,45,76,54,116,49,127,13,52,15,108,16" hai2="106,42,1,5,88,114,93,18,28,26,133,121,30" hai3="91,92,31,34,128,19,40,59,105,89,95,81,67"/><U64/><E116/><V21/><F121/><W51/><G105/><T65/><D122/><U87/><E108/><V22/><F106/><W12/><G128/><T38/><D3/><U104/><E104/><V129/><F129/><W117/><G117/><T112/><D112/><U82/><E64/><V56/><F114/><W29/><G81/><T71/><D71/><U74/><E13/><V100/><F133/><W103/><G103/><T57/><D38/><U46/><E74/><V80/><F100/><W130/><G34/><T111/><D111/><U131/><E131/><V32/><F42/><W66/><G130/><T78/><D98/><U6/><E6/><V61/><F30/><W134/><G134/><T0/><D0/><U115/><E115/><V33/><F80/><W27/><G27/><T41/><D41/><U85/><E85/><V63/><F5/><W2/><G2/><T11/><D11/><U72/><E72/><V73/><F73/><W90/><G66/><T126/><D126/><N who="1" m="48171" /><E36/><V44/><F44/><N who="1" m="17001" /><E49/><V113/><F63/><N who="3" m="38399" /><G51/><T119/><D119/><U50/><E50/><V135/><F113/><W9/><G40/><T23/><D65/><U60/><E60/><V132/><F1/><W62/><G62/><T123/><D123/><U10/><AGARI ba="0,0" hai="10,15,16,52,54,76,82,87" m="17001,48171" machi="10" ten="30,6000,0" yaku="18,1,54,2" doraHai="68" who="1" fromWho="1" sc="240,-20,250,60,201,-20,309,-20" /><INIT seed="1,1,0,3,2,37" ten="220,310,181,289" oya="1" hai0="58,96,48,112,25,9,27,67,133,16,85,68,30" hai1="13,90,24,108,2,79,0,128,75,53,43,41,49" hai2="84,52,29,109,65,17,71,102,123,130,6,28,104" hai3="47,111,55,50,118,32,12,56,57,74,116,91,21"/><U42/><E128/><V39/><F123/><W89/><G32/><T66/><D112/><U122/><E122/><V26/><F39/><W100/><G74/><T64/><D133/><U60/><E60/><V132/><F132/><W114/><G114/><T4/><D68/><U106/><E106/><V31/><F6/><W72/><G72/><T81/><D96/><U10/><E24/><V135/><F135/><W125/><G125/><T77/><D30/><U15/><E15/><V45/><F109/><W38/><G111/><T82/><D82/><U97/><E79/><V46/><F130/><W134/><G100/><T23/><D27/><U51/><E51/><V14/><F65/><W69/><G69/><T7/><REACH who="0" step="1"/><D9/><REACH who="0" ten="210,310,181,289" step="2"/><U18/><E108/><V73/><F71/><W110/><G110/><T99/><D99/><U94/><REACH who="1" step="1"/><E75/><REACH who="1" ten="210,300,181,289" step="2"/><V70/><F73/><W1/><G134/><T126/><D126/><U129/><E129/><V101/><F104/><W83/><G118/><T115/><D115/><U113/><E113/><V124/><F124/><W8/><G116/><T98/><D98/><U119/><E119/><V121/><F26/><W63/><G38/><T5/><D5/><U103/><E103/><V11/><F102/><W105/><G105/><T62/><D62/><U127/><E127/><V40/><F101/><W80/><G63/><T3/><D3/><U20/><E20/><V44/><F121/><W61/><G21/><T54/><AGARI ba="1,2" hai="4,7,16,23,25,48,54,58,64,66,67,77,81,85" machi="54" ten="30,7900,0" yaku="1,1,0,1,8,1,54,1,53,0" doraHai="37" doraHaiUra="59" who="0" fromWho="0" sc="210,102,300,-40,181,-21,289,-21" /><INIT seed="2,0,0,0,4,46" ten="312,260,160,268" oya="2" hai0="52,128,67,45,37,14,111,86,59,125,85,56,25" hai1="48,22,40,103,30,38,96,75,98,90,34,106,88" hai2="16,127,93,51,78,19,5,102,11,105,114,44,116" hai3="91,121,117,132,79,24,100,13,124,95,43,23,33"/><V76/><F114/><W50/><G117/><T122/><D122/><U21/><E38/><V133/><F116/><W108/><G121/><T87/><D111/><U82/><E34/><V92/><F105/><W113/><G108/><T7/><D128/><U6/><E6/><V15/><F127/><W130/><G124/><T65/><D125/><U60/><E60/><V101/><F133/><W3/><G3/><T104/><D104/><U17/><E30/><V63/><F63/><W64/><G130/><T135/><D135/><U83/><E21/><V26/><F93/><W120/><G120/><T57/><D25/><U12/><E96/><N who="2" m="59527" /><F102/><W69/><G132/><T70/><D70/><U29/><E29/><V126/><F126/><W9/><G33/><T110/><D110/><U81/><E75/><V62/><F62/><W20/><G100/><T39/><D39/><U89/><E40/><N who="2" m="24967" /><F26/><W31/><G69/><T36/><D36/><U84/><REACH who="1" step="1"/><E48/><REACH who="1" ten="312,250,160,268" step="2"/><V112/><F112/><W97/><G50/><N who="0" m="28751" /><D37/><U8/><E8/><AGARI ba="0,1" hai="7,8,14,56,57,59,65,67,85,86,87" m="28751" machi="8" ten="30,3900,0" yaku="8,1,52,1,54,1" doraHai="46" who="0" fromWho="1" sc="312,49,250,-39,160,0,268,0" /><INIT seed="3,0,0,1,1,77" ten="361,211,160,268" oya="3" hai0="51,23,110,40,35,34,124,84,122,81,12,135,36" hai1="31,98,33,116,126,133,74,69,46,129,75,97,80" hai2="55,85,10,127,73,117,120,5,99,41,6,0,82" hai3="59,13,123,32,16,15,102,1,49,125,62,65,29"/><W93/><G1/><T87/><D122/><U131/><E116/><V4/><F117/><W119/><G119/><T60/><D110/><U91/><E69/><V121/><F73/><N who="1" m="27657" /><E46/><V64/><F64/><W95/><G123/><T52/><D124/><U113/><E31/><V42/><F99/><N who="1" m="37897" /><E33/><V38/><F127/><W54/><G125/><T19/><D135/><U8/><E8/><V14/><F38/><W25/><G102/><T83/><D60/><U61/><E61/><V118/><F118/><W58/><REACH who="3" step="1"/><G13/><REACH who="3" ten="361,211,160,258" step="2"/><T43/><D12/><U71/><E126/><V45/><F0/><W22/><AGARI ba="0,1" hai="15,16,22,25,29,32,49,54,58,59,62,65,93,95" machi="22" ten="20,18000,2" yaku="1,1,2,1,0,1,7,1,54,1,53,1" doraHai="77" doraHaiUra="44" who="3" fromWho="3" sc="361,-60,211,-60,160,-60,258,190" owari="301,10.1,151,-24.9,100,-40.0,448,54.8" /></mjloggm>