<mjloggm ver="2.3"><GO type="225" lobby="0"/><UN n0="%E8%90%BD%E6%97%A5" n1="%E3%81%8B%E3%82%8F%E3%81%A1%E3%82%83%E3%82%93%35%38" n2="%70%6E%64%73%6E%67" n3="%E3%82%A2%E3%83%AC%E3%83%83%E3%82%AF%E3%82%B9%5A%5A%56" dan="16,16,16,16" rate="2089.58,2144.41,2107.59,2054.86" sx="F,M,M,F"/><TAIKYOKU oya="0"/><INIT seed="0,0,0,2,5,17" ten="250,250,250,250" oya="0" hai0="101,39,58,82,50,70,29,73,72,127,26,31,131" hai1="77,116,98,56,44,67,63,54,129,125,93,119,11" hai2="49,92,3,75,14,46,99,90,20,81,61,128,62" hai3="5,65,13,111,102,115,16,7,130,84,52,43,55"/><T126/><D70/><U103/><E125/><N who="0" m="47625" /><D39/><U94/><E129/><V53/><F3/><W110/><G115/><T109/><D131/><U88/><E77/><V8/><F128/><W124/><G124/><T134/><D134/><U18/><E11/><V57/><F75/><N who="0" m="28746" /><D82/><U122/><E122/><V10/><F81/><W96/><G130/><T95/><D109/><N who="3" m="41481" /><G43/><T78/><D78/><U12/><E44/><V68/><F68/><W60/><G84/><T74/><N who="0" m="28754" /><T80/><DORA hai="33" /><D80/><U4/><E4/><N who="3" m="1610" /><G60/><T105/><D105/><U48/><E119/><V79/><F79/><W2/><G2/><T113/><D113/><U35/><E116/><V97/><F97/><W76/><G76/><T86/><D26/><U89/><E94/><V30/><F61/><W22/><G65/><T0/><D0/><U47/><REACH who="1" step="1"/><E35/><REACH who="1" ten="250,240,250,250" step="2"/><V114/><F114/><W28/><G28/><T34/><D34/><U106/><E106/><AGARI ba="0,1" hai="13,16,22,52,55,96,102,106" m="1610,41481" machi="106" ten="30,7700,0" yaku="14,1,52,1,54,2" doraHai="17,33" who="3" fromWho="1" sc="250,0,240,-77,250,0,250,87" /><INIT seed="1,0,0,4,5,87" ten="250,163,250,337" oya="1" hai0="39,3,85,20,51,0,10,120,79,92,119,112,84" hai1="72,40,46,128,6,62,117,77,133,26,122,43,44" hai2="29,130,75,96,41,76,104,50,105,74,126,106,81" hai3="60,90,70,115,93,116,89,35,22,38,27,91,5"/><U18/><E122/><V80/><F29/><W73/><G38/><T88/><D39/><U64/><E117/><V110/><F41/><W8/><G73/><N who="2" m="27657" /><F50/><W31/><G115/><T103/><D112/><U129/><E6/><V34/><F34/><W109/><G109/><T4/><D119/><U37/><E18/><V1/><F1/><W131/><G131/><N who="1" m="50250" /><E26/><V16/><F16/><W97/><G116/><T67/><D120/><U125/><E77/><V11/><F11/><W69/><G35/><T15/><D103/><U66/><E72/><N who="2" m="43015" /><F130/><W30/><G30/><T102/><D102/><U55/><E133/><V25/><F25/><W127/><G60/><T113/><D113/><U95/><E95/><V99/><F126/><W28/><G28/><T111/><D111/><U101/><E101/><V100/><F110/><W135/><G135/><T65/><D51/><N who="1" m="27015" /><E125/><V86/><F100/><W21/><G21/><T132/><D132/><U118/><E118/><V68/><F68/><W17/><G17/><T57/><D3/><U54/><E66/><V33/><F33/><W83/><G5/><T49/><D0/><U124/><E124/><V42/><F42/><W14/><G27/><T114/><D114/><U12/><E12/><V56/><F56/><AGARI ba="0,0" hai="37,43,46,54,55,56,62,64" m="27015,50250" machi="56" ten="30,5800,0" yaku="19,1,34,2" doraHai="87" who="1" fromWho="2" sc="250,0,163,58,250,-58,337,0" /><INIT seed="1,1,0,4,5,22" ten="250,221,192,337" oya="1" hai0="54,25,27,33,0,7,127,51,15,89,24,77,109" hai1="133,3,36,101,86,32,29,90,46,118,2,72,81" hai2="74,84,124,40,117,73,55,121,65,103,49,70,69" hai3="1,39,9,67,13,98,53,94,50,88,114,113,107"/><U58/><E118/><V19/><F117/><W80/><G39/><T91/><D109/><U20/><E133/><V110/><F121/><W104/><G1/><T5/><D127/><U125/><E125/><V95/><F124/><W52/><G67/><T108/><D108/><U38/><E72/><V34/><F110/><W96/><G80/><T102/><D33/><U120/><E120/><V116/><F40/><W57/><G53/><T128/><D0/><U83/><E32/><V135/><F116/><W28/><G28/><T10/><D128/><U85/><E101/><V64/><F135/><W92/><G113/><T105/><D77/><U41/><E58/><V30/><F19/><W61/><G61/><T14/><D102/><U112/><E38/><V8/><F8/><W18/><REACH who="3" step="1"/><G114/><REACH who="3" ten="250,221,192,327" step="2"/><T60/><D60/><U63/><E63/><V76/><F65/><W126/><G126/><T75/><D75/><U93/><E112/><V6/><F64/><W129/><G129/><T87/><D105/><U21/><E83/><V132/><F132/><W37/><G37/><T23/><D87/><U26/><REACH who="1" step="1"/><E21/><REACH who="1" ten="250,211,192,327" step="2"/><V31/><F73/><W44/><G44/><N who="0" m="28007" /><D23/><U82/><E82/><V68/><F74/><W100/><AGARI ba="1,2" hai="9,13,18,50,52,57,88,92,94,96,98,100,104,107" machi="100" ten="20,8000,1" yaku="1,1,0,1,7,1,54,2,53,0" doraHai="22" doraHaiUra="17" who="3" fromWho="3" sc="250,-21,211,-41,192,-21,327,103" /><INIT seed="2,0,0,0,5,64" ten="229,170,171,430" oya="2" hai0="39,98,38,58,13,101,48,90,120,15,119,52,62" hai1="29,87,28,108,107,9,117,31,112,92,135,79,27" hai2="67,129,46,1,61,44,47,75,104,51,105,114,82" hai3="118,69,35,86,88,77,78,106,66,57,12,126,65"/><V26/><F114/><W24/><G106/><T130/><D120/><U133/><E107/><V14/><F129/><W7/><G118/><T111/><D130/><U3/><E112/><V17/><F1/><W81/><G69/><T97/><D111/><U68/><E68/><V49/><F26/><W76/><G126/><T74/><D74/><U45/><E117/><V60/><F104/><W21/><G35/><T124/><D124/><U34/><E108/><V37/><F105/><W10/><G57/><T19/><D119/><U42/><E3/><V127/><F127/><W53/><G53/><T91/><D15/><U95/><E9/><V134/><F134/><N who="1" m="51209" /><E92/><V30/><F30/><AGARI ba="0,0" hai="7,10,12,21,24,30,65,66,76,77,78,81,86,88" machi="30" ten="40,2600,0" yaku="8,1,54,1" doraHai="64" who="3" fromWho="2" sc="229,0,170,0,171,-26,430,26" /><INIT seed="3,0,0,0,5,76" ten="229,170,145,456" oya="3" hai0="10,83,20,134,88,85,54,92,11,63,41,31,87" hai1="96,114,6,95,93,135,116,19,118,60,119,66,68" hai2="9,62,50,67,30,117,132,127,72,51,91,29,99" hai3="113,90,3,5,23,47,69,40,18,12,79,64,73"/><W35/><G35/><T110/><D110/><U126/><E114/><V14/><F117/><W123/><G90/><T0/><D134/><U39/><E135/><V56/><F132/><W57/><G57/><N who="0" m="35255" /><D41/><U38/><E126/><V106/><F127/><W120/><G64/><T86/><D0/><U81/><E6/><V4/><F72/><W61/><G61/><T125/><D125/><U97/><E19/><V15/><F15/><W34/><G34/><T46/><D46/><U103/><E81/><V102/><REACH who="2" step="1"/><F91/><AGARI ba="0,0" hai="38,39,60,66,68,91,93,95,96,97,103,116,118,119" machi="91" ten="40,1300,0" yaku="12,1" doraHai="76" who="1" fromWho="2" sc="229,0,170,13,145,-13,456,0" owari="229,2.9,183,-21.7,132,-36.8,456,55.6" /></mjloggm>