<mjloggm ver="2.3"><GO type="225" lobby="0"/><UN n0="%4B%2E%32%2E%4B%2E" n1="%E3%81%95%E3%81%8D%E3%81%9F%E3%81%BE%E6%9E%97%E6%AA%8E" n2="%33%74%72%65%65" n3="%E7%B4%94%E6%BD%94%E3%83%94%E3%83%A9%E3%83%8B%E3%82%A2" dan="16,16,16,16" rate="2126.85,2064.84,2116.14,2129.72" sx="M,M,F,M"/><TAIKYOKU oya="0"/><INIT seed="0,0,0,1,1,111" ten="250,250,250,250" oya="0" hai0="114,24,45,69,73,80,74,3,77,26,28,110,98" hai1="79,108,52,101,50,118,37,4,82,134,91,104,20" hai2="11,2,127,92,121,62,113,126,106,65,49,109,76" hai3="117,83,8,9,132,119,48,131,21,99,67,128,1"/><T39/><D110/><U13/><E108/><V107/><F109/><W105/><G67/><T54/><D73/><U125/><E118/><N who="3" m="45066" /><G48/><T14/><D3/><U6/><E37/><V64/><F121/><W38/><G38/><T46/><D69/><U53/><E134/><V43/><F65/><W61/><G61/><T23/><D114/><U57/><E125/><N who="2" m="47627" /><F113/><W71/><G71/><T41/><D98/><U35/><E35/><V19/><F76/><W90/><G90/><T31/><D14/><U17/><E91/><V123/><F92/><W81/><G21/><T60/><D60/><U10/><E104/><V36/><F49/><W5/><G8/><T56/><D41/><U122/><E122/><V68/><F123/><W59/><G59/><T75/><D75/><U7/><E101/><V130/><F107/><W16/><G16/><T124/><D124/><U47/><E82/><V22/><F106/><W29/><G29/><T86/><D74/><U95/><E95/><V84/><F36/><W40/><G40/><T55/><D39/><U42/><E42/><V18/><F43/><W135/><G81/><T51/><REACH who="0" step="1"/><D55/><REACH who="0" ten="240,250,250,250" step="2"/><U133/><E53/><V115/><F68/><W129/><G99/><T25/><D25/><U97/><E97/><V30/><F62/><W93/><G105/><T32/><AGARI ba="0,1" hai="23,24,26,28,31,32,45,46,51,54,56,77,80,86" machi="32" ten="20,3900,0" yaku="1,1,0,1,7,1,53,0" doraHai="111" doraHaiUra="12" who="0" fromWho="0" sc="240,49,250,-13,250,-13,250,-13" /><INIT seed="0,1,0,5,0,4" ten="289,237,237,237" oya="0" hai0="65,66,127,112,121,64,44,82,47,105,117,0,55" hai1="108,72,60,61,22,87,96,129,75,95,130,20,101" hai2="74,9,125,45,78,120,116,110,13,26,69,30,128" hai3="40,42,39,102,80,93,118,16,81,38,29,19,84"/><T56/><D112/><U124/><E108/><V50/><F120/><W131/><G29/><T59/><D121/><U132/><E87/><V115/><F115/><W28/><G28/><T135/><D117/><U103/><E124/><V70/><F110/><W12/><G118/><T119/><D119/><U92/><REACH who="1" step="1"/><E96/><REACH who="1" ten="289,227,237,237" step="2"/><V14/><F125/><W123/><G84/><T17/><D127/><U62/><E62/><V94/><F116/><W23/><G123/><T113/><D113/><U43/><E43/><V83/><F128/><W68/><G42/><T134/><D134/><AGARI ba="1,1" hai="20,22,60,61,72,75,92,95,101,103,129,130,132,134" machi="134" ten="25,3200,0" yaku="1,1,22,2,53,0" doraHai="4" doraHaiUra="31" who="1" fromWho="0" sc="289,-35,227,45,237,0,237,0" /><INIT seed="1,0,0,5,3,112" ten="254,272,237,237" oya="1" hai0="85,110,20,86,53,9,27,40,120,5,15,135,118" hai1="33,32,68,49,0,29,45,19,91,98,95,124,115" hai2="24,18,130,105,119,37,89,129,63,111,67,82,113" hai3="57,75,93,70,77,55,1,48,103,116,72,13,78"/><U16/><E115/><V108/><F119/><W125/><G1/><T117/><D110/><N who="2" m="42026" /><F113/><W74/><G70/><T2/><D135/><U65/><E0/><V64/><F105/><W73/><G125/><T39/><D120/><U12/><E124/><V59/><F37/><W90/><G103/><T79/><D53/><U38/><E38/><V8/><F67/><W28/><N who="3" m="18432" /><DORA hai="34" /><W101/><G101/><T7/><D7/><U109/><E109/><V126/><F126/><W83/><G83/><T46/><D15/><U88/><E65/><V54/><F64/><W128/><G128/><N who="2" m="49257" /><F8/><W41/><G116/><T66/><D66/><U122/><E68/><V35/><F18/><W62/><G28/><T92/><D86/><U132/><E29/><N who="2" m="19879" /><F82/><W102/><G13/><T123/><D123/><U14/><E122/><V56/><F56/><W61/><G102/><T131/><D131/><U50/><E132/><V114/><F114/><W60/><REACH who="3" step="1"/><G41/><REACH who="3" ten="254,272,237,227" step="2"/><T25/><D25/><U22/><E12/><V106/><F106/><W52/><G52/><T3/><D3/><U97/><E14/><V43/><F43/><W21/><G21/><T76/><D118/><U30/><E22/><V51/><F89/><W107/><G107/><T87/><D117/><U31/><E95/><V4/><F63/><W10/><G10/><T100/><D92/><U69/><E69/><V23/><F23/><W6/><G6/><AGARI ba="0,1" hai="4,6,51,54,59" m="19879,49257,42026" machi="6" ten="30,2000,0" yaku="14,1,19,1" doraHai="112,34" who="2" fromWho="3" sc="254,0,272,0,237,30,227,-20" /><INIT seed="2,0,0,5,3,129" ten="254,272,267,207" oya="2" hai0="50,36,23,34,87,93,24,55,92,74,102,43,126" hai1="35,120,18,118,83,134,90,60,77,100,119,31,131" hai2="53,22,20,72,107,135,38,5,44,115,73,2,111" hai3="39,130,121,75,67,46,88,26,82,84,56,96,78"/><V106/><F115/><W103/><G130/><T16/><D74/><N who="2" m="28778" /><F53/><W81/><G121/><T0/><D0/><U33/><E131/><V37/><F22/><W70/><G70/><T133/><D36/><N who="2" m="13930" /><F20/><W98/><G26/><T27/><D43/><U52/><E90/><V59/><F59/><W30/><G30/><T15/><D34/><U25/><E35/><V1/><F44/><W4/><G4/><T61/><D61/><U132/><E18/><V94/><F94/><W11/><G11/><T63/><D93/><U21/><E21/><V40/><F40/><W80/><G80/><T13/><D63/><U10/><E10/><N who="2" m="2351" /><F2/><W3/><G3/><T125/><D87/><U17/><E17/><V32/><F32/><W12/><G12/><T76/><D92/><U99/><E83/><V127/><F127/><N who="0" m="48650" /><D15/><U28/><E77/><V42/><F42/><W54/><G46/><N who="0" m="28119" /><D76/><U66/><E52/><V7/><F7/><W113/><G39/><T104/><D24/><U122/><E31/><V123/><F123/><W101/><G113/><T49/><D49/><U14/><E14/><V110/><F106/><W58/><G54/><T97/><D13/><U41/><E41/><V91/><F107/><W86/><G75/><T6/><D6/><U71/><E122/><V19/><F19/><W65/><G78/><T68/><D68/><U29/><E29/><V128/><F128/><W64/><G64/><T112/><D112/><U48/><E120/><V108/><F91/><AGARI ba="0,0" hai="56,58,65,67,81,82,84,86,88,91,96,98,101,103" machi="91" ten="25,6400,0" yaku="22,2,8,1,54,1" doraHai="129" who="3" fromWho="2" sc="254,0,272,0,267,-64,207,64" /><INIT seed="3,0,0,0,4,78" ten="254,272,203,271" oya="3" hai0="122,17,66,117,67,68,52,80,6,56,29,92,27" hai1="132,46,127,44,103,38,109,95,73,12,61,106,30" hai2="45,42,13,11,134,86,87,88,130,108,3,77,64" hai3="16,23,115,114,10,21,70,54,2,24,112,53,36"/><W62/><G36/><T50/><D117/><U71/><E109/><V65/><F108/><W8/><G70/><T34/><D122/><U126/><E38/><V105/><F105/><W125/><G62/><T48/><D68/><U113/><E106/><V83/><F3/><W102/><G102/><T59/><D6/><U116/><E113/><V133/><F130/><W4/><G125/><T97/><D17/><U96/><E132/><N who="2" m="50795" /><F45/><W120/><G120/><T40/><D80/><U128/><E128/><V81/><F42/><W124/><G124/><T123/><D123/><U99/><E116/><V47/><F47/><W19/><G10/><T5/><D5/><AGARI ba="0,0" hai="5,11,13,64,65,77,81,83,86,87,88" m="50795" machi="5" ten="30,7700,0" yaku="20,1,52,2,54,1" doraHai="78" who="2" fromWho="0" sc="254,-77,272,0,203,77,271,0" /><INIT seed="4,0,0,4,3,84" ten="177,272,280,271" oya="0" hai0="29,129,86,56,41,130,128,35,60,79,115,15,132" hai1="117,126,91,113,72,11,121,24,34,104,6,38,97" hai2="62,20,53,42,45,21,12,8,102,70,100,13,135" hai3="90,125,95,0,111,83,110,71,69,134,43,4,54"/><T109/><D115/><U52/><E117/><V105/><F135/><W118/><G118/><T93/><D132/><U26/><E121/><V99/><F100/><W108/><G134/><T55/><D109/><U2/><E38/><V103/><F103/><W37/><G125/><T87/><D79/><U82/><E126/><V59/><F70/><W73/><G54/><T44/><D15/><U85/><E72/><V51/><REACH who="2" step="1"/><F13/><REACH who="2" ten="177,272,270,271" step="2"/><W75/><G71/><T133/><D133/><U116/><E2/><V127/><F127/><W49/><G69/><T76/><D76/><U88/><E116/><V1/><F1/><W81/><G75/><T123/><D123/><U18/><E104/><V68/><F68/><W23/><G73/><T124/><D124/><U9/><E113/><V40/><F40/><W61/><G37/><N who="0" m="21551" /><D93/><N who="1" m="56487" /><E34/><V94/><F94/><W7/><G0/><T98/><D98/><U10/><E6/><AGARI ba="0,1" hai="6,8,12,20,21,42,45,51,53,59,62,99,102,105" machi="6" ten="30,2000,0" yaku="1,1,7,1,53,0" doraHai="84" doraHaiUra="25" who="2" fromWho="1" sc="177,0,272,-20,270,30,271,0" owari="177,-32.3,252,-14.8,300,40.0,271,7.1" /></mjloggm>