<mjloggm ver="2.3"><GO type="225" lobby="0"/><UN n0="%E5%86%B7%E5%87%8D%E3%82%AE%E3%83%A7%E3%83%BC%E3%82%B6" n1="%E3%81%BE%E3%81%A8%E3%81%9F" n2="%E5%8D%A0%E3%81%84%E5%B8%AB%E8%A3%8F%E3%81%AA%E3%81%84%E3%81%97" n3="%E7%89%B9%E6%9D%B1%E3%81%AF%E4%B8%96%E7%95%8C%E3%82%92%E6%95%91%E3%81%86" dan="16,17,17,16" rate="2169.77,2250.03,2137.59,2111.74" sx="M,M,M,M"/><TAIKYOKU oya="0"/><INIT seed="0,0,0,2,3,128" ten="250,250,250,250" oya="0" hai0="107,9,60,64,54,130,48,16,44,91,135,89,35" hai1="93,101,85,20,39,79,47,43,42,90,41,75,63" hai2="34,57,129,14,23,49,94,12,119,83,37,124,121" hai3="30,80,45,100,70,0,109,105,1,104,61,15,24"/><T68/><D130/><U123/><E123/><V6/><F121/><W5/><G109/><T50/><D107/><U131/><E131/><V118/><F34/><W69/><G45/><T53/><D35/><U8/><E101/><V29/><F129/><W127/><G127/><T4/><D135/><U98/><E75/><V3/><F37/><W103/><G80/><T67/><D67/><U7/><E20/><V36/><F36/><W21/><G15/><T108/><D108/><U77/><E77/><V2/><F124/><W110/><G110/><T112/><D112/><U31/><E31/><V40/><F83/><W115/><G115/><T52/><D16/><U76/><E76/><V111/><F94/><W58/><G5/><T95/><D95/><U87/><E79/><V81/><F81/><W92/><G1/><T56/><REACH who="0" step="1"/><D53/><REACH who="0" ten="240,250,250,250" step="2"/><U33/><E93/><V22/><F111/><W120/><G120/><T86/><D86/><U19/><E87/><V11/><F23/><W26/><G92/><T113/><D113/><U82/><E33/><V46/><F22/><N who="3" m="15639" /><G105/><T84/><D84/><U10/><E85/><V65/><F29/><W74/><G104/><T51/><D51/><U62/><E82/><V66/><F66/><W32/><G32/><T132/><D132/><U126/><E126/><V18/><F65/><W28/><G103/><T102/><D102/><U133/><E133/><V71/><F49/><W72/><G100/><T96/><D96/><U97/><E98/><V73/><F18/><W17/><G17/><T125/><D125/><U122/><E19/><N who="2" m="8607" /><F73/><W106/><G72/><RYUUKYOKU ba="0,1" sc="240,30,250,-10,250,-10,250,-10" hai0="4,9,44,48,50,52,54,56,60,64,68,89,91" /><INIT seed="0,1,1,4,1,49" ten="270,240,240,240" oya="0" hai0="121,97,2,10,81,120,82,56,45,123,117,90,29" hai1="96,51,87,105,7,125,11,8,60,94,55,131,99" hai2="34,9,74,27,85,57,124,129,130,126,106,108,122" hai3="12,104,109,36,13,134,76,25,47,44,101,86,15"/><T89/><D117/><U77/><E131/><N who="2" m="50187" /><F122/><W84/><G109/><T14/><D2/><U127/><E105/><V58/><F108/><W135/><G25/><T40/><D29/><U107/><E107/><V50/><F74/><W61/><G61/><T112/><D112/><U63/><E96/><V79/><F106/><W83/><G84/><T16/><D56/><N who="2" m="21610" /><F9/><W32/><G32/><T72/><D97/><U38/><E87/><V41/><F41/><W42/><REACH who="3" step="1"/><G44/><REACH who="3" ten="270,240,240,230" step="2"/><T95/><D72/><U21/><E125/><V39/><F85/><W31/><G31/><T110/><D110/><U18/><E127/><N who="2" m="48683" /><F79/><W132/><G132/><T5/><D121/><U71/><E77/><V113/><F113/><W4/><G4/><T46/><D120/><U52/><E18/><V37/><F50/><W43/><G43/><T103/><D123/><U111/><E51/><V1/><F1/><W118/><G118/><T119/><D119/><U64/><E7/><V20/><F34/><W88/><G88/><T98/><D89/><U53/><E111/><V133/><F133/><W91/><G91/><T65/><D90/><U102/><E63/><V68/><F68/><W100/><G100/><T19/><D5/><U92/><E71/><V62/><F62/><W67/><G67/><T23/><D65/><U33/><E64/><V6/><F6/><W22/><G22/><T28/><D28/><AGARI ba="1,2" hai="20,27,28,37,39" m="48683,21610,50187" machi="28" ten="30,2000,0" yaku="19,1,18,1" doraHai="49" who="2" fromWho="0" sc="270,-23,240,0,240,43,230,0" /><INIT seed="1,0,0,5,3,84" ten="247,240,283,230" oya="1" hai0="2,13,123,92,94,38,135,99,46,3,101,86,28" hai1="5,62,52,88,29,90,134,72,10,128,93,119,7" hai2="65,47,21,35,126,12,33,127,58,78,116,37,34" hai3="39,54,113,129,71,118,27,56,14,48,23,85,68"/><U121/><E119/><V115/><F116/><W31/><G113/><T100/><D123/><U41/><E121/><V76/><F115/><W8/><G118/><T87/><D135/><U32/><E134/><V4/><F65/><W50/><G39/><T106/><D28/><U59/><E72/><V104/><F104/><W30/><G129/><T124/><D124/><N who="2" m="47658" /><F58/><W96/><G30/><T60/><D60/><U53/><E128/><V79/><F21/><W17/><G96/><T19/><D86/><U49/><E41/><N who="2" m="22959" /><F12/><W102/><G102/><T98/><D38/><U44/><E10/><V82/><F4/><W108/><G108/><T42/><D42/><U36/><E36/><V105/><F105/><W16/><G50/><T111/><D46/><U133/><E133/><V1/><F1/><W73/><G73/><AGARI ba="0,0" hai="33,34,35,73,76,78,79,82" m="22959,47658" machi="73" ten="40,1300,0" yaku="18,1" doraHai="84" who="2" fromWho="3" sc="247,0,240,0,283,13,230,-13" /><INIT seed="2,0,0,3,4,31" ten="247,240,296,217" oya="2" hai0="106,105,11,96,77,39,89,15,124,133,122,93,5" hai1="130,60,82,57,3,54,114,62,80,37,73,40,134" hai2="42,46,35,127,95,48,68,67,86,91,116,121,17" hai3="7,49,63,56,117,23,24,1,75,87,64,41,45"/><V30/><F116/><W129/><G117/><T97/><D122/><U55/><E114/><V74/><F121/><W113/><G129/><T104/><D124/><U108/><E130/><V131/><F74/><W78/><G75/><T83/><D39/><U26/><E73/><V50/><F131/><W72/><G72/><T98/><D133/><U70/><E3/><V111/><F127/><W28/><G113/><T123/><D123/><U2/><E2/><V110/><F67/><W100/><G100/><T53/><D77/><U8/><E8/><V6/><F6/><W103/><G103/><T126/><D126/><U119/><E119/><V81/><F68/><W132/><G132/><T43/><D43/><U85/><E108/><N who="2" m="41515" /><F17/><W88/><G78/><T19/><D83/><U27/><E70/><V102/><F102/><W25/><G25/><T112/><D112/><U9/><E26/><N who="2" m="18903" /><F81/><W118/><G118/><T90/><D5/><U16/><E80/><V92/><F92/><N who="3" m="54303" /><G1/><T20/><D93/><U14/><E134/><V58/><F58/><W135/><G135/><T51/><REACH who="0" step="1"/><D11/><REACH who="0" ten="237,240,296,217" step="2"/><U44/><E82/><V59/><F59/><AGARI ba="0,1" hai="15,19,20,51,53,59,89,90,96,97,98,104,105,106" machi="59" ten="50,3200,0" yaku="1,1,2,1,53,0" doraHai="31" doraHaiUra="4" who="0" fromWho="2" sc="237,42,240,0,296,-32,217,0" /><INIT seed="3,0,0,4,5,104" ten="279,240,264,217" oya="3" hai0="22,33,120,84,96,50,48,113,36,94,116,70,88" hai1="134,42,28,17,82,108,25,99,72,64,21,12,19" hai2="57,131,15,112,2,83,53,126,45,61,98,105,23" hai3="89,101,31,109,58,62,74,1,54,86,24,13,118"/><W91/><G118/><T129/><D116/><U87/><E108/><V37/><F112/><W32/><G1/><T114/><D120/><U75/><E134/><V90/><F2/><W34/><G109/><T49/><D129/><U68/><E42/><V30/><F131/><W56/><G101/><T107/><D33/><U80/><E68/><V122/><F126/><W51/><G34/><T123/><D123/><U85/><E64/><V103/><F122/><W46/><G56/><T133/><D133/><U65/><E99/><V63/><F45/><W100/><G100/><T119/><D119/><U79/><E65/><V41/><F41/><W40/><G13/><T92/><D107/><U29/><E17/><V3/><F3/><W9/><G9/><T60/><D36/><U117/><E117/><V77/><F90/><W35/><G35/><T7/><D7/><U6/><E6/><V11/><F37/><W127/><G127/><T102/><D22/><U125/><E125/><V78/><F63/><W93/><REACH who="3" step="1"/><G91/><REACH who="3" ten="279,240,264,207" step="2"/><T130/><D130/><U81/><E12/><V111/><F111/><W27/><G27/><T76/><D113/><U128/><E128/><V47/><F11/><W16/><G16/><T71/><D114/><U52/><E19/><V4/><F15/><W0/><G0/><T95/><D88/><U135/><E135/><V73/><F4/><W20/><G20/><T14/><D14/><U59/><E29/><V5/><F5/><W115/><G115/><T69/><D102/><U66/><E28/><V124/><F124/><W10/><G10/><T38/><D71/><RYUUKYOKU ba="0,1" sc="279,-10,240,-10,264,-10,207,30" hai3="24,31,32,40,46,51,54,58,62,74,86,89,93" /><INIT seed="3,1,1,3,0,90" ten="269,230,254,237" oya="3" hai0="49,129,11,120,126,27,98,55,1,85,107,25,116" hai1="95,46,75,128,121,76,18,82,117,88,6,69,123" hai2="100,43,58,7,97,134,131,93,113,87,48,70,14" hai3="64,83,78,91,89,51,31,108,106,5,94,16,33"/><W9/><G106/><T52/><D116/><U109/><E128/><V124/><F113/><W122/><G122/><T10/><D120/><U24/><E109/><V28/><F70/><W132/><G108/><T101/><D129/><U99/><E69/><V111/><F111/><W66/><G132/><T119/><D119/><U102/><E6/><V118/><F118/><W112/><G112/><T41/><D126/><U34/><E117/><V60/><F131/><W32/><G51/><T39/><D55/><U81/><E46/><N who="2" m="25695" /><F134/><W0/><G91/><T19/><D41/><U114/><E114/><V13/><F124/><W2/><G2/><T86/><D39/><U125/><E125/><V65/><F28/><W8/><G31/><T130/><D130/><U4/><E4/><V56/><F7/><W84/><G32/><T104/><D104/><U40/><E40/><V96/><BYE who="1" /><F96/><UN n1="%E3%81%BE%E3%81%A8%E3%81%9F" /><W37/><G33/><T79/><D1/><U23/><REACH who="1" step="1"/><E34/><REACH who="1" ten="269,220,254,237" step="2"/><V42/><F42/><W68/><G68/><T21/><D25/><U59/><E59/><V110/><F56/><W135/><G135/><T77/><D27/><U63/><E63/><V20/><F110/><W50/><G37/><T47/><D47/><U57/><E57/><V17/><F87/><AGARI ba="1,2" hai="18,23,24,75,76,81,82,87,88,95,99,102,121,123" machi="87" ten="40,5200,0" yaku="1,1,52,1,54,1,53,0" doraHai="90" doraHaiUra="26" who="1" fromWho="2" sc="269,0,220,75,254,-55,237,0" /><INIT seed="4,0,0,4,3,51" ten="269,295,199,237" oya="0" hai0="10,5,80,69,9,15,59,41,130,3,16,40,20" hai1="82,18,96,110,33,77,37,61,134,112,74,29,13" hai2="35,2,58,106,109,99,113,24,114,123,63,79,126" hai3="127,98,38,42,108,86,62,28,26,0,1,45,117"/><T27/><D69/><U116/><E110/><V7/><F123/><W30/><G117/><T75/><D130/><U87/><E37/><V128/><F109/><W17/><G108/><T19/><D75/><U122/><E116/><V125/><F128/><W100/><G127/><N who="2" m="48649" /><F79/><W52/><G17/><T118/><D118/><U71/><E122/><V14/><F2/><W32/><G86/><T47/><D47/><U76/><E134/><V133/><F133/><W57/><REACH who="3" step="1"/><G30/><REACH who="3" ten="269,295,199,227" step="2"/><T135/><D135/><U64/><E29/><N who="2" m="19879" /><F7/><W111/><G111/><T92/><D80/><U102/><E87/><V119/><F119/><W66/><G66/><T48/><D5/><U115/><E74/><V124/><N who="2" m="48657" /><V23/><DORA hai="44" /><F99/><W12/><G12/><T56/><D15/><U53/><E13/><V94/><F106/><AGARI ba="0,1" hai="0,1,26,28,32,38,42,45,52,57,62,98,100,106" machi="106" ten="30,8000,1" yaku="1,1,7,1,52,1,54,1,53,1" doraHai="51,44" doraHaiUra="78,68" who="3" fromWho="2" sc="269,0,295,0,199,-80,227,90" owari="269,-13.1,295,9.5,119,-38.1,317,41.7" /></mjloggm>