<mjloggm ver="2.3"><GO type="225" lobby="0"/><UN n0="%E3%81%B2%E3%81%AA%E3%81%AE%E3%82%8A%E3%81%8F" n1="%E3%81%B8%E3%82%80%E3%81%B8%E3%82%80%EF%BC%92%E5%8F%B7" n2="%E8%81%B7%E6%A5%AD%E3%80%81%E9%A2%A8%32" n3="%E7%9C%9F%E4%B8%80" dan="17,17,16,17" rate="2187.69,2186.38,2122.76,2250.79" sx="M,M,M,M"/><TAIKYOKU oya="0"/><INIT seed="0,0,0,1,3,14" ten="250,250,250,250" oya="0" hai0="20,107,79,117,62,35,67,102,133,59,42,119,39" hai1="92,109,130,61,29,94,70,36,11,47,129,124,132" hai2="44,76,112,15,89,21,57,9,8,4,22,95,41" hai3="65,40,96,111,51,126,83,105,110,68,128,32,80"/><T71/><D35/><U120/><E120/><V37/><F112/><W116/><G32/><T13/><D79/><U34/><E109/><N who="3" m="41482" /><G116/><T97/><D133/><U108/><E108/><V115/><F115/><W127/><G68/><T86/><D86/><U84/><E124/><N who="3" m="47658" /><G65/><T46/><REACH who="0" step="1"/><D71/><REACH who="0" ten="240,250,250,250" step="2"/><U58/><E84/><V104/><F76/><W27/><G128/><T31/><D31/><U98/><E29/><V131/><F131/><W26/><G83/><T114/><D114/><U19/><E70/><V1/><F104/><W24/><G80/><T25/><D25/><U134/><E129/><V93/><F95/><W49/><G40/><T91/><D91/><U50/><E94/><V43/><F41/><W5/><G5/><T100/><D100/><AGARI ba="0,1" hai="24,26,27,49,51,96,100,105" m="47658,41482" machi="100" ten="40,2600,0" yaku="14,1,18,1" doraHai="14" who="3" fromWho="0" sc="240,-26,250,0,250,0,250,36" /><INIT seed="1,0,0,4,1,114" ten="214,250,250,286" oya="1" hai0="135,35,107,12,2,4,132,47,115,98,117,68,67" hai1="0,116,31,30,73,59,53,1,100,113,55,95,42" hai2="93,99,49,38,29,129,81,127,52,86,85,121,91" hai3="62,19,71,134,54,6,36,45,79,17,80,43,78"/><U50/><E113/><V126/><F121/><W32/><G134/><N who="0" m="51243" /><D115/><U65/><E73/><V123/><F123/><W9/><G32/><T14/><D47/><U92/><E42/><V56/><F38/><W84/><G78/><T69/><D35/><U112/><E65/><V110/><F110/><W60/><G60/><N who="0" m="40039" /><D69/><U37/><E37/><V109/><F109/><W41/><G41/><T122/><D122/><U90/><E112/><V75/><F129/><W7/><G7/><T128/><D128/><U51/><E100/><V105/><F29/><W101/><G101/><N who="0" m="62903" /><D117/><U11/><E116/><V21/><F105/><W72/><G84/><T33/><D33/><U61/><E61/><V74/><F21/><W8/><G71/><T28/><D28/><U48/><E48/><V39/><F86/><W133/><G133/><T15/><D2/><U104/><E104/><V34/><F34/><W76/><G76/><T63/><D63/><U58/><REACH who="1" step="1"/><E90/><REACH who="1" ten="214,240,250,286" step="2"/><V18/><F39/><W77/><G62/><T83/><D83/><U103/><E103/><V24/><F81/><W87/><G80/><T64/><D64/><U97/><E97/><V26/><F99/><W25/><G36/><T82/><D82/><U5/><E5/><AGARI ba="0,1" hai="4,5,12,14,15" m="62903,40039,51243" machi="5" ten="30,1000,0" yaku="20,1" doraHai="114" who="0" fromWho="1" sc="214,20,240,-10,250,0,286,0" /><INIT seed="2,0,0,4,3,51" ten="234,230,250,286" oya="2" hai0="133,129,124,5,100,52,135,57,44,12,49,37,98" hai1="125,69,95,34,53,77,111,18,29,134,108,79,2" hai2="31,46,128,94,64,27,65,15,39,131,126,113,67" hai3="10,130,91,73,99,102,115,7,85,75,3,63,116"/><V30/><F113/><W86/><G116/><T83/><D124/><U101/><E125/><V68/><F126/><W4/><G115/><T38/><D129/><N who="2" m="49738" /><F68/><W50/><G130/><T8/><D83/><U45/><E69/><V109/><F109/><N who="1" m="42057" /><E2/><V120/><F120/><W60/><G4/><T41/><REACH who="0" step="1"/><D38/><REACH who="0" ten="224,230,250,286" step="2"/><U105/><E105/><AGARI ba="0,1" hai="5,8,12,37,41,44,49,52,57,98,100,105,133,135" machi="105" ten="40,8000,1" yaku="1,1,2,1,52,1,54,1,53,0" doraHai="51" doraHaiUra="117" who="0" fromWho="1" sc="224,90,230,-80,250,0,286,0" /><INIT seed="3,0,0,0,4,124" ten="314,150,250,286" oya="3" hai0="117,70,42,87,123,16,111,0,78,33,83,10,134" hai1="49,122,71,26,20,101,60,46,93,88,63,30,24" hai2="58,100,75,135,4,115,131,91,132,6,7,62,50" hai3="96,22,15,92,9,34,48,129,45,74,64,113,18"/><W77/><G113/><T68/><D117/><U104/><E122/><V72/><F115/><W44/><G34/><T39/><D33/><U17/><E71/><V102/><F50/><W108/><G129/><T19/><D123/><U89/><E101/><N who="2" m="39019" /><F131/><W80/><G108/><T97/><D134/><N who="2" m="51242" /><F91/><W85/><G74/><N who="2" m="28201" /><F58/><W38/><G38/><T116/><D39/><U95/><E104/><V109/><F62/><W40/><G64/><T76/><D70/><U94/><E24/><V23/><F23/><W1/><G45/><T47/><D68/><U5/><E5/><V2/><F109/><W119/><G119/><T69/><D69/><U120/><E120/><V128/><F128/><W99/><G1/><AGARI ba="0,0" hai="1,2,4,6,7" m="28201,51242,39019" machi="1" ten="40,5200,0" yaku="28,2,20,1" doraHai="124" who="2" fromWho="3" sc="314,0,150,0,250,52,286,-52" owari="314,41.4,150,-35.0,302,10.2,234,-16.6" /></mjloggm>