<mjloggm ver="2.3"><GO type="225" lobby="0"/><UN n0="%E3%81%99%E3%81%84%E3%81%BE%E3%81%9B%E3%83%BC%E3%82%93" n1="%E3%83%97%E3%83%AC%E3%83%B4%E3%82%A1%E3%83%86%E3%82%A3" n2="%E3%81%BF%E3%81%BF%E3%81%9A" n3="%72%61%6B%33" dan="17,16,16,16" rate="2273.28,2083.47,2164.37,2056.39" sx="M,F,M,M"/><TAIKYOKU oya="0"/><INIT seed="0,0,0,3,5,96" ten="250,250,250,250" oya="0" hai0="111,13,35,90,105,75,15,67,27,101,116,94,42" hai1="135,18,134,40,33,37,95,120,79,17,11,25,122" hai2="5,88,119,43,72,22,68,70,100,12,133,76,74" hai3="45,3,55,58,62,78,124,23,26,46,97,110,63"/><T128/><D116/><U34/><E79/><V54/><F100/><W117/><G117/><T113/><D113/><U61/><E61/><BYE who="1" /><UN n1="%E3%83%97%E3%83%AC%E3%83%B4%E3%82%A1%E3%83%86%E3%82%A3" /><V91/><F119/><W93/><G110/><T44/><D75/><U80/><E80/><V84/><F43/><W102/><G124/><T130/><D67/><U112/><E95/><V4/><F22/><W89/><G3/><T104/><D111/><U114/><E40/><V38/><F12/><N who="0" m="4682" /><D101/><U123/><E37/><V98/><F98/><W108/><G108/><T29/><D90/><U125/><E11/><V86/><F54/><W60/><G78/><T30/><D94/><U48/><E48/><V56/><F76/><W39/><G89/><T47/><D30/><U6/><E6/><V82/><F82/><W71/><G39/><N who="0" m="21599" /><D47/><N who="3" m="17929" /><G71/><T127/><D127/><U14/><E14/><V87/><F87/><W109/><G109/><T8/><D8/><U57/><E57/><V36/><REACH who="2" step="1"/><F56/><REACH who="2" ten="250,250,240,250" step="2"/><W19/><AGARI ba="0,1" hai="19,23,26,55,58,60,62,63,93,97,102" m="17929" machi="19" ten="30,2000,0" yaku="8,1,52,1" doraHai="96" who="3" fromWho="3" sc="250,-10,250,-5,240,-5,250,30" /><INIT seed="1,0,0,0,5,70" ten="240,245,235,280" oya="1" hai0="16,55,15,0,61,1,33,62,99,94,34,41,105" hai1="109,93,124,110,23,129,122,51,6,71,64,80,90" hai2="107,82,123,58,100,68,52,78,11,130,7,88,87" hai3="56,50,3,46,79,13,8,81,49,121,69,21,115"/><U119/><E122/><V27/><F68/><W128/><G69/><T104/><D41/><U83/><E119/><V32/><F123/><W96/><G121/><T20/><D104/><U2/><E129/><V75/><F130/><W77/><G128/><T29/><D105/><U65/><E124/><V101/><F27/><W108/><G108/><N who="1" m="41578" /><E23/><V113/><F32/><W43/><G115/><T117/><D117/><U112/><E112/><V38/><F38/><W72/><G79/><T74/><D74/><U131/><E131/><V95/><F113/><W73/><G73/><T30/><D33/><U10/><E51/><V97/><F101/><W40/><G96/><T126/><D126/><U114/><E114/><V18/><F18/><W91/><G91/><T42/><D34/><U24/><E24/><V53/><F58/><W92/><G92/><T135/><D135/><U133/><E133/><V60/><F60/><W118/><G21/><T26/><D62/><N who="1" m="40343" /><E65/><V98/><F98/><AGARI ba="0,0" hai="2,6,10,80,83,90,93,98" m="40343,41578" machi="98" ten="30,2900,0" yaku="14,1,10,1" doraHai="70" who="1" fromWho="2" sc="240,0,245,29,235,-29,280,0" /><INIT seed="1,1,0,1,4,99" ten="240,274,206,280" oya="1" hai0="31,76,101,82,20,23,35,61,64,11,19,67,70" hai1="78,125,63,106,46,95,85,7,12,59,105,80,41" hai2="55,51,27,117,16,111,37,1,56,122,52,134,113" hai3="69,33,9,74,42,26,128,92,34,109,65,100,88"/><U84/><E125/><V2/><F117/><W13/><G74/><T102/><D67/><U68/><E68/><V36/><F122/><W72/><G72/><T132/><D132/><U60/><E60/><V0/><F134/><W115/><G115/><T21/><D35/><U133/><E133/><V40/><F113/><W49/><G109/><T94/><D31/><U43/><E43/><V53/><F111/><W96/><G128/><T91/><D11/><U38/><E85/><V32/><F32/><W71/><G49/><T66/><D19/><U24/><E95/><V62/><F40/><W73/><G73/><T29/><D66/><U124/><E124/><V112/><F112/><W50/><G50/><T86/><REACH who="0" step="1"/><D29/><REACH who="0" ten="230,274,206,280" step="2"/><U110/><E110/><V25/><F53/><W131/><G33/><T8/><D8/><U108/><E108/><V22/><REACH who="2" step="1"/><F25/><REACH who="2" ten="230,274,196,280" step="2"/><W119/><G26/><T135/><D135/><U75/><E24/><V120/><F120/><W39/><G34/><T127/><D127/><U6/><E12/><V47/><AGARI ba="1,2" hai="0,1,2,16,22,27,36,37,47,51,52,55,56,62" machi="47" ten="30,8000,1" yaku="1,1,0,1,54,2,53,1" doraHai="99" doraHaiUra="15" who="2" fromWho="2" sc="230,-21,274,-41,196,103,280,-21" /><INIT seed="2,0,0,3,4,134" ten="209,233,299,259" oya="2" hai0="117,60,124,37,46,120,96,36,9,133,11,39,57" hai1="74,108,7,14,13,68,69,106,103,41,64,2,8" hai2="10,87,6,19,94,59,0,109,70,95,88,125,89" hai3="118,104,107,79,16,130,24,80,4,48,63,82,27"/><V12/><F70/><W1/><G118/><T71/><D120/><U99/><E108/><V126/><F59/><W78/><G48/><T44/><D133/><U38/><E74/><V3/><F109/><W92/><G92/><T56/><D96/><U91/><E69/><V15/><F15/><W116/><G116/><T72/><D72/><U105/><E105/><V67/><F67/><W83/><G63/><T77/><D77/><U43/><E68/><V86/><F0/><W127/><G130/><T75/><D75/><U76/><E64/><V101/><F101/><W54/><G54/><T20/><D117/><U32/><E76/><V122/><F122/><W111/><G83/><T35/><D35/><U61/><E61/><V45/><F45/><N who="0" m="17514" /><D20/><AGARI ba="0,0" hai="3,6,10,12,19,20,86,87,88,89,94,95,125,126" machi="20" ten="40,12000,1" yaku="9,1,52,2,54,1" doraHai="134" who="2" fromWho="0" sc="209,-120,233,0,299,120,259,0" /><INIT seed="2,1,0,5,4,120" ten="89,233,419,259" oya="2" hai0="11,128,113,42,0,48,87,90,38,53,54,43,135" hai1="118,77,20,80,100,109,32,84,72,49,103,55,65" hai2="96,95,112,30,46,115,58,91,28,51,107,13,99" hai3="12,29,81,24,36,92,123,4,68,57,127,7,134"/><V124/><F58/><W47/><G68/><T110/><D113/><U26/><E32/><V79/><F79/><W3/><G3/><T45/><D128/><U104/><E118/><V119/><F119/><W121/><G92/><T75/><D75/><U73/><E65/><V88/><F124/><W114/><G81/><T63/><D135/><U98/><E103/><V40/><F112/><W66/><G47/><T111/><D0/><U5/><E5/><V56/><F115/><W125/><G36/><T35/><D11/><U71/><E71/><V18/><F56/><W102/><G102/><T50/><D35/><U70/><E70/><V89/><F107/><W2/><G114/><T39/><D87/><U129/><E129/><V83/><F83/><W108/><G57/><T93/><D93/><U52/><E109/><N who="0" m="41481" /><D90/><N who="2" m="34922" /><F99/><W133/><G108/><T44/><D63/><U22/><E22/><AGARI ba="1,0" hai="13,18,22,28,30,40,46,51,91,95,96" m="34922" machi="22" ten="30,2900,0" yaku="8,1,54,1" doraHai="120" who="2" fromWho="1" sc="89,0,233,-32,419,32,259,0" /><INIT seed="2,2,0,3,2,37" ten="89,201,451,259" oya="2" hai0="85,128,90,105,87,99,84,22,93,100,49,44,17" hai1="94,54,40,89,28,46,75,135,2,12,119,52,9" hai2="118,31,71,30,16,32,83,81,101,63,131,57,35" hai3="106,41,72,102,70,107,65,109,108,124,126,34,36"/><V88/><F118/><W76/><G34/><T103/><D128/><U25/><E119/><V123/><F123/><W78/><G65/><T60/><D60/><U77/><E2/><V86/><F71/><W3/><G3/><T21/><D105/><U7/><E135/><V26/><F131/><W113/><G70/><T98/><D98/><U53/><E75/><V67/><F101/><W61/><G61/><T45/><D45/><U114/><E77/><V48/><F81/><N who="3" m="45191" /><G78/><T68/><D68/><U69/><E69/><V5/><F5/><W38/><G113/><T24/><REACH who="0" step="1"/><D22/><REACH who="0" ten="79,201,451,259" step="2"/><U82/><E114/><V64/><F35/><W33/><G106/><T92/><D92/><U13/><E82/><V6/><F32/><W112/><G33/><T129/><D129/><U74/><E74/><V97/><F97/><W10/><G112/><T116/><D116/><U11/><E94/><V122/><F122/><W96/><G96/><T39/><D39/><U8/><E89/><V110/><F110/><W134/><G38/><T29/><D29/><U14/><E28/><V50/><F31/><W125/><G107/><T15/><D15/><U80/><E80/><V115/><F83/><W42/><G36/><T121/><D121/><U132/><E132/><V19/><F30/><W73/><G134/><T79/><D79/><U51/><E7/><V47/><F115/><W120/><G120/><T58/><D58/><U20/><E20/><V59/><F59/><W4/><G73/><T104/><D104/><U23/><E23/><V1/><F57/><W95/><G108/><T130/><D130/><RYUUKYOKU ba="2,1" sc="79,15,201,15,451,-15,259,-15" hai0="17,21,24,44,49,84,85,87,90,93,99,100,103" hai1="8,9,11,12,13,14,25,40,46,51,52,53,54" /><INIT seed="3,3,1,3,1,23" ten="94,216,436,244" oya="3" hai0="77,105,99,38,107,78,92,104,64,106,71,62,50" hai1="1,91,2,113,101,29,68,40,12,111,110,83,66" hai2="49,67,25,0,56,102,131,21,123,81,3,128,47" hai3="87,27,45,84,65,6,135,44,100,96,75,95,42"/><W90/><G75/><T61/><N who="0" m="26624" /><DORA hai="119" /><T74/><D38/><U89/><E113/><V9/><F123/><W30/><G135/><T46/><D62/><N who="1" m="40023" /><E101/><V33/><F33/><W73/><G73/><T117/><D117/><U11/><E29/><N who="2" m="17583" /><F81/><W57/><G6/><T8/><D8/><U97/><E40/><N who="2" m="24807" /><F102/><W63/><G90/><N who="1" m="34314" /><E97/><V120/><F9/><W69/><G69/><T125/><D74/><U124/><E83/><V34/><F34/><W79/><G79/><T4/><D4/><U52/><E52/><V108/><F120/><W13/><G13/><T115/><D115/><U103/><E103/><V10/><F108/><N who="1" m="41513" /><E124/><V88/><F10/><W5/><G5/><AGARI ba="3,1" hai="1,2,5,11,12" m="41513,34314,40023" machi="5" ten="30,1000,0" yaku="14,1" doraHai="23,119" who="1" fromWho="3" sc="94,0,216,29,436,0,244,-19" owari="94,-40.6,245,4.5,436,53.6,225,-17.5" /></mjloggm>