<mjloggm ver="2.3"><GO type="225" lobby="0"/><UN n0="%72%69%6F%75%63%68%61%6E" n1="%6D%75%75%73%61%6E%6D%75" n2="%E3%81%B5%E3%81%98%E3%81%8B%E3%81%A4" n3="%E3%81%99%E3%81%84%E3%81%BE%E3%81%9B%E3%83%BC%E3%82%93" dan="16,16,17,18" rate="2152.02,2118.14,2241.54,2181.06" sx="M,F,M,M"/><TAIKYOKU oya="0"/><INIT seed="0,0,0,3,3,57" ten="250,250,250,250" oya="0" hai0="51,99,1,58,120,4,91,86,94,35,61,68,17" hai1="104,2,126,23,52,113,54,18,88,16,48,90,6" hai2="135,81,36,129,72,124,122,80,32,84,50,98,73" hai3="28,71,95,10,12,128,20,14,108,59,118,123,92"/><T78/><D120/><U117/><E117/><V66/><F36/><W65/><G118/><T37/><D37/><U70/><E104/><V46/><F32/><W131/><G123/><T119/><D119/><U24/><E70/><V44/><F122/><W22/><G71/><T64/><D35/><U9/><E126/><V133/><F124/><W62/><G108/><T5/><D1/><U110/><E110/><V38/><F129/><N who="3" m="49739" /><G14/><T96/><D17/><U93/><E113/><V42/><F66/><W121/><G121/><T53/><REACH who="0" step="1"/><D78/><REACH who="0" ten="240,250,250,250" step="2"/><U31/><E90/><N who="2" m="51471" /><F38/><W60/><G28/><T100/><D100/><U87/><REACH who="1" step="1"/><E54/><REACH who="1" ten="240,240,250,250" step="2"/><V41/><F135/><W34/><G34/><T7/><AGARI ba="0,2" hai="4,5,7,51,53,58,61,64,68,86,91,94,96,99" machi="7" ten="30,6000,0" yaku="1,1,0,1,52,1,53,0" doraHai="57" doraHaiUra="15" who="0" fromWho="0" sc="240,80,240,-20,250,-20,250,-20" /><INIT seed="0,1,0,3,2,123" ten="320,220,230,230" oya="0" hai0="114,55,88,107,60,71,99,59,31,40,62,42,3" hai1="36,57,17,14,124,15,108,38,21,58,87,118,13" hai2="39,86,68,10,64,82,97,95,28,81,102,8,54" hai3="90,122,120,61,105,133,69,66,43,45,11,22,46"/><T92/><D114/><U44/><E118/><V19/><F39/><W52/><G133/><T34/><D3/><U33/><E33/><V12/><F28/><W100/><G11/><T129/><D129/><U101/><E124/><V53/><F68/><W93/><G100/><T125/><D125/><U25/><E108/><V37/><F64/><W96/><G105/><T56/><D71/><U20/><E101/><V49/><F37/><W76/><G76/><T51/><D107/><U48/><E38/><V117/><F117/><W116/><G116/><T79/><D79/><U24/><E87/><V106/><F106/><W121/><G43/><T80/><D80/><U109/><E36/><V94/><F8/><W9/><G9/><T50/><D31/><N who="1" m="17799" /><E109/><V65/><F65/><W29/><G52/><AGARI ba="1,0" hai="13,14,15,17,21,25,44,48,52,57,58" m="17799" machi="52" ten="30,2000,0" yaku="8,1,54,1" doraHai="123" who="1" fromWho="3" sc="320,0,220,23,230,0,230,-23" /><INIT seed="1,0,0,1,4,45" ten="320,243,230,207" oya="1" hai0="16,112,121,67,103,6,14,62,75,106,19,123,37" hai1="11,32,71,79,29,42,84,135,118,31,48,33,51" hai2="77,63,111,102,86,68,2,116,92,98,115,89,125" hai3="36,108,94,109,113,129,70,23,10,49,107,128,3"/><U21/><E118/><V1/><F116/><W85/><G107/><T95/><D112/><U127/><E71/><V35/><F111/><N who="3" m="42571" /><G36/><T105/><D37/><U114/><E114/><V74/><F115/><W40/><G70/><T15/><D75/><U124/><E11/><V119/><F119/><W38/><G38/><T26/><D26/><N who="1" m="16591" /><E42/><V110/><F110/><W120/><G120/><N who="0" m="46155" /><D6/><U69/><E69/><V73/><F35/><N who="1" m="13385" /><E31/><V72/><F125/><N who="1" m="48201" /><E135/><V76/><F76/><W54/><G40/><T101/><D14/><U58/><E58/><V99/><F77/><W52/><G113/><T25/><D25/><U131/><E131/><N who="3" m="50250" /><G23/><T20/><D19/><U87/><E87/><V66/><REACH who="2" step="1"/><F99/><REACH who="2" ten="320,243,220,207" step="2"/><W80/><G85/><T46/><D106/><AGARI ba="0,1" hai="1,2,63,66,68,72,73,74,86,89,92,98,102,106" machi="106" ten="40,2600,0" yaku="1,1,2,1,53,0" doraHai="45" doraHaiUra="43" who="2" fromWho="0" sc="320,-26,243,0,220,36,207,0" /><INIT seed="2,0,0,2,2,66" ten="294,243,256,207" oya="2" hai0="84,135,43,4,16,69,48,65,89,129,94,28,46" hai1="14,123,102,95,25,68,122,112,27,85,53,96,120" hai2="61,106,50,72,127,19,55,78,67,6,2,63,10" hai3="51,98,131,87,113,101,18,116,100,128,111,24,32"/><V60/><F106/><W134/><G116/><T105/><D105/><U17/><E112/><V13/><F127/><W1/><G113/><T103/><D129/><N who="3" m="49737" /><G1/><T133/><D28/><U8/><E68/><V30/><F30/><N who="3" m="19527" /><G111/><T11/><D103/><U54/><E85/><V40/><F40/><W57/><G134/><N who="0" m="51211" /><D16/><U29/><REACH who="1" step="1"/><E25/><REACH who="1" ten="294,233,256,207" step="2"/><V86/><F86/><W107/><G87/><T118/><D118/><U34/><AGARI ba="0,1" hai="8,14,17,27,29,34,53,54,95,96,102,120,122,123" machi="34" ten="30,7900,0" yaku="1,1,2,1,0,1,13,1,53,0" doraHai="66" doraHaiUra="35" who="1" fromWho="1" sc="294,-20,233,89,256,-39,207,-20" /><INIT seed="3,0,0,0,0,76" ten="274,322,217,187" oya="3" hai0="62,65,113,10,18,124,45,73,36,20,3,68,52" hai1="82,0,129,63,50,132,40,71,46,99,83,58,133" hai2="24,111,61,131,80,60,122,95,106,57,23,123,22" hai3="33,78,2,79,66,96,107,81,55,39,101,77,21"/><W6/><G33/><T17/><D73/><U19/><E71/><V112/><F112/><W135/><G135/><N who="1" m="51786" /><E129/><V7/><F106/><W100/><G39/><T5/><D113/><U125/><E125/><V43/><F131/><W102/><G66/><T34/><D34/><U118/><E118/><V69/><F43/><W42/><G42/><T16/><D124/><U56/><E0/><V59/><F80/><N who="1" m="30761" /><E63/><V90/><F61/><W49/><G81/><T28/><D36/><U4/><E4/><V105/><F69/><W41/><G41/><T117/><D117/><U11/><E99/><V35/><F60/><W74/><G74/><T37/><D37/><U31/><E31/><V75/><F7/><W53/><G21/><T98/><D98/><U54/><E40/><V27/><F123/><W97/><G107/><T130/><D28/><U70/><E70/><V103/><F105/><W116/><G116/><T64/><D64/><U67/><E67/><V29/><F122/><W114/><G114/><T127/><D130/><U38/><E38/><V9/><F29/><W26/><G26/><T92/><D127/><U121/><E121/><V126/><F27/><W115/><G115/><T44/><D65/><U15/><AGARI ba="0,0" hai="11,15,19,46,50,54,56,58" m="30761,51786" machi="15" ten="30,7900,0" yaku="20,1,52,3" doraHai="76" who="1" fromWho="1" sc="274,-20,322,79,217,-20,187,-39" owari="254,5.4,401,50.1,197,-20.3,148,-35.2" /></mjloggm>