<mjloggm ver="2.3"><GO type="225" lobby="0"/><UN n0="%E3%81%A8%E3%82%93%E3%81%A8%E3%81%93%E3%81%A8%E3%82%93" n1="%E5%AE%AE%E4%BF%9D%E9%B6%8F%E8%82%89" n2="%E3%82%BC%E3%83%AB%E3%83%80%E3%81%AE%E4%BC%9D%E8%AA%AC" n3="%E6%B4%BE%E9%81%A3%E3%81%AE%E3%82%B8%E3%83%A3%E3%83%83%E3%82%AF" dan="16,16,17,17" rate="2137.05,2142.03,2210.60,2178.07" sx="M,M,M,M"/><TAIKYOKU oya="0"/><INIT seed="0,0,0,2,3,106" ten="250,250,250,250" oya="0" hai0="23,60,56,22,95,102,122,105,68,108,128,59,11" hai1="31,135,69,10,94,78,54,12,71,43,61,38,51" hai2="129,109,8,130,5,86,18,2,133,98,26,113,120" hai3="126,45,91,83,0,1,34,100,76,85,104,90,3"/><T93/><D122/><U36/><E135/><V124/><F120/><W52/><G34/><T64/><D128/><N who="2" m="49258" /><F113/><W111/><G111/><T88/><D108/><U21/><E78/><V84/><F109/><W55/><G126/><T72/><D105/><U75/><E75/><V79/><F124/><W13/><G13/><T89/><D102/><U73/><E73/><V110/><F110/><W123/><G123/><T7/><D72/><U35/><E35/><V6/><F133/><W134/><G134/><T116/><D116/><U16/><E43/><V118/><F118/><W67/><G67/><T114/><D114/><U77/><E77/><V46/><F79/><W62/><G45/><T127/><D127/><U50/><E50/><V87/><F6/><W65/><G100/><T25/><D68/><U131/><E131/><V81/><F98/><W28/><G28/><N who="0" m="17463" /><D23/><U66/><E71/><V125/><F46/><W27/><G27/><T107/><D56/><U44/><E31/><V70/><F70/><W14/><G14/><N who="0" m="5503" /><D107/><U49/><E49/><V20/><F125/><W29/><G29/><T119/><D119/><U63/><E63/><V41/><F41/><W53/><REACH who="3" step="1"/><G104/><REACH who="3" ten="250,250,250,240" step="2"/><T40/><D40/><U132/><E132/><V103/><F103/><W39/><G39/><T101/><D101/><U33/><E33/><V99/><F26/><W17/><G17/><T30/><D30/><U57/><E44/><V24/><F24/><W92/><G92/><AGARI ba="0,1" hai="59,60,64,88,89,92,93,95" m="5503,17463" machi="92" ten="30,2900,0" yaku="8,1,54,1" doraHai="106" who="0" fromWho="3" sc="250,39,250,0,250,0,240,-29" /><INIT seed="0,1,0,1,1,111" ten="289,250,250,211" oya="0" hai0="22,112,113,19,7,95,38,33,126,67,34,124,130" hai1="56,44,8,55,80,17,118,105,70,96,45,35,115" hai2="128,99,46,13,23,64,89,4,20,81,127,101,36" hai3="48,93,85,72,132,42,66,98,40,54,24,110,74"/><T84/><D38/><U16/><E118/><V88/><F127/><N who="0" m="48682" /><D67/><U37/><E70/><V26/><F128/><W122/><G110/><T2/><D95/><U92/><E35/><N who="0" m="13321" /><D84/><U58/><E105/><V104/><F64/><W21/><G132/><T73/><D73/><U25/><E37/><V119/><F119/><W125/><G122/><T76/><D76/><U123/><E123/><V50/><F36/><W69/><G125/><T27/><D130/><U28/><E28/><V102/><F102/><W3/><G3/><T65/><D65/><U133/><E133/><V29/><F81/><W0/><G0/><T82/><D82/><U5/><E115/><V94/><F104/><W10/><G85/><T1/><D1/><U107/><E107/><V61/><F61/><W83/><G83/><T9/><AGARI ba="1,0" hai="2,7,9,19,22,27,112,113" m="13321,48682" machi="9" ten="40,12000,1" yaku="18,1,34,2,52,2" doraHai="111" who="0" fromWho="0" sc="289,123,250,-41,250,-41,211,-41" /><INIT seed="0,2,0,0,1,4" ten="412,209,209,170" oya="0" hai0="49,85,81,38,68,20,74,62,41,24,129,25,2" hai1="21,44,54,46,50,70,10,18,105,127,120,125,35" hai2="87,6,117,57,52,12,104,99,22,110,39,71,124" hai3="65,116,135,3,63,53,113,59,48,100,66,134,73"/><T128/><D74/><U7/><E120/><V42/><F71/><W76/><G100/><T60/><D38/><U0/><E35/><V13/><F110/><W101/><G101/><T55/><D41/><U121/><E121/><V89/><F124/><N who="1" m="47689" /><E105/><V133/><F133/><N who="3" m="50699" /><G76/><T40/><D40/><U30/><E70/><V123/><F123/><W28/><G28/><T126/><D2/><U51/><E30/><V45/><F117/><W119/><G73/><T82/><D126/><U102/><E102/><V88/><F104/><W118/><G3/><T61/><D68/><U106/><E106/><V43/><F43/><W26/><G26/><T72/><D72/><U36/><E36/><V79/><F99/><W84/><G84/><T90/><D81/><U15/><E51/><V58/><F79/><W64/><G113/><T109/><D109/><U37/><E37/><V32/><F32/><W96/><G96/><T69/><D69/><AGARI ba="2,0" hai="48,53,59,63,64,65,66,69,116,118,119" m="50699" machi="69" ten="40,5200,0" yaku="20,1,34,2" doraHai="4" who="3" fromWho="0" sc="412,-58,209,0,209,0,170,58" /><INIT seed="1,0,0,1,5,75" ten="354,209,209,228" oya="1" hai0="94,8,27,97,101,63,117,99,60,118,45,3,109" hai1="13,55,85,125,82,108,103,28,20,102,124,81,17" hai2="51,84,40,92,22,100,15,11,18,128,121,72,71" hai3="16,110,116,88,50,98,21,114,12,122,115,30,104"/><U49/><E108/><V79/><F121/><W5/><G122/><T24/><D109/><U129/><E129/><V74/><F71/><W29/><G110/><T96/><D45/><U95/><E82/><N who="2" m="47199" /><F128/><W66/><G66/><T33/><D3/><U58/><E28/><V46/><F74/><W113/><G116/><T132/><D8/><U123/><E123/><V52/><F72/><W4/><G50/><T69/><D132/><U120/><E120/><V105/><F105/><W56/><G56/><T89/><D33/><U130/><E130/><V53/><F22/><W62/><G62/><T7/><D7/><U107/><E107/><V54/><F92/><W112/><G112/><T119/><D69/><U64/><E64/><V32/><F32/><W90/><G29/><T93/><REACH who="0" step="1"/><D97/><REACH who="0" ten="344,209,209,228" step="2"/><U38/><E38/><V41/><F41/><W111/><G111/><T133/><D133/><U106/><E125/><V67/><F67/><W65/><G65/><T87/><D87/><U6/><E124/><V48/><F100/><N who="3" m="62487" /><G115/><T135/><D135/><U2/><E2/><V9/><F9/><N who="3" m="6159" /><G113/><T25/><AGARI ba="0,1" hai="24,25,27,60,63,89,93,94,96,99,101,117,118,119" machi="25" ten="40,2700,0" yaku="1,1,0,1,53,0" doraHai="75" doraHaiUra="61" who="0" fromWho="0" sc="344,37,209,-13,209,-7,228,-7" /><INIT seed="2,0,0,1,3,23" ten="381,196,202,221" oya="2" hai0="18,58,57,93,32,52,120,66,21,95,79,112,48" hai1="22,61,90,44,27,67,45,62,92,5,123,104,50" hai2="40,39,88,125,97,80,54,14,31,17,26,37,19" hai3="127,29,24,8,133,89,43,7,13,103,81,100,25"/><V0/><F0/><W131/><G127/><T9/><D112/><U117/><E117/><V60/><F125/><W51/><G131/><T41/><D32/><U65/><E104/><V96/><F39/><W99/><G133/><T30/><D120/><U121/><E5/><V46/><F60/><N who="1" m="23145" /><E123/><V126/><F126/><W47/><G29/><T3/><D79/><U101/><E101/><N who="3" m="38986" /><G81/><T1/><D41/><N who="1" m="24847" /><E45/><V87/><F54/><W35/><G35/><T124/><D124/><U4/><E4/><V91/><F91/><W2/><G2/><T10/><D1/><U64/><E121/><V42/><F42/><W102/><N who="3" m="38994" /><W85/><DORA hai="114" /><G85/><T108/><D3/><U98/><E65/><V16/><REACH who="2" step="1"/><F14/><REACH who="2" ten="381,196,192,221" step="2"/><W11/><G11/><T122/><D9/><U107/><E107/><V109/><F109/><W132/><G132/><T49/><D108/><U129/><E129/><V77/><F77/><W55/><G43/><T38/><D10/><U110/><E110/><V15/><F15/><W118/><G118/><T71/><D38/><U70/><E70/><V72/><F72/><W53/><G55/><T128/><D71/><U78/><E78/><V6/><F6/><W74/><G74/><T115/><D128/><U75/><E75/><V83/><F83/><W56/><G47/><T63/><D115/><U134/><E134/><V76/><F76/><W94/><AGARI ba="0,1" hai="7,8,13,24,25,51,53,56,89,94,99" m="38994" machi="94" ten="40,5200,0" yaku="8,1,52,2" doraHai="23,114" who="3" fromWho="3" sc="381,-13,196,-13,192,-26,221,62" /><INIT seed="3,0,0,4,5,115" ten="368,183,166,283" oya="3" hai0="32,100,130,26,131,81,91,37,42,19,128,118,65" hai1="66,55,95,16,4,76,93,83,69,7,34,14,72" hai2="44,47,87,52,126,23,111,61,132,77,108,92,89" hai3="56,129,54,102,73,127,85,33,107,27,39,103,90"/><W30/><G39/><T71/><D118/><U88/><E34/><V70/><F126/><W120/><G120/><T48/><D37/><U84/><E69/><V59/><F132/><W134/><G134/><T17/><D100/><U15/><E66/><V97/><F70/><W50/><G73/><T114/><D114/><U64/><E64/><V35/><F35/><W9/><G127/><T22/><D32/><U113/><E113/><V122/><F122/><W67/><G129/><T1/><D1/><U2/><E2/><V36/><F23/><W68/><G9/><T24/><D42/><U109/><E109/><N who="2" m="42059" /><F36/><W58/><G68/><T31/><D48/><U18/><E55/><V28/><F28/><W106/><G106/><T10/><D10/><U82/><E82/><AGARI ba="0,0" hai="44,47,52,59,61,77,82,87,89,92,97" m="42059" machi="82" ten="30,2000,0" yaku="14,1,54,1" doraHai="115" who="2" fromWho="1" sc="368,0,183,-20,166,20,283,0" owari="368,46.8,163,-33.7,186,-21.4,283,8.3" /></mjloggm>