<mjloggm ver="2.3"><GO type="225" lobby="0"/><UN n0="%E5%A4%9C%E3%81%AE%E3%82%AC%E3%82%B9%E3%83%91%E3%83%BC%E3%83%AB" n1="%E5%B0%8F%E9%B3%A5%E9%81%8A%E7%B7%B4%E7%84%A1%32%31%E6%AD%B3" n2="%E3%80%93%E3%81%97%E3%83%BC%E3%82%89%E3%80%93" n3="%E3%82%B3%E3%83%90%E3%83%AC%E3%82%A4" dan="16,16,16,16" rate="2122.06,2182.30,2181.96,2126.42" sx="M,F,M,M"/><TAIKYOKU oya="0"/><INIT seed="0,0,0,4,3,32" ten="250,250,250,250" oya="0" hai0="72,129,108,23,101,99,34,50,1,0,38,74,104" hai1="14,135,97,89,120,95,69,114,93,83,52,84,73" hai2="66,4,6,117,55,12,132,105,41,122,76,91,45" hai3="65,79,39,119,68,71,51,48,64,111,56,115,42"/><T113/><D113/><U130/><E120/><V16/><F105/><W9/><G79/><T127/><D127/><U47/><E69/><N who="3" m="26698" /><G9/><T82/><D129/><U26/><E135/><V7/><F66/><N who="3" m="25707" /><G115/><T5/><D5/><U33/><E130/><V29/><F117/><W75/><G75/><N who="0" m="28715" /><D50/><N who="3" m="18985" /><G119/><T80/><D23/><U102/><E114/><V17/><F76/><W86/><G86/><T63/><D82/><U109/><E14/><V60/><F29/><W46/><G111/><T96/><D80/><U19/><E109/><V25/><F132/><W49/><G56/><T53/><D108/><U36/><E73/><V24/><F122/><W118/><G118/><T106/><D34/><U3/><E33/><V67/><F91/><W112/><G112/><T124/><D99/><U123/><E97/><V21/><F17/><W103/><G103/><T88/><D106/><U40/><E102/><V116/><F116/><W61/><G61/><T18/><D88/><U81/><E81/><V94/><F94/><W77/><G77/><T15/><D18/><U2/><E95/><V22/><F22/><W31/><G31/><T37/><D15/><U10/><E93/><V126/><F25/><W62/><G62/><T59/><D1/><U8/><E3/><V128/><F12/><W35/><G35/><T13/><D0/><U110/><E2/><V58/><F128/><W28/><G28/><T90/><D13/><U100/><E89/><V125/><REACH who="2" step="1"/><F67/><REACH who="2" ten="250,250,240,250" step="2"/><W43/><G43/><T11/><D90/><U133/><E40/><V54/><F54/><W57/><G57/><T92/><D104/><RYUUKYOKU ba="0,1" sc="250,-15,250,-15,240,15,250,15" hai2="4,6,7,16,21,24,41,45,55,58,60,125,126" hai3="39,42,46,49" /><INIT seed="1,1,1,2,1,19" ten="235,235,255,265" oya="1" hai0="108,80,129,65,68,76,2,121,52,122,75,34,116" hai1="10,46,119,26,118,43,59,123,21,112,92,86,93" hai2="18,70,54,101,25,87,89,100,135,13,102,27,23" hai3="104,56,0,128,40,74,83,126,113,109,38,30,39"/><U60/><E112/><V16/><F70/><W115/><G30/><T133/><D116/><U62/><E123/><N who="0" m="47113" /><D108/><U125/><E125/><V107/><F135/><W132/><G39/><T84/><D129/><U97/><E62/><V134/><F134/><W96/><G40/><T78/><D133/><U51/><E10/><V29/><F107/><W31/><G31/><T120/><N who="0" m="47121" /><T71/><DORA hai="44" /><D2/><U1/><E1/><V73/><F73/><W131/><G0/><T85/><D34/><U69/><E69/><N who="0" m="26697" /><D65/><U105/><E105/><V11/><F54/><W77/><G38/><T35/><D35/><U49/><E86/><V17/><REACH who="2" step="1"/><F27/><REACH who="2" ten="235,235,245,265" step="2"/><W24/><G24/><T37/><D52/><N who="1" m="33895" /><E119/><V20/><F20/><W110/><G132/><T99/><D75/><U95/><E118/><V5/><F5/><W72/><G74/><T98/><D37/><U41/><E41/><V45/><F45/><W88/><G126/><T4/><D4/><U12/><E26/><V124/><F124/><W63/><G104/><T57/><D57/><U94/><E46/><V127/><F127/><W67/><G115/><T55/><D55/><U66/><E43/><V79/><F79/><W28/><G113/><T32/><D32/><U114/><E66/><V103/><N who="2" m="25600" /><DORA hai="48" /><V106/><F106/><W22/><G131/><T9/><D9/><U61/><E114/><V14/><F14/><W130/><G128/><T15/><D15/><U36/><E36/><V58/><F58/><W90/><G130/><T33/><D33/><U47/><E47/><V82/><AGARI ba="1,2" hai="11,13,16,17,18,23,25,29,82,87,89" m="25600" machi="82" ten="40,12000,2" yaku="1,1,0,1,8,1,52,1,54,1,53,1" doraHai="19,44,48" doraHaiUra="81,3,50" who="2" fromWho="2" sc="235,-31,235,-61,245,143,265,-31" /><INIT seed="2,0,0,0,3,71" ten="204,174,388,234" oya="2" hai0="5,103,55,113,126,116,130,10,76,83,118,62,57" hai1="53,81,104,88,41,133,66,17,8,23,40,46,37" hai2="86,67,28,99,1,129,22,93,132,125,48,108,25" hai3="15,101,110,123,7,26,89,120,0,84,13,111,90"/><V112/><F1/><W122/><G101/><T80/><D113/><U74/><E104/><V119/><F112/><W73/><G73/><T14/><D130/><U82/><E133/><V65/><F129/><W2/><G26/><T92/><D126/><U87/><E66/><V56/><F132/><W97/><G97/><N who="0" m="59815" /><D76/><U61/><E8/><V49/><F108/><N who="3" m="41515" /><G90/><T134/><D134/><U21/><E21/><V6/><F6/><W78/><G78/><T68/><D68/><U91/><E41/><V50/><F119/><AGARI ba="0,0" hai="5,10,14,55,57,62,80,83,116,118,119" m="59815" machi="119" ten="30,1000,0" yaku="12,1" doraHai="71" who="0" fromWho="2" sc="204,10,174,0,388,-10,234,0" /><INIT seed="3,0,0,2,3,71" ten="214,174,378,234" oya="3" hai0="45,7,9,95,112,97,62,90,126,103,63,22,17" hai1="92,34,99,32,114,98,52,24,93,30,3,46,19" hai2="29,14,72,113,36,16,91,105,78,111,104,0,96" hai3="88,42,51,28,127,87,74,64,31,65,39,2,70"/><W125/><G74/><T122/><D126/><N who="3" m="48137" /><G2/><T15/><D112/><U85/><E3/><V115/><F0/><W132/><G51/><T80/><D122/><U66/><E66/><N who="3" m="25706" /><G70/><T101/><D45/><U18/><E114/><V37/><F29/><W133/><G42/><T117/><D117/><U35/><E85/><V57/><F72/><W129/><G39/><T100/><REACH who="0" step="1"/><D80/><REACH who="0" ten="204,174,378,234" step="2"/><U128/><E128/><V40/><F113/><W120/><G129/><T49/><D49/><U33/><E46/><V20/><F115/><W75/><G120/><T4/><D4/><U73/><E73/><V8/><F37/><W108/><G75/><T11/><D11/><U59/><E59/><V82/><F36/><W6/><G6/><T86/><D86/><U123/><E123/><V38/><F38/><W79/><G79/><T60/><D60/><U118/><E118/><V124/><F8/><W27/><G108/><T76/><D76/><U110/><E110/><V41/><F78/><W48/><G48/><T21/><D21/><U43/><E43/><V61/><F41/><W50/><G50/><T1/><AGARI ba="0,1" hai="1,7,9,15,17,22,62,63,90,95,97,100,101,103" machi="1" ten="30,2000,0" yaku="1,1,0,1,53,0" doraHai="71" doraHaiUra="116" who="0" fromWho="0" sc="204,30,174,-5,378,-5,234,-10" owari="234,3.4,169,-33.1,373,47.3,224,-17.6" /></mjloggm>