<mjloggm ver="2.3"><GO type="225" lobby="0"/><UN n0="%E3%81%AF%E3%82%88%E3%81%8A%E3%81%98%E3%81%95%E3%82%93" n1="%E3%82%BC%E3%83%AB%E3%83%80%E3%81%AE%E4%BC%9D%E8%AA%AC" n2="%73%6C%69%63%6B%33%31%39" n3="%E7%AD%89%E3%80%85%E5%8A%9B%E5%8A%87%E5%A0%B4" dan="17,16,16,16" rate="2212.80,2167.18,2158.49,2176.58" sx="M,M,M,M"/><TAIKYOKU oya="0"/><INIT seed="0,0,0,2,4,28" ten="250,250,250,250" oya="0" hai0="3,131,75,9,54,76,1,85,69,113,106,26,13" hai1="34,19,0,124,21,132,129,49,100,102,65,17,36" hai2="109,80,77,46,97,53,92,74,62,115,51,91,71" hai3="101,48,2,111,5,87,68,84,14,99,30,67,135"/><T83/><D113/><U72/><E36/><V122/><F115/><W4/><G2/><T41/><D131/><U130/><E72/><V64/><REACH who="2" step="1"/><F109/><REACH who="2" ten="250,250,240,250" step="2"/><W6/><G111/><T25/><D1/><U37/><E0/><V96/><F96/><W119/><G99/><T60/><D3/><U107/><E129/><V58/><F58/><W50/><G68/><T120/><D69/><U24/><E130/><V8/><F8/><W29/><G135/><T114/><D114/><U7/><E132/><V16/><F16/><W134/><G134/><T45/><D9/><U128/><E19/><V10/><F10/><W98/><G98/><T112/><D112/><U78/><E17/><V70/><F70/><W108/><G108/><T56/><D56/><U94/><E128/><V81/><F81/><W31/><G4/><T63/><D83/><U103/><E7/><V105/><F105/><W79/><G5/><T90/><D106/><U133/><E107/><V43/><F43/><W121/><G6/><T35/><D41/><U47/><E133/><V32/><F32/><W88/><G121/><AGARI ba="0,1" hai="46,51,53,62,64,71,74,77,80,91,92,97,121,122" machi="121" ten="40,2600,0" yaku="1,1,53,1" doraHai="28" doraHaiUra="59" who="2" fromWho="3" sc="250,0,250,0,240,36,250,-26" /><INIT seed="1,0,0,3,4,71" ten="250,250,276,224" oya="1" hai0="67,31,20,105,109,47,133,6,101,40,74,98,68" hai1="57,104,84,18,77,60,34,53,7,5,90,87,73" hai2="23,48,45,49,132,64,116,62,28,38,129,51,66" hai3="35,63,55,82,97,19,78,123,95,118,121,21,11"/><U46/><E104/><V110/><F28/><W72/><G35/><T2/><D74/><U41/><E34/><V94/><F116/><W54/><G118/><T120/><D109/><U61/><E61/><V125/><F110/><W96/><G11/><T12/><D133/><U17/><E73/><V117/><F117/><W106/><G106/><T52/><D120/><U58/><E58/><V126/><F23/><W39/><G97/><T65/><D68/><U13/><E77/><V111/><F111/><W25/><G39/><T79/><D79/><U70/><E70/><N who="2" m="42263" /><F94/><W1/><G1/><T44/><D2/><U9/><E17/><V88/><F88/><N who="3" m="55399" /><G55/><T103/><D101/><U86/><REACH who="1" step="1"/><E90/><REACH who="1" ten="250,240,276,224" step="2"/><V128/><F132/><W3/><G123/><T100/><D105/><U27/><E27/><V114/><F114/><W115/><G121/><T113/><D113/><U30/><E30/><V127/><F66/><W32/><G32/><T15/><D67/><U24/><E24/><V16/><F16/><W56/><G115/><T135/><D65/><U75/><E75/><V37/><F45/><W89/><G89/><T22/><D47/><U50/><AGARI ba="0,1" hai="5,7,9,13,18,41,46,50,53,57,60,84,86,87" machi="50" ten="30,6000,0" yaku="1,1,0,1,8,1,53,0" doraHai="71" doraHaiUra="134" who="1" fromWho="1" sc="250,-20,240,70,276,-20,224,-20" /><INIT seed="1,1,0,1,3,9" ten="230,310,256,204" oya="1" hai0="14,6,69,130,108,46,64,19,112,106,135,16,82" hai1="72,103,121,26,116,40,104,71,88,36,132,59,128" hai2="89,67,115,70,120,33,8,93,60,28,52,30,100" hai3="25,1,0,75,21,101,7,76,90,97,3,105,119"/><U81/><E71/><V47/><F120/><W49/><G119/><T62/><D112/><U99/><E116/><V98/><F115/><W54/><G75/><T66/><D106/><U127/><E121/><V68/><F68/><W78/><G90/><T39/><D108/><U2/><E127/><V126/><F126/><W42/><G42/><T5/><D130/><U92/><E2/><V57/><F33/><W95/><G105/><T65/><D135/><U43/><E132/><V31/><F47/><W17/><REACH who="3" step="1"/><G7/><REACH who="3" ten="230,310,256,194" step="2"/><T11/><D5/><U122/><E43/><V77/><F77/><W34/><G34/><T53/><D39/><U87/><E40/><V61/><REACH who="2" step="1"/><F8/><REACH who="2" ten="230,310,246,194" step="2"/><W114/><G114/><T22/><D11/><U23/><E122/><V35/><F35/><W27/><G27/><T73/><D73/><U83/><E72/><V13/><F13/><W133/><G133/><T15/><D14/><U10/><E10/><V109/><F109/><W20/><G20/><T80/><D22/><U131/><E131/><V125/><F125/><W85/><G85/><T37/><D6/><U134/><E134/><V118/><F118/><W63/><G63/><N who="0" m="40095" /><D15/><U44/><E128/><V50/><F50/><W86/><G86/><T51/><D37/><U45/><E36/><V84/><F84/><W56/><AGARI ba="1,2" hai="0,1,3,17,21,25,49,54,56,76,78,95,97,101" machi="56" ten="30,2000,0" yaku="1,1,0,1,53,0" doraHai="9" doraHaiUra="110" who="3" fromWho="3" sc="230,-6,310,-11,246,-6,194,43" /><INIT seed="2,0,0,3,2,94" ten="224,299,240,237" oya="2" hai0="31,98,67,19,3,53,118,48,64,40,36,18,15" hai1="49,129,110,70,47,83,27,113,17,54,22,79,37" hai2="13,9,99,39,52,23,45,106,61,46,132,7,105" hai3="56,124,75,10,100,73,88,128,101,43,76,24,38"/><V134/><F23/><W86/><G128/><T26/><D3/><U125/><E113/><V81/><F81/><W131/><G131/><T120/><D120/><U103/><E129/><V77/><F77/><W28/><G124/><T78/><D36/><U68/><E125/><V5/><F5/><W127/><G127/><T96/><D40/><U62/><E110/><V57/><F105/><W130/><G130/><T8/><D78/><U14/><E37/><V29/><F29/><W114/><G114/><T116/><D19/><U6/><E103/><N who="2" m="62847" /><F39/><W69/><G69/><T1/><D1/><U111/><E111/><V72/><F72/><W71/><G71/><T135/><D135/><AGARI ba="0,0" hai="7,9,13,45,46,52,57,61,132,134,135" m="62847" machi="135" ten="30,5800,0" yaku="20,1,52,1,54,1" doraHai="94" who="2" fromWho="0" sc="224,-58,299,0,240,58,237,0" /><INIT seed="2,1,0,5,2,8" ten="166,299,298,237" oya="2" hai0="87,0,95,105,79,98,78,48,42,59,83,56,7" hai1="6,115,104,72,133,103,82,91,77,64,110,45,106" hai2="84,73,74,55,53,54,70,92,129,1,14,124,24" hai3="47,89,130,119,121,29,90,52,93,69,4,102,80"/><V25/><F1/><W28/><G119/><T123/><D123/><U18/><E115/><V49/><F70/><W60/><G121/><T97/><D0/><U37/><E110/><V12/><F49/><W111/><G111/><T57/><D105/><U46/><E133/><V50/><F50/><W31/><G130/><T17/><D7/><U109/><E109/><V125/><F84/><W108/><G108/><T85/><D17/><U15/><E6/><V30/><F92/><W81/><G102/><T27/><D27/><N who="2" m="10314" /><F30/><W43/><G69/><T76/><D83/><U127/><E127/><N who="2" m="48715" /><F129/><W21/><G29/><T34/><D34/><U67/><E37/><V75/><AGARI ba="1,0" hai="12,14,53,54,55,73,74,75" m="48715,10314" machi="75" ten="40,12000,1" yaku="28,2,18,1,52,2" doraHai="8" who="2" fromWho="2" sc="166,-41,299,-41,298,123,237,-41" /><INIT seed="2,2,0,1,1,95" ten="125,258,421,196" oya="2" hai0="122,10,99,98,118,17,69,27,109,103,66,114,51" hai1="24,2,108,1,5,20,129,67,88,110,55,39,47" hai2="132,21,126,45,128,57,125,42,60,115,50,53,0" hai3="93,113,111,46,81,62,123,59,37,26,25,13,28"/><V71/><F0/><W106/><G106/><T124/><D114/><U70/><E129/><V82/><F115/><W97/><G113/><T40/><D122/><U38/><E67/><N who="2" m="41447" /><F21/><W9/><G111/><N who="1" m="42538" /><E70/><V130/><F82/><W32/><G123/><T78/><D109/><U7/><E55/><V68/><F68/><W92/><G26/><T85/><D124/><N who="2" m="47722" /><F132/><W72/><G81/><N who="0" m="47287" /><D69/><U63/><E2/><V83/><F83/><W43/><G72/><T121/><D121/><U119/><E1/><V3/><F3/><W76/><G76/><T52/><D118/><U91/><E119/><V116/><F116/><W112/><G112/><T44/><D103/><U90/><E63/><AGARI ba="2,0" hai="42,45,50,53,57,63,128,130" m="47722,41447" machi="63" ten="30,5800,0" yaku="18,1,34,2" doraHai="95" who="2" fromWho="1" sc="125,0,258,-64,421,64,196,0" /><INIT seed="2,3,0,4,2,3" ten="125,194,485,196" oya="2" hai0="75,116,2,122,29,22,19,16,66,0,108,23,86" hai1="52,84,57,24,106,11,4,118,110,46,15,132,45" hai2="76,88,72,56,50,99,6,129,112,107,39,44,135" hai3="61,80,8,127,68,41,60,58,133,89,114,102,97"/><V30/><F112/><W37/><G133/><T115/><D75/><U119/><E106/><V51/><F135/><W36/><G127/><T123/><D86/><U54/><E132/><V103/><F129/><W42/><G114/><T90/><D90/><U120/><E110/><V105/><F105/><W109/><G109/><T28/><D66/><U35/><E118/><V85/><F30/><N who="0" m="11882" /><D115/><U59/><E119/><V14/><F39/><W98/><G89/><T10/><D116/><U21/><E35/><V1/><F1/><N who="0" m="618" /><D10/><U92/><E120/><N who="0" m="46121" /><D108/><U38/><E38/><V49/><F56/><N who="1" m="21577" /><E92/><N who="2" m="54287" /><F44/><N who="1" m="17001" /><E84/><V128/><F72/><W7/><G37/><T74/><D74/><U34/><E34/><V126/><F76/><W83/><G36/><T101/><D101/><U55/><E55/><V17/><F51/><W40/><G102/><T71/><D71/><U18/><AGARI ba="3,0" hai="4,11,15,18,21,24,52,54" m="17001,21577" machi="18" ten="30,4000,0" yaku="8,1,52,1,54,1" doraHai="3" who="1" fromWho="1" sc="125,-13,194,49,485,-23,196,-13" /><INIT seed="3,0,0,1,3,64" ten="112,243,462,183" oya="3" hai0="81,27,6,7,67,68,113,89,108,30,132,105,92" hai1="133,55,129,13,77,110,50,17,47,2,96,91,111" hai2="36,15,46,42,131,34,21,24,97,57,60,39,101" hai3="14,18,19,100,59,72,8,125,120,127,3,5,95"/><W119/><G119/><T20/><D105/><U37/><E2/><V63/><F34/><W107/><G120/><T128/><D108/><N who="1" m="41515" /><E133/><V93/><F15/><W85/><G72/><T99/><D132/><U26/><E129/><V52/><F131/><W126/><G107/><T28/><D128/><U104/><E77/><V94/><F60/><W84/><G59/><T33/><D113/><U106/><E26/><V25/><F39/><W41/><G41/><T79/><D30/><U121/><E37/><V44/><F44/><W9/><G19/><T51/><D33/><U54/><E54/><V74/><F74/><W4/><G18/><T134/><D134/><U87/><E96/><AGARI ba="0,0" hai="3,4,5,8,9,14,84,85,95,96,100,125,126,127" machi="96" ten="40,2000,0" yaku="18,1" doraHai="64" who="3" fromWho="1" sc="112,0,243,-20,462,0,183,20" /><INIT seed="3,1,0,0,5,71" ten="112,223,462,203" oya="3" hai0="51,39,106,77,1,17,69,36,90,107,97,48,9" hai1="84,41,64,74,62,15,56,16,120,105,96,43,33" hai2="81,49,46,122,7,80,108,38,78,45,73,134,76" hai3="11,133,130,117,63,112,129,12,22,98,115,100,92"/><W111/><G117/><T124/><D69/><U2/><E74/><V57/><F108/><W10/><G133/><T26/><D124/><U126/><E2/><V4/><F134/><W123/><G123/><T34/><D77/><U94/><E33/><V127/><F127/><W25/><G63/><T95/><D106/><U24/><E120/><V21/><F122/><W47/><G47/><T59/><D107/><U85/><E24/><V19/><F57/><W132/><G132/><T37/><D59/><U131/><E131/><N who="3" m="50186" /><G111/><T110/><D110/><U13/><E13/><V18/><F38/><W128/><G128/><T32/><D32/><U65/><E65/><V58/><F58/><W70/><G70/><T6/><REACH who="0" step="1"/><D17/><REACH who="0" ten="102,223,462,203" step="2"/><U88/><E105/><V30/><F19/><N who="3" m="8599" /><G11/><T83/><D83/><U8/><E126/><V103/><F80/><W44/><G44/><T75/><D75/><U102/><E56/><V3/><F46/><W50/><G50/><T40/><D40/><U91/><E43/><V135/><F49/><W35/><G35/><T93/><D93/><U20/><E41/><V68/><F81/><W52/><G52/><T31/><AGARI ba="1,1" hai="1,6,9,26,31,34,36,37,39,48,51,90,95,97" machi="31" ten="40,12000,2" yaku="1,1,0,1,52,3,53,1" doraHai="71" doraHaiUra="27" who="0" fromWho="0" sc="102,133,223,-31,462,-31,203,-61" owari="235,3.5,192,-20.8,431,53.1,142,-35.8" /></mjloggm>