<mjloggm ver="2.3"><GO type="225" lobby="0"/><UN n0="%47%32%E9%BE%8D%E9%96%80" n1="%E3%81%8F%E3%82%8A%E3%83%94%E3%83%BC" n2="%E3%81%95%E3%81%8D%E3%81%9F%E3%81%BE%E6%9E%97%E6%AA%8E" n3="%6D%75%75%6D%75%72%61" dan="16,16,16,17" rate="2116.46,2094.59,2153.86,2216.68" sx="M,M,M,F"/><TAIKYOKU oya="0"/><INIT seed="0,0,0,3,5,96" ten="250,250,250,250" oya="0" hai0="36,1,18,100,99,83,39,48,79,114,19,45,46" hai1="32,131,49,127,55,90,47,27,58,101,121,60,109" hai2="29,6,118,52,34,2,76,112,63,135,7,77,108" hai3="128,95,134,12,105,40,59,43,26,9,33,89,82"/><T86/><D114/><U56/><E109/><V119/><F108/><W66/><G128/><T70/><D70/><U5/><E127/><V94/><F112/><W50/><G134/><T124/><D1/><U54/><E131/><V15/><F2/><W0/><G105/><T25/><D124/><U69/><E121/><V116/><F135/><W74/><G0/><T21/><D18/><U103/><E69/><V14/><F94/><W106/><G106/><T129/><D129/><U65/><E5/><N who="2" m="1547" /><F29/><W37/><G37/><T51/><D48/><N who="1" m="30791" /><E32/><V107/><F107/><W11/><G33/><T24/><D24/><U71/><E71/><V75/><F34/><W30/><G30/><T13/><D25/><U125/><E125/><V72/><F63/><W53/><G26/><T44/><REACH who="0" step="1"/><D51/><REACH who="0" ten="240,250,250,250" step="2"/><U87/><E27/><V23/><F23/><W78/><G50/><T130/><D130/><U122/><E122/><V3/><F3/><W22/><G9/><T16/><D16/><U88/><E90/><V126/><F126/><W133/><G89/><T98/><D98/><U31/><E31/><V20/><F20/><W120/><G22/><T85/><D85/><U73/><E73/><N who="2" m="28235" /><F15/><W91/><G12/><T80/><D80/><AGARI ba="0,1" hai="47,49,55,58,60,65,80,87,88,101,103" m="30791" machi="80" ten="30,7700,0" yaku="8,1,52,2,54,1" doraHai="96" who="1" fromWho="0" sc="240,-77,250,87,250,0,250,0" /><INIT seed="1,0,0,0,2,33" ten="163,337,250,250" oya="1" hai0="113,1,120,133,85,89,45,58,87,117,0,132,30" hai1="9,41,123,16,23,94,13,126,27,134,7,20,101" hai2="70,14,128,106,92,48,38,54,118,130,60,15,135" hai3="63,44,74,67,72,55,98,57,26,56,37,131,46"/><U91/><E123/><V34/><F118/><W35/><G131/><N who="2" m="50217" /><F135/><N who="0" m="51786" /><D117/><U19/><E126/><V52/><F106/><W28/><G98/><T127/><D113/><U18/><E134/><V119/><F119/><W108/><G108/><T4/><D127/><U90/><E41/><V84/><F38/><W65/><G37/><T86/><D120/><U62/><E62/><V25/><F34/><W68/><G68/><T49/><D30/><N who="1" m="17767" /><E23/><V112/><F112/><W66/><REACH who="3" step="1"/><G57/><REACH who="3" ten="163,337,250,240" step="2"/><T47/><D89/><U43/><E43/><V76/><F70/><W31/><G31/><T107/><D107/><U21/><E21/><V104/><F104/><W22/><G22/><T8/><D58/><U11/><E11/><V129/><F129/><W29/><G29/><T50/><D0/><U17/><E17/><V61/><F76/><W105/><G105/><T95/><D95/><U71/><E71/><V42/><F92/><W111/><G111/><T110/><D110/><U83/><E83/><V12/><F61/><W40/><G40/><T69/><D69/><U121/><E121/><V3/><F60/><W93/><G93/><T115/><D115/><U81/><E81/><V114/><F3/><W79/><G79/><T103/><D103/><U2/><E2/><V124/><F114/><W100/><G100/><T88/><D88/><N who="1" m="33835" /><E94/><V82/><F124/><W53/><G53/><T96/><D96/><U99/><E99/><V24/><F42/><W5/><G5/><T51/><AGARI ba="0,1" hai="1,4,8,45,47,49,50,51,85,86,87" m="51786" machi="51" ten="40,2700,0" yaku="20,1,52,1" doraHai="33" who="0" fromWho="0" sc="163,37,337,-13,250,-7,240,-7" /><INIT seed="2,0,0,5,5,86" ten="200,324,243,233" oya="2" hai0="65,116,20,126,28,21,30,71,87,31,35,94,68" hai1="130,15,2,3,13,1,113,53,4,117,107,93,34" hai2="54,114,118,76,109,96,102,85,16,82,77,135,74" hai3="111,38,6,129,39,103,36,131,75,29,64,63,0"/><V5/><F114/><W47/><G111/><T11/><D35/><U14/><E107/><V119/><F5/><W60/><G75/><T7/><D126/><U52/><E113/><V19/><F135/><W73/><G73/><T33/><D33/><U49/><E117/><V40/><F40/><W134/><G134/><T37/><D37/><U98/><E34/><V50/><F109/><W125/><G125/><T22/><D116/><U66/><E66/><V67/><F67/><W101/><G29/><T79/><D65/><U90/><E130/><N who="3" m="49674" /><G47/><T128/><D128/><U8/><REACH who="1" step="1"/><E52/><REACH who="1" ten="200,314,243,233" step="2"/><V27/><F119/><W91/><G64/><T124/><D124/><U115/><E115/><V26/><F118/><W106/><G106/><T132/><D132/><U51/><E51/><V9/><F54/><W92/><G63/><T70/><D79/><U55/><E55/><V83/><F50/><W78/><G60/><T43/><D43/><U24/><E24/><V112/><F112/><W42/><G78/><T97/><D87/><U100/><E100/><V80/><F27/><W133/><G42/><T110/><D110/><U45/><AGARI ba="0,1" hai="1,2,3,4,8,13,14,15,45,49,53,90,93,98" machi="45" ten="30,4000,0" yaku="1,1,0,1,52,1,53,0" doraHai="86" doraHaiUra="104" who="1" fromWho="1" sc="200,-10,314,50,243,-20,233,-10" /><INIT seed="3,0,0,4,2,79" ten="190,364,223,223" oya="3" hai0="65,108,37,89,87,73,123,105,75,119,25,68,8" hai1="103,21,131,117,128,5,56,43,100,88,1,70,126" hai2="83,99,120,77,118,24,135,59,23,51,54,41,104" hai3="76,133,62,98,86,72,61,57,114,110,66,4,74"/><W28/><G114/><T18/><D119/><U27/><E70/><V102/><F118/><W130/><G133/><T13/><D123/><U80/><E43/><V58/><F135/><W92/><G130/><T121/><D121/><U44/><E44/><V36/><F120/><W127/><G127/><T81/><D108/><U101/><E56/><V26/><F36/><W7/><G110/><T93/><D105/><U113/><E126/><V6/><F6/><W53/><G28/><T38/><D25/><U78/><E88/><V48/><F41/><W0/><G86/><T29/><D29/><U49/><E49/><V11/><F11/><W85/><G85/><T90/><D65/><U9/><E117/><V15/><F15/><W42/><G42/><T95/><D68/><U109/><E113/><V134/><F134/><W16/><G0/><T14/><D14/><U84/><E109/><V31/><F26/><W50/><G62/><T35/><D35/><U91/><E91/><V106/><F106/><W52/><G53/><T47/><D47/><U94/><E94/><V2/><F2/><W125/><G125/><T19/><D19/><U111/><E111/><V97/><F97/><W39/><G16/><T71/><D71/><U3/><E1/><V17/><F17/><W124/><G124/><T22/><D8/><U82/><E82/><V132/><F132/><W64/><G64/><T69/><D69/><U96/><E96/><V112/><F112/><W40/><G4/><T12/><D12/><U63/><E63/><N who="2" m="36311" /><F59/><W129/><G66/><T20/><D38/><U60/><E60/><RYUUKYOKU ba="0,0" sc="190,-15,364,15,223,15,223,-15" hai1="3,5,9,21,27,78,80,84,100,101,103,128,131" hai2="23,24,31,48,51,77,83,99,102,104" owari="175,-32.5,379,47.9,238,3.8,208,-19.2" /></mjloggm>