<mjloggm ver="2.3"><GO type="225" lobby="0"/><UN n0="%E6%A0%B9%E5%85%83%E3%81%8B%E3%82%89%E5%90%B9%E3%81%A3%E9%A3%9B%E3%81%B6" n1="%72%69%6F%75%63%68%61%6E" n2="%E5%84%AA%40%41%42%43" n3="%E8%90%BD%E6%97%A5" dan="16,17,17,19" rate="2147.88,2216.12,2196.70,2263.28" sx="F,M,M,F"/><TAIKYOKU oya="0"/><INIT seed="0,0,0,4,0,77" ten="250,250,250,250" oya="0" hai0="123,60,103,130,45,61,67,128,86,135,37,84,52" hai1="27,59,15,32,111,116,41,79,104,48,2,49,19" hai2="43,71,87,101,97,51,28,72,66,20,17,54,94" hai3="108,36,134,82,112,129,91,131,105,96,44,76,18"/><T7/><D123/><U98/><E111/><V115/><F72/><W24/><G112/><T114/><D114/><U80/><E116/><V13/><F115/><W0/><G0/><T39/><D7/><U119/><E119/><V118/><F118/><W74/><G108/><T107/><D135/><U33/><E2/><V10/><F71/><W21/><G134/><T132/><D132/><U127/><E127/><V42/><F66/><W26/><G26/><T120/><D120/><U35/><E27/><N who="2" m="16487" /><F87/><N who="0" m="33322" /><D103/><U85/><E41/><V40/><F54/><W73/><G73/><T109/><D107/><U31/><E31/><V47/><AGARI ba="0,0" hai="10,13,17,40,42,43,47,51,94,97,101" m="16487" machi="47" ten="30,1100,0" yaku="8,1" doraHai="77" who="2" fromWho="2" sc="250,-5,250,-3,250,11,250,-3" /><INIT seed="1,0,0,1,0,43" ten="245,247,261,247" oya="1" hai0="135,71,2,124,17,67,7,39,15,85,48,6,40" hai1="58,65,24,118,51,97,44,83,120,133,114,35,0" hai2="76,70,75,36,121,10,81,98,94,8,49,96,62" hai3="132,22,125,106,126,63,61,66,55,115,28,29,107"/><U123/><E114/><V113/><F121/><W82/><G115/><T131/><D39/><U18/><E133/><V1/><F113/><W78/><G132/><T9/><D135/><U12/><E118/><V99/><F36/><W111/><G111/><T47/><D124/><N who="3" m="47721" /><G55/><T21/><D131/><U134/><E134/><V112/><F112/><W31/><G22/><T42/><D6/><U122/><E0/><V52/><F1/><W104/><G66/><T88/><D67/><U41/><E97/><V57/><F70/><W60/><G82/><T73/><D73/><U103/><E103/><V105/><F105/><W69/><G69/><T130/><D130/><U74/><E35/><V119/><F119/><W26/><G26/><T14/><D71/><U93/><E93/><V90/><REACH who="2" step="1"/><F62/><REACH who="2" ten="245,247,251,247" step="2"/><W72/><G72/><T5/><D2/><U102/><E74/><V80/><F80/><W127/><G127/><T13/><D7/><U64/><E83/><V100/><F100/><W68/><G68/><T86/><D5/><U89/><E102/><V30/><F30/><W92/><G92/><T109/><D109/><U87/><E123/><V46/><F46/><W54/><G54/><T33/><D42/><U91/><E122/><V23/><F23/><W4/><G4/><T34/><D9/><AGARI ba="0,1" hai="8,9,10,49,52,57,75,76,81,90,94,96,98,99" machi="9" ten="40,2600,0" yaku="1,1,54,1,53,0" doraHai="43" doraHaiUra="32" who="2" fromWho="0" sc="245,-26,247,0,251,36,247,0" /><INIT seed="2,0,0,1,4,48" ten="219,247,287,247" oya="2" hai0="130,82,76,47,27,2,31,118,99,70,51,123,18" hai1="53,113,84,66,101,106,120,121,61,64,124,13,45" hai2="33,41,8,125,9,19,54,26,22,46,115,131,135" hai3="116,119,32,49,90,55,77,112,52,122,16,25,37"/><V133/><F115/><W43/><G122/><N who="1" m="47210" /><E124/><V95/><F125/><W94/><G112/><T29/><D123/><U126/><E126/><V110/><F131/><W69/><G69/><T38/><D130/><U21/><E113/><V7/><F33/><W58/><G77/><T88/><D2/><U23/><E84/><V86/><F110/><W10/><G32/><T85/><D38/><U128/><E128/><V30/><F30/><W57/><G37/><T0/><D0/><U24/><E13/><V102/><F41/><W20/><G10/><T134/><D134/><N who="2" m="51210" /><F7/><W74/><G74/><T96/><D70/><N who="1" m="42255" /><E66/><V117/><F117/><W68/><G68/><T17/><D118/><U28/><E101/><V67/><F67/><W36/><G36/><T111/><D111/><U42/><E106/><V11/><F86/><W5/><G5/><T89/><D27/><U59/><E42/><V35/><F35/><W75/><G75/><T1/><D1/><U103/><E103/><V65/><F65/><W12/><G43/><N who="0" m="25087" /><D89/><U81/><E24/><V114/><F114/><W63/><G25/><T108/><D108/><U107/><E107/><V4/><F4/><W56/><G56/><T129/><D129/><U72/><E59/><V6/><F6/><W83/><G83/><T71/><D71/><U100/><E81/><V93/><F102/><W14/><G12/><T78/><D78/><U98/><E72/><V109/><F109/><W92/><G92/><T80/><D80/><U104/><E28/><N who="0" m="10825" /><D76/><U34/><E34/><V79/><F79/><W44/><G58/><T105/><D105/><RYUUKYOKU ba="0,0" sc="219,0,247,0,287,0,247,0" hai0="17,18,82,85,88,96,99" hai1="21,23,45,53,98,100,104" hai2="8,9,11,19,22,26,46,54,93,95" hai3="14,16,20,44,49,52,55,57,63,90,94,116,119" /><INIT seed="2,1,0,1,3,90" ten="219,247,287,247" oya="2" hai0="125,52,2,106,22,15,111,51,53,17,0,46,108" hai1="100,36,32,89,95,98,21,68,61,91,44,19,94" hai2="77,85,47,74,81,64,116,7,105,132,86,96,26" hai3="122,3,67,1,14,42,79,128,35,70,123,56,65"/><V55/><F116/><W84/><G35/><T118/><D118/><U23/><E32/><V130/><F64/><W83/><G128/><T107/><D125/><U92/><E36/><V133/><F7/><W69/><G42/><T27/><D107/><U12/><E44/><V101/><F26/><W34/><G34/><T48/><D106/><U73/><E73/><V37/><F55/><W129/><G129/><T72/><D72/><U40/><E40/><N who="2" m="22927" /><F130/><W8/><G56/><N who="0" m="32775" /><D15/><U24/><E68/><V124/><F124/><W54/><G54/><T9/><D9/><N who="1" m="6543" /><E61/><V62/><F62/><W78/><G14/><T66/><D66/><U16/><E21/><V60/><F60/><W82/><G8/><T113/><D113/><U71/><E71/><V80/><F81/><W103/><REACH who="3" step="1"/><G84/><REACH who="3" ten="219,247,287,237" step="2"/><T43/><D43/><U121/><E121/><V30/><F86/><W76/><G76/><T104/><D104/><U28/><E28/><V29/><F74/><W115/><G115/><T13/><D13/><U97/><E92/><V102/><F29/><W39/><G39/><T31/><D31/><U59/><E59/><V45/><F30/><W11/><G11/><T57/><D57/><U50/><E50/><V120/><F45/><W112/><G112/><T110/><AGARI ba="1,1" hai="0,2,17,22,27,46,51,53,108,110,111" m="32775" machi="110" ten="30,2000,0" yaku="14,1,54,1" doraHai="90" who="0" fromWho="0" sc="219,33,247,-6,287,-11,237,-6" /><INIT seed="3,0,0,3,1,22" ten="252,241,276,231" oya="3" hai0="104,11,94,8,95,32,126,77,57,70,127,102,103" hai1="27,14,84,116,41,130,75,72,13,35,105,81,53" hai2="106,42,65,21,87,112,115,63,123,28,118,1,3" hai3="60,7,0,26,39,51,18,124,15,59,62,90,64"/><W5/><G39/><T86/><D70/><U135/><E105/><V131/><F118/><W134/><G124/><T128/><D128/><U83/><E130/><V56/><F131/><W119/><G119/><T43/><D32/><U88/><E116/><V73/><F73/><W76/><G134/><T98/><D43/><U4/><E135/><V79/><F106/><W55/><G76/><T121/><D121/><U122/><E122/><V10/><F123/><W111/><G0/><T85/><D57/><U25/><E41/><V20/><F20/><N who="3" m="13591" /><G111/><T23/><D23/><U101/><E101/><V125/><F42/><W45/><G62/><T91/><D8/><N who="1" m="4231" /><E35/><V120/><F125/><N who="0" m="47626" /><D11/><U107/><E107/><V89/><F120/><W117/><G117/><T44/><D44/><U38/><E38/><V29/><F29/><W33/><G33/><T37/><D37/><U2/><E2/><V61/><F10/><N who="3" m="4559" /><G90/><N who="0" m="53583" /><D103/><U58/><E14/><V50/><F3/><W49/><G49/><T109/><D109/><U54/><E75/><V9/><F50/><W30/><G30/><T24/><D24/><N who="1" m="9291" /><E72/><V93/><F1/><W82/><G7/><T17/><D17/><U132/><E132/><V31/><F31/><W36/><G36/><T92/><D77/><N who="1" m="46127" /><E58/><N who="2" m="37047" /><F9/><W96/><G82/><AGARI ba="0,0" hai="82,86,91,92,95,98,102,104" m="53583,47626" machi="82" ten="30,3900,0" yaku="18,1,34,2" doraHai="22" who="0" fromWho="3" sc="252,39,241,0,276,0,231,-39" /><INIT seed="4,0,0,5,1,87" ten="291,241,276,192" oya="0" hai0="106,59,78,116,89,77,134,47,108,67,128,135,124" hai1="104,133,114,132,1,75,21,66,68,118,52,120,18" hai2="71,129,7,5,24,88,92,84,97,125,4,26,121" hai3="117,32,85,57,12,41,35,33,98,131,58,69,122"/><T55/><D116/><U29/><E118/><V45/><F121/><W14/><G117/><T23/><D124/><U2/><E120/><V82/><F71/><W34/><N who="3" m="8192" /><DORA hai="73" /><W86/><G122/><T42/><D128/><U49/><E104/><V81/><F129/><W110/><G131/><T113/><D113/><U109/><E109/><V15/><F125/><W36/><G69/><T8/><D67/><U6/><E29/><V30/><F81/><W119/><G119/><T13/><D106/><U31/><E31/><V62/><F30/><W126/><G126/><T63/><D23/><U83/><E114/><V103/><F62/><W61/><G110/><T72/><D89/><U111/><E111/><V20/><F45/><W19/><G98/><T38/><D72/><U10/><E1/><V0/><F0/><W28/><G28/><T91/><D91/><U46/><E75/><V17/><AGARI ba="0,0" hai="4,5,7,15,17,20,24,26,82,84,88,92,97,103" machi="17" ten="30,7900,0" yaku="0,1,8,1,52,1,54,1" doraHai="87,73" who="2" fromWho="2" sc="291,-39,241,-20,276,79,192,-20" owari="252,5.2,221,-17.9,355,45.5,172,-32.8" /></mjloggm>