<mjloggm ver="2.3"><GO type="225" lobby="0"/><UN n0="%E6%98%93%E5%88%A9%E8%96%A9%E4%BC%AF" n1="%E3%82%BC%E3%83%AB%E3%83%80%E3%81%AE%E4%BC%9D%E8%AA%AC" n2="%E3%83%A9%E3%83%96%E3%83%AC%E3%83%BC" n3="%E8%B6%85%E7%B4%9A%E9%B3%B3%E5%87%B0" dan="16,17,18,16" rate="2064.96,2147.23,2166.26,2178.41" sx="F,M,M,M"/><TAIKYOKU oya="0"/><INIT seed="0,0,0,1,2,117" ten="250,250,250,250" oya="0" hai0="28,63,31,55,58,111,124,12,8,6,65,102,30" hai1="54,37,97,53,100,79,34,80,13,2,20,51,114" hai2="49,47,83,87,98,40,118,84,32,52,14,122,42" hai3="24,50,74,121,106,81,9,62,15,123,11,130,1"/><T56/><D124/><U119/><E119/><V19/><F32/><W41/><G106/><T25/><D111/><U116/><E116/><V71/><F71/><W133/><G130/><T134/><D134/><U135/><E34/><V105/><F118/><W21/><G133/><T39/><D39/><U70/><E2/><V92/><F105/><W91/><G1/><T89/><D102/><U125/><E135/><V67/><F67/><W22/><G22/><T38/><D38/><U132/><E37/><V93/><F122/><N who="3" m="46603" /><G62/><T48/><REACH who="0" step="1"/><D89/><REACH who="0" ten="240,250,250,250" step="2"/><U109/><E100/><V94/><F98/><W108/><G108/><T29/><D29/><U61/><E97/><V17/><F87/><N who="3" m="50671" /><G74/><T103/><D103/><U86/><E109/><V4/><F42/><W88/><G88/><T66/><D66/><U77/><E132/><V5/><F40/><W27/><G41/><T115/><D115/><U75/><E114/><V57/><F84/><W72/><G72/><T7/><D7/><U35/><E86/><V85/><F5/><N who="3" m="3503" /><G50/><T110/><D110/><U60/><E51/><V16/><F49/><W99/><G99/><T90/><D90/><U96/><E96/><V10/><F85/><W131/><G131/><T73/><D73/><U43/><E75/><V78/><F83/><W23/><G11/><T26/><AGARI ba="0,1" hai="6,8,12,25,26,28,30,31,48,55,56,58,63,65" machi="26" ten="30,6000,0" yaku="1,1,0,1,8,1,53,0" doraHai="117" doraHaiUra="18" who="0" fromWho="0" sc="240,70,250,-20,250,-20,250,-20" /><INIT seed="0,1,0,1,0,19" ten="310,230,230,230" oya="0" hai0="46,17,14,120,0,82,20,91,132,73,22,30,26" hai1="37,94,72,98,49,125,110,55,21,38,28,78,113" hai2="32,24,47,80,61,16,60,99,64,45,89,74,75" hai3="42,4,92,29,3,43,96,115,81,111,56,23,52"/><T131/><D120/><U41/><E110/><V123/><F123/><W69/><G115/><T71/><D132/><U104/><E104/><V90/><F32/><W127/><G69/><T59/><D71/><U57/><E113/><V133/><F133/><W107/><G111/><T102/><D0/><U93/><E125/><V62/><F64/><W53/><G127/><T97/><D131/><U117/><E117/><V40/><F75/><W50/><G107/><T77/><D46/><U129/><E41/><V1/><F1/><W48/><G4/><T109/><D109/><U118/><E118/><V121/><F74/><W44/><G3/><T135/><D135/><U12/><E93/><N who="2" m="56751" /><F40/><N who="3" m="15403" /><G81/><T124/><D124/><U106/><E106/><V68/><F68/><W76/><G76/><T25/><D59/><U34/><E34/><V2/><F2/><W70/><G70/><T128/><D128/><U103/><E129/><V13/><F24/><N who="3" m="16543" /><G96/><T95/><REACH who="0" step="1"/><D25/><REACH who="0" ten="300,230,230,230" step="2"/><U114/><E114/><V9/><F121/><W18/><G56/><T79/><D79/><U116/><E116/><V105/><F105/><W67/><G44/><T11/><D11/><U126/><E126/><V58/><F58/><W101/><G50/><T87/><D87/><AGARI ba="1,1" hai="9,13,16,45,47,60,61,62,80,87,90" m="56751" machi="87" ten="30,2000,0" yaku="8,1,54,1" doraHai="19" who="2" fromWho="0" sc="300,-23,230,0,230,33,230,0" /><INIT seed="1,0,0,5,0,24" ten="277,230,263,230" oya="1" hai0="125,4,127,60,108,77,39,81,74,114,26,12,97" hai1="63,76,92,16,65,55,105,44,128,72,37,48,85" hai2="25,78,129,57,31,22,135,87,116,40,59,130,23" hai3="45,14,62,75,9,115,41,32,131,86,34,80,1"/><U122/><E122/><V7/><F116/><W29/><G115/><T3/><D114/><U101/><E128/><N who="2" m="49259" /><F40/><W83/><G131/><T93/><D108/><U67/><E37/><V43/><F43/><W99/><G1/><T95/><D12/><U104/><E72/><V50/><F7/><W19/><G99/><T20/><D39/><U123/><E123/><V51/><F135/><W42/><G42/><T35/><D35/><U106/><E63/><V100/><F100/><W6/><G19/><T0/><D60/><U109/><E109/><V121/><F23/><W5/><G5/><T27/><D27/><U120/><E120/><V113/><F113/><W111/><G111/><T107/><D95/><U96/><REACH who="1" step="1"/><E16/><REACH who="1" ten="277,220,263,230" step="2"/><V117/><F121/><W58/><G75/><T17/><D4/><U133/><E133/><V47/><F117/><W56/><G62/><T18/><D18/><U21/><E21/><V110/><F110/><W102/><G32/><T28/><D17/><U38/><E38/><V126/><F22/><W10/><G34/><T46/><D20/><U68/><E68/><V61/><F61/><W90/><G6/><T82/><D74/><U33/><E33/><V13/><F13/><W30/><G14/><T8/><D0/><U119/><E119/><V36/><F36/><W53/><G53/><T89/><D3/><U112/><E112/><V88/><F51/><W103/><G41/><T2/><D2/><U79/><E79/><V15/><F15/><W71/><G71/><T118/><D77/><U94/><E94/><V64/><F50/><W70/><G70/><RYUUKYOKU ba="0,1" sc="277,-10,220,30,263,-10,230,-10" hai1="44,48,55,65,67,76,85,92,96,101,104,105,106" /><INIT seed="1,1,1,4,5,109" ten="267,250,253,220" oya="1" hai0="73,8,100,61,52,48,66,129,49,23,34,106,111" hai1="1,10,28,9,80,79,124,131,46,60,82,32,130" hai2="125,71,75,12,123,2,63,13,43,30,112,33,89" hai3="59,6,110,84,90,93,99,134,76,104,68,44,113"/><U127/><E60/><V126/><F75/><W132/><G68/><T98/><D34/><U42/><E28/><V83/><F2/><W114/><G110/><T51/><D111/><U4/><E32/><V39/><F123/><W35/><G35/><T69/><D73/><N who="1" m="43119" /><E10/><V17/><F89/><W133/><G6/><T36/><D36/><N who="1" m="21831" /><E82/><V87/><F63/><W53/><G44/><T41/><D41/><U119/><E119/><V14/><F71/><W20/><G20/><T62/><D129/><AGARI ba="1,1" hai="1,4,9,124,127,129,130,131" m="21831,43119" machi="129" ten="30,5800,0" yaku="25,1,19,1,23,1" doraHai="109" who="1" fromWho="0" sc="267,-61,250,71,253,0,220,0" /><INIT seed="1,2,0,5,5,15" ten="206,321,253,220" oya="1" hai0="13,11,53,27,103,97,96,16,23,76,39,55,21" hai1="29,130,69,121,79,68,95,17,2,124,54,88,65" hai2="40,78,50,77,118,129,122,62,19,60,26,131,113" hai3="123,3,44,81,104,105,126,87,25,22,48,38,128"/><U90/><E121/><V43/><F122/><W125/><G123/><T41/><D76/><U71/><E2/><V132/><F113/><W20/><G3/><T117/><D117/><U86/><E29/><V93/><F93/><W36/><G128/><N who="2" m="49225" /><F132/><W107/><G38/><T45/><D23/><U135/><E130/><V34/><F62/><W133/><G36/><T114/><D114/><U91/><E135/><V18/><F60/><W98/><G98/><T109/><D109/><U31/><E31/><N who="2" m="19831" /><F118/><W73/><G73/><T82/><D82/><U9/><E124/><N who="3" m="47722" /><G25/><T14/><D14/><U134/><E134/><V6/><F6/><W10/><G10/><T120/><D120/><U24/><E9/><V35/><F35/><W89/><G133/><T7/><REACH who="0" step="1"/><D96/><REACH who="0" ten="196,321,253,220" step="2"/><U116/><E116/><V72/><F78/><W75/><G75/><T110/><D110/><U74/><E79/><V111/><F111/><W52/><AGARI ba="2,1" hai="20,22,44,48,52,81,87,89,104,105,107" m="47722" machi="52" ten="40,2700,0" yaku="18,1,54,1" doraHai="15" who="3" fromWho="3" sc="196,-9,321,-15,253,-9,220,43" /><INIT seed="2,0,0,0,0,15" ten="187,306,244,263" oya="2" hai0="84,13,128,54,122,86,80,52,100,67,47,75,48" hai1="79,99,31,27,66,57,87,126,118,135,28,104,11" hai2="32,64,129,61,4,43,62,106,109,131,97,9,70" hai3="63,112,38,20,26,120,73,12,46,55,111,102,50"/><V78/><F78/><W116/><G116/><T94/><D128/><N who="2" m="49226" /><F43/><W1/><G1/><T59/><D122/><U33/><E118/><V6/><F32/><W91/><G120/><T49/><D75/><U95/><E126/><V110/><F62/><W123/><G123/><T101/><D67/><U134/><E31/><V29/><F29/><W93/><G73/><T10/><D94/><U133/><E11/><V42/><F42/><W115/><G102/><T96/><D96/><U36/><E36/><V130/><N who="2" m="49234" /><V88/><DORA hai="117" /><F88/><W60/><G12/><T81/><D84/><U56/><E66/><V108/><F9/><W5/><G38/><T121/><D121/><U72/><E72/><V14/><F14/><W30/><G5/><T45/><D59/><U132/><E132/><V58/><F70/><W103/><G103/><AGARI ba="0,0" hai="4,6,58,61,64,97,103,106,108,109,110" m="49234" machi="103" ten="50,9600,0" yaku="14,1,10,1,19,1" doraHai="15,117" who="2" fromWho="3" sc="187,0,306,0,244,96,263,-96" /><INIT seed="2,1,0,2,5,67" ten="187,306,340,167" oya="2" hai0="8,60,48,17,49,90,10,95,15,96,115,116,64" hai1="125,84,123,35,11,57,2,12,117,16,13,85,59" hai2="9,112,103,92,128,80,65,101,27,89,129,22,23" hai3="46,113,122,78,124,39,126,119,73,42,72,0,29"/><V7/><F112/><W61/><G119/><T19/><D115/><U63/><E117/><V99/><F65/><W58/><G113/><T32/><D32/><U52/><E125/><N who="3" m="48234" /><G0/><T45/><D116/><U74/><E74/><N who="3" m="28778" /><G78/><T6/><D45/><U70/><E70/><V87/><F103/><W111/><G29/><T18/><REACH who="0" step="1"/><D10/><REACH who="0" ten="177,306,340,167" step="2"/><U55/><E35/><V132/><F9/><W135/><G111/><T25/><D25/><U33/><E33/><V94/><F27/><W106/><G122/><T4/><D4/><U53/><E123/><V133/><F7/><W40/><G40/><T121/><D121/><U88/><E2/><V75/><F23/><W71/><G135/><T91/><D91/><U134/><E134/><N who="2" m="51819" /><F22/><W81/><G106/><T86/><D86/><U102/><E85/><N who="2" m="52271" /><F75/><W24/><G24/><T5/><D5/><U109/><E109/><V37/><F37/><W43/><G42/><T41/><D41/><U20/><E102/><V83/><F83/><W104/><G81/><T98/><D98/><U44/><E20/><V105/><F105/><W66/><G104/><T56/><AGARI ba="1,1" hai="6,8,15,17,18,19,48,49,56,60,64,90,95,96" machi="56" ten="30,4000,0" yaku="1,1,0,1,8,1,53,0" doraHai="67" doraHaiUra="21" who="0" fromWho="0" sc="177,53,306,-11,340,-21,167,-11" /><INIT seed="3,0,0,4,0,50" ten="230,295,319,156" oya="3" hai0="120,23,103,36,109,35,81,100,64,126,7,102,134" hai1="71,82,4,16,6,60,96,133,92,118,86,58,44" hai2="112,89,14,69,45,42,119,53,51,2,20,62,55" hai3="116,88,32,87,52,59,63,22,8,17,131,18,1"/><W117/><G32/><T70/><D35/><U5/><E71/><V76/><F2/><W127/><G131/><T105/><D120/><U132/><E118/><V39/><F76/><W48/><G127/><T95/><D105/><U43/><E86/><V129/><F129/><W33/><G33/><T108/><D36/><U107/><E82/><V65/><F119/><W27/><G48/><T99/><D7/><U135/><E107/><V56/><F55/><W101/><G101/><T104/><D104/><U46/><E43/><V13/><F112/><W68/><G68/><T47/><D134/><U98/><E16/><N who="2" m="10255" /><F89/><W61/><G61/><N who="0" m="40207" /><D47/><N who="1" m="17963" /><E92/><V49/><F49/><W122/><G122/><T74/><D23/><U31/><E31/><V84/><F84/><W123/><G123/><T29/><D29/><U114/><E114/><V67/><F67/><AGARI ba="0,0" hai="4,5,6,58,60,67,96,98,132,133,135" m="17963" machi="67" ten="40,1300,0" yaku="20,1" doraHai="50" who="1" fromWho="2" sc="230,0,295,13,319,-13,156,0" owari="230,-17.0,308,40.8,306,10.6,156,-34.4" /></mjloggm>