<mjloggm ver="2.3"><GO type="225" lobby="0"/><UN n0="%28%EF%BF%A3%E2%96%BD%EF%BF%A3%29%CE%B4%E2%8C%92%E3%83%BB" n1="%E4%BA%BA%E9%96%93%E3%83%81%E3%83%A3%E3%83%BC%E3%83%8F%E3%83%B3" n2="%E3%82%86%E3%82%88%E3%81%BD%E3%83%BC" n3="%E5%A4%9C%E5%85%89%E5%A4%A9%E6%A5%BC" dan="16,16,16,17" rate="2128.32,2144.15,2110.11,2201.76" sx="M,M,M,M"/><TAIKYOKU oya="0"/><INIT seed="0,0,0,5,3,11" ten="250,250,250,250" oya="0" hai0="129,104,121,10,39,123,103,118,13,28,70,3,78" hai1="102,19,134,99,14,120,34,31,67,83,81,86,119" hai2="0,79,6,114,41,33,63,49,82,76,135,126,75" hai3="132,26,111,25,122,69,106,128,97,22,105,43,77"/><T2/><D70/><U54/><E119/><V109/><F114/><W64/><G122/><N who="0" m="46603" /><D78/><U40/><E120/><V60/><F33/><W55/><G77/><T116/><D39/><U47/><E134/><V53/><F126/><W130/><G132/><T23/><D103/><U35/><E67/><V71/><F41/><W27/><G43/><T66/><D66/><U9/><E31/><V8/><F135/><W36/><G36/><T52/><D52/><U12/><E54/><V30/><F30/><W93/><G55/><T101/><D101/><U51/><E14/><V68/><F79/><W85/><G85/><T65/><D65/><U124/><E124/><V1/><F71/><W16/><G105/><T48/><D48/><U100/><E100/><V61/><F68/><W17/><G106/><T80/><D80/><U29/><E29/><V21/><F0/><N who="0" m="42" /><D104/><U38/><E38/><V87/><F75/><W131/><G64/><T96/><D96/><U94/><REACH who="1" step="1"/><E81/><REACH who="1" ten="250,240,250,250" step="2"/><V90/><F53/><W46/><G69/><T125/><D125/><U32/><E32/><V107/><F82/><W15/><G46/><T95/><D129/><U59/><E59/><V5/><F1/><W18/><G131/><T84/><D118/><U42/><E42/><V115/><F61/><W110/><G128/><T44/><D116/><U56/><E56/><V4/><F60/><W50/><G130/><T45/><D13/><U20/><E20/><V24/><F21/><W113/><G50/><T7/><D23/><U58/><E58/><V133/><F49/><W127/><G127/><T73/><D28/><RYUUKYOKU ba="0,1" sc="250,-10,240,30,250,-10,250,-10" hai1="9,12,19,34,35,40,47,51,83,86,94,99,102" /><INIT seed="1,1,1,4,0,69" ten="240,270,240,240" oya="1" hai0="72,41,5,94,99,43,122,27,7,111,53,13,21" hai1="4,117,45,25,66,52,57,126,134,33,44,39,30" hai2="97,24,73,100,132,50,106,105,49,48,2,1,127" hai3="28,71,103,23,31,128,32,59,93,89,91,81,64"/><U61/><E117/><V92/><F127/><W40/><G128/><T46/><D72/><U85/><E126/><V98/><F132/><W47/><G32/><T130/><D130/><U90/><E134/><V109/><F109/><W74/><G71/><T115/><D111/><U22/><E4/><V118/><F118/><W123/><G123/><T20/><D115/><U112/><E112/><V11/><F73/><W54/><G64/><T125/><D122/><U101/><E101/><V65/><F65/><W129/><G74/><T75/><D75/><U108/><E108/><V36/><F36/><W78/><G91/><T0/><D0/><U88/><E39/><V56/><F56/><W16/><G81/><T77/><D77/><U8/><E8/><V135/><F135/><W38/><G78/><T62/><D125/><U80/><E33/><V110/><F110/><W114/><G103/><N who="0" m="60919" /><D21/><U15/><E15/><V86/><F24/><W60/><G129/><T121/><D121/><U10/><E10/><V104/><F11/><W67/><G67/><T58/><D13/><U63/><E90/><V70/><F70/><AGARI ba="1,1" hai="22,25,30,44,45,52,57,61,63,66,70,80,85,88" machi="70" ten="30,5800,0" yaku="7,1,54,2" doraHai="69" who="1" fromWho="2" sc="240,0,270,71,240,-61,240,0" /><INIT seed="1,2,0,5,3,75" ten="240,341,179,240" oya="1" hai0="114,18,12,96,74,76,97,128,68,51,37,93,16" hai1="103,38,67,118,46,63,81,91,70,121,55,41,120" hai2="130,24,83,53,124,28,78,21,30,19,126,89,79" hai3="110,1,52,9,11,5,50,54,57,20,82,84,10"/><U61/><E118/><V25/><F130/><W15/><G110/><T29/><D37/><U48/><E103/><V17/><F53/><W100/><G100/><T60/><D128/><U66/><E91/><V56/><F56/><N who="3" m="32791" /><G20/><T90/><D114/><U105/><E81/><V111/><F89/><N who="3" m="51351" /><G1/><T92/><D29/><U43/><E105/><V108/><F83/><W132/><G132/><T58/><D68/><N who="1" m="42063" /><E43/><V2/><F21/><W22/><G22/><N who="0" m="11527" /><D74/><U133/><E133/><V47/><F47/><AGARI ba="2,0" hai="38,41,46,47,48,55,63,67,70,120,121" m="42063" machi="47" ten="30,2900,0" yaku="34,2" doraHai="75" who="1" fromWho="2" sc="240,0,341,35,179,-35,240,0" /><INIT seed="1,3,0,4,5,27" ten="240,376,144,240" oya="1" hai0="49,29,77,132,118,65,104,38,21,52,63,90,11" hai1="80,85,107,13,7,62,79,28,92,5,109,43,131" hai2="94,129,59,17,68,95,15,70,120,22,46,130,42" hai3="64,121,56,1,18,4,51,69,24,19,72,76,60"/><U115/><E107/><V8/><F120/><W14/><G121/><T3/><D38/><U10/><E115/><V47/><F59/><W12/><G1/><T6/><D104/><U127/><E127/><V116/><F116/><W125/><G4/><T133/><D118/><U9/><E131/><N who="2" m="50187" /><F8/><W126/><G76/><T128/><D77/><U67/><E43/><V55/><F55/><N who="3" m="31871" /><G72/><T37/><D37/><U108/><E92/><N who="2" m="35371" /><F47/><W93/><G93/><T134/><D90/><U82/><E82/><V33/><F33/><W36/><G36/><AGARI ba="3,0" hai="15,17,22,36,42,46,68,70" m="35371,50187" machi="36" ten="30,1000,0" yaku="19,1" doraHai="27" who="2" fromWho="3" sc="240,0,376,0,144,19,240,-19" /><INIT seed="2,0,0,5,5,43" ten="240,376,163,221" oya="2" hai0="2,133,135,45,62,11,86,31,128,123,10,72,87" hai1="99,113,55,84,115,75,108,35,54,61,51,81,120" hai2="17,111,48,22,102,66,39,34,109,21,130,36,116" hai3="52,64,131,83,96,46,53,125,132,60,32,94,41"/><V92/><F116/><W121/><G121/><T8/><D123/><U134/><E75/><V14/><F34/><W25/><G125/><T38/><D72/><U127/><E120/><V118/><F118/><W117/><G117/><T6/><D31/><U90/><E35/><V20/><F130/><W103/><G83/><T82/><D128/><U37/><E37/><V101/><F66/><W56/><G131/><T24/><D24/><U110/><E134/><N who="0" m="51209" /><D62/><U44/><E127/><V119/><F119/><W1/><G1/><T107/><D107/><U129/><E129/><V3/><F3/><W126/><G126/><T67/><D67/><U50/><E99/><N who="2" m="59623" /><F102/><W42/><G42/><N who="0" m="22743" /><D87/><U18/><E113/><V100/><F100/><W47/><G47/><T29/><D29/><U30/><E115/><V40/><F48/><N who="3" m="26703" /><G132/><T5/><D2/><U26/><E51/><V27/><F40/><W19/><G32/><T79/><AGARI ba="0,0" hai="5,6,8,10,11,79,82,86" m="22743,51209" machi="79" ten="30,2000,0" yaku="20,1,52,1" doraHai="43" who="0" fromWho="0" sc="240,20,376,-5,163,-10,221,-5" /><INIT seed="3,0,0,0,3,24" ten="260,371,153,216" oya="3" hai0="97,135,36,71,89,126,43,9,11,72,10,61,57" hai1="47,66,99,46,104,22,127,58,68,111,81,33,78" hai2="62,106,35,50,86,69,113,124,39,82,75,26,13" hai3="84,28,130,87,77,65,49,67,29,34,98,6,100"/><W15/><G34/><T76/><D71/><U12/><E33/><V118/><F113/><W45/><G130/><T44/><D126/><U128/><E68/><V59/><F118/><W121/><G121/><T115/><D115/><U14/><E111/><V83/><F124/><W134/><G134/><T105/><D135/><U42/><E104/><V1/><F1/><W110/><G110/><T41/><D41/><U4/><E127/><V122/><F39/><W7/><G87/><T38/><D38/><U60/><E128/><V63/><F122/><W101/><G98/><T125/><D125/><U37/><E47/><V123/><F123/><W51/><G84/><T5/><D89/><U56/><E99/><V64/><F106/><W107/><G107/><T112/><D97/><U21/><E56/><V2/><F2/><W16/><G77/><T102/><D102/><N who="3" m="39529" /><G51/><T19/><D105/><U93/><E93/><V25/><F75/><W70/><G70/><T94/><D94/><U53/><E78/><V90/><F50/><W23/><G7/><T96/><D96/><U109/><E4/><V95/><F13/><W80/><G80/><N who="0" m="45063" /><D112/><U117/><E81/><V0/><F0/><W20/><G6/><T8/><D5/><U79/><E79/><V91/><F91/><W120/><G120/><T132/><D132/><U92/><E109/><V131/><F131/><W116/><G116/><T55/><N who="0" m="2048" /><DORA hai="133" /><T54/><D36/><U30/><E117/><V27/><REACH who="2" step="1"/><F35/><REACH who="2" ten="260,371,143,216" step="2"/><W129/><G129/><T31/><D61/><U103/><E37/><V114/><F114/><W52/><G49/><RYUUKYOKU ba="0,1" sc="260,-10,371,-10,143,30,216,-10" hai2="25,26,27,59,62,63,64,69,82,83,86,90,95" owari="250,5.0,371,47.1,173,-32.7,206,-19.4" /></mjloggm>