<mjloggm ver="2.3"><GO type="225" lobby="0"/><UN n0="%E5%AF%82%E5%AF%9E%E3%82%AE%E3%83%8D%E3%82%B9%E3%83%93%E3%83%BC%E3%83%AB" n1="%62%6F%6E%6F%73%2E%2E" n2="%E8%81%B7%E6%A5%AD%E3%80%81%E9%A2%A8%32" n3="%72%69%6F%75%63%68%61%6E" dan="16,17,16,17" rate="2161.45,2223.79,2139.83,2158.73" sx="M,M,M,M"/><TAIKYOKU oya="0"/><INIT seed="0,0,0,2,3,5" ten="250,250,250,250" oya="0" hai0="23,40,127,91,103,66,124,120,60,11,86,21,135" hai1="61,56,53,65,25,20,134,132,100,94,58,125,39" hai2="32,109,115,82,51,55,35,106,62,131,36,63,76" hai3="89,81,67,24,45,95,19,46,97,101,42,54,59"/><T6/><D120/><U129/><E39/><V27/><F109/><W133/><G133/><N who="1" m="51306" /><E125/><N who="0" m="48201" /><D103/><U118/><E118/><V73/><F115/><W18/><G67/><T1/><D40/><U72/><E72/><V87/><F36/><W96/><G24/><T116/><D116/><U38/><E38/><V13/><F106/><W83/><G83/><N who="0" m="49631" /><D135/><U22/><E129/><V37/><F37/><W70/><G70/><AGARI ba="0,0" hai="1,6,11,21,23,60,66,70" m="49631,48201" machi="70" ten="30,2900,0" yaku="18,1,52,1" doraHai="5" who="0" fromWho="3" sc="250,29,250,0,250,0,250,-29" /><INIT seed="0,1,0,4,4,42" ten="279,250,250,221" oya="0" hai0="96,47,53,64,58,134,123,43,70,22,62,112,125" hai1="21,23,0,39,24,105,109,20,88,121,74,85,45" hai2="60,83,50,34,135,78,104,12,65,116,49,75,26" hai3="118,77,92,101,93,91,25,90,100,38,133,130,17"/><T126/><D96/><U122/><E74/><V117/><F104/><W28/><G130/><T44/><D112/><U41/><E0/><V33/><F135/><W102/><G133/><T2/><D2/><U106/><E24/><V55/><F12/><W19/><G118/><N who="2" m="45673" /><F26/><W13/><G38/><N who="0" m="21623" /><D22/><U16/><E16/><N who="3" m="6218" /><G77/><T18/><D18/><U76/><E76/><V79/><F78/><W30/><G13/><T68/><D123/><U119/><E119/><V29/><F29/><N who="3" m="11371" /><G25/><T82/><D82/><U111/><E105/><V7/><F7/><W89/><AGARI ba="1,0" hai="89,90,91,92,93,100,101,102" m="11371,6218" machi="89" ten="40,8000,1" yaku="28,2,8,1,54,1" doraHai="42" who="3" fromWho="3" sc="279,-41,250,-21,250,-21,221,83" /><INIT seed="1,0,0,3,1,64" ten="238,229,229,304" oya="1" hai0="2,4,107,9,103,124,80,6,106,104,109,88,63" hai1="85,98,135,15,69,67,130,94,19,129,122,132,14" hai2="33,41,11,3,66,22,133,61,29,27,25,102,48" hai3="31,65,73,20,35,92,121,47,17,0,127,105,39"/><U90/><E122/><V57/><F133/><N who="1" m="51273" /><E98/><V131/><F131/><N who="1" m="50185" /><E19/><V46/><F102/><W86/><G127/><T37/><D124/><U8/><E8/><V116/><F116/><W34/><G73/><T120/><D120/><U110/><E110/><V40/><F3/><W54/><G105/><T55/><D109/><U96/><E96/><V43/><REACH who="2" step="1"/><F11/><REACH who="2" ten="238,229,219,304" step="2"/><W12/><G0/><T45/><D103/><U70/><E67/><V100/><F100/><W52/><G65/><T113/><D9/><U38/><E38/><V28/><AGARI ba="0,1" hai="22,25,27,28,29,33,40,41,43,46,48,57,61,66" machi="28" ten="20,2700,0" yaku="1,1,0,1,7,1,53,0" doraHai="64" doraHaiUra="114" who="2" fromWho="2" sc="238,-7,229,-13,219,37,304,-7" /><INIT seed="2,0,0,3,0,52" ten="231,216,256,297" oya="2" hai0="127,41,26,4,81,25,5,10,134,110,80,89,12" hai1="21,122,132,45,77,111,61,20,107,13,72,3,120" hai2="65,27,63,129,38,64,0,106,82,92,118,104,56" hai3="116,34,87,105,103,85,54,131,49,36,9,40,30"/><V66/><F118/><W7/><G116/><T55/><D110/><U124/><E3/><V94/><F0/><W47/><G131/><T11/><D127/><U79/><E111/><V35/><F38/><W108/><G108/><T91/><D41/><U48/><E107/><V95/><F129/><W135/><G135/><T112/><D55/><N who="1" m="30095" /><E124/><V68/><F82/><W97/><G30/><T90/><D112/><U113/><E113/><V18/><F68/><W46/><REACH who="3" step="1"/><G34/><REACH who="3" ten="231,216,256,287" step="2"/><T71/><D134/><U121/><E132/><V84/><F35/><W8/><G8/><T29/><D29/><U58/><E121/><V28/><F28/><W33/><G33/><T96/><D11/><U44/><E122/><V24/><F106/><W88/><G88/><T39/><D10/><U15/><E120/><V93/><F104/><W50/><G50/><T62/><D39/><U69/><E20/><N who="2" m="13335" /><F27/><W99/><G99/><T70/><D96/><U130/><E21/><V22/><F22/><W74/><G74/><T98/><D98/><U100/><E72/><V126/><F126/><W2/><AGARI ba="0,1" hai="2,7,9,36,40,46,47,49,54,85,87,97,103,105" machi="2" ten="20,8000,1" yaku="1,1,0,1,7,1,53,2" doraHai="52" doraHaiUra="43" who="3" fromWho="3" sc="231,-20,216,-20,256,-40,287,90" /><INIT seed="3,0,0,1,4,67" ten="211,196,216,377" oya="3" hai0="19,8,10,69,21,58,112,66,29,65,135,62,124" hai1="97,129,20,56,50,71,87,68,51,72,90,78,52" hai2="131,38,60,26,34,118,40,115,108,114,18,79,80" hai3="22,86,134,85,127,98,107,93,1,106,36,100,54"/><W3/><G36/><T82/><D124/><U121/><E121/><V4/><F108/><W91/><G134/><T102/><D135/><U59/><E72/><V110/><F110/><W132/><G132/><T41/><D112/><U45/><E129/><V94/><F131/><W13/><G127/><T47/><D29/><U46/><E68/><V44/><F118/><W57/><G106/><T117/><D102/><U14/><E71/><V43/><F43/><W53/><G54/><T2/><D117/><U39/><E39/><V15/><F60/><W74/><G74/><T11/><D66/><U63/><E78/><V109/><F109/><W122/><G122/><T77/><D69/><U49/><E97/><V133/><F133/><W6/><G86/><N who="0" m="48463" /><D2/><U9/><E20/><V101/><F34/><W33/><G33/><T37/><D37/><U96/><E59/><V128/><F128/><W84/><G84/><T0/><D0/><U123/><E96/><V125/><F125/><W103/><G98/><T99/><D99/><U105/><E105/><V88/><F101/><W116/><G103/><T31/><D31/><U7/><E123/><V81/><F79/><W64/><G100/><T126/><D126/><U89/><E89/><V32/><F32/><W111/><G91/><T113/><D113/><U92/><AGARI ba="0,0" hai="7,9,14,45,46,49,50,51,52,56,63,87,90,92" machi="92" ten="30,4000,0" yaku="0,1,8,1,54,1" doraHai="67" who="1" fromWho="1" sc="211,-10,196,40,216,-10,377,-20" owari="201,-29.9,236,3.6,206,-19.4,357,45.7" /></mjloggm>