<mjloggm ver="2.3"><GO type="225" lobby="0"/><UN n0="%E9%80%9F%E6%B0%B4%E5%87%9B%E9%A6%99" n1="%E3%82%B5%E3%83%AB%E3%82%B7%E3%83%B3" n2="%E5%80%89%E6%A9%8B%EF%BC%A0%E4%BA%8B%E5%8B%99" n3="%E4%B8%89%E5%86%A0%E7%8E%8B%E3%83%BB%E5%B1%B1%E7%94%B0%E5%93%B2%E4%BA%BA" dan="16,16,16,16" rate="2123.95,2135.49,2100.16,2159.28" sx="F,M,M,M"/><TAIKYOKU oya="0"/><INIT seed="0,0,0,3,1,7" ten="250,250,250,250" oya="0" hai0="72,118,81,23,90,111,75,8,45,19,20,117,120" hai1="6,43,16,113,87,46,37,70,24,100,131,122,105" hai2="14,99,5,83,2,95,77,112,88,57,40,98,11" hai3="48,94,121,18,63,67,9,110,66,97,125,79,101"/><T78/><D120/><U103/><E122/><V31/><F112/><W52/><G121/><T114/><D114/><U116/><E113/><V69/><F69/><W71/><G110/><T126/><D126/><U62/><E116/><V39/><F31/><W61/><G79/><T3/><D111/><U22/><E131/><V51/><F2/><W25/><G125/><T36/><D90/><U44/><E105/><V96/><F39/><W124/><G124/><T104/><D104/><U47/><E6/><V55/><REACH who="2" step="1"/><F40/><REACH who="2" ten="250,250,240,250" step="2"/><W41/><G41/><N who="0" m="22695" /><D75/><AGARI ba="0,1" hai="5,11,14,51,55,57,75,77,83,88,95,96,98,99" machi="75" ten="30,7700,0" yaku="1,1,7,1,52,1,54,1,53,0" doraHai="7" doraHaiUra="34" who="2" fromWho="0" sc="250,-77,250,0,240,87,250,0" /><INIT seed="1,0,0,1,2,101" ten="173,250,327,250" oya="1" hai0="43,9,110,25,71,104,82,123,69,7,32,114,45" hai1="0,76,6,86,94,23,51,65,52,129,15,72,90" hai2="91,125,36,5,95,85,42,16,87,19,68,92,75" hai3="38,122,118,49,14,84,2,120,130,46,10,119,102"/><U93/><E129/><V24/><F75/><W61/><G130/><T97/><D114/><U133/><E133/><V17/><F68/><W8/><G38/><T117/><D117/><N who="3" m="44553" /><G102/><T34/><D110/><U134/><E134/><V30/><F125/><W57/><G84/><T41/><D123/><N who="3" m="47145" /><G2/><T80/><D25/><U13/><E72/><V78/><F5/><W112/><G14/><T1/><D45/><N who="1" m="27759" /><E0/><V67/><F67/><N who="3" m="39343" /><G112/><T98/><D1/><U115/><E65/><V73/><F73/><W47/><G47/><T35/><D35/><U3/><E3/><V89/><F78/><W107/><G107/><T63/><D63/><U58/><E76/><V108/><F108/><W62/><G62/><T116/><D116/><U12/><E115/><V44/><F19/><W4/><G4/><T37/><D7/><U27/><E6/><V128/><F128/><W113/><G113/><T28/><D28/><N who="1" m="17535" /><E94/><V54/><F54/><AGARI ba="0,0" hai="8,10,46,49,54" m="39343,47145,44553" machi="54" ten="30,1000,0" yaku="12,1" doraHai="101" who="3" fromWho="2" sc="173,0,250,0,327,-10,250,10" /><INIT seed="2,0,0,2,3,1" ten="173,250,317,260" oya="2" hai0="42,12,69,59,110,85,61,47,49,105,134,5,4" hai1="41,91,29,64,87,90,34,104,106,16,48,39,28" hai2="83,129,46,63,11,97,6,7,19,70,21,126,31" hai3="76,32,60,100,51,79,10,107,15,127,33,38,74"/><V135/><F135/><W93/><G38/><T68/><D105/><U52/><E64/><V3/><F129/><W121/><G107/><T71/><D134/><U73/><E73/><V119/><F119/><W72/><G79/><T131/><D110/><U17/><E104/><V55/><F126/><W114/><G127/><T58/><D131/><U125/><E106/><V9/><F31/><W18/><G121/><T13/><D85/><U14/><E125/><V50/><F97/><W122/><G100/><T98/><D98/><U132/><E132/><V40/><F83/><W101/><G101/><T25/><D25/><U94/><E34/><V95/><F95/><W123/><G93/><T57/><REACH who="0" step="1"/><D61/><REACH who="0" ten="163,250,317,260" step="2"/><U54/><E87/><V92/><F92/><W128/><G60/><T89/><D89/><U65/><E91/><V35/><F63/><W23/><G128/><T120/><D120/><U96/><E90/><V22/><F70/><W99/><G99/><T20/><D20/><U133/><E94/><V67/><F22/><W62/><G23/><T124/><D124/><U56/><E96/><V77/><F21/><W75/><G75/><T53/><D53/><U111/><E54/><V84/><F55/><W43/><G74/><T103/><D103/><U36/><E133/><V78/><F67/><W0/><G72/><T112/><D112/><U8/><E65/><V117/><F84/><W27/><G114/><T37/><D37/><U118/><E39/><V115/><F115/><W26/><G123/><T80/><D80/><U116/><E111/><V88/><F88/><W113/><G122/><RYUUKYOKU ba="0,1" sc="163,30,250,-10,317,-10,260,-10" hai0="4,5,12,13,42,47,49,57,58,59,68,69,71" /><INIT seed="3,1,1,5,2,5" ten="193,240,307,250" oya="3" hai0="1,31,110,46,100,83,44,72,26,65,126,77,122" hai1="96,20,87,89,4,119,101,38,12,113,70,107,43" hai2="76,85,18,54,124,57,35,37,91,123,128,30,7" hai3="92,88,132,79,120,115,16,52,3,0,133,68,41"/><W63/><G115/><T39/><D122/><U78/><E70/><V66/><F37/><W111/><G120/><T127/><D110/><U19/><E113/><V105/><F105/><W95/><G111/><T129/><D129/><U29/><E119/><V82/><F66/><W17/><G79/><T94/><D65/><U49/><E78/><V23/><F123/><W134/><G41/><T8/><D94/><U61/><E61/><V69/><F69/><W45/><G95/><T80/><D100/><U135/><E135/><V121/><F121/><W106/><G106/><T58/><D58/><U86/><E38/><V109/><F109/><W14/><G17/><T98/><D98/><U6/><E87/><V81/><F7/><W118/><G118/><T40/><D46/><U50/><E29/><V125/><F128/><W131/><G131/><T55/><D55/><U130/><E130/><V36/><F36/><W24/><G24/><T22/><D83/><U25/><E43/><V13/><F30/><W84/><G68/><T47/><D47/><U9/><REACH who="1" step="1"/><E4/><AGARI ba="1,1" hai="1,4,8,22,26,31,39,40,44,72,77,80,126,127" machi="4" ten="40,5200,0" yaku="25,2,52,1" doraHai="5" who="0" fromWho="1" sc="193,65,240,-55,307,0,250,0" owari="258,5.8,185,-31.5,307,40.7,250,-15.0" /></mjloggm>