<mjloggm ver="2.3"><GO type="225" lobby="0"/><UN n0="%E3%81%A1%E3%82%85%E3%81%86%E3%81%A9%E3%81%8F%E8%B1%A1%E3%81%95%E3%82%93" n1="%48%61%61%61%6C%61%6E%64" n2="%73%61%6E%64%69%72%69%73" n3="%74%61%6B%75%61%6B%61" dan="17,17,16,16" rate="2142.06,2169.54,2135.53,2155.65" sx="M,M,M,M"/><TAIKYOKU oya="0"/><INIT seed="0,0,0,5,4,21" ten="250,250,250,250" oya="0" hai0="39,10,82,128,71,64,91,61,125,122,13,73,5" hai1="38,119,58,0,23,59,105,85,132,22,44,104,110" hai2="114,11,46,97,87,18,53,111,42,108,130,60,107" hai3="7,134,112,33,65,24,92,49,14,126,51,63,81"/><T72/><D122/><U4/><E119/><V62/><F114/><W25/><G112/><T15/><D128/><U69/><E69/><V47/><F130/><W95/><G126/><T20/><D125/><U68/><E68/><V80/><F107/><W121/><G134/><T84/><REACH who="0" step="1"/><D39/><REACH who="0" ten="240,250,250,250" step="2"/><U43/><E38/><V103/><F111/><W17/><G121/><T45/><D45/><U113/><E44/><V131/><F47/><W29/><G7/><T48/><D48/><U35/><E4/><V88/><F108/><W99/><G49/><T117/><D117/><U102/><E110/><V118/><F118/><W67/><G51/><T124/><D124/><U6/><E6/><V41/><F46/><W120/><G120/><T40/><D40/><U94/><E43/><V74/><F42/><W76/><G63/><T116/><D116/><U115/><E113/><V54/><F62/><W32/><G67/><T16/><AGARI ba="0,1" hai="5,10,13,15,16,20,61,64,71,72,73,82,84,91" machi="16" ten="30,12000,1" yaku="1,1,0,1,54,1,53,2" doraHai="21" doraHaiUra="9" who="0" fromWho="0" sc="240,130,250,-40,250,-40,250,-40" /><INIT seed="0,1,0,3,3,36" ten="370,210,210,210" oya="0" hai0="48,110,104,18,130,52,118,94,35,121,112,117,135" hai1="9,101,129,103,134,78,87,22,79,69,123,24,91" hai2="122,98,67,51,63,41,72,93,90,39,34,53,49" hai3="12,43,21,128,125,46,109,30,6,62,47,70,119"/><T60/><D121/><U116/><E69/><V59/><F122/><W65/><G119/><T17/><D112/><U58/><E123/><V40/><F72/><W77/><G109/><T16/><D104/><U75/><E116/><V86/><F39/><W73/><G125/><T71/><D35/><U37/><E129/><V0/><F0/><W132/><G128/><T55/><D130/><U38/><E134/><V92/><F34/><W7/><G132/><T44/><D135/><U81/><E38/><V124/><F124/><W105/><G105/><T83/><D110/><U33/><E33/><V2/><F2/><W133/><G133/><T85/><D94/><U115/><E37/><V23/><F23/><W100/><G100/><T25/><D25/><U106/><E115/><V80/><F51/><W88/><G88/><T14/><D14/><U27/><E9/><V74/><F74/><W3/><G3/><T99/><D99/><U82/><E91/><V66/><F66/><W97/><G97/><T61/><D71/><U28/><E106/><V95/><REACH who="2" step="1"/><F98/><REACH who="2" ten="370,210,200,210" step="2"/><W76/><G73/><T26/><D118/><U4/><E75/><V19/><F19/><W15/><G21/><N who="0" m="13607" /><D117/><U29/><E22/><V113/><F113/><W56/><G65/><T54/><D17/><U68/><E4/><V126/><F126/><W89/><G6/><T42/><D18/><U131/><E131/><V10/><F10/><W1/><G7/><T31/><D31/><U107/><E28/><V111/><F111/><W11/><G30/><T57/><D61/><U50/><E29/><V20/><F20/><RYUUKYOKU ba="1,1" sc="370,15,210,-15,200,15,210,-15" hai0="42,44,48,52,54,55,57,60,83,85" hai2="40,41,49,53,59,63,67,80,86,90,92,93,95" /><INIT seed="0,2,1,2,3,102" ten="385,195,215,195" oya="0" hai0="23,96,21,109,49,133,105,79,59,72,85,57,14" hai1="90,4,134,98,77,53,7,116,56,68,106,118,31" hai2="33,20,108,8,127,50,82,41,107,84,45,81,26" hai3="46,1,18,75,35,36,122,3,76,70,117,17,132"/><T93/><D133/><U6/><E68/><V103/><F108/><W19/><G70/><T121/><D121/><U92/><E134/><V38/><F127/><W43/><G132/><T115/><D115/><U111/><E111/><V15/><F33/><W89/><G117/><T95/><D72/><U87/><E31/><V60/><F60/><W12/><G35/><T9/><D105/><U71/><E71/><V40/><F38/><W47/><G122/><T94/><D109/><U100/><REACH who="1" step="1"/><E77/><REACH who="1" ten="385,185,215,195" step="2"/><V51/><F81/><W13/><G76/><T110/><D110/><U123/><E123/><V25/><F82/><W128/><G128/><T91/><D79/><U86/><E86/><V10/><F84/><W0/><G75/><T16/><D96/><U124/><E124/><V112/><F112/><W48/><REACH who="3" step="1"/><G89/><REACH who="3" ten="385,185,215,185" step="2"/><T62/><D91/><U135/><E135/><V78/><F78/><W37/><G37/><T120/><D120/><U24/><E24/><V29/><F26/><W2/><N who="3" m="0" /><DORA hai="104" /><W58/><G58/><T113/><D113/><U55/><E55/><AGARI ba="2,3" hai="12,13,17,18,19,36,43,46,47,48,55" m="0" machi="55" ten="70,2300,0" yaku="1,1,53,0" doraHai="102,104" doraHaiUra="119,64" who="3" fromWho="1" sc="385,0,185,-29,215,0,185,59" /><INIT seed="1,0,0,0,4,134" ten="385,156,215,244" oya="1" hai0="7,5,92,15,45,58,110,126,36,78,66,107,101" hai1="20,120,69,14,122,73,86,49,84,89,29,57,16" hai2="56,103,135,113,48,127,116,70,34,128,18,33,130" hai3="93,37,91,79,41,30,87,64,6,132,24,100,109"/><U94/><E73/><V23/><F70/><W53/><G109/><T111/><D107/><U115/><E115/><V8/><F116/><W68/><G132/><T21/><D78/><U82/><E69/><V2/><F103/><W0/><G100/><T124/><D36/><U47/><E29/><V44/><F135/><W55/><G79/><T59/><D45/><U1/><E1/><V39/><F56/><N who="0" m="21546" /><D66/><U121/><E57/><V129/><F39/><W112/><G112/><T63/><D63/><U54/><REACH who="1" step="1"/><E121/><REACH who="1" ten="385,146,215,244" step="2"/><V62/><F113/><W131/><G30/><T117/><D117/><U43/><E43/><V80/><F62/><W22/><G41/><T76/><D110/><U28/><E28/><V123/><F123/><W114/><G114/><T3/><D111/><U85/><E85/><V96/><F2/><W38/><G0/><T108/><D108/><U13/><E13/><V50/><F129/><W77/><G131/><T133/><D3/><U88/><AGARI ba="0,1" hai="14,16,20,47,49,54,82,84,86,88,89,94,120,122" machi="88" ten="20,12000,1" yaku="1,1,0,1,7,1,54,2,53,0" doraHai="134" doraHaiUra="75" who="1" fromWho="1" sc="385,-40,146,130,215,-40,244,-40" /><INIT seed="1,1,0,5,2,116" ten="345,276,175,204" oya="1" hai0="43,55,105,80,62,6,40,96,56,91,118,25,22" hai1="95,18,112,85,83,31,21,128,99,65,75,54,47" hai2="74,12,64,32,36,29,13,61,46,102,71,37,86" hai3="123,70,28,10,84,42,35,9,69,106,101,14,34"/><U60/><E112/><V111/><F74/><W39/><G84/><N who="0" m="50567" /><D118/><U78/><E128/><V93/><F111/><W26/><G35/><T87/><D105/><U77/><E31/><V72/><F72/><W8/><G14/><T7/><D96/><U3/><E3/><V124/><F124/><W130/><G130/><T53/><D53/><U20/><E78/><V103/><F103/><W94/><G94/><T44/><D87/><U27/><E75/><V98/><F86/><W0/><G0/><T122/><D122/><U104/><E104/><V81/><F81/><W134/><G134/><T23/><D23/><U48/><E20/><V120/><F120/><W17/><G17/><N who="0" m="12495" /><D44/><U131/><E131/><V41/><REACH who="2" step="1"/><F37/><REACH who="2" ten="345,276,165,204" step="2"/><W16/><G123/><T1/><D1/><U68/><E99/><V97/><F97/><W50/><G101/><T100/><D100/><U24/><E95/><V66/><F66/><W63/><G39/><T92/><D92/><U126/><E126/><V113/><F113/><W5/><G106/><T133/><D133/><U129/><E129/><V90/><F90/><W82/><G82/><T15/><D15/><AGARI ba="1,1" hai="15,18,21,24,27,47,48,54,60,65,68,77,83,85" machi="15" ten="30,1500,0" yaku="7,1" doraHai="116" who="1" fromWho="0" sc="345,-18,276,28,165,0,204,0" /><INIT seed="1,2,0,0,0,28" ten="327,304,165,204" oya="1" hai0="85,123,90,42,53,104,121,73,37,125,3,10,115" hai1="114,32,78,101,64,17,40,52,77,81,19,68,91" hai2="5,102,124,22,7,71,76,26,133,122,110,41,47" hai3="50,31,59,54,27,97,129,74,80,60,39,87,30"/><U79/><E114/><V2/><F122/><N who="0" m="46602" /><D115/><U88/><E32/><V4/><F110/><W112/><G112/><T46/><D73/><U15/><E40/><V33/><F71/><W23/><G129/><T127/><D53/><U132/><E132/><V134/><F102/><W95/><G39/><T106/><D10/><U118/><E118/><V128/><F76/><N who="3" m="46471" /><G74/><T11/><D11/><U21/><E101/><V29/><F128/><W98/><G31/><T72/><D72/><U20/><E81/><V116/><F116/><W70/><G70/><T119/><D3/><U108/><E108/><V105/><F105/><N who="0" m="40554" /><D119/><U9/><E9/><N who="2" m="2199" /><F47/><N who="3" m="27999" /><G95/><AGARI ba="2,0" hai="37,42,46,85,90,95,125,127" m="40554,46602" machi="95" ten="30,1000,0" yaku="13,1" doraHai="28" who="0" fromWho="3" sc="327,16,304,0,165,0,204,-16" /><INIT seed="2,0,0,0,2,29" ten="343,304,165,188" oya="2" hai0="75,22,130,77,34,8,119,110,57,66,132,121,4" hai1="126,131,112,86,78,135,109,30,118,50,36,19,80" hai2="73,28,62,74,1,12,94,76,98,60,40,92,129" hai3="52,84,97,108,21,10,55,116,35,5,7,59,100"/><V61/><F1/><W125/><G116/><T90/><D121/><U83/><E36/><V71/><F71/><W127/><G108/><T44/><D22/><U20/><E112/><V89/><F129/><W96/><G35/><T18/><D18/><U56/><E118/><V47/><F76/><W133/><G133/><T38/><D34/><U70/><E70/><V43/><F28/><W102/><G21/><T95/><D110/><U46/><E109/><V39/><F43/><W82/><G84/><T26/><D26/><U16/><E135/><V79/><F79/><W15/><G82/><T113/><D130/><U53/><E126/><V48/><F39/><W0/><G0/><T103/><D103/><U65/><E131/><V69/><F69/><W37/><G37/><T68/><D68/><U45/><E83/><V42/><F42/><W85/><G85/><T9/><D119/><U122/><E122/><V117/><F117/><W25/><G25/><T51/><D132/><U104/><E104/><V49/><F49/><W14/><REACH who="3" step="1"/><G59/><REACH who="3" ten="343,304,165,178" step="2"/><T105/><D57/><U33/><E33/><V106/><F106/><W2/><G2/><T31/><D38/><U81/><E81/><V72/><F94/><W11/><AGARI ba="0,1" hai="5,7,10,11,14,15,52,55,96,97,100,102,125,127" machi="11" ten="25,12000,2" yaku="1,1,0,1,22,2,54,1,53,2" doraHai="29" doraHaiUra="3" who="3" fromWho="3" sc="343,-30,304,-30,165,-60,178,130" /><INIT seed="3,0,0,5,5,118" ten="313,274,105,308" oya="3" hai0="80,85,126,8,68,88,55,0,113,94,76,21,102" hai1="72,98,32,46,14,6,1,101,95,115,111,112,18" hai2="16,27,132,91,15,36,81,103,2,56,59,83,7" hai3="48,47,22,39,120,43,129,92,86,54,25,65,93"/><W82/><G120/><T4/><D68/><U19/><E111/><V41/><F2/><W44/><G65/><T96/><D126/><U17/><E72/><V110/><F36/><W117/><G117/><T30/><D113/><U79/><E79/><V28/><F110/><W109/><G129/><T134/><D134/><U84/><E32/><V3/><F132/><W31/><G109/><T75/><D55/><U52/><E1/><V130/><F130/><W50/><G39/><T51/><D51/><N who="1" m="28791" /><E115/><V74/><F41/><W63/><G63/><T107/><D21/><U33/><E33/><V69/><F69/><W35/><G35/><T20/><D20/><U100/><E84/><V62/><F103/><W26/><G26/><T70/><D70/><U71/><E71/><V67/><F74/><W24/><G24/><T121/><D121/><U61/><E61/><V66/><F91/><AGARI ba="0,0" hai="22,25,31,43,44,47,48,50,54,82,86,91,92,93" machi="91" ten="30,2900,0" yaku="7,1,8,1" doraHai="118" who="3" fromWho="2" sc="313,0,274,0,105,-29,308,29" owari="313,11.3,274,-12.6,76,-42.4,337,43.7" /></mjloggm>