<mjloggm ver="2.3"><GO type="225" lobby="0"/><UN n0="%E3%82%BC%E3%83%AB%E3%83%80%E3%81%AE%E4%BC%9D%E8%AA%AC" n1="%72%69%6F%75%63%68%61%6E" n2="%43%68%65" n3="%E3%83%A9%E3%83%BC%E3%83%A1%E3%83%B3%E4%BA%94%E9%83%8E" dan="16,17,16,16" rate="2096.90,2290.61,2158.87,2094.14" sx="M,M,M,M"/><TAIKYOKU oya="0"/><INIT seed="0,0,0,2,4,8" ten="250,250,250,250" oya="0" hai0="105,111,116,37,54,108,121,88,134,38,119,93,29" hai1="19,64,107,120,129,110,34,85,84,3,135,50,96" hai2="92,83,13,47,36,60,33,98,118,59,41,130,11" hai3="112,81,46,109,52,30,4,61,86,125,95,53,32"/><T79/><D121/><U51/><E110/><N who="0" m="42025" /><D105/><U26/><E120/><V10/><F130/><W127/><G112/><T128/><D128/><U77/><E3/><V63/><F118/><N who="0" m="45098" /><D134/><U70/><E129/><V90/><F33/><W76/><G109/><T25/><D79/><U123/><E123/><V133/><F133/><W39/><G4/><T7/><D54/><U68/><E135/><V87/><F11/><W27/><G95/><T75/><D75/><U14/><E77/><V115/><F115/><W62/><G39/><T20/><D7/><U40/><E51/><V103/><F59/><W89/><G76/><T43/><D43/><U102/><E50/><V65/><REACH who="2" step="1"/><F65/><REACH who="2" ten="250,250,240,250" step="2"/><W2/><G46/><T45/><D45/><U24/><E64/><V82/><F82/><W131/><G131/><T99/><AGARI ba="0,1" hai="20,25,29,37,38,88,93,99" m="45098,42025" machi="99" ten="30,6000,0" yaku="14,1,10,1,54,1" doraHai="8" who="0" fromWho="0" sc="250,70,250,-20,240,-20,250,-20" /><INIT seed="0,1,0,1,0,57" ten="320,230,220,230" oya="0" hai0="94,108,128,79,23,115,16,129,56,55,21,25,89" hai1="65,2,48,63,50,31,35,34,112,62,127,20,82" hai2="101,105,70,47,126,72,68,84,90,39,118,9,74" hai3="83,69,78,76,8,98,4,36,100,38,3,17,77"/><T30/><D115/><U37/><E37/><V52/><F126/><W58/><G69/><T66/><D108/><U41/><E2/><V49/><F118/><W92/><G17/><T73/><D66/><U18/><E127/><V67/><F39/><W28/><G28/><T131/><D79/><U121/><E121/><V114/><F114/><W81/><G81/><T102/><D102/><U14/><E112/><V6/><F101/><W116/><G116/><T109/><D73/><U120/><E120/><V111/><F105/><W113/><G113/><T87/><D109/><U46/><E31/><V19/><F70/><W110/><G110/><T133/><D133/><U13/><E50/><V27/><F27/><W122/><G122/><T123/><D123/><U1/><E1/><V85/><F85/><W106/><G83/><T11/><D11/><U117/><E117/><V7/><F7/><W0/><G0/><T42/><D42/><U91/><E14/><N who="2" m="7631" /><F6/><W12/><G3/><T97/><D97/><U10/><E10/><V32/><F32/><W59/><G59/><T132/><D132/><U96/><E96/><V5/><F5/><W130/><G130/><T86/><D86/><N who="1" m="50647" /><E34/><V15/><F15/><W124/><G124/><T71/><D71/><N who="1" m="42423" /><E35/><V29/><F29/><W24/><G24/><N who="0" m="16655" /><D129/><U125/><E125/><V88/><F111/><W119/><G119/><T44/><D44/><U26/><E26/><V107/><F107/><W104/><G104/><T95/><D95/><U54/><E41/><V40/><F40/><W99/><G58/><T134/><D134/><U75/><E75/><RYUUKYOKU ba="1,0" sc="320,10,230,10,220,-30,230,10" hai0="16,23,25,55,56,87,89,94,128,131" hai1="13,18,20,46,48,54,63" hai3="4,8,12,36,38,76,77,78,92,98,99,100,106" /><INIT seed="0,2,0,4,4,33" ten="330,240,190,240" oya="0" hai0="80,17,66,74,89,123,127,10,95,34,124,86,19" hai1="27,16,88,30,24,76,87,120,40,118,77,82,106" hai2="7,75,36,44,6,13,14,35,126,129,39,4,61" hai3="18,128,94,70,55,102,100,116,50,93,25,47,65"/><T15/><D123/><U72/><E118/><V29/><F75/><W112/><G112/><T37/><D37/><U110/><E120/><V132/><F61/><W90/><G116/><T96/><D34/><U64/><E110/><V101/><F101/><N who="3" m="39019" /><G70/><T130/><D130/><U71/><E106/><V79/><F79/><W98/><G65/><T105/><D66/><U73/><E40/><V113/><F113/><W46/><G128/><T119/><D119/><U115/><E115/><V0/><F129/><W131/><G94/><T60/><D60/><U111/><E111/><V62/><F62/><W21/><G131/><T1/><D105/><U23/><E71/><V91/><F91/><W11/><G11/><T58/><D58/><AGARI ba="2,0" hai="18,21,25,46,47,50,55,58,90,93,98" m="39019" machi="58" ten="30,1000,0" yaku="8,1" doraHai="33" who="3" fromWho="0" sc="330,-16,240,0,190,0,240,16" /><INIT seed="1,0,0,0,3,89" ten="314,240,190,256" oya="1" hai0="93,119,90,126,99,26,76,98,9,88,100,121,132" hai1="85,87,50,129,58,83,115,101,65,78,135,37,74" hai2="127,77,19,13,1,69,48,117,42,43,105,70,64" hai3="108,36,106,122,56,66,7,16,3,67,52,96,23"/><U111/><E129/><V45/><F117/><W120/><G36/><T8/><D119/><U91/><E135/><V62/><F1/><W97/><G108/><T28/><D132/><U51/><E115/><V75/><F105/><W6/><G120/><T14/><D126/><U92/><E37/><V53/><F70/><W131/><G131/><T49/><D121/><U84/><E111/><V79/><F127/><W32/><G32/><T130/><D130/><U34/><E34/><V86/><F75/><W18/><G106/><T103/><D76/><U95/><E101/><V114/><F114/><W133/><G133/><T17/><D9/><U22/><E22/><V44/><F86/><N who="1" m="33385" /><E74/><V38/><REACH who="2" step="1"/><F43/><REACH who="2" ten="314,240,180,256" step="2"/><W102/><G3/><T72/><D72/><U15/><E78/><V124/><F124/><W60/><G122/><T73/><D73/><U30/><E30/><V20/><AGARI ba="0,1" hai="13,19,20,38,42,44,45,48,53,62,64,69,77,79" machi="20" ten="20,5200,0" yaku="1,1,0,1,7,1,53,1" doraHai="89" doraHaiUra="68" who="2" fromWho="2" sc="314,-13,240,-26,180,62,256,-13" /><INIT seed="2,0,0,3,1,99" ten="301,214,242,243" oya="2" hai0="112,29,35,108,114,84,85,135,16,61,116,79,7" hai1="54,42,19,78,110,132,127,12,82,6,56,80,57" hai2="39,92,40,122,43,126,131,96,11,95,44,33,25" hai3="83,130,48,59,90,3,0,36,69,22,45,34,133"/><V27/><F122/><W67/><G34/><T109/><D135/><U111/><E127/><V134/><F126/><W2/><G133/><T17/><D116/><U28/><E132/><V77/><F134/><W104/><G104/><T46/><D46/><U37/><E28/><V24/><F131/><W76/><G130/><T117/><D117/><U26/><E6/><V8/><F33/><W71/><G90/><T103/><D103/><U98/><E26/><V32/><F32/><W128/><G128/><T97/><D97/><U62/><E98/><V47/><F77/><W5/><G22/><T115/><D7/><U74/><E82/><V81/><F81/><W87/><G5/><T121/><D121/><U21/><REACH who="1" step="1"/><E56/><REACH who="1" ten="301,204,242,243" step="2"/><V58/><F58/><W41/><G69/><T93/><D29/><U75/><E75/><V70/><F70/><W10/><G71/><T55/><D114/><U1/><E1/><V64/><F95/><W13/><G0/><T105/><D93/><U107/><E107/><V123/><F123/><W60/><G2/><T53/><D105/><U68/><E68/><V129/><F129/><W86/><G3/><T14/><D112/><U100/><E100/><V89/><REACH who="2" step="1"/><F64/><REACH who="2" ten="301,204,232,243" step="2"/><W49/><G67/><T120/><D115/><U73/><E73/><V9/><F9/><W30/><G10/><T72/><D72/><U88/><E88/><V101/><F101/><W65/><G65/><T15/><D120/><U52/><E52/><V18/><F18/><W38/><G59/><T102/><D102/><U4/><E4/><V23/><F23/><W118/><G76/><RYUUKYOKU ba="0,2" sc="301,-15,204,15,232,15,243,-15" hai1="12,19,21,37,42,54,57,62,74,78,80,110,111" hai2="8,11,24,25,27,39,40,43,44,47,89,92,96" /><INIT seed="2,1,2,0,0,90" ten="286,219,247,228" oya="2" hai0="23,56,46,17,26,101,108,2,84,15,109,125,19" hai1="63,64,134,92,120,135,67,51,130,44,104,106,16" hai2="118,107,57,25,27,117,38,10,33,68,93,28,83" hai3="115,105,18,21,89,116,131,48,99,73,66,102,114"/><V8/><F107/><W6/><G131/><T123/><D123/><U70/><E130/><V40/><F68/><W53/><G116/><T34/><D125/><U49/><E120/><V14/><F10/><W52/><G73/><T124/><D124/><U95/><E16/><V20/><F83/><W74/><G74/><T75/><D75/><U86/><E86/><V61/><F40/><W96/><G66/><T113/><D113/><N who="3" m="43017" /><G6/><T39/><D2/><U31/><E31/><V112/><F38/><W29/><G29/><T45/><D101/><U78/><E78/><V126/><F126/><W54/><G89/><T121/><D121/><U128/><E128/><V24/><F112/><W110/><G96/><T103/><D103/><U47/><REACH who="1" step="1"/><E63/><REACH who="1" ten="286,209,247,228" step="2"/><V60/><F60/><W3/><G3/><T62/><D84/><U1/><E1/><V37/><F61/><W4/><G4/><T12/><D17/><U42/><E42/><V36/><F28/><W100/><G18/><T133/><D19/><U122/><E122/><V41/><F41/><W59/><G99/><T97/><D97/><U0/><E0/><V111/><F118/><W81/><G81/><T79/><D62/><U91/><E91/><V132/><F117/><W58/><G100/><T77/><D77/><U50/><E50/><V5/><F36/><W129/><G48/><T72/><D79/><U76/><E76/><V80/><F37/><W127/><G129/><T71/><D72/><U55/><E55/><V65/><F80/><W35/><G54/><T32/><D39/><U11/><E11/><V30/><F8/><RYUUKYOKU ba="1,3" sc="286,-10,209,30,247,-10,228,-10" hai1="44,47,49,51,64,67,70,92,95,104,106,134,135" /><INIT seed="3,2,3,0,1,53" ten="276,239,237,218" oya="3" hai0="0,104,43,100,64,98,49,8,40,18,76,37,66" hai1="134,7,133,52,77,3,84,96,97,28,132,131,95" hai2="24,4,63,93,114,25,82,32,51,88,59,85,70" hai3="87,109,60,112,72,86,103,30,78,81,9,44,5"/><W115/><G109/><T33/><D33/><U39/><E131/><V20/><F114/><W102/><G30/><T119/><D119/><U42/><E28/><V80/><F32/><W67/><G44/><T31/><D31/><U54/><E7/><V108/><F108/><W116/><G116/><T73/><D49/><U111/><E3/><V41/><F4/><W2/><G112/><T69/><D69/><U110/><E97/><V46/><F70/><W50/><G50/><T11/><D11/><U101/><E110/><V130/><F130/><W62/><G62/><T47/><D43/><U15/><E15/><V123/><F123/><W107/><G115/><T6/><D18/><U26/><E26/><N who="2" m="10347" /><F20/><W121/><G121/><T79/><D79/><U71/><E71/><V38/><F38/><W23/><G23/><T48/><D48/><U118/><E118/><V106/><F106/><W17/><G17/><T75/><D75/><U36/><E111/><V16/><F16/><W89/><G107/><T125/><D125/><U113/><E113/><V120/><F120/><W117/><G117/><T90/><D90/><N who="1" m="53703" /><E77/><V27/><N who="2" m="10355" /><V34/><DORA hai="55" /><F34/><W1/><G1/><T29/><D29/><U58/><E42/><V65/><AGARI ba="2,3" hai="41,46,51,59,63,65,80,82,85,88,93" m="10355" machi="65" ten="30,7900,0" yaku="8,1,52,2,54,1" doraHai="53,55" who="2" fromWho="2" sc="276,-22,239,-22,237,115,218,-41" owari="254,5.4,217,-18.3,352,45.2,177,-32.3" /></mjloggm>