<mjloggm ver="2.3"><GO type="225" lobby="0"/><UN n0="%E4%BE%BF%E6%89%80" n1="%E3%81%BF%E3%81%BF%E3%81%9A" n2="%E3%81%8B%E3%82%8F%E3%81%A1%E3%82%83%E3%82%93%35%38" n3="%E3%82%B2%E3%82%B9%E8%8C%82%E5%8B%9D" dan="16,16,17,16" rate="2085.10,2144.79,2143.98,2058.36" sx="M,M,M,F"/><TAIKYOKU oya="0"/><INIT seed="0,0,0,3,2,24" ten="250,250,250,250" oya="0" hai0="91,67,130,119,56,89,93,121,40,94,118,105,74" hai1="133,7,49,48,110,77,90,61,28,14,66,111,100" hai2="63,60,83,32,25,95,99,64,39,86,131,3,41" hai3="45,31,109,43,97,65,96,78,68,84,44,23,71"/><T129/><D40/><U88/><E133/><V42/><F3/><W92/><G109/><N who="1" m="41482" /><E77/><V102/><F131/><N who="0" m="50186" /><D67/><U57/><E100/><V35/><F63/><W80/><G97/><N who="0" m="57519" /><D56/><U13/><E28/><V47/><F25/><W33/><G33/><T79/><D121/><U18/><E7/><V5/><F5/><W21/><G45/><T106/><D79/><U62/><E62/><V112/><F42/><W4/><G4/><T34/><D74/><U127/><E127/><V126/><F112/><W135/><G135/><T76/><D76/><U2/><E2/><V8/><F8/><W37/><G65/><T72/><D72/><U134/><E13/><V19/><F19/><W0/><G0/><T82/><D82/><U53/><E134/><V29/><F29/><W30/><G21/><T6/><D6/><U125/><E125/><V98/><F126/><W15/><G68/><T10/><D10/><N who="1" m="6487" /><E48/><V103/><F60/><W114/><G71/><AGARI ba="0,0" hai="49,53,57,61,66,71,88,90" m="6487,41482" machi="71" ten="30,2000,0" yaku="14,1,54,1" doraHai="24" who="1" fromWho="3" sc="250,0,250,20,250,0,250,-20" /><INIT seed="1,0,0,3,5,106" ten="250,270,250,230" oya="1" hai0="27,51,10,85,113,64,101,38,110,135,99,128,39" hai1="42,4,76,61,69,19,125,41,108,25,77,129,73" hai2="133,93,124,119,1,58,33,7,75,94,56,8,71" hai3="48,118,22,104,9,13,74,117,55,28,105,109,21"/><U116/><E116/><N who="3" m="44650" /><G109/><T107/><D113/><U23/><E108/><V122/><F119/><W5/><G74/><T34/><D110/><U102/><E125/><V43/><F122/><W45/><G28/><T92/><D128/><U15/><E129/><V103/><F71/><W114/><G114/><T121/><D121/><U70/><E102/><V68/><F68/><W3/><G22/><T79/><D135/><U72/><E70/><V54/><F33/><W83/><G83/><T90/><D10/><U16/><E4/><V127/><F133/><W86/><G86/><T98/><D64/><U36/><E77/><V52/><F43/><W32/><G32/><T89/><D51/><U88/><E88/><V67/><F67/><W126/><G126/><N who="2" m="48169" /><F75/><W100/><G100/><T97/><D79/><U95/><E42/><V78/><F78/><W20/><G20/><T53/><D53/><N who="2" m="20586" /><F103/><W12/><G3/><T65/><D65/><U123/><E76/><V18/><F18/><AGARI ba="0,0" hai="5,9,12,13,18,21,45,48,55,104,105" m="44650" machi="18" ten="30,1000,0" yaku="12,1" doraHai="106" who="3" fromWho="2" sc="250,0,270,0,250,-10,230,10" /><INIT seed="2,0,0,1,2,39" ten="250,270,240,240" oya="2" hai0="130,61,26,101,43,56,64,69,21,13,8,14,102" hai1="15,110,77,44,16,70,86,92,121,46,67,63,18" hai2="83,22,32,72,25,30,47,82,97,50,24,29,65" hai3="35,38,68,90,114,96,55,119,87,49,34,10,105"/><V127/><F127/><W89/><G119/><T123/><D123/><U31/><E121/><V134/><F134/><W135/><G68/><T5/><D130/><U51/><E110/><V95/><F65/><W79/><G79/><T131/><D131/><U58/><E31/><V7/><F7/><W45/><G135/><T85/><D69/><U98/><E70/><V128/><F72/><W112/><G38/><T111/><D111/><U54/><E46/><V122/><F122/><W60/><G60/><T53/><D85/><U12/><E12/><V125/><F125/><W57/><G57/><T11/><D43/><U120/><E120/><V88/><REACH who="2" step="1"/><F128/><REACH who="2" ten="250,270,230,240" step="2"/><W71/><G112/><T103/><D64/><U4/><E4/><V52/><AGARI ba="0,1" hai="22,24,25,29,30,32,47,50,52,82,83,88,95,97" machi="52" ten="20,18000,2" yaku="1,1,2,1,0,1,7,1,54,2,53,0" doraHai="39" doraHaiUra="81" who="2" fromWho="2" sc="250,-60,270,-60,230,190,240,-60" /><INIT seed="2,1,0,1,2,69" ten="190,210,420,180" oya="2" hai0="35,76,84,68,130,21,81,32,118,93,64,34,39" hai1="88,102,18,50,94,82,113,121,23,33,79,110,19" hai2="132,83,66,116,6,7,43,24,13,26,28,91,80" hai3="119,31,117,38,134,100,129,58,75,54,103,70,14"/><V107/><F107/><W37/><G75/><T65/><D39/><N who="3" m="14857" /><G31/><T11/><D130/><U74/><E113/><V71/><F43/><W127/><G14/><T59/><D68/><U45/><E33/><V4/><F116/><N who="3" m="44619" /><G100/><T77/><D118/><U16/><E110/><V120/><F120/><W15/><G15/><T97/><D21/><U55/><E121/><V125/><F66/><W122/><G103/><T25/><D76/><U3/><E3/><V114/><F13/><W92/><G92/><T115/><D115/><U96/><REACH who="1" step="1"/><E102/><REACH who="1" ten="190,200,420,180" step="2"/><V101/><F101/><W36/><G122/><T56/><D34/><U52/><E52/><V87/><F114/><W135/><G129/><T17/><D35/><U90/><E90/><V27/><F91/><W2/><G2/><T126/><D32/><U53/><E53/><V8/><F4/><W112/><G112/><T9/><D64/><U46/><E46/><V57/><F6/><W51/><G127/><T41/><D126/><U105/><E105/><V104/><F7/><W131/><G131/><T12/><D65/><U5/><E5/><V86/><F125/><W78/><G78/><T133/><D77/><U123/><E123/><V67/><F104/><W49/><G70/><T62/><D93/><U42/><E42/><V22/><F71/><W47/><N who="3" m="14865" /><W85/><DORA hai="40" /><G85/><T48/><D84/><U124/><E124/><V61/><F87/><W95/><G95/><T109/><D41/><AGARI ba="1,1" hai="41,47,49,51,54,58,134,135" m="44619,14865" machi="41" ten="50,12000,2" yaku="34,2,52,5" doraHai="69,40" who="3" fromWho="0" sc="190,-123,200,0,420,0,180,133" /><INIT seed="3,0,0,3,4,122" ten="67,200,420,313" oya="3" hai0="79,86,44,35,54,16,8,26,9,70,57,132,112" hai1="46,85,74,58,28,13,131,1,119,63,42,121,49" hai2="133,29,62,65,50,115,124,7,81,4,43,59,100" hai3="84,91,102,89,60,111,110,78,126,5,101,118,87"/><W45/><G118/><T108/><D70/><U106/><E74/><V69/><F115/><W19/><G126/><T48/><D132/><U75/><E75/><V72/><F100/><N who="3" m="38507" /><G5/><T107/><D107/><U20/><E1/><V76/><F124/><W10/><G45/><T52/><D112/><U83/><E106/><V135/><F29/><W40/><G40/><T123/><D123/><U117/><E131/><V134/><F69/><W109/><G60/><T66/><D35/><U103/><E121/><V114/><F114/><W55/><G55/><T23/><D66/><U64/><E103/><V3/><F3/><W130/><G130/><T73/><D73/><U128/><E128/><V47/><AGARI ba="0,0" hai="4,7,43,47,50,59,62,65,72,76,81,133,134,135" machi="47" ten="40,2700,0" yaku="0,1,20,1" doraHai="122" who="2" fromWho="2" sc="67,-7,200,-7,420,27,313,-13" owari="60,-44.0,193,-20.7,447,54.7,300,10.0" /></mjloggm>