<mjloggm ver="2.3"><GO type="225" lobby="0"/><UN n0="%73%6C%69%63%6B%33%31%39" n1="%E3%81%82%E3%81%B9%E3%81%99%E3%81%91" n2="%E6%A0%B9%E5%85%83%E3%81%8B%E3%82%89%E5%90%B9%E3%81%A3%E9%A3%9B%E3%81%B6" n3="%E3%81%9D%E3%81%8A%E3%81%9D%E3%81%9D" dan="16,16,17,16" rate="2132.79,2107.08,2205.09,2098.03" sx="M,M,F,M"/><TAIKYOKU oya="0"/><INIT seed="0,0,0,0,3,27" ten="250,250,250,250" oya="0" hai0="6,19,83,87,39,99,63,49,85,112,29,33,116" hai1="52,76,126,60,77,17,7,12,74,75,50,73,89" hai2="25,107,1,103,81,131,0,84,4,56,40,45,11" hai3="46,125,115,78,135,88,37,15,2,82,51,31,133"/><T54/><D112/><U44/><E126/><V121/><F121/><W28/><G2/><T124/><D116/><U104/><E104/><V59/><F131/><W47/><G115/><T35/><D39/><U79/><E7/><V38/><F1/><W21/><G125/><T122/><D122/><U109/><E89/><V120/><F120/><W62/><G62/><T24/><D124/><U71/><E109/><V58/><F25/><W98/><G37/><T34/><D6/><U90/><E90/><V53/><F103/><W97/><G15/><T20/><D63/><U108/><E108/><V95/><F95/><N who="3" m="56551" /><G21/><T36/><D36/><U43/><E60/><V114/><F107/><W48/><G48/><T102/><D19/><U69/><REACH who="1" step="1"/><E43/><REACH who="1" ten="250,240,250,250" step="2"/><V127/><F127/><W110/><G110/><T64/><D83/><U128/><E128/><V113/><F114/><W92/><G82/><T13/><D102/><U68/><E68/><V5/><F5/><W130/><G130/><T72/><D72/><U123/><E123/><V96/><F113/><W70/><G70/><T67/><D67/><U91/><E91/><V8/><F96/><W57/><G98/><T10/><D99/><U80/><E80/><V18/><F53/><W106/><G106/><T100/><D100/><U94/><E94/><V117/><F81/><W86/><G92/><T118/><D64/><U14/><E14/><N who="2" m="7495" /><F84/><N who="0" m="32330" /><D118/><U23/><AGARI ba="0,1" hai="12,17,23,44,50,52,69,71,73,74,75,76,77,79" machi="23" ten="40,5200,0" yaku="1,1,0,1,54,1,53,0" doraHai="27" doraHaiUra="55" who="1" fromWho="1" sc="250,-26,240,62,250,-13,250,-13" /><INIT seed="1,0,0,2,3,10" ten="224,302,237,237" oya="1" hai0="26,113,127,126,92,63,2,94,4,124,20,6,50" hai1="84,57,118,83,29,98,70,42,120,24,72,107,131" hai2="49,89,79,71,37,81,39,31,115,60,59,123,61" hai3="66,33,87,111,12,133,8,100,125,17,30,90,43"/><U91/><E118/><V13/><F123/><W102/><G111/><T106/><D113/><U67/><E120/><V1/><F115/><W3/><G133/><T85/><D106/><U53/><E42/><V47/><F1/><W75/><G75/><T119/><D119/><U121/><E121/><V38/><F31/><W9/><G125/><T46/><D63/><U97/><E131/><V101/><F89/><W69/><G43/><T0/><D2/><U82/><E107/><V74/><F101/><W105/><G105/><T19/><D85/><N who="1" m="50615" /><E70/><V96/><F96/><W78/><G78/><T25/><D25/><U35/><E35/><V41/><F71/><W104/><G104/><T44/><D44/><U76/><E67/><V88/><F59/><W36/><G36/><T116/><D116/><U51/><E72/><V99/><REACH who="2" step="1"/><F13/><REACH who="2" ten="224,302,227,237" step="2"/><W14/><G14/><T64/><D0/><U130/><E130/><V52/><F52/><W122/><G12/><T22/><D64/><U45/><E57/><V32/><F32/><W93/><BYE who="2" /><G33/><T11/><D22/><N who="1" m="15511" /><E98/><V77/><F77/><W128/><G3/><N who="0" m="415" /><D6/><U54/><E97/><V109/><F109/><W40/><G122/><T73/><D73/><U112/><E112/><V58/><F58/><W108/><G40/><AGARI ba="0,1" hai="19,20,26,40,46,50,92,94,124,126,127" m="415" machi="40" ten="30,1000,0" yaku="18,1" doraHai="10" who="0" fromWho="3" sc="224,20,302,0,227,0,237,-10" /><INIT seed="2,0,0,4,0,52" ten="244,302,227,227" oya="2" hai0="63,24,41,130,26,33,67,114,97,120,36,30,15" hai1="9,93,46,71,109,40,69,43,16,124,19,57,110" hai2="106,66,132,135,20,4,64,55,116,127,118,34,5" hai3="115,81,102,133,98,29,94,58,73,23,105,56,38"/><V10/><F10/><W125/><G38/><T92/><D120/><U62/><E124/><V131/><F131/><W78/><G125/><T37/><D114/><UN n2="%E6%A0%B9%E5%85%83%E3%81%8B%E3%82%89%E5%90%B9%E3%81%A3%E9%A3%9B%E3%81%B6" /><U6/><E93/><V119/><F106/><W95/><G115/><T108/><D130/><U91/><E91/><V113/><F34/><W84/><G133/><N who="2" m="51273" /><F127/><W48/><G48/><T122/><D122/><U31/><E31/><V11/><F113/><W80/><G80/><T61/><D108/><N who="1" m="41579" /><E69/><V101/><F101/><W82/><G82/><T44/><D37/><N who="1" m="21775" /><E43/><V123/><F123/><W2/><G2/><T76/><D76/><U13/><E71/><V83/><F83/><W87/><G87/><T107/><D107/><U104/><E104/><V17/><F55/><AGARI ba="0,0" hai="6,9,13,16,19,55,57,62" m="21775,41579" machi="55" ten="30,3900,0" yaku="14,1,52,1,54,1" doraHai="52" who="1" fromWho="2" sc="244,0,302,39,227,-39,227,0" /><INIT seed="3,0,0,4,4,57" ten="244,341,188,227" oya="3" hai0="17,60,38,64,124,75,40,131,25,59,100,110,9" hai1="68,130,55,133,108,104,7,65,89,37,109,84,53" hai2="52,21,4,5,27,115,86,97,6,48,28,71,105" hai3="83,1,90,34,88,117,30,81,79,102,15,58,49"/><W121/><G1/><T31/><D75/><U132/><E104/><V70/><F115/><W99/><G121/><T78/><D110/><N who="1" m="42603" /><E37/><V127/><F127/><W26/><G117/><T56/><D124/><U62/><E130/><V122/><F122/><W14/><G83/><T29/><D131/><U23/><E23/><V47/><REACH who="2" step="1"/><F86/><REACH who="2" ten="244,341,178,227" step="2"/><W119/><G119/><T35/><D38/><U24/><E84/><V11/><F11/><W13/><G49/><T80/><D9/><U36/><E36/><V72/><F72/><W20/><G34/><T3/><D35/><U82/><E133/><V95/><F95/><W22/><G22/><T51/><D80/><U76/><E82/><V94/><F94/><W93/><REACH who="3" step="1"/><G58/><REACH who="3" ten="244,341,178,217" step="2"/><T74/><D59/><U66/><E132/><V135/><F135/><W98/><G98/><T125/><D56/><U39/><E39/><V120/><F120/><W106/><G106/><T0/><D125/><U10/><E10/><V45/><F45/><W32/><G32/><T18/><D74/><AGARI ba="0,2" hai="13,14,15,20,26,30,74,79,81,88,90,93,99,102" machi="74" ten="40,3900,0" yaku="1,1,54,1,53,0" doraHai="57" doraHaiUra="61" who="3" fromWho="0" sc="244,-39,341,0,178,0,217,59" /><INIT seed="3,1,0,3,1,92" ten="205,341,178,276" oya="3" hai0="105,115,106,97,58,59,4,44,87,9,13,64,54" hai1="46,98,104,55,49,100,40,85,131,76,53,123,34" hai2="50,72,36,42,67,32,102,127,121,27,129,130,99" hai3="26,96,73,51,82,47,66,114,107,61,93,45,0"/><W25/><G114/><T22/><D115/><U134/><E34/><V90/><F72/><W35/><G0/><T5/><D44/><U91/><E123/><V80/><F121/><W2/><G2/><T120/><D120/><U116/><E134/><V17/><F36/><W75/><G107/><T135/><D135/><U1/><E1/><V41/><F67/><W57/><G47/><T94/><D87/><U60/><E131/><N who="2" m="50187" /><F127/><W133/><G133/><T10/><D22/><U68/><E76/><V71/><F71/><W16/><G82/><T74/><D74/><U38/><E116/><V119/><F119/><W52/><G26/><T56/><D64/><U112/><E112/><V7/><F7/><N who="0" m="2634" /><D106/><U48/><E60/><V37/><F50/><W110/><G110/><T43/><D43/><N who="2" m="16394" /><F37/><W122/><G122/><T28/><D105/><U128/><E68/><V33/><F17/><W69/><G69/><T70/><D70/><U8/><E38/><V126/><F126/><W15/><G25/><T117/><D117/><U77/><E128/><V111/><F111/><W124/><G35/><T132/><D132/><U18/><E104/><N who="2" m="63583" /><F27/><W118/><G118/><T101/><D54/><U95/><E55/><V63/><F63/><W79/><G79/><T103/><D103/><U31/><E53/><V84/><AGARI ba="1,0" hai="32,33,80,84,90" m="63583,16394,50187" machi="84" ten="30,2000,0" yaku="19,1,52,1" doraHai="92" who="2" fromWho="2" sc="205,-6,341,-6,178,23,276,-11" owari="199,-30.1,335,43.5,201,-19.9,265,6.5" /></mjloggm>