<mjloggm ver="2.3"><GO type="225" lobby="0"/><UN n0="%77%72%77%72%77%72%77%72" n1="%33%74%72%65%65" n2="%E3%81%B5%E3%81%98%E3%81%8B%E3%81%A4" n3="%65%6B%61%72%75%74%65" dan="17,16,16,16" rate="2180.86,2149.95,2124.63,2120.99" sx="M,F,M,M"/><TAIKYOKU oya="0"/><INIT seed="0,0,0,2,2,122" ten="250,250,250,250" oya="0" hai0="68,94,124,96,4,104,32,53,114,15,67,99,34" hai1="126,77,51,14,27,91,10,119,48,92,50,7,85" hai2="0,25,131,87,73,121,20,61,42,130,86,135,100" hai3="11,127,54,128,71,75,19,118,58,56,109,37,33"/><T88/><D114/><U5/><E119/><V63/><F121/><W30/><G118/><T23/><D124/><U38/><E126/><V8/><F73/><W108/><G71/><T83/><D83/><U105/><E105/><V81/><F100/><W18/><G127/><T113/><D113/><U111/><E38/><V82/><F42/><W39/><G75/><T132/><D132/><U107/><E107/><V89/><F135/><W49/><G128/><N who="2" m="49193" /><F8/><W12/><G56/><T106/><D106/><U79/><E111/><N who="3" m="42570" /><G18/><T24/><D67/><U133/><E133/><V101/><F0/><W41/><G41/><T2/><D2/><U95/><E5/><V59/><F59/><W93/><G93/><T117/><D68/><U55/><E92/><V90/><F101/><W102/><G102/><T134/><D134/><U1/><E1/><V21/><F21/><W43/><G43/><T6/><D117/><U129/><E129/><V57/><F57/><W35/><G30/><AGARI ba="0,0" hai="20,25,30,61,63,81,82,86,87,89,90" m="49193" machi="30" ten="30,1000,0" yaku="19,1" doraHai="122" who="2" fromWho="3" sc="250,0,250,0,250,10,250,-10" /><INIT seed="1,0,0,2,0,40" ten="250,250,260,240" oya="1" hai0="19,120,110,56,85,102,69,109,133,8,135,16,53" hai1="61,73,42,51,68,106,132,93,38,25,37,113,131" hai2="17,55,91,11,50,7,104,43,90,121,75,108,96" hai3="71,122,127,130,103,22,24,67,115,63,15,10,98"/><U4/><E106/><V34/><F108/><N who="0" m="41578" /><D69/><U6/><E113/><V99/><F34/><W83/><G115/><T82/><D102/><U9/><E73/><V72/><F43/><W45/><G122/><T60/><D120/><U94/><E131/><V126/><F17/><N who="0" m="6730" /><D8/><U3/><E4/><V27/><F27/><W118/><G130/><T128/><D128/><U107/><E107/><V74/><F126/><W105/><G127/><T116/><D116/><U101/><E101/><V39/><F39/><W52/><G83/><T21/><D21/><U48/><E38/><V125/><F125/><W49/><G118/><T58/><D56/><U46/><E132/><V114/><F114/><W44/><G24/><T1/><D1/><U47/><E25/><V12/><F121/><W62/><G22/><T33/><D33/><U97/><E97/><V26/><F26/><W32/><G32/><T31/><D31/><U2/><E2/><V81/><F99/><W78/><G78/><AGARI ba="0,0" hai="53,58,60,78,82,85,133,135" m="6730,41578" machi="78" ten="30,2000,0" yaku="14,1,54,1" doraHai="40" who="0" fromWho="3" sc="250,20,250,0,260,0,240,-20" /><INIT seed="2,0,0,2,4,119" ten="270,250,260,220" oya="2" hai0="116,0,39,81,121,132,127,129,131,78,18,109,60" hai1="21,61,24,94,10,45,34,98,28,130,65,54,133" hai2="12,44,59,42,43,101,79,30,5,55,50,83,100" hai3="99,22,69,56,134,46,66,70,105,31,96,32,36"/><V14/><F30/><W13/><G134/><T77/><D132/><U58/><E133/><V20/><F43/><W52/><G32/><T67/><D116/><U112/><E112/><V125/><F125/><W1/><G1/><T95/><D127/><U3/><E130/><N who="0" m="49673" /><D109/><U103/><E34/><V118/><F118/><W15/><G70/><T8/><D39/><U114/><E114/><V117/><F117/><W29/><G69/><T92/><D121/><U37/><E37/><V35/><F35/><W91/><G96/><T75/><D77/><U107/><E107/><V128/><F128/><W4/><G66/><T124/><D124/><U47/><REACH who="1" step="1"/><E54/><REACH who="1" ten="270,240,260,220" step="2"/><V110/><F55/><W51/><G105/><T41/><D41/><U73/><E73/><V25/><F110/><W120/><G36/><T108/><D108/><U126/><E126/><V76/><F42/><W27/><G120/><T72/><D72/><U62/><E62/><V102/><F50/><W53/><G53/><T113/><D113/><U111/><E111/><V7/><F44/><W26/><G46/><T122/><D122/><U23/><E23/><V17/><F20/><N who="3" m="15559" /><G4/><AGARI ba="0,1" hai="3,4,10,21,24,28,45,47,58,61,65,94,98,103" machi="4" ten="40,5200,0" yaku="1,1,25,2,53,0" doraHai="119" doraHaiUra="86" who="1" fromWho="3" sc="270,0,240,62,260,0,220,-52" /><INIT seed="3,0,0,5,4,0" ten="270,302,260,168" oya="3" hai0="106,62,42,28,11,15,88,8,71,87,116,82,57" hai1="91,124,4,58,67,26,44,86,78,30,113,24,123" hai2="94,14,76,100,77,97,132,133,103,55,12,84,111" hai3="18,63,128,46,40,37,1,96,120,89,135,117,81"/><W95/><G117/><T105/><D116/><U85/><E123/><V126/><F126/><W114/><G114/><T5/><D71/><U43/><E113/><V118/><F118/><W102/><G128/><T32/><D42/><U119/><E119/><V50/><F111/><W129/><G129/><T16/><D28/><U9/><E124/><V110/><F110/><W93/><G135/><N who="2" m="51785" /><F103/><W53/><G120/><T2/><D32/><U79/><E58/><N who="2" m="33143" /><F84/><W48/><G1/><T38/><D38/><U6/><E85/><V115/><F115/><W80/><G18/><T39/><D39/><U66/><E79/><AGARI ba="0,0" hai="12,14,76,77,79,94,97,100" m="33143,51785" machi="79" ten="30,1000,0" yaku="20,1" doraHai="0" who="2" fromWho="1" sc="270,0,302,-10,260,10,168,0" /><INIT seed="4,0,0,1,5,56" ten="270,292,270,168" oya="0" hai0="34,113,82,91,4,40,21,83,121,45,37,77,124" hai1="36,80,79,57,111,114,116,2,98,11,103,101,85" hai2="50,8,28,22,115,102,122,131,120,133,51,54,13" hai3="19,35,86,20,42,52,59,26,129,23,41,118,81"/><T9/><D121/><U55/><E111/><V100/><F115/><W73/><G129/><T12/><D34/><U39/><E116/><V1/><F1/><W53/><G118/><T38/><D113/><U32/><E32/><V108/><F108/><W128/><G128/><T10/><D124/><U78/><E78/><V69/><F69/><W126/><G126/><T125/><D125/><U92/><E114/><V89/><F131/><W106/><G73/><T104/><D104/><U15/><E101/><V119/><F119/><W47/><G35/><T76/><D21/><U132/><E132/><V96/><F133/><W70/><G70/><T63/><D63/><U18/><E2/><V60/><F89/><W130/><G130/><T25/><D25/><U33/><E33/><V97/><F28/><W72/><G72/><T43/><D91/><U46/><E46/><V74/><F22/><W16/><G106/><T58/><D58/><U112/><E112/><V14/><F74/><W61/><G53/><T105/><D105/><U7/><E7/><V94/><F50/><AGARI ba="0,0" hai="11,15,18,36,39,50,55,57,79,80,85,92,98,103" machi="50" ten="30,1000,0" yaku="7,1" doraHai="56" who="1" fromWho="2" sc="270,0,292,10,270,-10,168,0" owari="270,7.0,302,40.2,260,-14.0,168,-33.2" /></mjloggm>