<mjloggm ver="2.3"><GO type="225" lobby="0"/><UN n0="%43%68%65" n1="%E7%89%B9%E6%9D%B1%E3%81%AF%E4%B8%96%E7%95%8C%E3%82%92%E6%95%91%E3%81%86" n2="%4D%50%43%32%38%30%30" n3="%E3%81%B2%E3%81%AA%E3%81%AE%E3%82%8A%E3%81%8F" dan="16,16,16,16" rate="2163.02,2134.46,2117.36,2169.88" sx="M,M,M,M"/><TAIKYOKU oya="0"/><INIT seed="0,0,0,5,4,120" ten="250,250,250,250" oya="0" hai0="84,34,76,8,112,11,119,26,22,75,126,88,39" hai1="74,95,94,135,5,79,28,1,115,69,50,14,68" hai2="54,13,48,118,4,30,47,116,101,55,57,92,25" hai3="67,33,99,63,111,70,122,114,35,40,130,18,6"/><T17/><D112/><U131/><E1/><V15/><F101/><W98/><G114/><T128/><D119/><N who="2" m="45610" /><F92/><W73/><G73/><T77/><D39/><U102/><E95/><V16/><F4/><W61/><G6/><T127/><D75/><U23/><E28/><V42/><F55/><W65/><G40/><T27/><D128/><U24/><E94/><V83/><F83/><W41/><G41/><T31/><D11/><U78/><E102/><V49/><F16/><W108/><G18/><T125/><REACH who="0" step="1"/><D8/><REACH who="0" ten="240,250,250,250" step="2"/><U129/><E129/><V103/><F103/><W20/><G130/><T96/><D96/><U89/><E131/><V10/><F10/><W132/><G122/><T44/><D44/><U106/><E115/><V100/><F100/><W109/><G99/><T117/><D117/><U7/><E7/><V60/><F47/><W123/><G123/><T81/><AGARI ba="0,1" hai="17,22,26,27,31,34,76,77,81,84,88,125,126,127" machi="81" ten="30,11700,0" yaku="1,1,0,1,18,1,54,1,53,0" doraHai="120" doraHaiUra="3" who="0" fromWho="0" sc="240,127,250,-39,250,-39,250,-39" /><INIT seed="0,1,0,0,3,116" ten="367,211,211,211" oya="0" hai0="83,4,36,118,38,135,43,125,100,129,62,120,56" hai1="90,25,18,16,41,67,123,32,122,65,102,132,106" hai2="130,42,97,63,11,128,55,10,13,107,29,53,91" hai3="81,66,134,14,39,33,35,1,115,110,124,82,49"/><T74/><D118/><U6/><E6/><V89/><F42/><W133/><G39/><T31/><D100/><U75/><E75/><V69/><F29/><W48/><G1/><T85/><D74/><U64/><E41/><V68/><F107/><W45/><G115/><T7/><D31/><U44/><E44/><V121/><F97/><W19/><G110/><T58/><D120/><U70/><E70/><V112/><F13/><W60/><G124/><T23/><D58/><U72/><E72/><V9/><F63/><W105/><G105/><T93/><D93/><U40/><E40/><V30/><F30/><W59/><G82/><T5/><D125/><U47/><E47/><V96/><F96/><W27/><G81/><T50/><D135/><N who="3" m="51721" /><G27/><T113/><D129/><U127/><E127/><V57/><F57/><W71/><G71/><N who="2" m="27209" /><F121/><W78/><G78/><T111/><D113/><U22/><E132/><V86/><F86/><W79/><G79/><T117/><D117/><U126/><E126/><V98/><F98/><W95/><G95/><T24/><D38/><U3/><E3/><V21/><F21/><N who="3" m="11511" /><G48/><T84/><D50/><U104/><E104/><V37/><BYE who="1" /><F37/><W73/><G73/><T119/><D119/><UN n1="%E7%89%B9%E6%9D%B1%E3%81%AF%E4%B8%96%E7%95%8C%E3%82%92%E6%95%91%E3%81%86" /><U114/><E114/><V2/><F2/><W28/><G28/><N who="0" m="17439" /><D83/><U94/><E123/><V101/><F101/><W87/><G87/><N who="0" m="33355" /><D36/><U54/><E122/><V108/><F112/><W103/><G103/><T26/><D26/><N who="1" m="14663" /><E106/><V80/><F80/><W99/><G99/><T51/><D51/><U92/><E102/><V15/><F130/><W46/><G49/><RYUUKYOKU ba="1,0" sc="367,-10,211,-10,211,-10,211,30" hai3="33,35,45,46,59,60,66" /><INIT seed="1,2,0,2,2,84" ten="357,201,201,241" oya="1" hai0="11,34,66,89,52,123,21,7,93,133,94,90,78" hai1="12,56,85,36,49,29,42,91,65,47,35,69,5" hai2="100,111,117,102,103,39,32,112,26,132,67,57,106" hai3="40,53,92,131,18,107,104,68,113,95,15,80,0"/><U2/><E2/><V83/><F117/><W50/><G0/><T19/><D34/><U99/><E99/><V44/><F106/><W97/><G68/><T125/><D66/><U43/><E35/><V129/><F111/><W14/><G113/><T73/><D125/><U101/><E101/><V70/><F70/><W6/><G40/><T74/><D133/><U8/><E29/><V41/><F132/><W122/><G122/><T4/><D123/><U64/><E69/><V127/><F127/><W63/><G63/><T124/><D78/><U86/><E86/><V1/><F1/><W25/><G25/><T126/><D21/><U87/><E85/><V116/><F116/><W38/><G38/><T23/><D23/><U81/><REACH who="1" step="1"/><E56/><REACH who="1" ten="357,191,201,241" step="2"/><V96/><F32/><W115/><G97/><T22/><D126/><U17/><E17/><V77/><F112/><W28/><G18/><T72/><D124/><U20/><E20/><V33/><F33/><W114/><G28/><T98/><D11/><U45/><AGARI ba="2,1" hai="5,8,12,36,42,43,45,47,49,64,65,81,87,91" machi="45" ten="30,12000,1" yaku="1,1,0,1,52,1,53,2" doraHai="84" doraHaiUra="61" who="1" fromWho="1" sc="357,-42,191,136,201,-42,241,-42" /><INIT seed="1,3,0,3,2,25" ten="315,327,159,199" oya="1" hai0="123,8,70,32,12,7,51,118,15,129,102,111,125" hai1="30,101,44,52,66,85,60,134,92,19,74,78,122" hai2="10,90,24,42,63,48,82,58,89,103,14,33,106" hai3="126,107,119,23,135,81,9,31,54,49,112,104,130"/><U27/><E122/><V117/><F117/><W120/><G112/><T109/><D70/><U83/><E134/><V124/><F124/><W43/><G120/><T47/><D123/><U87/><E19/><V93/><F106/><W40/><G135/><T105/><D118/><U68/><E101/><V37/><F37/><W80/><G119/><T4/><D32/><U29/><E92/><V131/><F131/><W67/><G67/><T115/><D115/><U77/><E77/><V35/><F82/><N who="3" m="31851" /><G107/><T62/><D62/><U46/><E30/><V75/><F75/><W88/><G104/><T36/><D36/><U38/><E46/><V113/><F113/><W69/><G69/><T22/><D129/><U65/><E66/><V110/><F110/><N who="0" m="41994" /><D125/><U94/><E94/><V50/><F50/><W114/><G126/><T1/><D22/><U55/><E55/><V41/><F35/><W3/><G130/><T57/><D57/><U16/><E16/><N who="2" m="8279" /><F33/><W61/><G61/><T56/><D56/><U45/><E45/><N who="2" m="25647" /><F42/><W2/><G114/><T26/><D105/><U64/><E64/><N who="2" m="39031" /><F24/><N who="3" m="16799" /><G43/><T53/><D26/><U95/><E95/><V71/><F71/><W79/><G40/><T28/><D53/><U6/><E38/><V5/><F5/><W39/><G39/><T13/><D7/><U127/><E6/><V98/><AGARI ba="3,0" hai="89,90,93,98,103" m="39031,25647,8279" machi="98" ten="30,2000,0" yaku="8,1,54,1" doraHai="25" who="2" fromWho="2" sc="315,-8,327,-13,159,29,199,-8" /><INIT seed="2,0,0,5,1,2" ten="307,314,188,191" oya="2" hai0="14,31,71,17,132,70,27,98,67,5,73,108,68" hai1="47,81,99,106,63,86,41,9,118,22,105,59,21" hai2="103,40,112,96,53,46,133,26,18,97,91,75,36" hai3="125,126,122,52,1,25,29,48,13,123,64,102,45"/><V12/><F112/><W19/><G1/><T80/><D108/><U113/><E118/><V111/><F75/><W131/><G64/><T50/><D132/><U51/><E113/><V33/><F133/><W89/><G102/><T56/><D98/><U74/><E74/><V4/><F111/><W119/><G119/><T43/><D5/><U34/><E34/><V129/><F129/><W69/><G69/><T38/><D38/><U49/><E49/><V130/><F130/><W37/><G37/><T76/><D67/><U28/><E9/><V93/><F53/><W88/><G123/><T115/><D115/><U135/><E135/><V42/><F42/><W7/><G7/><T61/><D61/><U66/><E28/><V55/><F55/><W44/><G45/><T62/><D62/><U57/><E57/><V24/><F33/><N who="3" m="20655" /><G122/><T121/><D121/><U90/><E99/><V10/><REACH who="2" step="1"/><F18/><REACH who="2" ten="307,314,178,191" step="2"/><W92/><G131/><T109/><D109/><U58/><E41/><V23/><F23/><N who="3" m="11759" /><G92/><AGARI ba="0,1" hai="4,10,12,24,26,36,40,46,91,92,93,96,97,103" machi="92" ten="30,5800,0" yaku="1,1,7,1,52,1,53,0" doraHai="2" doraHaiUra="54" who="2" fromWho="3" sc="307,0,314,0,178,68,191,-58" /><INIT seed="2,1,0,1,5,130" ten="307,314,246,133" oya="2" hai0="60,106,88,46,123,33,57,108,133,91,77,90,21" hai1="6,126,86,85,47,49,109,25,70,122,59,82,5" hai2="32,65,22,125,52,118,73,3,43,15,36,54,56" hai3="48,112,114,55,7,63,129,110,78,2,81,4,11"/><V40/><F3/><W51/><G129/><T97/><D33/><U124/><E70/><V115/><F32/><W44/><G110/><T1/><D123/><U20/><E109/><V96/><F73/><W18/><G7/><T31/><D1/><U50/><E59/><V92/><F115/><W34/><G34/><T102/><D108/><U75/><E75/><V42/><F118/><W103/><G103/><T132/><D77/><N who="1" m="46287" /><E86/><V127/><F36/><W24/><G63/><T87/><D46/><U72/><E50/><V119/><F119/><W66/><G66/><T23/><D87/><U120/><E72/><V94/><F94/><W134/><G51/><T69/><D69/><U37/><E6/><V67/><F22/><W107/><G107/><T104/><D104/><U111/><E5/><V12/><F67/><W9/><G24/><T30/><D23/><U80/><E80/><V128/><F65/><W71/><G71/><T121/><D121/><N who="1" m="46699" /><E37/><V100/><F128/><W10/><G4/><T83/><D83/><U89/><E89/><V105/><F105/><W45/><G2/><T39/><D39/><U27/><E27/><V76/><F76/><W84/><G45/><T8/><D8/><U0/><E0/><V64/><F64/><W53/><G11/><T61/><D21/><U98/><E98/><V14/><REACH who="2" step="1"/><F54/><REACH who="2" ten="307,314,236,133" step="2"/><W113/><G55/><T95/><D106/><U13/><E111/><V26/><F26/><W117/><G117/><T68/><D68/><U116/><E116/><V38/><F38/><W17/><G112/><T58/><D95/><U35/><E35/><RYUUKYOKU ba="1,1" sc="307,-10,314,-10,236,30,133,-10" hai2="12,14,15,40,42,43,52,56,92,96,100,125,127" /><INIT seed="2,2,1,0,5,79" ten="297,304,266,123" oya="2" hai0="103,127,114,75,92,115,42,26,41,126,132,88,110" hai1="86,20,107,40,1,128,83,129,61,70,33,130,80" hai2="60,25,65,121,119,7,133,90,43,87,57,116,68" hai3="28,105,24,113,135,22,108,54,89,13,77,36,52"/><V93/><F121/><W56/><G135/><T45/><D132/><U76/><E33/><V104/><F133/><W59/><G108/><T73/><D103/><U67/><E1/><V30/><F104/><W18/><G36/><T2/><D2/><U53/><E107/><V91/><F7/><W117/><G117/><T34/><D110/><U44/><E53/><V109/><F109/><W82/><G105/><T84/><D26/><U37/><E20/><V66/><F43/><N who="0" m="16394" /><D45/><U8/><REACH who="1" step="1"/><E80/><REACH who="1" ten="297,294,266,123" step="2"/><V6/><F116/><W74/><G113/><N who="0" m="43019" /><D34/><U85/><E85/><V16/><F119/><W29/><G29/><T3/><D3/><U17/><E17/><V94/><F6/><W96/><G96/><T27/><D27/><U11/><AGARI ba="2,2" hai="8,11,37,40,44,61,67,70,76,83,86,128,129,130" machi="11" ten="40,8000,1" yaku="1,1,0,1,19,1,52,1,53,0" doraHai="79" doraHaiUra="120" who="1" fromWho="1" sc="297,-22,294,106,266,-42,123,-22" /><INIT seed="3,0,0,4,4,73" ten="275,400,224,101" oya="3" hai0="34,102,24,92,87,63,53,46,44,115,43,68,67" hai1="108,9,91,10,71,0,45,41,2,66,11,72,103" hai2="127,114,13,14,25,74,33,5,130,19,98,96,6" hai3="35,55,121,89,81,39,49,48,62,60,75,132,83"/><W76/><G121/><T20/><D34/><U61/><E72/><V36/><F74/><W113/><G113/><T117/><D117/><U80/><E103/><V12/><F36/><W18/><G39/><T126/><D115/><U94/><E80/><V119/><F114/><W85/><G132/><T88/><D126/><U30/><E30/><V1/><F119/><W51/><G35/><T86/><D102/><U105/><E105/><V69/><F69/><W90/><G55/><T59/><D87/><U4/><E2/><V52/><F1/><W8/><REACH who="3" step="1"/><G89/><REACH who="3" ten="275,400,224,91" step="2"/><T124/><D124/><U116/><E116/><V16/><F127/><W107/><G107/><T57/><D43/><U82/><E91/><V38/><F38/><W27/><G27/><T50/><D68/><U7/><E41/><V99/><F130/><W135/><G135/><T22/><D22/><U134/><E71/><V21/><F33/><W97/><G97/><T31/><AGARI ba="0,1" hai="20,24,31,44,46,50,53,57,59,63,67,86,88,92" machi="31" ten="20,5200,0" yaku="0,1,7,1,8,1,54,1" doraHai="73" who="0" fromWho="0" sc="275,62,400,-13,224,-13,91,-26" owari="337,13.7,387,48.7,211,-18.9,65,-43.5" /></mjloggm>