<mjloggm ver="2.3"><GO type="225" lobby="0"/><UN n0="%E3%81%BF%E3%81%BF%E3%81%9A" n1="%E3%81%B2%E3%81%AA%E3%81%AE%E3%82%8A%E3%81%8F" n2="%E6%9A%87%E4%BA%BA%EF%BC%A0%E9%85%8D%E4%BF%A1%E5%9E%A2" n3="%E8%BE%9B%E5%8F%A3%E3%82%AB%E3%83%AC%E3%83%BC%E3%83%A9%E3%82%A4%E3%82%B9" dan="16,17,17,16" rate="2110.91,2207.76,2188.77,2203.38" sx="M,M,F,M"/><TAIKYOKU oya="0"/><INIT seed="0,0,0,1,5,52" ten="250,250,250,250" oya="0" hai0="11,47,40,77,92,14,0,128,65,93,102,50,118" hai1="19,70,66,4,46,9,10,45,124,114,62,29,73" hai2="33,51,72,69,91,106,53,39,120,103,22,113,67" hai3="129,38,96,54,48,119,132,133,83,76,18,99,64"/><T123/><D118/><U116/><E116/><V12/><F120/><W25/><G119/><T109/><D123/><U56/><E114/><V36/><F33/><W87/><G38/><T107/><D0/><U6/><E73/><V115/><F72/><W105/><G64/><T44/><D128/><U20/><E29/><V8/><F22/><N who="3" m="13527" /><G105/><T125/><D125/><U34/><E34/><V112/><F91/><W90/><G90/><T2/><D2/><U30/><E30/><V98/><F67/><W74/><G74/><T110/><D77/><U75/><E75/><V117/><F69/><W63/><G63/><T86/><D65/><U81/><E124/><V58/><REACH who="2" step="1"/><F117/><REACH who="2" ten="250,250,240,250" step="2"/><W5/><G129/><T43/><D86/><U79/><E70/><V7/><AGARI ba="0,1" hai="7,8,12,36,39,51,53,58,98,103,106,112,113,115" machi="7" ten="30,12000,2" yaku="1,1,2,1,0,1,52,1,53,3" doraHai="52" doraHaiUra="111" who="2" fromWho="2" sc="250,-60,250,-30,240,130,250,-30" /><INIT seed="1,0,0,0,5,80" ten="190,220,370,220" oya="1" hai0="121,24,3,79,54,107,116,92,130,16,112,48,10" hai1="68,50,66,59,106,89,12,84,85,5,78,111,47" hai2="134,22,32,126,128,114,122,65,51,129,53,28,33" hai3="88,93,40,30,57,97,104,94,37,118,17,35,18"/><U91/><E106/><V21/><F122/><W113/><G113/><T13/><D112/><U2/><E2/><V31/><F114/><W60/><G104/><T100/><D116/><U135/><E68/><V4/><F65/><W61/><G118/><T117/><D117/><U43/><E135/><V108/><F134/><W6/><G6/><T102/><D121/><U120/><E120/><V127/><F4/><W64/><G35/><N who="2" m="13385" /><F51/><W81/><G30/><N who="2" m="11305" /><F108/><W62/><G81/><T90/><D130/><N who="2" m="50282" /><F53/><W75/><G40/><T56/><D3/><U125/><E111/><V132/><F132/><W58/><G37/><T8/><D107/><U55/><E125/><AGARI ba="0,0" hai="21,22,125,126,127" m="50282,11305,13385" machi="125" ten="40,12000,2" yaku="28,2,18,1,19,1,34,2" doraHai="80" who="2" fromWho="1" sc="190,0,220,-120,370,120,220,0" /><INIT seed="2,0,0,5,5,91" ten="190,100,490,220" oya="2" hai0="90,98,10,95,9,113,127,33,110,116,12,29,49" hai1="3,34,0,54,106,63,13,32,80,60,53,77,134" hai2="69,50,40,18,64,132,46,57,104,103,82,15,75" hai3="111,131,37,55,102,108,119,120,73,96,72,135,65"/><V89/><F132/><W1/><G119/><T62/><D113/><U48/><E106/><V126/><F126/><W114/><G120/><T83/><D127/><U93/><E134/><V16/><F69/><W41/><G135/><T20/><D116/><U94/><E13/><V129/><F129/><W31/><G1/><T97/><D110/><N who="3" m="42025" /><G65/><T44/><D33/><U38/><E48/><V92/><F104/><W26/><G55/><T70/><D70/><U121/><E80/><V115/><F115/><W36/><G131/><T105/><D62/><U123/><REACH who="1" step="1"/><E77/><REACH who="1" ten="190,90,490,220" step="2"/><V133/><F133/><W85/><G114/><T66/><D105/><U58/><E58/><V86/><F15/><W7/><G37/><AGARI ba="0,1" hai="0,3,32,34,37,38,53,54,60,63,93,94,121,123" machi="37" ten="25,12000,2" yaku="1,1,22,2,52,2,53,2" doraHai="91" doraHaiUra="68" who="1" fromWho="3" sc="190,0,90,130,490,0,220,-120" /><INIT seed="3,0,0,5,2,76" ten="190,220,490,100" oya="3" hai0="2,78,112,80,64,110,124,20,134,83,50,27,117" hai1="8,88,7,6,33,41,1,62,97,13,104,132,32" hai2="114,89,84,40,57,36,34,90,4,39,16,98,28" hai3="102,126,119,115,128,103,85,69,72,61,11,121,107"/><W0/><RYUUKYOKU type="yao9" ba="0,0" sc="190,0,220,0,490,0,100,0" hai3="0,11,61,69,72,85,102,103,107,115,119,121,126,128" /><INIT seed="3,1,0,0,3,129" ten="190,220,490,100" oya="3" hai0="119,43,11,56,49,98,39,135,38,2,27,58,121" hai1="117,14,125,131,70,109,51,75,72,6,30,35,73" hai2="89,37,41,97,55,59,122,23,45,66,112,3,107" hai3="22,79,81,132,74,47,84,127,82,40,65,20,17"/><W105/><G127/><T7/><D119/><U54/><E35/><V13/><F3/><W134/><G105/><T114/><D121/><U86/><E70/><V91/><F112/><W16/><G65/><T87/><D114/><U67/><E67/><V48/><F122/><W5/><G5/><T102/><D58/><U0/><E0/><V120/><F120/><W10/><G10/><T24/><D87/><U113/><E30/><V12/><F66/><W60/><G60/><T128/><D128/><U69/><E69/><V77/><F77/><W110/><G110/><T53/><D135/><N who="3" m="51753" /><G22/><T68/><D68/><U116/><E6/><V76/><F76/><N who="3" m="46119" /><G20/><T118/><D118/><U28/><E109/><V9/><F23/><W95/><G95/><T36/><REACH who="0" step="1"/><D43/><REACH who="0" ten="180,220,490,100" step="2"/><U93/><E117/><V133/><F9/><W31/><G31/><T101/><D101/><U26/><E28/><V103/><F133/><W90/><G90/><T57/><D57/><U115/><E116/><V96/><F91/><W126/><G126/><T85/><D85/><U33/><E86/><V123/><F123/><W108/><G108/><T63/><D63/><U42/><E125/><V32/><F32/><W62/><G62/><T21/><D21/><U15/><E115/><V124/><F124/><W8/><G8/><T29/><D29/><U100/><E113/><V44/><F89/><W25/><G25/><T80/><D80/><U104/><E26/><V99/><F59/><W50/><AGARI ba="1,1" hai="16,17,40,47,50,74,79,82" m="46119,51753" machi="50" ten="30,12000,1" yaku="20,1,52,3,54,1" doraHai="129" who="3" fromWho="3" sc="180,-41,220,-41,490,-41,100,133" /><INIT seed="3,2,0,0,0,34" ten="139,179,449,233" oya="3" hai0="18,10,112,95,51,16,122,96,54,8,68,77,111" hai1="80,1,30,117,103,126,102,123,116,9,110,120,72" hai2="106,90,118,132,35,108,4,113,32,81,98,41,94" hai3="135,91,53,6,66,87,56,64,0,7,121,99,62"/><W29/><G121/><N who="1" m="46666" /><E30/><V14/><F118/><N who="1" m="45673" /><E110/><V74/><F113/><W78/><G135/><T60/><D122/><U69/><E69/><V22/><F108/><W38/><G38/><T92/><D111/><U130/><E130/><V67/><F132/><W105/><G29/><T48/><D112/><U44/><E44/><V57/><F41/><W70/><G78/><T65/><D77/><N who="1" m="44071" /><E126/><V84/><F106/><W109/><G70/><T24/><D92/><U93/><E93/><V61/><F74/><W134/><G134/><T133/><D133/><U115/><E115/><V5/><F35/><W25/><G109/><T85/><D85/><U76/><E76/><V75/><F75/><W52/><G87/><T11/><D24/><U59/><E59/><V15/><F32/><W37/><G56/><T107/><D107/><U114/><E114/><V17/><F15/><W23/><G25/><T128/><D128/><U55/><E55/><V39/><F39/><W13/><G53/><T26/><D26/><U40/><E40/><V27/><F27/><W49/><G52/><T131/><D131/><U19/><E19/><V20/><F20/><W2/><G23/><T125/><D125/><U101/><E101/><AGARI ba="2,0" hai="4,5,14,17,22,57,61,67,81,84,90,94,98,101" machi="101" ten="30,2000,0" yaku="7,1,8,1" doraHai="34" who="2" fromWho="1" sc="139,0,179,-26,449,26,233,0" owari="139,-36.1,153,-24.7,475,57.5,233,3.3" /></mjloggm>