<mjloggm ver="2.3"><GO type="225" lobby="0"/><UN n0="%E3%83%B4%E3%83%A0%EF%BC%99%E3%81%A6" n1="%41%54%53%4D" n2="%E6%A1%9C%E8%8A%B1%E9%96%83%E3%80%85" n3="%6D%6F%6E%63%68%69" dan="17,16,17,16" rate="2255.47,2106.08,2258.98,2043.00" sx="M,M,M,M"/><TAIKYOKU oya="0"/><INIT seed="0,0,0,4,0,77" ten="250,250,250,250" oya="0" hai0="88,28,99,62,130,105,2,17,54,67,14,35,93" hai1="39,6,66,114,59,83,92,41,47,121,64,75,71" hai2="112,11,68,25,38,86,24,118,122,33,52,79,106" hai3="113,132,78,10,29,15,45,91,135,90,89,94,72"/><T101/><D2/><U16/><E121/><V18/><F122/><W60/><G29/><T61/><D130/><U69/><E114/><V107/><F112/><W34/><G34/><T57/><D35/><U43/><E6/><V21/><F38/><W30/><G30/><T129/><D28/><U31/><E31/><V125/><F68/><N who="1" m="26185" /><E16/><N who="2" m="12327" /><F33/><W50/><G60/><T81/><D129/><U56/><E92/><V23/><F107/><W8/><G94/><T108/><D108/><U55/><E83/><N who="2" m="47487" /><F106/><W44/><G113/><T36/><D36/><N who="1" m="21927" /><E75/><V133/><F133/><W65/><G135/><T82/><D105/><U42/><E39/><V116/><F125/><W37/><G132/><T131/><D131/><U127/><E127/><V53/><F11/><W13/><G37/><T20/><D101/><U97/><E97/><V73/><F73/><W111/><G111/><T96/><D96/><U48/><E59/><AGARI ba="0,0" hai="14,17,20,54,57,59,61,62,67,81,82,88,93,99" machi="59" ten="30,12000,1" yaku="7,1,8,1,52,2,54,1" doraHai="77" who="0" fromWho="1" sc="250,120,250,-120,250,0,250,0" /><INIT seed="0,1,0,3,3,34" ten="370,130,250,250" oya="0" hai0="103,57,114,53,4,5,101,1,33,30,110,128,126" hai1="116,43,113,12,98,75,134,133,78,64,46,48,118" hai2="79,67,11,122,25,44,66,86,106,47,29,32,14" hai3="132,130,27,81,73,9,72,20,135,7,111,6,24"/><T28/><D114/><U90/><E12/><V56/><F106/><W13/><G81/><T85/><D126/><U61/><E90/><V119/><F122/><W91/><G91/><T42/><D128/><U125/><E98/><V92/><F119/><N who="1" m="45609" /><E78/><V51/><F44/><W65/><G65/><T68/><D68/><N who="1" m="41999" /><E75/><V117/><F56/><W37/><G37/><T40/><D85/><U115/><E125/><V26/><F26/><W39/><G39/><T100/><D4/><U3/><E3/><V96/><F117/><W105/><G105/><T102/><D102/><U31/><E31/><V131/><F131/><W0/><G130/><T121/><D121/><U38/><E48/><V89/><F79/><W99/><G99/><T104/><D30/><U45/><E46/><V52/><REACH who="2" step="1"/><F96/><REACH who="2" ten="370,130,240,250" step="2"/><W71/><G71/><T15/><D104/><U69/><E69/><V10/><F10/><N who="3" m="2375" /><G72/><T21/><D57/><U87/><E87/><V124/><F124/><W63/><G73/><T123/><D123/><U84/><E84/><V62/><F62/><W83/><G63/><T74/><D74/><U41/><E43/><V8/><F8/><W50/><G27/><T129/><D40/><U17/><E17/><AGARI ba="1,1" hai="11,14,17,25,29,32,47,51,52,66,67,86,89,92" machi="17" ten="30,3900,0" yaku="1,1,7,1,54,1,53,0" doraHai="34" doraHaiUra="76" who="2" fromWho="1" sc="370,0,130,-42,240,52,250,0" /><INIT seed="1,0,0,2,1,27" ten="370,88,292,250" oya="1" hai0="119,61,56,11,19,108,126,68,124,29,14,4,54" hai1="131,94,118,127,48,120,67,96,107,70,17,110,116" hai2="10,62,57,85,53,97,133,58,44,87,93,2,7" hai3="65,128,88,24,33,111,6,51,135,60,38,69,86"/><U32/><E120/><V23/><F133/><W21/><G38/><T123/><D119/><U75/><E127/><N who="0" m="48681" /><D108/><U73/><E131/><V134/><F134/><W36/><G111/><T102/><D123/><U55/><E110/><V42/><F58/><W26/><G36/><T79/><D79/><U104/><E17/><V66/><F66/><W89/><G6/><T20/><D102/><U50/><E32/><V76/><F76/><W8/><G8/><T47/><D47/><U43/><E43/><V71/><F71/><W129/><G51/><T64/><D29/><U99/><E67/><V52/><F23/><W63/><G135/><T109/><D109/><U113/><E70/><V18/><F53/><W100/><G100/><T78/><D78/><U125/><E125/><V25/><F25/><W45/><G45/><T12/><D68/><U59/><E113/><V95/><F18/><W41/><G41/><T77/><D77/><U34/><E34/><V28/><F28/><W121/><G121/><T98/><D98/><U72/><E48/><V16/><F16/><N who="3" m="12327" /><G60/><T30/><D30/><U35/><E35/><V82/><F97/><W0/><G86/><T22/><D22/><U132/><E132/><V90/><REACH who="2" step="1"/><F85/><REACH who="2" ten="370,88,282,250" step="2"/><W122/><G122/><T105/><D64/><U115/><E115/><V106/><F106/><AGARI ba="0,1" hai="4,11,12,14,19,20,54,56,61,105,106" m="48681" machi="106" ten="30,1000,0" yaku="18,1" doraHai="27" who="0" fromWho="2" sc="370,20,88,0,282,-10,250,0" /><INIT seed="2,0,0,2,1,103" ten="390,88,272,250" oya="2" hai0="45,11,12,74,66,35,85,53,34,77,46,89,20" hai1="80,42,33,9,71,135,88,26,108,83,5,22,115" hai2="59,128,130,68,102,81,112,16,21,76,121,124,131" hai3="129,97,109,126,134,101,13,79,25,105,47,23,110"/><V63/><F124/><W123/><G123/><T114/><D114/><U3/><E115/><V132/><F112/><W18/><G126/><T82/><D66/><U10/><E71/><V55/><F132/><W27/><G134/><T116/><D116/><U1/><E135/><V98/><F68/><W100/><G79/><T57/><D34/><U120/><E120/><V69/><F69/><W99/><G47/><T38/><D35/><U67/><E26/><V7/><F7/><W14/><G27/><T41/><D20/><U19/><E33/><V2/><F2/><W17/><G25/><T8/><D45/><U52/><E108/><V125/><F125/><W118/><G129/><T58/><D8/><U37/><E67/><V95/><F121/><W39/><G39/><T64/><D64/><U73/><E52/><V56/><F56/><W86/><G86/><T87/><D89/><U133/><E133/><V32/><F32/><W62/><G62/><T91/><D91/><U30/><E30/><V65/><F65/><W72/><G72/><T60/><D57/><U51/><E37/><V6/><F6/><AGARI ba="0,0" hai="6,11,12,38,41,46,53,58,60,74,77,82,85,87" machi="6" ten="30,1000,0" yaku="7,1" doraHai="103" who="0" fromWho="2" sc="390,10,88,0,272,-10,250,0" /><INIT seed="3,0,0,0,1,23" ten="400,88,262,250" oya="3" hai0="98,36,69,8,41,28,53,12,99,78,16,45,27" hai1="96,47,18,131,91,117,89,92,13,14,26,64,25" hai2="5,125,111,83,109,135,6,60,20,62,127,80,24" hai3="90,15,93,115,61,124,48,30,85,79,130,101,102"/><W133/><G124/><N who="2" m="47689" /><F135/><W70/><G130/><T46/><D69/><U100/><E131/><V87/><F62/><W1/><G133/><T38/><D78/><U116/><E64/><V42/><F60/><W11/><G1/><T33/><D53/><U52/><E116/><V44/><F5/><W134/><G115/><T32/><D32/><U128/><E117/><V51/><F6/><W39/><G39/><T68/><D68/><U74/><E74/><V54/><F42/><AGARI ba="0,0" hai="8,12,16,27,28,33,36,38,41,42,45,46,98,99" machi="42" ten="40,5200,0" yaku="9,1,52,1,54,1" doraHai="23" who="0" fromWho="2" sc="400,52,88,0,262,-52,250,0" owari="452,55.2,88,-41.2,210,-19.0,250,5.0" /></mjloggm>