<mjloggm ver="2.3"><GO type="225" lobby="0"/><UN n0="%E3%81%BF%E3%81%BF%E3%81%9A" n1="%E3%81%AA%E3%81%A1%30%39%32%37" n2="%53%61%63%68%69%30%34" n3="%E7%89%B9%E6%9D%B1%E3%81%AF%E4%B8%96%E7%95%8C%E3%82%92%E6%95%91%E3%81%86" dan="17,16,16,16" rate="2207.68,2079.02,2084.46,2146.56" sx="M,M,M,M"/><TAIKYOKU oya="0"/><INIT seed="0,0,0,4,3,132" ten="250,250,250,250" oya="0" hai0="115,134,120,31,101,20,78,64,7,6,67,81,110" hai1="5,97,124,125,16,96,92,135,54,128,32,69,122" hai2="87,55,42,58,60,29,47,11,107,109,3,114,105" hai3="130,65,12,113,50,80,57,90,52,34,104,21,14"/><T37/><D115/><U18/><E122/><V75/><F114/><W68/><G113/><T27/><D120/><U89/><E135/><V59/><F75/><W4/><G34/><T44/><D134/><U48/><E128/><V9/><F109/><W79/><G104/><T35/><D101/><U15/><E69/><V28/><F59/><W83/><G130/><T53/><D110/><U131/><E131/><V41/><F3/><W123/><G123/><T74/><D35/><U45/><E32/><V71/><F71/><W72/><G4/><T129/><D129/><U95/><E5/><V103/><F87/><W70/><G21/><T85/><D74/><U117/><E117/><V76/><F76/><W99/><G70/><T62/><D37/><U24/><E24/><V112/><F112/><W43/><G43/><T1/><D1/><U126/><E15/><V30/><F42/><W39/><G39/><T93/><D93/><U82/><E82/><V73/><F73/><W22/><G22/><T91/><D78/><U26/><E26/><V86/><F86/><N who="3" m="50503" /><G99/><T108/><D108/><U102/><AGARI ba="0,0" hai="16,18,45,48,54,89,92,95,96,97,102,124,125,126" machi="102" ten="30,12000,2" yaku="0,1,18,1,52,3,54,1" doraHai="132" who="1" fromWho="1" sc="250,-60,250,120,250,-30,250,-30" /><INIT seed="1,0,0,0,5,15" ten="190,370,220,220" oya="1" hai0="25,111,127,96,54,62,61,13,115,45,19,27,59" hai1="66,10,73,109,89,74,40,21,68,134,94,48,64" hai2="49,105,43,99,70,51,7,6,77,38,0,133,20" hai3="32,83,104,5,39,44,8,37,58,67,128,17,9"/><U98/><E134/><V26/><F133/><W131/><G104/><T81/><D115/><U29/><E109/><V50/><F70/><W102/><G32/><T125/><D111/><U123/><E123/><V124/><F124/><N who="0" m="47690" /><D81/><U22/><E73/><V132/><F132/><W120/><G120/><T69/><D96/><U75/><E75/><V126/><F126/><W46/><G102/><T122/><D122/><U108/><E74/><V95/><F105/><W28/><G28/><T65/><D45/><N who="3" m="17513" /><G83/><T36/><D36/><N who="3" m="13897" /><G67/><T60/><D60/><U23/><E66/><V71/><F77/><W76/><G58/><T33/><D33/><U130/><E64/><V121/><F121/><W53/><G53/><T47/><D47/><U72/><E98/><V80/><F38/><W92/><G92/><T117/><D117/><U129/><E94/><V4/><F80/><W84/><G84/><T87/><D87/><U114/><E72/><V79/><F79/><W88/><G88/><T14/><D14/><U35/><E89/><N who="2" m="55791" /><F0/><N who="3" m="39" /><G76/><T97/><D97/><U106/><E35/><V57/><F71/><W107/><G107/><T78/><D78/><U90/><E106/><V31/><F43/><W12/><G131/><T42/><D42/><U112/><E68/><V11/><F57/><W82/><G82/><T93/><D93/><U52/><E129/><V116/><F116/><W135/><G135/><T16/><D13/><U2/><E130/><V18/><F50/><W3/><G128/><T86/><D86/><U110/><E108/><V100/><F100/><W101/><G101/><T118/><D118/><RYUUKYOKU ba="0,0" sc="190,10,370,-30,220,10,220,10" hai0="16,19,25,27,54,59,61,62,65,69" hai2="4,6,7,11,18,20,26,31,49,51" hai3="3,9,12,17" /><INIT seed="2,1,0,1,3,14" ten="200,340,230,230" oya="2" hai0="34,130,73,3,109,41,22,125,30,18,27,84,85" hai1="33,69,104,5,96,101,49,94,43,52,6,1,26" hai2="91,78,62,58,37,40,126,131,102,133,115,38,28" hai3="45,112,103,88,35,80,11,54,108,70,119,110,25"/><V99/><F115/><W111/><G119/><T32/><D73/><U12/><E1/><V93/><F126/><W90/><G112/><T118/><D125/><U134/><E43/><V56/><F131/><W24/><G70/><T77/><D130/><U67/><E12/><V81/><F133/><W29/><G103/><T7/><D118/><U44/><E94/><V97/><F28/><N who="3" m="19847" /><G11/><N who="0" m="2559" /><D77/><U48/><E48/><V82/><F40/><W55/><G80/><T124/><D41/><U132/><E6/><V19/><F19/><W51/><G55/><T98/><D98/><U23/><E23/><AGARI ba="1,0" hai="23,25,29,45,51,54,88,90,108,110,111" m="19847" machi="23" ten="30,2000,0" yaku="14,1,54,1" doraHai="14" who="3" fromWho="1" sc="200,0,340,-23,230,0,230,23" /><INIT seed="3,0,0,3,4,35" ten="200,317,230,253" oya="3" hai0="74,80,67,135,13,42,99,87,16,104,39,100,73" hai1="15,9,61,19,24,44,17,112,113,97,48,57,29" hai2="50,41,32,77,8,23,92,6,12,10,109,85,122" hai3="18,86,121,59,63,133,78,123,114,4,60,47,127"/><W33/><G114/><T71/><D135/><U54/><E97/><V132/><F132/><W118/><G133/><T130/><D130/><U98/><E98/><V124/><F109/><W70/><G33/><T51/><D39/><U22/><E19/><N who="2" m="10727" /><F32/><W111/><G118/><T27/><D27/><U126/><E126/><V75/><F75/><W14/><G127/><T84/><D84/><U11/><E11/><N who="2" m="4139" /><F124/><W83/><G4/><T64/><D51/><U105/><E105/><V117/><F117/><W119/><G119/><T7/><D42/><AGARI ba="0,0" hai="9,15,17,22,24,29,42,44,48,54,57,61,112,113" machi="42" ten="30,1000,0" yaku="7,1" doraHai="35" who="1" fromWho="0" sc="200,-10,317,10,230,0,253,0" owari="190,-31.0,327,42.7,230,-17.0,253,5.3" /></mjloggm>