<mjloggm ver="2.3"><GO type="225" lobby="0"/><UN n0="%28%EF%BF%A3%E2%96%BD%EF%BF%A3%29%CE%B4%E2%8C%92%E3%83%BB" n1="%E5%8D%A0%E3%81%84%E5%B8%AB%E8%A3%8F%E3%81%AA%E3%81%84%E3%81%97" n2="%77%72%77%72%77%72%77%72" n3="%E3%81%A4%E3%81%A3%E3%81%B1%E3%82%8A%E3%83%9D%E3%83%BC%E3%83%AB" dan="16,17,17,16" rate="2221.45,2190.91,2208.32,2116.78" sx="M,M,M,M"/><TAIKYOKU oya="0"/><INIT seed="0,0,0,5,3,90" ten="250,250,250,250" oya="0" hai0="108,93,48,133,2,95,33,7,67,44,100,111,98" hai1="81,13,92,66,11,22,71,39,75,32,72,83,107" hai2="70,43,38,16,52,20,34,122,17,4,102,130,12" hai3="23,101,106,5,80,85,74,116,127,73,131,6,103"/><T58/><D33/><U86/><E107/><V37/><F122/><W117/><G23/><T50/><D133/><U69/><E39/><V96/><F34/><W76/><G6/><T54/><D7/><U19/><E32/><V42/><F70/><W135/><G5/><T40/><D2/><U0/><E0/><V59/><F130/><W121/><G135/><T53/><D67/><U129/><E129/><V99/><F4/><W113/><G131/><T45/><REACH who="0" step="1"/><D95/><REACH who="0" ten="240,250,250,250" step="2"/><U41/><E66/><V89/><F37/><AGARI ba="0,1" hai="37,40,44,45,48,50,53,54,58,93,98,100,108,111" machi="37" ten="40,7700,0" yaku="1,1,2,1,52,1,53,0" doraHai="90" doraHaiUra="115" who="0" fromWho="2" sc="240,87,250,0,250,-77,250,0" /><INIT seed="0,1,0,4,1,67" ten="327,250,173,250" oya="0" hai0="45,128,7,113,93,25,24,81,101,96,52,30,26" hai1="46,57,85,105,61,1,124,89,56,50,121,17,18" hai2="71,55,54,90,11,92,41,88,91,134,28,76,108" hai3="72,63,6,10,84,15,117,75,125,36,47,16,79"/><T2/><D113/><U130/><E121/><V123/><F123/><W100/><G117/><T95/><D128/><U59/><E1/><V40/><F108/><W107/><G125/><T118/><D118/><U82/><E124/><V110/><F110/><W62/><G107/><T20/><D2/><U129/><E105/><V22/><F134/><W51/><G36/><T33/><D7/><U98/><E61/><V83/><F71/><W13/><G100/><T29/><D81/><U27/><E98/><V135/><F135/><W9/><G75/><T8/><D8/><U87/><E27/><N who="2" m="16503" /><F11/><W43/><G72/><T77/><D77/><U94/><E129/><V73/><F73/><W49/><G49/><N who="0" m="28719" /><D33/><U112/><E112/><V80/><F92/><W66/><G66/><T74/><D74/><U126/><E126/><V21/><F21/><W111/><G111/><T78/><D78/><N who="1" m="46295" /><E130/><V106/><F106/><W64/><G64/><T5/><D5/><U39/><E39/><V12/><F12/><W115/><G115/><T3/><D3/><U104/><E104/><V97/><F97/><W23/><G10/><T58/><D95/><U19/><E19/><V65/><F65/><W102/><G102/><T53/><D30/><U103/><E103/><V32/><F32/><W14/><G14/><T120/><D120/><U34/><E34/><V68/><F68/><W131/><G131/><T69/><D69/><U109/><E109/><V0/><F0/><W116/><G116/><T38/><D38/><U132/><E132/><V119/><F119/><W133/><G133/><T31/><D31/><RYUUKYOKU ba="1,0" sc="327,10,250,10,173,-30,250,10" hai0="20,24,25,26,29,53,58,93,96,101" hai1="17,18,46,50,56,57,59,87,89,94" hai3="6,9,13,15,16,23,43,47,51,62,63,79,84" /><INIT seed="0,2,0,4,4,85" ten="337,260,143,260" oya="0" hai0="116,61,132,48,56,12,130,45,89,43,24,49,64" hai1="125,117,32,101,74,109,122,36,113,26,4,30,115" hai2="91,88,83,135,129,82,111,44,110,84,31,50,98" hai3="124,102,70,16,63,7,126,75,42,15,123,128,3"/><T53/><D116/><U69/><RYUUKYOKU type="yao9" ba="2,0" sc="337,0,260,0,143,0,260,0" hai1="4,26,30,32,36,69,74,101,109,113,115,117,122,125" /><INIT seed="0,3,0,2,5,92" ten="337,260,143,260" oya="0" hai0="29,130,41,17,50,76,22,124,8,62,119,132,45" hai1="106,81,15,68,0,118,4,134,53,5,75,18,1" hai2="31,123,128,80,19,71,46,56,108,79,114,105,101" hai3="57,6,109,82,97,34,126,2,33,24,10,121,21"/><T48/><D119/><U100/><E118/><V51/><F114/><W111/><G126/><T9/><D124/><U70/><E134/><V44/><F123/><W102/><G82/><T91/><D132/><U54/><E81/><V89/><F71/><W83/><G83/><T47/><D29/><U84/><E84/><V98/><F108/><N who="3" m="41547" /><G57/><T28/><D28/><U133/><E15/><V43/><F128/><W116/><G116/><T40/><D76/><U72/><E100/><V107/><F31/><N who="3" m="17807" /><G121/><T7/><D130/><U120/><E18/><V39/><F56/><W14/><G2/><T87/><D7/><U25/><E120/><V117/><F117/><W42/><G42/><T35/><D35/><U88/><E133/><V64/><F64/><W12/><G14/><N who="0" m="9527" /><D62/><U122/><E122/><V90/><F107/><AGARI ba="3,0" hai="6,10,12,33,34,97,102,107" m="17807,41547" machi="107" ten="30,2000,0" yaku="14,1,52,1" doraHai="92" who="3" fromWho="2" sc="337,0,260,0,143,-29,260,29" /><INIT seed="1,0,0,4,1,9" ten="337,260,114,289" oya="1" hai0="105,47,23,119,88,86,89,49,48,34,87,85,96" hai1="39,8,67,126,45,62,118,59,122,66,133,100,72" hai2="120,71,7,4,81,43,92,117,123,1,35,25,64" hai3="132,22,2,79,91,116,74,129,131,46,12,125,111"/><U60/><E118/><V6/><F117/><W115/><G116/><T55/><D34/><U18/><E72/><V38/><F92/><W37/><G2/><T82/><D119/><U10/><E122/><V97/><F97/><W135/><G115/><T73/><D73/><U51/><E39/><V108/><F108/><W101/><G101/><T14/><D105/><U124/><E100/><V44/><F1/><W84/><G111/><T15/><D23/><U128/><E18/><V33/><F81/><N who="3" m="45303" /><G46/><N who="0" m="28055" /><D96/><U127/><E133/><N who="3" m="51274" /><G37/><T54/><D87/><U40/><REACH who="1" step="1"/><E128/><REACH who="1" ten="337,250,114,289" step="2"/><V113/><F113/><W31/><G131/><T63/><D63/><U102/><E102/><V110/><F110/><W78/><G129/><T83/><AGARI ba="0,1" hai="14,15,47,49,54,82,83,85,86,88,89" m="28055" machi="83" ten="30,7900,0" yaku="8,1,52,2,54,1" doraHai="9" who="0" fromWho="0" sc="337,89,250,-39,114,-20,289,-20" /><INIT seed="2,0,0,4,4,48" ten="426,211,94,269" oya="2" hai0="99,117,76,134,73,24,42,103,25,50,100,35,116" hai1="123,26,1,7,32,4,98,45,124,97,75,68,104" hai2="74,89,13,63,114,91,125,135,115,72,3,31,51" hai3="121,38,11,78,81,65,40,122,79,2,6,57,52"/><V108/><F3/><W0/><G0/><T41/><D134/><U120/><E124/><V102/><F125/><W49/><G65/><T77/><D50/><U9/><E75/><V18/><F135/><W28/><G28/><N who="0" m="19847" /><D25/><U53/><E68/><V67/><F31/><W30/><G30/><T34/><D34/><U106/><E32/><V58/><F102/><N who="0" m="38954" /><D99/><N who="1" m="37899" /><E26/><V5/><F5/><W10/><G10/><T62/><D62/><U82/><E82/><V59/><F108/><W20/><G20/><T87/><D87/><U8/><E53/><V105/><F105/><W83/><G83/><N who="0" m="45455" /><D77/><U16/><E16/><V27/><F27/><W96/><G96/><T118/><AGARI ba="0,0" hai="41,42,116,117,118" m="45455,38954,19847" machi="118" ten="40,1500,0" yaku="12,1" doraHai="48" who="0" fromWho="0" sc="426,15,211,-4,94,-7,269,-4" /><INIT seed="3,0,0,3,2,135" ten="441,207,87,265" oya="3" hai0="6,4,42,14,18,3,97,26,10,53,9,2,52" hai1="62,80,88,68,15,40,107,128,60,41,85,104,65" hai2="123,33,27,89,129,93,24,44,34,82,100,110,118" hai3="45,56,7,23,31,77,58,12,106,120,70,59,43"/><W71/><G106/><T19/><D42/><U117/><E117/><V79/><F118/><W83/><G120/><T113/><D113/><U124/><E128/><V21/><F129/><W51/><G31/><T81/><D26/><U87/><E15/><V35/><F123/><W11/><REACH who="3" step="1"/><G23/><REACH who="3" ten="441,207,87,255" step="2"/><T22/><D19/><U61/><E104/><V96/><F110/><W8/><G8/><T133/><D133/><U78/><E107/><V86/><F33/><W102/><G102/><T25/><D25/><U116/><E116/><V64/><F24/><W91/><G91/><T121/><D121/><U50/><E88/><V39/><F34/><W28/><G28/><T111/><D111/><U69/><E69/><V130/><F35/><W95/><G95/><T48/><D10/><U134/><E68/><V46/><F130/><W67/><G67/><T90/><D9/><U38/><E65/><V5/><F64/><W76/><G76/><T101/><D90/><U20/><E20/><V73/><F5/><W112/><G112/><T16/><D22/><U109/><E109/><V119/><F119/><W30/><G30/><T127/><D101/><U99/><E134/><V72/><F21/><W63/><G63/><T114/><D114/><U105/><E61/><V47/><F27/><W36/><G36/><T92/><D92/><U94/><E60/><V132/><F132/><W84/><AGARI ba="0,1" hai="7,11,12,43,45,51,56,58,59,70,71,77,83,84" machi="84" ten="30,12000,1" yaku="1,1,0,1,25,2,53,1" doraHai="135" doraHaiUra="0" who="3" fromWho="3" sc="441,-40,207,-40,87,-40,255,130" /><INIT seed="3,1,0,4,3,19" ten="401,167,47,385" oya="3" hai0="53,90,4,108,74,86,79,124,28,46,26,52,41" hai1="3,54,25,0,16,42,101,69,71,119,31,118,105" hai2="17,18,97,40,121,10,112,29,104,106,84,111,107" hai3="49,56,20,88,15,62,80,89,36,98,2,21,76"/><W58/><G2/><N who="1" m="554" /><E42/><V5/><F112/><W73/><G36/><T45/><D108/><U34/><E16/><V128/><F111/><W6/><G49/><T102/><D124/><U115/><E115/><V92/><F128/><W43/><G43/><T116/><D116/><N who="1" m="44587" /><E54/><V130/><F130/><W57/><G62/><T11/><D46/><U117/><E117/><V133/><F40/><W94/><REACH who="3" step="1"/><G89/><REACH who="3" ten="401,167,47,375" step="2"/><T127/><D90/><U87/><E69/><V70/><F70/><W24/><G24/><T59/><D26/><U68/><E71/><V13/><F133/><W23/><G23/><T95/><D41/><U122/><E25/><V135/><F135/><W8/><AGARI ba="1,1" hai="6,8,15,20,21,56,57,58,73,76,80,88,94,98" machi="8" ten="30,12000,1" yaku="1,1,0,1,52,2,54,1,53,0" doraHai="19" doraHaiUra="83" who="3" fromWho="3" sc="401,-41,167,-41,47,-41,375,133" owari="360,16.0,126,-27.4,6,-49.4,508,60.8" /></mjloggm>