<mjloggm ver="2.3"><GO type="225" lobby="0"/><UN n0="%E3%81%82%E3%83%BC%E3%81%97" n1="%E3%83%9E%E3%82%AB%E3%83%92%E3%82%AD" n2="%E3%81%9F%E3%81%93%E2%98%86%E7%84%BC%E3%81%8D" n3="%72%69%6F%75%63%68%61%6E" dan="16,16,16,16" rate="2118.21,2106.34,2092.46,2221.79" sx="M,M,M,M"/><TAIKYOKU oya="0"/><INIT seed="0,0,0,3,1,131" ten="250,250,250,250" oya="0" hai0="29,42,58,132,111,6,122,127,135,76,15,60,94" hai1="100,50,39,40,126,118,121,83,81,49,89,27,134" hai2="46,16,44,8,10,48,104,130,114,116,80,68,36" hai3="91,129,119,34,72,63,120,110,4,31,108,7,102"/><T37/><D122/><U128/><E118/><V21/><F68/><W103/><G129/><T52/><D127/><U73/><E121/><V98/><F114/><W14/><G120/><T20/><D76/><U123/><E123/><V77/><F116/><W86/><G119/><T70/><D70/><U59/><E100/><V12/><F104/><W84/><G72/><T69/><D69/><U54/><E39/><V93/><F36/><W109/><G63/><T25/><D111/><U53/><E40/><V22/><F46/><W11/><G4/><T61/><D94/><U5/><E126/><V115/><F115/><W66/><G66/><T64/><D61/><U88/><E128/><V57/><F22/><W2/><G14/><T1/><D1/><U3/><E134/><N who="0" m="51241" /><D64/><U45/><E73/><V26/><F57/><W124/><G124/><T85/><D85/><U67/><E67/><V107/><F107/><W56/><G84/><T23/><D37/><U18/><E83/><V47/><F80/><W0/><G2/><T65/><D42/><U35/><E81/><V28/><F77/><W101/><G86/><T24/><D65/><U125/><E125/><V51/><F130/><W117/><G117/><T87/><D87/><U33/><E3/><V38/><F38/><W41/><G41/><T95/><D95/><U99/><E54/><N who="2" m="29959" /><F93/><W97/><G110/><T82/><D82/><U105/><E53/><N who="2" m="29951" /><F98/><W79/><G79/><T90/><D90/><U112/><E99/><V78/><F78/><W96/><G97/><T71/><D71/><U74/><E105/><V13/><F13/><RYUUKYOKU ba="0,0" sc="250,-10,250,-10,250,30,250,-10" hai2="8,10,12,16,21,26,28" /><INIT seed="1,1,0,3,5,131" ten="240,240,280,240" oya="1" hai0="63,23,86,67,93,32,39,73,130,99,113,2,46" hai1="124,34,69,100,123,12,89,108,71,70,35,64,20" hai2="4,76,44,24,36,74,132,112,10,85,52,95,55" hai3="45,27,40,14,102,65,58,22,62,9,61,106,72"/><U29/><E123/><V43/><F132/><W57/><G72/><T111/><D73/><U135/><E124/><V6/><F4/><W53/><G106/><T125/><D32/><U30/><E100/><V13/><F74/><W8/><G102/><T98/><D2/><U28/><E64/><V80/><F112/><W126/><G126/><T128/><D125/><U79/><E79/><V5/><F95/><W134/><G134/><T33/><D33/><U101/><E101/><V21/><F6/><W122/><G122/><T41/><D111/><U127/><E127/><V78/><F76/><W91/><G91/><N who="0" m="53495" /><D23/><U97/><E135/><V92/><F92/><W87/><G87/><T114/><D99/><U116/><E116/><V17/><AGARI ba="1,0" hai="5,10,13,17,21,24,36,43,44,52,55,78,80,85" machi="17" ten="20,2700,0" yaku="0,1,7,1,54,1" doraHai="131" who="2" fromWho="2" sc="240,-8,240,-14,280,30,240,-8" /><INIT seed="2,0,0,5,4,107" ten="232,226,310,232" oya="2" hai0="71,10,83,120,79,33,37,127,95,122,40,49,108" hai1="44,89,78,46,74,59,26,9,45,43,135,42,14" hai2="39,6,32,117,53,76,125,27,23,75,110,86,4" hai3="97,133,35,128,92,31,98,104,18,123,13,91,88"/><V106/><F106/><W64/><G123/><T21/><D33/><U34/><E135/><V73/><F32/><W94/><G133/><T68/><D108/><U114/><E114/><V15/><F39/><W0/><G0/><T19/><D10/><U72/><E59/><V103/><F103/><W116/><G128/><T62/><D37/><U24/><E89/><V93/><F117/><W99/><G116/><T66/><D71/><U134/><E134/><V41/><F41/><W54/><G64/><T105/><D95/><U65/><E65/><V113/><F113/><W87/><G104/><T28/><D28/><U7/><E78/><V130/><F130/><W118/><G118/><T109/><D127/><U81/><E81/><V8/><F6/><W3/><G3/><T111/><D105/><U20/><E34/><V51/><F125/><W102/><G102/><T82/><D83/><U11/><E11/><V124/><F76/><W17/><G54/><T25/><D49/><U1/><E26/><V77/><F77/><W126/><G126/><T112/><D40/><U58/><E58/><N who="2" m="33087" /><F27/><W36/><G36/><T30/><D112/><U38/><E1/><N who="2" m="15" /><F110/><N who="0" m="41994" /><D30/><U80/><E80/><V2/><F2/><W69/><G69/><T101/><D101/><U63/><E63/><V29/><F29/><W48/><G48/><T60/><D60/><U22/><E22/><V131/><F131/><W129/><G129/><T132/><D132/><U96/><E96/><N who="3" m="36970" /><G13/><T5/><D5/><U57/><E38/><V55/><F124/><W12/><G12/><T115/><D115/><U84/><E7/><RYUUKYOKU ba="0,0" sc="232,15,226,-15,310,-15,232,15" hai0="19,21,25,62,66,68,79,82,120,122" hai3="17,18,31,35,87,88,91,92,94,99" /><INIT seed="3,1,0,0,3,19" ten="247,211,295,247" oya="3" hai0="37,119,78,22,129,67,61,59,17,18,25,64,91" hai1="4,88,54,81,89,114,74,47,51,29,71,115,28" hai2="10,39,31,27,80,34,45,84,48,43,35,56,30" hai3="40,134,122,75,72,106,98,102,132,8,126,103,97"/><W131/><G122/><T5/><D119/><U121/><E71/><V120/><F120/><W36/><G8/><T1/><D37/><U118/><E121/><V99/><F10/><W68/><G68/><T13/><D129/><U33/><E118/><V23/><F31/><W3/><G3/><T52/><D1/><U77/><E4/><V60/><F99/><W133/><G126/><T104/><D104/><U38/><E38/><V63/><F60/><W82/><G131/><T90/><D78/><U55/><E55/><V87/><F87/><W117/><G117/><T123/><D5/><U58/><E58/><V112/><F112/><W50/><G50/><T73/><D73/><N who="3" m="28233" /><G40/><T16/><D123/><U12/><E12/><V65/><F39/><W130/><G36/><T125/><D125/><U108/><E108/><V128/><F128/><W57/><G57/><T21/><D17/><U32/><E29/><V105/><F105/><N who="3" m="63695" /><G130/><T124/><D124/><U62/><E62/><V0/><F0/><W92/><G82/><T113/><D113/><U110/><E110/><V109/><F109/><W44/><G44/><T11/><D11/><U42/><E42/><V6/><F6/><W70/><G70/><T7/><D7/><U135/><E115/><V15/><F15/><W24/><G24/><T100/><D100/><U107/><E114/><V94/><F94/><AGARI ba="1,0" hai="92,94,98,103,106,132,133,134" m="63695,28233" machi="94" ten="40,7700,0" yaku="20,1,34,2" doraHai="19" who="3" fromWho="2" sc="247,0,211,0,295,-80,247,80" owari="247,4.7,211,-28.9,215,-18.5,327,42.7" /></mjloggm>