<mjloggm ver="2.3"><GO type="225" lobby="0"/><UN n0="%E3%83%B4%E3%83%A0%EF%BC%99%E3%81%A6" n1="%E3%81%A4%E3%81%A3%E3%81%B1%E3%82%8A%E3%83%9D%E3%83%BC%E3%83%AB" n2="%E5%B6%BA%E4%B8%8A%E5%92%B2" n3="%79%75%72%69%6D%6F%67" dan="16,17,16,16" rate="2116.03,2226.22,2088.08,2153.47" sx="M,M,F,F"/><TAIKYOKU oya="0"/><INIT seed="0,0,0,2,4,70" ten="250,250,250,250" oya="0" hai0="126,57,22,80,93,76,0,6,118,120,90,107,81" hai1="108,86,55,119,113,24,125,82,122,1,60,67,77" hai2="110,39,18,35,98,96,84,109,105,63,127,64,117" hai3="29,37,68,134,123,13,17,100,49,95,91,132,48"/><T128/><D118/><U4/><E119/><V46/><F117/><W75/><G68/><T7/><D120/><U133/><E122/><V87/><F35/><W8/><G75/><T47/><D107/><U79/><E108/><N who="2" m="41579" /><F127/><W130/><G100/><T33/><D33/><U115/><E125/><V112/><F112/><N who="1" m="43081" /><E133/><V124/><F124/><W61/><G61/><T32/><D32/><U78/><E24/><V9/><F9/><W85/><G29/><T14/><D0/><U36/><E36/><V43/><F18/><W31/><G31/><T26/><D126/><U15/><E1/><V16/><F16/><W83/><G37/><T28/><D128/><U88/><E55/><V50/><F50/><W19/><G130/><T23/><D47/><U42/><E42/><V131/><F131/><W99/><G123/><T54/><D22/><U121/><E121/><V94/><F105/><W41/><G41/><T114/><D114/><U74/><E15/><V73/><F73/><W66/><G66/><T21/><D21/><U53/><E53/><V12/><F12/><W65/><G65/><T51/><D14/><U104/><E4/><V56/><F98/><W52/><G19/><T135/><D135/><U129/><E129/><V111/><N who="2" m="41587" /><V34/><DORA hai="97" /><F34/><W106/><G106/><T2/><D2/><U101/><E104/><V89/><AGARI ba="0,0" hai="39,43,46,56,63,64,84,87,89,94,96" m="41587" machi="89" ten="40,2700,0" yaku="14,1,52,1" doraHai="70,97" who="2" fromWho="2" sc="250,-13,250,-7,250,27,250,-7" /><INIT seed="1,0,0,2,0,100" ten="237,243,277,243" oya="1" hai0="18,70,29,85,87,98,25,83,34,43,14,69,44" hai1="68,16,26,71,78,59,130,52,5,36,101,80,23" hai2="89,7,65,109,96,63,93,120,91,114,3,95,13" hai3="74,82,118,75,53,46,94,108,132,113,27,121,62"/><U67/><E130/><V40/><F120/><W126/><G113/><T129/><D129/><U57/><E36/><V99/><F3/><W116/><G121/><T6/><D6/><U102/><E5/><V135/><F109/><W30/><G108/><T106/><D87/><N who="1" m="48535" /><E71/><V1/><F1/><W104/><G104/><T47/><D47/><U134/><E68/><V10/><F135/><W112/><G132/><T58/><D58/><N who="1" m="22027" /><E134/><V42/><REACH who="2" step="1"/><F114/><REACH who="2" ten="237,243,267,243" step="2"/><W81/><G112/><T45/><D70/><AGARI ba="0,1" hai="7,10,13,40,42,63,65,70,89,91,93,95,96,99" machi="70" ten="30,7700,0" yaku="1,1,2,1,7,1,9,1,53,0" doraHai="100" doraHaiUra="128" who="2" fromWho="0" sc="237,-77,243,0,267,87,243,0" /><INIT seed="2,0,0,1,2,94" ten="160,243,354,243" oya="2" hai0="89,43,41,82,49,62,21,56,87,119,38,131,14" hai1="80,7,12,65,59,78,70,104,19,133,34,55,30" hai2="17,95,36,122,26,37,61,102,118,50,128,134,60" hai3="15,2,64,5,66,51,58,92,35,18,75,25,69"/><V67/><F122/><W86/><G75/><T23/><D131/><U113/><E113/><V44/><F118/><W53/><G69/><T106/><D119/><U6/><E104/><V91/><F128/><W130/><G130/><T125/><D38/><U24/><E133/><V31/><F134/><W117/><G117/><T98/><D125/><U108/><E65/><V129/><F129/><W13/><G2/><T127/><D127/><U100/><E100/><V116/><F116/><W28/><G13/><T73/><D73/><U68/><E108/><V45/><F102/><W10/><G86/><T72/><D72/><U96/><E96/><V123/><F123/><W46/><G5/><T83/><D83/><U77/><E77/><V135/><F135/><W97/><REACH who="3" step="1"/><G58/><REACH who="3" ten="160,243,354,233" step="2"/><T57/><D57/><U63/><E70/><V4/><F4/><W20/><G20/><T107/><D21/><U1/><E1/><V101/><F101/><AGARI ba="0,1" hai="10,15,18,25,28,35,46,51,53,64,66,92,97,101" machi="101" ten="30,7700,0" yaku="1,1,7,1,52,1,53,1" doraHai="94" doraHaiUra="42" who="3" fromWho="2" sc="160,0,243,0,354,-77,233,87" /><INIT seed="3,0,0,2,5,121" ten="160,243,277,320" oya="3" hai0="127,84,106,48,19,68,44,32,89,26,34,100,105" hai1="114,42,88,39,43,58,119,23,51,14,66,115,12" hai2="107,64,125,13,122,109,98,116,0,70,21,46,63" hai3="17,28,47,112,113,29,74,81,103,40,61,85,99"/><W31/><G74/><T80/><D68/><U93/><E39/><V96/><F116/><W117/><G117/><T133/><D133/><U35/><E35/><V20/><F0/><W16/><G61/><T126/><D32/><U50/><E119/><V22/><F125/><W132/><G132/><T134/><D134/><U108/><E108/><V57/><F109/><W75/><G75/><T2/><D2/><U53/><E66/><V86/><F122/><W76/><G113/><T118/><D118/><U79/><E79/><V104/><F70/><W24/><G24/><T15/><D26/><U102/><E102/><V65/><F86/><W38/><REACH who="3" step="1"/><G112/><REACH who="3" ten="160,243,277,310" step="2"/><T83/><D34/><U11/><E115/><V110/><F110/><W8/><G8/><T90/><D90/><U130/><E130/><V131/><F131/><W6/><G6/><T95/><D105/><AGARI ba="0,1" hai="16,17,28,29,31,38,40,47,76,81,85,99,103,105" machi="105" ten="40,3900,0" yaku="1,1,54,1,53,0" doraHai="121" doraHaiUra="56" who="3" fromWho="0" sc="160,-39,243,0,277,0,310,49" owari="121,-37.9,243,-15.7,277,7.7,359,45.9" /></mjloggm>