<mjloggm ver="2.3"><GO type="225" lobby="0"/><UN n0="%E5%B0%8F%E9%B3%A5%E9%81%8A%E7%B7%B4%E7%84%A1%32%31%E6%AD%B3" n1="%6D%75%75%6D%75%72%61" n2="%E5%8D%A0%E3%81%84%E5%B8%AB%E8%A3%8F%E3%81%AA%E3%81%84%E3%81%97" n3="%E8%83%83%E3%81%A8%E8%85%B8" dan="16,17,16,16" rate="2141.19,2222.32,2139.37,2202.87" sx="F,F,M,M"/><TAIKYOKU oya="0"/><INIT seed="0,0,0,1,3,80" ten="250,250,250,250" oya="0" hai0="46,116,22,135,52,3,81,123,51,18,1,54,103" hai1="14,93,113,78,19,104,61,105,122,32,37,83,96" hai2="0,38,117,26,9,56,36,91,27,63,121,17,114" hai3="8,20,28,112,115,75,70,16,40,100,60,34,82"/><T79/><D123/><U57/><E122/><V119/><F114/><W107/><G40/><T92/><D135/><U73/><E32/><V11/><F0/><W64/><G8/><T134/><D134/><U90/><E37/><V53/><F121/><W55/><G55/><T101/><D116/><N who="2" m="44618" /><F91/><W30/><G30/><T87/><D54/><U85/><E113/><V47/><F36/><W23/><G23/><T59/><D46/><U58/><E73/><V76/><F76/><N who="3" m="44319" /><G20/><T72/><D1/><U66/><REACH who="1" step="1"/><E57/><REACH who="1" ten="250,240,250,250" step="2"/><V127/><F56/><N who="3" m="36871" /><G115/><T21/><D3/><U71/><E71/><V126/><F38/><W49/><G70/><T125/><D125/><U35/><E35/><V5/><F127/><W133/><G112/><T10/><D22/><AGARI ba="0,1" hai="14,19,22,58,61,66,78,83,85,90,93,96,104,105" machi="22" ten="30,3900,0" yaku="1,1,7,1,52,1,53,0" doraHai="80" doraHaiUra="120" who="1" fromWho="0" sc="250,-39,240,49,250,0,250,0" /><INIT seed="1,0,0,2,1,5" ten="211,289,250,250" oya="1" hai0="46,66,36,53,94,131,105,93,67,9,102,41,49" hai1="96,110,42,61,118,40,134,48,121,92,113,104,108" hai2="23,16,18,33,29,50,85,51,135,133,44,82,6" hai3="25,13,95,63,107,8,4,38,80,106,81,78,125"/><U88/><E113/><V19/><F33/><W86/><G125/><T123/><D131/><U2/><E118/><V90/><F6/><W10/><G38/><T101/><D123/><U15/><E121/><V120/><F120/><W126/><G126/><T0/><D105/><U87/><E2/><V3/><F3/><W30/><G63/><T115/><D115/><U34/><E134/><N who="2" m="51211" /><F44/><W117/><G117/><T84/><D94/><U116/><E116/><V52/><F52/><W132/><G132/><T57/><D102/><N who="1" m="62535" /><E34/><V59/><F59/><W98/><G80/><T1/><D1/><U58/><E15/><V97/><F97/><W55/><G55/><T111/><D111/><N who="1" m="42539" /><E48/><N who="2" m="18475" /><F29/><W65/><G65/><AGARI ba="0,0" hai="40,42,58,61,65,87,88,92" m="42539,62535" machi="65" ten="30,5800,0" yaku="14,1,10,1,54,1" doraHai="5" who="1" fromWho="3" sc="211,0,289,58,250,0,250,-58" /><INIT seed="1,1,0,3,4,127" ten="211,347,250,192" oya="1" hai0="82,29,26,72,60,43,22,4,14,87,99,109,55" hai1="15,20,98,54,56,107,93,9,110,38,51,13,95" hai2="68,71,33,58,113,105,106,130,121,81,59,61,66" hai3="1,41,48,90,11,52,123,79,18,6,67,78,128"/><U89/><E38/><V112/><F121/><W108/><G123/><T31/><D109/><U96/><E110/><V102/><F81/><W57/><G108/><T133/><D72/><U74/><E74/><V76/><F76/><W47/><G67/><T114/><D133/><U37/><E37/><V8/><F8/><W84/><G18/><T103/><D43/><U73/><E73/><V91/><F91/><W85/><G128/><T83/><D114/><N who="2" m="44138" /><F102/><W126/><G126/><T135/><D135/><U42/><E107/><N who="2" m="40971" /><F33/><W24/><G24/><T35/><D31/><U2/><E2/><V77/><F77/><W86/><REACH who="3" step="1"/><G90/><REACH who="3" ten="211,347,250,182" step="2"/><T65/><D65/><U131/><E131/><V0/><F130/><W122/><G122/><T64/><D64/><U53/><E89/><V132/><F132/><W97/><G97/><T118/><D99/><U70/><E96/><V94/><F66/><W134/><G134/><T44/><D103/><U39/><E98/><V124/><F124/><W23/><G23/><T25/><D22/><U129/><E129/><V92/><F68/><W119/><G119/><T19/><D118/><U125/><E70/><V34/><F71/><W117/><G117/><T5/><D19/><U120/><E125/><V32/><F32/><W27/><G27/><T111/><D25/><U49/><E120/><V17/><F17/><W3/><G3/><T101/><D26/><U45/><E20/><V88/><F0/><W40/><G40/><T7/><D35/><U104/><E42/><V75/><F34/><W100/><G100/><T115/><D101/><U12/><E12/><RYUUKYOKU ba="1,1" sc="211,-10,347,-10,250,-10,182,30" hai3="1,6,11,41,47,48,52,57,78,79,84,85,86" /><INIT seed="2,2,1,5,4,51" ten="201,337,240,212" oya="2" hai0="33,40,27,89,11,21,25,80,43,58,103,54,68" hai1="104,127,93,14,124,9,97,0,49,26,60,129,41" hai2="56,111,2,46,1,79,105,62,107,36,66,115,134" hai3="34,50,126,108,15,94,122,91,106,37,29,125,61"/><V42/><F115/><W8/><G37/><T99/><D68/><U92/><E0/><V69/><F134/><W20/><G106/><T65/><D33/><U73/><E73/><V130/><F130/><W64/><G34/><T101/><D65/><U123/><E129/><V39/><F39/><W95/><G122/><T31/><D11/><U71/><E123/><V52/><F79/><W135/><G135/><T116/><D116/><U18/><E104/><N who="2" m="40011" /><F111/><W86/><G108/><T7/><D7/><U76/><E76/><V133/><F133/><W132/><G132/><T75/><D27/><U45/><E26/><V109/><F109/><W32/><G32/><T12/><D12/><U70/><E93/><V100/><F100/><N who="0" m="38474" /><D75/><U77/><E77/><V59/><F59/><W128/><G128/><T30/><D30/><U19/><E19/><V114/><F114/><W119/><G119/><T112/><D112/><U113/><E113/><V74/><F74/><W48/><G94/><N who="0" m="56783" /><D80/><U22/><E9/><V90/><F90/><W28/><G28/><T120/><D120/><U110/><E110/><V23/><F23/><W16/><G20/><T53/><D58/><U67/><E71/><V87/><F87/><W102/><G29/><T121/><D121/><U98/><E98/><V38/><F38/><W63/><G102/><T78/><D78/><U84/><E84/><V117/><F117/><W83/><G83/><T13/><D13/><U4/><E4/><V3/><F3/><W44/><G15/><T55/><AGARI ba="2,1" hai="21,25,31,40,43,53,54,55" m="56783,38474" machi="55" ten="30,7900,0" yaku="8,1,52,3" doraHai="51" who="0" fromWho="0" sc="201,95,337,-22,240,-41,212,-22" /><INIT seed="3,0,0,0,2,52" ten="296,315,199,190" oya="3" hai0="115,40,46,47,99,114,73,111,117,12,110,126,1" hai1="98,61,2,0,19,22,58,53,77,102,81,60,38" hai2="89,128,83,35,127,120,33,3,13,134,23,131,94" hai3="59,90,80,5,56,84,41,105,135,27,55,20,34"/><W62/><G135/><T25/><D1/><U68/><E38/><V51/><F134/><W86/><G105/><T69/><D117/><U44/><E44/><V42/><F3/><W123/><G123/><T88/><D69/><U91/><E91/><V75/><F127/><W104/><G104/><T65/><D65/><U132/><E132/><V54/><F42/><W74/><G74/><T64/><D64/><U66/><E98/><V100/><F100/><W50/><G34/><T17/><D73/><U78/><E102/><V72/><F120/><W57/><G5/><T36/><D47/><U79/><E81/><V109/><F109/><N who="0" m="41482" /><D25/><U39/><E39/><V28/><F75/><W97/><G97/><T7/><D7/><U113/><E113/><V106/><F72/><W8/><G8/><N who="0" m="6279" /><D126/><U15/><AGARI ba="0,0" hai="0,2,15,19,22,53,58,60,61,66,68,77,78,79" machi="15" ten="30,2000,0" yaku="0,1,52,1" doraHai="52" who="1" fromWho="1" sc="296,-5,315,20,199,-5,190,-10" owari="291,9.1,335,43.5,194,-20.6,180,-32.0" /></mjloggm>