<mjloggm ver="2.3"><GO type="225" lobby="0"/><UN n0="%E6%80%AA%E3%81%97%E3%81%99%E3%81%8E%E3%82%8B%E3%83%81%E3%83%BC" n1="%E3%83%AD%E3%83%83%E3%83%86%E9%9B%80%E7%90%83" n2="%E7%89%B9%E6%9D%B1%E3%81%AF%E4%B8%96%E7%95%8C%E3%82%92%E6%95%91%E3%81%86" n3="%E7%8D%85%E5%AD%90%E6%80%92%E3%82%93" dan="16,17,16,16" rate="2173.31,2169.54,2181.02,2175.66" sx="M,M,M,M"/><TAIKYOKU oya="0"/><INIT seed="0,0,0,0,3,119" ten="250,250,250,250" oya="0" hai0="27,100,135,76,82,56,32,109,15,96,112,97,98" hai1="25,124,85,53,90,113,31,126,59,72,132,43,129" hai2="89,68,30,123,130,87,69,23,3,84,79,60,95" hai3="127,71,9,17,28,52,42,128,106,134,94,58,41"/><T115/><D135/><U99/><E72/><V91/><F3/><W1/><G106/><T16/><D109/><U114/><E43/><V14/><F130/><W22/><G71/><T0/><D0/><U117/><E117/><V7/><F79/><W104/><G104/><T49/><D100/><U5/><E5/><V125/><F125/><N who="1" m="48233" /><E99/><V116/><F116/><W40/><G127/><T111/><D111/><U61/><E129/><V29/><F123/><W133/><G128/><T83/><D112/><U103/><E103/><V67/><F69/><W8/><G28/><T120/><D120/><U75/><E75/><V101/><F101/><W102/><G1/><T70/><D70/><U80/><E132/><N who="3" m="50794" /><G94/><T35/><D115/><U57/><E59/><V51/><F7/><W37/><G37/><T122/><D122/><U88/><E90/><V24/><F24/><N who="3" m="14415" /><G102/><T21/><D27/><U19/><E19/><V18/><REACH who="2" step="1"/><F51/><AGARI ba="0,0" hai="8,9,40,41,42,51,52,58" m="14415,50794" machi="51" ten="30,2000,0" yaku="20,1,54,1" doraHai="119" who="3" fromWho="2" sc="250,0,250,0,250,-20,250,20" /><INIT seed="1,0,0,3,0,62" ten="250,250,230,270" oya="1" hai0="115,56,48,49,45,5,57,27,24,63,77,44,68" hai1="73,114,7,58,31,21,86,38,126,78,14,134,22" hai2="130,46,34,66,40,106,3,59,119,71,23,117,6" hai3="94,129,118,28,18,54,131,4,35,116,52,43,90"/><U102/><E114/><V20/><F71/><W60/><G4/><T110/><D115/><U55/><E73/><V70/><F34/><W82/><G82/><T123/><D110/><U16/><E38/><V37/><F106/><W67/><G43/><T50/><D123/><U33/><E126/><V79/><F59/><N who="3" m="37279" /><G18/><T133/><D133/><U104/><E134/><V75/><F20/><W84/><G28/><T26/><D77/><U128/><E33/><V41/><F23/><W124/><G124/><T25/><N who="0" m="6144" /><DORA hai="120" /><T76/><D76/><U64/><E31/><V127/><F41/><W10/><G10/><T47/><D5/><U15/><E128/><N who="3" m="49226" /><G35/><T108/><D108/><U11/><E22/><V39/><F39/><W100/><G100/><T121/><D121/><U32/><E32/><V125/><F130/><W87/><G87/><T83/><D83/><N who="1" m="47479" /><E102/><V101/><F101/><W107/><G107/><T91/><D91/><U113/><E104/><V2/><F125/><W96/><G84/><T88/><D88/><U93/><E113/><V0/><F6/><W17/><G17/><T74/><D74/><U61/><E93/><V135/><F135/><W97/><G97/><T36/><D36/><U9/><E21/><V111/><F127/><W95/><G95/><T30/><D30/><U69/><E69/><V53/><F111/><W89/><G89/><T29/><D29/><U65/><AGARI ba="0,0" hai="7,9,11,14,15,16,55,58,61,64,65" m="47479" machi="65" ten="30,11700,0" yaku="8,1,52,2,54,1" doraHai="62,120" who="1" fromWho="1" sc="250,-39,250,117,230,-39,270,-39" /><INIT seed="1,1,0,5,3,134" ten="211,367,191,231" oya="1" hai0="82,60,12,10,135,109,17,66,59,68,120,127,108" hai1="38,74,6,42,96,14,41,45,3,64,93,57,56" hai2="128,54,71,50,22,2,86,97,49,23,9,90,25" hai3="40,99,101,114,98,15,65,115,88,5,79,58,125"/><U76/><E14/><V72/><F72/><W37/><G125/><T126/><D135/><U29/><E42/><V52/><F71/><W62/><G79/><T21/><D120/><U1/><E29/><V0/><F128/><W36/><G98/><T94/><D82/><U61/><E6/><V100/><F50/><W18/><G5/><T20/><D94/><U133/><E133/><V113/><F113/><W117/><G117/><T19/><D68/><U87/><E87/><V123/><F123/><W95/><G101/><T44/><D44/><U89/><E76/><V102/><F102/><W111/><G111/><N who="0" m="42571" /><D20/><U55/><E74/><V8/><F0/><W4/><G4/><T34/><D34/><U78/><E78/><V33/><F33/><W30/><G30/><T81/><D81/><U27/><E27/><AGARI ba="1,0" hai="10,12,17,19,21,27,59,60,66,126,127" m="42571" machi="27" ten="30,3900,0" yaku="14,1,52,2" doraHai="134" who="0" fromWho="1" sc="211,42,367,-42,191,0,231,0" /><INIT seed="2,0,0,5,1,64" ten="253,325,191,231" oya="2" hai0="1,125,121,122,40,18,7,51,106,55,104,119,45" hai1="114,50,102,53,58,52,67,24,29,118,41,62,34" hai2="98,37,9,44,109,72,86,81,28,10,14,97,39" hai3="95,105,26,76,107,56,90,124,4,89,111,110,79"/><V127/><F127/><W88/><G4/><T92/><D125/><U68/><E114/><V85/><F72/><W8/><G8/><T93/><D119/><U115/><E115/><V74/><F74/><W49/><G26/><T71/><D71/><U134/><E134/><V5/><F28/><W15/><G15/><T63/><D18/><U60/><E118/><V23/><F23/><W20/><G20/><T96/><D93/><U129/><E129/><V75/><F75/><W69/><G69/><T21/><D21/><U38/><E102/><V0/><F109/><N who="3" m="41483" /><G49/><T36/><D63/><N who="1" m="40063" /><E53/><V133/><F133/><W66/><G56/><T100/><D7/><U31/><E31/><V83/><F5/><W11/><G11/><T17/><D17/><U123/><E123/><V47/><REACH who="2" step="1"/><F14/><REACH who="2" ten="253,325,181,231" step="2"/><W77/><G124/><T117/><D117/><U131/><E131/><V65/><F65/><W3/><G66/><T46/><D1/><AGARI ba="0,1" hai="0,1,9,10,37,39,44,47,81,83,85,86,97,98" machi="1" ten="25,4800,0" yaku="1,1,22,2,53,0" doraHai="64" doraHaiUra="126" who="2" fromWho="0" sc="253,-48,325,0,181,58,231,0" /><INIT seed="2,1,0,4,3,85" ten="205,325,239,231" oya="2" hai0="133,101,119,116,105,96,81,118,106,109,87,102,6" hai1="45,113,128,32,95,78,33,59,56,66,7,98,23" hai2="112,60,134,132,91,84,68,69,9,5,74,54,76" hai3="29,24,55,99,36,83,79,97,1,126,92,51,103"/><V70/><F112/><W46/><G126/><T73/><D6/><U8/><E113/><V57/><F76/><W18/><G1/><T28/><D28/><U123/><E128/><V15/><REACH who="2" step="1"/><F74/><REACH who="2" ten="205,325,229,231" step="2"/><W3/><G79/><N who="0" m="44271" /><D109/><U120/><E78/><V93/><AGARI ba="1,1" hai="5,9,15,54,57,60,68,69,70,84,91,93,132,134" machi="93" ten="40,7800,0" yaku="1,1,0,1,52,1,53,0" doraHai="85" doraHaiUra="71" who="2" fromWho="2" sc="205,-27,325,-27,229,91,231,-27" /><INIT seed="2,2,0,3,4,5" ten="178,298,320,204" oya="2" hai0="29,21,58,61,100,74,55,59,37,87,85,36,28" hai1="71,65,88,15,116,94,1,41,46,12,18,83,49" hai2="80,91,38,63,54,68,101,117,84,86,34,70,25" hai3="57,52,24,119,23,56,13,89,14,126,97,0,108"/><V67/><F117/><W77/><G119/><T98/><D74/><U90/><E1/><V114/><F114/><W19/><G0/><T130/><D130/><U115/><E115/><V44/><F101/><W11/><G108/><T107/><D59/><U103/><E116/><V42/><F70/><W96/><G126/><T95/><D29/><U64/><E71/><V69/><F69/><W33/><G33/><T51/><D51/><U3/><E3/><V79/><F34/><W123/><G123/><T102/><D102/><U131/><E131/><V125/><F25/><W43/><G43/><T128/><D128/><U30/><E30/><V76/><F125/><W60/><G77/><T35/><D35/><U6/><E6/><V20/><F20/><W122/><G122/><T99/><D99/><N who="1" m="59895" /><E12/><V127/><F127/><W48/><G89/><N who="1" m="34410" /><E83/><V31/><F31/><N who="3" m="17823" /><G14/><T17/><D28/><U27/><E27/><V40/><F84/><W112/><G112/><T93/><D87/><U39/><E39/><V53/><F76/><W45/><G45/><T4/><D85/><U109/><E109/><V135/><F79/><W26/><G26/><T8/><D36/><U2/><E2/><V124/><F124/><W104/><G104/><T66/><D37/><U133/><E133/><V92/><F135/><W81/><G81/><T47/><D47/><U118/><E118/><V110/><F110/><W22/><G22/><AGARI ba="2,0" hai="15,18,22,41,46,49,64,65" m="34410,59895" machi="22" ten="30,2000,0" yaku="8,1,54,1" doraHai="5" who="1" fromWho="3" sc="178,0,298,26,320,0,204,-26" /><INIT seed="3,0,0,5,5,59" ten="178,324,320,178" oya="3" hai0="80,52,56,131,53,27,133,14,11,61,96,81,0" hai1="69,6,114,95,2,66,101,86,46,94,76,111,118" hai2="7,89,124,67,99,13,75,8,5,130,88,134,127" hai3="84,50,36,105,57,37,121,85,33,55,72,40,97"/><W20/><G33/><T70/><D70/><U112/><E46/><V15/><F130/><W62/><G72/><T44/><D0/><U10/><E111/><V71/><F75/><W24/><G121/><T9/><D133/><U132/><E132/><V68/><F134/><W21/><G21/><T49/><D131/><U23/><E118/><V117/><F67/><W106/><G50/><T45/><D27/><U47/><E47/><V77/><F77/><W22/><G20/><T26/><D26/><U16/><E66/><V87/><F99/><W29/><G40/><T125/><D125/><N who="2" m="48202" /><F89/><W48/><G48/><N who="0" m="28679" /><D96/><U92/><E69/><V119/><F71/><W25/><G25/><T54/><D11/><U128/><E128/><V123/><F68/><W120/><G120/><T100/><D100/><U17/><E101/><V73/><F73/><W79/><G97/><T102/><D102/><U82/><E23/><V103/><F103/><W43/><G43/><T19/><AGARI ba="0,0" hai="9,14,19,45,49,53,54,56,61,80,81" m="28679" machi="19" ten="30,4000,0" yaku="8,1,52,1,54,1" doraHai="59" who="0" fromWho="0" sc="178,40,324,-10,320,-10,178,-20" owari="218,-18.2,314,41.4,310,11.0,158,-34.2" /></mjloggm>