<mjloggm ver="2.3"><GO type="225" lobby="0"/><UN n0="%E3%81%BF%E3%81%BF%E3%81%9A" n1="%4D%6F%6E%61%6E%61" n2="%61%6D%65%6B%69" n3="%E3%82%A2%E3%83%A1%E3%82%A2%E3%83%A9%E3%83%AC" dan="18,16,16,16" rate="2219.75,2140.21,2087.67,2178.04" sx="M,F,M,M"/><TAIKYOKU oya="0"/><INIT seed="0,0,0,1,3,102" ten="250,250,250,250" oya="0" hai0="17,125,124,96,75,128,80,23,29,79,104,134,32" hai1="66,51,41,131,109,9,76,106,46,21,99,59,30" hai2="85,63,110,133,47,129,55,22,1,0,64,6,4" hai3="26,37,7,25,49,15,53,116,56,130,87,82,94"/><T121/><D121/><U92/><E109/><V58/><F110/><W38/><G116/><T88/><D128/><U93/><E131/><V36/><F129/><W35/><G130/><T60/><D134/><U19/><E76/><V127/><F133/><W31/><G94/><N who="0" m="56391" /><D32/><U115/><E9/><V50/><F127/><N who="0" m="48714" /><D29/><U105/><E30/><V73/><F73/><W10/><REACH who="3" step="1"/><G26/><REACH who="3" ten="250,250,250,240" step="2"/><N who="0" m="14703" /><D60/><U132/><E132/><V18/><F36/><W111/><G111/><T69/><D69/><U100/><E115/><V67/><F1/><W68/><G68/><T97/><D97/><U5/><E92/><V118/><F118/><W117/><G117/><T74/><D104/><U112/><E112/><V54/><F0/><W13/><G13/><T12/><D12/><U113/><E113/><V91/><F6/><W126/><G126/><T52/><D52/><U108/><E5/><V14/><REACH who="2" step="1"/><F4/><REACH who="2" ten="250,250,240,240" step="2"/><W122/><G122/><T84/><AGARI ba="0,2" hai="74,75,79,80,84" m="14703,48714,56391" machi="84" ten="30,3000,0" yaku="18,1,54,1" doraHai="102" who="0" fromWho="0" sc="250,50,250,-10,240,-10,240,-10" /><INIT seed="0,1,0,1,5,11" ten="300,240,230,230" oya="0" hai0="46,100,99,122,4,43,42,83,102,130,13,127,88" hai1="92,125,16,95,120,90,1,58,9,107,19,123,26" hai2="73,105,101,76,84,106,6,70,60,64,35,87,29" hai3="59,52,12,78,27,56,86,85,18,17,41,110,63"/><T96/><D122/><U104/><E125/><V25/><F106/><W71/><G110/><T124/><D130/><U55/><E104/><V51/><F6/><W31/><G71/><T75/><D75/><U89/><E107/><V48/><F73/><W109/><G109/><T33/><D33/><U8/><E1/><V72/><F72/><W10/><G41/><T66/><D66/><U62/><E26/><V65/><F65/><N who="3" m="39143" /><G31/><T44/><D4/><U74/><E74/><V2/><F2/><W81/><G86/><T128/><D128/><U79/><E79/><V49/><REACH who="2" step="1"/><F76/><REACH who="2" ten="300,240,220,230" step="2"/><W32/><G32/><T38/><D124/><U34/><E120/><V129/><F129/><W135/><G135/><T61/><D127/><U50/><E123/><V114/><F114/><W28/><G28/><T57/><D38/><U36/><E36/><V93/><F93/><W113/><G113/><T7/><D7/><U80/><E80/><V132/><F132/><W30/><G30/><T20/><D83/><U40/><E92/><V14/><F14/><W115/><G115/><T133/><D13/><N who="1" m="7207" /><E95/><V67/><F67/><W97/><G78/><T54/><D133/><U53/><E34/><V119/><F119/><W108/><G81/><T68/><D68/><U98/><E98/><AGARI ba="1,1" hai="25,29,35,48,49,51,60,64,70,84,87,98,101,105" machi="98" ten="40,8000,1" yaku="1,1,25,2,53,1" doraHai="11" doraHaiUra="94" who="2" fromWho="1" sc="300,0,240,-83,220,93,230,0" /><INIT seed="1,0,0,4,3,120" ten="300,157,313,230" oya="1" hai0="40,0,98,50,15,88,35,25,134,7,36,61,67" hai1="34,23,119,121,105,53,92,20,73,71,109,59,39" hai2="104,24,66,116,28,58,49,112,48,56,5,11,122" hai3="79,19,113,2,93,57,102,68,129,110,133,32,103"/><U78/><E119/><V81/><F104/><W90/><G113/><T63/><D134/><U55/><E121/><V29/><F116/><W91/><G68/><T107/><D0/><U130/><E105/><V75/><F122/><W1/><G32/><T94/><D36/><U118/><E71/><V106/><F106/><W54/><G133/><T82/><D107/><U108/><E118/><V125/><F125/><W83/><G129/><T46/><D35/><U135/><E34/><V74/><F66/><W117/><G117/><T69/><D25/><U18/><E135/><V22/><F112/><W127/><G2/><T45/><D45/><U80/><E130/><V85/><F29/><W64/><G1/><T3/><D3/><U16/><E92/><V97/><F97/><W132/><G64/><T84/><D67/><U96/><E96/><V31/><F31/><W13/><G127/><T26/><D26/><N who="1" m="14599" /><E39/><V62/><F75/><W111/><G132/><T77/><D69/><U8/><E8/><AGARI ba="0,0" hai="7,8,15,40,46,50,61,63,77,82,84,88,94,98" machi="8" ten="40,8000,1" yaku="25,2,8,1,54,1" doraHai="120" who="0" fromWho="1" sc="300,80,157,-80,313,0,230,0" /><INIT seed="2,0,0,3,0,131" ten="380,77,313,230" oya="2" hai0="82,68,128,34,67,32,17,31,22,86,65,66,117" hai1="57,46,91,119,44,104,94,85,3,6,61,106,25" hai2="111,70,35,108,99,105,30,63,69,60,1,51,110" hai3="13,49,103,81,122,8,116,72,96,73,37,27,7"/><V2/><F51/><W21/><G116/><T50/><D128/><U76/><E119/><V15/><F15/><W102/><G122/><T78/><D117/><U92/><E3/><V43/><F43/><W36/><G102/><T26/><D68/><U42/><E6/><V24/><F63/><W97/><G97/><T133/><D133/><U134/><E76/><V80/><F80/><W77/><G72/><T11/><D50/><U126/><E126/><V115/><F115/><W84/><G49/><T0/><REACH who="0" step="1"/><D17/><REACH who="0" ten="370,77,313,230" step="2"/><U125/><E125/><V39/><F39/><W48/><G48/><T88/><D88/><U5/><E134/><V45/><F45/><W71/><G71/><N who="2" m="27145" /><F60/><W98/><G37/><T135/><D135/><U130/><E42/><V14/><F14/><W112/><G36/><T90/><D90/><U75/><E130/><V58/><F58/><W107/><G13/><T79/><D79/><U40/><E61/><V118/><F118/><W12/><G12/><T20/><D20/><U28/><E40/><V52/><F52/><W10/><G21/><T83/><D83/><U59/><E46/><V129/><F129/><W18/><G81/><T47/><D47/><U64/><E44/><V100/><AGARI ba="0,1" hai="1,2,24,30,35,99,100,105,108,110,111" m="27145" machi="100" ten="40,7800,0" yaku="14,1,10,1,23,1" doraHai="131" who="2" fromWho="2" sc="370,-26,77,-26,313,88,230,-26" /><INIT seed="2,1,0,0,3,63" ten="344,51,401,204" oya="2" hai0="7,121,83,64,11,14,12,61,20,41,116,96,56" hai1="42,97,46,87,49,104,43,78,117,33,25,13,120" hai2="79,100,47,130,98,59,129,2,93,80,111,39,67" hai3="15,53,28,31,57,54,55,1,23,16,36,125,58"/><V50/><F2/><W103/><G125/><T62/><D121/><U135/><E117/><V44/><F111/><W10/><G36/><T19/><D116/><U85/><E135/><V52/><F39/><W72/><G72/><T94/><D83/><U134/><E134/><V5/><F5/><N who="3" m="3535" /><G103/><T0/><D62/><U17/><E120/><V8/><F8/><W119/><G1/><T68/><D41/><U105/><E105/><V76/><F76/><W102/><G102/><T77/><D77/><U82/><E104/><V86/><REACH who="2" step="1"/><F67/><REACH who="2" ten="344,51,391,204" step="2"/><W101/><G119/><T60/><D0/><U90/><E78/><V9/><F9/><W4/><G4/><T81/><D81/><U84/><E82/><V71/><F71/><W34/><G34/><T40/><D40/><U74/><E74/><V37/><F37/><W51/><G55/><T132/><D132/><U109/><E43/><V114/><F114/><W118/><G118/><T29/><D68/><U92/><E109/><V69/><F69/><W21/><G54/><T113/><D113/><U115/><E115/><V107/><F107/><W6/><G53/><T110/><D110/><U123/><E123/><V24/><F24/><W108/><G6/><T26/><D12/><U30/><REACH who="1" step="1"/><E87/><REACH who="1" ten="344,41,391,204" step="2"/><V126/><F126/><W73/><G73/><T48/><D7/><U22/><AGARI ba="1,2" hai="13,17,22,25,30,33,42,46,49,84,85,90,92,97" machi="22" ten="20,5200,0" yaku="1,1,2,1,0,1,7,1,53,0" doraHai="63" doraHaiUra="106" who="1" fromWho="1" sc="344,-14,41,75,391,-27,204,-14" /><INIT seed="3,0,0,5,2,133" ten="330,116,364,190" oya="3" hai0="48,32,99,100,72,4,51,111,125,70,9,42,59" hai1="22,33,0,37,8,5,56,54,77,53,114,102,81" hai2="38,87,119,21,60,31,82,88,85,97,134,113,104" hai3="49,7,19,116,28,63,127,16,131,121,109,45,107"/><W71/><G116/><T35/><D111/><U122/><E114/><V110/><F38/><W120/><G107/><T62/><D72/><U44/><E122/><V24/><F110/><W79/><G109/><T83/><D70/><U135/><E135/><V18/><F113/><W14/><G131/><T80/><D32/><U73/><E102/><V30/><F119/><W55/><G28/><T23/><D35/><U108/><E108/><V75/><F75/><W89/><G79/><T15/><D125/><U123/><E123/><V26/><F104/><W52/><G19/><T129/><D129/><U46/><E33/><V98/><F134/><W3/><G127/><T105/><D23/><U67/><E46/><V93/><F60/><W39/><G39/><T124/><D124/><U69/><E69/><V106/><F106/><W20/><G89/><T92/><D105/><U13/><E22/><N who="2" m="15639" /><F31/><W57/><REACH who="3" step="1"/><G71/><REACH who="3" ten="330,116,364,180" step="2"/><T65/><REACH who="0" step="1"/><D48/><REACH who="0" ten="320,116,364,180" step="2"/><U90/><E90/><AGARI ba="0,2" hai="18,21,26,82,85,87,88,90,93,97,98" m="15639" machi="90" ten="30,2000,0" yaku="8,1,54,1" doraHai="133" who="2" fromWho="1" sc="320,0,116,-20,364,40,180,0" owari="320,12.0,96,-40.4,404,50.4,180,-22.0" /></mjloggm>