<mjloggm ver="2.3"><GO type="225" lobby="0"/><UN n0="%E3%81%9F%E3%81%93%E2%98%86%E7%84%BC%E3%81%8D" n1="%E3%81%95%E3%81%8D%E3%81%9F%E3%81%BE%E6%9E%97%E6%AA%8E" n2="%E6%B5%81%E3%82%8C%EF%BC%9F%53%4F%41" n3="%4C%4F%4C%49%54%41" dan="16,16,16,16" rate="2069.21,2085.86,2095.15,2197.11" sx="M,M,M,F"/><TAIKYOKU oya="0"/><INIT seed="0,0,0,1,1,74" ten="250,250,250,250" oya="0" hai0="134,79,70,123,27,3,34,111,124,89,135,110,53" hai1="50,43,116,38,100,41,73,88,35,125,99,13,78" hai2="32,131,28,76,96,102,42,20,46,82,10,25,107" hai3="18,14,61,87,39,40,48,95,93,17,104,12,85"/><T105/><D3/><U58/><E116/><V130/><F20/><W101/><G39/><T120/><D105/><U57/><E35/><V71/><F10/><W119/><G119/><T65/><D89/><U63/><E38/><V67/><F67/><W72/><G104/><T103/><D103/><U7/><E125/><V117/><F117/><W54/><G72/><T80/><D124/><U0/><E0/><V112/><F112/><W68/><G40/><T44/><D65/><U128/><E128/><V29/><F29/><W30/><G30/><N who="0" m="19807" /><D70/><U21/><E100/><V55/><F55/><W129/><G61/><T4/><D4/><U97/><E97/><V94/><F94/><N who="3" m="35851" /><G68/><T115/><D53/><U132/><E132/><N who="0" m="50729" /><D44/><U37/><E7/><V45/><F71/><W118/><G101/><T66/><D66/><U36/><E99/><V106/><F106/><W31/><G118/><T90/><D90/><U5/><E88/><V81/><F81/><W75/><G129/><N who="2" m="49161" /><F42/><W15/><G54/><T49/><D49/><U22/><E50/><V133/><F133/><W113/><G48/><T11/><D11/><U52/><E43/><V114/><F114/><W127/><G113/><T86/><D115/><U122/><E52/><V83/><F83/><W62/><G127/><T33/><D33/><U69/><E41/><V8/><F8/><W121/><G62/><T1/><D1/><U2/><E69/><V64/><F64/><W24/><G31/><T60/><D60/><U59/><E63/><V23/><F32/><W109/><G121/><AGARI ba="0,0" hai="79,80,86,110,111,120,121,123" m="50729,19807" machi="121" ten="40,3900,0" yaku="20,1,52,1" doraHai="74" who="0" fromWho="3" sc="250,39,250,0,250,0,250,-39" /><INIT seed="0,1,0,0,2,129" ten="289,250,250,211" oya="0" hai0="38,121,7,73,61,23,90,19,66,69,14,75,27" hai1="42,92,49,114,81,6,108,44,53,76,110,109,117" hai2="34,51,30,47,35,112,131,48,87,85,126,86,21" hai3="123,57,1,39,78,26,63,3,83,119,89,41,91"/><T93/><D38/><U116/><E6/><V36/><F112/><W79/><G119/><T15/><D121/><U98/><E114/><V22/><F131/><W64/><G123/><T2/><D2/><U74/><REACH who="1" step="1"/><E42/><REACH who="1" ten="289,240,250,211" step="2"/><V120/><F120/><W103/><G41/><T9/><REACH who="0" step="1"/><D15/><REACH who="0" ten="279,240,250,211" step="2"/><U56/><E56/><V54/><F36/><W18/><G57/><T118/><D118/><U94/><E94/><V17/><F47/><W8/><G39/><T58/><D58/><U10/><E10/><V46/><F46/><W105/><G8/><T52/><D52/><U102/><AGARI ba="1,2" hai="44,49,53,74,76,81,92,98,102,108,109,110,116,117" machi="102" ten="30,7900,0" yaku="1,1,0,1,14,1,53,1" doraHai="129" doraHaiUra="77" who="1" fromWho="1" sc="279,-40,240,102,250,-21,211,-21" /><INIT seed="1,0,0,0,3,27" ten="239,342,229,190" oya="1" hai0="36,52,43,117,47,51,87,102,25,76,14,7,123" hai1="96,13,126,33,90,65,48,15,118,79,26,21,53" hai2="29,113,122,121,40,127,17,60,88,104,4,54,92" hai3="11,135,28,67,119,30,109,94,63,120,16,0,18"/><U58/><E118/><V84/><F104/><W93/><G120/><T110/><D110/><U2/><E2/><V74/><F74/><W42/><G109/><T69/><D123/><U107/><E126/><V1/><F127/><W62/><G135/><T95/><D69/><U97/><E33/><V129/><F129/><W75/><G75/><T9/><D117/><U100/><E79/><V124/><F124/><W77/><G119/><T24/><D102/><U131/><E131/><V3/><F40/><W70/><G77/><T41/><D76/><U134/><E134/><V80/><F17/><W31/><G42/><T23/><D25/><U83/><E65/><V105/><F105/><W106/><G106/><T44/><D44/><U101/><E83/><V85/><F1/><W56/><G0/><T82/><D82/><U112/><E90/><N who="2" m="53319" /><F29/><W68/><G11/><T89/><REACH who="0" step="1"/><D36/><REACH who="0" ten="229,342,229,190" step="2"/><U6/><E101/><V114/><F121/><W20/><G68/><T115/><D115/><U132/><E112/><V12/><F122/><W71/><G70/><T81/><D81/><U125/><E100/><V39/><F39/><W72/><G72/><T57/><D57/><U98/><E58/><N who="2" m="34903" /><F114/><W78/><G78/><T32/><D32/><U103/><E125/><V108/><F108/><W130/><G130/><T22/><D22/><U66/><E103/><V5/><F113/><W55/><REACH who="3" step="1"/><G18/><AGARI ba="0,1" hai="7,9,14,18,23,24,41,43,47,51,52,87,89,95" machi="18" ten="30,7700,0" yaku="1,1,7,1,8,1,54,1,53,0" doraHai="27" doraHaiUra="64" who="0" fromWho="3" sc="229,87,342,0,229,0,190,-77" /><INIT seed="2,0,0,0,0,71" ten="316,342,229,113" oya="2" hai0="67,39,102,10,98,4,53,26,31,11,100,90,121" hai1="92,23,76,16,99,42,74,87,25,120,44,82,52" hai2="125,84,47,68,128,63,48,61,24,2,105,115,69" hai3="119,72,135,132,66,19,106,14,29,3,134,18,20"/><V110/><F2/><W116/><G72/><T111/><D121/><U79/><E120/><V108/><F105/><W118/><G106/><T94/><D11/><U101/><E74/><V7/><F7/><W12/><G66/><T65/><D39/><U17/><E17/><V103/><F103/><W35/><G3/><T36/><D36/><U30/><E30/><V85/><F115/><W93/><G93/><T107/><D102/><U13/><E13/><V28/><F128/><W73/><G73/><T83/><D83/><U77/><E52/><N who="2" m="29727" /><F68/><W40/><G40/><T55/><D111/><N who="2" m="42538" /><F125/><W89/><G89/><T97/><D67/><U96/><E96/><V62/><F69/><W133/><N who="3" m="33792" /><DORA hai="112" /><W124/><G124/><T113/><D65/><U58/><E58/><V114/><F114/><W27/><G19/><T56/><D56/><U109/><E109/><V75/><F75/><W70/><G70/><T9/><D113/><U46/><E46/><V123/><F123/><W21/><G14/><T126/><D126/><U131/><E131/><V37/><F37/><AGARI ba="0,0" hai="16,23,25,37,42,44,76,77,79,82,87,92,99,101" machi="37" ten="30,3900,0" yaku="7,1,52,1,54,1" doraHai="71,112" who="1" fromWho="2" sc="316,0,342,39,229,-39,113,0" /><INIT seed="3,0,0,3,4,20" ten="316,381,190,113" oya="3" hai0="45,121,123,41,115,133,103,6,83,49,26,109,34" hai1="84,68,132,56,52,2,73,18,85,60,14,29,46" hai2="71,42,36,8,120,80,105,86,4,112,108,128,93" hai3="44,113,134,65,64,114,55,54,7,16,1,50,101"/><W98/><G134/><T43/><D109/><U117/><E73/><V48/><F105/><W111/><G1/><T32/><D133/><U27/><E132/><V130/><F71/><W92/><G7/><T129/><D129/><N who="2" m="49770" /><F108/><W28/><G111/><T59/><D103/><U13/><E2/><V33/><F33/><W61/><G28/><T81/><D6/><U87/><E117/><V72/><F112/><W125/><G125/><T107/><D107/><U66/><E46/><N who="2" m="25687" /><F36/><W15/><G55/><T47/><D49/><U94/><E94/><V12/><F120/><W62/><G62/><T106/><D59/><U96/><E96/><V37/><F37/><W110/><G110/><T135/><D106/><U9/><E14/><V57/><F57/><W75/><G75/><T131/><D135/><U31/><E27/><V63/><F63/><W99/><G98/><T70/><D70/><U39/><E39/><V127/><F127/><W51/><G51/><T19/><D131/><U104/><E104/><V24/><F93/><W53/><G53/><T30/><D30/><N who="1" m="11275" /><E68/><V126/><F126/><W38/><G38/><T124/><D124/><U91/><E66/><V97/><F97/><W78/><G78/><T23/><D115/><N who="3" m="44041" /><G61/><T116/><D116/><U89/><AGARI ba="0,0" hai="9,13,18,52,56,60,84,85,87,89,91" m="11275" machi="89" ten="30,2000,0" yaku="8,1,54,1" doraHai="20" who="1" fromWho="1" sc="316,-5,381,20,190,-5,113,-10" owari="311,11.1,401,50.1,185,-21.5,103,-39.7" /></mjloggm>