<mjloggm ver="2.3"><GO type="225" lobby="0"/><UN n0="%45%6C%79%73%69%75%6D" n1="%E3%83%AB%E3%83%9B%E3%83%B3%E3%83%87%E3%82%A3%E3%82%A8" n2="%E6%98%93%E5%88%A9%E8%96%A9%E4%BC%AF" n3="%E3%81%B7%E3%82%8A%E3%82%93%E8%81%96%E4%BA%BA" dan="18,17,16,16" rate="2187.64,2182.60,2135.70,2114.46" sx="F,M,F,M"/><TAIKYOKU oya="0"/><INIT seed="0,0,0,2,4,20" ten="250,250,250,250" oya="0" hai0="1,114,74,122,3,52,70,99,25,76,84,4,60" hai1="11,77,131,47,26,124,30,53,121,28,85,29,112" hai2="94,103,49,91,79,48,125,88,132,43,105,17,46" hai3="42,36,33,83,45,68,65,102,93,19,64,113,130"/><T106/><D114/><U119/><E112/><V133/><F125/><W55/><G113/><T51/><D122/><U87/><E121/><V128/><F128/><W127/><G130/><T13/><D74/><U39/><E119/><V14/><F79/><W97/><G33/><T71/><D13/><U66/><E131/><V22/><F49/><W67/><G127/><T21/><D76/><U116/><E116/><V0/><F0/><W120/><G120/><T8/><D1/><U15/><E124/><V108/><F108/><W100/><G100/><T104/><D84/><U101/><E66/><V126/><F126/><W9/><G83/><T75/><D75/><U10/><E101/><V111/><F111/><W16/><G68/><T58/><D99/><U86/><E77/><V44/><F44/><W62/><REACH who="3" step="1"/><G9/><REACH who="3" ten="250,250,250,240" step="2"/><T90/><D70/><U35/><E10/><V109/><F109/><W56/><AGARI ba="0,1" hai="16,19,36,42,45,55,56,62,64,65,67,93,97,102" machi="56" ten="30,12000,2" yaku="1,1,2,1,0,1,54,1,53,3" doraHai="20" doraHaiUra="63" who="3" fromWho="3" sc="250,-60,250,-30,250,-30,240,130" /><INIT seed="1,0,0,3,1,61" ten="190,220,220,370" oya="1" hai0="21,75,117,53,118,0,51,58,89,133,2,43,86" hai1="132,55,27,69,28,20,60,106,96,10,134,34,72" hai2="129,64,5,122,39,9,46,25,52,103,87,76,40" hai3="105,123,91,79,127,74,78,88,104,4,23,83,8"/><U113/><E113/><V24/><F122/><W98/><G123/><T30/><D75/><U22/><E72/><V48/><F129/><W16/><G79/><T82/><D133/><N who="1" m="51307" /><E10/><V29/><F103/><W115/><G115/><T100/><D100/><N who="1" m="62727" /><E55/><V62/><F76/><W57/><G57/><T71/><D71/><U94/><E94/><V131/><F87/><W128/><G128/><T126/><D126/><U56/><E56/><N who="2" m="32775" /><F29/><W66/><G66/><AGARI ba="0,0" hai="20,22,27,28,34,60,66,69" m="62727,51307" machi="66" ten="30,5800,0" yaku="25,1,20,1,52,1" doraHai="61" who="1" fromWho="3" sc="190,0,220,58,220,0,370,-58" /><INIT seed="1,1,0,5,4,127" ten="190,278,220,312" oya="1" hai0="48,4,40,53,76,102,63,11,77,55,104,52,54" hai1="89,12,30,32,65,34,111,19,95,72,21,105,82" hai2="97,90,20,59,74,5,27,60,45,56,107,8,23" hai3="135,58,88,41,61,134,79,110,129,10,130,119,51"/><U13/><E105/><V91/><F74/><W24/><G79/><T116/><D116/><U18/><E65/><V122/><F122/><W6/><G24/><T109/><D109/><U37/><E37/><V1/><F45/><N who="3" m="26031" /><G110/><T33/><D33/><U14/><E111/><V96/><F56/><W108/><G108/><T22/><D40/><U84/><E32/><V117/><F23/><W131/><G88/><T128/><D63/><U2/><E2/><V115/><F115/><W73/><G73/><T85/><D22/><U46/><E34/><V75/><F75/><W64/><G119/><T15/><D85/><U57/><E57/><V78/><F78/><W120/><G120/><T113/><D113/><U50/><E72/><V67/><F117/><W43/><G43/><T92/><D104/><U101/><E101/><V36/><F36/><W16/><G16/><N who="1" m="6186" /><E21/><V69/><F69/><W132/><G10/><T124/><D124/><U94/><E30/><V44/><F44/><W68/><G6/><T125/><D125/><U28/><E28/><V25/><F25/><W7/><G7/><T98/><REACH who="0" step="1"/><D128/><REACH who="0" ten="180,278,220,312" step="2"/><U42/><AGARI ba="1,1" hai="12,13,14,42,46,50,82,84,89,94,95" m="6186" machi="42" ten="30,3000,0" yaku="8,1,54,1" doraHai="127" who="1" fromWho="1" sc="180,-11,278,43,220,-11,312,-11" /><INIT seed="1,2,0,0,2,123" ten="169,321,209,301" oya="1" hai0="40,101,129,20,17,21,38,79,7,120,98,67,11" hai1="36,37,41,83,132,80,77,100,115,103,93,71,13" hai2="76,102,122,54,52,5,35,1,26,75,14,60,91" hai3="124,64,19,32,24,114,73,56,0,121,51,59,126"/><U99/><E71/><V88/><F122/><W92/><G73/><T18/><D120/><U49/><E36/><V55/><F1/><W78/><G78/><T96/><D129/><U50/><E37/><V39/><F39/><W44/><G0/><T27/><D79/><U87/><E115/><V45/><F45/><W117/><G114/><T110/><D67/><U112/><E112/><V107/><F60/><W90/><G121/><T6/><D38/><U82/><E132/><V130/><F130/><W33/><G117/><T42/><D11/><U70/><E70/><V53/><N who="2" m="13312" /><DORA hai="84" /><V109/><F109/><W22/><G33/><T89/><D89/><U94/><E13/><V65/><F65/><W68/><G32/><T8/><D8/><U118/><E118/><V131/><F14/><W47/><G68/><T66/><D66/><U12/><E12/><V97/><F5/><W30/><G30/><T135/><D101/><U74/><E41/><V46/><F46/><N who="3" m="17451" /><G51/><N who="1" m="19466" /><E74/><V116/><F116/><W69/><G69/><T15/><D15/><U86/><E77/><V57/><F57/><N who="3" m="22091" /><G64/><T62/><D62/><U133/><E133/><V134/><F134/><W28/><G28/><T4/><D135/><U95/><E99/><V61/><F61/><W43/><G43/><T63/><D63/><U31/><E31/><V81/><REACH who="2" step="1"/><F131/><REACH who="2" ten="169,321,199,301" step="2"/><W113/><G113/><T16/><D40/><U34/><E34/><V119/><F119/><W127/><G92/><T104/><D42/><U106/><E106/><V23/><F23/><W108/><G108/><T48/><D110/><U58/><E58/><RYUUKYOKU ba="2,1" sc="169,-30,321,10,199,10,301,10" hai1="80,82,83,86,87,93,94,95,100,103" hai2="26,35,75,76,81,88,91,97,102,107" hai3="19,22,24,90,124,126,127" /><INIT seed="1,3,1,5,2,58" ten="139,331,209,311" oya="1" hai0="95,99,97,106,65,74,118,132,38,109,62,64,125" hai1="35,23,83,119,72,68,55,105,47,63,14,61,27" hai2="33,89,70,135,93,31,92,117,46,34,77,56,75" hai3="110,43,101,22,25,94,11,85,134,16,44,127,130"/><U39/><E105/><V2/><F70/><W28/><G110/><T96/><D118/><U32/><E119/><V24/><F2/><W0/><G134/><T29/><D109/><U13/><E72/><V49/><F117/><W114/><G114/><T78/><D132/><U116/><E116/><V18/><F135/><W113/><G113/><T26/><D38/><U112/><E112/><V41/><F34/><W15/><G130/><T69/><D125/><U107/><E107/><V115/><F115/><W48/><G127/><T52/><D65/><U60/><E68/><V30/><F30/><W9/><G0/><T42/><D42/><U102/><E102/><V4/><F4/><W17/><G9/><T120/><D120/><U67/><E67/><V71/><F71/><W73/><G73/><T81/><D106/><U8/><E83/><V124/><F124/><W20/><G20/><T54/><REACH who="0" step="1"/><D95/><REACH who="0" ten="129,331,209,311" step="2"/><U45/><E39/><V50/><F93/><W6/><G85/><T84/><D84/><U51/><E35/><AGARI ba="3,2" hai="26,29,35,52,54,62,64,69,74,78,81,96,97,99" machi="35" ten="40,5200,0" yaku="1,1,52,1,54,1,53,0" doraHai="58" doraHaiUra="36" who="0" fromWho="1" sc="129,81,331,-61,209,0,311,0" /><INIT seed="2,0,0,3,5,47" ten="210,270,209,311" oya="2" hai0="124,76,57,117,21,49,86,9,122,61,95,15,7" hai1="54,113,44,105,130,91,38,79,111,70,85,128,89" hai2="53,115,23,62,96,133,37,31,120,43,98,118,93" hai3="11,114,5,127,119,66,56,10,131,8,25,73,106"/><V132/><F115/><W101/><G73/><T78/><D122/><U60/><E105/><V75/><F118/><W102/><G119/><T32/><D32/><U26/><E113/><V103/><F75/><W88/><G114/><T1/><D117/><U87/><E111/><V82/><F120/><W84/><G5/><T16/><D124/><U27/><E79/><V3/><F3/><W55/><G66/><T30/><D30/><U58/><E70/><V35/><F35/><W104/><G127/><T77/><D49/><U92/><E38/><V45/><F82/><W64/><G64/><T20/><D20/><U13/><E13/><V6/><F6/><W81/><G131/><N who="1" m="50218" /><E44/><V4/><F4/><W71/><G71/><T36/><D36/><U108/><E108/><V99/><F62/><W42/><G42/><T46/><D46/><U17/><E17/><V134/><REACH who="2" step="1"/><F53/><REACH who="2" ten="210,270,199,311" step="2"/><W14/><G104/><T65/><REACH who="0" step="1"/><D95/><AGARI ba="0,1" hai="26,27,54,58,60,85,87,89,91,92,95" m="50218" machi="95" ten="30,1000,0" yaku="19,1" doraHai="47" who="1" fromWho="0" sc="210,-10,270,20,199,0,311,0" /><INIT seed="3,0,0,3,1,10" ten="200,290,199,311" oya="3" hai0="87,128,122,111,1,68,58,109,52,64,72,132,76" hai1="83,78,36,130,71,61,97,114,91,88,77,45,96" hai2="118,34,90,115,14,18,81,116,126,0,69,9,6" hai3="22,131,94,19,41,95,110,43,113,4,120,103,80"/><W101/><G113/><T79/><D122/><U127/><E114/><V27/><F69/><W99/><G120/><T20/><D1/><U7/><E127/><V26/><F115/><W70/><G70/><T93/><D72/><U12/><E130/><V100/><F100/><W28/><G28/><T15/><D128/><U59/><E71/><V33/><F81/><W102/><G4/><T37/><D37/><U51/><E36/><V56/><F56/><W3/><G3/><T134/><D64/><U50/><E96/><V135/><F90/><N who="1" m="34345" /><E97/><V44/><F44/><W30/><G30/><T11/><D68/><U54/><E83/><V121/><F121/><W46/><G131/><T63/><D93/><N who="3" m="35337" /><G99/><T104/><D104/><U48/><E45/><V31/><F126/><W75/><G75/><T47/><D47/><U21/><E21/><N who="2" m="11479" /><F135/><N who="0" m="51754" /><D20/><U16/><E16/><V13/><F0/><W40/><G110/><N who="0" m="41995" /><D87/><U112/><E112/><V67/><F67/><W39/><G39/><T108/><N who="0" m="42003" /><T53/><DORA hai="124" /><D53/><U5/><E5/><AGARI ba="0,0" hai="5,11,15,52,58,63,76,79" m="42003,51754" machi="5" ten="40,8000,1" yaku="20,1,14,1,52,1,54,1" doraHai="10,124" who="0" fromWho="1" sc="200,80,290,-80,199,0,311,0" owari="280,8.0,210,-19.0,199,-30.1,311,41.1" /></mjloggm>