<mjloggm ver="2.3"><GO type="225" lobby="0"/><UN n0="%E3%82%A2%E3%83%A1%E3%82%A2%E3%83%A9%E3%83%AC" n1="%E6%98%93%E5%88%A9%E8%96%A9%E4%BC%AF" n2="%E3%82%B3%E3%83%90%E3%83%AC%E3%82%A4" n3="%6D%75%75%73%61%6E%6D%75" dan="16,16,16,16" rate="2160.77,2080.14,2116.79,2154.97" sx="M,F,M,F"/><TAIKYOKU oya="0"/><INIT seed="0,0,0,1,5,30" ten="250,250,250,250" oya="0" hai0="41,17,133,76,34,124,117,127,122,79,81,32,126" hai1="102,10,100,93,19,15,6,121,38,113,82,107,119" hai2="80,20,135,58,57,47,4,23,40,134,28,26,101" hai3="77,74,55,7,50,18,62,9,71,59,52,114,37"/><T115/><D115/><U16/><E119/><V129/><F129/><W130/><G114/><T118/><D122/><U99/><E113/><V61/><F4/><W112/><G112/><T68/><D133/><N who="2" m="50698" /><F101/><W8/><G130/><T128/><D128/><U21/><E121/><V69/><F80/><W132/><G37/><T46/><D68/><U48/><E38/><N who="2" m="21911" /><F23/><W111/><G111/><T44/><D17/><U103/><E107/><V0/><F0/><W106/><G106/><T90/><D90/><U49/><E82/><V75/><F75/><W83/><G132/><T104/><D104/><U54/><E19/><V51/><F51/><W73/><G73/><N who="0" m="43151" /><D79/><U29/><E29/><V11/><F11/><W42/><G7/><T109/><D109/><U3/><REACH who="1" step="1"/><E49/><REACH who="1" ten="250,240,250,250" step="2"/><V66/><AGARI ba="0,1" hai="20,26,28,57,58,61,66,69" m="21911,50698" machi="66" ten="30,1100,0" yaku="20,1" doraHai="30" who="2" fromWho="2" sc="250,-5,240,-3,250,21,250,-3" /><INIT seed="1,0,0,1,2,19" ten="245,237,271,247" oya="1" hai0="130,114,95,24,71,36,21,65,4,30,76,46,8" hai1="13,85,68,28,33,26,49,115,20,52,88,27,3" hai2="121,94,119,12,61,106,56,75,41,77,62,6,118" hai3="80,31,54,90,111,44,63,112,1,131,11,64,109"/><U110/><E115/><V51/><F121/><W0/><G112/><T60/><D130/><U57/><E3/><V92/><F106/><W91/><G131/><T105/><D105/><U103/><E110/><N who="3" m="41994" /><G31/><T97/><D76/><U125/><E125/><V53/><F77/><W34/><G34/><T129/><D129/><U122/><E122/><V50/><F75/><W99/><G99/><T100/><D114/><U10/><E68/><V38/><F38/><W86/><G90/><T48/><D36/><U7/><E103/><V98/><F94/><W116/><G11/><T73/><D73/><U9/><E9/><N who="2" m="4151" /><F119/><W39/><G116/><T23/><D24/><N who="1" m="16391" /><E33/><V117/><F118/><W17/><G17/><T126/><D30/><U128/><E128/><V87/><F87/><W16/><G16/><T43/><REACH who="0" step="1"/><D126/><REACH who="0" ten="235,237,271,247" step="2"/><U59/><E57/><V82/><F117/><W69/><G39/><T66/><D66/><U14/><E13/><AGARI ba="0,1" hai="4,8,13,21,23,43,46,48,60,65,71,95,97,100" machi="13" ten="30,7700,0" yaku="1,1,7,1,52,2,53,0" doraHai="19" doraHaiUra="84" who="0" fromWho="1" sc="235,87,237,-77,271,0,247,0" /><INIT seed="2,0,0,5,2,75" ten="322,160,271,247" oya="2" hai0="60,26,81,33,96,11,128,104,100,64,30,129,69" hai1="95,74,62,2,25,127,51,120,89,12,59,86,135" hai2="132,78,70,34,114,6,84,118,24,66,55,29,42" hai3="58,49,23,116,77,88,76,71,37,0,67,99,105"/><V50/><F118/><W131/><G116/><T32/><D32/><U91/><E2/><V106/><F106/><W112/><G37/><T94/><D11/><U39/><E39/><V36/><F114/><W27/><G0/><T83/><REACH who="0" step="1"/><D94/><REACH who="0" ten="312,160,271,247" step="2"/><U17/><E120/><V63/><F132/><W72/><G112/><T56/><D56/><U101/><E135/><V54/><F6/><W21/><G58/><T47/><D47/><U4/><E127/><V122/><F122/><W93/><G93/><T102/><D102/><U98/><E4/><V61/><F36/><W48/><G105/><T82/><AGARI ba="0,1" hai="26,30,33,60,64,69,81,82,83,96,100,104,128,129" machi="82" ten="30,7900,0" yaku="1,1,0,1,25,2,53,0" doraHai="75" doraHaiUra="43" who="0" fromWho="0" sc="312,89,160,-20,271,-39,247,-20" /><INIT seed="3,0,0,0,1,106" ten="401,140,232,227" oya="3" hai0="68,13,98,63,54,117,79,88,76,92,133,23,73" hai1="10,89,1,81,67,43,7,94,93,85,72,40,28" hai2="39,5,101,35,95,0,135,21,90,91,17,20,119" hai3="16,26,70,114,59,127,56,116,27,38,49,110,80"/><W47/><G114/><T19/><D117/><U8/><E28/><V82/><F119/><W53/><G116/><T105/><D133/><U14/><E67/><V30/><F35/><W36/><G70/><T121/><D121/><U62/><E62/><V24/><F39/><W2/><G2/><T51/><D73/><U122/><E122/><V112/><F135/><W132/><G132/><T108/><D108/><U33/><E33/><V3/><F112/><W74/><G110/><T6/><D105/><U128/><E128/><V58/><F3/><W103/><G103/><T71/><D71/><U134/><E134/><V126/><F5/><W4/><G4/><T46/><D6/><U113/><E113/><V42/><F42/><W130/><G130/><T75/><D75/><U102/><E94/><V124/><F0/><W104/><G104/><T31/><D31/><U22/><E10/><V50/><F82/><W45/><G127/><N who="2" m="48681" /><F50/><W87/><G74/><T109/><D109/><U32/><E32/><V34/><F58/><N who="3" m="33071" /><G36/><T55/><D68/><U25/><E1/><V84/><F34/><W96/><G96/><T60/><D60/><U15/><E15/><N who="2" m="9279" /><F84/><W83/><G38/><T99/><D99/><AGARI ba="0,0" hai="21,24,30,90,91,95,99,101" m="9279,48681" machi="99" ten="30,1000,0" yaku="18,1" doraHai="106" who="2" fromWho="0" sc="401,-10,140,0,232,10,227,0" owari="391,49.1,140,-36.0,242,4.2,227,-17.3" /></mjloggm>