<mjloggm ver="2.3"><GO type="225" lobby="0"/><UN n0="%E3%83%99%E3%83%AB%E3%83%A2%E3%83%83%E3%83%88" n1="%73%6C%69%63%6B%33%31%39" n2="%48%61%61%61%6C%61%6E%64" n3="%6D%61%74%69%67%75%73%61" dan="16,16,18,17" rate="2101.20,2123.50,2221.85,2221.79" sx="M,M,M,M"/><TAIKYOKU oya="0"/><INIT seed="0,0,0,4,2,66" ten="250,250,250,250" oya="0" hai0="58,8,6,107,77,113,41,48,81,12,88,29,34" hai1="80,75,67,52,1,44,73,131,117,121,79,38,0" hai2="47,64,43,122,63,133,106,84,51,61,21,96,129" hai3="95,101,82,85,65,99,127,60,35,3,33,27,24"/><T2/><D107/><U13/><E117/><V102/><F122/><W25/><G127/><T116/><D113/><U15/><E121/><V37/><F129/><W93/><G3/><T118/><D41/><N who="1" m="22583" /><E0/><V123/><F123/><W125/><G95/><T7/><D7/><U78/><E67/><V105/><F133/><W53/><G53/><T5/><D5/><U55/><E15/><V76/><F106/><W134/><G125/><T97/><D2/><U26/><E13/><V112/><F112/><W40/><G40/><T20/><D34/><U72/><E26/><V100/><F100/><W126/><G134/><T42/><D29/><U45/><E45/><V57/><F21/><W71/><REACH who="3" step="1"/><G126/><REACH who="3" ten="250,250,250,240" step="2"/><T120/><D120/><U132/><E52/><V104/><F104/><W19/><G19/><T11/><D116/><U49/><E1/><V9/><F105/><W94/><G94/><T70/><D42/><U83/><E132/><V4/><F43/><W68/><G68/><T56/><D70/><U39/><E55/><V86/><F37/><W23/><G23/><T31/><D20/><U30/><E39/><V119/><F119/><W10/><G10/><T28/><D11/><U109/><E30/><V50/><F9/><W91/><AGARI ba="0,1" hai="24,25,27,33,35,60,65,71,82,85,91,93,99,101" machi="91" ten="30,7900,0" yaku="1,1,0,1,52,1,53,1" doraHai="66" doraHaiUra="92" who="3" fromWho="3" sc="250,-39,250,-20,250,-20,240,89" /><INIT seed="1,0,0,2,2,124" ten="211,230,230,329" oya="1" hai0="9,99,106,24,130,98,112,55,90,122,104,76,94" hai1="3,16,125,109,87,72,131,28,41,117,65,10,25" hai2="92,40,129,126,13,42,128,23,64,70,101,88,0" hai3="18,115,81,63,119,52,44,113,132,20,78,49,77"/><U86/><E72/><V19/><F126/><W85/><G132/><T57/><D112/><U103/><E117/><V61/><F101/><W114/><G119/><T5/><D76/><U59/><E125/><V89/><F0/><W34/><G34/><T110/><D110/><U93/><E109/><V51/><F89/><W1/><G1/><T58/><D58/><U45/><E131/><N who="2" m="50251" /><F51/><W32/><G32/><T100/><D130/><U46/><E103/><V22/><F23/><W107/><G107/><T102/><D24/><U35/><E25/><V53/><F53/><W84/><G63/><T71/><D71/><U95/><E35/><V79/><F79/><W47/><G47/><T26/><D26/><U75/><E46/><V2/><F2/><W21/><G21/><T74/><D74/><U96/><E75/><V82/><F82/><W121/><G78/><T135/><D135/><U14/><E3/><V39/><F39/><W116/><G20/><T91/><D122/><U108/><E108/><V31/><F31/><W29/><G49/><T8/><D94/><U15/><E28/><V17/><F17/><W105/><G18/><T133/><D133/><U11/><E95/><V134/><F134/><W30/><G30/><T12/><REACH who="0" step="1"/><D8/><REACH who="0" ten="201,230,230,329" step="2"/><U33/><E93/><V60/><F60/><AGARI ba="0,1" hai="5,9,12,55,57,60,90,91,98,99,100,102,104,106" machi="60" ten="30,8000,1" yaku="1,1,2,1,7,1,9,1,53,1" doraHai="124" doraHaiUra="48" who="0" fromWho="2" sc="201,90,230,0,230,-80,329,0" /><INIT seed="2,0,0,4,4,3" ten="291,230,150,329" oya="2" hai0="95,79,92,52,115,26,17,91,122,85,108,93,37" hai1="126,43,131,64,100,33,84,21,0,44,86,40,15" hai2="56,105,23,60,49,4,111,38,14,129,35,30,127" hai3="48,120,97,116,119,121,67,135,12,7,133,20,70"/><V71/><F38/><W36/><G36/><T68/><D68/><U134/><E0/><V87/><F127/><W75/><G75/><T110/><D37/><U42/><E33/><V99/><F129/><W82/><G82/><T32/><D115/><U109/><E126/><V106/><F111/><N who="0" m="42538" /><D79/><U94/><E109/><V81/><F71/><W28/><G48/><T113/><D113/><U34/><E34/><V11/><F35/><W76/><G76/><T59/><D122/><U19/><E134/><V65/><F99/><W39/><G39/><T128/><D128/><U69/><E131/><V8/><F49/><W58/><G58/><T124/><D124/><U50/><E64/><V98/><F98/><W102/><G28/><N who="0" m="19479" /><D17/><U117/><E117/><V83/><F83/><W130/><G130/><T46/><D46/><U53/><E69/><V112/><F112/><W61/><G120/><T90/><D90/><U31/><E31/><V57/><F57/><W118/><G121/><T29/><D29/><U66/><E66/><V5/><F30/><W114/><G114/><T78/><D78/><U45/><E45/><V101/><F101/><W103/><G103/><T63/><AGARI ba="0,0" hai="52,59,63,85,91,92,93,95" m="19479,42538" machi="63" ten="30,2000,0" yaku="14,1,54,1" doraHai="3" who="0" fromWho="0" sc="291,20,230,-5,150,-10,329,-5" /><INIT seed="3,0,0,4,3,86" ten="311,225,140,324" oya="3" hai0="10,18,88,43,45,99,33,100,48,50,34,58,119" hai1="102,47,21,31,0,28,42,118,6,49,5,96,41" hai2="98,27,82,130,105,90,94,79,133,29,3,14,57" hai3="65,60,12,39,51,128,69,84,80,2,122,93,40"/><W81/><G2/><T25/><D34/><U22/><E118/><V85/><F130/><W103/><G122/><T87/><D33/><U36/><E36/><V15/><F133/><W13/><G39/><T71/><D71/><U121/><E121/><V26/><F3/><W131/><G93/><T109/><D109/><U76/><E76/><V92/><F105/><W97/><G81/><T114/><D114/><U73/><E73/><V53/><F94/><W101/><G51/><T104/><D58/><U113/><E113/><V72/><F72/><W55/><G55/><T66/><D66/><U52/><E0/><V9/><F29/><W77/><G40/><T123/><D119/><U112/><E96/><V132/><F132/><W38/><G38/><T134/><D134/><U44/><E49/><V75/><F75/><W62/><G62/><T110/><D110/><U46/><E46/><V61/><REACH who="2" step="1"/><F15/><REACH who="2" ten="311,225,130,324" step="2"/><W83/><G12/><T126/><D123/><U23/><E112/><V135/><F135/><W117/><G13/><T124/><D104/><U111/><E31/><V8/><F8/><W78/><G131/><T16/><D10/><U74/><E28/><V127/><F127/><W129/><G128/><T106/><D124/><U120/><E74/><V115/><F115/><W108/><G129/><T89/><D126/><U17/><E120/><V24/><F24/><W1/><G1/><T20/><D25/><U68/><E41/><V7/><AGARI ba="0,1" hai="7,9,14,26,27,53,57,61,79,82,85,90,92,98" machi="7" ten="20,8000,1" yaku="1,1,0,1,7,1,8,1,52,1,53,0" doraHai="86" doraHaiUra="30" who="2" fromWho="2" sc="311,-20,225,-20,130,90,324,-40" /><INIT seed="4,0,0,3,0,135" ten="291,205,220,284" oya="0" hai0="21,66,70,111,6,117,114,2,134,85,109,18,16" hai1="11,97,82,120,125,47,106,37,77,91,64,74,24" hai2="5,83,45,89,3,28,58,8,98,48,113,59,126" hai3="1,67,26,44,31,132,86,121,29,105,12,35,30"/><T115/><D117/><U22/><E120/><V90/><F113/><N who="0" m="43018" /><D70/><U108/><E108/><N who="0" m="41545" /><D66/><U42/><E125/><V110/><F126/><W99/><G1/><T119/><D119/><U39/><E64/><V128/><F128/><W112/><G132/><T57/><D57/><U61/><E61/><V46/><F110/><W127/><G127/><T33/><D33/><U38/><E11/><V79/><F28/><W56/><G121/><T0/><D85/><U123/><E123/><V9/><F58/><W7/><G86/><T68/><D68/><U72/><E72/><V124/><F124/><W96/><G56/><T15/><D134/><U87/><E97/><V129/><F129/><W76/><G99/><T101/><D101/><U100/><E100/><V23/><F98/><W118/><G35/><T53/><D53/><U73/><E106/><V52/><F59/><W50/><G67/><T78/><D78/><U14/><E14/><V102/><F102/><W131/><G12/><N who="0" m="9351" /><D6/><U55/><E55/><V34/><F34/><W103/><G76/><T116/><D116/><U88/><E74/><V20/><F52/><W17/><G7/><T75/><D75/><U65/><E65/><V130/><F130/><W69/><G131/><T63/><D63/><U54/><E54/><V107/><F5/><W4/><G4/><T51/><D51/><N who="1" m="27127" /><E73/><N who="2" m="43503" /><F48/><W71/><G112/><T81/><D81/><U62/><E62/><V32/><F32/><W92/><G118/><T25/><D25/><U10/><E10/><AGARI ba="0,0" hai="0,2,10,15,18" m="9351,41545,43018" machi="10" ten="30,12000,1" yaku="15,1,10,1,34,2,54,1" doraHai="135" who="0" fromWho="1" sc="291,120,205,-120,220,0,284,0" owari="411,51.1,85,-41.5,220,-18.0,284,8.4" /></mjloggm>