<mjloggm ver="2.3"><GO type="225" lobby="0"/><UN n0="%E3%81%82%E3%81%99%E3%81%AB%E3%82%83%E3%82%80" n1="%EF%BC%81%E3%81%BC%E3%81%9F%E3%82%82%E3%81%A1%EF%BC%81" n2="%E7%89%B9%E6%9D%B1%E3%81%AF%E4%B8%96%E7%95%8C%E3%82%92%E6%95%91%E3%81%86" n3="%43%68%65" dan="16,16,16,16" rate="2031.52,2186.22,2182.99,2143.52" sx="F,M,M,M"/><TAIKYOKU oya="0"/><INIT seed="0,0,0,1,1,110" ten="250,250,250,250" oya="0" hai0="35,0,93,57,96,16,119,129,33,34,69,130,113" hai1="51,29,53,70,101,45,82,37,90,49,44,13,50" hai2="48,132,75,91,72,46,103,85,120,86,38,81,112" hai3="109,14,32,80,67,1,4,73,12,78,87,114,17"/><T22/><D69/><U59/><E70/><V100/><F120/><W128/><G109/><T89/><D119/><U39/><E101/><V123/><F123/><W56/><G32/><T74/><D0/><U121/><E121/><V26/><F38/><N who="1" m="14345" /><E13/><V71/><F71/><W122/><G1/><T8/><D74/><U116/><E90/><V19/><F132/><W7/><G128/><N who="0" m="49259" /><D8/><U131/><E82/><N who="2" m="49591" /><F112/><W126/><G126/><T106/><D106/><U36/><E29/><V10/><F75/><W28/><G28/><T18/><D113/><U21/><E21/><N who="2" m="13631" /><F10/><W43/><G73/><T63/><D22/><U115/><E131/><V6/><F6/><W88/><G114/><T83/><D83/><U27/><E27/><V135/><F135/><W118/><G118/><T23/><D23/><U9/><E9/><V117/><F117/><W31/><G31/><T79/><D79/><U76/><E76/><N who="2" m="46375" /><F72/><W77/><G122/><T47/><D47/><N who="1" m="17995" /><E115/><V41/><AGARI ba="0,0" hai="41,46,48,100,103" m="46375,13631,49591" machi="41" ten="30,1100,0" yaku="8,1" doraHai="110" who="2" fromWho="2" sc="250,-5,250,-3,250,11,250,-3" /><INIT seed="1,0,0,5,3,47" ten="245,247,261,247" oya="1" hai0="131,100,34,111,67,122,13,93,28,23,71,72,89" hai1="87,26,101,118,53,9,24,105,97,56,70,43,110" hai2="54,126,38,2,51,115,120,113,85,27,107,68,0" hai3="39,79,92,3,25,121,57,96,22,15,5,59,55"/><U21/><E70/><V75/><F75/><W65/><G121/><T78/><D111/><U95/><E118/><V48/><F38/><W64/><G3/><T10/><D122/><U41/><E110/><V84/><F120/><W46/><G79/><T31/><D131/><U30/><E9/><V114/><F126/><W49/><G15/><T86/><D34/><U33/><E105/><V29/><F107/><W4/><G4/><T94/><D67/><N who="3" m="25673" /><G5/><T73/><D71/><U19/><REACH who="1" step="1"/><E87/><REACH who="1" ten="245,237,261,247" step="2"/><N who="2" m="33355" /><F68/><W127/><G127/><T7/><D72/><U123/><E123/><V60/><F114/><W106/><G106/><T76/><D73/><U42/><E42/><V134/><F115/><W1/><G1/><T12/><D76/><U35/><E35/><V52/><F2/><W16/><G39/><T98/><D78/><U129/><E129/><V37/><F0/><W82/><G82/><T77/><D77/><U109/><E109/><V40/><F37/><W11/><G11/><T112/><D112/><U63/><AGARI ba="0,1" hai="19,21,24,26,30,33,41,43,53,56,63,95,97,101" machi="63" ten="20,3900,0" yaku="1,1,0,1,7,1,53,0" doraHai="47" doraHaiUra="117" who="1" fromWho="1" sc="245,-13,237,49,261,-13,247,-13" /><INIT seed="1,1,0,4,3,43" ten="232,286,248,234" oya="1" hai0="89,86,30,3,15,66,135,51,49,94,55,96,10" hai1="6,119,82,20,130,39,112,41,53,40,123,22,121" hai2="33,104,60,0,79,83,109,98,26,124,93,32,59" hai3="2,17,47,127,57,28,102,19,72,122,125,14,126"/><U13/><E112/><V67/><F0/><W8/><G72/><T38/><D38/><U100/><E119/><V134/><F104/><W23/><G102/><T111/><D111/><U117/><E117/><V105/><F105/><W50/><G122/><T114/><D114/><U128/><E100/><V46/><F109/><W63/><G28/><T11/><D135/><U77/><E53/><V76/><F134/><W99/><G99/><T71/><D30/><U87/><E6/><V25/><F124/><W31/><G31/><T120/><D3/><U45/><E40/><V69/><F69/><W75/><G75/><T88/><D120/><N who="1" m="46155" /><E13/><V34/><F46/><W62/><G57/><T107/><D107/><U118/><E118/><V7/><F7/><N who="3" m="1143" /><G17/><T84/><D10/><U1/><E1/><V91/><REACH who="2" step="1"/><F79/><REACH who="2" ten="232,286,238,234" step="2"/><W29/><G29/><T95/><D71/><U90/><E77/><V116/><F116/><W4/><G4/><T80/><D66/><U108/><E108/><V81/><F81/><W65/><G65/><T37/><D37/><U52/><E39/><V106/><F106/><W115/><G115/><T36/><D36/><U24/><E82/><V58/><F58/><W61/><G61/><T85/><D80/><U9/><E45/><V73/><AGARI ba="1,1" hai="25,26,32,33,34,59,60,67,73,76,83,91,93,98" machi="73" ten="30,7900,0" yaku="1,1,0,1,53,2" doraHai="43" doraHaiUra="21" who="2" fromWho="2" sc="232,-21,286,-40,238,92,234,-21" /><INIT seed="2,0,0,4,3,98" ten="211,246,330,213" oya="2" hai0="130,105,56,40,95,20,85,120,33,92,117,109,36" hai1="126,127,15,134,123,9,91,49,7,107,96,135,132" hai2="115,45,86,81,77,116,13,47,103,119,26,27,65" hai3="18,0,48,124,70,57,108,54,84,71,101,74,25"/><V112/><F65/><W69/><G74/><T51/><D33/><U52/><E123/><V12/><F86/><W122/><G122/><T128/><D105/><U82/><E82/><V39/><F81/><W99/><G0/><T79/><D120/><U31/><E31/><V61/><F61/><W97/><G108/><T29/><D109/><U16/><E7/><V75/><F39/><W59/><G124/><T110/><D110/><U46/><E91/><V67/><F67/><W89/><G59/><T121/><D117/><U58/><E46/><V41/><F41/><W125/><G125/><T24/><D36/><U44/><E44/><V23/><F23/><W14/><G25/><T88/><D79/><U68/><E68/><V4/><F4/><W63/><G63/><T64/><D64/><U8/><E8/><V38/><F38/><W94/><REACH who="3" step="1"/><G101/><AGARI ba="0,0" hai="9,15,16,49,52,58,96,101,107,126,127,132,134,135" machi="101" ten="50,8000,1" yaku="20,1,52,1,54,2" doraHai="98" who="1" fromWho="3" sc="211,0,246,80,330,0,213,-80" /><INIT seed="3,0,0,5,5,69" ten="211,326,330,133" oya="3" hai0="113,116,52,48,110,135,65,122,23,108,10,28,109" hai1="40,85,106,102,20,8,72,78,57,98,44,17,33" hai2="13,25,112,35,47,76,119,128,9,92,4,7,97" hai3="27,71,87,2,49,60,73,61,22,51,53,80,123"/><W15/><G2/><T121/><D135/><U50/><E33/><V67/><F119/><W37/><G37/><T18/><D65/><U129/><E129/><V93/><F112/><W46/><G123/><T21/><D116/><U95/><E8/><V74/><F67/><W63/><G73/><T88/><D113/><U29/><E29/><V132/><F132/><W58/><G71/><T3/><D28/><U107/><E72/><V120/><F128/><W75/><G15/><T131/><D131/><U126/><E126/><V101/><F120/><W130/><G75/><T115/><D115/><U12/><REACH who="1" step="1"/><E57/><REACH who="1" ten="211,316,330,133" step="2"/><V39/><F74/><W38/><G130/><T100/><D10/><U54/><E54/><V70/><F70/><W89/><G38/><T79/><D52/><U125/><E125/><V59/><F9/><W114/><G114/><T77/><D121/><U82/><AGARI ba="0,1" hai="12,17,20,40,44,50,78,82,85,95,98,102,106,107" machi="82" ten="30,2000,0" yaku="1,1,0,1,53,0" doraHai="69" doraHaiUra="56" who="1" fromWho="1" sc="211,-5,316,30,330,-5,133,-10" owari="206,-19.4,346,44.6,325,12.5,123,-37.7" /></mjloggm>