<mjloggm ver="2.3"><GO type="225" lobby="0"/><UN n0="%E6%9A%87%E4%BA%BA%EF%BC%A0%E9%85%8D%E4%BF%A1%E5%9E%A2" n1="%63%68%78%62%64" n2="%E7%89%B9%E6%9D%B1%E3%81%AF%E4%B8%96%E7%95%8C%E3%82%92%E6%95%91%E3%81%86" n3="%E3%81%BF%E3%81%BF%E3%81%9A" dan="17,16,16,17" rate="2172.02,2144.84,2101.86,2150.73" sx="F,M,M,M"/><TAIKYOKU oya="0"/><INIT seed="0,0,0,5,0,107" ten="250,250,250,250" oya="0" hai0="71,42,85,96,97,39,116,52,16,56,17,38,32" hai1="50,106,43,130,89,83,90,2,23,105,4,128,37" hai2="101,87,62,46,9,77,94,61,27,88,81,78,73" hai3="3,114,108,48,127,70,79,113,125,1,28,133,110"/><T49/><D116/><U33/><E33/><V57/><F78/><W68/><G28/><T41/><D32/><U98/><E50/><V36/><F9/><W119/><G79/><T34/><D34/><U40/><E23/><V20/><F101/><W59/><G59/><T67/><D85/><U15/><E15/><V7/><F7/><W86/><G86/><T126/><D126/><N who="3" m="48137" /><G48/><T47/><D41/><U54/><E4/><V69/><F69/><N who="3" m="26731" /><G133/><T117/><D117/><U91/><E54/><V129/><F129/><N who="1" m="49769" /><E2/><N who="3" m="522" /><G119/><T66/><D39/><U58/><E58/><V13/><F13/><W19/><G19/><N who="0" m="7243" /><D67/><U95/><E37/><V80/><F80/><W124/><N who="3" m="48145" /><W31/><DORA hai="122" /><G31/><T64/><D64/><U18/><E18/><V118/><F118/><W22/><G22/><T6/><D6/><U26/><E83/><V55/><F62/><AGARI ba="0,0" hai="38,42,47,49,52,56,62,66,71,96,97" m="7243" machi="62" ten="30,5800,0" yaku="24,1,54,2" doraHai="107,122" who="0" fromWho="2" sc="250,58,250,0,250,-58,250,0" /><INIT seed="0,1,0,0,2,112" ten="308,250,192,250" oya="0" hai0="114,56,103,113,34,57,101,10,68,33,58,76,115" hai1="132,27,53,47,30,55,2,41,102,35,17,62,123" hai2="50,117,37,11,99,93,110,3,70,130,98,124,89" hai3="95,59,28,9,78,74,22,105,126,61,66,97,86"/><T83/><D68/><U45/><E123/><V4/><F37/><W119/><G119/><T85/><REACH who="0" step="1"/><D10/><REACH who="0" ten="298,250,192,250" step="2"/><U122/><E122/><V25/><F70/><W63/><G9/><T127/><D127/><U21/><E132/><V19/><F124/><W32/><G126/><T29/><D29/><U84/><E30/><V109/><F11/><W42/><G28/><T20/><D20/><U77/><E21/><V133/><F133/><W125/><G22/><T96/><D96/><U107/><E35/><AGARI ba="1,1" hai="33,34,35,56,57,58,76,83,85,101,103,113,114,115" machi="35" ten="50,4800,0" yaku="1,1,53,1" doraHai="112" doraHaiUra="75" who="0" fromWho="1" sc="298,61,250,-51,192,0,250,0" /><INIT seed="0,2,0,4,1,117" ten="359,199,192,250" oya="0" hai0="87,80,131,21,42,44,125,98,113,127,28,7,17" hai1="71,73,46,108,63,133,1,45,3,107,19,23,27" hai2="56,59,68,0,90,103,102,53,105,24,39,31,74" hai3="75,95,67,69,30,49,22,123,135,33,48,62,6"/><T111/><D113/><U79/><E108/><V26/><F68/><W115/><G115/><T36/><D111/><U11/><E107/><V109/><F109/><W66/><G75/><T18/><D131/><U96/><E133/><V120/><F0/><W86/><G135/><T93/><D7/><U122/><E122/><V85/><F74/><W99/><G33/><T9/><D9/><U70/><E96/><V72/><F72/><W118/><G118/><T116/><D116/><U129/><E129/><V15/><F39/><W60/><G86/><T92/><D28/><U110/><E110/><V47/><F26/><W61/><G6/><T54/><D54/><U78/><E11/><V77/><F77/><W94/><G123/><T51/><D36/><U50/><E46/><V4/><F47/><W43/><G43/><T134/><D134/><U16/><E19/><N who="0" m="7177" /><D21/><U124/><E124/><N who="0" m="47689" /><D98/><U89/><E89/><AGARI ba="2,0" hai="42,44,51,80,87,89,92,93" m="47689,7177" machi="89" ten="30,1500,0" yaku="18,1" doraHai="117" who="0" fromWho="1" sc="359,21,199,-21,192,0,250,0" /><INIT seed="0,3,0,2,5,104" ten="380,178,192,250" oya="0" hai0="22,74,57,19,110,122,121,72,66,68,112,70,111" hai1="85,105,20,124,29,129,53,95,43,26,71,61,13" hai2="131,133,91,78,87,73,82,1,2,96,5,49,113" hai3="35,102,54,4,60,114,69,34,116,101,14,31,58"/><T45/><D45/><U134/><E105/><V63/><F113/><W94/><G114/><T28/><D112/><U128/><E124/><V83/><F131/><N who="1" m="50249" /><E134/><V79/><F133/><W103/><G116/><T10/><D28/><U130/><N who="1" m="50257" /><U37/><DORA hai="59" /><E13/><V67/><F5/><W50/><G31/><T36/><D36/><U64/><E53/><V27/><F27/><W100/><G69/><N who="0" m="26731" /><D10/><U6/><E6/><V107/><F49/><W109/><G109/><N who="0" m="41483" /><D57/><U7/><E7/><V106/><F67/><W117/><G117/><T118/><D66/><U32/><E37/><V80/><F63/><W65/><G65/><T108/><D118/><U56/><E43/><V9/><F9/><W92/><N who="3" m="25600" /><DORA hai="40" /><W11/><REACH who="3" step="1"/><G50/><REACH who="3" ten="380,178,192,240" step="2"/><T39/><D39/><U99/><E71/><V119/><F119/><W15/><G15/><N who="0" m="9599" /><D108/><U12/><E12/><V77/><F106/><W135/><G135/><T97/><D97/><U47/><E32/><AGARI ba="3,1" hai="4,11,14,32,34,35,54,58,60,92,94" m="25600" machi="32" ten="50,3200,0" yaku="1,1,52,1,53,0" doraHai="104,59,40" doraHaiUra="25,18,125" who="3" fromWho="1" sc="380,0,178,-41,192,0,240,51" /><INIT seed="1,0,0,3,0,90" ten="380,137,192,291" oya="1" hai0="72,81,5,125,16,0,104,131,1,55,52,30,51" hai1="50,8,74,12,66,88,111,106,70,98,38,47,97" hai2="93,53,2,20,113,9,126,6,86,132,127,79,130" hai3="43,73,28,3,56,75,29,63,89,41,23,7,49"/><U71/><E38/><V31/><F113/><W14/><G3/><T85/><D104/><U22/><E74/><V59/><F130/><W121/><G121/><T105/><D105/><U58/><E111/><V68/><F68/><W46/><G75/><T122/><D131/><U39/><E39/><V96/><F132/><W119/><G73/><T95/><D122/><U78/><E78/><V116/><F116/><W25/><G119/><T100/><D30/><U32/><E32/><V128/><F128/><W67/><G29/><T18/><D72/><U57/><E106/><V69/><F69/><W80/><G41/><T123/><D125/><U110/><E110/><V24/><F86/><W64/><G64/><T40/><D1/><U36/><E36/><V76/><F127/><W82/><G89/><N who="0" m="51375" /><D5/><N who="1" m="3087" /><E70/><V26/><F26/><W54/><G43/><T114/><D0/><U77/><E77/><V19/><F31/><W108/><G108/><T134/><D134/><U17/><E71/><V112/><F112/><W35/><G35/><T84/><D123/><U107/><E107/><V91/><F126/><W62/><G63/><AGARI ba="0,0" hai="2,6,9,19,20,24,53,59,63,76,79,91,93,96" machi="63" ten="30,7700,0" yaku="7,1,25,2,52,1" doraHai="90" who="2" fromWho="3" sc="380,0,137,0,192,77,291,-77" /><INIT seed="2,0,0,0,3,108" ten="380,137,269,214" oya="2" hai0="118,38,25,36,43,39,57,105,119,121,75,114,46" hai1="81,123,33,79,22,16,32,53,128,107,40,102,130" hai2="41,89,92,124,65,71,63,10,8,104,12,34,13" hai3="111,56,86,29,27,61,73,35,120,88,76,17,47"/><V91/><F104/><W26/><G111/><T42/><D121/><U135/><E135/><V82/><F124/><W30/><G120/><T115/><D75/><U97/><E123/><V7/><F34/><W54/><G17/><T21/><D105/><U66/><E66/><V109/><F109/><W60/><G73/><T74/><D74/><U72/><E40/><N who="0" m="15401" /><D46/><U64/><E64/><V19/><F82/><W113/><G76/><T125/><D125/><U131/><REACH who="1" step="1"/><E53/><REACH who="1" ten="380,127,269,214" step="2"/><V6/><F41/><W67/><G113/><T133/><D115/><U94/><E94/><V93/><F93/><W84/><G47/><T58/><D114/><U70/><E70/><V2/><REACH who="2" step="1"/><F92/><REACH who="2" ten="380,127,259,214" step="2"/><W132/><G132/><T9/><D133/><U95/><E95/><V62/><F62/><W117/><G61/><T69/><D38/><U45/><E45/><V3/><F3/><W52/><G117/><T59/><D36/><U100/><E100/><V127/><F127/><W134/><G134/><T0/><D39/><U87/><E87/><V90/><F90/><W48/><G48/><T37/><D37/><U24/><AGARI ba="0,2" hai="16,22,24,32,33,72,79,81,97,102,107,128,130,131" machi="24" ten="30,8000,1" yaku="1,1,0,1,19,1,54,1,53,1" doraHai="108" doraHaiUra="77" who="1" fromWho="1" sc="380,-20,127,100,259,-40,214,-20" /><INIT seed="3,0,0,0,4,113" ten="360,227,219,194" oya="3" hai0="95,35,69,60,29,21,52,11,12,97,15,124,8" hai1="2,103,73,102,14,88,80,41,5,86,91,109,84" hai2="20,66,118,104,85,123,135,58,105,129,22,92,112" hai3="19,83,110,37,78,18,77,76,106,134,100,10,130"/><W30/><G37/><T70/><D35/><U62/><E2/><V117/><F112/><W34/><G134/><T68/><D124/><U44/><E73/><V74/><F74/><W26/><G130/><T93/><D29/><U31/><E31/><V133/><F129/><W89/><G110/><T43/><D43/><U17/><E5/><V79/><F123/><W131/><G131/><T25/><D25/><U6/><E6/><V42/><F42/><W116/><G116/><N who="2" m="44649" /><F66/><W82/><G89/><T75/><D21/><N who="2" m="8298" /><F58/><W126/><G126/><T38/><D38/><U36/><E62/><V125/><F125/><W3/><G3/><T121/><D75/><U90/><E109/><V0/><F0/><W120/><G120/><T115/><D121/><U99/><E99/><V108/><F108/><W46/><G46/><T127/><D115/><U56/><E56/><V81/><F92/><W71/><G71/><T50/><D95/><U67/><E67/><V64/><F64/><W4/><G4/><T49/><D127/><U96/><E96/><V98/><F98/><W1/><G1/><T24/><D97/><U128/><E128/><V54/><F54/><W7/><G100/><T63/><D69/><U33/><E102/><V65/><F65/><W101/><G101/><T9/><D68/><U111/><E103/><V28/><F28/><W27/><G106/><T57/><D70/><U39/><E111/><V59/><F59/><W47/><G47/><T13/><D57/><U45/><E39/><V40/><F40/><W16/><G26/><T87/><D24/><U48/><E44/><RYUUKYOKU ba="0,0" sc="360,-15,227,-15,219,15,194,15" hai2="79,81,85,104,105,133,135" hai3="7,10,16,18,19,27,30,34,76,77,78,82,83" /><INIT seed="3,1,0,5,2,86" ten="345,212,234,209" oya="3" hai0="58,61,22,20,25,64,85,51,36,35,0,104,74" hai1="23,50,70,130,46,123,109,120,13,32,87,60,96" hai2="47,33,81,106,26,59,4,121,99,41,16,62,72" hai3="129,132,31,63,82,117,134,91,44,88,34,124,7"/><W9/><G117/><T14/><D74/><U40/><E32/><V111/><F4/><W78/><G129/><T53/><D0/><U118/><E118/><V84/><F72/><N who="3" m="43335" /><G63/><T28/><D36/><U12/><E130/><V38/><F121/><W55/><G55/><T68/><D104/><U89/><E96/><V52/><F111/><W10/><G10/><T73/><D73/><U133/><E133/><N who="3" m="51306" /><G124/><T98/><D98/><U65/><E109/><V69/><F69/><W116/><G116/><T94/><D14/><U67/><E67/><V76/><F33/><W29/><G44/><T107/><D107/><U54/><E13/><V49/><F106/><W43/><G43/><T127/><D127/><U112/><E112/><V57/><F57/><W21/><G21/><T102/><D102/><U71/><E71/><V95/><F41/><W108/><G108/><T90/><AGARI ba="1,0" hai="20,22,25,28,35,51,53,58,61,64,68,85,90,94" machi="90" ten="30,2000,0" yaku="0,1,52,1" doraHai="86" who="0" fromWho="0" sc="345,23,212,-6,234,-6,209,-11" owari="368,46.8,206,-19.4,228,2.8,198,-30.2" /></mjloggm>