<mjloggm ver="2.3"><GO type="225" lobby="0"/><UN n0="%E3%81%B2%E3%81%AA%E3%81%AE%E3%82%8A%E3%81%8F" n1="%E3%83%B4%E3%83%A0%EF%BC%99%E3%81%A6" n2="%E6%97%A5%E6%9B%9C%E6%97%A5%E3%82%88%E3%82%8A%E3%81%AE%E4%BD%BF%E8%80%85" n3="%E3%83%A9%E3%83%BC%E3%83%A1%E3%83%B3%E4%BA%94%E9%83%8E" dan="17,17,17,16" rate="2201.95,2230.08,2174.96,2083.32" sx="M,M,M,M"/><TAIKYOKU oya="0"/><INIT seed="0,0,0,3,1,92" ten="250,250,250,250" oya="0" hai0="64,47,9,101,125,86,121,109,112,27,4,82,118" hai1="26,3,71,45,87,5,131,133,30,102,65,52,13" hai2="21,79,110,62,16,55,8,41,81,57,50,17,116" hai3="84,72,36,98,59,24,115,120,10,63,91,135,66"/><T96/><D112/><U2/><E133/><V44/><F110/><W134/><G115/><T25/><D118/><U75/><E75/><V35/><F35/><W113/><G113/><T74/><D74/><U42/><E131/><V14/><F116/><W95/><G120/><T85/><D125/><U56/><E65/><V43/><F43/><W103/><G72/><T70/><D121/><U53/><E71/><V61/><F61/><W6/><G36/><T58/><D70/><U23/><E87/><N who="2" m="48575" /><F21/><W127/><G24/><T119/><D119/><U108/><E108/><V77/><F77/><W28/><G28/><T128/><D128/><U18/><E102/><V99/><F99/><W33/><G33/><T46/><D86/><U117/><E117/><V104/><F104/><W129/><G127/><T114/><D114/><U111/><E111/><V0/><F0/><W68/><G68/><T40/><D40/><U31/><E31/><V20/><F20/><W7/><G129/><T132/><D132/><N who="3" m="50729" /><G10/><T60/><D109/><U126/><E30/><V1/><F1/><W130/><G130/><T39/><D39/><U78/><E78/><V94/><F94/><AGARI ba="0,0" hai="6,7,59,63,66,84,91,94,95,98,103" m="50729" machi="94" ten="30,2000,0" yaku="20,1,52,1" doraHai="92" who="3" fromWho="2" sc="250,0,250,0,250,-20,250,20" /><INIT seed="1,0,0,1,5,61" ten="250,250,230,270" oya="1" hai0="47,0,109,93,69,59,97,100,102,63,87,94,16" hai1="18,111,83,23,106,38,115,124,13,5,42,135,31" hai2="4,11,26,1,70,20,54,103,121,7,131,76,3" hai3="129,127,82,112,107,113,92,81,50,48,122,58,21"/><U8/><E115/><V67/><F121/><W80/><G107/><T65/><D109/><U126/><E106/><V46/><F131/><W56/><G122/><T64/><D0/><U14/><E111/><V110/><F110/><W71/><G71/><T53/><D47/><U114/><E114/><V28/><F103/><W60/><G129/><T79/><D69/><U125/><E135/><V49/><F76/><W27/><G127/><T36/><D36/><U72/><E31/><V123/><F123/><W24/><G92/><T117/><D117/><U34/><E34/><V17/><F28/><W128/><G128/><T19/><D102/><U78/><E38/><V119/><F119/><W116/><G116/><T32/><D32/><U12/><REACH who="1" step="1"/><E42/><REACH who="1" ten="250,240,230,270" step="2"/><V108/><F108/><W85/><G113/><T77/><D77/><U74/><E74/><V15/><REACH who="2" step="1"/><F4/><REACH who="2" ten="250,240,220,270" step="2"/><W130/><G112/><T39/><D39/><U86/><E86/><V10/><F10/><W99/><G85/><T89/><D79/><U105/><E105/><V29/><F29/><W40/><G130/><T98/><D98/><U2/><AGARI ba="0,2" hai="2,5,8,12,13,14,18,23,72,78,83,124,125,126" machi="2" ten="30,18000,2" yaku="1,1,0,1,18,1,53,3" doraHai="61" doraHaiUra="133" who="1" fromWho="1" sc="250,-60,240,200,220,-60,270,-60" /><INIT seed="1,1,0,0,2,30" ten="190,440,160,210" oya="1" hai0="88,69,23,84,95,62,2,8,116,31,71,89,130" hai1="124,70,10,107,36,99,120,60,44,111,133,5,97" hai2="112,52,134,90,39,125,131,1,59,67,40,114,32" hai3="83,0,35,68,13,27,76,19,106,74,61,119,93"/><U64/><E120/><V129/><F1/><W33/><G106/><T94/><D116/><U58/><E124/><V3/><F3/><W17/><G0/><T49/><D130/><N who="2" m="49674" /><F90/><W14/><G119/><T54/><D62/><U34/><E133/><V26/><F125/><W79/><G27/><T123/><D123/><U135/><E135/><V87/><F87/><W53/><G93/><T12/><D23/><U80/><E80/><V48/><F67/><W100/><G100/><T22/><D22/><U66/><E66/><V72/><F72/><W15/><G68/><T6/><D31/><U118/><E118/><V104/><F104/><W91/><G91/><T78/><D78/><U21/><E21/><V115/><F134/><W86/><G74/><T127/><D2/><N who="1" m="311" /><E99/><V16/><F16/><W92/><G76/><T126/><D126/><U45/><E70/><V47/><F26/><W25/><G25/><T81/><D81/><U4/><E4/><V110/><F32/><W75/><G75/><T113/><D113/><U85/><E85/><V101/><F101/><W121/><G121/><T98/><REACH who="0" step="1"/><D127/><REACH who="0" ten="180,440,160,210" step="2"/><U105/><E60/><V55/><F55/><W42/><G53/><T20/><D20/><U73/><E64/><V103/><F103/><W108/><G61/><T41/><D41/><U128/><E128/><V51/><F110/><W37/><G108/><T46/><AGARI ba="1,1" hai="6,8,12,46,49,54,69,71,84,88,89,94,95,98" machi="46" ten="20,5200,0" yaku="1,1,0,1,7,1,54,1,53,0" doraHai="30" doraHaiUra="38" who="0" fromWho="0" sc="180,65,440,-27,160,-14,210,-14" /><INIT seed="2,0,0,0,1,6" ten="245,413,146,196" oya="2" hai0="80,131,106,17,60,63,45,123,102,109,111,89,116" hai1="52,74,69,83,64,72,110,24,81,3,78,4,132" hai2="73,125,9,7,44,101,68,122,15,65,40,47,22" hai3="66,51,105,21,34,36,115,135,48,126,92,112,90"/><V93/><F122/><W113/><G34/><T46/><D123/><U130/><E110/><V108/><F73/><W77/><G135/><T57/><D106/><U114/><E114/><V129/><F108/><W31/><G126/><T124/><D102/><U94/><E132/><V121/><F121/><W29/><G36/><T11/><D124/><U37/><E37/><V25/><F125/><W118/><G118/><T100/><D100/><U13/><E3/><V79/><F129/><W104/><G66/><T41/><D131/><U117/><E117/><V87/><F68/><W1/><G77/><T82/><D89/><U99/><E24/><V128/><F128/><W2/><G51/><T50/><D50/><U55/><E64/><V30/><F65/><W20/><G48/><T38/><D38/><U67/><E67/><V107/><F107/><N who="3" m="41035" /><G20/><T120/><D57/><U70/><E130/><V98/><REACH who="2" step="1"/><F40/><REACH who="2" ten="245,413,136,196" step="2"/><W26/><G31/><T75/><D41/><U95/><E69/><V16/><F16/><W49/><G49/><T103/><D17/><U0/><E70/><V42/><F42/><W32/><G32/><T86/><D120/><U18/><E18/><V96/><F96/><AGARI ba="0,1" hai="1,2,21,26,29,90,92,96,112,113,115" m="41035" machi="96" ten="40,1300,0" yaku="11,1" doraHai="6" who="3" fromWho="2" sc="245,0,413,0,136,-13,196,23" /><INIT seed="3,0,0,1,3,55" ten="245,413,123,219" oya="3" hai0="48,65,73,85,29,23,19,15,34,27,93,43,49" hai1="62,92,64,45,38,124,46,108,76,28,115,132,31" hai2="47,11,80,58,4,33,37,68,86,52,77,103,41" hai3="91,107,71,84,56,9,0,112,119,61,87,106,126"/><W59/><G112/><T16/><D73/><U82/><E115/><V78/><F33/><W39/><G119/><T99/><D65/><U53/><E108/><V135/><F135/><W83/><G39/><T36/><D85/><U22/><E132/><V130/><F130/><W13/><G0/><T134/><D134/><U111/><E111/><V89/><F103/><W25/><G126/><T20/><D43/><U121/><E121/><V40/><F40/><W131/><G131/><T67/><D67/><U133/><E133/><V60/><REACH who="2" step="1"/><F68/><REACH who="2" ten="245,413,113,219" step="2"/><W127/><G71/><T32/><D34/><U79/><E124/><V123/><F123/><W12/><G127/><T18/><D32/><U14/><E38/><V70/><F70/><W88/><G106/><T8/><D36/><U96/><E76/><V101/><F101/><W21/><G107/><T44/><D48/><U24/><E79/><V95/><F95/><W6/><G61/><T94/><D49/><U128/><E92/><V117/><F117/><W100/><G100/><T69/><D93/><U50/><E62/><V116/><F116/><W122/><G122/><T42/><D94/><U113/><E128/><V90/><F90/><W66/><G91/><T57/><D69/><U2/><E50/><V109/><F109/><W54/><G88/><T120/><D42/><U125/><E113/><V3/><AGARI ba="0,1" hai="3,4,11,37,41,47,52,58,60,77,78,80,86,89" machi="3" ten="20,12000,2" yaku="1,1,0,1,7,1,52,1,54,1,53,1" doraHai="55" doraHaiUra="81" who="2" fromWho="2" sc="245,-30,413,-30,113,130,219,-60" owari="215,-18.5,383,48.3,243,4.3,159,-34.1" /></mjloggm>