<mjloggm ver="2.3"><GO type="225" lobby="0"/><UN n0="%E3%81%B2%E3%81%AA%E3%81%AE%E3%82%8A%E3%81%8F" n1="%E3%81%82%E3%81%B9%E3%81%99%E3%81%91" n2="%E6%B4%BE%E9%81%A3%E3%81%AE%E3%82%B8%E3%83%A3%E3%83%83%E3%82%AF" n3="%E7%AD%89%E3%80%85%E5%8A%9B%E5%8A%87%E5%A0%B4" dan="17,16,16,16" rate="2203.55,2111.64,2152.45,2147.36" sx="M,M,M,M"/><TAIKYOKU oya="0"/><INIT seed="0,0,0,2,5,113" ten="250,250,250,250" oya="0" hai0="118,90,91,24,38,134,43,133,69,83,64,110,59" hai1="82,27,52,32,124,5,14,44,49,88,3,53,10" hai2="55,135,13,128,28,129,56,42,111,130,132,76,104" hai3="2,35,93,103,16,102,126,94,107,11,85,48,108"/><T30/><D69/><U109/><E109/><V114/><F104/><W95/><G35/><T63/><D110/><U62/><E124/><V41/><F76/><W51/><G108/><T61/><D61/><U77/><E77/><V0/><F0/><W75/><G75/><T31/><D31/><U71/><E32/><V97/><F111/><W99/><G126/><T127/><D127/><U18/><E27/><V87/><F97/><W123/><G123/><T21/><D118/><U74/><E74/><V23/><F87/><W22/><G103/><T4/><D4/><U73/><E73/><V8/><F114/><W100/><G100/><T72/><D72/><U98/><E71/><V50/><F23/><W84/><G11/><T12/><D12/><N who="1" m="5199" /><E62/><V70/><F28/><W58/><G2/><T122/><D122/><U131/><E131/><V19/><REACH who="2" step="1"/><F70/><REACH who="2" ten="250,250,240,250" step="2"/><W78/><G78/><T57/><D83/><U101/><E3/><V36/><F36/><W92/><G85/><T68/><D68/><U9/><E101/><V1/><F1/><W86/><G84/><T81/><D81/><U119/><E82/><V96/><F96/><W7/><G86/><T29/><D29/><U125/><E125/><V37/><F37/><W117/><G107/><T65/><D90/><U6/><E6/><V120/><F120/><W25/><G7/><T66/><D91/><U116/><E98/><V67/><F67/><N who="0" m="25674" /><D59/><N who="1" m="33167" /><E88/><V26/><F26/><W17/><G25/><T34/><D21/><U15/><E15/><V33/><F33/><W80/><G22/><T112/><D112/><U40/><E14/><RYUUKYOKU ba="0,1" sc="250,15,250,-15,240,15,250,-15" hai0="24,30,34,38,43,57,63,66,133,134" hai2="8,13,19,41,42,50,55,56,128,129,130,132,135" /><INIT seed="0,1,1,4,0,111" ten="265,235,255,235" oya="0" hai0="135,31,36,106,103,116,17,25,30,95,91,72,11" hai1="77,108,118,52,123,102,14,122,39,1,113,90,125" hai2="110,117,9,45,51,55,34,24,67,73,94,32,98" hai3="112,22,87,109,124,65,100,29,128,81,5,47,42"/><T99/><D116/><U28/><E1/><V57/><F73/><W101/><G109/><T38/><D72/><U131/><E108/><V3/><F110/><W46/><G128/><T68/><D135/><U20/><E39/><V83/><F117/><W19/><G124/><T70/><D31/><U126/><E118/><V10/><F83/><W115/><G29/><T75/><D75/><U62/><E131/><V92/><F24/><W105/><G5/><T63/><D17/><N who="1" m="10295" /><E77/><V60/><F92/><W107/><G65/><N who="0" m="41023" /><D11/><U27/><E102/><V80/><F80/><W69/><G69/><T119/><D70/><U26/><E90/><V66/><F66/><W16/><G22/><T58/><D58/><N who="1" m="35143" /><E113/><V21/><F21/><W78/><G78/><T23/><D23/><N who="1" m="15455" /><E27/><V8/><REACH who="2" step="1"/><F3/><REACH who="2" ten="265,235,245,235" step="2"/><W82/><G81/><T6/><D119/><U40/><E123/><V85/><F85/><W54/><G82/><T96/><D106/><U76/><E122/><V88/><AGARI ba="1,2" hai="8,9,10,32,34,45,51,55,57,60,67,88,94,98" machi="88" ten="30,4000,0" yaku="1,1,0,1,54,1,53,0" doraHai="111" doraHaiUra="121" who="2" fromWho="2" sc="265,-21,235,-11,245,63,235,-11" /><INIT seed="1,0,0,4,5,64" ten="244,224,308,224" oya="1" hai0="111,80,29,70,43,6,82,52,21,97,134,86,91" hai1="98,118,71,16,103,117,131,12,94,85,53,112,121" hai2="65,39,36,120,99,46,62,129,11,76,78,57,109" hai3="135,37,44,100,125,5,60,93,14,124,74,83,59"/><U88/><E112/><V119/><F109/><W132/><G5/><T89/><D111/><U45/><E121/><V34/><F34/><W20/><G100/><T108/><D108/><U68/><E131/><V95/><F119/><W49/><G93/><T114/><D114/><U27/><E27/><V81/><F120/><W23/><G74/><T105/><D43/><U42/><E53/><V92/><F129/><W73/><G73/><T90/><D134/><N who="3" m="51241" /><G83/><T104/><D6/><U24/><E24/><V32/><F32/><W31/><G31/><T116/><D116/><U130/><E130/><V63/><F11/><W122/><G122/><T96/><D29/><U3/><E3/><V35/><F35/><W110/><G110/><T113/><D21/><U127/><E127/><N who="3" m="48714" /><G14/><T102/><D102/><U126/><E126/><V13/><F81/><W72/><G72/><T22/><D22/><U51/><E118/><V1/><F1/><W84/><G84/><T115/><D86/><U48/><E117/><V26/><F92/><W38/><G20/><T61/><D113/><U128/><E128/><V25/><F13/><W0/><G23/><T33/><D33/><U4/><E51/><V66/><F95/><W19/><G19/><T54/><D115/><U41/><E41/><V133/><F133/><W79/><G79/><T8/><D8/><U123/><E123/><V75/><F75/><W18/><G18/><T101/><D101/><U10/><E4/><V47/><F99/><W40/><G0/><T9/><D97/><U50/><E50/><V15/><F15/><W17/><G17/><RYUUKYOKU ba="0,0" sc="244,-30,224,10,308,10,224,10" hai1="10,12,16,42,45,48,68,71,85,88,94,98,103" hai2="25,26,36,39,46,47,57,62,63,65,66,76,78" hai3="37,38,40,44,49,59,60" /><INIT seed="1,1,0,5,4,92" ten="214,234,318,234" oya="1" hai0="24,38,125,106,33,100,85,107,88,45,58,87,55" hai1="116,109,46,128,114,83,78,4,43,84,99,118,51" hai2="42,80,102,117,104,63,89,36,131,94,115,35,25" hai3="20,19,68,44,76,62,50,17,120,111,77,96,122"/><U59/><E114/><V10/><F117/><W132/><G111/><T16/><D125/><U67/><E109/><V54/><F131/><W134/><G62/><T53/><D85/><U91/><E128/><V101/><F10/><W39/><G68/><T47/><D55/><U57/><E4/><V15/><F15/><W121/><G39/><T79/><D79/><N who="3" m="30281" /><G20/><T60/><D38/><U81/><E99/><V9/><F9/><W34/><G34/><T86/><D86/><U103/><E103/><V93/><F80/><W119/><G96/><T29/><D100/><U0/><E0/><V95/><F36/><W124/><G50/><T52/><D16/><N who="3" m="6217" /><G44/><T71/><D71/><U28/><E28/><V112/><F102/><W1/><G1/><T56/><D47/><U23/><E23/><V135/><F35/><W61/><G61/><T27/><D45/><U41/><E41/><V14/><F42/><W90/><G90/><T6/><D6/><U49/><E118/><V69/><F89/><W64/><G64/><T98/><D98/><U97/><E97/><V126/><F69/><W32/><G32/><T2/><D2/><U72/><E116/><V127/><F101/><W113/><G119/><T48/><D27/><U12/><E12/><V21/><F126/><W7/><G7/><T75/><D75/><U26/><E26/><V30/><F127/><W3/><G3/><T31/><D31/><U11/><E11/><V8/><F14/><W40/><G124/><T73/><D73/><U108/><E67/><V13/><F13/><W123/><N who="3" m="30720" /><DORA hai="37" /><W5/><G5/><RYUUKYOKU ba="1,0" sc="214,30,234,-10,318,-10,234,-10" hai0="24,29,33,48,52,53,56,58,60,87,88,106,107" /><INIT seed="2,2,0,2,1,33" ten="244,224,308,224" oya="2" hai0="28,127,19,91,29,47,56,135,84,69,82,3,23" hai1="52,4,42,83,44,90,92,131,64,134,26,12,105" hai2="133,46,75,6,62,87,2,5,22,116,8,102,132" hai3="54,93,110,113,21,58,14,39,123,49,32,35,77"/><V13/><F116/><W1/><G123/><T104/><D69/><U81/><E105/><V78/><F75/><W125/><G39/><T61/><D127/><U37/><E134/><N who="2" m="51819" /><F102/><W107/><G107/><T40/><D104/><U89/><E131/><V99/><F99/><W67/><G110/><T66/><D3/><U30/><E64/><V11/><F46/><W15/><G125/><T108/><D108/><U79/><E79/><V16/><F62/><W86/><G113/><T55/><D66/><U25/><E90/><V70/><F70/><W20/><G1/><T112/><D112/><U18/><E4/><N who="2" m="1047" /><F22/><W73/><G73/><T27/><REACH who="0" step="1"/><D135/><REACH who="0" ten="234,224,308,224" step="2"/><U101/><E81/><AGARI ba="2,1" hai="5,6,11,13,16,78,81,87" m="1047,51819" machi="81" ten="30,5800,0" yaku="20,1,52,1,54,1" doraHai="33" who="2" fromWho="1" sc="234,0,224,-64,308,74,224,0" /><INIT seed="2,3,0,4,3,120" ten="234,160,382,224" oya="2" hai0="38,93,10,39,113,86,80,75,32,117,19,102,103" hai1="60,108,99,71,29,90,51,49,104,7,87,43,59" hai2="62,130,30,37,83,25,106,78,122,23,134,128,17" hai3="47,74,105,100,31,5,34,132,68,111,18,97,66"/><V110/><F106/><W4/><G74/><T88/><D32/><U131/><E29/><V70/><F37/><W98/><G132/><T3/><D113/><U9/><E131/><V107/><F122/><W57/><G57/><T121/><D121/><U1/><E71/><V96/><F134/><W41/><G98/><T63/><D117/><U24/><E24/><V36/><F36/><W20/><G111/><T35/><D35/><U56/><E56/><V21/><F110/><W28/><G28/><T15/><D39/><U11/><E11/><V64/><F83/><W95/><G95/><T46/><D3/><U27/><E27/><V135/><F78/><W81/><G81/><T50/><D38/><U119/><E119/><V89/><F135/><W118/><G118/><T133/><D63/><U53/><E108/><V72/><F72/><W126/><G126/><T69/><D69/><U52/><E43/><V55/><F62/><W44/><G31/><T26/><D26/><U94/><REACH who="1" step="1"/><E53/><REACH who="1" ten="234,150,382,224" step="2"/><V92/><F55/><W12/><G41/><T45/><D133/><U22/><E22/><V73/><F21/><W16/><G34/><T33/><D33/><U58/><E58/><V125/><F23/><W127/><G20/><T0/><D10/><U115/><E115/><V48/><F25/><W54/><G54/><T14/><D46/><U65/><E65/><V8/><F64/><W123/><G66/><T2/><D45/><U116/><E116/><V79/><F30/><W109/><G47/><T101/><D2/><U112/><E112/><V42/><F70/><W6/><G68/><RYUUKYOKU ba="3,1" sc="234,-10,150,30,382,-10,224,-10" hai1="1,7,9,49,51,52,59,60,87,90,94,99,104" /><INIT seed="3,4,1,3,2,104" ten="224,180,372,214" oya="3" hai0="29,68,93,66,84,113,76,128,126,37,121,40,109" hai1="63,67,60,70,11,33,73,78,72,96,117,42,22" hai2="102,110,44,9,92,43,41,77,2,55,6,20,95" hai3="75,71,127,74,58,134,90,53,112,125,100,54,64"/><W36/><G112/><T132/><D121/><U131/><E33/><V8/><F110/><W28/><G36/><T5/><D29/><U45/><E78/><V27/><F9/><W38/><G38/><T14/><D40/><U62/><E131/><V119/><F119/><W129/><G71/><T97/><D66/><U31/><E117/><V101/><F55/><N who="3" m="21003" /><G100/><T26/><D37/><U130/><E130/><V32/><F32/><W116/><G129/><T61/><D26/><U49/><E11/><V98/><F77/><W115/><G116/><T81/><D68/><U3/><E3/><V124/><F44/><W24/><G115/><T114/><D76/><U122/><E96/><V123/><F123/><W48/><G48/><T86/><D97/><U12/><E122/><V120/><F120/><W65/><G90/><T59/><D128/><U118/><E118/><V35/><F35/><N who="3" m="20871" /><G58/><T57/><D59/><U52/><E42/><V17/><F101/><W4/><G4/><T80/><D5/><U94/><E94/><V46/><F95/><W103/><G103/><T99/><D93/><U13/><E13/><V106/><F92/><W79/><G79/><T47/><D14/><U88/><E88/><V21/><F41/><W133/><G65/><T87/><D113/><U30/><E12/><V50/><F21/><W83/><G64/><T56/><D114/><U1/><E1/><V23/><F23/><W111/><G111/><T82/><D109/><U15/><E15/><V25/><F25/><W107/><G107/><T7/><D7/><U10/><E10/><V39/><F39/><RYUUKYOKU ba="4,1" sc="224,-10,180,-10,372,30,214,-10" hai2="2,6,8,17,20,27,43,46,50,98,102,106,124" owari="214,1.4,170,-33.0,412,51.2,204,-19.6" /></mjloggm>