<mjloggm ver="2.3"><GO type="225" lobby="0"/><UN n0="%72%69%6F%75%63%68%61%6E" n1="%E9%89%A2%E5%B7%BB%E3%82%AC%E3%83%96" n2="%E4%B8%AD%E5%B9%B4%E3%81%AE%E5%8D%B1%E6%A9%9F" n3="%61%67%65%48%61" dan="17,16,16,16" rate="2229.78,2070.25,2154.29,2067.49" sx="M,M,M,M"/><TAIKYOKU oya="0"/><INIT seed="0,0,0,5,2,1" ten="250,250,250,250" oya="0" hai0="94,132,2,0,68,95,97,120,117,54,92,58,35" hai1="83,13,25,46,99,41,4,109,91,38,33,70,107" hai2="125,112,75,73,113,24,121,5,3,51,82,60,52" hai3="79,27,90,98,22,29,62,45,32,14,123,134,17"/><T31/><D117/><U101/><E109/><V84/><F121/><W10/><G134/><T130/><D120/><U116/><E116/><V42/><F125/><W115/><G123/><T76/><D68/><U93/><E70/><V102/><F102/><W50/><G115/><T119/><D119/><U128/><E128/><V67/><F42/><W39/><G79/><T135/><D130/><U63/><E63/><V44/><F113/><W12/><G62/><T16/><D76/><U111/><E111/><V20/><F112/><W43/><G98/><T74/><D74/><U9/><E83/><V85/><F85/><W6/><REACH who="3" step="1"/><G90/><REACH who="3" ten="250,250,250,240" step="2"/><T71/><D97/><U19/><E91/><V23/><F75/><W18/><G18/><T89/><D89/><U103/><E103/><V122/><F73/><W127/><G127/><T61/><D71/><U81/><E19/><V28/><F122/><W47/><G47/><T37/><D37/><AGARI ba="0,1" hai="6,10,12,14,17,22,27,29,32,37,39,43,45,50" machi="37" ten="40,2600,0" yaku="1,1,52,1,53,0" doraHai="1" doraHaiUra="55" who="3" fromWho="0" sc="250,-26,250,0,250,0,240,36" /><INIT seed="1,0,0,1,0,122" ten="224,250,250,276" oya="1" hai0="51,64,104,2,20,90,121,46,12,107,115,93,133" hai1="131,125,22,58,8,83,89,128,124,26,94,37,41" hai2="96,21,113,101,80,109,6,69,132,108,53,116,79" hai3="48,68,85,60,67,36,92,55,18,5,72,73,24"/><U100/><E58/><V30/><F69/><W130/><G36/><T102/><D115/><U44/><E83/><V15/><F113/><W29/><G5/><T9/><D133/><U119/><E100/><V61/><F116/><W110/><G110/><N who="2" m="42601" /><F132/><W62/><G18/><T84/><D121/><U106/><E8/><N who="2" m="4503" /><F53/><W65/><G55/><T118/><D118/><U66/><E66/><V81/><F61/><W134/><G134/><T42/><D64/><U63/><E63/><V10/><F10/><W35/><G130/><N who="1" m="49706" /><E106/><N who="2" m="63783" /><F79/><W19/><G60/><T105/><D102/><U114/><E114/><V49/><F49/><W17/><G48/><T50/><D51/><U123/><E119/><V0/><F0/><W59/><G65/><T7/><REACH who="0" step="1"/><D20/><REACH who="0" ten="214,250,250,276" step="2"/><U74/><E123/><V54/><F54/><W13/><G67/><T31/><D31/><U135/><E135/><V34/><F34/><W25/><G35/><T77/><D77/><U88/><E22/><V129/><F129/><W33/><G33/><T11/><D11/><U43/><E37/><V16/><F30/><W1/><G29/><T112/><D112/><U127/><E127/><V91/><F91/><W28/><G28/><T78/><D78/><U38/><E125/><V56/><F56/><W117/><G59/><T4/><D4/><U98/><E124/><V71/><F71/><W111/><G68/><T39/><D39/><U23/><E38/><V45/><F45/><W95/><G111/><T57/><D57/><U52/><E44/><V103/><F103/><W82/><G117/><T3/><AGARI ba="0,1" hai="2,3,7,9,12,42,46,50,84,90,93,104,105,107" machi="3" ten="40,2700,0" yaku="1,1,0,1,53,0" doraHai="122" doraHaiUra="120" who="0" fromWho="0" sc="214,37,250,-13,250,-7,276,-7" /><INIT seed="2,0,0,5,0,5" ten="251,237,243,269" oya="2" hai0="131,81,19,65,92,122,12,94,113,42,40,56,14" hai1="117,45,26,34,72,130,59,135,9,3,133,8,134" hai2="25,76,7,106,61,27,77,51,85,63,115,123,112" hai3="71,109,6,108,57,75,31,55,17,104,86,132,50"/><V80/><F123/><W21/><G75/><T116/><D122/><U29/><E72/><V53/><F106/><W54/><G104/><T73/><D113/><U32/><E117/><V84/><F7/><W74/><G74/><T47/><D116/><U107/><E107/><V93/><F112/><W60/><G132/><T0/><D0/><U43/><E3/><V114/><F114/><W38/><G38/><T70/><D131/><U110/><E110/><V103/><F115/><W33/><G86/><T105/><D70/><U79/><E79/><V18/><F77/><W24/><G6/><T44/><D105/><U36/><E130/><V62/><F18/><W111/><G71/><T13/><D19/><U125/><E125/><V82/><F82/><W120/><G120/><T83/><D73/><U96/><E34/><V90/><REACH who="2" step="1"/><F103/><REACH who="2" ten="251,237,233,269" step="2"/><W15/><REACH who="3" step="1"/><G50/><REACH who="3" ten="251,237,233,259" step="2"/><N who="0" m="26887" /><D81/><U35/><E134/><V88/><F88/><W28/><G28/><T2/><D83/><U20/><E135/><V128/><F128/><W129/><G129/><T64/><D92/><U49/><E133/><V89/><F89/><W11/><G11/><T10/><D94/><U58/><E8/><V97/><F97/><W46/><G46/><AGARI ba="0,2" hai="25,27,46,51,53,61,62,63,76,80,84,85,90,93" machi="46" ten="40,3900,0" yaku="1,1,8,1,53,0" doraHai="5" doraHaiUra="127" who="2" fromWho="3" sc="251,0,237,0,233,59,259,-39" /><INIT seed="2,1,0,1,1,110" ten="251,237,292,220" oya="2" hai0="88,6,111,128,96,85,11,92,2,118,98,63,90" hai1="34,124,133,44,27,43,18,87,59,117,97,103,135" hai2="36,80,125,75,107,10,106,70,17,23,31,57,3" hai3="21,50,84,9,38,48,61,35,54,105,37,123,62"/><V4/><F57/><W73/><G73/><T30/><D111/><U102/><E117/><V104/><F23/><W64/><G123/><T94/><D128/><U42/><E124/><V52/><F52/><W115/><G35/><T51/><D118/><U24/><E59/><V79/><F17/><W66/><G105/><T12/><D30/><U7/><E87/><V39/><F125/><W78/><G21/><T28/><D28/><U100/><E97/><V19/><F19/><W82/><G9/><T101/><D63/><U16/><E7/><V55/><F55/><W69/><G115/><T130/><D130/><U13/><E13/><V86/><F86/><W127/><G127/><T121/><D121/><U119/><E102/><V26/><REACH who="2" step="1"/><F70/><REACH who="2" ten="251,237,282,220" step="2"/><W47/><REACH who="3" step="1"/><G48/><REACH who="3" ten="251,237,282,210" step="2"/><T53/><D51/><U108/><E108/><V25/><F25/><W65/><G65/><T112/><D53/><U116/><REACH who="1" step="1"/><E44/><REACH who="1" ten="251,227,282,210" step="2"/><V93/><F93/><W89/><G89/><T1/><D90/><U14/><E14/><V126/><F126/><W60/><G60/><T33/><D88/><U129/><E129/><V40/><F40/><W8/><G8/><T68/><D11/><U120/><E120/><V15/><F15/><W83/><G83/><T5/><D12/><U45/><E45/><V46/><F46/><W20/><G20/><T0/><D33/><AGARI ba="1,3" hai="16,18,24,27,33,34,42,43,100,103,116,119,133,135" machi="33" ten="25,12000,2" yaku="1,1,22,2,54,1,53,2" doraHai="110" doraHaiUra="99" who="1" fromWho="0" sc="251,-123,227,153,282,0,210,0" /><INIT seed="3,0,0,2,1,5" ten="128,380,282,210" oya="3" hai0="93,77,129,72,73,23,92,111,62,6,70,61,12" hai1="9,87,36,13,37,86,11,119,131,7,30,31,57" hai2="25,42,49,65,115,16,75,85,89,66,76,88,99" hai3="69,24,117,40,48,125,8,74,100,122,134,130,83"/><W54/><G69/><T120/><D120/><U132/><E131/><V108/><F75/><W26/><G122/><T78/><D111/><U27/><E132/><V101/><F108/><W53/><G117/><T104/><D104/><U55/><E37/><V2/><F2/><W15/><G100/><T19/><D129/><U1/><E36/><V71/><F115/><W50/><G130/><T51/><D70/><U39/><E39/><V35/><F35/><W112/><G112/><T98/><D72/><U47/><E47/><N who="2" m="25847" /><F101/><W10/><G40/><T81/><D78/><U32/><E31/><V0/><F0/><W17/><G74/><T46/><D98/><U79/><E79/><V126/><F126/><W90/><G90/><N who="2" m="34921" /><F99/><W67/><G15/><T3/><D93/><U95/><E95/><V123/><F71/><W56/><G17/><T68/><D92/><U4/><E119/><V45/><F45/><W82/><G56/><T128/><D68/><U63/><AGARI ba="0,0" hai="1,4,7,9,11,13,27,30,32,55,57,63,86,87" machi="63" ten="20,5200,0" yaku="0,1,7,1,52,2" doraHai="5" who="1" fromWho="1" sc="128,-13,380,52,282,-13,210,-26" owari="115,-38.5,432,53.2,269,6.9,184,-21.6" /></mjloggm>