<mjloggm ver="2.3"><GO type="225" lobby="0"/><UN n0="%E3%83%97%E3%83%AC%E3%83%B4%E3%82%A1%E3%83%86%E3%82%A3" n1="%E3%82%82%E3%82%93%E3%81%8D%E3%82%93%E3%81%90" n2="%E5%B8%86%E7%AB%8B%E5%A4%8F%E8%A1%A3" n3="%4C%4F%4C%49%54%41" dan="16,16,16,16" rate="2088.09,2057.81,2092.78,2184.93" sx="F,M,M,F"/><TAIKYOKU oya="0"/><INIT seed="0,0,0,3,3,47" ten="250,250,250,250" oya="0" hai0="9,64,6,103,74,70,132,23,124,45,112,117,8" hai1="75,73,98,91,44,50,63,60,119,85,15,26,65" hai2="1,86,77,80,2,32,135,31,29,53,131,28,83" hai3="90,114,104,67,113,11,78,48,120,14,89,57,95"/><T18/><D112/><U5/><E119/><V27/><F131/><W12/><G104/><T43/><D117/><U4/><E98/><V99/><F135/><W17/><G120/><T111/><D132/><U134/><E134/><V56/><F99/><W24/><G78/><T10/><D124/><U106/><E106/><V107/><F107/><W0/><G0/><T100/><D74/><U66/><E26/><V94/><F94/><W30/><G14/><T7/><D111/><U92/><E73/><V54/><F54/><W108/><G108/><T51/><D70/><U46/><E46/><V84/><F1/><W42/><G90/><T3/><D64/><U118/><E75/><V20/><F2/><W127/><G127/><T129/><D129/><U93/><E93/><V81/><F32/><W52/><G42/><T55/><D3/><U82/><E92/><V79/><REACH who="2" step="1"/><F81/><REACH who="2" ten="250,250,240,250" step="2"/><W115/><G67/><T101/><REACH who="0" step="1"/><D55/><REACH who="0" ten="240,250,240,250" step="2"/><U102/><E66/><V121/><F121/><W126/><G126/><T16/><D16/><U22/><E65/><V62/><AGARI ba="0,2" hai="20,27,28,29,31,53,56,62,77,79,80,83,84,86" machi="62" ten="20,8000,1" yaku="1,1,0,1,7,1,9,1,8,1,53,0" doraHai="47" doraHaiUra="88" who="2" fromWho="2" sc="240,-40,250,-20,240,100,250,-20" /><INIT seed="1,0,0,5,0,111" ten="200,230,340,230" oya="1" hai0="101,97,113,67,39,58,102,62,30,91,8,22,120" hai1="0,123,99,63,80,20,72,128,75,83,68,112,54" hai2="87,77,126,107,96,44,98,121,69,81,29,51,9" hai3="33,64,65,26,41,114,110,70,12,24,25,100,4"/><U103/><E123/><V61/><F126/><W52/><G33/><T49/><D39/><U106/><E0/><V129/><F129/><W93/><G114/><T94/><D120/><U127/><E54/><V119/><F119/><W55/><G110/><T84/><D113/><U46/><E46/><V43/><F121/><W6/><G41/><T47/><D8/><U36/><E36/><V56/><F107/><W118/><G70/><T27/><REACH who="0" step="1"/><D97/><REACH who="0" ten="190,230,340,230" step="2"/><U95/><E112/><V38/><F9/><W32/><G118/><T5/><D5/><U59/><E128/><V74/><F98/><W132/><G6/><T131/><D131/><U124/><E127/><V3/><F96/><W117/><G117/><T92/><D92/><U71/><E124/><V14/><F38/><W53/><G4/><T21/><D21/><U13/><E95/><V50/><F3/><W85/><G93/><T109/><D109/><U28/><E106/><V116/><F116/><W40/><G32/><T7/><D7/><U60/><E20/><V10/><F10/><W66/><G132/><T2/><D2/><U105/><E105/><V11/><F11/><W23/><G23/><T88/><D88/><U130/><E130/><V79/><F50/><W86/><G100/><T16/><D16/><U122/><E103/><V37/><F51/><W78/><G78/><T45/><D45/><U82/><E122/><V42/><F44/><W15/><G40/><AGARI ba="0,1" hai="22,27,30,40,47,49,58,62,67,84,91,94,101,102" machi="40" ten="30,7700,0" yaku="1,1,7,1,8,1,53,1" doraHai="111" doraHaiUra="19" who="0" fromWho="3" sc="190,87,230,0,340,0,230,-77" /><INIT seed="2,0,0,1,0,59" ten="277,230,340,153" oya="2" hai0="4,3,104,84,58,66,22,17,69,18,112,91,97" hai1="79,109,123,128,96,48,99,34,61,1,68,102,53" hai2="51,29,39,6,15,35,9,131,74,24,13,121,44" hai3="122,63,21,72,118,33,127,7,45,82,25,38,23"/><V77/><F121/><W60/><G122/><T135/><D112/><U56/><E123/><V14/><F131/><W31/><G118/><T126/><D69/><U113/><E113/><V16/><F39/><W130/><G130/><T8/><D126/><U107/><E128/><V70/><F70/><W11/><G127/><T114/><D114/><U132/><E109/><V83/><REACH who="2" step="1"/><F6/><REACH who="2" ten="277,230,330,153" step="2"/><W41/><G33/><T46/><D135/><U105/><E34/><V42/><AGARI ba="0,1" hai="9,13,14,15,16,24,29,35,42,44,51,74,77,83" machi="42" ten="20,12000,1" yaku="1,1,2,1,0,1,7,1,54,1,53,0" doraHai="59" doraHaiUra="55" who="2" fromWho="2" sc="277,-40,230,-40,330,130,153,-40" /><INIT seed="2,1,0,2,0,24" ten="237,190,460,113" oya="2" hai0="55,97,28,103,22,119,76,19,4,87,29,39,109" hai1="23,58,108,80,5,56,65,49,121,133,69,13,12" hai2="25,116,135,111,89,10,37,40,57,32,110,45,46" hai3="83,81,14,114,17,132,98,52,18,53,34,36,77"/><V84/><F116/><W47/><G132/><T26/><D39/><U35/><E35/><V61/><F135/><W44/><G34/><T94/><D119/><U102/><E133/><V90/><F10/><W93/><G114/><T20/><D109/><N who="2" m="41482" /><F45/><W66/><G66/><T118/><D118/><U74/><E108/><V67/><F84/><W41/><G47/><T104/><D4/><U100/><E5/><V48/><F37/><W115/><G115/><T85/><D104/><U122/><E74/><V38/><F38/><W27/><G27/><T86/><D76/><U106/><E106/><V120/><F120/><W33/><G33/><T31/><REACH who="0" step="1"/><D55/><REACH who="0" ten="227,190,460,113" step="2"/><U6/><E6/><V130/><F130/><W59/><G53/><T96/><D96/><U21/><E121/><V15/><F15/><AGARI ba="1,1" hai="15,19,20,22,26,28,29,31,85,86,87,94,97,103" machi="15" ten="40,8000,1" yaku="1,1,8,1,52,3,53,0" doraHai="24" doraHaiUra="105" who="0" fromWho="2" sc="227,93,190,0,460,-83,113,0" /><INIT seed="3,0,0,2,4,39" ten="320,190,377,113" oya="3" hai0="108,1,85,37,114,28,21,11,25,123,103,33,124" hai1="42,60,105,116,125,87,130,109,45,8,57,9,75" hai2="86,18,64,118,54,117,46,113,6,129,2,48,91" hai3="92,100,77,90,102,106,10,69,65,98,122,56,95"/><W13/><G122/><T82/><D123/><U120/><E75/><V126/><F113/><W7/><G69/><T4/><D114/><U41/><E120/><V16/><F64/><W104/><G77/><T29/><D108/><U24/><E105/><V66/><F66/><W22/><G100/><T40/><D103/><U131/><E109/><V132/><F2/><W78/><G78/><T111/><D111/><U121/><E121/><V52/><F6/><W43/><G22/><T30/><D124/><U73/><E73/><V62/><F126/><W17/><G17/><T35/><D82/><U15/><E125/><V3/><F3/><W63/><REACH who="3" step="1"/><G43/><REACH who="3" ten="320,190,377,103" step="2"/><T89/><D89/><U107/><E116/><V53/><F118/><W110/><G110/><T70/><D70/><U47/><E42/><V97/><F117/><W27/><G27/><N who="0" m="16495" /><D40/><U119/><E24/><V79/><F18/><W61/><G61/><T12/><D37/><U112/><E119/><V72/><F62/><W59/><G59/><T74/><D74/><U134/><E60/><V135/><F72/><W0/><G0/><T127/><D127/><U80/><E57/><V94/><F79/><W133/><G133/><T58/><D58/><U5/><E134/><V81/><F135/><W23/><G23/><N who="0" m="15551" /><D1/><U14/><E41/><V19/><F132/><W88/><G88/><T68/><D68/><U51/><E47/><V20/><F20/><W93/><G93/><T71/><D71/><U84/><E45/><V26/><F46/><W49/><G49/><T99/><D30/><U96/><E51/><V83/><F48/><RYUUKYOKU ba="0,1" sc="320,-10,190,-10,377,-10,103,30" hai3="7,10,13,56,63,65,90,92,95,98,102,104,106" /><INIT seed="3,1,1,3,3,41" ten="310,180,367,133" oya="3" hai0="122,133,8,52,23,39,56,75,50,108,46,134,34" hai1="64,120,28,3,104,26,135,53,57,95,9,38,89" hai2="128,19,65,71,59,100,48,43,129,118,18,130,4" hai3="83,117,73,20,13,119,44,54,32,37,106,111,16"/><W51/><G106/><T6/><D75/><U125/><E38/><V61/><F118/><W27/><G111/><T124/><D122/><U94/><E104/><V47/><F100/><W30/><REACH who="3" step="1"/><G37/><REACH who="3" ten="310,180,367,123" step="2"/><T97/><D108/><U90/><E120/><V107/><F107/><W15/><G15/><T77/><D39/><U21/><E125/><V12/><F71/><W78/><AGARI ba="1,2" hai="13,16,20,27,30,32,44,51,54,73,78,83,117,119" machi="78" ten="30,12000,1" yaku="1,1,0,1,52,1,54,1,53,1" doraHai="41" doraHaiUra="79" who="3" fromWho="3" sc="310,-41,180,-41,367,-41,123,143" /><INIT seed="3,2,0,1,3,56" ten="269,139,326,266" oya="3" hai0="104,62,125,16,57,24,3,117,122,18,132,90,74" hai1="128,80,119,66,114,134,48,93,124,108,6,7,83" hai2="52,130,46,44,112,131,91,77,49,70,121,79,87" hai3="36,99,23,42,103,109,31,88,0,95,102,65,69"/><W38/><G0/><T82/><D117/><U126/><E93/><N who="2" m="54527" /><F70/><W33/><G33/><T92/><D104/><U40/><E66/><V5/><F112/><W21/><G109/><T19/><D3/><U47/><E114/><V10/><F46/><W45/><G36/><T22/><D122/><U20/><E20/><V63/><F63/><W64/><G21/><T115/><D125/><U120/><E120/><V118/><F118/><W32/><G32/><T110/><D110/><U61/><E119/><V1/><F121/><W84/><G69/><T51/><D132/><U11/><E108/><V75/><F75/><W107/><REACH who="3" step="1"/><G102/><REACH who="3" ten="269,139,326,256" step="2"/><T60/><D115/><U29/><E134/><V71/><F71/><W15/><G15/><T127/><D127/><U111/><E126/><V41/><F41/><W8/><G8/><T89/><D74/><U133/><E111/><V17/><F10/><W100/><G100/><T4/><D4/><U96/><E124/><V50/><F5/><W129/><G129/><N who="2" m="49161" /><F1/><W30/><G30/><T53/><D22/><U81/><E133/><V54/><F17/><W59/><G59/><T26/><D24/><AGARI ba="2,1" hai="23,24,31,38,42,45,64,65,84,88,95,99,103,107" machi="24" ten="40,7700,0" yaku="1,1,54,1,53,1" doraHai="56" doraHaiUra="27" who="3" fromWho="0" sc="269,-83,139,0,326,0,256,93" owari="186,-21.4,139,-36.1,326,12.6,349,44.9" /></mjloggm>