<mjloggm ver="2.3"><GO type="225" lobby="0"/><UN n0="%E3%81%99%E3%81%84%E3%81%BE%E3%81%9B%E3%83%BC%E3%82%93" n1="%63%68%78%62%64" n2="%E5%B0%8F%37%34" n3="%E3%81%BB%E3%81%86%E3%82%88%E3%81%86%E3%81%95%E3%81%8B%E3%81%AA" dan="17,16,16,16" rate="2241.22,2133.77,2167.21,2113.35" sx="M,M,M,M"/><TAIKYOKU oya="0"/><INIT seed="0,0,0,0,4,12" ten="250,250,250,250" oya="0" hai0="48,41,105,11,102,53,119,19,58,111,21,120,27" hai1="20,60,32,94,108,14,109,95,89,6,36,4,17" hai2="110,71,100,83,76,2,99,68,25,75,103,50,69" hai3="126,45,5,134,52,40,133,114,81,97,22,23,49"/><T65/><D119/><U1/><E36/><V91/><F2/><W30/><G114/><T129/><D120/><U35/><E94/><V66/><F110/><N who="1" m="42601" /><E60/><V34/><F50/><W77/><G126/><T92/><D111/><U73/><E73/><V43/><F43/><W86/><G5/><N who="1" m="2154" /><E1/><V61/><F91/><W67/><G67/><T47/><D105/><U39/><E39/><V101/><F101/><W59/><G97/><AGARI ba="0,0" hai="14,17,20,32,35,89,95,97" m="2154,42601" machi="97" ten="30,2000,0" yaku="14,1,52,1" doraHai="12" who="1" fromWho="3" sc="250,0,250,20,250,0,250,-20" /><INIT seed="1,0,0,2,1,31" ten="250,270,250,230" oya="1" hai0="131,59,45,3,118,58,77,7,81,14,12,101,65" hai1="36,0,68,106,38,11,76,10,84,47,114,6,125" hai2="62,126,134,91,102,124,93,121,30,79,18,109,64" hai3="51,72,29,61,97,39,100,85,35,83,133,73,16"/><U50/><E106/><V66/><F121/><W128/><G39/><T54/><D118/><U49/><E125/><N who="2" m="48235" /><F79/><W116/><G116/><T33/><D33/><U13/><E114/><V21/><F109/><W25/><G133/><T2/><D131/><U34/><E68/><V23/><F102/><W108/><G108/><T70/><D101/><U60/><E60/><V110/><F110/><W78/><G128/><T87/><D70/><U53/><E49/><V42/><F42/><W132/><G132/><T99/><D99/><U55/><E55/><V57/><F134/><W89/><G61/><T129/><D129/><U122/><E122/><V52/><F30/><W115/><G115/><T71/><D71/><U1/><E34/><V27/><F23/><W123/><G123/><T90/><D65/><U107/><E107/><V28/><F28/><W104/><G51/><N who="0" m="29039" /><D2/><U119/><E119/><V96/><AGARI ba="0,0" hai="18,21,27,52,57,62,64,66,91,93,96" m="48235" machi="96" ten="30,4000,0" yaku="25,1,18,1,54,1" doraHai="31" who="2" fromWho="2" sc="250,-10,270,-20,250,40,230,-10" /><INIT seed="2,0,0,4,2,116" ten="240,250,290,220" oya="2" hai0="97,41,88,82,2,21,65,47,123,94,109,4,90" hai1="120,131,12,99,89,87,24,92,32,105,31,23,1" hai2="102,101,10,78,91,34,59,84,108,22,73,74,37" hai3="71,16,62,49,57,13,107,27,48,122,19,129,42"/><V81/><F34/><W111/><G122/><T38/><D123/><U5/><E131/><V40/><F73/><W76/><G129/><T28/><D109/><U96/><E120/><V15/><F108/><W36/><G107/><T33/><D33/><U117/><E117/><V7/><F59/><W135/><G111/><T121/><D121/><U95/><E105/><V43/><F22/><W72/><G135/><T35/><D35/><U44/><E44/><V115/><F115/><W6/><G71/><T29/><D65/><U113/><E113/><V0/><F15/><W60/><G36/><T104/><D104/><U17/><E92/><N who="2" m="54375" /><F40/><W8/><G72/><T118/><D118/><U125/><E125/><V77/><F77/><W110/><G110/><T98/><D21/><U86/><REACH who="1" step="1"/><E96/><REACH who="1" ten="240,240,290,220" step="2"/><V100/><F100/><W132/><G132/><T26/><D97/><U25/><E25/><V30/><F30/><W11/><G27/><T56/><D26/><U63/><E63/><V67/><F67/><W79/><G42/><T3/><D29/><U70/><E70/><V66/><F66/><W20/><G60/><T46/><D28/><U128/><E128/><V127/><F127/><W93/><G93/><T53/><D41/><U112/><E112/><V18/><F43/><W133/><G133/><T106/><D106/><U130/><E130/><V61/><F61/><W64/><G6/><T45/><D4/><U83/><E83/><V68/><F68/><W85/><G62/><N who="0" m="36111" /><D38/><U50/><E50/><V69/><F37/><W75/><G48/><T9/><D94/><U103/><E103/><RYUUKYOKU ba="0,1" sc="240,-10,240,30,290,-10,220,-10" hai1="1,5,12,17,23,24,31,32,86,87,89,95,99" /><INIT seed="3,1,1,1,5,49" ten="230,270,280,210" oya="3" hai0="71,79,14,32,19,113,25,121,50,46,68,29,72" hai1="45,118,88,125,30,73,35,112,4,48,63,90,75" hai2="99,58,70,134,107,37,109,41,40,64,97,17,126" hai3="130,76,103,26,39,102,55,94,16,62,86,0,122"/><W42/><G122/><T91/><D121/><U92/><E112/><V104/><F70/><W85/><G0/><T5/><D113/><U51/><E125/><V12/><F126/><W6/><G130/><T43/><D5/><U56/><E118/><V13/><F109/><W117/><G117/><T22/><D91/><U1/><E90/><V124/><F124/><W100/><G6/><T135/><D135/><U77/><E77/><V18/><F58/><N who="3" m="35167" /><G39/><T132/><D132/><U2/><E4/><V119/><F64/><W47/><G76/><T9/><D32/><U15/><E1/><V93/><F37/><W106/><G106/><T69/><D79/><U101/><E2/><V21/><F119/><W105/><G105/><T61/><D72/><U10/><E35/><V78/><F78/><W53/><G94/><T129/><D129/><U36/><E36/><V128/><F93/><W80/><G80/><T38/><D38/><U11/><E73/><V84/><F134/><W133/><G133/><T98/><D98/><U111/><E75/><V87/><F128/><W34/><G34/><T23/><D23/><AGARI ba="1,1" hai="12,13,17,18,21,23,40,41,84,87,97,99,104,107" machi="23" ten="25,1600,0" yaku="22,2" doraHai="49" who="2" fromWho="0" sc="230,-19,270,0,280,29,210,0" owari="211,-18.9,270,7.0,309,40.9,210,-29.0" /></mjloggm>