<mjloggm ver="2.3"><GO type="225" lobby="0"/><UN n0="%E3%82%BC%E3%83%AB%E3%83%80%E3%81%AE%E4%BC%9D%E8%AA%AC" n1="%E3%81%B5%E3%81%98%E3%81%8B%E3%81%A4" n2="%E8%B6%85%E7%B4%9A%E9%B3%B3%E5%87%B0" n3="%E3%82%B3%E3%83%90%E3%83%AC%E3%82%A4" dan="18,16,17,16" rate="2176.73,2162.42,2172.76,2072.17" sx="M,M,F,M"/><TAIKYOKU oya="0"/><INIT seed="0,0,0,4,1,19" ten="250,250,250,250" oya="0" hai0="122,25,106,133,43,83,47,113,29,123,80,70,1" hai1="15,39,131,64,79,111,135,117,28,18,100,88,31" hai2="53,3,30,2,72,52,60,50,68,14,54,45,127" hai3="36,120,69,20,34,48,46,12,40,130,44,58,81"/><T115/><D106/><U57/><E117/><V38/><F72/><W27/><G130/><T134/><D70/><U85/><E131/><V105/><F105/><W67/><G120/><N who="0" m="46123" /><D80/><U132/><E111/><V63/><F127/><W116/><G116/><T118/><D83/><U21/><E39/><V59/><F30/><W129/><G129/><T41/><D118/><U95/><E100/><V23/><F23/><W112/><G112/><N who="0" m="43083" /><D47/><U65/><E79/><V101/><F101/><W109/><G109/><T82/><D82/><U104/><E104/><V124/><F124/><W128/><G81/><T74/><D74/><U87/><E87/><V61/><F14/><W0/><G128/><T90/><D90/><U17/><E17/><V89/><F89/><W107/><G69/><T76/><D76/><U99/><E99/><V108/><F108/><W71/><G71/><T75/><D75/><U37/><E37/><V42/><F2/><W125/><G36/><T103/><D103/><U49/><E65/><N who="2" m="40999" /><F3/><W96/><G125/><T66/><D66/><U84/><E84/><V51/><F63/><W8/><G107/><T32/><D1/><U92/><E92/><V16/><F16/><W98/><G0/><T86/><D86/><U93/><E93/><V11/><F11/><W7/><G98/><T9/><D9/><U119/><E119/><V94/><F94/><W13/><G96/><T10/><D10/><U5/><E64/><AGARI ba="0,0" hai="38,42,45,50,51,52,53,54,59,61,64" m="40999" machi="64" ten="30,12000,2" yaku="35,5,54,1" doraHai="19" who="2" fromWho="1" sc="250,0,250,-120,250,120,250,0" /><INIT seed="1,0,0,5,0,86" ten="250,130,370,250" oya="1" hai0="101,9,87,95,42,15,76,44,91,60,107,61,114" hai1="55,115,84,104,57,4,108,69,73,23,119,49,77" hai2="17,65,51,33,79,132,127,89,70,46,52,128,22" hai3="78,135,125,45,21,39,36,98,40,112,83,29,93"/><U75/><E119/><V3/><F33/><W38/><G112/><T111/><D111/><U92/><E115/><V103/><F3/><W64/><G125/><T90/><D114/><U88/><E69/><V8/><F127/><W94/><G94/><T110/><D110/><U62/><E108/><V100/><F128/><W63/><G135/><T18/><D76/><U71/><E4/><V35/><F35/><W34/><G34/><T126/><D126/><U131/><E131/><V5/><F132/><W56/><G83/><T109/><D109/><U133/><E133/><V31/><F31/><W47/><G47/><T19/><D19/><U113/><E113/><V32/><F32/><W28/><G78/><T99/><REACH who="0" step="1"/><D91/><REACH who="0" ten="240,130,370,250" step="2"/><U0/><E77/><V53/><F79/><W123/><G123/><T16/><D16/><U81/><E0/><V25/><F89/><W37/><REACH who="3" step="1"/><G21/><REACH who="3" ten="240,130,370,240" step="2"/><T7/><D7/><U122/><E122/><V124/><F124/><W27/><G27/><T6/><D6/><U130/><E130/><V48/><F5/><W58/><G58/><T72/><D72/><N who="1" m="27723" /><E23/><V97/><F22/><W30/><G30/><T80/><D80/><U120/><E81/><V14/><F70/><W59/><G59/><T24/><D24/><U41/><E120/><V117/><F25/><W116/><G116/><T13/><D13/><U11/><E11/><V129/><F117/><W66/><G66/><T134/><D134/><U106/><E71/><V121/><F8/><W10/><G10/><T1/><D1/><U20/><E20/><V67/><F121/><W12/><G12/><RYUUKYOKU ba="0,2" sc="240,10,130,10,370,-30,240,10" hai0="9,15,18,42,44,60,61,87,90,95,99,101,107" hai1="41,49,55,57,62,84,88,92,104,106" hai3="28,29,36,37,38,39,40,45,56,63,64,93,98" /><INIT seed="1,1,2,1,3,49" ten="250,140,340,250" oya="1" hai0="115,107,60,73,68,3,67,56,129,41,110,61,14" hai1="21,44,54,96,126,93,20,5,30,45,11,89,135" hai2="102,8,120,9,78,83,84,31,12,94,22,37,122" hai3="103,17,28,128,127,101,51,35,80,62,100,133,75"/><U82/><E126/><V72/><F37/><W130/><G127/><T118/><D3/><U134/><E30/><V4/><F8/><W27/><G133/><N who="1" m="50698" /><E82/><V81/><F94/><W34/><G17/><T124/><D107/><U86/><E86/><V97/><F31/><W109/><G109/><T95/><D73/><U105/><E105/><V59/><F59/><W85/><G75/><T125/><D95/><U52/><E44/><V91/><F22/><N who="1" m="8809" /><E45/><V48/><F48/><W63/><G35/><T40/><D124/><U32/><E32/><V39/><F39/><W112/><G51/><T104/><D104/><U64/><E64/><V46/><F46/><W70/><G112/><T29/><D115/><U92/><E92/><V113/><F113/><W98/><G98/><T38/><D29/><U65/><E65/><V76/><F76/><N who="3" m="46215" /><G70/><T99/><D125/><U26/><E26/><V88/><F91/><W114/><G114/><T121/><D38/><U69/><E69/><V2/><F2/><AGARI ba="1,2" hai="2,5,11,52,54,89,93,96" m="8809,50698" machi="2" ten="30,11600,0" yaku="20,1,52,2,54,1" doraHai="49" who="1" fromWho="2" sc="250,0,140,139,340,-119,250,0" /><INIT seed="1,2,0,4,2,114" ten="250,279,221,250" oya="1" hai0="60,133,62,96,82,78,29,14,12,116,54,122,111" hai1="52,88,5,117,109,2,87,77,61,58,53,95,24" hai2="63,13,64,104,135,79,108,42,129,31,19,20,120" hai3="55,97,115,25,81,134,69,66,36,98,59,49,34"/><U106/><E106/><V48/><F120/><W73/><G115/><T92/><D122/><U32/><E77/><V56/><F104/><W74/><G74/><T18/><D116/><U43/><E43/><V110/><F129/><W33/><G33/><T17/><D111/><N who="2" m="42538" /><F79/><W83/><G36/><T93/><D133/><U85/><E109/><V103/><F103/><W123/><G123/><T28/><D78/><U23/><E32/><V9/><F135/><W47/><G73/><T113/><D54/><U100/><E100/><V75/><F75/><W127/><G134/><T51/><D51/><U105/><E105/><V4/><F42/><W112/><G69/><T26/><D113/><U30/><E2/><N who="2" m="151" /><F48/><W50/><G112/><T65/><D26/><U90/><E5/><V124/><F31/><W68/><G68/><T125/><D96/><U45/><E45/><V40/><F40/><W41/><G66/><T44/><D44/><U132/><E132/><V126/><AGARI ba="2,0" hai="13,19,20,56,63,64,124,126" m="151,42538" machi="126" ten="30,1100,0" yaku="14,1" doraHai="114" who="2" fromWho="2" sc="250,-5,279,-7,221,17,250,-5" /><INIT seed="2,0,0,3,0,25" ten="245,272,238,245" oya="2" hai0="125,107,95,3,120,132,31,13,46,27,89,41,50" hai1="86,124,44,40,93,87,98,82,48,6,60,24,76" hai2="36,73,118,110,15,9,7,10,97,131,74,49,28" hai3="129,21,37,122,91,70,42,18,126,4,106,116,113"/><V45/><F118/><W22/><G70/><T55/><D3/><U14/><E124/><V61/><F131/><W133/><G106/><T127/><D107/><U58/><E24/><V47/><F110/><W65/><G126/><N who="0" m="48139" /><D132/><U102/><E6/><V19/><F61/><W88/><G129/><T35/><D120/><U17/><E86/><V16/><F97/><W108/><G122/><T43/><D13/><U2/><E2/><V23/><F36/><W99/><G133/><T85/><AGARI ba="0,0" hai="27,31,35,41,43,46,50,55,85,89,95" m="48139" machi="85" ten="30,2000,0" yaku="18,1,52,1" doraHai="25" who="0" fromWho="0" sc="245,20,272,-5,238,-10,245,-5" /><INIT seed="3,0,0,5,5,100" ten="265,267,228,240" oya="3" hai0="21,23,76,7,79,96,55,1,86,42,18,51,59" hai1="33,97,83,14,98,61,113,135,37,47,10,80,105" hai2="20,19,65,9,132,22,93,104,64,44,91,41,123" hai3="117,3,81,70,115,78,25,129,112,49,5,46,73"/><W87/><G117/><T6/><D1/><U38/><E113/><V119/><F119/><W26/><G70/><T94/><D42/><U103/><E33/><V8/><F123/><W69/><G69/><T15/><D23/><N who="2" m="8746" /><F132/><W106/><G106/><T35/><D35/><U107/><E61/><V16/><F104/><W110/><G129/><T12/><D12/><U95/><E135/><V13/><F41/><W63/><G63/><T82/><REACH who="0" step="1"/><D79/><REACH who="0" ten="255,267,228,240" step="2"/><U45/><E14/><N who="2" m="7239" /><F44/><W60/><G115/><T90/><AGARI ba="0,1" hai="6,7,15,18,21,51,55,59,76,82,86,90,94,96" machi="90" ten="20,8000,1" yaku="1,1,0,1,7,1,8,1,53,1" doraHai="100" doraHaiUra="84" who="0" fromWho="0" sc="255,90,267,-20,228,-20,240,-40" owari="345,44.5,247,4.7,208,-19.2,200,-30.0" /></mjloggm>