<mjloggm ver="2.3"><GO type="225" lobby="0"/><UN n0="%E6%A0%B9%E5%85%83%E3%81%8B%E3%82%89%E5%90%B9%E3%81%A3%E9%A3%9B%E3%81%B6" n1="%E7%99%BD%E6%97%A5%E9%9B%AA%E8%8F%9C" n2="%E8%B6%85%E7%B4%9A%E9%B3%B3%E5%87%B0" n3="%E3%81%BF%E3%81%BF%E3%81%9A" dan="17,17,17,17" rate="2195.19,2216.18,2204.05,2277.65" sx="F,M,M,M"/><TAIKYOKU oya="0"/><INIT seed="0,0,0,3,2,1" ten="250,250,250,250" oya="0" hai0="104,128,11,95,61,60,39,47,72,131,122,40,14" hai1="69,6,134,93,62,38,10,102,108,19,12,30,7" hai2="89,63,77,79,52,44,36,34,129,135,51,94,78" hai3="68,54,101,120,55,42,50,66,41,70,56,114,73"/><T24/><D104/><U126/><E38/><V103/><F34/><W121/><G73/><T8/><D72/><U2/><E108/><V83/><F129/><N who="0" m="49738" /><D122/><N who="3" m="47209" /><G101/><T117/><D117/><U132/><E126/><V90/><F135/><N who="1" m="51753" /><E30/><V17/><F36/><W15/><G15/><T45/><D24/><U107/><E107/><V74/><F103/><W67/><G114/><T31/><D31/><U16/><E2/><V109/><F109/><W5/><G5/><N who="1" m="1546" /><E19/><V23/><F63/><N who="3" m="40031" /><G54/><T22/><D60/><AGARI ba="0,0" hai="41,42,50,55,56,60,67,70" m="40031,47209" machi="60" ten="30,3900,0" yaku="13,1,34,2" doraHai="1" who="3" fromWho="0" sc="250,-39,250,0,250,0,250,39" /><INIT seed="1,0,0,3,1,58" ten="211,250,250,289" oya="1" hai0="17,33,96,125,120,51,107,2,63,39,83,126,54" hai1="34,122,20,103,109,22,37,108,18,31,94,118,75" hai2="10,42,6,111,90,40,132,25,87,36,124,30,67" hai3="112,80,117,44,84,23,52,88,14,79,13,38,113"/><U50/><E118/><V97/><F111/><N who="1" m="42569" /><E37/><V21/><F124/><N who="0" m="47722" /><D120/><U7/><E122/><V74/><F74/><W129/><G117/><T68/><D33/><U0/><E75/><V41/><F132/><W62/><G129/><T64/><D2/><U47/><E34/><V29/><F36/><W77/><G38/><T32/><D32/><U101/><E31/><V53/><F30/><W81/><G112/><T86/><D17/><U115/><E115/><V59/><F97/><W55/><G113/><T73/><D73/><U11/><E94/><V27/><F27/><W8/><G23/><N who="1" m="8746" /><E18/><V78/><F78/><W104/><G104/><T105/><D96/><U69/><E69/><V35/><F35/><W15/><G8/><T71/><D71/><U93/><E93/><V60/><F67/><W121/><G121/><T131/><D131/><U114/><E114/><V46/><F46/><W135/><G135/><T85/><D39/><U12/><E0/><V100/><F100/><W123/><G123/><T28/><D28/><U102/><E103/><V95/><REACH who="2" step="1"/><F41/><AGARI ba="0,0" hai="7,11,12,41,47,50,101,102" m="8746,42569" machi="41" ten="30,2900,0" yaku="14,1,10,1" doraHai="58" who="1" fromWho="2" sc="211,0,250,29,250,-29,289,0" /><INIT seed="1,1,0,3,3,118" ten="211,279,221,289" oya="1" hai0="23,132,18,3,131,69,133,86,20,103,7,93,32" hai1="25,95,52,109,46,87,9,104,68,122,0,64,117" hai2="128,49,67,121,90,113,13,66,65,28,125,11,54" hai3="96,17,119,26,61,77,75,70,6,4,33,29,37"/><U108/><E117/><V134/><F128/><W124/><G119/><T16/><D69/><U83/><E104/><V14/><F125/><W114/><G114/><T27/><D103/><U107/><E107/><V98/><F113/><W43/><G124/><T85/><D93/><U135/><E135/><N who="0" m="51785" /><D131/><U62/><E122/><V101/><F134/><W44/><G17/><N who="0" m="6763" /><D86/><U36/><E95/><V60/><F90/><W102/><G77/><T127/><D127/><U116/><E25/><V5/><F28/><W39/><G39/><T38/><D38/><U53/><E9/><V110/><F110/><N who="1" m="42601" /><E0/><V63/><F14/><W58/><G75/><T97/><D85/><U55/><E116/><V80/><F80/><W41/><G41/><T73/><D97/><U34/><E34/><V48/><F121/><W82/><G82/><T99/><D99/><U129/><E129/><V106/><REACH who="2" step="1"/><F49/><REACH who="2" ten="211,279,211,289" step="2"/><W19/><G37/><T56/><D73/><U42/><E83/><V84/><F84/><AGARI ba="1,1" hai="36,42,46,52,53,55,62,64,68,84,87" m="42601" machi="84" ten="30,5800,0" yaku="14,1,10,1,54,1" doraHai="118" who="1" fromWho="2" sc="211,0,279,71,211,-61,289,0" /><INIT seed="1,2,0,2,4,114" ten="211,350,150,289" oya="1" hai0="117,87,44,32,62,89,124,34,120,48,92,115,6" hai1="71,36,85,119,66,123,103,8,55,59,26,58,16" hai2="67,38,129,54,19,45,68,20,126,40,132,63,57" hai3="14,88,107,42,4,69,28,61,74,10,22,60,7"/><U52/><E119/><V29/><F129/><W130/><G130/><T108/><D120/><U12/><E36/><V97/><F126/><W134/><G134/><T24/><D108/><U104/><E123/><V49/><F97/><W128/><G128/><T3/><D124/><U135/><E135/><V96/><F96/><W93/><G107/><T25/><D115/><U53/><E71/><V43/><F43/><W76/><G69/><T2/><D117/><U79/><E103/><V41/><F41/><W0/><G42/><T72/><D72/><U83/><E104/><V106/><F106/><W17/><G7/><T118/><D118/><U64/><E26/><V77/><F77/><W56/><G28/><T50/><D62/><N who="1" m="36175" /><E55/><V121/><F132/><W110/><G110/><T122/><D122/><U73/><E73/><V81/><F81/><W13/><G0/><T15/><D15/><U113/><E113/><V90/><F121/><W112/><G112/><T21/><D6/><U30/><E30/><V98/><F29/><W9/><G22/><T105/><D105/><U100/><E100/><V131/><F131/><W65/><G61/><AGARI ba="2,0" hai="8,12,16,52,59,61,64,66,79,83,85" m="36175" machi="61" ten="30,5800,0" yaku="8,1,54,2" doraHai="114" who="1" fromWho="3" sc="211,0,350,64,150,0,289,-64" /><INIT seed="1,3,0,4,5,35" ten="211,414,150,225" oya="1" hai0="134,127,102,118,73,4,67,63,91,25,79,43,106" hai1="75,58,55,129,94,123,21,126,66,76,128,8,29" hai2="121,41,11,74,49,120,97,90,51,38,59,5,26" hai3="105,52,24,44,36,0,62,109,53,19,111,34,40"/><U84/><E123/><V27/><F74/><W96/><G0/><T17/><D118/><U3/><E126/><V86/><F97/><W30/><G19/><T61/><D127/><U78/><E66/><V104/><F104/><W32/><G32/><T95/><D134/><U16/><E29/><V72/><F72/><W71/><G71/><T9/><D43/><U103/><E75/><V135/><F135/><W83/><G83/><N who="0" m="45551" /><D17/><U133/><E133/><V37/><F41/><W13/><G13/><T101/><D25/><U28/><E28/><V31/><F59/><W108/><G62/><T68/><D101/><AGARI ba="3,0" hai="24,30,34,36,40,44,52,53,96,101,105,108,109,111" machi="101" ten="40,2600,0" yaku="14,1,54,1" doraHai="35" who="3" fromWho="0" sc="211,-35,414,0,150,0,225,35" /><INIT seed="2,0,0,4,4,32" ten="176,414,150,260" oya="2" hai0="89,51,81,104,22,122,37,59,12,35,105,94,85" hai1="54,17,119,16,93,25,134,96,110,92,129,64,75" hai2="95,73,46,63,40,41,74,49,116,77,78,2,62" hai3="27,9,115,76,50,68,29,8,112,111,70,114,21"/><V71/><F116/><W106/><G111/><T101/><D37/><U52/><E119/><V24/><F24/><W36/><G36/><T6/><D35/><U79/><E110/><V133/><F133/><W118/><G118/><T3/><D122/><U28/><E129/><V98/><F2/><W90/><G106/><T109/><D109/><U42/><E42/><V72/><F41/><W113/><N who="3" m="28672" /><DORA hai="7" /><W15/><G76/><T47/><D59/><U38/><E38/><V102/><REACH who="2" step="1"/><F63/><REACH who="2" ten="176,414,140,260" step="2"/><W126/><G126/><T83/><D3/><U86/><E25/><V57/><F57/><W30/><G30/><T56/><D56/><U55/><E28/><V23/><F23/><W19/><G50/><T132/><D22/><U4/><E134/><V125/><F125/><W131/><G131/><T13/><D132/><U65/><E65/><AGARI ba="0,1" hai="40,46,49,62,65,71,72,73,74,77,78,95,98,102" machi="65" ten="40,3900,0" yaku="1,1,53,1" doraHai="32,7" doraHaiUra="130,43" who="2" fromWho="1" sc="176,0,414,-39,140,49,260,0" /><INIT seed="2,1,0,4,2,131" ten="176,375,189,260" oya="2" hai0="89,55,82,38,128,104,27,60,134,18,50,79,45" hai1="42,77,112,49,47,103,7,56,65,20,116,90,85" hai2="36,2,25,88,22,119,58,84,14,106,33,11,129" hai3="0,123,54,67,111,34,115,126,73,41,76,31,1"/><V120/><F119/><W5/><G123/><T78/><D128/><U74/><E112/><V117/><F129/><W39/><G115/><T125/><D104/><U95/><E116/><V57/><F117/><W98/><G54/><T113/><D38/><U81/><E7/><V121/><F106/><W108/><G67/><T87/><D113/><U24/><E103/><V109/><F109/><N who="3" m="42059" /><G98/><T80/><D125/><U132/><E132/><V71/><F36/><W94/><G94/><N who="0" m="54591" /><D134/><U37/><E37/><V102/><F71/><W61/><G61/><T26/><D60/><U72/><E56/><V105/><F33/><W133/><G5/><T127/><D127/><U9/><E65/><V107/><F2/><W19/><G19/><T86/><D18/><U83/><E83/><N who="0" m="31785" /><D86/><U10/><E74/><V64/><F64/><W124/><G133/><T8/><D8/><U29/><AGARI ba="1,0" hai="9,10,20,24,29,42,47,49,72,77,81,85,90,95" machi="29" ten="20,1500,0" yaku="0,1,7,1" doraHai="131" who="1" fromWho="1" sc="176,-5,375,18,189,-8,260,-5" /><INIT seed="3,0,0,2,4,15" ten="171,393,181,255" oya="3" hai0="53,91,16,65,43,34,93,99,37,83,47,127,113" hai1="90,114,133,29,6,61,95,78,89,121,119,123,112" hai2="21,131,100,20,94,46,24,44,11,1,40,97,106" hai3="109,23,107,67,57,124,2,125,101,120,41,12,105"/><W81/><G120/><T30/><D34/><U19/><E133/><V85/><F131/><W0/><G41/><T87/><D30/><U39/><E39/><V126/><F126/><N who="3" m="48747" /><G81/><T77/><D127/><U129/><E129/><V58/><F58/><W103/><G67/><T104/><D113/><U51/><E78/><V76/><F76/><W108/><G12/><T68/><D53/><U56/><E121/><V75/><F75/><W79/><G23/><T3/><D3/><N who="3" m="1065" /><G57/><T36/><D36/><U118/><E56/><V134/><F134/><W49/><G49/><T42/><D42/><U10/><E51/><V122/><F122/><W70/><G70/><T64/><D68/><U4/><E123/><V38/><F44/><W135/><G135/><T33/><D33/><U128/><E128/><V116/><F116/><W73/><G79/><T54/><D54/><U69/><E69/><V48/><F38/><W71/><G73/><T72/><D16/><U66/><E19/><V102/><F24/><W35/><G35/><T27/><D27/><U17/><E119/><V8/><F1/><W63/><G63/><T80/><D80/><U26/><E61/><V117/><F117/><W50/><G50/><T18/><D18/><U22/><E17/><V7/><F7/><W52/><G52/><T59/><REACH who="0" step="1"/><D59/><REACH who="0" ten="161,393,181,255" step="2"/><U92/><E118/><V111/><F40/><W98/><G71/><T110/><D110/><U62/><E114/><V132/><F132/><W74/><G109/><T86/><D86/><U96/><E112/><V13/><F111/><W88/><G108/><T28/><D28/><RYUUKYOKU ba="0,1" sc="161,30,393,-10,181,-10,255,-10" hai0="37,43,47,64,65,72,77,83,87,91,93,99,104" owari="191,-20.9,393,49.3,171,-32.9,245,4.5" /></mjloggm>