<mjloggm ver="2.3"><GO type="225" lobby="0"/><UN n0="%E3%81%AF%E3%82%88%E3%81%8A%E3%81%98%E3%81%95%E3%82%93" n1="%E3%81%9F%E3%81%93%E2%98%86%E7%84%BC%E3%81%8D" n2="%E3%82%82%E3%81%90%E3%82%89" n3="%6D%75%75%6D%75%72%61" dan="16,16,16,16" rate="2093.04,2075.73,2222.38,2153.35" sx="M,M,M,F"/><TAIKYOKU oya="0"/><INIT seed="0,0,0,2,1,107" ten="250,250,250,250" oya="0" hai0="82,14,49,16,38,0,114,112,131,44,47,105,97" hai1="71,62,29,21,109,31,15,94,46,101,111,54,90" hai2="69,2,96,22,129,80,70,26,121,58,93,119,8" hai3="74,27,113,43,53,91,106,77,4,128,92,134,56"/><T86/><D0/><U104/><E104/><V124/><F121/><W28/><G113/><T45/><D131/><U78/><E101/><V85/><F129/><W89/><G128/><T12/><D12/><U68/><E78/><V110/><F110/><W61/><G106/><T5/><D5/><U32/><E32/><V99/><F99/><W125/><G125/><T122/><D122/><U76/><E76/><V35/><F35/><W10/><G134/><T72/><D72/><U24/><E29/><V118/><F8/><W120/><G43/><T36/><D49/><U73/><E73/><V19/><F2/><W117/><G117/><N who="2" m="44553" /><F124/><W11/><G120/><T127/><D127/><U3/><E15/><V25/><F25/><W60/><G60/><T66/><D66/><U79/><E79/><N who="2" m="46239" /><F58/><W108/><G108/><N who="1" m="41546" /><E3/><V130/><F130/><W37/><G77/><N who="0" m="46415" /><D97/><N who="1" m="57559" /><E46/><N who="0" m="18025" /><D105/><U1/><E1/><V34/><F34/><W123/><G123/><T88/><D88/><AGARI ba="0,0" hai="19,22,26,69,70,88,93,96" m="46239,44553" machi="88" ten="30,2000,0" yaku="12,1,54,1" doraHai="107" who="2" fromWho="0" sc="250,-20,250,0,250,20,250,0" /><INIT seed="1,0,0,1,0,118" ten="230,250,270,250" oya="1" hai0="110,66,123,21,32,36,67,40,41,129,64,26,5" hai1="43,61,104,69,108,37,34,22,52,47,130,78,11" hai2="56,77,88,93,100,25,99,107,121,131,44,65,135" hai3="29,94,128,71,18,68,0,114,48,74,1,120,132"/><U59/><E104/><V86/><F121/><W50/><G114/><T76/><D32/><U109/><E34/><V53/><F131/><W42/><G74/><T10/><D129/><U19/><E130/><V73/><F135/><W4/><G128/><T9/><D110/><N who="1" m="42603" /><E78/><V122/><F122/><W63/><G29/><T70/><D70/><U89/><E89/><V24/><F44/><W82/><G82/><T111/><D111/><U46/><E11/><N who="0" m="4105" /><D36/><U31/><E31/><V23/><F65/><N who="0" m="16642" /><T115/><DORA hai="126" /><D115/><U80/><E80/><N who="2" m="45103" /><F23/><W90/><G120/><T35/><D35/><U102/><E102/><V98/><F98/><W16/><G132/><T14/><D76/><U133/><E46/><V6/><F6/><W17/><G4/><T8/><D123/><U106/><E106/><V58/><F58/><W79/><G71/><T119/><D119/><U45/><E45/><V117/><F117/><W92/><G79/><T101/><D101/><U55/><E133/><V33/><F33/><W84/><G68/><T116/><D116/><U13/><E69/><V30/><F30/><AGARI ba="0,0" hai="5,8,14,21,26,30,40,41" m="16642,4105" machi="30" ten="30,1000,0" yaku="8,1" doraHai="118,126" who="0" fromWho="2" sc="230,10,250,0,270,-10,250,0" /><INIT seed="2,0,0,5,4,37" ten="240,250,260,250" oya="2" hai0="13,57,62,99,117,52,32,115,87,40,0,89,72" hai1="75,119,73,109,128,7,82,81,105,21,102,111,123" hai2="59,113,83,93,49,107,84,46,17,50,133,91,9" hai3="95,122,116,53,127,39,70,98,65,96,55,1,38"/><V129/><F107/><W22/><G116/><T68/><D115/><U58/><E7/><V3/><F113/><W45/><G122/><T114/><D0/><U78/><E58/><V110/><F129/><W29/><G127/><T12/><D72/><U112/><E21/><V125/><F133/><W34/><G34/><T92/><D32/><U41/><E41/><V124/><F110/><W43/><G1/><T27/><D68/><U130/><E112/><V54/><F93/><W51/><G96/><T19/><D114/><U60/><E60/><V33/><F33/><W94/><G94/><N who="0" m="54591" /><D117/><U18/><E18/><V79/><F79/><W132/><G132/><T2/><D2/><U134/><E134/><V100/><F100/><W85/><G85/><T77/><D77/><N who="1" m="44207" /><E123/><V63/><F50/><W71/><G65/><T20/><D40/><U16/><E16/><V4/><REACH who="2" step="1"/><F17/><REACH who="2" ten="240,250,250,250" step="2"/><W8/><G38/><T69/><D69/><U135/><E135/><V101/><F101/><AGARI ba="0,1" hai="12,13,19,20,27,52,57,62,92,99,101" m="54591" machi="101" ten="30,2000,0" yaku="8,1,54,1" doraHai="37" who="0" fromWho="2" sc="240,30,250,0,250,-20,250,0" /><INIT seed="3,0,0,2,3,19" ten="270,250,230,250" oya="3" hai0="16,35,134,10,106,53,103,38,130,30,43,131,62" hai1="45,90,49,8,111,5,82,117,31,29,55,91,61" hai2="57,99,65,135,7,12,112,107,87,114,51,77,3" hai3="81,68,109,48,125,95,66,2,28,56,83,115,86"/><W92/><G115/><T52/><D134/><U37/><E111/><V100/><F135/><W33/><G68/><T67/><D30/><U78/><E37/><V59/><F3/><W39/><G39/><T105/><D35/><U42/><E117/><V6/><F59/><W71/><G71/><T96/><D105/><U121/><E121/><V47/><F57/><W88/><G2/><T127/><D127/><U14/><E61/><V32/><F65/><W75/><G125/><T9/><D43/><U0/><E55/><V84/><F32/><W123/><G123/><T72/><D72/><U69/><E0/><V26/><F26/><W25/><G109/><T40/><D10/><U129/><E69/><V27/><F27/><W102/><G75/><T4/><D40/><U133/><E129/><N who="0" m="49161" /><D38/><U93/><E91/><V85/><F77/><W22/><G33/><T80/><D80/><U17/><E5/><V64/><F6/><W58/><G58/><N who="0" m="37335" /><D4/><U60/><E60/><V18/><F64/><W101/><G83/><T124/><D124/><U21/><E8/><V132/><F7/><W120/><G120/><T110/><D110/><U89/><E133/><V128/><F132/><W54/><G66/><T23/><D9/><U1/><E1/><V24/><F128/><W13/><G13/><AGARI ba="0,0" hai="13,16,23,52,53,96,103,106" m="37335,49161" machi="13" ten="30,7700,0" yaku="19,1,52,1,54,2" doraHai="19" who="0" fromWho="3" sc="270,77,250,0,230,0,250,-77" owari="347,44.7,250,5.0,230,-17.0,173,-32.7" /></mjloggm>