<mjloggm ver="2.3"><GO type="225" lobby="0"/><UN n0="%77%72%77%72%77%72%77%72" n1="%E3%83%A9%E3%83%BC%E3%83%A1%E3%83%B3%E4%BA%94%E9%83%8E" n2="%73%6C%69%63%6B%33%31%39" n3="%E5%80%89%E6%A9%8B%EF%BC%A0%E4%BA%8B%E5%8B%99" dan="16,16,16,16" rate="2110.21,2082.00,2197.64,2100.45" sx="M,M,M,M"/><TAIKYOKU oya="0"/><INIT seed="0,0,0,0,2,24" ten="250,250,250,250" oya="0" hai0="83,90,127,111,66,44,28,20,99,87,37,35,97" hai1="51,71,11,122,114,33,79,40,116,74,36,52,64" hai2="57,109,7,16,134,92,32,21,15,69,54,73,48" hai3="129,88,130,50,13,76,108,67,23,95,12,120,38"/><T19/><D127/><U125/><E33/><V94/><F73/><W117/><G38/><T77/><D111/><U112/><E116/><V34/><F69/><W86/><G117/><T31/><D35/><U45/><E122/><V72/><F72/><W126/><G108/><T105/><D105/><U49/><E125/><V102/><F109/><W82/><G126/><T62/><D37/><U53/><E11/><V101/><F134/><W60/><G120/><T107/><D44/><N who="1" m="23559" /><E79/><V46/><F7/><W47/><G23/><T100/><D77/><U123/><E74/><V63/><F34/><W81/><G130/><T3/><D3/><U119/><E119/><V4/><F4/><W65/><G129/><T135/><D99/><U133/><E133/><V14/><F14/><N who="3" m="5739" /><G60/><T42/><D42/><U1/><E1/><V70/><F70/><W6/><G6/><T25/><REACH who="0" step="1"/><D135/><REACH who="0" ten="240,250,250,250" step="2"/><U98/><E98/><V8/><F32/><W75/><G75/><T121/><D121/><U115/><E123/><V118/><F118/><W26/><G76/><T43/><D43/><N who="1" m="24767" /><E51/><V131/><F131/><W41/><G41/><T93/><D93/><U89/><E89/><V110/><F110/><W78/><G78/><T9/><D9/><U0/><E0/><V22/><F92/><W5/><G50/><T85/><D85/><U91/><E91/><V55/><F94/><W106/><G106/><T17/><D17/><U30/><E30/><V124/><F124/><W103/><G95/><T113/><D113/><U29/><E29/><V2/><F2/><W84/><G84/><T96/><D96/><RYUUKYOKU ba="0,1" sc="240,10,250,10,250,10,250,-30" hai0="19,20,25,28,31,62,66,83,87,90,97,100,107" hai1="52,53,64,71,112,114,115" hai2="8,15,16,21,22,46,48,54,55,57,63,101,102" /><INIT seed="0,1,1,1,3,16" ten="250,260,260,220" oya="0" hai0="114,9,121,22,75,72,37,97,47,115,38,2,109" hai1="18,118,49,3,55,84,4,68,80,42,124,101,8" hai2="65,33,61,32,50,131,88,56,79,91,20,92,113" hai3="64,46,130,125,21,135,90,103,45,58,93,31,36"/><T44/><D121/><U1/><E118/><V39/><F113/><W60/><G130/><T24/><D109/><U7/><E68/><V28/><F39/><W123/><G123/><T11/><D97/><U117/><E117/><V26/><F131/><W82/><G135/><T51/><D51/><U14/><E124/><V19/><F79/><W74/><G125/><T12/><D12/><U25/><E101/><V10/><F10/><W57/><G74/><T107/><D24/><U15/><E42/><V95/><F50/><W127/><G127/><T54/><D54/><U6/><E25/><V112/><F19/><W29/><G36/><T63/><D63/><U73/><E73/><V126/><F112/><W23/><G82/><T87/><D87/><U30/><E30/><N who="3" m="11274" /><G57/><T59/><D59/><U120/><E120/><V128/><F128/><W41/><G103/><T99/><D99/><U81/><E14/><V76/><F76/><W77/><G77/><T70/><D107/><U83/><REACH who="1" step="1"/><E84/><REACH who="1" ten="250,250,260,220" step="2"/><V108/><F126/><W0/><G0/><T17/><D2/><U106/><E106/><V98/><F108/><W116/><G116/><T71/><D17/><U111/><E111/><V104/><F104/><W13/><G13/><T105/><D105/><U102/><E102/><V48/><F48/><N who="3" m="26671" /><G46/><AGARI ba="1,2" hai="1,3,4,6,7,8,15,18,46,49,55,80,81,83" machi="46" ten="40,2600,0" yaku="1,1,53,1" doraHai="16" doraHaiUra="5" who="1" fromWho="3" sc="250,0,250,49,260,0,220,-29" /><INIT seed="1,0,0,5,5,110" ten="250,299,260,191" oya="1" hai0="20,80,93,45,15,12,29,52,111,3,135,60,59" hai1="19,22,104,9,14,92,17,11,118,98,66,28,102" hai2="32,64,0,69,6,54,77,121,87,58,101,65,108" hai3="99,18,68,128,25,125,53,57,44,71,126,31,130"/><U95/><E118/><V132/><F121/><W117/><G18/><T21/><D3/><U7/><E28/><V76/><F32/><N who="3" m="20591" /><G99/><T42/><D111/><U120/><E120/><V123/><F123/><W72/><G72/><T4/><D135/><U27/><REACH who="1" step="1"/><E66/><REACH who="1" ten="250,289,260,191" step="2"/><V55/><F64/><W134/><G117/><T13/><D29/><U129/><E129/><N who="3" m="49770" /><G44/><T40/><D45/><U116/><E116/><V115/><F65/><W84/><G84/><T114/><D4/><U86/><E86/><V119/><F87/><W107/><G107/><T8/><D93/><U109/><E109/><V50/><F6/><W74/><G74/><T49/><D80/><U103/><E103/><V133/><F101/><W73/><G73/><T48/><D40/><U88/><E88/><V10/><F108/><W112/><G134/><T56/><D42/><U30/><E30/><V94/><F119/><W83/><G83/><T78/><D78/><U82/><E82/><V113/><F94/><W70/><G112/><T36/><D114/><U46/><E46/><V26/><F132/><W63/><AGARI ba="0,1" hai="53,57,63,68,70,71,125,126" m="49770,20591" machi="63" ten="40,1500,0" yaku="19,1" doraHai="110" who="3" fromWho="3" sc="250,-4,289,-7,260,-4,191,25" /><INIT seed="2,0,0,0,2,132" ten="246,282,256,216" oya="2" hai0="127,70,42,86,92,85,68,23,72,58,97,32,113" hai1="0,3,129,51,117,98,63,108,40,111,5,18,47" hai2="95,103,34,75,38,24,11,14,128,41,22,122,135" hai3="78,28,121,126,66,61,33,2,48,31,71,106,53"/><V101/><F122/><W124/><G121/><T10/><D113/><U59/><E117/><V83/><F34/><W130/><G106/><T131/><D32/><U8/><E129/><V87/><F75/><W6/><G130/><T60/><D72/><U81/><E18/><V99/><F128/><W116/><G116/><T110/><D110/><N who="1" m="42027" /><E98/><V13/><F103/><W104/><G104/><T19/><D42/><U109/><N who="1" m="42035" /><U107/><DORA hai="114" /><E107/><V9/><F135/><W35/><G78/><T36/><D36/><U84/><E0/><V52/><F41/><W26/><G6/><T91/><D10/><N who="2" m="3594" /><F52/><W119/><G2/><T73/><D73/><U120/><E120/><V69/><F69/><W12/><G12/><T65/><D68/><U76/><E59/><V133/><F38/><W62/><G62/><AGARI ba="0,0" hai="3,5,8,40,47,51,62,63,76,81,84" m="42035" machi="62" ten="40,1300,0" yaku="14,1" doraHai="132,114" who="1" fromWho="3" sc="246,0,282,13,256,0,216,-13" /><INIT seed="3,0,0,1,3,5" ten="246,295,256,203" oya="3" hai0="126,116,53,95,27,60,102,57,86,25,117,89,129" hai1="133,128,109,73,82,88,97,52,33,21,94,7,69" hai2="18,38,8,14,15,56,58,93,23,17,85,127,134" hai3="35,124,110,122,92,96,28,34,32,79,59,115,135"/><W26/><G115/><T61/><D129/><U106/><E33/><V40/><F134/><W80/><G122/><T118/><D126/><U20/><E69/><V36/><F127/><W49/><G124/><T84/><D102/><N who="1" m="62799" /><E133/><V103/><F38/><W90/><G135/><T70/><D84/><N who="1" m="52487" /><E128/><V74/><F74/><W123/><G123/><T44/><D44/><U24/><E109/><V76/><F36/><W81/><G110/><T64/><AGARI ba="0,0" hai="25,27,53,57,60,61,64,70,86,89,95,116,117,118" machi="64" ten="40,1500,0" yaku="0,1" doraHai="5" who="0" fromWho="0" sc="246,15,295,-4,256,-4,203,-7" /><INIT seed="4,0,0,5,3,46" ten="261,291,252,196" oya="0" hai0="113,62,108,93,35,76,82,54,117,84,15,5,114" hai1="19,18,14,106,25,28,105,24,98,6,87,33,71" hai2="67,12,7,77,104,41,86,127,132,43,45,34,50" hai3="37,90,27,17,3,101,123,103,91,124,65,83,8"/><T60/><D117/><U115/><E71/><V99/><F34/><W120/><G37/><T4/><D35/><U40/><E115/><N who="0" m="44041" /><D108/><U110/><E110/><V95/><F127/><W131/><G65/><T9/><D93/><U61/><E40/><N who="2" m="24871" /><F104/><W2/><G124/><T78/><D78/><U121/><E121/><N who="3" m="46666" /><G131/><T135/><D135/><U92/><E87/><V75/><F75/><W66/><G66/><T48/><D5/><U69/><E6/><V125/><F67/><W38/><G38/><T102/><D102/><N who="3" m="38921" /><G83/><T85/><D85/><U129/><E129/><V100/><F132/><W74/><G74/><T36/><D36/><U68/><E105/><V21/><F125/><W134/><G134/><T23/><D23/><U29/><E106/><V32/><F32/><W49/><G49/><T94/><D94/><U11/><E61/><V47/><F21/><N who="3" m="13743" /><G8/><T10/><D10/><U13/><E11/><N who="2" m="4223" /><F47/><AGARI ba="0,0" hai="4,9,15,47,48,54,60,62,76,82,84" m="44041" machi="47" ten="30,2900,0" yaku="15,1,52,1" doraHai="46" who="0" fromWho="2" sc="261,29,291,0,252,-29,196,0" /><INIT seed="4,1,0,4,4,131" ten="290,291,223,196" oya="0" hai0="11,88,94,113,121,59,57,46,109,84,115,36,78" hai1="104,95,58,83,15,103,124,81,71,92,30,48,102" hai2="33,12,35,38,1,13,76,70,93,60,128,97,68" hai3="45,69,96,64,14,91,0,134,25,32,90,106,82"/><T116/><D121/><U56/><E71/><V100/><F1/><W65/><G0/><T86/><D116/><U112/><E104/><V89/><F38/><W119/><G119/><T67/><D109/><U107/><E107/><V4/><F128/><W85/><G14/><T20/><D11/><U77/><E124/><V63/><F76/><W120/><G45/><T72/><D72/><U135/><E112/><N who="0" m="43081" /><D67/><N who="3" m="25673" /><G69/><T122/><D122/><U49/><E15/><V75/><F75/><W41/><G41/><N who="0" m="22823" /><D20/><U2/><E2/><V61/><F68/><W31/><G120/><T127/><D127/><U118/><E118/><V42/><F70/><W10/><G10/><T125/><D125/><U6/><E77/><V105/><F42/><W47/><G47/><T28/><D28/><U108/><E30/><V27/><F12/><W29/><G106/><T129/><D129/><U51/><E48/><V26/><F13/><W55/><G31/><T98/><D78/><U123/><E123/><V130/><F130/><W17/><G55/><T50/><D57/><U133/><E108/><V23/><F23/><W9/><G134/><T73/><D73/><U99/><E99/><N who="2" m="57775" /><F4/><AGARI ba="1,0" hai="4,6,49,51,56,58,81,83,92,95,102,103,133,135" machi="4" ten="25,6400,0" yaku="22,2,52,2" doraHai="131" who="1" fromWho="2" sc="290,0,291,67,223,-67,196,0" owari="290,9.0,358,45.8,156,-34.4,196,-20.4" /></mjloggm>