<mjloggm ver="2.3"><GO type="225" lobby="0"/><UN n0="%E5%8F%AF%E5%85%90%E9%82%A3%E7%94%B1%E5%A4%9A" n1="%E9%B3%B3%E6%9D%B1%E3%81%AE%E3%81%86%E3%81%95%E3%81%8E%E3%81%95%E3%82%93" n2="%72%69%6F%75%63%68%61%6E" n3="%E3%83%A9%E3%82%B9%E7%8E%87%EF%BC%93%E5%89%B2" dan="17,17,17,16" rate="2237.51,2225.44,2172.72,2179.93" sx="F,M,M,F"/><TAIKYOKU oya="0"/><INIT seed="0,0,0,2,4,125" ten="250,250,250,250" oya="0" hai0="92,111,8,83,75,15,100,87,99,63,27,33,41" hai1="56,123,34,126,120,50,61,68,102,77,90,35,52" hai2="122,49,95,69,133,76,108,114,43,38,89,20,66" hai3="11,112,13,106,116,67,16,124,37,39,17,12,42"/><T72/><D111/><U10/><E126/><V21/><F133/><W82/><G124/><T7/><D63/><U14/><E77/><V105/><F108/><W3/><G3/><T103/><D103/><U2/><E2/><V65/><F122/><W5/><G112/><T86/><D86/><U121/><E102/><V131/><F114/><W91/><G106/><T107/><D107/><U104/><E104/><V98/><F38/><W96/><G116/><T113/><D113/><U130/><E90/><V48/><F131/><W74/><G67/><T51/><D33/><U31/><E31/><V88/><F105/><W115/><G42/><T54/><D27/><U55/><E130/><V6/><F6/><W78/><G115/><T45/><REACH who="0" step="1"/><D54/><REACH who="0" ten="240,250,250,250" step="2"/><U30/><E55/><V24/><F24/><W110/><G110/><T53/><D53/><U60/><E61/><V134/><F65/><W70/><G70/><T28/><D28/><U23/><E68/><V18/><F66/><W36/><REACH who="3" step="1"/><G13/><REACH who="3" ten="240,250,250,240" step="2"/><T85/><D85/><U97/><E60/><V79/><F69/><W80/><G80/><T81/><D81/><U127/><E127/><V71/><F71/><W46/><G46/><T19/><D19/><U0/><E0/><V135/><F18/><W101/><G101/><T119/><D119/><U29/><E120/><V62/><F62/><W73/><G73/><T26/><D26/><U59/><E123/><V25/><F25/><W1/><G1/><T128/><D128/><U132/><E121/><V9/><F135/><W44/><G44/><T32/><D32/><N who="1" m="12331" /><E132/><V47/><F134/><RYUUKYOKU ba="0,2" sc="240,15,250,-15,250,-15,240,15" hai0="7,8,15,41,45,51,72,75,83,87,92,99,100" hai3="5,11,12,16,17,36,37,39,74,78,82,91,96" /><INIT seed="0,1,2,0,0,13" ten="255,235,235,255" oya="0" hai0="122,11,92,14,83,89,15,109,88,41,28,124,115" hai1="75,22,45,21,69,106,19,79,60,111,73,116,119" hai2="134,63,24,44,80,65,66,114,32,121,100,6,101" hai3="108,103,18,7,56,81,112,72,1,95,47,57,131"/><T87/><D115/><U26/><E106/><V16/><F121/><W9/><G112/><T20/><D122/><U113/><E113/><V8/><F114/><W120/><G120/><T127/><D109/><U130/><E111/><V67/><F134/><W90/><G108/><T46/><D28/><U48/><E130/><V84/><F63/><W77/><G131/><T98/><D20/><U50/><E21/><N who="2" m="13351" /><F32/><W94/><G94/><T53/><D53/><U82/><E73/><V3/><F3/><W31/><G31/><T128/><D128/><U135/><E135/><V102/><F44/><W40/><G18/><T125/><REACH who="0" step="1"/><D11/><REACH who="0" ten="245,235,235,255" step="2"/><U133/><E133/><V52/><F8/><W27/><G27/><T76/><D76/><U105/><E79/><N who="2" m="46111" /><F6/><W99/><REACH who="3" step="1"/><G90/><REACH who="3" ten="245,235,235,245" step="2"/><T74/><D74/><U42/><E75/><V5/><F5/><W35/><G35/><T51/><AGARI ba="1,4" hai="14,15,41,46,51,83,87,88,89,92,98,124,125,127" machi="51" ten="30,12000,1" yaku="1,1,0,1,18,1,54,1,53,1" doraHai="13" doraHaiUra="36" who="0" fromWho="0" sc="245,163,235,-41,235,-41,245,-41" /><INIT seed="0,2,0,2,0,49" ten="408,194,194,204" oya="0" hai0="39,33,84,108,31,18,9,24,63,86,7,132,112" hai1="127,5,105,88,14,52,129,114,71,102,32,46,59" hai2="95,96,116,111,125,1,74,92,87,73,64,29,8" hai3="45,99,69,121,55,75,106,83,130,54,62,89,53"/><T36/><D112/><U47/><E71/><V122/><F122/><W40/><G121/><T118/><D118/><U135/><E32/><V124/><F116/><W131/><G69/><T110/><D18/><U28/><E114/><V94/><F111/><N who="0" m="42538" /><D132/><U100/><E135/><V51/><F64/><W79/><G62/><T17/><D17/><U133/><E133/><V26/><F87/><N who="0" m="33322" /><D63/><N who="1" m="36327" /><E105/><V98/><F51/><W48/><REACH who="3" step="1"/><G89/><REACH who="3" ten="408,194,194,194" step="2"/><T97/><D97/><U123/><E88/><V41/><F96/><W117/><G117/><T42/><D42/><U128/><E123/><V78/><F41/><W82/><G82/><T43/><D43/><U44/><E128/><V85/><F98/><W13/><G13/><AGARI ba="2,1" hai="7,9,13,24,31,33,36,39" m="33322,42538" machi="13" ten="30,2900,0" yaku="14,1,10,1" doraHai="49" who="0" fromWho="3" sc="408,45,194,0,194,0,194,-35" /><INIT seed="0,3,0,4,5,82" ten="453,194,194,159" oya="0" hai0="129,0,27,84,53,131,85,93,123,118,34,96,55" hai1="58,66,119,4,100,8,113,134,111,132,59,126,97" hai2="49,67,6,92,127,133,46,37,109,101,5,120,68" hai3="13,122,81,130,39,33,38,103,107,83,3,48,28"/><T44/><D118/><U20/><E119/><V71/><F109/><W2/><G13/><T41/><D0/><U128/><E111/><V24/><F120/><W35/><G48/><T135/><D123/><U121/><E121/><V89/><F127/><W16/><G122/><T87/><D135/><N who="1" m="51755" /><E128/><N who="0" m="49225" /><D27/><U72/><E126/><V10/><F133/><W47/><G130/><T1/><D34/><U115/><E20/><V77/><F37/><W90/><G90/><N who="0" m="55351" /><D1/><N who="1" m="15" /><E72/><V50/><F101/><W7/><G103/><T21/><D21/><U19/><E19/><V14/><F5/><W42/><G7/><T74/><D74/><U52/><E66/><V98/><F24/><W79/><G16/><T86/><N who="0" m="21504" /><DORA hai="95" /><T36/><AGARI ba="3,0" hai="36,41,44,53,55" m="21504,55351,49225" machi="36" ten="50,18000,2" yaku="4,1,19,1,52,5" doraHai="82,95" who="0" fromWho="0" sc="453,189,194,-63,194,-63,159,-63" /><INIT seed="0,4,0,3,2,5" ten="642,131,131,96" oya="0" hai0="22,88,106,20,61,41,3,1,99,43,116,124,73" hai1="130,127,4,64,119,65,70,131,24,62,71,93,82" hai2="57,111,90,15,126,38,54,118,133,47,123,101,77" hai3="12,19,53,56,120,59,72,110,29,91,30,129,97"/><T84/><D116/><U113/><E119/><V6/><F118/><W112/><G72/><T37/><D73/><U117/><E117/><V58/><F111/><W48/><G112/><T25/><D124/><U95/><E127/><V23/><F126/><W100/><G110/><T114/><D114/><U0/><E113/><V52/><F133/><W26/><G129/><N who="1" m="49162" /><E82/><V128/><F128/><W108/><G108/><T68/><D20/><U75/><E75/><V87/><F123/><W104/><G120/><T125/><D125/><U40/><E40/><V115/><F115/><W134/><G134/><T105/><D1/><U107/><E107/><V51/><F101/><W85/><G56/><T96/><D3/><U89/><E24/><V135/><F135/><W55/><G55/><T49/><D37/><U34/><E34/><V31/><F77/><W28/><G26/><T32/><D32/><U14/><E0/><V103/><F103/><W74/><G74/><T132/><D132/><U102/><E102/><V16/><F38/><W36/><G36/><T46/><D43/><U67/><E62/><N who="2" m="36135" /><F31/><W11/><REACH who="3" step="1"/><G29/><REACH who="3" ten="642,131,131,86" step="2"/><T35/><D25/><U76/><E70/><V122/><F122/><W8/><G8/><T27/><D27/><U63/><E71/><V39/><F39/><W80/><AGARI ba="4,1" hai="11,12,19,28,30,48,53,59,80,85,91,97,100,104" machi="80" ten="20,5200,0" yaku="1,1,0,1,7,1,52,1,53,0" doraHai="5" doraHaiUra="18" who="3" fromWho="3" sc="642,-30,131,-17,131,-17,86,74" /><INIT seed="1,0,0,3,2,90" ten="612,114,114,160" oya="1" hai0="9,102,71,15,62,101,33,18,20,109,77,27,85" hai1="60,22,37,123,132,133,3,87,131,122,117,124,125" hai2="95,28,97,46,34,29,58,50,129,66,98,4,54" hai3="56,105,14,53,79,43,30,41,68,63,121,12,31"/><U59/><E3/><V100/><F129/><W24/><G105/><T88/><D33/><U81/><E22/><V5/><F34/><W38/><G121/><N who="1" m="46090" /><E87/><V35/><F35/><W83/><G68/><T26/><D77/><U1/><E1/><V2/><F2/><W51/><G38/><T23/><D23/><U52/><E81/><V10/><F98/><W126/><G126/><N who="1" m="48746" /><E117/><V39/><F39/><W115/><G115/><T82/><D26/><U32/><E32/><V16/><F66/><W120/><G120/><T21/><D21/><U80/><E80/><V42/><F16/><W78/><G83/><T92/><D82/><U114/><E114/><V36/><REACH who="2" step="1"/><F10/><REACH who="2" ten="612,114,104,160" step="2"/><W84/><G79/><T93/><D9/><U128/><E37/><V70/><F70/><W89/><G78/><T73/><D18/><U61/><E61/><V111/><F111/><W112/><G112/><T17/><D109/><U0/><E0/><V116/><F116/><W65/><G30/><AGARI ba="0,1" hai="4,5,28,29,30,36,42,46,50,54,58,95,97,100" machi="30" ten="40,5200,0" yaku="1,1,52,1,53,1" doraHai="90" doraHaiUra="96" who="2" fromWho="3" sc="612,0,114,0,104,62,160,-52" /><INIT seed="2,0,0,4,5,10" ten="612,114,166,108" oya="2" hai0="50,120,97,98,110,73,117,19,75,85,133,36,118" hai1="43,17,53,82,102,111,40,55,103,33,119,90,94" hai2="74,76,116,20,93,23,2,64,49,95,22,0,57" hai3="54,88,124,31,15,26,41,132,92,101,25,127,52"/><V84/><F116/><N who="0" m="44650" /><D36/><U108/><E33/><V21/><F74/><N who="0" m="28170" /><D120/><U67/><E67/><V81/><F49/><W8/><G41/><N who="1" m="15946" /><E82/><V87/><N who="2" m="5120" /><DORA hai="51" /><V125/><F125/><N who="3" m="48203" /><G101/><N who="1" m="38410" /><E17/><V129/><F129/><W58/><G132/><T46/><D110/><N who="1" m="42027" /><E119/><V61/><REACH who="2" step="1"/><F84/><AGARI ba="0,0" hai="53,55,84,90,94" m="42027,38410,15946" machi="84" ten="30,3900,0" yaku="14,1,52,2" doraHai="10,51" who="1" fromWho="2" sc="612,0,114,39,166,-39,108,0" /><INIT seed="3,0,0,0,4,22" ten="612,153,127,108" oya="3" hai0="90,122,101,32,38,33,80,107,125,57,124,79,95" hai1="85,64,89,99,36,86,4,41,70,63,23,56,115" hai2="58,97,15,59,109,128,2,78,12,31,49,134,6" hai3="43,130,87,1,47,94,127,72,37,54,25,131,93"/><W16/><G72/><T10/><D122/><U67/><E115/><V76/><F109/><W108/><G1/><T77/><D38/><U74/><E74/><V66/><F128/><N who="3" m="49195" /><G108/><T3/><D107/><U44/><E4/><V121/><F134/><W30/><G127/><N who="0" m="48715" /><D101/><U5/><E5/><V119/><F119/><W35/><G54/><T81/><D57/><U65/><E23/><V28/><F121/><W110/><G110/><T29/><D10/><U17/><E17/><V46/><F6/><W34/><G16/><T83/><D3/><U61/><E67/><V98/><F2/><W88/><G35/><N who="0" m="13387" /><D29/><N who="2" m="11338" /><F66/><W7/><G7/><T53/><D53/><U69/><E56/><N who="2" m="21547" /><F12/><W14/><G14/><T123/><D123/><U18/><E18/><V91/><F15/><W24/><G24/><T19/><D19/><U100/><E100/><V9/><F9/><W106/><G106/><T104/><D104/><U96/><E69/><V13/><F13/><W27/><G27/><T11/><D11/><U82/><E70/><V112/><F112/><W102/><G102/><T26/><D26/><U116/><E116/><V50/><F91/><W75/><G75/><T111/><D111/><U42/><E89/><V55/><F50/><W132/><G132/><T45/><D45/><U117/><E44/><V20/><F20/><W8/><G8/><T0/><D0/><U84/><E117/><V48/><F49/><W103/><G103/><T62/><D62/><U51/><E63/><V52/><F55/><W92/><AGARI ba="0,0" hai="25,30,34,37,43,47,87,88,92,93,94" m="49195" machi="92" ten="30,6000,0" yaku="19,1,52,1,54,1" doraHai="22" who="3" fromWho="3" sc="612,-20,153,-20,127,-20,108,60" /><INIT seed="3,1,0,5,2,57" ten="592,133,107,168" oya="3" hai0="55,72,30,129,113,95,119,99,123,60,121,62,76" hai1="69,66,48,83,59,52,18,112,130,12,120,87,89" hai2="103,86,135,94,133,39,70,34,77,20,68,116,114" hai3="16,81,46,80,22,88,27,13,106,15,58,115,8"/><W71/><G71/><T0/><D119/><U78/><E120/><V9/><F114/><W98/><G115/><T97/><D113/><U73/><E112/><V82/><F34/><W45/><G15/><T17/><D0/><U40/><E130/><V102/><F116/><W108/><G108/><T85/><D129/><U125/><E125/><V26/><F39/><W74/><G74/><T117/><D117/><U105/><E105/><V92/><F9/><W134/><G134/><N who="2" m="51209" /><F68/><W25/><G25/><T5/><D5/><U3/><E3/><V100/><F70/><W79/><G79/><T51/><D30/><U75/><E40/><V19/><F26/><W90/><G106/><T29/><D29/><U107/><E107/><V28/><F28/><N who="3" m="17527" /><G58/><T32/><D32/><U4/><E4/><V2/><F2/><W23/><G8/><T31/><D31/><U37/><E37/><V14/><F14/><W43/><G43/><T124/><D72/><U127/><E127/><V41/><F41/><W63/><G13/><T65/><D124/><U38/><E38/><V61/><F20/><W104/><G23/><T131/><D131/><U54/><E54/><V56/><F19/><W11/><G16/><T36/><D17/><U110/><E110/><V64/><AGARI ba="1,0" hai="56,61,64,77,82,86,92,94,100,102,103" m="51209" machi="64" ten="30,2000,0" yaku="20,1,52,1" doraHai="57" who="2" fromWho="2" sc="592,-6,133,-6,107,23,168,-11" owari="586,68.6,127,-37.3,130,-27.0,157,-4.3" /></mjloggm>