<mjloggm ver="2.3"><GO type="225" lobby="0"/><UN n0="%E7%99%BD%E6%97%A5%E9%9B%AA%E8%8F%9C" n1="%E5%8E%9F%E7%AF%80%E5%AD%90" n2="%E3%81%99%E3%81%84%E3%81%BE%E3%81%9B%E3%83%BC%E3%82%93" n3="%E5%B8%86%E7%AB%8B%E5%A4%8F%E8%A1%A3" dan="16,16,17,16" rate="2146.86,2086.08,2252.35,2109.29" sx="M,F,M,M"/><TAIKYOKU oya="0"/><INIT seed="0,0,0,0,0,97" ten="250,250,250,250" oya="0" hai0="13,84,35,118,133,95,128,119,1,79,16,57,81" hai1="9,80,126,26,87,93,58,86,100,5,73,19,111" hai2="24,131,37,2,83,20,82,134,32,3,65,62,121" hai3="112,10,25,53,104,117,85,41,76,63,120,91,124"/><T61/><D1/><U59/><E111/><V15/><F121/><W43/><G112/><T67/><D35/><U99/><E73/><V45/><F131/><W94/><G117/><T135/><D128/><U39/><E39/><V88/><F134/><N who="0" m="51210" /><D95/><U22/><E126/><V0/><F32/><W30/><G120/><T38/><D38/><U92/><E92/><V69/><F15/><W132/><G132/><T11/><AGARI ba="0,0" hai="11,13,16,57,61,67,79,81,84,118,119" m="51210" machi="11" ten="30,3000,0" yaku="20,1,54,1" doraHai="97" who="0" fromWho="0" sc="250,30,250,-10,250,-10,250,-10" /><INIT seed="0,1,0,0,4,110" ten="280,240,240,240" oya="0" hai0="89,98,123,97,91,104,49,54,76,121,0,16,50" hai1="41,102,4,10,61,12,39,13,127,5,11,29,68" hai2="84,122,33,30,27,79,107,135,31,7,120,32,109" hai3="87,115,75,128,85,113,36,17,118,40,55,129,34"/><T133/><D0/><U22/><E127/><V35/><F107/><W70/><G34/><T18/><D54/><U62/><E68/><V134/><F79/><W74/><G70/><T58/><D58/><U88/><E102/><V125/><F84/><N who="3" m="32331" /><G55/><T69/><D69/><U112/><E112/><N who="3" m="43082" /><G17/><T94/><D76/><U28/><E88/><V2/><F125/><W126/><G126/><T81/><D104/><U19/><E41/><V56/><F56/><W124/><G124/><T111/><D94/><U95/><E95/><V9/><F109/><W46/><G118/><T52/><D52/><U72/><E39/><V59/><F59/><W44/><G44/><T65/><D81/><U90/><E72/><V93/><F93/><W132/><G132/><N who="2" m="50729" /><F33/><W42/><G42/><T116/><D133/><U51/><E51/><V73/><F73/><W67/><G67/><T14/><D14/><U26/><REACH who="1" step="1"/><E90/><REACH who="1" ten="280,230,240,240" step="2"/><V103/><F103/><W105/><G105/><T100/><D100/><U92/><E92/><V21/><F35/><W1/><G1/><T8/><D111/><U114/><E114/><V99/><F99/><W108/><G108/><T3/><D3/><U47/><E47/><V80/><F80/><W86/><G86/><T38/><D38/><U57/><E57/><V24/><AGARI ba="1,1" hai="2,7,9,21,24,27,30,31,32,120,122" m="50729" machi="24" ten="30,4000,0" yaku="20,1,34,2" doraHai="110" who="2" fromWho="2" sc="280,-21,230,-11,240,53,240,-11" /><INIT seed="1,0,0,0,0,31" ten="259,219,293,229" oya="1" hai0="26,129,110,43,47,11,28,48,24,29,112,131,111" hai1="78,3,67,87,56,125,62,23,79,61,75,92,133" hai2="38,58,16,35,5,121,114,57,77,89,73,41,135" hai3="104,7,39,93,15,74,65,72,95,126,105,10,51"/><U9/><E133/><V70/><F35/><W116/><G39/><T132/><D112/><U96/><E125/><V107/><F107/><W63/><G126/><T12/><D132/><U22/><E75/><V118/><F118/><W97/><G116/><T127/><D127/><U117/><E117/><V32/><F32/><W101/><G105/><T94/><D94/><U120/><E120/><V69/><F121/><W37/><G37/><T103/><D103/><U130/><E130/><N who="0" m="49673" /><D28/><U40/><E40/><V30/><F38/><W53/><G104/><T0/><D0/><U86/><E3/><V13/><F70/><W83/><G95/><T25/><D29/><U122/><E9/><V84/><F69/><W14/><G14/><T34/><D34/><U128/><E122/><V66/><F5/><AGARI ba="0,0" hai="5,11,12,24,25,26,43,47,48,110,111" m="49673" machi="5" ten="30,1000,0" yaku="19,1" doraHai="31" who="0" fromWho="2" sc="259,10,219,0,293,-10,229,0" /><INIT seed="2,0,0,1,3,65" ten="269,219,283,229" oya="2" hai0="59,44,47,33,77,118,49,7,135,20,81,11,38" hai1="50,67,121,27,104,114,123,56,52,74,111,87,57" hai2="53,26,25,109,32,48,125,66,14,29,78,4,40" hai3="31,80,60,106,89,126,101,69,115,99,73,112,94"/><V91/><F125/><W15/><G15/><T71/><D33/><U86/><E74/><V98/><F40/><W120/><G31/><T37/><D71/><U84/><E84/><V1/><BYE who="1" /><F1/><W88/><G126/><T119/><D135/><U134/><E134/><V93/><F109/><W95/><G120/><T83/><D59/><U129/><E129/><V110/><F110/><W5/><G5/><T117/><D20/><U63/><E63/><V127/><F127/><W9/><G9/><T3/><D47/><UN n1="%E5%8E%9F%E7%AF%80%E5%AD%90" /><U54/><E104/><V23/><F78/><N who="3" m="44111" /><G60/><T8/><D11/><U36/><E111/><V24/><F66/><W18/><G18/><T28/><D28/><U96/><E36/><V21/><F32/><W19/><G19/><T103/><D103/><U122/><E27/><V43/><F43/><W102/><G69/><T42/><REACH who="0" step="1"/><D83/><REACH who="0" ten="259,219,283,229" step="2"/><U92/><E114/><N who="3" m="43562" /><G106/><T72/><AGARI ba="0,1" hai="3,7,8,37,38,42,44,49,72,77,81,117,118,119" machi="72" ten="30,7900,0" yaku="1,1,0,1,12,1,53,1" doraHai="65" doraHaiUra="34" who="0" fromWho="0" sc="259,89,219,-20,283,-39,229,-20" /><INIT seed="3,0,0,5,1,66" ten="348,199,244,209" oya="3" hai0="73,117,44,94,135,119,101,54,115,69,100,81,45" hai1="39,97,102,18,8,82,79,88,105,80,24,10,57" hai2="53,50,56,20,1,61,36,30,71,34,49,60,19" hai3="28,21,110,43,112,68,93,128,27,72,78,116,29"/><W75/><G116/><T134/><D69/><U122/><E122/><V59/><F1/><W12/><G78/><N who="0" m="44239" /><D115/><U85/><E39/><V5/><F71/><W92/><G128/><T123/><D123/><U86/><REACH who="1" step="1"/><E57/><REACH who="1" ten="348,189,244,209" step="2"/><V126/><F59/><W4/><G112/><T111/><D119/><U107/><E107/><V109/><F56/><W133/><G68/><T15/><D117/><U48/><E48/><V95/><F50/><W14/><G133/><T16/><D135/><U104/><E104/><V84/><F49/><W74/><G110/><T33/><D134/><U108/><E108/><V132/><F36/><W38/><G29/><T63/><D111/><U125/><E125/><V40/><F126/><W13/><REACH who="3" step="1"/><G4/><REACH who="3" ten="348,189,244,199" step="2"/><T113/><D113/><U89/><E89/><V51/><F5/><W65/><G65/><T67/><D67/><U26/><E26/><V70/><F30/><W46/><AGARI ba="0,2" hai="12,13,14,21,27,28,38,43,46,72,74,75,92,93" machi="46" ten="40,3900,0" yaku="1,1,0,1,53,0" doraHai="66" doraHaiUra="62" who="3" fromWho="3" sc="348,-13,189,-13,244,-13,199,59" /><INIT seed="3,1,0,3,5,16" ten="335,176,231,258" oya="3" hai0="104,39,67,114,14,108,20,130,111,21,29,101,54" hai1="56,85,129,84,103,26,18,71,53,51,69,36,1" hai2="38,3,7,75,109,44,81,22,120,80,106,35,88" hai3="63,93,42,117,96,122,125,79,43,17,132,46,5"/><W112/><G117/><T135/><D39/><U66/><E36/><V2/><F35/><W23/><G122/><T31/><D135/><U100/><E1/><V6/><F106/><W12/><G125/><T86/><D130/><U90/><E129/><V40/><F120/><W55/><G112/><T115/><D67/><U99/><E66/><V83/><F109/><N who="0" m="42058" /><D86/><U57/><E57/><V73/><F88/><N who="3" m="55335" /><G132/><T47/><D101/><U92/><E85/><V91/><F91/><W116/><G79/><T11/><D104/><U13/><E26/><V77/><F22/><N who="0" m="8810" /><D47/><U60/><E103/><V126/><F44/><W62/><G116/><T70/><D70/><U30/><E30/><N who="0" m="11273" /><D54/><U0/><E0/><V10/><F2/><W123/><G123/><T19/><AGARI ba="1,0" hai="11,14,19,114,115" m="11273,8810,42058" machi="19" ten="40,12000,2" yaku="14,1,34,2,52,3" doraHai="16" who="0" fromWho="0" sc="335,123,176,-31,231,-31,258,-61" owari="458,55.8,145,-35.5,200,0.0,197,-20.3" /></mjloggm>