<mjloggm ver="2.3"><GO type="225" lobby="0"/><UN n0="%E3%81%BF%E3%81%BF%E3%81%9A" n1="%77%72%77%72%77%72%77%72" n2="%E3%82%BC%E3%83%AB%E3%83%80%E3%81%AE%E4%BC%9D%E8%AA%AC" n3="%E5%86%B7%E5%87%8D%E3%82%AE%E3%83%A7%E3%83%BC%E3%82%B6" dan="16,16,17,16" rate="2126.90,2182.35,2143.24,2173.94" sx="M,M,M,M"/><TAIKYOKU oya="0"/><INIT seed="0,0,0,2,0,133" ten="250,250,250,250" oya="0" hai0="50,58,118,86,122,85,83,15,54,125,120,42,51" hai1="80,71,55,23,101,111,27,130,36,69,7,64,11" hai2="4,84,92,103,13,3,72,41,39,53,26,48,1" hai3="20,2,68,18,96,61,25,128,110,19,76,117,135"/><T90/><D118/><U79/><E36/><V37/><F72/><W82/><G117/><T81/><D125/><U6/><E111/><V30/><F13/><W49/><G110/><T108/><D108/><U107/><E130/><V43/><F39/><W22/><G128/><T99/><D99/><U127/><E127/><V119/><F119/><W89/><G2/><T0/><D0/><U14/><E6/><V47/><F4/><W17/><G135/><T97/><D97/><U34/><E34/><V21/><F41/><W59/><G49/><T116/><D116/><U16/><E107/><V70/><F70/><W35/><G68/><T57/><D15/><U123/><E101/><V114/><F114/><W94/><G35/><T93/><D93/><U40/><E40/><V44/><F103/><W67/><REACH who="3" step="1"/><G20/><REACH who="3" ten="250,250,250,240" step="2"/><T65/><D42/><U105/><E69/><V5/><F1/><W121/><G121/><T10/><D10/><U29/><E123/><V88/><F3/><W63/><G63/><N who="0" m="38127" /><D122/><U91/><E71/><V52/><F5/><W132/><G132/><T74/><D120/><U32/><E32/><V129/><F129/><W106/><G106/><T31/><D50/><U24/><E105/><V12/><F12/><W115/><G115/><T104/><D104/><U73/><E7/><V131/><F131/><W33/><G33/><T113/><D113/><U112/><E112/><V28/><REACH who="2" step="1"/><F53/><REACH who="2" ten="250,250,240,240" step="2"/><W56/><G56/><T46/><D58/><U134/><E55/><V60/><F60/><W95/><G95/><N who="0" m="54735" /><D54/><U102/><E134/><V9/><F9/><W98/><G98/><RYUUKYOKU ba="0,2" sc="250,-15,250,-15,240,15,240,15" hai2="21,26,28,30,37,43,44,47,48,52,84,88,92" hai3="17,18,19,22,25,59,61,67,76,82,89,94,96" /><INIT seed="1,1,2,3,1,44" ten="235,235,255,255" oya="1" hai0="9,83,51,131,102,90,72,91,60,75,114,16,42" hai1="63,13,29,56,3,19,15,64,101,84,124,71,28" hai2="70,95,4,18,27,115,81,46,10,33,132,85,80" hai3="94,129,37,120,21,130,122,38,87,103,43,40,77"/><U78/><E3/><V128/><F70/><W134/><G21/><T0/><D114/><U108/><E124/><V24/><F115/><W69/><G103/><T45/><D102/><U35/><E108/><V20/><F132/><W50/><G94/><T76/><D131/><N who="3" m="50185" /><G87/><T123/><D123/><N who="3" m="47145" /><G77/><T8/><D75/><U34/><E71/><V22/><F128/><W48/><G134/><T68/><D0/><U12/><E101/><V62/><F33/><W127/><G69/><T14/><REACH who="0" step="1"/><D8/><REACH who="0" ten="225,235,255,255" step="2"/><U106/><E106/><V79/><F10/><W67/><G127/><T6/><D6/><U55/><E34/><V119/><F4/><W111/><G111/><T26/><D26/><U7/><E35/><V30/><F24/><W58/><G37/><T96/><D96/><U100/><E100/><V105/><F27/><W121/><G121/><T25/><D25/><U73/><E73/><V107/><F107/><W98/><G98/><T52/><D52/><U116/><E55/><V117/><F105/><W133/><G133/><T36/><D36/><U49/><E7/><V86/><F86/><W31/><G31/><N who="1" m="11850" /><E19/><V61/><F30/><W125/><G125/><T92/><D92/><U11/><E11/><V104/><F104/><W17/><G17/><T66/><AGARI ba="1,3" hai="9,14,16,42,45,51,60,66,68,72,76,83,90,91" machi="66" ten="30,7900,0" yaku="1,1,0,1,52,1,54,1,53,0" doraHai="44" doraHaiUra="2" who="0" fromWho="0" sc="225,112,235,-40,255,-21,255,-21" /><INIT seed="2,0,0,0,3,28" ten="337,195,234,234" oya="2" hai0="86,72,37,5,98,83,79,17,67,132,18,77,65" hai1="63,27,3,33,38,110,109,123,105,102,71,96,64" hai2="61,15,89,117,31,92,133,1,76,52,36,14,90" hai3="125,115,49,128,34,45,48,29,107,57,19,47,8"/><V41/><F117/><W131/><G107/><T43/><D132/><U114/><E114/><V101/><F1/><W35/><G115/><T24/><D5/><U100/><E100/><V50/><F133/><W39/><G125/><T2/><D2/><U122/><E3/><V51/><F36/><W124/><G124/><T78/><D98/><U88/><E88/><N who="2" m="33899" /><F31/><W84/><G84/><T54/><D54/><U13/><E13/><N who="2" m="4619" /><F76/><W25/><G29/><T113/><D113/><U0/><E0/><V130/><F130/><W16/><G25/><T134/><D134/><U7/><E7/><V62/><F41/><W68/><G39/><T112/><D112/><U91/><E91/><V135/><F50/><W22/><G22/><T69/><D78/><U93/><E93/><V55/><F135/><W10/><G57/><T103/><D103/><U126/><E126/><V73/><F73/><W56/><G56/><T75/><D24/><U104/><E104/><V97/><F55/><W40/><G68/><T60/><D86/><U58/><E58/><AGARI ba="0,0" hai="51,52,58,61,62,92,97,101" m="4619,33899" machi="58" ten="30,5800,0" yaku="8,1,54,2" doraHai="28" who="2" fromWho="1" sc="337,0,195,-58,234,58,234,0" /><INIT seed="2,1,0,5,1,7" ten="337,137,292,234" oya="2" hai0="57,38,119,110,49,118,120,62,77,27,89,15,17" hai1="105,3,80,42,56,35,91,59,29,97,0,21,84" hai2="64,112,86,51,54,20,9,125,114,46,92,67,98" hai3="126,41,23,108,47,60,33,63,122,107,113,83,111"/><V55/><F125/><W90/><G113/><T104/><D38/><U70/><E42/><V135/><F135/><W109/><G33/><T79/><D104/><U12/><E70/><V18/><F114/><W132/><G122/><T133/><D120/><U11/><E56/><V58/><F86/><N who="3" m="50527" /><G126/><T85/><D27/><U96/><E59/><V44/><F112/><W66/><G132/><T48/><D133/><U102/><E97/><V72/><F72/><W123/><G123/><T68/><D68/><U4/><REACH who="1" step="1"/><E21/><REACH who="1" ten="337,127,292,234" step="2"/><V16/><F58/><W69/><G23/><T65/><D118/><U30/><E30/><V19/><F20/><W82/><G41/><T121/><D119/><U94/><E94/><V13/><F92/><W130/><G47/><T124/><D121/><U8/><E8/><V115/><F98/><W127/><G127/><T10/><D124/><U53/><E53/><V99/><F99/><W26/><G107/><T43/><D43/><U88/><E88/><V87/><F115/><W101/><G101/><T61/><D61/><U134/><E134/><V129/><F55/><W1/><G60/><T52/><D52/><U34/><E34/><V100/><F46/><W75/><G130/><T22/><D22/><U81/><E81/><V40/><F129/><W31/><G31/><T73/><D57/><U24/><AGARI ba="1,1" hai="0,3,4,11,12,24,29,35,80,84,91,96,102,105" machi="24" ten="30,7900,0" yaku="1,1,0,1,52,1,53,1" doraHai="7" doraHaiUra="103" who="1" fromWho="1" sc="337,-21,127,92,292,-40,234,-21" /><INIT seed="3,0,0,5,1,123" ten="316,219,252,213" oya="3" hai0="87,78,11,93,94,66,98,89,130,99,13,14,15" hai1="69,127,36,134,133,58,97,106,46,91,61,9,120" hai2="109,131,27,34,96,32,67,90,28,77,119,2,108" hai3="64,121,59,5,112,73,111,4,7,0,65,105,43"/><W44/><G112/><T51/><D130/><U70/><E120/><V110/><F119/><W116/><G116/><T86/><D66/><U29/><E29/><V92/><F131/><W126/><G121/><T6/><D51/><U49/><E36/><V40/><F2/><W118/><G118/><T12/><D78/><U125/><E9/><V54/><F67/><W10/><G65/><T21/><D21/><U81/><E81/><V56/><F40/><W135/><G135/><N who="1" m="51722" /><E91/><AGARI ba="0,0" hai="6,11,12,13,14,15,86,87,89,91,93,94,98,99" machi="91" ten="40,2600,0" yaku="9,1,8,1" doraHai="123" who="0" fromWho="1" sc="316,26,219,-26,252,0,213,0" owari="342,44.2,193,-30.7,252,5.2,213,-18.7" /></mjloggm>