<mjloggm ver="2.3"><GO type="225" lobby="0"/><UN n0="%E5%B8%86%E7%AB%8B%E5%A4%8F%E8%A1%A3" n1="%E3%81%95%E3%81%8D%E3%81%9F%E3%81%BE%E6%9E%97%E6%AA%8E" n2="%E3%81%AA%E3%82%81%E3%81%93%E9%9B%80%E5%A3%AB" n3="%72%69%6F%75%63%68%61%6E" dan="16,16,16,16" rate="2157.78,2079.85,2054.58,2166.78" sx="M,M,M,M"/><TAIKYOKU oya="0"/><INIT seed="0,0,0,3,4,33" ten="250,250,250,250" oya="0" hai0="3,42,87,57,53,28,112,38,7,125,16,110,32" hai1="84,0,36,68,47,74,113,108,102,92,12,43,65" hai2="17,77,1,124,83,10,117,11,105,44,51,127,61" hai3="40,128,6,35,111,31,121,118,18,29,63,86,129"/><T62/><D112/><U22/><E108/><V60/><F105/><W56/><G111/><T19/><D125/><N who="2" m="48202" /><F117/><W91/><G118/><T46/><D110/><U21/><E74/><N who="2" m="43447" /><F11/><W120/><G6/><T2/><D87/><U54/><E113/><V76/><F76/><W70/><G70/><T119/><D119/><U78/><E78/><V104/><F104/><W90/><G40/><T122/><D122/><N who="3" m="47209" /><G18/><T49/><D7/><U134/><E134/><V126/><N who="2" m="48210" /><V4/><DORA hai="8" /><F17/><W114/><G114/><T48/><D19/><U94/><E94/><V130/><F130/><N who="3" m="50283" /><G35/><T20/><D32/><U73/><E73/><V115/><F115/><W109/><G109/><T88/><D28/><N who="3" m="10825" /><G86/><T25/><D38/><U34/><E84/><V81/><F81/><W27/><G27/><T30/><D30/><U26/><E36/><V71/><F71/><W75/><G75/><T58/><D88/><U45/><E26/><V97/><F97/><W50/><G50/><T59/><D59/><U85/><E68/><V106/><F51/><W80/><G80/><T55/><AGARI ba="0,0" hai="2,3,16,20,25,42,46,48,49,53,55,57,58,62" machi="55" ten="20,12000,1" yaku="0,1,7,1,52,2,54,1" doraHai="33,8" who="0" fromWho="0" sc="250,120,250,-40,250,-40,250,-40" /><INIT seed="0,1,0,3,3,59" ten="370,210,210,210" oya="0" hai0="34,132,66,17,26,60,19,85,80,6,25,18,51" hai1="102,42,53,89,63,15,107,81,90,1,8,74,119" hai2="82,64,2,75,108,22,7,103,11,98,124,83,21" hai3="39,46,57,130,126,16,35,27,76,115,32,28,122"/><T41/><D132/><U61/><E119/><V127/><F108/><W13/><G115/><T79/><D34/><U96/><E1/><V56/><F83/><W113/><G113/><T45/><REACH who="0" step="1"/><D6/><REACH who="0" ten="360,210,210,210" step="2"/><U54/><E42/><V71/><F7/><W99/><G32/><T100/><D100/><U3/><E3/><V29/><F103/><W69/><G35/><T55/><D55/><U70/><E54/><V97/><F2/><W131/><G131/><T47/><D47/><U101/><E101/><V116/><F116/><W123/><G130/><T30/><D30/><U50/><E53/><V87/><F29/><W24/><G28/><T20/><D20/><U33/><E33/><V129/><F22/><W43/><G123/><T73/><D73/><U58/><E74/><V68/><F75/><W105/><G122/><T112/><D112/><U134/><E134/><V111/><F21/><W40/><G40/><T5/><D5/><U109/><E102/><V37/><F129/><W128/><G128/><T62/><D62/><U65/><E61/><V95/><F127/><W77/><G126/><T10/><D10/><U104/><E8/><V125/><F11/><W93/><G105/><T106/><D106/><U92/><E107/><V91/><F124/><W0/><G0/><T117/><D117/><U36/><E63/><V52/><F52/><W88/><G69/><AGARI ba="1,1" hai="17,18,19,25,26,41,45,51,60,66,69,79,80,85" machi="69" ten="40,3900,0" yaku="1,1,52,1,53,0" doraHai="59" doraHaiUra="114" who="0" fromWho="3" sc="360,52,210,0,210,0,210,-42" /><INIT seed="0,2,0,2,2,97" ten="412,210,210,168" oya="0" hai0="119,68,132,127,94,91,53,41,124,55,5,108,129" hai1="38,92,58,83,56,23,24,98,48,135,19,14,99" hai2="75,50,74,47,42,89,73,26,7,67,117,51,120" hai3="62,18,31,77,100,36,37,44,90,3,45,76,80"/><T12/><D68/><U112/><E135/><V52/><F120/><W115/><G115/><T49/><D119/><U93/><E38/><V122/><F122/><W126/><G3/><T33/><D33/><U13/><E112/><V107/><F117/><W2/><G2/><T10/><D132/><U96/><E83/><V64/><F107/><W69/><G126/><N who="0" m="48171" /><D129/><U88/><E98/><V54/><F7/><W32/><G100/><T17/><D108/><U15/><REACH who="1" step="1"/><E48/><REACH who="1" ten="412,200,210,168" step="2"/><V46/><F89/><AGARI ba="2,1" hai="13,14,15,19,23,24,56,58,88,89,92,93,96,99" machi="89" ten="40,8000,1" yaku="1,1,2,1,9,1,8,1,54,1,53,0" doraHai="97" doraHaiUra="70" who="1" fromWho="2" sc="412,0,200,96,210,-86,168,0" /><INIT seed="1,0,0,0,3,31" ten="412,296,124,168" oya="1" hai0="85,15,119,43,84,88,49,0,118,37,64,16,77" hai1="70,127,105,73,18,6,112,108,54,126,101,71,106" hai2="23,67,62,123,107,72,60,99,30,89,51,133,33" hai3="131,63,38,129,93,116,24,47,55,22,13,7,74"/><U66/><E112/><V41/><F123/><W50/><G116/><T57/><D0/><U68/><E73/><V2/><F2/><W28/><G74/><T35/><D35/><U52/><E6/><V34/><F72/><W39/><G93/><N who="0" m="54407" /><D37/><U3/><E3/><V121/><F121/><W59/><G13/><T8/><D119/><U122/><E122/><V95/><F107/><N who="1" m="40969" /><E66/><V128/><F128/><N who="3" m="49227" /><G7/><T42/><D118/><U21/><E101/><V10/><F10/><W111/><G111/><T87/><D87/><U130/><E130/><V61/><F67/><AGARI ba="0,0" hai="22,24,28,38,39,47,50,55,59,63,67" m="49227" machi="67" ten="30,1000,0" yaku="19,1" doraHai="31" who="3" fromWho="2" sc="412,0,296,0,124,-10,168,10" /><INIT seed="2,0,0,4,3,92" ten="412,296,114,178" oya="2" hai0="72,24,17,58,11,63,40,64,125,66,124,36,73" hai1="85,109,94,61,123,75,127,47,112,86,60,126,128" hai2="119,132,96,81,105,1,35,134,99,130,31,101,76" hai3="30,104,95,116,129,49,90,38,56,50,70,57,22"/><V84/><F1/><W39/><G116/><T9/><D36/><U120/><E112/><V13/><F35/><W0/><G104/><T117/><D40/><U6/><E75/><V62/><F31/><W87/><G70/><T48/><D48/><N who="3" m="18537" /><G38/><T106/><D106/><U100/><E47/><V4/><F119/><W68/><G68/><T80/><D117/><U67/><E6/><V103/><F62/><N who="1" m="24169" /><E67/><V118/><F118/><W12/><G39/><T5/><D66/><U108/><E128/><V20/><F130/><W54/><G0/><T97/><D80/><U26/><E26/><V78/><F4/><W43/><G129/><T71/><D71/><U131/><E131/><V114/><F114/><W111/><G111/><N who="1" m="42570" /><E100/><V27/><F27/><N who="3" m="16759" /><G43/><T7/><D73/><U8/><E8/><V82/><F20/><W69/><G69/><T10/><D72/><U23/><E23/><V41/><F41/><W83/><G12/><T77/><D24/><U15/><E15/><V46/><F13/><W25/><G25/><T53/><D64/><U21/><E21/><V115/><F115/><W16/><G16/><T65/><D17/><U32/><E32/><V14/><F14/><W37/><G37/><T122/><D65/><U3/><E3/><V110/><F110/><W93/><G57/><T52/><D5/><U28/><E28/><V107/><REACH who="2" step="1"/><F46/><REACH who="2" ten="412,296,104,178" step="2"/><W88/><G56/><N who="0" m="35207" /><D7/><U135/><E135/><V121/><F121/><W59/><G59/><T33/><D122/><U91/><E123/><V29/><F29/><W45/><G45/><T55/><D58/><U2/><E120/><RYUUKYOKU ba="0,1" sc="412,-10,296,-10,104,30,178,-10" hai2="76,78,81,82,84,96,99,101,103,105,107,132,134" /><INIT seed="2,1,1,4,2,16" ten="402,286,134,168" oya="2" hai0="1,94,117,13,107,52,7,5,67,3,64,42,21" hai1="90,77,132,60,12,31,104,58,72,49,50,129,80" hai2="47,9,118,26,93,23,22,125,6,27,108,85,40" hai3="51,10,55,82,44,103,92,33,59,121,63,120,97"/><V45/><F118/><W73/><G33/><T66/><D107/><U70/><E70/><V101/><F125/><W29/><G29/><T2/><D117/><U71/><E71/><V122/><F122/><W38/><G38/><T37/><D52/><N who="1" m="33863" /><E104/><V116/><F116/><W20/><G20/><N who="2" m="7721" /><F108/><W130/><G130/><T8/><D94/><U98/><E31/><V74/><F74/><W95/><G95/><T119/><D119/><U76/><E72/><V114/><F114/><W113/><G113/><T81/><D81/><U48/><E132/><V36/><F36/><W56/><G56/><T135/><D135/><U89/><E129/><V134/><F134/><W87/><G10/><T100/><D100/><U126/><E126/><V54/><F40/><W123/><G73/><T53/><D53/><U0/><E0/><V88/><F101/><W133/><G133/><T34/><D34/><U106/><E106/><V112/><F112/><W75/><G75/><T128/><D128/><U109/><E109/><V17/><F6/><W41/><REACH who="3" step="1"/><G120/><REACH who="3" ten="402,286,134,158" step="2"/><T43/><D37/><U18/><E80/><V105/><F105/><W124/><G124/><T127/><D127/><U19/><E77/><AGARI ba="1,2" hai="41,44,51,55,59,63,77,82,87,92,97,103,121,123" machi="77" ten="30,3900,0" yaku="1,1,7,1,53,1" doraHai="16" doraHaiUra="96" who="3" fromWho="1" sc="402,0,286,-42,134,0,158,62" /><INIT seed="3,0,0,5,2,29" ten="402,244,134,220" oya="3" hai0="98,2,112,65,64,93,21,107,134,55,84,79,23" hai1="39,81,60,5,110,118,63,13,133,9,54,0,20" hai2="120,62,127,101,12,32,35,95,82,33,52,135,124" hai3="90,47,50,125,15,122,123,53,92,111,7,97,48"/><W61/><G125/><N who="2" m="48201" /><F135/><W66/><G111/><T128/><D2/><U11/><E133/><V22/><F120/><W91/><G91/><T70/><D128/><U132/><E132/><V131/><F131/><W28/><G28/><T38/><D112/><U72/><E110/><V75/><F101/><W36/><G36/><T26/><D38/><U44/><E118/><V69/><F95/><W45/><G15/><T42/><D42/><N who="1" m="22623" /><E54/><V109/><F109/><W86/><G7/><T18/><D107/><U4/><E20/><V57/><F69/><W88/><G61/><T34/><D34/><N who="2" m="8706" /><V10/><DORA hai="89" /><F22/><W27/><G27/><T59/><D70/><U94/><E94/><V108/><F108/><W100/><G66/><T1/><D23/><U40/><E40/><V87/><F75/><W126/><G126/><T56/><D21/><U46/><E46/><V25/><F25/><W85/><G85/><T121/><D84/><U73/><E73/><V51/><F62/><W80/><G100/><T3/><D26/><U105/><E105/><V71/><F71/><W19/><G19/><T116/><D18/><U8/><E8/><V58/><F12/><W117/><G117/><T41/><D116/><U102/><E102/><V30/><F30/><W17/><G17/><T130/><D134/><U78/><AGARI ba="0,0" hai="0,4,5,9,11,13,60,63,72,78,81" m="22623" machi="78" ten="30,1100,0" yaku="25,1" doraHai="29,89" who="1" fromWho="1" sc="402,-3,244,11,134,-3,220,-5" owari="399,49.9,255,5.5,131,-36.9,215,-18.5" /></mjloggm>