<mjloggm ver="2.3"><GO type="225" lobby="0"/><UN n0="%E8%B6%85%E7%B4%9A%E9%B3%B3%E5%87%B0" n1="%E3%81%86%E3%81%A9%E3%82%93%E3%81%93" n2="%E3%81%BF%E3%81%BF%E3%81%9A" n3="%53%55%6D%61%6B%61%6E%61" dan="16,16,16,17" rate="2150.87,2155.08,2142.50,2154.46" sx="M,M,M,M"/><TAIKYOKU oya="0"/><INIT seed="0,0,0,1,3,67" ten="250,250,250,250" oya="0" hai0="126,135,13,87,64,21,115,46,40,39,15,104,24" hai1="68,91,9,23,26,18,108,52,2,114,102,93,119" hai2="60,100,84,56,88,59,53,30,43,98,128,107,29" hai3="125,85,109,113,50,32,57,25,72,123,54,129,8"/><T121/><D115/><U122/><E122/><V78/><F128/><W45/><G72/><T33/><D121/><U80/><E119/><V63/><F78/><W90/><G113/><T14/><D104/><U3/><E114/><V37/><F43/><W55/><G109/><T65/><D126/><U120/><E120/><V103/><F37/><W97/><G129/><T92/><D33/><U20/><E108/><V112/><F103/><W16/><G125/><T58/><D135/><U77/><E102/><V89/><F112/><W19/><G97/><T35/><D35/><U124/><E124/><V94/><REACH who="2" step="1"/><F89/><REACH who="2" ten="250,250,240,250" step="2"/><W133/><G123/><T73/><D73/><U66/><E91/><V99/><F99/><W130/><G130/><T127/><D127/><U81/><E77/><V38/><F38/><W5/><G133/><T83/><D39/><U31/><E2/><V36/><F36/><W62/><G32/><T82/><D40/><U34/><E3/><V61/><F61/><W6/><G25/><T7/><D24/><U134/><E26/><V117/><F117/><W49/><G62/><T71/><D14/><U116/><E34/><V0/><F0/><W110/><G110/><T41/><D15/><U69/><E116/><V118/><F118/><W86/><G86/><T10/><D87/><U132/><E132/><V28/><F28/><W51/><G51/><T106/><D13/><U105/><E31/><V75/><F75/><W131/><G131/><T44/><D41/><U101/><E134/><V11/><F11/><W96/><G96/><T111/><D111/><U22/><E9/><RYUUKYOKU ba="0,1" sc="250,-10,250,-10,240,30,250,-10" hai2="29,30,53,56,59,60,63,84,88,94,98,100,107" /><INIT seed="1,1,1,3,5,13" ten="240,240,270,240" oya="1" hai0="93,50,73,0,44,4,117,58,130,119,3,69,83" hai1="59,112,64,17,132,33,36,113,52,41,25,98,40" hai2="60,67,66,111,109,104,124,37,72,123,9,19,122" hai3="79,116,35,63,32,114,39,15,53,121,47,75,126"/><U55/><E132/><V82/><F104/><W21/><G121/><T80/><D69/><U118/><E33/><V127/><F37/><W103/><G114/><T70/><D70/><U129/><E118/><V96/><F96/><W30/><G126/><N who="2" m="48169" /><F19/><W94/><G39/><T84/><D130/><U57/><E129/><V128/><F9/><W61/><G75/><T95/><D73/><U18/><E36/><V120/><F128/><W42/><G79/><T1/><D58/><U78/><E78/><N who="2" m="44359" /><F67/><W88/><G103/><T68/><D68/><AGARI ba="1,1" hai="60,66,68,109,111,120,122,123" m="44359,48169" machi="68" ten="40,2600,0" yaku="18,1,23,1" doraHai="13" who="2" fromWho="0" sc="240,-29,240,0,270,39,240,0" /><INIT seed="2,0,0,0,4,14" ten="211,240,309,240" oya="2" hai0="55,109,116,133,25,80,117,51,123,82,135,76,9" hai1="92,21,50,71,43,12,88,100,17,77,98,54,101" hai2="1,113,5,47,111,131,20,68,2,84,87,90,6" hai3="4,95,38,65,32,86,67,36,74,75,83,31,63"/><V108/><F68/><W56/><G67/><T94/><D123/><U102/><E71/><V52/><F113/><W129/><G129/><T37/><D37/><U110/><E110/><N who="2" m="42027" /><F131/><W104/><G104/><T93/><D9/><U99/><E77/><V91/><F20/><W40/><G4/><N who="2" m="1641" /><F52/><W60/><G60/><T29/><D109/><U41/><REACH who="1" step="1"/><E99/><REACH who="1" ten="211,230,309,240" step="2"/><V114/><F114/><W53/><G75/><T39/><D76/><U28/><E28/><V35/><F1/><W121/><G74/><T103/><D29/><U115/><E115/><V26/><F2/><W72/><G72/><T132/><D39/><U30/><E30/><V85/><F35/><W44/><G31/><T66/><D133/><U106/><E106/><V125/><F125/><W7/><G32/><T24/><D135/><U120/><E120/><V96/><F96/><W45/><G121/><T57/><D132/><U124/><E124/><V127/><F127/><W97/><G38/><T61/><D117/><U27/><E27/><N who="0" m="10313" /><D116/><U48/><E48/><V118/><F118/><W79/><G36/><T46/><D103/><U22/><E22/><V128/><F128/><W11/><G79/><T122/><D122/><U34/><E34/><V42/><F26/><W33/><G33/><T134/><D134/><U81/><E81/><AGARI ba="0,1" hai="46,51,55,57,61,66,80,81,82,93,94" m="10313" machi="81" ten="30,1000,0" yaku="8,1" doraHai="14" who="0" fromWho="1" sc="211,20,230,-10,309,0,240,0" /><INIT seed="3,0,0,4,0,107" ten="231,220,309,240" oya="3" hai0="58,13,25,119,125,101,92,100,129,6,41,31,15" hai1="122,88,9,118,108,33,8,98,11,39,76,46,73" hai2="74,54,23,133,70,27,43,66,7,116,124,112,45" hai3="30,32,24,12,77,109,71,87,111,97,4,68,95"/><W132/><G132/><T82/><D119/><U85/><E122/><V34/><F133/><W53/><G53/><T78/><D129/><U117/><E98/><V89/><F112/><W38/><G38/><T26/><D125/><U67/><E33/><V64/><F124/><W21/><G87/><N who="0" m="48599" /><D41/><U60/><E108/><N who="3" m="41546" /><G77/><T86/><D58/><U49/><E39/><V55/><F116/><N who="1" m="44649" /><E76/><V93/><F74/><W57/><G57/><T59/><D59/><N who="1" m="37279" /><E73/><V127/><F127/><W121/><G121/><T110/><D110/><U113/><E113/><V1/><F70/><W79/><G79/><T20/><D26/><U96/><E96/><V128/><F128/><W48/><G48/><T80/><D80/><N who="1" m="49191" /><E9/><V90/><F34/><W10/><G32/><T65/><D65/><U120/><E120/><V35/><F66/><W91/><AGARI ba="0,0" hai="4,10,12,21,24,30,68,71,91,95,97" m="41546" machi="91" ten="30,3000,0" yaku="14,1,10,1" doraHai="107" who="3" fromWho="3" sc="231,-10,220,-10,309,-10,240,30" /><INIT seed="3,1,0,3,5,61" ten="221,210,299,270" oya="3" hai0="9,47,38,79,125,120,31,70,122,26,112,131,14" hai1="27,2,21,98,126,29,43,114,7,18,101,44,15" hai2="116,53,6,99,106,12,102,4,94,82,95,67,20" hai3="49,115,60,92,78,51,33,1,73,39,65,52,19"/><W13/><G1/><T83/><D70/><U100/><E114/><V62/><F116/><W93/><G39/><T119/><D119/><U130/><E130/><V16/><F53/><W0/><G0/><T96/><D131/><U37/><E126/><V117/><F117/><W69/><G33/><T55/><D125/><U129/><E129/><V68/><F82/><W76/><G49/><T97/><D112/><U111/><E111/><V46/><F46/><W71/><G71/><T74/><D120/><U63/><E63/><V64/><F64/><W135/><G135/><T109/><D109/><U133/><E133/><V86/><F86/><W24/><G24/><T132/><D132/><U84/><E84/><V134/><REACH who="2" step="1"/><F134/><REACH who="2" ten="221,210,289,270" step="2"/><W48/><G115/><T11/><D122/><U80/><E80/><V75/><F75/><W3/><G73/><T104/><D55/><U85/><E85/><V45/><F45/><W42/><G52/><T50/><D38/><U87/><E87/><V41/><F41/><W77/><G42/><T88/><D47/><U105/><E100/><V107/><F107/><W108/><G108/><T54/><D104/><U28/><E2/><V90/><F90/><W32/><G3/><T56/><D88/><U36/><E36/><V66/><F66/><W118/><G118/><T113/><D113/><U72/><E72/><V57/><F57/><W8/><G92/><AGARI ba="1,1" hai="4,6,12,16,20,62,67,68,92,94,95,99,102,106" machi="92" ten="40,8000,1" yaku="1,1,52,1,54,1,53,1" doraHai="61" doraHaiUra="58" who="2" fromWho="3" sc="221,0,210,0,289,93,270,-83" owari="221,2.1,210,-19.0,382,48.2,187,-31.3" /></mjloggm>