<mjloggm ver="2.3"><GO type="225" lobby="0"/><UN n0="%72%69%6F%75%63%68%61%6E" n1="%E5%8D%A0%E3%81%84%E5%B8%AB%E8%A3%8F%E3%81%AA%E3%81%84%E3%81%97" n2="%E2%98%86%E5%B0%8F%E5%AD%A6%E7%94%B7%E7%94%9F%E2%98%86" n3="%E8%BE%9B%E5%8F%A3%E3%82%AB%E3%83%AC%E3%83%BC%E3%83%A9%E3%82%A4%E3%82%B9" dan="16,17,16,17" rate="2186.68,2229.82,2170.16,2248.34" sx="M,M,M,M"/><TAIKYOKU oya="0"/><INIT seed="0,0,0,1,2,65" ten="250,250,250,250" oya="0" hai0="126,18,121,37,116,26,3,59,36,105,25,8,119" hai1="124,67,48,63,78,117,76,102,73,33,108,62,31" hai2="130,132,34,118,1,125,115,106,94,41,60,72,39" hai3="83,51,79,87,52,91,23,122,29,123,81,128,75"/><T109/><D121/><U84/><E117/><V10/><F94/><W50/><G128/><T133/><D105/><U15/><E108/><V110/><F60/><W71/><G71/><T107/><D107/><U93/><E124/><V11/><F11/><W32/><G32/><T16/><D126/><U45/><E73/><V97/><F97/><W69/><G69/><T22/><D109/><U127/><E127/><V68/><F41/><W101/><G101/><T66/><D133/><U2/><E2/><V4/><F10/><W103/><G103/><T17/><D26/><U99/><E33/><V89/><F89/><W58/><REACH who="3" step="1"/><G51/><REACH who="3" ten="250,250,250,240" step="2"/><T28/><D119/><U5/><E62/><V44/><F4/><W92/><G92/><T74/><D116/><U80/><E5/><V7/><F7/><W111/><G111/><T70/><D70/><U56/><E93/><V129/><F44/><W114/><G114/><T42/><D36/><U113/><E113/><V12/><F12/><W24/><AGARI ba="0,1" hai="23,24,29,50,52,58,75,79,81,83,87,91,122,123" machi="24" ten="30,4000,0" yaku="1,1,0,1,54,1,53,0" doraHai="65" doraHaiUra="40" who="3" fromWho="3" sc="250,-20,250,-10,250,-10,240,50" /><INIT seed="1,0,0,3,1,101" ten="230,240,240,290" oya="1" hai0="119,47,103,11,20,123,18,4,118,32,15,99,44" hai1="1,79,133,45,116,50,36,97,129,122,92,124,34" hai2="58,30,46,43,21,105,94,107,40,77,8,76,74" hai3="28,131,80,84,16,117,111,22,14,57,78,70,132"/><U12/><E116/><V62/><F8/><W27/><G70/><T6/><D123/><U83/><E122/><V93/><F74/><W51/><G111/><T91/><D32/><U63/><E1/><V0/><F0/><W82/><G131/><T135/><D135/><U112/><E112/><V81/><F93/><W114/><G132/><T64/><D64/><U100/><E133/><V121/><F121/><W109/><G109/><T108/><D108/><U104/><E124/><V72/><F76/><W115/><G117/><T49/><D91/><U5/><E34/><V48/><F94/><W102/><G102/><T2/><D4/><U88/><E129/><V26/><REACH who="2" step="1"/><F40/><REACH who="2" ten="230,240,230,290" step="2"/><W61/><G82/><T65/><D65/><AGARI ba="0,1" hai="21,26,30,43,46,48,58,62,65,72,77,81,105,107" machi="65" ten="30,8000,1" yaku="1,1,2,1,7,1,52,2,53,0" doraHai="101" doraHaiUra="10" who="2" fromWho="0" sc="230,-80,240,0,230,90,290,0" /><INIT seed="2,0,0,5,1,2" ten="150,240,320,290" oya="2" hai0="122,54,65,118,127,121,39,76,29,128,99,34,49" hai1="125,78,115,130,30,16,50,33,75,23,114,56,124" hai2="68,47,71,22,107,131,37,103,100,108,105,69,96" hai3="44,14,87,86,95,13,91,28,55,89,21,120,1"/><V52/><F131/><W94/><G120/><T102/><D128/><U41/><E130/><V126/><F126/><N who="1" m="48745" /><E78/><V60/><F108/><W24/><REACH who="3" step="1"/><G1/><REACH who="3" ten="150,240,320,280" step="2"/><T133/><D122/><U12/><E115/><V66/><F22/><W57/><G57/><T98/><D121/><U62/><E56/><V7/><F68/><W117/><G117/><T116/><D127/><U51/><E23/><V9/><F69/><W20/><G20/><T101/><D118/><U83/><E114/><V134/><F134/><W26/><G26/><T48/><D133/><U135/><E135/><V0/><F103/><W73/><G73/><T92/><D116/><U5/><E75/><V8/><F8/><W27/><G27/><T82/><D34/><U67/><E33/><V32/><F32/><W84/><G84/><N who="0" m="48199" /><D29/><U43/><E30/><V77/><F71/><W40/><G40/><T112/><D112/><U109/><E41/><V45/><F0/><W93/><G93/><N who="0" m="58575" /><D39/><U70/><E70/><V88/><F105/><W10/><G10/><T19/><D65/><U4/><E67/><V104/><F66/><W106/><G106/><T74/><D74/><U15/><E43/><V90/><F104/><W110/><G110/><T119/><D119/><U97/><E109/><V11/><F107/><W123/><G123/><T38/><D38/><U129/><E129/><V63/><F37/><W79/><G79/><T132/><D132/><U6/><E12/><V61/><F77/><W59/><G59/><N who="0" m="33223" /><D49/><AGARI ba="0,1" hai="13,14,21,24,28,44,49,55,86,87,89,91,94,95" machi="49" ten="40,8000,1" yaku="1,1,9,1,8,1,53,1" doraHai="2" doraHaiUra="18" who="3" fromWho="0" sc="150,-80,240,0,320,0,280,90" /><INIT seed="3,0,0,0,0,84" ten="70,240,320,370" oya="3" hai0="129,116,41,101,67,4,49,52,98,83,30,79,31" hai1="121,122,3,130,7,48,39,19,26,42,126,119,40" hai2="120,20,64,81,107,12,74,73,94,76,50,46,10" hai3="8,36,78,24,87,47,117,89,51,131,16,91,133"/><W28/><G117/><T106/><D116/><U100/><E119/><V108/><F107/><W5/><G36/><T9/><D129/><U13/><E39/><V103/><F108/><W23/><G131/><T115/><D115/><U104/><E130/><V33/><F33/><W56/><G133/><T99/><D67/><U38/><E38/><V57/><F120/><W35/><G56/><T90/><D41/><U37/><E37/><V22/><F74/><W71/><G71/><T93/><D9/><U27/><E48/><V6/><F103/><W77/><G35/><T102/><D4/><U21/><E100/><V14/><F14/><N who="3" m="5391" /><G28/><T0/><D0/><U15/><E104/><V1/><F94/><N who="3" m="54591" /><G91/><T88/><D30/><U68/><E68/><V132/><F132/><W65/><G65/><T124/><D31/><U72/><E72/><V59/><F1/><W118/><G118/><T29/><D29/><U75/><E75/><V92/><F92/><W113/><G113/><T54/><D124/><U60/><E60/><V85/><F73/><W109/><G109/><T58/><REACH who="0" step="1"/><D54/><AGARI ba="0,0" hai="16,23,24,47,51,54,77,78" m="54591,5391" machi="54" ten="30,5800,0" yaku="8,1,52,1,54,1" doraHai="84" who="3" fromWho="0" sc="70,-58,240,0,320,0,370,58" owari="12,-48.8,240,-16.0,320,12.0,428,52.8" /></mjloggm>