<mjloggm ver="2.3"><GO type="225" lobby="0"/><UN n0="%73%6C%69%63%6B%33%31%39" n1="%E3%83%B4%E3%83%A0%EF%BC%99%E3%81%A6" n2="%E6%B4%BE%E9%81%A3%E3%81%AE%E3%82%B8%E3%83%A3%E3%83%83%E3%82%AF" n3="%E3%81%A9%E3%82%8F%E3%82%93%E3%81%94" dan="16,17,16,16" rate="2195.79,2225.05,2154.80,2166.37" sx="M,M,M,M"/><TAIKYOKU oya="0"/><INIT seed="0,0,0,0,4,54" ten="250,250,250,250" oya="0" hai0="93,116,122,11,62,27,88,4,12,31,37,113,121" hai1="103,50,94,108,46,124,123,71,15,17,89,106,5" hai2="75,107,80,60,77,53,81,7,117,79,59,115,29" hai3="61,30,67,90,20,44,66,132,48,18,111,78,101"/><T13/><D113/><U36/><E123/><V109/><F115/><W41/><G111/><T126/><D116/><U83/><E108/><V19/><F109/><W10/><G132/><T35/><D37/><U39/><E71/><V16/><F107/><W130/><G130/><T118/><D118/><U64/><E64/><V52/><F117/><W55/><G101/><T131/><D126/><U6/><E106/><V135/><F135/><W74/><G78/><T38/><D38/><U102/><E39/><V84/><F29/><W2/><G74/><T33/><D131/><U128/><E36/><V40/><F40/><W51/><G30/><T34/><D62/><U49/><E49/><V57/><F7/><W91/><G91/><T129/><D129/><U26/><E124/><V76/><F76/><W43/><G10/><T22/><REACH who="0" step="1"/><D13/><REACH who="0" ten="240,250,250,250" step="2"/><U110/><E15/><V127/><F127/><W125/><G125/><T68/><D68/><U56/><E128/><V73/><F73/><W14/><G2/><T45/><D45/><U23/><E46/><V96/><F96/><AGARI ba="0,1" hai="4,11,12,22,27,31,33,34,35,88,93,96,121,122" machi="96" ten="40,3900,0" yaku="1,1,54,1,53,0" doraHai="54" doraHaiUra="42" who="0" fromWho="2" sc="240,49,250,0,250,-39,250,0" /><INIT seed="0,1,0,1,4,97" ten="289,250,211,250" oya="0" hai0="73,28,77,111,109,35,74,7,112,115,20,67,10" hai1="132,88,127,40,21,27,58,95,131,53,36,129,126" hai2="110,31,113,123,90,93,33,59,60,52,25,12,68" hai3="98,0,128,57,114,56,118,19,5,39,62,61,94"/><T100/><D67/><U6/><E6/><V107/><F113/><W48/><G118/><T54/><D54/><U15/><E15/><V78/><F123/><W30/><G39/><T18/><D100/><U91/><E40/><V105/><F110/><N who="0" m="41994" /><D77/><U13/><E13/><V79/><F68/><W134/><G30/><T86/><D86/><N who="1" m="52631" /><E91/><V92/><F12/><W16/><G0/><N who="0" m="359" /><D18/><N who="1" m="12727" /><E36/><V8/><F92/><W96/><G19/><T64/><D20/><U84/><E84/><V41/><F41/><W124/><G16/><T11/><D11/><U23/><E23/><V47/><F8/><W125/><G98/><T66/><D66/><U83/><BYE who="0" /><E83/><V63/><F78/><W51/><G96/><T87/><D87/><U44/><E132/><V50/><F79/><W119/><G134/><UN n0="%73%6C%69%63%6B%33%31%39" /><T117/><D64/><U101/><E101/><V89/><F89/><W55/><G55/><T135/><D135/><U102/><E102/><V26/><F105/><W99/><G99/><T104/><D104/><U42/><E44/><V70/><F107/><W29/><G94/><T14/><D14/><U121/><E42/><V49/><F47/><W4/><G4/><T82/><D117/><U71/><E71/><V37/><F37/><W122/><G5/><T22/><D22/><U65/><E65/><N who="2" m="41279" /><F26/><W103/><G119/><T3/><D3/><U1/><E1/><V81/><F81/><W120/><G103/><T46/><D46/><U108/><E108/><V9/><F9/><W43/><G43/><T75/><D82/><U80/><E80/><V133/><F133/><W32/><G32/><RYUUKYOKU ba="1,0" sc="289,15,250,-15,211,15,250,-15" hai0="28,35,73,74,75,112,115" hai2="25,31,33,49,50,52,59,60,90,93" /><INIT seed="0,2,0,1,5,124" ten="304,235,226,235" oya="0" hai0="126,13,11,81,1,0,64,39,135,78,4,88,71" hai1="41,121,91,67,27,40,10,63,105,132,14,109,89" hai2="100,47,51,34,54,66,72,9,97,18,5,76,112" hai3="73,68,115,102,90,116,94,43,101,84,52,77,16"/><T23/><D126/><U87/><E121/><V107/><F112/><W42/><G68/><T80/><D39/><U36/><E105/><V55/><F34/><W32/><G116/><T133/><D64/><U17/><E109/><V131/><F66/><W117/><G32/><T33/><D71/><U79/><E132/><N who="0" m="50761" /><D33/><U85/><E27/><V65/><F65/><W103/><G115/><T49/><D49/><U50/><E36/><V48/><F18/><W20/><G117/><T118/><D118/><U96/><E96/><V106/><F106/><W6/><G6/><T99/><D23/><U24/><E24/><V22/><F22/><W37/><G37/><T119/><D119/><U98/><E98/><V122/><F122/><W30/><G30/><T82/><D78/><U110/><E110/><V56/><F76/><W58/><G77/><T108/><D108/><U62/><E79/><V74/><REACH who="2" step="1"/><F131/><REACH who="2" ten="304,235,216,235" step="2"/><W12/><G73/><T120/><D120/><U3/><E67/><V7/><F7/><W28/><G28/><T53/><D53/><U35/><E35/><V21/><F21/><W61/><AGARI ba="2,1" hai="12,16,20,42,43,52,58,61,84,90,94,101,102,103" machi="61" ten="30,7900,0" yaku="0,1,8,1,54,2" doraHai="124" who="3" fromWho="3" sc="304,-41,235,-22,216,-22,235,95" /><INIT seed="1,0,0,4,2,103" ten="263,213,194,330" oya="1" hai0="2,112,135,27,119,120,57,61,7,79,26,56,101" hai1="64,13,47,20,63,53,115,9,71,48,98,45,11" hai2="121,52,77,116,39,70,97,54,90,113,4,3,99" hai3="123,124,36,117,24,35,43,126,12,74,127,62,25"/><U65/><E115/><V32/><F116/><W87/><G123/><T59/><D112/><U128/><E128/><V41/><F113/><W84/><G74/><T89/><D119/><U44/><E64/><V83/><F32/><W1/><G117/><T23/><D120/><U37/><E37/><V28/><F28/><W131/><G1/><T130/><D79/><U106/><E20/><V0/><F70/><W75/><G75/><T34/><D34/><U30/><E30/><V60/><F121/><W104/><G104/><T46/><D130/><U133/><E133/><V85/><F60/><W31/><G131/><T134/><D101/><U94/><E106/><V129/><F129/><W102/><G102/><T67/><D46/><U16/><REACH who="1" step="1"/><E9/><REACH who="1" ten="263,203,194,330" step="2"/><V122/><F122/><W55/><G31/><T69/><D23/><U88/><AGARI ba="0,1" hai="11,13,16,44,45,47,48,53,63,65,71,88,94,98" machi="88" ten="20,18000,2" yaku="1,1,2,1,0,1,7,1,54,2,53,0" doraHai="103" doraHaiUra="68" who="1" fromWho="1" sc="263,-60,203,190,194,-60,330,-60" /><INIT seed="1,1,0,2,3,17" ten="203,393,134,270" oya="1" hai0="26,8,64,127,105,102,99,61,76,89,113,79,129" hai1="49,59,55,52,20,33,58,15,134,87,31,11,23" hai2="0,85,106,112,81,125,37,123,96,45,73,67,32" hai3="42,60,51,22,80,47,5,110,117,27,75,65,35"/><U128/><E128/><V24/><F123/><W39/><G110/><T56/><D113/><U19/><E134/><V30/><F112/><W86/><G117/><T48/><D129/><U16/><E33/><V21/><F125/><W100/><G35/><T7/><D127/><U103/><E103/><V25/><F73/><W78/><G5/><T135/><D135/><U131/><E131/><V2/><F67/><W95/><G39/><T101/><D101/><U109/><E109/><V44/><F96/><W4/><G4/><T83/><D89/><U57/><E87/><V104/><F0/><W118/><G118/><T10/><D10/><U84/><E84/><V122/><F2/><W93/><G75/><T116/><D116/><U53/><E31/><V132/><F122/><W130/><G100/><T94/><D105/><U6/><E6/><V1/><F1/><W63/><G130/><T108/><D108/><U41/><E19/><V29/><F132/><W114/><G114/><T107/><D107/><U9/><E9/><V54/><F44/><AGARI ba="1,0" hai="11,15,16,20,23,41,44,49,52,53,55,57,58,59" machi="44" ten="40,12000,1" yaku="8,1,52,2,54,2" doraHai="17" who="1" fromWho="2" sc="203,0,393,123,134,-123,270,0" /><INIT seed="1,2,0,5,1,130" ten="203,516,11,270" oya="1" hai0="126,50,69,63,108,80,61,31,16,60,103,34,79" hai1="104,82,90,9,51,41,23,25,18,7,124,97,107" hai2="94,93,71,0,14,114,44,83,77,37,125,105,32" hai3="55,12,132,72,116,3,58,100,38,43,52,28,53"/><U122/><E122/><V59/><F71/><W47/><G3/><T87/><D108/><U101/><E124/><V91/><F32/><W102/><G72/><T96/><D126/><U5/><E107/><V27/><F125/><W75/><G75/><T135/><D135/><U8/><E82/><V36/><F0/><W6/><G28/><T76/><D76/><U54/><E90/><V123/><F123/><W35/><G35/><T106/><D50/><U40/><E8/><V11/><F105/><W45/><G132/><T49/><D49/><U48/><E48/><V57/><F114/><W4/><G116/><T26/><REACH who="0" step="1"/><D16/><REACH who="0" ten="193,516,11,270" step="2"/><U74/><E18/><V24/><F44/><W84/><G45/><T109/><D109/><U67/><E51/><V29/><F29/><W17/><G47/><T81/><D81/><U121/><E41/><V112/><F112/><W128/><G43/><T39/><D39/><N who="2" m="14922" /><F77/><W118/><G38/><T2/><D2/><U85/><E40/><V111/><F111/><W113/><G113/><T98/><D98/><U115/><E97/><N who="2" m="57535" /><F83/><W134/><G134/><T86/><D86/><U42/><E85/><V15/><F94/><W68/><G84/><T65/><AGARI ba="2,1" hai="26,31,34,60,61,63,65,69,79,80,87,96,103,106" machi="65" ten="30,8000,1" yaku="1,1,0,1,25,2,53,1" doraHai="130" doraHaiUra="62" who="0" fromWho="0" sc="193,96,516,-42,11,-22,270,-22" owari="289,8.9,474,57.4,-11,-51.1,248,-15.2" /></mjloggm>