<mjloggm ver="2.3"><GO type="225" lobby="0"/><UN n0="%E5%8D%A0%E3%81%84%E5%B8%AB%E8%A3%8F%E3%81%AA%E3%81%84%E3%81%97" n1="%E3%81%BE%E3%81%A8%E3%81%9F" n2="%47%48%4F%53%54" n3="%72%65%6E%6B%75%6E" dan="16,16,17,17" rate="2124.64,2099.85,2296.71,2245.80" sx="M,M,M,M"/><TAIKYOKU oya="0"/><INIT seed="0,0,0,2,5,101" ten="250,250,250,250" oya="0" hai0="130,89,106,18,119,38,35,24,93,92,23,32,124" hai1="53,68,129,111,9,134,67,13,60,55,30,47,82" hai2="61,12,74,107,87,91,46,64,15,17,14,85,98" hai3="20,1,31,97,29,99,39,113,71,54,11,52,65"/><T51/><D119/><U73/><E111/><V108/><F108/><W49/><G39/><T116/><D38/><U50/><E129/><V4/><F74/><W41/><G113/><T83/><D116/><U3/><E134/><V44/><F4/><W104/><G41/><T115/><D115/><U66/><E3/><V102/><F17/><W45/><G54/><T2/><D2/><U90/><E30/><V86/><REACH who="2" step="1"/><F91/><REACH who="2" ten="250,250,240,250" step="2"/><W112/><G112/><T110/><D89/><U125/><E73/><V8/><F8/><W21/><G11/><T36/><D110/><U27/><E9/><V109/><F109/><W117/><G117/><T114/><D18/><U70/><E90/><V63/><F63/><W19/><G19/><T127/><D114/><U96/><E60/><V5/><F5/><W76/><G29/><T40/><D127/><U79/><E125/><V69/><AGARI ba="0,1" hai="12,14,15,44,46,61,64,69,85,86,87,98,102,107" machi="69" ten="30,4000,0" yaku="1,1,0,1,52,1,53,0" doraHai="101" doraHaiUra="7" who="2" fromWho="2" sc="250,-20,250,-10,240,50,250,-10" /><INIT seed="1,0,0,4,0,31" ten="230,240,290,240" oya="1" hai0="34,73,15,112,120,18,124,132,53,92,8,45,39" hai1="67,128,105,76,88,30,20,32,122,44,50,11,52" hai2="68,103,27,66,41,135,7,2,98,0,28,123,40" hai3="81,117,26,48,101,91,12,72,115,86,55,6,99"/><U16/><E122/><V47/><F123/><W84/><G115/><T109/><D120/><U82/><E105/><N who="2" m="63735" /><F135/><W77/><G117/><T110/><D112/><U57/><E128/><V71/><F41/><W9/><G26/><T74/><D132/><U127/><E127/><V3/><F7/><W107/><REACH who="3" step="1"/><G91/><REACH who="3" ten="230,240,290,230" step="2"/><T114/><D114/><U64/><E88/><V108/><F108/><W90/><G90/><T63/><D110/><U89/><E89/><V35/><F66/><W121/><G121/><T104/><D109/><U22/><E67/><V14/><F14/><W126/><G126/><T125/><D15/><U69/><E64/><V58/><F58/><AGARI ba="0,1" hai="6,9,12,48,55,58,72,77,81,84,86,99,101,107" machi="58" ten="30,7700,0" yaku="1,1,7,1,53,2" doraHai="31" doraHaiUra="80" who="3" fromWho="2" sc="230,0,240,0,290,-77,230,87" /><INIT seed="2,0,0,5,2,64" ten="230,240,213,317" oya="2" hai0="70,27,79,58,25,91,39,125,113,83,95,111,19" hai1="61,63,3,6,130,56,10,53,54,96,121,94,31" hai2="135,69,77,78,34,104,82,40,50,72,22,118,46" hai3="59,71,120,87,86,65,126,85,117,52,81,101,14"/><V15/><F118/><W116/><G120/><T21/><D113/><U112/><E112/><V23/><F104/><W123/><G123/><T32/><D111/><U75/><E121/><V12/><F135/><W2/><G2/><T18/><D125/><U97/><E75/><V74/><F34/><W47/><G126/><T92/><D70/><U93/><E130/><V9/><F69/><W84/><G101/><T89/><D39/><U11/><E31/><V102/><F102/><W37/><G14/><T106/><D106/><U0/><E56/><V103/><F103/><W134/><G134/><T17/><D32/><U26/><E26/><V131/><F131/><W55/><G71/><T1/><D1/><U38/><E38/><V62/><F62/><W122/><G65/><T88/><D58/><U45/><E45/><V29/><F29/><W114/><G114/><T133/><D133/><U68/><E68/><V67/><F67/><W60/><G122/><T16/><REACH who="0" step="1"/><D25/><REACH who="0" ten="220,240,213,317" step="2"/><U108/><E108/><V132/><F132/><W129/><G129/><T35/><D35/><U124/><E124/><V110/><F110/><W49/><REACH who="3" step="1"/><G37/><REACH who="3" ten="220,240,213,307" step="2"/><T76/><D76/><AGARI ba="0,2" hai="47,49,52,55,59,60,76,81,84,85,86,87,116,117" machi="76" ten="40,8000,1" yaku="1,1,2,1,54,1,53,2" doraHai="64" doraHaiUra="51" who="3" fromWho="0" sc="220,-80,240,0,213,0,307,100" /><INIT seed="3,0,0,2,1,93" ten="140,240,213,407" oya="3" hai0="58,106,6,52,18,129,84,17,104,99,61,10,67" hai1="115,92,23,72,90,130,89,34,64,9,124,37,76" hai2="95,7,44,77,73,47,107,101,75,113,133,128,12" hai3="14,131,41,79,88,56,117,2,102,15,97,103,74"/><W43/><G2/><T78/><D129/><U80/><E34/><V126/><F113/><W122/><G117/><T86/><D104/><U30/><E64/><V66/><F128/><W60/><G122/><T82/><D84/><N who="1" m="52263" /><E23/><V134/><F126/><W38/><G131/><T5/><D5/><U51/><E9/><N who="2" m="4159" /><F66/><N who="3" m="39175" /><G79/><T35/><D35/><U100/><E51/><V53/><F95/><N who="3" m="56551" /><G74/><N who="2" m="28169" /><F53/><W81/><G81/><T109/><D109/><U27/><E37/><V65/><F65/><W69/><G69/><T135/><D135/><N who="2" m="51722" /><F77/><W54/><G54/><T13/><REACH who="0" step="1"/><D67/><REACH who="0" ten="130,240,213,407" step="2"/><U108/><E130/><V20/><F20/><W19/><G38/><T28/><D28/><U8/><E30/><V87/><F87/><W50/><G19/><T83/><D83/><U59/><E80/><V45/><F107/><W63/><G102/><AGARI ba="0,1" hai="6,10,13,17,18,52,58,61,78,82,86,99,102,106" machi="102" ten="40,5200,0" yaku="1,1,52,1,54,1,53,0" doraHai="93" doraHaiUra="110" who="0" fromWho="3" sc="130,62,240,0,213,0,407,-52" /><AGARI ba="0,0" hai="44,45,47,101,102" m="51722,28169,4159" machi="102" ten="40,1300,0" yaku="20,1" doraHai="93" who="2" fromWho="3" sc="192,0,240,0,213,13,355,-13" owari="192,-30.8,240,4.0,226,-17.4,342,44.2" /></mjloggm>