<mjloggm ver="2.3"><GO type="225" lobby="0"/><UN n0="%E3%81%A1%E3%82%85%E3%81%86%E3%81%A9%E3%81%8F%E8%B1%A1%E3%81%95%E3%82%93" n1="%E9%80%9F%E6%B0%B4%E5%87%9B%E9%A6%99" n2="%6D%75%75%6D%75%72%61" n3="%E3%82%8C%E3%81%99%E3%81%93" dan="17,16,16,16" rate="2203.58,2190.48,2124.40,2117.67" sx="M,F,F,F"/><TAIKYOKU oya="0"/><INIT seed="0,0,0,5,4,99" ten="250,250,250,250" oya="0" hai0="28,124,52,120,46,39,133,132,16,92,98,129,61" hai1="10,53,33,36,108,78,23,6,12,73,66,93,67" hai2="94,97,49,32,72,55,54,34,38,74,11,104,79" hai3="115,127,21,81,64,63,75,45,111,48,100,117,2"/><T134/><D120/><U68/><E33/><V29/><F38/><W96/><G115/><T130/><D28/><U126/><E36/><V13/><F104/><W122/><G122/><T105/><D105/><U88/><E108/><V26/><F34/><W123/><G123/><T1/><D1/><U89/><E126/><V47/><F55/><W77/><G111/><T106/><D106/><U43/><E43/><V44/><F44/><W60/><G127/><T57/><D124/><U7/><E68/><V42/><F42/><W118/><G2/><T110/><D110/><U80/><E89/><V62/><F62/><W102/><G21/><T86/><D86/><U14/><E53/><V103/><REACH who="2" step="1"/><F79/><REACH who="2" ten="250,250,240,250" step="2"/><W113/><G63/><T25/><D39/><U95/><E95/><V37/><F37/><W91/><G60/><T90/><D46/><U59/><E59/><V30/><F30/><W131/><G64/><T116/><D116/><N who="3" m="44649" /><G131/><T35/><D35/><U4/><E66/><V24/><F24/><W0/><G45/><T9/><D25/><U56/><E56/><V107/><F107/><W84/><G48/><T15/><AGARI ba="0,1" hai="9,15,16,52,57,61,90,92,98,129,130,132,133,134" machi="15" ten="40,12000,1" yaku="0,1,20,1,54,2" doraHai="99" who="0" fromWho="0" sc="250,130,250,-40,240,-40,250,-40" /><INIT seed="0,1,0,3,1,58" ten="380,210,200,210" oya="0" hai0="36,12,80,98,27,79,128,32,45,129,33,86,60" hai1="44,124,115,110,59,11,46,43,90,132,87,70,4" hai2="22,127,131,37,5,111,117,50,15,47,78,93,130" hai3="39,97,64,63,133,74,81,42,24,26,96,9,82"/><T3/><D3/><U0/><E70/><V51/><F111/><W89/><G133/><T126/><D126/><U65/><E110/><V19/><F127/><W31/><G9/><T83/><D12/><U135/><E124/><V69/><F117/><W23/><G26/><T49/><D36/><U119/><E119/><V1/><F69/><W20/><G20/><T76/><D98/><U99/><E99/><V123/><F123/><W71/><G97/><T85/><D60/><N who="1" m="38047" /><E43/><N who="2" m="23023" /><F93/><W29/><G29/><T48/><D45/><U34/><E34/><V62/><F62/><W106/><G74/><T13/><D13/><U103/><E103/><V112/><F78/><W21/><G21/><T66/><D66/><U118/><E118/><V72/><F72/><W10/><G10/><T94/><D94/><N who="1" m="54623" /><E115/><V116/><F116/><W92/><REACH who="3" step="1"/><G106/><REACH who="3" ten="380,210,200,200" step="2"/><T91/><D27/><U28/><E28/><V55/><F112/><W16/><G16/><T100/><D32/><U75/><E75/><V125/><F125/><W18/><G18/><T2/><D33/><U113/><E113/><V38/><F19/><W57/><G57/><T122/><D2/><U134/><AGARI ba="1,1" hai="0,4,11,44,46,132,134,135" m="54623,38047" machi="134" ten="30,2000,0" yaku="20,1,52,1" doraHai="58" who="1" fromWho="1" sc="380,-11,210,33,200,-6,200,-6" /><INIT seed="1,0,0,1,0,88" ten="369,243,194,194" oya="1" hai0="119,74,103,22,20,63,135,46,133,21,105,27,101" hai1="96,71,44,94,42,75,89,47,128,95,30,87,82" hai2="93,109,36,134,78,127,10,4,29,107,40,15,33" hai3="28,8,3,61,59,67,49,84,113,12,9,56,69"/><U108/><E71/><V64/><F107/><W90/><G113/><T72/><D119/><U110/><E128/><V66/><F109/><N who="1" m="42089" /><E75/><N who="0" m="28713" /><D27/><U123/><E123/><V57/><F134/><N who="0" m="51210" /><D105/><U58/><E30/><V118/><F118/><W41/><G28/><T5/><D5/><U122/><E122/><V53/><F127/><W37/><G3/><T81/><D81/><U91/><E58/><V129/><F78/><W99/><G99/><T50/><D63/><U124/><E124/><V102/><F129/><W112/><G112/><T115/><D115/><U43/><E82/><V39/><F29/><W86/><G86/><T1/><D1/><U32/><E32/><V70/><F70/><W130/><G130/><T104/><D104/><U132/><E132/><V17/><F33/><W106/><G106/><T98/><D98/><U23/><E23/><V68/><F68/><W60/><G69/><T85/><D85/><U62/><E62/><V25/><F25/><W0/><G0/><T16/><D20/><U111/><E111/><V121/><F121/><W52/><G37/><T7/><D21/><U48/><E48/><N who="2" m="30887" /><F39/><W19/><G9/><T6/><D50/><U65/><E65/><V77/><F36/><W79/><G79/><T31/><D31/><U125/><E125/><V54/><F77/><W80/><G49/><T45/><D45/><AGARI ba="0,0" hai="42,43,44,45,47,87,89,91,94,95,96" m="42089" machi="45" ten="30,11600,0" yaku="14,1,10,1,52,2" doraHai="88" who="1" fromWho="0" sc="369,-116,243,116,194,0,194,0" /><INIT seed="1,1,0,4,5,57" ten="253,359,194,194" oya="1" hai0="68,110,66,2,73,38,112,32,127,27,63,18,50" hai1="96,67,34,61,45,106,87,123,7,121,117,131,118" hai2="119,43,53,89,78,77,79,46,69,17,37,42,35" hai3="120,10,64,102,130,128,9,134,76,129,54,98,104"/><U86/><E7/><V65/><F119/><W12/><G120/><T14/><D112/><U33/><E45/><V52/><F35/><N who="1" m="13321" /><E86/><V22/><F43/><W116/><G116/><T36/><D50/><U21/><E21/><V81/><F81/><W0/><G134/><T62/><D2/><U25/><E25/><V51/><F89/><W29/><G0/><T16/><D73/><U88/><E88/><V103/><F103/><W108/><G29/><T122/><D122/><N who="1" m="46603" /><E87/><V124/><F124/><W133/><G133/><T90/><D90/><U92/><E92/><V58/><F53/><W111/><G76/><T31/><D127/><U60/><E67/><V93/><F93/><W109/><G12/><T47/><D47/><U97/><E106/><V26/><F79/><W48/><G64/><T126/><D126/><U28/><E28/><V125/><F125/><W95/><G104/><T75/><D18/><U11/><E11/><V6/><F6/><W5/><G5/><T13/><D13/><U83/><E83/><V74/><F74/><W56/><AGARI ba="1,0" hai="9,10,48,54,56,95,98,102,108,109,111,128,129,130" machi="56" ten="40,5200,0" yaku="0,1,14,1,19,1" doraHai="57" who="3" fromWho="3" sc="253,-14,359,-27,194,-14,194,55" /><INIT seed="2,0,0,4,5,95" ten="239,332,180,249" oya="2" hai0="85,31,71,130,41,18,4,72,128,40,82,69,80" hai1="113,94,67,8,49,108,20,23,126,134,102,0,38" hai2="56,111,110,33,32,122,114,75,50,27,55,59,106" hai3="105,57,117,107,119,13,84,24,96,64,3,76,42"/><V118/><F114/><W10/><G3/><T35/><D4/><U97/><E38/><V112/><F112/><W58/><G42/><N who="0" m="16491" /><D18/><U79/><E113/><V109/><F118/><W1/><G1/><T87/><D31/><U14/><E108/><V83/><F122/><W125/><G125/><T131/><D35/><U124/><E0/><V99/><F27/><W62/><G24/><T123/><D123/><U86/><E134/><V121/><F121/><W21/><G21/><T48/><D48/><U15/><E15/><V77/><F59/><W43/><G43/><T44/><D44/><U65/><E49/><V120/><F120/><W16/><G107/><T135/><D72/><U30/><E30/><V12/><F12/><W28/><G28/><T22/><D22/><U25/><E126/><V63/><F50/><W133/><G133/><T17/><D17/><N who="1" m="12431" /><E23/><V39/><F39/><W34/><G34/><T46/><D46/><U36/><E36/><V92/><F106/><W101/><REACH who="3" step="1"/><G58/><REACH who="3" ten="239,332,180,239" step="2"/><T5/><D135/><U7/><E124/><V26/><REACH who="2" step="1"/><F26/><REACH who="2" ten="239,332,170,239" step="2"/><W91/><G91/><AGARI ba="0,2" hai="32,33,55,56,63,75,77,83,91,92,99,109,110,111" machi="91" ten="40,18000,2" yaku="1,1,2,1,14,1,10,1,52,1,53,1" doraHai="95" doraHaiUra="74" who="2" fromWho="3" sc="239,0,332,0,170,200,239,-180" /><INIT seed="2,1,0,3,3,134" ten="239,332,370,59" oya="2" hai0="39,102,88,82,121,49,126,40,84,108,100,119,34" hai1="46,21,64,45,66,106,59,1,95,104,112,36,9" hai2="127,76,125,61,115,13,69,24,33,94,96,91,87" hai3="50,98,7,22,70,90,2,65,0,67,118,15,8"/><V101/><F115/><W32/><G32/><T80/><D34/><U25/><E112/><V31/><F76/><W93/><G118/><T51/><D39/><U26/><E95/><V123/><F13/><W19/><G2/><T41/><D84/><U110/><E21/><V103/><F123/><W18/><G70/><T68/><D121/><U29/><E29/><V116/><F116/><W60/><G60/><T132/><D68/><U120/><E120/><V111/><F111/><W6/><G6/><T89/><D119/><U130/><E130/><V113/><F113/><W77/><G77/><T52/><D52/><U58/><E9/><V81/><REACH who="2" step="1"/><F103/><REACH who="2" ten="239,332,360,59" step="2"/><W42/><REACH who="3" step="1"/><G19/><REACH who="3" ten="239,332,360,49" step="2"/><T72/><D108/><U54/><E110/><V86/><F86/><W30/><G30/><T37/><D132/><U20/><E1/><V3/><F3/><W27/><G27/><T92/><D72/><U11/><E26/><V74/><F74/><W117/><G117/><T48/><D40/><U63/><E25/><V17/><F17/><W38/><G38/><T83/><D41/><U23/><E36/><V135/><F135/><W62/><G62/><T44/><D37/><U57/><E63/><V55/><F55/><W105/><G105/><T131/><D48/><U128/><E54/><V53/><F53/><W10/><G10/><T99/><D49/><U78/><E11/><V79/><F79/><W122/><G122/><T129/><D51/><U4/><E78/><V47/><F47/><AGARI ba="1,2" hai="0,7,8,15,18,22,42,47,50,65,67,90,93,98" machi="47" ten="40,1300,0" yaku="1,1,53,0" doraHai="134" doraHaiUra="133" who="3" fromWho="2" sc="239,0,332,0,360,-16,49,36" /><INIT seed="3,0,0,5,5,60" ten="239,332,344,85" oya="3" hai0="128,26,74,5,22,81,98,129,78,4,131,51,28" hai1="31,49,86,100,71,107,8,102,89,72,27,116,124" hai2="126,108,75,44,62,96,123,14,48,114,122,112,16" hai3="38,7,106,50,21,109,77,115,46,59,24,3,119"/><W93/><G115/><T68/><D68/><U40/><E72/><V57/><F108/><W29/><G119/><T18/><D98/><U111/><E107/><V52/><F96/><W125/><G106/><T130/><N who="0" m="32768" /><DORA hai="11" /><T25/><REACH who="0" step="1"/><D51/><REACH who="0" ten="229,332,344,85" step="2"/><U61/><E71/><V95/><F114/><W66/><G109/><T92/><D92/><U23/><E111/><V0/><F112/><W6/><G125/><T41/><D41/><U91/><E124/><V42/><F95/><W37/><G37/><T19/><D19/><U32/><E49/><V17/><F17/><W83/><G3/><T39/><D39/><U63/><E40/><V30/><F48/><W103/><G38/><T135/><D135/><U54/><E116/><V80/><F0/><W1/><G1/><T127/><D127/><U15/><E102/><V104/><F42/><N who="3" m="24919" /><G93/><T118/><D118/><U58/><E100/><V12/><F16/><W99/><G99/><T45/><D45/><U87/><E32/><AGARI ba="0,1" hai="4,5,18,22,25,26,28,32,74,78,81" m="32768" machi="32" ten="70,4500,0" yaku="1,1,19,1,53,0" doraHai="60,11" doraHaiUra="65,94" who="0" fromWho="1" sc="229,55,332,-45,344,0,85,0" owari="284,-11.6,287,8.7,344,44.4,85,-41.5" /></mjloggm>