<mjloggm ver="2.3"><GO type="225" lobby="0"/><UN n0="%E3%81%86%E3%83%BC%E3%81%B1%E3%83%BC" n1="%E8%83%83%E3%81%A8%E8%85%B8" n2="%E3%82%BF%E3%83%BC%E3%83%90%E3%83%B3%E9%87%8E%E5%8F%A3" n3="%E3%83%97%E3%83%AC%E3%83%B4%E3%82%A1%E3%83%86%E3%82%A3" dan="17,16,16,16" rate="2187.14,2154.09,2087.36,2151.09" sx="F,M,M,F"/><TAIKYOKU oya="0"/><INIT seed="0,0,0,4,5,114" ten="250,250,250,250" oya="0" hai0="87,55,103,31,69,18,23,48,6,50,28,93,33" hai1="135,3,9,129,86,19,0,24,83,20,77,88,67" hai2="17,125,128,119,96,39,53,105,1,36,126,30,45" hai3="71,5,59,54,8,56,38,12,35,57,43,115,37"/><T10/><D69/><U16/><E129/><V112/><F112/><W80/><G115/><T104/><D104/><U63/><E135/><V89/><F1/><W4/><G71/><T66/><D66/><U79/><E3/><V14/><F30/><W7/><G35/><T26/><D33/><U117/><E117/><V52/><F119/><W131/><G131/><T11/><D50/><U51/><E51/><N who="2" m="28783" /><F53/><W74/><G54/><T46/><D11/><U90/><E77/><V134/><F134/><W27/><G27/><T81/><D93/><U60/><E0/><V64/><F64/><W91/><G43/><T111/><D103/><U84/><E67/><V65/><F65/><W102/><G102/><T133/><D111/><U15/><E79/><V73/><F73/><W113/><G113/><T44/><D44/><U124/><E124/><N who="2" m="47723" /><F128/><W72/><G91/><N who="0" m="51695" /><D133/><U58/><E58/><V110/><F110/><W2/><G80/><AGARI ba="0,0" hai="9,15,16,19,20,24,60,63,80,83,84,86,88,90" machi="80" ten="30,8000,1" yaku="7,1,9,1,8,1,54,2" doraHai="114" who="1" fromWho="3" sc="250,0,250,80,250,0,250,-80" /><INIT seed="1,0,0,4,0,73" ten="250,330,250,170" oya="1" hai0="19,6,121,1,15,77,102,105,39,94,76,118,28" hai1="108,17,49,47,43,98,53,13,79,61,72,123,90" hai2="104,83,26,125,75,16,59,95,41,126,69,133,57" hai3="7,9,124,71,29,81,60,64,22,114,46,3,30"/><U63/><E123/><V120/><F104/><W87/><G114/><T132/><D39/><U21/><E108/><V130/><F120/><W67/><G124/><N who="2" m="47721" /><F69/><W14/><G64/><T11/><D118/><U99/><E90/><V66/><F133/><W109/><G109/><T110/><D110/><U65/><E43/><V27/><F41/><W25/><G46/><T92/><D132/><U18/><E18/><V33/><F66/><W131/><G131/><T116/><D116/><U113/><E113/><V134/><F130/><W24/><G3/><T122/><D105/><U12/><E12/><V8/><F95/><W55/><G55/><T89/><D28/><U68/><REACH who="1" step="1"/><E63/><REACH who="1" ten="250,320,250,170" step="2"/><V74/><F16/><W111/><G111/><T100/><D121/><U96/><E96/><V86/><F134/><W129/><G129/><T44/><D122/><U88/><E88/><V45/><F27/><W62/><G67/><T58/><D19/><U48/><E48/><V23/><F26/><W10/><G71/><T82/><D15/><U91/><E91/><V34/><F33/><W84/><G9/><T36/><D89/><U31/><E31/><V56/><F34/><W42/><G42/><T128/><D11/><U78/><E78/><N who="2" m="46455" /><F8/><W5/><G10/><T127/><D128/><U4/><E4/><V38/><F23/><W52/><G14/><T135/><D127/><U80/><AGARI ba="0,1" hai="13,17,21,47,49,53,61,65,68,72,79,80,98,99" machi="80" ten="30,11700,0" yaku="1,1,0,1,52,1,53,1" doraHai="73" doraHaiUra="50" who="1" fromWho="1" sc="250,-39,320,127,250,-39,170,-39" /><INIT seed="1,1,0,3,4,15" ten="211,447,211,131" oya="1" hai0="97,80,47,35,41,67,95,135,33,79,60,36,3" hai1="131,5,24,130,62,71,44,115,123,14,30,78,103" hai2="69,134,105,48,28,102,32,22,133,57,56,120,110" hai3="45,124,113,10,84,100,117,85,59,2,125,40,70"/><U49/><E115/><V81/><F120/><W76/><G113/><T58/><D135/><N who="2" m="51722" /><F69/><W54/><G70/><T18/><D3/><U43/><E123/><V13/><F110/><W72/><G117/><T0/><D0/><U34/><E103/><V42/><F81/><W99/><G72/><T17/><D35/><U8/><REACH who="1" step="1"/><E78/><REACH who="1" ten="211,437,211,131" step="2"/><V86/><F102/><W82/><G124/><T53/><D33/><U111/><E111/><V50/><F32/><W11/><G125/><T20/><D20/><U38/><E38/><V114/><F22/><W101/><G2/><T122/><D122/><U29/><E29/><V87/><F28/><W55/><G101/><T119/><D119/><U31/><E31/><V73/><F114/><W21/><G21/><T121/><D121/><U116/><E116/><V4/><F105/><W1/><G1/><T93/><D79/><U128/><E128/><V127/><F127/><W92/><G10/><T19/><D97/><U109/><E109/><V25/><F73/><W51/><G11/><T63/><REACH who="0" step="1"/><D80/><REACH who="0" ten="201,437,211,131" step="2"/><U75/><E75/><V106/><F87/><W16/><G84/><T52/><D52/><U108/><E108/><V9/><F86/><W12/><G54/><T39/><D39/><U26/><E26/><V98/><F25/><W88/><G76/><T65/><D65/><AGARI ba="1,2" hai="5,8,14,24,30,34,43,44,49,62,65,71,130,131" machi="65" ten="40,3900,0" yaku="1,1,53,1" doraHai="15" doraHaiUra="23" who="1" fromWho="0" sc="201,-42,437,62,211,0,131,0" /><INIT seed="1,2,0,5,4,30" ten="159,499,211,131" oya="1" hai0="1,55,96,91,93,19,3,73,135,48,43,44,114" hai1="10,115,113,51,100,76,0,82,103,46,66,107,49" hai2="105,128,125,11,95,133,61,4,60,8,20,121,72" hai3="132,35,98,52,23,78,16,71,87,109,116,31,62"/><U131/><E131/><V118/><F121/><W53/><G116/><T25/><D114/><U90/><E66/><V112/><F118/><W26/><G109/><T7/><D135/><U110/><E90/><V129/><F105/><W79/><G132/><T130/><D130/><N who="2" m="50282" /><F133/><W77/><G87/><T101/><D73/><U32/><E110/><V57/><F72/><W18/><G98/><T39/><D7/><U89/><E89/><V88/><F112/><W74/><G74/><T120/><D120/><U21/><E113/><V5/><F125/><W50/><G18/><T63/><D101/><U69/><E69/><V24/><F24/><W127/><G127/><T84/><D84/><N who="1" m="48199" /><E0/><N who="2" m="7" /><F57/><W12/><REACH who="3" step="1"/><G50/><REACH who="3" ten="159,499,211,121" step="2"/><T70/><D48/><U33/><E51/><V124/><F124/><W99/><G99/><T65/><D19/><U75/><E75/><V123/><F123/><W111/><G111/><T14/><D96/><U83/><E49/><V94/><F94/><W86/><G86/><T80/><D93/><U85/><E85/><N who="2" m="52623" /><F20/><W17/><G17/><T34/><D91/><U27/><E21/><V2/><AGARI ba="2,1" hai="2,5,11,60,61" m="52623,7,50282" machi="2" ten="30,2000,0" yaku="19,1,54,1" doraHai="30" who="2" fromWho="2" sc="159,-7,499,-12,211,36,121,-7" /><INIT seed="2,0,0,4,2,36" ten="152,487,247,114" oya="2" hai0="16,67,110,68,100,61,24,108,92,89,103,83,34" hai1="42,55,121,71,23,59,95,33,99,115,72,47,35" hai2="40,62,63,135,73,80,109,119,26,91,96,66,128" hai3="12,105,38,94,97,8,48,56,78,32,85,90,122"/><V126/><F119/><W44/><G122/><T50/><D83/><U29/><E115/><V20/><F128/><W125/><G32/><T64/><D67/><U134/><E71/><V1/><F1/><W116/><G116/><T15/><D50/><U45/><E72/><V41/><F135/><W53/><G125/><T76/><D76/><U118/><E121/><V88/><F126/><W14/><G78/><T25/><D34/><U114/><E114/><V52/><F109/><N who="0" m="42090" /><D89/><U49/><E134/><V10/><F10/><W74/><G74/><T31/><D31/><U107/><E107/><V70/><F73/><W3/><G3/><T131/><D131/><U2/><E2/><V127/><F127/><W28/><G28/><T5/><D5/><U69/><E69/><V123/><F91/><W58/><G12/><T21/><D92/><U0/><E0/><V22/><F123/><W111/><G111/><T54/><D54/><U7/><E33/><V17/><F20/><W27/><G27/><AGARI ba="0,0" hai="15,16,21,24,25,27,61,64,68,100,103" m="42090" machi="27" ten="30,2000,0" yaku="14,1,54,1" doraHai="36" who="0" fromWho="3" sc="152,20,487,0,247,0,114,-20" /><INIT seed="3,0,0,5,5,101" ten="172,487,247,94" oya="3" hai0="1,90,60,61,58,95,4,55,121,50,100,53,56" hai1="3,125,122,35,127,134,2,131,41,32,30,28,85" hai2="108,135,75,12,9,104,84,92,13,14,116,77,99" hai3="70,107,109,37,123,126,23,33,128,81,119,63,18"/><W74/><RYUUKYOKU type="yao9" ba="0,0" sc="172,0,487,0,247,0,94,0" hai3="18,23,33,37,63,70,74,81,107,109,119,123,126,128" /><INIT seed="3,1,0,3,3,104" ten="172,487,247,94" oya="3" hai0="32,10,41,90,92,97,65,42,62,55,78,115,123" hai1="93,91,106,56,50,33,132,96,52,60,18,112,14" hai2="25,46,134,37,111,75,6,2,118,11,80,45,114" hai3="63,40,59,76,85,72,47,58,3,131,109,108,70"/><W74/><G3/><T51/><D32/><U19/><E112/><V79/><F118/><W21/><G131/><T68/><D123/><U81/><E132/><V121/><F111/><N who="3" m="42571" /><G70/><T27/><D115/><U57/><E33/><V83/><F114/><W122/><G122/><T54/><D54/><N who="1" m="31831" /><E106/><V98/><F134/><W31/><G85/><T77/><D27/><U36/><E36/><V69/><F69/><W22/><G76/><T124/><D124/><U39/><E39/><V71/><F71/><W1/><G1/><T17/><D78/><U16/><E81/><V127/><F127/><W15/><G59/><T86/><D17/><U103/><E103/><V38/><F79/><W129/><G129/><T66/><D66/><U12/><AGARI ba="1,0" hai="12,14,16,18,19,52,57,60,91,93,96" m="31831" machi="12" ten="30,4000,0" yaku="8,1,54,2" doraHai="104" who="1" fromWho="1" sc="172,-11,487,43,247,-11,94,-21" owari="161,-23.9,530,63.0,236,3.6,73,-42.7" /></mjloggm>