<mjloggm ver="2.3"><GO type="225" lobby="0"/><UN n0="%E6%B8%A9%E2%98%85%E6%83%85%E2%98%85%E6%8E%AA%E2%98%85%E7%BD%AE" n1="%E6%9D%BE%E6%9C%AC%E5%81%A5%E7%94%B7" n2="%E3%81%B5%E3%81%98%E3%81%8B%E3%81%A4" n3="%E3%83%81%E3%83%AF%E3%83%AF%E9%9A%8A%E9%95%B7" dan="18,16,17,16" rate="2175.23,2161.04,2217.36,2092.07" sx="M,M,M,M"/><TAIKYOKU oya="0"/><INIT seed="0,0,0,1,5,119" ten="250,250,250,250" oya="0" hai0="64,103,133,135,91,128,23,10,41,109,3,68,27" hai1="58,50,57,81,105,1,82,97,26,120,76,84,35" hai2="9,44,95,99,28,67,34,73,118,6,98,127,60" hai3="116,94,107,123,77,39,117,11,21,113,54,102,121"/><T56/><D128/><U96/><E1/><V100/><F127/><W65/><G107/><T43/><D68/><U19/><E120/><N who="3" m="46154" /><G39/><T24/><D103/><U48/><E105/><V5/><F118/><N who="3" m="45675" /><G113/><T79/><D79/><U0/><E0/><V2/><F5/><W61/><G77/><T36/><D36/><U62/><E82/><V17/><F6/><W25/><G11/><T47/><D109/><U110/><E110/><V90/><F9/><W87/><G54/><T86/><D10/><U55/><E48/><V132/><F2/><W131/><G131/><T37/><D41/><U126/><E126/><V74/><F132/><N who="0" m="50762" /><D3/><U134/><E134/><V63/><F74/><W12/><G12/><T13/><D13/><U112/><E112/><V30/><F73/><W124/><G124/><T49/><D23/><N who="1" m="13695" /><E35/><V130/><F130/><W52/><G52/><AGARI ba="0,0" hai="50,52,55,57,58,62,76,81,84,96,97" m="13695" machi="52" ten="30,2000,0" yaku="8,1,54,1" doraHai="119" who="1" fromWho="3" sc="250,0,250,20,250,0,250,-20" /><INIT seed="1,0,0,0,1,133" ten="250,270,250,230" oya="1" hai0="13,84,72,61,70,125,121,25,115,7,112,54,94" hai1="77,40,30,4,109,5,87,55,60,88,24,92,114" hai2="113,97,75,130,43,27,38,99,15,16,34,91,83" hai3="39,105,73,81,53,63,118,85,89,3,79,86,42"/><U51/><E114/><V103/><F130/><W117/><G105/><T127/><D72/><U50/><E109/><V18/><F113/><W33/><G33/><T48/><D121/><U52/><E77/><V46/><F34/><W1/><G85/><T62/><D25/><U45/><E60/><N who="0" m="23145" /><D70/><U129/><E129/><V93/><F27/><W100/><G100/><T9/><D94/><U31/><E55/><V135/><F135/><W44/><G53/><T132/><D84/><U26/><E26/><V56/><F56/><W47/><G47/><N who="0" m="27935" /><D132/><U20/><E31/><V66/><F66/><W8/><G63/><T107/><D107/><U108/><E108/><V6/><F6/><N who="3" m="1103" /><G3/><T14/><D13/><U0/><E0/><V71/><F71/><W19/><G19/><T67/><D67/><U104/><E104/><V120/><F120/><W80/><AGARI ba="0,0" hai="39,42,44,73,79,80,81,86,89,117,118" m="1103" machi="80" ten="30,1100,0" yaku="25,1" doraHai="133" who="3" fromWho="3" sc="250,-3,270,-5,250,-3,230,11" /><INIT seed="2,0,0,3,4,110" ten="247,265,247,241" oya="2" hai0="35,135,29,20,61,99,32,64,38,85,53,1,52" hai1="5,92,12,14,119,96,91,111,118,94,71,74,126" hai2="46,131,39,82,24,77,72,70,59,103,128,79,106" hai3="66,112,28,0,90,75,6,107,18,117,50,100,21"/><V55/><F70/><W16/><G75/><T8/><D38/><U23/><E111/><V68/><F68/><W97/><G117/><T67/><D135/><U49/><E126/><V76/><F106/><W33/><G33/><T116/><D116/><U26/><E74/><V2/><F103/><W58/><G112/><T130/><D130/><N who="2" m="49706" /><F24/><W78/><G78/><T60/><D1/><U42/><E71/><V87/><F2/><W48/><G28/><T113/><D8/><U17/><E119/><V125/><F125/><W41/><G0/><T123/><D123/><U25/><E118/><V31/><F31/><W54/><G6/><T132/><D132/><U51/><E26/><V133/><F133/><W69/><G69/><T63/><D113/><U120/><E120/><V30/><F30/><W134/><G134/><T10/><D10/><N who="1" m="4175" /><E42/><N who="2" m="22879" /><F72/><W22/><G107/><T15/><D32/><U40/><E25/><V37/><F37/><W34/><G34/><T86/><D35/><U62/><E40/><V101/><F101/><W3/><G100/><T95/><D29/><U129/><E129/><V27/><F27/><W19/><G3/><T43/><D43/><U36/><E36/><V83/><F83/><W104/><G104/><T105/><D105/><U65/><E94/><V109/><F109/><W84/><G41/><T102/><D15/><U124/><E124/><V11/><F11/><W89/><G21/><T115/><D20/><U81/><E81/><V9/><F9/><W73/><G22/><T4/><D4/><U7/><E7/><V45/><F45/><W114/><G19/><RYUUKYOKU ba="0,0" sc="247,-15,265,15,247,15,241,-15" hai1="14,17,23,49,51,62,65,91,92,96" hai2="55,59,76,77,79,82,87" /><INIT seed="2,1,0,2,2,117" ten="232,280,262,226" oya="2" hai0="32,64,23,36,128,114,122,134,118,102,34,103,119" hai1="98,123,121,115,5,49,19,82,27,8,17,120,6" hai2="78,106,10,105,68,108,1,69,48,33,24,43,42" hai3="51,95,94,107,88,90,67,20,130,57,110,9,39"/><V83/><F108/><W15/><G39/><T38/><D114/><U16/><E115/><V21/><F33/><N who="0" m="12906" /><D64/><U74/><E98/><V125/><F125/><W45/><G107/><T62/><D62/><U3/><E6/><V30/><F106/><W2/><G110/><T85/><D85/><U35/><E49/><V4/><F105/><W22/><G2/><T84/><D84/><U97/><E97/><V112/><F112/><W29/><G130/><T0/><D0/><U65/><E65/><V18/><F48/><W132/><G132/><T59/><D59/><U91/><E91/><N who="3" m="34858" /><G57/><T47/><D23/><N who="3" m="8745" /><G67/><T100/><D47/><U77/><E35/><V131/><F131/><W31/><G95/><T60/><D128/><U12/><E27/><V55/><F55/><N who="3" m="30191" /><G94/><T79/><D60/><U75/><E75/><V63/><F63/><W129/><G129/><T52/><D134/><U109/><E109/><V116/><F116/><N who="0" m="44586" /><D122/><U81/><E81/><V53/><F69/><W37/><G37/><N who="0" m="14443" /><D52/><U40/><E40/><N who="2" m="15403" /><F53/><W93/><G93/><T92/><D92/><U86/><E74/><V41/><F41/><W76/><G76/><AGARI ba="1,0" hai="76,79,100,102,103" m="14443,44586,12906" machi="76" ten="40,5200,0" yaku="28,2,12,1" doraHai="117" who="0" fromWho="3" sc="232,55,280,0,262,0,226,-55" /><INIT seed="3,0,0,0,3,133" ten="287,280,262,171" oya="3" hai0="44,64,118,121,4,77,113,71,103,99,35,9,78" hai1="58,25,52,41,69,47,56,70,40,116,111,6,96" hai2="100,33,101,129,115,92,15,31,110,39,66,53,95" hai3="81,16,60,49,122,43,90,20,28,46,1,89,91"/><W102/><G1/><T82/><D118/><U93/><E116/><V124/><F110/><W27/><G122/><T117/><D117/><U17/><E111/><V68/><F115/><W119/><G119/><T30/><D121/><U61/><E6/><V83/><F39/><W97/><G60/><N who="0" m="40327" /><D44/><U14/><E25/><V130/><F83/><W3/><G3/><N who="0" m="159" /><D82/><U23/><E58/><V114/><F114/><W36/><G36/><T84/><D84/><U54/><E54/><V76/><F76/><W62/><G62/><T98/><D98/><U72/><E72/><V13/><F53/><W80/><REACH who="3" step="1"/><G28/><REACH who="3" ten="287,280,262,161" step="2"/><T74/><D113/><U134/><E134/><V48/><F31/><W67/><G67/><T79/><D74/><U112/><E112/><V126/><F66/><W125/><G125/><N who="2" m="48233" /><F130/><W104/><AGARI ba="0,1" hai="16,20,27,43,46,49,80,81,89,90,91,97,102,104" machi="104" ten="30,6000,0" yaku="1,1,0,1,54,1,53,0" doraHai="133" doraHaiUra="108" who="3" fromWho="3" sc="287,-20,280,-20,262,-20,161,70" /><INIT seed="3,1,0,2,2,48" ten="267,260,242,231" oya="3" hai0="8,103,22,29,94,126,46,57,96,111,13,120,118" hai1="72,18,10,60,85,102,47,43,34,61,128,68,79" hai2="116,27,6,77,106,80,91,110,15,49,135,1,82" hai3="81,101,78,117,66,12,97,104,134,52,31,53,17"/><W95/><G104/><T122/><D118/><U114/><E114/><V98/><F116/><W112/><G117/><T76/><D111/><U39/><E128/><V86/><F110/><W92/><G112/><T125/><D76/><U26/><E72/><V9/><F135/><W16/><G134/><T93/><D46/><U84/><E102/><V75/><F27/><W127/><G127/><N who="0" m="48651" /><D57/><U130/><E130/><V55/><F106/><W124/><G124/><T2/><D2/><U131/><E131/><V83/><F98/><N who="3" m="59591" /><G66/><T132/><D132/><U38/><E38/><V123/><F123/><W89/><G31/><T90/><D22/><U41/><E41/><V105/><F105/><W35/><G35/><T70/><D29/><U11/><E79/><V42/><F42/><W45/><G45/><T3/><D3/><U62/><E68/><V40/><F40/><W7/><G7/><N who="0" m="3231" /><D70/><U71/><E71/><V67/><F67/><W23/><G17/><T50/><D50/><U32/><E32/><V109/><F109/><W28/><G28/><T25/><D25/><U133/><E133/><V58/><F1/><W129/><G129/><T88/><D103/><U63/><N who="1" m="15360" /><DORA hai="0" /><U20/><E34/><V108/><F108/><W119/><G119/><T19/><D19/><U37/><E37/><V74/><F74/><W121/><G121/><T65/><D65/><U56/><E56/><V24/><F24/><W73/><G73/><T59/><D59/><U54/><E39/><V87/><F75/><W21/><G21/><T51/><D51/><N who="1" m="29055" /><E43/><V36/><F36/><W33/><G33/><RYUUKYOKU ba="1,0" sc="267,0,260,0,242,0,231,0" hai0="88,90,93,94,96,120,122" hai1="10,11,18,20,26,84,85" hai2="6,9,15,49,55,58,77,80,82,83,86,87,91" hai3="12,16,23,52,53,78,81,89,95,97" /><INIT seed="3,2,0,0,3,60" ten="267,260,242,231" oya="3" hai0="92,28,34,2,33,90,62,120,73,20,54,81,56" hai1="64,32,95,86,50,118,53,98,113,104,97,42,89" hai2="22,84,0,1,9,45,100,75,18,133,99,69,109" hai3="43,36,8,80,122,128,39,72,55,132,59,115,17"/><W131/><G122/><T105/><D105/><U44/><E113/><V6/><F69/><W4/><G115/><T40/><D2/><U47/><E32/><V78/><F75/><W13/><G132/><T123/><D40/><U23/><E118/><V112/><F112/><W38/><G43/><T126/><D126/><U103/><E23/><V51/><F133/><W49/><REACH who="3" step="1"/><G17/><REACH who="3" ten="267,260,242,221" step="2"/><T83/><D123/><U7/><E7/><V76/><F6/><W27/><G27/><T37/><D120/><U135/><E135/><V106/><F18/><W85/><G85/><T79/><D73/><U30/><E30/><V10/><F84/><W61/><G61/><T125/><D62/><U91/><E64/><V124/><F124/><W57/><G57/><T65/><D56/><U25/><E25/><V19/><F19/><W52/><G52/><T119/><D54/><U93/><E42/><V101/><F45/><AGARI ba="2,1" hai="44,45,47,50,53,86,89,91,93,95,97,98,103,104" machi="45" ten="30,1000,0" yaku="7,1" doraHai="60" who="1" fromWho="2" sc="267,0,260,26,242,-16,221,0" /><INIT seed="4,0,0,3,1,19" ten="267,286,226,221" oya="0" hai0="78,93,20,133,73,9,41,108,132,89,103,87,116" hai1="126,115,113,68,26,95,42,67,14,92,30,129,47" hai2="60,24,74,43,104,48,101,118,110,50,10,114,102" hai3="127,22,27,36,125,75,25,55,80,12,58,106,33"/><T45/><D116/><U86/><E126/><N who="3" m="48138" /><G36/><T90/><D108/><U57/><E129/><V135/><F110/><W4/><G106/><T97/><D9/><U39/><E68/><V121/><F74/><W31/><G4/><T62/><D62/><N who="1" m="38351" /><E86/><V53/><F114/><N who="1" m="43529" /><E14/><V32/><F118/><W82/><G12/><T64/><D64/><U119/><E119/><V72/><F72/><W112/><G75/><T49/><D87/><U96/><E96/><V0/><F0/><W28/><G112/><T29/><D78/><U6/><E6/><V65/><F121/><W18/><G18/><T76/><D76/><U5/><E5/><V61/><F65/><W105/><G105/><T134/><D73/><U3/><E3/><V52/><F104/><W34/><G34/><AGARI ba="0,0" hai="26,30,34,39,42,47,92,95" m="43529,38351" machi="34" ten="30,2000,0" yaku="15,1,11,1" doraHai="19" who="1" fromWho="3" sc="267,0,286,20,226,0,221,-20" owari="267,6.7,306,40.6,226,-17.4,201,-29.9" /></mjloggm>