<mjloggm ver="2.3"><GO type="225" lobby="0"/><UN n0="%E3%82%BC%E3%83%AB%E3%83%80%E3%81%AE%E4%BC%9D%E8%AA%AC" n1="%E3%81%BF%E3%81%BF%E3%81%9A" n2="%E3%83%A9%E3%82%A4%E3%83%B3%E3%81%AE%E8%99%8E" n3="%28%EF%BF%A3%E2%96%BD%EF%BF%A3%29%CE%B4%E2%8C%92%E3%83%BB" dan="17,18,16,17" rate="2168.67,2248.98,2104.28,2248.28" sx="M,M,M,M"/><TAIKYOKU oya="0"/><INIT seed="0,0,0,4,2,102" ten="250,250,250,250" oya="0" hai0="86,88,132,1,17,48,121,71,59,40,89,24,125" hai1="67,43,113,79,34,119,131,42,128,3,115,124,112" hai2="110,108,52,117,77,75,23,84,68,25,27,29,8" hai3="116,90,91,0,18,50,31,82,85,126,127,60,63"/><T6/><D121/><U135/><E3/><V76/><F68/><W81/><G0/><T22/><D71/><U109/><E34/><V54/><F75/><W98/><G116/><T21/><D125/><N who="3" m="47625" /><G31/><T93/><D132/><U69/><E124/><V78/><F117/><W107/><G50/><T49/><D1/><U62/><E79/><V66/><F66/><W92/><G18/><T129/><D129/><N who="1" m="49739" /><E119/><V130/><F130/><W118/><G118/><T41/><D6/><U16/><E135/><V104/><F8/><W106/><G82/><T7/><D7/><U15/><E109/><N who="2" m="42091" /><F84/><W101/><G101/><T19/><D89/><U20/><AGARI ba="0,0" hai="15,16,20,42,43,62,67,69,112,113,115" m="49739" machi="20" ten="40,5200,0" yaku="11,1,19,1,54,1" doraHai="102" who="1" fromWho="1" sc="250,-26,250,52,250,-13,250,-13" /><INIT seed="1,0,0,4,2,91" ten="224,302,237,237" oya="1" hai0="11,17,69,1,92,113,116,121,50,114,80,29,25" hai1="86,22,135,94,12,42,132,38,35,96,106,49,112" hai2="127,117,13,107,6,61,78,90,131,95,72,5,109" hai3="76,15,84,129,32,58,110,87,52,14,124,20,123"/><U46/><E112/><V101/><F117/><W23/><G32/><T105/><D105/><U3/><E3/><V108/><F127/><W21/><G123/><T134/><D69/><U102/><E35/><V97/><F131/><W7/><G129/><T0/><D116/><U53/><E12/><N who="3" m="4650" /><G124/><T57/><D17/><U37/><E22/><V60/><F6/><W26/><G110/><N who="2" m="42601" /><F5/><W10/><G7/><T128/><D128/><U83/><E106/><V31/><F31/><N who="3" m="17863" /><G10/><T104/><D104/><U93/><E93/><V33/><F33/><W24/><G76/><T34/><D80/><U79/><REACH who="1" step="1"/><E42/><REACH who="1" ten="224,292,237,237" step="2"/><V47/><F13/><W111/><G111/><T133/><D114/><U130/><E130/><V70/><F107/><W48/><G21/><T51/><D113/><U55/><E55/><V54/><F54/><W77/><G77/><T67/><D0/><U28/><E28/><AGARI ba="0,1" hai="23,24,28,48,52,58,84,87" m="17863,4650" machi="28" ten="30,2000,0" yaku="8,1,54,1" doraHai="91" who="3" fromWho="1" sc="224,0,292,-20,237,0,237,30" /><INIT seed="2,0,0,2,0,16" ten="224,272,237,267" oya="2" hai0="27,89,134,49,106,21,19,80,81,121,56,76,104" hai1="39,107,58,110,86,101,24,53,95,0,119,98,120" hai2="92,129,75,130,124,41,35,5,2,43,70,97,67" hai3="84,111,116,77,36,113,8,71,32,78,29,61,47"/><V128/><F75/><W40/><G116/><T127/><D121/><U79/><E119/><V28/><F124/><W15/><G111/><T1/><D1/><U11/><E39/><V52/><F67/><W60/><G113/><T22/><D127/><U131/><E110/><V20/><F35/><W48/><G36/><T135/><D89/><U73/><E120/><V13/><F70/><W59/><G71/><T132/><D56/><U54/><E131/><V10/><F52/><N who="3" m="33895" /><G32/><T117/><D117/><U51/><E0/><V93/><F93/><W91/><G29/><N who="0" m="17647" /><D49/><U122/><E11/><V103/><REACH who="2" step="1"/><F2/><REACH who="2" ten="224,272,227,267" step="2"/><W33/><G33/><T88/><D88/><N who="1" m="53655" /><E122/><V45/><F45/><W6/><G61/><T26/><D81/><AGARI ba="0,1" hai="6,8,15,40,47,48,77,78,81,84,91" m="33895" machi="81" ten="30,2000,0" yaku="8,1,54,1" doraHai="16" who="3" fromWho="0" sc="224,-20,272,0,227,0,267,30" /><INIT seed="3,0,0,0,0,50" ten="204,272,227,297" oya="3" hai0="110,91,101,133,72,9,104,100,32,61,16,51,31" hai1="120,25,52,84,60,125,109,75,2,65,6,117,80" hai2="58,20,127,48,124,30,36,42,78,113,89,59,8" hai3="43,83,29,123,23,86,53,45,47,97,4,126,85"/><W64/><G126/><N who="2" m="48169" /><F113/><W99/><G123/><T28/><D72/><U12/><E125/><V131/><F131/><W135/><G135/><T103/><D104/><U105/><E120/><V67/><F78/><N who="3" m="46327" /><G43/><T63/><D133/><U87/><E105/><V119/><F36/><W130/><G130/><T71/><D110/><U81/><E109/><V26/><F67/><W107/><G107/><T14/><D71/><U15/><E117/><V88/><F8/><W41/><G41/><T44/><D91/><N who="2" m="34890" /><F119/><W21/><G64/><T54/><D32/><U114/><E114/><V69/><F69/><W112/><G112/><T93/><D93/><U66/><E2/><V24/><F26/><N who="3" m="16591" /><G4/><T55/><D61/><U49/><E66/><V111/><F111/><W108/><G86/><N who="1" m="32810" /><E25/><V34/><F34/><W35/><G35/><T37/><D37/><U62/><E75/><V18/><F30/><W57/><G23/><T132/><D132/><U17/><E6/><V1/><F1/><W95/><G108/><T121/><D121/><U128/><E128/><V90/><F20/><W118/><G118/><T70/><D70/><U122/><E122/><V68/><F68/><W3/><G3/><T106/><D106/><U13/><E17/><V96/><F18/><W40/><G40/><T0/><D0/><U5/><E5/><V10/><F42/><W134/><G134/><T98/><D98/><N who="3" m="37385" /><G95/><T39/><D39/><U92/><E92/><V79/><F96/><W74/><G74/><T27/><D27/><U38/><E38/><V11/><F24/><W73/><G73/><T102/><D102/><RYUUKYOKU ba="0,0" sc="204,15,272,-15,227,-15,297,15" hai0="9,14,16,28,31,44,51,54,55,63,100,101,103" hai3="45,47,53,57" owari="219,-18.1,257,5.7,212,-28.8,312,41.2" /></mjloggm>