<mjloggm ver="2.3"><GO type="225" lobby="0"/><UN n0="%E3%83%81%E3%83%AF%E3%83%AF%E9%9A%8A%E9%95%B7" n1="%E8%A6%9A%E9%86%92%E3%81%97%E3%81%9F%E3%81%A8%E3%81%BE%E3%81%A8" n2="%E3%81%AF%E3%82%88%E3%81%8A%E3%81%98%E3%81%95%E3%82%93" n3="%6D%75%75%73%61%6E%6D%75" dan="17,16,17,16" rate="2161.21,2187.27,2132.53,2127.29" sx="M,M,M,F"/><TAIKYOKU oya="0"/><INIT seed="0,0,0,5,4,47" ten="250,250,250,250" oya="0" hai0="74,50,0,32,55,35,57,114,96,102,13,80,116" hai1="43,131,20,67,8,62,117,41,33,125,133,70,12" hai2="83,16,105,109,79,21,25,29,120,68,3,28,63" hai3="94,112,26,66,38,113,81,11,132,73,44,23,129"/><T91/><D0/><U101/><E33/><V10/><F120/><W30/><G129/><T31/><D114/><U4/><E131/><V106/><F109/><W71/><G132/><T9/><D116/><U119/><E133/><V27/><F68/><W128/><G128/><T49/><D31/><U88/><E125/><V56/><F3/><W52/><G71/><T34/><D74/><U37/><E101/><V24/><F10/><W90/><G66/><T19/><D80/><U87/><E20/><V53/><F28/><W92/><G11/><T127/><D127/><U86/><E86/><V48/><F63/><W93/><G38/><T51/><REACH who="0" step="1"/><D91/><REACH who="0" ten="240,250,250,250" step="2"/><U39/><E119/><V99/><F29/><W54/><G73/><T123/><D123/><U122/><E117/><V130/><F130/><W95/><G81/><T5/><D5/><U72/><E72/><V58/><F83/><W18/><G30/><T98/><D98/><U124/><E122/><V76/><F99/><W118/><G118/><T121/><D121/><U82/><REACH who="1" step="1"/><E124/><REACH who="1" ten="240,240,250,250" step="2"/><V135/><F79/><W64/><G112/><T85/><D85/><U89/><E89/><V36/><F76/><W17/><G113/><T14/><D14/><U78/><E78/><V107/><F27/><W15/><G90/><T40/><D40/><AGARI ba="0,2" hai="4,8,12,37,39,40,41,43,62,67,70,82,87,88" machi="40" ten="40,5200,0" yaku="1,1,54,1,53,1" doraHai="47" doraHaiUra="84" who="1" fromWho="0" sc="240,-52,240,72,250,0,250,0" /><INIT seed="1,0,0,4,1,25" ten="188,312,250,250" oya="1" hai0="48,67,90,84,78,8,20,37,129,64,23,55,11" hai1="94,45,26,66,120,15,117,51,19,0,21,73,17" hai2="38,29,114,107,105,6,32,31,100,111,14,77,125" hai3="65,1,46,132,47,113,95,27,41,80,24,30,86"/><U72/><E117/><V81/><F38/><W133/><G113/><T4/><D37/><U109/><E0/><V56/><F32/><W5/><G65/><N who="0" m="25163" /><D78/><U57/><E120/><V115/><F111/><W12/><G1/><T43/><D43/><U110/><E94/><V108/><F108/><N who="1" m="41577" /><E57/><V76/><F125/><W128/><G95/><T53/><D129/><U122/><E66/><V88/><F56/><W85/><G128/><T34/><D34/><U87/><E87/><N who="2" m="50287" /><F107/><W91/><G85/><T119/><D119/><U59/><E59/><V42/><F105/><W35/><G24/><T54/><D84/><U112/><E112/><N who="2" m="43051" /><F42/><W28/><G27/><T75/><D53/><N who="1" m="29935" /><E122/><V3/><F100/><W135/><G35/><T83/><D54/><U126/><E126/><V97/><F97/><W2/><G2/><T18/><D55/><U131/><E131/><V104/><F104/><W62/><G62/><T49/><D75/><U92/><E92/><V123/><F3/><W68/><G68/><T130/><D130/><U16/><E15/><V74/><F123/><W44/><G41/><T52/><D52/><U50/><E50/><V69/><F69/><W116/><G116/><T121/><D48/><U71/><E71/><V127/><F127/><W106/><G106/><T82/><D49/><U79/><E79/><N who="2" m="30283" /><F74/><AGARI ba="0,0" hai="16,17,19,21,26,72,73,74" m="29935,41577" machi="74" ten="30,5800,0" yaku="14,1,10,1,54,1" doraHai="25" who="1" fromWho="2" sc="188,0,312,58,250,-58,250,0" /><INIT seed="1,1,0,1,3,54" ten="188,370,192,250" oya="1" hai0="35,102,65,31,115,114,64,101,84,51,104,126,16" hai1="26,13,86,70,47,17,1,108,127,88,71,8,73" hai2="95,3,66,61,20,94,12,46,128,119,132,116,15" hai3="112,67,34,99,97,59,60,6,85,39,63,53,100"/><U50/><E73/><V75/><F3/><W21/><G34/><T9/><D126/><U2/><E127/><V113/><F75/><W74/><G74/><T98/><D101/><U19/><E108/><V117/><F128/><W57/><G112/><T81/><D115/><U7/><E2/><V11/><F113/><W42/><G6/><T38/><D38/><U0/><E0/><V48/><F132/><W4/><G4/><T120/><D114/><U87/><E26/><V10/><F20/><W72/><G72/><T18/><D120/><U25/><E86/><V96/><F12/><W105/><G97/><T122/><D122/><U36/><E25/><V121/><F121/><W134/><G134/><T24/><D51/><U55/><E36/><V27/><F27/><W93/><G21/><T77/><REACH who="0" step="1"/><D18/><REACH who="0" ten="178,370,192,250" step="2"/><U33/><E19/><V133/><F133/><W91/><G39/><T106/><D106/><U30/><E30/><V92/><F96/><W90/><G105/><T83/><D83/><U129/><E129/><V58/><REACH who="2" step="1"/><F15/><AGARI ba="1,1" hai="9,15,16,24,31,35,64,65,77,81,84,98,102,104" machi="15" ten="40,2600,0" yaku="1,1,54,1,53,0" doraHai="54" doraHaiUra="49" who="0" fromWho="2" sc="178,39,370,0,192,-29,250,0" /><INIT seed="2,0,0,3,3,43" ten="217,370,163,250" oya="2" hai0="20,39,32,36,54,108,1,120,4,42,61,126,72" hai1="118,87,11,10,33,133,62,67,22,14,102,37,26" hai2="69,45,111,119,5,85,107,24,103,25,95,125,50" hai3="82,31,123,34,18,83,100,105,9,35,56,104,116"/><V84/><F119/><W38/><G116/><T70/><D32/><U68/><E118/><V89/><F69/><W134/><G123/><T75/><D120/><U53/><E133/><V21/><F125/><W114/><G134/><T88/><D126/><U57/><E37/><V86/><F111/><W49/><G38/><T99/><D108/><U12/><E33/><V41/><F5/><W135/><G135/><T17/><D39/><U96/><E87/><V47/><F24/><W27/><G35/><T6/><D6/><U13/><E67/><V0/><F0/><W112/><G18/><T46/><D4/><U8/><E68/><V48/><F103/><W65/><G9/><T91/><D1/><U130/><E130/><V117/><F107/><W80/><G100/><T29/><D29/><U76/><E76/><V128/><F128/><W115/><G65/><T15/><D70/><U101/><E96/><V55/><F117/><W23/><G34/><T63/><D91/><U93/><E93/><V64/><F64/><W16/><G31/><AGARI ba="0,0" hai="8,10,11,12,13,14,22,26,31,53,57,62,101,102" machi="31" ten="40,1300,0" yaku="8,1" doraHai="43" who="1" fromWho="3" sc="217,0,370,13,163,0,250,-13" /><AGARI ba="0,0" hai="21,25,31,41,45,47,48,50,55,84,85,86,89,95" machi="31" ten="30,11600,0" yaku="7,1,8,1,52,2" doraHai="43" who="2" fromWho="3" sc="217,0,383,0,163,116,237,-116" /><INIT seed="2,1,0,0,2,116" ten="217,383,279,121" oya="2" hai0="11,91,82,39,80,94,66,30,75,118,12,6,56" hai1="37,84,126,35,99,117,85,15,60,74,43,104,40" hai2="101,95,100,52,50,45,61,22,81,0,41,24,13" hai3="16,107,44,4,21,33,68,48,97,65,31,70,64"/><V77/><F0/><W32/><G4/><T122/><D39/><U58/><E117/><V25/><F61/><W114/><G114/><T115/><D115/><U111/><E74/><V123/><F123/><W42/><G70/><T14/><D118/><U29/><E111/><V67/><F67/><W34/><G31/><T76/><D122/><U36/><E15/><V88/><F41/><W63/><G65/><T131/><D131/><U28/><E99/><V127/><F127/><W53/><G42/><T72/><D30/><U46/><E104/><V26/><F13/><W10/><G10/><T102/><D102/><U106/><E106/><V49/><F22/><W87/><G87/><T133/><D133/><U130/><E130/><V59/><F81/><W109/><G109/><T18/><D80/><U69/><E69/><V121/><F77/><W98/><REACH who="3" step="1"/><G107/><REACH who="3" ten="217,383,279,111" step="2"/><T120/><D75/><U2/><E43/><N who="2" m="24767" /><F121/><W17/><G17/><T129/><D120/><U108/><E40/><V78/><F78/><W124/><G124/><T134/><D129/><U79/><E126/><V110/><F110/><W73/><G73/><T89/><D72/><U125/><E79/><V7/><F7/><W105/><G105/><T103/><D6/><U20/><E125/><V27/><N who="2" m="6144" /><DORA hai="19" /><V132/><F132/><W62/><G62/><T51/><D134/><U1/><E60/><V86/><AGARI ba="1,1" hai="50,52,59,86,88,95,100,101" m="6144,24767" machi="86" ten="40,7800,0" yaku="8,1,54,2" doraHai="116,19" who="2" fromWho="2" sc="217,-27,383,-27,279,91,111,-27" /><INIT seed="2,2,0,0,2,54" ten="190,356,370,84" oya="2" hai0="98,94,10,92,93,42,50,128,52,32,36,7,41" hai1="119,15,59,22,55,122,131,38,127,104,12,95,97" hai2="102,23,21,17,47,63,112,13,91,130,5,129,35" hai3="58,53,48,72,116,44,25,66,96,40,56,103,28"/><V108/><F35/><W83/><G116/><T107/><D107/><U33/><BYE who="0" /><E119/><UN n0="%E3%83%81%E3%83%AF%E3%83%AF%E9%9A%8A%E9%95%B7" /><V2/><F112/><W101/><G72/><T49/><D32/><U8/><E33/><V85/><F108/><W120/><G120/><T90/><D36/><U125/><E38/><V37/><F102/><W20/><G83/><T86/><D128/><N who="2" m="49258" /><F5/><W3/><G3/><T16/><D49/><U43/><E131/><V11/><F2/><W14/><G14/><N who="0" m="7255" /><D7/><U77/><E104/><V117/><F117/><W133/><G133/><T105/><D105/><U123/><E43/><N who="0" m="16393" /><D98/><U61/><E77/><V81/><F63/><N who="3" m="38247" /><G96/><T30/><D30/><U6/><E15/><V132/><F132/><W76/><G76/><T9/><D9/><U89/><REACH who="1" step="1"/><E22/><REACH who="1" ten="190,346,370,84" step="2"/><V135/><F135/><W100/><G40/><AGARI ba="2,1" hai="11,13,17,21,23,37,40,47,81,85,91" m="49258" machi="40" ten="30,1500,0" yaku="19,1" doraHai="54" who="2" fromWho="3" sc="190,0,346,0,370,31,84,-21" /><INIT seed="2,3,0,4,5,58" ten="190,346,401,63" oya="2" hai0="34,102,64,130,83,110,117,65,104,45,131,122,49" hai1="73,99,81,114,55,124,107,50,43,30,0,44,106" hai2="132,52,28,3,16,67,76,135,26,95,1,71,35" hai3="33,96,61,82,17,88,47,93,84,120,62,78,57"/><V48/><F76/><W40/><G33/><T13/><D122/><U21/><E114/><V112/><F112/><W51/><G120/><T53/><D34/><U72/><E0/><V11/><F95/><W105/><G105/><T128/><D117/><U68/><E68/><V36/><F36/><W129/><G129/><T100/><D110/><U4/><E4/><V89/><F89/><W69/><G69/><T14/><D83/><U15/><E124/><V27/><F67/><N who="0" m="25674" /><D104/><U127/><E127/><V5/><F71/><W98/><G98/><T7/><D7/><U113/><E107/><V94/><F94/><W59/><REACH who="3" step="1"/><G17/><REACH who="3" ten="190,346,401,53" step="2"/><T19/><D19/><U118/><E99/><V125/><F125/><W9/><G9/><T56/><D56/><BYE who="0" /><AGARI ba="3,1" hai="40,47,51,56,57,59,61,62,78,82,84,88,93,96" machi="56" ten="40,8000,1" yaku="1,1,8,1,52,2,54,1,53,0" doraHai="58" doraHaiUra="63" who="3" fromWho="0" sc="190,-89,346,0,401,0,53,99" /><UN n0="%E3%83%81%E3%83%AF%E3%83%AF%E9%9A%8A%E9%95%B7" /><INIT seed="3,0,0,2,1,49" ten="101,346,401,152" oya="3" hai0="45,19,100,102,105,86,13,34,17,91,117,104,65" hai1="43,135,10,6,73,42,90,98,18,111,78,48,125" hai2="24,130,62,55,22,44,81,21,77,51,95,94,115" hai3="27,118,71,75,107,134,28,119,66,35,57,4,88"/><W26/><G107/><T29/><D117/><U69/><E111/><V128/><F115/><W64/><G75/><T109/><D109/><U87/><E69/><V15/><F62/><W41/><G71/><T126/><D126/><U16/><E125/><V131/><F15/><W8/><G134/><T124/><D124/><U84/><E135/><V83/><F83/><W59/><G41/><T121/><D121/><U52/><E73/><N who="2" m="43183" /><F21/><W37/><G37/><T47/><D65/><U89/><E78/><V31/><AGARI ba="0,0" hai="22,24,31,44,51,55,94,95,128,130,131" m="43183" machi="31" ten="30,2000,0" yaku="19,1,52,1" doraHai="49" who="2" fromWho="2" sc="101,-5,346,-5,401,20,152,-10" owari="96,-40.4,341,14.1,421,52.1,142,-25.8" /></mjloggm>