<mjloggm ver="2.3"><GO type="225" lobby="0"/><UN n0="%52%61%69%61%6E%2E" n1="%E3%83%AD%E3%83%83%E3%83%86%E9%9B%80%E7%90%83" n2="%E3%81%BF%E3%81%BF%E3%81%9A" n3="%E6%9D%B1%E9%A2%A8%E3%81%AE%E3%81%8D%E3%82%83%E3%81%B7%E3%81%95%E3%82%93" dan="16,16,18,17" rate="2015.18,2177.53,2243.72,2171.53" sx="M,M,M,M"/><TAIKYOKU oya="0"/><INIT seed="0,0,0,0,3,117" ten="250,250,250,250" oya="0" hai0="6,131,21,17,99,127,64,8,94,76,52,29,130" hai1="126,66,83,54,89,38,107,120,27,30,104,62,43" hai2="98,5,91,11,47,133,70,124,12,111,123,55,86" hai3="2,22,75,84,42,79,125,71,132,65,63,39,122"/><T44/><D64/><U48/><E120/><V45/><F70/><W46/><G84/><T20/><D76/><U0/><E0/><V87/><F111/><W82/><G22/><T19/><D29/><U26/><E126/><V10/><F123/><W102/><G102/><T113/><D113/><U57/><E27/><V7/><F124/><W128/><G125/><T50/><D127/><U105/><E89/><V116/><F116/><W135/><G128/><N who="0" m="49195" /><D20/><U35/><E83/><V34/><F34/><W68/><G68/><T15/><D21/><U74/><E74/><V67/><F67/><W59/><G59/><T112/><D112/><U33/><E33/><V37/><F133/><N who="3" m="51275" /><G2/><T92/><D92/><U114/><E114/><V1/><F37/><W106/><G106/><T16/><D6/><U77/><E77/><V101/><F55/><W14/><G14/><T108/><D108/><U3/><E3/><V4/><F4/><W93/><G93/><T28/><D28/><U31/><E31/><V58/><F58/><W51/><G51/><T85/><D85/><U73/><E73/><V49/><F49/><W103/><G103/><AGARI ba="0,0" hai="8,15,16,17,19,44,50,52,94,99,103" m="49195" machi="103" ten="30,5800,0" yaku="19,1,54,2" doraHai="117" who="0" fromWho="3" sc="250,58,250,0,250,0,250,-58" /><INIT seed="0,1,0,4,3,129" ten="308,250,250,192" oya="0" hai0="37,72,64,8,2,85,95,80,113,103,35,78,12" hai1="124,50,92,55,117,118,67,36,26,68,122,11,93" hai2="7,96,56,100,128,5,115,29,101,108,24,107,127" hai3="57,89,123,51,120,6,47,76,28,102,39,94,17"/><T61/><D113/><U59/><E122/><N who="3" m="46634" /><G39/><T99/><D35/><U45/><E124/><V88/><F115/><W134/><G28/><T19/><D37/><U22/><E11/><V116/><F128/><W3/><G102/><T9/><D72/><U73/><E73/><V126/><F108/><W119/><G76/><T91/><D2/><U53/><E93/><N who="2" m="56359" /><F56/><W15/><G57/><T70/><REACH who="0" step="1"/><D8/><REACH who="0" ten="298,250,250,192" step="2"/><U90/><E36/><V111/><F111/><W49/><G3/><T66/><D66/><U79/><E67/><V63/><F127/><W105/><G119/><T132/><D132/><U27/><E118/><V31/><F116/><W42/><G134/><T106/><D106/><U62/><E117/><V83/><F107/><W133/><G105/><T110/><D110/><U44/><E68/><V112/><F126/><W0/><G133/><T74/><D74/><U52/><E79/><AGARI ba="1,1" hai="9,12,19,61,64,70,78,79,80,85,91,95,99,103" machi="79" ten="40,3900,0" yaku="1,1,53,1" doraHai="129" doraHaiUra="98" who="0" fromWho="1" sc="298,52,250,-42,250,0,192,0" /><INIT seed="0,2,0,0,0,37" ten="350,208,250,192" oya="0" hai0="46,80,27,24,56,66,8,57,35,127,21,61,135" hai1="29,114,104,32,34,6,31,1,74,14,17,122,69" hai2="101,108,44,40,113,55,42,107,115,121,73,3,51" hai3="111,23,41,90,11,123,81,82,79,124,102,126,2"/><T103/><D127/><N who="3" m="48681" /><G23/><T94/><D135/><U105/><E74/><V7/><F121/><W97/><G11/><T26/><D35/><N who="1" m="13355" /><E69/><V15/><F3/><W39/><G2/><T92/><D80/><U33/><E105/><V53/><F73/><N who="3" m="43247" /><G39/><T100/><D8/><N who="1" m="2127" /><E104/><V125/><F125/><W86/><G123/><T22/><D46/><U20/><E122/><V67/><F67/><W72/><G72/><T120/><D120/><U0/><E114/><V10/><F108/><W99/><G111/><T36/><D36/><U49/><E49/><V5/><F5/><W68/><G68/><T25/><D25/><N who="1" m="18671" /><E0/><V83/><F83/><W71/><G71/><T78/><D78/><U85/><E85/><V129/><F113/><W132/><G132/><T16/><D57/><U91/><E91/><V134/><F115/><W75/><G41/><T117/><D56/><U28/><AGARI ba="2,0" hai="14,17,20,28,29" m="18671,2127,13355" machi="28" ten="30,12000,2" yaku="24,1,35,5" doraHai="37" who="1" fromWho="1" sc="350,-62,208,126,250,-32,192,-32" /><INIT seed="1,0,0,5,4,125" ten="288,334,218,160" oya="1" hai0="24,129,101,33,62,92,28,64,90,51,25,79,12" hai1="35,96,4,46,32,70,15,63,115,84,131,1,14" hai2="87,119,134,9,135,81,19,13,111,54,128,40,114" hai3="100,8,112,37,75,89,45,126,56,80,109,50,34"/><U72/><E72/><V52/><F119/><W41/><G109/><T120/><D120/><U71/><E115/><V20/><F111/><W110/><G126/><T83/><D129/><U42/><E131/><V121/><F121/><W78/><G112/><T102/><D51/><U76/><E1/><V124/><F124/><W2/><G110/><T22/><D12/><U36/><E96/><V10/><F40/><W39/><G34/><T107/><D107/><U43/><E43/><V94/><F94/><W108/><G108/><T67/><D24/><U11/><E15/><V86/><F128/><W66/><G100/><T98/><D33/><U55/><E71/><V30/><F114/><W113/><G113/><T29/><D29/><U49/><E84/><V65/><F65/><W6/><G89/><T38/><D38/><U118/><E76/><V123/><F123/><W97/><G97/><T95/><D95/><U117/><E117/><V53/><F87/><W99/><G99/><T18/><D18/><U26/><E26/><V127/><F127/><W68/><G56/><N who="0" m="36935" /><D67/><N who="1" m="41343" /><E118/><V93/><F93/><W57/><G57/><AGARI ba="0,0" hai="4,11,14,32,35,36,42,46,49,55,57" m="41343" machi="57" ten="30,1500,0" yaku="24,1" doraHai="125" who="1" fromWho="3" sc="288,0,334,15,218,0,160,-15" /><INIT seed="1,1,0,1,1,81" ten="288,349,218,145" oya="1" hai0="32,113,29,68,131,25,61,19,73,3,93,91,46" hai1="74,42,41,86,71,75,16,58,7,54,53,30,111" hai2="94,77,99,116,62,83,45,20,97,38,117,112,84" hai3="115,90,49,64,59,24,89,57,34,96,128,27,2"/><U124/><E71/><V121/><F121/><W118/><G2/><T130/><D113/><U36/><E124/><V104/><F62/><W0/><G115/><T105/><D105/><U60/><E7/><V101/><F112/><W120/><G0/><T80/><D3/><U79/><E30/><V6/><F6/><W76/><G76/><T14/><D46/><U48/><E111/><V55/><F20/><W67/><G128/><T114/><D114/><U110/><E110/><V85/><F55/><W132/><G120/><T95/><D73/><U135/><E135/><V66/><F66/><W102/><G132/><T9/><D80/><N who="1" m="47391" /><E36/><V26/><F26/><W40/><G118/><N who="2" m="45673" /><F45/><W31/><G27/><T12/><D12/><U11/><E75/><N who="2" m="43455" /><F38/><W122/><G122/><T65/><D93/><U52/><E74/><V4/><F4/><W21/><G34/><T47/><D47/><N who="1" m="27679" /><E54/><V51/><F51/><W98/><G67/><T106/><D106/><U72/><E72/><V10/><F10/><W5/><G5/><T23/><D32/><U82/><E82/><V133/><F133/><W1/><G1/><T69/><D68/><U8/><E8/><V107/><F107/><W56/><G64/><T129/><D129/><U92/><E92/><V134/><F134/><W28/><G28/><T125/><D130/><U108/><E108/><V44/><F44/><W70/><G70/><T18/><D131/><U50/><E60/><V22/><F22/><W126/><G126/><T43/><D125/><U87/><E11/><V35/><F35/><W123/><G123/><T78/><D9/><RYUUKYOKU ba="1,0" sc="288,-10,349,-10,218,30,145,-10" hai2="84,85,94,97,99,101,104" /><INIT seed="2,2,0,4,5,48" ten="278,339,248,135" oya="2" hai0="73,107,32,16,62,127,27,30,77,79,9,82,100" hai1="54,24,78,5,43,103,117,44,38,41,56,36,66" hai2="75,70,118,1,2,93,37,10,89,85,23,132,22" hai3="31,133,112,49,69,88,109,7,46,19,122,105,59"/><V21/><F118/><W45/><G69/><T29/><D127/><U104/><E117/><V57/><F70/><W96/><G109/><T111/><D111/><U65/><E5/><V4/><F37/><W51/><G122/><T119/><D119/><U3/><E3/><V129/><F75/><W114/><G133/><T15/><D29/><U135/><E78/><V8/><F132/><W40/><G31/><T33/><D77/><U71/><E135/><V25/><F129/><W64/><G7/><T131/><D131/><U128/><E128/><V126/><F126/><W102/><G19/><T91/><D91/><U47/><E71/><V14/><F8/><W90/><G59/><T60/><D32/><U124/><E124/><V99/><F25/><W83/><G64/><T80/><D80/><U39/><E39/><V35/><F35/><W87/><REACH who="3" step="1"/><G90/><REACH who="3" ten="278,339,248,125" step="2"/><T86/><D16/><U84/><E66/><V42/><F57/><W74/><G74/><T11/><D73/><U13/><E65/><V120/><F120/><W95/><G95/><T108/><D30/><U121/><E121/><V58/><F58/><W94/><G94/><T53/><D108/><U125/><E56/><V101/><REACH who="2" step="1"/><F42/><AGARI ba="2,1" hai="40,42,45,46,49,51,83,87,88,96,102,105,112,114" machi="42" ten="40,8000,1" yaku="1,1,9,1,54,1,53,1" doraHai="48" doraHaiUra="81" who="3" fromWho="2" sc="278,0,339,0,248,-86,125,96" /><INIT seed="3,0,0,5,1,63" ten="278,339,162,221" oya="3" hai0="110,120,4,26,55,69,37,7,75,20,79,36,127" hai1="6,128,3,98,62,1,2,24,70,53,134,52,133" hai2="66,21,76,60,99,47,118,71,44,114,123,90,124" hai3="67,48,112,50,84,87,10,32,54,23,61,74,42"/><W100/><G32/><T102/><D120/><U93/><E6/><V94/><F114/><W59/><G74/><T12/><D69/><U119/><E128/><V46/><F118/><W126/><G112/><T92/><D110/><U122/><E122/><V41/><F123/><W29/><G126/><T89/><D127/><U104/><E104/><V111/><F124/><W27/><G100/><T11/><D7/><U73/><E73/><V115/><F115/><W34/><G34/><T22/><D102/><N who="1" m="60751" /><E119/><V113/><F113/><W15/><G42/><T81/><D55/><U101/><E101/><V116/><F116/><W8/><G48/><T91/><D91/><U107/><E107/><V31/><F111/><W33/><G33/><T30/><REACH who="0" step="1"/><D22/><REACH who="0" ten="268,339,162,221" step="2"/><U25/><E53/><V109/><F109/><W85/><REACH who="3" step="1"/><G15/><REACH who="3" ten="268,339,162,211" step="2"/><T28/><D28/><U17/><E1/><V9/><F41/><W108/><G108/><T125/><D125/><U72/><E2/><V95/><F31/><W68/><AGARI ba="0,2" hai="8,10,23,27,29,50,54,59,61,67,68,84,85,87" machi="68" ten="30,6000,0" yaku="1,1,0,1,52,1,53,0" doraHai="63" doraHaiUra="130" who="3" fromWho="3" sc="268,-20,339,-20,162,-20,211,80" /><INIT seed="3,1,0,0,3,47" ten="248,319,142,291" oya="3" hai0="17,20,117,95,79,33,12,111,76,62,66,45,26" hai1="87,11,113,124,44,105,102,100,112,35,74,4,93" hai2="6,58,30,10,129,24,83,3,42,101,82,19,114" hai3="38,51,133,61,36,123,60,43,80,132,37,78,21"/><W59/><G21/><T68/><D117/><U70/><E74/><V130/><F114/><W9/><G9/><T90/><D111/><U121/><E70/><V135/><F101/><W71/><G123/><T41/><D33/><U99/><E121/><V118/><F118/><W84/><G71/><T75/><D75/><U131/><E35/><V32/><F42/><W53/><G43/><T81/><D81/><U119/><E119/><V13/><F58/><W134/><AGARI ba="1,0" hai="36,37,38,51,53,59,60,61,78,80,84,132,133,134" machi="134" ten="40,7800,0" yaku="0,1,20,1,52,1" doraHai="47" who="3" fromWho="3" sc="248,-27,319,-27,142,-27,291,81" owari="221,-17.9,292,9.2,115,-38.5,372,47.2" /></mjloggm>