<mjloggm ver="2.3"><GO type="225" lobby="0"/><UN n0="%E6%A1%9C%E8%8A%B1%E9%96%83%E3%80%85" n1="%E3%82%A2%E3%83%A1%E3%82%A2%E3%83%A9%E3%83%AC" n2="%E3%81%BE%E3%81%8B%E3%81%B7%E3%82%93" n3="%33%74%72%65%65" dan="16,16,16,16" rate="2199.90,2163.90,2073.40,2132.02" sx="M,M,M,F"/><TAIKYOKU oya="0"/><INIT seed="0,0,0,0,1,54" ten="250,250,250,250" oya="0" hai0="82,47,24,14,110,58,74,132,88,120,44,80,79" hai1="9,112,99,7,11,77,19,2,85,81,121,28,41" hai2="73,3,18,130,103,123,98,128,122,56,93,104,29" hai3="76,27,95,37,127,15,107,96,59,16,13,63,35"/><T33/><D120/><N who="2" m="46122" /><F3/><W94/><G127/><T49/><D132/><U20/><E121/><V10/><F29/><W22/><G37/><T31/><D110/><U12/><E112/><V84/><F10/><W108/><G108/><T115/><D115/><U134/><E134/><V97/><F18/><W105/><G76/><T102/><D102/><U34/><E41/><V25/><F25/><W8/><G35/><T83/><D14/><U75/><E11/><V57/><F73/><W119/><G119/><T64/><D47/><U46/><E46/><V26/><F26/><W0/><G0/><T60/><REACH who="0" step="1"/><D88/><REACH who="0" ten="240,250,250,250" step="2"/><U51/><E12/><V78/><F78/><W32/><G15/><T118/><D118/><U101/><E101/><N who="2" m="60591" /><F84/><W116/><G116/><T69/><D69/><U114/><E85/><V61/><F61/><W38/><G63/><T40/><AGARI ba="0,1" hai="24,31,33,40,44,49,58,60,64,74,79,80,82,83" machi="40" ten="20,7800,0" yaku="1,1,0,1,7,1,52,1,53,0" doraHai="54" doraHaiUra="48" who="0" fromWho="0" sc="240,88,250,-26,250,-26,250,-26" /><INIT seed="0,1,0,3,4,72" ten="328,224,224,224" oya="0" hai0="79,1,133,41,60,84,101,40,123,69,54,12,105" hai1="24,83,5,20,59,63,73,90,102,97,89,125,11" hai2="120,111,118,58,104,25,9,62,126,29,19,115,66" hai3="110,31,8,50,46,70,32,0,76,85,3,15,122"/><T129/><D123/><U128/><E128/><V95/><F120/><W130/><G122/><T38/><D1/><U127/><E73/><V22/><F115/><W86/><G70/><T78/><D129/><U68/><E68/><V106/><F111/><W36/><G36/><T49/><D133/><U48/><E48/><V44/><F126/><N who="1" m="48137" /><E83/><V7/><F118/><W100/><G110/><T121/><D121/><U124/><N who="1" m="48145" /><U57/><DORA hai="108" /><E11/><V43/><F19/><W112/><G50/><T114/><D114/><U42/><E42/><V65/><F65/><W103/><G8/><T30/><D41/><U34/><E34/><V131/><F131/><W14/><G32/><T109/><D40/><U93/><E5/><V134/><F95/><W45/><G130/><T27/><D49/><U51/><E51/><V33/><F33/><W88/><G112/><T52/><D69/><U82/><E82/><V2/><REACH who="2" step="1"/><F134/><REACH who="2" ten="328,224,214,224" step="2"/><W47/><G31/><T87/><D30/><N who="1" m="17671" /><E57/><V13/><F13/><W6/><G15/><T4/><D12/><U116/><E116/><V80/><F80/><N who="3" m="47239" /><G0/><T16/><D109/><U135/><E135/><V64/><F64/><AGARI ba="1,1" hai="59,63,64,89,90,93,97,102" m="17671,48145" machi="64" ten="40,2600,0" yaku="25,1,18,1" doraHai="72,108" who="1" fromWho="2" sc="328,0,224,39,214,-29,224,0" /><INIT seed="1,0,0,5,2,35" ten="328,263,185,224" oya="1" hai0="64,85,82,131,89,86,109,39,100,60,4,78,101" hai1="130,103,73,17,12,96,47,122,99,16,36,59,75" hai2="43,15,77,29,119,128,24,58,127,19,135,48,133" hai3="28,27,57,8,49,102,50,66,10,63,1,79,40"/><U25/><E122/><V3/><F119/><W117/><G117/><T70/><D109/><U98/><E130/><V120/><F120/><W97/><G79/><T0/><D39/><U52/><E103/><V81/><F128/><W22/><G40/><T67/><D131/><U76/><E76/><V65/><F127/><W2/><G10/><T91/><D78/><U11/><E47/><V55/><F43/><W108/><G108/><T74/><D74/><U38/><E38/><V116/><F116/><W95/><G8/><T124/><D124/><U31/><E17/><V126/><F65/><W5/><G5/><T45/><D45/><U56/><E56/><V62/><F62/><W7/><G7/><T115/><D115/><U110/><E36/><V112/><F112/><W121/><G121/><T26/><D67/><U41/><E41/><V44/><F58/><W21/><G22/><T69/><D69/><U90/><E90/><V72/><F126/><W6/><G6/><T13/><D13/><U42/><E42/><V68/><F3/><AGARI ba="0,0" hai="1,2,3,21,27,28,49,50,57,63,66,95,97,102" machi="3" ten="40,8000,1" yaku="25,2,52,3" doraHai="35" who="3" fromWho="2" sc="328,0,263,0,185,-80,224,80" /><INIT seed="2,0,0,4,3,83" ten="328,263,105,304" oya="2" hai0="123,134,103,12,69,96,71,125,35,2,42,99,91" hai1="22,86,92,118,129,116,110,10,114,14,106,37,80" hai2="38,94,119,82,121,33,76,5,77,18,97,73,19" hai3="111,64,41,27,9,131,87,84,75,39,17,109,88"/><V54/><F121/><W58/><G75/><T98/><D2/><U52/><E37/><V32/><F119/><W122/><G122/><T0/><D0/><U30/><E106/><V132/><F38/><W63/><G131/><T57/><D123/><U89/><E114/><V46/><F132/><W36/><G9/><T101/><D35/><U113/><E113/><V6/><F46/><N who="3" m="23847" /><G39/><T16/><D125/><U48/><E110/><N who="3" m="41994" /><G88/><T70/><D134/><U115/><E129/><V50/><F50/><W81/><G81/><T108/><D108/><U44/><E115/><V93/><F82/><W49/><G49/><T26/><D42/><U72/><E72/><V105/><F73/><W120/><G120/><T61/><D91/><U28/><E92/><V133/><F133/><W31/><G17/><T68/><D68/><U47/><E47/><V29/><F54/><W51/><G51/><T45/><D45/><U15/><E116/><V104/><REACH who="2" step="1"/><F29/><REACH who="2" ten="328,263,95,304" step="2"/><W85/><G31/><T53/><D53/><U126/><E118/><V60/><F60/><W128/><G128/><T20/><D61/><U130/><E130/><V78/><F78/><W40/><G40/><T62/><D62/><U55/><E55/><V23/><F23/><W8/><G8/><T24/><D57/><U79/><E79/><V102/><F102/><W100/><G100/><T25/><AGARI ba="0,1" hai="12,16,20,24,25,26,69,70,71,96,98,99,101,103" machi="25" ten="40,8000,1" yaku="0,1,29,2,54,1" doraHai="83" who="0" fromWho="0" sc="328,90,263,-20,95,-40,304,-20" /><INIT seed="3,0,0,0,5,111" ten="418,243,55,284" oya="3" hai0="10,56,11,55,80,4,21,103,27,93,53,26,87" hai1="45,85,69,24,108,86,135,23,70,96,19,17,120" hai2="117,65,32,121,48,61,95,39,102,41,118,28,84" hai3="34,115,76,113,1,78,97,99,15,29,66,57,123"/><W88/><G1/><T38/><BYE who="2" /><D38/><U16/><E120/><V52/><F52/><N who="0" m="20042" /><D56/><U112/><E108/><V60/><F60/><W22/><G123/><T81/><D26/><U110/><E110/><V46/><F46/><W131/><G131/><T125/><D125/><U64/><E135/><V54/><F54/><W72/><G34/><T75/><D75/><U77/><E112/><V91/><F91/><W116/><G116/><T8/><D4/><U31/><E45/><V79/><F79/><N who="3" m="30251" /><G72/><T58/><D58/><U35/><E35/><V68/><F68/><W133/><G115/><T71/><D71/><U18/><N who="1" m="4096" /><DORA hai="2" /><U43/><E43/><V105/><F105/><W59/><G113/><T119/><D119/><U82/><E64/><V30/><F30/><W33/><G33/><T92/><D87/><U89/><REACH who="1" step="1"/><E96/><REACH who="1" ten="418,233,55,284" step="2"/><N who="3" m="36938" /><G133/><T83/><D103/><U36/><E36/><V44/><F44/><W107/><G107/><T124/><D124/><U7/><E7/><V132/><F132/><W3/><G66/><T100/><D100/><U51/><E51/><V13/><F13/><W42/><G42/><T90/><D90/><U73/><E73/><V74/><F74/><W5/><G88/><T104/><D8/><U67/><E67/><V109/><F109/><W134/><G134/><T50/><D10/><U0/><E0/><V25/><F25/><N who="3" m="16567" /><G3/><T127/><D127/><U122/><E122/><V63/><F63/><W106/><G106/><T9/><D104/><U14/><E14/><V128/><F128/><W94/><G15/><T12/><D12/><U37/><E37/><RYUUKYOKU ba="0,1" sc="418,-10,233,30,55,-10,284,-10" hai1="23,24,31,69,70,77,82,85,86,89" owari="418,51.8,263,-13.7,45,-45.5,274,7.4" /></mjloggm>