<mjloggm ver="2.3"><GO type="225" lobby="0"/><UN n0="%E3%82%80%E3%83%BC%E3%82%93%E3%81%82%E3%81%84%E3%81%9A" n1="%E3%81%BF%E3%81%BF%E3%81%9A" n2="%E9%BB%92%E9%89%84%E7%8F%A0%E9%9B%AB" n3="%E3%81%8F%E3%82%89%E3%82%89" dan="16,18,16,17" rate="2142.30,2251.43,2173.92,2141.52" sx="M,M,M,F"/><TAIKYOKU oya="0"/><INIT seed="0,0,0,1,2,99" ten="250,250,250,250" oya="0" hai0="88,133,56,93,34,23,102,44,120,69,121,50,98" hai1="135,96,85,79,12,37,52,45,111,57,32,117,61" hai2="92,106,125,89,87,72,71,118,54,68,123,67,48" hai3="1,9,21,97,83,94,17,39,41,90,129,5,36"/><T29/><D69/><U65/><E117/><V119/><F123/><W95/><G129/><T127/><D34/><U78/><E32/><V108/><F72/><W38/><G83/><T109/><D133/><U25/><E135/><V60/><F108/><W27/><G94/><N who="0" m="58711" /><D121/><U18/><E111/><V42/><F42/><W107/><G107/><T28/><D120/><U73/><E73/><V74/><F74/><W33/><G41/><N who="0" m="24847" /><D127/><U80/><E25/><V51/><F125/><W49/><G49/><T104/><D104/><U43/><E96/><V81/><F106/><W15/><REACH who="3" step="1"/><G39/><REACH who="3" ten="250,250,250,240" step="2"/><T128/><D128/><U46/><E79/><V55/><F81/><W40/><G40/><T116/><D116/><U11/><REACH who="1" step="1"/><E45/><REACH who="1" ten="250,240,250,240" step="2"/><V105/><F119/><W77/><G77/><T35/><D35/><U63/><E63/><V82/><F118/><W31/><AGARI ba="0,2" hai="1,5,9,15,17,21,27,31,33,36,38,90,95,97" machi="31" ten="30,7900,0" yaku="1,1,0,1,24,2,53,0" doraHai="99" doraHaiUra="132" who="3" fromWho="3" sc="250,-39,240,-20,250,-20,240,99" /><INIT seed="1,0,0,4,3,113" ten="211,220,230,339" oya="1" hai0="18,111,73,46,92,44,55,38,127,53,86,114,43" hai1="101,63,19,71,82,2,17,36,41,27,37,32,126" hai2="104,12,76,121,91,15,128,24,129,62,79,108,14" hai3="8,81,98,94,48,9,132,116,133,11,97,5,47"/><U64/><E2/><V135/><F121/><W51/><G116/><T77/><D114/><U112/><E112/><V65/><F104/><W99/><G5/><T122/><D111/><U75/><E126/><V6/><F108/><W10/><N who="3" m="2048" /><DORA hai="88" /><W134/><G47/><T123/><D18/><U124/><E124/><V130/><F6/><W74/><G94/><T25/><D25/><U0/><E0/><V4/><F4/><W39/><G39/><T45/><D127/><U52/><E75/><V125/><F125/><W89/><G89/><N who="0" m="53303" /><D77/><AGARI ba="0,0" hai="48,51,74,77,81,97,98,99,132,133,134" m="2048" machi="77" ten="60,7700,0" yaku="29,2,20,1" doraHai="113,88" who="3" fromWho="0" sc="211,-77,220,0,230,0,339,77" /><INIT seed="2,0,0,2,2,95" ten="134,220,230,416" oya="2" hai0="103,61,101,128,86,40,11,124,72,22,106,30,15" hai1="23,93,120,37,98,94,63,0,132,125,5,13,18" hai2="87,115,71,50,76,48,97,43,42,117,3,1,56" hai3="34,51,55,82,121,116,134,28,123,83,67,122,25"/><V79/><F71/><W133/><G116/><T10/><D72/><U60/><E37/><V4/><F115/><W20/><G34/><T77/><D128/><U107/><E125/><V33/><F33/><W127/><G67/><T26/><D124/><U38/><E38/><V52/><F117/><W36/><G36/><T88/><D77/><U69/><E132/><N who="3" m="50794" /><G127/><T70/><D40/><U119/><E119/><V131/><F131/><W6/><G6/><T110/><D110/><U73/><E73/><V2/><F4/><W24/><G24/><T9/><D106/><U35/><E120/><V29/><F29/><W47/><AGARI ba="0,0" hai="20,25,28,47,51,55,82,83,121,122,123" m="50794" machi="47" ten="40,1500,0" yaku="20,1" doraHai="95" who="3" fromWho="3" sc="134,-4,220,-4,230,-7,416,15" /><INIT seed="3,0,0,4,0,8" ten="130,216,223,431" oya="3" hai0="101,88,86,105,120,40,51,109,1,124,91,4,135" hai1="60,89,29,57,43,119,44,113,70,67,54,30,24" hai2="80,96,76,108,130,118,116,97,3,99,66,0,11" hai3="100,111,13,9,106,102,25,78,98,7,46,50,107"/><W104/><G111/><T59/><D120/><U81/><E113/><V131/><F108/><W12/><G25/><T114/><D109/><U128/><E128/><N who="2" m="49195" /><F66/><W32/><G32/><T93/><D114/><U85/><E119/><N who="2" m="45611" /><F11/><W6/><G6/><T72/><D135/><U26/><E26/><V22/><F22/><W65/><G65/><T63/><D124/><U45/><E43/><V95/><F95/><W47/><G13/><T5/><D72/><AGARI ba="0,0" hai="0,3,72,76,80,96,97,99" m="45611,49195" machi="72" ten="40,1300,0" yaku="19,1" doraHai="8" who="2" fromWho="0" sc="130,-13,216,0,223,13,431,0" owari="117,-38.3,216,-18.4,236,3.6,431,53.1" /></mjloggm>