<mjloggm ver="2.3"><GO type="225" lobby="0"/><UN n0="%72%69%6F%75%63%68%61%6E" n1="%73%6C%69%63%6B%33%31%39" n2="%72%61%6B%33" n3="%4D%50%43%32%38%30%30" dan="17,16,16,16" rate="2245.56,2178.33,2176.49,2189.77" sx="M,M,M,M"/><TAIKYOKU oya="0"/><INIT seed="0,0,0,2,5,134" ten="250,250,250,250" oya="0" hai0="69,8,85,126,27,82,3,38,109,131,7,59,127" hai1="15,66,129,121,90,45,17,84,107,19,16,62,58" hai2="81,35,86,32,25,12,103,100,31,112,13,50,57" hai3="26,91,80,9,95,23,119,49,133,71,28,114,51"/><T46/><D69/><U22/><E129/><V105/><F112/><W128/><G114/><T110/><D131/><U55/><E121/><V42/><F32/><W41/><G128/><T123/><D123/><U11/><E107/><V115/><F115/><W56/><G71/><T64/><D27/><U37/><E37/><V67/><F42/><W87/><G119/><T63/><D38/><U34/><E34/><V0/><F0/><W106/><G106/><T135/><D46/><U6/><E45/><V5/><F105/><W30/><G133/><T39/><D39/><U21/><REACH who="1" step="1"/><E66/><REACH who="1" ten="250,240,250,250" step="2"/><V104/><F67/><W120/><G120/><T40/><D135/><U24/><E24/><V44/><F44/><W2/><G41/><T65/><D64/><U14/><E14/><V18/><F12/><W20/><G2/><T36/><D36/><U47/><E47/><V4/><F13/><W108/><G108/><N who="0" m="41579" /><D40/><U73/><E73/><V122/><F25/><W68/><G26/><T61/><D63/><U76/><E76/><AGARI ba="0,1" hai="3,7,8,59,61,65,76,82,85,126,127" m="41579" machi="76" ten="30,11600,0" yaku="14,1,10,1,52,2" doraHai="134" who="0" fromWho="1" sc="250,126,240,-116,250,0,250,0" /><INIT seed="0,1,0,1,5,44" ten="376,124,250,250" oya="0" hai0="79,103,117,33,4,68,30,41,14,90,122,56,67" hai1="45,13,35,133,127,77,84,109,129,80,76,110,96" hai2="10,74,78,9,5,23,48,38,91,120,123,27,1" hai3="66,29,54,132,125,8,12,118,70,0,95,82,104"/><T63/><D117/><U101/><E35/><V7/><F38/><W17/><G104/><T73/><D122/><U64/><E64/><V93/><F78/><W16/><G118/><T18/><D103/><U28/><E28/><V60/><F60/><W58/><G82/><T124/><D124/><U37/><E37/><V39/><F74/><W20/><G125/><T113/><D113/><U36/><E36/><V88/><F39/><W119/><G119/><T126/><D126/><U71/><E71/><V57/><F57/><W53/><G0/><T72/><D4/><U85/><E13/><V83/><F83/><W114/><G114/><T115/><D115/><U107/><E45/><V21/><F48/><N who="3" m="31015" /><G66/><T86/><D79/><N who="1" m="30283" /><E127/><V49/><F49/><W52/><G70/><T65/><D41/><U15/><E15/><V128/><F128/><W2/><G2/><T94/><D30/><U99/><E129/><V108/><F108/><N who="1" m="41577" /><E133/><V116/><F116/><W98/><G29/><T42/><D33/><U87/><E99/><V121/><F27/><N who="3" m="14727" /><G132/><T69/><D42/><U89/><AGARI ba="1,0" hai="80,84,85,87,89,96,101,107" m="41577,30283" machi="89" ten="30,4000,0" yaku="14,1,34,2" doraHai="44" who="1" fromWho="1" sc="376,-21,124,43,250,-11,250,-11" /><INIT seed="1,0,0,0,3,120" ten="355,167,239,239" oya="1" hai0="85,111,130,69,73,125,53,25,56,94,123,36,15" hai1="92,57,65,27,132,106,42,109,91,58,64,90,118" hai2="127,74,81,61,3,93,31,28,104,23,87,103,2" hai3="82,79,112,124,14,6,37,107,55,51,129,67,41"/><U101/><E118/><V9/><F127/><W35/><G124/><T60/><D111/><U117/><E117/><V113/><F113/><W102/><G35/><T13/><D125/><U76/><E132/><V11/><F61/><W68/><G129/><T135/><D73/><U83/><E42/><V52/><F52/><W110/><G102/><T89/><D130/><U100/><E106/><V108/><F108/><W50/><G107/><T47/><D123/><U77/><E27/><V38/><F38/><W66/><G14/><T122/><D122/><U99/><E109/><V16/><F9/><W34/><G6/><T126/><D126/><U98/><REACH who="1" step="1"/><E83/><REACH who="1" ten="355,157,239,239" step="2"/><V121/><F104/><W62/><G41/><N who="0" m="22951" /><D135/><U32/><E32/><V21/><F81/><W29/><G34/><T105/><D25/><U134/><E134/><V19/><F121/><W72/><G82/><T49/><D105/><U97/><E97/><V80/><F80/><W48/><G110/><T39/><D39/><U128/><E128/><V20/><F74/><W88/><G72/><T22/><D22/><U17/><E17/><V84/><F21/><W8/><G37/><T12/><D12/><U10/><E10/><V95/><F11/><W7/><G8/><T63/><D13/><U70/><E70/><V133/><F133/><W44/><G68/><T24/><D69/><U33/><E33/><V71/><F71/><W26/><G7/><T0/><D0/><U114/><E114/><V96/><F96/><W131/><G112/><T43/><D24/><U75/><E75/><V86/><F86/><W40/><G26/><RYUUKYOKU ba="0,1" sc="355,-15,157,15,239,15,239,-15" hai1="57,58,64,65,76,77,90,91,92,98,99,100,101" hai2="2,3,16,19,20,23,28,31,84,87,93,95,103" /><INIT seed="1,1,1,2,4,26" ten="340,172,254,224" oya="1" hai0="6,100,41,15,93,85,48,10,28,60,3,90,35" hai1="44,79,71,30,17,29,92,128,55,72,103,62,104" hai2="43,105,37,4,65,16,67,110,87,135,38,57,18" hai3="106,63,33,24,45,12,47,7,126,5,80,113,64"/><U84/><E104/><V61/><F105/><W111/><G113/><T68/><D3/><U50/><E72/><V121/><F121/><W22/><G106/><T98/><D68/><U132/><E132/><V25/><F135/><W130/><G111/><T59/><D41/><U78/><E128/><V52/><F110/><W31/><G130/><T124/><D124/><U0/><E0/><V114/><F114/><W119/><G126/><T32/><D48/><U77/><E71/><V42/><F4/><W66/><G119/><T88/><D28/><N who="1" m="10859" /><E62/><V91/><F38/><W73/><G66/><N who="2" m="25097" /><F37/><W107/><G107/><T74/><D74/><U123/><E123/><V115/><F115/><W39/><G39/><T76/><D76/><U101/><E17/><N who="2" m="6763" /><F25/><W54/><G33/><T36/><D36/><U83/><E92/><AGARI ba="1,1" hai="42,43,52,57,61,87,91,92" m="6763,25097" machi="92" ten="30,3900,0" yaku="8,1,54,2" doraHai="26" who="2" fromWho="1" sc="340,0,172,-42,254,52,224,0" /><INIT seed="2,0,0,1,4,86" ten="340,130,306,224" oya="2" hai0="65,131,66,31,82,51,81,35,3,75,133,93,94" hai1="121,63,101,16,44,78,60,48,23,74,52,103,123" hai2="105,10,89,120,41,19,87,114,27,85,11,92,55" hai3="50,49,118,125,111,45,95,26,29,127,15,72,46"/><V108/><F114/><W53/><G72/><T42/><D3/><U106/><E74/><V7/><F120/><W115/><G118/><T47/><D131/><U9/><E78/><V76/><F105/><W98/><G115/><T104/><D104/><U122/><E9/><V24/><F108/><W109/><G15/><T73/><D133/><U124/><E124/><N who="3" m="47690" /><G26/><T71/><D73/><U36/><E36/><V21/><F41/><N who="3" m="24751" /><G29/><T88/><D71/><U8/><E8/><V14/><F55/><W112/><G112/><T130/><D130/><U90/><E90/><AGARI ba="0,0" hai="46,50,53,90,95,98,109,111" m="24751,47690" machi="90" ten="30,2000,0" yaku="18,1,52,1" doraHai="86" who="3" fromWho="1" sc="340,0,130,-20,306,0,224,20" /><INIT seed="3,0,0,2,4,94" ten="340,110,306,244" oya="3" hai0="46,48,53,65,68,62,13,79,18,122,113,95,27" hai1="106,20,71,45,96,30,116,17,92,16,132,15,4" hai2="84,109,119,135,59,118,105,22,134,31,88,85,114" hai3="24,34,9,89,126,121,82,36,32,57,21,93,19"/><W55/><G121/><T66/><D122/><U90/><E132/><N who="2" m="50731" /><F59/><W5/><G36/><T47/><D113/><U111/><E111/><V3/><F3/><W73/><G82/><T117/><D117/><N who="2" m="44554" /><F22/><W125/><G73/><T64/><D79/><U78/><E116/><V60/><F60/><W52/><G55/><T58/><D27/><U1/><E71/><V51/><F31/><W81/><G81/><T44/><REACH who="0" step="1"/><D95/><REACH who="0" ten="330,110,306,244" step="2"/><U28/><E106/><V72/><F114/><W7/><G126/><T11/><AGARI ba="0,1" hai="11,13,18,44,46,47,48,53,58,62,64,65,66,68" machi="11" ten="30,12000,2" yaku="1,1,2,1,0,1,53,3" doraHai="94" doraHaiUra="43" who="0" fromWho="0" sc="330,130,110,-30,306,-30,244,-60" owari="460,56.0,80,-42.0,276,7.6,184,-21.6" /></mjloggm>