<mjloggm ver="2.3"><GO type="225" lobby="0"/><UN n0="%4B%2E%32%2E%4B%2E" n1="%E6%98%93%E5%88%A9%E8%96%A9%E4%BC%AF" n2="%E3%81%8B%E3%82%8F%E3%81%A1%E3%82%83%E3%82%93%35%38" n3="%E9%B3%B3%E6%9D%B1%E3%81%AE%E3%81%BF%E3%81%91%E3%81%AB%E3%82%83%E3%82%93" dan="17,16,16,16" rate="2167.49,2023.73,2226.74,2060.02" sx="M,F,M,F"/><TAIKYOKU oya="0"/><INIT seed="0,0,0,2,5,51" ten="250,250,250,250" oya="0" hai0="90,22,56,48,14,83,45,77,121,70,8,61,19" hai1="65,74,93,32,29,11,80,1,126,120,73,110,49" hai2="43,103,62,85,86,42,39,134,66,94,38,123,117" hai3="7,5,131,67,59,63,119,10,96,79,58,69,20"/><T130/><D130/><U30/><E120/><V53/><F103/><W109/><G119/><T114/><D114/><U76/><E110/><V15/><F15/><W68/><G109/><T52/><D121/><U64/><E126/><V47/><F94/><W21/><G131/><T104/><D104/><U35/><E93/><V9/><F9/><W60/><G79/><T12/><D70/><U72/><E11/><V116/><F86/><W27/><G96/><T118/><D118/><N who="2" m="45674" /><F85/><W31/><G20/><T28/><D90/><U98/><E1/><V127/><F123/><W125/><G125/><T46/><D61/><U82/><E98/><V4/><F4/><W36/><G36/><N who="2" m="13865" /><F127/><W99/><G99/><T17/><D28/><U13/><E13/><V101/><F101/><W95/><G95/><T132/><D132/><U105/><E105/><V71/><F134/><W92/><G92/><T33/><D33/><U100/><E100/><V25/><F25/><W0/><REACH who="3" step="1"/><G7/><REACH who="3" ten="250,250,250,240" step="2"/><T40/><D40/><U112/><E76/><V54/><F42/><W102/><G102/><T87/><AGARI ba="0,1" hai="8,12,14,17,19,22,45,46,48,52,56,77,83,87" machi="87" ten="20,12000,1" yaku="0,1,7,1,8,1,52,1,54,1" doraHai="51" who="0" fromWho="0" sc="250,130,250,-40,250,-40,240,-40" /><INIT seed="0,1,0,4,0,123" ten="380,210,210,200" oya="0" hai0="51,44,24,105,116,125,3,104,74,29,83,76,31" hai1="93,128,127,103,87,91,52,85,72,107,68,46,132" hai2="2,56,26,16,19,119,6,30,42,13,124,133,84" hai3="0,11,59,73,129,45,9,109,63,134,118,37,77"/><T49/><D116/><U121/><E121/><V113/><F42/><N who="3" m="22735" /><G118/><T39/><D125/><U18/><E68/><V130/><F119/><W22/><G22/><T67/><D3/><U80/><E72/><V98/><F98/><W92/><G92/><T55/><D39/><U1/><E1/><V17/><F56/><W38/><G38/><T4/><D4/><U79/><E132/><V25/><F84/><W27/><G27/><N who="2" m="10249" /><F113/><W61/><G11/><T54/><D67/><U126/><E128/><V33/><F130/><W120/><G129/><T50/><D31/><U5/><E5/><V62/><F62/><W86/><G86/><T40/><D40/><U131/><E18/><N who="2" m="7275" /><F133/><W99/><G99/><T90/><D90/><U117/><E117/><V70/><F70/><W35/><G35/><T102/><D102/><U28/><E131/><V47/><F47/><W95/><G95/><T43/><D104/><U100/><E28/><V7/><F2/><W89/><G89/><T115/><D115/><U65/><E65/><V135/><F135/><W94/><G94/><T32/><D105/><U97/><REACH who="1" step="1"/><E103/><REACH who="1" ten="380,200,210,200" step="2"/><V82/><F124/><W106/><G134/><T78/><D74/><U14/><E14/><V48/><F33/><W36/><G120/><T75/><D32/><U57/><E57/><V66/><F30/><W81/><G59/><T64/><D29/><U122/><E122/><V69/><F66/><W12/><G0/><T110/><D64/><U71/><E71/><V96/><F69/><W41/><G73/><T53/><D75/><U21/><E21/><N who="2" m="11503" /><F6/><W60/><G12/><RYUUKYOKU ba="1,1" sc="380,-10,200,30,210,-10,200,-10" hai1="46,52,79,80,85,87,91,93,97,100,107,126,127" /><INIT seed="1,2,1,2,2,98" ten="370,230,200,190" oya="1" hai0="92,19,28,13,8,134,121,72,3,74,57,81,119" hai1="61,73,63,9,127,124,21,0,83,100,108,129,50" hai2="4,132,89,14,18,131,110,86,39,7,68,85,111" hai3="91,54,107,1,65,52,6,47,16,62,40,55,125"/><U78/><E129/><V70/><F39/><W77/><G125/><N who="1" m="48202" /><E21/><N who="2" m="11479" /><F132/><W20/><G77/><T46/><D134/><U31/><E31/><V135/><F135/><W67/><G107/><T120/><D28/><U66/><E108/><N who="2" m="41515" /><F86/><W82/><G6/><N who="2" m="2089" /><F131/><W45/><G1/><T44/><D3/><U10/><E0/><V22/><F22/><W126/><G126/><T133/><D133/><U116/><E116/><V24/><F24/><W80/><G91/><T25/><D119/><U5/><E5/><V105/><F105/><W42/><G42/><T2/><D2/><U38/><E38/><V51/><F51/><N who="3" m="27047" /><G47/><T122/><D122/><U109/><E50/><V33/><F33/><W123/><G123/><T35/><D121/><U76/><E76/><V97/><F97/><W36/><G36/><T48/><D120/><U84/><E73/><V88/><F89/><W60/><G80/><AGARI ba="2,1" hai="68,70,80,85,88" m="2089,41515,11479" machi="80" ten="30,2000,0" yaku="14,1,54,1" doraHai="98" who="2" fromWho="3" sc="370,0,230,0,200,36,190,-26" /><INIT seed="2,0,0,2,2,67" ten="370,230,236,164" oya="2" hai0="73,97,29,21,66,93,83,128,102,69,94,107,68" hai1="108,132,127,25,135,28,111,112,44,7,45,8,34" hai2="62,131,46,9,59,41,0,22,77,105,60,4,17" hai3="78,58,74,10,122,30,33,88,101,5,76,16,36"/><V53/><F131/><W100/><G122/><T123/><D123/><U75/><E75/><V54/><F105/><W43/><G33/><T57/><D57/><U32/><E45/><V120/><F120/><W56/><G30/><T19/><D29/><U40/><E112/><V63/><F77/><W85/><G43/><T117/><D94/><U23/><E127/><V119/><F119/><W92/><G36/><T71/><D128/><U52/><E52/><V13/><REACH who="2" step="1"/><F54/><REACH who="2" ten="370,230,226,164" step="2"/><W31/><G76/><N who="0" m="44431" /><D107/><U39/><E132/><V18/><F18/><W86/><G74/><T72/><D19/><U113/><E135/><V47/><F47/><W130/><G130/><T104/><D104/><U2/><E113/><V65/><F65/><W6/><G31/><T90/><D66/><U106/><E106/><V20/><F20/><W3/><G6/><T1/><D21/><U55/><E55/><V11/><F11/><W116/><G116/><T49/><D72/><U15/><E34/><V61/><F61/><W51/><G16/><AGARI ba="0,1" hai="2,7,8,15,16,23,25,28,32,39,40,44,108,111" machi="16" ten="40,5200,0" yaku="24,2,54,1" doraHai="67" who="1" fromWho="3" sc="370,0,230,62,226,0,164,-52" /><INIT seed="3,0,0,1,0,61" ten="370,292,226,112" oya="3" hai0="105,90,75,20,126,5,119,26,2,91,93,112,73" hai1="97,40,76,42,74,123,60,55,115,125,117,104,66" hai2="35,64,100,0,16,19,67,56,109,96,41,79,103" hai3="18,113,127,39,110,22,31,124,80,23,118,69,29"/><W30/><G39/><T94/><D105/><U131/><E123/><V81/><F35/><W78/><G113/><T95/><D119/><U65/><E115/><V114/><F0/><W85/><G118/><T92/><D112/><U47/><E117/><V4/><F114/><W72/><G72/><T6/><D126/><U106/><E74/><V7/><F41/><W51/><G110/><T36/><D36/><U44/><E76/><V89/><F89/><W86/><G86/><T77/><D91/><U88/><E106/><V98/><F56/><W14/><G69/><T24/><D24/><U50/><E104/><V133/><F133/><W17/><REACH who="3" step="1"/><G51/><REACH who="3" ten="370,292,226,102" step="2"/><T130/><D75/><U54/><E131/><V82/><REACH who="2" step="1"/><F79/><REACH who="2" ten="370,292,216,102" step="2"/><W27/><AGARI ba="0,2" hai="14,17,18,22,23,27,29,30,31,78,80,85,124,127" machi="27" ten="30,6000,0" yaku="1,1,2,1,0,1,53,0" doraHai="61" doraHaiUra="102" who="3" fromWho="3" sc="370,-20,292,-20,216,-20,102,80" /><INIT seed="3,1,0,3,0,93" ten="350,272,196,182" oya="3" hai0="133,46,61,86,45,0,69,94,99,112,92,2,78" hai1="36,63,67,33,53,106,98,132,51,71,4,107,27" hai2="111,122,39,128,121,17,76,21,119,134,102,26,104" hai3="91,73,113,8,66,101,43,3,59,9,11,110,85"/><W68/><G113/><T14/><D112/><U79/><E36/><V49/><F39/><W56/><G3/><T7/><D14/><U13/><E79/><V60/><F119/><W124/><G73/><T84/><D7/><U97/><E132/><V109/><F134/><W52/><G43/><T50/><D61/><U72/><E72/><V30/><F76/><W37/><G37/><T29/><D69/><U34/><E107/><V83/><F83/><W18/><G124/><T65/><D29/><U127/><E106/><V5/><F128/><W120/><G120/><N who="2" m="46185" /><F5/><W25/><G68/><T105/><D105/><U103/><E103/><V81/><F81/><N who="3" m="49583" /><G110/><T80/><D65/><U77/><E77/><V130/><F130/><W87/><G101/><T35/><D50/><U31/><E34/><V62/><F102/><W40/><G40/><T20/><D20/><U16/><E4/><V108/><F104/><W44/><G87/><T54/><D35/><U6/><E6/><V96/><F96/><W55/><G66/><T28/><D133/><U12/><E127/><V42/><F42/><W82/><G82/><T19/><D80/><U32/><E32/><N who="2" m="20567" /><F49/><N who="3" m="28711" /><G55/><T118/><D46/><U64/><E64/><V135/><F135/><W126/><G126/><T23/><D45/><U70/><E70/><V48/><F48/><W41/><G41/><T24/><D118/><U114/><E53/><V38/><F38/><W58/><G25/><AGARI ba="1,0" hai="17,21,25,60,62,108,109,111" m="20567,46185" machi="25" ten="40,2600,0" yaku="14,1,13,1" doraHai="93" who="2" fromWho="3" sc="350,0,272,0,196,29,182,-29" owari="350,45.0,272,7.2,225,-17.5,153,-34.7" /></mjloggm>