<mjloggm ver="2.3"><GO type="225" lobby="0"/><UN n0="%E6%81%A5%E6%99%92%E3%81%97" n1="%E3%80%93%E3%81%97%E3%83%BC%E3%82%89%E3%80%93" n2="%E3%81%A4%E3%81%A3%E3%81%B1%E3%82%8A%E3%83%9D%E3%83%BC%E3%83%AB" n3="%E5%8D%A0%E3%81%84%E5%B8%AB%E8%A3%8F%E3%81%AA%E3%81%84%E3%81%97" dan="16,16,16,17" rate="2111.24,2181.25,2096.31,2179.28" sx="M,M,M,M"/><TAIKYOKU oya="0"/><INIT seed="0,0,0,5,1,21" ten="250,250,250,250" oya="0" hai0="28,58,22,30,50,5,131,126,127,87,54,90,42" hai1="125,105,93,94,20,129,7,60,117,76,107,113,45" hai2="13,79,63,115,9,70,82,24,116,130,15,4,97" hai3="12,124,17,123,52,74,51,89,41,19,26,40,69"/><T72/><D72/><U91/><E7/><V112/><F130/><W133/><G69/><T33/><D131/><U96/><E129/><V2/><F116/><W102/><G124/><N who="0" m="47659" /><D33/><U120/><E125/><V77/><F77/><W61/><G74/><T34/><D34/><U37/><E117/><V46/><F97/><W109/><G109/><T71/><D71/><U48/><E37/><V8/><F46/><W0/><G0/><T75/><D75/><U119/><E119/><V31/><F63/><W135/><G102/><T68/><D68/><U104/><E120/><V121/><F70/><W80/><G61/><T6/><D42/><U32/><E32/><N who="2" m="20583" /><F82/><W106/><G106/><T128/><D128/><U23/><E60/><V14/><F79/><W85/><G123/><T101/><D101/><U108/><E108/><V103/><F103/><W114/><G114/><N who="2" m="43561" /><F121/><W134/><G17/><AGARI ba="0,0" hai="2,4,8,9,13,14,15,17" m="43561,20583" machi="17" ten="30,3900,0" yaku="34,2,52,1" doraHai="21" who="2" fromWho="3" sc="250,0,250,0,250,39,250,-39" /><INIT seed="1,0,0,3,2,102" ten="250,250,289,211" oya="1" hai0="116,87,127,133,2,131,73,82,54,63,10,33,36" hai1="101,74,27,52,111,34,61,123,78,17,81,62,47" hai2="8,37,77,80,29,15,99,1,68,90,53,35,26" hai3="93,5,98,49,39,126,117,103,69,67,41,95,12"/><U91/><E123/><V79/><F68/><W7/><G39/><T83/><D116/><U19/><E111/><V40/><F1/><W107/><G126/><T130/><D33/><U125/><E125/><V92/><F53/><W64/><G117/><T84/><D36/><U108/><E108/><V100/><F100/><W128/><G128/><N who="0" m="49195" /><D127/><U96/><E91/><V71/><F71/><W11/><G5/><N who="0" m="1335" /><D133/><U58/><E62/><V22/><F35/><W28/><G28/><T9/><D9/><U110/><E110/><V25/><F25/><W18/><G69/><T31/><D31/><U109/><E109/><V115/><F115/><W43/><G7/><T16/><D16/><U24/><E47/><V32/><F32/><W89/><G95/><T3/><D3/><U45/><E45/><V48/><F37/><W112/><G112/><T66/><D54/><U59/><E59/><V60/><F60/><W51/><G51/><T118/><D118/><U13/><E34/><V57/><F48/><W4/><G4/><T104/><D104/><U132/><E19/><N who="2" m="8679" /><F57/><W55/><G43/><T6/><D6/><U75/><E75/><V105/><F105/><W122/><G41/><T42/><D42/><U121/><E121/><V46/><F46/><W135/><G135/><T97/><D97/><U120/><E132/><V23/><F40/><W114/><G114/><T65/><D65/><U129/><E129/><V44/><F44/><N who="3" m="28071" /><G122/><T106/><D106/><N who="1" m="63783" /><E120/><V0/><F0/><W70/><G70/><N who="0" m="42335" /><D73/><U88/><E88/><N who="2" m="55687" /><F22/><W124/><G124/><T30/><D30/><U14/><E14/><RYUUKYOKU ba="0,0" sc="250,0,250,0,289,0,211,0" hai0="82,83,84,87" hai1="13,17,24,27,52,58,61,74,78,81" hai2="23,26,29,77,79,80,90" hai3="11,12,18,64,67,89,93,98,103,107" /><INIT seed="1,1,0,2,1,51" ten="250,250,289,211" oya="1" hai0="90,93,52,39,6,7,119,122,5,92,67,97,91" hai1="59,72,95,1,45,102,118,68,21,96,131,63,127" hai2="30,8,77,117,16,101,34,11,2,41,75,56,108" hai3="33,15,14,66,32,133,47,27,3,0,87,100,112"/><U20/><E1/><V103/><F117/><W81/><G112/><T134/><D119/><U70/><E118/><V19/><F75/><W29/><G133/><T71/><D39/><U130/><E72/><V74/><F74/><W85/><G66/><T123/><D134/><U48/><E127/><V12/><F77/><W82/><G47/><T31/><D31/><U46/><E70/><V105/><F105/><W60/><G60/><T115/><D115/><U80/><E68/><V53/><F41/><W17/><G100/><T120/><D67/><N who="1" m="39423" /><E80/><V54/><F2/><W86/><G17/><T110/><D110/><U35/><E35/><V62/><F108/><W121/><G86/><N who="0" m="52311" /><D71/><U13/><E13/><N who="2" m="7207" /><F30/><W44/><G29/><T114/><D114/><U69/><E69/><V42/><F42/><W126/><G126/><T98/><D98/><U124/><E124/><V36/><F34/><W43/><G43/><T107/><D107/><U132/><E132/><V135/><F36/><W25/><REACH who="3" step="1"/><G44/><REACH who="3" ten="250,250,289,201" step="2"/><N who="1" m="17002" /><E48/><N who="2" m="30759" /><F135/><W28/><G28/><T79/><D79/><U24/><E131/><V40/><F40/><W50/><G50/><T22/><D22/><U18/><E130/><V23/><F62/><W26/><G26/><T37/><D37/><U61/><E21/><V38/><F38/><W73/><G73/><T49/><D5/><U88/><E61/><V89/><F23/><W57/><G57/><AGARI ba="1,1" hai="6,7,49,52,57,91,93,97,120,122,123" m="52311" machi="57" ten="30,3900,0" yaku="13,1,52,1,54,1" doraHai="51" who="0" fromWho="3" sc="250,52,250,0,289,0,201,-42" /><INIT seed="2,0,0,0,0,99" ten="302,250,289,159" oya="2" hai0="95,114,48,68,23,6,41,127,108,91,29,28,37" hai1="120,94,7,32,105,132,42,57,71,67,58,60,35" hai2="75,124,54,1,103,86,12,38,24,77,115,47,5" hai3="125,78,104,18,134,52,16,129,80,113,87,34,84"/><V98/><F115/><W53/><G34/><T111/><D114/><U10/><E105/><V40/><F124/><W17/><G113/><T79/><D37/><U73/><E73/><V64/><F64/><W55/><G125/><T59/><D127/><U25/><E132/><V92/><F75/><W101/><G134/><T119/><D79/><U118/><E118/><V76/><F1/><W69/><G129/><T133/><D68/><U112/><E112/><V9/><F86/><W30/><G69/><T39/><D133/><U8/><E8/><V49/><REACH who="2" step="1"/><F24/><REACH who="2" ten="302,250,279,159" step="2"/><W43/><G43/><T106/><D119/><U20/><E25/><V27/><F27/><W21/><G21/><T50/><BYE who="3" /><D23/><U2/><E20/><V128/><F128/><W51/><G51/><T83/><D50/><U15/><E42/><V74/><F74/><W100/><G100/><T126/><D41/><U109/><E35/><V13/><F13/><W88/><G88/><T130/><D91/><UN n3="%E5%8D%A0%E3%81%84%E5%B8%AB%E8%A3%8F%E3%81%AA%E3%81%84%E3%81%97" /><U62/><E32/><V45/><AGARI ba="0,1" hai="5,9,12,38,40,45,47,49,54,76,77,92,98,103" machi="45" ten="20,7800,0" yaku="1,1,0,1,7,1,52,1,53,0" doraHai="99" doraHaiUra="65" who="2" fromWho="2" sc="302,-26,250,-26,279,88,159,-26" /><INIT seed="2,1,0,3,2,26" ten="276,224,367,133" oya="2" hai0="80,33,49,75,124,7,37,65,56,77,120,1,117" hai1="115,87,91,125,39,52,29,8,61,112,113,102,16" hai2="6,111,13,50,83,109,82,18,114,36,110,0,76" hai3="55,94,89,126,106,42,133,51,17,58,119,99,31"/><V123/><F114/><W22/><G119/><T20/><D120/><U59/><E39/><V23/><F123/><W41/><G126/><T93/><D124/><U63/><E125/><V79/><F36/><W71/><G71/><T78/><D37/><U90/><E102/><V98/><F98/><W105/><G133/><T54/><D117/><U121/><E121/><V21/><F50/><W34/><G105/><T135/><D135/><U14/><E29/><V24/><F0/><W53/><G106/><T60/><D33/><U86/><E86/><V64/><F64/><W81/><G81/><N who="2" m="30729" /><F6/><W100/><G100/><T108/><D108/><U130/><E130/><V57/><F57/><W70/><G70/><T103/><D7/><U62/><REACH who="1" step="1"/><E87/><REACH who="1" ten="276,214,367,133" step="2"/><V11/><F11/><W128/><G128/><T88/><D103/><U2/><E2/><V68/><F68/><W46/><G34/><T27/><D1/><U96/><E96/><V10/><F10/><W43/><G31/><AGARI ba="1,1" hai="13,18,21,23,24,31,76,79,109,110,111" m="30729" machi="31" ten="30,5800,0" yaku="14,1,10,1,52,1" doraHai="26" who="2" fromWho="3" sc="276,0,214,0,367,71,133,-61" /><INIT seed="2,2,0,2,4,3" ten="276,214,438,72" oya="2" hai0="107,42,119,98,59,85,111,88,63,44,99,10,16" hai1="12,36,83,25,69,117,19,2,93,120,24,72,47" hai2="11,4,77,9,20,58,62,97,76,30,65,95,37" hai3="27,126,91,68,124,28,0,61,81,64,46,1,23"/><V41/><F37/><W79/><G91/><T82/><D111/><U132/><E69/><V84/><F41/><W106/><G106/><T115/><D115/><U130/><E2/><V32/><F32/><W26/><G26/><T43/><D119/><U127/><E117/><V100/><F84/><W49/><G124/><T105/><D107/><U35/><E35/><V94/><F94/><W50/><G126/><T87/><D105/><U129/><E127/><V128/><F128/><W38/><G50/><N who="0" m="26903" /><D43/><N who="1" m="23015" /><E132/><V73/><F73/><W7/><G7/><T13/><D87/><U135/><E135/><V39/><F39/><W21/><G21/><T114/><D114/><U96/><E120/><V55/><F55/><AGARI ba="2,0" hai="10,13,16,55,59,63,82,85,88,98,99" m="26903" machi="55" ten="30,3900,0" yaku="8,1,54,2" doraHai="3" who="0" fromWho="2" sc="276,45,214,0,438,-45,72,0" /><INIT seed="3,0,0,1,2,130" ten="321,214,393,72" oya="3" hai0="20,121,124,99,109,9,125,133,2,49,81,126,103" hai1="11,39,30,4,90,105,104,80,112,54,111,97,35" hai2="123,45,41,72,128,36,71,3,27,118,70,115,86" hai3="65,22,58,83,8,14,32,67,59,29,127,66,40"/><W68/><G32/><T114/><D121/><U42/><E54/><V37/><F72/><W60/><G127/><T84/><D49/><U34/><E42/><V131/><F118/><W31/><G68/><T93/><D20/><U50/><E50/><N who="2" m="26927" /><F115/><W13/><G40/><T57/><D57/><U85/><E90/><V18/><F3/><W69/><G69/><N who="2" m="26121" /><F86/><W51/><G83/><T38/><D38/><U15/><E111/><V53/><F53/><N who="3" m="32063" /><G14/><T23/><D23/><U25/><E39/><V101/><F101/><W135/><G135/><T120/><D120/><U19/><E112/><V134/><F134/><W5/><G22/><T55/><D55/><AGARI ba="0,0" hai="5,8,13,29,31,55,59,60,65,66,67" m="32063" machi="55" ten="30,1500,0" yaku="8,1" doraHai="130" who="3" fromWho="0" sc="321,-15,214,0,393,0,72,15" /><INIT seed="3,1,0,3,1,96" ten="306,214,393,87" oya="3" hai0="51,21,14,31,44,121,115,27,128,36,54,71,86" hai1="61,37,56,78,48,2,50,117,79,15,70,3,0" hai2="69,66,40,60,55,130,74,32,67,35,42,33,4" hai3="12,45,76,59,131,20,99,19,10,38,16,104,53"/><W100/><G131/><T72/><D72/><U41/><E117/><V64/><F74/><W134/><G134/><T49/><D36/><U103/><E15/><V123/><F130/><W8/><G76/><T119/><D71/><U122/><E122/><V120/><F4/><W116/><G116/><T124/><D119/><U108/><E108/><V92/><F92/><W126/><G126/><T111/><D121/><N who="2" m="46666" /><F55/><W17/><G8/><T65/><D111/><U82/><E103/><V63/><F67/><W29/><G29/><T90/><D115/><U127/><E50/><V43/><F40/><W11/><G11/><T68/><D68/><AGARI ba="1,0" hai="32,33,35,42,43,60,63,64,66,68,69" m="46666" machi="68" ten="40,1300,0" yaku="13,1" doraHai="96" who="2" fromWho="0" sc="306,-16,214,0,393,16,87,0" owari="290,9.0,214,-18.6,409,50.9,87,-41.3" /></mjloggm>