<mjloggm ver="2.3"><GO type="225" lobby="0"/><UN n0="%30%2E%31%32%30" n1="%6D%75%75%6D%75%72%61" n2="%4D%50%43%32%38%30%30" n3="%E3%81%A1%E3%82%85%E3%81%86%E3%81%A9%E3%81%8F%E8%B1%A1%E3%81%95%E3%82%93" dan="16,17,16,17" rate="2066.17,2175.34,2141.58,2135.87" sx="M,F,M,M"/><TAIKYOKU oya="0"/><INIT seed="0,0,0,4,4,16" ten="250,250,250,250" oya="0" hai0="62,81,113,48,32,85,36,134,121,91,132,114,71" hai1="104,12,23,83,69,111,100,46,9,21,52,122,29" hai2="64,124,67,43,8,80,3,94,27,131,108,116,35" hai3="41,30,84,53,128,97,26,118,92,14,127,102,82"/><T105/><D36/><U54/><E122/><V34/><F43/><W37/><G118/><T61/><D32/><U120/><E120/><V129/><F116/><W79/><G128/><N who="2" m="49225" /><F108/><W110/><G110/><T33/><D33/><N who="2" m="12298" /><F27/><W135/><G135/><N who="0" m="51755" /><D121/><U47/><E69/><V123/><F123/><W6/><G127/><T112/><D71/><U98/><E29/><V88/><F80/><W86/><G53/><N who="1" m="20586" /><E104/><V126/><F8/><W51/><G37/><T20/><D105/><U75/><E75/><V44/><F44/><N who="1" m="16937" /><E83/><V5/><F5/><W50/><G41/><T90/><D48/><U31/><E31/><V89/><F3/><W103/><G6/><T76/><D61/><U40/><E40/><V107/><F107/><W66/><G30/><T63/><D63/><U99/><E111/><V109/><F109/><W68/><G68/><T7/><D62/><U55/><E55/><V70/><F70/><W101/><G66/><N who="2" m="25129" /><F94/><W39/><G92/><T72/><D7/><N who="1" m="3135" /><E100/><V115/><F115/><W56/><G102/><T15/><D72/><U93/><E93/><V45/><F45/><W57/><G101/><T11/><D11/><U42/><E42/><V0/><F0/><W106/><G103/><T18/><AGARI ba="0,0" hai="15,18,20,76,81,85,90,91,112,113,114" m="51755" machi="18" ten="40,3900,0" yaku="20,1,52,1" doraHai="16" who="0" fromWho="0" sc="250,39,250,-13,250,-13,250,-13" /><INIT seed="0,1,0,4,4,39" ten="289,237,237,237" oya="0" hai0="78,81,60,64,11,84,88,3,21,72,105,118,120" hai1="93,111,124,6,27,69,49,74,63,67,92,46,28" hai2="116,7,41,43,59,68,135,71,50,24,0,77,9" hai3="26,119,51,30,14,95,87,76,37,53,65,99,31"/><T32/><D32/><U127/><E74/><V62/><F135/><W102/><G119/><T97/><D120/><U110/><E6/><V57/><F116/><W126/><G126/><N who="1" m="48170" /><E27/><V17/><F77/><W86/><G37/><T94/><D118/><U130/><E28/><V40/><F50/><W61/><G14/><T70/><D21/><U113/><E130/><V48/><F48/><W15/><G15/><T45/><D45/><U13/><E13/><V108/><F108/><N who="1" m="41513" /><E113/><V106/><F106/><W104/><G104/><T56/><D70/><U75/><E75/><V10/><F59/><W34/><G30/><T122/><D122/><U83/><E83/><V42/><N who="2" m="10240" /><DORA hai="133" /><V89/><F10/><W12/><G12/><T109/><D109/><U47/><E49/><V131/><F131/><W107/><G107/><T29/><D29/><U91/><E93/><V25/><F89/><W103/><G103/><T19/><D19/><U85/><AGARI ba="1,0" hai="46,47,63,67,69,85,91,92" m="41513,48170" machi="85" ten="30,8000,1" yaku="18,1,14,1,52,3" doraHai="39,133" who="1" fromWho="1" sc="289,-41,237,83,237,-21,237,-21" /><INIT seed="1,0,0,1,1,132" ten="248,320,216,216" oya="1" hai0="8,129,99,102,63,22,2,73,123,76,93,19,86" hai1="72,3,27,104,1,75,54,30,57,103,135,124,48" hai2="131,121,7,107,87,52,35,120,95,36,110,11,58" hai3="80,20,37,23,127,67,71,40,90,133,112,81,43"/><U115/><E115/><V126/><F107/><W94/><G112/><T17/><D129/><U68/><E68/><V25/><F36/><W41/><G37/><T59/><D123/><U49/><E135/><V84/><F131/><W69/><G133/><T10/><D73/><U62/><E124/><V64/><F64/><W4/><G4/><T128/><D128/><U98/><E75/><V38/><F38/><W60/><G69/><T109/><D109/><U55/><E72/><V56/><F56/><W118/><G118/><T79/><D2/><U45/><REACH who="1" step="1"/><E49/><REACH who="1" ten="248,310,216,216" step="2"/><V114/><F114/><W34/><G127/><T47/><D47/><U28/><E28/><N who="2" m="19855" /><F126/><W83/><REACH who="3" step="1"/><G34/><AGARI ba="0,1" hai="1,3,27,30,34,45,48,54,55,57,62,98,103,104" machi="34" ten="30,2900,0" yaku="1,1,7,1,53,0" doraHai="132" doraHaiUra="130" who="1" fromWho="3" sc="248,0,310,39,216,0,216,-29" /><INIT seed="1,1,0,5,4,94" ten="248,349,216,187" oya="1" hai0="63,54,40,75,125,2,76,116,106,55,127,79,67" hai1="17,25,133,57,29,49,103,48,107,36,105,108,114" hai2="15,26,78,58,33,9,104,13,98,3,6,53,18" hai3="44,96,70,118,43,120,99,62,97,47,91,117,88"/><U121/><E114/><V37/><F37/><W72/><G72/><T20/><D2/><U35/><E36/><V130/><F130/><W122/><G70/><T113/><D113/><U92/><E121/><N who="3" m="46698" /><G62/><T85/><D106/><U4/><E133/><V21/><F78/><N who="0" m="29738" /><D75/><U110/><E4/><V129/><F129/><W46/><G43/><T131/><D131/><U102/><E17/><V93/><F104/><N who="1" m="40009" /><E57/><V134/><F134/><W109/><G109/><N who="1" m="42090" /><E102/><V119/><F119/><AGARI ba="1,0" hai="44,46,47,88,91,96,97,99,117,118,119" m="46698" machi="119" ten="40,12000,2" yaku="28,2,12,1,52,3,54,1" doraHai="94" who="3" fromWho="2" sc="248,0,349,0,216,-123,187,123" /><INIT seed="2,0,0,3,4,129" ten="248,349,93,310" oya="2" hai0="86,91,113,109,46,31,36,45,119,84,105,90,65" hai1="94,3,82,34,101,42,14,38,32,58,19,18,40" hai2="74,120,127,4,118,9,51,35,98,43,85,97,5" hai3="62,52,20,15,59,135,7,8,55,68,48,88,54"/><V16/><F118/><W115/><G135/><T126/><D113/><U76/><E3/><V104/><F74/><W131/><G131/><T93/><D109/><U111/><E111/><V134/><F120/><W114/><G20/><T30/><D126/><U47/><E42/><V73/><F73/><W79/><G79/><T87/><D105/><U21/><E58/><V108/><F108/><W11/><G11/><T96/><D119/><U133/><E133/><V13/><F134/><W67/><G88/><N who="0" m="33835" /><D65/><U49/><E38/><V29/><F127/><W12/><G15/><T112/><D36/><U33/><E19/><V75/><F75/><W100/><G100/><N who="0" m="60431" /><D112/><AGARI ba="0,0" hai="7,8,12,48,52,54,55,59,62,67,68,112,114,115" machi="112" ten="40,2600,0" yaku="11,1,54,1" doraHai="129" who="3" fromWho="0" sc="248,-26,349,0,93,0,310,26" /><INIT seed="3,0,0,0,4,48" ten="222,349,93,336" oya="3" hai0="63,43,109,135,72,37,90,46,42,104,61,91,52" hai1="57,132,102,123,54,1,94,76,8,84,68,34,88" hai2="96,95,39,51,115,110,62,122,114,30,93,0,78" hai3="18,77,20,134,22,86,9,14,98,119,27,101,112"/><W7/><G119/><T83/><D104/><U26/><E68/><V111/><F0/><W31/><G134/><T92/><D135/><U108/><E132/><V120/><F30/><W55/><G112/><T125/><D125/><U81/><E123/><N who="2" m="47147" /><F39/><W66/><G66/><T80/><D37/><U131/><E108/><N who="2" m="41515" /><F62/><W13/><G55/><T127/><D127/><U89/><E131/><V87/><F51/><W105/><REACH who="3" step="1"/><G86/><REACH who="3" ten="222,349,93,326" step="2"/><T53/><D109/><U79/><E84/><V11/><F11/><W71/><G71/><T128/><D72/><U116/><E54/><N who="0" m="21097" /><D128/><U23/><E8/><V106/><F87/><W45/><G45/><T97/><D46/><U73/><E73/><V33/><F33/><W59/><G59/><T29/><D29/><U2/><E34/><V49/><F49/><W3/><G3/><T38/><D38/><U36/><E2/><V129/><F129/><W124/><G124/><T74/><D74/><U69/><E1/><V126/><F126/><W100/><G100/><T85/><D83/><U60/><E69/><V67/><F67/><W24/><G24/><T50/><D50/><U21/><E36/><V16/><F16/><W70/><G70/><T6/><D6/><U64/><E102/><N who="2" m="62791" /><F78/><AGARI ba="0,1" hai="7,9,13,14,18,20,22,27,31,77,78,98,101,105" machi="78" ten="40,2000,0" yaku="1,1,53,0" doraHai="48" doraHaiUra="65" who="3" fromWho="2" sc="222,0,349,0,93,-20,326,30" owari="222,-17.8,349,14.9,73,-42.7,356,45.6" /></mjloggm>