<mjloggm ver="2.3"><GO type="225" lobby="0"/><UN n0="%E7%B4%94%E6%BD%94%E3%83%94%E3%83%A9%E3%83%8B%E3%82%A2" n1="%E3%81%BF%E3%81%BF%E3%81%9A" n2="%E6%B8%A9%E2%98%85%E6%83%85%E2%98%85%E6%8E%AA%E2%98%85%E7%BD%AE" n3="%E5%A4%8F%E9%88%B4%E9%88%B4%E5%A4%8F" dan="16,16,17,16" rate="2182.67,2110.36,2257.54,2137.89" sx="M,M,M,M"/><TAIKYOKU oya="0"/><INIT seed="0,0,0,3,2,25" ten="250,250,250,250" oya="0" hai0="51,12,110,20,125,22,79,126,15,10,128,18,95" hai1="124,34,113,87,48,17,117,104,0,14,5,8,93" hai2="68,109,41,84,50,37,101,98,27,82,130,77,118" hai3="55,6,64,32,29,19,36,1,65,69,23,133,62"/><T88/><D79/><U56/><E104/><V11/><F109/><W28/><G36/><T85/><D128/><U3/><E117/><V9/><F130/><W135/><G32/><T96/><D110/><U24/><E124/><V112/><F112/><W31/><G65/><T106/><D106/><U44/><E113/><V123/><F123/><W43/><G43/><T21/><D96/><U120/><E120/><V67/><F37/><W80/><G55/><T132/><D132/><N who="3" m="50761" /><G80/><T57/><REACH who="0" step="1"/><D15/><REACH who="0" ten="240,250,250,250" step="2"/><U61/><E0/><V108/><F98/><W72/><G72/><T111/><D111/><U30/><E87/><V91/><F77/><W74/><G74/><T134/><D134/><U39/><E3/><V71/><F84/><W53/><G1/><T81/><D81/><U59/><E93/><V70/><F82/><W42/><G6/><T35/><D35/><U86/><E5/><V63/><F108/><W105/><G105/><T131/><D131/><U46/><E86/><V90/><F118/><W2/><G2/><T40/><D40/><U103/><E103/><V94/><F41/><W45/><G42/><T83/><D83/><U33/><E39/><V116/><F116/><W38/><G38/><T66/><D66/><U4/><E4/><V102/><F67/><W26/><G53/><AGARI ba="0,1" hai="10,12,18,20,21,22,51,53,57,85,88,95,125,126" machi="53" ten="40,7700,0" yaku="1,1,54,1,53,1" doraHai="25" doraHaiUra="47" who="0" fromWho="3" sc="240,87,250,0,250,0,250,-77" /><INIT seed="0,1,0,2,4,29" ten="327,250,250,173" oya="0" hai0="110,103,118,57,96,66,45,3,124,53,36,117,15" hai1="89,58,111,125,74,35,113,18,23,9,102,17,64" hai2="50,128,65,120,61,122,109,126,43,75,20,24,55" hai3="25,40,77,6,92,129,51,54,72,68,62,47,106"/><T32/><D3/><U71/><E74/><V1/><F1/><W63/><G106/><T28/><D124/><U4/><E102/><V84/><F75/><W78/><G129/><T130/><D130/><U115/><E125/><V108/><F128/><W83/><G77/><T95/><D15/><U121/><E121/><V100/><F100/><W133/><G133/><T10/><D10/><U99/><E71/><V0/><F0/><W37/><G68/><T73/><D73/><U31/><E99/><V127/><F84/><W114/><G6/><T88/><D66/><U27/><E89/><V41/><F126/><W11/><G11/><T44/><D110/><N who="2" m="42602" /><F20/><W107/><G107/><T22/><D22/><U48/><E111/><V60/><F24/><W30/><G92/><T16/><D16/><N who="1" m="6251" /><E48/><V59/><F127/><W105/><G105/><T91/><D91/><U14/><E58/><N who="2" m="37047" /><F50/><W42/><G114/><N who="1" m="43530" /><E64/><V12/><F12/><W112/><G112/><T116/><D103/><U123/><E123/><AGARI ba="1,0" hai="41,43,55,59,60,120,122,123" m="37047,42602" machi="123" ten="30,3900,0" yaku="14,1,34,2" doraHai="29" who="2" fromWho="1" sc="327,0,250,-42,250,42,173,0" /><INIT seed="1,0,0,2,2,95" ten="327,208,292,173" oya="1" hai0="82,101,49,65,104,120,129,52,15,113,72,37,43" hai1="22,4,83,91,1,45,92,114,70,79,90,58,105" hai2="111,16,126,78,121,110,134,122,60,112,59,41,85" hai3="51,64,135,36,12,14,55,100,116,109,2,98,53"/><U19/><E114/><V66/><F134/><W63/><G36/><T23/><D113/><U44/><E70/><V130/><F112/><W56/><G2/><T107/><D65/><U38/><E105/><V21/><F130/><W103/><G109/><N who="2" m="41481" /><F126/><W69/><G135/><T119/><D119/><U7/><E58/><V46/><F85/><W0/><G0/><T108/><D129/><U62/><E62/><V28/><F78/><W75/><G75/><T13/><D37/><U33/><E33/><V57/><F28/><W30/><G116/><T34/><D34/><U9/><E7/><V88/><F88/><W5/><G5/><T76/><D43/><U99/><E91/><V128/><F59/><W73/><G73/><T97/><D107/><U123/><E123/><V6/><F6/><W106/><G100/><T133/><D120/><U27/><REACH who="1" step="1"/><E38/><REACH who="1" ten="327,198,292,173" step="2"/><N who="2" m="21815" /><F128/><W81/><G69/><T125/><D108/><U87/><AGARI ba="0,1" hai="1,4,9,19,22,27,44,45,79,83,87,90,92,99" machi="87" ten="20,18000,2" yaku="1,1,0,1,7,1,52,1,53,2" doraHai="95" doraHaiUra="40" who="1" fromWho="1" sc="327,-60,198,190,292,-60,173,-60" /><INIT seed="1,1,0,5,0,103" ten="267,388,232,113" oya="1" hai0="6,4,70,89,13,46,41,90,45,120,123,134,117" hai1="128,48,65,80,60,77,62,76,43,68,50,9,47" hai2="135,64,30,105,28,129,96,115,35,122,95,14,102" hai3="86,52,38,54,124,25,42,114,67,111,130,5,36"/><U133/><E128/><V39/><F122/><N who="0" m="46634" /><D70/><U8/><E133/><V59/><F39/><W10/><G114/><T18/><D117/><U63/><E77/><V44/><F135/><W113/><G113/><T126/><D126/><U1/><E9/><V0/><F115/><W15/><G124/><T82/><D46/><U132/><E132/><V72/><F0/><W26/><G130/><T61/><D61/><U21/><E48/><V57/><F72/><W32/><G111/><T99/><D99/><U27/><E8/><V81/><F35/><W12/><G67/><T79/><D90/><U31/><REACH who="1" step="1"/><E1/><REACH who="1" ten="267,378,232,113" step="2"/><V29/><F129/><W125/><G125/><T49/><D134/><U11/><E11/><V112/><F112/><W109/><G10/><N who="0" m="6455" /><D89/><U37/><E37/><V92/><F44/><W34/><G5/><T58/><D58/><U127/><E127/><V56/><F56/><W51/><G51/><T3/><D3/><U110/><E110/><V78/><F59/><W7/><G109/><T121/><N who="0" m="46642" /><T84/><AGARI ba="1,1" hai="4,6,41,45,49,79,82,84" m="6455,46642" machi="84" ten="40,2700,0" yaku="4,1,13,1" doraHai="103" who="0" fromWho="0" sc="267,40,378,-14,232,-8,113,-8" /><INIT seed="2,0,0,3,2,134" ten="307,364,224,105" oya="2" hai0="18,91,74,73,109,96,101,28,31,67,99,3,9" hai1="17,27,83,79,93,126,13,82,81,120,88,111,64" hai2="121,76,8,45,119,25,71,114,54,26,68,87,46" hai3="133,50,86,128,2,32,94,34,61,125,51,104,103"/><V116/><F114/><W55/><G2/><T132/><D109/><U110/><E126/><V1/><F121/><W15/><G133/><T69/><D132/><U98/><E120/><V37/><F37/><W20/><G104/><T100/><D91/><U130/><E130/><V62/><F8/><W129/><G61/><T59/><D59/><U38/><E38/><V115/><F1/><W117/><G117/><T127/><D69/><U75/><E27/><V77/><F87/><W72/><G72/><T21/><D67/><U123/><E64/><V14/><F14/><W92/><G86/><T84/><D84/><U70/><E70/><V43/><F62/><W80/><G80/><T24/><D3/><U40/><E40/><V19/><F19/><W106/><G106/><T44/><D44/><U65/><E65/><V63/><F63/><W47/><G15/><T56/><D56/><U48/><E48/><V10/><F10/><W42/><G20/><T36/><D36/><U57/><E57/><V112/><REACH who="2" step="1"/><F43/><REACH who="2" ten="307,364,214,105" step="2"/><W122/><G122/><T95/><D9/><N who="1" m="6319" /><E123/><V60/><F60/><W90/><G42/><T53/><D73/><U118/><E118/><V49/><F49/><W102/><G55/><AGARI ba="0,1" hai="25,26,45,46,54,55,68,71,76,77,112,115,116,119" machi="55" ten="25,4800,0" yaku="1,1,22,2,53,0" doraHai="134" doraHaiUra="30" who="2" fromWho="3" sc="307,0,364,0,214,58,105,-48" /><INIT seed="2,1,0,2,1,42" ten="307,364,272,57" oya="2" hai0="14,45,99,115,126,25,109,34,75,58,106,21,103" hai1="53,7,73,132,90,76,82,33,97,44,46,18,81" hai2="95,37,118,10,12,78,31,63,67,133,0,28,87" hai3="1,117,114,91,48,35,124,85,54,5,61,65,121"/><V2/><F118/><W41/><G35/><T71/><D71/><U6/><E33/><V51/><F37/><W16/><G117/><T68/><D68/><U60/><E132/><V38/><F38/><W26/><G121/><T39/><D115/><U110/><E110/><V94/><F133/><W93/><G41/><T55/><D109/><U112/><E112/><V50/><F0/><W101/><G114/><T128/><D126/><U72/><E18/><V77/><F2/><W30/><G30/><N who="2" m="11305" /><F63/><W135/><G135/><T8/><D75/><U49/><E60/><V64/><F64/><W131/><G124/><T89/><D34/><U40/><E97/><V29/><F67/><W47/><G101/><T15/><D89/><U43/><E53/><V70/><F70/><W113/><G113/><T9/><D128/><U105/><E105/><V125/><F29/><W56/><G131/><T107/><D107/><U17/><E17/><N who="2" m="8343" /><F125/><W20/><G1/><T13/><D25/><U52/><E52/><V24/><F24/><W130/><REACH who="3" step="1"/><G130/><REACH who="3" ten="307,364,272,47" step="2"/><T22/><D21/><U96/><E43/><V129/><F129/><W92/><G92/><T80/><D22/><U123/><E123/><V66/><F95/><W116/><G116/><T104/><D106/><U111/><E111/><V83/><F94/><W127/><G127/><T32/><D32/><U120/><E120/><V84/><F66/><W4/><AGARI ba="1,1" hai="4,5,16,20,26,47,48,54,56,61,65,85,91,93" machi="4" ten="30,8000,1" yaku="1,1,0,1,8,1,52,1,54,1,53,0" doraHai="42" doraHaiUra="108" who="3" fromWho="3" sc="307,-21,364,-21,272,-41,47,93" /><INIT seed="3,0,0,1,5,117" ten="286,343,231,140" oya="3" hai0="25,72,98,13,134,74,76,38,90,27,124,97,122" hai1="44,87,5,92,128,26,110,37,66,7,50,16,109" hai2="106,135,43,94,61,91,62,101,108,53,28,114,68" hai3="129,23,65,24,8,45,77,30,33,132,4,84,81"/><W34/><G129/><T127/><D38/><U18/><E37/><V15/><F114/><W116/><G116/><T55/><D76/><U39/><E39/><V10/><F68/><W41/><G65/><T119/><D119/><U11/><E66/><V125/><F28/><W100/><G100/><T120/><D90/><N who="1" m="53343" /><E26/><N who="0" m="9737" /><D55/><N who="1" m="30151" /><E5/><V126/><F135/><W49/><REACH who="3" step="1"/><G132/><REACH who="3" ten="286,343,231,130" step="2"/><T51/><D134/><U14/><E128/><V47/><F101/><W42/><G42/><T59/><D127/><U46/><E109/><V32/><F108/><W78/><G78/><T3/><D124/><U75/><E110/><V96/><F126/><W60/><G60/><T80/><D122/><U2/><E2/><AGARI ba="0,1" hai="2,4,8,23,24,30,33,34,41,45,49,77,81,84" machi="2" ten="30,2900,0" yaku="1,1,7,1,53,0" doraHai="117" doraHaiUra="52" who="3" fromWho="1" sc="286,0,343,-29,231,0,130,39" /><INIT seed="3,1,0,4,1,76" ten="286,314,231,169" oya="3" hai0="135,103,115,87,92,111,28,7,39,52,95,33,82" hai1="126,133,71,58,41,54,127,91,88,132,45,34,119" hai2="66,68,110,122,118,125,65,105,61,106,38,14,100" hai3="46,30,129,114,48,15,37,40,93,97,21,18,36"/><W96/><G114/><T117/><D39/><N who="1" m="21695" /><E34/><V4/><F125/><N who="1" m="47625" /><E71/><V124/><F118/><W35/><G129/><T59/><D117/><U79/><E79/><V90/><F38/><W73/><G73/><T112/><D7/><U57/><E57/><V31/><F122/><W27/><REACH who="3" step="1"/><G97/><REACH who="3" ten="286,314,231,159" step="2"/><T74/><D115/><U120/><E119/><V78/><F124/><W63/><G63/><T109/><D74/><U43/><E120/><V51/><F61/><W67/><G67/><T16/><D112/><U53/><E133/><V20/><F66/><W55/><G55/><T56/><D52/><U5/><E132/><V19/><F65/><W102/><AGARI ba="1,1" hai="15,18,21,27,30,35,36,37,40,46,48,93,96,102" machi="102" ten="20,7800,0" yaku="1,1,0,1,7,1,53,1" doraHai="76" doraHaiUra="89" who="3" fromWho="3" sc="286,-27,314,-27,231,-27,159,91" /><INIT seed="3,2,0,2,2,5" ten="259,287,204,250" oya="3" hai0="29,73,14,57,17,76,109,34,62,65,67,92,98" hai1="116,23,15,85,81,35,47,30,51,69,28,53,22" hai2="48,120,121,118,115,95,119,12,64,32,83,31,60" hai3="0,1,61,124,59,4,122,112,106,9,42,27,110"/><W33/><G122/><N who="2" m="47209" /><F115/><W99/><G112/><T103/><D109/><U82/><E69/><N who="2" m="42119" /><F95/><W88/><G110/><T100/><D34/><U79/><E35/><V114/><F114/><W97/><G124/><T6/><D29/><N who="1" m="11371" /><E116/><N who="2" m="44587" /><F48/><W125/><G125/><T107/><D6/><U87/><E15/><V55/><F12/><W8/><G106/><T94/><D103/><U45/><E45/><V130/><F55/><W75/><G0/><T123/><D123/><U129/><E129/><V50/><F50/><W24/><G1/><T101/><D101/><U84/><E84/><V80/><F130/><W2/><G2/><T111/><D111/><U36/><E36/><V39/><F39/><W104/><G33/><T10/><REACH who="0" step="1"/><D67/><REACH who="0" ten="249,287,204,250" step="2"/><U131/><E131/><V25/><AGARI ba="2,1" hai="25,31,32,80,83" m="44587,42119,47209" machi="25" ten="40,1500,0" yaku="13,1" doraHai="5" who="2" fromWho="2" sc="249,-6,287,-6,204,31,250,-9" /><INIT seed="4,0,0,5,5,29" ten="243,281,235,241" oya="0" hai0="22,121,93,17,55,51,60,104,24,114,75,69,80" hai1="101,32,65,132,7,3,102,11,44,128,108,127,47" hai2="92,1,56,107,0,103,59,34,123,133,10,76,135" hai3="49,96,46,112,87,40,99,88,82,58,20,130,37"/><T125/><D121/><U62/><E108/><V84/><F123/><W105/><G112/><T28/><D104/><U39/><E32/><V61/><F34/><W68/><G130/><T134/><D114/><U43/><E128/><V100/><F107/><W98/><G68/><T26/><D125/><U79/><E127/><V6/><F1/><W77/><G105/><T15/><D134/><N who="2" m="51210" /><F92/><W71/><G71/><T120/><D120/><U117/><E132/><V95/><F95/><W116/><G116/><T66/><D93/><U106/><E117/><V86/><F59/><W42/><G20/><T85/><D75/><U119/><E119/><V72/><F72/><W129/><G129/><T30/><D30/><U9/><E106/><V115/><F115/><W13/><G13/><T113/><D113/><U35/><E35/><V118/><F118/><W97/><G97/><T18/><D26/><U50/><E79/><V63/><F63/><W14/><G14/><T91/><REACH who="0" step="1"/><D15/><REACH who="0" ten="233,281,235,241" step="2"/><U48/><E101/><N who="2" m="38987" /><F76/><W122/><G122/><T94/><D94/><U64/><E102/><V25/><F25/><W78/><G78/><T38/><D38/><U81/><E39/><V8/><F8/><W131/><G131/><T111/><D111/><U110/><E110/><V109/><F109/><W31/><G77/><T70/><D70/><N who="1" m="42263" /><E9/><V27/><F27/><W19/><G37/><T5/><D5/><U33/><E81/><V16/><F16/><W52/><G31/><T54/><D54/><AGARI ba="0,1" hai="0,6,10,54,56,61,84,86" m="38987,51210" machi="54" ten="30,1000,0" yaku="20,1" doraHai="29" who="2" fromWho="0" sc="233,-10,281,0,235,20,241,0" /><INIT seed="5,0,0,0,3,64" ten="223,281,255,241" oya="1" hai0="94,53,55,111,35,100,123,50,15,63,134,126,90" hai1="124,26,51,125,133,61,3,84,42,132,96,81,29" hai2="99,19,107,32,58,70,119,41,106,12,14,36,93" hai3="98,86,115,89,1,0,127,113,122,112,38,97,104"/><U69/><E3/><N who="3" m="1098" /><G122/><T82/><D111/><U17/><E17/><V57/><F32/><W71/><G38/><T22/><D35/><N who="1" m="20919" /><E96/><N who="3" m="36970" /><G104/><T49/><D123/><U60/><E42/><V68/><F93/><N who="3" m="54455" /><G127/><N who="1" m="48714" /><E51/><V31/><F99/><W44/><G44/><N who="0" m="27815" /><D126/><U62/><E69/><AGARI ba="0,0" hai="69,71,112,113,115" m="54455,36970,1098" machi="69" ten="40,5200,0" yaku="15,1,52,2" doraHai="64" who="3" fromWho="1" sc="223,0,281,-52,255,0,241,52" /><INIT seed="6,0,0,3,5,52" ten="223,229,255,293" oya="2" hai0="91,118,65,17,130,46,64,87,53,61,125,129,69" hai1="22,115,114,29,90,97,107,73,92,26,109,45,60" hai2="119,120,81,113,100,15,12,104,102,82,33,7,24" hai3="48,58,86,37,134,106,40,132,23,79,43,2,16"/><V85/><F119/><W94/><G106/><T110/><D110/><U62/><E109/><V50/><F120/><W66/><G2/><T117/><D17/><U18/><E73/><V10/><F113/><N who="1" m="43017" /><E45/><V124/><F124/><W32/><G32/><T128/><D125/><U93/><E107/><V88/><F104/><W4/><G4/><T55/><D65/><U3/><E3/><V0/><F0/><W77/><G37/><T68/><D69/><U28/><E93/><V27/><F33/><W6/><G6/><T63/><D46/><U49/><E49/><V89/><F50/><W135/><G43/><T80/><REACH who="0" step="1"/><D63/><AGARI ba="0,0" hai="18,22,26,28,29,60,62,63,90,92,97" m="43017" machi="63" ten="30,1000,0" yaku="15,1" doraHai="52" who="1" fromWho="0" sc="223,-10,229,10,255,0,293,0" /><INIT seed="7,0,0,2,4,28" ten="213,239,255,293" oya="3" hai0="116,106,43,91,57,111,44,86,113,122,20,26,0" hai1="59,68,7,104,21,73,48,125,129,112,25,130,95" hai2="131,10,120,123,115,88,56,19,103,96,24,118,135" hai3="23,30,97,36,50,54,132,67,34,75,58,124,14"/><W22/><G36/><T47/><D111/><U93/><E104/><V11/><F118/><W66/><G75/><T121/><D116/><U49/><E68/><V108/><F108/><W102/><G132/><T126/><D0/><U39/><E39/><V37/><F37/><W105/><G124/><T72/><D72/><U82/><E125/><V119/><F119/><W94/><G105/><T32/><D126/><U100/><E7/><V3/><F3/><W87/><G34/><T85/><D106/><U99/><E95/><N who="2" m="56423" /><F103/><W63/><G30/><T16/><D113/><U134/><E134/><V29/><F19/><N who="3" m="10615" /><G23/><T55/><D32/><U12/><E12/><V18/><F18/><W27/><G27/><T77/><D77/><N who="1" m="44335" /><E59/><V52/><F135/><W74/><G74/><T128/><D128/><N who="1" m="49259" /><E112/><V61/><F115/><W45/><G87/><T89/><D122/><N who="2" m="46634" /><F131/><W92/><G92/><T81/><D43/><AGARI ba="0,0" hai="43,45,50,54,58,63,66,67,94,97,102" m="10615" machi="43" ten="30,1500,0" yaku="8,1" doraHai="28" who="3" fromWho="0" sc="213,-15,239,0,255,0,293,15" owari="198,-30.2,239,-16.1,255,5.5,308,40.8" /></mjloggm>