<mjloggm ver="2.3"><GO type="225" lobby="0"/><UN n0="%E4%B8%89%E5%86%A0%E7%8E%8B%E3%83%BB%E5%B1%B1%E7%94%B0%E5%93%B2%E4%BA%BA" n1="%E2%91%A3%E9%81%BF%E9%81%8A%E6%88%AF%E3%80%90%E6%9D%B1%E5%8D%97%E3%80%91" n2="%E3%81%86%E3%81%A1%E3%83%BC" n3="%E9%B3%B3%E6%9D%B1%E3%81%AE%E3%81%86%E3%81%95%E3%81%8E%E3%81%95%E3%82%93" dan="16,16,17,16" rate="2129.97,2082.90,2190.10,2155.21" sx="M,M,M,M"/><TAIKYOKU oya="0"/><INIT seed="0,0,0,3,3,44" ten="250,250,250,250" oya="0" hai0="98,84,127,124,12,107,58,100,130,118,64,132,92" hai1="93,82,128,117,38,42,129,17,11,39,29,90,36" hai2="14,9,78,26,61,55,103,120,63,8,66,24,115" hai3="47,87,34,89,74,53,119,71,88,106,122,110,56"/><T41/><D118/><U46/><E117/><V6/><F120/><W4/><G119/><T86/><D41/><U5/><E17/><V0/><F115/><W60/><G74/><T54/><D64/><U101/><E29/><V97/><F78/><W65/><G122/><T133/><D12/><U80/><E101/><V135/><F55/><W13/><G110/><T30/><D30/><U123/><E123/><V121/><F63/><W18/><G106/><T25/><D25/><U62/><E62/><V35/><F35/><W31/><G4/><T125/><D130/><N who="1" m="50283" /><E93/><V59/><F135/><N who="0" m="51786" /><D107/><U51/><E90/><V15/><F0/><AGARI ba="0,0" hai="0,5,11,36,38,39,42,46,51,80,82" m="50283" machi="0" ten="40,2600,0" yaku="19,1,52,1" doraHai="44" who="1" fromWho="2" sc="250,0,250,26,250,-26,250,0" /><INIT seed="1,0,0,4,2,40" ten="250,276,224,250" oya="1" hai0="93,129,99,62,94,44,54,48,67,100,101,117,97" hai1="86,15,70,39,116,7,49,1,68,5,110,80,28" hai2="90,125,34,118,11,30,134,36,69,18,87,14,113" hai3="103,76,114,57,22,120,12,41,75,45,16,37,78"/><U131/><E116/><V71/><F118/><W6/><G120/><T130/><REACH who="0" step="1"/><D117/><REACH who="0" ten="240,276,224,250" step="2"/><U102/><E131/><V123/><F71/><AGARI ba="0,1" hai="44,48,54,62,67,71,93,94,97,99,100,101,129,130" machi="71" ten="40,12000,2" yaku="21,2,2,1,9,1,52,1,53,1" doraHai="40" doraHaiUra="66" who="0" fromWho="2" sc="240,130,276,0,224,-120,250,0" /><INIT seed="2,0,0,2,3,46" ten="370,276,104,250" oya="2" hai0="62,69,119,65,54,22,49,72,47,42,0,27,118" hai1="35,114,116,10,15,108,111,107,129,19,6,104,99" hai2="32,24,105,132,79,100,106,113,83,120,12,117,5" hai3="74,103,98,115,102,25,55,66,2,82,33,95,110"/><V61/><F113/><W34/><G115/><T128/><D72/><U125/><E114/><V13/><F117/><N who="0" m="44554" /><D0/><U26/><E116/><V11/><F120/><W77/><G110/><T80/><D80/><U134/><E134/><V133/><F100/><W17/><G2/><T78/><D78/><U48/><E125/><V28/><F61/><W127/><G127/><T4/><D4/><U23/><E129/><V131/><F131/><W8/><G66/><T126/><D126/><U86/><E86/><V123/><F123/><W41/><G41/><T94/><D94/><U89/><E89/><V56/><F56/><W122/><G122/><T91/><D91/><U130/><E130/><V38/><F38/><W51/><G102/><T87/><D87/><U29/><E99/><V67/><F67/><W59/><G8/><T3/><D3/><N who="1" m="351" /><E48/><V14/><F14/><W16/><REACH who="3" step="1"/><G25/><REACH who="3" ten="370,276,104,240" step="2"/><T109/><D128/><U45/><E111/><V70/><F70/><W37/><G37/><T112/><D109/><U101/><E108/><V30/><F30/><W93/><G93/><T90/><D112/><U40/><E101/><V68/><F68/><W31/><G31/><T92/><D92/><U44/><E40/><V50/><F106/><AGARI ba="0,1" hai="15,19,23,26,29,35,44,45,104,106,107" m="351" machi="106" ten="30,1000,0" yaku="24,1" doraHai="46" who="1" fromWho="2" sc="370,0,276,20,104,-10,240,0" /><INIT seed="3,0,0,3,4,77" ten="370,296,94,240" oya="3" hai0="83,61,113,125,95,101,7,44,28,6,135,30,10" hai1="32,54,27,108,114,16,19,130,75,118,98,58,131" hai2="45,85,76,64,12,79,93,34,80,63,13,62,128" hai3="35,116,26,124,53,78,65,40,9,123,68,20,99"/><W89/><G116/><T37/><D37/><U66/><E114/><V106/><F106/><W81/><G123/><T42/><D6/><U59/><E75/><V126/><F34/><W31/><G124/><T5/><D5/><U111/><E98/><V132/><F126/><W110/><G110/><N who="1" m="42026" /><E66/><V103/><F132/><W17/><G40/><T55/><D61/><N who="1" m="36055" /><E59/><V70/><F128/><N who="1" m="49193" /><E118/><V3/><F3/><W48/><G68/><T104/><D101/><U92/><E92/><V47/><F70/><W46/><G65/><T51/><D95/><U43/><E43/><V38/><F38/><W96/><G89/><T0/><D44/><U112/><E112/><V121/><F121/><W74/><REACH who="3" step="1"/><G9/><REACH who="3" ten="370,296,94,230" step="2"/><T21/><D10/><U33/><E27/><AGARI ba="0,1" hai="17,20,26,27,31,35,46,48,53,74,78,81,96,99" machi="27" ten="30,12000,1" yaku="1,1,2,1,7,1,52,1,53,1" doraHai="77" doraHaiUra="49" who="3" fromWho="1" sc="370,0,296,-120,94,0,230,130" /><INIT seed="3,1,0,3,1,69" ten="370,176,94,360" oya="3" hai0="52,31,107,108,83,117,129,20,123,14,11,35,120" hai1="109,6,103,94,25,78,23,36,47,43,134,125,9" hai2="61,41,45,101,65,115,111,21,7,19,75,85,4" hai3="30,68,105,102,88,16,1,42,81,72,66,124,82"/><W34/><G1/><T90/><D117/><U10/><E134/><V127/><F115/><W114/><G114/><T89/><D107/><U86/><E125/><V74/><F111/><W93/><G124/><T48/><D108/><U50/><E109/><V2/><F127/><W15/><G42/><T131/><D20/><U56/><E10/><V79/><F101/><W37/><G37/><T58/><D31/><U22/><E103/><V99/><F99/><N who="3" m="59759" /><G72/><T122/><D35/><U24/><E94/><V70/><F85/><N who="3" m="50223" /><G68/><T0/><D0/><U121/><E121/><V106/><F106/><W62/><G34/><T133/><D133/><U63/><E25/><V100/><F100/><W27/><G105/><T60/><D60/><U77/><E36/><V87/><F87/><W91/><G27/><T95/><D83/><U110/><E110/><V80/><F75/><W132/><G132/><T71/><D71/><U28/><E23/><V29/><F29/><W112/><G30/><T32/><D32/><U104/><E86/><V126/><F126/><W76/><G112/><T13/><D13/><N who="1" m="5303" /><E104/><V12/><REACH who="2" step="1"/><F2/><REACH who="2" ten="370,176,84,360" step="2"/><W118/><G118/><T5/><REACH who="0" step="1"/><D89/><REACH who="0" ten="360,176,84,360" step="2"/><U67/><AGARI ba="1,2" hai="22,24,28,43,47,50,56,63,67,77,78" m="5303" machi="67" ten="30,1100,0" yaku="8,1" doraHai="69" who="1" fromWho="1" sc="360,-4,176,34,84,-4,360,-6" owari="356,45.6,210,-19.0,80,-42.0,354,15.4" /></mjloggm>