<mjloggm ver="2.3"><GO type="225" lobby="0"/><UN n0="%E5%B0%8F%E9%B3%A5%E9%81%8A%E7%B7%B4%E7%84%A1%32%31%E6%AD%B3" n1="%77%72%77%72%77%72%77%72" n2="%E3%81%99%E3%81%84%E3%81%BE%E3%81%9B%E3%83%BC%E3%82%93" n3="%E5%8D%A0%E3%81%84%E5%B8%AB%E8%A3%8F%E3%81%AA%E3%81%84%E3%81%97" dan="16,16,17,16" rate="2196.71,2170.92,2223.38,2137.19" sx="F,M,M,M"/><TAIKYOKU oya="0"/><INIT seed="0,0,0,1,1,119" ten="250,250,250,250" oya="0" hai0="63,37,23,96,118,100,115,3,5,9,24,90,66" hai1="46,57,59,31,39,42,84,135,48,73,124,116,67" hai2="125,72,34,1,104,95,14,29,30,2,12,127,58" hai3="129,54,7,130,110,68,47,99,40,88,64,82,77"/><T22/><D115/><U75/><E116/><V91/><F104/><W89/><G110/><T35/><D118/><U16/><E135/><V49/><F72/><W98/><G7/><T113/><D37/><U106/><E106/><V79/><F79/><W83/><G54/><T53/><D53/><U117/><E117/><V81/><F81/><W86/><G64/><T103/><D113/><U13/><E124/><N who="2" m="47691" /><F58/><W6/><G6/><T132/><D132/><U107/><E107/><V50/><F50/><W19/><G19/><T76/><D76/><U62/><E31/><N who="2" m="11787" /><F49/><W18/><G18/><T38/><D38/><U17/><E17/><V56/><F56/><W33/><G33/><T60/><D35/><U80/><E57/><V109/><F109/><W15/><G15/><N who="2" m="5673" /><F34/><W4/><G68/><T0/><D66/><U26/><E39/><V85/><AGARI ba="0,0" hai="1,2,85,91,95" m="5673,11787,47691" machi="85" ten="30,1100,0" yaku="18,1" doraHai="119" who="2" fromWho="2" sc="250,-5,250,-3,250,11,250,-3" /><INIT seed="1,0,0,0,2,9" ten="245,247,261,247" oya="1" hai0="119,106,122,134,39,41,99,69,62,22,21,20,4" hai1="48,125,19,29,111,59,101,104,123,51,79,2,15" hai2="124,85,130,109,65,27,78,30,97,121,89,40,96" hai3="45,90,42,120,3,102,107,54,50,57,12,117,132"/><U87/><E123/><V23/><F121/><W16/><G132/><T44/><D122/><U0/><E125/><V10/><F124/><W92/><G3/><T49/><D119/><U25/><E111/><V127/><F127/><W18/><G117/><T6/><D134/><U38/><E38/><V70/><F130/><W46/><G120/><T68/><D39/><U83/><E104/><V67/><F78/><W37/><G18/><T93/><D106/><U116/><E116/><V86/><F40/><W133/><G133/><T131/><D131/><U81/><E101/><V100/><F86/><N who="3" m="52311" /><G107/><T135/><D135/><U52/><E48/><V98/><F100/><W114/><G114/><T35/><D35/><U84/><E25/><V77/><F77/><W7/><G7/><T74/><D74/><U5/><E29/><V8/><F70/><W80/><G102/><T95/><D62/><U24/><E24/><V58/><F109/><W26/><G26/><T34/><D34/><U56/><E56/><V112/><F112/><W66/><G66/><N who="2" m="25097" /><F58/><W118/><G118/><T88/><REACH who="0" step="1"/><D93/><AGARI ba="0,0" hai="8,10,23,27,30,85,89,93,96,97,98" m="25097" machi="93" ten="30,1000,0" yaku="8,1" doraHai="9" who="2" fromWho="0" sc="245,-10,247,0,261,10,247,0" /><INIT seed="2,0,0,3,5,59" ten="235,247,271,247" oya="2" hai0="84,55,64,5,36,15,95,29,110,8,101,28,91" hai1="74,0,31,134,94,52,44,99,34,27,72,62,6" hai2="118,119,114,54,123,25,63,60,53,65,107,126,124" hai3="14,67,58,96,23,19,2,92,79,47,7,42,113"/><V111/><F107/><W116/><G116/><N who="2" m="44585" /><F25/><W108/><G113/><T50/><D36/><U75/><E134/><V21/><F21/><W115/><G108/><T3/><D110/><U121/><E121/><V82/><F82/><W83/><G115/><T97/><D64/><U49/><E0/><V102/><F102/><W109/><G109/><T17/><D5/><U80/><E6/><V128/><F111/><W85/><G2/><T11/><D11/><U9/><E9/><V100/><F100/><W127/><G127/><N who="2" m="48681" /><F114/><W70/><G70/><T38/><D38/><U51/><E80/><V61/><F123/><W35/><G35/><T81/><REACH who="0" step="1"/><D3/><REACH who="0" ten="225,247,271,247" step="2"/><U117/><E117/><V131/><F65/><W22/><G7/><T69/><D69/><U77/><E77/><V120/><F120/><W105/><G67/><T10/><D10/><U68/><E68/><V57/><F53/><W112/><G112/><T18/><D18/><U33/><E52/><V89/><F54/><W37/><G19/><T106/><D106/><U56/><E31/><V20/><F20/><W1/><G1/><T104/><D104/><U135/><E34/><V130/><F57/><AGARI ba="0,1" hai="8,15,17,28,29,50,55,57,81,84,91,95,97,101" machi="57" ten="30,8000,1" yaku="1,1,7,1,8,1,53,2" doraHai="59" doraHaiUra="26" who="0" fromWho="2" sc="225,90,247,0,271,-80,247,0" /><INIT seed="3,0,0,2,3,77" ten="315,247,191,247" oya="3" hai0="41,94,125,51,42,115,40,44,16,91,132,10,54" hai1="121,88,80,99,4,124,32,108,13,9,78,0,69" hai2="82,73,135,24,103,113,105,127,93,22,6,30,43" hai3="5,68,83,81,29,66,26,18,64,59,119,50,104"/><W62/><G104/><T63/><D132/><U7/><E121/><V58/><F113/><W31/><G119/><T85/><D125/><U111/><E69/><V28/><F135/><W38/><G38/><T130/><D130/><U72/><E32/><V19/><F105/><W118/><G118/><T1/><D1/><U71/><E71/><V45/><F127/><W109/><G109/><N who="1" m="42058" /><E124/><V86/><F6/><W75/><G75/><T122/><D122/><U14/><E7/><V110/><F110/><W90/><G90/><T65/><D115/><U98/><E98/><V53/><F73/><W48/><G68/><T27/><D65/><U12/><E0/><V57/><F93/><AGARI ba="0,0" hai="4,9,12,13,14,72,78,80,88,93,99" m="42058" machi="93" ten="30,3900,0" yaku="14,1,52,1,54,1" doraHai="77" who="1" fromWho="2" sc="315,0,247,39,191,-39,247,0" owari="315,41.5,286,8.6,152,-34.8,247,-15.3" /></mjloggm>