<mjloggm ver="2.3"><GO type="225" lobby="0"/><UN n0="%E9%BB%92%E9%89%84%E7%8F%A0%E9%9B%AB" n1="%E3%81%B7%E3%82%8A%E3%82%93%E8%81%96%E4%BA%BA" n2="%37%2F%32%E3%81%AB%E7%94%9F%E3%81%BE%E3%82%8C%E3%81%A6" n3="%77%72%77%72%77%72%77%72" dan="16,16,17,16" rate="2145.53,2078.65,2210.42,2113.38" sx="F,M,M,M"/><TAIKYOKU oya="0"/><INIT seed="0,0,0,3,1,90" ten="250,250,250,250" oya="0" hai0="105,106,125,122,82,131,73,1,100,10,101,91,20" hai1="51,76,38,126,121,46,96,66,24,13,42,45,33" hai2="92,19,49,52,29,7,43,134,22,110,32,111,107" hai3="115,67,25,117,113,129,56,64,53,70,26,124,62"/><T102/><D1/><U114/><E121/><V48/><F107/><W86/><G117/><T80/><D10/><U118/><E118/><V95/><F7/><W119/><G119/><T71/><D20/><U104/><E66/><V47/><F134/><W93/><G129/><T85/><D71/><U128/><E128/><V50/><F50/><W87/><G124/><T133/><D131/><U77/><E126/><V39/><F49/><W12/><G12/><T79/><D125/><U72/><E72/><V4/><F4/><W8/><G8/><T68/><D68/><U58/><E58/><N who="2" m="33031" /><F29/><W40/><G40/><T17/><D17/><U55/><E13/><N who="2" m="9583" /><F32/><W16/><G70/><T9/><D9/><U75/><E75/><V108/><AGARI ba="0,0" hai="39,43,47,92,95,108,110,111" m="9583,33031" machi="108" ten="30,7900,0" yaku="14,1,52,2,54,1" doraHai="90" who="2" fromWho="2" sc="250,-39,250,-20,250,79,250,-20" /><INIT seed="1,0,0,4,4,62" ten="211,230,329,230" oya="1" hai0="87,16,83,33,40,121,118,19,11,26,98,91,32" hai1="49,21,119,69,99,46,80,14,55,30,90,133,102" hai2="37,82,92,100,25,41,116,79,58,84,68,44,97" hai3="115,86,8,103,5,96,105,24,134,1,81,65,3"/><U71/><E119/><V106/><F116/><W114/><G134/><T78/><D118/><U57/><E133/><V111/><F111/><W9/><G24/><T108/><D108/><U43/><E80/><V112/><F112/><W75/><G75/><T67/><D121/><U59/><E90/><V54/><F68/><W23/><G23/><T88/><D40/><U131/><E131/><V107/><F25/><W4/><REACH who="3" step="1"/><G65/><REACH who="3" ten="211,230,329,220" step="2"/><T77/><D33/><U12/><E21/><V38/><F38/><W110/><G110/><T63/><D32/><U73/><E73/><V17/><F17/><N who="0" m="6730" /><D26/><U60/><E30/><V22/><F22/><W101/><G101/><T94/><D11/><U2/><E2/><V74/><F74/><W129/><G129/><T64/><D63/><AGARI ba="0,1" hai="37,41,44,54,58,63,79,82,84,92,97,100,106,107" machi="63" ten="30,1000,0" yaku="7,1" doraHai="62" who="2" fromWho="0" sc="211,-10,230,0,329,20,220,0" /><INIT seed="2,0,0,3,4,78" ten="201,230,349,220" oya="2" hai0="10,36,63,58,77,64,50,109,19,44,34,68,94" hai1="107,124,25,46,72,22,100,9,92,135,52,115,122" hai2="76,20,24,98,86,99,42,108,62,56,11,43,69" hai3="83,45,28,127,128,5,39,65,49,21,120,54,121"/><V35/><F35/><W73/><G128/><T118/><D34/><U88/><E72/><V132/><F69/><W131/><G131/><T134/><D109/><U123/><E115/><V41/><F132/><W61/><G127/><T7/><D134/><U105/><E100/><V48/><F48/><W130/><G130/><T8/><D118/><U84/><E9/><V114/><F11/><W1/><G39/><T18/><D10/><U75/><E75/><V31/><F114/><W74/><G5/><T82/><D94/><U30/><E135/><V93/><F108/><W71/><G1/><T16/><D36/><U133/><E133/><V47/><F47/><W14/><G73/><T33/><D33/><U87/><E87/><V91/><REACH who="2" step="1"/><F76/><REACH who="2" ten="201,230,339,220" step="2"/><W38/><G38/><T95/><D68/><U81/><E124/><V90/><F90/><W113/><G113/><T60/><D60/><U26/><E122/><V102/><F102/><W106/><G61/><T103/><D50/><U6/><E123/><V51/><F51/><W32/><G71/><T110/><D44/><U55/><E46/><V104/><F104/><W126/><G106/><T66/><D110/><U89/><E105/><V59/><F59/><W101/><G126/><T97/><D58/><U17/><E107/><V27/><F27/><N who="3" m="18463" /><G101/><T29/><D63/><U53/><E26/><V57/><F57/><W85/><G121/><T96/><D103/><U37/><E37/><V0/><F0/><W13/><G120/><T4/><D77/><U67/><E89/><V70/><F70/><W79/><G45/><T112/><D112/><RYUUKYOKU ba="0,1" sc="201,-10,230,-10,339,30,220,-10" hai2="20,24,31,41,42,43,56,62,86,91,93,98,99" /><INIT seed="2,1,1,0,4,97" ten="191,220,369,210" oya="2" hai0="100,85,48,10,112,45,31,22,12,110,107,58,123" hai1="81,33,43,36,42,133,18,134,87,114,79,93,50" hai2="73,99,69,92,30,66,118,0,76,80,125,38,23" hai3="116,94,119,47,52,6,122,29,49,67,63,11,37"/><V102/><F118/><W24/><G122/><T90/><D123/><U25/><E36/><V65/><F38/><W19/><G37/><T35/><D35/><U64/><E114/><V34/><F0/><W105/><G105/><T3/><D3/><U120/><E120/><V77/><F34/><W32/><G19/><T109/><D112/><U26/><E64/><V20/><F125/><W60/><G94/><T15/><D58/><U98/><E26/><V27/><F69/><W101/><G101/><T115/><D115/><U61/><E61/><V5/><F5/><W135/><G60/><T44/><D31/><U132/><E50/><V13/><REACH who="2" step="1"/><F76/><REACH who="2" ten="191,220,359,210" step="2"/><W106/><G119/><T75/><D110/><U57/><E33/><V127/><F127/><W4/><G116/><T40/><D109/><U78/><E79/><V95/><F95/><W14/><G106/><T55/><D107/><U124/><E124/><V2/><F2/><W72/><G4/><T82/><D75/><U59/><E132/><V121/><F121/><W89/><G72/><T9/><D9/><U17/><E133/><V131/><F131/><W53/><G135/><T51/><D10/><U71/><E71/><V108/><F108/><W117/><G117/><T84/><D22/><U128/><E128/><V86/><F86/><W74/><G74/><T16/><D85/><U46/><E134/><V83/><F83/><W68/><G68/><T91/><D84/><U54/><E87/><V103/><F103/><W96/><G11/><N who="0" m="6175" /><D100/><U8/><E8/><V130/><F130/><W126/><G126/><T88/><D82/><RYUUKYOKU ba="1,2" sc="191,15,220,-15,359,15,210,-15" hai0="15,40,44,45,48,51,55,88,90,91" hai2="13,20,23,27,30,65,66,73,77,80,92,99,102" /><INIT seed="2,2,2,0,4,61" ten="206,205,374,195" oya="2" hai0="132,53,79,131,31,17,127,125,128,34,5,67,60" hai1="122,99,54,35,80,7,85,119,40,15,110,74,30" hai2="51,73,62,42,6,112,1,68,95,109,57,129,32" hai3="123,22,70,43,46,98,25,11,18,9,76,29,114"/><V134/><F112/><W88/><G123/><T48/><D79/><U91/><E74/><V23/><F32/><W0/><G70/><N who="0" m="42343" /><D5/><U55/><E119/><V21/><F73/><W86/><G114/><T108/><D108/><U135/><E110/><V27/><F109/><W116/><G116/><T52/><D17/><U97/><E122/><V118/><F118/><W90/><G0/><T59/><D53/><U107/><E40/><V28/><F68/><W100/><G18/><T117/><D117/><U20/><E35/><V38/><F38/><W65/><G65/><T105/><D105/><U115/><E115/><V2/><F23/><W19/><G19/><T103/><D103/><U75/><E75/><V39/><F39/><W13/><G13/><T120/><D120/><U8/><E135/><V101/><F134/><W12/><G12/><T89/><D89/><N who="3" m="34409" /><G86/><T45/><D132/><U84/><E84/><V58/><F6/><W50/><G76/><T82/><D82/><U24/><E107/><V94/><F95/><N who="3" m="58463" /><G9/><T26/><D45/><U87/><E87/><V4/><F1/><W96/><G11/><T44/><D44/><U10/><E8/><V106/><F2/><W69/><G69/><T36/><D36/><U63/><E54/><V72/><F72/><W93/><G93/><T16/><D16/><U124/><E124/><AGARI ba="2,2" hai="26,31,34,48,52,59,124,125,127,128,131" m="42343" machi="124" ten="30,3900,0" yaku="18,1,52,1,54,1" doraHai="61" who="0" fromWho="1" sc="206,65,205,-45,374,0,195,0" /><INIT seed="3,0,0,1,1,105" ten="271,160,374,195" oya="3" hai0="82,26,91,113,1,17,37,102,71,34,57,128,106" hai1="43,12,41,101,109,104,75,107,120,78,47,84,98" hai2="108,73,36,65,110,134,49,52,99,30,19,72,8" hai3="32,87,119,33,35,126,118,115,62,103,10,56,9"/><W42/><G115/><T83/><D1/><U69/><E69/><V44/><F134/><W23/><G103/><T3/><D3/><U15/><E120/><V55/><F65/><W124/><G42/><T14/><D37/><U60/><E43/><V90/><F30/><W114/><G87/><T95/><D71/><U46/><E46/><V29/><F29/><W68/><G68/><T130/><D113/><U129/><E104/><V61/><F36/><W88/><G88/><T6/><D6/><U25/><E129/><N who="0" m="49769" /><D102/><U135/><E135/><V18/><F90/><W74/><G114/><T96/><D106/><U20/><E109/><N who="2" m="42091" /><F99/><W24/><G62/><T28/><D57/><U66/><E84/><V22/><F8/><AGARI ba="0,0" hai="8,14,17,26,28,34,82,83,91,95,96" m="49769" machi="8" ten="30,1000,0" yaku="19,1" doraHai="105" who="0" fromWho="2" sc="271,10,160,0,374,-10,195,0" owari="281,8.1,160,-34.0,364,46.4,195,-20.5" /></mjloggm>