<mjloggm ver="2.3"><GO type="225" lobby="0"/><UN n0="%E3%83%B4%E3%83%A0%EF%BC%99%E3%81%A6" n1="%E3%81%8F%E3%81%BE%E3%81%96%E3%82%8F" n2="%E3%81%A9%E3%82%8F%E3%82%93%E3%81%94" n3="%E3%82%B5%E3%83%AB%E3%82%B7%E3%83%B3" dan="17,16,16,16" rate="2185.32,2026.27,2221.92,2113.60" sx="M,M,M,M"/><TAIKYOKU oya="0"/><INIT seed="0,0,0,2,1,90" ten="250,250,250,250" oya="0" hai0="89,49,52,40,102,122,74,113,59,71,92,96,130" hai1="36,120,131,133,72,2,54,109,123,105,17,45,21" hai2="46,126,75,37,125,84,104,114,111,91,42,30,107" hai3="80,5,51,44,97,6,94,134,69,64,10,112,108"/><T124/><D113/><U70/><RYUUKYOKU type="yao9" ba="0,0" sc="250,0,250,0,250,0,250,0" hai1="2,17,21,36,45,54,70,72,105,109,120,123,131,133" /><INIT seed="0,1,0,3,4,32" ten="250,250,250,250" oya="0" hai0="107,23,51,16,133,132,2,43,118,85,33,90,75" hai1="108,110,125,131,42,123,76,19,8,6,41,18,83" hai2="68,84,120,87,117,59,10,101,20,29,49,35,5" hai3="124,60,21,86,22,1,106,28,40,36,97,94,14"/><T58/><D118/><U88/><E123/><V130/><F120/><W69/><G124/><T73/><D33/><U74/><E125/><V80/><F68/><W98/><G106/><T93/><D107/><U121/><E121/><V38/><F38/><W119/><G119/><T63/><D43/><N who="1" m="16395" /><E131/><V12/><F130/><W111/><G22/><T96/><D51/><U77/><E77/><V115/><F101/><W17/><G28/><T39/><D39/><U100/><E100/><V114/><F117/><W34/><G34/><T46/><D46/><U26/><E26/><V129/><F129/><W50/><G36/><T135/><D85/><U64/><E64/><V72/><F72/><W122/><G1/><T109/><D2/><N who="1" m="87" /><E88/><N who="2" m="51207" /><F35/><W113/><G69/><T65/><REACH who="0" step="1"/><D109/><AGARI ba="1,0" hai="18,19,74,76,83,108,109,110" m="87,16395" machi="109" ten="30,2000,0" yaku="14,1,52,1" doraHai="32" who="1" fromWho="0" sc="250,-23,250,23,250,0,250,0" /><INIT seed="1,0,0,1,1,114" ten="227,273,250,250" oya="1" hai0="119,14,12,26,115,126,94,75,86,78,25,52,30" hai1="28,37,66,113,72,33,9,38,128,123,130,42,21" hai2="109,88,53,8,122,131,10,51,69,100,40,11,56" hai3="0,112,50,35,106,89,1,15,117,24,5,95,81"/><U127/><E113/><V98/><F122/><W77/><G106/><T121/><D115/><U92/><E123/><V46/><F109/><W23/><G112/><T99/><D121/><U31/><E72/><V70/><F131/><W111/><G35/><T67/><D75/><U36/><E33/><V91/><F70/><W101/><G101/><T129/><D67/><U62/><E127/><V132/><F69/><W68/><G68/><T18/><D126/><U43/><E9/><V85/><F85/><W73/><G111/><T133/><D133/><U104/><E104/><V32/><F32/><W41/><G15/><N who="0" m="5675" /><D30/><N who="1" m="11307" /><E92/><N who="2" m="58439" /><F132/><W118/><G50/><AGARI ba="0,0" hai="8,10,11,40,46,50,51,53,56,88,91" m="58439" machi="50" ten="30,2000,0" yaku="8,1,54,1" doraHai="114" who="2" fromWho="3" sc="227,0,273,0,250,20,250,-20" /><INIT seed="2,0,0,1,1,58" ten="227,273,270,230" oya="2" hai0="77,113,131,64,12,129,92,108,74,33,112,30,122" hai1="86,76,110,109,59,79,19,52,121,72,57,40,28" hai2="91,49,41,20,35,5,71,97,53,78,0,23,116" hai3="82,36,105,42,101,87,66,63,54,127,18,103,6"/><V47/><F116/><W100/><G127/><T88/><D64/><U51/><E72/><V117/><F35/><W134/><G134/><T8/><D30/><U29/><E121/><V68/><F117/><W133/><G133/><T95/><D33/><U62/><E19/><V130/><F130/><N who="0" m="49674" /><D122/><U120/><E120/><V27/><F78/><N who="1" m="29737" /><E86/><V60/><F0/><W15/><G6/><N who="0" m="3095" /><D92/><U89/><E110/><V39/><F5/><W48/><G105/><T46/><D46/><N who="1" m="26055" /><E109/><V61/><F71/><W123/><G123/><T25/><D25/><U16/><E16/><V10/><F68/><W85/><G82/><N who="0" m="45367" /><D108/><U55/><E89/><V125/><F91/><W17/><G103/><T2/><D2/><U44/><E44/><V26/><F125/><W104/><G101/><T34/><D34/><U56/><E56/><V24/><F97/><AGARI ba="0,0" hai="88,95,97,112,113" m="45367,3095,49674" machi="97" ten="30,2000,0" yaku="19,1,54,1" doraHai="58" who="0" fromWho="2" sc="227,20,273,0,270,-20,230,0" /><INIT seed="3,0,0,4,3,124" ten="247,273,250,230" oya="3" hai0="58,123,45,41,19,8,134,56,105,10,35,11,97" hai1="9,82,92,89,61,122,47,42,1,100,13,125,0" hai2="104,63,51,84,67,113,88,50,64,15,22,23,98" hai3="38,65,3,25,107,27,33,36,37,128,2,16,102"/><W34/><G65/><T20/><D123/><U48/><E122/><V120/><F113/><W83/><G107/><T24/><D134/><U46/><E125/><V60/><F120/><W32/><G102/><T55/><D35/><U111/><E111/><V17/><F104/><W49/><G83/><T126/><D126/><U96/><E61/><V29/><F98/><W87/><G87/><T62/><D56/><U53/><E82/><V74/><F74/><W94/><G94/><T18/><D105/><U59/><E47/><V119/><F119/><W93/><G93/><T91/><D97/><U112/><E112/><V21/><F63/><W72/><G72/><T101/><D101/><U81/><E81/><N who="2" m="49167" /><F29/><W95/><G95/><T40/><D91/><U54/><E89/><V52/><F60/><W114/><G114/><T86/><D86/><U75/><E75/><V76/><F76/><W135/><G135/><T78/><D78/><U106/><E106/><V121/><F51/><W26/><G49/><T118/><D118/><U115/><E115/><V6/><F6/><W12/><G128/><T80/><D80/><U5/><E1/><V70/><F70/><W90/><G90/><T69/><D69/><U133/><E133/><V77/><F77/><W129/><G129/><T30/><D41/><U85/><E85/><V99/><F99/><W73/><G73/><T108/><D108/><U4/><E42/><V66/><F121/><W79/><G79/><T109/><D109/><U132/><E132/><V116/><F116/><W14/><G14/><T131/><D131/><U7/><E13/><RYUUKYOKU ba="0,0" sc="247,0,273,0,250,0,230,0" hai0="8,10,11,18,19,20,24,30,40,45,55,58,62" hai1="0,4,5,7,9,46,48,53,54,59,92,96,100" hai2="15,17,21,22,23,50,52,64,66,67" hai3="2,3,12,16,25,26,27,32,33,34,36,37,38" /><INIT seed="3,1,0,2,2,86" ten="247,273,250,230" oya="3" hai0="95,3,93,63,25,114,45,68,60,75,121,122,8" hai1="116,58,13,27,131,113,65,106,11,111,69,77,42" hai2="76,74,64,32,34,73,99,38,43,22,31,70,79" hai3="102,62,80,119,126,35,9,17,39,123,36,53,47"/><W46/><G123/><T12/><D3/><U6/><E106/><V109/><F22/><W135/><G119/><T56/><D75/><N who="2" m="28682" /><F79/><W1/><G35/><T78/><D78/><U54/><E113/><V134/><F76/><W101/><G135/><T7/><D114/><U127/><E77/><V49/><F49/><W61/><G126/><T5/><D45/><U97/><E127/><V30/><F30/><W100/><G80/><T84/><D25/><U19/><E27/><V2/><F134/><W52/><G9/><T98/><D84/><U4/><E11/><V105/><F109/><W44/><G17/><T16/><D93/><U92/><E92/><V57/><F57/><W18/><G18/><T23/><D68/><U117/><E19/><V112/><F31/><W108/><G1/><T40/><D40/><U41/><E42/><V15/><F15/><W96/><G96/><T67/><D60/><N who="3" m="23145" /><G108/><T72/><D72/><U83/><E111/><V26/><F2/><W82/><G82/><T24/><D5/><U103/><E4/><V104/><F112/><W133/><G133/><T130/><D130/><U87/><E117/><V29/><F34/><W125/><G125/><T59/><D59/><U81/><E116/><V107/><F99/><W0/><G0/><T33/><D33/><U66/><E97/><V120/><F120/><W124/><G124/><T89/><AGARI ba="1,0" hai="7,8,12,16,23,24,56,63,67,89,95,98,121,122" machi="89" ten="20,5200,0" yaku="0,1,7,1,52,1,54,1" doraHai="86" who="0" fromWho="0" sc="247,55,273,-14,250,-14,230,-27" owari="302,40.2,259,5.9,236,-16.4,203,-29.7" /></mjloggm>