<mjloggm ver="2.3"><GO type="225" lobby="0"/><UN n0="%72%69%6F%75%63%68%61%6E" n1="%E3%81%A8%E3%82%93%E3%81%A8%E3%81%93%E3%81%A8%E3%82%93" n2="%77%72%77%72%77%72%77%72" n3="%70%68%65%6E%6F%6D%65" dan="17,16,16,16" rate="2201.98,2128.32,2119.67,2132.30" sx="M,F,M,M"/><TAIKYOKU oya="0"/><INIT seed="0,0,0,1,5,60" ten="250,250,250,250" oya="0" hai0="39,51,54,116,55,83,84,18,122,82,93,24,5" hai1="119,135,80,90,0,53,77,35,130,74,40,109,105" hai2="91,98,107,47,16,21,113,106,62,102,88,48,52" hai3="81,124,86,126,134,13,36,127,108,64,103,6,19"/><T131/><D116/><U15/><E0/><V14/><F113/><W87/><G108/><T17/><D122/><U49/><E119/><V29/><F107/><W123/><G123/><T22/><D39/><U132/><E35/><V31/><REACH who="2" step="1"/><F62/><REACH who="2" ten="250,250,240,250" step="2"/><W26/><G134/><T117/><D117/><U12/><E105/><V92/><F92/><W100/><G126/><T57/><D93/><U34/><E132/><V37/><F37/><W133/><G36/><T112/><D112/><U4/><E135/><V65/><F65/><W46/><G133/><T23/><D131/><U45/><E130/><V104/><F104/><W28/><G64/><T76/><D83/><U69/><E80/><V85/><F85/><W78/><G87/><T120/><D120/><U101/><E74/><V3/><F3/><W32/><G127/><T71/><D71/><U68/><E69/><V96/><F96/><W58/><G124/><T99/><D99/><U95/><E68/><V50/><F50/><W73/><G73/><T2/><D54/><U70/><E53/><V121/><F121/><W72/><G86/><T97/><D97/><U114/><E95/><V41/><F41/><W42/><G42/><T63/><D51/><U89/><E49/><V44/><F44/><W1/><G46/><T33/><D2/><U94/><E94/><V110/><F110/><W61/><G61/><T43/><D43/><U38/><E40/><V129/><F129/><W7/><G1/><T75/><D75/><U11/><E109/><V56/><F56/><W118/><G118/><T20/><D5/><N who="3" m="1545" /><G58/><T59/><D59/><RYUUKYOKU ba="0,1" sc="250,10,250,-30,240,10,250,10" hai0="17,18,20,22,23,24,33,55,57,63,76,82,84" hai2="14,16,21,29,31,47,48,52,88,91,98,102,106" hai3="13,19,26,28,32,72,78,81,100,103" /><INIT seed="0,1,1,0,4,32" ten="260,220,250,260" oya="0" hai0="12,120,89,124,111,6,90,46,84,80,99,21,104" hai1="73,92,114,7,18,67,40,26,11,42,36,52,102" hai2="115,126,38,34,55,85,57,116,75,30,107,129,131" hai3="98,78,23,3,22,5,33,122,17,1,106,16,125"/><T45/><D120/><U24/><E73/><V86/><F115/><W112/><G112/><T65/><D124/><U118/><E118/><V19/><F75/><W60/><G33/><T121/><D121/><U113/><E67/><V53/><F126/><W50/><G122/><T13/><D111/><U56/><E102/><V128/><F116/><W20/><G125/><T135/><D135/><U35/><E92/><V70/><F70/><W8/><G78/><T108/><D108/><U119/><E119/><V132/><F132/><W61/><G50/><T88/><D65/><U94/><E36/><V133/><F133/><W117/><G117/><T25/><D104/><U29/><E94/><V69/><F69/><W105/><G3/><T43/><D99/><U83/><E83/><V4/><F38/><W41/><G41/><T93/><D6/><U100/><E100/><V95/><F107/><W130/><G130/><T0/><D0/><U81/><E81/><V48/><F4/><W127/><G127/><T59/><D59/><U27/><E113/><V82/><F95/><W96/><G105/><T39/><D46/><U71/><E71/><V79/><F19/><W68/><G61/><T87/><REACH who="0" step="1"/><D90/><REACH who="0" ten="250,220,250,260" step="2"/><U15/><E114/><V49/><F131/><W28/><G98/><T103/><D103/><U66/><E66/><V109/><F109/><W2/><G1/><T123/><D123/><U64/><E64/><V101/><F101/><W91/><G106/><T74/><D74/><U72/><E72/><V76/><F129/><W63/><G96/><T31/><AGARI ba="1,2" hai="12,13,21,25,31,39,43,45,80,84,87,88,89,93" machi="31" ten="20,18000,2" yaku="1,1,0,1,7,1,54,1,53,2" doraHai="32" doraHaiUra="10" who="0" fromWho="0" sc="250,203,220,-61,250,-61,260,-61" /><INIT seed="0,2,0,4,4,118" ten="453,159,189,199" oya="0" hai0="112,107,120,45,13,59,110,64,121,20,122,124,62" hai1="115,67,130,123,12,28,111,58,22,10,127,66,6" hai2="91,94,39,1,61,88,74,119,42,54,27,113,96" hai3="103,73,128,41,106,33,4,24,18,2,116,84,77"/><T68/><D112/><U101/><E115/><V47/><F113/><W40/><G116/><T23/><D107/><U25/><E111/><V75/><F119/><W55/><G73/><T99/><D110/><U102/><E127/><V16/><F1/><W70/><G128/><T53/><D124/><U92/><E130/><V132/><F132/><W21/><G70/><T5/><D99/><U98/><E123/><V135/><F91/><W131/><G131/><T8/><REACH who="0" step="1"/><D45/><REACH who="0" ten="443,159,189,199" step="2"/><U65/><REACH who="1" step="1"/><E58/><REACH who="1" ten="443,149,189,199" step="2"/><N who="2" m="35031" /><F135/><W37/><G106/><T38/><D38/><U89/><AGARI ba="2,2" hai="6,10,12,22,25,28,65,66,67,89,92,98,101,102" machi="89" ten="30,7900,0" yaku="1,1,0,1,8,1,53,1" doraHai="118" doraHaiUra="86" who="1" fromWho="1" sc="443,-41,149,105,189,-22,199,-22" /><INIT seed="1,0,0,3,1,23" ten="402,254,167,177" oya="1" hai0="120,29,20,41,16,123,101,46,42,27,9,22,98" hai1="84,63,92,71,117,86,6,116,26,105,112,126,51" hai2="100,10,68,102,108,72,73,109,127,99,94,121,90" hai3="130,89,2,132,128,97,135,55,131,34,11,61,107"/><U24/><E105/><V12/><F68/><W59/><G34/><T119/><D9/><U75/><E112/><V103/><F12/><W37/><G37/><T125/><D125/><U81/><E75/><N who="2" m="28747" /><F10/><W69/><G69/><T62/><D62/><U80/><E126/><V77/><F127/><W15/><G2/><T79/><D79/><U104/><E104/><V38/><F38/><W4/><REACH who="3" step="1"/><G89/><REACH who="3" ten="402,254,167,167" step="2"/><T32/><D32/><U53/><E71/><V110/><F77/><W5/><G5/><T64/><D119/><U50/><E6/><V39/><F39/><W56/><G56/><T49/><D64/><U88/><E116/><V19/><F19/><W17/><G17/><T48/><D41/><U93/><E117/><V25/><F121/><N who="0" m="46666" /><D46/><N who="1" m="27863" /><E63/><V87/><F25/><N who="1" m="9833" /><E51/><V40/><F40/><W47/><G47/><T83/><D42/><U114/><E114/><V21/><F110/><W85/><G85/><T115/><D115/><U133/><E133/><V78/><F109/><W35/><G35/><T122/><N who="0" m="46674" /><T0/><DORA hai="13" /><D0/><U28/><E28/><V31/><F108/><W57/><G57/><T58/><D58/><U33/><E33/><V60/><F60/><W14/><G14/><N who="0" m="9239" /><D48/><U18/><E18/><V76/><F87/><W113/><G113/><T106/><D49/><U70/><E70/><V45/><F45/><W54/><G54/><T7/><D7/><U118/><E118/><V65/><F65/><W43/><G43/><T111/><D111/><U36/><E36/><V1/><F1/><W95/><G95/><T8/><D8/><U91/><AGARI ba="0,1" hai="80,81,84,86,88,91,92,93" m="9833,27863" machi="91" ten="30,18000,2" yaku="5,1,8,1,52,3,54,1" doraHai="23,13" who="1" fromWho="1" sc="402,-60,254,190,167,-60,167,-60" /><INIT seed="1,1,0,5,4,128" ten="342,444,107,107" oya="1" hai0="87,21,51,85,125,23,18,131,84,40,15,55,52" hai1="109,133,53,3,61,63,117,97,14,98,47,38,64" hai2="65,127,102,72,68,48,16,57,111,115,10,92,67" hai3="130,33,116,107,66,88,35,96,83,60,49,100,43"/><U36/><E3/><V78/><F68/><W112/><G112/><T95/><D131/><U110/><E117/><V69/><F69/><W79/><G130/><T45/><D125/><U103/><E14/><V80/><F115/><W91/><G116/><T32/><D32/><U105/><E97/><V123/><F123/><W73/><G35/><T4/><D4/><U56/><E133/><V86/><F127/><W17/><G17/><T90/><REACH who="0" step="1"/><D21/><REACH who="0" ten="332,444,107,107" step="2"/><U34/><E34/><V54/><F111/><N who="1" m="42505" /><E47/><V30/><F72/><W20/><G33/><T46/><D46/><U22/><E22/><V29/><F29/><W104/><G20/><T44/><D44/><U42/><E42/><V50/><F30/><W121/><G43/><T101/><D101/><U106/><E105/><V37/><F10/><W113/><G113/><T9/><D9/><U11/><E11/><V135/><F16/><W94/><G107/><T1/><D1/><U75/><E75/><V99/><F135/><W62/><G104/><T5/><D5/><U81/><E81/><V41/><F37/><W13/><G100/><T122/><D122/><U25/><E36/><V39/><F39/><W93/><G121/><T28/><D28/><U76/><E38/><V108/><F108/><W7/><G7/><T70/><D70/><U129/><E129/><V71/><F71/><W134/><G134/><T120/><D120/><U12/><E103/><V82/><F82/><W0/><G0/><T58/><D58/><U59/><E56/><V118/><F118/><W124/><G124/><T26/><D26/><U119/><E25/><RYUUKYOKU ba="1,1" sc="332,15,444,-15,107,15,107,-15" hai0="15,18,23,40,45,51,52,55,84,85,87,90,95" hai2="41,48,50,54,57,65,67,78,80,86,92,99,102" /><INIT seed="2,2,1,0,1,126" ten="347,429,122,92" oya="2" hai0="92,48,78,27,52,93,79,15,4,22,46,98,94" hai1="6,0,90,102,76,47,16,34,134,83,132,14,131" hai2="100,31,10,125,73,66,13,35,21,114,26,127,113" hai3="2,32,61,57,84,115,88,106,55,60,119,121,111"/><V42/><F73/><W72/><G119/><T65/><D65/><U103/><E34/><V49/><F100/><W77/><G121/><T23/><D98/><U20/><E90/><V43/><F66/><W128/><G2/><T30/><REACH who="0" step="1"/><D23/><REACH who="0" ten="337,429,122,92" step="2"/><U118/><E118/><V7/><F21/><W64/><G115/><T69/><D69/><U40/><E132/><V89/><F114/><W87/><G111/><T108/><D108/><U75/><E134/><V39/><F113/><W107/><G32/><T82/><D82/><U45/><E131/><V70/><F70/><W97/><G128/><T17/><D17/><U110/><E110/><V68/><F68/><W28/><G97/><T11/><AGARI ba="2,2" hai="4,11,15,22,27,30,46,48,52,78,79,92,93,94" machi="11" ten="30,7900,0" yaku="1,1,0,1,8,1,54,1,53,0" doraHai="126" doraHaiUra="80" who="0" fromWho="0" sc="337,105,429,-22,122,-41,92,-22" /><INIT seed="3,0,0,0,3,41" ten="442,407,81,70" oya="3" hai0="83,125,36,87,0,59,19,101,130,38,34,46,42" hai1="93,63,108,109,121,23,16,17,85,67,15,111,56" hai2="55,105,117,2,127,35,132,30,62,44,76,88,52" hai3="92,98,72,95,70,48,86,110,133,77,96,14,104"/><W120/><G70/><T119/><D119/><U134/><E121/><V78/><F117/><W22/><G120/><T80/><D34/><U40/><E134/><V54/><F105/><W24/><G133/><T31/><D0/><U100/><E40/><V25/><F132/><W9/><G72/><T74/><D31/><U58/><E17/><V97/><F2/><W47/><G110/><T81/><D74/><U90/><REACH who="1" step="1"/><E100/><REACH who="1" ten="442,397,81,70" step="2"/><V113/><F113/><W26/><G104/><T50/><D101/><U102/><E102/><V33/><F127/><W91/><G77/><T10/><D125/><U65/><E65/><V12/><F76/><W13/><G24/><T49/><D130/><U73/><E73/><V28/><F78/><W60/><G60/><T69/><D69/><AGARI ba="0,1" hai="15,16,23,56,58,63,67,69,85,90,93,108,109,111" machi="69" ten="40,5200,0" yaku="1,1,14,1,54,1,53,0" doraHai="41" doraHaiUra="71" who="1" fromWho="0" sc="442,-52,397,62,81,0,70,0" owari="390,19.0,459,55.9,81,-31.9,70,-43.0" /></mjloggm>