<mjloggm ver="2.3"><GO type="225" lobby="0"/><UN n0="%E5%8D%A0%E3%81%84%E5%B8%AB%E8%A3%8F%E3%81%AA%E3%81%84%E3%81%97" n1="%E3%82%B7%E3%83%B3%E5%A4%AA%E6%9C%97" n2="%4B%2E%32%2E%4B%2E" n3="%4C%4F%4C%49%54%41" dan="16,16,17,16" rate="2170.16,2140.92,2189.63,2176.12" sx="M,M,M,F"/><TAIKYOKU oya="0"/><INIT seed="0,0,0,0,5,38" ten="250,250,250,250" oya="0" hai0="58,109,52,59,17,48,6,27,1,78,41,10,66" hai1="16,72,2,106,127,20,39,126,117,93,123,112,53" hai2="21,61,5,124,71,37,25,54,51,79,89,50,9" hai3="119,108,44,76,34,75,67,28,98,74,68,70,22"/><T24/><D109/><U26/><E117/><V92/><F37/><W40/><G119/><T11/><D78/><U104/><E123/><V111/><F111/><W133/><G108/><T115/><D115/><U3/><E112/><V19/><F124/><N who="1" m="47657" /><E72/><V130/><F79/><W31/><G34/><T129/><D129/><U97/><E39/><V80/><F80/><W60/><G133/><T73/><D73/><U45/><E45/><V43/><F130/><W81/><G75/><T57/><D41/><U13/><E53/><V65/><F54/><W105/><G68/><T18/><D66/><U77/><E77/><V62/><F62/><W118/><G22/><T35/><D35/><U4/><E13/><V132/><F43/><W63/><G60/><T90/><D90/><N who="1" m="55479" /><E4/><V23/><F23/><W29/><G118/><T95/><D95/><U110/><E110/><V36/><F36/><W49/><REACH who="3" step="1"/><G28/><REACH who="3" ten="250,250,250,240" step="2"/><T100/><D11/><U107/><AGARI ba="0,1" hai="2,3,16,20,26,104,106,107" m="55479,47657" machi="107" ten="40,2700,0" yaku="18,1,54,1" doraHai="38" who="1" fromWho="1" sc="250,-13,250,37,250,-7,240,-7" /><INIT seed="1,0,0,4,5,40" ten="237,287,243,233" oya="1" hai0="85,123,81,115,111,16,0,22,4,99,47,41,121" hai1="124,74,7,38,91,84,3,23,128,87,25,132,26" hai2="103,61,116,31,17,5,12,82,39,35,6,33,92" hai3="32,18,113,114,28,134,19,55,98,120,59,20,46"/><U66/><E38/><V13/><F116/><W83/><G120/><N who="0" m="46155" /><D115/><U94/><E74/><V24/><F39/><W105/><G32/><T11/><D111/><U77/><E132/><V110/><F110/><W52/><G134/><T97/><D85/><U102/><E124/><V122/><F122/><W72/><G28/><T106/><D81/><U88/><E128/><V43/><F43/><W8/><G105/><T53/><D53/><U86/><E102/><V127/><F35/><W64/><G98/><T131/><D106/><U95/><E66/><V76/><F61/><W100/><G100/><T69/><D69/><U129/><E129/><V68/><F68/><W45/><G64/><T109/><D131/><U79/><E26/><V104/><F104/><W21/><G59/><T107/><D107/><U1/><E84/><V49/><F82/><W96/><G83/><T93/><D93/><U2/><REACH who="1" step="1"/><E7/><REACH who="1" ten="237,277,243,233" step="2"/><V60/><F5/><W63/><G96/><T135/><D135/><U101/><E101/><V78/><F6/><W58/><G72/><T51/><D109/><U117/><E117/><V126/><F126/><W118/><G118/><T80/><D80/><U89/><E89/><V75/><F127/><W125/><G125/><T37/><D37/><U30/><AGARI ba="0,1" hai="1,2,3,23,25,30,77,79,86,87,88,91,94,95" machi="30" ten="30,11700,0" yaku="1,1,0,1,9,1,54,1,53,0" doraHai="40" doraHaiUra="9" who="1" fromWho="1" sc="237,-39,277,127,243,-39,233,-39" /><INIT seed="1,1,0,2,4,129" ten="198,404,204,194" oya="1" hai0="90,21,10,133,29,122,78,109,68,60,33,73,64" hai1="112,96,43,84,0,116,54,114,7,76,62,23,75" hai2="67,35,77,69,82,39,91,57,123,63,2,118,94" hai3="55,134,31,22,50,4,74,121,132,135,61,12,38"/><U51/><E116/><V24/><F118/><W45/><G121/><T5/><D109/><U126/><E75/><V15/><F2/><W58/><G74/><T41/><D122/><U100/><E43/><V88/><F123/><W53/><G38/><T107/><D21/><U27/><E126/><V49/><F39/><W52/><G4/><T92/><D41/><U36/><E36/><V70/><F15/><W111/><G111/><T8/><D107/><U86/><E62/><V17/><F49/><W117/><G117/><T110/><D110/><U47/><E7/><V44/><F44/><W26/><G12/><T46/><D46/><U102/><E0/><V20/><F35/><W71/><G71/><T115/><D115/><U85/><E76/><V9/><F9/><W106/><G106/><T131/><D131/><U19/><REACH who="1" step="1"/><E102/><REACH who="1" ten="198,394,204,194" step="2"/><V48/><F48/><W98/><G98/><N who="0" m="57623" /><D78/><U83/><E83/><V113/><F113/><W125/><G125/><T79/><D5/><U14/><E14/><V30/><F77/><W99/><G99/><T93/><D79/><U3/><E3/><V104/><F104/><AGARI ba="1,1" hai="19,23,27,47,51,54,84,85,86,96,100,104,112,114" machi="104" ten="40,3900,0" yaku="1,1,53,1" doraHai="129" doraHaiUra="16" who="1" fromWho="2" sc="198,0,394,52,204,-42,194,0" /><INIT seed="1,2,0,5,3,95" ten="198,446,162,194" oya="1" hai0="92,118,61,45,43,83,101,64,49,132,76,110,86" hai1="30,47,90,5,119,133,106,81,53,100,128,3,31" hai2="18,34,0,74,79,22,87,11,41,9,8,16,89" hai3="134,111,73,108,12,124,97,105,75,70,85,44,121"/><U48/><E119/><V62/><F34/><W66/><G121/><T67/><D110/><N who="3" m="42025" /><G134/><T130/><D132/><U126/><E133/><V99/><F0/><W28/><G124/><T82/><D130/><U114/><E128/><V55/><F74/><W93/><G28/><T25/><D118/><U129/><E129/><V33/><F33/><W10/><G105/><T46/><D83/><U17/><E126/><V57/><F41/><W37/><G85/><T19/><D45/><U63/><E114/><V58/><F22/><W27/><G27/><T122/><D122/><U6/><E106/><V40/><F40/><N who="3" m="22543" /><G66/><T102/><D64/><U26/><E100/><V23/><F23/><W51/><G51/><T59/><D25/><U135/><E135/><V21/><F21/><W77/><G77/><T71/><D19/><U123/><E123/><V54/><F79/><W15/><G70/><T36/><D92/><U117/><E117/><V88/><F99/><W60/><G60/><T52/><AGARI ba="2,0" hai="36,43,46,49,52,59,61,67,71,76,82,86,101,102" machi="52" ten="30,7900,0" yaku="0,1,24,2,54,1" doraHai="95" who="0" fromWho="0" sc="198,85,446,-41,162,-22,194,-22" /><INIT seed="2,0,0,4,2,123" ten="283,405,140,172" oya="2" hai0="20,115,2,16,59,111,92,69,106,34,83,3,107" hai1="61,88,58,22,103,46,17,63,26,57,113,80,73" hai2="97,134,48,104,117,87,28,25,94,6,30,33,39" hai3="45,71,52,14,96,7,0,74,114,38,86,72,40"/><V118/><F39/><W42/><G0/><T93/><D115/><U133/><E133/><V131/><F134/><W82/><G71/><T128/><D69/><U66/><E113/><V60/><F131/><W55/><G114/><T121/><D121/><U110/><E110/><V47/><F30/><W32/><G32/><T9/><D111/><U29/><E103/><V62/><F104/><W65/><G65/><T15/><D83/><U5/><E5/><V44/><F87/><W70/><G70/><T90/><D92/><U75/><E46/><V125/><F125/><W116/><G116/><T36/><D36/><U13/><E88/><V12/><F44/><W122/><G42/><T37/><D37/><U76/><E76/><V120/><F120/><W56/><G96/><T130/><D59/><U98/><E98/><V43/><F117/><W68/><G68/><T126/><D34/><U127/><E80/><V129/><F129/><N who="0" m="49770" /><D126/><U77/><E77/><V21/><F118/><W84/><G84/><N who="0" m="52423" /><D2/><U102/><E102/><N who="2" m="60727" /><F33/><W89/><G122/><T35/><D35/><U85/><E85/><V8/><AGARI ba="0,0" hai="6,8,12,21,25,28,43,47,48,60,62" m="60727" machi="8" ten="30,1500,0" yaku="8,1" doraHai="123" who="2" fromWho="2" sc="283,-5,405,-5,140,15,172,-5" /><INIT seed="2,1,0,0,5,43" ten="278,400,155,167" oya="2" hai0="73,8,129,131,110,36,133,60,0,7,126,13,10" hai1="134,100,122,58,46,72,93,108,96,6,77,81,25" hai2="33,45,52,132,16,127,53,69,102,101,79,76,26" hai3="107,15,63,74,23,124,19,40,99,109,114,56,106"/><V24/><F69/><W1/><G1/><T111/><D73/><U118/><E134/><V120/><F120/><W41/><G74/><T113/><D60/><U90/><E122/><V94/><F33/><W88/><G109/><N who="0" m="41483" /><D133/><U89/><E118/><V83/><F132/><W85/><G124/><T3/><D36/><U9/><E108/><V29/><F127/><W135/><G114/><T66/><D66/><U64/><E25/><N who="2" m="9835" /><F29/><W61/><G61/><T12/><D126/><U38/><E58/><V97/><F102/><W42/><G99/><T47/><D47/><U62/><E62/><V55/><F83/><W92/><REACH who="3" step="1"/><G135/><REACH who="3" ten="278,400,155,157" step="2"/><T103/><D113/><U34/><E96/><V67/><F67/><AGARI ba="1,1" hai="15,19,23,40,41,42,56,63,67,85,88,92,106,107" machi="67" ten="40,5200,0" yaku="1,1,2,1,54,1,53,0" doraHai="43" doraHaiUra="78" who="3" fromWho="2" sc="278,0,400,0,155,-55,157,65" /><INIT seed="3,0,0,4,3,91" ten="278,400,100,222" oya="3" hai0="127,77,43,101,68,41,86,65,3,42,57,63,96" hai1="26,90,117,110,46,132,44,24,39,105,21,4,51" hai2="125,8,80,7,36,75,120,89,81,82,79,55,130" hai3="111,103,98,84,2,29,56,88,93,31,52,133,18"/><W71/><G2/><T13/><D3/><U38/><E117/><V106/><F125/><W108/><G71/><T60/><D127/><U17/><E110/><N who="3" m="42026" /><G18/><T118/><D118/><U27/><E105/><V83/><F130/><W58/><G133/><T37/><D13/><U48/><E132/><V16/><F120/><W1/><G1/><T20/><D20/><U53/><E4/><V73/><F106/><N who="3" m="63863" /><G56/><T116/><D116/><U34/><E90/><V23/><F55/><W119/><G119/><T114/><D114/><U87/><E87/><V47/><F75/><W30/><G29/><T92/><D37/><U112/><E112/><V72/><F72/><W6/><G6/><T15/><D15/><U0/><E0/><V11/><F7/><W49/><AGARI ba="0,0" hai="30,31,49,52,58,84,88,93" m="63863,42026" machi="49" ten="30,12000,1" yaku="14,1,10,1,52,1,54,2" doraHai="91" who="3" fromWho="3" sc="278,-40,400,-40,100,-40,222,120" /><INIT seed="3,1,0,3,0,135" ten="238,360,60,342" oya="3" hai0="106,91,29,57,41,102,42,105,34,18,109,72,37" hai1="59,134,45,36,33,75,10,127,111,82,131,15,50" hai2="71,126,7,81,62,14,108,46,104,24,69,118,97" hai3="101,99,26,78,43,4,21,94,32,56,53,66,89"/><W90/><G32/><T120/><D120/><U87/><E75/><V1/><F108/><W117/><G117/><T116/><D116/><U125/><E111/><V38/><F118/><W124/><G124/><N who="1" m="47690" /><E134/><V107/><F126/><W47/><G78/><T49/><D109/><U16/><E131/><V122/><F122/><W67/><G4/><T119/><D72/><U44/><E33/><V64/><F14/><W113/><G113/><T76/><D76/><N who="1" m="46535" /><E36/><V28/><F81/><W6/><G6/><T80/><D37/><U13/><E13/><V133/><F133/><W112/><G112/><T17/><D34/><U129/><E129/><V115/><F115/><W130/><G130/><T11/><D29/><U51/><E51/><V73/><F73/><W12/><G12/><T100/><D49/><U110/><E110/><V63/><F63/><N who="3" m="36239" /><G47/><T128/><D80/><U83/><E83/><V98/><F98/><W8/><G8/><T74/><D74/><U84/><E84/><V20/><F97/><W3/><G3/><T52/><D128/><U70/><E70/><V86/><F86/><W114/><G43/><N who="0" m="16395" /><D11/><U121/><E121/><V2/><F71/><W23/><G114/><T85/><D17/><U35/><E35/><V31/><F31/><N who="3" m="17871" /><G23/><T39/><D18/><U30/><E30/><V123/><F123/><W48/><G48/><N who="0" m="30855" /><D39/><U77/><E77/><V0/><F7/><W25/><G25/><T9/><D9/><U58/><E44/><V54/><F38/><W92/><G101/><N who="0" m="39019" /><D119/><U61/><E61/><V60/><F60/><W40/><G40/><AGARI ba="1,0" hai="10,15,16,40,45,50,58,59" m="46535,47690" machi="40" ten="30,8000,1" yaku="18,1,52,3,54,1" doraHai="135" who="1" fromWho="3" sc="238,0,360,83,60,0,342,-83" owari="238,-16.2,443,54.3,60,-44.0,259,5.9" /></mjloggm>