<mjloggm ver="2.3"><GO type="225" lobby="0"/><UN n0="%E8%A8%88%E7%AE%97%E6%A9%9F%E8%87%AA%E7%84%B6" n1="%E8%81%B7%E6%A5%AD%E3%80%81%E9%A2%A8%32" n2="%E3%81%A9%E3%82%8F%E3%82%93%E3%81%94" n3="%72%65%6E%6B%75%6E" dan="17,16,16,17" rate="2206.86,2098.73,2173.35,2288.93" sx="M,M,M,M"/><TAIKYOKU oya="0"/><INIT seed="0,0,0,4,3,95" ten="250,250,250,250" oya="0" hai0="49,19,107,122,36,51,11,56,70,75,52,73,32" hai1="90,120,117,106,76,119,40,67,130,102,68,88,69" hai2="118,48,71,3,135,101,124,121,111,1,63,87,72" hai3="27,92,81,129,37,16,58,18,55,86,64,47,97"/><T108/><D122/><U103/><E120/><V43/><F87/><W127/><G129/><T100/><D36/><U54/><E130/><V109/><F101/><N who="3" m="60583" /><G127/><T44/><D70/><U8/><E40/><V74/><F48/><N who="3" m="29087" /><G37/><T131/><D32/><U31/><E31/><V93/><F93/><W99/><G27/><T123/><D123/><U80/><E54/><V42/><F121/><W85/><G99/><T15/><D131/><U66/><E80/><V30/><F30/><W65/><G85/><T78/><D108/><N who="2" m="41546" /><F124/><W53/><G64/><T84/><D107/><U113/><E113/><V62/><F118/><W132/><G65/><T29/><D29/><U2/><E106/><V126/><F135/><W94/><G94/><T0/><D0/><N who="2" m="74" /><F71/><W6/><G132/><T112/><D112/><U34/><E2/><V26/><F26/><W114/><G114/><T38/><D38/><U98/><E34/><V50/><F126/><W89/><G6/><T61/><D100/><U14/><E68/><V91/><F91/><W21/><G21/><T4/><D4/><U115/><E115/><V28/><F28/><W134/><G134/><T13/><D84/><U133/><E133/><V24/><F24/><W57/><G57/><T23/><D78/><U10/><E76/><V35/><F35/><W5/><G5/><N who="0" m="3311" /><D44/><U104/><E69/><V9/><F74/><W105/><G105/><T17/><D17/><U128/><E104/><V12/><F72/><W59/><G59/><T41/><D41/><U20/><E119/><V79/><F42/><W125/><G125/><T96/><D96/><RYUUKYOKU ba="0,0" sc="250,15,250,-15,250,-15,250,15" hai0="15,19,23,49,51,52,56,61,73,75" hai3="16,18,53,58,81,86,89" /><INIT seed="0,1,0,0,5,115" ten="265,235,235,265" oya="0" hai0="79,22,37,107,31,6,91,26,0,60,101,99,95" hai1="54,88,42,110,131,97,65,121,118,100,128,9,17" hai2="36,59,103,67,32,45,133,64,55,71,21,102,13" hai3="86,75,82,56,2,98,25,124,122,35,46,47,16"/><T129/><D129/><N who="1" m="49739" /><E118/><V43/><F32/><W89/><G2/><T80/><D37/><U44/><E110/><V41/><F133/><W23/><G124/><T111/><D111/><U7/><E121/><V5/><F43/><W76/><G122/><T114/><D114/><U10/><E65/><V68/><F67/><W30/><G98/><T73/><D60/><U117/><E117/><V29/><F71/><W104/><G56/><T112/><D112/><U52/><E17/><V34/><F34/><W27/><REACH who="3" step="1"/><G104/><REACH who="3" ten="265,235,235,255" step="2"/><T92/><D0/><U105/><E44/><V106/><F106/><W84/><G84/><T18/><D107/><U63/><E105/><V53/><F68/><W57/><G57/><T11/><D99/><U49/><E97/><V48/><F64/><W94/><AGARI ba="1,1" hai="16,23,25,27,30,35,46,47,75,76,82,86,89,94" machi="94" ten="20,5200,0" yaku="1,1,0,1,7,1,54,1,53,0" doraHai="115" doraHaiUra="125" who="3" fromWho="3" sc="265,-27,235,-14,235,-14,255,65" /><INIT seed="1,0,0,5,2,129" ten="238,221,221,320" oya="1" hai0="104,44,56,111,0,79,18,106,130,109,9,1,7" hai1="15,105,38,132,100,103,27,30,32,19,39,23,16" hai2="121,77,117,91,128,69,70,122,54,10,12,98,25" hai3="110,99,53,95,11,75,41,118,92,60,90,71,58"/><U34/><E132/><V4/><F117/><W45/><G118/><T62/><D130/><U83/><E34/><V46/><F128/><W108/><G75/><T64/><D0/><U84/><E39/><V2/><F77/><W120/><G120/><T124/><D124/><U59/><E38/><V37/><F2/><W52/><G71/><T127/><D127/><U3/><E3/><V5/><F5/><W31/><G31/><T96/><D79/><U40/><E40/><V33/><F70/><W47/><G11/><T93/><D18/><U102/><E105/><V48/><F69/><W89/><G53/><T76/><D44/><U135/><E135/><V114/><F37/><W131/><G131/><T134/><D76/><U126/><E126/><V6/><F6/><W14/><G14/><T26/><D26/><U50/><E19/><V57/><F114/><W20/><G20/><T8/><D8/><U73/><E73/><V82/><F46/><W97/><REACH who="3" step="1"/><G45/><REACH who="3" ten="238,221,221,310" step="2"/><T49/><D9/><N who="1" m="6255" /><E32/><V80/><F122/><W17/><G17/><T68/><D1/><U43/><E59/><V63/><F121/><W29/><G29/><T116/><D116/><U67/><E67/><V42/><F33/><W125/><G125/><T101/><D7/><U61/><E30/><V112/><F25/><W85/><G85/><T123/><D123/><U88/><E27/><V115/><F112/><W21/><G21/><T66/><D66/><U72/><E23/><V133/><F115/><W51/><AGARI ba="0,1" hai="41,47,51,52,58,60,89,90,92,95,97,99,108,110" machi="51" ten="30,7900,0" yaku="1,1,0,1,9,1,54,1,53,0" doraHai="129" doraHaiUra="78" who="3" fromWho="3" sc="238,-20,221,-39,221,-20,310,89" /><INIT seed="2,0,0,5,3,66" ten="218,182,201,399" oya="2" hai0="51,14,16,122,101,91,50,46,72,44,97,47,104" hai1="55,8,31,64,115,85,29,25,10,63,120,59,83" hai2="11,53,99,75,77,32,39,71,128,118,92,23,103" hai3="43,35,3,96,34,76,56,1,98,109,105,112,121"/><V67/><F118/><W52/><G76/><T5/><D122/><U30/><E115/><V107/><F32/><W130/><G43/><T22/><D72/><U90/><E120/><V15/><F39/><W87/><G121/><T33/><D33/><U28/><REACH who="1" step="1"/><E64/><REACH who="1" ten="218,172,201,399" step="2"/><V95/><F67/><W24/><G112/><T9/><REACH who="0" step="1"/><D91/><REACH who="0" ten="208,172,201,399" step="2"/><U110/><E110/><V80/><F128/><W61/><G109/><T102/><D102/><U117/><E117/><V17/><F103/><W124/><G130/><T0/><AGARI ba="0,2" hai="0,5,9,14,16,22,44,46,47,50,51,97,101,104" machi="0" ten="30,12000,2" yaku="1,1,0,1,54,1,53,3" doraHai="66" doraHaiUra="41" who="0" fromWho="0" sc="208,140,172,-30,201,-60,399,-30" /><INIT seed="3,0,0,5,0,69" ten="348,142,141,369" oya="3" hai0="100,125,40,42,11,34,24,62,8,116,104,129,56" hai1="48,72,10,4,120,127,13,103,131,123,135,44,130" hai2="121,55,2,51,22,93,23,99,109,111,89,6,18" hai3="14,50,46,7,67,118,117,76,92,113,84,101,5"/><W82/><G113/><T66/><D116/><U105/><E72/><V25/><F121/><W115/><G115/><T61/><D129/><N who="1" m="49163" /><E127/><V75/><F75/><W26/><G67/><T79/><D125/><U12/><E135/><V3/><F23/><W91/><G101/><T57/><D79/><U47/><E47/><N who="2" m="28159" /><F6/><W108/><G108/><AGARI ba="0,0" hai="2,3,18,22,25,89,93,99,108,109,111" m="28159" machi="108" ten="30,1000,0" yaku="14,1" doraHai="69" who="2" fromWho="3" sc="348,0,142,0,141,10,369,-10" owari="348,14.8,142,-35.8,151,-24.9,359,45.9" /></mjloggm>