<mjloggm ver="2.3"><GO type="225" lobby="0"/><UN n0="%72%69%6F%75%63%68%61%6E" n1="%E4%BF%BA%E3%81%A8%E5%A6%96%E5%A4%A2" n2="%E3%81%B5%E3%81%98%E3%81%8B%E3%81%A4" n3="%E3%82%A2%E3%83%BC%E3%83%A2%E3%83%AD%E3%83%BC%E3%83%B4%E3%82%A1" dan="16,17,16,16" rate="2267.05,2194.65,2143.92,2097.18" sx="M,F,M,M"/><TAIKYOKU oya="0"/><INIT seed="0,0,0,1,0,28" ten="250,250,250,250" oya="0" hai0="62,117,66,111,131,100,72,129,108,29,120,43,30" hai1="37,130,3,12,4,2,73,5,34,55,44,60,76" hai2="127,87,27,9,78,83,70,91,15,53,38,90,71" hai3="128,96,123,39,92,52,134,102,8,65,133,84,86"/><T118/><D72/><U85/><E73/><V22/><F127/><W88/><G128/><N who="0" m="49227" /><D100/><U35/><E130/><V75/><F38/><W112/><G112/><T7/><D7/><U69/><E76/><V36/><F36/><W77/><G123/><T56/><D120/><U50/><E37/><V89/><F53/><W6/><G39/><T68/><D43/><U63/><E85/><V116/><F75/><W18/><G65/><N who="0" m="41015" /><D29/><U122/><E122/><V109/><F109/><N who="0" m="42058" /><D30/><U79/><E4/><V74/><F74/><W59/><G18/><T93/><D93/><U80/><E2/><V1/><F1/><W119/><G102/><T45/><D45/><U47/><E44/><V105/><F105/><W107/><G107/><T46/><D46/><U98/><E3/><V17/><REACH who="2" step="1"/><F116/><REACH who="2" ten="250,250,240,250" step="2"/><W99/><G119/><T11/><D11/><U61/><E69/><V31/><AGARI ba="0,1" hai="9,15,17,22,27,31,70,71,78,83,87,89,90,91" machi="31" ten="30,4000,0" yaku="1,1,2,1,0,1,53,0" doraHai="28" doraHaiUra="101" who="2" fromWho="2" sc="250,-20,250,-10,240,50,250,-10" /><INIT seed="1,0,0,2,0,59" ten="230,240,290,240" oya="1" hai0="31,79,23,34,52,7,94,131,114,46,45,129,43" hai1="49,10,73,120,72,108,113,134,68,64,107,70,18" hai2="53,121,36,37,26,67,25,93,124,102,56,106,61" hai3="4,116,126,90,125,130,104,119,80,39,14,95,111"/><U112/><E107/><V16/><F121/><W9/><G111/><T115/><D34/><U8/><E120/><V41/><F124/><N who="3" m="47723" /><G130/><N who="0" m="49675" /><D7/><U24/><E49/><V11/><F106/><W17/><G104/><T83/><D94/><U84/><E84/><V57/><F41/><W13/><G80/><T133/><D133/><U128/><E128/><V91/><F102/><W47/><G47/><T82/><D31/><U105/><E105/><V35/><F35/><W110/><G39/><N who="0" m="21759" /><D23/><U50/><E50/><N who="2" m="30775" /><F36/><W19/><G110/><T71/><D71/><U92/><E108/><V75/><F75/><W15/><G19/><T2/><D2/><U123/><E70/><V22/><F37/><W30/><G30/><T109/><D109/><U135/><E68/><V58/><F58/><W87/><G17/><T86/><D82/><U76/><E18/><V33/><F33/><W62/><G62/><T69/><D69/><U89/><E123/><V32/><F32/><W88/><G90/><T51/><AGARI ba="0,0" hai="46,51,52,79,83,86,114,115" m="21759,49675" machi="51" ten="30,2000,0" yaku="19,1,54,1" doraHai="59" who="0" fromWho="0" sc="230,20,240,-10,290,-5,240,-5" /><INIT seed="2,0,0,1,2,118" ten="250,230,285,235" oya="2" hai0="19,122,29,20,33,79,10,51,133,104,21,59,12" hai1="68,121,37,30,130,38,41,93,96,35,78,18,91" hai2="125,44,131,53,105,95,36,101,86,62,109,5,81" hai3="1,116,61,46,0,134,119,50,84,111,24,70,40"/><V107/><F125/><W102/><G111/><T54/><D122/><U6/><E68/><V124/><F124/><W117/><G134/><T13/><D133/><U98/><E130/><V99/><F131/><W66/><G102/><T39/><D39/><U52/><E6/><V115/><F115/><W32/><REACH who="3" step="1"/><G84/><REACH who="3" ten="250,230,285,225" step="2"/><T11/><D104/><U7/><E121/><V120/><F120/><W110/><G110/><T48/><D79/><U34/><E78/><N who="2" m="46391" /><F109/><W129/><G129/><T89/><D89/><U73/><E91/><V27/><F107/><W83/><G83/><T90/><D90/><U45/><E73/><V92/><F105/><W94/><G94/><T77/><D77/><U72/><E93/><V65/><F92/><W22/><G22/><T17/><D33/><U85/><E72/><V8/><F95/><W63/><G63/><N who="0" m="36343" /><D29/><AGARI ba="0,1" hai="0,1,24,29,32,40,46,50,61,66,70,116,117,119" machi="29" ten="40,2600,0" yaku="1,1,53,1" doraHai="118" doraHaiUra="28" who="3" fromWho="0" sc="250,-26,230,0,285,0,225,36" /><INIT seed="3,0,0,3,2,69" ten="224,230,285,261" oya="3" hai0="88,7,87,95,111,115,50,67,77,118,80,30,105" hai1="35,71,49,121,45,1,14,76,41,11,102,73,15" hai2="25,9,79,135,38,6,2,91,42,126,4,52,112" hai3="19,5,119,34,99,103,55,100,131,66,89,63,68"/><W92/><G119/><T83/><D118/><U125/><E121/><V70/><F112/><W3/><G131/><T81/><D115/><U101/><E71/><V60/><F6/><W74/><G74/><T82/><D111/><U16/><E35/><V75/><F91/><W26/><G55/><T65/><D105/><U129/><E129/><V90/><F90/><W37/><G37/><T17/><D30/><U24/><E125/><V96/><F96/><W20/><REACH who="3" step="1"/><G34/><REACH who="3" ten="224,230,285,251" step="2"/><T106/><D106/><U23/><E73/><V132/><F52/><W104/><G104/><T122/><D122/><U117/><E117/><V62/><F75/><W40/><G40/><T85/><D7/><U39/><E39/><V98/><F4/><W13/><G13/><T32/><D32/><U120/><E120/><V43/><F38/><W110/><G110/><T116/><D116/><U93/><E14/><V0/><F42/><W46/><G46/><T64/><D50/><U33/><E33/><V31/><F43/><W29/><G29/><T86/><REACH who="0" step="1"/><D17/><REACH who="0" ten="214,230,285,251" step="2"/><U48/><E49/><V58/><F31/><W72/><G72/><AGARI ba="0,2" hai="64,65,67,72,77,80,81,82,83,85,86,87,88,95" machi="72" ten="40,12000,2" yaku="1,1,2,1,54,1,53,3" doraHai="69" doraHaiUra="61" who="0" fromWho="3" sc="214,140,230,0,285,0,251,-120" owari="354,45.4,230,-17.0,285,8.5,131,-36.9" /></mjloggm>