<mjloggm ver="2.3"><GO type="225" lobby="0"/><UN n0="%61%74%73%75%74%6F%64%6F" n1="%E5%B6%BA%E4%B8%8A%E5%92%B2" n2="%28%EF%BF%A3%E2%96%BD%EF%BF%A3%29%CE%B4%E2%8C%92%E3%83%BB" n3="%E6%9D%B1%E9%A2%A8%E3%81%AE%E3%81%8D%E3%82%83%E3%81%B7%E3%81%95%E3%82%93" dan="16,16,17,16" rate="2091.31,2080.34,2267.68,2194.78" sx="M,F,M,M"/><TAIKYOKU oya="0"/><INIT seed="0,0,0,0,0,50" ten="250,250,250,250" oya="0" hai0="40,92,19,2,38,37,104,34,88,9,47,6,70" hai1="108,55,95,122,73,31,121,59,134,91,51,1,98" hai2="112,48,60,44,101,78,66,63,24,131,109,16,23" hai3="96,32,90,100,79,118,106,22,7,82,130,84,77"/><T56/><D104/><U28/><E108/><V75/><F109/><W46/><G32/><T126/><D70/><U10/><E73/><V128/><F112/><W107/><G7/><T123/><D123/><U26/><E134/><V120/><F120/><W45/><G45/><T11/><D34/><U25/><E1/><V132/><F132/><W133/><G46/><T124/><D38/><U36/><E36/><V58/><F101/><W12/><G133/><T72/><D72/><U87/><E10/><V8/><F8/><W105/><G12/><T127/><D56/><U17/><E17/><V102/><F102/><W0/><G22/><T94/><REACH who="0" step="1"/><D88/><REACH who="0" ten="240,250,250,250" step="2"/><N who="1" m="55655" /><E122/><V21/><F75/><W29/><G107/><T43/><D43/><U42/><E42/><V52/><F78/><W114/><G77/><T4/><D4/><U76/><E76/><V99/><F99/><W86/><G79/><T111/><D111/><U49/><E121/><V74/><F74/><W116/><G106/><T13/><AGARI ba="0,1" hai="2,6,9,11,13,19,37,40,47,92,94,124,126,127" machi="13" ten="40,7800,0" yaku="1,1,0,1,18,1,53,0" doraHai="50" doraHaiUra="93" who="0" fromWho="0" sc="240,88,250,-26,250,-26,250,-26" /><INIT seed="0,1,0,2,2,12" ten="328,224,224,224" oya="0" hai0="94,75,26,5,6,105,13,62,115,36,133,64,61" hai1="81,99,7,72,40,30,25,42,125,4,54,69,45" hai2="108,135,98,124,15,34,132,18,65,117,50,102,19" hai3="134,73,53,84,44,52,110,14,85,78,95,33,31"/><T48/><D105/><U118/><E69/><V127/><F34/><W116/><G116/><T87/><D36/><U101/><E118/><V90/><F117/><W112/><G112/><T29/><D75/><U24/><E125/><N who="2" m="48203" /><F108/><W3/><G134/><N who="2" m="51241" /><F15/><W104/><G110/><T93/><D115/><U21/><E72/><V0/><F0/><W41/><G104/><T79/><D133/><U71/><E71/><V111/><F111/><W96/><G3/><T58/><D62/><U20/><E81/><V128/><F65/><W49/><G73/><T109/><D109/><U70/><E70/><V60/><F60/><W130/><G31/><T113/><D48/><N who="1" m="28943" /><E101/><V46/><F90/><W126/><G33/><T123/><D113/><U27/><E99/><V57/><F57/><W119/><G126/><T28/><D13/><U97/><E97/><V68/><F68/><W100/><G119/><T80/><D29/><N who="1" m="17583" /><E27/><V63/><F63/><W107/><G14/><T83/><D28/><U55/><E4/><V38/><F38/><W43/><G49/><T11/><D6/><U35/><E7/><V23/><F23/><W91/><G100/><T121/><D26/><U32/><E32/><V17/><F128/><W1/><G130/><T56/><D56/><U67/><E35/><V92/><F19/><W47/><G1/><T51/><D5/><U86/><E67/><V8/><F8/><W74/><G91/><N who="0" m="51687" /><D11/><U120/><E24/><V66/><F66/><W16/><G107/><T37/><D37/><U89/><E20/><V122/><F122/><N who="0" m="46602" /><D51/><U114/><E120/><V10/><F10/><RYUUKYOKU ba="1,0" sc="328,15,224,-15,224,15,224,-15" hai0="58,61,64,79,83,93,94" hai2="17,18,46,50,92,98,102" /><INIT seed="0,2,0,3,3,128" ten="343,209,239,209" oya="0" hai0="70,117,62,72,48,24,22,25,64,20,17,91,18" hai1="115,97,116,80,119,113,51,118,74,89,40,61,32" hai2="2,5,125,79,39,86,76,35,82,7,19,67,11" hai3="49,26,87,37,111,41,75,133,112,36,63,71,122"/><T121/><D117/><U130/><E32/><V43/><F35/><W56/><G75/><T105/><D121/><U88/><E130/><V3/><F125/><W131/><G87/><T33/><D72/><U127/><E127/><V57/><F19/><W30/><G131/><T1/><D33/><U9/><E61/><V46/><F67/><W10/><G122/><T31/><D1/><U135/><E9/><V0/><F57/><W23/><G10/><T109/><D105/><U58/><E58/><V50/><F7/><W129/><G129/><T107/><D107/><U12/><E12/><V68/><F68/><W47/><G112/><N who="1" m="43082" /><E135/><V4/><F4/><W83/><G111/><T42/><D109/><U106/><E51/><V102/><F102/><W93/><G83/><T95/><D31/><U96/><E40/><V103/><F103/><W100/><G71/><T34/><D34/><U14/><E14/><V132/><F132/><W69/><G133/><T38/><D48/><U28/><E28/><V90/><REACH who="2" step="1"/><F39/><REACH who="2" ten="343,209,229,209" step="2"/><W84/><G69/><T104/><D38/><U16/><E16/><V99/><F99/><N who="1" m="37961" /><E106/><V15/><AGARI ba="2,1" hai="0,2,3,5,11,15,43,46,50,76,79,82,86,90" machi="15" ten="30,2000,0" yaku="1,1,0,1,53,0" doraHai="128" doraHaiUra="123" who="2" fromWho="2" sc="343,-12,209,-7,229,36,209,-7" /><INIT seed="1,0,0,0,0,76" ten="331,202,265,202" oya="1" hai0="114,59,129,80,67,11,132,15,18,90,4,51,38" hai1="39,98,118,107,34,112,115,12,46,13,102,70,104" hai2="123,53,64,99,44,100,21,57,96,131,77,110,130" hai3="109,135,101,73,10,92,8,105,128,50,66,48,37"/><U1/><E118/><V35/><F35/><W23/><G37/><T103/><D38/><U133/><E1/><V3/><F3/><W19/><G73/><T134/><D114/><U125/><E133/><N who="0" m="51305" /><D103/><U75/><E125/><V62/><F123/><W82/><G128/><N who="2" m="49193" /><F110/><W5/><G105/><T108/><D108/><U31/><E104/><N who="2" m="63495" /><F99/><W72/><G66/><T84/><D129/><U56/><E70/><V116/><F77/><W79/><G109/><T41/><D41/><N who="1" m="22847" /><E56/><V14/><F116/><W22/><G135/><T29/><D29/><U7/><E13/><V122/><F122/><W36/><G36/><T47/><D67/><U119/><E119/><V68/><F44/><W27/><G22/><T94/><D59/><U49/><E49/><N who="2" m="30895" /><F21/><W113/><G113/><N who="1" m="43594" /><E12/><AGARI ba="0,0" hai="12,14,62,64,68" m="30895,63495,49193" machi="12" ten="30,1000,0" yaku="19,1" doraHai="76" who="2" fromWho="1" sc="331,0,202,-10,265,10,202,0" /><INIT seed="2,0,0,4,5,96" ten="331,192,275,202" oya="2" hai0="135,110,60,108,53,115,101,28,4,20,67,24,17" hai1="107,111,87,81,42,92,1,103,78,132,88,41,73" hai2="121,112,74,55,62,76,11,37,127,16,77,49,57" hai3="18,45,29,5,3,48,114,40,66,100,36,84,23"/><V44/><F112/><W54/><G114/><T93/><D135/><U106/><E1/><V85/><F74/><W22/><G66/><T134/><D134/><U75/><E132/><V128/><F121/><W71/><G84/><T113/><D4/><U86/><E111/><N who="0" m="42537" /><D53/><U8/><E8/><V15/><F37/><W6/><G71/><N who="0" m="42471" /><D17/><U99/><E41/><V133/><F127/><W109/><G109/><T56/><D56/><U98/><E42/><V125/><F128/><W120/><G120/><T19/><D19/><U94/><E86/><V63/><F125/><W10/><G5/><T50/><D50/><U46/><E46/><V33/><F33/><W126/><G126/><T32/><D32/><U39/><E39/><V21/><F63/><W80/><G29/><T102/><D93/><U104/><AGARI ba="0,0" hai="73,75,78,81,87,88,92,94,98,99,103,104,106,107" machi="104" ten="30,16000,3" yaku="0,1,35,6,52,1,54,1" doraHai="96" who="1" fromWho="1" sc="331,-40,192,160,275,-80,202,-40" /><INIT seed="3,0,0,4,0,73" ten="291,352,195,162" oya="3" hai0="8,52,68,15,108,10,127,102,32,97,28,89,35" hai1="49,50,121,77,12,80,112,124,87,41,96,1,115" hai2="120,100,53,131,37,7,59,21,60,17,113,81,57" hai3="44,61,4,134,93,111,26,82,25,105,69,66,78"/><W118/><G105/><T75/><D68/><U125/><E1/><V13/><F37/><W62/><G118/><T23/><D108/><U58/><E121/><V5/><F113/><N who="1" m="43593" /><E41/><V33/><F33/><W94/><G111/><T119/><D119/><U101/><E12/><V130/><F120/><W106/><G106/><T72/><D127/><N who="1" m="48715" /><E58/><V51/><F100/><W129/><G4/><T31/><D89/><U22/><E22/><V38/><F81/><W67/><G44/><T0/><D23/><U24/><E24/><V54/><F38/><W3/><G3/><T2/><D102/><U128/><E128/><AGARI ba="0,0" hai="5,7,13,17,21,51,53,54,57,59,60,128,130,131" machi="128" ten="40,1300,0" yaku="19,1" doraHai="73" who="2" fromWho="1" sc="291,0,352,-13,195,13,162,0" owari="291,9.1,339,43.9,208,-19.2,162,-33.8" /></mjloggm>