<mjloggm ver="2.3"><GO type="225" lobby="0"/><UN n0="%EF%BC%AE%EF%BC%A1%EF%BC%AF%33%33%39" n1="%E6%A0%B9%E5%85%83%E3%81%8B%E3%82%89%E5%90%B9%E3%81%A3%E9%A3%9B%E3%81%B6" n2="%72%69%6F%75%63%68%61%6E" n3="%E8%83%83%E3%81%A8%E8%85%B8" dan="17,17,17,17" rate="2134.13,2149.27,2299.60,2170.47" sx="M,F,M,M"/><TAIKYOKU oya="0"/><INIT seed="0,0,0,2,0,56" ten="250,250,250,250" oya="0" hai0="128,100,36,51,19,23,70,94,11,89,47,82,129" hai1="37,132,14,92,72,6,105,0,28,24,95,75,35" hai2="49,113,12,62,102,79,16,106,7,107,64,74,41" hai3="43,67,123,17,40,32,44,1,69,26,45,71,119"/><T134/><D36/><U112/><E132/><V93/><F113/><W104/><G104/><T8/><D70/><N who="3" m="26633" /><G17/><T86/><D134/><U65/><E105/><V131/><F131/><N who="0" m="50250" /><D100/><U120/><E120/><V13/><F7/><W33/><G26/><N who="0" m="14719" /><D82/><U98/><E112/><V39/><F39/><W48/><G1/><T116/><D116/><U76/><E37/><V83/><F12/><W66/><G32/><T20/><D20/><U31/><E31/><V96/><F49/><N who="3" m="26759" /><G33/><T115/><D115/><U90/><E0/><V80/><F41/><AGARI ba="0,0" hai="8,11,41,47,51,86,89,94" m="14719,50250" machi="41" ten="30,1500,0" yaku="19,1" doraHai="56" who="0" fromWho="2" sc="250,15,250,0,250,-15,250,0" /><INIT seed="0,1,0,5,5,57" ten="265,250,235,250" oya="0" hai0="7,17,86,95,11,106,34,108,116,98,104,110,85" hai1="22,48,4,111,58,19,29,23,13,21,18,60,121" hai2="37,72,12,120,78,45,24,40,49,102,118,79,105" hai3="39,75,25,100,46,130,65,32,99,20,129,56,70"/><T81/><D34/><U55/><E121/><V133/><F120/><W92/><G75/><T87/><D17/><U35/><E111/><N who="0" m="42537" /><D116/><U51/><E35/><V64/><F72/><W107/><G32/><T5/><D81/><U16/><E29/><V53/><F133/><W125/><G125/><T26/><D26/><U73/><E73/><V33/><F118/><W83/><G83/><T77/><D77/><U63/><E51/><V44/><F64/><W14/><G14/><N who="0" m="5487" /><D7/><U132/><E132/><V126/><F126/><W109/><G109/><T112/><D112/><U115/><E115/><V41/><F12/><W122/><G122/><T103/><AGARI ba="1,0" hai="85,86,87,95,98,103,104,106" m="5487,42537" machi="103" ten="30,3000,0" yaku="14,1,10,1" doraHai="57" who="0" fromWho="0" sc="265,33,250,-11,235,-11,250,-11" /><INIT seed="0,2,0,1,1,87" ten="298,239,224,239" oya="0" hai0="80,98,122,112,127,108,63,115,114,59,4,21,24" hai1="119,19,18,23,49,81,47,45,105,42,43,65,31" hai2="3,6,120,84,37,92,64,39,118,40,29,79,75" hai3="52,61,90,15,51,48,69,57,125,8,62,134,30"/><T26/><D122/><U82/><E105/><V97/><F120/><W34/><G125/><T77/><D4/><U110/><E110/><V5/><F118/><W76/><G134/><T11/><D11/><U89/><E65/><V104/><F29/><W56/><G69/><T58/><D127/><U53/><E119/><V38/><F64/><W99/><G76/><T113/><D113/><U86/><E81/><V74/><F40/><N who="1" m="15401" /><E47/><V10/><F104/><W7/><G30/><T106/><D108/><U68/><E68/><V109/><F109/><W70/><G70/><T130/><D130/><U126/><E126/><V16/><F5/><W129/><G34/><T28/><D26/><AGARI ba="2,0" hai="18,19,23,26,31,45,49,53,82,86,89" m="15401" machi="26" ten="30,2000,0" yaku="8,1,52,1" doraHai="87" who="1" fromWho="0" sc="298,-26,239,26,224,0,239,0" /><INIT seed="1,0,0,3,3,15" ten="272,265,224,239" oya="1" hai0="129,126,95,107,47,85,54,103,43,7,119,86,96" hai1="109,76,11,67,41,90,117,71,48,68,114,69,21" hai2="70,38,55,110,12,82,127,4,14,42,125,94,60" hai3="56,51,63,2,10,73,123,50,27,32,22,46,26"/><U58/><E114/><V17/><F110/><W37/><G123/><T33/><D119/><U104/><E104/><V128/><F128/><W113/><G113/><T130/><D33/><U124/><E76/><V79/><F4/><W18/><G73/><T36/><D7/><U62/><E90/><V133/><F133/><W88/><G37/><T30/><D30/><U44/><E117/><V1/><F1/><W74/><G74/><T121/><D121/><U59/><E11/><V101/><F12/><W57/><G32/><T105/><D54/><N who="1" m="32071" /><E124/><N who="2" m="47691" /><F42/><W97/><G26/><T24/><D24/><U132/><E21/><V40/><F40/><N who="3" m="24903" /><G2/><T81/><D86/><U118/><E109/><V98/><F38/><W35/><G35/><T6/><D6/><U77/><E77/><V23/><F55/><N who="3" m="31871" /><G10/><T66/><D66/><N who="1" m="39263" /><E132/><V100/><F100/><W20/><G20/><T34/><D34/><U80/><E118/><V29/><F29/><W131/><G131/><N who="0" m="50187" /><D126/><U45/><E67/><N who="2" m="41319" /><F79/><AGARI ba="0,0" hai="36,43,47,79,81,85,95,96,103,105,107" m="50187" machi="79" ten="30,1000,0" yaku="19,1" doraHai="15" who="0" fromWho="2" sc="272,10,265,0,224,-10,239,0" /><INIT seed="2,0,0,2,1,35" ten="282,265,214,239" oya="2" hai0="125,127,25,77,1,48,33,83,29,75,27,56,11" hai1="31,2,117,113,43,40,6,26,73,102,37,53,109" hai2="85,30,61,55,124,0,19,116,67,52,128,69,70" hai3="10,126,129,50,66,39,12,92,106,132,120,89,28"/><V98/><F116/><W96/><G39/><T8/><D27/><U94/><E113/><V3/><F70/><W107/><G120/><T87/><D75/><U15/><E117/><V63/><F30/><W49/><G126/><N who="0" m="48139" /><D1/><U46/><E73/><V111/><F124/><W115/><G115/><T7/><D7/><U103/><E109/><V47/><F111/><W20/><G129/><T97/><D97/><U76/><E2/><V81/><F128/><W105/><G132/><T13/><D13/><U118/><E118/><V91/><F19/><W108/><G108/><T74/><D74/><U60/><E76/><V131/><F131/><W123/><G123/><T78/><D78/><U104/><E104/><V71/><F98/><W23/><G28/><T21/><D33/><U93/><E43/><V82/><F81/><W99/><G99/><T51/><D51/><U130/><E103/><V57/><REACH who="2" step="1"/><F69/><REACH who="2" ten="282,265,204,239" step="2"/><W32/><G96/><T9/><D29/><U34/><E130/><V41/><F41/><W18/><G32/><T38/><D83/><U4/><E31/><V14/><F14/><W100/><G12/><T119/><D119/><U42/><E15/><V101/><F101/><W16/><G18/><T64/><D25/><U54/><E102/><V80/><F80/><W68/><G16/><T5/><D87/><U79/><E46/><V114/><F114/><W135/><G100/><T24/><D24/><U22/><E26/><V134/><F134/><W112/><G135/><T122/><D122/><U36/><E37/><V44/><F44/><W88/><G112/><T59/><D38/><RYUUKYOKU ba="0,1" sc="282,-10,265,-10,204,30,239,-10" hai2="0,3,47,52,55,57,61,63,67,71,82,85,91" /><INIT seed="2,1,1,1,3,19" ten="272,255,234,229" oya="2" hai0="79,93,31,100,61,90,30,101,74,7,4,27,97" hai1="8,83,14,73,13,35,104,11,98,64,91,43,112" hai2="78,36,42,94,17,6,114,2,60,126,55,95,85" hai3="63,29,66,45,50,51,40,89,18,39,49,102,131"/><V133/><F114/><W5/><G131/><T67/><D74/><U37/><E112/><V132/><F126/><W59/><G5/><T71/><D79/><U47/><E35/><V110/><F110/><W77/><G102/><T21/><D31/><U96/><E64/><V81/><F42/><W25/><G18/><T88/><D100/><U26/><E26/><V80/><F36/><W86/><G77/><T41/><D41/><U3/><E104/><V123/><F123/><W107/><G107/><T72/><D72/><U84/><E3/><V103/><F81/><W130/><G130/><T10/><REACH who="0" step="1"/><D4/><REACH who="0" ten="262,255,234,229" step="2"/><U119/><E73/><V33/><F103/><W57/><G29/><T56/><D56/><U134/><E43/><V16/><F33/><W120/><G57/><T115/><D115/><U53/><E47/><V69/><F69/><W44/><G44/><T76/><D76/><U65/><E91/><V129/><F129/><W22/><G89/><T24/><D24/><U122/><E122/><V46/><F46/><W109/><G120/><T87/><D87/><U70/><E84/><V92/><F6/><W68/><G86/><T135/><D135/><N who="2" m="51786" /><F2/><AGARI ba="1,2" hai="2,7,10,21,27,30,61,67,71,88,90,93,97,101" machi="2" ten="30,7700,0" yaku="1,1,7,1,52,1,54,1,53,0" doraHai="19" doraHaiUra="127" who="0" fromWho="2" sc="262,100,255,0,234,-80,229,0" /><INIT seed="3,0,0,3,5,54" ten="362,255,154,229" oya="3" hai0="125,25,108,48,56,104,70,111,11,88,100,6,3" hai1="15,122,69,24,47,92,135,51,50,21,66,65,133" hai2="37,78,46,28,49,30,126,106,83,107,31,94,118" hai3="131,41,128,91,74,99,87,115,98,42,120,127,119"/><W95/><G115/><T20/><D70/><U97/><E15/><V103/><F118/><W59/><G119/><T7/><D7/><U8/><E8/><V55/><F126/><W71/><G71/><T124/><D100/><N who="1" m="60455" /><E69/><V14/><F37/><W35/><G127/><N who="0" m="48715" /><D104/><U16/><E122/><V62/><F107/><W68/><G68/><T80/><D48/><N who="1" m="18475" /><E47/><V61/><F106/><W64/><G74/><T89/><D56/><U32/><E32/><V9/><F103/><W79/><G35/><T132/><D132/><AGARI ba="0,0" hai="16,21,24,65,66,132,133,135" m="18475,60455" machi="132" ten="30,2000,0" yaku="20,1,54,1" doraHai="54" who="1" fromWho="0" sc="362,-20,255,20,154,0,229,0" owari="342,44.2,275,7.5,154,-34.6,229,-17.1" /></mjloggm>