<mjloggm ver="2.3"><GO type="225" lobby="0"/><UN n0="%72%61%6B%33" n1="%33%74%72%65%65" n2="%E3%83%B4%E3%83%A0%EF%BC%99%E3%81%A6" n3="%72%69%6F%75%63%68%61%6E" dan="18,16,17,17" rate="2247.02,2146.33,2173.42,2136.76" sx="M,F,M,M"/><TAIKYOKU oya="0"/><INIT seed="0,0,0,1,2,111" ten="250,250,250,250" oya="0" hai0="100,104,107,114,34,65,86,72,76,13,10,4,11" hai1="129,91,81,112,135,0,128,5,84,24,131,70,132" hai2="79,56,42,58,3,71,29,98,105,75,94,60,37" hai3="46,47,28,53,6,90,7,62,23,41,124,126,44"/><T125/><D34/><U27/><E70/><V30/><F3/><W108/><G108/><T133/><D72/><U57/><E57/><V40/><F105/><W18/><G28/><T15/><D125/><N who="3" m="48233" /><G41/><T20/><D133/><N who="1" m="51275" /><E5/><N who="3" m="1546" /><G90/><T118/><D4/><U1/><E112/><V61/><F75/><W16/><G23/><T122/><D20/><U50/><E50/><V68/><F79/><W35/><G35/><T32/><D32/><U74/><E74/><V31/><F37/><W73/><G73/><T9/><D9/><U36/><E36/><V2/><F2/><AGARI ba="0,0" hai="0,1,2,24,27,81,84,91,128,129,131" m="51275" machi="2" ten="40,2600,0" yaku="19,1,20,1" doraHai="111" who="1" fromWho="2" sc="250,0,250,26,250,-26,250,0" /><INIT seed="1,0,0,5,0,24" ten="250,276,224,250" oya="1" hai0="117,116,112,97,67,11,101,35,88,78,91,96,89" hai1="126,21,108,13,8,5,6,28,77,83,74,18,109" hai2="17,49,104,1,3,25,85,56,0,82,129,66,22" hai3="59,86,73,63,4,103,36,106,75,57,132,16,133"/><U119/><E119/><V40/><F104/><W128/><G128/><T41/><D35/><U95/><E95/><V69/><F129/><W2/><G36/><T29/><D41/><U14/><E126/><V122/><F122/><W76/><G86/><T53/><D11/><U34/><REACH who="1" step="1"/><E5/><REACH who="1" ten="250,266,224,250" step="2"/><V64/><F69/><W32/><G4/><T87/><D117/><U7/><E7/><V135/><F135/><W110/><G133/><T121/><D116/><U44/><E44/><V30/><F17/><W27/><G16/><T65/><D121/><U118/><E118/><V93/><F93/><W10/><G132/><T131/><D131/><U100/><E100/><V130/><F130/><W107/><G106/><T51/><D101/><U111/><E111/><V26/><F0/><W125/><G107/><T19/><D19/><U105/><E105/><V45/><F1/><W9/><G103/><T79/><D97/><U123/><E123/><V72/><F3/><W50/><G2/><T58/><D96/><U47/><E47/><V80/><F45/><W20/><G110/><T38/><D112/><U127/><E127/><V62/><F82/><W94/><G94/><T68/><D68/><U48/><E48/><V15/><F80/><W61/><G50/><T46/><D46/><U43/><E43/><V60/><F49/><W124/><G125/><T102/><D102/><U92/><E92/><V12/><F40/><W113/><G124/><T55/><D51/><U70/><E70/><V31/><F56/><W84/><G113/><T37/><D58/><U81/><E81/><V54/><F60/><RYUUKYOKU ba="0,1" sc="250,-10,266,30,224,-10,250,-10" hai1="6,8,13,14,18,21,28,34,74,77,83,108,109" /><INIT seed="1,1,1,1,0,62" ten="240,296,214,240" oya="1" hai0="60,111,42,100,85,122,8,76,94,34,109,79,36" hai1="19,63,106,47,38,135,37,49,20,53,27,14,81" hai2="113,28,132,65,95,56,61,59,0,66,45,104,22" hai3="90,92,115,17,7,91,2,30,112,15,96,44,117"/><U80/><E135/><V120/><F104/><W101/><G117/><T39/><D34/><U103/><E106/><V124/><F120/><W58/><G30/><T78/><D122/><U74/><E103/><V123/><F123/><W107/><G90/><T31/><D31/><U3/><E3/><V131/><F132/><W86/><G7/><T25/><D25/><U108/><E108/><V21/><F0/><W88/><G2/><T121/><D121/><U125/><E125/><V130/><F124/><W18/><G18/><T24/><D24/><U32/><E32/><V114/><F45/><W57/><G44/><T99/><D42/><U23/><E63/><N who="2" m="38119" /><F95/><W48/><G91/><T110/><D85/><U68/><E68/><V97/><F97/><W89/><G89/><T9/><REACH who="0" step="1"/><D60/><REACH who="0" ten="230,296,214,240" step="2"/><U133/><E133/><V10/><F28/><W46/><G115/><N who="2" m="44041" /><F10/><AGARI ba="1,2" hai="8,9,10,36,39,76,78,79,94,99,100,109,110,111" machi="10" ten="50,3200,0" yaku="1,1,14,1,53,0" doraHai="62" doraHaiUra="128" who="0" fromWho="2" sc="230,55,296,0,214,-35,240,0" /><INIT seed="2,0,0,4,2,111" ten="285,296,179,240" oya="2" hai0="18,9,95,115,32,25,7,133,69,23,15,105,131" hai1="24,73,10,40,31,119,88,110,45,51,20,90,63" hai2="85,12,118,38,82,54,98,14,92,84,47,56,27" hai3="80,57,79,46,67,26,100,22,0,16,126,52,17"/><V103/><F118/><W121/><G121/><T83/><D105/><U68/><E110/><V55/><F38/><W6/><G126/><T107/><D107/><U104/><E119/><V101/><F101/><W70/><G70/><T8/><D69/><U2/><E73/><V127/><F127/><W4/><G100/><T5/><D95/><U89/><E104/><V112/><F112/><W75/><G0/><T125/><D83/><U43/><E43/><V33/><F33/><W66/><G46/><T36/><D36/><U11/><REACH who="1" step="1"/><E2/><REACH who="1" ten="285,286,179,240" step="2"/><V37/><F37/><W60/><REACH who="3" step="1"/><G17/><REACH who="3" ten="285,286,179,230" step="2"/><T19/><D19/><U1/><E1/><V78/><F103/><W64/><AGARI ba="0,2" hai="4,6,16,22,26,52,57,60,64,66,67,75,79,80" machi="64" ten="30,8000,1" yaku="1,1,2,1,0,1,54,2,53,0" doraHai="111" doraHaiUra="123" who="3" fromWho="3" sc="285,-20,286,-20,179,-40,230,100" /><INIT seed="3,0,0,2,4,43" ten="265,266,139,330" oya="3" hai0="104,84,9,16,108,65,4,82,2,47,76,67,114" hai1="112,30,54,15,113,0,57,11,3,37,12,13,58" hai2="38,14,51,94,7,61,131,110,21,59,32,27,40" hai3="64,72,127,31,118,41,75,120,98,125,121,122,93"/><W116/><G41/><T18/><D104/><U70/><E70/><V90/><F110/><W60/><G31/><T42/><D108/><U10/><E30/><V36/><F131/><W126/><G93/><T23/><D114/><N who="1" m="44139" /><E54/><V132/><F132/><W92/><G92/><T66/><REACH who="0" step="1"/><D23/><REACH who="0" ten="255,266,139,330" step="2"/><U100/><E37/><AGARI ba="0,1" hai="2,4,9,16,18,37,42,47,65,66,67,76,82,84" machi="37" ten="40,8000,1" yaku="1,1,2,1,52,1,54,1,53,0" doraHai="43" doraHaiUra="133" who="0" fromWho="1" sc="255,90,266,-80,139,0,330,0" owari="345,44.5,186,-21.4,139,-36.1,330,13.0" /></mjloggm>