<mjloggm ver="2.3"><GO type="225" lobby="0"/><UN n0="%E3%82%B7%E3%83%B3%E5%A4%AA%E6%9C%97" n1="%28%EF%BF%A3%E2%96%BD%EF%BF%A3%29%CE%B4%E2%8C%92%E3%83%BB" n2="%6C%61%6D%62" n3="%E3%82%A2%E3%82%A4%E3%82%B9%E3%83%86%E3%82%A3%E3%83%BC%E3%81%82%E3%81%B9" dan="16,16,16,16" rate="2183.29,2121.05,2134.87,2138.71" sx="M,M,M,M"/><TAIKYOKU oya="0"/><INIT seed="0,0,0,1,2,86" ten="250,250,250,250" oya="0" hai0="19,58,4,115,117,59,101,33,1,110,123,49,93" hai1="7,73,135,122,36,130,120,42,23,133,78,63,28" hai2="85,131,35,98,0,91,16,92,106,37,81,2,39" hai3="104,44,119,69,22,14,132,50,25,74,43,80,108"/><T65/><D117/><U27/><E78/><V99/><F35/><W53/><G108/><T26/><D123/><N who="1" m="47147" /><E73/><V57/><F131/><W94/><G104/><T125/><D125/><U79/><E79/><V13/><F106/><W75/><G69/><T87/><D115/><U30/><E63/><V55/><F2/><W21/><G119/><T56/><D110/><U129/><E42/><V96/><F0/><W31/><G132/><N who="1" m="50762" /><E36/><V68/><F68/><W76/><G94/><T47/><D4/><U17/><E7/><V60/><REACH who="2" step="1"/><F81/><REACH who="2" ten="250,250,240,250" step="2"/><W116/><G116/><T40/><D1/><U66/><E66/><V82/><F82/><W102/><G80/><T84/><D65/><U97/><E97/><V41/><F41/><W3/><G43/><T88/><D101/><U10/><E10/><AGARI ba="0,1" hai="10,13,16,37,39,55,57,60,85,91,92,96,98,99" machi="10" ten="40,8000,1" yaku="1,1,52,1,54,1,53,1" doraHai="86" doraHaiUra="51" who="2" fromWho="1" sc="250,0,250,-80,240,90,250,0" /><INIT seed="1,0,0,2,1,81" ten="250,170,330,250" oya="1" hai0="14,114,48,129,47,73,95,123,57,135,61,69,62" hai1="72,130,45,31,34,104,96,94,90,120,7,126,97" hai2="42,74,1,4,44,113,32,26,50,67,51,6,43" hai3="8,107,115,21,68,99,108,0,33,36,124,28,41"/><U79/><E120/><V132/><F74/><W102/><G21/><T66/><D135/><U80/><E7/><V54/><F132/><W112/><G108/><T27/><D129/><U9/><E9/><V39/><F113/><W49/><G49/><T86/><D73/><U53/><E130/><V89/><F1/><W109/><G109/><T56/><D123/><U25/><E126/><V131/><F43/><W106/><G106/><T77/><D114/><U64/><E64/><V24/><F50/><W12/><G12/><T29/><D14/><U118/><E118/><V30/><F131/><W13/><G13/><T91/><D77/><U38/><E53/><V63/><F26/><N who="3" m="18583" /><G124/><T103/><D103/><U46/><REACH who="1" step="1"/><E38/><REACH who="1" ten="250,160,330,250" step="2"/><V3/><F4/><N who="3" m="1031" /><G68/><T98/><D69/><U23/><E23/><V85/><F6/><W58/><G58/><T133/><D133/><U111/><E111/><V82/><F3/><W122/><G122/><T15/><D57/><U84/><E84/><V65/><F39/><W40/><G40/><T19/><D56/><U92/><E92/><V105/><F105/><W2/><G2/><T119/><D119/><U93/><E93/><V75/><F75/><W16/><G41/><N who="0" m="24687" /><D66/><U121/><E121/><V88/><F42/><W125/><G36/><T100/><D86/><U83/><E83/><V55/><F55/><W78/><G125/><T134/><D134/><U116/><E116/><V87/><F67/><W117/><G117/><T18/><D95/><U76/><E76/><N who="2" m="46279" /><F87/><W59/><G78/><T60/><D98/><U11/><E11/><V128/><F128/><RYUUKYOKU ba="0,1" sc="250,-15,160,15,330,15,250,-15" hai1="25,31,34,45,46,72,79,80,90,94,96,97,104" hai2="24,30,32,44,51,54,63,65,88,89" /><INIT seed="1,1,1,0,4,3" ten="235,175,345,235" oya="1" hai0="16,126,82,89,111,44,75,12,73,9,104,32,36" hai1="5,112,64,125,129,128,95,133,17,50,92,41,21" hai2="135,46,45,90,61,99,123,98,65,1,86,91,10" hai3="31,29,47,108,114,122,106,48,58,8,52,83,51"/><U54/><E112/><V103/><F123/><W19/><G122/><T53/><D126/><U24/><E125/><V121/><F121/><W33/><G108/><T39/><D111/><U124/><E124/><V14/><F1/><W79/><G106/><T117/><D117/><U13/><E41/><V43/><F135/><W116/><G116/><T28/><D104/><U11/><E64/><V101/><F61/><W6/><G19/><T120/><D120/><U84/><E133/><V34/><F34/><W131/><G131/><N who="1" m="50250" /><E84/><V102/><F65/><W18/><G18/><T62/><D62/><U70/><E70/><V40/><F46/><AGARI ba="1,1" hai="5,11,13,17,21,24,46,50,54,92,95" m="50250" machi="46" ten="30,2900,0" yaku="19,1,52,1" doraHai="3" who="1" fromWho="2" sc="235,0,175,42,345,-32,235,0" /><INIT seed="1,2,0,4,1,25" ten="235,217,313,235" oya="1" hai0="39,90,81,113,42,67,100,12,130,83,93,62,54" hai1="29,125,26,55,85,88,70,79,103,134,89,72,115" hai2="30,86,119,76,78,51,59,4,77,117,116,38,58" hai3="5,102,80,73,65,68,108,17,96,43,33,18,61"/><U2/><E2/><V87/><F38/><W15/><G108/><T101/><D130/><U22/><E70/><V44/><F4/><W82/><G43/><T94/><D113/><U66/><E115/><V112/><F112/><W11/><G33/><T49/><D39/><U105/><E66/><V69/><F69/><W36/><G36/><T129/><D42/><U50/><E125/><V92/><F30/><W128/><G128/><T9/><D129/><U31/><E134/><V121/><F121/><W57/><G68/><T120/><D120/><U10/><E10/><V63/><F92/><W20/><G73/><T56/><D81/><N who="1" m="47295" /><E105/><V27/><F27/><W84/><G84/><T3/><D3/><U135/><E72/><V132/><F59/><W41/><G41/><T28/><D28/><N who="1" m="17495" /><E103/><V126/><F126/><W40/><G40/><T106/><D106/><U53/><E53/><N who="2" m="29927" /><F132/><W1/><G17/><T35/><D35/><U95/><E135/><V60/><F117/><W127/><G127/><T47/><D94/><AGARI ba="2,0" hai="1,5,11,15,18,20,57,61,65,80,82,94,96,102" machi="94" ten="30,1000,0" yaku="7,1" doraHai="25" who="3" fromWho="0" sc="235,-16,217,0,313,0,235,16" /><INIT seed="2,0,0,3,5,118" ten="219,217,313,251" oya="2" hai0="67,96,100,52,104,50,29,19,27,11,9,108,57" hai1="91,17,18,114,74,36,56,133,84,33,120,10,79" hai2="128,12,87,54,26,59,14,75,101,109,70,80,113" hai3="44,117,16,73,49,41,105,127,129,92,93,76,20"/><V121/><F113/><W64/><G117/><T103/><D108/><U99/><E36/><V123/><F70/><W88/><G105/><T68/><D103/><U78/><E33/><V53/><F75/><W6/><G127/><T112/><D19/><N who="1" m="7179" /><E74/><V110/><F101/><W39/><G129/><T119/><D112/><U94/><E114/><V63/><F26/><W60/><G6/><T38/><D38/><U65/><E133/><V28/><F28/><W71/><G76/><N who="1" m="29226" /><E120/><N who="2" m="46155" /><F54/><W35/><G35/><N who="0" m="20927" /><D119/><U116/><E116/><V122/><F122/><W55/><G73/><T40/><D40/><U81/><E10/><V46/><F46/><W48/><G55/><T131/><D131/><U62/><E99/><V90/><F128/><W3/><G93/><AGARI ba="0,0" hai="56,62,65,81,84,91,93,94" m="29226,7179" machi="93" ten="30,1000,0" yaku="8,1" doraHai="118" who="1" fromWho="3" sc="219,0,217,10,313,0,251,-10" /><INIT seed="3,0,0,0,4,51" ten="219,227,313,241" oya="3" hai0="29,77,24,92,95,56,3,18,60,47,52,36,120" hai1="134,21,129,5,48,109,19,6,114,72,30,113,101" hai2="85,45,23,26,135,34,125,108,37,20,78,49,117" hai3="38,82,43,9,64,83,22,28,12,119,94,87,54"/><W115/><G115/><N who="1" m="44042" /><E48/><V58/><F37/><W75/><G64/><T127/><D120/><U76/><E101/><V88/><F117/><W121/><G119/><T124/><D3/><U80/><E30/><V71/><F71/><W133/><G121/><T8/><D77/><U40/><E40/><V4/><F34/><W63/><G43/><N who="0" m="23015" /><D8/><U16/><E19/><V96/><F125/><N who="0" m="48202" /><D18/><U62/><E62/><V111/><F4/><W66/><G28/><T131/><D131/><U7/><E129/><V27/><F78/><W130/><G75/><T93/><D93/><U74/><E74/><V98/><F49/><W50/><G94/><T126/><N who="0" m="48210" /><T107/><DORA hai="84" /><D107/><U122/><E122/><V89/><F27/><W44/><G9/><T103/><D103/><U132/><E109/><V118/><F26/><W116/><G116/><T106/><D106/><U57/><E57/><V15/><F58/><W14/><G130/><T99/><D99/><U90/><E90/><V105/><F105/><W0/><G83/><T13/><D13/><U2/><E2/><V1/><F15/><W35/><G0/><T32/><AGARI ba="0,0" hai="24,29,32,52,56,60,92,95" m="48210,23015" machi="32" ten="40,5200,0" yaku="18,1,52,1,54,1" doraHai="51,84" who="0" fromWho="0" sc="219,52,227,-13,313,-13,241,-26" owari="271,7.1,214,-28.6,300,40.0,215,-18.5" /></mjloggm>