<mjloggm ver="2.3"><GO type="225" lobby="0"/><UN n0="%E3%81%A9%E3%82%8F%E3%82%93%E3%81%94" n1="%72%69%6F%75%63%68%61%6E" n2="%E3%81%8B%E3%82%8F%E3%81%A1%E3%82%83%E3%82%93%35%38" n3="%E6%B8%A9%E2%98%85%E6%83%85%E2%98%85%E6%8E%AA%E2%98%85%E7%BD%AE" dan="16,16,17,18" rate="2090.22,2223.15,2208.14,2171.27" sx="M,M,M,M"/><TAIKYOKU oya="0"/><INIT seed="0,0,0,1,5,75" ten="250,250,250,250" oya="0" hai0="14,44,3,71,76,86,19,83,84,67,13,116,132" hai1="4,27,48,79,99,24,63,80,7,46,108,96,90" hai2="66,17,117,134,106,65,36,87,119,18,112,114,133" hai3="123,59,5,16,51,37,129,42,11,74,29,131,107"/><T73/><D116/><N who="2" m="44618" /><F87/><W8/><G123/><T85/><D3/><U111/><E63/><V105/><F36/><W56/><G107/><N who="2" m="40969" /><F17/><W109/><G74/><T62/><D132/><N who="2" m="50794" /><F18/><W72/><G37/><T92/><D44/><U69/><E69/><V118/><N who="2" m="44626" /><V64/><AGARI ba="0,0" hai="64,65,66,112,114" m="50794,40969,44626" machi="64" ten="50,8000,1" yaku="4,1,28,2,12,1,20,1" doraHai="75" who="2" fromWho="2" sc="250,-40,250,-20,250,80,250,-20" /><INIT seed="1,0,0,3,2,22" ten="210,230,330,230" oya="1" hai0="69,92,104,42,73,126,79,102,24,128,30,112,127" hai1="57,131,37,82,63,117,52,44,21,71,123,43,115" hai2="97,54,84,32,72,89,36,61,13,5,65,10,20" hai3="103,75,81,98,100,99,76,133,2,125,74,29,17"/><U130/><E115/><V56/><F72/><N who="3" m="43143" /><G17/><T8/><D112/><U68/><E117/><V6/><F32/><W45/><G45/><T59/><D69/><N who="1" m="26699" /><E82/><V18/><F36/><W48/><G48/><T113/><D113/><U58/><E21/><V41/><F41/><W31/><G31/><T108/><D42/><U0/><E0/><V85/><F65/><W62/><G62/><T19/><D104/><U28/><E28/><V122/><F122/><W9/><G9/><T33/><D59/><N who="1" m="35303" /><E123/><V118/><F118/><W129/><G29/><T60/><D30/><U110/><E110/><V86/><F10/><W49/><G2/><T87/><D108/><U101/><E101/><V95/><AGARI ba="0,0" hai="5,6,13,18,20,54,56,61,84,85,86,89,95,97" machi="95" ten="30,2000,0" yaku="0,1,8,1" doraHai="22" who="2" fromWho="2" sc="210,-5,230,-10,330,20,230,-5" /><INIT seed="2,0,0,5,1,111" ten="205,220,350,225" oya="2" hai0="1,117,76,54,96,108,112,27,125,122,31,94,124" hai1="24,3,118,0,107,85,67,130,2,123,131,73,115" hai2="86,20,50,4,40,78,55,47,99,58,98,109,70" hai3="97,62,95,10,26,104,103,80,61,81,66,56,126"/><V41/><F109/><W21/><G126/><N who="0" m="48747" /><D108/><U106/><E115/><V29/><F70/><W89/><G10/><T132/><D122/><U7/><E118/><V100/><F4/><W63/><G104/><N who="1" m="39978" /><E73/><V84/><F41/><W101/><G101/><N who="0" m="60567" /><D1/><U13/><E67/><V30/><F98/><W119/><G119/><T11/><D117/><U16/><E85/><V114/><F114/><W37/><G37/><T25/><D11/><N who="1" m="6207" /><E24/><V129/><F84/><N who="3" m="50319" /><G80/><T105/><D105/><U102/><E102/><V53/><F86/><W17/><AGARI ba="0,0" hai="17,21,26,56,61,62,63,66,95,97,103" m="50319" machi="17" ten="30,1100,0" yaku="8,1" doraHai="111" who="3" fromWho="3" sc="205,-3,220,-3,350,-5,225,11" /><INIT seed="3,0,0,3,4,80" ten="202,217,345,236" oya="3" hai0="82,115,19,85,47,20,43,22,101,113,126,44,81" hai1="120,122,84,88,2,28,45,39,48,86,78,92,27" hai2="10,23,26,38,30,125,97,96,21,114,56,0,36" hai3="87,98,63,91,83,65,11,74,57,49,15,99,95"/><W131/><G131/><T133/><D133/><U25/><E39/><V42/><F42/><W1/><G1/><T72/><D101/><U3/><E2/><V89/><F89/><W12/><G74/><T29/><D72/><U105/><E105/><V53/><F0/><W59/><G99/><T107/><D107/><U66/><E3/><V46/><F10/><W100/><G11/><T37/><D126/><U116/><E116/><V119/><F46/><W5/><G5/><T31/><D37/><U118/><E118/><V54/><F56/><W93/><G93/><T135/><D135/><U127/><E127/><V108/><F26/><N who="1" m="9737" /><E122/><V132/><F30/><W104/><G104/><T64/><D64/><U69/><E69/><V128/><F125/><W8/><G8/><T55/><D43/><N who="1" m="24639" /><E120/><V73/><F73/><W41/><G41/><T106/><D106/><U123/><E123/><V79/><F119/><W60/><G49/><T24/><D55/><AGARI ba="0,0" hai="12,15,55,57,59,60,63,65,83,87,91,95,98,100" machi="55" ten="30,5800,0" yaku="7,1,8,1,52,1" doraHai="80" who="3" fromWho="0" sc="202,-58,217,0,345,0,236,58" /><INIT seed="3,1,0,5,2,30" ten="144,217,345,294" oya="3" hai0="131,20,87,66,67,73,1,36,114,68,101,69,49" hai1="22,35,71,10,29,17,32,126,9,8,24,130,51" hai2="85,76,41,15,19,50,26,134,77,54,98,43,135" hai3="82,122,38,99,3,118,23,111,16,79,110,6,46"/><W123/><G118/><T47/><D73/><U37/><E37/><V109/><F98/><W90/><G6/><T92/><D1/><U96/><E71/><N who="0" m="27209" /><D20/><N who="1" m="15495" /><E51/><V12/><F26/><N who="3" m="14695" /><G3/><T48/><D87/><U56/><E56/><V13/><F19/><W14/><G14/><T103/><D92/><U58/><E58/><V84/><F13/><W88/><G99/><T132/><D103/><U129/><E126/><V55/><F109/><N who="3" m="41483" /><G46/><T78/><D78/><U31/><E96/><V74/><F12/><W59/><G59/><T89/><D89/><N who="3" m="34409" /><G38/><T57/><D101/><U112/><E112/><V60/><F15/><W100/><G100/><T119/><D119/><U105/><E105/><V65/><F77/><W72/><AGARI ba="1,0" hai="72,79,82,122,123" m="34409,41483,14695" machi="72" ten="30,11700,0" yaku="14,1,10,1,54,2" doraHai="30" who="3" fromWho="3" sc="144,-40,217,-40,345,-40,294,120" owari="104,-39.6,177,-22.3,305,10.5,414,51.4" /></mjloggm>