<mjloggm ver="2.3"><GO type="225" lobby="0"/><UN n0="%63%68%78%62%64" n1="%E3%82%BC%E3%83%AB%E3%83%80%E3%81%AE%E4%BC%9D%E8%AA%AC" n2="%E3%81%A8%E3%82%93%E3%81%A8%E3%81%93%E3%81%A8%E3%82%93" n3="%4B%2E%32%2E%4B%2E" dan="16,17,16,17" rate="2151.10,2168.45,2115.42,2191.24" sx="M,M,F,M"/><TAIKYOKU oya="0"/><INIT seed="0,0,0,0,4,111" ten="250,250,250,250" oya="0" hai0="51,76,46,19,39,25,28,16,104,89,115,56,40" hai1="86,65,55,100,11,102,96,34,61,113,117,127,125" hai2="69,103,9,20,24,63,67,53,119,87,36,132,135" hai3="120,106,32,129,108,59,22,98,118,85,45,88,99"/><T6/><D104/><U112/><E117/><V52/><F36/><W95/><G32/><T131/><D131/><U5/><E34/><V12/><F103/><W90/><G118/><T57/><D115/><N who="1" m="44107" /><E55/><V84/><F119/><W71/><G71/><T91/><D76/><U2/><E86/><V33/><F33/><W79/><G79/><T133/><D6/><U3/><E3/><V134/><F84/><W77/><G77/><T8/><D39/><U73/><E73/><V48/><F87/><W124/><G129/><T4/><D133/><U82/><E82/><V81/><F81/><W1/><G85/><T114/><D114/><U74/><E74/><V126/><F126/><N who="1" m="48137" /><E96/><V43/><F43/><W92/><G99/><T94/><D4/><U54/><E54/><V18/><F48/><W44/><G98/><T83/><D83/><U30/><E30/><AGARI ba="0,0" hai="9,12,18,20,24,30,52,53,63,67,69,132,134,135" machi="30" ten="40,2600,0" yaku="20,1,54,1" doraHai="111" who="2" fromWho="1" sc="250,0,250,-26,250,26,250,0" /><INIT seed="1,0,0,5,0,18" ten="250,224,276,250" oya="1" hai0="4,134,67,51,116,135,15,19,93,108,105,101,129" hai1="107,98,45,83,25,131,100,130,2,118,128,99,119" hai2="63,28,124,110,26,82,20,34,104,76,88,114,89" hai3="24,32,60,86,43,30,41,54,33,49,122,106,50"/><U14/><E2/><V38/><F104/><W90/><G106/><T75/><D116/><N who="1" m="44587" /><E14/><V3/><F38/><W125/><G33/><T55/><D108/><U117/><N who="1" m="44595" /><U16/><DORA hai="102" /><E45/><V80/><F3/><W92/><G122/><T59/><D75/><U69/><E69/><V48/><F110/><W10/><G10/><T27/><D105/><U68/><E68/><V91/><F124/><W44/><G125/><T133/><D129/><U12/><E98/><V21/><F63/><W5/><G5/><T1/><D67/><U95/><E83/><V74/><F48/><W84/><G60/><T58/><D27/><U22/><E12/><V7/><F114/><W97/><REACH who="3" step="1"/><G41/><REACH who="3" ten="250,224,276,240" step="2"/><T109/><D4/><U40/><E107/><V61/><F7/><W62/><G62/><T132/><D109/><U70/><E70/><V103/><F61/><W42/><G42/><AGARI ba="0,1" hai="16,22,25,40,42,95,99,100,128,130,131" m="44595" machi="42" ten="50,9600,0" yaku="19,1,52,1,54,1" doraHai="18,102" who="1" fromWho="3" sc="250,0,224,106,276,0,240,-96" /><INIT seed="1,1,0,0,2,43" ten="250,330,276,144" oya="1" hai0="123,68,132,4,73,22,24,8,25,31,56,15,98" hai1="117,83,46,88,30,116,128,109,82,72,37,28,33" hai2="96,93,135,130,124,53,91,1,69,70,59,13,107" hai3="32,119,49,113,71,36,122,105,16,90,21,18,44"/><U81/><E128/><V63/><F1/><W94/><G119/><T121/><D68/><U0/><E72/><V61/><F130/><W97/><G113/><T45/><D73/><U74/><E74/><V23/><F124/><W95/><G122/><N who="0" m="46603" /><D56/><U127/><E0/><V115/><F135/><W104/><G32/><N who="0" m="20583" /><D98/><U38/><E127/><V6/><F115/><W10/><G71/><T78/><D78/><U76/><E76/><V114/><F114/><W11/><G36/><T100/><D100/><U134/><E134/><V118/><F118/><W48/><G48/><T87/><D87/><U79/><E79/><V99/><F63/><W77/><G77/><T65/><D65/><U92/><E109/><V64/><F70/><W67/><G67/><T110/><D45/><U125/><E125/><V47/><F47/><W111/><G111/><T108/><D132/><U131/><E131/><V12/><F23/><W120/><G120/><T58/><D58/><U57/><E57/><V17/><F107/><W85/><G104/><T89/><D89/><U60/><E60/><N who="2" m="35951" /><F99/><W133/><G105/><T9/><D9/><N who="3" m="3081" /><G21/><T66/><D66/><U129/><E129/><V19/><F64/><W20/><G20/><T3/><D3/><U14/><E116/><V40/><F69/><W75/><G75/><T34/><D34/><U84/><E117/><V55/><F61/><W54/><G133/><T51/><D51/><U42/><E33/><V50/><F50/><W29/><G29/><AGARI ba="1,0" hai="4,8,15,22,25,29,108,110" m="20583,46603" machi="29" ten="30,3900,0" yaku="13,1,34,2" doraHai="43" who="0" fromWho="3" sc="250,42,330,0,276,0,144,-42" /><INIT seed="2,0,0,4,4,43" ten="292,330,276,102" oya="2" hai0="55,125,134,119,83,61,77,105,34,113,93,84,127" hai1="117,39,3,128,104,42,76,51,109,46,131,50,22" hai2="116,73,111,27,59,49,103,114,90,89,18,56,87" hai3="94,31,41,6,82,35,122,62,24,20,13,101,120"/><V86/><F114/><W40/><G120/><T132/><D34/><U12/><E109/><V57/><F116/><W126/><G122/><T85/><D113/><U21/><E3/><V19/><F73/><W16/><G126/><N who="0" m="48139" /><D55/><U36/><E117/><V106/><F111/><W102/><G82/><N who="0" m="47183" /><D61/><U2/><E2/><V130/><F130/><N who="1" m="49705" /><E104/><V78/><F78/><W64/><G6/><T99/><D105/><U115/><E115/><V28/><F106/><W68/><REACH who="3" step="1"/><G102/><REACH who="3" ten="292,330,276,92" step="2"/><N who="0" m="60783" /><D119/><U54/><E76/><AGARI ba="0,1" hai="76,83,85,132,134" m="60783,47183,48139" machi="76" ten="30,3900,0" yaku="18,1,34,2" doraHai="43" who="0" fromWho="1" sc="292,49,330,-39,276,0,92,0" /><INIT seed="3,0,0,3,1,37" ten="341,291,276,92" oya="3" hai0="18,36,28,105,97,123,31,68,46,106,65,71,90" hai1="87,117,54,0,4,80,96,88,6,2,120,78,34" hai2="111,52,20,126,3,44,8,26,129,32,125,99,45" hai3="114,30,42,118,110,89,22,102,27,11,84,82,72"/><W83/><G114/><T119/><D119/><U5/><E120/><V43/><F111/><W133/><G118/><T135/><D123/><U75/><E117/><V77/><F32/><W33/><G133/><T76/><D135/><U85/><E34/><V49/><F129/><W39/><G110/><T122/><D122/><U81/><E96/><V51/><F77/><W35/><G102/><T91/><D76/><U121/><E121/><V62/><F99/><W24/><G72/><T29/><D18/><U70/><E70/><V116/><F62/><W50/><G39/><T9/><D9/><U57/><REACH who="1" step="1"/><E75/><REACH who="1" ten="341,281,276,92" step="2"/><V94/><F116/><W40/><G82/><T41/><D97/><U113/><E113/><V132/><F132/><W19/><G35/><T14/><D71/><U47/><E47/><V48/><F94/><W25/><G25/><T38/><D105/><U7/><N who="1" m="1024" /><DORA hai="16" /><U10/><E10/><V112/><F112/><W124/><G124/><N who="2" m="47721" /><F8/><W56/><REACH who="3" step="1"/><G11/><REACH who="3" ten="341,281,276,82" step="2"/><T86/><D36/><U127/><E127/><V79/><F3/><W21/><G21/><T13/><D106/><U17/><E17/><V66/><F20/><W108/><G108/><T53/><D31/><U58/><E58/><N who="2" m="33031" /><F26/><W12/><G12/><T64/><D14/><U67/><E67/><V74/><F74/><W15/><G15/><T73/><D13/><U92/><E92/><V130/><F66/><W128/><G128/><T104/><D73/><U131/><E131/><V95/><F130/><W23/><G23/><T98/><D65/><U101/><E101/><V115/><F115/><W59/><G59/><RYUUKYOKU ba="0,2" sc="341,-15,281,15,276,-15,82,15" hai1="0,2,54,57,78,80,81,85,87,88" hai3="19,22,24,27,30,33,40,42,50,56,83,84,89" /><INIT seed="3,1,2,0,0,34" ten="326,296,261,97" oya="3" hai0="111,128,36,57,10,0,30,116,94,6,114,129,112" hai1="16,113,12,132,84,46,71,127,98,78,19,35,91" hai2="40,33,117,88,29,43,133,119,85,62,67,81,61" hai3="92,99,89,95,70,135,27,38,37,14,130,122,25"/><W17/><G122/><T87/><D116/><U83/><E113/><N who="0" m="43625" /><D111/><U125/><E132/><V97/><F133/><W1/><G135/><T42/><D30/><U4/><E35/><V69/><F61/><W22/><G130/><N who="0" m="50283" /><D57/><U123/><E123/><V106/><F117/><W118/><G118/><T134/><D134/><U51/><E71/><V11/><F11/><W110/><G110/><T21/><D21/><U80/><E4/><V115/><F115/><W105/><G105/><T79/><D94/><N who="1" m="56671" /><E80/><V101/><F119/><W108/><G108/><T13/><D87/><U24/><E24/><AGARI ba="1,2" hai="24,29,33,40,43,62,67,69,81,85,88,97,101,106" machi="24" ten="40,5200,0" yaku="25,2,54,1" doraHai="34" who="2" fromWho="1" sc="326,0,296,-55,261,75,97,0" owari="326,12.6,241,-15.9,336,43.6,97,-40.3" /></mjloggm>