<mjloggm ver="2.3"><GO type="225" lobby="0"/><UN n0="%E6%A1%9C%E8%8A%B1%E9%96%83%E3%80%85" n1="%E5%B0%8F%E5%AE%AE%E3%81%9F%E3%81%9A%E3%81%8D" n2="%72%69%6F%75%63%68%61%6E" n3="%E5%91%A8%E6%9D%B1" dan="16,17,17,17" rate="2118.94,2159.04,2202.25,2217.13" sx="M,F,M,M"/><TAIKYOKU oya="0"/><INIT seed="0,0,0,0,1,24" ten="250,250,250,250" oya="0" hai0="56,99,77,96,22,13,42,81,79,34,108,110,91" hai1="133,94,100,15,118,106,57,75,87,84,126,116,58" hai2="64,69,128,25,1,97,61,19,40,83,28,6,51" hai3="70,125,65,71,130,16,113,105,20,18,129,47,123"/><T90/><D34/><U33/><E94/><V32/><F128/><N who="3" m="49259" /><G113/><T67/><D42/><U117/><E15/><V122/><F122/><W29/><G105/><T55/><D67/><U14/><E14/><V62/><F62/><N who="3" m="40247" /><G71/><T76/><D13/><U26/><E106/><V2/><F19/><N who="3" m="7211" /><G123/><T112/><D22/><U59/><E33/><V120/><F120/><W107/><G107/><T17/><D17/><U115/><E115/><V102/><F6/><W82/><G82/><T85/><D112/><U74/><E117/><V131/><F131/><W72/><G72/><T35/><D35/><U124/><E75/><V46/><REACH who="2" step="1"/><F83/><REACH who="2" ten="250,250,240,250" step="2"/><W66/><G125/><T21/><D108/><U135/><E124/><V7/><F7/><W68/><G68/><T38/><D110/><U0/><E126/><V103/><F103/><W54/><G66/><T10/><D10/><U127/><E127/><V45/><F45/><W12/><G47/><T114/><D114/><U30/><E118/><V5/><F5/><W9/><G9/><T119/><D119/><U49/><E116/><V78/><F78/><W88/><G88/><T27/><D91/><U60/><E100/><V134/><F134/><W121/><G121/><T92/><D81/><U3/><E135/><V36/><F36/><W80/><G80/><T109/><D38/><U37/><E133/><V111/><F111/><W50/><G50/><N who="0" m="30839" /><D109/><U73/><E37/><V101/><F101/><W23/><G12/><T52/><D77/><U63/><E49/><V31/><F31/><W8/><G8/><T89/><D76/><U11/><E11/><RYUUKYOKU ba="0,1" sc="250,-10,250,-10,240,30,250,-10" hai2="1,2,25,28,32,40,46,51,61,64,69,97,102" /><INIT seed="1,1,1,2,4,15" ten="240,240,270,240" oya="1" hai0="88,83,95,25,62,77,42,3,63,132,92,120,87" hai1="74,40,97,26,1,0,6,58,17,118,47,13,8" hai2="5,28,29,48,16,96,73,103,38,4,68,44,109" hai3="131,76,20,104,70,127,64,52,19,39,43,12,134"/><U128/><E118/><V72/><F68/><W7/><G127/><T99/><D132/><U23/><E128/><V57/><F109/><W9/><G134/><T34/><D3/><U60/><E74/><V50/><F38/><W46/><G131/><T105/><D120/><U22/><E97/><V125/><F125/><W117/><G117/><T126/><D126/><U111/><E111/><V24/><F73/><W93/><G104/><T94/><D42/><U54/><REACH who="1" step="1"/><E23/><REACH who="1" ten="240,230,270,240" step="2"/><V2/><F72/><W100/><G20/><T10/><D10/><U114/><E114/><V106/><F96/><W112/><G112/><T98/><D105/><U27/><E27/><V55/><F106/><W129/><G129/><T11/><D11/><U45/><E45/><V115/><F115/><W133/><G46/><T82/><D98/><U41/><E41/><V66/><F103/><W119/><G9/><T81/><D99/><U123/><E123/><V65/><F24/><W122/><G100/><T33/><D25/><U110/><E110/><V86/><F44/><W49/><G43/><T107/><D107/><U18/><E18/><V35/><F16/><W75/><G19/><T67/><D33/><U32/><E32/><V53/><F35/><W61/><G75/><T30/><D34/><U89/><E89/><V91/><F91/><W101/><G101/><T36/><D88/><U80/><E80/><V78/><F78/><W102/><G76/><T59/><D82/><U21/><E21/><V90/><F90/><W84/><G102/><T124/><D83/><U113/><E113/><V71/><F86/><RYUUKYOKU ba="1,2" sc="240,-10,230,30,270,-10,240,-10" hai1="0,1,6,8,13,17,22,26,40,47,54,58,60" /><INIT seed="1,2,2,2,4,77" ten="230,260,260,230" oya="1" hai0="123,83,31,129,43,18,92,97,9,93,21,116,23" hai1="99,135,51,45,36,113,1,11,59,80,78,14,132" hai2="5,10,126,25,22,47,75,20,52,108,2,85,54" hai3="133,6,115,37,33,13,48,102,81,112,61,7,111"/><U57/><E1/><V90/><F108/><W105/><G33/><T130/><D116/><U30/><E36/><V94/><F126/><W76/><G37/><T86/><D123/><U40/><E113/><V87/><F75/><W12/><G111/><T46/><D31/><U53/><E30/><V103/><F103/><W3/><G133/><N who="1" m="51274" /><E99/><V101/><F101/><W70/><G3/><T8/><D23/><U42/><E42/><V74/><F74/><W27/><G102/><N who="0" m="60711" /><D93/><U84/><E53/><V34/><F87/><N who="3" m="48551" /><G105/><T32/><D32/><U125/><E125/><V49/><REACH who="2" step="1"/><F54/><REACH who="2" ten="230,260,250,230" step="2"/><W73/><G73/><T117/><D130/><U29/><E29/><AGARI ba="2,3" hai="2,5,10,20,22,25,29,34,47,49,52,85,90,94" machi="29" ten="40,5200,0" yaku="1,1,2,1,54,1,53,0" doraHai="77" doraHaiUra="131" who="2" fromWho="1" sc="230,0,260,-58,250,88,230,0" /><INIT seed="2,0,0,4,0,128" ten="230,202,338,230" oya="2" hai0="26,69,79,62,48,66,68,67,106,51,109,24,88" hai1="113,27,104,22,29,130,102,61,35,122,30,76,18" hai2="131,9,56,135,42,43,80,23,6,125,118,15,108" hai3="1,28,53,36,112,10,65,63,25,77,73,116,0"/><V105/><F135/><W75/><G116/><T87/><D106/><U55/><E113/><V2/><F131/><W8/><G112/><T86/><D109/><U100/><E130/><V117/><F125/><W101/><G36/><T37/><D37/><U111/><E111/><V38/><F108/><W44/><G101/><T46/><D79/><U132/><E122/><V103/><F42/><W47/><G77/><T59/><D59/><U120/><E120/><V52/><F80/><W93/><G93/><T12/><D12/><U50/><E76/><V14/><F14/><W95/><G95/><T34/><D34/><U3/><E3/><V110/><F110/><W97/><G97/><T40/><D51/><U31/><E61/><V133/><F133/><W96/><G96/><T98/><D98/><U33/><E132/><V39/><F103/><W21/><G0/><T41/><D41/><U134/><E134/><V107/><F38/><W32/><G32/><T11/><D11/><U90/><E104/><V78/><F78/><W58/><G1/><T91/><D91/><U124/><E35/><V72/><F72/><W82/><G82/><N who="0" m="49239" /><D87/><U13/><E33/><V71/><F71/><W81/><G81/><T127/><D127/><U57/><E124/><V70/><F70/><W5/><G5/><T20/><D20/><N who="1" m="11343" /><E90/><V89/><F89/><W49/><REACH who="3" step="1"/><G47/><REACH who="3" ten="230,202,338,220" step="2"/><T83/><D83/><U17/><AGARI ba="0,1" hai="17,22,27,29,30,31,50,55,57,100,102" m="11343" machi="17" ten="30,1100,0" yaku="8,1" doraHai="128" who="1" fromWho="1" sc="230,-3,202,21,338,-5,220,-3" /><INIT seed="3,0,0,1,1,3" ten="227,223,333,217" oya="3" hai0="91,128,0,34,65,73,115,27,96,112,13,103,102" hai1="71,66,113,9,26,132,25,85,30,86,12,84,130" hai2="7,77,61,117,11,56,59,51,106,124,83,31,88" hai3="76,15,45,70,63,24,98,127,89,99,119,133,47"/><W116/><G133/><T44/><D0/><U21/><E113/><V39/><F106/><W5/><G127/><T58/><D73/><U42/><E132/><V107/><F107/><W10/><G76/><T75/><D75/><U81/><E130/><V14/><F39/><W67/><G24/><T46/><D128/><U120/><E120/><V79/><F117/><W36/><G47/><N who="0" m="17963" /><D13/><U54/><E42/><V8/><F31/><W94/><REACH who="3" step="1"/><G99/><REACH who="3" ten="227,223,333,207" step="2"/><T57/><D27/><U69/><E26/><V129/><F124/><W135/><G135/><T68/><D115/><U29/><E29/><V32/><F79/><W111/><G111/><T22/><D112/><U118/><E118/><V82/><F77/><W49/><G49/><T121/><D121/><U93/><E25/><V123/><F51/><W122/><G122/><T40/><D34/><U19/><E30/><V114/><F32/><W101/><G101/><T1/><D102/><U50/><E50/><V104/><F123/><W35/><G35/><T87/><D96/><U20/><E86/><V108/><F108/><W110/><G110/><T90/><D103/><U2/><E85/><V16/><F114/><W41/><AGARI ba="0,1" hai="5,10,15,36,41,45,63,67,70,89,94,98,116,119" machi="41" ten="30,11700,0" yaku="1,1,0,1,52,1,53,1" doraHai="3" doraHaiUra="43" who="3" fromWho="3" sc="227,-39,223,-39,333,-39,207,127" owari="188,-21.2,184,-31.6,294,9.4,334,43.4" /></mjloggm>