<mjloggm ver="2.3"><GO type="225" lobby="0"/><UN n0="%E3%81%99%E3%81%84%E3%81%BE%E3%81%9B%E3%83%BC%E3%82%93" n1="%E3%82%A2%E3%83%BC%E3%83%A2%E3%83%AD%E3%83%BC%E3%83%B4%E3%82%A1" n2="%72%69%6F%75%63%68%61%6E" n3="%E3%81%BF%E3%81%BF%E3%81%9A" dan="17,16,16,17" rate="2231.80,2150.37,2102.22,2249.80" sx="M,M,M,M"/><TAIKYOKU oya="0"/><INIT seed="0,0,0,3,4,102" ten="250,250,250,250" oya="0" hai0="120,60,81,78,63,53,23,51,107,100,86,68,14" hai1="1,109,121,114,118,20,101,92,18,65,128,19,41" hai2="122,44,77,54,10,50,73,112,31,4,12,69,21" hai3="67,48,135,39,22,126,116,55,94,129,110,5,66"/><T40/><D120/><U95/><E121/><V2/><F122/><W98/><G116/><T115/><D115/><U13/><E118/><V24/><F112/><W72/><G72/><T36/><D36/><U130/><E114/><V17/><F69/><W88/><G39/><T80/><D40/><U46/><E109/><V106/><F73/><W125/><G110/><T91/><D68/><U127/><E127/><N who="3" m="48650" /><G135/><T87/><D100/><U32/><E32/><N who="2" m="20583" /><F77/><W33/><G129/><N who="1" m="49770" /><E1/><V79/><F79/><W38/><G33/><T3/><D3/><U25/><E65/><V90/><F90/><W85/><G38/><T49/><D107/><AGARI ba="0,0" hai="2,4,10,12,17,21,44,50,54,106,107" m="20583" machi="107" ten="30,3900,0" yaku="24,1,52,2" doraHai="102" who="2" fromWho="0" sc="250,-39,250,0,250,39,250,0" /><INIT seed="1,0,0,4,4,46" ten="211,250,289,250" oya="1" hai0="13,64,97,65,35,90,127,42,85,29,2,120,36" hai1="108,129,39,78,76,21,43,105,60,54,69,117,45" hai2="61,11,34,83,122,48,0,7,33,113,28,82,80" hai3="104,109,26,1,72,62,59,100,20,4,75,88,135"/><U95/><E117/><V86/><F122/><W52/><G109/><T112/><D112/><U94/><E105/><V25/><F113/><W121/><G121/><T96/><D120/><U110/><E129/><V73/><F73/><W128/><G128/><T79/><D2/><U132/><E132/><V130/><F130/><W125/><G135/><T134/><D134/><U74/><E21/><V49/><F33/><W41/><G125/><T68/><D127/><U18/><E18/><V77/><F61/><W37/><G41/><T93/><D29/><U44/><E69/><V30/><REACH who="2" step="1"/><F28/><REACH who="2" ten="211,250,279,250" step="2"/><W111/><G75/><T19/><D35/><U10/><E60/><V92/><F92/><W114/><G72/><T40/><D68/><U53/><E74/><V106/><F106/><W84/><G114/><T131/><D131/><U71/><E94/><V124/><F124/><W55/><G104/><T31/><D31/><U16/><E95/><V3/><F3/><W133/><G1/><T126/><D126/><U9/><E71/><V17/><F17/><W101/><G133/><T47/><D97/><U123/><E16/><V66/><F66/><W99/><G99/><T14/><D19/><U6/><E123/><V67/><F67/><W57/><G62/><T32/><D32/><U27/><E108/><V102/><F102/><W63/><G111/><T50/><D65/><U115/><E110/><V116/><F116/><W118/><G118/><T15/><D64/><U56/><E115/><V24/><F24/><W87/><G101/><T107/><D107/><U98/><E27/><V81/><AGARI ba="0,1" hai="0,7,11,25,30,34,48,49,77,80,81,82,83,86" machi="81" ten="30,8000,1" yaku="1,1,5,1,0,1,52,2,53,0" doraHai="46" doraHaiUra="51" who="2" fromWho="2" sc="211,-20,250,-40,279,90,250,-20" /><INIT seed="2,0,0,3,4,98" ten="191,210,369,230" oya="2" hai0="17,34,4,67,99,58,72,74,124,85,118,108,57" hai1="77,127,81,123,120,47,28,40,15,8,50,134,64" hai2="106,43,78,69,55,2,83,33,45,126,70,109,114" hai3="56,101,62,90,65,66,11,133,5,22,102,125,76"/><V91/><F114/><W94/><G125/><T6/><D34/><U54/><E134/><V20/><F126/><W95/><G133/><T32/><D32/><U107/><E127/><V7/><F33/><W23/><G76/><T51/><D124/><U27/><E107/><V103/><F91/><W131/><G131/><T92/><D108/><U18/><E64/><V104/><F55/><W48/><G66/><T3/><D118/><U31/><E40/><V75/><F20/><N who="3" m="7723" /><G48/><T82/><D3/><U38/><E38/><N who="2" m="21751" /><F109/><W26/><G26/><T68/><D68/><N who="2" m="26218" /><F103/><N who="3" m="39435" /><G90/><N who="0" m="55703" /><D74/><U84/><REACH who="1" step="1"/><E27/><REACH who="1" ten="191,200,369,230" step="2"/><V129/><F129/><W39/><G39/><T122/><D67/><U71/><E71/><V14/><F14/><AGARI ba="0,1" hai="5,11,14,56,62,65,94,95" m="39435,7723" machi="14" ten="30,7700,0" yaku="8,1,52,3" doraHai="98" who="3" fromWho="2" sc="191,0,200,0,369,-77,230,87" /><INIT seed="3,0,0,2,2,7" ten="191,200,292,317" oya="3" hai0="64,78,63,87,85,119,109,93,13,86,49,118,54" hai1="105,95,84,75,90,80,47,129,113,110,70,21,68" hai2="37,38,24,46,117,9,1,102,99,116,133,131,130" hai3="60,67,40,59,16,82,56,126,50,0,58,22,96"/><W55/><G0/><T120/><D120/><U123/><E113/><V51/><F133/><W132/><G132/><T76/><D109/><U34/><E123/><V42/><F24/><N who="3" m="14407" /><G126/><T112/><D112/><U108/><E34/><V65/><F65/><W134/><G134/><T92/><D119/><U8/><E129/><N who="2" m="49163" /><F51/><W62/><G82/><T35/><D35/><U33/><E33/><V48/><F48/><W11/><G11/><T10/><D118/><U36/><E105/><N who="2" m="63711" /><F37/><W89/><G40/><T30/><D30/><U39/><E21/><V31/><F31/><W79/><G79/><N who="0" m="30251" /><D63/><N who="3" m="24105" /><G67/><T94/><D64/><U72/><E36/><V66/><F66/><W124/><G124/><T128/><D128/><U17/><E68/><V71/><F71/><W14/><G14/><T135/><D135/><U2/><E70/><V98/><F98/><W41/><G41/><T25/><D25/><U121/><E121/><V45/><F45/><W83/><G96/><T103/><D103/><U26/><E2/><V57/><F57/><W127/><G127/><T27/><D27/><U106/><E26/><V107/><F107/><W20/><G20/><T91/><D91/><N who="1" m="51591" /><E106/><V44/><F44/><N who="3" m="28103" /><G89/><T18/><D86/><N who="1" m="52695" /><E47/><AGARI ba="0,0" hai="10,13,18,47,49,54,85,87,92,93,94" m="30251" machi="47" ten="30,2000,0" yaku="8,1,52,1" doraHai="7" who="0" fromWho="1" sc="191,20,200,-20,292,0,317,0" owari="211,-18.9,180,-32.0,292,9.2,317,41.7" /></mjloggm>