<mjloggm ver="2.3"><GO type="225" lobby="0"/><UN n0="%E2%98%86%41%64%72%69%61%6E" n1="%E5%AF%82%E5%AF%9E%E3%82%AE%E3%83%8D%E3%82%B9%E3%83%93%E3%83%BC%E3%83%AB" n2="%E3%81%A9%E3%82%8F%E3%82%93%E3%81%94" n3="%74%61%6B%65%2D%79%6F%75" dan="17,16,16,17" rate="2151.34,2140.74,2120.26,2121.05" sx="M,M,M,M"/><TAIKYOKU oya="0"/><INIT seed="0,0,0,5,2,12" ten="250,250,250,250" oya="0" hai0="126,96,30,70,99,113,46,5,53,73,81,58,90" hai1="93,84,71,121,111,39,72,7,101,33,120,80,50" hai2="87,40,61,103,117,22,69,4,135,134,59,31,86" hai3="18,56,60,44,122,76,2,125,98,35,129,95,104"/><T97/><D113/><U34/><E39/><V15/><F69/><W52/><G129/><T21/><D70/><U26/><E71/><V88/><F117/><W109/><G109/><T13/><D73/><U75/><E7/><V107/><F40/><W130/><G130/><T0/><D126/><U6/><E6/><V25/><F107/><W124/><G122/><T108/><D0/><U49/><E93/><V48/><F103/><W114/><G114/><T118/><D118/><U36/><E36/><V92/><F48/><W128/><G128/><T62/><D108/><U94/><E94/><V110/><F87/><W32/><G2/><T3/><D3/><U79/><E101/><V85/><F85/><W115/><G115/><T19/><D5/><U102/><E102/><V74/><F74/><W54/><G104/><T133/><D133/><U41/><E84/><V64/><REACH who="2" step="1"/><F110/><REACH who="2" ten="250,250,240,250" step="2"/><W78/><G124/><T112/><D112/><U57/><E111/><V89/><F89/><W20/><G125/><T132/><D132/><U77/><E41/><V17/><F17/><W105/><G105/><T14/><D90/><U24/><E80/><V123/><F123/><W1/><G18/><N who="0" m="10447" /><D81/><U23/><E75/><V68/><F68/><W63/><G95/><T100/><D100/><U45/><E72/><V131/><F131/><W10/><G78/><T9/><D30/><U28/><E28/><V29/><F29/><W8/><G76/><T51/><D99/><U38/><E38/><V91/><F91/><W16/><G98/><T119/><D119/><U27/><E121/><V127/><F127/><RYUUKYOKU ba="0,1" sc="250,15,250,-15,240,15,250,-15" hai0="9,14,19,46,51,53,58,62,96,97" hai2="4,15,22,25,31,59,61,64,86,88,92,134,135" /><INIT seed="0,1,1,1,1,44" ten="265,235,255,235" oya="0" hai0="37,26,7,4,1,32,131,16,110,22,70,115,104" hai1="35,129,99,61,48,53,134,29,5,36,132,25,50" hai2="30,62,90,24,56,55,59,38,57,96,100,18,84" hai3="97,3,86,27,122,76,112,41,82,127,94,89,74"/><T51/><D37/><U120/><E120/><V8/><F38/><W81/><G112/><T49/><D70/><U39/><E129/><V2/><F2/><W107/><G122/><T63/><D104/><U42/><E5/><N who="0" m="2121" /><D32/><U17/><E17/><V46/><F46/><W108/><G3/><T119/><D1/><U78/><E78/><V15/><F96/><W118/><G118/><T116/><D115/><U21/><E35/><V105/><F100/><W6/><G108/><T130/><D63/><U68/><E99/><V125/><F125/><W79/><G127/><T34/><D34/><U87/><E87/><V43/><F43/><W65/><G6/><T121/><D121/><U66/><E39/><V54/><F54/><W91/><G41/><T98/><D98/><U109/><E109/><V45/><F45/><W73/><G65/><T103/><D103/><U126/><E126/><V28/><F105/><W23/><G107/><T64/><D64/><U83/><E83/><N who="2" m="49439" /><F30/><W88/><REACH who="3" step="1"/><G97/><REACH who="3" ten="265,235,255,225" step="2"/><T102/><D110/><U135/><E53/><V85/><F55/><W101/><G101/><T71/><D102/><U40/><E40/><V80/><F62/><W77/><G77/><T10/><D119/><U52/><E52/><V111/><F111/><W72/><G72/><T14/><D116/><U31/><E42/><V19/><F85/><W20/><G20/><T58/><D131/><U95/><E36/><V60/><F60/><W47/><G47/><T9/><D130/><U113/><E61/><V114/><F114/><W92/><G92/><T93/><D93/><U106/><E95/><RYUUKYOKU ba="1,2" sc="265,-10,235,-10,255,-10,225,30" hai3="23,27,73,74,76,79,81,82,86,88,89,91,94" /><INIT seed="1,2,2,2,1,121" ten="255,225,245,255" oya="1" hai0="20,99,59,0,134,102,51,64,47,119,90,22,112" hai1="77,17,114,37,129,65,85,100,75,1,79,9,34" hai2="106,88,32,3,62,39,95,123,66,82,43,7,52" hai3="97,49,128,130,5,118,101,78,87,69,45,74,10"/><U68/><E114/><V133/><F123/><W67/><G74/><T104/><D0/><U24/><E85/><V109/><F106/><W135/><G135/><T31/><D112/><U73/><E129/><N who="3" m="49770" /><G118/><T26/><D119/><U117/><E117/><V92/><F32/><W6/><G69/><T131/><D131/><U27/><E37/><V58/><F133/><W29/><G67/><T103/><D134/><U86/><E86/><V30/><F30/><W19/><G29/><T76/><D76/><U50/><E50/><V16/><F39/><W108/><G78/><T40/><D104/><U80/><E100/><V107/><F107/><N who="3" m="63919" /><G87/><T83/><D99/><U70/><E65/><V72/><F66/><W12/><G108/><T98/><D98/><U55/><E34/><V127/><F109/><W57/><G57/><T110/><D110/><U71/><E55/><AGARI ba="2,2" hai="5,6,10,12,19,45,49,55" m="63919,49770" machi="55" ten="30,1000,0" yaku="19,1" doraHai="121" who="3" fromWho="1" sc="255,0,225,-16,245,0,255,36" /><INIT seed="2,0,0,5,2,22" ten="255,209,245,291" oya="2" hai0="74,87,100,39,86,69,34,57,110,11,6,18,119" hai1="2,99,7,29,48,32,23,49,97,17,106,91,5" hai2="126,125,63,41,13,114,62,56,101,44,85,3,27" hai3="132,14,12,61,135,66,96,118,8,33,43,75,52"/><V47/><F114/><W105/><G118/><T42/><D69/><U117/><E117/><V113/><F3/><W36/><G75/><T58/><D74/><U111/><E111/><V129/><F113/><W102/><G33/><T121/><D110/><U89/><E32/><V10/><F129/><W15/><G8/><T21/><D34/><U120/><E29/><V64/><F101/><W20/><G20/><T9/><D119/><U115/><E115/><V94/><F27/><W109/><G109/><T51/><D39/><U59/><E120/><V79/><F63/><W127/><G127/><N who="2" m="48649" /><F41/><W116/><G116/><T124/><D100/><U128/><E128/><V107/><F107/><W84/><G84/><N who="0" m="32299" /><D6/><U4/><E2/><V71/><F71/><W108/><G108/><T76/><D76/><U133/><E106/><V50/><F50/><W131/><G131/><T90/><D90/><U72/><E72/><V82/><F94/><W95/><G105/><T112/><D121/><U134/><E89/><V130/><F130/><W54/><G36/><T31/><D31/><U103/><E91/><V83/><F83/><W92/><G92/><T67/><D112/><U16/><E103/><V78/><F79/><W40/><G40/><T24/><D124/><U45/><E4/><AGARI ba="0,0" hai="4,10,13,44,47,56,62,64,78,82,85" m="48649" machi="4" ten="30,1500,0" yaku="18,1" doraHai="22" who="2" fromWho="1" sc="255,0,209,-15,245,15,291,0" /><INIT seed="2,1,0,1,3,114" ten="255,194,260,291" oya="2" hai0="115,22,120,60,125,131,15,105,30,57,133,10,39" hai1="77,36,85,4,17,1,52,112,61,13,27,56,130" hai2="98,7,103,34,71,43,40,126,63,37,21,31,134" hai3="96,123,45,26,5,124,101,116,78,48,38,29,83"/><V102/><F21/><W24/><G123/><T87/><D105/><U72/><E130/><V127/><F7/><W8/><G124/><N who="2" m="47657" /><F134/><W128/><G38/><T49/><D39/><U104/><E112/><V73/><F73/><W132/><G128/><T88/><D125/><U81/><E36/><V107/><F103/><W91/><G91/><T110/><D131/><U99/><E27/><N who="2" m="18815" /><F37/><W33/><G132/><T111/><D115/><U119/><E119/><V118/><F118/><W74/><G116/><T28/><D120/><U66/><E4/><V93/><F93/><W42/><G29/><T14/><D133/><U20/><E1/><V122/><F122/><W135/><G33/><T46/><D15/><U2/><E2/><V109/><F109/><N who="0" m="41482" /><D22/><U12/><E12/><V67/><AGARI ba="1,0" hai="40,43,63,67,71,98,102,107" m="18815,47657" machi="67" ten="30,3000,0" yaku="25,1,18,1" doraHai="114" who="2" fromWho="2" sc="255,-11,194,-11,260,33,291,-11" /><INIT seed="2,2,0,3,5,4" ten="244,183,293,280" oya="2" hai0="19,9,109,86,90,48,81,108,56,74,119,106,134" hai1="35,101,102,67,32,61,93,58,45,111,55,44,0" hai2="135,123,54,47,7,128,1,34,52,33,6,31,5" hai3="121,105,18,80,122,92,21,133,15,14,51,100,69"/><V130/><F123/><W97/><G133/><T110/><D106/><U72/><E72/><V59/><F135/><W30/><G69/><T57/><D134/><U118/><E118/><V84/><F84/><W115/><G115/><T71/><D71/><U65/><E111/><V94/><F94/><W28/><G105/><T82/><D119/><U41/><E0/><V87/><F87/><W88/><G121/><T16/><D48/><U75/><E75/><V116/><F116/><W127/><G127/><T25/><D25/><U85/><E35/><V29/><F47/><W26/><G122/><T98/><D98/><U3/><E3/><V78/><F78/><W8/><G51/><T68/><D68/><U43/><E32/><N who="2" m="12395" /><F1/><W79/><G100/><T89/><D19/><U95/><E85/><V120/><F120/><W132/><G132/><T129/><D90/><U73/><E73/><V117/><F117/><W46/><G46/><T99/><D99/><U83/><E58/><V11/><F11/><W23/><G80/><T13/><D129/><N who="2" m="49770" /><F59/><W112/><G79/><AGARI ba="2,0" hai="9,13,16,56,57,74,79,81,82,86,89,108,109,110" machi="79" ten="40,5200,0" yaku="14,1,52,1,54,1" doraHai="4" who="0" fromWho="3" sc="244,58,183,0,293,0,280,-58" /><INIT seed="3,0,0,4,0,11" ten="302,183,293,222" oya="3" hai0="104,71,79,48,58,44,5,54,97,93,69,102,45" hai1="119,60,125,96,32,103,62,135,3,134,123,34,94" hai2="117,61,121,25,114,42,101,39,70,90,23,107,7" hai3="65,110,64,129,21,83,49,52,82,37,95,84,36"/><W130/><G95/><T28/><D28/><U50/><E123/><V85/><F117/><W124/><G124/><T41/><D5/><U63/><E119/><V132/><F121/><W120/><G120/><T24/><D24/><U89/><E125/><V47/><F114/><W73/><G73/><T20/><D20/><U127/><E127/><V40/><F7/><W98/><G98/><T15/><D15/><U122/><E122/><V29/><F132/><N who="1" m="50729" /><E3/><V76/><F76/><W13/><G110/><T9/><D9/><U75/><E75/><V53/><F42/><W59/><G37/><T38/><D79/><U1/><E1/><V33/><F33/><N who="1" m="12905" /><E50/><V131/><F131/><N who="3" m="50187" /><G36/><T14/><D14/><U113/><E113/><V106/><F101/><W74/><G74/><T92/><D104/><U57/><E103/><V56/><F70/><W80/><G84/><T115/><D115/><U19/><E19/><AGARI ba="0,0" hai="13,19,21,49,52,59,64,65,80,82,83" m="50187" machi="19" ten="30,5800,0" yaku="19,1,52,1,54,1" doraHai="11" who="3" fromWho="1" sc="302,0,183,-58,293,0,222,58" /><INIT seed="3,1,0,2,2,37" ten="302,125,293,280" oya="3" hai0="124,42,49,71,118,33,114,18,109,99,76,11,93" hai1="55,70,87,123,80,119,62,64,46,38,86,135,125" hai2="106,20,36,89,131,69,7,61,91,115,59,92,103" hai3="23,45,14,122,43,12,31,63,112,27,13,101,128"/><W65/><G112/><T102/><D118/><U107/><E119/><V73/><F115/><W34/><G122/><T9/><D114/><U48/><E135/><V5/><F73/><W39/><G128/><T24/><D71/><U29/><E125/><V60/><F131/><W56/><REACH who="3" step="1"/><G101/><REACH who="3" ten="302,125,293,270" step="2"/><T97/><D102/><U0/><E123/><V51/><F103/><W53/><G53/><T25/><D124/><U72/><E107/><V82/><F106/><W121/><G121/><T108/><D109/><U88/><E0/><V21/><F36/><W126/><G126/><T8/><D108/><U57/><E29/><V104/><F104/><W40/><G40/><T26/><D42/><U74/><E86/><N who="2" m="50391" /><F69/><W95/><G95/><T113/><D93/><U35/><E35/><AGARI ba="1,1" hai="12,13,14,23,27,31,34,35,39,43,45,56,63,65" machi="35" ten="40,3900,0" yaku="1,1,52,1,53,0" doraHai="37" doraHaiUra="50" who="3" fromWho="1" sc="302,0,125,-42,293,0,270,52" owari="302,10.2,83,-41.7,293,-10.7,322,42.2" /></mjloggm>