<mjloggm ver="2.3"><GO type="225" lobby="0"/><UN n0="%E6%97%A5%E6%9B%9C%E6%97%A5%E3%82%88%E3%82%8A%E3%81%AE%E4%BD%BF%E8%80%85" n1="%E6%81%A5%E6%99%92%E3%81%97" n2="%E3%82%8C%E3%81%99%E3%81%93" n3="%6D%61%74%69%67%75%73%61" dan="16,16,16,17" rate="2098.64,2147.84,2104.73,2148.41" sx="M,M,F,M"/><TAIKYOKU oya="0"/><INIT seed="0,0,0,0,2,103" ten="250,250,250,250" oya="0" hai0="114,13,111,135,48,6,15,47,42,59,95,66,97" hai1="108,11,35,126,79,84,123,29,127,131,40,117,115" hai2="133,20,26,130,49,90,32,1,31,45,30,121,67" hai3="64,113,72,92,120,36,34,75,52,132,88,28,109"/><T21/><D114/><U10/><E117/><V2/><F121/><W83/><G36/><T110/><D135/><U65/><E123/><V56/><F133/><W25/><G113/><T76/><D76/><U68/><E115/><V107/><F130/><W69/><G120/><T22/><D66/><U134/><E134/><V62/><F107/><W85/><G109/><N who="0" m="41483" /><D59/><U105/><E108/><V51/><F31/><W80/><G132/><T7/><D15/><U53/><E131/><V71/><F32/><W122/><G122/><T50/><D50/><U118/><E65/><V91/><F51/><W18/><G18/><N who="0" m="10447" /><D22/><U96/><E68/><V44/><F71/><W54/><G72/><T3/><D3/><U129/><E129/><V17/><F45/><W8/><G8/><T77/><D77/><U12/><E10/><V94/><F1/><W100/><G75/><T0/><D0/><U55/><E12/><V16/><F2/><W14/><G14/><T43/><D43/><U19/><E40/><N who="2" m="24711" /><F91/><AGARI ba="0,0" hai="6,7,42,47,48,91,95,97" m="10447,41483" machi="91" ten="30,2900,0" yaku="14,1,10,1" doraHai="103" who="0" fromWho="2" sc="250,29,250,0,250,-29,250,0" /><INIT seed="0,1,0,2,2,57" ten="279,250,221,250" oya="0" hai0="87,104,80,66,103,39,68,36,116,82,71,126,99" hai1="93,21,92,115,77,112,7,5,122,55,86,32,75" hai2="24,132,110,43,100,44,19,83,64,61,109,58,6" hai3="94,97,127,123,48,81,42,13,135,52,107,28,8"/><T101/><D116/><U78/><E122/><V105/><F132/><W23/><G107/><T98/><D126/><U51/><E32/><V124/><F124/><W41/><G127/><T130/><D130/><U119/><E119/><V49/><F6/><N who="1" m="2057" /><E75/><V15/><F24/><W11/><G135/><T60/><D71/><U53/><E21/><V56/><F83/><W12/><G81/><T69/><D68/><U96/><E86/><V114/><F114/><N who="1" m="43561" /><E51/><V121/><F121/><W120/><G120/><T111/><D111/><U118/><E118/><V91/><F91/><W33/><G33/><T65/><D65/><U131/><E131/><V85/><F85/><W16/><G123/><T89/><REACH who="0" step="1"/><D80/><REACH who="0" ten="269,250,221,250" step="2"/><U63/><E55/><V113/><F113/><W84/><G52/><T59/><D59/><N who="1" m="35311" /><E93/><AGARI ba="1,1" hai="36,39,60,66,69,82,87,89,93,98,99,101,103,104" machi="93" ten="30,5800,0" yaku="1,1,7,1,52,1,53,0" doraHai="57" doraHaiUra="14" who="0" fromWho="1" sc="269,71,250,-61,221,0,250,0" /><INIT seed="0,2,0,1,4,79" ten="340,189,221,250" oya="0" hai0="82,57,108,0,7,51,72,9,30,15,80,123,127" hai1="13,85,44,54,132,134,111,112,88,58,121,31,50" hai2="98,21,106,94,62,16,45,14,73,91,29,131,59" hai3="11,12,64,104,46,86,124,126,20,102,83,87,55"/><T120/><D72/><U68/><E121/><V90/><F131/><W43/><G64/><T75/><D75/><U118/><E118/><V61/><F73/><W41/><G20/><T38/><D38/><U24/><E68/><V133/><F133/><N who="1" m="51305" /><E13/><V67/><F106/><W125/><G87/><T10/><D127/><U105/><E105/><V95/><F45/><W27/><G27/><T3/><D108/><U52/><E111/><V76/><F76/><W2/><G2/><T17/><D0/><U66/><E112/><V117/><F117/><W71/><G71/><T100/><D100/><U97/><E97/><V116/><F116/><W114/><G114/><T56/><D30/><U34/><E66/><V19/><F62/><W39/><G102/><T78/><D78/><U110/><E110/><V96/><F14/><W63/><G104/><T60/><D51/><N who="1" m="31007" /><E85/><V93/><F93/><W49/><G63/><T89/><D123/><U113/><E113/><V35/><F35/><W115/><G115/><T18/><D120/><U25/><E24/><AGARI ba="2,0" hai="16,19,21,24,29,59,61,67,90,91,94,95,96,98" machi="24" ten="40,5200,0" yaku="9,1,8,1,54,1" doraHai="79" who="2" fromWho="1" sc="340,0,189,-58,221,58,250,0" /><INIT seed="1,0,0,1,3,58" ten="340,131,279,250" oya="1" hai0="74,4,13,23,10,44,22,26,104,60,19,30,75" hai1="128,39,107,130,76,122,127,9,91,93,45,54,100" hai2="31,50,73,134,119,92,123,8,11,132,41,46,21" hai3="24,61,131,121,27,83,37,101,3,6,118,17,12"/><U5/><E122/><V38/><F119/><W97/><G37/><T40/><D104/><U15/><E127/><V79/><F123/><W43/><G121/><T35/><D60/><U126/><E126/><V108/><F108/><W120/><G43/><T85/><D85/><U110/><E110/><V20/><F38/><W103/><G131/><N who="1" m="50218" /><E76/><V94/><F73/><W63/><G120/><T52/><D52/><U135/><E135/><N who="2" m="51755" /><F79/><W65/><G6/><T111/><D111/><U102/><E107/><V113/><F113/><W87/><G3/><N who="0" m="287" /><D23/><N who="2" m="8778" /><F31/><W16/><G65/><T86/><D86/><N who="1" m="52471" /><E54/><V99/><F94/><N who="3" m="58551" /><G103/><AGARI ba="0,0" hai="8,11,41,46,50,92,99,103" m="8778,51755" machi="103" ten="30,1000,0" yaku="20,1" doraHai="58" who="2" fromWho="3" sc="340,0,131,0,279,10,250,-10" /><INIT seed="2,0,0,1,0,101" ten="340,131,289,240" oya="2" hai0="22,15,127,2,67,40,19,48,20,71,123,102,13" hai1="9,69,80,44,74,77,55,110,25,120,89,100,99" hai2="131,32,12,11,111,96,17,112,39,134,42,34,117" hai3="60,10,115,103,116,3,53,133,65,124,51,27,38"/><V114/><F117/><W129/><G116/><T62/><D123/><U47/><E110/><V104/><F134/><W52/><G38/><T23/><D2/><U18/><E120/><V113/><F131/><W75/><G75/><T6/><D127/><U90/><E69/><V125/><F125/><W132/><G124/><T93/><D6/><U126/><E126/><V87/><F111/><W135/><G129/><T63/><D71/><U28/><E90/><V1/><F1/><W72/><G72/><T70/><D70/><U107/><E55/><V7/><F87/><W91/><G115/><T106/><D106/><U57/><E57/><V64/><F64/><W92/><G103/><T35/><D35/><U88/><E89/><V0/><F17/><W4/><G27/><T43/><D48/><U33/><E18/><V98/><F12/><N who="0" m="4682" /><D19/><U121/><E121/><V78/><F78/><W50/><G50/><T84/><D84/><U81/><REACH who="1" step="1"/><E9/><REACH who="1" ten="340,121,289,240" step="2"/><V108/><F108/><W31/><G135/><T30/><D67/><U79/><E79/><V82/><F11/><W118/><G133/><T24/><D43/><U29/><E29/><V16/><F42/><W128/><G132/><T94/><D40/><U85/><AGARI ba="0,1" hai="25,28,33,44,47,74,77,80,81,85,88,99,100,107" machi="85" ten="30,7900,0" yaku="1,1,0,1,52,1,54,1,53,0" doraHai="101" doraHaiUra="130" who="1" fromWho="1" sc="340,-20,121,89,289,-39,240,-20" /><INIT seed="3,0,0,2,2,108" ten="320,210,250,220" oya="3" hai0="16,15,111,64,43,40,52,131,135,45,124,92,50" hai1="112,61,121,85,133,62,37,26,88,22,8,55,23" hai2="66,20,125,99,17,97,114,13,14,101,134,56,28" hai3="33,95,4,82,32,49,96,58,57,94,60,21,116"/><W70/><G116/><T67/><D111/><U110/><E121/><V12/><F134/><W91/><G70/><T123/><D123/><U77/><E110/><V1/><F1/><W31/><G4/><T10/><D135/><U53/><E37/><V102/><F114/><W5/><G5/><T63/><D124/><U6/><E133/><V86/><F125/><W129/><G129/><T98/><D131/><U84/><E112/><V35/><F35/><W128/><G128/><T36/><D36/><U120/><E120/><V41/><F28/><W115/><G115/><T3/><D3/><U47/><E77/><V51/><F86/><N who="1" m="33385" /><E88/><V127/><F127/><W46/><G82/><T69/><D64/><U48/><E55/><V72/><F72/><W59/><G95/><T74/><D74/><U39/><E39/><V83/><F83/><W76/><G76/><T118/><D118/><U79/><E79/><V2/><F2/><W30/><G60/><N who="1" m="23146" /><E26/><N who="2" m="14607" /><F66/><W54/><G33/><T75/><D75/><U73/><E73/><V19/><F19/><W130/><G32/><T24/><D24/><U90/><E90/><AGARI ba="0,0" hai="10,15,16,40,43,45,50,52,63,67,69,90,92,98" machi="90" ten="30,3900,0" yaku="7,1,54,2" doraHai="108" who="0" fromWho="1" sc="320,39,210,-39,250,0,220,0" owari="359,45.9,171,-32.9,250,5.0,220,-18.0" /></mjloggm>