<mjloggm ver="2.3"><GO type="225" lobby="0"/><UN n0="%6D%75%75%6D%75%72%61" n1="%70%68%65%6E%6F%6D%65" n2="%E3%83%B4%E3%83%A0%EF%BC%99%E3%81%A6" n3="%E9%B3%B3%E6%9D%B1%E3%81%AE%E3%81%86%E3%81%95%E3%81%8E%E3%81%95%E3%82%93" dan="17,17,17,16" rate="2190.35,2165.71,2229.49,2157.48" sx="F,M,M,M"/><TAIKYOKU oya="0"/><INIT seed="0,0,0,5,2,13" ten="250,250,250,250" oya="0" hai0="32,40,105,58,132,85,97,26,134,81,52,11,18" hai1="14,46,37,68,114,86,71,35,62,72,21,133,120" hai2="23,102,117,115,131,57,50,24,129,5,25,99,123" hai3="15,9,66,82,122,78,10,84,109,107,67,49,54"/><T126/><D126/><U80/><E35/><V92/><F123/><W7/><G109/><T90/><D40/><U28/><E120/><V8/><F115/><W112/><G112/><T77/><D32/><U2/><E114/><V38/><F38/><W20/><G122/><T106/><D77/><U33/><E133/><N who="0" m="51305" /><D97/><U111/><E2/><V61/><F50/><W93/><G107/><T44/><D44/><U1/><E1/><V64/><F117/><W76/><G76/><T70/><D70/><U91/><E111/><V65/><F65/><W110/><G110/><T104/><D11/><U22/><E72/><V4/><F8/><W113/><G113/><T31/><D31/><U45/><E33/><V127/><F127/><W103/><G9/><T0/><D0/><U36/><E28/><V128/><F24/><W17/><G103/><T12/><D12/><U98/><E14/><V75/><F75/><W29/><G29/><AGARI ba="0,0" hai="4,5,23,25,29,57,61,64,92,99,102,128,129,131" machi="29" ten="40,5200,0" yaku="25,2,19,1" doraHai="13" who="2" fromWho="3" sc="250,0,250,0,250,52,250,-52" /><INIT seed="1,0,0,1,0,94" ten="250,250,302,198" oya="1" hai0="56,67,53,71,89,14,110,66,24,86,87,33,48" hai1="36,113,124,42,123,93,3,46,41,25,39,98,117" hai2="75,9,34,102,119,115,114,134,13,4,65,16,112" hai3="111,83,120,68,100,103,11,59,54,26,23,55,50"/><U69/><E113/><V29/><F75/><W10/><G111/><T107/><D110/><U22/><E117/><V73/><F73/><W1/><G120/><T0/><D0/><U127/><E123/><V49/><F119/><W62/><G83/><T61/><D107/><U128/><E3/><V12/><F134/><W106/><G68/><T99/><D67/><U91/><E69/><V21/><F65/><W20/><G20/><T44/><D14/><U129/><E42/><V27/><F49/><W77/><G77/><T17/><D87/><U80/><E39/><V81/><F81/><W88/><G1/><T45/><D99/><U105/><E105/><V6/><F102/><W122/><G122/><T52/><D53/><U108/><E80/><V31/><F31/><W133/><G133/><T104/><D104/><U78/><E78/><V18/><AGARI ba="0,0" hai="4,6,9,12,13,16,18,21,27,29,34,112,114,115" machi="18" ten="40,12000,2" yaku="0,1,11,1,34,3,54,1" doraHai="94" who="2" fromWho="2" sc="250,-30,250,-60,302,120,198,-30" /><INIT seed="2,0,0,1,3,18" ten="220,190,422,168" oya="2" hai0="99,37,121,100,83,20,48,111,119,25,118,16,12" hai1="43,110,68,54,69,57,132,81,126,67,33,2,95" hai2="55,39,115,66,58,102,128,22,29,94,41,98,122" hai3="61,107,79,8,82,87,124,72,90,56,134,49,50"/><V23/><F115/><W63/><G134/><T14/><D37/><U28/><E2/><V76/><F122/><W42/><G124/><T130/><D121/><U6/><E6/><V13/><F128/><W74/><G74/><T70/><D130/><U86/><E126/><V24/><F76/><W46/><G107/><T21/><D111/><U89/><E110/><V78/><F78/><W120/><G120/><T123/><D123/><U53/><E132/><V125/><F125/><W71/><G71/><T131/><D131/><U75/><E43/><V91/><F66/><W0/><G0/><T117/><D70/><U17/><E67/><V92/><F39/><W15/><G72/><T129/><D129/><U114/><E114/><V105/><F41/><W84/><G50/><T40/><D83/><U3/><E3/><V26/><F13/><W101/><G101/><T104/><D21/><N who="2" m="7690" /><F29/><W5/><G56/><T60/><D60/><U34/><E57/><V62/><F105/><W106/><G106/><T116/><D116/><U4/><E28/><V45/><F45/><AGARI ba="0,0" hai="12,14,16,20,25,40,45,48,99,100,104,117,118,119" machi="45" ten="40,5200,0" yaku="12,1,52,1,54,1" doraHai="18" who="0" fromWho="2" sc="220,52,190,0,422,-52,168,0" /><INIT seed="3,0,0,4,4,26" ten="272,190,370,168" oya="3" hai0="133,37,3,75,52,93,4,35,17,51,45,48,115" hai1="105,63,50,77,11,103,29,79,62,119,18,101,128" hai2="99,30,111,98,65,72,36,114,23,39,104,6,88" hai3="47,76,13,126,68,118,21,90,73,1,82,74,9"/><W132/><G118/><T113/><D37/><U31/><E119/><V71/><F72/><W106/><G73/><T25/><D75/><U8/><E50/><V83/><F114/><W59/><G68/><T121/><D121/><U28/><E128/><V134/><F6/><W12/><G106/><T27/><D133/><U135/><E135/><V127/><F134/><W95/><G132/><T14/><D93/><U129/><E129/><V112/><F127/><W96/><G126/><T117/><D117/><U24/><E105/><V58/><F71/><W44/><G59/><N who="0" m="33159" /><D4/><U107/><E107/><V66/><F66/><W85/><G1/><T81/><D81/><U40/><E40/><V53/><F65/><W43/><G74/><T116/><D35/><U130/><E130/><V92/><F83/><W57/><G43/><N who="0" m="25023" /><D3/><U46/><E46/><V123/><F123/><W56/><G47/><T55/><D55/><U22/><E101/><V54/><F36/><W20/><G44/><T0/><D0/><U7/><E103/><V19/><F39/><W102/><G102/><T108/><D108/><U91/><E7/><V64/><F111/><W38/><G38/><T41/><D41/><U122/><E122/><V5/><F104/><W87/><G96/><T97/><D97/><U42/><E42/><V124/><F98/><W69/><G69/><T120/><D120/><U78/><E91/><V67/><F99/><W86/><G86/><T32/><D32/><U94/><E94/><V60/><F124/><W109/><G109/><T84/><D84/><U125/><E125/><V34/><F92/><RYUUKYOKU ba="0,0" sc="272,-10,190,30,370,-10,168,-10" hai1="8,11,18,22,24,28,29,31,62,63,77,78,79" owari="262,6.2,220,-18.0,360,46.0,158,-34.2" /></mjloggm>