<mjloggm ver="2.3"><GO type="225" lobby="0"/><UN n0="%E3%82%8F%E3%81%A3%E3%81%97%E3%82%87%E3%81%84%E5%90%9B%32%E5%8F%B7" n1="%E4%B8%89%E5%86%A0%E7%8E%8B%E3%83%BB%E5%B1%B1%E7%94%B0%E5%93%B2%E4%BA%BA" n2="%72%69%6F%75%63%68%61%6E" n3="%E3%81%99%E3%81%84%E3%81%BE%E3%81%9B%E3%83%BC%E3%82%93" dan="20,16,17,16" rate="2286.94,2146.88,2225.42,2122.61" sx="M,M,M,M"/><TAIKYOKU oya="0"/><INIT seed="0,0,0,2,2,27" ten="250,250,250,250" oya="0" hai0="56,115,91,85,110,71,70,116,132,34,135,26,3" hai1="13,113,63,120,131,94,18,23,2,31,88,111,7" hai2="54,109,12,112,22,114,126,48,86,97,51,77,74" hai3="55,21,29,8,52,58,1,84,40,14,96,121,130"/><T90/><D116/><U0/><E120/><V36/><F36/><W62/><G121/><T104/><D115/><U89/><E113/><V45/><F109/><W66/><G130/><T83/><D110/><U78/><E111/><V25/><F126/><W95/><G40/><T87/><D3/><U73/><E131/><V81/><F12/><W38/><G38/><T127/><D104/><U92/><E31/><V98/><F74/><W64/><G84/><T67/><D127/><U118/><E118/><V5/><F5/><N who="3" m="3343" /><G66/><T46/><D46/><U4/><E0/><V24/><F24/><N who="3" m="16527" /><G1/><T107/><D107/><U28/><E2/><V39/><F39/><W123/><G123/><T9/><D9/><U72/><E72/><V65/><F65/><W19/><G19/><T44/><D34/><U82/><E28/><N who="2" m="17463" /><F114/><W53/><G53/><T47/><D26/><U128/><E128/><V108/><F112/><W124/><G124/><T42/><D42/><U37/><E37/><V125/><F108/><W49/><G49/><T93/><D70/><U106/><E106/><V129/><F125/><W117/><G117/><T43/><D43/><U75/><E75/><V134/><F129/><W41/><G41/><T68/><D71/><U60/><E4/><V105/><F105/><W57/><G57/><T20/><D20/><U10/><E23/><V122/><F122/><W6/><G6/><T16/><D68/><U80/><E7/><V17/><F17/><W119/><G119/><T15/><D16/><U61/><E82/><V11/><F81/><W76/><G76/><T59/><D83/><RYUUKYOKU ba="0,0" sc="250,-15,250,15,250,-15,250,15" hai1="10,13,18,60,61,63,73,78,80,88,89,92,94" hai3="52,55,58,62,64,95,96" /><INIT seed="1,1,0,4,1,12" ten="235,265,235,265" oya="1" hai0="74,35,109,92,63,1,10,38,27,13,46,107,34" hai1="19,106,103,66,126,14,132,42,81,78,85,95,5" hai2="76,118,15,44,17,51,58,91,131,40,87,3,75" hai3="73,124,61,47,9,2,69,102,48,94,43,6,117"/><U104/><E132/><V4/><F131/><W60/><G73/><T88/><D107/><U24/><E126/><V62/><F118/><W77/><G124/><T111/><D74/><U59/><E42/><V29/><F29/><W67/><G77/><T33/><D1/><U16/><E106/><V130/><F130/><W127/><G127/><T49/><D38/><U32/><E104/><V41/><F3/><W45/><G117/><T26/><D63/><N who="1" m="38271" /><E24/><V52/><F4/><W97/><G61/><T30/><D27/><U70/><E70/><V83/><F75/><W115/><REACH who="3" step="1"/><G47/><REACH who="3" ten="235,265,235,255" step="2"/><T120/><D120/><U72/><E72/><V116/><F116/><W20/><G20/><T114/><D114/><AGARI ba="1,1" hai="2,6,9,43,45,48,60,67,69,94,97,102,114,115" machi="114" ten="40,1300,0" yaku="1,1,53,0" doraHai="12" doraHaiUra="101" who="3" fromWho="0" sc="235,-16,265,0,235,0,255,26" /><INIT seed="2,0,0,3,5,73" ten="219,265,235,281" oya="2" hai0="27,53,124,100,123,91,77,97,31,4,1,61,110" hai1="60,29,89,118,2,13,125,104,132,64,101,7,117" hai2="42,36,50,9,102,83,126,98,130,105,11,127,51" hai3="25,99,39,135,76,19,62,58,108,95,113,78,66"/><V129/><F36/><W107/><G39/><T69/><D123/><U70/><E13/><V86/><F9/><W33/><G108/><T106/><D110/><U15/><E15/><V71/><F71/><W10/><G135/><T34/><D124/><N who="2" m="47658" /><F11/><W75/><G75/><T90/><D1/><U74/><E132/><V48/><F42/><W94/><G113/><T93/><D4/><U46/><E125/><V65/><F65/><W96/><G107/><T87/><D53/><U47/><E7/><V116/><F116/><W134/><G134/><T30/><D30/><U133/><E2/><V84/><F84/><W8/><G33/><T85/><D77/><AGARI ba="0,0" hai="48,50,51,77,83,86,98,102,105,129,130" m="47658" machi="77" ten="30,2900,0" yaku="18,1,52,1" doraHai="73" who="2" fromWho="0" sc="219,-29,265,0,235,29,281,0" /><INIT seed="2,1,0,0,2,61" ten="190,265,264,281" oya="2" hai0="31,33,82,12,36,103,14,113,96,21,43,102,74" hai1="99,118,107,50,34,54,40,95,25,1,124,5,91" hai2="123,10,126,114,90,131,89,52,38,26,100,2,8" hai3="62,73,30,125,94,101,56,27,9,24,4,67,48"/><V17/><F114/><W97/><G125/><T76/><D113/><U122/><E118/><V92/><F123/><W18/><G73/><T86/><D33/><U55/><E122/><V15/><F131/><W133/><G133/><T77/><D36/><U120/><E120/><V23/><F126/><W51/><G18/><T128/><D128/><U53/><E124/><V130/><F130/><W66/><G66/><T85/><D43/><U65/><E107/><V135/><F38/><W119/><G119/><T81/><D74/><U69/><E40/><V93/><F135/><W116/><G116/><T47/><D47/><U37/><E37/><V29/><F93/><W35/><REACH who="3" step="1"/><G27/><REACH who="3" ten="190,265,264,271" step="2"/><T129/><D129/><U41/><E65/><V121/><F121/><W32/><G32/><T19/><D31/><U78/><E25/><V72/><F72/><W6/><G6/><T108/><D108/><U110/><E5/><V60/><F8/><W22/><G22/><T45/><D45/><U80/><E34/><V11/><F10/><W39/><G39/><T132/><D132/><U16/><E16/><N who="2" m="8319" /><F29/><W87/><G87/><T13/><REACH who="0" step="1"/><D102/><REACH who="0" ten="180,265,264,271" step="2"/><U117/><E110/><V68/><F100/><W59/><G59/><T75/><D75/><U3/><E117/><V42/><F68/><W127/><G127/><T49/><D49/><U134/><E69/><V20/><F42/><W44/><G44/><T104/><AGARI ba="1,2" hai="12,13,14,19,21,76,77,81,82,85,86,96,103,104" machi="104" ten="20,5200,0" yaku="1,1,0,1,7,1,9,1,53,0" doraHai="61" doraHaiUra="112" who="0" fromWho="0" sc="180,75,265,-14,264,-27,271,-14" /><INIT seed="3,0,0,2,1,86" ten="255,251,237,257" oya="3" hai0="73,131,99,20,37,11,129,29,93,83,21,132,94" hai1="124,90,116,44,54,9,76,103,24,125,4,50,68" hai2="42,46,102,78,108,97,36,3,41,98,91,130,87" hai3="110,81,128,95,74,64,120,79,27,96,48,63,18"/><W122/><G128/><N who="0" m="49227" /><D37/><U22/><E68/><V123/><F130/><W19/><G110/><T40/><D40/><U34/><E116/><V49/><F108/><W85/><G74/><T112/><D132/><U113/><E113/><V56/><F123/><W23/><G48/><T26/><D112/><U59/><E34/><V88/><F3/><W31/><G122/><T43/><D43/><N who="2" m="16394" /><F36/><W38/><G38/><T1/><D20/><U77/><E103/><V6/><F6/><W66/><G120/><T16/><D99/><N who="2" m="37898" /><F102/><W65/><REACH who="3" step="1"/><G63/><REACH who="3" ten="255,251,237,247" step="2"/><T100/><D73/><U109/><E109/><V114/><F114/><W104/><G104/><T0/><D100/><AGARI ba="0,1" hai="18,19,23,27,31,64,65,66,79,81,85,95,96,100" machi="100" ten="40,3900,0" yaku="1,1,8,1,53,0" doraHai="86" doraHaiUra="101" who="3" fromWho="0" sc="255,-39,251,0,237,0,247,49" /><INIT seed="3,1,0,0,2,81" ten="216,251,237,296" oya="3" hai0="113,111,70,127,82,36,52,75,13,108,122,110,72" hai1="34,76,12,11,131,42,129,16,77,84,56,15,23" hai2="45,93,102,64,88,78,85,49,27,100,1,62,30" hai3="10,104,66,119,103,116,19,133,58,120,107,40,61"/><W121/><G133/><T91/><D122/><U97/><E34/><V71/><F1/><W98/><G107/><T44/><D127/><U96/><E42/><V80/><F49/><W65/><G65/><T14/><D70/><U125/><E125/><V28/><F45/><W99/><G99/><N who="1" m="37962" /><E56/><V124/><F124/><W59/><G59/><T67/><D67/><U83/><E131/><V48/><F48/><W79/><G40/><N who="0" m="22535" /><D113/><U68/><E68/><V38/><F38/><W105/><G105/><T22/><D52/><U53/><E53/><V35/><REACH who="2" step="1"/><F30/><REACH who="2" ten="216,251,227,296" step="2"/><W118/><G121/><T0/><D0/><U63/><E129/><V18/><F18/><W50/><G120/><T57/><D108/><U7/><E63/><V86/><AGARI ba="1,1" hai="27,28,35,62,64,71,78,80,85,86,88,93,100,102" machi="86" ten="20,12000,2" yaku="1,1,0,1,7,1,52,2,54,1,53,1" doraHai="81" doraHaiUra="89" who="2" fromWho="2" sc="216,-31,251,-31,227,133,296,-61" owari="185,-31.5,220,-18.0,360,46.0,235,3.5" /></mjloggm>