<mjloggm ver="2.3"><GO type="225" lobby="0"/><UN n0="%E3%81%AF%E3%82%88%E3%81%8A%E3%81%98%E3%81%95%E3%82%93" n1="%72%69%6F%75%63%68%61%6E" n2="%6D%75%75%6D%75%72%61" n3="%48%61%61%61%6C%61%6E%64" dan="17,17,17,18" rate="2197.18,2261.82,2185.33,2234.36" sx="M,M,F,M"/><TAIKYOKU oya="0"/><INIT seed="0,0,0,2,4,39" ten="250,250,250,250" oya="0" hai0="88,111,107,76,42,36,98,105,80,90,61,11,70" hai1="93,0,132,67,48,35,27,18,38,119,5,69,30" hai2="85,8,20,123,75,102,21,120,110,3,31,100,95" hai3="55,52,25,87,44,62,83,118,109,129,122,101,135"/><T114/><D114/><U92/><E132/><V7/><F75/><W22/><G118/><T9/><D111/><U45/><E119/><V73/><F73/><W6/><G135/><T26/><D26/><U106/><E106/><V91/><F110/><W40/><G109/><T79/><D70/><U131/><E131/><V117/><F117/><W65/><G6/><T15/><D61/><U16/><E38/><V115/><F115/><W128/><G101/><T68/><D68/><U59/><E69/><V74/><F74/><W124/><G124/><T84/><D9/><U23/><E59/><V50/><F50/><N who="3" m="26887" /><G122/><T134/><D134/><U86/><E67/><V103/><REACH who="2" step="1"/><F31/><REACH who="2" ten="250,250,240,250" step="2"/><N who="3" m="17847" /><G129/><T125/><D125/><U43/><E86/><V121/><AGARI ba="0,1" hai="3,7,8,20,21,85,91,95,100,102,103,120,121,123" machi="121" ten="40,8000,1" yaku="1,1,0,1,53,3" doraHai="39" doraHaiUra="96" who="2" fromWho="2" sc="250,-40,250,-20,240,90,250,-20" /><INIT seed="1,0,0,3,1,45" ten="210,230,330,230" oya="1" hai0="115,16,52,5,27,118,17,117,126,79,32,0,61" hai1="99,57,38,46,55,2,102,121,19,8,85,103,35" hai2="41,11,131,95,44,82,74,125,62,71,72,18,135" hai3="53,47,93,7,4,128,43,20,90,40,106,42,70"/><U14/><E121/><V97/><F131/><W15/><G106/><T30/><D115/><U76/><E35/><V104/><F125/><W13/><G70/><T49/><D126/><U108/><E108/><V37/><F135/><W119/><G119/><T124/><D124/><U92/><E2/><V48/><F104/><W77/><G77/><T59/><D79/><U51/><E38/><V89/><F37/><W67/><G67/><T69/><D5/><N who="3" m="2121" /><G128/><T84/><D0/><U36/><E36/><V101/><F71/><W86/><G20/><T107/><D107/><U122/><E122/><V23/><F62/><W63/><G63/><T21/><D84/><U29/><E29/><V94/><F11/><W83/><G93/><T25/><REACH who="0" step="1"/><D17/><REACH who="0" ten="200,230,330,230" step="2"/><U12/><E76/><V88/><F74/><W96/><G96/><T1/><D1/><U54/><E85/><V66/><F72/><W58/><G58/><T10/><D10/><U22/><E8/><V39/><F97/><W100/><G100/><T120/><D120/><U105/><E105/><V78/><F101/><W114/><G114/><T60/><D60/><N who="1" m="35895" /><E102/><V129/><F129/><W109/><G109/><T68/><D68/><U3/><E3/><V81/><F78/><W28/><G28/><T123/><D123/><U91/><E103/><V113/><F113/><W87/><G87/><T9/><D9/><U133/><E133/><V111/><F111/><W130/><G130/><T98/><D98/><U31/><E31/><V116/><F18/><W34/><G86/><T127/><D127/><U26/><AGARI ba="0,1" hai="12,14,19,22,26,46,51,55,91,92,99" m="35895" machi="26" ten="30,6000,0" yaku="25,1,8,1,52,1" doraHai="45" who="1" fromWho="1" sc="200,-20,230,70,330,-20,230,-20" /><INIT seed="1,1,0,5,3,29" ten="180,300,310,210" oya="1" hai0="75,21,114,111,80,33,41,115,9,60,118,110,92" hai1="1,22,43,53,26,46,4,82,127,58,91,7,12" hai2="105,133,37,34,116,112,129,128,61,50,119,134,84" hai3="88,62,47,81,132,131,126,48,6,130,107,97,38"/><U27/><E127/><V14/><F37/><W98/><G126/><T87/><D118/><U76/><E1/><V13/><F105/><W11/><G38/><T0/><D41/><U99/><E12/><N who="2" m="4715" /><F112/><W103/><G62/><T52/><D21/><U10/><E10/><V109/><F109/><N who="0" m="41482" /><D92/><U16/><E26/><V35/><F61/><W63/><G63/><T78/><D75/><U59/><E91/><V31/><F31/><W67/><G67/><T66/><D52/><U117/><E99/><V24/><F24/><W104/><G104/><T70/><D33/><N who="2" m="12298" /><F50/><W18/><G107/><T17/><D17/><U15/><E117/><N who="2" m="45131" /><F84/><W90/><G98/><T121/><D121/><U95/><E27/><V25/><F25/><W102/><G97/><T65/><D66/><U55/><E95/><V120/><F120/><W54/><G54/><T49/><D49/><N who="1" m="26847" /><E53/><V77/><F77/><W83/><G48/><T72/><D72/><U8/><E8/><V101/><F101/><W71/><G103/><T74/><D74/><U32/><E32/><V45/><F45/><W56/><G102/><T79/><D79/><U3/><E3/><V69/><F69/><W113/><G71/><T89/><D78/><U94/><E94/><V106/><F106/><W135/><G47/><T85/><D87/><N who="1" m="48583" /><E55/><V36/><F36/><W123/><G123/><T44/><D44/><U40/><E40/><V2/><F2/><W57/><G11/><T96/><D96/><U68/><E68/><V64/><F64/><W108/><G108/><T93/><D93/><U73/><E73/><V23/><F23/><RYUUKYOKU ba="1,0" sc="180,10,300,10,310,10,210,-30" hai0="0,9,60,65,70,80,85,89,114,115" hai1="4,7,15,16,22,58,59" hai2="128,129,133,134" /><INIT seed="1,2,0,2,4,94" ten="190,310,320,180" oya="1" hai0="7,123,30,115,2,112,58,51,57,11,59,132,87" hai1="120,33,52,67,38,34,12,56,41,118,69,124,121" hai2="21,84,90,125,14,48,114,129,31,126,66,45,103" hai3="81,36,35,16,40,88,75,13,63,43,3,105,107"/><U91/><E118/><V46/><F129/><W96/><G3/><T15/><D132/><U111/><E124/><N who="2" m="47723" /><F114/><W83/><G35/><T116/><D116/><U25/><E111/><V110/><F110/><W86/><G63/><T117/><D117/><U60/><E12/><V80/><F66/><W64/><G64/><T104/><D104/><U22/><E91/><V6/><F103/><W100/><G107/><T19/><D123/><U97/><E97/><V72/><F72/><W29/><G29/><T5/><D30/><U23/><E121/><V134/><F134/><W62/><G62/><T101/><D101/><U4/><E4/><V44/><F31/><W42/><G36/><T39/><D39/><U47/><E120/><V49/><F21/><W20/><REACH who="3" step="1"/><G75/><REACH who="3" ten="190,310,320,170" step="2"/><T109/><D109/><U77/><E33/><V71/><F71/><W127/><G127/><T10/><D51/><N who="1" m="30751" /><E34/><V82/><F49/><W102/><G102/><T55/><D115/><U8/><E25/><V1/><F48/><W119/><G119/><T98/><D112/><U99/><E69/><V122/><F1/><W68/><G68/><T65/><D65/><U74/><E60/><V92/><F122/><W26/><G26/><T70/><D70/><U76/><E67/><V73/><F73/><W18/><G18/><T32/><D32/><U50/><E38/><V95/><F14/><W89/><G89/><T24/><D24/><U28/><E28/><V53/><F6/><W93/><AGARI ba="2,1" hai="13,16,20,40,42,43,81,83,86,88,93,96,100,105" machi="93" ten="30,12000,2" yaku="1,1,0,1,52,1,54,2,53,1" doraHai="94" doraHaiUra="85" who="3" fromWho="3" sc="190,-32,310,-62,320,-32,170,136" /><INIT seed="2,0,0,2,2,24" ten="158,248,288,306" oya="2" hai0="97,61,32,95,38,100,108,96,41,68,29,51,125" hai1="78,83,4,73,74,60,134,58,120,98,112,116,64" hai2="55,43,3,56,6,36,28,39,10,111,21,9,122" hai3="126,19,46,71,86,101,11,87,133,54,30,50,93"/><V59/><F122/><W31/><G71/><T123/><D123/><U104/><E112/><V113/><F113/><W44/><G126/><T114/><D114/><U27/><E116/><V26/><F111/><W129/><G129/><T128/><D108/><U15/><E120/><V1/><F43/><W127/><G127/><T33/><D125/><U57/><E134/><V65/><F65/><W53/><G133/><T62/><D128/><U103/><E27/><V81/><F81/><W117/><G117/><T118/><D118/><U130/><E130/><V47/><F47/><W66/><G66/><T85/><D38/><U8/><REACH who="1" step="1"/><E73/><REACH who="1" ten="158,238,288,306" step="2"/><V135/><F135/><W45/><G87/><T49/><D85/><U115/><E115/><V84/><F84/><W75/><G75/><T110/><D110/><U37/><E37/><V132/><F132/><W12/><G86/><T35/><D96/><U88/><E88/><V7/><REACH who="2" step="1"/><F56/><AGARI ba="0,1" hai="4,8,15,56,57,58,60,64,74,78,83,98,103,104" machi="56" ten="30,2000,0" yaku="1,1,7,1,53,0" doraHai="24" doraHaiUra="109" who="1" fromWho="2" sc="158,0,238,30,288,-20,306,0" /><INIT seed="3,0,0,2,3,63" ten="158,268,268,306" oya="3" hai0="11,37,45,31,93,48,100,13,4,103,2,58,14" hai1="71,107,84,12,89,75,38,123,80,72,119,49,70" hai2="115,47,73,66,134,77,135,102,122,112,52,96,0" hai3="120,133,85,32,51,108,79,76,130,39,34,110,116"/><W83/><G116/><T42/><D31/><U56/><E123/><V91/><F122/><W24/><G120/><T74/><D74/><U26/><E119/><V35/><F0/><W95/><G39/><T6/><D2/><U64/><E107/><V127/><F35/><W106/><G106/><T21/><D37/><U109/><E109/><N who="3" m="42090" /><G130/><T113/><D113/><U43/><E26/><V90/><F77/><N who="3" m="46319" /><G133/><T68/><D68/><U99/><E70/><V118/><F73/><W69/><G69/><T28/><D58/><U125/><E71/><V121/><F121/><W40/><G95/><T124/><D124/><U61/><E125/><V87/><F127/><W36/><G36/><T44/><D45/><U62/><E38/><V10/><F47/><N who="3" m="26087" /><G32/><T22/><D93/><U20/><E43/><V30/><F118/><W9/><G9/><T104/><D104/><U16/><E99/><V117/><F96/><W65/><G65/><T92/><D92/><U5/><E49/><V3/><F117/><W27/><G27/><T59/><D59/><U98/><E98/><V8/><F115/><W57/><G57/><T132/><D132/><U94/><E61/><V41/><F112/><W82/><G82/><T55/><D42/><U111/><E94/><V54/><F41/><W78/><G78/><T114/><D114/><U60/><E60/><V50/><F134/><W101/><G101/><N who="0" m="38987" /><D28/><AGARI ba="0,0" hai="24,28,34,76,79" m="26087,46319,42090" machi="28" ten="30,2900,0" yaku="14,1,10,1" doraHai="63" who="3" fromWho="0" sc="158,-29,268,0,268,0,306,29" owari="129,-37.1,268,6.8,268,-13.2,335,43.5" /></mjloggm>