<mjloggm ver="2.3"><GO type="225" lobby="0"/><UN n0="%E5%AD%90%E4%BE%9B%E4%BC%9A%E5%93%A1" n1="%E6%97%A5%E6%9B%9C%E6%97%A5%E3%82%88%E3%82%8A%E3%81%AE%E4%BD%BF%E8%80%85" n2="%72%69%6F%75%63%68%61%6E" n3="%E6%A1%9C%E8%8A%B1%E9%96%83%E3%80%85" dan="17,16,16,16" rate="2104.60,2173.85,2145.42,2210.29" sx="M,M,M,M"/><TAIKYOKU oya="0"/><INIT seed="0,0,0,0,0,42" ten="250,250,250,250" oya="0" hai0="15,51,31,17,45,23,78,41,0,119,115,63,103" hai1="8,59,53,67,79,25,81,74,39,77,71,30,85" hai2="126,76,55,82,57,111,62,64,22,12,46,130,96" hai3="129,19,124,7,21,49,128,16,48,99,112,60,10"/><T131/><D115/><U93/><E39/><V26/><F111/><W72/><G112/><T28/><D119/><U110/><E110/><V89/><F130/><N who="3" m="50283" /><G72/><T3/><D131/><U86/><E74/><V83/><F126/><W65/><G99/><T34/><D103/><U20/><E71/><V13/><F83/><W24/><G19/><T104/><D104/><U113/><E113/><V121/><F121/><W58/><G124/><T47/><D78/><U117/><E117/><V43/><F64/><W118/><G118/><T68/><D34/><U106/><E106/><V73/><F96/><W123/><G123/><T127/><D127/><U37/><E37/><V122/><F89/><W33/><G33/><T66/><REACH who="0" step="1"/><D47/><REACH who="0" ten="240,250,250,250" step="2"/><U27/><E79/><V75/><F122/><W2/><AGARI ba="0,1" hai="2,7,10,16,21,24,48,49,58,60,65" m="50283" machi="2" ten="30,2000,0" yaku="19,1,54,1" doraHai="42" who="3" fromWho="3" sc="240,-10,250,-5,250,-5,250,30" /><INIT seed="1,0,0,3,2,77" ten="230,245,245,280" oya="1" hai0="47,131,132,3,48,82,98,29,19,23,7,87,102" hai1="128,72,124,22,126,50,12,75,70,94,55,88,113" hai2="117,122,73,66,53,96,28,42,30,60,105,130,49" hai3="103,112,92,37,86,38,24,125,14,95,67,11,43"/><U127/><E70/><V133/><F117/><W51/><G112/><T115/><D115/><U64/><E64/><V135/><F122/><W35/><G67/><T76/><D132/><N who="2" m="50762" /><F130/><W107/><G107/><T58/><D131/><U101/><E101/><N who="2" m="62631" /><F42/><W59/><G125/><T45/><D29/><U123/><E113/><V111/><F73/><W74/><G74/><T121/><D121/><U69/><E69/><N who="2" m="42183" /><F111/><W97/><G43/><T89/><D76/><U80/><E128/><V134/><N who="2" m="50770" /><V84/><DORA hai="41" /><F84/><W61/><G86/><T81/><D81/><U129/><E129/><V6/><F6/><W1/><G97/><T63/><D7/><U91/><E80/><V40/><F40/><W109/><G109/><T27/><D3/><U36/><E123/><V33/><F33/><W99/><G35/><T17/><D98/><U5/><E5/><V110/><F110/><W108/><G1/><T31/><D102/><U10/><E75/><V56/><AGARI ba="0,0" hai="28,30,49,53,56" m="42183,62631,50770" machi="56" ten="40,1500,0" yaku="20,1" doraHai="77,41" who="2" fromWho="2" sc="230,-4,245,-7,245,15,280,-4" /><INIT seed="2,0,0,4,5,44" ten="226,238,260,276" oya="2" hai0="2,23,83,69,46,42,92,102,62,125,48,70,85" hai1="127,118,80,72,8,100,19,68,12,76,53,61,52" hai2="111,128,11,59,79,20,0,13,109,5,21,94,39" hai3="60,57,14,110,35,132,98,121,41,3,7,74,64"/><V54/><F128/><W73/><G121/><T86/><D2/><U131/><E118/><V50/><F39/><W40/><G3/><T27/><D125/><U34/><E34/><V99/><F79/><W82/><G35/><T123/><D123/><U36/><E36/><V81/><F81/><W65/><G110/><N who="2" m="41993" /><F0/><W77/><G132/><T112/><D112/><U126/><E100/><AGARI ba="0,0" hai="5,11,13,20,21,50,54,59,94,99,100" m="41993" machi="100" ten="30,5800,0" yaku="14,1,10,1,52,1" doraHai="44" who="2" fromWho="1" sc="226,0,238,-58,260,58,276,0" /><INIT seed="2,1,0,2,2,28" ten="226,180,318,276" oya="2" hai0="32,92,123,14,89,5,126,1,58,71,101,91,16" hai1="52,61,40,42,44,98,81,103,102,82,69,55,65" hai2="4,3,75,84,90,36,66,49,63,116,50,108,46" hai3="30,33,34,80,41,105,11,13,31,99,67,10,95"/><V85/><F116/><W94/><G105/><T119/><D123/><U96/><E82/><V43/><F75/><W60/><G41/><T51/><D71/><U35/><E81/><V107/><F107/><W25/><G80/><T132/><D32/><U48/><E35/><V20/><F108/><W77/><G77/><T73/><D73/><U72/><E72/><V8/><F20/><W54/><G54/><N who="0" m="32095" /><D1/><U59/><E98/><V79/><F79/><W78/><G78/><T15/><D119/><U115/><E115/><V114/><F114/><W7/><G10/><N who="0" m="4431" /><D126/><U118/><E118/><V29/><F29/><W121/><G121/><T17/><D132/><U112/><E112/><V127/><F127/><W135/><G99/><N who="0" m="59623" /><D17/><U88/><E103/><V113/><F113/><W100/><G100/><T26/><D26/><U68/><E102/><V124/><F124/><W110/><G110/><T38/><D38/><U129/><E129/><V86/><REACH who="2" step="1"/><F90/><REACH who="2" ten="226,180,308,276" step="2"/><W19/><G135/><T27/><D27/><U21/><E88/><V64/><F64/><W117/><G117/><T12/><D12/><U109/><E109/><V131/><F131/><W133/><G133/><T106/><D106/><U24/><E65/><V53/><F53/><W62/><G67/><T2/><D2/><U87/><E55/><V47/><F47/><W23/><G31/><T130/><D130/><U120/><E44/><V6/><F6/><W70/><G34/><T122/><D122/><U93/><E52/><V39/><F39/><W0/><G70/><AGARI ba="1,1" hai="3,4,8,36,43,46,49,50,63,66,70,84,85,86" machi="70" ten="40,2000,0" yaku="1,1,53,0" doraHai="28" doraHaiUra="111" who="2" fromWho="3" sc="226,0,180,0,308,33,276,-23" /><INIT seed="2,2,0,2,2,131" ten="226,180,341,253" oya="2" hai0="134,37,25,51,103,31,124,96,133,78,36,121,65" hai1="68,86,23,89,111,97,58,30,122,46,130,27,77" hai2="69,104,90,116,26,113,80,5,120,107,129,95,55" hai3="34,102,21,19,2,117,119,1,132,105,79,15,8"/><V70/><F113/><W109/><G79/><T128/><D121/><U108/><E130/><V87/><F116/><N who="3" m="44619" /><G102/><T123/><D123/><U112/><E122/><V84/><F120/><W49/><G49/><T10/><D128/><U9/><E112/><V20/><F129/><W42/><G42/><T94/><D124/><U99/><E68/><V60/><F5/><N who="3" m="3471" /><G105/><T61/><D78/><U44/><E77/><V64/><F70/><W101/><G101/><T16/><D51/><U91/><E9/><V3/><F3/><N who="3" m="1035" /><G34/><N who="0" m="20847" /><D61/><U28/><E58/><V59/><F84/><W41/><G41/><T76/><D65/><U56/><E56/><V40/><F80/><W62/><G62/><T14/><D76/><U17/><E111/><V100/><F100/><W110/><G132/><AGARI ba="2,0" hai="10,14,16,36,37,94,96,103,132,133,134" m="20847" machi="132" ten="30,8000,1" yaku="20,1,52,3,54,1" doraHai="131" who="0" fromWho="3" sc="226,86,180,0,341,0,253,-86" /><INIT seed="3,0,0,2,1,33" ten="312,180,341,167" oya="3" hai0="95,54,105,96,65,77,14,52,46,129,49,99,60" hai1="114,76,134,133,112,4,3,75,64,12,92,101,120" hai2="91,43,67,132,51,23,108,104,102,38,47,9,118" hai3="122,109,48,32,63,111,90,100,66,83,2,81,56"/><W107/><G122/><T85/><D129/><U113/><E120/><V6/><F118/><W59/><G32/><T17/><D105/><U61/><E12/><V86/><F108/><N who="3" m="41547" /><G100/><T131/><D131/><U22/><E22/><V68/><F132/><N who="1" m="50793" /><E92/><V130/><F130/><W62/><G107/><T40/><D85/><U19/><E19/><V28/><F102/><W7/><G48/><T24/><D24/><U125/><E125/><V11/><F104/><W117/><G117/><T15/><D77/><U72/><E76/><V35/><F35/><W127/><G127/><T0/><D0/><U55/><E55/><V44/><F51/><W34/><G34/><T5/><D5/><U30/><E30/><V29/><F29/><W80/><G90/><T98/><D95/><U84/><E84/><V94/><F28/><W26/><G26/><T8/><REACH who="0" step="1"/><D15/><REACH who="0" ten="302,180,341,167" step="2"/><U16/><E3/><V57/><F94/><W121/><G121/><T39/><D39/><U73/><E4/><V97/><F6/><W50/><G50/><T89/><D89/><U45/><E114/><V119/><F38/><W10/><G81/><T58/><AGARI ba="0,1" hai="8,14,17,40,46,49,52,54,58,60,65,96,98,99" machi="58" ten="30,8000,1" yaku="1,1,0,1,8,1,54,1,53,1" doraHai="33" doraHaiUra="37" who="0" fromWho="0" sc="302,90,180,-20,341,-20,167,-40" owari="392,49.2,160,-24.0,321,12.1,127,-37.3" /></mjloggm>