<mjloggm ver="2.3"><GO type="225" lobby="0"/><UN n0="%E3%82%82%E3%81%90%E3%82%89" n1="%72%61%6B%33" n2="%73%69%67%65%6E%6F%72%69" n3="%72%69%6F%75%63%68%61%6E" dan="17,18,18,17" rate="2242.92,2242.63,2243.77,2154.25" sx="M,M,M,M"/><TAIKYOKU oya="0"/><INIT seed="0,0,0,1,3,103" ten="250,250,250,250" oya="0" hai0="93,20,8,4,31,104,27,110,51,11,98,21,123" hai1="97,53,129,19,61,72,81,10,17,24,46,60,52" hai2="135,36,18,39,117,43,63,69,6,33,38,112,30" hai3="84,1,94,13,75,16,64,23,105,113,127,44,67"/><T0/><D123/><U107/><E129/><V32/><F112/><W92/><G113/><T99/><D110/><U102/><E72/><V45/><F135/><W95/><G75/><T101/><D11/><U78/><E17/><V15/><F117/><W131/><G131/><T122/><D122/><U65/><E46/><V25/><F33/><W90/><G127/><T28/><D51/><U9/><E61/><V12/><F6/><W82/><G1/><T88/><REACH who="0" step="1"/><D31/><REACH who="0" ten="240,250,250,250" step="2"/><U109/><E109/><V134/><F134/><W108/><G108/><T120/><D120/><U22/><E9/><V119/><F119/><W40/><REACH who="3" step="1"/><G105/><REACH who="3" ten="240,250,250,240" step="2"/><T49/><D49/><AGARI ba="0,2" hai="13,16,23,40,44,49,64,67,82,84,90,92,94,95" machi="49" ten="40,12000,2" yaku="1,1,2,1,8,1,54,1,53,2" doraHai="103" doraHaiUra="62" who="3" fromWho="0" sc="240,-120,250,0,250,0,240,140" /><INIT seed="1,0,0,1,3,53" ten="120,250,250,380" oya="1" hai0="18,29,83,124,70,25,89,87,121,117,68,69,10" hai1="8,78,116,71,1,56,6,84,133,102,82,28,20" hai2="75,35,45,66,42,118,81,22,9,73,96,23,134" hai3="65,33,49,79,128,104,90,109,11,40,5,55,93"/><U36/><E71/><V3/><F35/><W94/><G104/><T63/><D117/><U30/><E116/><V4/><F118/><W123/><G109/><T54/><D124/><U125/><E125/><V61/><F134/><W46/><G123/><T64/><D121/><U27/><E133/><V77/><F75/><W105/><G105/><T108/><D108/><U24/><E36/><N who="2" m="21703" /><F96/><W72/><G33/><T17/><D54/><U135/><E135/><V112/><F112/><W101/><G128/><T88/><D89/><U76/><E102/><V127/><F127/><W43/><G65/><T114/><D114/><U0/><E78/><V31/><F31/><W131/><G131/><T44/><D44/><U26/><E0/><V120/><F120/><W99/><G72/><T98/><D98/><U60/><REACH who="1" step="1"/><E28/><REACH who="1" ten="120,240,250,380" step="2"/><V15/><F15/><N who="3" m="5615" /><G79/><T85/><D85/><AGARI ba="0,1" hai="40,43,46,49,55,85,90,93,94,99,101" m="5615" machi="85" ten="30,1000,0" yaku="8,1" doraHai="53" who="3" fromWho="0" sc="120,-10,240,0,250,0,380,20" /><INIT seed="2,0,0,4,0,80" ten="110,240,250,400" oya="2" hai0="116,5,76,45,66,4,114,67,109,36,118,88,107" hai1="111,29,91,37,15,39,65,72,71,75,101,108,98" hai2="74,2,56,51,10,54,92,14,126,96,87,93,78" hai3="11,58,6,52,12,42,47,41,20,16,17,121,50"/><V59/><F126/><W24/><G121/><T35/><D114/><U48/><E48/><V117/><F117/><W102/><G102/><T132/><D107/><U28/><E15/><V103/><F2/><W129/><G129/><T23/><D35/><U100/><E65/><V120/><F74/><W94/><G94/><T84/><D109/><U7/><E7/><N who="0" m="2633" /><D76/><U68/><E91/><N who="2" m="53375" /><F120/><W31/><G41/><T30/><D36/><AGARI ba="0,0" hai="6,11,12,16,17,20,24,31,36,42,47,50,52,58" machi="36" ten="30,3900,0" yaku="7,1,54,2" doraHai="80" who="3" fromWho="0" sc="110,-39,240,0,250,0,400,39" /><INIT seed="3,0,0,2,2,42" ten="71,240,250,439" oya="3" hai0="5,11,65,9,35,85,46,82,117,44,33,22,51" hai1="81,96,109,63,95,132,72,13,1,58,126,62,93" hai2="26,108,66,39,29,131,86,89,94,54,68,83,122" hai3="87,14,125,104,67,101,48,28,88,69,6,8,60"/><W59/><G125/><T30/><D117/><U90/><E1/><V38/><F122/><W107/><G101/><T31/><D33/><U103/><E126/><V70/><F108/><W15/><G28/><T20/><D35/><U130/><E109/><V106/><F106/><W127/><G127/><T64/><D51/><U114/><E114/><V100/><F131/><W133/><G133/><T78/><D85/><U36/><E36/><V53/><F38/><W32/><G32/><T75/><D75/><U124/><E124/><V134/><F134/><W128/><G128/><T45/><D82/><U77/><E132/><V57/><F39/><W71/><G15/><T2/><D2/><U27/><E130/><V55/><F66/><W37/><G37/><T97/><D97/><U92/><E27/><V4/><F4/><W111/><G111/><T41/><D41/><U120/><E120/><V129/><F129/><W19/><G6/><T47/><N who="0" m="11264" /><DORA hai="119" /><T7/><D78/><U43/><E43/><V21/><F57/><W25/><G59/><T49/><D49/><U112/><E112/><V3/><F3/><W110/><G48/><T91/><D91/><U80/><E80/><V61/><F61/><W18/><G60/><T17/><D5/><U116/><E116/><V113/><F113/><W56/><G87/><T135/><D135/><U123/><E62/><V79/><F100/><W52/><G88/><T99/><D99/><U98/><E123/><V24/><F24/><W121/><G25/><T105/><D105/><N who="1" m="63719" /><E13/><V23/><F23/><N who="0" m="8746" /><D7/><U74/><E74/><N who="2" m="43511" /><F89/><W40/><G110/><RYUUKYOKU ba="0,0" sc="71,-15,240,15,250,15,439,-15" hai1="58,63,72,77,81,90,92,93,95,98" hai2="21,26,29,53,54,55,68,70,86,94" owari="56,-44.4,255,-14.5,265,6.5,424,52.4" /></mjloggm>