<mjloggm ver="2.3"><GO type="225" lobby="0"/><UN n0="%E6%B8%A9%E2%98%85%E6%83%85%E2%98%85%E6%8E%AA%E2%98%85%E7%BD%AE" n1="%72%65%6E%6B%75%6E" n2="%E9%B3%B3%E6%9D%B1%E3%81%AE%E3%81%86%E3%81%95%E3%81%8E%E3%81%95%E3%82%93" n3="%E6%A1%9C%E8%8A%B1%E9%96%83%E3%80%85" dan="17,17,17,16" rate="2217.64,2232.80,2278.88,2118.59" sx="M,M,M,M"/><TAIKYOKU oya="0"/><INIT seed="0,0,0,4,1,24" ten="250,250,250,250" oya="0" hai0="10,45,61,42,123,131,103,113,21,71,67,98,14" hai1="27,126,40,34,88,120,41,11,93,55,18,49,135" hai2="37,81,58,72,60,65,117,108,23,112,64,130,115" hai3="90,12,114,32,57,1,17,82,28,70,104,124,84"/><T48/><D113/><U19/><E120/><V106/><F106/><W91/><G114/><T0/><D131/><U110/><E110/><V52/><F108/><W80/><G70/><T53/><D123/><U31/><E135/><V7/><F130/><W63/><G124/><T50/><D21/><U100/><E100/><V83/><F117/><W73/><G1/><T51/><D0/><U20/><E11/><V59/><F37/><W77/><G104/><T132/><D132/><U56/><E126/><V99/><F7/><W46/><G46/><T95/><REACH who="0" step="1"/><D42/><REACH who="0" ten="240,250,250,250" step="2"/><U85/><REACH who="1" step="1"/><E19/><AGARI ba="0,1" hai="10,14,19,45,48,50,51,53,61,67,71,95,98,103" machi="19" ten="30,11600,0" yaku="1,1,2,1,7,1,53,1" doraHai="24" doraHaiUra="97" who="0" fromWho="1" sc="240,126,250,-116,250,0,250,0" /><INIT seed="0,1,0,0,2,31" ten="366,134,250,250" oya="0" hai0="128,40,8,60,135,64,63,4,66,41,28,67,78" hai1="71,117,52,103,106,83,45,70,122,77,121,116,104" hai2="119,12,96,59,81,43,84,73,50,19,26,13,125" hai3="58,69,99,74,23,127,89,46,105,34,133,30,16"/><T100/><D135/><U18/><E18/><V39/><F73/><W112/><G69/><T22/><D128/><U57/><E45/><N who="2" m="25919" /><F39/><W68/><G68/><T94/><D78/><U21/><E21/><N who="2" m="13631" /><F125/><W97/><G112/><T132/><D132/><U53/><E83/><V35/><F35/><W98/><G133/><T24/><D94/><U90/><E57/><V54/><F96/><W124/><G74/><T27/><D100/><U48/><E48/><N who="2" m="31175" /><F119/><W36/><G105/><T88/><D27/><U6/><E103/><V7/><F7/><W75/><G75/><T76/><D76/><AGARI ba="1,0" hai="12,13,76,81,84" m="31175,13631,25919" machi="76" ten="30,1000,0" yaku="8,1" doraHai="31" who="2" fromWho="0" sc="366,-13,134,0,250,13,250,0" /><INIT seed="1,0,0,1,4,73" ten="353,134,263,250" oya="1" hai0="70,102,90,83,26,16,4,52,29,115,106,130,128" hai1="58,13,62,23,54,2,93,91,21,50,84,25,123" hai2="87,7,72,133,119,127,81,113,64,59,94,31,37" hai3="45,100,98,107,95,80,60,67,134,109,10,27,131"/><U117/><E2/><V40/><F119/><W1/><G109/><T96/><D70/><U101/><E123/><V12/><F72/><W118/><G131/><N who="0" m="50219" /><D4/><U126/><E126/><V42/><F113/><W44/><G134/><T41/><D41/><U108/><E117/><V68/><F68/><W69/><G118/><T61/><D115/><U34/><E108/><V71/><F71/><W18/><G95/><T53/><D61/><U104/><E104/><V36/><F133/><W48/><G80/><T97/><D16/><U75/><E75/><V3/><F3/><W35/><G48/><T122/><D122/><U114/><E101/><V111/><F127/><W79/><G79/><T15/><D15/><U56/><E114/><V19/><F7/><N who="3" m="1391" /><G18/><T86/><D97/><U9/><E34/><AGARI ba="0,0" hai="26,29,34,52,53,83,86,90,96,102,106" m="50219" machi="34" ten="30,2000,0" yaku="19,1,54,1" doraHai="73" who="0" fromWho="1" sc="353,20,134,-20,263,0,250,0" /><INIT seed="2,0,0,2,3,106" ten="373,114,263,250" oya="2" hai0="56,88,131,97,118,67,43,130,69,64,46,22,134" hai1="116,91,74,123,127,7,33,38,31,6,114,44,41" hai2="42,87,77,18,27,52,89,82,95,0,8,86,92" hai3="62,20,11,28,37,53,50,122,29,96,14,21,59"/><V13/><F0/><W128/><G122/><T60/><D134/><U48/><E116/><V99/><F42/><W2/><G37/><T115/><D115/><U129/><E123/><V17/><F27/><W112/><G128/><N who="0" m="49195" /><D118/><U63/><E127/><V9/><F52/><N who="3" m="34151" /><G96/><T132/><D132/><U26/><E114/><V83/><REACH who="2" step="1"/><F99/><REACH who="2" ten="373,114,253,250" step="2"/><W73/><G2/><T19/><D43/><U3/><E3/><V68/><F68/><W45/><G112/><T126/><D69/><U34/><E129/><V75/><F75/><W10/><G73/><T55/><D46/><U1/><E1/><V35/><F35/><W102/><G53/><T40/><D40/><U105/><E34/><V119/><F119/><W81/><G45/><T47/><D47/><U30/><E26/><V51/><F51/><W103/><G50/><T135/><D135/><U85/><E33/><V32/><F32/><W107/><G29/><T120/><D120/><U93/><E38/><V98/><F98/><W49/><G28/><T25/><D126/><U104/><E74/><V57/><F57/><W70/><G49/><T71/><D71/><U5/><E63/><V79/><F79/><W90/><G70/><T12/><D25/><U36/><E36/><V109/><F109/><W80/><G14/><AGARI ba="0,1" hai="8,9,13,14,17,18,77,82,83,86,87,89,92,95" machi="14" ten="40,7700,0" yaku="1,1,9,1,8,1,53,0" doraHai="106" doraHaiUra="133" who="2" fromWho="3" sc="373,0,114,0,253,87,250,-77" /><INIT seed="2,1,0,0,1,103" ten="373,114,340,173" oya="2" hai0="11,92,44,41,42,32,95,124,60,87,115,58,3" hai1="110,135,63,68,8,123,66,67,1,102,85,126,47" hai2="6,77,34,53,132,16,39,7,61,5,78,33,107" hai3="129,36,97,112,90,74,62,59,19,89,30,88,28"/><V101/><F39/><W21/><G129/><T84/><D115/><U12/><E1/><V45/><F132/><W4/><G112/><T104/><D104/><U52/><E135/><V127/><F127/><W121/><G121/><T51/><D32/><U76/><E126/><V108/><F108/><W122/><G122/><T22/><D3/><U133/><E133/><V73/><F34/><W80/><G36/><T50/><D124/><U17/><E123/><V125/><F33/><W43/><G43/><T24/><D11/><U79/><E110/><V96/><F125/><W120/><G4/><T57/><D42/><U35/><E35/><V75/><F16/><W15/><G120/><T37/><D51/><U70/><E102/><V71/><F45/><W109/><G109/><T106/><D106/><U130/><E130/><V0/><F0/><W117/><G117/><T93/><D37/><U128/><E85/><N who="0" m="32841" /><D60/><U25/><E25/><V54/><F71/><W94/><G74/><T131/><D131/><U65/><E128/><V100/><F61/><W116/><G116/><T38/><D38/><U134/><E134/><V31/><F31/><AGARI ba="1,0" hai="22,24,31,41,44,50,57,58,92,93,95" m="32841" machi="31" ten="30,1000,0" yaku="8,1" doraHai="103" who="0" fromWho="2" sc="373,13,114,0,340,-13,173,0" /><INIT seed="3,0,0,3,3,133" ten="386,114,327,173" oya="3" hai0="58,102,33,104,127,75,86,41,61,116,55,134,65" hai1="118,56,79,115,45,112,130,35,10,27,100,99,6" hai2="63,43,36,8,12,59,70,108,93,73,21,97,126" hai3="54,51,84,81,47,60,76,38,121,71,31,67,16"/><W103/><G121/><T98/><D116/><U14/><E79/><V128/><F70/><W111/><G111/><T87/><D75/><U64/><E45/><V85/><F73/><W122/><G122/><T19/><D33/><U72/><E72/><V4/><F128/><W48/><G31/><T40/><D134/><U50/><E50/><V95/><F36/><W5/><G5/><T101/><D101/><U3/><E118/><V105/><F43/><W20/><G103/><T114/><D114/><U135/><E135/><V44/><F105/><W53/><G38/><T7/><D7/><U68/><E56/><V46/><F108/><W89/><G76/><T106/><D106/><U17/><E130/><V23/><F85/><W30/><G30/><T1/><D1/><U132/><E132/><V74/><F95/><W83/><G83/><T62/><D19/><U88/><E88/><V124/><F74/><W119/><G119/><T107/><D107/><U69/><E69/><V96/><F44/><W2/><G2/><T123/><D123/><U52/><E52/><N who="2" m="34279" /><F46/><W77/><G77/><T42/><D87/><U92/><E3/><V109/><F109/><W80/><G80/><T22/><D86/><U28/><E6/><V13/><F13/><W32/><G54/><T9/><D55/><U131/><E131/><V0/><F0/><W120/><G53/><T18/><D42/><U110/><E110/><V15/><F15/><N who="3" m="9247" /><G71/><N who="0" m="42415" /><D41/><U37/><E37/><V49/><F49/><W11/><G51/><T29/><D40/><U90/><E100/><N who="2" m="60431" /><F97/><W24/><G120/><T78/><D98/><RYUUKYOKU ba="0,0" sc="386,-15,114,15,327,15,173,-15" hai1="10,14,17,27,28,35,64,68,90,92,99,112,115" hai2="4,8,12,21,23,124,126" owari="371,47.1,129,-37.1,342,14.2,158,-24.2" /></mjloggm>