<mjloggm ver="2.3"><GO type="225" lobby="0"/><UN n0="%72%61%6B%33" n1="%73%6C%69%63%6B%33%31%39" n2="%E9%81%85%E5%88%BB%E3%81%AE%E3%83%97%E3%83%AA%E3%83%B3%E3%82%B9%E2%99%AA" n3="%E6%80%AA%E3%81%97%E3%81%99%E3%81%8E%E3%82%8B%E3%83%81%E3%83%BC" dan="17,16,16,16" rate="2244.24,2198.39,2150.22,2140.90" sx="M,M,F,M"/><TAIKYOKU oya="0"/><INIT seed="0,0,0,5,5,84" ten="250,250,250,250" oya="0" hai0="95,23,3,73,27,110,113,130,93,92,86,126,15" hai1="68,134,125,9,29,101,57,120,128,80,35,33,24" hai2="66,63,107,87,39,18,55,108,116,121,48,102,124" hai3="132,106,40,62,51,81,122,114,100,94,77,5,14"/><T70/><D113/><U25/><E68/><V42/><F121/><W112/><G106/><T11/><D73/><U72/><E120/><V111/><F124/><W16/><G122/><T6/><D126/><U7/><E125/><V44/><F116/><W105/><G132/><T30/><D130/><U90/><E134/><V60/><F18/><W67/><G105/><T46/><D70/><U61/><E128/><V103/><F107/><W31/><G31/><T54/><D110/><N who="2" m="42026" /><F87/><W19/><G5/><T10/><D46/><U135/><E101/><N who="2" m="38411" /><F66/><W119/><G119/><T4/><REACH who="0" step="1"/><D54/><REACH who="0" ten="240,250,250,250" step="2"/><U104/><E135/><V133/><F133/><W20/><G112/><T88/><AGARI ba="0,1" hai="3,4,6,10,11,15,23,27,30,86,88,92,93,95" machi="88" ten="30,12000,1" yaku="1,1,2,1,0,1,52,1,54,1,53,0" doraHai="84" doraHaiUra="129" who="0" fromWho="0" sc="240,130,250,-40,250,-40,250,-40" /><INIT seed="0,1,0,4,0,104" ten="370,210,210,210" oya="0" hai0="72,60,9,74,100,79,126,49,96,80,65,69,56" hai1="120,110,35,32,90,33,7,93,39,99,55,26,48" hai2="108,83,106,19,92,25,87,131,24,23,115,52,103" hai3="134,11,53,117,73,89,10,81,4,43,28,38,91"/><T54/><D126/><U86/><E120/><V64/><F115/><W3/><G117/><T8/><REACH who="0" step="1"/><D74/><REACH who="0" ten="360,210,210,210" step="2"/><U135/><E135/><V45/><F131/><W67/><G134/><T113/><D113/><U1/><E110/><V122/><F108/><W5/><G73/><T34/><D34/><U129/><E33/><V121/><F122/><W46/><G67/><T119/><D119/><U94/><E32/><V62/><F121/><W128/><G128/><T95/><AGARI ba="1,1" hai="8,9,49,54,56,60,65,69,72,79,80,95,96,100" machi="95" ten="20,18000,2" yaku="1,1,0,1,7,1,52,1,53,2" doraHai="104" doraHaiUra="6" who="0" fromWho="0" sc="360,193,210,-61,210,-61,210,-61" /><INIT seed="0,2,0,2,3,105" ten="553,149,149,149" oya="0" hai0="78,8,38,85,42,82,134,80,93,71,90,101,31" hai1="81,129,52,6,16,40,108,32,13,11,95,27,109" hai2="47,102,22,91,124,88,60,1,122,10,66,28,128" hai3="2,35,15,123,0,98,29,115,18,67,45,96,19"/><T55/><D71/><U20/><E40/><V92/><F122/><W87/><G115/><T99/><D134/><U121/><E121/><V53/><F124/><W127/><G123/><T135/><D135/><U54/><E129/><V58/><F58/><W3/><G127/><T86/><D31/><N who="1" m="19583" /><E95/><V65/><F128/><W23/><G67/><N who="2" m="25609" /><F1/><W48/><G87/><T83/><D55/><U103/><E81/><V116/><F10/><W84/><G84/><N who="0" m="50439" /><D38/><U7/><E103/><V63/><F116/><W73/><G73/><N who="0" m="43343" /><D42/><U39/><E39/><V59/><F63/><W75/><G75/><T132/><D132/><U118/><E118/><V51/><F102/><W17/><G35/><T72/><D8/><N who="1" m="4247" /><E54/><N who="2" m="30079" /><F92/><W57/><G57/><T56/><D56/><U36/><E52/><V104/><F104/><W50/><G50/><T41/><D41/><U34/><E36/><V126/><F126/><W97/><REACH who="3" step="1"/><G29/><REACH who="3" ten="553,149,149,139" step="2"/><T12/><D72/><U120/><E34/><V21/><F28/><W69/><G69/><T14/><D83/><U33/><E33/><V44/><F44/><W110/><G110/><T119/><D119/><U100/><E120/><V4/><F4/><W111/><G111/><T62/><D85/><U37/><E37/><V64/><F64/><W113/><G113/><T94/><D62/><U5/><E109/><V107/><F107/><W130/><G130/><T79/><D79/><U112/><E112/><V9/><F59/><W24/><G24/><T77/><D77/><U26/><E108/><V25/><F25/><W49/><G49/><T74/><D74/><U114/><E114/><RYUUKYOKU ba="2,1" sc="553,15,149,-15,149,-15,139,15" hai0="12,14,86,93,94,99,101" hai3="0,2,3,15,17,18,19,23,45,48,96,97,98" /><INIT seed="0,3,1,4,5,133" ten="568,134,134,154" oya="0" hai0="82,4,17,36,37,6,80,65,54,42,15,110,132" hai1="61,56,23,67,52,81,68,129,134,9,94,109,46" hai2="20,62,18,106,117,27,53,59,63,51,70,87,108" hai3="34,93,119,120,100,30,44,69,102,104,66,84,107"/><T125/><D125/><U47/><E134/><V135/><F106/><W92/><G44/><T5/><D132/><U130/><E9/><V85/><F135/><W28/><G119/><T35/><D35/><U118/><E118/><V40/><F117/><W22/><G34/><T21/><D110/><U88/><E81/><V98/><F108/><W122/><G22/><T113/><D113/><U3/><E3/><V32/><F32/><W10/><G84/><N who="2" m="32329" /><F70/><W75/><G69/><T101/><D65/><U128/><E109/><V99/><F40/><W50/><G50/><T79/><D101/><U12/><E12/><V2/><F2/><W124/><G66/><T74/><D80/><U16/><E67/><N who="2" m="39391" /><F63/><W116/><G116/><T115/><D115/><U90/><E68/><V112/><F112/><W72/><REACH who="3" step="1"/><G10/><REACH who="3" ten="568,134,134,144" step="2"/><T39/><REACH who="0" step="1"/><D54/><REACH who="0" ten="558,134,134,144" step="2"/><U38/><E129/><V11/><F11/><W77/><G77/><T43/><AGARI ba="3,3" hai="4,5,6,15,17,21,36,37,39,42,43,74,79,82" machi="43" ten="40,7800,0" yaku="1,1,2,1,0,1,53,0" doraHai="133" doraHaiUra="114" who="0" fromWho="0" sc="558,117,134,-29,134,-29,144,-29" /><INIT seed="0,4,0,5,3,22" ten="675,105,105,115" oya="0" hai0="110,102,28,118,79,77,134,18,85,135,103,94,42" hai1="130,95,111,54,20,127,3,64,125,66,17,73,8" hai2="6,132,51,98,12,52,90,117,91,13,116,122,113" hai3="15,76,32,123,44,99,21,107,71,33,23,14,108"/><T72/><D42/><U45/><E73/><V35/><F122/><W36/><G123/><T60/><D60/><U55/><E111/><V88/><F113/><W16/><G71/><T119/><D18/><U114/><E114/><V133/><F35/><W41/><G108/><T24/><D110/><U30/><E130/><V86/><F98/><W58/><G76/><T101/><D72/><U25/><E95/><V67/><F67/><N who="1" m="25641" /><E45/><N who="2" m="27759" /><F86/><W131/><G131/><T128/><D128/><U78/><E78/><N who="0" m="29705" /><D24/><N who="1" m="14351" /><E8/><N who="2" m="4119" /><F13/><W56/><G32/><T31/><D85/><U93/><E93/><V106/><F106/><W69/><G33/><T68/><D94/><U47/><E47/><V61/><F61/><W129/><G69/><T97/><D97/><U46/><E46/><V96/><F96/><W124/><G129/><T50/><D68/><U80/><E80/><V121/><F121/><W19/><G124/><N who="1" m="47690" /><E3/><V29/><F29/><N who="0" m="11338" /><D50/><U10/><E10/><V26/><F26/><W100/><AGARI ba="4,0" hai="14,15,16,19,21,23,36,41,44,56,58,99,100,107" machi="100" ten="30,4000,0" yaku="0,1,9,1,54,1" doraHai="22" who="3" fromWho="3" sc="675,-24,105,-14,105,-14,115,52" /><INIT seed="1,0,0,0,0,82" ten="651,91,91,167" oya="1" hai0="54,59,90,124,114,117,77,63,100,29,84,87,95" hai1="55,20,42,58,127,66,15,128,33,68,51,83,44" hai2="112,88,89,92,75,28,119,4,48,71,94,18,133" hai3="30,27,9,109,43,19,62,99,93,38,39,97,101"/><U80/><E33/><V131/><F119/><W53/><G109/><T16/><D117/><U2/><E2/><V57/><F71/><W73/><G73/><T46/><D114/><U17/><E128/><V0/><F75/><W85/><G43/><T69/><D124/><U11/><E127/><V132/><F112/><W35/><G97/><T40/><D69/><U26/><E68/><V102/><F28/><W32/><G32/><T129/><D129/><U113/><E66/><V116/><F116/><W13/><G62/><T64/><D29/><U60/><REACH who="1" step="1"/><E113/><REACH who="1" ten="651,81,91,167" step="2"/><V86/><F132/><W121/><G121/><T22/><D64/><U104/><E104/><V111/><F133/><W74/><G35/><T120/><D120/><U41/><E41/><V45/><F111/><W50/><G38/><T72/><D40/><U67/><E67/><V107/><F131/><W79/><G39/><T81/><D100/><U31/><AGARI ba="0,1" hai="11,15,17,20,26,31,42,44,51,55,58,60,80,83" machi="31" ten="20,7800,0" yaku="1,1,0,1,7,1,8,1,53,0" doraHai="82" doraHaiUra="125" who="1" fromWho="1" sc="651,-26,81,88,91,-26,167,-26" /><INIT seed="1,1,0,4,0,76" ten="625,169,65,141" oya="1" hai0="105,19,116,12,81,15,32,41,101,97,8,60,29" hai1="42,63,123,79,74,30,67,72,68,119,69,113,2" hai2="66,82,120,98,87,89,44,106,99,126,64,39,127" hai3="107,55,25,9,53,6,16,35,18,61,43,86,96"/><U23/><E113/><V34/><F120/><W62/><G43/><T109/><D109/><U27/><E119/><V20/><F34/><W52/><G86/><T118/><D41/><U124/><E123/><V22/><F39/><W0/><G107/><T51/><D51/><U46/><E124/><N who="2" m="47659" /><F44/><W48/><G96/><N who="2" m="36905" /><F106/><W128/><G128/><T111/><D111/><U122/><E122/><V83/><F83/><W38/><G48/><T50/><D50/><U104/><E104/><V59/><F59/><W5/><G5/><T93/><D105/><U78/><E68/><V135/><F135/><W33/><G38/><T77/><D60/><U54/><E54/><V94/><F94/><W10/><G35/><T84/><REACH who="0" step="1"/><D15/><REACH who="0" ten="615,169,65,141" step="2"/><U28/><E42/><V90/><F90/><W92/><G61/><T13/><D13/><U65/><E63/><V91/><F91/><W36/><G62/><T4/><D4/><U100/><E67/><AGARI ba="1,1" hai="20,22,64,66,67,82,87,89" m="36905,47659" machi="67" ten="30,2000,0" yaku="18,1,52,1" doraHai="76" who="2" fromWho="1" sc="615,0,169,-23,65,33,141,0" /><INIT seed="2,0,0,4,4,85" ten="615,146,98,141" oya="2" hai0="57,102,18,100,82,67,121,74,87,83,72,93,8" hai1="117,65,114,15,2,51,44,55,32,104,129,37,73" hai2="36,60,34,21,94,41,119,77,126,128,47,39,66" hai3="80,103,11,43,23,5,112,1,130,20,108,4,50"/><V3/><F119/><W7/><G108/><T118/><D121/><U95/><E114/><V0/><F34/><W22/><G112/><T122/><D122/><U13/><E104/><V98/><F126/><W123/><G123/><T88/><D118/><U49/><E37/><V135/><F128/><W97/><G130/><T69/><D69/><U116/><E2/><V75/><F135/><W27/><G80/><N who="0" m="30763" /><D72/><U28/><E73/><V99/><F39/><W58/><G27/><T109/><D74/><U96/><E129/><V64/><F77/><W107/><REACH who="3" step="1"/><G58/><REACH who="3" ten="615,146,98,131" step="2"/><T113/><D109/><U101/><E116/><V46/><F75/><W89/><G89/><T24/><D113/><U134/><E117/><V62/><F36/><W78/><G78/><T14/><D24/><U110/><E110/><V111/><F111/><W53/><G53/><T17/><D17/><U33/><E134/><V127/><F127/><W48/><G48/><T76/><D76/><U19/><E49/><V84/><F41/><W132/><G132/><T9/><D9/><U29/><E19/><V38/><F38/><W124/><G124/><T54/><D67/><U106/><E65/><V52/><F52/><W133/><G133/><T42/><D42/><U30/><E55/><V59/><F59/><W71/><G71/><T120/><D120/><U125/><E125/><V25/><F25/><W79/><G79/><T86/><D86/><U61/><E51/><AGARI ba="0,1" hai="8,14,18,51,54,57,87,88,93,100,102" m="30763" machi="51" ten="30,3900,0" yaku="8,1,52,1,54,1" doraHai="85" who="0" fromWho="1" sc="615,49,146,-39,98,0,131,0" /><INIT seed="3,0,0,5,3,85" ten="664,107,98,131" oya="3" hai0="27,88,49,47,131,89,126,114,19,12,61,105,81" hai1="18,1,83,102,14,43,78,109,2,90,93,72,127" hai2="52,99,53,96,110,50,65,10,28,29,36,112,64" hai3="111,68,41,30,119,100,86,97,54,117,32,130,3"/><W77/><G3/><T87/><D126/><U124/><E109/><V82/><F112/><W84/><G68/><T135/><D114/><U4/><E43/><V45/><F36/><W46/><G54/><N who="2" m="21097" /><F110/><W115/><G130/><T118/><D118/><U101/><E4/><V11/><F82/><W75/><G115/><T6/><D135/><U57/><E57/><V113/><F113/><W63/><G111/><T116/><D105/><U122/><E1/><V5/><F50/><W120/><G63/><T132/><D116/><U33/><E33/><V80/><F80/><W24/><G120/><T79/><D132/><U0/><E122/><V39/><F39/><W76/><G75/><T74/><D74/><U56/><E56/><V95/><F45/><W42/><G42/><N who="0" m="24823" /><D131/><U66/><E0/><V62/><F99/><W125/><G125/><N who="1" m="48202" /><E2/><V121/><F121/><W8/><G117/><T123/><D123/><U134/><E134/><V71/><F71/><W7/><G119/><T35/><D35/><U98/><E66/><N who="2" m="25707" /><F62/><W70/><G70/><T22/><D61/><U23/><AGARI ba="0,0" hai="14,18,23,72,78,83,90,93,98,101,102" m="48202" machi="23" ten="30,2000,0" yaku="18,1,52,1" doraHai="85" who="1" fromWho="1" sc="664,-5,107,20,98,-5,131,-10" owari="659,75.9,127,-7.3,93,-40.7,121,-27.9" /></mjloggm>