<mjloggm ver="2.3"><GO type="225" lobby="0"/><UN n0="%6D%75%75%6D%75%72%61" n1="%E6%B4%BE%E9%81%A3%E3%81%AE%E3%82%B8%E3%83%A3%E3%83%83%E3%82%AF" n2="%E7%AD%89%E3%80%85%E5%8A%9B%E5%8A%87%E5%A0%B4" n3="%E3%83%8F%E3%82%AC%E3%82%BF%E3%82%AB%E3%81%AE%E3%81%88%E3%81%98%E3%81%8D" dan="16,16,16,16" rate="2136.03,2153.26,2128.03,2186.97" sx="F,M,M,M"/><TAIKYOKU oya="0"/><INIT seed="0,0,0,4,4,135" ten="250,250,250,250" oya="0" hai0="46,123,102,98,101,17,33,77,8,103,108,64,21" hai1="44,25,9,130,134,35,34,62,7,128,119,72,27" hai2="59,109,10,79,81,63,117,71,121,133,80,115,61" hai3="97,55,38,111,84,26,74,37,131,2,19,91,5"/><T13/><D123/><U96/><E72/><V100/><F115/><W28/><G74/><T11/><D33/><N who="1" m="12299" /><E96/><V89/><F121/><W0/><G111/><T32/><D32/><U18/><E62/><V65/><F133/><W58/><G28/><T30/><D108/><U113/><E44/><V68/><F109/><W57/><G97/><T83/><D64/><U48/><E48/><V40/><F117/><W16/><G5/><T90/><D46/><U86/><E86/><V87/><F100/><W82/><G58/><T78/><D30/><U85/><E85/><V66/><F40/><W95/><G0/><T126/><D83/><U1/><E134/><V20/><F59/><W12/><G2/><T129/><D129/><N who="1" m="49771" /><E119/><V45/><F45/><W69/><G69/><T29/><D126/><U93/><E93/><V118/><F118/><W114/><G114/><T107/><D107/><U124/><E113/><V132/><F132/><W54/><G54/><T31/><D31/><U24/><E124/><V127/><F127/><W41/><G41/><T104/><D29/><U53/><E53/><V4/><F80/><W22/><G82/><T42/><D42/><U3/><E3/><V110/><F110/><W99/><G131/><T47/><D47/><U56/><E56/><V51/><F79/><N who="0" m="30218" /><D104/><U6/><E6/><V36/><F71/><W73/><G84/><T50/><D50/><U70/><E70/><N who="2" m="42287" /><F51/><N who="3" m="30975" /><G73/><T112/><D112/><U52/><E52/><V92/><F81/><W39/><G39/><T49/><D49/><U23/><AGARI ba="0,0" hai="1,7,9,18,23,24,25,27" m="49771,12299" machi="23" ten="40,5200,0" yaku="19,1,34,2" doraHai="135" who="1" fromWho="1" sc="250,-26,250,52,250,-13,250,-13" /><INIT seed="1,0,0,0,5,90" ten="224,302,237,237" oya="1" hai0="131,35,110,2,99,48,81,84,96,65,116,38,28" hai1="4,123,59,60,9,71,7,135,69,78,125,95,16" hai2="44,12,94,74,92,18,46,106,50,43,64,127,93" hai3="112,72,32,23,39,6,5,14,57,120,118,82,36"/><U76/><E123/><V42/><F106/><W102/><G120/><T73/><D38/><U133/><E125/><V47/><F74/><W29/><G102/><T15/><D116/><U58/><E60/><V101/><F127/><W34/><G57/><T61/><D2/><U87/><E9/><N who="2" m="6415" /><F64/><W100/><G100/><T89/><D110/><U41/><E41/><N who="2" m="15371" /><F101/><W51/><G51/><AGARI ba="0,0" hai="44,46,47,50,51,92,93,94" m="15371,6415" machi="51" ten="40,8000,1" yaku="8,1,52,3" doraHai="90" who="2" fromWho="3" sc="224,0,302,0,237,80,237,-80" /><INIT seed="2,0,0,4,0,1" ten="224,302,317,157" oya="2" hai0="39,58,12,10,68,91,35,26,7,98,23,31,54" hai1="46,66,89,101,99,44,21,16,131,43,47,17,114" hai2="49,102,2,81,127,75,113,125,119,94,4,36,38" hai3="50,51,67,105,79,92,19,126,40,107,22,88,74"/><V120/><F113/><W9/><G126/><N who="2" m="48137" /><F119/><W62/><G79/><T14/><D68/><U15/><E114/><V24/><F120/><W65/><G74/><T111/><D111/><U117/><E117/><V64/><F64/><W45/><G51/><T18/><D39/><U5/><E131/><V95/><F24/><W132/><G9/><T108/><D108/><U28/><E66/><V80/><F49/><W69/><G67/><T41/><D41/><U96/><E43/><V112/><F112/><W103/><G103/><T6/><D98/><N who="1" m="37419" /><E89/><V116/><F116/><W123/><G132/><T122/><D91/><U85/><E85/><V13/><F2/><W134/><G134/><T77/><D77/><U73/><E73/><V30/><F30/><W33/><G33/><T78/><D78/><U20/><E101/><V60/><F60/><W121/><G121/><T27/><D122/><U72/><E72/><V3/><F3/><W84/><REACH who="3" step="1"/><G123/><REACH who="3" ten="224,302,317,147" step="2"/><T34/><D34/><U86/><E21/><V71/><F75/><W106/><G106/><T0/><D35/><U129/><E20/><V53/><F102/><W57/><G57/><T25/><D0/><U48/><E48/><V133/><F133/><W93/><G93/><N who="2" m="35337" /><F71/><W55/><G55/><T59/><D54/><U97/><E46/><V70/><F70/><W109/><G109/><T128/><D128/><U87/><E129/><V130/><F130/><W82/><G82/><N who="2" m="31849" /><F53/><W118/><G118/><T29/><D58/><U110/><E110/><V124/><F124/><W76/><G76/><T11/><D59/><U8/><E47/><RYUUKYOKU ba="0,1" sc="224,10,302,-30,317,10,147,10" hai0="6,7,10,11,12,14,18,23,25,26,27,29,31" hai2="4,13,36,38" hai3="19,22,40,45,50,62,65,69,84,88,92,105,107" /><INIT seed="2,1,1,5,5,3" ten="234,272,327,157" oya="2" hai0="111,36,55,69,86,118,37,41,99,104,58,60,85" hai1="128,90,113,10,75,100,83,107,71,95,64,110,89" hai2="79,12,59,54,43,65,77,18,34,121,1,62,25" hai3="27,63,23,70,91,40,20,32,22,93,26,17,68"/><V11/><F121/><W135/><G135/><T30/><D111/><U115/><E64/><V42/><F1/><W46/><G32/><T97/><D118/><U61/><E61/><V53/><F34/><W72/><G72/><T112/><D112/><U131/><E71/><V126/><F126/><W24/><G63/><T52/><D69/><U9/><E110/><V15/><F25/><W19/><G68/><T2/><D2/><U120/><E120/><V21/><F54/><W105/><G70/><T29/><D104/><U74/><E107/><V88/><F53/><W134/><G105/><T103/><D103/><U102/><E95/><V122/><F122/><W7/><G134/><T8/><D60/><U16/><E83/><V13/><F13/><W47/><G7/><T129/><D8/><U67/><E67/><V56/><F56/><W106/><G106/><T127/><D127/><U87/><E87/><V57/><F57/><W114/><G114/><T76/><D129/><U109/><E109/><V108/><F108/><W51/><REACH who="3" step="1"/><G47/><REACH who="3" ten="234,272,327,147" step="2"/><T49/><D58/><U0/><E0/><V130/><F59/><W14/><G14/><T6/><D6/><U92/><E113/><V119/><F62/><W101/><G101/><T28/><D76/><U81/><E115/><V78/><F65/><W124/><G124/><T45/><D45/><U98/><E128/><V82/><F130/><W117/><G117/><T96/><D49/><U38/><E131/><V66/><F119/><W116/><G116/><T35/><D35/><U39/><E100/><V44/><F66/><W33/><G33/><RYUUKYOKU ba="1,2" sc="234,-10,272,-10,327,-10,147,30" hai3="17,19,20,22,23,24,26,27,40,46,51,91,93" /><INIT seed="3,2,2,3,1,98" ten="224,262,317,177" oya="3" hai0="76,96,101,107,112,18,117,114,5,48,132,62,14" hai1="118,131,50,2,108,109,87,3,90,57,52,86,59" hai2="38,42,6,89,54,94,36,71,43,28,113,68,74" hai3="11,125,91,88,22,85,100,37,99,12,24,81,33"/><W130/><G33/><T126/><D117/><U97/><E118/><V123/><F113/><N who="0" m="43626" /><D126/><U51/><E131/><V82/><F123/><W21/><G125/><T120/><D120/><U44/><E97/><V127/><F127/><W56/><G130/><T95/><D132/><U102/><E102/><V124/><F124/><W119/><G119/><T93/><D76/><U134/><E134/><V20/><F6/><W105/><G37/><T80/><D80/><U104/><E104/><V121/><F121/><W27/><G91/><T10/><D48/><U55/><E90/><V26/><F38/><W15/><G56/><T16/><D62/><U34/><E34/><V65/><F74/><W9/><G9/><N who="0" m="6223" /><D18/><U47/><AGARI ba="2,2" hai="2,3,44,47,50,51,52,55,57,59,86,87,108,109" machi="47" ten="25,6400,0" yaku="0,1,22,2,54,1" doraHai="98" who="1" fromWho="1" sc="224,-18,262,90,317,-18,177,-34" owari="206,-19.4,352,45.2,299,9.9,143,-35.7" /></mjloggm>