<mjloggm ver="2.3"><GO type="225" lobby="0"/><UN n0="%E6%A1%9C%E8%8A%B1%E9%96%83%E3%80%85" n1="%38%63%E3%81%AF%E3%81%A3%E3%81%97%E3%83%BC" n2="%E3%82%A2%E3%82%A4%E3%82%B9%E3%83%86%E3%82%A3%E3%83%BC%E3%81%82%E3%81%B9" n3="%E3%81%8B%E3%82%8F%E3%81%A1%E3%82%83%E3%82%93%35%38" dan="17,16,16,16" rate="2133.96,2090.47,2083.10,2131.45" sx="M,M,M,M"/><TAIKYOKU oya="0"/><INIT seed="0,0,0,0,2,68" ten="250,250,250,250" oya="0" hai0="66,123,119,112,58,33,0,67,111,1,121,83,81" hai1="114,84,120,88,130,96,109,77,57,64,73,113,76" hai2="12,86,95,105,103,9,53,21,127,108,31,7,52" hai3="132,25,125,3,29,107,18,48,133,20,128,134,17"/><T97/><D112/><N who="1" m="43115" /><E64/><N who="0" m="24617" /><D58/><U36/><E57/><V6/><F127/><W69/><G107/><T30/><D97/><U13/><E13/><V23/><F105/><W94/><G69/><T106/><D106/><U41/><E41/><V122/><F122/><W63/><G63/><T37/><D30/><U78/><E36/><V43/><F43/><W80/><G80/><N who="0" m="30795" /><D37/><U93/><E120/><N who="0" m="46153" /><D33/><U38/><E38/><V16/><F31/><W40/><G94/><T92/><D92/><U124/><E96/><N who="2" m="59807" /><F108/><W19/><G40/><T116/><D111/><U15/><E15/><N who="2" m="5559" /><F7/><W11/><G48/><T71/><D71/><U117/><E109/><V51/><F86/><W104/><G104/><T98/><D98/><U8/><E8/><N who="2" m="6151" /><F53/><W129/><G125/><T45/><D45/><AGARI ba="0,0" hai="21,23,45,51,52" m="6151,5559,59807" machi="45" ten="30,3900,0" yaku="8,1,54,2" doraHai="68" who="2" fromWho="0" sc="250,-39,250,0,250,39,250,0" /><INIT seed="1,0,0,4,2,32" ten="211,250,289,250" oya="1" hai0="3,107,68,38,90,79,42,95,13,73,119,39,86" hai1="76,60,118,46,1,8,53,47,108,2,57,33,43" hai2="85,82,92,51,89,10,61,131,24,70,94,111,134" hai3="125,6,84,30,96,101,99,88,72,127,7,41,116"/><U28/><E118/><V100/><F111/><W52/><G72/><T50/><D119/><U91/><E108/><V26/><F134/><W9/><G116/><T122/><D68/><U11/><E76/><V64/><F131/><W109/><G109/><T74/><D122/><U123/><E123/><V23/><F51/><W126/><G41/><T37/><D107/><U112/><E112/><V14/><F100/><W81/><G30/><T98/><D13/><U54/><E91/><V65/><F65/><W4/><G96/><T35/><D35/><U106/><E106/><V16/><REACH who="2" step="1"/><F26/><REACH who="2" ten="211,250,279,250" step="2"/><W87/><G101/><T135/><D135/><U78/><E60/><V20/><F20/><W19/><G126/><T77/><D50/><U103/><E103/><V45/><F45/><W69/><G127/><T130/><D130/><U55/><E47/><V102/><F102/><W0/><G125/><T40/><D39/><U48/><E33/><V124/><F124/><W67/><G67/><T18/><D38/><U71/><E48/><V5/><AGARI ba="0,1" hai="5,10,14,16,23,24,61,64,70,82,85,89,92,94" machi="5" ten="20,5200,0" yaku="1,1,0,1,7,1,54,1,53,0" doraHai="32" doraHaiUra="49" who="2" fromWho="2" sc="211,-13,250,-26,279,62,250,-13" /><INIT seed="2,0,0,4,2,124" ten="198,224,341,237" oya="2" hai0="10,40,5,105,35,11,63,60,126,112,42,15,104" hai1="114,12,43,111,120,76,65,9,55,30,86,93,47" hai2="121,74,133,17,108,28,69,78,39,102,50,81,92" hai3="54,94,36,68,72,135,34,2,49,16,107,90,53"/><V83/><F121/><W26/><G36/><T97/><D35/><U59/><E114/><V130/><F39/><W109/><G107/><T79/><D79/><U0/><E0/><V84/><F28/><W99/><G2/><T64/><D126/><U101/><E120/><V51/><F69/><W33/><G72/><T70/><D112/><U82/><E111/><V96/><F130/><W66/><G109/><T24/><D24/><U38/><E65/><V62/><F133/><W27/><G135/><T46/><D63/><U132/><E30/><V3/><F3/><W87/><G27/><T67/><D67/><U73/><E132/><V56/><F17/><W116/><G116/><T115/><D115/><U98/><E73/><V80/><F108/><W88/><G66/><T6/><D97/><U77/><E77/><V89/><F81/><W103/><G68/><T110/><D42/><U45/><E43/><V52/><AGARI ba="0,0" hai="50,51,52,56,62,74,78,80,83,84,89,92,96,102" machi="52" ten="20,3900,0" yaku="0,1,7,1,54,1" doraHai="124" who="2" fromWho="2" sc="198,-13,224,-13,341,39,237,-13" /><INIT seed="2,1,0,3,2,48" ten="185,211,380,224" oya="2" hai0="6,69,35,2,92,95,65,33,5,0,27,82,132" hai1="116,10,120,24,113,31,131,68,43,64,133,111,107" hai2="12,73,110,76,108,88,79,40,119,124,123,75,57" hai3="86,77,56,112,105,93,30,16,67,51,71,63,135"/><V90/><F119/><W7/><G105/><T104/><D104/><U87/><E87/><V59/><F123/><W55/><G135/><T72/><D65/><U39/><E10/><V36/><F40/><W117/><G117/><T109/><D69/><U128/><E24/><V61/><F36/><W118/><G118/><T101/><D27/><U29/><E64/><V18/><F124/><W60/><G112/><T80/><D109/><N who="2" m="42090" /><F79/><W23/><G7/><T134/><REACH who="0" step="1"/><D101/><REACH who="0" ten="175,211,380,224" step="2"/><U14/><E68/><V83/><F75/><AGARI ba="1,1" hai="0,2,5,6,33,35,72,75,80,82,92,95,132,134" machi="75" ten="25,6400,0" yaku="1,1,2,1,22,2,53,0" doraHai="48" doraHaiUra="4" who="0" fromWho="2" sc="175,77,211,0,380,-67,224,0" /><INIT seed="3,0,0,4,2,52" ten="252,211,313,224" oya="3" hai0="88,9,126,1,78,120,67,82,36,115,3,57,101" hai1="113,100,11,105,84,71,47,58,6,25,122,124,31" hai2="56,55,28,12,81,93,42,5,29,91,69,80,98" hai3="112,123,53,19,75,21,68,44,22,131,35,108,30"/><W33/><G75/><T119/><D119/><U8/><E71/><V41/><F69/><W79/><G79/><T26/><D36/><U43/><E122/><V111/><F111/><W10/><G68/><T127/><D101/><U14/><E113/><V2/><F2/><W114/><G53/><T86/><D120/><U62/><E124/><N who="0" m="47657" /><D115/><N who="3" m="44073" /><G44/><T49/><D26/><U40/><E84/><V50/><F42/><W72/><G72/><N who="0" m="43335" /><D9/><U4/><E47/><V99/><F99/><W116/><G123/><T13/><D13/><U59/><E100/><V130/><F41/><W20/><G116/><T118/><D49/><U18/><E105/><V107/><F107/><W128/><G108/><T77/><D77/><U90/><E90/><V17/><F5/><W60/><G10/><T102/><D102/><U54/><E6/><V104/><F104/><W70/><G19/><T34/><D118/><U76/><E76/><V23/><F130/><N who="3" m="49707" /><G30/><AGARI ba="0,0" hai="12,17,23,28,29,30,50,55,56,80,81,91,93,98" machi="30" ten="40,2600,0" yaku="8,1,52,1" doraHai="52" who="2" fromWho="3" sc="252,0,211,0,313,26,224,-26" owari="252,5.2,211,-18.9,339,43.9,198,-30.2" /></mjloggm>