<mjloggm ver="2.3"><GO type="225" lobby="0"/><UN n0="%E3%81%86%E3%83%BC%E3%81%B1%E3%83%BC" n1="%E6%B4%BE%E9%81%A3%E3%81%AE%E3%82%B8%E3%83%A3%E3%83%83%E3%82%AF" n2="%72%61%6B%33" n3="%E6%BC%AB%E6%89%8D%E9%BA%BB%E5%B0%86%E5%91%86%E5%91%86" dan="16,16,18,16" rate="2158.69,2154.70,2203.50,2071.70" sx="F,M,M,F"/><TAIKYOKU oya="0"/><INIT seed="0,0,0,4,0,72" ten="250,250,250,250" oya="0" hai0="7,119,29,93,132,37,60,66,81,57,33,13,89" hai1="47,11,95,103,62,41,2,101,1,80,110,105,48" hai2="54,50,70,51,64,52,31,106,125,120,135,3,88" hai3="4,27,58,23,77,5,43,124,128,134,73,116,109"/><T131/><D119/><U75/><E110/><V98/><F120/><W123/><G116/><T36/><D132/><U24/><E105/><V91/><F3/><W94/><G109/><T104/><D104/><U100/><E62/><V35/><F135/><W18/><G134/><T129/><D81/><U40/><E40/><V76/><F125/><W46/><G124/><T79/><D79/><U21/><E95/><V26/><F76/><W113/><G113/><T111/><D111/><U8/><E8/><V6/><F6/><W15/><G123/><T71/><D71/><U85/><E75/><V32/><F32/><W112/><G112/><T12/><D29/><U9/><E2/><V74/><F74/><W30/><G94/><T22/><D33/><U39/><E39/><V99/><F51/><W96/><G96/><T17/><D12/><U83/><E83/><V127/><F127/><W84/><G73/><T108/><D7/><U126/><E1/><V107/><F99/><W121/><G58/><T55/><D66/><U44/><E44/><V56/><F54/><W59/><G59/><T114/><D114/><U102/><N who="1" m="25600" /><DORA hai="61" /><U68/><E68/><V28/><F28/><W19/><G121/><T42/><D108/><U63/><E63/><N who="2" m="40223" /><F98/><W34/><G18/><T130/><REACH who="0" step="1"/><D42/><REACH who="0" ten="240,250,250,250" step="2"/><U14/><E126/><V20/><F35/><W53/><G43/><T90/><D90/><N who="2" m="34346" /><F107/><W122/><G122/><T67/><D67/><U16/><E14/><V65/><F106/><W38/><G34/><T78/><D78/><AGARI ba="0,1" hai="9,11,16,21,24,41,47,48,78,80,85" m="25600" machi="78" ten="50,6400,0" yaku="8,1,52,1,54,1" doraHai="72,61" who="1" fromWho="0" sc="240,-64,250,74,250,0,250,0" /><INIT seed="1,0,0,4,1,34" ten="176,324,250,250" oya="1" hai0="94,129,114,37,43,1,85,121,29,4,113,77,11" hai1="58,86,74,5,14,99,73,19,128,36,10,33,42" hai2="21,132,72,26,126,134,88,2,69,8,122,25,68" hai3="125,70,30,7,39,38,40,17,109,82,41,44,111"/><U101/><E33/><V64/><F122/><W102/><G70/><T45/><D129/><U79/><E128/><V18/><F72/><W100/><G125/><T118/><D118/><U107/><E58/><V28/><F126/><W48/><G30/><T9/><D121/><U89/><E79/><V47/><F47/><N who="3" m="25703" /><G17/><T127/><D127/><U46/><REACH who="1" step="1"/><E5/><REACH who="1" ten="176,314,250,250" step="2"/><N who="2" m="1079" /><F69/><W97/><G7/><T15/><D77/><U62/><E62/><V12/><F68/><W83/><G39/><T117/><D117/><U87/><E87/><V98/><F64/><W110/><G100/><T35/><D35/><U124/><E124/><V81/><F98/><W135/><G135/><N who="2" m="51753" /><F28/><W13/><G13/><T6/><REACH who="0" step="1"/><D29/><REACH who="0" ten="166,314,250,250" step="2"/><U59/><E59/><V24/><F12/><W80/><G80/><AGARI ba="0,2" hai="10,14,19,36,42,46,73,74,80,86,89,99,101,107" machi="80" ten="30,2900,0" yaku="1,1,7,1,53,0" doraHai="34" doraHaiUra="3" who="1" fromWho="3" sc="166,0,314,49,250,0,250,-29" /><INIT seed="1,1,0,1,1,134" ten="166,363,250,221" oya="1" hai0="71,72,111,124,8,13,39,14,33,24,21,92,23" hai1="101,63,69,99,58,3,83,16,6,70,57,11,54" hai2="128,18,107,118,48,100,114,7,75,34,135,105,15" hai3="42,20,10,77,45,1,132,27,65,68,61,130,110"/><U17/><E83/><V2/><F48/><W26/><G132/><T96/><D39/><U85/><E85/><V47/><F47/><W129/><G110/><T38/><D38/><U95/><REACH who="1" step="1"/><E58/><REACH who="1" ten="166,353,250,221" step="2"/><V78/><F135/><W64/><G77/><T76/><D76/><U32/><E32/><V67/><F34/><W98/><G129/><T84/><D33/><U49/><E49/><V82/><F128/><W30/><G130/><T104/><D84/><U89/><E89/><V103/><F82/><W25/><G98/><T94/><D96/><U93/><E93/><V117/><F78/><W0/><G65/><T131/><D94/><U22/><E22/><V116/><F67/><W53/><G53/><T55/><D92/><U19/><AGARI ba="1,1" hai="3,6,11,16,17,19,54,57,63,69,70,95,99,101" machi="19" ten="30,6000,0" yaku="1,1,0,1,54,1,53,0" doraHai="134" doraHaiUra="119" who="1" fromWho="1" sc="166,-21,353,73,250,-21,221,-21" /><INIT seed="1,2,0,5,5,24" ten="145,426,229,200" oya="1" hai0="124,99,115,122,125,119,49,10,33,104,19,126,96" hai1="93,59,112,13,18,63,116,51,113,29,94,130,79" hai2="117,107,5,114,133,61,100,36,121,34,89,69,87" hai3="8,90,91,11,0,66,21,31,85,50,16,41,120"/><U60/><E116/><V62/><F5/><W68/><G120/><T56/><D115/><U135/><E130/><V2/><F87/><W37/><G37/><T123/><D33/><U6/><E6/><V101/><F89/><W106/><G106/><T134/><D104/><U46/><E79/><V97/><F97/><W45/><G68/><T47/><D56/><U55/><E135/><V30/><F34/><W23/><G0/><T83/><D83/><U127/><E127/><V82/><F82/><W42/><G66/><T40/><D119/><U132/><E132/><V103/><F36/><W54/><G42/><T80/><D80/><U129/><E129/><V14/><F2/><W70/><G41/><T67/><D67/><U108/><E108/><V75/><F75/><W3/><G70/><T4/><D19/><U77/><E77/><V95/><F107/><W32/><G32/><T53/><D40/><U39/><E39/><V52/><F69/><W17/><G3/><T84/><D84/><U86/><E86/><V71/><F71/><W76/><G76/><T128/><D128/><U78/><E78/><V102/><F114/><W1/><G1/><N who="0" m="271" /><D134/><U98/><E113/><V131/><F117/><W92/><G90/><T109/><D109/><U7/><E7/><V73/><F73/><W118/><G118/><T22/><D22/><N who="3" m="8201" /><G31/><T43/><D43/><U57/><E29/><V88/><F30/><W28/><G28/><T26/><D26/><U38/><E38/><V25/><F133/><W35/><G35/><T65/><D65/><U48/><E112/><V15/><F131/><RYUUKYOKU ba="2,0" sc="145,15,426,-15,229,-15,200,15" hai0="47,49,53,96,99,122,123,124,125,126" hai3="8,11,16,17,45,50,54,85,91,92" /><INIT seed="2,3,0,2,3,67" ten="160,411,214,215" oya="2" hai0="128,48,50,73,20,6,29,56,76,85,53,129,64" hai1="1,66,88,81,23,61,14,0,22,80,105,93,24" hai2="95,41,10,15,36,110,27,115,16,98,37,77,122" hai3="90,35,97,43,119,84,25,107,89,99,52,69,3"/><V30/><F115/><W70/><G119/><T26/><D73/><U31/><E105/><V96/><F122/><W2/><G43/><T134/><D134/><U9/><E22/><V7/><F110/><W121/><G121/><T74/><D74/><U17/><E0/><V71/><F71/><W63/><G107/><T86/><D64/><U102/><E102/><V82/><F7/><W47/><G47/><T8/><D48/><U33/><E33/><V114/><F114/><W133/><G133/><T12/><REACH who="0" step="1"/><D76/><REACH who="0" ten="150,411,214,215" step="2"/><U101/><E1/><V130/><F37/><W60/><G2/><T103/><D103/><U79/><E101/><V51/><F36/><W13/><G3/><T39/><D39/><U58/><E79/><V132/><F132/><W106/><G63/><T113/><D113/><U87/><AGARI ba="3,1" hai="9,14,17,23,24,31,58,61,66,80,81,87,88,93" machi="87" ten="20,5200,0" yaku="0,1,7,1,8,1,54,1" doraHai="67" who="1" fromWho="1" sc="150,-16,411,71,214,-29,215,-16" /><INIT seed="3,0,0,1,0,70" ten="134,482,185,199" oya="3" hai0="49,112,37,48,122,19,133,59,78,11,111,20,40" hai1="10,4,118,85,125,7,123,92,102,58,52,57,28" hai2="126,74,47,116,86,84,26,71,50,124,27,113,41" hai3="115,68,134,36,83,91,81,135,108,35,46,42,129"/><W73/><G115/><T104/><D104/><U2/><E7/><V76/><F113/><W63/><G129/><T24/><D112/><U117/><E123/><V80/><F116/><N who="1" m="44649" /><E125/><N who="2" m="48235" /><F71/><W51/><G35/><T130/><D122/><U62/><E28/><V105/><F105/><W5/><G5/><T25/><D130/><U43/><E43/><V128/><F128/><W53/><G108/><T14/><D111/><U6/><E58/><V90/><F74/><W96/><G73/><T17/><D133/><N who="3" m="50697" /><G96/><T21/><D59/><U127/><E127/><V106/><F106/><W75/><G91/><T101/><D78/><U15/><E85/><V94/><AGARI ba="0,0" hai="26,27,41,47,50,76,80,84,86,90,94" m="48235" machi="94" ten="30,1100,0" yaku="18,1" doraHai="70" who="2" fromWho="2" sc="134,-3,482,-3,185,11,199,-5" owari="131,-36.9,479,57.9,196,-0.4,194,-20.6" /></mjloggm>