<mjloggm ver="2.3"><GO type="225" lobby="0"/><UN n0="%33%74%72%65%65" n1="%79%75%72%69%6D%6F%67" n2="%E3%81%95%E3%81%8D%E3%81%9F%E3%81%BE%E6%9E%97%E6%AA%8E" n3="%E6%A1%9C%E8%8A%B1%E9%96%83%E3%80%85" dan="16,16,16,16" rate="2108.46,2155.08,2071.75,2226.51" sx="F,F,M,M"/><TAIKYOKU oya="0"/><INIT seed="0,0,0,3,1,73" ten="250,250,250,250" oya="0" hai0="54,121,57,62,85,25,126,11,76,124,13,34,60" hai1="65,135,64,128,71,38,22,114,75,9,49,53,12" hai2="48,117,99,94,4,14,61,92,113,47,0,100,42" hai3="79,35,37,110,21,45,24,31,1,107,5,102,69"/><T115/><D115/><U109/><E109/><V95/><F113/><W96/><G21/><T46/><D121/><U111/><E111/><V120/><F120/><W55/><G55/><T28/><D46/><U18/><E128/><V86/><F117/><W63/><G110/><T131/><D62/><U129/><E135/><V134/><F0/><W23/><G23/><T116/><D131/><U93/><E38/><V88/><F134/><W89/><G89/><T125/><D116/><U104/><E104/><V74/><F74/><W2/><G79/><T70/><D70/><U90/><E75/><V98/><F61/><W27/><G27/><T112/><D112/><U40/><E40/><V17/><F4/><W108/><G5/><N who="0" m="3311" /><D85/><U36/><E36/><V58/><F58/><W127/><G127/><T50/><D60/><U68/><E68/><V44/><F44/><W83/><G83/><T20/><D34/><U77/><E77/><AGARI ba="0,0" hai="20,25,28,50,54,57,76,77,124,125,126" m="3311" machi="77" ten="30,5800,0" yaku="18,1,52,2" doraHai="73" who="0" fromWho="1" sc="250,58,250,-58,250,0,250,0" /><INIT seed="0,1,0,5,0,4" ten="308,192,250,250" oya="0" hai0="106,49,131,0,66,1,22,23,95,88,55,80,8" hai1="57,99,18,87,119,6,35,133,114,42,15,105,96" hai2="52,9,43,19,69,102,91,33,107,117,61,28,24" hai3="84,11,111,126,10,78,67,40,127,90,100,113,58"/><T32/><D32/><U17/><E119/><V44/><F117/><W101/><G113/><T132/><D106/><U51/><E35/><V56/><F91/><W31/><G78/><T98/><D131/><U45/><E133/><V59/><F69/><W92/><G40/><T130/><D130/><U37/><E114/><V50/><F107/><W39/><G39/><T74/><D66/><U118/><E118/><V48/><F102/><N who="3" m="39531" /><G31/><T62/><D62/><U103/><E96/><V20/><F33/><W65/><G111/><T94/><D94/><U128/><E128/><V21/><F9/><N who="3" m="3083" /><G58/><T109/><D0/><U124/><E124/><AGARI ba="1,0" hai="65,67,84,90,92,124,126,127" m="3083,39531" machi="124" ten="30,7700,0" yaku="18,1,52,3" doraHai="4" who="3" fromWho="1" sc="308,0,192,-80,250,0,250,80" /><INIT seed="1,0,0,2,2,114" ten="308,112,250,330" oya="1" hai0="96,118,43,54,22,102,10,121,57,76,104,62,21" hai1="49,100,27,92,63,83,119,79,58,1,110,90,70" hai2="11,31,17,8,36,39,44,72,47,2,26,23,14" hai3="30,115,67,16,6,61,50,46,124,64,19,89,80"/><U101/><E1/><V85/><F72/><W116/><G115/><T129/><D118/><U20/><E70/><V132/><F132/><W111/><G111/><T97/><D129/><U38/><E119/><V52/><F2/><W84/><G116/><T95/><D121/><U41/><E38/><V25/><F39/><W4/><G124/><T78/><D43/><U125/><E125/><V56/><F36/><W45/><G30/><T126/><D126/><U94/><E110/><V130/><F130/><W7/><G46/><N who="2" m="17449" /><F26/><W105/><G105/><T112/><D112/><U122/><E49/><N who="2" m="30735" /><F85/><W98/><G98/><T120/><D120/><U9/><E41/><V28/><F11/><W32/><G32/><T133/><D133/><U128/><E9/><V29/><AGARI ba="0,0" hai="8,14,17,23,25,28,29,31" m="30735,17449" machi="29" ten="30,2000,0" yaku="8,1,54,1" doraHai="114" who="2" fromWho="2" sc="308,-5,112,-10,250,20,330,-5" /><INIT seed="2,0,0,3,2,44" ten="303,102,270,325" oya="2" hai0="85,15,63,61,99,39,8,29,42,80,26,19,72" hai1="74,3,120,38,88,100,24,13,9,90,83,82,123" hai2="106,135,7,129,46,109,52,119,14,10,97,71,126" hai3="121,134,54,95,22,81,102,12,58,101,76,96,32"/><V117/><F71/><W132/><G32/><T118/><D72/><U78/><E3/><V68/><F68/><W27/><G121/><N who="1" m="46666" /><E38/><V98/><F98/><W59/><G12/><T64/><D118/><U47/><E24/><V25/><F25/><W103/><G58/><T107/><D39/><U87/><E47/><V37/><F37/><W35/><G35/><T34/><D42/><U86/><E9/><V45/><F45/><W110/><G110/><T73/><D73/><U79/><E13/><V40/><F40/><W91/><G76/><T28/><D28/><U93/><E100/><V60/><F46/><W30/><REACH who="3" step="1"/><G81/><REACH who="3" ten="303,102,270,315" step="2"/><T51/><D80/><U70/><E70/><V0/><F14/><W6/><G6/><T69/><D69/><U48/><E48/><AGARI ba="0,1" hai="22,27,30,48,54,59,91,95,96,101,102,103,132,134" machi="48" ten="40,2600,0" yaku="1,1,52,1,53,0" doraHai="44" doraHaiUra="43" who="3" fromWho="1" sc="303,0,102,-26,270,0,315,36" /><INIT seed="3,0,0,4,0,55" ten="303,76,270,351" oya="3" hai0="3,5,78,108,6,114,117,27,101,122,58,38,127" hai1="28,123,20,11,76,62,70,124,7,41,91,1,31" hai2="75,33,109,0,118,57,65,97,71,18,119,106,130" hai3="9,66,44,131,68,50,115,85,84,61,48,80,126"/><W92/><G115/><T51/><D38/><U49/><E124/><V63/><F0/><W135/><G126/><T88/><D127/><U133/><E133/><V56/><F75/><W81/><G135/><T36/><D36/><U121/><E28/><V134/><F33/><W29/><G29/><T12/><D122/><U16/><E76/><V120/><F134/><W83/><G131/><T32/><D117/><N who="2" m="44554" /><F18/><W86/><G9/><T52/><D114/><U129/><E129/><V10/><F10/><W103/><G44/><T110/><D78/><U42/><E121/><V125/><F125/><W13/><G13/><T93/><D101/><U67/><E123/><V96/><F96/><W104/><G104/><T100/><D100/><U39/><E39/><V14/><F14/><W132/><G132/><T21/><D32/><U59/><E91/><V46/><F130/><W128/><G128/><T64/><D64/><U54/><REACH who="1" step="1"/><E31/><REACH who="1" ten="303,66,270,351" step="2"/><V82/><F120/><W90/><G103/><T17/><D3/><U53/><E53/><V2/><F2/><W74/><G74/><T47/><D110/><U77/><E77/><V95/><F109/><W19/><G90/><T35/><D108/><U69/><E69/><V98/><F71/><W79/><G68/><T4/><D35/><U43/><E43/><V15/><F106/><W23/><G79/><T116/><D116/><U112/><E112/><V73/><F73/><W60/><G66/><T34/><D34/><U72/><E72/><V40/><F40/><W111/><G111/><T102/><D102/><U30/><E30/><V89/><F65/><RYUUKYOKU ba="0,1" sc="303,-10,66,30,270,-10,351,-10" hai1="1,7,11,16,20,41,42,49,54,59,62,67,70" owari="293,9.3,96,-40.4,260,-14.0,351,45.1" /></mjloggm>