<mjloggm ver="2.3"><GO type="225" lobby="0"/><UN n0="%E9%A6%AC%E4%BA%86%E9%9A%94%E5%A3%81" n1="%E3%81%B2%E3%81%AA%E3%81%AE%E3%82%8A%E3%81%8F" n2="%72%69%6F%75%63%68%61%6E" n3="%6D%75%75%73%61%6E%6D%75" dan="18,17,16,16" rate="2204.96,2187.90,2165.70,2110.54" sx="M,M,M,F"/><TAIKYOKU oya="0"/><INIT seed="0,0,0,3,1,22" ten="250,250,250,250" oya="0" hai0="5,128,37,4,56,88,38,18,135,86,62,55,23" hai1="106,47,84,108,31,20,29,53,70,77,111,32,134" hai2="87,116,126,94,51,115,74,85,24,129,96,58,113" hai3="60,44,123,112,122,110,100,2,98,119,76,103,117"/><T102/><D128/><U81/><E106/><V50/><F129/><W66/><G2/><T12/><D135/><U133/><E32/><V6/><F74/><W33/><G112/><T69/><D69/><U42/><E70/><V104/><F126/><W39/><G76/><T82/><REACH who="0" step="1"/><D102/><REACH who="0" ten="240,250,250,250" step="2"/><U30/><E133/><V15/><F115/><W28/><G103/><T78/><D78/><U57/><E134/><V26/><F113/><W1/><G100/><T118/><D118/><U132/><E132/><V89/><F116/><W13/><G117/><T48/><D48/><N who="2" m="18474" /><F104/><W11/><G119/><T35/><D35/><U43/><E47/><V59/><F58/><W40/><G33/><T114/><D114/><U79/><E77/><V99/><F59/><W10/><G44/><T80/><D80/><U90/><E79/><V8/><F85/><W0/><G123/><T101/><D101/><U27/><E43/><V14/><F14/><W16/><G122/><T61/><D61/><N who="1" m="36015" /><E42/><V75/><F75/><W68/><G40/><T41/><D41/><U93/><E81/><V49/><N who="2" m="18482" /><V91/><DORA hai="52" /><F96/><W19/><G98/><T120/><D120/><U127/><E127/><V65/><F65/><W107/><G107/><T83/><D83/><AGARI ba="0,1" hai="6,8,15,24,26,83,87,89,91,94,99" m="18482" machi="83" ten="30,3900,0" yaku="8,1,52,2" doraHai="22,52" who="2" fromWho="0" sc="240,-39,250,0,250,49,250,0" /><INIT seed="1,0,0,0,5,100" ten="201,250,299,250" oya="1" hai0="21,53,58,118,79,120,84,52,18,37,101,104,44" hai1="114,80,2,15,83,64,34,116,85,62,42,3,91" hai2="4,32,67,87,14,59,106,27,54,23,129,29,51" hai3="48,119,56,115,113,124,132,75,127,49,43,81,17"/><U50/><E114/><V20/><F129/><W131/><G131/><T117/><D120/><U74/><E34/><V82/><F106/><W86/><G75/><T45/><D79/><U28/><E28/><V41/><F67/><W33/><G33/><T16/><D84/><U22/><E116/><V93/><F93/><W73/><G73/><T77/><D77/><U60/><E74/><V107/><F107/><W109/><G109/><T69/><D69/><U26/><E80/><V55/><F41/><W46/><G132/><T94/><D94/><U65/><E15/><V39/><F39/><W103/><G103/><T12/><D37/><U1/><E50/><V68/><F68/><W78/><G17/><T134/><D134/><U30/><REACH who="1" step="1"/><E42/><REACH who="1" ten="201,240,299,250" step="2"/><V6/><F32/><W95/><G119/><T128/><D128/><U47/><E47/><N who="2" m="28031" /><F14/><W0/><G113/><T24/><D118/><U38/><E38/><V9/><F9/><W108/><G115/><T133/><D117/><U76/><E76/><N who="2" m="46535" /><F20/><W121/><G121/><T35/><D133/><U63/><AGARI ba="0,1" hai="1,2,3,22,26,30,60,62,63,64,65,83,85,91" machi="63" ten="40,3900,0" yaku="1,1,0,1,53,0" doraHai="100" doraHaiUra="112" who="1" fromWho="1" sc="201,-13,240,49,299,-13,250,-13" /><INIT seed="1,1,0,5,4,107" ten="188,289,286,237" oya="1" hai0="62,85,100,134,70,117,36,33,12,41,121,83,1" hai1="54,130,131,108,37,93,69,65,74,46,109,86,68" hai2="122,24,11,80,13,95,59,125,28,64,113,61,79" hai3="49,2,42,35,39,96,16,129,53,112,105,81,26"/><U31/><E31/><V51/><F125/><W47/><G112/><T38/><D117/><U88/><E74/><V20/><F122/><W52/><G2/><T4/><D1/><U63/><E69/><V45/><F113/><W27/><G129/><N who="1" m="49162" /><E54/><V76/><F95/><W127/><G127/><T128/><D121/><U17/><E17/><V60/><F61/><W97/><G81/><T73/><D128/><U66/><E66/><V43/><REACH who="2" step="1"/><F80/><REACH who="2" ten="188,289,276,237" step="2"/><W114/><G114/><T58/><D62/><U48/><E48/><V19/><AGARI ba="1,1" hai="11,13,19,20,24,28,43,45,51,59,60,64,76,79" machi="19" ten="20,8000,1" yaku="1,1,2,1,0,1,7,1,8,1,53,0" doraHai="107" doraHaiUra="133" who="2" fromWho="2" sc="188,-21,289,-41,276,93,237,-21" /><INIT seed="2,0,0,4,1,78" ten="167,248,369,216" oya="2" hai0="38,135,93,88,104,15,42,41,52,70,28,55,97" hai1="77,118,0,126,51,96,110,92,17,113,16,60,115" hai2="90,34,130,3,117,82,69,40,68,109,129,21,49" hai3="72,132,100,44,43,99,111,36,83,127,67,26,79"/><V125/><F117/><W116/><G116/><T4/><D70/><U22/><E118/><V65/><F34/><W30/><G111/><T29/><D104/><U114/><E110/><V76/><F109/><W112/><G132/><T95/><D135/><U73/><E0/><V18/><F3/><W91/><G127/><T20/><D38/><U53/><E126/><V128/><F125/><W5/><G112/><T8/><D95/><U106/><E106/><V45/><F90/><W2/><G67/><T105/><D105/><U120/><E60/><V9/><F9/><W66/><G66/><T85/><D97/><U71/><E71/><V74/><REACH who="2" step="1"/><F65/><REACH who="2" ten="167,248,359,216" step="2"/><W39/><G2/><T133/><D133/><U27/><E115/><V75/><F75/><W25/><G91/><T46/><D20/><U108/><E108/><V24/><AGARI ba="0,1" hai="18,21,24,40,45,49,68,69,74,76,82,128,129,130" machi="24" ten="30,11700,0" yaku="1,1,0,1,19,1,52,1,53,0" doraHai="78" doraHaiUra="94" who="2" fromWho="2" sc="167,-39,248,-39,359,127,216,-39" /><INIT seed="2,1,0,2,4,123" ten="128,209,486,177" oya="2" hai0="0,8,21,89,77,109,57,96,75,113,9,105,11" hai1="22,101,118,66,127,83,31,51,126,97,94,54,82" hai2="55,85,38,25,56,112,19,78,95,81,53,36,59" hai3="69,88,132,104,86,62,130,116,39,65,26,117,27"/><V58/><F112/><W33/><G39/><T49/><D113/><U29/><E66/><V70/><F70/><W71/><G104/><T128/><D128/><U43/><E43/><V13/><F25/><W99/><G130/><T60/><D0/><U110/><E118/><V45/><F95/><W133/><G99/><T2/><D2/><U100/><E100/><V46/><F36/><W134/><G71/><T48/><D105/><U40/><E40/><V80/><F38/><W50/><G50/><T125/><D125/><N who="1" m="47627" /><E110/><V35/><F35/><W44/><G44/><N who="2" m="17001" /><F81/><N who="1" m="30729" /><E22/><AGARI ba="1,0" hai="13,19,22,53,55,56,58,59,78,80,85" m="17001" machi="22" ten="30,1500,0" yaku="8,1" doraHai="123" who="2" fromWho="1" sc="128,0,209,-18,486,18,177,0" /><INIT seed="2,2,0,4,5,57" ten="128,191,504,177" oya="2" hai0="73,133,82,108,36,40,103,53,42,51,119,114,13" hai1="81,129,33,34,2,95,88,39,16,15,68,64,110" hai2="127,97,84,104,9,76,70,85,24,80,30,37,100" hai3="1,19,109,54,116,92,18,106,59,115,134,117,86"/><V26/><F127/><W35/><G106/><T66/><D114/><U46/><E2/><V61/><F37/><W17/><G115/><T65/><D108/><U101/><E110/><V14/><F85/><W0/><G109/><T122/><D122/><U69/><E101/><V55/><F30/><W52/><G35/><T120/><D120/><U77/><E129/><V23/><F23/><W98/><G86/><T48/><D103/><U107/><E107/><V21/><F21/><W56/><G134/><T27/><D133/><U67/><E69/><V113/><F113/><W11/><G56/><T126/><D126/><U25/><E25/><V135/><F55/><W102/><G54/><T78/><D119/><U6/><E6/><V105/><F104/><W130/><G130/><T72/><D27/><U96/><E46/><V10/><F10/><W20/><G20/><T44/><D73/><U132/><E39/><V8/><F8/><W4/><REACH who="3" step="1"/><G1/><REACH who="3" ten="128,191,504,167" step="2"/><T45/><REACH who="0" step="1"/><D13/><REACH who="0" ten="118,191,504,167" step="2"/><U5/><E15/><V79/><F135/><W41/><G41/><T38/><D38/><U123/><E132/><V75/><F75/><W89/><G89/><T7/><D7/><U49/><E5/><V83/><F14/><W32/><G32/><T91/><D91/><U111/><E34/><V124/><F124/><W90/><G90/><T74/><D74/><U121/><E33/><V99/><F100/><W58/><G58/><AGARI ba="2,2" hai="36,40,42,44,45,48,51,53,58,65,66,72,78,82" machi="58" ten="30,2000,0" yaku="1,1,7,1,53,0" doraHai="57" doraHaiUra="93" who="0" fromWho="3" sc="118,46,191,0,504,0,167,-26" /><INIT seed="3,0,0,2,1,27" ten="164,191,504,141" oya="3" hai0="129,88,124,135,122,8,132,86,95,40,66,83,0" hai1="12,130,107,81,42,74,77,19,84,11,56,50,26" hai2="76,119,39,61,43,14,47,37,118,114,16,80,53" hai3="20,4,48,75,103,111,100,51,85,58,18,131,98"/><W71/><G75/><T113/><D122/><U36/><E107/><V30/><F114/><W72/><G72/><T126/><D113/><U91/><E36/><V6/><F37/><W123/><G71/><T57/><D40/><U63/><E130/><V13/><F30/><W121/><G131/><T54/><D66/><N who="1" m="39271" /><E74/><V64/><F53/><W9/><G111/><T109/><D109/><U28/><E26/><V17/><F6/><W108/><G108/><T69/><D69/><U115/><E115/><V73/><F13/><W97/><G85/><T34/><D34/><U31/><E91/><V15/><F15/><W49/><G58/><T22/><D22/><U96/><E96/><V10/><F17/><W99/><G121/><T87/><D129/><U33/><E33/><V1/><F1/><W46/><G46/><AGARI ba="0,0" hai="11,12,19,28,31,42,46,50,77,81,84" m="39271" machi="46" ten="30,3900,0" yaku="8,1,52,2" doraHai="27" who="1" fromWho="3" sc="164,0,191,39,504,0,141,-39" owari="164,-23.6,230,3.0,504,60.4,102,-39.8" /></mjloggm>