<mjloggm ver="2.3"><GO type="225" lobby="0"/><UN n0="%77%72%77%72%77%72%77%72" n1="%E6%A1%9C%E8%8A%B1%E9%96%83%E3%80%85" n2="%E3%81%82%E3%81%99%E3%81%AB%E3%82%83%E3%82%80" n3="%E3%81%B5%E3%81%98%E3%81%8B%E3%81%A4" dan="17,16,16,16" rate="2181.56,2130.18,2127.97,2157.68" sx="M,M,F,M"/><TAIKYOKU oya="0"/><INIT seed="0,0,0,2,1,121" ten="250,250,250,250" oya="0" hai0="133,118,11,32,79,112,91,40,25,84,33,57,114" hai1="90,16,13,21,69,115,15,43,12,130,38,29,101" hai2="127,76,98,8,26,125,129,35,102,65,116,9,104" hai3="89,111,31,46,82,23,56,48,62,7,19,44,58"/><T135/><D79/><U42/><E130/><V97/><F129/><W63/><G111/><T95/><D40/><U4/><E115/><V14/><F116/><W2/><G31/><T27/><D118/><U128/><E128/><V132/><F132/><N who="0" m="50762" /><D57/><U86/><E69/><V122/><F122/><W34/><G34/><N who="0" m="13419" /><D11/><N who="1" m="4199" /><E38/><V72/><F8/><W108/><G108/><T74/><D74/><U93/><E29/><N who="2" m="19895" /><F97/><W52/><G7/><T28/><D25/><U80/><E13/><V66/><F76/><W47/><G2/><T54/><D54/><U92/><E101/><V103/><F102/><W53/><G89/><T78/><D78/><N who="1" m="46359" /><E93/><V73/><F72/><W18/><G82/><T83/><D83/><U30/><E30/><V123/><F73/><W75/><G75/><T131/><D131/><U100/><E100/><V67/><F123/><W1/><G1/><T0/><D0/><U109/><E109/><V107/><F107/><W99/><G99/><AGARI ba="0,0" hai="15,16,21,42,43,90,92,99" m="46359,4199" machi="99" ten="30,2000,0" yaku="8,1,54,1" doraHai="121" who="1" fromWho="3" sc="250,0,250,20,250,0,250,-20" /><INIT seed="1,0,0,3,4,74" ten="250,270,250,230" oya="1" hai0="73,114,15,76,128,109,26,117,123,4,2,63,126" hai1="124,24,61,35,135,1,58,127,54,69,89,16,13" hai2="44,30,64,82,29,42,101,7,112,107,67,12,105" hai3="34,10,39,72,59,91,31,96,19,17,113,48,131"/><U94/><E1/><V60/><F112/><W118/><G113/><T110/><D114/><U121/><E121/><V95/><F67/><W18/><G39/><T103/><D117/><U92/><E69/><V41/><F82/><W22/><G72/><T50/><D123/><U80/><E135/><V66/><F66/><W21/><G118/><T56/><D103/><U90/><E35/><V97/><F42/><W71/><G71/><T78/><D2/><U125/><E24/><V77/><F77/><N who="0" m="29802" /><D73/><U84/><REACH who="1" step="1"/><E90/><REACH who="1" ten="250,260,250,230" step="2"/><V0/><F0/><W6/><G91/><T99/><D26/><U32/><E32/><V47/><F30/><W5/><G34/><T119/><D119/><U132/><E132/><V23/><F29/><W9/><G31/><T81/><D128/><U106/><E106/><V75/><F105/><W120/><G131/><T111/><D126/><U104/><E104/><V116/><F107/><W14/><G120/><T79/><D109/><U11/><AGARI ba="0,1" hai="11,13,16,54,58,61,80,84,89,92,94,124,125,127" machi="11" ten="30,11700,0" yaku="1,1,0,1,18,1,54,1,53,0" doraHai="74" doraHaiUra="102" who="1" fromWho="1" sc="250,-39,260,127,250,-39,230,-39" /><INIT seed="1,1,0,1,5,69" ten="211,387,211,191" oya="1" hai0="129,29,54,100,116,93,130,50,31,30,131,59,40" hai1="18,113,71,66,89,86,48,8,101,106,24,114,98" hai2="33,3,0,94,79,95,74,88,77,134,96,120,105" hai3="21,12,111,72,125,56,7,10,102,57,45,61,132"/><U42/><E48/><V97/><F33/><W84/><G72/><T53/><D40/><U16/><E42/><V46/><F46/><W107/><G111/><T104/><D116/><U17/><E8/><V5/><F5/><W55/><G125/><T123/><D123/><U112/><E24/><V108/><F108/><W23/><G132/><T64/><D104/><U119/><E119/><V103/><F3/><W68/><G68/><T34/><D34/><U65/><REACH who="1" step="1"/><E71/><REACH who="1" ten="211,377,211,191" step="2"/><V99/><F120/><W85/><G45/><T121/><D121/><U15/><E15/><V25/><F0/><W60/><G23/><T90/><D50/><U62/><E62/><V124/><F25/><W80/><G21/><T82/><D131/><U133/><E133/><V36/><F134/><W6/><G61/><T126/><D130/><U47/><E47/><V2/><F2/><W4/><G57/><T9/><D129/><U87/><E87/><N who="2" m="52511" /><F124/><W32/><G85/><T83/><D126/><U13/><E13/><V19/><F19/><W51/><G60/><T11/><D59/><U37/><E37/><V110/><F36/><W122/><G32/><T38/><D38/><U27/><E27/><V70/><F70/><W117/><G122/><T35/><D35/><U20/><E20/><V1/><F1/><W135/><G117/><T81/><D9/><U14/><E14/><V127/><F127/><W75/><G135/><T92/><D11/><U76/><E76/><N who="2" m="29259" /><F110/><W41/><G41/><T22/><D22/><U115/><N who="1" m="28672" /><DORA hai="28" /><U118/><E118/><V58/><F58/><W49/><G56/><RYUUKYOKU ba="1,1" sc="211,-10,377,30,211,-10,191,-10" hai1="16,17,18,65,66,86,89,98,101,106" /><INIT seed="1,2,1,5,1,39" ten="201,407,201,181" oya="1" hai0="78,29,21,128,61,94,59,56,18,125,36,9,65" hai1="100,96,91,62,40,1,57,3,121,104,32,49,51" hai2="11,4,25,123,2,24,134,72,34,93,118,119,23" hai3="5,55,69,135,0,35,113,110,8,124,68,52,109"/><U86/><E121/><V58/><F72/><W82/><G113/><T73/><D128/><U133/><E133/><V28/><F134/><W50/><G135/><T38/><D125/><U7/><E32/><V97/><F58/><W48/><G35/><T63/><D29/><U127/><E127/><V84/><F84/><W107/><G107/><T105/><D105/><U26/><E26/><V27/><F27/><W102/><G102/><T103/><D9/><U70/><E70/><V126/><F123/><W17/><G82/><T10/><D10/><U95/><E7/><V6/><F6/><W44/><G17/><T60/><D60/><U98/><E98/><V132/><F126/><W129/><G129/><T116/><D116/><U16/><E16/><V88/><REACH who="2" step="1"/><F132/><REACH who="2" ten="201,407,191,181" step="2"/><W53/><G124/><T114/><D114/><U80/><E57/><V87/><F87/><W76/><G76/><T106/><D78/><U131/><E86/><V122/><F122/><W90/><G69/><T31/><D73/><U43/><E131/><V115/><F115/><W54/><G68/><T120/><D120/><U22/><E3/><V19/><AGARI ba="2,2" hai="2,4,11,19,23,24,25,28,34,88,93,97,118,119" machi="19" ten="20,5200,0" yaku="1,1,0,1,7,1,54,1,53,0" doraHai="39" doraHaiUra="64" who="2" fromWho="2" sc="201,-15,407,-28,191,78,181,-15" /><INIT seed="2,0,0,1,2,130" ten="186,379,269,166" oya="2" hai0="55,84,65,3,44,107,75,87,48,19,32,43,10" hai1="128,67,69,94,52,12,99,61,5,7,66,116,79" hai2="26,134,57,34,31,20,90,95,1,113,53,30,76" hai3="59,28,72,23,89,2,91,33,131,42,121,108,13"/><V106/><F106/><W70/><G121/><T133/><D107/><U14/><E116/><V92/><F1/><W68/><G2/><T122/><D122/><U125/><E125/><V35/><F113/><W47/><G72/><T85/><D32/><U102/><E128/><V54/><F76/><W58/><G131/><T96/><D75/><U11/><E79/><V36/><F36/><W82/><G108/><T117/><D117/><U24/><E24/><V63/><F31/><W97/><G33/><T6/><D65/><U109/><E109/><V80/><F80/><W60/><G59/><T51/><D96/><U104/><E104/><V21/><F34/><W22/><G22/><T74/><D74/><U38/><E38/><V101/><F134/><W27/><G13/><T4/><D133/><U132/><E132/><V114/><F114/><W88/><G97/><T16/><REACH who="0" step="1"/><D6/><REACH who="0" ten="176,379,269,166" step="2"/><U62/><E7/><V29/><F35/><W112/><G112/><T115/><D115/><U8/><E5/><V127/><F127/><W129/><G129/><T83/><D83/><U120/><E120/><V118/><F118/><W39/><REACH who="3" step="1"/><G82/><REACH who="3" ten="176,379,269,156" step="2"/><T45/><AGARI ba="0,2" hai="3,4,10,16,19,43,44,45,48,51,55,84,85,87" machi="45" ten="30,7900,0" yaku="1,1,0,1,54,1,53,1" doraHai="130" doraHaiUra="0" who="0" fromWho="0" sc="176,99,379,-20,269,-39,156,-20" /><INIT seed="3,0,0,2,5,102" ten="275,359,230,136" oya="3" hai0="63,58,128,92,29,16,73,113,64,50,9,77,75" hai1="78,44,57,103,42,90,22,132,91,133,118,134,110" hai2="101,129,122,23,13,70,131,30,83,82,34,81,55" hai3="61,54,45,94,46,88,4,27,119,66,69,38,62"/><W121/><G119/><T112/><D128/><N who="2" m="49226" /><F70/><W107/><G121/><T1/><D29/><U11/><E110/><V41/><F41/><W48/><G107/><T87/><D50/><N who="1" m="26903" /><E118/><V26/><F122/><W2/><G27/><T85/><D92/><U15/><E103/><V51/><F101/><W120/><G120/><T79/><D87/><U74/><E22/><V59/><F13/><W7/><G2/><T98/><D98/><U14/><E57/><V37/><F37/><W43/><REACH who="3" step="1"/><G61/><REACH who="3" ten="275,359,230,126" step="2"/><N who="0" m="37943" /><D1/><U104/><E104/><V19/><F34/><W28/><G28/><AGARI ba="0,1" hai="19,23,26,28,30,51,55,59,81,82,83" m="49226" machi="28" ten="30,1000,0" yaku="19,1" doraHai="102" who="2" fromWho="3" sc="275,0,359,0,230,20,126,-10" owari="275,7.5,359,45.9,250,-15.0,116,-38.4" /></mjloggm>