<mjloggm ver="2.3"><GO type="225" lobby="0"/><UN n0="%E3%81%9F%E3%81%93%E2%98%86%E7%84%BC%E3%81%8D" n1="%72%69%6F%75%63%68%61%6E" n2="%E6%80%AA%E3%81%97%E3%81%99%E3%81%8E%E3%82%8B%E3%83%81%E3%83%BC" n3="%E5%B8%86%E7%AB%8B%E5%A4%8F%E8%A1%A3" dan="16,17,16,17" rate="2113.83,2290.89,2092.89,2136.94" sx="M,M,M,M"/><TAIKYOKU oya="0"/><INIT seed="0,0,0,0,3,48" ten="250,250,250,250" oya="0" hai0="124,83,9,86,16,111,74,65,69,43,110,119,23" hai1="102,24,50,47,129,46,121,71,20,22,100,32,104" hai2="18,113,35,51,57,87,75,68,112,85,0,39,37" hai3="49,11,99,30,80,5,105,107,101,28,60,40,97"/><T90/><D119/><U125/><E129/><V34/><F75/><W10/><G60/><N who="0" m="40103" /><D43/><U12/><E125/><V89/><F68/><W133/><G133/><T108/><D9/><U33/><E121/><V53/><F0/><W8/><G5/><T131/><D74/><U4/><E71/><V26/><F87/><W73/><G73/><T27/><D131/><U67/><E67/><V42/><F34/><W41/><G80/><T114/><D124/><U132/><E132/><V44/><F37/><W94/><G107/><T59/><D59/><U61/><E61/><V98/><F98/><W58/><G41/><T103/><D103/><U88/><E104/><V17/><F35/><W45/><REACH who="3" step="1"/><G58/><REACH who="3" ten="250,250,250,240" step="2"/><T1/><D1/><U25/><E47/><V56/><F57/><W77/><G77/><T54/><D54/><U15/><E46/><V62/><F112/><AGARI ba="0,1" hai="16,23,27,83,86,90,108,110,111,112,114" m="40103" machi="112" ten="30,5800,0" yaku="14,1,10,1,54,1" doraHai="48" who="0" fromWho="2" sc="250,68,250,0,250,-58,240,0" /><INIT seed="0,1,0,0,5,88" ten="318,250,192,240" oya="0" hai0="46,79,82,58,117,17,51,73,75,135,93,89,105" hai1="81,130,125,55,13,113,65,14,6,68,25,91,5" hai2="127,33,122,44,45,106,60,95,52,41,10,56,31" hai3="18,69,3,22,1,119,118,15,104,64,7,72,47"/><T8/><D105/><U108/><E108/><V59/><F106/><W86/><G72/><T66/><D117/><N who="3" m="44553" /><G47/><T53/><D135/><U42/><E125/><V114/><F114/><W115/><G86/><T30/><D30/><U37/><E130/><V85/><F122/><W131/><G64/><T124/><D75/><U101/><E113/><V19/><F127/><W2/><G69/><T99/><D124/><U71/><E101/><V107/><F107/><W90/><G90/><T111/><D111/><U39/><E25/><V54/><F33/><W98/><G98/><T11/><D17/><U94/><E81/><V112/><F31/><W63/><G63/><T67/><D67/><U26/><E26/><V61/><F112/><W50/><G50/><T76/><D79/><U80/><E80/><V128/><F128/><W38/><G38/><T100/><D100/><U32/><E32/><V48/><F44/><W28/><G104/><T83/><D82/><U84/><E55/><V12/><F85/><W4/><G115/><T120/><D120/><U34/><E34/><V27/><F27/><N who="3" m="16503" /><G131/><T116/><D116/><U20/><E42/><V35/><F35/><W29/><G29/><T133/><D133/><U0/><E65/><V102/><F102/><W21/><AGARI ba="1,0" hai="1,2,3,4,7,15,18,21" m="16503,44553" machi="21" ten="40,2700,0" yaku="34,2" doraHai="88" who="3" fromWho="3" sc="318,-14,250,-8,192,-8,240,30" /><INIT seed="1,0,0,0,2,124" ten="304,242,184,270" oya="1" hai0="32,96,135,57,76,125,85,5,58,68,4,13,79" hai1="116,123,122,127,88,99,36,93,102,47,70,121,0" hai2="107,126,114,43,49,119,52,120,60,112,1,54,64" hai3="51,22,24,97,94,18,56,91,115,74,6,10,11"/><U9/><E127/><V20/><F107/><W2/><G115/><N who="2" m="44073" /><F1/><W100/><G74/><T7/><D68/><U3/><E116/><V83/><F83/><W134/><G134/><T80/><D32/><U33/><E70/><N who="2" m="42247" /><F20/><W103/><G11/><T109/><D109/><U45/><E33/><V75/><F75/><W16/><G18/><T86/><D96/><U133/><E133/><V23/><F23/><W42/><G42/><T61/><D57/><U118/><E118/><V8/><F8/><W27/><G24/><T90/><D125/><U82/><E36/><V110/><F126/><W117/><G117/><T19/><D86/><U130/><E130/><V34/><F34/><W129/><G129/><T12/><D135/><U15/><E0/><V108/><F119/><W89/><G89/><T29/><D29/><U66/><E66/><V131/><F120/><W84/><G84/><T111/><D111/><N who="2" m="42538" /><F131/><W53/><AGARI ba="0,0" hai="2,6,10,16,22,27,51,53,56,91,94,97,100,103" machi="53" ten="30,2000,0" yaku="0,1,54,1" doraHai="124" who="3" fromWho="3" sc="304,-5,242,-10,184,-5,270,20" /><INIT seed="2,0,0,0,1,59" ten="299,232,179,290" oya="2" hai0="53,49,83,128,38,51,96,3,4,48,11,47,56" hai1="133,108,44,92,5,93,115,130,65,104,50,10,16" hai2="77,132,91,45,123,87,18,55,37,119,58,29,1" hai3="39,60,40,81,126,114,68,57,97,30,129,106,109"/><V107/><F119/><W100/><G109/><T27/><D128/><U118/><E115/><V17/><F123/><W42/><G126/><T117/><D117/><U95/><E118/><V13/><F132/><W110/><G110/><T70/><D70/><U34/><E108/><V72/><F1/><W116/><G116/><T66/><D66/><U22/><E34/><V26/><F107/><W73/><G114/><T124/><D124/><U127/><E127/><V12/><F72/><W20/><G129/><T120/><D96/><U0/><E130/><V122/><F77/><W79/><G68/><T111/><D120/><U41/><E104/><V76/><F76/><W71/><G71/><T28/><D83/><U75/><E65/><V94/><F122/><W103/><G39/><T6/><D6/><U99/><E75/><V135/><F135/><W33/><G33/><T112/><D112/><U86/><E133/><V134/><F134/><W19/><G103/><T36/><D49/><U32/><E32/><V89/><F89/><W46/><G30/><T24/><D24/><U84/><REACH who="1" step="1"/><E99/><REACH who="1" ten="299,222,179,290" step="2"/><V43/><F13/><AGARI ba="0,1" hai="0,5,10,13,16,22,41,44,50,84,86,92,93,95" machi="13" ten="40,5200,0" yaku="1,1,2,1,54,1,53,0" doraHai="59" doraHaiUra="113" who="1" fromWho="2" sc="299,0,222,62,179,-52,290,0" /><INIT seed="3,0,0,2,5,25" ten="299,284,127,290" oya="3" hai0="83,81,94,92,23,109,88,102,127,67,21,110,32" hai1="56,7,11,105,75,69,106,9,48,99,14,3,17" hai2="18,86,16,73,63,84,108,130,42,82,129,104,116" hai3="117,62,121,97,103,72,43,4,114,57,52,59,123"/><W53/><G114/><T90/><D32/><U61/><E75/><V126/><F116/><W66/><G117/><T41/><D41/><U134/><E134/><V31/><F108/><N who="0" m="41578" /><D67/><U125/><E125/><V50/><F126/><W29/><G72/><T120/><D102/><U38/><E38/><V118/><F104/><W107/><G43/><T74/><D120/><U133/><E133/><V132/><F118/><W0/><G29/><T100/><D100/><U85/><E99/><V128/><F132/><W54/><REACH who="3" step="1"/><G59/><REACH who="3" ten="299,284,127,280" step="2"/><T113/><D74/><U101/><E101/><V34/><F73/><W91/><G91/><N who="0" m="34859" /><D113/><U33/><E33/><V2/><F42/><W22/><G22/><N who="0" m="8203" /><D127/><U115/><E115/><V45/><F34/><W15/><G15/><T87/><D81/><U13/><E13/><V39/><F82/><W40/><G40/><T6/><D6/><U77/><E69/><V47/><F39/><W60/><G60/><T8/><D8/><AGARI ba="0,1" hai="0,4,8,52,53,54,57,62,66,97,103,107,121,123" machi="8" ten="40,7700,0" yaku="1,1,54,1,53,1" doraHai="25" doraHaiUra="58" who="3" fromWho="0" sc="299,-77,284,0,127,0,280,87" owari="222,-17.8,284,8.4,127,-37.3,367,46.7" /></mjloggm>