<mjloggm ver="2.3"><GO type="225" lobby="0"/><UN n0="%E3%81%A9%E3%82%93%E3%82%88%E3%81%8F%4D%6B%2E%32" n1="%31%38%63%6D%E7%AB%8B%E7%9B%B4%E6%A3%92" n2="%E3%81%82%E3%81%99%E3%81%AB%E3%82%83%E3%82%80" n3="%E3%81%86%E3%83%BC%E3%81%B1%E3%83%BC" dan="16,16,16,16" rate="2169.54,2098.68,2158.09,2188.25" sx="M,M,F,M"/><TAIKYOKU oya="0"/><INIT seed="0,0,0,1,4,79" ten="250,250,250,250" oya="0" hai0="83,77,86,118,28,31,20,36,130,43,93,49,126" hai1="70,18,8,129,133,42,95,98,111,104,64,119,9" hai2="29,46,12,66,87,78,85,84,0,48,34,96,113" hai3="55,7,25,121,100,109,26,16,19,69,122,117,22"/><T106/><D106/><U41/><E119/><V17/><F0/><W101/><G117/><T54/><D118/><U1/><E104/><V71/><F113/><W80/><G69/><T14/><D126/><U92/><E64/><V11/><F71/><W102/><G109/><T67/><D67/><U75/><E70/><V33/><F66/><W97/><G97/><T124/><D124/><U37/><E75/><V127/><F127/><W81/><G7/><T53/><D130/><U110/><E129/><V47/><F78/><W128/><G128/><T6/><D36/><U123/><E123/><N who="3" m="47114" /><G55/><N who="0" m="21003" /><D93/><U38/><E98/><V30/><F96/><W103/><N who="3" m="25600" /><DORA hai="91" /><W120/><N who="3" m="47122" /><W59/><DORA hai="15" /><G59/><T114/><D114/><U73/><E1/><V51/><F33/><W56/><G56/><T4/><D4/><U90/><E73/><V44/><REACH who="2" step="1"/><F34/><REACH who="2" ten="250,250,240,250" step="2"/><W10/><G10/><N who="0" m="4439" /><D20/><AGARI ba="0,1" hai="16,19,20,22,25,26,80,81" m="25600,47122" machi="20" ten="60,12000,2" yaku="13,1,52,4,54,1" doraHai="79,91,15" who="3" fromWho="0" sc="250,-120,250,0,240,0,250,130" /><INIT seed="1,0,0,1,0,80" ten="130,250,240,380" oya="1" hai0="75,45,113,76,99,85,90,3,98,111,118,28,100" hai1="103,125,93,18,89,69,49,128,19,5,44,116,0" hai2="42,17,30,74,7,115,46,84,63,119,96,31,72" hai3="105,37,91,47,132,133,36,126,114,38,27,123,79"/><U35/><E116/><V43/><F119/><W15/><G123/><T60/><D3/><U40/><E125/><V25/><F115/><W121/><G121/><T13/><D118/><U67/><E103/><V131/><F131/><W130/><G114/><T16/><D113/><U64/><E128/><V59/><F7/><W4/><G79/><T110/><D28/><U26/><E5/><V52/><F74/><W124/><G105/><T81/><D45/><U6/><E6/><V9/><F72/><W135/><G130/><T41/><D41/><N who="2" m="15370" /><F96/><W32/><G47/><T14/><D14/><U86/><E0/><V57/><F46/><W20/><G91/><T22/><D60/><U102/><E102/><V106/><F106/><W66/><G66/><T58/><D58/><U71/><E64/><V24/><F59/><W78/><G78/><T54/><D54/><U29/><REACH who="1" step="1"/><E67/><REACH who="1" ten="130,240,240,380" step="2"/><V87/><F31/><N who="3" m="19583" /><G4/><T1/><D1/><U117/><E117/><V101/><F30/><W134/><G134/><T127/><D127/><U12/><E12/><N who="2" m="7311" /><F101/><W109/><G126/><T82/><REACH who="0" step="1"/><D99/><REACH who="0" ten="120,240,240,380" step="2"/><U94/><E94/><AGARI ba="0,2" hai="13,16,22,75,76,81,82,85,90,94,98,100,110,111" machi="94" ten="40,8000,1" yaku="1,1,2,1,52,1,54,1,53,1" doraHai="80" doraHaiUra="92" who="0" fromWho="1" sc="120,100,240,-80,240,0,380,0" /><INIT seed="2,0,0,5,2,93" ten="220,160,240,380" oya="2" hai0="47,16,2,104,21,74,117,33,131,110,99,116,109" hai1="77,107,85,95,60,119,91,134,100,111,114,113,128" hai2="82,68,10,36,69,22,1,39,75,67,70,54,135" hai3="102,26,79,84,18,78,63,29,66,94,46,81,28"/><V115/><F115/><W53/><G79/><T3/><D74/><U52/><E119/><N who="0" m="45641" /><D33/><U25/><E128/><V43/><F67/><W73/><G46/><T14/><D47/><U23/><E134/><V13/><F135/><W30/><G53/><T96/><D131/><U20/><E111/><N who="0" m="42505" /><D104/><U108/><E108/><V61/><F43/><W19/><G26/><T83/><D83/><U103/><E77/><V31/><F1/><AGARI ba="0,0" hai="1,2,3,14,16,21,96,99" m="42505,45641" machi="1" ten="40,8000,1" yaku="12,1,14,1,52,2,54,1" doraHai="93" who="0" fromWho="2" sc="220,80,160,0,240,-80,380,0" /><INIT seed="3,0,0,3,4,36" ten="300,160,160,380" oya="3" hai0="29,15,25,8,26,52,84,54,31,4,69,17,100" hai1="70,113,96,55,5,2,93,106,89,64,126,41,81" hai2="13,77,72,10,53,78,9,120,88,90,91,61,108" hai3="62,43,122,33,121,51,112,19,68,125,95,27,80"/><W111/><G112/><T116/><D116/><U45/><E113/><V3/><F108/><W105/><G105/><T109/><D69/><U110/><E110/><V16/><F72/><W97/><G80/><T21/><D109/><U59/><E106/><V92/><F120/><W28/><G19/><T50/><D100/><U18/><E2/><V20/><F92/><W102/><G125/><T119/><D119/><U38/><E5/><V101/><F101/><W35/><G35/><T63/><D63/><N who="1" m="40223" /><E18/><V134/><F134/><W130/><G130/><T135/><D135/><U115/><E115/><V32/><F32/><W47/><G111/><T118/><D118/><U12/><E12/><V76/><F3/><W6/><G6/><T71/><D71/><U37/><E37/><V46/><F61/><W85/><G85/><T132/><D132/><U131/><E81/><V75/><F75/><W128/><G128/><T117/><D117/><U56/><E56/><V14/><F14/><W67/><AGARI ba="0,0" hai="27,28,33,43,47,51,62,67,68,95,97,102,121,122" machi="67" ten="30,3000,0" yaku="0,1,52,1" doraHai="36" who="3" fromWho="3" sc="300,-10,160,-10,160,-10,380,30" owari="290,9.0,150,-25.0,150,-35.0,410,51.0" /></mjloggm>