<mjloggm ver="2.3"><GO type="225" lobby="0"/><UN n0="%E6%B8%A1%E5%A4%A9%E8%97%8D" n1="%E8%A8%88%E7%AE%97%E6%A9%9F%E8%87%AA%E7%84%B6" n2="%72%69%6F%75%63%68%61%6E" n3="%E3%83%A8%E3%82%B7%E3%83%AF" dan="16,17,16,17" rate="2140.55,2188.59,2185.71,2180.07" sx="M,M,M,M"/><TAIKYOKU oya="0"/><INIT seed="0,0,0,1,2,95" ten="250,250,250,250" oya="0" hai0="71,20,117,17,25,44,0,107,16,111,38,126,52" hai1="124,63,22,9,67,121,68,130,59,31,128,45,92" hai2="118,129,29,84,122,119,14,91,86,98,3,132,78" hai3="21,99,70,41,11,101,94,82,96,42,109,53,120"/><T108/><D117/><N who="2" m="44554" /><F3/><W79/><G109/><N who="0" m="42059" /><D0/><U33/><E121/><V50/><F122/><W58/><G70/><T88/><D71/><U2/><E33/><V39/><F39/><W18/><G11/><T115/><D115/><U26/><E124/><V69/><F69/><W100/><G120/><T60/><D126/><U46/><E68/><V102/><F29/><W37/><G37/><T77/><D77/><U19/><E92/><N who="2" m="58695" /><F50/><W23/><G82/><T105/><D17/><U1/><E2/><V135/><F14/><W62/><G79/><T15/><D15/><N who="1" m="7663" /><E1/><V89/><F129/><AGARI ba="0,0" hai="22,26,31,45,46,59,63,67,128,129,130" m="7663" machi="129" ten="30,1000,0" yaku="19,1" doraHai="95" who="1" fromWho="2" sc="250,0,250,10,250,-10,250,0" /><INIT seed="1,0,0,2,5,27" ten="250,260,240,250" oya="1" hai0="67,57,42,79,97,36,47,80,90,87,6,44,30" hai1="46,103,70,59,83,12,92,121,64,50,45,81,95" hai2="53,41,122,60,105,38,49,17,54,25,132,71,34" hai3="100,63,2,116,88,131,89,75,33,98,31,21,43"/><U9/><BYE who="3" /><E70/><V126/><F122/><W123/><G123/><T13/><D30/><UN n3="%E3%83%A8%E3%82%B7%E3%83%AF" /><U112/><E112/><V1/><F1/><W37/><G2/><T108/><D108/><U72/><E121/><V55/><F126/><W74/><G131/><T86/><D97/><N who="1" m="59815" /><E72/><V56/><F132/><W69/><G116/><T61/><D36/><U96/><E59/><V127/><F127/><W10/><G10/><N who="0" m="4311" /><D42/><N who="1" m="24887" /><E64/><N who="2" m="41351" /><F105/><N who="3" m="63639" /><G21/><T20/><D20/><U135/><E46/><N who="2" m="23863" /><F17/><W58/><G58/><T66/><D66/><U114/><E114/><V107/><F107/><W19/><G19/><T120/><D120/><U23/><E135/><V52/><F25/><W117/><G117/><T78/><BYE who="3" /><D78/><U51/><E23/><V124/><F124/><UN n3="%E3%83%A8%E3%82%B7%E3%83%AF" /><W101/><G101/><T119/><D119/><U82/><E9/><V28/><F34/><W24/><G89/><T93/><AGARI ba="0,0" hai="44,47,57,61,67,79,80,86,87,90,93" m="4311" machi="93" ten="30,1100,0" yaku="8,1" doraHai="27" who="0" fromWho="0" sc="250,11,260,-5,240,-3,250,-3" /><INIT seed="2,0,0,1,2,97" ten="261,255,237,247" oya="2" hai0="118,54,38,78,134,127,129,21,107,124,8,126,28" hai1="45,85,56,109,119,79,31,68,88,0,77,99,36" hai2="133,71,101,13,63,83,32,49,34,46,57,82,12" hai3="43,33,67,81,2,14,37,108,29,74,35,110,135"/><V91/><F71/><W59/><G2/><T40/><D118/><U112/><E68/><V3/><F133/><W103/><G14/><N who="2" m="5737" /><F32/><W53/><G67/><T116/><D116/><U104/><E119/><V39/><F34/><W115/><G115/><T93/><D107/><U92/><E0/><V61/><F39/><W98/><G29/><T9/><D134/><U120/><E120/><V128/><F3/><W111/><G135/><T60/><D129/><U125/><E112/><V41/><F128/><W84/><G74/><T17/><D28/><U80/><E109/><V18/><F101/><W70/><G70/><T75/><D40/><U86/><E125/><V52/><F18/><W22/><G22/><T25/><D38/><U65/><E31/><V76/><F76/><N who="3" m="46119" /><G43/><T58/><REACH who="0" step="1"/><D93/><REACH who="0" ten="251,255,237,247" step="2"/><U102/><E36/><V114/><F114/><W100/><G37/><T51/><D51/><U24/><E92/><V94/><F61/><N who="3" m="36079" /><G100/><T20/><D20/><U123/><E104/><AGARI ba="0,1" hai="33,35,98,103,104,108,110,111" m="36079,46119" machi="104" ten="30,2000,0" yaku="14,1,52,1" doraHai="97" who="3" fromWho="1" sc="251,0,255,-20,237,0,247,30" /><INIT seed="3,0,0,4,1,79" ten="251,235,237,277" oya="3" hai0="30,10,58,15,88,40,80,107,60,83,125,110,131" hai1="114,39,71,35,94,49,67,51,13,9,56,104,73" hai2="89,55,102,34,42,6,50,48,128,84,108,109,11" hai3="16,46,101,29,64,3,91,100,99,32,105,43,86"/><W47/><G3/><T70/><D70/><U5/><E104/><V41/><F128/><W96/><G64/><T116/><D107/><U44/><E114/><V45/><F34/><W92/><G32/><T1/><D1/><U36/><E35/><V115/><F115/><W69/><G69/><T26/><D116/><U7/><E73/><V113/><F102/><W4/><G29/><T85/><D131/><U87/><E71/><V97/><F97/><W24/><G4/><N who="0" m="3527" /><D110/><N who="2" m="42602" /><F48/><N who="3" m="26719" /><G47/><T90/><D40/><U59/><E5/><V121/><F121/><W62/><G62/><T61/><D125/><U117/><E117/><V134/><F134/><W132/><G132/><T53/><D60/><N who="1" m="38279" /><E39/><V38/><F113/><W126/><G126/><T52/><D53/><N who="1" m="32175" /><E36/><V122/><F122/><W0/><G0/><T28/><D26/><U103/><E103/><N who="3" m="39498" /><G105/><T2/><D2/><U65/><E65/><V93/><F38/><W78/><G78/><T19/><D19/><U119/><E119/><V18/><F6/><W63/><G63/><T33/><D33/><U135/><E135/><V66/><F66/><W23/><AGARI ba="0,0" hai="16,23,24,86,91,92,96,99" m="39498,26719" machi="23" ten="30,3000,0" yaku="8,1,54,1" doraHai="79" who="3" fromWho="3" sc="251,-10,235,-10,237,-10,277,30" owari="241,4.1,225,-27.5,227,-17.3,307,40.7" /></mjloggm>