<mjloggm ver="2.3"><GO type="225" lobby="0"/><UN n0="%6B%6F%64%61%6D%61%6E%37" n1="%E4%BF%BA%E3%81%A8%E5%A6%96%E5%A4%A2" n2="%E3%81%B5%E3%81%98%E3%81%8B%E3%81%A4" n3="%72%69%6F%75%63%68%61%6E" dan="16,17,16,16" rate="2088.55,2188.86,2143.53,2265.06" sx="M,F,M,M"/><TAIKYOKU oya="0"/><INIT seed="0,0,0,4,0,54" ten="250,250,250,250" oya="0" hai0="32,97,53,81,135,45,39,26,67,61,115,106,7" hai1="66,43,101,33,120,18,94,104,4,20,113,122,100" hai2="0,131,91,35,40,121,38,50,2,22,110,112,21" hai3="73,129,118,9,102,127,19,36,84,62,3,134,47"/><T48/><D115/><U25/><E104/><V56/><F112/><W65/><G118/><T117/><D117/><U75/><E113/><V71/><F121/><W90/><G73/><T85/><D135/><U68/><E75/><V23/><F35/><W64/><G134/><T11/><D39/><U125/><E33/><V107/><F107/><W126/><G129/><T88/><D97/><U76/><E76/><V128/><F71/><W82/><G102/><T105/><D26/><U37/><E125/><N who="3" m="47626" /><G19/><T6/><D32/><U109/><E109/><V116/><F110/><W99/><G99/><T79/><D79/><U124/><E124/><V92/><F38/><W57/><G9/><T52/><D53/><U13/><E101/><V74/><F74/><W8/><G8/><T46/><D46/><U49/><E100/><V10/><F40/><N who="3" m="22919" /><G3/><T60/><D60/><U83/><E18/><V93/><F10/><W111/><G111/><T24/><D24/><U17/><E25/><V51/><F116/><W44/><G44/><T42/><D42/><U12/><E43/><V77/><F77/><W28/><G65/><T34/><D34/><U14/><E66/><V63/><F23/><W108/><G108/><T133/><D133/><U55/><E20/><V72/><F72/><W1/><G1/><T96/><D96/><U103/><E37/><V130/><F2/><W30/><AGARI ba="0,0" hai="28,30,57,62,64,82,84,90" m="22919,47626" machi="30" ten="30,2000,0" yaku="18,1,52,1" doraHai="54" who="3" fromWho="3" sc="250,-10,250,-5,250,-5,250,20" /><INIT seed="1,0,0,0,5,48" ten="240,245,245,270" oya="1" hai0="92,33,27,107,76,35,26,38,132,123,72,23,20" hai1="124,8,93,109,55,10,44,63,94,80,29,58,82" hai2="65,77,120,85,133,15,131,30,49,45,117,19,0" hai3="17,75,101,89,66,71,32,88,119,130,12,110,111"/><U69/><E124/><V97/><F120/><W43/><G130/><T90/><D123/><U102/><E69/><V42/><F117/><W129/><G129/><T121/><D121/><U2/><E109/><N who="3" m="41482" /><G32/><T135/><D107/><U9/><E2/><V60/><F131/><W46/><G75/><T56/><D38/><U115/><E115/><V118/><F118/><W122/><G122/><T24/><D72/><U37/><E29/><V7/><F7/><W114/><G119/><T61/><D76/><U13/><E93/><V99/><F30/><W11/><G114/><T112/><D112/><U40/><REACH who="1" step="1"/><E13/><REACH who="1" ten="240,235,245,270" step="2"/><V78/><F0/><W67/><G71/><T98/><D33/><U34/><E34/><V59/><F133/><N who="0" m="51274" /><D35/><U54/><E54/><AGARI ba="0,1" hai="20,23,24,26,27,54,56,61,90,92,98" m="51274" machi="54" ten="30,2000,0" yaku="20,1,52,1" doraHai="48" who="0" fromWho="1" sc="240,30,235,-20,245,0,270,0" /><INIT seed="2,0,0,2,0,110" ten="270,215,245,270" oya="2" hai0="85,113,114,13,46,117,116,3,118,127,133,52,84" hai1="108,94,26,80,54,87,16,78,56,48,5,132,30" hai2="37,7,100,35,70,82,111,99,74,79,23,75,21" hai3="119,24,22,59,83,38,32,77,123,86,29,27,101"/><V34/><F111/><W60/><G123/><T20/><D133/><U126/><E108/><V15/><F23/><W134/><G38/><T104/><D104/><U10/><E132/><V103/><F74/><W62/><G134/><T44/><D127/><U109/><E109/><V98/><F70/><W9/><G119/><T96/><D96/><U90/><E126/><V93/><F37/><W42/><G42/><T97/><D97/><U135/><E135/><V51/><F51/><W14/><G101/><T131/><D131/><U19/><E30/><V69/><F69/><W8/><G14/><T107/><D107/><U53/><E53/><V122/><F122/><W63/><REACH who="3" step="1"/><G59/><REACH who="3" ten="270,215,245,260" step="2"/><T73/><D3/><U50/><E26/><V88/><F103/><W25/><G25/><T124/><D124/><U2/><REACH who="1" step="1"/><E48/><REACH who="1" ten="270,205,245,260" step="2"/><V121/><F121/><W45/><G45/><T43/><D46/><U89/><E89/><V55/><F100/><W129/><G129/><T81/><D44/><U33/><E33/><V71/><F35/><W67/><G67/><T17/><D117/><U95/><E95/><V112/><F34/><W92/><G92/><T61/><D116/><U130/><E130/><V47/><F93/><W36/><G36/><T120/><D118/><U12/><E12/><V64/><F15/><W91/><G91/><T57/><D13/><U106/><E106/><V76/><F88/><W1/><G1/><T68/><D120/><U49/><E49/><N who="2" m="29119" /><F64/><W0/><G0/><T31/><D43/><U115/><E115/><V128/><F112/><W4/><G4/><T40/><D114/><RYUUKYOKU ba="0,2" sc="270,-15,205,15,245,-15,260,15" hai1="2,5,10,16,19,50,54,56,78,80,87,90,94" hai3="8,9,22,24,27,29,32,60,62,63,77,83,86" /><INIT seed="3,1,2,0,3,108" ten="255,220,230,275" oya="3" hai0="35,16,62,50,111,102,9,118,71,126,79,49,58" hai1="96,51,134,63,37,21,4,101,11,120,87,66,56" hai2="93,64,57,41,132,86,1,47,84,12,123,67,107" hai3="105,43,54,23,55,30,22,13,106,73,42,99,74"/><W104/><G99/><T117/><D35/><U135/><E120/><V76/><F107/><W92/><G92/><T83/><D111/><U121/><E121/><V69/><F69/><W39/><G13/><N who="0" m="7215" /><D71/><U34/><E34/><V91/><F1/><W31/><G106/><T128/><D128/><U77/><E37/><AGARI ba="1,2" hai="22,23,30,31,37,39,42,43,54,55,73,74,104,105" machi="37" ten="25,2400,0" yaku="22,2" doraHai="108" who="3" fromWho="1" sc="255,0,220,-27,230,0,275,47" owari="255,5.5,193,-30.7,230,-17.0,322,42.2" /></mjloggm>