<mjloggm ver="2.3"><GO type="225" lobby="0"/><UN n0="%E5%B0%8F%E9%B3%A5%E9%81%8A%E7%B7%B4%E7%84%A1%32%31%E6%AD%B3" n1="%72%61%6B%33" n2="%E3%81%86%E3%83%BC%E3%81%B1%E3%83%BC" n3="%43%68%65" dan="16,17,17,16" rate="2187.06,2141.63,2147.32,2175.76" sx="F,M,M,M"/><TAIKYOKU oya="0"/><INIT seed="0,0,0,0,2,94" ten="250,250,250,250" oya="0" hai0="58,35,49,30,67,0,77,39,10,33,68,121,70" hai1="24,115,7,48,28,84,72,22,3,127,16,25,102" hai2="53,132,118,43,93,14,75,83,13,73,9,44,41" hai3="57,108,104,99,2,37,80,100,92,128,29,51,90"/><T11/><D39/><U97/><E72/><V123/><F123/><W59/><G37/><T6/><D121/><U106/><E127/><V81/><F132/><W135/><G135/><T34/><D30/><U91/><E115/><V113/><F113/><W45/><G108/><T4/><D77/><U126/><E126/><V31/><F118/><W130/><G2/><T103/><D103/><U17/><E48/><N who="2" m="28807" /><F73/><W79/><G29/><T125/><D125/><U116/><E116/><V26/><F75/><W8/><G8/><T55/><REACH who="0" step="1"/><D67/><REACH who="0" ten="240,250,250,250" step="2"/><U82/><REACH who="1" step="1"/><E24/><REACH who="1" ten="240,240,250,250" step="2"/><V88/><F26/><W32/><G130/><T112/><D112/><U117/><E117/><V89/><F14/><AGARI ba="0,2" hai="0,4,6,10,11,14,33,34,35,49,55,58,68,70" machi="14" ten="40,7700,0" yaku="1,1,53,2" doraHai="94" doraHaiUra="1" who="0" fromWho="2" sc="240,97,240,0,250,-77,250,0" /><INIT seed="0,1,0,4,3,106" ten="337,240,173,250" oya="0" hai0="83,52,61,79,22,95,120,128,110,77,30,76,116" hai1="13,65,91,33,29,122,17,132,4,20,129,59,34" hai2="38,44,96,23,119,92,97,113,49,107,53,55,10" hai3="114,43,64,104,56,35,125,66,100,27,117,25,62"/><T2/><D2/><U80/><E122/><V135/><F113/><W108/><G114/><T19/><D116/><U94/><E129/><V41/><F135/><W50/><G117/><T71/><D120/><U6/><E132/><V15/><F119/><W105/><G108/><T0/><D0/><U99/><E34/><V70/><F70/><W123/><G125/><T69/><D128/><U112/><E112/><V60/><F60/><W78/><G123/><T40/><D40/><U126/><E126/><V28/><F107/><W98/><G105/><T1/><D1/><U58/><E33/><V68/><F68/><W93/><G104/><T88/><D30/><U48/><E29/><V115/><F115/><W133/><G133/><T54/><D83/><U127/><E127/><V103/><F97/><W8/><G35/><T74/><D110/><U9/><E4/><N who="2" m="3527" /><F38/><W87/><G8/><T12/><D74/><U37/><E37/><V89/><F103/><W26/><G66/><T102/><D102/><U31/><E31/><V86/><F96/><W42/><G50/><T5/><D5/><U75/><E48/><V82/><F82/><AGARI ba="1,0" hai="25,26,27,42,43,56,62,64,78,82,87,93,98,100" machi="82" ten="40,1300,0" yaku="8,1" doraHai="106" who="3" fromWho="2" sc="337,0,240,0,173,-16,250,16" /><INIT seed="1,0,0,1,1,50" ten="337,240,157,266" oya="1" hai0="40,61,7,74,31,105,3,112,19,71,85,108,94" hai1="9,119,25,117,68,12,75,36,32,51,76,41,17" hai2="109,21,64,33,96,93,38,24,100,18,22,128,133" hai3="23,132,84,60,34,115,15,35,120,111,47,82,126"/><U28/><E68/><V106/><F109/><W57/><G115/><T59/><D108/><U95/><E36/><V13/><F133/><W103/><G120/><T80/><D31/><U87/><E75/><V102/><F128/><W27/><G111/><T118/><D19/><U52/><E41/><V116/><F116/><W81/><G126/><T65/><D94/><U48/><E51/><V14/><F38/><W11/><G47/><T113/><D105/><U62/><E62/><V70/><F33/><W1/><G1/><T56/><D85/><U37/><E37/><V54/><F102/><W0/><G0/><T46/><D56/><U135/><E135/><V129/><F129/><W78/><G82/><T45/><D45/><U125/><E125/><V42/><F42/><W131/><G103/><T4/><D4/><U44/><REACH who="1" step="1"/><E76/><REACH who="1" ten="337,230,157,266" step="2"/><V99/><F70/><W79/><G79/><N who="0" m="44151" /><D118/><U97/><E97/><V91/><F64/><W53/><G132/><T122/><D122/><U5/><E5/><V98/><F99/><W30/><G131/><T73/><D73/><U8/><E8/><V69/><F69/><W86/><G84/><T134/><D134/><U39/><E39/><V114/><F114/><W10/><G11/><N who="0" m="2559" /><D71/><U130/><E130/><V127/><F127/><W66/><G66/><T2/><D112/><U83/><E83/><V72/><F72/><W110/><G110/><T43/><D113/><U89/><AGARI ba="0,1" hai="9,12,17,25,28,32,44,48,52,87,89,95,117,119" machi="89" ten="30,11700,0" yaku="1,1,0,1,52,1,54,1,53,0" doraHai="50" doraHaiUra="124" who="1" fromWho="1" sc="337,-39,230,127,157,-39,266,-39" /><INIT seed="1,1,0,4,2,121" ten="298,357,118,227" oya="1" hai0="22,73,115,1,71,4,8,45,33,120,131,14,127" hai1="66,113,59,3,112,29,60,132,39,9,116,49,117" hai2="54,130,24,5,90,51,69,81,6,82,122,30,44" hai3="85,72,61,19,7,62,92,31,16,106,48,40,11"/><U133/><E29/><V109/><F130/><W102/><G72/><T23/><D115/><N who="1" m="44107" /><E9/><V128/><F128/><W12/><G31/><T20/><D131/><U13/><E13/><V41/><F122/><W52/><G106/><T34/><D71/><U135/><E3/><V79/><F69/><W99/><G85/><T114/><D73/><U63/><E39/><V64/><F64/><W68/><G40/><T17/><D45/><U134/><N who="1" m="33792" /><DORA hai="118" /><U53/><E60/><N who="3" m="23146" /><G68/><AGARI ba="1,0" hai="49,53,59,63,66,68,116,117" m="33792,44107" machi="68" ten="60,11600,0" yaku="20,1,34,2" doraHai="121,118" who="1" fromWho="3" sc="298,0,357,119,118,0,227,-119" /><INIT seed="1,2,0,3,2,94" ten="298,476,118,108" oya="1" hai0="90,99,101,65,5,78,103,111,38,114,24,64,59" hai1="120,68,98,22,18,80,8,63,135,125,119,51,6" hai2="126,88,32,27,129,95,85,12,134,1,73,70,47" hai3="104,89,45,116,48,28,56,43,91,131,40,93,7"/><U54/><E119/><V25/><F1/><W76/><G104/><T72/><D38/><U9/><E120/><V0/><F0/><W44/><G116/><T77/><D114/><U128/><E125/><V55/><F32/><W50/><G131/><T86/><D5/><U58/><E135/><V17/><F134/><W62/><G76/><T83/><D111/><U105/><E128/><V106/><F129/><W52/><G7/><T49/><D24/><N who="2" m="9290" /><F70/><W15/><G28/><T29/><D29/><U35/><E35/><V61/><F73/><W81/><G81/><N who="0" m="45223" /><D49/><U34/><E80/><V36/><F36/><W115/><G115/><T112/><D59/><U107/><E34/><V121/><F106/><W133/><G133/><T11/><D11/><U26/><E9/><N who="2" m="6287" /><F126/><W19/><G93/><N who="0" m="56759" /><D112/><U21/><E21/><AGARI ba="2,0" hai="15,19,21,40,43,44,45,48,50,52,56,62,89,91" machi="21" ten="30,7700,0" yaku="7,1,9,1,8,1,54,1" doraHai="94" who="3" fromWho="1" sc="298,0,476,-83,118,0,108,83" /><INIT seed="2,0,0,1,5,120" ten="298,393,118,191" oya="2" hai0="17,53,55,78,122,23,5,49,60,35,81,110,121" hai1="15,88,77,4,11,46,91,14,44,26,73,106,7" hai2="126,13,0,105,95,48,128,101,98,134,41,87,92" hai3="25,123,112,84,96,30,59,75,97,72,109,6,69"/><V100/><F0/><W62/><G123/><T119/><D35/><U65/><E106/><V99/><F128/><W135/><G69/><T111/><D5/><U28/><E65/><V131/><F131/><W117/><G117/><T63/><D119/><U9/><E77/><V125/><F134/><W71/><G71/><T74/><D121/><U3/><E73/><V47/><F105/><W21/><G135/><T56/><D122/><U31/><E26/><V34/><F34/><W54/><G112/><T1/><D1/><AGARI ba="0,0" hai="1,3,4,7,9,11,14,15,28,31,44,46,88,91" machi="1" ten="25,3200,0" yaku="22,2,54,1" doraHai="120" who="1" fromWho="0" sc="298,-32,393,32,118,0,191,0" /><INIT seed="3,0,0,1,5,111" ten="266,425,118,191" oya="3" hai0="69,123,105,20,38,96,128,25,83,119,87,134,45" hai1="24,102,99,79,104,58,77,8,2,6,129,84,21" hai2="28,106,98,110,7,82,85,73,40,125,76,81,0" hai3="49,18,122,70,51,94,68,80,103,75,19,91,30"/><W13/><G122/><T52/><D119/><U16/><E129/><V89/><F28/><W90/><G30/><T67/><D128/><U95/><E58/><V48/><F48/><W121/><G103/><T57/><D123/><U3/><E3/><V88/><F40/><W11/><G121/><T50/><D134/><U5/><E5/><V92/><F7/><W31/><G31/><T44/><D96/><U29/><E104/><V133/><F0/><W78/><G91/><T115/><D105/><U33/><E84/><N who="2" m="50319" /><F133/><W127/><G127/><T53/><D38/><U114/><E114/><V64/><F64/><W62/><G19/><T9/><D67/><U17/><E16/><V23/><F23/><W12/><G12/><AGARI ba="0,0" hai="2,6,8,12,17,21,24,29,33,77,79,95,99,102" machi="12" ten="30,3900,0" yaku="7,1,24,2" doraHai="111" who="1" fromWho="3" sc="266,0,425,39,118,0,191,-39" owari="266,6.6,464,56.4,118,-38.2,152,-24.8" /></mjloggm>