<mjloggm ver="2.3"><GO type="225" lobby="0"/><UN n0="%72%69%6F%75%63%68%61%6E" n1="%E3%80%93%E3%81%97%E3%83%BC%E3%82%89%E3%80%93" n2="%E3%83%94%E3%83%B3%E3%82%B5%E3%83%AD%E5%BA%97%E5%93%A1" n3="%6C%61%6D%62" dan="16,17,17,16" rate="2176.03,2199.15,2190.54,2176.74" sx="M,M,M,M"/><TAIKYOKU oya="0"/><INIT seed="0,0,0,1,2,97" ten="250,250,250,250" oya="0" hai0="129,85,18,134,51,105,73,126,106,37,41,19,82" hai1="36,94,64,66,108,67,8,65,45,95,15,135,62" hai2="30,13,117,48,49,113,63,75,7,84,78,47,98" hai3="92,54,32,9,6,123,24,58,26,59,87,61,25"/><T80/><D37/><U2/><E2/><V60/><F113/><W116/><G116/><T90/><D129/><U11/><E135/><V10/><F75/><W115/><G115/><T0/><D0/><U71/><E108/><V50/><F117/><W114/><G114/><T77/><D134/><U74/><E74/><V122/><F122/><W79/><G123/><T17/><REACH who="0" step="1"/><D126/><REACH who="0" ten="240,250,250,250" step="2"/><U121/><E121/><V16/><F47/><AGARI ba="0,1" hai="17,18,19,41,47,51,73,77,80,82,85,90,105,106" machi="47" ten="40,3900,0" yaku="1,1,2,1,53,0" doraHai="97" doraHaiUra="91" who="0" fromWho="2" sc="240,49,250,0,250,-39,250,0" /><INIT seed="0,1,0,3,4,90" ten="289,250,211,250" oya="0" hai0="121,7,0,116,120,79,62,2,40,115,101,113,18" hai1="16,37,66,51,56,98,100,1,74,130,111,59,5" hai2="11,78,94,24,39,49,92,123,30,135,4,117,88" hai3="65,46,96,54,42,45,64,3,80,36,126,110,53"/><T44/><D79/><U22/><E37/><V86/><F123/><N who="0" m="47178" /><D62/><U107/><E74/><V26/><F39/><W103/><G3/><T68/><D68/><U72/><E72/><V21/><F135/><W6/><G6/><T124/><D101/><U60/><E130/><V67/><F117/><W125/><G80/><T108/><D44/><U104/><E111/><V9/><F78/><W38/><G110/><T93/><D93/><U83/><E83/><N who="2" m="49247" /><F67/><W41/><G96/><T23/><D40/><U13/><E107/><V122/><F122/><W89/><G89/><T73/><D73/><U20/><E1/><N who="0" m="617" /><D108/><U61/><E5/><V87/><F87/><W50/><G103/><T17/><D7/><U118/><E51/><AGARI ba="1,0" hai="36,38,41,42,45,46,50,51,53,54,64,65,125,126" machi="51" ten="25,8000,1" yaku="22,2,34,3" doraHai="90" who="3" fromWho="1" sc="289,0,250,-83,211,0,250,83" /><INIT seed="1,0,0,4,4,72" ten="289,167,211,333" oya="1" hai0="75,45,116,21,97,76,100,108,117,9,44,66,40" hai1="90,60,62,2,65,111,74,28,42,71,22,58,84" hai2="19,11,20,96,124,34,32,73,37,120,87,134,3" hai3="102,94,27,14,48,103,1,83,106,101,126,127,110"/><U51/><E74/><V133/><F73/><W23/><G1/><T68/><D108/><U52/><E2/><V81/><F37/><W63/><G106/><T39/><D21/><U128/><E128/><V53/><F96/><W77/><G110/><T33/><D33/><U54/><E111/><V70/><F70/><W35/><G35/><T59/><D59/><U18/><E28/><V132/><F120/><W31/><G14/><T4/><D44/><U122/><E42/><V25/><F124/><N who="3" m="47659" /><G48/><T24/><D24/><U98/><E98/><V86/><F86/><N who="3" m="48495" /><G63/><N who="0" m="40031" /><D97/><AGARI ba="0,0" hai="23,27,31,94,97,101,102,103" m="48495,47659" machi="97" ten="30,2000,0" yaku="18,1,52,1" doraHai="72" who="3" fromWho="0" sc="289,-20,167,0,211,0,333,20" /><INIT seed="2,0,0,5,5,134" ten="269,167,211,353" oya="2" hai0="112,11,127,89,28,88,98,109,92,123,119,99,73" hai1="71,116,20,70,18,108,111,66,12,44,54,82,1" hai2="51,32,113,5,91,110,67,2,42,4,124,75,118" hai3="60,56,72,107,34,37,80,96,22,130,8,17,103"/><V45/><F113/><W105/><G34/><T65/><D127/><U43/><E1/><V24/><F118/><W84/><G37/><T69/><D123/><U114/><E114/><V0/><F75/><W27/><G130/><T117/><D112/><U122/><E116/><N who="0" m="44617" /><D109/><U16/><E122/><V52/><F110/><N who="1" m="42025" /><E66/><V53/><F67/><W13/><G72/><T94/><D73/><U100/><E54/><V95/><F124/><W33/><G33/><T62/><D11/><N who="1" m="6175" /><E82/><V35/><F35/><W49/><G49/><T9/><D9/><U78/><E100/><V58/><F53/><W120/><G120/><T40/><D40/><U87/><E87/><V14/><F0/><W101/><G101/><N who="0" m="60615" /><D28/><U29/><E78/><V46/><F2/><W90/><G96/><T81/><D81/><U77/><E77/><V10/><F5/><W39/><G103/><AGARI ba="0,0" hai="62,65,69,88,89,94,99,103" m="60615,44617" machi="103" ten="30,2000,0" yaku="12,1,54,1" doraHai="134" who="0" fromWho="3" sc="269,20,167,0,211,0,353,-20" /><INIT seed="3,0,0,0,5,18" ten="289,167,211,333" oya="3" hai0="89,50,103,79,26,129,118,36,8,24,9,132,116" hai1="65,0,108,126,128,54,74,48,17,124,55,114,122" hai2="53,82,49,16,69,27,71,80,22,30,135,13,113" hai3="66,110,19,131,68,117,46,35,102,43,120,72,64"/><W119/><G72/><T25/><D36/><U85/><E74/><V133/><F113/><W95/><G35/><T86/><D129/><U31/><E0/><V15/><F15/><W67/><G120/><T99/><D132/><N who="2" m="50762" /><F71/><W2/><G2/><T33/><D33/><U94/><E114/><V75/><F69/><W34/><G34/><T45/><D79/><U41/><E31/><V39/><F39/><W32/><G32/><T59/><D59/><U112/><E112/><V7/><F7/><W40/><G68/><T91/><D118/><U70/><E94/><V12/><F12/><W130/><G19/><T97/><D116/><U93/><E93/><V62/><F62/><W106/><G95/><N who="0" m="58815" /><D99/><U51/><E85/><V1/><F1/><W104/><G102/><T134/><D134/><U44/><E17/><V73/><F73/><W11/><G106/><T105/><D105/><U121/><E128/><V84/><F84/><W4/><G104/><T21/><D91/><U76/><E76/><V107/><F75/><W87/><G87/><T37/><D37/><U98/><E98/><V61/><F61/><W29/><G130/><T20/><D8/><U42/><E108/><V115/><F115/><W60/><G11/><T28/><D9/><U101/><E101/><V5/><F5/><W38/><G4/><T123/><D28/><U56/><E70/><V90/><F90/><W125/><G117/><T88/><D89/><U127/><E65/><V10/><F107/><W3/><G66/><T96/><D88/><U47/><E42/><V6/><F6/><W111/><G119/><RYUUKYOKU ba="0,0" sc="289,-15,167,15,211,15,333,-15" hai1="41,44,47,48,51,54,55,56,121,122,124,126,127" hai2="10,13,16,22,27,30,49,53,80,82" owari="274,7.4,182,-31.8,226,-17.4,318,41.8" /></mjloggm>