<mjloggm ver="2.3"><GO type="225" lobby="0"/><UN n0="%E3%83%81%E3%83%AF%E3%83%AF%E9%9A%8A%E9%95%B7" n1="%E6%A1%9C%E8%8A%B1%E9%96%83%E3%80%85" n2="%E3%83%B4%E3%82%A3%E3%83%AF%E3%82%B3%E3%82%B0%E3%83%8B" n3="%E3%83%B4%E3%83%A0%EF%BC%99%E3%81%A6" dan="16,16,16,16" rate="2182.74,2129.02,2173.24,2122.40" sx="M,M,M,M"/><TAIKYOKU oya="0"/><INIT seed="0,0,0,4,4,36" ten="250,250,250,250" oya="0" hai0="8,56,75,78,120,11,57,1,5,93,101,74,103" hai1="128,72,123,9,54,102,21,80,81,29,18,6,40" hai2="10,82,132,122,131,2,115,110,113,39,99,87,62" hai3="125,32,135,28,50,24,116,85,16,94,118,107,25"/><T79/><D120/><U49/><E123/><V84/><F122/><W121/><G121/><RYUUKYOKU type="kaze4" ba="0,0" sc="250,0,250,0,250,0,250,0" /><INIT seed="0,1,0,3,0,66" ten="250,250,250,250" oya="0" hai0="40,38,80,51,22,123,101,111,82,119,24,8,14" hai1="75,73,98,110,23,81,107,86,127,134,41,109,67" hai2="52,93,108,64,7,29,70,11,33,133,130,79,128" hai3="12,58,99,103,49,18,85,112,25,17,5,106,28"/><T3/><D119/><U27/><E41/><V114/><F114/><W15/><G112/><T47/><D123/><U104/><E67/><V131/><F108/><N who="1" m="41577" /><E134/><V88/><F133/><W45/><G58/><T102/><D111/><U36/><E36/><V9/><F79/><W84/><G5/><T71/><D3/><U0/><E0/><V35/><F52/><W126/><G126/><T32/><D32/><N who="2" m="12362" /><F29/><W124/><G124/><T54/><D71/><U87/><E127/><V59/><F59/><W42/><G28/><T26/><D26/><U65/><E65/><V95/><F7/><W30/><G30/><N who="0" m="17687" /><D38/><U50/><E50/><V125/><F93/><W56/><G56/><T89/><D54/><U6/><E6/><V122/><F122/><W118/><G118/><T76/><D51/><U48/><E48/><V31/><F31/><W116/><G116/><T121/><D121/><U115/><E86/><N who="2" m="52631" /><F125/><W37/><G37/><T13/><D40/><U55/><E55/><V53/><F53/><W135/><G135/><T78/><D47/><U92/><E92/><V91/><F91/><W44/><G44/><T43/><D89/><N who="1" m="51439" /><E98/><V113/><F113/><W57/><G57/><T117/><D43/><U16/><E115/><V69/><F69/><W20/><G84/><T72/><D117/><U46/><E46/><V10/><F10/><N who="3" m="6295" /><G85/><T132/><D132/><U39/><E39/><V2/><F2/><W74/><G45/><T68/><D68/><U34/><E34/><V19/><F19/><N who="3" m="12447" /><G42/><T4/><D4/><U105/><AGARI ba="1,0" hai="16,23,27,73,75,104,105,107" m="51439,41577" machi="105" ten="40,2700,0" yaku="14,1,54,1" doraHai="66" who="1" fromWho="1" sc="250,-14,250,30,250,-8,250,-8" /><INIT seed="1,0,0,4,3,35" ten="236,280,242,242" oya="1" hai0="27,83,91,97,41,101,129,77,117,68,23,13,39" hai1="105,99,114,36,8,67,73,74,85,56,33,38,44" hai2="2,118,29,47,81,53,128,54,122,11,64,10,59" hai3="43,9,115,5,31,135,42,58,94,106,34,121,89"/><U92/><E114/><V123/><F118/><W102/><G115/><T65/><D117/><U50/><E33/><V19/><F29/><W21/><G121/><T109/><D129/><U110/><E105/><V86/><F128/><W48/><G34/><T103/><D109/><U113/><E113/><V70/><F70/><W16/><G31/><T111/><D111/><U131/><E110/><V52/><F47/><W51/><G102/><T84/><D13/><U25/><E25/><V22/><F64/><W15/><G106/><T126/><D126/><U3/><E85/><V127/><F59/><W45/><G135/><T130/><D130/><U90/><E131/><V40/><F40/><W96/><G58/><T80/><D97/><U87/><E87/><V112/><F127/><W32/><G32/><T6/><D6/><U30/><E30/><V46/><F46/><W61/><G61/><T57/><D68/><U66/><E73/><V82/><F112/><W124/><G124/><T14/><D39/><U17/><E74/><V20/><F2/><W4/><G4/><T107/><D107/><U119/><E119/><V108/><F108/><W100/><G100/><T12/><D103/><U55/><E3/><V69/><F69/><W28/><G28/><N who="0" m="17535" /><D101/><U26/><E26/><N who="2" m="14623" /><F22/><W72/><G72/><N who="0" m="43047" /><D41/><N who="1" m="22583" /><E36/><V75/><F75/><W76/><G76/><T60/><D91/><U132/><E132/><V98/><F98/><W71/><G71/><T0/><D0/><U63/><E63/><V120/><F86/><W116/><G116/><T95/><D95/><U7/><E7/><V125/><F125/><RYUUKYOKU ba="0,0" sc="236,10,280,10,242,10,242,-30" hai0="12,14,57,60,65,83,84" hai1="8,17,50,55,56,66,67,90,92,99" hai2="10,11,52,53,54,81,82,120,122,123" /><INIT seed="1,1,0,0,4,116" ten="246,290,252,212" oya="1" hai0="47,123,106,77,104,128,37,110,112,51,12,55,43" hai1="30,14,42,7,118,93,41,35,57,75,134,36,107" hai2="25,114,2,89,102,62,10,82,4,19,109,101,130" hai3="131,81,66,22,73,32,132,39,61,44,60,83,65"/><U0/><E118/><V28/><F109/><W27/><G32/><T121/><D112/><U67/><E107/><V15/><F130/><W99/><G131/><T34/><D128/><U49/><E75/><V70/><F114/><W97/><G44/><T127/><D34/><U71/><E0/><V50/><F50/><W79/><G39/><T111/><D127/><U96/><E36/><V1/><F1/><W98/><G132/><T85/><D12/><U129/><E71/><V20/><F89/><W124/><G124/><T45/><D85/><U48/><E30/><V100/><F82/><W58/><G81/><T33/><D77/><U95/><E35/><V76/><F76/><W133/><G133/><T11/><D11/><N who="1" m="4479" /><E134/><V91/><F91/><W74/><G74/><T26/><D106/><U117/><E95/><V105/><F105/><W18/><REACH who="3" step="1"/><G99/><REACH who="3" ten="246,290,252,202" step="2"/><T68/><D111/><U5/><E129/><V24/><F28/><W69/><AGARI ba="1,1" hai="18,22,27,58,60,61,65,66,69,73,79,83,97,98" machi="69" ten="20,5200,0" yaku="1,1,2,1,0,1,7,1,53,0" doraHai="116" doraHaiUra="86" who="3" fromWho="3" sc="246,-14,290,-27,252,-14,202,65" /><INIT seed="2,0,0,0,5,36" ten="232,263,238,267" oya="2" hai0="121,23,4,6,120,37,29,118,57,90,25,109,27" hai1="7,80,5,44,82,105,122,60,130,66,115,73,72" hai2="97,10,14,65,11,24,102,53,129,107,46,47,63" hai3="86,119,18,70,108,71,93,99,32,35,43,8,3"/><V112/><F129/><W116/><G116/><T17/><D37/><U113/><E105/><V100/><F112/><W31/><G119/><T64/><D90/><U124/><E124/><V87/><F100/><W104/><G104/><T38/><D38/><U131/><E44/><V41/><F24/><W58/><G31/><T12/><D57/><U84/><E60/><V49/><F87/><W67/><G58/><T21/><D64/><U111/><E84/><V123/><F123/><N who="0" m="47178" /><D118/><U79/><E122/><V77/><F77/><W56/><G56/><T13/><D109/><U20/><E20/><V55/><F47/><W85/><G108/><T61/><D61/><U94/><E94/><V62/><F10/><W91/><G67/><T114/><D114/><N who="1" m="43531" /><E66/><V83/><F83/><N who="1" m="31785" /><E79/><V2/><F2/><W54/><G3/><T26/><D26/><U9/><E9/><V126/><F126/><W15/><G85/><T33/><D12/><U59/><E59/><V45/><F45/><W39/><G86/><T1/><D1/><U98/><E98/><V22/><F62/><W95/><G95/><T19/><AGARI ba="0,0" hai="4,6,13,17,19,21,23,25,27,29,33" m="47178" machi="19" ten="30,2000,0" yaku="34,2" doraHai="36" who="0" fromWho="0" sc="232,20,263,-5,238,-10,267,-5" /><INIT seed="3,0,0,4,0,125" ten="252,258,228,262" oya="3" hai0="87,124,8,14,67,56,4,19,47,84,128,85,41" hai1="16,94,36,101,131,93,20,71,15,135,90,63,133" hai2="5,12,48,29,92,86,122,24,52,74,65,51,54" hai3="23,120,78,72,60,98,116,26,17,99,118,134,25"/><W81/><G120/><T119/><D119/><U89/><E36/><V113/><F113/><W49/><G134/><N who="1" m="51210" /><E131/><V3/><F3/><W10/><G49/><N who="2" m="19017" /><F74/><W76/><G76/><T130/><D124/><U46/><E46/><V0/><F0/><W82/><G82/><T108/><D108/><U117/><E117/><V55/><F122/><W73/><G73/><T80/><D80/><U123/><E123/><V42/><F65/><W126/><G126/><T44/><D4/><U38/><E38/><V97/><F86/><W77/><G77/><T6/><D6/><U69/><E101/><N who="2" m="60583" /><F42/><W70/><G118/><T30/><D41/><U61/><E94/><V9/><F24/><W43/><G43/><T95/><D95/><U105/><E105/><V109/><F109/><W2/><G26/><T106/><D106/><U115/><E115/><V57/><F29/><W132/><G132/><T59/><D30/><U37/><E37/><V53/><F53/><W91/><G116/><T7/><D47/><U11/><E93/><V27/><F27/><W111/><G111/><T129/><D44/><U22/><E89/><V104/><F104/><W100/><G91/><T31/><D31/><U40/><E90/><V28/><F28/><W88/><G88/><T114/><D114/><U64/><E40/><V21/><F21/><N who="1" m="8297" /><E64/><V79/><F79/><W110/><G110/><T34/><D67/><U39/><E39/><V121/><F121/><W102/><G102/><T66/><D66/><U58/><E58/><AGARI ba="0,0" hai="5,9,12,52,54,55,57,58" m="60583,19017" machi="58" ten="30,2000,0" yaku="8,1,54,1" doraHai="125" who="2" fromWho="1" sc="252,0,258,-20,228,20,262,0" /><INIT seed="4,0,0,2,4,64" ten="252,238,248,262" oya="0" hai0="133,97,88,103,2,3,70,92,49,10,26,113,53" hai1="71,62,27,41,14,131,95,127,9,16,112,128,130" hai2="101,109,4,118,51,19,91,7,48,90,72,102,85" hai3="33,105,89,76,81,35,125,39,114,94,32,21,78"/><T60/><D133/><U50/><E127/><V77/><F109/><W17/><G125/><T1/><D113/><U42/><E112/><V65/><F72/><W36/><G105/><T87/><D26/><U18/><E95/><V12/><F65/><W79/><G81/><T120/><D120/><U61/><E50/><N who="2" m="18987" /><F77/><W96/><REACH who="3" step="1"/><G114/><REACH who="3" ten="252,238,248,252" step="2"/><T134/><D134/><U123/><E123/><V117/><F117/><W63/><G63/><N who="1" m="24074" /><E71/><V57/><F118/><W30/><G30/><T44/><D70/><U74/><E74/><V107/><F107/><W58/><G58/><T106/><REACH who="0" step="1"/><D60/><REACH who="0" ten="242,238,248,252" step="2"/><U56/><E56/><V8/><F57/><W93/><G93/><T11/><AGARI ba="0,2" hai="1,2,3,10,11,44,49,53,87,88,92,97,103,106" machi="11" ten="40,12000,1" yaku="1,1,2,1,0,1,54,1,53,0" doraHai="64" doraHaiUra="135" who="0" fromWho="0" sc="242,140,238,-40,248,-40,252,-40" owari="382,48.2,198,-30.2,208,-19.2,212,1.2" /></mjloggm>