<mjloggm ver="2.3"><GO type="225" lobby="0"/><UN n0="%77%72%77%72%77%72%77%72" n1="%73%6C%69%63%6B%33%31%39" n2="%E9%80%86%E9%80%A3%E5%B8%AF%E3%81%AE%E9%AC%BC" n3="%E7%BD%AA%E5%88%91%E6%B3%95%E5%AE%9A%E4%B8%BB%E7%BE%A9" dan="16,16,16,16" rate="2120.21,2123.28,2100.95,2142.81" sx="M,M,M,M"/><TAIKYOKU oya="0"/><INIT seed="0,0,0,3,3,99" ten="250,250,250,250" oya="0" hai0="16,130,43,131,109,79,29,84,66,26,91,117,104" hai1="87,28,15,38,56,105,69,71,30,21,36,68,17" hai2="6,77,54,121,115,108,25,35,90,19,57,125,12" hai3="1,74,67,60,58,75,72,27,23,126,116,11,63"/><T34/><D117/><U103/><E87/><V119/><F121/><W80/><G116/><T52/><D104/><U70/><N who="1" m="17408" /><DORA hai="127" /><U64/><E64/><V129/><F119/><W89/><G126/><T123/><D123/><U62/><E30/><V94/><F115/><W124/><G124/><T120/><D120/><U42/><E28/><V10/><F108/><W55/><G89/><T32/><D43/><U18/><E42/><V40/><F125/><W128/><G80/><T92/><D109/><U111/><E111/><V100/><F40/><W51/><G63/><T110/><D110/><U112/><E112/><V33/><F77/><W82/><G82/><T88/><D79/><U132/><E132/><V102/><F129/><N who="0" m="49162" /><D66/><U107/><E107/><V7/><F35/><W101/><G128/><T49/><D91/><U81/><E105/><V9/><F90/><W4/><G101/><T45/><D16/><U41/><E103/><V48/><F19/><W73/><G73/><T20/><AGARI ba="0,0" hai="20,26,29,32,34,45,49,52,84,88,92" m="49162" machi="20" ten="30,18000,2" yaku="19,1,52,3,54,2" doraHai="99,127" who="0" fromWho="0" sc="250,180,250,-60,250,-60,250,-60" /><INIT seed="0,1,0,0,5,4" ten="430,190,190,190" oya="0" hai0="88,95,54,62,113,15,29,5,82,55,103,118,31" hai1="58,78,41,93,89,33,51,49,46,128,110,8,71" hai2="50,130,57,34,96,122,135,1,91,69,43,64,30" hai3="24,97,38,84,28,114,20,129,125,52,21,66,76"/><T134/><D113/><U87/><E71/><V9/><F122/><W37/><G114/><T63/><D118/><U115/><E33/><V132/><F130/><W109/><G129/><T108/><D82/><U111/><E128/><V77/><F77/><W65/><G109/><N who="1" m="41482" /><E115/><V75/><F75/><W124/><G97/><T107/><D103/><U45/><E78/><V60/><F30/><N who="0" m="11274" /><D107/><U11/><E58/><V106/><F34/><W73/><G73/><T42/><D42/><AGARI ba="1,0" hai="8,11,41,42,45,46,49,51,87,89,93" m="41482" machi="42" ten="30,3900,0" yaku="14,1,52,2" doraHai="4" who="1" fromWho="0" sc="430,-42,190,42,190,0,190,0" /><INIT seed="1,0,0,4,4,50" ten="388,232,190,190" oya="1" hai0="122,43,44,126,103,127,49,7,66,22,26,41,65" hai1="93,102,13,19,6,94,21,99,80,51,46,118,77" hai2="134,82,64,29,10,59,83,62,53,15,129,9,0" hai3="20,90,69,31,48,91,106,112,76,42,57,30,35"/><U119/><E6/><V120/><F120/><W25/><G112/><T68/><D122/><U79/><E94/><V78/><F134/><W133/><G69/><T84/><D7/><U108/><E79/><V55/><F129/><W123/><G123/><T24/><D103/><U1/><E1/><V39/><F39/><W52/><G106/><T114/><D114/><U131/><E131/><V86/><F0/><W92/><G133/><T38/><D84/><U89/><E102/><V63/><F29/><W56/><G76/><T67/><D68/><U18/><E19/><V117/><F117/><W105/><G105/><T132/><D132/><U107/><E107/><V2/><F2/><W96/><G42/><T100/><D100/><U28/><E28/><V33/><F33/><W109/><G109/><T34/><D34/><U73/><REACH who="1" step="1"/><E108/><REACH who="1" ten="388,222,190,190" step="2"/><V95/><F95/><N who="3" m="56439" /><G35/><T125/><D22/><U61/><E61/><V113/><F113/><W60/><G31/><T3/><D3/><U27/><E27/><V40/><F83/><W81/><G81/><T135/><D135/><U116/><E116/><V32/><F32/><W74/><G74/><T111/><D111/><U70/><E70/><V17/><F63/><W104/><G104/><T16/><D16/><U75/><E75/><V23/><F40/><AGARI ba="0,1" hai="13,18,21,40,46,51,73,77,80,89,93,99,118,119" machi="40" ten="30,5800,0" yaku="1,1,7,1,53,1" doraHai="50" doraHaiUra="45" who="1" fromWho="2" sc="388,0,222,68,190,-58,190,0" /><INIT seed="1,1,0,5,3,39" ten="388,290,132,190" oya="1" hai0="37,66,44,124,125,131,3,110,115,18,64,56,12" hai1="89,99,16,73,47,100,75,59,6,74,101,103,52" hai2="17,93,28,121,107,42,129,23,134,95,114,105,76" hai3="70,24,133,55,19,135,79,68,106,31,69,77,9"/><U111/><E6/><V54/><F121/><W38/><G106/><T21/><D115/><U122/><E122/><V40/><F114/><W45/><G9/><T98/><D3/><U1/><E1/><V35/><F134/><N who="3" m="51211" /><G19/><T81/><D110/><U22/><E47/><V34/><F129/><W30/><G55/><T26/><D131/><U71/><E71/><N who="3" m="18178" /><W96/><DORA hai="20" /><G96/><T32/><D98/><U113/><E89/><V97/><F76/><N who="3" m="29259" /><G24/><T90/><D90/><U102/><E113/><V117/><F107/><W109/><G109/><T57/><D81/><U82/><E82/><V51/><F105/><W72/><G72/><T84/><D84/><U63/><E111/><V29/><F35/><W78/><N who="3" m="29267" /><W119/><DORA hai="120" /><G119/><T13/><D32/><U4/><E4/><V48/><F34/><W60/><G60/><T46/><D18/><U92/><REACH who="1" step="1"/><E73/><REACH who="1" ten="388,280,132,190" step="2"/><V41/><F117/><W118/><G118/><T88/><D88/><U128/><E128/><V27/><F97/><W80/><G80/><T10/><D44/><U61/><E61/><V53/><F51/><W132/><N who="3" m="51219" /><W36/><DORA hai="126" /><G45/><T130/><D46/><U14/><AGARI ba="1,1" hai="14,16,22,52,59,63,74,75,92,99,100,101,102,103" machi="14" ten="30,11700,0" yaku="1,1,0,1,54,2,53,0" doraHai="39,20,120,126" doraHaiUra="108,116,5,127" who="1" fromWho="1" sc="388,-40,280,130,132,-40,190,-40" /><INIT seed="1,2,0,4,4,128" ten="348,410,92,150" oya="1" hai0="1,35,12,105,56,31,8,65,49,32,58,64,34" hai1="2,72,63,61,98,73,77,6,59,78,27,107,57" hai2="89,70,76,130,129,88,112,97,43,122,15,36,28" hai3="4,123,62,0,26,52,17,18,24,82,106,9,117"/><U30/><E2/><V104/><F70/><W118/><G123/><T20/><D105/><U3/><E3/><V5/><F122/><W133/><G106/><T29/><D1/><U75/><E6/><V83/><F112/><W37/><G37/><T67/><D20/><U126/><E126/><V14/><F28/><W103/><G103/><T124/><D124/><U42/><E42/><V85/><F104/><W101/><G101/><T44/><D31/><U60/><E98/><V86/><F97/><W120/><G120/><T66/><N who="0" m="16384" /><DORA hai="19" /><T92/><D92/><U90/><E90/><V45/><F76/><W10/><G82/><T16/><REACH who="0" step="1"/><D29/><REACH who="0" ten="338,410,92,150" step="2"/><U95/><E95/><V79/><F129/><W41/><G118/><T33/><N who="0" m="8192" /><DORA hai="69" /><T13/><D13/><U99/><E107/><V110/><F130/><W102/><G0/><T135/><D135/><U125/><E125/><V93/><F110/><W113/><G133/><T115/><D115/><U71/><E71/><V23/><F23/><W40/><G117/><T38/><D38/><U132/><E132/><V109/><F109/><W51/><G113/><T134/><D134/><U55/><E30/><V96/><REACH who="2" step="1"/><F5/><REACH who="2" ten="338,410,82,150" step="2"/><W84/><G4/><T74/><D74/><U53/><E27/><V80/><AGARI ba="2,2" hai="14,15,36,43,45,79,80,83,85,86,88,89,93,96" machi="80" ten="20,12000,2" yaku="1,1,2,1,0,1,7,1,52,1,54,1,53,1" doraHai="128,19,69" doraHaiUra="47,100,94" who="2" fromWho="2" sc="338,-32,410,-62,82,146,150,-32" /><INIT seed="2,0,0,0,1,24" ten="306,348,228,118" oya="2" hai0="7,87,97,42,132,69,131,0,61,55,59,116,39" hai1="25,17,2,27,62,66,47,51,77,53,101,82,102" hai2="41,81,6,85,124,70,133,15,43,21,8,45,111" hai3="38,119,48,75,12,31,4,123,126,92,10,104,110"/><V60/><F133/><W28/><G104/><T118/><D132/><U90/><E2/><V74/><F124/><W37/><G119/><N who="0" m="45611" /><D131/><U32/><E90/><V105/><F105/><W121/><G75/><T94/><D87/><N who="1" m="48591" /><E32/><V11/><F111/><W13/><G110/><T22/><D22/><N who="1" m="13519" /><E27/><V76/><F8/><W88/><G126/><T52/><D69/><U34/><E34/><V23/><F74/><W135/><G135/><T14/><D0/><U5/><E5/><V95/><F95/><W18/><G123/><T112/><D112/><U20/><E20/><V44/><F44/><W99/><G121/><T64/><D14/><U86/><E86/><V54/><F43/><W67/><G67/><T9/><D9/><U125/><E125/><V57/><REACH who="2" step="1"/><F70/><REACH who="2" ten="306,348,218,118" step="2"/><W1/><G1/><T68/><D68/><U113/><E113/><V130/><F130/><W3/><G3/><T109/><D109/><U63/><E63/><V36/><AGARI ba="0,1" hai="6,11,15,21,23,36,41,45,54,57,60,76,81,85" machi="36" ten="20,7800,0" yaku="1,1,0,1,7,1,53,1" doraHai="24" doraHaiUra="50" who="2" fromWho="2" sc="306,-26,348,-26,218,88,118,-26" /><INIT seed="2,1,0,1,2,57" ten="280,322,306,92" oya="2" hai0="84,49,48,113,67,42,100,105,80,64,50,97,76" hai1="52,21,77,135,75,45,8,34,134,101,98,129,121" hai2="25,46,54,62,85,79,110,115,14,3,111,118,117" hai3="61,132,12,32,22,40,10,130,31,30,43,125,6"/><V112/><F3/><W55/><G125/><T102/><D113/><U95/><E34/><V53/><F25/><W26/><G130/><T65/><REACH who="0" step="1"/><D102/><REACH who="0" ten="270,322,306,92" step="2"/><U18/><E129/><V70/><F115/><W88/><G132/><T96/><D96/><U73/><E121/><V106/><F112/><W124/><G124/><T114/><D114/><U5/><E135/><V29/><F118/><W1/><G31/><T13/><D13/><U71/><E98/><V90/><F29/><W74/><G74/><T19/><D19/><U7/><E101/><V36/><F14/><W123/><G123/><T63/><D63/><U11/><E18/><V37/><F117/><W82/><G61/><T116/><D116/><U0/><E75/><V28/><F28/><W126/><G126/><T91/><D91/><U108/><E73/><V72/><F72/><W35/><G35/><T127/><D127/><U87/><E134/><V103/><F90/><W33/><G33/><T51/><D51/><U9/><E0/><V119/><F103/><W47/><G32/><T58/><D58/><U133/><E71/><V38/><F119/><W104/><G1/><T24/><D24/><U122/><E133/><V16/><F16/><W109/><G109/><T81/><D81/><U93/><E108/><V92/><F111/><W107/><G82/><T68/><D68/><U15/><E15/><V27/><F110/><W66/><G88/><T20/><D20/><U69/><E21/><V99/><F70/><W2/><G2/><T56/><D56/><U94/><E69/><V59/><F27/><W128/><G26/><RYUUKYOKU ba="1,1" sc="270,30,322,-10,306,-10,92,-10" hai0="42,48,49,50,64,65,67,76,80,84,97,100,105" /><INIT seed="3,2,1,1,4,64" ten="300,312,296,82" oya="3" hai0="48,57,128,26,113,33,39,14,117,38,130,115,116" hai1="28,86,96,21,9,17,42,129,73,109,79,6,99" hai2="114,24,55,121,29,45,32,5,37,1,8,44,50" hai3="27,4,23,54,88,25,72,46,65,133,102,10,2"/><W93/><G72/><T82/><D14/><N who="1" m="5431" /><E73/><V124/><F124/><W83/><G133/><T78/><D48/><U107/><E107/><V34/><F121/><W118/><G118/><N who="0" m="45675" /><D57/><U131/><E28/><V92/><F114/><N who="0" m="43530" /><D26/><N who="1" m="14639" /><E109/><V22/><REACH who="2" step="1"/><F92/><REACH who="2" ten="300,312,286,82" step="2"/><W100/><G65/><T12/><D33/><U63/><E131/><N who="0" m="50217" /><D12/><U20/><E129/><V84/><F84/><AGARI ba="2,2" hai="38,39,78,82,84" m="50217,43530,45675" machi="84" ten="40,2600,0" yaku="11,1,19,1" doraHai="64" who="0" fromWho="2" sc="300,52,312,0,286,-32,82,0" owari="352,45.2,312,11.2,254,-14.6,82,-41.8" /></mjloggm>