<mjloggm ver="2.3"><GO type="225" lobby="0"/><UN n0="%E9%80%86%E9%80%A3%E5%B8%AF%E3%81%AE%E9%AC%BC" n1="%72%61%6B%33" n2="%E3%82%A2%E3%83%BC%E3%83%A2%E3%83%AD%E3%83%BC%E3%83%B4%E3%82%A1" n3="%E4%BA%95%E5%B8%AF" dan="16,16,16,16" rate="2128.47,2054.07,2142.74,2068.47" sx="M,M,M,M"/><TAIKYOKU oya="0"/><INIT seed="0,0,0,4,1,104" ten="250,250,250,250" oya="0" hai0="108,57,97,63,17,27,38,45,2,78,123,31,107" hai1="20,96,135,9,74,28,53,87,41,8,113,125,1" hai2="5,84,16,118,65,51,34,46,98,42,86,90,91" hai3="35,131,56,64,95,71,112,83,77,23,55,29,32"/><T14/><D123/><U52/><E125/><V116/><F34/><W21/><G112/><T103/><D2/><U85/><E113/><V73/><F73/><W49/><G131/><T94/><D108/><U126/><E126/><V134/><F134/><W110/><G110/><T10/><D78/><U62/><E41/><V54/><F5/><W68/><G95/><T33/><D38/><U82/><E96/><V133/><F133/><W117/><G117/><N who="2" m="45161" /><F65/><W80/><G80/><T40/><D45/><U101/><E101/><V25/><F54/><W105/><G105/><T79/><D79/><U93/><E62/><V76/><F98/><W15/><G32/><T121/><D40/><U6/><E9/><V47/><F47/><W109/><G109/><T12/><D121/><U18/><E28/><V120/><F120/><W99/><G99/><T59/><D107/><U75/><E135/><V37/><F51/><W114/><G64/><T89/><D103/><U61/><E93/><V50/><F50/><W70/><G114/><T119/><D119/><U48/><E61/><V111/><F111/><W26/><REACH who="3" step="1"/><G15/><REACH who="3" ten="250,250,250,240" step="2"/><T66/><REACH who="0" step="1"/><D14/><REACH who="0" ten="240,250,250,240" step="2"/><U130/><E1/><V39/><F76/><W124/><G124/><T22/><D22/><U128/><E20/><N who="2" m="13447" /><F37/><W129/><G129/><T122/><D122/><U11/><E130/><V36/><F39/><W30/><G30/><T13/><D13/><U106/><E128/><V7/><F36/><W132/><G132/><T81/><D81/><U69/><E82/><V58/><F90/><W0/><G0/><T4/><D4/><U43/><E6/><RYUUKYOKU ba="0,2" sc="240,15,250,-15,250,-15,240,15" hai0="10,12,17,27,31,33,57,59,63,66,89,94,97" hai3="21,23,26,29,35,49,55,56,68,70,71,77,83" /><INIT seed="0,1,2,4,2,111" ten="255,235,235,255" oya="0" hai0="117,119,123,55,78,58,106,53,52,90,89,70,12" hai1="108,118,76,39,110,92,24,61,69,44,80,23,1" hai2="88,102,87,126,94,22,30,84,26,45,49,129,97" hai3="8,46,63,109,48,51,40,47,13,65,27,54,86"/><T66/><D106/><U41/><E118/><V11/><F129/><W60/><G109/><N who="1" m="42090" /><E1/><V67/><F126/><W98/><G98/><T0/><D0/><U62/><E92/><V96/><F67/><W43/><G65/><T34/><D34/><U20/><E69/><V91/><F11/><W3/><G3/><T18/><D70/><U121/><E121/><V105/><REACH who="2" step="1"/><F91/><REACH who="2" ten="255,235,225,255" step="2"/><W15/><G8/><T135/><D119/><U75/><E20/><V130/><F130/><W38/><G38/><T104/><D117/><U5/><E5/><V14/><F14/><N who="3" m="5131" /><G27/><T73/><D90/><U132/><E132/><V56/><F56/><W2/><G2/><T7/><D135/><U17/><AGARI ba="1,3" hai="17,23,24,39,41,44,61,62,75,76,80" m="42090" machi="17" ten="30,1100,0" yaku="14,1" doraHai="111" who="1" fromWho="1" sc="255,-6,235,44,225,-4,255,-4" /><INIT seed="1,0,0,0,5,60" ten="249,279,221,251" oya="1" hai0="6,71,23,96,28,63,31,90,121,133,116,113,15" hai1="33,44,12,69,120,27,36,13,130,21,35,22,70" hai2="18,78,49,29,118,112,47,83,95,53,102,61,109" hai3="115,108,67,92,25,39,105,103,16,114,88,104,50"/><U127/><E44/><V100/><F118/><W110/><G39/><T0/><D113/><U54/><E36/><V79/><F109/><N who="3" m="42091" /><G50/><T134/><D121/><U74/><E74/><V37/><F112/><N who="3" m="43051" /><G103/><T42/><D116/><U106/><E27/><V30/><F37/><W76/><G67/><T85/><D0/><U55/><E106/><V1/><F1/><W65/><G65/><T8/><D96/><U48/><E48/><V64/><F18/><W2/><G2/><T125/><D42/><U80/><E55/><V128/><F128/><W84/><G76/><T5/><D5/><U81/><E54/><V82/><F79/><W52/><G52/><T3/><D3/><U91/><E130/><V68/><F82/><W57/><G57/><T107/><D107/><U34/><E81/><V119/><F119/><W132/><G132/><T73/><D134/><U99/><E80/><V56/><F68/><W87/><G84/><T129/><D133/><U117/><E70/><V135/><F135/><W24/><G24/><T14/><D73/><U98/><E69/><V94/><F102/><W32/><G32/><T59/><D71/><U72/><E34/><V43/><F100/><W11/><G11/><T46/><D85/><U45/><E35/><V10/><F10/><W40/><G40/><T101/><D8/><U17/><E33/><V75/><REACH who="2" step="1"/><F43/><REACH who="2" ten="249,279,211,251" step="2"/><W86/><G86/><T77/><D101/><U4/><E117/><V41/><F41/><W111/><G111/><T131/><D77/><U89/><E4/><V66/><F66/><W123/><G123/><T62/><D131/><RYUUKYOKU ba="0,1" sc="249,-15,279,-15,211,15,251,15" hai2="29,30,47,49,53,56,61,64,75,78,83,94,95" hai3="16,25,87,88,92,104,105" /><INIT seed="2,1,1,3,4,2" ten="234,264,226,266" oya="2" hai0="17,87,48,12,118,56,119,93,114,107,34,4,115" hai1="37,32,78,55,18,69,58,7,68,20,16,85,21" hai2="25,26,73,72,40,128,44,51,99,109,132,43,45" hai3="101,42,95,53,66,111,77,60,81,9,54,84,29"/><V106/><F132/><W90/><G111/><T103/><D34/><U113/><E32/><V82/><F128/><W47/><G29/><T121/><D121/><U46/><E113/><V110/><F99/><W10/><G101/><T57/><D107/><U31/><E31/><V63/><F63/><W35/><G35/><T74/><D74/><U61/><E7/><V80/><REACH who="2" step="1"/><F51/><REACH who="2" ten="234,264,216,266" step="2"/><W120/><G60/><T123/><D115/><U88/><E61/><V76/><F76/><W22/><G77/><T64/><D114/><U30/><E78/><V28/><F28/><W0/><G120/><T83/><D123/><U105/><E30/><V117/><F117/><W135/><G135/><T100/><D119/><U19/><E69/><V127/><F127/><W36/><G36/><T89/><D118/><U96/><E68/><V1/><F1/><W62/><G62/><T67/><D67/><U134/><E134/><V108/><F108/><W129/><G0/><T131/><D131/><U104/><E96/><V71/><F71/><W8/><G66/><T5/><D64/><U38/><E38/><V33/><F33/><W23/><G129/><T133/><D133/><U124/><E124/><V6/><F6/><N who="0" m="2666" /><D48/><U122/><E122/><V86/><F86/><W112/><G112/><T41/><D41/><U116/><E116/><V70/><F70/><W39/><G39/><T94/><D103/><U97/><E37/><V126/><F126/><W11/><G42/><T14/><D100/><U92/><E97/><V102/><F102/><W52/><N who="3" m="2048" /><DORA hai="59" /><W3/><G3/><T15/><D17/><RYUUKYOKU ba="1,2" sc="234,15,264,-15,216,15,266,-15" hai0="12,14,15,56,57,83,87,89,93,94" hai2="25,26,40,43,44,45,72,73,80,82,106,109,110" /><INIT seed="2,2,2,3,4,83" ten="249,249,231,251" oya="2" hai0="95,20,113,108,8,46,87,133,54,19,70,14,22" hai1="15,85,49,44,41,118,45,38,121,72,112,127,96" hai2="56,105,57,21,91,3,58,131,63,100,52,10,128" hai3="117,107,88,17,59,18,114,74,106,6,66,12,55"/><V115/><F115/><W130/><G117/><T126/><D113/><U64/><E72/><V101/><F21/><W93/><G114/><T42/><D70/><U71/><E112/><V94/><F3/><W77/><G66/><T29/><D108/><U80/><E118/><V51/><F10/><W124/><G6/><T65/><D133/><U76/><E127/><V39/><F39/><W37/><G37/><T69/><D126/><U75/><E121/><V28/><F28/><W110/><G17/><T25/><D54/><U119/><E119/><V90/><F90/><W104/><G130/><N who="2" m="49705" /><F105/><W4/><G4/><T79/><D22/><U82/><E96/><N who="2" m="57439" /><F58/><W86/><G110/><T30/><D30/><U120/><E120/><V111/><F111/><W68/><G68/><T2/><D2/><U31/><E31/><V9/><F9/><W43/><G124/><T67/><D69/><U78/><E15/><V102/><F57/><W84/><G74/><T99/><D79/><U98/><E98/><V35/><F35/><W135/><G135/><T134/><D134/><U92/><E92/><V24/><F24/><W132/><G132/><T89/><REACH who="0" step="1"/><D99/><REACH who="0" ten="239,249,231,251" step="2"/><U36/><E71/><V122/><F122/><W5/><G77/><T1/><D1/><U81/><E78/><V0/><F0/><W125/><G125/><T47/><D47/><U109/><E109/><V61/><AGARI ba="2,3" hai="51,52,56,61,63,100,101,102" m="57439,49705" machi="61" ten="40,3900,0" yaku="19,1,54,1" doraHai="83" who="2" fromWho="2" sc="239,-15,249,-15,231,75,251,-15" /><INIT seed="2,3,0,5,5,42" ten="224,234,306,236" oya="2" hai0="65,98,123,135,75,132,90,93,87,79,131,106,78" hai1="84,13,40,60,116,53,101,118,99,58,73,77,134" hai2="47,48,113,61,51,16,14,37,32,120,33,31,104" hai3="1,24,19,5,10,81,88,8,6,44,54,124,39"/><V35/><F113/><W105/><G105/><T17/><D65/><U82/><E134/><N who="0" m="51241" /><D17/><U70/><E70/><V125/><F120/><W55/><G124/><T57/><D57/><U12/><E73/><V4/><F104/><W95/><G19/><T115/><D123/><U133/><E133/><V127/><F4/><W94/><G24/><T130/><D115/><U71/><E71/><V45/><F61/><W7/><G7/><T64/><D64/><U114/><E114/><V119/><F119/><W30/><G30/><T121/><D121/><U102/><E102/><V128/><F128/><N who="0" m="49194" /><D75/><U89/><E118/><V27/><F37/><W9/><G9/><T100/><AGARI ba="3,0" hai="78,79,87,90,93,98,100,106" m="49194,51241" machi="100" ten="40,8000,1" yaku="20,1,19,1,34,2" doraHai="42" who="0" fromWho="0" sc="224,89,234,-23,306,-43,236,-23" /><INIT seed="3,0,0,2,1,70" ten="313,211,263,213" oya="3" hai0="132,6,4,3,23,36,104,31,60,107,111,59,99" hai1="44,5,12,88,126,42,33,15,30,76,0,72,124" hai2="56,29,40,55,1,92,103,80,53,52,117,57,32" hai3="14,116,2,85,37,128,102,120,64,22,105,35,77"/><W84/><G2/><T79/><D36/><N who="1" m="21575" /><E88/><V115/><F117/><W67/><G120/><T34/><D132/><U82/><E30/><V127/><F1/><W68/><G116/><T54/><D111/><U122/><E33/><V11/><F115/><W112/><G112/><T27/><D79/><U61/><E61/><V96/><F127/><N who="1" m="48681" /><E122/><V133/><F133/><W125/><G125/><T106/><D3/><U97/><E97/><V87/><F40/><W78/><G35/><T113/><D113/><U25/><E25/><V100/><F100/><W43/><G68/><T24/><D99/><U71/><E71/><V110/><F110/><W118/><G118/><T109/><D109/><U10/><AGARI ba="0,0" hai="0,5,10,12,15,72,76,82" m="48681,21575" machi="10" ten="30,4000,0" yaku="25,1,18,1,52,1" doraHai="70" who="1" fromWho="1" sc="313,-10,211,40,263,-10,213,-20" owari="303,40.3,251,-14.9,253,5.3,193,-30.7" /></mjloggm>