<mjloggm ver="2.3"><GO type="225" lobby="0"/><UN n0="%E3%82%BC%E3%83%AB%E3%83%80%E3%81%AE%E4%BC%9D%E8%AA%AC" n1="%33%74%72%65%65" n2="%E3%83%8F%E3%83%B3%E3%83%89%E3%83%A9%E3%83%BC%E3%83%BB%E3%83%AF%E3%83%B3" n3="%E3%81%82%E3%81%99%E3%81%AB%E3%82%83%E3%82%80" dan="18,16,17,16" rate="2230.39,2147.64,2208.79,2129.84" sx="M,F,M,F"/><TAIKYOKU oya="0"/><INIT seed="0,0,0,1,4,80" ten="250,250,250,250" oya="0" hai0="61,101,35,63,57,103,24,19,75,40,85,23,130" hai1="115,6,124,71,113,112,128,127,36,78,37,68,126" hai2="122,17,82,46,21,32,114,118,135,59,65,10,88" hai3="58,41,1,39,56,42,134,102,79,95,13,129,3"/><T5/><D75/><U0/><E78/><V22/><F122/><W55/><G134/><T84/><D35/><U54/><E54/><V38/><F114/><W109/><G109/><T104/><D130/><U16/><E128/><V107/><F32/><W123/><G129/><T27/><D104/><U62/><E16/><V18/><F107/><W29/><G29/><T91/><D5/><U132/><E132/><V94/><F135/><W116/><G116/><T121/><D121/><U77/><E77/><V96/><F118/><W133/><G79/><T100/><D40/><U125/><N who="1" m="31744" /><DORA hai="105" /><U9/><REACH who="1" step="1"/><E62/><REACH who="1" ten="250,240,250,250" step="2"/><V28/><F17/><W106/><G55/><T43/><D63/><U119/><E119/><V86/><F18/><W97/><G133/><T31/><D43/><U110/><E110/><V117/><F117/><W72/><G42/><T53/><D91/><U89/><E89/><V20/><F88/><W92/><G41/><T81/><D81/><U7/><E7/><V60/><F60/><W2/><G123/><T4/><D4/><U70/><AGARI ba="0,1" hai="0,6,9,36,37,68,70,71,112,113,115" m="31744" machi="70" ten="70,16000,3" yaku="1,1,0,1,29,2,11,1,18,1,23,2,53,0" doraHai="80,105" doraHaiUra="12,98" who="1" fromWho="1" sc="250,-80,240,170,250,-40,250,-40" /><INIT seed="1,0,0,4,2,124" ten="170,410,210,210" oya="1" hai0="95,9,25,8,111,23,131,108,36,18,4,99,134" hai1="90,125,89,55,62,6,101,93,5,119,76,16,80" hai2="118,77,21,109,71,43,37,92,120,56,130,32,106" hai3="35,50,97,33,2,107,60,113,123,70,51,52,75"/><U38/><E119/><V88/><F32/><W69/><G113/><T46/><D134/><U24/><E38/><V83/><F71/><W87/><G75/><T127/><D127/><U86/><E125/><V22/><F106/><W112/><G112/><T110/><D131/><U66/><E101/><V96/><F118/><W7/><G123/><T31/><D31/><U84/><E76/><V79/><F120/><W103/><G50/><T98/><D95/><U20/><REACH who="1" step="1"/><E55/><REACH who="1" ten="170,400,210,210" step="2"/><V19/><F79/><W135/><G52/><T85/><D36/><U17/><E17/><V64/><F19/><W45/><G103/><T59/><D18/><U114/><E114/><V104/><F77/><W117/><G117/><T73/><D111/><U29/><E29/><V14/><F109/><W81/><G7/><T78/><D4/><U26/><E26/><V57/><F37/><W11/><G107/><T116/><D110/><U67/><E67/><V72/><F64/><W0/><G135/><T65/><D116/><U100/><E100/><V42/><F104/><W102/><G102/><T74/><D108/><U54/><E54/><V10/><F42/><W13/><G70/><AGARI ba="0,1" hai="5,6,16,20,24,62,66,70,80,84,86,89,90,93" machi="70" ten="30,5800,0" yaku="1,1,7,1,54,1,53,0" doraHai="124" doraHaiUra="129" who="1" fromWho="3" sc="170,0,400,68,210,0,210,-58" /><INIT seed="1,1,0,0,5,5" ten="170,468,210,152" oya="1" hai0="4,69,29,16,50,7,111,108,28,73,130,37,32" hai1="105,38,66,24,71,132,86,46,9,64,134,53,61" hai2="59,2,124,102,62,127,98,8,117,106,76,36,21" hai3="135,81,31,12,120,101,63,103,121,131,48,55,104"/><U52/><E105/><V119/><F36/><W77/><G131/><T19/><D37/><U40/><E24/><V18/><F76/><W1/><G1/><T115/><D73/><U68/><E86/><V97/><F97/><W129/><G129/><T39/><D39/><U112/><E9/><V82/><F82/><W88/><G135/><N who="1" m="51754" /><E112/><V56/><F8/><W89/><G31/><N who="0" m="11851" /><D69/><N who="1" m="26699" /><E64/><V13/><F106/><W6/><G104/><T80/><D130/><U128/><E128/><V22/><F2/><W25/><G25/><T92/><D32/><U41/><E41/><V133/><F133/><W122/><G63/><T75/><D115/><U107/><E107/><V51/><F62/><W20/><G6/><T44/><D4/><U33/><E33/><V27/><F27/><W84/><G103/><T54/><D7/><U93/><E93/><V58/><F102/><W65/><G101/><T15/><D92/><U3/><E3/><V118/><F21/><W14/><G65/><T96/><D96/><U95/><E95/><V67/><F98/><W94/><G20/><T10/><D19/><U30/><E30/><V11/><F22/><W109/><G94/><T72/><D80/><U70/><AGARI ba="1,0" hai="38,40,46,52,53,61,66,70" m="26699,51754" machi="70" ten="30,11700,0" yaku="20,1,34,2,54,1" doraHai="5" who="1" fromWho="1" sc="170,-40,468,120,210,-40,152,-40" /><INIT seed="1,2,0,0,0,115" ten="130,588,170,112" oya="1" hai0="28,85,45,9,129,71,57,31,91,125,118,79,110" hai1="34,40,121,67,84,27,72,5,132,112,38,17,15" hai2="120,119,61,92,133,64,104,89,134,131,30,81,114" hai3="51,54,21,37,82,70,105,73,102,47,7,100,55"/><U58/><E112/><V124/><F104/><W60/><G105/><T103/><D71/><U95/><E72/><V20/><F120/><W48/><G37/><T116/><D79/><U0/><E121/><V127/><F114/><W29/><G7/><T80/><D103/><U69/><E69/><V41/><F81/><W113/><G113/><T109/><D125/><N who="2" m="48202" /><F41/><W3/><G3/><T22/><D129/><U46/><E132/><N who="2" m="50795" /><F119/><N who="0" m="45610" /><D57/><U2/><E5/><V63/><F64/><W32/><G32/><T87/><D22/><U126/><E67/><V94/><F94/><W88/><G73/><T93/><D9/><U35/><E95/><V18/><F30/><W117/><G117/><T8/><D8/><U130/><E126/><V43/><F43/><W56/><G70/><T78/><D45/><U50/><E46/><V16/><F18/><W97/><G97/><T10/><D10/><U108/><E17/><V75/><F75/><W24/><REACH who="3" step="1"/><G60/><REACH who="3" ten="130,588,170,102" step="2"/><T77/><D77/><U74/><E0/><V123/><F123/><W49/><G49/><T59/><D59/><U99/><E58/><V6/><F6/><W90/><G90/><T66/><D66/><U11/><E50/><V52/><F63/><W12/><G12/><T62/><D62/><U14/><E15/><N who="2" m="9247" /><F61/><W83/><G83/><T13/><D13/><U98/><E14/><V36/><F36/><W107/><G107/><T1/><D1/><U101/><E2/><V25/><F89/><W86/><AGARI ba="2,1" hai="21,24,29,47,48,51,54,55,56,82,86,88,100,102" machi="86" ten="30,7900,0" yaku="1,1,0,1,8,1,54,1,53,0" doraHai="115" doraHaiUra="65" who="3" fromWho="3" sc="130,-22,588,-41,170,-22,102,95" /><INIT seed="2,0,0,5,5,62" ten="108,547,148,197" oya="2" hai0="20,72,65,117,14,71,120,50,103,69,121,2,129" hai1="11,92,12,130,49,51,131,115,36,54,30,116,134" hai2="37,44,82,98,119,6,60,22,68,126,59,13,110" hai3="41,3,91,17,35,26,73,56,96,52,97,8,4"/><V80/><F119/><W135/><G73/><T24/><D2/><U83/><E36/><V77/><F68/><W109/><G135/><T112/><D112/><U88/><E116/><V47/><F126/><W32/><G109/><T70/><D117/><U87/><E115/><V100/><F110/><W81/><G41/><T99/><D72/><U43/><E30/><V127/><F127/><W18/><G97/><T89/><D129/><U46/><E134/><V76/><F37/><W94/><G81/><T106/><D14/><U122/><E122/><V16/><F6/><W45/><G45/><N who="2" m="17481" /><F98/><W27/><G27/><T114/><D114/><U40/><E92/><V5/><F5/><W38/><G38/><T39/><D39/><U75/><E75/><V1/><F100/><W34/><G26/><T102/><D102/><U61/><E40/><V23/><F23/><W25/><G25/><T105/><D105/><U9/><E131/><V123/><F123/><W95/><G95/><T104/><D104/><U133/><E130/><V93/><F93/><W55/><G56/><T42/><D120/><U48/><E133/><V85/><F1/><W28/><G28/><N who="0" m="17415" /><D121/><U21/><E21/><V125/><F125/><W124/><G124/><T63/><D89/><U107/><E107/><V118/><F118/><W128/><G128/><T86/><D86/><U132/><E132/><V31/><F31/><W66/><G17/><T90/><D90/><U79/><E88/><N who="2" m="51239" /><F82/><W64/><G18/><T101/><D101/><U113/><E113/><V84/><F84/><W7/><G4/><T58/><D69/><RYUUKYOKU ba="0,0" sc="108,10,547,-30,148,10,197,10" hai0="42,50,58,63,65,70,71,99,103,106" hai2="13,16,22,59,60,76,77" hai3="3,7,8,32,34,35,52,55,64,66,91,94,96" /><INIT seed="2,1,0,5,3,13" ten="118,517,158,207" oya="2" hai0="31,104,27,53,111,85,44,122,24,52,2,95,134" hai1="90,115,25,130,109,86,1,126,123,67,82,43,103" hai2="102,87,62,84,120,132,36,124,33,57,75,28,3" hai3="89,96,19,15,20,88,131,91,47,92,29,135,76"/><V65/><F120/><W54/><G131/><T12/><D2/><U17/><E115/><V127/><F75/><W106/><G135/><T55/><D122/><U7/><E109/><V35/><F36/><W51/><G106/><T50/><D104/><U114/><E114/><V101/><F3/><W99/><G76/><T40/><D111/><U6/><E130/><V9/><F9/><W78/><G78/><T8/><D134/><U14/><E126/><N who="2" m="48171" /><F132/><W11/><G96/><T116/><D116/><U21/><E1/><V81/><F87/><W73/><G73/><T93/><D85/><U118/><E118/><V45/><F45/><W94/><G94/><T48/><D48/><U58/><E123/><V105/><F28/><W68/><G68/><T0/><D0/><U98/><E86/><V83/><F83/><W113/><G113/><T112/><D112/><U110/><E82/><V30/><F30/><W34/><G34/><N who="2" m="12809" /><F105/><W79/><G79/><AGARI ba="1,0" hai="57,62,65,79,81,84,101,102" m="12809,48171" machi="79" ten="30,1500,0" yaku="18,1" doraHai="13" who="2" fromWho="3" sc="118,0,517,0,158,18,207,-18" /><INIT seed="2,2,0,5,5,87" ten="118,517,176,189" oya="2" hai0="57,124,62,21,34,48,49,83,23,119,7,45,90" hai1="134,53,67,74,130,58,5,79,116,43,31,93,85" hai2="125,32,113,135,98,117,35,2,26,95,127,76,72" hai3="1,28,80,105,46,92,121,60,51,118,114,44,0"/><V22/><F113/><W39/><G118/><T94/><D124/><N who="2" m="47690" /><F117/><W63/><G105/><T8/><D34/><U36/><E116/><V10/><F135/><W81/><G121/><T9/><D83/><U59/><E134/><V52/><F76/><W64/><G92/><T13/><D119/><U126/><E74/><V71/><F71/><W104/><G104/><T41/><D49/><U84/><E79/><V18/><F72/><W77/><G51/><T101/><D101/><U68/><E68/><V29/><F52/><W88/><G77/><T96/><REACH who="0" step="1"/><D9/><REACH who="0" ten="108,517,176,189" step="2"/><U3/><E53/><AGARI ba="2,1" hai="7,8,13,21,23,41,45,48,53,57,62,90,94,96" machi="53" ten="30,8000,1" yaku="1,1,2,1,7,1,8,1,52,1,53,0" doraHai="87" doraHaiUra="61" who="0" fromWho="1" sc="108,96,517,-86,176,0,189,0" /><INIT seed="3,0,0,5,2,8" ten="204,431,176,189" oya="3" hai0="4,68,96,24,16,57,2,64,21,19,18,61,48" hai1="54,124,62,33,9,26,60,29,31,3,10,84,59" hai2="13,0,12,85,51,55,40,42,74,99,123,34,11" hai3="83,97,91,111,89,107,79,128,90,92,114,76,106"/><W78/><G114/><T14/><D2/><U135/><E124/><V130/><F74/><N who="3" m="43415" /><G128/><T115/><D115/><U116/><E116/><V120/><F34/><W23/><G23/><T119/><D119/><U110/><E31/><V32/><F32/><W49/><G49/><T36/><D36/><U44/><E44/><N who="2" m="28135" /><F130/><W86/><G111/><T17/><D4/><U101/><E84/><V72/><F72/><W6/><G6/><T93/><D48/><U65/><E54/><V53/><F53/><W77/><G90/><N who="0" m="55351" /><D68/><U94/><E60/><V15/><F85/><W43/><G43/><N who="2" m="16425" /><F0/><W129/><G129/><T109/><D109/><U126/><E10/><AGARI ba="0,0" hai="10,14,16,17,18,19,21,24,57,61,64" m="55351" machi="10" ten="30,3900,0" yaku="8,1,52,1,54,1" doraHai="8" who="0" fromWho="1" sc="204,39,431,-39,176,0,189,0" owari="243,4.3,392,49.2,176,-32.4,189,-21.1" /></mjloggm>