<mjloggm ver="2.3"><GO type="225" lobby="0"/><UN n0="%E5%A4%9C%E3%81%AE%E3%82%AC%E3%82%B9%E3%83%91%E3%83%BC%E3%83%AB" n1="%72%69%6F%75%63%68%61%6E" n2="%E3%81%B2%E3%81%AA%E3%81%AE%E3%82%8A%E3%81%8F" n3="%E3%81%8B%E3%82%8F%E3%81%A1%E3%82%83%E3%82%93%35%38" dan="17,17,17,17" rate="2233.90,2193.20,2217.34,2243.01" sx="M,M,M,M"/><TAIKYOKU oya="0"/><INIT seed="0,0,0,2,2,94" ten="250,250,250,250" oya="0" hai0="93,125,115,38,99,73,118,23,39,22,52,119,100" hai1="129,61,127,55,113,53,63,101,11,13,21,45,65" hai2="85,24,135,106,12,102,124,40,15,104,67,87,105" hai3="48,44,114,121,43,8,37,66,116,25,29,6,27"/><T126/><D115/><U88/><E127/><N who="0" m="48649" /><D73/><U77/><E129/><V3/><F3/><W76/><G114/><T19/><D52/><N who="1" m="20043" /><E113/><V70/><F124/><W111/><G116/><N who="0" m="44587" /><D23/><U84/><E77/><V132/><F40/><W51/><G66/><T90/><D100/><U41/><E65/><V107/><F67/><W89/><G43/><T64/><D64/><U120/><E120/><V4/><F70/><W71/><G121/><T56/><D56/><U81/><E101/><V34/><F102/><W91/><G71/><T5/><D5/><N who="1" m="3311" /><E21/><V72/><F72/><W74/><G74/><T31/><D31/><U112/><E112/><V57/><F57/><W2/><G29/><T96/><D96/><U117/><E117/><V50/><F4/><W14/><G6/><T17/><D17/><U122/><E122/><V36/><F34/><W83/><G44/><T134/><D134/><U128/><E128/><V78/><F135/><W33/><G33/><T42/><D42/><U110/><E41/><V68/><F68/><W82/><G48/><T80/><D80/><U35/><E45/><V26/><F50/><W60/><G51/><T130/><D130/><U86/><E35/><V1/><F132/><W28/><G28/><T32/><D32/><U75/><E75/><V54/><F54/><W30/><G30/><T59/><D59/><U9/><E61/><V10/><F1/><W20/><G60/><T16/><D19/><U79/><E63/><V131/><F131/><W95/><G83/><T108/><D108/><U123/><E110/><V92/><N who="2" m="26624" /><DORA hai="109" /><V7/><F7/><RYUUKYOKU ba="0,0" sc="250,30,250,-10,250,-10,250,-10" hai0="16,22,38,39,90,93,99" /><INIT seed="0,1,0,1,1,59" ten="280,240,240,240" oya="0" hai0="46,109,68,33,26,127,53,66,111,23,37,124,3" hai1="43,8,57,55,19,123,5,73,4,98,75,14,25" hai2="119,0,69,36,13,130,7,101,132,51,85,107,72" hai3="78,90,17,133,94,83,88,44,131,49,108,34,76"/><T92/><D3/><U15/><E123/><V79/><F36/><W115/><G115/><T58/><D33/><U65/><E65/><V120/><F0/><W9/><G34/><T40/><D92/><U30/><E43/><V62/><F72/><W106/><G106/><T20/><D20/><U11/><E98/><V32/><F32/><W122/><G122/><T93/><D93/><U61/><REACH who="1" step="1"/><E19/><REACH who="1" ten="280,230,240,240" step="2"/><V77/><F120/><W91/><G108/><N who="0" m="41547" /><D66/><U114/><E114/><V121/><F121/><W56/><G133/><T42/><D42/><U116/><E116/><V128/><F132/><W74/><G131/><T45/><D68/><U31/><E31/><V22/><F119/><W1/><G17/><N who="0" m="12655" /><D46/><U105/><E105/><V24/><F107/><W86/><G44/><T99/><D99/><U12/><E12/><V89/><F69/><W54/><REACH who="3" step="1"/><G76/><REACH who="3" ten="280,230,240,230" step="2"/><T52/><D53/><U80/><E80/><V118/><F130/><W35/><G35/><AGARI ba="1,2" hai="4,5,8,11,14,15,25,30,35,55,57,61,73,75" machi="35" ten="30,8000,1" yaku="1,1,7,1,9,1,52,1,53,1" doraHai="59" doraHaiUra="27" who="1" fromWho="3" sc="280,0,230,103,240,0,230,-83" /><INIT seed="1,0,0,4,3,46" ten="280,333,240,147" oya="1" hai0="70,18,98,130,73,100,62,8,15,6,126,20,110" hai1="114,97,96,38,13,109,132,48,88,86,34,113,50" hai2="101,129,43,11,111,63,59,83,123,78,3,117,134" hai3="108,115,127,64,35,54,9,77,79,57,36,19,119"/><U51/><E38/><V65/><F117/><W90/><G115/><T106/><D110/><U91/><E34/><V4/><F111/><W71/><G108/><T112/><D126/><U76/><E109/><V116/><F116/><W61/><G127/><T92/><D130/><U93/><E132/><V82/><F123/><W42/><G35/><T68/><D73/><U121/><E121/><V125/><F125/><W2/><G119/><T102/><D112/><U44/><E114/><V12/><F129/><W69/><G69/><T75/><D75/><U40/><E113/><V107/><F134/><W14/><G2/><T72/><D72/><U10/><E76/><V33/><F33/><W0/><G0/><T21/><D21/><U84/><E84/><V31/><F31/><W95/><G42/><T7/><D7/><N who="1" m="3295" /><E97/><V135/><F78/><W122/><G36/><T24/><D106/><U37/><E37/><V60/><F3/><W49/><REACH who="3" step="1"/><G122/><REACH who="3" ten="280,333,240,137" step="2"/><T118/><D118/><U1/><E1/><V74/><F135/><W99/><AGARI ba="0,1" hai="9,14,19,49,54,57,61,64,71,77,79,90,95,99" machi="99" ten="20,12000,2" yaku="1,1,2,1,0,1,7,1,52,1,53,1" doraHai="46" doraHaiUra="85" who="3" fromWho="3" sc="280,-30,333,-60,240,-30,137,130" /><INIT seed="2,0,0,3,5,86" ten="250,273,210,267" oya="2" hai0="13,20,38,131,18,25,32,108,120,103,24,116,84" hai1="75,78,41,83,133,3,110,56,77,90,91,49,21" hai2="33,67,4,76,127,70,118,117,23,135,54,94,113" hai3="51,129,93,36,37,59,99,16,106,88,85,126,69"/><V7/><F113/><W47/><G69/><T30/><D38/><U45/><E3/><V109/><F33/><W52/><G126/><T22/><D120/><U119/><E119/><V27/><F127/><W2/><G2/><T105/><D116/><U46/><E110/><V19/><F109/><W87/><G129/><T132/><D108/><U114/><E114/><V123/><F123/><W95/><G106/><T124/><D124/><U48/><E133/><V61/><F135/><W130/><G130/><T57/><D131/><U55/><E77/><V1/><F76/><W29/><G29/><T134/><D103/><U97/><E97/><V72/><F72/><W121/><G121/><T15/><D105/><U100/><E100/><V58/><F94/><W111/><G111/><T0/><D0/><U53/><REACH who="1" step="1"/><E21/><REACH who="1" ten="250,263,210,267" step="2"/><V42/><F1/><W112/><G112/><T6/><D22/><U115/><E115/><V98/><F98/><N who="3" m="57639" /><G36/><AGARI ba="0,1" hai="36,41,45,46,48,49,53,55,56,75,78,83,90,91" machi="36" ten="30,7700,0" yaku="1,1,7,1,52,2,53,0" doraHai="86" doraHaiUra="17" who="1" fromWho="3" sc="250,0,263,87,210,0,267,-77" /><INIT seed="3,0,0,4,1,11" ten="250,350,210,190" oya="3" hai0="3,120,91,81,45,99,35,80,94,61,131,65,46" hai1="122,39,1,103,77,109,0,7,16,127,37,132,112" hai2="21,105,38,114,42,33,8,28,86,4,78,90,68" hai3="19,134,87,92,10,119,85,82,124,30,64,102,57"/><W100/><G119/><T115/><D120/><U104/><E7/><V116/><F105/><W22/><G134/><T56/><D35/><U108/><E122/><V18/><F68/><W2/><G124/><T29/><D3/><N who="1" m="1099" /><E112/><V58/><F114/><W63/><G30/><T84/><D115/><U43/><E77/><V121/><F116/><W110/><G110/><N who="1" m="42602" /><E43/><V130/><F130/><W98/><G100/><T59/><D29/><U89/><E127/><V17/><F78/><W15/><G2/><T50/><D131/><U20/><E132/><V34/><F28/><W101/><G101/><N who="0" m="60663" /><D80/><U36/><E89/><V70/><F42/><W76/><REACH who="3" step="1"/><G10/><REACH who="3" ten="250,350,210,180" step="2"/><T117/><D117/><U129/><E129/><V9/><F9/><W106/><G106/><T133/><D133/><U66/><E103/><V44/><F121/><W126/><G126/><T74/><D74/><AGARI ba="0,1" hai="15,19,22,57,63,64,74,76,82,85,87,92,98,102" machi="74" ten="30,5800,0" yaku="1,1,7,1,52,1,53,0" doraHai="11" doraHaiUra="51" who="3" fromWho="0" sc="250,-58,350,0,210,0,180,68" /><INIT seed="3,1,0,1,3,120" ten="192,350,210,248" oya="3" hai0="132,63,19,107,112,17,130,47,68,40,62,97,108" hai1="44,54,31,128,53,96,76,49,18,9,78,126,33" hai2="58,2,71,8,133,30,129,61,72,105,7,0,36" hai3="23,123,51,103,34,118,52,89,59,116,75,86,122"/><W82/><G34/><T11/><D130/><U104/><E128/><V41/><F71/><W114/><G114/><T45/><D112/><U111/><E111/><V124/><F129/><W67/><G123/><T69/><D132/><U117/><E126/><V24/><F124/><W1/><G122/><T134/><D134/><U39/><E117/><V3/><F105/><W32/><G32/><T65/><D11/><U56/><E104/><V66/><F72/><W48/><G1/><T6/><D6/><U70/><E70/><V37/><F133/><W64/><G118/><T25/><D107/><U101/><E39/><V88/><F37/><W43/><G75/><T14/><D25/><U87/><E87/><V35/><F41/><W99/><G23/><T102/><D102/><U13/><E31/><V91/><REACH who="2" step="1"/><F36/><REACH who="2" ten="192,350,200,248" step="2"/><W95/><G116/><T94/><D108/><U5/><E33/><V74/><F74/><W73/><G73/><T21/><D40/><U110/><E110/><V119/><F119/><W93/><G43/><T83/><D83/><U55/><E55/><V20/><F20/><W84/><G82/><T12/><D21/><U90/><E54/><V92/><F92/><W27/><G95/><T4/><D94/><U16/><E53/><V80/><F80/><W50/><G93/><T106/><D106/><U46/><E101/><V42/><F42/><W60/><G103/><T38/><D38/><U57/><E96/><V115/><F115/><W125/><G99/><T113/><D113/><U79/><E9/><V15/><AGARI ba="1,1" hai="0,2,3,7,8,15,24,30,35,58,61,66,88,91" machi="15" ten="30,7900,0" yaku="1,1,0,1,54,1,53,1" doraHai="120" doraHaiUra="10" who="2" fromWho="2" sc="192,-21,350,-21,200,92,248,-40" owari="171,-32.9,329,42.9,292,9.2,208,-19.2" /></mjloggm>