<mjloggm ver="2.3"><GO type="225" lobby="0"/><UN n0="%E3%82%8C%E3%81%99%E3%81%93" n1="%E5%B8%86%E7%AB%8B%E5%A4%8F%E8%A1%A3" n2="%E3%80%90%E3%83%88%E3%83%AA%E3%83%A5%E3%83%95%E3%80%91" n3="%E3%82%BD%E3%83%83%E3%82%AF%E3%82%B9%E2%99%AA" dan="17,17,16,16" rate="2262.13,2167.80,2096.44,2036.93" sx="F,M,M,M"/><TAIKYOKU oya="0"/><INIT seed="0,0,0,2,0,85" ten="250,250,250,250" oya="0" hai0="131,65,3,93,54,106,84,96,121,127,80,43,6" hai1="18,13,15,88,0,74,41,58,52,116,87,36,1" hai2="81,20,100,77,17,5,51,22,101,75,21,111,91" hai3="34,114,126,107,24,59,86,26,99,108,134,117,71"/><T46/><D121/><U125/><E116/><V28/><F111/><W9/><G86/><T70/><D106/><U23/><E74/><V29/><F5/><W44/><G99/><T110/><D110/><U64/><E125/><V130/><F130/><W83/><G83/><T55/><D127/><U30/><E30/><V38/><F38/><W95/><G95/><T42/><D131/><U67/><E1/><V98/><F51/><W119/><G59/><T39/><D42/><U78/><E0/><V40/><F40/><W53/><G53/><T60/><D6/><U105/><E105/><V82/><F17/><W72/><G44/><T61/><D3/><U122/><E78/><V104/><REACH who="2" step="1"/><F101/><REACH who="2" ten="250,250,240,250" step="2"/><W4/><G108/><T66/><D96/><U109/><E109/><V128/><F128/><W45/><G4/><T63/><D93/><N who="1" m="54431" /><E41/><V47/><F47/><W90/><G45/><T79/><REACH who="0" step="1"/><D61/><REACH who="0" ten="240,250,240,250" step="2"/><N who="1" m="36039" /><E36/><V25/><F25/><W16/><G26/><T103/><D103/><U73/><E122/><V48/><F48/><W35/><G126/><T94/><D94/><U56/><E15/><V50/><F50/><W120/><G107/><T33/><D33/><U92/><E92/><V32/><F32/><W76/><G35/><T11/><D11/><U7/><E7/><V115/><F115/><W27/><G9/><T49/><D49/><U14/><E14/><V89/><F89/><W68/><G34/><T62/><D62/><U112/><E112/><V123/><F123/><W8/><G90/><T129/><D129/><U113/><E113/><V69/><F69/><AGARI ba="0,2" hai="39,43,46,54,55,60,63,65,66,69,70,79,80,84" machi="69" ten="30,5800,0" yaku="1,1,7,1,9,1,53,0" doraHai="85" doraHaiUra="2" who="0" fromWho="2" sc="240,78,250,0,240,-58,250,0" /><INIT seed="0,1,0,4,2,103" ten="318,250,182,250" oya="0" hai0="73,46,132,104,112,74,52,6,105,86,120,57,12" hai1="49,121,34,98,0,22,14,31,90,11,100,64,55" hai2="70,27,66,38,2,85,116,58,82,91,68,84,15" hai3="63,93,69,125,115,21,20,71,7,9,87,102,126"/><T117/><D112/><U75/><E121/><V135/><F2/><W107/><G115/><T76/><D117/><U79/><E64/><V4/><F38/><W123/><G123/><T67/><D120/><U3/><E75/><V88/><F135/><W108/><G108/><T36/><D67/><U62/><E79/><V39/><F39/><W13/><G107/><T80/><D132/><U50/><E34/><V23/><F116/><W81/><G93/><T26/><D26/><N who="1" m="16855" /><E100/><V118/><F118/><W51/><G51/><T77/><D46/><U48/><E3/><V29/><F4/><W43/><G43/><T110/><D36/><U17/><E0/><V45/><F45/><W109/><G63/><T65/><D65/><U124/><E124/><N who="3" m="47722" /><G102/><T131/><D131/><U37/><E37/><V10/><F58/><W127/><G109/><T92/><D110/><U25/><E25/><V24/><F27/><W32/><G32/><T28/><D28/><U30/><E30/><V33/><F66/><W97/><G97/><T47/><D47/><N who="1" m="28063" /><E62/><V60/><F60/><W99/><G127/><T130/><D130/><U114/><E114/><V18/><REACH who="2" step="1"/><F33/><REACH who="2" ten="318,250,172,250" step="2"/><W106/><G71/><T53/><D57/><U19/><E50/><V129/><F129/><W8/><G69/><T44/><D44/><U96/><E49/><V41/><F41/><W111/><G111/><T134/><D134/><U1/><E1/><V35/><F35/><W119/><G119/><T101/><D6/><U128/><E128/><V94/><AGARI ba="1,1" hai="10,15,18,23,24,29,68,70,82,84,85,88,91,94" machi="94" ten="20,5200,0" yaku="1,1,0,1,7,1,54,1,53,0" doraHai="103" doraHaiUra="122" who="2" fromWho="2" sc="318,-27,250,-14,172,65,250,-14" /><INIT seed="1,0,0,1,3,135" ten="291,236,237,236" oya="1" hai0="115,102,90,107,73,63,105,122,70,92,58,20,112" hai1="31,54,27,35,17,13,128,28,5,16,100,55,62" hai2="29,75,87,43,71,14,46,127,0,67,129,113,114" hai3="116,57,9,52,83,23,106,91,25,98,24,110,30"/><U66/><E128/><V103/><F75/><W47/><G110/><T108/><D108/><U82/><E100/><V78/><F0/><W38/><G116/><T84/><D70/><U15/><E5/><V42/><F29/><W104/><G9/><T37/><D37/><U134/><E134/><V8/><F129/><W109/><G109/><T11/><D122/><U121/><E121/><V119/><F119/><W12/><G12/><T49/><D49/><U86/><E13/><V51/><F42/><W89/><G25/><T7/><D73/><U94/><E94/><V133/><F103/><W45/><G98/><T124/><D124/><U80/><E31/><V61/><F127/><W81/><G81/><T56/><D20/><U10/><E17/><V44/><F46/><W53/><G47/><T123/><D123/><U4/><E80/><N who="2" m="47511" /><F133/><W131/><G131/><T99/><D107/><U60/><E4/><AGARI ba="0,0" hai="4,8,14,43,44,51,61,67,71,113,114" m="47511" machi="4" ten="30,1000,0" yaku="25,1" doraHai="135" who="2" fromWho="1" sc="291,0,236,-10,237,10,236,0" /><INIT seed="2,0,0,0,4,131" ten="291,226,247,236" oya="2" hai0="74,92,59,110,40,117,99,102,43,66,132,100,6" hai1="76,14,108,20,118,27,133,67,10,24,122,114,115" hai2="73,88,98,50,64,57,113,134,41,60,127,111,106" hai3="89,75,18,96,116,55,78,120,77,39,53,95,17"/><V4/><F113/><N who="1" m="43017" /><E67/><V38/><F73/><W97/><G120/><T16/><D110/><U71/><E76/><N who="3" m="29290" /><G75/><T79/><D117/><U21/><E71/><V82/><F111/><W58/><G39/><T130/><D130/><U8/><E108/><V5/><F106/><W90/><G116/><T85/><D74/><U72/><E72/><V46/><F127/><W29/><G29/><T104/><D6/><N who="1" m="3351" /><E118/><V3/><F3/><W25/><G25/><N who="1" m="9802" /><E122/><V31/><F38/><W47/><G47/><T94/><D104/><U124/><E124/><V52/><F98/><W37/><G37/><T2/><D100/><U86/><E86/><V34/><F82/><W103/><G55/><T125/><D125/><U33/><E33/><V128/><F41/><W56/><G58/><T123/><D59/><U26/><E10/><V15/><F34/><W70/><G70/><T42/><D123/><U0/><E0/><V30/><F46/><W9/><G9/><T11/><D2/><U1/><E1/><V101/><F57/><W129/><G129/><T12/><D66/><U107/><E107/><V69/><F128/><W7/><G97/><T63/><D63/><U105/><E105/><V81/><F101/><W35/><G35/><T61/><D61/><U109/><E109/><V13/><F52/><W87/><G103/><T49/><D49/><U119/><E119/><V83/><F50/><N who="3" m="30775" /><G7/><T65/><D65/><U62/><E62/><V54/><F60/><W22/><G87/><T121/><D121/><U48/><E48/><V36/><F64/><W32/><G32/><T93/><D99/><RYUUKYOKU ba="0,0" sc="291,0,226,0,247,0,236,0" /><INIT seed="3,1,0,5,0,88" ten="291,226,247,236" oya="3" hai0="11,63,120,118,62,95,39,75,45,77,57,127,65" hai1="98,80,51,37,35,38,117,31,20,1,91,106,94" hai2="96,12,14,21,33,82,25,55,104,85,46,10,23" hai3="59,17,93,27,83,102,22,3,34,92,53,101,67"/><W115/><G115/><T42/><D118/><U110/><E35/><V111/><F111/><W121/><G121/><T70/><D120/><U64/><E1/><V79/><F104/><W73/><G3/><T24/><D127/><U66/><E110/><V99/><F33/><W135/><G34/><T89/><D24/><N who="1" m="16775" /><E38/><V9/><F21/><W8/><G135/><T122/><D122/><U44/><E37/><V132/><F132/><W74/><G67/><T76/><D11/><U52/><E106/><V128/><F128/><W50/><G8/><T112/><D75/><U28/><E28/><N who="2" m="17471" /><F12/><W61/><G50/><T13/><D13/><U16/><E117/><V54/><F10/><W58/><G58/><T114/><D114/><U130/><E130/><V71/><F71/><W124/><G124/><T90/><D112/><U123/><E123/><V87/><F87/><W116/><G116/><T7/><D7/><U6/><E6/><N who="2" m="3383" /><F46/><W68/><G68/><T36/><D36/><U109/><E109/><V29/><F29/><W133/><G133/><T43/><D43/><U108/><E108/><V40/><F40/><W119/><G119/><T100/><D70/><U26/><E16/><V125/><F125/><W30/><G30/><T103/><D63/><U129/><E129/><V86/><F86/><W72/><REACH who="3" step="1"/><G83/><REACH who="3" ten="291,226,247,226" step="2"/><T105/><D65/><N who="1" m="25195" /><E80/><V41/><F41/><W5/><G5/><T126/><D42/><U49/><E49/><V134/><F134/><W81/><G81/><T2/><D126/><U48/><E48/><V60/><F60/><W131/><G131/><T32/><D62/><RYUUKYOKU ba="1,1" sc="291,-30,226,10,247,10,226,10" hai1="26,44,51,52,91,94,98" hai2="54,55,79,82,85,96,99" hai3="17,22,27,53,59,61,72,73,74,92,93,101,102" /><INIT seed="3,2,1,0,5,131" ten="261,236,257,236" oya="3" hai0="62,90,121,14,42,15,86,109,38,29,104,88,100" hai1="6,73,114,80,5,41,118,7,107,13,106,43,37" hai2="108,123,111,99,120,12,27,115,96,84,55,39,128" hai3="31,17,4,19,122,117,57,85,101,32,24,50,93"/><W74/><G122/><N who="2" m="46633" /><F39/><W11/><G117/><T0/><D0/><U9/><E114/><V97/><F27/><W61/><G74/><T56/><D121/><U47/><E43/><V87/><F55/><W126/><G126/><T67/><D109/><N who="2" m="42058" /><F12/><W52/><G101/><T98/><D29/><U110/><E118/><V124/><F128/><W119/><G119/><T129/><D129/><U10/><E110/><V132/><F132/><W134/><G134/><T91/><D42/><U135/><E135/><V22/><F22/><W83/><G93/><T82/><REACH who="0" step="1"/><D38/><REACH who="0" ten="251,236,257,236" step="2"/><U36/><E36/><V53/><F124/><W60/><G60/><T51/><D51/><U112/><E37/><V116/><F116/><W69/><G61/><T130/><D130/><U72/><E41/><V3/><F3/><W2/><REACH who="3" step="1"/><G69/><REACH who="3" ten="251,236,257,226" step="2"/><T103/><D103/><U78/><E112/><V75/><F115/><W48/><G48/><T30/><D30/><U1/><E1/><V46/><F75/><W40/><G40/><T76/><AGARI ba="2,3" hai="14,15,56,62,67,76,82,86,88,90,91,98,100,104" machi="76" ten="30,4000,0" yaku="1,1,0,1,54,1,53,0" doraHai="131" doraHaiUra="35" who="0" fromWho="0" sc="251,76,236,-12,257,-12,226,-22" owari="327,42.7,224,-17.6,245,4.5,204,-29.6" /></mjloggm>