<mjloggm ver="2.3"><GO type="225" lobby="0"/><UN n0="%E3%81%A1%E3%82%85%E3%81%86%E3%81%A9%E3%81%8F%E8%B1%A1%E3%81%95%E3%82%93" n1="%E3%83%B4%E3%83%A0%EF%BC%99%E3%81%A6" n2="%E3%81%82%E3%83%BC%E3%81%97" n3="%73%65%69%6A%69%64%6F%6E" dan="17,17,16,16" rate="2174.66,2197.52,2111.12,2177.86" sx="M,M,M,M"/><TAIKYOKU oya="0"/><INIT seed="0,0,0,3,0,54" ten="250,250,250,250" oya="0" hai0="110,68,132,119,45,30,130,101,24,71,134,91,85" hai1="129,2,3,128,32,123,93,28,92,25,94,65,73" hai2="52,118,58,11,117,19,135,60,31,20,56,72,78" hai3="103,63,122,12,14,5,7,106,8,16,90,125,34"/><T27/><D119/><N who="2" m="45578" /><F135/><N who="0" m="51754" /><D101/><U64/><E73/><V59/><F31/><W50/><G34/><N who="0" m="20807" /><D130/><N who="1" m="50283" /><E123/><V61/><F11/><W98/><G122/><T49/><D27/><U100/><E100/><V48/><F78/><W46/><G125/><T21/><D21/><U55/><E55/><V38/><F38/><W29/><G29/><T18/><D18/><U109/><E109/><V120/><F72/><W121/><G121/><T41/><D110/><U57/><E64/><V36/><F36/><W10/><G90/><T83/><AGARI ba="0,0" hai="41,45,49,68,71,83,85,91" m="20807,51754" machi="83" ten="30,1500,0" yaku="20,1" doraHai="54" who="0" fromWho="0" sc="250,15,250,-5,250,-5,250,-5" /><INIT seed="0,1,0,3,1,44" ten="265,245,245,245" oya="0" hai0="28,121,37,12,24,127,26,48,14,20,15,118,31" hai1="119,62,16,51,9,66,128,18,23,40,116,59,102" hai2="71,56,84,81,109,22,96,49,111,86,92,108,93" hai3="129,68,39,2,13,104,124,113,134,57,105,82,103"/><T67/><D121/><U64/><E128/><V69/><F22/><W106/><G2/><T114/><D118/><U107/><E64/><V4/><F4/><W74/><G68/><T63/><D114/><U0/><E116/><V130/><F130/><W73/><G39/><T65/><D37/><U5/><E119/><V61/><F93/><W122/><G13/><T25/><D127/><U97/><REACH who="1" step="1"/><E23/><REACH who="1" ten="265,235,245,245" step="2"/><V1/><F71/><W126/><G129/><T72/><D65/><U42/><E42/><V110/><F69/><W46/><G124/><T58/><D20/><U10/><E10/><V53/><F108/><W29/><G126/><T90/><D72/><U52/><E52/><N who="2" m="33927" /><F81/><W83/><G82/><T76/><D76/><U133/><E133/><V34/><F34/><W100/><G134/><T89/><REACH who="0" step="1"/><D48/><REACH who="0" ten="255,235,245,245" step="2"/><U123/><E123/><V19/><F111/><W98/><G74/><T135/><D135/><U7/><E7/><V50/><F50/><W125/><G73/><T88/><AGARI ba="1,2" hai="12,14,15,24,25,26,28,31,58,63,67,88,89,90" machi="88" ten="40,18000,2" yaku="1,1,0,1,29,2,8,1,54,1,53,0" doraHai="44" doraHaiUra="101" who="0" fromWho="0" sc="255,203,235,-61,245,-61,245,-61" /><INIT seed="0,2,0,3,3,122" ten="458,174,184,184" oya="0" hai0="126,59,67,104,127,129,123,66,121,32,49,56,15" hai1="115,62,34,134,74,108,50,131,14,82,41,22,95" hai2="47,133,54,92,27,26,103,58,29,55,28,128,111" hai3="53,36,10,46,102,0,65,35,24,130,38,93,79"/><T4/><D32/><U69/><E34/><V87/><F133/><W64/><G130/><T84/><D104/><U13/><E131/><V19/><F128/><W120/><G120/><N who="0" m="46155" /><D84/><U52/><E134/><V97/><F111/><W9/><G53/><N who="0" m="31791" /><D4/><U106/><E108/><V33/><F19/><W107/><G46/><T135/><D15/><U57/><E115/><V117/><F117/><W125/><G38/><T132/><D129/><U16/><E106/><V1/><F1/><W21/><G36/><T113/><D113/><U86/><E74/><V100/><F100/><W83/><G65/><N who="0" m="24587" /><D59/><U124/><E86/><V11/><F11/><W114/><G102/><T2/><D2/><U39/><E82/><V77/><F58/><W110/><G83/><T30/><D30/><U109/><E95/><V43/><F87/><W96/><G93/><T23/><D23/><U75/><E13/><V76/><F76/><W5/><G21/><T40/><D40/><U6/><E6/><V61/><F77/><W118/><G5/><T105/><D105/><U20/><E20/><V112/><F112/><W51/><G79/><T88/><D88/><U89/><E89/><V101/><F101/><W25/><G107/><T7/><D7/><U80/><E80/><V98/><F98/><W45/><G96/><T31/><D31/><U70/><E75/><V8/><F8/><W42/><G10/><T68/><D68/><U37/><E69/><V85/><F85/><W48/><G9/><T81/><D81/><U116/><E70/><V72/><F72/><W17/><G114/><T3/><D3/><RYUUKYOKU ba="2,0" sc="458,30,174,-10,184,-10,184,-10" hai0="126,127,132,135" /><INIT seed="0,3,0,1,5,48" ten="488,164,174,174" oya="0" hai0="32,123,3,93,75,95,35,43,64,54,90,102,77" hai1="40,6,68,8,62,134,22,14,84,111,20,70,34" hai2="99,60,106,23,27,61,17,29,25,109,125,52,133" hai3="67,73,57,113,46,42,89,65,132,21,82,81,63"/><T127/><D123/><U5/><E34/><V58/><F109/><W108/><G108/><T10/><D127/><U30/><E111/><V76/><F125/><W11/><G113/><T26/><D64/><U86/><E134/><V126/><F126/><W51/><G132/><T74/><D43/><U24/><E40/><V94/><F106/><W69/><G73/><T97/><D3/><U105/><E105/><V9/><F133/><W33/><G33/><T118/><D118/><U92/><E5/><V96/><F76/><W49/><G11/><T114/><D114/><U37/><E37/><V66/><F94/><W12/><G89/><T130/><D130/><U80/><E20/><N who="2" m="15527" /><F9/><W107/><G107/><T104/><D10/><U116/><E116/><V38/><F38/><W88/><G88/><T101/><D101/><U129/><E129/><V124/><F124/><W47/><G65/><T31/><D32/><U91/><E62/><V41/><F41/><N who="3" m="24783" /><G69/><T98/><D77/><AGARI ba="3,0" hai="6,8,14,22,24,30,68,70,77,80,84,86,91,92" machi="77" ten="30,1000,0" yaku="7,1" doraHai="48" who="1" fromWho="0" sc="488,-19,164,19,174,0,174,0" /><INIT seed="1,0,0,2,0,57" ten="469,183,174,174" oya="1" hai0="21,103,84,62,135,55,118,92,71,106,133,26,129" hai1="123,17,12,100,51,2,14,93,78,59,20,49,44" hai2="16,47,67,73,8,48,13,101,40,105,122,9,19" hai3="33,112,117,121,114,28,90,79,95,86,134,110,27"/><U111/><E123/><V38/><F122/><W45/><G121/><T77/><D118/><U87/><E2/><V34/><F73/><W75/><G117/><T115/><D115/><U80/><E111/><V5/><F34/><W23/><G110/><T85/><D129/><U98/><E44/><V68/><F38/><W4/><G4/><T109/><D109/><U6/><REACH who="1" step="1"/><E59/><REACH who="1" ten="469,173,174,174" step="2"/><V130/><F130/><W99/><G114/><T125/><D133/><U132/><E132/><V108/><F108/><W69/><G112/><T60/><D135/><U10/><AGARI ba="0,1" hai="6,10,12,14,17,20,49,51,78,80,87,93,98,100" machi="10" ten="30,11700,0" yaku="1,1,0,1,8,1,53,1" doraHai="57" doraHaiUra="74" who="1" fromWho="1" sc="469,-39,173,127,174,-39,174,-39" /><INIT seed="1,1,0,1,5,61" ten="430,300,135,135" oya="1" hai0="113,70,127,35,21,59,1,57,20,2,100,39,115" hai1="124,36,118,34,114,53,66,15,111,126,82,10,44" hai2="116,77,17,108,91,68,25,84,38,6,56,63,5" hai3="43,46,90,93,3,18,123,104,103,16,9,71,73"/><U87/><E114/><V67/><F116/><W4/><G123/><T128/><D39/><U117/><E34/><V130/><F38/><W133/><G133/><T26/><D70/><U75/><E75/><V81/><F68/><W79/><G71/><T7/><D35/><U96/><E96/><V40/><F108/><W78/><G103/><T50/><D100/><U88/><E111/><V23/><F130/><W33/><G33/><T30/><D127/><N who="1" m="48683" /><E66/><V41/><REACH who="2" step="1"/><F77/><REACH who="2" ten="430,300,125,135" step="2"/><W107/><G78/><T112/><D128/><U52/><E36/><V110/><F110/><W27/><G79/><T31/><D112/><U60/><E117/><V64/><F64/><W83/><G104/><T72/><D113/><U29/><E118/><V12/><F12/><W129/><G107/><T122/><D115/><U92/><E29/><V19/><F19/><W74/><G16/><T134/><D30/><U109/><E109/><V42/><AGARI ba="1,1" hai="5,6,17,23,25,40,41,42,56,63,67,81,84,91" machi="42" ten="30,7900,0" yaku="1,1,0,1,8,1,52,1,53,0" doraHai="61" doraHaiUra="132" who="2" fromWho="2" sc="430,-21,300,-40,125,92,135,-21" /><INIT seed="2,0,0,1,1,117" ten="409,260,217,114" oya="2" hai0="31,2,29,85,49,13,73,18,22,10,3,74,4" hai1="99,96,28,7,48,15,68,6,36,132,92,88,108" hai2="42,20,110,60,122,120,69,39,11,83,55,57,131" hai3="102,87,93,81,47,35,50,23,100,34,33,90,62"/><V127/><F131/><W128/><G128/><T67/><D2/><U75/><E36/><V76/><F127/><W89/><G62/><T70/><D85/><U125/><E125/><V53/><F69/><W8/><G8/><T91/><D91/><U129/><E129/><V14/><F20/><W52/><REACH who="3" step="1"/><G23/><REACH who="3" ten="409,260,217,104" step="2"/><T9/><D9/><U26/><E68/><V25/><F110/><W126/><G126/><T61/><D22/><U44/><E108/><V109/><F109/><W1/><G1/><T84/><D10/><U0/><E0/><V130/><F130/><W72/><G72/><T115/><D61/><U133/><E75/><V86/><F25/><W121/><G121/><T21/><D3/><U105/><E6/><V71/><F71/><W77/><G77/><T134/><D70/><U106/><E7/><V58/><F14/><W94/><G94/><T19/><D4/><U46/><E15/><V27/><F27/><W63/><G63/><T64/><D13/><U17/><E26/><V16/><F11/><W30/><G30/><T45/><D31/><U79/><E28/><V24/><F24/><W65/><G65/><T80/><D29/><U78/><E78/><V103/><F120/><W82/><G82/><T12/><D80/><U40/><E79/><V54/><F122/><W118/><G118/><T43/><D21/><U38/><E105/><V124/><F124/><W107/><G107/><T66/><D74/><U98/><E106/><V101/><F83/><W114/><G114/><T112/><D73/><U123/><E123/><V111/><F111/><W5/><G5/><RYUUKYOKU ba="0,1" sc="409,-10,260,-10,217,-10,104,30" hai3="33,34,35,47,50,52,81,87,89,90,93,100,102" /><INIT seed="3,1,1,3,3,107" ten="399,250,207,134" oya="3" hai0="116,75,18,76,63,3,92,77,117,105,88,47,133" hai1="85,91,55,73,11,64,43,12,21,111,127,51,65" hai2="119,106,24,31,0,62,6,84,46,118,50,93,19" hai3="135,56,27,103,60,57,26,108,35,125,14,95,68"/><W90/><G125/><T5/><D105/><U80/><E127/><V39/><F106/><W79/><G135/><T129/><D47/><N who="1" m="26111" /><E73/><V98/><F39/><W32/><G108/><T72/><D18/><N who="1" m="8479" /><E111/><V130/><F19/><W81/><G103/><T33/><D92/><U82/><E82/><V86/><F62/><W113/><G113/><T4/><D88/><U100/><E100/><V41/><F130/><W61/><G68/><T71/><D63/><U42/><E42/><V101/><F118/><W120/><G120/><T128/><D5/><U74/><E74/><V36/><F36/><W112/><G112/><T13/><D13/><U134/><E134/><V126/><F126/><W122/><G122/><T110/><D76/><U22/><E55/><V45/><F45/><W15/><G81/><T54/><D4/><U67/><AGARI ba="1,1" hai="21,22,64,65,67,80,85,91" m="8479,26111" machi="67" ten="30,1100,0" yaku="8,1" doraHai="107" who="1" fromWho="1" sc="399,-4,250,24,207,-4,134,-6" owari="395,49.5,274,7.4,203,-19.7,128,-37.2" /></mjloggm>