<mjloggm ver="2.3"><GO type="225" lobby="0"/><UN n0="%72%65%6E%6B%75%6E" n1="%6D%75%75%6D%75%72%61" n2="%E8%91%89%E5%B1%B1%E9%99%BD%E5%92%8C" n3="%E3%81%A1%E3%82%85%E3%81%86%E3%81%A9%E3%81%8F%E8%B1%A1%E3%81%95%E3%82%93" dan="17,17,16,17" rate="2275.63,2187.56,2109.41,2186.67" sx="M,F,M,M"/><TAIKYOKU oya="0"/><INIT seed="0,0,0,1,4,23" ten="250,250,250,250" oya="0" hai0="45,117,65,33,127,111,34,7,57,116,10,113,4" hai1="76,94,110,2,84,11,108,121,135,26,21,98,99" hai2="6,49,93,96,9,53,101,67,87,44,105,115,40" hai3="50,15,14,81,32,16,37,42,69,122,12,31,54"/><T77/><D113/><U19/><E121/><V25/><F115/><W119/><G119/><T92/><D77/><U112/><E135/><V80/><F67/><W128/><G69/><T24/><D127/><U47/><E112/><V91/><F105/><W88/><G122/><T63/><D111/><N who="1" m="42539" /><E47/><V103/><F25/><W90/><G128/><T75/><D75/><U52/><E52/><V38/><F38/><W60/><G32/><T89/><D45/><U39/><E39/><V43/><REACH who="2" step="1"/><F101/><REACH who="2" ten="250,250,240,250" step="2"/><W66/><G37/><T86/><D33/><U55/><E55/><V36/><F36/><W106/><G106/><T29/><REACH who="0" step="1"/><D4/><REACH who="0" ten="240,250,240,250" step="2"/><N who="1" m="1431" /><E76/><V83/><F83/><W114/><G81/><T97/><D97/><U58/><E99/><V74/><F74/><W104/><G114/><T120/><D120/><U73/><E73/><V78/><F78/><W61/><G104/><T70/><D70/><U46/><E98/><V133/><F133/><W129/><G129/><T30/><D30/><U56/><E46/><V62/><F62/><W18/><G31/><T28/><D28/><U125/><E125/><V22/><F22/><W102/><G61/><T132/><D132/><U5/><E5/><V123/><F123/><W131/><G131/><T85/><D85/><U107/><E107/><V72/><F72/><W8/><G60/><T100/><D100/><U118/><E118/><V17/><F17/><W0/><G16/><T1/><AGARI ba="0,2" hai="1,7,10,24,29,34,57,63,65,86,89,92,116,117" machi="1" ten="20,12000,1" yaku="1,1,0,1,7,1,52,1,53,1" doraHai="23" doraHaiUra="3" who="0" fromWho="0" sc="240,140,250,-40,240,-40,250,-40" /><INIT seed="0,1,0,5,2,59" ten="380,210,200,210" oya="0" hai0="65,106,112,37,38,123,49,55,125,30,45,74,111" hai1="127,17,69,133,97,73,72,1,0,25,43,23,54" hai2="113,24,34,88,84,27,90,124,8,132,107,42,92" hai3="4,103,64,85,110,116,98,6,28,18,87,122,68"/><T79/><D106/><U20/><E127/><V3/><F113/><W96/><G116/><T130/><D112/><U11/><E133/><V99/><F132/><W58/><G68/><T63/><D123/><U128/><E128/><V71/><F124/><W114/><G114/><T70/><D125/><U100/><E69/><V126/><F126/><W40/><G28/><T117/><D117/><U47/><E54/><V89/><F42/><W19/><G40/><T119/><D119/><U105/><E20/><V36/><F36/><W16/><G110/><T94/><D130/><U2/><REACH who="1" step="1"/><E11/><REACH who="1" ten="380,200,200,210" step="2"/><V76/><F71/><W109/><G109/><T108/><D111/><U78/><E78/><V121/><F76/><W61/><G122/><T104/><D108/><U35/><E35/><V80/><F121/><W56/><G56/><T39/><D79/><U60/><E60/><V44/><F34/><W33/><G33/><T91/><D63/><U46/><E46/><V77/><F44/><W13/><G58/><T51/><D55/><U66/><E66/><V14/><F107/><W12/><G61/><T75/><D45/><U93/><E93/><V22/><F22/><W29/><G64/><T52/><D65/><U118/><E118/><V57/><F57/><W134/><G134/><T7/><D70/><U21/><E21/><V82/><F77/><W120/><G120/><T102/><D104/><U115/><E115/><V81/><F82/><W31/><REACH who="3" step="1"/><G18/><REACH who="3" ten="380,200,200,200" step="2"/><T101/><D52/><U83/><E83/><V50/><F81/><W9/><G9/><T5/><D30/><U67/><E67/><RYUUKYOKU ba="1,2" sc="380,-15,200,15,200,-15,200,15" hai1="0,1,2,17,23,25,43,47,72,73,97,100,105" hai3="4,6,12,13,16,19,29,31,85,87,96,98,103" /><INIT seed="1,2,2,0,4,5" ten="365,215,185,215" oya="1" hai0="129,33,38,127,87,99,91,25,86,77,109,120,64" hai1="30,3,107,16,32,81,54,36,119,13,103,59,134" hai2="8,78,122,40,27,92,15,20,39,73,19,23,105" hai3="50,131,115,98,89,79,44,34,67,2,10,28,130"/><U83/><E119/><V106/><F122/><W125/><G115/><T69/><D38/><U71/><E36/><V97/><F20/><W80/><G67/><T21/><D33/><U82/><E71/><V126/><F126/><W84/><G125/><T53/><D127/><U51/><E3/><V76/><F40/><W61/><G61/><T63/><D120/><U118/><E118/><V58/><F39/><W114/><G114/><T46/><D109/><U124/><E124/><V90/><F58/><W12/><G2/><T60/><D129/><N who="3" m="49161" /><G28/><T104/><D77/><U93/><E134/><V96/><F73/><W117/><G34/><T24/><D24/><U29/><E107/><V123/><F123/><W18/><G117/><T52/><D46/><U95/><E32/><V6/><REACH who="2" step="1"/><F105/><REACH who="2" ten="365,215,175,215" step="2"/><W49/><G44/><T65/><D104/><U4/><E30/><V132/><F132/><W17/><G17/><T101/><D69/><U121/><E29/><V11/><F11/><W0/><G0/><T135/><D135/><U57/><E121/><V113/><F113/><W45/><G45/><T100/><D64/><U94/><E57/><V133/><F133/><W62/><G62/><T14/><D63/><U41/><E41/><V48/><F48/><W88/><G49/><T111/><D60/><U74/><E74/><V85/><F85/><W116/><G116/><T42/><D86/><U47/><E59/><V1/><F1/><W68/><G68/><T102/><D87/><U9/><E16/><V112/><F112/><W70/><G70/><T110/><D65/><U26/><E26/><RYUUKYOKU ba="2,3" sc="365,-15,215,15,175,15,215,-15" hai1="4,9,13,47,51,54,81,82,83,93,94,95,103" hai2="6,8,15,19,23,27,76,78,90,92,96,97,106" /><INIT seed="1,3,3,2,1,62" ten="350,230,190,200" oya="1" hai0="40,109,80,55,85,39,83,32,15,119,126,103,125" hai1="94,101,26,87,105,63,108,95,14,30,7,134,33" hai2="77,11,51,64,28,56,27,57,123,113,122,5,93" hai3="3,97,22,117,8,79,20,71,49,73,44,100,115"/><U116/><E116/><V82/><F113/><W16/><G115/><T112/><D119/><U9/><E134/><V48/><F93/><W46/><G71/><T102/><D112/><U91/><E108/><V76/><F82/><W12/><G117/><T106/><D32/><U18/><E105/><V68/><F68/><W78/><G73/><T36/><D109/><U75/><E75/><V21/><F122/><W72/><G72/><T59/><D15/><U118/><E118/><V2/><F123/><W92/><G46/><N who="0" m="23815" /><D39/><U89/><E101/><N who="0" m="38409" /><D85/><U128/><E128/><V35/><F35/><W127/><G127/><N who="0" m="48651" /><D106/><U19/><REACH who="1" step="1"/><E63/><AGARI ba="3,3" hai="55,59,63,80,83" m="48651,38409,23815" machi="63" ten="30,1000,0" yaku="18,1" doraHai="62" who="0" fromWho="1" sc="350,49,230,-19,190,0,200,0" /><INIT seed="2,0,0,3,1,16" ten="399,211,190,200" oya="2" hai0="95,118,68,94,47,115,89,21,38,29,11,117,79" hai1="24,13,80,88,10,85,17,102,81,101,107,23,56" hai2="73,22,54,125,1,133,43,91,111,64,52,78,120" hai3="5,100,122,108,103,90,97,126,49,2,44,114,7"/><V57/><F120/><W63/><G122/><T71/><D115/><U134/><E134/><V6/><F133/><W119/><G119/><N who="0" m="45579" /><D79/><U75/><E107/><V131/><F43/><W32/><G32/><T123/><D123/><U12/><E56/><V82/><F131/><W124/><G108/><T87/><D11/><U98/><E98/><V74/><F111/><W9/><G5/><T50/><D38/><U130/><E130/><V8/><F125/><N who="3" m="48235" /><G114/><T84/><D29/><U31/><E75/><V127/><F127/><W66/><G90/><N who="0" m="53575" /><D21/><N who="1" m="15759" /><E81/><V20/><F91/><W40/><G97/><T77/><D77/><U42/><E42/><AGARI ba="0,0" hai="42,47,50,68,71,87,89,95" m="53575,45579" machi="42" ten="30,1000,0" yaku="12,1" doraHai="16" who="0" fromWho="1" sc="399,10,211,-10,190,0,200,0" /><INIT seed="3,0,0,2,5,27" ten="409,201,190,200" oya="3" hai0="95,58,22,38,127,74,111,123,47,63,83,112,92" hai1="60,17,52,85,110,15,101,57,93,62,35,4,75" hai2="6,21,61,121,39,20,102,49,69,9,73,96,113" hai3="64,133,106,122,40,94,29,46,79,82,66,19,99"/><W128/><G122/><T2/><D123/><U53/><E75/><V91/><F121/><W70/><G106/><T125/><D2/><U5/><E35/><V44/><F113/><W72/><G133/><T42/><D112/><U98/><E110/><V14/><F39/><W16/><G128/><T71/><D71/><U43/><E43/><V104/><F73/><W65/><G70/><T77/><D22/><N who="1" m="11583" /><E85/><V8/><F91/><W12/><G29/><T81/><D81/><U34/><E34/><V50/><F9/><W107/><G107/><T119/><D119/><U88/><E101/><V30/><F30/><W11/><G19/><T3/><D3/><U67/><E67/><V41/><REACH who="2" step="1"/><F49/><REACH who="2" ten="409,201,180,200" step="2"/><W87/><G72/><T24/><D111/><U55/><E4/><V33/><F33/><W10/><G10/><T135/><D135/><U56/><E5/><V26/><F26/><W124/><G124/><N who="0" m="47691" /><D24/><U118/><E118/><V45/><F45/><W89/><G66/><AGARI ba="0,1" hai="38,42,47,58,63,66,74,77,83,92,95" m="47691" machi="66" ten="30,1000,0" yaku="18,1" doraHai="27" who="0" fromWho="3" sc="409,20,201,0,180,0,200,-10" /><AGARI ba="0,0" hai="6,8,14,20,21,41,44,50,61,66,69,96,102,104" machi="66" ten="40,1300,0" yaku="1,1,53,0" doraHai="27" doraHaiUra="114" who="2" fromWho="3" sc="429,0,201,0,180,13,190,-13" owari="429,52.9,201,0.1,193,-20.7,177,-32.3" /></mjloggm>