<mjloggm ver="2.3"><GO type="225" lobby="0"/><UN n0="%E3%83%81%E3%83%AF%E3%83%AF%E9%9A%8A%E9%95%B7" n1="%E3%82%A4%E3%83%A2%E3%82%BF%E3%83%AC" n2="%6D%75%75%73%61%6E%6D%75" n3="%E8%91%B5%E3%81%A1%E3%82%83%E3%82%93" dan="17,17,16,17" rate="2204.77,2213.17,2140.58,2213.85" sx="M,F,F,F"/><TAIKYOKU oya="0"/><INIT seed="0,0,0,1,2,45" ten="250,250,250,250" oya="0" hai0="74,22,104,111,63,93,95,103,87,5,113,134,107" hai1="32,123,125,36,51,54,60,39,73,99,115,19,0" hai2="82,80,68,46,38,127,15,48,61,47,71,88,50" hai3="116,72,14,86,77,119,35,55,7,59,128,23,41"/><T28/><D74/><U65/><E123/><V2/><F2/><W9/><G35/><T122/><D113/><U31/><E0/><V1/><F1/><W16/><G72/><T17/><D122/><U83/><E115/><V84/><F38/><W52/><G41/><T58/><D134/><U135/><E125/><V78/><F127/><W110/><G110/><T43/><D111/><U105/><E19/><V4/><F71/><W6/><G128/><T89/><D5/><U117/><E73/><V64/><F47/><W13/><G7/><T94/><D43/><U3/><E3/><V18/><F4/><W133/><G133/><T29/><D107/><U90/><E83/><V108/><F108/><W130/><G130/><T97/><D93/><U98/><E98/><V66/><F66/><W100/><G100/><T25/><REACH who="0" step="1"/><D104/><REACH who="0" ten="240,250,250,250" step="2"/><U118/><E135/><V81/><F78/><W109/><G109/><T20/><D20/><U101/><E118/><V96/><F96/><W49/><REACH who="3" step="1"/><G55/><AGARI ba="0,1" hai="17,22,25,28,29,55,58,63,87,89,94,95,97,103" machi="55" ten="30,5800,0" yaku="1,1,7,1,8,1,53,0" doraHai="45" doraHaiUra="44" who="0" fromWho="3" sc="240,68,250,0,250,0,250,-58" /><INIT seed="0,1,0,3,5,110" ten="308,250,250,192" oya="0" hai0="91,17,56,62,74,39,123,112,102,105,90,65,1" hai1="129,80,23,53,113,81,118,88,99,121,72,135,51" hai2="84,18,19,93,12,27,77,70,44,76,21,0,29" hai3="100,25,71,43,31,50,36,15,109,103,38,46,127"/><T10/><D123/><U82/><E118/><V2/><F70/><W96/><G71/><T7/><D74/><U6/><E121/><V107/><F107/><W40/><G109/><T86/><D39/><U134/><E72/><V59/><F44/><W67/><G127/><T122/><D122/><U69/><E69/><V3/><F59/><W58/><G15/><T120/><D120/><U47/><E129/><V22/><F93/><W111/><G111/><T26/><D90/><U66/><E66/><V94/><F94/><W73/><G73/><T35/><D105/><U4/><E23/><V124/><F124/><W64/><G50/><T37/><D37/><U20/><E20/><N who="2" m="13719" /><F84/><W34/><G58/><T78/><D102/><U104/><E113/><V75/><F77/><W68/><G68/><T13/><D112/><U115/><E115/><V83/><F83/><W24/><G24/><T119/><D78/><U9/><E104/><V116/><F76/><W45/><REACH who="3" step="1"/><G103/><REACH who="3" ten="308,250,250,182" step="2"/><T57/><D57/><U98/><E135/><V55/><F75/><W89/><G89/><T85/><D91/><U95/><E134/><V52/><F12/><W79/><G79/><T106/><D56/><U30/><E30/><V133/><F133/><W130/><G130/><T5/><D13/><N who="1" m="5287" /><E6/><V132/><F132/><W33/><G33/><T54/><D35/><U117/><E117/><V49/><F116/><W48/><G48/><T41/><D119/><U97/><AGARI ba="1,1" hai="47,51,53,80,81,82,88,95,97,98,99" m="5287" machi="97" ten="30,2000,0" yaku="8,1,54,1" doraHai="110" who="1" fromWho="1" sc="308,-11,250,33,250,-6,182,-6" /><INIT seed="1,0,0,5,0,104" ten="297,283,244,176" oya="1" hai0="95,34,36,8,86,128,84,103,76,96,29,114,22" hai1="100,116,93,0,130,124,69,118,59,120,7,49,74" hai2="2,102,48,70,101,43,108,44,53,97,106,41,71" hai3="66,64,24,133,79,65,125,9,27,105,23,60,131"/><U88/><E69/><V12/><F108/><W117/><G105/><T98/><D114/><U1/><E120/><V81/><F2/><W126/><G79/><T54/><D34/><U45/><E124/><N who="3" m="47722" /><G117/><T56/><D36/><U113/><E113/><V72/><F101/><W5/><G131/><T129/><D8/><U33/><E33/><V39/><F12/><N who="3" m="5167" /><G133/><T25/><D96/><U123/><E123/><V107/><F107/><W110/><G110/><T87/><REACH who="0" step="1"/><D76/><REACH who="0" ten="287,283,244,176" step="2"/><U119/><E130/><V42/><F39/><W75/><G75/><T122/><D122/><U20/><E74/><V26/><F72/><W99/><G99/><T58/><D58/><U121/><E59/><V32/><F71/><N who="3" m="42375" /><G27/><T17/><D17/><AGARI ba="0,1" hai="17,23,24,65,66" m="42375,5167,47722" machi="17" ten="30,1000,0" yaku="18,1" doraHai="104" who="3" fromWho="0" sc="287,-10,283,0,244,0,176,20" /><INIT seed="2,0,0,5,1,56" ten="277,283,244,196" oya="2" hai0="26,3,21,120,38,49,54,62,57,60,18,130,24" hai1="92,64,109,55,58,97,96,66,20,85,70,13,50" hai2="42,132,41,111,108,52,72,43,116,73,105,47,19" hai3="33,102,9,100,134,131,74,82,128,68,39,65,7"/><V44/><F116/><W17/><G33/><T10/><D120/><U123/><E109/><N who="2" m="42059" /><F105/><W80/><G39/><T103/><D38/><U28/><E123/><V67/><F132/><W40/><G134/><T114/><D114/><U76/><E70/><V71/><F19/><W86/><G40/><N who="2" m="15465" /><F73/><W75/><G17/><T122/><D122/><U106/><E106/><V113/><F72/><W51/><G51/><T27/><D130/><N who="3" m="49705" /><G65/><N who="1" m="25194" /><E28/><V59/><F113/><W37/><G68/><T121/><D121/><U77/><E85/><V78/><F43/><W48/><G48/><T99/><D18/><N who="1" m="10319" /><E97/><V0/><F71/><W69/><G69/><T11/><D21/><U107/><E107/><V87/><F67/><W16/><G37/><T129/><D129/><U93/><E93/><V34/><F34/><W133/><G133/><T110/><D110/><U79/><E79/><V2/><F78/><N who="3" m="44119" /><G75/><T5/><REACH who="0" step="1"/><D11/><REACH who="0" ten="267,283,244,196" step="2"/><U115/><E115/><V8/><F8/><W63/><G16/><T32/><D32/><U29/><E29/><V1/><F87/><W89/><G9/><T53/><D53/><U23/><E23/><V35/><F35/><W31/><G31/><T117/><D117/><U119/><E119/><V101/><F52/><W61/><G7/><T4/><D4/><U22/><E22/><V94/><F44/><W15/><G15/><T12/><D12/><U124/><E124/><V95/><F47/><W90/><G86/><T112/><D112/><U46/><E46/><V45/><F45/><W25/><G25/><T36/><D36/><U84/><E84/><V127/><F127/><RYUUKYOKU ba="0,1" sc="267,15,283,15,244,-15,196,-15" hai0="3,5,10,24,26,27,49,54,57,60,62,99,103" hai1="50,55,58,76,77,92,96" /><INIT seed="3,1,1,0,4,37" ten="282,298,229,181" oya="3" hai0="67,105,118,88,116,127,111,31,89,34,58,133,75" hai1="117,121,109,90,30,12,29,73,33,113,128,2,108" hai2="19,8,72,82,65,76,52,26,48,13,41,135,106" hai3="25,56,92,20,39,28,16,114,94,80,96,59,27"/><W42/><G114/><T15/><D75/><U51/><E113/><V79/><F106/><W44/><G80/><T62/><D105/><U35/><E121/><V57/><F135/><W21/><REACH who="3" step="1"/><G92/><REACH who="3" ten="282,298,229,171" step="2"/><T95/><D95/><U43/><E117/><V74/><F82/><W23/><G23/><T1/><D118/><U87/><E73/><V66/><F74/><W0/><G0/><T3/><D3/><U107/><E107/><V77/><F72/><W97/><G97/><T119/><D1/><U81/><E2/><V124/><F124/><W132/><G132/><T70/><D133/><U93/><E93/><V131/><F131/><W38/><G38/><T101/><D127/><U22/><E35/><V71/><F71/><W99/><G99/><T47/><D70/><U102/><E33/><V54/><F41/><W60/><G60/><T126/><D62/><U17/><E128/><V10/><F10/><W85/><G85/><T4/><D126/><U129/><E129/><V134/><F134/><W100/><AGARI ba="1,2" hai="16,20,21,25,27,28,39,42,44,56,59,94,96,100" machi="100" ten="20,12000,1" yaku="1,1,0,1,7,1,52,1,54,1,53,0" doraHai="37" doraHaiUra="122" who="3" fromWho="3" sc="282,-41,298,-41,229,-41,171,143" owari="241,-15.9,257,5.7,188,-31.2,314,41.4" /></mjloggm>