<mjloggm ver="2.3"><GO type="225" lobby="0"/><UN n0="%E3%81%AF%E3%82%88%E3%81%8A%E3%81%98%E3%81%95%E3%82%93" n1="%4E%49%4A%49%49%52%4F" n2="%E9%80%9F%E6%B0%B4%E5%87%9B%E9%A6%99" n3="%E4%B8%89%E5%86%A0%E7%8E%8B%E3%83%BB%E5%B1%B1%E7%94%B0%E5%93%B2%E4%BA%BA" dan="16,16,16,16" rate="2112.95,2182.45,2131.04,2151.86" sx="M,M,F,M"/><TAIKYOKU oya="0"/><INIT seed="0,0,0,5,2,65" ten="250,250,250,250" oya="0" hai0="62,116,31,74,7,17,22,89,43,49,18,90,92" hai1="55,109,113,47,36,56,30,21,12,121,134,130,48" hai2="103,51,59,1,72,131,98,108,27,102,117,6,39" hai3="105,61,54,125,58,38,99,107,73,70,127,2,83"/><T52/><D74/><U28/><E121/><V9/><F39/><W25/><G2/><T114/><D116/><U23/><E109/><V86/><F72/><W76/><G38/><T41/><D114/><U106/><E134/><V123/><F123/><W11/><G70/><T0/><D0/><U8/><E130/><V60/><F108/><W88/><G11/><T53/><D7/><U68/><E68/><V79/><F131/><W110/><G110/><T67/><D31/><N who="1" m="11819" /><E36/><V40/><F117/><W5/><G25/><T128/><D128/><U101/><E101/><V80/><F27/><W42/><G42/><T91/><D92/><U95/><E106/><V124/><F124/><N who="3" m="47691" /><G5/><T120/><D120/><U69/><E69/><V135/><F135/><W126/><N who="3" m="47699" /><W46/><DORA hai="66" /><G46/><N who="0" m="27703" /><D67/><U122/><E122/><V16/><F103/><W45/><G45/><T50/><D62/><N who="1" m="36127" /><E113/><V15/><F51/><W111/><G111/><T85/><D85/><U32/><E32/><V37/><F37/><W4/><G4/><T104/><D104/><U29/><N who="1" m="11827" /><U57/><DORA hai="75" /><E95/><AGARI ba="0,0" hai="54,58,61,73,76,83,88,95,99,105,107" m="47699" machi="95" ten="40,5200,0" yaku="18,1,52,1,54,1" doraHai="65,66,75" who="3" fromWho="1" sc="250,0,250,-52,250,0,250,52" /><INIT seed="1,0,0,4,1,25" ten="250,198,250,302" oya="1" hai0="103,16,29,80,94,28,99,12,67,127,70,81,15" hai1="122,96,120,38,119,85,110,75,66,44,77,104,68" hai2="116,62,73,90,89,93,101,36,121,47,64,71,131" hai3="23,41,14,54,79,55,20,37,129,0,24,123,74"/><U8/><E110/><V78/><F121/><W1/><G123/><T5/><D127/><U88/><E119/><V95/><F116/><W7/><G14/><T102/><D102/><N who="1" m="62535" /><E8/><V45/><F131/><W114/><G0/><T65/><D70/><U92/><E66/><N who="0" m="25097" /><D15/><U72/><E68/><V134/><F101/><W13/><G23/><N who="0" m="11655" /><D5/><U84/><E38/><V63/><F78/><W115/><G79/><T111/><D111/><U11/><E11/><V58/><F73/><N who="1" m="28233" /><E44/><V117/><F117/><W100/><G13/><T112/><D112/><U61/><E61/><V109/><F109/><W133/><G7/><T19/><D19/><U4/><E4/><V30/><F36/><W6/><G1/><T42/><D42/><U3/><E3/><V69/><F64/><W56/><G6/><T108/><D108/><U46/><E46/><V26/><F26/><W59/><G24/><T60/><D60/><U107/><E107/><V39/><F39/><W48/><G115/><T98/><D98/><U76/><E76/><V34/><F34/><W130/><G114/><T126/><D126/><U35/><E35/><V135/><F58/><W31/><G59/><T52/><D52/><U118/><E118/><V43/><F43/><W105/><G55/><T10/><D10/><U18/><E18/><V2/><F2/><W21/><G54/><T17/><D17/><U57/><E57/><V32/><F32/><W51/><G56/><T50/><D50/><U27/><E27/><V22/><F22/><W33/><G41/><T128/><D128/><U87/><E77/><V125/><F125/><RYUUKYOKU ba="0,0" sc="250,10,198,10,250,10,302,-30" hai0="28,29,80,81,94,99,103" hai1="84,85,87,88,92,120,122" hai2="30,45,47,62,63,69,71,89,90,93,95,134,135" /><INIT seed="1,1,0,0,2,51" ten="260,208,260,272" oya="1" hai0="20,104,14,125,44,93,28,60,52,82,54,18,106" hai1="107,131,34,129,56,75,48,71,87,73,26,134,1" hai2="74,58,105,92,115,103,46,22,128,95,97,67,53" hai3="38,135,124,10,35,83,66,30,23,62,2,88,89"/><U70/><E1/><V12/><F74/><N who="1" m="28169" /><E87/><V21/><F128/><N who="1" m="49225" /><E107/><V25/><F115/><W72/><G2/><T43/><D125/><U49/><E134/><V109/><F109/><W132/><G83/><T94/><D104/><U7/><E7/><V81/><F46/><W17/><G72/><T91/><D106/><U113/><E113/><V4/><F67/><W11/><G66/><T112/><D112/><U76/><E76/><V33/><F33/><W130/><G35/><T64/><D28/><N who="1" m="19735" /><E49/><V50/><F81/><W59/><G132/><T9/><D82/><U42/><E42/><V85/><F85/><W99/><G99/><T3/><D93/><U40/><E40/><V16/><REACH who="2" step="1"/><F4/><REACH who="2" ten="260,208,250,272" step="2"/><W100/><G130/><T126/><D126/><U32/><E32/><V77/><F77/><W122/><G124/><T39/><D43/><U79/><E79/><V24/><F24/><W80/><G80/><T118/><D44/><U102/><E102/><V111/><F111/><W120/><G100/><T119/><D91/><U84/><E84/><V127/><F127/><W57/><G88/><T45/><D45/><U101/><E101/><V121/><F121/><W8/><G120/><T96/><D96/><U0/><E0/><V36/><F36/><W68/><G38/><T15/><D39/><U19/><E19/><AGARI ba="1,1" hai="12,16,19,21,22,25,50,53,58,92,95,97,103,105" machi="19" ten="30,7700,0" yaku="1,1,7,1,52,1,54,1,53,0" doraHai="51" doraHaiUra="63" who="2" fromWho="1" sc="260,0,208,-80,250,90,272,0" /><INIT seed="2,0,0,4,2,11" ten="260,128,340,272" oya="2" hai0="107,81,51,119,23,55,109,108,106,16,54,31,25" hai1="88,34,134,7,89,132,92,22,29,50,79,123,38" hai2="73,40,5,131,2,63,115,15,13,1,48,18,114" hai3="19,84,60,113,64,74,33,10,121,4,35,59,37"/><V45/><F73/><W82/><G121/><T111/><D119/><U43/><E38/><V57/><F131/><W42/><G113/><T130/><D130/><U96/><E34/><V44/><F44/><W117/><G117/><T118/><D118/><U93/><E79/><V83/><F1/><W76/><G19/><T36/><D36/><U128/><E128/><V53/><F2/><N who="3" m="279" /><G84/><T20/><D81/><U90/><E123/><V17/><F5/><W116/><G116/><T12/><D54/><U87/><E7/><V135/><F135/><W68/><G59/><AGARI ba="0,0" hai="12,16,20,23,25,31,51,55,59,106,107,108,109,111" machi="59" ten="40,5200,0" yaku="14,1,52,1,54,1" doraHai="11" who="0" fromWho="3" sc="260,52,128,0,340,0,272,-52" /><INIT seed="3,0,0,0,2,72" ten="312,128,340,220" oya="3" hai0="48,56,84,58,78,44,95,99,41,70,129,17,116" hai1="7,53,55,28,108,40,21,1,127,18,111,130,80" hai2="88,34,19,91,92,5,112,64,101,11,63,50,132" hai3="103,52,26,82,57,25,74,125,107,115,118,98,110"/><W59/><G115/><T30/><D70/><U113/><E113/><V68/><F34/><W10/><G118/><T126/><D116/><U35/><E40/><V83/><F112/><W102/><G125/><T79/><D126/><U6/><E127/><V96/><F132/><W76/><G110/><T43/><D129/><U123/><E123/><V16/><F50/><W36/><G36/><T114/><D114/><U45/><E130/><V62/><F62/><W60/><G102/><N who="0" m="60799" /><D30/><U89/><E89/><V73/><F73/><W124/><G124/><T87/><D43/><U32/><E45/><V122/><F122/><W39/><G39/><T135/><D135/><U15/><E80/><V42/><F42/><W47/><G47/><T38/><D38/><U65/><E65/><V27/><F27/><W33/><G33/><T13/><D87/><U66/><E66/><V67/><F67/><W105/><G105/><T8/><D84/><U4/><E53/><V71/><F71/><W85/><G59/><AGARI ba="0,0" hai="8,13,17,41,44,48,56,58,59,78,79" m="60799" machi="59" ten="30,3900,0" yaku="8,1,52,2" doraHai="72" who="0" fromWho="3" sc="312,39,128,0,340,0,220,-39" owari="351,45.1,128,-37.2,340,14.0,181,-21.9" /></mjloggm>