<mjloggm ver="2.3"><GO type="225" lobby="0"/><UN n0="%6D%75%75%6D%75%72%61" n1="%E5%B8%86%E7%AB%8B%E5%A4%8F%E8%A1%A3" n2="%4C%4F%4C%49%54%41" n3="%E3%81%82%E3%83%BC%E3%81%97" dan="17,17,16,16" rate="2232.16,2158.83,2152.65,2078.34" sx="F,M,F,M"/><TAIKYOKU oya="0"/><INIT seed="0,0,0,1,5,8" ten="250,250,250,250" oya="0" hai0="65,121,32,131,11,40,16,55,29,77,76,123,112" hai1="99,113,52,61,0,128,36,41,15,66,114,96,122" hai2="37,85,97,110,14,82,83,102,108,21,119,60,58" hai3="67,13,50,27,107,81,72,51,2,117,22,105,53"/><T109/><D112/><N who="1" m="43115" /><E0/><V134/><F37/><W111/><G117/><T38/><D131/><U90/><E122/><V80/><F134/><W69/><G2/><T101/><D65/><U30/><E128/><V124/><F124/><W54/><G111/><N who="2" m="42537" /><F119/><W44/><G67/><T34/><D109/><U94/><E30/><V64/><F21/><W68/><G72/><T18/><D29/><U75/><E75/><V48/><F48/><W100/><G81/><T10/><D38/><U45/><E15/><V118/><F14/><W5/><G100/><T63/><D63/><U70/><E99/><V79/><F118/><W17/><G105/><AGARI ba="0,0" hai="58,60,64,79,80,82,83,85,97,102,105" m="42537" machi="105" ten="30,1000,0" yaku="14,1" doraHai="8" who="2" fromWho="3" sc="250,0,250,0,250,10,250,-10" /><INIT seed="1,0,0,4,2,43" ten="250,250,260,240" oya="1" hai0="56,128,132,59,133,39,74,54,31,69,60,76,67" hai1="1,131,104,3,88,83,68,48,2,29,28,20,50" hai2="116,49,51,35,111,47,81,15,85,13,8,89,34" hai3="114,61,18,77,65,41,37,33,109,84,42,70,102"/><U91/><E104/><V45/><F116/><W113/><G33/><T129/><D31/><U122/><E68/><V87/><F111/><W90/><G109/><T134/><D74/><U82/><E122/><V27/><F27/><W110/><G110/><T103/><D103/><U11/><E11/><V112/><F112/><W52/><G102/><T99/><D99/><U96/><E96/><V119/><F119/><W53/><G77/><T25/><D25/><U38/><E38/><V105/><F105/><W17/><G37/><T121/><D76/><U10/><E10/><V24/><F24/><W64/><G61/><N who="0" m="35991" /><D121/><U58/><E58/><V127/><F127/><W9/><G9/><T26/><D26/><U16/><E3/><V32/><F87/><W6/><G6/><T0/><D0/><U72/><E72/><V135/><F135/><W98/><G98/><T40/><D69/><U4/><E4/><V14/><REACH who="2" step="1"/><F8/><REACH who="2" ten="250,250,250,240" step="2"/><W71/><G84/><T78/><D78/><U7/><E7/><V44/><AGARI ba="0,1" hai="13,14,15,32,34,35,44,45,47,49,51,81,85,89" machi="44" ten="40,16000,3" yaku="1,1,2,1,0,1,29,2,52,3,53,0" doraHai="43" doraHaiUra="125" who="2" fromWho="2" sc="250,-40,250,-80,250,170,240,-40" /><INIT seed="2,0,0,5,3,83" ten="210,170,420,200" oya="2" hai0="84,35,132,86,63,40,78,47,4,67,96,110,21" hai1="51,114,130,70,17,120,14,57,46,75,69,59,3" hai2="28,89,99,82,34,38,53,8,112,25,107,68,81" hai3="102,94,121,101,65,11,126,54,98,19,115,60,85"/><V111/><F112/><W135/><G121/><T74/><D35/><U29/><E114/><V72/><F38/><W134/><G115/><T31/><D110/><U56/><E120/><V39/><F39/><W104/><G126/><T20/><D132/><N who="3" m="50729" /><G54/><T37/><D96/><U42/><E130/><V108/><F68/><N who="3" m="42023" /><G102/><T77/><D4/><U91/><E75/><V23/><F53/><W33/><G33/><T15/><D15/><U58/><E3/><V100/><F34/><W122/><G122/><T113/><D113/><U5/><E5/><V119/><F119/><W87/><G104/><T97/><D97/><U44/><E29/><V36/><F99/><W66/><G66/><T95/><D74/><U105/><E105/><V109/><F72/><W123/><G123/><T118/><D118/><U50/><N who="1" m="14336" /><DORA hai="128" /><U129/><E129/><V16/><F28/><W41/><G41/><T52/><D52/><U26/><E26/><V88/><F25/><W32/><G32/><T13/><D13/><AGARI ba="0,0" hai="11,13,19,85,87,94,98,101" m="42023,50729" machi="13" ten="30,12000,2" yaku="20,1,52,5" doraHai="83,128" who="3" fromWho="0" sc="210,-120,170,0,420,0,200,120" /><INIT seed="3,0,0,0,1,125" ten="90,170,420,320" oya="3" hai0="26,55,21,121,72,130,101,127,99,132,86,118,124" hai1="18,28,112,103,74,39,73,44,84,60,65,117,96" hai2="1,116,78,10,119,4,63,3,64,105,2,7,100" hai3="20,52,93,75,8,30,58,68,90,48,111,70,62"/><W114/><G75/><T83/><D118/><U57/><E117/><N who="2" m="45131" /><F78/><W120/><G120/><T42/><D121/><U67/><E112/><V59/><F59/><W88/><G114/><T43/><D72/><U61/><E28/><V53/><F53/><W128/><G128/><T102/><D132/><U122/><E122/><V23/><F23/><W81/><G70/><T108/><D108/><U50/><E39/><V14/><F14/><W13/><G111/><T19/><D124/><U71/><E84/><V82/><F82/><W5/><G68/><T36/><D36/><U97/><E18/><V22/><F22/><W126/><G126/><T51/><D127/><U115/><E115/><V91/><F91/><W46/><G81/><T40/><D99/><U47/><E47/><V38/><F7/><W34/><G34/><T49/><D130/><U94/><E97/><N who="2" m="61583" /><F38/><W69/><G69/><T135/><D135/><U123/><E123/><V33/><F1/><W16/><G30/><T107/><D107/><U77/><E77/><V29/><F2/><W32/><G32/><T110/><D110/><U17/><E17/><V12/><F29/><W0/><G93/><T92/><D92/><U31/><E31/><V104/><F104/><W76/><G76/><T79/><REACH who="0" step="1"/><D49/><REACH who="0" ten="80,170,420,320" step="2"/><U98/><E96/><V41/><F63/><W134/><G134/><T6/><D6/><U89/><E103/><V113/><F4/><W85/><G85/><T87/><D87/><U80/><E74/><V11/><F113/><W25/><G0/><T35/><D35/><U24/><E73/><V54/><F3/><RYUUKYOKU ba="0,1" sc="80,15,170,-15,420,-15,320,15" hai0="19,21,26,40,42,43,51,55,79,83,86,101,102" hai3="5,8,13,16,20,25,46,48,52,58,62,88,90" /><INIT seed="3,1,1,5,4,105" ten="95,155,405,335" oya="3" hai0="42,70,8,116,80,14,101,20,79,59,12,7,60" hai1="62,75,92,21,85,109,44,97,73,38,57,102,111" hai2="31,131,28,50,77,88,103,55,86,72,3,39,5" hai3="19,15,122,32,91,74,35,52,4,76,16,58,65"/><W104/><G122/><T134/><D116/><U113/><E113/><V130/><F39/><W64/><G104/><T106/><D134/><U1/><E1/><V6/><F103/><W71/><G71/><T23/><D70/><U34/><E34/><V36/><F36/><W78/><G74/><T87/><D106/><U67/><E85/><V41/><F41/><W118/><G118/><T89/><D101/><U123/><E123/><V129/><F77/><N who="3" m="29803" /><G32/><T119/><D119/><U45/><E45/><N who="2" m="28111" /><F72/><W68/><G35/><T124/><D124/><U114/><E114/><V90/><F90/><W33/><G33/><T0/><D0/><U112/><E21/><V125/><F125/><W48/><G91/><T121/><D121/><U47/><E47/><V127/><F127/><W132/><G132/><T93/><D42/><N who="1" m="22615" /><E112/><V24/><F3/><W117/><G68/><T98/><REACH who="0" step="1"/><D12/><REACH who="0" ten="85,155,405,335" step="2"/><U26/><E102/><V100/><F100/><W56/><G117/><T94/><D94/><U22/><E92/><N who="2" m="54295" /><F129/><W84/><G84/><T115/><D115/><U135/><E135/><V110/><F131/><W133/><G133/><T107/><D107/><U9/><E97/><V96/><F96/><W2/><G2/><T43/><D43/><U13/><E75/><V82/><F130/><W53/><G4/><T128/><D128/><U46/><E73/><V66/><F5/><W54/><G15/><T27/><D27/><U69/><E69/><V51/><F6/><W49/><G54/><AGARI ba="1,2" hai="7,8,14,20,23,54,59,60,79,80,87,89,93,98" machi="54" ten="30,7700,0" yaku="1,1,7,1,8,1,53,1" doraHai="105" doraHaiUra="11" who="0" fromWho="3" sc="85,100,155,0,405,0,335,-80" owari="185,-21.5,155,-34.5,405,50.5,255,5.5" /></mjloggm>