<mjloggm ver="2.3"><GO type="225" lobby="0"/><UN n0="%E3%83%97%E3%83%AC%E3%83%B4%E3%82%A1%E3%83%86%E3%82%A3" n1="%E3%82%B2%E3%82%B9%E8%8C%82%E5%8B%9D" n2="%E5%8D%A0%E3%81%84%E5%B8%AB%E8%A3%8F%E3%81%AA%E3%81%84%E3%81%97" n3="%E3%82%A2%E3%82%A4%E3%82%B9%E3%83%86%E3%82%A3%E3%83%BC%E3%81%82%E3%81%B9" dan="16,16,16,16" rate="2121.71,2034.89,2115.37,2107.05" sx="F,F,M,M"/><TAIKYOKU oya="0"/><INIT seed="0,0,0,3,4,111" ten="250,250,250,250" oya="0" hai0="39,105,14,27,103,96,82,124,43,44,81,57,50" hai1="75,107,127,51,10,21,24,63,4,79,84,37,101" hai2="134,53,23,3,125,102,25,97,89,92,113,33,70" hai3="135,2,122,1,49,83,35,55,80,100,87,22,99"/><T0/><D0/><U115/><E127/><V98/><F113/><W42/><G35/><T8/><D124/><U7/><E37/><V59/><F125/><W85/><G135/><T116/><D116/><U30/><E75/><V93/><F70/><W54/><G122/><T58/><D27/><U38/><E38/><V132/><F3/><W128/><G42/><T40/><D40/><U11/><E51/><V104/><F33/><W130/><G22/><T118/><D118/><U62/><E101/><V133/><F104/><W108/><G99/><T95/><D105/><U94/><E107/><V16/><REACH who="2" step="1"/><F134/><REACH who="2" ten="250,250,240,250" step="2"/><W117/><G117/><T72/><D39/><U34/><E34/><V29/><F29/><W67/><G2/><T45/><D45/><U46/><E115/><V77/><F77/><W120/><G1/><T13/><D13/><U86/><E46/><V73/><F73/><W28/><G28/><T65/><D72/><U78/><E30/><V88/><F88/><W12/><G12/><T5/><D58/><U41/><E24/><V6/><F6/><W15/><G15/><T109/><REACH who="0" step="1"/><D109/><REACH who="0" ten="240,250,240,250" step="2"/><U129/><E129/><V61/><AGARI ba="0,2" hai="16,23,25,53,59,61,89,92,93,97,98,102,132,133" machi="61" ten="30,8000,1" yaku="1,1,0,1,25,2,54,1,53,0" doraHai="111" doraHaiUra="119" who="2" fromWho="2" sc="240,-40,250,-20,240,100,250,-20" /><INIT seed="1,0,0,2,4,46" ten="200,230,340,230" oya="1" hai0="65,61,72,101,43,29,77,83,95,16,50,62,2" hai1="19,13,22,73,52,86,55,121,25,99,132,18,103" hai2="41,92,107,57,125,7,87,130,59,12,35,56,69" hai3="122,37,21,85,129,127,131,74,89,28,76,9,47"/><U48/><E73/><V104/><F35/><W20/><G122/><T108/><D2/><U66/><E132/><V32/><F32/><W71/><G71/><T105/><D29/><U0/><E0/><V110/><F69/><W75/><G127/><T67/><D108/><U133/><E133/><V126/><F110/><W24/><G9/><T117/><D117/><U33/><E121/><V113/><F41/><N who="3" m="22959" /><G76/><T81/><D105/><U42/><E66/><N who="0" m="25097" /><D77/><U40/><E86/><V49/><F130/><N who="3" m="49675" /><G21/><T93/><D72/><U128/><E128/><V118/><F118/><W26/><G24/><T114/><D114/><U8/><E33/><V124/><F113/><W3/><G3/><T17/><D101/><U80/><E55/><V54/><F12/><W79/><G79/><T100/><D100/><U91/><E103/><V109/><F7/><W4/><G4/><T38/><D38/><U34/><E34/><V10/><F10/><W11/><G11/><T68/><D68/><U90/><E90/><N who="2" m="53343" /><F109/><W112/><G112/><T53/><D43/><U115/><E115/><V82/><F82/><AGARI ba="0,0" hai="20,26,28,74,75,82,85,89" m="49675,22959" machi="82" ten="30,1000,0" yaku="19,1" doraHai="46" who="3" fromWho="2" sc="200,0,230,0,340,-10,230,10" /><INIT seed="2,0,0,2,0,86" ten="200,230,330,240" oya="2" hai0="113,85,99,50,14,67,91,22,61,130,0,38,103" hai1="1,27,71,80,87,4,20,48,34,135,117,18,56" hai2="66,116,96,106,94,8,110,44,109,112,68,36,62" hai3="114,115,83,79,93,39,35,47,43,25,54,89,2"/><V69/><F112/><N who="3" m="43051" /><G2/><T126/><D113/><U21/><E135/><V17/><F116/><W132/><G132/><T102/><D0/><U29/><E117/><V53/><F106/><W40/><G35/><T72/><D72/><U58/><E71/><V73/><F73/><N who="3" m="43503" /><G25/><T76/><D38/><U88/><E34/><V95/><F68/><W131/><G131/><T46/><D130/><U101/><E101/><V26/><F53/><W92/><G92/><T55/><D76/><U82/><E82/><V5/><F17/><W105/><G105/><T121/><D121/><U133/><E133/><V63/><F26/><W15/><G15/><T42/><D42/><U3/><E48/><V19/><F19/><W127/><G127/><T124/><D14/><U11/><E1/><V84/><F63/><W32/><G32/><T59/><D22/><U6/><E4/><V78/><F5/><W81/><G81/><T128/><D128/><U75/><E75/><V98/><F8/><W70/><G70/><T74/><D74/><U33/><E21/><V107/><F107/><W97/><G43/><T60/><D60/><U28/><E29/><V7/><F62/><W108/><G54/><T90/><D124/><U134/><E134/><V65/><F7/><W12/><G12/><AGARI ba="0,0" hai="3,6,11,12,18,20,27,28,33,56,58,80,87,88" machi="12" ten="30,8000,1" yaku="7,1,24,2,52,1,54,1" doraHai="86" who="1" fromWho="3" sc="200,0,230,80,330,0,240,-80" /><INIT seed="3,0,0,4,2,124" ten="200,310,330,160" oya="3" hai0="95,75,5,107,108,60,4,24,40,91,25,118,68" hai1="54,52,85,88,11,29,98,125,3,86,41,7,45" hai2="102,49,120,117,53,1,89,111,43,16,82,104,65" hai3="61,70,14,9,97,21,99,101,84,135,110,31,119"/><W69/><G119/><T83/><D118/><U58/><E125/><V22/><F117/><W67/><G135/><T27/><D107/><U17/><E29/><V122/><F1/><W132/><G132/><T8/><D108/><U113/><E113/><V57/><F111/><W126/><G110/><T20/><D40/><U15/><E98/><N who="2" m="61527" /><F43/><W18/><G126/><T47/><D47/><U56/><E85/><N who="2" m="50359" /><F16/><W55/><G55/><T51/><D51/><N who="1" m="27055" /><E3/><V78/><F22/><W127/><G127/><T35/><D35/><U93/><E7/><V79/><F65/><W59/><G84/><T46/><D46/><U36/><E36/><V81/><F81/><W71/><REACH who="3" step="1"/><G101/><REACH who="3" ten="200,310,330,150" step="2"/><T13/><D75/><U23/><E54/><V112/><F112/><W26/><AGARI ba="0,1" hai="9,14,18,21,26,31,59,61,67,69,70,71,97,99" machi="26" ten="40,7800,0" yaku="1,1,2,1,0,1,53,0" doraHai="124" doraHaiUra="48" who="3" fromWho="3" sc="200,-26,310,-26,330,-26,150,88" /><INIT seed="3,1,0,5,0,92" ten="174,284,304,238" oya="3" hai0="0,104,28,14,99,22,51,17,134,56,85,124,8" hai1="4,54,93,10,79,47,50,39,71,123,13,91,33" hai2="86,83,105,25,1,36,80,78,112,2,9,42,96" hai3="45,38,122,130,128,95,15,34,35,27,87,53,81"/><W98/><G122/><T44/><D124/><U24/><E123/><V115/><F1/><W52/><G15/><T58/><D134/><U89/><E71/><V121/><F121/><W82/><G38/><T116/><D116/><U65/><E65/><V129/><F129/><N who="3" m="49771" /><G27/><T75/><D75/><U59/><E79/><V60/><F60/><W29/><G29/><T6/><D85/><U61/><E39/><V110/><F25/><W132/><G132/><T69/><D69/><U90/><E33/><N who="3" m="12298" /><G45/><T72/><D72/><U133/><E133/><V46/><F115/><W23/><G23/><T117/><D28/><U68/><E68/><V127/><F112/><W37/><G37/><T19/><D19/><U94/><E24/><V88/><F127/><W70/><G70/><T55/><D117/><U66/><AGARI ba="1,0" hai="4,10,13,47,50,54,59,61,66,89,90,91,93,94" machi="66" ten="30,2000,0" yaku="0,1,8,1" doraHai="92" who="1" fromWho="1" sc="174,-6,284,23,304,-6,238,-11" owari="168,-33.2,307,40.7,298,9.8,227,-17.3" /></mjloggm>