<mjloggm ver="2.3"><GO type="225" lobby="0"/><UN n0="%E5%91%89%E5%AF%8C%E6%98%A5" n1="%72%69%6F%75%63%68%61%6E" n2="%E4%BA%BA%E9%96%93%E3%83%81%E3%83%A3%E3%83%BC%E3%83%8F%E3%83%B3" n3="%E3%81%8B%E3%82%8F%E3%81%A1%E3%82%83%E3%82%93%35%38" dan="16,17,16,17" rate="2127.23,2239.81,2054.47,2255.28" sx="M,M,M,M"/><TAIKYOKU oya="0"/><INIT seed="0,0,0,2,0,22" ten="250,250,250,250" oya="0" hai0="123,79,121,105,116,82,102,111,36,81,80,8,61" hai1="7,101,75,78,59,85,88,37,52,128,72,56,6" hai2="30,95,12,54,127,4,100,55,77,93,47,89,94" hai3="110,32,0,44,57,132,49,53,62,60,92,16,14"/><T104/><D8/><U119/><E119/><V20/><F127/><W11/><G110/><T45/><D61/><U130/><E37/><V43/><F77/><W25/><G132/><T1/><D45/><U70/><E70/><V19/><F100/><W13/><G0/><T120/><D1/><U21/><E101/><V3/><F30/><W29/><G92/><T90/><D36/><U68/><E68/><V26/><F3/><W15/><REACH who="3" step="1"/><G62/><REACH who="3" ten="250,250,250,240" step="2"/><T129/><D111/><U51/><E130/><V35/><F93/><W84/><G84/><N who="0" m="48159" /><D129/><U99/><E128/><V31/><F94/><W126/><G126/><T133/><D133/><U83/><E75/><V74/><F74/><W63/><G63/><T23/><D116/><U73/><E72/><V124/><F124/><W114/><G114/><T9/><D105/><U27/><E99/><V115/><F115/><W112/><G112/><T91/><D104/><U42/><E73/><V28/><F4/><N who="1" m="1577" /><E42/><AGARI ba="0,1" hai="11,13,14,15,16,25,29,32,42,44,49,53,57,60" machi="42" ten="30,12000,2" yaku="1,1,7,1,52,1,54,1,53,3" doraHai="22" doraHaiUra="10" who="3" fromWho="1" sc="250,0,250,-120,250,0,240,130" /><INIT seed="1,0,0,3,5,132" ten="250,130,250,370" oya="1" hai0="1,54,86,46,35,59,93,97,98,126,32,34,117" hai1="134,53,113,26,101,102,21,44,124,13,60,50,17" hai2="131,106,129,110,33,38,29,52,70,27,23,96,107" hai3="18,48,30,9,55,84,40,127,105,0,71,56,22"/><U128/><E113/><V42/><F110/><W19/><G105/><T114/><D114/><U16/><E134/><V58/><F70/><W89/><G71/><T45/><D117/><U6/><E128/><N who="2" m="49227" /><F96/><W68/><G68/><T130/><D1/><U77/><E124/><V100/><F100/><W121/><G121/><T90/><D130/><U74/><E6/><V85/><F85/><W8/><G127/><T47/><REACH who="0" step="1"/><D126/><REACH who="0" ten="240,130,250,370" step="2"/><U15/><E60/><AGARI ba="0,1" hai="32,34,35,45,46,47,54,59,60,86,90,93,97,98" machi="60" ten="50,3200,0" yaku="1,1,2,1,53,0" doraHai="132" doraHaiUra="99" who="0" fromWho="1" sc="240,42,130,-32,250,0,370,0" /><INIT seed="2,0,0,0,1,25" ten="282,98,250,370" oya="2" hai0="127,130,107,32,113,16,28,58,97,51,27,19,91" hai1="70,15,122,71,20,85,109,17,77,67,88,135,36" hai2="40,13,24,110,115,68,116,100,35,54,26,12,99" hai3="79,56,48,61,55,103,42,75,62,81,41,82,134"/><V80/><F115/><W128/><G128/><T33/><D113/><U118/><E118/><V5/><F116/><W121/><G121/><T30/><D130/><U37/><E122/><V11/><F68/><W69/><G134/><T43/><D127/><U49/><E135/><V47/><F110/><W132/><G132/><T31/><D107/><U65/><E109/><V45/><F80/><W126/><G126/><T124/><D124/><U63/><E77/><V44/><F40/><W22/><G103/><T78/><D78/><U34/><E34/><V105/><F35/><W129/><G129/><T112/><D112/><U3/><E3/><V104/><F105/><W108/><G82/><T10/><D32/><U125/><E125/><V84/><F84/><W83/><G83/><T95/><D33/><U119/><E119/><V0/><REACH who="2" step="1"/><F54/><REACH who="2" ten="282,98,240,370" step="2"/><W64/><G108/><T23/><D43/><U72/><E72/><V73/><F73/><W1/><G42/><T123/><D123/><U59/><E67/><V76/><F76/><W50/><G41/><T2/><D2/><U66/><E65/><V92/><F92/><W89/><G1/><T46/><D58/><U60/><E60/><V101/><F101/><W96/><G62/><T131/><D131/><U94/><REACH who="1" step="1"/><E70/><REACH who="1" ten="282,88,240,370" step="2"/><V7/><F7/><W90/><G69/><T86/><D86/><U102/><E102/><V117/><F117/><W98/><G75/><T114/><D114/><U6/><E6/><V87/><F87/><W133/><G79/><T14/><D97/><U52/><AGARI ba="0,2" hai="15,17,20,36,37,49,52,59,63,66,71,85,88,94" machi="52" ten="30,12000,2" yaku="1,1,0,1,25,2,54,2,53,0" doraHai="25" doraHaiUra="4" who="1" fromWho="1" sc="282,-30,88,140,240,-60,370,-30" /><INIT seed="3,0,0,4,4,81" ten="252,228,180,340" oya="3" hai0="89,58,85,31,8,82,29,39,65,96,97,129,10" hai1="46,23,48,86,76,99,116,121,33,80,131,54,40" hai2="79,104,84,135,115,132,44,13,71,75,17,77,11" hai3="52,45,112,61,43,27,130,111,15,30,120,106,110"/><W114/><G106/><T105/><D129/><U42/><E121/><V53/><F115/><W16/><G120/><T36/><D36/><U3/><E33/><V127/><F127/><W28/><G130/><T59/><D39/><U32/><E32/><V47/><F104/><W118/><G118/><T123/><D123/><U68/><E131/><V72/><F71/><W128/><G128/><T34/><D34/><U12/><E116/><V107/><F107/><W26/><G52/><T90/><D105/><U62/><E3/><V88/><F77/><W83/><G61/><T113/><D113/><U108/><E108/><N who="3" m="41514" /><G83/><T101/><D82/><U24/><E12/><V18/><F18/><W119/><G119/><T49/><D49/><U4/><E4/><V35/><F35/><N who="3" m="20887" /><G27/><T73/><D65/><U14/><E14/><V50/><F47/><W69/><G69/><T20/><D101/><U6/><E6/><V78/><F78/><W1/><G1/><T134/><D134/><N who="2" m="51242" /><F79/><W93/><G93/><T67/><D67/><U55/><E68/><V103/><F103/><W0/><G0/><T70/><D70/><U21/><E99/><V64/><F64/><W37/><G30/><T98/><D98/><U66/><E66/><V74/><F74/><W25/><G114/><T2/><D73/><U5/><E5/><V87/><F87/><W95/><G112/><T92/><D2/><U57/><E24/><V122/><F122/><W126/><G25/><T51/><D31/><U7/><E7/><V9/><F11/><W100/><G15/><T22/><D29/><U124/><E124/><RYUUKYOKU ba="0,0" sc="252,-15,228,15,180,15,340,-15" hai1="21,23,40,42,46,48,54,55,57,62,76,80,86" hai2="9,13,17,44,50,53,72,75,84,88" owari="237,-16.3,243,4.3,195,-30.5,325,42.5" /></mjloggm>