<mjloggm ver="2.3"><GO type="225" lobby="0"/><UN n0="%E2%98%86%41%64%72%69%61%6E" n1="%72%69%6F%75%63%68%61%6E" n2="%E8%B6%85%E7%B4%9A%E9%B3%B3%E5%87%B0" n3="%E3%82%B7%E3%83%B3%E5%A4%AA%E6%9C%97" dan="17,17,16,16" rate="2211.12,2184.45,2163.75,2157.21" sx="M,M,M,M"/><TAIKYOKU oya="0"/><INIT seed="0,0,0,3,4,127" ten="250,250,250,250" oya="0" hai0="81,40,24,66,102,75,74,48,123,108,86,16,21" hai1="104,25,110,131,11,65,130,94,39,82,32,17,99" hai2="122,105,114,69,133,88,61,15,55,27,13,113,18" hai3="51,46,70,53,96,4,38,135,120,77,29,44,0"/><T126/><D123/><U98/><E110/><V28/><F122/><W112/><G120/><T67/><D126/><U91/><E39/><V103/><F133/><W119/><G119/><T85/><D108/><U117/><E117/><V19/><F105/><W115/><G135/><T22/><D102/><U34/><E65/><N who="0" m="24585" /><D75/><U3/><E82/><V10/><F103/><W60/><G77/><N who="0" m="46255" /><D74/><U129/><E99/><V76/><F76/><W7/><G60/><T59/><D22/><N who="1" m="13519" /><E104/><V121/><F121/><W41/><G70/><T57/><D86/><U37/><E37/><V134/><F134/><W35/><G96/><T6/><D6/><AGARI ba="0,0" hai="3,6,11,32,34,91,94,98,129,130,131" m="13519" machi="6" ten="30,7700,0" yaku="19,1,52,3" doraHai="127" who="1" fromWho="0" sc="250,-77,250,77,250,0,250,0" /><INIT seed="1,0,0,2,1,12" ten="173,327,250,250" oya="1" hai0="62,24,87,131,29,40,44,118,68,111,125,48,89" hai1="36,132,52,45,117,79,41,67,124,93,37,54,27" hai2="72,71,11,135,122,77,47,16,69,22,75,4,35" hai3="115,2,121,103,9,116,70,3,94,21,100,120,50"/><U57/><E117/><V10/><F122/><W106/><G70/><T61/><D118/><U6/><E6/><V58/><F35/><W99/><G115/><T13/><D68/><U134/><E79/><V81/><F135/><N who="1" m="51753" /><E93/><V104/><F104/><W56/><G116/><T46/><D111/><U82/><E82/><V108/><F108/><W109/><G109/><T32/><D125/><U49/><E27/><V97/><F97/><W119/><G119/><T107/><D131/><U26/><E26/><V73/><F47/><W28/><G103/><T123/><D107/><U64/><E124/><V126/><F126/><W129/><G106/><T39/><D123/><U38/><E54/><V85/><F58/><W63/><G129/><T14/><D14/><U91/><E91/><V112/><F112/><W86/><G86/><T7/><D13/><U34/><E34/><V80/><F80/><W51/><G120/><T60/><D7/><U66/><AGARI ba="0,0" hai="36,37,38,41,45,49,52,57,64,66,67" m="51753" machi="66" ten="30,11700,0" yaku="20,1,34,2,54,1" doraHai="12" who="1" fromWho="1" sc="173,-39,327,117,250,-39,250,-39" /><INIT seed="1,1,0,0,0,24" ten="134,444,211,211" oya="1" hai0="132,72,53,58,48,28,21,33,103,1,78,88,117" hai1="26,52,63,89,131,10,130,68,36,19,134,133,101" hai2="97,120,27,64,129,59,8,2,80,6,7,122,73" hai3="85,23,47,32,135,93,86,35,29,11,18,3,60"/><U9/><E36/><V45/><F129/><N who="1" m="49161" /><E101/><V111/><F111/><W100/><G135/><N who="1" m="51722" /><E89/><V96/><F45/><W81/><G60/><T67/><D132/><U113/><E68/><V83/><F27/><W15/><G47/><T31/><D117/><U112/><E63/><V14/><F64/><W41/><G41/><T44/><D103/><U4/><E52/><V71/><F71/><W49/><G49/><T82/><D33/><U65/><E65/><V50/><F50/><W0/><G100/><T61/><D1/><N who="1" m="143" /><E10/><V109/><F8/><W104/><G104/><T57/><D21/><AGARI ba="1,0" hai="19,21,26,112,113" m="143,51722,49161" machi="21" ten="30,11600,0" yaku="19,1,20,1,34,2" doraHai="24" who="1" fromWho="0" sc="134,-119,444,119,211,0,211,0" /><INIT seed="1,2,0,5,5,46" ten="15,563,211,211" oya="1" hai0="14,132,123,21,47,89,5,30,77,36,121,104,69" hai1="49,74,68,39,63,83,12,57,95,79,60,0,114" hai2="129,135,98,102,41,86,24,71,122,52,76,53,27" hai3="108,34,131,7,33,4,133,113,126,112,110,82,78"/><U107/><E114/><N who="3" m="44138" /><G82/><T66/><D104/><U35/><E0/><V65/><F122/><W19/><G78/><T94/><D132/><U109/><E107/><V125/><F135/><W40/><G40/><T48/><D77/><U70/><E39/><V61/><F129/><W72/><G72/><T15/><D36/><U22/><E35/><N who="3" m="13322" /><G133/><T1/><D1/><U64/><E109/><N who="3" m="42090" /><G131/><T50/><D5/><N who="3" m="2121" /><G19/><T18/><D30/><U85/><E63/><V81/><F61/><W91/><G91/><T38/><D66/><U73/><E95/><V26/><F41/><W88/><G88/><T99/><D69/><U117/><E68/><V103/><F71/><W25/><G25/><N who="0" m="14519" /><D38/><U51/><E70/><V56/><F24/><W28/><G28/><T8/><D47/><U45/><E74/><V119/><F26/><W111/><G111/><T115/><D115/><U90/><E73/><V3/><F27/><W130/><G130/><T2/><D2/><U116/><E79/><V118/><F3/><W55/><G55/><T11/><D123/><U54/><E54/><V10/><F53/><W16/><G16/><N who="0" m="8263" /><D121/><U80/><E83/><V101/><F76/><W127/><AGARI ba="2,0" hai="126,127" m="2121,42090,13322,44138" machi="127" ten="40,8000,1" yaku="28,2,14,1,34,2" doraHai="46" who="3" fromWho="3" sc="15,-22,563,-42,211,-22,211,86" owari="-7,-50.7,521,62.1,189,-21.1,297,9.7" /></mjloggm>