<mjloggm ver="2.3"><GO type="225" lobby="0"/><UN n0="%E7%99%BD%E9%9B%AA%E4%B9%83%E6%84%9B" n1="%E3%81%A8%E3%82%93%E3%81%A8%E3%81%93%E3%81%A8%E3%82%93" n2="%4B%2E%32%2E%4B%2E" n3="%E5%8F%AF%E5%85%90%E9%82%A3%E7%94%B1%E5%A4%9A" dan="16,16,17,17" rate="2076.84,2121.26,2189.42,2219.94" sx="F,F,M,F"/><TAIKYOKU oya="0"/><INIT seed="0,0,0,2,0,91" ten="250,250,250,250" oya="0" hai0="76,77,128,125,28,98,93,75,6,41,85,39,56" hai1="55,84,106,80,72,120,122,63,87,89,131,1,54" hai2="20,22,67,35,102,92,3,49,50,34,11,103,105" hai3="134,46,94,119,88,14,23,73,38,31,113,69,116"/><T79/><D75/><U24/><E1/><V13/><F105/><W132/><G113/><T4/><D128/><U18/><E72/><V109/><F3/><W74/><G69/><T33/><D125/><U96/><E131/><V99/><F109/><W57/><G57/><T53/><D85/><U130/><E130/><V52/><F67/><W29/><G73/><T59/><D39/><U114/><E114/><V27/><F49/><W123/><G74/><T82/><D41/><U19/><E96/><V32/><F103/><W101/><G101/><T45/><D82/><U25/><E106/><V58/><REACH who="2" step="1"/><F27/><REACH who="2" ten="250,250,240,250" step="2"/><W44/><G38/><T42/><D42/><U2/><E2/><V121/><F121/><W43/><G123/><T60/><D56/><U48/><E48/><V104/><F104/><W97/><G43/><T68/><D68/><U100/><E100/><V108/><F108/><W83/><G46/><T21/><D45/><U95/><E120/><V51/><F51/><W40/><G44/><T64/><D64/><U81/><E122/><V15/><F15/><W9/><G40/><T115/><D115/><U36/><E36/><V16/><AGARI ba="0,1" hai="11,13,16,20,22,32,34,35,50,52,58,92,99,102" machi="16" ten="30,8000,1" yaku="1,1,0,1,52,1,54,2,53,0" doraHai="91" doraHaiUra="26" who="2" fromWho="2" sc="250,-40,250,-20,240,90,250,-20" /><INIT seed="1,0,0,3,3,98" ten="210,230,330,230" oya="1" hai0="2,17,78,38,25,18,121,0,64,116,60,46,81" hai1="29,89,108,5,53,4,69,40,55,84,34,87,79" hai2="113,12,120,117,11,96,134,3,115,104,107,33,58" hai3="21,43,24,126,83,112,119,65,62,49,56,61,44"/><U32/><E69/><V36/><F33/><W71/><G126/><T1/><D116/><U59/><E40/><V52/><F36/><W15/><G119/><T70/><D121/><U26/><E108/><V75/><F75/><W122/><G122/><T37/><D25/><U72/><E72/><V82/><F3/><W27/><G112/><N who="2" m="43081" /><F134/><W68/><G83/><T47/><D47/><U23/><E79/><V50/><F120/><W125/><G125/><T42/><REACH who="0" step="1"/><D37/><REACH who="0" ten="200,230,330,230" step="2"/><U63/><E26/><V114/><F117/><W39/><G27/><T133/><D133/><U9/><E34/><V94/><F114/><W100/><G24/><T105/><D105/><U102/><E32/><V106/><F106/><W90/><G39/><T67/><D67/><U73/><E29/><V111/><F111/><W103/><G68/><T130/><D130/><U41/><E55/><V129/><F129/><W20/><G71/><T76/><D76/><U10/><E53/><V127/><F127/><W131/><G131/><T6/><D6/><U57/><E5/><N who="2" m="3183" /><F82/><W31/><G31/><T51/><D51/><U74/><E4/><V93/><F93/><W95/><G61/><T88/><D88/><AGARI ba="0,1" hai="50,52,58,88,94,96,104,107" m="3183,43081" machi="88" ten="30,3900,0" yaku="11,1,54,2" doraHai="98" who="2" fromWho="0" sc="200,-39,230,0,330,49,230,0" /><INIT seed="2,0,0,1,2,122" ten="161,230,379,230" oya="2" hai0="84,97,14,105,131,64,114,36,57,47,94,9,118" hai1="42,56,65,8,102,62,77,63,115,106,60,125,73" hai2="130,6,20,88,121,75,107,135,7,67,128,133,37" hai3="40,83,134,78,110,12,30,120,66,87,71,48,101"/><V80/><F121/><W39/><G120/><T108/><D114/><U27/><E115/><V119/><F119/><W11/><G110/><T21/><D118/><U33/><E125/><V35/><F35/><W103/><G134/><N who="2" m="51209" /><F107/><W123/><G123/><T109/><D131/><N who="2" m="50218" /><F37/><W132/><G132/><T113/><D113/><U61/><E42/><V43/><F43/><W86/><G39/><T117/><D21/><U104/><E8/><V82/><F67/><W96/><G30/><T124/><D117/><U52/><E65/><V18/><F75/><W51/><G66/><T1/><D124/><U29/><REACH who="1" step="1"/><E102/><REACH who="1" ten="161,220,379,230" step="2"/><V92/><F6/><W4/><G103/><T46/><D36/><U24/><E24/><N who="2" m="14359" /><F7/><W13/><G40/><T85/><D1/><U38/><E38/><V90/><F90/><W116/><G116/><T129/><D129/><U16/><E16/><V44/><F44/><W99/><G101/><N who="0" m="60599" /><D46/><U28/><E28/><V19/><F19/><W112/><G112/><T50/><D47/><U72/><E72/><V25/><F25/><W34/><G4/><N who="0" m="3367" /><D64/><U127/><E127/><V53/><F53/><W54/><G54/><N who="0" m="31959" /><D105/><U2/><E2/><V15/><F15/><W68/><G12/><T26/><D26/><U70/><E70/><V74/><F74/><W5/><G68/><T111/><AGARI ba="0,1" hai="84,85,108,109,111" m="31959,3367,60599" machi="111" ten="30,7900,0" yaku="14,1,52,3" doraHai="122" who="0" fromWho="0" sc="161,89,220,-20,379,-39,230,-20" /><INIT seed="3,0,0,4,1,49" ten="250,200,340,210" oya="3" hai0="116,79,90,126,83,48,105,42,130,62,129,56,46" hai1="102,86,72,64,36,89,30,24,18,133,118,14,32" hai2="76,63,101,71,78,69,111,37,109,1,128,124,131" hai3="104,13,10,23,96,115,68,2,127,91,82,0,44"/><W53/><G115/><T106/><D116/><U85/><E72/><V38/><F124/><W98/><G68/><N who="2" m="26185" /><F1/><W6/><G127/><T41/><D41/><U121/><E121/><V73/><F101/><W100/><G23/><T35/><D90/><U77/><E36/><N who="2" m="13931" /><F63/><W117/><G117/><T25/><D25/><U59/><E118/><V108/><F73/><W95/><REACH who="3" step="1"/><G82/><REACH who="3" ten="250,200,340,200" step="2"/><T21/><D21/><U17/><E133/><V80/><F80/><W110/><G110/><T134/><D126/><U3/><E32/><V132/><F132/><W12/><G12/><T113/><D134/><U27/><E14/><V15/><F15/><W40/><G40/><T8/><D35/><U70/><E70/><V67/><F108/><W60/><G60/><T97/><D113/><U81/><E3/><V122/><F109/><W123/><G123/><T5/><D62/><N who="1" m="37983" /><E102/><V112/><F112/><W55/><G55/><T61/><D61/><U47/><E47/><V20/><F20/><W58/><G58/><T107/><D56/><U28/><E27/><V135/><F135/><W51/><AGARI ba="0,1" hai="0,2,6,10,13,44,51,53,91,95,96,98,100,104" machi="51" ten="30,11700,0" yaku="1,1,0,1,52,1,53,1" doraHai="49" doraHaiUra="45" who="3" fromWho="3" sc="250,-39,200,-39,340,-39,200,127" owari="211,-18.9,161,-33.9,301,10.1,327,42.7" /></mjloggm>