<mjloggm ver="2.3"><GO type="225" lobby="0"/><UN n0="%E5%8D%A0%E3%81%84%E5%B8%AB%E8%A3%8F%E3%81%AA%E3%81%84%E3%81%97" n1="%E3%81%B2%E3%81%AA%E3%81%AE%E3%82%8A%E3%81%8F" n2="%E7%A7%8B%E6%9C%88%E7%9C%9F%E7%90%86%E4%BA%9E" n3="%6D%75%75%6D%75%72%61" dan="16,17,16,17" rate="2161.52,2155.66,2124.50,2205.67" sx="M,M,M,F"/><TAIKYOKU oya="0"/><INIT seed="0,0,0,4,0,94" ten="250,250,250,250" oya="0" hai0="25,135,36,52,60,79,123,26,114,28,121,11,43" hai1="35,67,47,86,72,122,5,30,98,2,33,70,131" hai2="31,126,116,14,3,46,59,48,128,107,102,101,50" hai3="77,108,13,112,23,125,12,81,44,111,76,130,119"/><T100/><D114/><U89/><E72/><V90/><F3/><W129/><G112/><T18/><D135/><U16/><E122/><V120/><F120/><W68/><G119/><T22/><D79/><N who="3" m="30281" /><G68/><T117/><D117/><U6/><E30/><V93/><F128/><N who="3" m="49259" /><G125/><T91/><D100/><U21/><E67/><V10/><F31/><W106/><G81/><T38/><D123/><U113/><E70/><V85/><F126/><W62/><G62/><T127/><D121/><U110/><E35/><V115/><F115/><W0/><G0/><T134/><D134/><U124/><E33/><V118/><F118/><W132/><G132/><T39/><D127/><U8/><E131/><V99/><F116/><W1/><G1/><T66/><D11/><U4/><E113/><V71/><F71/><W41/><G106/><T7/><D7/><U42/><E124/><V45/><F102/><W27/><G27/><T19/><D43/><U54/><E5/><V87/><F107/><W63/><G63/><T51/><D25/><U75/><E75/><V57/><F101/><W84/><G84/><N who="2" m="32329" /><F48/><N who="3" m="26639" /><G23/><T24/><D24/><U34/><E2/><V40/><F45/><W97/><G97/><T15/><D91/><U69/><E89/><V32/><F32/><W133/><G133/><T82/><D82/><U83/><E83/><V20/><F20/><W56/><G56/><N who="0" m="32799" /><D15/><AGARI ba="0,0" hai="12,13,15,108,111" m="26639,49259,30281" machi="15" ten="30,1000,0" yaku="19,1" doraHai="94" who="3" fromWho="0" sc="250,-10,250,0,250,0,250,10" /><INIT seed="1,0,0,0,5,40" ten="240,250,250,260" oya="1" hai0="25,92,69,71,84,26,67,68,46,55,8,118,18" hai1="50,91,129,132,111,61,60,123,131,98,109,37,59" hai2="16,13,31,56,100,77,53,78,103,39,66,115,110" hai3="128,119,49,2,126,135,112,104,105,6,63,101,11"/><U134/><E123/><V75/><F110/><N who="1" m="41993" /><E37/><V64/><F31/><W130/><G112/><T86/><D118/><U42/><E98/><V33/><F33/><W45/><G119/><T27/><D67/><N who="2" m="25642" /><F75/><W79/><G63/><N who="1" m="24138" /><E91/><V102/><F39/><W87/><G126/><T0/><D92/><U29/><E29/><V58/><F115/><W36/><G36/><T114/><D114/><U52/><E42/><V85/><F85/><W48/><G48/><T76/><D76/><N who="2" m="29290" /><F53/><N who="3" m="29871" /><G101/><N who="2" m="25857" /><V113/><DORA hai="44" /><F113/><W30/><G30/><T35/><D35/><U90/><E90/><V97/><F97/><W124/><G124/><T10/><D86/><U82/><E82/><V122/><F122/><W73/><G73/><T43/><D84/><U4/><E4/><V121/><F121/><W93/><G79/><T21/><D55/><U34/><E34/><V54/><F54/><W9/><G87/><T108/><D108/><U95/><E95/><V133/><F133/><AGARI ba="0,0" hai="50,52,59,129,131,132,133,134" m="24138,41993" machi="133" ten="40,18000,2" yaku="20,1,14,1,10,1,34,2,52,1,54,1" doraHai="40,44" who="1" fromWho="2" sc="240,0,250,180,250,-180,260,0" /><INIT seed="1,1,0,3,2,61" ten="240,430,70,260" oya="1" hai0="81,108,6,109,99,18,89,74,57,118,38,132,124" hai1="13,7,51,26,2,52,84,5,55,44,122,31,90" hai2="86,70,91,56,71,130,42,37,63,1,83,135,4" hai3="98,113,12,46,65,105,17,75,14,115,78,100,79"/><U76/><E76/><V27/><F130/><W103/><G103/><T80/><D118/><U82/><E2/><V9/><F135/><W125/><G125/><T48/><D38/><U64/><E122/><V47/><REACH who="2" step="1"/><F27/><REACH who="2" ten="240,430,60,260" step="2"/><W104/><G115/><T127/><D132/><U28/><E26/><V15/><F15/><W106/><G113/><T114/><D114/><U133/><E133/><V117/><F117/><W20/><G14/><T116/><D116/><U111/><E13/><V73/><F73/><W0/><G0/><T88/><D74/><U134/><E134/><V102/><F102/><W32/><G75/><T121/><D127/><U40/><E7/><V101/><F101/><W25/><G12/><T21/><D6/><U60/><E5/><V33/><F33/><W128/><G32/><T3/><D124/><U85/><E111/><V94/><F94/><W72/><G72/><T35/><D35/><U36/><E36/><V10/><F10/><W77/><G128/><T23/><D3/><U41/><E31/><V129/><F129/><W58/><G106/><T50/><D109/><U110/><E28/><V30/><F30/><W68/><G105/><T126/><D108/><U59/><E110/><V8/><F8/><W43/><G104/><T24/><D126/><U49/><E85/><V95/><F95/><W16/><G25/><T67/><D24/><U39/><E39/><V69/><F69/><AGARI ba="1,1" hai="40,41,44,49,51,52,55,59,60,64,69,82,84,90" machi="69" ten="30,5800,0" yaku="7,1,52,1,54,1" doraHai="61" who="1" fromWho="2" sc="240,0,430,71,60,-61,260,0" owari="240,-16.0,501,60.1,-1,-50.1,260,6.0" /></mjloggm>