<mjloggm ver="2.3"><GO type="225" lobby="0"/><UN n0="%41%54%53%4D" n1="%33%74%72%65%65" n2="%E3%81%BE%E3%81%A8%E3%81%9F" n3="%E3%81%86%E3%82%8C%E3%81%9F%E3%82%93%E6%9E%95" dan="16,17,16,16" rate="2109.21,2145.27,2110.35,2161.92" sx="M,F,M,F"/><TAIKYOKU oya="0"/><INIT seed="0,0,0,4,2,119" ten="250,250,250,250" oya="0" hai0="107,3,78,23,83,1,67,135,46,82,64,53,68" hai1="19,21,93,24,71,94,118,43,14,35,0,86,47" hai2="91,108,89,117,103,17,29,49,13,34,28,123,129" hai3="2,115,72,102,31,77,18,120,95,33,5,74,9"/><T51/><D107/><U50/><E118/><V42/><F108/><W106/><G115/><T66/><D135/><U30/><E71/><V65/><F117/><W57/><G106/><T134/><D134/><U59/><E0/><V84/><F129/><W20/><G120/><T52/><D68/><U12/><E12/><V122/><F34/><W6/><G6/><T111/><D111/><U22/><E35/><V100/><F65/><W60/><G77/><T36/><D36/><U27/><E14/><V132/><F132/><W45/><G45/><T38/><D38/><U76/><REACH who="1" step="1"/><E59/><REACH who="1" ten="250,240,250,250" step="2"/><V121/><F13/><W39/><G33/><T99/><D23/><U124/><E124/><V80/><F123/><W73/><G57/><T25/><D25/><U127/><E127/><V15/><F122/><W131/><G2/><T96/><D1/><U87/><E87/><V126/><F126/><W69/><G74/><T128/><D3/><U48/><E48/><V98/><F49/><W37/><G73/><T104/><D128/><U114/><E114/><V7/><F121/><W105/><G131/><T58/><D104/><U26/><E26/><V54/><F15/><W130/><G105/><T63/><REACH who="0" step="1"/><D83/><AGARI ba="0,1" hai="19,21,22,24,27,30,43,47,50,76,83,86,93,94" machi="83" ten="40,2600,0" yaku="1,1,8,1,53,0" doraHai="119" doraHaiUra="10" who="1" fromWho="0" sc="250,-26,240,36,250,0,250,0" /><INIT seed="1,0,0,1,0,105" ten="224,276,250,250" oya="1" hai0="55,124,2,108,11,38,19,104,61,63,53,89,83" hai1="34,35,133,94,112,119,115,54,43,106,70,101,111" hai2="110,81,37,27,134,64,67,1,88,71,7,107,3" hai3="125,58,80,129,6,29,66,73,116,8,86,0,75"/><U60/><E119/><V90/><F37/><W96/><G116/><T65/><D38/><U32/><E133/><V45/><F107/><W135/><G135/><T72/><D104/><U93/><E43/><V21/><F134/><W4/><G129/><T132/><D132/><U13/><E111/><V78/><F45/><W14/><G125/><T16/><D124/><U28/><E28/><V17/><F110/><W82/><G29/><T22/><D108/><U92/><E13/><V130/><F130/><W41/><G41/><T26/><D2/><U15/><E15/><V51/><F51/><W103/><G82/><T68/><D63/><U62/><E54/><V25/><F25/><W69/><G69/><T56/><D68/><U10/><E10/><V39/><F39/><W98/><G103/><T100/><D100/><U127/><E127/><V12/><F1/><W48/><G4/><T59/><D11/><U74/><E74/><V95/><F71/><W102/><G0/><T91/><D19/><U20/><E20/><V76/><F76/><N who="3" m="46343" /><G98/><T44/><D44/><U123/><E123/><V9/><F3/><W126/><G126/><T36/><D36/><U49/><E70/><V33/><F33/><W120/><G120/><T30/><D30/><U131/><E131/><V128/><F128/><W50/><G75/><T77/><REACH who="0" step="1"/><D65/><REACH who="0" ten="214,276,250,250" step="2"/><U113/><E49/><V57/><F67/><W118/><G118/><T99/><D99/><AGARI ba="0,1" hai="32,34,35,60,62,92,93,94,99,101,106,112,113,115" machi="99" ten="60,5800,0" yaku="29,2" doraHai="105" who="1" fromWho="0" sc="214,-58,276,68,250,0,250,0" /><INIT seed="1,1,0,4,0,44" ten="156,344,250,250" oya="1" hai0="53,47,75,86,4,51,11,40,78,54,6,70,60" hai1="76,119,88,1,116,103,118,33,99,131,63,19,62" hai2="68,108,58,66,59,98,46,123,14,89,67,52,90" hai3="106,2,49,120,124,121,64,109,65,111,45,41,77"/><U83/><E131/><V79/><F123/><N who="3" m="47179" /><G106/><T113/><D113/><U10/><E33/><V56/><F108/><N who="3" m="41547" /><G77/><T22/><D75/><U122/><E122/><V110/><F110/><W87/><G87/><T35/><D35/><U132/><E132/><V24/><F79/><W125/><G2/><T5/><D22/><U15/><E1/><V3/><F3/><W48/><G48/><N who="0" m="26727" /><D70/><U102/><E88/><N who="2" m="33899" /><F68/><W42/><G42/><T32/><D32/><U16/><E19/><V126/><F98/><W26/><G26/><T129/><D129/><U29/><E29/><V112/><F112/><W104/><G104/><T57/><D11/><U13/><E13/><V20/><F14/><W94/><G94/><T23/><D23/><U93/><REACH who="1" step="1"/><E103/><REACH who="1" ten="156,334,250,250" step="2"/><V97/><F24/><W61/><G65/><T73/><D73/><AGARI ba="1,1" hai="10,15,16,62,63,73,76,83,93,99,102,116,118,119" machi="73" ten="40,7700,0" yaku="1,1,2,1,54,1,53,0" doraHai="44" doraHaiUra="34" who="1" fromWho="0" sc="156,-80,334,90,250,0,250,0" /><INIT seed="1,2,0,1,0,31" ten="76,424,250,250" oya="1" hai0="70,123,96,37,52,51,59,102,28,116,129,86,10" hai1="64,109,45,66,80,5,94,16,93,3,57,98,128" hai2="127,48,30,9,29,99,18,115,67,121,132,63,135" hai3="46,25,19,4,43,134,22,58,111,107,23,103,21"/><U117/><E117/><V0/><F121/><W20/><G111/><T34/><D116/><U126/><E109/><V49/><F115/><W2/><G134/><T53/><D37/><U32/><E32/><V74/><F74/><W40/><G103/><T90/><D70/><U69/><E69/><V77/><F77/><W68/><G107/><T12/><D123/><U92/><E98/><V15/><F0/><W108/><G108/><T82/><D129/><U54/><E126/><V118/><F118/><W124/><G68/><T83/><D53/><U78/><E45/><V89/><F127/><W27/><G124/><T110/><D110/><U101/><E101/><V17/><F17/><W39/><G43/><T44/><D59/><U56/><E56/><N who="2" m="37351" /><F49/><W1/><G4/><T7/><D28/><U14/><E5/><V38/><F48/><W73/><G73/><T55/><D55/><U62/><E3/><V104/><F38/><W33/><REACH who="3" step="1"/><G58/><REACH who="3" ten="76,424,250,240" step="2"/><T91/><D34/><U119/><E119/><V42/><F42/><W133/><G133/><N who="2" m="51273" /><F104/><W97/><G97/><T100/><REACH who="0" step="1"/><D96/><REACH who="0" ten="66,424,250,240" step="2"/><U65/><E128/><V24/><F99/><W50/><G50/><T71/><D71/><U84/><REACH who="1" step="1"/><E66/><REACH who="1" ten="66,414,250,240" step="2"/><V36/><F36/><W41/><G41/><T125/><D125/><U105/><E105/><V8/><F89/><W6/><G6/><T106/><D106/><U122/><E122/><V88/><F88/><W35/><G35/><T87/><AGARI ba="2,3" hai="7,10,12,44,51,52,82,83,86,87,90,91,100,102" machi="87" ten="30,12000,2" yaku="1,1,0,1,9,1,8,1,54,1,53,2" doraHai="31" doraHaiUra="85" who="0" fromWho="0" sc="66,156,414,-62,250,-32,240,-32" /><INIT seed="2,0,0,4,2,51" ten="222,352,218,208" oya="2" hai0="98,0,37,10,54,13,89,58,100,45,66,124,11" hai1="77,103,39,117,53,75,31,60,74,27,105,55,7" hai2="48,85,90,5,2,81,26,132,101,106,118,78,49" hai3="41,63,34,120,17,114,128,44,99,131,15,93,83"/><V79/><F118/><W84/><G120/><T135/><D124/><U134/><E39/><V59/><F132/><W97/><G34/><T80/><D135/><U23/><E117/><V122/><F122/><W92/><G63/><T86/><D0/><U96/><E134/><V46/><F2/><W69/><G69/><T22/><D66/><U8/><E60/><V119/><F119/><W111/><G111/><T21/><D37/><U50/><E77/><V9/><F26/><W43/><G114/><T24/><D45/><U109/><E109/><V33/><F33/><W126/><G126/><T102/><D22/><U87/><E87/><V73/><F79/><W67/><G67/><T127/><D127/><U110/><E110/><V36/><F36/><W72/><G72/><T112/><D112/><U129/><E129/><V71/><F71/><W1/><G1/><T25/><D25/><U133/><E53/><V116/><F116/><W35/><G35/><T64/><D64/><U108/><E133/><V32/><F32/><W30/><G30/><N who="0" m="17679" /><D98/><N who="3" m="37385" /><G44/><T3/><D3/><U29/><E29/><V121/><F46/><W56/><G56/><T42/><D42/><N who="3" m="15881" /><G131/><T70/><D70/><U94/><E105/><V19/><F59/><W47/><G47/><T61/><D10/><U57/><E108/><V28/><F28/><W104/><G104/><T123/><D123/><U113/><E113/><V95/><F121/><W65/><G65/><T130/><D130/><U76/><E76/><V4/><F48/><W38/><G38/><T82/><D82/><U14/><AGARI ba="0,0" hai="7,8,14,23,27,31,50,55,57,74,75,94,96,103" machi="14" ten="20,2700,0" yaku="0,1,7,1,52,1" doraHai="51" who="1" fromWho="1" sc="222,-7,352,27,218,-13,208,-7" /><INIT seed="3,0,0,4,0,70" ten="215,379,205,201" oya="3" hai0="29,86,34,45,42,41,67,21,19,130,134,114,26" hai1="43,102,53,56,23,103,50,64,80,121,104,107,1" hai2="113,83,111,37,58,33,75,47,38,78,112,127,105" hai3="92,76,14,115,16,62,6,65,15,106,20,99,73"/><W51/><G115/><T28/><D114/><N who="2" m="44138" /><F58/><W2/><G106/><T61/><D130/><U31/><E1/><V97/><F47/><W66/><G76/><T122/><D134/><U131/><E121/><V49/><F49/><W8/><G73/><T84/><D122/><U128/><E64/><V109/><F33/><W82/><G82/><T119/><D119/><U126/><E126/><V135/><F127/><W40/><G2/><T110/><D110/><N who="2" m="41994" /><F135/><W87/><G87/><T93/><D42/><U72/><E43/><V52/><F52/><W125/><G125/><T81/><D34/><U74/><E23/><V91/><F91/><N who="3" m="55711" /><G62/><T116/><D116/><U120/><E120/><V0/><F0/><W17/><G6/><T18/><D61/><U124/><E124/><V95/><F95/><W100/><G100/><AGARI ba="0,0" hai="37,38,75,78,83,97,100,105" m="41994,44138" machi="100" ten="30,7700,0" yaku="14,1,23,1,52,2" doraHai="70" who="2" fromWho="3" sc="215,0,379,0,205,77,201,-77" owari="215,-18.5,379,47.9,282,8.2,124,-37.6" /></mjloggm>