<mjloggm ver="2.3"><GO type="225" lobby="0"/><UN n0="%E5%B0%8F%E7%81%AB%E4%BA%BA%73%73" n1="%E3%81%82%E3%81%99%E3%81%AB%E3%82%83%E3%82%80" n2="%E3%83%B4%E3%83%A0%EF%BC%99%E3%81%A6" n3="%E6%A1%9C%E8%8A%B1%E9%96%83%E3%80%85" dan="16,16,17,17" rate="2046.10,2131.70,2147.25,2125.71" sx="M,F,M,M"/><TAIKYOKU oya="0"/><INIT seed="0,0,0,3,1,23" ten="250,250,250,250" oya="0" hai0="101,20,93,28,107,116,118,69,70,76,24,1,111" hai1="91,120,52,96,68,18,47,117,36,57,42,60,81" hai2="19,66,31,67,3,50,46,79,6,87,108,37,26" hai3="29,7,41,33,56,51,58,110,112,64,72,9,45"/><T5/><D107/><U38/><E117/><V82/><F37/><W30/><G112/><T63/><D76/><U53/><E120/><V130/><F108/><W124/><G124/><T21/><D111/><U86/><E36/><V122/><F130/><W62/><G72/><T35/><D116/><U74/><E68/><V54/><F122/><W83/><G83/><T92/><D92/><U34/><E34/><V115/><F115/><W119/><G119/><T95/><D95/><U125/><E125/><V109/><F109/><W103/><G103/><T17/><D118/><U65/><E74/><V32/><REACH who="2" step="1"/><F19/><REACH who="2" ten="250,250,240,250" step="2"/><W98/><G110/><T43/><D17/><U85/><E18/><V75/><F75/><W59/><G98/><T84/><D5/><U128/><E96/><V16/><F16/><W15/><REACH who="3" step="1"/><G33/><REACH who="3" ten="250,250,240,240" step="2"/><T8/><D35/><U123/><E123/><V80/><F80/><W55/><G55/><T94/><D84/><U25/><E128/><V40/><F40/><W97/><G97/><T10/><D101/><U106/><E53/><V102/><F102/><W11/><G11/><AGARI ba="0,2" hai="3,6,11,26,31,32,46,50,54,66,67,79,82,87" machi="11" ten="40,2600,0" yaku="1,1,52,1,53,0" doraHai="23" doraHaiUra="13" who="2" fromWho="3" sc="250,0,250,0,240,46,240,-26" /><INIT seed="1,0,0,0,3,22" ten="250,250,286,214" oya="1" hai0="98,64,95,101,107,124,134,28,133,70,8,90,57" hai1="39,54,71,62,104,16,93,100,58,21,118,1,3" hai2="76,125,46,61,63,27,84,81,123,30,9,17,4" hai3="85,52,105,55,23,83,106,102,79,12,82,13,41"/><U88/><E118/><V80/><F123/><W26/><G41/><T51/><D124/><U25/><E39/><V14/><F125/><W65/><G65/><T38/><D38/><U40/><E40/><V87/><F46/><W109/><G109/><T129/><D129/><U36/><E36/><V122/><F4/><W119/><G119/><T48/><D70/><U2/><E71/><V72/><F122/><W24/><G85/><T29/><D8/><U7/><E100/><V68/><F68/><W113/><G23/><T66/><D29/><U45/><E45/><V0/><F0/><W97/><G102/><T60/><D64/><U116/><E104/><V73/><F73/><W132/><G132/><N who="0" m="50795" /><D28/><U11/><E116/><V108/><F108/><W19/><G19/><T56/><D57/><U35/><E35/><V6/><F6/><W126/><G79/><T115/><D115/><U32/><E32/><V128/><F128/><W10/><G97/><AGARI ba="0,0" hai="48,51,56,60,66,90,95,97,98,101,107" m="50795" machi="97" ten="30,1000,0" yaku="20,1" doraHai="22" who="0" fromWho="3" sc="250,10,250,0,286,0,214,-10" /><AGARI ba="0,0" hai="1,2,3,7,11,16,21,25,54,58,62,88,93,97" machi="97" ten="30,18000,2" yaku="7,1,25,2,52,1,54,2" doraHai="22" who="1" fromWho="3" sc="260,0,250,180,286,0,204,-180" /><INIT seed="1,1,0,3,5,56" ten="260,430,286,24" oya="1" hai0="27,120,12,67,25,9,81,118,77,31,105,73,23" hai1="6,15,0,69,42,2,39,93,37,88,100,66,96" hai2="131,70,35,98,34,132,106,64,103,85,113,46,47" hai3="122,117,22,92,55,11,58,99,86,116,3,123,114"/><U107/><E69/><V10/><F131/><W59/><G22/><T26/><D118/><N who="3" m="45673" /><G114/><T129/><D129/><U43/><E66/><V97/><F113/><W125/><G86/><T126/><D126/><U5/><E2/><V51/><F132/><W62/><G11/><T102/><D120/><N who="3" m="46121" /><G3/><T112/><D112/><U8/><E42/><V135/><F135/><W19/><G19/><T108/><D108/><U121/><E121/><V28/><F34/><W16/><G16/><T44/><D102/><U48/><E6/><V71/><F97/><W17/><G17/><T18/><D105/><U24/><E24/><N who="2" m="18823" /><F85/><W61/><G125/><T134/><D134/><U52/><E0/><V29/><F29/><W1/><G1/><T76/><D76/><U82/><E82/><V133/><F133/><W65/><G92/><T63/><REACH who="0" step="1"/><D44/><REACH who="0" ten="250,430,286,24" step="2"/><U74/><E107/><V90/><F47/><W87/><G87/><T50/><D50/><U78/><E48/><V80/><F51/><W20/><G20/><T38/><D38/><U128/><E37/><V83/><F46/><W111/><G99/><T32/><D32/><U53/><E96/><V91/><F98/><W36/><G36/><T45/><D45/><U54/><E39/><V84/><F106/><W4/><G4/><T75/><D75/><U41/><E74/><V68/><F103/><W104/><G104/><T60/><D60/><U57/><E100/><V110/><F90/><W13/><G111/><T95/><D95/><U127/><E93/><V94/><F110/><W109/><G109/><T101/><D101/><U115/><E115/><RYUUKYOKU ba="1,1" sc="250,15,430,-15,286,-15,24,15" hai0="9,12,18,23,25,26,27,31,63,67,73,77,81" hai3="13,55,58,59,61,62,65" /><INIT seed="2,2,1,4,5,114" ten="265,415,271,39" oya="2" hai0="115,101,88,110,91,59,107,118,16,38,116,58,120" hai1="17,82,18,25,37,41,46,83,24,12,127,87,67" hai2="92,98,135,128,99,71,69,1,54,80,111,132,84" hai3="104,96,57,81,52,50,11,0,48,60,27,20,47"/><V89/><F1/><W30/><G81/><T23/><D115/><U94/><E127/><V74/><F128/><W78/><G78/><T100/><D120/><U73/><E67/><V63/><F111/><W51/><G104/><T113/><D113/><U123/><E123/><V36/><F36/><W10/><G0/><T29/><D29/><U14/><E94/><V70/><F74/><W31/><G96/><T19/><D38/><U121/><E73/><V7/><F7/><W5/><G31/><T34/><D34/><U125/><E83/><V22/><F22/><W103/><G103/><T126/><D126/><U130/><E130/><V131/><F131/><W40/><REACH who="3" step="1"/><G5/><REACH who="3" ten="265,415,271,29" step="2"/><T65/><D107/><U133/><E82/><V66/><F98/><W72/><G72/><T62/><D110/><U15/><E87/><V109/><F109/><W39/><AGARI ba="2,2" hai="10,11,20,27,30,39,40,47,48,50,51,52,57,60" machi="39" ten="30,4000,0" yaku="1,1,0,1,54,1,53,0" doraHai="114" doraHaiUra="119" who="3" fromWho="3" sc="265,-12,415,-12,271,-22,29,66" /><INIT seed="3,0,0,2,5,129" ten="253,403,249,95" oya="3" hai0="57,73,2,114,61,46,66,1,111,102,87,15,124" hai1="98,74,38,41,60,88,113,127,120,78,89,43,94" hai2="56,30,101,95,3,91,71,7,115,121,82,122,11" hai3="119,28,37,63,99,97,69,48,54,125,33,133,130"/><W20/><G119/><T49/><D73/><U86/><E60/><V68/><F115/><W128/><G33/><T35/><D35/><U123/><E38/><V12/><F30/><W70/><G28/><T65/><D65/><U110/><E78/><V0/><F82/><W39/><G20/><T24/><D24/><U104/><E86/><N who="2" m="52727" /><F101/><W96/><G125/><T90/><D124/><U77/><E41/><V100/><F100/><W118/><G118/><T105/><D111/><U93/><E98/><V135/><F56/><W53/><G97/><T16/><D114/><U52/><E52/><V75/><F75/><W81/><G48/><T55/><D105/><U67/><E67/><V92/><F92/><W40/><G40/><T44/><D44/><U36/><E89/><V31/><F31/><W47/><G47/><T106/><D106/><U62/><E93/><V72/><F72/><W134/><G81/><N who="0" m="49519" /><D102/><U9/><E43/><V13/><F13/><W8/><G8/><AGARI ba="0,0" hai="1,2,8,15,16,46,49,55,57,61,66" m="49519" machi="8" ten="30,2000,0" yaku="25,1,54,1" doraHai="129" who="0" fromWho="3" sc="253,20,403,0,249,0,95,-20" owari="273,7.3,403,50.3,249,-15.1,75,-42.5" /></mjloggm>