<mjloggm ver="2.3"><GO type="225" lobby="0"/><UN n0="%E7%99%BD%E9%9B%AA%E4%B9%83%E6%84%9B" n1="%E5%86%B7%E5%87%8D%E3%82%AE%E3%83%A7%E3%83%BC%E3%82%B6" n2="%E3%82%B2%E3%82%B9%E8%8C%82%E5%8B%9D" n3="%E7%99%BD%E5%92%B2%E8%8A%B1%E3%81%A1%E3%82%83%E3%82%93" dan="16,16,16,16" rate="2052.96,2196.21,2076.63,2104.27" sx="F,M,F,F"/><TAIKYOKU oya="0"/><INIT seed="0,0,0,1,3,34" ten="250,250,250,250" oya="0" hai0="35,74,36,48,18,7,11,127,66,15,53,68,57" hai1="117,42,70,85,87,16,58,19,6,51,113,101,24" hai2="31,28,45,109,122,129,3,17,43,14,108,67,91" hai3="126,1,133,134,104,25,8,92,121,82,59,20,41"/><T44/><D127/><U119/><E70/><V0/><F122/><W98/><G121/><T9/><D35/><U72/><E72/><V125/><F125/><W114/><G114/><T33/><D74/><U12/><E101/><V50/><F129/><W32/><G126/><T81/><D33/><U77/><E6/><V90/><F67/><W88/><G104/><T46/><D81/><U49/><E113/><V78/><F78/><W60/><G32/><T124/><D124/><U97/><E97/><V103/><F103/><W102/><G41/><T61/><REACH who="0" step="1"/><D36/><REACH who="0" ten="240,250,250,250" step="2"/><U26/><E117/><V64/><F31/><W110/><G133/><T116/><D116/><U105/><E119/><V69/><F28/><W106/><G134/><T13/><AGARI ba="0,1" hai="7,9,11,13,15,18,44,46,48,53,57,61,66,68" machi="13" ten="20,3900,0" yaku="1,1,0,1,7,1,53,0" doraHai="34" doraHaiUra="94" who="0" fromWho="0" sc="240,49,250,-13,250,-13,250,-13" /><INIT seed="0,1,0,5,3,18" ten="289,237,237,237" oya="0" hai0="129,29,110,39,64,1,36,49,6,32,86,87,3" hai1="66,99,63,130,100,13,65,17,55,74,67,10,85" hai2="125,115,127,19,111,48,73,0,126,61,54,69,33" hai3="92,15,75,132,59,16,82,102,28,77,12,107,80"/><T79/><D129/><U104/><E74/><V95/><F115/><W42/><G132/><T4/><D49/><U37/><E37/><N who="0" m="14409" /><D64/><U30/><E130/><V21/><F111/><W71/><G71/><T56/><D56/><U41/><E41/><V108/><F108/><W58/><G107/><T109/><D109/><U131/><E131/><V24/><F73/><W106/><G106/><T78/><D29/><U34/><E55/><V44/><F33/><W9/><G28/><T118/><D32/><U116/><E116/><V51/><F48/><W114/><G114/><T35/><D35/><U43/><E43/><V46/><F95/><W113/><G42/><T52/><D52/><U90/><E30/><V5/><F61/><W40/><G40/><T25/><D25/><U20/><E34/><V119/><F69/><W98/><G113/><T68/><D68/><U84/><E84/><N who="0" m="32297" /><D118/><U93/><REACH who="1" step="1"/><E10/><REACH who="1" ten="289,227,237,237" step="2"/><N who="2" m="2343" /><F119/><W45/><G9/><T27/><D110/><U83/><E83/><V101/><F44/><W133/><G82/><T23/><D78/><U112/><E112/><V2/><F54/><W96/><G80/><T11/><D79/><U97/><E97/><V7/><F46/><W123/><G98/><T50/><D50/><U38/><E38/><V53/><F51/><W8/><G77/><T135/><D11/><U91/><E91/><V14/><F53/><W89/><G8/><T122/><D1/><U31/><E31/><V117/><F2/><W60/><G89/><T47/><D3/><U70/><AGARI ba="1,1" hai="13,17,20,63,65,66,67,70,85,90,93,99,100,104" machi="70" ten="20,8000,1" yaku="1,1,0,1,7,1,52,1,53,1" doraHai="18" doraHaiUra="81" who="1" fromWho="1" sc="289,-41,227,93,237,-21,237,-21" /><INIT seed="1,0,0,3,3,117" ten="248,320,216,216" oya="1" hai0="37,125,19,25,106,67,109,130,134,71,26,6,122" hai1="75,81,44,54,76,133,31,39,121,112,36,107,21" hai2="91,129,42,15,55,41,116,47,2,53,45,99,94" hai3="104,98,12,5,114,34,97,33,24,126,13,11,131"/><U32/><E112/><V43/><F129/><W115/><G131/><T96/><D37/><U73/><E36/><V105/><F116/><W18/><G104/><T14/><D130/><U22/><E75/><V8/><F2/><W9/><G126/><T90/><D109/><U127/><E133/><V51/><F105/><W82/><G82/><T27/><D122/><U35/><E22/><V0/><F0/><W50/><G50/><T86/><D125/><U93/><E107/><V83/><F83/><W72/><G72/><T77/><D134/><U57/><E121/><V92/><F92/><W46/><G46/><T132/><D132/><U16/><E31/><V103/><F103/><W56/><G56/><T123/><D123/><U40/><E93/><V68/><F68/><W84/><G84/><T58/><D71/><U89/><E89/><V78/><F78/><W49/><G49/><T20/><D6/><U62/><REACH who="1" step="1"/><E127/><REACH who="1" ten="248,310,216,216" step="2"/><V87/><F99/><W66/><G98/><T120/><D120/><U70/><E70/><V69/><F69/><W85/><G97/><T88/><D106/><U4/><E4/><N who="2" m="3463" /><F45/><W79/><G114/><T128/><D128/><U119/><E119/><V64/><F47/><W38/><G38/><T1/><D96/><U118/><E118/><V52/><F91/><W7/><G115/><T48/><D90/><U3/><E3/><V108/><F94/><W135/><G135/><T110/><D1/><U74/><E74/><V101/><F87/><W17/><G24/><AGARI ba="0,1" hai="16,21,24,32,35,39,40,44,54,57,62,73,76,81" machi="24" ten="30,5800,0" yaku="1,1,7,1,54,1,53,0" doraHai="117" doraHaiUra="124" who="1" fromWho="3" sc="248,0,310,68,216,0,216,-58" /><INIT seed="1,1,0,0,3,75" ten="248,378,216,158" oya="1" hai0="104,60,9,110,59,37,135,114,41,131,123,111,101" hai1="88,38,85,40,61,45,69,133,53,105,73,77,17" hai2="7,5,120,99,4,18,44,97,128,95,80,58,93" hai3="0,42,1,129,48,87,90,46,66,64,19,130,56"/><U107/><E133/><V134/><F128/><W54/><G19/><T96/><D114/><U25/><E73/><V70/><F70/><W72/><G72/><T14/><D131/><N who="3" m="50185" /><G1/><T118/><D118/><U49/><E77/><V27/><F134/><W24/><G24/><T108/><D135/><U113/><E113/><V47/><F120/><W68/><G0/><T11/><D123/><U98/><E98/><N who="2" m="37387" /><F80/><N who="3" m="49511" /><G68/><T33/><D33/><U117/><E117/><V102/><F58/><W15/><G15/><T79/><D14/><U78/><E78/><V39/><F39/><AGARI ba="1,0" hai="39,42,46,48,54,56,64,66" m="49511,50185" machi="39" ten="30,1000,0" yaku="19,1" doraHai="75" who="3" fromWho="2" sc="248,0,378,0,216,-13,158,13" /><INIT seed="2,0,0,1,2,119" ten="248,378,203,171" oya="2" hai0="67,26,15,60,80,58,49,20,89,77,19,12,50" hai1="91,4,124,28,121,0,116,81,135,115,132,37,104" hai2="134,13,71,44,97,70,98,103,53,111,110,120,25" hai3="83,79,131,105,130,33,94,69,35,123,5,122,3"/><V93/><F134/><W62/><G105/><T102/><D102/><U133/><E115/><V48/><F120/><N who="3" m="46123" /><G94/><T75/><D89/><U8/><E121/><V22/><F13/><W128/><G5/><T73/><D73/><U129/><E37/><V1/><F1/><W74/><G3/><T68/><D68/><U51/><E116/><V108/><REACH who="2" step="1"/><F97/><REACH who="2" ten="248,378,193,171" step="2"/><W78/><G78/><T96/><D96/><U18/><E0/><V114/><F114/><W126/><G126/><T55/><D12/><U95/><E124/><V10/><F10/><W7/><G7/><T118/><D118/><U100/><E4/><V61/><F61/><W29/><G29/><AGARI ba="0,1" hai="22,25,29,44,48,53,70,71,93,98,103,108,110,111" machi="29" ten="40,7700,0" yaku="1,1,14,1,10,1,53,0" doraHai="119" doraHaiUra="101" who="2" fromWho="3" sc="248,0,378,0,193,87,171,-77" /><INIT seed="2,1,0,5,1,101" ten="248,378,280,94" oya="2" hai0="83,119,111,7,41,121,97,82,75,4,81,48,49" hai1="104,126,36,1,115,56,96,112,71,11,76,53,79" hai2="120,73,95,98,133,51,45,15,37,40,63,6,70" hai3="62,106,91,42,108,46,114,74,29,39,72,124,103"/><V131/><F120/><W116/><G116/><T59/><D121/><U78/><E71/><V5/><F133/><W16/><G108/><T61/><D75/><U20/><E36/><V130/><F73/><W100/><G100/><T107/><D111/><U60/><E126/><V28/><F28/><W18/><G29/><T94/><D119/><U135/><E135/><V33/><F33/><W50/><G124/><T12/><D107/><U127/><E127/><V110/><F110/><W132/><G132/><T129/><D129/><N who="2" m="49162" /><F15/><W90/><G114/><T2/><D2/><U85/><E1/><V26/><F26/><W34/><G34/><T32/><D32/><U69/><E69/><V87/><F87/><W35/><G35/><T122/><D122/><U27/><E85/><V54/><F63/><W44/><G74/><T123/><D123/><U117/><E117/><V14/><F14/><W93/><G72/><T19/><D4/><U58/><E112/><V77/><F77/><W66/><G62/><T21/><D7/><U65/><E60/><V13/><F13/><W89/><G106/><T10/><D10/><U30/><E76/><V57/><F70/><W8/><G8/><T25/><D12/><U125/><E11/><V88/><AGARI ba="1,0" hai="5,6,37,40,45,51,54,57,88,95,98" m="49162" machi="88" ten="30,3000,0" yaku="19,1,54,1" doraHai="101" who="2" fromWho="2" sc="248,-11,378,-11,280,33,94,-11" /><INIT seed="2,2,0,1,1,101" ten="237,367,313,83" oya="2" hai0="100,20,98,73,46,126,57,115,120,40,75,67,91" hai1="129,116,54,61,95,51,59,65,49,83,66,25,55" hai2="8,109,121,11,30,13,81,39,106,85,21,86,82" hai3="29,94,88,135,48,33,92,62,102,15,42,97,23"/><V10/><F121/><W60/><G135/><T110/><D115/><U64/><E116/><V34/><F39/><W84/><G33/><T118/><D120/><U78/><E129/><V104/><F34/><W123/><G123/><T70/><D118/><U24/><E95/><V77/><F109/><W2/><G2/><T69/><D57/><U108/><E108/><V90/><REACH who="2" step="1"/><F30/><REACH who="2" ten="237,367,303,83" step="2"/><W124/><G124/><T35/><D110/><U27/><REACH who="1" step="1"/><E55/><REACH who="1" ten="237,357,303,83" step="2"/><V122/><F122/><W96/><G29/><T128/><D128/><U80/><E80/><V45/><F45/><W113/><G113/><T31/><D126/><U112/><E112/><V114/><F114/><W32/><G32/><T76/><D35/><U37/><E37/><V28/><F28/><W63/><G94/><T68/><D31/><U119/><E119/><V22/><F22/><W14/><G23/><T53/><D20/><U9/><E9/><V47/><F47/><W131/><G131/><T125/><D125/><U134/><E134/><V72/><F72/><AGARI ba="2,2" hai="24,25,27,49,51,54,59,61,64,65,66,72,78,83" machi="72" ten="40,1300,0" yaku="1,1,53,0" doraHai="101" doraHaiUra="89" who="1" fromWho="2" sc="237,0,357,39,303,-19,83,0" /><INIT seed="3,0,0,5,0,34" ten="237,396,284,83" oya="3" hai0="8,40,90,55,104,97,43,7,20,95,68,63,126" hai1="89,113,49,27,82,45,54,57,94,44,74,98,38" hai2="5,30,131,105,37,135,102,75,6,99,116,130,28" hai3="79,67,96,18,12,13,39,119,111,14,108,4,83"/><W134/><G39/><T60/><D126/><U88/><E113/><V100/><F75/><W81/><G67/><T52/><D104/><U115/><E115/><V69/><F37/><W110/><G119/><T71/><D20/><U56/><E27/><V15/><F116/><W36/><G36/><T47/><D68/><U32/><E32/><V64/><F135/><W10/><G134/><T66/><D60/><U123/><E123/><V31/><F102/><W77/><G96/><T16/><D40/><U80/><E74/><V127/><F127/><W17/><G4/><T42/><D42/><U122/><E122/><V19/><F64/><W48/><G48/><T87/><D97/><U21/><E21/><V128/><F69/><W117/><G117/><T53/><D43/><U2/><E2/><V107/><F105/><W112/><G112/><T25/><D47/><U26/><E26/><V59/><F59/><W24/><G24/><T106/><D106/><U84/><E80/><N who="3" m="30794" /><G10/><AGARI ba="0,0" hai="5,6,10,15,19,28,30,31,99,100,107,128,130,131" machi="10" ten="50,1600,0" yaku="19,1" doraHai="34" who="2" fromWho="3" sc="237,0,396,0,284,16,83,-16" owari="237,-16.3,396,49.6,300,10.0,67,-43.3" /></mjloggm>