<mjloggm ver="2.3"><GO type="225" lobby="0"/><UN n0="%E7%A9%BA%E9%A3%9B%E3%81%B6%E8%8A%8B%E7%85%AE%E4%BC%9A" n1="%61%6D%65%6B%69" n2="%E3%83%81%E3%83%AF%E3%83%AF%E9%9A%8A%E9%95%B7" n3="%E3%82%A2%E3%83%A1%E3%82%A2%E3%83%A9%E3%83%AC" dan="16,16,17,16" rate="2071.22,2097.45,2186.76,2166.87" sx="F,M,M,M"/><TAIKYOKU oya="0"/><INIT seed="0,0,0,5,4,91" ten="250,250,250,250" oya="0" hai0="10,72,80,133,88,14,119,57,9,93,92,66,115" hai1="68,76,107,16,69,67,46,28,64,113,44,125,108" hai2="55,6,127,111,87,110,26,61,117,124,135,3,98" hai3="50,5,74,53,29,11,15,130,33,99,49,100,104"/><T35/><D119/><U39/><E107/><V96/><F117/><W48/><G130/><T70/><D115/><U102/><E102/><V43/><F135/><W52/><REACH who="3" step="1"/><G74/><REACH who="3" ten="250,250,250,240" step="2"/><T94/><D133/><U81/><E113/><V123/><F127/><W83/><G83/><T12/><D35/><U17/><E125/><V27/><F124/><W90/><G90/><T1/><D70/><U63/><E108/><V71/><F110/><W21/><G21/><T32/><D32/><U89/><E89/><V116/><F111/><W65/><G65/><T60/><D1/><U20/><E67/><V132/><F3/><W30/><G30/><T41/><D72/><U54/><E69/><V8/><F71/><W105/><G105/><T13/><D41/><U79/><E28/><V40/><F40/><W0/><G0/><T73/><D73/><U37/><E81/><V38/><F43/><W131/><G131/><T95/><D80/><U42/><E39/><V126/><F38/><W78/><G78/><T45/><D45/><U34/><E34/><V77/><F126/><W51/><N who="3" m="12288" /><DORA hai="23" /><W85/><G85/><AGARI ba="0,1" hai="9,10,12,13,14,57,60,66,85,88,92,93,94,95" machi="85" ten="40,18000,2" yaku="8,1,52,4,54,1" doraHai="91,23" who="0" fromWho="3" sc="250,190,250,0,250,0,240,-180" /><INIT seed="0,1,0,1,4,92" ten="440,250,250,60" oya="0" hai0="114,90,40,36,41,3,38,6,98,82,21,134,106" hai1="78,32,120,30,29,124,71,130,88,60,79,37,64" hai2="117,62,53,103,45,100,123,35,113,54,95,16,111" hai3="1,75,77,67,91,18,86,102,83,25,31,56,84"/><T44/><D114/><U97/><E120/><V7/><F123/><W59/><G1/><T52/><D134/><U68/><E130/><V14/><F113/><W133/><G133/><T51/><D3/><U132/><E132/><V70/><F35/><W109/><G109/><T28/><D6/><U105/><E37/><V112/><F112/><W50/><G102/><T74/><D38/><U55/><E71/><V19/><F111/><W22/><G75/><T125/><D125/><U48/><E124/><V81/><F117/><W26/><G50/><T39/><D39/><U49/><E49/><N who="2" m="28847" /><F70/><W33/><REACH who="3" step="1"/><G67/><REACH who="3" ten="440,250,250,50" step="2"/><T12/><D36/><U96/><E105/><V61/><F100/><W122/><G122/><T110/><D110/><U107/><E107/><V104/><F104/><W57/><G57/><T58/><D58/><U15/><E48/><V23/><F103/><W2/><G2/><T93/><D106/><U119/><E64/><V69/><F69/><W121/><G121/><T116/><D116/><U47/><E68/><V80/><F61/><W5/><G5/><T11/><D41/><U43/><E60/><V76/><F62/><W34/><G34/><T46/><D40/><U17/><E32/><V65/><F65/><W85/><G85/><T108/><D108/><U115/><E43/><V4/><F4/><W129/><G129/><T127/><D127/><U118/><E119/><V73/><F7/><W13/><G13/><T42/><D42/><U131/><E118/><V72/><F14/><W135/><G135/><T27/><D46/><U87/><E115/><V101/><F72/><RYUUKYOKU ba="1,1" sc="440,-10,250,-10,250,-10,50,30" hai3="18,22,25,26,31,33,56,59,77,83,84,86,91" /><INIT seed="1,2,1,4,2,75" ten="430,240,240,80" oya="1" hai0="1,57,33,106,19,97,107,61,84,9,99,0,23" hai1="53,8,25,66,60,64,109,50,44,36,11,83,133" hai2="77,100,3,67,28,24,95,7,52,68,30,96,17" hai3="129,41,125,78,113,29,88,104,38,16,2,80,98"/><U22/><E133/><V20/><F68/><W18/><G113/><T118/><D118/><U82/><E36/><V108/><F67/><W79/><G2/><T132/><D33/><U76/><E83/><V10/><F108/><W40/><G38/><T81/><D132/><U31/><E109/><V128/><F128/><W49/><G104/><T56/><D9/><U62/><E66/><V119/><F119/><W32/><G129/><T87/><D23/><U111/><E111/><V26/><F26/><W124/><G29/><T94/><D19/><N who="3" m="7209" /><G32/><T43/><D43/><N who="3" m="16457" /><G49/><T21/><D21/><U65/><E65/><V135/><F135/><W59/><G59/><T90/><D61/><U39/><E39/><V27/><F27/><W13/><G13/><T51/><D51/><U85/><REACH who="1" step="1"/><E60/><REACH who="1" ten="430,230,240,80" step="2"/><V117/><F117/><W55/><G55/><T70/><D81/><U73/><E73/><V12/><F52/><W101/><G101/><T130/><D130/><U91/><E91/><V103/><F103/><W134/><G134/><T89/><D70/><AGARI ba="2,2" hai="8,11,22,25,31,44,50,53,62,64,70,76,82,85" machi="70" ten="30,5800,0" yaku="1,1,7,1,52,1,53,0" doraHai="75" doraHaiUra="114" who="1" fromWho="0" sc="430,-64,230,84,240,0,80,0" /><INIT seed="1,3,0,0,4,69" ten="366,314,240,80" oya="1" hai0="118,88,128,59,133,71,23,79,7,131,33,5,90" hai1="130,93,6,22,36,9,0,61,10,94,47,116,83" hai2="46,72,81,127,12,26,54,91,24,44,60,17,43" hai3="111,114,102,11,75,108,92,2,65,68,66,31,124"/><U98/><E116/><V25/><F127/><W121/><G114/><T77/><D71/><U73/><E130/><V50/><F60/><W74/><G121/><T97/><D33/><U78/><E10/><V96/><F72/><W70/><G31/><T85/><D118/><U86/><E86/><N who="2" m="50639" /><F96/><W63/><G92/><T49/><D133/><U16/><E61/><V120/><F120/><W95/><G95/><T51/><D23/><U15/><REACH who="1" step="1"/><E98/><REACH who="1" ten="366,304,240,80" step="2"/><V1/><F1/><W29/><G63/><T119/><D97/><U13/><E13/><V57/><F43/><AGARI ba="3,1" hai="0,6,9,15,16,22,36,43,47,73,78,83,93,94" machi="43" ten="40,18000,2" yaku="1,1,25,2,52,1,54,1,53,1" doraHai="69" doraHaiUra="37" who="1" fromWho="2" sc="366,0,304,199,240,-189,80,0" /><INIT seed="1,4,0,2,4,107" ten="366,503,51,80" oya="1" hai0="41,103,111,77,96,24,74,12,34,86,85,22,38" hai1="102,117,118,51,128,119,87,129,116,108,60,126,32" hai2="56,7,90,3,37,33,4,8,121,6,125,55,47" hai3="19,11,114,112,106,39,104,35,50,43,10,130,101"/><U20/><E119/><V92/><F121/><W31/><G39/><T79/><D111/><U68/><E32/><V14/><F33/><W100/><G130/><N who="1" m="50282" /><E20/><V82/><F125/><W93/><G35/><T89/><D34/><U124/><E102/><V64/><F82/><W84/><G93/><T40/><D12/><U73/><E87/><V132/><F132/><W58/><G58/><T23/><D103/><U88/><E88/><V123/><F123/><W54/><G50/><T71/><D71/><U53/><E73/><V133/><F133/><W9/><G54/><T36/><D89/><U16/><E16/><N who="2" m="8263" /><F3/><W66/><G19/><T115/><D96/><U1/><E1/><V30/><F37/><W17/><G17/><T18/><D18/><U21/><E21/><V75/><F75/><W99/><G106/><T131/><D131/><U57/><E108/><V97/><F30/><W95/><G104/><T72/><D24/><U65/><AGARI ba="4,0" hai="51,53,57,60,65,68,116,117,118,124,126" m="50282" machi="65" ten="40,7800,0" yaku="19,1,34,2" doraHai="107" who="1" fromWho="1" sc="366,-30,503,90,51,-30,80,-30" /><INIT seed="1,5,0,3,5,69" ten="336,593,21,50" oya="1" hai0="87,31,94,84,55,2,123,63,77,6,128,126,74" hai1="5,130,112,103,48,4,75,23,72,79,101,109,64" hai2="83,125,91,73,14,66,82,19,129,43,11,127,41" hai3="68,102,70,113,89,38,12,96,39,50,110,32,62"/><U18/><E112/><V54/><F129/><W45/><G113/><T88/><D128/><U17/><E130/><V115/><F115/><W81/><G32/><T133/><D133/><U71/><E71/><V42/><F66/><W60/><G70/><T1/><D126/><N who="2" m="48138" /><F73/><W78/><G89/><T10/><D123/><U40/><E64/><V29/><F29/><W86/><G110/><T105/><D31/><U116/><E116/><V51/><F91/><W22/><G68/><T24/><D24/><U30/><E30/><V132/><F132/><W25/><G12/><T53/><D1/><U135/><E135/><V56/><AGARI ba="5,0" hai="11,14,19,41,42,43,51,54,56,82,83" m="48138" machi="56" ten="30,1100,0" yaku="18,1" doraHai="69" who="2" fromWho="2" sc="336,-8,593,-10,21,26,50,-8" /><INIT seed="2,0,0,2,2,33" ten="328,583,47,42" oya="2" hai0="14,13,66,54,25,47,23,98,8,126,105,28,15" hai1="37,30,61,36,90,78,39,29,107,44,57,109,92" hai2="102,130,70,99,43,56,27,131,113,60,9,119,0" hai3="72,45,93,83,67,32,76,88,49,100,103,123,20"/><V124/><F113/><W122/><G32/><T127/><D66/><U6/><E107/><V118/><F70/><W85/><G67/><T1/><D105/><U34/><E109/><V116/><F124/><W87/><G20/><T48/><D98/><U50/><E78/><V79/><F43/><W74/><G49/><T35/><D54/><U40/><E6/><N who="2" m="1223" /><F79/><W38/><G45/><T135/><D48/><U2/><E2/><V133/><F27/><W110/><G38/><T16/><D47/><U10/><E34/><V46/><F46/><W125/><G110/><T95/><D95/><U58/><E58/><V117/><F117/><W51/><G51/><T96/><D96/><U42/><E42/><V129/><F133/><W112/><G125/><N who="0" m="47627" /><D135/><U115/><E57/><V22/><F22/><W89/><G112/><T80/><D80/><U104/><E115/><V77/><F77/><W132/><G132/><T59/><D59/><U71/><E104/><N who="2" m="63583" /><F118/><W41/><G41/><T73/><D73/><N who="3" m="28265" /><G76/><T111/><D111/><U97/><E71/><V21/><F21/><W86/><G86/><T4/><AGARI ba="0,0" hai="1,4,8,13,14,15,16,23,25,28,35" m="47627" machi="4" ten="30,12000,2" yaku="24,1,18,1,34,2,52,1,54,1" doraHai="33" who="0" fromWho="0" sc="328,120,583,-30,47,-60,42,-30" owari="448,24.8,553,65.3,-13,-51.3,12,-38.8" /></mjloggm>