<mjloggm ver="2.3"><GO type="225" lobby="0"/><UN n0="%48%61%61%61%6C%61%6E%64" n1="%E3%82%A2%E3%83%BC%E3%83%A2%E3%83%AD%E3%83%BC%E3%83%B4%E3%82%A1" n2="%6D%75%75%6D%75%72%61" n3="%E6%80%AA%E3%81%97%E3%81%99%E3%81%8E%E3%82%8B%E3%83%81%E3%83%BC" dan="17,16,16,17" rate="2248.14,2103.72,2078.28,2144.83" sx="M,M,F,M"/><TAIKYOKU oya="0"/><INIT seed="0,0,0,1,1,36" ten="250,250,250,250" oya="0" hai0="81,118,49,52,111,25,6,132,62,113,61,100,3" hai1="95,1,24,20,43,73,117,44,63,31,38,46,106" hai2="87,42,112,109,133,76,96,116,55,33,41,103,0" hai3="126,13,10,30,82,12,28,122,85,21,5,35,32"/><T78/><D113/><U51/><E117/><V114/><F116/><W94/><G94/><T48/><D118/><U110/><E110/><V2/><F109/><W125/><G85/><T119/><D119/><U131/><E131/><V50/><F133/><W56/><G56/><T93/><D111/><U4/><E106/><V27/><F76/><W18/><G82/><T88/><D100/><U53/><E73/><V104/><F87/><W14/><G122/><T71/><D132/><U17/><E95/><V84/><F84/><W135/><G135/><T134/><D134/><U86/><E86/><V15/><F15/><N who="3" m="5583" /><G125/><T105/><D105/><U123/><E123/><V107/><F107/><W26/><G126/><T101/><D101/><U102/><E63/><V90/><F90/><W67/><G67/><T97/><D25/><AGARI ba="0,0" hai="12,13,14,18,21,25,26,28,30,32,35" m="5583" machi="25" ten="30,8000,1" yaku="35,5" doraHai="36" who="3" fromWho="0" sc="250,-80,250,0,250,0,250,80" /><INIT seed="1,0,0,0,5,124" ten="170,250,250,330" oya="1" hai0="134,110,77,86,94,27,51,109,43,54,36,70,9" hai1="62,44,6,64,60,97,112,129,46,40,2,7,85" hai2="135,128,34,120,17,72,69,18,91,22,113,56,41" hai3="8,106,104,133,81,92,61,103,123,35,111,89,4"/><U117/><E112/><V21/><F69/><W105/><G35/><T73/><D70/><U47/><E117/><V63/><F34/><W82/><G123/><T98/><D73/><U59/><E2/><V83/><F120/><W65/><G111/><N who="0" m="42507" /><D134/><U114/><E114/><V68/><F68/><W3/><G103/><T10/><D27/><U48/><E129/><V23/><F113/><W121/><G133/><T37/><D86/><U32/><E32/><V116/><F116/><W107/><N who="3" m="26624" /><DORA hai="118" /><W13/><G13/><T75/><D77/><U84/><E97/><V57/><F135/><W55/><G55/><T67/><D75/><U99/><E99/><V39/><F128/><W24/><G24/><T50/><D67/><U25/><E25/><V87/><F72/><W100/><G100/><N who="0" m="60503" /><D50/><U0/><E0/><V90/><F90/><W130/><G121/><T108/><N who="0" m="42515" /><T42/><DORA hai="33" /><D42/><U19/><E62/><V80/><F80/><W58/><REACH who="3" step="1"/><G130/><REACH who="3" ten="170,250,250,320" step="2"/><T5/><D43/><U132/><E132/><V96/><F41/><W66/><G66/><T26/><D26/><U115/><E115/><V76/><F63/><W20/><G20/><T52/><D54/><U28/><E40/><V119/><F119/><W93/><G93/><T122/><D122/><U38/><E60/><V29/><F23/><W31/><G31/><T53/><D53/><U49/><E28/><V30/><F30/><W71/><G71/><T11/><D5/><U88/><E6/><V127/><F29/><W74/><G74/><T45/><AGARI ba="0,1" hai="9,10,11,36,37,45,51,52" m="60503,42515" machi="45" ten="50,3200,0" yaku="14,1,54,1" doraHai="124,118,33" who="0" fromWho="0" sc="170,42,250,-16,250,-8,320,-8" /><INIT seed="2,0,0,1,1,48" ten="212,234,242,312" oya="2" hai0="85,79,100,62,81,94,23,77,22,99,8,59,84" hai1="89,93,126,95,56,92,45,11,91,19,41,66,108" hai2="71,97,55,131,57,7,110,36,86,37,60,38,15" hai3="72,61,133,0,118,65,27,4,74,1,40,112,78"/><V124/><F124/><W50/><G118/><T135/><D135/><U52/><E108/><V18/><F131/><W98/><G133/><T120/><D120/><U29/><E126/><V16/><F110/><W51/><G112/><T73/><D8/><U44/><E29/><V26/><F71/><W101/><G27/><T76/><D73/><U47/><E66/><V82/><F97/><W35/><G35/><T53/><REACH who="0" step="1"/><D85/><REACH who="0" ten="202,234,242,312" step="2"/><U88/><E11/><V49/><F7/><W103/><G74/><T28/><D28/><U117/><E117/><V12/><F18/><W107/><G4/><T67/><D67/><U83/><E19/><V25/><F60/><W34/><G65/><T2/><D2/><U116/><E116/><V129/><F129/><W3/><G72/><T127/><D127/><U70/><E70/><V128/><F128/><W17/><G3/><T33/><D33/><U90/><N who="1" m="22528" /><DORA hai="24" /><U123/><E123/><V6/><F6/><W46/><G34/><T105/><D105/><U113/><E113/><V21/><REACH who="2" step="1"/><F15/><REACH who="2" ten="202,234,232,312" step="2"/><W54/><G61/><T58/><D58/><U122/><E122/><V130/><F130/><W96/><G17/><T43/><D43/><U64/><E64/><V14/><F14/><W42/><G42/><T132/><D132/><U30/><E41/><V31/><F31/><W39/><G1/><T13/><D13/><U109/><E30/><V9/><F9/><W32/><G0/><T80/><D80/><U63/><E109/><V104/><F104/><W102/><G107/><T106/><D106/><U69/><E69/><V75/><F75/><RYUUKYOKU ba="0,2" sc="202,10,234,10,232,10,312,-30" hai0="22,23,53,59,62,76,77,79,81,84,94,99,100" hai1="44,45,47,52,56,63,83,92,93,95" hai2="12,16,21,25,26,36,37,38,49,55,57,82,86" /><INIT seed="2,1,2,4,4,100" ten="212,244,242,282" oya="2" hai0="66,3,25,115,106,126,36,79,10,128,45,94,85" hai1="22,38,88,7,27,49,40,111,42,130,119,107,16" hai2="4,125,73,12,117,34,98,70,58,127,133,103,95" hai3="84,122,5,105,87,116,114,15,90,72,13,78,17"/><V123/><F117/><W104/><G116/><T108/><D115/><U121/><E119/><V23/><F70/><W19/><G122/><T68/><D108/><U0/><E107/><V32/><F123/><W86/><G114/><T82/><D126/><N who="2" m="48138" /><F133/><W77/><G90/><T11/><D128/><U41/><E121/><V47/><F73/><W46/><G46/><T99/><D106/><N who="3" m="41065" /><G5/><T118/><D118/><U50/><E111/><V30/><F58/><W97/><G97/><T37/><D25/><U81/><E38/><V52/><F30/><W33/><G33/><T91/><D3/><U120/><E130/><V124/><N who="2" m="48146" /><V67/><DORA hai="43" /><F67/><W28/><G28/><T21/><D37/><U132/><E132/><V62/><F62/><W8/><G8/><T113/><D113/><U74/><E74/><V64/><F64/><W92/><G92/><T102/><D21/><U54/><E120/><V60/><F60/><W26/><G26/><T9/><D66/><U129/><E129/><V56/><F56/><W69/><G69/><T131/><D68/><U83/><E27/><V93/><F93/><W51/><G51/><T96/><D131/><U18/><E50/><N who="2" m="28767" /><F23/><W65/><G65/><T63/><D63/><U59/><E22/><V134/><F134/><W1/><G72/><T24/><D24/><U80/><REACH who="1" step="1"/><E88/><REACH who="1" ten="212,234,242,282" step="2"/><V6/><F12/><N who="3" m="4683" /><G1/><T112/><D112/><U31/><E31/><V76/><F76/><AGARI ba="1,3" hai="17,19,76,77,78,84,86,87" m="4683,41065" machi="76" ten="40,8000,1" yaku="28,2,52,3" doraHai="100,43" who="3" fromWho="2" sc="212,0,234,0,242,-83,282,113" /><INIT seed="3,0,0,5,1,29" ten="212,234,159,395" oya="3" hai0="131,100,132,115,50,75,120,12,64,67,43,35,98" hai1="104,7,8,86,93,107,111,87,117,21,82,17,59" hai2="38,124,126,4,127,46,66,101,83,11,118,79,91" hai3="54,30,62,33,34,57,129,80,135,121,37,113,85"/><W9/><G37/><T60/><D120/><U70/><E70/><V13/><F118/><W41/><G113/><T22/><D115/><U14/><E111/><V119/><F119/><W3/><G41/><T122/><D122/><U58/><E117/><V15/><F101/><W48/><G30/><T96/><D35/><U128/><E128/><V31/><F66/><W81/><G135/><T134/><D75/><U76/><E104/><V26/><F91/><W1/><G81/><T112/><D112/><U78/><E107/><V108/><F108/><W90/><G129/><T116/><D116/><U16/><E17/><V94/><F94/><W110/><G110/><T109/><D109/><U89/><REACH who="1" step="1"/><E78/><REACH who="1" ten="212,224,159,395" step="2"/><V123/><F123/><W56/><G121/><T125/><D131/><U61/><E61/><V39/><F46/><W95/><G3/><AGARI ba="0,1" hai="3,7,8,14,16,21,58,59,76,82,86,87,89,93" machi="3" ten="30,3900,0" yaku="1,1,7,1,54,1,53,0" doraHai="29" doraHaiUra="25" who="1" fromWho="3" sc="212,0,224,49,159,0,395,-39" owari="212,-18.8,273,7.3,159,-34.1,356,45.6" /></mjloggm>