<mjloggm ver="2.3"><GO type="225" lobby="0"/><UN n0="%E7%99%BD%E6%97%A5%E9%9B%AA%E8%8F%9C" n1="%E3%81%B5%E3%81%98%E3%81%8B%E3%81%A4" n2="%4B%2E%32%2E%4B%2E" n3="%E5%B0%8F%E9%B3%A5%E9%81%8A%E7%B7%B4%E7%84%A1%32%31%E6%AD%B3" dan="17,16,16,16" rate="2230.07,2226.95,2141.09,2159.69" sx="M,M,M,F"/><TAIKYOKU oya="0"/><INIT seed="0,0,0,2,1,29" ten="250,250,250,250" oya="0" hai0="0,101,110,71,8,12,119,76,6,22,23,67,72" hai1="111,93,1,99,58,57,55,102,19,52,25,21,116" hai2="32,33,108,38,78,89,63,41,114,11,15,92,43" hai3="118,3,61,88,37,85,62,59,120,80,18,2,128"/><T81/><D119/><U13/><E116/><V73/><F114/><W56/><G118/><T45/><D101/><U97/><E111/><V42/><F38/><W132/><G37/><T90/><D110/><U115/><E115/><V131/><F108/><W83/><G128/><T51/><D90/><U104/><E1/><V70/><F131/><W53/><G132/><T34/><D0/><U126/><E126/><V112/><F78/><W44/><G44/><T16/><D34/><U50/><E99/><V14/><F73/><W20/><G80/><T134/><D134/><U69/><E104/><V66/><F112/><W30/><G30/><T133/><D133/><U39/><E39/><V10/><F15/><W46/><G46/><T86/><D72/><U79/><E79/><V127/><F127/><W95/><G83/><T75/><D75/><U117/><E117/><V31/><F31/><W27/><REACH who="3" step="1"/><G120/><REACH who="3" ten="250,250,250,240" step="2"/><T103/><D81/><U48/><REACH who="1" step="1"/><E69/><REACH who="1" ten="250,240,250,240" step="2"/><V36/><F36/><W106/><G106/><T28/><D76/><U98/><E98/><V40/><N who="2" m="10240" /><DORA hai="125" /><V5/><REACH who="2" step="1"/><F11/><REACH who="2" ten="250,240,240,240" step="2"/><W7/><G7/><T82/><D6/><U47/><E47/><V60/><F60/><W107/><G107/><T26/><D45/><U87/><E87/><AGARI ba="0,3" hai="5,10,14,32,33,63,66,70,87,89,92" m="10240" machi="87" ten="50,6400,0" yaku="1,1,52,2,53,0" doraHai="29,125" doraHaiUra="123,96" who="2" fromWho="1" sc="250,0,240,-64,240,94,240,0" /><INIT seed="1,0,0,2,1,61" ten="250,176,334,240" oya="1" hai0="47,104,87,125,16,98,135,36,37,133,103,1,81" hai1="94,24,88,58,63,15,39,131,96,79,129,34,35" hai2="62,118,80,97,113,115,102,49,26,12,6,54,134" hai3="0,59,32,53,19,116,30,117,82,57,20,64,83"/><U110/><E39/><V95/><F118/><N who="3" m="45675" /><G0/><T124/><D1/><U69/><E79/><V14/><F134/><N who="0" m="51210" /><D47/><U5/><E69/><V85/><F62/><N who="3" m="37983" /><G30/><T74/><D16/><U38/><E38/><N who="0" m="14953" /><D74/><U99/><E99/><V112/><F26/><N who="3" m="14623" /><G32/><T33/><D33/><U89/><E24/><V123/><F123/><W8/><G8/><T68/><D68/><U108/><E34/><V75/><F6/><W45/><G45/><T122/><D122/><U86/><E35/><V21/><F21/><W40/><G40/><T114/><D114/><U119/><E119/><V60/><F60/><AGARI ba="0,0" hai="53,57,60,82,83" m="14623,37983,45675" machi="60" ten="30,2000,0" yaku="12,1,52,1" doraHai="61" who="3" fromWho="2" sc="250,0,176,0,334,-20,240,20" /><INIT seed="2,0,0,1,4,46" ten="250,176,314,260" oya="2" hai0="88,126,2,79,63,44,85,16,50,102,108,122,47" hai1="34,107,66,134,38,93,89,119,8,51,30,5,72" hai2="129,19,135,59,115,120,60,74,133,10,39,49,97" hai3="114,40,58,109,65,118,91,41,33,104,124,28,25"/><V31/><F115/><W56/><G118/><T131/><D122/><U15/><E119/><V132/><F120/><W76/><G76/><T123/><D2/><U35/><E107/><V128/><F39/><W55/><G109/><T125/><D123/><U12/><E72/><V100/><F74/><W42/><G104/><T121/><D121/><U95/><E38/><V99/><F31/><W127/><G114/><T37/><D108/><U13/><E134/><V73/><F73/><W57/><G65/><T0/><D0/><U52/><E66/><V29/><F29/><W22/><G33/><T70/><D131/><N who="2" m="50250" /><F49/><W69/><G69/><T68/><D79/><U90/><E35/><V4/><F19/><W112/><G112/><T62/><D102/><U101/><E34/><V83/><F83/><W87/><G55/><N who="0" m="30151" /><D16/><U98/><E30/><V105/><F99/><W24/><REACH who="3" step="1"/><G25/><REACH who="3" ten="250,176,314,250" step="2"/><T96/><D70/><U61/><E61/><V53/><F135/><W75/><G75/><T77/><D68/><U21/><E21/><V54/><F54/><W23/><G23/><T11/><D63/><U27/><E27/><V110/><F110/><W45/><G45/><T78/><D62/><U92/><E101/><V106/><F105/><W116/><G116/><T18/><D47/><N who="1" m="27775" /><E95/><AGARI ba="0,1" hai="22,24,28,40,41,42,56,57,58,87,91,95,124,127" machi="95" ten="40,1300,0" yaku="1,1,53,0" doraHai="46" doraHaiUra="94" who="3" fromWho="1" sc="250,0,176,-13,314,0,250,23" /><INIT seed="3,0,0,5,1,3" ten="250,163,314,273" oya="3" hai0="38,50,11,77,16,80,86,98,36,119,132,32,10" hai1="62,74,69,108,40,33,123,51,92,94,67,30,9" hai2="125,19,41,96,12,22,97,21,76,114,115,99,113" hai3="82,81,112,13,28,104,44,2,117,79,52,37,42"/><W107/><G112/><T75/><D32/><U105/><E123/><V95/><F125/><W135/><G117/><T45/><D119/><U101/><E108/><V93/><F76/><W53/><G135/><T57/><D132/><U14/><E74/><V65/><F65/><W7/><G28/><T122/><D122/><U73/><E73/><V111/><F111/><W54/><G13/><T91/><D57/><U48/><E48/><V39/><F22/><W84/><REACH who="3" step="1"/><G82/><REACH who="3" ten="250,163,314,263" step="2"/><T89/><D10/><AGARI ba="0,1" hai="2,7,10,37,42,44,52,53,54,79,81,84,104,107" machi="10" ten="40,12000,1" yaku="1,1,2,1,52,1,54,1,53,0" doraHai="3" doraHaiUra="120" who="3" fromWho="0" sc="250,-120,163,0,314,0,263,130" owari="130,-37.0,163,-23.7,314,11.4,393,49.3" /></mjloggm>