<mjloggm ver="2.3"><GO type="225" lobby="0"/><UN n0="%E3%81%A1%E3%82%85%E3%81%86%E3%81%A9%E3%81%8F%E8%B1%A1%E3%81%95%E3%82%93" n1="%6B%79%6F%6E%6B%6F%31%31" n2="%E6%9C%AA%E6%9D%A5%E5%B0%91%E5%B9%B4" n3="%72%69%6F%75%63%68%61%6E" dan="16,17,16,16" rate="2164.98,2211.82,2160.11,2157.18" sx="M,M,M,M"/><TAIKYOKU oya="0"/><INIT seed="0,0,0,5,4,113" ten="250,250,250,250" oya="0" hai0="38,106,2,131,25,93,56,128,72,130,103,70,121" hai1="30,79,10,124,53,135,76,77,19,94,47,134,84" hai2="3,125,75,28,101,20,120,91,36,54,83,102,66" hai3="46,61,71,110,21,109,132,65,86,23,8,60,105"/><T44/><D121/><U41/><E30/><V5/><F120/><W45/><G132/><N who="1" m="50730" /><E53/><V9/><F125/><W4/><G105/><T111/><D2/><U64/><E64/><V14/><F66/><W42/><G86/><T97/><D70/><U48/><E124/><V116/><F116/><W73/><G73/><T31/><D111/><N who="3" m="42505" /><G60/><T67/><D72/><U24/><E94/><V81/><F81/><W112/><G112/><T34/><D56/><U11/><E84/><V107/><F107/><W59/><G71/><T118/><D67/><U22/><AGARI ba="0,0" hai="10,11,19,22,24,41,47,48,76,77,79" m="50730" machi="22" ten="40,1500,0" yaku="20,1" doraHai="113" who="1" fromWho="1" sc="250,-7,250,15,250,-4,250,-4" /><INIT seed="1,0,0,4,0,104" ten="243,265,246,246" oya="1" hai0="90,46,112,67,52,65,129,23,58,40,135,53,70" hai1="121,106,123,28,66,2,119,61,0,20,32,86,30" hai2="10,54,93,92,15,91,43,11,111,13,131,29,1" hai3="3,36,49,21,59,51,14,60,19,99,110,130,95"/><U126/><E106/><V128/><F1/><W7/><G110/><T80/><D112/><U120/><E119/><V101/><F111/><W122/><G130/><N who="2" m="49705" /><F43/><W103/><G36/><T118/><D129/><U105/><E105/><V34/><F101/><W94/><G122/><T83/><D118/><U24/><E126/><V57/><F29/><W81/><G94/><N who="2" m="36457" /><F34/><W27/><G3/><T98/><D135/><U71/><E86/><V38/><F91/><W100/><G103/><T31/><D98/><U22/><E32/><V79/><F79/><W5/><G81/><N who="0" m="31307" /><D90/><U44/><E44/><V47/><F47/><W72/><G72/><T88/><D70/><U96/><E96/><V74/><F74/><W69/><G69/><T77/><D77/><U75/><E75/><V73/><F73/><W55/><REACH who="3" step="1"/><G5/><REACH who="3" ten="243,265,246,236" step="2"/><T17/><D88/><U116/><E116/><V39/><F38/><W50/><G50/><N who="0" m="26951" /><D31/><U37/><E37/><V124/><F39/><W25/><G25/><AGARI ba="0,1" hai="0,2,20,22,24,25,28,30,61,66,71,120,121,123" machi="25" ten="40,2000,0" yaku="9,1" doraHai="104" who="1" fromWho="3" sc="243,0,265,30,246,0,236,-20" /><INIT seed="1,1,0,1,4,111" ten="243,295,246,216" oya="1" hai0="116,31,51,110,87,65,84,41,64,25,56,73,100" hai1="74,46,69,88,122,40,16,22,80,14,77,107,109" hai2="8,3,60,55,37,59,102,5,38,52,19,45,99" hai3="21,15,49,67,132,2,71,129,98,94,93,83,123"/><U72/><E122/><V39/><F19/><W135/><G123/><T78/><D116/><U125/><E109/><V75/><F75/><W9/><G129/><T115/><D110/><U121/><E121/><V119/><F119/><W35/><G35/><T61/><D73/><U86/><E125/><V127/><F127/><W82/><G2/><T130/><D130/><U26/><E69/><V12/><F3/><W1/><G1/><T48/><D65/><U134/><E107/><V53/><REACH who="2" step="1"/><F45/><REACH who="2" ten="243,295,236,216" step="2"/><W90/><G135/><T13/><D31/><U117/><E134/><V108/><F108/><W58/><G132/><T103/><D25/><U105/><E117/><V33/><F33/><W118/><G118/><T29/><D29/><U92/><E105/><AGARI ba="1,1" hai="5,8,12,37,38,39,52,53,55,59,60,99,102,105" machi="105" ten="40,5200,0" yaku="1,1,54,1,53,1" doraHai="111" doraHaiUra="101" who="2" fromWho="1" sc="243,0,295,-55,236,65,216,0" /><INIT seed="2,0,0,0,4,20" ten="243,240,301,216" oya="2" hai0="59,88,66,74,48,58,2,127,129,112,111,56,23" hai1="44,81,35,60,51,91,92,30,67,94,40,90,85" hai2="12,117,63,29,38,79,130,17,114,0,113,43,122" hai3="75,115,46,8,86,132,37,47,55,57,41,125,105"/><V133/><F117/><W76/><G125/><T13/><D112/><U106/><E106/><V128/><F122/><W83/><G132/><T28/><D2/><U93/><E35/><V50/><F38/><W109/><G109/><T98/><D74/><U25/><E91/><V120/><F120/><W14/><G115/><T69/><D127/><U110/><E110/><V34/><F0/><W121/><G121/><T21/><D129/><N who="2" m="49770" /><F133/><W77/><G105/><T36/><D36/><U108/><E108/><V135/><F135/><W27/><G47/><T52/><D111/><U15/><E15/><V96/><F96/><W19/><G27/><N who="0" m="16495" /><D69/><U9/><E9/><N who="2" m="6287" /><F79/><W87/><REACH who="3" step="1"/><G76/><REACH who="3" ten="243,240,301,206" step="2"/><T45/><D66/><U99/><E25/><N who="2" m="18735" /><F114/><W72/><G72/><T119/><D119/><U6/><E30/><V124/><F113/><W70/><G70/><T65/><D65/><U61/><E67/><V26/><F26/><W82/><G82/><T18/><D45/><U134/><E134/><V101/><F124/><W100/><G100/><T78/><D78/><U54/><E81/><V49/><F101/><W53/><G53/><T97/><D88/><N who="1" m="55751" /><E54/><V80/><F80/><W4/><G4/><T5/><D5/><U89/><E6/><V71/><F43/><W24/><G24/><T16/><D18/><U73/><E73/><V33/><F33/><W42/><G42/><T39/><D39/><U102/><E102/><V3/><F3/><W107/><G107/><T126/><D126/><U1/><E1/><V95/><F95/><W68/><G68/><T84/><D52/><U10/><E10/><RYUUKYOKU ba="0,1" sc="243,-30,240,10,301,10,206,10" hai1="40,44,51,60,61,85,89,90,92,93" hai2="49,50,63,71" hai3="8,14,19,37,41,46,55,57,75,77,83,86,87" /><INIT seed="2,1,1,1,4,15" ten="213,250,311,216" oya="2" hai0="24,73,4,46,27,127,110,77,13,16,130,49,74" hai1="45,81,30,14,53,111,31,99,123,18,64,85,94" hai2="117,112,63,33,97,91,47,52,39,36,125,3,119" hai3="40,71,57,93,109,21,1,103,107,76,100,66,98"/><V128/><F112/><W92/><G109/><T10/><D110/><U70/><E123/><V43/><F33/><W55/><G1/><T82/><D130/><U80/><E111/><V120/><F3/><W62/><G76/><T42/><D127/><U8/><E64/><V83/><F120/><W54/><G40/><T68/><D68/><U89/><E80/><V78/><F39/><W104/><G54/><T34/><D34/><U48/><REACH who="1" step="1"/><E70/><REACH who="1" ten="213,240,311,216" step="2"/><V95/><F125/><W60/><REACH who="3" step="1"/><G21/><REACH who="3" ten="213,240,311,206" step="2"/><T20/><REACH who="0" step="1"/><D73/><REACH who="0" ten="203,240,311,206" step="2"/><U51/><E51/><V67/><F36/><W37/><G37/><T126/><D126/><U6/><E6/><V106/><F128/><W9/><G9/><T5/><D5/><U87/><E87/><V32/><F117/><W58/><G58/><T75/><D75/><U61/><E61/><V115/><F63/><W25/><G25/><AGARI ba="1,4" hai="4,10,13,16,20,24,25,27,42,46,49,74,77,82" machi="25" ten="30,8000,1" yaku="1,1,7,1,52,1,54,1,53,1" doraHai="15" doraHaiUra="41" who="0" fromWho="3" sc="203,123,240,0,311,0,206,-83" /><INIT seed="3,0,0,5,1,15" ten="326,240,311,123" oya="3" hai0="22,89,18,55,111,23,57,87,17,135,116,68,117" hai1="86,126,3,41,124,72,27,46,7,110,32,29,107" hai2="109,108,2,16,66,60,105,54,118,69,119,123,100" hai3="5,99,1,9,98,6,38,92,64,43,122,120,47"/><W20/><G64/><T30/><D68/><U106/><E72/><V131/><F2/><W95/><G6/><T49/><D111/><N who="2" m="42570" /><F131/><W129/><G129/><T19/><D135/><U65/><E110/><V75/><F75/><W8/><G8/><T11/><D11/><U51/><E65/><V102/><F123/><W58/><G58/><T56/><D56/><U113/><E113/><V80/><F54/><W13/><G95/><T83/><REACH who="0" step="1"/><D30/><REACH who="0" ten="316,240,311,123" step="2"/><U88/><E3/><V24/><F118/><AGARI ba="0,1" hai="17,18,19,22,23,49,55,57,83,87,89,116,117,118" machi="118" ten="40,8000,1" yaku="1,1,2,1,52,3,53,0" doraHai="15" doraHaiUra="34" who="0" fromWho="2" sc="316,90,240,0,311,-80,123,0" owari="406,50.6,240,4.0,231,-16.9,123,-37.7" /></mjloggm>