<mjloggm ver="2.3"><GO type="225" lobby="0"/><UN n0="%E6%A0%B9%E5%85%83%E3%81%8B%E3%82%89%E5%90%B9%E3%81%A3%E9%A3%9B%E3%81%B6" n1="%E9%80%9F%E6%B0%B4%E5%87%9B%E9%A6%99" n2="%4C%4F%4C%49%54%41" n3="%E4%B8%89%E5%86%A0%E7%8E%8B%E3%83%BB%E5%B1%B1%E7%94%B0%E5%93%B2%E4%BA%BA" dan="16,16,16,16" rate="2157.09,2174.37,2164.74,2180.46" sx="F,F,F,M"/><TAIKYOKU oya="0"/><INIT seed="0,0,0,0,2,51" ten="250,250,250,250" oya="0" hai0="81,97,94,37,115,96,73,114,62,90,17,44,56" hai1="126,69,71,84,6,101,86,9,57,41,14,78,18" hai2="34,23,106,130,60,107,117,54,99,123,52,55,132" hai3="1,95,28,103,131,87,7,121,72,108,22,35,109"/><T32/><D32/><U125/><E101/><V26/><F123/><W76/><G121/><T27/><D96/><U124/><E41/><V30/><F130/><W77/><G35/><T8/><D44/><U36/><E36/><V19/><F132/><W50/><G72/><T43/><D43/><U48/><E6/><V2/><F2/><W118/><G118/><T16/><D37/><U15/><E15/><V113/><F113/><W33/><G22/><N who="0" m="13767" /><D8/><U47/><E47/><V24/><F117/><W0/><G33/><T98/><D98/><U64/><E71/><V110/><F110/><W128/><G109/><T25/><D17/><U67/><E69/><V93/><REACH who="2" step="1"/><F60/><REACH who="2" ten="250,250,240,250" step="2"/><W83/><G108/><T127/><D115/><U88/><E126/><V116/><F116/><W59/><G131/><T74/><D127/><U40/><E125/><V82/><F82/><W45/><G128/><T120/><D114/><U39/><E124/><V3/><F3/><W105/><G0/><T65/><D120/><U13/><E39/><V135/><F135/><W5/><G83/><T53/><D81/><N who="1" m="47159" /><E14/><V102/><AGARI ba="0,1" hai="19,23,24,26,30,34,52,54,55,93,99,102,106,107" machi="102" ten="30,12000,2" yaku="1,1,0,1,52,3,54,1,53,0" doraHai="51" doraHaiUra="129" who="2" fromWho="2" sc="250,-60,250,-30,240,130,250,-30" /><INIT seed="1,0,0,0,0,53" ten="190,220,370,220" oya="1" hai0="111,9,81,40,60,42,92,3,113,82,33,101,34" hai1="0,131,32,48,46,132,14,31,7,75,94,69,98" hai2="103,74,128,134,16,109,80,1,8,107,102,55,28" hai3="56,78,110,2,39,117,86,73,129,127,20,44,88"/><U65/><E75/><V79/><F109/><W25/><G110/><T91/><D113/><U108/><E131/><V36/><F36/><W106/><G2/><T12/><D111/><U133/><E108/><V114/><F128/><W62/><G106/><T4/><D34/><U24/><E0/><V45/><F134/><W57/><G129/><T68/><D33/><U112/><E112/><V30/><F114/><W13/><G127/><T71/><D3/><U21/><E65/><V5/><F107/><W70/><G13/><T58/><D71/><U99/><E99/><V89/><F89/><W41/><G117/><T105/><D68/><U126/><E69/><V26/><F16/><W76/><G73/><T97/><D82/><U27/><E126/><V63/><F28/><W72/><G72/><T93/><D81/><U95/><E95/><V50/><F63/><W43/><G43/><T11/><D11/><U37/><E37/><V29/><F29/><W77/><G62/><T22/><D22/><AGARI ba="0,0" hai="1,5,8,22,26,30,45,50,55,74,79,80,102,103" machi="22" ten="30,1000,0" yaku="7,1" doraHai="53" who="2" fromWho="0" sc="190,-10,220,0,370,10,220,0" /><INIT seed="2,0,0,4,3,24" ten="180,220,380,220" oya="2" hai0="14,54,64,84,93,124,17,52,128,69,28,111,27" hai1="116,91,79,104,32,53,57,6,5,26,61,122,22" hai2="118,83,19,95,40,15,21,99,119,29,55,2,88" hai3="33,8,11,38,20,85,115,73,82,68,106,127,134"/><V92/><F2/><W110/><RYUUKYOKU type="yao9" ba="0,0" sc="180,0,220,0,380,0,220,0" hai3="8,11,20,33,38,68,73,82,85,106,110,115,127,134" /><INIT seed="2,1,0,4,5,34" ten="180,220,380,220" oya="2" hai0="16,103,43,26,9,39,19,6,111,0,23,110,15" hai1="82,60,31,95,90,119,135,25,116,56,84,101,128" hai2="126,2,58,133,107,61,1,54,17,59,12,123,5" hai3="63,35,64,86,24,65,99,29,118,124,14,87,21"/><V70/><F123/><W120/><G118/><T92/><D39/><U105/><E105/><V94/><F107/><W53/><G120/><T52/><D43/><U113/><E113/><V77/><F70/><W78/><G124/><T125/><D125/><U73/><E135/><V55/><F126/><W97/><G53/><T40/><D40/><U36/><E36/><V7/><F133/><W122/><G122/><T8/><REACH who="0" step="1"/><D52/><REACH who="0" ten="170,220,380,220" step="2"/><U42/><E42/><V102/><F55/><W72/><G63/><T49/><D49/><U30/><E119/><V104/><F61/><W66/><G72/><T51/><D51/><U18/><E116/><V83/><F54/><W112/><G112/><T121/><D121/><U129/><E73/><V62/><F62/><W48/><G48/><T27/><D27/><U69/><E69/><V46/><F59/><W71/><G71/><T108/><D108/><U67/><E129/><V22/><F58/><W20/><G35/><T10/><D10/><U75/><E128/><V106/><F46/><W79/><G21/><T50/><D50/><U47/><E47/><V91/><F22/><W134/><G134/><T13/><D13/><U115/><E115/><V32/><F12/><W57/><G14/><T38/><D38/><U68/><E68/><V130/><F32/><W114/><G114/><T81/><D81/><U44/><E44/><V76/><F83/><N who="3" m="47479" /><G57/><T28/><D28/><N who="1" m="10795" /><E75/><V100/><F130/><W117/><G117/><T37/><D37/><U33/><E33/><V93/><F1/><W85/><G79/><T74/><D74/><U132/><E132/><RYUUKYOKU ba="1,1" sc="170,15,220,-15,380,-15,220,15" hai0="0,6,8,9,15,16,19,23,26,92,103,110,111" hai3="20,24,29,64,65,66,85,87,97,99" /><INIT seed="3,2,1,0,4,44" ten="185,205,365,235" oya="3" hai0="121,100,66,127,131,50,33,80,120,119,92,19,3" hai1="94,61,118,130,116,27,40,15,97,26,124,103,45" hai2="78,68,36,14,57,64,31,42,49,65,88,91,16" hai3="39,101,63,102,24,126,85,79,6,128,110,111,8"/><W81/><G39/><T109/><D119/><N who="1" m="45611" /><E130/><V113/><F113/><W104/><G128/><T123/><D131/><U122/><E122/><V90/><F68/><W86/><G126/><T98/><D127/><U0/><E0/><V69/><F69/><W133/><G133/><T89/><D33/><U35/><E35/><V46/><F78/><W87/><G63/><T10/><D109/><N who="3" m="41481" /><G24/><T9/><D3/><U55/><E124/><V62/><F31/><W105/><G8/><T4/><D4/><U34/><E34/><V17/><F36/><W41/><G41/><T30/><D30/><U2/><E2/><V47/><F47/><W108/><G6/><T77/><D66/><N who="2" m="25706" /><F14/><W60/><G60/><T99/><D19/><U115/><E115/><V107/><F107/><N who="3" m="41035" /><G108/><T48/><D9/><U52/><E15/><V43/><F43/><W76/><G76/><T93/><REACH who="0" step="1"/><D10/><REACH who="0" ten="175,205,365,235" step="2"/><U56/><E55/><AGARI ba="2,2" hai="16,17,42,46,49,55,57,62,88,90,91" m="25706" machi="55" ten="30,7700,0" yaku="8,1,52,1,54,2" doraHai="44" who="2" fromWho="1" sc="175,0,205,-83,365,103,235,0" owari="175,-22.5,122,-37.8,468,56.8,235,3.5" /></mjloggm>