<mjloggm ver="2.3"><GO type="225" lobby="0"/><UN n0="%E6%80%AA%E3%81%97%E3%81%99%E3%81%8E%E3%82%8B%E3%83%81%E3%83%BC" n1="%72%69%6F%75%63%68%61%6E" n2="%E4%B8%AD%E5%B9%B4%E3%81%AE%E5%8D%B1%E6%A9%9F" n3="%E3%81%9F%E3%81%8B%E3%81%AE%E3%81%99%E3%81%91" dan="16,17,16,17" rate="2112.01,2223.43,2150.11,2155.69" sx="M,M,M,M"/><TAIKYOKU oya="0"/><INIT seed="0,0,0,3,2,57" ten="250,250,250,250" oya="0" hai0="39,60,75,67,48,129,8,59,0,84,135,31,68" hai1="71,58,7,26,66,124,21,134,27,38,112,9,115" hai2="65,23,32,54,52,120,82,91,122,73,131,94,74" hai3="17,113,50,96,104,108,22,118,49,44,64,100,130"/><T45/><D75/><N who="2" m="28682" /><F23/><W13/><G113/><N who="1" m="43594" /><E38/><V77/><F65/><W111/><G118/><T81/><D129/><U5/><E124/><V106/><F32/><W116/><G116/><T72/><D72/><U37/><E134/><V127/><F94/><W53/><G130/><T46/><D135/><U80/><E37/><V83/><F131/><W86/><G86/><T128/><D128/><U117/><E117/><V95/><F95/><W41/><REACH who="3" step="1"/><G64/><REACH who="3" ten="250,250,250,240" step="2"/><T101/><D84/><U119/><E119/><V62/><F127/><W55/><G55/><N who="2" m="21033" /><F77/><W85/><G85/><T126/><D67/><U97/><E66/><V3/><F3/><W78/><G78/><T30/><D0/><U88/><E71/><V114/><F114/><W123/><G123/><N who="2" m="47145" /><F106/><W36/><G36/><T6/><D39/><U61/><E80/><N who="2" m="30763" /><F91/><W70/><G70/><T56/><D81/><U11/><E88/><V35/><F35/><W1/><G1/><T25/><D68/><U33/><E33/><V92/><F92/><W103/><G103/><T125/><D101/><U16/><E97/><V20/><F20/><W93/><G93/><T69/><D125/><U14/><E21/><V105/><F105/><W87/><G87/><T47/><D69/><U15/><E5/><V18/><F18/><W133/><G133/><T63/><D6/><U109/><E109/><V43/><F43/><W99/><G99/><T110/><D126/><U107/><E107/><V12/><F12/><W51/><G51/><T34/><D48/><U79/><E79/><V10/><F10/><W40/><G40/><T19/><D8/><RYUUKYOKU ba="0,1" sc="250,-30,250,10,250,10,240,10" hai1="7,9,11,14,15,16,26,27,58,61" hai2="62" hai3="13,17,22,41,44,49,50,53,96,100,104,108,111" /><INIT seed="1,1,1,3,5,62" ten="220,260,260,250" oya="1" hai0="28,98,7,127,71,117,118,74,27,2,15,38,93" hai1="65,85,19,81,18,99,55,43,116,86,114,112,78" hai2="129,73,122,100,9,69,88,58,91,94,35,135,42" hai3="107,57,111,23,44,59,92,124,13,109,47,77,134"/><U95/><E116/><V37/><F69/><W41/><G107/><T31/><D127/><U103/><E43/><V46/><F122/><W33/><G33/><T68/><D38/><U0/><E0/><V83/><F35/><W39/><G124/><T90/><D74/><U67/><E114/><V63/><F135/><W130/><G134/><T96/><D2/><U123/><E123/><V80/><F129/><W61/><G130/><T128/><D128/><U30/><E112/><V132/><F9/><W121/><G121/><T29/><D27/><U8/><E30/><V70/><F70/><W50/><G77/><T24/><D24/><U106/><E55/><V113/><F132/><W16/><G92/><T60/><D68/><U125/><E125/><V20/><F20/><W119/><G119/><T10/><REACH who="0" step="1"/><D98/><REACH who="0" ten="210,260,260,250" step="2"/><U72/><E86/><V108/><F113/><W79/><G79/><T131/><D131/><U6/><E6/><V21/><F73/><W53/><REACH who="3" step="1"/><G57/><REACH who="3" ten="210,260,260,240" step="2"/><T101/><D101/><U51/><E103/><V102/><F100/><W97/><G97/><T4/><D4/><U54/><E99/><V66/><F102/><W110/><G110/><T40/><D40/><AGARI ba="1,3" hai="13,16,23,39,40,41,44,47,50,53,59,61,109,111" machi="40" ten="40,2600,0" yaku="1,1,54,1,53,0" doraHai="62" doraHaiUra="25" who="3" fromWho="0" sc="210,-29,260,0,260,0,240,59" /><INIT seed="2,0,0,5,4,98" ten="181,260,260,299" oya="2" hai0="93,128,103,19,27,86,28,121,108,78,132,49,94" hai1="54,20,43,5,80,25,17,89,32,8,16,68,18" hai2="36,23,85,72,4,45,110,92,116,34,21,129,46" hai3="131,97,62,30,133,63,77,14,1,50,99,11,2"/><V24/><F72/><W118/><G118/><T102/><D121/><U55/><E68/><V64/><F116/><W66/><G133/><T83/><D132/><U106/><E106/><V114/><F114/><W105/><G131/><T126/><D128/><U79/><E32/><V120/><F120/><W112/><G112/><T115/><D115/><U6/><E43/><V37/><F129/><W39/><G39/><T135/><D135/><U95/><E55/><V101/><F34/><W26/><G77/><T104/><D104/><U7/><E54/><V96/><F110/><W81/><G50/><T107/><D107/><U3/><E3/><V41/><F4/><W65/><G81/><T123/><D123/><U29/><E8/><V119/><F119/><W84/><G84/><T59/><D108/><U53/><E53/><V113/><F113/><W71/><G97/><T127/><D49/><U125/><E125/><N who="0" m="47625" /><D59/><U51/><E51/><V91/><F64/><W74/><G74/><T73/><D19/><U87/><REACH who="1" step="1"/><E17/><REACH who="1" ten="181,250,260,299" step="2"/><V9/><F9/><W31/><G71/><T48/><D48/><U22/><E22/><V100/><F23/><W70/><G105/><T57/><D57/><U40/><E40/><V122/><F122/><W60/><G70/><T0/><D0/><U61/><E61/><V44/><F37/><W38/><G38/><T88/><D94/><U109/><E109/><V15/><F36/><W33/><G1/><T75/><D73/><AGARI ba="0,1" hai="5,6,7,16,18,20,25,29,73,79,80,87,89,95" machi="73" ten="40,5200,0" yaku="1,1,54,1,53,1" doraHai="98" doraHaiUra="90" who="1" fromWho="0" sc="181,-52,250,62,260,0,299,0" /><INIT seed="3,0,0,2,0,52" ten="129,312,260,299" oya="3" hai0="54,76,4,99,63,35,107,6,78,64,9,71,59" hai1="131,41,102,28,105,122,13,110,27,72,42,120,23" hai2="123,40,65,17,3,77,53,56,70,10,130,11,7" hai3="69,5,80,92,36,45,93,75,106,117,38,58,49"/><W1/><G69/><T66/><D35/><U51/><E72/><V135/><F123/><W50/><G106/><T19/><D19/><U15/><E110/><V85/><F135/><W61/><G117/><T116/><D116/><U31/><E131/><V81/><F130/><W34/><G34/><T0/><D6/><U14/><E31/><V89/><F40/><W126/><G126/><T121/><D121/><U108/><E108/><V46/><F70/><W60/><G5/><T124/><D124/><U134/><E134/><V111/><F111/><W18/><G18/><T118/><D118/><U112/><E112/><V101/><F101/><W73/><G1/><T47/><D47/><U87/><E41/><V86/><F65/><W37/><G80/><T127/><D127/><U2/><E2/><V30/><F46/><W94/><G58/><T79/><REACH who="0" step="1"/><D71/><REACH who="0" ten="119,312,260,299" step="2"/><U133/><E122/><V74/><F30/><W125/><G125/><T132/><D132/><U26/><E120/><V91/><F17/><W67/><G45/><T22/><D22/><U90/><E23/><V113/><F113/><W68/><G61/><T88/><D88/><U103/><E90/><V8/><F89/><W29/><G29/><T57/><D57/><U119/><E28/><V84/><REACH who="2" step="1"/><F91/><REACH who="2" ten="119,312,250,299" step="2"/><W115/><G115/><T97/><D97/><U48/><E133/><V100/><F100/><W12/><G68/><T96/><D96/><U32/><E103/><V24/><F24/><W128/><G128/><T55/><D55/><U33/><E102/><V25/><F25/><N who="1" m="9225" /><E32/><V83/><F83/><W43/><G43/><RYUUKYOKU ba="0,2" sc="119,15,312,-15,250,15,299,-15" hai0="0,4,9,54,59,63,64,66,76,78,79,99,107" hai2="3,7,8,10,11,53,56,74,77,81,84,85,86" /><INIT seed="4,1,2,2,2,47" ten="134,297,265,284" oya="0" hai0="26,62,23,101,2,21,25,68,115,32,94,133,79" hai1="84,33,20,3,63,41,135,77,65,38,30,116,103" hai2="112,52,59,11,131,127,132,56,55,113,34,43,66" hai3="67,50,111,76,46,120,22,118,86,130,110,125,109"/><T117/><D117/><U7/><E116/><V44/><F34/><W107/><G107/><T70/><D32/><U75/><E135/><V61/><F132/><W54/><G118/><T14/><D133/><U87/><E33/><V69/><F11/><W42/><G120/><T10/><D2/><U31/><E103/><V88/><F127/><W129/><G125/><T123/><D123/><U93/><E93/><V102/><F102/><W128/><G67/><T1/><D1/><U27/><E31/><V90/><F131/><W5/><G5/><T83/><D115/><N who="2" m="44106" /><F59/><W35/><G35/><T89/><D101/><U48/><E38/><N who="2" m="21623" /><F52/><W39/><G22/><N who="0" m="8203" /><D68/><U6/><E75/><V92/><F92/><W28/><G28/><T24/><D70/><U91/><E3/><V78/><F78/><W49/><G54/><T82/><D62/><AGARI ba="1,2" hai="55,56,61,62,66,69,88,90" m="21623,44106" machi="62" ten="30,2000,0" yaku="15,1,54,1" doraHai="47" who="2" fromWho="0" sc="134,-23,297,0,265,43,284,0" owari="111,-38.9,297,9.7,308,40.8,284,-11.6" /></mjloggm>