<mjloggm ver="2.3"><GO type="225" lobby="0"/><UN n0="%E6%9A%87%E4%BA%BA%EF%BC%A0%E9%85%8D%E4%BF%A1%E5%9E%A2" n1="%6D%75%75%6D%75%72%61" n2="%E5%B8%86%E7%AB%8B%E5%A4%8F%E8%A1%A3" n3="%E5%8F%AF%E5%85%90%E9%82%A3%E7%94%B1%E5%A4%9A" dan="17,16,16,16" rate="2178.89,2174.13,2054.14,2193.10" sx="F,F,M,F"/><TAIKYOKU oya="0"/><INIT seed="0,0,0,4,2,132" ten="250,250,250,250" oya="0" hai0="88,64,94,114,102,115,123,110,93,80,78,47,79" hai1="50,118,34,83,27,16,15,69,56,51,126,49,68" hai2="9,36,46,84,127,0,96,8,104,109,90,63,89" hai3="70,112,129,128,4,43,66,19,25,103,75,116,7"/><T53/><D123/><U2/><E118/><V21/><F109/><W117/><G75/><T59/><D110/><U13/><E2/><V55/><F0/><W119/><G103/><T133/><D133/><U99/><E126/><V71/><F127/><W40/><G112/><T135/><D135/><U108/><E108/><V72/><F72/><W18/><G66/><T12/><D115/><U106/><E83/><V17/><F71/><W29/><G70/><T134/><D114/><U100/><E56/><N who="2" m="35231" /><F104/><W67/><G67/><T82/><D134/><U98/><E98/><V3/><F46/><W31/><G117/><T42/><D64/><U105/><E105/><V10/><F36/><W125/><REACH who="3" step="1"/><G25/><REACH who="3" ten="250,250,250,240" step="2"/><T62/><D102/><U54/><E69/><V38/><F3/><W44/><G44/><T60/><D47/><U37/><E68/><V85/><F38/><W20/><G20/><T58/><D53/><U113/><E37/><V5/><F5/><W65/><G65/><T131/><D42/><U76/><E113/><V39/><F39/><W120/><G120/><T77/><D59/><U23/><E54/><V35/><F35/><W52/><G52/><T57/><D57/><U6/><E34/><V111/><F111/><W101/><G101/><T14/><D58/><U121/><E121/><V32/><F32/><W92/><G92/><T1/><D94/><U130/><E27/><N who="2" m="14767" /><F96/><W91/><G91/><AGARI ba="0,1" hai="8,9,10,84,85,89,90,91" m="14767,35231" machi="91" ten="30,1000,0" yaku="8,1" doraHai="132" who="2" fromWho="3" sc="250,0,250,0,250,20,240,-10" /><INIT seed="1,0,0,1,0,133" ten="250,250,270,230" oya="1" hai0="19,61,115,56,134,72,48,25,44,73,17,60,0" hai1="74,45,91,6,83,1,37,8,105,66,31,47,7" hai2="46,27,100,51,65,127,70,131,62,63,13,106,33" hai3="121,9,64,14,94,85,26,120,125,55,21,93,29"/><U108/><E105/><V122/><F122/><W36/><G36/><T129/><D115/><U32/><E7/><V97/><F131/><W113/><G113/><T96/><D0/><U123/><E123/><V69/><F13/><W135/><G135/><T87/><D134/><U24/><E108/><V130/><F130/><W50/><G64/><T20/><D129/><U107/><E107/><V30/><F63/><W110/><G110/><T92/><D87/><U99/><E66/><V23/><F23/><W16/><G125/><T57/><D19/><U43/><E47/><V22/><F22/><W11/><G11/><T4/><D4/><U119/><E119/><V28/><F28/><W53/><G53/><T35/><D35/><U77/><E91/><V126/><F70/><W41/><G41/><AGARI ba="0,0" hai="27,30,33,41,46,51,62,65,69,97,100,106,126,127" machi="41" ten="40,8000,1" yaku="25,2,52,2" doraHai="133" who="2" fromWho="3" sc="250,0,250,0,270,80,230,-80" /><INIT seed="2,0,0,4,2,68" ten="250,250,350,150" oya="2" hai0="92,70,49,99,22,41,128,39,15,76,102,63,129" hai1="125,46,72,94,88,83,133,30,53,35,117,101,25" hai2="3,79,121,11,43,4,12,10,52,47,21,19,84" hai3="28,95,96,122,69,27,38,131,75,9,57,34,17"/><V97/><F121/><W18/><G122/><T115/><D115/><U31/><E117/><V61/><F97/><W50/><G69/><T100/><D76/><U106/><E125/><V36/><F11/><W77/><G131/><N who="0" m="50251" /><D49/><U33/><E133/><V1/><F79/><W85/><G75/><T109/><D109/><U37/><E106/><V29/><F84/><W113/><G113/><T23/><D100/><U5/><E101/><V127/><F29/><W119/><G119/><T91/><D102/><U108/><E108/><V114/><F114/><W56/><G38/><T51/><D51/><U87/><E5/><V123/><F123/><W40/><G85/><T118/><D15/><U130/><E130/><V111/><F111/><W2/><G77/><T24/><D24/><U90/><E53/><V74/><F74/><W86/><G86/><T54/><D118/><U48/><E72/><V89/><F127/><W64/><G40/><T0/><D0/><U8/><E48/><V58/><F89/><N who="3" m="55407" /><G2/><AGARI ba="0,0" hai="1,2,3,4,10,12,19,21,36,43,47,52,58,61" machi="2" ten="30,5800,0" yaku="7,1,52,1,54,1" doraHai="68" who="2" fromWho="3" sc="250,0,250,0,350,58,150,-58" /><INIT seed="2,1,0,2,1,100" ten="250,250,408,92" oya="2" hai0="29,86,118,32,112,7,120,13,11,85,47,62,1" hai1="31,126,89,61,20,60,75,101,55,103,131,72,66" hai2="110,81,9,19,43,125,56,133,83,119,14,64,58" hai3="26,90,12,40,33,68,113,93,57,8,134,96,69"/><V63/><F119/><W129/><G129/><T115/><D120/><U99/><E131/><V24/><F110/><W123/><G123/><T67/><D118/><U92/><E126/><V4/><F125/><W78/><G134/><T135/><D135/><U105/><E55/><V70/><F133/><W71/><G113/><T3/><D47/><U111/><E111/><V30/><F43/><W46/><G78/><T22/><D112/><U34/><E34/><V117/><F117/><W42/><G57/><T38/><D38/><U87/><E101/><V128/><F128/><W107/><G107/><T41/><D41/><U79/><E79/><V73/><F4/><W36/><G42/><T77/><D77/><U10/><E10/><V74/><F74/><W21/><G33/><T124/><D115/><U54/><E54/><V97/><F97/><W102/><G90/><T127/><D127/><U28/><E61/><V35/><F73/><W53/><G53/><T18/><D1/><U52/><E52/><V16/><F19/><W59/><G59/><N who="0" m="37343" /><D124/><U88/><E89/><V0/><F0/><W49/><G36/><T108/><D108/><U76/><E76/><V37/><F37/><W2/><G2/><T45/><D45/><U23/><E75/><V6/><F70/><W94/><G94/><T25/><AGARI ba="1,0" hai="3,7,11,13,18,22,25,29,32,85,86" m="37343" machi="25" ten="30,1100,0" yaku="24,1" doraHai="100" who="0" fromWho="0" sc="250,14,250,-4,408,-6,92,-4" /><INIT seed="3,0,0,0,3,5" ten="264,246,402,88" oya="3" hai0="35,54,11,107,25,42,38,127,90,79,68,124,23" hai1="15,16,24,96,135,71,81,52,59,85,131,10,56" hai2="7,122,73,102,93,76,44,121,51,120,20,128,46" hai3="43,84,50,1,21,106,3,57,110,95,112,115,119"/><W49/><G106/><T77/><D68/><U41/><E71/><V125/><F125/><N who="0" m="48202" /><D35/><U28/><E131/><V61/><F128/><W39/><G119/><T45/><D107/><U72/><E72/><V14/><F61/><W129/><G129/><T40/><D40/><U63/><E135/><V37/><F37/><W83/><G110/><T60/><D90/><U55/><E41/><V29/><F51/><W91/><G39/><T30/><D11/><U101/><E96/><N who="2" m="59663" /><F7/><W70/><G70/><T74/><D74/><U75/><E75/><V80/><F14/><W64/><G115/><T0/><D0/><U18/><E101/><V19/><F19/><W65/><G112/><T48/><D60/><N who="1" m="35847" /><E28/><V116/><F116/><W34/><G34/><T104/><D104/><U130/><E130/><V6/><F6/><W8/><G1/><T33/><D33/><U12/><E24/><AGARI ba="0,0" hai="20,24,29,44,46,73,76,80,120,121,122" m="59663" machi="24" ten="30,1000,0" yaku="13,1" doraHai="5" who="2" fromWho="1" sc="264,0,246,-10,402,10,88,0" owari="264,6.4,236,-16.4,412,51.2,88,-41.2" /></mjloggm>