<mjloggm ver="2.3"><GO type="225" lobby="0"/><UN n0="%E3%82%BC%E3%83%AB%E3%83%80%E3%81%AE%E4%BC%9D%E8%AA%AC" n1="%E4%B8%89%E5%86%A0%E7%8E%8B%E3%83%BB%E5%B1%B1%E7%94%B0%E5%93%B2%E4%BA%BA" n2="%E3%81%A9%E3%82%93%E3%82%88%E3%81%8F%4D%6B%2E%32" n3="%E5%8F%AF%E5%85%90%E9%82%A3%E7%94%B1%E5%A4%9A" dan="16,16,16,16" rate="2205.68,2107.17,2141.32,2143.08" sx="M,M,M,F"/><TAIKYOKU oya="0"/><INIT seed="0,0,0,1,4,111" ten="250,250,250,250" oya="0" hai0="40,47,22,99,36,100,133,129,51,24,28,132,90" hai1="44,3,79,70,75,95,92,115,117,78,77,103,35" hai2="25,5,106,130,105,10,113,4,46,102,23,32,31" hai3="124,116,104,30,119,55,126,17,94,120,83,74,53"/><T29/><D129/><U52/><E117/><N who="3" m="45130" /><G104/><T27/><D90/><U64/><E3/><V72/><F72/><W15/><G30/><T49/><D36/><U121/><E121/><V66/><F102/><W18/><G94/><T13/><D13/><U69/><E75/><V109/><F109/><W125/><G120/><T127/><D51/><U37/><E35/><V2/><F130/><W73/><G18/><T54/><D40/><U26/><E37/><V33/><F66/><W50/><G83/><T38/><D127/><N who="3" m="32513" /><W71/><DORA hai="101" /><G71/><T16/><D38/><U60/><E70/><V58/><F5/><W43/><G43/><T80/><D80/><U56/><E26/><V82/><F82/><W1/><G1/><T67/><D67/><U81/><E81/><V110/><F110/><W39/><G39/><T45/><D29/><U107/><E69/><V108/><F108/><W84/><G84/><T0/><D0/><U118/><E118/><V19/><F33/><W63/><G63/><T65/><D65/><U128/><E128/><V20/><F32/><W62/><G62/><T61/><D61/><U88/><E64/><V131/><F131/><W21/><G55/><N who="0" m="30127" /><D27/><U48/><E60/><V14/><F31/><W76/><G76/><T86/><D86/><N who="1" m="52247" /><E107/><V123/><F106/><W85/><G85/><T89/><D89/><U68/><E68/><V91/><F105/><W12/><G12/><T93/><D28/><U42/><E103/><V135/><F91/><W34/><G34/><T114/><D100/><U11/><E95/><V6/><F2/><W8/><G21/><RYUUKYOKU ba="0,0" sc="250,-10,250,-10,250,-10,250,30" hai3="8,15,17,50,53,73,74" /><INIT seed="1,1,0,2,1,73" ten="240,240,240,280" oya="1" hai0="120,76,0,14,70,130,44,58,101,59,50,68,22" hai1="64,4,128,6,36,37,43,111,100,2,104,42,10" hai2="60,78,25,112,131,18,12,86,95,71,3,109,92" hai3="105,123,9,135,23,119,41,24,124,56,133,33,115"/><U114/><E114/><V108/><F3/><W17/><G105/><T134/><D0/><U63/><E6/><V122/><F122/><W11/><G41/><T29/><D120/><U27/><E43/><V106/><F106/><W38/><G38/><T52/><D134/><N who="3" m="51209" /><G56/><T126/><D126/><U47/><E128/><V129/><F25/><N who="3" m="14575" /><G123/><T117/><D117/><U1/><E1/><V55/><F112/><W99/><G99/><T15/><D130/><N who="2" m="49674" /><F55/><W132/><G115/><T8/><D68/><N who="1" m="42015" /><E27/><V103/><F60/><W74/><G74/><T84/><D70/><U31/><E31/><V35/><F71/><W28/><N who="3" m="51217" /><W102/><DORA hai="69" /><G102/><T72/><D101/><U65/><E65/><V79/><F35/><W5/><G124/><T40/><D72/><U7/><E7/><V90/><F103/><W13/><G9/><T93/><D58/><U96/><E37/><V121/><F121/><W91/><G91/><N who="0" m="53479" /><D8/><U45/><E45/><V48/><F48/><W32/><G119/><T110/><D40/><U54/><E54/><V16/><F92/><W51/><G51/><T107/><D107/><U61/><E61/><V26/><F95/><W62/><G62/><T66/><D44/><U49/><E49/><V87/><F87/><W30/><G30/><T75/><D66/><U39/><E39/><V67/><F86/><W85/><G85/><T80/><D110/><AGARI ba="1,0" hai="2,4,10,36,42,47,96,100,104,110,111" m="42015" machi="110" ten="30,2900,0" yaku="23,1,52,1" doraHai="73,69" who="1" fromWho="0" sc="240,-32,240,32,240,0,280,0" /><INIT seed="1,2,0,0,3,16" ten="208,272,240,280" oya="1" hai0="79,64,102,11,20,41,97,104,93,55,5,32,98" hai1="54,128,108,69,130,8,7,1,29,92,73,119,124" hai2="101,94,27,42,23,82,66,103,122,70,65,131,100" hai3="123,127,45,30,38,43,33,95,110,36,49,71,35"/><U134/><E119/><V78/><F122/><W53/><G123/><T96/><D32/><U39/><E73/><V31/><F131/><W109/><G127/><T135/><D135/><U26/><E69/><V28/><F42/><W68/><G95/><T113/><D113/><U34/><E39/><N who="3" m="14890" /><G30/><T14/><D41/><U13/><E54/><V107/><F107/><W132/><G35/><T88/><D64/><U85/><E85/><V21/><F94/><W19/><G33/><T91/><D79/><U80/><E80/><V118/><F118/><W46/><G19/><T2/><D55/><U89/><E89/><N who="0" m="34377" /><D2/><U115/><E92/><V81/><F70/><N who="3" m="26667" /><G132/><T72/><D72/><U105/><E105/><V15/><F15/><W125/><G125/><T17/><D104/><U60/><E134/><V47/><F47/><W0/><G0/><T116/><D116/><U63/><E124/><V40/><F40/><W117/><G117/><T120/><D120/><U87/><E13/><V37/><F37/><AGARI ba="2,0" hai="37,43,45,46,49,53,109,110" m="26667,14890" machi="37" ten="30,2000,0" yaku="34,2" doraHai="16" who="3" fromWho="2" sc="208,0,272,0,240,-26,280,26" /><INIT seed="2,0,0,5,3,131" ten="208,272,214,306" oya="2" hai0="23,101,39,120,88,59,42,22,118,102,12,98,48" hai1="63,26,94,28,45,20,49,117,104,124,113,52,43" hai2="71,41,106,76,114,121,79,107,96,110,21,56,54" hai3="108,19,0,9,13,67,70,5,122,123,37,57,93"/><V64/><F114/><W135/><G108/><T128/><D120/><U46/><E104/><V115/><F115/><W78/><G37/><T24/><D128/><U60/><E113/><V109/><F121/><W47/><G70/><T7/><D39/><U18/><E117/><V35/><F35/><W77/><G47/><N who="0" m="25719" /><D118/><U16/><E124/><V55/><F41/><W32/><G32/><T95/><D59/><U1/><E1/><V10/><F10/><W4/><G93/><T31/><D22/><U62/><REACH who="1" step="1"/><E94/><REACH who="1" ten="208,262,214,306" step="2"/><V40/><F106/><W8/><G0/><T134/><D134/><U103/><E103/><V86/><F107/><W132/><G123/><T92/><D95/><U97/><E97/><V15/><F96/><W3/><G122/><T66/><D102/><U11/><E11/><V116/><F116/><W38/><G5/><T133/><D133/><N who="3" m="51273" /><G38/><AGARI ba="0,1" hai="16,18,20,26,28,38,43,45,46,49,52,60,62,63" machi="38" ten="40,5200,0" yaku="1,1,54,2,53,0" doraHai="131" doraHaiUra="111" who="1" fromWho="3" sc="208,0,262,62,214,0,306,-52" /><INIT seed="3,0,0,3,4,66" ten="208,324,214,254" oya="3" hai0="91,99,51,61,3,131,74,95,129,15,26,88,72" hai1="6,33,31,67,120,119,107,105,81,85,73,108,134" hai2="59,133,56,14,76,94,87,57,106,68,80,63,126" hai3="78,32,82,103,11,13,28,19,23,2,52,16,54"/><W43/><G103/><T84/><D3/><U93/><E73/><V113/><F113/><W27/><G43/><T30/><D15/><U18/><E67/><V123/><F106/><W69/><G69/><T47/><D61/><U42/><E18/><V112/><F112/><W110/><G110/><T70/><D70/><U8/><E93/><V89/><F126/><W50/><G50/><T10/><D10/><U118/><E134/><V111/><F133/><W124/><G124/><T9/><D9/><U98/><E98/><V5/><F111/><W7/><G19/><T25/><D74/><AGARI ba="0,0" hai="2,7,11,13,16,23,27,28,32,52,54,74,78,82" machi="74" ten="30,12000,1" yaku="7,1,24,2,54,2" doraHai="66" who="3" fromWho="0" sc="208,-120,324,0,214,0,254,120" owari="88,-41.2,324,12.4,214,-18.6,374,47.4" /></mjloggm>