<mjloggm ver="2.3"><GO type="225" lobby="0"/><UN n0="%72%69%6F%75%63%68%61%6E" n1="%E6%9C%AA%E6%9D%A5%E5%B0%91%E5%B9%B4" n2="%6D%75%75%6D%75%72%61" n3="%33%74%72%65%65" dan="16,16,16,17" rate="2178.92,2165.23,2145.51,2243.13" sx="M,M,F,F"/><TAIKYOKU oya="0"/><INIT seed="0,0,0,2,2,86" ten="250,250,250,250" oya="0" hai0="20,104,75,15,90,127,134,128,14,52,40,19,0" hai1="4,37,8,61,109,29,84,126,33,122,135,36,97" hai2="60,74,89,42,102,76,83,99,85,27,91,105,125" hai3="80,98,22,111,108,17,48,121,9,130,123,51,30"/><T116/><D116/><U92/><E122/><N who="3" m="46602" /><G130/><T46/><D0/><U129/><E129/><V65/><F125/><W38/><G38/><T26/><D128/><U110/><E126/><V79/><F42/><W70/><G70/><T50/><D127/><U49/><E135/><V35/><F76/><W96/><G30/><T43/><D134/><U24/><E84/><V93/><F93/><W47/><G9/><T58/><D75/><U112/><E49/><N who="3" m="19018" /><G47/><T106/><D40/><U10/><E61/><V2/><F2/><W11/><G11/><N who="1" m="4138" /><E4/><V1/><F1/><W113/><G80/><T78/><D78/><U62/><E62/><V39/><F39/><W32/><G32/><T66/><D66/><U59/><E59/><V55/><F55/><W120/><N who="3" m="46610" /><W103/><DORA hai="28" /><G113/><T68/><D68/><U107/><E112/><V88/><F74/><W114/><G114/><T69/><D69/><U71/><E71/><V115/><F115/><W117/><G117/><T23/><D106/><U5/><E107/><V25/><REACH who="2" step="1"/><F35/><REACH who="2" ten="250,250,240,250" step="2"/><W53/><G53/><T3/><D104/><U124/><E124/><V64/><F64/><W6/><G108/><N who="1" m="41578" /><E5/><V41/><F41/><W45/><G111/><T12/><D3/><U132/><E132/><V31/><F31/><W72/><G6/><T34/><D34/><U118/><E118/><V94/><F94/><N who="3" m="58775" /><G72/><T100/><D43/><U16/><E16/><V7/><F7/><W101/><G17/><N who="0" m="12559" /><D46/><U95/><E95/><V119/><F119/><W87/><G45/><N who="0" m="27727" /><D19/><U77/><E77/><V82/><F82/><W57/><G22/><RYUUKYOKU ba="0,1" sc="250,-15,250,15,240,15,250,-15" hai1="24,29,33,36,37,92,97" hai2="25,27,60,65,79,83,85,88,89,91,99,102,105" /><INIT seed="1,1,1,0,5,90" ten="235,265,255,235" oya="1" hai0="109,43,133,31,49,45,112,84,87,42,63,48,115" hai1="55,114,25,0,72,57,37,16,101,98,36,104,23" hai2="88,29,7,41,77,32,128,108,8,21,40,89,11" hai3="61,44,111,52,134,123,1,26,82,105,80,20,135"/><U19/><E114/><V18/><F108/><W71/><G123/><T106/><D109/><U27/><E72/><V78/><F128/><W59/><G111/><T70/><D106/><U64/><E0/><V22/><F32/><W9/><G105/><T118/><D118/><U53/><E64/><V102/><F102/><W132/><G71/><T68/><D133/><U126/><E126/><V73/><F73/><W3/><G44/><N who="0" m="25623" /><D31/><U79/><E79/><N who="2" m="30219" /><F29/><N who="3" m="17607" /><G9/><N who="2" m="3657" /><F7/><W28/><G28/><T100/><D84/><U127/><E55/><V110/><F110/><W38/><G38/><N who="0" m="21751" /><D87/><U46/><E46/><V124/><F124/><W47/><G47/><T50/><D100/><U58/><E58/><V67/><F67/><W66/><G66/><N who="0" m="41055" /><D70/><U35/><E127/><V129/><F21/><W34/><G34/><T92/><D92/><U17/><E35/><V5/><F5/><W95/><G95/><T120/><D120/><U54/><E23/><V24/><F129/><W69/><G69/><T85/><D85/><U10/><E104/><V33/><F33/><W93/><G93/><T39/><D39/><U2/><E37/><V6/><F6/><W119/><G119/><T56/><D56/><U86/><E57/><V116/><F116/><W51/><G1/><T121/><D121/><U130/><E36/><V65/><F65/><W125/><G3/><T96/><D96/><U83/><E130/><V15/><F24/><N who="1" m="9289" /><E10/><V30/><F30/><W75/><G125/><T91/><D91/><AGARI ba="1,1" hai="15,18,22,40,41,88,89,91" m="3657,30219" machi="91" ten="30,2000,0" yaku="8,1,54,1" doraHai="90" who="2" fromWho="0" sc="235,-23,265,0,255,33,235,0" /><INIT seed="2,0,0,1,1,93" ten="212,265,288,235" oya="2" hai0="84,20,38,129,14,51,60,63,53,89,103,126,50" hai1="94,66,18,27,78,114,123,64,131,49,74,92,13" hai2="85,65,43,61,109,30,88,19,44,87,10,125,99" hai3="5,113,101,8,97,134,108,22,55,58,26,46,96"/><V106/><F125/><W132/><G108/><T33/><D129/><U16/><E114/><V104/><F109/><W6/><G113/><T62/><D126/><U119/><E119/><V3/><F30/><N who="3" m="17751" /><G46/><T34/><D38/><U31/><E131/><V9/><F9/><W15/><G101/><T36/><D36/><U45/><E123/><V128/><F128/><W124/><G124/><T39/><D39/><U67/><E78/><V70/><F106/><W32/><G32/><T71/><D71/><U54/><E74/><V82/><F87/><W42/><G42/><T91/><D103/><U117/><E117/><V112/><F112/><W23/><G23/><T68/><D68/><U120/><E120/><V135/><F135/><N who="3" m="51755" /><G5/><T81/><D33/><U98/><E92/><V59/><F70/><W77/><G77/><T0/><D34/><U21/><REACH who="1" step="1"/><E13/><REACH who="1" ten="212,255,288,235" step="2"/><N who="2" m="7607" /><F104/><W102/><G102/><AGARI ba="0,1" hai="16,18,21,27,31,45,49,54,64,66,67,94,98,102" machi="102" ten="40,8000,1" yaku="1,1,8,1,52,1,54,1,53,0" doraHai="93" doraHaiUra="121" who="1" fromWho="3" sc="212,0,255,90,288,0,235,-80" /><INIT seed="3,0,0,5,2,43" ten="212,345,288,155" oya="3" hai0="72,96,28,2,112,118,130,10,41,66,59,113,114" hai1="0,71,134,68,135,104,52,125,89,127,56,121,20" hai2="60,64,122,33,106,38,100,86,57,88,30,131,79" hai3="19,8,115,90,110,116,58,132,123,4,55,7,92"/><W1/><G115/><T61/><D72/><U77/><E121/><V107/><F38/><W76/><G123/><T119/><D130/><U84/><E0/><V103/><F79/><W85/><G116/><T47/><D28/><U102/><E77/><V45/><F122/><W5/><G132/><N who="1" m="50730" /><E20/><V50/><F131/><W13/><G110/><T108/><D108/><U98/><E71/><V54/><F107/><W105/><G105/><T94/><D10/><U62/><E68/><V27/><F106/><W39/><G39/><N who="0" m="21951" /><D2/><U25/><E25/><V109/><F109/><W31/><G76/><T23/><D23/><U63/><E62/><V48/><F48/><W74/><G74/><T133/><D133/><U73/><E73/><V12/><F12/><W22/><REACH who="3" step="1"/><G31/><REACH who="3" ten="212,345,288,145" step="2"/><T99/><D99/><U53/><E104/><V26/><F26/><W46/><G46/><T24/><D24/><U95/><E125/><V14/><F14/><W17/><G17/><T83/><D83/><AGARI ba="0,1" hai="27,30,33,45,50,54,57,60,64,83,86,88,100,103" machi="83" ten="30,3900,0" yaku="7,1,52,1,54,1" doraHai="43" who="2" fromWho="0" sc="212,-39,345,0,288,49,145,0" owari="173,-22.7,345,44.5,337,13.7,145,-35.5" /></mjloggm>