<mjloggm ver="2.3"><GO type="225" lobby="0"/><UN n0="%E4%B8%89%E5%86%A0%E7%8E%8B%E3%83%BB%E5%B1%B1%E7%94%B0%E5%93%B2%E4%BA%BA" n1="%E2%98%86%41%64%72%69%61%6E" n2="%E3%81%82%E3%83%BC%E3%81%97" n3="%6D%75%75%6D%75%72%61" dan="16,17,16,16" rate="2163.08,2140.35,2111.83,2140.65" sx="M,M,M,F"/><TAIKYOKU oya="0"/><INIT seed="0,0,0,0,0,116" ten="250,250,250,250" oya="0" hai0="13,133,100,63,5,85,132,16,64,105,92,101,126" hai1="21,68,130,31,45,82,104,94,131,118,83,60,93" hai2="86,3,119,24,0,25,52,67,36,53,26,134,28" hai3="135,29,54,74,76,65,77,51,107,2,127,109,10"/><T71/><D126/><U19/><E104/><V34/><F36/><W91/><G107/><T87/><D5/><U112/><E31/><V110/><F67/><W38/><G38/><T8/><D105/><U106/><E118/><V6/><F119/><W32/><G109/><T46/><D46/><U117/><E112/><V11/><F110/><W99/><G135/><N who="0" m="51787" /><D92/><N who="1" m="35435" /><E45/><V35/><F134/><W4/><G99/><T18/><D18/><U48/><E48/><V114/><F114/><W62/><G91/><T95/><D95/><U122/><E106/><V79/><F3/><W22/><G74/><T39/><D39/><U108/><E117/><V120/><F120/><W81/><G81/><T57/><D71/><U66/><E122/><V37/><F37/><W61/><G127/><T98/><D98/><U97/><E97/><V56/><F53/><W72/><G72/><T17/><D17/><U30/><E30/><V80/><REACH who="2" step="1"/><F34/><REACH who="2" ten="250,250,240,250" step="2"/><W73/><G32/><T102/><AGARI ba="0,1" hai="8,13,16,57,63,64,85,87,100,101,102" m="51787" machi="102" ten="30,3000,0" yaku="20,1,54,1" doraHai="116" who="0" fromWho="0" sc="250,40,250,-10,240,-10,250,-10" /><INIT seed="0,1,0,1,2,81" ten="290,240,230,240" oya="0" hai0="19,32,51,103,56,109,101,97,77,24,65,48,102" hai1="125,68,64,11,28,52,31,53,121,74,38,1,108" hai2="29,46,92,37,73,112,87,75,99,8,79,30,130" hai3="14,0,104,120,58,116,35,127,44,88,54,55,106"/><T20/><D109/><U110/><E74/><V72/><F112/><W111/><G0/><T21/><D32/><U122/><E38/><V117/><F130/><W15/><G116/><T129/><D129/><U3/><E125/><V133/><F117/><W118/><G118/><T128/><D128/><U45/><E64/><V62/><F62/><W5/><G35/><T47/><D77/><U83/><E83/><V95/><F8/><W96/><G111/><T60/><D21/><U90/><E45/><V82/><F133/><W17/><G127/><T132/><D132/><U50/><E50/><V98/><F37/><W123/><G5/><T16/><D19/><U2/><E2/><V13/><F13/><W66/><G66/><T93/><REACH who="0" step="1"/><D51/><REACH who="0" ten="280,240,230,240" step="2"/><U4/><E4/><V124/><F124/><W105/><G17/><T10/><D10/><U18/><E18/><V61/><F61/><W39/><G39/><T107/><D107/><U59/><E11/><V41/><F29/><W43/><G105/><T70/><D70/><U80/><E68/><V40/><F30/><W63/><G104/><T23/><D23/><U7/><E7/><V69/><F69/><W131/><G131/><T9/><D9/><U89/><E110/><V76/><F76/><W71/><G71/><T36/><D36/><U49/><E108/><V85/><F79/><W27/><G106/><T67/><D67/><U119/><E119/><V22/><F22/><W115/><G115/><T114/><D114/><U135/><E31/><V100/><F75/><W91/><G63/><T134/><D134/><U94/><E135/><RYUUKYOKU ba="1,1" sc="280,30,240,-10,230,-10,240,-10" hai0="16,20,24,47,48,56,60,65,93,97,101,102,103" /><INIT seed="0,2,1,1,5,17" ten="310,230,220,230" oya="0" hai0="42,112,16,11,69,106,20,109,82,116,58,0,89" hai1="6,1,134,27,107,18,22,128,37,15,86,23,4" hai2="98,93,45,29,72,68,77,100,111,75,90,92,52" hai3="71,40,133,67,31,64,49,51,59,62,65,84,73"/><T60/><D112/><U44/><E107/><V8/><F68/><W57/><G73/><T104/><D69/><U9/><E134/><V114/><F114/><W117/><G117/><T119/><D42/><U70/><E70/><V35/><F111/><W34/><G34/><T127/><D109/><U50/><E37/><V12/><F77/><W46/><G31/><T85/><D127/><U120/><E120/><V83/><F83/><W21/><G21/><T32/><D32/><U26/><E128/><V99/><F29/><W56/><G84/><T132/><D132/><U105/><E105/><V103/><F90/><W74/><G74/><T47/><D47/><U2/><E86/><V110/><F35/><W5/><G5/><N who="1" m="2154" /><E50/><N who="3" m="18954" /><G133/><T30/><D106/><U7/><E44/><V79/><F79/><W131/><G131/><T39/><D104/><U24/><E24/><V124/><F110/><W121/><G121/><T126/><D126/><U14/><E1/><V54/><F124/><W91/><G91/><T81/><D0/><U66/><E66/><V95/><F95/><W97/><G97/><T113/><D82/><U13/><E2/><V76/><F45/><W129/><G129/><T94/><D81/><U101/><E101/><V80/><F75/><W41/><G41/><T3/><D113/><U53/><E53/><V125/><F125/><W36/><AGARI ba="2,1" hai="36,40,46,56,57,59,62,64,65,67,71" m="18954" machi="36" ten="30,8000,1" yaku="35,5" doraHai="17" who="3" fromWho="3" sc="310,-42,230,-22,220,-22,230,96" /><INIT seed="1,0,0,5,0,40" ten="268,208,198,326" oya="1" hai0="44,121,115,49,61,98,13,66,70,19,3,55,28" hai1="42,132,113,14,134,68,130,57,120,24,111,36,122" hai2="58,27,54,103,77,51,133,97,128,69,23,76,123" hai3="126,104,17,59,53,2,92,10,31,125,91,116,56"/><U9/><E68/><V6/><F123/><W106/><G116/><T72/><D121/><U131/><E113/><V127/><F69/><W101/><G31/><T25/><D72/><U22/><E111/><V39/><F39/><W0/><G101/><T26/><D3/><U35/><E35/><V34/><F133/><N who="1" m="51305" /><E57/><V18/><F128/><N who="1" m="49193" /><E42/><V43/><F34/><W21/><G59/><T100/><D28/><N who="1" m="17431" /><E36/><V64/><F43/><W78/><G56/><T108/><D108/><U99/><E99/><V29/><F64/><W41/><G41/><T88/><D115/><U38/><E38/><V50/><F50/><W71/><G71/><T80/><D98/><U93/><E93/><V5/><F97/><W118/><G92/><T63/><D63/><U52/><E52/><V46/><F103/><W47/><G53/><T89/><D100/><U30/><E30/><V114/><F114/><W20/><G104/><T82/><D55/><U90/><E90/><V74/><F58/><W102/><G91/><T16/><D88/><U4/><AGARI ba="0,0" hai="4,9,14,120,122" m="17431,49193,51305" machi="4" ten="30,11700,0" yaku="20,1,19,1,34,2" doraHai="40" who="1" fromWho="1" sc="268,-39,208,117,198,-39,326,-39" /><INIT seed="1,1,0,3,5,37" ten="229,325,159,287" oya="1" hai0="105,130,124,2,11,20,35,127,75,65,33,83,18" hai1="88,82,1,118,126,39,97,21,115,120,24,19,40" hai2="85,96,47,114,87,42,125,134,132,77,98,89,71" hai3="38,25,100,91,29,67,55,66,72,122,107,45,74"/><U131/><E120/><V63/><F114/><W68/><G122/><T94/><D105/><U36/><E115/><V31/><F31/><W10/><G91/><T110/><D65/><U6/><E118/><V58/><F71/><W48/><G10/><T4/><D94/><U51/><E126/><N who="0" m="48169" /><D75/><U92/><E82/><V78/><F125/><W57/><G66/><T22/><D83/><U69/><E69/><V86/><F78/><W50/><G100/><T95/><D95/><U0/><E6/><V101/><F89/><W128/><G107/><T111/><D130/><U123/><E131/><V116/><F77/><W46/><G46/><T106/><D106/><U54/><E123/><V112/><F116/><W49/><G49/><T7/><D7/><U93/><E93/><V41/><F47/><W119/><G119/><T5/><D5/><U27/><E39/><V121/><F121/><W76/><G76/><T9/><D9/><U60/><E36/><V52/><F112/><W61/><G128/><T99/><D99/><N who="2" m="37930" /><F101/><W59/><G59/><T17/><D33/><U117/><E117/><V15/><F15/><W3/><G3/><T13/><D35/><U109/><E0/><V23/><F23/><N who="3" m="15551" /><G48/><T113/><D113/><U135/><E1/><V108/><F108/><W81/><G81/><T14/><AGARI ba="1,0" hai="2,4,11,13,14,17,18,20,22,110,111" m="48169" machi="14" ten="30,4000,0" yaku="18,1,34,2" doraHai="37" who="0" fromWho="0" sc="229,43,325,-21,159,-11,287,-11" /><INIT seed="2,0,0,0,4,54" ten="272,304,148,276" oya="2" hai0="112,116,119,72,30,55,75,3,111,35,8,96,121" hai1="17,45,92,9,21,76,103,28,16,41,109,31,113" hai2="61,87,53,19,74,108,127,27,99,34,128,5,82" hai3="32,42,81,47,48,65,135,131,91,18,50,43,89"/><V98/><F74/><W134/><G32/><T69/><D112/><U51/><E113/><V101/><F128/><W7/><G131/><T49/><D69/><U29/><E109/><V110/><F127/><W84/><G65/><T59/><D121/><U22/><E76/><V36/><F36/><W46/><G7/><N who="0" m="1151" /><D111/><N who="2" m="42538" /><F5/><W38/><G38/><T123/><D123/><U118/><E118/><N who="0" m="45097" /><D96/><N who="2" m="36906" /><F101/><W129/><G129/><T13/><D13/><N who="1" m="7215" /><E103/><V4/><F4/><W58/><G89/><T68/><D68/><U25/><E92/><V114/><F114/><W100/><G100/><T79/><D79/><U83/><E83/><V62/><F53/><W70/><G43/><T133/><D133/><U52/><E41/><V78/><F19/><W6/><G18/><T106/><D106/><U64/><E64/><V90/><F78/><W73/><G6/><T97/><D97/><U57/><E45/><V63/><F27/><AGARI ba="0,0" hai="27,30,35,49,55,59,72,75" m="45097,1151" machi="27" ten="30,2000,0" yaku="12,1,52,1" doraHai="54" who="0" fromWho="2" sc="272,20,304,0,148,-20,276,0" /><AGARI ba="0,0" hai="17,21,22,25,27,28,29,31,51,52,57" m="7215" machi="27" ten="30,7700,0" yaku="8,1,52,1,54,2" doraHai="54" who="1" fromWho="2" sc="292,0,304,77,128,-77,276,0" /><INIT seed="3,0,0,0,3,109" ten="292,381,51,276" oya="3" hai0="121,134,84,115,12,110,59,100,5,23,52,111,75" hai1="43,18,76,88,68,93,15,2,126,79,129,101,56" hai2="9,72,61,10,85,13,89,42,71,64,95,14,32" hai3="113,27,99,38,55,78,98,62,51,124,117,22,114"/><W46/><G117/><T90/><D75/><U11/><E68/><V112/><F72/><W74/><G124/><T130/><D121/><U65/><E2/><V60/><F32/><W67/><G38/><T103/><D134/><U91/><E129/><V116/><F42/><W118/><G118/><T77/><D77/><N who="1" m="29771" /><E43/><V35/><F35/><W24/><G24/><T26/><D130/><U39/><E39/><V21/><F116/><W80/><G98/><T8/><D115/><U37/><E37/><V82/><F21/><W102/><G62/><N who="0" m="36199" /><D111/><U105/><E105/><V125/><F125/><W7/><G7/><T81/><D110/><U40/><E40/><V41/><F41/><W19/><REACH who="3" step="1"/><G67/><REACH who="3" ten="292,381,51,266" step="2"/><T104/><D104/><AGARI ba="0,1" hai="19,22,27,46,51,55,74,78,80,99,102,104,113,114" machi="104" ten="30,18000,2" yaku="1,1,2,1,7,1,52,2,53,1" doraHai="109" doraHaiUra="97" who="3" fromWho="0" sc="292,-180,381,0,51,0,266,190" owari="112,-28.8,381,18.1,51,-44.9,456,55.6" /></mjloggm>