<mjloggm ver="2.3"><GO type="225" lobby="0"/><UN n0="%E7%BD%AA%E5%88%91%E6%B3%95%E5%AE%9A%E4%B8%BB%E7%BE%A9" n1="%E5%B8%86%E7%AB%8B%E5%A4%8F%E8%A1%A3" n2="%E3%83%8F%E3%82%BF%E3%83%A2%E3%83%88%E3%83%92%E3%83%AD" n3="%72%65%6E%6B%75%6E" dan="16,17,17,17" rate="2167.27,2164.79,2204.73,2215.59" sx="M,M,M,M"/><TAIKYOKU oya="0"/><INIT seed="0,0,0,5,4,90" ten="250,250,250,250" oya="0" hai0="51,43,119,131,25,126,133,39,105,122,112,22,2" hai1="116,102,58,124,0,108,49,127,15,71,16,104,100" hai2="36,3,6,94,128,99,130,11,64,4,31,28,80" hai3="10,26,86,81,113,85,82,41,13,120,65,111,18"/><T101/><RYUUKYOKU type="yao9" ba="0,0" sc="250,0,250,0,250,0,250,0" hai0="2,22,25,39,43,51,101,105,112,119,122,126,131,133" /><INIT seed="0,1,0,4,1,14" ten="250,250,250,250" oya="0" hai0="127,109,60,104,1,94,58,53,85,64,12,45,62" hai1="8,96,74,91,21,89,67,42,65,2,54,34,41" hai2="36,119,26,79,133,4,71,31,25,120,115,49,32" hai3="134,118,75,6,81,130,129,135,122,111,18,102,88"/><T72/><D1/><U17/><E74/><V40/><F120/><W28/><G118/><T80/><D127/><U106/><E34/><V7/><F36/><W105/><G122/><T131/><D104/><U103/><E2/><V55/><F40/><W98/><G6/><T100/><D131/><N who="3" m="50185" /><G28/><T107/><D107/><U52/><E8/><V0/><F115/><W11/><G111/><T61/><D109/><U9/><E9/><V125/><F71/><W50/><G50/><N who="0" m="28879" /><D72/><U86/><E42/><V95/><F133/><N who="3" m="50699" /><G11/><T83/><D12/><U27/><E41/><V44/><F119/><W47/><G47/><T20/><D20/><U51/><E54/><V33/><F0/><W16/><G88/><N who="0" m="51239" /><D83/><U73/><E89/><V78/><F4/><W126/><G126/><T76/><D76/><AGARI ba="1,0" hai="16,18,75,76,81,98,102,105" m="50699,50185" machi="76" ten="30,8000,1" yaku="19,1,20,1,52,2,54,1" doraHai="14" who="3" fromWho="0" sc="250,-83,250,0,250,0,250,83" /><INIT seed="1,0,0,0,0,80" ten="167,250,250,333" oya="1" hai0="82,56,84,102,115,98,83,116,62,4,29,125,123" hai1="37,130,13,114,21,49,74,97,106,9,23,68,3" hai2="129,99,122,121,89,16,75,126,43,108,18,113,95" hai3="110,40,118,5,72,17,71,66,33,0,8,117,45"/><U81/><E114/><V109/><F75/><W7/><G72/><T119/><D115/><U86/><E130/><V39/><F113/><W14/><G33/><T70/><D125/><U35/><E74/><V124/><F129/><W24/><G110/><N who="2" m="42601" /><F43/><W6/><G0/><T128/><D128/><U44/><E37/><V48/><F39/><W77/><G77/><T111/><D111/><U69/><E35/><V64/><F64/><W42/><G24/><T10/><D70/><U131/><E131/><V15/><F48/><W51/><G40/><T12/><D123/><N who="2" m="47114" /><F18/><W85/><G66/><T135/><D135/><U88/><E68/><V132/><F132/><W46/><G71/><T25/><D83/><U20/><E69/><V32/><F32/><W27/><G45/><T53/><D25/><U112/><E112/><V47/><F47/><W103/><G51/><T91/><REACH who="0" step="1"/><D29/><REACH who="0" ten="157,250,250,333" step="2"/><U1/><E106/><AGARI ba="0,1" hai="4,10,12,53,56,62,82,84,91,98,102,106,116,119" machi="106" ten="30,8000,1" yaku="1,1,2,1,7,1,52,1,53,1" doraHai="80" doraHaiUra="11" who="0" fromWho="1" sc="157,90,250,-80,250,0,333,0" /><INIT seed="2,0,0,3,5,69" ten="247,170,250,333" oya="2" hai0="83,54,2,20,4,46,62,27,66,82,73,92,128" hai1="15,22,64,18,16,134,48,78,97,113,109,102,123" hai2="72,9,30,17,8,43,79,51,80,101,133,135,103" hai3="23,24,108,56,70,42,44,120,91,36,63,87,41"/><V60/><F30/><W71/><G120/><T98/><D73/><U67/><E123/><V53/><F60/><W13/><G108/><T96/><D128/><U77/><E109/><V52/><F43/><W47/><G13/><T117/><D117/><U57/><E113/><V49/><F72/><W95/><G56/><T28/><D98/><U40/><E134/><V75/><F75/><W116/><G63/><T31/><D31/><U88/><E18/><V61/><F61/><W119/><G70/><T14/><D2/><U99/><E102/><V6/><F80/><W45/><G71/><T115/><D115/><U7/><E7/><V132/><F79/><N who="1" m="30217" /><E99/><V89/><F17/><W100/><G100/><N who="0" m="60423" /><D66/><U34/><E34/><V37/><F135/><W65/><G65/><T5/><D5/><U59/><E59/><V127/><F6/><W21/><G47/><T129/><D62/><U38/><E38/><V114/><F114/><W130/><G130/><T131/><D129/><U84/><E97/><V118/><F118/><W74/><G74/><T105/><D105/><U26/><E26/><V81/><F37/><W11/><G24/><T68/><D68/><U104/><E104/><V76/><F133/><W0/><G116/><T111/><D111/><U112/><E112/><V93/><F132/><W55/><G119/><T122/><D122/><U86/><E86/><V125/><F76/><W50/><G41/><T107/><D107/><U1/><E1/><V3/><F3/><W39/><G39/><T19/><D131/><U121/><E121/><V90/><F93/><W25/><G25/><RYUUKYOKU ba="0,0" sc="247,-15,170,-15,250,15,333,15" hai2="8,9,49,51,52,53,81,89,90,101,103,125,127" hai3="0,11,21,23,36,42,44,45,50,55,87,91,95" /><INIT seed="2,1,0,0,4,77" ten="232,155,265,348" oya="2" hai0="48,101,71,80,42,31,82,67,86,3,113,76,62" hai1="5,97,14,90,35,120,26,65,129,130,89,20,18" hai2="16,40,74,118,69,105,127,134,44,94,59,7,9" hai3="110,119,72,64,107,109,10,49,102,21,23,78,51"/><V43/><F69/><W15/><G119/><T116/><D116/><U28/><E65/><V70/><F105/><W84/><G72/><T93/><D113/><U55/><E55/><V98/><F70/><W11/><G64/><T115/><D3/><U99/><E120/><V54/><F127/><W66/><G66/><T24/><D115/><U128/><REACH who="1" step="1"/><E5/><REACH who="1" ten="232,145,265,348" step="2"/><V52/><F7/><W85/><G109/><T58/><D71/><U13/><E13/><N who="2" m="7215" /><F118/><W91/><G15/><T81/><D42/><U79/><E79/><V88/><F43/><W92/><G78/><T0/><D0/><U135/><E135/><V32/><F134/><W108/><G108/><T73/><D73/><U133/><E133/><V95/><F74/><W114/><G110/><T122/><D122/><U1/><E1/><V123/><F54/><W124/><G124/><T56/><D76/><U2/><E2/><V27/><F123/><W111/><G111/><T37/><D67/><U30/><E30/><V104/><F52/><W8/><G114/><T117/><D117/><U106/><E106/><V61/><F104/><W45/><G107/><T34/><D31/><U60/><E60/><V112/><F61/><W75/><G75/><T132/><D132/><U63/><E63/><V6/><F6/><W12/><G12/><T68/><D62/><U126/><E126/><V96/><F40/><W33/><G45/><T46/><D68/><U121/><E121/><V125/><F125/><W36/><G33/><T22/><D34/><U29/><E29/><V100/><F32/><W103/><G91/><AGARI ba="1,1" hai="14,18,20,26,28,35,89,90,91,97,99,128,129,130" machi="91" ten="40,2600,0" yaku="1,1,19,1,53,0" doraHai="77" doraHaiUra="83" who="1" fromWho="3" sc="232,0,145,39,265,0,348,-29" /><INIT seed="3,0,0,2,0,111" ten="232,184,265,319" oya="3" hai0="124,70,96,1,24,47,66,26,98,59,99,121,34" hai1="74,46,67,15,101,2,100,85,39,82,80,127,45" hai2="63,114,81,21,36,91,87,3,6,86,93,90,71" hai3="53,117,37,109,12,75,14,50,17,107,133,76,123"/><W116/><G123/><T130/><D1/><U8/><E127/><V119/><F36/><W68/><G37/><T106/><D70/><U89/><E2/><V118/><F6/><W79/><G68/><T32/><D121/><U5/><E67/><V9/><F9/><W73/><G107/><T84/><D124/><U125/><E125/><V115/><F21/><W97/><G97/><T134/><D106/><U43/><E46/><V105/><F3/><W108/><G50/><T41/><D134/><U77/><E101/><V128/><F128/><W54/><G17/><T25/><D130/><U64/><E64/><N who="2" m="41375" /><F105/><W23/><G23/><T61/><REACH who="0" step="1"/><D84/><REACH who="0" ten="222,184,265,319" step="2"/><U13/><E100/><V69/><F69/><W103/><G103/><T51/><AGARI ba="0,1" hai="24,25,26,32,34,41,47,51,59,61,66,96,98,99" machi="51" ten="30,4000,0" yaku="1,1,2,1,0,1,53,0" doraHai="111" doraHaiUra="33" who="0" fromWho="0" sc="222,50,184,-10,265,-10,319,-20" /><INIT seed="4,0,0,2,0,105" ten="272,174,255,299" oya="0" hai0="40,11,0,32,30,122,12,41,78,84,67,107,28" hai1="114,82,72,123,131,51,120,26,74,104,43,54,108" hai2="25,66,85,61,130,59,121,75,2,71,49,126,5" hai3="93,47,17,129,76,69,100,87,133,118,48,83,13"/><T70/><D107/><U79/><E108/><V9/><F121/><W10/><G129/><T35/><D0/><U34/><E131/><V20/><F126/><W109/><G133/><T50/><D122/><U60/><E104/><V52/><F130/><W58/><G69/><T113/><D113/><U128/><E128/><V90/><F75/><W135/><G109/><T6/><D70/><U86/><E114/><V21/><REACH who="2" step="1"/><F25/><REACH who="2" ten="272,174,245,299" step="2"/><W65/><G135/><T98/><D35/><U134/><E134/><V36/><F36/><W22/><G118/><T63/><D32/><U124/><E124/><V44/><F44/><W110/><G110/><T125/><D125/><U33/><E123/><V46/><F46/><W56/><G65/><T115/><D115/><U18/><E120/><V27/><F27/><W92/><G10/><T37/><D37/><U97/><E34/><V132/><F132/><W53/><G100/><T117/><D117/><U31/><E18/><V112/><F112/><W29/><G29/><T45/><D30/><U95/><E43/><V57/><F57/><AGARI ba="0,1" hai="13,17,22,47,48,53,56,57,58,76,83,87,92,93" machi="57" ten="40,1300,0" yaku="8,1" doraHai="105" who="3" fromWho="2" sc="272,0,174,0,245,-13,299,23" owari="272,7.2,174,-32.6,232,-16.8,322,42.2" /></mjloggm>