<mjloggm ver="2.3"><GO type="225" lobby="0"/><UN n0="%E3%81%99%E3%81%84%E3%81%BE%E3%81%9B%E3%83%BC%E3%82%93" n1="%E7%89%B9%E6%9D%B1%E3%81%AF%E4%B8%96%E7%95%8C%E3%82%92%E6%95%91%E3%81%86" n2="%77%72%77%72%77%72%77%72" n3="%E6%98%93%E5%88%A9%E8%96%A9%E4%BC%AF" dan="18,16,17,16" rate="2232.94,2145.33,2258.33,2095.15" sx="M,M,M,F"/><TAIKYOKU oya="0"/><INIT seed="0,0,0,1,3,135" ten="250,250,250,250" oya="0" hai0="63,40,108,29,1,120,21,48,67,32,104,134,11" hai1="38,41,86,19,100,99,10,92,96,77,7,58,83" hai2="49,114,75,89,78,20,28,81,44,42,66,9,84" hai3="30,27,14,68,131,62,73,72,18,128,57,69,126"/><T23/><D120/><U13/><E38/><V115/><F66/><W24/><G14/><T118/><D118/><U87/><E41/><V26/><REACH who="2" step="1"/><F9/><REACH who="2" ten="250,250,240,250" step="2"/><W65/><G65/><T43/><D11/><U103/><E58/><V5/><F5/><W133/><G57/><T82/><D67/><U124/><E124/><V123/><F123/><W74/><G126/><T130/><D134/><U0/><E0/><V45/><F45/><W54/><G133/><T88/><D1/><U16/><REACH who="1" step="1"/><E86/><REACH who="1" ten="250,240,240,250" step="2"/><V6/><F6/><W64/><G74/><T90/><D43/><U53/><E53/><V71/><F71/><W59/><G69/><T56/><D40/><U129/><E129/><N who="3" m="49738" /><G54/><T122/><D130/><U25/><E25/><V4/><F4/><W70/><G70/><T97/><D56/><U85/><E85/><V116/><F116/><W101/><G68/><T113/><D122/><U105/><AGARI ba="0,2" hai="7,10,13,16,19,77,83,87,92,96,99,100,103,105" machi="105" ten="20,8000,1" yaku="1,1,0,1,7,1,54,1,53,1" doraHai="135" doraHaiUra="3" who="1" fromWho="1" sc="250,-40,240,100,240,-20,250,-20" /><INIT seed="1,0,0,5,5,76" ten="210,340,220,230" oya="1" hai0="71,58,84,12,61,111,73,6,118,7,21,45,66" hai1="54,8,121,49,10,105,96,2,97,129,133,122,40" hai2="91,65,85,63,106,110,120,47,15,81,117,132,43" hai3="125,90,56,19,83,60,27,30,113,24,48,50,13"/><U93/><E129/><V89/><F117/><W130/><G113/><T18/><D73/><U62/><E133/><V67/><F132/><W55/><G125/><T33/><D118/><U53/><E105/><V92/><F120/><W82/><G130/><T17/><D33/><U95/><E40/><V57/><F106/><W119/><G119/><T88/><D111/><U28/><E28/><V78/><F110/><W42/><G90/><T51/><D18/><U101/><E62/><V22/><F65/><W112/><G112/><T41/><REACH who="0" step="1"/><D71/><REACH who="0" ten="200,340,220,230" step="2"/><U25/><E122/><V36/><REACH who="2" step="1"/><F92/><AGARI ba="0,1" hai="6,7,12,17,21,41,45,51,58,61,66,84,88,92" machi="92" ten="30,8000,1" yaku="1,1,2,1,7,1,8,1,54,1,53,0" doraHai="76" doraHaiUra="107" who="0" fromWho="2" sc="200,90,340,0,220,-80,230,0" /><INIT seed="2,0,0,3,0,41" ten="290,340,140,230" oya="2" hai0="115,121,14,128,86,36,123,67,83,21,132,25,85" hai1="81,88,117,62,20,133,79,50,17,55,53,89,42" hai2="74,70,40,61,118,68,87,3,31,72,27,134,46" hai3="33,48,66,82,94,29,107,101,92,47,6,71,76"/><V24/><F118/><W90/><G6/><T22/><D115/><U38/><E117/><V122/><F122/><W105/><G101/><T39/><D128/><U35/><E35/><N who="2" m="20967" /><F87/><W56/><G71/><N who="2" m="27177" /><F61/><W95/><G90/><T43/><D67/><U60/><E133/><V59/><F59/><W1/><G1/><T100/><D132/><U120/><E120/><V112/><F134/><W80/><G80/><T106/><D83/><U64/><E38/><N who="2" m="21783" /><F112/><W10/><G56/><T32/><D14/><U12/><E42/><V11/><F27/><W57/><G57/><T98/><D25/><U51/><E64/><V2/><F11/><W125/><G66/><T52/><D21/><U129/><E129/><V49/><F49/><N who="1" m="18441" /><E62/><V109/><F109/><W135/><G135/><T28/><D123/><U54/><E60/><V45/><F45/><W63/><G63/><T34/><D121/><U0/><E54/><V113/><F113/><W77/><G47/><N who="0" m="24039" /><D52/><U110/><E55/><V4/><F4/><W75/><G48/><T23/><D23/><U13/><E53/><V8/><F8/><W97/><G10/><T7/><D7/><U19/><E19/><V91/><F91/><W116/><G116/><T96/><D22/><U5/><E12/><V73/><AGARI ba="0,0" hai="2,3,72,73,74" m="21783,27177,20967" machi="73" ten="40,7800,0" yaku="33,2,52,1" doraHai="41" who="2" fromWho="2" sc="290,-26,340,-26,140,78,230,-26" /><INIT seed="2,1,0,1,1,106" ten="264,314,218,204" oya="2" hai0="84,72,28,78,44,80,83,10,95,91,45,73,0" hai1="8,96,61,26,76,82,12,27,98,54,101,110,29" hai2="22,90,24,25,66,13,103,70,130,67,33,81,71" hai3="6,62,93,100,135,35,74,50,85,111,132,121,38"/><V7/><F130/><W134/><G121/><T42/><D28/><U114/><E114/><V47/><F33/><W105/><G38/><T48/><D45/><U126/><E110/><V107/><F107/><W64/><G111/><T116/><D116/><U118/><E118/><V21/><F103/><W115/><G35/><T75/><REACH who="0" step="1"/><D78/><REACH who="0" ten="254,314,218,204" step="2"/><U53/><E29/><N who="2" m="17551" /><F47/><W113/><G113/><T2/><D2/><U68/><E76/><V133/><F133/><W41/><G115/><T125/><D125/><U124/><E124/><V55/><F71/><W108/><G108/><T40/><D40/><U32/><E68/><V120/><F70/><W131/><G134/><T129/><D129/><U77/><E77/><V3/><F3/><W46/><G131/><T30/><D30/><U99/><E126/><V127/><F127/><W60/><G135/><T102/><D102/><U43/><E101/><V39/><F120/><W128/><G128/><T20/><D20/><U89/><E43/><V104/><F22/><W51/><G41/><T79/><D79/><U122/><E122/><V52/><F39/><W36/><G36/><T18/><D18/><U112/><E112/><V117/><F117/><W58/><G100/><T5/><AGARI ba="1,1" hai="0,5,10,42,44,48,72,73,75,80,83,84,91,95" machi="5" ten="40,8000,1" yaku="1,1,0,1,52,3,53,0" doraHai="106" doraHaiUra="56" who="0" fromWho="0" sc="254,93,314,-21,218,-41,204,-21" /><INIT seed="3,0,0,4,4,10" ten="347,293,177,183" oya="3" hai0="64,6,83,28,134,40,91,19,1,130,103,58,49" hai1="20,128,18,110,66,5,13,85,109,68,14,9,0" hai2="129,32,84,25,113,44,75,95,82,53,36,46,107" hai3="52,33,90,39,88,102,92,106,78,81,65,51,76"/><W8/><G39/><T98/><D28/><U89/><E128/><V45/><F113/><W120/><G33/><T125/><D6/><U99/><E99/><V79/><F129/><W21/><G120/><T131/><D1/><U74/><E74/><V96/><F36/><W61/><G106/><T15/><D134/><U7/><E66/><V111/><F111/><N who="1" m="42505" /><E68/><V135/><F135/><W56/><G8/><T124/><D40/><U117/><E117/><V4/><F4/><W100/><G90/><T17/><D91/><U16/><E0/><V42/><F42/><W132/><G132/><T97/><D83/><AGARI ba="0,0" hai="5,7,9,13,14,16,18,20,83,85,89" m="42505" machi="83" ten="30,7700,0" yaku="14,1,52,2,54,1" doraHai="10" who="1" fromWho="0" sc="347,-77,293,77,177,0,183,0" owari="270,7.0,370,47.0,177,-32.3,183,-21.7" /></mjloggm>