<mjloggm ver="2.3"><GO type="225" lobby="0"/><UN n0="%65%6B%61%72%75%74%65" n1="%72%69%6F%75%63%68%61%6E" n2="%E6%A1%9C%E8%8A%B1%E9%96%83%E3%80%85" n3="%E5%AF%82%E5%AF%9E%E3%82%AE%E3%83%8D%E3%82%B9%E3%83%93%E3%83%BC%E3%83%AB" dan="16,17,18,16" rate="2130.55,2216.34,2166.89,2167.39" sx="M,M,M,M"/><TAIKYOKU oya="0"/><INIT seed="0,0,0,4,4,72" ten="250,250,250,250" oya="0" hai0="128,131,4,61,53,76,42,100,22,27,130,129,118" hai1="66,81,3,41,14,85,94,5,115,18,25,112,122" hai2="20,33,80,19,108,1,90,110,78,109,86,35,92" hai3="34,102,120,88,12,106,87,117,2,73,114,89,8"/><T82/><D118/><U51/><E122/><V133/><F133/><W47/><G117/><T74/><D42/><U113/><E66/><V50/><F50/><W57/><G114/><T123/><D123/><U95/><E25/><V46/><F46/><W45/><G34/><T77/><N who="0" m="32768" /><DORA hai="23" /><T64/><D100/><U132/><E132/><V124/><F124/><W26/><G2/><T36/><D36/><U75/><E75/><V29/><F29/><W31/><G73/><T68/><D4/><U37/><E37/><V60/><F60/><W39/><G106/><T65/><D76/><N who="1" m="46247" /><E3/><V59/><F59/><W38/><G102/><T16/><D65/><U127/><E127/><V135/><F1/><W91/><G120/><T9/><D9/><N who="1" m="4399" /><E18/><V71/><F71/><W107/><G107/><T116/><D116/><U48/><E48/><V44/><F135/><W134/><G134/><T55/><AGARI ba="0,0" hai="16,22,27,53,55,61,64,68,74,77,82" m="32768" machi="55" ten="60,12000,1" yaku="0,1,19,1,52,2,54,1" doraHai="72,23" who="0" fromWho="0" sc="250,120,250,-40,250,-40,250,-40" /><INIT seed="0,1,0,0,5,78" ten="370,210,210,210" oya="0" hai0="35,133,126,12,86,41,88,58,18,47,61,46,62" hai1="60,81,115,130,38,8,72,113,29,107,9,98,105" hai2="37,7,50,94,23,73,99,124,40,100,4,28,108" hai3="79,132,11,55,51,10,106,70,122,6,90,56,22"/><T25/><D126/><U121/><E130/><V96/><F37/><W135/><G122/><T112/><D112/><N who="1" m="43083" /><E121/><V119/><F124/><W110/><G110/><T68/><D133/><N who="3" m="51273" /><G70/><T1/><D1/><U125/><E125/><V17/><F108/><W114/><G114/><T5/><D5/><U33/><E38/><V127/><F127/><W103/><G79/><T85/><D68/><U97/><E60/><V30/><F73/><W131/><G131/><T31/><D85/><U76/><E97/><V69/><F69/><W19/><G90/><T0/><D0/><U21/><E33/><V45/><F119/><W74/><G74/><T27/><D27/><N who="1" m="16623" /><E98/><V63/><F63/><W20/><G6/><N who="2" m="2089" /><F96/><N who="3" m="61799" /><G22/><T93/><D41/><U118/><E118/><V53/><F40/><W111/><G111/><T120/><D62/><U101/><E101/><V43/><F43/><W83/><G10/><AGARI ba="1,0" hai="8,9,10,72,76,81,105,107" m="16623,43083" machi="10" ten="30,2000,0" yaku="11,1,52,1" doraHai="78" who="1" fromWho="3" sc="370,0,210,23,210,0,210,-23" /><INIT seed="1,0,0,4,2,72" ten="370,233,210,187" oya="1" hai0="26,97,95,10,79,129,125,36,44,0,3,98,8" hai1="1,132,22,61,134,81,21,23,127,116,135,69,104" hai2="35,99,57,78,13,2,48,123,34,65,59,11,9" hai3="28,92,103,117,70,106,43,118,122,64,12,90,74"/><U86/><E127/><V41/><F123/><W60/><G122/><T83/><D125/><U18/><E116/><V53/><F2/><W76/><G43/><T100/><D129/><U14/><E1/><V19/><F41/><W131/><G131/><T87/><D26/><U49/><E104/><V62/><F9/><W115/><G115/><T30/><D30/><U89/><REACH who="1" step="1"/><E49/><REACH who="1" ten="370,223,210,187" step="2"/><V25/><F48/><W102/><G106/><T124/><D0/><U4/><E4/><V46/><F35/><W126/><G126/><T120/><D3/><U24/><E24/><V85/><F25/><W82/><G12/><T73/><D124/><U112/><E112/><V109/><F34/><W107/><G107/><T29/><D120/><U38/><E38/><V114/><F114/><W37/><G37/><T128/><D36/><U31/><E31/><V96/><F13/><W63/><G28/><T15/><D29/><U130/><E130/><V20/><F19/><W45/><G118/><T32/><D32/><U77/><E77/><V40/><F78/><W108/><G117/><T119/><D128/><U121/><E121/><V133/><F133/><W52/><G108/><T51/><D119/><U58/><E58/><V7/><F59/><W33/><G33/><T71/><D15/><U91/><E91/><V88/><F57/><N who="3" m="34855" /><G45/><T39/><D39/><U47/><E47/><V110/><F46/><W101/><G90/><T6/><D44/><U105/><E105/><V80/><F110/><W113/><G113/><T66/><D79/><U27/><E27/><V17/><F109/><W94/><AGARI ba="0,1" hai="63,64,70,74,76,82,92,94,101,102,103" m="34855" machi="94" ten="30,4000,0" yaku="5,1,52,1,54,1" doraHai="72" who="3" fromWho="3" sc="370,-10,223,-20,210,-10,187,50" /><INIT seed="2,0,0,4,2,15" ten="360,203,200,237" oya="2" hai0="40,61,69,35,121,57,12,3,62,44,53,10,13" hai1="72,55,95,83,67,68,8,135,91,45,9,75,25" hai2="39,27,96,20,76,112,129,118,70,4,77,114,54" hai3="109,93,110,38,105,108,124,47,89,128,102,32,21"/><V65/><F118/><W63/><G32/><T74/><D74/><U116/><E116/><V123/><F123/><W113/><G128/><T24/><D121/><U14/><E135/><V37/><F129/><W29/><G124/><T58/><D69/><U78/><E72/><V51/><F4/><W82/><G113/><T46/><D35/><U6/><E25/><V7/><F7/><W106/><G63/><T36/><D24/><U122/><E122/><V23/><F96/><N who="3" m="59663" /><G29/><T41/><D10/><U99/><E8/><V59/><F112/><W0/><G21/><T64/><D3/><U1/><E1/><V5/><F5/><W16/><G16/><T104/><D104/><U125/><E125/><V28/><F20/><W107/><G0/><T49/><AGARI ba="0,0" hai="12,13,36,40,41,44,46,49,53,57,58,61,62,64" machi="49" ten="20,1500,0" yaku="0,1,7,1" doraHai="15" who="0" fromWho="0" sc="360,15,203,-4,200,-7,237,-4" /><INIT seed="3,0,0,2,3,56" ten="375,199,193,233" oya="3" hai0="97,68,103,24,114,99,71,108,4,39,29,110,117" hai1="91,123,48,47,11,9,119,70,131,135,10,90,55" hai2="74,17,21,3,50,121,78,32,19,112,42,133,7" hai3="88,126,40,1,41,75,51,64,82,81,95,132,27"/><W0/><G126/><T69/><D39/><U105/><E123/><V22/><F112/><W118/><G118/><T107/><D117/><U61/><E119/><V20/><F121/><W94/><G64/><T6/><D99/><U52/><E105/><V59/><F32/><W8/><G27/><T49/><D49/><U13/><E131/><V46/><F133/><W86/><G51/><T63/><D63/><U111/><E111/><N who="0" m="42537" /><D114/><U28/><E135/><V25/><F59/><W122/><G8/><N who="1" m="3178" /><E28/><V106/><F106/><W109/><G86/><T115/><D115/><U18/><E70/><V67/><F3/><W79/><G79/><T83/><D83/><U96/><E96/><V120/><F120/><W73/><G109/><T15/><D15/><U30/><E30/><N who="2" m="17703" /><F7/><W37/><G122/><T2/><D2/><U113/><E113/><V31/><F74/><W85/><G85/><T65/><D65/><U87/><E87/><V125/><F125/><W101/><G37/><T16/><D16/><N who="2" m="6218" /><F78/><W54/><G132/><T53/><D6/><U60/><E60/><V130/><F130/><W62/><G62/><T92/><D4/><U127/><E127/><V129/><F129/><W89/><G1/><T44/><D107/><U5/><E5/><V76/><F76/><W33/><G0/><T80/><D71/><U116/><E116/><V35/><F67/><W124/><G124/><T26/><D69/><U38/><E38/><V23/><F35/><W57/><G75/><T98/><D68/><U128/><E128/><V12/><F12/><W36/><G73/><T84/><D29/><AGARI ba="0,0" hai="21,22,23,29,31,42,46,50" m="6218,17703" machi="29" ten="30,3900,0" yaku="6,1,8,1,54,1" doraHai="56" who="2" fromWho="0" sc="375,-39,199,0,193,39,233,0" owari="336,43.6,199,-30.1,232,-16.8,233,3.3" /></mjloggm>