<mjloggm ver="2.3"><GO type="225" lobby="0"/><UN n0="%E4%BF%BA%E3%81%A8%E5%A6%96%E5%A4%A2" n1="%E3%82%BC%E3%83%AB%E3%83%80%E3%81%AE%E4%BC%9D%E8%AA%AC" n2="%E3%81%B2%E3%81%AA%E3%81%AE%E3%82%8A%E3%81%8F" n3="%E6%B5%81%E3%82%8C%EF%BC%9F%53%4F%41" dan="17,17,17,16" rate="2182.10,2243.22,2180.77,2138.73" sx="F,M,M,M"/><TAIKYOKU oya="0"/><INIT seed="0,0,0,4,4,8" ten="250,250,250,250" oya="0" hai0="99,101,75,59,0,68,131,108,23,56,64,86,103" hai1="135,34,33,70,65,122,95,124,40,121,89,46,120" hai2="30,15,6,130,78,17,105,94,69,117,66,118,44" hai3="111,41,83,42,27,16,123,128,28,25,107,134,58"/><T12/><D0/><U115/><E124/><V98/><F105/><W62/><G107/><T100/><D75/><U88/><E135/><V91/><F130/><W97/><G111/><T84/><D131/><U7/><E115/><V11/><F78/><W81/><G128/><T127/><D127/><U61/><E7/><V2/><F30/><W54/><G134/><T55/><D108/><U32/><REACH who="1" step="1"/><E95/><REACH who="1" ten="250,240,250,250" step="2"/><V82/><F82/><W29/><G81/><T13/><D68/><U110/><E110/><V21/><REACH who="2" step="1"/><F44/><REACH who="2" ten="250,240,240,250" step="2"/><W119/><G83/><T73/><D73/><U133/><E133/><V104/><F104/><W116/><G116/><T112/><D112/><U90/><E90/><V113/><F113/><W49/><G119/><T3/><D103/><U10/><E10/><V53/><F53/><W31/><G123/><T9/><D101/><U126/><E126/><V132/><F132/><W45/><G41/><T85/><D9/><U129/><E129/><V93/><F93/><W60/><G42/><T80/><D80/><U76/><E76/><V92/><F92/><W4/><G45/><T5/><D100/><U74/><E74/><V63/><AGARI ba="0,2" hai="2,6,11,15,17,21,63,66,69,91,94,98,117,118" machi="63" ten="30,4000,0" yaku="1,1,0,1,52,1,53,0" doraHai="8" doraHaiUra="26" who="2" fromWho="2" sc="250,-20,240,-10,240,60,250,-10" /><INIT seed="1,0,0,0,2,57" ten="230,230,300,240" oya="1" hai0="99,105,82,18,100,48,47,23,7,91,76,96,73" hai1="19,134,108,9,60,49,56,41,77,13,70,98,12" hai2="127,36,71,30,33,62,61,78,104,86,58,17,114" hai3="26,35,29,67,124,34,10,84,65,44,4,24,88"/><U125/><E125/><V126/><F104/><W43/><G124/><N who="2" m="47657" /><F36/><W111/><G111/><T74/><D7/><U16/><E108/><V119/><F119/><W95/><G24/><T80/><D99/><U40/><E134/><V87/><F114/><W90/><G90/><T121/><D121/><U8/><E70/><V93/><F78/><W22/><G34/><T129/><D129/><U37/><E37/><V118/><F118/><W3/><REACH who="3" step="1"/><G35/><REACH who="3" ten="230,230,300,230" step="2"/><T130/><D91/><U15/><E77/><V54/><F33/><W38/><AGARI ba="0,1" hai="3,4,10,22,26,29,38,43,44,65,67,84,88,95" machi="38" ten="20,8000,1" yaku="1,1,2,1,0,1,7,1,54,1,53,0" doraHai="57" doraHaiUra="132" who="3" fromWho="3" sc="230,-20,230,-40,300,-20,230,90" /><INIT seed="2,0,0,1,0,109" ten="210,190,280,320" oya="2" hai0="112,62,129,100,76,23,72,75,31,17,0,49,33" hai1="10,43,130,42,7,58,6,37,38,82,78,104,117" hai2="79,59,99,20,30,126,111,18,63,15,11,134,108" hai3="8,91,131,97,127,107,118,74,115,106,119,34,27"/><V26/><F134/><W44/><G74/><T94/><D0/><U54/><E117/><V13/><F126/><W48/><G127/><T80/><D129/><U69/><E104/><V29/><F79/><W57/><G131/><T77/><D31/><U60/><E130/><V71/><F71/><W25/><G57/><T32/><D62/><U45/><E69/><V19/><F99/><W46/><G8/><T135/><D135/><U2/><E7/><V102/><F102/><W70/><G70/><T53/><D94/><U120/><E120/><V110/><REACH who="2" step="1"/><F15/><REACH who="2" ten="210,190,270,320" step="2"/><W90/><G97/><T68/><D100/><U52/><E43/><V28/><F28/><W73/><G118/><T113/><D68/><U64/><REACH who="1" step="1"/><E37/><REACH who="1" ten="210,180,270,320" step="2"/><V65/><AGARI ba="0,2" hai="11,13,18,19,20,26,29,30,59,63,65,108,110,111" machi="65" ten="30,11700,0" yaku="1,1,0,1,14,1,10,1,53,0" doraHai="109" doraHaiUra="92" who="2" fromWho="2" sc="210,-39,180,-39,270,137,320,-39" /><INIT seed="2,1,0,3,1,58" ten="171,141,407,281" oya="2" hai0="130,43,132,52,98,28,114,131,112,76,56,83,104" hai1="14,44,67,32,84,102,60,123,55,134,27,13,81" hai2="77,24,117,36,64,89,120,7,41,37,109,119,57" hai3="73,20,45,62,59,110,95,23,106,124,116,126,35"/><V63/><F120/><W82/><G106/><T68/><D68/><U135/><E123/><V38/><F41/><W85/><G35/><T29/><D43/><U72/><E72/><V8/><F77/><N who="3" m="44335" /><G116/><T46/><D46/><U22/><E32/><V11/><F11/><W103/><G45/><T92/><D104/><U86/><E102/><V16/><F109/><W127/><G110/><T97/><D132/><N who="1" m="50731" /><E55/><V87/><F24/><W118/><G118/><T105/><D105/><U0/><E0/><V128/><F128/><N who="0" m="49194" /><D28/><N who="1" m="17527" /><E44/><V40/><F40/><W78/><G78/><T4/><D29/><U129/><E129/><V88/><F16/><W53/><G85/><N who="1" m="32874" /><E81/><V69/><F117/><W100/><G100/><N who="0" m="60455" /><D98/><AGARI ba="1,0" hai="20,23,53,59,62,95,98,103,124,126,127" m="44335" machi="98" ten="30,2000,0" yaku="18,1,52,1" doraHai="58" who="3" fromWho="0" sc="171,-23,141,0,407,0,281,23" /><INIT seed="3,0,0,2,2,122" ten="148,141,407,304" oya="3" hai0="6,91,128,99,65,133,21,41,105,123,61,107,103" hai1="83,73,98,51,36,20,124,84,82,135,38,127,113" hai2="14,114,125,1,45,87,86,22,71,32,59,28,8" hai3="55,34,102,24,112,100,5,52,95,67,76,23,78"/><W115/><G34/><T43/><D123/><U50/><E113/><V42/><F71/><W118/><G118/><T44/><D107/><U35/><E35/><V19/><F114/><W129/><G129/><T48/><D128/><U46/><E135/><V77/><F125/><N who="1" m="48201" /><E98/><V62/><F1/><W29/><G112/><T16/><D133/><U119/><E119/><V130/><F77/><N who="3" m="29803" /><G115/><T0/><D0/><U108/><E73/><V89/><F32/><W106/><G106/><T116/><D6/><U26/><E108/><V72/><F72/><W10/><G67/><T57/><D116/><U79/><E83/><V12/><F130/><W54/><G95/><N who="0" m="56831" /><D103/><N who="3" m="39465" /><G5/><T120/><D105/><U15/><E15/><V117/><F117/><W39/><G39/><N who="1" m="14890" /><E46/><V53/><F89/><W132/><G132/><T121/><D121/><U30/><AGARI ba="0,0" hai="20,26,30,50,51,79,82,84" m="14890,48201" machi="30" ten="30,1100,0" yaku="18,1" doraHai="122" who="1" fromWho="1" sc="148,-3,141,11,407,-3,304,-5" owari="145,-35.5,152,-24.8,404,50.4,299,9.9" /></mjloggm>