<mjloggm ver="2.3"><GO type="225" lobby="0"/><UN n0="%4E%49%4A%49%49%52%4F" n1="%6D%75%75%6D%75%72%61" n2="%E3%81%82%E3%80%81%E8%B2%A0%E3%81%91%E3%81%BE%E3%81%97%E3%81%9F" n3="%E3%81%BF%E3%81%BF%E3%81%9A" dan="17,16,16,16" rate="2239.21,2096.30,2118.12,2168.13" sx="M,F,M,M"/><TAIKYOKU oya="0"/><INIT seed="0,0,0,4,0,126" ten="250,250,250,250" oya="0" hai0="3,15,99,75,25,103,47,63,40,83,37,114,108" hai1="117,43,50,107,46,45,124,123,54,26,42,57,131" hai2="128,109,104,19,118,76,71,56,5,29,33,58,125" hai3="64,38,11,22,86,31,27,74,52,48,132,13,14"/><T70/><D114/><U130/><E107/><V100/><F19/><W44/><G74/><T1/><D15/><U17/><E117/><V65/><F5/><W73/><G73/><T97/><D97/><U2/><E2/><V84/><F84/><W28/><G132/><T82/><D82/><U20/><E123/><V101/><F56/><W21/><G38/><T120/><D120/><U30/><E124/><V87/><F58/><W62/><G86/><T90/><D108/><U79/><E79/><V129/><F87/><W78/><G78/><N who="0" m="44511" /><D90/><U119/><E119/><V49/><F49/><W89/><G89/><T102/><D102/><U122/><E122/><V134/><F76/><W23/><G31/><T35/><D99/><U34/><E46/><V77/><F77/><W59/><REACH who="3" step="1"/><G14/><REACH who="3" ten="250,250,250,240" step="2"/><T95/><D103/><U91/><E91/><V112/><F100/><W88/><G88/><T41/><D3/><U24/><REACH who="1" step="1"/><E43/><REACH who="1" ten="250,240,250,240" step="2"/><V105/><F125/><W110/><G110/><T16/><D41/><U94/><E94/><V53/><F109/><W51/><G51/><AGARI ba="0,2" hai="17,20,24,26,30,34,42,45,50,51,54,57,130,131" machi="51" ten="40,5200,0" yaku="1,1,52,2,53,0" doraHai="126" doraHaiUra="9" who="1" fromWho="3" sc="250,0,240,72,250,0,240,-52" /><INIT seed="1,0,0,0,2,45" ten="250,312,250,188" oya="1" hai0="39,135,18,86,20,94,30,9,111,93,119,92,36" hai1="76,74,98,91,58,62,89,54,41,80,32,95,43" hai2="66,15,78,7,52,57,11,97,34,100,48,127,6" hai3="72,23,106,99,16,47,71,5,33,53,87,69,83"/><U35/><REACH who="1" step="1"/><E91/><REACH who="1" ten="250,302,250,188" step="2"/><V28/><F127/><W116/><G116/><T115/><D119/><U73/><E73/><V29/><F78/><W50/><G72/><T120/><D115/><U132/><E132/><V125/><F125/><W122/><G122/><T64/><D135/><U21/><E21/><V65/><F6/><W14/><G33/><AGARI ba="0,1" hai="32,33,35,41,43,54,58,62,74,76,80,89,95,98" machi="33" ten="40,3900,0" yaku="21,2,53,0" doraHai="45" doraHaiUra="121" who="1" fromWho="3" sc="250,0,302,49,250,0,188,-39" /><INIT seed="1,1,0,4,3,53" ten="250,351,250,149" oya="1" hai0="67,57,17,111,125,101,88,18,74,104,108,40,19" hai1="75,87,132,112,128,106,129,83,85,116,63,100,3" hai2="32,55,102,28,103,86,117,34,65,21,133,59,46" hai3="110,62,99,42,41,92,49,107,94,24,120,84,114"/><U30/><E3/><V61/><F117/><W2/><G120/><T39/><D125/><U89/><E30/><V95/><F133/><W14/><G114/><T33/><D74/><U134/><E63/><V76/><F32/><W90/><G2/><T12/><D33/><U8/><E8/><V4/><F4/><W121/><G121/><T13/><D39/><U68/><E68/><V29/><F34/><W109/><G107/><T9/><D40/><U50/><E50/><N who="2" m="29143" /><F76/><W98/><G24/><T127/><D127/><U113/><E116/><V119/><F119/><W7/><G62/><N who="0" m="38351" /><D101/><N who="2" m="38410" /><F21/><W81/><G109/><N who="0" m="42059" /><D104/><U0/><E75/><V115/><F115/><N who="1" m="44105" /><E0/><V45/><F45/><W11/><G110/><T91/><D13/><U23/><E23/><V79/><F79/><W131/><G131/><N who="1" m="50250" /><E87/><V26/><F26/><W71/><G71/><T44/><D44/><U60/><E60/><V35/><F35/><W123/><G123/><T56/><D56/><U72/><E72/><V130/><F130/><W54/><G98/><AGARI ba="1,0" hai="83,85,89,98,100,106,132,134" m="50250,44105" machi="98" ten="40,7700,0" yaku="19,1,34,2" doraHai="53" who="1" fromWho="3" sc="250,0,351,80,250,0,149,-80" /><INIT seed="1,2,0,2,2,112" ten="250,431,250,69" oya="1" hai0="30,4,51,128,28,95,41,84,37,5,113,104,7" hai1="102,6,92,47,67,50,25,69,33,56,16,13,20" hai2="97,134,122,39,19,27,108,74,77,132,9,42,18" hai3="57,26,111,34,86,71,93,81,121,63,24,52,0"/><U70/><E56/><V82/><F122/><W3/><G121/><T115/><D104/><U75/><E75/><V99/><F108/><W123/><G111/><T23/><D37/><U90/><E102/><V46/><F27/><W105/><G123/><T106/><D106/><U49/><E67/><V44/><F46/><W38/><G105/><T107/><D107/><U1/><E1/><V65/><F65/><W64/><G38/><T68/><D68/><U10/><E33/><V60/><F60/><W55/><G93/><T85/><D128/><U133/><E133/><N who="2" m="51307" /><F19/><W131/><G131/><T103/><D113/><U8/><E8/><V89/><F89/><W118/><G118/><T98/><D115/><U135/><E135/><V114/><F114/><W35/><G35/><T40/><D51/><U2/><E50/><V15/><AGARI ba="2,0" hai="9,15,18,39,42,44,74,77,82,97,99" m="51307" machi="15" ten="30,1100,0" yaku="20,1" doraHai="112" who="2" fromWho="2" sc="250,-5,431,-7,250,17,69,-5" /><INIT seed="2,0,0,1,2,131" ten="245,424,267,64" oya="2" hai0="9,96,53,86,4,95,93,71,121,126,97,81,72" hai1="11,8,89,20,19,32,22,112,100,13,50,127,61" hai2="78,16,67,91,44,51,15,14,23,60,62,0,47" hai3="40,98,52,134,118,90,88,124,26,84,12,77,27"/><V73/><F0/><W1/><G118/><T120/><D71/><U37/><E32/><V35/><F35/><W30/><G124/><T3/><D126/><U75/><E37/><V70/><F62/><W132/><G1/><T135/><D72/><U25/><E75/><V21/><F91/><W5/><G40/><T54/><D135/><N who="3" m="51753" /><G77/><T104/><D104/><U38/><E38/><V129/><F129/><W2/><G2/><T41/><D41/><U10/><E112/><V123/><F123/><W108/><G108/><T6/><D3/><U99/><E127/><V33/><F33/><N who="3" m="20695" /><G27/><T17/><D120/><U83/><E25/><V18/><F51/><W101/><G84/><T58/><D86/><U46/><E50/><V114/><F114/><W55/><G5/><T57/><D121/><U24/><E24/><V92/><F92/><N who="3" m="58567" /><G12/><T107/><D4/><U106/><E13/><V80/><AGARI ba="0,0" hai="14,15,16,18,21,23,44,47,60,67,70,73,78,80" machi="80" ten="30,6000,0" yaku="0,1,9,1,54,1" doraHai="131" who="2" fromWho="2" sc="245,-20,424,-20,267,60,64,-20" /><INIT seed="2,1,0,1,4,30" ten="225,404,327,44" oya="2" hai0="83,100,1,119,21,64,112,85,81,0,3,2,92" hai1="88,4,27,42,50,35,93,19,49,128,33,135,67" hai2="39,11,28,38,37,103,47,63,32,132,55,134,5" hai3="91,96,79,44,108,78,36,95,75,110,7,87,123"/><V89/><F103/><W17/><G7/><T12/><D112/><U61/><E128/><V23/><F23/><W29/><G17/><T116/><D64/><U124/><E124/><V111/><F89/><W130/><G29/><T59/><D59/><U53/><E135/><N who="2" m="51755" /><F63/><W84/><G44/><T9/><D21/><U106/><E106/><V8/><F111/><N who="3" m="42539" /><G36/><T25/><D25/><U72/><E61/><V51/><F5/><W41/><G41/><T14/><D14/><U31/><E4/><V98/><F98/><W76/><G123/><T68/><D68/><U118/><E118/><V121/><F121/><W66/><G66/><T115/><D115/><U105/><E105/><V60/><F60/><W97/><G130/><T82/><D0/><U122/><E67/><V13/><F13/><W117/><G117/><T70/><D70/><U18/><E122/><V133/><N who="2" m="51763" /><V126/><DORA hai="52" /><F126/><W45/><G45/><T107/><D119/><U101/><E101/><V6/><F6/><W86/><G97/><T46/><D46/><U20/><E20/><V56/><F47/><W57/><G57/><T15/><D116/><U40/><E27/><AGARI ba="1,0" hai="8,11,27,28,32,37,38,39,51,55,56" m="51763" machi="27" ten="50,9600,0" yaku="20,1,52,2" doraHai="30,52" who="2" fromWho="1" sc="225,0,404,-99,327,99,44,0" /><INIT seed="2,2,0,1,2,61" ten="225,305,426,44" oya="2" hai0="51,102,11,64,48,79,47,103,66,0,56,95,54" hai1="32,5,98,121,90,108,125,62,15,38,55,132,107" hai2="36,40,17,12,9,85,44,106,45,115,24,63,70" hai3="105,46,25,77,74,120,60,20,118,76,80,22,31"/><V10/><F115/><W122/><G118/><T43/><D79/><U128/><E32/><V124/><F124/><W126/><G126/><T104/><D104/><U58/><E38/><V52/><F106/><W127/><G127/><T130/><D130/><U129/><E125/><V119/><F119/><W39/><G105/><T33/><D33/><U86/><E108/><V27/><F10/><W100/><G100/><N who="0" m="38443" /><D0/><U16/><E98/><V123/><F123/><W101/><G101/><T19/><D95/><U13/><E107/><V111/><F111/><W8/><G77/><T69/><D69/><U131/><E121/><V72/><F72/><W94/><G94/><T71/><D71/><U28/><E132/><V6/><F6/><W65/><G20/><T37/><D37/><U112/><E28/><V23/><F23/><W82/><G82/><T7/><D7/><U83/><E112/><V87/><F87/><W34/><G8/><T135/><D135/><U88/><E5/><V92/><F70/><W116/><G22/><T41/><D41/><U99/><E16/><V113/><F113/><W42/><REACH who="3" step="1"/><G116/><REACH who="3" ten="225,305,426,34" step="2"/><T30/><D30/><U110/><E110/><V57/><F92/><AGARI ba="2,1" hai="13,15,55,58,62,83,86,88,90,92,99,128,129,131" machi="92" ten="40,2600,0" yaku="19,1,54,1" doraHai="61" who="1" fromWho="2" sc="225,0,305,42,426,-32,34,0" /><INIT seed="3,0,0,4,3,75" ten="225,347,394,34" oya="3" hai0="3,57,112,41,32,9,80,110,71,88,82,10,90" hai1="111,17,54,39,56,36,53,34,66,31,62,125,133" hai2="106,128,49,129,118,16,6,61,0,99,1,100,12" hai3="105,78,55,135,15,103,127,21,81,63,65,84,92"/><W20/><G127/><T38/><D71/><U87/><E125/><V4/><F118/><W117/><G135/><T131/><D32/><U25/><E133/><V86/><F86/><W43/><G117/><T72/><D110/><U46/><E111/><V19/><F19/><W69/><G43/><T109/><D109/><U101/><E101/><V50/><F61/><W104/><G55/><T74/><D131/><N who="2" m="50250" /><F1/><W89/><G103/><T122/><D57/><U51/><E17/><V27/><F27/><W35/><G35/><T70/><D70/><U130/><E130/><V13/><F13/><W98/><REACH who="3" step="1"/><G15/><REACH who="3" ten="225,347,394,24" step="2"/><T40/><D40/><U107/><E54/><V23/><F0/><W76/><G76/><T5/><D41/><U116/><E116/><V94/><F106/><AGARI ba="0,1" hai="20,21,63,65,69,78,81,84,89,92,98,104,105,106" machi="106" ten="40,3900,0" yaku="1,1,52,1,53,0" doraHai="75" doraHaiUra="42" who="3" fromWho="2" sc="225,0,347,0,394,-39,24,49" /><INIT seed="3,1,0,5,2,85" ten="225,347,355,73" oya="3" hai0="68,1,82,110,117,103,23,134,72,41,63,32,59" hai1="104,118,18,126,64,46,129,114,115,90,81,124,113" hai2="133,21,45,97,60,30,71,65,52,58,49,53,62" hai3="91,127,48,57,77,8,3,131,76,98,47,28,15"/><W67/><G3/><T119/><D134/><U22/><E104/><V128/><F128/><W86/><G127/><N who="1" m="48682" /><E129/><V10/><F133/><W102/><G28/><T109/><D23/><U44/><E64/><V74/><F74/><W122/><G122/><T31/><D31/><U61/><E61/><V108/><F108/><W100/><G131/><T94/><D94/><U105/><E105/><V20/><F30/><W99/><G57/><T27/><D103/><N who="3" m="39465" /><G67/><T13/><D59/><U42/><E118/><V33/><F33/><W40/><G76/><T34/><D34/><U69/><E69/><V35/><F35/><W111/><G77/><T125/><D1/><U37/><E46/><V17/><F97/><W132/><G111/><T0/><D27/><N who="1" m="14807" /><E90/><V25/><F25/><W88/><G132/><T36/><D82/><AGARI ba="1,0" hai="37,42,44,81,82,113,114,115" m="14807,48682" machi="82" ten="40,1300,0" yaku="18,1" doraHai="85" who="1" fromWho="0" sc="225,-16,347,16,355,0,73,0" owari="209,-19.1,363,46.3,355,15.5,73,-42.7" /></mjloggm>