<mjloggm ver="2.3"><GO type="225" lobby="0"/><UN n0="%E5%8F%AF%E5%85%90%E9%82%A3%E7%94%B1%E5%A4%9A" n1="%E3%83%A9%E3%82%B9%E7%8E%87%EF%BC%93%E5%89%B2" n2="%43%68%65" n3="%E3%81%82%E3%81%B9%E3%81%99%E3%81%91" dan="16,16,16,16" rate="2219.10,2156.05,2174.23,2092.63" sx="F,F,M,M"/><TAIKYOKU oya="0"/><INIT seed="0,0,0,4,4,51" ten="250,250,250,250" oya="0" hai0="45,33,55,75,4,100,124,133,106,41,132,35,15" hai1="0,19,61,115,38,22,39,72,30,59,88,40,60" hai2="80,31,17,77,43,50,121,56,87,107,1,128,90" hai3="134,64,117,48,79,37,28,99,34,116,67,113,65"/><T127/><D75/><U10/><E72/><V129/><F121/><W84/><G113/><T32/><D100/><U119/><E119/><V8/><F107/><W73/><G73/><T105/><D4/><U76/><E115/><V101/><F101/><W27/><G37/><N who="0" m="21679" /><D15/><U110/><E76/><V49/><F31/><W6/><G6/><T135/><D55/><U3/><E61/><V63/><F77/><W16/><G134/><T95/><D95/><U36/><E40/><V70/><F70/><W12/><G99/><T81/><D81/><U131/><E10/><V21/><F8/><W103/><G103/><T85/><D85/><U58/><E58/><V71/><F71/><W130/><G130/><N who="2" m="50281" /><F43/><W20/><REACH who="3" step="1"/><G48/><REACH who="3" ten="250,250,250,240" step="2"/><T83/><D83/><AGARI ba="0,1" hai="12,16,20,27,28,34,64,65,67,79,83,84,116,117" machi="83" ten="40,5200,0" yaku="1,1,2,1,54,1,53,0" doraHai="51" doraHaiUra="109" who="3" fromWho="0" sc="250,-52,250,0,250,0,240,62" /><INIT seed="1,0,0,4,4,53" ten="198,250,250,302" oya="1" hai0="120,95,10,41,46,0,70,109,49,66,107,32,62" hai1="54,111,67,65,126,80,4,128,3,29,59,94,13" hai2="116,24,99,117,26,105,119,82,133,23,106,102,21" hai3="22,25,123,110,19,103,44,87,125,75,38,130,114"/><U93/><E128/><V77/><F133/><W73/><G114/><T43/><D107/><U45/><E126/><V64/><F106/><W104/><G123/><T98/><D32/><U42/><E3/><V122/><F122/><W60/><G110/><T112/><D120/><U47/><E29/><V97/><F97/><W39/><G130/><T68/><D109/><U74/><E111/><V35/><F64/><N who="1" m="24649" /><E80/><V83/><F35/><W40/><G39/><T76/><D112/><U33/><E74/><V91/><F91/><W72/><G60/><T84/><D43/><U8/><E33/><V18/><REACH who="2" step="1"/><F77/><REACH who="2" ten="198,250,240,302" step="2"/><W27/><G125/><T127/><D127/><U100/><E100/><V69/><F69/><W134/><G104/><T11/><D70/><U101/><E101/><V50/><F50/><W37/><G103/><T55/><D76/><U86/><E94/><V63/><F63/><W121/><G121/><T90/><D98/><U88/><E42/><V52/><F52/><W85/><G40/><T118/><D118/><U48/><AGARI ba="0,1" hai="4,8,13,45,47,48,54,59,86,88,93" m="24649" machi="48" ten="30,6000,0" yaku="8,1,52,1,54,1" doraHai="53" who="1" fromWho="1" sc="198,-20,250,70,240,-20,302,-20" /><INIT seed="1,1,0,4,0,27" ten="178,320,220,282" oya="1" hai0="70,38,64,57,128,119,93,15,97,12,21,66,123" hai1="100,131,24,113,104,40,47,17,33,105,110,25,60" hai2="87,54,3,10,88,6,16,122,53,4,55,68,133" hai3="42,46,90,99,71,79,19,94,69,52,125,135,120"/><U132/><E113/><V77/><F122/><W1/><G120/><T39/><D123/><U109/><E131/><V26/><F133/><W74/><G1/><T32/><D32/><U82/><E132/><V14/><F68/><W95/><G135/><T107/><D107/><U30/><E100/><V0/><F77/><W129/><G129/><T130/><D119/><U81/><E60/><V65/><F65/><W43/><G125/><T73/><D73/><U61/><E61/><V75/><F75/><W56/><G71/><T102/><D70/><U37/><E25/><V59/><F59/><W8/><G46/><T41/><D128/><U118/><E17/><V83/><F6/><W76/><G95/><T72/><D72/><U62/><E62/><V11/><REACH who="2" step="1"/><F26/><REACH who="2" ten="178,320,210,282" step="2"/><W28/><G79/><T117/><D130/><U85/><E118/><V48/><F48/><N who="3" m="30727" /><G76/><T80/><D57/><U112/><E112/><V13/><AGARI ba="1,1" hai="0,3,4,10,11,13,14,16,53,54,55,83,87,88" machi="13" ten="30,8000,1" yaku="1,1,0,1,54,2,53,1" doraHai="27" doraHaiUra="78" who="2" fromWho="2" sc="178,-21,320,-41,210,93,282,-21" /><INIT seed="2,0,0,3,1,134" ten="157,279,303,261" oya="2" hai0="34,130,41,109,53,5,73,81,119,112,135,13,98" hai1="14,75,48,15,28,57,87,33,42,23,3,47,106" hai2="129,103,118,60,38,85,20,54,122,132,8,124,35" hai3="91,9,45,63,100,37,17,90,93,110,84,6,44"/><V117/><F122/><W61/><G110/><T125/><D53/><U72/><E106/><V31/><F35/><W126/><G126/><T36/><D98/><U88/><E3/><V70/><F38/><W108/><G108/><T94/><D94/><U46/><E33/><V69/><F103/><W92/><G100/><T64/><D81/><U29/><E57/><N who="2" m="34871" /><F8/><W68/><G68/><N who="2" m="26217" /><F85/><W22/><G37/><T55/><D55/><U105/><E105/><V59/><F59/><W71/><G71/><T120/><D64/><U62/><E62/><N who="3" m="23562" /><G9/><T95/><D36/><U16/><E47/><V10/><F10/><W32/><G6/><T79/><D73/><U78/><E78/><V115/><F115/><W82/><G32/><T131/><D79/><U66/><E66/><V49/><F49/><W24/><G82/><T2/><D109/><U121/><E121/><V83/><F83/><W51/><G51/><T39/><D39/><U86/><E86/><AGARI ba="0,0" hai="17,22,24,44,45,84,86,90,91,92,93" m="23562" machi="86" ten="30,1000,0" yaku="8,1" doraHai="134" who="3" fromWho="1" sc="157,0,279,-10,303,0,261,10" /><INIT seed="3,0,0,5,4,41" ten="157,269,303,271" oya="3" hai0="17,5,27,65,77,79,57,127,22,16,9,3,98" hai1="94,66,58,21,130,11,109,99,63,80,39,87,120" hai2="115,119,23,6,88,100,61,105,30,49,92,54,116" hai3="52,113,12,31,75,84,76,124,42,81,103,132,25"/><W20/><G113/><T26/><D127/><U91/><E120/><V74/><F115/><W89/><G124/><T95/><D65/><U131/><E39/><V70/><F74/><W104/><G132/><T35/><D57/><U45/><E109/><V73/><F73/><W134/><G134/><T29/><REACH who="0" step="1"/><D17/><REACH who="0" ten="147,269,303,271" step="2"/><U129/><E58/><V34/><F70/><W68/><G68/><T85/><D85/><U133/><E66/><V1/><F119/><W126/><G126/><T135/><D135/><U118/><E133/><V111/><F116/><W122/><G84/><T36/><D36/><U47/><E118/><V10/><F61/><W112/><G75/><T8/><D8/><U14/><E63/><V125/><F125/><W56/><G56/><T96/><D96/><U83/><E21/><V110/><F110/><W46/><G20/><T106/><D106/><U59/><E59/><V86/><F111/><W102/><G104/><T7/><D7/><N who="1" m="3455" /><E83/><V107/><F23/><W2/><G81/><T44/><D44/><U101/><AGARI ba="0,1" hai="45,47,80,87,91,94,99,101,129,130,131" m="3455" machi="101" ten="30,4000,0" yaku="19,1,52,2" doraHai="41" who="1" fromWho="1" sc="147,-10,269,50,303,-10,271,-20" owari="137,-36.3,319,41.9,293,9.3,251,-14.9" /></mjloggm>