<mjloggm ver="2.3"><GO type="225" lobby="0"/><UN n0="%E3%81%BF%E3%81%BF%E3%81%9A" n1="%6D%75%75%73%61%6E%6D%75" n2="%E3%81%92%E3%81%A3%E3%81%A1" n3="%E4%BF%BA%E3%81%A8%E5%A6%96%E5%A4%A2" dan="17,16,17,17" rate="2272.99,2098.72,2232.77,2178.90" sx="M,F,M,F"/><TAIKYOKU oya="0"/><INIT seed="0,0,0,2,3,73" ten="250,250,250,250" oya="0" hai0="0,86,38,118,97,52,23,2,115,40,65,95,32" hai1="108,62,27,46,70,133,11,135,64,113,37,61,88" hai2="1,103,85,76,58,100,74,20,92,111,83,15,101" hai3="128,29,117,57,7,132,16,123,44,10,127,80,51"/><T63/><D32/><U78/><E108/><V60/><F1/><W31/><G117/><T8/><D115/><U120/><E120/><V129/><F111/><W17/><G123/><T90/><D118/><U45/><E113/><V35/><F35/><W55/><G132/><N who="1" m="50762" /><E37/><V67/><F129/><W12/><G128/><T28/><D8/><U131/><E131/><V116/><F116/><W134/><G134/><T59/><D38/><U47/><E27/><V24/><F15/><W25/><G127/><T41/><D0/><U79/><E11/><V122/><F122/><W109/><G109/><T53/><D2/><U14/><E14/><V96/><REACH who="2" step="1"/><F74/><REACH who="2" ten="250,250,240,250" step="2"/><W119/><G119/><T19/><D28/><AGARI ba="0,1" hai="20,24,28,58,60,67,76,83,85,92,96,100,101,103" machi="28" ten="30,12000,2" yaku="1,1,2,1,7,1,25,2,8,1,52,1,53,0" doraHai="73" doraHaiUra="112" who="2" fromWho="0" sc="250,-120,250,0,240,130,250,0" /><INIT seed="1,0,0,4,3,82" ten="130,250,370,250" oya="1" hai0="64,117,0,77,9,76,95,8,23,68,29,92,6" hai1="43,80,5,12,25,45,125,84,73,120,20,101,75" hai2="14,47,99,24,66,103,109,17,3,130,36,118,61" hai3="132,116,51,40,52,94,86,105,70,111,22,127,72"/><U133/><E120/><V58/><F3/><W102/><G72/><T56/><D117/><U27/><E125/><V81/><F118/><W54/><G105/><T16/><D68/><U38/><E133/><V65/><F109/><W62/><G111/><T39/><D39/><U60/><E101/><V135/><F130/><W32/><G32/><T85/><D29/><U124/><E124/><V10/><F135/><W74/><G74/><T93/><D8/><U91/><E60/><V96/><F24/><W4/><G4/><T18/><D18/><U128/><E128/><V41/><F81/><W63/><G102/><T129/><D129/><U53/><E27/><V33/><F33/><W31/><G70/><T131/><D131/><U106/><E53/><N who="3" m="20586" /><G127/><T21/><D21/><U55/><E106/><V19/><F66/><W48/><G48/><T114/><D114/><U115/><E115/><V107/><F99/><W2/><G2/><T134/><D134/><U126/><E126/><V83/><F83/><W79/><G79/><T46/><D46/><U100/><E100/><V69/><F69/><W108/><G108/><T28/><D28/><U30/><REACH who="1" step="1"/><E55/><REACH who="1" ten="130,240,370,250" step="2"/><V110/><F110/><W121/><G121/><T98/><D98/><U97/><E97/><V113/><F113/><W11/><G132/><T15/><REACH who="0" step="1"/><D85/><REACH who="0" ten="120,240,370,250" step="2"/><U123/><E123/><V44/><F96/><W89/><G116/><T26/><D26/><U122/><E122/><V112/><F112/><W87/><G87/><T1/><D1/><U67/><E67/><V13/><F65/><W71/><G86/><T50/><D50/><RYUUKYOKU ba="0,2" sc="120,15,240,15,370,-15,250,-15" hai0="0,6,9,15,16,23,56,64,76,77,92,93,95" hai1="5,12,20,25,30,38,43,45,73,75,80,84,91" /><INIT seed="1,1,2,4,0,72" ten="135,255,355,235" oya="1" hai0="98,20,83,60,45,135,134,59,96,66,102,92,58" hai1="51,48,78,95,6,26,41,99,12,84,74,65,36" hai2="97,31,21,38,9,25,16,49,79,52,88,67,77" hai3="80,128,85,112,29,90,107,101,17,57,15,113,133"/><U104/><E104/><V114/><F38/><W13/><G133/><T61/><D45/><U30/><E74/><V18/><F67/><W93/><G128/><T68/><D68/><U110/><E36/><V46/><F114/><W2/><G2/><T129/><D129/><U118/><E118/><V47/><F47/><W122/><G122/><T87/><D98/><U11/><E65/><V56/><F46/><W8/><G107/><T62/><D20/><N who="1" m="15687" /><E110/><V37/><F37/><W35/><G35/><T89/><REACH who="0" step="1"/><D66/><REACH who="0" ten="125,255,355,235" step="2"/><U14/><E41/><V70/><F70/><W94/><G113/><T126/><D126/><U117/><E117/><V7/><F31/><W130/><G29/><T86/><D86/><U5/><E99/><V40/><F40/><W39/><G112/><T100/><D100/><U32/><E32/><V64/><F64/><W22/><G101/><T43/><D43/><U50/><E84/><V44/><F44/><W34/><G130/><T3/><D3/><U115/><E115/><V124/><F124/><W120/><G39/><T108/><D108/><U81/><E14/><N who="2" m="7247" /><F7/><N who="3" m="3231" /><G34/><T75/><D75/><U73/><E6/><V19/><F19/><W91/><G120/><T1/><D1/><U53/><E73/><V119/><F119/><W63/><G17/><T42/><D42/><U27/><E5/><V125/><F125/><W23/><G23/><T132/><BYE who="3" /><AGARI ba="1,3" hai="58,59,60,61,62,83,87,89,92,96,102,132,134,135" machi="132" ten="40,5200,0" yaku="1,1,0,1,20,1,53,0" doraHai="72" doraHaiUra="71" who="0" fromWho="0" sc="125,85,255,-27,355,-14,235,-14" /><INIT seed="2,0,0,0,4,135" ten="210,228,341,221" oya="2" hai0="29,7,79,106,102,96,83,27,46,91,92,39,98" hai1="54,123,103,53,81,85,82,59,74,0,4,19,1" hai2="111,14,128,51,65,99,132,47,94,52,67,63,41" hai3="100,21,25,115,110,57,70,77,44,34,120,62,56"/><V11/><F128/><W86/><G86/><T49/><D7/><U116/><E116/><V121/><F121/><W37/><G37/><T42/><D39/><U73/><E123/><V33/><F33/><W76/><G76/><T23/><D79/><U112/><E112/><V119/><F119/><W5/><G5/><T48/><D83/><U107/><E107/><V66/><F111/><W95/><G95/><T20/><REACH who="0" step="1"/><D49/><REACH who="0" ten="200,228,341,221" step="2"/><UN n3="%E4%BF%BA%E3%81%A8%E5%A6%96%E5%A4%A2" /><U75/><E81/><V131/><F131/><W40/><G77/><T113/><D113/><U6/><E6/><V61/><F132/><W10/><G115/><T15/><D15/><U30/><E4/><V31/><F14/><W129/><G120/><T16/><D16/><U43/><E19/><V133/><F51/><W130/><G110/><T109/><D109/><U55/><E1/><V117/><F133/><W78/><G129/><T114/><D114/><U18/><E0/><V108/><F108/><W84/><G130/><T88/><D88/><U35/><E18/><V26/><F117/><W2/><G78/><T32/><AGARI ba="0,1" hai="20,23,27,29,32,42,46,48,91,92,96,98,102,106" machi="32" ten="20,2700,0" yaku="1,1,0,1,7,1,53,0" doraHai="135" doraHaiUra="71" who="0" fromWho="0" sc="200,37,228,-7,341,-13,221,-7" /><INIT seed="3,0,0,4,1,33" ten="237,221,328,214" oya="3" hai0="2,49,76,43,47,74,19,98,107,81,101,1,106" hai1="99,89,120,71,25,48,42,38,40,134,114,52,32" hai2="66,94,57,44,115,108,16,10,96,64,73,69,11" hai3="128,122,90,41,37,72,110,104,51,56,132,17,111"/><W124/><G72/><T4/><D4/><U68/><E120/><V3/><F115/><W6/><G122/><T82/><D107/><U130/><E114/><V77/><F69/><W60/><G104/><T125/><D125/><U24/><E38/><V131/><F3/><W123/><G123/><T121/><D121/><U102/><E89/><V83/><F108/><N who="3" m="41515" /><G124/><T61/><D19/><U86/><E86/><V118/><F118/><W22/><G132/><T100/><D100/><U129/><E134/><V12/><F131/><N who="1" m="50185" /><E68/><V29/><F29/><W103/><G128/><T80/><D80/><U28/><E25/><V7/><F44/><N who="3" m="23599" /><G103/><T15/><D15/><U65/><E65/><V109/><F109/><W127/><G127/><T79/><D61/><U91/><E91/><V84/><F73/><AGARI ba="0,0" hai="1,2,43,47,49,73,74,76,79,81,82,98,101,106" machi="73" ten="30,7700,0" yaku="7,1,9,1,52,2" doraHai="33" who="0" fromWho="2" sc="237,77,221,0,328,-77,214,0" owari="314,41.4,221,-17.9,251,5.1,214,-28.6" /></mjloggm>