<mjloggm ver="2.3"><GO type="225" lobby="0"/><UN n0="%72%69%6F%75%63%68%61%6E" n1="%72%61%6B%33" n2="%E6%98%93%E5%88%A9%E8%96%A9%E4%BC%AF" n3="%E3%81%86%E3%81%A9%E3%82%93%E3%81%93" dan="16,16,16,16" rate="2230.84,2164.67,2172.00,2148.11" sx="M,M,F,M"/><TAIKYOKU oya="0"/><INIT seed="0,0,0,5,3,82" ten="250,250,250,250" oya="0" hai0="1,91,92,5,97,102,108,47,16,112,68,22,98" hai1="49,77,30,119,73,48,43,32,135,37,113,133,12" hai2="9,8,70,90,103,76,123,63,117,44,52,110,129" hai3="19,130,78,134,120,127,66,85,99,74,101,0,36"/><T4/><D112/><U122/><E113/><V3/><F123/><W18/><G0/><T10/><D68/><U23/><E122/><V107/><F110/><W55/><G120/><T51/><D108/><U2/><E119/><V100/><F76/><W89/><G36/><T14/><D4/><U116/><E2/><V54/><F129/><W61/><G130/><T111/><D111/><U58/><E32/><V88/><F117/><W69/><G134/><T109/><D109/><U128/><E116/><V115/><F3/><W31/><G127/><T53/><REACH who="0" step="1"/><D102/><REACH who="0" ten="240,250,250,250" step="2"/><U83/><E128/><V33/><F70/><W60/><G101/><T87/><AGARI ba="0,1" hai="1,5,10,14,16,22,47,51,53,87,91,92,97,98" machi="87" ten="20,24000,3" yaku="1,1,2,1,0,1,7,1,52,1,54,1,53,2" doraHai="82" doraHaiUra="95" who="0" fromWho="0" sc="240,250,250,-80,250,-80,250,-80" /><INIT seed="0,1,0,0,5,113" ten="490,170,170,170" oya="0" hai0="112,97,39,43,135,101,87,114,99,8,65,59,20" hai1="58,85,7,128,105,4,73,28,3,120,68,15,125" hai2="54,51,88,117,67,66,134,132,50,12,95,72,93" hai3="102,94,30,64,0,29,80,116,131,36,2,119,84"/><T86/><D135/><N who="2" m="51754" /><F72/><W14/><G36/><T49/><D39/><U46/><E73/><V77/><F77/><W9/><G131/><T96/><D101/><U81/><E105/><V126/><F95/><W21/><G64/><T104/><D104/><U6/><E68/><V56/><F126/><W83/><G94/><T100/><D100/><U57/><E3/><N who="3" m="1066" /><G84/><T61/><D8/><U27/><E120/><V133/><N who="2" m="51762" /><V109/><DORA hai="111" /><F109/><W71/><G102/><T103/><D103/><U82/><E128/><V98/><F117/><N who="3" m="45131" /><G83/><T52/><D20/><U42/><E15/><V11/><F51/><W122/><G71/><T48/><D86/><U129/><E125/><V70/><F70/><W78/><G80/><T121/><D121/><U26/><E82/><V107/><F107/><W108/><G78/><T53/><D43/><U74/><E74/><V124/><F124/><W62/><G62/><T33/><D33/><U35/><E129/><V63/><F63/><W76/><G76/><T34/><D34/><U130/><E130/><V31/><F31/><N who="3" m="11787" /><G108/><T5/><D87/><U115/><E85/><V1/><F1/><W106/><G106/><T69/><REACH who="0" step="1"/><D5/><AGARI ba="1,0" hai="5,11,12,50,54,56,66,67,88,93,98" m="51762" machi="5" ten="40,2600,0" yaku="20,1,54,1" doraHai="113,111" who="2" fromWho="0" sc="490,-29,170,0,170,29,170,0" /><INIT seed="1,0,0,3,1,45" ten="461,170,199,170" oya="1" hai0="14,79,24,97,122,53,103,4,64,34,82,39,52" hai1="43,35,37,94,114,59,0,1,78,133,123,20,107" hai2="90,71,57,128,95,110,69,40,83,85,10,75,60" hai3="80,18,74,11,105,102,77,135,5,93,88,29,27"/><U120/><E94/><V58/><F110/><W17/><G135/><T48/><D39/><U86/><E86/><V100/><F128/><W104/><G104/><T28/><D122/><U49/><E107/><V70/><F40/><W127/><G127/><T72/><D64/><U119/><E35/><V84/><F75/><W89/><G89/><T115/><D115/><U130/><E114/><V62/><F10/><W129/><G129/><T51/><D53/><U38/><E130/><V19/><F19/><W125/><G125/><T66/><D66/><U111/><E119/><V41/><F41/><W76/><G76/><T91/><D91/><U87/><E133/><V118/><F118/><W63/><G63/><T42/><D42/><U6/><E20/><V44/><F44/><W132/><G132/><T33/><D33/><U56/><E43/><V30/><F30/><W7/><G7/><T9/><D52/><U46/><E46/><V99/><F58/><W98/><G27/><T117/><D117/><U23/><E87/><V126/><F126/><W32/><G29/><T2/><D2/><U134/><E134/><V21/><F85/><N who="3" m="52367" /><G32/><T73/><D73/><U25/><E78/><V31/><F62/><W67/><G67/><T109/><D109/><U50/><E111/><V131/><F131/><W13/><AGARI ba="0,0" hai="5,11,13,17,18,74,77,80,98,102,105" m="52367" machi="13" ten="30,2000,0" yaku="24,1,54,1" doraHai="45" who="3" fromWho="3" sc="461,-5,170,-10,199,-5,170,20" /><INIT seed="2,0,0,5,5,47" ten="456,160,194,190" oya="2" hai0="61,22,52,80,111,44,9,33,74,115,67,110,68" hai1="76,20,84,78,25,128,15,46,92,77,41,126,86" hai2="4,38,119,109,123,96,73,65,56,108,57,64,45" hai3="55,11,40,12,75,116,82,125,37,32,63,18,59"/><V6/><F119/><W103/><G116/><T16/><D115/><U71/><E71/><V81/><F123/><W85/><G125/><T121/><D33/><U88/><E126/><V8/><F96/><W62/><G32/><T5/><D121/><U30/><E128/><V70/><F6/><W39/><G75/><T13/><D74/><U131/><E131/><V127/><F57/><W36/><G103/><T93/><D80/><U1/><E1/><N who="2" m="15" /><F56/><W87/><G39/><T83/><D83/><U135/><E135/><V118/><F118/><W48/><G63/><T27/><REACH who="0" step="1"/><D93/><REACH who="0" ten="446,160,194,190" step="2"/><U106/><E106/><V105/><F81/><W54/><G85/><T60/><D60/><U122/><E122/><V91/><F73/><W31/><G87/><T58/><D58/><U0/><E84/><V89/><F105/><W120/><G82/><T53/><D53/><U49/><E0/><V112/><F112/><W102/><G120/><T95/><D95/><U66/><E15/><V24/><F127/><W23/><G55/><T132/><D132/><U124/><E124/><V94/><F94/><W133/><G62/><T97/><D97/><U99/><E99/><V134/><F134/><W69/><G133/><T130/><D130/><U50/><REACH who="1" step="1"/><E66/><REACH who="1" ten="446,150,194,190" step="2"/><V19/><F65/><W104/><G104/><T129/><D129/><U21/><E21/><V113/><F64/><W7/><G23/><T29/><D29/><U107/><E107/><V26/><F113/><W2/><G69/><T79/><D79/><U35/><E35/><V90/><F70/><W101/><G2/><T28/><D28/><RYUUKYOKU ba="0,2" sc="446,15,150,15,194,-15,190,-15" hai0="5,9,13,16,22,27,44,52,61,67,68,110,111" hai1="20,25,30,41,46,49,50,76,77,78,86,88,92" /><INIT seed="3,1,2,4,3,52" ten="461,165,179,175" oya="3" hai0="22,100,60,113,38,74,114,5,24,47,14,84,44" hai1="29,125,115,21,26,129,70,71,126,33,69,122,119" hai2="61,97,2,76,135,31,48,124,112,58,111,123,51" hai3="82,4,1,64,40,0,133,98,72,55,93,130,36"/><W118/><G118/><T53/><D74/><U78/><E122/><V87/><F2/><W59/><G130/><T19/><D100/><U57/><E115/><N who="0" m="44041" /><D38/><U25/><E129/><V95/><F112/><W107/><G107/><T73/><D73/><U109/><E119/><V83/><F111/><W9/><G133/><T89/><D60/><U68/><N who="1" m="17408" /><DORA hai="110" /><U39/><E39/><V117/><F124/><N who="1" m="47721" /><E109/><V86/><F135/><W8/><G64/><T67/><D67/><U43/><E57/><V99/><F123/><W32/><G32/><T16/><D5/><U131/><E131/><V75/><F31/><W101/><G8/><N who="0" m="6215" /><D53/><U15/><E15/><V17/><F117/><W42/><G1/><T66/><D66/><U108/><E108/><V91/><F75/><W50/><REACH who="3" step="1"/><G36/><REACH who="3" ten="461,165,179,165" step="2"/><T106/><D106/><U46/><E33/><V79/><F79/><AGARI ba="1,3" hai="0,4,9,40,42,50,55,59,72,79,82,93,98,101" machi="79" ten="40,12000,1" yaku="1,1,2,1,52,1,53,1" doraHai="52,110" doraHaiUra="35,12" who="3" fromWho="2" sc="461,0,165,0,179,-123,165,153" /><INIT seed="3,2,0,3,5,85" ten="461,165,56,318" oya="3" hai0="36,103,51,24,26,129,70,23,76,4,5,10,60" hai1="3,9,20,94,55,25,30,99,78,52,49,101,7" hai2="64,126,93,61,34,15,40,83,95,38,135,113,73" hai3="128,57,79,122,35,89,111,72,109,116,22,106,125"/><W0/><RYUUKYOKU type="yao9" ba="2,0" sc="461,0,165,0,56,0,318,0" hai3="0,22,35,57,72,79,89,106,109,111,116,122,125,128" /><INIT seed="3,3,0,3,2,58" ten="461,165,56,318" oya="3" hai0="13,103,125,23,48,14,25,107,82,77,126,101,110" hai1="118,97,37,61,72,98,87,40,57,10,26,102,86" hai2="117,6,4,96,74,91,111,66,135,39,5,54,17" hai3="120,134,28,85,122,114,112,20,68,90,71,108,124"/><W133/><G20/><T49/><D110/><U36/><E118/><V2/><F117/><W128/><G28/><N who="0" m="17471" /><D48/><U83/><E72/><V89/><F2/><W100/><G108/><T88/><D88/><U29/><E10/><V113/><F111/><W38/><G100/><N who="0" m="38475" /><D49/><U95/><E98/><V41/><F135/><N who="3" m="51723" /><G38/><T15/><D107/><U62/><E57/><V44/><F113/><N who="3" m="43627" /><G128/><T56/><D56/><U0/><E0/><V33/><F33/><W32/><G32/><T52/><D52/><U46/><E37/><V64/><F54/><W31/><G31/><T45/><D45/><U60/><REACH who="1" step="1"/><E83/><REACH who="1" ten="461,155,56,318" step="2"/><V84/><F39/><W16/><G124/><N who="0" m="47723" /><D13/><U69/><E69/><N who="3" m="26698" /><G16/><T7/><D7/><U80/><E80/><AGARI ba="3,1" hai="80,85,90,120,122" m="26698,43627,51723" machi="80" ten="40,2000,0" yaku="20,1" doraHai="58" who="3" fromWho="1" sc="461,0,155,-29,56,0,318,39" /><INIT seed="3,4,0,2,4,51" ten="461,126,56,357" oya="3" hai0="125,87,50,97,10,132,78,130,111,101,113,25,38" hai1="124,106,53,19,83,32,57,76,45,96,4,36,66" hai2="70,59,8,108,95,31,126,120,7,135,100,13,84" hai3="92,22,105,79,117,67,89,103,23,114,94,44,56"/><W63/><G114/><T74/><D111/><U12/><E32/><V46/><F108/><W24/><G117/><T20/><D38/><U34/><E34/><V11/><F126/><W16/><G79/><T29/><D74/><U104/><E124/><V131/><F135/><W35/><G35/><T109/><D109/><U39/><E4/><V55/><F131/><W107/><G103/><T41/><D125/><U64/><E64/><V115/><F115/><W3/><G3/><T133/><D113/><U68/><E66/><V17/><F120/><W0/><G0/><T43/><D130/><U47/><E68/><V21/><F70/><W73/><G73/><T37/><D37/><U88/><E39/><V2/><F46/><W26/><G44/><T42/><D10/><U129/><E129/><V49/><F100/><W121/><G121/><T18/><D50/><N who="1" m="30903" /><E106/><V65/><F65/><W33/><G33/><T6/><D6/><U118/><E104/><V116/><F116/><W27/><G92/><N who="0" m="58535" /><D133/><U75/><E75/><V119/><F119/><W71/><G71/><T102/><D132/><U127/><E127/><V60/><F11/><W82/><G82/><N who="0" m="47575" /><D102/><U62/><E118/><V30/><F60/><W5/><G5/><T93/><D93/><N who="1" m="56359" /><E62/><V81/><F81/><W69/><G69/><T128/><D128/><U15/><E36/><V58/><F58/><W80/><G80/><T72/><D72/><U91/><E76/><V122/><F122/><W99/><REACH who="3" step="1"/><G23/><REACH who="3" ten="461,126,56,347" step="2"/><T9/><D9/><N who="1" m="6543" /><E83/><V28/><F95/><W134/><G134/><T1/><D1/><U14/><E91/><RYUUKYOKU ba="4,1" sc="461,0,126,0,56,0,347,0" hai0="18,20,25,29,41,42,43" hai1="14,15,45,47" hai2="2,7,8,13,17,21,28,30,31,49,55,59,84" hai3="16,22,24,26,27,56,63,67,89,94,99,105,107" /><INIT seed="3,5,1,5,3,119" ten="461,126,56,347" oya="3" hai0="102,116,55,65,120,63,11,45,132,1,110,36,82" hai1="60,127,86,88,68,48,10,43,113,24,78,18,14" hai2="51,3,99,59,8,90,25,44,114,72,50,85,2" hai3="58,130,7,122,57,16,56,76,28,61,125,0,4"/><W126/><G122/><T13/><D116/><U73/><E113/><V107/><F72/><W118/><G118/><T32/><D110/><U84/><E73/><V35/><F114/><W40/><G28/><T71/><D32/><U97/><E127/><N who="3" m="48650" /><G76/><T134/><D1/><U67/><E78/><V47/><F59/><N who="3" m="22603" /><G0/><T128/><D128/><U106/><E24/><V42/><F8/><W101/><G130/><T41/><D120/><U19/><E19/><V9/><F9/><W38/><G101/><T34/><D34/><U123/><E123/><V94/><F107/><W100/><G100/><T69/><D71/><U53/><E43/><V92/><F35/><W74/><G74/><T104/><D55/><U108/><E108/><V37/><F37/><W12/><G40/><T103/><D82/><U23/><E106/><V66/><F66/><N who="3" m="39223" /><G38/><T29/><D29/><U26/><E26/><V62/><F25/><W96/><G96/><T124/><D124/><U27/><E97/><V115/><F115/><W129/><G129/><T31/><D31/><U80/><E86/><V117/><F117/><W22/><AGARI ba="5,1" hai="4,7,12,16,22" m="39223,22603,48650" machi="22" ten="30,3000,0" yaku="18,1,54,1" doraHai="119" who="3" fromWho="3" sc="461,-15,126,-15,56,-15,347,55" /><INIT seed="3,6,0,1,1,27" ten="446,111,41,402" oya="3" hai0="62,45,135,83,134,61,97,114,16,87,35,117,57" hai1="100,51,107,0,84,93,66,40,116,8,72,120,89" hai2="94,41,122,28,131,54,103,91,111,5,113,78,118" hai3="88,20,22,7,104,108,110,37,32,99,80,125,71"/><W24/><G125/><T121/><D114/><U119/><E120/><V44/><F113/><W74/><G37/><T3/><D121/><U73/><E66/><V10/><F122/><W46/><G71/><T60/><D35/><U2/><E100/><V65/><F111/><N who="3" m="42539" /><G7/><T129/><D3/><U33/><E107/><V14/><F131/><W4/><G4/><T109/><D109/><U21/><E33/><V127/><F127/><W23/><G46/><T132/><D129/><U6/><E0/><V36/><F118/><N who="1" m="45097" /><E21/><N who="3" m="8298" /><G32/><T133/><D117/><U82/><E82/><V59/><F78/><N who="3" m="44119" /><G104/><T31/><D31/><U101/><E101/><V96/><F65/><W106/><G106/><T50/><N who="0" m="33792" /><DORA hai="79" /><T25/><D97/><U38/><E38/><V67/><F67/><W123/><G123/><T63/><D16/><U102/><E102/><V56/><F103/><W58/><G58/><T34/><D34/><U15/><E2/><V85/><F96/><W13/><G13/><T55/><D25/><U26/><E26/><V52/><REACH who="2" step="1"/><F28/><REACH who="2" ten="446,111,31,402" step="2"/><N who="3" m="17439" /><G99/><T128/><D128/><U29/><E29/><V77/><F77/><W69/><G69/><T68/><D68/><U70/><E70/><V112/><F112/><W64/><G64/><N who="0" m="38927" /><D87/><U9/><E73/><V81/><F81/><AGARI ba="6,1" hai="45,50,55,61,62,63,81,83" m="38927,33792" machi="81" ten="60,7700,0" yaku="20,1,52,2" doraHai="27,79" who="0" fromWho="2" sc="446,105,111,0,31,-95,402,0" owari="551,65.1,111,-28.9,-64,-56.4,402,20.2" /></mjloggm>