<mjloggm ver="2.3"><GO type="225" lobby="0"/><UN n0="%E3%81%8F%E3%82%8A%E3%83%94%E3%83%BC" n1="%E7%9C%9F%E4%B8%80" n2="%4E%49%4A%49%49%52%4F" n3="%E3%81%95%E3%81%8D%E3%81%9F%E3%81%BE%E6%9E%97%E6%AA%8E" dan="16,16,16,16" rate="2115.94,2168.39,2161.82,2160.62" sx="M,M,M,M"/><TAIKYOKU oya="0"/><INIT seed="0,0,0,5,5,67" ten="250,250,250,250" oya="0" hai0="119,8,120,33,91,37,41,70,66,111,59,85,80" hai1="44,25,122,126,42,65,83,115,69,56,50,116,53" hai2="16,128,29,130,4,13,57,87,76,88,39,24,0" hai3="123,35,68,108,36,58,22,63,49,134,89,106,12"/><T135/><D119/><U71/><E116/><V99/><F39/><W110/><G36/><T60/><D120/><U75/><E122/><V9/><F76/><W7/><G35/><T113/><D113/><U105/><E105/><V114/><F114/><W93/><G106/><T11/><D135/><U21/><E115/><V17/><F99/><W62/><G134/><T10/><D33/><U86/><E75/><V46/><F46/><W28/><G28/><T40/><D111/><U61/><E42/><V98/><F98/><W47/><G123/><T117/><D117/><U31/><REACH who="1" step="1"/><E126/><REACH who="1" ten="250,240,250,250" step="2"/><V15/><F130/><W48/><G110/><T94/><D37/><U90/><AGARI ba="0,1" hai="21,25,31,44,50,53,56,61,65,69,71,83,86,90" machi="90" ten="20,12000,2" yaku="1,1,2,1,0,1,7,1,52,2,53,0" doraHai="67" doraHaiUra="97" who="1" fromWho="1" sc="250,-60,240,130,250,-30,250,-30" /><INIT seed="1,0,0,5,3,56" ten="190,370,220,220" oya="1" hai0="54,8,52,49,79,112,34,31,122,130,62,53,121" hai1="90,17,11,64,16,80,93,21,105,51,30,26,1" hai2="24,97,55,132,65,10,99,107,9,86,50,98,87" hai3="35,15,101,103,82,37,69,85,47,68,108,123,60"/><U96/><E105/><V46/><F132/><W0/><G108/><T71/><D112/><U20/><E64/><V4/><F107/><W29/><G0/><T48/><D79/><U125/><E125/><V39/><F39/><W109/><G109/><T113/><D113/><U95/><E80/><V2/><F10/><W111/><G111/><T102/><D102/><U94/><E51/><N who="0" m="19529" /><D8/><U45/><E45/><V33/><REACH who="2" step="1"/><F65/><REACH who="2" ten="190,370,210,220" step="2"/><W74/><G37/><T78/><D122/><U27/><E1/><V23/><F23/><W58/><G123/><T115/><D115/><U38/><E38/><V36/><F36/><W13/><G35/><T110/><D121/><U12/><AGARI ba="0,1" hai="11,12,16,17,20,21,26,27,30,90,93,94,95,96" machi="12" ten="30,6000,0" yaku="0,1,8,1,54,1" doraHai="56" who="1" fromWho="1" sc="190,-20,370,70,210,-20,220,-20" /><INIT seed="1,1,0,3,1,56" ten="170,440,190,200" oya="1" hai0="81,46,0,54,107,59,60,17,38,74,57,26,111" hai1="105,75,80,72,27,95,66,4,103,110,31,127,16" hai2="133,39,91,63,132,116,18,42,134,108,34,13,79" hai3="135,6,113,86,2,65,1,77,102,64,94,15,49"/><U24/><E105/><V100/><F34/><W53/><G135/><T122/><D107/><U84/><E4/><V45/><F108/><W25/><G113/><T55/><D0/><U35/><E127/><V124/><F124/><W14/><G102/><T58/><D111/><U82/><E82/><V61/><F100/><W52/><G25/><T99/><D122/><U115/><E115/><V117/><F91/><W8/><G1/><T106/><D106/><U78/><E110/><V50/><F79/><W48/><G2/><T47/><D38/><U3/><E3/><V89/><F89/><N who="3" m="53559" /><G15/><T76/><D99/><U40/><E40/><V28/><F28/><W68/><G68/><T20/><REACH who="0" step="1"/><D58/><REACH who="0" ten="160,440,190,200" step="2"/><U114/><E114/><V93/><F39/><W104/><G104/><T41/><D41/><U125/><E125/><V62/><REACH who="2" step="1"/><F93/><REACH who="2" ten="160,440,180,200" step="2"/><W7/><G77/><T70/><D70/><U126/><E95/><V33/><F33/><W85/><G85/><T22/><D22/><AGARI ba="1,2" hai="13,18,22,42,45,50,61,62,63,116,117,132,133,134" machi="22" ten="50,8000,1" yaku="1,1,20,1,52,3,53,0" doraHai="56" doraHaiUra="21" who="2" fromWho="0" sc="160,-83,440,0,180,103,200,0" /><INIT seed="2,0,0,1,0,65" ten="77,440,283,200" oya="2" hai0="29,85,51,40,135,69,35,18,77,10,83,28,49" hai1="0,68,6,127,92,2,16,62,105,66,108,48,128" hai2="19,91,46,115,93,87,21,123,67,107,11,118,42" hai3="64,31,98,44,71,111,61,80,113,53,20,25,86"/><V72/><F123/><W76/><G111/><T103/><D35/><U125/><E108/><V15/><F118/><W79/><G113/><T120/><D120/><U82/><E105/><V59/><F115/><W55/><G79/><T102/><D135/><U95/><E128/><V109/><F107/><W116/><G116/><T56/><D69/><U104/><E104/><V60/><F109/><W117/><G117/><T57/><D10/><U63/><E48/><N who="0" m="18505" /><D18/><U38/><E38/><V97/><F72/><W133/><G133/><T34/><D40/><U4/><E82/><V23/><REACH who="2" step="1"/><F97/><REACH who="2" ten="77,440,273,200" step="2"/><W84/><G98/><T9/><D34/><U119/><E119/><V122/><F122/><W94/><G86/><T27/><D85/><U33/><E33/><V32/><F32/><W17/><G44/><T99/><D99/><U45/><E127/><V106/><F106/><W101/><G94/><T12/><D83/><U7/><E95/><V124/><F124/><W13/><G101/><T58/><D103/><U121/><E92/><V130/><F130/><W36/><G36/><AGARI ba="0,1" hai="11,15,19,21,23,36,42,46,59,60,67,87,91,93" machi="36" ten="30,5800,0" yaku="1,1,7,1,53,1" doraHai="65" doraHaiUra="14" who="2" fromWho="3" sc="77,0,440,0,273,68,200,-58" /><INIT seed="2,1,0,4,0,12" ten="77,440,341,142" oya="2" hai0="108,129,98,97,116,58,74,123,57,78,134,38,54" hai1="37,11,109,3,33,2,121,93,39,64,127,44,75" hai2="46,131,56,83,5,79,27,25,128,48,59,120,135" hai3="28,18,63,14,15,100,26,133,89,110,105,104,17"/><V107/><F120/><W0/><G0/><T102/><D123/><U67/><E33/><V124/><F107/><W88/><G100/><T21/><D38/><U40/><E93/><V111/><F111/><W106/><G110/><T23/><D134/><U87/><E87/><V20/><F5/><W51/><G133/><T71/><D71/><U43/><E11/><V13/><F13/><N who="3" m="4619" /><G51/><T130/><D108/><U31/><E31/><V61/><F124/><W115/><G63/><T125/><D125/><U95/><E95/><V82/><F27/><W16/><G115/><T53/><D102/><U76/><E109/><V81/><F79/><W8/><G8/><T96/><D78/><U36/><E36/><V52/><F135/><W85/><G85/><T72/><REACH who="0" step="1"/><D97/><REACH who="0" ten="67,440,341,142" step="2"/><U1/><E127/><V69/><F69/><W34/><G89/><T103/><D103/><U41/><E121/><V122/><F122/><W101/><G88/><T126/><D126/><U91/><E91/><V118/><F118/><AGARI ba="1,1" hai="21,23,53,54,57,58,72,74,96,98,116,118,129,130" machi="118" ten="25,3200,0" yaku="1,1,22,2,53,0" doraHai="12" doraHaiUra="66" who="0" fromWho="2" sc="67,45,440,0,341,-35,142,0" /><INIT seed="3,0,0,3,5,16" ten="112,440,306,142" oya="3" hai0="95,86,108,49,120,110,50,5,15,10,78,17,80" hai1="60,131,102,93,9,28,107,29,90,113,55,104,92" hai2="132,89,129,4,74,88,85,26,121,82,81,117,47" hai3="101,12,33,130,40,27,109,134,79,35,103,23,71"/><W2/><G71/><T51/><D120/><U98/><E131/><V135/><F121/><W127/><G2/><T61/><D61/><U133/><E133/><V64/><F129/><W59/><G130/><T20/><REACH who="0" step="1"/><D95/><REACH who="0" ten="102,440,306,142" step="2"/><U37/><E93/><V0/><F135/><W76/><G134/><T122/><D122/><U46/><E9/><V106/><F132/><W87/><G127/><T31/><D31/><U72/><E46/><V65/><F47/><W52/><G40/><T32/><D32/><U43/><E90/><V54/><F106/><W11/><G35/><T100/><D100/><N who="3" m="38473" /><G33/><T70/><D70/><U1/><E98/><V19/><F117/><W96/><G96/><T111/><D111/><U38/><E113/><V114/><F114/><W68/><G68/><T34/><D34/><U39/><E38/><V83/><F0/><W42/><G42/><T14/><AGARI ba="0,1" hai="5,10,14,15,17,20,49,50,51,78,80,86,108,110" machi="14" ten="30,4000,0" yaku="1,1,0,1,52,1,53,0" doraHai="16" doraHaiUra="116" who="0" fromWho="0" sc="102,50,440,-10,306,-10,142,-20" owari="152,-24.8,430,53.0,296,9.6,122,-37.8" /></mjloggm>