<mjloggm ver="2.3"><GO type="225" lobby="0"/><UN n0="%E7%89%B9%E6%9D%B1%E3%81%AF%E4%B8%96%E7%95%8C%E3%82%92%E6%95%91%E3%81%86" n1="%61%6D%65%6B%69" n2="%E6%98%BC%E4%B8%8B%E3%81%8C%E3%82%8A%E3%81%AE%E5%9B%A3%E5%9C%B0%E5%A6%BB" n3="%E2%98%86%E5%AD%AB%E7%87%95%E5%A7%BF%E2%98%86" dan="16,16,16,16" rate="2162.61,2069.48,2160.34,2181.32" sx="M,M,F,M"/><TAIKYOKU oya="0"/><INIT seed="0,0,0,5,0,34" ten="250,250,250,250" oya="0" hai0="21,67,132,36,70,1,37,57,65,98,38,7,4" hai1="5,28,54,22,93,88,16,68,60,3,101,78,73" hai2="108,52,115,75,51,44,35,9,29,53,97,0,118" hai3="14,27,59,72,43,85,90,63,74,47,110,19,91"/><T134/><D70/><U24/><E101/><V100/><F115/><W17/><G110/><T96/><D21/><U104/><E104/><V131/><F75/><W45/><G27/><T94/><D57/><N who="1" m="34871" /><E68/><V30/><F108/><W105/><G105/><T84/><D84/><U87/><E73/><V135/><F131/><W49/><G47/><T48/><D48/><U10/><E78/><V18/><F135/><N who="0" m="51754" /><D1/><U40/><E40/><V13/><F118/><W79/><G74/><T99/><D94/><U116/><E116/><V55/><F0/><W92/><G14/><T69/><D69/><U56/><E56/><V15/><F15/><W76/><G72/><T23/><D23/><U111/><E111/><V62/><F62/><W32/><G32/><T113/><D113/><U127/><E127/><V25/><REACH who="2" step="1"/><F30/><REACH who="2" ten="250,250,240,250" step="2"/><W106/><G63/><T71/><D71/><U130/><E130/><V120/><F120/><W126/><G126/><T42/><D42/><U89/><E28/><V119/><F119/><W114/><G114/><T82/><D82/><U12/><E3/><V41/><F41/><W123/><G43/><T112/><D112/><U133/><E133/><V64/><F64/><AGARI ba="0,1" hai="4,7,36,37,38,64,65,67,96,98,99" m="51754" machi="64" ten="40,7700,0" yaku="28,2,20,1" doraHai="34" who="0" fromWho="2" sc="250,87,250,0,240,-77,250,0" /><INIT seed="0,1,0,3,2,105" ten="337,250,163,250" oya="0" hai0="113,0,123,28,56,31,103,125,12,7,47,95,92" hai1="39,42,104,119,66,70,32,98,135,20,68,50,10" hai2="37,69,117,108,120,77,58,13,107,38,76,46,62" hai3="48,23,60,4,40,8,72,115,90,54,79,121,81"/><T41/><D113/><U114/><E32/><V118/><F120/><W87/><G121/><T71/><D123/><U15/><E39/><V51/><F107/><W59/><G115/><T94/><D71/><U111/><E114/><V89/><F69/><W9/><G23/><T80/><D0/><U116/><E111/><V78/><F108/><W88/><G9/><T106/><D125/><U18/><E135/><V52/><F13/><N who="3" m="5255" /><G72/><T73/><D106/><U127/><E127/><V97/><F97/><W1/><G1/><T65/><D31/><U124/><E124/><V25/><F25/><W100/><G100/><T57/><D103/><U91/><E70/><V109/><F89/><W2/><G2/><T3/><D28/><U82/><E104/><V101/><F101/><W6/><G6/><T29/><D29/><U24/><E68/><V45/><F109/><W33/><G33/><T86/><D12/><U131/><E131/><V67/><REACH who="2" step="1"/><F46/><AGARI ba="1,0" hai="40,46,48,54,59,60,79,81,87,88,90" m="5255" machi="46" ten="30,3900,0" yaku="25,1,8,1,54,1" doraHai="105" who="3" fromWho="2" sc="337,0,250,0,163,-42,250,42" /><INIT seed="1,0,0,2,5,80" ten="337,250,121,292" oya="1" hai0="18,31,83,7,105,23,65,89,63,26,73,131,27" hai1="3,46,75,62,118,15,59,35,101,60,17,2,119" hai2="32,103,51,50,102,12,97,66,82,135,76,38,49" hai3="9,21,41,30,34,110,52,134,42,112,0,54,84"/><U43/><E35/><V58/><F135/><W48/><G112/><T114/><D105/><U132/><E75/><V28/><F38/><W4/><G134/><T98/><D114/><U72/><E72/><V74/><F12/><W116/><G34/><T128/><D7/><U29/><E132/><V77/><F77/><W86/><G110/><T1/><D1/><U92/><E29/><V56/><F102/><W122/><G122/><T130/><D98/><U61/><E59/><V123/><F123/><W6/><G116/><T64/><D63/><U111/><E111/><V125/><F66/><N who="0" m="25706" /><D89/><U22/><E119/><V13/><F13/><N who="3" m="5287" /><G6/><T95/><D95/><U96/><REACH who="1" step="1"/><E118/><REACH who="1" ten="337,240,121,292" step="2"/><V78/><F74/><W20/><G30/><T24/><D31/><U40/><E40/><V99/><F32/><W100/><G42/><T117/><D117/><U81/><E81/><V129/><F28/><W107/><G41/><T69/><D69/><U70/><E70/><V44/><F82/><W79/><G54/><T126/><D126/><U115/><E115/><V88/><F125/><W124/><G124/><T10/><D73/><U11/><E11/><V68/><F68/><W71/><G52/><T14/><D83/><U113/><E113/><V55/><F58/><W91/><G71/><T45/><D45/><U57/><E57/><V133/><F133/><W120/><G120/><T87/><D10/><U109/><E109/><V94/><F56/><W108/><G108/><T85/><AGARI ba="0,1" hai="14,18,23,24,26,27,85,87,128,130,131" m="25706" machi="85" ten="40,5200,0" yaku="19,1,52,2" doraHai="80" who="0" fromWho="0" sc="337,62,240,-26,121,-13,292,-13" /><INIT seed="2,0,0,3,4,49" ten="399,214,108,279" oya="2" hai0="94,64,88,118,90,135,101,14,104,40,0,57,61" hai1="60,17,19,7,6,100,113,129,43,55,76,2,85" hai2="109,111,96,119,93,107,127,108,50,24,114,103,65" hai3="106,86,53,27,70,112,23,83,78,5,29,74,81"/><V133/><F114/><W134/><G106/><T82/><D0/><U120/><E113/><V9/><F119/><W97/><G112/><T37/><D118/><U68/><E129/><V31/><F133/><W95/><G134/><T10/><D135/><U102/><E68/><V41/><F127/><W28/><G70/><T34/><D34/><U110/><E43/><V4/><F65/><W42/><G5/><N who="1" m="1546" /><E2/><V46/><F107/><W91/><G42/><T124/><D124/><U11/><E110/><V125/><F125/><W18/><G53/><T71/><D90/><AGARI ba="0,0" hai="18,23,27,28,29,74,78,81,83,86,90,91,95,97" machi="90" ten="30,1000,0" yaku="7,1" doraHai="49" who="3" fromWho="0" sc="399,-10,214,0,108,0,279,10" /><INIT seed="3,0,0,5,0,131" ten="389,214,108,289" oya="3" hai0="106,53,10,50,59,134,18,111,93,2,107,6,38" hai1="36,28,118,1,110,113,69,24,99,35,79,119,44" hai2="32,40,31,122,52,100,41,57,90,112,68,61,126" hai3="135,14,130,89,127,74,43,88,64,123,23,96,19"/><W21/><G123/><T78/><D134/><U94/><E113/><V8/><F112/><W7/><G130/><T13/><D38/><U51/><E36/><V63/><F122/><W25/><G74/><T72/><D111/><U105/><E1/><V70/><F126/><W84/><G127/><T82/><D93/><U62/><E105/><V27/><F70/><W65/><G43/><T76/><D76/><U75/><E110/><V77/><F77/><W42/><G42/><T54/><D54/><U117/><E79/><V83/><F8/><AGARI ba="0,0" hai="2,6,8,10,13,18,50,53,59,72,78,82,106,107" machi="8" ten="30,1000,0" yaku="7,1" doraHai="131" who="0" fromWho="2" sc="389,10,214,0,108,-10,289,0" owari="399,49.9,214,-18.6,98,-40.2,289,8.9" /></mjloggm>