<mjloggm ver="2.3"><GO type="225" lobby="0"/><UN n0="%72%69%6F%75%63%68%61%6E" n1="%72%61%6B%33" n2="%E8%A8%88%E7%AE%97%E6%A9%9F%E8%87%AA%E7%84%B6" n3="%E3%82%B7%E3%83%B3%E5%A4%AA%E6%9C%97" dan="17,16,17,16" rate="2244.73,2152.25,2210.61,2130.70" sx="M,M,M,M"/><TAIKYOKU oya="0"/><INIT seed="0,0,0,5,2,97" ten="250,250,250,250" oya="0" hai0="115,55,122,8,91,17,30,12,76,6,1,98,131" hai1="133,53,27,75,125,2,79,44,69,56,64,52,65" hai2="86,83,68,80,128,100,32,31,102,62,15,116,123" hai3="47,111,124,20,49,4,42,11,59,94,45,119,104"/><T96/><D115/><U5/><E27/><V37/><F123/><W35/><G35/><T46/><D131/><U43/><E125/><V72/><F37/><W14/><G104/><T36/><D122/><U89/><E89/><V112/><F112/><W19/><G111/><T132/><D132/><U40/><E133/><V113/><F113/><W117/><G124/><T130/><D130/><U114/><E114/><V99/><F128/><W92/><G59/><T21/><D76/><U70/><E5/><V60/><F116/><W135/><G135/><T85/><D30/><U82/><E2/><V127/><F127/><W34/><G34/><T51/><REACH who="0" step="1"/><D36/><REACH who="0" ten="240,250,250,250" step="2"/><U18/><E79/><V121/><F121/><W78/><G78/><T58/><D58/><U33/><E56/><V48/><F31/><W107/><G119/><T16/><D16/><U87/><E18/><V22/><F68/><W88/><G117/><T106/><D106/><U26/><E70/><V120/><F120/><W9/><G107/><T105/><D105/><U118/><E69/><V23/><F32/><W84/><G4/><T41/><D41/><U81/><E33/><V74/><F72/><W101/><G47/><T39/><D39/><U66/><E75/><V95/><F74/><W50/><G50/><T63/><D63/><U38/><E38/><V0/><F48/><W13/><G49/><T57/><D57/><U29/><E44/><V129/><F129/><W3/><G45/><T54/><D54/><U7/><E118/><V10/><F60/><W28/><G42/><T73/><D73/><U90/><E40/><RYUUKYOKU ba="0,1" sc="240,30,250,-10,250,-10,250,-10" hai0="1,6,8,12,17,21,46,51,55,85,91,96,98" /><INIT seed="0,1,1,4,1,92" ten="270,240,240,240" oya="0" hai0="76,131,78,25,29,79,86,127,70,9,34,97,58" hai1="16,103,20,62,74,14,89,39,95,134,49,91,19" hai2="106,59,69,85,42,109,87,36,125,66,7,123,68" hai3="1,114,72,84,118,54,37,124,38,52,80,115,63"/><T27/><D70/><U17/><E39/><V33/><F123/><W48/><G1/><T28/><D131/><U23/><E74/><V116/><F33/><W122/><G72/><T107/><D127/><U75/><E75/><V88/><F106/><W128/><G122/><T98/><D107/><U120/><E120/><V111/><F125/><W24/><G118/><T15/><D58/><U47/><E134/><V0/><F85/><W56/><G124/><T108/><D108/><N who="2" m="41546" /><F116/><W64/><G128/><T130/><D86/><U41/><E62/><N who="2" m="38239" /><F7/><W67/><G24/><T60/><D60/><U83/><E83/><N who="2" m="49279" /><F0/><W55/><G84/><T11/><D130/><U51/><E51/><V113/><F113/><N who="3" m="43019" /><G80/><T104/><D104/><U30/><E103/><V8/><F8/><W135/><G135/><T90/><D90/><U53/><E91/><V45/><AGARI ba="1,1" hai="36,42,45,68,69" m="49279,38239,41546" machi="45" ten="30,2000,0" yaku="14,1,54,1" doraHai="92" who="2" fromWho="2" sc="270,-11,240,-6,240,33,240,-6" /><INIT seed="1,0,0,0,4,0" ten="259,234,273,234" oya="1" hai0="101,79,45,112,60,6,69,113,31,76,23,54,117" hai1="90,74,50,73,105,63,46,18,40,133,44,32,106" hai2="17,110,36,1,116,20,75,15,80,55,129,26,87" hai3="132,72,100,64,124,114,66,111,119,118,98,62,97"/><U13/><E133/><V41/><F116/><N who="3" m="44587" /><G114/><T34/><D117/><U68/><E32/><V95/><F1/><W85/><G72/><T126/><D34/><U120/><E120/><V9/><F110/><W25/><G132/><T88/><D126/><U33/><E33/><V8/><F129/><W29/><G124/><T3/><D101/><U81/><E46/><V48/><F75/><W86/><G111/><T65/><D88/><U16/><E74/><V22/><F41/><W28/><G28/><T84/><D31/><U5/><E106/><V59/><F36/><W27/><G64/><T10/><D23/><U11/><E105/><V82/><F95/><N who="3" m="58431" /><G98/><T56/><D45/><U2/><E2/><V127/><F127/><W99/><G99/><T19/><D19/><U39/><E39/><V35/><F35/><N who="3" m="20911" /><G27/><T103/><D103/><U96/><E96/><V108/><F108/><W128/><G128/><T52/><D54/><U53/><E53/><V12/><F26/><W58/><AGARI ba="0,0" hai="58,62,66,85,86" m="20911,58431,44587" machi="58" ten="30,1100,0" yaku="12,1" doraHai="0" who="3" fromWho="3" sc="259,-3,234,-5,273,-3,234,11" /><INIT seed="2,0,0,1,0,95" ten="256,229,270,245" oya="2" hai0="128,47,71,44,83,89,53,66,132,21,101,135,72" hai1="113,13,123,116,33,102,78,56,63,103,107,120,52" hai2="93,134,124,115,94,49,39,109,14,87,8,70,3" hai3="117,126,24,16,111,79,10,108,122,98,85,26,81"/><V118/><F115/><W50/><G122/><N who="1" m="46634" /><E113/><V133/><F39/><W112/><G112/><T38/><D128/><U96/><E116/><V17/><F118/><W131/><G117/><T65/><D101/><N who="1" m="62887" /><E33/><V4/><F70/><W58/><G126/><T37/><D21/><U106/><E106/><V22/><F124/><W1/><G131/><T30/><D30/><U105/><E105/><V15/><F109/><N who="3" m="42059" /><G1/><T74/><D71/><U91/><E78/><V80/><F3/><W41/><G41/><T67/><D89/><U18/><E91/><V88/><REACH who="2" step="1"/><F49/><REACH who="2" ten="256,229,260,245" step="2"/><W54/><G50/><T57/><D37/><U27/><E27/><V114/><F114/><W32/><G26/><T48/><D38/><U20/><AGARI ba="0,1" hai="13,18,20,52,56,63,102,103" m="62887,46634" machi="20" ten="30,4000,0" yaku="13,1,52,1,54,1" doraHai="95" who="1" fromWho="1" sc="256,-10,229,50,260,-20,245,-10" /><INIT seed="3,0,0,3,0,3" ten="246,279,240,235" oya="3" hai0="31,58,129,72,83,94,130,135,73,4,92,87,122" hai1="79,84,51,42,76,74,102,112,13,115,124,61,95" hai2="10,80,91,98,33,133,121,125,86,77,71,6,131" hai3="34,111,70,103,55,82,27,93,28,134,46,19,38"/><W43/><G134/><T41/><D31/><U48/><E61/><V90/><F71/><W67/><G111/><T99/><D41/><U113/><E51/><V96/><F33/><W78/><G70/><T22/><D22/><U68/><E68/><V126/><F133/><W30/><G67/><T45/><D45/><U120/><E120/><V89/><F121/><W15/><G55/><T39/><D39/><U75/><E48/><V24/><F24/><W116/><G116/><T40/><D40/><U25/><E25/><V100/><F131/><N who="0" m="50186" /><D58/><U64/><E13/><V20/><F20/><W97/><G27/><T29/><D29/><U56/><E42/><V17/><F17/><W66/><G66/><T101/><D135/><U2/><E2/><V132/><F132/><W110/><G34/><T69/><D69/><U114/><E114/><V53/><F53/><W44/><G44/><T9/><D94/><U88/><E56/><V104/><REACH who="2" step="1"/><F96/><REACH who="2" ten="246,279,230,235" step="2"/><W105/><G110/><T36/><D122/><U108/><E108/><V57/><F57/><W7/><G7/><T54/><D54/><U32/><E32/><V1/><AGARI ba="0,1" hai="1,6,10,77,80,86,89,90,91,98,100,104,125,126" machi="1" ten="30,4000,0" yaku="1,1,0,1,52,1,53,0" doraHai="3" doraHaiUra="21" who="2" fromWho="2" sc="246,-10,279,-10,230,50,235,-20" /><INIT seed="4,0,0,1,0,109" ten="236,269,280,215" oya="0" hai0="113,73,38,121,87,29,111,43,59,69,20,107,70" hai1="68,0,125,32,89,61,3,49,50,130,28,46,51" hai2="116,85,71,101,105,135,54,31,23,37,123,64,13" hai3="10,100,99,22,5,67,81,90,27,41,35,82,88"/><T25/><D113/><U55/><E32/><V39/><F123/><W36/><G35/><T15/><D121/><U110/><E28/><V122/><F122/><W57/><G36/><T96/><D73/><U133/><E0/><V4/><F54/><W42/><G82/><T21/><D111/><U2/><E2/><V118/><F85/><N who="3" m="50223" /><G90/><T108/><D108/><U134/><E3/><V132/><F64/><W44/><G5/><T97/><D59/><U114/><E89/><V119/><F71/><W45/><G10/><T117/><D117/><U95/><E95/><V47/><F4/><W93/><G44/><T103/><D87/><U48/><E110/><V62/><F47/><W34/><G34/><T19/><REACH who="0" step="1"/><D96/><REACH who="0" ten="226,269,280,215" step="2"/><U86/><E86/><V126/><F116/><W128/><G45/><AGARI ba="0,1" hai="15,19,20,21,25,29,38,43,45,69,70,97,103,107" machi="45" ten="40,7700,0" yaku="1,1,2,1,53,1" doraHai="109" doraHaiUra="94" who="0" fromWho="3" sc="226,87,269,0,280,0,215,-77" owari="313,41.3,269,-13.1,280,8.0,138,-36.2" /></mjloggm>