<mjloggm ver="2.3"><GO type="225" lobby="0"/><UN n0="%E4%BF%BA%E3%81%A8%E5%A6%96%E5%A4%A2" n1="%E5%A4%9C%E3%81%AE%E3%82%AC%E3%82%B9%E3%83%91%E3%83%BC%E3%83%AB" n2="%E4%BA%AE%E6%B5%81%E6%89%93%E8%80%85" n3="%E6%81%A5%E6%99%92%E3%81%97" dan="17,17,16,16" rate="2215.19,2222.17,2093.82,2121.92" sx="F,M,F,M"/><TAIKYOKU oya="0"/><INIT seed="0,0,0,0,5,49" ten="250,250,250,250" oya="0" hai0="110,11,133,34,12,84,7,55,40,18,124,42,19" hai1="85,104,17,78,116,33,77,9,14,95,32,57,61" hai2="112,105,71,97,29,74,72,134,129,1,10,5,109" hai3="101,122,117,132,38,131,126,16,102,118,65,68,107"/><T99/><D34/><U89/><E116/><V59/><F59/><W39/><G126/><T30/><D124/><U80/><E104/><V79/><F29/><W24/><G131/><T47/><D133/><U2/><E2/><V26/><F26/><W98/><G132/><T41/><D110/><U48/><E48/><V69/><F134/><W35/><G102/><T121/><D121/><U92/><E92/><V135/><F135/><W111/><G111/><T23/><D99/><U90/><E90/><V54/><F54/><W93/><G93/><T106/><D106/><U22/><E9/><V127/><F109/><W108/><G108/><T56/><D47/><U53/><REACH who="1" step="1"/><E78/><REACH who="1" ten="250,240,250,250" step="2"/><V21/><F79/><W46/><G118/><T4/><D30/><U113/><E113/><V50/><F10/><W76/><G76/><T128/><D128/><U83/><E83/><V87/><F129/><W3/><G117/><T120/><D120/><U13/><E13/><V91/><F1/><W125/><G3/><T8/><D8/><U119/><E119/><V96/><F91/><W27/><G122/><T44/><D4/><U63/><E63/><V28/><F112/><W62/><G125/><T58/><D7/><U64/><E64/><V115/><F5/><W67/><G65/><T103/><D11/><U31/><E31/><V36/><F28/><N who="3" m="19847" /><G46/><T70/><D44/><U88/><E88/><V37/><F115/><W82/><G82/><T6/><D6/><U45/><E45/><V52/><F127/><W123/><G123/><T100/><D40/><U60/><E60/><V20/><F50/><RYUUKYOKU ba="0,1" sc="250,-15,240,15,250,-15,250,15" hai1="14,17,22,32,33,53,57,61,77,80,85,89,95" hai3="16,27,38,39,62,67,68,98,101,107" /><INIT seed="1,1,1,5,4,91" ten="235,255,235,265" oya="1" hai0="113,13,117,23,128,112,75,85,17,40,30,14,34" hai1="134,123,106,104,72,66,96,81,33,114,31,2,82" hai2="119,131,129,27,21,9,10,76,61,36,38,5,54" hai3="71,35,130,67,60,63,69,126,7,57,1,92,18"/><U135/><E2/><V56/><F76/><W84/><G35/><T102/><D75/><U62/><E114/><V29/><F119/><W52/><G126/><T89/><D117/><U110/><E123/><V97/><F97/><W0/><G130/><N who="2" m="49673" /><F10/><W58/><G18/><T121/><D128/><U65/><E110/><V37/><F37/><W70/><REACH who="3" step="1"/><G7/><REACH who="3" ten="235,255,235,255" step="2"/><T124/><D124/><U133/><E33/><V51/><F51/><W19/><G19/><T122/><D34/><U39/><E39/><V132/><F132/><W101/><G101/><T55/><D102/><U15/><E134/><V74/><F74/><W115/><G115/><T49/><D112/><U44/><E72/><V32/><F32/><W78/><G78/><T103/><D103/><U28/><E135/><V47/><F47/><W118/><G118/><T43/><D113/><U50/><E133/><V11/><F11/><W107/><G107/><T93/><D30/><U59/><E104/><V64/><F64/><W46/><G46/><T87/><D121/><U4/><E66/><V120/><F120/><W108/><G108/><T105/><D105/><U6/><E6/><V88/><F88/><AGARI ba="1,2" hai="0,1,52,57,58,60,63,67,69,70,71,84,88,92" machi="88" ten="40,8000,1" yaku="1,1,52,1,54,2,53,0" doraHai="91" doraHaiUra="45" who="3" fromWho="2" sc="235,0,255,0,235,-83,255,103" /><INIT seed="2,0,0,0,3,44" ten="235,255,152,358" oya="2" hai0="119,75,45,100,104,53,102,113,32,43,111,38,86" hai1="12,68,57,71,106,1,29,127,8,41,118,62,99" hai2="9,55,25,30,72,78,6,42,92,112,13,110,115" hai3="15,24,26,48,76,82,73,63,34,114,5,69,79"/><V97/><F42/><W21/><G114/><T93/><D113/><U135/><E118/><V27/><F110/><W109/><G109/><T7/><D111/><U90/><E1/><V132/><F132/><W28/><G79/><T131/><D75/><U117/><E117/><V84/><F72/><W96/><G96/><T61/><D32/><U101/><E135/><V17/><F17/><W121/><G121/><T66/><D119/><U0/><E0/><V108/><F108/><W81/><G81/><T134/><D104/><U2/><E2/><V47/><F112/><W14/><G5/><T35/><D35/><U36/><E127/><V51/><F115/><W31/><G48/><T91/><D131/><U70/><E29/><V85/><F78/><W124/><G124/><T87/><D7/><U49/><E36/><V129/><F129/><W130/><G130/><T60/><D134/><U65/><E90/><V103/><REACH who="2" step="1"/><F27/><REACH who="2" ten="235,255,142,358" step="2"/><W98/><G73/><T88/><D43/><U46/><E71/><V123/><F123/><W95/><G69/><T105/><D38/><U37/><E37/><V125/><F125/><W39/><G39/><T83/><D105/><U20/><E70/><V19/><F19/><W56/><G31/><T3/><D3/><U4/><E68/><V22/><AGARI ba="0,1" hai="6,9,13,22,25,30,47,51,55,84,85,92,97,103" machi="22" ten="20,12000,1" yaku="1,1,0,1,7,1,8,1,52,1,53,0" doraHai="44" doraHaiUra="64" who="2" fromWho="2" sc="235,-40,255,-40,142,130,358,-40" /><INIT seed="2,1,0,1,4,89" ten="195,215,272,318" oya="2" hai0="42,131,96,14,75,98,7,16,76,24,46,28,30" hai1="114,23,62,95,94,26,115,108,126,100,135,9,101" hai2="129,18,4,102,66,113,93,83,71,0,6,103,85" hai3="125,41,52,54,68,118,17,25,58,117,53,60,12"/><V130/><F113/><W34/><G68/><T55/><D131/><N who="2" m="50186" /><F0/><W124/><G41/><T13/><D75/><U120/><E115/><V111/><F111/><W56/><G25/><T72/><D72/><U107/><E114/><V15/><F66/><N who="3" m="39175" /><G34/><T134/><D76/><U61/><E108/><V22/><F71/><W88/><G88/><T21/><D55/><N who="3" m="21065" /><G17/><T2/><D134/><U121/><E135/><V10/><F4/><W128/><G12/><T3/><D3/><U50/><E126/><N who="3" m="48746" /><G128/><T36/><D14/><U123/><E50/><AGARI ba="1,0" hai="50,54,58,117,118" m="48746,21065,39175" machi="50" ten="30,7700,0" yaku="18,1,34,2,54,1" doraHai="89" who="3" fromWho="1" sc="195,0,215,-80,272,0,318,80" /><INIT seed="3,0,0,1,0,110" ten="195,135,272,398" oya="3" hai0="102,100,118,8,129,108,34,15,98,107,6,60,17" hai1="65,92,117,127,121,68,82,24,104,43,75,40,11" hai2="14,97,77,94,19,47,27,124,32,85,64,49,9" hai3="38,96,76,112,20,88,120,56,105,122,2,57,62"/><W70/><G76/><T93/><D108/><U30/><E121/><V55/><F124/><W81/><G57/><T52/><D118/><U90/><E104/><V128/><F128/><W59/><G20/><T73/><D73/><U26/><E127/><V103/><F32/><W7/><G59/><N who="0" m="34919" /><D34/><U114/><E117/><V45/><F27/><W10/><G88/><N who="0" m="55591" /><D107/><U5/><E114/><V4/><F64/><W28/><G81/><T42/><D129/><U74/><E82/><N who="2" m="47311" /><F4/><W39/><G10/><T35/><D35/><U54/><E54/><V78/><F78/><W36/><G62/><T132/><D132/><U58/><E68/><V71/><F71/><W80/><G96/><T13/><D42/><U84/><E74/><V89/><F103/><W109/><G7/><T31/><D31/><U116/><E75/><V53/><F53/><W87/><G70/><T33/><D33/><U23/><E116/><V99/><F99/><W115/><G109/><T131/><D131/><U41/><E26/><V133/><F133/><W86/><G105/><T135/><D135/><U25/><E25/><V83/><F97/><W66/><G66/><T18/><D18/><U48/><E65/><V126/><F19/><W21/><G28/><T111/><D111/><U46/><REACH who="1" step="1"/><E58/><REACH who="1" ten="195,125,272,398" step="2"/><V1/><F126/><W134/><G56/><T130/><D130/><U106/><E106/><V3/><F55/><W12/><G2/><T91/><D15/><U119/><E119/><V69/><F14/><W50/><G12/><T95/><D13/><U113/><E113/><V44/><F3/><W37/><G115/><RYUUKYOKU ba="0,1" sc="195,-10,125,30,272,-10,398,-10" hai1="5,11,23,24,30,40,41,43,46,48,84,90,92" owari="185,-21.5,155,-34.5,262,6.2,398,49.8" /></mjloggm>