<mjloggm ver="2.3"><GO type="225" lobby="0"/><UN n0="%E3%81%86%E3%82%8B%E3%81%8A%E3%81%A1%E3%82%83" n1="%E3%81%BF%E3%82%84%E3%81%93%E3%82%93%EF%BC%91%EF%BC%90%E6%AD%B3" n2="%E3%81%86%E3%83%BC%E3%81%B1%E3%83%BC" n3="%30%2E%31%32%30" dan="16,16,17,16" rate="2087.78,2074.34,2214.14,2136.05" sx="F,M,F,M"/><TAIKYOKU oya="0"/><INIT seed="0,0,0,5,3,94" ten="250,250,250,250" oya="0" hai0="112,111,129,76,108,60,58,115,127,49,119,33,37" hai1="96,34,86,14,3,125,106,92,56,47,28,99,95" hai2="16,17,64,15,98,31,25,36,122,118,73,90,53" hai3="26,11,126,107,74,65,97,5,39,134,8,10,51"/><T46/><D33/><U124/><E3/><V61/><F122/><W12/><G39/><T80/><D80/><U87/><E106/><V21/><F36/><W41/><G74/><T84/><D84/><U109/><E109/><N who="0" m="42057" /><D76/><U135/><E135/><V110/><F73/><W81/><G134/><T93/><D93/><U50/><E56/><N who="2" m="36903" /><F110/><W132/><G132/><T113/><D119/><U62/><E62/><V85/><F118/><W9/><G126/><N who="1" m="48746" /><E14/><V52/><F98/><N who="1" m="37417" /><E95/><N who="2" m="54735" /><F31/><W69/><G69/><T72/><D72/><U24/><E92/><V123/><F123/><W59/><G65/><N who="0" m="39063" /><D127/><U20/><E34/><V57/><F57/><W131/><G12/><T133/><D133/><U82/><E82/><V45/><F45/><W22/><G59/><T44/><D37/><U104/><E104/><V35/><F35/><W67/><G67/><T7/><D7/><U18/><E28/><V0/><F0/><W32/><G32/><T114/><D114/><U75/><E75/><V103/><F103/><W101/><G107/><T29/><D29/><U43/><AGARI ba="0,0" hai="18,20,24,43,47,50,86,87" m="37417,48746" machi="43" ten="30,7900,0" yaku="18,1,52,3" doraHai="94" who="1" fromWho="1" sc="250,-39,250,79,250,-20,250,-20" /><INIT seed="1,0,0,3,1,91" ten="211,329,230,230" oya="1" hai0="105,86,30,73,84,19,45,96,39,90,11,41,66" hai1="61,113,132,109,0,118,56,3,78,135,122,133,54" hai2="85,10,117,80,77,72,43,37,53,106,112,55,99" hai3="12,93,32,74,107,16,92,5,58,62,123,6,2"/><U125/><E122/><V131/><F117/><W115/><G107/><T23/><D73/><U98/><E118/><V100/><F131/><W15/><G32/><T57/><D30/><U126/><E113/><V81/><F112/><W119/><G119/><T8/><D86/><U71/><E71/><V128/><F128/><W49/><G74/><T51/><D96/><U103/><E78/><V97/><F99/><W40/><G2/><T31/><D31/><U82/><E82/><V25/><F25/><W47/><G123/><T14/><D105/><U63/><E63/><V76/><F43/><W68/><G68/><T59/><D59/><U64/><E64/><V65/><F37/><W129/><G129/><T110/><D110/><U50/><E61/><V111/><F111/><W7/><G12/><T38/><D39/><U18/><E18/><V116/><F116/><W44/><G44/><T87/><D87/><U29/><E29/><V46/><F46/><W24/><G24/><T127/><D127/><N who="1" m="48651" /><E109/><V17/><F65/><N who="3" m="39127" /><G115/><T95/><REACH who="0" step="1"/><D66/><REACH who="0" ten="201,329,230,230" step="2"/><U124/><E124/><V83/><F81/><W89/><G89/><T52/><AGARI ba="0,1" hai="8,11,14,19,23,38,41,45,51,52,57,84,90,95" machi="52" ten="30,12000,2" yaku="1,1,2,1,0,1,25,2,52,1,54,1,53,0" doraHai="91" doraHaiUra="35" who="0" fromWho="0" sc="201,130,329,-60,230,-30,230,-30" /><INIT seed="2,0,0,0,2,23" ten="331,269,200,200" oya="2" hai0="41,56,98,11,59,63,60,32,92,50,72,29,39" hai1="93,13,68,42,40,104,15,49,124,3,54,113,77" hai2="7,128,30,106,35,130,79,120,88,97,114,47,38" hai3="14,119,84,101,115,24,48,122,112,61,21,52,133"/><V44/><F114/><N who="3" m="43563" /><G122/><T43/><D72/><U27/><E104/><V28/><F120/><W58/><G119/><T9/><D39/><U111/><E113/><V31/><F35/><W123/><G123/><T6/><D32/><U96/><E3/><V91/><F79/><W75/><G75/><T0/><D29/><U89/><E68/><V76/><F76/><W46/><G133/><T51/><D0/><U22/><E77/><V78/><F78/><W16/><G101/><T102/><D6/><U134/><E124/><V18/><F7/><W95/><G95/><T118/><D118/><U57/><E134/><V2/><F2/><W126/><BYE who="2" /><G84/><T10/><D43/><U108/><E108/><V81/><F81/><W83/><G83/><T87/><D87/><U4/><E111/><V121/><F121/><W86/><G86/><T107/><D41/><N who="1" m="15979" /><E4/><V71/><F71/><W20/><G126/><UN n2="%E3%81%86%E3%83%BC%E3%81%B1%E3%83%BC" /><T33/><D33/><U17/><AGARI ba="0,0" hai="13,15,17,22,27,49,54,57,89,93,96" m="15979" machi="17" ten="30,2000,0" yaku="8,1,52,1" doraHai="23" who="1" fromWho="1" sc="331,-5,269,20,200,-10,200,-5" /><INIT seed="3,0,0,0,3,49" ten="326,289,190,195" oya="3" hai0="48,89,108,2,101,126,133,32,122,60,125,24,79" hai1="103,111,9,112,36,13,0,98,56,119,30,121,18" hai2="130,52,16,22,46,28,102,93,135,128,82,19,68" hai3="70,88,8,72,107,45,6,66,38,41,58,124,78"/><W14/><G107/><T35/><D122/><U115/><E121/><V90/><F135/><W118/><G118/><T64/><D2/><U31/><E36/><V94/><F68/><W42/><G42/><T21/><D79/><U92/><E119/><V105/><F105/><W91/><G70/><N who="0" m="42247" /><D101/><U4/><E111/><V5/><F5/><W54/><G66/><T17/><D89/><U59/><E112/><V127/><F127/><N who="0" m="48650" /><D108/><U73/><E73/><V3/><F3/><W37/><G37/><T69/><D69/><U74/><E74/><V20/><F28/><W120/><G120/><T63/><D63/><U51/><E115/><V134/><F134/><W47/><G124/><T106/><D106/><U83/><E83/><V123/><F123/><W131/><G131/><N who="2" m="50217" /><F102/><W81/><G45/><T11/><D133/><U29/><E59/><V50/><F82/><W27/><G27/><T53/><D11/><U99/><E99/><N who="2" m="57783" /><F94/><W15/><G15/><T97/><D97/><U77/><E77/><V10/><F19/><W109/><G109/><T12/><D12/><AGARI ba="0,0" hai="10,12,16,20,22,46,50,52" m="57783,50217" machi="12" ten="30,7700,0" yaku="19,1,52,1,54,2" doraHai="49" who="2" fromWho="0" sc="326,-77,289,0,190,77,195,0" /><INIT seed="4,0,0,0,3,93" ten="249,289,267,195" oya="0" hai0="1,60,131,30,62,9,38,116,64,113,41,16,66" hai1="17,69,13,15,82,127,33,48,96,120,7,27,68" hai2="77,109,25,4,55,94,130,114,6,129,85,111,135" hai3="61,65,74,126,88,23,20,124,2,67,42,12,56"/><T5/><D116/><U89/><E120/><V37/><F37/><W22/><G2/><T118/><D118/><U107/><E127/><N who="3" m="48682" /><G74/><T115/><D30/><U132/><E132/><V21/><F135/><W99/><G42/><T26/><D131/><N who="2" m="50186" /><F114/><N who="0" m="43530" /><D41/><U46/><E7/><N who="2" m="2603" /><F55/><N who="3" m="33951" /><G12/><T19/><D38/><U50/><E50/><V51/><F51/><W106/><G106/><T63/><D26/><U53/><E27/><V90/><F77/><W49/><G49/><T10/><D9/><U101/><E33/><V44/><F44/><W24/><G24/><T0/><D0/><U72/><E13/><V92/><F94/><AGARI ba="0,0" hai="20,22,23,65,67,88,94,99" m="33951,48682" machi="94" ten="30,3900,0" yaku="18,1,52,1,54,1" doraHai="93" who="3" fromWho="2" sc="249,0,289,0,267,-39,195,39" /><INIT seed="5,0,0,4,1,56" ten="249,289,228,234" oya="1" hai0="128,132,123,31,73,22,108,0,103,77,38,124,112" hai1="82,14,8,6,96,62,66,72,11,12,76,74,26" hai2="61,126,84,105,13,104,134,42,91,116,98,79,5" hai3="2,34,16,41,110,37,43,19,49,111,85,25,44"/><U135/><E135/><V87/><F116/><W24/><G2/><T46/><RYUUKYOKU type="yao9" ba="0,0" sc="249,0,289,0,228,0,234,0" hai0="0,22,31,38,46,73,77,103,108,112,123,124,128,132" /><INIT seed="5,1,0,2,0,122" ten="249,289,228,234" oya="1" hai0="120,41,5,52,114,113,74,45,86,44,58,12,79" hai1="16,85,33,67,130,80,20,54,117,64,105,60,125" hai2="1,21,70,62,29,134,30,14,26,40,88,129,71" hai3="59,28,104,11,111,42,3,96,47,38,121,34,57"/><U95/><E117/><V4/><F1/><W17/><G121/><T99/><D74/><U37/><E105/><V84/><F30/><W76/><G57/><T103/><D120/><U132/><E37/><V63/><F129/><W92/><G59/><T115/><D79/><U55/><E33/><V0/><F0/><W22/><G104/><N who="0" m="63615" /><D86/><U15/><E130/><V10/><F134/><W93/><G76/><T32/><D32/><U18/><E125/><V89/><F40/><W73/><G73/><T51/><D41/><U2/><E2/><V119/><F119/><W112/><G112/><N who="0" m="28675" /><T53/><DORA hai="35" /><D53/><N who="1" m="19979" /><E60/><V102/><F102/><W135/><G34/><T124/><D124/><U69/><E69/><V68/><REACH who="2" step="1"/><F89/><REACH who="2" ten="249,289,218,234" step="2"/><W61/><G42/><T49/><D51/><U98/><E132/><V106/><F106/><W46/><G135/><T82/><D82/><AGARI ba="1,1" hai="4,10,14,21,26,29,62,63,68,70,71,82,84,88" machi="82" ten="40,8000,1" yaku="1,1,54,1,53,3" doraHai="122,35" doraHaiUra="66,100" who="2" fromWho="0" sc="249,-83,289,0,218,93,234,0" owari="166,-33.4,289,8.9,311,41.1,234,-16.6" /></mjloggm>