<mjloggm ver="2.3"><GO type="225" lobby="0"/><UN n0="%E3%82%A2%E3%83%A1%E3%82%A2%E3%83%A9%E3%83%AC" n1="%E3%80%93%E3%81%97%E3%83%BC%E3%82%89%E3%80%93" n2="%E3%82%B2%E3%82%B9%E8%8C%82%E5%8B%9D" n3="%E3%81%B2%E3%81%AA%E3%81%AE%E3%82%8A%E3%81%8F" dan="16,16,16,16" rate="2157.10,2165.09,2118.72,2114.99" sx="M,M,F,M"/><TAIKYOKU oya="0"/><INIT seed="0,0,0,3,2,96" ten="250,250,250,250" oya="0" hai0="65,97,66,120,27,29,118,63,117,95,112,123,135" hai1="32,104,60,111,132,116,62,79,84,19,44,69,115" hai2="106,91,133,12,21,71,35,61,85,72,26,55,42" hai3="5,7,94,77,6,67,101,4,37,47,51,15,23"/><T107/><D112/><U83/><E32/><V92/><F133/><W122/><G37/><T1/><D135/><U126/><E132/><V9/><F72/><W17/><G122/><T127/><D1/><U39/><E115/><V34/><F106/><W100/><G77/><T22/><D127/><U10/><E116/><V64/><F42/><W75/><G75/><T121/><D107/><U87/><E126/><V128/><F128/><W90/><N who="3" m="1024" /><DORA hai="125" /><W74/><G67/><T102/><REACH who="0" step="1"/><D66/><REACH who="0" ten="240,250,250,250" step="2"/><U93/><E104/><V89/><F64/><W46/><G74/><T28/><D28/><U113/><E113/><V58/><F71/><AGARI ba="0,1" hai="22,27,29,63,65,71,95,97,102,117,118,120,121,123" machi="71" ten="40,3900,0" yaku="1,1,52,1,53,0" doraHai="96,125" doraHaiUra="81,40" who="0" fromWho="2" sc="240,49,250,0,250,-39,250,0" /><INIT seed="0,1,0,5,2,64" ten="289,250,211,250" oya="0" hai0="10,99,129,45,96,93,95,133,128,5,17,69,98" hai1="105,88,56,103,23,97,39,119,60,107,124,89,16" hai2="11,43,120,62,87,3,90,24,84,67,112,80,0" hai3="41,134,92,61,76,8,104,36,37,42,117,78,102"/><T22/><D133/><U46/><E119/><V68/><F112/><W109/><G117/><T65/><D45/><U26/><E124/><V125/><F125/><W54/><G104/><T34/><D34/><U114/><E114/><V55/><F120/><W115/><G115/><T130/><D65/><U14/><E107/><V29/><F43/><W79/><G109/><T106/><D106/><U20/><E46/><V111/><F111/><W66/><G54/><T63/><D63/><U40/><E40/><V85/><F55/><W121/><G134/><T12/><REACH who="0" step="1"/><D69/><REACH who="0" ten="279,250,211,250" step="2"/><U47/><E47/><V86/><REACH who="2" step="1"/><F11/><REACH who="2" ten="279,250,201,250" step="2"/><W31/><G37/><T49/><D49/><U71/><E39/><V73/><F73/><W7/><G36/><T48/><D48/><U83/><E71/><V135/><F135/><W91/><G8/><T30/><D30/><U126/><E126/><V131/><F131/><W94/><G31/><T32/><D32/><AGARI ba="1,2" hai="0,3,24,29,32,62,67,68,80,84,85,86,87,90" machi="32" ten="40,8000,1" yaku="1,1,52,1,53,2" doraHai="64" doraHaiUra="33" who="2" fromWho="0" sc="279,-83,250,0,201,103,250,0" /><INIT seed="1,0,0,2,5,82" ten="196,250,304,250" oya="1" hai0="35,11,9,32,92,123,61,29,40,69,14,13,4" hai1="75,12,91,64,23,6,24,47,59,95,1,76,28" hai2="71,134,135,127,131,112,99,65,73,84,22,57,117" hai3="126,0,74,58,88,52,50,102,118,86,129,54,90"/><U38/><E64/><V101/><F71/><W89/><G74/><T79/><D123/><U5/><E1/><V128/><F22/><W53/><G0/><T63/><D40/><U44/><E76/><V125/><F73/><W124/><G102/><T83/><D92/><U49/><E75/><V113/><F57/><N who="3" m="32919" /><G129/><N who="2" m="49737" /><F65/><W108/><G108/><T78/><D69/><U20/><E38/><V56/><F56/><W48/><G54/><T80/><D29/><U119/><E59/><V10/><F10/><W66/><G66/><T36/><REACH who="0" step="1"/><D4/><REACH who="0" ten="186,250,304,250" step="2"/><U51/><E5/><V18/><F117/><W7/><G7/><T100/><D100/><U33/><E119/><V94/><F18/><W17/><G17/><T60/><D60/><U62/><E62/><V105/><F112/><W26/><G118/><T19/><D19/><N who="1" m="10343" /><E6/><V109/><F113/><W116/><G116/><T21/><D21/><U107/><E33/><V67/><F109/><W103/><G103/><T37/><AGARI ba="0,1" hai="9,11,13,14,32,35,36,37,61,63,78,79,80,83" machi="37" ten="25,12000,2" yaku="1,1,0,1,22,2,53,2" doraHai="82" doraHaiUra="72" who="0" fromWho="0" sc="186,130,250,-60,304,-30,250,-30" /><INIT seed="2,0,0,2,0,10" ten="316,190,274,220" oya="2" hai0="44,20,14,81,33,16,51,21,130,30,125,65,35" hai1="117,12,107,82,131,98,64,110,6,5,41,109,25" hai2="83,48,112,134,2,22,7,53,85,103,27,26,46" hai3="89,4,118,49,61,78,3,60,47,126,8,59,90"/><V87/><F112/><W96/><G118/><T94/><D130/><U19/><E117/><V123/><F123/><W127/><G78/><T39/><D125/><N who="3" m="47625" /><G96/><T135/><D135/><U62/><E131/><V42/><F134/><W79/><G79/><T108/><D108/><N who="1" m="41579" /><E25/><V115/><F115/><W37/><G37/><T114/><D39/><U101/><E82/><V1/><F103/><W84/><G59/><T100/><D65/><U13/><E41/><V56/><F7/><N who="1" m="2569" /><E19/><V69/><F69/><AGARI ba="0,0" hai="12,13,62,64,69,98,101,107" m="2569,41579" machi="69" ten="30,3900,0" yaku="14,1,52,2" doraHai="10" who="1" fromWho="2" sc="316,0,190,39,274,-39,220,0" /><INIT seed="3,0,0,3,4,111" ten="316,229,235,220" oya="3" hai0="115,37,45,54,12,66,32,38,18,58,7,100,6" hai1="72,33,128,86,30,68,34,13,73,87,127,2,9" hai2="78,27,113,23,94,129,29,28,74,31,98,53,46" hai3="124,25,57,64,126,133,131,26,11,105,103,88,134"/><W21/><G131/><T56/><D115/><U3/><E128/><V16/><F129/><W61/><G105/><T48/><D32/><N who="1" m="12395" /><E13/><V125/><F125/><N who="3" m="48235" /><G103/><T17/><D100/><U119/><E127/><V4/><F4/><N who="0" m="1578" /><D38/><U39/><E39/><V67/><F67/><W122/><G122/><T70/><D37/><U35/><E9/><V50/><F74/><N who="1" m="28777" /><E119/><V102/><REACH who="2" step="1"/><F78/><REACH who="2" ten="316,229,225,220" step="2"/><W83/><G11/><T99/><D66/><U14/><E2/><V19/><F19/><N who="3" m="12479" /><G26/><T117/><D18/><U62/><E3/><V51/><F51/><W77/><G77/><T96/><D117/><U44/><E30/><V36/><F36/><W63/><G63/><T75/><D17/><U123/><E62/><V116/><F116/><W82/><G82/><T106/><D48/><U20/><E123/><V42/><F42/><W5/><G5/><T91/><D75/><U60/><E60/><V135/><F135/><N who="3" m="51723" /><G83/><T71/><D71/><U89/><E68/><V59/><F59/><W22/><G22/><T49/><D70/><U120/><E20/><V130/><F130/><W101/><G101/><N who="0" m="62759" /><D58/><U52/><E35/><V40/><F40/><W118/><G118/><T24/><D56/><U41/><E41/><V95/><F95/><W108/><G108/><T8/><D49/><U93/><E120/><V85/><F85/><W55/><G64/><T109/><D109/><U80/><E87/><V43/><F43/><W132/><N who="3" m="51731" /><W107/><DORA hai="1" /><G107/><T15/><D99/><U84/><E84/><V104/><F104/><W90/><AGARI ba="0,1" hai="55,57,61,88,90" m="51731,12479,48235" machi="90" ten="50,9600,0" yaku="18,1,20,1,54,1" doraHai="111,1" who="3" fromWho="3" sc="316,-32,229,-32,225,-32,220,106" owari="284,8.4,197,-20.3,193,-30.7,326,42.6" /></mjloggm>