<mjloggm ver="2.3"><GO type="225" lobby="0"/><UN n0="%E3%81%B5%E3%81%98%E3%81%8B%E3%81%A4" n1="%E3%81%AA%E3%81%A3%E3%81%8D%E3%82%8A" n2="%E3%83%89%E3%83%A9%E3%81%8F%E3%82%8C" n3="%E4%BF%BA%E3%81%A8%E5%A6%96%E5%A4%A2" dan="17,18,17,17" rate="2189.39,2181.14,2220.27,2197.34" sx="M,M,M,F"/><TAIKYOKU oya="0"/><INIT seed="0,0,0,1,3,74" ten="250,250,250,250" oya="0" hai0="88,36,46,60,19,80,105,29,76,53,70,21,30" hai1="85,43,103,75,5,14,58,16,87,122,6,49,3" hai2="134,91,41,107,79,95,124,106,51,1,81,0,33" hai3="119,45,17,26,129,32,40,55,115,101,128,22,112"/><T104/><D53/><N who="1" m="32047" /><E75/><V38/><F33/><W77/><G119/><T130/><D130/><N who="3" m="50281" /><G32/><T83/><D70/><U98/><E3/><V35/><F35/><W4/><G101/><T48/><D60/><U92/><E43/><V9/><F38/><N who="3" m="21655" /><G4/><N who="1" m="1642" /><E122/><V18/><F0/><W15/><G15/><N who="0" m="9471" /><D36/><U10/><AGARI ba="0,0" hai="10,14,16,85,87,92,98,103" m="1642,32047" machi="10" ten="30,2000,0" yaku="8,1,54,1" doraHai="74" who="1" fromWho="1" sc="250,-10,250,20,250,-5,250,-5" /><INIT seed="1,0,0,5,4,3" ten="240,270,245,245" oya="1" hai0="53,58,132,27,38,64,30,1,47,48,11,26,98" hai1="97,19,79,118,7,101,116,28,131,42,115,95,31" hai2="15,87,21,52,18,20,91,127,55,84,40,100,103" hai3="68,61,122,92,113,96,49,39,69,41,70,57,135"/><U129/><E115/><V17/><F127/><W51/><G113/><T86/><D132/><U24/><E42/><V9/><F40/><W105/><G105/><T109/><D38/><U76/><E19/><V33/><F33/><W74/><G74/><T16/><D109/><U12/><E79/><V120/><F120/><W88/><G122/><T78/><D98/><U114/><E76/><V22/><F18/><W65/><REACH who="3" step="1"/><G135/><REACH who="3" ten="240,270,245,235" step="2"/><T6/><D64/><U111/><E114/><V43/><F43/><W121/><G121/><T134/><D134/><U123/><E111/><V59/><F55/><W0/><G0/><T56/><D30/><U34/><E28/><V125/><F125/><W133/><G133/><T77/><D1/><U83/><E123/><V60/><REACH who="2" step="1"/><F87/><REACH who="2" ten="240,270,235,235" step="2"/><W80/><G80/><AGARI ba="0,2" hai="9,15,17,20,21,22,52,59,60,80,84,91,100,103" machi="80" ten="40,8000,1" yaku="1,1,2,1,8,1,54,1,53,0" doraHai="3" doraHaiUra="67" who="2" fromWho="3" sc="240,0,270,0,235,100,235,-80" /><INIT seed="2,0,0,3,3,60" ten="240,270,335,155" oya="2" hai0="84,1,117,5,100,15,134,54,52,33,88,102,38" hai1="75,72,11,99,17,36,110,0,39,10,16,127,85" hai2="119,105,83,66,87,44,40,71,49,70,59,28,126" hai3="115,18,19,113,68,25,94,12,131,130,78,23,69"/><V57/><F105/><W118/><G78/><T14/><D33/><U106/><E106/><V109/><F119/><W47/><G118/><T98/><D38/><U26/><E85/><V53/><F126/><W50/><G94/><T6/><D117/><U37/><E99/><V97/><F109/><W116/><G116/><T32/><D32/><U13/><E127/><V125/><F125/><W123/><G123/><T43/><D43/><U95/><E95/><V112/><F112/><N who="3" m="43083" /><G50/><T91/><D1/><U9/><E110/><V128/><F128/><N who="3" m="49195" /><G47/><T121/><D134/><U35/><E0/><V129/><F129/><W27/><G69/><T8/><D121/><U21/><REACH who="1" step="1"/><E35/><REACH who="1" ten="240,260,335,155" step="2"/><V4/><F97/><W90/><G68/><T93/><D102/><U104/><E104/><V67/><F71/><W103/><G103/><T58/><D100/><U82/><E82/><V122/><F70/><W63/><G90/><T79/><D79/><U7/><E7/><V73/><F4/><W133/><G133/><T34/><D34/><U46/><E46/><V61/><F122/><W29/><G63/><T74/><D91/><U132/><E132/><V22/><F87/><W56/><G56/><T89/><D58/><U107/><E107/><V80/><F59/><W20/><G29/><T62/><D62/><U81/><E81/><V3/><F83/><W76/><G76/><T108/><D108/><U96/><E96/><V86/><F86/><W77/><G77/><T41/><D84/><U111/><E111/><V48/><F80/><W135/><G135/><T24/><D89/><U31/><E31/><RYUUKYOKU ba="0,1" sc="240,-15,260,15,335,-15,155,15" hai1="9,10,11,13,16,17,21,26,36,37,39,72,75" hai3="12,18,19,20,23,25,27" /><INIT seed="3,1,1,1,3,106" ten="225,275,320,170" oya="3" hai0="5,120,88,32,25,24,41,65,131,9,100,112,113" hai1="118,84,51,68,29,115,37,26,102,0,3,39,79" hai2="132,21,105,104,107,13,33,135,127,81,4,78,66" hai3="43,72,55,58,85,94,126,69,133,52,20,86,108"/><W47/><G72/><T35/><D65/><U90/><E115/><N who="0" m="44105" /><D100/><U15/><E102/><V97/><F33/><N who="0" m="12874" /><D88/><U75/><E68/><V114/><F66/><W122/><G69/><T16/><D41/><U36/><E51/><V130/><F114/><W73/><G73/><T2/><D120/><U99/><E99/><V22/><F97/><W116/><G122/><T101/><D101/><U17/><E26/><N who="0" m="10345" /><D131/><U14/><E29/><V50/><F130/><W87/><G116/><T48/><D48/><U56/><E56/><V42/><F50/><N who="3" m="27007" /><G133/><T31/><D31/><U95/><E118/><V134/><F42/><W54/><G126/><T83/><D83/><U12/><REACH who="1" step="1"/><E17/><AGARI ba="1,1" hai="2,5,9,16,17" m="10345,12874,44105" machi="17" ten="40,8000,1" yaku="11,1,34,2,54,1" doraHai="106" who="0" fromWho="1" sc="225,93,275,-83,320,0,170,0" owari="318,11.8,192,-20.8,320,42.0,170,-33.0" /></mjloggm>