<mjloggm ver="2.3"><GO type="225" lobby="0"/><UN n0="%6D%75%75%6D%75%72%61" n1="%E6%9A%87%E4%BA%BA%EF%BC%A0%E9%85%8D%E4%BF%A1%E5%9E%A2" n2="%4B%2E%32%2E%4B%2E" n3="%E3%83%B4%E3%82%A3%E3%83%AF%E3%82%B3%E3%82%B0%E3%83%8B" dan="17,17,17,16" rate="2177.35,2177.90,2200.82,2168.53" sx="F,F,M,M"/><TAIKYOKU oya="0"/><INIT seed="0,0,0,3,3,83" ten="250,250,250,250" oya="0" hai0="91,11,97,28,101,75,72,2,109,70,128,114,135" hai1="65,31,74,3,37,98,85,64,14,55,126,102,130" hai2="81,0,53,60,22,108,118,35,32,13,33,82,106" hai3="125,12,121,9,71,16,18,86,29,116,112,119,47"/><T52/><D114/><U42/><E74/><V107/><F0/><W43/><G112/><T39/><D70/><U90/><E3/><V88/><F108/><W56/><G71/><T23/><D39/><U76/><E76/><V67/><F118/><W5/><G125/><T34/><D34/><U104/><E126/><V89/><F53/><W129/><G129/><T25/><D128/><U6/><E130/><V19/><F82/><W26/><G121/><T131/><D131/><U10/><E31/><V123/><F123/><W78/><G56/><T103/><D109/><U17/><E55/><V133/><F133/><W111/><G111/><T93/><D135/><U92/><REACH who="1" step="1"/><E6/><REACH who="1" ten="250,240,250,250" step="2"/><V48/><F35/><W62/><G119/><T45/><D75/><U49/><E49/><V61/><F48/><N who="3" m="26751" /><G116/><T73/><D73/><U99/><E99/><V20/><F67/><W134/><G134/><T124/><D124/><U59/><E59/><V77/><F77/><W68/><G68/><T127/><D127/><U69/><E69/><V122/><F122/><W58/><G78/><T15/><D72/><U95/><E95/><V87/><F32/><W96/><G96/><T63/><D2/><U117/><E117/><V51/><F33/><N who="3" m="20663" /><G86/><T50/><REACH who="0" step="1"/><D63/><REACH who="0" ten="240,240,250,250" step="2"/><U21/><E21/><V132/><F132/><W105/><G105/><N who="2" m="39945" /><F51/><W84/><G84/><T66/><D66/><U41/><E41/><V30/><F22/><W80/><G80/><T7/><AGARI ba="0,2" hai="7,11,15,23,25,28,45,50,52,91,93,97,101,103" machi="7" ten="20,18000,2" yaku="1,1,0,1,7,1,8,1,54,1,53,1" doraHai="83" doraHaiUra="1" who="0" fromWho="0" sc="240,200,240,-60,250,-60,250,-60" /><INIT seed="0,1,0,5,1,75" ten="440,180,190,190" oya="0" hai0="44,38,116,126,12,115,128,125,23,111,80,79,15" hai1="27,25,7,113,130,102,71,103,67,72,36,89,53" hai2="107,24,41,65,133,84,93,98,34,101,45,13,119" hai3="63,49,110,118,37,1,18,2,62,57,135,14,55"/><T76/><D115/><U129/><E113/><V64/><F133/><W4/><G118/><T86/><D116/><U70/><E36/><V26/><F119/><W92/><G37/><T90/><D111/><U117/><E117/><V114/><F114/><W39/><G39/><T122/><D128/><N who="1" m="49259" /><E72/><V5/><F5/><W47/><G110/><T109/><D122/><U100/><E7/><V124/><F13/><N who="0" m="5194" /><D109/><U43/><E43/><V81/><F107/><W106/><G106/><T0/><D0/><U120/><E120/><V99/><F99/><W11/><G135/><T40/><D23/><U61/><E53/><V56/><F34/><W58/><G92/><T51/><D38/><U132/><E132/><V123/><F124/><AGARI ba="1,0" hai="40,44,51,76,79,80,86,90,124,125,126" m="5194" machi="124" ten="30,5800,0" yaku="18,1,52,2" doraHai="75" who="0" fromWho="2" sc="440,61,180,0,190,-61,190,0" /><INIT seed="0,2,0,0,1,65" ten="501,180,129,190" oya="0" hai0="91,4,82,125,99,133,8,27,55,88,3,58,71" hai1="67,6,94,1,2,48,30,41,52,73,109,87,28" hai2="68,16,100,118,33,86,72,128,38,104,32,122,105" hai3="75,77,114,14,13,36,0,129,135,81,10,123,131"/><T108/><D133/><U60/><E73/><V97/><F72/><W85/><G114/><T21/><D125/><U89/><E41/><V18/><F122/><W59/><G135/><T7/><D7/><U44/><E109/><V64/><F38/><W106/><G123/><T120/><D120/><U69/><REACH who="1" step="1"/><E6/><REACH who="1" ten="501,170,129,190" step="2"/><V9/><F118/><W93/><G75/><T134/><D108/><U37/><E37/><V61/><F128/><W132/><G36/><T126/><D134/><U79/><E79/><V35/><F105/><W117/><G117/><T5/><D4/><U12/><E12/><V92/><REACH who="2" step="1"/><F9/><REACH who="2" ten="501,170,119,190" step="2"/><W116/><G116/><T90/><D8/><U95/><E95/><V115/><F115/><W111/><G129/><T63/><D126/><U54/><E54/><V76/><F76/><W53/><G131/><T42/><D55/><U78/><E78/><V49/><F49/><W39/><G39/><T51/><D51/><U45/><E45/><V25/><F25/><W57/><G106/><T127/><D27/><U96/><E96/><V31/><F31/><AGARI ba="2,2" hai="1,2,28,30,31,44,48,52,60,67,69,87,89,94" machi="31" ten="40,5200,0" yaku="1,1,52,1,54,1,53,0" doraHai="65" doraHaiUra="121" who="1" fromWho="2" sc="501,0,170,78,119,-58,190,0" /><INIT seed="1,0,0,1,1,66" ten="501,248,61,190" oya="1" hai0="39,41,96,32,78,16,10,104,23,12,58,72,55" hai1="52,126,62,47,29,87,1,108,9,81,5,79,91" hai2="130,128,86,8,69,134,99,27,68,28,36,90,114" hai3="118,17,95,77,13,60,123,34,83,51,71,111,109"/><U74/><E126/><V25/><F36/><W59/><G34/><T26/><D32/><U73/><E108/><N who="3" m="41546" /><G118/><T63/><D72/><U15/><E29/><V127/><F127/><W80/><G123/><T7/><D78/><U31/><E31/><V0/><F134/><W33/><G33/><T67/><D39/><U84/><E1/><V54/><F114/><W11/><G71/><N who="2" m="27209" /><F99/><W44/><G95/><T120/><D120/><U122/><E122/><V121/><F121/><W101/><G101/><T125/><D125/><U40/><E62/><V93/><F28/><W70/><G70/><T85/><D41/><U76/><E76/><V112/><F112/><W102/><G102/><T132/><D132/><U89/><E52/><V53/><F53/><N who="3" m="33903" /><G77/><T30/><D55/><AGARI ba="0,0" hai="11,13,17,44,51,55,80,83" m="33903,41546" machi="55" ten="30,1000,0" yaku="14,1" doraHai="66" who="3" fromWho="0" sc="501,-10,248,0,61,0,190,10" /><INIT seed="2,0,0,2,4,123" ten="491,248,61,200" oya="2" hai0="106,25,7,104,20,119,95,124,61,55,111,62,70" hai1="71,120,72,3,36,93,85,18,46,2,83,24,88" hai2="12,101,39,21,13,112,109,127,40,76,100,115,4" hai3="81,51,69,37,114,52,79,117,56,103,84,6,80"/><V63/><F76/><W82/><G117/><T1/><D119/><U135/><E71/><V29/><F63/><W53/><G37/><T5/><D111/><U113/><E113/><N who="2" m="43595" /><F40/><W35/><G35/><T132/><D62/><U78/><E120/><V34/><F39/><W92/><G69/><T133/><D104/><U23/><REACH who="1" step="1"/><E135/><REACH who="1" ten="491,238,61,200" step="2"/><V65/><F65/><W130/><G114/><T89/><D70/><U59/><E59/><V96/><F100/><W102/><G102/><T110/><D132/><U19/><E19/><N who="2" m="10471" /><F101/><W108/><G103/><T99/><D55/><U10/><E10/><N who="2" m="4295" /><F96/><W128/><G81/><T16/><D61/><U44/><E44/><V9/><F127/><W42/><G51/><T64/><D124/><U57/><E57/><V118/><F118/><W94/><G42/><AGARI ba="0,1" hai="2,3,18,23,24,36,42,46,72,78,83,85,88,93" machi="42" ten="40,5200,0" yaku="1,1,54,1,53,1" doraHai="123" doraHaiUra="107" who="1" fromWho="3" sc="491,0,238,62,61,0,200,-52" /><INIT seed="3,0,0,5,3,12" ten="491,300,61,148" oya="3" hai0="8,43,109,113,47,54,71,70,10,58,131,18,49" hai1="99,97,65,23,86,82,80,122,72,35,92,114,108" hai2="9,77,68,60,89,101,17,134,117,106,118,7,39" hai3="64,132,120,123,1,29,56,21,34,5,115,46,53"/><W90/><G115/><T51/><D113/><U27/><E114/><V28/><F39/><W40/><G132/><T2/><D109/><U74/><E35/><V48/><F134/><W32/><G64/><T3/><D131/><U0/><E0/><V96/><F28/><W104/><G104/><T91/><D91/><U13/><E108/><V119/><F77/><W66/><G66/><T127/><D127/><U88/><E122/><V126/><F126/><W81/><G1/><T79/><D79/><U38/><E38/><V75/><F75/><W112/><G5/><T33/><D33/><U26/><E65/><V59/><F68/><W61/><G112/><T130/><D130/><U103/><E72/><V6/><F48/><W83/><G32/><T42/><D18/><N who="1" m="10703" /><E74/><V73/><F73/><W85/><G34/><T50/><D50/><U98/><E103/><V95/><F59/><W63/><G63/><T78/><D58/><U84/><E80/><V124/><F60/><W110/><G110/><T44/><D78/><AGARI ba="0,0" hai="26,27,78,82,84,86,88,92,97,98,99" m="10703" machi="78" ten="30,3900,0" yaku="8,1,52,1,54,1" doraHai="12" who="1" fromWho="0" sc="491,-39,300,39,61,0,148,0" owari="452,55.2,339,13.9,61,-43.9,148,-25.2" /></mjloggm>