<mjloggm ver="2.3"><GO type="225" lobby="0"/><UN n0="%6D%75%75%73%61%6E%6D%75" n1="%E3%82%BC%E3%83%AB%E3%83%80%E3%81%AE%E4%BC%9D%E8%AA%AC" n2="%E3%82%A2%E3%83%AC%E3%83%83%E3%82%AF%E3%82%B9%5A%5A%56" n3="%E4%B8%89%E5%88%86%E5%B0%8F%E5%83%A7" dan="17,17,16,16" rate="2147.60,2172.98,2083.64,2074.49" sx="F,M,F,M"/><TAIKYOKU oya="0"/><INIT seed="0,0,0,2,2,60" ten="250,250,250,250" oya="0" hai0="25,36,66,64,35,7,11,61,95,97,48,102,104" hai1="51,52,16,34,99,49,3,98,128,40,101,117,54" hai2="134,87,83,107,63,23,24,56,77,44,113,62,65" hai3="109,73,112,28,84,19,67,91,96,118,93,74,76"/><T124/><D36/><U58/><E117/><V92/><F113/><W13/><G112/><T2/><D124/><U4/><E34/><V125/><F107/><W43/><G118/><T114/><D114/><U130/><E40/><V5/><F125/><W90/><G109/><T26/><D35/><U79/><E79/><V105/><F105/><W110/><G110/><T108/><D108/><U14/><E4/><V80/><F134/><W81/><G28/><T27/><D61/><U53/><E3/><V10/><F92/><W37/><G37/><T119/><D119/><U29/><E29/><V103/><F103/><W122/><G43/><T59/><REACH who="0" step="1"/><D104/><REACH who="0" ten="240,250,250,250" step="2"/><U133/><E133/><V78/><F63/><W69/><G122/><T39/><D39/><U75/><E51/><V115/><F115/><W38/><G38/><T12/><D12/><U6/><E49/><V31/><F44/><W46/><G13/><T82/><D82/><U30/><E14/><V1/><REACH who="2" step="1"/><F83/><REACH who="2" ten="240,250,240,250" step="2"/><W86/><G81/><T131/><D131/><U42/><E130/><V33/><F33/><W22/><G74/><T45/><D45/><U17/><E75/><V41/><F41/><W126/><G73/><T120/><D120/><U85/><E42/><V18/><F18/><W71/><G46/><T20/><D20/><U121/><E16/><V47/><F47/><W68/><G19/><T127/><D127/><U132/><E128/><V21/><F21/><W50/><G22/><T135/><D135/><U94/><E121/><V111/><F111/><W100/><G126/><T129/><D129/><U15/><E132/><RYUUKYOKU ba="0,2" sc="240,15,250,-15,240,15,250,-15" hai0="2,7,11,25,26,27,48,59,64,66,95,97,102" hai2="1,5,10,23,24,31,56,62,65,77,78,80,87" /><INIT seed="0,1,2,2,1,51" ten="255,235,255,235" oya="0" hai0="29,99,50,0,31,45,4,93,135,55,5,33,119" hai1="124,122,34,37,1,84,73,30,16,131,63,74,121" hai2="60,59,114,14,75,127,115,25,9,67,90,17,22" hai3="72,98,18,94,23,40,69,118,66,112,26,129,2"/><T87/><D119/><U65/><E1/><V68/><F127/><W71/><G112/><T80/><D135/><U89/><E37/><V91/><F75/><W48/><G118/><T70/><D70/><U11/><E124/><V38/><F38/><W12/><G2/><T116/><D116/><U132/><E132/><V78/><F78/><W109/><G72/><T125/><D125/><U88/><E74/><V101/><F101/><W76/><G76/><N who="0" m="46471" /><D33/><U97/><E73/><V56/><F68/><W96/><G109/><T47/><D47/><U15/><E131/><V64/><F64/><W104/><G129/><T35/><D35/><U24/><E97/><V117/><F56/><W61/><G104/><T79/><D79/><U130/><E130/><V100/><F100/><W120/><G120/><T20/><D0/><U43/><E43/><V106/><F106/><W77/><G77/><T126/><D126/><U6/><E6/><N who="0" m="2665" /><D20/><U81/><REACH who="1" step="1"/><E89/><AGARI ba="1,2" hai="29,31,45,50,55,89,93,99" m="2665,46471" machi="89" ten="30,2900,0" yaku="8,1,52,1" doraHai="51" who="0" fromWho="1" sc="255,52,235,-32,255,0,235,0" /><INIT seed="0,2,0,2,0,37" ten="307,203,255,235" oya="0" hai0="98,82,67,10,17,135,107,62,45,19,112,74,87" hai1="30,118,31,46,4,116,40,121,95,78,115,7,3" hai2="105,125,79,51,22,103,57,94,120,77,20,111,76" hai3="60,53,83,8,56,99,39,100,114,127,25,6,41"/><T5/><D112/><U66/><E121/><V84/><F111/><W90/><G114/><T48/><D74/><U108/><E115/><V106/><F120/><W81/><G127/><T101/><D135/><U88/><E108/><V123/><F123/><W1/><G25/><T54/><D82/><U92/><E78/><V68/><F68/><W134/><G134/><T113/><D87/><U131/><E131/><V110/><F110/><W49/><G39/><T23/><D113/><U15/><E3/><V38/><F38/><W29/><G29/><T35/><D23/><U80/><E66/><V85/><F106/><W34/><G34/><T69/><REACH who="0" step="1"/><D35/><REACH who="0" ten="297,203,255,235" step="2"/><U24/><E118/><V73/><F20/><W9/><G9/><T104/><D104/><U72/><E72/><V96/><F22/><W58/><G83/><T59/><D59/><U26/><E116/><V71/><F73/><W126/><G126/><T11/><D11/><U102/><E80/><V97/><F125/><W18/><G81/><T42/><D42/><U0/><E40/><V32/><F32/><W75/><G75/><T117/><D117/><U119/><E119/><V86/><F86/><W129/><G41/><T63/><D63/><U61/><E61/><V33/><F33/><W122/><G122/><T14/><AGARI ba="2,1" hai="5,10,14,17,19,45,48,54,62,67,69,98,101,107" machi="14" ten="20,3900,0" yaku="1,1,0,1,7,1,53,0" doraHai="37" doraHaiUra="128" who="0" fromWho="0" sc="297,55,203,-15,255,-15,235,-15" /><INIT seed="0,3,0,0,1,55" ten="352,188,240,220" oya="0" hai0="123,107,114,134,14,50,124,45,89,119,26,90,54" hai1="44,4,75,71,111,5,129,78,113,116,132,20,101" hai2="39,51,10,135,94,122,40,19,72,56,21,131,121" hai3="34,81,15,12,7,77,87,13,30,62,130,65,58"/><T18/><D114/><U16/><E116/><V127/><F72/><W33/><G130/><T79/><D119/><U126/><E71/><V64/><F131/><W36/><G36/><T35/><D123/><U23/><E129/><V29/><F135/><W99/><G30/><T42/><D107/><U91/><E101/><V24/><F127/><W11/><REACH who="3" step="1"/><G99/><REACH who="3" ten="352,188,240,210" step="2"/><T108/><D124/><U95/><E126/><V82/><F39/><W76/><G76/><T105/><D79/><U46/><E132/><V41/><F29/><W128/><G128/><T60/><D134/><U74/><E113/><V57/><F121/><W63/><G63/><T92/><D60/><U84/><E111/><V120/><F122/><W1/><AGARI ba="3,1" hai="1,7,11,12,13,15,33,34,58,62,65,77,81,87" machi="1" ten="30,4000,0" yaku="1,1,0,1,52,1,53,0" doraHai="55" doraHaiUra="100" who="3" fromWho="3" sc="352,-23,188,-13,240,-13,210,59" /><INIT seed="1,0,0,1,2,112" ten="329,175,227,269" oya="1" hai0="13,68,101,50,97,23,47,129,88,79,70,60,1" hai1="65,72,22,29,100,80,52,109,12,41,25,64,57" hai2="21,135,10,83,98,115,128,4,6,66,96,122,18" hai3="102,0,111,93,36,11,81,67,55,118,134,5,7"/><U131/><E131/><V78/><F122/><W114/><G114/><T82/><D1/><U119/><E119/><V59/><F128/><W91/><G111/><T2/><D2/><U103/><E109/><V77/><F135/><W46/><G134/><T39/><D39/><U54/><E41/><V95/><F98/><W86/><G7/><T61/><D129/><U104/><E54/><V24/><F115/><W74/><G67/><T69/><D88/><U130/><E130/><V87/><F77/><N who="3" m="44215" /><G55/><T51/><D23/><U124/><E124/><V105/><F105/><W33/><G102/><N who="1" m="38954" /><E72/><V8/><F4/><W71/><G33/><T40/><D50/><N who="1" m="30871" /><E104/><V30/><F6/><W99/><G71/><T127/><D127/><U53/><E80/><V76/><F76/><W110/><G110/><T90/><D90/><U17/><E53/><V45/><F45/><W106/><G106/><T56/><D56/><U94/><E94/><V107/><F107/><W37/><G37/><T58/><D58/><U28/><E28/><V120/><F120/><W3/><G3/><T73/><REACH who="0" step="1"/><D13/><REACH who="0" ten="319,175,227,269" step="2"/><U126/><E126/><V9/><F59/><W43/><G99/><T14/><D14/><U133/><E133/><V35/><F96/><W44/><G44/><T48/><D48/><U121/><E121/><V15/><F78/><W26/><G26/><T20/><D20/><AGARI ba="0,1" hai="12,17,20,22,25,29,64,65" m="30871,38954" machi="20" ten="30,2900,0" yaku="8,1,54,1" doraHai="112" who="1" fromWho="0" sc="319,-29,175,39,227,0,269,0" /><INIT seed="1,1,0,3,3,120" ten="290,214,227,269" oya="1" hai0="121,84,49,89,28,56,109,70,82,47,42,67,16" hai1="72,105,104,103,1,113,97,99,22,19,5,0,38" hai2="62,37,94,24,23,48,123,69,74,111,68,86,63" hai3="59,117,127,93,83,18,108,14,64,45,88,61,53"/><U134/><E113/><V132/><F123/><W25/><G127/><T3/><D121/><U55/><E38/><V27/><F37/><W66/><G117/><T133/><D3/><U35/><E35/><V129/><F74/><W85/><G108/><T40/><D70/><U81/><E134/><V51/><F111/><W100/><G25/><T50/><D109/><U57/><E5/><V54/><F54/><W21/><REACH who="3" step="1"/><G45/><REACH who="3" ten="290,214,227,259" step="2"/><N who="0" m="25767" /><D133/><U128/><E128/><V32/><F27/><W73/><G73/><T95/><D28/><U76/><E105/><V87/><F24/><W78/><G78/><T41/><D47/><U107/><E107/><V122/><F122/><W31/><G31/><T39/><D39/><U114/><E114/><V96/><F132/><W101/><G101/><T77/><D50/><U8/><E104/><V124/><F48/><W11/><G11/><T26/><D42/><U33/><E8/><V125/><F51/><W44/><G44/><T102/><D41/><U29/><E103/><V65/><F125/><W98/><AGARI ba="1,1" hai="14,18,21,53,59,61,64,66,83,85,88,93,98,100" machi="98" ten="30,7900,0" yaku="1,1,0,1,8,1,54,1,53,0" doraHai="120" doraHaiUra="110" who="3" fromWho="3" sc="290,-21,214,-40,227,-21,259,92" /><INIT seed="2,0,0,0,0,45" ten="269,174,206,351" oya="2" hai0="58,48,76,29,112,40,49,53,135,106,4,34,80" hai1="98,47,26,120,89,131,99,46,52,50,123,113,55" hai2="110,74,85,103,134,83,10,17,67,8,73,119,127" hai3="117,102,2,7,64,72,104,105,124,28,84,44,61"/><V20/><F119/><W12/><G12/><T111/><D112/><U23/><E113/><V35/><F35/><W132/><G84/><T31/><D106/><U128/><E89/><V15/><F134/><W126/><G117/><T116/><D116/><U79/><E79/><V93/><F127/><N who="3" m="48683" /><G44/><N who="0" m="25607" /><D34/><U43/><E23/><V24/><F67/><W16/><G28/><N who="0" m="10827" /><D111/><U129/><E26/><V0/><F110/><W75/><G102/><T108/><D135/><U87/><E87/><V62/><F62/><W71/><G132/><T101/><D108/><U130/><N who="1" m="32768" /><DORA hai="1" /><U78/><E78/><V133/><F133/><W96/><G96/><N who="1" m="36906" /><E55/><V94/><F103/><W38/><G38/><AGARI ba="0,0" hai="38,43,46,47,50,52,120,123" m="36906,32768" machi="38" ten="60,7700,0" yaku="19,1,52,1,54,1" doraHai="45,1" who="1" fromWho="3" sc="269,0,174,77,206,0,351,-77" /><INIT seed="3,0,0,5,1,60" ten="269,251,206,274" oya="3" hai0="16,66,51,123,76,79,126,23,27,34,25,37,15" hai1="91,135,8,64,77,61,128,62,38,121,52,2,29" hai2="18,30,28,74,95,125,78,5,26,84,97,48,131" hai3="54,101,96,33,132,105,116,122,46,94,11,93,119"/><W67/><G122/><T109/><D37/><U112/><E121/><V80/><F131/><W71/><G132/><T63/><D123/><U100/><E112/><V56/><F125/><W73/><G73/><T32/><D126/><U21/><E38/><V44/><F5/><W69/><G33/><T9/><D109/><U72/><E100/><V10/><F74/><W43/><G54/><T41/><D32/><U70/><E91/><V58/><F28/><W89/><G11/><T113/><D34/><U75/><E77/><N who="0" m="29769" /><D113/><U81/><E81/><V104/><F104/><W114/><G114/><T87/><D87/><U3/><E128/><V47/><F47/><W12/><G12/><N who="0" m="9607" /><D51/><U99/><E99/><V90/><F10/><W19/><G19/><N who="0" m="8687" /><D41/><U124/><E124/><V110/><F110/><W118/><G105/><T13/><D13/><U49/><E135/><V39/><F39/><W106/><G106/><T55/><D55/><U45/><E2/><V0/><F0/><W4/><G4/><T127/><D127/><U107/><E107/><V103/><F103/><W82/><G101/><T111/><D111/><U88/><E3/><V42/><REACH who="2" step="1"/><F18/><REACH who="2" ten="269,251,196,274" step="2"/><W86/><G118/><T120/><D120/><U129/><E129/><V7/><F7/><W130/><G130/><T133/><D133/><U92/><E8/><V53/><F53/><W117/><G117/><T85/><D85/><N who="1" m="52239" /><E72/><V59/><F59/><AGARI ba="0,1" hai="25,27,59,63,66" m="8687,9607,29769" machi="59" ten="30,3900,0" yaku="8,1,52,1,54,1" doraHai="60" who="0" fromWho="2" sc="269,49,251,0,196,-39,274,0" owari="318,41.8,251,-14.9,157,-34.3,274,7.4" /></mjloggm>