<mjloggm ver="2.3"><GO type="225" lobby="0"/><UN n0="%E6%98%93%E5%88%A9%E8%96%A9%E4%BC%AF" n1="%72%69%6F%75%63%68%61%6E" n2="%E3%83%B4%E3%83%A0%EF%BC%99%E3%81%A6" n3="%E6%A1%9C%E8%8A%B1%E9%96%83%E3%80%85" dan="16,16,16,17" rate="2133.91,2182.69,2134.31,2178.45" sx="F,M,M,M"/><TAIKYOKU oya="0"/><INIT seed="0,0,0,4,5,22" ten="250,250,250,250" oya="0" hai0="115,80,3,73,96,5,130,72,16,32,12,7,43" hai1="8,23,35,24,64,51,106,126,100,58,20,59,57" hai2="14,61,46,53,112,134,40,71,90,15,122,102,108" hai3="38,124,86,4,52,17,41,42,98,30,60,26,123"/><T55/><D115/><U49/><E126/><V117/><F112/><W34/><G124/><T13/><D32/><U107/><E64/><V91/><F122/><W27/><G123/><T78/><D130/><U76/><E76/><V67/><F108/><W56/><G4/><T85/><D3/><U18/><E35/><V63/><F134/><W113/><G113/><T66/><D43/><U127/><E127/><V21/><F102/><W99/><G86/><T95/><D66/><U88/><E8/><V37/><F117/><W19/><G38/><T62/><D73/><U132/><E132/><V93/><F21/><N who="3" m="15727" /><G19/><T1/><D13/><U74/><E74/><V133/><F133/><W50/><G34/><T29/><D29/><U44/><E100/><V39/><F39/><W68/><G68/><T87/><D87/><U54/><E88/><V47/><F91/><W97/><G60/><T6/><D72/><U75/><E75/><V10/><F10/><W135/><G135/><T25/><D1/><U110/><E110/><V116/><F116/><W119/><G119/><T89/><D12/><U31/><REACH who="1" step="1"/><E49/><REACH who="1" ten="250,240,250,250" step="2"/><N who="2" m="28855" /><F61/><W83/><G83/><T65/><D65/><U81/><E81/><V101/><F101/><W11/><G11/><T94/><D94/><U120/><E120/><V79/><F79/><W131/><G131/><T104/><D104/><U109/><E109/><V114/><F114/><W36/><G36/><T84/><D84/><U92/><E92/><V82/><F82/><W48/><G48/><T33/><D33/><U69/><E69/><V45/><F37/><W128/><G128/><RYUUKYOKU ba="0,1" sc="250,-15,240,15,250,-15,250,15" hai1="18,20,23,24,31,44,51,54,57,58,59,106,107" hai3="17,26,41,42,50,52,56,97,98,99" /><INIT seed="1,1,1,2,2,10" ten="235,255,235,265" oya="1" hai0="49,52,107,132,66,37,12,8,50,5,29,56,28" hai1="45,119,106,21,70,15,87,81,131,89,14,100,42" hai2="78,82,44,23,68,17,130,73,134,129,35,126,75" hai3="79,2,122,67,123,43,113,99,71,109,108,105,85"/><U98/><E119/><V26/><F68/><W3/><G43/><T32/><D107/><U33/><E33/><V93/><F126/><W96/><G113/><T115/><D37/><U76/><E70/><V27/><F134/><W102/><G96/><T39/><D39/><U65/><E65/><V77/><F44/><W117/><G85/><T34/><D115/><U90/><E131/><N who="2" m="50187" /><F93/><W0/><G79/><N who="2" m="30217" /><F82/><W127/><G127/><T4/><D132/><U111/><E111/><N who="3" m="42570" /><G117/><T124/><D66/><U125/><E125/><V7/><F7/><W54/><G54/><N who="0" m="31823" /><D34/><U110/><E110/><V128/><N who="2" m="50195" /><V57/><DORA hai="11" /><F57/><W91/><G91/><T116/><D32/><U72/><E21/><V31/><AGARI ba="1,1" hai="17,23,26,27,31,35,73,75" m="30217,50195" machi="31" ten="50,1600,0" yaku="19,1" doraHai="10,11" who="2" fromWho="2" sc="235,-5,255,-9,235,29,265,-5" /><INIT seed="2,0,0,0,0,58" ten="230,246,264,260" oya="2" hai0="53,64,102,125,29,115,27,131,111,90,40,38,68" hai1="91,121,118,18,103,97,1,71,36,54,87,112,45" hai2="4,92,126,6,46,76,24,117,26,135,69,21,43" hai3="132,122,65,113,114,25,16,134,94,12,55,32,11"/><V14/><F117/><W86/><G65/><T60/><D115/><N who="3" m="44041" /><G55/><T7/><D111/><U89/><E112/><V42/><F69/><W106/><G106/><T85/><D131/><U73/><E118/><V108/><F108/><W93/><G122/><T41/><D125/><U123/><E1/><V5/><F126/><W30/><G86/><T133/><D133/><AGARI ba="0,0" hai="11,12,16,25,30,32,93,94,132,133,134" m="44041" machi="133" ten="30,3900,0" yaku="20,1,11,1,54,1" doraHai="58" who="3" fromWho="0" sc="230,-39,246,0,264,0,260,39" /><INIT seed="3,0,0,4,2,64" ten="191,246,264,299" oya="3" hai0="94,31,91,15,44,74,101,18,71,89,110,57,35" hai1="2,49,67,54,29,4,78,128,72,47,59,93,1" hai2="21,84,118,46,48,66,19,3,98,121,86,26,14" hai3="27,130,11,10,107,115,112,12,38,76,123,122,87"/><W133/><G107/><T131/><D110/><U28/><E128/><V134/><F3/><W96/><G38/><T69/><D74/><U104/><E104/><V99/><F118/><W102/><G130/><T108/><D108/><U40/><E67/><V6/><F134/><W56/><G133/><T111/><D111/><U73/><E73/><V42/><F121/><W114/><G27/><T135/><D131/><U117/><E117/><V20/><F66/><W30/><G30/><T43/><D101/><U52/><E54/><V126/><F126/><W68/><G56/><T100/><D100/><U113/><E113/><V0/><F0/><W5/><G68/><T23/><D135/><U9/><E93/><V25/><F25/><W33/><G33/><T62/><D31/><U83/><REACH who="1" step="1"/><E2/><REACH who="1" ten="191,236,264,299" step="2"/><V55/><F55/><W81/><G122/><T132/><D132/><U32/><E32/><V95/><F98/><W65/><G123/><T13/><D35/><U90/><E90/><V17/><REACH who="2" step="1"/><F6/><REACH who="2" ten="191,236,254,299" step="2"/><N who="3" m="3159" /><G65/><N who="0" m="39119" /><D71/><U97/><E97/><V75/><F75/><W119/><G119/><T129/><D69/><U16/><E16/><V51/><F51/><AGARI ba="0,2" hai="1,4,9,28,29,40,47,49,51,52,59,72,78,83" machi="51" ten="30,3900,0" yaku="1,1,7,1,54,1,53,0" doraHai="64" doraHaiUra="70" who="1" fromWho="2" sc="191,0,236,59,254,-39,299,0" /><INIT seed="4,0,0,0,5,31" ten="191,295,215,299" oya="0" hai0="113,54,23,43,108,28,40,99,121,14,100,37,79" hai1="98,106,103,33,56,57,133,67,94,50,52,46,55" hai2="104,61,47,122,93,42,6,116,83,101,70,38,131" hai3="62,81,90,15,2,35,22,16,9,76,111,12,64"/><T87/><D121/><U112/><E33/><V119/><F122/><W80/><G35/><T29/><D113/><U10/><E112/><V110/><F93/><W27/><G111/><T53/><D108/><U78/><E133/><V91/><F110/><W130/><G130/><T105/><D29/><U125/><E125/><V88/><F131/><W41/><G41/><T132/><D132/><U135/><E135/><V96/><F6/><W129/><G90/><T124/><D124/><U21/><E78/><V11/><F11/><W77/><G2/><T69/><D69/><U48/><E10/><V92/><F83/><N who="3" m="31819" /><G15/><T115/><D115/><U102/><E21/><V32/><F32/><W51/><G51/><T74/><D74/><U59/><E67/><N who="2" m="41327" /><F104/><W97/><G97/><T7/><D79/><U34/><E34/><V17/><F17/><N who="3" m="8335" /><G129/><T71/><D87/><U58/><E106/><V118/><AGARI ba="0,0" hai="38,42,47,88,91,92,96,101,116,118,119" m="41327" machi="118" ten="30,2000,0" yaku="12,1,54,1" doraHai="31" who="2" fromWho="2" sc="191,-10,295,-5,215,20,299,-5" /><INIT seed="5,0,0,3,1,44" ten="181,290,235,294" oya="1" hai0="77,16,80,25,71,6,12,42,130,115,31,134,108" hai1="84,51,131,23,121,34,27,59,124,85,50,132,119" hai2="47,29,8,19,133,57,4,127,38,54,92,122,97" hai3="5,0,69,55,26,67,79,10,24,14,72,78,43"/><U103/><E119/><V110/><F110/><W20/><G43/><T17/><D71/><U63/><E121/><V66/><F122/><W91/><G55/><T111/><D42/><U118/><E118/><V61/><F127/><W86/><G72/><T120/><D80/><U22/><E124/><V9/><F133/><W68/><G0/><T82/><D120/><U101/><E132/><V13/><F29/><W37/><G37/><T76/><D76/><U128/><E34/><V30/><F30/><W62/><G68/><T106/><D106/><U98/><E85/><V18/><F38/><W81/><G26/><T89/><D89/><U40/><E84/><V102/><F8/><W45/><G45/><T107/><D107/><N who="1" m="63927" /><E103/><V53/><F53/><W116/><G116/><T64/><D134/><U96/><E96/><V2/><F2/><W11/><G11/><N who="0" m="4215" /><D82/><U48/><E40/><V88/><F102/><W135/><G135/><T32/><D77/><U87/><E87/><V75/><F75/><W36/><G36/><T112/><D64/><N who="1" m="39039" /><E27/><V60/><REACH who="2" step="1"/><F47/><REACH who="2" ten="181,290,225,294" step="2"/><W126/><G126/><T15/><D130/><AGARI ba="0,1" hai="22,23,48,50,51,128,130,131" m="39039,63927" machi="130" ten="30,11600,0" yaku="19,1,52,3" doraHai="44" who="1" fromWho="0" sc="181,-116,290,126,225,0,294,0" owari="65,-43.5,416,51.6,225,-17.5,294,9.4" /></mjloggm>