<mjloggm ver="2.3"><GO type="225" lobby="0"/><UN n0="%E3%82%A2%E3%82%A4%E3%82%B9%E3%83%86%E3%82%A3%E3%83%BC%E3%81%82%E3%81%B9" n1="%E3%83%AD%E3%83%83%E3%83%86%E9%9B%80%E7%90%83" n2="%E3%81%86%E3%83%BC%E3%81%B1%E3%83%BC" n3="%E6%A1%9C%E8%8A%B1%E9%96%83%E3%80%85" dan="16,17,16,17" rate="2083.41,2214.60,2149.56,2158.73" sx="M,M,F,M"/><TAIKYOKU oya="0"/><INIT seed="0,0,0,3,0,105" ten="250,250,250,250" oya="0" hai0="94,44,54,71,6,109,103,118,34,74,114,90,106" hai1="56,121,2,1,50,13,52,73,48,63,76,72,55" hai2="65,88,0,75,4,28,8,128,45,57,3,131,77" hai3="133,89,10,104,70,107,26,115,86,68,37,69,132"/><T124/><D6/><U129/><E121/><V67/><F0/><W18/><G37/><T9/><D9/><U122/><E122/><V98/><F28/><W47/><G47/><T112/><D44/><U61/><E76/><V41/><F57/><W11/><G115/><T42/><D42/><U53/><E13/><V80/><F67/><W85/><G18/><T120/><D54/><U134/><E134/><N who="3" m="51818" /><G26/><T79/><D71/><U17/><E129/><V92/><REACH who="2" step="1"/><F65/><REACH who="2" ten="250,250,240,250" step="2"/><W14/><G70/><T51/><D120/><U111/><E56/><V7/><F7/><W135/><G135/><T16/><D114/><U12/><E17/><V32/><F32/><W108/><G69/><T110/><D16/><U5/><E5/><V60/><F60/><W101/><G68/><T25/><D112/><U38/><E63/><V87/><F87/><W81/><G86/><N who="0" m="52567" /><D34/><U27/><E61/><V116/><F116/><W83/><G85/><T15/><D118/><U43/><E1/><V21/><F21/><W30/><G30/><T59/><D59/><U93/><E2/><V119/><F119/><W22/><G22/><T40/><D110/><U62/><E62/><V78/><F78/><W127/><G108/><T96/><D109/><U102/><E111/><V46/><F46/><W24/><G10/><T23/><D79/><U39/><E39/><AGARI ba="0,1" hai="3,4,8,39,41,45,75,77,80,88,92,98,128,131" machi="39" ten="40,8000,1" yaku="1,1,25,2,52,1,54,1,53,0" doraHai="105" doraHaiUra="66" who="2" fromWho="1" sc="250,0,250,-80,240,90,250,0" /><INIT seed="1,0,0,3,2,51" ten="250,170,330,250" oya="1" hai0="130,105,33,47,39,109,21,26,34,81,28,84,63" hai1="6,85,68,4,106,95,74,40,115,24,82,121,8" hai2="64,15,70,111,65,56,32,25,50,96,131,29,54" hai3="10,126,104,127,55,133,48,23,76,52,88,80,12"/><U83/><E121/><V71/><F131/><W79/><G104/><T19/><D130/><U117/><E115/><V30/><F111/><W124/><G133/><T57/><D109/><U114/><E117/><V49/><F29/><W129/><G129/><T110/><D110/><U14/><E114/><V89/><F15/><W36/><G36/><T91/><D105/><U87/><E68/><V108/><F108/><W93/><G23/><T132/><D132/><U44/><E74/><V112/><F112/><W113/><G113/><T94/><D28/><U20/><E106/><V107/><F50/><W58/><G55/><T98/><D47/><U101/><E4/><V3/><F3/><W60/><G60/><T7/><D7/><U0/><E0/><V46/><F89/><W72/><G79/><T125/><D39/><U73/><E73/><V5/><F5/><W66/><G66/><T116/><D116/><U41/><E101/><V62/><F65/><W16/><REACH who="3" step="1"/><G126/><REACH who="3" ten="250,170,330,240" step="2"/><T128/><D125/><U102/><E41/><V31/><F31/><W37/><G37/><T97/><D128/><U13/><E40/><V92/><F107/><W22/><G22/><T99/><D33/><U75/><E75/><V18/><F71/><W9/><G9/><T134/><D34/><U90/><E44/><V135/><F70/><W42/><G42/><T69/><D69/><U11/><E20/><V1/><F135/><W59/><G59/><T45/><D45/><U119/><E119/><V67/><F46/><W86/><AGARI ba="0,1" hai="10,12,16,48,52,58,72,76,80,86,88,93,124,127" machi="86" ten="30,12000,2" yaku="1,1,0,1,52,1,54,3,53,0" doraHai="51" doraHaiUra="61" who="3" fromWho="3" sc="250,-30,170,-60,330,-30,240,130" /><INIT seed="2,0,0,4,1,123" ten="220,110,300,370" oya="2" hai0="0,110,107,133,75,42,92,63,91,82,17,100,104" hai1="29,68,118,4,64,88,55,5,54,102,16,94,108" hai2="26,27,95,12,35,72,116,86,57,130,90,32,28" hai3="113,67,62,8,3,38,109,69,41,44,51,9,6"/><V125/><F130/><W115/><G109/><T80/><D0/><U34/><E118/><V124/><F116/><W33/><G33/><T112/><D42/><U134/><E134/><V81/><F12/><W36/><REACH who="3" step="1"/><G9/><REACH who="3" ten="220,110,300,360" step="2"/><T7/><D110/><U47/><E108/><V87/><F72/><W131/><G131/><T122/><D75/><U65/><E102/><V117/><F117/><W31/><G31/><T19/><D100/><U37/><E29/><V56/><F35/><W114/><AGARI ba="0,1" hai="3,6,8,36,38,41,44,51,62,67,69,113,114,115" machi="114" ten="30,4000,0" yaku="1,1,0,1,11,1,53,0" doraHai="123" doraHaiUra="76" who="3" fromWho="3" sc="220,-10,110,-10,300,-20,360,50" /><INIT seed="3,0,0,2,4,74" ten="210,100,280,410" oya="3" hai0="121,51,117,24,76,16,62,29,35,41,104,55,90" hai1="85,108,98,38,83,59,4,46,88,30,132,107,113" hai2="57,86,124,122,15,65,73,126,18,93,94,67,125" hai3="95,120,28,66,0,135,105,53,50,9,43,40,130"/><W1/><G105/><T87/><D121/><U89/><E113/><V54/><F73/><W68/><G120/><T129/><D104/><U123/><E123/><V78/><F122/><W133/><G28/><T128/><D41/><N who="3" m="15945" /><G95/><N who="2" m="36361" /><F78/><W14/><G130/><N who="0" m="50283" /><D62/><U114/><E114/><V82/><F86/><W91/><G91/><T112/><D112/><U84/><E108/><V3/><F82/><W22/><G22/><T23/><D117/><U5/><E132/><N who="3" m="50762" /><G66/><T42/><D42/><U64/><E46/><V127/><F127/><W44/><G68/><T34/><D29/><U27/><E38/><V8/><F3/><W33/><G33/><T13/><D24/><U31/><E98/><V19/><F19/><AGARI ba="0,0" hai="0,1,9,14,19,44,50,53" m="50762,15945" machi="19" ten="30,1500,0" yaku="20,1" doraHai="74" who="3" fromWho="2" sc="210,0,100,0,280,-15,410,15" owari="210,-19.0,100,-40.0,265,6.5,425,52.5" /></mjloggm>