<mjloggm ver="2.3"><GO type="225" lobby="0"/><UN n0="%E3%82%AD%E3%83%AA%E3%83%B3%E3%82%AD%E3%83%AA%E3%83%B3" n1="%E3%81%8F%E3%82%8A%E3%83%94%E3%83%BC" n2="%E3%83%AD%E3%83%83%E3%83%86%E9%9B%80%E7%90%83" n3="%E5%A4%96%E5%B7%9D%E7%AB%9C%E6%88%90" dan="16,16,17,16" rate="2055.46,2079.10,2265.39,2133.26" sx="M,M,M,M"/><TAIKYOKU oya="0"/><INIT seed="0,0,0,4,4,99" ten="250,250,250,250" oya="0" hai0="109,39,15,83,106,69,110,38,115,49,36,132,5" hai1="135,70,48,31,6,75,94,92,130,45,37,13,42" hai2="14,84,28,35,112,78,77,51,128,118,17,114,116" hai3="57,104,1,7,58,71,44,53,93,76,62,98,8"/><T55/><D69/><U3/><E130/><V113/><F51/><W56/><G104/><T95/><D106/><U12/><E135/><V21/><F84/><W89/><G76/><T41/><D115/><U63/><E31/><V129/><F78/><W90/><G71/><T101/><D83/><U0/><E75/><V9/><F77/><W74/><G74/><T47/><D132/><U27/><E27/><N who="2" m="16495" /><F35/><W22/><G22/><T23/><D41/><U85/><E37/><V64/><F64/><W111/><G111/><N who="0" m="42507" /><D23/><U134/><E134/><V24/><F24/><W126/><G126/><T11/><D39/><U117/><E42/><V103/><F103/><W81/><G44/><T97/><AGARI ba="0,0" hai="5,11,15,36,38,47,49,55,95,97,101" m="42507" machi="97" ten="30,6000,0" yaku="14,1,10,1,52,1" doraHai="99" who="0" fromWho="0" sc="250,60,250,-20,250,-20,250,-20" /><INIT seed="0,1,0,3,3,35" ten="310,230,230,230" oya="0" hai0="28,61,127,100,68,109,104,62,123,3,77,33,49" hai1="16,121,128,108,131,40,27,94,66,64,71,107,5" hai2="119,118,106,60,90,102,65,134,97,18,56,78,13" hai3="45,50,14,92,51,81,105,133,84,0,76,58,82"/><T23/><D3/><U34/><E121/><V43/><F134/><W15/><G105/><T87/><D123/><U72/><E107/><V48/><F78/><W126/><G133/><T96/><D33/><U59/><E72/><V54/><F43/><W88/><G126/><T116/><D116/><U130/><E71/><V74/><F74/><W30/><G30/><T115/><D115/><U37/><E108/><V91/><F119/><W38/><G0/><T7/><D7/><U135/><E135/><V1/><F1/><W124/><G124/><T2/><D2/><U69/><E69/><V17/><F118/><W20/><G38/><T9/><D9/><U95/><E5/><V120/><F120/><W83/><G76/><T129/><D129/><U73/><E73/><V29/><F29/><W22/><G58/><T26/><D68/><U80/><E80/><V44/><REACH who="2" step="1"/><F18/><REACH who="2" ten="310,230,220,230" step="2"/><N who="3" m="10327" /><G45/><T122/><D122/><U98/><E16/><AGARI ba="1,1" hai="15,16,22,50,51,81,82,83,84,88,92" m="10327" machi="16" ten="30,3900,0" yaku="8,1,54,2" doraHai="35" who="3" fromWho="1" sc="310,0,230,-42,220,0,230,52" /><INIT seed="1,0,0,1,1,82" ten="310,188,220,282" oya="1" hai0="110,86,78,67,89,100,39,26,15,132,33,84,20" hai1="31,101,12,80,4,1,71,2,76,126,111,119,104" hai2="38,70,34,125,99,134,88,118,30,53,14,65,130" hai3="122,106,77,29,3,59,45,123,68,41,98,128,64"/><U117/><E71/><V83/><F118/><W94/><G3/><T16/><D39/><U25/><E126/><V75/><F38/><W57/><G106/><T66/><D100/><U116/><E111/><V85/><F75/><W60/><G128/><T19/><D33/><U127/><E127/><V79/><F125/><W28/><G77/><T27/><D132/><U93/><E93/><N who="2" m="56743" /><F34/><W97/><G68/><T37/><D37/><U107/><E12/><V92/><F70/><W69/><G69/><T120/><D120/><U47/><E47/><V55/><F130/><W51/><G59/><T43/><D43/><U21/><E101/><V50/><F134/><W131/><G98/><T72/><D72/><U0/><REACH who="1" step="1"/><E4/><REACH who="1" ten="310,178,220,282" step="2"/><V32/><F14/><W129/><G123/><T96/><D110/><U95/><E95/><V56/><F92/><W74/><G122/><T133/><D133/><U23/><E23/><V114/><F32/><W52/><G131/><T36/><D15/><U9/><E9/><V103/><F103/><W108/><G129/><T11/><D11/><U58/><E58/><N who="2" m="33079" /><F114/><W35/><G108/><T6/><D6/><U49/><E49/><N who="2" m="30831" /><F65/><W113/><G35/><T121/><D67/><U54/><E54/><V73/><F73/><AGARI ba="0,1" hai="0,1,2,21,25,31,73,76,80,104,107,116,117,119" machi="73" ten="50,2400,0" yaku="1,1,53,0" doraHai="82" doraHaiUra="91" who="1" fromWho="2" sc="310,0,178,34,220,-24,282,0" /><INIT seed="1,1,0,0,3,24" ten="310,212,196,282" oya="1" hai0="20,97,52,47,10,126,129,34,40,28,92,0,18" hai1="32,112,103,46,43,51,78,88,115,123,114,128,31" hai2="29,48,63,95,84,42,110,27,15,17,113,77,75" hai3="58,37,12,127,124,39,5,33,66,9,38,98,94"/><U108/><E123/><V122/><F110/><W83/><G33/><T91/><D129/><U121/><E121/><V1/><F1/><W120/><G120/><T134/><D134/><U82/><E108/><V130/><F130/><W87/><G66/><T67/><D67/><U22/><E128/><V99/><F75/><W81/><G58/><T23/><D126/><N who="3" m="48169" /><G87/><T79/><D79/><U54/><E103/><AGARI ba="1,0" hai="5,9,12,37,38,39,81,83,94,98,103" m="48169" machi="103" ten="40,1300,0" yaku="18,1" doraHai="24" who="3" fromWho="1" sc="310,0,212,-16,196,0,282,16" /><INIT seed="2,0,0,3,2,135" ten="310,196,196,298" oya="2" hai0="36,68,122,21,93,53,16,92,57,76,95,31,84" hai1="26,107,34,47,98,55,37,54,49,40,9,83,61" hai2="105,0,25,116,56,52,132,118,29,5,120,89,97" hai3="23,125,19,6,41,51,46,39,79,124,66,45,28"/><V127/><F120/><W90/><G79/><T133/><D36/><U48/><E61/><V12/><F0/><W103/><G103/><T88/><D31/><U104/><E98/><V35/><F132/><W1/><G66/><T50/><D68/><U24/><E9/><V81/><F127/><N who="3" m="48715" /><G28/><T7/><D7/><U86/><E34/><V17/><F5/><W111/><G111/><T8/><D8/><U73/><E73/><V70/><F70/><W72/><G72/><T38/><D38/><U75/><E75/><V110/><F110/><W106/><G106/><T4/><D4/><U18/><E18/><V43/><F43/><W119/><G119/><T60/><D76/><U64/><E64/><V96/><F105/><W13/><G90/><T71/><D133/><U3/><E3/><V33/><F33/><W2/><G6/><T100/><D100/><U65/><E65/><V82/><F118/><W134/><G134/><T126/><D126/><U63/><E107/><V74/><F116/><W44/><G44/><N who="0" m="27847" /><D71/><U128/><E104/><V20/><F74/><W62/><G62/><T130/><D122/><U99/><E63/><N who="2" m="36231" /><F89/><W113/><G113/><T78/><D78/><U129/><E47/><V10/><F35/><W94/><G94/><T27/><D130/><U112/><E112/><V80/><AGARI ba="0,0" hai="10,12,17,20,25,29,80,81,82,96,97" m="36231" machi="80" ten="30,3000,0" yaku="8,1,54,1" doraHai="135" who="2" fromWho="2" sc="310,-10,196,-10,196,30,298,-10" /><INIT seed="2,1,0,4,2,81" ten="300,186,226,288" oya="2" hai0="17,130,73,90,16,37,22,125,128,51,30,33,13" hai1="6,24,102,112,83,45,60,78,68,58,121,57,15" hai2="97,116,9,2,27,91,46,28,115,40,61,114,25" hai3="31,119,34,65,55,56,118,94,92,8,63,79,54"/><V107/><F116/><W134/><G31/><T124/><D37/><U132/><E112/><V38/><F27/><W14/><G34/><T106/><D106/><U47/><E132/><V85/><F61/><W50/><G134/><T20/><D73/><U120/><E102/><V93/><F107/><W70/><G79/><T77/><D77/><U19/><E6/><V131/><F131/><N who="0" m="50218" /><D51/><U12/><E24/><V127/><F127/><N who="0" m="48714" /><D90/><U53/><E68/><V64/><F64/><W122/><G122/><N who="1" m="47210" /><E58/><V87/><F9/><W66/><G119/><T4/><D4/><U82/><E82/><V62/><F2/><W75/><G75/><T113/><D113/><U10/><E12/><V110/><F110/><W126/><G118/><T7/><D7/><U95/><E95/><N who="3" m="36394" /><G70/><T123/><D123/><U100/><E100/><V109/><F109/><W18/><G126/><T41/><D41/><U76/><E76/><V111/><F111/><W84/><G84/><AGARI ba="1,0" hai="10,15,19,45,47,53,57,60,78,83,84" m="47210" machi="84" ten="30,2000,0" yaku="13,1,52,1" doraHai="81" who="1" fromWho="3" sc="300,0,186,23,226,0,288,-23" /><INIT seed="3,0,0,4,2,91" ten="300,209,226,265" oya="3" hai0="82,72,24,18,61,134,53,78,80,104,86,89,63" hai1="69,133,87,130,112,20,125,9,22,47,98,15,13" hai2="10,77,113,84,55,121,31,2,128,66,12,97,51" hai3="50,35,123,3,109,115,29,59,102,6,81,36,33"/><W70/><G70/><T30/><D104/><U65/><E112/><V56/><F113/><W48/><G36/><T34/><D134/><U49/><E133/><V120/><F2/><W105/><G33/><T76/><D76/><U73/><E73/><V21/><F128/><W119/><G35/><T131/><D131/><U44/><E125/><V23/><F66/><W124/><G29/><T114/><D114/><U132/><E132/><V92/><F84/><W103/><G6/><T79/><D79/><U27/><E130/><V99/><F77/><W40/><G50/><T75/><D75/><U7/><E69/><V83/><F83/><W16/><G16/><T43/><D43/><U74/><E74/><V5/><F99/><W28/><G48/><T11/><D53/><U116/><E65/><V38/><F38/><W107/><G40/><T42/><D42/><U90/><E116/><V41/><F41/><W26/><G3/><T68/><D68/><U14/><E98/><V57/><F57/><W60/><G115/><T0/><D0/><U46/><E49/><V64/><F64/><W32/><G119/><T110/><D110/><U118/><E118/><V129/><F129/><W85/><G109/><T95/><D80/><N who="1" m="49511" /><E22/><N who="2" m="8203" /><F31/><AGARI ba="0,0" hai="7,9,13,14,15,20,27,31,44,46,47" m="49511" machi="31" ten="30,1000,0" yaku="8,1" doraHai="91" who="1" fromWho="2" sc="300,0,209,10,226,-10,265,0" owari="300,40.0,219,-18.1,216,-28.4,265,6.5" /></mjloggm>