<mjloggm ver="2.3"><GO type="225" lobby="0"/><UN n0="%E3%81%8F%E3%82%8A%E3%83%94%E3%83%BC" n1="%E4%B8%89%E5%86%A0%E7%8E%8B%E3%83%BB%E5%B1%B1%E7%94%B0%E5%93%B2%E4%BA%BA" n2="%E3%81%82%E3%81%99%E3%81%AB%E3%82%83%E3%82%80" n3="%E7%89%B9%E6%9D%B1%E3%81%AF%E4%B8%96%E7%95%8C%E3%82%92%E6%95%91%E3%81%86" dan="16,16,16,16" rate="2092.35,2174.84,2032.22,2194.74" sx="M,M,F,M"/><TAIKYOKU oya="0"/><INIT seed="0,0,0,0,5,59" ten="250,250,250,250" oya="0" hai0="120,27,8,20,109,132,30,62,81,50,55,42,77" hai1="73,29,82,48,1,32,80,39,74,41,36,10,12" hai2="6,126,21,112,35,93,103,117,70,25,118,115,2" hai3="84,45,9,5,43,102,108,4,58,133,104,47,14"/><T16/><D120/><U38/><E1/><V110/><F70/><W116/><G116/><N who="2" m="44649" /><F103/><W57/><G108/><T131/><D132/><U54/><E41/><V134/><F93/><W63/><G133/><T107/><D107/><U105/><E105/><V67/><F67/><W33/><G33/><T40/><D131/><U111/><E111/><V130/><F134/><W92/><G104/><T121/><D121/><U99/><E99/><V76/><F76/><W66/><G57/><N who="0" m="35135" /><D109/><U7/><E29/><N who="2" m="19887" /><F110/><W31/><G31/><T71/><D50/><U114/><E114/><V52/><F52/><W78/><G47/><T96/><D96/><U95/><E32/><V68/><F68/><W85/><G5/><T19/><D71/><U13/><E7/><V53/><F53/><W65/><G65/><T127/><D127/><U64/><E54/><V0/><F126/><W69/><G69/><T49/><D8/><U87/><E10/><N who="2" m="2375" /><F2/><W75/><G75/><T89/><D77/><U135/><E135/><V51/><F51/><N who="3" m="27071" /><G78/><T94/><D94/><U123/><E95/><V88/><F88/><N who="3" m="53255" /><G85/><N who="0" m="50351" /><D42/><U44/><E74/><V83/><F83/><W34/><G34/><T101/><D101/><AGARI ba="0,0" hai="4,9,14,58,63,66,101,102" m="53255,27071" machi="101" ten="30,3900,0" yaku="8,1,52,1,54,1" doraHai="59" who="3" fromWho="0" sc="250,-39,250,0,250,0,250,39" /><INIT seed="1,0,0,1,0,76" ten="211,250,250,289" oya="1" hai0="47,40,89,94,51,46,25,15,100,45,20,123,124" hai1="86,2,82,42,115,73,102,34,12,97,52,39,72" hai2="111,133,108,80,103,19,96,93,33,22,90,122,26" hai3="61,63,126,135,7,79,24,30,129,55,88,38,1"/><U29/><E2/><V67/><F122/><W125/><G38/><T118/><D118/><U134/><E115/><V8/><F67/><W5/><G129/><T130/><D124/><N who="3" m="47721" /><G135/><T116/><D116/><U70/><BYE who="0" /><E134/><V58/><F133/><W36/><G36/><T81/><D81/><U120/><E120/><UN n0="%E3%81%8F%E3%82%8A%E3%83%94%E3%83%BC" /><V91/><F58/><N who="3" m="35039" /><G1/><T11/><D130/><U14/><E70/><V68/><F68/><W57/><G79/><T49/><D100/><U71/><E71/><V50/><F50/><W13/><G13/><T105/><D51/><U69/><E69/><V98/><F33/><N who="3" m="20679" /><G88/><T121/><D105/><U31/><E12/><V107/><REACH who="2" step="1"/><F8/><REACH who="2" ten="211,250,240,289" step="2"/><W9/><G9/><T113/><D123/><U110/><E34/><V27/><F27/><W87/><G57/><T56/><D56/><U3/><E39/><V112/><F112/><W117/><G117/><T32/><D113/><U99/><E110/><V41/><F41/><W84/><G63/><T10/><D32/><U66/><E42/><V127/><F127/><W37/><G37/><T75/><D10/><U28/><E66/><V74/><F74/><W44/><G44/><N who="0" m="17003" /><D75/><U48/><E73/><V78/><F78/><W59/><G59/><T54/><D121/><U23/><E72/><V4/><F4/><AGARI ba="0,1" hai="4,5,7,84,87" m="20679,35039,47721" machi="4" ten="30,1000,0" yaku="18,1" doraHai="76" who="3" fromWho="2" sc="211,0,250,0,240,-10,289,20" /><INIT seed="2,0,0,2,3,107" ten="211,250,230,309" oya="2" hai0="80,17,50,98,79,37,59,49,133,46,75,45,26" hai1="7,104,102,81,119,135,91,66,16,92,93,106,87" hai2="117,82,13,36,108,24,77,90,120,73,61,2,62" hai3="29,122,69,121,88,43,67,113,1,83,18,100,134"/><V76/><F117/><W34/><G1/><T71/><D71/><U12/><E119/><V9/><F120/><W72/><G43/><T65/><D133/><U85/><E135/><V15/><F77/><N who="3" m="44455" /><G88/><T96/><D37/><U14/><E66/><V8/><F108/><W74/><G18/><T56/><D26/><U53/><E7/><V32/><F36/><W70/><G134/><T68/><D68/><U103/><E53/><V126/><F2/><W55/><G55/><T10/><D17/><U19/><E81/><V131/><F131/><W123/><G113/><T35/><D10/><U112/><REACH who="1" step="1"/><E91/><REACH who="1" ten="211,240,230,309" step="2"/><V6/><F90/><W78/><G67/><T22/><D80/><U28/><E28/><V20/><F126/><W111/><G123/><T48/><D65/><U39/><E39/><V89/><F89/><W11/><G29/><T58/><D35/><U23/><E23/><V129/><F129/><W47/><G34/><T84/><D75/><U124/><E124/><V95/><F32/><W115/><G74/><T125/><D125/><U127/><E127/><V27/><F20/><W116/><G122/><T118/><D118/><U110/><E110/><V64/><F64/><W105/><G121/><T101/><D22/><U114/><AGARI ba="0,1" hai="12,14,16,19,85,87,92,93,102,103,104,106,112,114" machi="114" ten="25,8000,1" yaku="1,1,0,1,22,2,54,1,53,0" doraHai="107" doraHaiUra="25" who="1" fromWho="1" sc="211,-20,240,90,230,-40,309,-20" /><INIT seed="3,0,0,5,4,24" ten="191,330,190,289" oya="3" hai0="57,128,82,23,46,51,75,25,2,91,88,81,26" hai1="37,96,64,89,15,84,9,61,59,3,16,17,48" hai2="1,4,49,20,69,53,7,76,94,86,110,0,130" hai3="32,100,31,98,33,18,70,5,54,39,132,85,129"/><W71/><G39/><T111/><D2/><U34/><E37/><V19/><F69/><W12/><G5/><N who="2" m="2121" /><F0/><W52/><G129/><T99/><D111/><U42/><E34/><V67/><F1/><W108/><G108/><T50/><D128/><U125/><E125/><V6/><N who="2" m="2129" /><V105/><DORA hai="126" /><F105/><W55/><G132/><T21/><D75/><U102/><E3/><V43/><F130/><W72/><G72/><T134/><D134/><U27/><E96/><V109/><F67/><W38/><G38/><T118/><D118/><U13/><E102/><V116/><F116/><W14/><G85/><N who="0" m="50223" /><D57/><U135/><E27/><N who="0" m="10249" /><D51/><U83/><E48/><V93/><F109/><W41/><G41/><N who="0" m="24911" /><D82/><U22/><E135/><V121/><F121/><W90/><G90/><T104/><D104/><U8/><E42/><V58/><F43/><W124/><G124/><T113/><D113/><U35/><E35/><N who="3" m="13386" /><G31/><T114/><D114/><U47/><E47/><V68/><F68/><N who="3" m="26155" /><G18/><T60/><D60/><U73/><E73/><V36/><F36/><W92/><G92/><AGARI ba="0,0" hai="21,23,91,92,99" m="24911,10249,50223" machi="92" ten="30,2000,0" yaku="8,1,54,1" doraHai="24,126" who="0" fromWho="3" sc="191,20,330,0,190,0,289,-20" owari="211,-18.9,330,43.0,190,-31.0,269,6.9" /></mjloggm>