<mjloggm ver="2.3"><GO type="225" lobby="0"/><UN n0="%E5%AE%AE%E4%BF%9D%E9%B6%8F%E8%82%89" n1="%E4%B8%89%E6%A7%93%E5%AD%90" n2="%31%50%E3%81%9F%E3%81%9D" n3="%E6%A1%9C%E8%8A%B1%E9%96%83%E3%80%85" dan="16,16,16,18" rate="2118.36,2046.53,2120.97,2286.59" sx="M,F,F,M"/><TAIKYOKU oya="0"/><INIT seed="0,0,0,1,4,123" ten="250,250,250,250" oya="0" hai0="39,113,95,0,8,60,25,78,13,87,18,93,83" hai1="101,124,55,100,68,37,59,64,104,47,22,99,66" hai2="71,26,119,35,23,73,92,115,11,117,88,94,82" hai3="33,129,128,135,63,125,31,86,28,56,7,91,81"/><T15/><D113/><U80/><E124/><V4/><F71/><W19/><G125/><T134/><D39/><U121/><E121/><V14/><F35/><W54/><G135/><T102/><D0/><U51/><E101/><V79/><F115/><W44/><G7/><T43/><D43/><U30/><E68/><V112/><F112/><W41/><G19/><T49/><D49/><U50/><E37/><V97/><REACH who="2" step="1"/><F94/><REACH who="2" ten="250,250,240,250" step="2"/><W96/><G33/><T118/><D95/><U70/><E70/><V16/><AGARI ba="0,1" hai="4,11,14,16,23,26,73,79,82,88,92,97,117,119" machi="16" ten="30,12000,2" yaku="1,1,2,1,0,1,54,2,53,1" doraHai="123" doraHaiUra="75" who="2" fromWho="2" sc="250,-60,250,-30,240,130,250,-30" /><INIT seed="1,0,0,1,1,91" ten="190,220,370,220" oya="1" hai0="95,88,10,32,94,67,69,116,121,53,33,22,76" hai1="107,129,31,83,43,41,65,1,89,78,35,15,27" hai2="85,54,111,100,58,24,81,106,34,28,128,122,59" hai3="11,64,26,71,40,36,6,97,9,77,46,38,68"/><U4/><E1/><V120/><F111/><W80/><G38/><T115/><D115/><U18/><E107/><V93/><F106/><W96/><G26/><T103/><D116/><U87/><E129/><V5/><F128/><W123/><G123/><T55/><D121/><U14/><E65/><V49/><F5/><W39/><G39/><T60/><D76/><U51/><E51/><V37/><F37/><W20/><G20/><T114/><D114/><U16/><E4/><V130/><F130/><W25/><G25/><T109/><D109/><U48/><E48/><V102/><F59/><W72/><G11/><T47/><D10/><U92/><E15/><V56/><F56/><W84/><G84/><T19/><D103/><U104/><E104/><V29/><F100/><W42/><G42/><T113/><D113/><U131/><E18/><V62/><F29/><W74/><G74/><T70/><D70/><N who="3" m="26665" /><G64/><T119/><D119/><U108/><E108/><V2/><F49/><W134/><G134/><T21/><D47/><U13/><E13/><V118/><F2/><W110/><G110/><T105/><D105/><U63/><E63/><V126/><F118/><W98/><G98/><N who="0" m="57671" /><D21/><U61/><E61/><V73/><F122/><W132/><G132/><T135/><D135/><U101/><E101/><V133/><F102/><W17/><G6/><T86/><D55/><U7/><E7/><V52/><F120/><W82/><G82/><T125/><D53/><N who="2" m="20586" /><F133/><W12/><G36/><T44/><D44/><U99/><E131/><V23/><F62/><W57/><G57/><T124/><D60/><RYUUKYOKU ba="0,0" sc="190,-15,220,15,370,-15,220,15" hai1="14,16,27,31,35,41,43,78,83,87,89,92,99" hai3="9,12,17,40,46,72,77,80,96,97" /><INIT seed="1,1,0,0,5,88" ten="175,235,355,235" oya="1" hai0="73,41,69,79,95,133,0,67,64,61,45,33,115" hai1="121,42,97,19,65,71,60,102,49,77,4,110,89" hai2="15,27,72,30,32,108,124,36,57,82,135,18,117" hai3="103,109,106,122,114,10,1,74,93,5,26,44,119"/><U25/><E121/><V126/><F108/><W99/><G122/><T12/><D115/><U68/><E110/><V43/><F117/><W23/><G109/><T118/><D118/><U101/><E4/><V63/><F135/><W31/><G119/><T90/><D0/><U24/><E77/><V113/><F113/><W104/><G114/><T39/><D133/><U105/><E71/><V54/><F72/><W76/><REACH who="3" step="1"/><G44/><REACH who="3" ten="175,235,355,225" step="2"/><T40/><D45/><U62/><E102/><V9/><F124/><W81/><AGARI ba="1,1" hai="1,5,10,23,26,31,74,76,81,93,99,103,104,106" machi="81" ten="30,7900,0" yaku="1,1,2,1,0,1,52,1,53,0" doraHai="88" doraHaiUra="8" who="3" fromWho="3" sc="175,-21,235,-40,355,-21,225,92" /><INIT seed="2,0,0,1,5,30" ten="154,195,334,317" oya="2" hai0="41,44,35,66,103,105,39,133,123,52,76,94,25" hai1="71,53,38,21,8,126,28,88,54,93,75,10,22" hai2="125,3,47,85,24,61,12,101,77,5,87,37,14" hai3="45,26,1,51,86,116,83,79,81,131,20,40,78"/><V112/><F112/><W111/><G111/><T89/><D123/><U64/><E75/><V63/><F125/><W114/><G131/><T106/><D133/><U29/><E38/><V57/><F101/><W95/><G116/><T118/><D66/><U104/><E104/><V50/><F37/><W58/><G1/><T108/><D76/><U121/><E71/><V60/><F3/><W67/><G114/><T11/><D103/><U9/><E64/><V49/><F24/><W31/><G95/><T115/><D108/><U102/><E102/><V13/><F5/><W70/><G70/><T65/><D65/><U15/><E126/><V42/><F77/><W98/><G98/><T62/><D11/><U32/><E32/><V0/><F0/><W90/><REACH who="3" step="1"/><G83/><REACH who="3" ten="154,195,334,307" step="2"/><T100/><D118/><U74/><E121/><V43/><F57/><W73/><G73/><T17/><D115/><U92/><E74/><V109/><F109/><W127/><G127/><T124/><D124/><U55/><E93/><V107/><F107/><W130/><G130/><T120/><D120/><U34/><E92/><V59/><F59/><W132/><G132/><T23/><D100/><U84/><E84/><V16/><F87/><W2/><G2/><T113/><D113/><U128/><E128/><V18/><F85/><W27/><G27/><T122/><D122/><U7/><E7/><V91/><F91/><W46/><G46/><AGARI ba="0,1" hai="12,13,14,16,18,42,43,46,47,49,50,60,61,63" machi="46" ten="40,7700,0" yaku="9,1,8,1,54,1" doraHai="30" who="2" fromWho="3" sc="154,0,195,0,334,87,307,-77" /><INIT seed="2,1,0,4,0,125" ten="154,195,421,230" oya="2" hai0="7,2,112,50,88,129,10,116,48,77,14,59,28" hai1="122,124,70,94,91,86,27,130,87,36,126,104,16" hai2="1,45,128,9,117,23,90,85,60,53,49,71,39" hai3="40,101,119,134,89,8,11,55,37,54,72,21,30"/><V18/><F117/><W17/><G119/><T58/><D116/><U56/><E70/><V109/><F128/><W105/><G72/><T66/><D112/><U133/><E36/><V113/><F113/><W51/><G30/><T95/><D129/><U32/><E104/><V127/><F127/><N who="1" m="48681" /><E130/><V82/><F109/><W57/><G134/><T22/><D77/><U110/><E110/><V97/><F97/><W78/><G78/><T121/><D121/><U118/><E118/><V102/><F102/><W15/><G37/><T73/><D73/><U63/><E133/><V76/><F76/><W83/><G40/><T47/><D66/><U3/><E3/><V108/><F108/><W19/><G105/><T6/><D6/><U24/><E32/><V34/><F34/><W43/><G43/><T123/><D123/><U68/><E68/><V41/><F1/><W52/><G101/><T67/><D67/><N who="1" m="39399" /><E122/><V100/><F71/><W80/><G8/><T25/><D2/><U46/><E46/><V98/><F9/><W44/><G89/><T107/><D107/><U5/><E5/><V99/><F100/><W31/><G31/><T12/><D12/><U93/><E16/><V81/><F39/><W79/><G57/><N who="0" m="21515" /><D47/><U131/><E131/><V103/><F45/><W35/><G35/><T111/><D111/><U38/><E38/><V42/><F18/><W62/><G62/><T33/><D33/><U135/><E135/><V132/><F60/><W13/><G79/><T61/><D61/><U115/><E115/><V96/><F132/><W20/><G20/><T84/><AGARI ba="1,0" hai="7,10,14,22,25,28,48,50,84,88,95" m="21515" machi="84" ten="30,4000,0" yaku="5,1,8,1,54,1" doraHai="125" who="0" fromWho="0" sc="154,43,195,-11,421,-21,230,-11" /><INIT seed="3,0,0,3,0,76" ten="197,184,400,219" oya="3" hai0="132,129,35,28,73,116,87,104,50,57,95,122,29" hai1="6,98,12,37,89,60,113,45,117,32,31,118,7" hai2="111,96,15,44,123,17,19,97,22,59,3,85,25" hai3="34,54,72,130,106,68,42,56,51,135,100,10,94"/><W11/><G106/><T112/><D116/><N who="1" m="44651" /><E113/><V105/><F111/><W128/><G34/><T86/><D122/><U101/><E89/><V110/><F110/><W102/><G135/><T5/><D104/><N who="1" m="63543" /><E12/><V62/><F3/><W33/><G72/><T108/><D108/><U134/><E134/><V47/><F123/><W64/><G33/><T2/><D73/><U82/><E60/><V20/><F85/><N who="0" m="32266" /><D35/><U18/><E18/><V36/><F36/><W30/><G30/><N who="0" m="11883" /><D2/><U91/><E31/><V58/><F58/><W61/><G42/><T52/><D132/><U121/><E32/><V71/><F71/><W79/><G79/><T16/><D112/><U53/><E121/><V43/><F105/><W14/><G10/><T124/><D124/><U4/><E53/><N who="2" m="34159" /><F43/><W133/><G133/><T13/><D129/><N who="3" m="49769" /><G94/><T99/><D5/><AGARI ba="0,0" hai="5,11,14,51,54,56,61,64,68,100,102" m="49769" machi="5" ten="30,1500,0" yaku="19,1" doraHai="76" who="3" fromWho="0" sc="197,-15,184,0,400,0,219,15" /><INIT seed="3,1,0,0,1,16" ten="182,184,400,234" oya="3" hai0="12,83,133,21,10,31,29,19,34,104,92,51,43" hai1="55,53,135,128,85,27,134,97,78,47,130,107,96" hai2="117,49,54,15,25,39,28,115,2,84,40,116,131" hai3="41,91,89,37,22,106,8,0,105,58,112,30,32"/><W93/><G32/><T73/><D104/><U111/><E47/><V125/><F2/><W60/><G89/><T24/><D133/><N who="1" m="50699" /><E27/><V81/><F125/><W86/><G112/><T13/><D73/><U108/><E55/><V99/><F131/><N who="1" m="50217" /><E53/><V98/><F15/><W124/><G124/><T76/><D34/><U66/><E66/><V70/><F70/><W35/><G35/><T36/><D36/><U17/><E17/><V121/><F121/><W52/><G41/><T87/><D92/><U75/><E75/><V79/><F115/><W45/><G45/><N who="0" m="26047" /><D12/><U33/><E33/><V109/><F40/><W11/><G37/><T63/><D63/><U26/><E26/><V48/><F48/><W72/><G72/><T59/><D59/><U62/><E62/><V64/><F49/><W90/><G0/><T5/><AGARI ba="1,0" hai="5,10,13,19,21,24,29,31,76,83,87" m="26047" machi="5" ten="30,4000,0" yaku="25,1,8,1,52,1" doraHai="16" who="0" fromWho="0" sc="182,43,184,-11,400,-11,234,-21" owari="225,2.5,173,-32.7,389,48.9,213,-18.7" /></mjloggm>