<mjloggm ver="2.3"><GO type="225" lobby="0"/><UN n0="%E3%81%BF%E3%81%BF%E3%81%9A" n1="%54%4F%52" n2="%E3%82%A2%E3%82%A4%E3%82%B9%E3%83%86%E3%82%A3%E3%83%BC%E3%81%82%E3%81%B9" n3="%63%68%78%62%64" dan="16,17,16,16" rate="2148.38,2274.63,2077.18,2141.84" sx="M,M,M,M"/><TAIKYOKU oya="0"/><INIT seed="0,0,0,0,3,132" ten="250,250,250,250" oya="0" hai0="92,72,85,24,86,19,44,90,130,135,95,36,114" hai1="12,2,14,115,99,11,10,131,13,110,58,70,107" hai2="54,18,108,112,121,82,23,49,69,66,40,67,6" hai3="5,38,79,16,102,63,1,76,47,117,71,134,52"/><T34/><D114/><U94/><E70/><V17/><F108/><W73/><G117/><T42/><D72/><U43/><E110/><V133/><F121/><W77/><G134/><T91/><D135/><U118/><E118/><V61/><F112/><W3/><G73/><T65/><D65/><U96/><E115/><V30/><F6/><W31/><G31/><T33/><REACH who="0" step="1"/><D130/><REACH who="0" ten="240,250,250,250" step="2"/><U113/><E131/><V127/><F67/><W7/><G1/><T45/><D45/><U56/><E113/><V111/><F133/><W51/><G3/><T29/><D29/><U125/><E2/><V119/><F30/><W21/><G38/><T26/><D26/><U116/><E116/><V124/><F111/><W126/><G126/><T84/><D84/><U9/><E125/><N who="2" m="48203" /><F119/><W0/><G0/><T123/><D123/><U8/><E12/><N who="2" m="9639" /><F18/><W129/><G16/><T28/><D28/><U122/><E122/><V93/><F82/><W78/><G129/><T60/><D60/><U22/><E14/><V83/><F83/><W101/><G63/><T64/><D64/><U89/><E13/><V87/><F40/><W41/><G41/><T97/><D97/><U55/><E43/><V104/><F61/><W105/><G5/><T59/><D59/><U53/><E58/><V120/><F66/><W35/><G7/><T98/><D98/><U81/><E99/><V46/><F120/><W75/><N who="3" m="19456" /><DORA hai="103" /><W25/><G75/><T109/><D109/><U62/><E81/><V39/><F39/><W50/><G71/><T128/><D128/><U20/><N who="1" m="2048" /><DORA hai="100" /><U106/><E96/><RYUUKYOKU ba="0,1" sc="240,30,250,-10,250,-10,250,-10" hai0="19,24,33,34,36,42,44,85,86,90,91,92,95" /><INIT seed="0,1,1,2,0,35" ten="270,240,240,240" oya="0" hai0="38,95,17,89,29,57,93,82,62,55,131,10,59" hai1="36,120,3,98,1,127,7,9,103,74,46,96,8" hai2="119,25,88,79,52,22,106,84,76,19,41,102,104" hai3="126,42,67,105,11,78,118,111,53,130,43,133,30"/><T116/><D116/><U63/><E120/><V124/><F119/><W47/><G105/><T99/><D38/><U80/><E127/><V69/><F124/><W129/><G126/><T5/><D131/><N who="3" m="50185" /><G78/><T92/><D29/><U0/><E63/><V49/><F41/><N who="3" m="15371" /><G30/><T87/><D17/><U23/><E36/><V70/><F76/><W18/><G118/><T101/><REACH who="0" step="1"/><D59/><REACH who="0" ten="260,240,240,240" step="2"/><U121/><E121/><V45/><F70/><W58/><G18/><T117/><D117/><U13/><E46/><V54/><F69/><W81/><G47/><T50/><D50/><U20/><E8/><V44/><F45/><W115/><G11/><T83/><D83/><U134/><E134/><V2/><F44/><W128/><G81/><T73/><D73/><U6/><E6/><V28/><F49/><W27/><G133/><T4/><D4/><U32/><E74/><V123/><F19/><W112/><G128/><T91/><D91/><U85/><E80/><V132/><F88/><W64/><G111/><T107/><D107/><U75/><E75/><V34/><F104/><W12/><G115/><T110/><D110/><U48/><E48/><V56/><F106/><W66/><G112/><T40/><D40/><U51/><E51/><V31/><F28/><W108/><G108/><T90/><D90/><U39/><E39/><V77/><F31/><W65/><G58/><T72/><D72/><U109/><E109/><V15/><F123/><W26/><N who="3" m="16384" /><DORA hai="37" /><W33/><G33/><T86/><D86/><U68/><E32/><V125/><F34/><W97/><G97/><T122/><D122/><RYUUKYOKU ba="1,2" sc="260,30,240,-10,240,-10,240,-10" hai0="5,10,55,57,62,82,87,89,92,93,95,99,101" /><INIT seed="0,2,2,3,0,76" ten="290,230,230,230" oya="0" hai0="24,96,10,22,135,83,109,15,80,49,16,67,5" hai1="102,91,3,46,85,48,89,57,88,26,27,132,56" hai2="63,71,99,129,42,72,82,55,130,14,38,20,97" hai3="126,101,29,118,51,124,70,103,0,110,23,123,12"/><T75/><D75/><U77/><E3/><V111/><F111/><W128/><G118/><T74/><D74/><U37/><E37/><V18/><F42/><W100/><G0/><T119/><D119/><U32/><E132/><V30/><F38/><W81/><G110/><T8/><D109/><U19/><E102/><V66/><F30/><W115/><G70/><T21/><D135/><U40/><E32/><V65/><F66/><W125/><G128/><N who="2" m="49257" /><F55/><W52/><G115/><T73/><D73/><U107/><E107/><V117/><F117/><W94/><G123/><T93/><D67/><U43/><E43/><V87/><F72/><W7/><G81/><N who="0" m="31307" /><D49/><U47/><E47/><V36/><F36/><W41/><G41/><T113/><D113/><U4/><E4/><V134/><F134/><W92/><G7/><T2/><D2/><U34/><E77/><AGARI ba="2,2" hai="14,18,20,63,65,71,77,82,87,97,99" m="49257" machi="77" ten="30,2000,0" yaku="19,1,52,1" doraHai="76" who="2" fromWho="1" sc="290,0,230,-26,230,46,230,0" /><INIT seed="1,0,0,5,4,126" ten="290,204,276,230" oya="1" hai0="19,79,36,120,70,27,59,85,29,105,49,62,64" hai1="42,60,58,40,103,74,89,135,6,15,11,50,61" hai2="86,63,109,117,113,52,38,112,92,91,99,8,134" hai3="17,114,26,116,25,69,87,0,98,35,82,104,41"/><U13/><E135/><V108/><F38/><W124/><G114/><N who="2" m="44137" /><F117/><W23/><G0/><T21/><D120/><U84/><E74/><V12/><F134/><W1/><G124/><T80/><D105/><U7/><E103/><V121/><F121/><W129/><G129/><T22/><D36/><U95/><E50/><V46/><F99/><W94/><G1/><T5/><D5/><U9/><REACH who="1" step="1"/><E61/><REACH who="1" ten="290,194,276,230" step="2"/><V32/><F63/><W77/><G116/><T20/><D70/><U90/><E90/><V3/><F91/><W81/><G69/><T47/><REACH who="0" step="1"/><D29/><REACH who="0" ten="280,194,276,230" step="2"/><U66/><AGARI ba="0,2" hai="6,7,9,11,13,15,40,42,58,60,66,84,89,95" machi="66" ten="20,18000,2" yaku="1,1,0,1,7,1,9,1,8,1,53,1" doraHai="126" doraHaiUra="55" who="1" fromWho="1" sc="280,-60,194,200,276,-60,230,-60" /><INIT seed="1,1,0,4,0,104" ten="220,394,216,170" oya="1" hai0="20,129,33,123,2,89,28,48,24,81,47,73,71" hai1="7,46,65,59,51,64,103,79,116,14,95,97,1" hai2="27,41,88,124,100,68,76,45,110,16,34,135,126" hai3="84,111,62,10,91,54,74,98,134,61,94,55,86"/><U57/><E1/><V31/><F110/><W92/><G134/><T9/><D71/><U21/><E116/><V42/><F68/><W105/><G111/><T115/><D115/><U35/><E35/><V67/><F67/><N who="1" m="25673" /><E79/><V38/><F135/><W85/><G105/><T23/><D129/><U39/><E39/><V80/><F42/><W130/><G130/><T109/><D109/><U6/><E21/><V22/><F100/><W82/><G10/><T26/><D123/><U128/><E128/><V106/><F106/><W121/><G121/><T70/><D70/><U108/><E108/><V32/><F88/><W87/><G74/><T11/><D2/><U52/><E14/><V102/><F102/><W17/><G17/><T72/><D33/><U63/><E59/><V122/><F122/><W107/><G107/><T125/><D125/><N who="2" m="48234" /><F31/><W78/><REACH who="3" step="1"/><G94/><REACH who="3" ten="220,394,216,160" step="2"/><T15/><D9/><U29/><E29/><V83/><F83/><W75/><G75/><AGARI ba="1,1" hai="16,22,27,32,34,38,41,45,75,76,80" m="48234" machi="75" ten="30,3900,0" yaku="18,1,52,1,54,1" doraHai="104" who="2" fromWho="3" sc="220,0,394,0,216,52,160,-42" /><INIT seed="2,0,0,4,2,107" ten="220,394,268,118" oya="2" hai0="76,96,115,32,45,111,86,125,80,20,48,75,21" hai1="89,102,44,49,18,105,134,126,101,132,67,58,103" hai2="100,87,69,53,8,109,95,39,108,17,41,1,110" hai3="30,22,38,133,124,118,60,59,97,64,52,120,72"/><V23/><F69/><W10/><G120/><T12/><D115/><U106/><E126/><V112/><F112/><W46/><G118/><T73/><D32/><U82/><E18/><V61/><F41/><W83/><G124/><T65/><D125/><U74/><E58/><N who="2" m="35023" /><F39/><W51/><G133/><N who="1" m="51306" /><E67/><V40/><F40/><W26/><G38/><T31/><D111/><U3/><E3/><V57/><F57/><W88/><G10/><T113/><D113/><U29/><E29/><V119/><F119/><W36/><G36/><T27/><D65/><U114/><E114/><V93/><F100/><W77/><REACH who="3" step="1"/><G88/><REACH who="3" ten="220,394,268,108" step="2"/><T99/><D96/><AGARI ba="0,1" hai="22,26,30,46,51,52,59,60,64,72,77,83,96,97" machi="96" ten="40,8000,1" yaku="1,1,2,1,52,1,54,1,53,1" doraHai="107" doraHaiUra="47" who="3" fromWho="0" sc="220,-80,394,0,268,0,108,90" /><INIT seed="3,0,0,0,2,64" ten="140,394,268,198" oya="3" hai0="58,120,109,49,123,80,99,35,28,57,0,53,48" hai1="94,73,7,91,8,17,63,114,56,118,75,69,131" hai2="121,65,2,50,3,13,26,20,41,27,108,21,32" hai3="117,106,102,12,9,4,54,14,24,72,128,115,96"/><W95/><G117/><T87/><D109/><U129/><E69/><V38/><F121/><W45/><G115/><T51/><D0/><U5/><E17/><V66/><F38/><W76/><G128/><N who="1" m="49226" /><E114/><V111/><F13/><W11/><G24/><T40/><D35/><U105/><E105/><V119/><F50/><W122/><G122/><T92/><D28/><U47/><E47/><V82/><F82/><W132/><G132/><T90/><D40/><U116/><E7/><V43/><REACH who="2" step="1"/><F32/><REACH who="2" ten="140,394,258,198" step="2"/><W83/><G12/><T126/><D126/><U44/><E116/><AGARI ba="0,1" hai="2,3,20,21,26,27,41,43,65,66,108,111,116,119" machi="116" ten="25,6400,0" yaku="1,1,2,1,22,2,53,0" doraHai="64" doraHaiUra="130" who="2" fromWho="1" sc="140,0,394,-64,258,74,198,0" owari="140,-36.0,330,13.0,332,43.2,198,-20.2" /></mjloggm>