<mjloggm ver="2.3"><GO type="225" lobby="0"/><UN n0="%E3%81%82%E3%83%BC%E3%81%97" n1="%E3%81%86%E3%82%8C%E3%81%9F%E3%82%93%E6%9E%95" n2="%E5%B8%86%E7%AB%8B%E5%A4%8F%E8%A1%A3" n3="%E3%81%BE%E3%81%A8%E3%81%9F" dan="16,16,17,16" rate="2083.03,2176.01,2150.76,2152.97" sx="M,F,M,M"/><TAIKYOKU oya="0"/><INIT seed="0,0,0,3,4,20" ten="250,250,250,250" oya="0" hai0="86,76,84,62,125,92,98,129,113,80,54,4,126" hai1="118,83,100,3,134,81,17,29,7,33,56,75,39" hai2="106,66,12,19,101,60,53,93,88,77,78,71,40" hai3="72,59,30,36,79,108,47,70,18,37,97,5,131"/><T24/><D113/><U120/><E118/><V112/><F112/><W57/><G70/><T104/><D4/><U102/><E120/><V123/><F123/><W65/><G108/><T116/><D116/><U119/><E39/><V25/><F40/><W31/><G131/><T61/><D104/><U1/><E7/><V48/><F106/><W87/><G37/><T130/><D54/><U68/><E56/><V133/><F101/><W121/><G72/><T110/><D110/><U15/><E119/><V99/><F133/><W58/><G65/><T117/><D117/><U52/><E52/><V8/><REACH who="2" step="1"/><F25/><REACH who="2" ten="250,250,240,250" step="2"/><W124/><G121/><T135/><D135/><U115/><E102/><V107/><F107/><W9/><G124/><N who="0" m="47723" /><D24/><N who="1" m="18599" /><E134/><V14/><F14/><W109/><G109/><T132/><D132/><U128/><E115/><V32/><F32/><W22/><G36/><T85/><D61/><U42/><E42/><V122/><F122/><W45/><G5/><T34/><D62/><U10/><E128/><N who="0" m="49257" /><D34/><U2/><E100/><AGARI ba="0,1" hai="76,80,84,85,86,92,98,100" m="49257,47723" machi="100" ten="30,11600,0" yaku="18,1,19,1,34,2" doraHai="20" who="0" fromWho="1" sc="250,126,250,-116,240,0,250,0" /><INIT seed="0,1,0,2,5,112" ten="376,134,240,250" oya="0" hai0="19,108,97,38,126,11,118,119,17,67,83,114,109" hai1="115,50,120,100,106,123,59,56,14,74,88,104,92" hai2="105,53,117,9,98,26,82,135,21,34,48,127,2" hai3="0,111,103,55,130,3,96,32,75,22,44,80,122"/><T18/><D38/><U72/><E115/><V25/><F127/><W51/><G32/><T60/><D114/><U94/><E14/><V1/><F135/><W66/><G111/><N who="0" m="42571" /><D83/><U132/><E50/><V65/><F65/><W121/><G130/><T110/><D126/><U31/><E31/><V43/><F43/><W57/><G22/><T35/><D35/><U13/><E13/><V69/><F69/><W113/><G113/><T124/><D124/><U84/><E132/><V20/><F82/><W24/><G24/><T62/><D110/><U81/><E56/><V27/><F34/><W102/><G102/><T54/><D97/><N who="1" m="59431" /><E59/><V10/><F2/><W107/><G0/><T41/><D41/><U12/><E12/><V79/><F1/><W133/><G3/><T95/><D54/><U42/><E42/><V134/><F134/><W39/><G133/><T89/><D11/><U28/><E28/><V6/><F10/><W90/><G75/><N who="1" m="28714" /><E123/><V37/><F9/><W86/><REACH who="3" step="1"/><G39/><REACH who="3" ten="376,134,240,240" step="2"/><T77/><D67/><U87/><E120/><V93/><F37/><W30/><G30/><T47/><D77/><AGARI ba="1,1" hai="77,81,84,87,88,94,104,106" m="28714,59431" machi="77" ten="30,12000,2" yaku="35,5,54,1" doraHai="112" who="1" fromWho="0" sc="376,-123,134,133,240,0,240,0" /><INIT seed="1,0,0,2,3,26" ten="253,267,240,240" oya="1" hai0="19,23,112,1,76,57,109,96,24,56,107,4,9" hai1="12,111,49,75,7,6,94,44,126,67,132,114,83" hai2="128,20,53,105,68,92,27,42,71,65,121,18,35" hai3="122,102,74,37,72,38,99,32,73,15,50,17,39"/><U16/><E114/><V120/><F105/><W31/><G122/><T51/><D112/><U95/><E126/><V11/><F128/><W135/><G135/><T14/><D109/><U63/><E111/><V47/><F53/><W52/><G32/><T70/><D70/><U46/><E132/><V25/><F11/><W82/><G82/><T40/><D76/><U133/><E133/><V21/><F35/><W125/><G125/><T91/><D40/><U117/><E117/><V88/><F71/><W98/><G102/><T93/><D107/><U119/><E83/><V64/><F68/><W123/><G123/><T61/><D51/><U113/><E75/><V66/><F47/><N who="1" m="17961" /><E49/><V58/><F42/><W54/><G31/><T110/><D110/><U80/><E80/><V87/><REACH who="2" step="1"/><F58/><REACH who="2" ten="253,267,230,240" step="2"/><W69/><G69/><T101/><D101/><U79/><E119/><V89/><F89/><W106/><G106/><T84/><D84/><U30/><E113/><V81/><F81/><W5/><G54/><T115/><D115/><U2/><E79/><V33/><F33/><W28/><G73/><T10/><REACH who="0" step="1"/><D61/><REACH who="0" ten="243,267,230,240" step="2"/><U97/><E63/><V22/><F22/><W0/><G74/><T77/><D77/><U134/><E134/><V48/><F48/><W60/><G72/><T103/><D103/><U118/><E118/><V104/><F104/><W131/><G50/><T34/><D34/><U100/><E100/><V127/><F127/><W62/><G131/><T86/><D86/><U85/><E85/><V43/><F43/><W90/><G62/><T130/><D130/><U78/><E78/><RYUUKYOKU ba="0,2" sc="243,15,267,-15,230,15,240,-15" hai0="1,4,9,10,14,19,23,24,56,57,91,93,96" hai2="18,20,21,25,27,64,65,66,87,88,92,120,121" /><INIT seed="2,1,2,5,0,41" ten="258,252,245,225" oya="2" hai0="33,6,58,93,0,106,80,18,54,128,96,8,65" hai1="61,25,62,14,88,67,82,13,56,107,97,28,30" hai2="49,91,71,103,12,16,85,21,42,2,15,135,69" hai3="35,76,17,47,29,73,109,7,133,120,123,131,43"/><V34/><F2/><W5/><G76/><T22/><D106/><U108/><E108/><V50/><F34/><W104/><G73/><T9/><D128/><U125/><E125/><V124/><F124/><W79/><G79/><T39/><D39/><U94/><E107/><V74/><F74/><W89/><G104/><T45/><D80/><U53/><E82/><V117/><F117/><W78/><G78/><T60/><D33/><U121/><E121/><V92/><F135/><W84/><G131/><T102/><D0/><U20/><REACH who="1" step="1"/><E30/><REACH who="1" ten="258,242,245,225" step="2"/><V68/><F103/><W119/><G109/><T77/><D77/><U40/><E40/><V95/><F42/><W3/><G119/><T23/><D6/><U31/><E31/><V86/><F15/><W134/><G5/><T81/><D81/><U11/><E11/><V114/><F114/><W87/><G123/><T100/><D100/><U83/><E83/><V10/><F10/><N who="0" m="4202" /><D18/><U32/><E32/><V127/><F127/><W130/><G120/><T99/><D99/><U55/><E55/><V27/><F12/><W24/><G130/><T126/><D126/><U48/><E48/><AGARI ba="1,3" hai="22,23,45,48,54,58,60,65,93,96,102" m="4202" machi="48" ten="30,2000,0" yaku="8,1,52,1" doraHai="41" who="0" fromWho="1" sc="258,53,242,-23,245,0,225,0" /><INIT seed="3,0,0,5,0,94" ten="311,219,245,225" oya="3" hai0="92,11,127,73,24,111,52,50,66,16,15,62,25" hai1="43,99,5,107,102,88,93,71,87,6,32,33,14" hai2="95,28,134,46,101,2,7,83,58,27,57,113,56" hai3="10,96,12,45,98,68,97,129,86,72,3,81,108"/><W41/><G129/><T76/><D73/><U133/><E71/><V119/><F113/><W8/><G68/><T38/><D38/><U51/><E133/><V65/><F134/><W103/><G72/><T78/><D111/><U124/><E124/><V120/><F120/><W42/><G108/><T35/><D92/><U53/><E43/><N who="3" m="16394" /><G3/><T89/><D89/><U128/><E128/><V112/><F119/><W125/><G125/><T39/><D39/><U84/><E84/><V18/><F112/><W116/><G116/><T118/><D118/><U67/><E67/><V82/><F65/><W30/><G30/><T55/><D35/><U100/><E100/><V61/><F61/><W36/><G36/><T114/><D114/><U21/><E5/><V31/><F7/><N who="3" m="3103" /><G10/><T23/><D25/><U0/><E0/><V13/><F2/><W123/><G123/><T109/><D109/><U60/><E60/><V117/><F27/><W110/><G110/><T79/><D50/><U85/><E85/><V131/><F117/><W126/><G126/><T64/><D127/><U26/><E6/><V37/><F131/><W74/><G74/><T115/><D115/><U75/><E14/><V29/><F37/><W122/><G122/><T17/><D62/><U104/><E75/><V106/><F106/><N who="3" m="63847" /><G45/><T20/><D11/><U54/><E107/><V44/><F46/><W63/><G63/><T47/><D47/><N who="1" m="27903" /><E54/><AGARI ba="0,0" hai="15,16,17,20,23,24,52,54,55,64,66,76,78,79" machi="54" ten="40,5200,0" yaku="8,1,54,2" doraHai="94" who="0" fromWho="1" sc="311,52,219,-52,245,0,225,0" owari="363,46.3,167,-33.3,245,4.5,225,-17.5" /></mjloggm>