<mjloggm ver="2.3"><GO type="225" lobby="0"/><UN n0="%E3%81%AA%E3%82%81%E3%81%93%E9%9B%80%E5%A3%AB" n1="%EF%BC%AE%EF%BC%A1%EF%BC%AF%33%33%39" n2="%43%6F%66%66%65%65" n3="%72%69%6F%75%63%68%61%6E" dan="16,17,17,16" rate="2031.88,2161.90,2156.18,2239.99" sx="M,M,F,M"/><TAIKYOKU oya="0"/><INIT seed="0,0,0,1,5,38" ten="250,250,250,250" oya="0" hai0="63,18,21,78,69,60,27,102,117,53,82,120,75" hai1="6,23,24,132,118,58,43,125,115,108,44,79,84" hai2="19,67,35,59,5,89,113,99,98,62,107,112,110" hai3="104,105,56,86,2,47,39,3,123,7,122,42,124"/><T61/><D117/><U81/><E118/><V64/><F35/><W93/><G124/><T70/><D120/><N who="3" m="46121" /><G56/><T72/><D72/><U37/><E6/><V85/><F5/><W131/><G131/><T14/><D102/><U15/><E15/><V129/><F129/><W87/><G2/><T29/><REACH who="0" step="1"/><D53/><REACH who="0" ten="240,250,250,250" step="2"/><U34/><E125/><V119/><F119/><W101/><G101/><T116/><D116/><U49/><E115/><V92/><F112/><W96/><G105/><T54/><D54/><U1/><E1/><V76/><F113/><W28/><G104/><T106/><D106/><U74/><E74/><V46/><F107/><W114/><G114/><T90/><D90/><U127/><E127/><V33/><F89/><N who="3" m="55343" /><G28/><T94/><D94/><U80/><E80/><V68/><F92/><W50/><G39/><T100/><D100/><U134/><E37/><V128/><F128/><W133/><G133/><T91/><D91/><U8/><E132/><V66/><F76/><W109/><G109/><T48/><D48/><U52/><E108/><V31/><F110/><W17/><G3/><T16/><D16/><U126/><E134/><V55/><F19/><W4/><G17/><T20/><AGARI ba="0,1" hai="14,18,20,21,27,29,60,61,63,69,70,75,78,82" machi="20" ten="30,3000,0" yaku="1,1,0,1,53,0" doraHai="38" doraHaiUra="97" who="0" fromWho="0" sc="240,40,250,-10,250,-10,250,-10" /><INIT seed="0,1,0,3,2,60" ten="280,240,240,240" oya="0" hai0="134,57,15,135,5,129,14,47,127,95,128,35,55" hai1="30,52,101,16,130,103,112,42,83,107,97,118,64" hai2="45,50,23,4,54,38,18,26,125,88,25,17,110" hai3="76,9,40,68,2,105,122,21,48,85,24,29,89"/><T33/><D47/><U113/><E118/><V66/><F110/><W87/><G105/><T49/><D95/><U58/><E30/><V12/><F38/><W11/><G122/><T27/><D127/><U39/><E103/><V121/><F121/><W73/><G68/><T31/><D35/><U92/><E83/><V56/><F125/><W70/><G70/><T98/><D98/><U65/><E107/><V82/><F4/><W77/><G73/><T111/><D111/><U99/><E99/><V1/><F1/><W53/><G40/><T116/><D5/><U8/><E130/><N who="0" m="50281" /><D116/><U67/><E39/><V117/><F117/><W96/><G96/><T79/><D79/><U102/><E42/><V62/><F18/><W81/><G2/><T91/><D91/><N who="1" m="55455" /><E113/><V44/><F44/><W69/><G69/><T0/><D0/><U109/><E112/><V22/><F22/><W94/><REACH who="3" step="1"/><G76/><REACH who="3" ten="280,240,240,230" step="2"/><T19/><D19/><U13/><E109/><V104/><F104/><W90/><G90/><T28/><D28/><U59/><E59/><AGARI ba="1,1" hai="9,11,21,24,29,48,53,59,77,81,85,87,89,94" machi="59" ten="30,7700,0" yaku="1,1,7,1,8,1,53,1" doraHai="60" doraHaiUra="75" who="3" fromWho="1" sc="280,0,240,-80,240,0,230,90" /><INIT seed="1,0,0,2,4,111" ten="280,160,240,320" oya="1" hai0="8,85,125,49,36,124,104,58,32,29,96,62,19" hai1="21,61,68,67,10,66,38,92,72,0,122,33,54" hai2="18,75,102,24,119,126,56,53,100,130,27,14,4" hai3="91,118,52,40,65,63,55,3,45,78,113,7,89"/><U132/><E122/><V106/><F119/><W97/><G113/><T47/><D36/><U41/><E33/><V31/><F75/><W59/><G118/><T70/><D70/><U93/><E72/><V60/><F130/><W117/><G117/><T99/><D29/><U112/><E66/><V9/><F126/><N who="0" m="48746" /><D32/><U83/><E83/><V64/><F106/><W84/><G3/><T81/><D19/><U94/><E132/><V37/><F37/><W46/><G7/><T77/><D8/><U79/><E79/><V76/><F76/><W50/><G97/><T6/><D6/><U1/><E21/><N who="2" m="15855" /><F64/><W11/><G11/><T73/><D73/><U88/><E54/><N who="3" m="20522" /><G46/><T110/><D110/><U115/><E88/><N who="3" m="33866" /><G78/><T12/><D104/><U69/><E69/><V105/><F105/><W80/><G84/><T74/><D74/><U57/><E68/><V127/><F127/><W39/><G39/><T87/><D87/><U129/><E129/><V114/><F4/><W25/><G25/><T35/><D35/><U43/><E10/><V48/><F24/><W71/><G71/><T82/><D85/><U109/><E109/><V44/><F102/><W107/><G107/><T131/><D77/><U34/><E34/><V23/><F100/><W20/><G20/><T128/><D99/><U120/><E120/><V108/><F23/><W17/><G17/><T22/><D96/><U134/><E134/><V103/><F103/><W2/><G2/><N who="1" m="1130" /><E38/><V30/><F108/><W42/><G80/><N who="0" m="30827" /><D22/><U51/><E51/><V26/><F48/><W86/><G86/><T116/><D116/><RYUUKYOKU ba="0,0" sc="280,-15,160,15,240,-15,320,15" hai1="41,43,57,61,67,92,93,94,112,115" hai3="40,42,45,50,59,63,65" /><INIT seed="1,1,0,1,0,101" ten="265,175,225,335" oya="1" hai0="98,41,81,78,96,58,28,10,74,19,104,127,53" hai1="14,102,115,107,55,71,9,83,36,29,110,67,48" hai2="8,133,103,49,73,39,135,2,129,50,72,30,5" hai3="86,65,92,17,62,82,85,4,123,20,47,126,52"/><U125/><E115/><V122/><F39/><W108/><G123/><T56/><D127/><U75/><E36/><V35/><F122/><W46/><G108/><T23/><D41/><U63/><E29/><V112/><F112/><W90/><G126/><T16/><D58/><U111/><E125/><V24/><F129/><W18/><G4/><T70/><D70/><U130/><E130/><V34/><F34/><W114/><G114/><T97/><D10/><U106/><E102/><V38/><F38/><W68/><G52/><T128/><D104/><U44/><E83/><V42/><F103/><W1/><G1/><T80/><D80/><U27/><E27/><V89/><F89/><W57/><G68/><T120/><D120/><U59/><E75/><N who="2" m="28747" /><F42/><W21/><G21/><T37/><D37/><U60/><E111/><V118/><F118/><W109/><G109/><T79/><D79/><U132/><E132/><AGARI ba="1,0" hai="2,5,8,24,30,35,49,50,132,133,135" m="28747" machi="132" ten="30,1000,0" yaku="20,1" doraHai="101" who="2" fromWho="1" sc="265,0,175,-13,225,13,335,0" /><INIT seed="2,0,0,4,2,2" ten="265,162,238,335" oya="2" hai0="101,20,82,122,132,57,110,111,105,15,55,47,38" hai1="127,112,28,96,115,114,44,29,84,41,74,81,25" hai2="104,62,123,52,70,23,43,40,119,121,133,6,1" hai3="128,92,50,135,56,18,107,54,67,16,27,99,124"/><V17/><F119/><W26/><G128/><T31/><D122/><U78/><E127/><V7/><F104/><W35/><G135/><T19/><D132/><U76/><E96/><V24/><F133/><W53/><G124/><T58/><D82/><U116/><E116/><V59/><F1/><W36/><G36/><T49/><D31/><U120/><E120/><V75/><F75/><W86/><G67/><T45/><D101/><U21/><E28/><V94/><F70/><W80/><G107/><T100/><D100/><U33/><E33/><V4/><F121/><W5/><G5/><T0/><D0/><U89/><REACH who="1" step="1"/><E74/><REACH who="1" ten="265,152,238,335" step="2"/><V95/><F123/><W97/><G97/><T37/><D105/><U11/><E11/><V131/><F131/><W30/><G30/><T125/><D125/><U14/><E14/><V9/><F9/><W68/><G35/><T79/><D15/><U98/><E98/><V69/><F69/><W61/><G26/><T60/><D20/><U93/><E93/><AGARI ba="0,1" hai="4,6,7,17,23,24,40,43,52,59,62,93,94,95" machi="93" ten="40,12000,1" yaku="8,1,52,3,54,1" doraHai="2" who="2" fromWho="1" sc="265,0,152,-120,238,130,335,0" /><INIT seed="2,1,0,4,0,91" ten="265,32,368,335" oya="2" hai0="127,15,41,87,117,38,48,96,43,42,75,16,118" hai1="108,18,72,100,89,60,98,32,20,11,4,47,0" hai2="65,9,25,50,57,59,110,64,68,119,107,82,133" hai3="52,115,40,134,29,126,17,92,106,111,112,27,76"/><V36/><F107/><W3/><G106/><T81/><D75/><U79/><E108/><V44/><F119/><N who="0" m="45578" /><D127/><U80/><E32/><V31/><F36/><W114/><G3/><T129/><D38/><U77/><E77/><V35/><F133/><W74/><G40/><N who="0" m="10243" /><T128/><DORA hai="90" /><D48/><U70/><E47/><V39/><F39/><W84/><G134/><T121/><D121/><U66/><E89/><V13/><F110/><W37/><G37/><T86/><D81/><U94/><E20/><V23/><F35/><W62/><G126/><T10/><D96/><U49/><E49/><V22/><F82/><N who="3" m="45335" /><G111/><T130/><AGARI ba="1,0" hai="10,15,16,86,87,128,129,130" m="10243,45578" machi="130" ten="50,6400,0" yaku="19,1,12,1,54,1" doraHai="91,90" who="0" fromWho="0" sc="265,67,32,-17,368,-33,335,-17" /><INIT seed="3,0,0,1,0,86" ten="332,15,335,318" oya="3" hai0="89,108,114,1,67,80,101,6,70,105,10,30,110" hai1="17,124,85,28,135,94,52,42,24,77,116,128,81" hai2="125,123,7,65,48,74,73,109,31,118,127,120,49" hai3="103,29,33,8,90,16,3,0,130,55,47,9,134"/><W54/><G103/><T66/><D114/><U20/><E42/><V13/><F118/><W2/><G130/><T92/><D80/><U22/><E128/><V35/><F65/><W88/><G134/><T59/><D70/><U14/><E135/><V82/><F109/><N who="0" m="42090" /><D30/><U45/><E116/><V15/><F31/><W99/><G99/><N who="0" m="61631" /><D59/><U43/><E124/><N who="2" m="47691" /><F35/><W111/><G111/><T104/><D104/><U131/><E131/><V71/><F71/><W37/><G55/><T72/><D72/><N who="2" m="27754" /><F82/><W41/><G54/><T112/><D112/><U83/><E83/><V60/><F60/><W107/><G107/><T38/><D38/><U76/><E94/><V63/><F63/><W39/><G37/><T129/><D129/><U64/><E64/><V115/><F115/><W100/><G100/><T21/><D21/><U113/><E113/><V75/><F75/><W46/><G47/><T53/><D53/><U40/><E77/><V27/><F27/><W102/><G102/><T119/><D119/><U12/><E12/><N who="2" m="4683" /><F7/><W58/><G16/><T117/><D117/><U56/><REACH who="1" step="1"/><E45/><REACH who="1" ten="332,5,335,318" step="2"/><V26/><F26/><N who="3" m="18615" /><G58/><T62/><D62/><AGARI ba="0,1" hai="14,17,20,22,24,28,40,43,52,56,62,76,81,85" machi="62" ten="30,7700,0" yaku="1,1,7,1,8,1,54,1,53,0" doraHai="86" doraHaiUra="133" who="1" fromWho="0" sc="332,-77,5,87,335,0,318,0" owari="255,-14.5,92,-40.8,335,43.5,318,11.8" /></mjloggm>