<mjloggm ver="2.3"><GO type="225" lobby="0"/><UN n0="%E3%83%97%E3%83%92" n1="%E3%81%A9%E3%82%8F%E3%82%93%E3%81%94" n2="%6B%69%72%61%64%6F%6B%69" n3="%E3%81%AF%E3%82%88%E3%81%8A%E3%81%98%E3%81%95%E3%82%93" dan="17,16,16,17" rate="2198.04,2100.06,2076.90,2178.49" sx="M,M,M,M"/><TAIKYOKU oya="0"/><INIT seed="0,0,0,2,1,125" ten="250,250,250,250" oya="0" hai0="74,50,15,115,22,35,107,63,104,123,75,8,33" hai1="99,93,54,82,129,5,10,95,19,126,1,2,45" hai2="88,29,80,117,7,134,12,46,135,103,41,65,109" hai3="53,119,23,13,25,28,60,51,113,21,44,47,68"/><T6/><D115/><U102/><E126/><V57/><F103/><W32/><G113/><T55/><D123/><U30/><E30/><V27/><F109/><W61/><G119/><T59/><D74/><U121/><E121/><V36/><F117/><W42/><G68/><T105/><D75/><U40/><E54/><V62/><F12/><W31/><G32/><T131/><D131/><U101/><E82/><V120/><F7/><W48/><G13/><T90/><D90/><U100/><E19/><V4/><F4/><W128/><G128/><T56/><REACH who="0" step="1"/><D22/><REACH who="0" ten="240,250,250,250" step="2"/><U97/><E102/><V71/><F120/><W96/><G96/><T26/><D26/><AGARI ba="0,1" hai="21,23,25,26,28,31,42,44,47,48,51,53,60,61" machi="26" ten="40,2600,0" yaku="9,1,8,1" doraHai="125" who="3" fromWho="0" sc="240,-26,250,0,250,0,250,36" /><INIT seed="1,0,0,0,2,90" ten="214,250,250,286" oya="1" hai0="41,45,4,107,131,73,83,7,84,125,44,117,22" hai1="105,55,102,119,18,111,82,104,31,0,8,80,43" hai2="95,99,85,1,57,69,133,77,96,16,112,123,23" hai3="58,126,115,54,11,132,37,38,59,48,98,134,108"/><U74/><E119/><V93/><F123/><W2/><G2/><T101/><D117/><U60/><E43/><V78/><F69/><W35/><G35/><T94/><D131/><U87/><E31/><V91/><F1/><W51/><G11/><T46/><D125/><U128/><E60/><V116/><F116/><W62/><G98/><N who="2" m="37417" /><F133/><N who="3" m="51307" /><G115/><T47/><D73/><U40/><E40/><V15/><F112/><W120/><G120/><T32/><D32/><U65/><E0/><V121/><F121/><W109/><G126/><T89/><D107/><U64/><E65/><V124/><F124/><W86/><G86/><T49/><D101/><U30/><E64/><V36/><F36/><N who="3" m="13931" /><G58/><T66/><D66/><U76/><E105/><V72/><F72/><W97/><G97/><T10/><D10/><U53/><E8/><V135/><F135/><W29/><G29/><T113/><D113/><U3/><E30/><V110/><F110/><AGARI ba="0,0" hai="48,51,54,59,62,108,109,110" m="13931,51307" machi="110" ten="40,8000,1" yaku="14,1,20,1,34,2" doraHai="90" who="3" fromWho="2" sc="214,0,250,0,250,-80,286,80" /><INIT seed="2,0,0,4,5,79" ten="214,250,170,366" oya="2" hai0="75,99,33,132,47,121,114,3,58,36,8,1,133" hai1="78,90,65,62,118,108,17,31,27,93,21,127,18" hai2="102,130,80,72,53,74,95,61,84,63,101,10,98" hai3="81,111,125,104,68,126,69,54,106,11,0,43,124"/><V38/><F38/><W42/><G111/><T29/><D58/><U22/><E118/><V44/><F130/><W13/><G0/><N who="0" m="75" /><D121/><U9/><E108/><V120/><F120/><W110/><G110/><T97/><D114/><U70/><E127/><V48/><F102/><W73/><G54/><T123/><D123/><U105/><E105/><N who="3" m="40554" /><G81/><T82/><D8/><U51/><E78/><V14/><F72/><W49/><G73/><T60/><D60/><U37/><E37/><V128/><F128/><W25/><G25/><N who="0" m="18607" /><D97/><U50/><E9/><V83/><F74/><W100/><G100/><T39/><D99/><U46/><E46/><V134/><F134/><N who="0" m="51818" /><D47/><U24/><E31/><V71/><F71/><N who="3" m="27211" /><G49/><T26/><D26/><U20/><E20/><V86/><F86/><AGARI ba="0,0" hai="17,18,21,22,24,27,50,51,62,65,70,86,90,93" machi="86" ten="30,2000,0" yaku="7,1,9,1" doraHai="79" who="1" fromWho="2" sc="214,0,250,20,170,-20,366,0" /><INIT seed="3,0,0,0,2,8" ten="214,270,150,366" oya="3" hai0="55,130,86,77,35,56,18,0,50,79,104,11,121" hai1="68,10,101,28,124,120,135,39,99,17,52,80,58" hai2="57,95,74,81,29,110,127,133,30,34,15,78,33" hai3="31,76,9,37,36,71,46,115,118,114,22,2,26"/><W82/><G71/><T14/><D121/><U102/><E120/><V75/><F110/><W1/><G118/><T54/><D104/><U106/><E68/><V112/><F112/><W73/><G37/><T25/><D130/><U72/><E39/><V88/><F133/><W108/><G1/><T27/><D0/><U103/><E28/><V92/><F127/><W13/><G108/><T96/><D35/><U123/><E135/><V61/><F34/><W40/><G2/><T97/><D77/><U65/><E65/><V45/><F74/><W44/><G46/><T53/><D79/><U4/><E17/><AGARI ba="0,0" hai="9,13,17,22,26,31,36,40,44,73,76,82,114,115" machi="17" ten="30,2900,0" yaku="7,1,52,1" doraHai="8" who="3" fromWho="1" sc="214,0,270,-29,150,0,366,29" owari="214,-18.6,241,4.1,150,-35.0,395,49.5" /></mjloggm>