<mjloggm ver="2.3"><GO type="225" lobby="0"/><UN n0="%48%61%61%61%6C%61%6E%64" n1="%72%69%6F%75%63%68%61%6E" n2="%E3%81%AF%E3%82%88%E3%81%8A%E3%81%98%E3%81%95%E3%82%93" n3="%E6%98%93%E5%88%A9%E8%96%A9%E4%BC%AF" dan="18,17,17,16" rate="2164.66,2143.40,2203.08,2064.90" sx="M,M,M,F"/><TAIKYOKU oya="0"/><INIT seed="0,0,0,1,2,99" ten="250,250,250,250" oya="0" hai0="86,28,81,33,63,88,35,125,87,109,92,14,106" hai1="12,133,113,131,69,22,89,10,24,74,9,77,11" hai2="25,56,3,112,43,104,120,75,13,5,27,31,60" hai3="117,84,110,47,128,32,34,45,67,103,108,2,107"/><T19/><D106/><U111/><E111/><N who="3" m="42538" /><G2/><T38/><D109/><U37/><E131/><V134/><F120/><W64/><G117/><T21/><D38/><U119/><E133/><V44/><F112/><W70/><G84/><T91/><D125/><U130/><E130/><V97/><F75/><W0/><G0/><T90/><D90/><U71/><E119/><V73/><F73/><W58/><G58/><T118/><D118/><U126/><E126/><V55/><F3/><W135/><G70/><T82/><D92/><U123/><E37/><V79/><F79/><W50/><G50/><T39/><D39/><U105/><E123/><V7/><F134/><W53/><G53/><T124/><D124/><U62/><E113/><V30/><F104/><W59/><G59/><T20/><REACH who="0" step="1"/><D63/><REACH who="0" ten="240,250,250,250" step="2"/><U40/><E105/><V29/><F60/><W46/><G128/><T57/><D57/><U42/><E62/><V41/><F56/><W61/><G61/><T1/><D1/><U6/><E69/><V36/><F36/><W129/><G129/><T66/><D66/><N who="3" m="25129" /><G135/><T65/><D65/><U4/><E71/><V127/><F127/><W101/><G107/><T114/><D114/><U52/><E89/><V121/><F121/><W102/><AGARI ba="0,1" hai="32,34,45,46,47,101,102,103" m="25129,42538" machi="102" ten="40,12000,2" yaku="28,2,14,1,52,3" doraHai="99" who="3" fromWho="3" sc="240,-60,250,-30,250,-30,250,130" /><INIT seed="1,0,0,3,0,28" ten="180,220,220,380" oya="1" hai0="114,105,42,15,51,118,113,46,71,2,85,20,117" hai1="3,94,108,81,76,107,132,61,131,32,83,60,37" hai2="24,8,40,56,13,66,101,23,44,27,39,36,17" hai3="7,127,47,103,82,54,11,9,72,30,64,97,115"/><U63/><E131/><V95/><F39/><W55/><G115/><T91/><D2/><U100/><E132/><V86/><F24/><W29/><G64/><T126/><D71/><U43/><E3/><V48/><F36/><W87/><G72/><T77/><D105/><U84/><E107/><V33/><F33/><W62/><G11/><T102/><D102/><U129/><E129/><V74/><F74/><W96/><G96/><T35/><D77/><U104/><E104/><V59/><F66/><W123/><G127/><T68/><D68/><U121/><E121/><V14/><F14/><W49/><G62/><T4/><D35/><U75/><E108/><V52/><F40/><W133/><G55/><T1/><D1/><U73/><E32/><V34/><F34/><W128/><G123/><T99/><D99/><U41/><E37/><V112/><F112/><W135/><G135/><T134/><D134/><U6/><E6/><V116/><F116/><W79/><G128/><T67/><D67/><U120/><E120/><V80/><F95/><N who="3" m="58815" /><G133/><T89/><D126/><U22/><E73/><V57/><F101/><W5/><G5/><T16/><D4/><U45/><E100/><V124/><F124/><W111/><G111/><T25/><D114/><U12/><E75/><V31/><F59/><W92/><G92/><N who="0" m="54319" /><D113/><U18/><E94/><V53/><F53/><W90/><G79/><AGARI ba="0,0" hai="8,13,17,23,27,31,44,48,52,56,57,79,80,86" machi="79" ten="30,3900,0" yaku="7,1,8,1,54,1" doraHai="28" who="2" fromWho="3" sc="180,0,220,0,220,39,380,-39" /><INIT seed="2,0,0,0,0,67" ten="180,220,259,341" oya="2" hai0="76,103,70,96,28,35,38,34,11,116,51,29,31" hai1="75,83,79,24,113,125,84,64,22,60,130,27,85" hai2="107,124,117,5,57,25,9,93,26,53,123,122,8" hai3="71,114,18,115,72,15,78,36,41,62,120,77,88"/><V135/><F107/><W2/><G2/><T86/><D38/><U32/><E125/><V73/><F117/><W33/><G33/><T89/><D116/><U4/><E130/><V69/><F69/><W104/><G104/><T110/><D110/><U13/><E113/><N who="3" m="43018" /><G72/><T16/><D76/><U82/><E32/><V42/><F42/><W43/><G88/><T105/><D70/><U99/><E99/><V17/><F135/><W98/><G98/><T14/><REACH who="0" step="1"/><D51/><REACH who="0" ten="170,220,259,341" step="2"/><U91/><E75/><V47/><F73/><W101/><G77/><T121/><D121/><U133/><E133/><V100/><F123/><W95/><G78/><T74/><D74/><U30/><E24/><V68/><F25/><W63/><G71/><T131/><D131/><U106/><E106/><V1/><F26/><W118/><G36/><T6/><D6/><U49/><E49/><V46/><F5/><W97/><G120/><T58/><D58/><N who="1" m="36887" /><E4/><V10/><F57/><W20/><G118/><T0/><D0/><U66/><E13/><V61/><F68/><W40/><AGARI ba="0,1" hai="15,18,20,40,41,43,62,63,95,97,101" m="43018" machi="40" ten="30,1100,0" yaku="11,1" doraHai="67" who="3" fromWho="3" sc="170,-3,220,-3,259,-5,341,21" /><INIT seed="3,0,0,0,2,117" ten="167,217,254,362" oya="3" hai0="38,57,73,116,112,58,12,69,20,25,124,49,131" hai1="4,53,23,21,94,29,31,126,1,100,95,122,10" hai2="45,79,71,115,81,48,0,87,46,111,88,130,123" hai3="113,104,101,19,118,114,74,121,77,60,132,68,16"/><W42/><G118/><T128/><D116/><U78/><E122/><V135/><F115/><W24/><G121/><T91/><D112/><U9/><E126/><V64/><F0/><W62/><G42/><T75/><D38/><U6/><E78/><V5/><F5/><W89/><G132/><T80/><D69/><U86/><E53/><V93/><F123/><W22/><G89/><T7/><D124/><U37/><E37/><V119/><F119/><W40/><G40/><T120/><D120/><U44/><E44/><V63/><F111/><W59/><G68/><T82/><D12/><U127/><E127/><V32/><F32/><W28/><G62/><T17/><D7/><U102/><E86/><V105/><F105/><W52/><G19/><T70/><D70/><U65/><E1/><V36/><F130/><W56/><G56/><T129/><D91/><U76/><E76/><V8/><F8/><W108/><G28/><T50/><D57/><U34/><E34/><V99/><F45/><W14/><G14/><T110/><D110/><U35/><E35/><V55/><F135/><W11/><G11/><T72/><REACH who="0" step="1"/><D58/><REACH who="0" ten="157,217,254,362" step="2"/><U125/><E125/><V97/><F36/><W41/><G108/><T109/><D109/><U18/><E4/><V98/><AGARI ba="0,1" hai="46,48,55,63,64,71,79,81,87,88,93,97,98,99" machi="98" ten="20,2700,0" yaku="0,1,7,1,54,1" doraHai="117" who="2" fromWho="2" sc="157,-7,217,-7,254,37,362,-13" owari="150,-35.0,210,-19.0,291,9.1,349,44.9" /></mjloggm>