<mjloggm ver="2.3"><GO type="225" lobby="0"/><UN n0="%E8%90%BD%E6%97%A5" n1="%43%68%65" n2="%E3%81%86%E3%81%A3%E3%81%97%E3%83%BC%30%30" n3="%E6%A1%9C%E8%8A%B1%E9%96%83%E3%80%85" dan="19,16,16,17" rate="2268.97,2140.89,2078.43,2265.02" sx="F,M,M,M"/><TAIKYOKU oya="0"/><INIT seed="0,0,0,2,3,13" ten="250,250,250,250" oya="0" hai0="21,75,16,12,54,56,23,43,116,96,51,50,11" hai1="122,1,19,38,92,74,123,0,73,102,108,97,61" hai2="89,132,99,25,85,46,88,30,62,95,76,113,105" hai3="87,7,135,100,72,57,124,115,3,18,68,121,48"/><T28/><D116/><U78/><E38/><V42/><F113/><W63/><G72/><T55/><D75/><U49/><E108/><V90/><F132/><W69/><G115/><T133/><D133/><U6/><E74/><V127/><F105/><W40/><G135/><T117/><D117/><U45/><E61/><V110/><F127/><W47/><G124/><T107/><D43/><U98/><E78/><V84/><F62/><W81/><G100/><T112/><D112/><U24/><E73/><V32/><F110/><W104/><G104/><T22/><D107/><U119/><E119/><V9/><F9/><W59/><G59/><T35/><D96/><U10/><E97/><V70/><F70/><W37/><G37/><T82/><D82/><U129/><E1/><V58/><F58/><W114/><G121/><T131/><D131/><U39/><E39/><V83/><REACH who="2" step="1"/><F85/><REACH who="2" ten="250,250,240,250" step="2"/><W34/><G69/><T134/><D134/><U111/><E111/><V4/><F4/><W29/><G68/><T71/><D71/><U31/><E129/><V27/><F27/><N who="3" m="18751" /><G57/><N who="0" m="32983" /><D35/><U8/><E123/><V52/><F52/><W109/><G63/><T94/><D94/><U130/><E122/><V17/><F17/><W67/><G18/><T106/><D106/><U20/><E130/><V118/><F118/><W53/><G109/><T93/><D93/><U2/><E6/><V101/><F101/><W86/><G114/><T33/><D33/><N who="1" m="20711" /><E10/><V60/><F60/><W26/><G53/><T103/><D103/><U65/><E8/><V41/><F41/><W5/><G40/><T79/><D28/><RYUUKYOKU ba="0,1" sc="250,15,250,-15,240,15,250,-15" hai0="11,12,16,21,22,23,51,55,56,79" hai2="25,30,32,42,46,76,83,84,88,89,90,95,99" /><INIT seed="0,1,1,2,5,80" ten="265,235,255,235" oya="0" hai0="96,33,49,73,50,16,72,57,24,20,131,112,27" hai1="3,82,12,116,9,122,85,68,35,71,28,0,64" hai2="54,100,29,45,21,47,113,41,128,7,83,40,90" hai3="101,109,99,2,98,26,31,69,117,42,4,92,95"/><T55/><D112/><U59/><E116/><V63/><F113/><W108/><G69/><T22/><D131/><U88/><E122/><V30/><F100/><W17/><G117/><T58/><D33/><U103/><E71/><V66/><F128/><W129/><G129/><T86/><D96/><U70/><E70/><V74/><F7/><W52/><G42/><T36/><D36/><U48/><E68/><V23/><F54/><W60/><G17/><T67/><D67/><U126/><E103/><V79/><F90/><W25/><G4/><T105/><D105/><U93/><E126/><V120/><F120/><W6/><G6/><T94/><D94/><U1/><E28/><V62/><F83/><W5/><G5/><T114/><D114/><U15/><E35/><V130/><F130/><W61/><G2/><T125/><D125/><U77/><E9/><V127/><F127/><W76/><G76/><T46/><D86/><U121/><E121/><V133/><F79/><W132/><G132/><T119/><D119/><U107/><E107/><V43/><F43/><W118/><G118/><T104/><D104/><U8/><E8/><V124/><F124/><W115/><G115/><T44/><D55/><U18/><E18/><AGARI ba="1,1" hai="16,18,20,22,24,27,44,46,49,50,57,58,72,73" machi="18" ten="25,4800,0" yaku="22,2,54,1" doraHai="80" who="0" fromWho="1" sc="265,61,235,-51,255,0,235,0" /><INIT seed="0,2,0,2,5,42" ten="326,184,255,235" oya="0" hai0="82,109,51,60,74,63,45,131,98,40,48,57,102" hai1="75,95,78,58,99,34,112,62,33,25,2,104,61" hai2="79,90,15,120,65,1,134,126,14,54,12,67,46" hai3="11,106,41,118,64,103,85,80,30,52,55,44,70"/><T100/><D131/><U4/><E104/><V35/><F120/><W132/><G118/><T121/><D121/><U71/><E71/><V133/><F1/><W81/><G30/><T122/><D122/><U84/><E75/><V113/><F35/><W101/><G132/><N who="2" m="50793" /><F113/><W31/><G31/><T130/><D130/><U73/><E73/><V59/><F46/><W110/><G110/><T56/><D109/><U94/><E84/><V53/><F79/><W26/><G26/><T32/><D32/><U20/><E25/><V50/><F126/><W124/><G81/><T66/><D51/><U127/><E78/><V117/><F54/><W72/><G72/><T43/><D43/><U105/><E2/><V22/><F117/><W128/><G11/><T3/><D3/><U28/><E20/><V108/><F108/><W49/><G124/><T76/><REACH who="0" step="1"/><D98/><REACH who="0" ten="316,184,255,235" step="2"/><U17/><E99/><V68/><F50/><W135/><G128/><T36/><D36/><U6/><E127/><V86/><F15/><W111/><G111/><T29/><D29/><U93/><E28/><V13/><F14/><W0/><G0/><T7/><D7/><U96/><E6/><V10/><F13/><W19/><G41/><T23/><D23/><U89/><E4/><V16/><F22/><W77/><G49/><T91/><D91/><U5/><E5/><V119/><F119/><W69/><G135/><T83/><D83/><U115/><E34/><V24/><F90/><W87/><G80/><T114/><D114/><U92/><N who="1" m="23552" /><DORA hai="18" /><U38/><E112/><V88/><F88/><W39/><G39/><RYUUKYOKU ba="2,1" sc="316,30,184,-10,255,-10,235,-10" hai0="40,45,48,56,57,60,63,66,74,76,82,100,102" /><INIT seed="0,3,1,1,5,100" ten="346,174,245,225" oya="0" hai0="78,74,71,69,51,58,93,36,104,135,91,42,88" hai1="62,35,37,61,32,67,114,120,126,18,130,41,5" hai2="39,117,4,96,54,125,122,53,118,123,28,90,50" hai3="63,108,65,1,17,102,89,95,60,81,76,15,12"/><T47/><D104/><U10/><E120/><V109/><F4/><W2/><G108/><T115/><D115/><U92/><E114/><V16/><F28/><W14/><G102/><T128/><D128/><U77/><E130/><V70/><F39/><W131/><G131/><T64/><D135/><U25/><E126/><V113/><F70/><W30/><G30/><T8/><D78/><U94/><E77/><V66/><F66/><W119/><G119/><N who="2" m="45577" /><F125/><W44/><G44/><T79/><D79/><U13/><E35/><V105/><F90/><W11/><G2/><T129/><D74/><U22/><E32/><V31/><F31/><W59/><G63/><T112/><D91/><U48/><E37/><V80/><F80/><W19/><G1/><T72/><D72/><U68/><REACH who="1" step="1"/><E62/><REACH who="1" ten="346,164,245,225" step="2"/><V134/><F113/><W121/><G121/><T49/><D36/><U87/><E87/><V97/><F123/><W52/><G65/><T99/><D129/><U23/><E23/><V75/><F122/><W101/><G11/><T56/><D112/><U83/><E83/><V127/><F75/><W124/><G124/><T45/><D8/><U85/><E85/><V40/><F127/><W103/><G76/><T9/><D9/><U116/><E116/><V24/><F134/><W110/><G81/><T20/><D20/><U34/><E34/><V73/><F73/><W57/><G60/><T98/><D64/><U86/><E86/><V82/><F82/><W6/><G110/><T29/><D51/><U132/><E132/><V55/><F109/><W27/><G6/><T111/><D111/><RYUUKYOKU ba="3,2" sc="346,-10,164,30,245,-10,225,-10" hai1="5,10,13,18,22,25,41,48,61,67,68,92,94" /><INIT seed="1,4,2,0,5,11" ten="336,194,235,215" oya="1" hai0="36,4,115,106,24,63,3,101,97,108,94,93,1" hai1="124,119,67,47,132,79,25,105,133,60,41,100,34" hai2="40,102,109,39,73,58,46,20,75,135,61,6,55" hai3="121,120,96,127,30,21,8,31,43,80,23,32,95"/><U56/><E119/><V18/><F109/><W44/><G127/><T33/><D115/><U49/><E124/><V10/><F135/><N who="1" m="51785" /><E79/><V72/><F102/><W88/><G32/><T52/><D36/><U50/><E100/><V38/><F38/><W114/><G114/><T98/><D108/><U74/><E74/><V19/><REACH who="2" step="1"/><F20/><REACH who="2" ten="336,194,225,215" step="2"/><W70/><G23/><T87/><D101/><U42/><E105/><V37/><F37/><W76/><G21/><T29/><D106/><U54/><E34/><V14/><AGARI ba="4,3" hai="6,10,14,18,19,39,40,46,55,58,61,72,73,75" machi="14" ten="30,4000,0" yaku="1,1,0,1,52,1,53,0" doraHai="11" doraHaiUra="66" who="2" fromWho="2" sc="336,-14,194,-24,225,82,215,-14" /><INIT seed="2,0,0,5,4,121" ten="322,170,307,201" oya="2" hai0="110,122,76,66,92,85,128,91,118,15,117,101,131" hai1="77,126,24,130,115,100,32,119,57,6,28,54,134" hai2="88,68,41,40,90,99,89,103,36,47,75,124,98" hai3="102,26,12,34,83,21,29,113,1,96,51,72,114"/><V86/><F75/><W3/><G51/><T60/><D122/><U80/><E115/><N who="3" m="44042" /><G12/><T13/><D101/><U93/><E119/><N who="0" m="45577" /><D76/><U97/><E126/><V64/><F124/><W120/><G21/><T71/><D110/><U74/><E130/><AGARI ba="0,0" hai="13,15,60,66,71,85,91,92,128,130,131" m="45577" machi="130" ten="30,2000,0" yaku="19,1,12,1" doraHai="121" who="0" fromWho="1" sc="322,20,170,-20,307,0,201,0" /><INIT seed="3,0,0,1,1,1" ten="342,150,307,201" oya="3" hai0="123,25,109,111,79,42,20,14,67,72,133,36,91" hai1="7,130,112,45,113,102,99,132,92,121,41,87,96" hai2="135,63,8,9,54,129,32,13,53,52,10,122,33" hai3="82,106,71,29,126,64,97,85,77,35,22,30,44"/><W95/><G35/><T49/><D123/><U27/><E121/><V93/><F122/><W76/><G106/><T117/><D117/><U119/><E119/><V4/><F129/><W70/><G126/><T15/><D133/><U68/><E132/><V89/><F135/><W81/><G44/><N who="0" m="25751" /><D36/><U128/><E68/><V46/><F33/><W51/><G51/><T101/><D101/><U40/><E27/><V50/><F32/><W43/><G43/><T16/><D91/><U116/><E116/><V80/><F80/><W59/><G22/><T2/><D2/><U60/><E60/><V125/><F125/><W86/><G59/><T134/><D134/><U48/><E41/><N who="2" m="24911" /><F63/><W5/><G5/><T83/><D67/><U124/><E124/><V107/><F107/><W65/><G95/><T39/><D39/><U38/><E38/><V131/><F131/><W103/><G103/><T12/><D25/><U84/><E130/><V78/><F78/><W120/><G120/><T47/><D47/><U21/><E128/><V28/><F28/><W31/><G31/><T110/><AGARI ba="0,0" hai="12,14,15,16,20,72,79,83,109,110,111" m="25751" machi="110" ten="30,2000,0" yaku="14,1,54,1" doraHai="1" who="0" fromWho="0" sc="342,20,150,-5,307,-5,201,-10" owari="362,46.2,145,-35.5,302,10.2,191,-20.9" /></mjloggm>