<mjloggm ver="2.3"><GO type="225" lobby="0"/><UN n0="%E8%A8%88%E7%AE%97%E6%A9%9F%E8%87%AA%E7%84%B6" n1="%E5%84%AA%40%41%42%43" n2="%E9%89%A2%E5%B7%BB%E3%82%AC%E3%83%96" n3="%E3%81%AA%E3%81%BE%E3%81%91%E8%80%85" dan="17,17,16,16" rate="2245.39,2244.23,2134.66,2072.29" sx="M,M,M,M"/><TAIKYOKU oya="0"/><INIT seed="0,0,0,5,4,119" ten="250,250,250,250" oya="0" hai0="39,126,60,15,82,56,53,57,28,58,22,96,117" hai1="45,61,18,133,83,116,31,38,64,43,99,48,101" hai2="0,77,46,9,92,34,26,125,90,113,93,5,86" hai3="120,70,75,29,122,105,84,51,114,107,129,42,89"/><T14/><D117/><U130/><E133/><V2/><F125/><W40/><G114/><T71/><D39/><U47/><E130/><V7/><F113/><W110/><G75/><T78/><D126/><U11/><E31/><V44/><F77/><W127/><G127/><T17/><D71/><U67/><E83/><V33/><F26/><W8/><G70/><T85/><D28/><U13/><E61/><V135/><F135/><W106/><G129/><T134/><D134/><U103/><E103/><V20/><F20/><W49/><G110/><T121/><D121/><N who="3" m="46697" /><G29/><T19/><REACH who="0" step="1"/><D96/><REACH who="0" ten="240,250,250,250" step="2"/><U25/><E116/><V80/><F34/><W73/><G73/><T55/><D55/><U128/><E128/><V111/><F33/><W50/><G8/><AGARI ba="0,1" hai="8,14,15,17,19,22,53,56,57,58,60,78,82,85" machi="8" ten="30,11600,0" yaku="1,1,7,1,8,1,53,1" doraHai="119" doraHaiUra="6" who="0" fromWho="3" sc="240,126,250,0,250,0,250,-116" /><INIT seed="0,1,0,1,4,36" ten="366,250,250,134" oya="0" hai0="96,115,116,91,81,68,12,78,67,13,107,48,122" hai1="61,134,32,11,17,42,106,0,104,8,64,40,87" hai2="92,54,70,82,56,6,132,111,125,72,98,14,39" hai3="126,51,47,4,21,7,9,100,22,58,89,19,110"/><T123/><D115/><U77/><E32/><V66/><F111/><W112/><G112/><T114/><D114/><U35/><E35/><V23/><F125/><W121/><G110/><T53/><D116/><U105/><E134/><V27/><F132/><W33/><G33/><T101/><D68/><U128/><E128/><V38/><F66/><W43/><G121/><T71/><D71/><U73/><E73/><V127/><F82/><W69/><G69/><T60/><D60/><U129/><E129/><V135/><F72/><W57/><G126/><T49/><D49/><U18/><E77/><V80/><F80/><W16/><G100/><T50/><D50/><U28/><E87/><V5/><F5/><W55/><G89/><T45/><D67/><U1/><E28/><V46/><F46/><W86/><G86/><T133/><D91/><U102/><E64/><V20/><F20/><W52/><G9/><N who="1" m="3658" /><E61/><N who="2" m="35991" /><F70/><W62/><G21/><T37/><D37/><U75/><E75/><V85/><F85/><W2/><G19/><N who="1" m="7178" /><E102/><N who="2" m="60743" /><F135/><W24/><G2/><AGARI ba="1,0" hai="0,1,2,40,42,104,105,106" m="7178,3658" machi="2" ten="40,8000,1" yaku="28,2,52,2" doraHai="36" who="1" fromWho="3" sc="366,0,250,83,250,0,134,-83" /><INIT seed="1,0,0,1,2,65" ten="366,333,250,51" oya="1" hai0="25,95,90,52,129,104,26,126,98,8,30,19,32" hai1="16,0,112,108,59,54,127,47,102,79,78,91,61" hai2="10,84,50,4,128,121,113,86,34,135,106,110,23" hai3="72,120,70,22,21,38,33,71,2,67,119,36,66"/><U57/><E112/><V24/><F106/><W125/><G33/><T11/><D129/><U14/><E0/><V117/><F50/><W77/><G2/><T75/><D75/><U103/><E127/><V130/><F86/><W45/><G77/><N who="1" m="29194" /><E108/><V92/><F92/><W6/><G6/><T49/><D126/><U62/><E47/><V88/><F88/><W27/><G125/><T40/><D40/><U55/><E91/><V13/><F84/><W64/><G120/><T81/><D104/><U83/><E83/><V131/><F121/><W1/><G1/><T114/><D114/><U37/><E37/><V17/><F113/><W31/><G119/><T101/><D90/><U69/><E69/><V12/><F117/><W87/><G72/><T96/><D81/><U42/><E42/><V76/><F76/><W105/><G87/><T39/><D39/><U46/><E46/><V9/><F110/><W35/><G105/><T18/><D96/><U107/><E107/><V58/><F58/><W60/><G67/><T5/><D95/><U97/><E97/><V74/><F74/><W53/><G38/><T115/><D98/><U43/><E43/><V7/><F34/><W122/><G122/><T20/><D115/><U123/><E123/><V15/><F135/><W41/><REACH who="3" step="1"/><G53/><REACH who="3" ten="366,333,250,41" step="2"/><T100/><D52/><U93/><E93/><V3/><AGARI ba="0,1" hai="3,4,7,9,10,12,13,15,17,23,24,128,130,131" machi="3" ten="30,8000,1" yaku="0,1,19,1,34,3" doraHai="65" who="2" fromWho="2" sc="366,-20,333,-40,250,90,41,-20" /><INIT seed="2,0,0,3,0,90" ten="346,293,340,21" oya="2" hai0="42,133,60,124,33,62,20,68,108,3,122,103,110" hai1="35,131,111,135,132,59,91,7,45,53,23,39,66" hai2="107,52,123,43,56,125,47,30,63,61,84,115,19" hai3="16,67,57,85,94,58,12,13,114,37,134,32,10"/><V54/><F115/><W99/><G32/><T105/><D122/><U0/><E35/><V109/><F123/><W97/><G134/><N who="1" m="51242" /><E0/><V17/><F107/><W121/><G37/><T75/><D33/><U49/><E7/><V119/><F119/><W70/><G70/><T100/><D133/><U118/><E23/><V14/><F125/><W69/><G69/><T86/><D75/><U48/><E91/><V88/><F30/><W93/><G114/><T120/><D120/><U40/><E118/><V81/><F109/><N who="0" m="42090" /><D3/><U8/><E8/><V96/><F14/><W95/><G85/><T51/><D124/><U130/><E111/><V9/><F9/><W76/><G76/><T98/><D100/><U31/><E31/><V89/><F63/><W78/><G78/><T77/><D68/><U126/><E126/><V113/><F54/><W72/><G72/><T129/><D20/><U44/><E66/><V18/><F113/><W64/><G121/><T4/><D4/><U50/><E45/><V25/><F25/><W27/><G27/><T15/><D15/><U92/><E92/><N who="3" m="23554" /><W38/><DORA hai="79" /><G12/><T36/><D77/><U83/><E83/><V26/><F26/><W102/><G38/><T101/><D36/><U73/><E73/><V24/><F24/><W104/><G104/><T128/><D86/><U21/><E21/><V22/><F22/><W55/><G102/><T82/><D101/><U5/><E5/><V106/><F106/><W11/><G11/><T41/><D103/><U87/><E87/><V117/><F17/><W80/><G80/><T116/><D82/><RYUUKYOKU ba="0,0" sc="346,-10,293,30,340,-10,21,-10" hai1="39,40,44,48,49,50,53,59,130,131" /><INIT seed="3,1,0,0,0,129" ten="336,323,330,11" oya="3" hai0="27,53,126,117,114,87,131,6,37,119,78,72,50" hai1="80,120,96,44,25,125,49,48,54,91,124,127,90" hai2="22,36,88,43,116,75,84,42,135,38,46,11,99" hai3="14,59,109,2,51,56,35,110,19,58,70,71,18"/><W28/><G2/><T106/><D37/><U94/><E120/><V40/><F116/><W47/><G35/><T98/><D131/><U63/><E25/><V29/><F75/><W132/><G28/><T86/><D6/><U39/><E63/><V81/><F135/><W10/><G132/><T33/><D72/><U73/><E39/><V112/><F112/><W24/><G24/><T123/><D123/><U92/><E49/><V7/><F36/><W67/><G19/><T64/><D64/><U76/><E94/><N who="2" m="56775" /><F46/><W77/><G77/><T30/><D126/><U130/><E130/><V68/><F68/><W133/><G133/><T32/><D32/><U102/><AGARI ba="1,0" hai="44,48,54,73,76,80,90,91,92,96,102,124,125,127" machi="102" ten="30,2000,0" yaku="0,1,18,1" doraHai="129" who="1" fromWho="1" sc="336,-6,323,23,330,-6,11,-11" owari="330,13.0,346,44.6,324,-7.6,0,-50.0" /></mjloggm>