<mjloggm ver="2.3"><GO type="225" lobby="0"/><UN n0="%E5%A4%8F%E9%88%B4%E9%88%B4%E5%A4%8F" n1="%E3%82%BC%E3%83%AB%E3%83%80%E3%81%AE%E4%BC%9D%E8%AA%AC" n2="%E5%8F%AF%E5%85%90%E9%82%A3%E7%94%B1%E5%A4%9A" n3="%E3%83%B4%E3%83%A0%EF%BC%99%E3%81%A6" dan="16,17,16,17" rate="2129.85,2250.11,2192.37,2114.58" sx="M,M,F,M"/><TAIKYOKU oya="0"/><INIT seed="0,0,0,2,5,107" ten="250,250,250,250" oya="0" hai0="15,36,86,72,55,105,68,32,56,57,113,83,126" hai1="79,91,19,115,133,103,6,53,18,40,62,65,51" hai2="82,4,17,61,11,116,84,104,9,30,54,24,23" hai3="13,109,47,39,119,129,66,80,41,60,128,22,89"/><T5/><D68/><U26/><E133/><V64/><F104/><W50/><G119/><T49/><D113/><U101/><E115/><V110/><F110/><W118/><G118/><T81/><D32/><U67/><E79/><V134/><F134/><W117/><G117/><T111/><D36/><U97/><E6/><V99/><F116/><W20/><G109/><T127/><D105/><U31/><E40/><V34/><F99/><W27/><G39/><T12/><D111/><U102/><E91/><V112/><F112/><W95/><G80/><T76/><D56/><N who="1" m="37063" /><E67/><V8/><F54/><W2/><G2/><T71/><D71/><U16/><E31/><V98/><F98/><W59/><G13/><T108/><D108/><U130/><E130/><N who="3" m="50282" /><G27/><T74/><D74/><U46/><E97/><AGARI ba="0,0" hai="20,22,41,47,50,59,60,66,89,95,97" m="50282" machi="97" ten="30,1000,0" yaku="19,1" doraHai="107" who="3" fromWho="1" sc="250,0,250,-10,250,0,250,10" /><INIT seed="1,0,0,5,4,126" ten="250,240,250,260" oya="1" hai0="69,96,34,116,54,8,74,121,53,72,25,68,129" hai1="132,64,73,131,94,15,18,124,1,67,36,26,30" hai2="103,19,28,89,77,107,4,43,55,88,12,109,104" hai3="111,61,51,84,0,102,125,92,82,114,85,7,45"/><U87/><E124/><V40/><F109/><W134/><G125/><T60/><D121/><U99/><E73/><V76/><F28/><W122/><G114/><T117/><D96/><U130/><E1/><V44/><F4/><W62/><G122/><T10/><D60/><U110/><E36/><V70/><F70/><W101/><G134/><T80/><D80/><U128/><E132/><V127/><F127/><W13/><G0/><T65/><D25/><U86/><E110/><V93/><F103/><W112/><G112/><T56/><D56/><U57/><E57/><V106/><F55/><W113/><G84/><N who="1" m="32298" /><E15/><V22/><F43/><W123/><G123/><T133/><D133/><U81/><E18/><V97/><REACH who="2" step="1"/><F89/><REACH who="2" ten="250,240,240,260" step="2"/><W115/><G111/><T49/><D65/><U95/><E81/><V23/><F23/><W78/><G82/><T14/><D34/><N who="1" m="20823" /><E95/><V29/><F29/><W41/><G92/><T63/><D69/><U90/><AGARI ba="0,1" hai="64,67,90,94,99,128,130,131" m="20823,32298" machi="90" ten="40,12000,1" yaku="19,1,52,3" doraHai="126" who="1" fromWho="1" sc="250,-40,240,130,240,-40,260,-40" /><INIT seed="1,1,0,2,0,32" ten="210,370,200,220" oya="1" hai0="100,78,44,11,67,20,30,109,38,68,17,110,94" hai1="127,118,14,71,54,16,72,53,99,22,34,57,102" hai2="28,76,65,3,61,112,114,98,108,106,84,26,0" hai3="93,87,105,123,126,25,8,31,9,96,18,130,21"/><U1/><E118/><V15/><F108/><N who="0" m="41578" /><D30/><U103/><E127/><V58/><F15/><W104/><G126/><T66/><D78/><U80/><E71/><V89/><F76/><W49/><G123/><T51/><D38/><U101/><E34/><V121/><F121/><W12/><G130/><T135/><D135/><U42/><E1/><V91/><F106/><W116/><G116/><T24/><D68/><U75/><E42/><V125/><F125/><W85/><G105/><T134/><D11/><U39/><E39/><V43/><F43/><W129/><G104/><T81/><D81/><U77/><E53/><V97/><F97/><W60/><G129/><T46/><D134/><U64/><E64/><N who="0" m="24617" /><D51/><U88/><E75/><V133/><F133/><W35/><G60/><T47/><D94/><U131/><E131/><V86/><F98/><W37/><G37/><T113/><D100/><U27/><E101/><V55/><F65/><W111/><G111/><T48/><D48/><U6/><E102/><V50/><F50/><W41/><G8/><T128/><D128/><U122/><E103/><V5/><F5/><W79/><G79/><T36/><D36/><U13/><E6/><V73/><F73/><W4/><G49/><T33/><D33/><U10/><E122/><V62/><F28/><W45/><G41/><T40/><D40/><U83/><E10/><V132/><F132/><W117/><G117/><T63/><D63/><N who="1" m="36279" /><E80/><N who="2" m="49287" /><F62/><W95/><G95/><AGARI ba="1,0" hai="13,14,16,22,27,72,77,83,88,95,99" m="36279" machi="95" ten="30,5800,0" yaku="25,1,54,2" doraHai="32" who="1" fromWho="3" sc="210,0,370,61,200,0,220,-61" /><INIT seed="1,2,0,1,0,126" ten="210,431,200,159" oya="1" hai0="107,40,10,65,57,59,111,56,128,35,22,62,132" hai1="95,52,33,131,122,112,38,71,106,60,118,28,6" hai2="64,26,121,1,67,133,82,90,58,29,75,101,94" hai3="4,69,123,54,13,21,119,86,135,51,39,43,20"/><U97/><E112/><V134/><F121/><W2/><G123/><T74/><D35/><U49/><E122/><V12/><F1/><W109/><G69/><T103/><D74/><U48/><E6/><V41/><F41/><W0/><G109/><T19/><D132/><N who="2" m="50794" /><F101/><W80/><G135/><T55/><D111/><U110/><E38/><V17/><F58/><W113/><G113/><T15/><D40/><U45/><E106/><V68/><F68/><W14/><G39/><T72/><D72/><U81/><E81/><V47/><F47/><N who="3" m="26111" /><G54/><T66/><D66/><U120/><E45/><V25/><F82/><W104/><G104/><T124/><D124/><U108/><E118/><V98/><F75/><W116/><G0/><T92/><D107/><U83/><E83/><V89/><F89/><W11/><G2/><T73/><D73/><U3/><E3/><V32/><F26/><W129/><G13/><T46/><D46/><U96/><E71/><V85/><F85/><W36/><G36/><T53/><D65/><U87/><E87/><V76/><F76/><N who="3" m="46343" /><G116/><T125/><D125/><U16/><E120/><V127/><F127/><W34/><G119/><T8/><D57/><U105/><E110/><V77/><F77/><W50/><G50/><N who="0" m="30775" /><D103/><U114/><E49/><V78/><F78/><W37/><G37/><T91/><D91/><U18/><E48/><V88/><F90/><W100/><G100/><T63/><D63/><U44/><E108/><V31/><F31/><W23/><G34/><T30/><D30/><U24/><E28/><V7/><F7/><W93/><G93/><RYUUKYOKU ba="2,0" sc="210,-15,431,-15,200,15,159,15" hai2="12,17,25,29,32,64,67,88,94,98" hai3="4,11,14,20,21,23,129" /><INIT seed="2,3,0,3,1,72" ten="195,416,215,174" oya="2" hai0="81,42,13,100,51,26,64,40,43,28,55,89,99" hai1="18,27,82,108,93,68,0,9,117,104,116,39,34" hai2="23,7,24,102,88,111,133,135,70,32,83,58,80" hai3="126,3,79,127,31,71,69,125,49,19,118,94,86"/><V130/><F70/><N who="3" m="26635" /><G118/><T85/><D64/><U52/><E104/><V44/><F32/><W30/><G3/><T46/><D13/><U65/><E39/><V56/><F130/><W115/><G115/><T131/><D131/><U53/><E93/><V1/><F102/><W96/><G49/><T22/><REACH who="0" step="1"/><D40/><REACH who="0" ten="185,416,215,174" step="2"/><U78/><E65/><V119/><F119/><W98/><G19/><T128/><D128/><U60/><E18/><V59/><F1/><W90/><G96/><T67/><D67/><U4/><E0/><V134/><F7/><W41/><G41/><T37/><D37/><U112/><E4/><V61/><F111/><W91/><G79/><T17/><D17/><U57/><E78/><V87/><F134/><W63/><G63/><T110/><D110/><U73/><E60/><V35/><F135/><W45/><G45/><T20/><D20/><U109/><E109/><V95/><F133/><W77/><G77/><T121/><D121/><U11/><E108/><V107/><F61/><W54/><G54/><T122/><D122/><U62/><E53/><V74/><F44/><W106/><G106/><AGARI ba="3,1" hai="22,26,28,42,43,46,51,55,81,85,89,99,100,106" machi="106" ten="30,3900,0" yaku="1,1,7,1,53,1" doraHai="72" doraHaiUra="97" who="0" fromWho="3" sc="185,58,416,0,215,0,174,-48" /><INIT seed="3,0,0,2,5,24" ten="243,416,215,126" oya="3" hai0="123,0,45,55,26,112,118,76,84,27,80,134,70" hai1="20,57,41,36,87,132,115,100,117,30,130,111,62" hai2="78,42,34,116,128,81,61,33,13,89,126,10,79" hai3="110,6,22,11,23,122,94,7,121,18,85,3,15"/><W4/><G94/><T75/><D70/><U8/><E115/><V101/><F116/><W106/><G106/><T5/><D123/><N who="3" m="47113" /><G85/><T2/><D2/><U102/><E117/><V125/><F101/><W43/><G43/><T56/><D112/><U44/><E8/><V47/><F89/><W105/><G105/><T108/><D118/><U64/><E20/><N who="3" m="7722" /><G110/><T133/><D45/><U114/><E114/><V96/><F96/><W40/><G40/><T28/><D84/><U109/><E87/><V93/><F93/><W71/><G71/><T12/><D108/><U67/><E100/><V135/><F79/><W19/><G19/><T50/><D80/><U63/><E102/><V98/><F98/><W54/><G54/><T127/><D76/><U59/><E109/><V9/><F81/><W16/><G18/><T73/><D73/><U35/><E111/><V52/><F78/><W60/><G60/><T119/><D55/><U32/><E41/><V129/><F42/><W14/><G14/><T107/><D12/><U113/><E62/><V68/><F68/><W120/><N who="3" m="47121" /><W97/><DORA hai="31" /><G97/><T51/><D75/><U72/><E72/><V91/><F61/><W17/><G17/><T99/><D99/><U48/><E63/><V83/><F83/><W66/><G66/><T38/><D107/><U1/><E64/><V39/><F52/><W88/><G88/><T131/><D119/><U74/><E67/><V58/><F91/><W95/><G95/><T37/><D50/><U124/><E48/><V92/><F92/><W86/><G86/><T65/><D65/><RYUUKYOKU ba="0,0" sc="243,-10,416,-10,215,-10,126,30" hai3="3,4,6,7,11,15,16" /><INIT seed="3,1,0,0,4,33" ten="233,406,205,156" oya="3" hai0="111,0,117,61,52,85,121,56,87,30,44,25,90" hai1="131,68,130,15,66,32,115,60,126,96,43,59,69" hai2="41,55,98,49,7,51,54,31,104,77,18,93,53" hai3="83,50,110,13,16,71,4,108,9,106,10,11,57"/><W72/><G71/><T6/><D117/><U100/><E115/><V113/><F113/><W21/><G106/><T42/><D121/><U17/><E32/><V95/><F104/><W22/><G22/><N who="0" m="15671" /><D0/><U70/><E43/><V2/><F31/><W107/><G107/><T129/><D111/><N who="3" m="42537" /><G72/><T48/><D129/><N who="1" m="49163" /><E126/><V124/><F124/><W65/><G83/><N who="0" m="49471" /><D87/><U134/><E134/><V91/><F93/><W86/><G86/><T34/><D34/><U47/><E47/><V119/><F95/><W80/><G80/><T82/><D82/><U62/><E100/><V99/><F119/><W26/><G50/><N who="0" m="26903" /><D6/><U79/><E15/><V118/><F51/><AGARI ba="1,0" hai="48,51,52,56,61" m="26903,49471,15671" machi="51" ten="30,2000,0" yaku="8,1,54,1" doraHai="33" who="0" fromWho="2" sc="233,23,406,0,205,-23,156,0" owari="256,5.6,406,50.6,182,-21.8,156,-34.4" /></mjloggm>