<mjloggm ver="2.3"><GO type="225" lobby="0"/><UN n0="%4E%6F%2E%30%30%30%31" n1="%33%74%72%65%65" n2="%E3%83%B4%E3%83%A0%EF%BC%99%E3%81%A6" n3="%E5%B8%86%E7%AB%8B%E5%A4%8F%E8%A1%A3" dan="18,17,17,16" rate="2232.81,2188.66,2218.90,2106.69" sx="M,F,M,M"/><TAIKYOKU oya="0"/><INIT seed="0,0,0,4,3,103" ten="250,250,250,250" oya="0" hai0="67,73,41,51,57,104,68,92,25,62,59,116,77" hai1="42,107,33,56,127,10,99,24,123,61,108,54,119" hai2="18,70,55,9,89,16,22,117,126,122,74,53,110" hai3="63,38,0,80,21,31,125,105,49,84,5,135,118"/><T37/><D116/><U83/><E119/><V26/><F122/><W60/><G118/><T112/><D112/><U19/><E123/><V94/><F74/><W1/><G38/><T34/><D92/><U4/><E108/><V90/><F110/><W32/><G32/><T11/><D11/><U81/><E127/><V76/><F126/><W48/><G135/><T8/><D8/><U113/><E113/><V132/><F132/><W109/><G109/><T29/><D51/><U20/><E33/><V131/><F131/><W72/><G72/><T124/><D124/><U43/><E81/><V120/><F120/><W130/><G130/><T79/><D79/><U40/><E83/><V36/><F36/><W97/><G125/><T82/><REACH who="0" step="1"/><D104/><REACH who="0" ten="240,250,250,250" step="2"/><U71/><E107/><V87/><F76/><W111/><G105/><T45/><AGARI ba="0,1" hai="25,29,34,37,41,45,57,59,62,67,68,73,77,82" machi="45" ten="30,6000,0" yaku="1,1,2,1,0,1,53,0" doraHai="103" doraHaiUra="98" who="0" fromWho="0" sc="240,70,250,-20,250,-20,250,-20" /><INIT seed="0,1,0,3,1,46" ten="310,230,230,230" oya="0" hai0="24,97,12,104,51,112,101,41,83,134,58,73,108" hai1="66,94,3,9,82,10,107,125,128,50,28,33,0" hai2="103,115,42,89,77,19,62,17,59,129,35,122,52" hai3="18,132,85,92,69,43,31,72,79,96,121,88,126"/><T5/><D112/><U56/><E107/><V6/><F115/><W60/><G121/><T111/><D134/><U48/><E33/><V130/><F122/><W63/><G126/><T135/><D135/><U86/><E125/><V67/><F35/><W32/><G132/><T120/><D120/><U27/><E128/><V7/><F77/><W2/><G2/><T93/><D24/><U87/><E3/><V53/><F103/><W22/><G72/><T117/><D117/><U91/><E0/><V30/><F42/><W74/><G74/><T75/><D104/><U36/><E36/><V76/><F76/><W68/><G43/><T95/><D95/><U100/><E28/><V45/><F30/><W118/><G118/><T37/><D37/><U109/><E27/><V133/><F133/><W123/><G123/><T57/><D83/><U25/><E25/><V15/><F89/><W1/><G1/><T61/><D5/><U21/><E21/><V23/><F17/><W40/><G32/><T119/><D12/><U13/><E109/><N who="0" m="42057" /><D119/><U29/><E29/><V65/><F130/><W81/><G31/><T113/><D113/><U110/><E110/><V71/><F129/><W4/><G4/><N who="2" m="1577" /><F71/><W16/><G69/><T127/><D127/><U20/><E82/><V105/><F105/><W26/><G68/><T114/><D114/><U131/><E131/><V54/><F67/><W78/><G78/><T64/><D41/><U55/><E66/><V102/><F102/><W98/><G40/><T106/><D106/><U80/><E100/><V84/><F84/><N who="1" m="32297" /><E80/><V34/><F34/><RYUUKYOKU ba="1,0" sc="310,15,230,-15,230,15,230,-15" hai0="51,57,58,61,64,73,75,93,97,101" hai2="15,19,23,45,52,53,54,59,62,65" /><INIT seed="0,2,0,0,3,66" ten="325,215,245,215" oya="0" hai0="73,28,34,53,5,120,68,48,10,54,30,67,133" hai1="103,69,97,115,81,63,126,87,70,65,49,98,45" hai2="40,44,46,134,71,72,29,18,47,21,16,12,132" hai3="111,86,58,75,22,121,107,39,51,32,19,122,130"/><T125/><D120/><N who="3" m="46185" /><G75/><T64/><D73/><U8/><E126/><V88/><F72/><W41/><G107/><T61/><D125/><U135/><E135/><N who="2" m="51755" /><F29/><W35/><G111/><T60/><D133/><U59/><E115/><V20/><F88/><W80/><G130/><T84/><D84/><U114/><E114/><V17/><F71/><W92/><G92/><T25/><D48/><U123/><E123/><V110/><F110/><W43/><G58/><T106/><D30/><U13/><E87/><V127/><F127/><W38/><G51/><T9/><D9/><U57/><E81/><V112/><F112/><W77/><G43/><T11/><D11/><U83/><E83/><V78/><F78/><W14/><G41/><T4/><D106/><U74/><E74/><V1/><F1/><W79/><G77/><T102/><D102/><U94/><E97/><V31/><F31/><W116/><G116/><T24/><D24/><U36/><E70/><V91/><F91/><W124/><G124/><T93/><D93/><U85/><E85/><V104/><F104/><W100/><G100/><T27/><D27/><U33/><E33/><AGARI ba="2,0" hai="14,19,22,32,33,35,38,39,79,80,86" m="46185" machi="33" ten="30,1000,0" yaku="13,1" doraHai="66" who="3" fromWho="1" sc="325,0,215,-16,245,0,215,16" /><INIT seed="1,0,0,1,0,122" ten="325,199,245,231" oya="1" hai0="14,16,27,12,69,59,119,134,118,62,67,48,56" hai1="113,81,96,68,135,120,114,46,89,22,126,34,38" hai2="80,21,37,53,115,93,104,71,49,127,94,129,25" hai3="66,51,31,105,57,5,110,117,39,29,72,36,26"/><U64/><E120/><V19/><F104/><W102/><G72/><T90/><D134/><U33/><E135/><V84/><F37/><W75/><G75/><T11/><D27/><U74/><E22/><V131/><F71/><W107/><G117/><T95/><D48/><U8/><E89/><N who="2" m="51335" /><F127/><W109/><G5/><T60/><D14/><U44/><E44/><N who="2" m="27815" /><F115/><N who="1" m="44041" /><E126/><V82/><F82/><W100/><G51/><T88/><D69/><U43/><E96/><V78/><F78/><W32/><G57/><T128/><D90/><U70/><E8/><V55/><F55/><W0/><G0/><T23/><D11/><U106/><E106/><V58/><F58/><W1/><G1/><T83/><D83/><U3/><E3/><V133/><F133/><W15/><G15/><T63/><D63/><N who="1" m="39967" /><E70/><V85/><F85/><W125/><G125/><T28/><D119/><U101/><E101/><V77/><F77/><AGARI ba="0,0" hai="33,34,38,43,46,74,77,81" m="39967,44041" machi="77" ten="30,1500,0" yaku="23,1" doraHai="122" who="1" fromWho="2" sc="325,0,199,15,245,-15,231,0" /><INIT seed="1,1,0,0,0,130" ten="325,214,230,231" oya="1" hai0="120,13,118,57,63,35,58,131,122,90,98,110,104" hai1="71,10,16,31,7,66,36,111,24,72,51,69,76" hai2="121,97,99,26,38,46,129,106,67,82,42,112,9" hai3="91,12,124,47,14,11,95,96,123,105,8,85,49"/><U80/><E36/><V43/><F121/><N who="0" m="46698" /><D118/><U30/><E111/><V68/><F129/><W135/><G135/><T77/><D110/><U0/><E51/><V86/><F112/><W102/><G124/><T103/><D35/><U59/><E59/><V132/><F43/><W27/><G27/><T50/><D131/><U113/><E113/><V20/><F106/><W109/><G109/><T53/><D77/><U23/><REACH who="1" step="1"/><E66/><REACH who="1" ten="325,204,230,231" step="2"/><V79/><F67/><W17/><G123/><T88/><D58/><U1/><E1/><V22/><F38/><W2/><G2/><T127/><D50/><U126/><E126/><V133/><F46/><W73/><G73/><T55/><D127/><U108/><E108/><V32/><F42/><W101/><G105/><T39/><D39/><U114/><E114/><V115/><F115/><W6/><REACH who="3" step="1"/><G96/><REACH who="3" ten="325,204,230,221" step="2"/><T117/><D98/><U107/><E107/><V83/><F97/><W48/><G48/><T4/><D104/><U44/><E44/><V19/><F99/><W18/><G18/><T125/><D125/><U87/><E87/><V74/><F86/><W60/><G60/><T45/><D45/><U134/><E134/><V28/><F133/><W100/><G100/><T75/><D103/><U78/><E78/><V15/><F132/><W70/><G70/><AGARI ba="1,2" hai="0,7,10,16,23,24,30,31,69,70,71,72,76,80" machi="70" ten="40,3900,0" yaku="1,1,54,1,53,0" doraHai="130" doraHaiUra="29" who="1" fromWho="3" sc="325,0,204,62,230,0,221,-42" /><INIT seed="1,2,0,3,0,109" ten="325,266,230,179" oya="1" hai0="38,68,40,114,75,22,63,7,2,15,120,54,123" hai1="18,51,59,67,96,119,74,24,132,130,17,73,98" hai2="57,70,12,115,43,21,135,9,103,79,77,80,36" hai3="41,71,113,61,90,83,46,19,85,44,87,6,20"/><U131/><E119/><V133/><F70/><W100/><G6/><T81/><D22/><U27/><E51/><V129/><F129/><W107/><G107/><T53/><D15/><U50/><E50/><V84/><F103/><W105/><G105/><T13/><D13/><U125/><E59/><V16/><F77/><W124/><G124/><T97/><D97/><U69/><E67/><V76/><F76/><W101/><G113/><T128/><D128/><U26/><E26/><V45/><F115/><W91/><G71/><T32/><D32/><U134/><REACH who="1" step="1"/><E69/><REACH who="1" ten="325,256,230,179" step="2"/><V35/><F57/><W14/><G61/><T92/><D63/><U56/><E56/><V64/><F64/><W0/><G0/><T48/><D2/><U72/><E72/><V34/><REACH who="2" step="1"/><F21/><REACH who="2" ten="325,256,220,179" step="2"/><W111/><G111/><T78/><D68/><U39/><E39/><V42/><F42/><W29/><G41/><T10/><D38/><U95/><E95/><V25/><F25/><N who="3" m="16551" /><G46/><N who="0" m="25671" /><D92/><U30/><E30/><V1/><F1/><W11/><G44/><T55/><D114/><U66/><E66/><V23/><F23/><W58/><G58/><T5/><D53/><U117/><E117/><V110/><F110/><W127/><G127/><AGARI ba="2,2" hai="17,18,24,27,73,74,96,98,125,127,130,131,132,134" machi="127" ten="25,4800,0" yaku="1,1,22,2,53,0" doraHai="109" doraHaiUra="37" who="1" fromWho="3" sc="325,0,256,74,220,0,179,-54" /><INIT seed="1,3,0,1,2,122" ten="325,330,220,125" oya="1" hai0="88,91,101,82,130,38,55,32,43,35,113,57,72" hai1="134,29,110,131,27,23,69,0,119,34,67,25,126" hai2="8,120,58,28,84,22,93,50,70,89,116,41,39" hai3="17,87,124,24,135,52,78,90,104,42,80,96,61"/><U118/><E67/><V114/><F120/><W92/><G124/><T83/><D113/><U7/><E69/><V9/><F116/><N who="1" m="44585" /><E126/><V20/><F114/><W13/><G135/><T40/><D101/><U59/><E59/><V6/><F70/><W15/><G104/><T44/><D130/><U63/><E63/><V108/><F39/><W45/><G42/><T133/><D133/><U65/><E65/><V99/><F28/><W98/><G98/><T97/><D43/><U64/><E64/><V107/><F107/><W132/><G132/><T127/><D127/><U56/><E56/><V53/><F41/><W76/><G76/><T129/><D129/><U54/><E54/><V95/><F8/><W48/><REACH who="3" step="1"/><G61/><REACH who="3" ten="325,330,220,115" step="2"/><T14/><D97/><U31/><E134/><V115/><F115/><W66/><G66/><T19/><D40/><U26/><E131/><V51/><F51/><W102/><G102/><T46/><D55/><U3/><E34/><V30/><F50/><W85/><G85/><T123/><D123/><U2/><E31/><V4/><F30/><W62/><G62/><T16/><D35/><U18/><E29/><V100/><F53/><W12/><G12/><T21/><D32/><U109/><E7/><V94/><F4/><W49/><G49/><T121/><D121/><U1/><E1/><V106/><F6/><W125/><G125/><T37/><D37/><U47/><E47/><V74/><F58/><W105/><G105/><T33/><D57/><U103/><E103/><V10/><F106/><W73/><G73/><T36/><D72/><U117/><E117/><RYUUKYOKU ba="3,1" sc="325,-15,330,15,220,-15,115,15" hai1="0,2,3,18,23,25,26,27,109,110" hai3="13,15,17,24,45,48,52,78,80,87,90,92,96" /><INIT seed="1,4,1,4,1,34" ten="310,345,205,130" oya="1" hai0="124,31,95,81,78,42,94,12,26,22,111,127,120" hai1="61,69,50,60,135,85,132,47,75,92,76,7,109" hai2="51,77,114,32,36,41,134,102,33,98,49,35,62" hai3="110,58,126,79,52,91,30,64,43,6,122,72,39"/><U1/><E75/><V74/><F134/><N who="1" m="51241" /><E109/><V108/><F108/><W24/><G122/><T4/><D111/><U63/><E69/><V113/><F62/><W121/><G121/><T28/><D120/><U99/><E85/><V125/><F125/><N who="0" m="48202" /><D42/><N who="1" m="24951" /><E76/><V3/><F36/><W88/><G126/><T96/><D31/><U89/><E7/><V37/><F37/><W131/><G131/><T11/><D96/><U84/><E84/><AGARI ba="4,1" hai="4,11,12,22,26,28,78,81,84,94,95" m="48202" machi="84" ten="30,1000,0" yaku="18,1" doraHai="34" who="0" fromWho="1" sc="310,32,345,-22,205,0,130,0" /><INIT seed="2,0,0,2,3,96" ten="342,323,205,130" oya="2" hai0="14,10,61,56,135,95,51,52,80,100,66,121,129" hai1="9,33,47,20,24,126,77,125,107,57,91,74,98" hai2="117,49,70,2,35,32,101,19,85,43,119,28,8" hai3="55,75,128,82,3,7,113,40,105,6,22,38,46"/><V15/><F70/><W63/><G128/><T68/><D129/><U87/><E33/><V59/><F2/><W99/><G113/><T44/><D121/><U29/><E47/><V34/><F28/><W86/><G75/><T79/><D135/><U73/><E9/><V89/><F101/><W116/><G116/><T0/><D0/><U31/><E31/><V69/><F69/><W122/><G122/><T54/><D95/><N who="1" m="54783" /><E57/><V132/><F132/><W81/><G22/><T25/><D25/><U110/><E110/><V109/><F109/><W60/><G82/><T41/><D100/><N who="1" m="62871" /><E73/><V26/><F26/><W93/><G3/><T134/><D134/><U67/><E67/><V104/><F43/><W133/><G133/><T115/><D115/><U5/><E5/><V108/><F108/><W72/><G72/><T37/><D54/><U114/><E114/><V42/><F42/><W131/><G131/><T76/><D80/><AGARI ba="0,0" hai="20,24,29,74,77,80,125,126" m="62871,54783" machi="80" ten="30,2000,0" yaku="24,1,52,1" doraHai="96" who="1" fromWho="0" sc="342,-20,323,20,205,0,130,0" /><INIT seed="3,0,0,4,2,74" ten="322,343,205,130" oya="3" hai0="134,9,104,15,57,109,23,62,116,37,44,0,90" hai1="96,117,50,85,51,27,122,133,24,112,40,73,129" hai2="77,36,14,49,76,118,130,89,38,125,65,45,4" hai3="95,47,12,64,120,60,78,55,114,87,105,42,127"/><W48/><G127/><T35/><D116/><U121/><E112/><V58/><F118/><W56/><G114/><T79/><D104/><U7/><E117/><V97/><F125/><W33/><G105/><T21/><D35/><U63/><E73/><V39/><F130/><W113/><G113/><T71/><D71/><U91/><E129/><V5/><F97/><W92/><G33/><T52/><D109/><U81/><E133/><V53/><F89/><W69/><G120/><T18/><D134/><U107/><E7/><V11/><F4/><W46/><G12/><T75/><D0/><U16/><E121/><V26/><F26/><N who="1" m="9769" /><E107/><V67/><REACH who="2" step="1"/><F45/><REACH who="2" ten="322,343,195,130" step="2"/><W20/><G20/><T98/><D98/><U8/><E96/><V29/><F29/><W68/><G47/><T28/><D90/><U13/><E122/><V123/><F123/><W88/><G78/><AGARI ba="0,1" hai="5,11,14,36,38,39,49,53,58,65,67,76,77,78" machi="78" ten="40,8000,1" yaku="1,1,52,3,53,0" doraHai="74" doraHaiUra="30" who="2" fromWho="3" sc="322,0,343,0,195,90,130,-80" owari="322,12.2,343,44.3,285,-11.5,50,-45.0" /></mjloggm>