<mjloggm ver="2.3"><GO type="225" lobby="0"/><UN n0="%E7%89%B9%E6%9D%B1%E3%81%AF%E4%B8%96%E7%95%8C%E3%82%92%E6%95%91%E3%81%86" n1="%E4%BA%BA%E9%96%93%E3%83%81%E3%83%A3%E3%83%BC%E3%83%8F%E3%83%B3" n2="%E3%83%AD%E3%83%83%E3%83%86%E9%9B%80%E7%90%83" n3="%E5%A4%9C%E5%85%89%E5%A4%A9%E6%A5%BC" dan="16,16,16,17" rate="2077.50,2105.00,2183.03,2163.39" sx="M,M,M,M"/><TAIKYOKU oya="0"/><INIT seed="0,0,0,3,0,116" ten="250,250,250,250" oya="0" hai0="67,28,128,112,98,117,12,110,133,22,62,129,33" hai1="89,87,72,64,74,9,113,79,17,71,118,76,106" hai2="18,105,66,69,108,55,45,0,93,61,132,50,53" hai3="86,47,80,15,21,68,77,78,83,65,84,115,25"/><T46/><D112/><U36/><E118/><V95/><F105/><W126/><G115/><T131/><D117/><U32/><E36/><V124/><F108/><W39/><G126/><T100/><D133/><U125/><E32/><V48/><F132/><W52/><G68/><T120/><D110/><U59/><E71/><V51/><F124/><W35/><G65/><T96/><D33/><U75/><E113/><V130/><F130/><W37/><G15/><T8/><D46/><U82/><E106/><V34/><F0/><W42/><G35/><T31/><D120/><U104/><E104/><V1/><F1/><W2/><G2/><T122/><D122/><U134/><E125/><V123/><F123/><W121/><G121/><T127/><D127/><U24/><E134/><V101/><F101/><W43/><G43/><T81/><D81/><U94/><E76/><V26/><F50/><W30/><G52/><T23/><D23/><U27/><E64/><V58/><REACH who="2" step="1"/><F18/><REACH who="2" ten="250,250,240,250" step="2"/><W44/><G42/><T135/><D135/><U90/><E17/><V13/><F13/><W11/><G39/><T85/><D100/><U57/><E75/><V60/><F60/><W91/><G37/><T38/><D38/><U4/><E74/><V102/><F102/><W63/><G63/><T41/><D131/><U16/><E16/><V119/><F119/><W14/><G91/><T10/><D129/><U70/><E89/><V88/><F88/><W103/><G103/><T107/><D128/><U49/><E72/><V20/><F20/><W114/><G114/><T109/><D107/><U97/><E90/><RYUUKYOKU ba="0,1" sc="250,-15,250,-15,240,15,250,15" hai2="26,34,45,48,51,53,55,58,61,66,69,93,95" hai3="11,14,21,25,30,44,47,77,78,80,83,84,86" /><INIT seed="1,1,1,0,2,45" ten="235,235,255,265" oya="1" hai0="110,97,116,14,119,74,115,131,90,41,109,103,22" hai1="67,49,20,18,33,62,121,53,38,114,71,94,32" hai2="95,65,77,93,16,44,61,52,46,0,31,4,106" hai3="29,64,91,104,79,5,43,86,8,124,55,35,42"/><U24/><E114/><V58/><F106/><W102/><G124/><T57/><D115/><U84/><E121/><V66/><F0/><W125/><G125/><T81/><D41/><U135/><E135/><V9/><F4/><W48/><G64/><N who="2" m="24681" /><F31/><W36/><G36/><T123/><D57/><U10/><E38/><V130/><F77/><W92/><G79/><N who="0" m="44279" /><D22/><U82/><E94/><N who="2" m="35851" /><F130/><W80/><G29/><T83/><D14/><AGARI ba="1,1" hai="9,14,16,44,46,52,58,61" m="35851,24681" machi="14" ten="30,3900,0" yaku="8,1,54,2" doraHai="45" who="2" fromWho="0" sc="235,-42,235,0,255,52,265,0" /><INIT seed="2,0,0,5,2,84" ten="193,235,307,265" oya="2" hai0="81,32,85,88,43,17,71,90,22,122,24,35,60" hai1="83,117,113,36,44,62,13,53,94,9,77,66,125" hai2="21,74,95,55,132,93,31,109,112,127,89,42,111" hai3="48,11,16,92,120,57,126,1,135,41,33,124,128"/><V64/><F112/><W63/><G120/><T106/><D122/><U129/><E113/><V51/><F74/><W75/><G75/><T101/><D43/><U118/><E125/><N who="3" m="48234" /><G33/><T103/><D90/><U7/><E129/><V73/><F73/><W14/><G128/><T27/><D106/><U6/><E6/><V78/><F64/><W5/><G135/><T29/><REACH who="0" step="1"/><D35/><REACH who="0" ten="183,235,307,265" step="2"/><U10/><E94/><V123/><F95/><W25/><G92/><T116/><D116/><U30/><E117/><V4/><F42/><W91/><G91/><T0/><D0/><N who="1" m="231" /><E118/><V47/><F127/><W37/><G1/><T65/><AGARI ba="0,1" hai="17,22,24,27,29,32,60,65,71,81,85,88,101,103" machi="65" ten="30,7900,0" yaku="1,1,0,1,52,1,54,1,53,0" doraHai="84" doraHaiUra="119" who="0" fromWho="0" sc="183,89,235,-20,307,-39,265,-20" /><INIT seed="3,0,0,2,3,77" ten="272,215,268,245" oya="3" hai0="93,34,75,14,47,127,126,100,6,113,84,69,83" hai1="82,20,24,97,103,8,85,54,92,68,51,71,95" hai2="16,131,106,5,96,19,59,7,33,121,64,55,53" hai3="86,21,105,129,133,43,91,78,0,88,18,125,45"/><W36/><G129/><T42/><D34/><U90/><E8/><V98/><F33/><W104/><G0/><T128/><D69/><U3/><E3/><V74/><F74/><W130/><G130/><T52/><D128/><U107/><E71/><V30/><F30/><W46/><G125/><N who="0" m="47627" /><D75/><U13/><E13/><V40/><F40/><W44/><G133/><T122/><D122/><U60/><E60/><V12/><F19/><W99/><G78/><T17/><D6/><U32/><E68/><V132/><F132/><W1/><G1/><T25/><D25/><U115/><E115/><V9/><F121/><W2/><G2/><T48/><D113/><U57/><REACH who="1" step="1"/><E32/><REACH who="1" ten="272,205,268,245" step="2"/><V4/><F131/><W35/><G35/><T118/><D14/><U119/><E119/><V66/><F4/><W22/><G36/><T10/><D10/><U26/><E26/><V27/><F27/><N who="3" m="14775" /><G22/><T56/><D118/><U31/><AGARI ba="0,1" hai="20,24,31,51,54,57,82,85,90,92,95,97,103,107" machi="31" ten="20,8000,1" yaku="1,1,0,1,7,1,52,1,53,1" doraHai="77" doraHaiUra="101" who="1" fromWho="1" sc="272,-20,205,90,268,-20,245,-40" /><INIT seed="4,0,0,2,1,28" ten="252,295,248,205" oya="0" hai0="24,47,105,79,112,96,53,93,120,58,97,23,5" hai1="8,21,34,130,132,7,99,4,56,108,61,33,14" hai2="75,36,62,95,38,12,69,59,104,44,67,89,37" hai3="82,100,9,19,119,127,83,30,86,118,25,10,49"/><T116/><D116/><U55/><E108/><V88/><F104/><W111/><G111/><T18/><D120/><U39/><E39/><V16/><F75/><W71/><G127/><T81/><D112/><U131/><E132/><V102/><F69/><W101/><G71/><T91/><D5/><U3/><E99/><V26/><F26/><W32/><G118/><T40/><D97/><U29/><E7/><V109/><F109/><W76/><G119/><T125/><D105/><U122/><E122/><V0/><F0/><W123/><G123/><T6/><D6/><U124/><E124/><V92/><F102/><W46/><G83/><T45/><D40/><U129/><E29/><V43/><F95/><W134/><G10/><T63/><D125/><U87/><E87/><AGARI ba="0,0" hai="18,23,24,45,47,53,58,63,79,81,87,91,93,96" machi="87" ten="30,11600,0" yaku="7,1,25,2,8,1" doraHai="28" who="0" fromWho="1" sc="252,116,295,-116,248,0,205,0" owari="368,46.8,179,-32.1,248,4.8,205,-19.5" /></mjloggm>