<mjloggm ver="2.3"><GO type="225" lobby="0"/><UN n0="%E4%B8%89%E5%86%A0%E7%8E%8B%E3%83%BB%E5%B1%B1%E7%94%B0%E5%93%B2%E4%BA%BA" n1="%72%61%6B%33" n2="%4B%2E%32%2E%4B%2E" n3="%38%63%E3%81%AF%E3%81%A3%E3%81%97%E3%83%BC" dan="16,18,16,16" rate="2116.55,2214.14,2126.33,2090.67" sx="M,M,M,M"/><TAIKYOKU oya="0"/><INIT seed="0,0,0,2,3,80" ten="250,250,250,250" oya="0" hai0="103,26,51,109,84,100,27,4,41,79,93,102,24" hai1="92,54,120,3,18,122,0,76,2,81,126,95,38" hai2="75,134,70,131,89,12,43,34,127,21,14,23,135" hai3="117,39,37,13,98,16,90,96,115,55,116,40,53"/><T73/><D73/><U5/><E126/><V15/><F70/><W31/><G31/><T67/><D109/><U85/><E38/><V124/><F75/><W107/><G115/><T8/><D67/><U36/><E36/><V112/><F43/><W47/><G37/><T91/><D79/><U28/><E5/><V118/><F34/><W46/><G98/><T128/><D128/><U78/><E78/><V94/><F112/><W65/><G65/><T60/><D60/><U68/><E68/><V62/><F62/><W32/><G32/><T119/><D119/><U22/><E28/><V123/><F123/><W74/><G74/><T71/><D71/><U48/><E122/><V63/><F63/><W104/><G104/><T110/><D110/><U29/><E29/><V105/><F105/><W64/><G64/><T42/><REACH who="0" step="1"/><D51/><REACH who="0" ten="240,250,250,250" step="2"/><U1/><N who="1" m="0" /><DORA hai="121" /><U7/><E120/><V86/><F118/><W30/><G39/><T61/><D61/><U108/><E108/><V49/><F49/><W130/><G130/><T125/><D125/><N who="2" m="48202" /><F131/><W58/><G117/><T59/><D59/><U99/><E48/><V9/><F135/><W133/><G58/><T19/><D19/><U111/><E111/><V88/><F134/><W10/><G133/><T114/><D114/><U69/><E69/><V77/><F77/><W113/><G16/><T72/><D72/><U132/><E132/><V57/><F57/><W33/><G116/><T50/><D50/><U20/><E76/><V44/><F44/><W101/><G46/><T83/><D83/><U52/><E81/><N who="2" m="49359" /><F9/><W106/><G10/><RYUUKYOKU ba="0,1" sc="240,15,250,-15,250,15,250,-15" hai0="4,8,24,26,27,41,42,84,91,93,100,102,103" hai2="12,14,15,21,23,88,94" /><INIT seed="0,1,1,1,1,84" ten="255,235,265,235" oya="0" hai0="90,113,70,12,37,135,71,107,46,14,115,9,82" hai1="116,40,4,36,56,81,68,131,8,58,29,108,67" hai2="24,47,59,39,85,33,60,69,38,129,15,49,102" hai3="122,88,78,72,57,112,42,53,6,73,104,121,55"/><T17/><D107/><U32/><E116/><V87/><F69/><W63/><G112/><T123/><D123/><U18/><E108/><V103/><F129/><W110/><G104/><T48/><D37/><U132/><E132/><V83/><F15/><W97/><G110/><T16/><D135/><U11/><E68/><V41/><F38/><W50/><G42/><T19/><D71/><U66/><E32/><V79/><F39/><W109/><G6/><T125/><D70/><U31/><E36/><V118/><F118/><W86/><G97/><T101/><D125/><U134/><E134/><V22/><F87/><W3/><G3/><T62/><D62/><U10/><E81/><V64/><REACH who="2" step="1"/><F33/><REACH who="2" ten="255,235,255,235" step="2"/><W34/><G34/><T35/><D35/><U117/><E117/><V126/><F126/><W128/><G128/><T130/><D14/><U94/><E131/><V127/><F127/><W89/><G109/><T105/><D130/><U96/><E8/><V65/><F65/><W124/><G124/><T77/><D115/><U26/><E10/><V119/><F119/><W95/><G121/><T61/><D113/><U80/><E11/><V51/><F51/><W7/><G122/><T93/><D48/><U30/><E67/><V13/><F13/><W92/><G50/><T76/><D12/><U106/><E66/><V44/><F44/><W75/><G75/><T1/><D46/><U114/><E114/><V133/><F133/><W21/><G72/><T74/><D74/><U111/><E111/><V99/><F99/><W27/><G73/><T20/><D9/><U2/><E96/><RYUUKYOKU ba="1,2" sc="255,-10,235,-10,255,30,235,-10" hai2="22,24,41,47,49,59,60,64,79,83,85,102,103" /><INIT seed="1,2,2,5,3,114" ten="245,225,285,225" oya="1" hai0="69,63,99,121,15,107,129,22,35,130,21,62,27" hai1="91,41,45,79,25,135,1,87,39,82,81,26,90" hai2="20,16,89,24,76,47,9,131,93,53,94,74,13" hai3="111,98,52,55,102,71,67,110,119,64,60,18,124"/><U70/><E135/><V36/><F131/><N who="0" m="50186" /><D121/><U134/><E134/><V33/><F33/><W120/><G120/><T3/><D3/><U30/><E70/><V108/><F108/><N who="3" m="41515" /><G124/><T0/><D0/><U97/><E1/><V14/><F74/><W51/><G64/><N who="0" m="41111" /><D63/><U127/><E127/><V48/><F76/><W83/><G83/><T68/><D68/><U10/><E10/><V77/><F77/><W75/><G75/><T29/><D15/><U125/><E125/><V80/><F14/><W115/><G115/><T7/><D7/><U58/><E58/><V4/><REACH who="2" step="1"/><F36/><REACH who="2" ten="245,225,275,225" step="2"/><W122/><G122/><T12/><D12/><U84/><E79/><V106/><F106/><N who="3" m="63831" /><G119/><T92/><D107/><U6/><E6/><V5/><F5/><W61/><G61/><T109/><D109/><U96/><REACH who="1" step="1"/><E25/><REACH who="1" ten="245,215,275,225" step="2"/><V78/><F78/><W88/><G71/><T72/><D72/><U59/><E59/><V132/><F132/><W112/><G112/><T54/><D27/><U32/><AGARI ba="2,4" hai="26,30,32,39,41,45,81,82,84,87,90,91,96,97" machi="32" ten="20,7800,0" yaku="1,1,0,1,7,1,9,1,53,0" doraHai="114" doraHaiUra="100" who="1" fromWho="1" sc="245,-28,215,124,275,-28,225,-28" /><INIT seed="1,3,0,5,5,67" ten="217,339,247,197" oya="1" hai0="85,125,9,93,18,120,41,1,35,53,65,108,28" hai1="126,27,86,135,21,8,99,128,47,70,88,132,66" hai2="2,130,38,44,52,87,16,0,13,50,57,20,110" hai3="48,39,19,31,118,54,73,133,46,101,113,115,42"/><U124/><E99/><V117/><F117/><W77/><G118/><T114/><D114/><U36/><E8/><V32/><F110/><W76/><G133/><N who="1" m="51274" /><E36/><V29/><F130/><W95/><G31/><T98/><D28/><N who="1" m="17519" /><E47/><V51/><F38/><W75/><G19/><T92/><D9/><U129/><E70/><V14/><F14/><W59/><G95/><T37/><D92/><N who="1" m="54295" /><E66/><V74/><F0/><W119/><G101/><T30/><D65/><U80/><E80/><V12/><F2/><W112/><REACH who="3" step="1"/><G119/><REACH who="3" ten="217,339,247,187" step="2"/><T25/><D93/><U94/><E94/><V63/><F29/><W78/><AGARI ba="3,1" hai="39,42,46,48,54,59,73,75,76,77,78,112,113,115" machi="78" ten="40,5200,0" yaku="1,1,2,1,0,1,53,0" doraHai="67" doraHaiUra="123" who="3" fromWho="3" sc="217,-16,339,-29,247,-16,187,71" /><INIT seed="2,0,0,5,3,44" ten="201,310,231,258" oya="2" hai0="90,134,75,4,48,22,38,114,79,23,119,62,77" hai1="72,35,66,34,116,17,20,42,7,63,19,125,14" hai2="87,61,98,69,123,101,21,132,127,18,105,76,96" hai3="85,29,89,129,32,0,24,6,65,45,78,3,11"/><V107/><F123/><W117/><G117/><T106/><D38/><U47/><E116/><V84/><F127/><W16/><G129/><T55/><D119/><U81/><E125/><V133/><F69/><W25/><G78/><N who="0" m="29707" /><D106/><U51/><E7/><V49/><F61/><W46/><G65/><T128/><D75/><U80/><E72/><V99/><F49/><W5/><G5/><T37/><D37/><U91/><E91/><V70/><F70/><W10/><G3/><T50/><D114/><U28/><E28/><V53/><F53/><W88/><G89/><T120/><D120/><U9/><E34/><V31/><F31/><W56/><G56/><N who="0" m="35103" /><D128/><U135/><E35/><V86/><F76/><W126/><G126/><T13/><D134/><N who="2" m="51818" /><F107/><W124/><G124/><T60/><D60/><U27/><E135/><V109/><F109/><W82/><REACH who="3" step="1"/><G25/><AGARI ba="0,0" hai="18,21,25,84,86,87,96,98,99,101,105" m="51818" machi="25" ten="30,1500,0" yaku="20,1" doraHai="44" who="2" fromWho="3" sc="201,0,310,0,231,15,258,-15" /><INIT seed="2,1,0,4,3,78" ten="201,310,246,243" oya="2" hai0="2,97,120,127,119,80,124,44,122,53,79,70,17" hai1="35,66,106,31,98,16,86,60,41,52,83,45,95" hai2="117,29,38,64,58,39,102,6,32,118,104,125,65" hai3="33,24,123,50,12,105,20,109,57,56,72,77,129"/><V47/><F125/><W54/><G123/><T130/><D70/><U94/><E35/><V101/><F6/><W40/><G109/><T121/><D2/><U108/><E108/><V46/><F58/><W103/><G129/><T48/><D130/><U100/><E31/><V128/><F29/><W19/><G40/><T36/><D119/><N who="2" m="45578" /><F32/><W90/><G103/><N who="2" m="39433" /><F104/><W14/><G105/><T116/><D116/><U30/><E30/><V134/><F128/><W131/><G33/><T111/><D111/><U15/><E52/><V26/><F26/><W27/><G131/><T0/><D0/><U112/><E112/><V5/><F5/><W82/><G12/><T85/><D36/><N who="2" m="13866" /><F134/><W10/><G10/><T18/><REACH who="0" step="1"/><D97/><REACH who="0" ten="191,310,246,243" step="2"/><U126/><E98/><V132/><F132/><W89/><REACH who="3" step="1"/><G56/><REACH who="3" ten="191,310,246,233" step="2"/><T135/><D135/><U114/><E106/><V37/><F37/><W4/><G4/><T110/><D110/><U75/><E126/><AGARI ba="1,2" hai="17,18,44,48,53,79,80,85,120,121,122,124,126,127" machi="126" ten="50,8000,1" yaku="1,1,18,1,52,1,53,1" doraHai="78" doraHaiUra="43" who="0" fromWho="1" sc="191,103,310,-83,246,0,233,0" /><INIT seed="3,0,0,2,4,79" ten="294,227,246,233" oya="3" hai0="122,73,54,128,12,14,4,123,56,26,106,46,67" hai1="101,48,81,84,97,99,33,104,132,112,86,96,85" hai2="44,111,119,134,66,71,133,76,58,116,94,34,120" hai3="109,80,9,45,38,103,29,118,98,32,107,70,77"/><W3/><G118/><N who="2" m="45097" /><F34/><W68/><G109/><T24/><D73/><U131/><E33/><V2/><F2/><W37/><G29/><T52/><D106/><U28/><E28/><V59/><F76/><W89/><G89/><T124/><D122/><U82/><E48/><V8/><F8/><W110/><G32/><T127/><D123/><U64/><E64/><V63/><F94/><W25/><G25/><N who="0" m="9835" /><D128/><U51/><E51/><V5/><F5/><N who="3" m="1215" /><G110/><T102/><D102/><N who="1" m="62535" /><E112/><V130/><F111/><W105/><G105/><T16/><D46/><U0/><E0/><V10/><F10/><W135/><G135/><N who="2" m="51721" /><F120/><W49/><G49/><T108/><D108/><U22/><E22/><V21/><F21/><W75/><G38/><T93/><D4/><U121/><E132/><V43/><F130/><W92/><G92/><T15/><D93/><N who="1" m="58543" /><E121/><V11/><F11/><W90/><G90/><T39/><D39/><AGARI ba="0,0" hai="39,43,44,58,59,63,66,71" m="51721,45097" machi="39" ten="30,3900,0" yaku="20,1,34,2" doraHai="79" who="2" fromWho="0" sc="294,-39,227,0,246,39,233,0" /><INIT seed="4,0,0,1,5,74" ten="255,227,285,233" oya="0" hai0="39,108,16,104,20,75,73,24,41,42,66,130,69" hai1="124,44,112,126,118,85,48,96,38,2,1,114,6" hai2="100,40,76,101,28,90,65,82,131,51,83,55,129" hai3="53,87,119,30,99,52,92,15,59,102,93,21,17"/><T58/><D104/><U19/><E118/><V125/><F125/><N who="1" m="48233" /><E38/><V95/><F40/><W18/><G119/><T45/><D130/><N who="2" m="49674" /><F65/><W105/><G30/><T72/><D108/><U60/><E6/><V78/><F28/><W34/><G34/><T88/><D42/><N who="1" m="24599" /><E96/><N who="2" m="57463" /><F83/><W123/><G123/><T103/><D103/><N who="2" m="39498" /><F82/><W86/><G105/><T13/><D69/><U97/><E97/><V70/><F70/><W11/><G93/><T8/><D88/><U64/><E85/><V26/><F26/><W3/><G53/><T133/><D133/><U81/><E81/><V77/><F77/><W5/><REACH who="3" step="1"/><G17/><REACH who="3" ten="255,227,285,223" step="2"/><T110/><D110/><U57/><E19/><V120/><F120/><W23/><G23/><T61/><REACH who="0" step="1"/><D73/><REACH who="0" ten="245,227,285,223" step="2"/><U63/><E114/><V128/><F128/><W7/><G7/><AGARI ba="0,2" hai="7,8,13,16,20,24,39,41,45,58,61,66,72,75" machi="7" ten="30,11600,0" yaku="1,1,2,1,7,1,54,1,53,0" doraHai="74" doraHaiUra="94" who="0" fromWho="3" sc="245,136,227,0,285,0,223,-116" owari="381,48.1,227,-17.3,285,8.5,107,-39.3" /></mjloggm>