<mjloggm ver="2.3"><GO type="225" lobby="0"/><UN n0="%E3%83%97%E3%83%AC%E3%83%B4%E3%82%A1%E3%83%86%E3%82%A3" n1="%E3%81%BF%E3%81%BF%E3%81%9A" n2="%E3%81%8B%E3%82%8F%E3%81%A1%E3%82%83%E3%82%93%35%38" n3="%E9%9B%80%E6%A5%B5%E3%81%AE%E3%81%B8" dan="16,16,16,16" rate="2102.37,2142.29,2180.99,2132.59" sx="F,M,M,M"/><TAIKYOKU oya="0"/><INIT seed="0,0,0,1,4,134" ten="250,250,250,250" oya="0" hai0="64,62,37,127,131,3,10,89,69,32,88,39,43" hai1="9,22,132,120,53,4,67,96,59,73,97,19,58" hai2="77,113,47,61,76,51,82,41,36,78,6,123,1" hai3="63,105,122,80,108,57,35,50,18,128,119,116,8"/><T81/><D32/><U7/><E73/><V66/><F123/><W28/><G105/><T25/><D131/><U110/><E132/><V26/><F113/><W133/><G122/><T13/><D3/><U68/><E68/><V124/><F51/><W91/><G128/><T115/><D115/><U135/><E135/><V117/><F117/><W23/><G50/><T98/><D25/><U5/><E120/><V16/><F6/><W38/><G38/><T56/><D43/><U95/><E110/><V129/><F1/><W126/><G8/><T107/><D69/><U60/><E9/><V54/><F54/><W93/><G80/><T40/><D40/><U27/><REACH who="1" step="1"/><E95/><REACH who="1" ten="250,240,250,250" step="2"/><V29/><F129/><W21/><G108/><T109/><D109/><U33/><E33/><V48/><F36/><W44/><G35/><T84/><D39/><U45/><E45/><V104/><F104/><W0/><G44/><T100/><D37/><U11/><E11/><V79/><F47/><W111/><G111/><T118/><D118/><U87/><E87/><V30/><F82/><W130/><G133/><T112/><D112/><U52/><E52/><V99/><F41/><W31/><G116/><T15/><D10/><U17/><E17/><V106/><F16/><W114/><G18/><T12/><REACH who="0" step="1"/><D127/><REACH who="0" ten="240,240,250,250" step="2"/><U34/><E34/><V24/><F124/><W70/><G126/><T92/><D92/><U75/><E75/><V94/><F94/><W65/><G93/><T125/><D125/><U101/><E101/><V2/><N who="2" m="19456" /><DORA hai="49" /><V102/><F106/><W103/><G114/><T86/><D86/><RYUUKYOKU ba="0,2" sc="240,15,240,15,250,-15,250,-15" hai0="12,13,15,56,62,64,81,84,88,89,98,100,107" hai1="4,5,7,19,22,27,53,58,59,60,67,96,97" /><INIT seed="0,1,2,4,2,115" ten="255,255,235,235" oya="0" hai0="114,96,89,74,11,49,37,72,97,23,6,51,119" hai1="110,81,4,98,95,100,54,56,53,134,126,129,3" hai2="85,109,39,117,77,38,87,112,84,70,61,60,32" hai3="7,14,76,133,31,120,94,43,106,2,131,42,22"/><T10/><D114/><U125/><E110/><V29/><F112/><W123/><G106/><T57/><D37/><N who="2" m="13834" /><F77/><W24/><G76/><T104/><D119/><U108/><E108/><V113/><F113/><W63/><G63/><N who="2" m="24137" /><F109/><W122/><G131/><T44/><D23/><U73/><E129/><V35/><F29/><W79/><G133/><T68/><D68/><U36/><E134/><V55/><F55/><W99/><G2/><T107/><D57/><U111/><E111/><V127/><F70/><W102/><G79/><T45/><D89/><U103/><E103/><V15/><F15/><W88/><G102/><T1/><D6/><U19/><E73/><V90/><F90/><W58/><G58/><T82/><D82/><U46/><E81/><V83/><F83/><W71/><G71/><T78/><D78/><U52/><E19/><V8/><F8/><AGARI ba="1,2" hai="7,8,14,22,24,31,42,43,88,94,99,120,122,123" machi="8" ten="40,2600,0" yaku="13,1,54,1" doraHai="115" who="3" fromWho="2" sc="255,0,255,0,235,-29,235,49" /><INIT seed="1,0,0,2,2,66" ten="255,255,206,284" oya="1" hai0="128,11,112,106,50,68,109,44,47,48,104,107,93" hai1="70,30,49,105,122,79,42,12,25,101,120,89,75" hai2="95,65,15,24,119,8,3,73,35,96,83,108,130" hai3="127,115,14,118,38,36,46,99,20,100,116,16,76"/><U39/><E89/><V134/><F119/><N who="3" m="45611" /><G115/><T114/><D109/><U126/><E126/><V98/><F3/><W21/><G127/><T110/><D110/><U80/><E49/><V41/><F108/><W63/><G76/><T0/><D128/><U5/><E12/><V71/><F41/><N who="3" m="22823" /><G63/><T10/><D0/><U61/><E5/><V34/><F130/><W67/><G67/><T18/><D93/><U103/><E103/><V2/><F2/><W97/><G38/><T117/><D117/><U1/><E1/><V32/><F134/><W135/><G135/><T131/><D131/><U94/><E94/><V72/><F24/><N who="3" m="14343" /><G100/><T54/><D18/><AGARI ba="0,0" hai="14,18,21,97,99" m="14343,22823,45611" machi="18" ten="30,2000,0" yaku="12,1,54,1" doraHai="66" who="3" fromWho="0" sc="255,-20,255,0,206,0,284,20" /><INIT seed="2,0,0,2,5,99" ten="235,255,206,304" oya="2" hai0="26,74,9,87,58,22,84,43,90,118,41,66,112" hai1="135,73,107,24,132,125,62,83,94,101,128,48,44" hai2="114,123,102,108,4,16,105,2,47,100,88,11,33" hai3="61,38,29,42,72,103,53,27,86,8,85,3,113"/><V82/><F114/><W96/><G72/><T76/><D112/><U68/><E128/><V0/><F123/><W109/><G38/><T28/><D118/><U124/><E94/><V78/><F33/><W89/><G42/><T20/><D74/><U36/><E36/><V119/><F119/><W98/><G109/><T69/><D69/><U133/><E24/><V70/><F70/><W35/><G96/><T130/><D130/><U50/><E107/><V46/><F0/><W12/><G3/><T64/><D9/><U55/><E101/><N who="2" m="39019" /><F105/><W14/><G35/><T60/><D66/><N who="1" m="41047" /><E83/><V104/><F104/><W106/><G106/><T30/><D76/><U65/><E65/><V45/><F78/><W34/><G34/><T15/><D84/><U91/><E91/><V117/><F117/><W63/><G89/><T121/><D121/><U19/><E19/><V115/><F115/><W49/><G85/><T71/><D71/><U77/><E77/><V1/><F1/><W122/><G86/><T37/><D37/><U57/><E73/><V23/><F108/><W5/><G122/><T51/><D51/><U93/><E93/><V67/><F67/><W21/><G49/><T126/><D126/><U127/><E48/><V54/><F88/><W95/><G113/><T110/><D110/><U134/><N who="1" m="33792" /><DORA hai="6" /><U116/><E116/><V52/><F82/><W56/><G61/><T80/><D30/><U17/><E17/><AGARI ba="0,0" hai="15,17,20,22,26,28,41,43,58,60,64,80,87,90" machi="17" ten="40,1300,0" yaku="8,1" doraHai="99,6" who="0" fromWho="1" sc="235,13,255,-13,206,0,304,0" /><INIT seed="3,0,0,0,0,24" ten="248,242,206,304" oya="3" hai0="83,69,113,75,23,5,12,123,60,71,43,117,41" hai1="34,112,91,33,7,77,48,104,130,47,103,21,44" hai2="18,61,122,14,66,78,45,20,93,92,105,2,67" hai3="99,79,62,72,36,100,131,101,76,109,56,94,26"/><W40/><G131/><T1/><D117/><U38/><E112/><V74/><F105/><W133/><G133/><T135/><D123/><U42/><E130/><V0/><F122/><W121/><G121/><T119/><D119/><U80/><E91/><V68/><F67/><W108/><G101/><T102/><D135/><U110/><E110/><N who="3" m="42602" /><G72/><T89/><D113/><U39/><E21/><V58/><F74/><W120/><G26/><T81/><D102/><U3/><E104/><V73/><F73/><W17/><G17/><T15/><D1/><U28/><E28/><V22/><F78/><W37/><G120/><T9/><D75/><N who="1" m="43071" /><E38/><N who="3" m="14954" /><G40/><T46/><D41/><N who="1" m="24591" /><E103/><V134/><F134/><W59/><G59/><T63/><D71/><U115/><E115/><V107/><F107/><W90/><G100/><T88/><D69/><U96/><E96/><V82/><F68/><W111/><G111/><T4/><D43/><U127/><E127/><V97/><F45/><W27/><G27/><T25/><D46/><U35/><E35/><V116/><F116/><W114/><G114/><T87/><D25/><U65/><E65/><AGARI ba="0,0" hai="56,62,65,76,79,90,94,99" m="14954,42602" machi="65" ten="30,2900,0" yaku="14,1,10,1" doraHai="24" who="3" fromWho="1" sc="248,0,242,-29,206,0,304,29" owari="248,4.8,213,-18.7,206,-29.4,333,43.3" /></mjloggm>