<mjloggm ver="2.3"><GO type="225" lobby="0"/><UN n0="%6D%75%75%6D%75%72%61" n1="%E3%83%AD%E3%83%83%E3%83%86%E9%9B%80%E7%90%83" n2="%E7%B4%94%E6%BD%94%E3%83%94%E3%83%A9%E3%83%8B%E3%82%A2" n3="%72%69%6F%75%63%68%61%6E" dan="16,17,16,16" rate="2077.13,2187.64,2143.40,2104.08" sx="F,M,M,M"/><TAIKYOKU oya="0"/><INIT seed="0,0,0,5,2,24" ten="250,250,250,250" oya="0" hai0="18,120,99,31,80,89,131,22,50,113,48,71,70" hai1="123,25,38,96,45,32,122,135,94,115,102,78,67" hai2="112,58,88,127,75,76,42,41,117,37,116,73,23" hai3="128,44,30,79,14,87,60,72,11,40,8,74,84"/><T90/><D113/><U13/><E115/><V35/><F35/><W4/><G128/><T129/><D120/><U121/><E135/><V106/><F106/><W0/><G30/><T68/><D18/><U27/><E67/><V2/><F2/><W103/><G103/><T104/><D104/><U105/><E78/><V101/><F101/><W66/><G74/><N who="2" m="28169" /><F76/><W64/><G72/><T9/><D9/><U57/><E57/><V63/><F37/><W111/><G111/><T28/><D22/><U85/><E13/><V118/><F23/><W52/><G52/><T108/><D99/><U10/><E10/><V93/><F127/><W109/><G109/><T95/><D95/><U125/><E125/><V69/><F69/><W39/><G79/><T86/><D108/><U77/><E77/><V133/><F133/><W6/><REACH who="3" step="1"/><G66/><REACH who="3" ten="250,250,250,240" step="2"/><T49/><REACH who="0" step="1"/><D89/><REACH who="0" ten="240,250,250,240" step="2"/><U62/><E122/><V56/><F112/><W119/><G119/><T3/><D3/><U47/><E123/><V33/><F118/><W51/><G51/><T36/><D36/><U110/><E38/><V92/><F117/><W126/><G126/><T114/><D114/><U1/><E110/><V132/><F116/><W100/><G100/><T130/><AGARI ba="0,2" hai="28,31,48,49,50,68,70,71,80,86,90,129,130,131" machi="130" ten="50,18000,2" yaku="1,1,0,1,29,2,19,1,52,2,53,0" doraHai="24" doraHaiUra="91" who="0" fromWho="0" sc="240,200,250,-60,250,-60,240,-60" /><INIT seed="0,1,0,5,5,69" ten="440,190,190,180" oya="0" hai0="76,89,113,109,56,119,77,45,131,126,14,3,100" hai1="110,111,31,29,84,73,46,8,26,105,81,80,117" hai2="7,58,60,102,21,38,9,134,123,59,133,23,88" hai3="15,79,83,135,6,27,90,86,67,114,48,64,62"/><T101/><D113/><U124/><E117/><V16/><F102/><W70/><G114/><T25/><D3/><U17/><E124/><V37/><F123/><W118/><G118/><T0/><D0/><U47/><E105/><V22/><F7/><W122/><G135/><N who="2" m="51721" /><F59/><W120/><G64/><T39/><D119/><U112/><E112/><V61/><F61/><W33/><G48/><T50/><D126/><U87/><E73/><V72/><F72/><W42/><G42/><T18/><D131/><U115/><E115/><V94/><F9/><W4/><G33/><T53/><D101/><U49/><E8/><V92/><F16/><W32/><G90/><T96/><D89/><U66/><E17/><V30/><F30/><N who="3" m="19551" /><G15/><T74/><D25/><U75/><E26/><V95/><F88/><W34/><G34/><T93/><D74/><U125/><E75/><V41/><F41/><W13/><G13/><T24/><D24/><U108/><E125/><V98/><F98/><W85/><G86/><T78/><D56/><U97/><E97/><V5/><F5/><W11/><G11/><T132/><D132/><U28/><E66/><AGARI ba="1,0" hai="21,22,23,37,38,58,60,66,92,94,95" m="51721" machi="66" ten="40,5200,0" yaku="20,1,52,2" doraHai="69" who="2" fromWho="1" sc="440,0,190,-55,190,55,180,0" /><INIT seed="1,0,0,2,1,92" ten="440,135,245,180" oya="1" hai0="9,34,76,87,105,70,30,96,112,43,132,101,83" hai1="42,100,114,126,16,31,39,90,27,89,45,110,40" hai2="3,67,48,81,119,127,20,78,47,59,117,0,73" hai3="17,52,95,33,50,41,109,125,116,75,121,129,103"/><U1/><E114/><V111/><F111/><W19/><G121/><T133/><D112/><U102/><E110/><V13/><F127/><W26/><G109/><T85/><D70/><U128/><E126/><V38/><F38/><W115/><G115/><T46/><D9/><U86/><E128/><V130/><F130/><W94/><G125/><T64/><D64/><U74/><E74/><V108/><F108/><W23/><G75/><T14/><D14/><U63/><E1/><V93/><F3/><W55/><G116/><T134/><D30/><U118/><E118/><V88/><F0/><W60/><G129/><T49/><D34/><U123/><E123/><V58/><F67/><W22/><G33/><T57/><D57/><U107/><E42/><V7/><F117/><W62/><G41/><T32/><D32/><U99/><E102/><V24/><F13/><W91/><G103/><T25/><D25/><U120/><E120/><V11/><F11/><W131/><G131/><T5/><D5/><U69/><E16/><V135/><F7/><W29/><G29/><T106/><D85/><U77/><E77/><V51/><F119/><W36/><G36/><T2/><D2/><U113/><E113/><V4/><F4/><W72/><G72/><T68/><D68/><U104/><E104/><AGARI ba="0,0" hai="43,46,49,76,83,87,96,101,104,105,106,132,133,134" machi="104" ten="40,2600,0" yaku="20,1,52,1" doraHai="92" who="0" fromWho="1" sc="440,26,135,-26,245,0,180,0" /><INIT seed="2,0,0,1,3,128" ten="466,109,245,180" oya="2" hai0="67,115,59,75,89,107,28,84,125,108,8,109,26" hai1="104,87,129,23,62,20,134,77,17,44,25,94,74" hai2="111,29,98,33,73,79,76,54,69,35,53,72,18" hai3="43,36,1,34,58,113,66,48,14,126,85,38,56"/><V41/><F69/><W51/><G1/><T22/><D75/><U32/><E129/><V68/><F68/><W27/><G14/><T103/><D115/><U118/><E104/><V70/><F70/><W9/><G9/><T6/><D125/><U0/><E118/><V60/><F29/><W50/><G85/><T132/><D132/><U2/><E74/><V65/><F65/><W135/><G135/><T116/><D116/><U88/><E134/><V130/><F130/><W81/><G81/><T47/><D47/><U110/><E32/><V119/><F119/><W106/><G27/><T12/><D107/><U117/><E110/><N who="0" m="42601" /><D103/><U13/><E117/><V101/><F101/><W83/><G83/><N who="0" m="49311" /><D59/><N who="3" m="22569" /><G34/><T42/><D42/><U102/><E77/><V37/><F41/><W78/><G78/><T11/><D8/><U10/><E102/><V123/><F111/><W55/><G106/><T131/><D131/><U124/><E124/><V112/><F18/><W80/><G80/><T82/><D82/><U91/><E62/><V39/><F60/><W63/><G126/><T7/><D67/><U21/><E44/><V100/><F100/><W40/><G113/><T3/><D3/><U57/><E57/><V64/><F112/><W97/><G55/><T127/><D127/><U114/><E114/><V133/><F133/><W93/><G40/><T52/><D52/><U30/><REACH who="1" step="1"/><E91/><REACH who="1" ten="466,99,245,180" step="2"/><V105/><F105/><W19/><G63/><T95/><D95/><U16/><E16/><AGARI ba="0,1" hai="6,7,11,12,16,22,26,28" m="49311,42601" machi="16" ten="30,2000,0" yaku="14,1,54,1" doraHai="128" who="0" fromWho="1" sc="466,30,99,-20,245,0,180,0" /><INIT seed="3,0,0,0,2,106" ten="496,79,245,180" oya="3" hai0="85,11,84,120,13,50,98,108,80,111,115,55,66" hai1="22,110,119,72,3,35,31,37,16,79,87,107,81" hai2="69,51,124,127,78,128,92,63,29,18,88,95,12" hai3="6,38,20,14,109,103,15,7,42,56,48,43,112"/><W40/><G112/><T123/><D115/><U104/><E110/><N who="0" m="42025" /><D66/><U125/><E119/><V67/><F78/><W75/><G109/><T77/><D85/><U59/><E125/><N who="2" m="48203" /><F128/><W62/><G38/><T65/><D98/><U57/><E3/><V99/><F29/><W105/><G75/><T23/><D23/><U9/><E37/><V34/><F34/><W27/><G105/><T33/><D65/><U91/><E9/><N who="2" m="6415" /><F92/><W4/><G48/><AGARI ba="0,0" hai="48,51,63,67,69,88,95,99" m="6415,48203" machi="48" ten="30,2000,0" yaku="18,1,54,1" doraHai="106" who="2" fromWho="3" sc="496,0,79,0,245,20,180,-20" owari="496,59.6,79,-42.1,265,6.5,160,-24.0" /></mjloggm>