<mjloggm ver="2.3"><GO type="225" lobby="0"/><UN n0="%E9%80%9F%E6%B0%B4%E5%87%9B%E9%A6%99" n1="%E3%81%82%E3%83%BC%E3%81%97" n2="%E4%B8%89%E5%86%A0%E7%8E%8B%E3%83%BB%E5%B1%B1%E7%94%B0%E5%93%B2%E4%BA%BA" n3="%E3%81%9F%E3%81%93%E2%98%86%E7%84%BC%E3%81%8D" dan="16,16,16,16" rate="2137.74,2112.99,2135.96,2113.82" sx="F,M,M,M"/><TAIKYOKU oya="0"/><INIT seed="0,0,0,4,1,96" ten="250,250,250,250" oya="0" hai0="135,112,120,102,21,94,122,133,115,44,114,22,67" hai1="18,89,33,46,107,16,129,79,126,117,0,9,84" hai2="66,31,57,58,12,81,121,90,51,39,25,76,35" hai3="86,55,11,24,13,83,73,124,34,103,50,59,78"/><T104/><D67/><U99/><E117/><V116/><F39/><W37/><G37/><T87/><D44/><U14/><E33/><V47/><F121/><N who="0" m="46698" /><D104/><U52/><E0/><V97/><F116/><W8/><G124/><T91/><D21/><U42/><E126/><V20/><F66/><W111/><G111/><T10/><D10/><U29/><E129/><V26/><F12/><W28/><G8/><T101/><D22/><U32/><E79/><V41/><F90/><W27/><G27/><T93/><D93/><U110/><E110/><V95/><F26/><W125/><G125/><T36/><D36/><U17/><E29/><V123/><F35/><W100/><REACH who="3" step="1"/><G73/><REACH who="3" ten="250,250,250,240" step="2"/><T5/><D5/><AGARI ba="0,1" hai="5,11,13,24,28,34,50,55,59,78,83,86,100,103" machi="5" ten="30,12000,2" yaku="1,1,2,1,7,1,52,2,53,1" doraHai="96" doraHaiUra="53" who="3" fromWho="0" sc="250,-120,250,0,250,0,240,130" /><INIT seed="1,0,0,0,4,120" ten="130,250,250,370" oya="1" hai0="81,70,40,28,69,61,93,109,11,78,37,117,41" hai1="48,106,1,113,67,96,15,18,77,33,91,83,94" hai2="102,100,14,122,89,52,56,49,17,112,35,3,4" hai3="111,107,104,59,79,36,131,135,90,119,84,134,97"/><U130/><E33/><V58/><F122/><W55/><G36/><T110/><D117/><U115/><E1/><V45/><F35/><W95/><G119/><T29/><D93/><U64/><E130/><V51/><F112/><W60/><G131/><T63/><D11/><U65/><E106/><V34/><F34/><W53/><G53/><T125/><D81/><U133/><E133/><N who="3" m="50698" /><G111/><N who="0" m="42507" /><D78/><U80/><E48/><V38/><F38/><W71/><G71/><N who="0" m="27147" /><D37/><U30/><E30/><N who="0" m="11881" /><D125/><U27/><E115/><V103/><F4/><W82/><AGARI ba="0,0" hai="55,59,60,79,82,84,90,95,97,104,107" m="50698" machi="82" ten="30,1100,0" yaku="20,1" doraHai="120" who="3" fromWho="3" sc="130,-3,250,-5,250,-3,370,11" /><INIT seed="2,0,0,2,3,85" ten="127,245,247,381" oya="2" hai0="3,126,90,13,97,45,112,131,81,33,77,64,15" hai1="46,95,20,103,94,7,36,34,79,24,57,134,121" hai2="122,111,25,40,32,70,113,9,99,115,116,42,53" hai3="68,84,83,109,125,52,108,47,76,18,71,10,63"/><V117/><F70/><W55/><G125/><T74/><D112/><N who="2" m="43082" /><F53/><N who="3" m="20555" /><G47/><T59/><D126/><U80/><E34/><V60/><F42/><W129/><G63/><T41/><D3/><U119/><E57/><V8/><F40/><W30/><G30/><T72/><D33/><U135/><E119/><N who="2" m="45643" /><F99/><W12/><G129/><T73/><D131/><U2/><E121/><V130/><F60/><W54/><G54/><T6/><D6/><U133/><E103/><V92/><F92/><W120/><G120/><T51/><D72/><N who="1" m="43111" /><E46/><V17/><F122/><W105/><G105/><T82/><D74/><U28/><E36/><V26/><F130/><W124/><G124/><T118/><D118/><U22/><E22/><N who="2" m="13519" /><F111/><AGARI ba="0,0" hai="10,12,18,68,71,76,83,84,108,109,111" m="20555" machi="111" ten="30,2000,0" yaku="14,1,54,1" doraHai="85" who="3" fromWho="2" sc="127,0,245,0,247,-20,381,20" /><INIT seed="3,0,0,3,5,84" ten="127,245,227,401" oya="3" hai0="71,12,18,50,57,14,49,126,47,6,30,19,95" hai1="32,4,0,101,86,28,125,135,73,117,7,129,87" hai2="132,83,74,64,108,15,39,128,16,25,75,68,115" hai3="69,51,97,54,80,93,114,102,17,55,37,9,38"/><W110/><G69/><T23/><D71/><U72/><E135/><V106/><F39/><W77/><G114/><T62/><D126/><U42/><E101/><V96/><F115/><W130/><G130/><T66/><D6/><U76/><E125/><V11/><F132/><W61/><G61/><T58/><D30/><U26/><E42/><V90/><F128/><W81/><G81/><T27/><D27/><U107/><E107/><V21/><F108/><W3/><G54/><T111/><D111/><U119/><E129/><V109/><F109/><W33/><G33/><T45/><D95/><U1/><E87/><V85/><F64/><W120/><G120/><T36/><D36/><U44/><E44/><V121/><F121/><W118/><G118/><N who="1" m="45066" /><E86/><V63/><F63/><W31/><G80/><T88/><D88/><U99/><E99/><V20/><F20/><W40/><G77/><T89/><D89/><U43/><E43/><V52/><F68/><W10/><G40/><T124/><D124/><U92/><E92/><V59/><F96/><W78/><G78/><T5/><D5/><N who="1" m="2123" /><E76/><V91/><F91/><W79/><G79/><T8/><REACH who="0" step="1"/><D49/><REACH who="0" ten="117,245,227,401" step="2"/><U22/><E73/><N who="2" m="27659" /><F25/><W104/><G38/><T122/><D122/><U41/><E72/><V112/><F90/><W2/><G37/><T100/><D100/><U82/><E1/><V103/><F103/><W65/><G2/><T46/><D46/><U56/><E0/><V98/><F112/><W123/><G3/><T70/><D70/><U127/><E127/><V131/><F131/><W116/><G123/><T94/><D94/><RYUUKYOKU ba="0,1" sc="117,30,245,-10,227,-10,401,-10" hai0="8,12,14,18,19,23,45,47,50,57,58,62,66" owari="147,-35.3,235,3.5,217,-18.3,401,50.1" /></mjloggm>