<mjloggm ver="2.3"><GO type="225" lobby="0"/><UN n0="%E3%81%BE%E3%81%A8%E3%81%9F" n1="%E9%B3%B3%E6%9D%B1%E3%81%AE%E3%81%86%E3%81%95%E3%81%8E%E3%81%95%E3%82%93" n2="%6D%75%75%6D%75%72%61" n3="%E3%81%9F%E3%81%8C%E3%82%84%E3%81%99" dan="16,16,16,16" rate="2170.94,2218.14,2098.97,2128.92" sx="M,M,F,M"/><TAIKYOKU oya="0"/><INIT seed="0,0,0,5,4,1" ten="250,250,250,250" oya="0" hai0="54,102,75,97,3,5,45,34,83,109,17,106,53" hai1="117,39,96,118,86,10,80,101,58,31,82,135,25" hai2="13,127,37,32,6,110,8,21,73,36,59,46,2" hai3="87,62,115,12,132,66,26,131,70,105,35,23,98"/><T113/><D113/><U121/><E121/><V49/><F110/><W44/><G87/><T81/><D34/><U88/><E135/><V15/><F127/><W11/><G115/><T67/><D109/><U18/><E39/><V4/><F32/><W14/><G132/><T29/><D29/><U69/><E69/><V119/><F73/><W30/><G131/><T57/><D67/><U43/><E43/><V79/><F79/><W122/><G122/><T112/><D75/><U129/><E80/><V99/><F119/><W51/><G23/><T61/><D17/><U104/><E129/><V126/><F126/><W85/><G85/><T56/><D45/><U40/><E40/><V24/><F59/><W94/><G11/><T16/><D16/><U48/><E18/><N who="2" m="12343" /><F99/><W0/><G0/><T27/><D27/><U128/><E10/><N who="2" m="4295" /><F2/><W89/><REACH who="3" step="1"/><G105/><REACH who="3" ten="250,250,250,240" step="2"/><T114/><D112/><U63/><E128/><V124/><F124/><W92/><G92/><T93/><D106/><U84/><E84/><V7/><F36/><W33/><G33/><T100/><D114/><U108/><E108/><V20/><F37/><W50/><G50/><T77/><D102/><U42/><E118/><V19/><F20/><W60/><G60/><T91/><D100/><U123/><E117/><V65/><F65/><W64/><G64/><T9/><D77/><U120/><E63/><AGARI ba="0,1" hai="3,5,9,53,54,56,57,61,63,81,83,91,93,97" machi="63" ten="30,5800,0" yaku="7,1,9,1,52,1" doraHai="1" who="0" fromWho="1" sc="250,68,250,-58,250,0,240,0" /><INIT seed="0,1,0,3,0,131" ten="318,192,250,240" oya="0" hai0="108,67,38,63,61,12,50,22,122,16,46,87,109" hai1="114,80,110,11,42,73,17,2,96,62,6,29,18" hai2="112,78,0,7,43,71,98,66,86,124,52,60,24" hai3="125,118,1,51,81,116,75,76,31,41,117,88,94"/><T104/><D38/><U103/><E110/><N who="0" m="42601" /><D104/><U13/><E114/><V95/><F112/><W19/><G1/><T90/><D67/><U83/><E42/><V32/><F124/><W55/><G31/><T107/><D107/><U134/><E29/><V102/><F43/><W35/><G35/><T130/><D122/><U92/><E134/><V69/><F69/><W15/><G41/><N who="0" m="24911" /><D130/><U9/><E73/><V28/><F0/><W30/><G30/><T127/><D127/><U34/><E34/><V20/><F7/><W93/><G125/><T10/><D22/><U84/><E62/><V54/><REACH who="2" step="1"/><F20/><REACH who="2" ten="318,192,240,240" step="2"/><W49/><G118/><T85/><D85/><U57/><E84/><V23/><F23/><W36/><G117/><T40/><D40/><U77/><E2/><V120/><F120/><W3/><G3/><T129/><D129/><U89/><E9/><V97/><F97/><W123/><G116/><T70/><D70/><U91/><E11/><V119/><F119/><W72/><G123/><T132/><D132/><U79/><E96/><V111/><F111/><W14/><G36/><T65/><D10/><U33/><E33/><V45/><F45/><W133/><G133/><T47/><D47/><U106/><E57/><V68/><F68/><W5/><G5/><T82/><D87/><U27/><E6/><V39/><F39/><W59/><G72/><T113/><D113/><U74/><E74/><V53/><F53/><W99/><G55/><T44/><D44/><U26/><E17/><V105/><F105/><W58/><G19/><T115/><D16/><U135/><E18/><RYUUKYOKU ba="1,1" sc="318,-10,192,-10,240,30,240,-10" hai2="24,28,32,52,54,60,66,71,78,86,95,98,102" /><INIT seed="1,2,1,1,2,125" ten="308,182,270,230" oya="1" hai0="7,28,79,110,70,114,129,111,13,26,127,32,19" hai1="108,126,16,17,118,51,133,86,98,105,40,102,80" hai2="120,74,116,67,85,113,65,91,60,109,132,61,58" hai3="29,76,39,82,0,10,73,71,55,100,92,84,72"/><U134/><E126/><V25/><F116/><W22/><G71/><T63/><D63/><U36/><E36/><V119/><F119/><W30/><G39/><T103/><D103/><U112/><E112/><V99/><F109/><N who="0" m="41482" /><D79/><U46/><E118/><V66/><F132/><N who="1" m="50793" /><E108/><V115/><F120/><W117/><G29/><T1/><D70/><U2/><E2/><V83/><F74/><W69/><G22/><N who="0" m="11631" /><D127/><U93/><E105/><V56/><F67/><W59/><G69/><T12/><D114/><U68/><E68/><V4/><F4/><W122/><G100/><T130/><D1/><U3/><E3/><V45/><F25/><W94/><G76/><AGARI ba="2,1" hai="16,17,40,46,51,76,80,86,93,98,102" m="50793" machi="76" ten="30,2900,0" yaku="20,1,54,1" doraHai="125" who="1" fromWho="3" sc="308,0,182,45,270,0,230,-35" /><INIT seed="1,3,0,0,0,24" ten="308,227,270,195" oya="1" hai0="134,13,66,113,70,94,30,128,76,57,121,49,29" hai1="10,114,84,55,23,18,130,5,131,103,77,31,112" hai2="126,7,63,102,41,85,64,90,105,28,46,86,8" hai3="17,92,117,14,56,61,132,4,60,26,6,78,11"/><U20/><E103/><V1/><F126/><W110/><G78/><T135/><D121/><U51/><E77/><V58/><F102/><W73/><G73/><T80/><D80/><U54/><E84/><V98/><F105/><W21/><G132/><T35/><D128/><N who="1" m="49195" /><E54/><V32/><F98/><W93/><G117/><T116/><D116/><U25/><E55/><V109/><F109/><W50/><G110/><T33/><D76/><U87/><E51/><V52/><F64/><W97/><G50/><T68/><D68/><U82/><E87/><V27/><F90/><W111/><G111/><T122/><D113/><N who="1" m="43627" /><E82/><V43/><F43/><W39/><G39/><AGARI ba="3,0" hai="1,7,8,27,28,32,39,41,46,52,58,63,85,86" machi="39" ten="30,3900,0" yaku="7,1,52,1,54,1" doraHai="24" who="2" fromWho="3" sc="308,0,227,0,270,48,195,-48" /><INIT seed="2,0,0,4,5,24" ten="308,227,318,147" oya="2" hai0="7,66,40,78,130,90,77,132,18,17,21,129,80" hai1="99,16,123,4,2,41,6,93,68,122,71,11,56" hai2="89,134,46,81,82,70,55,15,131,92,44,96,27" hai3="72,57,103,98,29,34,102,22,115,94,104,121,0"/><V119/><F119/><W106/><G0/><T1/><D132/><U60/><E41/><V13/><F70/><W49/><G34/><T38/><D66/><N who="1" m="39175" /><E6/><V32/><F134/><W114/><G72/><N who="0" m="43047" /><D90/><N who="1" m="55735" /><E16/><N who="0" m="6249" /><D21/><U42/><E42/><V25/><F32/><W107/><G121/><AGARI ba="0,0" hai="2,4,11,68,71,121,122,123" m="55735,39175" machi="121" ten="30,1000,0" yaku="13,1" doraHai="24" who="1" fromWho="3" sc="308,0,227,10,318,0,147,-10" /><INIT seed="3,0,0,3,3,79" ten="308,237,318,137" oya="3" hai0="43,107,100,24,109,62,126,125,17,134,58,36,73" hai1="87,34,4,122,93,11,117,106,14,63,97,75,116" hai2="86,45,25,30,102,112,121,15,21,81,94,42,51" hai3="114,54,67,130,68,70,44,46,66,7,129,3,55"/><W123/><G7/><T28/><D73/><U47/><E122/><V61/><F112/><W6/><G6/><T10/><D109/><U20/><E34/><V101/><F121/><W119/><G3/><T89/><D89/><U50/><E75/><V133/><F133/><W71/><G123/><T104/><D43/><U26/><E106/><N who="0" m="40489" /><D36/><U1/><E63/><V35/><F61/><W57/><G114/><T90/><D90/><U33/><E33/><V40/><F40/><W120/><G120/><T12/><D100/><U31/><E1/><V105/><F105/><W48/><G119/><T131/><D131/><N who="3" m="50185" /><G44/><T32/><D134/><U8/><E8/><V19/><F94/><W53/><G57/><T132/><D132/><U60/><E60/><V9/><F35/><W56/><G56/><T27/><D28/><U128/><E128/><V74/><F74/><W22/><G22/><T135/><D32/><U95/><E97/><V124/><F124/><N who="0" m="47722" /><D135/><U59/><E59/><V83/><F83/><W98/><G98/><T103/><D103/><U108/><E108/><V82/><F82/><W91/><G91/><AGARI ba="0,0" hai="9,15,19,21,25,30,42,45,51,81,86,91,101,102" machi="91" ten="30,3900,0" yaku="7,1,8,1,52,1" doraHai="79" who="2" fromWho="3" sc="308,0,237,0,318,39,137,-39" owari="308,10.8,237,-16.3,357,45.7,98,-40.2" /></mjloggm>