<mjloggm ver="2.3"><GO type="225" lobby="0"/><UN n0="%E3%81%AF%E3%82%88%E3%81%8A%E3%81%98%E3%81%95%E3%82%93" n1="%4E%49%4A%49%49%52%4F" n2="%E9%BB%92%E9%89%84%E7%8F%A0%E9%9B%AB" n3="%E4%B8%89%E5%86%A0%E7%8E%8B%E3%83%BB%E5%B1%B1%E7%94%B0%E5%93%B2%E4%BA%BA" dan="16,16,16,16" rate="2139.60,2188.93,2186.02,2172.31" sx="M,M,F,M"/><TAIKYOKU oya="0"/><INIT seed="0,0,0,4,5,38" ten="250,250,250,250" oya="0" hai0="27,53,15,120,135,106,131,3,51,23,117,49,91" hai1="43,18,61,9,28,69,75,24,72,90,47,92,128" hai2="64,6,76,4,127,99,65,34,63,60,35,19,95" hai3="31,14,7,88,10,102,26,85,121,2,44,125,32"/><T110/><D3/><U68/><E128/><V56/><F127/><W59/><G125/><T113/><D113/><U118/><E118/><V124/><F124/><W54/><G121/><T1/><D1/><U134/><E134/><V37/><F37/><W130/><G130/><T111/><D117/><U39/><E9/><V67/><F76/><W103/><G2/><T123/><D131/><U112/><E18/><V20/><F35/><W40/><G59/><T66/><D135/><U73/><E61/><V78/><F78/><W16/><G54/><T5/><D106/><U29/><E112/><V55/><F34/><W17/><G103/><T96/><D66/><U114/><E114/><V42/><F42/><W11/><G102/><T0/><D0/><U46/><E46/><V74/><F74/><W22/><G11/><N who="0" m="4591" /><D91/><U116/><E116/><V86/><F86/><W89/><G32/><T126/><D96/><U33/><REACH who="1" step="1"/><E28/><REACH who="1" ten="250,240,250,250" step="2"/><V21/><F63/><W79/><G79/><T87/><D126/><U107/><E107/><V104/><F104/><W70/><G70/><T41/><D123/><U45/><E45/><V80/><F19/><W71/><G71/><T77/><D120/><U84/><AGARI ba="0,1" hai="24,29,33,39,43,47,68,69,72,73,75,84,90,92" machi="84" ten="30,7900,0" yaku="1,1,0,1,52,1,53,1" doraHai="38" doraHaiUra="83" who="1" fromWho="1" sc="250,-39,240,89,250,-20,250,-20" /><INIT seed="1,0,0,1,4,72" ten="211,329,230,230" oya="1" hai0="32,11,1,112,131,64,25,51,73,135,120,65,28" hai1="43,35,114,5,99,15,80,121,96,77,19,113,127" hai2="117,88,59,92,42,134,57,107,49,90,53,93,71" hai3="84,68,75,78,108,23,69,129,16,50,95,20,8"/><U70/><E70/><V111/><F107/><W82/><G108/><T45/><D112/><U83/><E121/><V10/><F71/><W116/><G129/><T18/><D131/><U124/><E35/><V9/><F117/><W94/><G69/><T130/><D130/><U118/><E5/><V62/><F134/><W33/><G33/><T97/><D135/><U98/><E43/><V37/><F37/><W17/><G68/><T55/><D120/><U128/><E128/><V115/><F111/><W38/><G38/><T101/><D73/><U7/><E7/><V61/><F115/><W14/><G116/><T56/><D45/><U27/><E27/><V12/><F42/><W66/><G66/><T6/><REACH who="0" step="1"/><D18/><REACH who="0" ten="201,329,230,230" step="2"/><U13/><E114/><V29/><F29/><W67/><G67/><T4/><D4/><U109/><E113/><V105/><F105/><AGARI ba="0,1" hai="1,6,11,25,28,32,51,55,56,64,65,97,101,105" machi="105" ten="30,2000,0" yaku="1,1,7,1,53,0" doraHai="72" doraHaiUra="123" who="0" fromWho="2" sc="201,30,329,0,230,-20,230,0" /><INIT seed="2,0,0,2,3,79" ten="231,329,210,230" oya="2" hai0="110,85,19,107,64,90,59,100,114,47,55,68,40" hai1="123,125,115,34,42,102,18,129,75,128,82,41,98" hai2="131,28,52,132,25,61,30,76,73,87,133,80,119" hai3="12,118,32,108,10,0,81,89,116,69,78,117,50"/><V86/><F131/><W67/><G108/><T113/><D110/><U111/><E111/><V130/><F130/><W96/><G32/><T23/><D68/><U31/><E115/><V58/><F119/><W109/><G109/><T101/><D64/><U33/><E125/><V65/><F65/><W95/><G0/><T66/><D66/><U21/><E123/><V35/><REACH who="2" step="1"/><F30/><REACH who="2" ten="231,329,200,230" step="2"/><W63/><G50/><N who="0" m="26983" /><D114/><U14/><E31/><V99/><F99/><W84/><REACH who="3" step="1"/><G117/><REACH who="3" ten="231,329,200,220" step="2"/><T91/><D113/><U37/><E129/><V44/><F44/><W62/><G62/><T92/><D107/><U94/><E128/><V4/><F4/><AGARI ba="0,2" hai="4,10,12,63,67,69,78,81,84,89,95,96,116,118" machi="4" ten="30,7700,0" yaku="1,1,7,1,52,1,53,1" doraHai="79" doraHaiUra="93" who="3" fromWho="2" sc="231,0,329,0,200,-77,220,97" /><INIT seed="3,0,0,0,0,37" ten="231,329,123,317" oya="3" hai0="24,104,130,38,66,70,113,13,15,84,12,82,118" hai1="119,50,9,98,124,89,99,28,109,4,25,21,114" hai2="71,69,128,79,14,29,108,6,122,78,58,88,135" hai3="80,42,129,126,32,45,8,40,83,132,103,127,2"/><W95/><G32/><T36/><D118/><U73/><E114/><V72/><F72/><W112/><G112/><T101/><D113/><U56/><E119/><V110/><F29/><W67/><G132/><T100/><D130/><U102/><E73/><V96/><F58/><W65/><G129/><T111/><D111/><U11/><E109/><N who="2" m="42091" /><F128/><W60/><G2/><T51/><D70/><U117/><E117/><V39/><F14/><W34/><G34/><T16/><D66/><N who="3" m="25097" /><G60/><T5/><D5/><U43/><E124/><N who="3" m="47658" /><G8/><T63/><D63/><U57/><E11/><V53/><F6/><W131/><G131/><T48/><D36/><U87/><E102/><N who="0" m="39529" /><D38/><U18/><E28/><V115/><F115/><W33/><G33/><T44/><D104/><U74/><E74/><V105/><F105/><W77/><G45/><T22/><D44/><N who="1" m="25887" /><E4/><V133/><F39/><W41/><G77/><AGARI ba="0,0" hai="12,13,15,16,22,24,48,51,77,82,84" m="39529" machi="77" ten="30,2000,0" yaku="8,1,54,1" doraHai="37" who="0" fromWho="3" sc="231,20,329,0,123,0,317,-20" owari="251,-14.9,329,42.9,123,-37.7,297,9.7" /></mjloggm>