<mjloggm ver="2.3"><GO type="225" lobby="0"/><UN n0="%E3%82%A2%E3%83%A1%E3%82%A2%E3%83%A9%E3%83%AC" n1="%72%69%6F%75%63%68%61%6E" n2="%33%74%72%65%65" n3="%28%EF%BF%A3%E2%96%BD%EF%BF%A3%29%CE%B4%E2%8C%92%E3%83%BB" dan="16,17,16,16" rate="2038.49,2187.55,2100.99,2202.37" sx="M,M,F,M"/><TAIKYOKU oya="0"/><INIT seed="0,0,0,2,0,24" ten="250,250,250,250" oya="0" hai0="69,124,53,122,77,50,51,88,132,44,125,92,118" hai1="75,113,65,105,95,19,37,126,4,6,94,32,43" hai2="41,120,14,60,100,98,63,55,102,58,112,0,22" hai3="46,129,64,62,67,36,114,15,87,26,57,109,25"/><T81/><D118/><U40/><E105/><V134/><F120/><W106/><G106/><T83/><D122/><U18/><E75/><V131/><F112/><W17/><G114/><T29/><D69/><U59/><E113/><V84/><F0/><W27/><G129/><T61/><D132/><U71/><E71/><V66/><F134/><W38/><G109/><T2/><D2/><U52/><E32/><V47/><F131/><W96/><G96/><T31/><D61/><U54/><E65/><V68/><F84/><W111/><G111/><T104/><D104/><U72/><E72/><V21/><F14/><W108/><G108/><T121/><D121/><U3/><E3/><V11/><F11/><W12/><G64/><T74/><D83/><U99/><E126/><N who="0" m="48745" /><D51/><U91/><E37/><V7/><F63/><W20/><G46/><T33/><D33/><U103/><E59/><V89/><F68/><W9/><REACH who="3" step="1"/><G87/><AGARI ba="0,0" hai="29,31,44,50,53,74,77,81,87,88,92" m="48745" machi="87" ten="30,11600,0" yaku="18,1,52,2,54,1" doraHai="24" who="0" fromWho="3" sc="250,116,250,0,250,0,250,-116" /><INIT seed="0,1,0,1,4,14" ten="366,250,250,134" oya="0" hai0="4,0,53,110,99,49,2,104,39,25,6,132,117" hai1="58,40,124,31,97,73,18,62,66,75,67,23,28" hai2="114,134,108,45,69,27,70,42,87,60,17,81,52" hai3="41,5,122,7,21,36,82,71,19,98,55,111,61"/><T24/><D117/><U34/><E124/><V51/><F114/><W88/><G122/><T29/><D39/><U38/><E67/><V35/><F108/><W112/><G112/><T30/><D110/><U101/><E34/><V107/><F107/><W130/><G111/><T93/><D104/><U115/><E115/><V20/><F134/><W3/><G130/><T96/><D132/><U68/><E68/><V76/><REACH who="2" step="1"/><F35/><REACH who="2" ten="366,250,240,134" step="2"/><W37/><G3/><T12/><D0/><U106/><E28/><V32/><F32/><W135/><G135/><T102/><D2/><U85/><E31/><V16/><F16/><W121/><G121/><T63/><D30/><U79/><E38/><V94/><F94/><N who="3" m="56647" /><G37/><T13/><D29/><U46/><E106/><V133/><F133/><W59/><G36/><T109/><D93/><U1/><E18/><V119/><F119/><W129/><G129/><T120/><D109/><U26/><E1/><V84/><F84/><W64/><G82/><T100/><D120/><U105/><E85/><V44/><F44/><W103/><G103/><T89/><D102/><U11/><E75/><V54/><F54/><W57/><G41/><T15/><D100/><U90/><E73/><V83/><F83/><W118/><G118/><T48/><D53/><U33/><E40/><V125/><F125/><W9/><G9/><T56/><D6/><N who="3" m="2057" /><G55/><T86/><D4/><U131/><E11/><V80/><F80/><W47/><G47/><T43/><D43/><U95/><E46/><V127/><F127/><W78/><G78/><T65/><D86/><N who="1" m="52695" /><E79/><V128/><F128/><RYUUKYOKU ba="1,1" sc="366,-15,250,-15,240,15,134,15" hai2="17,20,27,42,45,51,52,60,69,70,76,81,87" hai3="19,21,57,59,61,64,71" /><INIT seed="1,2,1,5,4,30" ten="351,235,255,149" oya="1" hai0="89,54,116,110,96,70,80,7,76,124,102,104,85" hai1="39,128,62,121,90,74,8,21,41,93,115,103,57" hai2="12,105,38,100,6,61,52,11,60,97,108,72,34" hai3="40,91,31,22,119,127,37,13,26,71,0,35,66"/><U14/><E115/><V18/><F108/><W10/><G127/><T1/><D110/><U43/><E121/><V75/><F38/><W24/><G119/><T67/><D124/><U111/><E128/><V50/><F34/><W68/><G66/><T16/><D116/><U45/><E111/><V51/><F51/><W44/><G91/><T88/><D7/><U25/><E74/><V15/><F75/><W130/><G130/><T17/><D1/><U92/><E103/><V117/><F72/><W48/><G37/><T114/><D114/><U23/><E43/><V95/><F105/><W132/><G132/><T58/><D67/><U131/><E131/><V126/><F126/><W125/><G0/><T120/><D70/><U87/><E93/><V55/><F117/><W36/><G36/><T53/><D53/><N who="2" m="20554" /><F50/><W107/><G107/><T29/><D29/><U33/><E33/><V9/><AGARI ba="2,1" hai="6,9,11,12,15,18,60,61,95,97,100" m="20554" machi="9" ten="30,2000,0" yaku="8,1,54,1" doraHai="30" who="2" fromWho="2" sc="351,-7,235,-12,255,36,149,-7" /><INIT seed="2,0,0,2,5,96" ten="344,223,291,142" oya="2" hai0="72,52,114,63,42,37,33,27,0,117,14,19,104" hai1="73,112,53,105,54,85,60,108,57,83,64,51,18" hai2="107,12,47,38,58,125,81,46,71,21,15,75,8" hai3="128,98,133,13,29,1,7,84,78,3,4,131,11"/><V121/><F71/><W99/><G78/><T65/><D114/><U109/><E112/><V111/><F121/><W32/><G84/><T106/><D0/><N who="3" m="73" /><G99/><T90/><D72/><U31/><E105/><V127/><F107/><W129/><G98/><T103/><D90/><U17/><E31/><V124/><F38/><W2/><N who="3" m="81" /><W110/><DORA hai="35" /><G133/><T92/><D92/><U22/><E73/><V6/><F81/><W130/><N who="3" m="32768" /><DORA hai="100" /><W45/><G45/><T9/><D42/><U94/><E94/><V122/><F47/><W132/><G132/><T20/><D37/><U79/><E53/><V87/><F46/><W56/><G56/><T39/><D52/><U97/><E97/><V76/><F58/><W95/><G95/><T93/><D39/><U62/><E62/><V68/><F75/><W24/><G110/><N who="1" m="42602" /><E22/><V118/><F111/><W120/><G120/><T40/><D20/><U66/><E66/><V119/><F122/><W80/><G80/><T67/><D63/><U113/><E113/><V48/><F87/><W69/><G7/><T61/><D104/><U91/><E79/><V25/><F6/><W59/><G59/><AGARI ba="0,0" hai="17,18,51,54,57,59,60,64,83,85,91" m="42602" machi="59" ten="30,1000,0" yaku="14,1" doraHai="96,35,100" who="1" fromWho="3" sc="344,0,223,10,291,0,142,-10" /><INIT seed="3,0,0,2,1,15" ten="344,233,291,132" oya="3" hai0="34,9,83,117,55,25,73,22,86,8,81,24,45" hai1="31,108,112,57,121,2,69,91,106,48,122,29,49" hai2="111,50,16,74,40,53,98,23,42,66,18,76,36" hai3="4,78,127,30,84,5,70,80,107,27,44,60,37"/><W68/><G107/><T11/><D117/><U75/><E112/><V135/><F36/><W13/><G127/><T59/><D73/><U134/><E69/><V43/><F111/><W133/><G133/><T28/><D45/><U129/><E108/><V63/><F135/><W32/><G60/><T90/><D81/><U105/><E134/><V79/><F98/><W128/><G128/><T61/><D11/><U7/><E75/><V26/><F18/><AGARI ba="0,0" hai="8,9,18,22,24,25,28,34,55,59,61,83,86,90" machi="18" ten="30,2000,0" yaku="7,1,52,1" doraHai="15" who="0" fromWho="2" sc="344,20,233,0,291,-20,132,0" owari="364,46.4,233,-16.7,271,7.1,132,-36.8" /></mjloggm>