<mjloggm ver="2.3"><GO type="225" lobby="0"/><UN n0="%E3%83%A1%E3%82%AC%E3%83%87%E3%82%B8" n1="%E3%81%8F%E3%82%8A%E3%83%94%E3%83%BC" n2="%E5%AE%AE%E4%BF%9D%E9%B6%8F%E8%82%89" n3="%54%4F%52" dan="16,16,16,17" rate="2089.25,2078.73,2131.93,2261.81" sx="F,M,M,M"/><TAIKYOKU oya="0"/><INIT seed="0,0,0,1,2,33" ten="250,250,250,250" oya="0" hai0="132,16,103,94,43,12,17,116,121,88,99,64,106" hai1="108,50,25,72,41,30,125,69,135,59,89,31,107" hai2="48,7,127,77,37,46,86,26,4,40,126,42,73" hai3="84,45,75,133,130,68,118,44,122,97,74,102,8"/><T18/><D116/><U115/><E69/><V78/><F73/><W100/><G118/><T15/><D121/><U65/><E72/><V120/><F120/><W58/><G68/><T9/><D132/><U131/><E107/><V114/><F114/><W3/><G122/><T47/><D64/><U13/><E108/><V10/><F4/><W104/><G133/><T24/><D24/><U105/><E105/><V53/><F26/><W51/><G130/><T11/><D18/><U71/><E71/><V113/><F113/><W90/><G100/><T49/><D106/><U96/><E125/><N who="2" m="47627" /><F86/><W63/><G8/><T93/><D93/><U21/><E31/><V55/><F55/><W92/><G3/><T87/><D87/><U98/><E131/><V134/><F42/><W5/><G5/><T119/><D119/><U66/><E115/><V32/><F32/><W70/><G70/><T67/><D67/><U28/><E28/><V54/><F54/><W76/><G51/><T62/><D62/><U128/><E128/><V111/><F111/><W82/><REACH who="3" step="1"/><G75/><REACH who="3" ten="250,250,250,240" step="2"/><T20/><D103/><U123/><E50/><V29/><F134/><W80/><G80/><T52/><D43/><U124/><E41/><V79/><F40/><W83/><G83/><T85/><D85/><U60/><E123/><V109/><F109/><W110/><G110/><T129/><D129/><U23/><E135/><V56/><F7/><W38/><G38/><T101/><D101/><U1/><E124/><V95/><F10/><AGARI ba="0,1" hai="9,10,11,12,15,16,17,20,47,49,52,88,94,99" machi="10" ten="30,12000,1" yaku="7,1,8,1,54,3" doraHai="33" who="0" fromWho="2" sc="250,130,250,0,250,-120,240,0" /><INIT seed="0,1,0,5,0,15" ten="380,250,130,240" oya="0" hai0="14,8,0,16,125,44,22,129,94,11,92,6,3" hai1="73,112,17,66,35,131,28,74,85,45,7,70,96" hai2="25,121,77,113,61,124,67,104,108,128,105,23,50" hai3="26,76,49,93,37,33,1,52,53,62,32,56,40"/><T89/><D125/><U18/><E131/><V95/><F121/><W78/><G1/><T81/><D129/><U110/><E7/><V65/><F113/><W19/><G37/><T84/><D44/><U29/><E112/><V114/><F114/><W102/><G40/><T133/><D133/><U4/><E4/><AGARI ba="1,0" hai="0,3,4,6,8,11,14,16,22,81,84,89,92,94" machi="4" ten="40,7700,0" yaku="9,1,52,1,54,1" doraHai="15" who="0" fromWho="1" sc="380,80,250,-80,130,0,240,0" /><INIT seed="0,2,0,3,4,121" ten="460,170,130,240" oya="0" hai0="8,24,72,45,105,12,127,42,126,15,20,54,79" hai1="46,120,18,115,109,132,7,50,83,30,64,33,2" hai2="130,68,122,25,40,57,26,61,85,129,66,9,39" hai3="123,13,10,11,29,84,58,53,55,37,124,88,47"/><T60/><D105/><U69/><E120/><V63/><F122/><W19/><G123/><T17/><D72/><U128/><E128/><N who="2" m="49259" /><F39/><W100/><G124/><N who="0" m="47659" /><D79/><U107/><E132/><V65/><F40/><W23/><G100/><T31/><D12/><U51/><E115/><V3/><F85/><W119/><G119/><T28/><D60/><U4/><E107/><V56/><F68/><W96/><G96/><T1/><D1/><U22/><E51/><V36/><F36/><W43/><G29/><N who="0" m="17543" /><D54/><U98/><E2/><V74/><F74/><W75/><G75/><T41/><D41/><U116/><E116/><V44/><F44/><W48/><REACH who="3" step="1"/><G53/><REACH who="3" ten="460,170,130,230" step="2"/><T133/><D133/><U135/><E135/><V35/><F35/><W62/><G62/><T87/><D87/><U118/><E33/><V32/><F32/><W16/><G16/><T6/><D17/><U38/><E118/><V102/><F102/><W52/><G52/><T90/><D31/><U101/><E101/><V89/><F66/><W113/><G113/><T114/><D28/><U95/><E64/><V117/><F117/><W27/><G27/><N who="2" m="10249" /><F63/><W91/><G91/><T134/><D90/><U93/><E30/><V82/><F65/><W110/><G110/><T78/><D134/><U59/><E109/><V34/><F34/><W5/><G5/><T92/><D6/><U112/><E4/><N who="2" m="1183" /><F61/><W111/><G111/><T103/><D114/><U125/><E112/><V67/><F67/><W80/><AGARI ba="2,1" hai="10,11,13,19,23,37,43,47,48,55,58,80,84,88" machi="80" ten="20,8000,1" yaku="1,1,0,1,7,1,54,1,53,1" doraHai="121" doraHaiUra="76" who="3" fromWho="3" sc="460,-42,170,-22,130,-22,230,96" /><INIT seed="1,0,0,3,4,75" ten="418,148,108,326" oya="1" hai0="66,53,26,91,16,69,97,12,37,0,55,14,134" hai1="121,79,126,80,127,111,76,50,70,11,56,13,4" hai2="59,34,95,120,43,104,18,39,131,58,105,102,31" hai3="77,48,86,78,100,115,38,109,40,28,9,81,93"/><U46/><E70/><V30/><F120/><W61/><G115/><T60/><D0/><U27/><E121/><V57/><F131/><W47/><G109/><T73/><D73/><U101/><E111/><V117/><F117/><W122/><G122/><T123/><D123/><U125/><E101/><V99/><F18/><W112/><G112/><T3/><D3/><U96/><E96/><V2/><F2/><W17/><G28/><T133/><D37/><U103/><E103/><V98/><F105/><W23/><G9/><T25/><D12/><U29/><E56/><V52/><F52/><N who="0" m="20042" /><D91/><U85/><E50/><V108/><F108/><W21/><G38/><T106/><D97/><U35/><E46/><V41/><F34/><W15/><G61/><T10/><D106/><U110/><E110/><V22/><F39/><W74/><G74/><T67/><D67/><U5/><E4/><V114/><F114/><W20/><G77/><AGARI ba="0,0" hai="5,11,13,27,29,35,76,77,79,80,85,125,126,127" machi="77" ten="40,12000,1" yaku="18,1,52,3" doraHai="75" who="1" fromWho="3" sc="418,0,148,120,108,0,326,-120" /><INIT seed="1,1,0,5,4,83" ten="418,268,108,206" oya="1" hai0="126,34,26,66,92,127,124,103,130,3,36,43,11" hai1="80,93,75,89,4,122,38,70,131,110,54,86,52" hai2="25,9,97,15,72,23,101,117,60,71,58,112,61" hai3="121,17,45,64,129,84,31,114,62,119,57,22,42"/><U104/><E122/><V55/><F117/><W39/><G121/><T1/><D130/><U120/><E120/><V74/><F112/><W40/><G129/><T20/><D34/><U95/><E104/><V102/><F71/><W109/><G109/><T85/><D66/><U108/><E131/><V100/><F97/><W27/><G119/><T132/><D11/><U47/><E70/><V41/><F41/><W67/><G114/><T21/><D132/><U16/><E4/><V76/><F76/><W105/><G105/><T46/><D21/><U7/><E7/><V133/><F133/><W8/><G42/><T123/><D123/><U53/><E38/><V106/><F106/><W63/><G84/><T50/><D36/><U107/><E107/><V0/><F0/><W78/><G78/><T118/><D118/><U91/><E75/><V2/><F2/><W35/><G8/><T29/><D85/><N who="1" m="52399" /><E16/><V32/><F32/><W56/><REACH who="3" step="1"/><G35/><REACH who="3" ten="418,268,108,196" step="2"/><T5/><D127/><U68/><E110/><V94/><F74/><W96/><G96/><T113/><D113/><U30/><E108/><V87/><F72/><W82/><G82/><T10/><D126/><U69/><E80/><V134/><F134/><W135/><G135/><T18/><D124/><U48/><E86/><V24/><F87/><W49/><G49/><T90/><D50/><U128/><E48/><N who="2" m="31079" /><F94/><W116/><G116/><T88/><D92/><U59/><E128/><V81/><F81/><W44/><G44/><T79/><D46/><U99/><E47/><V51/><F51/><W125/><G125/><T6/><D79/><RYUUKYOKU ba="1,1" sc="418,-10,268,-10,108,-10,196,30" hai3="17,22,27,31,39,40,45,56,57,62,63,64,67" /><INIT seed="2,2,1,3,5,97" ten="408,258,98,226" oya="2" hai0="72,5,119,101,69,71,58,107,96,70,102,59,49" hai1="64,8,91,122,99,115,128,114,26,38,108,83,76" hai2="88,92,93,45,17,86,116,87,34,98,65,18,85" hai3="118,57,117,16,105,32,30,22,125,46,4,35,113"/><V75/><F116/><W27/><G105/><T104/><D72/><U80/><E38/><V54/><F34/><W84/><G125/><T33/><D33/><U42/><E42/><V120/><F120/><W111/><G111/><T9/><D119/><U47/><E47/><V2/><F2/><W110/><G110/><T51/><D51/><U100/><E26/><V1/><F1/><W77/><G113/><T41/><D41/><U126/><E8/><V63/><F75/><W39/><G4/><T28/><D28/><U130/><E64/><V52/><F93/><W56/><G32/><T37/><D37/><U67/><E67/><V25/><F45/><W20/><G35/><T73/><D73/><N who="1" m="43023" /><E122/><V127/><F127/><W23/><G39/><T12/><D49/><U43/><E43/><V103/><F103/><W40/><G46/><T36/><D36/><U124/><E108/><V0/><F0/><W90/><G77/><T60/><D60/><U68/><E68/><V61/><F61/><W79/><G79/><T11/><D11/><U19/><E19/><N who="2" m="7179" /><F25/><N who="3" m="14471" /><G40/><T31/><D31/><U50/><E50/><V55/><F63/><W29/><G118/><T135/><D70/><U78/><E126/><V81/><F65/><W6/><G6/><T15/><D5/><U106/><E91/><V89/><AGARI ba="2,1" hai="52,54,55,81,85,86,87,88,89,92,98" m="7179" machi="89" ten="30,6000,0" yaku="8,1,54,2" doraHai="97" who="2" fromWho="2" sc="408,-22,258,-22,98,76,226,-22" /><INIT seed="2,3,0,4,5,116" ten="386,236,174,204" oya="2" hai0="20,19,60,28,122,64,120,50,55,46,38,40,89" hai1="16,77,117,103,69,10,101,104,81,72,42,108,11" hai2="85,3,39,1,27,98,32,118,47,91,23,84,59" hai3="93,5,49,0,121,128,41,100,80,58,24,74,124"/><V68/><F118/><W15/><G0/><T70/><D89/><U129/><E117/><V127/><F127/><W114/><G124/><T109/><D28/><U34/><E34/><V12/><F68/><W95/><G128/><T126/><D109/><U66/><E108/><V44/><F32/><W110/><G110/><T83/><D83/><U133/><E133/><V2/><F12/><W94/><G114/><T17/><D126/><U113/><E113/><V75/><F75/><W99/><G121/><N who="0" m="46699" /><D20/><U130/><E42/><V86/><F39/><W92/><G24/><T61/><D61/><N who="1" m="40143" /><E16/><V56/><F98/><W54/><G41/><T76/><D76/><U65/><E65/><V134/><F91/><W52/><G74/><T131/><D131/><N who="1" m="50187" /><E104/><V107/><F107/><W105/><G80/><T123/><D123/><U125/><E125/><V33/><F33/><W29/><G29/><T111/><D111/><U87/><E72/><V43/><F134/><W6/><N who="3" m="23552" /><DORA hai="21" /><W88/><G88/><T73/><D73/><U14/><E14/><V37/><REACH who="2" step="1"/><F47/><REACH who="2" ten="386,236,164,204" step="2"/><W63/><REACH who="3" step="1"/><G15/><REACH who="3" ten="386,236,164,194" step="2"/><T7/><D38/><U82/><E82/><V45/><F45/><AGARI ba="3,2" hai="5,6,45,49,52,54,58,63,99,100,105" m="23552" machi="45" ten="50,6400,0" yaku="1,1,2,1,54,1,53,0" doraHai="116,21" doraHaiUra="119,112" who="3" fromWho="2" sc="386,0,236,0,164,-73,194,93" /><INIT seed="3,0,0,4,4,28" ten="386,236,91,287" oya="3" hai0="4,2,121,8,12,47,20,112,21,68,51,5,36" hai1="55,37,91,9,7,65,103,15,120,74,67,78,124" hai2="76,41,133,105,73,113,83,10,69,16,102,92,29" hai3="31,6,22,82,88,99,18,98,128,35,89,62,33"/><W122/><G122/><T116/><D121/><U134/><E120/><V110/><F113/><W32/><G128/><T115/><D116/><U27/><E37/><V119/><F119/><W77/><G31/><T61/><D36/><U34/><E124/><V14/><F133/><W95/><G6/><T19/><D21/><U81/><E134/><V90/><F110/><W117/><G117/><T93/><D93/><U108/><E103/><V57/><F69/><W43/><G43/><T106/><D106/><U94/><E108/><V85/><F29/><W0/><G0/><T86/><D86/><U72/><E72/><V111/><F111/><W1/><G1/><T59/><D5/><U3/><E34/><V39/><F39/><W49/><G49/><T126/><D68/><U60/><E27/><V58/><REACH who="2" step="1"/><F41/><REACH who="2" ten="386,236,81,287" step="2"/><W132/><G132/><T66/><D126/><U24/><E3/><V80/><F80/><W45/><G45/><T118/><D118/><U50/><E81/><V38/><F38/><W75/><G62/><T44/><D47/><U42/><E60/><V130/><F130/><W123/><G123/><T54/><AGARI ba="0,1" hai="2,4,8,12,19,20,44,51,54,59,61,66,112,115" machi="54" ten="30,1100,0" yaku="0,1" doraHai="28" who="0" fromWho="0" sc="386,21,236,-3,81,-3,287,-5" owari="407,50.7,233,-16.7,78,-42.2,282,8.2" /></mjloggm>