<mjloggm ver="2.3"><GO type="225" lobby="0"/><UN n0="%43%68%65" n1="%E5%B8%86%E7%AB%8B%E5%A4%8F%E8%A1%A3" n2="%4E%49%4A%49%49%52%4F" n3="%E3%81%A1%E3%82%85%E3%81%86%E3%81%A9%E3%81%8F%E8%B1%A1%E3%81%95%E3%82%93" dan="16,17,16,17" rate="2066.46,2169.99,2146.32,2147.46" sx="M,M,M,M"/><TAIKYOKU oya="0"/><INIT seed="0,0,0,1,1,71" ten="250,250,250,250" oya="0" hai0="73,6,30,24,119,103,81,31,88,97,56,61,53" hai1="114,86,21,70,113,123,37,98,4,40,17,94,55" hai2="54,135,77,111,65,101,93,63,50,128,62,122,64" hai3="78,35,117,69,16,11,58,3,89,112,87,52,68"/><T27/><BYE who="2" /><D119/><U12/><E123/><UN n2="%4E%49%4A%49%49%52%4F" /><V96/><F122/><W104/><G112/><N who="1" m="43114" /><E70/><V72/><F135/><W36/><G117/><T80/><D6/><U110/><E110/><V76/><F128/><W102/><G35/><T91/><D80/><U18/><E55/><V120/><F120/><W2/><G78/><N who="2" m="30313" /><F72/><W1/><G104/><T38/><D38/><U129/><E129/><V57/><F111/><W132/><G102/><T43/><D43/><U115/><N who="1" m="43122" /><U13/><DORA hai="25" /><E86/><V118/><F118/><W83/><G132/><T23/><D81/><U127/><E127/><V100/><F100/><W60/><REACH who="3" step="1"/><G36/><REACH who="3" ten="250,250,250,240" step="2"/><T28/><D73/><U133/><E133/><V116/><F116/><W121/><G121/><T99/><D99/><U42/><E37/><V9/><F96/><W75/><G75/><T7/><D7/><U92/><E98/><V15/><F101/><W0/><N who="3" m="0" /><DORA hai="90" /><W84/><G84/><T45/><D97/><U105/><E4/><V10/><F65/><W109/><G109/><T29/><D103/><U74/><E74/><V126/><F64/><W8/><G8/><T48/><D48/><U49/><E105/><V131/><F9/><W59/><G59/><T82/><D45/><N who="1" m="25767" /><E42/><V44/><F44/><W124/><G124/><T106/><D106/><U41/><E41/><V32/><F126/><W19/><G19/><N who="0" m="12415" /><D82/><U134/><E134/><V107/><F107/><W46/><G46/><T20/><AGARI ba="0,1" hai="20,27,28,29,30,31,53,56,61,88,91" m="12415" machi="20" ten="30,18000,2" yaku="8,1,52,4,54,1" doraHai="71,25,90" who="0" fromWho="0" sc="250,190,250,-60,250,-60,240,-60" /><INIT seed="0,1,0,1,1,91" ten="440,190,190,180" oya="0" hai0="51,112,78,1,96,88,67,39,2,7,134,8,3" hai1="80,65,5,18,106,95,13,35,54,119,90,27,82" hai2="87,110,26,118,22,41,31,59,14,130,50,56,121" hai3="32,116,133,46,69,44,127,62,79,20,92,43,58"/><T104/><D39/><U89/><E106/><V107/><F121/><W126/><G116/><T37/><D37/><U113/><E119/><V115/><F107/><W109/><G32/><T70/><D112/><U28/><E113/><V101/><F115/><W73/><G69/><T85/><D134/><U9/><E65/><V84/><F118/><W98/><G133/><T132/><D132/><U99/><E54/><V17/><F110/><W52/><G109/><T122/><D122/><U25/><E25/><V47/><F130/><W40/><G20/><T48/><D67/><U83/><REACH who="1" step="1"/><E5/><REACH who="1" ten="440,180,190,180" step="2"/><V63/><F101/><AGARI ba="1,1" hai="9,13,18,27,28,35,80,82,83,89,90,95,99,101" machi="101" ten="40,5200,0" yaku="1,1,2,1,52,1,53,0" doraHai="91" doraHaiUra="74" who="1" fromWho="2" sc="440,0,180,65,190,-55,180,0" /><INIT seed="1,0,0,3,0,4" ten="440,245,135,180" oya="1" hai0="93,135,76,115,19,109,90,21,106,82,131,134,61" hai1="74,75,24,103,86,46,40,52,37,83,1,58,15" hai2="128,11,70,105,60,30,14,16,87,124,56,44,119" hai3="68,7,3,49,64,42,110,113,67,117,47,88,81"/><U69/><E1/><V45/><F119/><W50/><G113/><T35/><D35/><U18/><E103/><V94/><F105/><W55/><G110/><T129/><D106/><U65/><E24/><V66/><F70/><W25/><G117/><T100/><D100/><U10/><E69/><V17/><F128/><N who="0" m="49226" /><D109/><U108/><E65/><V59/><F124/><W57/><G25/><N who="0" m="14527" /><D61/><U130/><E130/><V99/><F30/><W95/><G81/><T85/><D115/><U71/><E71/><V107/><F107/><W31/><G31/><T102/><D102/><U111/><E111/><V78/><F56/><W8/><REACH who="3" step="1"/><G68/><REACH who="3" ten="440,245,135,170" step="2"/><T114/><D114/><U125/><E108/><V123/><F123/><W126/><G126/><T116/><D116/><U104/><E125/><V72/><F72/><AGARI ba="0,1" hai="72,76,82,85,90,93,134,135" m="14527,49226" machi="72" ten="30,1000,0" yaku="19,1" doraHai="4" who="0" fromWho="2" sc="440,20,245,0,135,-10,170,0" /><INIT seed="2,0,0,5,4,127" ten="460,245,125,170" oya="2" hai0="8,99,119,98,44,95,128,26,28,23,39,14,61" hai1="50,86,129,18,108,104,93,96,58,133,79,118,52" hai2="126,113,123,25,105,24,77,21,115,47,110,87,33" hai3="114,107,54,12,88,116,80,9,2,90,51,76,112"/><V42/><F123/><W13/><G107/><T16/><D128/><U125/><E129/><V5/><F105/><W135/><G2/><T68/><D119/><U130/><E130/><V43/><F126/><W57/><G116/><T70/><D99/><U75/><E108/><V10/><F110/><W101/><G101/><T84/><D84/><U48/><E133/><V38/><F42/><W71/><G71/><T4/><D39/><U103/><E118/><V62/><F62/><W19/><G12/><T55/><D4/><U63/><E125/><V85/><F33/><W67/><G67/><T120/><D120/><U106/><E106/><V131/><F131/><W3/><G3/><T0/><D0/><U7/><E7/><V102/><F102/><W46/><G57/><T11/><D11/><U100/><E100/><V29/><F24/><W65/><G65/><T6/><D28/><U56/><E56/><V72/><F72/><W94/><G135/><T91/><D44/><U32/><E32/><V97/><F97/><N who="3" m="57543" /><G76/><T60/><D60/><U17/><E75/><V37/><F37/><W121/><G121/><T20/><D20/><U124/><E124/><V117/><F117/><W109/><G109/><T53/><D53/><U22/><E104/><V27/><F27/><W81/><G81/><T132/><D132/><U34/><E34/><V78/><F78/><W1/><G1/><T59/><AGARI ba="0,0" hai="6,8,14,16,23,26,55,59,61,68,70,91,95,98" machi="59" ten="30,7900,0" yaku="0,1,25,2,54,1" doraHai="127" who="0" fromWho="0" sc="460,79,245,-20,125,-39,170,-20" /><INIT seed="3,0,0,1,1,19" ten="539,225,86,150" oya="3" hai0="81,20,43,58,10,62,0,92,119,61,63,70,100" hai1="74,5,102,126,115,87,54,42,24,117,35,1,97" hai2="41,116,130,103,30,104,78,57,105,77,13,76,86" hai3="34,14,56,73,2,38,6,68,8,112,82,123,49"/><W132/><G123/><T109/><D119/><U53/><E74/><V125/><F116/><W94/><G112/><T18/><D70/><U111/><E115/><V118/><F118/><W72/><G68/><T131/><D43/><U11/><E117/><V15/><F125/><W75/><G132/><T69/><D69/><U122/><E111/><V85/><F130/><W91/><G38/><T107/><D107/><U113/><E113/><V26/><F41/><W88/><G34/><T64/><D81/><U25/><E126/><V120/><F120/><W99/><G2/><T96/><D109/><U84/><E42/><V66/><F103/><W3/><G3/><T108/><D131/><U45/><E25/><V60/><F105/><W80/><REACH who="3" step="1"/><G91/><REACH who="3" ten="539,225,86,140" step="2"/><T89/><D108/><U135/><E135/><V33/><F104/><W28/><G28/><T95/><D0/><U44/><E122/><V29/><F29/><W128/><G128/><T121/><D121/><U55/><E35/><V27/><F33/><W90/><G90/><T48/><D89/><U127/><E127/><V110/><F110/><W52/><AGARI ba="0,1" hai="6,8,14,49,52,56,72,73,75,80,82,88,94,99" machi="52" ten="40,12000,1" yaku="1,1,0,1,54,2,53,0" doraHai="19" doraHaiUra="16" who="3" fromWho="3" sc="539,-40,225,-40,86,-40,140,130" /><INIT seed="3,1,0,4,1,93" ten="499,185,46,270" oya="3" hai0="50,135,92,16,123,82,52,108,5,60,66,125,106" hai1="69,14,107,73,15,31,4,28,65,122,27,47,7" hai2="79,83,6,84,46,22,0,35,119,103,117,113,38" hai3="26,54,1,19,51,91,81,97,132,10,33,102,67"/><W120/><G120/><T43/><D106/><U29/><E73/><V9/><F113/><W130/><G67/><T12/><D123/><U95/><E107/><V64/><F64/><W34/><G132/><T86/><D135/><U78/><E78/><V90/><F22/><W105/><G130/><T112/><D43/><U129/><E47/><V40/><F103/><W77/><G91/><T109/><D5/><N who="1" m="2123" /><E95/><V11/><F11/><W49/><G49/><T85/><D92/><U30/><E69/><V70/><F70/><W61/><G61/><T80/><D112/><U36/><E36/><V74/><REACH who="2" step="1"/><F35/><REACH who="2" ten="499,185,36,270" step="2"/><W2/><G33/><T59/><D125/><U96/><E65/><V8/><F8/><W32/><G32/><T48/><D48/><U75/><E122/><V58/><F58/><W45/><G34/><T62/><D62/><U101/><E101/><V41/><F41/><W13/><REACH who="3" step="1"/><G26/><REACH who="3" ten="499,185,36,260" step="2"/><T63/><D63/><U37/><E27/><V110/><F110/><W98/><G98/><T44/><D109/><U71/><E96/><V88/><F88/><W87/><AGARI ba="1,2" hai="1,2,10,13,19,45,51,54,77,81,87,97,102,105" machi="87" ten="20,7800,0" yaku="1,1,0,1,7,1,52,1,53,0" doraHai="93" doraHaiUra="89" who="3" fromWho="3" sc="499,-27,185,-27,36,-27,260,101" /><INIT seed="3,2,0,2,5,10" ten="472,158,9,361" oya="3" hai0="57,40,113,72,98,130,88,59,30,2,15,37,1" hai1="55,18,122,74,112,123,109,5,66,61,17,49,94" hai2="26,110,38,102,100,128,29,33,95,3,12,106,108" hai3="14,81,101,103,6,54,36,73,46,90,80,76,34"/><W60/><G34/><T83/><D30/><U107/><E94/><V77/><F77/><W9/><G36/><T135/><D72/><U24/><E5/><V118/><F95/><W64/><G46/><T23/><D40/><U31/><E74/><V11/><F38/><W131/><G54/><T70/><D70/><U89/><E89/><V52/><F102/><W78/><G90/><T62/><D37/><U85/><E85/><V4/><F100/><W22/><G22/><T65/><D59/><U93/><E93/><V43/><F43/><W121/><G121/><T79/><D79/><U111/><E107/><V27/><F106/><W105/><G131/><T71/><D71/><U67/><E55/><V87/><F87/><W133/><G133/><T127/><D130/><U75/><E75/><V7/><F52/><W96/><G103/><T129/><D135/><U21/><E49/><V20/><F128/><W104/><G104/><T42/><D129/><U56/><E56/><V50/><F50/><W0/><G0/><T44/><D2/><U125/><E61/><V91/><F91/><W68/><G73/><T48/><D1/><U41/><E41/><V63/><F63/><W69/><G68/><T58/><D58/><U16/><E67/><V117/><F110/><W35/><G35/><T45/><D65/><U99/><E66/><V51/><F51/><W13/><REACH who="3" step="1"/><G14/><REACH who="3" ten="472,158,9,351" step="2"/><T120/><D15/><U97/><E123/><V19/><F108/><W8/><G8/><T32/><D45/><U86/><E122/><V114/><F114/><W134/><G134/><T132/><D113/><RYUUKYOKU ba="2,1" sc="472,-15,158,-15,9,15,351,15" hai2="3,4,7,11,12,19,20,26,27,29,33,117,118" hai3="6,9,13,60,64,69,76,78,80,81,96,101,105" /><INIT seed="3,3,1,0,1,71" ten="457,143,24,366" oya="3" hai0="20,96,27,42,97,119,62,78,125,33,120,39,37" hai1="2,56,129,81,51,111,18,131,30,126,10,16,118" hai2="109,99,11,54,87,133,24,80,105,44,8,130,58" hai3="104,108,64,101,88,94,134,55,79,35,73,15,132"/><W45/><G35/><T135/><D119/><U34/><E118/><V74/><F109/><W3/><G3/><T91/><D120/><U50/><E111/><V47/><F130/><W124/><G64/><T95/><D33/><U66/><E81/><V48/><F133/><N who="3" m="51307" /><G108/><T41/><D135/><U113/><E126/><V9/><F74/><W103/><G124/><T76/><D125/><U98/><E51/><V38/><F38/><W52/><G104/><T5/><D5/><U77/><E50/><V6/><F105/><W68/><G68/><T82/><D39/><U122/><E66/><V114/><F114/><W31/><G31/><N who="0" m="17895" /><D37/><U0/><E30/><V123/><F123/><W4/><G79/><N who="0" m="30251" /><D82/><U127/><E34/><V69/><F69/><W57/><G73/><T116/><D116/><U72/><E122/><V1/><F99/><N who="0" m="37962" /><D62/><U59/><E56/><V22/><F1/><W115/><G115/><T89/><D95/><U110/><E98/><V67/><F6/><W121/><G121/><T28/><D28/><U13/><E113/><V86/><F80/><W21/><G45/><T7/><D7/><U36/><E77/><V19/><F47/><W17/><G4/><T63/><D63/><U46/><E127/><V49/><F67/><W92/><G92/><T26/><D26/><U100/><E110/><V53/><F44/><W43/><G43/><AGARI ba="3,1" hai="41,42,43,89,91" m="37962,30251,17895" machi="43" ten="30,1000,0" yaku="8,1" doraHai="71" who="0" fromWho="3" sc="457,29,143,0,24,0,366,-19" owari="486,58.6,143,-25.7,24,-47.6,347,14.7" /></mjloggm>