<mjloggm ver="2.3"><GO type="225" lobby="0"/><UN n0="%E3%83%AD%E3%83%83%E3%83%86%E9%9B%80%E7%90%83" n1="%E6%9C%9D%E6%97%A5" n2="%E3%81%A1%E3%82%85%E3%81%86%E3%81%A9%E3%81%8F%E8%B1%A1%E3%81%95%E3%82%93" n3="%E6%B2%A1%E7%94%B7" dan="17,17,16,16" rate="2283.47,2165.51,2071.39,2083.06" sx="M,M,M,M"/><TAIKYOKU oya="0"/><INIT seed="0,0,0,1,3,62" ten="250,250,250,250" oya="0" hai0="9,73,46,97,75,41,51,37,67,23,133,30,86" hai1="110,7,49,76,32,127,99,117,129,125,19,26,57" hai2="8,3,131,58,64,33,72,36,53,120,95,0,122" hai3="74,84,90,112,10,12,111,134,118,132,121,20,135"/><T89/><D133/><U17/><E117/><V59/><F33/><W47/><G118/><T68/><D97/><U29/><E76/><V94/><F72/><W42/><G74/><T79/><D79/><U24/><E99/><V25/><F36/><W81/><G112/><T96/><D96/><U1/><E49/><V87/><F25/><W108/><G20/><T116/><D116/><U4/><E57/><V101/><F131/><W15/><G121/><T109/><D9/><U6/><E1/><V105/><F105/><W63/><G63/><N who="0" m="40063" /><D23/><N who="1" m="13423" /><E129/><V130/><F130/><W60/><G60/><T66/><D30/><U128/><E128/><V114/><F8/><W123/><G123/><T61/><D73/><U100/><E100/><V27/><F101/><W106/><G106/><T48/><D75/><U103/><E103/><V44/><F114/><W98/><G98/><T124/><D89/><U28/><E28/><V18/><F120/><W82/><G10/><T22/><D86/><U45/><E45/><V5/><F87/><W91/><G47/><T93/><D46/><U54/><E54/><V78/><F53/><W38/><G84/><T69/><D48/><U39/><E39/><V92/><F44/><N who="3" m="23639" /><G91/><T119/><D51/><U71/><E71/><V31/><F122/><W65/><G90/><T11/><D69/><U88/><E88/><V21/><F78/><W85/><G85/><T43/><D37/><U50/><E50/><V56/><F31/><W13/><G13/><T16/><D119/><U52/><E32/><V35/><F35/><W83/><G65/><T107/><D66/><RYUUKYOKU ba="0,0" sc="250,-10,250,-10,250,-10,250,30" hai3="12,15,81,82,83,108,111,132,134,135" /><INIT seed="1,1,0,0,2,91" ten="240,240,240,280" oya="1" hai0="37,108,10,4,17,56,30,130,78,87,111,34,123" hai1="76,90,54,44,18,97,126,109,120,118,61,36,31" hai2="129,79,59,67,5,60,12,135,64,48,8,15,3" hai3="94,24,105,133,41,38,40,57,122,112,29,132,65"/><U83/><E118/><V114/><F129/><W86/><G122/><T32/><D37/><U0/><E120/><V43/><F135/><N who="3" m="51787" /><G105/><T13/><D123/><U53/><E0/><V9/><F114/><W71/><G71/><T77/><D130/><U100/><E90/><V134/><F134/><W7/><G7/><T104/><D104/><U110/><E31/><V115/><F115/><W2/><G2/><N who="0" m="279" /><D56/><U121/><E18/><V22/><F79/><N who="0" m="30218" /><D87/><U55/><E121/><V84/><F84/><W28/><G86/><T101/><D101/><U85/><E61/><V6/><F3/><W62/><G38/><T68/><D68/><U81/><E81/><V80/><F80/><W82/><G82/><T21/><D34/><U75/><E85/><V99/><F99/><W107/><G107/><T16/><D17/><U52/><E126/><V89/><F89/><W113/><G113/><T131/><D131/><U33/><E33/><V88/><F88/><W25/><G112/><T125/><D125/><U128/><E128/><V47/><REACH who="2" step="1"/><F22/><REACH who="2" ten="240,240,230,280" step="2"/><N who="3" m="15383" /><G94/><T103/><D103/><U117/><E117/><V96/><F96/><W42/><G42/><T73/><D73/><U93/><N who="1" m="13312" /><DORA hai="35" /><U39/><REACH who="1" step="1"/><E44/><REACH who="1" ten="240,230,230,280" step="2"/><V19/><F19/><W98/><G98/><T69/><D16/><U26/><E26/><V11/><F11/><W95/><G25/><T106/><D32/><U102/><E102/><V66/><AGARI ba="1,2" hai="5,6,8,9,12,15,43,47,48,59,60,64,66,67" machi="66" ten="20,12000,2" yaku="1,1,0,1,7,1,9,1,8,1,53,1" doraHai="91,35" doraHaiUra="45,23" who="2" fromWho="2" sc="240,-31,230,-61,230,143,280,-31" /><INIT seed="2,0,0,0,2,127" ten="209,169,373,249" oya="2" hai0="70,14,118,31,60,44,38,6,132,74,84,61,49" hai1="29,100,106,24,98,39,54,59,1,47,16,28,51" hai2="130,8,115,135,120,71,26,76,108,33,43,101,109" hai3="63,129,131,53,41,48,15,89,91,75,128,3,123"/><V12/><F120/><W32/><G3/><T67/><D74/><U73/><E73/><V68/><F43/><W78/><G123/><T113/><D113/><U55/><E1/><V4/><F115/><W13/><G32/><T45/><D132/><U92/><E39/><V52/><F76/><W87/><G41/><N who="0" m="22583" /><D14/><N who="3" m="5129" /><G63/><N who="0" m="40319" /><D84/><U23/><REACH who="1" step="1"/><E106/><REACH who="1" ten="209,159,373,249" step="2"/><V116/><F135/><W99/><G75/><T9/><D6/><U133/><E133/><V124/><F4/><W65/><G131/><T27/><D9/><U97/><E97/><V10/><F130/><N who="3" m="50283" /><G99/><T122/><D122/><U62/><AGARI ba="0,1" hai="16,23,24,28,29,47,51,54,55,59,62,92,98,100" machi="62" ten="20,8000,1" yaku="1,1,0,1,7,1,8,1,54,1,53,0" doraHai="127" doraHaiUra="104" who="1" fromWho="1" sc="209,-20,159,90,373,-40,249,-20" /><INIT seed="3,0,0,1,5,122" ten="189,249,333,229" oya="3" hai0="20,60,21,101,81,112,40,56,1,35,14,102,130" hai1="107,8,70,10,6,3,48,97,111,96,98,32,65" hai2="116,7,38,51,66,132,93,62,118,90,104,30,78" hai3="120,24,114,129,18,46,4,84,52,117,86,19,61"/><W57/><G114/><T26/><D130/><U0/><E32/><V33/><F38/><W110/><G117/><T128/><D128/><U88/><E111/><V55/><F104/><W16/><G120/><T37/><D1/><U126/><E126/><V28/><F7/><W135/><G129/><T73/><D112/><U54/><E65/><V58/><F78/><W94/><G135/><T133/><D133/><U9/><E70/><V79/><F79/><W105/><G105/><T80/><D37/><U127/><E127/><V113/><F113/><W42/><G4/><T39/><D39/><U23/><E107/><V2/><F2/><W36/><G110/><T44/><D73/><U17/><E6/><V83/><F83/><W59/><G94/><T49/><D35/><U131/><E131/><V106/><F106/><W75/><G75/><T125/><D125/><U89/><E0/><V85/><F132/><W50/><REACH who="3" step="1"/><G24/><REACH who="3" ten="189,249,333,219" step="2"/><T108/><D108/><U31/><E3/><V11/><F118/><W87/><G87/><T63/><D81/><U74/><E74/><V77/><F116/><W27/><G27/><T82/><D82/><U91/><E31/><V134/><F134/><W68/><G68/><T67/><D80/><U100/><E100/><V43/><F30/><W92/><G92/><T22/><D26/><N who="1" m="14703" /><E89/><V29/><F77/><W103/><G103/><N who="0" m="39435" /><D14/><U45/><AGARI ba="0,1" hai="8,9,10,45,48,54,88,91,96,97,98" m="14703" machi="45" ten="30,2000,0" yaku="8,1,54,1" doraHai="122" who="1" fromWho="1" sc="189,-5,249,30,333,-5,219,-10" owari="184,-31.6,279,7.9,328,42.8,209,-19.1" /></mjloggm>