<mjloggm ver="2.3"><GO type="225" lobby="0"/><UN n0="%E3%81%BF%E3%81%BF%E3%81%9A" n1="%E3%81%B5%E3%81%98%E3%81%8B%E3%81%A4" n2="%E3%81%B2%E3%81%AA%E3%81%AE%E3%82%8A%E3%81%8F" n3="%E3%82%BC%E3%83%AB%E3%83%80%E3%81%AE%E4%BC%9D%E8%AA%AC" dan="18,16,17,18" rate="2252.54,2152.53,2204.47,2208.33" sx="M,M,M,M"/><TAIKYOKU oya="0"/><INIT seed="0,0,0,0,2,128" ten="250,250,250,250" oya="0" hai0="34,38,25,18,45,47,19,21,87,12,62,79,69" hai1="61,60,33,131,15,37,76,9,121,84,17,130,52" hai2="100,53,111,58,114,11,20,55,127,119,77,90,135" hai3="27,132,8,80,85,0,64,72,44,42,32,89,2"/><T120/><D120/><U35/><E121/><V106/><F114/><W57/><G72/><T123/><D123/><U125/><E37/><V59/><F111/><W118/><G118/><T31/><D38/><U74/><E74/><V133/><F119/><W1/><G64/><T93/><D69/><U129/><E125/><V3/><F127/><W78/><G57/><N who="2" m="21513" /><F77/><W41/><G132/><N who="2" m="50761" /><F90/><W40/><G89/><T30/><D62/><N who="1" m="24171" /><E52/><N who="2" m="20043" /><F20/><W5/><G44/><N who="0" m="16971" /><D34/><U99/><E99/><N who="2" m="61727" /><F3/><W65/><G65/><T22/><D93/><U48/><E48/><V39/><F39/><W86/><G86/><T92/><D92/><U97/><E76/><V46/><F46/><W14/><G32/><T96/><D96/><U94/><E84/><V7/><F7/><W81/><G81/><AGARI ba="0,0" hai="12,18,19,21,22,25,30,31,79,81,87" m="16971" machi="81" ten="30,1500,0" yaku="8,1" doraHai="128" who="0" fromWho="3" sc="250,15,250,0,250,0,250,-15" /><INIT seed="0,1,0,0,4,132" ten="265,250,250,235" oya="0" hai0="7,68,14,74,19,97,107,83,67,52,36,10,92" hai1="93,87,115,80,16,64,101,20,51,26,113,50,102" hai2="91,108,60,63,114,109,40,117,121,11,129,21,37" hai3="23,130,1,72,56,13,53,32,133,6,29,98,90"/><T30/><D36/><U4/><E64/><V71/><F121/><W25/><G72/><T112/><D112/><N who="1" m="43083" /><E4/><V24/><F114/><W2/><G133/><T41/><D41/><U5/><E5/><V104/><F129/><W47/><G130/><T42/><D42/><U116/><E116/><V84/><F104/><W12/><G47/><T89/><D30/><U54/><E93/><V105/><F105/><W49/><G13/><T120/><D120/><U55/><E55/><V131/><F131/><W27/><G98/><T39/><D39/><U118/><E118/><V66/><F117/><W70/><G70/><T125/><D107/><U119/><E119/><V58/><F40/><W75/><G75/><T76/><D68/><U135/><E135/><V31/><F11/><W95/><G6/><T123/><D67/><U78/><E50/><V127/><F37/><W8/><G8/><T106/><D123/><U18/><E18/><V128/><F128/><W22/><G12/><T65/><D65/><U111/><E111/><N who="2" m="42571" /><F63/><W62/><G49/><T122/><D122/><U46/><AGARI ba="1,0" hai="16,20,26,46,51,54,78,80,87,101,102" m="43083" machi="46" ten="30,2000,0" yaku="11,1,54,1" doraHai="132" who="1" fromWho="1" sc="265,-11,250,23,250,-6,235,-6" /><INIT seed="1,0,0,0,2,0" ten="254,273,244,229" oya="1" hai0="33,15,134,80,17,5,79,7,40,57,86,55,93" hai1="114,24,78,52,123,53,21,72,132,120,88,121,34" hai2="9,2,110,103,126,97,113,69,39,43,47,26,19" hai3="46,116,68,89,71,4,100,76,117,8,58,75,12"/><U32/><E114/><V96/><F113/><W127/><G100/><T10/><D134/><U70/><E70/><V73/><F69/><W109/><G109/><T36/><D33/><U130/><E130/><V115/><F115/><W1/><G127/><T92/><D40/><U65/><E65/><V13/><F110/><W95/><G58/><T44/><D44/><U63/><E132/><V90/><F73/><W14/><G46/><T74/><D36/><U91/><E78/><V38/><F126/><W112/><G112/><T66/><D66/><U48/><E72/><V64/><F64/><W111/><G111/><T67/><D67/><U23/><E63/><V87/><F2/><W125/><G125/><T129/><D129/><U27/><E121/><V49/><F26/><W42/><G42/><T104/><D104/><U50/><AGARI ba="0,0" hai="21,23,24,27,32,34,48,50,52,53,88,91,120,123" machi="50" ten="25,12000,1" yaku="0,1,22,2,54,2" doraHai="0" who="1" fromWho="1" sc="254,-40,273,120,244,-40,229,-40" /><INIT seed="1,1,0,2,3,69" ten="214,393,204,189" oya="1" hai0="129,131,47,123,100,31,32,57,33,114,80,34,105" hai1="98,67,9,121,122,8,106,134,42,73,48,52,108" hai2="88,113,116,7,45,75,43,78,58,3,95,6,65" hai3="124,97,59,84,53,87,82,119,12,96,130,22,103"/><U40/><E73/><V60/><F116/><W10/><G124/><T15/><D114/><U127/><E127/><V68/><F113/><W2/><G130/><N who="0" m="49675" /><D123/><U1/><E67/><V81/><F68/><W27/><G2/><T125/><D125/><U85/><E85/><V90/><F90/><W111/><G111/><T77/><D57/><U92/><E134/><V21/><F21/><W54/><G119/><T17/><D47/><U37/><E106/><V70/><F3/><W13/><G103/><T120/><D120/><U89/><E108/><V39/><REACH who="2" step="1"/><F70/><REACH who="2" ten="214,393,194,189" step="2"/><W5/><G13/><T19/><D15/><U41/><E1/><V44/><F44/><W61/><G53/><T76/><D76/><U64/><E122/><V86/><AGARI ba="1,1" hai="6,7,39,43,45,58,60,65,75,78,81,86,88,95" machi="86" ten="20,12000,2" yaku="1,1,0,1,7,1,52,1,54,1,53,1" doraHai="69" doraHaiUra="74" who="2" fromWho="2" sc="214,-31,393,-61,194,133,189,-31" /><INIT seed="2,0,0,2,4,122" ten="183,332,327,158" oya="2" hai0="66,19,14,84,39,116,0,2,48,42,38,27,30" hai1="82,89,118,15,117,83,3,23,46,123,28,21,99" hai2="61,50,26,88,11,31,106,20,79,97,36,126,25" hai3="12,103,87,104,29,92,115,57,86,96,54,60,44"/><V63/><F36/><W119/><G119/><T17/><D116/><U102/><E123/><V32/><F126/><W34/><G115/><T101/><D101/><U55/><E3/><V127/><F127/><W53/><G104/><T76/><D66/><U58/><E46/><V6/><F79/><W77/><G34/><T1/><D48/><U56/><E118/><V114/><F50/><W94/><G29/><T112/><D112/><U124/><E124/><V59/><F59/><W33/><G33/><T8/><D17/><N who="1" m="10431" /><E102/><V69/><F69/><W91/><G12/><T16/><D19/><U40/><E40/><V134/><F134/><W68/><G68/><T133/><D133/><U107/><E58/><V108/><F106/><W95/><G77/><T52/><D52/><U47/><E47/><V130/><F130/><W35/><G35/><T71/><D42/><U37/><E37/><V132/><F132/><W75/><G75/><T74/><D74/><U65/><E65/><V49/><F32/><W128/><G128/><T24/><D71/><U41/><E41/><V93/><F114/><W85/><REACH who="3" step="1"/><G103/><REACH who="3" ten="183,332,327,148" step="2"/><T100/><D100/><U73/><E73/><V90/><F31/><W62/><G62/><T45/><D27/><N who="1" m="16511" /><E107/><V135/><F135/><W72/><G72/><T129/><D129/><U110/><E117/><V22/><F26/><W81/><G81/><N who="0" m="47143" /><D30/><U67/><E83/><V121/><F25/><W4/><G4/><T120/><D120/><U105/><E82/><V78/><F121/><W109/><G109/><T131/><D24/><U51/><E105/><V98/><F6/><RYUUKYOKU ba="0,1" sc="183,-10,332,-10,327,-10,148,30" hai3="44,53,54,57,60,85,86,87,91,92,94,95,96" /><INIT seed="3,1,1,1,5,23" ten="173,322,317,178" oya="3" hai0="94,110,132,0,108,63,61,62,43,133,9,48,52" hai1="37,103,135,25,130,99,7,58,78,95,49,77,45" hai2="107,22,102,10,57,1,79,114,55,73,5,109,74" hai3="27,51,16,112,18,21,26,30,128,3,76,101,36"/><W75/><G36/><T100/><D43/><N who="1" m="24767" /><E130/><V6/><F114/><W115/><G101/><T84/><D9/><U46/><E37/><V91/><F109/><N who="0" m="42090" /><D0/><U34/><E34/><V97/><F6/><W85/><G75/><T113/><D113/><U14/><E25/><V69/><F69/><W123/><G123/><T80/><D94/><N who="1" m="58871" /><E135/><N who="0" m="51785" /><D100/><U24/><E24/><V119/><F119/><W81/><G128/><T131/><D131/><U127/><E127/><V8/><F8/><W86/><G3/><T87/><D80/><U106/><E106/><V72/><F22/><N who="3" m="13639" /><G112/><T92/><D92/><U67/><E95/><V32/><F32/><W64/><G115/><T96/><D96/><U59/><E46/><AGARI ba="1,1" hai="46,48,52,61,62,63,84,87" m="51785,42090" machi="46" ten="40,5200,0" yaku="14,1,20,1,54,1" doraHai="23" who="0" fromWho="1" sc="173,65,322,-55,317,0,178,0" owari="238,-16.2,267,6.7,317,41.7,178,-32.2" /></mjloggm>