<mjloggm ver="2.3"><GO type="225" lobby="0"/><UN n0="%E3%81%B8%E3%82%80%E3%81%B8%E3%82%80%EF%BC%92%E5%8F%B7" n1="%72%61%6B%33" n2="%E3%81%9F%E3%81%A3%E3%81%A1%E3%82%87" n3="%E6%80%AA%E3%81%97%E3%81%99%E3%81%8E%E3%82%8B%E3%83%81%E3%83%BC" dan="17,16,16,16" rate="2215.95,2217.13,2100.98,2200.57" sx="M,M,M,M"/><TAIKYOKU oya="0"/><INIT seed="0,0,0,0,2,133" ten="250,250,250,250" oya="0" hai0="36,43,50,83,25,71,46,7,51,69,62,33,65" hai1="97,106,122,40,4,5,10,68,20,60,82,66,128" hai2="126,119,19,102,3,132,94,53,34,85,57,114,113" hai3="37,84,42,31,80,58,90,21,55,131,13,1,14"/><T107/><D107/><U64/><E122/><V93/><F132/><W32/><G1/><T100/><D100/><U123/><E123/><V121/><F3/><W120/><G120/><T15/><D83/><U52/><E128/><V112/><F121/><W72/><G131/><T109/><D109/><U124/><E124/><V49/><F34/><W75/><G32/><T129/><D129/><U127/><E127/><V28/><F126/><W11/><G42/><T0/><D0/><U88/><E40/><V77/><F28/><W86/><G86/><T70/><D15/><U26/><E106/><V78/><F119/><W29/><G37/><T2/><D51/><U23/><E23/><V135/><F135/><W22/><G75/><T61/><D50/><U117/><E117/><V125/><F125/><W89/><G89/><T111/><D61/><U103/><E103/><V105/><F105/><W27/><G72/><T17/><D17/><U59/><E68/><V44/><F19/><W98/><G98/><T104/><D104/><U92/><E82/><V110/><F110/><W115/><G115/><T116/><D116/><U6/><E10/><V76/><F102/><W56/><G11/><N who="0" m="2551" /><D111/><U48/><E48/><V47/><REACH who="2" step="1"/><F94/><REACH who="2" ten="250,250,240,250" step="2"/><W12/><G29/><AGARI ba="0,1" hai="25,29,33,36,43,46,62,65,69,70,71" m="2551" machi="29" ten="30,2900,0" yaku="33,2" doraHai="133" who="0" fromWho="3" sc="250,39,250,0,240,0,250,-29" /><AGARI ba="0,0" hai="4,5,6,20,26,29,52,59,60,64,66,88,92,97" machi="29" ten="40,5200,0" yaku="8,1,54,2" doraHai="133" who="1" fromWho="3" sc="289,0,250,52,240,0,221,-52" /><INIT seed="0,1,0,5,1,65" ten="289,302,240,169" oya="0" hai0="109,1,54,9,55,23,53,103,31,104,48,97,33" hai1="85,7,94,29,36,12,52,122,83,95,40,128,30" hai2="119,81,24,70,22,113,32,18,133,8,37,19,63" hai3="27,111,38,46,99,26,44,45,96,107,134,102,115"/><T91/><D33/><U120/><E128/><V21/><F113/><W56/><G115/><T123/><D123/><U67/><E67/><V14/><F37/><W98/><G38/><T49/><D109/><U77/><E36/><V34/><F81/><W4/><G111/><T125/><D125/><U74/><E40/><V47/><F47/><W106/><G4/><T6/><REACH who="0" step="1"/><D91/><REACH who="0" ten="279,302,240,169" step="2"/><U126/><E126/><V57/><F119/><W17/><G134/><T11/><D11/><U130/><E122/><V75/><F133/><W39/><G39/><T15/><D15/><U25/><E12/><V50/><F8/><W114/><G114/><T101/><D101/><U117/><E120/><V87/><F32/><W0/><G0/><T86/><D86/><U13/><E13/><V100/><F34/><W88/><G88/><T84/><D84/><U2/><E85/><V68/><F100/><W64/><G102/><T76/><D76/><U82/><E2/><V93/><F75/><W90/><G90/><T41/><D41/><U20/><E74/><V62/><F87/><W51/><G27/><AGARI ba="1,1" hai="1,6,9,23,27,31,48,49,53,54,55,97,103,104" machi="27" ten="40,2000,0" yaku="1,1,53,0" doraHai="65" doraHaiUra="105" who="0" fromWho="3" sc="279,33,302,0,240,0,169,-23" /><INIT seed="0,2,0,5,3,63" ten="312,302,240,146" oya="0" hai0="72,35,112,107,42,119,86,79,87,111,30,4,98" hai1="115,71,24,69,89,1,108,95,123,12,121,11,103" hai2="13,5,57,127,18,96,65,59,60,23,134,14,8" hai3="122,36,106,92,33,32,74,120,67,66,78,132,37"/><T126/><D112/><U64/><E115/><V22/><F127/><W58/><G106/><T3/><D119/><U82/><E1/><V104/><F134/><W34/><G132/><T28/><D126/><U118/><E118/><V117/><F117/><W73/><G92/><T68/><D68/><U128/><E108/><V81/><F81/><N who="3" m="45263" /><G58/><T94/><D111/><U105/><E128/><V15/><F104/><W0/><G0/><T56/><D42/><U97/><E24/><V125/><F125/><W44/><G74/><T38/><D38/><N who="3" m="14953" /><G44/><T45/><D45/><U113/><E113/><V129/><F129/><W55/><G55/><T75/><D107/><U62/><E71/><V124/><F124/><W26/><G26/><T51/><D56/><U85/><REACH who="1" step="1"/><E105/><REACH who="1" ten="312,292,240,146" step="2"/><V80/><F13/><W41/><G41/><T46/><D3/><U90/><E90/><V2/><F14/><W109/><G109/><T50/><D79/><U130/><E130/><V19/><F15/><W76/><G76/><T70/><D70/><U116/><E116/><V47/><F2/><W39/><N who="3" m="14961" /><W7/><DORA hai="54" /><G7/><AGARI ba="2,1" hai="7,11,12,62,64,69,82,85,89,95,97,103,121,123" machi="7" ten="30,3900,0" yaku="1,1,7,1,52,1,53,0" doraHai="63,54" doraHaiUra="27,114" who="1" fromWho="3" sc="312,0,292,55,240,0,146,-45" /><INIT seed="1,0,0,0,0,92" ten="312,347,240,101" oya="1" hai0="44,133,121,60,102,69,61,37,32,105,129,99,134" hai1="90,101,63,130,100,94,126,0,118,123,42,82,108" hai2="54,62,66,84,112,19,72,117,127,75,71,79,124" hai3="55,47,64,11,50,9,116,13,15,68,109,23,67"/><U107/><E0/><V81/><F117/><W16/><G116/><T78/><D121/><U74/><E42/><V22/><F112/><W98/><G109/><T51/><D129/><U59/><E118/><V41/><F54/><W38/><G68/><T80/><D37/><U43/><E43/><V103/><F103/><W6/><G38/><T115/><D32/><U34/><E34/><V1/><F1/><W76/><G76/><T87/><D115/><U53/><E123/><V104/><F41/><W39/><G39/><T93/><D105/><U91/><E130/><V25/><REACH who="2" step="1"/><F104/><REACH who="2" ten="312,347,230,101" step="2"/><W122/><G122/><T40/><REACH who="0" step="1"/><D69/><REACH who="0" ten="302,347,230,101" step="2"/><U70/><E70/><V33/><F33/><W88/><REACH who="3" step="1"/><G11/><REACH who="3" ten="302,347,230,91" step="2"/><T49/><D49/><U128/><E128/><V111/><F111/><W96/><G96/><T56/><D56/><U10/><E59/><V31/><F31/><W57/><G57/><T114/><D114/><U86/><E108/><V132/><F132/><AGARI ba="0,3" hai="40,44,51,60,61,78,80,87,93,99,102,132,133,134" machi="132" ten="40,8000,1" yaku="1,1,20,1,52,1,53,1" doraHai="92" doraHaiUra="73" who="0" fromWho="2" sc="302,110,347,0,230,-80,91,0" /><INIT seed="2,0,0,1,3,54" ten="412,347,150,91" oya="2" hai0="24,100,93,3,76,115,17,52,89,57,105,77,124" hai1="39,135,40,73,131,117,47,20,41,82,28,94,35" hai2="91,101,64,2,45,58,130,79,30,88,56,90,32" hai3="48,31,34,14,114,63,8,9,27,99,95,13,126"/><V74/><F130/><W106/><G126/><T38/><D38/><U72/><E131/><V71/><F2/><W123/><G123/><T21/><D115/><U29/><E117/><V10/><F71/><W86/><G114/><T18/><D3/><U44/><E135/><V67/><F32/><W33/><G33/><T122/><D122/><U50/><E35/><V134/><F74/><W66/><G48/><N who="0" m="30855" /><D105/><U19/><E94/><V118/><F118/><W83/><G106/><T55/><D124/><U25/><E73/><V98/><F79/><N who="0" m="30282" /><D55/><U15/><E72/><V5/><F30/><W111/><G111/><T43/><D43/><U59/><E82/><V113/><F45/><W132/><G132/><T129/><D129/><U80/><E80/><V65/><F134/><W42/><G42/><T7/><D7/><U4/><E4/><V1/><REACH who="2" step="1"/><F113/><REACH who="2" ten="412,347,140,91" step="2"/><W96/><G34/><T128/><D128/><U60/><E29/><V102/><F102/><W23/><G31/><N who="0" m="17807" /><D100/><U103/><E103/><V49/><F49/><W87/><G63/><T6/><D6/><U120/><E120/><V104/><AGARI ba="0,1" hai="1,5,10,56,58,64,65,67,88,90,91,98,101,104" machi="104" ten="30,12000,1" yaku="1,1,0,1,52,2,54,1,53,0" doraHai="54" doraHaiUra="36" who="2" fromWho="2" sc="412,-40,347,-40,140,130,91,-40" /><INIT seed="2,1,0,1,3,109" ten="372,307,270,51" oya="2" hai0="13,127,86,111,55,45,59,81,10,58,120,36,34" hai1="92,115,16,71,91,132,24,107,103,0,77,119,22" hai2="124,38,5,48,128,135,72,66,70,113,121,101,46" hai3="134,90,41,9,74,110,68,94,93,76,50,30,112"/><V40/><F121/><W43/><G110/><T7/><D120/><U44/><E119/><V21/><F72/><W102/><G68/><T83/><D34/><U67/><E0/><V47/><F101/><W18/><G134/><T4/><D111/><U17/><E132/><V114/><F5/><W39/><G39/><T33/><D33/><U63/><E77/><V54/><F21/><W88/><G30/><T1/><D1/><U8/><E115/><N who="2" m="44043" /><F135/><W29/><G50/><N who="0" m="29135" /><D36/><U126/><E107/><V27/><F27/><W28/><G102/><T65/><D127/><U42/><E126/><V133/><F124/><W85/><G112/><T14/><D81/><U97/><E8/><V73/><F73/><W123/><G123/><T87/><D87/><U53/><E103/><V100/><F100/><W12/><G29/><T130/><D130/><U52/><REACH who="1" step="1"/><E17/><REACH who="1" ten="372,297,270,51" step="2"/><V75/><F133/><W20/><G28/><T82/><D10/><U15/><E15/><V19/><F19/><W49/><G9/><T131/><D14/><U35/><E35/><V116/><F116/><W79/><G74/><T96/><D13/><U2/><E2/><V129/><F75/><W89/><G79/><T61/><D7/><U3/><E3/><V122/><F122/><W26/><G12/><T84/><D4/><U23/><E23/><V106/><F106/><W11/><G11/><T125/><D125/><U117/><E117/><V69/><F69/><W78/><G76/><T64/><D64/><U57/><E57/><V108/><F108/><W62/><G78/><T37/><D58/><U104/><E104/><RYUUKYOKU ba="1,1" sc="372,-15,297,15,270,15,51,-15" hai1="16,22,24,42,44,52,53,63,67,71,91,92,97" hai2="38,40,46,47,48,54,66,70,128,129" /><INIT seed="2,2,1,1,4,111" ten="357,312,285,36" oya="2" hai0="10,14,7,135,134,58,23,64,9,50,20,70,129" hai1="6,81,120,34,109,73,30,79,16,65,96,54,68" hai2="17,3,100,94,45,61,38,56,104,116,11,123,35" hai3="51,112,4,92,60,107,80,40,27,67,88,2,21"/><V12/><F116/><W77/><G107/><T8/><D129/><U47/><E109/><V97/><F123/><W102/><G102/><T117/><D117/><U63/><E120/><V86/><F35/><W98/><G2/><T87/><D70/><U105/><E6/><V82/><F3/><W18/><G4/><T52/><D64/><U95/><E47/><V37/><F45/><W131/><G131/><T46/><D87/><U89/><E54/><V5/><F104/><W71/><G112/><T90/><D90/><U41/><E41/><V72/><F72/><W66/><G66/><T15/><D46/><U29/><E34/><V13/><F13/><N who="0" m="4618" /><D7/><U84/><REACH who="1" step="1"/><E16/><REACH who="1" ten="357,302,285,36" step="2"/><V127/><F5/><W122/><G122/><T1/><D1/><U114/><E114/><V49/><F49/><W93/><G51/><T53/><D53/><U106/><E106/><V83/><F37/><W48/><G48/><T44/><D44/><U28/><E28/><V43/><F38/><W118/><G40/><T25/><D25/><U108/><E108/><V113/><F43/><W19/><G118/><T99/><D99/><U39/><E39/><V0/><F113/><W55/><G55/><T26/><D26/><U22/><E22/><V42/><F42/><W101/><G19/><T76/><D23/><U125/><E125/><V75/><F127/><W32/><G32/><T128/><D20/><U24/><E24/><V124/><F124/><W59/><G18/><T78/><D128/><U62/><E62/><V85/><F17/><W33/><G21/><T91/><D52/><U103/><AGARI ba="2,2" hai="29,30,63,65,68,73,79,81,84,89,95,96,103,105" machi="103" ten="30,8000,1" yaku="1,1,5,1,0,1,24,2,53,0" doraHai="111" doraHaiUra="69" who="1" fromWho="1" sc="357,-22,302,106,285,-42,36,-22" /><INIT seed="3,0,0,4,1,115" ten="335,408,243,14" oya="3" hai0="25,70,51,118,15,27,36,91,132,129,133,117,41" hai1="86,102,0,128,56,48,83,10,62,73,87,17,57" hai2="96,78,58,3,13,75,89,61,103,107,47,33,85" hai3="28,109,19,4,55,114,93,8,130,49,14,52,5"/><W30/><G114/><T119/><D70/><U100/><E128/><V120/><F3/><W53/><G130/><T135/><D129/><U1/><E73/><V2/><F2/><W108/><G93/><T97/><D36/><U40/><E1/><V131/><F33/><W35/><G49/><T123/><D123/><U134/><E134/><V16/><F120/><W29/><REACH who="3" step="1"/><G35/><REACH who="3" ten="335,408,243,4" step="2"/><T37/><D37/><U106/><E48/><V68/><F131/><W11/><G11/><T99/><D15/><U39/><E10/><V21/><F47/><W105/><G105/><T34/><D34/><U124/><E0/><V81/><F68/><W6/><AGARI ba="0,1" hai="4,5,6,8,14,19,28,29,30,52,53,55,108,109" machi="6" ten="40,12000,1" yaku="1,1,0,1,29,2,54,1,53,0" doraHai="115" doraHaiUra="125" who="3" fromWho="3" sc="335,-40,408,-40,243,-40,4,130" /><INIT seed="3,1,0,4,2,18" ten="295,368,203,134" oya="3" hai0="96,110,64,91,83,78,116,46,41,7,50,117,73" hai1="75,27,51,62,128,35,61,58,120,111,108,95,70" hai2="105,15,131,56,122,6,82,81,104,72,20,19,21" hai3="135,23,100,42,68,30,66,13,60,84,126,9,119"/><W33/><G119/><T5/><D110/><N who="1" m="42027" /><E120/><V54/><F122/><W85/><G126/><T52/><D64/><U106/><E106/><V90/><F131/><W102/><G135/><T45/><D116/><U71/><E128/><V11/><F82/><W74/><G74/><T53/><D117/><U3/><E3/><V123/><F123/><W98/><G42/><T16/><D16/><U89/><E51/><V99/><F99/><W129/><G129/><T4/><REACH who="0" step="1"/><D46/><REACH who="0" ten="285,368,203,134" step="2"/><U133/><E133/><V47/><F47/><W125/><G125/><T118/><D118/><U48/><E71/><V113/><F113/><W55/><G55/><T44/><D44/><U88/><E70/><V94/><F19/><N who="3" m="10735" /><G9/><T26/><D26/><U2/><E27/><V40/><F54/><W49/><G49/><T36/><D36/><U101/><E48/><V43/><F11/><W25/><G100/><T37/><D37/><U31/><E101/><V32/><F40/><W12/><G12/><T109/><D109/><U79/><E62/><V1/><F43/><W114/><G114/><T115/><D115/><U76/><E61/><V34/><F15/><W103/><G102/><T65/><D65/><U86/><E2/><V17/><F1/><W14/><G14/><T107/><D107/><AGARI ba="1,1" hai="25,30,33,60,66,68,84,85,98,103,107" m="10735" machi="107" ten="30,2900,0" yaku="25,1,52,1" doraHai="18" who="3" fromWho="0" sc="285,-32,368,0,203,0,134,42" /><INIT seed="3,2,0,1,5,92" ten="253,368,203,176" oya="3" hai0="98,35,96,62,37,28,1,81,7,29,77,87,115" hai1="103,31,126,109,71,25,11,57,101,107,30,118,65" hai2="66,124,111,43,19,48,38,4,134,15,121,74,59" hai3="93,32,49,85,123,39,75,16,89,58,42,55,82"/><W3/><G123/><T131/><D37/><U84/><E109/><V6/><F74/><W102/><G3/><T17/><D35/><U20/><E126/><V76/><F124/><W106/><G32/><T0/><D131/><U79/><E71/><V122/><F76/><W9/><G106/><T5/><D115/><U33/><E118/><V133/><F111/><W95/><G102/><T97/><D17/><U46/><E46/><N who="2" m="23927" /><F66/><W116/><G116/><T2/><REACH who="0" step="1"/><D62/><REACH who="0" ten="243,368,203,176" step="2"/><U91/><E33/><V60/><F121/><W56/><G39/><T108/><D108/><U104/><E31/><AGARI ba="2,1" hai="0,1,2,5,7,28,29,31,77,81,87,96,97,98" machi="31" ten="50,8000,1" yaku="1,1,52,3,53,0" doraHai="92" doraHaiUra="129" who="0" fromWho="1" sc="243,96,368,-86,203,0,176,0" owari="339,43.9,282,8.2,203,-19.7,176,-32.4" /></mjloggm>