<mjloggm ver="2.3"><GO type="225" lobby="0"/><UN n0="%E3%81%82%E3%81%99%E3%81%AB%E3%82%83%E3%82%80" n1="%E3%81%AF%E3%82%88%E3%81%8A%E3%81%98%E3%81%95%E3%82%93" n2="%E3%83%97%E3%83%AC%E3%83%B4%E3%82%A1%E3%83%86%E3%82%A3" n3="%4C%4F%4C%49%54%41" dan="16,17,16,16" rate="2118.69,2157.90,2117.14,2192.47" sx="F,M,F,F"/><TAIKYOKU oya="0"/><INIT seed="0,0,0,4,2,111" ten="250,250,250,250" oya="0" hai0="107,60,18,53,104,98,31,33,135,51,57,103,78" hai1="91,74,94,72,54,69,7,123,116,77,49,1,43" hai2="125,99,95,119,101,134,28,55,8,46,21,50,17" hai3="87,34,68,10,92,0,100,13,70,112,115,118,4"/><T26/><D135/><U96/><E116/><V93/><F134/><W3/><G118/><T83/><D18/><U73/><E123/><V44/><F119/><W129/><G34/><T89/><D89/><U113/><E69/><V80/><F125/><W79/><G129/><T124/><D124/><U108/><E108/><V29/><F8/><W120/><G120/><T84/><REACH who="0" step="1"/><D60/><REACH who="0" ten="240,250,250,250" step="2"/><U67/><E91/><V82/><F28/><W114/><G79/><T88/><D88/><U131/><E77/><V97/><F29/><W16/><G0/><T76/><D76/><U64/><E1/><V2/><F2/><W22/><REACH who="3" step="1"/><G87/><REACH who="3" ten="240,250,250,240" step="2"/><T15/><D15/><U40/><E72/><V122/><F122/><W58/><G58/><T5/><D5/><U48/><E7/><V105/><F44/><W133/><G133/><T11/><D11/><U52/><E73/><V25/><REACH who="2" step="1"/><F105/><AGARI ba="0,2" hai="26,31,33,51,53,57,78,83,84,98,103,104,105,107" machi="105" ten="30,5800,0" yaku="1,1,7,1,53,1" doraHai="111" doraHaiUra="27" who="0" fromWho="2" sc="240,78,250,0,250,-58,240,0" /><INIT seed="0,1,0,0,0,54" ten="318,250,192,240" oya="0" hai0="72,13,20,101,65,60,133,128,19,114,84,62,68" hai1="36,92,1,48,44,59,52,28,134,8,57,34,56" hai2="58,12,11,82,74,116,76,119,90,55,66,4,26" hai3="80,93,41,10,43,45,73,2,111,7,113,98,25"/><T115/><D72/><U91/><E134/><V99/><F66/><W70/><G113/><T129/><D133/><U126/><E126/><V127/><F127/><W107/><G111/><T131/><D101/><U109/><E109/><V89/><F26/><W61/><G107/><T100/><D100/><U38/><E28/><V96/><F96/><W15/><G25/><T132/><D132/><U14/><E1/><V81/><F99/><W117/><G117/><N who="2" m="45129" /><F81/><W63/><G15/><T30/><D30/><U112/><E34/><V106/><F106/><W22/><G22/><T102/><D102/><U46/><E46/><V118/><N who="2" m="45137" /><V124/><DORA hai="47" /><F124/><W51/><G41/><T31/><D31/><U24/><E24/><V71/><F71/><W33/><G70/><T105/><D105/><U110/><E112/><V94/><F94/><W135/><G135/><T97/><D97/><U123/><E123/><V16/><F4/><W37/><G33/><T32/><D32/><U88/><E110/><V67/><F67/><W69/><G69/><T27/><D27/><U29/><E29/><V104/><F104/><W78/><REACH who="3" step="1"/><G37/><REACH who="3" ten="318,250,192,230" step="2"/><T42/><D42/><U85/><REACH who="1" step="1"/><E91/><AGARI ba="1,1" hai="2,7,10,43,45,51,61,63,73,78,80,91,93,98" machi="91" ten="30,12000,2" yaku="1,1,2,1,7,1,52,1,53,2" doraHai="54,47" doraHaiUra="87,5" who="3" fromWho="1" sc="318,0,250,-123,192,0,230,133" /><INIT seed="1,0,0,1,1,44" ten="318,127,192,363" oya="1" hai0="67,111,124,60,70,103,98,5,115,122,21,69,24" hai1="101,91,81,20,96,113,76,31,132,3,34,56,105" hai2="64,15,28,66,11,86,61,12,25,62,19,29,133" hai3="119,33,30,130,75,37,6,116,126,54,45,109,23"/><U13/><E113/><V1/><F133/><W78/><G33/><T9/><D111/><U72/><E132/><V50/><F1/><W95/><G109/><T18/><D115/><U128/><E128/><V89/><F12/><W107/><G107/><T77/><D77/><U2/><E34/><V42/><F25/><W114/><G114/><T135/><D135/><U4/><E56/><V35/><F35/><W0/><G130/><T43/><D43/><U8/><REACH who="1" step="1"/><E91/><REACH who="1" ten="318,117,192,363" step="2"/><V48/><F42/><W58/><G58/><T39/><D70/><U22/><E22/><V40/><F40/><W92/><G23/><T7/><D21/><U14/><E14/><V26/><F26/><AGARI ba="0,1" hai="2,3,4,8,13,20,26,31,72,76,81,96,101,105" machi="26" ten="40,3900,0" yaku="1,1,53,1" doraHai="44" doraHaiUra="10" who="1" fromWho="2" sc="318,0,117,49,192,-39,363,0" /><INIT seed="1,1,0,3,0,34" ten="318,166,153,363" oya="1" hai0="51,7,27,42,1,94,103,122,46,39,93,66,57" hai1="64,32,98,106,118,37,6,88,44,82,62,114,75" hai2="74,67,119,104,115,33,29,131,18,58,70,25,77" hai3="102,24,107,100,2,4,99,69,12,84,10,8,89"/><U60/><E114/><V121/><F115/><W22/><G69/><T110/><D110/><U49/><E118/><V112/><F112/><W126/><G126/><T80/><D122/><U134/><E32/><V85/><F119/><W31/><G99/><T128/><D128/><U96/><E37/><V124/><F121/><W123/><G107/><T17/><D103/><U11/><E134/><V130/><F124/><W59/><G59/><T52/><D66/><U14/><E106/><V54/><F18/><W135/><G135/><T23/><REACH who="0" step="1"/><D80/><REACH who="0" ten="308,166,153,363" step="2"/><U72/><E64/><V132/><F132/><W5/><REACH who="3" step="1"/><G123/><REACH who="3" ten="308,166,153,353" step="2"/><T0/><D0/><U28/><E96/><V65/><F104/><W83/><AGARI ba="1,2" hai="2,4,5,8,10,12,22,24,31,83,84,89,100,102" machi="83" ten="20,8000,1" yaku="1,1,2,1,0,1,7,1,52,1,53,0" doraHai="34" doraHaiUra="47" who="3" fromWho="3" sc="308,-21,166,-41,153,-21,353,103" /><INIT seed="2,0,0,5,1,25" ten="287,125,132,456" oya="2" hai0="124,52,28,23,53,38,79,110,14,115,130,128,69" hai1="29,30,84,101,74,62,7,45,126,112,61,133,123" hai2="67,72,103,20,10,75,34,27,132,87,36,44,94" hai3="107,99,4,127,70,13,64,131,89,22,122,111,91"/><V41/><F132/><W125/><G122/><T32/><D110/><U113/><E74/><V57/><F34/><W121/><G121/><T106/><D38/><U100/><E123/><V11/><F75/><W24/><G111/><T95/><D106/><U50/><E133/><V129/><F72/><W65/><G131/><N who="0" m="50219" /><D69/><U98/><E126/><N who="3" m="48138" /><G13/><T119/><D119/><U97/><E84/><V83/><F129/><W33/><G4/><T35/><D115/><U42/><E7/><V135/><F135/><W120/><G120/><T93/><D79/><U1/><E1/><V104/><F104/><W49/><G49/><T59/><D53/><U31/><E112/><V90/><F67/><W86/><G33/><T66/><D66/><U6/><E6/><V0/><F0/><W19/><G70/><T37/><D37/><U73/><E73/><V26/><F57/><W105/><G105/><T102/><D102/><N who="1" m="39531" /><E113/><V5/><F5/><W8/><G8/><T16/><D124/><U21/><E21/><V9/><REACH who="2" step="1"/><F20/><REACH who="2" ten="287,125,122,456" step="2"/><W114/><G114/><T117/><D35/><U46/><E45/><V18/><F18/><W134/><G134/><T40/><D32/><U71/><E71/><V109/><F109/><W63/><G107/><T76/><D23/><U47/><E46/><V2/><F2/><W3/><G3/><T78/><D59/><U48/><E48/><V12/><F12/><W56/><G65/><T43/><D14/><U15/><E15/><V77/><F77/><W68/><G68/><T96/><D76/><U81/><E81/><V51/><F51/><W85/><G64/><RYUUKYOKU ba="0,1" sc="287,-15,125,15,122,15,456,-15" hai1="29,30,31,42,47,50,61,62,97,98" hai2="9,10,11,26,27,36,41,44,83,87,90,94,103" /><INIT seed="2,1,1,3,5,9" ten="272,140,137,441" oya="2" hai0="23,2,118,75,55,64,35,28,16,135,105,0,87" hai1="96,27,72,26,121,107,52,58,70,91,25,99,32" hai2="114,11,73,60,76,125,106,37,97,115,19,17,82" hai3="34,123,89,3,42,38,43,8,110,56,65,36,66"/><V103/><F125/><W113/><G34/><T40/><D75/><U108/><E70/><V78/><F37/><W86/><G123/><T21/><D105/><U92/><E72/><V130/><F130/><W18/><G38/><T124/><D35/><U132/><E121/><V79/><F19/><W88/><G110/><T5/><D64/><U71/><E71/><V95/><F60/><W84/><G36/><T24/><D40/><U4/><E108/><V22/><F11/><W134/><G134/><T6/><D135/><U39/><E39/><V13/><REACH who="2" step="1"/><F106/><REACH who="2" ten="272,140,127,441" step="2"/><W62/><G18/><T46/><D124/><U61/><E132/><V104/><F104/><W126/><G126/><T133/><D133/><U63/><E4/><V111/><F111/><W67/><G8/><T81/><D5/><U77/><E61/><V51/><F51/><W117/><G62/><T14/><D6/><U100/><REACH who="1" step="1"/><E77/><AGARI ba="1,2" hai="13,17,22,73,76,77,78,79,82,95,97,103,114,115" machi="77" ten="40,3900,0" yaku="1,1,52,1,53,0" doraHai="9" doraHaiUra="122" who="2" fromWho="1" sc="272,0,140,-42,127,62,441,0" /><INIT seed="2,2,0,0,3,0" ten="272,98,189,441" oya="2" hai0="23,62,18,116,135,90,115,68,49,103,29,97,38" hai1="109,88,79,89,56,58,60,42,72,117,75,33,118" hai2="30,47,101,108,125,26,53,102,106,128,6,133,119" hai3="17,5,112,52,13,45,123,31,34,63,51,111,114"/><V96/><F119/><W122/><G111/><T48/><D115/><N who="3" m="44073" /><G5/><T19/><D38/><U50/><E50/><V127/><F108/><W131/><G131/><T28/><D135/><U24/><E109/><V37/><F128/><W20/><G63/><T121/><D121/><U11/><E60/><V93/><F133/><W134/><G134/><T99/><D90/><U77/><E24/><AGARI ba="2,0" hai="13,17,20,24,31,34,45,51,52,122,123" m="44073" machi="24" ten="30,2000,0" yaku="11,1,54,1" doraHai="0" who="3" fromWho="1" sc="272,0,98,-26,189,0,441,26" /><INIT seed="3,0,0,2,4,31" ten="272,72,189,467" oya="3" hai0="69,112,26,76,70,77,79,62,130,38,100,61,124" hai1="13,35,114,57,87,127,1,105,25,109,93,108,18" hai2="132,39,17,115,21,116,36,7,28,48,104,73,32" hai3="50,74,75,106,65,82,8,128,37,11,91,78,33"/><W46/><G33/><T23/><D38/><U113/><E105/><V44/><F7/><W134/><G106/><T72/><D72/><U40/><E40/><V102/><F17/><W119/><G119/><T47/><D130/><U2/><E57/><V6/><F102/><W45/><G134/><T103/><D124/><U22/><E87/><V120/><F21/><W110/><G110/><N who="1" m="42602" /><E93/><V51/><F28/><W131/><G65/><T54/><D69/><U95/><E95/><V9/><F6/><W122/><G91/><T4/><D4/><U111/><N who="1" m="42610" /><U80/><DORA hai="59" /><E80/><V29/><F9/><W135/><G8/><T126/><D126/><U92/><E92/><V5/><F5/><W24/><G11/><T20/><D20/><U71/><E71/><V30/><F44/><W42/><G46/><T56/><D112/><N who="1" m="43115" /><E127/><V129/><F115/><W10/><G82/><T101/><D47/><U98/><E98/><V118/><F104/><W121/><G45/><T19/><D70/><U89/><E89/><V67/><F67/><W53/><G42/><T125/><D125/><U99/><E99/><V27/><F73/><W94/><G75/><T16/><D19/><U96/><E96/><V97/><F97/><W63/><G74/><T90/><D90/><U83/><E83/><V0/><F39/><W123/><G37/><T12/><D100/><U66/><E66/><V52/><F36/><W117/><G128/><T88/><D103/><U3/><E13/><V107/><F129/><W133/><G131/><T84/><D12/><U58/><E58/><V15/><F107/><RYUUKYOKU ba="0,0" sc="272,-10,72,30,189,-10,467,-10" hai1="1,2,3,18,22,25,35" owari="262,6.2,102,-39.8,179,-22.1,457,55.7" /></mjloggm>