<mjloggm ver="2.3"><GO type="225" lobby="0"/><UN n0="%E3%81%95%E3%81%8D%E3%81%9F%E3%81%BE%E6%9E%97%E6%AA%8E" n1="%E7%89%B9%E6%9D%B1%E3%81%AF%E4%B8%96%E7%95%8C%E3%82%92%E6%95%91%E3%81%86" n2="%E3%81%99%E3%81%84%E3%81%BE%E3%81%9B%E3%83%BC%E3%82%93" n3="%6D%75%75%6D%75%72%61" dan="16,16,16,16" rate="2157.86,2119.57,2162.11,2197.44" sx="M,M,M,F"/><TAIKYOKU oya="0"/><INIT seed="0,0,0,2,2,85" ten="250,250,250,250" oya="0" hai0="74,110,30,105,103,46,84,12,88,126,43,75,123" hai1="25,47,37,134,32,29,11,106,49,69,18,15,124" hai2="40,121,0,59,34,55,58,19,76,6,80,107,109" hai3="61,64,23,122,116,118,54,72,70,128,9,92,48"/><T86/><D123/><U42/><E106/><V114/><F121/><W36/><G128/><T94/><D30/><U65/><E134/><V38/><F114/><W79/><G122/><T66/><D66/><U130/><E130/><V71/><F71/><W90/><G36/><T57/><D57/><U31/><E31/><V102/><F109/><W82/><G23/><T8/><D110/><U73/><E73/><V132/><F34/><W60/><G9/><T129/><D129/><U111/><E124/><V135/><F19/><W17/><G17/><T27/><D27/><U62/><REACH who="1" step="1"/><E111/><REACH who="1" ten="250,240,250,250" step="2"/><V41/><F107/><W131/><G131/><T117/><D126/><U20/><E20/><V98/><F135/><W56/><REACH who="3" step="1"/><G61/><REACH who="3" ten="250,240,250,240" step="2"/><T93/><D93/><U4/><E4/><V22/><F6/><W28/><G28/><T50/><D117/><U108/><E108/><V53/><F132/><W2/><G2/><T100/><D105/><U87/><E87/><AGARI ba="0,2" hai="48,54,56,60,64,70,72,79,82,87,90,92,116,118" machi="87" ten="30,7700,0" yaku="1,1,7,1,52,1,53,1" doraHai="85" doraHaiUra="83" who="3" fromWho="1" sc="250,0,240,-77,250,0,240,97" /><INIT seed="1,0,0,1,1,127" ten="250,163,250,337" oya="1" hai0="65,93,2,29,58,73,44,21,86,67,68,27,129" hai1="92,14,6,105,135,50,72,63,43,80,49,123,108" hai2="84,1,85,103,39,88,3,0,71,31,41,30,60" hai3="64,130,104,16,131,17,128,78,102,55,107,8,25"/><U9/><E123/><V4/><F4/><W90/><G78/><T112/><D73/><U113/><E113/><V87/><F103/><W89/><G64/><T42/><D112/><U116/><E116/><V70/><F60/><W15/><G55/><T32/><D2/><U7/><E105/><N who="3" m="40522" /><G102/><T91/><D129/><U96/><E135/><V28/><F88/><N who="3" m="33899" /><G25/><T98/><D98/><U24/><E24/><V99/><F99/><W120/><G120/><T75/><D75/><U111/><E7/><AGARI ba="0,0" hai="7,8,15,16,17,128,130,131" m="33899,40522" machi="7" ten="40,12000,2" yaku="19,1,52,3,54,2" doraHai="127" who="3" fromWho="1" sc="250,0,163,-120,250,0,337,120" /><INIT seed="2,0,0,5,4,130" ten="250,43,250,457" oya="2" hai0="90,88,118,57,79,9,45,125,69,64,74,32,92" hai1="86,73,99,37,38,30,41,59,36,82,5,93,97" hai2="70,33,25,122,18,7,71,31,120,89,8,105,127" hai3="80,110,44,65,40,11,87,98,109,13,117,26,10"/><V47/><F127/><W68/><G117/><T6/><D125/><U111/><E73/><V43/><F105/><W16/><G26/><T94/><D118/><U48/><E111/><N who="3" m="42506" /><G98/><T129/><D129/><U84/><E30/><V63/><F18/><W17/><G65/><T108/><D108/><U121/><E121/><V81/><F89/><N who="3" m="51431" /><G68/><T58/><D69/><U96/><E5/><V67/><F81/><W56/><G56/><T35/><D64/><U135/><E135/><V28/><F28/><W15/><G44/><T78/><D45/><U52/><E41/><AGARI ba="0,0" hai="10,11,13,15,16,17,40,41" m="51431,42506" machi="41" ten="30,2000,0" yaku="14,1,54,1" doraHai="130" who="3" fromWho="1" sc="250,0,43,-20,250,0,457,20" /><INIT seed="3,0,0,0,3,43" ten="250,23,250,477" oya="3" hai0="74,25,119,65,39,94,81,104,93,95,111,76,33" hai1="6,90,47,127,53,110,70,91,133,77,27,131,87" hai2="31,109,124,89,122,63,128,59,3,58,116,17,51" hai3="126,72,134,35,69,18,61,78,55,106,11,32,114"/><W16/><G106/><T8/><D111/><U75/><E6/><V101/><F116/><W86/><G18/><T120/><D120/><U14/><E14/><V48/><F3/><W108/><G72/><T84/><D119/><U34/><E70/><V62/><F109/><W83/><G126/><T7/><D39/><U15/><E15/><V38/><F38/><W26/><G134/><T52/><D104/><U113/><E27/><V37/><F37/><W40/><G40/><T67/><D74/><U80/><E34/><V23/><F31/><W4/><G55/><T130/><D130/><U117/><E53/><N who="2" m="34127" /><F128/><W56/><G114/><T1/><REACH who="0" step="1"/><D52/><REACH who="0" ten="240,23,250,477" step="2"/><U73/><E110/><V44/><F122/><W96/><G108/><T102/><D102/><U10/><E131/><V82/><F101/><W9/><G61/><T50/><D50/><U123/><E123/><V88/><F124/><W68/><G35/><T125/><D125/><U112/><E117/><V118/><F118/><W36/><G32/><T24/><D24/><U42/><E127/><V49/><F44/><W100/><G36/><T129/><D129/><U107/><E107/><V41/><F41/><W132/><G26/><T99/><D99/><U115/><E133/><V121/><F121/><W28/><G96/><T0/><D0/><U79/><E10/><V45/><F45/><W92/><G100/><T64/><D64/><U54/><E54/><N who="2" m="34295" /><F82/><W2/><G83/><T46/><D46/><U105/><E105/><V57/><F57/><W12/><G56/><T13/><D13/><AGARI ba="0,1" hai="13,17,23,48,49,51,88,89" m="34295,34127" machi="13" ten="30,2000,0" yaku="8,1,54,1" doraHai="43" who="2" fromWho="0" sc="240,-20,23,0,250,30,477,0" owari="220,-18.0,23,-47.7,280,8.0,477,57.7" /></mjloggm>