<mjloggm ver="2.3"><GO type="225" lobby="0"/><UN n0="%72%65%6E%6B%75%6E" n1="%E3%81%B5%E3%81%98%E3%81%8B%E3%81%A4" n2="%E3%81%BF%E3%81%BF%E3%81%9A" n3="%E4%BA%95%E5%B8%AF" dan="17,16,16,16" rate="2216.52,2200.44,2244.40,2050.13" sx="M,M,M,M"/><TAIKYOKU oya="0"/><INIT seed="0,0,0,0,0,44" ten="250,250,250,250" oya="0" hai0="8,69,3,128,132,115,107,108,124,34,83,14,40" hai1="105,18,90,45,97,82,36,104,60,106,23,131,111" hai2="93,43,100,33,91,15,119,20,48,4,80,42,88" hai3="63,12,67,30,57,54,9,71,85,89,46,7,74"/><T120/><D14/><U113/><E111/><V129/><F33/><W32/><G74/><T13/><D13/><U110/><E110/><V127/><F129/><W38/><G30/><T72/><D8/><U134/><E131/><V86/><F127/><W66/><G32/><T65/><D65/><U98/><E134/><V77/><F119/><W29/><G29/><T121/><D83/><U126/><E126/><V2/><F2/><W76/><G76/><T95/><D95/><U109/><E109/><V24/><F100/><W114/><G114/><T68/><D40/><U21/><E113/><V49/><F42/><W73/><G73/><T87/><D87/><U84/><E60/><V16/><F43/><W39/><G46/><T19/><D19/><U61/><E61/><V27/><F27/><W130/><G130/><T50/><D50/><N who="2" m="19562" /><F93/><W112/><G112/><T58/><D58/><U117/><E117/><V70/><F70/><W51/><REACH who="3" step="1"/><G66/><REACH who="3" ten="250,250,250,240" step="2"/><T22/><D120/><U6/><E45/><V118/><F118/><W26/><G26/><T123/><D121/><U101/><E106/><V11/><AGARI ba="0,1" hai="4,11,15,16,20,24,77,80,86,88,91" m="19562" machi="11" ten="30,12000,2" yaku="8,1,52,3,54,2" doraHai="44" who="2" fromWho="2" sc="250,-60,250,-30,250,130,240,-30" /><INIT seed="1,0,0,2,2,30" ten="190,220,380,210" oya="1" hai0="88,41,39,107,75,42,131,67,31,108,43,16,124" hai1="93,130,70,47,63,2,128,10,29,122,76,52,126" hai2="86,7,44,23,78,11,14,50,6,81,20,38,82" hai3="114,118,89,129,68,84,104,115,36,28,74,26,87"/><U58/><E122/><V60/><F38/><W57/><G68/><T105/><D75/><U64/><E76/><V109/><F109/><W0/><G129/><N who="1" m="49770" /><E126/><V119/><F119/><W33/><G118/><T72/><D72/><U22/><E93/><V5/><F60/><W96/><G74/><T53/><D39/><U12/><E2/><V123/><F82/><W77/><G36/><T111/><D131/><U98/><E98/><V21/><F123/><W49/><G0/><T83/><D31/><U133/><E133/><V35/><F35/><W48/><G77/><T27/><D67/><U95/><E95/><V65/><REACH who="2" step="1"/><F65/><REACH who="2" ten="190,220,370,210" step="2"/><W13/><G33/><T97/><D124/><U1/><E64/><V120/><F120/><W102/><G115/><T18/><D111/><U69/><E1/><V71/><F71/><W61/><G114/><T100/><D108/><U127/><E127/><V54/><AGARI ba="0,1" hai="5,6,7,11,14,20,21,23,44,50,54,78,81,86" machi="54" ten="30,4000,0" yaku="1,1,0,1,8,1,53,0" doraHai="30" doraHaiUra="116" who="2" fromWho="2" sc="190,-10,220,-20,370,50,210,-10" /><INIT seed="2,0,0,3,5,48" ten="180,200,420,200" oya="2" hai0="70,79,120,95,68,9,37,49,7,134,114,26,107" hai1="93,126,83,38,84,71,21,123,104,56,59,50,105" hai2="24,94,121,16,57,98,99,75,46,62,101,97,61" hai3="20,47,127,33,8,87,35,69,129,54,43,60,28"/><V36/><F121/><W5/><G127/><T111/><D37/><U25/><E71/><V135/><F75/><W80/><G129/><T133/><D107/><U125/><E38/><V4/><F4/><W19/><G28/><T17/><D114/><U122/><E93/><V10/><F135/><N who="0" m="51722" /><D120/><N who="1" m="46123" /><E50/><V44/><F62/><W113/><G113/><T109/><D79/><N who="1" m="46207" /><E56/><V67/><F36/><W124/><G124/><N who="1" m="47722" /><E59/><V55/><F67/><W132/><G132/><T91/><D49/><U103/><E103/><V41/><F41/><W108/><G108/><N who="0" m="41547" /><D95/><U39/><E39/><V31/><F98/><W96/><G43/><T1/><D91/><U76/><E76/><V23/><F97/><W51/><G69/><T112/><D112/><U14/><E14/><AGARI ba="0,0" hai="10,14,16,23,24,31,44,46,55,57,61,94,99,101" machi="14" ten="40,7700,0" yaku="8,1,52,1,54,1" doraHai="48" who="2" fromWho="1" sc="180,0,200,-77,420,77,200,0" /><INIT seed="2,1,0,0,5,125" ten="180,123,497,200" oya="2" hai0="30,14,9,4,76,96,2,104,75,35,45,89,23" hai1="120,34,40,102,37,110,123,111,71,16,100,51,126" hai2="8,42,36,28,118,82,72,98,7,50,27,6,24" hai3="64,131,122,57,109,17,108,38,31,59,13,20,12"/><V114/><F114/><W66/><G122/><N who="1" m="46634" /><E34/><V79/><F118/><W74/><G38/><T121/><D121/><U52/><E71/><V99/><F6/><W65/><G74/><T73/><D76/><U124/><E37/><V106/><F106/><W11/><G131/><T48/><D35/><U32/><E40/><V94/><F50/><W78/><G78/><T49/><D49/><U44/><E32/><V116/><F116/><W97/><G97/><T60/><D60/><U67/><E67/><V130/><F130/><W21/><G21/><T69/><D69/><U127/><E16/><V58/><F58/><W54/><G31/><T83/><D30/><U117/><E117/><V33/><F94/><W84/><G84/><T29/><D29/><U92/><E92/><V90/><F90/><W43/><G43/><T93/><D104/><U26/><E26/><V39/><F39/><W56/><REACH who="3" step="1"/><G54/><REACH who="3" ten="180,123,497,190" step="2"/><T22/><D96/><U87/><E87/><V113/><F113/><W70/><G70/><T55/><D75/><U0/><E0/><V133/><F99/><W3/><G3/><T103/><D2/><U80/><E80/><V19/><F98/><W10/><G10/><T88/><D73/><U105/><E105/><V63/><F82/><W46/><G46/><T134/><D83/><U115/><E115/><V86/><F79/><W95/><G95/><T107/><D107/><U77/><E77/><V119/><F72/><W91/><G91/><T61/><D89/><U15/><E15/><V81/><F28/><W18/><AGARI ba="1,1" hai="11,12,13,17,18,20,56,57,59,64,65,66,108,109" machi="18" ten="40,2700,0" yaku="1,1,0,1,53,0" doraHai="125" doraHaiUra="132" who="3" fromWho="3" sc="180,-8,123,-8,497,-14,190,40" /><INIT seed="3,0,0,2,3,88" ten="172,115,483,230" oya="3" hai0="5,130,67,134,87,113,52,135,86,125,94,131,66" hai1="107,8,15,124,13,106,91,7,27,111,49,3,75" hai2="55,97,121,40,51,100,115,99,30,96,20,35,12" hai3="133,53,127,16,82,45,19,41,4,123,2,58,105"/><W64/><G105/><T18/><D5/><U14/><E75/><V104/><F115/><W56/><G82/><T72/><D72/><U80/><E111/><V22/><F40/><W77/><G77/><T85/><D113/><U84/><E124/><V24/><F121/><W81/><G81/><T21/><D125/><U118/><E118/><V42/><F42/><W116/><G4/><T117/><D117/><U119/><E119/><V0/><F0/><W50/><G2/><T36/><D36/><U89/><E27/><V126/><F126/><W33/><G33/><T122/><D122/><U110/><E110/><V79/><F79/><W31/><G31/><T90/><D52/><U10/><E91/><V92/><F12/><W9/><G9/><T108/><D108/><U11/><E49/><V54/><F97/><W37/><G50/><T44/><D44/><U48/><E3/><V78/><F78/><W112/><G53/><T17/><D21/><U74/><E74/><V59/><F55/><W83/><G45/><T57/><D57/><U6/><REACH who="1" step="1"/><E48/><REACH who="1" ten="172,105,483,230" step="2"/><V93/><REACH who="2" step="1"/><F104/><AGARI ba="0,1" hai="6,7,8,10,11,13,14,15,80,84,89,104,106,107" machi="104" ten="50,3200,0" yaku="1,1,2,1,53,0" doraHai="88" doraHaiUra="73" who="1" fromWho="2" sc="172,0,105,42,483,-32,230,0" owari="172,-22.8,147,-35.3,451,55.1,230,3.0" /></mjloggm>