<mjloggm ver="2.3"><GO type="225" lobby="0"/><UN n0="%E3%82%B2%E3%82%B9%E8%8C%82%E5%8B%9D" n1="%E3%81%A9%E3%82%8F%E3%82%93%E3%81%94" n2="%61%73%61%64%61%31%32" n3="%E3%82%A2%E3%83%BC%E3%83%A2%E3%83%AD%E3%83%BC%E3%83%B4%E3%82%A1" dan="16,16,16,16" rate="2084.23,2095.16,2081.90,2159.75" sx="F,M,M,M"/><TAIKYOKU oya="0"/><INIT seed="0,0,0,2,2,74" ten="250,250,250,250" oya="0" hai0="28,103,82,1,58,120,108,93,97,131,24,63,122" hai1="70,134,20,98,76,112,49,37,94,23,127,6,100" hai2="69,129,36,16,117,80,132,62,89,91,33,78,30" hai3="84,9,27,25,47,38,26,106,17,4,13,57,42"/><T39/><D39/><U50/><E37/><V0/><F36/><W59/><G106/><T116/><D116/><U109/><E70/><V10/><F129/><W102/><G102/><T83/><D131/><U11/><E109/><V68/><F132/><W44/><G44/><T104/><D1/><U22/><E127/><V130/><F130/><W65/><G65/><T7/><D7/><U53/><E134/><V15/><F0/><W32/><G32/><T75/><D108/><U88/><E112/><V72/><F117/><W2/><REACH who="3" step="1"/><G84/><REACH who="3" ten="250,250,250,240" step="2"/><T3/><D104/><U95/><E53/><V21/><F33/><W5/><G5/><T111/><D111/><U40/><E40/><V135/><F135/><W77/><G77/><T123/><D75/><U71/><E76/><V115/><F115/><W85/><G85/><T87/><D87/><N who="1" m="52511" /><E71/><V31/><F69/><W96/><G96/><T48/><D120/><U92/><E95/><V118/><F118/><W41/><G41/><T61/><D122/><U12/><AGARI ba="0,1" hai="6,11,12,20,22,23,49,50,92,98,100" m="52511" machi="12" ten="30,2000,0" yaku="8,1,54,1" doraHai="74" who="1" fromWho="1" sc="250,-10,250,30,250,-5,240,-5" /><INIT seed="1,0,0,3,1,39" ten="240,280,245,235" oya="1" hai0="44,55,7,98,70,14,78,129,38,135,87,94,80" hai1="119,100,85,124,67,32,0,19,130,127,71,72,126" hai2="35,29,47,77,113,23,105,121,17,134,106,54,79" hai3="122,56,41,26,69,64,33,118,82,13,102,63,76"/><U107/><E119/><V27/><F121/><W74/><G122/><T18/><D129/><U125/><E0/><V99/><F134/><W3/><G3/><T51/><D135/><U4/><E4/><V22/><F113/><W93/><G118/><T115/><D115/><U31/><E130/><V128/><F128/><W109/><G109/><T86/><D70/><U5/><E5/><V34/><F34/><W103/><G93/><T73/><D7/><U117/><E117/><V91/><F35/><W131/><G131/><T89/><REACH who="0" step="1"/><D38/><REACH who="0" ten="230,280,245,235" step="2"/><U88/><E71/><V110/><F110/><W84/><G69/><T132/><D132/><U65/><E127/><V97/><F106/><W96/><G74/><T28/><D28/><U95/><E72/><V123/><F105/><W16/><G96/><T24/><D24/><N who="1" m="18535" /><E19/><V25/><F123/><W1/><G1/><T59/><D59/><U120/><E120/><V2/><F2/><W37/><G26/><T36/><D36/><U46/><E46/><V108/><F108/><W43/><G37/><T45/><D45/><U60/><E126/><V40/><F99/><W9/><G33/><T52/><D52/><U48/><E125/><V12/><F54/><W133/><G133/><T101/><D101/><AGARI ba="0,1" hai="9,13,16,41,43,56,63,64,76,82,84,101,102,103" machi="101" ten="40,8000,1" yaku="8,1,52,2,54,1" doraHai="39" who="3" fromWho="0" sc="230,-80,280,0,245,0,235,90" /><INIT seed="2,0,0,1,5,11" ten="150,280,245,325" oya="2" hai0="17,15,121,85,28,35,2,125,91,21,39,71,83" hai1="12,84,87,40,107,81,61,86,26,132,54,118,49" hai2="38,45,70,116,117,41,120,75,58,43,47,101,29" hai3="76,80,30,50,73,97,100,63,42,96,105,135,82"/><V79/><F101/><W65/><G135/><T34/><D125/><U59/><E132/><V88/><F29/><W69/><G30/><T4/><D121/><U115/><E107/><V122/><F88/><W18/><G96/><T8/><D39/><U24/><E118/><N who="2" m="45675" /><F79/><W95/><G82/><T23/><D71/><U98/><E115/><V129/><F75/><W89/><G18/><T19/><REACH who="0" step="1"/><D28/><REACH who="0" ten="140,280,245,325" step="2"/><U48/><E81/><V102/><F70/><W6/><G69/><T130/><D130/><U13/><E98/><V31/><F31/><W1/><G80/><T60/><D60/><U90/><E61/><V53/><F129/><W72/><G63/><T109/><D109/><U127/><E127/><V99/><F99/><W94/><G97/><T7/><D7/><U128/><E128/><V27/><F102/><W92/><G6/><T57/><D57/><U16/><E59/><V133/><F133/><W9/><G100/><T25/><AGARI ba="0,1" hai="2,4,8,15,17,19,21,23,25,34,35,83,85,91" machi="25" ten="20,5200,0" yaku="1,1,0,1,7,1,52,1,53,0" doraHai="11" doraHaiUra="64" who="0" fromWho="0" sc="140,62,280,-13,245,-26,325,-13" /><INIT seed="3,0,0,5,2,128" ten="202,267,219,312" oya="3" hai0="94,40,8,16,135,126,64,30,134,6,72,114,121" hai1="92,103,44,63,35,9,18,127,69,98,38,62,105" hai2="131,122,58,124,80,87,31,73,117,59,5,133,108" hai3="34,66,77,10,96,84,48,37,120,83,113,36,13"/><W52/><G34/><T53/><D121/><U90/><E35/><V3/><F73/><W49/><G113/><T119/><D119/><U46/><E127/><V97/><F117/><W29/><G29/><T56/><D126/><U55/><E69/><V24/><F124/><W57/><G120/><T70/><D114/><U110/><E110/><V100/><F133/><N who="0" m="50698" /><D72/><U67/><E67/><V74/><F74/><W7/><G66/><T132/><N who="0" m="50706" /><T0/><DORA hai="89" /><D40/><U28/><E28/><V104/><F108/><W109/><G109/><T47/><D30/><U2/><E38/><V88/><F131/><W32/><G32/><T75/><D75/><U99/><E2/><V125/><F125/><W95/><G48/><N who="0" m="28831" /><D70/><U79/><E55/><V14/><F122/><W33/><G33/><T112/><D112/><U19/><E46/><V118/><F118/><W50/><G50/><T4/><D94/><U123/><E92/><V82/><F80/><W85/><G36/><T107/><D107/><U130/><E105/><V22/><F3/><W12/><G37/><T23/><D4/><U60/><E123/><V115/><REACH who="2" step="1"/><F115/><REACH who="2" ten="202,267,209,312" step="2"/><W51/><G83/><T116/><D116/><U25/><E130/><V17/><F17/><W43/><G7/><T106/><D106/><U21/><E19/><V42/><F42/><W129/><G129/><T101/><D101/><U39/><E103/><V45/><F45/><W1/><G43/><T81/><D81/><U41/><E44/><V26/><F26/><W76/><G1/><T93/><D0/><U91/><E41/><V11/><AGARI ba="0,1" hai="5,11,14,22,24,31,58,59,82,87,88,97,100,104" machi="11" ten="30,7900,0" yaku="1,1,5,1,0,1,54,1,53,0" doraHai="128,89" doraHaiUra="71,111" who="2" fromWho="2" sc="202,-20,267,-20,209,89,312,-39" /><INIT seed="4,0,0,5,0,51" ten="182,247,298,273" oya="0" hai0="98,14,120,8,16,119,116,23,77,62,1,45,103" hai1="4,52,86,41,61,15,118,122,109,89,49,71,124" hai2="40,85,17,129,68,125,130,26,10,75,114,2,53" hai3="128,36,76,27,121,19,13,6,39,74,104,99,131"/><T106/><D77/><U38/><E109/><V0/><F75/><W117/><G117/><T97/><D120/><U110/><E118/><V54/><F114/><W84/><G74/><T133/><D133/><U47/><E110/><V67/><F40/><W78/><G6/><T127/><D127/><U42/><E122/><V135/><F125/><W3/><G3/><N who="2" m="1065" /><F135/><W126/><G27/><T134/><D134/><U113/><E124/><V93/><F67/><W58/><G121/><T123/><D123/><U92/><E113/><V66/><F66/><W95/><G104/><T29/><D62/><U50/><E38/><V9/><F68/><W69/><G69/><T20/><D97/><U111/><E111/><V44/><F44/><W18/><G126/><T31/><D45/><N who="1" m="25783" /><E71/><V88/><F9/><W21/><G128/><N who="2" m="49257" /><F10/><W132/><G131/><T115/><D115/><U91/><E89/><V79/><F79/><W105/><G76/><T102/><D103/><U25/><E25/><V28/><F17/><W34/><G19/><T80/><D80/><U48/><E61/><V82/><F93/><W100/><G132/><T96/><D98/><U59/><E4/><V55/><F54/><W65/><G78/><T22/><REACH who="0" step="1"/><D1/><REACH who="0" ten="172,247,298,273" step="2"/><U73/><E73/><V70/><F70/><W101/><G99/><T64/><D64/><U37/><E37/><V12/><F12/><AGARI ba="0,1" hai="12,15,41,47,48,50,52,59,86,91,92" m="25783" machi="12" ten="30,3900,0" yaku="8,1,52,1,54,1" doraHai="51" who="1" fromWho="2" sc="172,0,247,49,298,-39,273,0" /><INIT seed="5,0,0,2,5,20" ten="172,296,259,273" oya="1" hai0="3,52,66,42,14,59,85,81,30,103,78,132,128" hai1="95,40,19,29,77,26,9,57,73,121,34,117,5" hai2="46,79,107,112,56,2,96,32,68,74,120,82,12" hai3="17,18,69,108,54,76,70,133,105,88,126,106,118"/><U35/><E121/><V7/><F120/><W55/><G76/><T41/><D3/><U45/><E117/><V114/><F56/><W48/><G108/><T27/><D128/><U124/><E124/><V58/><F58/><W90/><G48/><T65/><D132/><U110/><E110/><V21/><F68/><W109/><G109/><T91/><D103/><U92/><E19/><V86/><F32/><W38/><G38/><T87/><D14/><U93/><E57/><V102/><F2/><W16/><G133/><T129/><D129/><U60/><E60/><V63/><F63/><W127/><G18/><T98/><D98/><U113/><E35/><V24/><F46/><W97/><G97/><T13/><D13/><U84/><E113/><N who="2" m="43627" /><F12/><W51/><G51/><N who="0" m="31135" /><D65/><U83/><E73/><V75/><F7/><W67/><G118/><T131/><D131/><U28/><E28/><AGARI ba="0,0" hai="21,24,28,74,75,79,82,86,96,102,107" m="43627" machi="28" ten="30,3900,0" yaku="15,1,11,1,52,1" doraHai="20" who="2" fromWho="1" sc="172,0,296,-39,259,39,273,0" /><INIT seed="6,0,0,3,3,110" ten="172,257,298,273" oya="2" hai0="107,25,15,123,30,57,19,21,113,26,130,40,124" hai1="79,1,65,39,33,75,46,32,87,91,126,98,95" hai2="53,36,74,55,16,48,92,101,42,82,18,0,99" hai3="112,31,54,77,45,88,37,66,13,135,59,35,63"/><V64/><F0/><W108/><G108/><T27/><D107/><U134/><E134/><V78/><F64/><W85/><G135/><T41/><D123/><U12/><E126/><V122/><F122/><W84/><G112/><T127/><D130/><U102/><E1/><V103/><F101/><W71/><G35/><T117/><D117/><U115/><E65/><V73/><F74/><W58/><G31/><T86/><D30/><U62/><E62/><V83/><F82/><N who="3" m="47183" /><G37/><T34/><D34/><U10/><E115/><V7/><F7/><W44/><G13/><T90/><D113/><U56/><E56/><V22/><F36/><W131/><G71/><T120/><D120/><U111/><E111/><V28/><F42/><W9/><G9/><T96/><D96/><U100/><E100/><V121/><F121/><W105/><G105/><T97/><D97/><U129/><E129/><V70/><F70/><W60/><G131/><T106/><D106/><N who="1" m="63831" /><E46/><V93/><F92/><AGARI ba="0,0" hai="44,45,54,58,59,60,63,66,85,88,92" m="47183" machi="92" ten="30,2000,0" yaku="8,1,54,1" doraHai="110" who="3" fromWho="2" sc="172,0,257,0,298,-20,273,20" /><INIT seed="7,0,0,1,5,59" ten="172,257,278,293" oya="3" hai0="123,23,10,86,77,37,135,75,45,28,70,65,119" hai1="98,99,36,126,103,40,16,115,20,35,130,58,78" hai2="88,63,93,53,43,72,127,48,89,73,8,117,109" hai3="101,106,52,83,24,134,133,84,30,122,113,129,6"/><W21/><G122/><T61/><D123/><U19/><E35/><V132/><F117/><W74/><G113/><T12/><D119/><U91/><E115/><V39/><F109/><W4/><G74/><T9/><D135/><N who="3" m="51721" /><G129/><T38/><D75/><U44/><E130/><V80/><F127/><W85/><G52/><T62/><D45/><U114/><E78/><V7/><F132/><W51/><G51/><T121/><D121/><U42/><E114/><V108/><F108/><W31/><G31/><T49/><D49/><U5/><E5/><N who="3" m="2154" /><G83/><T66/><D28/><U81/><E126/><V22/><F39/><W3/><G3/><T71/><D23/><U92/><E42/><V55/><F22/><W69/><G69/><T34/><D34/><U87/><E20/><V60/><F73/><W54/><G54/><N who="2" m="20489" /><F72/><W50/><G50/><T118/><D118/><U26/><E26/><V116/><F116/><W11/><G11/><T14/><D86/><N who="3" m="33385" /><G101/><T102/><D77/><U17/><REACH who="1" step="1"/><E99/><REACH who="1" ten="172,247,278,293" step="2"/><N who="2" m="57767" /><F43/><W120/><G120/><T56/><D71/><U128/><E128/><V41/><F41/><W18/><G30/><T76/><D76/><U46/><E46/><V79/><F79/><W95/><G106/><T29/><D29/><U1/><E1/><V57/><F48/><W112/><G112/><T67/><D102/><U68/><E68/><V25/><F25/><W47/><G47/><T27/><D27/><U15/><E15/><N who="2" m="5535" /><F57/><AGARI ba="0,1" hai="16,17,19,36,40,44,57,58,81,87,91,92,98,103" machi="57" ten="40,5200,0" yaku="1,1,54,1,53,1" doraHai="59" doraHaiUra="97" who="1" fromWho="2" sc="172,0,247,62,278,-52,293,0" owari="172,-32.8,309,40.9,226,-17.4,293,9.3" /></mjloggm>