<mjloggm ver="2.3"><GO type="225" lobby="0"/><UN n0="%E7%AD%89%E3%80%85%E5%8A%9B%E5%8A%87%E5%A0%B4" n1="%6B%65%6E%6E%64%69" n2="%47%48%4F%53%54" n3="%E9%89%A2%E5%B7%BB%E3%82%AC%E3%83%96" dan="16,16,17,16" rate="2157.87,2136.12,2222.53,2041.22" sx="M,M,M,M"/><TAIKYOKU oya="0"/><INIT seed="0,0,0,3,3,75" ten="250,250,250,250" oya="0" hai0="110,131,41,18,42,63,115,58,56,113,26,5,2" hai1="3,13,127,126,79,135,132,46,6,1,10,130,38" hai2="43,121,61,88,29,35,66,111,107,19,37,30,67" hai3="106,20,94,92,80,117,101,95,81,24,65,16,47"/><T122/><D122/><U64/><E64/><V89/><F121/><W49/><G117/><T116/><D116/><U82/><E46/><V112/><F112/><W69/><G106/><T21/><D131/><U99/><E130/><V36/><F107/><W85/><G101/><T84/><D110/><U91/><E38/><V50/><F111/><W102/><G102/><T93/><D58/><U55/><E55/><V124/><F124/><N who="1" m="47657" /><E99/><V78/><F19/><W12/><G12/><T59/><D59/><U77/><E91/><V96/><F35/><W119/><G119/><T33/><D33/><U25/><E79/><V15/><F15/><W104/><G104/><T31/><D42/><U114/><E114/><V120/><F120/><W40/><REACH who="3" step="1"/><G85/><REACH who="3" ten="250,250,250,240" step="2"/><T105/><D84/><N who="1" m="48207" /><E25/><V60/><F96/><W129/><G129/><T86/><D26/><U11/><E1/><V73/><F73/><W27/><G27/><T48/><D2/><U103/><E103/><V128/><F128/><W83/><G83/><T87/><D115/><U70/><E70/><V53/><F89/><W14/><G14/><T134/><D113/><U97/><E97/><V4/><F88/><W108/><G108/><T90/><D90/><U54/><E3/><V109/><F109/><W100/><G100/><T118/><D118/><U44/><E11/><V62/><F78/><W98/><G98/><T23/><D87/><U76/><E76/><V72/><F72/><W22/><G22/><T133/><D86/><U45/><E10/><V0/><F0/><W57/><G57/><T51/><D105/><U74/><E74/><RYUUKYOKU ba="0,1" sc="250,-10,250,-10,250,-10,240,30" hai3="16,20,24,40,47,49,65,69,80,81,92,94,95" /><INIT seed="1,1,1,4,5,90" ten="240,240,240,270" oya="1" hai0="68,19,119,31,129,21,109,74,100,13,17,4,53" hai1="130,20,3,37,83,96,58,11,15,12,51,47,61" hai2="131,111,77,0,27,7,2,46,43,67,125,33,59" hai3="48,94,29,42,121,24,85,14,45,79,101,127,40"/><U71/><E130/><V72/><F131/><W91/><G121/><T122/><D129/><U64/><E83/><V9/><F125/><W97/><G127/><T54/><D119/><U88/><E37/><N who="2" m="21871" /><F111/><W69/><G69/><T73/><D68/><U105/><E71/><V65/><F59/><W123/><G123/><T134/><D122/><U78/><E78/><V95/><F95/><W8/><G79/><T57/><D109/><U117/><E117/><V110/><F2/><W84/><G42/><T104/><D134/><U114/><E114/><V32/><F110/><W35/><REACH who="3" step="1"/><G101/><REACH who="3" ten="240,240,240,260" step="2"/><T30/><D100/><U113/><E113/><V18/><F77/><W16/><AGARI ba="1,2" hai="8,14,16,24,29,35,40,45,48,84,85,91,94,97" machi="16" ten="20,12000,2" yaku="1,1,2,1,0,1,7,1,52,1,54,1,53,0" doraHai="90" doraHaiUra="133" who="3" fromWho="3" sc="240,-31,240,-61,240,-31,260,143" /><INIT seed="2,0,0,3,4,124" ten="209,179,209,403" oya="2" hai0="69,129,111,107,90,99,101,14,56,93,125,127,16" hai1="76,33,48,68,92,94,37,13,31,26,25,131,119" hai2="95,126,34,128,7,57,32,4,89,60,100,88,122" hai3="133,71,50,9,1,38,10,120,79,82,116,67,29"/><V80/><F126/><N who="0" m="48138" /><D69/><U62/><E119/><V130/><F122/><W105/><G50/><T46/><D111/><U96/><E37/><V97/><F7/><W64/><G29/><T45/><D56/><U109/><E109/><V103/><F4/><W18/><G18/><T87/><D129/><N who="2" m="49770" /><F80/><W86/><G82/><T115/><D115/><U98/><E131/><V63/><F63/><W91/><G116/><T134/><D134/><U121/><E121/><V36/><F36/><W117/><G38/><T55/><D55/><U24/><E76/><V23/><F23/><AGARI ba="0,0" hai="14,16,23,45,46,87,90,93,99,101,107" m="48138" machi="23" ten="30,2000,0" yaku="18,1,54,1" doraHai="124" who="0" fromWho="2" sc="209,20,179,0,209,-20,403,0" /><INIT seed="3,0,0,5,3,88" ten="229,179,189,403" oya="3" hai0="17,37,6,124,11,41,52,93,59,99,13,22,71" hai1="117,83,21,122,33,8,23,129,73,18,87,49,76" hai2="106,25,43,115,100,102,32,68,79,40,55,86,39" hai3="128,26,66,78,130,108,65,132,47,35,63,58,36"/><W57/><G26/><T98/><D71/><U29/><E122/><V110/><F115/><W51/><G78/><T69/><D69/><U30/><E33/><V134/><F68/><W64/><G35/><T103/><D124/><U94/><E129/><V114/><F114/><W82/><G82/><T127/><D127/><U19/><E117/><V125/><F125/><W45/><G57/><T56/><D56/><U119/><E119/><V70/><F70/><W27/><G27/><T1/><D41/><N who="2" m="15946" /><F39/><W133/><G51/><T123/><D123/><U91/><E49/><V42/><N who="2" m="15954" /><V7/><DORA hai="109" /><F110/><W89/><G89/><T80/><D37/><U97/><E73/><V67/><F134/><W28/><G28/><N who="1" m="10858" /><E8/><V4/><F67/><W48/><G48/><T81/><D99/><U96/><E96/><N who="2" m="61703" /><F102/><W111/><G36/><T24/><D1/><U46/><E46/><V112/><F112/><W14/><G14/><T77/><D13/><U53/><E53/><V116/><F116/><W2/><G2/><T62/><D52/><U54/><E54/><V120/><F120/><W15/><G15/><T12/><D12/><U105/><E105/><V74/><F74/><W92/><G111/><T121/><D121/><U95/><E95/><V61/><F25/><W0/><G92/><T84/><D24/><U10/><E10/><V113/><BYE who="0" /><F113/><UN n0="%E7%AD%89%E3%80%85%E5%8A%9B%E5%8A%87%E5%A0%B4" /><W135/><G108/><T104/><D104/><U5/><E5/><N who="2" m="2123" /><F32/><W118/><G0/><T50/><D11/><U107/><E107/><V16/><F55/><N who="3" m="34271" /><G118/><T44/><D93/><U3/><E3/><V72/><F72/><RYUUKYOKU ba="0,0" sc="229,-15,179,15,189,-15,403,15" hai1="18,19,21,23,76,83,87,91,94,97" hai3="45,47,64,65,66,128,130,132,133,135" owari="214,1.4,194,-20.6,174,-32.6,418,51.8" /></mjloggm>