<mjloggm ver="2.3"><GO type="225" lobby="0"/><UN n0="%E3%82%82%E3%81%86%E3%81%93%E3%82%8A%E3%81%94%E3%82%8A%E3%82%89" n1="%6D%75%75%6D%75%72%61" n2="%E3%83%94%E3%82%B3%E3%83%9E%E3%82%B9%E3%83%86%E3%82%A3%E3%83%95" n3="%E3%81%B2%E3%81%AA%E3%81%AE%E3%82%8A%E3%81%8F" dan="16,16,17,17" rate="2148.37,2150.55,2189.86,2213.78" sx="M,F,M,M"/><TAIKYOKU oya="0"/><INIT seed="0,0,0,0,0,10" ten="250,250,250,250" oya="0" hai0="72,107,2,67,23,96,40,106,101,132,42,117,52" hai1="29,41,66,115,43,113,127,19,122,24,68,3,76" hai2="120,125,126,8,121,94,130,77,118,99,65,119,114" hai3="131,71,32,81,100,44,1,79,87,89,31,60,108"/><T98/><D117/><N who="2" m="44554" /><F65/><W59/><G1/><T110/><D2/><U17/><E122/><N who="2" m="47211" /><F8/><W6/><G71/><T13/><D72/><U112/><E3/><V55/><F55/><W92/><G6/><T134/><D67/><U109/><E109/><V28/><F28/><W93/><G108/><T25/><D110/><U50/><E127/><N who="2" m="48651" /><F114/><W26/><G131/><T64/><D64/><U16/><E66/><V73/><F130/><W84/><G44/><T78/><D52/><U38/><E68/><V82/><F94/><W39/><G39/><T33/><D42/><N who="1" m="15883" /><E38/><V133/><F99/><W91/><G59/><T97/><D40/><U22/><E50/><V69/><F69/><W104/><G60/><T15/><D33/><U21/><E76/><V35/><F35/><AGARI ba="0,0" hai="16,17,19,21,22,24,29,35,112,113,115" m="15883" machi="35" ten="40,2600,0" yaku="11,1,54,1" doraHai="10" who="1" fromWho="2" sc="250,0,250,26,250,-26,250,0" /><INIT seed="1,0,0,5,4,57" ten="250,276,224,250" oya="1" hai0="92,15,114,19,85,4,5,63,16,41,6,125,58" hai1="62,21,53,24,101,43,119,36,111,35,67,48,74" hai2="39,27,95,32,89,98,91,30,86,2,97,50,134" hai3="54,52,116,106,12,68,124,77,34,113,127,25,80"/><U94/><E119/><V102/><F39/><W105/><G113/><T82/><D114/><U31/><E74/><V73/><F73/><W76/><G116/><T128/><D128/><U51/><E111/><V87/><F2/><W33/><G68/><T37/><D125/><N who="3" m="48201" /><G12/><T135/><D135/><U112/><E112/><V72/><F72/><N who="3" m="43015" /><G77/><N who="0" m="46287" /><D37/><U60/><E36/><V7/><F134/><W69/><G69/><T130/><D130/><U83/><E67/><V115/><F115/><W49/><G54/><N who="0" m="34263" /><D41/><U23/><E83/><V132/><F132/><W9/><G9/><N who="0" m="6255" /><D92/><U26/><E43/><V107/><F7/><W81/><G81/><T56/><D56/><U88/><E35/><N who="3" m="13322" /><G25/><T0/><D0/><U108/><E108/><V45/><REACH who="2" step="1"/><F89/><REACH who="2" ten="250,276,214,250" step="2"/><W11/><G11/><T42/><D42/><AGARI ba="0,1" hai="27,30,32,42,45,50,86,87,91,95,97,98,102,107" machi="42" ten="30,3900,0" yaku="1,1,2,1,7,1,53,0" doraHai="57" doraHaiUra="121" who="2" fromWho="0" sc="250,-39,276,0,214,49,250,0" /><INIT seed="2,0,0,0,5,6" ten="211,276,263,250" oya="2" hai0="76,58,32,127,135,85,109,95,8,126,38,1,4" hai1="20,75,105,5,42,112,101,29,15,116,18,48,129" hai2="22,104,60,86,59,94,120,88,96,63,130,23,100" hai3="27,57,99,3,36,123,108,43,56,45,98,53,41"/><V74/><F120/><W84/><G123/><T78/><D38/><U110/><E112/><V124/><F130/><W26/><G108/><T34/><D109/><U106/><E129/><V68/><F124/><N who="0" m="47658" /><D135/><U97/><E116/><V83/><F68/><W28/><G3/><T12/><D58/><U25/><E110/><V31/><F31/><W65/><G65/><T61/><D61/><U51/><E75/><V40/><F40/><W64/><G64/><T24/><D1/><U118/><E118/><V102/><F63/><W128/><G128/><T90/><D24/><U111/><E111/><V114/><F114/><W131/><G131/><T30/><D30/><U35/><E42/><V121/><F121/><W77/><G43/><T117/><D117/><U79/><E79/><AGARI ba="0,0" hai="4,8,12,32,34,76,78,79,85,90,95" m="47658" machi="79" ten="30,2000,0" yaku="18,1,52,1" doraHai="6" who="0" fromWho="1" sc="211,20,276,-20,263,0,250,0" /><INIT seed="3,0,0,2,5,133" ten="231,256,263,250" oya="3" hai0="135,13,101,57,42,29,91,105,70,30,117,33,85" hai1="46,51,99,90,18,103,131,23,44,112,84,28,119" hai2="108,69,122,111,80,22,14,123,76,17,75,113,63" hai3="82,16,50,86,64,40,7,121,124,4,68,87,120"/><W110/><G110/><N who="2" m="42025" /><F113/><W74/><G74/><T130/><D117/><U116/><E112/><V59/><F69/><W38/><G38/><T3/><D70/><U78/><E131/><V100/><F100/><W134/><G134/><T72/><D3/><U93/><E78/><V77/><F77/><W102/><G102/><T37/><D72/><U54/><E28/><N who="0" m="10857" /><D33/><U0/><E46/><V129/><F129/><W10/><G68/><T81/><D105/><U19/><E0/><V9/><F9/><W20/><G64/><AGARI ba="0,0" hai="14,17,22,59,63,64,75,76,80,122,123" m="42025" machi="64" ten="30,1000,0" yaku="14,1" doraHai="133" who="2" fromWho="3" sc="231,0,256,0,263,10,250,-10" /><INIT seed="4,0,0,5,1,43" ten="231,256,273,240" oya="0" hai0="28,79,65,107,39,127,10,38,134,99,45,120,12" hai1="135,98,15,83,57,106,49,122,105,89,101,103,91" hai2="14,56,54,34,19,97,32,20,70,47,5,119,126" hai3="64,71,66,123,30,78,96,74,0,55,121,109,27"/><T93/><D120/><N who="3" m="46153" /><G109/><T108/><D108/><U132/><E122/><V24/><F70/><W40/><G0/><T88/><D134/><N who="1" m="51243" /><E15/><V52/><F126/><W50/><G40/><T29/><D127/><U31/><E31/><N who="0" m="11849" /><D107/><N who="1" m="40971" /><E57/><V8/><F119/><W16/><G71/><T1/><D39/><U58/><E49/><N who="2" m="28735" /><F34/><N who="3" m="20831" /><G96/><T112/><D38/><U116/><E58/><V111/><F32/><W7/><G7/><N who="0" m="3167" /><D1/><U87/><E116/><V37/><F37/><W94/><G94/><AGARI ba="0,0" hai="83,87,89,91,94,98,101,103" m="40971,51243" machi="94" ten="30,3900,0" yaku="20,1,34,2" doraHai="43" who="1" fromWho="3" sc="231,0,256,39,273,0,240,-39" /><INIT seed="5,0,0,0,2,74" ten="231,295,273,201" oya="1" hai0="14,21,123,117,61,72,45,9,22,16,31,92,42" hai1="23,0,88,134,86,124,20,29,109,2,58,104,129" hai2="98,106,71,15,55,76,75,17,44,95,26,51,133" hai3="57,12,70,91,82,116,65,97,52,102,120,37,96"/><U3/><E104/><V80/><F133/><W110/><G120/><T10/><D117/><U18/><E134/><V93/><F71/><W39/><G110/><T126/><D72/><U46/><E109/><V63/><F26/><W43/><G116/><T13/><D123/><U130/><E124/><V131/><F131/><N who="1" m="50185" /><E58/><V83/><F83/><W33/><G33/><T35/><D126/><U101/><E101/><V112/><F112/><W66/><G70/><T84/><D61/><U5/><E46/><V87/><F63/><W79/><G91/><T119/><D35/><U113/><E113/><V85/><F95/><W56/><G56/><T115/><D115/><U24/><E5/><V107/><F106/><W111/><G111/><T77/><D119/><U54/><E54/><V48/><F107/><W78/><G43/><T68/><D68/><U53/><E53/><V99/><F51/><W94/><G39/><T105/><D105/><U69/><E69/><V4/><F4/><W59/><G37/><T49/><D92/><N who="1" m="54295" /><E3/><V81/><F93/><N who="3" m="58639" /><G12/><AGARI ba="0,0" hai="0,2,12,18,20,23,24,29" m="54295,50185" machi="12" ten="30,2900,0" yaku="19,1,54,1" doraHai="74" who="1" fromWho="3" sc="231,0,295,29,273,0,201,-29" owari="231,-16.9,324,42.4,273,7.3,172,-32.8" /></mjloggm>