<mjloggm ver="2.3"><GO type="225" lobby="0"/><UN n0="%E6%81%A5%E6%99%92%E3%81%97" n1="%E3%83%8F%E3%82%AC%E3%82%BF%E3%82%AB%E3%81%AE%E3%81%88%E3%81%98%E3%81%8D" n2="%61%74%73%75%74%6F%64%6F" n3="%E3%81%95%E3%81%8D%E3%81%9F%E3%81%BE%E6%9E%97%E6%AA%8E" dan="16,17,16,16" rate="2085.36,2177.74,2081.78,2062.14" sx="M,M,M,M"/><TAIKYOKU oya="0"/><INIT seed="0,0,0,5,2,60" ten="250,250,250,250" oya="0" hai0="80,0,47,37,51,6,70,19,31,43,21,97,88" hai1="91,66,2,86,116,58,36,89,98,123,81,9,57" hai2="103,24,63,119,48,83,38,16,84,29,50,54,126" hai3="115,12,65,35,120,39,67,111,87,5,124,112,134"/><T102/><D70/><U46/><E116/><V129/><F38/><W23/><G39/><T131/><D131/><U15/><E123/><V96/><F119/><W100/><G35/><T135/><D135/><U44/><E2/><V18/><F126/><W8/><G134/><T22/><D0/><U107/><E36/><V122/><F122/><W68/><G68/><T71/><D6/><U74/><E74/><V17/><F63/><W33/><G33/><T25/><D71/><U41/><E41/><V64/><F64/><N who="3" m="24651" /><G124/><T55/><D80/><U109/><E109/><V73/><F73/><W78/><G120/><T92/><D102/><U95/><E107/><V11/><F129/><W133/><G133/><T121/><D121/><U28/><E28/><V10/><F24/><W101/><G115/><T125/><D125/><U1/><E1/><V14/><F29/><W90/><G78/><T34/><REACH who="0" step="1"/><D19/><REACH who="0" ten="240,250,250,250" step="2"/><N who="1" m="8687" /><E66/><V77/><F11/><W130/><G130/><T85/><D85/><U13/><E13/><V4/><REACH who="2" step="1"/><F54/><REACH who="2" ten="240,250,240,250" step="2"/><W45/><G112/><T49/><D49/><U113/><E113/><V40/><F40/><W75/><G111/><T132/><D132/><U94/><E81/><V52/><F52/><W108/><G108/><T69/><D69/><U79/><E86/><V128/><F128/><W118/><G75/><T114/><D114/><U93/><E98/><V104/><AGARI ba="0,2" hai="4,10,14,16,17,18,48,50,77,83,84,96,103,104" machi="104" ten="30,4000,0" yaku="1,1,0,1,54,1,53,0" doraHai="60" doraHaiUra="56" who="2" fromWho="2" sc="240,-20,250,-10,240,60,250,-10" /><INIT seed="1,0,0,5,4,17" ten="220,240,300,240" oya="1" hai0="63,126,125,32,103,45,78,132,119,84,72,129,25" hai1="91,83,10,127,128,3,6,27,92,23,16,66,95" hai2="46,31,22,96,64,101,51,106,52,89,29,11,104" hai3="4,65,13,113,36,41,102,77,110,100,38,88,86"/><U90/><E127/><V20/><F106/><W115/><G110/><T79/><D119/><U70/><E128/><V118/><F118/><W59/><G77/><T122/><D129/><U15/><E70/><V130/><F130/><W117/><G117/><T49/><D132/><U47/><E66/><V50/><F64/><W116/><G116/><T26/><D122/><U28/><E47/><V48/><F11/><W120/><G120/><T112/><D112/><U111/><E111/><V87/><F31/><W21/><G115/><T34/><D84/><U76/><E95/><V114/><F114/><W97/><G113/><T131/><D131/><U135/><E92/><N who="2" m="58503" /><F29/><W81/><G41/><T62/><D103/><U55/><E55/><V133/><F104/><W35/><G35/><T80/><D80/><U68/><E68/><V109/><F133/><W0/><G0/><T94/><D94/><U5/><E5/><V75/><F75/><W98/><G38/><T12/><D45/><U24/><E24/><V85/><F85/><W37/><G36/><T124/><D124/><U107/><E107/><V74/><F74/><W82/><G82/><T71/><D71/><U108/><E108/><V33/><F33/><W8/><G37/><T43/><D72/><N who="1" m="43399" /><E135/><V61/><F109/><W54/><G65/><T56/><D43/><U99/><E99/><N who="3" m="37898" /><G21/><N who="2" m="8297" /><F61/><AGARI ba="0,0" hai="4,8,13,54,59,61,81,86,88,100,102" m="37898" machi="61" ten="30,2000,0" yaku="8,1,54,1" doraHai="17" who="3" fromWho="2" sc="220,0,240,0,300,-20,240,20" /><INIT seed="2,0,0,0,3,73" ten="220,240,280,260" oya="2" hai0="97,53,134,4,46,71,52,23,6,18,129,63,123" hai1="45,118,130,49,101,50,85,25,121,87,56,70,61" hai2="54,114,83,19,12,64,116,92,20,103,28,107,105" hai3="7,40,98,30,51,39,35,106,122,33,42,41,14"/><V55/><F114/><W84/><G122/><T0/><D123/><U26/><E121/><V120/><F116/><W16/><G39/><T77/><D134/><U27/><E118/><V115/><F115/><W67/><G67/><T65/><D129/><U119/><E130/><V128/><F128/><W91/><G7/><T8/><D4/><U88/><E70/><V79/><F64/><W66/><G66/><T131/><D131/><U17/><E101/><V60/><F120/><W89/><G106/><T2/><D2/><U108/><E108/><V74/><F28/><W99/><G51/><T127/><D127/><U57/><E87/><V104/><REACH who="2" step="1"/><F60/><REACH who="2" ten="220,240,270,260" step="2"/><W124/><G30/><T82/><D65/><U32/><E61/><V43/><F43/><W68/><G42/><T132/><D63/><U69/><E119/><V126/><F126/><W34/><G124/><T125/><D125/><U36/><E69/><V9/><F9/><W96/><G68/><T31/><D71/><U135/><E135/><V109/><F109/><W86/><G41/><T112/><D132/><U59/><E32/><V111/><F111/><W44/><G35/><T24/><D112/><U5/><E36/><V21/><F21/><N who="3" m="11415" /><G33/><T62/><D62/><U29/><E29/><V47/><F47/><W13/><G34/><T48/><D53/><N who="1" m="29871" /><E50/><V37/><F37/><W78/><G44/><T81/><D31/><U80/><E5/><V72/><F72/><W133/><G40/><T117/><D117/><U1/><E1/><V75/><F75/><W76/><G133/><T113/><D0/><U38/><E38/><RYUUKYOKU ba="0,1" sc="220,-15,240,15,270,15,260,-15" hai1="17,25,26,27,56,57,59,80,85,88" hai2="12,19,20,54,55,74,79,83,92,103,104,105,107" /><INIT seed="2,1,1,0,0,59" ten="205,255,285,245" oya="2" hai0="107,100,90,25,125,20,69,87,13,70,83,119,41" hai1="133,68,34,92,21,8,64,39,128,124,47,85,10" hai2="4,78,52,16,105,38,101,44,31,91,129,3,5" hai3="28,127,61,98,120,95,49,76,130,23,29,93,7"/><V42/><F31/><W66/><G120/><T35/><D125/><U94/><E34/><V17/><F129/><W50/><G130/><T135/><D135/><U110/><E128/><V62/><F101/><W55/><G7/><T131/><D131/><U14/><E133/><V116/><F105/><W111/><G111/><T99/><D119/><U112/><E110/><V71/><F116/><W0/><G0/><T77/><D41/><U115/><E124/><V106/><F106/><W108/><G108/><T102/><D102/><U57/><E68/><V103/><F103/><W81/><G127/><T58/><D35/><U97/><E39/><V82/><F91/><W113/><G113/><T27/><D13/><U22/><E47/><V26/><F26/><W43/><G43/><T60/><D90/><U45/><E45/><V12/><F12/><W89/><G93/><T32/><D32/><U2/><E2/><V65/><F5/><W40/><G40/><T109/><D27/><U67/><E14/><V51/><F4/><W84/><G23/><T56/><D56/><U79/><E57/><N who="2" m="32927" /><F3/><W36/><G36/><T114/><D114/><U88/><E79/><V1/><F1/><W9/><G9/><N who="1" m="3690" /><E115/><V72/><AGARI ba="1,1" hai="16,17,38,42,44,62,65,71,72,78,82" m="32927" machi="72" ten="30,11700,0" yaku="24,1,52,1,54,2" doraHai="59" who="2" fromWho="2" sc="205,-40,255,-40,285,130,245,-40" /><INIT seed="2,2,0,5,1,18" ten="165,215,415,205" oya="2" hai0="131,85,58,8,11,72,42,66,4,54,86,32,100" hai1="88,73,38,67,76,37,128,71,129,53,121,123,61" hai2="119,97,101,81,15,94,105,16,44,110,13,52,9" hai3="108,34,126,55,111,20,14,25,112,104,26,130,89"/><V78/><F119/><W82/><G104/><T127/><D131/><N who="1" m="50251" /><E88/><V12/><F110/><W10/><G130/><T30/><D127/><U102/><E102/><V1/><F1/><W91/><G126/><T36/><D72/><U122/><E53/><V7/><F105/><W6/><G112/><T114/><D114/><U33/><E33/><V49/><F7/><W90/><G82/><AGARI ba="2,0" hai="37,38,61,67,71,73,76,82,121,122,123" m="50251" machi="82" ten="40,5200,0" yaku="13,1,19,1,23,1" doraHai="18" who="1" fromWho="3" sc="165,0,215,58,415,0,205,-58" /><INIT seed="3,0,0,5,1,105" ten="165,273,415,147" oya="3" hai0="55,41,31,33,78,72,30,85,107,50,68,104,18" hai1="4,29,49,12,7,77,124,133,86,66,130,90,17" hai2="100,56,3,45,108,34,1,21,70,11,35,127,15" hai3="129,120,84,19,88,60,10,99,43,48,96,14,57"/><W117/><G117/><T61/><D72/><U81/><E124/><V76/><F56/><W0/><G0/><T32/><D18/><U93/><E133/><V91/><F91/><W119/><G120/><T103/><D41/><U115/><E130/><V40/><F100/><W89/><G129/><T87/><D78/><U126/><E126/><V59/><F59/><W8/><G119/><T102/><D55/><U74/><E115/><V52/><F52/><N who="3" m="33831" /><G8/><T125/><D125/><U28/><E66/><V132/><F70/><W38/><G38/><T135/><D50/><U6/><E49/><V44/><F11/><W71/><G71/><T75/><D75/><U128/><E128/><V53/><F3/><W64/><G64/><T2/><D2/><U67/><E67/><V116/><F1/><W122/><G122/><T9/><D68/><U20/><AGARI ba="0,0" hai="4,6,7,12,17,20,28,29,74,77,81,86,90,93" machi="20" ten="30,2000,0" yaku="0,1,52,1" doraHai="105" who="1" fromWho="1" sc="165,-5,273,20,415,-5,147,-10" owari="160,-24.0,293,9.3,410,51.0,137,-36.3" /></mjloggm>