<mjloggm ver="2.3"><GO type="225" lobby="0"/><UN n0="%E5%8D%A0%E3%81%84%E5%B8%AB%E8%A3%8F%E3%81%AA%E3%81%84%E3%81%97" n1="%E3%81%99%E3%81%84%E3%81%BE%E3%81%9B%E3%83%BC%E3%82%93" n2="%72%69%6F%75%63%68%61%6E" n3="%E3%81%A8%E3%82%89%E3%81%84%E3%81%A1" dan="16,17,17,16" rate="2126.53,2215.23,2145.81,2105.34" sx="M,M,M,M"/><TAIKYOKU oya="0"/><INIT seed="0,0,0,0,4,44" ten="250,250,250,250" oya="0" hai0="132,63,25,27,89,24,75,76,110,72,69,82,42" hai1="3,18,61,30,77,109,124,9,11,49,13,39,87" hai2="48,40,45,12,35,34,47,78,83,66,46,107,73" hai3="84,0,37,19,70,122,14,113,29,117,81,28,86"/><T88/><D132/><U95/><E39/><V7/><F107/><W112/><G117/><T80/><D42/><U114/><E109/><V126/><F126/><W36/><G70/><T135/><D135/><U53/><E124/><V74/><F73/><W127/><G127/><T60/><D110/><U32/><E114/><V16/><F7/><W100/><G0/><T8/><D8/><U52/><E30/><V92/><F66/><W31/><G122/><T116/><D116/><U56/><E32/><V38/><F46/><W50/><G100/><T101/><D101/><U91/><E77/><V103/><F92/><W51/><G86/><T41/><D41/><U129/><E129/><V99/><F99/><W62/><G62/><N who="0" m="23595" /><D76/><U71/><E71/><V94/><F94/><W130/><G130/><T96/><D96/><U5/><REACH who="1" step="1"/><E49/><REACH who="1" ten="250,240,250,250" step="2"/><V98/><F38/><W22/><G37/><T120/><D69/><U59/><E59/><V65/><F48/><N who="3" m="18475" /><G36/><T6/><D120/><U111/><E111/><V133/><F133/><W125/><G125/><T17/><D75/><U1/><E1/><V15/><F74/><W106/><G113/><T85/><D72/><U118/><E118/><V68/><F68/><W90/><G112/><T79/><D79/><U43/><E43/><V4/><F40/><W57/><G57/><T58/><D58/><U21/><E21/><V115/><F34/><W119/><G119/><T108/><D108/><U104/><E104/><V134/><F35/><W67/><G106/><T10/><D10/><U128/><E128/><V105/><F105/><W54/><G67/><AGARI ba="0,1" hai="3,5,9,11,13,18,52,53,56,61,67,87,91,95" machi="67" ten="30,7700,0" yaku="1,1,6,1,7,1,54,1,53,0" doraHai="44" doraHaiUra="26" who="1" fromWho="3" sc="250,0,240,87,250,0,250,-77" /><INIT seed="1,0,0,3,1,72" ten="250,327,250,173" oya="1" hai0="107,122,79,120,19,40,24,51,80,12,10,14,31" hai1="116,26,76,99,68,113,28,98,91,109,50,7,64" hai2="83,102,9,3,115,34,60,88,48,90,89,133,25" hai3="5,87,69,61,65,52,47,118,71,132,8,66,39"/><U134/><E113/><V86/><F133/><W0/><G132/><T128/><D107/><U63/><E116/><V32/><F115/><W22/><G118/><T56/><D128/><U53/><E7/><V4/><F102/><W74/><G74/><T1/><D1/><U124/><E124/><V93/><F60/><W6/><G6/><T43/><D14/><U15/><E15/><V54/><F25/><W41/><G22/><T23/><D56/><U85/><E109/><V58/><REACH who="2" step="1"/><F93/><REACH who="2" ten="250,327,240,173" step="2"/><W18/><G69/><T73/><REACH who="0" step="1"/><D51/><REACH who="0" ten="240,327,240,173" step="2"/><U81/><E50/><V114/><F114/><W104/><G71/><T21/><D21/><U45/><E68/><V13/><F13/><W57/><G104/><T111/><D111/><U33/><E134/><V38/><F38/><W130/><G130/><T100/><D100/><U62/><E26/><V44/><F44/><W112/><G112/><T20/><D20/><U129/><E45/><V17/><F17/><W92/><REACH who="3" step="1"/><G18/><REACH who="3" ten="240,327,240,163" step="2"/><T75/><D75/><U30/><E129/><V121/><F121/><AGARI ba="0,3" hai="10,12,19,23,24,31,40,43,73,79,80,120,121,122" machi="121" ten="40,8000,1" yaku="1,1,13,1,52,1,53,1" doraHai="72" doraHaiUra="16" who="0" fromWho="2" sc="240,110,327,0,240,-80,163,0" /><INIT seed="2,0,0,5,5,1" ten="350,327,160,163" oya="2" hai0="123,55,49,24,38,79,34,93,90,96,127,43,116" hai1="33,109,44,37,11,20,12,50,23,25,83,0,108" hai2="88,61,104,102,13,29,97,85,114,119,70,103,76" hai3="101,46,73,6,77,52,7,30,45,130,42,86,78"/><V113/><F119/><W135/><G73/><T84/><D123/><U63/><E37/><V107/><F29/><W16/><G135/><T32/><D116/><U41/><E0/><V27/><F27/><W47/><G130/><T26/><D127/><U53/><E83/><N who="2" m="47335" /><F13/><W80/><G42/><T10/><D38/><U131/><E131/><V117/><F61/><W58/><G77/><T118/><D118/><U35/><E63/><V69/><F70/><W72/><G72/><T28/><D43/><U64/><E64/><V98/><F69/><W128/><G128/><T68/><D68/><U126/><E41/><V51/><F51/><N who="3" m="31007" /><G101/><T71/><D71/><U2/><E2/><V134/><F117/><W125/><G30/><T110/><D28/><N who="1" m="19599" /><E35/><V40/><F40/><W3/><G3/><T57/><D32/><U5/><E126/><V120/><F120/><W67/><G125/><T18/><D34/><U48/><E48/><V60/><F60/><W129/><G129/><T94/><D49/><U56/><E56/><V124/><F124/><W54/><G67/><T105/><D57/><U17/><E50/><V8/><F134/><W62/><G16/><T87/><D18/><U92/><E17/><V112/><F8/><W132/><G132/><T89/><D10/><U115/><E11/><V122/><F122/><W36/><G36/><T75/><D24/><U4/><E53/><V21/><F21/><W95/><G95/><T133/><D26/><U81/><E23/><V66/><F66/><W14/><G14/><T65/><D65/><U22/><E12/><V19/><F19/><RYUUKYOKU ba="0,0" sc="350,-15,327,-15,160,15,163,15" hai2="88,97,98,102,103,104,107,112,113,114" hai3="6,7,45,46,47,54,62,78,80,86" /><INIT seed="2,1,0,4,3,135" ten="335,312,175,178" oya="2" hai0="20,48,9,53,75,17,132,13,134,99,66,89,58" hai1="70,122,38,11,100,34,129,2,19,105,91,81,104" hai2="4,133,12,77,45,112,62,68,76,92,18,131,121" hai3="110,5,36,79,54,32,28,64,113,94,30,46,1"/><V116/><F112/><W119/><G119/><T65/><D75/><U78/><E70/><V80/><F116/><W85/><G113/><T0/><D0/><U128/><E38/><V25/><F121/><W39/><G110/><T3/><D3/><U6/><E34/><V88/><F133/><N who="0" m="51306" /><D9/><U60/><E122/><V37/><F131/><N who="1" m="50249" /><E100/><V57/><F68/><W123/><G64/><T61/><D61/><U83/><E19/><V42/><F4/><W26/><G30/><T101/><D89/><U10/><E10/><V103/><F103/><W102/><G123/><T50/><D48/><U49/><E49/><N who="2" m="26807" /><F80/><W120/><G120/><T55/><D55/><U95/><E60/><V73/><F73/><W72/><G72/><T67/><D67/><U69/><E69/><V21/><F37/><W40/><G36/><T126/><D65/><U124/><E83/><V24/><F24/><W111/><G111/><T51/><D51/><U14/><E2/><V74/><F12/><W93/><G54/><T23/><D66/><U87/><E124/><V114/><F74/><AGARI ba="1,0" hai="6,11,14,74,78,81,87,91,95,104,105" m="50249" machi="74" ten="30,1000,0" yaku="19,1" doraHai="135" who="1" fromWho="2" sc="335,0,312,13,175,-13,178,0" /><INIT seed="3,0,0,0,2,24" ten="335,325,162,178" oya="3" hai0="20,12,99,104,59,102,37,39,119,117,132,94,75" hai1="9,61,116,7,69,128,63,32,26,82,6,2,118" hai2="68,17,8,134,125,97,13,41,121,124,74,135,72" hai3="85,127,108,66,4,18,113,111,95,25,28,76,81"/><W114/><G127/><N who="2" m="48713" /><F68/><W5/><G18/><T30/><D75/><N who="2" m="28714" /><F121/><W38/><G95/><T14/><D132/><N who="2" m="50730" /><F97/><W34/><G66/><T92/><D99/><U70/><E82/><V110/><F41/><W23/><G38/><T49/><D39/><U19/><E19/><V47/><F47/><W120/><G34/><T54/><D37/><U44/><E44/><V84/><F84/><W64/><G64/><T73/><D73/><U126/><E126/><V11/><F110/><N who="3" m="42027" /><G120/><T16/><D16/><U55/><E32/><V88/><F88/><W91/><G91/><T78/><D94/><U60/><E70/><V77/><F77/><W52/><G52/><T21/><D78/><U100/><E55/><V89/><F89/><W42/><G42/><T27/><D92/><U115/><E69/><V106/><F106/><W57/><G57/><T36/><D104/><U86/><E63/><V29/><F29/><W22/><G113/><T107/><D107/><U80/><E115/><V129/><F129/><W33/><G114/><T96/><D96/><U71/><E71/><V131/><F131/><W103/><G103/><T31/><D102/><U62/><E100/><V79/><F79/><W83/><G83/><T1/><D36/><U93/><E128/><V45/><F45/><W0/><G4/><T133/><D133/><U58/><E7/><V130/><F130/><W48/><G48/><T10/><D49/><U67/><E80/><V112/><F112/><W109/><N who="3" m="42035" /><W53/><DORA hai="105" /><G53/><T35/><D54/><U90/><E67/><V56/><F56/><W15/><G0/><RYUUKYOKU ba="0,0" sc="335,-15,325,-15,162,15,178,15" hai2="8,11,13,17" hai3="5,15,22,23,25,28,33,76,81,85" /><INIT seed="3,1,0,1,5,90" ten="320,310,177,193" oya="3" hai0="70,45,39,98,73,120,8,12,94,5,14,76,15" hai1="38,63,48,112,61,25,114,37,4,109,118,57,69" hai2="99,84,19,125,43,92,133,18,108,104,59,44,123" hai3="119,100,22,89,1,95,42,75,122,30,17,7,81"/><W83/><G119/><T64/><D120/><U115/><E4/><V103/><F123/><W16/><G122/><T27/><D70/><U105/><E25/><V9/><F108/><W79/><G42/><T77/><D73/><U116/><E105/><V11/><F125/><W71/><G71/><T111/><D111/><U97/><E97/><V78/><F133/><W23/><G100/><N who="0" m="60503" /><D39/><N who="1" m="14859" /><E109/><V126/><F126/><W96/><G83/><T24/><D64/><N who="1" m="41103" /><E48/><N who="2" m="26655" /><F104/><W26/><REACH who="3" step="1"/><G23/><REACH who="3" ten="320,310,177,183" step="2"/><T3/><D8/><AGARI ba="1,1" hai="1,7,8,16,17,22,26,30,75,79,81,89,95,96" machi="8" ten="40,12000,1" yaku="1,1,2,1,52,1,54,1,53,0" doraHai="90" doraHaiUra="132" who="3" fromWho="0" sc="320,-123,310,0,177,0,183,133" owari="197,-20.3,310,11.0,177,-32.3,316,41.6" /></mjloggm>