<mjloggm ver="2.3"><GO type="225" lobby="0"/><UN n0="%E6%9D%B1%E9%A2%A8%E3%81%AE%E3%81%8D%E3%82%83%E3%81%B7%E3%81%95%E3%82%93" n1="%E3%81%B5%E3%81%98%E3%81%8B%E3%81%A4" n2="%E7%B4%94%E6%BD%94%E3%83%94%E3%83%A9%E3%83%8B%E3%82%A2" n3="%E3%83%A9%E3%83%BC%E3%83%A1%E3%83%B3%E4%BA%94%E9%83%8E" dan="17,16,16,16" rate="2254.35,2185.88,2177.28,2074.96" sx="M,M,M,M"/><TAIKYOKU oya="0"/><INIT seed="0,0,0,2,2,106" ten="250,250,250,250" oya="0" hai0="3,25,134,31,114,87,69,20,132,16,28,47,120" hai1="107,102,74,117,127,109,115,96,108,17,121,123,13" hai2="131,50,99,77,135,42,67,88,37,80,38,48,9" hai3="7,11,122,78,73,51,1,2,6,97,82,66,60"/><T62/><D120/><N who="1" m="46155" /><E13/><V128/><F67/><W36/><G122/><T119/><D3/><U18/><E17/><V71/><F71/><W55/><G36/><T85/><D47/><U0/><E18/><V56/><F135/><N who="0" m="51754" /><D114/><U64/><E64/><V94/><F9/><W101/><G51/><N who="2" m="19497" /><F56/><W91/><G55/><T46/><D46/><U10/><E10/><V86/><F42/><W27/><G27/><N who="0" m="14727" /><D119/><U59/><E59/><V129/><AGARI ba="0,0" hai="37,38,77,80,86,88,94,99,128,129,131" m="19497" machi="129" ten="40,2700,0" yaku="19,1,54,1" doraHai="106" who="2" fromWho="2" sc="250,-13,250,-7,250,27,250,-7" /><INIT seed="1,0,0,1,4,40" ten="237,243,277,243" oya="1" hai0="81,120,33,108,134,29,121,93,98,122,16,135,77" hai1="133,30,41,107,5,34,100,88,54,86,109,6,115" hai2="36,117,60,78,25,66,35,67,75,127,73,102,46" hai3="37,64,113,4,58,57,101,61,103,80,21,87,17"/><U114/><E133/><N who="0" m="50697" /><D29/><U43/><E107/><V79/><F117/><W110/><G110/><T130/><D33/><U132/><E132/><V9/><F127/><W83/><G113/><T99/><D16/><U8/><E100/><V26/><F102/><W20/><G37/><T18/><D18/><U50/><E109/><V1/><F60/><N who="3" m="37903" /><G4/><T49/><D49/><U92/><E5/><V47/><F36/><W15/><G21/><T56/><D56/><U95/><E95/><V27/><F35/><W111/><G83/><T129/><D108/><U124/><E124/><V68/><F68/><W2/><G2/><T31/><D31/><U74/><E74/><N who="2" m="28171" /><F9/><W38/><G38/><T96/><D93/><U13/><E115/><V126/><F126/><W39/><G39/><T53/><D53/><U112/><E112/><V104/><F104/><W14/><G14/><T90/><D90/><U45/><REACH who="1" step="1"/><E114/><REACH who="1" ten="237,233,277,243" step="2"/><V118/><F118/><W125/><G125/><T76/><D81/><U72/><E72/><V51/><F1/><W70/><G111/><T59/><D59/><U32/><E32/><V128/><F128/><AGARI ba="0,1" hai="76,77,96,98,99,120,121,122,128,129,130" m="50697" machi="128" ten="40,12000,2" yaku="28,2,13,1,19,1,20,1,34,2" doraHai="40" who="0" fromWho="2" sc="237,130,233,0,277,-120,243,0" /><INIT seed="2,0,0,3,2,71" ten="367,233,157,243" oya="2" hai0="72,68,20,2,66,76,35,82,9,116,108,73,61" hai1="101,27,43,38,40,19,94,89,97,74,135,3,4" hai2="29,32,52,26,93,62,115,80,131,79,58,36,8" hai3="18,53,69,103,122,6,99,50,48,42,67,118,129"/><V56/><F115/><W84/><G118/><T128/><D116/><U106/><E135/><V119/><F119/><W113/><G122/><T0/><D128/><U28/><E74/><V22/><F131/><W83/><G129/><T55/><D55/><U110/><E110/><V105/><F105/><W92/><G113/><T44/><D108/><U16/><E4/><V121/><F121/><W21/><G6/><T10/><D20/><U114/><E3/><V11/><F32/><W109/><G109/><T126/><D126/><U39/><E43/><V47/><F93/><W14/><G42/><T77/><D35/><U13/><E40/><V24/><F47/><N who="3" m="27807" /><G69/><T120/><D44/><U45/><E45/><V81/><F36/><W60/><G50/><T7/><D120/><U25/><E25/><V64/><F24/><W31/><G31/><T130/><D130/><U41/><E41/><V63/><REACH who="2" step="1"/><F81/><REACH who="2" ten="367,233,147,243" step="2"/><W117/><G117/><T90/><D82/><U98/><E114/><V111/><F111/><W12/><G83/><T112/><D112/><U1/><E38/><V49/><F49/><W54/><G92/><T96/><D72/><AGARI ba="0,1" hai="8,11,22,26,29,52,56,58,62,63,64,72,79,80" machi="72" ten="30,11600,0" yaku="1,1,7,1,54,1,53,1" doraHai="71" doraHaiUra="104" who="2" fromWho="0" sc="367,-116,233,0,147,126,243,0" /><INIT seed="2,1,0,2,0,71" ten="251,233,273,243" oya="2" hai0="33,63,86,9,68,88,55,38,15,52,109,19,80" hai1="1,103,48,39,50,133,84,17,117,114,91,54,73" hai2="120,113,58,127,97,78,75,20,44,18,112,108,65" hai3="89,34,11,32,129,106,96,82,36,13,43,72,23"/><V99/><F120/><W42/><G129/><T85/><D33/><U101/><E117/><V132/><F127/><W64/><G23/><T46/><D109/><U45/><E114/><V121/><F121/><W8/><G64/><T2/><D2/><U110/><E110/><V116/><F108/><W49/><G8/><T67/><REACH who="0" step="1"/><D85/><REACH who="0" ten="241,233,273,243" step="2"/><U111/><E1/><V29/><F113/><W25/><G34/><T7/><D7/><U104/><E111/><V62/><F112/><W74/><G32/><T126/><D126/><U100/><E73/><V98/><F116/><W90/><G72/><T56/><D56/><N who="1" m="32839" /><E133/><V59/><F59/><W92/><G74/><T61/><D61/><U21/><E104/><V31/><F132/><W134/><G106/><T131/><D131/><U102/><E39/><V95/><F75/><W123/><G36/><T135/><D135/><U79/><E50/><V128/><F128/><W35/><G134/><T53/><D53/><U60/><E60/><V10/><F58/><W83/><G35/><T5/><D5/><U4/><E4/><V41/><F62/><W14/><G49/><T37/><D37/><U69/><E69/><V22/><F65/><W30/><G123/><T81/><D81/><N who="1" m="49551" /><E45/><V26/><F44/><W51/><G51/><T115/><D115/><U94/><E94/><V40/><F95/><W66/><G92/><T87/><D87/><U27/><N who="1" m="25600" /><DORA hai="122" /><U107/><E107/><V130/><F130/><W57/><G82/><T0/><D0/><U125/><E125/><V16/><F99/><W6/><G96/><T12/><D12/><RYUUKYOKU ba="1,1" sc="241,15,233,15,273,-15,243,-15" hai0="9,15,19,38,46,52,55,63,67,68,80,86,88" hai1="17,21,27,79" /><INIT seed="3,2,1,1,1,83" ten="256,248,258,228" oya="3" hai0="61,65,3,53,44,8,113,69,23,90,128,117,35" hai1="104,100,71,16,29,109,135,7,119,121,24,74,78" hai2="33,50,57,79,20,80,43,45,9,25,64,127,96" hai3="13,37,116,54,72,39,0,105,101,46,47,98,111"/><W115/><G115/><T84/><D35/><N who="1" m="20903" /><E121/><V68/><F127/><W34/><G116/><T26/><D117/><U89/><E89/><V130/><F130/><W66/><G0/><T122/><D122/><U131/><E119/><V92/><F33/><W22/><G72/><T95/><D128/><U63/><E131/><V114/><F68/><W62/><G34/><T31/><D113/><U120/><E120/><V55/><F114/><W123/><G123/><T32/><D32/><U19/><E7/><V56/><F9/><W42/><G111/><T5/><D44/><U76/><E76/><V1/><F1/><W11/><G22/><T73/><D73/><U30/><E30/><V86/><F64/><W112/><G112/><T17/><D53/><U99/><E135/><V15/><F15/><W41/><G54/><T88/><D90/><U14/><E14/><V40/><F56/><W10/><REACH who="3" step="1"/><G13/><REACH who="3" ten="256,248,258,218" step="2"/><T2/><D2/><U48/><E109/><V108/><F108/><W110/><G110/><T133/><REACH who="0" step="1"/><D31/><REACH who="0" ten="246,248,258,218" step="2"/><U6/><E74/><V21/><F43/><W102/><G102/><T49/><D49/><U58/><E48/><N who="2" m="26663" /><F25/><W125/><G125/><T77/><D77/><U106/><E78/><V107/><F79/><W52/><G52/><T126/><D126/><U70/><E100/><V85/><F55/><W75/><G75/><T18/><D18/><U134/><E19/><V67/><F50/><W38/><G38/><T59/><D59/><AGARI ba="2,3" hai="10,11,37,39,41,42,46,47,59,62,66,98,101,105" machi="59" ten="30,11600,0" yaku="1,1,7,1,9,1,53,1" doraHai="83" doraHaiUra="103" who="3" fromWho="0" sc="246,-122,248,0,258,0,218,152" owari="124,-37.6,248,-15.2,258,5.8,370,47.0" /></mjloggm>