<mjloggm ver="2.3"><GO type="225" lobby="0"/><UN n0="%E3%82%BD%E3%83%83%E3%82%AF%E3%82%B9%E2%99%AA" n1="%E3%81%8B%E3%82%8F%E3%81%A1%E3%82%83%E3%82%93%35%38" n2="%73%6C%69%63%6B%33%31%39" n3="%E7%B4%94%E6%BD%94%E3%83%94%E3%83%A9%E3%83%8B%E3%82%A2" dan="16,16,16,17" rate="2058.12,2145.21,2111.13,2163.60" sx="M,M,M,M"/><TAIKYOKU oya="0"/><INIT seed="0,0,0,0,1,28" ten="250,250,250,250" oya="0" hai0="32,115,131,30,21,91,66,57,113,6,67,87,60" hai1="112,119,3,70,80,37,44,129,64,75,82,107,43" hai2="106,55,95,29,48,69,38,125,40,39,90,52,11" hai3="17,97,121,22,103,62,120,86,128,42,20,126,92"/><T31/><D131/><U68/><E82/><V0/><F106/><W63/><G42/><T73/><D73/><U25/><E119/><V46/><F125/><W8/><G126/><T27/><D6/><U47/><E129/><V79/><F79/><W98/><G86/><T49/><D66/><U56/><E107/><V33/><F69/><N who="1" m="26729" /><E25/><V13/><F0/><W19/><G128/><T65/><D65/><U26/><E26/><V15/><F29/><W93/><G8/><T104/><D104/><U94/><E94/><V96/><F33/><W36/><G36/><T4/><D4/><U134/><E80/><V122/><F122/><W88/><G88/><T105/><D105/><U35/><E35/><V81/><F81/><W127/><G127/><T59/><D31/><U76/><E76/><V12/><REACH who="2" step="1"/><F11/><REACH who="2" ten="250,250,240,250" step="2"/><W100/><AGARI ba="0,1" hai="17,19,20,22,62,63,92,93,97,98,100,103,120,121" machi="100" ten="25,3200,0" yaku="0,1,22,2" doraHai="28" who="3" fromWho="3" sc="250,-16,250,-8,240,-8,250,42" /><INIT seed="1,0,0,1,1,60" ten="234,242,232,292" oya="1" hai0="33,115,27,98,44,106,131,74,21,7,61,10,59" hai1="117,25,12,5,82,9,77,23,134,55,29,76,18" hai2="54,80,90,14,45,118,87,128,124,91,100,120,97" hai3="81,1,68,67,73,109,46,112,127,85,48,129,2"/><U64/><E117/><V41/><F118/><W19/><G112/><T101/><D131/><U92/><E134/><V34/><F120/><W69/><G73/><T30/><D115/><U4/><E77/><V83/><F34/><W57/><G129/><T122/><D122/><U133/><E133/><V63/><F128/><W132/><G109/><T43/><D74/><U114/><E114/><V75/><F124/><W15/><G127/><T71/><D71/><U125/><E125/><V26/><F26/><W110/><G110/><T70/><D70/><U86/><E64/><V103/><F14/><W89/><G69/><T94/><D106/><U16/><E92/><V28/><F28/><W42/><G68/><T39/><D33/><U37/><E37/><V13/><F13/><W51/><G132/><T107/><D107/><U56/><REACH who="1" step="1"/><E29/><REACH who="1" ten="234,232,232,292" step="2"/><V123/><F123/><W32/><G67/><T95/><D94/><U72/><E72/><V66/><F75/><W105/><G105/><T17/><D30/><U116/><E116/><V102/><F66/><W62/><G81/><T65/><D95/><U108/><E108/><V121/><F121/><W31/><G31/><T11/><D65/><U49/><AGARI ba="0,1" hai="4,5,9,12,16,18,23,25,49,55,56,76,82,86" machi="49" ten="20,12000,1" yaku="1,1,0,1,7,1,8,1,54,1,53,0" doraHai="60" doraHaiUra="88" who="1" fromWho="1" sc="234,-40,232,130,232,-40,292,-40" /><INIT seed="1,1,0,1,0,118" ten="194,362,192,252" oya="1" hai0="18,22,97,3,36,107,134,67,39,43,75,72,5" hai1="45,76,89,30,62,101,114,130,10,34,117,131,133" hai2="51,7,83,119,52,47,94,86,54,104,98,55,31" hai3="40,106,16,100,116,69,27,13,59,128,82,71,105"/><U123/><E117/><V37/><F119/><W6/><G116/><T41/><D134/><U14/><E114/><V79/><F104/><W109/><G109/><T95/><D107/><U9/><E133/><V74/><F37/><W33/><G128/><T12/><D67/><U73/><E101/><V132/><F132/><W35/><G40/><T99/><D39/><U110/><E89/><V42/><F31/><W84/><G6/><T113/><D113/><U38/><E62/><V87/><REACH who="2" step="1"/><F7/><REACH who="2" ten="194,362,182,252" step="2"/><W70/><G106/><T46/><D5/><U91/><E30/><V28/><F28/><W68/><G105/><T11/><D36/><U20/><E38/><V57/><F57/><W17/><G59/><T4/><D46/><U112/><E45/><V63/><F63/><W23/><G68/><T92/><D43/><U65/><E112/><V108/><F108/><W122/><G69/><T60/><D41/><U53/><E110/><V126/><F126/><W115/><G70/><T77/><D60/><U15/><E131/><V29/><F29/><W80/><G71/><T78/><D72/><U121/><E130/><V25/><F25/><W32/><G115/><T90/><REACH who="0" step="1"/><D75/><REACH who="0" ten="184,362,182,252" step="2"/><U26/><E73/><V0/><F0/><W127/><G127/><T21/><D21/><U111/><E20/><V135/><F135/><W125/><G125/><T56/><D56/><U81/><E111/><V2/><F2/><W58/><G58/><T24/><D24/><U64/><E26/><V129/><F129/><W44/><G23/><T93/><D93/><U8/><E8/><V120/><F120/><RYUUKYOKU ba="1,2" sc="184,15,362,-15,182,15,252,-15" hai0="3,4,11,12,18,22,77,78,90,92,95,97,99" hai2="42,47,51,52,54,55,74,79,83,86,87,94,98" /><INIT seed="2,2,2,5,2,0" ten="199,347,197,237" oya="2" hai0="57,80,8,114,14,68,87,34,129,88,111,125,10" hai1="93,102,135,42,16,36,90,50,109,55,117,75,74" hai2="60,123,89,101,56,35,77,83,107,86,30,70,24" hai3="4,64,38,113,54,43,58,98,29,126,9,99,31"/><V97/><F123/><W71/><G71/><T18/><D114/><U121/><E117/><V12/><F12/><W2/><G64/><T15/><D68/><U79/><E102/><V112/><F112/><W1/><G1/><T63/><D111/><U33/><E33/><V84/><F70/><W96/><G113/><T108/><D108/><U100/><E100/><V130/><F130/><W81/><G126/><T48/><D34/><U124/><E79/><V21/><F35/><W32/><G32/><T91/><D129/><U6/><E6/><V39/><F39/><W134/><G134/><T61/><D91/><U52/><E55/><V59/><REACH who="2" step="1"/><F60/><REACH who="2" ten="199,347,187,237" step="2"/><W26/><G38/><T105/><D125/><U37/><E37/><V94/><AGARI ba="2,3" hai="21,24,30,56,59,77,83,84,86,89,94,97,101,107" machi="94" ten="20,7800,0" yaku="1,1,2,1,0,1,7,1,53,0" doraHai="0" doraHaiUra="49" who="2" fromWho="2" sc="199,-28,347,-28,187,114,237,-28" /><INIT seed="2,3,0,5,1,72" ten="171,319,301,209" oya="2" hai0="39,27,59,33,108,125,61,45,44,93,104,43,123" hai1="3,46,129,132,1,131,133,105,38,116,56,81,135" hai2="68,77,112,101,52,4,26,134,88,76,75,80,8" hai3="115,78,102,11,37,48,121,6,54,92,41,97,70"/><V42/><F112/><W32/><G115/><T34/><D108/><U118/><E105/><V23/><F68/><W74/><G121/><T47/><D125/><U30/><E30/><V111/><F111/><W87/><G32/><T40/><D123/><U126/><E56/><V82/><F134/><W53/><G74/><T114/><D114/><U15/><E126/><V63/><F42/><W7/><G70/><T119/><D104/><U69/><E69/><V128/><F128/><N who="1" m="49225" /><E81/><V109/><F101/><W14/><G37/><T28/><D119/><N who="1" m="45611" /><E15/><N who="2" m="5511" /><F75/><W2/><G2/><N who="1" m="522" /><E46/><V117/><F109/><W16/><G41/><T84/><D34/><U79/><E79/><N who="2" m="30283" /><F88/><W99/><G99/><T73/><D73/><U91/><E91/><V50/><F63/><W90/><G78/><T64/><REACH who="0" step="1"/><D43/><REACH who="0" ten="161,319,301,209" step="2"/><U18/><E135/><V21/><F117/><W29/><G29/><T124/><D124/><U36/><E133/><V0/><F0/><W66/><G66/><T113/><D113/><U85/><E132/><V65/><F65/><W89/><G54/><T62/><D62/><U13/><E38/><V31/><F21/><W130/><G130/><T96/><D96/><U127/><E36/><V49/><F49/><W60/><G60/><T22/><D22/><U98/><E98/><V106/><F106/><W17/><G87/><T122/><D122/><U12/><E127/><V20/><F23/><W67/><G67/><T9/><D9/><N who="1" m="6415" /><E85/><V110/><F110/><W100/><G97/><T25/><D25/><U83/><E13/><V86/><F86/><N who="3" m="52279" /><G14/><T58/><D58/><AGARI ba="3,1" hai="20,26,31,50,52,58,80,82" m="30283,5511" machi="58" ten="30,12000,1" yaku="8,1,52,3,54,1" doraHai="72" who="2" fromWho="0" sc="161,-129,319,0,301,139,209,0" /><INIT seed="2,4,0,1,2,71" ten="32,319,440,209" oya="2" hai0="3,117,106,63,124,27,103,50,1,92,16,91,19" hai1="35,96,15,66,5,84,85,8,12,2,130,23,31" hai2="132,10,4,122,89,119,62,51,77,99,129,111,133" hai3="37,109,126,135,90,80,20,48,107,7,75,57,64"/><V6/><F122/><W42/><G107/><T36/><D124/><U49/><E130/><V39/><F119/><W102/><G126/><T22/><D117/><U70/><E70/><V104/><F129/><W112/><G102/><T78/><D78/><U81/><E66/><V9/><F77/><W58/><G112/><T121/><D121/><U134/><E134/><N who="2" m="51819" /><F51/><W44/><G109/><T127/><D127/><U38/><E35/><V17/><F17/><W101/><G101/><T69/><D50/><U55/><E38/><V41/><F62/><W65/><G135/><T93/><D93/><U29/><E96/><V54/><F54/><W105/><G105/><T68/><D106/><U72/><E72/><V61/><F61/><W97/><G7/><N who="2" m="2601" /><F89/><W32/><G32/><T45/><D103/><U28/><E23/><V26/><F26/><W82/><G20/><T14/><D63/><U98/><E98/><V18/><F18/><W88/><G97/><T100/><D100/><U11/><E11/><N who="2" m="4107" /><F99/><W120/><G120/><T46/><D91/><U34/><E34/><V40/><F104/><W0/><G48/><T115/><D92/><U110/><E2/><V108/><F39/><W47/><G37/><T113/><D36/><U33/><E33/><V123/><F123/><W52/><G52/><T30/><D22/><U95/><E5/><V125/><F125/><W118/><G118/><T83/><D27/><U116/><E116/><V114/><F114/><W53/><G53/><T59/><D59/><U94/><E49/><V79/><F79/><W86/><G58/><T25/><D25/><RYUUKYOKU ba="4,0" sc="32,-10,319,-10,440,30,209,-10" hai2="40,41,108,111" /><INIT seed="2,5,0,0,0,41" ten="22,309,470,199" oya="2" hai0="7,50,39,109,49,11,113,60,103,25,2,74,45" hai1="85,62,87,134,124,40,66,57,101,32,4,16,120" hai2="10,20,24,44,72,61,83,125,99,9,6,96,19" hai3="110,114,52,89,121,13,122,53,77,93,14,29,129"/><V130/><F130/><W131/><G77/><T38/><D113/><U26/><E124/><V88/><F125/><W75/><G75/><T55/><D109/><U67/><E134/><V128/><F128/><N who="3" m="49227" /><G29/><T37/><D74/><U64/><E120/><N who="3" m="46186" /><G110/><T33/><D103/><U116/><E116/><V123/><F123/><W1/><G1/><T63/><REACH who="0" step="1"/><D49/><REACH who="0" ten="12,309,470,199" step="2"/><U102/><E102/><V86/><F72/><W71/><G114/><T70/><D70/><U31/><E101/><V15/><F61/><W106/><G71/><T0/><D0/><U18/><E62/><V98/><F9/><W127/><G106/><T84/><D84/><U79/><E87/><V22/><F22/><W30/><G127/><T42/><D42/><U58/><E40/><V92/><REACH who="2" step="1"/><F44/><REACH who="2" ten="12,309,460,199" step="2"/><W43/><G43/><T117/><D117/><U47/><E47/><V23/><F23/><W54/><G30/><AGARI ba="5,2" hai="2,7,11,25,30,33,37,38,39,45,50,55,60,63" machi="30" ten="40,8000,1" yaku="1,1,52,1,53,2" doraHai="41" doraHaiUra="56" who="0" fromWho="3" sc="12,115,309,0,460,0,199,-95" /><INIT seed="3,0,0,1,2,51" ten="127,309,460,104" oya="3" hai0="58,94,83,95,29,59,49,37,0,80,17,48,130" hai1="87,91,63,56,16,110,9,93,81,38,133,52,57" hai2="60,79,15,103,132,118,70,97,102,90,62,25,111" hai3="64,5,77,42,69,125,112,119,120,39,7,108,126"/><W71/><G112/><T85/><D37/><U46/><E110/><V36/><F36/><W123/><G39/><T117/><D117/><U66/><E133/><V12/><F118/><W10/><G119/><T89/><D0/><U100/><E38/><V113/><F113/><W68/><G42/><T128/><D29/><U76/><E46/><V44/><F44/><W27/><G64/><T74/><D49/><U107/><E107/><V127/><F79/><W67/><G67/><T8/><D80/><U75/><E100/><V6/><F25/><W92/><G77/><N who="0" m="44471" /><D94/><U45/><E45/><V135/><F127/><N who="3" m="48651" /><G108/><T41/><D48/><U23/><E9/><V26/><F111/><W19/><G92/><T24/><D41/><U99/><E75/><V96/><F70/><N who="3" m="17923" /><W1/><DORA hai="129" /><G7/><T3/><D24/><U106/><E106/><V88/><F26/><W53/><G53/><T40/><D40/><U14/><E57/><V131/><F131/><N who="0" m="50218" /><D17/><U11/><E11/><V30/><F30/><W116/><G116/><T34/><D34/><U13/><E13/><V114/><F114/><W2/><G2/><T73/><D73/><U31/><E31/><V50/><F50/><W47/><G47/><T4/><AGARI ba="0,0" hai="3,4,8,58,59,85,89,95" m="50218,44471" machi="4" ten="30,1100,0" yaku="19,1" doraHai="51,129" who="0" fromWho="0" sc="127,11,309,-3,460,-3,104,-5" owari="138,-26.2,306,10.6,457,55.7,99,-40.1" /></mjloggm>