<mjloggm ver="2.3"><GO type="225" lobby="0"/><UN n0="%E3%82%82%E3%81%90%E3%82%89" n1="%E4%B8%AD%E5%B9%B4%E3%81%AE%E5%8D%B1%E6%A9%9F" n2="%E3%81%A1%E3%82%85%E3%81%86%E3%81%A9%E3%81%8F%E8%B1%A1%E3%81%95%E3%82%93" n3="%54%4F%52" dan="17,16,16,17" rate="2188.73,2133.10,2079.75,2247.94" sx="M,M,M,M"/><TAIKYOKU oya="0"/><INIT seed="0,0,0,4,5,38" ten="250,250,250,250" oya="0" hai0="126,71,53,64,0,27,120,44,123,1,101,118,132" hai1="23,70,125,129,28,40,119,112,42,86,95,98,103" hai2="69,114,84,19,13,57,47,90,117,130,106,45,3" hai3="34,15,100,80,4,72,124,51,131,111,36,85,135"/><T63/><D101/><U26/><E119/><V9/><F114/><W107/><G36/><T11/><D118/><U133/><E112/><V17/><F117/><W55/><G34/><T104/><D104/><U50/><E125/><V22/><F69/><W41/><G72/><T48/><D126/><U75/><E75/><V78/><F106/><W115/><G115/><T8/><D132/><U73/><E73/><V91/><F130/><W102/><G124/><T12/><D27/><U31/><E129/><V65/><F78/><W61/><G131/><T121/><REACH who="0" step="1"/><D11/><REACH who="0" ten="240,250,250,250" step="2"/><U74/><E133/><V116/><F116/><W96/><G135/><T109/><D109/><U37/><E74/><V16/><F9/><W58/><G111/><T108/><D108/><U30/><E70/><V127/><F127/><W33/><G102/><T81/><D81/><U134/><E134/><V128/><F128/><W29/><G107/><T5/><AGARI ba="0,1" hai="0,1,5,8,12,44,48,53,63,64,71,120,121,123" machi="5" ten="30,3000,0" yaku="1,1,0,1,53,0" doraHai="38" doraHaiUra="113" who="0" fromWho="0" sc="240,40,250,-10,250,-10,250,-10" /><INIT seed="0,1,0,2,1,51" ten="280,240,240,240" oya="0" hai0="39,104,56,123,6,114,113,118,46,31,87,71,13" hai1="28,12,95,26,74,119,92,11,135,60,76,125,97" hai2="37,0,34,115,81,48,21,128,100,10,9,102,73" hai3="62,14,131,94,19,111,117,67,132,70,45,82,86"/><T84/><D123/><U126/><E119/><V23/><F37/><W88/><G117/><T129/><D71/><U64/><E135/><V122/><F115/><W49/><G132/><T44/><D118/><U50/><E74/><V93/><F34/><W66/><G111/><T43/><D129/><U55/><E76/><V27/><F122/><W15/><G131/><T68/><D68/><U61/><E64/><V29/><F128/><W2/><G2/><T18/><D104/><U101/><E95/><V83/><F23/><W77/><G67/><T124/><D124/><N who="1" m="47723" /><E26/><V35/><F35/><W91/><G19/><T85/><D6/><N who="1" m="3191" /><E28/><V96/><F100/><W103/><G103/><T75/><D31/><U130/><E130/><V133/><F133/><W105/><G105/><T79/><D79/><U99/><E99/><V16/><F73/><W107/><G107/><T8/><D75/><U134/><E134/><V90/><F102/><W25/><G25/><T41/><REACH who="0" step="1"/><D56/><AGARI ba="1,0" hai="50,55,56,60,61,92,97,101" m="3191,47723" machi="56" ten="30,2000,0" yaku="18,1,52,1" doraHai="51" who="1" fromWho="0" sc="280,-23,240,23,240,0,240,0" /><INIT seed="1,0,0,0,4,81" ten="257,263,240,240" oya="1" hai0="80,131,10,16,60,42,0,37,74,58,113,18,103" hai1="98,89,94,6,126,31,134,128,9,33,54,102,17" hai2="45,73,52,101,95,50,43,48,112,55,5,41,122" hai3="79,4,107,96,123,47,75,109,63,91,130,27,129"/><U49/><E126/><V51/><F73/><W99/><G123/><T125/><D113/><U20/><E33/><V2/><F122/><W61/><G109/><T23/><D125/><U12/><E134/><V7/><F112/><W82/><G4/><N who="2" m="1609" /><F2/><W40/><G27/><T32/><D32/><U68/><E68/><V121/><F121/><W86/><G99/><T70/><D70/><U77/><E77/><V8/><F8/><W59/><G96/><T110/><D110/><U120/><E120/><V135/><F135/><W88/><G107/><T119/><D103/><U104/><E31/><V108/><F108/><W35/><G35/><T118/><D131/><N who="3" m="50185" /><G75/><T14/><D80/><U30/><E30/><V69/><F69/><W57/><G57/><T24/><D74/><U67/><E67/><V115/><F115/><W92/><G92/><T66/><REACH who="0" step="1"/><D0/><REACH who="0" ten="247,263,240,240" step="2"/><U34/><E34/><V28/><F101/><W39/><G63/><T15/><D15/><U64/><E128/><V26/><F95/><W71/><G71/><T46/><AGARI ba="0,1" hai="10,14,16,18,23,24,37,42,46,58,60,66,118,119" machi="46" ten="30,4000,0" yaku="1,1,0,1,54,1,53,0" doraHai="81" doraHaiUra="127" who="0" fromWho="0" sc="247,50,263,-20,240,-10,240,-10" /><INIT seed="2,0,0,2,5,9" ten="297,243,230,230" oya="2" hai0="132,11,32,120,97,71,55,51,126,92,73,24,15" hai1="102,66,85,109,23,121,103,83,44,1,89,20,78" hai2="118,106,74,4,37,87,100,112,3,105,76,36,52" hai3="53,114,129,22,41,86,117,26,21,94,30,5,101"/><V110/><F118/><W60/><G117/><T54/><D120/><U111/><E1/><V115/><F74/><W64/><G129/><T98/><D73/><U34/><E34/><V2/><F110/><N who="1" m="41993" /><E121/><V91/><F76/><W107/><G114/><T13/><D126/><U17/><E66/><V57/><F4/><W8/><G107/><T82/><D132/><U61/><E61/><V70/><F70/><W31/><G41/><T135/><D135/><U12/><E44/><V47/><F105/><W72/><G72/><T18/><D71/><U131/><E131/><V38/><F47/><W84/><G53/><T77/><D32/><U116/><E116/><V134/><F134/><W14/><G22/><N who="0" m="13399" /><D11/><N who="1" m="6303" /><E89/><V7/><F7/><W19/><G84/><N who="0" m="48207" /><D98/><U56/><E56/><V48/><F2/><W65/><G65/><T69/><D69/><U16/><E23/><V80/><REACH who="2" step="1"/><F3/><REACH who="2" ten="297,243,220,230" step="2"/><W123/><G123/><T35/><D35/><U46/><E46/><V67/><F67/><W45/><G45/><N who="0" m="28015" /><D55/><U90/><E78/><V42/><F42/><W50/><G64/><T39/><D39/><U27/><AGARI ba="0,1" hai="16,20,27,83,85,90,102,103" m="6303,41993" machi="27" ten="30,4000,0" yaku="14,1,52,1,54,1" doraHai="9" who="1" fromWho="1" sc="297,-10,243,50,220,-20,230,-10" /><INIT seed="3,0,0,0,1,38" ten="287,293,200,220" oya="3" hai0="77,66,60,99,32,47,15,102,43,65,130,36,53" hai1="91,0,78,100,31,115,25,127,10,40,96,13,110" hai2="7,34,26,75,14,70,37,35,45,41,4,1,49" hai3="58,128,131,93,62,56,97,112,2,123,129,106,9"/><W121/><G106/><T11/><D32/><N who="2" m="12330" /><F49/><W120/><G112/><T33/><D33/><U48/><E0/><V98/><F26/><W39/><G39/><T28/><D28/><U52/><E115/><V135/><F14/><W63/><G2/><T59/><D130/><U16/><E78/><V104/><F135/><W95/><G9/><T21/><D21/><N who="1" m="15791" /><E127/><V5/><F5/><W119/><G119/><T29/><D29/><U80/><E40/><V73/><F4/><W132/><G132/><T68/><D77/><U22/><E110/><V111/><F70/><W109/><G109/><T81/><D81/><U101/><E22/><V114/><F114/><W126/><G126/><T23/><D23/><U17/><E17/><V87/><F87/><W125/><G125/><T90/><D90/><U55/><E55/><V69/><F69/><W54/><REACH who="3" step="1"/><G97/><REACH who="3" ten="287,293,200,210" step="2"/><T94/><D68/><U103/><E96/><V92/><F111/><W50/><G50/><T12/><D12/><U61/><E61/><V89/><F104/><W134/><G134/><T51/><D36/><U107/><E107/><V27/><F27/><W118/><G118/><T8/><D8/><U88/><E80/><V133/><F133/><W3/><G3/><T64/><D15/><U105/><E105/><V18/><F18/><W124/><G124/><T86/><D11/><U82/><E82/><V42/><F1/><W57/><G57/><AGARI ba="0,1" hai="10,13,16,48,52,57,88,91,100,101,103" m="15791" machi="57" ten="30,7700,0" yaku="8,1,54,3" doraHai="38" who="1" fromWho="3" sc="287,0,293,87,200,0,210,-77" owari="287,8.7,380,48.0,200,-20.0,133,-36.7" /></mjloggm>