<mjloggm ver="2.3"><GO type="225" lobby="0"/><UN n0="%6D%75%75%73%61%6E%6D%75" n1="%E3%81%95%E3%81%8D%E3%81%9F%E3%81%BE%E6%9E%97%E6%AA%8E" n2="%E3%81%BF%E3%81%BF%E3%81%9A" n3="%E6%A1%9C%E8%8A%B1%E9%96%83%E3%80%85" dan="16,16,18,16" rate="2153.07,2071.31,2259.01,2221.82" sx="F,M,M,M"/><TAIKYOKU oya="0"/><INIT seed="0,0,0,4,3,94" ten="250,250,250,250" oya="0" hai0="91,36,126,108,27,127,116,50,63,71,54,110,134" hai1="103,14,77,32,105,42,125,129,24,45,124,130,81" hai2="49,4,96,93,30,18,33,58,6,43,10,131,69" hai3="111,20,97,44,15,46,115,59,26,85,119,66,118"/><T35/><D36/><U73/><E14/><V53/><F69/><W68/><G115/><T38/><D38/><N who="1" m="21719" /><E103/><V132/><F131/><N who="1" m="50185" /><E105/><V0/><F132/><W29/><G68/><T99/><D134/><U62/><E62/><V113/><F113/><W17/><G111/><N who="0" m="42539" /><D116/><U2/><E2/><V37/><F6/><W83/><G118/><T104/><D63/><U41/><E41/><V120/><F120/><W67/><G119/><T21/><D71/><U90/><E90/><V64/><F43/><W121/><G121/><T22/><D35/><U107/><E107/><V70/><F37/><W109/><G109/><T47/><D22/><U72/><E72/><V87/><F70/><W101/><G66/><T135/><D135/><U31/><AGARI ba="0,0" hai="24,31,32,73,77,81,124,125" m="50185,21719" machi="31" ten="30,2000,0" yaku="19,1,23,1" doraHai="94" who="1" fromWho="1" sc="250,-10,250,20,250,-5,250,-5" /><INIT seed="1,0,0,2,4,37" ten="240,270,245,245" oya="1" hai0="21,75,48,130,73,120,62,13,45,97,96,49,50" hai1="0,11,10,24,80,20,30,100,107,121,101,89,28" hai2="102,131,119,51,40,15,31,90,19,124,46,5,41" hai3="2,111,3,67,105,95,72,60,54,74,22,82,25"/><U39/><E39/><V129/><F119/><W17/><G105/><T104/><D130/><N who="2" m="49674" /><F124/><W42/><G111/><T8/><D120/><U68/><E68/><V123/><F123/><W63/><G95/><T87/><D21/><U92/><E121/><V9/><F31/><W77/><G72/><T33/><D33/><U57/><E107/><V110/><F110/><W58/><REACH who="3" step="1"/><G42/><REACH who="3" ten="240,270,245,235" step="2"/><N who="2" m="16489" /><F102/><W14/><G14/><T88/><D73/><U56/><E101/><V113/><F113/><W26/><G26/><T79/><D75/><U70/><E24/><V1/><F90/><W112/><G112/><T114/><D114/><U94/><E89/><V69/><F69/><AGARI ba="0,1" hai="2,3,17,22,25,54,58,60,63,67,69,74,77,82" machi="69" ten="30,3900,0" yaku="1,1,7,1,53,1" doraHai="37" doraHaiUra="65" who="3" fromWho="2" sc="240,0,270,0,245,-39,235,49" /><INIT seed="2,0,0,3,3,89" ten="240,270,206,284" oya="2" hai0="110,80,40,133,128,132,1,16,116,60,41,13,109" hai1="52,65,48,9,43,39,99,37,115,3,71,86,20" hai2="120,107,102,112,11,5,23,69,134,42,8,63,2" hai3="55,30,36,0,93,6,32,4,73,105,44,56,17"/><V51/><F112/><W125/><G105/><T119/><D1/><U27/><E115/><V66/><F120/><W76/><G125/><T49/><D60/><U130/><E130/><V111/><F134/><N who="0" m="51818" /><D80/><U78/><E71/><V53/><F111/><N who="0" m="42506" /><D128/><U67/><E99/><V26/><F11/><W84/><G76/><T72/><D72/><U108/><E108/><V92/><F42/><N who="0" m="16490" /><D49/><U50/><E50/><V45/><F107/><W124/><G73/><T101/><D101/><U131/><E3/><V10/><F10/><AGARI ba="0,0" hai="10,13,16,116,119" m="16490,42506,51818" machi="10" ten="40,5200,0" yaku="20,1,14,1,54,1" doraHai="89" who="0" fromWho="2" sc="240,52,270,0,206,-52,284,0" /><INIT seed="3,0,0,0,3,86" ten="292,270,154,284" oya="3" hai0="9,83,15,99,117,112,21,127,6,30,22,55,89" hai1="48,40,43,24,73,8,92,109,132,84,25,70,4" hai2="106,119,45,51,91,38,101,19,93,35,74,90,79" hai3="41,69,60,27,34,44,37,65,125,115,135,80,124"/><W54/><G115/><T47/><D117/><U95/><E73/><V77/><F119/><W131/><G131/><T62/><D112/><U36/><E109/><V126/><F35/><W130/><G130/><T108/><D108/><U28/><E36/><V58/><F38/><W50/><G80/><T103/><D127/><N who="3" m="48713" /><G27/><T94/><D30/><U134/><E70/><V11/><F126/><W85/><G85/><N who="0" m="50367" /><D47/><U56/><E56/><AGARI ba="0,0" hai="6,9,15,21,22,55,56,62,94,99,103" m="50367" machi="56" ten="30,2000,0" yaku="8,1,52,1" doraHai="86" who="0" fromWho="1" sc="292,20,270,-20,154,0,284,0" owari="312,41.2,250,-15.0,154,-34.6,284,8.4" /></mjloggm>