<mjloggm ver="2.3"><GO type="225" lobby="0"/><UN n0="%E3%82%B2%E3%82%B9%E8%8C%82%E5%8B%9D" n1="%E3%81%95%E3%81%8D%E3%81%9F%E3%81%BE%E6%9E%97%E6%AA%8E" n2="%E3%82%BC%E3%83%AB%E3%83%80%E3%81%AE%E4%BC%9D%E8%AA%AC" n3="%E3%83%81%E3%83%AF%E3%83%AF%E9%9A%8A%E9%95%B7" dan="16,16,17,17" rate="2125.46,2046.36,2169.09,2225.55" sx="F,M,M,M"/><TAIKYOKU oya="0"/><INIT seed="0,0,0,1,2,74" ten="250,250,250,250" oya="0" hai0="130,8,91,87,128,12,101,88,76,79,64,26,56" hai1="119,48,37,133,63,38,20,14,9,118,31,25,125" hai2="19,59,131,68,89,54,28,50,21,135,82,69,24" hai3="62,65,115,10,86,53,71,7,103,72,35,23,129"/><T6/><D101/><U77/><E133/><V84/><F135/><W106/><G72/><T0/><D26/><U42/><E125/><V46/><F131/><N who="0" m="50218" /><D0/><U90/><E119/><V3/><F3/><W73/><G129/><T45/><D45/><U132/><E132/><V97/><F97/><W70/><G73/><T112/><D112/><U94/><E118/><V102/><F102/><W127/><G115/><T83/><D91/><U113/><E113/><V58/><F58/><W47/><G103/><T93/><D93/><U105/><E105/><V124/><F124/><W114/><G106/><T39/><D39/><U99/><E38/><V32/><REACH who="2" step="1"/><F46/><REACH who="2" ten="250,250,240,250" step="2"/><W5/><G47/><T120/><D120/><U122/><E122/><V134/><F134/><W60/><G127/><T67/><D56/><U55/><E99/><V27/><AGARI ba="0,1" hai="19,21,24,27,28,32,50,54,59,68,69,82,84,89" machi="27" ten="20,5200,0" yaku="1,1,0,1,7,1,53,1" doraHai="74" doraHaiUra="16" who="2" fromWho="2" sc="250,-26,250,-13,240,62,250,-13" /><INIT seed="1,0,0,0,0,134" ten="224,237,302,237" oya="1" hai0="66,115,16,12,108,50,32,9,94,54,55,2,130" hai1="31,21,92,29,69,17,45,102,80,117,41,60,81" hai2="126,53,93,4,95,58,57,5,124,46,28,1,13" hai3="70,15,71,114,22,86,121,88,119,129,56,85,3"/><U64/><E117/><V59/><F1/><W101/><G3/><T77/><D108/><U19/><E19/><V133/><F133/><W38/><G114/><T116/><D115/><U67/><E67/><V26/><F46/><W90/><G121/><T112/><D112/><U84/><E31/><V24/><F53/><W122/><G122/><T106/><D106/><U25/><E17/><V75/><F75/><W30/><G38/><T78/><D116/><U99/><REACH who="1" step="1"/><E84/><REACH who="1" ten="224,227,302,237" step="2"/><V51/><F28/><W52/><G85/><T131/><D32/><U34/><E34/><V40/><F4/><W123/><G30/><T42/><D130/><U135/><E135/><V20/><F5/><W0/><G129/><T100/><D131/><U132/><E132/><V111/><F111/><W8/><G119/><T10/><D16/><U120/><E120/><V73/><F73/><W6/><G123/><T91/><D66/><U39/><AGARI ba="0,1" hai="21,25,29,39,41,45,60,64,69,80,81,92,99,102" machi="39" ten="20,3900,0" yaku="1,1,0,1,7,1,53,0" doraHai="134" doraHaiUra="44" who="1" fromWho="1" sc="224,-13,227,49,302,-13,237,-13" /><INIT seed="1,1,0,2,3,31" ten="211,276,289,224" oya="1" hai0="27,74,6,66,20,32,132,53,118,88,17,119,100" hai1="64,26,38,95,57,36,4,110,85,67,126,59,9" hai2="83,68,51,71,41,91,40,109,22,16,108,77,122" hai3="34,124,14,70,103,111,97,44,30,98,63,58,60"/><U117/><E117/><V1/><F1/><W43/><G124/><T10/><D74/><U65/><E26/><V50/><F91/><W129/><G129/><T105/><D132/><U39/><E126/><V18/><F22/><W52/><G111/><T11/><D66/><U73/><E73/><V8/><F83/><W113/><G113/><T76/><D76/><U84/><E110/><V0/><F0/><W99/><G14/><T42/><D42/><U3/><REACH who="1" step="1"/><E95/><REACH who="1" ten="211,266,289,224" step="2"/><V24/><F24/><W90/><G103/><T15/><D100/><U92/><E92/><V19/><F108/><W102/><G102/><T21/><D105/><U13/><E13/><V134/><F109/><W131/><G131/><T104/><D104/><U86/><AGARI ba="1,1" hai="3,4,9,36,38,39,57,59,64,65,67,84,85,86" machi="86" ten="40,12000,1" yaku="1,1,0,1,29,2,53,0" doraHai="31" doraHaiUra="128" who="1" fromWho="1" sc="211,-41,266,133,289,-41,224,-41" /><INIT seed="1,2,0,4,2,119" ten="170,399,248,183" oya="1" hai0="24,81,11,66,135,37,101,63,77,51,117,28,42" hai1="74,5,12,29,105,106,15,62,38,134,7,23,19" hai2="49,122,36,57,100,22,13,25,2,80,20,32,102" hai3="98,48,112,16,87,132,90,46,17,128,52,125,64"/><U3/><E74/><V97/><F36/><W14/><G112/><T91/><D117/><U59/><E38/><V129/><F2/><W27/><G125/><T53/><D135/><U41/><E41/><V114/><F114/><W130/><G132/><T50/><D91/><U68/><E68/><V79/><F129/><N who="3" m="49771" /><G64/><T10/><D101/><U1/><E134/><V120/><F32/><W95/><G27/><T44/><D50/><U89/><E89/><V103/><F97/><W35/><G35/><T82/><D82/><U40/><E40/><V131/><F13/><W56/><G98/><T108/><D108/><U72/><E72/><V34/><F34/><W96/><G96/><T47/><D24/><U88/><E88/><V60/><F49/><N who="3" m="30735" /><G14/><T45/><D28/><U43/><E29/><V92/><F92/><W99/><G99/><T107/><D107/><U83/><E15/><V65/><F131/><W84/><G84/><N who="0" m="48175" /><D37/><U76/><E76/><V123/><REACH who="2" step="1"/><F25/><REACH who="2" ten="170,399,238,183" step="2"/><W18/><G18/><T39/><D39/><U9/><E19/><V133/><F133/><W33/><G33/><T110/><D110/><U54/><E12/><V21/><F21/><W116/><G116/><T127/><D127/><U121/><E23/><V0/><F0/><W86/><G86/><AGARI ba="2,1" hai="20,22,57,60,65,79,80,86,100,102,103,120,122,123" machi="86" ten="50,8000,1" yaku="1,1,52,3,53,0" doraHai="119" doraHaiUra="124" who="2" fromWho="3" sc="170,0,399,0,238,96,183,-86" /><INIT seed="2,0,0,2,2,36" ten="170,399,334,97" oya="2" hai0="96,125,71,95,118,131,91,94,99,54,61,130,114" hai1="72,55,120,74,43,27,115,77,48,59,28,22,76" hai2="128,106,135,132,37,29,127,39,75,70,62,116,23" hai3="18,56,123,88,98,121,63,3,80,89,64,112,111"/><V58/><F75/><W46/><G3/><T26/><D114/><U14/><E115/><V66/><F106/><W78/><G112/><T12/><D125/><U35/><E120/><V117/><F29/><W109/><G18/><T90/><D118/><N who="2" m="45674" /><F23/><W24/><G24/><T52/><D26/><U103/><E103/><V44/><F127/><W73/><G46/><T34/><D12/><U82/><E35/><V42/><F128/><W129/><G129/><T21/><D21/><U32/><E32/><V4/><F4/><W126/><G126/><T101/><D34/><U105/><E105/><V47/><F58/><W86/><G98/><T102/><D61/><U107/><E107/><V5/><F5/><W97/><G97/><T25/><D25/><U30/><E30/><V124/><F124/><W83/><REACH who="3" step="1"/><G89/><REACH who="3" ten="170,399,334,87" step="2"/><T7/><D7/><U31/><E27/><V33/><F33/><W20/><G20/><T110/><D130/><U16/><E22/><V17/><F17/><W122/><AGARI ba="0,1" hai="56,63,64,73,78,80,83,86,88,109,111,121,122,123" machi="122" ten="40,8000,1" yaku="1,1,0,1,54,1,53,1" doraHai="36" doraHaiUra="53" who="3" fromWho="3" sc="170,-20,399,-20,334,-40,87,90" /><INIT seed="3,0,0,4,1,87" ten="150,379,294,177" oya="3" hai0="61,62,71,39,21,2,25,106,81,31,132,135,42" hai1="103,58,45,90,112,38,26,121,30,6,54,133,14" hai2="97,96,113,99,27,108,8,76,134,86,47,43,36" hai3="57,15,65,35,44,10,101,49,24,83,105,125,23"/><W82/><G35/><T68/><D2/><U124/><E103/><V41/><F113/><W60/><G125/><T1/><D1/><U7/><E121/><V131/><F108/><W70/><G70/><T123/><D123/><U4/><E133/><V102/><F134/><W72/><G72/><T117/><D117/><U34/><E124/><V56/><F131/><W75/><G75/><T109/><D109/><U78/><E78/><V53/><F41/><W95/><G105/><T33/><D21/><U69/><E69/><V130/><F130/><W0/><G0/><T88/><D106/><U51/><E112/><V55/><F102/><W66/><G66/><T89/><D42/><U59/><E38/><V92/><F76/><W77/><G77/><T3/><D3/><U129/><E129/><V17/><F56/><W111/><G111/><T74/><D39/><U84/><E14/><V5/><F5/><W64/><G64/><N who="0" m="40975" /><D74/><U79/><E79/><V48/><BYE who="1" /><F36/><W20/><G20/><T29/><D81/><U98/><E98/><V94/><F94/><W91/><G83/><UN n1="%E3%81%95%E3%81%8D%E3%81%9F%E3%81%BE%E6%9E%97%E6%AA%8E" /><T110/><D110/><U93/><AGARI ba="0,0" hai="4,6,7,26,30,34,45,51,54,58,59,84,90,93" machi="93" ten="30,2000,0" yaku="0,1,52,1" doraHai="87" who="1" fromWho="1" sc="150,-5,379,20,294,-5,177,-10" owari="145,-35.5,399,49.9,289,8.9,167,-23.3" /></mjloggm>