<mjloggm ver="2.3"><GO type="225" lobby="0"/><UN n0="%E3%81%86%E3%82%8B%E3%81%8A%E3%81%A1%E3%82%83" n1="%E3%81%AF%E3%82%88%E3%81%8A%E3%81%98%E3%81%95%E3%82%93" n2="%E3%82%B2%E3%82%B9%E8%8C%82%E5%8B%9D" n3="%E3%81%BE%E3%81%A8%E3%81%9F" dan="16,17,16,16" rate="2078.71,2212.67,2063.18,2120.17" sx="F,M,F,M"/><TAIKYOKU oya="0"/><INIT seed="0,0,0,3,3,15" ten="250,250,250,250" oya="0" hai0="8,59,37,4,0,3,129,17,120,64,88,124,108" hai1="2,21,35,44,52,98,40,77,12,113,127,101,66" hai2="6,80,29,7,107,123,18,14,94,91,63,114,56" hai3="75,135,115,45,130,10,34,100,60,131,46,54,19"/><T118/><D118/><U61/><E2/><V81/><F114/><W62/><G75/><T28/><D37/><U102/><E35/><V125/><F125/><W109/><G34/><T112/><D120/><U106/><E127/><V73/><F107/><W43/><G100/><T105/><D112/><U121/><E121/><V97/><F29/><W11/><G115/><T68/><D105/><U13/><E113/><V103/><F123/><W79/><G135/><T93/><D68/><U25/><E77/><V9/><F73/><W24/><G79/><T27/><D129/><U33/><E102/><V23/><F103/><W119/><G119/><T132/><D108/><U22/><E22/><V69/><F69/><W5/><G24/><T74/><D74/><U49/><E40/><V78/><F78/><W53/><G5/><N who="2" m="1545" /><F9/><W95/><G43/><T96/><D132/><U70/><REACH who="1" step="1"/><E33/><REACH who="1" ten="250,240,250,250" step="2"/><V104/><F104/><W26/><G109/><T32/><D124/><U90/><E90/><V76/><F76/><W67/><G130/><T85/><D3/><U1/><E1/><V87/><F97/><W116/><G131/><T55/><D96/><U72/><E72/><V50/><F91/><W89/><G116/><T48/><REACH who="0" step="1"/><D64/><REACH who="0" ten="240,240,250,250" step="2"/><U57/><E57/><V47/><F56/><W128/><G67/><T117/><D117/><U31/><AGARI ba="0,2" hai="12,13,21,25,31,44,49,52,61,66,70,98,101,106" machi="31" ten="20,8000,1" yaku="1,1,0,1,7,1,54,1,53,1" doraHai="15" doraHaiUra="99" who="1" fromWho="1" sc="240,-40,240,100,250,-20,250,-20" /><INIT seed="1,0,0,2,3,68" ten="200,340,230,230" oya="1" hai0="20,132,100,54,39,61,111,0,70,49,77,115,125" hai1="131,16,14,22,67,33,48,35,124,110,27,26,5" hai2="80,18,40,42,71,9,46,8,126,78,93,99,95" hai3="50,84,120,38,7,47,81,83,23,57,59,113,19"/><U30/><E67/><V21/><F126/><W116/><G120/><T69/><D115/><U2/><E48/><V65/><F65/><W104/><G113/><T66/><D0/><U86/><E86/><N who="2" m="48407" /><F71/><W109/><G109/><T134/><D70/><U85/><E85/><V97/><F93/><W32/><G38/><T133/><D77/><U121/><E121/><V101/><F97/><W44/><G104/><T117/><D100/><U55/><E55/><V106/><F106/><W91/><G32/><T114/><D20/><U58/><E58/><V105/><F105/><W10/><G44/><T89/><D89/><U73/><E73/><V72/><F72/><W34/><G34/><T45/><D114/><U53/><E53/><V76/><F76/><W130/><G81/><T1/><D1/><U127/><E131/><V15/><F46/><W29/><G29/><T90/><D90/><U64/><E64/><V56/><F56/><W6/><G130/><T60/><D125/><N who="1" m="48203" /><E110/><V107/><F107/><W103/><G103/><T79/><D79/><U74/><E74/><V102/><F102/><W98/><G116/><T119/><D111/><U31/><E2/><V112/><F112/><W28/><G84/><T75/><D75/><U87/><E87/><V41/><AGARI ba="0,0" hai="8,9,15,18,21,40,41,42,95,99,101" m="48407" machi="41" ten="30,1100,0" yaku="8,1" doraHai="68" who="2" fromWho="2" sc="200,-3,340,-5,230,11,230,-3" /><INIT seed="2,0,0,2,5,127" ten="197,335,241,227" oya="2" hai0="84,120,89,94,14,119,54,100,8,44,110,66,37" hai1="130,88,57,16,101,58,131,48,124,20,80,47,112" hai2="61,105,36,0,43,122,12,50,85,73,15,46,22" hai3="72,111,42,69,117,3,106,27,83,64,134,13,93"/><V74/><F122/><W65/><G3/><T82/><D120/><U28/><E112/><V116/><F116/><W6/><G106/><T92/><D110/><U35/><E124/><V30/><F0/><W133/><G117/><T45/><D119/><U25/><E101/><V23/><F105/><W51/><G69/><T18/><D66/><U75/><E75/><V128/><F36/><W132/><G111/><T38/><D44/><U60/><E80/><V17/><F61/><W121/><G121/><T33/><D33/><U99/><E99/><V78/><F85/><W32/><G93/><T67/><D67/><U40/><E88/><V118/><F118/><W107/><G51/><T87/><D100/><U103/><E103/><V9/><F78/><N who="3" m="44487" /><G42/><T53/><D53/><U55/><REACH who="1" step="1"/><E58/><REACH who="1" ten="197,325,241,227" step="2"/><V95/><F73/><W79/><G79/><T123/><D123/><U59/><E59/><V41/><F74/><W76/><G76/><T90/><REACH who="0" step="1"/><D92/><REACH who="0" ten="187,325,241,227" step="2"/><U56/><E56/><V21/><F95/><W49/><G107/><T24/><D24/><AGARI ba="0,2" hai="16,20,24,25,28,35,40,47,48,55,57,60,130,131" machi="24" ten="40,8000,1" yaku="1,1,52,2,54,1,53,1" doraHai="127" doraHaiUra="29" who="1" fromWho="0" sc="187,-80,325,100,241,0,227,0" /><INIT seed="3,0,0,2,4,7" ten="107,425,241,227" oya="3" hai0="40,97,69,99,114,44,112,46,47,39,15,73,119" hai1="27,9,0,53,132,56,92,67,42,13,104,75,70" hai2="107,116,135,98,111,81,65,24,33,1,58,20,125" hai3="55,28,80,38,2,34,79,100,14,3,102,106,122"/><W94/><G106/><T123/><D123/><U4/><E104/><V126/><F116/><W124/><G122/><T5/><D119/><U71/><E75/><V84/><F111/><W68/><G38/><T66/><D73/><U43/><E132/><V48/><F135/><W83/><G68/><T87/><D66/><U8/><E27/><V29/><F1/><W115/><G115/><T78/><D69/><U133/><E133/><V35/><F98/><W77/><G124/><N who="2" m="47721" /><F107/><W86/><G34/><T59/><D59/><U52/><E53/><N who="2" m="32039" /><F65/><W25/><G14/><T82/><D39/><U108/><E92/><V19/><F29/><W18/><G18/><T113/><REACH who="0" step="1"/><D40/><REACH who="0" ten="97,425,241,227" step="2"/><U57/><E57/><V31/><F31/><W16/><G28/><T127/><D127/><U93/><E93/><V23/><F35/><W95/><G94/><T85/><D85/><U134/><E108/><V36/><F36/><W26/><G95/><T91/><D91/><U131/><E131/><V54/><F33/><W128/><G86/><T110/><D110/><U37/><E134/><V62/><F84/><W120/><G120/><T45/><N who="0" m="11264" /><DORA hai="63" /><T17/><D17/><U30/><E67/><V105/><F19/><W117/><G117/><T64/><D64/><U101/><E30/><V12/><F105/><W130/><G55/><T76/><D76/><U74/><E37/><V49/><F54/><W6/><G16/><T118/><D118/><U10/><E71/><V11/><F81/><W96/><G6/><T109/><D109/><U129/><E70/><V21/><F49/><W22/><G130/><RYUUKYOKU ba="0,1" sc="97,30,425,-10,241,-10,227,-10" hai0="5,15,78,82,87,97,99,112,113,114" owari="127,-37.3,425,52.5,231,3.1,217,-18.3" /></mjloggm>