<mjloggm ver="2.3"><GO type="225" lobby="0"/><UN n0="%E3%81%8F%E3%82%8A%E3%83%94%E3%83%BC" n1="%E3%83%96%E3%83%A9%E3%82%B6%E3%83%BC" n2="%E6%80%AA%E3%81%97%E3%81%99%E3%81%8E%E3%82%8B%E3%83%81%E3%83%BC" n3="%E5%A4%96%E5%B7%9D%E7%AB%9C%E6%88%90" dan="16,16,16,16" rate="2094.22,2111.58,2115.94,2121.07" sx="M,M,M,M"/><TAIKYOKU oya="0"/><INIT seed="0,0,0,1,2,0" ten="250,250,250,250" oya="0" hai0="113,36,58,101,33,77,2,46,70,8,35,103,108" hai1="21,44,102,62,74,79,96,55,34,38,7,11,49" hai2="84,95,99,54,116,5,76,68,40,111,73,128,59" hai3="130,56,94,3,106,66,1,60,112,69,15,72,123"/><T51/><D113/><U27/><E34/><V13/><F68/><W29/><G112/><T41/><D70/><U110/><E110/><V16/><F73/><W18/><G106/><T19/><D108/><U107/><E74/><V104/><F111/><W4/><G72/><T24/><D77/><U71/><E38/><V119/><F128/><W78/><G78/><T83/><D83/><U85/><E71/><V52/><F40/><W125/><G130/><T6/><D19/><U65/><E62/><V53/><F104/><W82/><G82/><T63/><D51/><U75/><E65/><V114/><F114/><W64/><G29/><T50/><D50/><U134/><E134/><V109/><F109/><W120/><G125/><T98/><D24/><U43/><E75/><V28/><F28/><W45/><G45/><T26/><D26/><U17/><E85/><V100/><F5/><W86/><G4/><T91/><D91/><U42/><REACH who="1" step="1"/><E79/><REACH who="1" ten="250,240,250,250" step="2"/><V23/><REACH who="2" step="1"/><F59/><REACH who="2" ten="250,240,240,250" step="2"/><W133/><G56/><T37/><D37/><U127/><E127/><V89/><F89/><W14/><G69/><T61/><D58/><U126/><E126/><V20/><F20/><W135/><G135/><T80/><D36/><U30/><E30/><V25/><F25/><W131/><G133/><T88/><D33/><U81/><E81/><AGARI ba="0,2" hai="13,16,23,52,53,54,76,81,84,95,99,100,116,119" machi="81" ten="40,5200,0" yaku="1,1,54,2,53,0" doraHai="0" doraHaiUra="57" who="2" fromWho="1" sc="250,0,240,-52,240,72,250,0" /><INIT seed="1,0,0,2,4,21" ten="250,188,312,250" oya="1" hai0="14,54,30,129,48,0,98,38,4,101,119,122,13" hai1="107,59,127,49,18,87,114,7,6,102,62,5,111" hai2="126,97,67,29,40,12,82,68,65,24,100,83,84" hai3="134,46,115,78,105,135,9,35,96,120,76,104,88"/><U52/><E114/><V116/><F116/><W11/><G115/><T90/><D38/><U32/><E127/><V45/><F126/><W85/><G120/><T3/><D119/><U69/><E111/><V10/><F68/><W70/><G70/><T121/><D129/><U91/><E32/><V123/><F123/><N who="0" m="47114" /><D90/><U112/><E112/><V61/><F61/><W81/><G46/><N who="0" m="27927" /><D30/><U53/><E18/><V41/><F83/><N who="3" m="47335" /><G35/><T128/><D128/><U132/><E132/><N who="3" m="50730" /><G9/><N who="0" m="4263" /><D14/><U47/><E69/><V117/><F117/><W110/><G11/><T108/><D108/><U63/><E63/><V64/><F12/><W118/><G118/><T94/><AGARI ba="0,0" hai="0,3,94,98,101" m="4263,27927,47114" machi="94" ten="30,1100,0" yaku="13,1" doraHai="21" who="0" fromWho="0" sc="250,11,188,-5,312,-3,250,-3" /><INIT seed="2,0,0,0,3,10" ten="261,183,309,247" oya="2" hai0="100,14,18,68,71,96,39,134,65,112,19,129,27" hai1="36,91,122,92,58,29,0,94,133,99,24,119,69" hai2="7,84,95,70,25,118,135,9,51,130,47,101,81" hai3="72,87,121,53,103,46,105,106,64,38,80,59,30"/><V120/><F70/><W45/><G72/><T5/><D112/><U3/><E119/><V74/><F118/><W49/><G121/><T35/><D39/><U123/><E69/><V41/><F74/><W111/><G111/><T34/><D134/><U128/><E36/><V56/><F120/><W83/><G83/><T8/><D129/><U52/><E133/><V113/><F113/><W31/><G64/><T77/><D77/><U12/><E128/><V110/><F130/><W93/><G93/><T28/><D35/><U85/><E122/><V2/><F135/><W114/><G46/><T126/><D126/><U62/><E123/><V127/><F127/><W40/><G114/><T124/><D124/><U57/><E57/><V117/><F110/><W78/><REACH who="3" step="1"/><G103/><REACH who="3" ten="261,183,309,237" step="2"/><T97/><D71/><U37/><E37/><V115/><F95/><W89/><G89/><T1/><D68/><U108/><E108/><V13/><F101/><W15/><G15/><T131/><D65/><U20/><REACH who="1" step="1"/><E12/><REACH who="1" ten="261,173,309,237" step="2"/><V125/><F13/><W86/><G86/><T43/><D14/><U21/><E21/><V66/><F84/><W75/><G75/><T17/><D131/><U104/><E104/><AGARI ba="0,2" hai="30,31,38,40,45,49,53,59,78,80,87,104,105,106" machi="104" ten="40,1300,0" yaku="1,1,53,0" doraHai="10" doraHaiUra="33" who="3" fromWho="1" sc="261,0,173,-13,309,0,237,33" /><INIT seed="3,0,0,1,2,75" ten="261,160,309,270" oya="3" hai0="127,48,101,76,131,25,118,64,100,32,3,111,59" hai1="65,4,68,18,113,45,2,0,36,77,40,33,58" hai2="55,92,47,122,11,8,44,19,66,93,35,81,62" hai3="129,42,107,80,31,95,39,112,87,96,43,124,86"/><W16/><G112/><T74/><D118/><U6/><E113/><V78/><F35/><W134/><G129/><T114/><D3/><U88/><E68/><V12/><F122/><W132/><G107/><T105/><D131/><U72/><E33/><V22/><F66/><W70/><G70/><T102/><D111/><U1/><E18/><V20/><F78/><N who="3" m="46359" /><G31/><T130/><D127/><U90/><E6/><V13/><F81/><W21/><G87/><T125/><D125/><U82/><REACH who="1" step="1"/><E4/><REACH who="1" ten="261,150,309,270" step="2"/><V57/><F11/><W133/><G124/><T108/><D32/><U135/><E135/><V79/><F20/><W51/><G39/><T83/><D114/><U121/><E121/><V71/><F71/><W128/><G128/><T110/><D130/><U50/><E50/><V69/><F69/><W34/><G34/><T23/><D108/><U94/><E94/><V120/><F120/><W126/><G126/><T104/><D110/><U67/><E67/><V99/><F93/><W28/><G51/><T24/><D23/><U15/><E15/><V27/><F13/><N who="3" m="9359" /><G28/><T37/><D37/><U115/><E115/><V73/><F92/><W53/><G53/><N who="0" m="32167" /><D64/><U60/><AGARI ba="0,1" hai="0,1,2,36,40,45,58,60,65,72,77,82,88,90" machi="60" ten="40,8000,1" yaku="1,1,0,1,52,1,54,1,53,0" doraHai="75" doraHaiUra="46" who="1" fromWho="1" sc="261,-20,150,90,309,-20,270,-40" /><INIT seed="4,0,0,0,3,114" ten="241,240,289,230" oya="0" hai0="110,79,135,64,134,2,19,107,113,33,44,132,124" hai1="49,39,20,128,85,26,77,74,104,120,68,50,14" hai2="43,111,62,23,29,10,122,115,6,100,55,17,126" hai3="92,119,47,86,11,65,129,60,21,41,95,13,84"/><T57/><D113/><U46/><E74/><V93/><F111/><W87/><G129/><T98/><D110/><U121/><E104/><V103/><F122/><W58/><G119/><T3/><D33/><U24/><E68/><V88/><F115/><W82/><G21/><T91/><D124/><U8/><E128/><V59/><F43/><W32/><G32/><T4/><D79/><U12/><E12/><N who="2" m="5207" /><F29/><W72/><G72/><T42/><D19/><U117/><E117/><V15/><F126/><W80/><G80/><T89/><D4/><U130/><E50/><V36/><F36/><W67/><G67/><T97/><D57/><U63/><E63/><V108/><F108/><W96/><G82/><T71/><D64/><U105/><E105/><V101/><F101/><W90/><G95/><N who="0" m="56559" /><D71/><U31/><E39/><V38/><F38/><W1/><G1/><T48/><D91/><U112/><E112/><V54/><F55/><W9/><REACH who="3" step="1"/><G13/><REACH who="3" ten="241,240,289,220" step="2"/><T133/><D132/><U81/><E130/><V70/><F70/><W106/><G106/><T118/><D118/><U5/><E26/><V78/><F78/><W37/><AGARI ba="0,1" hai="9,11,37,41,47,58,60,65,84,86,87,90,92,96" machi="37" ten="30,4000,0" yaku="1,1,0,1,53,1" doraHai="114" doraHaiUra="56" who="3" fromWho="3" sc="241,-20,240,-10,289,-10,220,50" /><INIT seed="5,0,0,2,5,41" ten="221,230,279,270" oya="1" hai0="61,126,73,98,37,45,134,59,124,32,46,42,87" hai1="0,114,81,113,53,103,135,40,52,17,49,95,88" hai2="64,60,112,133,36,2,56,100,38,104,26,125,21" hai3="99,76,27,34,85,11,105,118,7,79,9,83,58"/><U54/><E0/><V67/><F2/><W50/><G34/><T29/><D73/><U91/><E135/><V78/><F133/><W39/><G39/><T71/><D134/><U70/><E70/><V128/><F125/><N who="0" m="48234" /><D71/><U117/><E117/><V20/><F128/><W92/><G105/><T86/><D98/><N who="1" m="59871" /><E17/><V43/><F112/><N who="1" m="43113" /><E81/><V5/><F5/><W110/><G110/><T132/><D132/><U66/><E66/><V22/><F67/><W18/><G7/><T123/><D123/><U96/><E96/><V108/><F108/><W14/><G27/><N who="0" m="18495" /><D46/><AGARI ba="0,0" hai="40,46,49,52,53,54,88,91" m="43113,59871" machi="46" ten="30,11600,0" yaku="15,1,52,1,54,2" doraHai="41" who="1" fromWho="0" sc="221,-116,230,116,279,0,270,0" owari="105,-39.5,346,44.6,279,7.9,270,-13.0" /></mjloggm>