<mjloggm ver="2.3"><GO type="225" lobby="0"/><UN n0="%E5%87%BA%E6%B0%B4" n1="%E3%81%A8%E3%82%93%E3%81%A8%E3%81%93%E3%81%A8%E3%82%93" n2="%6D%75%75%6D%75%72%61" n3="%E9%A2%A8%E3%81%A7%E9%B3%B4%E3%81%8F" dan="16,16,17,16" rate="2083.32,2122.28,2204.06,2160.87" sx="F,M,F,M"/><TAIKYOKU oya="0"/><INIT seed="0,0,0,3,4,104" ten="250,250,250,250" oya="0" hai0="112,127,55,92,22,114,128,107,12,117,76,25,61" hai1="129,80,1,113,98,110,18,44,3,103,130,56,72" hai2="91,10,60,111,7,11,45,46,78,0,14,66,108" hai3="48,132,100,2,29,75,126,101,67,6,105,81,16"/><T77/><D117/><U40/><E18/><V50/><F78/><W41/><G126/><T5/><D107/><N who="1" m="63991" /><E56/><V13/><F91/><W30/><G132/><T125/><D128/><N who="1" m="49259" /><E110/><N who="2" m="42027" /><F10/><W134/><G134/><T93/><D5/><U95/><E95/><N who="0" m="36425" /><D12/><N who="2" m="4714" /><F50/><W84/><G67/><T21/><D55/><U19/><E19/><V43/><F43/><W37/><G48/><T32/><D61/><U83/><E113/><N who="0" m="43625" /><D32/><U123/><E123/><V71/><AGARI ba="0,0" hai="0,7,11,45,46,60,66,71" m="4714,42027" machi="71" ten="30,1100,0" yaku="14,1" doraHai="104" who="2" fromWho="2" sc="250,-5,250,-3,250,11,250,-3" /><INIT seed="1,0,0,4,4,115" ten="245,247,261,247" oya="1" hai0="76,94,95,51,72,96,90,59,69,111,100,104,1" hai1="112,11,126,106,49,14,18,10,16,64,128,75,114" hai2="77,132,60,79,116,63,32,22,3,130,87,8,46" hai3="23,92,13,48,105,97,5,86,26,81,133,33,78"/><U93/><E106/><V6/><F32/><W57/><G105/><T120/><D69/><U127/><E75/><V101/><F130/><W99/><G133/><T38/><D38/><U17/><E64/><V25/><F132/><W88/><G33/><T2/><D111/><U117/><E93/><V80/><F116/><W123/><G123/><T108/><D108/><U53/><E128/><V71/><F71/><W50/><G97/><T118/><D118/><U67/><E67/><V124/><F124/><N who="1" m="47657" /><E117/><V44/><F101/><W15/><G5/><T91/><D120/><U36/><E36/><V102/><F79/><W70/><G70/><T0/><D72/><U66/><E66/><V31/><REACH who="2" step="1"/><F102/><REACH who="2" ten="245,247,251,247" step="2"/><W84/><G99/><T131/><D131/><U113/><E10/><V122/><F122/><W65/><G50/><T74/><D76/><U42/><E42/><V83/><F83/><W39/><G39/><T135/><D74/><U54/><E53/><V125/><F125/><W61/><REACH who="3" step="1"/><G48/><REACH who="3" ten="245,247,251,237" step="2"/><T21/><D135/><U24/><E24/><V134/><F134/><W45/><G45/><AGARI ba="0,2" hai="11,14,16,17,18,45,49,54,112,113,114" m="47657" machi="45" ten="40,3900,0" yaku="18,1,54,1" doraHai="115" who="1" fromWho="3" sc="245,0,247,59,251,0,237,-39" /><AGARI ba="0,0" hai="3,6,8,22,25,31,44,45,46,60,63,77,80,87" machi="45" ten="40,2600,0" yaku="1,1,53,1" doraHai="115" doraHaiUra="27" who="2" fromWho="3" sc="245,0,306,0,251,26,198,-26" /><INIT seed="1,1,0,2,3,26" ten="245,306,277,172" oya="1" hai0="124,94,130,95,108,24,102,31,69,48,127,128,35" hai1="46,45,113,61,72,76,93,91,89,116,4,126,88" hai2="125,57,129,77,47,90,117,41,68,16,12,37,106" hai3="133,27,70,1,111,11,87,98,54,112,67,99,92"/><U21/><E113/><V59/><F68/><W34/><G112/><T39/><D39/><U60/><E116/><V10/><F117/><W135/><G111/><T122/><D108/><U85/><E126/><N who="0" m="48169" /><D122/><U56/><E4/><V78/><F125/><W97/><G54/><T63/><D48/><U119/><E119/><V109/><F109/><W81/><G11/><T107/><D107/><U0/><E0/><V17/><F129/><N who="0" m="49770" /><D102/><U71/><E72/><V42/><F106/><W83/><G1/><T103/><D103/><U115/><E115/><V110/><F110/><W28/><G67/><AGARI ba="1,0" hai="24,31,35,63,67,69,94,95" m="49770,48169" machi="67" ten="30,3900,0" yaku="18,1,19,1,52,1" doraHai="26" who="0" fromWho="3" sc="245,42,306,0,277,0,172,-42" /><INIT seed="2,0,0,5,3,117" ten="287,306,277,130" oya="2" hai0="18,21,64,95,40,62,12,17,134,2,90,37,14" hai1="5,119,49,125,103,93,51,75,78,56,10,115,39" hai2="23,22,113,59,86,110,122,96,131,71,30,89,27" hai3="135,74,32,61,35,109,68,91,13,83,97,127,58"/><V24/><F113/><W19/><G68/><T41/><D134/><U7/><E119/><V129/><F71/><W48/><G135/><T100/><D2/><U106/><E115/><V85/><F110/><W124/><G109/><T80/><D100/><U33/><E33/><V126/><F126/><N who="3" m="48171" /><G48/><T94/><D80/><U76/><E75/><V98/><F59/><W130/><G130/><T36/><D36/><U28/><E39/><V44/><F44/><W104/><G104/><T70/><D37/><U16/><E28/><V101/><F101/><W34/><G97/><T26/><D26/><U123/><E106/><V63/><F63/><W1/><G1/><T82/><D82/><U45/><E56/><V52/><F30/><W43/><G43/><T15/><D15/><N who="1" m="7287" /><E51/><V20/><F20/><W133/><G133/><T116/><D116/><U111/><E111/><V79/><F79/><N who="1" m="30249" /><E123/><V3/><F3/><W67/><G74/><T46/><D46/><U11/><E11/><V25/><F25/><W53/><G67/><T128/><D128/><U57/><E57/><V87/><F122/><W84/><G35/><T69/><D69/><U73/><E73/><V50/><F129/><W118/><G118/><T38/><D38/><U60/><E60/><V105/><F131/><W9/><AGARI ba="0,0" hai="9,13,19,32,34,53,58,61,83,84,91" m="48171" machi="9" ten="30,1100,0" yaku="18,1" doraHai="117" who="3" fromWho="3" sc="287,-3,306,-3,277,-5,130,11" /><INIT seed="3,0,0,0,2,8" ten="284,303,272,141" oya="3" hai0="59,92,123,86,89,36,100,96,50,12,68,65,94" hai1="131,6,42,35,58,82,55,7,1,97,135,107,28" hai2="4,115,124,3,33,48,98,111,44,62,18,2,84" hai3="64,60,19,79,52,66,77,45,128,102,83,67,54"/><W40/><G128/><T122/><D36/><U118/><E135/><V95/><F115/><W81/><G102/><T116/><D116/><U38/><E1/><V76/><F33/><W70/><G70/><T71/><D71/><U72/><E118/><V17/><F111/><W57/><G54/><T30/><D30/><U109/><E72/><V5/><F62/><W125/><G125/><T39/><D39/><U24/><E82/><V51/><F124/><W101/><G101/><T73/><D73/><U74/><E74/><V103/><F3/><W16/><G81/><T31/><D31/><U53/><E55/><V32/><F32/><W61/><G61/><T110/><D110/><U75/><E75/><V10/><F2/><W121/><G121/><T130/><D130/><U90/><E107/><V106/><F51/><N who="3" m="27047" /><G83/><T0/><D0/><U20/><E35/><V37/><F37/><W112/><G112/><T23/><D68/><U120/><E120/><V119/><F119/><W85/><G85/><T91/><D100/><U34/><E34/><V21/><F106/><W56/><G56/><T14/><D123/><U9/><E109/><V25/><F84/><W129/><G129/><T99/><D122/><U104/><E104/><V117/><F76/><AGARI ba="0,0" hai="16,19,52,57,60,64,66,67,76,77,79" m="27047" machi="76" ten="30,5800,0" yaku="8,1,54,2" doraHai="8" who="3" fromWho="2" sc="284,0,303,0,272,-58,141,58" /><INIT seed="3,1,0,0,4,24" ten="284,303,214,199" oya="3" hai0="131,9,93,127,129,77,128,126,94,57,28,42,56" hai1="133,17,134,66,118,135,60,48,19,110,18,122,20" hai2="85,1,96,106,2,3,125,27,45,84,71,38,43" hai3="65,97,89,113,40,92,49,26,74,55,32,6,86"/><W73/><G113/><T69/><D69/><N who="1" m="42183" /><E122/><V39/><F125/><N who="0" m="47626" /><D77/><U37/><E37/><V70/><F39/><W4/><G40/><T78/><D78/><U121/><E121/><V87/><F70/><W119/><G119/><T105/><D105/><U79/><E110/><V35/><F71/><W72/><G65/><T109/><D109/><U22/><E118/><V114/><F114/><W16/><G97/><T7/><D28/><U53/><E79/><V59/><F59/><AGARI ba="1,0" hai="17,18,19,20,22,48,53,59,133,134,135" m="42183" machi="59" ten="40,1300,0" yaku="20,1" doraHai="24" who="1" fromWho="2" sc="284,0,303,16,214,-16,199,0" owari="284,8.4,319,41.9,198,-30.2,199,-20.1" /></mjloggm>