<mjloggm ver="2.3"><GO type="225" lobby="0"/><UN n0="%61%6D%65%6B%69" n1="%E3%81%82%E3%81%99%E3%81%AB%E3%82%83%E3%82%80" n2="%E8%91%89%E5%B1%B1%E9%99%BD%E5%92%8C" n3="%E3%83%92%E3%82%B3" dan="16,16,16,16" rate="2077.23,2020.71,2098.68,2104.51" sx="M,F,F,M"/><TAIKYOKU oya="0"/><INIT seed="0,0,0,0,3,112" ten="250,250,250,250" oya="0" hai0="40,27,57,68,31,63,52,82,84,34,26,33,65" hai1="133,129,49,71,8,62,98,78,85,50,29,127,114" hai2="83,108,104,109,22,58,10,132,44,77,87,72,28" hai3="21,19,106,135,23,13,12,105,97,5,119,70,86"/><T96/><D40/><U53/><E129/><V75/><F132/><W4/><G135/><T16/><D96/><U117/><E133/><V93/><F104/><W118/><G70/><T30/><D16/><U66/><E127/><V11/><F44/><W38/><G86/><T56/><REACH who="0" step="1"/><D52/><REACH who="0" ten="240,250,250,250" step="2"/><U115/><E98/><V25/><F28/><W39/><G97/><T43/><D43/><U126/><E53/><V35/><F10/><W60/><G60/><T0/><D0/><U18/><E8/><V47/><F11/><W101/><REACH who="3" step="1"/><G19/><REACH who="3" ten="240,250,250,240" step="2"/><T36/><D36/><U7/><E18/><V42/><F75/><W37/><G37/><T125/><D125/><U130/><E126/><V90/><F72/><W113/><G113/><T67/><D67/><U99/><E66/><V80/><F42/><W55/><G55/><T124/><D124/><U91/><E99/><V100/><F100/><AGARI ba="0,2" hai="4,5,12,13,21,23,38,39,100,101,105,106,118,119" machi="100" ten="25,12000,2" yaku="1,1,22,2,52,2,53,2" doraHai="112" doraHaiUra="9" who="3" fromWho="2" sc="240,0,250,0,250,-120,240,140" /><INIT seed="1,0,0,1,4,11" ten="240,250,130,380" oya="1" hai0="76,60,33,86,84,14,78,115,132,68,131,55,124" hai1="58,127,5,89,72,20,135,67,27,112,121,93,69" hai2="47,125,61,106,79,126,34,134,122,54,19,42,46" hai3="109,75,3,41,94,108,38,6,64,24,92,82,77"/><U39/><E112/><V35/><F122/><W110/><G64/><T119/><D33/><U91/><E121/><V102/><F79/><W53/><G24/><T118/><D115/><U107/><E107/><V4/><F134/><W9/><G53/><T2/><D2/><U103/><E72/><V66/><F4/><W95/><G41/><T74/><D74/><U13/><E39/><AGARI ba="0,0" hai="3,6,9,38,39,75,77,82,92,94,95,108,109,110" machi="39" ten="50,1600,0" yaku="14,1" doraHai="11" who="3" fromWho="1" sc="240,0,250,-16,130,0,380,16" /><INIT seed="2,0,0,4,0,48" ten="240,234,130,396" oya="2" hai0="108,123,120,14,26,71,133,53,18,65,31,84,60" hai1="101,10,116,44,2,124,117,33,83,22,98,113,32" hai2="128,38,20,127,95,73,90,17,100,97,51,55,132" hai3="29,78,56,131,49,46,115,72,45,69,75,135,109"/><V47/><F128/><W105/><G105/><T104/><D108/><U82/><E113/><V58/><F132/><W61/><G109/><T1/><D1/><U99/><E124/><V52/><F127/><W11/><G131/><T59/><D104/><U80/><E22/><V87/><F73/><W37/><G135/><T94/><D133/><U70/><E70/><V13/><F38/><W3/><G29/><T103/><D103/><U5/><E44/><V19/><F19/><W74/><G69/><T50/><D84/><U134/><E134/><V41/><REACH who="2" step="1"/><F58/><REACH who="2" ten="240,234,120,396" step="2"/><W27/><G37/><T23/><REACH who="0" step="1"/><D94/><AGARI ba="0,1" hai="13,17,20,41,47,51,52,55,87,90,94,95,97,100" machi="94" ten="30,18000,2" yaku="1,1,2,1,7,1,8,1,52,2,54,1,53,0" doraHai="48" doraHaiUra="21" who="2" fromWho="0" sc="240,-180,234,0,120,190,396,0" /><INIT seed="2,1,0,3,2,30" ten="60,234,310,396" oya="2" hai0="13,116,40,52,3,48,60,73,117,28,18,25,118" hai1="38,16,62,97,76,63,111,85,114,23,45,6,26" hai2="124,121,12,0,79,44,61,67,43,91,94,31,1" hai3="83,119,115,92,22,100,98,102,71,72,108,5,21"/><V55/><F121/><W53/><G119/><T59/><D73/><U17/><E111/><V103/><F124/><W57/><G71/><T112/><D112/><U35/><E114/><V86/><F55/><W131/><G115/><T77/><D3/><U33/><E6/><V34/><F12/><W47/><G108/><T95/><D77/><U11/><E97/><V87/><F103/><W14/><G131/><T132/><D132/><U64/><E38/><V105/><F105/><W36/><G102/><T46/><D95/><U7/><E17/><V93/><F31/><W130/><G130/><T42/><D13/><U66/><E45/><V15/><F15/><W96/><G96/><T65/><REACH who="0" step="1"/><D18/><REACH who="0" ten="50,234,310,396" step="2"/><U122/><E76/><V32/><F0/><W29/><G92/><T125/><D125/><U68/><E122/><V101/><F1/><W110/><G72/><T8/><D8/><U113/><E113/><V41/><F79/><W78/><G78/><T50/><D50/><U58/><E85/><V81/><F87/><W109/><G14/><AGARI ba="1,1" hai="7,11,14,16,23,26,33,35,58,62,63,64,66,68" machi="14" ten="30,7700,0" yaku="7,1,52,2,54,1" doraHai="30" who="1" fromWho="3" sc="50,0,234,90,310,0,396,-80" /><INIT seed="3,0,0,5,4,122" ten="50,324,310,316" oya="3" hai0="29,73,47,62,131,28,18,80,105,132,98,91,135" hai1="114,4,103,111,97,134,87,61,43,125,120,116,45" hai2="48,84,92,85,31,115,123,112,86,79,10,101,50" hai3="96,23,51,49,9,66,121,44,38,17,88,35,75"/><W21/><G121/><T124/><D124/><U19/><E120/><V63/><F123/><W54/><G75/><T130/><D18/><U107/><E114/><V94/><F79/><W39/><G35/><T65/><D47/><U78/><E111/><V25/><F63/><W126/><G126/><T89/><D73/><U74/><E125/><V99/><F94/><N who="3" m="56391" /><G39/><T2/><D98/><U3/><E74/><V93/><F93/><W57/><G38/><T32/><D32/><U7/><E134/><V24/><F10/><W16/><G66/><T71/><D2/><U22/><E61/><V8/><F8/><W58/><G58/><T20/><D105/><U52/><E52/><V108/><F108/><W69/><G69/><T95/><D95/><U104/><E107/><V46/><F50/><W72/><G72/><T40/><D62/><U68/><E68/><V6/><F6/><W110/><G110/><T37/><D37/><U59/><E59/><V129/><F129/><W13/><G17/><T83/><D71/><U102/><E102/><V0/><F0/><W55/><AGARI ba="0,0" hai="9,13,16,21,23,44,49,51,54,55,57" m="56391" machi="55" ten="30,6000,0" yaku="8,1,54,2" doraHai="122" who="3" fromWho="3" sc="50,-20,324,-20,310,-20,316,60" owari="30,-47.0,304,10.4,290,-11.0,376,47.6" /></mjloggm>