<mjloggm ver="2.3"><GO type="225" lobby="0"/><UN n0="%6D%75%75%6D%75%72%61" n1="%E6%A1%9C%E8%8A%B1%E9%96%83%E3%80%85" n2="%E5%8B%95%E7%89%A9%E5%9C%92%E3%81%AE%E3%81%8F%E3%82%8D" n3="%E5%8F%AF%E5%85%90%E9%82%A3%E7%94%B1%E5%A4%9A" dan="16,16,16,16" rate="2167.70,2084.63,2156.60,2186.89" sx="F,M,M,F"/><TAIKYOKU oya="0"/><INIT seed="0,0,0,3,0,58" ten="250,250,250,250" oya="0" hai0="5,57,129,99,84,94,28,120,62,121,55,109,12" hai1="51,82,63,131,96,91,75,100,124,90,61,56,17" hai2="134,45,26,119,29,112,68,103,81,39,54,40,32" hai3="101,53,128,86,115,87,118,107,38,127,79,6,132"/><T20/><D129/><U73/><E124/><V21/><F112/><W48/><G38/><T50/><D109/><U47/><E131/><V123/><F123/><W23/><G128/><T22/><D84/><U70/><E17/><V14/><F134/><W11/><G115/><T27/><D50/><U35/><E35/><V74/><F119/><W49/><G118/><T25/><D12/><U31/><E31/><V102/><F68/><W110/><G110/><T135/><D5/><U52/><E70/><V44/><F44/><W0/><G127/><T4/><D4/><U95/><E63/><V98/><F54/><W65/><G132/><T13/><D13/><U3/><E3/><V60/><F60/><W105/><G65/><T19/><REACH who="0" step="1"/><D135/><REACH who="0" ten="240,250,250,250" step="2"/><U36/><E36/><V133/><F133/><W83/><G48/><T97/><D97/><U42/><REACH who="1" step="1"/><E73/><REACH who="1" ten="240,240,250,250" step="2"/><V33/><F74/><W30/><G6/><T113/><D113/><U85/><E85/><V104/><F98/><W24/><G87/><T1/><D1/><U89/><E89/><AGARI ba="0,2" hai="19,20,22,25,27,28,55,57,62,89,94,99,120,121" machi="89" ten="30,12000,1" yaku="1,1,7,1,25,2,52,1,53,0" doraHai="58" doraHaiUra="8" who="0" fromWho="1" sc="240,140,240,-120,250,0,250,0" /><INIT seed="0,1,0,4,3,13" ten="380,120,250,250" oya="0" hai0="99,49,43,10,132,48,33,118,128,7,4,92,12" hai1="17,38,107,121,90,80,70,46,104,125,2,109,1" hai2="130,44,115,41,35,127,72,23,36,134,69,66,8" hai3="120,113,15,100,3,97,75,126,64,40,61,34,81"/><T5/><D118/><U32/><E121/><V73/><F115/><W84/><G113/><T112/><D112/><U19/><E70/><V57/><F35/><W51/><G126/><T52/><D33/><U24/><E125/><V68/><F127/><W86/><G120/><T62/><D128/><U133/><E109/><V93/><F130/><W117/><G117/><T27/><D27/><U42/><E133/><V26/><F134/><W67/><G3/><T60/><D132/><U58/><E58/><V63/><F8/><W87/><G34/><T98/><D48/><U129/><E129/><V20/><F20/><W0/><G0/><T37/><D43/><U101/><E1/><V85/><F69/><W116/><G116/><T94/><D37/><U11/><E90/><V21/><F21/><W71/><G67/><T122/><D122/><U82/><E82/><V14/><F14/><W9/><G75/><T30/><D30/><U56/><E80/><V25/><F25/><W111/><G111/><T6/><D94/><U55/><E32/><V119/><F119/><W91/><G51/><T16/><D6/><N who="1" m="1495" /><E101/><V106/><F106/><W74/><G40/><T18/><D18/><N who="1" m="6667" /><E24/><V105/><F105/><N who="3" m="63631" /><G74/><T89/><D98/><U77/><E77/><V47/><F68/><W102/><G102/><T96/><D96/><U50/><E107/><V22/><F26/><W103/><G103/><T131/><D131/><U28/><E28/><V31/><F31/><W39/><G39/><T123/><D123/><U54/><E104/><V135/><F135/><W45/><G45/><AGARI ba="1,0" hai="4,5,7,10,12,16,45,49,52,60,62,89,92,99" machi="45" ten="40,12000,1" yaku="8,1,52,1,54,2" doraHai="13" who="0" fromWho="3" sc="380,123,120,0,250,0,250,-123" /><INIT seed="0,2,0,3,0,123" ten="503,120,250,127" oya="0" hai0="80,92,74,66,65,36,44,14,0,47,118,49,124" hai1="130,64,25,51,28,100,48,108,56,13,41,59,17" hai2="31,128,34,86,69,94,7,125,98,35,127,89,104" hai3="2,67,111,76,122,113,61,6,62,78,85,129,9"/><T88/><D118/><U117/><E117/><V39/><F69/><W20/><G113/><T110/><D0/><U112/><E130/><V57/><F128/><W101/><G129/><T133/><D124/><N who="2" m="47690" /><F39/><W95/><G122/><T33/><D33/><U52/><E112/><V119/><F119/><W107/><G107/><T99/><D133/><U134/><E134/><V84/><F31/><W5/><G5/><T77/><D110/><U3/><E3/><V135/><F135/><W55/><G111/><T21/><D36/><U126/><E126/><V1/><F86/><W82/><G78/><T121/><D121/><U45/><E100/><N who="2" m="62487" /><F57/><W70/><G20/><T26/><D14/><U29/><E25/><V109/><F109/><W91/><G101/><T10/><D10/><AGARI ba="2,0" hai="1,7,10,34,35,84,89,94" m="62487,47690" machi="10" ten="30,1000,0" yaku="18,1" doraHai="123" who="2" fromWho="0" sc="503,-16,120,0,250,16,127,0" /><INIT seed="1,0,0,4,1,91" ten="487,120,266,127" oya="1" hai0="30,87,79,34,3,58,100,28,105,76,111,15,22" hai1="94,93,70,17,88,60,8,36,40,108,51,63,66" hai2="90,10,44,29,84,127,120,113,126,128,46,2,14" hai3="50,38,134,12,116,122,47,32,59,119,96,55,106"/><U72/><E36/><V18/><F120/><W73/><G122/><T5/><D3/><U21/><E72/><V135/><F113/><W86/><G73/><T114/><D114/><U69/><E108/><V64/><F64/><W62/><G32/><T23/><D34/><U78/><E78/><V132/><F29/><W97/><G134/><N who="2" m="51241" /><F2/><W123/><G123/><T11/><D105/><U92/><E8/><V31/><F31/><W133/><G133/><T16/><D111/><U26/><E69/><V104/><F104/><W131/><G131/><T98/><D30/><U52/><E40/><V13/><F13/><W81/><G38/><T0/><D87/><U48/><E63/><V125/><F128/><W67/><G106/><T39/><D39/><U130/><E130/><V61/><F61/><W68/><G68/><T115/><D115/><U95/><REACH who="1" step="1"/><E52/><REACH who="1" ten="487,110,266,127" step="2"/><V118/><F118/><N who="3" m="45099" /><G12/><T89/><D76/><AGARI ba="0,1" hai="47,50,55,59,62,67,76,81,86,96,97" m="45099" machi="76" ten="30,1000,0" yaku="12,1" doraHai="91" who="3" fromWho="0" sc="487,-10,110,0,266,0,127,20" /><INIT seed="2,0,0,4,4,99" ten="477,110,266,147" oya="2" hai0="118,83,101,40,123,42,15,12,127,130,93,86,79" hai1="9,7,110,34,121,114,20,54,22,58,53,67,47" hai2="43,26,105,90,10,11,75,85,92,56,135,104,81" hai3="91,117,78,55,129,19,82,94,87,25,60,29,52"/><V103/><F135/><W119/><G129/><T71/><D123/><U8/><E114/><V31/><F43/><N who="0" m="16426" /><D71/><U4/><E34/><V132/><F132/><W41/><G41/><T16/><D130/><U13/><E110/><V46/><F46/><W106/><G106/><T28/><D127/><U134/><E134/><V84/><F75/><W107/><G107/><T96/><D118/><U18/><E121/><V49/><F105/><W100/><G19/><T97/><D97/><U102/><E22/><N who="2" m="15831" /><F104/><W1/><G1/><T72/><D72/><U65/><E102/><V45/><F103/><W122/><G122/><T98/><D98/><U77/><E77/><N who="2" m="46127" /><F45/><W37/><G37/><T111/><D111/><U126/><E126/><V109/><F109/><W70/><G100/><T66/><D28/><U115/><E47/><V95/><F95/><W108/><G108/><T33/><D33/><U88/><E115/><V0/><F0/><W116/><G70/><T74/><D74/><U6/><E88/><V35/><F35/><W68/><G94/><T50/><D16/><U59/><E59/><V133/><F133/><W89/><G89/><T30/><D30/><U124/><E124/><V39/><F39/><W128/><G91/><T21/><D21/><U112/><E112/><V113/><F113/><W5/><G128/><T73/><D73/><U27/><E58/><V51/><F56/><W69/><G69/><T17/><D17/><N who="1" m="12687" /><E9/><AGARI ba="0,0" hai="9,10,11,49,51,85,90,92" m="46127,15831" machi="9" ten="30,1500,0" yaku="8,1" doraHai="99" who="2" fromWho="1" sc="477,0,110,-15,266,15,147,0" /><INIT seed="2,1,0,4,0,13" ten="477,95,281,147" oya="2" hai0="101,124,31,40,43,35,36,115,72,113,105,78,82" hai1="12,6,46,74,118,42,110,127,0,34,59,95,87" hai2="86,111,69,11,51,134,49,17,56,20,75,41,14" hai3="58,102,63,132,135,27,103,26,90,92,84,32,131"/><V38/><F75/><W85/><G131/><T130/><D124/><U52/><E118/><V53/><F69/><W94/><G32/><T54/><D130/><U100/><E74/><V2/><F134/><N who="3" m="51243" /><G85/><T99/><D54/><U123/><E0/><V119/><F119/><W15/><G15/><T8/><D8/><U96/><E110/><V117/><F117/><W121/><G121/><T97/><D97/><U73/><E73/><V71/><F71/><W122/><G122/><T125/><D125/><U133/><E133/><V7/><F111/><W88/><G90/><T21/><D21/><U106/><E34/><V60/><F38/><W83/><G94/><T129/><D129/><U126/><E123/><V24/><F41/><W112/><G112/><T18/><D18/><U44/><E87/><V50/><REACH who="2" step="1"/><F86/><REACH who="2" ten="477,95,271,147" step="2"/><W64/><G83/><T23/><D43/><U5/><E42/><V19/><F19/><W66/><G66/><T80/><D80/><U79/><E127/><V104/><F104/><W62/><G62/><T9/><D36/><U33/><E126/><V10/><F10/><W81/><G81/><T4/><D40/><U91/><E106/><V108/><F108/><W116/><G116/><T39/><D39/><U98/><E5/><V25/><AGARI ba="1,1" hai="2,7,11,14,17,20,24,25,49,50,51,53,56,60" machi="25" ten="30,6000,0" yaku="1,1,0,1,52,1,53,0" doraHai="13" doraHaiUra="37" who="2" fromWho="2" sc="477,-21,95,-21,271,73,147,-21" /><INIT seed="2,2,0,2,5,15" ten="456,74,344,126" oya="2" hai0="1,54,107,81,65,85,16,123,31,94,76,127,77" hai1="50,84,55,91,8,52,88,79,115,58,3,7,22" hai2="4,103,105,38,47,126,41,96,17,28,62,109,48" hai3="34,89,13,131,100,132,120,122,6,5,25,129,92"/><V99/><F126/><W11/><G100/><T21/><D107/><U73/><E115/><V46/><F109/><W95/><G89/><T78/><D123/><N who="3" m="47145" /><G95/><T18/><D127/><U116/><E116/><V32/><F4/><N who="3" m="3303" /><G92/><T111/><D111/><U24/><E73/><V119/><F119/><W49/><G49/><T37/><D37/><U135/><E135/><V12/><F99/><W53/><G53/><T44/><D1/><U36/><E36/><V118/><F118/><W134/><G5/><T98/><D65/><U69/><E69/><V87/><F87/><W45/><G6/><T93/><D31/><U59/><E79/><N who="0" m="30281" /><D21/><U117/><E117/><V39/><F62/><W90/><G90/><N who="0" m="55607" /><D94/><U124/><E124/><V121/><F121/><W102/><G102/><T35/><D35/><U101/><E101/><V72/><F72/><W33/><G45/><T40/><D40/><U2/><E2/><V75/><F75/><W86/><G86/><T133/><D133/><N who="3" m="51305" /><G33/><T9/><D9/><U108/><E108/><V63/><F47/><W19/><G34/><T113/><D113/><U20/><E84/><V57/><F32/><W23/><AGARI ba="2,0" hai="19,23,25,129,131" m="51305,3303,47145" machi="23" ten="40,8000,1" yaku="20,1,34,2,52,1" doraHai="15" who="3" fromWho="3" sc="456,-22,74,-22,344,-42,126,86" /><INIT seed="3,0,0,5,0,61" ten="434,52,302,212" oya="3" hai0="90,21,91,4,56,131,103,10,30,22,37,49,39" hai1="6,54,89,73,96,79,117,118,19,60,87,124,74" hai2="135,98,99,38,64,85,40,31,102,23,92,112,66" hai3="108,132,104,81,3,122,133,94,59,50,33,62,32"/><W28/><G104/><T105/><D131/><U111/><E6/><V7/><F112/><W24/><G3/><T110/><D110/><U84/><E19/><V127/><F40/><W88/><G122/><T17/><D39/><U35/><E54/><V83/><F38/><W52/><G108/><T120/><D37/><U57/><E35/><V5/><F127/><W42/><G81/><T106/><D103/><U8/><E8/><V11/><F135/><N who="3" m="51787" /><G33/><T36/><D36/><U93/><E57/><V13/><F99/><N who="3" m="57799" /><G42/><T1/><D120/><U77/><E60/><V55/><F55/><W58/><G58/><T0/><D56/><U51/><E51/><V109/><F7/><W34/><G32/><T12/><D49/><AGARI ba="0,0" hai="24,28,34,49,50,52,59,62" m="57799,51787" machi="49" ten="30,5800,0" yaku="20,1,54,2" doraHai="61" who="3" fromWho="0" sc="434,-58,52,0,302,0,212,58" /><INIT seed="3,1,0,1,5,48" ten="376,52,302,270" oya="3" hai0="11,31,45,59,63,134,3,91,114,51,107,29,97" hai1="92,14,32,62,61,81,128,99,82,66,55,73,39" hai2="13,135,109,102,68,26,105,103,79,106,72,30,35" hai3="111,64,78,36,37,116,76,50,127,130,85,21,34"/><W132/><G116/><T2/><D134/><U94/><E128/><V90/><BYE who="1" /><F135/><W4/><G34/><T54/><D114/><U84/><E84/><V120/><F68/><W19/><G132/><T20/><D20/><U101/><E101/><V41/><F109/><W46/><G130/><T121/><D121/><U108/><E108/><V53/><F120/><W93/><G111/><T125/><D125/><U60/><E60/><V33/><F41/><W65/><G127/><T10/><D3/><U98/><E98/><V16/><F79/><N who="3" m="30251" /><G4/><T22/><D2/><U24/><E24/><V70/><F72/><W15/><G37/><T104/><D104/><U95/><E95/><V58/><F70/><W96/><G85/><T110/><D110/><U28/><E28/><N who="0" m="10825" /><D22/><U74/><E74/><V112/><F35/><W38/><G38/><T23/><D23/><U100/><E100/><V67/><F67/><W88/><G36/><T83/><D107/><U40/><E40/><V115/><F106/><W131/><G131/><T8/><D83/><U117/><E117/><V71/><F71/><W77/><N who="3" m="30259" /><W7/><DORA hai="123" /><G7/><T80/><D80/><U56/><E56/><V42/><F42/><AGARI ba="1,0" hai="15,19,21,42,46,50,64,65,88,93,96" m="30259" machi="42" ten="30,2900,0" yaku="8,1,54,1" doraHai="48,123" who="3" fromWho="2" sc="376,0,52,0,302,-32,270,32" /><INIT seed="3,2,0,3,0,22" ten="376,52,270,302" oya="3" hai0="98,68,127,36,57,99,25,116,104,106,130,13,39" hai1="61,44,35,87,84,88,82,131,1,33,93,133,66" hai2="125,43,97,69,51,21,71,111,54,135,126,92,132" hai3="83,45,42,32,120,4,76,6,14,119,37,64,12"/><W15/><G119/><T124/><D68/><N who="2" m="26186" /><F21/><W89/><G120/><T65/><D116/><U28/><E28/><V100/><F97/><N who="0" m="36874" /><D13/><U3/><E3/><V16/><F16/><W108/><G108/><T128/><D25/><U56/><E56/><N who="2" m="32863" /><F100/><W129/><G129/><N who="0" m="49771" /><D57/><U103/><E103/><V24/><F24/><W85/><G32/><T47/><D65/><U20/><E20/><V46/><F92/><W77/><REACH who="3" step="1"/><G64/><REACH who="3" ten="376,52,270,292" step="2"/><T34/><D34/><U78/><E78/><AGARI ba="2,1" hai="4,6,12,14,15,37,42,45,76,77,78,83,85,89" machi="78" ten="40,3900,0" yaku="1,1,2,1,53,0" doraHai="22" doraHaiUra="59" who="3" fromWho="1" sc="376,0,52,-45,270,0,292,55" /><INIT seed="3,3,0,5,5,71" ten="376,7,270,347" oya="3" hai0="45,13,11,85,56,65,35,60,125,46,94,122,105" hai1="58,4,127,52,67,100,117,21,121,20,50,44,29" hai2="107,90,70,61,74,114,18,7,78,49,66,42,0" hai3="106,109,17,92,38,79,76,1,130,37,96,43,89"/><W124/><G1/><T133/><D105/><U129/><E129/><V84/><F114/><W120/><G120/><T126/><D122/><U59/><E59/><V113/><F113/><W111/><G130/><T64/><D35/><U5/><E5/><V47/><F107/><W73/><G124/><N who="0" m="47723" /><D65/><U132/><E132/><V28/><F28/><W112/><G112/><T97/><D85/><U53/><E53/><V31/><F31/><W41/><G106/><T39/><D39/><N who="3" m="14857" /><G17/><N who="0" m="8383" /><D133/><U110/><E110/><N who="3" m="41994" /><G73/><T101/><AGARI ba="3,0" hai="45,46,56,60,64,94,97,101" m="8383,47723" machi="101" ten="30,1100,0" yaku="18,1" doraHai="71" who="0" fromWho="0" sc="376,20,7,-6,270,-6,347,-8" owari="396,49.6,1,-49.9,264,-13.6,339,13.9" /></mjloggm>