<mjloggm ver="2.3"><GO type="225" lobby="0"/><UN n0="%E5%AE%AE%E4%BF%9D%E9%B6%8F%E8%82%89" n1="%6D%75%75%6D%75%72%61" n2="%E7%B4%94%E6%BD%94%E3%83%94%E3%83%A9%E3%83%8B%E3%82%A2" n3="%E3%82%82%E3%81%90%E3%82%89" dan="16,16,16,17" rate="2138.55,2126.91,2085.49,2171.94" sx="M,F,M,M"/><TAIKYOKU oya="0"/><INIT seed="0,0,0,5,1,8" ten="250,250,250,250" oya="0" hai0="104,99,49,120,28,107,100,114,124,81,88,93,96" hai1="17,73,112,24,42,97,25,126,83,57,118,135,131" hai2="21,20,78,116,11,75,60,27,127,63,52,110,32" hai3="22,5,19,2,26,103,133,34,87,125,70,40,36"/><T30/><D114/><U132/><E118/><V122/><F116/><W39/><G70/><T76/><D120/><U113/><E126/><V77/><F127/><W86/><G125/><T54/><D107/><U84/><E73/><V94/><F110/><W59/><G133/><N who="1" m="51274" /><E131/><V38/><F38/><W128/><G128/><T129/><D129/><U79/><E42/><V55/><F122/><W23/><G34/><T64/><D64/><U119/><E119/><V33/><F11/><W91/><G103/><T58/><REACH who="0" step="1"/><D124/><REACH who="0" ten="240,250,250,250" step="2"/><U106/><E113/><V46/><F94/><W67/><G67/><T71/><D71/><U50/><E112/><V0/><F55/><W74/><G40/><T62/><D62/><U4/><E106/><V130/><F52/><W111/><G111/><T68/><D68/><U37/><E37/><V98/><F60/><W56/><G39/><T108/><D108/><U117/><E117/><V90/><F63/><W72/><G36/><T45/><D45/><U18/><E50/><V105/><F46/><W82/><G56/><T66/><D66/><U48/><E57/><V44/><F44/><W16/><G59/><T1/><D1/><U85/><E48/><V47/><F47/><W65/><G65/><T80/><D80/><U61/><E61/><V134/><F0/><W51/><G51/><T6/><D6/><U31/><E4/><V9/><F134/><W13/><G2/><T43/><D43/><U53/><E53/><V115/><F130/><W69/><G5/><T7/><D7/><U109/><E109/><V12/><F115/><W102/><G69/><RYUUKYOKU ba="0,1" sc="240,30,250,-10,250,-10,250,-10" hai0="28,30,49,54,58,76,81,88,93,96,99,100,104" /><INIT seed="0,1,1,2,3,112" ten="270,240,240,240" oya="0" hai0="69,100,66,127,110,58,17,92,41,86,35,40,84" hai1="59,128,88,63,48,94,13,101,18,62,87,65,2" hai2="77,126,91,31,22,43,75,29,134,56,105,26,121" hai3="117,0,60,3,50,14,104,8,135,34,64,54,116"/><T23/><D35/><U49/><E128/><V7/><F121/><W51/><G34/><T19/><D69/><U4/><E101/><V82/><F105/><W39/><G39/><T103/><D127/><U132/><E132/><V109/><F134/><W15/><G135/><T124/><D124/><U125/><E125/><V45/><F109/><W89/><G104/><T76/><D110/><U71/><E2/><V102/><F102/><N who="0" m="38954" /><D17/><U52/><REACH who="1" step="1"/><E4/><REACH who="1" ten="270,230,240,240" step="2"/><V81/><F7/><W32/><G0/><T129/><D129/><U44/><E44/><V37/><F126/><W61/><G3/><T25/><D76/><U70/><E70/><V85/><F56/><W9/><G89/><N who="0" m="53287" /><D86/><U46/><E46/><V131/><F131/><W83/><G32/><T27/><D27/><U10/><AGARI ba="1,2" hai="10,13,18,48,49,52,59,62,63,65,71,87,88,94" machi="10" ten="20,8000,1" yaku="1,1,0,1,7,1,54,2,53,0" doraHai="112" doraHaiUra="68" who="1" fromWho="1" sc="270,-41,230,103,240,-21,240,-21" /><INIT seed="1,0,0,5,0,2" ten="229,333,219,219" oya="1" hai0="19,20,59,66,30,74,82,116,77,93,50,100,65" hai1="21,110,39,15,45,17,129,61,42,95,44,63,31" hai2="38,40,9,87,54,102,112,23,13,58,29,36,107" hai3="5,75,91,121,34,37,27,41,105,111,12,26,35"/><U131/><E110/><V25/><F112/><W67/><G121/><T92/><D116/><U16/><E31/><V94/><F107/><W4/><G105/><T123/><D30/><U73/><E73/><V135/><F135/><W11/><G75/><T109/><D109/><U124/><E124/><V70/><F70/><W53/><G111/><T8/><D123/><U43/><E17/><V118/><F118/><W119/><G119/><T127/><D8/><U134/><E95/><V114/><F114/><W1/><G67/><T22/><D22/><U125/><E134/><V72/><F72/><W106/><G106/><T97/><D93/><U133/><E125/><V101/><F40/><W103/><G53/><T115/><D115/><U90/><E90/><V52/><F54/><W96/><G91/><T128/><D128/><N who="1" m="49227" /><E133/><V79/><F38/><AGARI ba="0,0" hai="15,16,21,38,39,42,43,44,45,61,63" m="49227" machi="38" ten="30,2900,0" yaku="19,1,54,1" doraHai="2" who="1" fromWho="2" sc="229,0,333,29,219,-29,219,0" /><INIT seed="1,1,0,3,3,8" ten="229,362,190,219" oya="1" hai0="119,92,40,39,12,66,72,62,57,25,101,80,74" hai1="27,89,125,88,33,97,124,65,87,113,128,36,37" hai2="14,43,118,114,21,100,15,47,132,102,41,108,2" hai3="24,52,94,49,9,75,3,0,83,68,112,111,127"/><U93/><E113/><V107/><F2/><W73/><G112/><T32/><D119/><U134/><E134/><V70/><F70/><W45/><G68/><T10/><D39/><U67/><E128/><V5/><F118/><W110/><G127/><N who="1" m="48714" /><E33/><V46/><F132/><W30/><G94/><T51/><D32/><U86/><E27/><V42/><F107/><W90/><G90/><T20/><D40/><U23/><E23/><V76/><F76/><W58/><G58/><T4/><D51/><U115/><E115/><V19/><F108/><N who="3" m="41515" /><G83/><T63/><D63/><U16/><E16/><N who="2" m="10391" /><F5/><N who="3" m="1191" /><G3/><T123/><D80/><N who="1" m="49223" /><E97/><V17/><F17/><W105/><G105/><T98/><REACH who="0" step="1"/><D123/><REACH who="0" ten="219,362,190,219" step="2"/><U50/><E50/><V31/><F114/><W78/><G78/><T85/><D85/><U61/><E61/><V120/><F120/><W53/><G75/><T91/><D91/><U13/><E37/><V117/><F117/><W29/><G73/><T6/><D6/><U69/><E36/><V55/><F31/><AGARI ba="1,1" hai="4,10,12,20,25,31,57,62,66,72,74,92,98,101" machi="31" ten="30,12000,2" yaku="1,1,7,1,25,2,52,1,53,1" doraHai="8" doraHaiUra="54" who="0" fromWho="2" sc="219,133,362,0,190,-123,219,0" /><INIT seed="2,0,0,5,4,37" ten="352,362,67,219" oya="2" hai0="10,5,48,64,79,34,31,46,61,12,113,65,77" hai1="59,97,17,102,15,80,135,16,53,0,44,3,104" hai2="22,28,29,62,60,6,127,91,83,74,94,78,107" hai3="43,76,68,58,39,87,128,86,40,90,84,33,93"/><V14/><F107/><W55/><G68/><T98/><D113/><U120/><E135/><V126/><F6/><W119/><G119/><T114/><D114/><U69/><E69/><V95/><F95/><W52/><G39/><T112/><D112/><U13/><E120/><V118/><F118/><W9/><G33/><T89/><D31/><U20/><E44/><V26/><F29/><W1/><G1/><T115/><D34/><U25/><E80/><V132/><F132/><W129/><G9/><T36/><D36/><U133/><E133/><V122/><F122/><W19/><G19/><T4/><D4/><U125/><E125/><N who="2" m="47627" /><F14/><W124/><G124/><T23/><D23/><U116/><E116/><V57/><F57/><W54/><G58/><N who="0" m="36919" /><D65/><U47/><E47/><V11/><F11/><W51/><G51/><T2/><D2/><U106/><E106/><V49/><F49/><W82/><REACH who="3" step="1"/><G87/><AGARI ba="0,0" hai="22,26,28,60,62,74,78,83,87,91,94" m="47627" machi="87" ten="30,1500,0" yaku="18,1" doraHai="37" who="2" fromWho="3" sc="352,0,362,0,67,15,219,-15" /><INIT seed="2,1,0,4,2,119" ten="352,362,82,204" oya="2" hai0="0,106,40,57,88,15,56,123,74,29,20,133,118" hai1="9,102,38,23,84,109,52,14,82,36,35,79,70" hai2="97,110,25,125,116,5,8,130,107,31,135,26,105" hai3="30,24,134,121,112,44,53,132,113,13,7,59,22"/><V32/><F116/><W10/><G44/><T66/><D118/><U1/><E35/><V6/><F135/><N who="3" m="51755" /><G59/><T120/><D133/><U75/><E70/><V18/><F130/><W28/><G53/><T126/><D0/><U73/><E109/><V83/><F110/><W47/><G47/><T128/><D74/><U39/><E1/><V64/><F125/><W68/><G68/><T63/><D106/><U81/><E23/><V90/><F64/><W115/><G28/><T45/><D126/><U91/><E102/><V3/><F6/><W111/><G111/><T49/><D128/><U77/><E52/><V54/><F54/><W37/><G37/><T104/><D104/><U71/><E71/><V124/><F124/><W95/><G95/><T114/><D114/><U85/><REACH who="1" step="1"/><E91/><REACH who="1" ten="352,352,82,204" step="2"/><V122/><F122/><W62/><G62/><T11/><D88/><U48/><E48/><V17/><F107/><W94/><G94/><T2/><D57/><U92/><E92/><V117/><F117/><W129/><G129/><T93/><D93/><U72/><E72/><V108/><F108/><W65/><G65/><T80/><D80/><U100/><E100/><V43/><F43/><W50/><G50/><T41/><D41/><U51/><E51/><V127/><F127/><W16/><G121/><T61/><D61/><U27/><E27/><V58/><F58/><W42/><G42/><T96/><D96/><U34/><E34/><V76/><F26/><N who="3" m="14663" /><G115/><T99/><D99/><U33/><E33/><AGARI ba="1,1" hai="7,10,13,24,30,33,112,113" m="14663,51755" machi="33" ten="30,7700,0" yaku="20,1,34,2,54,1" doraHai="119" who="3" fromWho="1" sc="352,0,352,-80,82,0,204,90" /><INIT seed="3,0,0,0,3,88" ten="352,272,82,294" oya="3" hai0="7,123,100,109,29,103,72,127,53,119,55,20,40" hai1="125,26,10,112,73,60,89,115,118,11,36,106,62" hai2="84,93,17,16,105,134,91,117,85,38,116,122,128" hai3="37,28,30,86,13,21,2,9,43,99,41,76,83"/><W114/><G114/><T68/><D123/><U35/><E36/><V46/><F91/><W23/><G2/><T54/><D68/><U56/><E73/><V82/><F38/><W113/><G113/><T111/><D72/><U48/><E106/><V6/><F105/><W50/><G37/><T70/><D70/><U34/><E89/><V25/><F46/><N who="3" m="25935" /><G43/><T110/><D40/><U15/><E48/><V94/><F128/><W131/><G131/><T57/><D127/><U87/><E125/><V71/><F71/><W1/><G1/><T32/><D7/><U96/><E96/><V92/><F6/><N who="3" m="3255" /><G99/><T33/><D57/><U24/><E56/><V63/><F134/><W132/><G132/><T42/><D42/><U31/><E15/><V19/><F82/><W39/><G39/><T66/><D66/><U27/><E27/><V97/><F97/><W81/><G81/><T4/><D4/><U59/><E59/><V107/><F107/><W47/><G47/><T101/><D119/><U133/><E133/><V3/><F3/><W69/><G69/><T8/><D8/><U90/><E118/><V5/><F5/><W129/><G129/><T0/><D0/><U75/><E75/><V49/><F117/><W77/><G77/><T95/><D32/><U102/><E112/><V18/><F116/><W78/><G78/><T130/><D33/><U79/><E79/><V67/><F122/><W80/><G80/><T58/><D130/><U14/><E115/><V124/><F124/><W44/><G44/><T74/><D74/><U64/><E35/><V104/><F104/><RYUUKYOKU ba="0,0" sc="352,-10,272,-10,82,-10,294,30" hai3="21,23,28,30,76,83,86" /><INIT seed="3,1,0,5,1,29" ten="342,262,72,324" oya="3" hai0="15,25,121,112,46,132,116,124,53,45,11,67,91" hai1="4,37,99,88,31,110,74,16,119,125,130,89,73" hai2="35,103,98,12,34,44,43,115,50,113,72,92,8" hai3="133,27,109,66,83,114,48,118,24,90,38,52,58"/><W77/><G114/><T47/><D121/><U81/><E110/><V9/><F72/><W55/><G118/><T122/><D122/><U117/><E37/><V5/><F115/><W69/><G109/><T10/><D112/><U49/><E4/><V129/><F129/><W42/><G133/><T13/><D116/><N who="1" m="44619" /><E130/><V131/><F131/><W14/><G90/><N who="1" m="34922" /><E31/><V1/><REACH who="2" step="1"/><F113/><REACH who="2" ten="342,262,62,324" step="2"/><W3/><G3/><T6/><D132/><U94/><E74/><V111/><F111/><W106/><G106/><T30/><D124/><U97/><E125/><V75/><F75/><W107/><G107/><T63/><D91/><U19/><E73/><V60/><F60/><N who="3" m="40135" /><G55/><T0/><D53/><U59/><E81/><V102/><F102/><W135/><G135/><T86/><D86/><U65/><E99/><V123/><F123/><W2/><G2/><T56/><REACH who="0" step="1"/><D11/><REACH who="0" ten="332,262,62,324" step="2"/><U128/><E128/><V78/><F78/><W87/><G14/><T127/><D127/><U61/><E49/><V7/><AGARI ba="1,2" hai="1,5,7,8,9,12,34,35,43,44,50,92,98,103" machi="7" ten="20,8000,1" yaku="1,1,0,1,7,1,52,2,53,0" doraHai="29" doraHaiUra="126" who="2" fromWho="2" sc="332,-21,262,-21,62,103,324,-41" owari="311,41.1,241,-15.9,165,-33.5,283,8.3" /></mjloggm>