<mjloggm ver="2.3"><GO type="225" lobby="0"/><UN n0="%6D%75%75%6D%75%72%61" n1="%72%69%6F%75%63%68%61%6E" n2="%E7%99%BD%E6%97%A5%E9%9B%AA%E8%8F%9C" n3="%E8%B6%85%E7%B4%9A%E9%B3%B3%E5%87%B0" dan="16,17,16,16" rate="2123.86,2121.05,2115.03,2151.06" sx="F,M,M,M"/><TAIKYOKU oya="0"/><INIT seed="0,0,0,4,0,4" ten="250,250,250,250" oya="0" hai0="89,20,32,1,72,7,79,122,36,91,61,15,90" hai1="95,92,39,60,103,102,14,117,59,33,106,98,54" hai2="66,134,69,48,108,109,84,9,68,127,17,126,119" hai3="70,99,85,13,58,82,88,110,53,75,125,49,40"/><T34/><D122/><U38/><E117/><V25/><F119/><W101/><G70/><T27/><D36/><U28/><E14/><N who="2" m="7375" /><F134/><W100/><G110/><N who="2" m="42601" /><F48/><W19/><G125/><N who="2" m="47625" /><F66/><W96/><G75/><T67/><D1/><U133/><E133/><V2/><F2/><W81/><G40/><T130/><D130/><U86/><E38/><V42/><F42/><W105/><G81/><T62/><D79/><U113/><E39/><V77/><F25/><W80/><G82/><AGARI ba="0,0" hai="68,69,77,82,84" m="47625,42601,7375" machi="82" ten="30,3900,0" yaku="14,1,18,1,52,1" doraHai="4" who="2" fromWho="3" sc="250,0,250,0,250,39,250,-39" /><INIT seed="1,0,0,0,0,125" ten="250,250,289,211" oya="1" hai0="126,107,104,51,2,78,17,36,84,131,63,73,4" hai1="69,19,15,3,5,122,124,110,47,41,49,113,22" hai2="53,38,57,66,114,16,55,1,48,71,14,127,93" hai3="37,28,133,35,70,76,92,54,46,102,20,91,132"/><U96/><E113/><V80/><F1/><W130/><G70/><T129/><D36/><U7/><E124/><V108/><F127/><W40/><G35/><T62/><D126/><U6/><E122/><V83/><F38/><W118/><G118/><T106/><D73/><U33/><E69/><V0/><F0/><W87/><G76/><T21/><D51/><U135/><E135/><N who="3" m="51786" /><G102/><T75/><D75/><U11/><E110/><V119/><F119/><W81/><G81/><N who="0" m="47159" /><D4/><U10/><E33/><V121/><F121/><W65/><G65/><T25/><D2/><U60/><E60/><V27/><F27/><N who="3" m="16487" /><G54/><T90/><D90/><U24/><REACH who="1" step="1"/><E96/><REACH who="1" ten="250,240,289,211" step="2"/><V134/><F71/><W31/><G31/><AGARI ba="0,1" hai="3,5,6,7,10,11,15,19,22,24,31,41,47,49" machi="31" ten="30,5800,0" yaku="1,1,2,1,7,1,53,0" doraHai="125" doraHaiUra="86" who="1" fromWho="3" sc="250,0,240,68,289,0,211,-58" /><INIT seed="1,1,0,0,2,75" ten="250,308,289,153" oya="1" hai0="49,91,6,34,62,69,4,70,28,13,63,121,85" hai1="24,43,81,118,11,72,41,98,113,3,129,135,2" hai2="38,108,59,111,26,134,23,107,1,79,65,128,71" hai3="64,101,83,90,99,88,42,110,100,131,53,30,86"/><U96/><E113/><V15/><F1/><W82/><G110/><T51/><D34/><U105/><E118/><V133/><F107/><W95/><G131/><T50/><D121/><U22/><E129/><V125/><F128/><W35/><G42/><T92/><D28/><U12/><E135/><N who="2" m="51723" /><F38/><W25/><G64/><T119/><D119/><U124/><E124/><V66/><F71/><W14/><G14/><T109/><D109/><N who="2" m="42058" /><F125/><W48/><REACH who="3" step="1"/><G83/><REACH who="3" ten="250,308,289,143" step="2"/><T114/><D13/><U52/><E12/><V37/><F15/><W123/><G123/><T8/><D8/><U5/><E2/><V115/><F66/><W112/><G112/><T130/><D114/><U58/><E81/><V122/><F65/><W97/><G97/><T0/><D130/><U47/><E98/><V17/><F115/><W127/><G127/><T77/><D0/><U132/><E41/><V103/><F122/><W32/><G32/><T120/><D120/><U46/><E43/><V87/><F37/><W89/><G89/><T18/><D4/><U55/><E132/><V21/><F21/><W104/><G104/><T10/><D6/><U56/><E105/><V57/><F103/><W19/><G19/><T9/><D18/><N who="1" m="12375" /><E96/><V94/><F79/><W39/><G39/><T78/><D10/><U44/><E11/><V117/><F117/><W60/><G60/><N who="0" m="23083" /><D9/><U54/><E5/><V126/><F126/><W7/><G7/><T45/><D69/><U73/><E3/><V36/><F36/><W20/><G20/><T93/><D70/><U74/><AGARI ba="1,1" hai="44,46,47,52,54,55,56,58,72,73,74" m="12375" machi="74" ten="40,7800,0" yaku="29,2,54,1" doraHai="75" who="1" fromWho="1" sc="250,-27,308,91,289,-27,143,-27" /><INIT seed="1,2,0,2,4,105" ten="223,399,262,116" oya="1" hai0="121,63,35,32,22,134,26,46,6,42,49,86,59" hai1="70,78,12,91,54,113,67,83,37,66,18,11,100" hai2="58,129,55,28,79,62,135,16,84,60,38,81,75" hai3="99,25,33,110,103,71,44,2,8,131,107,94,45"/><U47/><E113/><V30/><F38/><W50/><G71/><T64/><D134/><U97/><E70/><V82/><F135/><W0/><G110/><T104/><D121/><U125/><E125/><V119/><F129/><W36/><G131/><T115/><D115/><U114/><E114/><V102/><F102/><W19/><G107/><T13/><D104/><U53/><E37/><V133/><F119/><W88/><G103/><T89/><D6/><U57/><E47/><V106/><F106/><W52/><G8/><T21/><D21/><U126/><E100/><V76/><F133/><W68/><G68/><T116/><D13/><U72/><E126/><V41/><F41/><W14/><G14/><T122/><D122/><U112/><E112/><V61/><REACH who="2" step="1"/><F16/><REACH who="2" ten="223,399,252,116" step="2"/><W3/><G19/><T29/><REACH who="0" step="1"/><D116/><REACH who="0" ten="213,399,252,116" step="2"/><U4/><E18/><V27/><F27/><W130/><G130/><T20/><D20/><U69/><E4/><V17/><F17/><W15/><G15/><T117/><D117/><U120/><E12/><V87/><F87/><W40/><REACH who="3" step="1"/><G0/><REACH who="3" ten="213,399,252,106" step="2"/><T101/><D101/><U132/><E132/><V123/><F123/><W56/><G56/><T24/><D24/><U48/><E57/><V34/><F34/><W128/><G128/><T9/><D9/><U95/><E11/><V10/><F10/><W124/><G124/><T96/><D96/><U109/><E69/><V73/><F73/><W5/><G5/><T80/><AGARI ba="2,3" hai="22,26,29,32,35,42,46,49,59,63,64,80,86,89" machi="80" ten="20,8000,1" yaku="1,1,0,1,7,1,53,2" doraHai="105" doraHaiUra="31" who="0" fromWho="0" sc="213,116,399,-42,252,-22,106,-22" /><INIT seed="2,0,0,5,3,0" ten="329,357,230,84" oya="2" hai0="77,65,23,30,88,1,19,45,67,75,60,128,38" hai1="17,102,81,25,48,73,114,108,51,90,121,78,29" hai2="33,122,91,16,64,93,42,135,58,52,59,116,14" hai3="87,100,4,18,111,130,95,109,27,24,86,82,133"/><V31/><F116/><W76/><G130/><T66/><D128/><U61/><E114/><V71/><F122/><W118/><G118/><T117/><D117/><U5/><E121/><V85/><F135/><W104/><G133/><T54/><D1/><U115/><E115/><V50/><F71/><W43/><G43/><T44/><D30/><U127/><E108/><V20/><F42/><W105/><G18/><T129/><D129/><U35/><E127/><V21/><F33/><W13/><G13/><T101/><D101/><U94/><E102/><V72/><F72/><W120/><G120/><T110/><D77/><U79/><E79/><V10/><F31/><W32/><G32/><T2/><D2/><U96/><E5/><V107/><F107/><W70/><G76/><T36/><D75/><U56/><REACH who="1" step="1"/><E17/><REACH who="1" ten="329,347,230,84" step="2"/><V80/><REACH who="2" step="1"/><F80/><REACH who="2" ten="329,347,220,84" step="2"/><W39/><G82/><T132/><D132/><U26/><E26/><V57/><F57/><W12/><G24/><T3/><D110/><U40/><E40/><V106/><F106/><W103/><G27/><T84/><D19/><U113/><E113/><V83/><F83/><W119/><G119/><T34/><D34/><U124/><E124/><V92/><F92/><W37/><G95/><T53/><D36/><U6/><E6/><V22/><F22/><W62/><G4/><T134/><D38/><U55/><AGARI ba="0,2" hai="25,29,35,48,51,55,56,61,73,78,81,90,94,96" machi="55" ten="20,2700,0" yaku="1,1,0,1,7,1,53,0" doraHai="0" doraHaiUra="9" who="1" fromWho="1" sc="329,-7,347,47,220,-13,84,-7" /><INIT seed="3,0,0,0,0,94" ten="322,394,207,77" oya="3" hai0="53,96,66,33,39,3,23,102,88,126,21,54,122" hai1="25,65,128,78,45,130,77,85,114,30,89,133,113" hai2="93,112,101,104,5,56,1,43,129,119,46,134,24" hai3="12,75,47,118,109,82,107,84,11,73,131,68,124"/><W125/><G118/><T55/><D122/><U2/><E2/><V13/><F119/><W72/><G68/><T50/><D39/><U38/><E133/><V63/><F112/><N who="1" m="43113" /><E65/><V111/><F111/><W99/><G47/><T9/><D33/><N who="1" m="20687" /><E38/><V34/><F129/><N who="1" m="49769" /><E45/><V40/><F40/><W58/><G58/><T76/><D76/><U105/><E105/><V120/><F134/><W49/><G49/><T51/><D126/><N who="3" m="48745" /><G12/><T116/><D116/><U97/><E97/><V83/><F13/><W62/><G62/><T71/><D66/><U90/><E89/><V18/><F46/><W91/><G11/><T70/><D9/><U14/><E14/><V123/><F56/><W17/><G17/><T67/><D67/><U27/><E27/><V79/><F63/><W35/><G35/><T20/><D3/><U59/><E59/><V41/><F34/><W31/><G31/><T19/><D19/><U7/><E7/><V80/><F1/><W36/><G131/><T52/><D50/><U26/><E26/><V57/><F18/><W103/><G36/><T44/><REACH who="0" step="1"/><D88/><REACH who="0" ten="312,394,207,77" step="2"/><U127/><E127/><V37/><F37/><W106/><G109/><T87/><D87/><U32/><E32/><V115/><F123/><W110/><G110/><T10/><D10/><U15/><E15/><V61/><F120/><W100/><G103/><T81/><D81/><AGARI ba="0,1" hai="77,78,81,85,90" m="49769,20687,43113" machi="81" ten="30,1000,0" yaku="19,1" doraHai="94" who="1" fromWho="0" sc="312,-10,394,20,207,0,77,0" owari="302,10.2,414,51.4,207,-19.3,77,-42.3" /></mjloggm>