<mjloggm ver="2.3"><GO type="225" lobby="0"/><UN n0="%E6%B4%BE%E9%81%A3%E3%81%AE%E3%82%B8%E3%83%A3%E3%83%83%E3%82%AF" n1="%E3%81%BF%E3%81%BF%E3%81%9A" n2="%E3%83%81%E3%83%AF%E3%83%AF%E9%9A%8A%E9%95%B7" n3="%E7%89%B9%E6%9D%B1%E3%81%AF%E4%B8%96%E7%95%8C%E3%82%92%E6%95%91%E3%81%86" dan="17,18,17,16" rate="2173.91,2225.44,2155.24,2168.99" sx="M,M,M,M"/><TAIKYOKU oya="0"/><INIT seed="0,0,0,0,5,68" ten="250,250,250,250" oya="0" hai0="133,20,40,66,92,38,125,33,127,39,113,58,82" hai1="128,5,36,55,96,50,63,121,25,9,102,91,14" hai2="108,94,135,23,112,75,132,45,110,49,51,107,12" hai3="8,29,119,129,109,57,46,61,72,88,31,71,84"/><T27/><D113/><U104/><E121/><V134/><F107/><W100/><G119/><T93/><D33/><U60/><E128/><V44/><F112/><W73/><G129/><T53/><D66/><U10/><E36/><N who="0" m="13865" /><D40/><U101/><E25/><V19/><F75/><W90/><G71/><T13/><D82/><U89/><E10/><V56/><F56/><W115/><G115/><T35/><D35/><U1/><E1/><V24/><F94/><W3/><G100/><N who="1" m="38506" /><E104/><V62/><F62/><N who="1" m="23593" /><E96/><V15/><F24/><W17/><G3/><T41/><D41/><U120/><E120/><V26/><F26/><W78/><G73/><T65/><D65/><U97/><E97/><V114/><F114/><W126/><G72/><T83/><D83/><U64/><E64/><V6/><F12/><W116/><G29/><T85/><D13/><U87/><E87/><V4/><F49/><W0/><G31/><T74/><D74/><U42/><E42/><N who="2" m="24983" /><F45/><AGARI ba="0,0" hai="5,9,14,45,50,55,89,91" m="23593,38506" machi="45" ten="30,1000,0" yaku="8,1" doraHai="68" who="1" fromWho="2" sc="250,0,250,10,250,-10,250,0" /><INIT seed="1,0,0,4,0,48" ten="250,260,240,250" oya="1" hai0="96,13,105,28,128,125,57,93,69,85,117,19,76" hai1="82,70,52,78,113,24,72,40,81,30,29,45,36" hai2="32,79,66,14,50,132,131,58,18,56,49,104,94" hai3="39,100,73,114,122,121,5,11,63,22,127,41,120"/><U34/><E113/><V2/><F104/><W109/><G114/><T35/><D69/><U25/><E82/><V126/><F2/><W44/><G109/><T124/><D117/><U51/><E70/><V134/><F32/><W42/><G127/><T123/><D128/><U90/><E90/><V110/><F126/><W89/><G42/><T130/><D130/><U83/><E78/><V71/><F131/><W135/><G135/><N who="2" m="51753" /><F110/><W54/><G100/><T3/><D3/><U47/><E72/><V88/><F79/><W8/><G73/><T129/><D129/><U102/><E102/><V106/><F106/><W99/><G22/><AGARI ba="0,0" hai="22,24,25,29,30,34,36,40,45,47,51,52,81,83" machi="22" ten="30,5800,0" yaku="7,1,52,1,54,1" doraHai="48" who="1" fromWho="3" sc="250,0,260,58,240,0,250,-58" /><INIT seed="1,1,0,3,0,93" ten="250,318,240,192" oya="1" hai0="117,17,103,134,28,51,90,65,94,82,61,118,78" hai1="70,53,13,84,42,104,25,133,48,20,10,33,52" hai2="111,95,21,76,35,101,15,86,89,63,115,120,114" hai3="83,16,34,122,49,59,54,41,135,109,67,88,27"/><U22/><E133/><V0/><F35/><W19/><G109/><T23/><D134/><U79/><E70/><V132/><F0/><W116/><G135/><T100/><D51/><U47/><E104/><V98/><F132/><W1/><G122/><T112/><D112/><N who="2" m="43050" /><F120/><W99/><G1/><T107/><D28/><U58/><E33/><V40/><F111/><W105/><G116/><T72/><D103/><U32/><E32/><V56/><F40/><W131/><G131/><T12/><D100/><U44/><E44/><V74/><F74/><W108/><G108/><T9/><D9/><U36/><E25/><V8/><F76/><W96/><G105/><T39/><D39/><U81/><REACH who="1" step="1"/><E53/><REACH who="1" ten="250,308,240,192" step="2"/><V110/><F110/><W7/><G41/><T130/><D107/><U87/><E87/><V92/><F86/><N who="3" m="50271" /><G34/><T3/><D130/><U121/><E121/><V64/><F64/><W102/><G27/><T2/><D118/><U30/><E30/><V26/><F26/><W97/><G102/><T14/><D117/><U4/><AGARI ba="1,1" hai="4,10,13,20,22,36,42,47,48,52,58,79,81,84" machi="4" ten="20,12000,1" yaku="1,1,0,1,7,1,54,1,53,1" doraHai="93" doraHaiUra="5" who="1" fromWho="1" sc="250,-41,308,133,240,-41,192,-41" /><INIT seed="1,2,0,5,2,0" ten="209,441,199,151" oya="1" hai0="83,81,122,48,87,99,96,133,118,101,44,68,89" hai1="82,65,72,35,76,94,70,40,33,135,64,5,15" hai2="57,103,71,16,28,53,85,91,49,47,97,124,123" hai3="8,30,120,11,117,62,3,127,22,92,51,23,9"/><U106/><E106/><V55/><F123/><W111/><G120/><T128/><D68/><U116/><E116/><V112/><F71/><W107/><G107/><T25/><D118/><U88/><E135/><V38/><F112/><W77/><G117/><T95/><D122/><U84/><E40/><V78/><F124/><W105/><G105/><T60/><D128/><U67/><REACH who="1" step="1"/><E70/><REACH who="1" ten="209,431,199,151" step="2"/><V42/><F42/><W7/><G127/><T39/><D133/><U37/><E37/><V10/><F38/><W4/><G3/><T110/><D39/><U41/><E41/><V129/><F129/><W2/><G2/><T134/><D134/><U86/><E86/><V43/><F43/><W130/><G130/><T102/><D87/><U21/><E21/><V131/><F85/><W126/><G126/><T17/><D99/><U73/><E73/><V36/><F97/><W113/><G23/><T104/><D96/><U74/><E74/><V54/><F131/><W75/><G75/><T98/><D104/><U31/><E31/><V58/><F28/><W61/><G30/><T79/><D98/><U1/><E1/><V108/><F36/><W32/><G22/><T46/><D101/><U27/><E27/><V121/><F103/><W115/><G115/><T80/><D25/><U90/><E90/><V59/><F91/><W114/><G114/><T20/><D89/><U52/><E52/><V14/><F121/><W45/><G113/><T18/><D20/><U12/><E12/><V66/><F54/><W93/><G32/><T6/><D102/><U19/><E19/><V26/><F26/><RYUUKYOKU ba="2,1" sc="209,-10,431,30,199,-10,151,-10" hai1="5,15,33,35,64,65,67,72,76,82,84,88,94" /><INIT seed="1,3,1,0,1,46" ten="199,461,189,141" oya="1" hai0="127,134,1,51,100,94,106,11,61,114,42,131,122" hai1="88,2,91,31,8,83,80,84,59,86,123,112,45" hai2="7,120,13,121,75,63,60,81,0,68,26,58,113" hai3="10,85,6,44,79,49,105,98,40,115,24,52,3"/><U4/><E112/><V72/><F113/><W18/><G115/><T32/><D114/><RYUUKYOKU type="kaze4" ba="3,1" sc="199,0,461,0,189,0,141,0" /><INIT seed="1,4,1,2,2,18" ten="199,461,189,141" oya="1" hai0="44,51,84,99,106,22,123,21,93,23,105,25,129" hai1="117,83,124,29,14,133,120,19,121,90,72,98,67" hai2="91,112,96,48,62,66,74,103,50,115,81,3,109" hai3="68,6,7,45,54,59,38,0,101,63,118,116,8"/><U127/><E117/><N who="3" m="45162" /><G7/><T135/><D135/><U47/><E67/><V122/><F122/><W97/><G68/><T33/><D123/><U134/><E47/><V26/><F3/><W36/><G45/><T104/><D129/><U88/><E29/><V85/><F109/><W37/><G37/><T28/><D84/><N who="1" m="50207" /><E72/><V43/><F74/><W31/><G31/><T9/><D9/><U130/><E130/><V57/><F43/><W78/><G78/><T1/><D1/><U24/><E24/><V58/><F26/><W70/><G70/><T2/><D2/><U46/><E46/><V40/><F40/><W87/><G87/><T60/><D60/><U11/><E120/><V16/><F16/><W79/><G79/><T75/><D75/><U17/><E17/><V125/><F125/><N who="1" m="48201" /><E121/><V20/><F66/><W61/><G61/><T126/><D126/><U41/><E41/><V71/><F62/><W53/><G53/><T12/><D44/><U27/><E27/><V92/><F71/><W102/><G102/><T114/><D114/><U49/><E49/><V52/><F115/><W111/><G111/><T119/><D119/><U55/><E55/><N who="2" m="31975" /><F112/><W131/><G131/><T34/><D34/><U56/><E56/><V13/><F13/><W77/><G77/><T76/><D76/><U110/><E110/><V95/><F81/><W35/><G35/><T69/><D69/><U100/><E100/><V64/><F64/><W5/><G5/><T42/><D42/><U132/><E134/><V39/><F39/><W4/><G4/><T82/><D51/><U86/><E133/><RYUUKYOKU ba="4,1" sc="199,-15,461,-15,189,15,141,15" hai2="20,50,52,58,85,91,92,95,96,103" hai3="0,6,8,36,38,54,59,63,97,101" /><INIT seed="2,5,1,3,4,28" ten="184,446,204,156" oya="2" hai0="19,57,133,42,38,131,101,2,54,80,12,71,85" hai1="59,83,129,110,92,52,77,17,81,11,40,108,102" hai2="111,39,0,99,63,73,32,126,68,29,79,20,96" hai3="132,56,100,117,125,45,70,8,49,15,113,9,105"/><V93/><F0/><W89/><G117/><T65/><D2/><U72/><E40/><V62/><F39/><W66/><G70/><T82/><D131/><U37/><E37/><V50/><F20/><W94/><G132/><T55/><D133/><U41/><E41/><V130/><F130/><W61/><G125/><T43/><D101/><U13/><E129/><V122/><F122/><W21/><G105/><T119/><D119/><U18/><E83/><N who="0" m="31785" /><D71/><U87/><E17/><V26/><F126/><W123/><G100/><T78/><D65/><U91/><REACH who="1" step="1"/><E102/><REACH who="1" ten="184,436,204,156" step="2"/><V22/><F111/><W36/><G36/><T115/><D38/><U103/><E103/><V47/><F73/><W86/><G123/><T88/><D42/><U27/><E27/><V124/><F26/><W98/><G113/><T116/><D43/><U33/><E33/><V30/><F32/><W69/><G69/><T134/><D115/><U97/><E97/><V51/><F96/><W24/><G98/><T48/><D116/><U74/><E74/><V46/><F99/><W34/><G86/><T67/><D134/><U135/><E135/><V7/><F68/><W64/><G34/><T23/><D85/><U121/><E121/><V104/><F124/><W107/><G24/><T14/><D19/><U31/><E31/><V90/><F29/><W53/><G107/><T3/><D78/><U76/><E76/><V16/><F79/><W1/><G89/><T120/><D88/><U114/><E114/><V10/><F104/><W44/><G21/><T118/><D23/><U60/><AGARI ba="5,2" hai="11,13,18,52,59,60,72,77,81,87,91,92,108,110" machi="60" ten="30,7900,0" yaku="1,1,0,1,54,1,53,1" doraHai="28" doraHaiUra="75" who="1" fromWho="1" sc="184,-25,436,114,204,-44,156,-25" /><INIT seed="3,0,0,4,1,99" ten="159,550,160,131" oya="3" hai0="127,126,55,38,53,129,90,103,121,101,68,91,98" hai1="76,23,97,122,56,9,30,18,19,35,80,3,100" hai2="93,11,66,88,120,65,107,61,63,50,14,72,58" hai3="75,52,69,31,48,2,5,117,102,67,133,131,85"/><W42/><G117/><T15/><D121/><U13/><E122/><V109/><F120/><W115/><G115/><T26/><D68/><U54/><E35/><V4/><F109/><W134/><G75/><T92/><D38/><U124/><E124/><N who="0" m="47657" /><D129/><U40/><E40/><V113/><F113/><W123/><G123/><T128/><D128/><U111/><E111/><V29/><F72/><W95/><G131/><T37/><D37/><U77/><E30/><V62/><F107/><W45/><G31/><T33/><D15/><U106/><E80/><V6/><F29/><W44/><G69/><T39/><D39/><U86/><E86/><N who="2" m="52375" /><F4/><W7/><G67/><N who="2" m="25609" /><F50/><N who="3" m="28743" /><G2/><T118/><D118/><U28/><E28/><V57/><AGARI ba="0,0" hai="6,11,14,57,58,61,62,63" m="25609,52375" machi="57" ten="30,2000,0" yaku="8,1,54,1" doraHai="99" who="2" fromWho="2" sc="159,-5,550,-5,160,20,131,-10" owari="154,-24.6,545,64.5,180,-2.0,121,-37.9" /></mjloggm>