<mjloggm ver="2.3"><GO type="225" lobby="0"/><UN n0="%E3%83%B4%E3%83%A0%EF%BC%99%E3%81%A6" n1="%54%4F%52" n2="%E3%81%B2%E3%81%AA%E3%81%AE%E3%82%8A%E3%81%8F" n3="%E5%B0%8F%E9%B3%A5%E9%81%8A%E7%B7%B4%E7%84%A1%32%31%E6%AD%B3" dan="17,17,17,16" rate="2190.07,2216.75,2187.53,2126.64" sx="M,M,M,F"/><TAIKYOKU oya="0"/><INIT seed="0,0,0,4,2,24" ten="250,250,250,250" oya="0" hai0="99,84,134,114,97,7,72,104,59,102,70,78,91" hai1="19,47,96,6,50,76,110,105,60,66,71,119,109" hai2="87,106,46,94,5,0,124,88,83,17,68,95,11" hai3="20,51,65,103,36,80,111,86,112,135,108,58,8"/><T49/><D70/><U107/><E119/><V43/><F124/><W21/><G36/><T130/><D7/><U89/><E6/><V2/><F106/><W132/><G112/><T117/><D114/><U14/><E76/><V81/><F68/><W62/><G103/><T75/><D49/><U45/><E45/><V35/><F35/><W131/><G8/><T126/><D59/><U122/><E122/><V52/><F2/><W101/><G101/><N who="0" m="62511" /><D117/><U27/><E27/><V15/><F52/><W40/><G131/><T44/><D44/><U48/><E48/><V61/><F61/><W18/><G51/><T3/><D3/><U4/><E4/><V82/><F95/><W79/><G40/><T57/><D57/><U113/><E113/><V22/><REACH who="2" step="1"/><F81/><REACH who="2" ten="250,250,240,250" step="2"/><W54/><G54/><T116/><D126/><U123/><E107/><V98/><F98/><W118/><G118/><T29/><D99/><U23/><E105/><V25/><F25/><W93/><G93/><T37/><D116/><U38/><E96/><V10/><F10/><W34/><G34/><T74/><D102/><U53/><E71/><V69/><F69/><W90/><G21/><T85/><D130/><U100/><E60/><V39/><AGARI ba="0,1" hai="0,5,11,15,17,22,39,43,46,82,83,87,88,94" machi="39" ten="20,5200,0" yaku="1,1,0,1,7,1,54,1,53,0" doraHai="24" doraHaiUra="55" who="2" fromWho="2" sc="250,-26,250,-13,240,62,250,-13" /><INIT seed="1,0,0,0,3,129" ten="224,237,302,237" oya="1" hai0="94,125,39,123,1,64,126,75,28,134,84,120,10" hai1="35,78,37,98,97,33,117,127,62,130,73,99,115" hai2="90,135,15,103,93,42,51,27,112,77,13,60,18" hai3="66,14,131,105,30,104,47,70,109,116,22,88,108"/><U34/><E115/><V53/><F77/><W106/><G116/><T52/><D75/><U61/><E117/><V91/><F42/><W96/><G131/><T67/><D39/><U4/><E130/><V79/><F79/><W102/><G47/><T19/><D28/><U49/><E37/><V7/><F112/><W89/><G66/><T59/><D84/><U24/><E127/><N who="0" m="48649" /><D94/><U48/><E4/><V25/><F103/><W121/><G70/><T58/><D58/><U87/><E73/><V56/><F7/><W83/><G30/><T29/><D29/><U2/><E2/><V43/><F15/><W17/><G121/><N who="0" m="46667" /><D134/><U114/><E114/><V41/><F135/><W6/><G6/><N who="0" m="1359" /><D19/><U95/><E78/><V107/><F107/><W81/><G106/><T44/><D44/><U0/><E87/><V76/><F76/><W16/><G17/><T85/><D85/><U119/><E95/><V113/><F113/><W101/><G105/><T69/><D69/><U9/><E98/><N who="2" m="57655" /><F91/><N who="3" m="34891" /><G102/><T86/><D86/><U5/><E97/><V133/><F133/><W20/><G20/><T26/><D26/><N who="2" m="9738" /><F60/><AGARI ba="0,0" hai="52,59,60,64,67" m="1359,46667,48649" machi="60" ten="30,3900,0" yaku="18,1,13,1,54,1" doraHai="129" who="0" fromWho="2" sc="224,39,237,0,302,-39,237,0" /><INIT seed="2,0,0,2,5,134" ten="263,237,263,237" oya="2" hai0="70,51,103,36,96,32,64,73,130,23,123,127,56" hai1="18,61,6,1,74,117,44,108,107,91,59,12,131" hai2="28,16,93,35,121,84,89,10,128,119,111,5,109" hai3="34,97,47,60,38,13,116,50,110,46,26,80,118"/><V115/><F115/><W29/><G110/><N who="2" m="41993" /><F119/><W83/><G38/><T52/><D73/><U85/><E117/><V42/><F121/><W104/><G116/><T106/><D32/><U48/><E74/><V24/><F128/><W4/><G118/><T98/><D123/><U63/><E131/><V99/><F42/><W2/><G2/><T82/><D82/><U129/><E129/><V75/><F75/><W122/><G46/><T14/><D96/><U133/><E107/><V135/><F135/><W95/><G104/><T101/><D101/><U30/><E108/><V100/><F16/><W0/><G0/><T9/><D36/><U79/><E79/><V15/><F84/><W11/><G60/><T90/><D23/><U69/><E133/><V71/><F71/><W72/><G72/><T68/><D130/><U55/><E30/><V37/><F37/><W21/><G34/><T17/><D68/><U92/><E69/><V77/><F77/><W105/><G105/><T57/><D70/><U94/><E6/><V113/><F113/><W7/><G4/><T76/><D76/><U54/><E1/><V27/><F27/><W33/><G33/><T112/><D112/><U49/><REACH who="1" step="1"/><E94/><REACH who="1" ten="263,227,263,237" step="2"/><V125/><F125/><W132/><G132/><T81/><D127/><U53/><E53/><V126/><F126/><W124/><G124/><T31/><D31/><U8/><AGARI ba="0,1" hai="8,12,18,44,48,49,54,55,59,61,63,85,91,92" machi="8" ten="20,5200,0" yaku="1,1,0,1,7,1,8,1,53,0" doraHai="134" doraHaiUra="19" who="1" fromWho="1" sc="263,-13,227,62,263,-26,237,-13" /><INIT seed="3,0,0,4,5,102" ten="250,289,237,224" oya="3" hai0="49,2,58,14,70,43,115,112,28,76,48,40,52" hai1="42,35,59,130,91,99,10,11,82,100,60,22,55" hai2="63,111,128,85,114,3,9,47,103,21,54,72,53" hai3="25,133,83,13,93,117,41,135,88,122,32,45,75"/><W8/><G122/><T98/><D2/><U129/><E35/><V26/><F72/><W84/><G117/><T123/><D28/><U0/><E42/><N who="0" m="15913" /><D14/><U44/><E44/><V108/><F114/><N who="0" m="43562" /><D76/><U118/><E118/><V18/><F103/><W31/><G83/><T79/><D79/><U92/><E22/><V132/><F132/><W23/><G32/><T38/><D98/><U90/><E0/><V29/><F128/><N who="1" m="49257" /><E82/><V127/><F127/><W51/><REACH who="3" step="1"/><G75/><REACH who="3" ten="250,289,237,214" step="2"/><T12/><D123/><U134/><E134/><V34/><F111/><W107/><G107/><T80/><D80/><U16/><E10/><V30/><F108/><W1/><G1/><T19/><D38/><U109/><E109/><V20/><F3/><W101/><G101/><T126/><D126/><U67/><E67/><V6/><F9/><W121/><G121/><T61/><D70/><U68/><E68/><V37/><F34/><W131/><G131/><T17/><D52/><U33/><E33/><V89/><F37/><W97/><G97/><T46/><D46/><U86/><E86/><V81/><F47/><W106/><G106/><T64/><D64/><U56/><E56/><V65/><F54/><W94/><G94/><T73/><D73/><U15/><AGARI ba="0,1" hai="11,15,16,55,59,60,90,91,92,99,100" m="49257" machi="15" ten="30,2000,0" yaku="19,1,54,1" doraHai="102" who="1" fromWho="1" sc="250,-5,289,30,237,-5,214,-10" owari="245,4.5,319,41.9,232,-16.8,204,-29.6" /></mjloggm>