<mjloggm ver="2.3"><GO type="225" lobby="0"/><UN n0="%E3%81%BF%E3%81%BF%E3%81%9A" n1="%E3%81%B5%E3%81%98%E3%81%8B%E3%81%A4" n2="%E3%82%B2%E3%82%B9%E8%8C%82%E5%8B%9D" n3="%4B%2E%32%2E%4B%2E" dan="17,16,16,16" rate="2265.29,2173.69,2081.65,2113.87" sx="M,M,F,M"/><TAIKYOKU oya="0"/><INIT seed="0,0,0,2,0,133" ten="250,250,250,250" oya="0" hai0="16,80,126,1,7,61,120,55,118,84,109,130,129" hai1="22,115,81,132,20,76,102,50,48,37,35,114,40" hai2="0,56,83,93,30,71,12,14,128,79,70,23,103" hai3="72,24,45,98,39,122,15,106,13,51,42,131,46"/><T17/><D118/><U33/><E132/><V116/><F128/><N who="0" m="49258" /><D120/><U43/><E102/><V41/><F0/><W9/><G131/><T135/><D135/><U31/><E31/><V59/><F41/><N who="1" m="15945" /><E81/><V21/><F93/><W3/><G72/><T92/><D92/><U113/><E37/><V91/><F103/><W74/><G74/><T127/><D109/><U89/><E76/><V108/><F83/><W10/><G3/><T44/><D7/><U29/><E29/><V125/><F30/><W28/><G122/><T49/><D61/><U67/><E67/><V34/><F91/><W6/><G6/><T134/><D134/><U4/><E89/><V101/><F101/><W58/><G28/><T63/><D63/><U94/><E94/><V62/><F62/><W121/><G121/><T111/><D111/><U85/><E85/><V19/><F108/><W87/><G87/><T8/><D1/><U124/><E4/><V54/><F79/><W97/><G106/><T78/><D8/><U96/><E96/><V2/><F2/><W26/><G39/><T82/><D82/><U65/><E65/><V105/><F105/><W25/><G97/><T73/><D73/><U100/><E100/><V36/><F34/><N who="1" m="12809" /><E124/><AGARI ba="0,0" hai="16,17,44,49,55,78,80,84,124,126,127" m="49258" machi="124" ten="30,18000,2" yaku="18,1,19,1,52,3,54,1" doraHai="133" who="0" fromWho="1" sc="250,180,250,-180,250,0,250,0" /><INIT seed="0,1,0,1,0,95" ten="430,70,250,250" oya="0" hai0="126,112,51,97,81,50,74,5,33,23,10,7,60" hai1="69,17,6,72,30,24,128,75,83,1,118,11,40" hai2="47,76,18,91,52,41,119,26,103,71,35,84,109" hai3="49,22,130,92,86,106,94,4,9,117,29,39,57"/><T43/><D112/><U120/><E118/><V55/><F119/><W124/><G117/><T46/><D33/><U63/><E120/><V114/><F109/><W16/><G39/><T116/><D116/><U104/><E128/><V28/><F71/><W54/><G130/><T25/><D126/><U31/><E104/><V134/><F134/><W59/><G124/><T98/><D60/><U45/><E17/><V73/><F103/><W21/><G106/><T48/><D74/><U38/><E83/><V87/><F73/><W3/><G29/><T111/><D81/><U42/><E42/><V44/><F76/><W56/><G86/><T19/><D111/><U79/><E79/><V113/><F18/><W67/><G22/><T64/><D64/><U132/><E31/><V8/><F8/><W131/><G131/><T133/><D133/><U62/><E62/><V85/><F91/><W82/><G82/><T80/><D80/><U129/><E129/><V96/><F113/><W123/><G123/><T100/><D100/><U121/><E121/><V89/><F114/><W88/><G67/><T27/><D27/><U93/><E93/><N who="2" m="56367" /><F41/><W78/><G78/><T107/><D107/><U108/><E108/><V65/><F65/><W37/><G37/><T101/><D101/><U115/><E132/><V110/><F110/><W2/><G2/><T102/><D102/><U61/><E115/><V32/><F35/><W68/><G68/><T66/><D66/><N who="1" m="41167" /><E63/><V36/><F36/><W122/><G122/><T53/><D10/><U99/><E99/><N who="0" m="37897" /><D53/><N who="2" m="20554" /><F32/><AGARI ba="1,0" hai="1,6,11,24,30,32,38,40,45,72,75" m="41167" machi="32" ten="30,2000,0" yaku="33,2" doraHai="95" who="1" fromWho="2" sc="430,0,70,23,250,-23,250,0" /><INIT seed="1,0,0,4,0,82" ten="430,93,227,250" oya="1" hai0="107,65,113,18,22,6,105,43,83,58,118,9,84" hai1="49,66,48,101,50,34,23,60,45,5,36,74,72" hai2="12,78,79,8,81,73,2,135,112,20,63,13,76" hai3="98,47,86,122,89,15,97,46,35,87,134,59,14"/><U42/><E34/><V41/><F135/><W125/><G122/><T95/><D113/><U129/><E129/><V102/><F112/><W133/><G35/><T120/><D118/><U94/><E5/><V10/><F2/><W117/><G117/><T38/><D120/><U106/><E106/><V40/><F102/><W0/><G0/><T90/><D38/><U53/><E23/><V11/><F63/><W68/><G68/><T70/><D70/><U21/><E21/><V25/><F81/><W109/><G109/><T51/><D107/><U128/><E128/><V110/><F73/><W99/><G59/><T55/><D43/><N who="2" m="16458" /><F110/><W33/><G33/><T19/><D105/><U52/><E74/><V32/><F32/><W44/><G125/><T62/><D22/><U28/><E72/><V54/><F54/><N who="1" m="21097" /><E94/><V37/><F37/><W100/><G100/><T31/><D31/><AGARI ba="0,0" hai="8,10,11,12,13,20,25,31,76,78,79" m="16458" machi="31" ten="30,1000,0" yaku="8,1" doraHai="82" who="2" fromWho="0" sc="430,-10,93,0,227,10,250,0" /><INIT seed="2,0,0,3,5,3" ten="420,93,237,250" oya="2" hai0="24,5,27,21,82,34,70,96,49,80,1,31,17" hai1="54,97,72,45,42,10,106,118,130,8,65,88,68" hai2="30,23,91,6,128,119,108,79,116,75,4,117,66" hai3="33,94,110,35,37,78,95,111,41,107,120,53,43"/><V11/><F128/><W105/><G120/><T126/><D70/><U131/><E118/><V18/><F66/><W29/><G78/><T2/><D126/><U127/><E72/><V44/><F30/><W26/><G53/><T103/><D49/><U15/><E127/><V55/><F79/><W132/><G132/><T76/><D5/><N who="2" m="2154" /><F75/><W124/><G124/><T40/><D40/><N who="3" m="15433" /><G37/><T134/><D134/><U93/><E106/><N who="3" m="40458" /><G35/><T58/><D58/><U16/><E54/><V83/><F23/><W113/><G113/><T19/><D19/><U60/><REACH who="1" step="1"/><E10/><REACH who="1" ten="420,83,237,250" step="2"/><V13/><F119/><W32/><G32/><T28/><D28/><U129/><E129/><V77/><F108/><AGARI ba="0,1" hai="26,29,33,94,95,108,110,111" m="40458,15433" machi="108" ten="30,1000,0" yaku="14,1" doraHai="3" who="3" fromWho="2" sc="420,0,83,0,237,-10,250,20" /><INIT seed="3,0,0,2,4,62" ten="420,83,227,270" oya="3" hai0="96,34,89,11,101,109,22,10,115,113,88,58,102" hai1="117,82,107,23,46,112,91,103,2,70,86,111,94" hai2="59,51,87,68,95,6,45,64,131,50,26,65,124" hai3="114,44,4,132,30,16,69,28,127,121,61,49,20"/><W9/><G114/><N who="0" m="43531" /><D109/><U119/><E82/><V116/><F116/><W15/><G121/><T90/><D34/><U125/><E2/><V93/><F124/><W72/><G72/><T8/><D96/><U25/><E70/><V47/><F68/><W27/><G132/><T38/><D38/><U52/><E125/><V48/><F131/><W57/><G69/><T33/><D33/><U128/><E112/><V130/><F130/><W12/><G27/><T13/><D58/><U75/><E128/><V43/><F6/><W32/><G32/><T1/><D1/><U85/><E111/><V118/><F118/><W0/><G0/><T123/><D123/><U84/><E119/><V83/><F26/><W36/><G36/><T5/><D22/><U31/><E117/><V29/><F29/><W74/><G74/><T56/><D56/><U77/><E46/><N who="2" m="17419" /><F59/><W14/><G14/><N who="0" m="5391" /><D10/><U126/><E126/><V98/><F43/><W135/><G135/><T81/><D81/><U99/><E52/><V35/><F35/><W21/><G21/><T7/><AGARI ba="0,0" hai="7,11,13,88,89,90,101,102" m="5391,43531" machi="7" ten="30,2000,0" yaku="11,1,54,1" doraHai="62" who="0" fromWho="0" sc="420,20,83,-5,227,-5,270,-10" owari="440,54.0,78,-42.2,222,-17.8,260,6.0" /></mjloggm>