<mjloggm ver="2.3"><GO type="225" lobby="0"/><UN n0="%E5%8F%AF%E5%85%90%E9%82%A3%E7%94%B1%E5%A4%9A" n1="%E7%AB%8B%E7%9B%B4%E5%A5%BD%E6%A3%92%40%E5%BF%98" n2="%E6%A1%9C%E8%8A%B1%E9%96%83%E3%80%85" n3="%E6%98%93%E5%88%A9%E8%96%A9%E4%BC%AF" dan="16,17,17,16" rate="2125.58,2107.96,2172.77,2152.81" sx="F,M,M,F"/><TAIKYOKU oya="0"/><INIT seed="0,0,0,3,5,84" ten="250,250,250,250" oya="0" hai0="40,56,120,53,24,61,118,101,44,71,113,50,19" hai1="62,135,70,133,119,86,39,0,128,100,99,31,43" hai2="91,12,132,97,63,96,87,89,14,22,129,95,55" hai3="28,21,102,93,37,3,48,17,49,42,8,67,47"/><T45/><D113/><U2/><E119/><V29/><F132/><N who="1" m="50761" /><E128/><V73/><F73/><W59/><G28/><T85/><D118/><U46/><E31/><V30/><F129/><W35/><G35/><T57/><D120/><U90/><E62/><V34/><F34/><W65/><G3/><T103/><D71/><U105/><E70/><V82/><F96/><W25/><G8/><T68/><D68/><U81/><AGARI ba="0,0" hai="0,2,39,43,46,81,86,90,99,100,105" m="50761" machi="81" ten="30,2000,0" yaku="20,1,52,1" doraHai="84" who="1" fromWho="1" sc="250,-10,250,20,250,-5,250,-5" /><INIT seed="1,0,0,0,3,44" ten="240,270,245,245" oya="1" hai0="77,96,118,94,54,104,108,72,26,4,70,81,107" hai1="46,69,29,123,38,74,130,10,6,124,8,56,97" hai2="98,90,31,110,37,85,133,89,101,87,25,27,71" hai3="17,2,92,18,32,86,65,14,23,73,78,66,122"/><U15/><E69/><V75/><F75/><W28/><G122/><T20/><D118/><U47/><E123/><V106/><F37/><W5/><G73/><T79/><D70/><U125/><E74/><V112/><F110/><W131/><G131/><T83/><D4/><U67/><E130/><V57/><F71/><W36/><G36/><T100/><D108/><U51/><E38/><V58/><F133/><W114/><G114/><T53/><D53/><N who="1" m="31807" /><E67/><V19/><F19/><W117/><G117/><T61/><D61/><U40/><E29/><V99/><F99/><W16/><G32/><T39/><D39/><U49/><E47/><V135/><F135/><W95/><G2/><T35/><D35/><U9/><E97/><V120/><F112/><W132/><G132/><T60/><D60/><U12/><E6/><V134/><F134/><W0/><G0/><T34/><D34/><U82/><E82/><N who="2" m="49335" /><F31/><W30/><G30/><T45/><D45/><U52/><E40/><V91/><F57/><W80/><G66/><T41/><D41/><U126/><AGARI ba="0,0" hai="8,9,10,12,15,46,49,52,124,125,126" m="31807" machi="126" ten="40,12000,1" yaku="18,1,52,2,54,1" doraHai="44" who="1" fromWho="1" sc="240,-40,270,120,245,-40,245,-40" /><INIT seed="1,1,0,4,0,41" ten="200,390,205,205" oya="1" hai0="10,103,32,115,2,13,105,20,12,126,66,21,80" hai1="82,63,93,11,101,57,120,74,91,124,62,112,128" hai2="33,14,56,60,42,89,37,43,35,99,117,6,27" hai3="15,111,127,55,130,129,81,51,73,98,0,134,65"/><U5/><E112/><V64/><F117/><W30/><G0/><T95/><D115/><U88/><E120/><V84/><F99/><W1/><G1/><T16/><D105/><U49/><E124/><V26/><F35/><W97/><G65/><T125/><D66/><U132/><E132/><V79/><F79/><W107/><G30/><T110/><D80/><U96/><E128/><V7/><F33/><W76/><G111/><T68/><D68/><U52/><E74/><V104/><F104/><W18/><G127/><N who="0" m="48651" /><D95/><U59/><E82/><N who="2" m="49303" /><F37/><W131/><G107/><T38/><D38/><U4/><E49/><V92/><F92/><W29/><G29/><T69/><D69/><U47/><E47/><V90/><F90/><N who="1" m="34345" /><E11/><V3/><F3/><W45/><REACH who="3" step="1"/><G134/><REACH who="3" ten="200,390,205,195" step="2"/><T50/><D110/><U83/><E83/><V116/><F116/><W9/><AGARI ba="1,1" hai="9,15,18,45,51,55,73,76,81,97,98,129,130,131" machi="9" ten="30,12000,2" yaku="1,1,2,1,0,1,19,1,52,1,53,1" doraHai="41" doraHaiUra="75" who="3" fromWho="3" sc="200,-31,390,-61,205,-31,195,133" /><INIT seed="2,0,0,2,3,36" ten="169,329,174,328" oya="2" hai0="27,124,47,10,91,70,90,123,76,98,72,32,57" hai1="118,9,66,108,112,37,121,5,109,23,74,25,6" hai2="107,68,103,39,87,82,125,1,60,20,111,59,42" hai3="93,54,46,49,85,110,14,2,7,12,71,105,106"/><V13/><F1/><W129/><G71/><T116/><D123/><U55/><E74/><V33/><F33/><W56/><G110/><N who="1" m="42602" /><E37/><V0/><F0/><W130/><G2/><T69/><D57/><U44/><E66/><V134/><F134/><W22/><G85/><T35/><D98/><U34/><E112/><V128/><F128/><N who="3" m="49259" /><G93/><T45/><D27/><U79/><E79/><V132/><F132/><W135/><G135/><T115/><D10/><U95/><E118/><V89/><F125/><W31/><G7/><T126/><D76/><U63/><E34/><V113/><F113/><W16/><G14/><T97/><D97/><U58/><E121/><V122/><F122/><W18/><G18/><T104/><D115/><U61/><E95/><V94/><F94/><W48/><G31/><T114/><D114/><U28/><E5/><V53/><F68/><W51/><G49/><T21/><D72/><U38/><E6/><V133/><F133/><W3/><G3/><T88/><D116/><U102/><E102/><V8/><F111/><W50/><G50/><T17/><D69/><U67/><E9/><V117/><F8/><W40/><AGARI ba="0,0" hai="12,16,22,40,46,48,51,54,56,105,106" m="49259" machi="40" ten="30,4000,0" yaku="19,1,52,1,54,1" doraHai="36" who="3" fromWho="3" sc="169,-10,329,-10,174,-20,328,40" /><INIT seed="3,0,0,5,3,96" ten="159,319,154,368" oya="3" hai0="30,105,34,42,101,103,33,95,90,1,123,54,119" hai1="69,116,88,61,6,120,16,76,27,94,66,130,72" hai2="129,50,63,99,100,10,23,74,112,60,13,15,26" hai3="134,47,135,67,59,3,82,51,35,57,46,110,131"/><W113/><G35/><T55/><D119/><U79/><E120/><V43/><F112/><W58/><G3/><T8/><D123/><U91/><E116/><V114/><F74/><W118/><G113/><T108/><D105/><U9/><E130/><V133/><F133/><N who="3" m="50699" /><G118/><T19/><D108/><U5/><E72/><V65/><F114/><W48/><G110/><T87/><D34/><U102/><E102/><N who="0" m="38921" /><D33/><U40/><E40/><V2/><F2/><W22/><G22/><T104/><D104/><U73/><E73/><V85/><F85/><W38/><G82/><T37/><D37/><U12/><E91/><V56/><F63/><N who="3" m="38383" /><G38/><T117/><D1/><U71/><E71/><V115/><F129/><W126/><G126/><T77/><D117/><U17/><E27/><V92/><F115/><W44/><G131/><T29/><D77/><U121/><E121/><V107/><F107/><W64/><G64/><T28/><D42/><U31/><E31/><N who="2" m="17887" /><F10/><W18/><G18/><T122/><D122/><U32/><E32/><V70/><F70/><W127/><G127/><T36/><D36/><U111/><E111/><V75/><F75/><W93/><G93/><T83/><D95/><U62/><E17/><V14/><F14/><AGARI ba="0,0" hai="8,14,19,28,29,30,54,55,83,87,90" m="38921" machi="14" ten="30,7700,0" yaku="8,1,52,3" doraHai="96" who="0" fromWho="2" sc="159,77,319,0,154,-77,368,0" owari="236,-16.4,319,11.9,77,-42.3,368,46.8" /></mjloggm>