<mjloggm ver="2.3"><GO type="225" lobby="0"/><UN n0="%E6%9D%B1%E9%A2%A8%E3%81%AE%E3%81%8D%E3%82%83%E3%81%B7%E3%81%95%E3%82%93" n1="%E6%B8%A9%E2%98%85%E6%83%85%E2%98%85%E6%8E%AA%E2%98%85%E7%BD%AE" n2="%E3%81%B5%E3%81%98%E3%81%8B%E3%81%A4" n3="%E9%80%86%E9%80%A3%E5%B8%AF%E3%81%AE%E9%AC%BC" dan="17,18,17,16" rate="2207.40,2222.63,2220.83,2163.41" sx="M,M,M,M"/><TAIKYOKU oya="0"/><INIT seed="0,0,0,4,2,110" ten="250,250,250,250" oya="0" hai0="42,65,104,133,91,124,55,10,2,121,31,66,38" hai1="53,95,40,11,46,45,13,118,44,111,20,128,41" hai2="77,113,43,73,98,12,114,126,30,130,49,84,63" hai3="86,14,71,112,102,36,82,3,99,50,0,56,85"/><T64/><D121/><U78/><E118/><V29/><F73/><W125/><G36/><T132/><D104/><U6/><E111/><V89/><F63/><W76/><G71/><T90/><D31/><U1/><E128/><V135/><F130/><W9/><G125/><T62/><D124/><U105/><E105/><V122/><F126/><W58/><G112/><T79/><D79/><U23/><E78/><V70/><F122/><W18/><G86/><T67/><D55/><U37/><E1/><V101/><F70/><W60/><G50/><T81/><D81/><U69/><E69/><V35/><F135/><N who="0" m="51786" /><D42/><N who="1" m="16491" /><E37/><V27/><F30/><W25/><G25/><T131/><D38/><U17/><E53/><V88/><F77/><W129/><G129/><T134/><D134/><U7/><E95/><V115/><F12/><W68/><G68/><N who="0" m="42007" /><D131/><U57/><E57/><V116/><F116/><W32/><G32/><T108/><D108/><U120/><E120/><V8/><F8/><W59/><REACH who="3" step="1"/><G60/><REACH who="3" ten="250,250,250,240" step="2"/><T19/><D19/><U83/><E83/><V106/><REACH who="2" step="1"/><F84/><REACH who="2" ten="250,250,240,240" step="2"/><W92/><AGARI ba="0,2" hai="0,3,9,14,18,56,58,59,76,82,85,92,99,102" machi="92" ten="30,4000,0" yaku="1,1,2,1,0,1,53,0" doraHai="110" doraHaiUra="123" who="3" fromWho="3" sc="250,-20,250,-10,240,-10,240,60" /><INIT seed="1,0,0,1,5,73" ten="230,240,230,300" oya="1" hai0="118,85,75,18,65,42,108,116,115,36,103,46,31" hai1="50,20,95,60,88,40,17,101,63,67,76,72,14" hai2="49,84,41,135,34,119,99,8,94,56,3,93,57" hai3="121,7,51,127,70,87,132,91,113,61,27,48,109"/><U24/><E101/><V90/><F119/><W82/><G121/><T131/><D75/><U37/><E37/><V129/><F34/><W123/><G113/><T44/><D31/><U104/><E104/><V39/><F39/><W77/><G123/><T15/><D103/><U107/><E107/><V5/><F135/><W66/><G127/><T102/><D102/><U55/><E40/><V105/><F105/><W133/><G109/><T79/><D115/><U74/><E14/><V47/><REACH who="2" step="1"/><F129/><REACH who="2" ten="230,240,220,300" step="2"/><W110/><G133/><T52/><D131/><U11/><E11/><V100/><AGARI ba="0,1" hai="3,5,8,41,47,49,56,57,84,90,93,94,99,100" machi="100" ten="20,5200,0" yaku="1,1,2,1,0,1,7,1,53,0" doraHai="73" doraHaiUra="112" who="2" fromWho="2" sc="230,-13,240,-26,220,62,300,-13" /><INIT seed="2,0,0,2,4,33" ten="217,214,282,287" oya="2" hai0="28,37,47,31,104,7,89,102,96,88,83,110,103" hai1="8,112,65,45,20,35,85,32,91,18,19,5,127" hai2="75,113,26,115,84,36,77,6,30,72,29,109,97" hai3="27,82,53,55,66,24,125,34,111,21,51,46,41"/><V123/><F123/><W10/><G125/><T114/><D114/><U80/><E112/><V94/><F36/><W4/><G111/><T133/><D110/><U87/><E127/><V70/><F70/><W129/><G129/><T78/><D133/><U134/><E134/><V13/><F109/><W93/><G66/><T98/><D7/><U44/><E65/><V54/><F30/><W25/><G34/><T74/><D28/><U100/><E100/><V124/><F84/><W107/><G107/><T68/><D31/><U120/><E120/><V14/><F124/><W119/><G119/><T67/><D47/><N who="1" m="17995" /><E35/><V0/><F54/><W105/><G105/><T48/><D48/><U9/><E32/><V1/><F77/><W132/><G132/><T60/><REACH who="0" step="1"/><D37/><REACH who="0" ten="207,214,282,287" step="2"/><U50/><E5/><V86/><F115/><W69/><G4/><T22/><D22/><U59/><E19/><V76/><F6/><W92/><G21/><T57/><D57/><U61/><E50/><V108/><F108/><W116/><G51/><T73/><D73/><U56/><E56/><V52/><F75/><W126/><G46/><T58/><D58/><U79/><E59/><V62/><F72/><W12/><G126/><T2/><D2/><U43/><E43/><V64/><F113/><W40/><G41/><T39/><D39/><U71/><E71/><N who="2" m="42391" /><F1/><W101/><G40/><T49/><D49/><U11/><E61/><V38/><F38/><W23/><G69/><T63/><D63/><U118/><E118/><V121/><F0/><W128/><G116/><T117/><D117/><U95/><E18/><RYUUKYOKU ba="0,1" sc="207,15,214,15,282,-15,287,-15" hai0="60,67,68,74,78,83,88,89,96,98,102,103,104" hai1="8,9,11,20,79,80,85,87,91,95" /><INIT seed="3,1,1,5,0,58" ten="222,229,267,272" oya="3" hai0="14,16,56,103,107,22,132,19,73,125,8,120,127" hai1="68,75,122,26,11,21,102,51,72,4,100,134,42" hai2="76,84,37,117,63,92,1,124,28,131,67,49,32" hai3="53,94,10,83,23,17,18,20,108,35,99,62,50"/><W43/><G35/><T78/><D120/><U34/><E122/><V74/><F117/><W79/><G108/><T85/><D73/><U133/><E34/><V106/><F37/><W65/><G43/><T5/><D132/><N who="1" m="50795" /><E68/><V2/><F49/><W41/><G41/><T48/><D107/><U24/><E72/><V89/><F106/><W13/><G18/><T135/><D135/><U30/><E26/><V70/><F124/><N who="0" m="47690" /><D103/><U90/><E90/><V97/><F131/><W71/><G83/><N who="0" m="47351" /><D22/><U25/><E25/><V66/><F74/><W31/><G79/><T105/><D105/><U101/><E75/><V113/><F76/><W123/><G31/><T55/><AGARI ba="1,1" hai="5,8,14,16,19,48,55,56" m="47351,47690" machi="55" ten="30,2000,0" yaku="18,1,54,1" doraHai="58" who="0" fromWho="0" sc="222,33,229,-6,267,-6,272,-11" /><INIT seed="4,0,0,3,0,12" ten="255,223,261,261" oya="0" hai0="64,21,65,81,57,49,124,133,56,96,10,80,7" hai1="51,95,0,120,70,50,17,94,41,87,114,135,42" hai2="25,34,13,22,112,101,85,121,127,62,79,83,53" hai3="111,14,43,106,52,82,45,4,36,86,72,93,11"/><T99/><D133/><U39/><E120/><V104/><F121/><W134/><G134/><T44/><D124/><U117/><E117/><V6/><F127/><W102/><G111/><T67/><D21/><U75/><E75/><V47/><F34/><W27/><G106/><T122/><D122/><U30/><E0/><V18/><F104/><W55/><G72/><T8/><D7/><U69/><E135/><V29/><F101/><W88/><REACH who="3" step="1"/><G27/><REACH who="3" ten="255,223,261,251" step="2"/><T33/><D33/><U28/><E39/><V74/><F74/><W116/><G116/><T100/><D100/><U38/><E38/><V125/><F125/><W110/><G110/><T48/><D67/><U130/><E130/><V77/><F25/><W23/><G23/><T90/><D90/><U26/><E26/><V113/><F22/><W98/><AGARI ba="0,1" hai="4,11,14,36,43,45,52,55,82,86,88,93,98,102" machi="98" ten="30,8000,1" yaku="1,1,0,1,54,2,53,1" doraHai="12" doraHaiUra="40" who="3" fromWho="3" sc="255,-40,223,-20,261,-20,251,90" owari="215,-18.5,203,-29.7,241,4.1,341,44.1" /></mjloggm>