<mjloggm ver="2.3"><GO type="225" lobby="0"/><UN n0="%E6%B8%A9%E2%98%85%E6%83%85%E2%98%85%E6%8E%AA%E2%98%85%E7%BD%AE" n1="%74%2E%6F%2E%6F%2E%73" n2="%E3%83%B4%E3%82%A3%E3%83%AF%E3%82%B3%E3%82%B0%E3%83%8B" n3="%E3%81%8B%E3%82%8F%E3%81%A1%E3%82%83%E3%82%93%35%38" dan="17,17,16,16" rate="2164.61,2133.66,2176.72,2141.61" sx="M,M,M,M"/><TAIKYOKU oya="0"/><INIT seed="0,0,0,5,4,124" ten="250,250,250,250" oya="0" hai0="107,63,33,122,89,112,90,125,92,40,97,44,72" hai1="87,83,30,110,62,6,10,114,101,31,21,37,68" hai2="133,118,39,56,79,23,4,131,32,76,45,65,86" hai3="71,58,80,18,105,34,94,29,27,77,134,132,59"/><T117/><D112/><U98/><E110/><V119/><F32/><W22/><G105/><T67/><D117/><N who="2" m="44554" /><F4/><W81/><G94/><T24/><D125/><U2/><E37/><V8/><F8/><W123/><G71/><T41/><D72/><U126/><E126/><V52/><F133/><N who="3" m="51307" /><G123/><T35/><D122/><U17/><E114/><V108/><F108/><W38/><G38/><T7/><D7/><U64/><E98/><V36/><F65/><W96/><G96/><T91/><D107/><U50/><E50/><N who="2" m="30743" /><F23/><W111/><G81/><T99/><D99/><U42/><E42/><N who="2" m="22727" /><F39/><W100/><G111/><T135/><D135/><U74/><E101/><V0/><F0/><W1/><G1/><T93/><D97/><U127/><E74/><V106/><F106/><W104/><G100/><T55/><D35/><U84/><E127/><V9/><F9/><W61/><G104/><T48/><D33/><U70/><E70/><V20/><F20/><W3/><G3/><T82/><D67/><U14/><REACH who="1" step="1"/><E87/><REACH who="1" ten="250,240,250,250" step="2"/><V60/><F60/><W13/><G61/><T113/><D63/><U66/><E66/><V130/><F86/><AGARI ba="0,1" hai="13,18,22,27,29,34,58,59,77,80,86" m="51307" machi="86" ten="30,1000,0" yaku="20,1" doraHai="124" who="3" fromWho="2" sc="250,0,240,0,250,-10,250,20" /><INIT seed="1,0,0,1,3,67" ten="250,240,240,270" oya="1" hai0="121,126,129,128,79,90,28,25,54,130,125,7,2" hai1="91,33,57,39,101,109,82,43,88,72,10,23,63" hai2="50,36,102,59,77,13,66,22,58,14,5,62,85" hai3="118,110,112,45,64,42,119,12,65,114,34,76,133"/><U20/><E33/><V103/><F36/><W8/><G34/><N who="0" m="20751" /><D79/><U100/><E72/><V117/><F117/><N who="3" m="44555" /><G76/><T115/><D90/><U87/><E39/><V17/><F5/><N who="3" m="3087" /><G110/><T95/><D95/><U131/><E131/><V38/><F13/><W99/><G99/><T18/><D54/><U81/><E43/><V116/><F38/><N who="3" m="21719" /><G133/><T127/><D115/><AGARI ba="0,0" hai="64,65,112,114,115" m="21719,3087,44555" machi="115" ten="30,1000,0" yaku="12,1" doraHai="67" who="3" fromWho="0" sc="250,-10,240,0,240,0,270,10" /><INIT seed="2,0,0,1,0,121" ten="240,240,240,280" oya="2" hai0="32,34,115,0,15,35,28,47,13,73,14,100,125" hai1="114,41,124,17,98,2,135,45,24,19,72,132,43" hai2="80,66,1,22,131,103,129,60,130,50,58,128,96" hai3="127,134,112,54,61,87,95,9,67,6,3,62,117"/><V20/><N who="2" m="32768" /><DORA hai="99" /><V39/><F39/><W106/><G106/><T90/><D115/><U76/><E114/><V51/><F1/><W53/><G117/><T109/><D73/><U120/><E2/><V38/><F38/><W133/><G112/><T74/><D74/><U31/><E124/><V82/><F20/><W68/><G127/><T113/><D113/><U29/><E120/><V64/><F64/><N who="3" m="40975" /><G87/><T86/><D125/><U71/><E71/><V5/><F5/><W57/><G95/><T27/><D0/><U59/><E59/><V10/><F10/><W111/><G111/><T101/><D47/><U69/><E69/><V79/><F22/><W7/><G7/><T105/><D109/><U104/><E76/><V11/><F11/><W83/><G83/><N who="2" m="31785" /><F79/><W81/><G81/><T23/><REACH who="0" step="1"/><D105/><AGARI ba="0,0" hai="50,51,58,60,66,96,103,105" m="31785,32768" machi="105" ten="60,5800,0" yaku="19,1,52,1" doraHai="121,99" who="2" fromWho="0" sc="240,-58,240,0,240,58,280,0" /><INIT seed="2,1,0,3,1,107" ten="182,240,298,280" oya="2" hai0="43,127,41,85,5,31,63,114,118,128,126,111,102" hai1="80,105,58,59,93,113,106,71,91,122,15,135,4" hai2="129,79,65,49,56,46,88,92,55,64,42,53,23" hai3="33,108,8,50,38,30,124,77,1,130,61,25,2"/><V68/><F129/><W83/><G38/><T6/><D114/><U75/><E71/><V17/><F79/><W110/><G130/><T120/><D128/><U26/><E113/><V32/><F32/><W73/><G124/><N who="0" m="47659" /><D120/><U76/><E135/><V29/><F29/><W20/><G20/><T69/><D102/><U131/><E131/><V98/><F68/><W3/><G50/><T47/><D111/><N who="3" m="42537" /><G61/><T112/><D112/><U67/><E122/><V37/><REACH who="2" step="1"/><F55/><REACH who="2" ten="182,240,288,280" step="2"/><W21/><G33/><T19/><D31/><U28/><E28/><V74/><F74/><N who="3" m="43447" /><G8/><T133/><D69/><U39/><E76/><V24/><AGARI ba="1,1" hai="17,23,24,37,42,46,49,53,56,64,65,88,92,98" machi="24" ten="20,7800,0" yaku="1,1,0,1,7,1,54,1,53,0" doraHai="107" doraHaiUra="104" who="2" fromWho="2" sc="182,-27,240,-27,288,91,280,-27" /><INIT seed="2,2,0,5,4,104" ten="155,213,379,253" oya="2" hai0="91,99,38,102,26,100,95,81,116,35,68,54,12" hai1="79,132,111,131,21,71,37,77,22,98,90,25,120" hai2="4,28,34,88,97,0,58,85,14,33,11,1,30" hai3="78,39,134,59,50,57,106,48,73,13,31,41,124"/><V17/><F97/><W36/><G106/><T3/><D3/><N who="2" m="1098" /><F85/><W94/><G13/><T60/><D116/><U105/><E37/><V16/><F88/><W87/><G31/><N who="2" m="11817" /><F58/><W9/><G9/><T27/><D35/><AGARI ba="2,0" hai="4,11,14,16,17,33,34,35" m="11817,1098" machi="35" ten="30,18000,2" yaku="35,5,54,1" doraHai="104" who="2" fromWho="0" sc="155,-186,213,0,379,186,253,0" owari="-31,-53.1,213,-18.7,565,66.5,253,5.3" /></mjloggm>