<mjloggm ver="2.3"><GO type="225" lobby="0"/><UN n0="%E3%81%82%E3%83%BC%E3%81%97" n1="%E3%81%95%E3%81%8D%E3%81%9F%E3%81%BE%E6%9E%97%E6%AA%8E" n2="%43%68%65" n3="%72%69%6F%75%63%68%61%6E" dan="16,16,16,17" rate="2131.53,2132.94,2077.14,2264.94" sx="M,M,M,M"/><TAIKYOKU oya="0"/><INIT seed="0,0,0,4,2,26" ten="250,250,250,250" oya="0" hai0="55,101,104,108,62,4,96,121,42,134,49,56,73" hai1="17,61,78,27,7,2,126,81,70,72,50,114,97" hai2="25,39,111,60,6,32,43,40,99,29,21,53,103" hai3="8,102,124,77,129,12,11,106,57,98,34,118,105"/><T90/><D121/><U120/><E126/><V1/><F111/><W119/><G129/><T23/><D73/><U54/><E120/><V28/><F39/><W116/><G124/><T5/><D134/><U63/><E114/><V51/><F60/><W35/><G105/><T83/><D108/><U3/><E97/><V22/><F1/><W91/><G77/><T45/><D23/><U76/><E76/><V93/><F6/><W47/><G8/><T38/><REACH who="0" step="1"/><D38/><REACH who="0" ten="240,250,250,250" step="2"/><U95/><E72/><V37/><F37/><W100/><G119/><T48/><D48/><U86/><E50/><V123/><F123/><W30/><G118/><T125/><D125/><U89/><E63/><V94/><F32/><W84/><G34/><T20/><D20/><N who="2" m="7786" /><F25/><W18/><G116/><T113/><D113/><U0/><E27/><V19/><F51/><W88/><G35/><T131/><D131/><U127/><E61/><V82/><F29/><W16/><G30/><T130/><D130/><U117/><E127/><V68/><F28/><W85/><G18/><T80/><D80/><U112/><E81/><V122/><F82/><W65/><G16/><T67/><D67/><U44/><E17/><V33/><F19/><W10/><G65/><T115/><D115/><U128/><E128/><V15/><F33/><W66/><G66/><T92/><D92/><U110/><E95/><V109/><F94/><W31/><G31/><T46/><D46/><U79/><E117/><V75/><F109/><W87/><G47/><T64/><D64/><U14/><E110/><V58/><F122/><W36/><G36/><RYUUKYOKU ba="0,1" sc="240,30,250,-10,250,-10,250,-10" hai0="4,5,42,45,49,55,56,62,83,90,96,101,104" /><INIT seed="0,1,1,2,0,100" ten="270,240,240,240" oya="0" hai0="84,101,132,104,92,60,47,135,42,97,65,67,5" hai1="62,17,25,85,89,76,94,78,12,118,71,38,36" hai2="21,75,72,112,61,80,14,27,33,68,110,74,127" hai3="13,70,103,69,79,44,48,46,59,83,0,126,26"/><T52/><D5/><U125/><E125/><V111/><F112/><W133/><G0/><T98/><D84/><U32/><E118/><V41/><F127/><W66/><G133/><N who="0" m="51275" /><D60/><U10/><E38/><V4/><F41/><W114/><G114/><T57/><D42/><U124/><E124/><V20/><F33/><W58/><G126/><T37/><D37/><U96/><E36/><V51/><F51/><W86/><G103/><N who="0" m="62575" /><D57/><U8/><E8/><N who="2" m="4359" /><F80/><W63/><G26/><T45/><D45/><U88/><E71/><V131/><F27/><W40/><G69/><T35/><D35/><U55/><E32/><V23/><F131/><W115/><G115/><T120/><D120/><U102/><E25/><V31/><F31/><W116/><G116/><T105/><D92/><U107/><REACH who="1" step="1"/><E89/><REACH who="1" ten="270,230,240,240" step="2"/><V53/><F68/><W11/><REACH who="3" step="1"/><G46/><REACH who="3" ten="270,230,240,230" step="2"/><T7/><D7/><AGARI ba="1,3" hai="7,11,13,40,44,48,58,59,63,66,70,79,83,86" machi="7" ten="30,12000,2" yaku="1,1,2,1,7,1,25,2,53,1" doraHai="100" doraHaiUra="43" who="3" fromWho="0" sc="270,-123,230,0,240,0,230,153" /><INIT seed="1,0,0,3,4,91" ten="147,230,240,383" oya="1" hai0="7,96,93,37,32,98,35,85,126,19,48,94,46" hai1="21,99,26,97,20,22,8,53,76,102,88,40,129" hai2="60,78,115,92,56,124,4,130,132,135,42,131,67" hai3="41,43,90,63,117,128,14,84,74,87,83,36,101"/><U71/><E71/><V80/><F4/><W110/><G110/><T61/><D37/><U70/><E70/><V125/><F42/><W52/><G128/><N who="2" m="49193" /><F92/><N who="0" m="35434" /><D35/><U3/><E129/><V68/><F68/><W6/><G74/><T29/><D32/><U30/><E76/><V75/><F115/><W57/><G36/><T5/><D29/><U18/><E40/><V2/><F2/><W127/><G127/><AGARI ba="0,0" hai="56,60,67,75,78,80,124,125,127,132,135" m="49193" machi="127" ten="30,7700,0" yaku="30,2,18,1,19,1" doraHai="91" who="2" fromWho="3" sc="147,0,230,0,240,77,383,-77" /><INIT seed="2,0,0,5,2,18" ten="147,230,317,306" oya="2" hai0="81,131,83,8,22,10,50,86,85,75,56,55,0" hai1="88,37,51,66,129,33,71,128,27,39,74,126,109" hai2="61,60,21,30,103,121,78,94,90,96,82,120,17" hai3="69,68,100,20,2,105,125,59,113,99,111,106,4"/><V6/><F6/><W115/><G111/><T53/><D75/><U67/><E109/><V104/><F30/><W3/><G125/><T134/><D0/><N who="3" m="41" /><G4/><T47/><D134/><U45/><E126/><V32/><F32/><W79/><G79/><T16/><D131/><N who="1" m="50251" /><E74/><V130/><F130/><W25/><G59/><T5/><D5/><U29/><E71/><V42/><F42/><W52/><G52/><N who="0" m="29791" /><D86/><U54/><E88/><V48/><F48/><W89/><G89/><N who="0" m="51375" /><D83/><U93/><E93/><V135/><F135/><W72/><G105/><T124/><D124/><U26/><E26/><V65/><F65/><AGARI ba="0,0" hai="27,29,33,37,39,45,51,54,65,66,67" m="50251" machi="65" ten="30,1000,0" yaku="19,1" doraHai="18" who="1" fromWho="2" sc="147,0,230,10,317,-10,306,0" /><INIT seed="3,0,0,1,3,67" ten="147,240,307,306" oya="3" hai0="70,31,4,37,39,64,62,14,90,96,124,2,134" hai1="108,3,107,68,130,44,110,6,53,76,24,78,40" hai2="12,30,106,92,94,129,22,34,87,135,79,86,72" hai3="60,10,121,103,126,75,18,27,80,83,41,101,113"/><W54/><G113/><T131/><D134/><U19/><E107/><V125/><F34/><W15/><G121/><T104/><D131/><U85/><E130/><V73/><F106/><W25/><G126/><T43/><D124/><U93/><E53/><V119/><F119/><W105/><G41/><T20/><D43/><U26/><E6/><V128/><F12/><W52/><G54/><T50/><D50/><U109/><E3/><V28/><F125/><W49/><G60/><T66/><D90/><U120/><E120/><V102/><F22/><W84/><G75/><T132/><D132/><U0/><E0/><V16/><F135/><W5/><G105/><T48/><D48/><U77/><E93/><V56/><F79/><N who="3" m="46111" /><G83/><T122/><D122/><U65/><E85/><V115/><F56/><N who="3" m="32783" /><G18/><T91/><D66/><U32/><E32/><V47/><F16/><W74/><G74/><T114/><D114/><U69/><E65/><V61/><F115/><W88/><G88/><T9/><D91/><U89/><E89/><V98/><F61/><W57/><G57/><T82/><D82/><U11/><E44/><V99/><F47/><W33/><G33/><T8/><D20/><U55/><E55/><V117/><F117/><W38/><G38/><T29/><D39/><U51/><E51/><V46/><F46/><W59/><G59/><T17/><REACH who="0" step="1"/><D37/><REACH who="0" ten="137,240,307,306" step="2"/><U95/><E40/><V123/><F123/><W118/><G118/><T112/><D112/><U45/><E45/><V100/><AGARI ba="0,1" hai="28,30,72,73,86,87,92,94,98,99,100,102,128,129" machi="100" ten="25,3200,0" yaku="0,1,22,2" doraHai="67" who="2" fromWho="2" sc="137,-8,240,-8,307,42,306,-16" owari="129,-37.1,232,-16.8,349,44.9,290,9.0" /></mjloggm>