<mjloggm ver="2.3"><GO type="225" lobby="0"/><UN n0="%E5%A7%AB%E7%95%99" n1="%E5%A4%9C%E3%81%AE%E3%82%AC%E3%82%B9%E3%83%91%E3%83%BC%E3%83%AB" n2="%33%74%72%65%65" n3="%E3%81%BF%E3%81%BF%E3%81%9A" dan="17,16,16,18" rate="2070.76,2168.26,2169.07,2259.01" sx="M,M,F,M"/><TAIKYOKU oya="0"/><INIT seed="0,0,0,2,1,24" ten="250,250,250,250" oya="0" hai0="61,30,49,38,134,81,128,74,50,118,131,41,75" hai1="114,54,60,22,80,98,76,101,126,35,62,117,90" hai2="97,16,46,103,89,93,31,107,37,47,27,111,109" hai3="63,42,122,9,105,3,32,116,0,125,36,71,8"/><T133/><D118/><U88/><E117/><V85/><F16/><W11/><G116/><T102/><D102/><U69/><E35/><V112/><F112/><W92/><G105/><T23/><D38/><U72/><E126/><V15/><F15/><W58/><G125/><T52/><D61/><U91/><E114/><V73/><F73/><N who="0" m="27658" /><D81/><U115/><E115/><V70/><F70/><W95/><G71/><T48/><D41/><U64/><E60/><V13/><F13/><W77/><G77/><T12/><D52/><U129/><E54/><V28/><F37/><W34/><G122/><T87/><D87/><U99/><E129/><N who="0" m="49737" /><D12/><U1/><E1/><V7/><F46/><W6/><G42/><T66/><D66/><U67/><E67/><V65/><F47/><W132/><G36/><T39/><D39/><U124/><E124/><V44/><F44/><W4/><G132/><N who="0" m="50795" /><D30/><N who="2" m="11306" /><F65/><W56/><G9/><T86/><D86/><U83/><E69/><V40/><F40/><W120/><G120/><T55/><D55/><U17/><E64/><V33/><F33/><W10/><G10/><T100/><D100/><U5/><E101/><V123/><F123/><W14/><G14/><T113/><D113/><U59/><E72/><V110/><F27/><W135/><G135/><T25/><D25/><U2/><E2/><V45/><F45/><W29/><G63/><T106/><D106/><U78/><E62/><V96/><F85/><W51/><G29/><T53/><D53/><U18/><E80/><V19/><F19/><W43/><G51/><T119/><D119/><U79/><E18/><RYUUKYOKU ba="0,0" sc="250,10,250,-30,250,10,250,10" hai0="23,48,49,50" hai2="7,89,93,96,97,103,107,109,110,111" hai3="0,3,4,6,8,11,32,34,43,56,58,92,95" /><INIT seed="0,1,0,2,4,30" ten="260,220,260,260" oya="0" hai0="75,87,108,43,4,59,32,49,130,11,83,133,53" hai1="94,54,74,46,127,35,80,20,5,28,111,106,112" hai2="122,132,25,50,114,104,78,2,29,22,102,131,56" hai3="116,33,42,77,17,105,62,88,36,86,65,41,1"/><T19/><D133/><U13/><E106/><V55/><F114/><W95/><G116/><T14/><D130/><U0/><E112/><V24/><F122/><W115/><G115/><T128/><D128/><U134/><E134/><V26/><F131/><W47/><G1/><T27/><D108/><U109/><E127/><V9/><F132/><W129/><G129/><T68/><D68/><U98/><E0/><V45/><F78/><W99/><G33/><T91/><D75/><U39/><E80/><V73/><F73/><W69/><G41/><T64/><D64/><U121/><E74/><V31/><F104/><W85/><G77/><T125/><D125/><U97/><E121/><V52/><F102/><W21/><REACH who="3" step="1"/><G105/><REACH who="3" ten="260,220,260,250" step="2"/><T23/><D32/><U8/><E35/><V7/><REACH who="2" step="1"/><F29/><REACH who="2" ten="260,220,250,250" step="2"/><W101/><G101/><T44/><REACH who="0" step="1"/><D43/><REACH who="0" ten="250,220,250,250" step="2"/><U61/><E111/><V82/><F82/><W84/><G84/><T72/><D72/><U67/><E109/><V38/><F38/><W3/><G3/><T92/><D92/><U126/><E94/><V90/><F90/><W66/><G66/><T76/><D76/><U118/><E39/><V40/><F40/><W81/><G81/><T16/><D16/><U15/><E67/><V79/><F79/><W100/><G100/><T96/><D96/><U103/><E103/><V135/><F135/><W110/><G110/><T107/><D107/><U60/><E98/><V12/><F12/><AGARI ba="1,3" hai="12,17,21,36,42,47,62,65,69,85,86,88,95,99" machi="12" ten="30,3900,0" yaku="1,1,7,1,54,1,53,0" doraHai="30" doraHaiUra="51" who="3" fromWho="2" sc="250,0,220,0,250,-42,250,72" /><INIT seed="1,0,0,4,1,46" ten="250,220,208,322" oya="1" hai0="125,39,102,4,104,10,3,52,92,96,7,34,38" hai1="42,121,112,95,68,14,6,103,106,56,61,69,89" hai2="33,111,113,32,49,133,55,30,134,99,74,82,15" hai3="28,132,53,94,26,97,72,108,0,37,20,118,50"/><U127/><E112/><V84/><F74/><W12/><G37/><T119/><D119/><U29/><E121/><V116/><F116/><W66/><G118/><T16/><D34/><U63/><E29/><V24/><F113/><W31/><G0/><T86/><D7/><U109/><E127/><V93/><F33/><W81/><G66/><T51/><D125/><U126/><E126/><V36/><F36/><W5/><G108/><T77/><D16/><U23/><E109/><V128/><F111/><W57/><G132/><T110/><D110/><U88/><E42/><V115/><F115/><W8/><G72/><T130/><D130/><U76/><E76/><V19/><F128/><W59/><G81/><T90/><REACH who="0" step="1"/><D77/><REACH who="0" ten="240,220,208,322" step="2"/><U114/><E6/><V45/><F19/><N who="3" m="12575" /><G59/><AGARI ba="0,1" hai="3,4,10,38,39,51,52,59,86,90,92,96,102,104" machi="59" ten="30,7700,0" yaku="1,1,7,1,52,1,54,1,53,0" doraHai="46" doraHaiUra="25" who="0" fromWho="3" sc="240,87,220,0,208,0,322,-77" /><INIT seed="2,0,0,2,5,81" ten="327,220,208,245" oya="2" hai0="46,25,96,104,132,0,116,53,103,119,30,124,18" hai1="32,134,107,68,16,79,126,37,52,67,122,99,117" hai2="80,109,56,11,17,45,58,51,91,118,97,123,1" hai3="115,57,94,92,19,50,127,65,90,130,100,9,121"/><V75/><F118/><N who="0" m="45098" /><D132/><U113/><E117/><V36/><F123/><W133/><G121/><T101/><D124/><U61/><E122/><V69/><F69/><W129/><G127/><T48/><D0/><U110/><E126/><V105/><F36/><W21/><G133/><T26/><D101/><U13/><E134/><V20/><F109/><W33/><G33/><N who="0" m="20687" /><D26/><U102/><E113/><V86/><F75/><W42/><G9/><T6/><D18/><U93/><E110/><V59/><F1/><W64/><G115/><T76/><D76/><U108/><E108/><V85/><F11/><W39/><G39/><T34/><D34/><U66/><E37/><V135/><F135/><W2/><G2/><T24/><D24/><U54/><E32/><V84/><F97/><N who="3" m="59431" /><G130/><T70/><D6/><U111/><E111/><V78/><F78/><W40/><G129/><T3/><D3/><U15/><E107/><V131/><F105/><W7/><G7/><T83/><D83/><U74/><E79/><V44/><F131/><W12/><G50/><T10/><D10/><U14/><E74/><V77/><F77/><W27/><G27/><T22/><D70/><U29/><E68/><V4/><F4/><W62/><G64/><N who="1" m="24618" /><E29/><V89/><F80/><W112/><G112/><T95/><D104/><U55/><E16/><V5/><F5/><W128/><G128/><T31/><D31/><U49/><E49/><V63/><F63/><AGARI ba="0,0" hai="13,14,15,52,54,55,61,63,93,99,102" m="24618" machi="63" ten="40,2600,0" yaku="8,1,54,1" doraHai="81" who="1" fromWho="2" sc="327,0,220,26,208,-26,245,0" /><INIT seed="3,0,0,3,3,82" ten="327,246,182,245" oya="3" hai0="71,78,40,0,26,46,122,11,93,29,106,131,96" hai1="39,56,59,3,64,6,98,13,55,53,94,9,85" hai2="21,17,92,7,107,65,20,38,51,52,15,120,118" hai3="69,112,32,47,105,1,63,83,28,133,57,86,110"/><W77/><G112/><T31/><D71/><U16/><E39/><V27/><F118/><W45/><G105/><T128/><D122/><U111/><E111/><V109/><F107/><W60/><G1/><T48/><D106/><U135/><E135/><V97/><F109/><W84/><G133/><T95/><D78/><U35/><E35/><V113/><F113/><W44/><G110/><T70/><D70/><U129/><E129/><N who="0" m="49737" /><D96/><U126/><E126/><V124/><F124/><W22/><G32/><N who="0" m="20535" /><D31/><U116/><E116/><V67/><F38/><W2/><G2/><T42/><D42/><U99/><E3/><V115/><F115/><W80/><G69/><T14/><D0/><U49/><E64/><V36/><F36/><W119/><G119/><T4/><AGARI ba="0,0" hai="4,11,14,40,46,48,93,95" m="20535,49737" machi="4" ten="30,1100,0" yaku="19,1" doraHai="82" who="0" fromWho="0" sc="327,11,246,-3,182,-3,245,-5" owari="338,43.8,243,4.3,179,-32.1,240,-16.0" /></mjloggm>