<mjloggm ver="2.3"><GO type="225" lobby="0"/><UN n0="%E3%81%BF%E3%81%BF%E3%81%9A" n1="%E4%BA%BA%E9%96%93%E3%83%81%E3%83%A3%E3%83%BC%E3%83%8F%E3%83%B3" n2="%72%69%6F%75%63%68%61%6E" n3="%E5%B6%BA%E4%B8%8A%E5%92%B2" dan="18,16,16,16" rate="2253.24,2079.51,2225.89,2088.46" sx="M,M,M,F"/><TAIKYOKU oya="0"/><INIT seed="0,0,0,4,2,134" ten="250,250,250,250" oya="0" hai0="94,96,44,114,67,65,33,63,98,92,51,129,77" hai1="48,49,66,7,125,90,25,46,87,103,83,18,60" hai2="11,120,23,72,26,73,36,2,102,22,62,6,110" hai3="80,14,71,130,79,105,126,135,117,89,34,54,12"/><T88/><D114/><U9/><E125/><V4/><F120/><W112/><G112/><T50/><D33/><U91/><E103/><V109/><F36/><W5/><G126/><T56/><D129/><U37/><E37/><V21/><F26/><W64/><G135/><T8/><D77/><U58/><E90/><V13/><F102/><W43/><G117/><T116/><D116/><U119/><E119/><V29/><F29/><W42/><G105/><T97/><D65/><U86/><E86/><V45/><F45/><W16/><G34/><T41/><D8/><U111/><E111/><N who="2" m="42507" /><F62/><W132/><G132/><T40/><D94/><U85/><E87/><V100/><F100/><W95/><G130/><T131/><D131/><U28/><E18/><N who="2" m="8511" /><F2/><W35/><G35/><T106/><D106/><U59/><E59/><V38/><F38/><W74/><G71/><T101/><D101/><U113/><E46/><AGARI ba="0,0" hai="40,41,44,46,50,51,56,63,67,88,92,96,97,98" machi="46" ten="40,7700,0" yaku="9,1,8,1,54,1" doraHai="134" who="0" fromWho="1" sc="250,77,250,-77,250,0,250,0" /><INIT seed="0,1,0,3,5,76" ten="327,173,250,250" oya="0" hai0="121,106,102,50,84,27,77,11,26,62,51,129,59" hai1="100,120,118,71,47,95,65,52,53,94,16,89,86" hai2="39,57,91,69,82,92,133,93,96,10,23,99,98" hai3="31,107,110,15,113,28,105,42,22,78,3,1,87"/><T117/><D121/><U103/><E120/><V38/><F69/><W70/><G113/><T64/><D117/><U29/><E118/><V127/><F127/><W25/><G110/><T67/><D129/><U74/><E74/><V132/><F10/><W109/><G70/><T55/><D106/><U44/><E29/><V73/><F57/><W66/><G109/><T18/><D102/><N who="1" m="38955" /><E65/><N who="0" m="25161" /><D11/><U30/><E30/><V128/><F128/><W115/><G66/><T7/><D7/><U12/><E94/><N who="2" m="36459" /><F23/><W32/><G115/><T122/><D122/><U45/><E71/><V58/><F58/><W20/><G42/><T5/><D5/><U104/><E104/><V14/><F14/><W112/><G112/><T126/><D126/><U61/><E61/><V24/><F24/><N who="0" m="9258" /><D18/><U124/><E124/><V17/><F17/><W135/><G25/><T37/><D37/><U49/><E53/><V36/><F73/><W4/><G32/><T9/><D9/><AGARI ba="1,0" hai="9,12,16,44,45,47,49,52,86,89,95" m="38955" machi="9" ten="30,3900,0" yaku="8,1,54,2" doraHai="76" who="1" fromWho="0" sc="327,-42,173,42,250,0,250,0" /><INIT seed="1,0,0,4,3,117" ten="285,215,250,250" oya="1" hai0="92,51,41,8,10,100,110,109,65,55,95,76,32" hai1="70,124,89,17,62,82,49,18,114,80,50,38,35" hai2="37,11,0,134,106,98,83,129,16,43,48,36,87" hai3="120,88,9,68,86,6,1,71,47,21,2,59,123"/><U116/><E116/><V122/><F122/><W4/><G59/><T75/><D32/><U91/><E114/><V60/><F129/><W12/><G47/><T119/><D119/><U132/><E35/><V15/><F134/><W3/><G21/><T96/><D41/><U112/><E112/><V72/><F72/><W101/><G101/><T77/><D95/><U111/><E38/><V44/><F0/><W78/><G78/><N who="0" m="30315" /><D65/><U102/><E132/><V74/><F74/><W64/><G6/><T25/><D25/><U45/><E124/><V13/><F60/><W118/><G118/><T93/><D93/><U115/><E115/><V85/><F85/><W56/><G56/><N who="0" m="32895" /><D75/><U54/><E102/><V127/><F127/><W14/><G14/><T24/><D24/><U94/><E70/><V30/><F30/><W7/><G7/><T126/><D126/><U104/><E104/><V135/><F135/><W23/><G23/><T121/><D121/><U90/><E94/><V99/><F13/><W107/><G107/><T42/><D42/><U66/><E66/><V52/><F106/><W39/><G39/><N who="2" m="14921" /><F43/><W130/><G130/><T19/><D19/><N who="1" m="7179" /><E62/><V131/><F131/><W103/><G103/><T22/><D22/><U46/><E111/><AGARI ba="0,0" hai="8,10,92,96,100,109,110,111" m="32895,30315" machi="111" ten="30,1000,0" yaku="14,1" doraHai="117" who="0" fromWho="1" sc="285,10,215,-10,250,0,250,0" /><INIT seed="2,0,0,4,5,53" ten="295,205,250,250" oya="2" hai0="95,118,80,28,87,65,79,12,9,46,67,21,35" hai1="93,69,130,70,41,32,39,105,6,3,2,29,10" hai2="11,33,56,48,54,124,63,47,90,19,104,77,99" hai3="43,78,101,59,23,102,108,134,129,1,128,113,84"/><V110/><F124/><W68/><G68/><T116/><D35/><U37/><E130/><V60/><F33/><W62/><G1/><T57/><D46/><U16/><E105/><V5/><F110/><W96/><G108/><T34/><D34/><U7/><E93/><V119/><F119/><N who="0" m="45610" /><D95/><U75/><E75/><V126/><F126/><W0/><G0/><N who="1" m="42" /><E41/><V49/><F77/><W131/><G43/><T106/><D106/><U89/><E89/><V94/><F104/><W55/><G134/><T88/><D79/><U109/><E109/><V51/><F5/><N who="1" m="1545" /><E32/><V85/><F99/><W121/><G121/><T127/><D127/><U135/><E10/><V13/><REACH who="2" step="1"/><F63/><REACH who="2" ten="295,205,240,250" step="2"/><W107/><G96/><T25/><D57/><U86/><E135/><V123/><F123/><W50/><G107/><T92/><D92/><U66/><E70/><V82/><F82/><W73/><G129/><T17/><AGARI ba="0,1" hai="9,12,17,21,25,28,65,67,80,87,88" m="45610" machi="17" ten="30,2000,0" yaku="12,1,54,1" doraHai="53" who="0" fromWho="0" sc="295,30,205,-5,240,-10,250,-5" /><INIT seed="3,0,0,5,2,85" ten="325,200,230,245" oya="3" hai0="47,9,29,65,44,42,16,115,93,130,86,1,69" hai1="8,12,96,38,82,119,63,116,64,135,17,43,19" hai2="75,94,5,92,127,128,120,24,132,110,26,72,88" hai3="70,32,129,50,123,49,124,111,112,104,74,56,60"/><W28/><RYUUKYOKU type="yao9" ba="0,0" sc="325,0,200,0,230,0,245,0" hai3="28,32,49,50,56,60,70,74,104,111,112,123,124,129" /><INIT seed="3,1,0,0,3,28" ten="325,200,230,245" oya="3" hai0="49,89,120,3,62,95,50,6,33,125,63,47,119" hai1="10,99,31,20,107,43,93,40,61,135,22,108,87" hai2="2,54,115,32,1,30,122,41,70,106,58,100,111" hai3="36,83,88,7,15,97,56,16,121,46,116,85,39"/><W65/><G116/><T80/><D33/><U81/><E108/><V130/><F115/><W9/><G121/><T42/><D119/><U25/><E135/><V84/><F70/><W131/><G131/><T27/><D120/><U21/><E107/><V76/><F122/><W45/><G39/><T37/><D27/><U55/><E10/><V74/><F74/><W94/><G36/><T103/><D125/><U57/><E43/><V101/><F111/><W124/><G124/><T5/><D50/><U52/><E40/><V82/><F130/><W67/><G7/><N who="0" m="2571" /><D3/><U26/><E55/><V48/><F41/><W123/><G123/><T114/><D114/><U29/><E22/><V66/><F66/><N who="3" m="25099" /><G56/><T90/><D37/><U60/><E60/><N who="0" m="23081" /><D80/><U98/><E93/><V105/><F105/><W86/><G86/><T133/><D133/><U71/><E71/><V18/><F106/><W73/><G73/><T12/><D12/><U78/><AGARI ba="1,0" hai="20,21,25,26,29,31,52,57,61,78,81,87,98,99" machi="78" ten="20,8000,1" yaku="0,1,7,1,9,1,8,1,54,1" doraHai="28" who="1" fromWho="1" sc="325,-21,200,83,230,-21,245,-41" owari="304,40.4,283,8.3,209,-19.1,204,-29.6" /></mjloggm>