<mjloggm ver="2.3"><GO type="225" lobby="0"/><UN n0="%41%54%53%4D" n1="%33%74%72%65%65" n2="%E3%83%B4%E3%83%A0%EF%BC%99%E3%81%A6" n3="%E6%98%93%E5%88%A9%E8%96%A9%E4%BC%AF" dan="16,17,17,16" rate="2115.68,2189.29,2196.60,2122.10" sx="M,F,M,F"/><TAIKYOKU oya="0"/><INIT seed="0,0,0,1,1,30" ten="250,250,250,250" oya="0" hai0="65,29,3,24,82,74,41,16,94,66,32,116,122" hai1="107,53,36,97,98,77,121,103,59,89,42,84,134" hai2="62,5,135,86,124,70,80,38,75,39,57,12,105" hai3="48,101,132,133,17,28,46,91,21,112,11,68,47"/><T6/><D116/><U78/><E121/><V45/><F70/><W90/><G68/><T20/><D122/><U88/><E134/><N who="3" m="51818" /><G101/><T117/><D117/><U18/><E98/><V109/><F105/><W8/><G28/><T52/><D41/><U33/><E33/><V93/><F109/><W13/><G47/><T55/><D94/><U111/><E111/><V128/><F128/><W2/><G112/><T92/><D92/><U102/><E102/><V64/><F75/><W35/><G35/><T54/><D82/><U44/><E18/><V37/><F93/><W67/><G67/><T43/><D43/><U0/><E0/><V114/><F114/><W83/><G2/><T95/><D95/><U7/><E7/><V23/><F124/><W115/><G115/><T129/><D74/><U108/><E108/><V15/><F135/><W4/><G83/><T79/><D79/><U49/><REACH who="1" step="1"/><E89/><REACH who="1" ten="250,240,250,250" step="2"/><N who="3" m="33802" /><G4/><T130/><D6/><U104/><E104/><V63/><F5/><W69/><G69/><T14/><REACH who="0" step="1"/><D3/><REACH who="0" ten="240,240,250,250" step="2"/><U71/><E71/><V51/><F80/><AGARI ba="0,2" hai="36,42,44,49,53,59,77,78,80,84,88,97,103,107" machi="80" ten="30,3900,0" yaku="1,1,7,1,54,1,53,0" doraHai="30" doraHaiUra="131" who="1" fromWho="2" sc="240,0,240,59,250,-39,250,0" /><INIT seed="1,0,0,2,1,18" ten="240,299,211,250" oya="1" hai0="70,51,10,83,72,19,116,15,46,65,79,68,28" hai1="55,80,95,99,53,134,89,129,20,130,118,105,128" hai2="13,113,12,122,110,64,101,44,86,41,93,82,120" hai3="6,94,33,97,107,108,87,112,127,24,66,58,29"/><U102/><E118/><V73/><F110/><W61/><G112/><T71/><D116/><U47/><E134/><V35/><F35/><W60/><G108/><T56/><D28/><U54/><E80/><V8/><F113/><W17/><G127/><T96/><D96/><U21/><E47/><V104/><F104/><W3/><G87/><AGARI ba="0,0" hai="20,21,53,54,55,87,89,95,99,102,105,128,129,130" machi="87" ten="50,9600,0" yaku="19,1,52,2" doraHai="18" who="1" fromWho="3" sc="240,0,299,96,211,0,250,-96" /><INIT seed="1,1,0,1,1,118" ten="240,395,211,154" oya="1" hai0="14,12,95,21,1,89,107,133,120,74,38,47,22" hai1="134,108,106,100,49,61,25,50,86,81,126,63,72" hai2="6,3,125,4,114,123,75,80,52,27,23,112,29" hai3="65,36,85,32,42,39,83,104,41,58,119,127,5"/><U71/><E72/><V35/><F75/><W122/><G32/><T98/><D74/><U34/><E63/><V16/><F80/><W40/><G104/><T135/><D1/><U92/><E92/><V97/><F97/><W64/><G5/><N who="2" m="2153" /><F125/><W129/><G85/><T62/><D107/><U45/><E45/><V56/><F3/><W73/><G83/><T103/><D103/><U57/><E57/><V109/><F109/><W15/><G15/><N who="0" m="5675" /><D62/><U0/><E0/><V59/><F59/><W82/><G82/><T10/><D10/><U77/><E108/><V44/><F44/><W78/><G78/><T111/><D111/><U96/><E126/><V33/><F29/><W26/><G26/><T60/><D60/><U110/><E110/><V8/><F8/><W132/><G73/><T66/><D66/><N who="3" m="25705" /><G127/><T54/><D120/><U90/><E77/><V99/><F123/><W84/><G84/><T17/><D17/><U18/><E86/><V24/><F99/><W91/><G91/><T131/><D38/><N who="3" m="14377" /><G119/><T2/><D2/><U48/><E90/><V20/><F20/><W87/><G87/><T128/><D22/><U79/><E81/><V115/><F24/><W116/><G116/><T30/><D21/><U9/><E25/><V31/><F31/><W88/><G88/><T53/><D30/><U130/><E79/><V11/><F11/><W70/><G122/><T102/><D89/><U7/><E106/><V105/><F105/><W117/><G117/><T43/><D98/><U19/><E19/><V94/><F94/><W13/><G13/><T37/><D95/><RYUUKYOKU ba="1,0" sc="240,-10,395,-10,211,30,154,-10" hai2="16,23,27,33,35,52,56,112,114,115" /><INIT seed="2,2,0,2,3,10" ten="230,385,241,144" oya="2" hai0="65,67,113,11,38,25,100,56,20,47,7,40,134" hai1="6,55,92,14,85,84,119,116,35,107,33,73,111" hai2="28,130,2,122,101,110,104,58,54,96,3,70,81" hai3="91,39,117,66,97,106,125,133,68,126,120,69,53"/><V115/><F115/><W108/><G106/><T29/><D113/><U27/><E73/><V8/><F122/><W4/><G97/><T51/><D134/><U26/><E107/><V83/><F70/><N who="3" m="27243" /><G91/><T95/><D38/><U61/><E61/><V30/><F130/><W128/><G4/><T102/><D95/><U93/><E6/><V132/><F132/><W79/><G79/><T105/><D105/><U13/><REACH who="1" step="1"/><E55/><REACH who="1" ten="230,375,241,144" step="2"/><V34/><F104/><W114/><G133/><T41/><D7/><U135/><E135/><V37/><F2/><W109/><G114/><T17/><D67/><U43/><E43/><V94/><F3/><W18/><G128/><T0/><D41/><U36/><E36/><V49/><F37/><W127/><G120/><T80/><D65/><U12/><E12/><V87/><F54/><W99/><G66/><T52/><D0/><U90/><E90/><V46/><F49/><W64/><G64/><T9/><D40/><U60/><E60/><V5/><F5/><W22/><G39/><T21/><D100/><U75/><E75/><V77/><F101/><W42/><G42/><T78/><D102/><U71/><E71/><V118/><F77/><W129/><G129/><T31/><D56/><U76/><E76/><V82/><F58/><W19/><G53/><T63/><D63/><U15/><E15/><V98/><F46/><W62/><G62/><T89/><D89/><U44/><E44/><V124/><F96/><W123/><G99/><T112/><D112/><U86/><E86/><V59/><F98/><W121/><G121/><T45/><D45/><RYUUKYOKU ba="2,1" sc="230,-10,375,30,241,-10,144,-10" hai1="13,14,26,27,33,35,84,85,92,93,111,116,119" /><INIT seed="3,3,1,0,4,50" ten="220,405,231,134" oya="3" hai0="68,113,20,14,11,65,44,40,0,95,88,21,39" hai1="102,133,57,73,92,46,82,127,35,104,87,111,3" hai2="32,9,1,42,26,128,33,72,106,10,53,34,6" hai3="61,22,47,23,15,98,115,129,94,134,30,123,112"/><W63/><G123/><T83/><D0/><U13/><E3/><V74/><F106/><W132/><G129/><T17/><D113/><U24/><E111/><V19/><F53/><W69/><G47/><T4/><D83/><U29/><E133/><N who="3" m="51306" /><G30/><T60/><D4/><U96/><E127/><V125/><F125/><W70/><G15/><T45/><D45/><U56/><E46/><V41/><F128/><W52/><G23/><T66/><D66/><U90/><E13/><V126/><F126/><W91/><G22/><T124/><D124/><U97/><E73/><N who="2" m="28267" /><F1/><W122/><G122/><T120/><D120/><U25/><E25/><V59/><F59/><N who="3" m="35047" /><G70/><T75/><D75/><U5/><E29/><V116/><F26/><W109/><G109/><T12/><D12/><U84/><E24/><V117/><F19/><W37/><G37/><T18/><D18/><U99/><E35/><V93/><F6/><W103/><G103/><T131/><D131/><U49/><E102/><V105/><F32/><W67/><AGARI ba="3,1" hai="63,67,69,91,94,98,112,115" m="35047,51306" machi="67" ten="30,6000,0" yaku="20,1,52,1,54,1" doraHai="50" who="3" fromWho="3" sc="220,-23,405,-23,231,-23,134,79" /><INIT seed="3,4,0,3,4,23" ten="197,382,208,213" oya="3" hai0="124,12,120,78,87,64,112,128,117,108,93,130,17" hai1="25,121,95,83,100,123,70,31,66,94,0,86,125" hai2="60,8,7,36,76,105,22,109,29,45,37,129,46" hai3="32,106,61,28,115,10,107,21,74,96,14,38,6"/><W90/><G38/><T56/><D117/><U20/><E0/><V134/><F105/><W41/><G74/><T13/><D120/><U119/><E119/><V50/><F109/><W135/><G115/><T51/><D112/><U99/><E125/><V34/><F34/><W39/><G135/><T4/><D124/><U132/><E132/><V122/><F134/><W9/><G32/><T131/><D108/><U2/><E2/><V77/><F129/><W63/><G39/><T111/><D111/><U89/><E70/><V67/><F36/><W59/><G41/><T104/><D104/><U49/><E66/><V80/><F37/><W15/><G63/><N who="0" m="37991" /><D4/><U113/><E113/><V1/><F122/><W101/><G90/><N who="0" m="53471" /><D78/><U57/><E121/><V24/><F76/><W116/><G116/><T52/><D17/><U98/><E123/><V19/><F19/><W53/><G28/><T26/><D26/><U42/><E42/><V33/><F33/><W27/><G107/><T69/><D69/><U47/><E100/><V92/><F50/><W75/><G75/><T71/><D71/><U44/><E25/><V30/><F30/><N who="3" m="17775" /><G6/><T18/><D18/><U48/><E31/><V55/><F55/><W62/><G62/><T43/><D43/><U73/><E73/><N who="2" m="43055" /><F60/><W54/><G54/><T88/><D88/><U82/><E89/><V126/><F126/><W84/><G84/><T16/><D16/><U85/><E20/><V11/><F67/><W3/><G3/><T118/><D118/><U58/><AGARI ba="4,0" hai="44,47,48,49,57,58,82,83,85,86,94,95,98,99" machi="58" ten="25,6400,0" yaku="0,1,22,2,8,1" doraHai="23" who="1" fromWho="1" sc="197,-20,382,76,208,-20,213,-36" owari="177,-22.3,458,55.8,188,-1.2,177,-32.3" /></mjloggm>