<mjloggm ver="2.3"><GO type="225" lobby="0"/><UN n0="%73%6C%69%63%6B%33%31%39" n1="%E7%89%B9%E6%9D%B1%E3%81%AF%E4%B8%96%E7%95%8C%E3%82%92%E6%95%91%E3%81%86" n2="%E3%82%BF%E3%83%BC%E3%83%90%E3%83%B3%E9%87%8E%E5%8F%A3" n3="%E3%81%82%E3%81%B9%E3%81%99%E3%81%91" dan="16,16,16,16" rate="2131.45,2032.37,2118.12,2080.86" sx="M,M,M,M"/><TAIKYOKU oya="0"/><INIT seed="0,0,0,0,3,28" ten="250,250,250,250" oya="0" hai0="87,18,134,116,52,61,133,37,77,99,93,5,27" hai1="49,29,16,39,53,90,122,82,34,48,17,81,51" hai2="112,124,113,129,10,50,64,100,110,56,88,123,101" hai3="109,22,33,42,9,2,70,68,91,92,69,73,12"/><T62/><D37/><U1/><E122/><V83/><F123/><W3/><G73/><T14/><D116/><U67/><E39/><V114/><F110/><W15/><G109/><T74/><D74/><U107/><E1/><V111/><F111/><W117/><G117/><T38/><D38/><U41/><E107/><V125/><F10/><W65/><G42/><T115/><D115/><U86/><E67/><V126/><F129/><W32/><G65/><T63/><D5/><U54/><E41/><V47/><F56/><W25/><G3/><T4/><D4/><U85/><E29/><V104/><F104/><W46/><G46/><T103/><D27/><U57/><E34/><V24/><F24/><W43/><G43/><T130/><D130/><U40/><E40/><N who="2" m="24935" /><F64/><W75/><G75/><T102/><D102/><U80/><E57/><V55/><F55/><N who="1" m="21001" /><E90/><V131/><F131/><W60/><G2/><T106/><D52/><U118/><E118/><V11/><F11/><W35/><G9/><T108/><D108/><U58/><E58/><V66/><F66/><W71/><G71/><T127/><D127/><U13/><E13/><V121/><F121/><W128/><G128/><T135/><D106/><U26/><E26/><V119/><F119/><W31/><REACH who="3" step="1"/><G60/><REACH who="3" ten="250,250,250,240" step="2"/><T97/><D63/><U20/><E20/><V76/><F76/><W120/><G120/><T105/><D62/><U23/><E23/><V30/><F30/><W19/><G19/><AGARI ba="0,1" hai="16,17,19,48,49,51,80,81,82,85,86" m="21001" machi="19" ten="40,8000,1" yaku="28,2,8,1,54,1" doraHai="28" who="1" fromWho="3" sc="250,0,250,90,250,0,240,-80" /><INIT seed="1,0,0,1,4,72" ten="250,340,250,160" oya="1" hai0="63,9,94,8,105,16,120,31,49,101,126,132,127" hai1="46,124,10,82,102,93,110,87,33,80,89,62,30" hai2="128,103,112,12,35,81,1,71,28,111,3,83,58" hai3="42,133,36,125,26,114,78,91,44,50,113,123,40"/><U20/><E124/><N who="0" m="47657" /><D132/><U55/><E33/><V13/><F71/><W41/><G125/><T131/><D105/><U47/><E110/><V117/><F35/><W70/><G123/><T104/><D104/><U60/><E10/><V0/><F58/><W122/><G122/><T4/><D31/><U92/><E93/><V85/><F28/><W67/><G91/><T27/><D120/><U51/><E47/><V6/><F0/><W38/><G26/><T5/><D49/><U74/><E74/><V37/><F85/><W17/><G17/><T115/><D63/><N who="1" m="24107" /><E102/><V48/><F48/><W109/><G133/><T84/><D115/><U106/><E106/><V43/><F103/><W22/><G109/><T52/><D52/><U134/><E134/><V65/><F111/><W59/><G114/><T76/><D131/><U75/><E75/><V107/><F107/><W19/><G113/><T119/><D119/><U24/><AGARI ba="0,0" hai="20,24,30,46,51,55,80,82,87,89,92" m="24107" machi="24" ten="30,1500,0" yaku="8,1" doraHai="72" who="1" fromWho="1" sc="250,-5,340,15,250,-5,160,-5" /><INIT seed="1,1,0,3,2,35" ten="245,355,245,155" oya="1" hai0="67,76,95,72,109,125,36,92,34,47,121,58,112" hai1="119,118,20,18,64,37,51,101,85,15,80,86,56" hai2="4,52,107,59,21,114,46,69,83,78,127,54,111" hai3="44,57,81,115,96,113,26,110,77,11,19,0,82"/><U132/><E37/><V53/><F69/><W117/><G110/><T79/><D112/><U65/><E132/><V71/><F71/><W105/><G117/><T60/><D34/><U74/><E74/><V13/><F107/><W10/><G82/><T102/><D109/><U16/><E101/><V97/><F111/><W88/><G44/><T100/><D36/><U61/><E64/><V29/><F127/><W135/><G135/><T39/><D39/><U73/><E73/><V45/><F97/><W8/><G57/><T84/><D47/><U124/><E124/><V66/><F114/><W23/><G115/><T31/><D31/><U106/><E106/><V40/><F40/><W17/><G17/><T27/><D27/><U129/><E129/><V134/><F134/><W48/><G48/><T32/><D32/><U12/><E85/><N who="2" m="48375" /><F59/><W108/><G108/><T89/><D125/><U63/><E51/><V7/><F66/><W28/><G28/><T90/><D121/><U2/><E2/><V50/><F50/><W130/><G130/><T104/><D104/><U128/><E63/><V103/><F103/><N who="0" m="39466" /><D72/><U98/><E98/><AGARI ba="1,0" hai="58,60,67,76,79,84,89,90,92,95,98" m="39466" machi="98" ten="30,1000,0" yaku="8,1" doraHai="35" who="0" fromWho="1" sc="245,13,355,-13,245,0,155,0" /><INIT seed="2,0,0,4,1,74" ten="258,342,245,155" oya="2" hai0="118,30,52,93,110,71,11,42,135,57,80,15,16" hai1="41,94,97,77,129,22,24,114,43,7,111,107,130" hai2="28,47,10,54,37,83,99,126,14,128,91,79,81" hai3="98,61,85,95,38,27,39,88,84,66,131,0,116"/><V31/><F128/><N who="1" m="49257" /><E114/><V90/><F126/><W62/><G116/><T12/><D71/><U4/><E107/><V78/><F37/><W104/><G131/><T125/><D118/><U48/><E77/><N who="2" m="29195" /><F47/><W113/><G0/><T122/><D80/><N who="2" m="30794" /><F54/><W51/><G113/><T115/><D57/><U92/><E48/><V82/><N who="2" m="30802" /><V76/><N who="2" m="29203" /><DORA hai="55" /><V69/><DORA hai="123" /><F69/><W75/><G51/><T26/><D52/><U127/><E127/><V101/><F101/><W64/><G39/><T44/><D44/><U23/><E41/><V96/><F91/><W5/><G38/><T6/><D42/><U8/><E43/><V89/><F89/><W87/><G75/><T102/><D102/><U9/><E111/><V20/><F90/><W72/><G72/><T3/><D110/><U2/><E2/><V33/><F33/><W40/><G40/><T58/><D3/><U50/><E50/><V133/><F133/><W112/><G112/><T100/><D135/><U34/><E34/><V119/><F119/><W32/><G104/><T60/><D115/><U106/><E106/><V13/><F13/><W17/><G32/><T63/><D12/><U67/><E92/><V36/><F36/><W35/><G35/><T1/><D1/><U18/><E94/><V109/><F109/><W19/><G95/><T56/><D93/><U73/><E73/><V21/><F21/><W45/><G88/><T120/><D100/><U53/><E22/><V121/><F121/><W70/><G70/><T132/><D125/><U105/><E53/><V134/><F134/><W29/><G45/><RYUUKYOKU ba="0,0" sc="258,0,342,0,245,0,155,0" /><INIT seed="3,1,0,3,3,95" ten="258,342,245,155" oya="3" hai0="100,16,36,124,4,97,92,131,66,10,70,61,80" hai1="18,54,44,59,58,41,23,45,60,133,13,3,74" hai2="43,19,11,125,81,101,89,34,63,83,135,109,88" hai3="96,102,32,107,116,8,42,1,118,65,5,14,37"/><W90/><G32/><T82/><D36/><U93/><E74/><V91/><F34/><W51/><G65/><T22/><D131/><U128/><E3/><V6/><F109/><W129/><G129/><T46/><D124/><U76/><E128/><V21/><F125/><W28/><G28/><T40/><D46/><U56/><E133/><V47/><F63/><W87/><G37/><T20/><D40/><U52/><E76/><V53/><F53/><W108/><G1/><T117/><D117/><U112/><E112/><V84/><F101/><W123/><G108/><T38/><D38/><U72/><E72/><V35/><F35/><W25/><G25/><T115/><D22/><U111/><E111/><V39/><F81/><W132/><G123/><T7/><D115/><U104/><E104/><V24/><REACH who="2" step="1"/><F135/><REACH who="2" ten="258,342,235,155" step="2"/><W73/><G132/><T9/><D82/><U30/><E60/><V0/><AGARI ba="1,1" hai="0,6,11,19,21,24,39,43,47,83,84,88,89,91" machi="0" ten="20,8000,1" yaku="1,1,2,1,0,1,7,1,54,1,53,0" doraHai="95" doraHaiUra="103" who="2" fromWho="2" sc="258,-21,342,-21,235,93,155,-41" owari="237,-16.3,321,12.1,328,42.8,114,-38.6" /></mjloggm>