<mjloggm ver="2.3"><GO type="225" lobby="0"/><UN n0="%72%69%6F%75%63%68%61%6E" n1="%E3%81%82%E3%82%93%E3%81%AA%E3%81%A4" n2="%6D%75%75%6D%75%72%61" n3="%E6%A1%9C%E8%8A%B1%E9%96%83%E3%80%85" dan="17,16,16,18" rate="2247.59,2119.88,2114.38,2257.86" sx="M,M,F,M"/><TAIKYOKU oya="0"/><INIT seed="0,0,0,4,2,30" ten="250,250,250,250" oya="0" hai0="80,112,98,133,102,25,39,51,106,12,110,65,131" hai1="132,125,130,9,108,127,82,83,33,129,115,84,94" hai2="119,122,61,95,5,10,135,24,42,15,6,92,56" hai3="72,16,59,20,54,93,67,107,81,34,41,37,75"/><T46/><D131/><N who="1" m="50187" /><E108/><V109/><F122/><W13/><G107/><T99/><D133/><U22/><E115/><V88/><F135/><W1/><G1/><T97/><D112/><U21/><E132/><V0/><F109/><W86/><G67/><T50/><D110/><U14/><E94/><V29/><F119/><W96/><G34/><T120/><D120/><U87/><E87/><V77/><F42/><W32/><G32/><T19/><D65/><U111/><E33/><V26/><F77/><W117/><G117/><T78/><D25/><U124/><E111/><V38/><F38/><W36/><G41/><T11/><D39/><U55/><E55/><V101/><F0/><W27/><G13/><T58/><D58/><U118/><E83/><V45/><F45/><W48/><G37/><T71/><D71/><U17/><E118/><V128/><F128/><W40/><G40/><T91/><D91/><AGARI ba="0,0" hai="9,14,17,21,22,82,84,91,124,125,127" m="50187" machi="91" ten="40,2600,0" yaku="18,1,19,1" doraHai="30" who="1" fromWho="0" sc="250,-26,250,26,250,0,250,0" /><INIT seed="1,0,0,4,2,15" ten="224,276,250,250" oya="1" hai0="128,48,105,122,35,108,29,61,38,10,0,31,104" hai1="58,6,134,64,77,26,129,114,21,42,53,60,62" hai2="80,73,102,84,39,113,22,49,87,12,50,85,124" hai3="24,70,130,59,67,115,79,71,94,5,116,46,30"/><U78/><E114/><V32/><F39/><W121/><G115/><T103/><D38/><U37/><E134/><V45/><F32/><W97/><G121/><T33/><D108/><U68/><E129/><V14/><F113/><W93/><G130/><T66/><D128/><U131/><E131/><V132/><F132/><W76/><G5/><T101/><D122/><U1/><E6/><V41/><F124/><W54/><G67/><T75/><D75/><U52/><E1/><V57/><F102/><N who="0" m="38922" /><D0/><U107/><E53/><N who="2" m="31919" /><F73/><W51/><G116/><T82/><D48/><U13/><E13/><N who="2" m="5227" /><F22/><W110/><G110/><T28/><D82/><AGARI ba="0,0" hai="41,45,50,80,82,84,85,87" m="5227,31919" machi="82" ten="30,1000,0" yaku="8,1" doraHai="15" who="2" fromWho="0" sc="224,-10,276,0,250,10,250,0" /><INIT seed="2,0,0,2,2,9" ten="214,276,260,250" oya="2" hai0="3,21,15,104,115,94,27,82,111,59,99,11,44" hai1="100,36,135,132,75,114,68,83,90,116,34,17,124" hai2="109,101,81,12,133,23,25,2,52,107,49,29,113" hai3="119,38,42,37,88,20,66,1,92,98,70,46,87"/><V39/><F113/><W134/><G119/><T106/><D111/><U121/><RYUUKYOKU type="yao9" ba="0,0" sc="214,0,276,0,260,0,250,0" hai1="17,34,36,68,75,83,90,100,114,116,121,124,132,135" /><INIT seed="2,1,0,4,5,72" ten="214,276,260,250" oya="2" hai0="17,20,84,28,103,56,114,121,10,32,18,48,2" hai1="60,57,95,58,80,5,122,50,33,51,123,67,55" hai2="112,26,78,83,107,130,62,13,102,15,109,64,75" hai3="42,16,34,87,23,37,1,27,131,54,74,97,77"/><V4/><F112/><W117/><G117/><T127/><D121/><N who="1" m="46091" /><E33/><V25/><F130/><W61/><G131/><T36/><D114/><U3/><E95/><V91/><F109/><W0/><G74/><T52/><D127/><U9/><E80/><V108/><F108/><W71/><G34/><T96/><D36/><U11/><E11/><V126/><F126/><W8/><G97/><T79/><D32/><U90/><E90/><V46/><F46/><W63/><G54/><T110/><D110/><U132/><E132/><V38/><F38/><W99/><G99/><T94/><D28/><U116/><E116/><V86/><F107/><W45/><G71/><T115/><D115/><U66/><E51/><V111/><F102/><W19/><G1/><T92/><D20/><U29/><E29/><V21/><F111/><W98/><G98/><T44/><D44/><U53/><AGARI ba="1,0" hai="3,5,9,50,53,55,57,58,60,66,67" m="46091" machi="53" ten="30,1100,0" yaku="13,1" doraHai="72" who="1" fromWho="1" sc="214,-4,276,14,260,-6,250,-4" /><INIT seed="3,0,0,1,5,34" ten="210,290,254,246" oya="3" hai0="71,96,129,9,6,30,5,89,108,51,76,92,40" hai1="17,46,128,102,47,83,115,117,42,107,126,22,2" hai2="131,15,103,67,73,80,124,11,23,53,37,4,82" hai3="38,119,50,132,110,27,49,81,72,120,74,121,64"/><W36/><G27/><T63/><D108/><U56/><E115/><V127/><F37/><N who="3" m="14443" /><G81/><T43/><D129/><U94/><E107/><V48/><F131/><W77/><G77/><T85/><D30/><U95/><E2/><V135/><F73/><N who="3" m="28267" /><G64/><T125/><D125/><U70/><E126/><V44/><F67/><W133/><G119/><T16/><D71/><U28/><E70/><V101/><F82/><W12/><G12/><N who="0" m="7183" /><D63/><U109/><E83/><V1/><F80/><W45/><G45/><N who="0" m="26023" /><D76/><U29/><E128/><V33/><F124/><W20/><G20/><T8/><D43/><U116/><E42/><V88/><F127/><W122/><G110/><T130/><D130/><U87/><E109/><V112/><F112/><W13/><G13/><N who="0" m="5263" /><D6/><U54/><E116/><V78/><F78/><W58/><G58/><T105/><D105/><U134/><E117/><V26/><F44/><W31/><G31/><T106/><D106/><U62/><E47/><V41/><F41/><W111/><G111/><T57/><D57/><U14/><E46/><V104/><F104/><W21/><G21/><T61/><D61/><U113/><E113/><V18/><F26/><W65/><G65/><T0/><D0/><U97/><E28/><V123/><F1/><W55/><G55/><T66/><D66/><U69/><E29/><V3/><F3/><W90/><G90/><T100/><D85/><U75/><E75/><V52/><F53/><W114/><G114/><T68/><D68/><U39/><E69/><V99/><F52/><W86/><G86/><T91/><AGARI ba="0,0" hai="89,91,92,96,100" m="5263,26023,7183" machi="91" ten="30,2000,0" yaku="8,1,54,1" doraHai="34" who="0" fromWho="0" sc="210,20,290,-5,254,-5,246,-10" /><INIT seed="4,0,0,3,0,10" ten="230,285,249,236" oya="0" hai0="86,132,76,131,53,42,35,19,122,135,87,51,50" hai1="63,97,69,82,127,107,60,123,79,1,115,43,95" hai2="72,33,112,134,89,37,81,70,120,102,100,31,114" hai3="91,44,24,9,116,84,56,17,3,27,124,15,26"/><T68/><D122/><U23/><E123/><V113/><F120/><W66/><G116/><T29/><D68/><U46/><E1/><V104/><F70/><W109/><G109/><T119/><D119/><U118/><E107/><V14/><F37/><W110/><G110/><T34/><D131/><U94/><E118/><V57/><F134/><N who="0" m="51242" /><D29/><U83/><E127/><V126/><F126/><W36/><G124/><T77/><D42/><U59/><E95/><V62/><F104/><W2/><G44/><T64/><D64/><U121/><E69/><V0/><F0/><W108/><G36/><T133/><N who="0" m="51250" /><T13/><DORA hai="73" /><D87/><U105/><E43/><V41/><F41/><W21/><G108/><T111/><D111/><U32/><E121/><V128/><F128/><W16/><G2/><T92/><D92/><U20/><E94/><V8/><F31/><W7/><G17/><T52/><D50/><U74/><E105/><V67/><F33/><N who="0" m="12298" /><D86/><U78/><E32/><V39/><F39/><W18/><G18/><T28/><D28/><U88/><E74/><V61/><F61/><N who="3" m="38183" /><G3/><T30/><D30/><U99/><E63/><V101/><F72/><W38/><G38/><T47/><D53/><U45/><E60/><V117/><F117/><W11/><G7/><T22/><AGARI ba="0,0" hai="13,19,22,47,51,52,76,77" m="12298,51250" machi="22" ten="50,12000,1" yaku="20,1,52,3,54,1" doraHai="10,73" who="0" fromWho="0" sc="230,120,285,-40,249,-40,236,-40" owari="350,45.0,245,4.5,209,-19.1,196,-30.4" /></mjloggm>