<mjloggm ver="2.3"><GO type="225" lobby="0"/><UN n0="%E8%A8%88%E7%AE%97%E6%A9%9F%E8%87%AA%E7%84%B6" n1="%E3%81%86%E3%81%A9%E3%82%93%E3%81%93" n2="%E4%BA%95%E5%B8%AF" n3="%E3%81%8B%E3%82%8F%E3%81%A1%E3%82%83%E3%82%93%35%38" dan="17,16,16,16" rate="2185.69,2157.39,2058.66,2184.48" sx="M,M,M,M"/><TAIKYOKU oya="0"/><INIT seed="0,0,0,4,1,34" ten="250,250,250,250" oya="0" hai0="6,27,74,50,126,40,121,41,57,53,96,42,67" hai1="95,63,80,118,128,64,86,38,4,78,124,49,37" hai2="83,11,114,30,45,71,56,54,120,7,65,9,48" hai3="135,46,39,31,110,81,94,107,22,25,89,90,106"/><T100/><D121/><U3/><E118/><V122/><F114/><W116/><G116/><T20/><D126/><U134/><E124/><V77/><F71/><W55/><G110/><T33/><D74/><U117/><E117/><V61/><F30/><W0/><G135/><T5/><D33/><U29/><E29/><V76/><F11/><W43/><G0/><T119/><D67/><U52/><E134/><V85/><REACH who="2" step="1"/><F76/><REACH who="2" ten="250,250,240,250" step="2"/><W98/><REACH who="3" step="1"/><G55/><REACH who="3" ten="250,250,240,240" step="2"/><T69/><D119/><U18/><E52/><V28/><F28/><W102/><G102/><T111/><D111/><U130/><E78/><V133/><F133/><W15/><G15/><AGARI ba="0,2" hai="7,9,15,45,48,54,56,61,65,77,83,85,120,122" machi="15" ten="30,2000,0" yaku="1,1,7,1,53,0" doraHai="34" doraHaiUra="108" who="2" fromWho="3" sc="250,0,250,0,240,40,240,-20" /><INIT seed="1,0,0,0,2,13" ten="250,250,280,220" oya="1" hai0="65,26,122,32,44,53,18,96,124,28,110,33,70" hai1="91,86,45,118,0,120,71,51,17,81,9,129,75" hai2="84,134,95,3,54,58,108,37,85,109,74,116,114" hai3="132,105,42,111,50,14,16,62,34,94,112,102,12"/><U83/><E118/><V39/><F74/><W4/><G112/><T131/><D110/><N who="2" m="42602" /><F116/><W98/><G34/><T72/><D72/><U20/><E120/><V104/><F104/><W23/><G111/><T82/><D82/><U100/><E71/><V130/><F130/><W135/><G62/><T119/><D119/><U24/><E129/><V31/><F3/><W47/><REACH who="3" step="1"/><G105/><REACH who="3" ten="250,250,280,210" step="2"/><T22/><D33/><U127/><E127/><V57/><F114/><W48/><G48/><T19/><D32/><U123/><E123/><V35/><F35/><W92/><G92/><T40/><D124/><U87/><E75/><V36/><F95/><W64/><G64/><T107/><D65/><U128/><E128/><V25/><F37/><W121/><G121/><T125/><D125/><U66/><E66/><V113/><F39/><W97/><G97/><T56/><D131/><U90/><E100/><V77/><F36/><W46/><G46/><T69/><D122/><U99/><E99/><V89/><F113/><W80/><G80/><T49/><D70/><U103/><E103/><V79/><F85/><W68/><G68/><T61/><D69/><U76/><E76/><V11/><F84/><W106/><G106/><T10/><D107/><U1/><E51/><V41/><F79/><W60/><G60/><T8/><D96/><U2/><E45/><V59/><F77/><W6/><G6/><AGARI ba="0,1" hai="0,1,2,6,9,17,20,24,81,83,86,87,90,91" machi="6" ten="40,3900,0" yaku="9,1,52,1" doraHai="13" who="1" fromWho="3" sc="250,0,250,49,280,0,210,-39" /><INIT seed="1,1,0,1,4,94" ten="250,299,280,171" oya="1" hai0="61,105,2,37,114,113,133,116,75,48,17,32,82" hai1="16,126,13,125,134,47,72,20,60,86,115,89,130" hai2="66,26,50,129,45,108,68,119,112,122,25,53,57" hai3="70,52,49,93,51,41,95,110,79,91,31,39,34"/><U0/><E72/><V81/><F122/><W107/><G107/><T131/><RYUUKYOKU type="yao9" ba="1,0" sc="250,0,299,0,280,0,171,0" hai0="2,17,32,37,48,61,75,82,105,113,114,116,131,133" /><INIT seed="1,2,0,1,3,71" ten="250,299,280,171" oya="1" hai0="10,49,86,89,60,94,64,66,8,105,40,95,104" hai1="100,54,87,74,32,135,132,19,61,35,18,75,115" hai2="30,133,68,88,11,127,59,109,37,15,48,65,99" hai3="124,96,6,5,129,93,3,23,101,131,103,116,55"/><U91/><E115/><V92/><F109/><W82/><G124/><T58/><D105/><U42/><E100/><V123/><F123/><W26/><G116/><T14/><D104/><U112/><E112/><V16/><F127/><W67/><G67/><T134/><D134/><N who="1" m="51243" /><E42/><V1/><F133/><W119/><G119/><T98/><D64/><U122/><E122/><V27/><F68/><W53/><G101/><T80/><D95/><N who="1" m="54783" /><E54/><V72/><F72/><N who="1" m="27689" /><E61/><V13/><F65/><W50/><G82/><T2/><D2/><U110/><E110/><V118/><F118/><W120/><G120/><T108/><D108/><U34/><AGARI ba="2,0" hai="18,19,32,34,35" m="27689,54783,51243" machi="34" ten="40,2100,0" yaku="20,1" doraHai="71" who="1" fromWho="1" sc="250,-9,299,27,280,-9,171,-9" /><INIT seed="1,3,0,5,3,18" ten="241,326,271,162" oya="1" hai0="32,49,91,41,65,74,37,71,68,55,126,104,76" hai1="29,103,13,42,101,3,112,114,95,86,132,124,107" hai2="60,135,50,20,117,102,115,113,120,82,69,128,73" hai3="14,58,17,110,19,59,130,84,51,64,35,23,109"/><U39/><E3/><V77/><F120/><W9/><G35/><T98/><D32/><U26/><E107/><V116/><F128/><W34/><G34/><T47/><D126/><U33/><E124/><V46/><F102/><W122/><G122/><T99/><D104/><U78/><E132/><V97/><F97/><W25/><G130/><T106/><D106/><U94/><E42/><V134/><F20/><W6/><G64/><T24/><D24/><U62/><E39/><V36/><F36/><W54/><G59/><N who="0" m="33263" /><D91/><U80/><E62/><V83/><F83/><W93/><G93/><T105/><D71/><U67/><E67/><N who="2" m="41191" /><F117/><W45/><G84/><T121/><D121/><U21/><E33/><V31/><F31/><W111/><REACH who="3" step="1"/><G58/><REACH who="3" ten="241,326,271,152" step="2"/><T131/><D131/><U89/><E114/><V40/><F116/><W57/><G57/><T70/><D70/><U108/><E112/><AGARI ba="3,1" hai="40,46,50,73,77,82,112,113,115,134,135" m="41191" machi="112" ten="30,1000,0" yaku="11,1" doraHai="18" who="2" fromWho="1" sc="241,0,326,-19,271,29,152,0" /><INIT seed="2,0,0,3,3,81" ten="241,307,300,152" oya="2" hai0="127,34,125,80,99,46,90,114,0,107,57,47,132" hai1="5,45,85,55,83,60,15,96,9,89,97,103,33" hai2="104,43,44,26,38,71,37,91,13,54,28,109,59" hai3="16,20,108,27,116,98,117,67,101,82,42,11,115"/><V77/><F109/><W124/><G108/><T4/><D114/><U113/><E113/><V69/><F104/><W18/><G124/><N who="0" m="47691" /><D34/><U56/><E33/><V75/><F38/><W61/><G115/><T19/><D132/><U62/><E45/><V40/><F40/><W111/><G111/><T49/><D19/><U29/><E29/><V87/><F13/><W31/><G42/><T2/><D107/><U66/><REACH who="1" step="1"/><E103/><REACH who="1" ten="241,297,300,152" step="2"/><V135/><F44/><W41/><G41/><T17/><D47/><U53/><E53/><V24/><F54/><W14/><G31/><T72/><D46/><U65/><E65/><V39/><F28/><W23/><G11/><T121/><D121/><U10/><E10/><V6/><F43/><W3/><G3/><T30/><D0/><U63/><E63/><V70/><F39/><W134/><G134/><T8/><D30/><U21/><E21/><V130/><F135/><W86/><G61/><T74/><D8/><U105/><E105/><V68/><F37/><W35/><G67/><T73/><D2/><U50/><E50/><V32/><F32/><W129/><G35/><T88/><D49/><U120/><E120/><V131/><F131/><W119/><G129/><T100/><D100/><U22/><E22/><V76/><F130/><W58/><G58/><AGARI ba="0,1" hai="5,9,15,55,56,58,60,62,66,83,85,89,96,97" machi="58" ten="30,12000,2" yaku="1,1,7,1,8,1,52,1,53,2" doraHai="81" doraHaiUra="94" who="1" fromWho="3" sc="241,0,297,130,300,0,152,-120" /><INIT seed="3,0,0,2,3,43" ten="241,427,300,32" oya="3" hai0="105,71,9,27,110,64,129,123,78,76,111,41,59" hai1="36,7,68,30,21,96,10,82,44,89,80,112,8" hai2="103,31,91,38,107,101,125,51,114,119,23,122,29" hai3="72,50,120,20,11,134,65,73,67,0,39,106,61"/><W66/><G39/><T37/><D105/><U17/><E68/><V47/><F38/><W100/><G120/><T132/><D27/><U85/><E112/><V4/><F114/><W63/><G134/><T127/><D9/><U22/><E30/><V77/><F119/><W118/><G118/><T90/><D90/><U133/><E133/><V57/><F125/><W98/><G20/><T117/><D132/><U25/><E96/><V115/><F107/><W33/><G33/><T40/><D117/><U1/><E22/><V99/><F77/><W86/><G86/><T113/><D113/><U24/><E10/><V52/><F4/><W81/><G50/><T58/><D123/><U87/><E36/><V69/><F69/><W121/><G121/><T95/><D95/><U75/><E75/><V14/><F122/><W53/><G53/><T108/><D78/><U42/><E42/><N who="0" m="16489" /><D76/><U109/><E109/><V56/><F91/><W124/><G124/><T74/><D74/><N who="3" m="28777" /><G81/><T54/><D37/><U13/><E44/><V79/><F79/><AGARI ba="0,0" hai="1,7,8,13,17,21,24,25,79,80,82,85,87,89" machi="79" ten="30,1000,0" yaku="7,1" doraHai="43" who="1" fromWho="2" sc="241,0,427,10,300,-10,32,0" owari="241,-15.9,437,53.7,290,9.0,32,-46.8" /></mjloggm>