<mjloggm ver="2.3"><GO type="225" lobby="0"/><UN n0="%E5%A4%8F%E9%88%B4%E9%88%B4%E5%A4%8F" n1="%E8%AB%B8%E8%91%9B%E4%BA%AE" n2="%6D%75%75%6D%75%72%61" n3="%E5%B0%8F%E9%B3%A5%E9%81%8A%E7%B7%B4%E7%84%A1%32%31%E6%AD%B3" dan="16,16,16,16" rate="2131.72,2113.45,2086.95,2149.32" sx="M,M,F,F"/><TAIKYOKU oya="0"/><INIT seed="0,0,0,1,3,79" ten="250,250,250,250" oya="0" hai0="91,46,107,106,115,131,67,21,81,6,100,133,84" hai1="20,39,117,29,70,89,103,120,42,51,4,47,54" hai2="61,105,12,26,125,73,82,62,80,124,69,44,66" hai3="41,92,76,75,11,113,27,31,18,71,123,93,116"/><T104/><D67/><U129/><E120/><V111/><F73/><W5/><G113/><T45/><D115/><U134/><E117/><V98/><F111/><W50/><G71/><T128/><D6/><U3/><E70/><V38/><F62/><W40/><G18/><T65/><D65/><U49/><E129/><N who="0" m="49737" /><D133/><U32/><E134/><V78/><F78/><W35/><G123/><T72/><D72/><U9/><E103/><N who="2" m="62711" /><F12/><W43/><G50/><T24/><D100/><U114/><E114/><V30/><F44/><W63/><G63/><T58/><D58/><U0/><E0/><V77/><F77/><W28/><G28/><AGARI ba="0,0" hai="21,24,28,45,46,81,84,91,104,106,107" m="49737" machi="28" ten="40,3900,0" yaku="19,1,52,1" doraHai="79" who="0" fromWho="3" sc="250,39,250,0,250,0,250,-39" /><INIT seed="0,1,0,1,2,56" ten="289,250,250,211" oya="0" hai0="22,122,63,76,2,87,13,117,30,21,32,11,12" hai1="127,15,43,44,36,83,42,98,0,115,73,123,111" hai2="5,81,51,74,86,50,132,97,18,106,60,105,40" hai3="84,124,39,107,129,99,27,65,26,19,93,108,71"/><T8/><D76/><N who="1" m="44431" /><E15/><N who="0" m="5705" /><D87/><U28/><E123/><V72/><F132/><W57/><G39/><T121/><D63/><U100/><E111/><V126/><F5/><W66/><G71/><T17/><D117/><U67/><E43/><V91/><F18/><W135/><G108/><T118/><D118/><U1/><E127/><V33/><F33/><W3/><G135/><T16/><D121/><U62/><E28/><V54/><F126/><W23/><G107/><T24/><D122/><U103/><E103/><V96/><F106/><W75/><G75/><T120/><D120/><U61/><E61/><V101/><F97/><W114/><G3/><T130/><D130/><U94/><E94/><V59/><REACH who="2" step="1"/><F51/><REACH who="2" ten="289,250,240,211" step="2"/><W41/><G124/><T47/><D2/><U48/><E48/><V70/><F70/><W80/><G19/><N who="0" m="7243" /><D47/><AGARI ba="1,1" hai="40,47,50,54,59,60,72,74,81,86,91,96,101,105" machi="47" ten="40,2600,0" yaku="1,1,52,1,53,0" doraHai="56" doraHaiUra="10" who="2" fromWho="0" sc="289,-29,250,0,240,39,211,0" /><INIT seed="1,0,0,3,1,132" ten="260,250,279,211" oya="1" hai0="99,62,35,116,3,61,49,119,59,5,93,112,130" hai1="24,126,14,78,82,26,21,100,22,11,51,45,128" hai2="117,127,105,101,16,38,115,10,2,98,65,66,72" hai3="110,134,83,54,19,17,121,73,13,80,114,50,91"/><U89/><E128/><V39/><F117/><W47/><G114/><T52/><D35/><U41/><E126/><V77/><F115/><W6/><G134/><T120/><D112/><U67/><E100/><V123/><F123/><W85/><G121/><T34/><D34/><U97/><E67/><V28/><F28/><W84/><G73/><T8/><D120/><U88/><E97/><V118/><F118/><W57/><G110/><T63/><REACH who="0" step="1"/><D130/><REACH who="0" ten="250,250,279,211" step="2"/><U4/><E26/><V33/><F33/><W1/><G1/><T30/><D30/><U74/><E22/><V124/><F2/><W107/><G107/><T18/><D18/><AGARI ba="0,1" hai="4,11,14,18,21,24,41,45,51,74,78,82,88,89" machi="18" ten="30,2900,0" yaku="7,1,54,1" doraHai="132" who="1" fromWho="0" sc="250,-29,250,39,279,0,211,0" /><INIT seed="1,1,0,1,1,0" ten="221,289,279,211" oya="1" hai0="36,134,27,2,110,127,129,99,89,3,132,105,56" hai1="59,7,125,84,57,101,31,52,58,5,121,9,126" hai2="93,122,62,6,120,104,79,4,67,90,45,16,53" hai3="22,38,68,108,51,70,111,123,40,46,131,1,103"/><U85/><E121/><V98/><F120/><W88/><G123/><T113/><D113/><U47/><E101/><V20/><F122/><W73/><G73/><T135/><D110/><N who="3" m="42025" /><G103/><N who="0" m="62719" /><D36/><U29/><E9/><V49/><F104/><W43/><G131/><T18/><D129/><U71/><E71/><N who="3" m="27178" /><G22/><N who="0" m="13783" /><D127/><N who="1" m="48651" /><E47/><V91/><F79/><W55/><G1/><N who="0" m="11" /><D56/><U34/><E52/><N who="2" m="29743" /><F67/><W26/><G26/><T102/><D102/><U19/><E19/><V107/><F107/><W8/><G8/><T50/><D50/><U124/><E124/><V83/><F62/><W77/><G77/><T81/><D89/><U117/><E117/><V12/><F53/><W72/><G72/><T80/><AGARI ba="1,0" hai="80,81,132,134,135" m="11,13783,62719" machi="80" ten="40,1500,0" yaku="20,1" doraHai="0" who="0" fromWho="0" sc="221,18,289,-8,279,-5,211,-5" /><INIT seed="2,0,0,5,1,34" ten="239,281,274,206" oya="2" hai0="83,32,29,129,133,96,21,119,2,11,43,90,46" hai1="104,132,91,25,76,103,69,0,89,20,49,94,78" hai2="23,9,3,109,13,93,135,112,128,44,7,82,113" hai3="45,47,100,118,37,81,19,41,88,40,17,130,111"/><V72/><F128/><W107/><G118/><T66/><D32/><U73/><E69/><V51/><F135/><W125/><G130/><T59/><D129/><U99/><E132/><V63/><F109/><W85/><G111/><T114/><D114/><U53/><E0/><V56/><F93/><W80/><G125/><T16/><D29/><U4/><E4/><V124/><F124/><W57/><G57/><T50/><D133/><U58/><E73/><V31/><F72/><W126/><G126/><T97/><D119/><U79/><REACH who="1" step="1"/><E104/><REACH who="1" ten="239,271,274,206" step="2"/><V134/><F134/><W1/><G1/><T8/><D2/><U60/><E60/><V77/><F112/><W42/><G107/><T120/><D120/><U52/><E52/><V87/><F113/><W35/><G41/><T123/><D123/><U28/><AGARI ba="0,1" hai="20,25,28,49,53,58,76,78,79,89,91,94,99,103" machi="28" ten="30,4000,0" yaku="1,1,0,1,8,1,53,0" doraHai="34" doraHaiUra="33" who="1" fromWho="1" sc="239,-10,271,50,274,-20,206,-10" /><INIT seed="3,0,0,3,4,71" ten="229,321,254,196" oya="3" hai0="72,15,68,86,36,118,40,2,77,1,69,131,18" hai1="20,24,128,53,93,0,105,84,97,34,127,43,48" hai2="70,101,90,96,3,76,39,74,37,42,16,109,79" hai3="112,106,87,52,47,104,21,113,132,99,61,5,19"/><W122/><G122/><T100/><D100/><U103/><E34/><V25/><F3/><W65/><G5/><T117/><D86/><U4/><E128/><V67/><F90/><W121/><G121/><T111/><D15/><U32/><E32/><V110/><F67/><W59/><G132/><T30/><D18/><U45/><E127/><V63/><F63/><W124/><G124/><T31/><D31/><U46/><E0/><N who="0" m="105" /><D30/><N who="1" m="17671" /><E105/><V33/><F70/><N who="0" m="27242" /><D111/><N who="2" m="42506" /><F42/><W133/><G133/><T12/><D12/><U64/><E64/><V13/><F25/><W54/><G87/><T115/><D131/><U80/><E4/><V114/><F33/><W27/><G106/><T134/><D134/><U17/><E17/><V51/><F51/><W116/><G116/><T14/><D14/><U9/><E9/><N who="2" m="6191" /><F114/><W62/><G47/><N who="0" m="23943" /><D115/><U82/><E84/><V49/><F49/><AGARI ba="0,0" hai="43,45,46,48,49,53,80,82,93,97,103" m="17671" machi="49" ten="30,1000,0" yaku="8,1" doraHai="71" who="1" fromWho="2" sc="229,0,321,10,254,-10,196,0" owari="229,-17.1,331,43.1,244,4.4,196,-30.4" /></mjloggm>