<mjloggm ver="2.3"><GO type="225" lobby="0"/><UN n0="%E3%81%99%E3%81%84%E3%81%BE%E3%81%9B%E3%83%BC%E3%82%93" n1="%E3%82%B2%E3%82%B9%E8%8C%82%E5%8B%9D" n2="%E8%90%A9%E5%8E%9F%E9%9B%AA%E6%AD%A9" n3="%E3%82%BF%E3%83%BC%E3%83%90%E3%83%B3%E9%87%8E%E5%8F%A3" dan="17,16,16,16" rate="2242.94,2087.25,2120.20,2129.40" sx="M,F,F,M"/><TAIKYOKU oya="0"/><INIT seed="0,0,0,2,5,24" ten="250,250,250,250" oya="0" hai0="3,39,123,33,82,101,78,16,112,42,29,19,131" hai1="64,133,48,65,68,47,118,127,77,62,76,98,116" hai2="37,5,135,102,8,84,108,17,96,114,6,55,71" hai3="92,124,126,95,100,117,88,74,130,132,28,12,13"/><T18/><D112/><U61/><E127/><N who="3" m="48682" /><G117/><T83/><D123/><U26/><E133/><V63/><F37/><W106/><G74/><T2/><D131/><U75/><E98/><V129/><F114/><W119/><G119/><T44/><D101/><U40/><E77/><V4/><F108/><W134/><G106/><T51/><D39/><U81/><REACH who="1" step="1"/><E26/><REACH who="1" ten="250,240,250,250" step="2"/><V34/><F135/><N who="3" m="51755" /><G130/><T107/><D107/><U49/><E49/><V91/><F129/><W93/><G100/><T32/><D78/><U43/><E43/><V1/><F96/><W23/><G88/><T109/><D109/><U60/><E60/><V25/><F102/><W94/><N who="3" m="23552" /><DORA hai="30" /><W111/><G111/><T97/><D97/><U115/><E115/><V67/><F91/><W38/><G38/><T80/><REACH who="0" step="1"/><D29/><REACH who="0" ten="240,240,250,250" step="2"/><U45/><E45/><V73/><F73/><W31/><G31/><T46/><D46/><U113/><E113/><V11/><F84/><W120/><G120/><T56/><D56/><AGARI ba="0,2" hai="40,47,48,56,61,62,64,65,68,75,76,81,116,118" machi="56" ten="30,2000,0" yaku="1,1,7,1,53,0" doraHai="24,30" doraHaiUra="27,103" who="1" fromWho="0" sc="240,-20,240,40,250,0,250,0" /><INIT seed="1,0,0,5,1,17" ten="220,280,250,250" oya="1" hai0="111,79,2,76,29,28,43,113,68,62,8,36,108" hai1="94,72,49,63,70,1,58,48,18,0,125,84,66" hai2="87,12,131,107,86,88,122,21,83,40,109,10,59" hai3="112,30,23,31,52,93,51,64,74,37,118,126,134"/><U71/><E125/><V61/><F122/><W22/><G112/><T106/><D113/><U13/><E72/><V60/><F107/><W6/><G37/><T117/><D117/><U9/><E48/><V20/><F109/><N who="0" m="42058" /><D106/><U3/><REACH who="1" step="1"/><E49/><REACH who="1" ten="220,270,250,250" step="2"/><V35/><F131/><W105/><G74/><T127/><D127/><U101/><E101/><V132/><F132/><W7/><G126/><T45/><D36/><U104/><E104/><V90/><F35/><W57/><G105/><T56/><D43/><U11/><E11/><V91/><F40/><W114/><G114/><T16/><D45/><U129/><E129/><V65/><F60/><N who="3" m="35879" /><G118/><T42/><D42/><U73/><E73/><V115/><F115/><W103/><G134/><T116/><D116/><U99/><E99/><V135/><F135/><W96/><G51/><T39/><D39/><U46/><E46/><V38/><F38/><W100/><G103/><T81/><D62/><U24/><E24/><V124/><F124/><W95/><G100/><T80/><D8/><U130/><E130/><V50/><F50/><W55/><G96/><T69/><D79/><U75/><E75/><V102/><F102/><W67/><G64/><T5/><D76/><U133/><E133/><V123/><F123/><W98/><G67/><T110/><D110/><U82/><E82/><N who="2" m="49239" /><F91/><AGARI ba="0,1" hai="0,1,3,9,13,18,58,63,66,70,71,84,91,94" machi="91" ten="40,2000,0" yaku="1,1,53,0" doraHai="17" doraHaiUra="78" who="1" fromWho="2" sc="220,0,270,30,250,-20,250,0" /><INIT seed="1,1,0,4,0,81" ten="220,300,230,250" oya="1" hai0="96,135,38,111,47,33,48,124,5,110,87,99,16" hai1="41,88,62,104,90,106,7,102,121,95,46,27,114" hai2="36,50,30,63,98,112,67,17,28,117,9,29,80" hai3="116,44,37,20,74,120,68,134,23,92,31,123,131"/><U105/><E114/><V84/><F117/><W11/><G92/><T21/><D124/><U22/><E121/><V19/><F36/><W128/><G44/><T13/><D135/><U25/><E7/><V78/><F112/><W40/><G40/><T103/><D38/><U10/><E10/><V56/><F98/><W115/><G31/><T45/><D33/><U94/><E62/><V64/><F64/><W8/><G74/><T42/><D5/><U71/><E71/><V122/><F122/><W60/><G37/><N who="0" m="21711" /><D87/><U2/><E2/><V12/><REACH who="2" step="1"/><F50/><REACH who="2" ten="220,300,220,250" step="2"/><W15/><G116/><T97/><D97/><U35/><E104/><V126/><F126/><W86/><G115/><T65/><D65/><U51/><E105/><V83/><F83/><W109/><G123/><T70/><D70/><U75/><E106/><V85/><F85/><W91/><G68/><T119/><D119/><U14/><E75/><V113/><F113/><W3/><G120/><T26/><D99/><U82/><E82/><V0/><F0/><W101/><G3/><T72/><D72/><U4/><E94/><V34/><F34/><W125/><G86/><T76/><D96/><U24/><E95/><V129/><F129/><W52/><G125/><T66/><D66/><U55/><E35/><V108/><F108/><W118/><G128/><T79/><D111/><U127/><E127/><V57/><F57/><W49/><G131/><T53/><D110/><U133/><E133/><V73/><F73/><W132/><G109/><T59/><D59/><U69/><E69/><V107/><F107/><W89/><G118/><RYUUKYOKU ba="1,1" sc="220,-10,300,-10,220,30,250,-10" hai2="9,12,17,19,28,29,30,56,63,67,78,80,84" /><INIT seed="2,2,1,3,4,118" ten="210,290,250,240" oya="2" hai0="37,79,49,73,103,34,96,56,66,101,126,86,44" hai1="26,31,135,51,83,133,5,113,127,19,13,120,14" hai2="76,30,104,102,67,41,93,78,81,124,12,99,21" hai3="117,2,97,9,6,55,119,108,60,122,32,69,57"/><V0/><F0/><W20/><G32/><T7/><D126/><U36/><E36/><V100/><F124/><W8/><G108/><T95/><D34/><U109/><E109/><V53/><F41/><W40/><G122/><T42/><D73/><U15/><E113/><V110/><F110/><W71/><G40/><T106/><D7/><U47/><E127/><V89/><F67/><W46/><G46/><T94/><D103/><U105/><E105/><V112/><F112/><W35/><G35/><T115/><D115/><U61/><E61/><V29/><F104/><W72/><G72/><T64/><D64/><U25/><E120/><V65/><F65/><W54/><G54/><T90/><D79/><N who="2" m="30250" /><F53/><W123/><G123/><T77/><D77/><U75/><E5/><V18/><F102/><W38/><G38/><T129/><D129/><U22/><E75/><V132/><F132/><N who="1" m="50761" /><E83/><V131/><F131/><W39/><G39/><T130/><D130/><U111/><E111/><V50/><F50/><W85/><G117/><T3/><D3/><U17/><E25/><V11/><F11/><W27/><G8/><T128/><D128/><U1/><E1/><V134/><F134/><W58/><G119/><T48/><REACH who="0" step="1"/><D106/><REACH who="0" ten="200,290,250,240" step="2"/><U87/><E87/><AGARI ba="2,2" hai="12,18,21,29,30,81,87,89,93,99,100" m="30250" machi="87" ten="30,1500,0" yaku="8,1" doraHai="118" who="2" fromWho="1" sc="200,0,290,-21,250,41,240,0" /><INIT seed="2,3,0,3,2,4" ten="200,269,291,240" oya="2" hai0="81,71,96,113,118,23,50,101,11,31,125,98,53" hai1="85,76,108,84,68,47,21,95,62,36,29,110,83" hai2="54,63,124,128,52,120,30,6,59,33,3,57,130" hai3="72,99,126,27,115,94,65,74,67,5,28,73,80"/><V12/><F120/><W64/><G126/><T19/><D113/><U38/><E68/><V69/><F3/><W100/><G115/><T0/><D71/><U77/><E62/><V8/><F124/><W41/><G41/><T22/><D125/><U122/><E122/><V107/><F107/><W15/><G80/><T17/><D118/><U121/><E121/><V58/><F69/><W70/><G70/><T24/><D81/><U39/><E47/><V78/><F78/><W25/><REACH who="3" step="1"/><G28/><REACH who="3" ten="200,269,291,230" step="2"/><T7/><D31/><U16/><E29/><V116/><F30/><W2/><G2/><T45/><REACH who="0" step="1"/><D101/><REACH who="0" ten="190,269,291,230" step="2"/><U1/><E83/><V112/><F112/><W44/><G44/><T18/><D18/><U129/><E16/><V103/><F103/><W13/><G13/><AGARI ba="3,2" hai="0,7,11,13,17,19,22,23,24,45,50,53,96,98" machi="13" ten="30,3900,0" yaku="1,1,7,1,52,1,53,0" doraHai="4" doraHaiUra="104" who="0" fromWho="3" sc="190,68,269,0,291,0,230,-48" /><INIT seed="3,0,0,5,5,116" ten="258,269,291,182" oya="3" hai0="114,66,7,91,108,112,105,69,79,52,124,1,132" hai1="3,96,62,13,21,118,19,51,110,115,72,119,85" hai2="10,122,135,23,94,58,2,97,65,100,88,126,57" hai3="76,30,98,63,82,127,121,54,49,11,117,131,22"/><W129/><G117/><N who="1" m="44554" /><E110/><V109/><F109/><W92/><G127/><T134/><D108/><U33/><E72/><V31/><F135/><W56/><G11/><T38/><D38/><U40/><E3/><V64/><F126/><W101/><G121/><T71/><D105/><U18/><E33/><V113/><F113/><W46/><G30/><T48/><D124/><U37/><E37/><V26/><F122/><W42/><REACH who="3" step="1"/><G22/><REACH who="3" ten="258,269,291,172" step="2"/><T67/><D114/><U133/><E115/><V77/><F10/><W59/><G59/><T81/><D112/><U41/><E133/><V15/><F57/><W78/><G78/><T130/><D134/><U17/><E21/><V45/><F77/><W89/><G89/><T35/><D132/><U0/><E19/><V123/><F123/><W24/><G24/><T16/><D16/><U20/><E18/><V75/><F58/><W99/><G99/><T47/><D79/><U55/><E96/><V120/><F120/><W28/><G28/><T36/><D91/><U39/><E20/><V60/><F88/><W103/><G103/><T90/><D90/><U95/><E17/><V84/><F100/><W74/><AGARI ba="0,1" hai="42,46,49,54,56,63,74,76,82,92,98,101,129,131" machi="74" ten="30,6000,0" yaku="1,1,0,1,53,1" doraHai="116" doraHaiUra="104" who="3" fromWho="3" sc="258,-20,269,-20,291,-20,172,70" /><INIT seed="3,1,0,3,0,50" ten="238,249,271,242" oya="3" hai0="16,106,43,32,23,21,33,18,125,86,29,13,17" hai1="31,24,91,132,112,92,93,114,0,113,123,104,27" hai2="12,77,116,10,87,41,67,82,80,28,100,97,64" hai3="124,85,75,88,108,66,36,69,19,103,61,99,25"/><W63/><G36/><T118/><D106/><U46/><E123/><V89/><F116/><W26/><G75/><T107/><D107/><U68/><E104/><V11/><F28/><W133/><G133/><T15/><D43/><U48/><E68/><V110/><F110/><W55/><G124/><T52/><D118/><U74/><E132/><V129/><F129/><W79/><G79/><T9/><D125/><U3/><E74/><V96/><F41/><W70/><G108/><T117/><D117/><U131/><E131/><V71/><F71/><W98/><G19/><T94/><D52/><U57/><E57/><V73/><F73/><W105/><G99/><T42/><D42/><U20/><E24/><V59/><F59/><W1/><G1/><T90/><D29/><U49/><E49/><V22/><F22/><W34/><G34/><T127/><D127/><U40/><REACH who="1" step="1"/><E93/><REACH who="1" ten="238,239,271,242" step="2"/><V65/><F82/><W60/><G70/><T8/><D8/><U122/><E122/><V128/><F11/><W58/><G63/><T130/><D130/><U6/><E6/><V54/><F128/><W76/><G76/><T102/><D9/><U111/><E111/><V121/><F77/><W37/><G37/><T5/><D5/><U38/><E38/><V56/><F121/><W120/><G120/><T35/><D94/><AGARI ba="1,1" hai="25,26,55,58,60,61,66,69,85,88,94,98,103,105" machi="94" ten="30,5800,0" yaku="7,1,52,1,54,1" doraHai="50" who="3" fromWho="0" sc="238,-61,239,0,271,0,242,71" owari="177,-32.3,239,-16.1,271,7.1,313,41.3" /></mjloggm>