<mjloggm ver="2.3"><GO type="225" lobby="0"/><UN n0="%4E%49%4A%49%49%52%4F" n1="%E7%99%BD%E6%97%A5%E9%9B%AA%E8%8F%9C" n2="%E3%81%B5%E3%81%98%E3%81%8B%E3%81%A4" n3="%E5%A4%9C%E5%85%89%E5%A4%A9%E6%A5%BC" dan="17,17,17,17" rate="2251.63,2215.48,2224.88,2174.28" sx="M,M,M,M"/><TAIKYOKU oya="0"/><INIT seed="0,0,0,1,1,44" ten="250,250,250,250" oya="0" hai0="87,104,50,29,22,66,100,120,12,23,135,131,6" hai1="113,98,76,88,54,123,128,65,47,99,60,30,72" hai2="35,2,24,25,51,14,62,67,114,125,28,26,7" hai3="82,97,90,109,101,11,52,49,126,119,27,92,16"/><T74/><D120/><U81/><E123/><V73/><F114/><W110/><G119/><T127/><D74/><U64/><E128/><V34/><F73/><W5/><G126/><T13/><D127/><U89/><E113/><V95/><F125/><W56/><G82/><T40/><D131/><U80/><E30/><V68/><F35/><W91/><G27/><T102/><D66/><U43/><E54/><V20/><F95/><W78/><G78/><T107/><D87/><U86/><E89/><V33/><F33/><W79/><G79/><T39/><D39/><U111/><E111/><N who="3" m="42506" /><G16/><T105/><D135/><U3/><E3/><AGARI ba="0,0" hai="3,5,11,49,52,56,90,91,92,97,101" m="42506" machi="3" ten="30,3900,0" yaku="14,1,52,1,54,1" doraHai="44" who="3" fromWho="1" sc="250,0,250,-39,250,0,250,39" /><INIT seed="1,0,0,5,0,50" ten="250,211,250,289" oya="1" hai0="80,91,98,81,62,66,101,96,108,125,45,92,130" hai1="60,109,33,76,68,122,106,124,5,123,126,24,104" hai2="132,79,128,77,59,21,46,2,30,55,54,70,113" hai3="86,134,87,120,74,8,56,121,0,105,90,95,43"/><U3/><E76/><N who="2" m="29259" /><F70/><W61/><G74/><T26/><D130/><U25/><E60/><N who="2" m="35959" /><F2/><W48/><G105/><N who="1" m="40554" /><E68/><V129/><F113/><W41/><G120/><N who="1" m="46122" /><E109/><V14/><F132/><W13/><G134/><T97/><D108/><U19/><E19/><N who="2" m="10487" /><F30/><W9/><G121/><T49/><D125/><N who="1" m="48235" /><E33/><V32/><F32/><W119/><G61/><T42/><D26/><N who="1" m="10347" /><E3/><V16/><F16/><N who="3" m="8231" /><G0/><T44/><D44/><U103/><E5/><V23/><F23/><W110/><G110/><T39/><D96/><U100/><AGARI ba="0,0" hai="100,103" m="10347,48235,46122,40554" machi="100" ten="40,7800,0" yaku="28,2,18,1" doraHai="50" who="1" fromWho="1" sc="250,-26,211,78,250,-26,289,-26" /><INIT seed="1,1,0,1,0,37" ten="224,289,224,263" oya="1" hai0="51,3,111,49,23,71,18,81,4,124,86,135,74" hai1="60,26,108,28,34,95,58,29,1,78,30,127,85" hai2="47,126,45,35,117,125,10,107,64,72,21,32,119" hai3="25,88,83,9,106,2,63,39,33,24,36,5,97"/><U121/><E121/><V115/><F64/><W101/><G25/><T6/><D74/><U53/><E1/><V38/><F72/><W116/><G116/><N who="2" m="44617" /><F21/><W67/><G83/><T54/><D111/><U84/><E127/><N who="2" m="48651" /><F107/><W130/><G88/><N who="0" m="51279" /><D71/><U40/><E108/><V132/><F10/><W14/><G14/><T15/><D3/><U110/><E110/><V91/><F132/><W99/><G99/><T103/><D135/><U48/><E78/><V7/><F7/><N who="0" m="2602" /><D124/><U66/><E95/><V8/><F8/><W76/><G76/><T73/><D73/><U27/><E34/><N who="2" m="12843" /><F115/><W17/><G17/><T105/><D105/><U90/><E66/><V19/><F19/><W89/><G89/><T102/><D51/><U61/><E90/><V123/><F123/><W70/><G130/><T43/><D103/><U52/><E30/><AGARI ba="1,0" hai="2,5,9,24,30,33,36,39,63,67,70,97,101,106" machi="30" ten="40,8000,1" yaku="25,2,33,3" doraHai="37" who="3" fromWho="1" sc="224,0,289,-83,224,0,263,83" /><INIT seed="2,0,0,5,0,114" ten="224,206,224,346" oya="2" hai0="20,132,9,7,120,32,54,65,18,62,109,33,76" hai1="110,46,56,94,6,61,44,84,47,22,30,2,112" hai2="23,121,57,130,3,103,53,88,25,71,29,10,66" hai3="50,127,74,17,116,117,58,42,126,27,12,36,119"/><V91/><F121/><W104/><G74/><T13/><D109/><U1/><E112/><V68/><F130/><W63/><G104/><T115/><D115/><U135/><E110/><V87/><F103/><W102/><G102/><T85/><D132/><U86/><E135/><V90/><F66/><N who="3" m="39287" /><G27/><T101/><D120/><U95/><E6/><V80/><F3/><W69/><G36/><T98/><D54/><U78/><E1/><V73/><F73/><W93/><G93/><N who="1" m="35338" /><E2/><V26/><F10/><W83/><G83/><T43/><D43/><U15/><E78/><V0/><F0/><W99/><G99/><T45/><D45/><N who="1" m="11523" /><U100/><DORA hai="97" /><E100/><V134/><F134/><W92/><G69/><T37/><D37/><U77/><E77/><N who="2" m="46479" /><F71/><W122/><G122/><T118/><D76/><U4/><E4/><V55/><F68/><W125/><G92/><T82/><D82/><U16/><E30/><N who="2" m="17727" /><F57/><W38/><G38/><T41/><D32/><U128/><E128/><V96/><F96/><W51/><G42/><T40/><D41/><U67/><AGARI ba="0,0" hai="15,16,22,56,61,67,84,86" m="11523,35338" machi="67" ten="40,2700,0" yaku="8,1,54,1" doraHai="114,97" who="1" fromWho="1" sc="224,-7,206,27,224,-13,346,-7" /><INIT seed="3,0,0,0,0,99" ten="217,233,211,339" oya="3" hai0="4,66,93,112,0,135,52,51,79,81,114,36,45" hai1="43,117,72,46,31,21,80,14,30,134,108,7,90" hai2="110,132,130,55,29,57,63,26,39,47,48,40,44" hai3="104,12,107,84,97,133,18,75,67,91,106,27,34"/><W19/><G67/><T32/><D32/><U59/><E108/><V121/><F110/><W17/><G75/><T65/><D135/><U5/><E134/><V53/><F132/><W92/><G133/><T1/><D36/><U120/><E120/><V58/><F121/><W42/><G42/><T70/><D93/><U123/><E123/><V82/><F130/><W86/><G12/><T35/><D35/><U61/><E72/><V37/><F82/><W127/><G127/><T78/><D78/><U62/><E62/><N who="2" m="36143" /><F26/><W9/><G9/><N who="0" m="2183" /><D1/><U95/><E80/><V122/><F29/><W103/><G86/><N who="0" m="48447" /><D70/><U50/><E31/><V22/><F22/><W83/><G34/><T64/><D64/><N who="1" m="38975" /><E117/><V68/><F122/><W41/><G106/><T11/><D11/><U74/><E74/><V38/><F68/><W77/><G107/><T24/><D24/><N who="1" m="16655" /><E14/><V111/><F111/><W2/><G2/><T3/><D3/><U20/><E20/><V71/><F71/><W13/><G27/><T115/><AGARI ba="0,0" hai="45,51,52,65,66,112,114,115" m="48447,2183" machi="115" ten="30,2000,0" yaku="11,1,54,1" doraHai="99" who="0" fromWho="0" sc="217,20,233,-5,211,-5,339,-10" owari="237,3.7,228,-17.2,206,-29.4,329,42.9" /></mjloggm>