<mjloggm ver="2.3"><GO type="225" lobby="0"/><UN n0="%6D%75%75%73%61%6E%6D%75" n1="%E4%B8%89%E5%88%86%E5%B0%8F%E5%83%A7" n2="%E9%B3%B3%E6%9D%B1%E3%81%AE%E3%81%86%E3%81%95%E3%81%8E%E3%81%95%E3%82%93" n3="%E3%83%AC%E3%82%A4%E3%83%88%E3%83%B3%E5%87%86%E6%95%99%E6%8E%88" dan="17,16,17,18" rate="2155.72,2088.39,2222.04,2249.83" sx="F,M,M,M"/><TAIKYOKU oya="0"/><INIT seed="0,0,0,4,0,79" ten="250,250,250,250" oya="0" hai0="118,122,41,52,14,36,57,124,110,13,108,26,20" hai1="132,0,120,66,40,125,131,68,76,121,29,50,6" hai2="48,74,67,117,44,7,130,105,23,71,80,53,37" hai3="88,104,115,83,64,107,8,45,19,11,73,106,62"/><T4/><D118/><U134/><E76/><V87/><F117/><W1/><G115/><T133/><D122/><N who="1" m="47211" /><E29/><V2/><F130/><W58/><G73/><T30/><D124/><U94/><E94/><V70/><F105/><W96/><G1/><T97/><D133/><N who="1" m="51307" /><E6/><V49/><F37/><W33/><G33/><T24/><D4/><U9/><E9/><V39/><F39/><W42/><G19/><T55/><D97/><U98/><E98/><V69/><F74/><W56/><G56/><T10/><D24/><U27/><E27/><V82/><F67/><W28/><G28/><T63/><D10/><U129/><E0/><V18/><F87/><W35/><G35/><T126/><D126/><U135/><E125/><V61/><F61/><W46/><G46/><T16/><D30/><U95/><E95/><V5/><F5/><W128/><G128/><N who="1" m="49226" /><E135/><V51/><F7/><W85/><REACH who="3" step="1"/><G96/><REACH who="3" ten="250,250,250,240" step="2"/><T114/><D114/><U54/><E40/><V78/><F2/><W100/><G100/><T59/><D14/><U65/><E68/><V81/><REACH who="2" step="1"/><F78/><REACH who="2" ten="250,250,240,240" step="2"/><W90/><G90/><T92/><D13/><AGARI ba="0,2" hai="13,18,23,44,48,49,51,53,69,70,71,80,81,82" machi="13" ten="50,8000,1" yaku="1,1,2,1,52,3,53,0" doraHai="79" doraHaiUra="72" who="2" fromWho="0" sc="250,-80,250,0,240,100,240,0" /><INIT seed="1,0,0,0,1,44" ten="170,250,340,240" oya="1" hai0="122,69,50,68,66,130,15,82,29,116,35,43,19" hai1="110,3,65,102,118,111,26,84,107,101,131,87,54" hai2="53,77,93,57,135,7,46,123,98,17,38,106,91" hai3="108,20,113,129,13,96,80,51,78,28,94,88,49"/><U89/><E3/><V85/><F123/><W47/><G113/><T79/><D116/><U86/><E65/><V4/><F135/><W75/><G108/><N who="1" m="41514" /><E26/><V5/><F17/><W23/><G129/><T115/><D130/><U8/><E8/><V55/><F106/><W16/><REACH who="3" step="1"/><G47/><REACH who="3" ten="170,250,340,230" step="2"/><T36/><D115/><U63/><E131/><V31/><F46/><W64/><G64/><T45/><D122/><U34/><E118/><V61/><F53/><W105/><G105/><T120/><D120/><U27/><E107/><V126/><F55/><W18/><G18/><T25/><D66/><U95/><E54/><V11/><F4/><W70/><G70/><T67/><D67/><U104/><E104/><V52/><F5/><W97/><G97/><T1/><D1/><U92/><E63/><V24/><F98/><W128/><G128/><T9/><REACH who="0" step="1"/><D36/><REACH who="0" ten="160,250,340,230" step="2"/><U10/><E101/><V132/><F38/><W103/><G103/><T125/><D125/><U127/><E102/><V99/><F126/><W48/><G48/><T58/><D58/><U40/><E127/><V72/><F57/><W117/><G117/><T121/><D121/><U42/><E89/><V39/><F91/><W119/><G119/><T21/><D21/><U56/><E56/><V60/><F60/><W32/><G32/><T59/><D59/><U62/><E34/><V133/><F61/><W81/><G81/><T71/><D71/><U109/><E62/><V73/><F39/><W83/><G83/><T74/><AGARI ba="0,2" hai="9,15,19,25,29,35,43,45,50,68,69,74,79,82" machi="74" ten="20,5200,0" yaku="1,1,0,1,7,1,52,1,53,0" doraHai="44" doraHaiUra="124" who="0" fromWho="0" sc="160,72,250,-26,340,-13,230,-13" /><INIT seed="2,0,0,5,1,4" ten="232,224,327,217" oya="2" hai0="66,39,65,135,23,120,101,118,82,33,8,32,51" hai1="108,6,75,47,106,105,34,48,134,111,77,97,30" hai2="58,121,133,10,103,2,79,20,76,126,59,74,54" hai3="57,90,85,116,89,125,67,92,42,50,124,13,98"/><V100/><F121/><W17/><G116/><T68/><D39/><U71/><E71/><V46/><F133/><W81/><G42/><T41/><D120/><U93/><E134/><V5/><F126/><W53/><REACH who="3" step="1"/><G67/><REACH who="3" ten="232,224,327,207" step="2"/><T37/><D118/><U3/><E108/><V91/><F54/><W21/><AGARI ba="0,1" hai="13,17,21,50,53,57,81,85,89,90,92,98,124,125" machi="21" ten="30,4000,0" yaku="1,1,2,1,0,1,53,0" doraHai="4" doraHaiUra="24" who="3" fromWho="3" sc="232,-10,224,-10,327,-20,207,50" /><INIT seed="3,0,0,0,2,115" ten="222,214,307,257" oya="3" hai0="84,102,18,62,99,100,75,58,43,2,10,107,14" hai1="65,80,124,119,95,135,24,5,52,22,85,63,28" hai2="118,113,50,6,103,127,15,41,112,9,66,120,109" hai3="34,116,105,69,36,42,39,132,104,87,31,27,70"/><W30/><G116/><T106/><D75/><U97/><E124/><V21/><F118/><W134/><G30/><T61/><D2/><U59/><E135/><N who="3" m="51754" /><G87/><T7/><D43/><U53/><E5/><V121/><F127/><W111/><G111/><T40/><D40/><U83/><E119/><V35/><F35/><W56/><G56/><T89/><D7/><U101/><REACH who="1" step="1"/><E83/><REACH who="1" ten="222,204,307,257" step="2"/><V38/><F6/><W71/><G36/><T98/><D58/><U88/><AGARI ba="0,1" hai="22,24,28,52,53,59,63,65,80,85,88,95,97,101" machi="88" ten="20,16000,3" yaku="1,1,2,1,0,1,7,1,25,2,8,1,54,2,53,0" doraHai="115" doraHaiUra="131" who="1" fromWho="1" sc="222,-40,204,170,307,-40,257,-80" owari="182,-21.8,374,47.4,267,6.7,177,-32.3" /></mjloggm>