<mjloggm ver="2.3"><GO type="225" lobby="0"/><UN n0="%E8%BE%9B%E5%8F%A3%E3%82%AB%E3%83%AC%E3%83%BC%E3%83%A9%E3%82%A4%E3%82%B9" n1="%E3%81%82%E3%81%99%E3%81%AB%E3%82%83%E3%82%80" n2="%E7%89%B9%E6%9D%B1%E3%81%AF%E4%B8%96%E7%95%8C%E3%82%92%E6%95%91%E3%81%86" n3="%6D%75%75%6D%75%72%61" dan="16,16,16,17" rate="2130.52,2066.71,2177.58,2203.04" sx="M,F,M,F"/><TAIKYOKU oya="0"/><INIT seed="0,0,0,2,1,8" ten="250,250,250,250" oya="0" hai0="28,17,99,68,18,31,112,64,102,131,104,6,35" hai1="11,22,133,129,90,45,51,92,60,115,42,53,49" hai2="120,9,89,81,23,37,95,50,77,72,19,13,110" hai3="103,63,69,41,74,135,46,79,130,124,56,96,40"/><T4/><D112/><U66/><E115/><V14/><F110/><W134/><G69/><T16/><D131/><U101/><E129/><V67/><F37/><W59/><G130/><T58/><D58/><N who="1" m="37143" /><E133/><N who="3" m="50698" /><G124/><T44/><D44/><U111/><E111/><V107/><F107/><N who="3" m="63975" /><G63/><N who="0" m="39967" /><D31/><U93/><E101/><V82/><F67/><W113/><G113/><T25/><AGARI ba="0,0" hai="4,6,16,17,18,25,28,35,99,102,104" m="39967" machi="25" ten="30,3000,0" yaku="25,1,54,1" doraHai="8" who="0" fromWho="0" sc="250,30,250,-10,250,-10,250,-10" /><INIT seed="0,1,0,5,4,114" ten="280,240,240,240" oya="0" hai0="112,74,32,90,111,3,87,34,5,42,43,19,12" hai1="8,94,81,31,52,98,62,27,123,105,58,110,16" hai2="54,108,15,78,126,22,113,96,20,13,46,44,64" hai3="97,56,35,9,68,73,60,77,127,1,14,10,28"/><T72/><D112/><U117/><E123/><V6/><F113/><W83/><G68/><T75/><D3/><U4/><E105/><V89/><F108/><W99/><G127/><T38/><D5/><U100/><E110/><V115/><F115/><W130/><G130/><T21/><D111/><U65/><E117/><V102/><F126/><W101/><G35/><T61/><D61/><U124/><E124/><V30/><F64/><W11/><G28/><T122/><D122/><U118/><E118/><V129/><F78/><W59/><G1/><T24/><D38/><U91/><E4/><V69/><F69/><W119/><G119/><T51/><D51/><U82/><E100/><V49/><F89/><W37/><G37/><T70/><D70/><U135/><E135/><V67/><F67/><W18/><G97/><T132/><D132/><U134/><E65/><V2/><F129/><W106/><REACH who="3" step="1"/><G56/><REACH who="3" ten="280,240,240,230" step="2"/><T17/><D32/><U71/><E71/><V25/><F96/><W120/><G120/><T57/><D57/><U23/><E134/><V116/><F116/><W80/><G80/><T86/><D34/><U104/><E104/><V103/><F2/><W41/><G41/><T7/><D43/><U79/><E79/><V92/><F30/><W36/><G36/><T39/><D42/><U66/><E66/><AGARI ba="1,1" hai="9,10,11,14,18,59,60,66,73,77,83,99,101,106" machi="66" ten="30,3900,0" yaku="1,1,7,1,53,1" doraHai="114" doraHaiUra="63" who="3" fromWho="1" sc="280,0,240,-42,240,0,230,52" /><INIT seed="1,0,0,1,3,71" ten="280,198,240,282" oya="1" hai0="88,76,124,13,56,43,83,55,86,37,40,98,23" hai1="79,134,9,62,61,105,20,32,125,72,39,130,74" hai2="34,36,127,131,59,119,47,30,81,73,6,101,33" hai3="112,78,4,118,94,51,7,19,8,17,65,133,107"/><U85/><E32/><V77/><F119/><W89/><G107/><T3/><D3/><U120/><E120/><V117/><F117/><W50/><G118/><T16/><D37/><U63/><E105/><V58/><F101/><W14/><G112/><T113/><D124/><U82/><E125/><V108/><F127/><W53/><G133/><T44/><D44/><U57/><E134/><V80/><F108/><W60/><G78/><T70/><D70/><U110/><E110/><V22/><F80/><W135/><G135/><T102/><D113/><U93/><E130/><V25/><F131/><W11/><G65/><T12/><D12/><U132/><E132/><V46/><F46/><W26/><G60/><T106/><REACH who="0" step="1"/><D76/><REACH who="0" ten="270,198,240,282" step="2"/><U1/><E39/><V99/><F47/><W52/><G14/><T84/><D84/><U42/><E42/><V5/><F77/><W87/><G87/><T128/><D128/><U18/><E57/><V0/><F36/><W29/><G4/><T45/><D45/><U31/><E1/><V116/><F5/><W67/><G7/><T114/><D114/><U109/><E109/><V96/><F116/><W68/><G68/><T35/><D35/><N who="2" m="13322" /><F6/><W48/><G8/><T49/><AGARI ba="0,1" hai="13,16,23,40,43,49,55,56,83,86,88,98,102,106" machi="49" ten="20,8000,1" yaku="1,1,0,1,7,1,54,2,53,0" doraHai="71" doraHaiUra="104" who="0" fromWho="0" sc="270,90,198,-40,240,-20,282,-20" /><INIT seed="2,0,0,3,5,119" ten="360,158,220,262" oya="2" hai0="93,67,52,115,64,58,126,76,17,9,110,15,129" hai1="102,61,62,51,22,87,109,72,81,66,112,27,50" hai2="14,53,79,30,113,92,97,91,48,106,36,11,3" hai3="101,132,63,94,125,74,2,32,135,24,41,1,19"/><V13/><F36/><W31/><G74/><T26/><D115/><U40/><E109/><V12/><F113/><W69/><G125/><T96/><D110/><U128/><E112/><V122/><F106/><W16/><G41/><T7/><D126/><U104/><E128/><V38/><F38/><W37/><G37/><T78/><D129/><U49/><E72/><V25/><F79/><N who="0" m="30250" /><D26/><U54/><E40/><V18/><F3/><N who="3" m="1035" /><G94/><T29/><D29/><U77/><E104/><V59/><REACH who="2" step="1"/><F122/><REACH who="2" ten="360,158,210,262" step="2"/><W84/><G132/><T56/><D7/><U134/><E134/><V42/><F42/><W35/><G135/><T46/><D46/><U118/><E118/><V55/><F55/><W123/><G123/><T0/><D0/><U105/><E54/><V116/><F116/><W121/><G121/><T6/><D6/><U90/><E66/><N who="0" m="25129" /><D52/><U85/><E105/><V34/><AGARI ba="0,1" hai="11,12,13,14,18,25,30,34,48,53,59,91,92,97" machi="34" ten="20,3900,0" yaku="1,1,0,1,7,1,53,0" doraHai="119" doraHaiUra="33" who="2" fromWho="2" sc="360,-13,158,-13,210,49,262,-13" /><INIT seed="2,1,0,5,5,50" ten="347,145,259,249" oya="2" hai0="47,32,80,123,46,118,40,24,127,13,94,119,48" hai1="18,33,1,5,59,85,55,73,45,16,135,60,104" hai2="63,17,2,53,44,31,14,11,129,20,84,128,106" hai3="6,126,57,38,0,88,69,61,82,15,25,62,79"/><V97/><F84/><W36/><G0/><T122/><D127/><U9/><E73/><V112/><F112/><W95/><G126/><T131/><D131/><N who="2" m="50250" /><F31/><W29/><G69/><T8/><D80/><U76/><E135/><V49/><F63/><W89/><G15/><T98/><D46/><U111/><E111/><V96/><F106/><W30/><G6/><AGARI ba="1,0" hai="2,6,11,14,17,20,44,49,53,96,97" m="50250" machi="6" ten="30,2900,0" yaku="19,1,52,1" doraHai="50" who="2" fromWho="3" sc="347,0,145,0,259,32,249,-32" /><INIT seed="2,2,0,2,4,100" ten="347,145,291,217" oya="2" hai0="49,58,42,57,135,37,107,40,122,65,35,74,79" hai1="73,0,26,47,119,51,95,87,121,113,85,89,127" hai2="75,13,81,115,104,23,129,91,50,70,68,24,62" hai3="117,83,132,48,92,60,55,103,71,53,45,28,94"/><V56/><F115/><W63/><G117/><T77/><D35/><U120/><E113/><V111/><F104/><W96/><G132/><T130/><D107/><U33/><E119/><V66/><F129/><W133/><G133/><T124/><D122/><U123/><E0/><V125/><F125/><W36/><G36/><T109/><D135/><U5/><E127/><V32/><F32/><W43/><G28/><T29/><D29/><U3/><E73/><V102/><F102/><W78/><G92/><T31/><D31/><U30/><E5/><V17/><F111/><W98/><G98/><T7/><D7/><U19/><E3/><V84/><F75/><W20/><G20/><T4/><D4/><U101/><E101/><V97/><F97/><W9/><G9/><T118/><D118/><U12/><E12/><V64/><F64/><W14/><G14/><T128/><D65/><U86/><REACH who="1" step="1"/><E19/><REACH who="1" ten="347,135,291,217" step="2"/><V93/><F13/><W108/><G103/><T116/><D74/><U112/><E112/><V110/><F17/><W105/><G108/><T46/><D116/><U134/><E134/><V88/><F110/><W6/><G105/><T44/><D109/><U106/><E106/><V41/><F24/><W18/><G18/><T99/><D124/><U126/><E126/><V52/><F68/><W67/><G6/><T34/><D128/><U76/><E76/><V27/><F27/><W8/><G78/><T114/><D79/><U90/><E90/><V54/><F70/><W80/><G71/><T1/><D130/><U22/><E22/><V59/><F23/><W72/><G72/><RYUUKYOKU ba="2,1" sc="347,-10,135,30,291,-10,217,-10" hai1="26,30,33,47,51,85,86,87,89,95,120,121,123" /><INIT seed="3,3,1,0,3,19" ten="337,165,281,207" oya="3" hai0="99,98,51,40,120,86,118,18,58,106,60,15,33" hai1="34,32,76,42,8,64,78,80,1,107,67,122,62" hai2="13,89,101,126,119,88,5,123,102,133,36,131,112" hai3="84,55,14,65,82,20,54,105,85,135,37,116,11"/><W24/><G116/><T69/><D118/><U26/><E122/><V53/><F36/><W3/><G3/><T49/><D120/><U75/><E78/><V83/><F119/><W128/><G105/><T12/><D33/><U104/><E67/><V6/><F123/><W29/><G37/><T132/><D69/><U22/><E42/><V66/><F112/><W111/><G128/><T109/><D109/><U10/><E32/><V87/><F131/><W70/><G111/><T41/><D132/><U61/><E61/><V30/><F133/><W121/><G121/><T38/><D86/><U7/><E10/><V77/><F126/><W73/><G135/><T21/><D12/><U103/><E103/><V127/><F127/><W59/><G73/><T90/><D106/><U9/><E9/><N who="2" m="4271" /><F6/><W31/><G70/><T46/><D90/><N who="2" m="34922" /><F66/><W74/><G74/><T92/><D92/><U25/><E25/><V44/><F30/><W94/><G31/><T0/><D0/><U56/><REACH who="1" step="1"/><E34/><REACH who="1" ten="337,155,281,207" step="2"/><V45/><F53/><W117/><G117/><T129/><D129/><U81/><E81/><V124/><F124/><W100/><G65/><N who="0" m="39063" /><D38/><U134/><E134/><V91/><F77/><W17/><G82/><T71/><D71/><U35/><E35/><V93/><F83/><W63/><G54/><T72/><D41/><U23/><E23/><V4/><F4/><W52/><G55/><T95/><D21/><U96/><E96/><AGARI ba="3,2" hai="11,14,17,20,24,29,52,59,63,84,85,94,96,100" machi="96" ten="40,7700,0" yaku="8,1,52,1,54,1" doraHai="19" who="3" fromWho="1" sc="337,0,155,-86,281,0,207,106" /><INIT seed="3,4,0,4,3,95" ten="337,69,281,313" oya="3" hai0="86,118,115,37,41,98,129,82,56,13,6,14,69" hai1="47,114,131,61,46,29,119,89,126,76,110,2,90" hai2="78,31,23,109,42,25,100,121,92,34,79,55,63" hai3="108,54,17,27,111,7,77,18,32,60,28,33,93"/><W10/><G33/><T21/><D69/><U103/><E103/><V80/><F109/><N who="3" m="42059" /><G77/><T67/><D118/><U70/><E110/><V87/><F121/><W94/><G54/><T72/><D72/><U20/><E2/><V40/><F79/><W59/><G93/><T113/><D129/><U5/><E119/><V124/><F124/><W12/><G94/><T132/><D132/><U0/><E126/><V9/><F34/><W24/><G24/><T45/><D98/><U15/><E114/><N who="0" m="43529" /><D6/><U88/><E131/><V43/><F9/><W106/><G106/><T134/><D21/><U112/><E112/><V62/><F55/><N who="3" m="33919" /><G17/><T107/><D107/><U135/><E135/><V120/><F120/><W75/><G18/><T49/><D134/><U66/><E76/><V91/><REACH who="2" step="1"/><F100/><REACH who="2" ten="337,69,271,313" step="2"/><W35/><G35/><T117/><D117/><U97/><E0/><V73/><AGARI ba="4,1" hai="23,25,31,40,42,43,62,63,73,78,80,87,91,92" machi="73" ten="30,7900,0" yaku="1,1,2,1,0,1,53,1" doraHai="95" doraHaiUra="26" who="2" fromWho="2" sc="337,-24,69,-24,271,101,313,-43" owari="313,11.3,45,-45.5,372,47.2,270,-13.0" /></mjloggm>