<mjloggm ver="2.3"><GO type="225" lobby="0"/><UN n0="%E3%81%A9%E3%82%8F%E3%82%93%E3%81%94" n1="%E5%84%AA%40%41%42%43" n2="%E6%A0%B9%E5%85%83%E3%81%8B%E3%82%89%E5%90%B9%E3%81%A3%E9%A3%9B%E3%81%B6" n3="%E6%A1%9C%E8%8A%B1%E9%96%83%E3%80%85" dan="16,18,17,17" rate="2113.90,2251.90,2228.32,2146.98" sx="M,M,F,M"/><TAIKYOKU oya="0"/><INIT seed="0,0,0,2,0,102" ten="250,250,250,250" oya="0" hai0="47,27,26,103,29,5,63,77,45,42,15,7,20" hai1="3,112,115,12,94,68,69,119,124,95,0,117,62" hai2="87,105,120,128,30,108,86,38,2,50,100,56,25" hai3="129,74,83,8,97,52,126,71,111,44,67,66,82"/><T49/><D77/><U135/><E12/><V79/><F120/><W14/><G111/><T21/><D63/><U76/><E62/><V9/><F38/><W101/><G126/><T84/><D84/><U72/><E76/><V57/><F108/><W133/><G133/><T75/><D75/><U113/><E72/><V122/><F128/><W37/><G129/><T41/><D103/><U78/><E78/><V40/><F2/><N who="1" m="553" /><E135/><V107/><F9/><W80/><G74/><T32/><D15/><U109/><E109/><V54/><F100/><W132/><G71/><N who="1" m="27210" /><E124/><V116/><F116/><AGARI ba="0,0" hai="94,95,112,113,115,116,117,119" m="27210,553" machi="116" ten="40,5200,0" yaku="28,2,11,1" doraHai="102" who="1" fromWho="2" sc="250,0,250,52,250,-52,250,0" /><INIT seed="1,0,0,3,1,16" ten="250,302,198,250" oya="1" hai0="13,122,51,81,20,76,96,28,3,132,110,117,128" hai1="56,109,97,31,29,77,40,45,78,44,80,65,103" hai2="59,38,106,87,119,93,112,94,48,17,66,118,75" hai3="92,104,39,57,90,91,22,34,23,99,85,68,0"/><U89/><E109/><V126/><F106/><W26/><G68/><T105/><D110/><U8/><E89/><V67/><F38/><W79/><G39/><T15/><D3/><U12/><E65/><V49/><F75/><W43/><G0/><T130/><D117/><U52/><E31/><V18/><F126/><W19/><G34/><T63/><D63/><U21/><E40/><V72/><F72/><W46/><G104/><T27/><D132/><U121/><E45/><V135/><F59/><W111/><G111/><T14/><D122/><U127/><E44/><V107/><F107/><W131/><G131/><N who="0" m="50219" /><D51/><N who="1" m="30751" /><E80/><V5/><F87/><W30/><G57/><T42/><D42/><U74/><E74/><V100/><F100/><N who="3" m="60519" /><G43/><T47/><D47/><U4/><E127/><V133/><REACH who="2" step="1"/><F5/><REACH who="2" ten="250,302,188,250" step="2"/><W73/><G73/><N who="0" m="43151" /><D105/><U82/><E121/><V50/><F50/><W71/><G46/><T88/><D96/><U53/><E97/><V62/><F62/><W37/><G37/><T9/><D88/><U32/><E103/><V54/><F54/><W108/><G108/><T134/><D134/><U33/><E53/><V35/><F35/><W10/><G90/><T7/><AGARI ba="0,1" hai="7,9,13,14,15,20,27,28" m="43151,50219" machi="7" ten="30,2000,0" yaku="19,1,52,1" doraHai="16" who="0" fromWho="0" sc="250,30,302,-10,188,-5,250,-5" /><INIT seed="2,0,0,5,4,132" ten="280,292,183,245" oya="2" hai0="79,1,63,59,53,39,103,56,122,46,124,29,133" hai1="6,21,66,47,81,127,88,20,85,26,23,8,104" hai2="135,7,100,125,76,91,36,110,33,61,16,70,95" hai3="49,128,121,51,71,14,130,101,18,37,58,114,111"/><V30/><F135/><W94/><G121/><T77/><D133/><U64/><E127/><V108/><F36/><W13/><G71/><T83/><D1/><U84/><E104/><V50/><F7/><W44/><G111/><N who="2" m="42537" /><F76/><W82/><G114/><T22/><D122/><U45/><E26/><N who="2" m="18647" /><F100/><W73/><G82/><T97/><D79/><U31/><E31/><V86/><F50/><W78/><G78/><T3/><D3/><U32/><E32/><V57/><F70/><W19/><G37/><T126/><D39/><U27/><E27/><V9/><F125/><N who="0" m="48234" /><D46/><N who="1" m="17419" /><E84/><V87/><F87/><W99/><G44/><T10/><D10/><U92/><E81/><V107/><F107/><W89/><G101/><T28/><D56/><U72/><E72/><V115/><F115/><W35/><G58/><T54/><D83/><U0/><E0/><V48/><F48/><W12/><G73/><T38/><D77/><U41/><E41/><V62/><F57/><W4/><G4/><T75/><D38/><U24/><E24/><V69/><F69/><W52/><G35/><T98/><D75/><U40/><E40/><V96/><F86/><W2/><G2/><T116/><D103/><U34/><E34/><V25/><F25/><W113/><G113/><T5/><D5/><U42/><E42/><V131/><F131/><N who="3" m="50219" /><G51/><T119/><D116/><U123/><E123/><V102/><F102/><W93/><G93/><T17/><D119/><U105/><E105/><V74/><F74/><W134/><G134/><T129/><D129/><U109/><E109/><V55/><F55/><W90/><G90/><RYUUKYOKU ba="0,0" sc="280,-30,292,10,183,10,245,10" hai1="6,8,20,21,23,64,66,85,88,92" hai2="9,16,61,62,91,95,96" hai3="12,13,14,18,19,49,52,89,94,99" /><INIT seed="2,1,0,3,0,125" ten="250,302,193,255" oya="2" hai0="18,132,62,127,15,16,35,64,10,116,117,94,43" hai1="122,100,30,87,1,121,111,77,51,23,74,32,47" hai2="126,95,91,118,29,96,3,69,108,38,59,27,68" hai3="133,54,67,13,2,105,120,21,135,102,50,114,46"/><V5/><F118/><N who="0" m="45674" /><D127/><U134/><E111/><V39/><F126/><W88/><G120/><N who="1" m="46186" /><E1/><V58/><F108/><W26/><G2/><T25/><D132/><N who="3" m="50761" /><G114/><T40/><D94/><U89/><E100/><V60/><F3/><W85/><G67/><T107/><D107/><U0/><E32/><V106/><F5/><W86/><G13/><N who="0" m="7223" /><D25/><U70/><E77/><V82/><F59/><W81/><G102/><T90/><D90/><U61/><E74/><V44/><F106/><W80/><G105/><T19/><D35/><U11/><E89/><V49/><F82/><N who="3" m="49207" /><G86/><T48/><D48/><U109/><E87/><V84/><F84/><W129/><G81/><T112/><D112/><U14/><E109/><V97/><F97/><W65/><G65/><T79/><D79/><U101/><E101/><V93/><F93/><W17/><G80/><T71/><D19/><U34/><E0/><V130/><F96/><W31/><G17/><T33/><D33/><U98/><E34/><V75/><F75/><W28/><G31/><T52/><D52/><N who="1" m="29823" /><E98/><V8/><F91/><W63/><G63/><T92/><D92/><U131/><E61/><V6/><F95/><W103/><G103/><T57/><D71/><N who="2" m="27210" /><F29/><W37/><G37/><T113/><D113/><U119/><E70/><V83/><F83/><W124/><G124/><T56/><D62/><U123/><E119/><V110/><F110/><W55/><G55/><T53/><D53/><U76/><E134/><V22/><F38/><W42/><G54/><T4/><D64/><U115/><E115/><V128/><F39/><W24/><G24/><RYUUKYOKU ba="1,0" sc="250,-10,302,-10,193,-10,255,30" hai3="21,26,28,42,46,50,129" /><INIT seed="3,2,0,3,5,110" ten="240,292,183,285" oya="3" hai0="77,16,62,35,134,21,61,135,11,49,72,117,58" hai1="85,1,84,17,39,125,9,34,88,15,50,124,73" hai2="129,57,4,90,53,28,54,92,116,26,121,86,3" hai3="8,64,103,51,107,114,74,23,6,105,130,45,46"/><W33/><G114/><T122/><D117/><U132/><E39/><V76/><F116/><W67/><G33/><T19/><D35/><U60/><E73/><V68/><F68/><W59/><G74/><T81/><D122/><U32/><E132/><N who="0" m="50729" /><D11/><U13/><E1/><V98/><F129/><W69/><G69/><T113/><D113/><U2/><E2/><V115/><F115/><W91/><G46/><T106/><D106/><U89/><E50/><V83/><F121/><W75/><G75/><T27/><D19/><U14/><E14/><V7/><F3/><W56/><G105/><T52/><AGARI ba="2,0" hai="16,21,27,49,52,58,61,62,72,77,81" m="50729" machi="52" ten="30,4000,0" yaku="20,1,54,2" doraHai="110" who="0" fromWho="0" sc="240,46,292,-12,183,-12,285,-22" /><INIT seed="4,0,0,1,0,73" ten="286,280,171,263" oya="0" hai0="22,47,72,83,134,68,42,123,79,130,70,87,114" hai1="96,23,112,129,59,58,30,60,75,80,84,118,71" hai2="32,106,40,91,55,29,117,10,125,33,64,81,121" hai3="99,5,34,105,9,39,18,31,126,88,111,115,98"/><T4/><D123/><U21/><E118/><V119/><F121/><W53/><G111/><T76/><D114/><U90/><E71/><V7/><F125/><W97/><G115/><T17/><D4/><U82/><E112/><V49/><F106/><W13/><G126/><T65/><D65/><U103/><E129/><V94/><F64/><W131/><G131/><T0/><D0/><U69/><E69/><V56/><F81/><W27/><G39/><T36/><D130/><U2/><E2/><V63/><F40/><W48/><G105/><T107/><D107/><U74/><E59/><V15/><F63/><W135/><G135/><T26/><D134/><U110/><E110/><V52/><F55/><W3/><G88/><T45/><D45/><U14/><E23/><V86/><REACH who="2" step="1"/><F29/><REACH who="2" ten="286,280,161,263" step="2"/><W109/><G109/><T133/><D133/><U54/><E82/><V19/><F19/><W127/><G127/><T78/><D72/><U61/><E60/><V67/><F67/><W93/><G93/><T108/><D108/><U44/><E30/><V24/><F24/><W95/><G95/><T16/><D17/><N who="1" m="10423" /><E75/><V37/><F37/><W77/><G53/><T28/><D28/><U6/><E74/><V41/><F41/><W102/><G48/><T62/><D62/><U25/><E25/><V92/><F92/><W57/><G27/><T12/><D26/><U38/><E38/><V124/><F124/><W120/><G31/><T104/><D104/><N who="1" m="63591" /><E6/><V132/><F132/><W116/><G120/><T11/><D11/><U113/><E113/><V122/><F122/><W1/><G9/><RYUUKYOKU ba="0,1" sc="286,10,280,10,161,10,263,-30" hai0="12,16,22,36,42,47,68,70,76,78,79,83,87" hai1="44,54,58,61,80,84,90" hai2="7,10,15,32,33,49,52,56,86,91,94,117,119" /><INIT seed="4,1,1,0,3,102" ten="296,290,171,233" oya="0" hai0="23,13,51,26,89,113,59,32,84,35,94,87,123" hai1="100,45,79,22,5,68,12,97,20,49,37,117,65" hai2="125,56,17,67,38,21,81,93,11,10,83,61,16" hai3="25,31,114,34,128,75,135,74,7,69,80,98,88"/><T15/><D123/><U126/><E117/><V33/><F125/><W124/><G124/><T6/><D113/><U48/><E37/><V40/><F33/><W110/><G110/><T112/><D112/><U63/><E79/><V108/><F108/><W127/><G127/><T122/><D122/><U1/><E1/><V46/><F93/><W78/><G114/><T52/><D35/><U90/><E90/><V133/><F133/><W104/><G135/><T115/><D32/><U99/><E99/><V0/><F11/><W118/><G118/><T91/><D6/><U134/><E49/><V27/><REACH who="2" step="1"/><F17/><REACH who="2" ten="296,290,161,233" step="2"/><W62/><G34/><T54/><D115/><U95/><E134/><V66/><F66/><W19/><G19/><N who="0" m="12671" /><D54/><U43/><E126/><V72/><F72/><W119/><G75/><T92/><AGARI ba="1,2" hai="13,15,51,52,59,84,87,89,91,92,94" m="12671" machi="92" ten="30,3000,0" yaku="8,1,54,1" doraHai="102" who="0" fromWho="0" sc="296,53,290,-11,161,-11,233,-11" owari="349,44.9,279,7.9,150,-35.0,222,-17.8" /></mjloggm>