<mjloggm ver="2.3"><GO type="225" lobby="0"/><UN n0="%E3%81%AF%E3%82%88%E3%81%8A%E3%81%98%E3%81%95%E3%82%93" n1="%E5%86%B7%E5%87%8D%E3%82%AE%E3%83%A7%E3%83%BC%E3%82%B6" n2="%E7%A7%8B%E6%9C%88%E7%9C%9F%E7%90%86%E4%BA%9E" n3="%E3%81%BF%E3%81%BF%E3%81%9A" dan="17,16,16,16" rate="2177.34,2141.46,2121.42,2144.69" sx="M,M,M,M"/><TAIKYOKU oya="0"/><INIT seed="0,0,0,5,0,43" ten="250,250,250,250" oya="0" hai0="18,73,89,134,7,130,48,46,69,37,42,49,58" hai1="34,50,16,25,11,74,52,80,68,4,0,97,53" hai2="2,123,28,70,10,85,5,22,24,128,40,133,120" hai3="62,8,111,98,35,72,32,33,107,17,129,56,109"/><T29/><D69/><U31/><E68/><V3/><F70/><W105/><G72/><T121/><D121/><U30/><E30/><V81/><F128/><W76/><G76/><T9/><D73/><U64/><E64/><V100/><F133/><W61/><G129/><T88/><D130/><U38/><E38/><V19/><F100/><W60/><G56/><T113/><D113/><U124/><E124/><V20/><F40/><W55/><G55/><T82/><D134/><U91/><E97/><V79/><REACH who="2" step="1"/><F2/><REACH who="2" ten="250,250,240,250" step="2"/><W71/><G71/><T118/><D118/><U26/><E0/><V126/><F126/><W95/><G107/><T45/><D37/><U110/><E110/><V104/><F104/><W6/><G105/><T102/><D102/><U115/><E115/><V94/><F94/><W119/><G119/><T87/><D42/><U108/><E108/><V103/><F103/><W13/><G95/><T135/><D135/><U21/><E80/><V27/><AGARI ba="0,1" hai="3,5,10,19,20,22,24,27,28,79,81,85,120,123" machi="27" ten="20,5200,0" yaku="1,1,0,1,7,1,53,1" doraHai="43" doraHaiUra="12" who="2" fromWho="2" sc="250,-26,250,-13,240,62,250,-13" /><INIT seed="1,0,0,5,4,92" ten="224,237,302,237" oya="1" hai0="41,29,14,115,95,54,127,130,80,129,75,84,66" hai1="45,100,124,83,5,76,43,97,65,119,128,30,70" hai2="113,59,71,12,126,38,44,68,111,4,60,79,18" hai3="94,16,98,56,87,37,21,3,31,22,33,109,74"/><U32/><E119/><V89/><F89/><BYE who="2" /><W58/><G74/><T116/><D116/><U10/><E124/><UN n2="%E7%A7%8B%E6%9C%88%E7%9C%9F%E7%90%86%E4%BA%9E" /><V15/><F15/><BYE who="2" /><N who="3" m="9375" /><G33/><T121/><D115/><U13/><E128/><N who="0" m="49257" /><D127/><U90/><E90/><V2/><F2/><W46/><G37/><T108/><D108/><UN n2="%E7%A7%8B%E6%9C%88%E7%9C%9F%E7%90%86%E4%BA%9E" /><U104/><E30/><V64/><F64/><W9/><BYE who="2" /><G3/><UN n2="%E7%A7%8B%E6%9C%88%E7%9C%9F%E7%90%86%E4%BA%9E" /><T110/><D110/><U28/><E28/><V25/><F113/><W27/><G109/><T0/><D0/><U53/><E53/><V55/><F111/><W23/><G9/><T103/><D121/><U85/><E32/><V134/><F134/><W117/><G117/><T135/><D135/><U49/><E65/><V81/><F25/><N who="3" m="16823" /><G87/><T112/><D112/><U93/><E70/><V26/><F26/><W47/><G23/><T105/><D105/><AGARI ba="0,0" hai="5,10,13,43,45,49,76,83,85,93,97,100,104,105" machi="105" ten="40,7700,0" yaku="25,2,52,1" doraHai="92" who="1" fromWho="0" sc="224,-77,237,77,302,0,237,0" /><INIT seed="1,1,0,3,4,29" ten="147,314,302,237" oya="1" hai0="119,11,130,127,81,98,40,54,70,76,77,85,89" hai1="22,135,116,18,3,23,67,101,117,1,80,5,73" hai2="91,20,103,9,62,109,38,94,53,57,21,7,12" hai3="121,34,95,44,15,115,8,56,69,97,113,75,86"/><U105/><E135/><V129/><F38/><W61/><G121/><T36/><D119/><U128/><E128/><V0/><F129/><W50/><G75/><T125/><D130/><U126/><E126/><N who="0" m="48137" /><D70/><U106/><E67/><V68/><F109/><W66/><G69/><T2/><D54/><U25/><E22/><V24/><F68/><W30/><G86/><T123/><D123/><U120/><E120/><V41/><F41/><W60/><G60/><T93/><D36/><U48/><E48/><V72/><F72/><W111/><G111/><T45/><D45/><U88/><E101/><V17/><F103/><W39/><G39/><T133/><D40/><U82/><E82/><V59/><F59/><W132/><G132/><T4/><D133/><U51/><E51/><V58/><F58/><W96/><G96/><T19/><D19/><U14/><E117/><V99/><REACH who="2" step="1"/><F21/><REACH who="2" ten="147,314,292,237" step="2"/><W102/><G44/><T134/><D134/><U78/><E23/><V92/><F92/><W16/><REACH who="3" step="1"/><G50/><REACH who="3" ten="147,314,292,227" step="2"/><T47/><D47/><U79/><E116/><V6/><F6/><W42/><G42/><T43/><D43/><U26/><E5/><V124/><F124/><W31/><G31/><T131/><D131/><U37/><E73/><V74/><F74/><W84/><G84/><T87/><D87/><U118/><E37/><V32/><F32/><W46/><G46/><T52/><D76/><U108/><E78/><V104/><F104/><W63/><G63/><T114/><D114/><U100/><E79/><V90/><F90/><W107/><G107/><T122/><D122/><U112/><E112/><RYUUKYOKU ba="1,2" sc="147,10,314,-30,292,10,227,10" hai0="2,4,11,52,77,81,85,89,93,98" hai2="0,7,9,12,17,20,24,53,57,62,91,94,99" hai3="8,15,16,30,34,56,61,66,95,97,102,113,115" /><INIT seed="2,2,2,0,4,4" ten="157,284,302,237" oya="2" hai0="72,27,25,103,35,7,24,130,61,60,39,29,129" hai1="33,78,125,44,114,8,122,23,42,37,52,118,68" hai2="51,83,55,70,12,94,88,105,90,14,97,11,58" hai3="133,86,2,82,135,9,47,17,107,26,76,49,79"/><V85/><F70/><W53/><G107/><T109/><D39/><U100/><E33/><V41/><F105/><W66/><G66/><T99/><D72/><U32/><E32/><V46/><REACH who="2" step="1"/><F11/><REACH who="2" ten="157,284,292,237" step="2"/><W40/><G135/><T16/><D7/><U95/><E68/><V64/><F64/><W13/><G133/><T62/><D109/><U15/><E8/><V50/><AGARI ba="2,3" hai="12,14,41,46,50,51,55,58,83,85,88,90,94,97" machi="50" ten="20,12000,1" yaku="1,1,0,1,7,1,8,1,54,1,53,0" doraHai="4" doraHaiUra="21" who="2" fromWho="2" sc="157,-42,284,-42,292,156,237,-42" /><INIT seed="2,3,0,2,1,56" ten="115,242,448,195" oya="2" hai0="52,3,20,112,117,131,46,44,92,41,61,105,114" hai1="75,18,81,1,30,14,127,24,72,121,124,9,129" hai2="58,87,88,79,31,134,89,27,59,19,65,70,77" hai3="91,4,69,102,119,98,50,71,37,33,51,5,16"/><V54/><F134/><W13/><G37/><T113/><D105/><U47/><E129/><V82/><F70/><W73/><G73/><T107/><D107/><U68/><E68/><V29/><F65/><W130/><G33/><T11/><D131/><U125/><E121/><V99/><F19/><W8/><G130/><T66/><D117/><U67/><E67/><V108/><F59/><W43/><G119/><T101/><D20/><U25/><E25/><V57/><F57/><W104/><G4/><T0/><D66/><U26/><E24/><V17/><F17/><W83/><G51/><T28/><D28/><N who="2" m="10826" /><F27/><W38/><G38/><T120/><D120/><U126/><E126/><V62/><F108/><W133/><G133/><T80/><D11/><U10/><E47/><V115/><F115/><W85/><REACH who="3" step="1"/><G5/><REACH who="3" ten="115,242,448,185" step="2"/><T63/><D113/><U39/><E39/><V42/><F42/><W40/><G40/><T53/><D41/><U132/><E132/><V15/><F15/><W97/><G97/><T90/><D112/><U6/><E75/><V12/><F12/><W118/><G118/><T135/><D114/><U45/><E72/><V106/><F106/><W128/><G128/><T21/><D135/><U60/><E124/><V116/><F116/><W49/><G49/><T84/><D44/><AGARI ba="3,1" hai="8,13,16,43,44,50,69,71,83,85,91,98,102,104" machi="44" ten="40,2600,0" yaku="1,1,54,1,53,0" doraHai="56" doraHaiUra="2" who="3" fromWho="0" sc="115,-35,242,0,448,0,185,45" /><INIT seed="3,0,0,1,0,114" ten="80,242,448,230" oya="3" hai0="121,133,112,132,34,108,24,89,41,31,76,26,110" hai1="0,22,8,116,18,28,80,81,15,64,128,104,49" hai2="122,102,10,58,43,117,74,57,124,13,86,27,45" hai3="47,30,62,44,52,109,23,77,97,118,19,33,85"/><W83/><G118/><T99/><D41/><U96/><E128/><V61/><F74/><W134/><G134/><T32/><D76/><U56/><E116/><V65/><F124/><W107/><G33/><T37/><D37/><U127/><E127/><V16/><F122/><W126/><G126/><T29/><D99/><U51/><E104/><V129/><F129/><W2/><G2/><T53/><D53/><U48/><E96/><V67/><F102/><W101/><G30/><T75/><D89/><U82/><E0/><V131/><F131/><W87/><G109/><T36/><D36/><U3/><E3/><V46/><F117/><W84/><G47/><T70/><D70/><U14/><E28/><V25/><F86/><W93/><G107/><T100/><D75/><U78/><E78/><V68/><F68/><W125/><G125/><T120/><D100/><U11/><E15/><V12/><F12/><W69/><G69/><T106/><D106/><U21/><E8/><V38/><F46/><W63/><G63/><AGARI ba="0,0" hai="11,14,18,21,22,48,49,51,56,63,64,80,81,82" machi="63" ten="40,1300,0" yaku="8,1" doraHai="114" who="1" fromWho="3" sc="80,0,242,13,448,0,230,-13" /><AGARI ba="0,0" hai="10,13,16,25,27,38,43,45,57,58,61,63,65,67" machi="63" ten="40,2600,0" yaku="9,1,54,1" doraHai="114" who="2" fromWho="3" sc="80,0,255,0,448,26,217,-26" owari="80,-42.0,255,5.5,474,57.4,191,-20.9" /></mjloggm>