<mjloggm ver="2.3"><GO type="225" lobby="0"/><UN n0="%E3%83%97%E3%83%AC%E3%83%B4%E3%82%A1%E3%83%86%E3%82%A3" n1="%72%69%6F%75%63%68%61%6E" n2="%E5%B8%86%E7%AB%8B%E5%A4%8F%E8%A1%A3" n3="%E7%99%BD%E6%97%A5%E9%9B%AA%E8%8F%9C" dan="16,16,16,16" rate="2052.61,2154.85,2122.25,2175.71" sx="F,M,M,M"/><TAIKYOKU oya="0"/><INIT seed="0,0,0,3,1,52" ten="250,250,250,250" oya="0" hai0="110,33,93,58,126,48,69,28,40,3,73,17,66" hai1="9,29,96,101,95,30,77,22,108,83,14,122,119" hai2="23,98,132,125,84,103,90,53,109,18,117,72,0" hai3="35,121,82,42,112,61,123,87,63,106,44,4,91"/><T79/><D3/><U124/><E119/><V104/><F109/><W86/><G112/><T6/><D110/><U54/><E108/><V36/><F132/><W38/><G35/><T49/><D6/><U81/><E122/><N who="3" m="46602" /><G106/><T68/><D126/><U39/><E124/><V97/><F125/><W135/><G135/><T26/><D17/><U60/><E39/><V16/><F117/><W47/><G4/><T130/><D130/><U99/><E99/><V19/><F36/><N who="3" m="21575" /><G86/><T74/><D93/><U55/><E81/><V25/><F0/><W128/><G128/><T118/><D118/><U31/><E22/><V105/><F72/><W41/><AGARI ba="0,0" hai="38,41,47,61,63,82,87,91" m="21575,46602" machi="41" ten="30,1100,0" yaku="13,1" doraHai="52" who="3" fromWho="3" sc="250,-5,250,-3,250,-3,250,11" /><INIT seed="1,0,0,2,3,66" ten="245,247,247,261" oya="1" hai0="88,47,24,96,28,135,76,30,6,61,31,37,124" hai1="104,94,65,49,40,23,122,52,62,2,112,132,39" hai2="134,1,133,41,29,123,59,32,114,125,10,115,19" hai3="109,103,79,91,0,26,36,13,98,50,56,111,69"/><U130/><E112/><N who="2" m="43051" /><F41/><W128/><G0/><T21/><D124/><U48/><E122/><V22/><F59/><W15/><G36/><T12/><D135/><N who="2" m="51722" /><F123/><W9/><G128/><T80/><D37/><U44/><E132/><V20/><F125/><W131/><G131/><T60/><D47/><N who="1" m="23967" /><E2/><V64/><F64/><W102/><G79/><T92/><D6/><U3/><E104/><V7/><F19/><W17/><G69/><T99/><D12/><U127/><E3/><V90/><F90/><W27/><G15/><T46/><D46/><N who="1" m="27671" /><E130/><V45/><F45/><W83/><G91/><T35/><D99/><U107/><E127/><V116/><F116/><W89/><G98/><T117/><D117/><U5/><E107/><V100/><F100/><W75/><G103/><T78/><D78/><U53/><E5/><V70/><F70/><W86/><G102/><T93/><D93/><U110/><E94/><V51/><F51/><W101/><G101/><T113/><D113/><U95/><E95/><V63/><F63/><N who="0" m="24138" /><D35/><U58/><E23/><V106/><F106/><W126/><G126/><T68/><D68/><U87/><E87/><AGARI ba="0,0" hai="21,24,28,30,31,76,80,87,88,92,96" m="24138" machi="87" ten="30,2000,0" yaku="8,1,54,1" doraHai="66" who="0" fromWho="1" sc="245,20,247,-20,247,0,261,0" /><INIT seed="2,0,0,4,0,9" ten="265,227,247,261" oya="2" hai0="53,126,111,94,14,87,76,75,29,70,123,54,52" hai1="112,120,60,62,6,115,23,135,82,66,36,85,24" hai2="31,80,86,119,56,8,118,42,89,128,90,40,34" hai3="12,113,4,65,114,63,18,48,101,2,1,74,131"/><V25/><F128/><W61/><G74/><T98/><D123/><U21/><E120/><V92/><F119/><W41/><G131/><T107/><D70/><U72/><E135/><V83/><F118/><W93/><G4/><T84/><D126/><U69/><E72/><V15/><F56/><W16/><G18/><T108/><D107/><U57/><E36/><V134/><F134/><W38/><G38/><T132/><D29/><U20/><E6/><V104/><F104/><W109/><G109/><N who="0" m="42059" /><D132/><U71/><E24/><V127/><F127/><W47/><G101/><N who="0" m="60631" /><D75/><U96/><E96/><V125/><F125/><W58/><G93/><T17/><D76/><U59/><E71/><V97/><REACH who="2" step="1"/><F83/><REACH who="2" ten="265,227,237,261" step="2"/><W3/><REACH who="3" step="1"/><G61/><REACH who="3" ten="265,227,237,251" step="2"/><T110/><N who="0" m="42067" /><T68/><DORA hai="67" /><D68/><U7/><E69/><V39/><F39/><W37/><G37/><T106/><D106/><U13/><E60/><V0/><F0/><W122/><G122/><T91/><D91/><U99/><E62/><V22/><F22/><AGARI ba="0,2" hai="1,2,3,12,16,22,41,47,48,58,63,65,113,114" machi="22" ten="40,5200,0" yaku="1,1,52,1,54,1,53,0" doraHai="9,67" doraHaiUra="124,27" who="3" fromWho="2" sc="265,0,227,0,237,-52,251,72" /><AGARI ba="0,0" hai="14,17,22,52,53,54,84,87" m="60631,42067" machi="22" ten="40,5200,0" yaku="14,1,52,1,54,1" doraHai="9,67" who="0" fromWho="2" sc="265,52,227,0,185,-52,323,0" /><INIT seed="3,0,0,1,5,41" ten="317,227,133,323" oya="3" hai0="67,1,117,61,35,73,82,72,109,123,53,120,122" hai1="108,46,40,24,106,112,101,93,121,104,85,102,23" hai2="12,60,87,31,34,22,86,128,0,49,66,98,110" hai3="99,94,54,55,69,62,65,56,75,21,51,7,77"/><W47/><G7/><T135/><D1/><U15/><E121/><V39/><F39/><W52/><G21/><T129/><D35/><U3/><E112/><V130/><F0/><W76/><G75/><T2/><D2/><U20/><E3/><V97/><F34/><W89/><G55/><T9/><D117/><U71/><E71/><V16/><F31/><W28/><G28/><T84/><D109/><U17/><E108/><V95/><F110/><W50/><AGARI ba="0,0" hai="47,50,51,52,54,56,62,65,69,76,77,89,94,99" machi="50" ten="20,7800,0" yaku="0,1,7,1,52,1,54,1" doraHai="41" who="3" fromWho="3" sc="317,-26,227,-26,133,-26,323,78" owari="291,9.1,201,-19.9,107,-39.3,401,50.1" /></mjloggm>