<mjloggm ver="2.3"><GO type="225" lobby="0"/><UN n0="%E8%BE%9B%E5%8F%A3%E3%82%AB%E3%83%AC%E3%83%BC%E3%83%A9%E3%82%A4%E3%82%B9" n1="%E7%AB%8B%E8%8A%B1%E9%9F%BF" n2="%E7%8B%82%E6%B0%97%E3%81%AE%E7%9E%B3" n3="%E3%82%A2%E3%83%A1%E3%82%A2%E3%83%A9%E3%83%AC" dan="17,17,16,16" rate="2212.15,2158.61,2041.53,2126.12" sx="M,F,F,M"/><TAIKYOKU oya="0"/><INIT seed="0,0,0,5,2,23" ten="250,250,250,250" oya="0" hai0="103,43,10,124,121,39,88,96,66,45,71,27,127" hai1="33,54,130,57,100,49,74,25,106,86,89,28,104" hai2="125,132,21,31,123,47,30,116,122,29,18,93,6" hai3="109,41,102,48,69,7,38,36,111,19,98,44,73"/><T37/><D121/><U118/><E118/><V11/><F47/><W15/><G73/><T22/><D39/><U13/><E74/><V64/><F64/><W63/><G7/><T95/><D10/><U126/><E126/><N who="0" m="48169" /><D66/><U32/><E130/><V53/><F53/><W35/><G35/><T75/><D75/><U110/><E110/><N who="3" m="41994" /><G63/><T51/><D71/><U9/><E100/><V67/><F67/><W87/><G87/><T135/><D135/><U34/><E34/><V59/><F59/><W113/><G113/><T108/><D108/><U46/><E57/><V8/><F93/><N who="3" m="58703" /><G69/><T16/><D37/><U129/><E33/><V0/><F116/><W3/><G3/><T24/><D103/><U91/><E129/><V99/><F99/><W76/><G76/><T20/><D20/><AGARI ba="0,0" hai="15,19,20,36,38,41,44,48" m="58703,41994" machi="20" ten="30,1000,0" yaku="14,1" doraHai="23" who="3" fromWho="0" sc="250,-10,250,0,250,0,250,10" /><INIT seed="1,0,0,0,3,33" ten="240,250,250,260" oya="1" hai0="27,110,57,105,117,17,24,109,26,123,104,28,83" hai1="55,19,56,113,125,20,61,129,8,81,130,98,59" hai2="66,58,87,6,127,25,5,97,9,80,23,102,121" hai3="53,72,54,120,22,106,43,36,101,135,13,21,103"/><U2/><E113/><V38/><F38/><W18/><G120/><T96/><D117/><U16/><E125/><V93/><F127/><W71/><G72/><T49/><D123/><U90/><E59/><V88/><F121/><W131/><G71/><T79/><D49/><U40/><E40/><V132/><F9/><W100/><G106/><T48/><D48/><U128/><E20/><V46/><F46/><W65/><G65/><T122/><D57/><U91/><E81/><V112/><F132/><W15/><G135/><T99/><D122/><U42/><E42/><V41/><F41/><W30/><G131/><T10/><D105/><U74/><E74/><V7/><F112/><W124/><G124/><T75/><D10/><U32/><E32/><V31/><F7/><W62/><G62/><AGARI ba="0,0" hai="5,6,23,25,31,58,62,66,80,87,88,93,97,102" machi="62" ten="40,8000,1" yaku="25,2,8,1,54,1" doraHai="33" who="2" fromWho="3" sc="240,0,250,0,250,80,260,-80" /><INIT seed="2,0,0,3,5,39" ten="240,250,330,180" oya="2" hai0="129,109,4,70,122,78,40,16,27,11,74,22,97" hai1="92,42,119,3,53,9,111,21,44,67,35,118,13" hai2="112,125,75,8,5,19,126,134,47,55,36,50,20" hai3="32,43,60,94,1,96,108,106,89,38,124,37,46"/><V26/><F75/><W51/><G108/><T0/><D122/><U33/><E3/><V48/><F112/><W98/><G124/><T79/><D109/><U64/><E111/><V28/><F134/><W62/><G1/><T30/><D70/><U103/><E53/><V107/><F107/><W127/><G127/><N who="2" m="48649" /><F36/><W128/><G128/><T83/><D129/><U29/><E21/><V133/><F50/><W80/><G32/><T10/><D79/><U121/><E121/><V6/><F133/><W93/><G38/><T63/><D63/><U82/><E82/><V52/><F55/><W90/><G106/><T41/><REACH who="0" step="1"/><D97/><REACH who="0" ten="230,250,330,180" step="2"/><U58/><E119/><V88/><F88/><W7/><G37/><T14/><AGARI ba="0,1" hai="0,4,10,11,14,16,22,27,30,40,41,74,78,83" machi="14" ten="30,12000,2" yaku="1,1,2,1,0,1,52,2,54,1,53,0" doraHai="39" doraHaiUra="132" who="0" fromWho="0" sc="230,130,250,-30,330,-60,180,-30" /><INIT seed="3,0,0,1,2,42" ten="360,220,270,150" oya="3" hai0="118,120,64,99,109,44,124,38,10,61,87,2,83" hai1="130,14,49,126,122,80,88,73,59,125,66,89,92" hai2="58,62,60,95,115,48,110,129,18,111,72,85,75" hai3="79,53,57,47,114,54,0,67,106,30,13,96,20"/><W45/><G114/><T25/><D120/><U27/><E122/><V108/><F115/><W3/><G79/><T36/><D118/><U101/><E130/><V119/><F119/><W28/><G106/><T9/><D109/><U4/><E27/><V46/><F129/><W32/><G32/><T15/><D124/><N who="1" m="47723" /><E101/><V22/><F85/><W116/><G116/><T12/><D44/><N who="3" m="16969" /><G3/><T100/><D61/><N who="2" m="23658" /><F95/><W24/><G0/><T21/><D10/><N who="1" m="4423" /><E92/><V43/><F58/><W135/><G135/><T17/><D38/><U63/><E49/><V19/><F19/><N who="3" m="12319" /><G67/><T50/><D64/><U105/><E105/><V23/><F23/><W1/><G1/><T68/><D21/><U132/><E132/><V127/><F127/><W97/><G13/><AGARI ba="0,0" hai="13,18,22,43,46,48,72,75,108,110,111" m="23658" machi="13" ten="30,2000,0" yaku="14,1,52,1" doraHai="42" who="2" fromWho="3" sc="360,0,220,0,270,20,150,-20" owari="360,46.0,220,-18.0,290,9.0,130,-37.0" /></mjloggm>