<mjloggm ver="2.3"><GO type="225" lobby="0"/><UN n0="%33%74%72%65%65" n1="%74%61%6B%65%2D%79%6F%75" n2="%E5%A4%96%E5%B7%9D%E7%AB%9C%E6%88%90" n3="%E3%83%A9%E3%83%BC%E3%83%A1%E3%83%B3%E4%BA%94%E9%83%8E" dan="16,17,16,16" rate="2077.69,2137.06,2213.24,2033.67" sx="F,M,M,M"/><TAIKYOKU oya="0"/><INIT seed="0,0,0,5,4,30" ten="250,250,250,250" oya="0" hai0="119,135,8,99,20,126,32,84,48,66,42,57,72" hai1="44,98,86,3,100,83,77,59,0,121,127,49,102" hai2="134,131,38,97,16,85,6,95,33,4,110,67,108" hai3="18,105,55,22,113,47,65,120,103,5,130,37,96"/><T80/><D119/><U31/><E121/><V115/><F115/><W89/><G113/><T10/><D32/><U109/><E109/><N who="2" m="42091" /><F38/><W7/><G120/><T2/><D72/><U21/><E127/><V92/><F67/><W63/><G130/><T17/><D126/><U114/><E114/><V58/><F58/><W117/><G89/><T46/><D2/><U43/><E59/><V91/><F134/><W129/><G129/><T133/><D99/><U23/><E102/><N who="2" m="60711" /><F131/><W14/><G117/><T12/><D133/><U25/><REACH who="1" step="1"/><E23/><REACH who="1" ten="250,240,250,250" step="2"/><V111/><F111/><W64/><G22/><T124/><D124/><U81/><E81/><V50/><F33/><W34/><G103/><T28/><D135/><U56/><E56/><V19/><F50/><W125/><G34/><T78/><D28/><U107/><AGARI ba="0,1" hai="0,3,21,25,31,43,44,49,77,83,86,98,100,107" machi="107" ten="20,2700,0" yaku="1,1,0,1,7,1,53,0" doraHai="30" doraHaiUra="13" who="1" fromWho="1" sc="250,-13,240,37,250,-7,250,-7" /><INIT seed="1,0,0,5,4,27" ten="237,277,243,243" oya="1" hai0="26,43,116,13,84,119,20,86,93,133,108,21,80" hai1="54,52,74,131,45,14,113,121,23,3,107,77,61" hai2="34,69,47,134,49,92,87,70,115,127,8,50,59" hai3="53,95,104,73,110,83,130,35,16,46,126,57,112"/><U36/><E113/><V10/><F34/><W15/><G112/><T37/><D108/><U132/><E121/><V101/><F115/><W2/><G104/><T98/><D133/><U82/><E132/><V28/><F134/><W91/><G110/><T5/><D37/><U111/><E111/><V124/><F59/><W125/><G2/><T38/><D38/><U24/><E3/><V90/><F101/><W6/><G6/><T11/><D43/><U68/><E131/><V120/><F120/><W78/><G35/><T103/><D20/><U122/><E122/><V29/><F8/><W40/><G130/><T100/><D100/><U135/><E107/><V44/><F10/><W19/><G46/><T25/><D25/><U31/><E135/><V96/><F87/><W33/><G40/><T17/><REACH who="0" step="1"/><D84/><REACH who="0" ten="227,277,243,243" step="2"/><U60/><E36/><V99/><F90/><AGARI ba="0,1" hai="5,11,13,17,21,26,80,86,90,93,98,103,116,119" machi="90" ten="30,7700,0" yaku="1,1,2,1,7,1,53,1" doraHai="27" doraHaiUra="12" who="0" fromWho="2" sc="227,87,277,0,243,-77,243,0" /><INIT seed="2,0,0,0,1,83" ten="314,277,166,243" oya="2" hai0="49,73,32,56,71,53,92,9,125,91,121,61,114" hai1="67,17,44,57,81,124,122,120,69,109,105,128,31" hai2="70,108,119,5,75,59,90,113,4,20,27,64,82" hai3="35,104,126,111,37,102,38,23,58,47,65,134,28"/><V13/><F113/><W33/><G111/><T84/><D121/><N who="1" m="46699" /><E109/><V85/><F108/><W48/><G126/><T96/><D114/><U45/><E124/><V135/><F119/><W116/><G116/><T3/><D73/><U112/><E112/><V6/><F135/><W99/><G134/><T15/><D32/><U52/><E105/><V22/><F70/><W80/><G33/><T132/><D125/><U98/><E31/><V46/><F75/><W66/><G35/><T62/><D3/><U74/><E98/><V115/><F115/><W86/><G37/><T1/><D1/><U30/><E30/><V0/><F0/><W77/><G38/><T106/><D71/><U110/><E110/><V29/><F46/><W60/><G66/><T63/><D132/><U79/><E128/><V26/><F13/><W14/><G28/><T41/><D106/><U39/><E39/><V130/><F130/><W101/><G101/><T19/><D96/><U87/><E17/><N who="2" m="12559" /><F64/><W25/><G14/><T21/><D9/><U100/><E100/><V118/><F118/><W97/><G99/><T94/><D41/><U40/><E40/><V12/><F12/><W11/><G11/><T117/><D117/><U43/><E43/><V72/><F72/><W76/><G25/><T107/><D107/><U7/><E7/><N who="2" m="1795" /><V42/><DORA hai="133" /><F42/><W8/><G8/><T95/><AGARI ba="0,0" hai="15,19,21,49,53,56,61,62,63,84,91,92,94,95" machi="95" ten="30,8000,1" yaku="0,1,25,2,8,1,52,1" doraHai="83,133" who="0" fromWho="0" sc="314,80,277,-20,166,-40,243,-20" /><INIT seed="3,0,0,5,5,94" ten="394,257,126,223" oya="3" hai0="67,59,103,12,100,73,115,60,36,39,35,113,95" hai1="0,81,2,27,79,87,101,15,25,74,92,23,6" hai2="14,65,19,86,28,135,78,43,30,127,107,69,104" hai3="42,71,111,105,126,37,1,9,18,26,124,40,75"/><W91/><G75/><T85/><D35/><U68/><E68/><V110/><F69/><W133/><G71/><T47/><D73/><U50/><E50/><V129/><F65/><W5/><G105/><T80/><D12/><U76/><E76/><V55/><F43/><W114/><G114/><N who="0" m="43531" /><D95/><U16/><E6/><V57/><F78/><W53/><G133/><T46/><D47/><U89/><E101/><N who="0" m="38985" /><D46/><U108/><E108/><V88/><F110/><W109/><G37/><T45/><D45/><U58/><E58/><V52/><F55/><W131/><G131/><T98/><D98/><U82/><E82/><V118/><F118/><W41/><G53/><T90/><AGARI ba="0,0" hai="36,39,59,60,67,80,85,90" m="38985,43531" machi="90" ten="30,1100,0" yaku="11,1" doraHai="94" who="0" fromWho="0" sc="394,11,257,-3,126,-3,223,-5" owari="405,50.5,254,5.4,123,-37.7,218,-18.2" /></mjloggm>