<mjloggm ver="2.3"><GO type="225" lobby="0"/><UN n0="%48%61%61%61%6C%61%6E%64" n1="%E3%81%B5%E3%81%98%E3%81%8B%E3%81%A4" n2="%E4%BF%BA%E3%81%A8%E5%A6%96%E5%A4%A2" n3="%28%EF%BF%A3%E2%96%BD%EF%BF%A3%29%CE%B4%E2%8C%92%E3%83%BB" dan="18,16,17,16" rate="2200.00,2168.12,2198.03,2119.49" sx="M,M,F,M"/><TAIKYOKU oya="0"/><INIT seed="0,0,0,1,3,81" ten="250,250,250,250" oya="0" hai0="18,103,120,9,17,134,15,83,36,93,42,73,97" hai1="21,0,129,111,89,122,49,5,124,113,1,75,54" hai2="60,104,118,22,45,6,28,80,86,24,63,16,26" hai3="74,70,130,68,58,66,78,85,131,39,2,126,67"/><T96/><D120/><U72/><E122/><V127/><F104/><W91/><G2/><T12/><D134/><U94/><E124/><V110/><F127/><W8/><G126/><T100/><D36/><U125/><E125/><V48/><F6/><W38/><G8/><T31/><D42/><U65/><E65/><N who="3" m="24586" /><G78/><T59/><D31/><U34/><E34/><V119/><F110/><W44/><G74/><T69/><D59/><U14/><E111/><V55/><F118/><W4/><G4/><T90/><D69/><N who="3" m="26729" /><G58/><T84/><D73/><U29/><E129/><N who="3" m="49162" /><G44/><T53/><D53/><U56/><E75/><V25/><F119/><W82/><AGARI ba="0,0" hai="38,39,82,85,91" m="49162,26729,24586" machi="82" ten="40,2700,0" yaku="19,1,52,1" doraHai="81" who="3" fromWho="3" sc="250,-13,250,-7,250,-7,250,27" /><INIT seed="1,0,0,5,0,102" ten="237,243,243,277" oya="1" hai0="4,71,59,28,95,74,13,125,77,48,44,33,47" hai1="133,84,26,41,131,16,89,88,101,124,60,91,126" hai2="117,69,6,9,108,17,85,0,63,78,100,132,11" hai3="99,115,37,90,118,2,105,113,7,36,127,116,65"/><U62/><E133/><V67/><F117/><N who="3" m="45163" /><G65/><T123/><D71/><U34/><E131/><V57/><F132/><W8/><G127/><N who="1" m="48682" /><E41/><V134/><F134/><W79/><G79/><T97/><D125/><U55/><E101/><V24/><F108/><W22/><G22/><T70/><D70/><U53/><E34/><V122/><F122/><W109/><G109/><T40/><D123/><U93/><E93/><V135/><F135/><W58/><G58/><T73/><D77/><U86/><E26/><V20/><F100/><N who="3" m="62623" /><G90/><T82/><D33/><U43/><E43/><V10/><F69/><W21/><G21/><T120/><D40/><U38/><E38/><AGARI ba="0,0" hai="2,7,8,36,37,38,113,115" m="62623,45163" machi="38" ten="30,3900,0" yaku="12,1,23,1,52,1" doraHai="102" who="3" fromWho="1" sc="237,0,243,-39,243,0,277,39" /><INIT seed="2,0,0,1,0,1" ten="237,204,243,316" oya="2" hai0="110,83,63,38,77,80,44,114,73,71,56,57,100" hai1="115,128,61,85,59,121,116,103,119,26,78,50,86" hai2="92,90,22,135,89,94,99,101,117,47,108,69,133" hai3="79,3,18,104,55,120,96,67,29,19,95,74,9"/><V81/><F69/><W82/><G104/><T132/><D114/><U113/><E50/><V51/><F117/><N who="1" m="45129" /><E26/><V2/><F2/><W105/><G105/><T35/><D35/><U93/><E59/><V10/><F10/><W7/><G120/><T58/><D110/><U87/><E61/><V129/><F129/><W13/><G67/><T17/><D132/><N who="2" m="50762" /><F108/><W25/><G55/><T11/><D100/><U43/><E43/><V37/><F37/><W64/><G64/><T48/><D38/><U124/><E128/><V102/><F22/><W52/><G52/><N who="0" m="29703" /><D73/><U23/><E23/><V34/><F34/><W30/><G25/><T70/><D70/><U41/><E41/><N who="2" m="25071" /><F81/><N who="0" m="31306" /><D71/><U134/><E134/><V28/><F28/><W6/><G30/><T12/><D77/><U97/><E78/><V68/><F68/><W112/><G29/><T16/><D17/><U76/><E76/><V8/><F102/><W32/><G32/><T107/><D107/><N who="1" m="63983" /><E121/><V46/><F46/><W109/><G109/><T84/><D63/><U111/><E111/><V88/><F94/><W125/><G95/><T24/><D24/><U123/><E123/><V53/><F53/><W131/><G131/><T75/><D75/><U126/><E93/><V39/><F39/><W91/><G74/><T15/><D15/><U36/><E36/><V21/><F101/><W98/><G3/><T45/><D45/><U31/><E31/><V0/><F0/><W42/><G13/><T130/><D130/><U14/><E14/><V27/><F27/><W127/><G42/><T118/><D118/><U62/><E62/><RYUUKYOKU ba="0,0" sc="237,15,204,15,243,-15,316,-15" hai0="11,12,16,56,57,58,84" hai1="85,86,87,113,115,124,126" /><INIT seed="3,1,0,5,0,95" ten="252,219,228,301" oya="3" hai0="71,131,68,0,73,96,85,14,48,69,119,60,21" hai1="8,92,1,35,7,15,27,26,2,123,91,113,122" hai2="82,118,63,39,38,37,53,106,28,50,34,33,97" hai3="120,89,93,75,132,104,19,51,45,66,24,62,127"/><W128/><G75/><T112/><D73/><U11/><E113/><V12/><F118/><W22/><G104/><T115/><D0/><N who="1" m="107" /><E92/><V29/><F63/><W10/><G128/><T107/><D131/><U121/><E91/><V76/><F12/><W61/><G132/><T126/><D119/><U41/><E41/><V74/><F29/><W65/><G127/><T30/><D126/><U78/><E78/><V99/><F106/><W16/><G120/><N who="1" m="30722" /><U108/><DORA hai="101" /><E108/><V9/><F9/><N who="1" m="3657" /><E35/><V20/><F34/><W70/><G93/><T55/><D112/><U49/><E49/><V67/><F33/><W134/><G89/><T52/><D115/><U77/><E77/><V3/><F3/><W109/><G109/><T114/><D114/><U130/><E130/><V64/><F64/><W125/><G66/><T84/><D48/><U103/><E103/><V100/><F67/><W44/><G65/><T133/><D69/><U4/><E15/><V31/><F100/><W86/><G70/><T17/><D68/><U25/><AGARI ba="1,0" hai="4,7,25,26,27" m="3657,30722,107" machi="25" ten="50,8000,1" yaku="28,2,34,2" doraHai="95,101" who="1" fromWho="1" sc="252,-21,219,83,228,-21,301,-41" owari="231,-16.9,302,40.2,207,-29.3,260,6.0" /></mjloggm>