<mjloggm ver="2.3"><GO type="225" lobby="0"/><UN n0="%E6%A1%9C%E8%8A%B1%E9%96%83%E3%80%85" n1="%E5%A4%96%E5%B7%9D%E7%AB%9C%E6%88%90" n2="%33%74%72%65%65" n3="%6E%69%63%6B%6C%6F%77" dan="17,16,16,16" rate="2166.71,2242.10,2140.54,2112.26" sx="M,M,F,F"/><TAIKYOKU oya="0"/><INIT seed="0,0,0,3,0,113" ten="250,250,250,250" oya="0" hai0="72,61,54,26,90,65,51,85,49,0,104,118,53" hai1="31,40,131,30,79,92,9,19,134,43,42,129,3" hai2="95,56,102,73,78,10,106,46,108,59,128,107,123" hai3="109,96,116,105,41,38,132,80,77,11,21,36,64"/><T32/><D72/><U120/><E120/><V75/><F123/><W66/><G109/><T18/><D0/><U22/><E134/><V125/><F46/><W25/><G132/><T98/><D51/><U16/><E79/><V71/><F71/><W5/><G116/><T24/><D54/><U97/><E3/><V117/><F10/><W27/><G27/><T6/><D6/><U57/><E57/><V29/><F29/><W135/><G135/><T101/><D18/><U8/><E8/><V82/><F56/><W62/><G21/><T99/><D99/><U15/><E131/><V50/><F59/><W91/><G25/><T47/><D118/><U14/><REACH who="1" step="1"/><E129/><REACH who="1" ten="250,240,250,250" step="2"/><V127/><F128/><W20/><G77/><T37/><D32/><U70/><E70/><V86/><F78/><W2/><G66/><T126/><D126/><U124/><E124/><V23/><F127/><W34/><G64/><T111/><D111/><U100/><AGARI ba="0,1" hai="9,14,15,16,19,22,30,31,40,42,43,92,97,100" machi="100" ten="30,7900,0" yaku="1,1,0,1,8,1,54,1,53,0" doraHai="113" doraHaiUra="33" who="1" fromWho="1" sc="250,-39,240,89,250,-20,250,-20" /><INIT seed="1,0,0,2,4,114" ten="211,329,230,230" oya="1" hai0="129,124,12,88,77,111,116,50,109,85,58,99,107" hai1="37,49,45,16,40,115,94,83,22,59,96,102,127" hai2="92,56,64,9,10,3,121,128,126,53,24,31,91" hai3="5,68,39,63,46,17,108,98,48,78,76,29,4"/><U105/><E115/><V18/><F121/><W20/><G39/><T14/><D124/><U125/><E83/><V28/><F126/><N who="1" m="48137" /><E59/><V21/><F128/><W23/><G108/><N who="0" m="41547" /><D129/><U110/><E110/><V95/><F64/><W57/><G68/><T112/><D77/><N who="3" m="29801" /><G98/><T66/><D112/><U97/><E37/><V30/><F3/><W73/><G73/><T131/><D131/><U43/><E45/><V69/><F69/><W82/><G82/><N who="0" m="49207" /><D116/><U71/><E49/><V84/><REACH who="2" step="1"/><F95/><REACH who="2" ten="211,329,220,230" step="2"/><W101/><G29/><T26/><D66/><U90/><E71/><V100/><F100/><W6/><G101/><N who="0" m="62911" /><D26/><AGARI ba="0,1" hai="16,22,26,40,43,90,94,96,97,102,105" m="48137" machi="26" ten="30,2900,0" yaku="18,1,54,1" doraHai="114" who="1" fromWho="0" sc="211,-29,329,39,220,0,230,0" /><INIT seed="1,1,0,3,0,86" ten="182,368,220,230" oya="1" hai0="0,118,113,85,79,121,131,50,11,95,114,106,17" hai1="68,14,31,23,82,2,81,64,90,130,44,132,7" hai2="80,15,112,109,21,16,67,36,58,62,127,46,96" hai3="8,116,63,103,56,29,52,9,49,77,45,19,125"/><U34/><E130/><V20/><F109/><W98/><G125/><T99/><D118/><U92/><E132/><V123/><F123/><W69/><G116/><T74/><D131/><U18/><E44/><V24/><F127/><W117/><G117/><T28/><D28/><U48/><E48/><V4/><F112/><W101/><G69/><T94/><D50/><U43/><E43/><V88/><F36/><W27/><G77/><T105/><D17/><U84/><E64/><V126/><F126/><W75/><G75/><T41/><D41/><U6/><E68/><V129/><F129/><W57/><G57/><T124/><D11/><N who="1" m="2519" /><E7/><V59/><F59/><W37/><G37/><T115/><D0/><U89/><E89/><V3/><F46/><W70/><G70/><T72/><D124/><U38/><E38/><V51/><F51/><W25/><G19/><T39/><D39/><U55/><E55/><V12/><F20/><W120/><G120/><T71/><D71/><U54/><E54/><V61/><F61/><W91/><G91/><N who="0" m="53615" /><D121/><U119/><E119/><V33/><F33/><W26/><G29/><T135/><D135/><U53/><E53/><V13/><F3/><W60/><G60/><T87/><D79/><U65/><E65/><V76/><F4/><W93/><REACH who="3" step="1"/><G103/><REACH who="3" ten="182,368,220,220" step="2"/><T104/><D114/><U100/><E100/><V108/><F76/><W73/><G73/><N who="0" m="28267" /><D115/><U5/><E5/><V97/><F108/><W10/><G10/><T22/><D113/><U35/><E31/><V102/><F102/><W42/><AGARI ba="1,1" hai="8,9,25,26,27,42,45,49,52,56,63,93,98,101" machi="42" ten="30,7900,0" yaku="1,1,0,1,8,1,54,1,53,0" doraHai="86" doraHaiUra="30" who="3" fromWho="3" sc="182,-21,368,-40,220,-21,220,92" /><INIT seed="2,0,0,1,2,100" ten="161,328,199,312" oya="2" hai0="93,33,44,13,29,94,9,66,71,39,78,57,50" hai1="14,55,63,56,133,3,70,60,21,110,4,96,127" hai2="88,125,103,134,38,87,31,30,8,109,89,32,86" hai3="91,104,20,68,45,27,73,121,124,2,74,101,15"/><V48/><F38/><W120/><G2/><T123/><D123/><U7/><E3/><V111/><F103/><W128/><G68/><T37/><D78/><U98/><E110/><N who="2" m="41995" /><F125/><W10/><G91/><N who="2" m="34889" /><F134/><W130/><G45/><T22/><D33/><U114/><E114/><V46/><F8/><W135/><G135/><T42/><D71/><U51/><E98/><V108/><N who="2" m="42003" /><V18/><DORA hai="59" /><F18/><W82/><G82/><T72/><D72/><U102/><E70/><V23/><F23/><W64/><G124/><T0/><D0/><U92/><E127/><V36/><F36/><W83/><G83/><T5/><D39/><U43/><E133/><V12/><F12/><W1/><G1/><T85/><D85/><N who="2" m="32266" /><F32/><W62/><G73/><T79/><D79/><U16/><E4/><V99/><F99/><N who="3" m="61503" /><G74/><T132/><D132/><U107/><E7/><V118/><F118/><W53/><G15/><T17/><D5/><U69/><E14/><V25/><F25/><W58/><G10/><T76/><D76/><U41/><E16/><V67/><F67/><W105/><G64/><T24/><REACH who="0" step="1"/><D37/><REACH who="0" ten="151,328,199,312" step="2"/><U49/><E21/><V65/><F65/><W116/><G121/><T77/><D77/><U119/><E119/><V129/><F129/><W34/><G120/><T47/><D47/><U54/><E96/><V95/><F95/><W106/><G116/><T115/><D115/><U122/><E92/><V131/><F131/><N who="3" m="50219" /><G34/><T75/><D75/><U81/><E122/><V80/><F80/><W84/><G84/><T28/><D28/><AGARI ba="0,1" hai="20,27,28,53,58,62,105,106" m="50219,61503" machi="28" ten="30,8000,1" yaku="19,1,52,4" doraHai="100,59" who="3" fromWho="0" sc="151,-80,328,0,199,0,312,90" /><INIT seed="3,0,0,0,0,68" ten="71,328,199,402" oya="3" hai0="99,57,100,134,15,12,113,8,87,102,67,2,22" hai1="45,90,56,53,42,115,84,20,58,129,118,27,24" hai2="34,133,26,63,43,110,94,33,3,17,54,36,1" hai3="107,41,121,71,77,132,14,135,70,76,130,101,114"/><W91/><G114/><T117/><D117/><U93/><E115/><V61/><F43/><W51/><G121/><T64/><D113/><U9/><E129/><V116/><F26/><W111/><G130/><T52/><D134/><N who="3" m="51241" /><G111/><T69/><D69/><N who="3" m="26121" /><G91/><T95/><D2/><U119/><E118/><V0/><F1/><W105/><G14/><T49/><D100/><U4/><E119/><V73/><F116/><W85/><G101/><T55/><D55/><U106/><E106/><N who="3" m="40458" /><G85/><T103/><D103/><U30/><E27/><V44/><F54/><W40/><G51/><T50/><D50/><U104/><E104/><V16/><F133/><W11/><G11/><T98/><D98/><U46/><E53/><V78/><F110/><W125/><G125/><T10/><D87/><U112/><E112/><V81/><F0/><W80/><G80/><T89/><D102/><U83/><E83/><V122/><F81/><W109/><G109/><T66/><REACH who="0" step="1"/><D12/><REACH who="0" ten="61,328,199,402" step="2"/><U13/><REACH who="1" step="1"/><E46/><REACH who="1" ten="61,318,199,402" step="2"/><V82/><F44/><W65/><G65/><T21/><D21/><U48/><AGARI ba="0,2" hai="4,9,13,20,24,30,42,45,48,56,58,84,90,93" machi="48" ten="20,8000,1" yaku="1,1,2,1,0,1,7,1,8,1,53,0" doraHai="68" doraHaiUra="32" who="1" fromWho="1" sc="61,-20,318,100,199,-20,402,-40" owari="41,-45.9,418,51.8,179,-22.1,362,16.2" /></mjloggm>