<mjloggm ver="2.3"><GO type="225" lobby="0"/><UN n0="%E3%81%B5%E3%81%98%E3%81%8B%E3%81%A4" n1="%72%69%6F%75%63%68%61%6E" n2="%79%6B%66%35%35%33%38%39" n3="%E4%BA%95%E5%B8%AF" dan="17,16,16,16" rate="2206.50,2228.38,2105.20,2044.67" sx="M,M,M,M"/><TAIKYOKU oya="0"/><INIT seed="0,0,0,3,1,22" ten="250,250,250,250" oya="0" hai0="14,60,52,25,102,51,63,34,104,57,3,100,92" hai1="30,2,113,31,65,109,20,127,64,54,76,26,67" hai2="19,43,68,62,93,24,11,91,74,124,96,73,111" hai3="69,27,118,131,86,123,15,10,9,120,126,90,23"/><T89/><D3/><U88/><E109/><V135/><F111/><W80/><G118/><T107/><D14/><U114/><E127/><V36/><F124/><W94/><G126/><T37/><D37/><U18/><E2/><V83/><F135/><W61/><G131/><T5/><D5/><U44/><E76/><V101/><F36/><W28/><G80/><T98/><D102/><U110/><E110/><V38/><F38/><W77/><G77/><T119/><D119/><U117/><E117/><V13/><F43/><W66/><REACH who="3" step="1"/><G15/><REACH who="3" ten="250,250,250,240" step="2"/><T40/><D107/><U29/><REACH who="1" step="1"/><E88/><REACH who="1" ten="250,240,250,240" step="2"/><V133/><F91/><W87/><G87/><T70/><D89/><U122/><E122/><AGARI ba="0,2" hai="9,10,23,27,28,61,66,69,86,90,94,120,122,123" machi="122" ten="40,8000,1" yaku="1,1,13,1,52,1,53,1" doraHai="22" doraHaiUra="58" who="3" fromWho="1" sc="250,0,240,-80,250,0,240,100" /><INIT seed="1,0,0,4,1,34" ten="250,160,250,340" oya="1" hai0="68,12,49,27,67,30,114,71,61,43,131,109,133" hai1="8,81,62,76,129,111,16,110,89,6,69,132,14" hai2="15,0,120,9,122,23,117,93,10,36,65,113,44" hai3="7,83,63,86,31,96,55,106,17,100,29,42,53"/><U135/><E129/><V78/><F117/><W127/><G127/><T56/><D114/><U125/><E125/><V85/><F113/><W51/><G7/><T128/><D133/><N who="1" m="51275" /><E89/><V94/><F65/><W37/><G37/><T80/><D12/><N who="1" m="5143" /><E62/><V99/><F0/><W84/><G63/><T72/><D109/><N who="1" m="41483" /><E69/><V32/><F78/><W24/><G100/><T58/><D131/><U48/><E48/><V46/><F36/><W102/><G51/><T87/><D128/><U38/><E38/><V5/><F120/><W47/><G102/><T25/><D49/><U26/><E26/><V60/><F60/><W130/><G24/><T13/><D61/><U92/><E92/><V45/><F94/><W1/><G130/><T73/><D25/><U118/><E118/><V66/><F93/><W21/><G83/><T57/><D27/><U95/><E95/><V18/><F122/><W2/><G29/><T75/><D68/><U3/><E3/><V52/><F99/><W115/><G96/><T104/><D30/><U11/><E76/><V97/><F97/><W88/><G2/><T79/><D71/><U82/><AGARI ba="0,0" hai="11,14,16,81,82" m="41483,5143,51275" machi="82" ten="40,12000,1" yaku="20,1,14,1,10,1,54,1" doraHai="34" who="1" fromWho="1" sc="250,-40,160,120,250,-40,340,-40" /><INIT seed="1,1,0,0,2,99" ten="210,280,210,300" oya="1" hai0="93,75,67,55,6,50,122,131,64,94,124,91,7" hai1="80,79,44,53,114,2,135,72,48,89,8,119,71" hai2="120,117,30,110,92,106,31,77,126,24,42,97,38" hai3="15,39,65,107,130,103,37,11,63,78,25,104,109"/><U85/><E114/><V95/><F117/><W69/><G109/><T81/><D122/><U123/><E135/><V18/><F120/><W70/><G130/><T49/><D124/><U4/><E123/><V84/><F110/><W9/><G70/><T116/><D131/><U45/><E71/><V134/><F134/><W59/><G11/><T33/><D33/><U32/><E32/><V3/><F3/><W46/><G78/><T36/><D116/><U105/><E105/><V132/><F132/><W111/><G111/><T16/><D36/><U128/><E128/><V43/><F106/><W51/><G25/><T47/><D75/><U28/><E119/><V19/><F126/><W112/><G69/><T17/><D81/><U100/><E28/><N who="2" m="10795" /><F38/><W125/><G112/><T40/><D94/><N who="2" m="35882" /><F97/><W60/><G107/><T118/><D118/><U1/><E100/><V61/><F61/><W88/><G63/><T87/><D6/><U133/><E133/><V27/><F84/><W82/><G125/><T23/><D7/><U127/><E127/><V96/><F96/><W74/><G74/><T34/><D34/><U22/><E1/><V0/><F77/><W108/><G108/><T129/><D129/><U68/><E68/><V76/><F76/><W73/><G73/><T58/><REACH who="0" step="1"/><D17/><REACH who="0" ten="200,280,210,300" step="2"/><N who="2" m="6154" /><F0/><W14/><G39/><T21/><D21/><U98/><E22/><V57/><F57/><W115/><G37/><T12/><AGARI ba="1,1" hai="12,16,23,40,47,49,50,55,58,64,67,87,91,93" machi="12" ten="20,16000,3" yaku="1,1,0,1,7,1,25,2,8,1,54,1,53,1" doraHai="99" doraHaiUra="10" who="0" fromWho="0" sc="200,173,280,-81,210,-41,300,-41" /><INIT seed="2,0,0,3,4,108" ten="373,199,169,259" oya="2" hai0="1,56,84,119,94,24,0,86,16,103,21,70,95" hai1="51,4,131,25,123,71,77,20,127,33,76,66,45" hai2="130,3,83,117,96,132,49,42,32,26,121,93,40" hai3="13,37,113,114,47,31,19,29,80,85,14,5,28"/><V73/><F117/><W23/><G47/><T81/><D70/><U104/><E104/><V90/><F121/><W61/><G37/><T35/><D35/><U92/><E33/><V6/><F130/><W65/><G5/><T116/><D103/><U12/><E131/><V11/><F132/><W112/><G13/><T10/><D56/><U9/><E123/><V27/><F49/><W15/><G14/><T58/><D58/><U43/><E127/><V67/><F67/><W111/><G111/><T110/><D110/><U107/><E107/><V101/><F32/><W59/><G31/><T7/><D0/><U133/><E133/><V124/><F124/><W39/><G39/><T57/><D57/><U53/><E92/><N who="0" m="35369" /><D81/><U88/><E88/><AGARI ba="0,0" hai="15,19,23,28,29,59,61,65,80,85,88,112,113,114" machi="88" ten="40,8000,1" yaku="11,1,52,3,54,1" doraHai="108" who="3" fromWho="1" sc="373,0,199,-80,169,0,259,80" /><INIT seed="3,0,0,0,1,7" ten="373,119,169,339" oya="3" hai0="80,84,116,122,131,132,5,87,106,51,99,81,39" hai1="65,127,8,102,58,26,46,70,63,117,16,36,13" hai2="52,111,68,2,82,40,48,22,38,30,1,77,42" hai3="19,76,55,100,37,9,121,75,41,57,130,135,62"/><W107/><G121/><T105/><D122/><U79/><E127/><V49/><F68/><W134/><G130/><T10/><D39/><U47/><E117/><V112/><F112/><W88/><G100/><T20/><D116/><U86/><E36/><V93/><F38/><W133/><G107/><T69/><D69/><U89/><E102/><V53/><F111/><W114/><G114/><T23/><D131/><U6/><E79/><V54/><F93/><W113/><G113/><T27/><D132/><U24/><E70/><V115/><F115/><W128/><G128/><T18/><D23/><N who="1" m="13415" /><E26/><N who="2" m="16727" /><F1/><W95/><G76/><T17/><D99/><U61/><E63/><V109/><F2/><W126/><G75/><T59/><D51/><N who="2" m="19530" /><F109/><W67/><G126/><T129/><D129/><U94/><AGARI ba="0,0" hai="6,8,13,46,47,58,61,65,86,89,94" m="13415" machi="94" ten="30,4000,0" yaku="8,1,52,1,54,1" doraHai="7" who="1" fromWho="1" sc="373,-10,119,40,169,-10,339,-20" owari="363,46.3,159,-24.1,159,-34.1,319,11.9" /></mjloggm>