<mjloggm ver="2.3"><GO type="225" lobby="0"/><UN n0="%E5%AF%82%E5%AF%9E%E3%82%AE%E3%83%8D%E3%82%B9%E3%83%93%E3%83%BC%E3%83%AB" n1="%E8%81%B7%E6%A5%AD%E3%80%81%E9%A2%A8%32" n2="%E9%B3%B3%E6%9D%B1%E3%81%AE%E3%81%86%E3%81%95%E3%81%8E%E3%81%95%E3%82%93" n3="%E9%89%A2%E5%B7%BB%E3%82%AC%E3%83%96" dan="16,16,16,16" rate="2139.72,2138.73,2259.52,2143.92" sx="M,M,M,M"/><TAIKYOKU oya="0"/><INIT seed="0,0,0,0,1,28" ten="250,250,250,250" oya="0" hai0="58,73,47,106,25,75,125,91,43,53,123,15,94" hai1="112,92,37,78,34,85,115,18,129,96,113,50,6" hai2="8,109,5,135,97,16,117,32,127,9,120,95,72" hai3="21,98,110,80,1,49,64,66,22,107,31,27,100"/><T7/><D123/><U126/><E37/><V2/><F120/><W62/><G110/><T130/><D125/><U20/><E126/><V102/><F127/><W17/><G1/><T101/><D130/><U56/><E129/><V4/><F109/><W65/><G49/><T24/><D106/><U103/><E6/><V39/><F135/><W116/><G80/><T69/><D101/><U119/><E119/><V118/><F72/><W13/><REACH who="3" step="1"/><G116/><REACH who="3" ten="250,250,250,240" step="2"/><N who="2" m="44649" /><F39/><W55/><G55/><T122/><D122/><U14/><E50/><V59/><F4/><W10/><G10/><T108/><D108/><U52/><E78/><V131/><F131/><W57/><AGARI ba="0,1" hai="13,17,21,22,27,31,57,62,64,65,66,98,100,107" machi="57" ten="20,5200,0" yaku="1,1,0,1,7,1,53,1" doraHai="28" doraHaiUra="12" who="3" fromWho="3" sc="250,-26,250,-13,250,-13,240,62" /><INIT seed="1,0,0,0,5,119" ten="224,237,237,302" oya="1" hai0="67,85,2,89,109,60,124,100,64,61,74,97,104" hai1="21,38,110,123,19,42,34,77,35,40,103,46,22" hai2="17,37,69,54,108,133,129,56,126,128,82,120,117" hai3="88,49,45,76,93,32,41,6,28,91,118,12,106"/><U115/><E115/><V25/><F117/><W98/><G118/><T26/><D2/><U111/><E123/><V8/><F108/><N who="1" m="41513" /><E42/><V102/><F69/><W135/><G135/><T99/><D109/><U116/><E116/><V101/><F133/><W24/><G106/><T59/><D124/><U71/><E71/><V36/><F82/><W121/><G76/><T63/><D74/><U31/><E103/><V75/><F75/><W10/><REACH who="3" step="1"/><G121/><REACH who="3" ten="224,237,237,292" step="2"/><T27/><D99/><U80/><E77/><V65/><F120/><W113/><G113/><T62/><REACH who="0" step="1"/><D67/><REACH who="0" ten="214,237,237,292" step="2"/><U4/><E35/><V39/><F65/><W30/><G30/><T52/><D52/><U125/><E34/><V78/><F54/><W14/><G14/><T79/><D79/><U122/><E31/><V127/><F78/><W50/><G50/><T70/><D70/><U96/><E122/><V130/><F127/><W94/><G94/><AGARI ba="0,2" hai="26,27,59,60,61,62,63,64,85,89,94,97,100,104" machi="94" ten="40,8000,1" yaku="1,1,53,4" doraHai="119" doraHaiUra="57" who="0" fromWho="3" sc="214,100,237,0,237,0,292,-80" /><INIT seed="2,0,0,2,1,2" ten="314,237,237,212" oya="2" hai0="96,65,31,100,73,50,72,83,20,59,70,60,69" hai1="98,75,87,22,44,110,39,29,51,97,116,128,49" hai2="113,10,109,67,126,117,52,123,66,61,13,63,92" hai3="120,26,79,125,30,114,55,89,41,101,122,84,23"/><V68/><F113/><W42/><G125/><T127/><D127/><U9/><E110/><V3/><F123/><W27/><G114/><T111/><D111/><U19/><E75/><V64/><F126/><W94/><G120/><T76/><D73/><U88/><E116/><V78/><F117/><W4/><G122/><T53/><D20/><U124/><E128/><V21/><F109/><W130/><G130/><T1/><D1/><U5/><E39/><V82/><F3/><W107/><G55/><T103/><D31/><U86/><E86/><V62/><F21/><W36/><G36/><T25/><D25/><N who="1" m="16567" /><E5/><V58/><F92/><W91/><G27/><T11/><D11/><U112/><E51/><V40/><F40/><W7/><G91/><T14/><D14/><N who="1" m="7631" /><E124/><V43/><F43/><W108/><G108/><T56/><D103/><U16/><E16/><N who="2" m="8247" /><F68/><W95/><G107/><AGARI ba="0,0" hai="50,53,56,59,60,65,69,70,72,76,83,96,100,107" machi="107" ten="30,1000,0" yaku="7,1" doraHai="2" who="0" fromWho="3" sc="314,10,237,0,237,0,212,-10" /><INIT seed="3,0,0,1,0,29" ten="324,237,237,202" oya="3" hai0="117,125,43,95,92,54,40,83,89,101,11,16,66" hai1="31,85,119,68,21,32,108,9,100,81,111,5,8" hai2="7,33,93,3,120,22,65,76,86,42,55,121,126" hai3="130,118,71,107,72,58,87,10,17,122,45,135,13"/><W50/><G118/><T6/><D117/><U0/><E68/><V4/><F33/><W39/><G122/><N who="2" m="47209" /><F126/><W2/><G72/><T46/><D66/><U80/><E119/><V69/><F42/><N who="0" m="15914" /><D6/><N who="2" m="2090" /><F3/><W131/><G2/><T103/><D83/><U14/><E100/><N who="0" m="38473" /><D89/><U49/><E49/><V112/><F112/><W1/><G1/><T106/><D106/><U59/><E59/><V56/><F69/><W129/><G71/><T35/><D35/><U78/><E81/><N who="2" m="47399" /><F93/><W97/><G39/><T51/><D125/><U133/><E133/><V64/><F22/><W124/><G124/><T15/><AGARI ba="0,0" hai="11,15,16,46,51,54,92,95" m="38473,15914" machi="15" ten="30,2000,0" yaku="8,1,54,1" doraHai="29" who="0" fromWho="0" sc="324,20,237,-5,237,-5,202,-10" owari="344,44.4,232,3.2,232,-16.8,192,-30.8" /></mjloggm>