<mjloggm ver="2.3"><GO type="225" lobby="0"/><UN n0="%E5%A4%96%E5%B7%9D%E7%AB%9C%E6%88%90" n1="%E8%81%B7%E6%A5%AD%E3%80%81%E9%A2%A8%32" n2="%E3%83%9D%E3%83%B3%E3%83%9D%E3%82%B3%E5%95%86%E4%BA%8B" n3="%4B%2E%32%2E%4B%2E" dan="16,16,16,16" rate="2205.69,2181.91,2111.84,2094.60" sx="M,M,M,M"/><TAIKYOKU oya="0"/><INIT seed="0,0,0,4,2,53" ten="250,250,250,250" oya="0" hai0="48,66,61,124,23,54,121,101,2,12,83,117,1" hai1="130,6,32,11,16,102,100,44,50,134,14,60,3" hai2="47,46,99,38,77,42,41,129,80,112,97,18,79" hai3="57,82,76,73,106,107,86,26,85,25,115,34,95"/><T9/><D117/><U70/><E130/><V109/><F109/><W71/><G71/><T67/><D121/><U132/><E32/><V27/><F129/><W13/><G115/><T133/><D124/><U28/><E28/><V87/><F79/><W128/><G128/><T118/><D118/><U17/><E60/><V5/><F5/><W31/><G25/><T78/><D133/><N who="1" m="51307" /><E70/><V64/><F64/><W15/><G85/><T81/><D23/><N who="1" m="11671" /><E17/><V33/><F112/><W125/><G125/><T0/><D61/><U30/><E30/><V74/><F74/><W69/><G69/><T120/><D120/><U90/><E90/><V21/><REACH who="2" step="1"/><F33/><REACH who="2" ten="250,250,240,250" step="2"/><W45/><G34/><T52/><D78/><U7/><E6/><V68/><F68/><W37/><G76/><T135/><D135/><U39/><E39/><AGARI ba="0,1" hai="18,21,27,38,39,41,42,46,47,77,80,87,97,99" machi="39" ten="30,8000,1" yaku="1,1,7,1,9,1,53,2" doraHai="53" doraHaiUra="36" who="2" fromWho="1" sc="250,0,250,-80,240,90,250,0" /><INIT seed="1,0,0,4,5,135" ten="250,170,330,250" oya="1" hai0="53,104,96,42,38,2,117,106,69,83,8,43,47" hai1="87,116,35,32,65,36,59,81,134,130,68,85,115" hai2="100,99,113,1,109,132,80,18,10,133,49,84,16" hai3="44,45,25,101,22,3,67,94,128,61,56,121,120"/><U79/><E116/><V88/><F109/><W126/><G3/><T107/><D117/><U82/><E115/><V21/><F113/><W93/><G128/><T27/><D69/><U13/><E134/><N who="2" m="51819" /><F49/><W28/><G126/><T19/><D83/><U60/><E130/><V105/><F21/><W110/><G110/><T77/><D77/><U55/><E36/><V74/><F74/><W131/><G131/><T30/><D43/><U125/><E125/><V90/><F90/><W71/><G71/><T23/><D53/><U57/><E13/><N who="2" m="7223" /><F18/><W29/><G29/><T0/><D96/><U14/><E14/><V52/><F52/><W92/><G120/><T50/><D38/><U20/><E20/><V6/><F6/><W5/><G5/><T89/><D89/><U123/><E123/><V17/><F17/><W62/><G62/><T86/><D86/><U34/><REACH who="1" step="1"/><E55/><REACH who="1" ten="250,160,330,250" step="2"/><V75/><F1/><W9/><G121/><T112/><D112/><U48/><E48/><V103/><F75/><W64/><G9/><T91/><D0/><U78/><AGARI ba="0,1" hai="32,34,35,57,59,60,65,68,78,79,81,82,85,87" machi="78" ten="30,6000,0" yaku="1,1,0,1,9,1,53,0" doraHai="135" doraHaiUra="24" who="1" fromWho="1" sc="250,-20,160,70,330,-20,250,-20" /><INIT seed="1,1,0,0,1,59" ten="230,230,310,230" oya="1" hai0="65,123,70,44,97,39,120,47,24,127,75,58,100" hai1="9,87,43,20,86,81,54,124,53,89,117,113,29" hai2="1,25,17,106,38,19,68,5,80,112,3,64,14" hai3="91,48,88,28,42,31,73,71,18,129,0,121,108"/><U23/><E117/><V34/><F112/><W90/><G0/><T22/><D75/><U26/><E113/><V131/><F38/><W76/><G121/><N who="0" m="46667" /><D70/><U99/><E124/><V32/><F106/><W102/><G71/><T10/><D10/><U62/><E43/><V36/><F36/><W21/><G108/><T8/><D8/><U107/><E9/><N who="2" m="4399" /><F80/><W115/><G115/><T125/><D39/><U6/><E6/><V122/><F64/><W13/><G129/><T49/><D65/><U51/><E107/><V78/><F78/><W85/><G73/><T79/><D58/><N who="1" m="35151" /><E23/><N who="2" m="13551" /><F68/><W96/><G85/><T95/><D79/><U16/><E87/><V11/><F122/><W50/><G76/><T135/><D135/><U30/><E99/><V98/><F98/><W126/><G126/><N who="0" m="48139" /><D49/><N who="3" m="19049" /><G42/><T77/><D77/><U103/><E103/><V40/><F40/><W4/><G4/><T46/><D46/><AGARI ba="1,0" hai="16,20,26,29,30,46,51,54,81,86,89" m="35151" machi="46" ten="30,5800,0" yaku="8,1,52,1,54,1" doraHai="59" who="1" fromWho="0" sc="230,-61,230,61,310,0,230,0" /><INIT seed="1,2,0,4,3,130" ten="169,291,310,230" oya="1" hai0="56,46,27,40,67,19,114,112,103,73,18,6,45" hai1="113,3,50,100,109,41,124,30,104,97,117,122,106" hai2="1,32,91,75,76,23,92,71,15,80,60,118,132" hai3="82,37,31,72,52,17,105,59,5,99,111,48,116"/><U135/><E122/><V12/><F1/><W10/><G116/><T7/><D73/><U90/><E117/><V43/><F32/><W107/><G111/><T83/><D103/><U101/><E113/><V121/><F118/><W88/><G37/><T81/><D56/><U69/><E3/><V79/><F79/><W28/><G17/><T96/><D96/><U93/><E30/><V129/><F121/><W85/><G72/><T35/><D67/><U128/><E128/><V8/><F43/><W38/><G38/><T25/><REACH who="0" step="1"/><D40/><REACH who="0" ten="159,291,310,230" step="2"/><U74/><E41/><V133/><F129/><W110/><G110/><T119/><D119/><U94/><E97/><V0/><F71/><W78/><G105/><T127/><D127/><U98/><E124/><V125/><F125/><W54/><G54/><T62/><D62/><U53/><E104/><V4/><F60/><W21/><G107/><T2/><D2/><U64/><E106/><V120/><F120/><W58/><G58/><T16/><D16/><U20/><E53/><V51/><F51/><W34/><G99/><T36/><D36/><U14/><E98/><V86/><F23/><W42/><G21/><T61/><D61/><U47/><E20/><V77/><F77/><W123/><G123/><T11/><D11/><U22/><E22/><V33/><F33/><AGARI ba="2,1" hai="6,7,18,19,25,27,33,35,45,46,81,83,112,114" machi="33" ten="25,3200,0" yaku="1,1,22,2,53,0" doraHai="130" doraHaiUra="44" who="0" fromWho="2" sc="159,48,291,0,310,-38,230,0" /><INIT seed="2,0,0,4,5,135" ten="207,291,272,230" oya="2" hai0="2,126,112,18,62,80,108,102,75,106,74,88,19" hai1="24,30,124,44,82,46,11,89,96,3,21,52,128" hai2="81,95,55,13,45,64,100,9,43,33,23,28,65" hai3="98,25,5,67,116,40,125,94,119,70,68,32,59"/><V34/><F55/><W131/><G131/><T76/><D112/><U90/><E124/><V48/><F81/><W10/><G40/><T16/><D2/><U12/><E128/><V8/><F8/><W6/><G59/><T7/><D7/><U63/><E3/><V99/><F34/><W54/><G54/><T35/><D35/><U77/><E90/><V91/><F33/><W38/><G38/><T103/><D108/><U78/><E89/><V27/><REACH who="2" step="1"/><F91/><REACH who="2" ten="207,291,262,230" step="2"/><W31/><G10/><T107/><D88/><U130/><E82/><V97/><F97/><W29/><G32/><T4/><D80/><U73/><E96/><V113/><F113/><W56/><G98/><T110/><D110/><U47/><E130/><V92/><F92/><W22/><G94/><T17/><D107/><U118/><E73/><V69/><F69/><W123/><G70/><T109/><D106/><U114/><E114/><V50/><F50/><W37/><G68/><T105/><D105/><U85/><E52/><V111/><F111/><W132/><G22/><T134/><D109/><U104/><E21/><V129/><F129/><W57/><G37/><T53/><D75/><U61/><E11/><V42/><F42/><W20/><G20/><T36/><D36/><U66/><E78/><V83/><F83/><W15/><G67/><T133/><D74/><U79/><E66/><V14/><F14/><W0/><G15/><T1/><D1/><U127/><E12/><V26/><F26/><W120/><G0/><T86/><D76/><U60/><E79/><V117/><F117/><W72/><G72/><RYUUKYOKU ba="0,1" sc="207,-10,291,-10,262,30,230,-10" hai2="9,13,23,27,28,43,45,48,64,65,95,99,100" /><INIT seed="2,1,1,4,2,126" ten="197,281,292,220" oya="2" hai0="114,20,35,45,41,96,115,14,15,88,65,33,134" hai1="28,133,98,53,61,107,77,123,128,50,91,99,16" hai2="40,32,83,56,23,18,8,11,93,130,125,81,25" hai3="55,39,5,135,59,69,17,127,119,112,73,129,46"/><V70/><F70/><W62/><G73/><T1/><D1/><U76/><E128/><V6/><F130/><W122/><G5/><T78/><D78/><U80/><E133/><V117/><F117/><W103/><G103/><T42/><D65/><U92/><E123/><V102/><F32/><W7/><G7/><T120/><D20/><U47/><E28/><V131/><F131/><W75/><G75/><T113/><D120/><U19/><E107/><V57/><F40/><N who="3" m="22815" /><G129/><T86/><D96/><U13/><E19/><V2/><F11/><W101/><G101/><T22/><D134/><U116/><E116/><V87/><F125/><W60/><G127/><T52/><D52/><N who="1" m="29791" /><E99/><V104/><F104/><W51/><G135/><T44/><D114/><U82/><E53/><V121/><F121/><W24/><G119/><T72/><D72/><U95/><E61/><V37/><F37/><W124/><G124/><T58/><D58/><U66/><E95/><V29/><F29/><W21/><G122/><T64/><D64/><U90/><E66/><V34/><F34/><W9/><G112/><T89/><D86/><N who="1" m="50503" /><E82/><V74/><F74/><W111/><G111/><T94/><D89/><U54/><E54/><V100/><F83/><W4/><G69/><T63/><D88/><U106/><E106/><V3/><F3/><N who="3" m="159" /><G62/><T68/><D63/><U118/><E118/><V43/><F43/><W85/><G60/><T36/><D68/><U26/><E26/><V71/><F71/><W110/><G110/><T31/><D36/><U97/><E98/><N who="2" m="59471" /><F102/><W109/><G109/><T67/><D113/><RYUUKYOKU ba="1,1" sc="197,-30,281,10,292,10,220,10" hai1="13,16,76,77,91,92,97" hai2="2,6,8,18,23,25,56,57,81,87" hai3="17,21,24,51,55,59,85" /><INIT seed="2,2,1,1,5,84" ten="167,291,302,230" oya="2" hai0="117,59,110,28,49,34,63,96,4,32,88,36,47" hai1="48,73,100,62,126,6,71,44,103,118,17,135,42" hai2="66,58,95,105,50,128,89,79,87,113,115,24,83" hai3="8,99,116,91,108,21,54,107,86,27,123,57,106"/><V112/><F128/><W111/><G116/><T120/><D120/><U133/><E73/><V53/><F105/><W9/><G123/><T109/><D36/><U90/><E118/><V15/><F66/><W2/><G99/><T92/><D117/><U102/><E126/><V56/><F24/><W129/><G129/><T5/><D5/><U0/><E17/><V3/><F3/><W101/><G101/><T124/><D4/><U97/><E0/><V23/><F58/><W20/><G106/><T45/><D124/><U19/><E6/><V40/><F40/><W65/><G65/><N who="0" m="39167" /><D28/><U14/><E62/><V64/><F64/><W16/><G107/><T35/><D49/><U76/><E71/><V38/><F38/><W22/><G2/><T70/><D70/><U25/><E76/><V52/><F53/><W13/><G27/><T10/><D10/><U104/><E25/><V134/><F134/><N who="1" m="51209" /><E90/><V41/><F41/><W121/><G8/><AGARI ba="2,1" hai="8,14,19,42,44,48,97,100,102,103,104" m="51209" machi="8" ten="30,1000,0" yaku="20,1" doraHai="84" who="1" fromWho="3" sc="167,0,291,26,302,0,230,-16" /><INIT seed="3,0,0,1,0,89" ten="167,317,302,214" oya="3" hai0="130,43,30,65,93,3,69,79,41,2,96,4,33" hai1="39,58,124,67,20,87,18,23,131,78,101,55,111" hai2="118,24,11,53,115,98,84,107,102,77,10,112,85" hai3="6,54,117,28,129,40,108,100,12,56,132,104,8"/><W49/><G117/><T135/><D79/><U1/><E111/><V32/><F118/><W22/><G129/><T45/><D130/><U83/><E39/><V27/><F53/><W72/><G72/><T114/><D135/><U133/><E133/><V95/><F77/><W128/><G132/><T52/><D114/><U70/><E1/><V71/><F27/><W5/><G128/><T103/><D2/><U59/><E70/><V42/><F42/><W34/><G34/><T119/><D119/><U90/><E124/><V61/><F85/><W64/><G108/><T37/><D41/><U51/><E101/><V88/><F112/><W121/><G121/><T123/><D123/><U29/><E131/><V94/><F94/><W127/><G127/><T120/><D120/><U21/><E29/><N who="2" m="19495" /><F115/><W50/><G104/><T48/><D30/><U13/><E78/><V47/><F47/><N who="3" m="25831" /><G100/><T91/><D33/><U17/><E13/><V105/><F105/><W14/><G64/><AGARI ba="0,0" hai="10,11,61,64,71,84,88,95,98,102,107" m="19495" machi="64" ten="30,3900,0" yaku="25,1,52,1,54,1" doraHai="89" who="2" fromWho="3" sc="167,0,317,0,302,39,214,-39" owari="167,-33.3,317,11.7,341,44.1,175,-22.5" /></mjloggm>