<mjloggm ver="2.3"><GO type="225" lobby="0"/><UN n0="%E6%98%93%E5%88%A9%E8%96%A9%E4%BC%AF" n1="%E4%B8%89%E5%88%86%E5%B0%8F%E5%83%A7" n2="%6D%75%75%73%61%6E%6D%75" n3="%E8%A8%88%E7%AE%97%E6%A9%9F%E8%87%AA%E7%84%B6" dan="16,16,17,17" rate="2111.20,2076.84,2157.16,2178.24" sx="F,M,F,M"/><TAIKYOKU oya="0"/><INIT seed="0,0,0,1,5,34" ten="250,250,250,250" oya="0" hai0="106,78,130,48,55,36,37,79,102,93,45,5,32" hai1="76,132,131,73,118,108,12,10,101,58,60,95,7" hai2="19,74,30,29,43,56,96,103,0,110,2,51,127" hai3="38,135,88,46,70,115,117,9,104,18,133,61,81"/><T52/><D32/><U24/><E118/><V134/><F74/><W65/><G117/><T120/><D106/><U86/><E108/><V22/><F110/><W69/><G104/><T113/><D120/><U42/><E131/><V15/><F127/><W109/><G109/><T82/><D113/><U6/><E132/><N who="3" m="50762" /><G115/><T13/><D55/><U49/><E73/><V35/><F134/><W67/><G18/><T64/><D64/><N who="3" m="24649" /><G9/><T128/><D5/><U66/><E24/><V80/><F80/><W57/><G88/><T75/><D13/><U105/><E105/><V53/><F43/><N who="3" m="22903" /><G81/><T54/><D79/><U116/><E116/><V122/><F122/><W119/><G119/><T114/><D114/><U87/><E6/><V124/><F124/><W129/><G129/><T62/><D93/><U28/><E28/><V11/><F11/><W111/><G111/><T59/><D102/><U4/><E4/><V90/><F90/><W77/><G77/><T16/><D130/><U84/><E76/><V17/><F17/><W8/><G8/><T31/><D31/><U89/><E101/><V92/><REACH who="2" step="1"/><F29/><REACH who="2" ten="250,250,240,250" step="2"/><W41/><G41/><T3/><D128/><U47/><AGARI ba="0,1" hai="7,10,12,42,47,49,58,60,66,84,86,87,89,95" machi="47" ten="30,2000,0" yaku="0,1,8,1" doraHai="34" who="1" fromWho="1" sc="250,-10,250,30,240,-5,250,-5" /><INIT seed="1,0,0,2,4,44" ten="240,280,235,245" oya="1" hai0="9,56,124,25,135,79,14,59,42,120,67,69,116" hai1="20,125,54,111,50,74,65,40,33,57,78,96,3" hai2="21,87,53,128,86,4,76,34,98,89,49,114,8" hai3="134,90,100,52,106,18,133,60,10,29,129,126,112"/><U61/><E33/><V45/><F34/><W95/><G112/><T51/><D116/><U1/><E125/><V80/><F114/><W55/><G29/><T131/><D120/><U110/><E40/><V41/><F128/><W75/><G75/><T16/><D135/><N who="3" m="51721" /><G126/><T85/><D131/><U47/><E20/><V71/><F71/><W99/><G129/><T64/><D69/><U84/><E74/><V7/><F98/><N who="3" m="61719" /><G60/><T119/><D119/><U11/><E96/><V82/><F8/><W101/><G101/><T46/><D25/><U31/><E31/><V130/><F130/><W104/><G104/><T19/><D19/><U108/><E11/><V28/><REACH who="2" step="1"/><F41/><REACH who="2" ten="240,280,225,245" step="2"/><W123/><G123/><T121/><D121/><U102/><E102/><V91/><F91/><W24/><G10/><T117/><D124/><U43/><E43/><V35/><F35/><W22/><AGARI ba="0,1" hai="18,22,24,52,55,90,95,99" m="61719,51721" machi="22" ten="30,2000,0" yaku="20,1,54,1" doraHai="44" who="3" fromWho="3" sc="240,-5,280,-10,225,-5,245,30" /><INIT seed="2,0,0,4,1,25" ten="235,270,220,275" oya="2" hai0="7,49,48,64,133,13,121,58,40,72,0,46,124" hai1="28,120,30,74,23,73,95,100,24,42,21,17,54" hai2="97,53,84,113,117,112,88,8,12,129,85,5,35" hai3="41,55,50,47,132,105,118,96,14,68,111,22,37"/><V123/><F117/><W134/><G118/><T78/><D121/><U116/><E116/><V6/><F123/><W90/><G68/><T29/><D133/><N who="3" m="51305" /><G111/><T63/><D13/><U99/><E120/><V87/><F129/><W75/><G75/><T18/><D18/><N who="1" m="12343" /><E74/><V59/><F35/><W43/><G37/><N who="0" m="21775" /><D29/><N who="1" m="11371" /><E73/><V4/><F112/><W89/><G90/><T52/><D64/><U26/><E42/><V127/><F127/><W98/><G96/><T81/><D124/><U20/><E20/><V119/><F119/><W36/><G36/><T104/><D104/><U1/><E1/><V102/><F113/><W82/><G105/><T10/><AGARI ba="0,0" hai="0,7,10,48,49,52,58,63,72,78,81" m="21775" machi="10" ten="30,2000,0" yaku="25,1,54,1" doraHai="25" who="0" fromWho="0" sc="235,20,270,-5,220,-10,275,-5" /><INIT seed="3,0,0,5,1,9" ten="255,265,210,270" oya="3" hai0="39,20,114,121,36,116,90,70,2,100,56,79,1" hai1="80,61,3,105,31,108,7,96,44,28,132,134,58" hai2="77,71,30,50,68,11,78,84,55,115,104,128,69" hai3="35,6,22,124,32,38,16,118,106,81,65,102,48"/><W127/><G38/><T82/><D116/><U8/><E108/><V62/><F128/><W54/><G118/><T21/><D70/><U52/><E80/><V59/><F115/><W95/><G106/><T57/><D100/><N who="1" m="62599" /><E44/><V72/><F104/><W122/><G65/><T34/><D34/><U27/><E27/><V0/><F72/><W46/><G6/><T73/><D121/><U85/><E85/><V53/><F30/><W91/><G81/><T131/><D90/><U94/><E94/><V63/><F84/><N who="3" m="52711" /><G102/><T64/><D131/><U17/><E17/><V83/><F83/><W10/><G10/><T33/><D33/><U24/><E24/><V112/><F112/><W42/><G42/><T123/><D123/><U13/><E3/><V4/><REACH who="2" step="1"/><F63/><REACH who="2" ten="255,265,200,270" step="2"/><W66/><G122/><T25/><D114/><U89/><E89/><V67/><F67/><W97/><G66/><T113/><D64/><U119/><E119/><V37/><F37/><W125/><G97/><T5/><D113/><U19/><E19/><V93/><F93/><W126/><G127/><T133/><D36/><U88/><E88/><V111/><F111/><W107/><G107/><T43/><D39/><U110/><E110/><V12/><F12/><AGARI ba="0,1" hai="12,16,22,32,35,46,48,54,124,125,126" m="52711" machi="12" ten="30,5800,0" yaku="18,1,52,1,54,1" doraHai="9" who="3" fromWho="2" sc="255,0,265,0,200,-58,270,68" owari="255,-14.5,265,6.5,142,-35.8,338,43.8" /></mjloggm>