<mjloggm ver="2.3"><GO type="225" lobby="0"/><UN n0="%33%74%72%65%65" n1="%E5%A4%9C%E5%85%89%E5%A4%A9%E6%A5%BC" n2="%4C%4F%4C%49%54%41" n3="%E3%82%BC%E3%83%AB%E3%83%80%E3%81%AE%E4%BC%9D%E8%AA%AC" dan="16,16,16,17" rate="2145.29,2148.92,2150.88,2208.24" sx="F,F,F,M"/><TAIKYOKU oya="0"/><INIT seed="0,0,0,4,1,9" ten="250,250,250,250" oya="0" hai0="46,34,94,65,124,85,128,27,15,74,77,64,76" hai1="98,8,66,79,72,62,45,59,104,121,53,91,5" hai2="33,29,0,57,118,1,14,122,20,90,7,21,135" hai3="75,40,6,39,115,86,108,56,109,12,82,97,13"/><T41/><D124/><U127/><E121/><V106/><F106/><W42/><G115/><T37/><D128/><U126/><E79/><V50/><F122/><W23/><G75/><T55/><D74/><U78/><E78/><V120/><F120/><W100/><G56/><T107/><D107/><U130/><E72/><V119/><F90/><N who="3" m="51543" /><G6/><T49/><D76/><U28/><E130/><V68/><F68/><W133/><G23/><N who="2" m="8777" /><F50/><W103/><G133/><T2/><D2/><N who="2" m="1130" /><F57/><W131/><G131/><T132/><D132/><U17/><E59/><V88/><F88/><W30/><G30/><T105/><D105/><U47/><E28/><V134/><F135/><W93/><G100/><T129/><D129/><U25/><E91/><V3/><F3/><W61/><G61/><T4/><D37/><U11/><E62/><V22/><F134/><W36/><G36/><T32/><D77/><U58/><E104/><V54/><F22/><W117/><G39/><T123/><D123/><U112/><E126/><V71/><F54/><W51/><G40/><T92/><D41/><U83/><E53/><V35/><F71/><W125/><G125/><T95/><D55/><U102/><E58/><V116/><F29/><W89/><G103/><T52/><D52/><U73/><E102/><V44/><F44/><N who="3" m="26007" /><G117/><T16/><D46/><U84/><E47/><V43/><F43/><W63/><G63/><T80/><D49/><U69/><E127/><V113/><F113/><W18/><G18/><T48/><D48/><U70/><E112/><V111/><F111/><AGARI ba="0,0" hai="12,13,89,93,97,108,109,111" m="26007,51543" machi="111" ten="30,3900,0" yaku="14,1,52,2" doraHai="9" who="3" fromWho="2" sc="250,0,250,0,250,-39,250,39" /><INIT seed="1,0,0,2,2,19" ten="250,250,211,289" oya="1" hai0="90,124,80,99,5,37,117,67,41,134,21,128,51" hai1="7,129,60,85,74,122,32,55,63,100,126,13,22" hai2="39,20,105,56,131,121,94,62,89,30,9,38,88" hai3="127,118,6,125,112,49,109,104,10,36,25,52,77"/><U64/><E122/><V58/><F121/><W16/><G109/><T95/><D117/><U15/><E74/><V0/><F105/><W71/><G112/><T2/><D134/><U103/><E32/><V119/><F119/><W44/><G118/><T14/><D124/><N who="3" m="47689" /><G104/><T34/><D34/><U53/><E126/><V54/><F131/><W78/><G71/><T114/><D128/><U130/><E7/><V31/><F0/><N who="3" m="327" /><G36/><T133/><D37/><U66/><REACH who="1" step="1"/><E85/><REACH who="1" ten="250,240,211,289" step="2"/><V106/><F39/><W81/><G81/><T12/><D80/><U113/><E113/><V26/><F38/><W132/><G132/><T123/><D133/><U40/><E40/><V111/><F111/><W61/><G61/><T23/><D41/><U79/><E79/><V82/><F82/><W48/><G48/><T4/><D51/><U18/><E18/><V28/><F62/><W47/><G77/><T75/><D114/><U97/><E97/><V76/><F76/><W69/><G78/><T27/><D99/><U86/><E86/><V45/><F30/><W68/><G16/><T98/><D98/><U3/><E3/><V107/><F31/><W17/><G17/><T43/><D2/><U116/><E116/><V42/><F42/><W93/><G25/><T65/><D75/><U72/><E72/><V91/><F26/><W84/><G84/><N who="0" m="52679" /><D27/><U50/><E50/><V29/><F29/><W1/><G1/><T102/><D43/><U35/><E35/><V24/><F28/><W108/><G108/><T92/><D123/><U57/><E57/><N who="2" m="22123" /><F24/><W120/><G120/><T135/><D135/><RYUUKYOKU ba="0,1" sc="250,-10,240,30,211,-10,289,-10" hai1="13,15,22,53,55,60,63,64,66,100,103,129,130" /><INIT seed="1,1,1,3,1,35" ten="240,270,201,279" oya="1" hai0="107,118,73,49,11,71,55,112,99,53,50,111,103" hai1="105,52,75,15,33,34,91,39,126,61,37,96,64" hai2="32,67,134,41,45,129,106,30,97,58,65,16,83" hai3="135,46,28,119,108,81,109,44,120,40,86,68,102"/><U3/><E75/><V127/><F127/><W22/><G120/><T94/><D118/><U29/><E15/><V114/><F129/><W123/><G123/><T77/><D112/><U79/><E79/><V6/><F134/><W84/><G119/><T42/><D71/><N who="1" m="42383" /><E91/><V17/><F114/><W18/><G135/><T82/><D11/><U48/><E34/><V80/><F6/><W124/><G124/><T20/><D20/><U110/><E3/><V89/><F32/><W36/><G68/><T98/><D42/><U72/><E72/><V13/><F30/><W117/><G117/><T10/><D10/><U113/><E113/><V121/><F121/><W1/><G46/><T88/><REACH who="0" step="1"/><D111/><REACH who="0" ten="230,270,201,279" step="2"/><U132/><E110/><V38/><F41/><W23/><G23/><T66/><D66/><U54/><E126/><V133/><F65/><W43/><G43/><T100/><D100/><N who="1" m="62599" /><E54/><AGARI ba="1,2" hai="49,50,53,54,55,73,77,82,88,94,98,99,103,107" machi="54" ten="40,2600,0" yaku="1,1,54,1,53,0" doraHai="35" doraHaiUra="31" who="0" fromWho="1" sc="230,49,270,-29,201,0,279,0" /><INIT seed="2,0,0,5,4,34" ten="279,241,201,279" oya="2" hai0="95,126,13,121,20,89,47,18,28,134,0,26,54" hai1="77,130,93,114,78,69,6,103,83,131,99,107,119" hai2="124,117,25,38,15,66,48,108,63,11,92,3,101" hai3="10,116,123,105,73,7,68,51,23,94,71,2,118"/><V112/><F38/><W9/><G23/><T127/><D121/><U59/><E69/><V53/><F112/><W85/><G94/><T135/><D47/><U41/><E41/><V61/><F117/><W36/><G51/><T16/><D54/><U125/><E6/><V30/><F124/><N who="0" m="47658" /><D0/><U76/><E125/><V33/><F108/><W58/><G58/><T97/><D18/><U49/><E114/><V57/><F3/><N who="3" m="255" /><G85/><T67/><D67/><U17/><E17/><V75/><F75/><W1/><G1/><T79/><D79/><U56/><E119/><N who="3" m="45610" /><G123/><T32/><AGARI ba="0,0" hai="13,16,20,26,28,32,89,95,97,134,135" m="47658" machi="32" ten="30,2000,0" yaku="18,1,54,1" doraHai="34" who="0" fromWho="0" sc="279,20,241,-5,201,-10,279,-5" /><INIT seed="3,0,0,2,1,119" ten="299,236,191,274" oya="3" hai0="26,102,106,10,81,56,19,2,18,110,57,114,132" hai1="115,36,122,131,104,67,6,20,24,34,79,22,16" hai2="130,48,39,49,44,124,123,17,7,0,109,74,55" hai3="100,71,99,68,12,95,41,87,101,85,28,66,35"/><W133/><G133/><T60/><D110/><U40/><E104/><V75/><F109/><W65/><G41/><T92/><D132/><U107/><E107/><V51/><F124/><W117/><G117/><T58/><D106/><U30/><E67/><V73/><F130/><W112/><G112/><T84/><D2/><U72/><E115/><V80/><F123/><W135/><G135/><T128/><D128/><U78/><E122/><V111/><F111/><W129/><G12/><N who="0" m="7447" /><D26/><U70/><E22/><V21/><F39/><W38/><G95/><T3/><D3/><U82/><E79/><V116/><F116/><W90/><G90/><N who="0" m="51471" /><D19/><U50/><E50/><V127/><F80/><W54/><G54/><N who="0" m="33815" /><D114/><U9/><E70/><V83/><F83/><W23/><G23/><T120/><D120/><U46/><E131/><V126/><F127/><W27/><G87/><T88/><D102/><U14/><REACH who="1" step="1"/><E34/><REACH who="1" ten="299,226,191,274" step="2"/><V113/><F113/><W31/><G129/><T59/><D59/><U8/><E8/><V98/><F126/><W4/><G66/><T33/><D33/><U29/><AGARI ba="0,1" hai="6,9,14,16,20,24,29,30,36,40,46,72,78,82" machi="29" ten="30,4000,0" yaku="1,1,0,1,54,1,53,0" doraHai="119" doraHaiUra="134" who="1" fromWho="1" sc="299,-10,226,50,191,-10,274,-20" /><INIT seed="4,0,0,4,4,3" ten="289,276,181,254" oya="0" hai0="52,69,115,26,66,79,91,125,129,80,33,47,92" hai1="127,78,6,59,97,83,122,61,48,96,4,76,112" hai2="23,120,60,93,121,67,9,99,49,14,15,1,62" hai3="128,2,51,64,25,12,86,133,130,32,34,18,21"/><T100/><D115/><U119/><E119/><V135/><F135/><W87/><G64/><T22/><D33/><N who="3" m="12905" /><G51/><N who="0" m="28799" /><D69/><U71/><E122/><V28/><F1/><W17/><G86/><N who="0" m="48415" /><D129/><N who="3" m="49769" /><G87/><N who="0" m="52351" /><D125/><U46/><E127/><V20/><F49/><W90/><G90/><T37/><D37/><U11/><E71/><V36/><F36/><W103/><G103/><T101/><D66/><U132/><E112/><V105/><F105/><W43/><G43/><T39/><D39/><U30/><E78/><V94/><F67/><W57/><G57/><T85/><D85/><N who="1" m="48359" /><E59/><V0/><F0/><W72/><G72/><T27/><D27/><U111/><E48/><V10/><REACH who="2" step="1"/><F28/><AGARI ba="0,0" hai="22,26,28,100,101" m="52351,48415,28799" machi="28" ten="30,2900,0" yaku="8,1,54,1" doraHai="3" who="0" fromWho="2" sc="289,29,276,0,181,-29,254,0" owari="318,41.8,276,7.6,152,-34.8,254,-14.6" /></mjloggm>