<mjloggm ver="2.3"><GO type="225" lobby="0"/><UN n0="%E3%83%81%E3%83%AF%E3%83%AF%E9%9A%8A%E9%95%B7" n1="%E3%82%A2%E3%83%A1%E3%82%A2%E3%83%A9%E3%83%AC" n2="%E6%98%93%E5%88%A9%E8%96%A9%E4%BC%AF" n3="%E3%81%A4%E3%81%A3%E3%81%B1%E3%82%8A%E3%83%9D%E3%83%BC%E3%83%AB" dan="16,16,16,16" rate="2192.52,2062.67,2117.82,2074.34" sx="M,M,F,M"/><TAIKYOKU oya="0"/><INIT seed="0,0,0,5,3,130" ten="250,250,250,250" oya="0" hai0="31,2,71,129,120,27,6,121,43,39,5,86,50" hai1="26,40,64,124,135,132,35,117,47,113,108,17,41" hai2="61,9,0,118,21,51,77,53,44,66,46,22,119" hai3="58,37,67,36,56,93,30,94,52,69,54,65,79"/><T10/><D71/><U32/><E108/><V23/><F77/><W126/><G79/><T57/><D39/><N who="3" m="14921" /><G30/><T91/><D129/><U83/><E117/><N who="2" m="44555" /><F0/><W114/><G94/><T18/><D6/><U33/><E124/><V100/><F100/><W81/><G93/><T24/><D18/><U25/><E113/><V8/><F46/><W134/><G81/><T122/><D31/><U96/><E64/><N who="3" m="24650" /><G114/><T111/><D111/><U105/><E83/><V107/><F107/><W87/><G87/><T76/><D76/><U13/><E96/><V15/><F15/><W90/><G90/><T59/><D27/><N who="1" m="10251" /><E47/><V20/><N who="2" m="5120" /><DORA hai="49" /><V70/><AGARI ba="0,0" hai="8,9,44,51,53,61,66,70" m="5120,44555" machi="70" ten="50,6400,0" yaku="4,1,12,1,52,1" doraHai="130,49" who="2" fromWho="2" sc="250,-32,250,-16,250,64,250,-16" /><INIT seed="1,0,0,4,5,33" ten="218,234,314,234" oya="1" hai0="40,74,22,125,97,123,21,79,99,109,10,66,72" hai1="70,41,14,9,63,60,65,3,15,61,81,71,42" hai2="114,104,69,31,44,88,130,11,37,48,62,27,87" hai3="128,100,39,17,102,82,20,32,13,64,6,51,89"/><U75/><E3/><V30/><F104/><W47/><G128/><T55/><D109/><U119/><E119/><V38/><F130/><W76/><G39/><T57/><D125/><U25/><E25/><V53/><F11/><W2/><G64/><T115/><D115/><U50/><E15/><V73/><F73/><W35/><G35/><T92/><D123/><U49/><E49/><V98/><F98/><W19/><G32/><T83/><D72/><U101/><E101/><V127/><F31/><W36/><G36/><T12/><D40/><U129/><E129/><V16/><F30/><W56/><G56/><T106/><D66/><U93/><E93/><V1/><F1/><W77/><G2/><T8/><D8/><U90/><E65/><V108/><F69/><W111/><G6/><T86/><D97/><U122/><E122/><V24/><F62/><W107/><G107/><T117/><D74/><U5/><E41/><V132/><F38/><W54/><G19/><T118/><D118/><U112/><E112/><V94/><F37/><W95/><G111/><T26/><D26/><U84/><REACH who="1" step="1"/><E75/><REACH who="1" ten="218,224,314,234" step="2"/><V131/><F114/><W68/><G102/><N who="0" m="60775" /><D117/><U18/><E18/><V7/><F16/><W34/><G100/><T116/><D116/><U126/><E126/><V85/><F127/><W4/><G17/><N who="0" m="8343" /><D106/><U120/><E120/><V45/><F131/><W58/><G13/><T52/><D55/><U105/><E105/><V43/><F27/><W23/><G54/><T103/><D103/><U121/><E121/><V113/><F24/><W0/><G0/><T29/><D29/><RYUUKYOKU ba="0,1" sc="218,15,224,15,314,-15,234,-15" hai0="21,22,52,57,79,83,86" hai1="5,9,14,42,50,60,61,63,70,71,81,84,90" /><INIT seed="1,1,1,0,4,4" ten="233,239,299,219" oya="1" hai0="18,87,12,63,55,60,31,40,132,44,130,37,33" hai1="124,125,35,34,72,73,2,15,86,90,113,119,107" hai2="135,82,76,114,134,21,98,81,25,110,111,84,52" hai3="43,6,13,41,42,115,80,133,8,20,127,7,129"/><U47/><E113/><V118/><F118/><W106/><G115/><T85/><D130/><U39/><E2/><V0/><F0/><W120/><G120/><T122/><D122/><U59/><E107/><V99/><F114/><W29/><G106/><T109/><D109/><N who="2" m="41482" /><F52/><W71/><G71/><T94/><D132/><N who="2" m="50730" /><F82/><W11/><G133/><T126/><D55/><U102/><E119/><V23/><F23/><W121/><G121/><T5/><D33/><U69/><E35/><V38/><F38/><W57/><G129/><T61/><D37/><U27/><E34/><V105/><F105/><W36/><G36/><T77/><D40/><U14/><E39/><V66/><F66/><W91/><G127/><T56/><D126/><U26/><E124/><V74/><F74/><W67/><G20/><T16/><D44/><U48/><E73/><V88/><F76/><W65/><G29/><AGARI ba="1,1" hai="21,25,29,81,84,88,98,99" m="50730,41482" machi="29" ten="30,3900,0" yaku="14,1,20,1,54,1" doraHai="4" who="2" fromWho="3" sc="233,0,239,0,299,52,219,-42" /><INIT seed="2,0,0,2,3,29" ten="233,239,351,177" oya="2" hai0="128,100,119,51,115,41,34,31,99,86,35,109,84" hai1="26,74,135,91,127,106,95,37,36,42,94,44,114" hai2="64,98,56,124,79,43,103,120,85,101,83,68,47" hai3="97,93,4,10,72,19,80,16,118,104,67,113,133"/><V33/><F120/><W110/><G118/><T20/><D115/><U92/><E114/><V66/><F68/><W129/><G113/><T121/><D121/><U61/><E106/><V76/><F33/><W13/><G110/><T7/><D109/><U1/><E135/><V30/><F30/><W89/><G133/><T57/><D119/><U132/><E1/><V134/><F124/><W48/><G129/><T15/><D128/><U3/><E3/><V8/><F79/><W49/><G104/><T12/><D12/><U102/><E74/><V52/><F8/><W73/><G73/><T108/><D108/><U96/><E127/><V70/><F70/><W5/><G67/><T27/><D86/><U6/><E6/><V87/><F87/><W23/><G72/><T62/><D84/><U122/><E122/><V126/><F101/><W59/><G80/><T125/><D125/><U88/><E36/><V77/><F77/><W116/><G116/><T22/><D51/><N who="3" m="19529" /><G59/><T45/><D45/><U107/><E132/><V131/><F131/><W39/><G39/><T18/><D41/><U21/><REACH who="1" step="1"/><E61/><REACH who="1" ten="233,229,351,177" step="2"/><V123/><F123/><W111/><G111/><T2/><D2/><U55/><E55/><V60/><F134/><W53/><G53/><T75/><D75/><U78/><E78/><V14/><F126/><W54/><G54/><T81/><D62/><U105/><E105/><V46/><F52/><W38/><G38/><T117/><D117/><U17/><AGARI ba="0,1" hai="17,21,26,37,42,44,88,91,92,94,95,96,102,107" machi="17" ten="30,4000,0" yaku="1,1,0,1,54,1,53,0" doraHai="29" doraHaiUra="24" who="1" fromWho="1" sc="233,-10,229,50,351,-20,177,-10" /><INIT seed="3,0,0,2,0,4" ten="223,279,331,167" oya="3" hai0="94,112,99,100,119,43,69,103,7,56,35,96,121" hai1="50,65,58,44,130,81,120,63,21,57,33,40,89" hai2="10,76,47,115,24,22,48,31,46,78,61,74,75" hai3="73,98,79,82,77,2,28,131,90,26,29,108,72"/><W30/><G131/><T85/><D69/><U95/><E120/><V39/><F75/><W92/><G2/><T3/><D121/><U117/><E33/><V128/><F74/><W20/><REACH who="3" step="1"/><G108/><REACH who="3" ten="223,279,331,157" step="2"/><T122/><D122/><U51/><E130/><V127/><F128/><W83/><AGARI ba="0,1" hai="20,26,28,29,30,72,73,77,79,82,83,90,92,98" machi="83" ten="30,11700,0" yaku="1,1,2,1,0,1,9,1,53,0" doraHai="4" doraHaiUra="54" who="3" fromWho="3" sc="223,-39,279,-39,331,-39,157,127" /><INIT seed="3,1,0,5,3,104" ten="184,240,292,284" oya="3" hai0="30,94,89,23,48,105,87,67,16,18,44,40,26" hai1="61,70,10,22,45,90,7,63,56,103,96,88,119" hai2="36,71,25,83,76,126,21,59,73,93,75,32,68" hai3="117,24,116,28,38,125,121,120,60,134,97,62,106"/><W41/><G106/><T78/><D105/><U110/><E110/><V99/><F32/><W135/><G97/><T123/><D123/><N who="3" m="47177" /><G125/><T114/><D114/><U33/><E33/><V107/><F75/><W12/><G12/><T4/><D67/><U51/><E70/><V2/><F2/><W77/><G77/><T133/><D133/><N who="3" m="50697" /><G41/><T92/><D78/><U100/><E119/><N who="3" m="45642" /><G38/><T128/><D128/><U91/><E96/><V47/><F107/><W8/><G8/><T34/><D4/><U29/><E10/><V86/><F73/><W85/><G85/><T130/><D130/><U6/><E6/><V0/><F0/><W5/><G5/><T65/><D65/><U115/><E7/><V98/><F98/><W113/><G113/><T49/><D34/><AGARI ba="1,0" hai="24,28,34,60,62" m="45642,50697,47177" machi="34" ten="40,2000,0" yaku="20,1" doraHai="104" who="3" fromWho="0" sc="184,-23,240,0,292,0,284,23" owari="161,-33.9,240,-16.0,292,9.2,307,40.7" /></mjloggm>