<mjloggm ver="2.3"><GO type="225" lobby="0"/><UN n0="%E3%82%8C%E3%81%99%E3%81%93" n1="%E6%98%93%E5%88%A9%E8%96%A9%E4%BC%AF" n2="%E7%B4%94%E6%BD%94%E3%83%94%E3%83%A9%E3%83%8B%E3%82%A2" n3="%72%69%6F%75%63%68%61%6E" dan="17,16,17,16" rate="2259.36,2143.99,2200.20,2211.50" sx="F,F,M,M"/><TAIKYOKU oya="0"/><INIT seed="0,0,0,1,1,21" ten="250,250,250,250" oya="0" hai0="22,102,135,35,23,80,63,84,118,90,39,89,93" hai1="19,70,133,24,75,55,119,76,111,78,13,97,117" hai2="17,15,27,83,72,32,108,132,57,2,107,134,109" hai3="77,40,120,68,114,45,56,20,88,46,9,42,127"/><T122/><D118/><U47/><E70/><V87/><F107/><W115/><G68/><T112/><D112/><U50/><E111/><N who="2" m="42571" /><F72/><W10/><G77/><T104/><D122/><U113/><E133/><N who="2" m="51307" /><F2/><W7/><G56/><T128/><D135/><U64/><E64/><V99/><F99/><W33/><G33/><T28/><D39/><U61/><E61/><V121/><F57/><W0/><G127/><T5/><D104/><U48/><E113/><V94/><F94/><W67/><G67/><T105/><D105/><U58/><E97/><V14/><F121/><W81/><G120/><T100/><D93/><U29/><E75/><V54/><F54/><W62/><G62/><T60/><D63/><U130/><E130/><V125/><F125/><W37/><G10/><T85/><D128/><U116/><E50/><V66/><F66/><W126/><G126/><T49/><D60/><U38/><E58/><V44/><F44/><W53/><G53/><T101/><D49/><U11/><REACH who="1" step="1"/><E38/><REACH who="1" ten="250,240,250,250" step="2"/><V6/><F6/><W51/><G115/><T86/><D5/><U71/><E71/><V123/><F123/><W79/><G114/><T124/><D124/><U36/><E36/><V129/><F129/><W26/><G37/><T4/><D4/><U41/><E41/><V74/><F74/><N who="3" m="43255" /><G40/><T3/><D85/><U25/><E25/><V95/><F27/><W30/><G46/><T103/><D86/><U34/><AGARI ba="0,1" hai="11,13,19,24,29,34,47,48,55,76,78,116,117,119" machi="34" ten="30,4000,0" yaku="1,1,0,1,52,1,53,0" doraHai="21" doraHaiUra="69" who="1" fromWho="1" sc="250,-20,240,50,250,-10,250,-10" /><INIT seed="1,0,0,0,1,49" ten="230,290,240,240" oya="1" hai0="1,77,42,56,72,11,86,52,6,95,40,100,105" hai1="128,71,39,21,114,104,2,92,27,26,3,46,20" hai2="123,97,9,81,101,110,125,7,25,65,61,53,33" hai3="120,70,13,47,96,79,90,22,37,131,66,59,35"/><U117/><E114/><V118/><F110/><W112/><G120/><T83/><D105/><U36/><E104/><V34/><F125/><W38/><G112/><T135/><D135/><U106/><E106/><V16/><F118/><W19/><G70/><T91/><REACH who="0" step="1"/><D100/><REACH who="0" ten="220,290,240,240" step="2"/><U132/><E132/><V80/><F101/><W113/><G113/><T126/><D126/><U54/><E117/><V78/><F123/><W32/><G32/><T24/><D24/><U55/><E27/><V87/><F25/><W129/><G35/><T60/><AGARI ba="0,1" hai="1,6,11,40,42,52,56,60,72,77,83,86,91,95" machi="60" ten="20,12000,2" yaku="1,1,0,1,7,1,52,1,54,1,53,1" doraHai="49" doraHaiUra="51" who="0" fromWho="0" sc="220,130,290,-60,240,-30,240,-30" /><INIT seed="2,0,0,0,2,93" ten="350,230,210,210" oya="2" hai0="4,16,87,112,11,96,38,30,44,26,122,19,9" hai1="5,117,92,41,67,6,79,109,129,46,3,47,77" hai2="94,8,64,2,65,76,45,60,39,28,119,29,115" hai3="126,84,82,118,27,85,86,113,78,59,75,95,58"/><V20/><F115/><W123/><G118/><T35/><D122/><U104/><E104/><V18/><F119/><W7/><G123/><T66/><D112/><U135/><E117/><V110/><F76/><W12/><G113/><T128/><D128/><U22/><E109/><V0/><F64/><W49/><G126/><T134/><D134/><U99/><E67/><V24/><F110/><W21/><G49/><T56/><D87/><U89/><E3/><V51/><F39/><W33/><G33/><T36/><D11/><U124/><E129/><V107/><F107/><W100/><G12/><T15/><D38/><U91/><E41/><V97/><F0/><W63/><G7/><T74/><D74/><U132/><E22/><V61/><F2/><W90/><G100/><T54/><D66/><U80/><E124/><V53/><F8/><W133/><G133/><N who="1" m="51274" /><E91/><V62/><REACH who="2" step="1"/><F65/><REACH who="2" ten="350,230,200,210" step="2"/><W88/><G63/><T43/><D96/><U116/><E116/><V106/><F106/><W103/><G75/><T130/><D130/><U23/><E79/><V108/><F108/><W17/><REACH who="3" step="1"/><G103/><AGARI ba="0,1" hai="18,20,24,28,29,45,51,53,60,61,62,94,97,103" machi="103" ten="40,7700,0" yaku="1,1,8,1,52,1,53,0" doraHai="93" doraHaiUra="37" who="2" fromWho="3" sc="350,0,230,0,200,87,210,-77" /><INIT seed="2,1,0,0,0,5" ten="350,230,287,133" oya="2" hai0="126,66,1,82,119,56,110,94,98,104,30,89,127" hai1="53,4,112,88,9,13,70,124,134,8,61,10,111" hai2="14,130,54,42,16,90,45,27,51,80,99,76,39" hai3="58,68,41,29,133,55,92,36,115,128,102,75,26"/><V0/><F0/><W20/><G128/><T100/><D110/><U60/><E112/><V120/><F120/><W65/><G133/><T101/><D119/><U113/><E113/><V6/><F130/><W81/><G115/><T34/><D1/><U74/><E74/><V105/><F27/><W48/><G102/><T50/><D82/><U78/><E78/><V121/><F121/><W12/><G92/><T118/><D118/><U79/><E79/><V107/><F6/><W57/><G81/><T28/><D34/><U7/><E124/><N who="0" m="47657" /><D101/><U25/><E111/><V32/><F32/><W83/><G83/><T95/><D95/><U91/><E70/><V67/><F67/><W109/><G109/><T24/><D24/><U117/><E117/><V125/><F125/><W49/><G75/><T64/><D50/><U84/><E25/><V108/><F108/><W43/><G36/><T77/><D77/><U72/><E72/><V123/><F123/><W3/><G3/><T31/><D56/><U96/><E134/><V17/><F17/><W87/><G12/><T21/><D21/><U47/><E4/><V103/><F90/><N who="1" m="34345" /><E13/><V135/><F135/><W18/><G18/><T2/><D2/><U132/><E7/><V11/><F39/><W46/><G68/><T116/><D116/><U62/><E132/><V22/><F105/><W19/><G19/><T15/><D15/><U44/><E84/><AGARI ba="1,0" hai="28,30,31,64,66,84,89,94,98,100,104" m="47657" machi="84" ten="30,1000,0" yaku="18,1" doraHai="5" who="0" fromWho="1" sc="350,13,230,-13,287,0,133,0" /><INIT seed="3,0,0,1,3,30" ten="363,217,287,133" oya="3" hai0="133,87,111,61,107,123,16,36,89,86,12,126,26" hai1="58,117,77,122,73,49,125,118,46,109,97,82,79" hai2="102,108,2,74,132,98,90,39,110,60,96,37,54" hai3="120,84,44,32,129,42,119,76,131,78,51,66,128"/><W8/><G119/><N who="1" m="45578" /><E109/><V38/><F2/><W104/><G120/><T116/><D116/><U57/><E125/><V83/><F132/><W100/><G66/><T80/><D123/><U106/><E122/><V112/><F112/><W55/><G32/><T65/><D36/><U19/><E79/><V33/><F74/><W40/><G8/><T68/><D111/><U17/><E97/><V11/><F33/><W92/><G104/><T9/><D133/><U124/><E106/><V114/><F37/><W113/><G113/><T127/><D107/><U29/><E29/><V45/><F38/><W105/><G105/><T18/><D87/><U115/><E124/><N who="0" m="47657" /><D26/><U15/><E19/><AGARI ba="0,0" hai="9,12,16,18,19,61,65,68,80,86,89" m="47657" machi="19" ten="30,2000,0" yaku="18,1,54,1" doraHai="30" who="0" fromWho="1" sc="363,20,217,-20,287,0,133,0" owari="383,48.3,197,-20.3,287,8.7,133,-36.7" /></mjloggm>