<mjloggm ver="2.3"><GO type="225" lobby="0"/><UN n0="%E3%83%97%E3%83%92" n1="%E3%81%B2%E3%81%AA%E3%81%AE%E3%82%8A%E3%81%8F" n2="%E3%81%AF%E3%82%88%E3%81%8A%E3%81%98%E3%81%95%E3%82%93" n3="%E3%81%8B%E3%82%8F%E3%81%A1%E3%82%83%E3%82%93%35%38" dan="16,17,17,16" rate="2170.25,2232.80,2221.84,2128.33" sx="M,M,M,M"/><TAIKYOKU oya="0"/><INIT seed="0,0,0,4,1,21" ten="250,250,250,250" oya="0" hai0="111,5,79,68,102,43,50,118,42,9,25,86,30" hai1="107,12,39,125,103,6,33,114,75,88,27,124,132" hai2="64,63,34,41,115,121,106,83,97,53,93,72,122" hai3="74,128,95,16,17,98,109,108,29,45,4,15,0"/><T105/><D118/><U91/><E39/><V11/><F115/><W89/><G74/><T37/><D37/><U94/><E75/><V134/><F134/><W81/><G128/><T54/><D68/><U129/><E132/><V1/><F34/><W66/><G0/><T110/><D102/><U116/><E116/><V71/><F41/><W70/><G45/><T36/><D105/><U18/><E129/><V101/><F53/><W112/><G112/><T46/><D86/><U7/><E114/><V20/><F20/><W85/><G29/><T3/><D79/><U48/><E48/><V61/><F61/><N who="3" m="40271" /><G15/><T52/><D54/><U35/><E107/><V78/><REACH who="2" step="1"/><F93/><REACH who="2" ten="250,250,240,250" step="2"/><W28/><G95/><T22/><REACH who="0" step="1"/><D42/><REACH who="0" ten="240,250,240,250" step="2"/><U24/><E124/><V65/><F65/><W120/><G109/><T62/><D62/><U127/><E125/><V133/><F133/><W90/><G108/><T23/><D23/><U59/><E35/><V104/><F104/><W44/><G81/><T123/><D123/><U117/><E33/><V57/><F57/><AGARI ba="0,2" hai="3,5,9,22,25,30,36,43,46,50,52,57,110,111" machi="57" ten="40,7700,0" yaku="1,1,52,1,54,1,53,0" doraHai="21" doraHaiUra="14" who="0" fromWho="2" sc="240,97,250,0,240,-77,250,0" /><INIT seed="0,1,0,1,1,106" ten="337,250,163,250" oya="0" hai0="39,76,81,113,94,71,11,30,78,4,120,63,109" hai1="88,38,33,74,98,101,40,43,21,135,132,77,0" hai2="104,73,29,126,37,75,1,3,118,100,34,15,19" hai3="5,31,51,41,90,68,86,83,99,130,48,8,7"/><T110/><D113/><U93/><E33/><V133/><F15/><W97/><G68/><T85/><D120/><U17/><E0/><N who="2" m="75" /><F19/><W105/><G130/><T108/><D39/><U9/><E9/><V23/><F23/><W52/><G31/><T114/><D114/><U123/><E123/><V59/><F59/><N who="3" m="33159" /><G105/><T117/><D117/><U79/><E101/><V128/><F128/><W45/><G8/><T20/><D94/><U50/><E38/><V95/><F95/><N who="3" m="56567" /><G99/><T66/><D76/><AGARI ba="1,0" hai="5,7,41,45,51,76,83,86" m="56567,33159" machi="76" ten="30,2000,0" yaku="8,1,54,1" doraHai="106" who="3" fromWho="0" sc="337,-23,250,0,163,0,250,23" /><INIT seed="1,0,0,5,1,25" ten="314,250,163,273" oya="1" hai0="127,61,91,36,17,7,104,84,125,44,49,14,88" hai1="108,54,46,124,65,0,109,37,22,12,117,111,87" hai2="52,77,78,90,67,133,13,132,57,134,47,79,56" hai3="18,43,101,2,99,60,116,69,32,20,26,8,10"/><U63/><E117/><V86/><F67/><N who="3" m="41191" /><G43/><T82/><D36/><U74/><E74/><V62/><F56/><W107/><G2/><T16/><D104/><U76/><E0/><V102/><F102/><W5/><G5/><T21/><D61/><U114/><E114/><V128/><F128/><W119/><G32/><T33/><D33/><U100/><E124/><N who="0" m="47689" /><D17/><N who="1" m="10535" /><E100/><V98/><F47/><W24/><G24/><T96/><D7/><U73/><E73/><V59/><F57/><W42/><G42/><N who="0" m="24727" /><D96/><U122/><E122/><V130/><F130/><W58/><G99/><T31/><D91/><U48/><E37/><V41/><F41/><W39/><G39/><T135/><D135/><U110/><E110/><V19/><F98/><W27/><G101/><T80/><D31/><U120/><E120/><V94/><REACH who="2" step="1"/><F79/><REACH who="2" ten="314,250,153,273" step="2"/><W30/><G107/><T121/><D121/><U45/><E46/><V93/><F93/><AGARI ba="0,1" hai="14,16,21,80,82,84,88,93" m="24727,47689" machi="93" ten="30,3900,0" yaku="18,1,54,2" doraHai="25" who="0" fromWho="2" sc="314,49,250,0,153,-39,273,0" /><INIT seed="2,0,0,1,1,28" ten="363,250,114,273" oya="2" hai0="80,15,131,29,76,54,14,44,20,26,6,9,79" hai1="74,1,64,118,30,11,75,3,133,8,7,94,134" hai2="17,34,21,12,135,100,2,23,120,121,128,38,24" hai3="43,67,61,102,92,77,32,60,101,114,47,13,82"/><V16/><F100/><W115/><G32/><T39/><D131/><U96/><E64/><V122/><F38/><W31/><G31/><T105/><D105/><U53/><E118/><V59/><F59/><W40/><G13/><T70/><D70/><U19/><E30/><N who="2" m="19783" /><F2/><W104/><G92/><T10/><D80/><U25/><E53/><V113/><F128/><W63/><G67/><T0/><D0/><U123/><E123/><V48/><F48/><W85/><G40/><T50/><REACH who="0" step="1"/><D39/><REACH who="0" ten="353,250,114,273" step="2"/><U91/><E3/><V42/><F42/><W109/><G104/><T110/><D110/><U88/><E1/><V125/><F125/><W124/><G109/><T112/><D112/><N who="3" m="43049" /><G124/><T69/><D69/><U132/><E132/><V97/><F113/><W41/><G41/><T93/><D93/><U72/><E94/><V4/><F97/><W117/><G117/><T46/><D46/><U58/><E96/><V98/><F98/><W68/><G68/><T55/><D55/><U49/><E133/><V130/><F130/><W27/><G47/><T111/><D111/><U95/><E95/><V127/><F127/><W106/><G43/><T35/><D35/><U52/><E134/><V22/><F135/><W126/><G126/><T129/><D129/><U66/><E58/><V65/><F65/><W83/><G83/><T62/><D62/><U87/><E66/><V37/><F37/><W51/><G106/><T33/><D33/><U107/><E107/><V89/><F89/><W84/><G61/><T78/><D78/><U103/><E91/><V71/><F71/><W45/><G60/><RYUUKYOKU ba="0,1" sc="353,15,250,-15,114,15,273,-15" hai0="6,9,10,14,15,20,26,29,44,50,54,76,79" hai2="4,12,16,17,21,22,23,120,121,122" /><INIT seed="2,1,1,4,1,113" ten="368,235,129,258" oya="2" hai0="46,40,53,135,31,11,37,26,56,122,120,35,70" hai1="14,92,75,7,84,42,59,83,34,52,132,81,51" hai2="10,106,100,66,13,39,80,117,72,16,128,33,71" hai3="82,110,87,60,23,96,17,68,54,73,36,97,101"/><V116/><F39/><W25/><G73/><T105/><D135/><U5/><E34/><V78/><F33/><W98/><G36/><T95/><D105/><U63/><E75/><V69/><F128/><W4/><G110/><T55/><D70/><U104/><E104/><V64/><F69/><W19/><G4/><T119/><D119/><U45/><E132/><V1/><F1/><W79/><G68/><T133/><D133/><U123/><E123/><V20/><F10/><W99/><N who="3" m="24576" /><DORA hai="93" /><W27/><G101/><T29/><D95/><U131/><E92/><V121/><F106/><W91/><G91/><T24/><D11/><U107/><E107/><V8/><F121/><W74/><G74/><T57/><D53/><U61/><E81/><V130/><F100/><W22/><G54/><T47/><D46/><U41/><E7/><V129/><F8/><W86/><G86/><T125/><D56/><U118/><E5/><V48/><F48/><W38/><G38/><T32/><D125/><U30/><E51/><AGARI ba="1,1" hai="24,26,29,31,32,35,37,40,47,51,55,57,120,122" machi="51" ten="30,2000,0" yaku="7,1,9,1" doraHai="113,93" who="0" fromWho="1" sc="368,33,235,-23,129,0,258,0" /><INIT seed="3,0,0,4,1,117" ten="401,212,129,258" oya="3" hai0="4,62,122,106,110,41,85,135,30,70,78,36,27" hai1="13,101,32,53,49,18,1,40,98,97,91,75,102" hai2="113,45,69,130,112,68,6,63,3,21,119,15,8" hai3="123,129,93,82,29,104,54,0,42,125,108,94,51"/><W88/><G0/><T79/><D110/><U89/><E75/><V115/><F119/><W31/><G104/><T25/><D135/><U57/><E32/><V17/><F130/><W60/><G123/><T66/><D122/><U9/><E1/><V128/><F128/><W77/><G129/><T133/><D25/><U96/><E40/><V74/><F74/><W55/><G125/><T124/><D133/><U11/><E11/><V127/><F127/><W52/><G94/><T37/><D4/><U26/><E26/><V43/><F63/><W44/><G60/><T86/><D41/><U2/><E2/><V10/><F45/><W7/><G7/><T71/><D70/><U61/><E49/><V131/><F43/><W92/><G92/><T114/><D114/><U65/><E65/><V84/><F131/><W35/><G108/><T80/><D106/><U103/><AGARI ba="0,0" hai="9,13,18,53,57,61,89,91,96,97,98,101,102,103" machi="103" ten="30,2000,0" yaku="0,1,8,1" doraHai="117" who="1" fromWho="1" sc="401,-5,212,20,129,-5,258,-10" owari="396,49.6,232,-16.8,124,-37.6,248,4.8" /></mjloggm>