<mjloggm ver="2.3"><GO type="225" lobby="0"/><UN n0="%E5%A4%96%E5%B7%9D%E7%AB%9C%E6%88%90" n1="%72%69%6F%75%63%68%61%6E" n2="%E3%81%A1%E3%82%85%E3%81%86%E3%81%A9%E3%81%8F%E8%B1%A1%E3%81%95%E3%82%93" n3="%E9%B3%B3%E6%9D%B1%E3%81%AE%E3%81%86%E3%81%95%E3%81%8E%E3%81%95%E3%82%93" dan="16,17,17,16" rate="2091.13,2293.49,2182.99,2156.71" sx="M,M,M,M"/><TAIKYOKU oya="0"/><INIT seed="0,0,0,1,1,35" ten="250,250,250,250" oya="0" hai0="80,129,116,58,38,46,0,2,29,111,127,106,79" hai1="33,103,27,73,96,99,63,20,130,47,30,3,75" hai2="87,26,64,66,43,61,95,100,57,8,45,114,44" hai3="12,120,28,4,89,60,104,72,59,81,124,50,15"/><T128/><D116/><U76/><E130/><N who="0" m="50281" /><D127/><U49/><E3/><N who="0" m="1065" /><D106/><U88/><E76/><V11/><F66/><W108/><G12/><T41/><D111/><U7/><E7/><V52/><F26/><W32/><G15/><T123/><D123/><U68/><E20/><V16/><F114/><W34/><G34/><T74/><D58/><U19/><E19/><V22/><F44/><W94/><G32/><T78/><D78/><U6/><E6/><V21/><F8/><W25/><G4/><T40/><D40/><U91/><E73/><V132/><F43/><W67/><G59/><T125/><D125/><U42/><E75/><V121/><F121/><W14/><G72/><T82/><D82/><U69/><E69/><V115/><F115/><W98/><G81/><T97/><D97/><U131/><E131/><V122/><F122/><W109/><G98/><T71/><D71/><U101/><E99/><N who="2" m="59519" /><F87/><W77/><G120/><T54/><D54/><U113/><E113/><V102/><F45/><W135/><G124/><T117/><D117/><U93/><REACH who="1" step="1"/><E101/><REACH who="1" ten="250,240,250,250" step="2"/><V39/><F102/><W56/><G109/><T17/><D17/><U18/><E18/><V85/><F16/><W83/><G108/><T62/><D29/><U118/><E118/><V5/><F5/><W36/><G28/><T84/><D74/><U134/><E134/><V92/><F132/><W107/><G135/><T90/><D79/><U9/><E9/><V37/><F11/><W112/><G112/><T65/><D65/><AGARI ba="0,1" hai="27,30,33,42,47,49,63,65,68,88,91,93,96,103" machi="65" ten="40,2600,0" yaku="1,1,54,1,53,0" doraHai="35" doraHaiUra="110" who="1" fromWho="0" sc="250,-26,240,36,250,0,250,0" /><INIT seed="1,0,0,0,3,92" ten="224,276,250,250" oya="1" hai0="24,77,134,122,28,88,131,120,5,116,62,8,86" hai1="16,50,21,60,22,0,121,91,48,72,45,6,37" hai2="85,112,108,2,117,19,83,11,55,74,14,135,70" hai3="124,40,25,73,44,68,41,133,79,76,75,78,69"/><U97/><E121/><N who="0" m="46697" /><D116/><U27/><E72/><N who="3" m="27722" /><G44/><T71/><D77/><U59/><E0/><V99/><F117/><W9/><G25/><T23/><D131/><U30/><E6/><V125/><F70/><N who="3" m="27243" /><G9/><T15/><D134/><U66/><E37/><V31/><F74/><W29/><G29/><T93/><D71/><U4/><E4/><V87/><F135/><W96/><G133/><T57/><D57/><U107/><E45/><V123/><F123/><W13/><G13/><T32/><D62/><U113/><E113/><V130/><F2/><W20/><G20/><AGARI ba="0,0" hai="5,8,15,20,23,24,28,32,86,88,93" m="46697" machi="20" ten="30,2000,0" yaku="13,1,54,1" doraHai="92" who="0" fromWho="3" sc="224,20,276,0,250,0,250,-20" /><INIT seed="2,0,0,3,0,41" ten="244,276,250,230" oya="2" hai0="78,126,45,63,28,108,135,105,74,27,3,9,56" hai1="12,88,51,1,58,93,25,104,89,21,120,14,18" hai2="29,67,92,123,13,54,7,111,73,8,76,128,72" hai3="68,50,121,53,86,83,52,42,101,75,103,95,60"/><V33/><F123/><W32/><G121/><T55/><D105/><U69/><E120/><V6/><F67/><W37/><G32/><T91/><D108/><U131/><E1/><V0/><F111/><W26/><G75/><T38/><D126/><U30/><E104/><V94/><F128/><W15/><G26/><T90/><D135/><U40/><E69/><V102/><F54/><W34/><G34/><T23/><D78/><U114/><E114/><V118/><F118/><W84/><G37/><T39/><D74/><U61/><E131/><V2/><F13/><W79/><G42/><T57/><D57/><U100/><E100/><N who="3" m="38474" /><G68/><T62/><D62/><U4/><E4/><V119/><F119/><W36/><G36/><T115/><D115/><U110/><E110/><V85/><F102/><W129/><G129/><T44/><D38/><U49/><E40/><V5/><F5/><W117/><G117/><T125/><D39/><U116/><E116/><V70/><F70/><W122/><G122/><T132/><D132/><U112/><E112/><V11/><F76/><W96/><G60/><T59/><D59/><U48/><E30/><V82/><F82/><N who="3" m="47199" /><G15/><N who="1" m="5674" /><E93/><N who="2" m="35947" /><F85/><W24/><G24/><T47/><REACH who="0" step="1"/><D125/><REACH who="0" ten="234,276,250,230" step="2"/><U16/><E18/><V10/><F73/><W64/><G96/><T98/><D98/><U106/><E106/><V22/><F72/><W19/><G19/><T65/><D65/><AGARI ba="0,1" hai="16,21,25,48,49,51,58,61,65,88,89" m="5674" machi="65" ten="30,3900,0" yaku="8,1,54,2" doraHai="41" who="1" fromWho="0" sc="234,-39,276,49,250,0,230,0" /><INIT seed="3,0,0,4,5,101" ten="195,325,250,230" oya="3" hai0="55,84,125,8,9,110,113,24,100,112,62,23,53" hai1="10,11,61,60,21,77,46,81,117,130,71,128,40" hai2="65,126,27,25,56,67,29,66,41,45,26,52,79" hai3="68,89,74,22,94,76,7,133,2,47,103,32,98"/><W13/><G32/><T90/><D110/><U57/><E117/><V108/><F108/><W134/><G68/><T63/><D125/><U39/><E71/><V104/><F126/><W6/><G2/><T35/><D35/><U122/><E122/><V5/><F5/><W119/><G119/><T95/><D100/><U17/><E10/><V129/><F129/><N who="1" m="49769" /><E11/><V54/><F79/><W102/><G47/><T19/><D113/><U0/><E0/><V135/><F135/><N who="3" m="51723" /><G6/><T132/><D132/><U85/><E57/><V106/><F29/><W111/><G111/><T50/><D112/><U114/><E114/><V49/><REACH who="2" step="1"/><F54/><REACH who="2" ten="195,325,240,230" step="2"/><W93/><G7/><T42/><D42/><U3/><E3/><V91/><F91/><W59/><G76/><T48/><D63/><AGARI ba="0,1" hai="25,26,27,41,45,49,52,56,63,65,66,67,104,106" machi="63" ten="40,8000,1" yaku="1,1,52,2,54,1,53,0" doraHai="101" doraHaiUra="73" who="2" fromWho="0" sc="195,-80,325,0,240,90,230,0" owari="115,-38.5,325,12.5,330,43.0,230,-17.0" /></mjloggm>