<mjloggm ver="2.3"><GO type="225" lobby="0"/><UN n0="%73%6C%69%63%6B%33%31%39" n1="%E3%81%AF%E3%82%88%E3%81%8A%E3%81%98%E3%81%95%E3%82%93" n2="%E6%B4%BE%E9%81%A3%E3%81%AE%E3%82%B8%E3%83%A3%E3%83%83%E3%82%AF" n3="%E8%83%83%E3%81%A8%E8%85%B8" dan="16,17,17,16" rate="2093.43,2153.25,2219.87,2196.74" sx="M,M,M,M"/><TAIKYOKU oya="0"/><INIT seed="0,0,0,4,4,101" ten="250,250,250,250" oya="0" hai0="124,19,40,6,74,118,71,114,53,55,35,113,92" hai1="29,64,60,115,68,111,82,122,61,7,5,88,70" hai2="42,112,91,13,21,66,45,119,25,127,48,36,76" hai3="130,100,107,43,135,96,54,132,17,56,59,99,117"/><T62/><D118/><U73/><E122/><V75/><F112/><W39/><G117/><T15/><D74/><U93/><E115/><V84/><F119/><W95/><G130/><T77/><D35/><U52/><E111/><V47/><F127/><W24/><G43/><T72/><D124/><U79/><E29/><V57/><F13/><W85/><G85/><T0/><D40/><U34/><E34/><V20/><F75/><W102/><G39/><T1/><D92/><U128/><E128/><V129/><F76/><W97/><G97/><T50/><D77/><U125/><E125/><V126/><F126/><W108/><G108/><T90/><D90/><U31/><E31/><V18/><F129/><W32/><G56/><T10/><D72/><U14/><E14/><V104/><F21/><W106/><G95/><T26/><D26/><U69/><E52/><V23/><F23/><W123/><G123/><T58/><D0/><U2/><E2/><V110/><F110/><W41/><G41/><T11/><REACH who="0" step="1"/><D71/><REACH who="0" ten="240,250,250,250" step="2"/><U28/><E68/><V30/><F91/><W103/><G103/><T81/><D81/><U44/><E70/><V27/><F27/><W134/><G32/><T16/><D16/><U98/><E28/><V89/><F30/><W67/><G17/><T4/><D4/><U121/><E121/><V49/><F89/><W46/><G24/><T51/><D51/><U22/><E5/><V83/><F25/><W65/><G46/><AGARI ba="0,1" hai="1,6,10,11,15,19,46,50,53,55,58,62,113,114" machi="46" ten="30,2900,0" yaku="1,1,7,1,53,0" doraHai="101" doraHaiUra="105" who="0" fromWho="3" sc="240,39,250,0,250,0,250,-29" /><INIT seed="0,1,0,0,3,18" ten="279,250,250,221" oya="0" hai0="12,89,128,104,46,64,43,62,115,40,70,125,3" hai1="58,95,17,75,37,11,123,83,34,33,13,23,16" hai2="131,7,49,15,28,39,47,73,110,48,105,52,25" hai3="42,107,121,14,90,74,100,72,93,56,120,133,29"/><T106/><D3/><U129/><E123/><N who="3" m="47178" /><G56/><T59/><D115/><U35/><E37/><V118/><F73/><N who="3" m="28267" /><G14/><T54/><D128/><U124/><E129/><V85/><F105/><W55/><G29/><T127/><D89/><U4/><E124/><N who="0" m="47689" /><D12/><U97/><E58/><V26/><F131/><W5/><G55/><T8/><D8/><U109/><E109/><V36/><F110/><W101/><G42/><N who="0" m="15915" /><D46/><U68/><E68/><V114/><F114/><W94/><G5/><T102/><D102/><N who="3" m="39529" /><G107/><T22/><D22/><U113/><E113/><V111/><F15/><W82/><G133/><T9/><D9/><U80/><E75/><V96/><F7/><W61/><G61/><AGARI ba="1,0" hai="54,59,61,62,64,70,104,106" m="15915,47689" machi="61" ten="30,1500,0" yaku="18,1" doraHai="18" who="0" fromWho="3" sc="279,18,250,0,250,0,221,-18" /><INIT seed="0,2,0,3,0,34" ten="297,250,250,203" oya="0" hai0="125,121,101,88,124,4,21,46,41,85,108,42,38" hai1="54,44,110,35,84,78,49,22,32,123,29,2,62" hai2="51,17,23,48,86,100,60,61,16,114,77,47,80" hai3="50,122,13,83,76,126,118,9,53,18,89,91,58"/><T112/><D112/><U33/><E123/><V25/><F114/><W127/><G118/><T6/><D121/><U97/><E110/><V120/><F120/><W68/><G68/><T96/><D42/><U74/><E74/><V69/><F100/><W71/><G71/><T43/><D43/><U39/><E39/><V20/><F69/><W81/><G122/><T128/><D128/><U52/><E2/><V27/><F48/><W10/><G10/><T134/><D134/><U63/><E97/><V1/><F1/><W67/><G67/><T82/><D21/><U115/><E115/><V37/><F37/><W8/><G8/><T55/><D55/><AGARI ba="2,0" hai="16,17,20,23,25,27,47,51,55,60,61,77,80,86" machi="55" ten="30,7700,0" yaku="7,1,9,1,8,1,54,1" doraHai="34" who="2" fromWho="0" sc="297,-83,250,0,250,83,203,0" /><INIT seed="1,0,0,1,0,21" ten="214,250,333,203" oya="1" hai0="86,26,59,88,24,97,69,52,27,56,10,133,54" hai1="17,100,7,31,102,110,80,122,81,82,114,84,61" hai2="125,85,116,107,0,121,93,42,29,46,50,132,12" hai3="65,71,127,67,128,32,19,76,4,103,25,28,37"/><U117/><E117/><V53/><F0/><W98/><G127/><T9/><D69/><U40/><E122/><V126/><F107/><W113/><G113/><T16/><D133/><U62/><E114/><V70/><F70/><W130/><G37/><T95/><D16/><U119/><E119/><V101/><F116/><W68/><G4/><T35/><D35/><U75/><E75/><V14/><F121/><W135/><G135/><T123/><D123/><U60/><E110/><V83/><F132/><W58/><G76/><T89/><D56/><U109/><E109/><V47/><F29/><W51/><G19/><T8/><D59/><U43/><E17/><V94/><F101/><N who="1" m="39017" /><E7/><V72/><F72/><W87/><G87/><T104/><D104/><U38/><E38/><V20/><F125/><W55/><G68/><T77/><D77/><U131/><E131/><V118/><F118/><W48/><G48/><T49/><D49/><U1/><E1/><V124/><F124/><W41/><G41/><N who="1" m="15946" /><E84/><V5/><F126/><W105/><REACH who="3" step="1"/><G67/><REACH who="3" ten="214,250,333,193" step="2"/><T30/><D30/><AGARI ba="0,1" hai="30,31,60,61,62,80,81,82" m="15946,39017" machi="30" ten="40,7700,0" yaku="28,2,8,1" doraHai="21" who="1" fromWho="0" sc="214,-77,250,87,333,0,193,0" /><INIT seed="1,1,0,5,0,13" ten="137,337,333,193" oya="1" hai0="52,104,32,63,21,72,66,70,94,47,5,25,51" hai1="100,27,69,135,85,4,130,117,115,120,19,71,59" hai2="91,83,36,65,106,75,54,127,129,109,10,74,131" hai3="12,111,44,61,116,95,114,62,45,79,56,31,3"/><U49/><E115/><V50/><F36/><W78/><G3/><T41/><D104/><U67/><E117/><V58/><F106/><W46/><G114/><T108/><D108/><U38/><E38/><V112/><F109/><W55/><G111/><T82/><D32/><U87/><E120/><V60/><F127/><W99/><G116/><T7/><D94/><U42/><E130/><N who="2" m="49675" /><F112/><W134/><G134/><T133/><D133/><U1/><E135/><V73/><F10/><W124/><G124/><T123/><D123/><U132/><E132/><V48/><F65/><W20/><G61/><T22/><D22/><N who="1" m="13791" /><E1/><V92/><F83/><W102/><REACH who="3" step="1"/><G31/><REACH who="3" ten="137,337,333,183" step="2"/><T90/><D41/><U77/><E42/><V118/><F118/><W23/><G23/><T33/><D33/><U110/><E110/><V0/><F0/><W107/><G107/><T97/><D72/><U89/><E69/><V43/><F43/><W18/><AGARI ba="1,1" hai="12,18,20,44,45,46,55,56,62,78,79,95,99,102" machi="18" ten="30,7900,0" yaku="1,1,0,1,8,1,52,1,53,0" doraHai="13" doraHaiUra="103" who="3" fromWho="3" sc="137,-21,337,-40,333,-21,183,92" /><INIT seed="2,0,0,5,2,133" ten="116,297,312,275" oya="2" hai0="117,79,61,106,45,83,131,28,84,125,42,58,39" hai1="129,46,40,98,22,62,96,15,38,12,52,21,92" hai2="94,82,20,72,119,80,8,110,91,120,107,6,115" hai3="108,75,19,63,127,57,104,93,134,37,56,123,132"/><V78/><F115/><W43/><G104/><T13/><D131/><U7/><E129/><V34/><F120/><W16/><G123/><T85/><D117/><U27/><E7/><V3/><F34/><W29/><G108/><T100/><D28/><U130/><E130/><V105/><F119/><W88/><G75/><T118/><D118/><U89/><E98/><V33/><F33/><W17/><G29/><T31/><D31/><U49/><E21/><V55/><F110/><W128/><G128/><T44/><D106/><U59/><E38/><V126/><F20/><W10/><G10/><T65/><D100/><U116/><E116/><V11/><F11/><W121/><G121/><T0/><D0/><U87/><E87/><V41/><F82/><W103/><G103/><T111/><D111/><U77/><E77/><V64/><F41/><W102/><G102/><T114/><D114/><U23/><E23/><V50/><F64/><W48/><G37/><T36/><D13/><U101/><E101/><V70/><F70/><W51/><G43/><T97/><D97/><U18/><AGARI ba="0,0" hai="12,15,18,22,27,40,46,49,52,59,62,89,92,96" machi="18" ten="20,12000,2" yaku="0,1,7,1,25,2,8,1,54,1" doraHai="133" who="1" fromWho="1" sc="116,-30,297,120,312,-60,275,-30" /><INIT seed="3,0,0,1,3,42" ten="86,417,252,245" oya="3" hai0="78,17,51,27,48,117,79,110,23,115,19,60,129" hai1="107,72,105,63,131,97,70,132,80,106,87,7,57" hai2="88,53,67,124,82,108,15,74,113,71,133,5,114" hai3="84,4,89,24,76,34,116,93,81,85,16,22,125"/><W54/><G125/><T100/><D110/><U64/><E131/><V66/><F108/><W122/><G116/><T31/><D129/><U95/><E132/><V47/><F74/><W0/><G122/><T20/><D117/><U21/><E7/><V56/><F71/><W40/><G34/><T46/><D115/><U98/><E72/><V65/><F133/><W128/><G128/><T30/><D100/><U49/><E21/><V96/><F124/><W86/><G40/><T50/><D60/><U109/><E109/><V120/><F120/><W9/><REACH who="3" step="1"/><G54/><REACH who="3" ten="86,417,252,235" step="2"/><T112/><D112/><U134/><E134/><V130/><F130/><W90/><G90/><T37/><D37/><U103/><E98/><AGARI ba="0,1" hai="0,4,9,16,22,24,76,81,84,85,86,89,93,98" machi="98" ten="30,11600,0" yaku="1,1,7,1,54,1,53,1" doraHai="42" doraHaiUra="32" who="3" fromWho="1" sc="86,0,417,-116,252,0,235,126" owari="86,-41.4,301,10.1,252,-14.8,361,46.1" /></mjloggm>