<mjloggm ver="2.3"><GO type="225" lobby="0"/><UN n0="%41%54%53%4D" n1="%E3%81%AF%E3%82%88%E3%81%8A%E3%81%98%E3%81%95%E3%82%93" n2="%E9%80%9F%E6%B0%B4%E5%87%9B%E9%A6%99" n3="%E3%81%95%E3%81%8D%E3%81%9F%E3%81%BE%E6%9E%97%E6%AA%8E" dan="16,16,16,16" rate="2124.21,2102.47,2158.15,2117.44" sx="M,M,F,M"/><TAIKYOKU oya="0"/><INIT seed="0,0,0,4,0,129" ten="250,250,250,250" oya="0" hai0="23,0,62,80,86,22,134,98,55,70,56,104,39" hai1="124,99,103,89,122,32,10,29,84,48,110,38,34" hai2="83,127,81,109,119,97,95,115,54,21,53,20,44" hai3="121,37,96,41,30,28,46,68,13,82,25,8,61"/><T114/><D114/><U49/><E38/><V133/><F115/><W47/><G121/><T85/><D0/><U112/><E122/><V5/><F109/><W2/><G2/><T106/><D39/><U132/><E112/><V130/><F127/><W75/><G47/><T15/><D70/><U19/><E110/><V116/><F130/><W58/><G68/><T71/><D71/><U4/><E19/><V118/><F5/><W14/><G14/><T101/><D106/><U26/><E32/><V107/><F107/><W11/><G11/><T123/><D123/><U87/><E124/><V74/><F74/><W33/><G30/><T7/><D86/><U18/><E18/><V126/><F126/><W73/><G82/><T105/><D105/><U117/><E117/><V120/><F120/><W60/><G60/><T78/><REACH who="0" step="1"/><D134/><REACH who="0" ten="240,250,250,250" step="2"/><U135/><E87/><V91/><F133/><N who="1" m="51273" /><E99/><V76/><F119/><W40/><G96/><T102/><D102/><U111/><E103/><V128/><F118/><W67/><REACH who="3" step="1"/><G41/><REACH who="3" ten="240,250,250,240" step="2"/><T52/><D52/><U125/><E125/><V88/><F116/><W16/><AGARI ba="0,2" hai="8,13,16,25,28,33,37,40,46,58,61,67,73,75" machi="16" ten="20,8000,1" yaku="1,1,2,1,0,1,7,1,54,1,53,0" doraHai="129" doraHaiUra="79" who="3" fromWho="3" sc="240,-40,250,-20,250,-20,240,100" /><INIT seed="1,0,0,3,2,38" ten="200,230,230,340" oya="1" hai0="106,97,59,47,5,118,21,74,89,6,3,32,126" hai1="46,77,86,39,7,26,109,0,57,43,44,103,120" hai2="95,114,83,30,20,125,61,99,36,90,50,65,29" hai3="54,115,55,22,84,105,17,13,119,85,51,75,108"/><U92/><E120/><V71/><F36/><W42/><G108/><T23/><D118/><U12/><E109/><V101/><F125/><W88/><G119/><T19/><D32/><U73/><E0/><V45/><F114/><W130/><G130/><T110/><D74/><U49/><E73/><V96/><F20/><W41/><G75/><T11/><D110/><U14/><E7/><V70/><F70/><W62/><G85/><T104/><D126/><U91/><E77/><V102/><F83/><W60/><G105/><T117/><D117/><U25/><E103/><V127/><F127/><W40/><G115/><T87/><D6/><U67/><E57/><V133/><F133/><W69/><G69/><T24/><D97/><U35/><E67/><V68/><F68/><W122/><G122/><T112/><D112/><U82/><E92/><V63/><F63/><N who="3" m="24107" /><G51/><T16/><D59/><U27/><REACH who="1" step="1"/><E35/><REACH who="1" ten="200,220,230,340" step="2"/><V34/><F34/><W116/><G116/><T124/><D124/><U4/><E4/><V66/><F66/><W18/><G18/><T111/><D111/><U56/><E56/><V98/><F102/><W78/><G78/><T131/><D131/><U100/><E100/><V94/><F99/><W31/><G31/><T10/><D47/><U113/><E113/><V8/><F29/><W93/><AGARI ba="0,1" hai="13,17,22,40,41,42,54,55,84,88,93" m="24107" machi="93" ten="30,8000,1" yaku="8,1,52,3,54,1" doraHai="38" who="3" fromWho="3" sc="200,-20,220,-40,230,-20,340,90" /><INIT seed="2,0,0,5,5,78" ten="180,180,210,430" oya="2" hai0="71,61,49,99,35,39,105,0,23,29,37,104,130" hai1="117,84,123,40,20,69,81,5,42,126,87,32,60" hai2="21,47,18,38,64,57,30,132,3,8,59,43,98" hai3="6,109,96,9,77,102,131,7,62,1,16,124,14"/><V135/><F30/><W120/><G109/><T31/><D49/><U90/><E117/><V113/><F113/><W108/><G108/><T12/><D0/><U56/><E32/><V65/><F8/><W73/><G131/><T75/><D75/><U86/><E69/><V95/><F3/><W76/><G124/><T125/><D125/><U36/><E126/><V55/><F65/><W67/><G120/><T26/><D130/><U70/><E70/><V100/><F64/><W34/><G34/><T122/><D122/><U74/><E123/><V33/><F33/><W134/><G134/><N who="2" m="51241" /><F55/><W129/><G129/><T82/><D82/><U97/><E5/><V50/><F38/><W85/><G85/><N who="1" m="32874" /><E74/><V68/><F68/><W17/><G17/><N who="0" m="10663" /><D31/><U22/><E97/><V19/><F19/><W58/><G73/><T4/><D4/><U101/><E101/><V88/><F100/><W121/><G7/><T13/><D13/><AGARI ba="0,0" hai="13,18,21,43,47,50,57,59,88,95,98" m="51241" machi="13" ten="30,2900,0" yaku="20,1,54,1" doraHai="78" who="2" fromWho="0" sc="180,-29,180,0,210,29,430,0" /><INIT seed="2,1,0,3,3,106" ten="151,180,239,430" oya="2" hai0="31,41,111,26,117,19,128,116,3,60,63,5,10" hai1="133,98,80,66,46,79,109,48,113,35,94,57,43" hai2="14,85,38,11,130,34,7,135,83,15,76,121,90" hai3="16,29,102,44,1,21,72,131,47,101,97,73,75"/><V84/><F121/><W124/><G1/><T78/><D111/><U99/><E113/><V62/><F38/><W28/><G124/><T39/><D128/><U52/><E35/><V58/><F34/><W120/><G120/><T67/><D19/><U59/><E109/><V125/><F135/><W71/><G71/><T103/><D103/><U40/><E133/><V27/><F130/><W22/><G131/><T122/><D122/><U12/><E12/><V108/><F125/><W42/><G22/><T55/><D55/><U112/><E112/><V127/><F127/><W30/><G97/><T25/><D78/><U53/><E66/><V89/><F27/><W18/><G21/><T24/><D31/><U61/><E94/><V100/><F100/><N who="3" m="38507" /><G42/><T0/><D0/><U92/><E92/><V74/><F108/><W114/><G114/><T50/><D39/><U123/><E123/><V104/><F104/><W2/><G2/><T88/><D88/><U6/><E6/><V134/><F134/><W87/><G87/><T23/><D23/><U54/><E54/><V95/><F14/><W77/><G77/><T49/><D63/><U93/><E93/><V96/><REACH who="2" step="1"/><F90/><REACH who="2" ten="151,180,229,430" step="2"/><W119/><G119/><N who="0" m="45643" /><D41/><U20/><E40/><V4/><F4/><W33/><G33/><T8/><D8/><U115/><E20/><V32/><F32/><W69/><G69/><AGARI ba="1,1" hai="3,5,10,24,25,26,49,50,60,67,69" m="45643" machi="69" ten="30,1000,0" yaku="12,1" doraHai="106" who="0" fromWho="3" sc="151,23,180,0,229,0,430,-13" /><INIT seed="3,0,0,4,3,92" ten="174,180,229,417" oya="3" hai0="44,126,133,134,27,45,30,69,63,15,78,103,53" hai1="61,88,28,18,56,93,42,118,125,100,14,58,102" hai2="57,111,6,36,132,87,65,33,115,79,90,66,40" hai3="105,94,34,31,135,55,2,106,76,1,62,26,120"/><W73/><G120/><T29/><D126/><U113/><E113/><V54/><F33/><W80/><G135/><N who="0" m="51723" /><D78/><U104/><E104/><V41/><F115/><W121/><G121/><T9/><D103/><U108/><E125/><V71/><F71/><W52/><G106/><T13/><D30/><U84/><E108/><V19/><F79/><W5/><G105/><T127/><D127/><U43/><E118/><V128/><F6/><W4/><G94/><T37/><D37/><U70/><E70/><V60/><F36/><W39/><G39/><T98/><D98/><U35/><E35/><V0/><F0/><W131/><G131/><T67/><D53/><N who="1" m="33935" /><E28/><V77/><F77/><W51/><G62/><T124/><D124/><U85/><E84/><V50/><F111/><W117/><G117/><T129/><D129/><U109/><E109/><V68/><F87/><W10/><G51/><T32/><D15/><U96/><E58/><V114/><F57/><W49/><G49/><T119/><D119/><U97/><E97/><V72/><F50/><W22/><G34/><T48/><D48/><U116/><E116/><V95/><F132/><W59/><G59/><T101/><D101/><N who="1" m="39019" /><E96/><V47/><F128/><W81/><G1/><T74/><D74/><U130/><E130/><V21/><F72/><W82/><G73/><T25/><D25/><U46/><E46/><V23/><F47/><W20/><G26/><T83/><D83/><U24/><E24/><V99/><F114/><W11/><G82/><T3/><D3/><U110/><E110/><V123/><F68/><W107/><G2/><RYUUKYOKU ba="0,0" sc="174,15,180,15,229,-15,417,-15" hai0="9,13,27,29,32,44,45,63,67,69" hai1="14,18,42,43,85,88,93" owari="189,-31.1,195,-20.5,214,1.4,402,50.2" /></mjloggm>