<mjloggm ver="2.3"><GO type="225" lobby="0"/><UN n0="%73%6C%69%63%6B%33%31%39" n1="%E3%81%8B%E3%82%8F%E3%81%A1%E3%82%83%E3%82%93%35%38" n2="%70%68%65%6E%6F%6D%65" n3="%65%2D%73%65%70%65%6E%3B" dan="16,16,16,16" rate="2103.14,2165.15,2084.91,2152.08" sx="M,M,M,M"/><TAIKYOKU oya="0"/><INIT seed="0,0,0,4,5,84" ten="250,250,250,250" oya="0" hai0="73,18,97,96,101,86,71,121,2,50,20,107,15" hai1="19,39,53,8,68,120,99,1,113,29,48,131,127" hai2="92,94,58,75,10,135,6,22,55,81,85,105,32" hai3="106,93,59,25,21,111,98,114,13,117,31,74,41"/><T125/><D73/><U82/><E39/><V62/><F32/><W37/><G114/><T133/><D121/><U108/><E68/><V46/><F135/><W63/><G117/><T27/><D2/><U72/><E29/><V38/><F75/><W129/><G106/><T17/><D71/><U95/><E120/><V79/><F105/><W119/><G119/><T33/><D133/><U69/><E69/><V89/><F22/><W90/><G74/><T52/><D125/><U49/><E49/><V45/><F38/><W115/><G115/><T30/><D96/><U64/><E64/><V26/><F26/><W51/><G37/><T34/><D18/><U78/><E113/><V56/><F58/><W61/><G129/><T130/><D86/><U123/><E123/><V12/><REACH who="2" step="1"/><F79/><REACH who="2" ten="250,250,240,250" step="2"/><W134/><G134/><T88/><D130/><U24/><E24/><V57/><F57/><W42/><G111/><T7/><D33/><U87/><E108/><V76/><F76/><W109/><G109/><T67/><D34/><U124/><E131/><V35/><F35/><W77/><G77/><T3/><D27/><U14/><E72/><V23/><F23/><W112/><G112/><T43/><D107/><U16/><E124/><V40/><F40/><N who="3" m="15467" /><G13/><T4/><D43/><U65/><E127/><V103/><F103/><W47/><G59/><N who="0" m="33175" /><D101/><N who="1" m="60671" /><E14/><V70/><F70/><W28/><G28/><T110/><D110/><U132/><E132/><V36/><F36/><W116/><G116/><T11/><D3/><U122/><E1/><V128/><F128/><W126/><G126/><T91/><D4/><RYUUKYOKU ba="0,1" sc="250,-15,250,-15,240,15,250,15" hai2="6,10,12,45,46,55,56,62,81,85,89,92,94" hai3="21,25,31,47,51,61,63,90,93,98" /><INIT seed="1,1,1,0,1,45" ten="235,235,255,265" oya="1" hai0="80,25,103,51,43,20,117,55,8,101,66,97,102" hai1="32,119,120,15,44,98,112,13,68,54,30,89,113" hai2="42,91,131,31,18,69,0,92,65,127,41,111,70" hai3="81,99,52,104,74,9,106,58,118,128,36,6,39"/><U115/><E98/><V48/><F0/><W82/><G128/><T59/><D117/><U88/><E119/><V22/><F131/><W132/><G118/><T27/><D66/><U90/><E68/><V5/><F5/><W110/><G110/><T11/><D97/><U87/><E87/><V123/><F123/><W79/><G132/><T85/><D43/><U133/><E120/><V107/><F107/><W37/><G82/><T56/><D56/><U4/><E133/><V135/><F31/><W122/><G99/><T76/><REACH who="0" step="1"/><D27/><REACH who="0" ten="225,235,255,265" step="2"/><U26/><REACH who="1" step="1"/><E4/><REACH who="1" ten="225,225,255,265" step="2"/><V86/><F135/><W73/><G122/><T114/><D114/><U50/><AGARI ba="1,3" hai="13,15,26,30,32,44,50,54,88,89,90,112,113,115" machi="50" ten="40,12000,1" yaku="1,1,2,1,0,1,52,1,54,1,53,0" doraHai="45" doraHaiUra="77" who="1" fromWho="1" sc="225,-41,225,153,255,-41,265,-41" /><INIT seed="1,2,0,5,5,80" ten="184,378,214,224" oya="1" hai0="43,104,16,74,91,20,49,14,12,95,117,23,9" hai1="116,79,121,75,6,35,69,109,47,58,26,110,45" hai2="84,52,129,81,56,99,108,28,50,105,68,30,21" hai3="78,22,60,118,98,25,97,51,135,1,82,41,134"/><U115/><E79/><V122/><F122/><W112/><G112/><T44/><D117/><U2/><E75/><V64/><F108/><N who="1" m="41577" /><E26/><V94/><F105/><W133/><G1/><T27/><D104/><U113/><E6/><V125/><F129/><W131/><G131/><T36/><D74/><U0/><E35/><V48/><F125/><W7/><G7/><T53/><D12/><U83/><E83/><V96/><F68/><W10/><G10/><T89/><D89/><U93/><E69/><V103/><F64/><W130/><G130/><T100/><D100/><U124/><E121/><V72/><F72/><W67/><G118/><T61/><D61/><U76/><E76/><N who="2" m="46119" /><F99/><W132/><G41/><T54/><D36/><U77/><E77/><V3/><F3/><N who="1" m="1065" /><E116/><V128/><F128/><W127/><G127/><T65/><D65/><U5/><E124/><V120/><F120/><W17/><G51/><N who="2" m="19497" /><F21/><N who="0" m="8266" /><D27/><U106/><E106/><V33/><F33/><W24/><G24/><T86/><AGARI ba="2,0" hai="9,14,16,43,44,49,53,54,86,91,95" m="8266" machi="86" ten="30,4000,0" yaku="8,1,52,1,54,1" doraHai="80" who="0" fromWho="0" sc="184,46,378,-22,214,-12,224,-12" /><INIT seed="2,0,0,5,2,96" ten="230,356,202,212" oya="2" hai0="128,118,114,28,92,41,16,60,90,9,133,82,15" hai1="99,67,102,115,84,104,95,13,108,52,24,70,47" hai2="32,6,135,27,77,103,111,121,63,105,46,5,123" hai3="109,42,80,66,33,38,49,85,122,23,40,4,65"/><V69/><F77/><W98/><G33/><T132/><D114/><U35/><E115/><V1/><F46/><W39/><G122/><T0/><D128/><U7/><E7/><V8/><F6/><W126/><G4/><T37/><D118/><U21/><E13/><V2/><F1/><W116/><G116/><T61/><D0/><U20/><E95/><V43/><F43/><W81/><G109/><T113/><D113/><U50/><E84/><V10/><F10/><W73/><G73/><T100/><D28/><N who="1" m="19847" /><E108/><V53/><F111/><W112/><G112/><T89/><D41/><U86/><E86/><V14/><F14/><W119/><G119/><T97/><D37/><U44/><E44/><V22/><F32/><W3/><G3/><T88/><REACH who="0" step="1"/><D82/><REACH who="0" ten="220,356,202,212" step="2"/><U17/><E17/><V29/><F135/><AGARI ba="0,1" hai="9,15,16,60,61,88,89,90,92,97,100,132,133,135" machi="135" ten="40,12000,2" yaku="1,1,2,1,20,1,52,1,54,2,53,0" doraHai="96" doraHaiUra="74" who="0" fromWho="2" sc="220,130,356,0,202,-120,212,0" /><INIT seed="3,0,0,2,4,96" ten="350,356,82,212" oya="3" hai0="58,73,38,107,44,7,94,78,66,3,79,22,113" hai1="46,80,95,48,93,88,34,114,74,20,13,10,87" hai2="123,98,90,116,86,47,81,82,29,67,1,14,109" hai3="97,105,39,72,57,126,125,42,56,132,63,62,19"/><W51/><G72/><T99/><D107/><U121/><E34/><V76/><F1/><W8/><G39/><T85/><D73/><U18/><E114/><V9/><F67/><W106/><G132/><T129/><D3/><U0/><E74/><V24/><F109/><W26/><G42/><T120/><D120/><U49/><E121/><V128/><F128/><W101/><G51/><N who="1" m="19530" /><E0/><V103/><F116/><W135/><G135/><T35/><D35/><U41/><E41/><V60/><F123/><W28/><G105/><T104/><D104/><U37/><E37/><V55/><F60/><W108/><G108/><T43/><D129/><U54/><E54/><V11/><F11/><W50/><G50/><N who="0" m="26911" /><D113/><U84/><E46/><V83/><F47/><W70/><G70/><T134/><D38/><U115/><E115/><V5/><F55/><W64/><G19/><T112/><D134/><U130/><E130/><V77/><F76/><N who="0" m="29226" /><D112/><U124/><E124/><V12/><F12/><W75/><G8/><T15/><D85/><U91/><E93/><V53/><F53/><W68/><G75/><T102/><D66/><U131/><E131/><V69/><F69/><W6/><G6/><T30/><D58/><U32/><E32/><V71/><F71/><W16/><G16/><N who="0" m="10527" /><D7/><U21/><AGARI ba="0,0" hai="10,13,18,20,21,80,84,87,88,91,95" m="19530" machi="21" ten="30,2000,0" yaku="8,1,54,1" doraHai="96" who="1" fromWho="1" sc="350,-5,356,20,82,-5,212,-10" owari="345,14.5,376,47.6,77,-42.3,202,-19.8" /></mjloggm>