<mjloggm ver="2.3"><GO type="225" lobby="0"/><UN n0="%E6%98%93%E5%88%A9%E8%96%A9%E4%BC%AF" n1="%72%69%6F%75%63%68%61%6E" n2="%E3%83%8F%E3%83%B3%E3%83%89%E3%83%A9%E3%83%BC%E3%83%BB%E3%83%AF%E3%83%B3" n3="%E3%83%B4%E3%83%A0%EF%BC%99%E3%81%A6" dan="16,16,17,16" rate="2107.93,2205.22,2191.60,2131.96" sx="F,M,M,M"/><TAIKYOKU oya="0"/><INIT seed="0,0,0,5,1,20" ten="250,250,250,250" oya="0" hai0="93,19,1,71,60,44,113,37,123,24,127,116,8" hai1="62,100,79,87,66,105,64,81,101,51,14,65,3" hai2="13,94,85,9,110,11,43,70,86,7,90,12,124" hai3="52,10,77,23,98,82,49,78,106,34,45,26,6"/><T68/><D113/><U42/><E3/><V54/><F110/><W59/><G34/><T129/><D116/><U131/><E131/><V57/><F124/><W48/><G106/><T114/><D123/><U115/><E115/><V31/><F70/><W35/><G98/><T104/><D114/><U50/><E105/><V47/><F31/><W83/><G35/><T89/><D104/><U63/><E14/><V39/><F85/><W0/><G77/><T18/><D129/><U58/><E42/><V91/><F91/><W55/><REACH who="3" step="1"/><G78/><REACH who="3" ten="250,250,250,240" step="2"/><T130/><D130/><U119/><E119/><V76/><F76/><W132/><G132/><T88/><D127/><U69/><REACH who="1" step="1"/><E66/><REACH who="1" ten="250,240,250,240" step="2"/><V38/><F38/><W121/><G121/><T73/><D37/><U22/><E22/><V96/><F39/><W15/><G15/><T107/><D107/><U108/><E108/><V99/><F12/><W80/><G80/><T74/><D1/><U97/><E97/><V17/><F9/><W56/><G56/><T133/><D8/><U126/><E126/><V118/><F118/><W46/><G46/><T67/><D44/><U29/><E29/><AGARI ba="0,2" hai="0,6,10,23,26,29,45,48,49,52,55,59,82,83" machi="29" ten="30,8000,1" yaku="1,1,7,1,52,1,54,1,53,1" doraHai="20" doraHaiUra="32" who="3" fromWho="1" sc="250,0,240,-80,250,0,240,100" /><INIT seed="1,0,0,0,2,98" ten="250,160,250,340" oya="1" hai0="79,42,5,44,127,93,47,87,16,24,131,90,82" hai1="126,12,45,3,83,128,34,102,108,120,85,77,56" hai2="35,25,48,129,110,9,53,58,2,100,88,61,19" hai3="103,41,11,134,38,101,121,26,57,124,80,17,60"/><U89/><E120/><V8/><F110/><W115/><G121/><T30/><D131/><U40/><E3/><V70/><F129/><W119/><G115/><T20/><D127/><U104/><E128/><V69/><F2/><W59/><G124/><T107/><D107/><U118/><E118/><V66/><F70/><W7/><G119/><T21/><D5/><U114/><E114/><V43/><F43/><W31/><G134/><T73/><REACH who="0" step="1"/><D42/><REACH who="0" ten="240,160,250,340" step="2"/><U37/><E126/><V10/><F35/><W28/><G7/><T72/><D72/><U27/><E108/><V117/><F117/><W105/><G41/><T51/><D51/><U112/><E112/><V91/><REACH who="2" step="1"/><F100/><REACH who="2" ten="240,160,240,340" step="2"/><W135/><G103/><T6/><D6/><U76/><E34/><V109/><F109/><W123/><G101/><T92/><D92/><U64/><E102/><V125/><F125/><W32/><G32/><T95/><D95/><U62/><E104/><V49/><F49/><W23/><G123/><T78/><D78/><U96/><E76/><V15/><F15/><AGARI ba="0,2" hai="15,16,20,21,24,30,44,47,73,79,82,87,90,93" machi="15" ten="30,7700,0" yaku="1,1,7,1,54,1,53,1" doraHai="98" doraHaiUra="14" who="0" fromWho="2" sc="240,97,160,0,240,-77,340,0" /><INIT seed="2,0,0,0,3,57" ten="337,160,163,340" oya="2" hai0="25,35,85,3,41,16,63,33,77,94,28,122,91" hai1="48,128,31,80,112,40,125,12,84,24,56,53,74" hai2="82,19,64,108,76,66,27,67,10,119,105,73,44" hai3="46,45,15,47,59,0,49,107,116,21,134,81,55"/><V22/><F119/><W50/><G116/><T14/><D122/><U111/><E112/><V133/><F105/><W103/><G0/><T26/><D3/><U39/><E111/><V38/><F133/><W123/><G123/><T1/><D1/><U61/><E125/><V4/><F108/><W51/><G134/><T121/><D121/><U11/><E128/><V62/><F38/><W20/><G107/><T93/><D77/><U13/><E39/><V88/><F44/><N who="3" m="17003" /><G103/><T17/><D41/><U113/><E74/><V100/><F100/><W52/><G81/><T87/><D63/><U124/><E124/><V18/><F18/><N who="3" m="10335" /><G21/><T54/><D14/><U95/><E113/><V7/><F10/><W29/><G29/><T23/><D35/><U70/><E11/><V58/><REACH who="2" step="1"/><F88/><REACH who="2" ten="337,160,153,340" step="2"/><W120/><G120/><T106/><D106/><U8/><E8/><V32/><F32/><W71/><G71/><T132/><D132/><U129/><E70/><V30/><F30/><W9/><G9/><T78/><D17/><U65/><E129/><V117/><F117/><W36/><G36/><T86/><D91/><N who="1" m="51591" /><E95/><V60/><F60/><AGARI ba="0,1" hai="47,49,50,51,52,55,59,60" m="10335,17003" machi="60" ten="30,3900,0" yaku="8,1,52,1,54,1" doraHai="57" who="3" fromWho="2" sc="337,0,160,0,153,-39,340,49" /><INIT seed="3,0,0,3,5,45" ten="337,160,114,389" oya="3" hai0="62,26,9,21,40,110,37,65,127,82,10,115,87" hai1="103,105,124,126,54,22,52,50,86,6,15,5,128" hai2="34,2,116,69,97,95,119,83,31,123,93,78,111" hai3="101,64,74,3,77,42,85,32,0,131,91,58,117"/><W47/><G32/><T68/><D110/><U99/><E128/><V17/><F2/><W46/><G117/><T100/><D127/><N who="1" m="48683" /><E86/><V135/><F69/><W18/><G101/><T30/><D115/><U113/><E113/><V90/><F111/><W66/><G74/><T27/><D100/><U125/><E125/><V81/><F135/><W1/><G77/><T53/><D40/><U8/><E5/><V106/><F123/><W20/><G131/><T24/><D37/><U88/><E88/><V39/><F39/><W41/><G41/><T98/><D98/><U67/><E67/><V121/><F121/><W133/><G133/><T122/><D122/><U38/><E38/><V80/><F78/><W79/><G79/><T23/><D53/><N who="1" m="20587" /><E50/><V61/><F106/><W72/><G20/><AGARI ba="0,0" hai="6,8,15,20,22,99,103,105" m="20587,48683" machi="20" ten="30,2000,0" yaku="18,1,54,1" doraHai="45" who="1" fromWho="3" sc="337,0,160,20,114,0,389,-20" owari="337,13.7,180,-22.0,114,-38.6,369,46.9" /></mjloggm>