<mjloggm ver="2.3"><GO type="225" lobby="0"/><UN n0="%47%32%E9%BE%8D%E9%96%80" n1="%E3%81%8F%E3%82%8A%E3%83%94%E3%83%BC" n2="%E9%80%9F%E6%B0%B4%E5%87%9B%E9%A6%99" n3="%E6%98%93%E5%88%A9%E8%96%A9%E4%BC%AF" dan="16,16,16,16" rate="2091.85,2109.87,2161.83,2126.54" sx="M,M,F,F"/><TAIKYOKU oya="0"/><INIT seed="0,0,0,4,1,84" ten="250,250,250,250" oya="0" hai0="18,113,81,36,67,32,27,83,69,51,91,86,1" hai1="64,79,70,65,107,131,5,26,20,68,99,92,78" hai2="19,30,116,58,11,2,134,25,31,6,47,56,96" hai3="106,46,123,110,125,45,53,63,80,104,48,0,7"/><T89/><D113/><U10/><E131/><V71/><F71/><W73/><G110/><T135/><D36/><U60/><E107/><V122/><F122/><W72/><G125/><T17/><D1/><U111/><E111/><V77/><F77/><W88/><G123/><T44/><D135/><U74/><E74/><V22/><F134/><W82/><G63/><T12/><D69/><U41/><E41/><V127/><F127/><W43/><G7/><T23/><D67/><U76/><E70/><V34/><F116/><W75/><G0/><T87/><D32/><U126/><E126/><V62/><F47/><W35/><G35/><T108/><D108/><U50/><E50/><V57/><F96/><W52/><G53/><N who="0" m="29927" /><D12/><N who="1" m="5199" /><E60/><V55/><REACH who="2" step="1"/><F30/><AGARI ba="0,0" hai="17,18,23,27,30,81,83,86,87,89,91" m="29927" machi="30" ten="30,5800,0" yaku="8,1,52,2" doraHai="84" who="0" fromWho="2" sc="250,58,250,0,250,-58,250,0" /><INIT seed="0,1,0,2,2,129" ten="308,250,192,250" oya="0" hai0="132,3,32,58,59,116,16,133,61,63,125,72,126" hai1="92,33,36,90,119,57,44,27,45,85,64,6,51" hai2="21,134,83,131,19,65,105,111,54,118,4,79,31" hai3="26,39,95,1,87,86,73,56,91,76,81,93,17"/><T124/><D72/><U49/><E119/><V135/><F105/><W75/><G39/><T97/><D116/><U55/><E36/><V2/><F118/><W113/><G1/><T40/><D3/><U24/><E6/><V68/><F31/><W7/><G7/><T101/><D32/><U82/><E33/><V88/><F131/><W9/><G113/><T47/><D16/><U62/><REACH who="1" step="1"/><E92/><REACH who="1" ten="308,240,192,250" step="2"/><V120/><F120/><W98/><G95/><N who="0" m="58559" /><D63/><U8/><E8/><V114/><F114/><W123/><G9/><T46/><D61/><U128/><E128/><V30/><F4/><W107/><G123/><T14/><D14/><U117/><E117/><V0/><F0/><W78/><G107/><T43/><D43/><AGARI ba="1,1" hai="24,27,43,44,45,49,51,55,57,62,64,82,85,90" machi="43" ten="30,3900,0" yaku="1,1,7,1,8,1,53,0" doraHai="129" doraHaiUra="103" who="1" fromWho="0" sc="308,-42,240,52,192,0,250,0" /><INIT seed="1,0,0,3,0,64" ten="266,292,192,250" oya="1" hai0="128,95,91,39,115,55,65,0,61,52,45,37,92" hai1="38,75,83,56,63,134,130,62,132,104,49,103,67" hai2="124,86,47,71,116,119,57,8,23,15,20,36,105" hai3="3,111,118,120,84,40,18,30,41,13,72,88,31"/><U97/><E38/><V80/><F105/><W82/><G3/><T125/><D115/><U108/><E130/><V77/><F124/><W4/><G120/><T10/><D125/><U68/><E49/><V46/><F119/><W58/><G118/><T133/><D133/><N who="1" m="51307" /><E108/><V99/><F116/><W66/><G4/><T102/><D128/><U50/><E50/><V74/><F74/><W42/><G72/><T12/><D0/><U98/><E98/><V19/><F36/><W25/><G25/><T29/><D29/><U135/><N who="1" m="51315" /><U26/><DORA hai="14" /><E26/><V60/><F71/><W81/><G81/><T51/><D55/><N who="1" m="34079" /><E83/><V48/><F99/><W96/><G96/><T76/><D39/><U106/><E75/><V27/><F48/><W17/><G111/><T32/><D37/><U109/><E109/><V112/><F112/><W122/><G122/><T121/><D121/><U123/><E123/><V24/><F24/><W22/><G18/><T87/><D51/><U1/><E1/><V127/><F127/><W33/><G33/><T5/><D45/><N who="2" m="16906" /><F27/><W107/><G107/><AGARI ba="0,0" hai="63,67,68,97,103,104,106,107" m="34079,51315" machi="107" ten="40,3900,0" yaku="20,1,52,1" doraHai="64,14" who="1" fromWho="3" sc="266,0,292,39,192,0,250,-39" /><INIT seed="1,1,0,3,3,83" ten="266,331,192,211" oya="1" hai0="11,86,103,84,47,124,48,15,28,12,3,98,92" hai1="76,118,50,129,119,44,2,37,5,56,45,132,80" hai2="25,0,117,109,46,49,34,123,110,52,72,130,36" hai3="112,133,60,116,74,127,102,62,120,131,115,73,70"/><U68/><E129/><V31/><F72/><W63/><G120/><T51/><D124/><U7/><E132/><V99/><F123/><W66/><G133/><T90/><D3/><U107/><E68/><V18/><F0/><W1/><G1/><T32/><D32/><U100/><E7/><V78/><F78/><W14/><G131/><T26/><D28/><U91/><E56/><V53/><F130/><W134/><G134/><T10/><D26/><U71/><E91/><V126/><F36/><W58/><G116/><T96/><D47/><U29/><E29/><V89/><F117/><W135/><G102/><T125/><D125/><U57/><E57/><V8/><F126/><W54/><G135/><T77/><D77/><U105/><E71/><V111/><F8/><N who="0" m="3114" /><D98/><U35/><E35/><V42/><F18/><W19/><G127/><T21/><D103/><U104/><E100/><V9/><F9/><W6/><G6/><T39/><D39/><U67/><E37/><V23/><F34/><W95/><G74/><T20/><D20/><U114/><E44/><V40/><F40/><W17/><G73/><T93/><D21/><U108/><E2/><V81/><F99/><W61/><G14/><N who="0" m="5163" /><D93/><U94/><E94/><V79/><F79/><W113/><REACH who="3" step="1"/><G95/><REACH who="3" ten="266,331,192,201" step="2"/><T30/><D30/><U55/><E118/><V69/><F69/><W88/><G88/><T122/><D122/><U27/><E119/><V38/><F38/><W97/><G97/><T101/><D101/><U4/><E107/><V43/><F43/><W87/><G87/><AGARI ba="1,1" hai="48,51,84,86,87,90,92,96" m="5163,3114" machi="87" ten="30,7700,0" yaku="8,1,52,3" doraHai="83" who="0" fromWho="3" sc="266,90,331,0,192,0,201,-80" /><AGARI ba="1,0" hai="23,25,31,42,46,49,52,53,81,87,89,109,110,111" machi="87" ten="40,5200,0" yaku="14,1,52,1,54,1" doraHai="83" who="2" fromWho="3" sc="356,0,331,0,192,52,121,-52" /><INIT seed="2,0,0,3,2,103" ten="356,331,244,69" oya="2" hai0="62,6,75,100,40,121,90,32,110,55,97,60,17" hai1="14,104,45,93,118,129,22,101,10,119,67,11,20" hai2="71,70,134,38,1,26,21,80,74,84,88,35,69" hai3="36,131,94,98,107,91,123,128,5,37,0,82,58"/><V64/><F1/><W117/><G123/><T76/><D121/><U63/><E129/><N who="3" m="49738" /><G117/><T86/><D32/><U39/><E10/><V87/><F38/><W4/><G82/><N who="0" m="45343" /><D40/><U18/><E20/><V65/><F134/><W49/><G49/><T25/><D6/><N who="3" m="2665" /><G0/><T3/><D55/><U9/><E9/><V92/><F74/><W46/><G46/><T28/><D17/><U66/><E11/><V95/><F35/><W7/><N who="3" m="2673" /><W48/><DORA hai="57" /><G107/><N who="0" m="63887" /><D110/><U31/><E45/><V51/><F51/><W72/><G72/><T124/><D124/><U81/><E39/><V99/><F95/><W112/><G112/><T15/><D15/><U105/><E93/><V23/><F23/><W83/><G83/><T56/><D3/><U16/><E14/><V42/><F42/><W33/><G33/><N who="0" m="20623" /><D56/><U120/><E22/><V126/><F126/><W135/><G135/><T47/><D47/><U114/><E120/><V96/><F96/><W108/><G108/><T12/><D12/><U24/><E119/><V115/><F115/><W133/><G133/><T122/><D122/><U54/><E114/><V44/><F44/><W109/><G109/><T73/><D73/><U61/><E118/><V79/><REACH who="2" step="1"/><F99/><REACH who="2" ten="356,331,234,69" step="2"/><W53/><AGARI ba="0,1" hai="36,37,48,53,58,91,94,98" m="2673,49738" machi="53" ten="40,1500,0" yaku="19,1" doraHai="103,57" who="3" fromWho="3" sc="356,-4,331,-4,234,-7,69,25" /><INIT seed="3,0,0,5,3,95" ten="352,327,227,94" oya="3" hai0="65,107,123,71,44,78,24,2,48,8,81,56,88" hai1="126,16,125,92,127,99,26,25,84,118,30,34,62" hai2="35,112,133,12,23,89,80,9,128,40,37,121,72" hai3="87,124,67,134,94,51,47,75,13,5,83,54,17"/><W0/><G134/><T93/><D107/><U130/><E130/><V61/><F35/><W132/><G132/><T20/><D123/><U108/><E108/><V29/><F112/><W101/><G124/><T85/><D71/><U43/><E118/><V52/><F133/><W79/><G67/><T109/><D109/><U50/><E84/><V129/><F40/><W116/><G116/><T49/><D2/><U122/><E62/><V1/><F1/><W64/><G64/><T117/><D8/><U98/><E92/><V28/><F37/><W97/><G0/><T74/><D117/><U27/><E122/><V19/><F121/><W57/><G5/><T18/><REACH who="0" step="1"/><D44/><REACH who="0" ten="342,327,227,94" step="2"/><N who="1" m="25887" /><E27/><V69/><F69/><W104/><G104/><T21/><D21/><AGARI ba="0,1" hai="16,21,25,26,30,34,98,99,125,126,127" m="25887" machi="21" ten="30,7700,0" yaku="18,1,52,2,54,1" doraHai="95" who="1" fromWho="0" sc="342,-77,327,87,227,0,94,0" owari="265,6.5,414,51.4,227,-17.3,94,-40.6" /></mjloggm>