<mjloggm ver="2.3"><GO type="225" lobby="0"/><UN n0="%E5%AE%AE%E4%BF%9D%E9%B6%8F%E8%82%89" n1="%E6%80%AA%E3%81%97%E3%81%99%E3%81%8E%E3%82%8B%E3%83%81%E3%83%BC" n2="%E3%81%AF%E3%82%88%E3%81%8A%E3%81%98%E3%81%95%E3%82%93" n3="%43%68%65" dan="16,17,16,16" rate="2127.85,2183.00,2177.03,2158.13" sx="M,M,M,M"/><TAIKYOKU oya="0"/><INIT seed="0,0,0,5,1,83" ten="250,250,250,250" oya="0" hai0="127,55,20,28,128,104,93,21,94,14,1,124,99" hai1="13,125,41,80,32,102,88,123,87,42,34,133,27" hai2="54,122,60,48,8,68,95,31,56,16,129,10,62" hai3="40,30,115,0,114,59,100,69,23,3,103,2,89"/><T49/><D1/><U7/><E123/><V64/><F122/><W86/><G69/><T53/><D104/><U134/><E125/><N who="0" m="48201" /><D128/><U9/><E102/><V70/><F129/><W116/><G116/><T131/><D131/><U92/><E80/><V15/><F31/><W72/><G72/><T19/><D49/><U24/><E24/><V82/><F95/><N who="0" m="36362" /><D99/><U47/><E42/><V35/><F35/><W97/><G40/><T132/><D132/><N who="1" m="50795" /><E27/><AGARI ba="0,0" hai="14,19,20,21,27,28,53,55" m="36362,48201" machi="27" ten="30,1500,0" yaku="18,1" doraHai="83" who="0" fromWho="1" sc="250,15,250,-15,250,0,250,0" /><INIT seed="0,1,0,4,1,7" ten="265,235,250,250" oya="0" hai0="83,3,50,75,112,135,91,92,102,94,66,110,54" hai1="19,29,43,95,70,74,84,133,96,23,80,109,45" hai2="118,38,121,86,17,27,119,51,48,53,125,65,123" hai3="49,132,62,134,11,32,12,105,120,90,34,8,89"/><T82/><D112/><U13/><E109/><V4/><F38/><W9/><G120/><T103/><D3/><U87/><E133/><N who="3" m="51306" /><G105/><T28/><D135/><U16/><E70/><V1/><F125/><W5/><G49/><T24/><D66/><U15/><E29/><V77/><F65/><W40/><G40/><T69/><D69/><U128/><E128/><V117/><F48/><W131/><G131/><T97/><D110/><U68/><E68/><V129/><F129/><W58/><G90/><T78/><D83/><U93/><E74/><V31/><F17/><W2/><G89/><T36/><D36/><U99/><E45/><V115/><F115/><W59/><G59/><T10/><D10/><N who="3" m="4201" /><G2/><T124/><D92/><U98/><E43/><V122/><F1/><W85/><G85/><N who="1" m="32842" /><E80/><N who="2" m="47375" /><F4/><W114/><G114/><T39/><D39/><U113/><E113/><V107/><F107/><W37/><G37/><T88/><D91/><U46/><E46/><N who="2" m="27895" /><F123/><W79/><G79/><T56/><REACH who="0" step="1"/><D124/><REACH who="0" ten="255,235,250,250" step="2"/><U14/><E93/><V20/><AGARI ba="1,1" hai="20,27,31,117,118,119,121,122" m="27895,47375" machi="20" ten="30,1100,0" yaku="12,1" doraHai="7" who="2" fromWho="2" sc="255,-6,235,-4,250,24,250,-4" /><INIT seed="1,0,0,0,5,3" ten="249,231,274,246" oya="1" hai0="2,68,51,127,54,63,15,81,70,128,6,50,99" hai1="118,55,43,31,107,46,32,85,28,124,109,113,37" hai2="82,1,87,34,14,122,8,13,133,80,103,130,132" hai3="135,33,79,98,58,29,62,60,123,97,25,65,96"/><U75/><E75/><V26/><F122/><W126/><G123/><T35/><D35/><U22/><E22/><V47/><BYE who="1" /><F130/><W24/><G126/><T69/><D2/><U114/><E114/><V45/><F103/><W88/><G135/><N who="2" m="51785" /><F1/><W77/><G25/><T117/><D117/><U121/><E121/><V36/><F36/><W56/><REACH who="3" step="1"/><G88/><REACH who="3" ten="249,231,274,236" step="2"/><T73/><D127/><U106/><E106/><V105/><F26/><W131/><G131/><T100/><D128/><U5/><E5/><UN n1="%E6%80%AA%E3%81%97%E3%81%99%E3%81%8E%E3%82%8B%E3%83%81%E3%83%BC" /><V59/><F105/><W91/><G91/><T116/><D116/><U92/><E124/><V0/><F80/><W119/><G119/><T7/><D81/><U39/><E107/><V38/><F82/><W86/><G86/><T120/><D120/><U61/><E85/><V72/><F87/><W53/><AGARI ba="0,1" hai="24,29,33,53,56,58,60,62,65,77,79,96,97,98" machi="53" ten="30,2000,0" yaku="1,1,0,1,53,0" doraHai="3" doraHaiUra="84" who="3" fromWho="3" sc="249,-5,231,-10,274,-5,236,30" /><INIT seed="2,0,0,4,3,120" ten="244,221,269,266" oya="2" hai0="44,106,87,64,116,127,112,42,74,107,34,30,1" hai1="95,67,83,26,105,108,58,9,7,93,111,89,21" hai2="6,98,122,130,94,91,128,59,82,117,46,63,124" hai3="78,39,51,133,13,62,97,57,109,84,104,132,135"/><V85/><F122/><W134/><G39/><T114/><D74/><U50/><E105/><V125/><F6/><W75/><G75/><T70/><D1/><U2/><E83/><V60/><F46/><W19/><N who="3" m="33792" /><DORA hai="101" /><W72/><G72/><T80/><D87/><U3/><E3/><V118/><F63/><W52/><G109/><N who="1" m="42058" /><E89/><N who="2" m="51383" /><F60/><W38/><G38/><N who="0" m="21591" /><D80/><U16/><E67/><V18/><F59/><W121/><G121/><T86/><D86/><U22/><E22/><V31/><F18/><W4/><G4/><T37/><D37/><U69/><E69/><V24/><F24/><W49/><G84/><T27/><D127/><N who="2" m="48714" /><F31/><W10/><G78/><T113/><D116/><AGARI ba="0,0" hai="91,94,98,116,117,118,128,130" m="48714,51383" machi="116" ten="30,5800,0" yaku="18,1,34,2" doraHai="120,101" who="2" fromWho="0" sc="244,-58,221,0,269,58,266,0" /><INIT seed="2,1,0,4,0,64" ten="186,221,327,266" oya="2" hai0="108,50,58,15,3,14,119,76,31,89,79,126,62" hai1="90,100,43,9,49,81,63,75,72,4,134,131,61" hai2="39,11,35,82,16,0,118,128,18,65,121,110,21" hai3="69,83,5,102,122,84,68,135,111,99,45,103,38"/><V33/><F65/><W53/><G122/><T20/><D108/><U93/><E134/><V51/><F39/><W73/><G73/><T98/><D126/><U66/><E131/><V55/><F82/><W113/><G111/><T132/><D3/><U92/><E61/><V23/><F110/><W95/><G135/><T56/><D119/><U124/><E124/><V133/><F133/><W67/><G67/><T6/><D132/><U71/><E100/><V80/><F80/><W7/><G103/><T25/><D50/><U104/><E104/><V36/><F36/><W123/><G113/><T106/><D106/><U40/><E92/><V28/><F55/><W54/><G54/><T46/><D46/><U60/><E60/><V8/><F51/><W2/><G123/><T26/><D26/><U94/><E94/><V41/><F41/><W30/><G30/><T96/><D58/><U120/><E120/><V24/><F121/><W91/><G2/><T74/><D74/><N who="1" m="28203" /><E49/><V13/><F128/><W1/><G53/><T48/><D48/><U22/><E22/><V129/><F118/><W101/><G101/><T117/><D117/><U107/><E81/><V86/><F86/><W34/><G34/><T88/><D96/><N who="1" m="57399" /><E107/><V70/><F70/><N who="3" m="27243" /><G1/><T130/><D130/><U52/><E52/><V12/><F129/><W78/><G78/><N who="0" m="29739" /><D98/><U77/><E77/><V10/><F0/><W59/><G59/><T85/><D6/><N who="3" m="2057" /><G38/><T57/><D57/><U29/><E29/><V87/><F87/><W125/><G125/><T115/><D115/><U114/><E114/><V127/><F127/><RYUUKYOKU ba="1,0" sc="186,-30,221,10,327,10,266,10" hai1="4,9,40,43,63,66,71" hai2="8,10,11,12,13,16,18,21,23,24,28,33,35" hai3="45,83,84,91,95,99,102" /><INIT seed="2,2,0,5,1,118" ten="156,231,337,276" oya="2" hai0="124,71,96,116,49,84,21,50,23,94,113,36,73" hai1="106,8,22,61,56,89,11,103,32,12,57,102,2" hai2="76,4,33,119,34,135,7,120,86,46,45,127,13" hai3="44,14,47,121,26,31,37,66,53,74,132,80,91"/><V75/><F120/><W62/><G121/><T38/><D116/><U90/><E32/><V129/><F75/><W111/><G111/><T5/><D73/><U39/><E39/><V27/><F119/><W134/><G14/><T78/><D71/><U115/><E115/><V128/><F127/><W98/><G53/><T92/><D84/><U0/><E12/><V107/><F107/><W97/><G97/><T69/><D96/><U87/><E87/><V40/><F135/><N who="3" m="51755" /><G98/><T19/><D69/><U101/><E101/><V10/><F4/><W60/><G60/><T99/><D99/><U126/><E61/><V109/><F109/><W24/><G24/><T1/><D5/><U88/><E90/><V72/><F72/><W42/><G47/><T79/><D1/><U58/><E58/><V112/><F112/><W108/><G91/><T54/><D54/><U67/><E67/><V133/><F133/><W105/><G105/><T48/><D48/><U43/><E106/><V15/><F13/><W59/><G108/><T81/><D81/><U63/><E63/><V100/><F100/><W17/><G17/><T52/><D52/><U51/><E51/><N who="2" m="27047" /><F46/><W64/><G64/><T82/><D82/><U83/><E83/><N who="2" m="47463" /><F27/><W35/><G80/><T65/><D65/><U131/><E43/><V104/><F104/><W16/><G74/><T3/><D3/><U130/><REACH who="1" step="1"/><E22/><REACH who="1" ten="156,221,337,276" step="2"/><V77/><F77/><W6/><G6/><T70/><D70/><U29/><E29/><V117/><F117/><W28/><G28/><T125/><D113/><U30/><E30/><V110/><F110/><RYUUKYOKU ba="2,1" sc="156,0,221,0,337,0,276,0" hai0="19,21,23,36,38,49,50,78,79,92,94,124,125" hai1="0,2,8,11,56,57,88,89,102,103,126,130,131" hai2="7,10,15,33,34,128,129" hai3="16,26,31,35,37,42,44,59,62,66" /><INIT seed="2,3,1,5,4,31" ten="156,221,337,276" oya="2" hai0="26,69,86,121,56,28,80,128,8,125,99,25,119" hai1="92,91,14,122,124,29,68,21,30,64,105,103,132" hai2="22,84,0,100,120,71,52,117,62,50,41,45,51" hai3="72,36,47,108,123,95,106,109,7,66,11,4,44"/><V33/><F33/><W15/><G106/><T78/><D121/><U10/><E124/><V94/><F0/><W6/><G123/><T65/><D125/><U67/><E122/><V111/><F120/><W19/><G72/><T2/><D69/><U112/><E112/><V35/><F35/><W17/><G36/><T12/><D2/><U129/><E132/><V53/><F117/><W48/><G66/><T73/><D128/><U9/><E129/><V24/><F111/><N who="3" m="42571" /><G95/><T87/><D119/><U63/><E67/><V113/><F113/><W93/><G93/><T102/><D65/><U89/><E105/><V134/><F134/><W83/><G83/><T126/><D56/><U96/><E10/><V77/><F71/><W61/><G61/><T43/><D43/><U59/><E68/><V81/><F62/><W115/><G115/><T110/><D110/><U55/><E64/><V127/><F127/><W3/><G47/><T42/><D42/><U97/><E97/><N who="2" m="59447" /><F50/><W82/><G82/><T131/><D131/><U23/><E29/><AGARI ba="3,1" hai="22,24,29,41,45,51,52,53,77,81,84" m="59447" machi="29" ten="30,2900,0" yaku="8,1,54,1" doraHai="31" who="2" fromWho="1" sc="156,0,221,-38,337,48,276,0" /><INIT seed="2,4,0,2,3,97" ten="156,183,385,276" oya="2" hai0="14,108,43,33,1,16,87,84,35,124,52,120,49" hai1="7,100,2,19,122,114,94,125,82,12,71,26,50" hai2="58,77,101,18,78,39,104,55,42,34,54,64,40" hai3="99,4,110,66,119,123,62,24,116,22,31,13,30"/><V59/><F34/><W45/><G123/><T92/><D120/><U6/><E122/><V133/><F133/><W72/><G72/><T5/><D1/><U96/><E71/><V69/><F69/><W25/><G110/><T130/><D108/><U127/><E114/><V44/><F64/><W76/><G76/><T86/><D33/><U61/><E61/><V23/><F42/><W132/><G132/><T121/><D35/><U79/><E26/><V60/><F104/><W70/><G45/><N who="0" m="25791" /><D130/><U115/><E50/><V29/><F29/><W83/><G83/><T68/><D68/><U80/><E115/><V48/><F101/><W38/><G38/><T91/><D124/><N who="1" m="47691" /><E2/><V0/><F0/><W81/><G70/><T135/><D5/><N who="1" m="1547" /><E79/><V21/><F21/><AGARI ba="4,0" hai="12,19,21,80,82,94,96,100" m="1547,47691" machi="21" ten="30,2000,0" yaku="18,1,52,1" doraHai="97" who="1" fromWho="2" sc="156,0,183,32,385,-32,276,0" /><INIT seed="3,0,0,3,3,106" ten="156,215,353,276" oya="3" hai0="132,58,96,0,67,13,65,105,3,22,37,127,56" hai1="119,14,120,30,102,39,95,83,126,84,70,36,81" hai2="89,130,131,50,108,25,48,60,5,124,57,90,122" hai3="117,78,27,9,80,10,118,61,94,51,72,55,86"/><W43/><G27/><T42/><D105/><U63/><E120/><V97/><F122/><W73/><G61/><T31/><D96/><U91/><E126/><V32/><F124/><W135/><G43/><T92/><D127/><U26/><E119/><V85/><F108/><W87/><G135/><T62/><D132/><U76/><E14/><V133/><F133/><W75/><G118/><T4/><D92/><U35/><E102/><V107/><F5/><W121/><G121/><T71/><D71/><U7/><E7/><V21/><F32/><W113/><G113/><T54/><D4/><U24/><E24/><V68/><F68/><W129/><G129/><N who="2" m="49161" /><F107/><W52/><G117/><T1/><D31/><U74/><REACH who="1" step="1"/><E95/><REACH who="1" ten="156,205,353,276" step="2"/><N who="2" m="56559" /><F25/><W77/><G94/><T101/><D101/><U69/><E69/><V38/><F21/><W6/><G10/><T46/><REACH who="0" step="1"/><D58/><REACH who="0" ten="146,205,353,276" step="2"/><U123/><E123/><V44/><F57/><W93/><G93/><T88/><D88/><U98/><E98/><V19/><F90/><W23/><G6/><T134/><D134/><U20/><E20/><V17/><F17/><W47/><G23/><T82/><D82/><U12/><E12/><V100/><F19/><W49/><G80/><T111/><D111/><U64/><AGARI ba="0,2" hai="26,30,35,36,39,63,64,70,74,76,81,83,84,91" machi="64" ten="30,4000,0" yaku="1,1,0,1,52,1,53,0" doraHai="106" doraHaiUra="33" who="1" fromWho="1" sc="146,-10,205,60,353,-10,276,-20" owari="136,-36.4,265,6.5,343,44.3,256,-14.4" /></mjloggm>