<mjloggm ver="2.3"><GO type="225" lobby="0"/><UN n0="%54%4F%52" n1="%E5%8F%AF%E5%85%90%E9%82%A3%E7%94%B1%E5%A4%9A" n2="%E3%81%AA%E3%81%8A%E3%81%A8%4E%4D%42" n3="%E5%B0%8F%E9%B3%A5%E9%81%8A%E7%B7%B4%E7%84%A1%32%31%E6%AD%B3" dan="17,17,16,16" rate="2244.10,2154.87,2127.03,2161.47" sx="M,F,M,F"/><TAIKYOKU oya="0"/><INIT seed="0,0,0,0,0,17" ten="250,250,250,250" oya="0" hai0="125,106,43,96,47,24,3,42,74,97,86,60,89" hai1="18,76,116,21,8,102,110,117,38,36,11,27,19" hai2="124,132,129,2,12,6,126,39,82,32,128,0,108" hai3="62,7,115,35,133,29,113,64,20,34,80,15,40"/><T26/><D3/><N who="2" m="1066" /><F82/><W23/><G40/><T121/><D121/><U104/><E76/><V69/><F69/><W93/><G133/><T4/><D4/><U85/><E85/><V51/><F51/><W33/><G29/><T73/><D60/><U52/><E110/><V91/><F91/><W44/><G44/><T134/><D134/><U68/><E68/><V101/><F101/><W77/><G93/><T48/><D125/><N who="2" m="48234" /><F39/><W65/><G65/><T114/><D114/><U118/><E102/><V5/><F132/><W79/><G79/><T45/><D106/><U67/><E104/><V9/><F32/><W28/><G115/><T31/><D74/><U75/><E75/><V10/><F108/><W78/><G113/><T131/><D73/><U119/><E119/><V100/><F100/><W70/><G28/><T107/><D107/><U16/><E67/><V122/><F122/><W87/><REACH who="3" step="1"/><G77/><REACH who="3" ten="250,250,250,240" step="2"/><T81/><D31/><U130/><E117/><V54/><F54/><W41/><G41/><T83/><D43/><U46/><E118/><V103/><F103/><W37/><G37/><T57/><D42/><U120/><E116/><V1/><AGARI ba="0,1" hai="1,5,6,9,10,12,128,129" m="48234,1066" machi="1" ten="40,5200,0" yaku="18,1,34,2" doraHai="17" who="2" fromWho="2" sc="250,-26,250,-13,250,62,240,-13" /><INIT seed="1,0,0,2,2,91" ten="224,237,312,227" oya="1" hai0="92,17,129,23,59,7,28,2,71,60,133,42,79" hai1="124,11,84,14,85,110,73,20,12,66,75,117,4" hai2="72,114,44,50,32,57,93,6,131,43,64,21,106" hai3="61,26,67,77,16,29,39,88,95,132,127,113,125"/><U58/><E117/><V46/><F32/><W47/><G113/><T94/><D71/><U86/><E124/><N who="3" m="47690" /><G77/><T108/><D108/><U115/><E115/><V27/><F72/><W74/><G74/><T112/><D112/><U41/><E41/><V63/><F106/><W111/><G132/><T38/><D133/><U109/><E20/><V55/><F131/><W19/><G47/><T121/><D129/><U5/><E66/><V82/><F82/><W22/><G39/><T90/><D28/><U100/><E58/><V128/><F128/><W0/><G0/><T122/><D79/><U134/><E134/><V30/><F6/><W25/><G25/><T81/><D7/><U35/><E35/><V83/><F83/><W56/><G111/><N who="1" m="42506" /><E100/><V123/><F123/><N who="0" m="47114" /><D42/><U87/><N who="1" m="21504" /><DORA hai="126" /><U89/><E89/><V54/><F114/><W9/><G9/><AGARI ba="0,0" hai="4,5,9,11,12,14,73,75" m="21504,42506" machi="9" ten="50,4800,0" yaku="14,1,10,1" doraHai="91,126" who="1" fromWho="3" sc="224,0,237,48,312,0,227,-48" /><INIT seed="1,1,0,0,3,7" ten="224,285,312,179" oya="1" hai0="59,31,63,30,18,38,29,70,85,16,91,75,17" hai1="6,65,66,98,64,87,128,103,108,33,20,123,49" hai2="117,76,94,113,134,60,36,19,10,54,100,111,89" hai3="45,27,72,46,120,83,135,44,96,109,13,23,116"/><U121/><E33/><V101/><F36/><W132/><G120/><T92/><D38/><U11/><E128/><V71/><F117/><W47/><G116/><T2/><D75/><U119/><E119/><V12/><F111/><W15/><G109/><T32/><D2/><U97/><E108/><V51/><F134/><W58/><G58/><T53/><REACH who="0" step="1"/><D70/><REACH who="0" ten="214,285,312,179" step="2"/><U104/><E123/><V25/><F71/><W56/><G135/><T124/><D124/><U0/><E121/><V74/><F113/><W62/><G132/><T131/><D131/><U110/><E110/><V107/><F74/><W1/><G1/><T114/><D114/><U14/><E87/><V82/><F107/><W105/><G72/><T37/><D37/><U79/><E97/><V106/><F106/><W88/><G105/><T112/><D112/><U80/><E0/><V84/><F84/><W130/><G130/><T39/><D39/><U129/><E129/><V73/><F73/><W48/><G96/><T127/><D127/><U8/><E98/><V42/><F100/><W118/><G118/><T21/><D21/><U3/><E20/><V55/><F101/><W99/><G99/><T115/><D115/><U67/><E103/><V68/><F68/><W93/><G93/><T9/><D9/><U4/><E104/><V95/><F10/><W126/><G126/><T35/><AGARI ba="1,1" hai="16,17,18,29,30,31,32,35,53,59,63,85,91,92" machi="35" ten="40,12000,2" yaku="1,1,0,1,54,1,53,3" doraHai="7" doraHaiUra="24" who="0" fromWho="0" sc="214,133,285,-61,312,-31,179,-31" /><INIT seed="2,0,0,1,0,43" ten="347,224,281,148" oya="2" hai0="102,80,82,11,74,108,103,69,97,118,67,7,117" hai1="45,48,60,115,71,31,26,112,47,116,68,93,58" hai2="49,63,128,23,42,106,41,17,73,27,36,98,65" hai3="109,75,79,119,18,96,131,101,15,70,46,104,107"/><V29/><F73/><W114/><G119/><N who="0" m="45579" /><D108/><U95/><E116/><V2/><F2/><W16/><G70/><T129/><D129/><U90/><E68/><V61/><F36/><W134/><G109/><T87/><D74/><U38/><E71/><V9/><F128/><W77/><G131/><T113/><D113/><U19/><E19/><V55/><F65/><W120/><G120/><T72/><D67/><U6/><E6/><V89/><F63/><W52/><G107/><T34/><D34/><U84/><E95/><N who="2" m="56687" /><F61/><W13/><G134/><T57/><D57/><U4/><E4/><V126/><F126/><W111/><G111/><T8/><D69/><U83/><E93/><V53/><F106/><W133/><G133/><T1/><D11/><U30/><E38/><V123/><F55/><W99/><G75/><T91/><D97/><N who="3" m="37449" /><G101/><N who="0" m="38411" /><D72/><U28/><E115/><V51/><F51/><N who="3" m="28791" /><G104/><T124/><D124/><U44/><E112/><V85/><F123/><W22/><G114/><T100/><D100/><U88/><E90/><V21/><F85/><W86/><G86/><T105/><D105/><U3/><E3/><V0/><F0/><W35/><G35/><T92/><AGARI ba="0,0" hai="1,7,8,80,82,87,91,92" m="38411,45579" machi="92" ten="30,1100,0" yaku="12,1" doraHai="43" who="0" fromWho="0" sc="347,11,224,-3,281,-5,148,-3" /><INIT seed="3,0,0,1,4,81" ten="358,221,276,145" oya="3" hai0="34,106,42,109,83,131,114,19,64,85,12,30,59" hai1="54,68,63,71,82,65,61,1,66,48,2,9,95" hai2="77,50,23,28,58,107,75,44,47,91,93,49,101" hai3="40,126,25,130,0,128,22,18,98,105,43,94,133"/><W104/><G0/><T103/><D42/><U52/><E95/><V127/><F127/><W108/><G126/><T89/><D103/><U31/><E31/><V119/><F107/><W88/><G133/><T37/><D106/><U123/><E123/><V36/><F101/><W79/><G108/><T120/><D59/><U135/><E135/><V118/><F36/><W51/><G105/><T73/><D12/><U124/><E124/><V38/><F77/><W26/><G104/><T27/><D19/><U41/><E41/><V76/><F76/><W55/><G79/><T102/><D64/><U16/><E82/><V62/><F38/><W5/><G26/><T86/><D102/><U8/><E48/><N who="2" m="18539" /><F75/><W117/><G5/><T45/><D73/><U20/><E20/><V13/><F28/><W74/><G74/><T122/><D45/><U72/><E72/><V96/><F119/><W97/><G117/><T15/><D37/><U4/><E16/><N who="2" m="10639" /><F118/><W78/><G78/><T10/><D34/><U92/><E92/><V90/><F90/><W67/><G67/><AGARI ba="0,0" hai="44,47,58,62,67,91,93,96" m="10639,18539" machi="67" ten="30,2000,0" yaku="8,1,54,1" doraHai="81" who="2" fromWho="3" sc="358,0,221,0,276,20,145,-20" owari="358,45.8,221,-17.9,296,9.6,125,-37.5" /></mjloggm>