<mjloggm ver="2.3"><GO type="225" lobby="0"/><UN n0="%4B%2E%32%2E%4B%2E" n1="%E5%A4%96%E5%B7%9D%E7%AB%9C%E6%88%90" n2="%E6%A0%B9%E5%85%83%E3%81%8B%E3%82%89%E5%90%B9%E3%81%A3%E9%A3%9B%E3%81%B6" n3="%6D%75%75%6D%75%72%61" dan="16,16,17,16" rate="2182.81,2155.71,2141.69,2075.09" sx="M,M,F,F"/><TAIKYOKU oya="0"/><INIT seed="0,0,0,0,0,65" ten="250,250,250,250" oya="0" hai0="17,91,83,47,87,5,78,60,26,135,92,35,11" hai1="37,29,103,63,108,109,89,9,132,110,76,46,107" hai2="43,97,134,58,98,70,25,90,62,67,30,71,31" hai3="56,68,3,117,112,0,69,23,38,85,93,12,96"/><T32/><D135/><U14/><E132/><V79/><F134/><W61/><G112/><T28/><D17/><U95/><E76/><V120/><F120/><W48/><G38/><T19/><D19/><U131/><E131/><V10/><F79/><W59/><G117/><T111/><D111/><U123/><E123/><V99/><F43/><W73/><G73/><T133/><D133/><U80/><E29/><V2/><F31/><W18/><G59/><T45/><D60/><U54/><E80/><V72/><F72/><W20/><G20/><T115/><D35/><U8/><E103/><V66/><F66/><W16/><G18/><T86/><REACH who="0" step="1"/><D115/><REACH who="0" ten="240,250,250,250" step="2"/><U74/><E63/><V88/><F62/><W121/><G121/><T52/><D52/><U82/><E54/><V33/><F67/><W36/><G61/><T27/><D27/><U118/><E109/><V130/><F25/><W49/><G16/><T119/><D119/><U94/><E110/><V22/><F33/><W113/><G113/><T129/><D129/><U127/><E108/><V102/><F130/><W50/><G23/><T55/><D55/><U42/><E118/><V57/><F22/><W114/><G114/><T1/><AGARI ba="0,1" hai="1,5,11,26,28,32,45,47,78,83,86,87,91,92" machi="1" ten="20,3900,0" yaku="1,1,0,1,7,1,53,0" doraHai="65" doraHaiUra="15" who="0" fromWho="0" sc="240,49,250,-13,250,-13,250,-13" /><INIT seed="0,1,0,2,1,27" ten="289,237,237,237" oya="0" hai0="32,119,113,11,42,127,39,35,86,30,1,55,10" hai1="49,40,128,24,109,126,33,6,2,112,108,41,91" hai2="23,73,87,79,34,50,122,130,110,89,68,92,7" hai3="67,95,134,66,103,99,133,123,17,4,20,0,81"/><T115/><D119/><U83/><E128/><V129/><F122/><W46/><G123/><T111/><D127/><U37/><E126/><V62/><F110/><N who="1" m="42601" /><E112/><V120/><F34/><W121/><G121/><T72/><D111/><U51/><E6/><V26/><F120/><W13/><G81/><T44/><D86/><N who="1" m="50655" /><E2/><V124/><F7/><W21/><G46/><T60/><D35/><U48/><E37/><V85/><F73/><W5/><G5/><T28/><D72/><U65/><E65/><V56/><F124/><W78/><G78/><T132/><D132/><N who="3" m="50793" /><G21/><T14/><D32/><U105/><E105/><V77/><F130/><W59/><G59/><T3/><D3/><U69/><E69/><V102/><F68/><W94/><G95/><T15/><D1/><U47/><E47/><V101/><F56/><W135/><N who="3" m="50801" /><W96/><DORA hai="18" /><G96/><T12/><D113/><U22/><E33/><V9/><F129/><W88/><G103/><T64/><D115/><U74/><E74/><V106/><F102/><W131/><G131/><T58/><REACH who="0" step="1"/><D64/><REACH who="0" ten="279,237,237,237" step="2"/><U38/><E38/><V8/><F106/><W31/><G31/><AGARI ba="1,1" hai="10,11,12,14,15,28,30,31,39,42,44,55,58,60" machi="31" ten="40,18000,2" yaku="1,1,2,1,52,3,53,1" doraHai="27,18" doraHaiUra="43,107" who="0" fromWho="3" sc="279,193,237,0,237,0,237,-183" /><AGARI ba="1,0" hai="22,24,31,40,41,48,49,51" m="50655,42601" machi="31" ten="30,3900,0" yaku="14,1,52,2" doraHai="27,18" who="1" fromWho="3" sc="472,0,237,39,237,0,54,-39" /><INIT seed="0,2,0,2,4,82" ten="472,276,237,15" oya="0" hai0="41,116,70,80,107,114,3,81,27,12,110,57,59" hai1="55,1,13,40,126,125,8,132,34,50,62,38,26" hai2="120,52,47,37,102,61,123,19,66,89,113,93,112" hai3="91,15,103,106,77,69,5,115,11,75,17,46,7"/><T97/><D3/><U58/><E132/><V134/><F102/><W118/><G118/><T20/><D70/><U98/><E1/><V22/><F134/><W129/><G115/><T128/><D114/><U33/><E38/><V43/><F113/><W2/><G69/><T49/><D116/><U16/><E98/><V111/><F111/><W72/><G129/><T79/><D12/><U65/><E40/><V131/><F131/><W104/><G7/><T99/><D107/><U56/><REACH who="1" step="1"/><E26/><REACH who="1" ten="472,266,237,15" step="2"/><V4/><F112/><W100/><G2/><T39/><D128/><U67/><E67/><V86/><F66/><W105/><G105/><T0/><D0/><U76/><E76/><V51/><F4/><W122/><G5/><T68/><D97/><U21/><E21/><V25/><F61/><W92/><G122/><T48/><D20/><U74/><E74/><N who="3" m="28202" /><G77/><T94/><D99/><U31/><E31/><V44/><AGARI ba="2,1" hai="19,22,25,37,43,44,47,51,52,86,89,93,120,123" machi="44" ten="20,5200,0" yaku="0,1,7,1,52,1,54,1" doraHai="82" who="2" fromWho="2" sc="472,-28,266,-15,237,68,15,-15" /><INIT seed="1,0,0,2,5,24" ten="444,251,305,0" oya="1" hai0="36,20,69,76,120,97,17,27,117,96,116,25,90" hai1="122,105,127,112,101,46,18,88,52,75,131,118,134" hai2="103,12,11,8,102,72,133,65,26,51,125,9,41" hai3="74,83,19,110,60,108,3,43,32,78,100,77,87"/><U129/><E112/><V62/><F72/><W33/><G3/><T30/><D36/><U44/><E118/><V99/><F125/><W132/><G43/><T31/><D69/><U37/><E122/><V55/><F133/><W39/><G39/><T21/><D120/><U5/><E127/><V82/><F41/><W15/><G132/><T79/><D17/><U6/><E134/><V106/><F102/><W50/><G100/><T40/><D40/><U93/><E75/><V84/><F26/><W91/><G50/><T123/><D123/><U47/><E101/><V49/><F55/><W71/><G60/><T0/><D90/><U68/><E68/><V73/><F73/><W14/><G71/><T70/><D70/><U35/><E35/><N who="3" m="13386" /><G19/><T38/><D38/><U59/><E105/><V57/><F51/><W22/><G22/><T54/><D0/><U119/><E18/><V63/><F49/><W81/><G77/><T126/><D126/><U45/><E119/><V48/><F48/><W107/><G107/><T13/><D54/><U109/><E109/><AGARI ba="0,0" hai="14,15,74,78,81,83,87,91,108,109,110" m="13386" machi="109" ten="30,1000,0" yaku="14,1" doraHai="24" who="3" fromWho="1" sc="444,0,251,-10,305,0,0,10" /><INIT seed="2,0,0,2,0,117" ten="444,241,305,10" oya="2" hai0="75,9,112,128,18,116,51,102,2,127,12,101,107" hai1="114,70,0,95,108,36,84,121,8,78,71,28,89" hai2="64,74,24,99,55,54,90,13,22,83,133,67,37" hai3="44,27,96,110,98,97,124,53,38,120,87,126,93"/><V123/><F37/><W130/><G110/><T115/><D75/><U79/><E108/><V76/><F133/><W92/><G130/><T119/><D128/><U40/><E114/><N who="0" m="43561" /><D107/><U113/><E113/><V105/><F13/><W29/><G120/><T52/><D2/><U122/><E40/><V125/><F125/><N who="3" m="48235" /><G87/><T86/><D86/><U66/><E36/><V3/><F3/><W56/><G44/><N who="0" m="27751" /><D127/><U41/><E41/><V48/><F123/><N who="1" m="47113" /><E28/><V61/><F48/><N who="3" m="30759" /><G38/><T111/><D111/><U72/><E72/><V94/><F67/><W85/><G85/><T69/><D69/><N who="1" m="26123" /><E66/><V21/><F105/><W42/><G42/><T32/><D32/><AGARI ba="0,0" hai="27,29,32,92,93,96,97,98" m="30759,48235" machi="32" ten="30,1000,0" yaku="18,1" doraHai="117" who="3" fromWho="0" sc="444,-10,241,0,305,0,10,10" /><INIT seed="3,0,0,0,3,80" ten="434,241,305,20" oya="3" hai0="67,7,51,115,113,87,21,2,13,102,64,114,10" hai1="123,89,105,117,134,121,97,98,30,29,61,14,39" hai2="45,58,130,19,112,103,133,96,126,36,63,8,128" hai3="81,40,108,66,94,33,3,44,38,65,125,16,18"/><W118/><G118/><T50/><D102/><U17/><E39/><V22/><F126/><W43/><G125/><T124/><D124/><U4/><E4/><V48/><F133/><W54/><G33/><T131/><D131/><U101/><E134/><V31/><F36/><W111/><G3/><T69/><D87/><U83/><E117/><V132/><F112/><W57/><G40/><T95/><D95/><U77/><E61/><V86/><F86/><W27/><G94/><T129/><D129/><U68/><E68/><V55/><F8/><W73/><G73/><T93/><D93/><N who="1" m="56495" /><E14/><V28/><F132/><W24/><G81/><T5/><D69/><U122/><E17/><N who="3" m="6762" /><G66/><N who="0" m="25131" /><D21/><U110/><E29/><V88/><F31/><W62/><G65/><T78/><D78/><U37/><E30/><V47/><F28/><W72/><G72/><T53/><D53/><U84/><E37/><V71/><F71/><W0/><G0/><T46/><D46/><N who="2" m="17418" /><F130/><W23/><G23/><T100/><D100/><U56/><E56/><V85/><F22/><W41/><G41/><T127/><D127/><U26/><E26/><V75/><F103/><W90/><G90/><T6/><D2/><U74/><E74/><V92/><F75/><W91/><G91/><T70/><D70/><U9/><E9/><V135/><F135/><W99/><G99/><T109/><D115/><U116/><E116/><V42/><F128/><W20/><G20/><T120/><D114/><U119/><E119/><V35/><F35/><W52/><G54/><T34/><D113/><U11/><E11/><V15/><F96/><RYUUKYOKU ba="0,0" sc="434,-15,241,15,305,-15,20,15" hai1="77,83,84,98,101,105,110,121,122,123" hai3="24,27,38,43,44,52,57,62,108,111" /><INIT seed="3,1,0,0,4,0" ten="419,256,290,35" oya="3" hai0="44,3,75,55,2,51,52,67,19,69,88,113,71" hai1="116,39,38,10,131,72,117,94,8,93,43,90,41" hai2="114,84,64,89,59,54,122,42,78,73,81,33,4" hai3="127,106,102,74,87,92,11,110,16,25,105,50,53"/><W56/><G127/><T46/><D75/><U36/><E90/><V14/><F114/><W97/><G74/><T120/><D120/><U111/><E72/><V49/><F33/><W130/><G130/><T7/><D19/><U37/><E37/><V31/><F31/><W100/><G110/><T15/><D3/><U47/><E131/><V80/><F122/><W58/><G58/><T119/><D67/><U17/><E17/><V13/><F4/><W103/><G87/><T6/><D15/><U79/><E79/><V82/><F42/><N who="1" m="15881" /><E47/><V101/><F101/><W104/><REACH who="3" step="1"/><G11/><REACH who="3" ten="419,256,290,25" step="2"/><N who="1" m="4138" /><E111/><V65/><F73/><W23/><AGARI ba="1,1" hai="16,23,25,50,53,56,92,97,100,102,103,104,105,106" machi="23" ten="40,12000,1" yaku="1,1,0,1,54,1,53,1" doraHai="0" doraHaiUra="48" who="3" fromWho="3" sc="419,-41,256,-41,290,-41,25,133" /><INIT seed="3,2,0,0,0,123" ten="378,215,249,158" oya="3" hai0="19,65,124,62,89,82,33,58,35,40,129,18,14" hai1="30,99,72,3,64,118,59,111,55,28,15,11,97" hai2="108,45,67,57,52,25,24,56,68,9,90,34,130" hai3="116,61,128,5,70,98,93,75,126,83,121,37,13"/><W73/><G121/><T78/><D40/><U101/><E3/><V27/><F108/><W60/><G116/><T74/><D124/><U10/><E72/><V125/><F34/><W42/><G126/><T105/><D105/><U1/><E1/><V107/><F107/><W106/><G106/><T0/><D0/><U96/><E111/><V91/><F68/><W103/><G128/><T63/><D129/><U76/><E118/><V49/><F130/><W31/><G31/><N who="1" m="11818" /><E76/><V46/><F9/><N who="1" m="3081" /><E15/><V51/><F125/><W7/><G13/><T48/><D48/><N who="1" m="31207" /><E64/><V133/><F133/><W2/><G2/><T6/><D89/><N who="2" m="33802" /><F67/><W17/><G17/><T53/><D6/><U115/><E115/><V43/><AGARI ba="2,0" hai="24,25,27,43,45,46,49,51,52,56,57" m="33802" machi="43" ten="30,2000,0" yaku="8,1,54,1" doraHai="123" who="2" fromWho="2" sc="378,-7,215,-7,249,26,158,-12" owari="371,47.1,208,-19.2,275,7.5,146,-35.4" /></mjloggm>