<mjloggm ver="2.3"><GO type="225" lobby="0"/><UN n0="%E5%AF%82%E5%AF%9E%E3%82%AE%E3%83%8D%E3%82%B9%E3%83%93%E3%83%BC%E3%83%AB" n1="%E3%81%91%E3%83%BC%E3%81%9E%E3%81%88" n2="%73%75%7A%75%6D%65%33" n3="%E3%81%BF%E3%81%BF%E3%81%9A" dan="16,16,18,17" rate="2155.49,2168.93,2234.22,2174.91" sx="M,F,M,M"/><TAIKYOKU oya="0"/><INIT seed="0,0,0,5,2,92" ten="250,250,250,250" oya="0" hai0="11,33,20,52,126,105,71,77,76,94,117,116,112" hai1="46,63,40,69,12,113,19,42,48,87,34,60,41" hai2="36,53,14,89,8,61,24,55,43,27,120,118,81" hai3="72,99,47,65,0,29,16,78,50,57,39,101,86"/><T134/><D33/><U70/><E113/><V121/><F118/><W73/><G0/><T88/><D105/><U106/><E34/><V67/><F36/><W132/><G29/><T133/><D112/><U122/><E122/><V37/><F37/><W115/><G115/><T62/><D126/><U119/><E106/><V23/><F43/><N who="1" m="16457" /><E70/><V74/><F121/><W128/><G39/><T104/><D104/><U13/><E69/><V9/><F9/><W129/><G86/><T93/><D11/><N who="1" m="6559" /><E119/><V58/><F24/><W107/><G132/><N who="0" m="50795" /><D20/><U45/><E45/><V21/><F21/><W84/><G47/><T91/><D117/><U130/><E130/><V4/><F120/><W1/><G1/><T102/><D71/><U66/><E66/><V28/><F74/><W51/><G73/><T98/><D116/><U124/><E124/><V64/><F64/><W17/><G72/><T135/><D135/><U114/><E114/><V44/><F44/><W83/><G65/><T100/><D62/><U59/><E59/><V18/><F28/><W80/><G57/><T6/><D52/><U111/><E111/><V79/><F79/><N who="0" m="30282" /><D6/><U75/><E75/><V7/><F7/><W35/><G35/><T96/><AGARI ba="0,0" hai="88,91,93,94,96,98,100,102" m="30282,50795" machi="96" ten="30,18000,2" yaku="20,1,34,2,52,2,54,1" doraHai="92" who="0" fromWho="0" sc="250,180,250,-60,250,-60,250,-60" /><INIT seed="0,1,0,4,5,116" ten="430,190,190,190" oya="0" hai0="106,94,39,111,70,16,127,112,27,87,71,67,123" hai1="46,83,22,42,122,85,58,55,60,99,124,56,6" hai2="57,114,134,105,24,49,131,89,20,121,19,77,90" hai3="1,130,65,4,15,2,52,54,18,68,100,38,13"/><T34/><D106/><U97/><E124/><V35/><F114/><W62/><G130/><T102/><D112/><U41/><E122/><V29/><F131/><W12/><G38/><T44/><D123/><U133/><E133/><V117/><F117/><W61/><G100/><T30/><D127/><U96/><E6/><V84/><F105/><W88/><G18/><T43/><D67/><U8/><E8/><V86/><F134/><W37/><G37/><T115/><D115/><U50/><E46/><V118/><F118/><W128/><G128/><T28/><D28/><U59/><E22/><V113/><F113/><W33/><G33/><T129/><D129/><U45/><REACH who="1" step="1"/><E60/><REACH who="1" ten="430,180,190,190" step="2"/><V51/><F121/><W25/><G62/><T74/><D44/><U75/><E75/><V23/><F35/><W11/><G1/><T48/><D74/><U9/><E9/><V132/><F132/><W73/><G73/><T95/><D34/><U107/><E107/><V72/><F72/><W82/><REACH who="3" step="1"/><G25/><REACH who="3" ten="430,180,190,180" step="2"/><T126/><D27/><U64/><E64/><V101/><F24/><W91/><G91/><AGARI ba="1,2" hai="41,42,45,50,55,56,58,59,83,85,91,96,97,99" machi="91" ten="40,2600,0" yaku="1,1,8,1,53,0" doraHai="116" doraHaiUra="17" who="1" fromWho="3" sc="430,0,180,49,190,0,180,-29" /><INIT seed="1,0,0,3,5,128" ten="430,229,190,151" oya="1" hai0="78,43,101,38,74,133,124,99,125,121,135,35,55" hai1="63,41,5,111,36,12,91,52,16,134,62,61,68" hai2="107,106,7,20,37,46,88,31,29,118,132,27,120" hai3="59,86,49,56,14,72,75,4,98,67,10,18,45"/><U90/><E111/><V96/><F118/><W33/><G33/><T76/><D121/><U79/><E68/><V126/><F120/><W115/><G115/><T131/><D35/><U42/><E36/><V70/><F70/><W73/><G98/><T77/><D74/><U3/><E134/><N who="0" m="51209" /><D131/><U13/><E79/><V8/><F132/><W17/><G86/><T89/><D89/><N who="1" m="33803" /><E3/><V116/><F31/><W84/><G84/><T104/><D55/><U117/><E117/><V66/><F126/><N who="0" m="48746" /><D43/><N who="1" m="16395" /><E12/><V54/><F116/><W23/><G67/><T81/><D81/><U64/><E5/><V85/><F66/><W103/><G103/><N who="0" m="62591" /><D38/><U25/><E64/><V123/><F37/><W95/><G95/><T93/><D93/><U130/><E130/><V60/><F123/><W112/><G112/><T83/><D83/><U39/><E39/><V94/><F96/><W34/><G34/><T28/><D101/><U100/><E100/><V24/><F107/><W19/><REACH who="3" step="1"/><G23/><REACH who="3" ten="430,229,190,141" step="2"/><T105/><D105/><U108/><E108/><V82/><F106/><W22/><G22/><T0/><D78/><U48/><E63/><V47/><F94/><W57/><G57/><T9/><D77/><U119/><E119/><V2/><REACH who="2" step="1"/><F27/><REACH who="2" ten="430,229,180,141" step="2"/><W26/><G26/><T44/><D76/><U51/><E25/><V40/><F40/><AGARI ba="0,2" hai="4,10,14,17,18,19,40,45,49,56,59,72,73,75" machi="40" ten="50,8000,1" yaku="1,1,53,3" doraHai="128" doraHaiUra="15" who="3" fromWho="2" sc="430,0,229,0,180,-80,141,100" /><INIT seed="2,0,0,4,1,20" ten="430,229,100,241" oya="2" hai0="100,76,16,51,71,96,43,80,50,104,64,107,123" hai1="66,81,58,65,21,32,57,108,89,59,93,113,73" hai2="40,88,10,77,48,7,134,99,103,49,78,79,102" hai3="24,45,95,109,33,115,118,54,98,70,47,56,42"/><V13/><F134/><W133/><G70/><T36/><D123/><U131/><E32/><V37/><F37/><W111/><G118/><T82/><D107/><U90/><E113/><V117/><F117/><W55/><G115/><T126/><D126/><U44/><E108/><N who="3" m="41546" /><G133/><T121/><D121/><U114/><E131/><V106/><F40/><W116/><G116/><T60/><D82/><U5/><E5/><V128/><F128/><W6/><G6/><T63/><D63/><U69/><E69/><V97/><REACH who="2" step="1"/><F88/><REACH who="2" ten="430,229,90,241" step="2"/><N who="3" m="55655" /><G42/><T39/><D43/><U92/><E90/><V75/><F75/><W52/><G56/><T127/><D39/><U72/><E73/><V91/><F91/><W38/><G38/><T83/><D36/><U74/><E72/><V112/><F112/><W34/><G34/><T129/><D129/><U124/><E74/><V28/><F28/><AGARI ba="0,1" hai="24,28,33,45,47,52,54,55" m="55655,41546" machi="28" ten="30,7700,0" yaku="14,1,52,1,54,2" doraHai="20" who="3" fromWho="2" sc="430,0,229,0,90,-77,241,87" /><INIT seed="3,0,0,0,5,96" ten="430,229,13,328" oya="3" hai0="102,109,30,36,98,11,101,79,113,117,60,62,22" hai1="77,121,110,82,57,58,69,76,133,129,118,125,24" hai2="104,48,34,3,43,5,0,6,72,38,59,54,95" hai3="88,130,20,71,50,74,8,25,128,124,15,127,53"/><W31/><G71/><T16/><D117/><U41/><E69/><V12/><F104/><W68/><G68/><T134/><D36/><U135/><E24/><V111/><F111/><W44/><G74/><T122/><D122/><U116/><E82/><V120/><F34/><W7/><REACH who="3" step="1"/><G88/><REACH who="3" ten="430,229,13,318" step="2"/><T61/><D109/><U17/><E110/><V81/><F120/><W131/><AGARI ba="0,1" hai="7,8,15,20,25,31,44,50,53,124,127,128,130,131" machi="131" ten="40,12000,1" yaku="1,1,2,1,0,1,19,1,53,1" doraHai="96" doraHaiUra="4" who="3" fromWho="3" sc="430,-40,229,-40,13,-40,318,130" owari="390,19.0,189,-21.1,-27,-52.7,448,54.8" /></mjloggm>