<mjloggm ver="2.3"><GO type="225" lobby="0"/><UN n0="%6D%75%75%73%61%6E%6D%75" n1="%72%69%6F%75%63%68%61%6E" n2="%E3%81%82%E3%82%93%E3%81%AA%E3%81%A4" n3="%6B%79%6F%6E%6B%6F%31%31" dan="17,16,17,16" rate="2147.73,2207.94,2172.54,2138.72" sx="F,M,M,M"/><TAIKYOKU oya="0"/><INIT seed="0,0,0,2,3,26" ten="250,250,250,250" oya="0" hai0="31,5,100,34,0,11,42,76,30,92,64,50,48" hai1="84,87,118,54,58,135,8,78,102,62,10,116,59" hai2="2,122,23,56,17,112,129,24,89,70,72,111,88" hai3="57,131,79,27,124,125,16,44,94,36,53,51,63"/><T73/><D73/><U101/><BYE who="0" /><E135/><V115/><F122/><W9/><G131/><UN n0="%6D%75%75%73%61%6E%6D%75" /><T105/><D105/><U119/><E78/><V75/><F70/><W29/><G79/><T133/><D76/><U33/><E33/><V128/><F2/><W41/><G94/><T22/><D133/><U49/><E8/><V90/><F111/><W46/><G9/><T93/><D34/><U108/><E108/><V130/><F56/><W12/><G12/><T71/><D22/><U35/><E35/><V15/><REACH who="2" step="1"/><F24/><REACH who="2" ten="250,250,240,250" step="2"/><W25/><G25/><T69/><D69/><U132/><E132/><V20/><F20/><W95/><G125/><T85/><D71/><U80/><E10/><V43/><F43/><W103/><G124/><T127/><D127/><U113/><E113/><AGARI ba="0,1" hai="15,17,23,72,75,88,89,90,112,113,115,128,129,130" machi="113" ten="50,6400,0" yaku="1,1,19,1,54,1,53,0" doraHai="26" doraHaiUra="47" who="2" fromWho="1" sc="250,0,250,-64,240,74,250,0" /><INIT seed="1,0,0,3,0,76" ten="250,186,314,250" oya="1" hai0="39,40,122,12,92,2,15,63,72,5,128,91,28" hai1="111,100,42,121,90,9,78,127,26,126,45,65,30" hai2="79,58,83,62,119,104,64,20,60,48,35,116,43" hai3="33,66,98,123,96,53,18,84,74,69,82,10,81"/><U51/><E121/><V0/><F35/><W19/><G123/><T124/><D122/><U11/><E111/><V37/><F104/><W25/><G69/><T21/><D72/><U130/><E130/><V61/><F0/><W59/><G66/><T67/><D128/><U105/><E78/><V16/><F37/><W38/><G38/><T17/><D124/><N who="1" m="47659" /><E65/><V70/><F43/><W57/><G74/><T46/><D28/><U109/><E109/><V108/><F48/><W80/><G84/><T4/><D2/><U117/><E117/><V8/><F8/><N who="1" m="3145" /><E90/><V7/><F7/><W54/><G33/><T87/><REACH who="0" step="1"/><D15/><REACH who="0" ten="240,186,314,250" step="2"/><U68/><E68/><AGARI ba="0,1" hai="4,5,12,17,21,39,40,46,63,67,68,87,91,92" machi="68" ten="30,3900,0" yaku="1,1,2,1,7,1,53,0" doraHai="76" doraHaiUra="114" who="0" fromWho="1" sc="240,49,186,-39,314,0,250,0" /><INIT seed="2,0,0,0,4,72" ten="289,147,314,250" oya="2" hai0="93,89,27,59,106,92,9,26,25,63,50,122,13" hai1="65,69,104,79,34,98,117,17,47,4,11,46,23" hai2="114,90,83,14,119,73,35,82,67,132,42,86,24" hai3="71,48,2,120,76,129,18,0,77,108,100,22,38"/><V30/><F114/><W37/><G120/><T16/><D106/><U70/><E117/><V68/><F119/><W28/><G71/><T36/><D122/><U54/><E34/><V75/><F132/><W124/><G100/><T8/><D36/><U33/><E33/><V80/><F42/><W110/><G28/><T49/><D9/><U127/><E127/><V99/><F99/><W52/><G124/><T118/><D118/><U31/><E31/><V32/><F32/><W101/><G101/><T12/><D12/><U10/><E79/><N who="3" m="30282" /><G38/><T134/><D134/><U135/><E135/><V61/><REACH who="2" step="1"/><F14/><REACH who="2" ten="289,147,304,250" step="2"/><N who="3" m="9559" /><G37/><T53/><REACH who="0" step="1"/><D92/><AGARI ba="0,1" hai="24,30,35,61,67,68,73,75,80,82,83,86,90,92" machi="92" ten="40,3900,0" yaku="1,1,53,1" doraHai="72" doraHaiUra="85" who="2" fromWho="0" sc="289,-39,147,0,304,49,250,0" /><INIT seed="2,1,0,2,4,32" ten="250,147,353,250" oya="2" hai0="101,1,107,49,50,68,70,6,127,78,5,99,12" hai1="18,132,110,85,109,44,71,69,19,77,124,128,26" hai2="131,25,28,120,48,2,37,60,56,47,20,57,98" hai3="42,36,15,93,24,61,41,40,95,83,62,133,67"/><V80/><F120/><W126/><G36/><T102/><D127/><U91/><E124/><V108/><F131/><W119/><G119/><T92/><D78/><U43/><E128/><V97/><F37/><W121/><G121/><T13/><D92/><U76/><E132/><V84/><F108/><N who="1" m="41577" /><E26/><V11/><F11/><W35/><G126/><T86/><D86/><U9/><E9/><V66/><F57/><W74/><G62/><T46/><D46/><U45/><E91/><V117/><F2/><W65/><G65/><T30/><D30/><U112/><E112/><V135/><F135/><W33/><G15/><T106/><D99/><U73/><E85/><V34/><F34/><W89/><G35/><T21/><D21/><U38/><E73/><V129/><F129/><W111/><G111/><T14/><D14/><U54/><E54/><V105/><F117/><W87/><G74/><T130/><D130/><U72/><E72/><V10/><F10/><W55/><G55/><T22/><D22/><U88/><E88/><N who="2" m="51207" /><F105/><W8/><G8/><T27/><D27/><U94/><E94/><V134/><F134/><W23/><G33/><T90/><D90/><U82/><E45/><V7/><F7/><W0/><G133/><T118/><D118/><U114/><E114/><V31/><F31/><W58/><REACH who="3" step="1"/><G0/><AGARI ba="1,0" hai="0,1,5,6,12,13,49,50,68,70,101,102,106,107" machi="0" ten="25,6400,0" yaku="22,2,52,2" doraHai="32" who="0" fromWho="3" sc="250,67,147,0,353,0,250,-67" /><INIT seed="3,0,0,0,0,35" ten="317,147,353,183" oya="3" hai0="88,116,61,96,117,22,11,24,101,32,31,64,62" hai1="66,102,73,26,56,135,36,104,18,105,120,3,13" hai2="81,83,27,103,53,99,63,97,98,123,57,14,89" hai3="19,132,125,134,113,72,25,41,43,124,111,69,127"/><W84/><G72/><T68/><D62/><U52/><E135/><N who="3" m="51754" /><G69/><T46/><D22/><U91/><E120/><V78/><F123/><W59/><G113/><T77/><D77/><U114/><E114/><V133/><F133/><W65/><G111/><T121/><D121/><U115/><E36/><V47/><F78/><W70/><G70/><T79/><D79/><U42/><E115/><V71/><F71/><W50/><G84/><T39/><D11/><U16/><E73/><V100/><F27/><W34/><G19/><T51/><D88/><U128/><E128/><V75/><F75/><W8/><G8/><T92/><REACH who="0" step="1"/><D39/><REACH who="0" ten="307,147,353,183" step="2"/><U85/><E102/><N who="2" m="38955" /><F89/><W23/><G34/><T38/><D38/><U20/><E66/><N who="2" m="39279" /><F14/><W112/><G112/><T80/><D80/><U67/><E67/><V33/><F33/><W82/><G82/><T7/><D7/><U45/><E3/><V126/><F126/><W58/><G65/><T107/><D107/><U2/><E2/><V40/><F83/><W74/><G74/><T106/><D106/><U6/><E6/><V76/><F76/><W87/><G87/><T4/><D4/><U60/><E91/><V129/><F81/><W108/><G108/><T29/><D29/><U119/><E85/><V37/><F37/><W48/><G23/><T0/><D0/><U28/><E119/><V10/><F10/><W1/><G1/><T130/><D130/><U15/><E15/><V49/><F129/><W93/><G93/><T9/><D9/><N who="1" m="6191" /><E28/><V122/><F122/><W44/><G25/><T90/><D90/><U118/><E118/><RYUUKYOKU ba="0,1" sc="307,0,147,0,353,0,183,0" hai0="24,31,32,46,51,61,64,68,92,96,101,116,117" hai1="18,20,26,42,45,52,56,60,104,105" hai2="40,47,49,53,97,98,99" hai3="41,43,44,48,50,58,59,124,125,127" /><INIT seed="3,1,1,4,4,127" ten="307,147,353,183" oya="3" hai0="44,31,45,106,98,77,97,120,67,24,32,53,1" hai1="3,131,59,104,39,96,69,2,11,66,63,94,80" hai2="122,0,28,12,89,49,93,21,7,109,54,23,110" hai3="83,103,82,58,111,112,70,10,52,124,6,29,113"/><W134/><G70/><T60/><D120/><U78/><E39/><V13/><F0/><W65/><G65/><T56/><D1/><U87/><E104/><V51/><F122/><W62/><G124/><T135/><D135/><U50/><E11/><N who="2" m="4223" /><F13/><N who="3" m="5335" /><G113/><T20/><D77/><U100/><E131/><V43/><F43/><W46/><G112/><T15/><D98/><U121/><E121/><V125/><F28/><W102/><G134/><T88/><D106/><U76/><E78/><V119/><F51/><N who="3" m="28791" /><G29/><T90/><D67/><U27/><E27/><V129/><F129/><W79/><G111/><N who="2" m="42505" /><F119/><W61/><G83/><T99/><D32/><U72/><REACH who="1" step="1"/><E72/><REACH who="1" ten="307,137,353,183" step="2"/><V19/><F125/><W84/><G58/><T18/><D31/><U41/><E41/><V130/><F130/><W105/><G105/><T40/><D24/><U42/><E42/><V36/><F36/><W132/><G132/><T108/><D40/><U118/><E118/><V38/><F38/><W16/><G16/><N who="0" m="10271" /><D108/><U92/><E92/><V81/><F19/><W115/><G115/><T57/><D18/><U17/><E17/><V35/><F81/><W128/><G128/><T116/><D116/><U26/><E26/><V126/><F126/><W95/><G95/><N who="0" m="56551" /><D57/><U86/><E86/><N who="2" m="52407" /><F35/><W75/><G75/><T30/><D30/><U9/><E9/><V64/><F21/><W91/><G79/><T68/><D68/><U22/><E22/><V101/><F23/><W74/><G74/><T8/><D8/><U73/><E73/><V25/><F25/><W123/><G123/><T5/><D5/><U34/><E34/><RYUUKYOKU ba="1,2" sc="307,10,137,10,353,-30,183,10" hai0="44,45,53,56,60,90,99" hai1="2,3,50,59,63,66,69,76,80,87,94,96,100" hai3="61,62,82,84,91,102,103" /><INIT seed="3,2,2,5,0,43" ten="317,147,323,193" oya="3" hai0="101,53,134,59,3,20,16,94,69,65,80,105,121" hai1="70,52,73,87,58,76,131,14,130,11,29,86,64" hai2="91,49,111,124,33,36,83,99,42,112,113,60,93" hai3="44,28,45,25,61,123,128,50,75,35,38,97,32"/><W56/><G123/><T51/><D121/><U12/><E29/><V22/><F33/><W92/><G75/><T48/><D3/><U107/><E107/><V126/><F111/><W23/><G38/><T82/><D69/><U122/><E122/><V41/><F36/><W34/><G128/><N who="1" m="49194" /><E64/><V109/><F109/><W15/><G15/><N who="1" m="5674" /><E70/><V117/><F117/><W71/><G50/><N who="0" m="18987" /><D105/><U115/><E115/><N who="2" m="44107" /><F49/><W129/><G71/><T133/><D65/><U84/><E11/><V120/><F120/><W18/><G129/><T54/><D133/><U77/><E73/><V26/><F60/><AGARI ba="2,2" hai="52,58,60,76,77,84,86,87" m="5674,49194" machi="60" ten="30,2000,0" yaku="19,1,54,1" doraHai="43" who="1" fromWho="2" sc="317,0,147,46,323,-26,193,0" owari="317,41.7,193,-20.7,297,9.7,193,-30.7" /></mjloggm>