<mjloggm ver="2.3"><GO type="225" lobby="0"/><UN n0="%74%75%72%74%6C%65%2E" n1="%E3%81%B5%E3%81%98%E3%81%8B%E3%81%A4" n2="%72%69%6F%75%63%68%61%6E" n3="%E4%BA%BA%E9%96%93%E3%83%81%E3%83%A3%E3%83%BC%E3%83%8F%E3%83%B3" dan="16,16,17,16" rate="2040.09,2159.85,2238.83,2051.39" sx="M,M,M,M"/><TAIKYOKU oya="0"/><INIT seed="0,0,0,0,5,4" ten="250,250,250,250" oya="0" hai0="38,55,124,103,65,68,135,97,44,127,16,24,78" hai1="30,51,70,42,79,116,90,32,117,100,22,120,56" hai2="109,101,17,18,102,54,130,48,14,6,43,110,108" hai3="7,123,47,53,133,122,34,75,91,134,128,87,26"/><T13/><D135/><N who="3" m="51721" /><G75/><T40/><D78/><U106/><E120/><N who="3" m="46122" /><G128/><T99/><D24/><U114/><E70/><V41/><F130/><W8/><BYE who="1" /><G47/><T82/><D82/><U19/><E19/><UN n1="%E3%81%B5%E3%81%98%E3%81%8B%E3%81%A4" /><V12/><F6/><W132/><G132/><T61/><D55/><U125/><E90/><V126/><F126/><N who="0" m="48170" /><D103/><N who="2" m="39434" /><F17/><W84/><G53/><T60/><D60/><U71/><E51/><V2/><F2/><N who="3" m="119" /><G91/><T29/><D29/><AGARI ba="0,0" hai="26,29,34,84,87" m="119,46122,51721" machi="29" ten="30,3900,0" yaku="20,1,13,1,52,1" doraHai="4" who="3" fromWho="0" sc="250,-39,250,0,250,0,250,39" /><INIT seed="1,0,0,0,4,116" ten="211,250,250,289" oya="1" hai0="83,37,14,82,67,88,111,128,69,110,106,56,24" hai1="20,114,133,107,12,50,81,134,10,53,17,59,46" hai2="121,1,94,5,27,109,3,124,38,21,66,115,43" hai3="65,7,96,60,33,19,9,99,120,54,75,47,76"/><U25/><E107/><V104/><F121/><W58/><G120/><T131/><D106/><U29/><E114/><V51/><F104/><W74/><G33/><T73/><D37/><U11/><E11/><V118/><F38/><W90/><G19/><T49/><D69/><U8/><E8/><V22/><F118/><W125/><G125/><T48/><D14/><U32/><E32/><V40/><F5/><W70/><G47/><T108/><D24/><U45/><REACH who="1" step="1"/><E81/><REACH who="1" ten="211,240,250,289" step="2"/><V112/><F115/><W61/><G9/><T95/><D82/><U34/><E34/><V72/><F112/><W0/><G0/><T52/><D83/><U62/><E62/><V97/><F1/><W26/><G61/><N who="0" m="35975" /><D73/><U18/><E18/><V102/><F3/><W87/><G75/><T101/><D67/><U130/><E130/><N who="0" m="49705" /><D101/><U2/><E2/><V23/><F72/><W68/><G65/><T57/><D57/><U132/><AGARI ba="0,1" hai="10,12,17,20,25,29,45,46,50,53,59,132,133,134" machi="132" ten="30,6000,0" yaku="1,1,0,1,20,1,53,0" doraHai="116" doraHaiUra="98" who="1" fromWho="1" sc="211,-20,240,70,250,-20,289,-20" /><INIT seed="1,1,0,4,2,118" ten="191,310,230,269" oya="1" hai0="42,102,2,73,127,12,99,34,111,115,26,95,14" hai1="94,43,125,20,9,75,117,91,79,32,134,23,123" hai2="22,56,16,78,107,24,130,89,85,13,131,97,98" hai3="110,70,49,47,61,96,129,21,122,128,126,119,48"/><U53/><E117/><V65/><F78/><W51/><G119/><T15/><D115/><U81/><E32/><V113/><F113/><W10/><G96/><T4/><D73/><U60/><E125/><V63/><F107/><W33/><G33/><T86/><D127/><U135/><E43/><V83/><REACH who="2" step="1"/><F24/><REACH who="2" ten="191,310,220,269" step="2"/><W112/><G112/><T100/><D26/><U59/><E123/><V38/><F38/><W57/><G122/><T30/><D111/><U45/><E135/><V88/><F88/><W5/><G126/><T46/><D102/><U64/><E134/><V80/><F80/><W35/><G110/><T62/><D100/><U87/><E75/><V6/><F6/><W36/><G36/><T54/><D4/><U120/><E120/><V58/><F58/><W76/><G76/><T108/><D108/><U7/><E79/><V0/><F0/><W44/><G57/><T133/><D2/><U74/><E81/><V25/><F25/><W17/><G5/><T69/><D133/><U72/><E74/><V18/><F18/><W11/><G17/><T82/><D82/><U101/><E72/><V92/><F92/><W28/><G129/><AGARI ba="1,1" hai="13,16,22,56,63,65,83,85,89,97,98,129,130,131" machi="129" ten="40,8000,1" yaku="1,1,19,1,54,1,53,1" doraHai="118" doraHaiUra="77" who="2" fromWho="3" sc="191,0,310,0,220,93,269,-83" /><INIT seed="2,0,0,4,5,103" ten="191,310,313,186" oya="2" hai0="111,24,98,4,62,95,51,71,36,28,46,97,94" hai1="133,74,79,48,120,104,0,99,45,85,76,73,113" hai2="25,81,117,112,96,43,39,6,3,14,65,29,102" hai3="60,33,35,83,87,109,122,115,127,114,22,58,110"/><V123/><F112/><N who="3" m="43051" /><G122/><T130/><D36/><U18/><E113/><V77/><F117/><W30/><G87/><T84/><D84/><U126/><E0/><V10/><F123/><W15/><G83/><T121/><D121/><U49/><E120/><V131/><F131/><W118/><G118/><T17/><D130/><U55/><E126/><V67/><F14/><W5/><G127/><T124/><D124/><U12/><E133/><V72/><F43/><W42/><G42/><T52/><D4/><U129/><E129/><V68/><F39/><W59/><G58/><T92/><D17/><U9/><E49/><V80/><F80/><W90/><G90/><T20/><D111/><N who="3" m="42505" /><G59/><T66/><AGARI ba="0,0" hai="20,24,28,46,51,52,62,66,71,92,94,95,97,98" machi="66" ten="30,2000,0" yaku="0,1,54,1" doraHai="103" who="0" fromWho="0" sc="191,20,310,-5,313,-10,186,-5" /><INIT seed="3,0,0,0,5,54" ten="211,305,303,181" oya="3" hai0="33,56,126,99,125,42,61,89,94,6,96,48,19" hai1="128,30,135,44,28,66,107,5,38,73,110,25,26" hai2="118,101,95,78,51,132,4,102,53,85,41,130,14" hai3="17,120,131,36,68,72,108,60,92,29,37,87,86"/><W123/><G72/><T10/><D33/><U83/><E107/><V31/><F118/><W46/><G131/><T111/><D111/><U3/><E110/><V62/><F130/><W80/><G108/><T8/><D99/><U105/><E66/><V93/><F132/><W106/><G106/><T82/><D82/><U112/><E105/><V127/><F127/><W121/><G29/><T74/><D74/><U79/><E112/><V47/><F31/><N who="1" m="11817" /><E135/><V13/><F4/><W84/><G80/><T58/><D19/><U15/><E15/><N who="2" m="5643" /><F78/><W21/><G92/><N who="2" m="35401" /><F85/><W69/><G60/><T59/><D61/><U43/><E128/><V2/><F2/><W122/><N who="3" m="30720" /><DORA hai="20" /><W133/><G133/><T109/><D109/><U49/><E49/><N who="2" m="26863" /><F62/><W50/><G37/><T117/><D117/><U11/><AGARI ba="0,0" hai="3,5,11,25,26,38,43,44,73,79,83" m="11817" machi="11" ten="30,4000,0" yaku="25,1,52,2" doraHai="54,20" who="1" fromWho="1" sc="211,-10,305,40,303,-10,181,-20" owari="201,-19.9,345,44.5,293,9.3,161,-33.9" /></mjloggm>