<mjloggm ver="2.3"><GO type="225" lobby="0"/><UN n0="%E3%81%B5%E3%81%98%E3%81%8B%E3%81%A4" n1="%72%65%6E%6B%75%6E" n2="%72%69%6F%75%63%68%61%6E" n3="%E3%80%93%E3%81%97%E3%83%BC%E3%82%89%E3%80%93" dan="16,17,16,16" rate="2188.35,2222.36,2160.64,2063.77" sx="M,M,M,M"/><TAIKYOKU oya="0"/><INIT seed="0,0,0,2,3,47" ten="250,250,250,250" oya="0" hai0="85,99,73,94,131,113,18,43,69,32,71,42,57" hai1="4,66,49,93,9,45,14,70,63,29,41,28,125" hai2="12,65,128,50,117,134,59,123,87,21,111,23,62" hai3="19,64,119,61,44,92,17,30,100,20,75,58,82"/><T135/><D113/><U130/><E130/><V88/><F123/><W48/><G119/><T5/><D131/><U77/><E125/><V115/><F115/><W34/><G34/><T6/><D135/><U11/><E77/><V81/><F128/><W46/><G75/><T16/><D32/><U103/><E103/><V101/><F134/><W98/><G82/><T68/><D73/><U118/><E118/><V105/><F117/><W102/><G102/><T1/><D85/><U126/><E126/><V35/><F35/><W79/><G79/><T112/><D112/><U55/><E93/><V95/><F111/><W31/><G46/><T97/><D57/><U84/><E84/><V120/><F120/><W60/><G60/><T106/><D106/><U40/><E40/><N who="0" m="15401" /><D94/><U80/><E80/><V127/><F127/><W2/><G2/><T74/><D1/><U10/><E10/><V36/><F36/><W53/><REACH who="3" step="1"/><G19/><REACH who="3" ten="250,250,250,240" step="2"/><N who="0" m="7211" /><D74/><U110/><E110/><V27/><F81/><W33/><G33/><T83/><D83/><U78/><E78/><V96/><F12/><AGARI ba="0,1" hai="12,17,20,30,31,44,48,53,58,61,64,92,98,100" machi="12" ten="30,7700,0" yaku="1,1,7,1,8,1,52,1,53,0" doraHai="47" doraHaiUra="86" who="3" fromWho="2" sc="250,0,250,0,250,-77,240,87" /><INIT seed="1,0,0,1,4,91" ten="250,250,173,327" oya="1" hai0="106,77,21,103,62,74,56,93,121,107,90,98,117" hai1="42,54,19,129,97,37,114,50,125,35,32,48,1" hai2="122,57,133,82,51,30,6,80,105,60,83,28,86" hai3="15,68,2,20,111,101,55,112,17,45,71,124,34"/><U134/><E114/><V113/><F122/><W116/><G112/><T59/><D121/><U76/><E1/><V118/><F133/><W10/><G116/><T110/><D117/><U46/><E134/><V61/><F113/><W96/><G111/><T123/><D123/><U126/><E129/><V63/><F118/><W75/><G75/><T64/><D110/><U128/><E128/><V24/><F105/><W72/><G72/><T81/><D21/><U104/><E76/><V31/><F6/><W73/><G73/><T12/><D12/><U43/><E43/><V40/><F40/><W9/><G34/><T115/><D115/><U39/><E19/><V22/><REACH who="2" step="1"/><F86/><REACH who="2" ten="250,250,163,327" step="2"/><W65/><G124/><N who="1" m="47722" /><E39/><V58/><F58/><W36/><G36/><T38/><D38/><U47/><E37/><V66/><F66/><W67/><G71/><T13/><D13/><U18/><E18/><V87/><F87/><W49/><G2/><T99/><D56/><U52/><E42/><V109/><F109/><W25/><G68/><T26/><D26/><U85/><E85/><V8/><F8/><W131/><G131/><T89/><D107/><U78/><E78/><V100/><F100/><AGARI ba="0,1" hai="59,62,64,74,77,81,89,90,93,98,99,100,103,106" machi="100" ten="30,2000,0" yaku="7,1,52,1" doraHai="91" who="0" fromWho="2" sc="250,30,250,0,163,-20,327,0" /><AGARI ba="0,0" hai="32,35,46,47,48,50,52,54,97,100,104" m="47722" machi="100" ten="30,2900,0" yaku="18,1,54,1" doraHai="91" who="1" fromWho="2" sc="280,0,250,29,143,-29,327,0" /><INIT seed="1,1,0,4,5,126" ten="280,279,114,327" oya="1" hai0="78,110,97,63,40,106,132,24,28,87,30,10,62" hai1="117,21,11,84,51,102,96,77,66,122,129,48,118" hai2="89,121,99,27,127,34,49,25,79,104,17,64,44" hai3="42,15,98,35,54,26,2,39,108,7,124,88,13"/><U50/><E122/><V67/><F121/><W113/><G124/><T32/><D110/><U133/><E133/><V114/><F127/><W80/><G108/><T18/><D132/><U57/><E11/><V123/><F123/><W41/><G113/><T85/><D40/><U8/><E21/><V1/><F114/><W92/><G2/><T65/><D30/><U128/><E8/><V74/><F1/><W120/><G120/><T9/><D63/><N who="1" m="38255" /><E77/><V125/><F125/><W23/><G35/><T38/><D38/><U31/><E31/><V56/><F34/><W72/><G72/><T52/><D52/><U43/><E84/><V14/><F56/><W60/><G80/><T45/><D45/><U5/><E5/><V130/><F130/><N who="1" m="50281" /><E43/><V69/><F79/><W109/><G109/><T90/><D10/><U55/><E55/><N who="2" m="30119" /><F74/><W37/><G7/><T115/><D78/><U68/><E68/><V0/><F69/><W116/><G41/><T20/><D115/><U100/><E100/><N who="2" m="62495" /><F0/><W112/><G42/><T73/><D9/><U91/><E91/><V119/><F89/><W81/><G112/><T4/><D90/><U58/><E58/><V103/><F103/><W47/><G88/><T70/><D4/><U22/><E22/><V86/><F86/><W6/><G23/><T46/><D73/><U105/><AGARI ba="1,0" hai="48,50,51,96,102,105,117,118" m="50281,38255" machi="105" ten="30,11700,0" yaku="19,1,52,3" doraHai="126" who="1" fromWho="1" sc="280,-40,279,120,114,-40,327,-40" /><INIT seed="1,2,0,0,4,84" ten="240,399,74,287" oya="1" hai0="98,52,40,35,39,95,18,117,82,0,48,85,107" hai1="80,25,76,14,114,45,19,65,130,50,54,119,1" hai2="59,58,36,29,132,12,91,47,73,20,63,118,28" hai3="42,92,4,116,113,129,56,78,120,38,10,121,7"/><U57/><E114/><V31/><F118/><W44/><G116/><T124/><D117/><U112/><E1/><V37/><F132/><W32/><G32/><T74/><D35/><U55/><E112/><V70/><F73/><W23/><G113/><T123/><D0/><U22/><E119/><V103/><F103/><W93/><G129/><T34/><D34/><U21/><E130/><V64/><F47/><W67/><G78/><T69/><D74/><U87/><E65/><V88/><F58/><W2/><G7/><T24/><D69/><U101/><E101/><V97/><F70/><W60/><G93/><T110/><D107/><U51/><REACH who="1" step="1"/><E25/><REACH who="1" ten="240,389,74,287" step="2"/><V106/><F106/><W94/><G121/><T68/><D24/><U26/><E26/><V15/><F15/><W104/><G120/><T90/><D123/><U81/><E81/><V128/><F128/><W115/><G115/><T66/><D66/><U125/><E125/><V13/><F13/><W109/><G2/><T6/><D124/><U79/><E79/><V108/><F108/><W8/><G67/><T111/><D82/><U102/><E102/><V99/><F12/><W33/><G109/><T49/><D111/><U5/><E5/><V46/><F20/><AGARI ba="2,1" hai="14,19,20,21,22,45,50,51,54,55,57,76,80,87" machi="20" ten="30,11600,0" yaku="1,1,7,1,8,1,53,1" doraHai="84" doraHaiUra="53" who="1" fromWho="2" sc="240,0,389,132,74,-122,287,0" owari="240,-16.0,521,62.1,-48,-54.8,287,8.7" /></mjloggm>