<mjloggm ver="2.3"><GO type="225" lobby="0"/><UN n0="%E6%B0%B7%E5%B7%9D%E9%87%8C%E5%A5%88" n1="%E3%82%A2%E3%82%A4%E3%82%B9%E3%83%86%E3%82%A3%E3%83%BC%E3%81%82%E3%81%B9" n2="%61%69%73%79%6F" n3="%72%69%6F%75%63%68%61%6E" dan="16,16,17,17" rate="2115.20,2094.72,2241.95,2236.52" sx="F,M,M,M"/><TAIKYOKU oya="0"/><INIT seed="0,0,0,0,1,38" ten="250,250,250,250" oya="0" hai0="6,115,7,58,99,69,52,77,108,88,78,23,109" hai1="29,133,67,120,127,98,41,74,72,89,63,35,76" hai2="45,3,0,75,51,12,64,65,1,5,113,128,28" hai3="43,73,95,10,110,71,112,55,40,102,34,22,57"/><T129/><D69/><U84/><E120/><V100/><F113/><W56/><G112/><T131/><D115/><U124/><E98/><V60/><F75/><W132/><G71/><T2/><D23/><U62/><E133/><V49/><F128/><N who="0" m="49226" /><D78/><U13/><E76/><V119/><F119/><W50/><G34/><T53/><D77/><U48/><E29/><V97/><F28/><W42/><G73/><T121/><D121/><U114/><E35/><V39/><F39/><W105/><G105/><T122/><D122/><U83/><E62/><V106/><F49/><W79/><G132/><T33/><D33/><U19/><E114/><V86/><F86/><W18/><G110/><N who="0" m="42603" /><D2/><U90/><E74/><V82/><F82/><W21/><G79/><T68/><D68/><U59/><E72/><V70/><F65/><W46/><G10/><T20/><D20/><U47/><REACH who="1" step="1"/><E90/><REACH who="1" ten="250,240,250,250" step="2"/><V93/><F106/><W101/><G101/><T26/><D26/><U87/><E87/><V130/><F130/><W103/><G102/><T125/><D125/><U17/><E17/><V118/><F118/><W27/><G21/><AGARI ba="0,1" hai="13,19,21,41,47,48,59,63,67,83,84,89,124,127" machi="21" ten="40,2600,0" yaku="1,1,52,1,53,0" doraHai="38" doraHaiUra="4" who="1" fromWho="3" sc="250,0,240,36,250,0,250,-26" /><INIT seed="1,0,0,1,1,75" ten="250,276,250,224" oya="1" hai0="124,73,88,109,74,54,67,29,53,107,22,85,26" hai1="50,125,19,8,114,104,81,27,129,3,93,0,87" hai2="133,21,36,126,86,83,72,12,118,101,65,103,98" hai3="9,46,100,66,76,13,49,116,41,15,7,37,14"/><U130/><E104/><V33/><F33/><W78/><G116/><T79/><D109/><U28/><E114/><V60/><F36/><W48/><G100/><T31/><D107/><U30/><E93/><V121/><F121/><W63/><G37/><T84/><D124/><U131/><E125/><V2/><F2/><N who="1" m="553" /><E50/><V120/><F72/><W34/><G34/><T123/><D123/><U17/><E87/><V122/><F118/><W111/><G111/><T134/><D134/><U57/><E57/><V108/><F133/><W45/><G13/><T99/><D67/><U47/><E81/><V112/><F108/><W102/><G14/><T32/><D99/><U23/><E47/><V70/><F126/><W82/><G102/><T92/><D73/><U4/><E19/><V64/><F64/><W113/><G113/><T94/><D74/><U52/><E52/><N who="0" m="20073" /><D32/><U91/><E91/><V89/><F103/><W106/><G106/><T59/><D59/><U61/><E61/><V35/><F35/><W80/><G80/><N who="0" m="47135" /><D94/><U135/><E135/><V117/><F117/><W105/><G105/><T71/><D71/><U97/><E97/><V69/><F112/><W10/><G82/><T56/><D56/><U11/><E4/><V51/><F70/><W40/><G10/><AGARI ba="0,0" hai="8,10,11,17,23,27,28,30,129,130,131" m="553" machi="10" ten="40,7700,0" yaku="19,1,34,2" doraHai="75" who="1" fromWho="3" sc="250,0,276,77,250,0,224,-77" /><INIT seed="1,1,0,5,0,28" ten="250,353,250,147" oya="1" hai0="20,86,22,84,9,85,66,74,135,123,45,67,30" hai1="129,25,121,63,49,14,99,54,58,79,42,76,40" hai2="127,2,27,5,116,107,119,51,131,19,106,102,111" hai3="110,21,69,115,17,83,1,125,81,29,3,13,33"/><U122/><E129/><V98/><F111/><W6/><G69/><T41/><D74/><U108/><E108/><V117/><F131/><W77/><G110/><T53/><D135/><U52/><E122/><V56/><F127/><W0/><G125/><T96/><D123/><U26/><E121/><V55/><F2/><W39/><G39/><T15/><D53/><U60/><E14/><V124/><F124/><W132/><G115/><T12/><D96/><U72/><E72/><V88/><F5/><W50/><G132/><T82/><D82/><U101/><E99/><V34/><F107/><W97/><G50/><N who="0" m="26927" /><D30/><U8/><E8/><V109/><F109/><W114/><G114/><T23/><D15/><U36/><E36/><V38/><F38/><W37/><G37/><T65/><D12/><U128/><E128/><V32/><REACH who="2" step="1"/><F88/><REACH who="2" ten="250,353,240,147" step="2"/><W59/><G6/><T80/><D80/><U126/><E126/><V113/><F113/><W71/><G83/><T31/><D31/><U93/><E93/><V90/><F90/><W48/><G97/><T89/><D89/><U68/><E101/><V7/><F7/><W43/><G81/><T11/><AGARI ba="1,1" hai="9,11,20,22,23,65,66,67,84,85,86" m="26927" machi="11" ten="40,5200,0" yaku="29,2,8,1" doraHai="28" who="0" fromWho="0" sc="250,65,353,-27,240,-14,147,-14" /><INIT seed="2,0,0,2,0,89" ten="315,326,226,133" oya="2" hai0="103,9,56,82,38,105,21,94,120,125,81,67,99" hai1="102,77,2,25,78,1,61,16,129,121,62,134,133" hai2="55,126,122,98,47,59,3,88,106,14,83,33,75" hai3="135,24,71,118,32,49,76,26,86,96,46,39,10"/><V22/><F122/><W110/><G135/><N who="1" m="51722" /><E121/><V7/><F126/><W64/><G118/><T66/><D120/><U91/><E102/><V128/><F128/><W5/><G110/><T51/><D38/><U23/><E129/><V80/><F33/><W131/><G131/><T52/><D125/><U50/><E50/><V44/><F3/><N who="1" m="1033" /><E91/><V58/><F106/><W11/><G39/><T41/><D41/><U6/><E6/><V124/><F124/><W113/><G113/><T117/><D117/><U70/><E62/><V42/><F75/><W13/><G32/><T130/><D130/><U132/><N who="1" m="51730" /><U101/><DORA hai="112" /><E101/><V63/><F42/><W100/><G11/><T54/><D9/><U0/><N who="1" m="1041" /><U15/><DORA hai="84" /><E25/><V27/><F44/><W90/><G76/><T45/><D21/><U35/><E35/><V8/><F47/><W29/><G29/><T127/><D105/><U40/><E40/><V104/><F59/><W116/><G116/><T36/><D127/><U73/><E73/><V93/><F104/><W92/><G71/><T57/><D36/><U4/><E4/><V37/><F37/><W34/><G34/><T18/><D45/><U31/><E31/><AGARI ba="0,0" hai="7,8,14,22,27,31,55,58,63,80,83,88,93,98" machi="31" ten="30,12000,1" yaku="7,1,8,1,52,2,54,1" doraHai="89,112,84" who="2" fromWho="1" sc="315,0,326,-120,226,120,133,0" /><INIT seed="2,1,0,4,5,2" ten="315,206,346,133" oya="2" hai0="88,110,82,16,94,32,20,33,11,108,92,6,102" hai1="120,86,133,52,107,117,62,131,96,24,34,23,36" hai2="87,135,51,4,124,113,83,81,93,17,116,53,101" hai3="10,18,90,55,38,134,119,9,58,98,130,27,61"/><V26/><F116/><W39/><G130/><T126/><D126/><U95/><E117/><V14/><F113/><W129/><G134/><T78/><D102/><U76/><E34/><V44/><F135/><W43/><G129/><T72/><D32/><U109/><E131/><V21/><F124/><W47/><G119/><T8/><D33/><U13/><E109/><N who="0" m="42089" /><D11/><U97/><E36/><V71/><F71/><W105/><G38/><T50/><D50/><U31/><E133/><V42/><F53/><W60/><G61/><T29/><D29/><U68/><E107/><V22/><F101/><W66/><G66/><T79/><D79/><U132/><E120/><V56/><F56/><W118/><G118/><T12/><D88/><N who="1" m="53655" /><E68/><V63/><F63/><W7/><G105/><T35/><D35/><U59/><E76/><V45/><F45/><W48/><G39/><T123/><D123/><U65/><E132/><V0/><F0/><AGARI ba="1,0" hai="0,6,8,12,16,20,72,78,82,92,94" m="42089" machi="0" ten="30,3900,0" yaku="14,1,52,1,54,1" doraHai="2" who="0" fromWho="2" sc="315,42,206,0,346,-42,133,0" /><INIT seed="3,0,0,0,1,18" ten="357,206,304,133" oya="3" hai0="104,23,37,66,53,9,56,96,88,25,109,92,34" hai1="125,40,97,46,95,7,122,111,50,1,110,21,90" hai2="76,116,4,65,61,131,59,32,81,67,63,31,36" hai3="100,73,105,72,43,5,119,12,108,41,64,33,74"/><W89/><G119/><T26/><D109/><N who="1" m="41483" /><E125/><V106/><F116/><W70/><G108/><T98/><D37/><U114/><E21/><V103/><F36/><W69/><G64/><T62/><D104/><U80/><E122/><V57/><F131/><W85/><G33/><T112/><D112/><U121/><E121/><V45/><F45/><W128/><G128/><T118/><D98/><U51/><E114/><V99/><F4/><W14/><G5/><T55/><D118/><U11/><E80/><V2/><F2/><W16/><G12/><T91/><D91/><U54/><E51/><V10/><F10/><W17/><G17/><T107/><D107/><U120/><E120/><V123/><F123/><W28/><G28/><T8/><D34/><U78/><E78/><V133/><F133/><W29/><G29/><N who="0" m="17599" /><D26/><U24/><E24/><V102/><F102/><W79/><G79/><T115/><D115/><U135/><E40/><V49/><F49/><W42/><G100/><T13/><D9/><U15/><E135/><V6/><F6/><AGARI ba="0,0" hai="6,8,13,53,55,56,62,66,88,92,96" m="17599" machi="6" ten="30,3900,0" yaku="8,1,52,1,54,1" doraHai="18" who="0" fromWho="2" sc="357,39,206,0,304,-39,133,0" owari="396,49.6,206,-19.4,265,6.5,133,-36.7" /></mjloggm>