<mjloggm ver="2.3"><GO type="225" lobby="0"/><UN n0="%E3%81%A1%E3%82%85%E3%81%86%E3%81%A9%E3%81%8F%E8%B1%A1%E3%81%95%E3%82%93" n1="%E3%81%82%E3%82%93%E3%81%AA%E3%81%A4" n2="%E5%AF%82%E5%AF%9E%E3%82%AE%E3%83%8D%E3%82%B9%E3%83%93%E3%83%BC%E3%83%AB" n3="%6D%75%75%6D%75%72%61" dan="16,16,16,16" rate="2101.65,2124.71,2149.53,2093.76" sx="M,M,M,F"/><TAIKYOKU oya="0"/><INIT seed="0,0,0,5,2,92" ten="250,250,250,250" oya="0" hai0="65,38,88,83,35,74,76,70,5,19,20,121,123" hai1="111,120,56,1,82,61,133,45,59,26,39,72,96" hai2="36,122,11,105,99,63,93,69,64,44,113,8,90" hai3="17,118,79,73,124,80,4,84,104,117,18,27,13"/><T7/><BYE who="1" /><D35/><U57/><E57/><UN n1="%E3%81%82%E3%82%93%E3%81%AA%E3%81%A4" /><V14/><F122/><W50/><G124/><T15/><D38/><U102/><E120/><V10/><F113/><W6/><G104/><T54/><D123/><U129/><E1/><V23/><F105/><W30/><G73/><T0/><D121/><U75/><E59/><V40/><REACH who="2" step="1"/><F23/><REACH who="2" ten="250,250,240,250" step="2"/><W109/><G118/><T100/><D0/><U134/><E134/><V47/><F47/><W49/><G117/><T52/><D100/><U67/><E45/><V94/><F94/><W130/><G130/><T103/><D103/><U3/><E129/><V106/><F106/><W110/><G110/><T101/><D101/><U55/><E111/><V25/><F25/><W81/><G109/><T98/><D5/><AGARI ba="0,1" hai="5,8,10,11,14,36,40,44,63,64,69,90,93,99" machi="5" ten="30,7700,0" yaku="1,1,7,1,52,1,53,1" doraHai="92" doraHaiUra="71" who="2" fromWho="0" sc="250,-77,250,0,240,87,250,0" /><INIT seed="1,0,0,4,5,14" ten="173,250,327,250" oya="1" hai0="95,49,103,61,111,23,29,5,123,12,126,133,43" hai1="16,42,109,28,53,44,11,69,52,80,72,76,46" hai2="21,66,0,54,38,20,6,82,55,41,92,48,35" hai3="118,26,32,99,78,115,13,58,31,102,74,1,63"/><U117/><E117/><V113/><F35/><W50/><G115/><T45/><D123/><U86/><E69/><V101/><F113/><W120/><G1/><T36/><D111/><U64/><E109/><V9/><F38/><W87/><G120/><T106/><D126/><U34/><E64/><V97/><F66/><W47/><G118/><T22/><D133/><U130/><E130/><V93/><F41/><W15/><G74/><T71/><D106/><U112/><E72/><V122/><F122/><W75/><G75/><T98/><D36/><U116/><E116/><V90/><F82/><W4/><G87/><T83/><D83/><U30/><E112/><V121/><F55/><N who="1" m="21065" /><E34/><V94/><F121/><W59/><G78/><T135/><D135/><U131/><E131/><V68/><F68/><W110/><G110/><T67/><REACH who="0" step="1"/><D29/><REACH who="0" ten="163,250,327,250" step="2"/><N who="1" m="11371" /><E42/><V62/><F93/><W33/><G33/><T107/><D107/><U129/><E129/><V108/><F108/><W19/><G32/><T25/><D25/><U96/><E96/><V27/><F27/><W127/><G26/><T3/><D3/><U57/><E80/><V119/><F119/><W10/><G127/><T73/><D73/><U125/><E125/><V128/><F128/><W85/><G99/><T18/><D18/><U56/><E86/><V2/><F2/><W104/><G85/><T77/><D77/><U17/><E76/><V40/><F92/><W37/><G31/><T60/><D60/><U81/><E81/><V84/><F62/><W100/><G63/><T51/><D51/><U134/><E134/><V105/><F40/><RYUUKYOKU ba="0,1" sc="163,15,250,-15,327,15,250,-15" hai0="5,12,22,23,43,45,49,61,67,71,95,98,103" hai2="0,6,9,20,21,48,54,84,90,94,97,101,105" /><INIT seed="2,1,1,2,0,47" ten="178,235,342,235" oya="2" hai0="64,111,57,35,117,71,107,27,34,0,33,32,14" hai1="43,17,31,28,89,5,46,130,26,13,4,10,50" hai2="7,52,6,49,66,132,95,59,77,51,72,93,83" hai3="123,42,118,73,98,114,119,9,134,21,104,135,11"/><V37/><F37/><W67/><G123/><T88/><D107/><U75/><E130/><V3/><F132/><N who="3" m="50731" /><G73/><T116/><D71/><U87/><E75/><V36/><F36/><W121/><G121/><T126/><D0/><U41/><E41/><V131/><F131/><W30/><G42/><T20/><N who="0" m="8192" /><DORA hai="29" /><T115/><D115/><U80/><E26/><V12/><F66/><W68/><G114/><T127/><D111/><U55/><E43/><V90/><F95/><W2/><G98/><T84/><D14/><U99/><E99/><V18/><F49/><W78/><G78/><T58/><D64/><U76/><E76/><V125/><F125/><N who="0" m="47626" /><D57/><U22/><E22/><N who="2" m="11591" /><F3/><W101/><G2/><T39/><D58/><U108/><E108/><V48/><F48/><W109/><G109/><T102/><D102/><U19/><E4/><V70/><F70/><W122/><G101/><T63/><D63/><U23/><E5/><V65/><F65/><W15/><G104/><T100/><D100/><U8/><E23/><V133/><F133/><W56/><G122/><T110/><D39/><U112/><E112/><V96/><F59/><W1/><G1/><T91/><D110/><U74/><E13/><V40/><F96/><W61/><G68/><T53/><D53/><U129/><E129/><V16/><F52/><W113/><G113/><T85/><D85/><U79/><E55/><V44/><F72/><W38/><G38/><T120/><D120/><U54/><E74/><V62/><F62/><W24/><G15/><T82/><D91/><U124/><E89/><V45/><F40/><RYUUKYOKU ba="1,1" sc="178,15,235,-15,342,-15,235,15" hai0="20,27,82,84,88,116,117" hai3="9,11,21,24,30,56,61,67,118,119" /><INIT seed="3,2,1,5,1,74" ten="193,220,327,250" oya="3" hai0="131,29,4,23,39,133,50,6,35,132,49,95,98" hai1="85,31,61,9,91,124,11,69,21,66,102,126,13" hai2="47,46,8,105,32,119,16,67,52,111,80,15,44" hai3="127,58,18,30,134,51,20,56,90,40,87,76,60"/><W70/><G127/><N who="1" m="48682" /><E102/><V19/><F119/><W121/><G121/><T93/><D39/><U100/><E100/><V113/><F113/><W135/><G70/><T43/><D35/><U114/><E114/><V79/><F105/><W14/><G30/><T25/><D131/><U86/><E86/><N who="2" m="48415" /><F32/><W116/><G116/><T97/><D43/><U112/><E112/><V88/><F111/><W84/><G84/><T117/><D117/><U122/><E122/><V103/><F67/><W54/><G40/><T77/><D77/><U108/><E108/><V128/><F103/><W7/><G7/><N who="0" m="2603" /><D97/><U1/><E1/><V59/><F88/><W17/><G76/><T99/><D99/><U63/><E63/><N who="2" m="36327" /><F128/><W101/><G101/><N who="0" m="60623" /><D95/><U12/><E91/><V81/><F81/><W36/><G36/><T3/><D3/><U104/><E104/><V48/><F19/><W109/><G18/><T107/><D107/><U130/><E130/><V33/><F33/><W26/><G109/><T78/><D78/><U55/><E85/><V71/><F71/><W106/><G106/><T62/><D62/><U45/><E69/><V28/><F28/><W65/><G90/><T5/><N who="0" m="2611" /><T42/><DORA hai="68" /><D42/><AGARI ba="2,1" hai="8,15,16,42,44,46,47,48" m="36327,48415" machi="42" ten="30,7700,0" yaku="8,1,52,1,54,2" doraHai="74,68" who="2" fromWho="0" sc="193,-83,220,0,327,93,250,0" owari="110,-39.0,220,-18.0,420,52.0,250,5.0" /></mjloggm>