<mjloggm ver="2.3"><GO type="225" lobby="0"/><UN n0="%E5%A4%9C%E5%85%89%E5%A4%A9%E6%A5%BC" n1="%E6%A0%B9%E5%85%83%E3%81%8B%E3%82%89%E5%90%B9%E3%81%A3%E9%A3%9B%E3%81%B6" n2="%4B%2E%32%2E%4B%2E" n3="%E3%81%AF%E3%82%88%E3%81%8A%E3%81%98%E3%81%95%E3%82%93" dan="17,17,16,17" rate="2136.27,2163.40,2146.12,2172.82" sx="M,F,M,M"/><TAIKYOKU oya="0"/><INIT seed="0,0,0,1,3,83" ten="250,250,250,250" oya="0" hai0="37,82,41,102,94,68,103,43,78,131,115,118,16" hai1="52,69,75,15,96,7,48,70,106,12,18,56,63" hai2="42,25,9,105,77,121,99,124,50,97,119,35,62" hai3="44,72,123,74,73,2,108,101,4,116,30,31,91"/><T71/><D115/><U98/><E75/><V79/><F121/><W114/><G114/><T104/><D118/><U0/><E0/><V33/><F62/><W134/><G116/><T58/><D104/><U54/><E106/><V122/><F105/><W11/><G123/><T22/><D68/><U135/><E135/><V38/><F38/><W14/><G134/><T60/><D71/><U17/><E7/><V76/><F76/><W49/><G108/><T110/><D110/><U107/><E107/><V120/><F25/><W127/><G101/><N who="0" m="38411" /><D94/><U86/><E86/><V27/><F27/><W88/><G127/><T55/><D37/><U46/><E70/><V112/><F50/><W28/><REACH who="3" step="1"/><G2/><REACH who="3" ten="250,250,250,240" step="2"/><T57/><D131/><U51/><E69/><V1/><F1/><W109/><G109/><T26/><D58/><U129/><E129/><V24/><F124/><W40/><AGARI ba="0,1" hai="4,11,14,28,30,31,40,44,49,72,73,74,88,91" machi="40" ten="40,8000,1" yaku="1,1,0,1,54,1,53,2" doraHai="83" doraHaiUra="87" who="3" fromWho="3" sc="250,-40,250,-20,250,-20,240,90" /><INIT seed="1,0,0,4,3,51" ten="210,230,230,330" oya="1" hai0="133,87,104,126,5,57,85,59,62,72,27,6,128" hai1="114,121,18,43,55,80,3,37,67,2,40,113,4" hai2="60,61,73,90,36,116,81,127,64,119,34,58,122" hai3="108,130,100,89,106,103,0,53,94,71,70,20,97"/><U21/><E121/><V63/><F122/><W42/><G0/><T45/><D72/><U30/><E67/><V11/><F34/><W78/><G108/><T129/><D104/><U123/><E123/><V31/><F31/><W41/><G130/><N who="0" m="50283" /><D126/><U131/><E30/><V107/><F107/><W48/><G78/><T50/><D27/><U12/><E131/><V68/><F127/><W120/><G120/><T92/><D133/><U23/><E37/><V38/><F61/><W84/><G103/><T77/><D92/><U110/><E110/><V134/><F134/><W19/><G70/><T49/><D59/><U91/><E4/><N who="0" m="1641" /><D77/><U9/><E2/><V115/><F115/><W7/><G7/><T22/><D22/><N who="1" m="8203" /><E3/><V125/><F125/><W44/><REACH who="3" step="1"/><G71/><REACH who="3" ten="210,230,230,320" step="2"/><T117/><D117/><U28/><E114/><V39/><F116/><W46/><G46/><T132/><D132/><U118/><E113/><V109/><F109/><W8/><G8/><T86/><D45/><U35/><E118/><V83/><F119/><W10/><G10/><T54/><AGARI ba="0,1" hai="49,50,54,57,62,85,86,87" m="1641,50283" machi="54" ten="40,2700,0" yaku="19,1,52,1" doraHai="51" who="0" fromWho="0" sc="210,37,230,-13,230,-7,320,-7" /><INIT seed="2,0,0,5,0,73" ten="247,217,223,313" oya="2" hai0="47,68,79,4,109,18,70,124,96,92,34,13,31" hai1="71,121,30,84,135,77,128,26,24,107,41,43,76" hai2="132,8,78,114,95,28,90,52,5,94,117,50,35" hai3="134,59,122,81,82,130,116,23,101,110,36,21,54"/><V118/><F114/><W27/><G122/><T57/><D109/><U53/><E107/><V106/><F106/><W44/><G116/><T10/><D124/><U80/><E71/><V88/><F132/><W105/><G110/><T99/><D47/><U87/><E135/><V97/><F78/><N who="1" m="30313" /><E128/><V58/><F28/><W60/><G134/><T33/><D31/><U46/><E121/><V102/><F35/><W103/><G130/><T131/><D68/><U9/><E9/><V20/><F20/><W74/><G21/><T29/><D70/><U42/><E30/><V133/><F102/><W85/><G74/><T66/><D131/><U100/><E100/><V55/><F55/><W127/><G127/><T119/><D119/><U0/><E0/><V49/><F49/><W15/><G103/><N who="0" m="60807" /><D29/><U120/><E120/><V16/><F16/><W40/><G101/><T64/><D33/><U65/><E65/><V123/><F123/><W62/><G36/><T113/><D34/><U104/><E104/><V6/><F6/><W45/><G23/><N who="0" m="11727" /><D66/><U93/><E93/><V69/><F69/><W75/><G75/><T25/><D64/><U32/><E32/><V98/><F133/><W7/><G7/><T126/><D126/><U11/><E11/><V86/><F86/><N who="1" m="32809" /><E80/><V14/><AGARI ba="0,0" hai="5,8,14,50,52,58,88,90,94,95,97,98,117,118" machi="14" ten="20,12000,1" yaku="0,1,7,1,9,1,54,2" doraHai="73" who="2" fromWho="2" sc="247,-40,217,-40,223,120,313,-40" /><INIT seed="2,1,0,2,4,87" ten="207,177,343,273" oya="2" hai0="27,59,99,109,91,38,8,134,57,132,63,117,94" hai1="15,130,49,108,22,65,100,128,31,45,30,105,36" hai2="50,44,1,6,5,25,79,24,106,33,92,35,23" hai3="19,37,131,78,101,40,17,129,120,18,123,13,118"/><V68/><F106/><W28/><G118/><T90/><D38/><U41/><E108/><V43/><F68/><W72/><G101/><N who="0" m="60663" /><D109/><U47/><E65/><V46/><F79/><W104/><G104/><T12/><D27/><U9/><E100/><V81/><F81/><W14/><G28/><T55/><D59/><U97/><E97/><V85/><F25/><W16/><G37/><T126/><D126/><U29/><E22/><V73/><F73/><W0/><G40/><T135/><D117/><U11/><E105/><V54/><F92/><W111/><G0/><T107/><D107/><U96/><E96/><V32/><F85/><W20/><G111/><T21/><D21/><U69/><E69/><V2/><F2/><W103/><G103/><T60/><D60/><U82/><E82/><V86/><F86/><W124/><G124/><T88/><D91/><U93/><E93/><V80/><F80/><W110/><G110/><T95/><D95/><U125/><E125/><V51/><REACH who="2" step="1"/><F1/><REACH who="2" ten="207,177,333,273" step="2"/><W7/><G78/><T133/><N who="0" m="33792" /><DORA hai="114" /><T3/><D3/><U52/><REACH who="1" step="1"/><E15/><REACH who="1" ten="207,167,333,273" step="2"/><V61/><F61/><W75/><G14/><T127/><D127/><U34/><E34/><V53/><F53/><W115/><G13/><T121/><D121/><U102/><E102/><V56/><F56/><W67/><G123/><T26/><D26/><U113/><E113/><V62/><F62/><W83/><G115/><T10/><D10/><AGARI ba="1,2" hai="9,10,11,29,30,31,36,41,45,47,49,52,128,130" machi="10" ten="40,5200,0" yaku="1,1,54,1,53,1" doraHai="87,114" doraHaiUra="66,48" who="1" fromWho="0" sc="207,-55,167,75,333,0,273,0" /><INIT seed="3,0,0,2,4,102" ten="152,242,333,273" oya="3" hai0="123,79,113,80,103,63,70,132,26,67,72,89,86" hai1="55,124,44,100,47,45,20,128,110,95,24,106,6" hai2="41,28,94,118,51,35,77,61,3,9,122,66,81" hai3="75,74,92,36,125,0,71,19,13,119,59,127,84"/><W112/><G119/><T14/><D132/><U1/><E110/><V57/><F118/><W68/><G0/><T96/><D123/><U90/><E124/><N who="3" m="47690" /><G36/><T8/><D113/><U38/><E128/><V22/><F35/><W111/><G112/><T121/><D121/><U134/><E6/><V107/><F107/><W126/><N who="3" m="47698" /><W5/><DORA hai="30" /><G5/><T62/><D62/><U21/><E21/><V40/><F3/><W58/><G111/><T48/><D26/><U29/><E1/><V43/><F122/><W10/><G84/><T4/><D48/><U53/><E38/><V85/><F9/><W93/><G92/><T73/><REACH who="0" step="1"/><D79/><REACH who="0" ten="142,242,333,273" step="2"/><U16/><E134/><V101/><F77/><W104/><G68/><T31/><D31/><U52/><E29/><V78/><F78/><W83/><G71/><T54/><D54/><U17/><E55/><V27/><F51/><W105/><G58/><T50/><D50/><U42/><E53/><V133/><F133/><W12/><G59/><T130/><D130/><U46/><E52/><V87/><F57/><W64/><G64/><T115/><D115/><U34/><E47/><V39/><F39/><W37/><G37/><T108/><D108/><U25/><E46/><V117/><F66/><W109/><G109/><T7/><D7/><U60/><E45/><V33/><F117/><W32/><G32/><T23/><D23/><N who="1" m="13415" /><E34/><V76/><F33/><W120/><G120/><T65/><D65/><U88/><E60/><V129/><F129/><W69/><G69/><T116/><D116/><U2/><E44/><V114/><F114/><RYUUKYOKU ba="0,1" sc="142,30,242,-10,333,-10,273,-10" hai0="4,8,14,63,67,70,72,73,80,86,89,96,103" owari="172,-32.8,232,-16.8,333,43.3,263,6.3" /></mjloggm>