<mjloggm ver="2.3"><GO type="225" lobby="0"/><UN n0="%72%69%6F%75%63%68%61%6E" n1="%E6%9D%B1%E9%A2%A8%E3%81%AE%E3%81%8D%E3%82%83%E3%81%B7%E3%81%95%E3%82%93" n2="%E3%81%8B%E3%82%8F%E3%81%A1%E3%82%83%E3%82%93%35%38" n3="%E3%80%93%E3%81%97%E3%83%BC%E3%82%89%E3%80%93" dan="16,17,16,16" rate="2153.74,2258.94,2155.81,2098.76" sx="M,M,M,M"/><TAIKYOKU oya="0"/><INIT seed="0,0,0,2,0,21" ten="250,250,250,250" oya="0" hai0="38,3,25,129,96,33,90,99,69,64,118,48,131" hai1="85,104,68,81,108,115,87,30,51,18,106,71,61" hai2="1,22,50,76,52,47,56,84,105,42,125,14,46" hai3="109,119,97,6,32,7,101,28,127,53,117,59,93"/><T15/><BYE who="1" /><D118/><U62/><E62/><UN n1="%E6%9D%B1%E9%A2%A8%E3%81%AE%E3%81%8D%E3%82%83%E3%81%B7%E3%81%95%E3%82%93" /><V130/><F1/><W45/><G109/><T114/><D114/><U60/><E30/><V10/><F105/><W24/><G127/><T26/><D38/><U35/><E51/><V17/><F130/><N who="0" m="49674" /><D3/><U116/><E81/><N who="2" m="47143" /><F125/><W58/><G58/><T133/><D133/><U23/><E23/><V86/><F86/><W19/><G45/><N who="2" m="16905" /><F42/><W89/><G19/><T79/><D79/><U8/><E18/><V40/><F40/><W128/><G128/><T82/><D33/><U135/><E8/><AGARI ba="0,0" hai="8,10,14,17,22,50,52,56" m="16905,47143" machi="8" ten="30,2000,0" yaku="8,1,54,1" doraHai="21" who="2" fromWho="1" sc="250,0,250,-20,250,20,250,0" /><INIT seed="1,0,0,2,4,6" ten="250,230,270,250" oya="1" hai0="30,72,48,64,77,35,128,17,79,76,66,0,46" hai1="1,44,82,12,119,112,101,24,135,37,81,85,127" hai2="69,109,67,62,10,43,132,61,133,16,38,115,63" hai3="88,3,90,20,51,49,8,5,80,71,123,73,102"/><U91/><E119/><V41/><F109/><W19/><G71/><T92/><D72/><U122/><E1/><V7/><F115/><W59/><G123/><T40/><D128/><U9/><E122/><V2/><F38/><W15/><G102/><T56/><D0/><U27/><E112/><V31/><F31/><W125/><G125/><T98/><D17/><U47/><E135/><N who="2" m="51787" /><F16/><W95/><G59/><T70/><D70/><U23/><E127/><V22/><F22/><W13/><G3/><T134/><D134/><U89/><E101/><V45/><F45/><N who="1" m="17481" /><E37/><V14/><F2/><W126/><G126/><T18/><D18/><N who="1" m="8463" /><E23/><V99/><F99/><N who="3" m="57831" /><G73/><T11/><D35/><U28/><E28/><V103/><F103/><W39/><G39/><T97/><D30/><U100/><E100/><V129/><F129/><W58/><G58/><T117/><D117/><U53/><E53/><V65/><F69/><W33/><G33/><T105/><D56/><U74/><E74/><V116/><F116/><W83/><G90/><N who="1" m="34314" /><E81/><AGARI ba="0,0" hai="5,8,13,15,19,20,49,51,80,81,83" m="57831" machi="81" ten="30,3900,0" yaku="8,1,52,1,54,1" doraHai="6" who="3" fromWho="1" sc="250,0,230,-39,270,0,250,39" /><INIT seed="2,0,0,0,2,37" ten="250,191,270,289" oya="2" hai0="29,88,72,55,120,48,105,80,116,79,56,32,8" hai1="51,68,82,86,95,113,54,81,75,112,30,5,65" hai2="61,46,4,124,83,35,44,125,134,16,103,91,106" hai3="27,36,85,94,42,70,87,133,11,34,39,98,1"/><V107/><F35/><W43/><G70/><T63/><D120/><U126/><E30/><V100/><F4/><W60/><G60/><T31/><D105/><N who="2" m="39946" /><F61/><W108/><G39/><T64/><D32/><U101/><E5/><V22/><F91/><W111/><G36/><T121/><D121/><U25/><E25/><V45/><F83/><W15/><G1/><T135/><D135/><U109/><E75/><V2/><F2/><W119/><G133/><T69/><D116/><U6/><E6/><V19/><F22/><W38/><G38/><T59/><D8/><U114/><E126/><N who="2" m="48747" /><F134/><W99/><G27/><T76/><D76/><U18/><E18/><AGARI ba="0,0" hai="16,18,19,44,45,46,100,103" m="48747,39946" machi="18" ten="40,12000,1" yaku="28,2,18,1,54,1" doraHai="37" who="2" fromWho="1" sc="250,0,191,-120,270,120,289,0" /><INIT seed="2,1,0,2,2,49" ten="250,71,390,289" oya="2" hai0="127,33,15,82,74,5,32,77,10,90,132,87,113" hai1="31,73,84,34,18,81,20,30,40,94,135,54,91" hai2="107,42,97,102,59,38,110,51,70,45,111,58,0" hai3="27,133,55,61,19,4,86,65,53,71,43,68,128"/><V99/><F0/><W56/><G133/><T118/><D113/><U112/><E112/><V7/><F7/><W83/><G128/><T62/><D132/><U105/><E135/><V41/><F70/><W93/><G71/><T36/><D36/><U44/><E105/><V79/><F79/><N who="3" m="46463" /><G68/><T35/><D127/><U96/><E73/><V50/><F38/><W125/><G125/><T16/><D62/><U14/><E34/><V130/><F130/><W24/><G43/><T89/><D118/><U126/><E126/><V22/><F22/><N who="3" m="13407" /><G4/><T69/><D69/><U109/><E40/><V67/><F67/><W72/><G72/><T2/><REACH who="0" step="1"/><D74/><REACH who="0" ten="240,71,390,289" step="2"/><U46/><E109/><V23/><F111/><W52/><G27/><T119/><D119/><U3/><E3/><V114/><F110/><W76/><G76/><T108/><D108/><U12/><E12/><V122/><F114/><W106/><G106/><T124/><D124/><U8/><E20/><AGARI ba="1,1" hai="2,5,10,15,16,20,32,33,35,77,82,87,89,90" machi="20" ten="40,2600,0" yaku="1,1,54,1,53,0" doraHai="49" doraHaiUra="98" who="0" fromWho="1" sc="240,39,71,-29,390,0,289,0" /><INIT seed="3,0,0,1,1,21" ten="279,42,390,289" oya="3" hai0="122,12,19,101,57,40,55,128,74,28,89,76,96" hai1="42,88,97,132,6,8,87,73,113,58,11,77,31" hai2="60,43,104,25,51,129,52,23,100,111,70,14,99" hai3="26,95,3,84,68,102,135,63,120,85,82,17,81"/><W131/><G3/><T47/><D122/><U115/><E132/><V80/><F43/><W35/><G120/><T108/><D108/><U86/><E42/><V30/><F111/><W49/><G135/><T79/><D128/><U33/><E58/><V56/><F129/><W114/><G131/><T107/><D74/><U94/><E73/><V133/><F133/><W46/><G114/><T66/><D66/><U91/><E77/><V22/><F80/><N who="3" m="30827" /><G35/><T53/><D28/><U38/><E38/><V121/><F121/><W1/><G1/><T119/><D119/><U24/><E97/><V27/><F14/><W83/><G68/><T130/><D130/><U110/><E110/><V54/><F70/><W92/><G63/><T98/><D96/><U127/><E127/><V61/><F54/><N who="3" m="30007" /><G102/><T90/><D53/><U7/><E7/><V41/><F41/><W78/><G85/><T13/><D76/><U118/><E118/><V112/><F112/><W105/><G105/><T39/><D79/><U117/><E117/><V126/><F126/><W50/><G50/><T125/><D125/><U123/><E123/><V65/><F65/><W62/><G62/><T48/><D12/><U69/><E69/><V37/><F37/><W34/><G34/><T45/><D45/><U36/><E36/><V59/><F59/><W0/><G0/><T2/><D2/><N who="1" m="87" /><E11/><AGARI ba="0,0" hai="11,13,19,39,40,47,48,55,57,89,90,98,101,107" machi="11" ten="30,1000,0" yaku="7,1" doraHai="21" who="0" fromWho="1" sc="279,10,42,-10,390,0,289,0" owari="289,8.9,32,-46.8,390,49.0,289,-11.1" /></mjloggm>