<mjloggm ver="2.3"><GO type="225" lobby="0"/><UN n0="%72%69%6F%75%63%68%61%6E" n1="%E6%A1%9C%E8%8A%B1%E9%96%83%E3%80%85" n2="%E3%81%86%E3%83%BC%E3%81%B1%E3%83%BC" n3="%E5%82%8D%E8%8B%A5%E7%84%A1%E4%BA%BA%35%31" dan="16,16,17,16" rate="2144.98,2114.54,2232.21,2101.76" sx="M,M,F,M"/><TAIKYOKU oya="0"/><INIT seed="0,0,0,4,4,93" ten="250,250,250,250" oya="0" hai0="20,116,96,71,69,62,40,91,26,15,22,81,7" hai1="126,60,134,9,55,29,28,74,65,33,68,17,39" hai2="67,70,89,44,41,31,24,120,78,8,21,35,0" hai3="49,113,97,127,42,133,1,13,129,100,47,5,121"/><T72/><D116/><U16/><E126/><V12/><F120/><W3/><G113/><T77/><D40/><U99/><E134/><V115/><F115/><W106/><G133/><T61/><D69/><U119/><E74/><V87/><F78/><W57/><G127/><T123/><D123/><U58/><E119/><V79/><F79/><W109/><G109/><T98/><D91/><U2/><E39/><V124/><F67/><W118/><G118/><T90/><D90/><U50/><E99/><V52/><F70/><W88/><G129/><T6/><D6/><U46/><E68/><V45/><F41/><W128/><G128/><T114/><D114/><U85/><E85/><V36/><F36/><W125/><G125/><T32/><D32/><U14/><E2/><V30/><F31/><N who="1" m="11849" /><E33/><V18/><F52/><W117/><G106/><T75/><D72/><U122/><E122/><V19/><F124/><W64/><G1/><T132/><D132/><U4/><AGARI ba="0,0" hai="4,9,14,16,17,46,50,55,58,60,65" m="11849" machi="4" ten="30,2000,0" yaku="8,1,54,1" doraHai="93" who="1" fromWho="1" sc="250,-10,250,20,250,-5,250,-5" /><INIT seed="1,0,0,2,5,45" ten="240,270,245,245" oya="1" hai0="31,104,75,133,87,77,18,32,62,135,84,126,57" hai1="66,47,108,42,72,81,65,121,90,26,25,10,9" hai2="21,119,64,92,63,118,130,59,117,124,68,0,43" hai3="15,28,20,36,132,105,123,38,54,29,58,110,107"/><U98/><E121/><V67/><F0/><W48/><G110/><T83/><D126/><U78/><E108/><V76/><F76/><W69/><G69/><T116/><D116/><U50/><E66/><N who="2" m="41055" /><F92/><W8/><G132/><N who="0" m="50763" /><D104/><U33/><E65/><N who="2" m="25163" /><F21/><W3/><G123/><T91/><D18/><U19/><E33/><V11/><F11/><W61/><G3/><T14/><D14/><U60/><E60/><V100/><F100/><W122/><G61/><T112/><D112/><U89/><E98/><V109/><F124/><W102/><G122/><T129/><D129/><U99/><E99/><V4/><F4/><W113/><G113/><T27/><D91/><U94/><E89/><V128/><F109/><W24/><G29/><T23/><D32/><U37/><E37/><V55/><F43/><W82/><G82/><T22/><D23/><U114/><E114/><V13/><F13/><W39/><REACH who="3" step="1"/><G102/><REACH who="3" ten="240,270,245,235" step="2"/><T40/><D40/><U12/><E42/><V127/><F127/><W70/><G70/><T93/><D93/><U16/><E94/><V49/><AGARI ba="0,1" hai="49,55,59,117,118,119,128,130" m="25163,41055" machi="49" ten="40,5200,0" yaku="34,2,52,1" doraHai="45" who="2" fromWho="2" sc="240,-13,270,-26,245,62,235,-13" /><INIT seed="2,0,0,0,3,34" ten="227,244,307,222" oya="2" hai0="73,4,74,3,96,82,115,132,106,85,30,116,77" hai1="0,1,121,20,64,6,48,18,99,27,42,107,59" hai2="119,53,97,95,79,111,90,83,63,118,75,81,117" hai3="92,112,70,62,105,14,78,129,72,71,103,15,5"/><V109/><REACH who="2" step="1"/><F81/><REACH who="2" ten="227,244,297,222" step="2"/><W49/><G92/><T22/><D82/><U43/><E121/><V134/><F134/><W8/><G105/><T123/><D106/><U69/><E107/><V98/><F98/><W51/><G103/><T120/><D96/><U131/><E99/><V55/><F55/><W113/><G113/><T29/><D115/><U25/><E43/><V104/><F104/><W57/><G112/><T66/><D132/><U28/><E42/><V41/><F41/><W19/><G129/><T35/><D123/><U40/><E40/><V88/><F88/><W16/><G78/><T133/><D77/><U36/><E131/><V39/><F39/><W125/><G72/><T46/><D74/><U128/><E36/><V38/><F38/><W89/><G89/><T26/><D73/><U58/><E128/><V23/><F23/><W45/><G125/><T54/><D22/><U32/><E20/><V33/><F33/><W7/><G45/><T31/><D46/><U135/><E32/><V93/><F93/><W17/><G70/><T50/><D120/><U65/><E69/><V91/><F91/><W87/><G71/><T44/><D133/><U12/><E135/><V21/><F21/><W94/><G94/><T2/><D44/><U124/><E124/><V130/><F130/><W9/><G87/><T84/><D85/><U56/><E27/><V67/><F67/><AGARI ba="0,1" hai="5,7,8,9,14,15,16,17,19,49,51,57,62,67" machi="67" ten="40,5200,0" yaku="9,1,8,1,54,1" doraHai="34" who="3" fromWho="2" sc="227,0,244,0,297,-52,222,62" /><INIT seed="3,0,0,3,2,130" ten="227,244,245,284" oya="3" hai0="91,102,30,89,58,106,10,0,115,69,38,71,23" hai1="60,1,79,14,2,78,70,121,85,18,90,29,123" hai2="26,119,3,9,20,27,34,66,81,7,109,77,94" hai3="124,93,122,126,42,47,127,49,114,62,101,45,44"/><W59/><G122/><T11/><D38/><U65/><E29/><V125/><F119/><W92/><G114/><T12/><D115/><U15/><E79/><V64/><F109/><W105/><G105/><T52/><D0/><U116/><E78/><V46/><F34/><W25/><G25/><N who="0" m="16703" /><D69/><U112/><E112/><V72/><F27/><W54/><G101/><T13/><D71/><U32/><E32/><V68/><F68/><W86/><G86/><T96/><D106/><U41/><E41/><V110/><F110/><W117/><G117/><T21/><D21/><N who="1" m="11479" /><E15/><N who="0" m="5705" /><D102/><U135/><E1/><V131/><F131/><W22/><G22/><T56/><D56/><U55/><E2/><V4/><F4/><W87/><G87/><T16/><D16/><U53/><E116/><V83/><F20/><W113/><G113/><T61/><D96/><U98/><E98/><V31/><F3/><W134/><G134/><T48/><D61/><U33/><E33/><V17/><F26/><W111/><G111/><T103/><D103/><U88/><E135/><V40/><F31/><W80/><G80/><T99/><D99/><U74/><E74/><V28/><F81/><W19/><G19/><T57/><D58/><U37/><E121/><V67/><F17/><W43/><G62/><T24/><D24/><U6/><E123/><V120/><F28/><W8/><G8/><AGARI ba="0,0" hai="8,10,11,48,52,57,89,91" m="5705,16703" machi="8" ten="30,2000,0" yaku="8,1,54,1" doraHai="130" who="0" fromWho="3" sc="227,20,244,0,245,0,284,-20" /><INIT seed="4,0,0,0,0,35" ten="247,244,245,264" oya="0" hai0="131,133,87,97,42,118,43,134,119,127,53,130,1" hai1="109,93,81,105,91,132,73,114,80,117,84,54,126" hai2="62,98,56,128,50,4,135,17,14,88,86,3,15" hai3="49,8,67,18,100,30,19,124,95,11,23,99,58"/><T69/><D69/><U64/><E64/><V25/><F128/><N who="0" m="49194" /><D1/><U112/><E109/><V57/><F135/><N who="0" m="51722" /><D97/><U51/><E126/><V40/><F3/><W92/><G124/><T82/><D127/><U22/><E132/><V121/><F4/><W2/><G95/><T70/><D70/><U96/><E117/><N who="0" m="44553" /><D53/><U115/><E73/><V37/><F98/><W16/><G2/><T24/><D24/><U33/><E33/><V77/><F25/><N who="3" m="16703" /><G49/><T44/><D44/><N who="1" m="28007" /><E22/><V106/><F50/><W65/><G65/><T72/><D72/><U45/><E45/><V129/><F129/><W10/><G10/><T28/><D28/><U48/><E48/><V34/><F34/><W108/><G108/><T32/><D32/><U36/><E36/><V46/><F46/><W101/><G101/><AGARI ba="0,0" hai="80,81,84,91,93,96,101,105,112,114,115" m="28007" machi="101" ten="30,2000,0" yaku="15,1,11,1" doraHai="35" who="1" fromWho="3" sc="247,0,244,20,245,0,264,-20" /><INIT seed="5,0,0,1,0,42" ten="247,264,245,244" oya="1" hai0="57,60,106,64,62,99,67,81,91,46,114,50,115" hai1="15,18,107,124,65,126,61,80,111,7,84,29,23" hai2="3,116,48,44,76,95,74,110,12,87,31,10,93" hai3="85,63,0,37,86,13,43,39,6,72,83,97,19"/><U75/><E75/><V28/><F116/><W82/><G97/><T103/><D91/><U112/><E112/><N who="0" m="43049" /><D81/><U131/><E131/><V102/><F3/><W135/><G135/><T54/><D60/><U34/><E107/><V16/><F110/><W35/><G35/><T88/><D88/><N who="1" m="51207" /><E34/><V130/><F130/><W100/><G100/><T89/><D89/><U78/><E29/><N who="2" m="11339" /><F74/><W36/><G72/><T33/><D33/><U14/><E78/><V79/><F102/><W56/><G6/><T119/><D119/><U24/><E7/><V98/><F98/><W21/><G0/><T53/><AGARI ba="0,0" hai="46,50,53,54,57,62,64,67,99,103,106" m="43049" machi="53" ten="30,2000,0" yaku="15,1,52,1" doraHai="42" who="0" fromWho="0" sc="247,20,264,-10,245,-5,244,-5" /><INIT seed="6,0,0,3,2,112" ten="267,254,240,239" oya="2" hai0="118,120,10,27,43,102,23,80,45,121,96,90,101" hai1="76,125,134,62,127,7,135,88,29,24,126,61,110" hai2="65,55,119,133,104,36,117,103,66,69,0,40,54" hai3="87,35,21,13,6,28,56,4,129,122,12,68,115"/><V99/><F0/><W95/><G68/><T86/><D118/><N who="2" m="45066" /><F55/><W130/><G122/><T38/><D10/><U78/><E110/><V98/><F66/><W64/><G115/><T113/><D113/><U123/><E7/><N who="3" m="2602" /><G87/><T3/><D3/><U44/><E44/><N who="2" m="23559" /><F54/><W81/><G81/><T114/><D114/><U49/><E49/><V26/><F99/><W75/><G75/><T85/><D85/><U30/><E88/><V52/><F52/><W107/><G107/><T57/><D57/><U48/><E48/><V14/><F14/><N who="3" m="5739" /><G95/><T72/><D72/><U16/><E123/><V124/><F124/><W91/><G91/><T19/><REACH who="0" step="1"/><D102/><REACH who="0" ten="257,254,240,239" step="2"/><U31/><E126/><V106/><F26/><N who="3" m="18839" /><G56/><T47/><D47/><U60/><E127/><V22/><F22/><W94/><G64/><T33/><D33/><U25/><E25/><V97/><F97/><W116/><G116/><T89/><D89/><U58/><E58/><V84/><F84/><W63/><G21/><T2/><D2/><U17/><E125/><V9/><F9/><W51/><G63/><T32/><D32/><U132/><E61/><N who="2" m="40111" /><F106/><AGARI ba="0,1" hai="19,23,27,38,43,45,80,86,90,96,101,106,120,121" machi="106" ten="30,3900,0" yaku="1,1,7,1,53,1" doraHai="112" doraHaiUra="70" who="0" fromWho="2" sc="257,49,254,0,240,-39,239,0" owari="306,40.6,254,5.4,201,-29.9,239,-16.1" /></mjloggm>