<mjloggm ver="2.3"><GO type="225" lobby="0"/><UN n0="%E5%91%A8%E6%9D%B1" n1="%E3%82%B3%E3%83%90%E3%83%AC%E3%82%A4" n2="%E5%8D%A0%E3%81%84%E5%B8%AB%E8%A3%8F%E3%81%AA%E3%81%84%E3%81%97" n3="%E3%82%BD%E3%83%83%E3%82%AF%E3%82%B9%E2%99%AA" dan="17,16,17,16" rate="2106.61,2208.14,2200.55,2036.25" sx="M,M,M,M"/><TAIKYOKU oya="0"/><INIT seed="0,0,0,5,2,132" ten="250,250,250,250" oya="0" hai0="85,114,54,62,30,131,70,48,38,64,93,69,87" hai1="32,135,83,75,97,49,5,57,56,9,113,46,86" hai2="78,88,25,103,26,59,63,1,100,60,95,133,17" hai3="33,120,79,130,13,99,128,84,37,118,71,127,31"/><T107/><D107/><U3/><E75/><V15/><F1/><W72/><G118/><T2/><D114/><U53/><E113/><V89/><F78/><W109/><G109/><T6/><D131/><N who="3" m="50217" /><G120/><T11/><D70/><U20/><E32/><V117/><F133/><W124/><G71/><T123/><D123/><U34/><E34/><V81/><F81/><N who="3" m="45287" /><G37/><T92/><D30/><U58/><E135/><V115/><F115/><W21/><G84/><T50/><D38/><U121/><E121/><V18/><F117/><W98/><G33/><T8/><D8/><U125/><E20/><V111/><F111/><W4/><G4/><T19/><D19/><U101/><E125/><N who="3" m="48202" /><G13/><T134/><D134/><U80/><REACH who="1" step="1"/><E86/><REACH who="1" ten="250,240,250,250" step="2"/><V65/><F15/><W73/><G73/><T82/><D87/><U29/><E29/><V28/><F28/><W77/><G77/><T52/><D85/><U27/><E27/><AGARI ba="0,1" hai="21,27,31,98,99" m="48202,45287,50217" machi="27" ten="30,8000,1" yaku="19,1,18,1,52,3" doraHai="132" who="3" fromWho="1" sc="250,0,240,-80,250,0,250,90" /><INIT seed="1,0,0,5,2,59" ten="250,160,250,340" oya="1" hai0="76,103,87,118,121,74,92,78,35,7,48,55,37" hai1="119,44,81,56,109,91,111,5,105,25,83,24,64" hai2="46,47,12,36,79,14,104,88,49,82,107,32,4" hai3="117,53,40,19,95,133,131,98,52,11,93,69,9"/><U102/><E5/><V57/><F32/><W106/><G131/><T43/><D35/><U101/><E119/><V50/><F36/><W51/><G133/><T45/><D118/><U130/><E130/><V27/><F27/><N who="1" m="10313" /><E44/><V71/><F71/><W6/><G69/><T15/><D121/><U8/><E8/><V124/><F124/><W132/><G106/><T97/><D74/><U39/><E39/><V128/><F128/><W38/><G38/><T21/><D87/><N who="1" m="50671" /><E105/><V16/><F104/><W75/><G75/><T89/><D103/><U127/><E83/><V112/><F112/><W73/><G132/><T122/><D122/><U114/><E114/><V125/><F125/><W29/><G73/><T70/><D70/><U1/><E1/><V108/><F107/><W33/><G33/><T3/><D3/><U113/><E127/><V99/><F47/><N who="3" m="26087" /><G29/><T18/><D7/><U129/><E129/><V60/><F4/><W23/><G117/><T110/><D110/><N who="1" m="41995" /><E113/><V41/><F108/><W77/><G6/><T26/><D26/><U58/><E58/><AGARI ba="0,0" hai="15,18,21,37,43,45,48,55,58,76,78,89,92,97" machi="58" ten="30,1000,0" yaku="7,1" doraHai="59" who="0" fromWho="1" sc="250,10,160,-10,250,0,340,0" /><INIT seed="2,0,0,0,4,85" ten="260,150,250,340" oya="2" hai0="58,8,15,74,90,110,16,114,97,73,103,27,34" hai1="20,67,49,87,19,118,13,22,55,135,117,100,43" hai2="56,96,80,104,106,17,108,44,9,109,132,93,121" hai3="7,36,64,92,126,31,124,115,24,133,65,131,40"/><V12/><F121/><W84/><G133/><T57/><D114/><U122/><E135/><V79/><F132/><W134/><G134/><T78/><D110/><N who="2" m="42602" /><F44/><N who="3" m="23559" /><G131/><T113/><D113/><U75/><E75/><N who="2" m="43135" /><F56/><W120/><G7/><T11/><D11/><U38/><E122/><V94/><F94/><W91/><G120/><T51/><D78/><U99/><E118/><V76/><F76/><W45/><G45/><T14/><D14/><U81/><E117/><V72/><F72/><W30/><G115/><T21/><D34/><U60/><E38/><V54/><F54/><W50/><G50/><T82/><D51/><U48/><E43/><V68/><F68/><W119/><G119/><T39/><D39/><U130/><E130/><V107/><F107/><W33/><G31/><T69/><D69/><U26/><E55/><V46/><F46/><W127/><AGARI ba="0,0" hai="24,30,33,64,65,84,91,92,124,126,127" m="23559" machi="127" ten="30,2000,0" yaku="18,1,52,1" doraHai="85" who="3" fromWho="3" sc="260,-5,150,-5,250,-10,340,20" /><INIT seed="3,0,0,1,4,39" ten="255,145,240,360" oya="3" hai0="16,122,32,52,27,88,47,58,35,8,94,61,65" hai1="21,103,123,43,97,6,45,7,37,125,96,93,76" hai2="80,87,86,50,85,112,18,10,3,102,19,13,108" hai3="90,57,107,49,15,23,118,41,82,132,63,53,104"/><W134/><G118/><T109/><D122/><U25/><E123/><V110/><F112/><W38/><G38/><T56/><D109/><N who="2" m="42090" /><F3/><W48/><G49/><T54/><D47/><U131/><E125/><V30/><F102/><W22/><G41/><T62/><D65/><U101/><E131/><V51/><F30/><W130/><G130/><T59/><D59/><U77/><E6/><V34/><F34/><W133/><G63/><T31/><D8/><U24/><E7/><V128/><F128/><W14/><G90/><T28/><D16/><N who="2" m="6186" /><F80/><W33/><G82/><T129/><D129/><U42/><E37/><V5/><AGARI ba="0,0" hai="5,10,13,50,51,85,86,87" m="6186,42090" machi="5" ten="40,2700,0" yaku="14,1,54,1" doraHai="39" who="2" fromWho="2" sc="255,-7,145,-7,240,27,360,-13" owari="248,-15.2,138,-36.2,267,6.7,347,44.7" /></mjloggm>