<mjloggm ver="2.3"><GO type="225" lobby="0"/><UN n0="%E3%81%86%E3%82%8C%E3%81%9F%E3%82%93%E6%9E%95" n1="%E5%8F%AF%E5%85%90%E9%82%A3%E7%94%B1%E5%A4%9A" n2="%E3%82%B2%E3%82%B9%E8%8C%82%E5%8B%9D" n3="%45%6C%79%73%69%75%6D" dan="16,17,16,17" rate="2100.59,2242.37,2049.49,2123.34" sx="F,F,F,F"/><TAIKYOKU oya="0"/><INIT seed="0,0,0,4,0,125" ten="250,250,250,250" oya="0" hai0="88,33,44,61,82,132,34,2,60,87,72,31,97" hai1="102,48,54,4,70,18,105,53,6,93,16,0,19" hai2="40,107,23,89,83,45,49,9,63,127,98,95,7" hai3="91,39,69,128,47,79,52,92,43,46,38,37,35"/><T71/><D132/><U41/><E105/><V99/><F127/><W51/><G35/><T120/><D120/><U106/><E106/><V131/><F83/><W121/><G79/><T65/><D2/><U135/><E70/><V110/><F110/><W84/><G121/><T75/><D33/><U50/><E135/><V134/><F134/><W74/><G74/><T11/><D11/><U5/><E0/><V130/><F63/><W10/><G69/><T118/><D118/><U64/><E64/><V24/><F99/><W27/><G27/><T56/><D44/><U29/><E29/><V122/><F107/><W76/><G76/><T101/><D31/><U22/><E22/><V112/><F112/><W100/><G100/><T117/><D34/><U108/><E108/><V12/><REACH who="2" step="1"/><F122/><REACH who="2" ten="250,250,240,250" step="2"/><W21/><G84/><T32/><D117/><U90/><E102/><V114/><F114/><W116/><G116/><T111/><D111/><U115/><E115/><V17/><AGARI ba="0,1" hai="7,9,12,17,23,24,40,45,49,89,95,98,130,131" machi="17" ten="30,7900,0" yaku="1,1,0,1,52,2,53,0" doraHai="125" doraHaiUra="68" who="2" fromWho="2" sc="250,-39,250,-20,240,89,250,-20" /><INIT seed="1,0,0,0,2,13" ten="211,230,329,230" oya="1" hai0="133,100,26,96,104,48,22,12,19,81,45,29,5" hai1="65,25,17,54,102,36,130,64,89,88,8,129,10" hai2="121,72,51,79,55,46,31,52,2,112,124,101,18" hai3="95,4,135,106,74,71,119,126,69,113,84,78,134"/><U67/><E36/><V7/><F121/><W40/><G113/><T30/><D133/><N who="3" m="50697" /><G106/><T59/><D59/><U131/><E102/><V9/><F124/><W28/><G126/><T128/><D128/><U21/><E54/><V108/><F108/><W132/><G132/><T107/><D107/><U117/><E117/><V32/><F112/><W127/><G127/><T14/><D81/><U58/><E58/><V41/><F101/><W70/><G119/><T60/><D60/><U110/><E110/><V87/><F72/><W99/><G74/><T80/><D80/><U109/><E109/><V57/><F31/><W49/><G28/><T56/><D56/><U94/><E89/><V114/><F32/><W66/><G4/><T83/><D83/><U42/><E42/><V123/><F123/><W37/><G37/><T11/><REACH who="0" step="1"/><D26/><REACH who="0" ten="201,230,329,230" step="2"/><U23/><REACH who="1" step="1"/><E21/><REACH who="1" ten="201,220,329,230" step="2"/><V82/><F114/><W77/><G69/><T91/><D91/><U62/><E62/><V47/><F57/><W111/><G70/><T115/><D115/><U93/><E93/><V73/><F47/><W6/><G71/><T61/><D61/><U3/><E3/><V116/><F116/><W76/><G111/><T39/><D39/><U86/><AGARI ba="0,2" hai="8,10,17,23,25,64,65,67,86,88,94,129,130,131" machi="86" ten="40,24000,3" yaku="1,1,0,1,19,1,52,1,54,1,53,3" doraHai="13" doraHaiUra="63" who="1" fromWho="1" sc="201,-80,220,260,329,-80,230,-80" /><INIT seed="1,1,0,3,0,87" ten="121,480,249,150" oya="1" hai0="31,112,96,41,97,77,102,94,73,116,133,68,11" hai1="66,130,27,113,80,63,120,132,135,45,35,48,69" hai2="126,107,44,85,1,95,105,18,30,50,53,19,38" hai3="103,86,123,79,49,14,111,76,75,25,127,84,36"/><U23/><E113/><V83/><F126/><W108/><G36/><T134/><D68/><U0/><E120/><V82/><F1/><W98/><G123/><T124/><D41/><U51/><E0/><V131/><F38/><W2/><G2/><T61/><D61/><U114/><E114/><V43/><F131/><W16/><G127/><T129/><D31/><U88/><E35/><V8/><F30/><W121/><G25/><T104/><D11/><U57/><E130/><V65/><F65/><W99/><G121/><T26/><D26/><U109/><E109/><N who="3" m="42058" /><G49/><T93/><D129/><U32/><E32/><V34/><F34/><W91/><G75/><T17/><D17/><U40/><E69/><V101/><F105/><N who="3" m="63735" /><G99/><N who="0" m="61535" /><D124/><U24/><E51/><N who="2" m="27039" /><F107/><W33/><G33/><T70/><D70/><U4/><E4/><V55/><F55/><W47/><G47/><T54/><D54/><U6/><E6/><V46/><F8/><N who="3" m="6215" /><G84/><T3/><D3/><U117/><E24/><V21/><F101/><W125/><G125/><T62/><D62/><U20/><E27/><N who="2" m="14775" /><F19/><W56/><G56/><T67/><D97/><U10/><E57/><V52/><F53/><W100/><G100/><N who="0" m="60431" /><D67/><U64/><E64/><V74/><F74/><W118/><G118/><T128/><D116/><U110/><E117/><V78/><F78/><W42/><G42/><T122/><D128/><U119/><E119/><V7/><F7/><W58/><G58/><T22/><D122/><U89/><E66/><V106/><F106/><W71/><G71/><T92/><D73/><U28/><E110/><V15/><F15/><RYUUKYOKU ba="1,0" sc="121,-15,480,-15,249,15,150,15" hai2="46,50,52,82,83,85,95" hai3="76,79,86,91" /><INIT seed="2,2,0,0,2,98" ten="106,465,264,165" oya="2" hai0="104,109,130,106,134,5,34,18,90,0,63,29,92" hai1="117,119,93,47,33,53,78,94,129,1,121,15,102" hai2="73,96,125,21,51,110,66,124,103,83,108,50,86" hai3="12,88,36,8,100,55,45,72,56,115,128,132,74"/><V44/><F73/><W65/><G128/><T68/><D130/><U2/><E33/><V79/><F66/><W89/><G132/><T85/><D134/><U19/><E129/><V9/><F21/><W60/><G115/><T6/><D109/><N who="2" m="42090" /><F9/><W76/><G74/><T17/><D34/><U52/><E121/><V114/><F114/><W57/><G76/><T120/><D29/><U99/><E119/><V25/><F25/><W64/><G72/><T22/><D18/><U32/><E19/><V31/><F31/><W133/><G133/><T131/><D120/><U14/><E32/><V61/><F61/><W123/><G123/><T81/><D131/><U11/><E11/><V126/><F44/><W30/><G30/><T24/><D0/><U27/><E47/><V118/><F118/><W113/><G113/><T107/><REACH who="0" step="1"/><D81/><REACH who="0" ten="96,465,264,165" step="2"/><U40/><E1/><V42/><F42/><W97/><G12/><T67/><AGARI ba="2,1" hai="5,6,17,22,24,63,67,68,85,90,92,104,106,107" machi="67" ten="40,8000,1" yaku="1,1,2,1,0,1,53,1" doraHai="98" doraHaiUra="20" who="0" fromWho="0" sc="96,96,465,-22,264,-42,165,-22" /><INIT seed="3,0,0,5,0,35" ten="192,443,222,143" oya="3" hai0="20,110,81,84,31,75,99,39,123,25,113,48,88" hai1="118,80,130,17,129,87,64,21,135,126,117,92,33" hai2="120,63,105,44,121,111,70,89,50,108,107,93,119" hai3="127,0,103,52,3,112,8,71,56,42,16,43,1"/><W124/><G71/><T65/><D110/><N who="2" m="42026" /><F119/><N who="1" m="45577" /><E33/><V15/><F15/><N who="3" m="7271" /><G103/><T94/><D123/><N who="2" m="47178" /><F63/><N who="3" m="36231" /><G112/><T32/><D113/><U13/><E135/><V106/><F70/><W51/><G51/><T24/><D39/><U96/><E64/><V76/><F76/><W67/><G67/><T125/><D125/><AGARI ba="0,0" hai="0,1,3,42,43,124,125,127" m="36231,7271" machi="125" ten="40,18000,2" yaku="18,1,52,3,54,2" doraHai="35" who="3" fromWho="0" sc="192,-180,443,0,222,0,143,180" /><INIT seed="3,1,0,0,3,80" ten="12,443,222,323" oya="3" hai0="67,87,54,47,97,118,117,100,105,37,2,52,43" hai1="36,126,28,32,75,90,106,76,10,81,98,116,55" hai2="13,59,70,94,16,50,112,18,123,89,53,114,88" hai3="44,110,23,91,111,30,131,48,11,14,77,73,93"/><W64/><G131/><T15/><D2/><U86/><E36/><V51/><F123/><W83/><G64/><T41/><D67/><U121/><E121/><V107/><F107/><W1/><G1/><T49/><D41/><U120/><E120/><V45/><F70/><W109/><G30/><T8/><D117/><U40/><E40/><V99/><F89/><W115/><G23/><T6/><D118/><U33/><E116/><V84/><F99/><W132/><G115/><T135/><D135/><U5/><E126/><V119/><F119/><W29/><G29/><T21/><D21/><U69/><E69/><V72/><F72/><W60/><G60/><T42/><D42/><U46/><E28/><V127/><F127/><W113/><G113/><T95/><D105/><U26/><E26/><V65/><F18/><W31/><G31/><T96/><D96/><U85/><E75/><V66/><F112/><W128/><G128/><T62/><D62/><U133/><E133/><V63/><F114/><W19/><G132/><T79/><REACH who="0" step="1"/><D37/><REACH who="0" ten="2,443,222,323" step="2"/><U78/><E106/><V101/><F63/><W82/><G82/><AGARI ba="1,1" hai="6,8,15,43,47,49,52,54,79,82,87,95,97,100" machi="82" ten="40,16000,3" yaku="1,1,2,1,25,2,8,1,52,1,54,1,53,1" doraHai="80" doraHaiUra="74" who="0" fromWho="3" sc="2,173,443,0,222,0,323,-163" owari="175,-22.5,443,54.3,222,2.2,160,-34.0" /></mjloggm>