<mjloggm ver="2.3"><GO type="225" lobby="0"/><UN n0="%73%6C%69%63%6B%33%31%39" n1="%E3%81%A9%E3%82%93%E3%82%88%E3%81%8F%4D%6B%2E%32" n2="%E3%83%97%E3%83%AC%E3%83%B4%E3%82%A1%E3%83%86%E3%82%A3" n3="%E8%BE%9B%E5%8F%A3%E3%82%AB%E3%83%AC%E3%83%BC%E3%83%A9%E3%82%A4%E3%82%B9" dan="16,16,16,16" rate="2110.53,2137.95,2102.39,2212.04" sx="M,M,F,M"/><TAIKYOKU oya="0"/><INIT seed="0,0,0,5,2,22" ten="250,250,250,250" oya="0" hai0="128,18,20,133,85,40,129,47,89,56,31,68,104" hai1="6,107,49,83,26,17,4,11,70,7,73,82,51" hai2="57,113,119,19,69,132,43,10,100,76,87,121,21" hai3="86,63,53,111,97,94,32,84,35,14,80,120,50"/><T92/><D68/><U9/><E70/><V127/><F121/><W109/><G120/><T75/><D104/><U25/><E107/><V61/><F69/><W81/><G63/><T105/><D105/><U96/><E96/><V72/><F113/><W33/><G14/><T77/><D133/><U29/><E29/><V24/><F132/><W1/><G1/><T13/><D56/><U90/><E73/><V67/><F127/><W71/><G71/><T30/><D77/><U103/><E103/><V52/><F100/><N who="3" m="60471" /><G81/><N who="1" m="30730" /><E90/><V54/><F72/><W122/><G80/><T74/><D75/><U38/><E38/><V110/><F110/><N who="3" m="41995" /><G122/><T60/><D60/><U101/><E101/><V79/><F87/><W59/><AGARI ba="0,0" hai="32,33,35,50,53,59,84,86" m="41995,60471" machi="59" ten="40,1500,0" yaku="14,1" doraHai="22" who="3" fromWho="3" sc="250,-7,250,-4,250,-4,250,15" /><INIT seed="1,0,0,1,5,71" ten="243,246,246,265" oya="1" hai0="108,36,21,54,106,86,124,5,126,132,94,77,75" hai1="50,125,72,15,49,39,111,78,24,120,97,98,56" hai2="103,44,63,1,16,82,112,47,52,4,73,127,110" hai3="116,9,102,129,89,79,117,95,128,131,58,18,90"/><U34/><E120/><V91/><F110/><W115/><G115/><T113/><D113/><U42/><E125/><N who="0" m="48233" /><D108/><U53/><E111/><V99/><F112/><W80/><G58/><T96/><D5/><U13/><E72/><V23/><F127/><W2/><G18/><T121/><D121/><U107/><E78/><V92/><F1/><W130/><G9/><T104/><D36/><U88/><E107/><N who="0" m="41001" /><D54/><U10/><E34/><V26/><F4/><W40/><G40/><T38/><D38/><U123/><E123/><V14/><F14/><W43/><G43/><T105/><D21/><U27/><E15/><V74/><F103/><W114/><G2/><T81/><D132/><U133/><E133/><V61/><F61/><W68/><G68/><T69/><D69/><U3/><E3/><V134/><F134/><W57/><G57/><T37/><D37/><U85/><E39/><V135/><F135/><W8/><G8/><T12/><D12/><U46/><E24/><V33/><F33/><W51/><G51/><T64/><D64/><U6/><REACH who="1" step="1"/><E27/><REACH who="1" ten="243,236,246,265" step="2"/><V93/><F73/><N who="3" m="43119" /><G114/><T32/><D32/><U11/><E11/><V41/><F74/><W83/><G131/><T20/><D20/><U101/><E101/><N who="2" m="60647" /><F41/><W19/><G102/><N who="0" m="60695" /><D105/><U17/><E17/><V7/><F7/><W65/><G19/><T119/><D75/><U29/><E29/><V118/><F26/><W76/><G129/><T22/><D22/><U45/><E45/><V55/><F47/><W30/><G130/><T60/><D119/><U109/><E109/><V48/><F118/><N who="3" m="45675" /><G128/><T31/><D31/><RYUUKYOKU ba="0,1" sc="243,15,236,15,246,-15,265,-15" hai0="60,77,81,86" hai1="6,10,13,42,46,49,50,53,56,85,88,97,98" /><INIT seed="1,1,1,0,0,124" ten="258,251,231,250" oya="1" hai0="121,28,7,90,9,3,99,91,83,63,34,6,133" hai1="72,59,18,5,26,4,51,15,77,119,79,125,106" hai2="134,24,85,50,81,65,58,55,43,14,27,38,44" hai3="41,29,80,128,95,16,54,92,71,103,76,108,47"/><U98/><E119/><V0/><F0/><W46/><G108/><T118/><D118/><U56/><E72/><V123/><F123/><W122/><G122/><T105/><D121/><U70/><E70/><V57/><F134/><W117/><G117/><T131/><D133/><U25/><E106/><V73/><F73/><W68/><G29/><T11/><D131/><U96/><E125/><V49/><F14/><W35/><G35/><T42/><D42/><U93/><E15/><V37/><F38/><W88/><G128/><T94/><D105/><U64/><E51/><V31/><F31/><W110/><G110/><T127/><D127/><U87/><E87/><V2/><F2/><W62/><G103/><T109/><D109/><U100/><E18/><V53/><REACH who="2" step="1"/><F65/><REACH who="2" ten="258,251,221,250" step="2"/><W75/><G75/><T116/><D28/><U114/><E64/><V107/><F107/><W104/><G104/><T23/><D3/><U22/><E114/><V66/><F66/><W17/><G17/><T102/><D6/><U19/><E26/><V111/><F111/><W112/><G16/><T78/><D7/><N who="1" m="2635" /><E98/><V129/><F129/><W21/><G112/><T12/><D99/><U89/><E100/><V8/><F8/><W86/><G68/><T120/><D9/><U101/><E101/><V69/><F69/><W74/><G71/><T113/><D11/><U36/><E36/><V30/><F30/><W52/><G21/><T20/><D102/><U82/><E82/><V135/><F135/><W115/><G115/><T97/><D120/><U32/><E32/><V33/><F33/><W132/><G132/><RYUUKYOKU ba="1,2" sc="258,-15,251,15,221,15,250,-15" hai1="19,22,25,56,59,77,79,89,93,96" hai2="24,27,37,43,44,49,50,53,55,57,58,81,85" /><INIT seed="1,2,2,4,5,76" ten="243,266,236,235" oya="1" hai0="56,123,21,131,4,9,107,59,58,101,13,18,54" hai1="120,121,102,2,61,133,116,78,52,69,108,98,129" hai2="127,130,40,0,89,10,85,93,79,112,96,48,110" hai3="83,30,72,11,74,132,135,126,84,41,37,105,16"/><U28/><E2/><V38/><F110/><W45/><G105/><T22/><D131/><U14/><E116/><V70/><F70/><W124/><G30/><T55/><D123/><U47/><E28/><V103/><F130/><W94/><G94/><T91/><D107/><U51/><E129/><V80/><F127/><N who="3" m="48683" /><G11/><T39/><D39/><U113/><E113/><V71/><F71/><W62/><G16/><T75/><D101/><U82/><E133/><N who="3" m="51274" /><G62/><T100/><D100/><U23/><E108/><V27/><F112/><W115/><G115/><T17/><D75/><U95/><E23/><N who="0" m="8713" /><D91/><AGARI ba="2,2" hai="37,41,45,72,74,83,84,91" m="51274,48683" machi="91" ten="30,3900,0" yaku="18,1,20,1,52,1" doraHai="76" who="3" fromWho="0" sc="243,-45,266,0,236,0,235,65" /><INIT seed="2,0,0,4,0,111" ten="198,266,236,300" oya="2" hai0="7,30,1,110,71,112,2,80,67,119,72,55,129" hai1="135,42,54,36,83,85,99,107,133,114,53,118,123" hai2="69,24,127,33,59,17,63,86,94,131,43,18,108" hai3="104,73,16,50,45,41,109,66,81,78,92,34,101"/><V134/><F131/><W84/><G34/><T23/><D110/><U29/><E118/><V37/><F108/><W38/><G109/><T76/><D129/><U98/><E123/><V31/><F127/><W14/><G66/><T26/><D119/><U11/><E29/><V61/><F134/><N who="1" m="51209" /><E11/><V105/><F105/><W132/><G132/><T60/><D7/><U51/><E36/><V32/><F32/><W9/><G104/><T22/><D112/><U44/><E114/><V20/><F69/><W124/><G124/><T25/><REACH who="0" step="1"/><D55/><REACH who="0" ten="188,266,236,300" step="2"/><N who="1" m="21003" /><E107/><V82/><F43/><W106/><G106/><T10/><D10/><U88/><AGARI ba="0,1" hai="42,44,51,83,85,88,98,99" m="21003,51209" machi="88" ten="30,2000,0" yaku="20,1,54,1" doraHai="111" who="1" fromWho="1" sc="188,-5,266,30,236,-10,300,-5" /><INIT seed="3,0,0,4,2,75" ten="183,296,226,295" oya="3" hai0="34,82,25,8,123,83,26,100,56,30,17,104,78" hai1="72,9,57,134,129,119,38,124,117,21,79,105,39" hai2="86,48,120,74,127,6,108,50,118,84,89,135,77" hai3="20,125,58,55,18,32,11,81,31,126,36,128,59"/><W85/><G128/><T7/><D123/><U2/><E105/><V116/><F120/><W45/><G11/><T52/><D104/><U5/><E129/><V109/><F6/><W28/><G36/><T33/><D100/><U101/><E101/><V112/><F112/><W107/><G107/><T131/><D131/><U110/><E110/><N who="2" m="42603" /><F48/><N who="3" m="29071" /><G32/><T16/><D33/><U132/><E57/><N who="3" m="21514" /><G125/><T76/><D83/><N who="1" m="45543" /><E21/><V51/><F51/><W88/><G126/><T1/><D25/><AGARI ba="0,0" hai="18,20,25,28,31,81,85,88" m="21514,29071" machi="25" ten="30,2900,0" yaku="8,1,54,1" doraHai="75" who="3" fromWho="0" sc="183,-29,296,0,226,0,295,29" owari="154,-34.6,296,9.6,226,-17.4,324,42.4" /></mjloggm>