<mjloggm ver="2.3"><GO type="225" lobby="0"/><UN n0="%E4%B8%AD%E5%B9%B4%E3%81%AE%E5%8D%B1%E6%A9%9F" n1="%E3%83%9E%E3%82%AB%E3%83%92%E3%82%AD" n2="%33%74%72%65%65" n3="%E3%83%B4%E3%83%A0%EF%BC%99%E3%81%A6" dan="17,16,17,16" rate="2169.31,2075.30,2233.16,2167.00" sx="M,M,F,M"/><TAIKYOKU oya="0"/><INIT seed="0,0,0,0,0,58" ten="250,250,250,250" oya="0" hai0="11,80,71,130,42,86,95,103,104,27,83,106,21" hai1="117,99,9,45,97,50,60,135,24,105,134,17,8" hai2="94,63,119,73,29,36,124,85,100,132,78,54,89" hai3="121,102,76,113,55,66,32,0,123,114,91,59,25"/><T12/><D130/><U129/><E129/><V122/><F122/><N who="3" m="46603" /><G0/><T56/><D71/><U96/><E117/><V118/><F36/><W39/><G39/><T23/><D42/><U37/><E37/><V49/><F29/><N who="3" m="19503" /><G76/><T10/><D103/><U30/><E105/><V43/><F43/><W61/><G102/><T88/><D104/><U19/><E9/><N who="0" m="3081" /><D106/><U62/><E8/><V77/><F100/><W125/><G125/><T120/><D120/><U7/><E7/><V15/><F124/><W4/><G4/><T26/><D12/><U101/><E101/><V35/><F15/><W90/><G66/><T131/><D131/><U1/><E1/><V79/><F73/><W6/><G6/><T38/><D38/><U108/><E108/><V109/><F109/><W70/><G70/><T68/><D68/><U126/><E126/><V3/><F3/><W98/><G98/><T93/><D93/><U72/><E72/><V65/><F35/><W111/><G111/><T33/><D33/><U47/><E47/><V116/><F116/><W13/><G13/><T40/><D40/><N who="1" m="24871" /><E17/><V31/><F118/><W53/><G53/><T87/><D56/><U82/><E19/><V18/><F18/><W44/><G44/><T69/><D69/><U14/><E14/><V5/><F119/><W41/><G41/><T57/><D57/><U92/><E92/><V48/><F5/><W128/><G128/><T75/><D75/><U64/><E82/><N who="0" m="31273" /><D87/><U52/><E64/><V84/><F65/><W133/><G133/><N who="1" m="50698" /><E52/><V110/><F132/><W2/><G2/><T107/><D107/><RYUUKYOKU ba="0,0" sc="250,10,250,10,250,-30,250,10" hai0="21,23,26,27,86,88,95" hai1="24,30,60,62,96,97,99" hai3="55,59,61,90,91,113,114" /><INIT seed="0,1,0,1,1,60" ten="260,260,220,260" oya="0" hai0="127,101,134,13,3,112,35,7,12,135,130,113,0" hai1="37,64,25,47,90,4,74,1,132,73,54,67,41" hai2="85,78,107,46,103,120,116,82,92,16,93,6,42" hai3="95,106,49,29,30,70,110,108,38,100,20,99,89"/><T56/><D101/><U39/><E39/><V81/><F120/><W14/><G38/><T115/><D56/><U129/><E129/><V123/><F123/><W31/><G70/><T102/><D102/><U87/><E132/><N who="0" m="50729" /><D7/><U77/><E54/><V45/><F103/><W131/><G131/><T97/><D97/><U61/><E25/><V98/><F6/><W88/><G49/><T72/><D72/><U27/><E27/><V84/><F98/><W133/><G133/><T57/><D57/><U43/><E43/><V33/><F42/><W111/><G106/><T53/><D53/><U109/><E109/><V122/><F107/><W26/><REACH who="3" step="1"/><G14/><REACH who="3" ten="260,260,220,250" step="2"/><N who="0" m="5739" /><D130/><U121/><E121/><V104/><F122/><W114/><G114/><T21/><D35/><U71/><E71/><V62/><F104/><W17/><AGARI ba="1,1" hai="17,20,26,29,30,31,88,89,95,99,100,108,110,111" machi="17" ten="40,8000,1" yaku="1,1,0,1,14,1,54,1,53,0" doraHai="60" doraHaiUra="75" who="3" fromWho="3" sc="260,-41,260,-21,220,-21,250,93" /><INIT seed="1,0,0,2,5,70" ten="219,239,199,343" oya="1" hai0="115,5,85,18,125,15,46,113,90,106,36,21,128" hai1="91,10,33,109,65,95,56,14,20,92,133,50,111" hai2="49,62,68,78,79,59,45,1,38,64,89,66,57" hai3="40,42,86,12,116,123,81,48,124,102,28,0,121"/><U55/><E33/><V47/><F1/><W129/><G0/><T43/><D125/><U87/><E133/><V114/><F89/><W107/><G124/><T104/><D128/><U11/><E65/><N who="2" m="41015" /><F79/><W108/><G129/><T130/><D130/><U13/><E95/><V126/><F78/><W53/><G108/><N who="1" m="41546" /><E14/><V54/><F114/><W7/><G12/><T41/><D41/><U73/><E73/><V67/><F126/><W117/><G40/><AGARI ba="0,0" hai="38,40,45,47,49,54,57,59,64,66,67" m="41015" machi="40" ten="30,12000,2" yaku="35,5,52,1" doraHai="70" who="2" fromWho="3" sc="219,0,239,0,199,120,343,-120" /><INIT seed="2,0,0,3,3,40" ten="219,239,319,223" oya="2" hai0="1,11,48,80,89,13,0,109,83,45,14,60,72" hai1="34,134,5,123,79,18,54,44,92,23,114,96,130" hai2="99,69,120,94,41,106,66,3,12,10,100,31,82" hai3="68,116,135,90,56,49,61,8,59,75,104,73,9"/><V46/><F120/><W16/><G104/><T111/><D60/><U20/><E34/><V85/><F3/><N who="0" m="1098" /><D72/><U57/><E114/><V93/><F31/><W21/><G116/><T36/><D36/><U67/><E130/><V108/><F108/><N who="0" m="41546" /><D89/><U63/><E134/><V88/><F66/><W33/><G135/><T53/><D14/><U119/><E119/><V4/><F69/><W42/><G73/><T133/><D133/><U91/><E123/><V127/><F127/><W124/><G75/><T38/><D38/><AGARI ba="0,0" hai="4,10,12,38,41,46,82,85,88,93,94,99,100,106" machi="38" ten="30,5800,0" yaku="7,1,52,1,54,1" doraHai="40" who="2" fromWho="0" sc="219,-58,239,0,319,58,223,0" /><INIT seed="2,1,0,1,5,80" ten="161,239,377,223" oya="2" hai0="25,89,92,43,55,95,118,41,64,26,45,30,33" hai1="54,24,122,98,93,131,128,72,27,19,31,112,20" hai2="105,71,49,57,60,103,1,35,5,56,99,50,62" hai3="85,23,91,6,67,90,29,22,114,48,126,65,111"/><V132/><F132/><W135/><G111/><T130/><D130/><N who="1" m="49707" /><E112/><V18/><F71/><W123/><G123/><T61/><D118/><U16/><E72/><V104/><F35/><W40/><G135/><T37/><D26/><U73/><E73/><V82/><F18/><W119/><G119/><T88/><D43/><U106/><E106/><V76/><F104/><W28/><G126/><T77/><D77/><U66/><E66/><N who="3" m="25098" /><G6/><T32/><D55/><U38/><E38/><V34/><F34/><W113/><G90/><T68/><D32/><N who="1" m="20583" /><E54/><V44/><F5/><W87/><G91/><T69/><D69/><U10/><E122/><V124/><F124/><W51/><G28/><T110/><D110/><U12/><E93/><V100/><F1/><W46/><G48/><T108/><D108/><U21/><E98/><V39/><F99/><W14/><G14/><T42/><D42/><U63/><E63/><V8/><F62/><W2/><G2/><T53/><D53/><U17/><E17/><V70/><F60/><W15/><G15/><T47/><D47/><U115/><E115/><N who="3" m="44042" /><G29/><T81/><REACH who="0" step="1"/><D89/><REACH who="0" ten="151,239,377,223" step="2"/><U52/><E52/><V86/><F76/><W83/><G83/><T4/><D4/><U7/><E7/><V129/><F82/><W79/><G79/><T9/><D9/><AGARI ba="1,1" hai="9,10,12,16,19,20,21,27" m="20583,49707" machi="9" ten="30,7700,0" yaku="19,1,34,2,54,1" doraHai="80" who="1" fromWho="0" sc="151,-80,239,90,377,0,223,0" /><INIT seed="3,0,0,5,1,14" ten="71,329,377,223" oya="3" hai0="108,92,58,5,93,81,67,29,94,90,124,63,66" hai1="91,2,85,132,69,89,54,77,74,56,68,105,20" hai2="27,46,117,112,4,96,83,104,101,123,109,33,8" hai3="113,121,128,43,114,87,41,42,73,100,18,53,40"/><W126/><G121/><T130/><D130/><U119/><BYE who="0" /><E2/><V3/><F112/><W30/><G73/><T107/><D107/><U125/><E105/><V103/><F117/><W1/><G128/><T76/><D76/><U28/><E119/><V47/><F103/><W120/><G120/><T88/><D88/><U134/><E125/><V17/><F123/><W7/><G126/><T97/><D97/><U38/><E38/><V22/><F109/><W133/><G133/><N who="1" m="51306" /><E74/><V80/><F33/><W21/><N who="3" m="10240" /><DORA hai="49" /><W98/><G30/><T131/><D131/><U34/><E77/><UN n0="%E4%B8%AD%E5%B9%B4%E3%81%AE%E5%8D%B1%E6%A9%9F" /><V37/><REACH who="2" step="1"/><F37/><REACH who="2" ten="71,329,367,223" step="2"/><W10/><G87/><T72/><D93/><U51/><E34/><V115/><F115/><W55/><G113/><T59/><D59/><U39/><E39/><V127/><F127/><W36/><G36/><T35/><D58/><U86/><E86/><V78/><F78/><W31/><G31/><T13/><D92/><N who="1" m="54319" /><E91/><V26/><F26/><AGARI ba="0,1" hai="20,26,28,51,54,56,68,69" m="54319,51306" machi="26" ten="30,2000,0" yaku="20,1,52,1" doraHai="14,49" who="1" fromWho="2" sc="71,0,329,30,367,-20,223,0" owari="71,-42.9,359,45.9,347,14.7,223,-17.7" /></mjloggm>