<mjloggm ver="2.3"><GO type="225" lobby="0"/><UN n0="%E3%81%BF%E3%81%BF%E3%81%9A" n1="%E9%A6%AC%E4%BA%86%E9%9A%94%E5%A3%81" n2="%E3%80%93%E3%81%97%E3%83%BC%E3%82%89%E3%80%93" n3="%E5%84%AA%40%41%42%43" dan="18,18,16,17" rate="2245.30,2215.22,2137.19,2168.95" sx="M,M,M,M"/><TAIKYOKU oya="0"/><INIT seed="0,0,0,3,5,32" ten="250,250,250,250" oya="0" hai0="1,97,14,34,87,118,95,15,70,41,91,73,71" hai1="79,12,46,135,120,16,6,4,18,122,27,100,90" hai2="48,127,74,128,38,56,35,33,50,98,88,104,63" hai3="39,62,84,83,113,96,105,109,82,44,0,8,89"/><T51/><D1/><U25/><E100/><V66/><F38/><W72/><G113/><T9/><D118/><U75/><E90/><V42/><F74/><W54/><G109/><T43/><D73/><U99/><E99/><V53/><F127/><W123/><G123/><T2/><D34/><U121/><E46/><V31/><F128/><W17/><G105/><T47/><D41/><U10/><E79/><V124/><F124/><W21/><G96/><T45/><D47/><U102/><E102/><V61/><F104/><W130/><G62/><T111/><D111/><U115/><E75/><V110/><F110/><W80/><G72/><T26/><D26/><N who="1" m="9739" /><E115/><V78/><F78/><W22/><G22/><T133/><D133/><U114/><E114/><V40/><F31/><W117/><G117/><T129/><D129/><U131/><E131/><V23/><F23/><W93/><G130/><T64/><D97/><U55/><E55/><V20/><F20/><W126/><G126/><T3/><D15/><N who="1" m="7287" /><E135/><V81/><F35/><W116/><G116/><T94/><D95/><U106/><E106/><V132/><F33/><W112/><G112/><T77/><D77/><U29/><E29/><V101/><F132/><W108/><G108/><T5/><REACH who="0" step="1"/><D71/><REACH who="0" ten="240,250,250,250" step="2"/><U68/><E68/><N who="2" m="42063" /><F40/><W36/><G93/><T11/><D11/><AGARI ba="0,1" hai="4,6,11,12,18,120,121,122" m="7287,9739" machi="11" ten="30,3900,0" yaku="34,2,54,1" doraHai="32" who="1" fromWho="0" sc="240,-39,250,49,250,0,250,0" /><INIT seed="1,0,0,3,1,93" ten="201,299,250,250" oya="1" hai0="42,58,31,78,8,11,132,77,0,128,125,97,116" hai1="25,133,5,92,123,17,89,71,103,4,115,65,72" hai2="36,74,62,23,96,22,45,43,38,105,110,66,79" hai3="9,49,59,119,104,84,81,10,1,120,131,122,34"/><U91/><E115/><V130/><F130/><W29/><G131/><T48/><D128/><U3/><E123/><V28/><F110/><W127/><G127/><T61/><D116/><U37/><E37/><V6/><F38/><W53/><G119/><T100/><D125/><U83/><E133/><V85/><F74/><W70/><G70/><T44/><D132/><U111/><E3/><V80/><F28/><W69/><G69/><T21/><D0/><U30/><E17/><V98/><F6/><W64/><G64/><N who="0" m="38967" /><D78/><U52/><E65/><V7/><F7/><W60/><G1/><T76/><D77/><U101/><E71/><V88/><F105/><W95/><G104/><T12/><D76/><U113/><E113/><V107/><F79/><W63/><G81/><T112/><D112/><U106/><E111/><V67/><F67/><W99/><G84/><T15/><D15/><U121/><E121/><V108/><F108/><W41/><G34/><T39/><D39/><U114/><E114/><V24/><F107/><W46/><G29/><T55/><D42/><U118/><E118/><V32/><F32/><W117/><G117/><T20/><D20/><N who="2" m="7722" /><F24/><W134/><G63/><T57/><D57/><U50/><E106/><V47/><F47/><W109/><G134/><T102/><D102/><N who="1" m="38923" /><E83/><V35/><F35/><W73/><G109/><T19/><D31/><U68/><E68/><V14/><F14/><W86/><G73/><T40/><D40/><U51/><E72/><V18/><F18/><W2/><G2/><T13/><D12/><U124/><E30/><V126/><F126/><RYUUKYOKU ba="0,0" sc="201,15,299,-15,250,15,250,-15" hai0="8,11,13,19,21,44,48,55,97,100" hai2="36,43,45,62,66,80,85,88,96,98" /><INIT seed="2,1,0,0,5,30" ten="216,284,265,235" oya="2" hai0="45,31,74,94,105,80,77,63,120,127,69,27,48" hai1="104,109,32,71,36,5,115,40,57,22,96,121,25" hai2="122,43,99,73,95,21,24,2,89,39,10,112,133" hai3="35,28,86,59,34,78,102,118,87,29,13,134,90"/><V92/><F73/><W68/><G68/><T101/><D120/><U75/><E115/><V17/><F122/><W58/><G102/><T61/><D127/><U130/><E121/><V91/><F112/><W85/><G78/><T42/><D69/><U135/><E75/><V93/><F133/><W9/><G118/><T107/><D94/><U72/><E72/><V125/><F125/><W128/><G90/><T4/><D4/><U129/><E71/><V123/><F123/><W49/><G49/><T41/><D41/><U52/><E5/><V116/><F116/><W110/><G13/><T82/><D82/><U126/><E126/><V103/><F2/><W60/><G9/><T53/><D101/><N who="1" m="62503" /><E32/><N who="3" m="12330" /><G60/><T37/><D107/><U46/><E25/><V19/><F91/><W23/><G23/><T33/><REACH who="0" step="1"/><D105/><REACH who="0" ten="206,284,265,235" step="2"/><U14/><E40/><V97/><F43/><W81/><G81/><T131/><D131/><U84/><E130/><V8/><F93/><W132/><G128/><T62/><D62/><U12/><E129/><V6/><F95/><W100/><G100/><T88/><D88/><U55/><E36/><V67/><F39/><W38/><G38/><T108/><D108/><U44/><E109/><V83/><F103/><W106/><G110/><T20/><D20/><U66/><E22/><V65/><F83/><W50/><G106/><T51/><D51/><U70/><E70/><V54/><F92/><W119/><G119/><T3/><D3/><U117/><E117/><V16/><F89/><W113/><G113/><T64/><D64/><U26/><E66/><V18/><F67/><RYUUKYOKU ba="1,1" sc="206,30,284,-10,265,-10,235,-10" hai0="27,31,33,37,42,45,48,53,61,63,74,77,80" /><INIT seed="3,2,1,5,0,120" ten="236,274,255,225" oya="3" hai0="55,71,127,112,70,87,72,24,78,67,74,42,84" hai1="103,17,82,38,39,36,126,93,7,83,44,117,5" hai2="41,15,92,79,48,11,99,132,77,26,113,118,27" hai3="65,110,47,124,107,129,81,1,130,91,57,53,121"/><W89/><G121/><T43/><D24/><N who="2" m="9258" /><F113/><W33/><G33/><T100/><D78/><U133/><E17/><N who="2" m="8447" /><F132/><W69/><G1/><T85/><D67/><U60/><E133/><V8/><F8/><W28/><G28/><T46/><D46/><U30/><E30/><V0/><F0/><W14/><G107/><T101/><D55/><U19/><E19/><V123/><F118/><W96/><G69/><N who="0" m="26123" /><D127/><U45/><E126/><V2/><F2/><W50/><G124/><T13/><D13/><U25/><E25/><V6/><F6/><W59/><G14/><T10/><D10/><U9/><E9/><V49/><F123/><W135/><G135/><T34/><D34/><U119/><E39/><V63/><F63/><N who="3" m="38127" /><G81/><T73/><D112/><U66/><E66/><V61/><F61/><N who="3" m="36079" /><G96/><T18/><D18/><U122/><E60/><V35/><F35/><W62/><G62/><T90/><D90/><U12/><E12/><V104/><F104/><W37/><G37/><T51/><D51/><N who="2" m="19530" /><F41/><AGARI ba="2,1" hai="41,42,43,72,73,74,84,85,87,100,101" m="26123" machi="41" ten="40,2600,0" yaku="28,2" doraHai="120" who="0" fromWho="2" sc="236,42,274,0,255,-32,225,0" /><INIT seed="4,0,0,0,4,13" ten="278,274,223,225" oya="0" hai0="64,36,71,90,68,46,11,132,129,14,85,5,103" hai1="30,9,91,117,81,1,83,126,79,121,19,78,109" hai2="21,40,37,110,41,123,53,97,125,72,77,2,88" hai3="31,66,116,92,106,99,95,112,8,111,60,25,39"/><T120/><D120/><U51/><E109/><V45/><F2/><W48/><G116/><T3/><D103/><U26/><E117/><V93/><F123/><W67/><G39/><T84/><D132/><U44/><E121/><V104/><F110/><W20/><G111/><T42/><D129/><U16/><E126/><V59/><F125/><W115/><G106/><T23/><D64/><U87/><E1/><V94/><F104/><W96/><G48/><T76/><D85/><N who="1" m="48311" /><E9/><V73/><F77/><W58/><G66/><T74/><D14/><U131/><E131/><V29/><F41/><W82/><G82/><N who="0" m="45335" /><D23/><N who="1" m="15711" /><E79/><V107/><F107/><W10/><G112/><T4/><D4/><U56/><E56/><V114/><F114/><W17/><G115/><T32/><D32/><U101/><E101/><V119/><F119/><W12/><G96/><T89/><D89/><U134/><E134/><V38/><F38/><W35/><G95/><AGARI ba="0,0" hai="3,5,11,36,42,46,68,71,84,90,95" m="45335" machi="95" ten="30,1500,0" yaku="25,1" doraHai="13" who="0" fromWho="3" sc="278,15,274,0,223,0,225,-15" /><INIT seed="4,1,0,2,5,76" ten="293,274,223,210" oya="0" hai0="46,7,99,82,70,40,131,55,59,83,102,47,43" hai1="110,109,77,19,135,66,21,101,117,10,90,74,22" hai2="33,31,53,72,89,98,68,37,28,106,85,88,113" hai3="93,118,35,134,44,48,52,26,20,51,75,115,125"/><T1/><D70/><U64/><E117/><V15/><F72/><W23/><G118/><T95/><D131/><U69/><E101/><V133/><F37/><W126/><G115/><T92/><D7/><U36/><E36/><V38/><F38/><W130/><G130/><T121/><D1/><U127/><E90/><V50/><F68/><W67/><G134/><T0/><D0/><U17/><E69/><V94/><F133/><W8/><G67/><T107/><D107/><U16/><E10/><V30/><F113/><W18/><G35/><T24/><D24/><U12/><E135/><V32/><F15/><N who="3" m="7527" /><G75/><T128/><D92/><U104/><E104/><V49/><F106/><W114/><G114/><T13/><D121/><U84/><E74/><V27/><F33/><W71/><G71/><T132/><D13/><U111/><E127/><N who="3" m="48650" /><G93/><T119/><D119/><U63/><E12/><V56/><REACH who="2" step="1"/><F50/><REACH who="2" ten="293,274,213,210" step="2"/><N who="3" m="28743" /><G23/><T9/><D132/><U14/><E14/><V61/><F61/><W86/><G86/><T97/><D128/><U124/><E124/><V105/><F105/><W25/><G26/><T129/><D129/><U4/><E63/><V91/><F91/><W81/><G51/><N who="0" m="31231" /><D9/><U73/><E73/><V78/><F78/><W41/><G48/><N who="0" m="26695" /><D97/><U34/><E34/><V29/><F29/><N who="3" m="17575" /><G41/><T87/><D87/><U65/><E4/><V96/><F96/><W120/><G120/><T116/><D116/><U108/><E108/><V39/><F39/><W79/><G79/><T60/><D60/><U11/><E11/><V54/><F54/><W80/><AGARI ba="1,1" hai="80,81" m="17575,28743,48650,7527" machi="80" ten="30,7900,0" yaku="18,1,52,2,54,1" doraHai="76" who="3" fromWho="3" sc="293,-40,274,-21,213,-21,210,92" owari="253,5.3,253,-14.7,192,-30.8,302,40.2" /></mjloggm>