<mjloggm ver="2.3"><GO type="225" lobby="0"/><UN n0="%E3%81%B5%E3%81%98%E3%81%8B%E3%81%A4" n1="%E3%81%99%E3%81%84%E3%81%BE%E3%81%9B%E3%83%BC%E3%82%93" n2="%72%69%6F%75%63%68%61%6E" n3="%E3%81%BF%E3%81%BF%E3%81%9A" dan="16,17,16,17" rate="2209.98,2237.13,2111.80,2258.67" sx="M,M,M,M"/><TAIKYOKU oya="0"/><INIT seed="0,0,0,5,5,128" ten="250,250,250,250" oya="0" hai0="7,120,88,51,99,84,102,124,131,49,100,126,132" hai1="48,0,91,52,79,89,82,18,129,2,39,31,29" hai2="81,80,73,94,34,60,72,57,55,118,17,3,8" hai3="106,16,53,65,27,77,121,86,90,28,40,107,5"/><T41/><D120/><U130/><E39/><V68/><F34/><W44/><G121/><T117/><D117/><U12/><E31/><V127/><F127/><N who="0" m="48682" /><D131/><N who="1" m="50187" /><E29/><V110/><F110/><W10/><G65/><T112/><D112/><U42/><E42/><V123/><F123/><W109/><G109/><T101/><D7/><U46/><E0/><V113/><F113/><W104/><G53/><T67/><D67/><U111/><E2/><V23/><F118/><W116/><G116/><T56/><D41/><U36/><E36/><V20/><F68/><W115/><G115/><T97/><D132/><U95/><E95/><V103/><F3/><W64/><G64/><T108/><D108/><U13/><E13/><N who="2" m="7335" /><F72/><W98/><G106/><T35/><D35/><U63/><E63/><V93/><F73/><W96/><G107/><T32/><D32/><U125/><E111/><V11/><F93/><W47/><G104/><T30/><D30/><U66/><E66/><V62/><F60/><W76/><G28/><T85/><D56/><U83/><E125/><V114/><F114/><W38/><G44/><T25/><D25/><U61/><E61/><V26/><F26/><W54/><G5/><T24/><D24/><U33/><E33/><V92/><F92/><N who="3" m="54359" /><G54/><T59/><D59/><U9/><E83/><N who="2" m="31819" /><F11/><W135/><G10/><T78/><D78/><N who="3" m="30313" /><G135/><T50/><D88/><U22/><E9/><V4/><F4/><W37/><G38/><T75/><D75/><AGARI ba="0,0" hai="12,18,22,46,48,52,75,79,82,89,91" m="50187" machi="75" ten="30,2000,0" yaku="19,1,54,1" doraHai="128" who="1" fromWho="0" sc="250,-20,250,20,250,0,250,0" /><INIT seed="1,0,0,4,0,52" ten="230,270,250,250" oya="1" hai0="128,93,107,4,114,47,94,71,8,135,30,88,44" hai1="45,39,77,21,64,14,20,87,32,78,110,100,42" hai2="81,120,40,113,112,108,12,24,83,72,123,74,85" hai3="125,36,46,122,37,53,51,55,76,101,48,90,91"/><U25/><E100/><V106/><F40/><W31/><G122/><N who="2" m="46633" /><F12/><W131/><G125/><T121/><D114/><N who="2" m="44138" /><F24/><W134/><G131/><T43/><D121/><U70/><E32/><V132/><F106/><W59/><G134/><T54/><D107/><U115/><E115/><V27/><F27/><W75/><G101/><T111/><D71/><U16/><E110/><V61/><F132/><W118/><G31/><T15/><D111/><U102/><E102/><V86/><F108/><W34/><G34/><T105/><D128/><U58/><E70/><V2/><F2/><W84/><G118/><T5/><D105/><U99/><E21/><V67/><F61/><W62/><G75/><N who="2" m="28713" /><F67/><W119/><G119/><T80/><D135/><U18/><E64/><V117/><F117/><W109/><G109/><T50/><D30/><U66/><E25/><V13/><F13/><W49/><G36/><T68/><D68/><U63/><E18/><V17/><F17/><W35/><G37/><T23/><D23/><U82/><E99/><V104/><F104/><W116/><G116/><T22/><D22/><U124/><E124/><V19/><F19/><W69/><G35/><T60/><D60/><U89/><AGARI ba="0,0" hai="14,16,20,39,42,45,58,63,66,77,78,82,87,89" machi="89" ten="20,7800,0" yaku="0,1,7,1,52,1,54,1" doraHai="52" who="1" fromWho="1" sc="230,-26,270,78,250,-26,250,-26" /><INIT seed="1,1,0,2,4,133" ten="204,348,224,224" oya="1" hai0="43,81,96,25,104,22,17,99,110,68,71,9,111" hai1="27,92,121,78,38,95,35,125,54,58,7,57,103" hai2="23,124,10,77,122,33,44,62,39,60,132,69,114" hai3="109,4,93,2,97,85,55,37,84,94,98,41,26"/><U117/><E117/><V3/><F122/><W20/><G37/><T66/><D43/><U13/><E38/><V24/><F132/><W79/><G41/><T49/><D49/><U107/><E107/><V112/><F124/><W135/><G135/><T11/><D81/><U131/><E78/><V50/><F33/><W100/><G109/><N who="0" m="41483" /><D104/><U87/><E87/><V115/><F39/><W120/><G120/><T21/><D66/><U46/><E95/><V72/><F69/><N who="0" m="26698" /><D22/><U88/><E92/><V74/><F77/><W134/><G134/><T70/><N who="0" m="26706" /><T14/><DORA hai="31" /><D11/><U8/><E8/><V73/><F10/><W90/><G2/><T105/><D105/><U29/><E46/><V48/><F3/><W51/><G79/><T108/><N who="0" m="41491" /><T83/><DORA hai="123" /><D83/><U129/><E58/><V127/><F127/><W65/><G65/><T12/><D12/><U30/><E125/><V16/><F48/><W64/><G64/><T61/><D61/><U32/><E57/><V86/><F86/><W80/><G80/><T59/><D59/><U28/><E121/><V5/><F5/><AGARI ba="1,0" hai="5,9,14,17,21,25,96,99" m="26706,41491" machi="5" ten="60,8000,1" yaku="14,1,52,4" doraHai="133,31,123" who="0" fromWho="2" sc="204,83,348,0,224,-83,224,0" /><INIT seed="2,0,0,2,0,101" ten="287,348,141,224" oya="2" hai0="27,111,15,88,57,48,74,53,69,75,131,64,133" hai1="62,132,134,114,41,120,2,110,130,85,128,124,108" hai2="67,83,70,51,6,3,40,21,94,30,38,127,43" hai3="18,117,26,106,73,104,46,82,116,126,23,68,89"/><V39/><F127/><W37/><G68/><T47/><D133/><N who="1" m="51307" /><E2/><V118/><F118/><W28/><G126/><T19/><D131/><N who="1" m="50219" /><E124/><V13/><F3/><W125/><G125/><T4/><D111/><N who="1" m="42539" /><E114/><V49/><F38/><W91/><G37/><T66/><D69/><U135/><E135/><V60/><F39/><W113/><G116/><T80/><D27/><U71/><E85/><V123/><F123/><W20/><G117/><T122/><D122/><U105/><E105/><V31/><F83/><W5/><G82/><T54/><D4/><U32/><E32/><V14/><F94/><W99/><G5/><T17/><D75/><U7/><E7/><V92/><F92/><W98/><G113/><T56/><D74/><U59/><E71/><V95/><F95/><W8/><G73/><T33/><D33/><U10/><E10/><V34/><F34/><W115/><G115/><T121/><D121/><U129/><E129/><V119/><F119/><W52/><G8/><N who="0" m="6375" /><D80/><U77/><E77/><V44/><F6/><W93/><G106/><T0/><D0/><U16/><E16/><V22/><F22/><N who="3" m="15447" /><G18/><T1/><D19/><U72/><E72/><V86/><F86/><W55/><G104/><T63/><D1/><U29/><E29/><N who="2" m="10763" /><F21/><W76/><G76/><T103/><D103/><U90/><E90/><N who="3" m="34314" /><G93/><T97/><D88/><U36/><E120/><V25/><F25/><W100/><G100/><T107/><D107/><U112/><E112/><V102/><F102/><W42/><G20/><T58/><D97/><N who="3" m="36873" /><G23/><T84/><D84/><U87/><E87/><V12/><F12/><RYUUKYOKU ba="0,0" sc="287,10,348,-30,141,10,224,10" hai0="47,48,53,54,56,57,58,63,64,66" hai2="13,14,40,43,44,49,51,60,67,70" hai3="42,46,52,55" /><INIT seed="2,1,0,5,0,135" ten="297,318,151,234" oya="2" hai0="97,110,90,21,118,42,48,65,32,28,128,129,103" hai1="121,106,83,131,73,55,109,91,133,69,80,127,39" hai2="53,85,115,13,86,8,94,29,50,1,68,14,96" hai3="3,46,33,36,87,11,63,52,51,66,105,58,88"/><V60/><F115/><W40/><G105/><T30/><D65/><U101/><RYUUKYOKU type="yao9" ba="1,0" sc="297,0,318,0,151,0,234,0" hai1="39,55,69,73,80,83,91,101,106,109,121,127,131,133" /><INIT seed="2,2,0,1,2,100" ten="297,318,151,234" oya="2" hai0="1,30,4,63,38,42,110,13,12,58,81,125,72" hai1="94,11,27,3,112,6,98,51,36,0,31,55,71" hai2="61,52,84,56,23,24,65,32,97,95,135,41,9" hai3="43,50,117,18,116,88,93,14,111,131,64,104,47"/><V45/><F135/><W33/><G33/><T57/><D30/><U34/><E36/><V22/><F84/><W79/><G111/><T122/><D110/><U77/><E71/><V35/><F9/><W132/><G132/><T2/><D125/><U21/><E77/><V128/><F128/><W99/><G131/><T134/><D58/><U80/><E80/><V5/><F5/><W91/><G79/><N who="0" m="44263" /><D1/><U126/><E126/><V130/><F130/><W82/><G104/><T124/><D122/><U39/><E39/><V105/><F105/><W44/><G64/><T10/><D124/><U74/><E74/><V113/><F113/><W69/><G69/><T87/><D87/><U83/><E83/><V103/><F22/><W15/><G15/><T102/><D102/><U96/><E112/><V26/><F26/><W19/><G19/><T108/><D108/><U46/><E0/><V120/><F120/><W114/><G114/><T68/><D68/><U25/><E94/><V8/><F8/><W28/><G28/><AGARI ba="2,0" hai="3,6,11,21,25,27,28,31,34,46,51,55,96,98" machi="28" ten="30,1000,0" yaku="7,1" doraHai="100" who="1" fromWho="3" sc="297,0,318,16,151,0,234,-16" /><INIT seed="3,0,0,5,2,38" ten="297,334,151,218" oya="3" hai0="92,4,131,75,48,102,123,46,79,49,39,114,3" hai1="17,0,74,44,85,16,32,54,35,80,37,118,89" hai2="91,50,27,115,67,132,18,104,52,13,29,26,82" hai3="87,24,129,61,53,122,19,134,60,34,5,1,109"/><W2/><G122/><T78/><D123/><U63/><E0/><V57/><F115/><W83/><G129/><T108/><D108/><U76/><E118/><V99/><F132/><W15/><G134/><T66/><D66/><U31/><E37/><V126/><F126/><W69/><G109/><T8/><D131/><U25/><E35/><V100/><F67/><W94/><G94/><T56/><D114/><U42/><E63/><V116/><F116/><W21/><G69/><T7/><D7/><U86/><E54/><V33/><F26/><W84/><G84/><T111/><D111/><U113/><E86/><V127/><F127/><W120/><G120/><T59/><D39/><U22/><E32/><V117/><F117/><W106/><G106/><T23/><D23/><U133/><E113/><V47/><F82/><W124/><G124/><T130/><D75/><U62/><E62/><V96/><F96/><W93/><G93/><T68/><D68/><U72/><E72/><V90/><REACH who="2" step="1"/><F57/><REACH who="2" ten="297,334,141,218" step="2"/><W58/><G34/><T135/><D130/><U110/><E110/><V12/><F12/><W112/><G112/><T11/><D135/><U103/><E133/><V95/><F95/><W88/><G1/><T10/><D92/><U77/><E80/><V71/><F71/><W45/><G2/><T28/><D3/><U97/><E97/><V128/><F128/><W20/><G58/><T65/><D59/><U36/><E25/><V9/><AGARI ba="0,1" hai="9,13,18,27,29,33,47,50,52,90,91,99,100,104" machi="9" ten="20,5200,0" yaku="1,1,0,1,7,1,54,1,53,0" doraHai="38" doraHaiUra="70" who="2" fromWho="2" sc="297,-13,334,-13,141,62,218,-26" owari="284,8.4,321,42.1,203,-19.7,192,-30.8" /></mjloggm>