<mjloggm ver="2.3"><GO type="225" lobby="0"/><UN n0="%E4%BF%BA%E3%81%A8%E5%A6%96%E5%A4%A2" n1="%E3%81%AF%E3%82%88%E3%81%8A%E3%81%98%E3%81%95%E3%82%93" n2="%72%65%6E%6B%75%6E" n3="%E3%81%A9%E3%82%93%E3%82%88%E3%81%8F%4D%6B%2E%32" dan="16,17,17,16" rate="2127.40,2184.91,2256.63,2158.72" sx="F,M,M,M"/><TAIKYOKU oya="0"/><INIT seed="0,0,0,4,3,36" ten="250,250,250,250" oya="0" hai0="35,102,5,29,75,91,45,105,116,113,23,62,65" hai1="101,135,107,2,64,42,31,24,34,89,20,10,44" hai2="88,14,53,60,71,51,40,117,58,118,130,16,125" hai3="50,46,134,81,41,47,133,83,112,119,59,99,95"/><T94/><D113/><U26/><E135/><N who="3" m="51722" /><G119/><N who="2" m="45577" /><F130/><W33/><G33/><T90/><D75/><U76/><E76/><V74/><F74/><W109/><G109/><T97/><D116/><U48/><E64/><N who="2" m="41351" /><F125/><W6/><G112/><T115/><D115/><U122/><E122/><V52/><F88/><N who="3" m="55783" /><G6/><T127/><D127/><U114/><E114/><V110/><F110/><W32/><G32/><T57/><D35/><U84/><E107/><V93/><F93/><W22/><G59/><T13/><D45/><U66/><E66/><V55/><F40/><N who="3" m="24903" /><G22/><AGARI ba="0,0" hai="14,16,22,51,52,53,55,58" m="41351,45577" machi="22" ten="30,3900,0" yaku="12,1,54,2" doraHai="36" who="2" fromWho="3" sc="250,0,250,0,250,39,250,-39" /><INIT seed="1,0,0,5,2,16" ten="250,250,289,211" oya="1" hai0="95,87,86,62,113,61,21,41,81,54,28,124,128" hai1="56,36,66,45,83,26,7,79,88,52,58,93,24" hai2="75,96,39,130,111,119,123,99,22,101,1,42,100" hai3="63,72,2,12,55,25,120,13,107,37,68,94,135"/><U15/><E36/><V91/><F1/><W67/><G120/><T131/><D113/><U50/><E7/><V29/><F123/><W104/><G2/><T77/><D124/><U105/><E105/><V110/><F75/><W6/><G72/><T0/><D0/><U23/><E15/><V35/><F35/><W10/><G37/><T114/><D41/><U122/><E122/><V98/><F119/><W102/><G135/><T92/><D114/><U48/><E26/><N who="2" m="16599" /><F130/><N who="0" m="49706" /><D54/><U3/><E3/><V60/><F60/><N who="0" m="23146" /><D86/><N who="1" m="48511" /><E50/><V11/><F11/><W74/><G74/><T134/><D134/><U47/><E56/><V17/><F17/><W64/><G64/><T126/><D126/><U51/><E48/><V73/><F73/><W133/><G133/><T40/><D40/><U9/><E9/><V112/><F112/><W108/><G108/><N who="2" m="41513" /><F91/><W20/><G13/><T85/><D85/><N who="1" m="52367" /><E66/><V4/><F4/><W49/><G102/><T117/><D117/><U53/><E53/><V43/><F43/><W5/><G5/><T127/><D127/><U57/><E57/><V59/><F59/><W115/><G115/><T90/><D90/><U118/><E118/><V65/><F65/><W71/><G71/><T19/><D28/><AGARI ba="0,0" hai="23,24,28,45,47,51,52,58" m="52367,48511" machi="28" ten="30,11600,0" yaku="8,1,52,1,54,2" doraHai="16" who="1" fromWho="0" sc="250,-116,250,116,289,0,211,0" /><INIT seed="1,1,0,0,1,1" ten="134,366,289,211" oya="1" hai0="121,111,60,42,117,12,31,110,118,82,132,63,115" hai1="86,52,98,122,100,83,94,5,85,0,73,107,74" hai2="51,46,3,126,38,113,6,22,17,131,129,135,25" hai3="90,106,81,9,37,61,105,45,128,102,97,26,112"/><U79/><E122/><V78/><F38/><W119/><G112/><T101/><D115/><U125/><E125/><V24/><F113/><W134/><G134/><T54/><D132/><U49/><E85/><V71/><F71/><W89/><G128/><N who="2" m="49225" /><F135/><W53/><G119/><T33/><D121/><U77/><E79/><V87/><F126/><W43/><G106/><T34/><D42/><U56/><REACH who="1" step="1"/><E107/><REACH who="1" ten="134,356,289,211" step="2"/><V67/><F87/><W84/><G84/><T57/><D118/><U27/><E27/><N who="2" m="14799" /><F78/><W80/><G26/><T116/><D117/><U104/><E104/><V32/><F32/><W69/><G105/><T93/><D116/><U59/><E59/><V30/><F30/><W91/><G69/><T133/><D33/><U10/><AGARI ba="1,1" hai="0,5,10,49,52,56,73,74,77,83,86,94,98,100" machi="10" ten="30,11700,0" yaku="1,1,0,1,52,1,54,1,53,0" doraHai="1" doraHaiUra="29" who="1" fromWho="1" sc="134,-40,356,130,289,-40,211,-40" /><INIT seed="1,2,0,3,4,102" ten="94,486,249,171" oya="1" hai0="35,90,109,81,18,46,39,63,130,50,52,82,16" hai1="1,26,8,28,89,13,43,0,119,125,107,73,7" hai2="11,118,27,88,14,76,17,48,97,68,4,114,64" hai3="113,45,128,6,129,99,20,31,126,65,132,131,47"/><U59/><E119/><V100/><F118/><W24/><G113/><T134/><D109/><U33/><E73/><V123/><F123/><W108/><G108/><T101/><D130/><U69/><E69/><V53/><F114/><W49/><G126/><T105/><D134/><U5/><E125/><V135/><F135/><W92/><G132/><T2/><D2/><U110/><E110/><V96/><F76/><W122/><G122/><T70/><D35/><U61/><E43/><V10/><F27/><W37/><G65/><T115/><D115/><U67/><E107/><V116/><F116/><W86/><G86/><T84/><D39/><U85/><REACH who="1" step="1"/><E5/><REACH who="1" ten="94,476,249,171" step="2"/><V80/><F68/><W103/><G6/><T77/><D70/><U23/><E23/><V25/><F4/><W95/><G37/><T94/><D63/><U42/><E42/><V44/><F10/><W62/><G62/><T41/><D41/><U127/><E127/><V55/><F64/><W112/><G112/><T21/><D21/><U91/><E91/><V15/><F55/><W32/><G20/><T57/><D57/><U29/><E29/><V121/><F121/><W83/><G47/><T3/><D77/><U19/><E19/><V38/><F17/><W12/><G45/><T98/><D16/><U71/><E71/><V60/><F44/><W104/><G49/><T124/><D18/><U36/><E36/><V87/><F38/><W66/><G66/><T58/><D124/><U93/><AGARI ba="2,1" hai="0,1,7,8,13,26,28,33,59,61,67,85,89,93" machi="93" ten="20,7800,0" yaku="1,1,0,1,7,1,53,1" doraHai="102" doraHaiUra="54" who="1" fromWho="1" sc="94,-28,476,94,249,-28,171,-28" /><INIT seed="1,3,0,3,3,67" ten="66,570,221,143" oya="1" hai0="101,97,55,12,108,92,41,21,124,83,68,57,24" hai1="115,121,93,116,49,96,99,91,70,53,25,4,54" hai2="71,2,81,77,20,111,130,134,106,117,15,120,8" hai3="76,78,73,110,28,90,69,11,65,61,26,113,29"/><U46/><E115/><V105/><F117/><W47/><G113/><T72/><D108/><U100/><E116/><V122/><F111/><W10/><G110/><T95/><D124/><U13/><E121/><V118/><F118/><W82/><G76/><T42/><D12/><U109/><E109/><V85/><F134/><W63/><G90/><T23/><D23/><U74/><E74/><V44/><F130/><W40/><G61/><T58/><D58/><U114/><E114/><V125/><F71/><W75/><G75/><T43/><D68/><U51/><E70/><V48/><F2/><W52/><G29/><T60/><D72/><U32/><E32/><V3/><F3/><W7/><G7/><T50/><D83/><U14/><E25/><V126/><F106/><W131/><G131/><T0/><D0/><U59/><REACH who="1" step="1"/><E4/><REACH who="1" ten="66,560,221,143" step="2"/><N who="2" m="3463" /><F122/><W135/><G135/><T30/><REACH who="0" step="1"/><D92/><AGARI ba="3,1" hai="13,14,46,49,51,53,54,59,91,92,93,96,99,100" machi="92" ten="30,5800,0" yaku="1,1,7,1,8,1,53,0" doraHai="67" doraHaiUra="27" who="1" fromWho="0" sc="66,-67,560,77,221,0,143,0" owari="-1,-50.1,637,73.7,221,2.1,143,-25.7" /></mjloggm>