<mjloggm ver="2.3"><GO type="225" lobby="0"/><UN n0="%E5%80%89%E6%A9%8B%EF%BC%A0%E4%BA%8B%E5%8B%99" n1="%E3%83%B4%E3%83%A0%EF%BC%99%E3%81%A6" n2="%E5%A0%80%E5%B7%9D%E9%9B%B7%E9%BC%93" n3="%6D%75%75%6D%75%72%61" dan="16,17,16,17" rate="2128.98,2241.08,2095.64,2180.69" sx="M,M,F,F"/><TAIKYOKU oya="0"/><INIT seed="0,0,0,0,2,88" ten="250,250,250,250" oya="0" hai0="126,23,72,113,17,59,112,54,41,102,127,40,30" hai1="42,86,76,48,96,75,79,20,12,66,43,55,49" hai2="0,107,106,129,80,97,87,14,98,25,34,124,94" hai3="47,125,52,93,95,36,101,111,108,28,73,18,134"/><T33/><D72/><U57/><E75/><V63/><F0/><W78/><G125/><N who="0" m="47627" /><D102/><U60/><E96/><V77/><F124/><W38/><G134/><T135/><D30/><U67/><E67/><V58/><F129/><W103/><G28/><T114/><D33/><U83/><E76/><V65/><F98/><W45/><G73/><T131/><D23/><U3/><E3/><V2/><F2/><W51/><G78/><T81/><D81/><U89/><E79/><V105/><F14/><W64/><G64/><T99/><D99/><U82/><E82/><V56/><F25/><W70/><G70/><T50/><D17/><U24/><E12/><V39/><F39/><W11/><G18/><T53/><D131/><U19/><REACH who="1" step="1"/><E48/><REACH who="1" ten="250,240,250,250" step="2"/><V13/><F13/><W26/><G51/><N who="0" m="31167" /><D135/><U44/><AGARI ba="0,1" hai="19,20,24,42,43,44,49,55,57,60,66,83,86,89" machi="44" ten="20,5200,0" yaku="1,1,0,1,7,1,8,1,53,0" doraHai="88" doraHaiUra="68" who="1" fromWho="1" sc="250,-26,240,62,250,-13,250,-13" /><INIT seed="1,0,0,1,1,76" ten="224,302,237,237" oya="1" hai0="3,119,118,70,41,78,25,91,77,134,79,54,36" hai1="28,84,13,57,48,117,60,135,131,107,69,116,40" hai2="44,102,63,133,123,112,20,80,55,35,113,4,27" hai3="56,127,42,122,15,14,21,73,51,38,12,65,11"/><U100/><E69/><V92/><F123/><W39/><G122/><T94/><D70/><U26/><E135/><V97/><F133/><W8/><G127/><T30/><D134/><U98/><E131/><V17/><F35/><W34/><G34/><T85/><D3/><U82/><E13/><V96/><F4/><W81/><G21/><T66/><D66/><U99/><E99/><V109/><F109/><W72/><G65/><T23/><REACH who="0" step="1"/><D54/><REACH who="0" ten="214,302,237,237" step="2"/><U86/><E117/><V128/><F128/><W120/><G120/><T105/><D105/><U31/><E116/><V90/><F113/><W62/><G8/><T101/><D101/><U22/><E100/><V19/><F112/><W114/><G11/><T132/><D132/><U9/><E9/><V18/><F44/><AGARI ba="0,1" hai="23,25,30,36,41,44,77,78,79,85,91,94,118,119" machi="44" ten="40,1300,0" yaku="1,1,53,0" doraHai="76" doraHaiUra="1" who="0" fromWho="2" sc="214,23,302,0,237,-13,237,0" /><INIT seed="2,0,0,5,4,84" ten="237,302,224,237" oya="2" hai0="14,63,109,97,116,88,108,26,73,5,92,123,99" hai1="91,90,21,113,7,37,115,42,53,64,70,134,56" hai2="129,61,6,0,114,33,51,112,54,95,50,15,23" hai3="28,57,71,59,125,101,43,39,46,29,130,81,49"/><V128/><F95/><W24/><G71/><T96/><D123/><U132/><E7/><V30/><F61/><W34/><G125/><T86/><D73/><U52/><E70/><V25/><F51/><W16/><G130/><N who="2" m="50281" /><F54/><W44/><G101/><T78/><D116/><U3/><E3/><V9/><F50/><W111/><G111/><N who="0" m="42571" /><D26/><U72/><E72/><V38/><F38/><W126/><G126/><T8/><D63/><U100/><E100/><V60/><F60/><W119/><G29/><T22/><D22/><U121/><E121/><V85/><F85/><W82/><G119/><T79/><AGARI ba="0,0" hai="5,8,14,78,79,86,88,92,96,97,99" m="42571" machi="79" ten="40,5200,0" yaku="14,1,52,1,54,1" doraHai="84" who="0" fromWho="0" sc="237,52,302,-13,224,-26,237,-13" /><INIT seed="3,0,0,1,5,122" ten="289,289,198,224" oya="3" hai0="83,110,77,73,45,116,76,12,53,106,70,127,11" hai1="7,67,52,81,43,57,28,41,126,35,93,26,78" hai2="121,96,49,9,75,95,85,6,132,69,0,105,61" hai3="72,135,84,37,103,71,125,54,33,32,98,114,80"/><W62/><G114/><T15/><D116/><U38/><E38/><V123/><F75/><W79/><G125/><T22/><D70/><U111/><E111/><V109/><F132/><W133/><G37/><T94/><D106/><U60/><E126/><V97/><F49/><W74/><G74/><T82/><D110/><U100/><E7/><V47/><F109/><W90/><G32/><T68/><D68/><U36/><E36/><V89/><F47/><W91/><G33/><T104/><D104/><U63/><E93/><V92/><F105/><N who="3" m="63735" /><G54/><T42/><D53/><U5/><E5/><V58/><F69/><W113/><G113/><T10/><D127/><U65/><E100/><V40/><F40/><W128/><G128/><T48/><D94/><U2/><E2/><V87/><F96/><W4/><G4/><N who="0" m="3143" /><D73/><U129/><E129/><V86/><REACH who="2" step="1"/><F95/><REACH who="2" ten="289,289,188,224" step="2"/><N who="3" m="54727" /><G135/><T1/><D48/><U31/><E41/><V64/><AGARI ba="0,1" hai="0,6,9,58,61,64,85,86,87,89,92,97,121,123" machi="64" ten="30,4000,0" yaku="1,1,0,1,53,1" doraHai="122" doraHaiUra="3" who="2" fromWho="2" sc="289,-10,289,-10,188,50,224,-20" /><INIT seed="4,0,0,3,2,77" ten="279,279,238,204" oya="0" hai0="85,13,76,37,50,109,110,112,115,118,17,108,29" hai1="89,46,26,30,79,126,53,19,116,93,22,106,97" hai2="51,66,64,25,8,114,27,47,15,119,133,68,113" hai3="41,132,59,33,123,3,42,94,60,35,12,69,55"/><T120/><D37/><U28/><E116/><V5/><F133/><W101/><G3/><T96/><D118/><U18/><E126/><V7/><F7/><W4/><G132/><T117/><D117/><U11/><E106/><V16/><F119/><W135/><G135/><T84/><D120/><U72/><E72/><V102/><F102/><W23/><G123/><T95/><D29/><U88/><E79/><V40/><F68/><W90/><G69/><T38/><D38/><U71/><E71/><V92/><F92/><W100/><G33/><T98/><D50/><N who="1" m="28887" /><E89/><V21/><REACH who="2" step="1"/><F27/><REACH who="2" ten="279,279,228,204" step="2"/><W91/><G100/><T104/><D104/><U105/><E105/><V57/><F57/><W86/><G101/><T45/><D45/><U58/><E58/><V49/><F49/><W81/><G35/><T78/><D95/><U48/><E48/><V75/><F75/><W87/><REACH who="3" step="1"/><G4/><REACH who="3" ten="279,279,228,194" step="2"/><T34/><D34/><U36/><E36/><V134/><F134/><W107/><G107/><T2/><D2/><U122/><E122/><V80/><F80/><W130/><G130/><T70/><D70/><U24/><E24/><V127/><F127/><W32/><G32/><T52/><D110/><U74/><E74/><V31/><F31/><W129/><G129/><T62/><D109/><U20/><E30/><V73/><F73/><W99/><G99/><T9/><D108/><U10/><E28/><V0/><F0/><W56/><G56/><N who="0" m="35079" /><D98/><U65/><E97/><V131/><F131/><W61/><G61/><T54/><D96/><U1/><E93/><V14/><F14/><W128/><G128/><RYUUKYOKU ba="0,2" sc="279,-15,279,-15,228,15,194,15" hai2="5,8,15,16,21,25,40,47,51,64,66,113,114" hai3="12,23,41,42,55,59,60,81,86,87,90,91,94" /><INIT seed="5,1,2,5,2,1" ten="264,264,243,209" oya="1" hai0="85,16,13,109,3,67,40,131,78,27,130,64,63" hai1="80,48,19,8,28,15,17,120,31,47,54,112,94" hai2="44,129,55,104,110,71,38,86,97,121,5,62,24" hai3="52,95,29,100,128,96,36,77,122,133,87,23,98"/><U90/><E120/><V102/><F110/><W106/><G122/><T6/><D109/><U93/><E112/><V12/><F121/><W127/><G36/><T83/><D40/><U61/><E61/><V70/><F129/><N who="0" m="49162" /><D27/><U22/><E80/><V7/><F70/><W49/><G128/><T69/><D67/><U82/><E82/><V132/><F132/><W43/><G133/><T34/><D34/><U53/><E53/><V84/><F24/><W39/><G127/><T103/><D103/><U99/><E93/><N who="2" m="58671" /><F38/><W76/><G39/><T135/><D135/><U46/><E46/><V123/><F71/><W125/><G125/><T119/><D119/><U0/><E0/><V115/><F104/><W113/><G113/><T56/><D3/><U14/><AGARI ba="1,2" hai="8,14,15,17,19,22,28,31,47,48,54,90,94,99" machi="14" ten="20,3900,0" yaku="0,1,7,1,8,1" doraHai="1" who="1" fromWho="1" sc="264,-14,264,62,243,-14,209,-14" owari="250,5.0,326,42.6,229,-17.1,195,-30.5" /></mjloggm>