<mjloggm ver="2.3"><GO type="225" lobby="0"/><UN n0="%E3%80%93%E3%81%97%E3%83%BC%E3%82%89%E3%80%93" n1="%43%6F%66%66%65%65" n2="%E6%A0%B9%E5%85%83%E3%81%8B%E3%82%89%E5%90%B9%E3%81%A3%E9%A3%9B%E3%81%B6" n3="%33%74%72%65%65" dan="16,16,17,16" rate="2156.52,2092.15,2149.07,2107.58" sx="M,F,F,F"/><TAIKYOKU oya="0"/><INIT seed="0,0,0,3,4,55" ten="250,250,250,250" oya="0" hai0="94,90,30,115,6,130,16,8,70,82,17,45,2" hai1="69,46,65,92,5,47,133,97,4,122,132,124,64" hai2="103,34,35,56,13,63,11,109,24,91,71,29,9" hai3="28,15,25,116,0,74,85,61,83,99,67,101,102"/><T125/><D70/><U87/><E122/><V59/><F109/><W89/><G0/><T31/><D115/><U78/><E124/><V38/><F38/><W108/><G116/><T3/><D125/><U54/><E87/><V50/><F35/><W128/><G108/><T129/><D82/><U105/><E78/><V53/><F103/><W57/><G128/><N who="0" m="49259" /><D45/><U36/><E105/><V40/><F40/><W23/><G74/><T27/><D2/><U39/><E69/><V135/><F135/><W48/><G99/><N who="0" m="57815" /><D31/><U76/><E76/><V43/><F43/><W86/><G86/><T32/><AGARI ba="0,0" hai="3,6,8,16,17,27,30,32" m="57815,49259" machi="32" ten="30,3000,0" yaku="19,1,54,1" doraHai="55" who="0" fromWho="0" sc="250,30,250,-10,250,-10,250,-10" /><INIT seed="0,1,0,0,0,20" ten="280,240,240,240" oya="0" hai0="68,60,73,85,17,35,65,89,119,54,123,33,114" hai1="130,101,117,74,111,75,58,37,31,127,76,125,70" hai2="91,36,122,14,71,43,120,109,116,18,11,15,61" hai3="44,13,98,5,34,55,51,108,63,87,104,102,57"/><T99/><D73/><U21/><E70/><V48/><F109/><W28/><G108/><T47/><D114/><U88/><E111/><V16/><F116/><W103/><G103/><T32/><D119/><U8/><E117/><V6/><F36/><W1/><G1/><T59/><D123/><U110/><E110/><V83/><F71/><W49/><G87/><T93/><D47/><U24/><E37/><V77/><F61/><W121/><G121/><T128/><D128/><U84/><E130/><V92/><F120/><W66/><G49/><T118/><D118/><U41/><E41/><V126/><F126/><N who="1" m="48137" /><E76/><V56/><F15/><W25/><G13/><T97/><REACH who="0" step="1"/><D17/><REACH who="0" ten="270,240,240,240" step="2"/><U29/><E75/><V39/><F16/><W4/><AGARI ba="1,1" hai="4,5,25,28,34,44,51,55,57,63,66,98,102,104" machi="4" ten="30,2000,0" yaku="0,1,52,1" doraHai="20" who="3" fromWho="3" sc="270,-11,240,-6,240,-6,240,33" /><INIT seed="1,0,0,0,4,135" ten="259,234,234,273" oya="1" hai0="89,51,85,61,88,53,1,12,57,11,128,48,83" hai1="27,90,19,118,9,20,42,49,98,22,94,26,16" hai2="8,62,87,45,84,79,119,110,113,54,13,46,58" hai3="93,106,97,64,31,35,109,104,34,133,78,120,129"/><U73/><E118/><V81/><F119/><W70/><G120/><T56/><D128/><U4/><E73/><V125/><F110/><W23/><G109/><T77/><D1/><U7/><E9/><V72/><F113/><W17/><G133/><T63/><D51/><U39/><E39/><V134/><F134/><W114/><G114/><T21/><D21/><U103/><E103/><V68/><F68/><W115/><G129/><T65/><REACH who="0" step="1"/><D63/><REACH who="0" ten="249,234,234,273" step="2"/><U6/><E49/><V86/><REACH who="2" step="1"/><F125/><REACH who="2" ten="249,234,224,273" step="2"/><W29/><G115/><T96/><D96/><U130/><E130/><V105/><F105/><W100/><G104/><T25/><D25/><U38/><E38/><V82/><F82/><W112/><G106/><T10/><D10/><U44/><E42/><V15/><F15/><W36/><G36/><T74/><D74/><U32/><E32/><V111/><F111/><W50/><G112/><T91/><D91/><U60/><E60/><V122/><F122/><W116/><G34/><T124/><D124/><U132/><E132/><V3/><F3/><W126/><G35/><T59/><D59/><U5/><N who="1" m="1024" /><DORA hai="40" /><U76/><E76/><V101/><F101/><W80/><G126/><T75/><D75/><U108/><E108/><V71/><F71/><W14/><G116/><T107/><D107/><U131/><E131/><V24/><F24/><W67/><G70/><T47/><D47/><AGARI ba="0,2" hai="16,19,20,22,26,27,44,47,90,94,98" m="1024" machi="47" ten="50,12000,1" yaku="9,1,8,1,52,2,54,1" doraHai="135,40" who="1" fromWho="0" sc="249,-120,234,140,224,0,273,0" /><INIT seed="1,1,0,4,3,53" ten="129,374,224,273" oya="1" hai0="99,118,57,15,29,60,43,17,129,34,96,135,86" hai1="70,77,38,114,46,59,26,104,19,125,120,18,52" hai2="23,82,126,95,65,44,106,110,101,16,66,3,117" hai3="30,122,109,48,123,119,84,103,105,41,11,0,115"/><U4/><E114/><V1/><F117/><W42/><G115/><T88/><D118/><U111/><E120/><V83/><F110/><W49/><G109/><T134/><D129/><U6/><E104/><V61/><F106/><W54/><G119/><T107/><D43/><U116/><E116/><V113/><F126/><W31/><G105/><T50/><D29/><U131/><E70/><V98/><F113/><W32/><G103/><T62/><D34/><U108/><E131/><V22/><F44/><W81/><G122/><T20/><D60/><U100/><E100/><V74/><F23/><W39/><G39/><T47/><D47/><U9/><E125/><V58/><F65/><W72/><G72/><T130/><D130/><U13/><E77/><V91/><F74/><W10/><G32/><T68/><D68/><U28/><E6/><V69/><F69/><W92/><G92/><N who="0" m="54295" /><D107/><U5/><E5/><V93/><F1/><W7/><G7/><T102/><D102/><U64/><E108/><V128/><F3/><W24/><G0/><T127/><D127/><U79/><E79/><V37/><F37/><W133/><G123/><T67/><D50/><N who="1" m="28759" /><E38/><V97/><REACH who="2" step="1"/><F128/><REACH who="2" ten="129,374,214,273" step="2"/><W14/><G133/><AGARI ba="1,1" hai="15,17,20,57,62,67,96,99,133,134,135" m="54295" machi="133" ten="30,3900,0" yaku="20,1,52,1,54,1" doraHai="53" who="0" fromWho="3" sc="129,52,374,0,214,0,273,-42" /><INIT seed="2,0,0,2,4,106" ten="181,374,214,231" oya="2" hai0="26,107,58,101,89,82,56,86,23,29,43,36,67" hai1="10,19,84,49,133,45,3,128,52,66,50,73,15" hai2="27,39,11,135,83,97,41,120,12,25,108,65,4" hai3="122,61,78,47,81,94,42,100,71,21,76,129,40"/><V18/><F120/><W95/><G122/><T20/><D36/><U22/><E73/><V53/><F135/><W111/><G111/><T125/><D43/><U131/><E133/><V116/><F116/><W64/><G129/><N who="1" m="49738" /><E66/><V55/><F108/><W91/><G76/><T44/><D44/><N who="1" m="27719" /><E84/><V37/><F65/><W31/><G42/><T87/><D125/><U69/><E69/><V114/><F114/><W79/><G40/><T46/><D46/><U38/><E38/><V32/><F53/><W48/><G47/><T13/><D67/><U85/><E85/><V109/><F55/><W92/><G48/><T124/><D124/><U117/><E117/><V63/><F109/><W35/><G100/><T17/><REACH who="0" step="1"/><D87/><REACH who="0" ten="171,374,214,231" step="2"/><U77/><E45/><V134/><F41/><W126/><G126/><T7/><D7/><N who="1" m="1407" /><E49/><V34/><F39/><W110/><G110/><T72/><D72/><U62/><E62/><V93/><F63/><W98/><G61/><T74/><D74/><U70/><E70/><V0/><F37/><W113/><G71/><T24/><D24/><U59/><E59/><V75/><F134/><W33/><G64/><T115/><D115/><U123/><E123/><V28/><F27/><W119/><G113/><T99/><AGARI ba="0,1" hai="13,17,20,23,26,29,56,58,82,86,89,99,101,107" machi="99" ten="30,2000,0" yaku="1,1,0,1,53,0" doraHai="106" doraHaiUra="90" who="0" fromWho="0" sc="171,30,374,-5,214,-10,231,-5" /><INIT seed="3,0,0,3,0,57" ten="201,369,204,226" oya="3" hai0="55,15,90,51,118,124,23,101,22,93,122,91,28" hai1="82,26,50,1,10,70,69,94,37,29,53,46,33" hai2="116,130,18,16,132,134,4,135,107,106,114,81,112" hai3="58,64,17,35,66,20,49,97,121,92,48,13,59"/><W7/><G121/><T63/><D122/><U72/><E37/><V42/><F130/><W125/><G125/><T67/><D124/><U117/><E117/><V39/><F116/><W31/><G7/><T19/><D118/><U127/><E127/><V56/><F4/><W133/><G133/><T109/><D109/><U98/><E10/><V110/><F110/><W0/><G0/><T30/><D101/><U27/><E1/><V40/><F81/><W96/><G35/><T75/><D75/><U38/><E27/><V123/><F56/><N who="3" m="21547" /><G31/><N who="0" m="11819" /><D63/><U11/><E11/><V83/><F83/><W128/><G128/><T79/><D67/><N who="3" m="25641" /><G97/><N who="0" m="57527" /><D91/><AGARI ba="0,0" hai="13,17,20,48,49,91,92,96" m="25641,21547" machi="91" ten="30,1500,0" yaku="8,1" doraHai="57" who="3" fromWho="0" sc="201,-15,369,0,204,0,226,15" /><INIT seed="3,1,0,3,5,74" ten="186,369,204,241" oya="3" hai0="52,126,20,47,14,30,21,111,33,81,37,4,25" hai1="38,104,95,72,10,120,112,46,36,103,31,108,118" hai2="42,48,123,101,133,64,1,56,57,50,100,32,119" hai3="70,89,7,13,45,41,84,2,122,105,16,132,0"/><W34/><G122/><T86/><D111/><U53/><E104/><V61/><F1/><W121/><G121/><T9/><D126/><U129/><E112/><V54/><F32/><W43/><G132/><T66/><D66/><U26/><E120/><V117/><F133/><W77/><G105/><T135/><D135/><U23/><E72/><V134/><F134/><W93/><G34/><T96/><D96/><U91/><E103/><V78/><F123/><W40/><G70/><T58/><D37/><U97/><E129/><V107/><F78/><W5/><G45/><T114/><D47/><U67/><E108/><V6/><F6/><N who="3" m="2059" /><G2/><T49/><D114/><U15/><E67/><V68/><F101/><W60/><G60/><T87/><D87/><U27/><E118/><V128/><F128/><W90/><G90/><AGARI ba="1,0" hai="4,9,14,20,21,25,30,33,49,52,58,81,86,90" machi="90" ten="30,2000,0" yaku="7,1,54,1" doraHai="74" who="0" fromWho="3" sc="186,23,369,0,204,0,241,-23" owari="209,-19.1,369,46.9,204,-29.6,218,1.8" /></mjloggm>