<mjloggm ver="2.3"><GO type="225" lobby="0"/><UN n0="%E3%81%AF%E3%82%88%E3%81%8A%E3%81%98%E3%81%95%E3%82%93" n1="%E3%81%86%E3%81%A3%E3%81%97%E3%83%BC%30%30" n2="%4C%4F%4C%49%54%41" n3="%77%72%77%72%77%72%77%72" dan="16,16,16,16" rate="2160.51,2130.20,2194.61,2113.27" sx="M,M,F,M"/><TAIKYOKU oya="0"/><INIT seed="0,0,0,2,5,29" ten="250,250,250,250" oya="0" hai0="112,27,103,13,95,28,49,23,51,26,128,38,105" hai1="73,1,84,66,98,119,99,32,9,52,102,8,42" hai2="58,86,54,75,80,81,115,76,30,85,61,83,69" hai3="20,77,48,79,104,15,88,55,0,123,65,46,36"/><T106/><D112/><U92/><E73/><V10/><F115/><W120/><G0/><T37/><D128/><U6/><E119/><V22/><F69/><W12/><G104/><T5/><D37/><U108/><E108/><V33/><F33/><W101/><G101/><T41/><D38/><U43/><E66/><V125/><F125/><W82/><G65/><T19/><D106/><U93/><E84/><N who="2" m="32363" /><F75/><W94/><G36/><T96/><D105/><U16/><E32/><V113/><F113/><W118/><G118/><T39/><D39/><U130/><E130/><V57/><F76/><N who="3" m="29259" /><G82/><T60/><D60/><U74/><E74/><V97/><F10/><W71/><G71/><T132/><D132/><U100/><REACH who="1" step="1"/><E52/><REACH who="1" ten="250,240,250,250" step="2"/><V21/><F97/><N who="3" m="57543" /><G20/><N who="0" m="15431" /><D41/><U2/><E2/><V116/><F116/><W134/><G134/><T25/><D23/><U44/><E44/><V35/><F35/><W18/><G123/><T122/><D122/><U133/><E133/><V135/><F135/><W31/><G120/><T87/><D87/><U3/><E3/><V56/><F21/><N who="3" m="11463" /><G31/><T110/><D110/><U70/><E70/><V63/><F54/><W109/><G109/><T62/><D62/><U72/><E72/><V121/><F121/><W50/><G50/><T40/><D40/><U59/><E59/><V126/><F126/><W89/><G15/><AGARI ba="0,1" hai="1,6,8,9,15,16,42,43,92,93,98,99,100,102" machi="15" ten="40,8000,1" yaku="1,1,9,1,54,1,53,2" doraHai="29" doraHaiUra="7" who="1" fromWho="3" sc="250,0,240,90,250,0,250,-80" /><INIT seed="1,0,0,2,3,109" ten="250,330,250,170" oya="1" hai0="33,131,76,51,85,10,59,35,121,86,134,56,11" hai1="9,116,23,40,119,90,99,47,8,55,58,20,3" hai2="54,73,103,126,57,19,63,93,17,124,135,45,5" hai3="22,50,77,16,133,2,12,128,14,100,91,66,96"/><U83/><E3/><V52/><F73/><W13/><G2/><T1/><D1/><U87/><E99/><N who="2" m="59887" /><F135/><W112/><G133/><T44/><D134/><U15/><E9/><V120/><F120/><W115/><G128/><T89/><D131/><U107/><E107/><V98/><F5/><W118/><G118/><T70/><D70/><U49/><E119/><V79/><F79/><W110/><G110/><T0/><D0/><U92/><E92/><V101/><F54/><W21/><G77/><T78/><D51/><U84/><E84/><V106/><F45/><W24/><G91/><T94/><D44/><U132/><E116/><V111/><F111/><W129/><G129/><T64/><D94/><U36/><REACH who="1" step="1"/><E132/><REACH who="1" ten="250,320,250,170" step="2"/><V4/><F4/><AGARI ba="0,1" hai="4,8,15,20,23,36,40,47,49,55,58,83,87,90" machi="4" ten="30,5800,0" yaku="1,1,2,1,7,1,53,0" doraHai="109" doraHaiUra="34" who="1" fromWho="2" sc="250,0,320,68,250,-58,170,0" /><INIT seed="1,1,0,2,3,90" ten="250,388,192,170" oya="1" hai0="89,43,134,126,75,41,111,18,9,58,132,47,69" hai1="32,42,95,84,23,35,3,86,87,65,101,4,30" hai2="124,73,121,112,51,102,0,135,68,120,109,57,74" hai3="133,91,1,82,108,88,76,128,36,44,93,106,29"/><U97/><E3/><V40/><F0/><W92/><G1/><T31/><D69/><U63/><E4/><V78/><F68/><W122/><G122/><T39/><D75/><U56/><E42/><V7/><F7/><W61/><G106/><T34/><D111/><U94/><REACH who="1" step="1"/><E95/><REACH who="1" ten="250,378,192,170" step="2"/><V99/><F40/><W85/><G108/><T67/><D43/><U48/><E48/><V131/><F51/><W46/><G36/><T20/><D41/><U70/><E70/><V38/><F38/><W28/><G128/><T105/><D39/><U10/><E10/><V25/><F131/><W98/><G133/><T19/><D9/><U110/><E110/><V55/><F135/><W96/><G61/><T66/><D134/><U77/><E77/><V2/><F78/><W129/><G129/><T130/><D132/><U118/><E118/><V33/><F2/><W125/><G125/><T119/><D126/><U81/><E81/><V52/><F124/><W72/><G72/><T100/><D119/><U16/><E16/><V60/><F109/><W62/><G62/><T21/><D18/><U103/><E103/><V5/><F74/><W27/><G28/><T117/><D31/><U24/><AGARI ba="1,1" hai="23,24,30,32,35,56,63,65,84,86,87,94,97,101" machi="24" ten="30,12000,1" yaku="1,1,0,1,25,2,52,1,53,0" doraHai="90" doraHaiUra="113" who="1" fromWho="1" sc="250,-41,378,133,192,-41,170,-41" /><INIT seed="1,2,0,0,1,69" ten="209,511,151,129" oya="1" hai0="38,112,37,84,132,0,63,119,65,116,64,70,6" hai1="58,128,12,20,85,111,54,121,104,92,122,7,109" hai2="42,134,108,18,29,73,77,130,123,81,124,4,49" hai3="87,133,82,66,117,135,72,125,22,71,100,1,13"/><U89/><E104/><V40/><F123/><W91/><G1/><T131/><D84/><U126/><E126/><V96/><F108/><N who="1" m="41545" /><E128/><V75/><F124/><W61/><G125/><T2/><D131/><U55/><E55/><V57/><F75/><W101/><G117/><T88/><D88/><U62/><E20/><V15/><F4/><W105/><G72/><T39/><D112/><U16/><E16/><V28/><F134/><N who="3" m="51211" /><G105/><T31/><D132/><U17/><E17/><AGARI ba="2,0" hai="13,17,22,61,66,71,82,87,91,100,101" m="51211" machi="17" ten="30,1000,0" yaku="20,1" doraHai="69" who="3" fromWho="1" sc="209,0,511,-16,151,0,129,16" /><INIT seed="2,0,0,3,4,72" ten="209,495,151,145" oya="2" hai0="113,88,51,134,63,112,62,58,71,54,92,116,108" hai1="110,78,115,14,123,75,44,53,46,3,66,124,23" hai2="101,87,45,73,4,121,98,133,129,28,135,118,95" hai3="117,49,125,107,20,47,109,24,55,111,13,70,42"/><V35/><F118/><W1/><G1/><T85/><D116/><U39/><E23/><V99/><F4/><W40/><G117/><T0/><D0/><U27/><E14/><V93/><F28/><W37/><G107/><T5/><D5/><U94/><E94/><V11/><F35/><W38/><G13/><T30/><D30/><U43/><E27/><V69/><F69/><W96/><G96/><T103/><D108/><N who="3" m="41545" /><G70/><T29/><D29/><U22/><E22/><V91/><F11/><W127/><G20/><T114/><D134/><N who="2" m="51210" /><F121/><W48/><G24/><T25/><D25/><U31/><E31/><V81/><F45/><N who="3" m="28047" /><G40/><T83/><D71/><U21/><E21/><V67/><F67/><W120/><G120/><T65/><D65/><U6/><E6/><V104/><F129/><W59/><G59/><T7/><D7/><U74/><E66/><V32/><F32/><W68/><G68/><T102/><D113/><U90/><E3/><V2/><F2/><W60/><G60/><N who="0" m="23083" /><D114/><U8/><E123/><V89/><F73/><W128/><G128/><T76/><D112/><U10/><E110/><V82/><AGARI ba="0,0" hai="81,82,87,89,91,93,95,98,99,101,104" m="51210" machi="82" ten="30,6000,0" yaku="20,1,34,2" doraHai="72" who="2" fromWho="2" sc="209,-20,495,-20,151,60,145,-20" /><INIT seed="2,1,0,2,5,22" ten="189,475,211,125" oya="2" hai0="35,130,127,28,72,45,103,47,64,68,104,57,100" hai1="71,132,77,15,18,48,40,123,124,74,49,32,3" hai2="78,66,98,122,135,89,108,92,73,111,119,80,29" hai3="14,27,52,116,117,128,114,94,129,42,54,99,43"/><V0/><F0/><W11/><G114/><T105/><D68/><U7/><E71/><V6/><F6/><W113/><G113/><T101/><D72/><U63/><E63/><V133/><F66/><W75/><G75/><T85/><D127/><U37/><E32/><V110/><F29/><W21/><G14/><T76/><D130/><N who="3" m="50281" /><G11/><T24/><D104/><U19/><E19/><V69/><F69/><W12/><G12/><T56/><D105/><U70/><E18/><V50/><F50/><W86/><G86/><T17/><D17/><U62/><E49/><V58/><F58/><W109/><G109/><T84/><D57/><U81/><E48/><V65/><F65/><W8/><G8/><T2/><D2/><U97/><E15/><V33/><F33/><W59/><G117/><T83/><REACH who="0" step="1"/><D85/><REACH who="0" ten="179,475,211,125" step="2"/><U34/><E124/><V30/><F119/><W118/><G116/><T134/><D134/><N who="2" m="51210" /><F30/><N who="3" m="17775" /><G118/><T61/><AGARI ba="1,1" hai="24,28,35,45,47,56,61,64,76,83,84,100,101,103" machi="61" ten="30,4000,0" yaku="1,1,0,1,52,1,53,0" doraHai="22" doraHaiUra="51" who="0" fromWho="0" sc="179,53,475,-11,211,-21,125,-11" /><INIT seed="3,0,0,1,0,107" ten="232,464,190,114" oya="3" hai0="75,25,59,127,65,85,101,8,45,24,43,9,11" hai1="0,36,105,5,3,14,71,7,13,103,106,57,94" hai2="104,17,44,92,98,111,89,126,112,124,40,50,114" hai3="88,42,1,31,67,20,52,95,93,134,30,48,86"/><W113/><G1/><T23/><D75/><U81/><E71/><V2/><F111/><W83/><G113/><T79/><D127/><N who="2" m="48682" /><F2/><W26/><G134/><T58/><D101/><U27/><E27/><V41/><F104/><W10/><G67/><T119/><D119/><U132/><E81/><V56/><F40/><W78/><G42/><T68/><D68/><U62/><E57/><V115/><F17/><N who="3" m="12559" /><G10/><T29/><D25/><U77/><E14/><V122/><F56/><N who="3" m="32775" /><G95/><T35/><D35/><U117/><E94/><V6/><F6/><W4/><G4/><T37/><D65/><U66/><E66/><V15/><F15/><W51/><G51/><T54/><D54/><U130/><E7/><V90/><F122/><W100/><G100/><AGARI ba="0,0" hai="41,44,50,89,90,92,98,100,112,114,115" m="48682" machi="100" ten="40,1300,0" yaku="18,1" doraHai="107" who="2" fromWho="3" sc="232,0,464,0,190,13,114,-13" owari="232,3.2,464,56.4,203,-19.7,101,-39.9" /></mjloggm>