<mjloggm ver="2.3"><GO type="225" lobby="0"/><UN n0="%E8%81%B7%E6%A5%AD%E3%80%81%E9%A2%A8%32" n1="%E3%82%A2%E3%83%9E%E3%83%9D%EF%BD%9E%EF%BD%9E%E3%83%A9" n2="%E6%A0%B9%E5%85%83%E3%81%8B%E3%82%89%E5%90%B9%E3%81%A3%E9%A3%9B%E3%81%B6" n3="%E3%81%82%E3%83%BC%E3%81%97" dan="16,17,16,16" rate="2092.70,2172.49,2170.09,2118.62" sx="M,M,F,M"/><TAIKYOKU oya="0"/><INIT seed="0,0,0,2,1,131" ten="250,250,250,250" oya="0" hai0="67,16,113,109,13,33,49,31,76,2,110,21,27" hai1="127,7,14,17,77,22,115,35,25,47,114,128,75" hai2="112,3,37,38,46,95,73,93,87,129,86,36,103" hai3="52,101,132,92,30,5,40,41,39,107,54,55,10"/><T8/><D113/><N who="1" m="43019" /><E75/><V42/><F73/><W24/><G107/><T108/><D76/><U61/><E77/><V78/><F112/><W90/><G101/><T125/><D67/><U43/><E61/><V19/><F129/><W59/><G59/><T124/><D49/><U0/><E128/><V88/><F3/><W15/><G39/><T20/><REACH who="0" step="1"/><D2/><REACH who="0" ten="240,250,250,250" step="2"/><U81/><E0/><V74/><F38/><W133/><G41/><T123/><D123/><U51/><E127/><AGARI ba="0,1" hai="8,13,16,20,21,27,31,33,108,109,110,124,125,127" machi="127" ten="50,24000,3" yaku="1,1,14,1,10,1,18,1,34,3,54,1,53,0" doraHai="131" doraHaiUra="63" who="0" fromWho="1" sc="240,250,250,-240,250,0,250,0" /><INIT seed="0,1,0,4,3,86" ten="490,10,250,250" oya="0" hai0="130,26,27,48,122,57,55,78,107,30,31,69,81" hai1="93,46,71,127,51,98,58,14,13,91,19,105,47" hai2="1,4,37,102,89,8,22,101,49,62,3,25,17" hai3="24,117,90,50,44,64,83,59,61,99,9,21,113"/><T36/><D122/><U134/><E127/><V33/><F37/><W133/><G113/><T43/><D69/><U5/><E134/><V119/><F119/><W79/><G117/><T114/><D114/><U104/><E71/><V53/><F1/><W125/><G125/><T77/><D107/><U56/><E105/><V84/><F62/><W42/><G133/><T80/><D130/><U16/><E104/><V124/><F33/><W118/><G118/><T38/><D43/><U28/><E28/><V131/><F131/><W121/><G121/><T92/><D92/><U126/><E5/><V108/><F108/><W23/><G9/><T73/><D27/><U66/><E126/><V123/><F123/><W54/><G24/><T29/><REACH who="0" step="1"/><D26/><REACH who="0" ten="480,10,250,250" step="2"/><U116/><E116/><V88/><F25/><W76/><G42/><T65/><D65/><U52/><E66/><V63/><F124/><W7/><G64/><T35/><D35/><U129/><E129/><V45/><F53/><W109/><G54/><T97/><D97/><U95/><E95/><V128/><F128/><W15/><G99/><T0/><D0/><U67/><E67/><V18/><F3/><W41/><G41/><T120/><D120/><U82/><E82/><V87/><F101/><W6/><G83/><T11/><D11/><N who="1" m="6591" /><E56/><V94/><F94/><W20/><G59/><T111/><D111/><U75/><E75/><AGARI ba="1,1" hai="29,30,31,36,38,48,55,57,73,75,77,78,80,81" machi="75" ten="40,3900,0" yaku="1,1,9,1,53,0" doraHai="86" doraHaiUra="96" who="0" fromWho="1" sc="480,52,10,-42,250,0,250,0" owari="532,63.2,-32,-53.2,250,5.0,250,-15.0" /></mjloggm>