<mjloggm ver="2.3"><GO type="225" lobby="0"/><UN n0="%E5%A4%96%E5%B7%9D%E7%AB%9C%E6%88%90" n1="%E3%83%97%E3%83%92" n2="%65%2D%73%65%70%65%6E%3B" n3="%E3%82%82%E3%82%93%E3%81%8D%E3%82%93%E3%81%90" dan="16,16,16,16" rate="2120.49,2171.72,2149.83,2075.84" sx="M,M,M,M"/><TAIKYOKU oya="0"/><INIT seed="0,0,0,1,2,60" ten="250,250,250,250" oya="0" hai0="18,2,47,119,31,57,36,6,3,69,11,121,5" hai1="16,124,64,28,63,1,8,111,73,130,32,84,94" hai2="131,132,19,41,55,120,133,126,109,80,38,107,53" hai3="52,17,86,99,110,70,35,29,100,58,33,61,123"/><T103/><D69/><U51/><E73/><V22/><F107/><W85/><G110/><T128/><D103/><U20/><E111/><V116/><F109/><W43/><G123/><T42/><D119/><U75/><E75/><V72/><F120/><W82/><G70/><T101/><D121/><U37/><E37/><V83/><F116/><W66/><G43/><T0/><D128/><U91/><E124/><V81/><F72/><W25/><G33/><T87/><D31/><U89/><E32/><V12/><F126/><W9/><G17/><T39/><D39/><U127/><E127/><V92/><F131/><W102/><G9/><T122/><D122/><U65/><E28/><V105/><F105/><W46/><G100/><T4/><D101/><U71/><E64/><V54/><F41/><W108/><G108/><T62/><D87/><U50/><E130/><V77/><F38/><W90/><G86/><T24/><D24/><U27/><REACH who="1" step="1"/><E91/><REACH who="1" ten="250,240,250,250" step="2"/><V98/><REACH who="2" step="1"/><F77/><REACH who="2" ten="250,240,240,250" step="2"/><W30/><G35/><T95/><D36/><U74/><E74/><V112/><F112/><W115/><G115/><T93/><D0/><U10/><E10/><V135/><F135/><W134/><G134/><T113/><D2/><U88/><E88/><AGARI ba="0,2" hai="12,19,22,53,54,55,80,81,83,88,92,98,132,133" machi="88" ten="40,2600,0" yaku="1,1,54,1,53,0" doraHai="60" doraHaiUra="56" who="2" fromWho="1" sc="250,0,240,-26,240,46,250,0" /><INIT seed="1,0,0,2,5,38" ten="250,214,286,250" oya="1" hai0="89,5,99,46,43,128,82,14,8,31,121,122,32" hai1="85,76,57,69,118,10,17,19,97,26,55,35,13" hai2="117,131,52,16,0,75,79,116,60,130,1,33,37" hai3="21,109,64,129,113,28,96,95,68,134,120,11,133"/><U119/><E69/><V127/><F33/><W34/><G34/><T22/><D32/><U74/><E74/><V125/><F37/><W29/><G113/><T135/><D135/><U77/><E97/><V78/><F75/><W110/><G120/><N who="0" m="46187" /><D128/><N who="2" m="49194" /><F60/><N who="3" m="39943" /><G11/><T54/><D54/><U103/><E103/><V114/><F114/><W23/><G23/><T27/><D99/><U105/><E105/><V94/><F94/><W3/><G3/><N who="2" m="1097" /><F52/><W15/><G15/><T59/><D59/><U62/><E19/><V123/><F123/><W51/><G129/><T93/><D93/><U7/><E17/><V47/><F47/><W45/><G28/><T25/><D25/><U63/><E63/><V86/><F86/><W88/><G29/><T18/><D31/><U12/><E12/><V72/><F72/><W108/><G21/><T107/><D107/><U106/><E106/><V101/><F101/><W67/><G67/><T80/><D89/><U30/><REACH who="1" step="1"/><E85/><REACH who="1" ten="250,204,286,250" step="2"/><V40/><F16/><W49/><G134/><T42/><D18/><U61/><E61/><V24/><F24/><W73/><G73/><T9/><D27/><U71/><E71/><V65/><F65/><W104/><G104/><T70/><D70/><U115/><E115/><V111/><F116/><AGARI ba="0,1" hai="7,10,13,26,30,35,55,57,62,76,77,116,118,119" machi="116" ten="40,3900,0" yaku="1,1,53,1" doraHai="38" doraHaiUra="20" who="1" fromWho="2" sc="250,0,204,49,286,-39,250,0" /><INIT seed="1,1,0,3,4,38" ten="250,253,247,250" oya="1" hai0="26,125,90,135,51,36,5,97,117,43,24,84,2" hai1="123,30,22,52,46,7,98,71,37,21,88,16,31" hai2="27,112,129,41,6,12,111,87,44,89,59,56,85" hai3="57,99,62,108,20,0,14,17,74,130,105,32,122"/><U33/><E123/><V18/><F111/><W124/><G122/><T113/><D113/><U80/><E33/><V120/><F120/><W15/><G0/><T132/><D117/><U119/><E71/><V50/><F129/><W34/><G74/><T70/><D70/><U109/><E119/><V95/><F112/><W127/><G108/><T93/><D36/><U133/><E133/><V47/><F47/><W28/><G28/><N who="1" m="10794" /><E37/><V9/><F85/><W63/><G63/><T58/><D58/><U115/><E7/><V55/><F55/><W76/><G76/><T68/><D68/><U96/><E115/><V67/><F67/><W11/><G105/><T42/><D51/><N who="1" m="28791" /><E22/><AGARI ba="1,0" hai="6,9,12,18,22,27,41,44,50,56,59,87,89,95" machi="22" ten="40,2600,0" yaku="8,1,52,1" doraHai="38" who="2" fromWho="1" sc="250,0,253,-29,247,29,250,0" /><INIT seed="2,0,0,0,2,24" ten="250,224,276,250" oya="2" hai0="12,49,15,108,10,85,117,91,129,97,106,69,100" hai1="58,25,75,3,121,40,41,17,104,48,90,107,19" hai2="13,87,92,77,37,45,94,81,76,78,54,73,127" hai3="82,133,29,53,80,50,96,21,88,116,99,135,46"/><V111/><F37/><W20/><G116/><T84/><D117/><U28/><E121/><V134/><F13/><W14/><G133/><T126/><D69/><U39/><E75/><V124/><F45/><W43/><G135/><T70/><D70/><U44/><E3/><V98/><F54/><W65/><G65/><T34/><D108/><U47/><E58/><V105/><F134/><W130/><G130/><T66/><D66/><U2/><E2/><V112/><F112/><W101/><G101/><T95/><D129/><U118/><E118/><V72/><F111/><W67/><G67/><T110/><D110/><U9/><E90/><N who="2" m="51567" /><F105/><W128/><G128/><T123/><D123/><U22/><REACH who="1" step="1"/><E9/><REACH who="1" ten="250,214,276,250" step="2"/><V36/><F72/><W11/><G11/><T16/><D91/><U1/><E1/><V62/><F73/><W122/><G122/><T6/><D10/><U61/><E61/><V32/><F62/><W64/><G64/><T131/><D131/><U109/><E109/><V31/><F76/><W74/><G74/><T27/><D100/><U0/><E0/><V125/><F77/><W52/><G88/><T18/><D126/><U103/><E103/><V120/><F78/><W33/><G82/><T59/><D59/><U83/><E83/><V114/><F120/><W89/><G80/><T35/><D106/><AGARI ba="0,1" hai="17,19,22,25,28,39,40,41,44,47,48,104,106,107" machi="106" ten="40,2600,0" yaku="1,1,52,1,53,0" doraHai="24" doraHaiUra="63" who="1" fromWho="0" sc="250,-26,214,36,276,0,250,0" /><INIT seed="3,0,0,2,4,16" ten="224,250,276,250" oya="3" hai0="69,99,114,103,63,92,33,42,72,44,90,78,102" hai1="9,115,24,107,87,38,50,17,101,3,71,47,54" hai2="13,56,66,132,14,120,46,73,34,118,51,40,37" hai3="61,35,126,112,55,65,29,96,88,7,125,83,0"/><W135/><G112/><T53/><D33/><U1/><E115/><V121/><F73/><W130/><G55/><T6/><D114/><U43/><E71/><V59/><F118/><W74/><G29/><T10/><D69/><U82/><E107/><V110/><F34/><W98/><G35/><T31/><D31/><U105/><E101/><V30/><F30/><W11/><G130/><T133/><D133/><U79/><E105/><V75/><F75/><W52/><G135/><T27/><D27/><U15/><REACH who="1" step="1"/><E24/><REACH who="1" ten="224,240,276,250" step="2"/><V95/><F132/><W89/><G125/><T109/><D109/><U28/><E28/><V68/><F110/><W94/><G126/><T60/><D103/><U12/><E12/><V36/><F13/><W20/><G0/><T127/><D102/><U124/><E124/><V93/><F14/><N who="3" m="5503" /><G74/><T77/><D127/><U122/><E122/><V104/><F104/><W100/><G100/><T48/><D72/><U76/><E76/><V18/><F120/><W58/><G89/><T129/><D129/><U116/><E116/><V106/><F106/><W25/><G83/><T67/><D78/><U70/><E70/><V49/><F121/><W41/><G88/><T81/><D77/><U5/><E5/><V123/><F123/><W84/><G94/><T119/><D119/><U80/><E80/><V128/><F128/><W57/><G25/><T22/><D81/><U45/><AGARI ba="0,1" hai="1,3,9,15,17,38,43,45,47,50,54,79,82,87" machi="45" ten="20,2700,0" yaku="1,1,0,1,7,1,53,0" doraHai="16" doraHaiUra="64" who="1" fromWho="1" sc="224,-7,240,37,276,-7,250,-13" /><INIT seed="4,0,0,5,5,51" ten="217,277,269,237" oya="0" hai0="38,24,121,57,26,50,68,119,73,10,72,37,70" hai1="54,71,116,131,86,122,124,125,103,25,55,64,112" hai2="81,58,8,117,49,36,46,21,34,104,65,97,16" hai3="76,85,3,107,126,69,75,115,9,74,45,18,44"/><T40/><D119/><U127/><E116/><V120/><F34/><W2/><G69/><N who="0" m="26731" /><D10/><U134/><E122/><V108/><F117/><W39/><G107/><T78/><D121/><U109/><E109/><V130/><F108/><W94/><G94/><T62/><D50/><U22/><E134/><V20/><F120/><W6/><G85/><T41/><D57/><U102/><E86/><V17/><F36/><N who="0" m="13930" /><D62/><N who="1" m="40343" /><E131/><V114/><F104/><W80/><G45/><T129/><D129/><U88/><E88/><V48/><F97/><W59/><G59/><T7/><D7/><U52/><E112/><V1/><F81/><N who="3" m="45207" /><G115/><T4/><D4/><U66/><E66/><V30/><F114/><W61/><G61/><T111/><D111/><U135/><E135/><V110/><F130/><W63/><G63/><T15/><D15/><U27/><E27/><N who="0" m="10281" /><D78/><U87/><E87/><V91/><F110/><W77/><G18/><AGARI ba="0,0" hai="18,22,25,52,54,55,102,103,124,125,127" m="40343" machi="18" ten="40,8000,1" yaku="18,1,52,3,54,1" doraHai="51" who="1" fromWho="3" sc="217,0,277,80,269,0,237,-80" owari="217,-18.3,357,45.7,269,6.9,157,-34.3" /></mjloggm>