<mjloggm ver="2.3"><GO type="225" lobby="0"/><UN n0="%E3%81%8B%E3%82%8F%E3%81%A1%E3%82%83%E3%82%93%35%38" n1="%E3%82%A2%E3%83%A1%E3%82%A2%E3%83%A9%E3%83%AC" n2="%61%6D%65%6B%69" n3="%E3%83%81%E3%83%AF%E3%83%AF%E9%9A%8A%E9%95%B7" dan="16,16,16,17" rate="2139.37,2169.64,2090.54,2191.62" sx="M,M,M,M"/><TAIKYOKU oya="0"/><INIT seed="0,0,0,2,3,89" ten="250,250,250,250" oya="0" hai0="115,106,79,22,84,30,48,10,127,25,78,35,54" hai1="4,57,87,118,17,124,113,125,85,11,93,104,58" hai2="1,66,77,97,92,24,43,135,26,53,73,34,29" hai3="91,74,131,114,41,132,33,100,99,101,94,96,12"/><T20/><D115/><U40/><E104/><V119/><F119/><W130/><G33/><T70/><D106/><U109/><E109/><V28/><F135/><W63/><G41/><T88/><D70/><U64/><E118/><V0/><F66/><W76/><G12/><T42/><D127/><N who="1" m="48715" /><E113/><V60/><F43/><W19/><G19/><T122/><D122/><U83/><E40/><V65/><F53/><W107/><G63/><T5/><D35/><U44/><E44/><V16/><F77/><W117/><G117/><T123/><D123/><U75/><E17/><V111/><F73/><W56/><G56/><T38/><D38/><U134/><E75/><V32/><F16/><W2/><G2/><T68/><D68/><U7/><E7/><V52/><F111/><W112/><G132/><T55/><D22/><U61/><E87/><V13/><F13/><W59/><G59/><T133/><D133/><U90/><E134/><V103/><REACH who="2" step="1"/><F52/><REACH who="2" ten="250,250,240,250" step="2"/><N who="0" m="20010" /><D48/><U31/><E58/><AGARI ba="0,1" hai="0,1,24,26,28,29,32,34,58,60,65,92,97,103" machi="58" ten="30,7700,0" yaku="1,1,7,1,9,1,52,1,53,0" doraHai="89" doraHaiUra="72" who="2" fromWho="1" sc="250,0,250,-77,240,87,250,0" /><INIT seed="1,0,0,3,4,22" ten="250,173,327,250" oya="1" hai0="6,96,83,23,55,74,2,86,60,5,4,99,124" hai1="36,57,25,8,126,109,101,118,92,75,1,131,47" hai2="21,30,100,53,49,128,12,7,97,39,88,110,117" hai3="16,64,0,32,130,114,35,89,58,44,78,51,81"/><U61/><E118/><V84/><F39/><W72/><G114/><T79/><D124/><U85/><E131/><V87/><F110/><W95/><G0/><T26/><D2/><U46/><E126/><V73/><F73/><W70/><G70/><T77/><D74/><U76/><E109/><V41/><F41/><W59/><G130/><T111/><D111/><U104/><E36/><V123/><F123/><W52/><G16/><N who="0" m="12647" /><D77/><U42/><E42/><V20/><F117/><W102/><G102/><T116/><D116/><U27/><E104/><V33/><F33/><W17/><G17/><T15/><D15/><U67/><E75/><V19/><F7/><N who="0" m="1794" /><T14/><DORA hai="90" /><D14/><U43/><E8/><V122/><F100/><W80/><G32/><T103/><D103/><U13/><E13/><V50/><F122/><W48/><G35/><T91/><D79/><U37/><E1/><V3/><F3/><W125/><G78/><T38/><D38/><U108/><E108/><V132/><F132/><W62/><G72/><T18/><D18/><U71/><E71/><V24/><F128/><W63/><G125/><T9/><D9/><U45/><E37/><V82/><F12/><W93/><G89/><T11/><D11/><U34/><E34/><V121/><F121/><W134/><G134/><T98/><D98/><N who="1" m="59591" /><E43/><V106/><F19/><W68/><G68/><T115/><D115/><U28/><E28/><V66/><F21/><W112/><G112/><T69/><D69/><U119/><E119/><V94/><F106/><W105/><G105/><T65/><D65/><U120/><E120/><RYUUKYOKU ba="0,0" sc="250,15,173,15,327,-15,250,-15" hai0="55,60,83,86,91,96,99" hai1="25,27,45,46,47,57,61,67,76,85" /><INIT seed="1,1,0,5,4,125" ten="265,188,312,235" oya="1" hai0="121,89,90,118,50,114,103,29,126,19,26,95,10" hai1="48,91,135,109,35,78,23,52,27,44,11,75,86" hai2="80,88,16,30,134,102,106,96,68,65,8,41,72" hai3="71,97,15,120,117,2,54,104,38,112,124,14,127"/><U7/><E135/><V34/><F41/><W62/><G120/><T85/><D114/><U64/><E35/><V46/><F46/><W69/><G112/><T133/><D118/><U70/><E109/><V12/><F134/><W32/><G2/><T37/><D37/><U81/><E70/><V84/><F72/><W77/><G32/><T36/><D36/><U79/><E64/><V6/><F30/><W129/><G38/><T53/><D133/><U40/><E40/><V111/><F34/><W43/><G43/><T33/><D126/><N who="3" m="48169" /><G77/><T42/><D42/><U20/><E75/><V59/><F68/><N who="3" m="26187" /><G117/><T83/><D121/><U55/><E55/><V58/><F111/><W39/><G39/><T21/><D103/><U49/><E49/><V115/><F115/><W108/><G108/><T130/><D10/><U92/><E81/><V132/><F132/><W56/><G129/><T51/><D130/><U128/><E128/><V18/><F65/><W98/><G98/><T87/><REACH who="0" step="1"/><D53/><REACH who="0" ten="255,188,312,235" step="2"/><U119/><E119/><V66/><F66/><W61/><G54/><T0/><D0/><U82/><E82/><V131/><F131/><W101/><G101/><T123/><D123/><U63/><E63/><V76/><REACH who="2" step="1"/><F76/><REACH who="2" ten="255,188,302,235" step="2"/><W47/><G62/><T22/><D22/><U57/><E23/><V110/><F110/><W13/><G61/><T105/><D105/><U25/><E20/><V93/><F93/><W73/><G104/><T100/><D100/><U116/><E116/><V1/><F1/><W9/><G9/><T113/><D113/><U74/><E78/><V24/><F24/><AGARI ba="1,2" hai="19,21,24,26,29,33,50,51,83,85,87,89,90,95" machi="24" ten="30,3900,0" yaku="1,1,6,1,7,1,53,0" doraHai="125" doraHaiUra="107" who="0" fromWho="2" sc="255,62,188,0,302,-42,235,0" /><INIT seed="2,0,0,5,3,92" ten="317,188,260,235" oya="2" hai0="107,109,76,114,31,56,24,72,16,102,59,21,99" hai1="81,43,135,42,106,120,3,71,18,89,64,0,80" hai2="29,33,60,14,119,53,5,97,35,82,130,45,87" hai3="26,54,103,8,75,55,20,66,93,23,122,121,10"/><V98/><F119/><W22/><G75/><T9/><D114/><U77/><E135/><V37/><F130/><W100/><G66/><T15/><REACH who="0" step="1"/><D109/><REACH who="0" ten="307,188,260,235" step="2"/><U12/><E120/><V61/><F35/><W90/><G122/><T83/><AGARI ba="0,1" hai="9,15,16,21,24,31,56,59,72,76,83,99,102,107" machi="83" ten="30,8000,1" yaku="1,1,2,1,0,1,52,1,54,1,53,0" doraHai="92" doraHaiUra="124" who="0" fromWho="0" sc="307,90,188,-20,260,-40,235,-20" /><INIT seed="3,0,0,3,1,35" ten="397,168,220,215" oya="3" hai0="60,38,119,106,56,114,19,4,94,28,105,93,31" hai1="96,39,134,110,71,89,116,68,20,125,86,54,76" hai2="81,8,75,15,34,118,90,3,108,72,59,83,23" hai3="26,66,52,55,21,109,37,99,123,5,50,36,111"/><W122/><G5/><T78/><D119/><U129/><E110/><N who="3" m="41994" /><G66/><T80/><D38/><N who="3" m="14953" /><G99/><T6/><D114/><U69/><E129/><V92/><F118/><W103/><G103/><T126/><D126/><U84/><E134/><V67/><F108/><W65/><G65/><T29/><D105/><U133/><E133/><V24/><F34/><W47/><G55/><T63/><D106/><U62/><E125/><V2/><F75/><W87/><G87/><N who="0" m="48535" /><D19/><AGARI ba="0,0" hai="19,21,26,47,50,52,122,123" m="14953,41994" machi="19" ten="30,5800,0" yaku="14,1,10,1,54,1" doraHai="35" who="3" fromWho="0" sc="397,-58,168,0,220,0,215,58" /><INIT seed="3,1,0,2,1,113" ten="339,168,220,273" oya="3" hai0="69,65,26,90,78,67,73,115,130,56,35,41,126" hai1="21,101,112,102,89,38,86,104,68,51,132,46,118" hai2="2,32,81,134,6,53,88,55,77,135,91,72,97" hai3="8,128,61,119,129,52,96,105,16,31,123,83,82"/><W5/><G123/><T93/><D69/><U92/><E132/><N who="2" m="50731" /><F32/><W109/><G31/><T85/><D41/><U12/><E112/><V114/><F114/><W9/><G109/><T23/><D35/><U79/><E68/><V15/><F2/><W63/><G119/><T45/><D115/><U59/><E38/><V14/><F14/><N who="3" m="7239" /><G105/><T39/><D39/><U75/><E59/><V34/><F34/><W116/><G96/><T107/><D107/><U20/><E102/><V29/><F29/><W98/><G98/><T103/><D103/><U108/><E108/><V49/><F97/><W1/><G116/><T58/><D45/><U50/><E118/><V40/><F40/><W30/><G30/><T111/><D111/><U62/><E62/><N who="3" m="23562" /><G52/><N who="2" m="20041" /><F49/><W94/><G94/><T47/><D93/><U7/><E51/><V127/><F127/><W13/><G1/><T74/><D126/><U60/><E60/><V24/><F24/><W42/><G42/><T66/><D26/><U110/><E110/><V76/><F76/><W84/><G84/><T70/><D78/><U33/><E33/><V106/><F106/><W19/><G5/><T133/><D133/><U57/><E104/><V64/><F64/><W10/><G10/><AGARI ba="1,0" hai="6,10,15,72,77,81,88,91" m="20041,50731" machi="10" ten="30,3900,0" yaku="20,1,54,2" doraHai="113" who="2" fromWho="3" sc="339,0,168,0,220,42,273,-42" owari="339,43.9,168,-33.2,262,6.2,231,-16.9" /></mjloggm>