<mjloggm ver="2.3"><GO type="225" lobby="0"/><UN n0="%6D%75%75%6D%75%72%61" n1="%E7%B4%94%E6%BD%94%E3%83%94%E3%83%A9%E3%83%8B%E3%82%A2" n2="%63%68%78%62%64" n3="%E8%B6%85%E7%B4%9A%E9%B3%B3%E5%87%B0" dan="16,16,16,16" rate="2141.31,2158.01,2143.47,2130.43" sx="F,M,M,M"/><TAIKYOKU oya="0"/><INIT seed="0,0,0,0,1,10" ten="250,250,250,250" oya="0" hai0="24,94,18,11,35,42,88,33,104,77,98,73,86" hai1="107,75,21,99,87,108,105,123,60,37,36,61,19" hai2="56,126,9,74,132,78,13,127,52,54,27,5,29" hai3="79,133,63,119,65,45,71,31,26,89,101,8,48"/><T7/><D42/><U49/><E75/><V69/><F69/><W30/><G119/><T128/><D128/><U4/><E4/><V44/><F132/><W124/><G133/><T129/><D129/><U39/><E123/><V68/><F68/><W91/><G124/><N who="2" m="47657" /><F44/><W121/><G121/><T70/><D70/><U120/><E120/><V102/><F102/><W16/><G79/><T76/><D73/><U97/><E87/><V3/><F3/><W93/><G101/><T20/><D76/><U81/><E81/><N who="2" m="45271" /><F56/><W117/><G117/><T41/><D41/><U118/><E118/><V106/><F106/><W43/><G91/><T14/><REACH who="0" step="1"/><D104/><REACH who="0" ten="240,250,250,250" step="2"/><U103/><E107/><V12/><F12/><W114/><G114/><T113/><D113/><U111/><E105/><V6/><F6/><W72/><G72/><T125/><D125/><U131/><E131/><V66/><F66/><W90/><G71/><T53/><D53/><U32/><E37/><V110/><F110/><W96/><G65/><T109/><D109/><U115/><E36/><V15/><F15/><W80/><G43/><T58/><D58/><U47/><E39/><V57/><F57/><W82/><G45/><T84/><D84/><U25/><E111/><V83/><F83/><AGARI ba="0,1" hai="7,11,14,18,20,24,33,35,77,83,86,88,94,98" machi="83" ten="40,7700,0" yaku="1,1,52,1,54,1,53,0" doraHai="10" doraHaiUra="116" who="0" fromWho="2" sc="240,87,250,0,250,-77,250,0" /><BYE who="1" /><INIT seed="0,1,0,2,4,80" ten="327,250,173,250" oya="0" hai0="43,124,102,53,116,29,68,70,132,14,66,98,49" hai1="48,30,118,77,87,100,117,115,17,104,28,33,119" hai2="35,133,130,105,71,10,22,60,36,93,19,47,51" hai3="7,89,38,79,20,127,111,8,69,16,23,108,122"/><T12/><D116/><U92/><E92/><V46/><F35/><W114/><G114/><T3/><D3/><U27/><E27/><V123/><F123/><W129/><G38/><T128/><D128/><U83/><E83/><V72/><F130/><W106/><G129/><T56/><D132/><U54/><E54/><V50/><F133/><UN n1="%E7%B4%94%E6%BD%94%E3%83%94%E3%83%A9%E3%83%8B%E3%82%A2" /><W6/><G106/><T21/><D124/><U44/><E104/><V59/><F105/><W61/><G127/><T25/><D43/><U99/><E115/><V110/><F110/><N who="3" m="42027" /><G122/><T90/><D102/><U1/><E1/><V65/><F72/><W101/><G101/><T26/><D26/><U0/><E0/><V4/><F93/><W67/><G79/><T125/><D125/><U109/><E77/><V126/><F126/><W96/><G96/><T86/><D98/><U15/><E99/><V107/><F107/><W24/><G23/><T52/><D53/><U121/><E100/><V113/><F113/><W41/><G41/><T42/><D42/><U40/><E121/><V75/><F75/><W76/><G76/><T13/><REACH who="0" step="1"/><D66/><REACH who="0" ten="317,250,173,250" step="2"/><U112/><E109/><V85/><F65/><W58/><G24/><T74/><D74/><U91/><E112/><V34/><F36/><W45/><G67/><T37/><D37/><U94/><REACH who="1" step="1"/><E33/><REACH who="1" ten="317,240,173,250" step="2"/><V64/><F34/><W78/><G78/><T5/><D5/><U18/><E18/><V9/><F19/><W32/><G6/><T95/><AGARI ba="1,2" hai="12,13,14,21,25,29,49,52,56,68,70,86,90,95" machi="95" ten="30,12000,1" yaku="1,1,0,1,52,1,54,1,53,1" doraHai="80" doraHaiUra="82" who="0" fromWho="0" sc="317,143,240,-41,173,-41,250,-41" /><INIT seed="0,2,0,4,5,60" ten="460,199,132,209" oya="0" hai0="51,19,79,59,105,66,23,93,16,83,131,50,120" hai1="40,96,36,67,88,100,127,46,110,80,24,128,49" hai2="70,107,104,35,82,53,14,92,109,42,117,125,34" hai3="18,41,44,124,71,78,77,118,30,97,32,134,64"/><T17/><D105/><U12/><E110/><V111/><F53/><W45/><G118/><T101/><D120/><U38/><E128/><V94/><F42/><W133/><G124/><T55/><D131/><U91/><E127/><V43/><F43/><W121/><G121/><T112/><D112/><U22/><E12/><V114/><F14/><W6/><G6/><T75/><D50/><U130/><E130/><V11/><F125/><W132/><G18/><T129/><D129/><U72/><E67/><V47/><F114/><W99/><G30/><T9/><D9/><U54/><E72/><V116/><F11/><W68/><G32/><N who="2" m="12329" /><F82/><W26/><G26/><T103/><D66/><U0/><E0/><V65/><F47/><N who="3" m="17995" /><G41/><T33/><D33/><U57/><E80/><V119/><F65/><W95/><G64/><T1/><D1/><U52/><E54/><V122/><F122/><W4/><G4/><T81/><D23/><U25/><E25/><V8/><F8/><W10/><G10/><T102/><REACH who="0" step="1"/><D83/><REACH who="0" ten="450,199,132,209" step="2"/><U61/><E38/><V20/><F20/><W7/><G7/><T123/><D123/><U84/><E36/><V28/><F70/><N who="3" m="26667" /><G95/><AGARI ba="2,1" hai="16,17,19,51,55,59,75,79,81,93,95,101,102,103" machi="95" ten="40,12000,1" yaku="1,1,54,1,53,2" doraHai="60" doraHaiUra="90" who="0" fromWho="3" sc="450,136,199,0,132,0,209,-126" /><INIT seed="0,3,0,1,1,85" ten="586,199,132,83" oya="0" hai0="4,44,69,1,39,82,28,19,67,0,54,6,129" hai1="14,113,73,95,128,120,36,127,29,72,101,16,23" hai2="74,25,26,107,102,88,10,93,89,8,60,11,106" hai3="63,24,20,12,98,86,83,122,78,97,51,64,55"/><T123/><D123/><U41/><E120/><V57/><F74/><W35/><G122/><T7/><D28/><U77/><E127/><V91/><F107/><W76/><G35/><T47/><D129/><U22/><E128/><V110/><F106/><W33/><G33/><T71/><D82/><U112/><E77/><V66/><F110/><W121/><G121/><T79/><D79/><U58/><E36/><V100/><F100/><W119/><G119/><T2/><D39/><U21/><E41/><V56/><F56/><W3/><G3/><T37/><D37/><U46/><E46/><V115/><F115/><N who="1" m="44105" /><E58/><V18/><F18/><W32/><G32/><T131/><D131/><U5/><E5/><V13/><F13/><W103/><G12/><T130/><D130/><U43/><E43/><V17/><F17/><W105/><G98/><AGARI ba="3,0" hai="8,10,11,25,26,57,60,66,88,89,91,93,98,102" machi="98" ten="40,8000,1" yaku="8,1,52,3,54,1" doraHai="85" who="2" fromWho="3" sc="586,0,199,0,132,89,83,-89" owari="586,68.6,199,-20.1,221,2.1,-6,-50.6" /></mjloggm>