<mjloggm ver="2.3"><GO type="225" lobby="0"/><UN n0="%E3%81%BE%E3%81%A8%E3%81%9F" n1="%E8%83%83%E3%81%A8%E8%85%B8" n2="%E3%81%BF%E3%81%BF%E3%81%9A" n3="%E3%81%99%E3%81%84%E3%81%BE%E3%81%9B%E3%83%BC%E3%82%93" dan="16,17,16,17" rate="2115.69,2227.11,2126.37,2216.90" sx="M,M,M,M"/><TAIKYOKU oya="0"/><INIT seed="0,0,0,2,1,43" ten="250,250,250,250" oya="0" hai0="73,57,119,70,133,97,134,116,96,71,56,20,2" hai1="34,6,23,117,50,69,62,135,89,28,132,37,107" hai2="103,22,21,5,45,106,44,15,61,105,30,17,31" hai3="54,87,39,114,101,129,77,35,104,10,16,88,14"/><T53/><D73/><U65/><E117/><V55/><F5/><W100/><G114/><T92/><D20/><U59/><E107/><V29/><F106/><W124/><G35/><T127/><D92/><U128/><E34/><V7/><F105/><W24/><G124/><T64/><D53/><N who="1" m="32183" /><E6/><V58/><F103/><W76/><G39/><T122/><D64/><U110/><E89/><V82/><F7/><W0/><G0/><T46/><D127/><U8/><E8/><V26/><F82/><W36/><G36/><T99/><D122/><U102/><E102/><N who="3" m="39530" /><G129/><T40/><D2/><U79/><E79/><N who="3" m="30282" /><G104/><T125/><D125/><U91/><E91/><V47/><AGARI ba="0,0" hai="15,17,21,22,26,29,30,31,44,45,47,55,58,61" machi="47" ten="30,8000,1" yaku="0,1,8,1,52,3" doraHai="43" who="2" fromWho="2" sc="250,-40,250,-20,250,80,250,-20" /><INIT seed="1,0,0,0,5,11" ten="210,230,330,230" oya="1" hai0="38,16,35,27,108,43,41,89,94,1,34,85,29" hai1="125,104,59,121,82,45,110,115,49,105,101,91,80" hai2="75,66,54,129,14,28,114,73,20,22,133,61,15" hai3="79,5,92,63,52,60,12,19,71,0,122,135,56"/><U117/><E115/><V25/><F114/><W62/><G122/><T72/><D108/><U2/><E121/><V57/><F129/><W8/><G135/><T6/><D72/><U31/><E117/><V44/><F133/><W118/><G118/><T51/><D38/><U77/><E125/><V127/><F127/><W76/><G92/><T7/><D35/><U90/><E2/><V98/><F75/><W81/><G71/><T40/><D1/><U70/><E70/><V102/><F73/><W65/><G65/><T107/><D107/><U93/><E31/><V87/><F22/><W26/><G26/><T116/><D116/><U97/><E59/><V103/><F87/><W13/><G0/><T18/><REACH who="0" step="1"/><D51/><REACH who="0" ten="200,230,330,230" step="2"/><U95/><E110/><V50/><F103/><W37/><G37/><T130/><D130/><U132/><E132/><V131/><F131/><W68/><G68/><T10/><D10/><U84/><E49/><V36/><F36/><W123/><G123/><T55/><D55/><U39/><E39/><V128/><F128/><W53/><G53/><T83/><D83/><U120/><E120/><V124/><F124/><W47/><G81/><T78/><D78/><N who="3" m="29737" /><G47/><T86/><D86/><N who="1" m="52439" /><E45/><V9/><F9/><AGARI ba="0,1" hai="5,8,9,12,13,19,52,56,60,62,63" m="29737" machi="9" ten="30,7700,0" yaku="8,1,52,2,54,1" doraHai="11" who="3" fromWho="2" sc="200,0,230,0,330,-77,230,87" /><INIT seed="2,0,0,1,4,0" ten="200,230,253,317" oya="2" hai0="92,74,78,120,109,51,111,135,99,102,7,32,19" hai1="121,26,49,73,15,18,29,85,12,77,44,90,104" hai2="69,27,28,52,129,55,130,101,17,56,131,30,87" hai3="71,106,108,20,110,89,91,94,67,58,41,50,76"/><V36/><F69/><W83/><G106/><T84/><D32/><U132/><E132/><V60/><F36/><W86/><G71/><T4/><D120/><U124/><E121/><V25/><F101/><W105/><G105/><T107/><D135/><U95/><E104/><V40/><F40/><W54/><G67/><T13/><D51/><U57/><E124/><V96/><F96/><W24/><G41/><T42/><D42/><U35/><E57/><V37/><F37/><W11/><G11/><N who="0" m="6591" /><D74/><U123/><E123/><V38/><F38/><W117/><G117/><T23/><D23/><U82/><REACH who="1" step="1"/><E18/><REACH who="1" ten="200,220,253,317" step="2"/><V66/><F17/><N who="3" m="12303" /><G110/><N who="0" m="41995" /><D107/><U46/><E46/><V3/><F130/><W64/><G108/><T43/><D43/><AGARI ba="0,1" hai="12,15,26,29,35,43,44,49,73,77,82,85,90,95" machi="43" ten="30,2000,0" yaku="1,1,7,1,53,0" doraHai="0" doraHaiUra="70" who="1" fromWho="0" sc="200,-20,220,30,253,0,317,0" /><INIT seed="3,0,0,2,4,134" ten="180,250,253,317" oya="3" hai0="107,3,111,87,37,41,15,29,131,74,81,54,1" hai1="84,49,102,55,19,20,129,63,64,38,83,127,59" hai2="42,39,51,76,35,11,22,24,61,99,120,18,124" hai3="86,36,91,92,27,70,130,89,121,125,14,98,97"/><W115/><G125/><T110/><D107/><U26/><E129/><V116/><F116/><W48/><G36/><T75/><D131/><U101/><E38/><V117/><F117/><W106/><G70/><T57/><D29/><U7/><E7/><V93/><F39/><W65/><G65/><T62/><D15/><U71/><E127/><V135/><F35/><W123/><G115/><T44/><D75/><U79/><AGARI ba="0,0" hai="19,20,26,49,55,59,63,64,71,79,83,84,101,102" machi="79" ten="20,1500,0" yaku="0,1,7,1" doraHai="134" who="1" fromWho="1" sc="180,-4,250,15,253,-4,317,-7" owari="176,-32.4,265,6.5,249,-15.1,310,41.0" /></mjloggm>