<mjloggm ver="2.3"><GO type="225" lobby="0"/><UN n0="%E3%81%A8%E3%82%93%E3%81%A8%E3%81%93%E3%81%A8%E3%82%93" n1="%E3%83%A9%E3%82%B9%E7%8E%87%EF%BC%93%E5%89%B2" n2="%E8%80%81%E6%A5%BD" n3="%E3%81%AA%E3%81%A1%30%39%32%37" dan="16,16,16,16" rate="2068.95,2170.82,2120.28,2129.94" sx="M,F,M,M"/><TAIKYOKU oya="0"/><INIT seed="0,0,0,0,5,104" ten="250,250,250,250" oya="0" hai0="6,86,75,68,28,12,21,84,97,112,34,79,100" hai1="54,129,61,72,7,22,18,59,60,74,14,2,121" hai2="20,108,70,80,40,55,82,64,43,87,39,113,1" hai3="36,123,5,78,135,85,115,9,125,111,49,41,51"/><T120/><D120/><U69/><E121/><V103/><F103/><W3/><BYE who="2" /><G123/><T94/><D68/><U118/><E118/><UN n2="%E8%80%81%E6%A5%BD" /><V83/><F113/><W10/><G115/><T98/><D112/><U37/><E37/><V132/><F1/><W92/><G111/><T23/><D34/><U42/><E42/><N who="2" m="15915" /><F70/><W102/><G125/><T81/><D98/><U66/><REACH who="1" step="1"/><E129/><REACH who="1" ten="250,240,250,250" step="2"/><V124/><F39/><W50/><G41/><T16/><REACH who="0" step="1"/><D6/><REACH who="0" ten="240,240,250,250" step="2"/><U90/><E90/><V17/><F124/><W47/><G36/><T45/><D45/><U65/><E65/><V62/><F64/><W110/><G47/><T15/><D15/><U93/><E93/><V89/><F108/><W26/><G110/><T134/><D134/><U91/><E91/><V32/><F132/><W29/><G135/><T96/><D96/><U73/><E73/><V128/><F128/><W56/><G5/><T109/><D109/><U33/><E33/><V107/><F107/><W130/><G130/><T38/><D38/><U131/><E131/><V44/><F32/><W52/><G102/><T46/><D46/><U99/><E99/><V122/><F122/><W67/><G67/><T58/><D58/><U127/><E127/><V114/><F114/><W76/><G76/><T119/><D119/><U8/><AGARI ba="0,2" hai="2,7,8,14,18,22,54,59,60,61,66,69,72,74" machi="8" ten="30,7900,0" yaku="1,1,0,1,52,2,53,0" doraHai="104" doraHaiUra="31" who="1" fromWho="1" sc="240,-39,240,99,250,-20,250,-20" /><INIT seed="1,0,0,5,3,28" ten="201,339,230,230" oya="1" hai0="105,83,118,132,51,40,3,75,36,47,14,116,54" hai1="133,113,9,125,115,79,34,110,109,70,27,108,119" hai2="53,8,29,32,104,97,84,15,33,128,39,122,1" hai3="94,100,7,68,131,88,80,46,21,81,86,90,76"/><U92/><E70/><V111/><F122/><W82/><G68/><T124/><D3/><U18/><E79/><V42/><F1/><W67/><G67/><T23/><D105/><U60/><E119/><V11/><F111/><W99/><G7/><T66/><D132/><U59/><E133/><V71/><F71/><W123/><G21/><T24/><D66/><N who="1" m="39199" /><E125/><V5/><F128/><W64/><G46/><T127/><D14/><N who="1" m="7503" /><E92/><V91/><F29/><AGARI ba="0,0" hai="27,29,34,108,109,110,113,115" m="7503,39199" machi="29" ten="30,5800,0" yaku="14,1,10,1,52,1" doraHai="28" who="1" fromWho="2" sc="201,0,339,58,230,-58,230,0" /><INIT seed="1,1,0,4,0,109" ten="201,397,172,230" oya="1" hai0="38,84,133,111,41,18,91,117,119,26,76,122,57" hai1="17,106,64,36,67,74,13,11,112,21,94,104,78" hai2="108,120,34,115,46,33,79,107,71,93,75,92,56" hai3="100,130,116,20,19,86,9,27,97,113,66,5,52"/><U102/><E36/><V132/><F71/><W16/><G130/><T135/><D38/><U24/><E74/><V128/><F107/><W68/><G116/><T28/><D41/><U25/><E106/><V44/><F120/><W98/><G113/><T7/><D7/><U61/><E112/><V129/><F108/><W89/><G19/><T101/><D111/><U131/><E104/><V88/><F132/><N who="0" m="50762" /><D122/><U82/><E25/><V23/><F56/><W105/><G68/><T80/><D101/><U73/><E131/><N who="2" m="50251" /><F23/><W99/><G52/><T32/><D57/><U48/><E48/><V81/><F93/><W2/><REACH who="3" step="1"/><G66/><REACH who="3" ten="201,397,172,220" step="2"/><T31/><D31/><U22/><E64/><V39/><F115/><W40/><G40/><T123/><D123/><U43/><E43/><N who="2" m="22655" /><F46/><W50/><G50/><T8/><D76/><U1/><E78/><V114/><F114/><W95/><AGARI ba="1,1" hai="2,5,9,16,20,27,86,89,95,97,98,99,100,105" machi="95" ten="20,5200,0" yaku="1,1,0,1,7,1,54,1,53,0" doraHai="109" doraHaiUra="63" who="3" fromWho="3" sc="201,-14,397,-27,172,-14,220,65" /><INIT seed="2,0,0,1,5,32" ten="187,370,158,285" oya="2" hai0="58,73,23,46,21,11,96,37,35,6,100,44,65" hai1="86,89,22,135,48,49,102,111,67,33,57,95,75" hai2="97,9,99,130,83,71,38,117,20,134,53,10,8" hai3="13,5,98,90,70,85,29,125,76,27,108,25,94"/><V42/><F117/><W127/><G70/><T18/><D35/><U92/><E33/><V64/><F130/><W128/><G108/><T66/><D73/><U54/><E75/><V28/><F134/><W59/><G128/><T40/><D46/><U63/><E111/><V14/><F38/><W17/><G5/><T2/><D58/><U12/><E135/><V60/><F42/><W101/><G76/><T39/><D37/><U24/><E12/><V112/><F112/><W105/><G59/><T51/><D39/><U43/><E43/><V107/><F107/><W55/><G55/><T50/><D51/><U120/><E120/><V124/><F124/><N who="3" m="47691" /><G29/><T31/><D31/><N who="1" m="17815" /><E54/><V52/><F83/><W132/><G132/><T82/><D82/><U80/><E80/><V126/><F126/><W78/><G78/><T109/><D109/><U3/><E3/><V61/><F53/><W110/><G110/><T36/><D36/><U131/><E131/><V113/><F113/><W34/><G34/><T1/><D2/><U56/><E56/><V47/><F61/><W41/><G41/><T119/><D119/><U69/><E69/><V15/><F15/><W116/><G116/><T118/><D118/><U79/><E79/><V106/><F106/><W104/><G104/><N who="0" m="63495" /><D18/><U62/><E62/><V30/><F14/><W68/><G68/><T114/><D114/><U123/><E123/><V16/><F28/><W103/><G13/><T45/><D44/><U88/><E102/><N who="3" m="38922" /><G17/><T0/><D1/><U26/><E26/><N who="3" m="9738" /><G105/><T4/><D6/><U129/><E129/><V93/><F30/><RYUUKYOKU ba="0,0" sc="187,10,370,10,158,-30,285,10" hai0="0,4,11,21,23,40,45,50,65,66" hai1="48,49,57,63,67,86,88,89,92,95" hai3="85,90,94,98" /><INIT seed="3,1,0,5,0,0" ten="197,380,128,295" oya="3" hai0="54,125,55,129,32,52,128,33,111,28,3,5,95" hai1="71,72,104,97,6,109,51,89,25,81,78,105,132" hai2="120,12,23,116,68,10,60,56,96,64,76,112,107" hai3="30,63,36,98,123,47,46,87,88,133,15,122,110"/><W134/><G30/><T42/><D111/><U121/><E71/><V18/><F120/><W40/><G110/><T90/><D42/><U24/><E121/><V119/><F112/><W92/><G122/><T22/><D22/><U2/><E109/><V13/><F76/><W34/><G123/><T49/><D49/><U21/><E25/><V101/><REACH who="2" step="1"/><F68/><REACH who="2" ten="197,380,118,295" step="2"/><W9/><G134/><T53/><D125/><U27/><E78/><V38/><F38/><W83/><G133/><T66/><D128/><U43/><E132/><V11/><F11/><W69/><G34/><T57/><D129/><U45/><E21/><V113/><F113/><W73/><G73/><T62/><N who="0" m="13312" /><DORA hai="86" /><T75/><D75/><U1/><E72/><V108/><F108/><W67/><G47/><T35/><D28/><U82/><E45/><V7/><AGARI ba="1,1" hai="7,10,12,13,18,23,56,60,64,96,101,107,116,119" machi="7" ten="20,8000,1" yaku="1,1,0,1,7,1,52,1,53,1" doraHai="0,86" doraHaiUra="127,93" who="2" fromWho="2" sc="197,-21,380,-21,118,93,295,-41" owari="176,-32.4,359,45.9,211,-18.9,254,5.4" /></mjloggm>