<mjloggm ver="2.3"><GO type="225" lobby="0"/><UN n0="%77%72%77%72%77%72%77%72" n1="%E5%8D%A0%E3%81%84%E5%B8%AB%E8%A3%8F%E3%81%AA%E3%81%84%E3%81%97" n2="%28%EF%BF%A3%E2%96%BD%EF%BF%A3%29%CE%B4%E2%8C%92%E3%83%BB" n3="%E3%83%8F%E3%83%B3%E3%83%89%E3%83%A9%E3%83%BC%E3%83%BB%E3%83%AF%E3%83%B3" dan="17,17,16,17" rate="2163.03,2172.92,2116.37,2175.69" sx="M,M,M,M"/><TAIKYOKU oya="0"/><INIT seed="0,0,0,3,3,71" ten="250,250,250,250" oya="0" hai0="27,92,97,107,82,46,123,124,85,72,1,64,35" hai1="65,30,2,121,59,25,135,39,118,52,62,11,26" hai2="61,13,33,47,95,32,84,120,45,9,79,102,125" hai3="38,81,37,56,127,50,103,43,66,15,68,99,126"/><T19/><D123/><U34/><E118/><V101/><F120/><W77/><G68/><T104/><D1/><U106/><E135/><V129/><F129/><W54/><G66/><T132/><D132/><U73/><E73/><V119/><F119/><W83/><G15/><T4/><D4/><U41/><E121/><V57/><F125/><N who="3" m="47627" /><G43/><T23/><D124/><U86/><E106/><V130/><F130/><W29/><G29/><T87/><D64/><U42/><E39/><N who="3" m="14858" /><G77/><T75/><D35/><U109/><E109/><V134/><F134/><W122/><G122/><T22/><D46/><N who="2" m="17418" /><F33/><W31/><G31/><T108/><D108/><U36/><E36/><V67/><F32/><W49/><G49/><T12/><D12/><U51/><E25/><V48/><F48/><W131/><G131/><T60/><D60/><U114/><E2/><V5/><F79/><W105/><AGARI ba="0,0" hai="50,54,56,81,83,99,103,105" m="14858,47627" machi="105" ten="30,7900,0" yaku="18,1,52,3" doraHai="71" who="3" fromWho="3" sc="250,-39,250,-20,250,-20,250,79" /><INIT seed="1,0,0,3,1,35" ten="211,230,230,329" oya="1" hai0="53,27,44,76,24,98,84,8,16,60,104,90,83" hai1="74,91,21,106,37,18,58,128,92,108,0,47,130" hai2="55,2,61,131,67,93,75,89,124,122,97,11,73" hai3="123,12,69,116,110,81,6,79,127,94,22,30,39"/><U105/><E74/><V5/><F122/><W4/><G69/><T121/><D121/><U70/><E70/><V100/><F124/><W51/><G39/><T85/><D104/><U1/><E58/><V29/><F131/><N who="1" m="50217" /><E108/><V38/><F38/><W96/><G110/><T40/><D98/><N who="1" m="57631" /><E106/><V25/><F55/><W46/><G123/><T62/><D40/><N who="1" m="22927" /><E105/><V102/><F100/><W125/><G116/><T19/><D60/><U52/><E52/><V59/><REACH who="2" step="1"/><F89/><REACH who="2" ten="211,230,220,329" step="2"/><N who="3" m="55375" /><G127/><T68/><D53/><U15/><AGARI ba="0,1" hai="0,1,15,18,21" m="22927,57631,50217" machi="15" ten="30,6000,0" yaku="19,1,52,2" doraHai="35" who="1" fromWho="1" sc="211,-20,230,70,220,-20,329,-20" /><INIT seed="1,1,0,5,3,126" ten="191,300,200,309" oya="1" hai0="95,48,7,127,73,17,85,56,132,68,12,24,125" hai1="81,4,97,51,40,122,3,98,101,100,102,118,112" hai2="86,58,33,43,80,10,34,5,0,22,55,18,84" hai3="28,42,135,111,83,87,71,37,77,133,70,116,91"/><U109/><E112/><V119/><F43/><W113/><G113/><T26/><D73/><U103/><E118/><V1/><F1/><W21/><G111/><T38/><D68/><U106/><E122/><V31/><F119/><W105/><G105/><T90/><D38/><U6/><E3/><V62/><F31/><W14/><G116/><T19/><D7/><U53/><E109/><V60/><F60/><W16/><G28/><T27/><D132/><N who="3" m="50761" /><G77/><T36/><D36/><U47/><E98/><V79/><REACH who="2" step="1"/><F86/><REACH who="2" ten="191,300,190,309" step="2"/><W107/><G107/><T65/><D65/><U64/><E64/><V11/><F11/><W32/><G32/><T110/><D110/><U75/><E40/><V25/><AGARI ba="1,1" hai="0,5,10,18,22,25,33,34,55,58,62,79,80,84" machi="25" ten="20,2700,0" yaku="1,1,0,1,7,1,53,0" doraHai="126" doraHaiUra="96" who="2" fromWho="2" sc="191,-8,300,-14,190,40,309,-8" /><INIT seed="2,0,0,2,3,30" ten="183,286,230,301" oya="2" hai0="3,24,33,82,43,127,40,106,115,116,131,67,12" hai1="114,76,44,132,84,73,45,50,120,61,133,7,123" hai2="77,62,38,81,46,97,98,124,126,86,113,95,9" hai3="19,52,37,111,39,18,31,0,51,99,135,92,17"/><V78/><F113/><W53/><G0/><T130/><D115/><U68/><E73/><V94/><F62/><W63/><G111/><T56/><D3/><U129/><E7/><V57/><F57/><W100/><G135/><N who="1" m="51786" /><E114/><V125/><F9/><W90/><G31/><N who="0" m="19687" /><D106/><U32/><E129/><N who="0" m="49161" /><D127/><U48/><E84/><V102/><F46/><N who="1" m="18025" /><E76/><N who="2" m="46375" /><F38/><W85/><G63/><N who="0" m="38375" /><D116/><U83/><E83/><V11/><F11/><W79/><G79/><T109/><D109/><U72/><E32/><V104/><F104/><W25/><G25/><T74/><D12/><U28/><E28/><V35/><F35/><W105/><REACH who="3" step="1"/><G51/><REACH who="3" ten="183,286,230,291" step="2"/><N who="1" m="19498" /><E72/><V134/><F134/><W8/><G8/><T122/><D122/><N who="1" m="46635" /><E61/><V69/><F69/><AGARI ba="0,1" hai="68,69" m="46635,19498,18025,51786" machi="69" ten="40,12000,2" yaku="28,2,20,1,13,1,34,2" doraHai="30" who="1" fromWho="2" sc="183,0,286,130,230,-120,291,0" /><INIT seed="3,0,0,5,2,21" ten="183,416,110,291" oya="3" hai0="46,66,44,78,26,12,17,96,41,60,100,70,50" hai1="73,32,116,35,53,99,30,7,25,52,55,135,125" hai2="95,119,77,11,3,97,127,117,27,65,47,54,39" hai3="14,86,114,79,15,83,2,134,4,67,38,87,16"/><W122/><G114/><T133/><D133/><U109/><E135/><V124/><F77/><W126/><G134/><T0/><D0/><U88/><E109/><V131/><F65/><W111/><G122/><T120/><D120/><U64/><E73/><V31/><F54/><W24/><G38/><T128/><D128/><U19/><E125/><N who="2" m="48203" /><F47/><W76/><G126/><T1/><D1/><U69/><E19/><V62/><F62/><W93/><G111/><T98/><D78/><U74/><E7/><N who="2" m="1535" /><F95/><W81/><G67/><T92/><D44/><U118/><E32/><N who="2" m="20607" /><F97/><W57/><G57/><T36/><D96/><U49/><E49/><V113/><F39/><W101/><G2/><T115/><D36/><U85/><E99/><V108/><F108/><W132/><G132/><T107/><D107/><U91/><E74/><V112/><F131/><W80/><G4/><T105/><D105/><U42/><E42/><V89/><F89/><N who="3" m="53431" /><G101/><T45/><D45/><U61/><REACH who="1" step="1"/><E91/><REACH who="1" ten="183,406,110,291" step="2"/><V84/><F84/><N who="3" m="48135" /><G83/><AGARI ba="0,1" hai="25,30,35,52,53,55,61,64,69,83,85,88,116,118" machi="83" ten="40,8000,1" yaku="1,1,52,1,54,2,53,0" doraHai="21" doraHaiUra="5" who="1" fromWho="3" sc="183,0,406,90,110,0,291,-80" owari="183,-21.7,496,59.6,110,-39.0,211,1.1" /></mjloggm>