<mjloggm ver="2.3"><GO type="225" lobby="0"/><UN n0="%E3%82%BC%E3%83%AB%E3%83%80%E3%81%AE%E4%BC%9D%E8%AA%AC" n1="%E3%81%B6%E3%82%8B%E3%82%8B%E3%81%B6%E3%81%B6" n2="%E4%B8%AD%E5%B9%B4%E3%81%AE%E5%8D%B1%E6%A9%9F" n3="%E5%AF%82%E5%AF%9E%E3%82%AE%E3%83%8D%E3%82%B9%E3%83%93%E3%83%BC%E3%83%AB" dan="16,16,16,16" rate="2136.33,2053.55,2144.54,2150.55" sx="M,M,M,M"/><TAIKYOKU oya="0"/><INIT seed="0,0,0,0,4,19" ten="250,250,250,250" oya="0" hai0="55,58,57,84,15,29,47,62,16,5,12,31,52" hai1="72,3,41,75,76,8,39,13,79,0,94,34,134" hai2="54,21,100,81,127,122,108,42,99,68,73,113,9" hai3="50,10,89,111,6,7,114,27,37,116,11,22,60"/><T2/><D2/><U82/><E134/><V33/><F113/><W95/><G37/><T53/><D5/><N who="3" m="1545" /><G116/><T124/><D124/><U104/><E34/><V36/><F9/><W18/><G114/><T131/><D131/><U87/><E104/><N who="2" m="63519" /><F54/><W101/><G111/><T130/><D130/><U103/><E103/><V35/><F21/><N who="3" m="13751" /><G101/><T56/><D47/><U59/><E59/><N who="0" m="22601" /><D15/><U17/><E94/><V20/><F20/><W24/><G50/><T71/><D84/><U98/><E98/><V129/><F129/><W28/><G60/><T63/><D71/><U77/><E75/><V83/><F108/><W51/><G51/><T40/><D40/><U69/><E69/><V65/><F127/><W107/><G107/><T64/><D63/><U135/><E135/><V90/><F122/><W115/><G115/><T4/><D4/><U120/><E120/><V106/><F106/><W44/><G44/><T132/><D132/><U61/><E61/><N who="2" m="39983" /><F42/><W119/><G119/><T96/><D96/><AGARI ba="0,0" hai="10,11,22,24,28,89,95,96" m="13751,1545" machi="96" ten="30,3900,0" yaku="8,1,52,2" doraHai="19" who="3" fromWho="0" sc="250,-39,250,0,250,0,250,39" /><INIT seed="1,0,0,1,2,20" ten="211,250,250,289" oya="1" hai0="33,27,129,89,50,99,16,25,97,134,83,72,49" hai1="66,96,62,44,13,6,35,108,92,68,59,100,12" hai2="125,51,117,124,114,73,34,0,14,90,7,81,76" hai3="111,91,135,93,31,67,78,106,105,116,121,64,38"/><U85/><E35/><V48/><F117/><W98/><G121/><T86/><D72/><U43/><E108/><V3/><F114/><W118/><G38/><T54/><D134/><U63/><E85/><V77/><F90/><W15/><G111/><T52/><D129/><U79/><E79/><V28/><F14/><W55/><G135/><T115/><D115/><U69/><E6/><V32/><F81/><W84/><G55/><N who="0" m="21035" /><D33/><N who="2" m="12906" /><F28/><W60/><G31/><T120/><D120/><U41/><E41/><V45/><F45/><W37/><G37/><T75/><D75/><U127/><E127/><N who="2" m="48715" /><F7/><W39/><G39/><T4/><D4/><U103/><E100/><V26/><F26/><N who="0" m="9738" /><D16/><U36/><REACH who="1" step="1"/><E59/><REACH who="1" ten="211,240,250,289" step="2"/><V42/><F73/><W113/><G113/><T87/><D86/><U122/><E122/><V95/><F42/><W29/><G84/><T109/><D109/><U56/><E56/><V104/><F0/><W17/><G118/><T1/><D1/><U40/><E40/><V65/><F3/><W102/><G116/><T110/><D110/><U61/><E61/><V80/><F77/><W19/><G78/><T22/><D22/><U82/><E82/><V57/><F80/><W126/><G126/><T131/><D131/><U132/><E132/><V46/><F76/><W107/><G60/><T10/><D10/><U94/><E94/><V24/><F95/><W11/><G93/><T71/><D71/><U70/><E70/><V18/><F57/><W119/><G119/><T21/><D21/><U5/><E5/><V112/><F112/><W58/><G11/><T133/><D133/><RYUUKYOKU ba="0,1" sc="211,15,240,15,250,-15,289,-15" hai0="49,50,83,87,89,97,99" hai1="12,13,36,43,44,62,63,66,68,69,92,96,103" /><INIT seed="1,1,1,2,4,123" ten="226,255,235,274" oya="1" hai0="41,35,9,119,88,66,96,84,91,22,85,105,28" hai1="120,134,90,16,58,97,112,100,102,59,40,101,3" hai2="20,61,34,54,108,129,72,78,98,63,92,33,53" hai3="36,131,86,23,45,43,4,89,118,135,0,67,1"/><U110/><E120/><V62/><F129/><W127/><G131/><T76/><D119/><U47/><E112/><V87/><F72/><W106/><G106/><T111/><D41/><U64/><E134/><V19/><F108/><W55/><G135/><T50/><D35/><U116/><E3/><V57/><F33/><W31/><G127/><T65/><D111/><U81/><E110/><V48/><F34/><W42/><G67/><N who="0" m="25611" /><D105/><U56/><E116/><V70/><F70/><W126/><G126/><T17/><D50/><N who="1" m="26983" /><E64/><V15/><F78/><W77/><G77/><T60/><D60/><U99/><E16/><V30/><F30/><W8/><G43/><T125/><D125/><U71/><E71/><V14/><F87/><AGARI ba="1,1" hai="56,58,59,81,87,90,97,99,100,101,102" m="26983" machi="87" ten="30,1500,0" yaku="8,1" doraHai="123" who="1" fromWho="2" sc="226,0,255,28,235,-18,274,0" /><INIT seed="1,2,0,0,1,10" ten="226,283,217,274" oya="1" hai0="107,17,78,135,111,128,9,82,38,69,87,98,23" hai1="61,11,91,88,14,64,6,12,92,97,122,70,67" hai2="72,112,71,49,90,13,85,48,0,120,36,86,53" hai3="35,125,20,133,7,80,79,115,55,39,131,65,73"/><U2/><E122/><V59/><F36/><W60/><G115/><T118/><D118/><U126/><E126/><V40/><F0/><W5/><G35/><T130/><D38/><U57/><E67/><V63/><F72/><W8/><G125/><T123/><D123/><U3/><E70/><V29/><F120/><W101/><G133/><T104/><D135/><U127/><E127/><V56/><F112/><W22/><G5/><T52/><D69/><U31/><E31/><V95/><F29/><W1/><G131/><N who="0" m="50219" /><D111/><U66/><E66/><V33/><F33/><W44/><G101/><T37/><D37/><U114/><E114/><V28/><F28/><W51/><REACH who="3" step="1"/><G39/><REACH who="3" ten="226,283,217,264" step="2"/><T94/><D107/><U42/><E2/><V132/><F132/><W50/><G50/><T24/><D104/><U116/><E116/><V15/><F71/><AGARI ba="2,1" hai="1,7,8,20,22,44,51,55,60,65,71,73,79,80" machi="71" ten="30,3900,0" yaku="1,1,7,1,53,1" doraHai="10" doraHaiUra="74" who="3" fromWho="2" sc="226,0,283,0,217,-45,264,55" /><INIT seed="2,0,0,3,2,82" ten="226,283,172,319" oya="2" hai0="106,32,51,13,23,54,71,26,0,81,117,3,119" hai1="74,60,30,21,89,20,41,102,1,121,55,19,69" hai2="36,10,127,2,48,123,73,27,84,44,59,16,52" hai3="7,100,128,86,72,126,14,50,134,4,135,70,109"/><V76/><F123/><W62/><G72/><T45/><D106/><U80/><E121/><V40/><F73/><W75/><G75/><T11/><D71/><U68/><E1/><V8/><F127/><W5/><G126/><T28/><D81/><U47/><E30/><V96/><F96/><W122/><G122/><T131/><D131/><U46/><E102/><V94/><F76/><W25/><G109/><T110/><D110/><U107/><E107/><V116/><F116/><N who="0" m="44618" /><D32/><U95/><E21/><N who="2" m="13735" /><F36/><W114/><G25/><T57/><D45/><U63/><E80/><V108/><F2/><W6/><G50/><T104/><D104/><U133/><E74/><V125/><F125/><W124/><G100/><T118/><N who="0" m="44626" /><T78/><DORA hai="15" /><D78/><U90/><E69/><V97/><F108/><W43/><G128/><T113/><D113/><U53/><E68/><V56/><F84/><W115/><G124/><T35/><D35/><U29/><E29/><V39/><F39/><W38/><G86/><T77/><D77/><U64/><E46/><V92/><F92/><W42/><G38/><T91/><D91/><U112/><E95/><V103/><F40/><N who="3" m="15403" /><G114/><T129/><D129/><U37/><E112/><V9/><AGARI ba="0,0" hai="8,9,10,44,48,52,56,59,94,97,103" m="13735" machi="9" ten="30,11700,0" yaku="8,1,52,1,54,2" doraHai="82,15" who="2" fromWho="2" sc="226,-39,283,-39,172,117,319,-39" /><INIT seed="2,1,0,5,0,80" ten="187,244,289,280" oya="2" hai0="20,6,33,111,27,61,46,130,14,50,100,81,34" hai1="94,79,67,10,108,2,4,64,24,119,13,25,39" hai2="87,48,116,38,37,106,1,60,89,47,127,28,75" hai3="41,133,77,83,73,23,124,3,76,62,7,121,29"/><V74/><F116/><W120/><G77/><T45/><D111/><U15/><E108/><V90/><F1/><W66/><G133/><T59/><D130/><U78/><E119/><V105/><F28/><W65/><G124/><T9/><D100/><U96/><E39/><V114/><F60/><W117/><G66/><T31/><D46/><U134/><E134/><V85/><F47/><W56/><G117/><T5/><D5/><U125/><E2/><V98/><F98/><W54/><G41/><T123/><D123/><U19/><E78/><V18/><F48/><W58/><G7/><T70/><D70/><U71/><E79/><V93/><F93/><W86/><G73/><T63/><D81/><U22/><E125/><V92/><F92/><W97/><G97/><T91/><D91/><N who="1" m="55391" /><E71/><V68/><F68/><W36/><G36/><T12/><D12/><U30/><E30/><V112/><REACH who="2" step="1"/><F18/><REACH who="2" ten="187,244,279,280" step="2"/><W115/><G3/><T43/><REACH who="0" step="1"/><D63/><REACH who="0" ten="177,244,279,280" step="2"/><U44/><E44/><V95/><F95/><W109/><G109/><T8/><D8/><U51/><E51/><V88/><F88/><W35/><G121/><T21/><D21/><U53/><E19/><V126/><AGARI ba="1,2" hai="37,38,74,75,85,87,89,90,105,106,112,114,126,127" machi="126" ten="25,18000,2" yaku="1,1,0,1,22,2,52,2,53,0" doraHai="80" doraHaiUra="118" who="2" fromWho="2" sc="177,-61,244,-61,279,203,280,-61" /><INIT seed="2,2,0,5,5,4" ten="116,183,482,219" oya="2" hai0="93,79,39,72,114,12,38,21,46,3,24,15,130" hai1="132,59,107,42,84,82,40,73,29,117,103,5,13" hai2="51,61,11,87,68,101,133,97,57,20,63,98,14" hai3="100,126,95,43,74,30,58,18,49,77,124,69,65"/><V37/><F37/><W48/><G69/><T75/><D114/><U99/><E132/><V67/><F133/><W44/><G30/><T120/><D120/><U109/><E109/><V90/><F20/><W8/><G77/><T85/><D130/><U60/><E29/><V102/><F51/><W66/><G74/><T32/><D3/><U115/><E115/><V47/><F47/><W17/><G100/><N who="2" m="38505" /><F63/><W134/><G95/><T81/><D32/><U128/><E117/><V62/><F62/><W26/><G134/><T76/><D39/><U122/><E73/><V116/><F68/><W33/><G49/><T111/><D111/><U28/><E28/><V78/><F78/><W0/><G58/><T104/><D76/><U83/><E128/><V91/><F116/><W108/><G108/><T53/><D75/><U10/><E122/><V52/><F67/><N who="3" m="25611" /><G26/><T127/><D104/><U56/><E59/><V106/><F106/><W31/><G31/><N who="0" m="17807" /><D38/><U6/><E83/><N who="2" m="49535" /><F91/><W96/><G33/><T22/><D46/><U35/><E35/><V80/><F80/><W36/><G36/><T9/><D72/><U19/><E6/><AGARI ba="2,0" hai="6,11,14,52,57,61,97,98" m="49535,38505" machi="6" ten="30,5800,0" yaku="8,1,52,1,54,1" doraHai="4" who="2" fromWho="1" sc="116,0,183,-64,482,64,219,0" /><INIT seed="2,3,0,4,1,78" ten="116,119,546,219" oya="2" hai0="115,107,88,108,109,47,96,34,49,80,128,102,43" hai1="25,76,51,95,122,23,52,37,132,33,94,59,38" hai2="55,62,2,57,66,31,19,16,90,113,8,29,79" hai3="89,56,118,97,134,69,119,87,72,103,77,24,83"/><V133/><F113/><W100/><G69/><T27/><D115/><U36/><E122/><V85/><F133/><W58/><G134/><T121/><D121/><U26/><E132/><V60/><F79/><W4/><G4/><T124/><D124/><U70/><E70/><V13/><F2/><W45/><G45/><T135/><D135/><U7/><E7/><V61/><F19/><W98/><G24/><T3/><D3/><U75/><E33/><V1/><F1/><W125/><G56/><T129/><D27/><U131/><E131/><N who="0" m="50249" /><D34/><U91/><E26/><V14/><F14/><W71/><G58/><T40/><D40/><U32/><E32/><V74/><F74/><W92/><G71/><T5/><D5/><U50/><E50/><N who="2" m="30967" /><F66/><W117/><G125/><T42/><D42/><U64/><E64/><V67/><F67/><W22/><G22/><T86/><AGARI ba="3,0" hai="43,47,49,80,86,88,96,102,107,108,109" m="50249" machi="86" ten="30,4000,0" yaku="19,1,52,1,54,1" doraHai="78" who="0" fromWho="0" sc="116,49,119,-13,546,-23,219,-13" /><INIT seed="3,0,0,4,1,22" ten="165,106,523,206" oya="3" hai0="90,1,44,92,105,13,106,125,58,75,78,82,126" hai1="40,79,37,2,31,55,14,36,59,25,121,93,109" hai2="71,19,120,63,41,34,76,98,70,119,50,81,108" hai3="73,85,47,48,88,69,64,130,18,94,87,54,134"/><W100/><G73/><T27/><D1/><U129/><E109/><V43/><F63/><W91/><G130/><T84/><D13/><U20/><E129/><V5/><F19/><W123/><G123/><T99/><D58/><U32/><E121/><V107/><F50/><W52/><G134/><T110/><D110/><U67/><E67/><V68/><F5/><W114/><G114/><T10/><D10/><U29/><E79/><V104/><F34/><W89/><G69/><T133/><D133/><U35/><E2/><V42/><F108/><W77/><G64/><T21/><D44/><U0/><E0/><V102/><F119/><W4/><G4/><T8/><D8/><U53/><E40/><V61/><F61/><W66/><G66/><T12/><D12/><U115/><E115/><V128/><F128/><W117/><G117/><T56/><D56/><U95/><E14/><V7/><F7/><W97/><G18/><N who="0" m="12727" /><D105/><U60/><E20/><V113/><F113/><W74/><G74/><T116/><D116/><U9/><E9/><V33/><F33/><W49/><G77/><T101/><AGARI ba="0,0" hai="75,78,82,84,90,92,99,101,106,125,126" m="12727" machi="101" ten="30,2000,0" yaku="24,1,52,1" doraHai="22" who="0" fromWho="0" sc="165,20,106,-5,523,-5,206,-10" owari="185,-21.5,101,-39.9,518,61.8,196,-0.4" /></mjloggm>