<mjloggm ver="2.3"><GO type="225" lobby="0"/><UN n0="%E3%83%97%E3%83%AC%E3%83%B4%E3%82%A1%E3%83%86%E3%82%A3" n1="%E7%B4%94%E6%BD%94%E3%83%94%E3%83%A9%E3%83%8B%E3%82%A2" n2="%E5%84%AA%40%41%42%43" n3="%63%62%69%73%6B%65%74" dan="16,16,17,16" rate="2084.59,2150.32,2147.11,2056.46" sx="F,M,M,M"/><TAIKYOKU oya="0"/><INIT seed="0,0,0,3,4,53" ten="250,250,250,250" oya="0" hai0="32,109,2,117,79,45,113,94,9,25,42,92,47" hai1="46,7,36,122,93,70,68,89,112,35,40,71,132" hai2="66,64,13,75,60,15,30,39,67,19,12,90,116" hai3="34,41,55,49,98,0,72,82,58,14,1,114,33"/><T107/><D113/><U106/><E106/><V5/><F75/><W61/><G114/><T59/><D117/><U134/><E112/><V20/><F39/><W17/><G98/><T118/><D118/><U95/><E35/><V102/><F116/><W22/><G72/><T99/><D79/><U115/><E115/><V100/><F30/><W78/><G34/><T129/><D129/><U104/><E104/><V62/><F90/><W54/><G41/><T6/><D109/><U63/><E122/><V29/><F29/><W80/><G33/><T119/><D119/><U48/><E7/><V110/><F110/><W88/><G88/><T28/><D45/><U27/><E93/><V3/><F3/><W84/><REACH who="3" step="1"/><G80/><REACH who="3" ten="250,250,250,240" step="2"/><T124/><D99/><U128/><E89/><V73/><F73/><W127/><G127/><T16/><D124/><U57/><E95/><V10/><F100/><W24/><G24/><T91/><D107/><U81/><E81/><V86/><F102/><W85/><G85/><T108/><D108/><U77/><E27/><N who="2" m="14751" /><F86/><W83/><G83/><T8/><D91/><U87/><E87/><V97/><F97/><W121/><G121/><T130/><D130/><U65/><E77/><V44/><F5/><W4/><G4/><T37/><D94/><U51/><E128/><V74/><F74/><W111/><G111/><T105/><D92/><U23/><E23/><V31/><F10/><W43/><G43/><T126/><D105/><U131/><E131/><V135/><F135/><AGARI ba="0,1" hai="36,40,46,48,51,57,63,65,68,70,71,132,134,135" machi="135" ten="50,8000,1" yaku="20,1,34,3,52,1" doraHai="53" who="1" fromWho="2" sc="250,0,250,90,250,-80,240,0" /><INIT seed="1,0,0,4,5,39" ten="250,340,170,240" oya="1" hai0="70,32,118,60,77,30,123,35,3,46,101,34,128" hai1="89,22,13,74,61,69,127,63,25,24,95,6,66" hai2="45,28,41,97,53,103,80,76,120,26,111,133,2" hai3="21,121,49,134,18,112,130,116,75,37,100,107,57"/><U58/><E74/><V73/><F111/><W96/><G116/><T131/><D118/><U1/><E1/><V62/><F133/><W113/><G121/><T33/><D3/><U4/><E127/><V20/><F2/><W87/><G75/><T71/><D77/><U78/><E78/><V108/><F108/><W81/><G134/><T48/><D101/><U47/><E47/><V7/><F7/><W92/><G37/><T59/><N who="0" m="8192" /><DORA hai="15" /><T104/><D30/><U40/><E40/><V14/><F14/><W117/><G107/><T44/><D104/><U125/><E13/><V43/><F120/><W99/><G99/><T102/><D102/><U12/><E12/><V8/><F8/><W51/><G130/><N who="0" m="49707" /><D123/><U119/><E24/><V114/><F114/><W115/><G117/><T79/><D79/><U86/><E125/><V68/><F45/><N who="0" m="17514" /><D48/><U38/><E38/><V67/><REACH who="2" step="1"/><F53/><AGARI ba="0,0" hai="53,59,60,70,71" m="17514,49707,8192" machi="53" ten="60,2000,0" yaku="19,1" doraHai="39,15" who="0" fromWho="2" sc="250,20,340,0,170,-20,240,0" /><INIT seed="2,0,0,3,4,102" ten="270,340,150,240" oya="2" hai0="95,89,115,13,23,34,7,15,53,51,83,44,109" hai1="90,81,107,66,0,56,91,133,132,1,98,36,116" hai2="85,29,38,11,124,106,18,20,61,131,125,74,57" hai3="71,123,70,112,52,108,100,117,37,31,28,49,78"/><V101/><F74/><W46/><G117/><T75/><D115/><U73/><E36/><V47/><F29/><W2/><G123/><T4/><D34/><U30/><E30/><V50/><F38/><W27/><G2/><N who="1" m="1130" /><E116/><V126/><F11/><W110/><G112/><T84/><D109/><N who="3" m="42089" /><G78/><T65/><D65/><U103/><E66/><N who="2" m="39215" /><F85/><W33/><G31/><T87/><D75/><U9/><E9/><V82/><F82/><W59/><G100/><T62/><D62/><U92/><E56/><V64/><F64/><W113/><G113/><T32/><D32/><U39/><E39/><V77/><F77/><W111/><N who="3" m="42097" /><W10/><DORA hai="134" /><G10/><T58/><D44/><U40/><E73/><V88/><F88/><N who="1" m="33833" /><E81/><V24/><F131/><W45/><G45/><T121/><D121/><U96/><E96/><N who="2" m="61735" /><F47/><W41/><AGARI ba="0,0" hai="27,28,33,37,41,46,49,52,59,70,71" m="42097" machi="41" ten="40,2700,0" yaku="14,1,54,1" doraHai="102,134" who="3" fromWho="3" sc="270,-7,340,-7,150,-13,240,27" /><INIT seed="3,0,0,3,1,18" ten="263,333,137,267" oya="3" hai0="23,124,32,9,116,69,117,125,88,33,98,60,70" hai1="7,127,103,41,121,4,104,67,92,40,126,74,58" hai2="42,110,90,82,99,8,86,72,83,105,36,44,112" hai3="97,75,19,29,96,108,46,94,12,91,76,34,49"/><W21/><G108/><T89/><D9/><U20/><E20/><V120/><F112/><W133/><G133/><T135/><D98/><N who="1" m="59847" /><E74/><V0/><F110/><W114/><G114/><T35/><D23/><U64/><E104/><V73/><F120/><W107/><G75/><T115/><D115/><U77/><E77/><V63/><F63/><W65/><G65/><N who="1" m="25162" /><E58/><V68/><F68/><N who="0" m="26218" /><D60/><U81/><E81/><V134/><F134/><W118/><G118/><N who="0" m="45675" /><D135/><U10/><E7/><V38/><F38/><W26/><G76/><T71/><N who="0" m="26226" /><T57/><DORA hai="100" /><D57/><U122/><E41/><V113/><F113/><W52/><REACH who="3" step="1"/><G107/><REACH who="3" ten="263,333,137,257" step="2"/><T30/><D30/><U87/><E122/><V95/><F105/><W123/><G123/><T106/><D106/><U14/><E121/><V50/><F36/><W27/><G27/><T111/><D111/><U53/><E127/><AGARI ba="0,1" hai="32,33,35,88,89,124,125,127" m="45675,26226" machi="127" ten="60,8000,1" yaku="28,2,18,1,54,1" doraHai="18,100" who="0" fromWho="1" sc="263,90,333,-80,137,0,257,0" owari="353,45.3,253,-14.7,137,-36.3,257,5.7" /></mjloggm>