<mjloggm ver="2.3"><GO type="225" lobby="0"/><UN n0="%E5%88%9D%E5%8F%B7%E6%A9%9F%E3%81%A8%E4%BA%8C%E5%8F%B7%E6%A9%9F" n1="%E3%81%A1%E3%82%85%E3%81%86%E3%81%A9%E3%81%8F%E8%B1%A1%E3%81%95%E3%82%93" n2="%E8%91%89%E5%B1%B1%E9%99%BD%E5%92%8C" n3="%E8%A8%88%E7%AE%97%E6%A9%9F%E8%87%AA%E7%84%B6" dan="17,17,16,17" rate="2189.54,2187.49,2115.63,2219.52" sx="M,M,M,M"/><TAIKYOKU oya="0"/><INIT seed="0,0,0,4,4,69" ten="250,250,250,250" oya="0" hai0="7,78,33,68,35,83,13,71,34,112,125,130,54" hai1="122,133,72,20,90,73,81,131,66,121,86,92,107" hai2="80,113,104,55,95,62,116,129,101,38,41,118,37" hai3="32,0,50,123,110,99,15,59,53,93,52,42,25"/><T24/><D112/><U89/><E20/><V91/><F113/><W75/><G0/><T115/><D115/><U5/><E66/><V1/><F1/><W74/><G110/><T51/><D24/><U8/><E133/><V108/><F108/><W100/><G123/><T29/><D29/><U67/><E67/><V105/><F80/><W106/><G42/><T82/><D82/><U3/><E107/><N who="2" m="41035" /><F41/><W132/><G132/><T28/><D28/><U60/><E131/><V22/><F101/><W26/><G106/><T77/><D130/><U27/><E60/><V63/><F22/><W117/><G117/><N who="2" m="45161" /><F129/><W61/><G32/><T79/><D125/><U76/><E27/><V9/><F9/><W128/><G128/><T31/><D31/><U12/><E3/><V45/><F63/><W57/><G74/><T17/><D7/><U124/><E124/><V134/><F134/><W56/><G75/><T84/><D71/><U87/><REACH who="1" step="1"/><E72/><REACH who="1" ten="250,240,250,250" step="2"/><V44/><F62/><N who="3" m="36103" /><G15/><T102/><D68/><U98/><E98/><N who="2" m="57727" /><F55/><AGARI ba="0,1" hai="25,26,50,53,55,57,59,61,93,99,100" m="36103" machi="55" ten="30,2000,0" yaku="8,1,54,1" doraHai="69" who="3" fromWho="2" sc="250,0,240,0,250,-20,250,30" /><INIT seed="1,0,0,2,1,50" ten="250,240,230,280" oya="1" hai0="89,13,53,15,70,115,77,128,67,127,85,110,52" hai1="64,6,56,43,23,10,90,5,39,26,33,59,112" hai2="29,88,71,72,11,8,19,14,126,40,94,32,119" hai3="7,113,103,79,17,47,42,34,58,93,1,134,30"/><U91/><E112/><V27/><F119/><W9/><G113/><T122/><D115/><U102/><E33/><V105/><F105/><W69/><G69/><T107/><D107/><U131/><E131/><V38/><F72/><W49/><G134/><T73/><D73/><U92/><E43/><V63/><F126/><W98/><G79/><T16/><D110/><U104/><E39/><V12/><F40/><W106/><G17/><T51/><D77/><U120/><E120/><V111/><F38/><W65/><G106/><T4/><D128/><U121/><E121/><V116/><F116/><W114/><G114/><T2/><D2/><U25/><E104/><V83/><F83/><W124/><G124/><T117/><D51/><U31/><E102/><V130/><F111/><W37/><G65/><T135/><D117/><U132/><E132/><V44/><F44/><W125/><G125/><T62/><D127/><U76/><E76/><V3/><F3/><W60/><G37/><T97/><D97/><U96/><E91/><V100/><F100/><W75/><G75/><T84/><D84/><U18/><E64/><N who="2" m="41375" /><F130/><W78/><G78/><T129/><D129/><U35/><REACH who="1" step="1"/><E5/><REACH who="1" ten="250,230,230,280" step="2"/><N who="2" m="3087" /><F88/><W68/><G103/><T81/><D135/><U45/><E45/><V21/><F32/><W86/><G34/><T74/><D122/><U95/><E95/><V101/><F94/><W87/><G93/><T48/><D74/><U118/><E118/><V55/><F101/><W20/><G42/><T0/><D89/><U109/><E109/><V108/><F108/><W80/><G47/><T22/><D4/><RYUUKYOKU ba="0,1" sc="250,-15,230,15,230,15,280,-15" hai1="6,10,18,23,25,26,31,35,56,59,90,92,96" hai2="11,14,19,21,27,29,55" /><INIT seed="1,1,1,4,5,75" ten="235,245,245,265" oya="1" hai0="43,125,102,0,101,121,97,95,35,90,120,124,77" hai1="39,80,42,40,22,79,33,89,118,115,37,51,17" hai2="49,50,20,70,56,27,8,24,11,117,62,58,52" hai3="45,23,6,78,110,129,116,60,111,44,1,104,66"/><U132/><E118/><V65/><F117/><W57/><G104/><T61/><D0/><U93/><E115/><V34/><F34/><W82/><G116/><T28/><D43/><U113/><E33/><V53/><REACH who="2" step="1"/><F24/><REACH who="2" ten="235,245,235,265" step="2"/><W92/><G111/><T16/><D35/><U133/><E113/><V83/><F83/><W106/><G110/><T31/><D121/><U18/><E37/><V26/><F26/><W5/><G82/><T14/><D120/><U55/><E39/><V119/><F119/><W130/><G129/><T68/><D124/><U122/><E122/><V25/><F25/><W7/><G130/><T36/><D36/><U109/><E109/><V135/><F135/><W59/><G23/><T3/><D125/><U87/><E133/><V114/><F114/><W73/><G1/><T134/><D3/><U71/><E132/><V15/><F15/><W29/><G29/><AGARI ba="1,2" hai="8,11,20,27,29,49,50,52,53,56,58,62,65,70" machi="29" ten="30,7700,0" yaku="1,1,7,1,9,1,54,1,53,0" doraHai="75" doraHaiUra="2" who="2" fromWho="3" sc="235,0,245,0,235,100,265,-80" /><INIT seed="2,0,0,5,5,20" ten="235,245,335,185" oya="2" hai0="7,23,6,49,37,108,117,57,30,42,128,66,24" hai1="38,76,125,5,19,0,43,35,72,99,59,101,88" hai2="118,13,68,54,104,85,32,105,9,91,14,48,115" hai3="94,84,65,71,50,103,80,16,47,41,120,111,67"/><V82/><F118/><W1/><G120/><T60/><D117/><U122/><E35/><V63/><F115/><W69/><G1/><T123/><D123/><U36/><E59/><V81/><F32/><W12/><G111/><T33/><D108/><U93/><E19/><V83/><F68/><W4/><G4/><T119/><D119/><U39/><E122/><V86/><F63/><W8/><G69/><T10/><D37/><U29/><E29/><V17/><F14/><W73/><G73/><T89/><D33/><U75/><E125/><V131/><F131/><W45/><G71/><T79/><D79/><U133/><E133/><V110/><F110/><W132/><G132/><T127/><D127/><U106/><E43/><V135/><F135/><W129/><G129/><T27/><D89/><U126/><E126/><V40/><F40/><W62/><G45/><T46/><D128/><U51/><E51/><V107/><REACH who="2" step="1"/><F86/><REACH who="2" ten="235,245,325,185" step="2"/><W56/><G65/><T61/><D61/><U98/><E0/><V44/><AGARI ba="0,1" hai="9,13,17,44,48,54,81,82,83,85,91,104,105,107" machi="44" ten="30,12000,1" yaku="1,1,2,1,0,1,25,2,53,0" doraHai="20" doraHaiUra="26" who="2" fromWho="2" sc="235,-40,245,-40,325,130,185,-40" /><INIT seed="2,1,0,4,1,74" ten="195,205,455,145" oya="2" hai0="28,18,13,124,111,10,65,60,58,2,101,132,52" hai1="116,93,22,11,37,79,127,6,102,117,114,97,69" hai2="63,135,86,16,7,103,134,19,70,55,20,133,106" hai3="88,29,73,56,40,14,47,90,100,110,119,112,84"/><V25/><F7/><W42/><G119/><T126/><D111/><U98/><E114/><V130/><F130/><W46/><G73/><T91/><D2/><U95/><E37/><V54/><F86/><W26/><G110/><T15/><D28/><U121/><E69/><V0/><F0/><W43/><G112/><T62/><D101/><U50/><E121/><V61/><F19/><W23/><G100/><T68/><D91/><U36/><E36/><V92/><F92/><W96/><G96/><T21/><REACH who="0" step="1"/><D132/><REACH who="0" ten="185,205,455,145" step="2"/><U87/><E102/><V76/><F103/><W17/><G90/><T1/><D1/><U66/><E117/><V12/><F106/><W48/><G46/><T45/><D45/><U32/><E116/><V113/><F134/><W33/><REACH who="3" step="1"/><G56/><REACH who="3" ten="185,205,455,135" step="2"/><T44/><D44/><U27/><E97/><V53/><F135/><W107/><G107/><T64/><D64/><U39/><E66/><V31/><F133/><W41/><G41/><T122/><D122/><U72/><E98/><V49/><F113/><W38/><G38/><T4/><AGARI ba="1,2" hai="4,10,13,15,18,21,52,58,60,62,65,68,124,126" machi="4" ten="30,4000,0" yaku="1,1,0,1,54,1,53,0" doraHai="74" doraHaiUra="78" who="0" fromWho="0" sc="185,63,205,-11,455,-21,135,-11" /><INIT seed="3,0,0,1,0,108" ten="248,194,434,124" oya="3" hai0="117,128,133,123,5,134,92,41,109,81,45,48,73" hai1="98,120,132,119,113,26,54,28,20,127,30,9,86" hai2="0,131,103,32,124,10,82,67,58,47,101,53,100" hai3="3,52,33,55,99,8,87,90,39,66,19,107,115"/><W105/><G115/><T130/><D5/><U84/><E120/><V75/><F32/><W95/><G33/><T74/><D109/><U63/><E113/><V79/><F131/><N who="0" m="50218" /><D117/><U116/><E132/><N who="0" m="50793" /><D123/><U112/><E112/><V125/><F67/><W35/><G35/><T25/><D81/><U21/><E9/><V27/><F27/><W106/><G39/><T29/><D92/><U4/><E4/><V114/><F47/><W24/><G66/><T88/><D88/><U15/><E98/><V34/><F34/><AGARI ba="0,0" hai="25,29,34,41,45,48,73,74" m="50793,50218" machi="34" ten="30,2000,0" yaku="19,1,20,1" doraHai="108" who="0" fromWho="2" sc="248,20,194,0,434,-20,124,0" owari="268,6.8,194,-20.6,414,51.4,124,-37.6" /></mjloggm>