<mjloggm ver="2.3"><GO type="225" lobby="0"/><UN n0="%45%6C%79%73%69%75%6D" n1="%E3%81%8B%E3%82%8F%E3%81%A1%E3%82%83%E3%82%93%35%38" n2="%6D%75%75%6D%75%72%61" n3="%E3%81%86%E3%82%8C%E3%81%9F%E3%82%93%E6%9E%95" dan="17,17,17,16" rate="2126.66,2143.50,2181.89,2105.50" sx="F,M,F,F"/><TAIKYOKU oya="0"/><INIT seed="0,0,0,1,3,120" ten="250,250,250,250" oya="0" hai0="100,10,23,9,36,4,46,69,73,102,135,96,55" hai1="37,6,20,90,28,13,113,71,101,49,72,91,94" hai2="29,66,40,42,88,121,130,86,21,44,103,68,16" hai3="43,82,15,48,2,108,75,95,59,60,8,5,87"/><T115/><D115/><U70/><E37/><V107/><F121/><W31/><G75/><T74/><D69/><U126/><E72/><V67/><F130/><W128/><G128/><T41/><D135/><U0/><E101/><V35/><F35/><W112/><G112/><T54/><D23/><U118/><E118/><V63/><F29/><W132/><G132/><T19/><D19/><U104/><E104/><V53/><F67/><W3/><G31/><T11/><D4/><U127/><E113/><V84/><F84/><W24/><G24/><T64/><D64/><U61/><E61/><V26/><F53/><N who="3" m="33903" /><G95/><T33/><D33/><U125/><E91/><V62/><F62/><W22/><G22/><T77/><D102/><U98/><E49/><V52/><F52/><W93/><G93/><T109/><D109/><U27/><REACH who="1" step="1"/><E13/><REACH who="1" ten="250,240,250,250" step="2"/><V76/><F76/><N who="3" m="46535" /><G108/><T110/><D110/><U111/><E111/><V83/><REACH who="2" step="1"/><F44/><AGARI ba="0,1" hai="2,3,5,8,15,43,44,48" m="46535,33903" machi="44" ten="30,1000,0" yaku="25,1" doraHai="120" who="3" fromWho="2" sc="250,0,240,0,250,-10,250,20" /><INIT seed="1,0,0,0,0,97" ten="250,240,240,270" oya="1" hai0="36,79,22,105,52,27,119,19,28,132,55,2,78" hai1="17,21,123,91,41,128,42,110,49,15,94,35,133" hai2="124,38,50,5,54,117,64,45,67,106,84,81,0" hai3="24,23,121,131,129,90,93,77,71,51,115,14,40"/><U74/><E123/><V107/><F117/><W83/><G121/><T48/><D119/><U7/><E35/><V80/><F124/><W75/><G71/><T44/><D105/><U37/><E37/><V8/><F38/><W134/><G115/><T61/><D132/><U46/><E74/><V53/><F53/><W63/><G63/><T116/><D116/><U4/><E133/><V20/><F20/><W112/><G112/><T62/><D2/><U125/><E125/><V101/><F81/><W34/><G34/><T29/><D36/><U69/><E69/><V13/><F0/><W126/><G134/><T103/><D103/><U98/><E128/><N who="3" m="49226" /><G14/><T39/><D39/><U66/><E110/><V33/><F33/><W73/><G51/><T127/><D127/><U68/><E68/><V11/><F11/><W60/><G60/><N who="0" m="23147" /><D55/><N who="1" m="30135" /><E66/><V70/><F70/><W65/><G65/><T57/><D57/><U104/><E104/><V72/><F107/><W18/><G40/><AGARI ba="0,0" hai="4,7,15,17,21,40,41,42,91,94,98" m="30135" machi="40" ten="30,1500,0" yaku="8,1" doraHai="97" who="1" fromWho="3" sc="250,0,240,15,240,0,270,-15" /><INIT seed="1,1,0,2,0,35" ten="250,255,240,255" oya="1" hai0="51,75,33,70,22,82,11,71,32,14,79,77,125" hai1="132,47,34,1,65,116,49,86,43,10,104,126,124" hai2="127,52,42,59,41,13,81,68,37,18,96,53,56" hai3="108,4,21,38,102,9,76,92,115,95,106,61,5"/><U123/><E123/><V17/><F68/><W120/><G120/><T6/><D125/><N who="1" m="48235" /><E116/><V26/><F127/><W74/><G108/><T23/><D77/><U121/><E121/><V133/><F37/><W118/><G115/><T97/><D97/><U78/><E132/><V88/><F133/><W8/><G38/><T67/><D51/><U85/><E34/><V129/><F129/><W91/><G21/><T57/><D57/><N who="2" m="22090" /><F26/><W63/><G118/><T114/><D114/><U3/><E65/><V89/><F18/><W98/><G76/><T110/><D110/><U40/><E104/><V105/><F105/><W48/><G48/><T117/><D117/><U87/><E78/><V54/><F96/><N who="3" m="57375" /><G74/><T39/><D39/><N who="1" m="21919" /><E10/><N who="3" m="4202" /><G106/><T44/><D70/><U80/><E80/><V109/><F109/><W62/><AGARI ba="1,0" hai="4,5,61,62,63,95,98,102" m="4202,57375" machi="62" ten="30,1100,0" yaku="8,1" doraHai="35" who="3" fromWho="3" sc="250,-4,255,-6,240,-4,255,14" /><INIT seed="2,0,0,1,1,123" ten="246,249,236,269" oya="2" hai0="16,130,106,78,27,53,26,82,97,47,32,127,76" hai1="126,95,36,55,94,71,46,40,6,89,1,5,102" hai2="4,12,0,124,31,111,107,30,80,129,69,60,22" hai3="20,38,108,37,119,125,17,90,63,92,70,88,134"/><V91/><F129/><W64/><G119/><T109/><D130/><U19/><E71/><V117/><F117/><W93/><G134/><T73/><D127/><U115/><E115/><V114/><F114/><W41/><G125/><T21/><D109/><U122/><E126/><V24/><F124/><W118/><G108/><T83/><D32/><U96/><E122/><V58/><F107/><W68/><G118/><T74/><D27/><U87/><E1/><V86/><F69/><W133/><G133/><T54/><REACH who="0" step="1"/><D47/><REACH who="0" ten="236,249,236,269" step="2"/><U77/><E77/><V132/><F132/><W113/><G113/><T131/><D131/><U7/><E55/><N who="2" m="33887" /><F111/><W135/><G135/><T51/><D51/><U116/><E116/><V62/><F62/><W35/><G35/><T39/><D39/><U66/><E66/><V2/><F2/><W105/><G63/><T42/><D42/><U23/><E6/><V52/><F0/><W128/><G41/><T28/><D28/><U112/><E112/><V29/><F52/><W120/><G128/><T100/><AGARI ba="0,1" hai="16,21,26,53,54,73,74,76,78,82,83,97,100,106" machi="100" ten="30,8000,1" yaku="1,1,0,1,9,1,54,1,53,1" doraHai="123" doraHaiUra="15" who="0" fromWho="0" sc="236,90,249,-20,236,-40,269,-20" /><INIT seed="3,0,0,2,3,62" ten="326,229,196,249" oya="3" hai0="128,135,72,120,9,7,2,17,83,110,36,86,37" hai1="100,54,64,22,4,6,57,114,125,15,73,30,92" hai2="32,132,127,107,111,8,60,20,14,43,26,93,106" hai3="58,108,117,42,78,38,47,98,56,105,27,134,102"/><W63/><G117/><T94/><D120/><U53/><E114/><V97/><F32/><W66/><G134/><T59/><D135/><U96/><E73/><V70/><F132/><W51/><G108/><T40/><D110/><U61/><E125/><V1/><F111/><W71/><G78/><T67/><D128/><U121/><E121/><V11/><F127/><W75/><G75/><T55/><D67/><U122/><E122/><V74/><F74/><W52/><REACH who="3" step="1"/><G27/><REACH who="3" ten="326,229,196,239" step="2"/><T44/><D72/><U41/><E41/><V118/><F43/><W104/><G104/><T24/><D24/><N who="1" m="16663" /><E15/><V34/><F118/><W79/><G79/><T3/><D3/><U126/><E126/><V99/><F106/><W84/><G84/><T19/><D86/><U5/><AGARI ba="0,1" hai="4,5,6,53,54,57,61,64,92,96,100" m="16663" machi="5" ten="30,4000,0" yaku="25,1,8,1,52,1" doraHai="62" who="1" fromWho="1" sc="326,-10,229,50,196,-10,239,-20" owari="316,41.6,279,7.9,186,-31.4,219,-18.1" /></mjloggm>