<mjloggm ver="2.3"><GO type="225" lobby="0"/><UN n0="%E3%83%8F%E3%82%A4%E3%83%91%E3%83%BC%E3%83%84%E3%83%8A%E7%BC%B6" n1="%45%6C%79%73%69%75%6D" n2="%E3%81%AA%E3%81%A1%30%39%32%37" n3="%E3%81%B2%E3%81%AA%E3%81%AE%E3%82%8A%E3%81%8F" dan="16,17,16,17" rate="2087.56,2093.77,2087.43,2143.29" sx="M,F,M,M"/><TAIKYOKU oya="0"/><INIT seed="0,0,0,0,2,5" ten="250,250,250,250" oya="0" hai0="57,133,86,60,65,38,6,130,71,124,123,70,53" hai1="83,14,23,109,24,17,84,100,73,69,33,22,125" hai2="59,37,127,116,78,76,98,131,11,101,3,0,16" hai3="122,4,45,1,20,26,135,117,107,49,113,31,35"/><T105/><D123/><U94/><E109/><V47/><F131/><W112/><G117/><T2/><D105/><U39/><E39/><V54/><F116/><W27/><G107/><T9/><D124/><U87/><E125/><V108/><F108/><W99/><G135/><T96/><D133/><U52/><E69/><V79/><F127/><W64/><G64/><T62/><D130/><U61/><E33/><V32/><F32/><W103/><G122/><T30/><D30/><U88/><E73/><V40/><F59/><W10/><G99/><T80/><D38/><U72/><E72/><V66/><F66/><W18/><REACH who="3" step="1"/><G103/><REACH who="3" ten="250,250,250,240" step="2"/><T110/><D110/><U63/><E100/><V106/><REACH who="2" step="1"/><F54/><AGARI ba="0,1" hai="1,4,10,18,20,26,27,31,35,45,49,54,112,113" machi="54" ten="30,7700,0" yaku="1,1,2,1,7,1,52,1,53,0" doraHai="5" doraHaiUra="120" who="3" fromWho="2" sc="250,0,250,0,250,-77,240,87" /><INIT seed="1,0,0,2,5,124" ten="250,250,173,327" oya="1" hai0="24,10,64,0,69,37,12,111,35,53,106,54,125" hai1="34,38,1,13,2,36,77,86,20,6,66,48,21" hai2="96,14,117,123,28,81,19,32,113,65,94,62,55" hai3="3,23,133,56,93,128,97,58,89,118,131,122,31"/><U44/><E34/><V49/><F117/><W71/><G71/><T105/><D37/><U4/><E66/><V91/><F123/><W92/><G3/><T75/><D75/><U29/><E1/><V33/><F113/><W107/><G107/><T61/><D0/><U88/><E2/><V73/><F73/><W116/><G122/><T52/><D125/><U8/><E4/><V102/><F28/><W15/><G133/><T100/><D111/><U26/><E21/><V90/><F81/><W67/><G93/><T104/><D12/><U45/><E77/><V43/><F43/><W16/><G31/><N who="0" m="19943" /><D10/><U82/><REACH who="1" step="1"/><E45/><REACH who="1" ten="250,240,173,327" step="2"/><V60/><F33/><W119/><G67/><T121/><D121/><U17/><E17/><V74/><F32/><W11/><G23/><T39/><D39/><U63/><E63/><V57/><F74/><W41/><G41/><AGARI ba="0,1" hai="6,8,13,20,26,29,36,38,41,44,48,82,86,88" machi="41" ten="30,11600,0" yaku="1,1,7,1,54,1,53,1" doraHai="124" doraHaiUra="22" who="1" fromWho="3" sc="250,0,240,126,173,0,327,-116" /><INIT seed="1,1,0,5,4,68" ten="250,366,173,211" oya="1" hai0="129,76,66,64,31,13,60,27,110,53,91,116,125" hai1="54,2,74,49,63,6,37,23,35,47,14,46,5" hai2="67,69,90,79,33,107,43,44,104,103,41,112,114" hai3="81,10,111,48,83,56,0,120,62,82,135,4,131"/><U97/><E74/><V39/><F79/><W19/><G120/><T132/><D116/><U92/><E35/><V65/><F90/><W8/><G111/><T30/><D110/><U58/><E2/><V108/><F108/><W42/><G135/><T100/><D132/><U61/><E37/><N who="2" m="21551" /><F33/><W22/><G131/><T133/><D133/><U15/><E63/><N who="2" m="40127" /><F103/><W52/><G10/><T84/><D129/><U1/><E46/><N who="2" m="23935" /><F67/><W78/><G78/><T94/><D66/><U122/><E1/><V73/><F73/><W29/><G29/><T96/><D31/><U18/><E14/><V12/><F12/><W16/><G19/><T89/><D13/><U24/><E15/><V7/><F7/><W113/><G81/><T80/><D64/><N who="1" m="38967" /><E122/><V121/><F121/><W59/><G83/><T45/><D30/><U71/><E5/><V9/><F9/><W95/><G82/><T119/><D27/><U50/><E6/><V128/><F128/><W99/><G4/><T40/><D76/><U32/><E32/><V87/><F87/><W3/><G3/><T127/><D89/><U130/><E130/><V17/><F17/><W86/><G8/><T118/><D118/><U36/><E18/><V72/><F72/><W106/><G0/><T21/><D119/><U51/><E23/><V25/><F25/><W77/><G22/><T101/><D21/><U126/><E24/><V115/><AGARI ba="1,0" hai="104,107,112,114,115" m="23935,40127,21551" machi="115" ten="30,7900,0" yaku="11,1,23,1,52,2" doraHai="68" who="2" fromWho="2" sc="250,-21,366,-40,173,82,211,-21" /><INIT seed="2,0,0,0,2,8" ten="229,326,255,190" oya="2" hai0="34,3,62,98,0,67,117,69,132,54,35,57,126" hai1="92,42,22,60,20,15,128,82,26,118,27,56,80" hai2="71,47,103,86,116,7,39,122,28,102,100,36,121" hai3="58,5,37,48,23,108,10,66,79,25,45,83,96"/><V123/><F116/><W75/><G108/><T46/><D117/><U51/><E118/><V63/><F28/><W107/><G37/><T119/><D119/><U19/><E128/><V72/><F72/><W74/><G74/><T125/><D98/><U120/><E120/><V50/><F71/><W24/><G107/><T6/><D46/><N who="1" m="26071" /><E92/><V134/><F63/><W32/><G32/><N who="0" m="12331" /><D6/><U16/><E26/><V30/><F30/><W81/><G81/><T78/><D78/><U135/><E135/><V97/><F97/><W38/><G38/><T61/><D132/><U115/><E115/><V124/><F124/><AGARI ba="0,0" hai="0,3,54,57,61,62,67,69,124,125,126" m="12331" machi="124" ten="30,1000,0" yaku="18,1" doraHai="8" who="0" fromWho="2" sc="229,10,326,0,255,-10,190,0" /><INIT seed="3,0,0,0,4,111" ten="239,326,245,190" oya="3" hai0="83,97,113,21,36,124,9,44,56,20,35,76,64" hai1="103,67,48,92,65,18,85,86,77,91,130,101,19" hai2="57,45,118,40,79,14,135,114,100,60,59,84,120" hai3="117,109,42,32,13,53,95,25,24,62,94,37,41"/><W71/><G117/><T99/><D35/><U69/><E130/><V106/><F114/><W0/><G0/><T132/><D132/><U8/><E69/><V33/><F33/><W126/><G109/><T128/><D128/><U23/><E48/><V68/><F118/><W119/><G119/><T3/><D124/><U26/><E18/><V90/><F79/><W39/><G32/><T125/><D125/><U30/><E8/><V93/><F68/><W115/><G126/><T134/><D134/><U80/><E19/><V75/><F60/><W104/><G71/><T55/><D64/><AGARI ba="0,0" hai="23,26,30,64,65,67,77,80,85,86,91,92,101,103" machi="64" ten="40,1300,0" yaku="8,1" doraHai="111" who="1" fromWho="0" sc="239,-13,326,13,245,0,190,0" owari="226,-17.4,339,43.9,245,4.5,190,-31.0" /></mjloggm>