<mjloggm ver="2.3"><GO type="225" lobby="0"/><UN n0="%E5%8D%A0%E3%81%84%E5%B8%AB%E8%A3%8F%E3%81%AA%E3%81%84%E3%81%97" n1="%4C%4F%4C%49%54%41" n2="%E3%81%A8%E3%82%93%E3%81%A8%E3%81%93%E3%81%A8%E3%82%93" n3="%E5%8F%AF%E5%85%90%E9%82%A3%E7%94%B1%E5%A4%9A" dan="16,16,16,17" rate="2132.94,2177.93,2128.93,2245.13" sx="M,F,M,F"/><TAIKYOKU oya="0"/><INIT seed="0,0,0,3,0,97" ten="250,250,250,250" oya="0" hai0="32,0,91,81,66,12,111,29,127,37,88,93,70" hai1="56,47,100,1,109,17,3,105,73,8,21,128,108" hai2="23,65,113,86,53,51,87,120,49,16,83,103,68" hai3="5,24,107,30,54,35,41,61,114,48,116,69,67"/><T132/><D0/><U74/><E128/><V39/><F113/><W15/><G114/><T25/><D37/><U36/><E56/><V27/><F120/><W133/><G116/><T19/><D127/><U121/><E121/><V4/><F39/><W46/><G133/><T80/><D132/><U62/><E62/><V99/><F4/><W26/><G26/><T72/><D72/><U11/><E73/><V2/><F2/><N who="1" m="521" /><E74/><V102/><F68/><W89/><G107/><T44/><D111/><N who="1" m="42571" /><E105/><V98/><F65/><W84/><G5/><T104/><D104/><U10/><E100/><N who="2" m="38443" /><F87/><W129/><G129/><T96/><D91/><U42/><E8/><V131/><F131/><W64/><G15/><AGARI ba="0,0" hai="10,11,15,17,21,36,42,47" m="42571,521" machi="15" ten="30,1000,0" yaku="14,1" doraHai="97" who="1" fromWho="3" sc="250,0,250,10,250,0,250,-10" /><INIT seed="1,0,0,1,4,0" ten="250,260,250,240" oya="1" hai0="118,83,124,119,56,98,66,89,10,29,14,123,51" hai1="67,99,122,121,69,91,104,86,18,127,84,64,126" hai2="106,109,20,12,62,6,58,68,17,27,94,81,93" hai3="71,103,3,87,39,36,16,59,111,50,34,8,92"/><U96/><E18/><V75/><F106/><W44/><G71/><T116/><D124/><N who="1" m="47659" /><E69/><V38/><F38/><W114/><G114/><T129/><D129/><U108/><E108/><V102/><F68/><W28/><G111/><T76/><D123/><N who="1" m="47115" /><E104/><V30/><F109/><W57/><G28/><T40/><D29/><U22/><E22/><V79/><F102/><W97/><G34/><T105/><D66/><N who="1" m="25131" /><E91/><V42/><F17/><W74/><G36/><T31/><D31/><U11/><E11/><V112/><F112/><W47/><G39/><T115/><D115/><U13/><E13/><V25/><F12/><N who="3" m="7175" /><G3/><T7/><D89/><U26/><E26/><V110/><F110/><W100/><G100/><T73/><D118/><U120/><N who="1" m="47123" /><U133/><DORA hai="60" /><E133/><V19/><F19/><W55/><G74/><T9/><D9/><U23/><E23/><V48/><F27/><W15/><G15/><T134/><D134/><U82/><E82/><V101/><F101/><W107/><G107/><T70/><D70/><U21/><E21/><V80/><F75/><W90/><G103/><N who="0" m="62711" /><D119/><U52/><E52/><V128/><F30/><W125/><G125/><T43/><D116/><U117/><E117/><V5/><F20/><W37/><G90/><T88/><D88/><U46/><E46/><V78/><F25/><W33/><G44/><T45/><D45/><U85/><AGARI ba="0,0" hai="84,85,86,96,99" m="25131,47123,47659" machi="85" ten="50,18000,2" yaku="28,2,18,1,52,3" doraHai="0,60" who="1" fromWho="1" sc="250,-60,260,180,250,-60,240,-60" /><INIT seed="1,1,0,3,0,48" ten="190,440,190,180" oya="1" hai0="35,37,24,42,13,94,70,67,124,52,21,85,116" hai1="111,104,65,14,34,41,125,56,113,33,54,58,120" hai2="100,121,22,62,18,78,127,126,89,98,44,69,7" hai3="15,26,0,132,128,71,109,122,59,96,8,133,11"/><U43/><E104/><V61/><F121/><W32/><G71/><T16/><D116/><U73/><E73/><V107/><F78/><W23/><G96/><T60/><D124/><N who="2" m="47658" /><F69/><W63/><G122/><T77/><D37/><U40/><E125/><V28/><F28/><N who="3" m="19479" /><G59/><T87/><D42/><U38/><E14/><N who="2" m="9559" /><F7/><N who="3" m="1127" /><G63/><N who="2" m="24073" /><F44/><W134/><G109/><T92/><D35/><U80/><E33/><V51/><F51/><W101/><G101/><T3/><D3/><U9/><E34/><V39/><F89/><W97/><G97/><T29/><D77/><U20/><E120/><V57/><F57/><W66/><G66/><T55/><D92/><U6/><E65/><V50/><F50/><W114/><G114/><T115/><D94/><U31/><E113/><V86/><F86/><W19/><G128/><T81/><D115/><U131/><E131/><V74/><F39/><W88/><G88/><T119/><D119/><U79/><E58/><V95/><F95/><W103/><G103/><T2/><D2/><U17/><E38/><V83/><F83/><W130/><G130/><T105/><D105/><U76/><E80/><V112/><F112/><W72/><G72/><AGARI ba="1,0" hai="72,74,98,100,107" m="24073,9559,47658" machi="72" ten="30,1000,0" yaku="18,1" doraHai="48" who="2" fromWho="3" sc="190,0,440,0,190,13,180,-13" /><INIT seed="2,0,0,3,4,30" ten="190,440,203,167" oya="2" hai0="19,105,54,8,85,22,75,43,135,42,39,76,119" hai1="121,2,9,116,38,131,90,55,16,45,6,66,127" hai2="52,3,23,10,40,7,96,78,27,123,56,83,60" hai3="64,15,95,82,80,0,111,117,31,33,68,70,88"/><V92/><F40/><W21/><G117/><T84/><D75/><U63/><E116/><V99/><F92/><W107/><G107/><T129/><D119/><U14/><E127/><V36/><F36/><W71/><G0/><T62/><D105/><U124/><E124/><V46/><F46/><W44/><G111/><T98/><D129/><U4/><E131/><V47/><F47/><W104/><G104/><T102/><D135/><U122/><E90/><V49/><F60/><W37/><G64/><T115/><D115/><U59/><E2/><V120/><F120/><N who="1" m="46185" /><E55/><V24/><F123/><W109/><G109/><T35/><D8/><U73/><E73/><V100/><F100/><W130/><G130/><T26/><D39/><U67/><E66/><V81/><F27/><W18/><G44/><T50/><D62/><U25/><E25/><V133/><F133/><W77/><G77/><T20/><D76/><U87/><E87/><V126/><F126/><W51/><G51/><T53/><D50/><U113/><E113/><V1/><F3/><W97/><REACH who="3" step="1"/><G37/><REACH who="3" ten="190,440,203,157" step="2"/><T32/><D43/><AGARI ba="0,1" hai="4,6,9,14,16,38,43,45,59,63,67" m="46185" machi="43" ten="30,2000,0" yaku="13,1,54,1" doraHai="30" who="1" fromWho="0" sc="190,-20,440,30,203,0,157,0" /><INIT seed="3,0,0,3,0,65" ten="170,470,203,157" oya="3" hai0="43,78,110,24,127,33,126,57,6,107,120,16,35" hai1="49,76,19,41,7,118,108,26,9,106,21,86,80" hai2="72,73,29,109,40,104,45,25,129,94,69,1,48" hai3="91,36,97,74,27,95,50,66,81,37,85,82,117"/><W103/><G117/><T11/><D110/><U122/><E122/><V15/><F104/><W84/><G74/><T54/><D107/><U90/><E106/><V116/><F1/><W22/><G50/><T125/><D43/><U130/><E108/><V112/><F112/><W105/><G66/><T34/><D120/><U98/><E130/><V68/><F116/><W10/><G10/><T17/><D78/><U2/><E118/><V42/><F109/><W13/><G13/><N who="0" m="5367" /><D24/><U93/><E41/><V88/><F129/><W18/><REACH who="3" step="1"/><G105/><REACH who="3" ten="170,470,203,147" step="2"/><T61/><AGARI ba="0,1" hai="16,17,33,34,35,54,57,61,125,126,127" m="5367" machi="61" ten="40,2700,0" yaku="18,1,54,1" doraHai="65" who="0" fromWho="0" sc="170,37,470,-7,203,-7,147,-13" owari="207,0.7,463,56.3,196,-20.4,134,-36.6" /></mjloggm>