<mjloggm ver="2.3"><GO type="225" lobby="0"/><UN n0="%43%68%65" n1="%E6%80%AA%E3%81%97%E3%81%99%E3%81%8E%E3%82%8B%E3%83%81%E3%83%BC" n2="%E6%A1%9C%E8%8A%B1%E9%96%83%E3%80%85" n3="%E6%97%A5%E6%9B%9C%E6%97%A5%E3%82%88%E3%82%8A%E3%81%AE%E4%BD%BF%E8%80%85" dan="16,17,18,17" rate="2168.93,2158.45,2253.16,2197.30" sx="M,M,M,M"/><TAIKYOKU oya="0"/><INIT seed="0,0,0,3,3,99" ten="250,250,250,250" oya="0" hai0="77,54,74,120,69,115,98,105,39,67,53,65,3" hai1="12,62,118,21,41,108,1,18,44,104,83,27,40" hai2="6,107,102,72,81,79,73,57,123,75,28,121,37" hai3="90,71,110,24,94,95,38,133,0,93,31,103,135"/><T13/><D115/><U8/><E104/><V127/><F57/><W45/><G0/><T129/><D3/><U130/><E118/><V5/><F28/><W61/><G110/><T126/><D39/><U23/><E108/><V19/><F19/><W128/><G128/><T111/><D111/><U11/><E130/><V122/><F37/><W25/><G90/><T49/><D129/><U76/><E1/><V47/><F47/><W15/><G15/><T97/><D120/><U70/><E62/><V113/><F113/><W17/><G17/><T14/><D49/><U88/><E70/><V116/><F116/><W78/><G78/><T114/><D114/><U16/><E88/><V112/><F112/><W86/><G86/><T10/><D77/><U100/><E100/><V80/><F127/><W84/><G84/><T58/><D58/><U50/><REACH who="1" step="1"/><E41/><REACH who="1" ten="250,240,250,250" step="2"/><V64/><F81/><W87/><G103/><T91/><D91/><U106/><E106/><V7/><REACH who="2" step="1"/><F64/><REACH who="2" ten="250,240,240,250" step="2"/><W85/><G71/><T55/><D69/><U124/><E124/><V66/><F66/><W32/><G61/><T131/><D126/><U96/><E96/><AGARI ba="0,2" hai="5,6,7,72,73,75,79,80,96,102,107,121,122,123" machi="96" ten="50,3200,0" yaku="1,1,52,1,53,0" doraHai="99" doraHaiUra="63" who="2" fromWho="1" sc="250,0,240,-32,240,52,250,0" /><INIT seed="1,0,0,5,5,82" ten="250,208,292,250" oya="1" hai0="124,59,135,101,127,90,11,2,97,24,33,35,53" hai1="120,54,126,74,13,104,80,100,67,132,31,20,57" hai2="12,103,22,95,19,3,34,16,48,109,45,10,111" hai3="50,39,58,18,42,29,87,125,92,83,117,128,46"/><U116/><E120/><V115/><F34/><W77/><G125/><T72/><D135/><U99/><E116/><V88/><F103/><W64/><G117/><T61/><D72/><U23/><E126/><N who="0" m="48169" /><D90/><U122/><E132/><V96/><F115/><W118/><G118/><T75/><D24/><U36/><E122/><V91/><F91/><W68/><G128/><T133/><D75/><U85/><E36/><V43/><REACH who="2" step="1"/><F3/><REACH who="2" ten="250,208,282,250" step="2"/><W7/><G77/><T107/><D133/><U25/><E74/><V27/><AGARI ba="0,1" hai="10,12,16,19,22,27,43,45,48,88,95,96,109,111" machi="27" ten="30,8000,1" yaku="1,1,2,1,0,1,54,2,53,0" doraHai="82" doraHaiUra="0" who="2" fromWho="2" sc="250,-20,208,-40,282,90,250,-20" /><INIT seed="2,0,0,2,5,64" ten="230,168,372,230" oya="2" hai0="111,84,87,8,135,110,42,95,71,14,126,92,34" hai1="75,62,61,99,93,100,83,12,97,79,32,5,103" hai2="109,70,7,108,24,116,88,105,89,16,98,82,69" hai3="80,133,131,51,36,91,72,113,38,25,117,11,130"/><V85/><F116/><W58/><G117/><T37/><D34/><U120/><E32/><V52/><F7/><W67/><G133/><T118/><D118/><U35/><E35/><V123/><F123/><W114/><G25/><T96/><D135/><U101/><E120/><V124/><F124/><W53/><G11/><T112/><D95/><U73/><E73/><V39/><F39/><N who="3" m="14891" /><G91/><T102/><D112/><N who="3" m="43113" /><G67/><T17/><D126/><U31/><E31/><V60/><F24/><W9/><G9/><T30/><D30/><U68/><E68/><V81/><F16/><W28/><G28/><T33/><D71/><U132/><E132/><V21/><F21/><W54/><G54/><T56/><D33/><U23/><E100/><N who="2" m="62615" /><F89/><W115/><N who="3" m="43121" /><W57/><DORA hai="119" /><G57/><T106/><D56/><U41/><E41/><V129/><F82/><W44/><G58/><T86/><D106/><U78/><E78/><AGARI ba="0,0" hai="44,51,53,72,78,80,130,131" m="43121,14891" machi="78" ten="50,1600,0" yaku="11,1" doraHai="64,119" who="3" fromWho="1" sc="230,0,168,-16,372,0,230,16" /><INIT seed="3,0,0,0,5,10" ten="230,152,372,246" oya="3" hai0="93,130,32,43,115,20,61,131,51,49,44,16,7" hai1="135,62,78,38,52,111,37,74,114,50,73,123,117" hai2="1,47,36,71,80,35,97,98,108,119,15,81,100" hai3="129,55,72,60,4,14,68,79,69,33,101,64,21"/><W104/><G33/><T41/><D32/><U122/><E78/><V48/><F1/><W83/><G129/><N who="0" m="49163" /><D115/><U121/><E74/><V17/><F36/><N who="1" m="13929" /><E73/><V82/><F108/><W11/><G55/><T127/><D127/><U99/><E99/><V24/><F119/><W89/><G89/><T23/><D7/><U70/><E114/><V63/><F63/><W90/><G90/><T106/><D106/><U19/><E19/><V65/><F65/><W25/><G101/><T91/><D61/><U8/><E8/><V12/><F71/><W42/><G42/><N who="0" m="24727" /><D51/><U0/><E0/><V3/><F3/><W34/><G34/><T109/><D23/><U128/><E111/><V134/><F97/><W56/><REACH who="3" step="1"/><G104/><REACH who="3" ten="230,152,372,236" step="2"/><T40/><D109/><U9/><E128/><V84/><F35/><W66/><G66/><T31/><D41/><U113/><E113/><V88/><F100/><W26/><G26/><N who="0" m="14599" /><D31/><AGARI ba="0,1" hai="4,11,14,21,25,31,56,60,64,68,69,72,79,83" machi="31" ten="30,11600,0" yaku="1,1,7,1,52,1,53,1" doraHai="10" doraHaiUra="18" who="3" fromWho="0" sc="230,-116,152,0,372,0,236,126" /><INIT seed="3,1,0,3,3,120" ten="114,152,372,362" oya="3" hai0="62,64,35,7,107,131,11,111,125,102,90,110,56" hai1="78,0,16,97,86,83,94,93,33,40,26,129,84" hai2="100,122,13,20,57,46,23,118,114,104,128,39,116" hai3="69,98,25,5,80,49,34,41,126,51,6,10,42"/><W47/><G69/><T37/><D37/><U52/><E129/><V43/><F114/><W73/><G126/><T45/><D125/><U14/><E0/><V96/><F128/><W79/><G98/><T91/><D131/><U127/><E127/><V27/><F122/><W63/><G63/><T112/><D35/><U109/><E109/><N who="0" m="41481" /><D112/><U115/><E115/><V134/><F134/><W119/><G119/><T9/><D45/><U70/><E70/><V67/><F13/><W19/><G34/><T76/><D76/><U75/><E40/><V24/><F57/><W89/><G89/><N who="0" m="33803" /><D7/><U44/><E97/><AGARI ba="1,0" hai="9,11,56,62,64,97,102,107" m="33803,41481" machi="97" ten="30,7700,0" yaku="14,1,52,3" doraHai="120" who="0" fromWho="1" sc="114,80,152,-80,372,0,362,0" owari="194,-20.6,72,-42.8,372,47.2,362,16.2" /></mjloggm>