<mjloggm ver="2.3"><GO type="225" lobby="0"/><UN n0="%77%72%77%72%77%72%77%72" n1="%E5%B0%8F%E9%B3%A5%E9%81%8A%E7%B7%B4%E7%84%A1%32%31%E6%AD%B3" n2="%E6%98%93%E5%88%A9%E8%96%A9%E4%BC%AF" n3="%E3%81%82%E3%81%B9%E3%81%99%E3%81%91" dan="16,16,16,16" rate="2200.97,2141.12,2050.91,2156.52" sx="M,F,F,M"/><TAIKYOKU oya="0"/><INIT seed="0,0,0,4,5,28" ten="250,250,250,250" oya="0" hai0="7,47,122,90,109,87,13,85,116,106,52,37,16" hai1="99,39,92,3,59,86,14,79,15,108,82,97,93" hai2="34,78,18,42,113,69,132,40,22,95,17,48,112" hai3="38,44,26,103,110,24,117,76,88,120,124,65,0"/><T57/><D116/><U30/><E39/><V134/><F78/><W77/><G117/><T60/><D122/><U31/><E3/><V27/><F95/><W75/><G0/><T66/><D106/><U121/><E108/><V4/><F48/><W43/><G110/><T49/><D109/><U123/><E59/><V74/><F74/><W127/><G103/><T50/><D37/><U19/><E79/><N who="3" m="30282" /><G65/><T130/><D130/><U20/><E82/><V5/><F69/><W118/><G118/><T72/><D72/><U83/><E83/><V71/><F71/><W111/><G120/><T1/><D1/><U33/><E86/><V11/><F34/><W36/><G36/><T107/><D7/><N who="2" m="2634" /><F42/><W25/><G111/><T115/><D107/><U94/><E33/><V119/><F40/><W62/><G26/><T56/><D90/><U46/><E93/><V84/><F84/><W129/><G62/><T125/><D115/><N who="2" m="44106" /><F119/><W81/><G129/><T135/><D135/><N who="2" m="51754" /><F11/><W89/><G75/><T104/><D104/><U128/><E128/><V21/><F27/><N who="3" m="10315" /><G81/><T100/><D100/><U101/><E101/><V6/><N who="2" m="2642" /><V41/><DORA hai="98" /><F41/><W8/><G8/><N who="0" m="6183" /><D125/><AGARI ba="0,0" hai="38,43,44,88,89,124,125,127" m="10315,30282" machi="125" ten="30,2000,0" yaku="18,1,54,1" doraHai="28,98" who="3" fromWho="0" sc="250,-20,250,0,250,0,250,20" /><INIT seed="1,0,0,2,0,117" ten="230,250,250,270" oya="1" hai0="79,127,73,28,52,97,13,99,116,26,89,131,98" hai1="40,70,51,64,94,121,126,107,61,5,65,37,82" hai2="132,44,9,2,93,42,22,23,21,133,129,81,122" hai3="19,120,58,134,41,36,25,130,102,104,32,71,108"/><U57/><E107/><V128/><F93/><W34/><G120/><T27/><D116/><U56/><E5/><N who="2" m="1207" /><F81/><W124/><G108/><T59/><D131/><N who="2" m="50250" /><F44/><W24/><G41/><T63/><D127/><U123/><E94/><V38/><F42/><W10/><G10/><T113/><D113/><U125/><E82/><V78/><F78/><W3/><G58/><N who="1" m="22634" /><E65/><V54/><F54/><W86/><G36/><T109/><D109/><U74/><E74/><V100/><F100/><W110/><G102/><T47/><D47/><N who="1" m="26087" /><E37/><V12/><F38/><W33/><G86/><T106/><D106/><U46/><E46/><V50/><F50/><W75/><G75/><T118/><D118/><U135/><E135/><N who="2" m="51787" /><F122/><AGARI ba="0,0" hai="61,64,70,121,122,123,125,126" m="26087,22634" machi="122" ten="30,12000,1" yaku="34,2,52,3" doraHai="117" who="1" fromWho="2" sc="230,0,250,120,250,-120,270,0" /><INIT seed="1,1,0,1,5,125" ten="230,370,130,270" oya="1" hai0="62,115,64,30,102,84,45,71,101,117,90,47,130" hai1="93,104,38,68,55,89,4,17,105,126,32,25,69" hai2="21,116,16,77,10,67,82,1,13,63,103,51,49" hai3="79,72,106,131,34,135,99,9,8,66,113,124,19"/><U31/><E126/><V18/><F116/><W81/><G135/><T111/><D115/><U59/><E4/><V107/><F107/><W123/><G113/><T98/><D117/><U57/><E17/><V127/><F103/><W128/><G123/><T85/><D111/><U3/><E3/><V20/><F127/><W58/><G34/><T95/><D130/><N who="3" m="49705" /><G124/><T37/><D102/><U76/><E38/><V114/><F114/><W80/><G19/><T40/><D30/><U108/><E108/><V132/><F132/><W15/><G15/><T27/><D27/><U87/><E76/><V26/><F10/><W70/><G70/><T0/><D0/><U88/><E89/><V118/><F118/><W53/><G66/><T110/><D110/><U92/><E68/><V94/><F94/><W75/><G99/><T11/><D11/><N who="3" m="4169" /><G106/><T121/><D121/><U86/><E69/><V133/><F133/><W33/><G33/><T2/><D2/><U97/><E105/><V14/><F26/><W6/><G6/><T43/><REACH who="0" step="1"/><D101/><REACH who="0" ten="220,370,130,270" step="2"/><U74/><E32/><V48/><F1/><W122/><G122/><T78/><D78/><U22/><E25/><V5/><F5/><W73/><G79/><T83/><D83/><U109/><E109/><V60/><REACH who="2" step="1"/><F67/><REACH who="2" ten="220,370,120,270" step="2"/><W39/><G72/><AGARI ba="1,2" hai="13,14,16,18,20,21,48,49,51,60,63,72,77,82" machi="72" ten="40,8000,1" yaku="1,1,2,1,9,1,54,1,53,0" doraHai="125" doraHaiUra="54" who="2" fromWho="3" sc="220,0,370,0,120,103,270,-83" /><INIT seed="2,0,0,1,5,112" ten="220,370,223,187" oya="2" hai0="12,61,58,3,19,131,80,116,22,122,32,76,115" hai1="102,1,121,45,59,0,8,107,74,85,130,67,88" hai2="135,105,101,104,42,64,95,132,13,123,118,128,60" hai3="54,50,39,10,5,2,83,18,87,30,48,41,51"/><V106/><F123/><W25/><G18/><T57/><D115/><U133/><E74/><V89/><F128/><W120/><G120/><T16/><D122/><U68/><E121/><V103/><F42/><W20/><G39/><T79/><D131/><U110/><E110/><V78/><F13/><W62/><G62/><T28/><D116/><U65/><E68/><V96/><F118/><W69/><G69/><T6/><D19/><U34/><E34/><V44/><F44/><W84/><G41/><T21/><D21/><U99/><E133/><N who="2" m="51275" /><F78/><W23/><G23/><T92/><D79/><U72/><E72/><V125/><F125/><W47/><REACH who="3" step="1"/><G87/><REACH who="3" ten="220,370,223,177" step="2"/><T126/><D126/><U108/><E85/><V129/><F129/><W15/><G15/><T63/><D12/><U113/><E130/><V37/><F37/><W70/><G70/><AGARI ba="0,1" hai="60,64,70,89,95,96,101,103,104,105,106" m="51275" machi="70" ten="40,2000,0" yaku="20,1" doraHai="112" who="2" fromWho="3" sc="220,0,370,0,223,30,177,-20" /><INIT seed="2,1,0,4,5,135" ten="220,370,253,157" oya="2" hai0="90,50,102,21,73,43,128,34,91,60,92,112,9" hai1="115,113,78,106,83,54,87,41,89,105,1,94,114" hai2="68,101,32,37,93,11,45,13,5,2,77,27,31" hai3="84,98,99,46,42,10,120,107,95,82,14,69,111"/><V3/><F68/><W17/><G120/><T36/><D112/><U16/><E1/><V109/><F109/><W100/><G111/><T40/><D34/><U131/><E41/><V63/><F77/><W15/><G69/><T133/><D73/><U96/><E54/><V121/><F63/><W110/><G110/><T0/><D36/><U130/><REACH who="1" step="1"/><E16/><REACH who="1" ten="220,360,253,157" step="2"/><V51/><F37/><W28/><G28/><T56/><D43/><U6/><E6/><V124/><F2/><W49/><G15/><T30/><D40/><U48/><E48/><V4/><F4/><W76/><REACH who="3" step="1"/><G99/><REACH who="3" ten="220,360,253,147" step="2"/><N who="0" m="59751" /><D30/><U116/><E116/><V119/><F119/><W44/><G44/><T71/><D0/><U85/><E85/><V86/><F45/><W81/><G81/><T132/><D132/><U57/><E57/><V118/><F86/><W127/><G127/><T103/><D56/><U23/><E23/><V20/><F118/><W117/><G117/><T64/><D21/><U79/><E79/><V67/><F124/><W18/><G18/><T122/><D133/><U7/><E7/><V134/><F134/><W129/><G129/><AGARI ba="1,2" hai="78,83,87,89,94,96,105,106,113,114,115,129,130,131" machi="129" ten="50,12000,2" yaku="1,1,19,1,34,3,53,1" doraHai="135" doraHaiUra="74" who="1" fromWho="3" sc="220,0,360,143,253,0,147,-123" /><INIT seed="3,0,0,0,4,67" ten="220,503,253,24" oya="3" hai0="43,14,15,1,55,112,124,97,33,51,28,123,58" hai1="27,13,127,110,90,57,113,21,73,125,30,10,3" hai2="6,64,69,45,121,89,94,104,115,96,50,75,32" hai3="74,79,54,95,49,53,60,71,87,80,134,65,18"/><W72/><G134/><T25/><D123/><U62/><E73/><V91/><F32/><W108/><G108/><T135/><D135/><U11/><E113/><V36/><F36/><W16/><G54/><T84/><D112/><U100/><E100/><V22/><F75/><W117/><G117/><T93/><D1/><U46/><E110/><V106/><F6/><W126/><G126/><N who="1" m="48138" /><E3/><V26/><F115/><W47/><REACH who="3" step="1"/><G74/><REACH who="3" ten="220,503,253,14" step="2"/><T122/><D124/><U105/><E105/><V20/><F104/><W52/><G52/><T133/><D55/><N who="1" m="34111" /><E13/><V42/><F106/><W98/><G98/><T37/><D97/><U103/><E103/><V0/><F96/><W107/><G107/><T92/><D14/><U31/><E46/><V12/><F45/><W102/><G102/><T61/><D15/><U131/><E131/><V129/><F12/><W29/><G29/><T34/><D28/><U66/><E30/><V88/><F129/><W24/><G24/><T111/><D25/><U56/><E31/><V48/><F26/><W101/><G101/><T40/><D133/><U68/><E27/><V132/><F132/><W109/><G109/><T4/><D111/><U82/><E10/><V114/><F0/><W9/><G9/><T70/><D33/><U120/><E11/><V8/><F114/><W2/><G2/><T59/><D34/><U83/><E21/><V17/><F22/><W38/><G38/><T19/><D37/><U63/><E120/><V85/><F121/><W77/><G77/><T99/><D122/><U23/><E23/><V76/><F8/><W39/><G39/><RYUUKYOKU ba="0,1" sc="220,-10,503,-10,253,-10,14,30" hai3="16,18,47,49,53,60,65,71,72,79,80,87,95" /><INIT seed="3,1,1,1,5,75" ten="210,493,243,44" oya="3" hai0="14,38,90,135,118,15,21,73,105,56,60,71,8" hai1="33,95,68,41,93,11,106,25,97,31,7,115,126" hai2="112,62,134,26,10,107,48,22,104,20,52,82,72" hai3="100,44,46,128,113,43,92,3,125,88,114,96,18"/><W117/><G117/><T129/><D118/><U119/><E115/><V77/><F112/><W35/><G35/><T61/><D38/><U50/><E68/><V111/><F111/><W54/><G3/><T42/><D129/><U109/><E109/><V57/><F134/><W36/><G128/><T80/><D135/><U32/><E32/><V83/><F10/><W91/><G125/><T5/><D105/><U4/><E126/><V34/><F83/><W67/><G67/><T132/><D132/><U89/><E4/><V55/><F22/><W120/><G120/><T108/><D108/><U51/><E106/><V28/><F20/><W0/><G0/><T30/><D42/><U45/><E95/><V110/><F110/><W39/><G18/><N who="0" m="10455" /><D73/><U78/><E78/><V66/><F55/><W37/><G114/><T79/><D30/><U59/><E119/><V101/><F101/><W99/><G113/><T86/><D71/><AGARI ba="1,1" hai="26,28,34,48,52,57,62,66,71,72,77,82,104,107" machi="71" ten="30,3900,0" yaku="7,1,52,1,54,1" doraHai="75" who="2" fromWho="0" sc="210,-42,493,0,243,52,44,0" owari="168,-23.2,493,59.3,295,9.5,44,-45.6" /></mjloggm>