<mjloggm ver="2.3"><GO type="225" lobby="0"/><UN n0="%77%72%77%72%77%72%77%72" n1="%E3%82%A2%E3%83%BC%E3%83%A2%E3%83%AD%E3%83%BC%E3%83%B4%E3%82%A1" n2="%E3%81%BF%E3%81%BF%E3%81%9A" n3="%E3%81%B5%E3%81%98%E3%81%8B%E3%81%A4" dan="17,16,16,16" rate="2244.48,2148.41,2242.89,2183.76" sx="M,M,M,M"/><TAIKYOKU oya="0"/><INIT seed="0,0,0,2,3,70" ten="250,250,250,250" oya="0" hai0="103,3,82,97,46,86,134,74,106,42,67,102,131" hai1="34,78,13,49,20,7,48,35,47,72,65,5,75" hai2="29,71,8,84,125,127,96,1,112,51,88,4,68" hai3="80,110,73,108,62,36,16,28,30,12,14,104,61"/><T95/><D131/><U92/><E65/><V26/><F112/><W56/><G104/><T109/><D134/><U76/><E92/><N who="2" m="56327" /><F51/><N who="1" m="19529" /><E13/><V53/><F53/><W115/><G115/><T58/><D109/><N who="3" m="42089" /><G36/><T23/><D3/><U83/><E20/><N who="2" m="15559" /><F84/><W50/><G12/><T116/><D116/><U11/><E11/><V77/><F77/><N who="1" m="29801" /><E83/><V79/><F79/><N who="3" m="44143" /><G50/><T54/><D74/><N who="1" m="28203" /><E47/><V90/><F90/><W123/><G123/><T100/><D67/><U122/><E122/><V60/><F60/><N who="3" m="23147" /><G56/><T124/><D58/><U59/><E59/><V113/><F113/><W87/><G87/><T22/><D54/><U18/><E18/><V25/><F25/><W118/><G118/><T24/><D24/><U37/><E37/><V64/><F64/><W40/><G40/><T27/><D27/><U66/><E66/><V114/><F114/><W55/><G55/><T33/><D42/><U57/><E57/><V107/><F107/><W6/><G6/><AGARI ba="0,0" hai="5,6,7,34,35" m="28203,29801,19529" machi="6" ten="30,2000,0" yaku="28,2" doraHai="70" who="1" fromWho="3" sc="250,0,250,20,250,0,250,-20" /><INIT seed="1,0,0,5,2,51" ten="250,270,250,230" oya="1" hai0="107,55,50,123,98,20,34,45,18,0,38,14,72" hai1="49,94,75,121,101,2,77,116,1,16,128,78,93" hai2="104,100,134,13,92,83,23,41,85,53,52,15,126" hai3="114,31,132,108,30,6,119,33,8,84,124,36,71"/><U65/><E116/><V5/><F126/><W19/><G71/><T129/><D72/><U103/><E121/><V59/><F134/><W90/><G36/><T125/><D34/><U82/><E65/><V3/><F104/><W7/><G119/><T40/><D0/><U73/><E49/><V43/><F3/><W95/><G132/><T66/><D125/><U48/><E48/><V80/><F5/><W17/><G114/><T106/><D129/><U25/><E25/><V47/><F47/><W42/><G42/><N who="2" m="15881" /><F59/><W70/><G70/><T69/><D123/><U109/><E82/><N who="2" m="31275" /><F85/><W37/><G37/><T102/><D69/><U46/><E46/><V76/><F76/><W133/><G133/><T28/><D66/><U131/><E109/><V105/><F105/><W111/><G33/><T62/><D107/><U39/><E39/><V64/><F64/><W99/><G124/><T58/><REACH who="0" step="1"/><D28/><REACH who="0" ten="240,270,250,230" step="2"/><U44/><E1/><V118/><F118/><W22/><G111/><T26/><D26/><U56/><E2/><V12/><F23/><W4/><G108/><T74/><D74/><U110/><E110/><V63/><F63/><AGARI ba="0,1" hai="14,18,20,38,40,45,50,55,58,62,63,98,102,106" machi="63" ten="40,2600,0" yaku="1,1,52,1,53,0" doraHai="51" doraHaiUra="27" who="0" fromWho="2" sc="240,36,270,0,250,-26,230,0" /><INIT seed="2,0,0,3,5,128" ten="276,270,224,230" oya="2" hai0="82,95,103,84,83,25,120,10,49,93,98,119,88" hai1="57,65,15,13,86,74,102,41,4,34,70,121,2" hai2="105,63,1,116,19,124,20,29,104,23,99,108,8" hai3="125,68,69,36,135,39,48,33,118,5,133,81,80"/><V6/><F116/><W109/><G33/><T117/><D10/><U37/><E74/><V32/><F124/><W127/><G118/><N who="0" m="45067" /><D25/><U107/><E86/><V18/><F63/><W97/><G97/><N who="0" m="59823" /><D49/><U114/><E57/><V75/><F75/><W45/><G5/><T94/><D120/><U3/><E114/><V27/><F99/><W101/><G101/><AGARI ba="0,0" hai="82,83,84,88,94,95,98,101" m="59823,45067" machi="101" ten="30,7700,0" yaku="12,1,34,2,54,1" doraHai="128" who="0" fromWho="3" sc="276,77,270,0,224,0,230,-77" /><INIT seed="3,0,0,2,1,58" ten="353,270,224,153" oya="3" hai0="30,133,109,79,12,115,131,70,61,73,44,74,104" hai1="59,86,98,91,41,114,48,36,123,69,38,25,126" hai2="52,130,20,119,106,15,100,49,57,39,56,22,51" hai3="8,4,132,99,108,24,122,5,2,11,72,118,55"/><W65/><G118/><T80/><D109/><U53/><E123/><V75/><F119/><W28/><G122/><T120/><D120/><U110/><E114/><V32/><F32/><W68/><G108/><T3/><D3/><U76/><E110/><V85/><F75/><W82/><G132/><T84/><D104/><U1/><E1/><V46/><F130/><W29/><G99/><T31/><D131/><U45/><E126/><V129/><F129/><W7/><G55/><T134/><D115/><U0/><E0/><V43/><F85/><W63/><G7/><T50/><D12/><U37/><E69/><V42/><F15/><W101/><G101/><T21/><D61/><U16/><E76/><V33/><F33/><W18/><G18/><T112/><D70/><U88/><E98/><V78/><F78/><W121/><G121/><T54/><D21/><U128/><E128/><V10/><F10/><W89/><G24/><T9/><D9/><U13/><E25/><V71/><F71/><W14/><REACH who="3" step="1"/><G89/><REACH who="3" ten="353,270,224,143" step="2"/><T40/><D54/><U102/><E102/><V19/><F19/><W23/><G23/><T97/><D97/><U107/><E91/><V125/><F20/><W87/><G87/><T95/><D112/><U135/><E135/><N who="0" m="51721" /><D73/><U103/><E103/><V27/><F100/><W94/><G94/><T90/><AGARI ba="0,1" hai="30,31,40,44,50,74,79,80,84,90,95" m="51721" machi="90" ten="30,1100,0" yaku="20,1" doraHai="58" who="0" fromWho="0" sc="353,21,270,-3,224,-3,143,-5" owari="374,47.4,267,6.7,221,-17.9,138,-36.2" /></mjloggm>