<mjloggm ver="2.3"><GO type="225" lobby="0"/><UN n0="%38%63%E3%81%AF%E3%81%A3%E3%81%97%E3%83%BC" n1="%E6%B8%A9%E2%98%85%E6%83%85%E2%98%85%E6%8E%AA%E2%98%85%E7%BD%AE" n2="%30%2E%31%32%30" n3="%E3%81%86%E3%83%BC%E3%81%B1%E3%83%BC" dan="16,16,16,17" rate="2102.37,2165.02,2131.78,2232.46" sx="M,M,M,F"/><TAIKYOKU oya="0"/><INIT seed="0,0,0,1,4,1" ten="250,250,250,250" oya="0" hai0="4,119,79,42,5,11,10,61,8,35,128,52,69" hai1="34,12,47,113,21,51,109,133,118,130,103,87,60" hai2="58,55,54,124,22,120,127,70,64,17,100,110,90" hai3="7,105,122,104,16,56,94,37,63,89,125,13,134"/><T23/><D35/><U18/><E118/><V25/><F120/><W45/><G122/><T97/><D119/><U28/><E109/><V114/><F110/><W131/><G134/><T72/><D42/><U107/><E133/><V93/><F100/><W66/><G125/><N who="2" m="48201" /><F70/><W126/><G131/><T46/><D128/><U78/><E130/><V2/><F2/><W85/><G126/><T44/><D79/><U15/><E113/><V19/><F114/><W121/><G121/><T29/><D72/><U96/><E60/><N who="2" m="37911" /><F17/><W0/><G37/><T117/><D117/><U40/><E34/><V92/><F92/><W26/><G0/><T65/><D97/><AGARI ba="0,0" hai="19,22,25,54,55,90,93,97" m="37911,48201" machi="97" ten="30,1000,0" yaku="18,1" doraHai="1" who="2" fromWho="0" sc="250,-10,250,0,250,10,250,0" /><INIT seed="1,0,0,4,1,125" ten="240,250,260,250" oya="1" hai0="27,52,35,94,2,120,23,115,128,112,51,14,101" hai1="8,107,41,22,55,88,110,92,3,97,80,11,29" hai2="111,134,36,100,42,38,68,62,108,32,6,93,87" hai3="127,99,21,19,15,118,43,77,61,67,126,45,26"/><U95/><E110/><N who="2" m="42027" /><F32/><W106/><G77/><T18/><D120/><U60/><E107/><V1/><F134/><W73/><G73/><T103/><D2/><U16/><E3/><V10/><F42/><W124/><G118/><T79/><D79/><U116/><E116/><V49/><F49/><W85/><G85/><T40/><D40/><U53/><E29/><V114/><F114/><W25/><G99/><T135/><D135/><U109/><E109/><V122/><F122/><W63/><G106/><T90/><D128/><U13/><E41/><V48/><F48/><W66/><G63/><T64/><D64/><U76/><E95/><V113/><F113/><W54/><G54/><N who="1" m="20490" /><E60/><V83/><F93/><W37/><REACH who="3" step="1"/><G66/><REACH who="3" ten="240,250,260,240" step="2"/><T7/><D115/><U78/><E78/><N who="2" m="46583" /><F100/><W91/><G91/><T132/><D112/><U65/><E65/><AGARI ba="0,1" hai="1,6,10,36,38,62,65,68" m="46583,42027" machi="65" ten="30,1000,0" yaku="14,1" doraHai="125" who="2" fromWho="1" sc="240,0,250,-10,260,20,240,0" /><INIT seed="2,0,0,0,5,21" ten="240,240,280,240" oya="2" hai0="91,52,116,134,55,69,104,113,109,44,36,84,17" hai1="73,79,51,60,57,65,39,95,1,135,88,106,102" hai2="121,62,34,103,93,127,105,74,110,59,42,2,122" hai3="10,37,75,96,29,108,98,115,45,13,86,128,131"/><V133/><F74/><W58/><G75/><T114/><D104/><U54/><E1/><V14/><F2/><W25/><G86/><T123/><D123/><U66/><E39/><V129/><F105/><W61/><G45/><T16/><D69/><U89/><E135/><V15/><F34/><N who="3" m="20783" /><G37/><T94/><D134/><U72/><E65/><V22/><F133/><W41/><G41/><T56/><D109/><U8/><E8/><V11/><F42/><W20/><G20/><T82/><D116/><U43/><E43/><V87/><F110/><W3/><G3/><T9/><D36/><U53/><E106/><V31/><F121/><W4/><G115/><T19/><D9/><U30/><E30/><V28/><F122/><W50/><G50/><N who="0" m="28743" /><D114/><U0/><E0/><V70/><F22/><W27/><G27/><T76/><D113/><U18/><E73/><V92/><F11/><W5/><G5/><T83/><D76/><U67/><E18/><V38/><F38/><W63/><G63/><AGARI ba="0,0" hai="16,17,19,55,56,63,82,83,84,91,94" m="28743" machi="63" ten="30,3900,0" yaku="8,1,54,2" doraHai="21" who="0" fromWho="3" sc="240,39,240,0,280,0,240,-39" /><INIT seed="3,0,0,0,5,6" ten="279,240,280,201" oya="3" hai0="105,74,95,55,5,79,81,30,108,93,34,19,60" hai1="132,11,80,121,15,17,21,106,76,48,128,10,97" hai2="114,14,118,42,37,38,54,96,36,109,75,50,61" hai3="116,133,119,43,120,67,62,7,135,99,2,64,65"/><W130/><G120/><T0/><D105/><U113/><E113/><V63/><F75/><W26/><G99/><T83/><D108/><U73/><E121/><V89/><F114/><W40/><G26/><T39/><D39/><N who="2" m="14922" /><F14/><W25/><G25/><T56/><D30/><U57/><E128/><V111/><F96/><W33/><G33/><T12/><D34/><U115/><E132/><N who="3" m="50762" /><G130/><T24/><D24/><U82/><E115/><V44/><F89/><W49/><G7/><T70/><D70/><U28/><E28/><V94/><F94/><W31/><G31/><T8/><REACH who="0" step="1"/><D81/><REACH who="0" ten="269,240,280,201" step="2"/><U88/><E82/><V41/><F118/><N who="3" m="45099" /><G2/><T46/><D46/><U59/><E106/><V16/><F109/><W9/><G9/><AGARI ba="0,1" hai="0,5,8,9,12,19,55,56,60,74,79,83,93,95" machi="9" ten="30,8000,1" yaku="1,1,7,1,52,2,53,1" doraHai="6" doraHaiUra="104" who="0" fromWho="3" sc="269,90,240,0,280,0,201,-80" owari="359,45.9,240,-16.0,280,8.0,121,-37.9" /></mjloggm>