<mjloggm ver="2.3"><GO type="225" lobby="0"/><UN n0="%E3%83%97%E3%83%92" n1="%E3%81%B2%E3%81%AA%E3%81%AE%E3%82%8A%E3%81%8F" n2="%E8%BE%9B%E5%8F%A3%E3%82%AB%E3%83%AC%E3%83%BC%E3%83%A9%E3%82%A4%E3%82%B9" n3="%E3%81%BF%E3%81%BF%E3%81%9A" dan="16,17,16,16" rate="2162.98,2222.37,2242.42,2175.22" sx="M,M,M,M"/><TAIKYOKU oya="0"/><INIT seed="0,0,0,3,1,118" ten="250,250,250,250" oya="0" hai0="65,90,84,20,116,45,64,119,51,40,83,92,11" hai1="128,129,53,108,71,114,21,66,59,63,27,127,17" hai2="106,72,93,100,70,44,50,29,101,131,125,88,82" hai3="91,80,48,52,77,60,107,10,133,35,2,38,36"/><T30/><D119/><U98/><E108/><V4/><F70/><W95/><G35/><T81/><D116/><U16/><E114/><V68/><F68/><W102/><G133/><T28/><D11/><U58/><E127/><V46/><F125/><W97/><G60/><T124/><D124/><U13/><E98/><V104/><F4/><W99/><G10/><T24/><REACH who="0" step="1"/><D30/><REACH who="0" ten="240,250,250,250" step="2"/><U78/><E129/><V120/><F29/><W111/><G111/><T94/><D94/><U41/><E128/><V110/><F131/><W112/><G112/><T15/><D15/><U32/><E13/><V105/><F110/><W76/><G2/><T25/><D25/><U96/><E27/><V26/><F26/><W7/><G7/><T67/><AGARI ba="0,1" hai="20,24,28,40,45,51,64,65,67,81,83,84,90,92" machi="67" ten="30,6000,0" yaku="1,1,0,1,8,1,53,0" doraHai="118" doraHaiUra="132" who="0" fromWho="0" sc="240,70,250,-20,250,-20,250,-20" /><INIT seed="0,1,0,1,3,6" ten="310,230,230,230" oya="0" hai0="58,32,33,100,26,71,14,65,128,57,46,31,21" hai1="49,29,92,102,51,7,52,84,18,63,75,134,99" hai2="4,8,60,109,132,36,61,127,81,116,123,113,133" hai3="22,3,119,103,44,124,112,30,120,40,23,91,76"/><T78/><D128/><U74/><E134/><N who="2" m="51819" /><F113/><W106/><G112/><T10/><D78/><U37/><E37/><V115/><F115/><W107/><G119/><T66/><D71/><U96/><E29/><V34/><F123/><W129/><G76/><T54/><D100/><U47/><E63/><V89/><F116/><W41/><G3/><T17/><D46/><U67/><E67/><V114/><F114/><W11/><G129/><T93/><D58/><U69/><E69/><V121/><F121/><W0/><G120/><T1/><D93/><U45/><E96/><V80/><F36/><W98/><G124/><T77/><D77/><U82/><E18/><V59/><F109/><W108/><G108/><T130/><D130/><U24/><E24/><V111/><F111/><W117/><G117/><T86/><D86/><U55/><REACH who="1" step="1"/><E7/><REACH who="1" ten="310,220,230,230" step="2"/><V20/><F61/><W97/><G97/><T50/><D33/><U38/><E38/><V70/><F70/><W135/><G30/><T68/><D68/><U122/><E122/><V5/><F5/><AGARI ba="1,1" hai="1,5,10,14,17,21,26,31,32,50,54,57,65,66" machi="5" ten="40,7700,0" yaku="24,2,52,1" doraHai="6" who="0" fromWho="2" sc="310,90,220,0,230,-80,230,0" /><INIT seed="0,2,0,5,1,80" ten="400,220,150,230" oya="0" hai0="93,70,35,46,131,9,117,111,130,52,65,76,84" hai1="113,2,109,1,83,55,74,22,64,14,15,50,116" hai2="85,62,78,11,108,95,19,82,77,45,33,56,120" hai3="13,73,110,29,23,34,79,21,3,92,5,122,32"/><T57/><D117/><U41/><E116/><V90/><F120/><W119/><G92/><T20/><D35/><N who="3" m="13353" /><G79/><T44/><D20/><N who="3" m="7753" /><G73/><T103/><D9/><U127/><E41/><V7/><F108/><W60/><G60/><N who="0" m="40231" /><D103/><U129/><E64/><V10/><F33/><W101/><G101/><T132/><D132/><U115/><E22/><V133/><F133/><W26/><G119/><T89/><D76/><U47/><E109/><V69/><F69/><W112/><G110/><T4/><D4/><U18/><E83/><V37/><F19/><W58/><G58/><T40/><D40/><U75/><E50/><V87/><F37/><W39/><G39/><T121/><D121/><U135/><E18/><V125/><F125/><W36/><G36/><T61/><D111/><U134/><E127/><V102/><F77/><W49/><G49/><T99/><D99/><U53/><E47/><V67/><F102/><W72/><G72/><T123/><D123/><U43/><E43/><V118/><F118/><W91/><G122/><T12/><D12/><U30/><E75/><V6/><REACH who="2" step="1"/><F45/><REACH who="2" ten="400,220,140,230" step="2"/><W31/><G31/><T126/><D126/><U106/><E30/><V28/><F28/><W8/><G29/><T97/><D44/><U25/><E134/><V54/><F54/><W16/><G91/><T42/><D46/><U105/><E135/><V96/><F96/><W114/><G26/><T128/><D42/><U38/><E25/><V88/><F88/><W86/><G16/><T0/><D97/><U94/><E38/><V59/><F59/><W68/><G68/><T107/><D107/><RYUUKYOKU ba="2,1" sc="400,15,220,-15,140,15,230,-15" hai0="0,52,57,61,84,89,93,128,130,131" hai2="6,7,10,11,56,62,67,78,82,85,87,90,95" /><INIT seed="0,3,1,4,4,91" ten="415,205,155,215" oya="0" hai0="119,109,80,104,117,57,56,79,128,118,50,11,97" hai1="134,127,19,93,73,125,129,77,15,95,94,40,6" hai2="81,26,133,17,68,120,14,13,64,85,47,7,8" hai3="29,10,52,98,122,54,130,16,27,20,62,51,76"/><T112/><D112/><U135/><E6/><V61/><F120/><W31/><G122/><T106/><D128/><U38/><E38/><V83/><F133/><N who="1" m="50697" /><E40/><V60/><F26/><W43/><G130/><T74/><D109/><U84/><E73/><V2/><F47/><N who="3" m="26111" /><G76/><T36/><D36/><U123/><E129/><V53/><F83/><W67/><G67/><T0/><D50/><U88/><E77/><V78/><F60/><W116/><G116/><T69/><D69/><U30/><E30/><N who="3" m="11274" /><G62/><T100/><D104/><U44/><E44/><V39/><F39/><W59/><G59/><T28/><D28/><U75/><E75/><V25/><REACH who="2" step="1"/><F53/><REACH who="2" ten="415,205,145,215" step="2"/><W82/><G82/><T34/><D34/><U42/><E123/><V32/><F32/><W5/><G98/><T1/><D117/><U33/><E33/><V35/><F35/><W102/><G102/><T48/><D118/><U49/><E42/><V126/><F126/><N who="1" m="48137" /><E49/><V87/><F87/><W4/><G54/><T99/><D48/><U96/><E96/><V108/><F108/><W23/><G52/><T131/><D119/><U92/><E92/><V111/><F111/><W71/><G71/><T110/><D131/><U65/><E65/><V18/><F18/><W86/><G86/><T37/><D110/><U41/><E41/><V114/><F114/><W72/><G72/><T103/><D37/><U132/><E132/><V12/><F12/><N who="3" m="7191" /><G27/><T105/><D0/><U124/><E124/><V89/><F89/><W9/><G4/><AGARI ba="3,2" hai="1,4,11,56,57,74,79,80,97,99,100,103,105,106" machi="4" ten="40,2000,0" yaku="9,1" doraHai="91" who="0" fromWho="3" sc="415,49,205,0,145,0,215,-29" /><INIT seed="0,4,0,3,2,86" ten="464,205,145,186" oya="0" hai0="134,98,28,74,60,4,18,5,94,121,79,111,91" hai1="67,100,109,119,73,39,104,133,114,75,32,50,123" hai2="14,43,128,61,16,15,37,127,135,9,76,124,89" hai3="106,66,78,6,115,2,120,83,87,85,117,21,1"/><T56/><D121/><U30/><RYUUKYOKU type="yao9" ba="4,0" sc="464,0,205,0,145,0,186,0" hai1="30,32,39,50,67,73,75,100,104,109,114,119,123,133" /><INIT seed="0,5,0,1,4,34" ten="464,205,145,186" oya="0" hai0="115,41,54,30,86,9,3,90,11,66,0,38,31" hai1="5,20,43,121,18,129,45,104,21,57,14,79,48" hai2="91,89,84,13,2,117,52,109,32,36,24,71,120" hai3="10,51,134,102,119,59,107,103,33,72,19,39,112"/><T111/><D115/><U69/><E121/><V16/><F120/><W105/><G39/><T67/><D38/><U40/><E104/><V50/><F36/><W125/><G112/><T4/><D41/><U27/><E69/><V83/><F71/><W62/><G33/><T12/><D111/><U127/><E127/><V132/><F109/><W42/><G72/><T118/><D118/><U55/><E129/><V60/><F132/><W81/><G119/><T131/><D54/><U23/><E5/><V113/><F113/><W37/><G37/><T35/><D131/><U29/><E79/><V77/><F117/><W6/><G134/><T80/><D0/><U74/><E74/><V56/><F2/><W28/><G28/><T1/><D3/><U95/><E95/><V99/><F99/><W122/><G107/><T75/><D75/><U85/><E85/><V46/><F24/><W44/><G105/><T49/><D49/><N who="1" m="30959" /><E23/><N who="2" m="11663" /><F32/><W123/><G125/><T133/><D133/><U135/><E135/><V22/><F22/><W17/><G123/><T128/><D128/><U94/><E94/><V47/><F47/><W8/><G122/><T25/><REACH who="0" step="1"/><D31/><REACH who="0" ten="454,205,145,186" step="2"/><U15/><E43/><AGARI ba="5,1" hai="43,46,50,52,56,60,77,83,84,89,91" m="11663" machi="43" ten="30,3900,0" yaku="8,1,54,2" doraHai="34" who="2" fromWho="1" sc="454,0,205,-54,145,64,186,0" /><INIT seed="1,0,0,0,5,84" ten="454,151,209,186" oya="1" hai0="71,57,88,83,131,91,82,22,128,8,108,80,40" hai1="11,116,14,129,2,87,44,78,109,96,31,106,90" hai2="51,86,1,58,121,122,27,37,66,47,102,93,25" hai3="104,5,126,33,76,50,61,113,68,75,59,55,39"/><U3/><E116/><V52/><F1/><W119/><G113/><T81/><D71/><U95/><E129/><N who="0" m="49737" /><D108/><U21/><E109/><V36/><F36/><W41/><G33/><T125/><D125/><U34/><E34/><V10/><F37/><W49/><G104/><T72/><D40/><U134/><E134/><V4/><F121/><W15/><G5/><T30/><D57/><U63/><E44/><V60/><F122/><W0/><G15/><T20/><D8/><U16/><E63/><V130/><F130/><W43/><G0/><T65/><D65/><U100/><REACH who="1" step="1"/><E78/><REACH who="1" ten="454,141,209,186" step="2"/><V9/><F47/><N who="3" m="23999" /><G76/><N who="0" m="44039" /><D30/><U17/><E17/><V79/><F60/><N who="3" m="35967" /><G119/><T26/><D26/><AGARI ba="0,1" hai="2,3,11,14,16,21,26,31,87,90,95,96,100,106" machi="26" ten="40,7700,0" yaku="1,1,52,1,54,1,53,0" doraHai="84" doraHaiUra="42" who="1" fromWho="0" sc="454,-77,141,87,209,0,186,0" /><INIT seed="1,1,0,2,4,49" ten="377,228,209,186" oya="1" hai0="66,46,42,89,54,64,74,90,22,50,85,113,80" hai1="112,7,18,37,114,94,53,5,126,16,83,79,104" hai2="115,0,103,99,20,102,84,3,82,119,95,132,59" hai3="52,81,55,33,124,135,134,56,58,12,76,48,123"/><U13/><E104/><V118/><F132/><N who="3" m="50731" /><G124/><T45/><D74/><U28/><E126/><V122/><F122/><W27/><G123/><T25/><D113/><U36/><E28/><V10/><F115/><W78/><G12/><T29/><REACH who="0" step="1"/><D90/><REACH who="0" ten="367,228,209,186" step="2"/><U19/><E112/><V68/><F118/><W21/><G33/><T15/><D15/><U65/><E13/><V8/><F119/><W34/><G34/><T73/><D73/><U26/><E114/><V67/><F0/><W44/><G81/><T96/><D96/><U47/><E83/><V125/><F99/><W101/><G101/><T120/><D120/><U109/><E109/><V105/><F82/><W63/><G44/><T60/><D60/><U128/><E47/><V98/><F98/><W39/><G39/><AGARI ba="1,1" hai="22,25,29,39,42,45,46,50,54,64,66,80,85,89" machi="39" ten="30,8000,1" yaku="1,1,7,1,52,1,53,2" doraHai="49" doraHaiUra="41" who="0" fromWho="3" sc="367,93,228,0,209,0,186,-83" /><INIT seed="2,0,0,0,3,68" ten="460,228,209,103" oya="2" hai0="36,19,94,120,62,35,27,70,8,29,99,87,45" hai1="73,123,100,92,39,23,59,134,105,37,32,65,118" hai2="26,30,128,101,119,56,61,103,104,95,40,109,1" hai3="81,63,22,5,127,21,135,89,13,102,57,112,88"/><V96/><F119/><W79/><G127/><T53/><D120/><U14/><E32/><V15/><F1/><W77/><G135/><T43/><D87/><U107/><E73/><V82/><F128/><W31/><G112/><T129/><D129/><U48/><E48/><V9/><F109/><W83/><G102/><T24/><D24/><U11/><E23/><V42/><F82/><W133/><G133/><T64/><D53/><U132/><E59/><V55/><F103/><W114/><G114/><T131/><D131/><U12/><E100/><V72/><F72/><W34/><G34/><T52/><D52/><U49/><E49/><V25/><F104/><W90/><G31/><T126/><D126/><U6/><E92/><V60/><F60/><W41/><G41/><N who="2" m="15977" /><F30/><W7/><G89/><T18/><D8/><U58/><E118/><V54/><F54/><W93/><G57/><T85/><D85/><U50/><E58/><V108/><F108/><W16/><G93/><T76/><D76/><U111/><E111/><V74/><F74/><W84/><G84/><T116/><D116/><U47/><E123/><V10/><F10/><W98/><G98/><T117/><D117/><U75/><E11/><V44/><F44/><W113/><G113/><T110/><D110/><U17/><E47/><V91/><F101/><AGARI ba="0,0" hai="18,19,27,29,35,36,43,45,62,64,70,94,99,101" machi="101" ten="30,2000,0" yaku="7,1,52,1" doraHai="68" who="0" fromWho="2" sc="460,20,228,0,209,-20,103,0" /><INIT seed="3,0,0,5,5,84" ten="480,228,189,103" oya="3" hai0="82,9,94,63,15,108,23,1,6,2,47,75,50" hai1="105,49,61,95,66,78,18,86,4,20,54,33,58" hai2="127,59,25,64,74,65,30,42,90,13,96,3,126" hai3="85,103,71,37,121,29,46,67,32,57,41,111,73"/><W19/><G73/><T76/><D108/><U91/><E33/><V79/><F3/><W87/><G121/><T5/><D63/><U36/><E36/><V12/><F42/><W81/><G111/><T132/><D132/><U110/><E110/><V100/><F90/><W77/><G103/><T45/><D45/><N who="1" m="27951" /><E105/><N who="2" m="63623" /><F79/><W0/><G0/><T125/><D125/><N who="2" m="47626" /><F74/><W116/><G116/><T123/><D123/><U22/><E78/><V134/><F134/><W26/><G85/><T62/><D6/><U107/><E107/><V16/><F59/><W130/><G130/><T114/><D114/><U122/><E122/><V118/><F118/><W28/><G28/><T128/><D128/><U102/><E4/><V48/><F48/><W101/><G101/><T112/><D112/><U43/><E43/><V99/><F99/><W135/><G135/><T80/><D82/><N who="1" m="49623" /><E18/><V129/><F129/><W35/><G19/><T106/><D106/><U60/><E60/><V72/><F12/><W31/><G57/><T93/><D23/><U8/><E8/><N who="2" m="6183" /><F72/><W68/><REACH who="3" step="1"/><G67/><REACH who="3" ten="480,228,189,93" step="2"/><T97/><D1/><U117/><E117/><V131/><F131/><W53/><G53/><T92/><D2/><U21/><E102/><V69/><F69/><W55/><G55/><T27/><D75/><U14/><E66/><V89/><F65/><W34/><G34/><T7/><D97/><U56/><E58/><V10/><F64/><W70/><G70/><T40/><D5/><U120/><E120/><V11/><F30/><W88/><G88/><T44/><D7/><U52/><E56/><V24/><F89/><RYUUKYOKU ba="0,1" sc="480,-15,228,-15,189,15,93,15" hai2="10,11,24,25" hai3="26,29,31,32,35,37,41,46,68,71,77,81,87" /><INIT seed="3,1,1,2,0,111" ten="465,213,204,108" oya="3" hai0="33,117,44,94,35,19,56,125,61,91,93,52,100" hai1="116,129,3,131,6,49,22,50,77,34,92,88,10" hai2="59,76,89,69,13,9,31,86,71,106,12,62,74" hai3="75,83,48,98,58,1,7,64,123,40,133,95,5"/><W124/><G123/><T57/><D117/><U21/><E34/><V126/><F106/><W16/><G1/><T23/><D125/><U15/><E77/><V80/><F31/><W24/><G124/><T127/><D127/><U45/><E116/><V26/><F26/><W132/><G83/><T82/><D44/><U107/><E107/><V11/><F126/><W110/><G75/><T8/><D8/><U85/><E50/><V2/><F2/><W102/><G110/><T54/><D100/><U112/><E112/><V72/><F72/><W135/><G40/><T46/><D46/><U60/><E60/><V4/><F76/><W68/><G68/><T20/><D82/><U36/><E36/><V128/><F128/><N who="1" m="49225" /><E15/><V97/><F97/><W90/><G90/><T17/><D61/><U114/><E114/><V113/><F113/><W122/><G122/><T29/><D29/><U134/><E134/><N who="3" m="34306" /><W79/><DORA hai="43" /><G79/><T73/><D73/><U109/><E109/><V81/><F81/><W27/><G64/><T115/><D115/><U28/><E28/><V101/><F74/><W18/><G27/><T66/><D91/><U41/><AGARI ba="1,1" hai="3,6,10,21,22,41,45,49,85,88,92" m="49225" machi="41" ten="30,4000,0" yaku="19,1,52,1,54,1" doraHai="111,43" who="1" fromWho="1" sc="465,-11,213,53,204,-11,108,-21" owari="454,55.4,266,6.6,193,-20.7,87,-41.3" /></mjloggm>