<mjloggm ver="2.3"><GO type="225" lobby="0"/><UN n0="%E7%99%BD%E6%97%A5%E9%9B%AA%E8%8F%9C" n1="%E5%A4%9C%E5%85%89%E5%A4%A9%E6%A5%BC" n2="%73%73%6B%5F%66%72%65%65" n3="%E3%83%81%E3%83%AF%E3%83%AF%E9%9A%8A%E9%95%B7" dan="17,17,16,16" rate="2187.60,2156.80,2092.43,2089.36" sx="M,F,M,M"/><TAIKYOKU oya="0"/><INIT seed="0,0,0,0,2,45" ten="250,250,250,250" oya="0" hai0="16,122,114,99,69,10,8,79,7,12,133,117,13" hai1="6,128,127,126,75,14,130,55,33,105,57,104,43" hai2="95,118,32,111,23,73,113,65,72,94,98,11,90" hai3="49,5,64,48,25,42,71,53,119,40,44,47,29"/><T88/><D114/><U80/><E43/><V125/><F32/><W106/><G106/><N who="1" m="41066" /><E33/><V56/><F111/><W78/><G119/><T109/><D122/><U35/><E35/><V37/><F37/><W30/><G5/><T131/><D117/><U19/><E6/><V93/><F118/><W63/><G78/><T22/><D69/><U116/><E116/><V87/><F113/><W46/><REACH who="3" step="1"/><G25/><REACH who="3" ten="250,250,250,240" step="2"/><T52/><D79/><N who="1" m="44159" /><E14/><V124/><F125/><N who="1" m="47625" /><E19/><V115/><F124/><W100/><G100/><T121/><D12/><U1/><E1/><V28/><F115/><W61/><G61/><AGARI ba="0,1" hai="55,57,61,128,130" m="47625,44159,41066" machi="61" ten="30,1000,0" yaku="18,1" doraHai="45" who="1" fromWho="3" sc="250,0,250,20,250,0,240,-10" /><INIT seed="1,0,0,4,2,3" ten="250,270,250,230" oya="1" hai0="85,98,55,134,48,44,80,103,18,113,114,13,57" hai1="95,109,30,82,117,64,122,20,5,104,35,93,89" hai2="17,123,73,118,111,67,43,9,42,83,105,45,110" hai3="108,11,26,90,40,16,96,129,21,99,38,58,130"/><U12/><E117/><V6/><F123/><W59/><G108/><N who="2" m="41513" /><F105/><W97/><G90/><T70/><D134/><U33/><E122/><V128/><F128/><N who="3" m="49259" /><G11/><T74/><D70/><U39/><E39/><N who="2" m="21727" /><F43/><W87/><G87/><T127/><D74/><U22/><E104/><V71/><F118/><W116/><G116/><T27/><D27/><U75/><E30/><V119/><F119/><W62/><G62/><T115/><D127/><U4/><E89/><V14/><F67/><W36/><G40/><T50/><D50/><U125/><E109/><V31/><F31/><W10/><G10/><T15/><D44/><U60/><E125/><V72/><F71/><W29/><G29/><T54/><D54/><U121/><E121/><V28/><F28/><W88/><G88/><T8/><D15/><U124/><E12/><N who="2" m="5175" /><F83/><W51/><G51/><T135/><D135/><U120/><E120/><V133/><F133/><W86/><G86/><T41/><D41/><U66/><E124/><V81/><F81/><W47/><G47/><T25/><D80/><U112/><E82/><V65/><F65/><W24/><G24/><T69/><D25/><U63/><REACH who="1" step="1"/><E75/><REACH who="1" ten="250,260,250,230" step="2"/><V101/><F101/><W19/><G38/><T102/><D102/><U7/><E7/><V49/><F72/><W23/><G36/><T56/><D103/><U1/><E1/><V0/><F0/><W94/><G94/><T46/><D13/><U107/><E107/><V131/><F73/><W132/><G132/><T61/><D114/><AGARI ba="0,1" hai="4,5,20,22,33,35,60,63,64,66,93,95,112,114" machi="114" ten="25,12000,1" yaku="1,1,22,2,52,2,53,0" doraHai="3" doraHaiUra="78" who="1" fromWho="0" sc="250,-120,260,130,250,0,230,0" /><INIT seed="1,1,0,0,0,12" ten="130,390,250,230" oya="1" hai0="121,6,76,118,15,43,125,64,58,95,94,45,122" hai1="44,4,128,99,112,80,57,38,19,132,81,126,111" hai2="127,25,17,48,108,86,60,42,75,117,21,129,35" hai3="20,56,33,11,66,133,70,100,28,91,134,3,18"/><U73/><E112/><V54/><F117/><W114/><G70/><T89/><D118/><U77/><E128/><V85/><F75/><W69/><G69/><T119/><D119/><U92/><E126/><V40/><F108/><W22/><G114/><T59/><D125/><U130/><E130/><V13/><F129/><W104/><G33/><T53/><D76/><U83/><E132/><V105/><F105/><W103/><G28/><T109/><D109/><U41/><E111/><V47/><F127/><W39/><G39/><T62/><D6/><U55/><E19/><N who="2" m="12479" /><F35/><W8/><G104/><T49/><D15/><U84/><E4/><V29/><F29/><W63/><G20/><T98/><REACH who="0" step="1"/><D94/><REACH who="0" ten="120,390,250,230" step="2"/><U24/><E73/><V52/><F60/><AGARI ba="1,1" hai="43,45,49,53,58,59,60,62,64,89,95,98,121,122" machi="60" ten="40,2600,0" yaku="1,1,2,1,53,0" doraHai="12" doraHaiUra="115" who="0" fromWho="2" sc="120,39,390,0,250,-29,230,0" /><INIT seed="2,0,0,5,5,61" ten="159,390,221,230" oya="2" hai0="82,70,102,78,33,39,47,38,2,132,60,30,1" hai1="110,48,29,11,34,41,25,106,85,113,7,104,124" hai2="43,99,18,44,118,16,42,95,89,115,28,27,96" hai3="0,122,91,87,57,4,46,19,67,105,17,64,121"/><V12/><F115/><W66/><G105/><T117/><D132/><U84/><E113/><V94/><F118/><W54/><G122/><T127/><D117/><U36/><E36/><V92/><F92/><W14/><G0/><T5/><D127/><U56/><E124/><V63/><F63/><W108/><G121/><T107/><D5/><U75/><E75/><V15/><F44/><W72/><G72/><N who="0" m="43335" /><D47/><U97/><E106/><V21/><F15/><W129/><G46/><T3/><D33/><U112/><E41/><V65/><F65/><W93/><G108/><T62/><D30/><U111/><E112/><V55/><F55/><W50/><G129/><T76/><D76/><U59/><E48/><V131/><F131/><W22/><G17/><N who="2" m="6761" /><F12/><W24/><G4/><T128/><D62/><U69/><E110/><V45/><F45/><W49/><G49/><T13/><D13/><AGARI ba="0,0" hai="13,14,19,22,24,50,54,57,64,66,67,87,91,93" machi="13" ten="40,8000,1" yaku="8,1,52,3" doraHai="61" who="3" fromWho="0" sc="159,-80,390,0,221,0,230,80" /><INIT seed="3,0,0,1,2,120" ten="79,390,221,310" oya="3" hai0="82,46,62,110,133,76,78,7,6,121,55,17,95" hai1="1,130,31,70,129,71,53,122,104,56,93,101,72" hai2="117,12,81,109,0,36,113,134,51,123,127,40,15" hai3="85,10,11,25,23,32,54,43,48,132,27,35,20"/><W79/><G132/><T86/><D121/><U38/><E122/><V41/><F123/><W112/><G112/><T75/><D133/><U9/><E72/><V29/><F117/><W26/><G43/><T114/><D114/><U47/><E31/><V80/><F51/><W68/><G68/><T8/><D75/><U24/><E104/><V106/><F134/><W105/><G105/><T65/><D76/><U30/><E93/><V116/><F116/><W3/><G3/><T14/><D95/><U34/><E101/><V111/><F113/><W42/><G42/><T52/><D110/><U124/><E124/><V115/><F115/><W131/><G131/><N who="1" m="50186" /><E47/><V66/><F127/><W88/><G79/><T33/><D33/><U5/><E38/><V50/><F106/><W84/><G32/><T57/><D55/><U60/><AGARI ba="0,0" hai="1,5,9,24,30,34,53,56,60,70,71" m="50186" machi="60" ten="30,1100,0" yaku="19,1" doraHai="120" who="1" fromWho="1" sc="79,-3,390,11,221,-3,310,-5" owari="76,-42.4,401,50.1,218,-18.2,305,10.5" /></mjloggm>