<mjloggm ver="2.3"><GO type="225" lobby="0"/><UN n0="%41%6F%54" n1="%E3%81%AA%E3%82%81%E3%81%93%E9%9B%80%E5%A3%AB" n2="%E5%A4%9C%E3%81%AE%E3%82%AC%E3%82%B9%E3%83%91%E3%83%BC%E3%83%AB" n3="%E6%A1%9C%E8%8A%B1%E9%96%83%E3%80%85" dan="16,16,16,16" rate="2055.12,2051.36,2106.27,2205.32" sx="M,M,M,M"/><TAIKYOKU oya="0"/><INIT seed="0,0,0,4,0,63" ten="250,250,250,250" oya="0" hai0="31,18,49,51,127,112,100,130,86,14,134,2,93" hai1="40,103,113,76,24,38,69,135,111,121,59,96,6" hai2="79,97,132,68,9,117,50,107,74,94,73,0,120" hai3="115,5,28,77,33,106,22,64,26,75,61,20,56"/><T25/><D112/><U32/><E69/><V119/><F132/><W70/><G115/><T71/><D134/><U128/><E135/><V54/><F107/><W98/><G5/><T99/><D130/><U44/><E113/><V67/><F120/><W55/><G77/><T81/><D2/><U62/><E111/><V10/><F79/><W65/><G75/><T3/><D3/><U41/><E41/><V47/><F74/><W1/><G1/><T87/><D71/><U57/><E6/><V92/><F73/><W8/><G8/><N who="2" m="3177" /><F97/><W52/><G65/><T37/><D37/><U48/><E121/><V29/><F29/><W131/><G131/><T95/><D127/><U90/><E76/><V124/><F124/><W45/><G45/><T72/><D72/><U15/><E90/><V89/><F89/><W30/><G30/><T108/><D108/><U83/><E83/><V34/><F34/><W7/><G7/><T66/><D81/><U91/><E91/><V43/><F43/><W116/><G116/><N who="2" m="44617" /><F0/><W88/><G88/><T82/><D82/><U123/><E128/><V133/><F133/><W46/><G46/><T60/><D31/><N who="1" m="19559" /><E38/><V122/><F122/><W78/><G78/><T39/><D39/><U126/><E126/><V58/><F68/><W105/><G70/><T17/><D99/><U125/><E125/><V19/><F19/><W114/><G114/><T11/><D18/><U16/><E123/><V53/><F53/><N who="3" m="20555" /><G106/><T42/><D42/><U36/><E36/><V4/><F4/><W27/><G27/><T104/><D25/><U80/><E40/><RYUUKYOKU ba="0,0" sc="250,-15,250,-15,250,15,250,15" hai2="47,50,54,58,67,92,94" hai3="20,22,26,28,33,56,61,64,98,105" /><INIT seed="1,1,0,2,5,95" ten="235,235,265,265" oya="1" hai0="101,66,30,134,27,0,51,110,129,107,20,82,10" hai1="86,90,15,48,6,112,45,25,97,130,79,77,58" hai2="31,55,19,4,26,133,69,29,17,59,120,2,67" hai3="75,7,22,28,49,56,14,74,131,104,80,68,116"/><U61/><E130/><V127/><F120/><W122/><G122/><T42/><D129/><U121/><E112/><V124/><F133/><W98/><G131/><T84/><D134/><U54/><E121/><V100/><F67/><W33/><G68/><T32/><D110/><U73/><E73/><V47/><F69/><W92/><G104/><T78/><D66/><U96/><E25/><V46/><F100/><W9/><G33/><T41/><D32/><U71/><E71/><V39/><F4/><W81/><G116/><T50/><D0/><U34/><E34/><N who="2" m="20791" /><F31/><W1/><G75/><T8/><D101/><U76/><E15/><V108/><F2/><W72/><G72/><T89/><D78/><U94/><REACH who="1" step="1"/><E6/><REACH who="1" ten="235,225,265,265" step="2"/><V109/><F109/><W44/><G74/><T85/><D107/><U60/><E60/><V38/><F108/><W65/><G1/><T11/><REACH who="0" step="1"/><D85/><REACH who="0" ten="225,225,265,265" step="2"/><U52/><AGARI ba="1,2" hai="45,48,52,54,58,61,76,77,79,86,90,94,96,97" machi="52" ten="30,18000,2" yaku="1,1,0,1,8,1,52,2,54,1,53,0" doraHai="95" doraHaiUra="123" who="1" fromWho="1" sc="225,-61,225,203,265,-61,265,-61" /><INIT seed="1,2,0,3,2,40" ten="164,428,204,204" oya="1" hai0="43,88,12,62,16,35,13,68,50,108,29,54,59" hai1="56,4,33,19,2,65,111,126,34,89,28,127,91" hai2="124,82,93,58,112,7,102,81,103,30,69,45,17" hai3="125,130,95,131,42,90,44,94,113,37,32,25,133"/><U6/><E65/><V129/><F69/><W109/><G113/><T87/><D108/><U104/><E111/><V0/><F30/><N who="3" m="19535" /><G109/><T38/><D35/><N who="1" m="13323" /><E28/><V77/><F124/><N who="1" m="47657" /><E104/><V70/><F70/><W27/><G125/><T100/><D100/><U64/><E19/><V134/><F129/><N who="3" m="49163" /><G133/><T55/><D29/><U75/><E75/><V26/><F134/><W3/><G27/><T105/><D105/><U14/><E14/><V122/><F26/><W123/><G123/><T39/><D12/><U96/><E96/><V83/><F122/><W97/><G95/><T85/><D68/><U67/><E56/><V60/><F58/><W49/><G3/><T18/><D18/><U15/><E15/><V120/><F17/><W8/><G8/><T61/><D16/><U84/><E84/><V20/><F112/><W115/><G115/><T114/><D13/><U117/><E2/><V47/><F120/><W31/><G31/><T71/><D114/><U41/><E6/><V116/><F7/><W52/><G37/><T92/><D38/><U106/><E106/><V132/><F0/><W10/><G10/><T99/><D39/><U72/><E4/><V74/><F132/><W121/><G121/><T73/><D73/><U53/><E72/><V48/><F74/><W11/><G11/><T21/><D21/><U9/><E9/><V24/><F20/><W36/><G36/><T119/><D92/><U135/><E135/><V101/><F93/><W46/><G42/><T1/><D43/><U80/><E41/><V86/><F24/><W57/><AGARI ba="2,0" hai="44,46,49,52,57,90,94,97" m="49163,19535" machi="57" ten="30,7900,0" yaku="19,1,52,2,54,1" doraHai="40" who="3" fromWho="3" sc="164,-22,428,-41,204,-22,204,85" /><INIT seed="2,0,0,0,2,38" ten="142,387,182,289" oya="2" hai0="79,21,83,96,41,42,108,116,101,8,103,78,98" hai1="129,102,45,27,26,55,130,12,19,89,82,53,124" hai2="90,22,23,104,119,91,115,81,70,80,3,109,110" hai3="10,131,75,113,56,93,128,118,49,66,68,7,32"/><V88/><F115/><W28/><G118/><T34/><D34/><U30/><E102/><N who="0" m="38921" /><D116/><U52/><E124/><V47/><F119/><W107/><G107/><T39/><D39/><U127/><E30/><V67/><F3/><W132/><G75/><T63/><D108/><N who="2" m="41578" /><F104/><W97/><G68/><T37/><D37/><U133/><E133/><V95/><F95/><W25/><G132/><T33/><D33/><U100/><E100/><V62/><F47/><W2/><G113/><T117/><D117/><U43/><E127/><V60/><F60/><W59/><G93/><T112/><D112/><U18/><E82/><AGARI ba="0,0" hai="22,23,62,67,70,80,81,82,88,90,91" m="41578" machi="82" ten="30,5800,0" yaku="14,1,10,1,54,1" doraHai="38" who="2" fromWho="1" sc="142,0,387,-58,182,58,289,0" /><INIT seed="2,1,0,2,3,5" ten="142,329,240,289" oya="2" hai0="61,114,93,49,48,41,118,127,43,86,14,23,19" hai1="122,103,84,38,89,29,97,46,100,20,57,108,28" hai2="34,77,101,72,109,115,87,39,47,76,94,133,80" hai3="51,4,128,102,82,53,27,16,22,3,67,15,2"/><V45/><F34/><W106/><G67/><T68/><D127/><U85/><E108/><V78/><F115/><W92/><G106/><T95/><D114/><U123/><E85/><V117/><F117/><W13/><G128/><T132/><D132/><U8/><E57/><V30/><F30/><N who="1" m="11881" /><E20/><V60/><F133/><W0/><G82/><T7/><D118/><U135/><E8/><V33/><F33/><W104/><G104/><T121/><D121/><N who="1" m="46091" /><E97/><N who="2" m="59575" /><F39/><W71/><G71/><T124/><D124/><U112/><E135/><V134/><F134/><W54/><G54/><T64/><D7/><U56/><E56/><V9/><F72/><W59/><REACH who="3" step="1"/><G4/><REACH who="3" ten="142,329,240,279" step="2"/><T113/><D113/><U73/><E112/><V131/><F131/><W120/><G120/><T91/><D95/><N who="1" m="54695" /><E73/><V81/><F81/><W31/><G31/><T111/><D111/><U119/><E119/><V12/><F109/><W99/><AGARI ba="1,1" hai="0,2,3,13,15,16,22,27,51,53,59,92,99,102" machi="99" ten="40,8000,1" yaku="1,1,0,1,54,1,53,1" doraHai="5" doraHaiUra="98" who="3" fromWho="3" sc="142,-21,329,-21,240,-41,279,93" /><INIT seed="3,0,0,5,4,50" ten="121,308,199,372" oya="3" hai0="107,67,36,82,93,70,114,76,40,52,9,86,60" hai1="49,30,17,13,37,35,10,128,4,43,83,1,102" hai2="131,16,80,111,29,124,8,119,120,26,39,62,21" hai3="38,57,118,88,51,25,110,94,28,129,132,54,105"/><W34/><G118/><T22/><D114/><U27/><E128/><V61/><F119/><W3/><G105/><T117/><D117/><U112/><E112/><V73/><F39/><W90/><G129/><T19/><D107/><U81/><E37/><V20/><F131/><W0/><G132/><T71/><D71/><U104/><E102/><V44/><F111/><W2/><G110/><T103/><D9/><U78/><E104/><V15/><F124/><W87/><G38/><T32/><D32/><U42/><E81/><V68/><F120/><W85/><G2/><T18/><D18/><U101/><E101/><V23/><F73/><W96/><G96/><T84/><D36/><U98/><E98/><V77/><F68/><W24/><G24/><T11/><D11/><U31/><E31/><V123/><F123/><W106/><G106/><T64/><D40/><U127/><E49/><V5/><F80/><AGARI ba="0,0" hai="0,3,25,28,34,51,54,57,80,85,87,88,90,94" machi="80" ten="30,5800,0" yaku="7,1,52,1,54,1" doraHai="50" who="3" fromWho="2" sc="121,0,308,0,199,-58,372,58" owari="121,-37.9,308,10.8,141,-25.9,430,53.0" /></mjloggm>