<mjloggm ver="2.3"><GO type="225" lobby="0"/><UN n0="%E3%81%A8%E3%82%93%E3%81%A8%E3%81%93%E3%81%A8%E3%82%93" n1="%77%72%77%72%77%72%77%72" n2="%E3%82%B2%E3%82%B9%E8%8C%82%E5%8B%9D" n3="%72%69%6F%75%63%68%61%6E" dan="16,16,16,17" rate="2134.41,2117.80,2048.71,2203.70" sx="F,M,F,M"/><TAIKYOKU oya="0"/><INIT seed="0,0,0,0,4,1" ten="250,250,250,250" oya="0" hai0="58,44,26,62,99,9,42,101,20,106,61,37,29" hai1="24,3,134,120,71,128,2,97,14,87,43,131,112" hai2="11,121,77,119,45,78,68,79,86,6,73,50,81" hai3="64,85,118,47,16,107,133,40,32,10,98,126,82"/><T75/><D75/><U124/><E120/><V17/><F121/><W111/><G118/><T67/><D9/><U8/><E71/><V27/><F119/><W52/><G32/><T31/><REACH who="0" step="1"/><D62/><REACH who="0" ten="240,250,250,250" step="2"/><U56/><E8/><V116/><F116/><W4/><G10/><T105/><D105/><U66/><E112/><V100/><F68/><W36/><G107/><T95/><D95/><U104/><E104/><V69/><F69/><W55/><G126/><T92/><D92/><U48/><E124/><V46/><F73/><W84/><G82/><T130/><D130/><U103/><E131/><V114/><F114/><W35/><G133/><T7/><D7/><U83/><E128/><V38/><F6/><W93/><G4/><T90/><D90/><U125/><E125/><V127/><F127/><W28/><G93/><T129/><D129/><U70/><E70/><V91/><F11/><W51/><G111/><T23/><D23/><U76/><E134/><V39/><F100/><W117/><G117/><T34/><D34/><U123/><E123/><V15/><F91/><W18/><G35/><T30/><AGARI ba="0,1" hai="20,26,29,30,31,37,42,44,58,61,67,99,101,106" machi="30" ten="20,7800,0" yaku="1,1,0,1,7,1,53,1" doraHai="1" doraHaiUra="94" who="0" fromWho="0" sc="240,88,250,-26,250,-26,250,-26" /><INIT seed="0,1,0,2,5,99" ten="328,224,224,224" oya="0" hai0="121,3,21,107,24,118,45,100,80,122,61,83,66" hai1="12,73,7,55,76,91,75,93,35,47,101,114,25" hai2="112,63,56,126,8,97,54,129,72,44,109,36,111" hai3="87,123,9,74,119,4,124,84,32,49,89,33,102"/><T58/><D3/><U92/><E114/><V133/><F72/><W15/><G119/><T115/><D118/><U10/><E76/><V62/><F112/><W52/><G74/><T11/><D115/><U1/><E1/><V82/><F82/><W98/><G124/><T0/><D45/><U29/><E93/><V94/><F126/><W51/><G123/><T16/><D0/><U28/><E28/><V78/><F78/><W104/><G49/><T113/><D11/><U67/><E67/><V26/><F129/><W69/><G69/><T48/><D48/><U60/><E101/><V37/><F8/><W17/><G4/><T68/><D68/><U85/><REACH who="1" step="1"/><E47/><REACH who="1" ten="328,214,224,224" step="2"/><V13/><F44/><N who="3" m="27751" /><G84/><T134/><D113/><U14/><E14/><V95/><F13/><W40/><G40/><T43/><D43/><U46/><E46/><V131/><F131/><W23/><G23/><T64/><D121/><U57/><AGARI ba="1,1" hai="7,10,12,25,29,35,55,57,60,73,75,85,91,92" machi="57" ten="30,2000,0" yaku="1,1,0,1,53,0" doraHai="99" doraHaiUra="127" who="1" fromWho="1" sc="328,-11,214,33,224,-6,224,-6" /><INIT seed="1,0,0,2,3,55" ten="317,247,218,218" oya="1" hai0="116,112,32,81,92,28,87,75,37,83,118,120,73" hai1="53,54,82,70,18,7,44,57,128,38,48,79,131" hai2="20,119,24,36,130,86,122,67,109,10,133,108,12" hai3="42,117,35,80,30,76,19,69,15,134,51,68,63"/><U29/><E7/><V78/><F119/><W125/><G117/><T26/><D116/><U114/><E29/><V59/><F122/><W0/><G0/><T61/><D118/><U89/><E70/><V85/><F36/><W17/><G125/><T105/><D105/><U98/><E114/><V4/><F130/><N who="1" m="49705" /><E38/><V100/><F100/><W64/><G134/><T88/><D112/><U34/><E34/><V3/><F3/><W41/><G69/><T9/><D37/><U102/><E18/><V77/><F133/><W6/><G6/><T113/><D113/><U60/><E89/><V52/><F67/><W39/><G39/><T121/><D121/><U90/><E90/><V93/><F108/><W99/><G19/><T46/><D120/><U14/><E14/><V40/><F109/><W65/><G65/><T1/><D1/><U25/><E25/><V124/><F124/><W66/><G66/><T95/><D28/><U21/><E21/><V115/><F115/><W123/><G123/><T50/><D32/><U104/><E82/><V72/><F78/><AGARI ba="0,0" hai="44,48,53,54,57,60,78,79,98,102,104" m="49705" machi="78" ten="30,2900,0" yaku="19,1,52,1" doraHai="55" who="1" fromWho="2" sc="317,0,247,29,218,-29,218,0" /><INIT seed="1,1,0,3,0,56" ten="317,276,189,218" oya="1" hai0="111,72,93,112,4,41,64,92,118,130,62,25,36" hai1="26,135,63,99,22,89,59,123,54,78,96,14,58" hai2="20,21,39,30,71,107,88,86,16,40,125,90,29" hai3="85,127,75,98,109,122,134,57,6,38,46,105,35"/><U55/><E123/><V5/><F125/><W79/><G122/><T23/><D112/><U120/><E120/><V103/><F71/><W108/><G35/><T68/><D118/><U119/><E119/><V19/><F5/><W115/><G115/><T52/><D72/><U116/><E116/><V128/><F128/><W15/><G75/><T10/><D111/><N who="3" m="42569" /><G127/><T61/><D130/><U83/><E135/><V34/><F107/><W66/><G134/><T67/><D41/><U121/><E121/><V70/><F70/><W77/><G85/><T104/><D36/><U18/><E89/><V27/><F103/><N who="3" m="62711" /><G6/><T33/><D33/><U12/><E99/><V69/><F69/><W7/><G7/><T82/><D82/><U60/><E96/><V65/><F34/><W45/><G15/><T102/><D102/><U49/><E49/><V47/><F65/><W0/><G0/><T113/><D104/><U8/><E8/><V132/><F132/><W53/><G66/><T37/><D37/><U129/><E129/><V1/><F1/><W43/><G46/><T106/><D106/><U51/><E51/><AGARI ba="1,0" hai="38,43,45,51,53,57,77,79" m="62711,42569" machi="51" ten="30,1000,0" yaku="14,1" doraHai="56" who="3" fromWho="1" sc="317,0,276,-13,189,0,218,13" /><INIT seed="2,0,0,1,1,132" ten="317,263,189,231" oya="2" hai0="53,27,50,10,91,74,78,25,76,124,75,112,56" hai1="85,18,80,126,54,96,9,133,36,23,116,31,24" hai2="99,14,35,21,58,125,15,8,130,7,115,32,48" hai3="61,46,109,82,95,111,37,84,77,60,107,106,43"/><V89/><F115/><W26/><G95/><T20/><D112/><U122/><E116/><V70/><F70/><W13/><G26/><T39/><D39/><U38/><E133/><V0/><F130/><W108/><REACH who="3" step="1"/><G13/><REACH who="3" ten="317,263,189,221" step="2"/><T104/><D27/><U100/><E24/><V59/><F14/><W92/><G92/><T6/><D104/><AGARI ba="0,1" hai="37,43,46,60,61,77,82,84,104,106,107,108,109,111" machi="104" ten="50,3200,0" yaku="1,1,14,1,53,0" doraHai="132" doraHaiUra="118" who="3" fromWho="0" sc="317,-32,263,0,189,0,221,42" /><INIT seed="3,0,0,1,3,102" ten="285,263,189,263" oya="3" hai0="34,73,115,96,53,22,51,36,72,74,27,26,99" hai1="5,79,64,81,121,92,65,124,19,112,63,133,68" hai2="105,98,6,40,103,52,61,97,46,45,90,7,32" hai3="10,76,43,66,42,4,67,29,109,13,56,83,111"/><W54/><G29/><T110/><D36/><U8/><E121/><V59/><F32/><W107/><G107/><T114/><D34/><U44/><E112/><N who="0" m="43049" /><D110/><N who="3" m="41993" /><G66/><T1/><D1/><U35/><E64/><V117/><F117/><W89/><G67/><T80/><D80/><U0/><E65/><V12/><F12/><W122/><G122/><T37/><D37/><U70/><E0/><V132/><F132/><W49/><G89/><T120/><D120/><U82/><E133/><V25/><F25/><N who="0" m="9226" /><D22/><U118/><E118/><V18/><F18/><W85/><AGARI ba="0,0" hai="4,10,13,42,43,49,54,56,76,83,85" m="41993" machi="85" ten="30,3000,0" yaku="14,1,10,1" doraHai="102" who="3" fromWho="3" sc="285,-10,263,-10,189,-10,263,30" /><INIT seed="3,1,0,3,5,37" ten="275,253,179,293" oya="3" hai0="134,135,112,94,27,30,81,124,121,93,10,36,52" hai1="25,9,104,35,21,46,95,44,106,57,69,28,63" hai2="85,65,51,16,99,113,55,119,42,76,116,0,98" hai3="29,90,68,117,86,2,45,127,34,130,48,4,8"/><W38/><G117/><T72/><D121/><U13/><E69/><V31/><F0/><W115/><G115/><T131/><D131/><U14/><E35/><V77/><F113/><W3/><G68/><T84/><D72/><U78/><E78/><V22/><F31/><W87/><G38/><T61/><D36/><U67/><E106/><V91/><F65/><W23/><G130/><T56/><D112/><U107/><E107/><V103/><F116/><W120/><G120/><T97/><D124/><U40/><E104/><V11/><F11/><W47/><G127/><T5/><D97/><N who="2" m="36874" /><F119/><W43/><G34/><T108/><D108/><U128/><E128/><V41/><F103/><W96/><G2/><T92/><D84/><U32/><E32/><V66/><F66/><W60/><G60/><T114/><D81/><U6/><E95/><N who="2" m="54767" /><F77/><W1/><G1/><T122/><D114/><U110/><E110/><V53/><F76/><W118/><G118/><T125/><D125/><U79/><E79/><V39/><F39/><W75/><G75/><T70/><D70/><U59/><E9/><V15/><F53/><N who="3" m="29839" /><G96/><T83/><D122/><U54/><E6/><V26/><F26/><N who="3" m="16607" /><G90/><T64/><D64/><U24/><E67/><V62/><F62/><W19/><G19/><T71/><D71/><U89/><E63/><V7/><F7/><W101/><G101/><T123/><D123/><U33/><E89/><V105/><F105/><W18/><G18/><T102/><D102/><U49/><E33/><V126/><F126/><W129/><G129/><T73/><D5/><U12/><E25/><RYUUKYOKU ba="1,0" sc="275,-30,253,10,179,10,293,10" hai1="12,13,14,21,24,28,40,44,46,49,54,57,59" hai2="15,16,22,41,42,51,55" hai3="3,4,8,43,47,86,87" owari="245,-15.5,263,6.3,189,-31.1,303,40.3" /></mjloggm>