<mjloggm ver="2.3"><GO type="225" lobby="0"/><UN n0="%E6%A1%9C%E8%8A%B1%E9%96%83%E3%80%85" n1="%E3%81%AA%E3%82%81%E3%81%93%E9%9B%80%E5%A3%AB" n2="%65%6B%61%72%75%74%65" n3="%E3%81%B5%E3%81%98%E3%81%8B%E3%81%A4" dan="16,16,16,16" rate="2157.23,2091.60,2078.23,2151.46" sx="M,M,M,M"/><TAIKYOKU oya="0"/><INIT seed="0,0,0,1,2,74" ten="250,250,250,250" oya="0" hai0="118,86,76,38,87,103,83,4,13,57,27,93,128" hai1="8,67,41,11,46,24,1,119,69,14,98,58,133" hai2="109,34,7,107,100,110,48,54,30,124,75,28,0" hai3="78,16,79,115,6,49,29,25,99,43,125,123,35"/><T68/><D118/><U2/><E69/><V81/><F124/><W26/><G115/><T72/><D68/><U105/><E133/><V85/><F75/><W120/><G125/><T55/><D38/><U50/><E11/><V22/><F34/><W19/><G6/><T40/><D40/><U97/><E97/><V114/><F114/><W9/><G99/><N who="0" m="59887" /><D72/><U106/><E24/><V132/><F132/><W134/><G134/><T127/><D127/><U82/><E106/><V90/><F100/><W42/><G9/><N who="0" m="4263" /><D128/><U52/><E67/><V80/><F107/><W89/><G89/><T10/><D10/><U122/><E122/><N who="3" m="46634" /><G43/><T91/><D27/><U88/><E105/><V94/><F7/><W33/><G33/><T92/><D57/><U71/><E71/><V96/><F0/><W36/><G36/><T5/><D5/><U111/><E119/><V102/><F81/><W12/><G26/><T130/><D130/><U45/><E82/><V84/><F22/><N who="3" m="11527" /><G19/><T104/><D104/><U61/><E1/><V59/><REACH who="2" step="1"/><F85/><REACH who="2" ten="250,250,240,250" step="2"/><W113/><G113/><T95/><D92/><U21/><E2/><V70/><F70/><W15/><G15/><T62/><D95/><U65/><E21/><V18/><F18/><W37/><G37/><T32/><D32/><U66/><E8/><V20/><F20/><W64/><G64/><T44/><D87/><U131/><E66/><V108/><AGARI ba="0,1" hai="28,30,48,54,59,80,84,90,94,96,102,108,109,110" machi="108" ten="30,4000,0" yaku="1,1,0,1,14,1,53,0" doraHai="74" doraHaiUra="39" who="2" fromWho="2" sc="250,-20,250,-10,240,50,250,-10" /><INIT seed="1,0,0,1,5,64" ten="230,240,290,240" oya="1" hai0="22,99,42,81,10,109,55,43,129,106,11,74,119" hai1="34,116,89,78,132,46,117,84,97,20,95,133,124" hai2="1,5,57,36,29,123,8,26,135,66,62,102,44" hai3="77,82,110,76,101,92,7,50,0,94,9,72,49"/><U79/><E34/><V45/><F135/><N who="1" m="51785" /><E124/><V112/><F123/><W51/><G110/><T69/><D119/><N who="1" m="45643" /><E46/><V58/><F112/><W128/><G128/><T118/><D118/><U19/><E19/><V121/><F121/><W130/><G130/><T4/><D129/><U87/><E20/><V3/><F102/><W63/><G77/><AGARI ba="0,0" hai="77,78,79,84,87,89,95,97" m="45643,51785" machi="77" ten="30,5800,0" yaku="20,1,34,2" doraHai="64" who="1" fromWho="3" sc="230,0,240,58,290,0,240,-58" /><INIT seed="1,1,0,0,5,108" ten="230,298,290,182" oya="1" hai0="84,57,27,1,98,77,87,86,66,129,24,39,53" hai1="90,117,118,82,110,91,64,28,73,23,96,134,100" hai2="17,59,50,109,105,130,55,29,54,25,80,74,106" hai3="30,38,70,49,127,26,51,6,32,89,58,99,126"/><U52/><E134/><V10/><F109/><W128/><G70/><T95/><D129/><U123/><E110/><V113/><F130/><W3/><G38/><T68/><D1/><U7/><E123/><V45/><F113/><W20/><G128/><T12/><D39/><U46/><E7/><V122/><F122/><W79/><G79/><T60/><D77/><U69/><E73/><V21/><F74/><W72/><G72/><T112/><D112/><U61/><E91/><V115/><F80/><W75/><G75/><T81/><D81/><U132/><E132/><V44/><F44/><W71/><G71/><T47/><D12/><U19/><E28/><V104/><F115/><W15/><G58/><T14/><D14/><U5/><E5/><V83/><F83/><W93/><G3/><T103/><REACH who="0" step="1"/><D47/><REACH who="0" ten="220,298,290,182" step="2"/><U36/><E82/><V116/><F116/><W131/><G131/><T135/><D135/><U88/><E118/><V78/><F78/><W76/><G76/><T56/><D56/><U101/><E36/><V121/><F121/><W43/><G15/><T16/><D16/><U120/><E120/><V0/><F17/><W34/><G6/><T62/><AGARI ba="1,1" hai="24,27,53,57,60,62,66,68,84,86,87,95,98,103" machi="62" ten="30,2000,0" yaku="1,1,0,1,53,0" doraHai="108" doraHaiUra="102" who="0" fromWho="0" sc="220,33,298,-11,290,-6,182,-6" /><INIT seed="2,0,0,2,4,4" ten="253,287,284,176" oya="2" hai0="69,103,107,100,109,43,88,108,65,73,67,58,114" hai1="33,102,132,97,130,15,126,57,56,11,82,95,23" hai2="42,122,9,124,104,30,53,36,106,46,98,84,112" hai3="1,129,71,63,85,94,48,62,2,72,22,91,90"/><V47/><F112/><W116/><G72/><T120/><D114/><U78/><E33/><V3/><F122/><W123/><G123/><T39/><D120/><U127/><E130/><V45/><F124/><N who="1" m="47657" /><E23/><V61/><F30/><W38/><G38/><T133/><D58/><U113/><E132/><V89/><F98/><W31/><G116/><T87/><D73/><N who="1" m="43343" /><E113/><V21/><F21/><W131/><G48/><T128/><D128/><N who="3" m="49225" /><G90/><T121/><D133/><U28/><E28/><V49/><F61/><N who="3" m="23051" /><G71/><T41/><D69/><U12/><E12/><V81/><REACH who="2" step="1"/><F46/><REACH who="2" ten="253,287,274,176" step="2"/><W105/><G105/><T37/><D107/><U32/><E32/><V92/><F92/><W16/><G31/><T117/><D121/><U135/><E135/><V80/><F80/><W79/><G79/><T64/><D117/><U110/><E95/><V6/><AGARI ba="0,1" hai="3,6,9,36,42,45,47,49,53,81,84,89,104,106" machi="6" ten="30,6000,0" yaku="1,1,0,1,52,1,53,0" doraHai="4" doraHaiUra="99" who="2" fromWho="2" sc="253,-20,287,-20,274,70,176,-20" /><INIT seed="2,1,0,0,2,81" ten="233,267,344,156" oya="2" hai0="23,82,76,98,34,79,104,84,92,65,87,106,14" hai1="5,102,75,71,133,107,44,61,125,83,67,60,46" hai2="103,31,134,25,13,129,11,50,2,17,89,110,45" hai3="63,99,20,4,132,68,28,69,54,77,0,90,88"/><V36/><F129/><W18/><G132/><T49/><D34/><U91/><E133/><V35/><F134/><W118/><G77/><T39/><D39/><U72/><E125/><V26/><F36/><W93/><G28/><T119/><D119/><U64/><E5/><V115/><F115/><W113/><G113/><T70/><D70/><U123/><E123/><V41/><F110/><W78/><G78/><N who="0" m="29739" /><D106/><U12/><E12/><V86/><F103/><W80/><G118/><T10/><D104/><U121/><E121/><V8/><F26/><W56/><G4/><N who="0" m="3399" /><D82/><U29/><E29/><V97/><F97/><W30/><G0/><T108/><D65/><U124/><E124/><V21/><REACH who="2" step="1"/><F2/><REACH who="2" ten="233,267,334,156" step="2"/><W24/><REACH who="3" step="1"/><G30/><REACH who="3" ten="233,267,334,146" step="2"/><T57/><D108/><U116/><E116/><V114/><F114/><W85/><AGARI ba="1,2" hai="18,20,24,54,56,63,68,69,80,85,88,90,93,99" machi="85" ten="30,12000,2" yaku="1,1,2,1,0,1,25,2,52,1,54,1,53,0" doraHai="81" doraHaiUra="131" who="3" fromWho="3" sc="233,-31,267,-31,334,-61,146,143" /><INIT seed="3,0,0,1,2,79" ten="202,236,273,289" oya="3" hai0="14,89,71,31,65,48,106,135,55,2,6,72,49" hai1="50,33,38,109,121,66,40,68,82,11,47,110,134" hai2="5,95,132,119,113,108,100,35,42,128,54,36,12" hai3="32,116,104,41,43,3,60,53,70,77,111,59,15"/><W107/><G32/><T16/><D106/><U22/><E33/><V75/><F113/><W21/><G3/><T101/><D101/><U90/><E121/><V67/><F119/><W83/><G116/><T1/><D72/><U10/><E134/><V93/><F35/><W102/><G70/><T34/><D135/><U28/><E66/><V37/><F67/><W105/><G102/><T103/><D103/><U92/><E38/><V81/><F132/><W99/><G99/><T45/><D6/><U58/><E58/><V4/><F54/><W19/><REACH who="3" step="1"/><G111/><REACH who="3" ten="202,236,273,279" step="2"/><T133/><D133/><U88/><E68/><V17/><F100/><W130/><G130/><T124/><D124/><U52/><E110/><V112/><F128/><W62/><G62/><T73/><D73/><AGARI ba="0,1" hai="15,19,21,41,43,53,59,60,73,77,83,104,105,107" machi="73" ten="40,3900,0" yaku="1,1,52,1,53,0" doraHai="79" doraHaiUra="61" who="3" fromWho="0" sc="202,-39,236,0,273,0,279,49" owari="163,-33.7,236,-16.4,273,7.3,328,42.8" /></mjloggm>