<mjloggm ver="2.3"><GO type="225" lobby="0"/><UN n0="%E3%81%AF%E3%82%88%E3%81%8A%E3%81%98%E3%81%95%E3%82%93" n1="%48%61%61%61%6C%61%6E%64" n2="%E8%81%B7%E6%A5%AD%E3%80%81%E9%A2%A8%32" n3="%73%69%72%6F%75%74" dan="16,17,16,16" rate="2187.22,2246.40,2090.93,2146.21" sx="M,M,M,M"/><TAIKYOKU oya="0"/><INIT seed="0,0,0,0,4,86" ten="250,250,250,250" oya="0" hai0="113,112,128,130,2,75,88,56,78,62,43,16,40" hai1="32,127,116,103,76,105,41,27,119,72,1,110,19" hai2="9,124,69,64,15,52,135,111,58,115,10,79,80" hai3="100,82,22,92,0,6,13,44,66,77,85,48,49"/><T67/><D2/><U60/><E1/><V51/><F115/><W20/><G0/><T39/><D78/><U26/><E110/><V106/><F106/><W8/><G49/><T133/><D75/><U4/><E4/><V57/><F111/><W125/><G125/><T59/><D133/><U70/><E41/><V5/><F135/><W28/><G66/><T36/><D16/><U68/><E127/><V102/><F124/><W54/><G28/><T38/><D88/><U120/><E76/><V98/><F69/><W14/><REACH who="3" step="1"/><G13/><REACH who="3" ten="250,250,250,240" step="2"/><T11/><D11/><U121/><E119/><V61/><F10/><W30/><G30/><T17/><D17/><U101/><E19/><V37/><F37/><W33/><G33/><T132/><D132/><U23/><E32/><V45/><F64/><W18/><G18/><T29/><D29/><U7/><E116/><V107/><REACH who="2" step="1"/><F61/><REACH who="2" ten="250,250,240,240" step="2"/><W90/><G90/><T94/><D36/><U99/><E60/><V84/><AGARI ba="0,2" hai="5,9,15,45,51,52,57,58,79,80,84,98,102,107" machi="84" ten="20,12000,2" yaku="1,1,2,1,0,1,7,1,54,1,53,1" doraHai="86" doraHaiUra="73" who="2" fromWho="2" sc="250,-60,250,-30,240,140,240,-30" /><INIT seed="1,0,0,0,3,130" ten="190,220,380,210" oya="1" hai0="5,96,43,53,105,88,82,61,30,23,111,135,104" hai1="39,25,83,91,124,99,69,55,2,32,108,15,31" hai2="123,121,92,117,81,35,122,6,79,68,100,60,10" hai3="94,42,78,109,107,75,98,3,9,8,20,74,73"/><U134/><E2/><V41/><F117/><W56/><G107/><T24/><D111/><U37/><E108/><V86/><F35/><W67/><G109/><T114/><D114/><U58/><E69/><V115/><F115/><W90/><G78/><T62/><D135/><U51/><E124/><V89/><F100/><W133/><G133/><T57/><D43/><U17/><E134/><V106/><F106/><W95/><G42/><T40/><D40/><U64/><E64/><V38/><F60/><W45/><G45/><T128/><D128/><U7/><E7/><V102/><F102/><W1/><G20/><T12/><D62/><U36/><E99/><V14/><F68/><W110/><G110/><T22/><D22/><U103/><E103/><V71/><F71/><W34/><G56/><T50/><D61/><U87/><REACH who="1" step="1"/><E37/><REACH who="1" ten="190,210,380,210" step="2"/><V84/><F123/><W44/><G67/><T120/><D120/><U13/><E13/><V46/><AGARI ba="0,1" hai="6,10,14,38,41,46,79,81,84,86,89,92,121,122" machi="46" ten="30,1100,0" yaku="0,1" doraHai="130" who="2" fromWho="2" sc="190,-3,210,-5,380,21,210,-3" /><INIT seed="2,0,0,4,4,11" ten="187,205,401,207" oya="2" hai0="28,66,96,80,53,43,76,119,10,38,89,41,17" hai1="87,19,46,13,91,7,60,55,61,115,2,6,29" hai2="67,24,100,49,134,57,93,106,3,31,22,88,74" hai3="75,101,130,58,110,62,54,16,8,112,47,84,40"/><V94/><F134/><W50/><G75/><T79/><D119/><U64/><E29/><V27/><F3/><W5/><G110/><T95/><D38/><U18/><E115/><V56/><F74/><W82/><G130/><T52/><D66/><U124/><E124/><V85/><F106/><W30/><G112/><T116/><D28/><U105/><E105/><V15/><F67/><W121/><G30/><T127/><D127/><U122/><E122/><V36/><F36/><W25/><G121/><T128/><D128/><U14/><E2/><V126/><F126/><W26/><G101/><T133/><D133/><U35/><E35/><V97/><F27/><W107/><G107/><T99/><D99/><U68/><E19/><V42/><F15/><N who="3" m="7271" /><G5/><T33/><D33/><U120/><E120/><V77/><REACH who="2" step="1"/><F77/><AGARI ba="0,0" hai="25,26,40,47,50,54,58,62,77,82,84" m="7271" machi="77" ten="30,3900,0" yaku="8,1,52,1,54,1" doraHai="11" who="3" fromWho="2" sc="187,0,205,0,401,-39,207,39" /><INIT seed="3,0,0,4,4,37" ten="187,205,362,246" oya="3" hai0="112,51,49,72,103,42,9,115,27,43,101,114,23" hai1="85,17,68,15,5,75,7,70,124,87,16,126,96" hai2="56,39,26,50,79,3,66,0,45,77,123,121,132" hai3="69,22,129,71,47,53,118,128,10,35,127,21,76"/><W84/><G118/><T28/><D72/><U83/><E75/><V106/><F106/><W64/><G35/><T12/><D49/><U59/><E59/><V20/><F132/><W34/><G34/><T74/><D74/><U134/><E96/><V135/><F135/><W52/><G10/><T19/><D51/><U29/><E134/><V110/><F56/><W57/><G84/><N who="1" m="32330" /><E83/><V78/><F66/><W81/><G81/><T63/><D63/><U33/><E29/><N who="2" m="17607" /><F39/><W40/><G76/><T25/><D27/><U58/><E58/><V117/><F117/><W60/><G21/><T122/><D122/><N who="2" m="46602" /><F110/><W97/><G22/><T13/><D12/><U8/><E33/><V67/><F67/><W100/><G97/><T44/><D44/><U1/><E68/><N who="3" m="26186" /><G100/><AGARI ba="0,0" hai="9,13,19,23,25,28,42,43,100,101,103,112,114,115" machi="100" ten="40,5200,0" yaku="11,1,52,2" doraHai="37" who="0" fromWho="3" sc="187,52,205,0,362,0,246,-52" owari="239,3.9,205,-19.5,362,46.2,194,-30.6" /></mjloggm>