<mjloggm ver="2.3"><GO type="225" lobby="0"/><UN n0="%E5%86%B7%E5%87%8D%E3%82%AE%E3%83%A7%E3%83%BC%E3%82%B6" n1="%68%6F%72%69%30%39%30%31" n2="%6D%75%75%6D%75%72%61" n3="%E3%83%A9%E3%82%B9%E7%8E%87%EF%BC%93%E5%89%B2" dan="16,16,17,16" rate="2145.18,2042.46,2150.18,2165.69" sx="M,M,F,F"/><TAIKYOKU oya="0"/><INIT seed="0,0,0,5,3,66" ten="250,250,250,250" oya="0" hai0="61,84,82,58,36,51,112,79,1,39,75,115,23" hai1="10,53,98,13,35,64,107,94,55,91,60,96,130" hai2="2,111,68,8,132,127,133,108,100,104,56,78,135" hai3="59,24,63,6,103,114,37,65,40,34,29,126,92"/><T101/><D1/><U119/><E119/><V116/><F116/><W124/><G114/><T15/><D101/><U28/><E130/><V48/><F127/><N who="3" m="48683" /><G6/><T123/><D123/><U4/><E35/><V99/><F78/><W52/><G40/><T95/><D112/><U134/><E28/><V30/><F30/><W18/><G37/><T118/><D118/><U14/><E134/><V80/><F80/><W12/><G92/><T42/><D115/><U90/><E14/><V19/><F68/><W97/><G97/><T131/><D131/><U32/><E32/><V62/><F48/><W77/><G103/><T102/><D102/><U71/><REACH who="1" step="1"/><E107/><REACH who="1" ten="250,240,250,250" step="2"/><V81/><F2/><W129/><G129/><T27/><D15/><U125/><E125/><V117/><F117/><W86/><G77/><T45/><D75/><U109/><E109/><V25/><F108/><W0/><G0/><T57/><D79/><U21/><E21/><N who="2" m="13503" /><F111/><W26/><G29/><T7/><D23/><U72/><E72/><V128/><F128/><W74/><G34/><T120/><D27/><U89/><E89/><V20/><F20/><N who="3" m="11335" /><G74/><T16/><D120/><U33/><E33/><V122/><F122/><W54/><G26/><T9/><D9/><U46/><E46/><V70/><F8/><W17/><G24/><T31/><D31/><U47/><E47/><V5/><F5/><W105/><G105/><T83/><D7/><U73/><E73/><V43/><F104/><W113/><G113/><T106/><D45/><U76/><E76/><V69/><F135/><W110/><G110/><T67/><D106/><RYUUKYOKU ba="0,1" sc="250,-10,240,30,250,-10,250,-10" hai1="4,10,13,53,55,60,64,71,90,91,94,96,98" /><INIT seed="1,1,1,4,4,41" ten="240,270,240,240" oya="1" hai0="92,127,133,106,83,22,111,73,20,82,31,94,76" hai1="95,135,121,93,40,33,132,124,6,19,79,67,130" hai2="96,27,128,60,114,44,49,109,134,120,10,32,35" hai3="63,11,61,71,25,115,97,75,50,84,4,110,100"/><U29/><E121/><V17/><F120/><W62/><G75/><T119/><D119/><U85/><E6/><V13/><F109/><W37/><G37/><T28/><D111/><U30/><E67/><V45/><F128/><W24/><G115/><T43/><D106/><U131/><E19/><V36/><F134/><N who="1" m="51241" /><E40/><V7/><F114/><W116/><G110/><T122/><D122/><U87/><E33/><V23/><F60/><W89/><G50/><T12/><D133/><U52/><E52/><V46/><F36/><W14/><G71/><T113/><D113/><U112/><E112/><V51/><REACH who="2" step="1"/><F96/><REACH who="2" ten="240,270,230,240" step="2"/><W57/><G116/><T88/><D127/><U55/><E124/><V47/><N who="2" m="11264" /><DORA hai="105" /><V3/><F3/><W80/><REACH who="3" step="1"/><G57/><REACH who="3" ten="240,270,230,230" step="2"/><T123/><D123/><U90/><E130/><V68/><F68/><W53/><G53/><T15/><D43/><U8/><E55/><V66/><F66/><W102/><G102/><T1/><D1/><U9/><E131/><V125/><F125/><W70/><G70/><T2/><D2/><U64/><E64/><V99/><F99/><W98/><G98/><T78/><D73/><U42/><E85/><V65/><F65/><W69/><G69/><T81/><D81/><N who="1" m="47551" /><E42/><V5/><F5/><W39/><G39/><T54/><D54/><U74/><E74/><V126/><F126/><W107/><AGARI ba="1,3" hai="4,11,14,24,25,61,62,63,80,84,89,97,100,107" machi="107" ten="30,2000,0" yaku="1,1,0,1,53,0" doraHai="41,105" doraHaiUra="117,129" who="3" fromWho="3" sc="240,-6,270,-11,230,-6,230,53" /><INIT seed="2,0,0,0,5,119" ten="234,259,224,283" oya="2" hai0="126,57,44,108,58,6,84,18,28,13,133,67,74" hai1="11,131,113,128,5,4,87,0,81,103,91,101,49" hai2="15,39,34,125,102,59,129,96,60,42,14,64,65" hai3="71,55,75,35,21,82,112,94,48,100,111,104,109"/><V20/><F34/><W116/><G35/><T69/><D74/><U8/><E113/><V72/><F129/><N who="1" m="49737" /><E49/><V38/><F125/><W1/><G71/><T120/><D120/><U135/><E135/><V85/><F72/><W98/><G1/><AGARI ba="0,0" hai="0,1,4,5,8,11,81,87,91,101,103" m="49737" machi="1" ten="30,1000,0" yaku="19,1" doraHai="119" who="1" fromWho="3" sc="234,0,259,10,224,0,283,-10" /><INIT seed="3,0,0,4,5,95" ten="234,269,224,273" oya="3" hai0="88,46,62,39,74,104,9,117,89,45,126,36,13" hai1="37,94,59,63,55,103,30,98,52,17,12,60,112" hai2="65,25,110,73,5,16,122,91,10,23,7,125,83" hai3="107,18,68,24,92,8,38,6,114,70,72,97,133"/><W19/><G114/><T80/><D117/><U106/><E112/><V34/><F110/><W77/><G107/><T105/><D62/><U118/><E37/><V67/><F125/><W54/><G133/><T102/><D126/><U96/><E30/><V40/><F122/><W58/><G38/><T86/><D36/><U22/><E118/><V101/><F40/><W11/><G77/><T132/><D132/><U99/><E106/><V15/><F5/><W87/><G87/><T120/><D39/><U53/><E63/><V113/><F113/><W115/><G72/><T82/><D105/><U43/><E43/><V2/><F101/><W121/><G11/><T131/><D131/><U108/><E108/><V90/><F73/><W47/><G47/><T66/><D66/><AGARI ba="0,0" hai="12,17,22,52,53,55,59,60,66,94,96,98,99,103" machi="66" ten="40,8000,1" yaku="8,1,52,3,54,1" doraHai="95" who="1" fromWho="0" sc="234,-80,269,80,224,0,273,0" owari="154,-34.6,349,44.9,224,-17.6,273,7.3" /></mjloggm>