<mjloggm ver="2.3"><GO type="225" lobby="0"/><UN n0="%6D%75%75%6D%75%72%61" n1="%E5%B8%86%E7%AB%8B%E5%A4%8F%E8%A1%A3" n2="%E3%81%A1%E3%82%85%E3%81%86%E3%81%A9%E3%81%8F%E8%B1%A1%E3%81%95%E3%82%93" n3="%45%6C%79%73%69%75%6D" dan="17,17,17,18" rate="2237.20,2168.16,2201.40,2173.51" sx="F,M,M,F"/><TAIKYOKU oya="0"/><INIT seed="0,0,0,1,4,27" ten="250,250,250,250" oya="0" hai0="34,113,130,104,71,11,15,39,119,38,59,8,41" hai1="13,3,127,81,46,132,98,62,94,40,48,106,70" hai2="31,22,75,23,87,58,37,69,56,76,111,60,43" hai3="16,90,124,12,36,0,9,120,82,7,126,42,25"/><T117/><D113/><U35/><E127/><N who="3" m="48682" /><G120/><T109/><D71/><U91/><E132/><V125/><F75/><W97/><G36/><T89/><D104/><U128/><E128/><V108/><F125/><W14/><G42/><T63/><D130/><U2/><E35/><V96/><F96/><W122/><G122/><T33/><D109/><N who="2" m="42058" /><F76/><W44/><G44/><T4/><D39/><U134/><E134/><V112/><F87/><N who="3" m="50551" /><G97/><T79/><D79/><U103/><E81/><V61/><F112/><W21/><AGARI ba="0,0" hai="0,7,9,12,14,16,21,25" m="50551,48682" machi="21" ten="30,2000,0" yaku="18,1,54,1" doraHai="27" who="3" fromWho="3" sc="250,-10,250,-5,250,-5,250,20" /><INIT seed="1,0,0,1,2,4" ten="240,245,245,270" oya="1" hai0="19,0,129,132,12,123,20,71,21,130,62,51,50" hai1="93,85,49,84,101,69,40,135,112,108,126,32,9" hai2="41,29,131,23,36,87,28,17,24,111,119,82,7" hai3="3,124,106,11,38,45,43,134,65,34,113,110,78"/><U86/><E112/><V57/><F119/><W60/><G113/><T109/><D0/><U133/><E69/><V91/><F111/><W25/><G110/><T90/><D109/><U97/><E108/><V48/><F131/><N who="0" m="50186" /><D132/><N who="1" m="50763" /><E32/><V81/><F36/><W107/><G78/><T121/><D90/><U95/><E126/><V39/><F39/><W103/><G124/><T46/><D21/><U42/><E49/><N who="0" m="18441" /><D46/><U114/><E114/><V68/><F68/><N who="3" m="42023" /><G103/><T61/><D71/><U117/><E117/><V96/><F96/><W72/><G134/><T70/><D70/><U33/><E33/><V118/><F118/><W104/><G34/><T120/><AGARI ba="0,0" hai="12,19,20,61,62,120,121,123" m="18441,50186" machi="120" ten="40,2700,0" yaku="13,1,19,1" doraHai="4" who="0" fromWho="0" sc="240,27,245,-13,245,-7,270,-7" /><INIT seed="2,0,0,2,2,105" ten="267,232,238,263" oya="2" hai0="109,15,86,62,9,132,87,124,12,64,103,57,135" hai1="20,110,107,123,23,120,32,88,27,1,38,54,126" hai2="100,102,108,111,78,51,14,96,116,76,68,4,115" hai3="35,117,49,16,83,43,5,67,10,28,122,58,90"/><V37/><F115/><W25/><G117/><T11/><D109/><N who="2" m="42058" /><F116/><W73/><G122/><N who="1" m="46634" /><E110/><V121/><F121/><W6/><G67/><T131/><D124/><U47/><E126/><V130/><F37/><W127/><G127/><T79/><D103/><N who="2" m="39466" /><F130/><W45/><G58/><T114/><D114/><U125/><E107/><V48/><F68/><W106/><G106/><T40/><D131/><U98/><E1/><V24/><F24/><W17/><G5/><T36/><D36/><U113/><E113/><V33/><F33/><W7/><G7/><T84/><D79/><N who="2" m="30250" /><F96/><W99/><G99/><T74/><D15/><U77/><E77/><V66/><F66/><W104/><G25/><T133/><D12/><U61/><E125/><V3/><F3/><W50/><G35/><T95/><D64/><U69/><E69/><V85/><F85/><W59/><G104/><T26/><D87/><U18/><E32/><V128/><F128/><W97/><G97/><T94/><D86/><U46/><E38/><V41/><F41/><W75/><G43/><T2/><D84/><U60/><E98/><V0/><F0/><W19/><G28/><T134/><D26/><U13/><E27/><V89/><F89/><W65/><G90/><T118/><D133/><U56/><E88/><V93/><F93/><N who="0" m="35338" /><D118/><U55/><E23/><V52/><F52/><W112/><G112/><T80/><D40/><U44/><E55/><V31/><F31/><W22/><G65/><N who="0" m="39119" /><D2/><U81/><E61/><V53/><F53/><W42/><G42/><T101/><D101/><U29/><E29/><V8/><AGARI ba="0,0" hai="4,8,14,48,51" m="30250,39466,42058" machi="8" ten="40,7800,0" yaku="5,1,14,1,10,1" doraHai="105" who="2" fromWho="2" sc="267,-26,232,-26,238,78,263,-26" /><INIT seed="2,1,0,1,4,90" ten="241,206,316,237" oya="2" hai0="27,101,110,17,54,93,120,97,133,20,71,107,128" hai1="12,85,108,26,87,119,127,113,132,80,49,81,109" hai2="29,104,98,126,123,56,33,22,124,114,52,14,82" hai3="48,116,10,75,118,2,58,46,95,70,13,92,67"/><V79/><F123/><W122/><G2/><T3/><D120/><U60/><E113/><V24/><F114/><W25/><G122/><T91/><D110/><N who="1" m="42603" /><E119/><V16/><F104/><W50/><G75/><T43/><D128/><U28/><E12/><V40/><F40/><W51/><G70/><T34/><D133/><U86/><E132/><V30/><F98/><W129/><G129/><T121/><D121/><U65/><E49/><N who="3" m="18442" /><G25/><T23/><D43/><U19/><E19/><V88/><F29/><W9/><G118/><T61/><D3/><U134/><E134/><V112/><F112/><W8/><G13/><T111/><D111/><U41/><E127/><N who="2" m="48683" /><F79/><W96/><G96/><N who="0" m="57407" /><D71/><N who="1" m="42407" /><E41/><V6/><F6/><W99/><G116/><T89/><D89/><U7/><E7/><V32/><F88/><W38/><G99/><T74/><D74/><U35/><AGARI ba="1,0" hai="26,28,35,80,81,85,86,87" m="42407,42603" machi="35" ten="30,1100,0" yaku="14,1" doraHai="90" who="1" fromWho="1" sc="241,-4,206,14,316,-6,237,-4" /><INIT seed="3,0,0,5,0,67" ten="237,220,310,233" oya="3" hai0="89,103,57,56,73,0,88,95,83,92,46,71,111" hai1="6,59,25,129,100,26,133,27,77,53,69,60,70" hai2="24,23,38,7,11,62,28,12,14,65,10,4,32" hai3="97,13,126,19,63,101,75,21,130,55,76,34,30"/><W49/><G130/><T125/><D111/><U33/><E129/><V134/><F38/><W116/><G116/><T41/><D0/><U74/><E6/><V39/><F39/><W90/><G126/><T51/><D71/><U20/><E133/><V121/><F121/><W135/><G135/><T119/><D119/><U108/><E108/><V29/><F134/><W84/><G63/><T87/><D125/><U47/><E100/><V44/><F44/><W36/><G36/><T102/><D73/><U80/><E33/><V35/><F29/><W114/><G114/><T48/><D83/><U3/><E3/><V37/><F37/><W79/><G75/><T66/><D66/><U16/><REACH who="1" step="1"/><E47/><REACH who="1" ten="237,210,310,233" step="2"/><V93/><F32/><W1/><G1/><T78/><D102/><U9/><E9/><V118/><F35/><W96/><G34/><T91/><D103/><U40/><E40/><V120/><F10/><W98/><G101/><T22/><D41/><U105/><E105/><V5/><F11/><W109/><G109/><T17/><D46/><U107/><E107/><V115/><F4/><W8/><G21/><T122/><D122/><U131/><E131/><V15/><F5/><W18/><G30/><T104/><D104/><U45/><E45/><V52/><F7/><W123/><G123/><T42/><D42/><U113/><E113/><V106/><F115/><W58/><G18/><T94/><D17/><U99/><E99/><V132/><F106/><W54/><G54/><T81/><D22/><U61/><E61/><V82/><F132/><W72/><G72/><T110/><D110/><RYUUKYOKU ba="0,1" sc="237,10,210,10,310,-30,233,10" hai0="48,51,56,57,78,81,87,88,89,91,92,94,95" hai1="16,20,25,26,27,53,59,60,69,70,74,77,80" hai3="8,13,19,49,55,58,76,79,84,90,96,97,98" /><INIT seed="3,1,1,0,5,29" ten="247,220,280,243" oya="3" hai0="61,49,72,52,100,112,115,31,25,99,111,131,104" hai1="53,54,76,124,40,42,57,79,110,69,71,26,65" hai2="3,10,48,98,70,80,95,38,85,18,23,128,7" hai3="134,81,118,59,62,107,44,117,91,101,119,105,74"/><W114/><G114/><T21/><D111/><U32/><E110/><V77/><F38/><W92/><G134/><T13/><D131/><U51/><E124/><V84/><F128/><W9/><G44/><T63/><D72/><U20/><E32/><V127/><F127/><W113/><G113/><N who="0" m="43595" /><D13/><U120/><E120/><V94/><F70/><W121/><G121/><T35/><D21/><U8/><E71/><V68/><F68/><W11/><G11/><T1/><D1/><U12/><E69/><V88/><F48/><W130/><G9/><T67/><D67/><U43/><E54/><V22/><F18/><W103/><G130/><T36/><D36/><U135/><E65/><V64/><F64/><W28/><G28/><T30/><D30/><N who="1" m="17735" /><E135/><V108/><F108/><W86/><G74/><T87/><D87/><U97/><E97/><V19/><F19/><AGARI ba="1,1" hai="8,12,19,40,42,43,51,53,57,76,79" m="17735" machi="19" ten="30,1000,0" yaku="8,1" doraHai="29" who="1" fromWho="2" sc="247,0,220,23,280,-13,243,0" /><INIT seed="4,0,0,4,4,111" ten="247,243,267,243" oya="0" hai0="134,76,2,1,59,24,73,0,77,132,5,121,57" hai1="86,97,79,122,6,35,17,96,105,84,61,107,49" hai2="88,67,91,83,99,38,42,126,33,135,23,112,20" hai3="74,117,62,123,81,27,14,47,46,116,98,128,9"/><T55/><D121/><U129/><E35/><V104/><F112/><W3/><G3/><T85/><D73/><U110/><E6/><V114/><F33/><W13/><G123/><T127/><D127/><U29/><E29/><V82/><F114/><W109/><G109/><T87/><D5/><U68/><E110/><V40/><F67/><W7/><G128/><T113/><D24/><U108/><E108/><V11/><F11/><W119/><G27/><T12/><D12/><U18/><E122/><V41/><F38/><W78/><G62/><T28/><D28/><U69/><E61/><V53/><F126/><W131/><G131/><T26/><D26/><U51/><E129/><V19/><F135/><N who="0" m="51754" /><D55/><U118/><REACH who="1" step="1"/><E79/><REACH who="1" ten="247,233,267,243" step="2"/><N who="0" m="30281" /><D113/><U8/><E8/><V54/><F20/><W133/><G133/><T89/><D89/><U43/><E43/><V94/><F91/><W32/><G32/><T34/><D34/><U39/><E39/><V15/><F104/><W52/><G9/><T101/><D101/><U103/><E103/><V60/><F60/><W125/><G125/><T10/><D10/><U115/><E115/><V90/><F90/><W65/><G7/><T124/><D124/><U63/><E63/><V72/><F72/><W16/><G74/><T100/><D100/><U120/><E120/><V50/><F50/><W48/><G48/><T58/><AGARI ba="0,1" hai="0,1,2,57,58,59,85,87" m="30281,51754" machi="58" ten="40,7800,0" yaku="28,2,20,1" doraHai="111" who="0" fromWho="0" sc="247,88,233,-26,267,-26,243,-26" owari="335,43.5,207,-29.3,241,4.1,217,-18.3" /></mjloggm>