<mjloggm ver="2.3"><GO type="225" lobby="0"/><UN n0="%47%48%4F%53%54" n1="%E9%B3%B3%E6%9D%B1%E3%81%AE%E3%81%86%E3%81%95%E3%81%8E%E3%81%95%E3%82%93" n2="%E3%81%B8%E3%82%80%E3%81%B8%E3%82%80%EF%BC%92%E5%8F%B7" n3="%E5%B0%8F%E9%B3%A5%E9%81%8A%E7%B7%B4%E7%84%A1%32%31%E6%AD%B3" dan="17,17,16,16" rate="2229.32,2253.70,2122.29,2117.40" sx="M,M,M,F"/><TAIKYOKU oya="0"/><INIT seed="0,0,0,1,4,78" ten="250,250,250,250" oya="0" hai0="12,13,131,95,132,48,105,133,97,66,129,84,29" hai1="37,106,17,119,83,0,79,32,28,117,92,60,27" hai2="31,25,55,101,87,76,10,11,67,36,77,93,99" hai3="111,14,2,51,50,45,94,85,38,104,82,26,61"/><T57/><D105/><U40/><E92/><V70/><F36/><W35/><G2/><T47/><D29/><U43/><E43/><V58/><F67/><W122/><G104/><T20/><D84/><U71/><E17/><V100/><F100/><W16/><G122/><T128/><D57/><U108/><E108/><V89/><F70/><W102/><G38/><T80/><D66/><N who="1" m="41415" /><E0/><V123/><F123/><W18/><G61/><T126/><D80/><U33/><E33/><V54/><F77/><W23/><G111/><T91/><D126/><U86/><E86/><V107/><F76/><N who="3" m="46279" /><G45/><T112/><D112/><U64/><E64/><V81/><F107/><W96/><G35/><T8/><D20/><AGARI ba="0,0" hai="14,16,18,20,23,26,50,51,94,96,102" m="46279" machi="20" ten="30,3900,0" yaku="8,1,52,1,54,1" doraHai="78" who="3" fromWho="0" sc="250,-39,250,0,250,0,250,39" /><INIT seed="1,0,0,1,2,33" ten="211,250,250,289" oya="1" hai0="119,32,64,52,0,58,107,57,26,83,127,92,25" hai1="4,18,65,133,36,87,37,31,54,98,128,97,73" hai2="105,24,45,47,103,95,10,113,116,125,114,53,124" hai3="135,102,8,96,59,91,20,93,115,75,19,130,85"/><U123/><E123/><V35/><F105/><W17/><G115/><N who="2" m="44041" /><F10/><W131/><G75/><T6/><D107/><U42/><E73/><V29/><F116/><W23/><G135/><T78/><D119/><U22/><E128/><N who="3" m="49194" /><G59/><T11/><D127/><N who="2" m="48714" /><F53/><W50/><G50/><T132/><D132/><U90/><E37/><V118/><F118/><W120/><G120/><T77/><D32/><U55/><E55/><V126/><N who="2" m="48722" /><V69/><DORA hai="51" /><F69/><W111/><G111/><T106/><D92/><U61/><E54/><V49/><F49/><W39/><G39/><T72/><D106/><U34/><E36/><V28/><F28/><W62/><G62/><T104/><D104/><U27/><E133/><V110/><F110/><W121/><G121/><T46/><D46/><N who="2" m="17418" /><F95/><N who="3" m="58655" /><G8/><T9/><D9/><U89/><E42/><V70/><F70/><W134/><G134/><T108/><D108/><U5/><E61/><V2/><F103/><W81/><G93/><T12/><D58/><U56/><E56/><V101/><F101/><W38/><G38/><T94/><D94/><U7/><E65/><V14/><F14/><W82/><G82/><T63/><D64/><U112/><E112/><V74/><F74/><W30/><G30/><T13/><D13/><U67/><E67/><V1/><AGARI ba="0,0" hai="1,2,24,29,35" m="17418,48722,44041" machi="1" ten="50,8000,1" yaku="11,1,18,1,52,2" doraHai="33,51" who="2" fromWho="2" sc="211,-20,250,-40,250,80,289,-20" /><INIT seed="2,0,0,4,3,127" ten="191,210,330,269" oya="2" hai0="76,78,56,119,54,77,72,132,7,49,112,11,102" hai1="12,31,26,41,8,133,97,91,15,38,90,10,34" hai2="60,66,23,18,75,71,115,116,135,131,106,48,35" hai3="92,101,40,24,104,9,58,61,6,51,36,88,124"/><V16/><F115/><W46/><G124/><T5/><D112/><U99/><E133/><V103/><F135/><W129/><G129/><T4/><D119/><U44/><E99/><V43/><F116/><W89/><G104/><T121/><D132/><U19/><REACH who="1" step="1"/><E97/><REACH who="1" ten="191,200,330,269" step="2"/><V120/><F120/><W64/><G101/><T110/><D121/><U100/><E100/><V94/><F103/><W52/><G92/><T83/><D110/><U1/><E1/><V93/><F94/><W57/><REACH who="3" step="1"/><G24/><REACH who="3" ten="191,200,330,259" step="2"/><T85/><D102/><U65/><E65/><V108/><F93/><W74/><G74/><T107/><D107/><U13/><E13/><AGARI ba="0,2" hai="6,9,13,36,40,46,51,52,57,58,61,64,88,89" machi="13" ten="30,8000,1" yaku="1,1,7,1,54,2,53,1" doraHai="127" doraHaiUra="59" who="3" fromWho="1" sc="191,0,200,-80,330,0,259,100" /><INIT seed="3,0,0,5,1,41" ten="191,120,330,359" oya="3" hai0="46,42,123,64,17,86,25,84,61,88,94,95,116" hai1="79,38,90,130,43,5,118,73,39,55,12,74,34" hai2="124,51,13,60,87,129,56,103,2,65,132,77,89" hai3="96,37,72,101,69,108,99,31,134,91,15,62,81"/><W63/><G134/><T104/><D104/><U75/><E130/><V68/><F132/><W24/><G37/><T52/><D116/><U78/><E118/><V0/><F129/><W135/><G135/><T21/><D123/><U82/><E34/><V36/><F124/><W92/><G15/><T121/><D121/><U97/><E55/><V126/><F126/><W22/><G108/><T28/><D52/><U10/><E39/><V3/><F36/><W85/><G69/><T71/><D28/><U114/><E114/><V117/><F117/><W23/><G23/><T33/><D33/><U111/><E111/><V18/><F103/><W125/><G125/><T105/><D105/><U44/><REACH who="1" step="1"/><E97/><REACH who="1" ten="191,110,330,359" step="2"/><V76/><F68/><W32/><G32/><T102/><D102/><U93/><E93/><V19/><F51/><W11/><G99/><T113/><D113/><U8/><E8/><V107/><F107/><W110/><G11/><T53/><D53/><U120/><E120/><V66/><F66/><W35/><G110/><T119/><D119/><U45/><E45/><V67/><F67/><W58/><G35/><T50/><D95/><U40/><E40/><V16/><REACH who="2" step="1"/><F13/><REACH who="2" ten="191,110,320,359" step="2"/><W20/><G101/><T59/><D71/><U6/><E6/><V128/><F128/><W109/><G109/><T122/><D122/><U1/><E1/><V98/><F98/><AGARI ba="0,2" hai="17,21,25,42,46,50,59,61,64,84,86,88,94,98" machi="98" ten="30,7700,0" yaku="7,1,8,1,52,1,54,1" doraHai="41" who="0" fromWho="2" sc="191,97,110,0,320,-77,359,0" owari="288,8.8,110,-39.0,243,-15.7,359,45.9" /></mjloggm>