<mjloggm ver="2.3"><GO type="225" lobby="0"/><UN n0="%E5%91%A8%E6%9D%B1" n1="%E7%AB%8B%E7%9B%B4%E5%A5%BD%E6%A3%92%40%E5%BF%98" n2="%6D%75%75%73%61%6E%6D%75" n3="%E3%81%AF%E3%82%88%E3%81%8A%E3%81%98%E3%81%95%E3%82%93" dan="17,17,17,17" rate="2134.81,2114.40,2140.23,2146.12" sx="M,M,F,M"/><TAIKYOKU oya="0"/><INIT seed="0,0,0,2,1,55" ten="250,250,250,250" oya="0" hai0="108,98,131,62,46,67,66,59,18,113,87,42,114" hai1="50,119,33,112,111,107,20,32,104,6,97,49,26" hai2="120,127,43,91,22,129,37,83,48,84,7,15,93" hai3="118,89,96,71,106,101,100,90,82,51,2,110,74"/><T10/><D131/><U88/><E119/><V133/><F129/><W77/><G71/><T109/><D98/><U47/><E111/><N who="0" m="42569" /><D87/><U8/><E112/><N who="0" m="43113" /><D18/><U39/><E39/><V53/><F120/><W73/><G51/><N who="0" m="27095" /><D10/><U9/><E104/><V115/><F93/><W117/><G2/><T122/><D122/><U17/><E107/><V61/><F22/><W19/><G19/><T116/><D116/><N who="3" m="44649" /><G110/><T11/><D11/><U103/><E8/><V52/><F15/><W92/><G73/><T81/><D81/><U69/><E33/><V44/><F7/><W40/><G40/><T79/><D79/><U105/><E32/><V102/><F102/><W75/><G75/><T4/><D4/><U23/><E88/><N who="3" m="33898" /><G100/><T56/><D67/><U34/><E17/><V65/><F115/><W12/><G12/><T63/><D62/><U36/><E6/><V128/><F128/><W29/><G29/><T31/><D31/><U64/><E9/><V80/><F65/><W14/><G14/><T70/><AGARI ba="0,0" hai="56,59,63,66,70" m="27095,43113,42569" machi="70" ten="30,18000,2" yaku="14,1,10,1,34,2,52,2" doraHai="55" who="0" fromWho="0" sc="250,180,250,-60,250,-60,250,-60" /><INIT seed="0,1,0,0,0,76" ten="430,190,190,190" oya="0" hai0="92,129,95,12,52,1,37,116,20,118,88,56,30" hai1="68,19,89,111,86,34,55,8,45,122,9,131,23" hai2="97,31,81,43,28,109,104,130,101,58,117,48,124" hai3="121,2,54,5,94,114,67,15,100,0,59,47,135"/><T110/><D1/><U29/><E122/><V103/><F109/><W125/><G114/><T44/><D110/><U93/><E68/><V84/><F130/><W6/><G121/><T69/><D69/><U26/><E111/><V40/><F124/><W63/><G125/><T74/><D74/><U133/><E133/><V4/><F117/><W99/><G135/><T113/><D113/><U102/><E131/><V41/><F101/><W16/><G0/><T128/><D129/><U127/><E127/><V82/><F4/><W22/><G2/><T51/><D95/><U42/><E102/><V65/><F82/><W33/><G33/><T61/><D37/><U119/><E55/><V10/><F10/><W57/><REACH who="3" step="1"/><G47/><REACH who="3" ten="430,190,190,180" step="2"/><T105/><D128/><U112/><E112/><V71/><F71/><W96/><G96/><T36/><D118/><U126/><E126/><V108/><F108/><W14/><G14/><T49/><D116/><U13/><REACH who="1" step="1"/><E119/><REACH who="1" ten="430,180,190,180" step="2"/><V60/><REACH who="2" step="1"/><F48/><AGARI ba="1,2" hai="5,6,15,16,22,48,54,57,59,63,67,94,99,100" machi="48" ten="30,8000,1" yaku="1,1,7,1,8,1,54,1,53,1" doraHai="76" doraHaiUra="90" who="3" fromWho="2" sc="430,0,180,0,190,-83,180,103" /><AGARI ba="1,0" hai="8,9,13,19,23,26,29,34,42,45,48,86,89,93" machi="48" ten="30,7700,0" yaku="1,1,2,1,7,1,53,1" doraHai="76" doraHaiUra="90" who="1" fromWho="2" sc="430,0,180,77,107,-77,283,0" /><INIT seed="1,0,0,5,1,5" ten="430,257,30,283" oya="1" hai0="52,135,74,61,2,109,125,64,55,45,26,28,6" hai1="102,23,73,118,117,127,51,85,65,100,1,103,0" hai2="78,88,39,90,50,98,22,104,81,66,62,79,24" hai3="19,8,33,96,129,86,110,25,89,108,134,97,95"/><U93/><E73/><V75/><F39/><W37/><G37/><T99/><D74/><U21/><E65/><V44/><F79/><W128/><G134/><T12/><D135/><U20/><E51/><V94/><F104/><W15/><G25/><T18/><D125/><U84/><E93/><V9/><F9/><W105/><G33/><T46/><D109/><N who="3" m="42089" /><G105/><T131/><D131/><AGARI ba="0,0" hai="8,15,19,86,89,95,96,97,128,129,131" m="42089" machi="131" ten="30,3900,0" yaku="19,1,14,1,52,1" doraHai="5" who="3" fromWho="0" sc="430,-39,257,0,30,0,283,39" /><INIT seed="2,0,0,1,4,96" ten="391,257,30,322" oya="2" hai0="17,89,92,64,54,104,91,9,93,28,42,122,132" hai1="55,27,99,33,69,133,125,106,38,43,101,3,88" hai2="76,71,134,18,13,72,46,2,113,97,7,52,108" hai3="36,5,58,115,66,59,45,35,78,57,82,29,80"/><V44/><F113/><W119/><G119/><T87/><D122/><U124/><E55/><V22/><F71/><W74/><G115/><T8/><D104/><U0/><E88/><V61/><F134/><W20/><G35/><T109/><D132/><U23/><E23/><V1/><F108/><W94/><G5/><T11/><D109/><U37/><E133/><V77/><F97/><W73/><G94/><T123/><D123/><U135/><E135/><V90/><F90/><W116/><G116/><T103/><D28/><N who="1" m="19615" /><E43/><V130/><F130/><W102/><G102/><T100/><D42/><U84/><E84/><V68/><F68/><W129/><G129/><T34/><D34/><U21/><E21/><V30/><F2/><N who="1" m="553" /><E69/><V126/><F1/><W6/><G6/><T107/><D107/><U127/><AGARI ba="0,0" hai="37,38,99,101,106,124,125,127" m="553,19615" machi="127" ten="40,5200,0" yaku="18,1,23,1,52,1" doraHai="96" who="1" fromWho="1" sc="391,-13,257,52,30,-26,322,-13" /><INIT seed="3,0,0,2,1,36" ten="378,309,4,309" oya="3" hai0="4,18,65,69,125,129,133,50,109,115,111,112,19" hai1="55,70,110,62,29,94,6,59,134,97,38,44,74" hai2="46,26,33,95,15,68,10,0,90,135,91,47,83" hai3="64,8,13,28,42,78,45,56,52,105,32,126,63"/><W5/><G126/><T54/><D125/><U131/><E110/><N who="0" m="41993" /><D133/><U89/><E134/><V51/><F68/><W12/><G105/><T53/><D129/><U100/><E74/><V67/><F0/><W34/><G78/><T57/><D4/><U22/><E131/><V2/><F135/><W31/><G32/><T20/><D54/><U77/><E77/><V123/><F2/><W118/><G118/><T21/><D65/><U49/><E6/><V79/><F33/><W9/><G34/><T132/><D69/><U101/><E70/><V82/><F79/><W24/><G24/><N who="0" m="14359" /><D132/><U80/><E80/><V88/><F26/><AGARI ba="0,0" hai="19,21,26,50,53,57,112,115" m="14359,41993" machi="26" ten="30,1000,0" yaku="14,1" doraHai="36" who="0" fromWho="2" sc="378,10,309,0,4,-10,309,0" owari="388,48.8,309,10.9,-6,-50.6,309,-9.1" /></mjloggm>