<mjloggm ver="2.3"><GO type="225" lobby="0"/><UN n0="%4B%2E%32%2E%4B%2E" n1="%E5%B0%8F%E9%B3%A5%E9%81%8A%E7%B7%B4%E7%84%A1%32%31%E6%AD%B3" n2="%E3%82%B3%E3%83%90%E3%83%AC%E3%82%A4" n3="%E5%AD%90%E4%BE%9B%E4%BC%9A%E5%93%A1" dan="16,16,16,17" rate="2160.44,2176.16,2124.56,2112.23" sx="M,F,M,M"/><TAIKYOKU oya="0"/><INIT seed="0,0,0,3,1,101" ten="250,250,250,250" oya="0" hai0="63,53,134,135,118,16,4,64,65,130,94,116,55" hai1="34,57,102,92,46,100,69,24,127,45,37,33,111" hai2="71,32,2,17,35,131,121,39,129,128,56,66,40" hai3="36,125,106,25,126,7,11,98,74,86,108,119,112"/><T79/><D4/><U114/><E111/><V78/><F2/><N who="3" m="503" /><G74/><T88/><D130/><U72/><E69/><V115/><F115/><W30/><G112/><T103/><D103/><U38/><E72/><V122/><F78/><W104/><G119/><N who="0" m="45611" /><D79/><U23/><E127/><N who="3" m="48650" /><G108/><T19/><D63/><U50/><E114/><V52/><F32/><N who="3" m="20559" /><G36/><T99/><D55/><U73/><E73/><V43/><F35/><W77/><G98/><T60/><D53/><U123/><E38/><V26/><F26/><W105/><G77/><T10/><D10/><U6/><E37/><V81/><F81/><W82/><G82/><T27/><D27/><U97/><E24/><V80/><F80/><W91/><G91/><T85/><D99/><U89/><E97/><V48/><F17/><N who="0" m="6730" /><D60/><U22/><E100/><V21/><F21/><W47/><G47/><T13/><D13/><U3/><E46/><N who="2" m="23839" /><F43/><W41/><G41/><T14/><D14/><U117/><E33/><V54/><F54/><W76/><G76/><T113/><D113/><U110/><E34/><V96/><F96/><W87/><AGARI ba="0,0" hai="86,87,104,105,106" m="20559,48650,503" machi="87" ten="40,8000,1" yaku="18,1,52,3" doraHai="101" who="3" fromWho="3" sc="250,-40,250,-20,250,-20,250,80" /><INIT seed="1,0,0,4,3,4" ten="210,230,230,330" oya="1" hai0="104,95,35,71,14,81,101,6,19,90,106,24,102" hai1="20,45,88,26,11,43,125,127,96,27,86,111,103" hai2="97,98,79,47,23,61,9,33,76,74,121,99,18" hai3="72,50,117,68,70,128,57,62,113,8,122,115,48"/><U54/><E54/><V58/><F33/><W13/><G72/><T5/><D71/><N who="3" m="27177" /><G8/><T69/><D69/><U32/><E32/><V135/><F121/><W37/><G13/><T52/><D104/><U118/><E118/><V75/><F74/><W59/><G122/><T94/><D106/><U2/><E111/><V77/><F75/><W10/><G10/><N who="0" m="6615" /><D35/><U109/><E109/><V41/><F135/><W1/><G1/><T80/><D24/><U83/><E27/><V119/><F119/><W120/><G120/><T105/><D105/><U123/><E123/><V131/><F131/><W36/><G117/><T16/><D52/><U91/><E91/><V60/><F58/><N who="3" m="22027" /><G62/><T133/><D133/><U12/><E2/><V42/><F9/><W114/><G128/><T39/><D39/><AGARI ba="0,0" hai="36,37,39,48,50,113,114,115" m="22027,27177" machi="39" ten="40,8000,1" yaku="28,2,34,2" doraHai="4" who="3" fromWho="0" sc="210,-80,230,0,230,0,330,80" /><INIT seed="2,0,0,4,3,74" ten="130,230,230,410" oya="2" hai0="94,98,16,117,129,40,52,13,123,88,78,20,128" hai1="131,62,15,71,12,76,26,99,72,116,3,53,61" hai2="33,66,0,92,120,121,112,113,51,90,55,39,133" hai3="4,86,42,132,19,111,64,85,101,34,24,69,38"/><V104/><F104/><W67/><G69/><T95/><D123/><U43/><E116/><V109/><F0/><W37/><G37/><T60/><D117/><U18/><E3/><V17/><F33/><W81/><G34/><T1/><D1/><U135/><E131/><N who="0" m="50249" /><D40/><U65/><E43/><V122/><F39/><W28/><G38/><T54/><D60/><U48/><E61/><V29/><F29/><W49/><G111/><T31/><D78/><U8/><E12/><V97/><F109/><W46/><G132/><T22/><D95/><U82/><E26/><AGARI ba="0,0" hai="13,16,20,22,26,31,52,54,88,94,98" m="50249" machi="26" ten="30,7700,0" yaku="19,1,54,3" doraHai="74" who="0" fromWho="1" sc="130,77,230,-77,230,0,410,0" /><INIT seed="3,0,0,4,1,63" ten="207,153,230,410" oya="3" hai0="7,53,45,80,97,49,56,64,95,61,21,26,52" hai1="92,106,90,15,108,35,23,88,60,25,11,127,131" hai2="112,5,18,6,8,42,111,124,70,117,40,2,20" hai3="86,29,19,34,110,72,103,28,4,37,16,27,44"/><W71/><G72/><T65/><D7/><U67/><E108/><V100/><F112/><W66/><G4/><T101/><D80/><U12/><E127/><V48/><F70/><W98/><G29/><AGARI ba="0,0" hai="21,26,29,45,49,52,53,56,61,64,65,95,97,101" machi="29" ten="30,8000,1" yaku="7,1,8,1,52,2,54,1" doraHai="63" who="0" fromWho="3" sc="207,80,153,0,230,0,410,-80" owari="287,8.7,153,-34.7,230,-17.0,330,43.0" /></mjloggm>