<mjloggm ver="2.3"><GO type="225" lobby="0"/><UN n0="%E5%B8%86%E7%AB%8B%E5%A4%8F%E8%A1%A3" n1="%E3%81%82%E3%81%84%E3%81%82%E3%81%8A%E3%81%84" n2="%E3%81%95%E3%81%8D%E3%81%9F%E3%81%BE%E6%9E%97%E6%AA%8E" n3="%6D%75%75%6D%75%72%61" dan="16,18,16,17" rate="2123.90,2196.94,2144.04,2193.48" sx="M,M,M,F"/><TAIKYOKU oya="0"/><INIT seed="0,0,0,3,5,113" ten="250,250,250,250" oya="0" hai0="116,28,128,59,95,56,57,65,82,129,99,19,85" hai1="125,118,67,9,101,36,87,97,4,81,39,132,43" hai2="51,86,6,72,115,20,50,106,37,62,21,2,42" hai3="105,111,91,70,32,44,46,12,15,83,54,53,108"/><T80/><D116/><U61/><E118/><V71/><F115/><W27/><G70/><T75/><D28/><U38/><E125/><V30/><F72/><W16/><G105/><T31/><D31/><U5/><E132/><V110/><F110/><N who="3" m="42027" /><G91/><T124/><D124/><U66/><E43/><V58/><F106/><W76/><G32/><T120/><D120/><U48/><E48/><V40/><F71/><W8/><G27/><T10/><D65/><U126/><E126/><V92/><F37/><W34/><G34/><T3/><D75/><U114/><E114/><V60/><F6/><N who="3" m="3095" /><G46/><T104/><D104/><U130/><E4/><V93/><F2/><W29/><G44/><T119/><D119/><U18/><E18/><V90/><F58/><W100/><G100/><T35/><D35/><U89/><E130/><N who="0" m="50281" /><D85/><U74/><E74/><V68/><F68/><W55/><G29/><T17/><D3/><U45/><E45/><V49/><F30/><W96/><G96/><T22/><D10/><U88/><E101/><V122/><F122/><W135/><G135/><T14/><D19/><U121/><E121/><V1/><F1/><W63/><G83/><T94/><D94/><U98/><E89/><AGARI ba="0,0" hai="14,17,22,56,57,59,80,82,89,95,99" m="50281" machi="89" ten="30,1500,0" yaku="19,1" doraHai="113" who="0" fromWho="1" sc="250,15,250,-15,250,0,250,0" /><INIT seed="0,1,0,5,4,108" ten="265,235,250,250" oya="0" hai0="118,51,32,48,127,20,70,46,57,121,28,66,132" hai1="101,75,4,111,62,134,93,78,35,21,122,27,84" hai2="7,80,102,41,107,124,30,103,87,95,58,67,81" hai3="119,92,113,10,31,96,47,83,55,86,54,5,22"/><T29/><D121/><U64/><E122/><V61/><F124/><W1/><G119/><T100/><D118/><U88/><E111/><V117/><F117/><W44/><G113/><T91/><D127/><U68/><E134/><V63/><F107/><W99/><G31/><T128/><D128/><U73/><E35/><V131/><F131/><W56/><G22/><T65/><D132/><U72/><E4/><V133/><F133/><W69/><G69/><T53/><D32/><U79/><REACH who="1" step="1"/><E101/><REACH who="1" ten="265,225,250,250" step="2"/><V15/><F102/><W59/><G5/><T26/><D100/><U126/><E126/><V116/><F116/><W33/><G33/><T71/><D29/><AGARI ba="1,1" hai="21,27,29,62,64,68,72,73,75,78,79,84,88,93" machi="29" ten="40,2600,0" yaku="1,1,54,1,53,0" doraHai="108" doraHaiUra="38" who="1" fromWho="0" sc="265,-29,225,39,250,0,250,0" /><INIT seed="1,0,0,3,4,133" ten="236,264,250,250" oya="1" hai0="34,26,134,64,55,109,108,58,79,21,48,56,68" hai1="103,118,40,88,96,33,89,90,50,69,62,81,51" hai2="120,6,17,45,29,14,11,52,122,105,77,42,60" hai3="121,67,71,102,47,78,9,125,107,112,38,25,127"/><U35/><E118/><V104/><F77/><W19/><G121/><T13/><D134/><U37/><E37/><V85/><F29/><W99/><G112/><T23/><D68/><U86/><E69/><V115/><F115/><W116/><G116/><T18/><D79/><U113/><E113/><V119/><F119/><W66/><G78/><T57/><D34/><U76/><E62/><V43/><F43/><N who="3" m="23031" /><G71/><T10/><D23/><U129/><E129/><V135/><F135/><W4/><G25/><T73/><D73/><U44/><REACH who="1" step="1"/><E51/><REACH who="1" ten="236,254,250,250" step="2"/><V8/><F60/><W39/><G39/><T22/><D64/><U106/><AGARI ba="0,1" hai="33,35,40,44,50,76,81,86,88,89,90,96,103,106" machi="106" ten="30,18000,2" yaku="1,1,2,1,0,1,54,1,53,2" doraHai="133" doraHaiUra="31" who="1" fromWho="1" sc="236,-60,254,190,250,-60,250,-60" /><INIT seed="1,1,0,5,1,29" ten="176,444,190,190" oya="1" hai0="42,116,71,6,34,53,26,107,5,104,115,74,19" hai1="73,122,23,15,9,75,60,89,61,40,78,109,97" hai2="57,0,30,133,88,47,129,48,12,1,44,54,28" hai3="131,113,105,91,22,72,17,127,108,90,98,16,50"/><U37/><E122/><V21/><F133/><W43/><G113/><T41/><D115/><U13/><E109/><V63/><F129/><W4/><G131/><T55/><D116/><U66/><E23/><V117/><F117/><W85/><G72/><T10/><D71/><U84/><E97/><V45/><F0/><W81/><G108/><T31/><D74/><U120/><E120/><V128/><F1/><W124/><G4/><T67/><D67/><U46/><E78/><V27/><F128/><W14/><G17/><T114/><D114/><U2/><E15/><V32/><F88/><W93/><REACH who="3" step="1"/><G105/><REACH who="3" ten="176,444,190,180" step="2"/><T130/><D130/><U35/><E75/><V36/><F36/><W94/><G94/><T64/><D107/><U134/><E73/><V58/><F12/><W79/><G79/><T121/><D104/><U38/><E13/><V118/><F118/><W39/><G39/><T77/><D77/><U95/><E38/><V68/><F68/><W106/><G106/><T87/><D121/><U25/><E37/><V24/><REACH who="2" step="1"/><F57/><REACH who="2" ten="176,444,180,180" step="2"/><W83/><G83/><T62/><D5/><U20/><E134/><V110/><F110/><W69/><G69/><T92/><D6/><U52/><E2/><V119/><F119/><W86/><G86/><T102/><D87/><U49/><E84/><V33/><F33/><W59/><G59/><T8/><D34/><U99/><E35/><V11/><F11/><W135/><G135/><T51/><D10/><U96/><E9/><V82/><F82/><W80/><G80/><T18/><D8/><U111/><E111/><V76/><F76/><RYUUKYOKU ba="1,2" sc="176,-15,444,-15,180,15,180,15" hai2="21,24,27,28,30,32,44,45,47,48,54,58,63" hai3="14,16,22,43,50,81,85,90,91,93,98,124,127" /><INIT seed="2,2,2,4,2,30" ten="161,429,195,195" oya="2" hai0="56,11,114,74,80,18,131,84,47,116,103,29,59" hai1="109,35,32,67,87,69,6,23,99,117,115,19,126" hai2="91,1,125,92,4,90,76,42,26,96,22,16,5" hai3="79,134,13,25,36,107,124,63,129,46,75,58,33"/><V52/><F125/><W10/><G124/><T78/><D131/><U101/><E115/><V72/><F1/><W93/><G107/><T127/><D127/><U41/><E126/><V123/><F123/><W88/><G129/><T34/><D114/><U44/><E6/><V83/><F42/><W12/><G134/><T27/><D116/><U122/><E87/><V60/><REACH who="2" step="1"/><F90/><REACH who="2" ten="161,429,185,195" step="2"/><W70/><G88/><T48/><D103/><U118/><E41/><V112/><F112/><W73/><G36/><T113/><D113/><U81/><E101/><V8/><F8/><W135/><G10/><T28/><D74/><U100/><E100/><V39/><F39/><W132/><G75/><T50/><D11/><U108/><E122/><V106/><F106/><W65/><G73/><T77/><D77/><U98/><E118/><V86/><F86/><W133/><G79/><T53/><D78/><U128/><E117/><V43/><F43/><W31/><G132/><T111/><D84/><U97/><E128/><V0/><F0/><W14/><G133/><T94/><D94/><U2/><E2/><V89/><F89/><W21/><G135/><T40/><D80/><U61/><E81/><V17/><F17/><W64/><G93/><T45/><D18/><U95/><E95/><V24/><F24/><W49/><G25/><T15/><D15/><U82/><E82/><V38/><F38/><W130/><G130/><T54/><D29/><U110/><E19/><V85/><F85/><W121/><G121/><T7/><D7/><U120/><E120/><V55/><F55/><N who="0" m="21002" /><D111/><U68/><E109/><RYUUKYOKU ba="2,3" sc="161,15,429,-15,185,15,195,-15" hai0="27,28,34,40,45,47,48,50,56,59" hai2="4,5,16,22,26,52,60,72,76,83,91,92,96" /><INIT seed="2,3,3,4,5,32" ten="176,414,200,180" oya="2" hai0="48,59,12,13,88,130,6,26,2,54,30,101,119" hai1="66,63,14,124,105,118,37,57,10,123,55,114,22" hai2="125,42,43,74,34,7,18,23,111,8,126,61,107" hai3="80,81,45,109,4,73,89,133,35,3,24,38,11"/><V110/><F107/><W99/><G109/><N who="2" m="41481" /><F34/><W128/><G128/><T85/><D130/><U28/><E105/><V29/><F29/><W52/><G133/><T98/><D119/><U78/><E37/><V84/><F74/><W60/><G35/><T36/><D36/><U93/><E114/><V17/><F84/><W103/><G24/><T9/><D30/><U53/><E118/><V67/><F18/><W69/><G81/><T46/><D26/><N who="1" m="16471" /><E124/><N who="2" m="47723" /><F17/><W90/><G80/><T106/><REACH who="0" step="1"/><D46/><REACH who="0" ten="166,414,200,180" step="2"/><U131/><E131/><V79/><F79/><W112/><G45/><T132/><D132/><U92/><E78/><V44/><F44/><W1/><G112/><T58/><D58/><U25/><E57/><N who="2" m="37295" /><F23/><W65/><G38/><T16/><D16/><U116/><E116/><V75/><F75/><W87/><G73/><T20/><D20/><U15/><E10/><V129/><F129/><W62/><G11/><T5/><D5/><U51/><E25/><V21/><F21/><W40/><G4/><T33/><D33/><U39/><E39/><V100/><F100/><W102/><G102/><T47/><D47/><U91/><E91/><V83/><F83/><AGARI ba="3,4" hai="2,6,9,12,13,48,54,59,83,85,88,98,101,106" machi="83" ten="30,8000,1" yaku="1,1,7,1,52,1,54,1,53,1" doraHai="32" doraHaiUra="77" who="0" fromWho="2" sc="166,129,414,0,200,-89,180,0" /><INIT seed="3,0,0,4,5,76" ten="295,414,111,180" oya="3" hai0="46,57,21,26,30,112,127,70,96,122,50,58,33" hai1="28,9,90,5,65,40,64,78,119,130,72,31,113" hai2="108,80,124,107,48,14,82,102,42,86,51,77,0" hai3="55,120,111,24,94,36,83,129,54,81,66,73,135"/><W23/><G120/><T114/><D122/><U126/><E113/><N who="0" m="43625" /><D70/><U32/><E40/><V79/><F0/><W7/><G73/><T109/><D109/><U45/><E90/><V56/><F108/><W12/><G36/><T13/><D127/><U121/><E45/><V101/><F124/><W6/><G111/><T99/><D13/><U37/><E65/><V49/><F107/><W115/><G115/><T93/><D21/><U16/><E64/><V116/><F116/><W62/><G129/><T69/><D69/><U133/><E37/><V134/><F134/><W98/><G135/><T132/><D99/><U15/><E15/><V67/><F42/><W74/><G74/><T105/><D105/><U10/><E72/><V92/><F14/><W2/><G66/><T123/><D123/><U11/><E5/><N who="3" m="1546" /><G12/><T39/><D39/><U4/><E4/><V41/><F41/><W63/><G54/><N who="0" m="30039" /><D132/><U125/><E133/><V103/><F67/><W91/><G2/><T131/><D131/><U52/><E130/><V17/><F17/><N who="3" m="12399" /><G63/><T75/><D75/><U71/><E121/><V100/><N who="2" m="25600" /><DORA hai="53" /><V110/><F110/><W68/><G68/><T117/><D117/><U118/><E119/><V34/><F34/><W18/><G18/><T29/><D29/><U84/><E32/><V59/><F92/><W20/><G20/><T25/><D25/><U27/><E118/><V60/><F60/><W3/><G3/><T1/><D1/><U35/><E125/><V8/><F8/><W87/><G62/><T95/><D95/><U47/><E126/><V89/><F89/><AGARI ba="0,0" hai="26,30,33,57,58,89,93,96" m="30039,43625" machi="89" ten="30,7700,0" yaku="6,1,11,1,52,2" doraHai="76,53" who="0" fromWho="2" sc="295,77,414,0,111,-77,180,0" owari="372,17.2,414,51.4,34,-46.6,180,-22.0" /></mjloggm>