<mjloggm ver="2.3"><GO type="225" lobby="0"/><UN n0="%4C%4F%4C%49%54%41" n1="%E6%B4%BE%E9%81%A3%E3%81%AE%E3%82%B8%E3%83%A3%E3%83%83%E3%82%AF" n2="%E4%BF%BA%E3%81%A8%E5%A6%96%E5%A4%A2" n3="%E5%8D%8D%E6%B1%A0%E8%A2%8B%E6%9C%80%E5%BC%B7%E5%8D%8D" dan="16,17,16,16" rate="2194.39,2194.85,2113.26,2126.04" sx="F,M,F,M"/><TAIKYOKU oya="0"/><INIT seed="0,0,0,4,5,50" ten="250,250,250,250" oya="0" hai0="109,14,135,68,13,89,59,130,37,19,91,41,127" hai1="94,117,7,45,48,102,20,113,111,99,119,54,71" hai2="80,28,49,57,63,133,124,62,134,112,132,24,83" hai3="118,92,34,3,75,46,106,78,39,101,29,74,95"/><T44/><D68/><U120/><E71/><V73/><F112/><W32/><G95/><T36/><D130/><U131/><E120/><V23/><F124/><W58/><G58/><T90/><D127/><U5/><E131/><V77/><REACH who="2" step="1"/><F80/><REACH who="2" ten="250,250,240,250" step="2"/><N who="3" m="45143" /><G118/><T22/><D135/><U30/><E113/><V82/><F82/><W69/><G92/><T93/><D109/><U70/><E111/><V129/><F129/><W123/><G123/><T10/><D37/><U55/><E117/><V128/><F128/><W43/><G75/><T76/><D76/><U67/><E119/><V51/><F51/><W65/><G3/><T61/><D93/><U105/><E105/><V88/><F88/><W33/><G101/><T121/><D121/><U6/><E70/><V60/><F60/><N who="3" m="40103" /><G106/><T0/><D0/><U27/><E67/><V126/><F126/><W104/><G104/><T96/><D96/><U52/><AGARI ba="0,1" hai="5,6,7,20,27,30,45,48,52,54,55,94,99,102" machi="52" ten="30,12000,2" yaku="0,1,8,1,52,3,54,1" doraHai="50" who="1" fromWho="1" sc="250,-60,250,130,240,-30,250,-30" /><INIT seed="1,0,0,2,2,104" ten="190,380,210,220" oya="1" hai0="32,49,23,44,4,93,65,30,71,97,88,110,19" hai1="64,58,17,124,123,111,92,74,57,90,96,114,16" hai2="24,2,127,22,29,99,131,18,133,26,120,20,37" hai3="7,130,105,54,132,33,68,85,129,9,28,108,25"/><U81/><E114/><V87/><F37/><W82/><G108/><T11/><D110/><U73/><E111/><V107/><F120/><W117/><G117/><T67/><D71/><U128/><E123/><V56/><F133/><W0/><G68/><T59/><D32/><U112/><E112/><V113/><F2/><W62/><G105/><T52/><D30/><U78/><E124/><V100/><F113/><W53/><G132/><T35/><D35/><U106/><E128/><N who="3" m="49258" /><G62/><T38/><D38/><U84/><E64/><V122/><F122/><W48/><G48/><T83/><D59/><N who="1" m="22539" /><E73/><V8/><F8/><W94/><G94/><T34/><D34/><U66/><E66/><V14/><F14/><W46/><G46/><T36/><D83/><U116/><E116/><V45/><F131/><W98/><G98/><T13/><REACH who="0" step="1"/><D36/><REACH who="0" ten="180,380,210,220" step="2"/><U95/><E81/><V50/><F56/><W39/><G39/><T76/><D76/><AGARI ba="0,1" hai="0,7,9,25,28,33,53,54,76,82,85" m="49258" machi="76" ten="30,1000,0" yaku="19,1" doraHai="104" who="3" fromWho="0" sc="180,-10,380,0,210,0,220,20" /><INIT seed="2,0,0,5,3,65" ten="170,380,210,240" oya="2" hai0="109,41,23,35,119,103,91,111,85,64,67,113,1" hai1="71,27,0,2,120,44,99,84,131,78,52,22,8" hai2="21,17,104,47,40,53,130,89,125,38,55,49,6" hai3="62,133,118,32,3,73,39,134,83,31,95,58,97"/><V15/><F125/><W16/><G118/><T5/><D35/><U93/><E71/><V9/><F130/><W132/><G39/><T110/><D113/><U50/><E131/><V123/><F123/><W122/><G122/><T19/><D119/><U135/><E120/><V48/><F104/><W94/><G3/><T36/><D103/><U4/><E135/><V114/><F114/><W129/><G129/><T127/><D127/><U108/><E108/><V96/><F96/><W98/><G32/><T20/><D41/><U69/><E69/><V80/><F38/><W61/><G31/><T66/><D36/><U60/><E60/><V86/><REACH who="2" step="1"/><F49/><REACH who="2" ten="170,380,200,240" step="2"/><W79/><G98/><T28/><D110/><U12/><E99/><V90/><F90/><W101/><G97/><T37/><D37/><U46/><E50/><V63/><F63/><W18/><G61/><T106/><D106/><U24/><E78/><V7/><F7/><W56/><G62/><T72/><D109/><U45/><E4/><V25/><AGARI ba="0,1" hai="6,9,15,17,21,25,40,47,48,53,55,80,86,89" machi="25" ten="20,12000,1" yaku="1,1,0,1,7,1,8,1,53,1" doraHai="65" doraHaiUra="13" who="2" fromWho="2" sc="170,-40,380,-40,200,130,240,-40" /><INIT seed="2,1,0,4,1,97" ten="130,340,330,200" oya="2" hai0="42,117,111,46,133,73,40,15,29,91,84,131,47" hai1="26,80,83,104,79,58,109,54,41,38,118,50,48" hai2="20,28,62,16,22,4,93,120,86,106,56,23,103" hai3="130,129,77,43,63,105,53,25,76,113,64,102,94"/><V33/><F120/><W69/><G113/><T123/><D123/><U96/><E118/><V134/><F134/><W88/><G43/><T82/><D133/><U132/><E132/><V5/><F106/><W32/><G53/><T98/><D111/><U61/><E109/><V74/><F74/><W127/><G127/><T60/><D131/><N who="3" m="50185" /><G105/><T135/><D135/><U13/><E26/><V10/><F28/><N who="3" m="19471" /><G102/><T128/><D128/><U6/><E80/><V52/><F33/><W65/><G65/><T95/><D117/><U18/><E6/><V121/><F121/><W51/><G51/><T81/><D29/><U100/><E38/><V34/><F34/><W85/><AGARI ba="1,0" hai="63,64,69,76,77,85,88,94" m="19471,50185" machi="85" ten="30,2000,0" yaku="19,1,54,1" doraHai="97" who="3" fromWho="3" sc="130,-6,340,-6,330,-11,200,23" /><INIT seed="3,0,0,0,2,39" ten="124,334,319,223" oya="3" hai0="47,70,114,133,43,7,100,33,10,14,92,54,60" hai1="82,132,44,58,115,129,106,90,89,57,102,117,118" hai2="128,9,27,81,77,69,8,73,86,91,75,56,83" hai3="66,95,103,125,51,65,87,101,121,52,20,113,59"/><W97/><G121/><T19/><D33/><U71/><E115/><V99/><F69/><W84/><G125/><T93/><D133/><U134/><E129/><V2/><F128/><W112/><G112/><T88/><D114/><U76/><E71/><V109/><F109/><W17/><G103/><T123/><D123/><U64/><E64/><V0/><F99/><W120/><G120/><T116/><D116/><N who="1" m="44651" /><E44/><V126/><F126/><W30/><G30/><T119/><D119/><U46/><E46/><V6/><F27/><W5/><G5/><T32/><D32/><U16/><E16/><V45/><F45/><W68/><G68/><T124/><D124/><U31/><E31/><V3/><F56/><N who="1" m="21609" /><E106/><V74/><REACH who="2" step="1"/><F9/><REACH who="2" ten="124,334,309,223" step="2"/><W107/><G113/><T131/><D131/><U38/><E38/><V62/><F62/><W26/><REACH who="3" step="1"/><G107/><REACH who="3" ten="124,334,309,213" step="2"/><T135/><D70/><U49/><E102/><V22/><F22/><W48/><G48/><T23/><D100/><U37/><E49/><V96/><F96/><W85/><AGARI ba="0,2" hai="17,20,26,51,52,59,65,66,84,85,87,95,97,101" machi="85" ten="30,12000,1" yaku="1,1,0,1,8,1,54,1,53,1" doraHai="39" doraHaiUra="12" who="3" fromWho="3" sc="124,-40,334,-40,309,-40,213,140" owari="84,-41.6,294,9.4,269,-13.1,353,45.3" /></mjloggm>