<mjloggm ver="2.3"><GO type="225" lobby="0"/><UN n0="%E6%80%AA%E3%81%97%E3%81%99%E3%81%8E%E3%82%8B%E3%83%81%E3%83%BC" n1="%E5%8F%8B%E4%BA%BA%45" n2="%72%69%6F%75%63%68%61%6E" n3="%E8%A8%88%E7%AE%97%E6%A9%9F%E8%87%AA%E7%84%B6" dan="16,16,17,17" rate="2175.82,2006.52,2263.61,2191.82" sx="M,F,M,M"/><TAIKYOKU oya="0"/><INIT seed="0,0,0,3,4,67" ten="250,250,250,250" oya="0" hai0="112,21,26,7,105,126,103,18,127,114,29,13,59" hai1="90,23,0,100,124,40,51,82,36,116,73,75,120" hai2="47,6,2,3,62,97,106,69,87,39,46,121,99" hai3="71,84,12,54,24,83,5,50,81,115,108,35,85"/><T79/><D79/><U113/><E116/><V130/><F121/><W42/><G115/><N who="0" m="44075" /><D59/><U48/><E120/><V22/><F130/><W33/><G108/><T8/><D103/><U68/><E113/><V95/><F6/><W76/><G71/><T98/><D98/><U122/><E100/><V45/><F39/><W128/><G128/><T65/><D65/><U20/><E36/><V119/><F119/><W31/><G42/><T49/><D49/><U74/><E82/><V64/><F22/><W34/><G12/><N who="0" m="5151" /><D105/><U129/><E40/><V78/><F106/><W43/><G5/><T4/><D4/><U101/><E90/><V61/><F61/><W125/><G43/><T88/><D88/><U135/><E101/><V27/><F27/><W15/><G15/><T92/><D92/><U134/><E75/><V37/><F37/><W123/><G123/><T66/><D66/><U70/><E122/><V9/><F9/><AGARI ba="0,0" hai="9,13,18,21,26,29,126,127" m="5151,44075" machi="9" ten="30,2900,0" yaku="34,2" doraHai="67" who="0" fromWho="2" sc="250,29,250,0,250,-29,250,0" /><INIT seed="0,1,0,3,0,56" ten="279,250,221,250" oya="0" hai0="34,35,95,6,72,3,74,48,29,113,83,7,123" hai1="36,33,133,85,30,116,132,108,104,20,86,125,115" hai2="37,121,45,84,91,67,24,5,68,79,102,80,93" hai3="90,28,96,128,94,100,127,49,61,2,11,25,51"/><T70/><D113/><U63/><E116/><V54/><F121/><W39/><G39/><T103/><D123/><U8/><E36/><V47/><F37/><W124/><G128/><T27/><D70/><U9/><E115/><V60/><F5/><N who="3" m="1463" /><G90/><T66/><D66/><U41/><E104/><V88/><F24/><W44/><G44/><T58/><D34/><U135/><E41/><V89/><REACH who="2" step="1"/><F54/><REACH who="2" ten="279,250,211,250" step="2"/><W42/><G42/><T59/><D6/><U130/><E133/><V107/><F107/><W17/><G17/><T69/><D7/><U111/><E132/><V118/><F118/><W81/><G25/><T87/><D27/><U26/><E135/><V97/><AGARI ba="1,1" hai="45,47,60,67,68,79,80,84,88,89,91,93,97,102" machi="97" ten="30,7900,0" yaku="1,1,0,1,52,1,54,1,53,0" doraHai="56" doraHaiUra="12" who="2" fromWho="2" sc="279,-40,250,-21,211,92,250,-21" /><INIT seed="1,0,0,0,5,1" ten="239,229,303,229" oya="1" hai0="39,16,92,104,70,47,49,37,81,26,135,128,0" hai1="95,9,30,94,111,132,66,44,6,97,7,46,127" hai2="83,77,10,52,109,51,22,64,57,78,67,53,75" hai3="68,106,72,17,76,18,84,59,129,131,11,54,100"/><U63/><E127/><V23/><F109/><W96/><G68/><T13/><D104/><U34/><E132/><V120/><F120/><W27/><G72/><T8/><D70/><U56/><E111/><V5/><F78/><W29/><G84/><T31/><D135/><U102/><E7/><V15/><REACH who="2" step="1"/><F53/><REACH who="2" ten="239,229,293,229" step="2"/><W60/><G76/><T117/><D117/><U116/><E116/><V107/><F107/><W134/><G134/><T130/><D130/><N who="3" m="49673" /><G11/><T42/><D128/><U38/><E38/><V65/><AGARI ba="0,1" hai="5,10,15,22,23,51,52,57,64,65,67,75,77,83" machi="65" ten="30,7900,0" yaku="1,1,0,1,52,1,54,1,53,0" doraHai="1" doraHaiUra="88" who="2" fromWho="2" sc="239,-20,229,-39,293,89,229,-20" /><INIT seed="2,0,0,2,4,132" ten="219,190,382,209" oya="2" hai0="98,69,121,102,79,123,23,72,88,53,8,129,15" hai1="75,110,4,24,28,46,99,56,20,12,130,73,65" hai2="34,87,19,64,77,58,37,18,59,0,111,13,36" hai3="61,81,96,31,105,94,43,32,93,108,127,25,1"/><V92/><F0/><W63/><G1/><T60/><D129/><U84/><E130/><V135/><F135/><W30/><G108/><T126/><D126/><U52/><E110/><V5/><F111/><W45/><G30/><T118/><D23/><U21/><E65/><V120/><F120/><W115/><G115/><T80/><D118/><U6/><E46/><V9/><F34/><W49/><G127/><T26/><D88/><U85/><E99/><V103/><F77/><W17/><G17/><T106/><D26/><N who="1" m="16455" /><E75/><V131/><F131/><W16/><G81/><T91/><D91/><U76/><E73/><V41/><F87/><N who="1" m="33353" /><E12/><V83/><F83/><W35/><G35/><T90/><D90/><U68/><E68/><V14/><F5/><W107/><G16/><T125/><D125/><U71/><E71/><V55/><F64/><W3/><G3/><T27/><D69/><U7/><E76/><V89/><F89/><W133/><G133/><T82/><D27/><U57/><E57/><V109/><F109/><W97/><G96/><T38/><D82/><U2/><E2/><V33/><F33/><W10/><G10/><T134/><D38/><U128/><E128/><V101/><F41/><W42/><G43/><T44/><D134/><U70/><E70/><V39/><F92/><N who="3" m="35435" /><G97/><T22/><D22/><U100/><E100/><V122/><F122/><W113/><G113/><T50/><D60/><N who="3" m="23113" /><G107/><T67/><D67/><U114/><E114/><V112/><F112/><W104/><G105/><T62/><D62/><N who="1" m="36103" /><E6/><AGARI ba="0,0" hai="6,8,15,44,50,53,72,79,80,98,102,106,121,123" machi="6" ten="30,1000,0" yaku="7,1" doraHai="132" who="0" fromWho="1" sc="219,10,190,-10,382,0,209,0" /><INIT seed="3,0,0,1,3,52" ten="229,180,382,209" oya="3" hai0="7,11,0,43,89,130,106,31,35,33,119,99,28" hai1="126,6,17,100,66,4,122,14,34,64,61,135,92" hai2="39,107,76,69,60,68,77,47,50,102,18,94,95" hai3="27,45,120,9,8,41,113,90,37,55,62,93,84"/><W21/><G120/><T36/><D119/><U121/><E34/><V2/><F2/><W88/><G113/><T22/><D130/><U20/><E126/><V46/><F39/><W26/><G90/><T128/><D128/><U116/><E66/><V13/><F107/><W59/><REACH who="3" step="1"/><G27/><REACH who="3" ten="229,180,382,199" step="2"/><T48/><D89/><U124/><E124/><V79/><F102/><W32/><G32/><T42/><D33/><U83/><E122/><V115/><F115/><W30/><AGARI ba="0,1" hai="8,9,21,26,30,37,41,45,55,59,62,84,88,93" machi="30" ten="20,18000,2" yaku="1,1,0,1,7,1,52,1,54,1,53,1" doraHai="52" doraHaiUra="38" who="3" fromWho="3" sc="229,-60,180,-60,382,-60,199,190" owari="169,-23.1,120,-38.0,322,12.2,389,48.9" /></mjloggm>