<mjloggm ver="2.3"><GO type="225" lobby="0"/><UN n0="%E3%82%B2%E3%82%B9%E8%8C%82%E5%8B%9D" n1="%E8%B6%85%E7%B4%9A%E9%B3%B3%E5%87%B0" n2="%33%74%72%65%65" n3="%E9%B3%B3%E6%9D%B1%E3%81%AE%E3%81%86%E3%81%95%E3%81%8E%E3%81%95%E3%82%93" dan="16,16,16,17" rate="2065.54,2114.70,2088.11,2232.17" sx="F,M,F,M"/><TAIKYOKU oya="0"/><INIT seed="0,0,0,2,0,26" ten="250,250,250,250" oya="0" hai0="6,29,95,41,93,115,64,43,22,129,101,108,114" hai1="11,82,0,39,17,106,116,92,24,71,10,35,96" hai2="23,130,81,51,57,15,88,45,99,100,91,127,117" hai3="33,80,48,49,86,14,126,122,120,113,2,58,125"/><T9/><D129/><U25/><E116/><V70/><F130/><W128/><G128/><T84/><D64/><U103/><E71/><V59/><F70/><W132/><G2/><T94/><D101/><U72/><E39/><V75/><F117/><W38/><G33/><T40/><D84/><U20/><E106/><V46/><F127/><N who="3" m="48651" /><G113/><T133/><D133/><U68/><E68/><V90/><F75/><W12/><G38/><T78/><D78/><U135/><E135/><V30/><F81/><W36/><G36/><T13/><REACH who="0" step="1"/><D108/><REACH who="0" ten="240,250,250,250" step="2"/><U124/><E124/><V52/><F45/><W60/><G132/><T97/><D97/><U21/><E96/><V123/><F123/><W109/><G109/><T27/><AGARI ba="0,1" hai="6,9,13,22,27,29,40,41,43,93,94,95,114,115" machi="27" ten="40,7800,0" yaku="1,1,0,1,52,1,53,0" doraHai="26" doraHaiUra="112" who="0" fromWho="0" sc="240,88,250,-26,250,-26,250,-26" /><INIT seed="0,1,0,3,0,87" ten="328,224,224,224" oya="0" hai0="72,55,80,68,11,127,64,65,52,73,50,89,51" hai1="27,105,113,14,40,90,48,123,82,120,102,49,5" hai2="58,112,110,96,111,67,81,38,97,47,106,54,125" hai3="57,129,85,74,103,1,126,0,59,115,36,8,37"/><T75/><D127/><U26/><E113/><V9/><F125/><W77/><G126/><T121/><D121/><U28/><E105/><V108/><F112/><W24/><G115/><T12/><D68/><U109/><E102/><V104/><F67/><W6/><G129/><T100/><D100/><U10/><E109/><V45/><F9/><W114/><G114/><T42/><D42/><U43/><E27/><V94/><F81/><W21/><G0/><T124/><D124/><U32/><E40/><N who="2" m="22679" /><F47/><W99/><G74/><T91/><D80/><U63/><E63/><N who="2" m="36311" /><F96/><W33/><G33/><T83/><D83/><U19/><E5/><V3/><F3/><W17/><G85/><T133/><D133/><U56/><E43/><V101/><AGARI ba="1,0" hai="94,97,101,104,106,108,110,111" m="36311,22679" machi="101" ten="30,1100,0" yaku="14,1" doraHai="87" who="2" fromWho="2" sc="328,-6,224,-4,224,14,224,-4" /><INIT seed="1,0,0,1,5,108" ten="322,220,238,220" oya="1" hai0="43,99,47,121,117,79,106,118,54,4,95,107,120" hai1="94,103,92,78,2,20,83,56,87,70,41,123,53" hai2="122,135,91,93,37,36,17,35,48,133,63,39,89" hai3="116,34,27,74,73,3,10,132,7,57,101,26,76"/><U31/><E123/><N who="0" m="47177" /><D4/><U127/><E70/><V11/><F122/><W42/><G132/><N who="2" m="50761" /><F35/><W100/><G116/><N who="0" m="44651" /><D54/><U112/><E2/><V16/><F63/><W32/><G57/><T71/><D71/><U98/><E127/><V51/><F11/><W58/><G58/><T22/><D22/><U82/><E112/><V44/><F51/><W55/><G55/><T111/><D111/><U75/><E41/><N who="2" m="24591" /><F89/><W38/><G32/><T62/><D62/><U12/><E94/><V113/><F113/><W96/><G34/><T15/><D15/><U85/><E82/><V8/><F8/><W30/><G10/><T23/><D23/><U110/><E110/><V68/><F68/><W5/><G3/><T28/><D28/><U90/><E90/><V115/><F115/><W130/><G30/><T134/><D134/><U119/><E119/><V40/><F40/><W59/><G42/><T77/><D47/><U128/><E20/><V6/><F6/><W60/><G5/><T102/><D43/><U65/><E53/><V81/><F81/><W0/><G7/><T24/><D24/><U124/><E83/><V14/><F14/><W33/><G26/><T69/><D69/><U131/><E12/><V104/><F104/><AGARI ba="0,0" hai="77,79,95,99,102,104,106,107" m="44651,47177" machi="104" ten="40,5200,0" yaku="13,1,34,2" doraHai="108" who="0" fromWho="2" sc="322,52,220,0,238,-52,220,0" /><INIT seed="2,0,0,4,4,129" ten="374,220,186,220" oya="2" hai0="63,119,89,77,0,62,59,64,134,76,50,11,74" hai1="133,92,87,79,17,20,42,103,31,111,86,98,84" hai2="41,29,124,118,71,82,8,112,27,91,126,60,135" hai3="72,16,21,2,26,58,24,115,32,13,107,14,1"/><V104/><F112/><W57/><G72/><T113/><D113/><U43/><E111/><V52/><F118/><W120/><G107/><T100/><D100/><U101/><E133/><V40/><F104/><W97/><G115/><T19/><D119/><U121/><E121/><V46/><F8/><N who="3" m="6183" /><G97/><T130/><D130/><U12/><E103/><V105/><F105/><W117/><G58/><T81/><D76/><U66/><E66/><V99/><F135/><W128/><G57/><T15/><D134/><U65/><E65/><V80/><F71/><W96/><G96/><T30/><D62/><U94/><E94/><N who="2" m="56799" /><F60/><W125/><G128/><T95/><D0/><N who="3" m="105" /><G125/><N who="2" m="48233" /><F52/><W9/><G120/><T34/><D50/><U44/><E79/><V78/><F78/><W5/><G117/><T3/><D3/><U67/><E67/><V7/><F7/><W49/><G49/><T122/><D122/><U18/><E44/><V88/><F88/><W36/><G36/><T75/><D74/><U90/><E101/><V73/><F73/><W114/><G114/><T108/><D89/><U35/><E43/><N who="2" m="16459" /><F46/><W56/><G56/><T83/><D81/><U54/><E42/><V6/><F6/><W93/><G93/><T33/><D95/><U23/><E54/><V102/><F102/><W28/><G26/><T116/><D116/><U127/><E127/><V53/><F53/><W47/><G47/><T69/><D75/><U68/><E68/><V39/><F39/><W37/><G37/><T51/><D69/><U4/><E98/><V55/><F55/><W109/><G109/><T25/><D108/><RYUUKYOKU ba="0,0" sc="374,-15,220,-15,186,15,220,15" hai2="27,29,80,82" hai3="5,9,14,21,24,28,32" /><INIT seed="2,1,0,2,0,8" ten="359,205,201,235" oya="2" hai0="105,77,107,13,53,85,99,118,52,133,2,95,128" hai1="104,35,126,81,83,50,15,6,41,27,39,12,79" hai2="106,17,121,122,42,102,36,66,45,58,87,88,3" hai3="119,69,103,54,101,75,134,28,90,32,94,131,93"/><V24/><F3/><W123/><G119/><T72/><D72/><U111/><E104/><V60/><F106/><W80/><G123/><T25/><D2/><U117/><E117/><V16/><F102/><W76/><G131/><T47/><D25/><U46/><E111/><V70/><F70/><W135/><G69/><T109/><D118/><U38/><E126/><V98/><F98/><N who="3" m="57655" /><G54/><T112/><D109/><U55/><E81/><V78/><F78/><W64/><G64/><T56/><D112/><U73/><E6/><V65/><F65/><W51/><G51/><T20/><D128/><U14/><REACH who="1" step="1"/><E41/><REACH who="1" ten="359,195,201,235" step="2"/><V4/><F4/><W49/><G80/><T129/><D105/><U67/><E67/><V100/><F121/><W11/><G94/><T86/><D107/><U62/><E62/><V82/><F122/><W57/><G135/><T43/><D133/><U18/><E18/><V115/><F115/><W63/><G63/><T127/><D95/><U96/><E96/><V59/><F100/><W23/><G103/><T21/><D99/><U71/><E71/><V1/><F66/><W97/><G97/><T31/><D129/><U113/><E113/><V68/><F68/><W110/><G134/><T7/><D43/><U33/><E33/><V9/><F60/><W0/><G32/><T10/><D53/><U92/><E92/><V74/><F17/><W132/><G132/><T89/><D52/><U29/><AGARI ba="1,1" hai="12,14,15,27,29,35,38,39,46,50,55,73,79,83" machi="29" ten="30,12000,2" yaku="1,1,0,1,52,3,53,1" doraHai="8" doraHaiUra="30" who="1" fromWho="1" sc="359,-31,195,133,201,-61,235,-31" /><INIT seed="3,0,0,5,4,41" ten="328,328,140,204" oya="3" hai0="48,96,9,102,121,24,104,88,85,106,26,4,6" hai1="82,94,13,53,34,93,130,2,95,68,70,135,101" hai2="107,69,124,112,90,7,64,44,67,91,114,38,55" hai3="36,126,81,115,100,72,56,3,78,47,134,118,22"/><W39/><G115/><N who="2" m="44073" /><F107/><W74/><G118/><T11/><D121/><U132/><E2/><V31/><F31/><W111/><G74/><T131/><D131/><U110/><E34/><V83/><F83/><W29/><G100/><T75/><D75/><U105/><E130/><V17/><F7/><W103/><G103/><T62/><D62/><U127/><E110/><V40/><F17/><W14/><G111/><T92/><D106/><U19/><E82/><V15/><F15/><W120/><G120/><T84/><D84/><U86/><E86/><V99/><F99/><W117/><G117/><T46/><D6/><U80/><E80/><V0/><F0/><W63/><G3/><T27/><REACH who="0" step="1"/><D4/><REACH who="0" ten="318,328,140,204" step="2"/><U30/><E127/><V66/><F90/><W58/><G126/><T79/><D79/><U128/><E128/><V122/><F91/><W52/><G72/><T33/><D33/><U129/><E129/><V10/><F10/><W5/><G5/><T113/><D113/><U65/><E30/><V76/><F76/><W18/><G78/><T8/><D8/><N who="1" m="6567" /><E65/><N who="2" m="25195" /><F122/><W1/><G29/><T109/><D109/><U25/><E25/><V32/><F32/><W45/><G1/><T49/><D49/><U37/><E37/><N who="2" m="21519" /><F124/><W108/><G108/><T28/><D28/><U77/><E77/><V59/><F38/><W42/><G39/><T123/><D123/><U98/><E53/><AGARI ba="0,1" hai="9,11,24,26,27,46,48,53,85,88,92,96,102,104" machi="53" ten="40,5200,0" yaku="1,1,52,1,54,1,53,0" doraHai="41" doraHaiUra="116" who="0" fromWho="1" sc="318,62,328,-52,140,0,204,0" owari="380,48.0,276,7.6,140,-36.0,204,-19.6" /></mjloggm>