<mjloggm ver="2.3"><GO type="225" lobby="0"/><UN n0="%E5%8D%A0%E3%81%84%E5%B8%AB%E8%A3%8F%E3%81%AA%E3%81%84%E3%81%97" n1="%E6%81%A5%E6%99%92%E3%81%97" n2="%E3%82%8C%E3%81%99%E3%81%93" n3="%E3%82%A2%E3%83%A1%E3%82%A2%E3%83%A9%E3%83%AC" dan="17,16,16,16" rate="2167.09,2131.79,2101.27,2043.56" sx="M,M,F,M"/><TAIKYOKU oya="0"/><INIT seed="0,0,0,4,3,94" ten="250,250,250,250" oya="0" hai0="86,80,17,57,99,38,32,18,121,91,109,79,9" hai1="1,73,128,74,77,11,64,120,97,56,24,13,102" hai2="34,111,54,125,134,88,83,71,20,117,45,107,2" hai3="27,62,68,67,130,89,127,7,92,35,14,105,93"/><T100/><D121/><U113/><E120/><V8/><F34/><W15/><G130/><T135/><D38/><U22/><E128/><V46/><F71/><W49/><G127/><T115/><D115/><U29/><E113/><V26/><F107/><W82/><G105/><T84/><D32/><U131/><E131/><V0/><F125/><W48/><G82/><T28/><D135/><U122/><E122/><V40/><F134/><W119/><G93/><N who="0" m="58479" /><D28/><U114/><E114/><V65/><F117/><W126/><G119/><T37/><D37/><U133/><E133/><V10/><F65/><W81/><G81/><N who="0" m="49551" /><D109/><U51/><E77/><V95/><F111/><W52/><G48/><T98/><D9/><U118/><E118/><V103/><F83/><W69/><G7/><T4/><D4/><U87/><E87/><V76/><F2/><W60/><G60/><T23/><D57/><U58/><E1/><V19/><F0/><W101/><G69/><T66/><D66/><U16/><E64/><V72/><F103/><W50/><G101/><T124/><D124/><U3/><E3/><V78/><F72/><W70/><G70/><T110/><D110/><U75/><REACH who="1" step="1"/><E51/><REACH who="1" ten="250,240,250,250" step="2"/><N who="2" m="29047" /><F78/><W6/><G50/><T90/><D23/><U85/><E85/><N who="2" m="52623" /><F76/><W108/><G126/><T5/><D79/><U30/><E30/><V47/><F40/><W55/><G108/><T25/><D86/><U33/><E33/><V112/><F112/><W129/><G129/><T44/><D80/><U36/><E36/><V63/><F63/><N who="3" m="40063" /><G35/><T41/><D41/><U106/><AGARI ba="0,1" hai="11,13,16,22,24,29,56,58,73,74,75,97,102,106" machi="106" ten="30,8000,1" yaku="1,1,0,1,52,1,54,1,53,1" doraHai="94" doraHaiUra="96" who="1" fromWho="1" sc="250,-40,240,90,250,-20,250,-20" /><INIT seed="1,0,0,3,3,121" ten="210,330,230,230" oya="1" hai0="67,97,15,112,96,120,12,52,84,23,66,111,75" hai1="26,109,101,40,44,8,35,69,10,22,16,107,37" hai2="56,31,9,39,51,70,25,43,94,122,131,91,13" hai3="47,57,98,33,124,59,79,133,3,34,129,68,102"/><U27/><E69/><V36/><F122/><W118/><G68/><T114/><D75/><U2/><E2/><V32/><F70/><W19/><G3/><T61/><D120/><U42/><E42/><V60/><F131/><W92/><G129/><T49/><D84/><U83/><E83/><V89/><F51/><W1/><G1/><T55/><D49/><U18/><E109/><V116/><F116/><W21/><G133/><T24/><D23/><U58/><E58/><V74/><F74/><W105/><G124/><T104/><D24/><U11/><E35/><V30/><F30/><W64/><G79/><T135/><D104/><U87/><E87/><V0/><F0/><W113/><G113/><T17/><D17/><U65/><E65/><V5/><F43/><W28/><G28/><T6/><D6/><U88/><E88/><V62/><F91/><W93/><G47/><T50/><D50/><U95/><E107/><V119/><F119/><W20/><G64/><T85/><D85/><U54/><E54/><V115/><F115/><W77/><G77/><T106/><D106/><U82/><E82/><V72/><F72/><W63/><G105/><T128/><D128/><U127/><E127/><V125/><F125/><W73/><G73/><T126/><D126/><U4/><E4/><V45/><F45/><W71/><G118/><T99/><D99/><N who="1" m="59647" /><E18/><V29/><F29/><W14/><G92/><T86/><D86/><U108/><E108/><V46/><F46/><W41/><G41/><T117/><D111/><U38/><E37/><N who="2" m="14411" /><F56/><N who="3" m="21579" /><G21/><T81/><D117/><U103/><E103/><RYUUKYOKU ba="0,0" sc="210,-30,330,10,230,10,230,10" hai1="8,10,11,16,22,26,27,38,40,44" hai2="5,9,13,25,31,32,60,62,89,94" hai3="14,19,20,33,34,63,71,93,98,102" /><INIT seed="1,1,0,0,2,66" ten="180,340,240,240" oya="1" hai0="26,31,72,8,52,129,119,44,79,37,58,83,36" hai1="20,69,93,43,35,18,28,109,80,95,121,17,54" hai2="12,1,100,67,92,13,63,27,76,68,102,86,115" hai3="88,64,78,127,107,130,14,49,47,135,24,82,3"/><U114/><E114/><V45/><F1/><W57/><G3/><T6/><D119/><U133/><E121/><V104/><F115/><W117/><G107/><T70/><D129/><U5/><E35/><V23/><F104/><W7/><G130/><T4/><D4/><U96/><E133/><V15/><F45/><W30/><G127/><T0/><D70/><U116/><E43/><V77/><F102/><W81/><G135/><T10/><D10/><U103/><E116/><V22/><F22/><W111/><G111/><T110/><D110/><U2/><E80/><V90/><REACH who="2" step="1"/><F100/><REACH who="2" ten="180,340,230,240" step="2"/><W126/><G117/><T98/><D44/><U105/><E20/><V33/><F33/><W118/><G118/><T120/><D120/><U56/><E103/><V59/><F59/><W9/><G57/><T134/><D134/><U29/><E105/><V34/><F34/><W25/><G47/><T75/><D75/><U62/><E109/><V124/><F124/><W42/><G126/><T32/><REACH who="0" step="1"/><D98/><REACH who="0" ten="170,340,230,240" step="2"/><U99/><E96/><V91/><F91/><W71/><G88/><T108/><D108/><U51/><E99/><V87/><F87/><W65/><G71/><T38/><D38/><U132/><E132/><V97/><F97/><W41/><G9/><T84/><D84/><U123/><E123/><V112/><F112/><W89/><G89/><T39/><D39/><U131/><E69/><V113/><F113/><W122/><G122/><T60/><AGARI ba="1,2" hai="0,6,8,26,31,32,36,37,52,58,60,72,79,83" machi="60" ten="20,8000,1" yaku="1,1,0,1,7,1,54,1,53,1" doraHai="66" doraHaiUra="74" who="0" fromWho="0" sc="170,103,340,-41,230,-21,240,-21" /><INIT seed="2,0,0,4,1,52" ten="273,299,209,219" oya="2" hai0="49,79,22,100,14,40,76,0,99,131,65,134,32" hai1="36,126,75,63,20,27,116,123,58,77,83,31,59" hai2="94,81,46,106,50,70,45,93,95,80,42,84,17" hai3="82,69,85,121,96,1,89,35,12,16,25,113,38"/><V2/><F106/><W7/><G121/><T28/><D0/><U114/><E114/><V133/><F2/><W55/><G113/><T112/><D112/><U86/><E116/><V98/><F70/><W103/><G69/><T127/><D127/><U23/><E126/><V56/><F133/><W88/><G38/><T97/><D32/><U51/><E36/><V26/><F81/><W39/><G39/><T4/><D134/><U47/><E123/><V66/><F46/><W57/><G1/><T34/><D34/><U68/><E75/><V130/><F130/><W92/><G7/><T19/><D4/><U60/><E23/><N who="2" m="13679" /><F98/><W119/><G119/><T125/><D28/><U110/><E110/><V109/><F109/><W72/><G72/><T9/><D125/><U5/><E5/><V91/><F66/><W74/><G74/><T3/><D99/><U29/><E29/><V124/><F124/><W11/><G35/><T105/><D65/><U87/><E87/><V67/><F67/><W111/><G25/><T104/><D104/><U53/><E68/><V120/><F120/><W54/><G111/><T61/><D131/><U73/><E73/><V117/><F117/><W33/><G33/><T10/><D3/><U108/><E108/><V78/><F78/><N who="3" m="46295" /><G54/><T62/><D79/><U8/><E8/><N who="0" m="3177" /><D76/><U129/><E129/><V24/><F24/><W118/><G118/><T90/><D105/><U122/><E122/><V128/><F128/><W15/><G12/><T107/><D90/><U48/><E48/><AGARI ba="0,0" hai="11,15,16,48,55,57,88,89,92,96,103" m="46295" machi="48" ten="30,7700,0" yaku="8,1,52,1,54,2" doraHai="52" who="3" fromWho="1" sc="273,0,299,-77,209,0,219,77" /><INIT seed="3,0,0,2,3,60" ten="273,222,209,296" oya="3" hai0="128,52,29,129,90,31,22,48,18,76,79,103,11" hai1="107,100,28,93,96,15,88,26,64,66,115,34,99" hai2="72,43,112,6,3,110,87,50,23,32,102,118,77" hai3="20,33,4,117,81,98,30,132,38,68,122,105,106"/><W92/><G117/><T123/><D123/><U5/><REACH who="1" step="1"/><E115/><REACH who="1" ten="273,212,209,296" step="2"/><V113/><F112/><W65/><G122/><T135/><D129/><U21/><E21/><V8/><F113/><W41/><G20/><T25/><D128/><U14/><E14/><V109/><F118/><W73/><G33/><T133/><D133/><U2/><E2/><V84/><F32/><W108/><G132/><T94/><D135/><U74/><E74/><V51/><F72/><W54/><G73/><T56/><D11/><AGARI ba="0,1" hai="5,11,15,26,28,34,64,66,88,93,96,99,100,107" machi="11" ten="40,8000,1" yaku="21,2,52,2,54,1,53,0" doraHai="60" doraHaiUra="44" who="1" fromWho="0" sc="273,-80,212,90,209,0,296,0" owari="193,-30.7,302,40.2,209,-19.1,296,9.6" /></mjloggm>