<mjloggm ver="2.3"><GO type="225" lobby="0"/><UN n0="%E8%90%BD%E6%97%A5" n1="%E3%81%B5%E3%81%98%E3%81%8B%E3%81%A4" n2="%E6%B0%B7%E5%B7%9D%E9%87%8C%E5%A5%88" n3="%EF%BC%AE%EF%BC%A1%EF%BC%AF%33%33%39" dan="17,16,16,17" rate="2190.27,2212.47,2088.13,2180.59" sx="F,M,F,M"/><TAIKYOKU oya="0"/><INIT seed="0,0,0,5,4,70" ten="250,250,250,250" oya="0" hai0="32,67,53,123,102,72,12,62,42,4,36,122,28" hai1="17,40,132,97,56,13,35,11,39,121,89,86,110" hai2="108,51,24,126,6,5,75,74,27,134,80,100,8" hai3="130,33,31,41,103,0,99,127,125,60,116,46,9"/><T73/><D53/><U30/><E121/><N who="0" m="46089" /><D12/><U84/><E132/><V68/><F100/><W14/><G116/><T22/><D22/><U18/><E56/><V82/><F68/><W105/><G60/><T19/><D19/><U87/><E110/><V1/><F108/><W45/><G0/><T133/><D4/><U112/><E112/><V43/><F134/><W78/><G78/><T131/><D133/><U106/><E18/><V58/><F126/><W66/><G66/><T120/><N who="0" m="46097" /><T47/><DORA hai="85" /><D131/><U83/><E106/><V15/><F1/><W88/><G130/><T69/><D102/><U34/><E97/><V25/><F6/><W124/><G31/><T79/><D79/><U128/><E128/><V129/><F129/><W49/><G33/><T109/><D109/><U61/><E61/><V104/><F104/><W50/><G14/><T81/><D81/><N who="2" m="31338" /><F75/><W92/><G9/><T91/><D91/><U113/><E113/><V37/><F74/><W21/><G21/><T115/><D115/><U64/><E64/><V94/><F94/><W7/><G7/><T3/><D3/><U29/><E29/><V54/><F25/><AGARI ba="0,0" hai="25,28,32,36,42,47,62,67,69,72,73" m="46097" machi="25" ten="40,3900,0" yaku="23,1,52,1" doraHai="70,85" who="0" fromWho="2" sc="250,39,250,0,250,-39,250,0" /><INIT seed="0,1,0,4,4,76" ten="289,250,211,250" oya="0" hai0="46,8,111,135,63,67,77,133,75,102,23,17,32" hai1="134,87,94,108,62,119,92,54,47,60,10,131,126" hai2="99,29,27,117,41,4,104,74,1,49,93,51,40" hai3="31,24,45,5,100,28,109,57,103,19,50,35,30"/><T124/><D32/><U123/><E119/><V81/><F104/><W0/><G57/><T107/><D124/><U39/><E123/><V127/><F117/><W6/><G109/><T82/><D111/><U53/><E126/><V18/><F127/><W64/><G64/><T15/><D46/><U44/><E108/><V120/><F120/><W48/><G0/><T13/><D102/><N who="3" m="38953" /><G35/><T86/><D107/><U78/><E134/><V83/><F18/><W121/><G121/><T106/><D106/><U14/><E39/><V105/><F105/><W38/><G38/><T98/><D98/><U34/><E34/><V37/><F37/><W70/><G70/><T33/><D33/><U36/><E36/><V90/><F4/><N who="3" m="1643" /><G45/><N who="1" m="17482" /><E131/><V91/><F1/><W69/><G69/><T68/><REACH who="0" step="1"/><D75/><REACH who="0" ten="279,250,211,250" step="2"/><U95/><E87/><V11/><F74/><W128/><G128/><T42/><D42/><U25/><E62/><V59/><F41/><W52/><G50/><T118/><D118/><U112/><E60/><V101/><F40/><W22/><G48/><T21/><D21/><U3/><E112/><V88/><F11/><W122/><G122/><T72/><D72/><U58/><E10/><V43/><F43/><W61/><G61/><T125/><D125/><U26/><E3/><V80/><F59/><W85/><G85/><T55/><D55/><AGARI ba="1,1" hai="19,22,24,28,30,31,52,55" m="1643,38953" machi="55" ten="30,2000,0" yaku="8,1,54,1" doraHai="76" who="3" fromWho="0" sc="279,-23,250,0,211,0,250,33" /><INIT seed="1,0,0,2,1,108" ten="256,250,211,283" oya="1" hai0="105,85,110,36,67,65,74,83,90,130,6,22,88" hai1="91,64,69,56,43,5,51,31,84,32,73,133,34" hai2="58,12,115,21,41,134,17,50,89,71,60,93,29" hai3="52,14,40,30,75,82,122,45,119,35,124,113,120"/><U109/><E133/><V80/><F134/><W44/><G35/><T49/><D36/><U95/><E73/><V132/><F132/><W135/><G135/><T106/><D110/><U59/><E5/><V28/><F71/><W54/><G30/><T62/><D130/><U123/><E123/><V4/><F4/><W55/><G14/><T118/><D118/><U27/><E109/><V26/><F80/><W0/><G0/><T97/><D74/><U53/><E43/><V24/><F115/><W70/><G82/><T81/><D49/><U57/><REACH who="1" step="1"/><E32/><REACH who="1" ten="256,240,211,283" step="2"/><V1/><F1/><W104/><G75/><T77/><D6/><U116/><E116/><V87/><F41/><W102/><G119/><T15/><D77/><U94/><E94/><V125/><F125/><W7/><G7/><T126/><D126/><U72/><E72/><V42/><F42/><W61/><G124/><T10/><D105/><U68/><E68/><V63/><F29/><W19/><G40/><T38/><D106/><U131/><E131/><V20/><REACH who="2" step="1"/><F26/><REACH who="2" ten="256,240,201,283" step="2"/><W8/><G70/><T121/><D81/><U13/><E13/><V37/><F37/><W2/><G2/><T11/><D38/><U103/><E103/><V107/><F107/><W79/><G102/><T127/><D127/><U114/><E114/><V46/><F46/><W78/><G113/><T129/><D129/><U99/><E99/><V100/><F100/><W23/><G104/><T39/><D39/><U96/><E96/><V111/><F111/><W16/><G44/><T3/><D97/><U18/><E18/><N who="3" m="6698" /><G45/><T66/><D3/><RYUUKYOKU ba="0,2" sc="256,-15,240,15,201,15,283,-15" hai1="27,31,34,51,53,56,57,59,64,69,84,91,95" hai2="12,17,20,21,24,28,50,58,60,63,87,89,93" /><INIT seed="1,1,2,0,3,110" ten="241,255,216,268" oya="1" hai0="8,78,112,33,120,64,135,95,18,70,47,128,86" hai1="11,79,108,74,58,103,119,41,1,23,106,6,52" hai2="57,72,125,132,27,0,115,50,66,113,82,68,54" hai3="37,43,49,94,53,69,40,77,17,130,65,81,63"/><U55/><E119/><V30/><F0/><W111/><G37/><T38/><D33/><U3/><E108/><V133/><F125/><W5/><G5/><T67/><D70/><U80/><E41/><V84/><F72/><W39/><G39/><T73/><D73/><U22/><E1/><V88/><F66/><W48/><G111/><T46/><D38/><U44/><E44/><V114/><F68/><W76/><G49/><T102/><D128/><U122/><E122/><V59/><F59/><W61/><G61/><T123/><D135/><U91/><E91/><V42/><F42/><W13/><G94/><T124/><D124/><U20/><REACH who="1" step="1"/><E58/><REACH who="1" ten="241,245,216,268" step="2"/><V51/><REACH who="2" step="1"/><F51/><REACH who="2" ten="241,245,206,268" step="2"/><W83/><G43/><T97/><D120/><U87/><E87/><V2/><F2/><W4/><G40/><T14/><D123/><U98/><AGARI ba="1,4" hai="3,6,11,20,22,23,52,55,74,79,80,98,103,106" machi="98" ten="30,6000,0" yaku="1,1,0,1,54,1,53,0" doraHai="110" doraHaiUra="121" who="1" fromWho="1" sc="241,-21,245,103,206,-21,268,-21" /><INIT seed="1,2,0,0,3,23" ten="220,348,185,247" oya="1" hai0="100,78,105,126,24,31,48,128,104,49,35,125,111" hai1="73,114,57,26,101,79,17,85,82,21,47,22,6" hai2="60,94,12,106,2,90,96,123,19,113,80,51,13" hai3="34,54,95,119,121,15,74,72,25,76,46,99,41"/><U42/><E114/><V55/><F123/><W8/><G121/><T83/><D111/><U103/><E6/><V63/><F113/><W37/><G76/><T65/><D65/><U30/><E57/><V56/><F2/><W4/><G54/><T61/><D61/><U0/><E73/><V29/><F106/><N who="0" m="41066" /><D100/><U38/><REACH who="1" step="1"/><E0/><REACH who="1" ten="220,338,185,247" step="2"/><V86/><F29/><W116/><G74/><N who="0" m="43479" /><D128/><U130/><E130/><V134/><F134/><W58/><G72/><T67/><D67/><U59/><E59/><V1/><F1/><W81/><G58/><T44/><D44/><U71/><E71/><V43/><F43/><W36/><G46/><T66/><D66/><U40/><E40/><V75/><F75/><W14/><G41/><T132/><D132/><U7/><E7/><V122/><F122/><W129/><G129/><T84/><D126/><U89/><E89/><V118/><F118/><W108/><G119/><T52/><D125/><U3/><E3/><V135/><F135/><W112/><G116/><T102/><D102/><U62/><E62/><V33/><F63/><W32/><G4/><T93/><D52/><U27/><AGARI ba="2,1" hai="17,21,22,26,27,30,38,42,47,79,82,85,101,103" machi="27" ten="20,12000,1" yaku="1,1,0,1,7,1,52,2,53,0" doraHai="23" doraHaiUra="133" who="1" fromWho="1" sc="220,-42,338,136,185,-42,247,-42" /><INIT seed="1,3,0,0,5,119" ten="178,474,143,205" oya="1" hai0="20,72,50,92,110,46,8,55,52,88,26,48,56" hai1="124,16,126,15,106,79,31,97,37,36,81,117,84" hai2="30,44,10,51,73,41,104,65,21,108,131,54,2" hai3="133,101,123,18,100,25,63,107,77,71,17,103,102"/><U13/><E117/><V60/><F104/><W76/><N who="3" m="25600" /><DORA hai="93" /><W0/><G0/><T23/><D72/><U29/><E106/><V98/><F73/><W125/><G107/><T7/><D26/><U113/><E13/><V87/><F108/><W78/><G133/><T67/><D67/><U82/><E97/><V135/><F131/><W32/><G125/><N who="1" m="48234" /><E82/><V27/><F135/><W43/><G43/><T90/><D110/><U134/><E113/><V95/><F87/><W109/><G109/><T12/><D90/><U114/><E114/><V42/><F10/><W38/><G38/><T61/><D50/><U9/><E134/><V39/><F2/><W3/><G3/><T57/><D46/><U49/><E49/><V96/><F95/><W40/><G40/><T99/><AGARI ba="3,0" hai="7,8,12,20,23,48,52,55,56,57,61,88,92,99" machi="99" ten="20,12000,2" yaku="0,1,7,1,8,1,52,1,54,2" doraHai="119,93" who="0" fromWho="0" sc="178,129,474,-63,143,-33,205,-33" /><INIT seed="2,0,0,3,2,4" ten="307,411,110,172" oya="2" hai0="75,128,70,67,134,1,2,69,9,117,85,98,82" hai1="51,113,95,19,35,131,55,39,133,10,66,94,135" hai2="25,42,78,16,86,102,0,49,36,83,33,127,45" hai3="97,17,76,8,50,31,21,130,32,87,12,100,116"/><V99/><F0/><W7/><G116/><T23/><D75/><U22/><E35/><V20/><F127/><W105/><G130/><T81/><D128/><U52/><E131/><V48/><REACH who="2" step="1"/><F33/><REACH who="2" ten="307,411,100,172" step="2"/><W111/><G111/><T106/><D2/><U53/><E133/><V38/><F38/><W59/><G32/><T46/><D1/><U109/><E135/><V18/><F18/><W79/><G31/><T73/><D134/><U119/><E19/><V114/><F114/><W54/><REACH who="3" step="1"/><G87/><REACH who="3" ten="307,411,100,162" step="2"/><T107/><D85/><U108/><E109/><V13/><F13/><AGARI ba="0,2" hai="7,8,12,13,17,21,50,54,59,76,79,97,100,105" machi="13" ten="30,7700,0" yaku="1,1,2,1,7,1,52,1,53,0" doraHai="4" doraHaiUra="29" who="3" fromWho="2" sc="307,0,411,0,100,-77,162,97" /><INIT seed="3,0,0,2,5,90" ten="307,411,23,259" oya="3" hai0="116,32,11,98,113,24,68,65,40,64,55,96,53" hai1="60,42,20,121,80,26,134,38,14,41,92,102,62" hai2="8,48,36,122,18,45,108,115,81,126,76,135,52" hai3="34,97,23,130,44,39,78,31,117,0,123,50,111"/><W105/><G117/><T49/><D116/><U83/><E121/><V106/><F115/><W72/><G123/><T75/><D75/><U127/><BYE who="2" /><E134/><V132/><F132/><W107/><G0/><UN n2="%E6%B0%B7%E5%B7%9D%E9%87%8C%E5%A5%88" /><T15/><D113/><U27/><BYE who="2" /><E127/><V19/><F19/><W2/><G2/><UN n2="%E6%B0%B7%E5%B7%9D%E9%87%8C%E5%A5%88" /><T99/><BYE who="2" /><D40/><U46/><E42/><UN n2="%E6%B0%B7%E5%B7%9D%E9%87%8C%E5%A5%88" /><V103/><F103/><BYE who="2" /><W30/><G34/><T69/><D32/><UN n2="%E6%B0%B7%E5%B7%9D%E9%87%8C%E5%A5%88" /><U129/><E14/><V131/><F131/><W59/><BYE who="2" /><G39/><T16/><D24/><U82/><E27/><V54/><F54/><W87/><G72/><T67/><REACH who="0" step="1"/><D55/><REACH who="0" ten="297,411,23,259" step="2"/><U128/><E129/><V66/><F66/><W85/><G130/><T33/><D33/><U17/><E128/><V120/><F120/><W95/><G111/><T51/><D51/><U89/><E41/><V104/><F104/><W61/><G105/><T101/><D101/><U112/><E102/><V94/><F94/><W119/><G107/><T88/><D88/><U63/><E92/><V71/><F71/><W1/><G119/><T3/><D3/><U37/><E89/><V133/><F133/><W47/><G1/><T25/><D25/><U21/><E26/><V114/><F114/><W73/><G73/><T70/><D70/><U9/><E112/><V5/><F5/><W12/><G78/><T43/><D43/><U4/><E37/><V91/><F91/><N who="3" m="55551" /><G50/><T77/><D77/><U84/><E38/><V22/><F22/><W100/><G100/><T124/><D124/><U28/><E21/><V6/><F6/><W29/><G23/><T35/><D35/><U125/><E20/><RYUUKYOKU ba="0,1" sc="297,30,411,-10,23,-10,259,-10" hai0="11,15,16,49,53,64,65,67,68,69,96,98,99" owari="327,12.7,411,51.1,13,-48.7,249,-15.1" /></mjloggm>