<mjloggm ver="2.3"><GO type="225" lobby="0"/><UN n0="%E3%81%82%E3%83%BC%E3%81%97" n1="%E3%81%99%E3%81%84%E3%81%BE%E3%81%9B%E3%83%BC%E3%82%93" n2="%E3%81%9F%E3%81%93%E2%98%86%E7%84%BC%E3%81%8D" n3="%E6%98%93%E5%88%A9%E8%96%A9%E4%BC%AF" dan="16,16,16,16" rate="2125.49,2155.72,2101.19,2147.20" sx="M,M,M,F"/><TAIKYOKU oya="0"/><INIT seed="0,0,0,2,5,28" ten="250,250,250,250" oya="0" hai0="124,63,134,21,74,106,108,11,31,39,65,45,10" hai1="25,46,43,107,24,97,17,62,54,109,35,126,135" hai2="101,114,13,75,14,85,42,133,122,20,77,98,73" hai3="23,91,118,68,2,71,44,78,129,56,51,94,53"/><T83/><D134/><U66/><E135/><V61/><F13/><W87/><G2/><T27/><D106/><U59/><E126/><V130/><F42/><W131/><G118/><T3/><D124/><U38/><E109/><V128/><F61/><W89/><G78/><T80/><D108/><U102/><E35/><V12/><F14/><W8/><G8/><T86/><D74/><U111/><E111/><V90/><F20/><W50/><G91/><T52/><D3/><U32/><E32/><V95/><F12/><W5/><G5/><T9/><D39/><U34/><E34/><V48/><F48/><W6/><G6/><T36/><D36/><U110/><E17/><V15/><F15/><W29/><G51/><N who="0" m="28783" /><D86/><U30/><E30/><V84/><F114/><W18/><G44/><T7/><D7/><U0/><E0/><V72/><F122/><W119/><G18/><T82/><D63/><U127/><E127/><V16/><F16/><W99/><G87/><T120/><D120/><U121/><E110/><V49/><F49/><W132/><G132/><T1/><D1/><U76/><E121/><V67/><F67/><AGARI ba="0,0" hai="9,10,11,21,27,31,65,67,80,82,83" m="28783" machi="67" ten="30,2900,0" yaku="8,1,54,1" doraHai="28" who="0" fromWho="2" sc="250,29,250,0,250,-29,250,0" /><INIT seed="0,1,0,3,3,81" ten="279,250,221,250" oya="0" hai0="16,104,75,14,59,0,58,66,33,119,115,39,57" hai1="69,88,107,42,18,106,9,35,82,86,130,7,93" hai2="36,8,43,113,134,98,124,80,118,92,72,4,103" hai3="26,17,34,53,25,125,30,19,31,91,131,51,109"/><T11/><D119/><U27/><E130/><V76/><F134/><W50/><G109/><T12/><D115/><U64/><E42/><V111/><F111/><W65/><G125/><T90/><D33/><U116/><E116/><V56/><F124/><W101/><G101/><T22/><D39/><U99/><E64/><V49/><F113/><W47/><G65/><T48/><D0/><U97/><E69/><V29/><F29/><W1/><G1/><T44/><D75/><U13/><E99/><V94/><F56/><W89/><G131/><T122/><D104/><U40/><E40/><V133/><F49/><W46/><REACH who="3" step="1"/><G53/><REACH who="3" ten="279,250,221,240" step="2"/><N who="0" m="29831" /><D122/><U79/><REACH who="1" step="1"/><E35/><AGARI ba="1,1" hai="17,19,25,26,30,31,34,35,46,47,50,51,89,91" machi="35" ten="25,3200,0" yaku="1,1,22,2,53,0" doraHai="81" doraHaiUra="117" who="3" fromWho="1" sc="279,0,250,-35,221,0,240,45" /><INIT seed="1,0,0,3,2,31" ten="279,215,221,285" oya="1" hai0="6,62,79,34,84,90,9,55,49,109,97,95,21" hai1="0,118,98,130,102,45,82,96,83,127,75,28,18" hai2="46,64,56,93,108,69,65,37,58,25,60,88,113" hai3="11,76,10,129,57,73,5,35,1,128,43,116,86"/><U111/><E118/><V77/><F108/><W91/><G43/><T92/><D109/><U132/><E111/><V36/><F77/><W30/><G11/><T27/><D34/><U24/><E0/><V67/><F113/><W52/><G76/><T87/><D79/><U89/><E130/><N who="3" m="50282" /><G73/><T23/><D62/><U22/><E127/><V122/><F25/><N who="3" m="18895" /><G116/><T104/><D104/><U81/><E132/><V19/><F19/><W41/><G41/><T3/><D95/><U119/><E119/><V20/><F20/><W33/><G86/><T16/><REACH who="0" step="1"/><D23/><REACH who="0" ten="269,215,221,285" step="2"/><N who="1" m="15391" /><E75/><V47/><F93/><W17/><G33/><T99/><D99/><N who="1" m="37931" /><E102/><V78/><F78/><W117/><G117/><T66/><D66/><U29/><E29/><V74/><F65/><W61/><G91/><T106/><D106/><U101/><E101/><V53/><F88/><W68/><G68/><T38/><D38/><U126/><E126/><V134/><F69/><W15/><G1/><T100/><D100/><U114/><E114/><V39/><F74/><W59/><G59/><AGARI ba="0,1" hai="3,6,9,16,21,27,49,55,59,84,87,90,92,97" machi="59" ten="30,7700,0" yaku="1,1,7,1,54,1,53,1" doraHai="31" doraHaiUra="12" who="0" fromWho="3" sc="269,87,215,0,221,0,285,-77" /><INIT seed="2,0,0,4,4,51" ten="356,215,221,208" oya="2" hai0="57,99,75,48,124,52,44,95,25,90,70,31,121" hai1="72,118,13,28,15,112,96,50,56,86,84,100,119" hai2="17,87,49,116,111,125,33,61,47,7,129,1,16" hai3="39,134,76,85,103,34,43,115,29,130,135,109,2"/><V42/><F116/><W123/><G2/><T89/><D124/><U127/><E112/><V110/><F33/><W77/><G123/><T58/><D70/><U27/><E72/><V12/><F125/><W54/><G43/><T68/><D68/><U105/><E127/><V114/><F114/><W62/><G39/><T55/><D75/><U91/><E119/><V101/><F1/><W104/><G115/><T32/><D121/><U113/><E113/><V131/><F101/><W133/><G109/><N who="2" m="41481" /><F61/><W80/><G130/><N who="2" m="49673" /><F87/><W128/><G128/><T22/><D32/><U40/><E84/><V10/><AGARI ba="0,0" hai="7,10,12,16,17,42,47,49" m="49673,41481" machi="10" ten="40,12000,1" yaku="14,1,10,1,19,1,54,1" doraHai="51" who="2" fromWho="2" sc="356,-40,215,-40,221,120,208,-40" /><INIT seed="2,1,0,3,1,66" ten="316,175,341,168" oya="2" hai0="89,79,125,95,70,90,87,96,85,36,102,58,110" hai1="46,116,3,124,2,104,48,32,83,107,61,7,23" hai2="119,0,118,123,54,12,72,101,78,132,120,34,131" hai3="15,26,50,108,111,73,68,18,33,92,77,135,22"/><V64/><F12/><W62/><G135/><T106/><D36/><U30/><E116/><V42/><F64/><N who="3" m="40983" /><G77/><T130/><D70/><U24/><E124/><V74/><F54/><W105/><G73/><T112/><D58/><U56/><E32/><V117/><F42/><W100/><G92/><N who="0" m="54319" /><D110/><N who="3" m="42025" /><G50/><T6/><D6/><U25/><E25/><V39/><F78/><W121/><G121/><T134/><D112/><U67/><E83/><V71/><F101/><W31/><G100/><T127/><D134/><U81/><E81/><V88/><F88/><W114/><G105/><T9/><D9/><U29/><E29/><V44/><F72/><W76/><G76/><T14/><D14/><U13/><E13/><V75/><F75/><W65/><G65/><T35/><D35/><U27/><E27/><V11/><F11/><W21/><G114/><T98/><D130/><U43/><REACH who="1" step="1"/><E7/><REACH who="1" ten="316,165,341,168" step="2"/><V45/><F119/><W52/><G52/><T109/><D109/><U10/><E10/><AGARI ba="1,1" hai="10,15,18,21,22,26,31,33" m="42025,40983" machi="10" ten="30,2000,0" yaku="14,1,52,1" doraHai="66" who="3" fromWho="1" sc="316,0,165,-23,341,0,168,33" /><INIT seed="3,0,0,1,5,3" ten="316,142,341,201" oya="3" hai0="19,55,89,132,57,99,22,83,67,51,106,125,66" hai1="75,107,110,38,16,0,114,48,27,109,87,54,100" hai2="21,85,26,10,129,91,119,130,72,9,77,28,102" hai3="24,88,121,34,76,86,62,101,98,93,25,97,116"/><W120/><G116/><T29/><D132/><U90/><E114/><V4/><F102/><W79/><G62/><T94/><D125/><U32/><E38/><V131/><F119/><W80/><G25/><T36/><D36/><U63/><E75/><V56/><F56/><W31/><REACH who="3" step="1"/><G79/><REACH who="3" ten="316,142,341,191" step="2"/><T39/><D29/><U17/><E63/><V5/><F77/><W82/><G82/><T84/><D39/><U69/><E69/><V35/><F26/><W117/><G117/><T43/><D43/><U33/><E0/><V20/><F130/><W111/><G111/><N who="1" m="42506" /><E107/><AGARI ba="0,1" hai="24,31,34,76,80,86,88,93,97,98,101,107,120,121" machi="107" ten="30,5800,0" yaku="1,1,7,1,54,1,53,0" doraHai="3" doraHaiUra="58" who="3" fromWho="1" sc="316,0,142,-58,341,0,191,68" /><INIT seed="3,1,0,2,3,110" ten="316,84,341,259" oya="3" hai0="88,29,31,58,121,60,8,16,129,43,132,82,131" hai1="42,105,3,46,96,66,124,122,61,0,100,68,24" hai2="77,35,47,20,114,69,9,84,108,48,19,34,44" hai3="32,91,128,26,18,81,55,12,97,33,104,45,101"/><W89/><G128/><N who="0" m="49227" /><D121/><U1/><E124/><V134/><F114/><W54/><G26/><T126/><D132/><U15/><E15/><V78/><F69/><W38/><G38/><T92/><D82/><U30/><E122/><V67/><F67/><W59/><G45/><T65/><D43/><U51/><E51/><V127/><F127/><W79/><G33/><T107/><D107/><U125/><E125/><V80/><F108/><W130/><G32/><T14/><D126/><U75/><E75/><V21/><F78/><W87/><G130/><T2/><D2/><U102/><E102/><V36/><F134/><W111/><G55/><T52/><D65/><U28/><E28/><V93/><F34/><W76/><G91/><T25/><D25/><U62/><E62/><V11/><F20/><W5/><G5/><T106/><D106/><U72/><E72/><V113/><F35/><W99/><G99/><AGARI ba="1,0" hai="8,14,16,29,31,52,58,60,88,92,99" m="49227" machi="99" ten="30,7700,0" yaku="19,1,54,3" doraHai="110" who="0" fromWho="3" sc="316,80,84,0,341,0,259,-80" owari="396,49.6,84,-41.6,341,14.1,179,-22.1" /></mjloggm>