<mjloggm ver="2.3"><GO type="225" lobby="0"/><UN n0="%E3%83%B4%E3%83%A0%EF%BC%99%E3%81%A6" n1="%E5%AF%82%E5%AF%9E%E3%82%AE%E3%83%8D%E3%82%B9%E3%83%93%E3%83%BC%E3%83%AB" n2="%E8%81%B7%E6%A5%AD%E3%80%81%E9%A2%A8%32" n3="%6D%75%75%6D%75%72%61" dan="17,16,16,16" rate="2161.39,2125.04,2148.27,2146.99" sx="M,M,M,F"/><TAIKYOKU oya="0"/><INIT seed="0,0,0,0,1,44" ten="250,250,250,250" oya="0" hai0="62,70,128,118,74,47,8,40,72,113,21,32,111" hai1="85,82,88,7,34,3,117,109,95,0,66,90,39" hai2="23,84,35,38,33,107,43,121,131,127,4,129,45" hai3="92,63,46,13,59,65,48,50,69,122,64,86,91"/><T130/><D113/><U68/><E117/><V112/><F121/><W126/><G122/><T53/><D118/><U120/><E39/><V106/><F112/><W87/><G126/><T102/><D32/><N who="2" m="12362" /><F127/><W114/><G114/><T100/><D8/><U22/><E34/><V24/><F4/><W37/><G37/><T31/><D31/><U101/><E120/><V60/><F84/><W108/><G108/><T16/><D111/><U14/><E101/><V79/><F60/><W2/><G2/><T5/><D5/><U75/><E109/><V51/><F79/><W30/><G30/><T133/><D133/><U93/><E66/><V103/><F103/><W134/><G134/><T19/><D40/><U76/><E68/><V52/><F23/><W49/><G69/><T58/><D70/><U12/><E12/><V67/><F24/><W17/><G86/><T124/><D124/><U9/><REACH who="1" step="1"/><E22/><REACH who="1" ten="250,240,250,250" step="2"/><V27/><F67/><N who="3" m="39423" /><G46/><T132/><D47/><U110/><E110/><V29/><F38/><W41/><G41/><T20/><D20/><AGARI ba="0,1" hai="13,17,20,48,49,50,64,65,87,91,92" m="39423" machi="20" ten="30,7700,0" yaku="8,1,52,3" doraHai="44" who="3" fromWho="0" sc="250,-77,240,0,250,0,250,87" /><INIT seed="1,0,0,1,2,31" ten="173,240,250,337" oya="1" hai0="105,84,62,79,91,117,37,123,44,9,126,21,66" hai1="7,96,47,24,36,67,69,50,116,11,1,86,8" hai2="111,65,68,25,112,89,127,94,109,52,98,102,59" hai3="93,3,95,46,87,72,78,16,15,13,115,32,38"/><U48/><E116/><V129/><F127/><W73/><G3/><T2/><D117/><U43/><E11/><V90/><F129/><W106/><G106/><T19/><D126/><U22/><E96/><V12/><F112/><W26/><G115/><T103/><D123/><U60/><REACH who="1" step="1"/><E86/><REACH who="1" ten="173,230,250,337" step="2"/><V88/><F109/><W42/><G87/><T128/><D9/><U18/><AGARI ba="0,1" hai="1,7,8,18,22,24,36,43,47,48,50,60,67,69" machi="18" ten="20,7800,0" yaku="1,1,2,1,0,1,7,1,53,0" doraHai="31" doraHaiUra="135" who="1" fromWho="1" sc="173,-26,230,88,250,-26,337,-26" /><INIT seed="1,1,0,2,2,66" ten="147,318,224,311" oya="1" hai0="126,130,93,2,8,61,18,73,44,128,107,11,46" hai1="60,36,4,124,48,95,0,97,33,115,5,122,40" hai2="105,7,53,98,27,55,72,62,113,59,19,92,45" hai3="24,69,119,63,67,103,84,123,70,96,74,41,77"/><U47/><E115/><V21/><F72/><W57/><G123/><T1/><D107/><U106/><E122/><V118/><F113/><W133/><G74/><T110/><D73/><U80/><E124/><V109/><F109/><W117/><G133/><T83/><D110/><U94/><E33/><V13/><F118/><N who="3" m="45067" /><G41/><T17/><D83/><U89/><E106/><V29/><F105/><N who="3" m="63719" /><G24/><T125/><REACH who="0" step="1"/><D61/><REACH who="0" ten="137,318,224,311" step="2"/><U35/><E80/><AGARI ba="1,1" hai="57,63,67,69,70,77,80,84" m="63719,45067" machi="80" ten="30,3900,0" yaku="12,1,52,2" doraHai="66" who="3" fromWho="1" sc="137,0,318,-42,224,0,311,52" /><INIT seed="2,0,0,5,4,18" ten="137,276,224,363" oya="2" hai0="27,14,50,120,101,70,125,88,25,131,112,47,49" hai1="81,114,83,46,106,117,111,51,91,104,54,10,95" hai2="109,48,116,17,64,97,33,78,1,8,61,72,110" hai3="40,36,4,7,129,31,66,107,0,5,123,77,90"/><V2/><F116/><W124/><G123/><T108/><D120/><U135/><E114/><V65/><F33/><W16/><G107/><T35/><D112/><U41/><E117/><V53/><F72/><W20/><G0/><T115/><D115/><U21/><E111/><N who="2" m="42507" /><F78/><W119/><G119/><T80/><D108/><U39/><E135/><V118/><F118/><W133/><G133/><T62/><D125/><U126/><E126/><V76/><F76/><W28/><G124/><T98/><D131/><U73/><E73/><V37/><F37/><W58/><G129/><T132/><D132/><U3/><E106/><V15/><F97/><W130/><G130/><T93/><D14/><U100/><E104/><V89/><F89/><W87/><G36/><T11/><D11/><U26/><E100/><V23/><F8/><W12/><G40/><T113/><D113/><U134/><E134/><V19/><F19/><W71/><G71/><T92/><D80/><U60/><E3/><N who="2" m="1035" /><F61/><N who="3" m="38199" /><G77/><T22/><D35/><U127/><E10/><V75/><F75/><W29/><G4/><T63/><D49/><U85/><E127/><V32/><F32/><W122/><G122/><T74/><D74/><U44/><REACH who="1" step="1"/><E60/><REACH who="1" ten="137,266,224,363" step="2"/><V52/><F53/><W24/><G5/><T102/><D102/><U59/><E59/><AGARI ba="0,1" hai="15,17,23,48,52,59,64,65" m="1035,42507" machi="59" ten="30,11600,0" yaku="14,1,10,1,52,1,54,1" doraHai="18" who="2" fromWho="1" sc="137,0,266,-116,224,126,363,0" /><INIT seed="2,1,0,5,0,122" ten="137,150,350,363" oya="2" hai0="45,7,70,62,57,51,43,119,4,130,54,15,90" hai1="30,108,66,110,76,79,91,8,0,53,101,55,63" hai2="114,29,34,2,125,50,44,88,82,17,127,87,128" hai3="38,3,31,40,68,124,97,22,116,27,89,83,20"/><V13/><F2/><W64/><G116/><T33/><D33/><U19/><E30/><V118/><F114/><W85/><G3/><T123/><D123/><U52/><E101/><V11/><F118/><W109/><G124/><N who="2" m="47689" /><F128/><W80/><G109/><N who="1" m="42090" /><E91/><V42/><F29/><W28/><G97/><T26/><D119/><U21/><E8/><V41/><F34/><W49/><G38/><T81/><D130/><U56/><E0/><V10/><F11/><W60/><G83/><T135/><D135/><U115/><E115/><V72/><F72/><W39/><G39/><T16/><D26/><AGARI ba="1,0" hai="19,21,26,52,53,55,56,63,66,76,79" m="42090" machi="26" ten="30,8000,1" yaku="14,1,52,3,54,1" doraHai="122" who="1" fromWho="0" sc="137,-83,150,83,350,0,363,0" /><BYE who="0" /><INIT seed="3,0,0,4,2,89" ten="54,233,350,363" oya="3" hai0="81,69,49,134,108,64,39,7,103,59,74,36,83" hai1="11,41,48,56,46,71,111,1,80,120,86,93,34" hai2="95,68,35,63,26,40,87,3,13,66,85,5,57" hai3="54,124,21,82,27,8,102,135,75,98,67,110,117"/><W9/><G117/><T97/><D97/><U10/><E120/><V45/><F3/><W123/><G123/><T126/><D126/><U109/><E71/><V128/><F128/><W101/><G124/><T132/><D132/><U50/><E34/><V33/><F68/><W15/><G135/><T119/><D119/><U29/><E29/><V22/><F33/><W84/><G75/><T24/><D24/><U106/><E106/><V19/><F35/><W91/><G110/><T121/><D121/><U42/><E1/><V28/><F95/><N who="3" m="56703" /><G67/><T129/><D129/><U73/><E73/><V23/><REACH who="2" step="1"/><F5/><REACH who="2" ten="54,233,340,363" step="2"/><N who="3" m="3471" /><G9/><T31/><D31/><U100/><E111/><V25/><F25/><W79/><G54/><T112/><D112/><U70/><E109/><V90/><F90/><W107/><G107/><T94/><D94/><U6/><E70/><V53/><F53/><W99/><G99/><T125/><D125/><U104/><E104/><V43/><F43/><W92/><G92/><T18/><D18/><AGARI ba="0,1" hai="18,21,27,79,82,84,101,102" m="3471,56703" machi="18" ten="30,2900,0" yaku="8,1,52,1" doraHai="89" who="3" fromWho="0" sc="54,-29,233,0,340,0,363,39" owari="25,-47.5,233,-16.7,340,14.0,402,50.2" /></mjloggm>