<mjloggm ver="2.3"><GO type="225" lobby="0"/><UN n0="%E6%81%A5%E6%99%92%E3%81%97" n1="%E3%82%A2%E3%83%A1%E3%82%A2%E3%83%A9%E3%83%AC" n2="%E9%8A%80%E3%81%B0%E3%81%95%E3%81%BF" n3="%61%6D%65%6B%69" dan="16,16,17,16" rate="2075.87,2167.08,2147.34,2066.52" sx="M,M,M,M"/><TAIKYOKU oya="0"/><INIT seed="0,0,0,0,1,6" ten="250,250,250,250" oya="0" hai0="104,60,41,68,5,18,109,95,119,125,133,88,102" hai1="13,120,127,65,93,123,46,114,66,28,58,118,19" hai2="17,57,110,81,44,86,92,15,50,21,132,135,130" hai3="117,83,107,39,124,115,63,90,54,111,47,62,25"/><T121/><D119/><U24/><E118/><V70/><F70/><W99/><G115/><T112/><D121/><U22/><E127/><V108/><F92/><W73/><G124/><T87/><D112/><U61/><E114/><V113/><F57/><W129/><G111/><N who="2" m="42537" /><F130/><W20/><G117/><T32/><D125/><U72/><E72/><V122/><F122/><W31/><G129/><T94/><D32/><U89/><E46/><V51/><F113/><W36/><G36/><T64/><D109/><U48/><E48/><N who="2" m="18475" /><F44/><W30/><G54/><T116/><D116/><U53/><E123/><V67/><F67/><W26/><G107/><T74/><D74/><U40/><E40/><V34/><F34/><W98/><G47/><T80/><D41/><U33/><REACH who="1" step="1"/><E120/><REACH who="1" ten="250,240,250,250" step="2"/><V4/><F4/><W103/><G73/><T35/><D5/><U38/><E38/><V27/><F27/><W77/><G39/><T101/><D104/><U37/><E37/><V8/><F21/><W75/><G26/><T43/><D35/><U55/><E55/><V79/><AGARI ba="0,1" hai="8,15,17,79,81,86,132,135" m="18475,42537" machi="79" ten="30,2000,0" yaku="14,1,52,1" doraHai="6" who="2" fromWho="2" sc="250,-10,240,-5,250,30,250,-5" /><INIT seed="1,0,0,0,0,59" ten="240,235,280,245" oya="1" hai0="100,112,91,81,17,120,68,108,31,130,51,43,48" hai1="97,109,116,129,23,77,24,84,64,94,124,60,122" hai2="111,19,128,44,12,57,55,65,47,35,98,29,69" hai3="39,71,103,3,13,54,87,8,119,125,110,75,70"/><U50/><E116/><V9/><F111/><W15/><G75/><T117/><D112/><U102/><E122/><V63/><F128/><W11/><G39/><T80/><D117/><U40/><E129/><V66/><F66/><W33/><G3/><T26/><D130/><U16/><E124/><V92/><F29/><W41/><G33/><T38/><D120/><U113/><E113/><V42/><F42/><W89/><G41/><T6/><D108/><U93/><E109/><V105/><F105/><W86/><G125/><T21/><D100/><U25/><E40/><V28/><F28/><W132/><G132/><T18/><D6/><U123/><E50/><V45/><F35/><W74/><G74/><T90/><D68/><U131/><E131/><V10/><F10/><W72/><G72/><T88/><D38/><U5/><E5/><V106/><F106/><W52/><G110/><T99/><D99/><U32/><E32/><V82/><F82/><N who="0" m="31850" /><D51/><U118/><E118/><V95/><REACH who="2" step="1"/><F98/><REACH who="2" ten="240,235,270,245" step="2"/><W56/><G119/><T79/><D79/><U4/><E77/><V114/><F114/><W67/><G67/><T2/><D2/><U7/><E123/><V96/><F96/><W134/><G134/><T83/><N who="0" m="31858" /><T127/><DORA hai="37" /><D127/><U104/><E104/><V34/><F34/><W20/><G71/><T133/><D133/><U27/><E64/><V53/><F53/><W30/><G70/><T22/><D21/><U1/><E23/><V121/><F121/><W126/><G20/><T14/><D43/><U85/><E97/><V58/><F58/><W0/><G126/><RYUUKYOKU ba="0,1" sc="240,-10,235,-10,270,30,245,-10" hai2="9,12,19,44,45,47,55,57,63,65,69,92,95" /><INIT seed="2,1,1,2,5,44" ten="230,225,300,235" oya="2" hai0="94,135,90,91,59,63,72,9,95,58,12,51,74" hai1="131,14,40,106,77,27,87,64,97,96,73,35,83" hai2="37,111,79,41,8,60,121,2,122,38,70,86,75" hai3="42,23,36,48,10,103,88,21,11,128,57,118,113"/><V6/><F86/><W62/><G118/><T13/><D135/><U22/><E131/><V108/><F60/><W43/><G36/><N who="2" m="13929" /><F41/><N who="3" m="15371" /><G128/><T125/><D63/><U16/><E40/><V134/><F70/><W84/><G103/><T104/><D9/><N who="3" m="3081" /><G113/><T24/><D24/><U39/><E39/><V129/><F129/><W105/><G105/><T55/><D104/><U132/><E132/><V115/><F115/><W126/><G126/><T100/><D100/><U31/><E106/><V85/><F85/><W92/><G48/><T112/><D112/><U50/><E64/><AGARI ba="1,1" hai="21,23,57,62,64,84,88,92" m="3081,15371" machi="64" ten="30,2000,0" yaku="8,1,54,1" doraHai="44" who="3" fromWho="1" sc="230,0,225,-23,300,0,235,33" /><INIT seed="3,0,0,4,5,21" ten="230,202,300,268" oya="3" hai0="75,38,126,54,16,17,121,64,105,115,92,72,68" hai1="91,51,85,93,22,43,134,50,130,107,40,56,47" hai2="20,52,70,108,29,79,66,87,14,24,48,102,109" hai3="125,132,127,60,83,65,41,113,129,12,11,23,33"/><W94/><G33/><T44/><D121/><U55/><E134/><V63/><F102/><W131/><G113/><T78/><D105/><U58/><E130/><N who="3" m="49674" /><G41/><T114/><D126/><N who="3" m="48137" /><G94/><T9/><D92/><U104/><E104/><V118/><F118/><W88/><G23/><T30/><D114/><U62/><E107/><V101/><F101/><W3/><G3/><T8/><D115/><U46/><REACH who="1" step="1"/><E22/><REACH who="1" ten="230,192,300,268" step="2"/><V81/><F20/><W15/><G132/><T49/><D30/><U26/><E26/><V32/><F29/><W123/><G123/><T76/><D72/><U18/><E18/><V37/><F24/><W90/><G83/><T27/><D75/><U82/><E82/><V80/><F81/><W98/><G98/><T128/><D128/><U5/><E5/><V100/><F80/><W57/><G15/><T96/><D96/><U103/><E103/><V4/><F100/><W10/><G10/><T71/><D27/><U7/><E7/><AGARI ba="0,1" hai="7,11,12,57,60,65,88,90" m="48137,49674" machi="7" ten="30,5800,0" yaku="19,1,18,1,54,1" doraHai="21" who="3" fromWho="1" sc="230,0,192,-58,300,0,268,68" owari="230,-17.0,134,-36.6,300,10.0,336,43.6" /></mjloggm>