<mjloggm ver="2.3"><GO type="225" lobby="0"/><UN n0="%72%61%6B%33" n1="%E7%88%86%E8%A3%82%E9%83%BD%E5%B8%82%EF%BD%9E" n2="%E3%81%8C%E3%81%9F" n3="%E5%BE%80%E5%B9%B4%E3%81%AE%E3%82%B4%E3%83%AA%E3%83%A9" dan="16,16,16,16" rate="2202.51,2110.15,2139.05,2097.91" sx="M,M,F,M"/><TAIKYOKU oya="0"/><INIT seed="0,0,0,3,0,118" ten="250,250,250,250" oya="0" hai0="76,120,67,54,95,132,93,102,20,133,5,91,135" hai1="17,82,3,12,45,97,79,124,32,40,22,69,31" hai2="50,29,131,46,119,59,53,88,103,18,28,55,60" hai3="122,30,127,8,87,74,78,14,71,101,0,39,24"/><T96/><D67/><U109/><E124/><V89/><F131/><W110/><G127/><T115/><D5/><U38/><E109/><V134/><F119/><W43/><G110/><T100/><D115/><U6/><E69/><V47/><F134/><W90/><G101/><T23/><D120/><U63/><E63/><V121/><F121/><W112/><G71/><T1/><D1/><U70/><E70/><V57/><F103/><W80/><G0/><T61/><D76/><U42/><E97/><V123/><F123/><W129/><G129/><T7/><D7/><U52/><E42/><V48/><F18/><W106/><G106/><T83/><D83/><U130/><E130/><V27/><F27/><W105/><G105/><T11/><D11/><U16/><E3/><V34/><F34/><W44/><G112/><T25/><D93/><U13/><E6/><V77/><F60/><W21/><G122/><T107/><D107/><U85/><E32/><V75/><F75/><W37/><G37/><T125/><D125/><U117/><E31/><V104/><F104/><W56/><G56/><N who="0" m="34967" /><D20/><U41/><E117/><V92/><F92/><W126/><G126/><T33/><D33/><U26/><E40/><V99/><F77/><W15/><REACH who="3" step="1"/><G8/><REACH who="3" ten="250,250,250,240" step="2"/><T51/><D51/><U49/><E17/><AGARI ba="0,1" hai="17,23,25,91,95,96,100,102,132,133,135" m="34967" machi="17" ten="30,2900,0" yaku="25,1,20,1" doraHai="118" who="0" fromWho="1" sc="250,39,250,-29,250,0,240,0" /><INIT seed="0,1,0,2,4,85" ten="289,221,250,240" oya="0" hai0="124,31,35,95,11,51,81,119,36,23,8,61,46" hai1="10,28,109,32,92,133,0,110,26,82,20,115,66" hai2="116,117,55,50,77,96,27,73,18,120,84,76,19" hai3="34,107,125,78,90,129,121,43,99,30,126,3,60"/><T114/><D114/><U5/><E66/><V79/><F120/><W123/><G3/><T12/><D119/><N who="2" m="45642" /><F73/><W80/><G43/><T38/><D124/><N who="3" m="47721" /><G60/><T9/><D35/><U42/><E115/><V4/><F4/><W33/><G30/><T37/><D61/><U94/><E42/><V16/><F96/><W93/><G34/><T108/><D108/><N who="1" m="41579" /><E133/><V1/><F1/><W112/><G33/><T29/><D81/><U15/><E82/><N who="2" m="47175" /><F27/><W89/><G112/><T97/><D12/><U71/><E71/><V70/><F70/><W113/><G113/><T91/><REACH who="0" step="1"/><D23/><REACH who="0" ten="279,221,250,240" step="2"/><U59/><E59/><AGARI ba="1,1" hai="16,18,19,50,55,59,77,79" m="47175,45642" machi="59" ten="30,2000,0" yaku="12,1,54,1" doraHai="85" who="2" fromWho="1" sc="279,0,221,-23,250,33,240,0" /><INIT seed="1,0,0,5,4,122" ten="279,198,283,240" oya="1" hai0="100,36,90,114,94,28,130,127,39,27,70,59,43" hai1="2,3,24,63,120,75,35,53,81,9,22,58,71" hai2="21,31,117,132,107,51,61,121,10,65,64,113,87" hai3="104,103,20,4,91,133,13,108,5,7,17,98,116"/><U26/><E120/><V11/><F117/><W112/><G112/><T46/><D114/><U101/><E101/><V96/><F113/><W118/><G133/><T40/><D70/><U115/><E115/><V67/><F132/><W95/><REACH who="3" step="1"/><G108/><REACH who="3" ten="279,198,283,230" step="2"/><T66/><D127/><U23/><E71/><V78/><F121/><W126/><G126/><T86/><D130/><U54/><E35/><V38/><F65/><W14/><G14/><T89/><D66/><U33/><E33/><V123/><F64/><W19/><G19/><T124/><D124/><U37/><E2/><V128/><F67/><W77/><G77/><T55/><D39/><U60/><E37/><V110/><F78/><W48/><G48/><T18/><D18/><U125/><E125/><V109/><F51/><W62/><G62/><T16/><D16/><N who="1" m="12359" /><E3/><V102/><F38/><W50/><G50/><T32/><D36/><U68/><E68/><V41/><F109/><W106/><G106/><T73/><D32/><U1/><E1/><V34/><F107/><W57/><G57/><T72/><D59/><N who="1" m="34927" /><E75/><V135/><F110/><W111/><G111/><T8/><D73/><U129/><E129/><V49/><F128/><W69/><G69/><T74/><D72/><U52/><E54/><V79/><F123/><W6/><N who="3" m="1024" /><DORA hai="134" /><W92/><G92/><T83/><D74/><U99/><E81/><V29/><F135/><W12/><G12/><T47/><D83/><U15/><E15/><V30/><F34/><W76/><G76/><T131/><D131/><U42/><E63/><V0/><F61/><W88/><G88/><RYUUKYOKU ba="0,1" sc="279,-10,198,-10,283,-10,230,30" hai3="13,17,20,91,95,98,103,104,116,118" /><INIT seed="2,1,1,2,2,33" ten="269,188,273,260" oya="2" hai0="104,108,90,6,105,103,36,76,55,48,94,15,25" hai1="93,116,86,126,65,14,18,26,130,30,71,66,129" hai2="123,13,20,17,27,45,81,125,84,64,109,52,58" hai3="60,124,87,68,74,122,72,73,101,120,91,16,10"/><V0/><F123/><W24/><G101/><T59/><D108/><U85/><E116/><V127/><F0/><W44/><G124/><N who="2" m="47689" /><F64/><W1/><G44/><T111/><D111/><U132/><E126/><V40/><F109/><W100/><G100/><T128/><D36/><U121/><E132/><V11/><F40/><W31/><G60/><T3/><D128/><U37/><E37/><V69/><F69/><W78/><G78/><T5/><D76/><U110/><E110/><V49/><F58/><W34/><G68/><T106/><D103/><U56/><E121/><V83/><F84/><W54/><G54/><T62/><D3/><U99/><E71/><V98/><F98/><W88/><G91/><T41/><D15/><U19/><E56/><V43/><F43/><W70/><G70/><T47/><REACH who="0" step="1"/><D25/><REACH who="0" ten="259,188,273,260" step="2"/><U114/><E14/><V112/><F112/><W119/><G119/><T79/><D79/><U77/><E26/><V4/><AGARI ba="1,2" hai="4,11,13,17,20,27,45,49,52,81,83" m="47689" machi="4" ten="30,3000,0" yaku="18,1,54,1" doraHai="33" who="2" fromWho="2" sc="259,-11,188,-11,273,53,260,-11" /><INIT seed="2,2,0,1,2,81" ten="248,177,326,249" oya="2" hai0="55,44,116,23,84,133,12,3,37,135,126,39,74" hai1="42,53,13,62,110,66,122,56,86,104,75,114,10" hai2="73,120,95,24,128,41,92,119,46,25,18,124,34" hai3="127,33,49,132,87,38,19,40,30,112,2,8,96"/><V85/><F119/><W88/><G132/><T32/><D74/><U21/><E114/><V131/><F120/><W36/><G127/><T45/><D32/><U67/><E110/><V100/><F73/><W52/><G96/><T117/><D3/><U9/><E75/><V94/><F124/><W107/><G107/><T91/><D126/><U123/><E104/><V27/><F34/><W105/><G105/><T90/><D23/><U31/><E42/><V20/><F100/><W78/><G78/><T16/><D55/><U64/><E31/><V51/><REACH who="2" step="1"/><F85/><REACH who="2" ten="248,177,316,249" step="2"/><W101/><G101/><T68/><D84/><U111/><E111/><V14/><AGARI ba="2,1" hai="14,18,20,24,25,27,41,46,51,92,94,95,128,131" machi="14" ten="40,7800,0" yaku="1,1,2,1,0,1,53,0" doraHai="81" doraHaiUra="57" who="2" fromWho="2" sc="248,-28,177,-28,316,94,249,-28" /><INIT seed="2,3,0,0,0,77" ten="220,149,410,221" oya="2" hai0="72,23,122,96,46,9,103,22,56,85,61,69,121" hai1="120,79,6,97,87,128,133,71,13,84,91,16,15" hai2="68,27,102,94,118,127,0,35,83,58,31,51,39" hai3="37,18,88,4,90,80,89,7,2,95,106,26,129"/><V42/><F118/><W135/><G106/><T99/><D72/><U115/><E71/><V45/><F68/><W110/><G37/><T93/><D69/><U132/><E115/><V81/><F0/><W20/><G110/><T1/><D46/><U123/><E128/><V41/><F127/><W19/><G129/><T24/><D22/><N who="1" m="11535" /><E6/><V125/><F125/><W30/><G135/><N who="1" m="51786" /><E15/><V65/><F42/><W25/><G2/><T114/><D114/><U105/><E105/><V107/><F107/><W134/><G134/><T64/><D1/><U3/><E3/><V28/><F28/><W98/><G7/><T50/><D9/><U17/><E17/><V11/><F11/><W10/><G4/><T44/><D99/><U67/><E67/><V126/><F126/><W55/><G10/><T100/><D100/><U60/><E60/><V86/><F65/><W12/><G19/><T57/><D61/><U8/><E8/><V54/><F102/><W73/><G30/><T52/><D64/><U82/><E97/><V113/><F113/><W43/><G12/><T104/><D104/><U76/><E87/><V32/><F32/><W130/><G130/><T21/><D85/><U119/><E119/><V49/><F39/><W62/><G98/><T108/><D96/><U109/><E109/><V63/><F63/><W38/><G38/><T124/><D108/><U14/><E14/><V70/><F70/><W74/><G62/><T78/><D124/><U112/><E112/><V111/><F111/><W59/><G20/><T131/><D131/><U66/><E66/><V48/><F48/><RYUUKYOKU ba="3,0" sc="220,-15,149,15,410,15,221,-15" hai1="76,79,82,84,91,120,123" hai2="27,31,35,41,45,49,51,54,58,81,83,86,94" /><INIT seed="2,4,0,4,4,69" ten="205,164,425,206" oya="2" hai0="112,46,21,51,36,98,101,0,83,4,30,49,11" hai1="8,96,34,50,54,43,111,66,58,97,26,125,103" hai2="6,78,100,61,131,127,19,24,81,45,67,47,62" hai3="22,68,82,105,77,108,39,20,27,84,64,115,117"/><V41/><F131/><W59/><G117/><T133/><D112/><U5/><E111/><V74/><F127/><W55/><G108/><T57/><D133/><U70/><E125/><V92/><F6/><W90/><G105/><T129/><D129/><U7/><E43/><V73/><F73/><W110/><G110/><T99/><D57/><U23/><E34/><V53/><F53/><W109/><G115/><T60/><D60/><U85/><E97/><V126/><F126/><W104/><G104/><T63/><D63/><U44/><E70/><V86/><F74/><W38/><G68/><T107/><D99/><U32/><E85/><V113/><F113/><W123/><G64/><T9/><D9/><U40/><E32/><V25/><F45/><W29/><G123/><T79/><D21/><U76/><E76/><V3/><F3/><W124/><G124/><T89/><D89/><U14/><E7/><V91/><F100/><W28/><G77/><T42/><D30/><U116/><E116/><V1/><F1/><W106/><G106/><T122/><D122/><U102/><E66/><V33/><F33/><W93/><G93/><T13/><D13/><U75/><E96/><N who="2" m="57375" /><F19/><W94/><G94/><T120/><D120/><U17/><REACH who="1" step="1"/><E75/><AGARI ba="4,0" hai="0,4,11,36,42,46,49,51,75,79,83,98,101,107" machi="75" ten="30,7700,0" yaku="7,1,25,2,52,1" doraHai="69" who="0" fromWho="1" sc="205,89,164,-89,425,0,206,0" /><INIT seed="3,0,0,4,1,8" ten="294,75,425,206" oya="3" hai0="83,92,131,30,130,114,36,116,2,15,4,31,93" hai1="0,27,40,35,9,55,100,78,122,62,129,135,22" hai2="75,111,133,134,117,17,34,59,28,72,91,126,66" hai3="48,115,77,81,7,73,25,23,88,110,41,61,56"/><W10/><G115/><T97/><D114/><U5/><E122/><V63/><F111/><W42/><G110/><T105/><D116/><U103/><E40/><V124/><F117/><W20/><G48/><T96/><D2/><U74/><E74/><N who="2" m="28203" /><F91/><W19/><G23/><T119/><D119/><U6/><E78/><V54/><F17/><W109/><G109/><T69/><D83/><U132/><E103/><V58/><F28/><W11/><G11/><T47/><D69/><U1/><E100/><V18/><F18/><W104/><G104/><T82/><D82/><U86/><E86/><V57/><F34/><W33/><G33/><T94/><D47/><U50/><E62/><N who="2" m="36151" /><F59/><W125/><G125/><AGARI ba="0,0" hai="58,63,66,124,125,126,133,134" m="36151,28203" machi="125" ten="30,1000,0" yaku="18,1" doraHai="8" who="2" fromWho="3" sc="294,0,75,0,425,10,206,-10" owari="294,9.4,75,-42.5,435,53.5,196,-20.4" /></mjloggm>