<mjloggm ver="2.3"><GO type="225" lobby="0"/><UN n0="%4B%2E%32%2E%4B%2E" n1="%E5%91%A8%E6%9D%B1" n2="%E3%81%99%E3%81%84%E3%81%BE%E3%81%9B%E3%83%BC%E3%82%93" n3="%72%69%6F%75%63%68%61%6E" dan="17,17,18,16" rate="2196.12,2157.59,2187.21,2202.83" sx="M,M,M,M"/><TAIKYOKU oya="0"/><INIT seed="0,0,0,2,2,102" ten="250,250,250,250" oya="0" hai0="106,60,104,105,127,114,118,91,58,78,111,9,79" hai1="46,20,23,31,125,6,64,25,57,29,22,30,85" hai2="95,62,16,70,18,39,86,44,90,120,65,97,121" hai3="103,77,10,133,135,87,49,7,32,4,115,63,48"/><T51/><D114/><U99/><E125/><V81/><F39/><W109/><G109/><T26/><D118/><U67/><E6/><V112/><F112/><W68/><G32/><T108/><D127/><U13/><E13/><V42/><F42/><W8/><G115/><T126/><D126/><U92/><E92/><V61/><F44/><W122/><G122/><T93/><D51/><N who="3" m="19529" /><G103/><T47/><D47/><U132/><E132/><N who="3" m="50762" /><G63/><T24/><D9/><N who="3" m="3689" /><G68/><T43/><D43/><U34/><E46/><V1/><F61/><W76/><G87/><N who="0" m="52479" /><D26/><U15/><E34/><V101/><REACH who="2" step="1"/><F1/><REACH who="2" ten="250,250,240,250" step="2"/><W53/><G53/><N who="0" m="33871" /><D24/><U107/><E25/><V130/><F130/><W110/><G110/><AGARI ba="0,1" hai="78,79,104,105,106,108,110,111" m="33871,52479" machi="110" ten="40,12000,1" yaku="14,1,10,1,52,3" doraHai="102" who="0" fromWho="3" sc="250,130,250,0,240,0,250,-120" /><INIT seed="0,1,0,4,5,87" ten="380,250,240,130" oya="0" hai0="75,99,60,46,44,38,31,1,98,73,85,113,25" hai1="94,30,129,103,28,15,100,121,122,11,51,112,93" hai2="82,10,64,12,56,78,90,42,9,35,72,115,71" hai3="21,124,18,7,13,97,134,126,3,27,55,47,131"/><T118/><D118/><U135/><E112/><V77/><F115/><W123/><G97/><T114/><D1/><U128/><E51/><V22/><F71/><W86/><G86/><T96/><D60/><U52/><E15/><V119/><F35/><W65/><G65/><T117/><D117/><U80/><E11/><V34/><F34/><W102/><G102/><N who="1" m="38954" /><E52/><V61/><F119/><W104/><G104/><T45/><D38/><U66/><E66/><V107/><F107/><W58/><G47/><T54/><D54/><U49/><E49/><V125/><F42/><W6/><G3/><T127/><D127/><N who="3" m="48681" /><G123/><N who="1" m="47114" /><E135/><V84/><F125/><W0/><G0/><T111/><D114/><U23/><E23/><V33/><F33/><W16/><G131/><N who="1" m="50250" /><E80/><V92/><F64/><W57/><G134/><T70/><D113/><U132/><E132/><V101/><F61/><N who="3" m="36031" /><G58/><T74/><D70/><U14/><E14/><V67/><F56/><W88/><G13/><T29/><D46/><U83/><E83/><N who="2" m="45479" /><F67/><W32/><G32/><T110/><D45/><U105/><E105/><V108/><F12/><W116/><G116/><T120/><D120/><U40/><E40/><V41/><F41/><W133/><G133/><T2/><D44/><U106/><E106/><V95/><F10/><W24/><G24/><T81/><D2/><U79/><E79/><V4/><F9/><W50/><G50/><T62/><D25/><U76/><E76/><V19/><F78/><W91/><G18/><T109/><D75/><U39/><E39/><V48/><F19/><W63/><G63/><T5/><D62/><RYUUKYOKU ba="1,0" sc="380,-15,250,15,240,-15,130,15" hai1="28,30,93,94" hai3="6,7,16,21,27,88,91" /><INIT seed="1,2,0,0,1,22" ten="365,265,225,145" oya="1" hai0="115,120,46,93,31,134,11,114,36,38,28,53,49" hai1="72,13,40,17,95,100,4,76,109,55,48,116,111" hai2="97,45,105,106,12,110,35,2,16,52,77,0,67" hai3="1,104,47,80,60,81,82,20,41,85,96,79,59"/><U123/><E116/><V44/><F35/><W89/><G1/><T112/><D134/><U90/><E123/><V135/><F135/><W125/><G125/><T127/><D127/><U43/><E4/><V78/><F110/><N who="1" m="41993" /><E100/><V37/><F67/><W61/><G61/><T101/><D120/><U5/><E5/><V56/><F0/><W64/><G20/><T128/><D128/><U102/><E102/><V94/><F2/><W126/><G126/><T119/><D119/><U50/><E76/><N who="2" m="29291" /><F106/><W30/><G30/><T91/><D101/><U34/><E72/><V26/><F37/><W39/><REACH who="3" step="1"/><G104/><REACH who="3" ten="365,265,225,135" step="2"/><T15/><D115/><U92/><E34/><V117/><F105/><W6/><G6/><T103/><D112/><U87/><E17/><V63/><F117/><W98/><G98/><T8/><D114/><U65/><E13/><V69/><F69/><W10/><G10/><T107/><D15/><U129/><E129/><V108/><F108/><W18/><G18/><T66/><D31/><U75/><E75/><V121/><F121/><W99/><G99/><T23/><D28/><U86/><E86/><V131/><F131/><W118/><G118/><T27/><D11/><U113/><E113/><V130/><F130/><W83/><G83/><T25/><D8/><U84/><E84/><V70/><F70/><W32/><G32/><T14/><D14/><U7/><E87/><V29/><F29/><W33/><G33/><T3/><D3/><U74/><E74/><V68/><F68/><W71/><G71/><T58/><D107/><U42/><E7/><V54/><F12/><RYUUKYOKU ba="2,1" sc="365,-10,265,-10,225,-10,135,30" hai3="39,41,47,59,60,64,79,80,81,82,85,89,96" /><INIT seed="2,3,1,4,4,73" ten="355,255,215,165" oya="2" hai0="26,30,103,110,0,8,36,106,1,96,3,72,25" hai1="92,40,70,108,61,7,65,51,60,54,41,131,21" hai2="77,22,135,116,43,6,15,49,37,32,102,129,42" hai3="89,2,62,12,85,71,105,57,112,132,125,58,35"/><V126/><F116/><W86/><G125/><T14/><D72/><U13/><E131/><V44/><F32/><W98/><G132/><T19/><D110/><U34/><E34/><V66/><F129/><W29/><G2/><T107/><D36/><U124/><E108/><V81/><F126/><W97/><G112/><T53/><D107/><U11/><E124/><V120/><F120/><W38/><G38/><T90/><D30/><U48/><E48/><V95/><F135/><W87/><G12/><T75/><D75/><U27/><E61/><V28/><F66/><N who="3" m="41431" /><G89/><T84/><REACH who="0" step="1"/><D53/><REACH who="0" ten="345,255,215,165" step="2"/><U4/><E54/><V113/><F37/><W23/><G105/><T133/><D133/><U67/><E65/><V63/><F113/><W104/><G104/><T114/><D114/><U17/><E67/><V59/><F28/><W33/><G33/><T83/><AGARI ba="3,2" hai="0,1,3,8,14,19,25,26,83,84,90,96,103,106" machi="83" ten="30,2000,0" yaku="1,1,0,1,53,0" doraHai="73" doraHaiUra="64" who="0" fromWho="0" sc="345,49,255,-8,215,-13,165,-8" /><INIT seed="3,0,0,3,5,43" ten="394,247,202,157" oya="3" hai0="33,28,78,60,109,88,36,132,57,25,58,80,123" hai1="105,110,59,87,26,104,13,83,48,126,95,82,19" hai2="93,50,73,4,120,75,40,51,47,106,124,38,96" hai3="45,62,84,115,6,56,66,29,55,9,64,15,130"/><W68/><G130/><T125/><D36/><U133/><E110/><V91/><F124/><W77/><G115/><T121/><D109/><U46/><E126/><V134/><F134/><W8/><G29/><T71/><D125/><U79/><E133/><V72/><F120/><W17/><G68/><T122/><D132/><U128/><E128/><V53/><F106/><W49/><G77/><T5/><D5/><U7/><E95/><V65/><F65/><W97/><G84/><T85/><D71/><U92/><E92/><V30/><F4/><W99/><REACH who="3" step="1"/><G64/><REACH who="3" ten="394,247,202,147" step="2"/><T31/><D31/><U101/><E79/><V114/><F114/><W39/><G39/><T35/><D78/><U74/><E87/><V70/><F70/><W76/><G76/><T14/><D121/><U20/><E74/><V116/><F116/><W54/><G54/><T86/><D122/><U32/><E32/><V103/><F30/><W107/><G107/><T52/><D123/><U100/><E105/><V34/><F34/><W61/><G61/><T2/><D35/><U102/><E104/><V23/><F53/><W112/><G112/><T10/><D86/><U129/><E129/><V21/><F103/><W81/><G81/><T131/><D131/><U37/><E37/><V0/><F38/><W44/><G44/><T1/><D58/><U118/><E59/><V127/><F127/><W3/><AGARI ba="0,1" hai="3,6,8,9,15,17,45,49,55,56,62,66,97,99" machi="3" ten="20,7800,0" yaku="1,1,0,1,7,1,52,1,53,0" doraHai="43" doraHaiUra="135" who="3" fromWho="3" sc="394,-26,247,-26,202,-26,147,88" /><INIT seed="3,1,0,0,4,112" ten="368,221,176,235" oya="3" hai0="101,21,19,130,9,135,60,46,40,0,16,58,65" hai1="87,26,22,132,73,24,41,94,42,4,96,48,120" hai2="45,52,59,47,90,126,84,1,68,32,119,104,5" hai3="51,118,109,33,2,133,38,7,95,124,80,131,123"/><W83/><RYUUKYOKU type="yao9" ba="1,0" sc="368,0,221,0,176,0,235,0" hai3="2,7,33,38,51,80,83,95,109,118,123,124,131,133" /><INIT seed="3,2,0,1,2,119" ten="368,221,176,235" oya="3" hai0="101,89,42,133,1,69,10,15,55,83,57,79,93" hai1="76,95,86,97,126,54,53,121,24,6,26,129,3" hai2="82,123,63,71,74,124,99,34,104,125,72,70,14" hai3="135,128,28,62,8,52,46,85,31,107,58,114,111"/><W12/><G114/><T51/><D69/><N who="2" m="26122" /><F14/><W78/><G128/><T110/><D110/><U120/><E129/><V127/><F63/><W80/><G135/><T9/><D1/><U115/><E115/><V65/><F65/><W44/><G111/><T102/><D42/><U4/><E3/><V33/><F82/><W7/><G107/><T47/><D47/><AGARI ba="2,0" hai="7,8,12,28,31,44,46,47,52,58,62,78,80,85" machi="47" ten="40,3900,0" yaku="8,1,54,1" doraHai="119" who="3" fromWho="0" sc="368,-45,221,0,176,0,235,45" /><INIT seed="3,3,0,5,2,71" ten="323,221,176,280" oya="3" hai0="84,59,54,75,128,114,111,62,52,78,55,130,7" hai1="2,122,104,45,109,116,70,63,46,57,8,110,105" hai2="96,40,14,133,82,108,132,72,80,47,127,124,106" hai3="43,48,6,135,36,92,131,83,95,90,113,51,9"/><W21/><G113/><T12/><D75/><U88/><E122/><V125/><F108/><N who="1" m="41577" /><E70/><V35/><F35/><W24/><G131/><N who="0" m="50219" /><D111/><U117/><E88/><V87/><F14/><W17/><G135/><N who="2" m="51785" /><F72/><W112/><G112/><T134/><D134/><U1/><E8/><V74/><F74/><W98/><G83/><N who="2" m="31785" /><F87/><W65/><G65/><N who="0" m="39135" /><D114/><U107/><E1/><V121/><F121/><W37/><G51/><T11/><D84/><U16/><E2/><V123/><F123/><W42/><G95/><T58/><D78/><U119/><E16/><V32/><F32/><W129/><G129/><T73/><D73/><U4/><E4/><V25/><F25/><W29/><G17/><T120/><D120/><U99/><E99/><V31/><F31/><W13/><REACH who="3" step="1"/><G48/><AGARI ba="3,0" hai="7,11,12,48,52,54,55,58" m="39135,50219" machi="48" ten="30,2000,0" yaku="19,1,54,1" doraHai="71" who="0" fromWho="3" sc="323,29,221,0,176,0,280,-29" owari="352,45.2,221,-17.9,176,-32.4,251,5.1" /></mjloggm>