<mjloggm ver="2.3"><GO type="225" lobby="0"/><UN n0="%E3%81%AF%E3%82%88%E3%81%8A%E3%81%98%E3%81%95%E3%82%93" n1="%6D%75%75%6D%75%72%61" n2="%E5%84%AA%40%41%42%43" n3="%E9%81%85%E5%88%BB%E3%81%AE%E3%83%97%E3%83%AA%E3%83%B3%E3%82%B9%E2%99%AA" dan="16,16,17,16" rate="2171.32,2125.25,2217.65,2155.82" sx="M,F,M,F"/><TAIKYOKU oya="0"/><INIT seed="0,0,0,4,4,103" ten="250,250,250,250" oya="0" hai0="49,66,107,104,123,96,19,74,127,18,26,52,54" hai1="60,36,71,31,121,110,106,47,69,76,72,135,11" hai2="53,27,0,111,70,1,29,83,44,112,23,58,128" hai3="84,40,82,95,4,133,102,132,8,86,122,118,100"/><T63/><D74/><U108/><E121/><V57/><F112/><W79/><G118/><T50/><D123/><U64/><E135/><N who="3" m="51786" /><G122/><T113/><D113/><U46/><E71/><V28/><F70/><W99/><G40/><T97/><D26/><U85/><E72/><V7/><F111/><N who="1" m="42537" /><E31/><V91/><F128/><W5/><G5/><T126/><D63/><U89/><E76/><V65/><F7/><W16/><G16/><T12/><D12/><U124/><E124/><V9/><F9/><W80/><G8/><T45/><D45/><U38/><E11/><V116/><F116/><W15/><G15/><T101/><D101/><N who="3" m="39017" /><G4/><T131/><D66/><U59/><E36/><V93/><F83/><N who="3" m="31787" /><G79/><T130/><AGARI ba="0,0" hai="18,19,49,50,52,54,96,97,104,107,126,127,130,131" machi="130" ten="25,18000,2" yaku="0,1,22,2,52,2,54,1" doraHai="103" who="0" fromWho="0" sc="250,180,250,-60,250,-60,250,-60" /><INIT seed="0,1,0,5,2,76" ten="430,190,190,190" oya="0" hai0="52,10,106,122,28,98,120,72,51,32,81,123,34" hai1="19,38,5,1,45,9,88,75,40,101,22,119,110" hai2="48,87,49,54,128,84,74,100,73,59,71,18,44" hai3="114,53,6,111,92,8,83,96,135,102,17,68,24"/><T14/><D106/><U86/><E119/><V134/><F71/><W58/><G114/><T93/><D72/><U99/><E110/><V27/><F134/><W97/><G68/><T63/><D63/><U82/><E75/><V37/><F128/><W55/><G111/><T66/><D66/><U16/><REACH who="1" step="1"/><E22/><REACH who="1" ten="430,180,190,190" step="2"/><V91/><F74/><W90/><G135/><T80/><D120/><U23/><E23/><N who="2" m="13815" /><F73/><W61/><G24/><T77/><D122/><U25/><E25/><V47/><F37/><W85/><G17/><T121/><D123/><U79/><E79/><V41/><F100/><W129/><G129/><T4/><D77/><U113/><E113/><V2/><F2/><W30/><G30/><T130/><D130/><U67/><E67/><V78/><F78/><W104/><G6/><T21/><D34/><U26/><E26/><V131/><F131/><W3/><G3/><T118/><D32/><U12/><E12/><V46/><F87/><W65/><REACH who="3" step="1"/><G8/><REACH who="3" ten="430,180,190,180" step="2"/><T60/><D121/><U89/><E89/><AGARI ba="1,2" hai="53,55,58,61,65,83,85,89,90,92,96,97,102,104" machi="89" ten="30,7700,0" yaku="1,1,2,1,7,1,52,1,53,0" doraHai="76" doraHaiUra="7" who="3" fromWho="1" sc="430,0,180,-80,190,0,180,100" /><INIT seed="1,0,0,4,1,80" ten="430,100,190,280" oya="1" hai0="30,6,68,97,115,17,102,118,101,49,15,100,116" hai1="36,98,11,51,52,67,66,34,131,61,31,91,84" hai2="18,8,14,54,10,71,124,128,33,130,46,110,4" hai3="122,83,135,21,134,47,23,121,85,96,28,109,112"/><U113/><E113/><V106/><F106/><W123/><G112/><T95/><D115/><U70/><E36/><V50/><F71/><W125/><G109/><T79/><D68/><U81/><E131/><N who="2" m="50219" /><F33/><W48/><G125/><T39/><D39/><U77/><E67/><V120/><F110/><W105/><G96/><T99/><D79/><U26/><E11/><V2/><F124/><W32/><G105/><T90/><D30/><U129/><E129/><V74/><F74/><W25/><G23/><T40/><D6/><U38/><E38/><V94/><F94/><W44/><G32/><T103/><D49/><U45/><REACH who="1" step="1"/><E98/><REACH who="1" ten="430,90,190,280" step="2"/><V0/><F120/><W107/><G122/><T75/><D99/><U82/><E82/><V65/><F65/><W69/><G123/><T13/><D102/><U37/><E37/><V119/><F119/><W133/><G121/><T53/><D116/><U111/><E111/><V76/><F76/><AGARI ba="0,1" hai="26,31,34,45,51,52,61,66,70,76,77,81,84,91" machi="76" ten="40,12000,1" yaku="1,1,52,1,54,1,53,1" doraHai="80" doraHaiUra="24" who="1" fromWho="2" sc="430,0,90,130,190,-120,280,0" /><INIT seed="1,1,0,0,1,109" ten="430,220,70,280" oya="1" hai0="135,108,106,95,48,45,116,105,18,43,39,30,71" hai1="53,131,42,11,65,59,64,49,93,60,67,113,17" hai2="35,110,55,74,37,8,96,46,88,90,81,44,12" hai3="92,13,52,125,22,104,118,132,127,107,41,97,20"/><U47/><E131/><V80/><F110/><W5/><G132/><T25/><D116/><U72/><E72/><V76/><F35/><W133/><G133/><T83/><D108/><U101/><E17/><V130/><F130/><W100/><G118/><T29/><D71/><N who="1" m="42375" /><E11/><V31/><F31/><W34/><G34/><T4/><D4/><U121/><E93/><V69/><F69/><W77/><G41/><T32/><D30/><U126/><E101/><V56/><F37/><W28/><G77/><T57/><D135/><U103/><E103/><V82/><F74/><W36/><G36/><T62/><D39/><N who="1" m="21983" /><E121/><V63/><F76/><W40/><G40/><T66/><D83/><U99/><E99/><V87/><F96/><W75/><G75/><T129/><D129/><U120/><E120/><V85/><REACH who="2" step="1"/><F81/><REACH who="2" ten="430,220,60,280" step="2"/><W3/><G28/><T54/><D29/><U58/><E126/><V68/><F68/><W50/><G125/><T6/><D32/><U7/><E7/><AGARI ba="1,1" hai="7,8,12,44,46,55,56,63,80,82,85,87,88,90" machi="7" ten="30,12000,2" yaku="1,1,7,1,9,1,8,1,54,1,53,2" doraHai="109" doraHaiUra="84" who="2" fromWho="1" sc="430,0,220,-123,60,133,280,0" /><INIT seed="2,0,0,5,1,121" ten="430,97,193,280" oya="2" hai0="133,63,57,47,19,9,112,123,106,33,68,10,26" hai1="79,113,58,69,2,91,122,13,17,4,93,42,20" hai2="75,3,11,21,117,132,50,41,12,110,52,34,37" hai3="61,101,88,102,87,53,54,44,60,131,28,32,39"/><V55/><F117/><W118/><G118/><T29/><D112/><U89/><E69/><V14/><F34/><W71/><G32/><T77/><D123/><U85/><E122/><V130/><F75/><W15/><G71/><T127/><D106/><U22/><E113/><V18/><F3/><W108/><G39/><T96/><D68/><U115/><E115/><V80/><F37/><W62/><G28/><T16/><D77/><U105/><E105/><V8/><F132/><W116/><G116/><T70/><D70/><U104/><E104/><V84/><F130/><W43/><G43/><T135/><D96/><U95/><E2/><V65/><F65/><W128/><G15/><T109/><D47/><U48/><E79/><V30/><F30/><W134/><G134/><N who="0" m="51211" /><D127/><U97/><E4/><V67/><F67/><W72/><G72/><T7/><D109/><U36/><E36/><V40/><F110/><W120/><G120/><T83/><D83/><U5/><E5/><N who="2" m="3087" /><F21/><W94/><G108/><T23/><D23/><U124/><E124/><V1/><F1/><W107/><G107/><T111/><D111/><U99/><E22/><V98/><F98/><W74/><G74/><T78/><D78/><U114/><E114/><V73/><F73/><W119/><G119/><T38/><D38/><U100/><E97/><V0/><F0/><W103/><G131/><T76/><D76/><U92/><E100/><V64/><F64/><W125/><G125/><T24/><D7/><U56/><REACH who="1" step="1"/><E93/><REACH who="1" ten="430,87,193,280" step="2"/><V81/><F80/><W49/><G128/><T90/><D9/><U66/><E66/><RYUUKYOKU ba="0,1" sc="430,-15,87,15,193,-15,280,15" hai1="13,17,20,42,48,56,58,85,89,91,92,95,99" hai3="44,49,53,54,60,61,62,87,88,94,101,102,103" /><INIT seed="3,1,1,5,2,28" ten="415,102,178,295" oya="3" hai0="4,75,93,39,124,48,13,133,63,119,21,120,130" hai1="5,97,86,54,68,81,42,100,47,98,33,72,57" hai2="52,123,45,0,84,58,17,114,96,115,131,108,37" hai3="102,128,1,113,8,30,6,127,101,23,44,15,24"/><W109/><G113/><T46/><D75/><U10/><E68/><V87/><F0/><W38/><G127/><T12/><D39/><U70/><E70/><V67/><F67/><W107/><G128/><T82/><D119/><U95/><E72/><V89/><F96/><W3/><G109/><T2/><D2/><U92/><E33/><V35/><F35/><W27/><G3/><T76/><D120/><U125/><E125/><V74/><F74/><W132/><G132/><T56/><D124/><U103/><E42/><V53/><F108/><W55/><G107/><T118/><D118/><U80/><E47/><V22/><F131/><W65/><G65/><T104/><D104/><U135/><E135/><V69/><F69/><W90/><G1/><T126/><D133/><U50/><REACH who="1" step="1"/><E86/><REACH who="1" ten="415,92,178,295" step="2"/><N who="2" m="32811" /><F123/><W43/><G43/><T7/><D46/><U19/><E19/><V26/><F115/><W99/><G38/><T34/><D34/><U110/><E110/><V91/><F114/><W117/><G117/><T64/><D126/><U61/><E61/><N who="2" m="36039" /><F37/><W40/><G40/><T32/><D32/><U134/><E134/><V49/><AGARI ba="1,2" hai="17,22,26,45,49,53,89,91" m="36039,32811" machi="49" ten="30,2000,0" yaku="8,1,54,1" doraHai="28" who="2" fromWho="2" sc="415,-6,92,-6,178,43,295,-11" owari="409,50.9,86,-41.4,221,-17.9,284,8.4" /></mjloggm>