<mjloggm ver="2.3"><GO type="225" lobby="0"/><UN n0="%E6%81%A5%E6%99%92%E3%81%97" n1="%E4%BF%BA%E3%81%A8%E5%A6%96%E5%A4%A2" n2="%77%72%77%72%77%72%77%72" n3="%E6%B4%BE%E9%81%A3%E3%81%AE%E3%82%B8%E3%83%A3%E3%83%83%E3%82%AF" dan="16,17,17,17" rate="2133.80,2215.59,2227.63,2235.83" sx="M,F,M,M"/><TAIKYOKU oya="0"/><INIT seed="0,0,0,0,2,27" ten="250,250,250,250" oya="0" hai0="65,15,64,13,55,70,44,134,126,31,63,22,29" hai1="102,66,82,45,34,52,0,8,35,18,58,50,73" hai2="30,62,72,26,49,46,42,32,85,41,25,36,81" hai3="122,87,11,132,130,68,80,112,5,99,51,40,100"/><T84/><D126/><U7/><E102/><V113/><F113/><W39/><G112/><T90/><D134/><U127/><E127/><V74/><F62/><W2/><G68/><T60/><D55/><U115/><E115/><V93/><F93/><W14/><G132/><T75/><D75/><U21/><E66/><N who="0" m="25705" /><D70/><U118/><E118/><V6/><F6/><W119/><G119/><T125/><D44/><U48/><E82/><V17/><F36/><W97/><G130/><T56/><D125/><U116/><E73/><V98/><F98/><W109/><G122/><T71/><D71/><U104/><E104/><V117/><F41/><W92/><G99/><T59/><D63/><U61/><E61/><V105/><F105/><W123/><G123/><T28/><D60/><U83/><E83/><V20/><REACH who="2" step="1"/><F117/><REACH who="2" ten="250,250,240,250" step="2"/><W12/><G39/><T133/><D133/><U120/><E116/><V3/><F3/><W16/><G2/><T1/><D1/><U38/><E38/><V135/><F135/><W103/><G40/><T53/><D53/><U96/><E96/><V24/><F24/><W86/><G51/><T4/><D4/><U23/><E120/><V69/><F69/><W10/><G100/><T94/><D15/><N who="1" m="9439" /><E48/><V43/><F43/><W124/><G124/><T114/><D114/><U78/><E0/><V89/><AGARI ba="0,1" hai="17,20,25,26,30,32,42,46,49,72,74,81,85,89" machi="89" ten="20,5200,0" yaku="1,1,0,1,7,1,52,1,53,0" doraHai="27" doraHaiUra="111" who="2" fromWho="2" sc="250,-26,250,-13,240,62,250,-13" /><INIT seed="1,0,0,2,1,78" ten="224,237,302,237" oya="1" hai0="18,129,117,12,14,67,77,30,115,111,58,88,95" hai1="20,54,92,122,39,46,32,133,112,56,100,11,121" hai2="1,110,119,48,102,93,82,51,103,17,7,41,6" hai3="33,101,25,128,132,64,116,52,125,91,87,105,49"/><U61/><E112/><V22/><F119/><W29/><G116/><T28/><D115/><U71/><E32/><V57/><F110/><W94/><G125/><T118/><D111/><U35/><E35/><V43/><F1/><W89/><G132/><T126/><D129/><U3/><E133/><V13/><F82/><W16/><G128/><T37/><D37/><U131/><E131/><V38/><F38/><W34/><G34/><T63/><D126/><U70/><E20/><V40/><F93/><W84/><G64/><T76/><D117/><U83/><E92/><V130/><F130/><W27/><G105/><T9/><D118/><U107/><E100/><N who="2" m="38443" /><F57/><W75/><G75/><T60/><D60/><U15/><E107/><V106/><F106/><W120/><G101/><T50/><D50/><AGARI ba="0,0" hai="6,7,13,17,22,40,41,43,48,50,51" m="38443" machi="50" ten="30,1000,0" yaku="8,1" doraHai="78" who="2" fromWho="0" sc="224,-10,237,0,302,10,237,0" /><INIT seed="2,0,0,4,4,12" ten="214,237,312,237" oya="2" hai0="106,43,115,112,16,8,101,125,21,113,122,13,97" hai1="50,51,109,74,67,58,65,111,32,33,68,130,88" hai2="10,89,37,75,94,64,59,53,107,72,31,82,40" hai3="73,120,87,104,81,86,79,27,126,135,55,90,92"/><V39/><F107/><W110/><G120/><T54/><D125/><U7/><E68/><V22/><F64/><N who="1" m="24649" /><E74/><V105/><F105/><W95/><G110/><N who="1" m="41994" /><E130/><V6/><F31/><W11/><G104/><T34/><D122/><U25/><E7/><V20/><F20/><W63/><G135/><T128/><D128/><U83/><E25/><V62/><F22/><W91/><G126/><T78/><D78/><U49/><E58/><V57/><F57/><W3/><G27/><T47/><D34/><N who="1" m="13419" /><E83/><V133/><F82/><W4/><G63/><T35/><D35/><U46/><E88/><V0/><F133/><W76/><G76/><T19/><D54/><AGARI ba="0,0" hai="46,49,50,51,54" m="13419,41994,24649" machi="54" ten="30,1000,0" yaku="14,1" doraHai="12" who="1" fromWho="0" sc="214,-10,237,10,312,0,237,0" /><AGARI ba="0,0" hai="3,4,11,54,55,73,79,81,86,87,90,91,92,95" machi="54" ten="40,1300,0" yaku="9,1" doraHai="12" who="3" fromWho="0" sc="204,-13,247,0,312,0,237,13" /><INIT seed="3,0,0,5,3,36" ten="191,247,312,250" oya="3" hai0="135,1,17,69,101,68,133,47,88,64,0,43,93" hai1="82,71,99,67,46,60,26,41,55,11,44,127,79" hai2="102,13,109,56,62,85,18,72,106,100,33,32,116" hai3="81,34,113,52,84,74,131,22,112,20,31,97,16"/><W103/><G74/><T73/><D73/><U48/><E127/><V27/><F72/><W91/><G131/><T123/><D123/><U35/><E99/><V78/><F116/><W37/><G37/><N who="0" m="21999" /><D101/><U120/><E120/><V12/><F109/><W51/><G34/><T58/><D17/><U57/><E82/><N who="2" m="47319" /><F32/><W105/><G31/><T87/><D58/><U2/><E79/><V25/><F106/><W70/><G70/><N who="0" m="27243" /><D64/><U8/><E46/><V126/><F12/><W53/><G22/><T40/><D40/><U121/><E121/><V92/><F33/><W122/><G122/><T111/><D111/><U130/><E130/><V6/><F102/><W80/><G80/><T134/><AGARI ba="0,0" hai="0,1,87,88,93,133,134,135" m="27243,21999" machi="134" ten="40,5200,0" yaku="20,1,52,1,54,1" doraHai="36" who="0" fromWho="0" sc="191,52,247,-13,312,-13,250,-26" /><INIT seed="4,0,0,3,1,109" ten="243,234,299,224" oya="0" hai0="70,54,50,103,20,76,45,87,0,32,27,82,31" hai1="113,23,91,30,66,84,90,3,105,43,42,123,61" hai2="48,112,111,114,96,13,46,121,15,129,55,22,110" hai3="68,75,135,58,56,120,92,60,89,122,119,93,25"/><T116/><D116/><U4/><E123/><N who="3" m="47146" /><G119/><T6/><D70/><U77/><E105/><V24/><F121/><W33/><G75/><T10/><REACH who="0" step="1"/><D103/><REACH who="0" ten="233,234,299,224" step="2"/><U19/><E113/><N who="2" m="43627" /><F129/><W49/><G135/><T11/><D11/><U67/><E77/><V5/><F111/><W106/><G106/><T29/><D29/><U69/><E30/><V101/><F110/><W130/><G130/><T124/><D124/><U73/><E91/><V88/><F88/><W12/><G89/><T38/><D38/><U115/><E115/><V21/><F5/><W83/><G68/><T127/><D127/><U59/><E69/><V18/><F22/><AGARI ba="0,1" hai="0,6,10,20,22,27,31,32,45,50,54,76,82,87" machi="22" ten="40,3900,0" yaku="1,1,53,1" doraHai="109" doraHaiUra="72" who="0" fromWho="2" sc="233,49,234,0,299,-39,224,0" /><INIT seed="4,1,0,1,3,70" ten="282,234,260,224" oya="0" hai0="74,73,91,13,8,61,131,29,16,117,65,11,123" hai1="80,54,126,115,64,21,104,129,38,24,127,0,133" hai2="51,135,62,124,44,42,72,14,45,114,105,25,79" hai3="96,6,27,47,40,15,106,109,88,12,18,57,55"/><T89/><D117/><U67/><E104/><V77/><F105/><W50/><G109/><T52/><D123/><U97/><E0/><V41/><F114/><W17/><G106/><T86/><D131/><U37/><E129/><V112/><F112/><W102/><G102/><T75/><D29/><U9/><E115/><V20/><F124/><N who="1" m="47657" /><E133/><V99/><F72/><W68/><G68/><T48/><D8/><U36/><E97/><V94/><F14/><N who="3" m="5163" /><G27/><T120/><D120/><U116/><E116/><V69/><F62/><N who="3" m="36159" /><G6/><T108/><D108/><U56/><E80/><V46/><F69/><W92/><AGARI ba="1,0" hai="17,18,40,47,50,88,92,96" m="36159,5163" machi="92" ten="30,2000,0" yaku="8,1,54,1" doraHai="70" who="3" fromWho="3" sc="282,-11,234,-6,260,-6,224,23" /><INIT seed="5,0,0,0,2,81" ten="271,228,254,247" oya="1" hai0="75,104,108,28,100,45,73,61,112,17,5,102,111" hai1="27,71,25,44,95,24,42,59,43,88,2,40,4" hai2="56,120,121,96,107,38,60,37,53,23,129,72,26" hai3="64,52,113,85,94,70,89,36,10,47,15,117,51"/><U29/><E71/><V0/><F72/><W57/><G113/><T115/><D5/><U8/><E59/><V48/><F0/><W105/><G105/><T91/><D28/><U34/><REACH who="1" step="1"/><E44/><REACH who="1" ten="271,218,254,247" step="2"/><V123/><F123/><W110/><G110/><T99/><D45/><U19/><E19/><V32/><F121/><W6/><G117/><T130/><D17/><U76/><E76/><V30/><F120/><W103/><G36/><T124/><D111/><U101/><E101/><V119/><F119/><W83/><G70/><T9/><D102/><U79/><E79/><V122/><F122/><W78/><G103/><T63/><D108/><U35/><E35/><V54/><F32/><W16/><G16/><T82/><D112/><U80/><E80/><V114/><F114/><W125/><G125/><T12/><D124/><U33/><E33/><V41/><F38/><W31/><G31/><T66/><D115/><U49/><E49/><V90/><F37/><W58/><REACH who="3" step="1"/><G64/><REACH who="3" ten="271,218,254,237" step="2"/><T11/><D66/><U135/><E135/><V39/><F39/><W22/><G22/><T69/><D100/><U106/><E106/><V133/><F107/><W55/><G55/><T128/><D104/><U74/><E74/><AGARI ba="0,2" hai="6,10,15,47,51,52,57,58,74,78,83,85,89,94" machi="74" ten="30,7700,0" yaku="1,1,7,1,52,1,54,1,53,0" doraHai="81" doraHaiUra="97" who="3" fromWho="1" sc="271,0,218,-77,254,0,237,97" owari="271,7.1,141,-35.9,254,-14.6,334,43.4" /></mjloggm>