<mjloggm ver="2.3"><GO type="225" lobby="0"/><UN n0="%E3%80%90%E3%83%88%E3%83%AA%E3%83%A5%E3%83%95%E3%80%91" n1="%6D%75%75%73%61%6E%6D%75" n2="%E6%B4%BE%E9%81%A3%E3%81%AE%E3%82%B8%E3%83%A3%E3%83%83%E3%82%AF" n3="%6D%61%74%69%67%75%73%61" dan="16,16,17,17" rate="2121.36,2128.34,2191.95,2164.53" sx="M,F,M,M"/><TAIKYOKU oya="0"/><INIT seed="0,0,0,2,1,30" ten="250,250,250,250" oya="0" hai0="128,49,65,120,132,83,50,59,35,93,77,66,114" hai1="90,94,88,112,22,53,26,18,19,28,12,85,4" hai2="5,43,17,7,78,69,126,1,62,76,20,95,39" hai3="91,48,34,6,97,29,3,41,73,8,107,102,25"/><T64/><D120/><U103/><E112/><V86/><F126/><W113/><G113/><T23/><D114/><U71/><E71/><V10/><F7/><W124/><G124/><T87/><D128/><U80/><E103/><V135/><F135/><W122/><G122/><T133/><D23/><U92/><E53/><V99/><F86/><W55/><G73/><T16/><D93/><U15/><E4/><V129/><F129/><W60/><G91/><T110/><D110/><U51/><E51/><V130/><F130/><W89/><G89/><T116/><D116/><U56/><E56/><V121/><F121/><W68/><G41/><T119/><D119/><U2/><E2/><V0/><F0/><W47/><G60/><T127/><D127/><U9/><REACH who="1" step="1"/><E90/><REACH who="1" ten="250,240,250,250" step="2"/><V108/><F108/><W46/><REACH who="3" step="1"/><G68/><REACH who="3" ten="250,240,250,240" step="2"/><T45/><D133/><U27/><E27/><V11/><F69/><W131/><G131/><T105/><D132/><U96/><E96/><V72/><F99/><W57/><AGARI ba="0,2" hai="3,6,8,25,29,34,46,47,48,55,57,97,102,107" machi="57" ten="20,5200,0" yaku="1,1,0,1,7,1,52,1,53,0" doraHai="30" doraHaiUra="118" who="3" fromWho="3" sc="250,-26,240,-13,250,-13,240,72" /><INIT seed="1,0,0,4,5,62" ten="224,227,237,312" oya="1" hai0="11,19,37,77,109,91,118,10,134,114,98,117,23" hai1="82,103,89,22,101,15,6,125,27,8,4,121,39" hai2="94,40,115,76,55,87,75,112,123,81,129,135,128" hai3="42,1,74,95,43,47,71,122,52,58,100,127,110"/><U133/><E121/><V80/><F40/><W30/><G74/><T24/><D114/><N who="2" m="43562" /><F55/><W119/><G1/><T85/><D109/><U3/><E39/><V79/><F123/><W64/><G122/><T9/><D37/><U84/><E125/><V131/><F94/><W7/><G7/><N who="1" m="2602" /><E3/><V28/><F28/><W57/><G30/><T108/><D108/><U5/><E133/><AGARI ba="0,0" hai="75,76,79,80,81,87,128,129,131,133,135" m="43562" machi="133" ten="40,8000,1" yaku="19,1,11,1,34,2" doraHai="62" who="2" fromWho="1" sc="224,0,227,-80,237,80,312,0" /><INIT seed="2,0,0,1,3,66" ten="224,147,317,312" oya="2" hai0="122,62,88,24,121,75,79,9,44,103,126,14,95" hai1="51,134,33,105,67,104,73,130,110,53,111,28,81" hai2="27,29,69,87,31,114,1,78,49,74,59,92,106" hai3="50,42,116,47,11,43,20,13,38,135,112,119,91"/><V97/><F114/><W16/><G112/><T61/><D126/><U39/><E39/><V12/><F1/><W127/><G127/><T17/><D103/><U70/><E130/><V123/><F123/><W72/><G72/><T10/><D44/><U6/><E6/><V25/><F12/><W56/><G135/><T96/><D24/><U84/><E73/><V113/><F113/><W64/><G42/><T3/><D121/><U108/><E134/><V120/><F120/><W101/><G101/><T82/><REACH who="0" step="1"/><D122/><REACH who="0" ten="214,147,317,312" step="2"/><U48/><E28/><V58/><F25/><W4/><G38/><T131/><D131/><U94/><E33/><V54/><F27/><W93/><G119/><T133/><D133/><U128/><E128/><V57/><F29/><W65/><G116/><T77/><D77/><U15/><E104/><V7/><F78/><W125/><G125/><T21/><D21/><U45/><E105/><V36/><F106/><W99/><REACH who="3" step="1"/><G56/><REACH who="3" ten="214,147,317,302" step="2"/><T85/><D85/><U76/><E84/><V124/><F87/><W26/><AGARI ba="0,2" hai="4,11,13,16,20,26,43,47,50,64,65,91,93,99" machi="26" ten="20,12000,2" yaku="1,1,2,1,0,1,7,1,8,1,54,1,53,1" doraHai="66" doraHaiUra="89" who="3" fromWho="3" sc="214,-30,147,-30,317,-60,302,140" /><INIT seed="3,0,0,5,0,7" ten="184,117,257,442" oya="3" hai0="55,108,70,14,90,33,123,103,81,68,120,107,38" hai1="78,15,31,75,24,18,119,79,86,56,92,74,26" hai2="106,10,41,19,113,40,48,3,59,52,112,57,116" hai3="102,77,96,67,29,13,20,53,95,121,117,8,32"/><W46/><G117/><T27/><D108/><U122/><E122/><V73/><F73/><W89/><G121/><T12/><D38/><U99/><E119/><V98/><F98/><W61/><G32/><T97/><D55/><U16/><E75/><V65/><F106/><W71/><G77/><T45/><D45/><U42/><E74/><V49/><F3/><W100/><G29/><N who="0" m="19647" /><D70/><U72/><E72/><V131/><F19/><W125/><G20/><T135/><D135/><U115/><E115/><V83/><F83/><W28/><G125/><T80/><D14/><U44/><E56/><V39/><F116/><W114/><G28/><T126/><D126/><U94/><E18/><V0/><F0/><W47/><G114/><T133/><D133/><U128/><E128/><V109/><F131/><W1/><G1/><T87/><D12/><U54/><E54/><V105/><F105/><W69/><G71/><T60/><D80/><U43/><E94/><V118/><F109/><W130/><G102/><T110/><D110/><U111/><E111/><V21/><F118/><W22/><G96/><T64/><AGARI ba="0,0" hai="60,64,68,81,87,90,97,103,107,120,123" m="19647" machi="64" ten="30,1100,0" yaku="25,1" doraHai="7" who="0" fromWho="0" sc="184,11,117,-3,257,-3,442,-5" owari="195,-20.5,114,-38.6,254,5.4,437,53.7" /></mjloggm>