<mjloggm ver="2.3"><GO type="225" lobby="0"/><UN n0="%43%68%65" n1="%E9%81%85%E5%88%BB%E3%81%AE%E3%83%97%E3%83%AA%E3%83%B3%E3%82%B9%E2%99%AA" n2="%E3%81%9F%E3%81%A3%E3%81%A1%E3%82%87" n3="%61%67%65%48%61" dan="16,16,16,16" rate="2159.30,2155.26,2085.98,2051.18" sx="M,F,M,M"/><TAIKYOKU oya="0"/><INIT seed="0,0,0,0,0,74" ten="250,250,250,250" oya="0" hai0="90,27,15,115,16,87,93,92,48,55,135,83,47" hai1="96,123,113,70,11,81,36,2,25,95,86,0,10" hai2="71,52,28,7,17,49,40,100,112,59,23,43,107" hai3="50,9,78,76,106,18,108,126,20,1,77,8,120"/><T103/><D115/><U75/><E123/><V46/><F112/><W72/><G106/><T119/><D135/><U122/><E122/><V35/><F71/><W26/><G120/><T24/><D119/><U45/><E113/><V102/><F7/><W80/><G108/><T101/><D93/><U34/><E70/><V60/><F107/><W73/><G126/><T5/><D5/><U99/><E75/><V31/><F40/><W118/><G118/><T116/><D116/><U109/><E109/><V68/><F35/><W39/><G39/><T67/><D67/><U21/><E34/><V42/><F42/><W12/><G50/><T32/><D32/><U121/><E121/><V41/><F41/><W124/><G124/><T6/><D6/><U127/><E45/><V69/><F69/><W14/><G1/><T133/><D133/><U65/><E36/><V33/><F68/><W53/><G53/><T58/><D58/><U30/><E127/><V125/><F125/><W56/><G56/><T89/><D103/><N who="2" m="39466" /><F33/><W104/><G104/><T66/><D101/><N who="1" m="60575" /><E65/><V22/><F22/><W84/><G73/><T134/><D66/><U44/><E44/><V61/><F61/><W98/><G72/><T117/><D134/><U57/><E57/><V91/><F91/><N who="3" m="51591" /><G98/><N who="0" m="57615" /><D117/><U38/><E38/><V29/><F29/><W130/><G130/><T37/><D37/><U94/><E2/><V82/><F82/><W13/><AGARI ba="0,0" hai="8,9,12,13,14,18,20,26,76,77,78" m="51591" machi="13" ten="30,7900,0" yaku="8,1,52,3" doraHai="74" who="3" fromWho="3" sc="250,-39,250,-20,250,-20,250,79" /><INIT seed="1,0,0,0,4,123" ten="211,230,230,329" oya="1" hai0="6,89,0,17,50,126,79,61,119,62,49,120,37" hai1="15,34,108,105,28,33,38,91,20,5,8,19,75" hai2="72,133,95,11,29,109,112,67,52,114,113,81,83" hai3="130,106,86,57,7,69,93,4,94,84,107,26,87"/><U25/><E38/><V88/><F133/><W51/><G69/><T45/><D119/><U44/><E75/><V104/><F104/><W21/><G130/><T101/><D37/><U74/><E74/><V71/><F29/><N who="3" m="17615" /><G107/><T121/><D79/><U16/><E105/><V117/><F117/><W125/><G106/><T42/><D101/><U14/><E44/><V68/><F109/><W90/><G125/><T35/><D35/><N who="1" m="13323" /><E91/><V122/><F122/><N who="0" m="47210" /><D126/><U12/><E108/><V127/><F127/><W60/><G51/><T58/><D50/><U54/><E54/><V103/><F11/><W129/><G129/><T77/><D77/><U96/><E96/><N who="2" m="57447" /><F103/><W80/><G80/><N who="2" m="30793" /><F72/><W36/><G36/><T41/><D89/><U24/><E24/><V128/><F128/><W97/><G93/><T30/><D42/><U65/><E65/><AGARI ba="0,0" hai="4,7,57,60,65,84,86,87,90,94,97" m="17615" machi="65" ten="30,1000,0" yaku="8,1" doraHai="123" who="3" fromWho="1" sc="211,0,230,-10,230,0,329,10" /><INIT seed="2,0,0,4,0,99" ten="211,220,230,339" oya="2" hai0="119,44,133,122,3,112,121,134,58,27,108,66,69" hai1="67,32,120,51,10,60,61,1,46,75,85,72,38" hai2="95,12,23,62,126,24,80,34,104,116,22,128,14" hai3="114,55,91,109,15,101,79,43,20,41,110,105,102"/><V83/><F116/><W53/><G79/><T127/><D3/><U130/><E32/><V77/><F104/><W71/><G71/><T11/><D11/><U132/><E38/><V98/><F126/><W57/><G105/><T100/><D69/><U6/><E130/><V2/><F2/><W50/><G91/><T92/><D112/><U16/><E132/><N who="0" m="50793" /><D127/><U111/><E111/><N who="3" m="42506" /><G114/><T19/><D44/><U65/><E120/><V88/><F34/><W135/><G135/><T25/><D108/><U7/><E7/><V48/><F128/><W115/><G115/><T40/><D40/><N who="3" m="15433" /><G55/><T90/><D119/><U74/><E85/><N who="2" m="48271" /><F83/><W94/><G94/><T0/><D0/><U96/><E96/><V76/><F76/><W47/><G47/><T131/><D131/><U89/><E89/><V78/><F78/><W21/><G15/><N who="2" m="5673" /><F24/><W36/><G36/><T45/><D27/><U93/><E93/><V86/><F62/><W5/><G5/><T39/><D39/><U123/><E123/><V63/><F63/><W31/><G31/><T124/><D124/><U73/><E73/><V106/><F106/><W29/><G29/><T97/><D25/><U42/><E61/><V129/><F129/><W35/><G35/><T4/><D4/><U84/><E84/><V18/><F18/><W56/><G56/><T59/><D59/><N who="1" m="37023" /><E16/><V113/><F113/><W37/><G37/><T117/><D19/><U30/><E30/><V81/><F48/><W9/><G9/><T68/><D122/><U26/><E26/><V13/><N who="2" m="5681" /><V54/><DORA hai="70" /><F54/><W103/><AGARI ba="0,0" hai="20,21,50,53,57,101,102,103" m="15433,42506" machi="103" ten="40,8000,1" yaku="5,1,14,1,52,3" doraHai="99,70" who="3" fromWho="3" sc="211,-20,220,-20,230,-40,339,80" /><INIT seed="3,0,0,3,0,25" ten="191,200,190,419" oya="3" hai0="116,14,13,96,56,47,65,54,120,113,110,126,17" hai1="93,60,33,42,6,39,135,105,130,30,109,22,37" hai2="62,104,134,46,61,124,117,82,69,122,10,67,27" hai3="71,92,77,86,84,0,3,4,76,53,74,118,49"/><W83/><G53/><T8/><D116/><U31/><E105/><V128/><F117/><W11/><G86/><T100/><D120/><U48/><E33/><V52/><F104/><W72/><G49/><N who="0" m="28991" /><D110/><U50/><E6/><V80/><F122/><W29/><G84/><T129/><D126/><U51/><E109/><V101/><F124/><W108/><G11/><N who="0" m="6335" /><D129/><U36/><E130/><V41/><F128/><W21/><G83/><N who="2" m="31785" /><F134/><W66/><G21/><T79/><D113/><U97/><E135/><V75/><F75/><W114/><G92/><N who="0" m="58375" /><D79/><U35/><E35/><V43/><F69/><W12/><G76/><T57/><D65/><U132/><E132/><V111/><F111/><W9/><G77/><T34/><D34/><U26/><E37/><V123/><F123/><W106/><G66/><T87/><D87/><U78/><E78/><V19/><F101/><W115/><G74/><T73/><D73/><U28/><E39/><V94/><F67/><W20/><G72/><T121/><D121/><U18/><E36/><V119/><F119/><W68/><G108/><T5/><AGARI ba="0,0" hai="5,8,14,56,57" m="58375,6335,28991" machi="5" ten="30,1100,0" yaku="8,1" doraHai="25" who="0" fromWho="0" sc="191,11,200,-3,190,-3,419,-5" owari="202,0.2,197,-20.3,187,-31.3,414,51.4" /></mjloggm>