<mjloggm ver="2.3"><GO type="225" lobby="0"/><UN n0="%33%74%72%65%65" n1="%E3%83%B4%E3%83%A0%EF%BC%99%E3%81%A6" n2="%73%75%7A%75%6D%65%33" n3="%E6%A1%9C%E8%8A%B1%E9%96%83%E3%80%85" dan="17,17,17,18" rate="2110.69,2200.55,2195.35,2292.12" sx="F,M,M,M"/><TAIKYOKU oya="0"/><INIT seed="0,0,0,1,1,78" ten="250,250,250,250" oya="0" hai0="30,114,117,134,57,1,3,135,8,116,39,48,4" hai1="7,100,85,76,41,44,102,55,50,80,94,115,21" hai2="0,53,26,120,90,84,54,34,25,131,110,70,129" hai3="112,73,82,46,133,123,86,106,92,52,59,119,91"/><T111/><D39/><U118/><E118/><N who="0" m="45673" /><D48/><U60/><E115/><V24/><F120/><W122/><G133/><N who="0" m="50699" /><D57/><U75/><E7/><V18/><F110/><W97/><G119/><T66/><D66/><U11/><E11/><V43/><F70/><W13/><G112/><T62/><D62/><U14/><E75/><V42/><F0/><N who="0" m="74" /><D114/><U33/><E94/><V68/><F68/><W5/><G46/><T2/><D30/><U27/><E60/><V101/><F101/><W9/><G106/><T56/><D56/><U121/><E55/><V71/><F71/><W45/><G45/><T127/><D111/><U38/><E38/><V16/><F54/><W77/><REACH who="3" step="1"/><G97/><REACH who="3" ten="250,250,250,240" step="2"/><T22/><D22/><U88/><E21/><V72/><F43/><W40/><G40/><T81/><D81/><U113/><E80/><V51/><F42/><W49/><AGARI ba="0,1" hai="5,9,13,49,52,59,73,77,82,86,91,92,122,123" machi="49" ten="30,8000,1" yaku="1,1,0,1,52,1,54,1,53,1" doraHai="78" doraHaiUra="10" who="3" fromWho="3" sc="250,-40,250,-20,250,-20,240,90" /><INIT seed="1,0,0,4,5,89" ten="210,230,230,330" oya="1" hai0="133,125,93,25,127,122,131,95,11,88,80,4,42" hai1="34,114,56,3,86,53,135,36,5,59,128,91,12" hai2="50,24,132,115,2,48,129,99,45,130,60,107,7" hai3="16,116,118,83,90,15,29,41,78,100,109,39,58"/><U104/><E114/><V75/><F75/><W20/><G109/><T17/><D133/><U1/><E135/><V68/><F132/><W108/><G108/><T66/><D131/><N who="2" m="50186" /><F115/><W117/><G100/><T44/><D122/><U18/><E128/><V119/><F119/><W82/><G58/><T134/><D134/><U51/><E36/><V64/><F24/><N who="3" m="16519" /><G78/><T73/><D66/><U8/><E104/><V40/><F107/><W6/><G6/><T94/><D17/><U35/><E56/><V22/><F22/><N who="3" m="11551" /><G90/><T54/><D25/><U106/><E106/><V63/><F7/><W67/><G67/><T98/><D54/><U47/><E59/><V33/><F33/><W38/><G38/><N who="0" m="21591" /><D127/><U55/><E55/><V21/><F21/><W87/><G87/><T46/><D46/><AGARI ba="0,0" hai="39,41,46,82,83,116,117,118" m="11551,16519" machi="46" ten="30,2000,0" yaku="12,1,54,1" doraHai="89" who="3" fromWho="0" sc="210,-20,230,0,230,0,330,20" /><INIT seed="2,0,0,1,3,50" ten="190,230,230,350" oya="2" hai0="88,68,39,117,0,52,11,112,116,85,49,113,135" hai1="98,28,61,63,47,128,19,70,131,132,130,53,33" hai2="97,77,55,104,118,57,99,100,12,22,34,108,56" hai3="35,80,127,51,119,10,8,9,81,91,84,5,92"/><V7/><F118/><N who="0" m="45674" /><D68/><U79/><E132/><V15/><F34/><W42/><G119/><T133/><D39/><U124/><E124/><V58/><F108/><W1/><G35/><T6/><D133/><U82/><E19/><N who="2" m="10599" /><F104/><W43/><G127/><T45/><D135/><U114/><E114/><V4/><F77/><W69/><G69/><T66/><D66/><U31/><E98/><N who="2" m="37387" /><F100/><W2/><G2/><T110/><D110/><U102/><E102/><V48/><F15/><W101/><G101/><T62/><D62/><N who="1" m="23563" /><E33/><V129/><F129/><W120/><G120/><T60/><D60/><U106/><E106/><V111/><F111/><W24/><G24/><T32/><D32/><U86/><E70/><V13/><F13/><W23/><G1/><T109/><D109/><U20/><E20/><V46/><AGARI ba="0,0" hai="4,7,46,48,55,56,57,58" m="37387,10599" machi="46" ten="30,3000,0" yaku="8,1,52,1" doraHai="50" who="2" fromWho="2" sc="190,-10,230,-10,230,30,350,-10" /><INIT seed="2,1,0,1,5,92" ten="180,220,260,340" oya="2" hai0="15,61,96,91,18,26,132,28,100,131,3,102,123" hai1="17,65,25,14,60,47,12,94,64,16,32,48,89" hai2="27,41,37,76,39,120,135,5,82,24,34,104,106" hai3="68,117,103,23,80,99,70,71,90,133,8,115,78"/><V134/><F120/><W112/><G117/><T116/><D123/><U72/><E72/><N who="2" m="43271" /><F5/><W38/><G133/><N who="2" m="50697" /><F24/><W77/><G38/><N who="2" m="14345" /><F41/><W11/><G112/><T86/><D132/><U58/><E64/><V119/><F119/><W118/><G115/><T84/><D116/><U40/><E32/><V128/><F128/><W74/><G118/><T55/><D26/><U83/><E83/><V110/><F110/><W113/><G80/><T13/><D131/><U43/><E43/><V21/><F34/><W44/><G113/><T10/><D3/><U111/><E111/><V7/><F7/><W45/><G74/><T66/><D15/><N who="1" m="5675" /><E25/><V95/><F95/><W52/><G77/><T0/><D0/><U126/><E126/><V33/><F33/><W4/><G78/><T59/><D28/><AGARI ba="1,0" hai="21,27,28,104,106" m="14345,50697,43271" machi="28" ten="30,1500,0" yaku="20,1" doraHai="92" who="2" fromWho="0" sc="180,-18,220,0,260,18,340,0" /><INIT seed="2,2,0,1,5,101" ten="162,220,278,340" oya="2" hai0="30,66,56,45,102,89,29,65,71,118,24,122,127" hai1="13,106,46,75,8,112,33,125,61,128,4,34,81" hai2="62,49,126,27,14,3,12,73,85,55,130,9,103" hai3="38,77,35,59,116,10,110,28,83,32,133,135,111"/><V84/><F73/><N who="3" m="43439" /><G116/><T132/><D122/><U37/><E112/><V18/><F130/><W113/><G113/><T123/><D123/><U108/><E128/><V109/><F126/><W119/><G119/><T105/><D118/><U129/><E129/><V21/><F3/><W43/><G59/><T2/><D127/><U1/><E125/><V98/><F109/><N who="3" m="41483" /><G10/><T79/><D79/><N who="1" m="44287" /><E13/><V120/><F62/><W44/><G28/><T96/><D2/><U67/><E108/><V25/><F14/><W53/><G53/><T68/><D68/><N who="1" m="42095" /><E106/><V51/><F51/><W86/><G86/><T48/><D71/><U7/><E4/><V114/><F114/><W94/><G94/><T76/><D56/><U131/><E131/><V47/><F120/><W69/><G69/><T15/><D105/><U124/><E124/><V87/><REACH who="2" step="1"/><F21/><REACH who="2" ten="162,220,268,340" step="2"/><W0/><G0/><T16/><D48/><U78/><E78/><V52/><F52/><W54/><G54/><T80/><D15/><U97/><E1/><V93/><AGARI ba="2,1" hai="9,12,18,25,27,47,49,55,84,85,87,93,98,103" machi="93" ten="30,6000,0" yaku="1,1,0,1,8,1,53,0" doraHai="101" doraHaiUra="57" who="2" fromWho="2" sc="162,-22,220,-22,268,76,340,-22" /><INIT seed="2,3,0,1,5,80" ten="140,198,344,318" oya="2" hai0="45,2,43,30,71,110,97,60,66,131,33,58,99" hai1="108,133,135,78,44,85,49,38,32,118,37,4,5" hai2="121,7,122,47,96,93,36,81,34,27,65,87,114" hai3="103,11,120,21,91,22,75,83,62,9,24,123,100"/><V126/><F114/><W84/><G75/><T89/><D110/><U102/><E118/><V109/><F109/><W90/><G62/><T48/><D131/><U10/><E32/><V16/><F126/><W101/><G120/><T116/><D116/><U14/><E4/><V130/><F130/><W107/><G123/><T106/><D2/><U53/><E102/><V105/><F105/><W18/><G107/><T20/><D20/><U125/><E125/><V35/><F7/><W70/><G70/><T17/><D17/><U61/><E61/><V50/><F36/><W82/><G22/><T127/><D127/><U39/><E108/><V95/><F65/><W98/><G98/><T56/><D97/><U86/><E78/><V29/><F35/><W113/><G113/><T25/><REACH who="0" step="1"/><D89/><REACH who="0" ten="130,198,344,318" step="2"/><U92/><REACH who="1" step="1"/><E92/><REACH who="1" ten="130,188,344,318" step="2"/><V117/><F95/><W68/><G91/><T63/><D63/><U6/><E6/><V88/><F117/><W77/><G90/><T104/><D104/><U72/><E72/><V26/><F122/><W54/><G77/><T124/><D124/><U19/><E19/><V57/><F121/><W23/><G18/><T52/><D52/><U64/><E64/><V115/><F115/><W128/><G54/><T119/><D119/><U69/><E69/><V132/><F16/><W12/><G68/><T0/><D0/><U51/><E51/><V55/><F88/><W129/><G129/><T74/><D74/><U79/><E79/><V1/><F93/><W67/><G128/><T15/><D15/><U73/><E73/><V41/><F50/><W112/><G12/><RYUUKYOKU ba="3,2" sc="130,15,188,15,344,-15,318,-15" hai0="25,30,33,43,45,48,56,58,60,66,71,99,106" hai1="5,10,14,37,38,39,44,49,53,85,86,133,135" /><INIT seed="3,4,2,1,5,5" ten="145,203,329,303" oya="3" hai0="26,19,25,80,42,24,133,96,91,102,106,79,134" hai1="57,78,119,55,43,53,129,123,128,101,93,95,114" hai2="2,54,32,47,44,124,92,110,87,76,84,125,64" hai3="41,113,18,49,22,83,13,130,60,115,85,81,126"/><W9/><G126/><N who="2" m="48745" /><F110/><W37/><G37/><T27/><N who="0" m="6144" /><DORA hai="89" /><T28/><D28/><U14/><E114/><V51/><F32/><W103/><G130/><N who="1" m="50282" /><E123/><V6/><F64/><W118/><G118/><T30/><D30/><U45/><E119/><V122/><F122/><W112/><G103/><T66/><D66/><U70/><E70/><V3/><F76/><W75/><G75/><T11/><D42/><U34/><E34/><V104/><F104/><W94/><G60/><T62/><D62/><N who="1" m="36143" /><E101/><V98/><F47/><N who="3" m="25839" /><G115/><T59/><D59/><U131/><N who="1" m="50290" /><U120/><DORA hai="111" /><E120/><V56/><F56/><W88/><G113/><T29/><D29/><U117/><E117/><V71/><F71/><W38/><G38/><T68/><D68/><U7/><E78/><V1/><F6/><N who="3" m="3255" /><G112/><T33/><D33/><U15/><E55/><V58/><F58/><W10/><G22/><T39/><D39/><N who="1" m="21759" /><E14/><AGARI ba="4,2" hai="10,14,18,81,83,85,88,94" m="3255,25839" machi="14" ten="30,12000,1" yaku="8,1,52,3,54,1" doraHai="5,89,111" who="3" fromWho="1" sc="145,0,203,-132,329,0,303,152" owari="145,-25.5,71,-42.9,329,12.9,455,55.5" /></mjloggm>