<mjloggm ver="2.3"><GO type="225" lobby="0"/><UN n0="%E3%81%BF%E3%81%BF%E3%81%9A" n1="%E4%BF%BA%E3%81%A8%E5%A6%96%E5%A4%A2" n2="%E3%81%8B%E3%82%8F%E3%81%A1%E3%82%83%E3%82%93%35%38" n3="%33%74%72%65%65" dan="18,17,17,16" rate="2258.12,2164.27,2221.86,2196.89" sx="M,F,M,F"/><TAIKYOKU oya="0"/><INIT seed="0,0,0,1,1,49" ten="250,250,250,250" oya="0" hai0="81,57,48,61,133,1,83,105,126,129,106,26,50" hai1="75,68,98,123,72,116,20,35,92,31,63,118,11" hai2="9,94,120,37,3,108,85,55,107,109,18,21,0" hai3="53,124,80,16,54,115,62,102,30,29,97,71,78"/><T41/><D1/><U114/><E123/><V46/><F107/><W113/><G113/><T91/><D126/><U125/><E35/><V101/><F120/><W103/><G115/><T117/><D117/><U88/><E114/><V13/><F21/><W43/><G124/><T25/><D129/><U34/><E34/><V28/><F28/><N who="3" m="10859" /><G71/><T5/><D5/><U23/><E125/><V122/><F122/><W6/><G6/><T19/><D133/><U38/><E38/><V128/><F128/><W95/><G43/><T112/><D112/><U90/><E11/><V27/><F27/><W58/><G103/><T33/><D33/><U134/><E134/><V100/><F37/><W65/><G78/><T15/><D106/><U89/><E116/><V87/><F100/><W24/><G80/><N who="0" m="30795" /><D91/><U56/><E68/><V47/><F0/><W84/><G84/><N who="2" m="32329" /><F3/><W127/><G127/><T79/><D105/><U39/><E39/><V77/><F77/><W14/><G24/><N who="0" m="9323" /><D41/><U36/><E36/><V130/><F130/><W74/><G74/><T22/><D79/><U59/><E118/><V82/><F82/><W44/><G44/><N who="2" m="16937" /><F101/><W12/><G12/><T10/><D22/><AGARI ba="0,0" hai="14,16,22,53,54,58,62,65,95,97,102" m="10859" machi="22" ten="30,7700,0" yaku="8,1,52,2,54,1" doraHai="49" who="3" fromWho="0" sc="250,-77,250,0,250,0,250,77" /><INIT seed="1,0,0,5,5,60" ten="173,250,250,327" oya="1" hai0="61,73,111,49,130,33,75,91,10,29,80,104,32" hai1="45,76,57,98,66,93,96,71,6,5,124,7,89" hai2="24,42,126,4,68,54,90,52,127,92,121,34,20" hai3="36,114,100,13,48,106,95,23,30,123,135,41,78"/><U47/><E71/><V21/><F121/><W109/><G114/><T9/><D104/><U113/><E113/><V28/><F42/><W55/><G109/><T122/><D111/><U128/><E128/><V110/><F4/><W119/><G135/><T37/><D37/><U94/><E76/><V72/><F72/><W14/><G106/><T39/><D39/><U79/><E79/><V31/><F68/><W19/><G123/><T8/><D122/><U65/><E124/><N who="2" m="47659" /><F110/><W120/><G36/><T22/><D130/><U15/><E15/><V116/><F116/><W2/><G2/><T16/><D49/><U43/><E57/><V85/><F28/><W17/><G30/><T97/><D29/><U3/><E3/><V132/><F132/><W102/><G41/><T117/><D117/><U125/><E125/><V62/><F62/><W12/><G78/><T82/><D61/><U70/><E70/><V118/><F118/><W108/><G108/><T105/><D105/><U38/><REACH who="1" step="1"/><E45/><REACH who="1" ten="173,240,250,327" step="2"/><V0/><F0/><W27/><G119/><T1/><D1/><U86/><E86/><V44/><F44/><W84/><G120/><T99/><D75/><U63/><E63/><V59/><F59/><W58/><G84/><T40/><D73/><U115/><E115/><V133/><F133/><W35/><G58/><T51/><D99/><U103/><AGARI ba="0,1" hai="5,6,7,38,43,47,65,66,89,93,94,96,98,103" machi="103" ten="30,11700,0" yaku="1,1,0,1,52,2,53,0" doraHai="60" doraHaiUra="74" who="1" fromWho="1" sc="173,-39,240,127,250,-39,327,-39" /><INIT seed="1,1,0,1,4,103" ten="134,367,211,288" oya="1" hai0="56,54,104,94,29,128,66,81,15,71,51,60,33" hai1="59,121,116,25,20,36,135,96,30,32,80,100,113" hai2="52,133,125,124,14,50,23,41,117,37,98,39,70" hai3="9,118,7,91,130,109,97,68,131,84,76,72,122"/><U106/><E113/><V1/><F1/><W89/><G68/><T132/><D128/><N who="3" m="49193" /><G122/><T99/><D132/><U90/><E116/><V82/><F82/><N who="3" m="45319" /><G118/><T5/><D81/><U74/><E121/><V79/><F14/><W87/><G109/><T28/><D33/><U47/><E135/><V111/><F23/><W2/><G89/><T64/><D64/><U83/><E74/><V13/><F13/><W75/><G75/><T12/><D12/><U8/><E90/><V24/><F24/><W95/><AGARI ba="1,0" hai="2,7,9,84,87,91,95,97" m="45319,49193" machi="95" ten="30,1100,0" yaku="19,1" doraHai="103" who="3" fromWho="3" sc="134,-4,367,-6,211,-4,288,14" /><INIT seed="2,0,0,5,3,116" ten="130,361,207,302" oya="2" hai0="119,72,18,84,89,20,106,13,34,98,52,134,82" hai1="121,64,104,110,45,83,48,126,77,49,42,120,16" hai2="99,127,118,30,61,75,94,51,109,4,2,57,37" hai3="70,85,78,69,32,31,0,123,73,96,63,24,3"/><V41/><F118/><W36/><G85/><T22/><D119/><U91/><E104/><V100/><F75/><W87/><G87/><T133/><D34/><U102/><E102/><V40/><F37/><W58/><G58/><T122/><D72/><U86/><E110/><V80/><F127/><W132/><G132/><T53/><D22/><U65/><E126/><V131/><F131/><W62/><G96/><T39/><D39/><U26/><E48/><V54/><F109/><W88/><G88/><T108/><D108/><U125/><E125/><V124/><F124/><W112/><G112/><T47/><D122/><N who="1" m="47211" /><E77/><V93/><F30/><W111/><G111/><T90/><D47/><U25/><E16/><V107/><F107/><W38/><G123/><T68/><D68/><U103/><E103/><V114/><F114/><W105/><G105/><T5/><D5/><U1/><E1/><V6/><F2/><W21/><G0/><T44/><D44/><U46/><E46/><N who="2" m="28023" /><F4/><W76/><G3/><T56/><D106/><U95/><E83/><V43/><F80/><W9/><G76/><T59/><D90/><U14/><E14/><V113/><F6/><W19/><G78/><T129/><D129/><U67/><AGARI ba="0,0" hai="25,26,42,45,49,64,65,67,86,91,95" m="47211" machi="67" ten="30,7900,0" yaku="13,1,52,3" doraHai="116" who="1" fromWho="1" sc="130,-20,361,79,207,-39,302,-20" /><INIT seed="3,0,0,5,1,70" ten="110,440,168,282" oya="3" hai0="110,48,95,36,34,8,82,80,109,29,88,96,58" hai1="94,93,12,121,105,65,69,124,49,3,128,45,90" hai2="99,47,120,104,37,20,56,89,81,22,11,101,5" hai3="16,31,51,61,91,33,19,32,54,130,62,84,18"/><W112/><G130/><T1/><D34/><U43/><E121/><V7/><F7/><W66/><G112/><T53/><D29/><U118/><E105/><V28/><F28/><W97/><G97/><T114/><D114/><U107/><E107/><V42/><F120/><W17/><N who="3" m="4096" /><DORA hai="108" /><W119/><G119/><T30/><D30/><U92/><E3/><V24/><F24/><W72/><G72/><T77/><D36/><U50/><E128/><V4/><F4/><W122/><G122/><T6/><REACH who="0" step="1"/><D82/><REACH who="0" ten="100,440,168,282" step="2"/><U2/><E118/><V41/><F81/><W129/><G32/><T25/><D25/><U52/><E124/><V67/><F37/><W131/><G33/><T73/><AGARI ba="0,1" hai="1,6,8,48,53,58,73,77,80,88,95,96,109,110" machi="73" ten="30,7900,0" yaku="1,1,0,1,54,1,53,1" doraHai="70,108" doraHaiUra="46,26" who="0" fromWho="0" sc="100,89,440,-20,168,-20,282,-39" owari="189,-21.1,420,52.0,148,-35.2,243,4.3" /></mjloggm>