<mjloggm ver="2.3"><GO type="225" lobby="0"/><UN n0="%72%69%6F%75%63%68%61%6E" n1="%E4%BF%BA%E3%81%A8%E5%A6%96%E5%A4%A2" n2="%E7%89%B9%E6%9D%B1%E3%81%AF%E4%B8%96%E7%95%8C%E3%82%92%E6%95%91%E3%81%86" n3="%E3%82%A2%E3%83%A1%E3%82%A2%E3%83%A9%E3%83%AC" dan="17,17,16,16" rate="2261.77,2200.67,2066.41,2051.94" sx="M,F,M,M"/><TAIKYOKU oya="0"/><INIT seed="0,0,0,5,4,91" ten="250,250,250,250" oya="0" hai0="71,56,70,90,76,107,12,113,42,126,2,79,13" hai1="105,123,68,59,63,77,130,95,78,80,114,81,19" hai2="51,98,99,18,112,24,116,53,120,93,64,46,125" hai3="88,17,119,5,124,111,108,43,11,86,58,104,6"/><T47/><D113/><U55/><E123/><V44/><F120/><W54/><G119/><T74/><D2/><U23/><E105/><V1/><F112/><W40/><G104/><T26/><D126/><U35/><E35/><V3/><F125/><W106/><G106/><T109/><D107/><U87/><E114/><V103/><F116/><W60/><G124/><T4/><D109/><N who="3" m="42057" /><G17/><T100/><D100/><U7/><E68/><V110/><F110/><W36/><G36/><T117/><D117/><U38/><E38/><V39/><F64/><W34/><G34/><T30/><D71/><U66/><E130/><V134/><F99/><W29/><G29/><T133/><D70/><U0/><E0/><V31/><F18/><W28/><G28/><T50/><D133/><U9/><E9/><V25/><F25/><W49/><G60/><T33/><D74/><U128/><E7/><N who="3" m="2570" /><G11/><T10/><D13/><U127/><E128/><V32/><REACH who="2" step="1"/><F134/><REACH who="2" ten="250,250,240,250" step="2"/><W97/><G97/><T8/><D8/><U132/><E132/><V72/><F72/><W83/><AGARI ba="0,1" hai="40,43,49,54,58,83,86,88" m="2570,42057" machi="83" ten="30,2000,0" yaku="14,1,54,1" doraHai="91" who="3" fromWho="3" sc="250,-10,250,-5,240,-5,250,30" /><INIT seed="1,0,0,1,3,58" ten="240,245,235,280" oya="1" hai0="122,16,20,89,134,62,40,71,49,44,46,124,45" hai1="22,86,98,92,76,91,18,81,42,66,54,103,60" hai2="130,120,69,132,5,9,55,79,90,104,59,75,95" hai3="106,21,85,83,93,3,43,112,53,96,105,17,116"/><U4/><E42/><V127/><F120/><W133/><G112/><T0/><D0/><U82/><E4/><V128/><F69/><W36/><G3/><T33/><D33/><U10/><E54/><V125/><F104/><W114/><G114/><T29/><D29/><U48/><E48/><V26/><F26/><W1/><G1/><T87/><D122/><U135/><E10/><V11/><F79/><W129/><G129/><N who="2" m="49769" /><F75/><W99/><G99/><T63/><D124/><N who="2" m="47690" /><F5/><W64/><G106/><T65/><D134/><U13/><E135/><V77/><F77/><W8/><G133/><T34/><D34/><U97/><E81/><V27/><F27/><W110/><G105/><T7/><D7/><U68/><REACH who="1" step="1"/><E103/><REACH who="1" ten="240,235,235,280" step="2"/><V61/><F132/><W118/><G83/><T94/><REACH who="0" step="1"/><D63/><REACH who="0" ten="230,235,235,280" step="2"/><U24/><E24/><AGARI ba="0,2" hai="16,20,24,40,44,45,46,49,62,65,71,87,89,94" machi="24" ten="30,8000,1" yaku="1,1,2,1,7,1,52,1,54,1,53,0" doraHai="58" doraHaiUra="111" who="0" fromWho="1" sc="230,100,235,-80,235,0,280,0" /><INIT seed="2,0,0,1,2,47" ten="330,155,235,280" oya="2" hai0="33,76,77,23,27,69,72,58,15,112,94,66,24" hai1="103,115,92,41,16,52,10,98,89,67,26,57,14" hai2="97,84,1,91,124,80,68,25,36,90,61,104,108" hai3="93,2,87,3,131,78,59,99,116,9,31,43,7"/><V120/><F120/><W18/><G116/><T70/><D112/><U19/><E115/><V130/><F36/><W128/><G31/><T119/><D119/><U134/><E134/><V39/><F39/><W118/><G118/><T82/><D77/><U111/><E111/><V11/><F108/><W123/><G123/><T30/><D15/><U60/><E41/><V121/><F121/><W95/><G18/><T81/><D82/><U12/><E26/><V45/><F130/><N who="3" m="49707" /><G43/><T106/><D106/><U42/><E42/><V65/><F124/><W44/><G44/><T125/><D125/><U49/><E103/><V5/><F45/><W40/><G40/><T35/><D94/><U135/><E135/><V133/><F133/><W88/><G59/><T54/><D66/><U114/><E114/><V71/><F25/><W64/><G64/><T37/><D37/><U102/><E102/><V110/><F110/><W4/><G78/><T34/><REACH who="0" step="1"/><D27/><REACH who="0" ten="320,155,235,280" step="2"/><U21/><REACH who="1" step="1"/><E67/><REACH who="1" ten="320,145,235,280" step="2"/><V113/><F113/><W56/><G2/><T6/><D6/><U86/><E86/><V0/><F0/><W101/><G4/><T85/><D85/><U22/><E22/><V96/><F96/><W8/><G7/><T79/><D79/><U117/><E117/><V122/><F122/><W127/><G3/><T20/><D20/><U48/><AGARI ba="0,2" hai="10,12,14,16,19,21,48,49,52,57,60,89,92,98" machi="48" ten="30,12000,2" yaku="1,1,0,1,8,1,52,2,54,2,53,0" doraHai="47" doraHaiUra="132" who="1" fromWho="1" sc="320,-30,145,140,235,-60,280,-30" /><INIT seed="3,0,0,5,5,14" ten="290,285,175,250" oya="3" hai0="133,40,111,126,21,48,16,10,17,120,106,37,121" hai1="58,11,96,67,12,46,3,30,132,64,78,25,2" hai2="50,32,31,131,88,22,87,108,102,90,60,112,56" hai3="5,115,82,63,51,110,134,98,52,35,92,54,66"/><W129/><G115/><T71/><D37/><U8/><E78/><V36/><F131/><W59/><G134/><T103/><D71/><U34/><E132/><V0/><F108/><W75/><G35/><T45/><D133/><U86/><E86/><V105/><F36/><W65/><G129/><T77/><D111/><U81/><E81/><V13/><F0/><W97/><G110/><T101/><D126/><U116/><E116/><V62/><F112/><W53/><G5/><T117/><D117/><U9/><E46/><V38/><F38/><W123/><G123/><T42/><D77/><U1/><E96/><N who="3" m="36970" /><G75/><T44/><D106/><U95/><E95/><V118/><F118/><W80/><G92/><T33/><D33/><U4/><E67/><N who="3" m="25610" /><G54/><T19/><D10/><U114/><E114/><V55/><F105/><W76/><G76/><T49/><D21/><U107/><E107/><V79/><F79/><W122/><G122/><AGARI ba="0,0" hai="16,17,19,40,42,44,45,48,49,101,103,120,121,122" machi="122" ten="40,8000,1" yaku="9,1,52,3,54,1" doraHai="14" who="0" fromWho="3" sc="290,80,285,0,175,0,250,-80" owari="370,47.0,285,8.5,175,-22.5,170,-33.0" /></mjloggm>