<mjloggm ver="2.3"><GO type="225" lobby="0"/><UN n0="%E9%80%9F%E6%B0%B4%E5%87%9B%E9%A6%99" n1="%E3%81%9F%E3%81%93%E2%98%86%E7%84%BC%E3%81%8D" n2="%E5%B8%86%E7%AB%8B%E5%A4%8F%E8%A1%A3" n3="%E3%81%8F%E3%81%BE%E3%81%96%E3%82%8F" dan="16,16,17,16" rate="2144.00,2107.94,2162.95,2049.23" sx="F,M,M,M"/><TAIKYOKU oya="0"/><INIT seed="0,0,0,5,3,109" ten="250,250,250,250" oya="0" hai0="62,134,108,5,76,3,77,37,84,22,39,20,78" hai1="30,102,75,74,113,41,72,123,82,114,51,71,81" hai2="35,132,28,14,36,117,105,111,26,121,98,24,96" hai3="90,16,45,53,25,91,50,70,87,6,31,99,86"/><T135/><D108/><U128/><E71/><V57/><F111/><W119/><G119/><T48/><D48/><U43/><E30/><V125/><F121/><W29/><G70/><T130/><D84/><U40/><E123/><V32/><F36/><N who="0" m="13898" /><D62/><U73/><N who="1" m="18432" /><DORA hai="11" /><U2/><E2/><V17/><F117/><W44/><G6/><T127/><D5/><U92/><E51/><V100/><F26/><W7/><G7/><T129/><D3/><U60/><E60/><V93/><F35/><W58/><G99/><T133/><D127/><U34/><E128/><AGARI ba="0,0" hai="20,22,76,77,78,128,129,130,133,134,135" m="13898" machi="128" ten="40,12000,1" yaku="28,2,19,1,20,1" doraHai="109,11" who="0" fromWho="1" sc="250,120,250,-120,250,0,250,0" /><INIT seed="0,1,0,0,0,6" ten="370,130,250,250" oya="0" hai0="27,39,51,44,14,120,101,11,85,67,75,30,28" hai1="13,68,65,3,5,45,38,12,103,78,2,50,82" hai2="116,19,46,17,41,130,55,70,114,121,99,125,115" hai3="105,112,42,62,92,97,100,87,4,22,108,71,73"/><T98/><D75/><U94/><E38/><V123/><F70/><W37/><G112/><T91/><D120/><U77/><E65/><V133/><F55/><W53/><G108/><T72/><D39/><U79/><E68/><V40/><F99/><W57/><G73/><T93/><D72/><U88/><E103/><V81/><F133/><W124/><G124/><T25/><D67/><U127/><E82/><V104/><F130/><W107/><G4/><T83/><D28/><U106/><E106/><V15/><F104/><W111/><G111/><T126/><D30/><U113/><E127/><V32/><F125/><W69/><G37/><T10/><D126/><U59/><E59/><V8/><F116/><W34/><G34/><T118/><D118/><U117/><E113/><V80/><F32/><W61/><G42/><T35/><D35/><U52/><E117/><V128/><F15/><W43/><G43/><N who="0" m="24991" /><D14/><U1/><REACH who="1" step="1"/><E5/><REACH who="1" ten="370,120,250,250" step="2"/><V76/><F128/><W74/><G107/><T90/><D101/><U58/><E58/><V16/><F114/><W64/><G69/><T86/><D98/><AGARI ba="1,1" hai="1,2,3,12,13,45,50,52,77,78,79,88,94,98" machi="98" ten="50,6400,0" yaku="1,1,54,2,53,0" doraHai="6" doraHaiUra="18" who="1" fromWho="0" sc="370,-67,120,77,250,0,250,0" /><INIT seed="1,0,0,3,2,85" ten="303,197,250,250" oya="1" hai0="8,107,27,94,19,122,21,106,86,120,126,15,123" hai1="41,56,121,100,57,131,130,38,64,104,103,28,26" hai2="88,111,78,11,20,113,29,36,31,127,128,133,42" hai3="9,63,79,34,67,112,22,68,5,53,66,124,7"/><U23/><E121/><V71/><F71/><W58/><G112/><T17/><REACH who="0" step="1"/><D126/><REACH who="0" ten="293,197,250,250" step="2"/><U96/><E103/><V30/><F127/><W3/><G124/><T105/><D105/><U102/><E100/><V0/><F31/><W32/><G32/><T51/><D51/><U132/><E132/><V125/><F30/><W115/><G34/><T14/><D14/><U72/><E72/><V1/><F29/><W129/><G115/><T98/><D98/><U81/><E81/><V134/><F113/><W97/><G97/><T45/><D45/><N who="1" m="23735" /><E64/><V46/><F125/><W59/><G67/><T80/><D80/><U95/><E104/><V43/><F133/><W118/><G66/><T40/><D40/><U99/><E99/><V65/><F43/><W18/><G3/><T13/><D13/><U114/><E114/><V82/><F134/><W110/><G118/><T48/><D48/><U89/><E102/><V60/><F1/><W76/><G53/><T16/><D16/><U35/><E35/><V62/><F65/><W90/><G18/><T52/><D52/><U12/><E12/><V70/><F0/><W91/><G68/><T84/><D84/><U6/><E6/><V55/><F70/><W75/><G5/><T24/><D24/><U87/><E87/><N who="2" m="50295" /><F55/><W25/><G7/><T116/><D116/><U33/><E33/><V47/><F42/><W117/><G75/><T49/><D49/><U73/><E73/><V74/><F74/><W101/><G101/><T61/><D61/><U92/><E92/><V2/><F62/><W83/><G63/><T135/><D135/><RYUUKYOKU ba="0,1" sc="293,15,197,15,250,-15,250,-15" hai0="8,15,17,19,21,27,86,94,106,107,120,122,123" hai1="23,26,28,56,57,89,95,96,130,131" /><INIT seed="1,1,1,1,3,14" ten="308,212,235,235" oya="1" hai0="107,2,22,86,91,23,17,53,101,38,133,81,56" hai1="19,135,118,50,77,69,27,24,52,85,103,79,93" hai2="129,47,7,97,114,3,73,95,55,74,61,82,11" hai3="4,33,111,41,57,26,84,31,80,63,51,99,6"/><U35/><E69/><V100/><F129/><W67/><G111/><T83/><D2/><U25/><E118/><V54/><F114/><W15/><G99/><T70/><D38/><U108/><E135/><V126/><F126/><W34/><G34/><T64/><D133/><U21/><E35/><V102/><F102/><W75/><G75/><T28/><D107/><U59/><E108/><V12/><F3/><W65/><G65/><T42/><D42/><U123/><E123/><V45/><F82/><W20/><G41/><T125/><D125/><U37/><E37/><V30/><F30/><W117/><G51/><T71/><D101/><U88/><E103/><V49/><F61/><W9/><G117/><T128/><D128/><U60/><E60/><V116/><F116/><W115/><G115/><T121/><D121/><U62/><E62/><V29/><F29/><W13/><G33/><T10/><D64/><U48/><E48/><AGARI ba="1,1" hai="7,11,12,45,47,48,49,54,55,73,74,95,97,100" machi="48" ten="40,1300,0" yaku="9,1" doraHai="14" who="2" fromWho="1" sc="308,0,212,-16,235,26,235,0" /><INIT seed="2,0,0,3,0,111" ten="308,196,261,235" oya="2" hai0="22,4,70,135,16,116,88,47,57,52,110,67,1" hai1="85,69,5,78,17,28,63,124,3,34,0,83,62" hai2="133,109,105,97,95,25,32,54,74,21,19,107,38" hai3="36,73,41,26,91,131,121,82,6,61,59,58,93"/><V94/><F38/><W18/><G121/><T23/><D110/><U125/><E17/><V115/><F109/><W76/><G131/><T65/><D135/><U108/><E108/><V79/><F133/><W14/><G36/><T90/><D70/><U101/><E101/><V37/><F37/><W122/><G122/><T75/><D75/><U71/><E28/><V102/><F32/><W104/><G104/><T56/><D1/><U39/><E34/><V55/><F95/><W98/><G41/><T86/><D4/><U100/><E100/><V33/><F33/><W31/><G6/><T96/><D23/><U119/><E39/><V2/><F2/><N who="1" m="553" /><E5/><V80/><F107/><W113/><G113/><T35/><D35/><U92/><E92/><V123/><F115/><W134/><G31/><T10/><D10/><U13/><E13/><V8/><F123/><W68/><G26/><N who="0" m="14663" /><D96/><U117/><E85/><V7/><F7/><W129/><G134/><T106/><D106/><U120/><E78/><V64/><F8/><W114/><G114/><T81/><D90/><U11/><E83/><V130/><F130/><W60/><G129/><T30/><D30/><U45/><E11/><V43/><F105/><W20/><REACH who="3" step="1"/><G68/><REACH who="3" ten="308,196,261,225" step="2"/><N who="1" m="26186" /><E120/><V27/><F43/><W48/><G48/><N who="0" m="28703" /><D116/><N who="1" m="44619" /><E45/><V99/><F27/><W46/><G46/><T66/><AGARI ba="0,1" hai="56,57,65,66,67,81,86,88" m="28703,14663" machi="66" ten="30,7900,0" yaku="8,1,54,3" doraHai="111" who="0" fromWho="0" sc="308,89,196,-20,261,-39,225,-20" /><INIT seed="3,0,0,2,5,109" ten="397,176,222,205" oya="3" hai0="57,75,51,116,84,92,68,67,76,86,34,91,100" hai1="0,61,23,132,3,125,32,99,83,41,9,128,98" hai2="80,19,38,104,58,126,48,66,47,93,36,88,115" hai3="40,111,97,112,135,89,127,10,12,62,45,64,31"/><W110/><G127/><T131/><D34/><U69/><E32/><V53/><F115/><W54/><G135/><T29/><D75/><U105/><E125/><V26/><F104/><W90/><G54/><T25/><D116/><U18/><E128/><V22/><F126/><W119/><G31/><T130/><D68/><U4/><E132/><V134/><F134/><W96/><G119/><T44/><D100/><U71/><E0/><V79/><F66/><W129/><G129/><T13/><D13/><U1/><E1/><V82/><F47/><W121/><G121/><T95/><D25/><U16/><E18/><V37/><F79/><W122/><G122/><T72/><D72/><U8/><E8/><V42/><F42/><W24/><G24/><T20/><D20/><U113/><E41/><V106/><F106/><W21/><G21/><T27/><D27/><U7/><E7/><V49/><F49/><N who="3" m="26791" /><G97/><T56/><D29/><U15/><E113/><V17/><F17/><N who="3" m="8343" /><G96/><T114/><D114/><U28/><E28/><V30/><F30/><W52/><G112/><T43/><D67/><U77/><E105/><V35/><F35/><W73/><G73/><T124/><D124/><U101/><E101/><V14/><F26/><W39/><G39/><T5/><D131/><U103/><E103/><V33/><F33/><W6/><G6/><T70/><D5/><U108/><E108/><N who="3" m="41514" /><G64/><T74/><D74/><N who="1" m="43447" /><E71/><V94/><F88/><W107/><G107/><T60/><D130/><U63/><E69/><V59/><F59/><AGARI ba="0,0" hai="52,59,62,89,90" m="41514,8343,26791" machi="59" ten="30,5800,0" yaku="14,1,10,1,54,1" doraHai="109" who="3" fromWho="2" sc="397,0,176,0,222,-58,205,58" /><INIT seed="3,1,0,1,5,83" ten="397,176,164,263" oya="3" hai0="115,22,44,72,82,98,128,57,69,18,114,125,13" hai1="29,109,116,71,91,35,31,132,121,9,75,111,110" hai2="50,2,1,34,0,134,42,15,103,47,17,106,7" hai3="10,40,60,120,124,113,37,118,51,20,33,130,21"/><W27/><G113/><N who="0" m="43019" /><D69/><U131/><E71/><V11/><F134/><W73/><G118/><T30/><D128/><U23/><E75/><V56/><F34/><W77/><G120/><T6/><D125/><U24/><E91/><V105/><F103/><W59/><G124/><T48/><D98/><U95/><E95/><V104/><REACH who="2" step="1"/><F56/><REACH who="2" ten="397,176,154,263" step="2"/><W122/><G59/><T67/><D57/><U112/><E132/><V126/><F126/><W84/><G33/><T54/><D67/><U53/><E116/><V25/><F25/><W14/><G27/><T76/><D6/><AGARI ba="1,1" hai="0,1,2,6,7,11,15,17,42,47,50,104,105,106" machi="6" ten="50,1600,0" yaku="1,1,53,0" doraHai="83" doraHaiUra="68" who="2" fromWho="0" sc="397,-19,176,0,154,29,263,0" owari="378,47.8,176,-32.4,183,-21.7,263,6.3" /></mjloggm>