<mjloggm ver="2.3"><GO type="225" lobby="0"/><UN n0="%77%72%77%72%77%72%77%72" n1="%63%68%78%62%64" n2="%E6%B4%BE%E9%81%A3%E3%81%AE%E3%82%B8%E3%83%A3%E3%83%83%E3%82%AF" n3="%E8%BE%9B%E5%8F%A3%E3%82%AB%E3%83%AC%E3%83%BC%E3%83%A9%E3%82%A4%E3%82%B9" dan="16,16,17,16" rate="2112.30,2157.05,2212.76,2234.55" sx="M,M,M,M"/><TAIKYOKU oya="0"/><INIT seed="0,0,0,0,4,108" ten="250,250,250,250" oya="0" hai0="2,34,134,132,46,50,104,58,113,52,62,99,38" hai1="47,133,84,35,31,119,12,71,49,92,78,22,15" hai2="122,112,127,97,83,118,28,76,82,23,48,65,53" hai3="63,51,70,19,11,33,60,18,73,13,102,87,8"/><T89/><D2/><U40/><E35/><V105/><F122/><W125/><G73/><T121/><D34/><U90/><E119/><V126/><F118/><W67/><G125/><T69/><D121/><U135/><E71/><V4/><F4/><W43/><G33/><T36/><D89/><U124/><E124/><N who="2" m="47659" /><F65/><W61/><G102/><T93/><D93/><U27/><REACH who="1" step="1"/><E78/><REACH who="1" ten="250,240,250,250" step="2"/><V94/><F76/><W101/><G101/><N who="0" m="62527" /><D69/><U72/><E72/><V42/><F105/><W57/><G70/><T110/><D110/><U129/><E129/><V29/><F112/><W0/><G0/><T106/><D106/><U85/><E85/><V123/><F123/><W14/><REACH who="3" step="1"/><G87/><REACH who="3" ten="250,240,250,240" step="2"/><T5/><D113/><U86/><E86/><V10/><F97/><W74/><G74/><T120/><D120/><U64/><E64/><V55/><F55/><W114/><G114/><T128/><D52/><U16/><E16/><V117/><F53/><W103/><G103/><T32/><D32/><U39/><E39/><V7/><F117/><W96/><G96/><T111/><D38/><U21/><E21/><V80/><F23/><W79/><G79/><T1/><D36/><U100/><E100/><V77/><F77/><W95/><G95/><T25/><D111/><U3/><E3/><N who="2" m="383" /><F94/><W68/><G68/><T41/><D1/><U81/><E81/><V88/><F88/><W115/><G115/><T109/><D109/><U45/><E45/><AGARI ba="0,2" hai="28,29,42,45,48,80,82,83" m="383,47659" machi="45" ten="30,1000,0" yaku="18,1" doraHai="108" who="2" fromWho="1" sc="250,0,240,-10,250,30,240,0" /><AGARI ba="0,0" hai="8,11,13,14,18,19,43,45,51,57,60,61,63,67" machi="45" ten="40,5200,0" yaku="1,1,9,1,8,1,53,0" doraHai="108" doraHaiUra="66" who="3" fromWho="1" sc="250,0,230,-52,280,0,240,52" /><INIT seed="1,0,0,4,3,12" ten="250,178,280,292" oya="1" hai0="24,16,76,82,90,1,50,98,130,126,125,91,79" hai1="39,101,87,81,5,18,55,74,72,112,92,47,100" hai2="71,121,7,116,84,104,31,68,20,14,114,133,4" hai3="120,28,17,53,32,51,106,0,135,77,99,34,78"/><U88/><E112/><V10/><F116/><W9/><G120/><T19/><D1/><U103/><E5/><V129/><F121/><W132/><G106/><T45/><D130/><U127/><E127/><N who="0" m="48649" /><D24/><U43/><E55/><V44/><F104/><W8/><G99/><T56/><D56/><U61/><E61/><V89/><F129/><W13/><G0/><T46/><D79/><N who="3" m="30217" /><G8/><T86/><D46/><U33/><E33/><V69/><F133/><N who="3" m="51275" /><G28/><T62/><D62/><U66/><E66/><V25/><F114/><W117/><G117/><T93/><D76/><U73/><REACH who="1" step="1"/><E18/><REACH who="1" ten="250,168,280,292" step="2"/><V122/><F122/><W107/><G107/><T6/><D6/><U41/><E41/><AGARI ba="0,1" hai="16,19,41,45,50,82,86,90,91,93,98" m="48649" machi="41" ten="30,7700,0" yaku="18,1,52,2,54,1" doraHai="12" who="0" fromWho="1" sc="250,87,168,-77,280,0,292,0" /><INIT seed="2,0,0,4,1,122" ten="337,91,280,292" oya="2" hai0="64,20,124,70,99,34,16,23,72,126,119,1,110" hai1="114,74,71,25,108,109,128,52,131,46,100,58,121" hai2="67,28,57,43,83,113,127,78,94,82,56,130,79" hai3="129,42,106,89,35,50,118,103,88,14,19,51,61"/><V5/><F113/><W59/><G118/><T55/><D119/><U85/><E74/><V31/><F127/><N who="0" m="48682" /><D110/><N who="1" m="42603" /><E100/><V77/><F130/><N who="1" m="49705" /><E114/><V66/><F5/><W2/><G2/><T75/><D55/><U76/><E71/><V65/><F94/><W63/><G35/><T98/><D20/><U38/><E25/><V134/><F134/><W60/><G129/><T11/><D34/><U27/><E27/><V87/><F43/><W41/><G103/><T116/><D70/><U68/><E68/><V49/><F49/><N who="3" m="18443" /><G59/><N who="2" m="22601" /><F87/><W92/><G106/><T39/><D72/><U112/><E112/><V44/><F44/><W73/><G73/><T133/><D75/><U107/><E107/><V36/><F36/><W29/><G29/><AGARI ba="0,0" hai="28,29,31,65,66,67,77,78,79,82,83" m="22601" machi="29" ten="40,7700,0" yaku="28,2,8,1" doraHai="122" who="2" fromWho="3" sc="337,0,91,0,280,77,292,-77" /><INIT seed="2,1,0,3,3,18" ten="337,91,357,215" oya="2" hai0="123,9,36,112,109,100,65,49,27,64,67,105,52" hai1="106,11,63,37,23,42,96,128,58,16,134,85,60" hai2="86,2,76,46,98,125,8,87,75,107,92,122,81" hai3="94,50,0,118,66,19,110,39,47,26,84,104,88"/><V6/><F122/><W90/><G118/><T91/><D112/><U15/><E128/><V95/><F125/><W33/><G0/><T38/><D123/><U133/><E85/><V71/><F71/><W89/><G110/><T32/><D109/><U68/><E68/><V115/><F115/><W12/><G39/><T34/><D9/><U74/><E74/><V102/><F87/><W61/><G104/><T124/><D124/><U99/><E63/><V129/><F129/><W111/><G111/><T28/><D34/><U70/><E70/><V30/><F30/><W5/><G5/><T55/><D55/><U72/><E72/><V77/><F77/><W108/><G26/><T35/><D35/><U43/><E37/><V21/><F86/><W135/><G33/><T48/><D48/><U20/><E42/><V93/><F46/><W31/><G31/><T57/><REACH who="0" step="1"/><D91/><REACH who="0" ten="327,91,357,215" step="2"/><U10/><E43/><V131/><F131/><W62/><G108/><T22/><D22/><N who="1" m="8235" /><E11/><V116/><F116/><W120/><G120/><T24/><D24/><U51/><E51/><V44/><F21/><W56/><G62/><T13/><D13/><U80/><E80/><V78/><F81/><W82/><G82/><T79/><D79/><N who="2" m="30250" /><F75/><W126/><G126/><T29/><D29/><U54/><E106/><V117/><F117/><W14/><G50/><T119/><D119/><U40/><E40/><V73/><F73/><W45/><G61/><T69/><D69/><U25/><E25/><V130/><F130/><W3/><G12/><T17/><D17/><U101/><E101/><V103/><F102/><RYUUKYOKU ba="1,1" sc="327,10,91,10,357,10,215,-30" hai0="27,28,32,36,38,49,52,57,64,65,67,100,105" hai1="10,15,16,54,58,60,96,99,133,134" hai2="2,6,8,44,92,93,95,98,103,107" /><INIT seed="2,2,1,2,2,66" ten="337,101,367,185" oya="2" hai0="125,11,42,28,44,98,26,13,64,106,100,122,114" hai1="113,111,77,52,101,115,108,118,23,103,72,79,97" hai2="27,75,46,123,109,24,124,112,15,93,82,133,116" hai3="84,63,65,14,6,37,10,83,87,5,80,130,17"/><V36/><F116/><W85/><G130/><T56/><D122/><U59/><E23/><V47/><F112/><N who="1" m="43081" /><E52/><V48/><F123/><W94/><G37/><T95/><D125/><U54/><E54/><V3/><F3/><W89/><G94/><T73/><D73/><U107/><E59/><V126/><F133/><W55/><G55/><T127/><D127/><N who="2" m="48682" /><F109/><N who="1" m="42057" /><E118/><V91/><F36/><W68/><REACH who="3" step="1"/><G85/><REACH who="3" ten="337,101,367,175" step="2"/><T90/><D114/><U58/><E58/><V45/><F93/><W110/><G110/><T119/><D56/><U21/><E21/><V29/><F75/><W57/><G57/><T39/><D119/><U129/><E129/><V7/><F48/><W88/><AGARI ba="2,2" hai="5,6,10,14,17,63,65,68,80,83,84,87,88,89" machi="88" ten="20,12000,2" yaku="1,1,0,1,7,1,9,1,52,1,54,1,53,0" doraHai="66" doraHaiUra="50" who="3" fromWho="3" sc="337,-32,101,-32,367,-62,175,146" /><INIT seed="3,0,0,2,2,58" ten="305,69,305,321" oya="3" hai0="77,133,49,37,51,70,63,7,124,102,60,98,64" hai1="29,90,0,110,50,17,99,56,72,122,33,59,109" hai2="16,45,97,134,71,87,11,41,26,111,78,125,62" hai3="21,30,113,127,120,103,25,131,85,55,20,39,40"/><W24/><G113/><T38/><D7/><U27/><E72/><V121/><F111/><W43/><G120/><T96/><D77/><U82/><E122/><V35/><F121/><W36/><G127/><T115/><D124/><U5/><E17/><V10/><F125/><W119/><G119/><T129/><D115/><U32/><E32/><V28/><F134/><W66/><G66/><T3/><D3/><U47/><E5/><V31/><F97/><W18/><G131/><T53/><D129/><U76/><E0/><V67/><F31/><W118/><G118/><T12/><D12/><U132/><E132/><V34/><F34/><W46/><G103/><T61/><D133/><U93/><E109/><V57/><F71/><W68/><G68/><T104/><D96/><U48/><E110/><V100/><F100/><W79/><G55/><T13/><D13/><U101/><E101/><V80/><F16/><W94/><G94/><T6/><D49/><AGARI ba="0,0" hai="10,11,26,28,35,41,45,49,57,62,67,78,80,87" machi="49" ten="30,2000,0" yaku="7,1,52,1" doraHai="58" who="2" fromWho="0" sc="305,-20,69,0,305,20,321,0" owari="285,-11.5,69,-43.1,325,42.5,321,12.1" /></mjloggm>