<mjloggm ver="2.3"><GO type="225" lobby="0"/><UN n0="%70%61%77%61" n1="%48%61%61%61%6C%61%6E%64" n2="%E6%97%A5%E6%9B%9C%E6%97%A5%E3%82%88%E3%82%8A%E3%81%AE%E4%BD%BF%E8%80%85" n3="%E8%B6%85%E7%B4%9A%E9%B3%B3%E5%87%B0" dan="19,18,17,16" rate="2277.20,2191.39,2128.67,2122.74" sx="M,M,M,M"/><TAIKYOKU oya="0"/><INIT seed="0,0,0,1,1,50" ten="250,250,250,250" oya="0" hai0="120,102,41,82,14,62,49,124,13,23,46,96,125" hai1="89,38,61,52,79,33,22,113,97,42,37,104,2" hai2="32,121,31,64,130,63,29,58,55,28,57,106,59" hai3="26,75,91,18,132,81,99,108,44,43,21,56,115"/><T68/><D120/><U20/><E33/><V74/><F121/><W7/><G115/><T72/><D72/><U34/><E34/><V83/><F106/><W98/><G108/><T35/><D35/><U131/><E2/><V127/><F127/><N who="0" m="48714" /><D82/><U8/><E113/><V90/><F130/><W19/><G132/><T114/><D114/><U123/><E123/><V126/><F126/><W10/><G56/><N who="2" m="21609" /><F74/><W25/><G25/><T39/><D23/><U122/><E122/><V0/><F0/><W77/><G19/><T16/><D39/><U100/><E37/><V112/><F32/><W117/><G91/><T105/><D16/><U67/><E38/><V24/><F112/><W30/><G18/><T40/><D40/><U94/><E42/><V54/><F24/><W80/><G81/><T107/><D105/><U66/><E22/><V84/><AGARI ba="0,0" hai="28,29,31,54,55,59,63,64,83,84,90" m="21609" machi="84" ten="30,4000,0" yaku="8,1,52,2" doraHai="50" who="2" fromWho="2" sc="250,-20,250,-10,250,40,250,-10" /><INIT seed="1,0,0,0,3,94" ten="230,240,290,240" oya="1" hai0="30,128,23,73,98,18,16,124,64,50,101,84,102" hai1="53,121,13,14,133,99,89,126,4,43,10,120,96" hai2="45,35,83,72,34,69,70,86,111,46,82,132,17" hai3="106,57,78,127,95,63,29,3,59,123,122,26,54"/><U1/><E126/><V12/><F72/><W51/><G106/><T15/><D73/><U129/><E129/><V56/><F56/><W36/><G36/><T104/><D124/><U20/><E133/><V100/><F100/><W110/><G127/><T21/><D128/><U24/><E43/><V48/><F132/><W87/><G3/><T107/><D30/><U85/><E1/><V33/><F111/><W0/><G0/><T119/><D119/><U52/><E13/><V135/><F135/><W131/><G131/><T117/><D117/><U27/><E27/><V41/><F46/><W109/><G78/><T108/><D108/><N who="3" m="41577" /><G95/><T79/><D64/><U19/><E120/><V93/><F93/><W60/><G87/><T66/><D66/><U81/><E121/><N who="3" m="46090" /><G57/><T80/><D50/><U130/><E130/><V5/><F82/><W9/><G9/><T125/><D125/><U71/><E71/><V91/><F70/><W68/><G68/><T47/><D47/><U115/><E115/><V67/><F69/><W22/><AGARI ba="0,0" hai="22,26,29,51,54,59,60,63" m="46090,41577" machi="22" ten="30,1100,0" yaku="14,1" doraHai="94" who="3" fromWho="3" sc="230,-3,240,-5,290,-3,240,11" /><INIT seed="2,0,0,4,4,27" ten="227,235,287,251" oya="2" hai0="135,3,121,34,7,4,64,111,63,78,32,40,126" hai1="88,71,55,93,47,52,75,31,33,0,15,101,68" hai2="16,62,108,125,45,59,43,50,30,36,69,132,12" hai3="86,95,18,14,103,17,23,134,98,25,99,104,77"/><V110/><F125/><W5/><G134/><T29/><D121/><U72/><E0/><V96/><F132/><W120/><G120/><T1/><D135/><U20/><E101/><V51/><F69/><W35/><G5/><T58/><D126/><U21/><E33/><V60/><F96/><W102/><G35/><T48/><D111/><N who="2" m="42538" /><F30/><W54/><G54/><T73/><D3/><U22/><E31/><V115/><F115/><W109/><G109/><T105/><D105/><U112/><E112/><V117/><F117/><W65/><G65/><T37/><D48/><N who="2" m="18474" /><F59/><W91/><G77/><T92/><D29/><U83/><E71/><V123/><F123/><W107/><REACH who="3" step="1"/><G18/><REACH who="3" ten="227,235,287,241" step="2"/><T85/><D78/><U41/><E55/><V116/><F116/><W42/><G42/><T44/><D40/><U84/><E52/><V26/><F26/><AGARI ba="0,1" hai="14,17,23,25,26,86,91,95,98,99,102,103,104,107" machi="26" ten="40,2600,0" yaku="1,1,9,1,53,0" doraHai="27" doraHaiUra="119" who="3" fromWho="2" sc="227,0,235,0,287,-26,241,36" /><INIT seed="3,0,0,0,1,8" ten="227,235,261,277" oya="3" hai0="77,2,22,54,36,130,18,75,102,66,69,31,35" hai1="70,134,82,126,125,32,91,41,107,129,16,118,28" hai2="49,21,24,13,89,30,15,111,101,60,96,59,74" hai3="23,25,17,108,20,100,39,116,121,104,93,12,11"/><W52/><G116/><T119/><D119/><U122/><E122/><V42/><F74/><W26/><G121/><T72/><D130/><U84/><E118/><V87/><F111/><W71/><G39/><T29/><D2/><U46/><E129/><V132/><F132/><W99/><G104/><T68/><D36/><U61/><E107/><V95/><F49/><W7/><G71/><T56/><D102/><U98/><E98/><V109/><F42/><W67/><G67/><T85/><D85/><U48/><E134/><V64/><F109/><W86/><G86/><T43/><D43/><U106/><E106/><AGARI ba="0,0" hai="13,15,21,24,30,59,60,64,87,89,95,96,101,106" machi="106" ten="30,3900,0" yaku="7,1,52,2" doraHai="8" who="2" fromWho="1" sc="227,0,235,-39,261,39,277,0" owari="227,-17.3,196,-30.4,300,40.0,277,7.7" /></mjloggm>