<mjloggm ver="2.3"><GO type="225" lobby="0"/><UN n0="%E3%82%B3%E3%83%90%E3%83%AC%E3%82%A4" n1="%E3%83%B4%E3%83%A0%EF%BC%99%E3%81%A6" n2="%E7%AB%8B%E7%9B%B4%E5%A5%BD%E6%A3%92%40%E5%BF%98" n3="%6B%79%6F%6E%6B%6F%31%31" dan="16,16,17,16" rate="2167.42,2132.43,2129.53,2146.80" sx="M,M,M,M"/><TAIKYOKU oya="0"/><INIT seed="0,0,0,4,4,76" ten="250,250,250,250" oya="0" hai0="25,134,106,91,89,37,24,90,39,53,96,1,54" hai1="3,135,74,131,2,94,75,41,52,67,33,34,116" hai2="127,0,73,12,82,68,83,26,72,58,31,23,38" hai3="79,95,40,30,93,126,100,124,133,105,78,101,108"/><T129/><D1/><U65/><E116/><V113/><F68/><W36/><G30/><T66/><D66/><U119/><E119/><V122/><F122/><W87/><G40/><T128/><D96/><U102/><E41/><V14/><F113/><W70/><G36/><N who="0" m="13899" /><D106/><U18/><E18/><V86/><F0/><W44/><G44/><T4/><D4/><U92/><E131/><N who="0" m="50249" /><D134/><U7/><E7/><V15/><F38/><W46/><G46/><T42/><D42/><U125/><E125/><N who="3" m="48234" /><G70/><T45/><D45/><U107/><E107/><V62/><F127/><W123/><G133/><T49/><D49/><U111/><E135/><V71/><F71/><W59/><G59/><T110/><D110/><U103/><REACH who="1" step="1"/><E52/><AGARI ba="0,0" hai="24,25,52,53,54,89,90,91" m="50249,13899" machi="52" ten="40,12000,1" yaku="28,2,19,1,54,1" doraHai="76" who="0" fromWho="1" sc="250,120,250,-120,250,0,250,0" /><INIT seed="0,1,0,3,5,123" ten="370,130,250,250" oya="0" hai0="51,60,70,5,111,6,130,103,74,42,108,31,117" hai1="92,0,34,64,114,39,99,16,33,61,20,104,49" hai2="27,85,18,7,82,77,135,24,78,126,13,97,112" hai3="10,71,8,93,84,122,53,69,116,121,48,110,57"/><T37/><D74/><U115/><E0/><V88/><F112/><N who="1" m="43049" /><E104/><V54/><F126/><W87/><G116/><T55/><D117/><U26/><E39/><V127/><F127/><W83/><G93/><T41/><D31/><U131/><E49/><V102/><F135/><W59/><G48/><T29/><D29/><U75/><E75/><V62/><F7/><W67/><G83/><T96/><D5/><U58/><E131/><V129/><F129/><W32/><G53/><T125/><D6/><U50/><E50/><V107/><F62/><W46/><G67/><N who="0" m="41319" /><D130/><U100/><AGARI ba="1,0" hai="16,20,26,33,34,58,61,64,92,99,100" m="43049" machi="100" ten="30,2000,0" yaku="11,1,54,1" doraHai="123" who="1" fromWho="1" sc="370,-11,130,23,250,-6,250,-6" /><INIT seed="1,0,0,1,4,5" ten="359,153,244,244" oya="1" hai0="82,20,90,73,134,63,92,120,36,119,3,8,34" hai1="76,66,129,61,111,58,22,70,59,52,42,94,30" hai2="71,116,67,114,45,87,124,6,28,55,108,96,98" hai3="121,62,43,49,131,74,44,12,123,112,85,17,56"/><U118/><E118/><V7/><F116/><W127/><G74/><T133/><D119/><U110/><E129/><V77/><F108/><N who="1" m="41513" /><E42/><V13/><F124/><W27/><G127/><T14/><D36/><U15/><E76/><V64/><F114/><W100/><G112/><T72/><D120/><U32/><E32/><V115/><F115/><W4/><G131/><T54/><D34/><U26/><E94/><V69/><F28/><W125/><G100/><T103/><D103/><U102/><E102/><V41/><F55/><W97/><G97/><N who="2" m="37481" /><F69/><W95/><G125/><T89/><D82/><U106/><E106/><V68/><F71/><W29/><G85/><T109/><D73/><U105/><E105/><V19/><F68/><W50/><G95/><T47/><D72/><U101/><E101/><V81/><F6/><W84/><G84/><T10/><D92/><U126/><E126/><V0/><F0/><W31/><G4/><T113/><D109/><U18/><E52/><V16/><F64/><W132/><G123/><T39/><D54/><U23/><AGARI ba="0,0" hai="15,18,22,23,26,30,58,59,61,66,70" m="41513" machi="23" ten="30,3000,0" yaku="14,1,10,1" doraHai="5" who="1" fromWho="1" sc="359,-10,153,30,244,-10,244,-10" /><INIT seed="1,1,0,4,3,51" ten="349,183,234,234" oya="1" hai0="106,22,91,29,54,60,98,109,89,116,8,33,28" hai1="117,35,16,82,125,50,79,114,5,7,115,3,67" hai2="18,34,6,90,55,44,128,52,13,57,85,25,77" hai3="101,73,83,1,105,123,131,72,65,23,38,19,47"/><U42/><E117/><V94/><F128/><W110/><G123/><T24/><D116/><U135/><E35/><V119/><F119/><W62/><G1/><T49/><D109/><U130/><E130/><V103/><F103/><W87/><G110/><T31/><D8/><U81/><E67/><V21/><F77/><W20/><G20/><T124/><D124/><U127/><E135/><V134/><F134/><W0/><G0/><T102/><D60/><U10/><E7/><V78/><F78/><W58/><G131/><T108/><D108/><U121/><E121/><V132/><F132/><W26/><G101/><T41/><D41/><U104/><E104/><V45/><F34/><W64/><G64/><T126/><D126/><N who="1" m="48139" /><E16/><N who="2" m="12455" /><F6/><W15/><G105/><T30/><REACH who="0" step="1"/><D33/><REACH who="0" ten="339,183,234,234" step="2"/><U40/><E40/><V74/><F74/><W113/><G72/><T133/><D133/><U53/><E42/><V61/><F55/><W2/><G73/><T32/><D32/><U129/><E129/><V96/><F96/><W56/><G65/><T76/><D76/><U71/><E79/><V120/><F120/><W66/><BYE who="2" /><G66/><T86/><D86/><U37/><E71/><V46/><F46/><AGARI ba="1,1" hai="22,24,28,29,30,31,46,49,54,89,91,98,102,106" machi="46" ten="40,2600,0" yaku="1,1,52,1,53,0" doraHai="51" doraHaiUra="14" who="0" fromWho="2" sc="339,39,183,0,234,-29,234,0" /><UN n2="%E7%AB%8B%E7%9B%B4%E5%A5%BD%E6%A3%92%40%E5%BF%98" /><INIT seed="2,0,0,3,2,17" ten="378,183,205,234" oya="2" hai0="122,80,2,133,77,117,119,18,4,98,0,84,38" hai1="91,24,82,42,23,41,54,27,131,114,49,73,1" hai2="34,10,56,107,116,60,94,47,7,78,11,95,127" hai3="52,115,57,32,92,21,126,59,128,61,76,71,74"/><V125/><F116/><N who="0" m="44618" /><D38/><U64/><E114/><V134/><F107/><W132/><G32/><T123/><D133/><U31/><E1/><N who="0" m="617" /><D4/><U93/><E131/><V39/><F34/><W110/><G71/><T87/><D87/><N who="1" m="50679" /><E73/><V108/><F78/><W121/><G121/><T109/><D109/><U79/><E64/><N who="2" m="38919" /><F134/><W75/><G110/><T20/><D98/><U111/><E111/><V33/><F33/><W16/><G76/><T12/><AGARI ba="0,0" hai="12,18,20,77,80,84,122,123" m="617,44618" machi="12" ten="30,2000,0" yaku="12,1,52,1" doraHai="17" who="0" fromWho="0" sc="378,20,183,-5,205,-10,234,-5" /><INIT seed="3,0,0,4,2,134" ten="398,178,195,229" oya="3" hai0="47,61,70,113,42,50,114,96,31,35,17,121,5" hai1="66,75,33,91,44,107,89,80,115,10,40,49,78" hai2="52,1,19,100,131,130,13,81,29,48,95,4,32" hai3="110,84,119,101,38,12,120,104,105,87,111,133,46"/><W14/><G119/><T135/><D121/><U3/><E115/><N who="0" m="44041" /><D5/><U11/><E107/><V67/><F67/><W124/><G133/><T132/><D35/><U54/><E33/><V93/><F81/><W15/><G120/><T41/><D31/><U30/><E30/><V92/><F1/><W43/><G124/><T63/><D17/><U68/><E54/><V25/><F4/><W62/><G62/><N who="0" m="23563" /><D96/><U128/><E128/><N who="2" m="49195" /><F100/><W26/><G26/><T122/><D122/><U126/><E126/><V123/><F123/><W57/><G57/><T77/><D77/><U28/><E28/><V74/><F74/><W88/><G87/><T59/><D70/><U39/><E49/><V51/><F51/><W24/><G24/><T90/><D90/><U97/><E68/><V94/><F93/><W109/><G101/><T108/><D108/><U118/><E118/><V27/><F27/><W112/><G112/><T53/><D42/><U7/><E66/><V73/><F73/><W0/><G0/><T60/><AGARI ba="0,0" hai="41,47,50,53,59,60,132,135" m="23563,44041" machi="60" ten="30,4000,0" yaku="11,1,34,2" doraHai="134" who="0" fromWho="0" sc="398,40,178,-10,195,-10,229,-20" owari="438,53.8,168,-33.2,185,-21.5,209,0.9" /></mjloggm>