<mjloggm ver="2.3"><GO type="225" lobby="0"/><UN n0="%E4%BF%BA%E3%81%A8%E5%A6%96%E5%A4%A2" n1="%E8%BE%9B%E5%8F%A3%E3%82%AB%E3%83%AC%E3%83%BC%E3%83%A9%E3%82%A4%E3%82%B9" n2="%E7%AB%8B%E8%8A%B1%E9%9F%BF" n3="%E9%B3%B3%E6%9D%B1%E3%81%AE%E3%81%86%E3%81%95%E3%81%8E%E3%81%95%E3%82%93" dan="16,17,17,17" rate="2119.61,2218.34,2156.49,2220.05" sx="F,M,F,M"/><TAIKYOKU oya="0"/><INIT seed="0,0,0,0,2,32" ten="250,250,250,250" oya="0" hai0="85,103,71,109,102,10,97,5,76,116,119,130,82" hai1="2,135,35,129,62,9,99,90,87,51,113,61,74" hai2="38,45,63,59,77,66,53,78,17,92,72,70,117" hai3="80,98,105,110,54,19,127,93,29,132,1,20,120"/><T79/><D71/><U39/><E39/><V31/><F117/><W43/><G105/><T55/><D130/><U60/><E74/><V89/><F31/><W131/><G131/><T84/><D109/><U36/><E129/><V108/><F108/><W124/><G110/><T34/><D34/><U22/><E36/><V41/><F17/><W16/><G132/><T37/><D37/><U24/><E35/><V69/><F72/><W7/><G43/><T58/><D119/><U86/><E135/><V83/><F83/><W94/><G80/><T8/><D116/><U134/><E134/><V111/><F70/><W33/><G54/><T15/><D8/><U21/><E51/><V126/><F126/><N who="3" m="48171" /><G120/><T101/><D84/><U47/><E47/><V125/><F125/><W13/><G19/><T100/><D100/><U50/><E50/><N who="2" m="31159" /><F111/><W123/><G98/><AGARI ba="0,0" hai="38,41,45,63,66,69,77,78,89,92,98" m="31159" machi="98" ten="30,1000,0" yaku="24,1" doraHai="32" who="2" fromWho="3" sc="250,0,250,0,250,10,250,-10" /><INIT seed="1,0,0,1,5,82" ten="250,250,260,240" oya="1" hai0="47,34,79,87,27,93,81,15,41,114,102,89,59" hai1="83,32,49,6,110,133,40,112,52,26,72,103,75" hai2="109,99,94,3,10,130,51,71,91,29,37,116,25" hai3="24,33,38,115,11,70,67,80,108,7,96,17,100"/><U23/><E112/><V73/><F37/><W36/><G108/><T2/><D114/><U50/><E32/><V58/><F71/><W63/><G115/><T129/><D129/><U123/><E123/><V78/><F116/><W76/><G17/><T66/><D2/><U12/><E133/><V61/><F109/><W64/><G64/><T19/><D102/><U135/><E135/><V77/><F130/><W104/><G11/><T120/><D120/><U13/><E110/><V119/><F73/><N who="3" m="43023" /><G7/><T35/><D27/><U126/><E126/><V4/><F51/><W56/><G56/><T28/><D28/><AGARI ba="0,0" hai="24,28,33,36,38,63,67,70,96,100,104" m="43023" machi="28" ten="30,3900,0" yaku="25,1,33,2" doraHai="82" who="3" fromWho="0" sc="250,-39,250,0,260,0,240,39" /><INIT seed="2,0,0,2,5,114" ten="211,250,260,279" oya="2" hai0="97,61,37,68,98,75,85,130,124,48,51,8,59" hai1="54,102,56,31,26,105,32,126,38,67,12,101,70" hai2="40,58,122,95,33,43,90,74,24,7,35,112,34" hai3="55,53,81,22,9,45,50,78,17,129,49,133,86"/><V131/><F112/><W128/><G133/><T44/><D75/><U30/><E126/><V52/><F122/><W16/><G9/><T3/><D124/><U89/><E38/><V20/><F7/><W69/><G69/><T93/><D68/><U79/><E79/><V23/><F74/><W88/><G78/><T2/><D37/><U19/><E31/><V65/><F65/><W134/><G134/><T62/><D130/><N who="3" m="50281" /><G22/><T64/><D62/><U91/><E102/><V11/><F11/><W6/><G6/><T1/><D8/><N who="1" m="6535" /><E56/><AGARI ba="0,0" hai="16,17,45,49,50,53,55,56,81,86,88" m="50281" machi="56" ten="30,3900,0" yaku="19,1,54,2" doraHai="114" who="3" fromWho="1" sc="211,0,250,-39,260,0,279,39" /><INIT seed="3,0,0,2,5,134" ten="211,211,260,318" oya="3" hai0="17,54,100,104,41,57,120,80,42,19,23,48,119" hai1="92,108,40,118,127,102,116,59,36,52,0,124,109" hai2="64,73,75,51,90,7,93,82,11,135,66,61,38" hai3="125,24,81,47,22,8,121,65,53,84,33,3,95"/><W101/><G33/><T1/><D119/><N who="1" m="45611" /><E0/><V68/><F38/><W67/><G8/><T6/><D120/><U71/><E71/><V44/><F66/><W131/><G3/><T62/><D1/><U83/><E83/><V97/><F135/><W110/><G131/><T45/><D6/><U72/><E72/><V58/><F68/><W129/><G129/><T126/><D126/><N who="1" m="48171" /><E40/><V128/><F128/><W25/><G110/><N who="1" m="42602" /><E36/><V114/><F114/><W130/><G81/><T94/><D80/><U106/><E106/><V122/><F122/><W91/><G121/><T43/><D104/><U30/><E30/><V10/><F75/><W85/><G130/><T31/><D31/><U28/><E28/><V21/><F73/><W76/><G125/><T103/><D19/><U9/><E9/><V13/><F82/><W112/><G112/><T87/><D87/><U133/><E133/><V12/><F21/><W117/><G22/><T78/><D78/><U123/><E123/><V15/><F11/><W46/><G85/><T56/><D94/><U111/><N who="1" m="42610" /><U96/><DORA hai="69" /><E52/><AGARI ba="0,0" hai="7,10,12,13,15,44,51,52,58,61,64,90,93,97" machi="52" ten="30,3900,0" yaku="7,1,8,1,54,1" doraHai="134,69" who="2" fromWho="1" sc="211,0,211,-39,260,39,318,0" owari="211,-18.9,172,-32.8,299,9.9,318,41.8" /></mjloggm>