<mjloggm ver="2.3"><GO type="225" lobby="0"/><UN n0="%E3%83%B4%E3%83%A0%EF%BC%99%E3%81%A6" n1="%E2%91%A3%E9%81%BF%E9%81%8A%E6%88%AF%E3%80%90%E6%9D%B1%E5%8D%97%E3%80%91" n2="%72%69%6F%75%63%68%61%6E" n3="%E3%81%9F%E3%81%93%E2%98%86%E7%84%BC%E3%81%8D" dan="17,16,16,16" rate="2196.56,2080.36,2184.75,2104.89" sx="M,M,M,M"/><TAIKYOKU oya="0"/><INIT seed="0,0,0,2,2,105" ten="250,250,250,250" oya="0" hai0="23,27,65,47,48,98,117,55,73,76,41,69,115" hai1="1,6,60,43,8,36,130,58,31,50,72,71,62" hai2="11,67,88,13,97,10,107,91,101,38,121,109,56" hai3="30,90,95,5,102,92,106,12,54,17,66,87,104"/><T14/><D115/><U114/><E114/><V39/><F121/><W42/><G5/><T118/><D14/><U134/><E134/><V53/><F109/><W28/><G42/><T89/><D69/><U110/><E110/><V103/><F67/><W22/><G66/><T112/><D112/><U80/><E71/><V0/><F103/><W34/><G34/><T126/><D126/><U19/><E31/><V120/><F120/><W94/><G106/><T29/><D65/><U131/><E19/><V125/><F125/><W52/><G104/><T93/><REACH who="0" step="1"/><D41/><REACH who="0" ten="240,250,250,250" step="2"/><U44/><E131/><V116/><F13/><W96/><G94/><T59/><D59/><U122/><E130/><V133/><F56/><W3/><G3/><T37/><D37/><U33/><E122/><V82/><F38/><W99/><G54/><T100/><D100/><U84/><E36/><V127/><F39/><W86/><G52/><T25/><D25/><U128/><E58/><V26/><F53/><W108/><G108/><T124/><D124/><U16/><E128/><V18/><F127/><W75/><G102/><T21/><D21/><U49/><E33/><V113/><F113/><W2/><G22/><T81/><AGARI ba="0,1" hai="23,27,29,47,48,55,73,76,81,89,93,98,117,118" machi="81" ten="30,6000,0" yaku="1,1,0,1,52,1,53,0" doraHai="105" doraHaiUra="32" who="0" fromWho="0" sc="240,70,250,-20,250,-20,250,-20" /><INIT seed="0,1,0,2,2,41" ten="310,230,230,230" oya="0" hai0="25,47,83,28,119,16,104,89,9,36,86,5,121" hai1="15,99,65,118,72,106,19,14,10,90,45,85,52" hai2="50,48,135,27,6,92,134,1,60,37,97,96,114" hai3="120,38,2,108,79,39,58,31,18,33,103,124,101"/><T94/><D119/><U109/><E118/><V95/><F114/><W49/><G58/><T110/><D104/><U116/><E116/><V24/><F37/><W130/><G49/><N who="2" m="19049" /><F60/><W115/><G31/><T44/><D121/><U35/><E72/><V126/><F6/><W105/><G79/><N who="0" m="46463" /><D36/><U122/><E122/><V67/><F67/><W3/><G18/><T4/><D110/><U117/><E35/><V68/><F68/><W51/><G51/><T53/><D53/><U132/><E65/><V64/><F64/><W74/><G103/><T29/><D4/><U26/><E106/><V131/><F1/><W20/><G101/><T0/><D0/><U98/><E52/><V34/><F34/><W91/><G20/><N who="0" m="13447" /><D28/><U125/><E117/><V12/><F12/><W22/><G39/><T40/><D40/><U111/><E15/><V30/><F126/><W13/><G13/><N who="0" m="5295" /><D29/><U129/><E125/><V54/><F131/><W77/><G38/><T63/><D63/><U21/><E129/><V11/><F54/><W55/><G130/><T66/><D66/><U62/><E62/><V73/><F73/><W17/><G74/><T93/><D93/><N who="2" m="35914" /><F30/><W107/><G2/><T59/><D59/><U75/><E75/><V102/><F11/><W23/><G3/><T76/><D76/><U32/><E32/><V113/><F113/><W43/><G33/><T70/><D70/><U80/><E111/><V133/><F102/><W81/><G55/><T71/><D71/><U56/><E109/><V128/><F128/><W78/><G108/><T84/><AGARI ba="1,0" hai="44,47,84,89,94" m="5295,13447,46463" machi="84" ten="30,11700,0" yaku="8,1,52,2,54,1" doraHai="41" who="0" fromWho="0" sc="310,120,230,-40,230,-40,230,-40" /><INIT seed="0,2,0,0,5,82" ten="430,190,190,190" oya="0" hai0="17,12,26,94,130,46,114,131,113,124,10,36,7" hai1="133,69,81,100,14,132,109,85,79,75,80,38,122" hai2="90,135,1,67,107,55,59,112,65,119,117,16,37" hai3="101,39,8,110,2,91,128,15,57,52,63,4,116"/><T96/><D124/><U102/><E69/><V118/><F112/><W30/><G110/><T0/><D26/><U93/><E38/><V42/><F135/><N who="1" m="51785" /><E14/><V32/><F32/><W125/><G128/><N who="0" m="49195" /><D46/><U5/><E5/><V56/><F107/><W9/><G101/><N who="1" m="39018" /><E122/><V88/><F1/><W21/><G125/><T71/><D71/><U121/><E121/><V3/><F3/><W6/><G116/><T86/><D36/><U76/><E93/><V126/><F126/><W11/><G11/><T43/><D43/><U51/><E51/><V62/><F16/><W27/><G39/><T45/><D45/><U127/><E127/><V22/><F22/><W83/><G83/><T95/><D95/><U31/><E31/><V70/><F42/><W41/><G41/><T34/><D34/><U77/><E77/><V48/><REACH who="2" step="1"/><F37/><REACH who="2" ten="430,190,180,190" step="2"/><W50/><REACH who="3" step="1"/><G91/><REACH who="3" ten="430,190,180,180" step="2"/><T120/><D120/><U99/><E109/><V123/><F123/><W60/><AGARI ba="2,2" hai="2,4,6,8,9,15,21,27,30,50,52,57,60,63" machi="60" ten="30,7900,0" yaku="1,1,2,1,0,1,54,1,53,0" doraHai="82" doraHaiUra="89" who="3" fromWho="3" sc="430,-41,190,-22,180,-22,180,105" /><INIT seed="1,0,0,5,5,87" ten="389,168,158,285" oya="1" hai0="25,59,63,78,13,70,111,55,61,127,39,0,99" hai1="85,126,90,109,36,35,130,46,115,11,1,67,122" hai2="97,21,49,110,47,72,64,30,105,4,125,116,98" hai3="113,26,53,107,37,8,28,104,52,128,77,48,45"/><U6/><E122/><V56/><F110/><W22/><G37/><T132/><D0/><U69/><E109/><V74/><F125/><W38/><G38/><T29/><D111/><U82/><E126/><V5/><F116/><W32/><G113/><T91/><D39/><U81/><E115/><V50/><F105/><W62/><G77/><T79/><D132/><U66/><E35/><V14/><F74/><W121/><G128/><T123/><D123/><U134/><E130/><V108/><F72/><W89/><G8/><T117/><D13/><U94/><E134/><V88/><F108/><W76/><G76/><T103/><D117/><U17/><E69/><V27/><F98/><W131/><G32/><N who="0" m="20527" /><D91/><U120/><E120/><V75/><F75/><W3/><G3/><T71/><D71/><U112/><E112/><V73/><F73/><W106/><G131/><T23/><D23/><U93/><E17/><V44/><F14/><W12/><G12/><T20/><D20/><U133/><E133/><V129/><F129/><W24/><G24/><T41/><D41/><U96/><E36/><V43/><F64/><N who="1" m="24617" /><E46/><V83/><F56/><W84/><G62/><T54/><D127/><U18/><E18/><V33/><F33/><W119/><G119/><T101/><D70/><U31/><E31/><V9/><F9/><W114/><G114/><T100/><D99/><U42/><E42/><N who="2" m="24727" /><F97/><W19/><G28/><T86/><D86/><AGARI ba="0,0" hai="4,5,21,27,30,43,47,50,83,86,88" m="24727" machi="86" ten="30,3900,0" yaku="8,1,52,1,54,1" doraHai="87" who="2" fromWho="0" sc="389,-39,168,0,158,39,285,0" /><INIT seed="2,0,0,2,3,120" ten="350,168,197,285" oya="2" hai0="130,65,104,82,79,54,78,72,32,119,132,106,92" hai1="123,12,66,41,34,97,25,20,43,116,51,36,96" hai2="6,58,103,64,114,71,115,57,85,63,89,131,108" hai3="121,81,19,125,5,77,44,48,94,73,39,88,105"/><V11/><F108/><W109/><G105/><T47/><D32/><U95/><E116/><V17/><F131/><W16/><G39/><T84/><D130/><U60/><E123/><V124/><F124/><W128/><G125/><T0/><D0/><U69/><E36/><V91/><F103/><W134/><G134/><T113/><D113/><U122/><E122/><V37/><F37/><W13/><G109/><T18/><D65/><U117/><E117/><V38/><F38/><W90/><G90/><T76/><D119/><U14/><E34/><V102/><F102/><W35/><G35/><T118/><D118/><U23/><E97/><V10/><F91/><W98/><G121/><T26/><D72/><U29/><E51/><V110/><F110/><W4/><G19/><T67/><D67/><U52/><E52/><V135/><F135/><W9/><G128/><T70/><D92/><U30/><E12/><V133/><F133/><W126/><G126/><T100/><D70/><U3/><E3/><V61/><F17/><W129/><G129/><T107/><D100/><U55/><E55/><AGARI ba="0,0" hai="4,5,9,13,16,44,48,55,73,77,81,88,94,98" machi="55" ten="30,3900,0" yaku="7,1,54,2" doraHai="120" who="3" fromWho="1" sc="350,0,168,-39,197,0,285,39" /><INIT seed="3,0,0,3,1,91" ten="350,129,197,324" oya="3" hai0="109,129,13,70,3,22,130,63,19,14,4,88,94" hai1="49,58,46,41,34,108,30,43,101,110,66,98,51" hai2="39,57,105,40,35,107,68,47,81,42,38,32,67" hai3="10,135,55,77,87,23,103,117,115,48,84,82,27"/><W18/><G115/><T6/><D3/><U36/><E34/><N who="2" m="12843" /><F57/><W5/><G135/><T9/><D109/><U113/><E30/><V15/><F15/><W125/><G125/><T127/><D127/><U75/><E75/><V61/><F81/><W12/><G103/><T86/><D4/><U76/><E76/><V54/><F54/><W65/><G65/><T1/><D1/><U72/><E72/><V8/><F8/><W100/><G100/><T119/><D119/><U53/><E113/><V73/><F73/><W128/><G128/><N who="0" m="49259" /><D63/><U37/><E98/><V89/><F89/><W60/><G60/><T26/><D70/><U16/><E101/><V122/><F122/><W97/><G117/><T64/><D64/><U106/><E106/><V132/><F132/><W24/><G97/><T90/><D90/><U134/><E134/><V2/><F2/><W85/><REACH who="3" step="1"/><G24/><REACH who="3" ten="350,129,197,314" step="2"/><T93/><D26/><U69/><E16/><V56/><F67/><W71/><G71/><T102/><D102/><U116/><E116/><V124/><F68/><W28/><G28/><T131/><D131/><U114/><E114/><V99/><F124/><W11/><G11/><T96/><D96/><U83/><E83/><AGARI ba="0,1" hai="6,9,13,14,19,22,83,86,88,93,94" m="49259" machi="83" ten="30,7700,0" yaku="19,1,52,2,54,1" doraHai="91" who="0" fromWho="1" sc="350,87,129,-77,197,0,314,0" owari="437,53.7,52,-44.8,197,-20.3,314,11.4" /></mjloggm>