<mjloggm ver="2.3"><GO type="225" lobby="0"/><UN n0="%E3%81%B5%E3%81%98%E3%81%8B%E3%81%A4" n1="%E7%B4%94%E6%BD%94%E3%83%94%E3%83%A9%E3%83%8B%E3%82%A2" n2="%E3%81%99%E3%81%84%E3%81%BE%E3%81%9B%E3%83%BC%E3%82%93" n3="%E3%81%AF%E3%82%88%E3%81%8A%E3%81%98%E3%81%95%E3%82%93" dan="16,16,17,17" rate="2180.05,2128.09,2251.00,2171.71" sx="M,M,M,M"/><TAIKYOKU oya="0"/><INIT seed="0,0,0,4,2,45" ten="250,250,250,250" oya="0" hai0="41,6,0,123,88,78,12,37,28,129,55,125,110" hai1="91,103,84,36,135,96,15,31,65,14,89,116,83" hai2="32,73,100,99,82,86,1,64,69,61,109,111,3" hai3="97,134,92,52,21,27,79,106,90,112,121,127,74"/><T24/><D123/><U19/><E36/><V67/><F32/><W47/><G112/><T8/><D78/><U70/><E116/><V93/><F67/><W20/><G121/><T54/><D125/><U108/><E108/><N who="2" m="41547" /><F73/><W102/><G127/><T34/><D110/><U57/><E70/><V2/><F2/><W5/><G5/><T104/><D104/><U95/><E135/><V62/><F62/><W131/><G131/><T76/><D76/><AGARI ba="0,0" hai="1,3,61,64,69,76,82,86,93,99,100" m="41547" machi="76" ten="30,1000,0" yaku="14,1" doraHai="45" who="2" fromWho="0" sc="250,-10,250,0,250,10,250,0" /><INIT seed="1,0,0,2,0,18" ten="240,250,260,250" oya="1" hai0="46,117,90,125,38,0,53,47,37,118,120,22,15" hai1="83,94,127,57,104,56,92,115,95,74,97,130,8" hai2="79,111,52,110,85,133,108,42,99,29,116,23,86" hai3="62,87,59,16,109,25,63,107,93,20,126,71,100"/><U33/><E33/><V49/><F116/><W75/><G75/><T76/><D0/><U12/><E115/><V103/><F133/><W5/><G109/><T119/><D76/><U101/><E127/><V88/><F42/><W24/><G126/><T40/><D125/><U27/><E130/><V3/><F3/><W50/><G107/><T67/><D67/><U45/><E27/><N who="2" m="16639" /><F79/><W77/><G71/><T81/><D120/><U102/><E102/><V10/><F10/><W31/><G5/><T39/><D81/><U60/><E83/><V98/><F103/><W61/><G77/><T44/><D90/><U17/><E74/><V65/><F65/><W9/><G9/><T131/><D131/><U14/><E14/><V30/><F30/><W55/><G100/><T34/><D34/><U11/><E11/><V21/><F21/><N who="3" m="13351" /><G87/><N who="2" m="33289" /><F88/><W26/><G25/><T7/><D53/><U1/><E1/><V134/><F134/><W128/><G128/><T132/><D132/><U78/><E78/><V73/><F73/><W13/><G13/><T124/><D124/><U36/><REACH who="1" step="1"/><E60/><REACH who="1" ten="240,240,260,250" step="2"/><V58/><AGARI ba="0,1" hai="49,52,58,98,99,108,110,111" m="33289,16639" machi="58" ten="40,5200,0" yaku="14,1,52,1,54,1" doraHai="18" who="2" fromWho="2" sc="240,-13,240,-26,260,62,250,-13" /><INIT seed="2,0,0,2,5,105" ten="227,214,322,237" oya="2" hai0="118,19,54,64,99,30,10,71,114,83,51,82,124" hai1="33,43,52,3,50,89,101,44,79,119,80,57,40" hai2="8,59,94,104,131,68,58,97,91,115,2,22,113" hai3="65,129,133,39,109,13,92,75,70,17,18,27,72"/><V67/><F131/><W102/><G39/><T111/><D114/><U88/><E119/><V103/><F68/><W66/><G129/><T76/><D118/><U49/><E33/><V23/><F59/><W7/><G109/><T134/><D111/><U9/><E101/><V123/><F123/><W0/><G0/><T112/><D112/><U48/><E3/><V62/><F115/><W46/><G46/><T135/><D124/><U120/><E120/><V90/><F90/><W60/><G66/><T16/><D30/><U98/><E9/><V69/><F69/><W24/><G7/><T106/><D106/><U32/><E32/><V36/><F36/><W53/><G53/><T117/><D99/><U125/><E125/><V38/><F38/><W128/><G133/><N who="0" m="50699" /><D10/><U5/><E5/><V93/><F104/><W35/><G128/><T29/><D29/><U26/><E26/><N who="3" m="9770" /><G35/><T12/><D12/><U21/><E21/><V108/><F108/><W25/><N who="3" m="9778" /><W20/><DORA hai="4" /><G17/><N who="0" m="6731" /><D76/><U61/><E98/><V56/><F113/><W55/><G55/><T11/><D11/><U126/><E126/><V96/><F8/><W81/><G81/><T122/><D122/><U42/><REACH who="1" step="1"/><E44/><REACH who="1" ten="227,204,322,237" step="2"/><V127/><F127/><W31/><G31/><T74/><D117/><U86/><AGARI ba="0,1" hai="40,42,43,48,49,50,52,57,61,79,80,86,88,89" machi="86" ten="30,16000,3" yaku="1,1,2,1,0,1,8,1,54,2,53,3" doraHai="105,4" doraHaiUra="14,47" who="1" fromWho="1" sc="227,-40,204,170,322,-80,237,-40" /><INIT seed="3,0,0,3,1,31" ten="187,374,242,197" oya="3" hai0="27,97,61,56,0,59,9,37,86,42,118,67,69" hai1="13,14,60,76,20,95,109,92,58,3,49,78,114" hai2="119,113,73,75,70,18,107,105,115,79,53,91,57" hai3="84,47,77,33,51,25,104,7,82,103,132,135,24"/><W98/><G7/><T12/><D118/><U72/><E3/><V38/><F119/><W131/><G131/><T6/><D27/><U116/><E114/><V35/><F35/><W130/><G130/><T36/><D97/><U74/><E49/><V101/><F70/><W68/><G68/><T54/><D59/><U99/><E116/><V71/><F71/><W83/><G83/><T108/><D108/><U50/><E50/><V121/><F38/><W123/><G123/><T28/><D28/><U122/><E20/><V128/><F128/><W34/><G24/><T45/><D37/><U88/><E74/><V100/><F121/><W29/><REACH who="3" step="1"/><G33/><REACH who="3" ten="187,374,242,187" step="2"/><T21/><D0/><U40/><E122/><V10/><F115/><W43/><AGARI ba="0,1" hai="25,29,34,43,47,51,77,82,84,98,103,104,132,135" machi="43" ten="30,12000,1" yaku="1,1,2,1,0,1,52,1,53,1" doraHai="31" doraHaiUra="46" who="3" fromWho="3" sc="187,-40,374,-40,242,-40,187,130" /><INIT seed="3,1,0,0,4,18" ten="147,334,202,317" oya="3" hai0="73,119,114,6,38,4,70,40,34,35,98,61,126" hai1="72,124,27,39,55,77,81,115,31,37,15,123,113" hai2="84,5,22,36,28,125,130,54,96,66,79,116,45" hai3="108,29,65,120,11,52,60,121,13,118,2,102,7"/><W132/><G118/><T63/><D119/><U71/><E55/><V46/><F116/><W21/><G132/><T94/><D73/><U105/><E15/><V43/><F125/><W23/><G108/><T74/><D74/><U131/><E124/><V9/><F130/><W41/><G41/><T44/><D126/><U110/><E131/><V89/><F66/><W51/><G102/><T26/><D114/><U14/><E14/><V75/><F96/><W100/><G100/><T42/><D70/><U1/><E105/><V128/><F128/><W104/><G104/><T56/><D35/><U76/><E76/><V62/><F79/><W12/><G12/><T95/><D42/><U69/><E1/><V92/><F75/><W17/><G21/><T101/><D63/><U122/><E110/><V133/><F133/><W83/><G83/><T33/><D33/><N who="1" m="20735" /><E71/><V112/><F112/><N who="1" m="43081" /><E69/><V129/><F129/><W16/><G17/><T97/><D34/><U91/><E91/><V0/><F22/><W49/><G29/><T117/><D117/><U134/><E134/><V24/><F28/><W135/><G135/><T82/><D82/><U90/><E90/><V127/><F43/><W99/><G99/><T64/><REACH who="0" step="1"/><D26/><REACH who="0" ten="137,334,202,317" step="2"/><U88/><E72/><V57/><F127/><W30/><G30/><T8/><D8/><U67/><E81/><V107/><F24/><W10/><G11/><T47/><D47/><U85/><E123/><N who="3" m="47178" /><G65/><T53/><D53/><U109/><E67/><V3/><F54/><W25/><G25/><T58/><D58/><U59/><E59/><V19/><F57/><RYUUKYOKU ba="1,1" sc="137,15,334,-15,202,-15,317,15" hai0="4,6,38,40,44,56,61,64,94,95,97,98,101" hai3="2,7,10,13,16,23,49,51,52,60" owari="152,-34.8,319,11.9,187,-21.3,342,44.2" /></mjloggm>