<mjloggm ver="2.3"><GO type="225" lobby="0"/><UN n0="%E4%BF%BA%E3%81%A8%E5%A6%96%E5%A4%A2" n1="%6E%69%63%6F%6E%74%6F" n2="%E3%82%BC%E3%83%AB%E3%83%80%E3%81%AE%E4%BC%9D%E8%AA%AC" n3="%E3%83%8F%E3%83%B3%E3%83%89%E3%83%A9%E3%83%BC%E3%83%BB%E3%83%AF%E3%83%B3" dan="17,16,17,17" rate="2190.61,2104.32,2245.66,2184.44" sx="F,M,M,M"/><TAIKYOKU oya="0"/><INIT seed="0,0,0,3,3,41" ten="250,250,250,250" oya="0" hai0="6,21,104,82,46,125,118,106,39,114,58,30,121" hai1="24,62,115,84,70,95,12,8,77,85,5,83,96" hai2="51,31,133,97,80,10,109,131,54,56,128,4,117" hai3="14,112,57,7,123,124,40,72,35,78,29,22,13"/><T119/><D114/><U59/><E59/><BYE who="1" /><V87/><F109/><W76/><G112/><T23/><D121/><U108/><E108/><V116/><F31/><W113/><G113/><T37/><D6/><U20/><E20/><N who="0" m="7753" /><D30/><U91/><E91/><UN n1="%6E%69%63%6F%6E%74%6F" /><V69/><F97/><W0/><G124/><T38/><D58/><U105/><E105/><N who="0" m="40553" /><D82/><U120/><E120/><V107/><F107/><W52/><G123/><T71/><D71/><U73/><E115/><V55/><F69/><W63/><G72/><T68/><D68/><U98/><E24/><V45/><F133/><W92/><G92/><T50/><D50/><U134/><E134/><V1/><F55/><W2/><G2/><T135/><D135/><U25/><E25/><V103/><F103/><W94/><G94/><T64/><D64/><U61/><E70/><V129/><REACH who="2" step="1"/><F56/><REACH who="2" ten="250,250,240,250" step="2"/><W102/><G102/><T132/><D132/><U33/><E98/><V26/><F26/><W49/><G29/><T27/><D27/><U122/><E122/><V32/><F32/><W67/><G35/><T3/><D125/><U100/><E33/><V34/><F34/><W101/><G101/><T28/><D28/><U18/><E18/><V88/><AGARI ba="0,1" hai="1,4,10,45,51,54,80,87,88,116,117,128,129,131" machi="88" ten="40,8000,1" yaku="1,1,0,1,19,1,52,1,54,1,53,0" doraHai="41" doraHaiUra="89" who="2" fromWho="2" sc="250,-40,250,-20,240,90,250,-20" /><INIT seed="1,0,0,5,5,59" ten="210,230,330,230" oya="1" hai0="32,72,124,33,1,111,114,102,67,117,109,98,23" hai1="38,103,49,4,66,24,83,118,125,35,54,21,31" hai2="65,11,97,56,42,6,112,39,5,128,113,51,100" hai3="78,127,119,47,57,126,36,86,96,48,105,93,14"/><U134/><E118/><V0/><F128/><W75/><G119/><T81/><D117/><U9/><E134/><V18/><F6/><W107/><G36/><T55/><D114/><N who="2" m="44138" /><F18/><W29/><G75/><T108/><D1/><U87/><E125/><N who="3" m="47626" /><G29/><T30/><D124/><U10/><E38/><V19/><F19/><W17/><G57/><T62/><D55/><U101/><E35/><V71/><F39/><W26/><G26/><N who="0" m="16735" /><D81/><U120/><E120/><V63/><F42/><N who="3" m="24695" /><G86/><T82/><D72/><U130/><E66/><V53/><F97/><W64/><G78/><T95/><D82/><U121/><E121/><V84/><F84/><W46/><G46/><T13/><D13/><N who="1" m="5287" /><E10/><V94/><F94/><W131/><G64/><T20/><D20/><U92/><E92/><V74/><F74/><W80/><G80/><T52/><D52/><U116/><E116/><V15/><F100/><N who="3" m="60431" /><G131/><T60/><D67/><U76/><E130/><V37/><F37/><W58/><G58/><AGARI ba="0,0" hai="21,24,31,49,54,58,76,83,87,101,103" m="5287" machi="58" ten="30,1500,0" yaku="8,1" doraHai="59" who="1" fromWho="3" sc="210,0,230,15,330,0,230,-15" /><INIT seed="1,1,0,0,5,69" ten="210,245,330,215" oya="1" hai0="125,8,1,7,44,88,83,134,39,54,59,127,38" hai1="63,53,86,48,77,9,91,72,56,128,93,31,122" hai2="109,14,42,132,105,55,22,121,52,23,113,35,97" hai3="61,21,5,92,112,45,120,104,70,115,111,81,29"/><U65/><E122/><V79/><F121/><W71/><G120/><T67/><D134/><U40/><E128/><V49/><F35/><W43/><G104/><T51/><D67/><U90/><E72/><V103/><F132/><W96/><G111/><T123/><D123/><U100/><E77/><V10/><F109/><W118/><G118/><T16/><D16/><U99/><E31/><V129/><F129/><W60/><G5/><T46/><D46/><U19/><E40/><V13/><F113/><W126/><G126/><N who="0" m="48139" /><D59/><U102/><E9/><V30/><F79/><W15/><G71/><T114/><D114/><U119/><E19/><V87/><F87/><AGARI ba="1,0" hai="1,7,8,38,39,44,51,54,83,87,88" m="48139" machi="87" ten="30,7700,0" yaku="18,1,52,2,54,1" doraHai="69" who="0" fromWho="2" sc="210,80,245,0,330,-80,215,0" /><INIT seed="2,0,0,0,5,120" ten="290,245,250,215" oya="2" hai0="6,89,33,17,5,40,133,37,51,88,63,30,2" hai1="108,15,115,91,14,130,96,24,102,20,82,90,126" hai2="75,42,64,61,49,32,46,134,119,19,47,124,62" hai3="103,129,113,10,13,60,93,77,128,56,52,86,97"/><V81/><F119/><W73/><G73/><T111/><D37/><U110/><E115/><V27/><F124/><W48/><G113/><T123/><D123/><U34/><E126/><V84/><F134/><W109/><G109/><N who="1" m="42090" /><E130/><V107/><F107/><W135/><G135/><T78/><D133/><U94/><E34/><V21/><F75/><W23/><G23/><T57/><D78/><U9/><E82/><V132/><F132/><W101/><G101/><T65/><D30/><N who="1" m="17671" /><E15/><V67/><F32/><W7/><G77/><T36/><D33/><U1/><E1/><V0/><F0/><W104/><G86/><T127/><D127/><U116/><E116/><V38/><F38/><W98/><G98/><T74/><D36/><U106/><E94/><V54/><F81/><W35/><G35/><T39/><D39/><U3/><E3/><V125/><F125/><W12/><G12/><T105/><D2/><U26/><E26/><V112/><F112/><W16/><G93/><T55/><D111/><U121/><E121/><V58/><F84/><W79/><G79/><T80/><D80/><U76/><E76/><V31/><F31/><W11/><G11/><T122/><D74/><U69/><E69/><V25/><F27/><W29/><G29/><T87/><D87/><U72/><E72/><V117/><F117/><W85/><G85/><T43/><D122/><U4/><AGARI ba="0,0" hai="4,9,14,90,91,96,102,106" m="17671,42090" machi="4" ten="30,7900,0" yaku="14,1,52,3" doraHai="120" who="1" fromWho="1" sc="290,-20,245,79,250,-39,215,-20" /><INIT seed="3,0,0,3,4,129" ten="270,324,211,195" oya="3" hai0="14,17,41,76,68,104,123,32,33,128,91,9,130" hai1="47,114,65,25,77,90,100,79,4,69,49,2,54" hai2="89,126,113,39,109,10,99,37,66,24,5,55,120" hai3="7,106,42,127,94,93,107,119,134,67,52,60,110"/><W26/><G119/><T85/><D123/><U97/><E114/><V8/><F113/><W36/><G127/><T101/><D68/><U43/><E2/><V63/><F126/><W81/><G7/><T23/><D76/><U121/><E4/><V105/><F120/><W56/><G110/><T71/><D71/><U50/><E121/><V112/><F112/><W122/><G122/><T95/><D41/><U125/><E90/><V103/><F109/><W88/><G81/><T70/><D70/><U19/><E65/><V92/><F55/><W18/><G134/><T3/><D101/><U22/><E69/><V30/><F63/><W73/><G73/><T75/><D104/><U86/><E86/><V61/><F89/><W111/><G94/><T83/><D95/><N who="1" m="58431" /><E125/><V46/><F105/><W16/><G111/><T74/><D75/><U87/><E87/><V96/><F96/><N who="3" m="57383" /><G18/><N who="0" m="8527" /><D3/><U6/><E6/><V28/><F5/><W82/><G82/><T133/><D74/><U21/><E21/><N who="2" m="15375" /><F30/><W57/><G67/><T0/><D0/><U11/><E11/><V115/><F115/><W116/><G116/><T117/><D117/><U59/><AGARI ba="0,0" hai="19,22,25,43,47,49,50,54,59,77,79" m="58431" machi="59" ten="30,1100,0" yaku="8,1" doraHai="129" who="1" fromWho="1" sc="270,-3,324,11,211,-3,195,-5" owari="267,6.7,335,43.5,208,-19.2,190,-31.0" /></mjloggm>