<mjloggm ver="2.3"><GO type="225" lobby="0"/><UN n0="%E3%81%82%E3%81%99%E3%81%AB%E3%82%83%E3%82%80" n1="%E3%82%B2%E3%82%B9%E8%8C%82%E5%8B%9D" n2="%72%65%6E%6B%75%6E" n3="%E3%81%A9%E3%82%8F%E3%82%93%E3%81%94" dan="16,16,17,16" rate="2108.34,2078.59,2226.91,2093.19" sx="F,F,M,M"/><TAIKYOKU oya="0"/><INIT seed="0,0,0,2,5,81" ten="250,250,250,250" oya="0" hai0="112,109,126,45,29,35,17,104,89,39,8,123,58" hai1="3,21,33,106,57,82,96,4,75,90,124,65,117" hai2="130,105,125,120,113,44,121,99,64,1,110,101,80" hai3="69,61,38,19,68,22,53,2,46,34,24,71,78"/><T56/><D112/><U72/><E124/><V31/><F1/><W93/><G2/><T6/><D123/><U30/><E33/><V127/><F64/><W42/><G34/><T131/><D126/><N who="2" m="48138" /><F31/><W41/><G41/><T134/><D104/><U95/><E117/><V73/><F113/><W94/><G61/><T18/><D134/><U100/><E4/><V67/><F67/><W27/><G27/><T83/><D131/><U62/><E3/><V55/><F55/><W76/><G53/><T119/><D119/><U91/><E82/><V116/><F116/><W77/><AGARI ba="0,0" hai="19,22,24,38,42,46,68,69,71,76,77,78,93,94" machi="77" ten="40,1500,0" yaku="0,1" doraHai="81" who="3" fromWho="3" sc="250,-7,250,-4,250,-4,250,15" /><INIT seed="1,0,0,2,1,121" ten="243,246,246,265" oya="1" hai0="69,18,132,112,12,120,21,82,1,126,14,20,5" hai1="77,71,125,113,32,94,103,50,28,88,111,4,130" hai2="68,60,118,51,128,34,55,74,39,36,42,11,17" hai3="107,47,131,3,100,53,124,66,133,56,54,16,99"/><U104/><E113/><V43/><F34/><W85/><G3/><T86/><D69/><U62/><E130/><V63/><F74/><W9/><G131/><T37/><D37/><N who="2" m="14410" /><F17/><W52/><G133/><T135/><D112/><U61/><E125/><V29/><F29/><W0/><G124/><T115/><D115/><U46/><E77/><V79/><F79/><W23/><G47/><T123/><D126/><U38/><E38/><V95/><F95/><W102/><G102/><T48/><D48/><U78/><E78/><V15/><F15/><W49/><G66/><T96/><D96/><U129/><E129/><V8/><F8/><W106/><G106/><T109/><D109/><U33/><E111/><V2/><F11/><W127/><G127/><T35/><D35/><U98/><E4/><V101/><F101/><W105/><G105/><T64/><D64/><U116/><E116/><V114/><F2/><W134/><G134/><N who="0" m="51243" /><D86/><U57/><E71/><V70/><F128/><W93/><G85/><T41/><D41/><N who="2" m="15370" /><F118/><W91/><G107/><T22/><D82/><U72/><E72/><V59/><F114/><W6/><G100/><T30/><D30/><U97/><E28/><V65/><F60/><W25/><AGARI ba="0,0" hai="0,6,9,16,23,25,49,52,53,54,56,91,93,99" machi="25" ten="20,5200,0" yaku="0,1,7,1,54,2" doraHai="121" who="3" fromWho="3" sc="243,-13,246,-26,246,-13,265,52" /><INIT seed="2,0,0,1,0,50" ten="230,220,233,317" oya="2" hai0="9,102,121,131,55,13,91,107,116,21,123,133,66" hai1="0,70,68,80,79,8,97,30,61,54,86,87,63" hai2="28,106,98,104,19,45,42,135,111,23,100,53,52" hai3="34,110,93,3,127,117,88,129,46,105,58,27,65"/><V132/><F28/><W26/><G117/><T71/><D116/><U32/><E97/><V115/><F106/><W12/><G3/><T130/><D133/><N who="2" m="51274" /><F111/><W77/><G105/><T24/><D102/><U25/><E87/><V103/><F103/><W10/><G77/><T113/><D107/><U83/><E80/><V124/><F124/><W51/><G129/><N who="0" m="49163" /><D113/><U57/><REACH who="1" step="1"/><E63/><REACH who="1" ten="230,210,233,317" step="2"/><V39/><F115/><W2/><G127/><T99/><D99/><U4/><AGARI ba="0,1" hai="0,4,8,25,30,32,54,57,61,68,70,79,83,86" machi="4" ten="30,7900,0" yaku="1,1,2,1,0,1,52,1,53,0" doraHai="50" doraHaiUra="114" who="1" fromWho="1" sc="230,-20,210,89,233,-39,317,-20" /><INIT seed="3,0,0,5,1,48" ten="210,299,194,297" oya="3" hai0="6,68,58,23,0,9,52,106,97,67,44,100,17" hai1="12,47,33,122,117,21,24,85,90,93,19,37,34" hai2="1,8,113,125,118,123,41,61,30,104,62,130,56" hai3="63,78,31,95,51,69,29,126,64,73,99,27,84"/><W132/><G73/><T119/><D119/><U109/><E122/><V39/><F104/><W81/><G132/><T120/><D120/><U105/><E109/><V59/><F123/><W102/><G126/><T76/><D76/><U36/><E117/><V5/><F113/><W111/><G111/><T129/><D129/><U87/><E105/><V101/><F118/><W4/><G4/><T75/><D75/><U20/><E85/><V57/><F101/><W45/><G27/><T121/><D121/><U110/><E110/><V83/><F130/><W32/><G32/><T16/><D68/><U35/><REACH who="1" step="1"/><E47/><REACH who="1" ten="210,289,194,297" step="2"/><V50/><F125/><W77/><G78/><T92/><D106/><U107/><E107/><V96/><F96/><W55/><AGARI ba="0,1" hai="29,31,45,51,55,63,64,69,77,81,84,95,99,102" machi="55" ten="20,3900,0" yaku="0,1,7,1,52,1" doraHai="48" who="3" fromWho="3" sc="210,-13,289,-13,194,-13,297,49" owari="197,-20.3,276,7.6,181,-31.9,346,44.6" /></mjloggm>