<mjloggm ver="2.3"><GO type="225" lobby="0"/><UN n0="%48%61%61%61%6C%61%6E%64" n1="%E3%81%A9%E3%82%8F%E3%82%93%E3%81%94" n2="%E5%84%AA%40%41%42%43" n3="%E3%81%AF%E3%82%88%E3%81%8A%E3%81%98%E3%81%95%E3%82%93" dan="18,16,17,17" rate="2230.50,2068.96,2141.18,2227.80" sx="M,M,M,M"/><TAIKYOKU oya="0"/><INIT seed="0,0,0,4,3,125" ten="250,250,250,250" oya="0" hai0="98,109,113,27,64,55,68,110,35,92,6,36,39" hai1="26,28,14,112,59,52,130,19,121,50,30,93,17" hai2="135,49,32,15,115,48,54,72,86,43,124,40,47" hai3="1,37,75,101,95,65,67,20,34,105,79,127,74"/><T118/><D113/><U23/><E121/><V45/><F115/><W57/><G34/><T21/><D118/><U78/><E112/><V13/><F72/><W33/><G33/><T63/><D35/><U8/><E130/><V46/><F124/><W103/><G127/><T25/><D6/><U122/><E122/><V9/><F32/><W104/><G37/><T126/><D126/><U11/><E78/><V70/><F70/><W60/><G1/><T85/><D85/><U97/><REACH who="1" step="1"/><E11/><REACH who="1" ten="250,240,250,250" step="2"/><V61/><F9/><W123/><G79/><T44/><D109/><U73/><E73/><V53/><F135/><W114/><G123/><T82/><D110/><U107/><E107/><V10/><F10/><W2/><G114/><T76/><D76/><U102/><AGARI ba="0,1" hai="8,14,17,19,23,26,28,30,50,52,59,93,97,102" machi="102" ten="20,8000,1" yaku="1,1,0,1,7,1,8,1,54,1,53,0" doraHai="125" doraHaiUra="116" who="1" fromWho="1" sc="250,-40,240,90,250,-20,250,-20" /><INIT seed="1,0,0,2,2,112" ten="210,330,230,230" oya="1" hai0="23,82,71,6,94,119,84,85,103,60,113,1,93" hai1="121,49,126,61,45,52,132,54,72,116,70,108,46" hai2="135,98,79,62,4,33,127,110,77,64,40,42,92" hai3="56,8,48,125,111,36,130,107,80,41,117,10,31"/><U39/><E72/><V11/><F33/><W74/><G107/><T118/><D113/><U24/><E121/><V51/><F110/><W9/><G111/><T37/><D37/><U3/><E3/><V50/><F127/><W25/><G125/><T133/><D133/><U5/><E5/><V100/><F135/><W134/><G134/><T120/><D120/><U102/><E102/><V7/><F62/><W53/><G130/><T97/><D23/><U128/><E24/><V87/><F64/><W47/><G117/><T68/><D6/><N who="2" m="2090" /><F11/><W58/><G58/><T115/><D1/><U34/><E34/><V20/><F20/><W99/><G99/><T81/><D115/><U96/><E132/><V55/><F87/><W29/><REACH who="3" step="1"/><G25/><REACH who="3" ten="210,330,230,220" step="2"/><T75/><D97/><U32/><E96/><V14/><F98/><W106/><G106/><T12/><D103/><U88/><E126/><V91/><F100/><W86/><G86/><T83/><D71/><U66/><E108/><V18/><F14/><W38/><G38/><T2/><D12/><U59/><E128/><V73/><F73/><W26/><G26/><T0/><D75/><U22/><E39/><V43/><F18/><W123/><G123/><T76/><D0/><U89/><E59/><V104/><F104/><W17/><G17/><T44/><D2/><U124/><E124/><V122/><F122/><W131/><G131/><T69/><D69/><U21/><E70/><V15/><F15/><W30/><G30/><T65/><D85/><U95/><E116/><N who="0" m="44585" /><D44/><U19/><E46/><N who="2" m="28119" /><F51/><W129/><G129/><T67/><D68/><RYUUKYOKU ba="0,1" sc="210,-15,330,-15,230,15,220,15" hai2="40,42,43,77,79,91,92" hai3="8,9,10,29,31,36,41,47,48,53,56,74,80" /><INIT seed="2,1,1,1,0,41" ten="195,315,245,235" oya="2" hai0="39,25,42,5,50,23,40,60,133,29,99,28,97" hai1="113,6,110,89,117,115,26,112,49,55,8,31,87" hai2="103,20,45,66,79,48,101,16,34,7,27,30,21" hai3="61,63,111,108,91,44,100,81,119,126,128,85,109"/><V125/><F125/><W102/><G119/><T98/><D133/><U67/><E117/><V37/><F37/><W78/><G126/><T62/><D5/><U83/><E67/><V22/><F66/><W124/><G124/><T76/><D76/><U96/><E96/><V127/><F127/><W4/><G128/><T129/><D129/><U121/><E110/><V114/><F114/><W1/><G1/><T13/><D13/><U77/><E121/><V58/><F58/><W57/><G4/><T93/><D93/><U15/><E77/><V71/><F71/><W19/><G19/><T73/><D73/><U104/><E104/><V90/><F79/><W47/><G63/><N who="0" m="24107" /><D39/><U122/><E122/><V18/><F7/><W132/><G132/><T107/><D107/><U59/><E115/><V95/><F103/><N who="3" m="39467" /><G78/><T32/><D32/><AGARI ba="1,1" hai="6,8,15,26,31,32,49,55,59,83,87,89,112,113" machi="32" ten="30,1000,0" yaku="7,1" doraHai="41" who="1" fromWho="0" sc="195,-13,315,23,245,0,235,0" /><INIT seed="3,0,0,0,4,135" ten="182,338,245,235" oya="3" hai0="63,108,123,28,125,90,52,92,10,13,65,44,103" hai1="12,80,117,89,11,48,30,24,69,133,17,84,102" hai2="62,134,41,16,119,76,9,58,105,66,86,57,99" hai3="104,23,22,51,78,36,116,97,47,91,112,124,40"/><W64/><G112/><T96/><D108/><U39/><E69/><V94/><F119/><W88/><G116/><T7/><D123/><U50/><E39/><V15/><F134/><W85/><G124/><T33/><D125/><U128/><E133/><V14/><F105/><W127/><G127/><T42/><D28/><U35/><E117/><V21/><F41/><W25/><G78/><T54/><D33/><U98/><E128/><V83/><F57/><W38/><G64/><T26/><D26/><U56/><E56/><V100/><REACH who="2" step="1"/><F9/><REACH who="2" ten="182,338,235,235" step="2"/><W37/><G40/><T132/><D132/><U3/><E3/><V73/><F73/><W109/><G104/><AGARI ba="0,1" hai="11,12,17,24,30,35,48,50,80,84,89,98,102,104" machi="104" ten="30,1000,0" yaku="7,1" doraHai="135" who="1" fromWho="3" sc="182,0,338,20,235,0,235,-10" owari="182,-31.8,358,45.8,235,3.5,225,-17.5" /></mjloggm>