<mjloggm ver="2.3"><GO type="225" lobby="0"/><UN n0="%E3%83%B4%E3%83%A0%EF%BC%99%E3%81%A6" n1="%E3%82%BC%E3%83%AB%E3%83%80%E3%81%AE%E4%BC%9D%E8%AA%AC" n2="%74%61%6B%75%61%6B%61" n3="%E7%AD%89%E3%80%85%E5%8A%9B%E5%8A%87%E5%A0%B4" dan="17,16,16,16" rate="2192.03,2213.32,2143.68,2169.49" sx="M,M,M,M"/><TAIKYOKU oya="0"/><INIT seed="0,0,0,5,1,131" ten="250,250,250,250" oya="0" hai0="92,63,72,65,123,53,116,41,121,60,59,73,56" hai1="117,124,64,24,134,100,8,12,35,49,74,109,4" hai2="9,113,82,15,78,21,0,94,54,119,18,23,5" hai3="102,133,101,135,104,16,31,7,130,91,112,17,97"/><T52/><D92/><U90/><E74/><V66/><F113/><W120/><G112/><T125/><D125/><U86/><E117/><V58/><F119/><W132/><G130/><T76/><D116/><U67/><E124/><V33/><F33/><W29/><G120/><T20/><D65/><U110/><E100/><V84/><F94/><W93/><G7/><T79/><REACH who="0" step="1"/><D20/><REACH who="0" ten="240,250,250,250" step="2"/><U37/><E67/><V43/><F66/><W69/><G69/><T96/><D96/><U70/><E64/><V57/><F43/><AGARI ba="0,1" hai="41,43,52,53,56,59,60,63,72,73,76,79,121,123" machi="43" ten="25,9600,0" yaku="1,1,22,2,54,1,53,0" doraHai="131" doraHaiUra="80" who="0" fromWho="2" sc="240,106,250,0,250,-96,250,0" /><INIT seed="0,1,0,0,2,11" ten="346,250,154,250" oya="0" hai0="113,133,104,30,44,40,120,111,117,19,60,64,52" hai1="86,96,36,6,129,2,130,121,134,127,89,46,128" hai2="13,67,26,5,62,116,59,126,94,73,50,48,110" hai3="45,61,29,135,98,103,14,97,27,102,132,57,83"/><T66/><D113/><U74/><E121/><V106/><F106/><W32/><G45/><T85/><D120/><U69/><E69/><V123/><F123/><W122/><G122/><T4/><D117/><U78/><E127/><V3/><F3/><W21/><G83/><T10/><D104/><U28/><E28/><V95/><F73/><W112/><G112/><T55/><D133/><U7/><E134/><N who="3" m="51242" /><G98/><T0/><D111/><U92/><E74/><V43/><F126/><W41/><G41/><T79/><D30/><U99/><E78/><V77/><F116/><W118/><G118/><T115/><D19/><U47/><E2/><V80/><F26/><W1/><G1/><T119/><D119/><U114/><E114/><V107/><F107/><W82/><G82/><T25/><D25/><U131/><N who="1" m="32768" /><DORA hai="88" /><U9/><E46/><N who="2" m="25695" /><F50/><W15/><G32/><T91/><D79/><U76/><E76/><V16/><F5/><N who="1" m="1545" /><E9/><N who="2" m="6191" /><F110/><W20/><G20/><T24/><D0/><U54/><E36/><V65/><F65/><N who="3" m="39087" /><G103/><T51/><D64/><U33/><E33/><V42/><F42/><W71/><G71/><T75/><D66/><U34/><E34/><V63/><F63/><W38/><G38/><T22/><D40/><U8/><E8/><V17/><F17/><W105/><AGARI ba="1,0" hai="14,15,21,27,29,97,102,105" m="39087,51242" machi="105" ten="30,4000,0" yaku="20,1,52,2" doraHai="11,88" who="3" fromWho="3" sc="346,-21,250,-11,154,-11,250,43" /><INIT seed="1,0,0,3,5,73" ten="325,239,143,293" oya="1" hai0="93,34,122,59,85,61,8,10,86,35,113,69,68" hai1="2,50,12,95,38,77,4,74,131,6,116,100,117" hai2="54,46,106,78,88,41,107,43,135,111,24,58,89" hai3="27,28,63,82,16,103,25,36,14,101,130,132,125"/><U123/><E123/><V134/><F111/><W65/><G36/><T62/><D122/><U102/><E38/><V13/><F24/><W94/><G132/><T79/><D93/><U128/><E50/><V64/><F64/><W126/><G130/><N who="1" m="49706" /><E12/><V40/><F46/><W67/><G82/><T56/><REACH who="0" step="1"/><D79/><REACH who="0" ten="315,239,143,293" step="2"/><U18/><E95/><V15/><F78/><W66/><G94/><T26/><D26/><U104/><E104/><N who="2" m="39979" /><F58/><W33/><G27/><T48/><D48/><U98/><E77/><V90/><F54/><W37/><G37/><T121/><D121/><U0/><E116/><V115/><F115/><AGARI ba="0,1" hai="8,10,34,35,56,59,61,62,68,69,85,86,113,115" machi="115" ten="25,3200,0" yaku="1,1,22,2,53,0" doraHai="73" doraHaiUra="129" who="0" fromWho="2" sc="315,42,239,0,143,-32,293,0" /><INIT seed="2,0,0,2,5,63" ten="357,239,111,293" oya="2" hai0="122,102,74,91,115,103,50,35,13,121,68,69,97" hai1="135,73,81,114,22,93,132,82,45,133,11,32,112" hai2="113,34,134,128,124,67,0,108,84,119,44,19,21" hai3="76,52,98,79,78,56,85,126,30,23,62,5,58"/><V41/><F84/><W131/><G131/><T18/><D115/><U61/><E32/><V86/><F119/><W3/><G126/><T90/><D74/><U25/><E93/><V109/><F113/><N who="1" m="43625" /><E73/><V55/><F124/><W15/><G3/><T118/><D35/><U54/><E11/><V28/><F128/><W48/><G98/><T4/><D118/><U95/><E95/><V9/><F134/><W53/><G5/><T39/><D39/><U101/><E101/><V14/><F86/><W33/><G33/><T6/><D13/><U8/><E8/><V106/><F106/><W66/><G85/><T10/><D10/><U111/><E111/><N who="2" m="42571" /><F55/><N who="3" m="31847" /><G30/><T46/><D97/><U127/><E127/><V88/><F88/><W116/><G116/><T71/><D90/><U72/><E72/><V110/><N who="2" m="42579" /><V47/><DORA hai="24" /><F41/><W87/><G87/><T120/><D91/><U65/><E82/><V75/><F75/><W89/><G89/><T20/><D102/><U17/><E81/><V107/><F107/><W123/><G123/><T96/><D103/><U37/><E132/><V64/><F34/><W40/><G40/><N who="0" m="24903" /><D96/><U36/><E133/><V100/><F100/><W125/><G125/><T92/><D92/><U80/><E80/><V26/><F0/><W94/><G94/><T29/><D120/><U49/><E135/><V57/><F57/><W77/><N who="3" m="19456" /><DORA hai="104" /><W31/><G53/><T2/><D121/><U70/><E54/><V38/><F38/><W130/><G52/><T42/><D122/><U60/><E60/><V27/><F27/><N who="3" m="16895" /><G130/><T129/><D129/><RYUUKYOKU ba="0,0" sc="357,-30,239,10,111,10,293,10" hai1="17,22,25,36,37,45,49,61,65,70" hai2="9,14,19,21,26,28,44,47,64,67" hai3="15,58,62,66" /><INIT seed="2,1,0,2,0,26" ten="327,249,121,303" oya="2" hai0="38,14,34,6,46,98,1,59,122,44,129,21,18" hai1="127,45,125,87,128,4,124,60,106,101,25,62,80" hai2="108,114,76,88,32,78,83,74,86,111,90,121,57" hai3="116,20,132,110,85,93,27,31,42,133,91,75,61"/><V39/><F39/><W52/><G116/><T47/><D122/><U115/><E115/><V50/><F32/><W117/><G117/><T29/><D129/><U119/><E119/><V3/><F3/><W65/><G75/><T35/><D35/><U100/><E128/><V105/><F50/><W89/><G110/><N who="2" m="42025" /><F57/><W95/><G42/><T13/><D13/><U112/><E112/><V51/><F51/><W58/><REACH who="3" step="1"/><G65/><REACH who="3" ten="327,249,121,293" step="2"/><T55/><D38/><U2/><E127/><V63/><F114/><W135/><G135/><T7/><D1/><U72/><E2/><V118/><F118/><W23/><G23/><T113/><D113/><U68/><E125/><V12/><F121/><W66/><G66/><T104/><D34/><U82/><E124/><V64/><F12/><W11/><G11/><T70/><D14/><U79/><E72/><V94/><F105/><W48/><G48/><T37/><D37/><U107/><E107/><V69/><F74/><W131/><G131/><T67/><D104/><U134/><E106/><V15/><F15/><W30/><G30/><T81/><D29/><U8/><E134/><V33/><F33/><W40/><G40/><T103/><D67/><U97/><E8/><V96/><AGARI ba="1,1" hai="63,64,69,76,78,83,86,88,90,94,96" m="42025" machi="96" ten="30,6000,0" yaku="14,1,10,1,54,1" doraHai="26" who="2" fromWho="2" sc="327,-21,249,-21,121,73,293,-21" /><INIT seed="2,2,0,3,4,42" ten="306,228,194,272" oya="2" hai0="44,130,100,88,121,78,81,31,124,49,17,105,90" hai1="122,72,29,8,71,40,28,114,48,41,19,16,82" hai2="22,45,65,92,25,109,128,3,116,119,112,117,24" hai3="52,4,60,12,57,10,129,75,27,62,39,43,94"/><V123/><F123/><W37/><G75/><T13/><D121/><U63/><E122/><V68/><F112/><W51/><G129/><T135/><D130/><U9/><E114/><V125/><F128/><W5/><G39/><T69/><D69/><U33/><E71/><V56/><F68/><W36/><G36/><T87/><D31/><N who="1" m="11851" /><E72/><V96/><F3/><W11/><G27/><T133/><D124/><U131/><E33/><V67/><F125/><W80/><G80/><T7/><D100/><U77/><E63/><V104/><F104/><W50/><G37/><T55/><D105/><U120/><E120/><V6/><F109/><W110/><G110/><T106/><D7/><U53/><E131/><V98/><F6/><W54/><G43/><N who="1" m="16458" /><E82/><V38/><F38/><W26/><G26/><T59/><D106/><U32/><E77/><V66/><F56/><W2/><G94/><T61/><D59/><AGARI ba="2,0" hai="2,4,5,10,11,12,50,51,52,54,57,59,60,62" machi="59" ten="30,3900,0" yaku="7,1,9,1,54,1" doraHai="42" who="3" fromWho="0" sc="306,-45,228,0,194,0,272,45" /><INIT seed="3,0,0,3,2,27" ten="261,228,194,317" oya="3" hai0="37,4,101,0,60,112,89,91,68,97,108,21,22" hai1="103,134,102,39,5,83,36,87,67,125,66,48,129" hai2="9,47,105,127,81,31,18,100,16,69,11,8,75" hai3="28,32,1,25,17,118,51,35,55,135,77,92,76"/><W2/><G118/><T30/><D37/><U104/><E5/><V23/><F69/><W120/><G120/><T98/><D108/><U65/><E48/><V49/><F127/><W14/><G35/><T50/><D50/><U38/><E125/><V44/><F105/><W20/><G135/><T128/><D128/><U117/><E129/><V78/><F100/><W3/><REACH who="3" step="1"/><G92/><REACH who="3" ten="261,228,194,307" step="2"/><T24/><D112/><U132/><E117/><V19/><REACH who="2" step="1"/><F49/><REACH who="2" ten="261,228,184,307" step="2"/><W115/><G115/><T40/><D101/><U131/><E131/><V80/><F80/><W43/><G43/><T29/><D40/><U74/><E102/><V96/><F96/><W113/><G113/><T10/><D97/><U130/><E130/><V62/><F62/><W88/><G88/><T133/><D98/><U119/><E119/><V110/><F110/><W90/><G90/><T45/><D89/><U123/><E103/><V57/><F57/><AGARI ba="0,2" hai="1,2,3,14,17,20,25,28,32,51,55,57,76,77" machi="57" ten="40,7700,0" yaku="1,1,52,1,53,1" doraHai="27" doraHaiUra="54" who="3" fromWho="2" sc="261,0,228,0,184,-77,307,97" owari="261,6.1,228,-17.2,107,-39.3,404,50.4" /></mjloggm>