<mjloggm ver="2.3"><GO type="225" lobby="0"/><UN n0="%E7%99%BD%E6%97%A5%E9%9B%AA%E8%8F%9C" n1="%E9%B3%B3%E6%9D%B1%E3%81%AE%E3%81%BF%E3%81%91%E3%81%AB%E3%82%83%E3%82%93" n2="%E3%81%B5%E3%81%98%E3%81%8B%E3%81%A4" n3="%E6%A0%B9%E5%85%83%E3%81%8B%E3%82%89%E5%90%B9%E3%81%A3%E9%A3%9B%E3%81%B6" dan="17,17,17,17" rate="2211.19,2166.96,2217.64,2158.98" sx="M,F,M,F"/><TAIKYOKU oya="0"/><INIT seed="0,0,0,3,2,10" ten="250,250,250,250" oya="0" hai0="26,57,89,45,1,34,32,2,123,117,131,112,70" hai1="17,18,87,9,98,73,81,24,6,68,86,125,23" hai2="65,104,27,52,116,25,54,56,88,108,22,19,132" hai3="127,80,50,121,61,72,20,41,7,100,83,28,85"/><T77/><D70/><U16/><E68/><V53/><F108/><W129/><G127/><T71/><D71/><U3/><E125/><V42/><F104/><W60/><G129/><T36/><D112/><U99/><E73/><V15/><F132/><W111/><G111/><T51/><D117/><U63/><E63/><N who="2" m="38119" /><F42/><W128/><G72/><T49/><D77/><U35/><E35/><V13/><F116/><W0/><G100/><T38/><D123/><U21/><E87/><V122/><F122/><W95/><G7/><T40/><D89/><U5/><E5/><V91/><F27/><N who="3" m="16487" /><G0/><T103/><D26/><U37/><E37/><V110/><F110/><W101/><G83/><T90/><D103/><U69/><E69/><V82/><F82/><W115/><G128/><T84/><D131/><U44/><E44/><V78/><F78/><W106/><G106/><T92/><D1/><U120/><E120/><V48/><F48/><W43/><G115/><T126/><D2/><U59/><E59/><V109/><F109/><W74/><G74/><T64/><D126/><U79/><REACH who="1" step="1"/><E18/><REACH who="1" ten="250,240,250,250" step="2"/><V114/><F114/><W118/><G121/><T94/><D38/><U119/><E119/><V107/><F107/><W102/><G61/><N who="0" m="37935" /><D34/><U93/><E93/><N who="0" m="35945" /><D32/><U66/><E66/><V31/><F19/><W62/><G62/><T133/><D133/><U75/><E75/><V58/><F58/><W124/><G60/><T97/><D84/><U135/><E135/><V105/><F105/><W8/><G85/><T33/><D33/><U113/><E113/><V29/><F29/><W14/><G124/><RYUUKYOKU ba="0,1" sc="250,10,240,10,250,10,250,-30" hai0="36,40,45,49,51,90,97" hai1="3,6,9,16,17,21,23,24,79,81,86,98,99" hai2="13,15,22,25,31,52,53,54,88,91" /><INIT seed="0,1,1,5,1,111" ten="260,250,260,220" oya="0" hai0="53,49,42,74,88,105,1,70,76,25,64,20,120" hai1="30,102,95,82,56,59,3,98,31,116,67,101,104" hai2="110,66,90,72,2,81,54,92,46,44,128,23,60" hai3="71,75,22,115,38,63,41,121,51,129,96,123,18"/><T125/><D120/><N who="3" m="46153" /><G75/><T122/><D105/><U133/><E116/><V109/><F2/><W94/><G129/><T99/><D1/><U7/><E133/><V55/><F128/><W130/><G38/><T73/><D76/><U119/><E119/><V85/><F23/><W124/><G124/><T19/><D122/><U117/><E117/><V84/><F72/><W108/><G108/><N who="2" m="41577" /><F46/><N who="3" m="26063" /><G130/><T114/><D125/><U80/><E7/><V62/><F44/><W45/><G45/><T132/><D42/><U32/><E3/><V107/><F107/><W24/><G63/><N who="2" m="24105" /><F66/><W112/><G71/><T6/><D70/><U8/><E67/><V26/><F26/><W16/><G18/><T100/><D64/><U65/><E65/><V10/><F10/><W86/><G86/><T48/><D6/><U33/><E8/><V37/><F37/><W103/><AGARI ba="1,1" hai="16,22,24,94,96,103,112,115" m="26063,46153" machi="103" ten="30,7900,0" yaku="13,1,52,2,54,1" doraHai="111" who="3" fromWho="3" sc="260,-40,250,-21,260,-21,220,92" /><INIT seed="1,0,0,0,4,112" ten="220,229,239,312" oya="1" hai0="48,13,51,47,3,73,85,108,132,127,125,129,63" hai1="34,81,21,2,52,78,114,17,93,6,24,58,70" hai2="91,57,55,28,20,122,14,50,32,116,103,94,105" hai3="74,80,39,101,106,56,61,62,86,134,117,18,121"/><U118/><E114/><V95/><F122/><W11/><G39/><T8/><D73/><U102/><E70/><V36/><F36/><W110/><G110/><T77/><D3/><U43/><E43/><V107/><F32/><W65/><G134/><T87/><D108/><U4/><E34/><V26/><F116/><W59/><G121/><T133/><D63/><U72/><E2/><V124/><F124/><N who="0" m="47690" /><D77/><U42/><E42/><V126/><F126/><W10/><G74/><T90/><D85/><U45/><E45/><V54/><F54/><W131/><G131/><T33/><D33/><U49/><REACH who="1" step="1"/><E118/><REACH who="1" ten="220,219,239,312" step="2"/><V23/><F105/><W5/><G106/><T25/><D47/><U113/><E113/><V88/><F107/><W16/><G117/><T82/><D129/><U68/><E68/><V69/><F69/><W98/><G59/><T44/><D44/><U29/><E29/><V71/><F71/><W123/><G56/><T37/><D37/><U35/><E35/><V99/><REACH who="2" step="1"/><F95/><REACH who="2" ten="220,219,229,312" step="2"/><W40/><G123/><T15/><D133/><U64/><E64/><V46/><F46/><W60/><G65/><T67/><D132/><U31/><E31/><V89/><F89/><W92/><G40/><T1/><D67/><U19/><E19/><AGARI ba="0,2" hai="14,19,20,23,26,28,50,55,57,88,91,94,99,103" machi="19" ten="40,8000,1" yaku="1,1,8,1,54,1,53,1" doraHai="112" doraHaiUra="22" who="2" fromWho="1" sc="220,0,219,-80,229,100,312,0" /><INIT seed="2,0,0,3,0,127" ten="220,139,329,312" oya="2" hai0="31,8,66,71,89,135,2,120,106,107,108,115,50" hai1="34,13,44,51,52,92,102,125,9,86,21,48,1" hai2="42,112,111,94,129,85,121,88,40,27,124,82,26" hai3="63,18,73,54,12,87,41,117,57,70,96,33,25"/><V74/><F121/><W24/><G117/><T123/><D115/><U84/><E34/><V28/><F112/><W65/><G73/><T5/><D50/><U46/><E125/><V134/><F124/><W118/><G118/><T122/><D108/><U22/><E1/><V113/><F113/><W80/><G33/><T95/><D135/><U131/><E131/><V49/><F111/><W39/><G96/><T3/><D3/><U10/><E102/><V98/><F134/><W90/><G41/><T93/><D31/><U38/><E38/><V30/><F74/><W109/><G39/><T77/><D77/><U20/><E92/><V83/><F129/><W23/><G109/><T17/><D17/><U64/><E64/><V0/><F0/><W91/><G91/><T79/><D79/><U72/><E72/><V101/><F49/><AGARI ba="0,0" hai="12,18,23,24,25,49,54,57,63,65,70,80,87,90" machi="49" ten="30,1000,0" yaku="7,1" doraHai="127" who="3" fromWho="2" sc="220,0,139,0,329,-10,312,10" /><INIT seed="3,0,0,1,1,17" ten="220,139,319,322" oya="3" hai0="93,97,13,98,127,2,102,28,24,79,124,66,126" hai1="113,109,112,12,86,29,104,11,64,101,121,125,61" hai2="53,74,58,90,0,105,117,115,116,48,27,128,9" hai3="35,16,103,73,69,34,21,23,22,59,123,44,91"/><W1/><G69/><T95/><D2/><U70/><E121/><V60/><F115/><W56/><G73/><T133/><D133/><U63/><E109/><V19/><F105/><W38/><G1/><T76/><D13/><U110/><E110/><V132/><F74/><W62/><G35/><T26/><D66/><U78/><E125/><V80/><F132/><W87/><G34/><T46/><D46/><U7/><E104/><V43/><F0/><W14/><G103/><T40/><D40/><U120/><E101/><V75/><F75/><W134/><G123/><T15/><D15/><U119/><E120/><V82/><F128/><W57/><G134/><T85/><D85/><U6/><E119/><V39/><F39/><W3/><G3/><T122/><D122/><U5/><E63/><V20/><F9/><N who="3" m="6223" /><G44/><T129/><D129/><U92/><E29/><V107/><F107/><W32/><G32/><N who="0" m="20487" /><D26/><U94/><E78/><V99/><F117/><W37/><G37/><T77/><D77/><U55/><E55/><N who="2" m="33887" /><F43/><W36/><G36/><T25/><D25/><U96/><E86/><V130/><F130/><W47/><G47/><T54/><D54/><U10/><E6/><V81/><F116/><W33/><G33/><T67/><D67/><U72/><E72/><V31/><F31/><W83/><G38/><T45/><D45/><U50/><E113/><V108/><F108/><W8/><G8/><T118/><D118/><U52/><E112/><V65/><F65/><AGARI ba="0,0" hai="21,22,23,56,57,59,62,65,83,87,91" m="6223" machi="65" ten="30,12000,1" yaku="8,1,52,3,54,1" doraHai="17" who="3" fromWho="2" sc="220,0,139,0,319,-120,322,120" owari="220,2.0,139,-36.1,199,-20.1,442,54.2" /></mjloggm>