<mjloggm ver="2.3"><GO type="225" lobby="0"/><UN n0="%6D%75%75%73%61%6E%6D%75" n1="%E3%80%90%E8%92%BC%E7%90%89%E3%80%91" n2="%E4%B8%89%E5%88%86%E5%B0%8F%E5%83%A7" n3="%E3%80%90%E3%83%88%E3%83%AA%E3%83%A5%E3%83%95%E3%80%91" dan="16,16,16,16" rate="2140.47,2126.10,2080.83,2125.08" sx="F,F,M,M"/><TAIKYOKU oya="0"/><INIT seed="0,0,0,4,4,35" ten="250,250,250,250" oya="0" hai0="128,53,123,20,77,22,97,10,79,74,117,29,132" hai1="110,99,87,64,113,2,108,11,49,65,44,9,88" hai2="103,14,86,31,101,43,1,62,116,51,6,37,91" hai3="125,85,96,130,118,114,38,30,42,107,73,94,78"/><T19/><D117/><U54/><E99/><V133/><F37/><W32/><G114/><T66/><D123/><U135/><E135/><V28/><F133/><W47/><G130/><T80/><D132/><U57/><E113/><V50/><F1/><W106/><G125/><T131/><D66/><U122/><E122/><V93/><F62/><W16/><G30/><N who="2" m="11305" /><F116/><W100/><G32/><T34/><D79/><U67/><E57/><V55/><F43/><W75/><G118/><T115/><D115/><U60/><E60/><V0/><F0/><W109/><G109/><N who="1" m="42090" /><E2/><V40/><F40/><W7/><G7/><T69/><D69/><U92/><AGARI ba="0,0" hai="9,11,44,49,54,64,65,67,87,88,92" m="42090" machi="92" ten="30,2000,0" yaku="14,1,54,1" doraHai="35" who="1" fromWho="1" sc="250,-10,250,20,250,-5,250,-5" /><INIT seed="1,0,0,4,4,103" ten="240,270,245,245" oya="1" hai0="28,33,60,71,26,110,1,132,41,72,84,120,94" hai1="12,68,59,107,78,88,57,115,8,46,13,66,23" hai2="104,99,106,127,102,32,95,63,47,7,52,34,17" hai3="109,124,86,90,118,77,39,98,51,5,121,9,73"/><U80/><E115/><V6/><F17/><W14/><G121/><T81/><D120/><U76/><E107/><V89/><F127/><W48/><G124/><T64/><D1/><U116/><E116/><V70/><F70/><W62/><G109/><T74/><D110/><U38/><E68/><V93/><F34/><W96/><G39/><T22/><D132/><U0/><E0/><V50/><F32/><W45/><G73/><T27/><D94/><U101/><E101/><V10/><F63/><W4/><G62/><T97/><D41/><U37/><E66/><V61/><F61/><W82/><G4/><T122/><D97/><U54/><E46/><V2/><F6/><W20/><G20/><T100/><D100/><U134/><E134/><V44/><F44/><W31/><G31/><T19/><REACH who="0" step="1"/><D122/><REACH who="0" ten="230,270,245,245" step="2"/><U35/><E38/><V128/><F128/><W114/><G118/><T67/><D67/><U133/><E37/><V43/><F43/><N who="3" m="24639" /><G114/><T125/><D125/><U131/><E133/><V108/><F108/><W92/><G98/><AGARI ba="0,1" hai="2,7,10,47,50,52,89,93,95,98,99,102,104,106" machi="98" ten="30,7700,0" yaku="7,1,52,2,54,1" doraHai="103" who="2" fromWho="3" sc="230,0,270,0,245,87,245,-77" /><INIT seed="2,0,0,0,3,70" ten="230,270,332,168" oya="2" hai0="56,98,0,50,129,81,18,31,120,62,53,100,6" hai1="64,43,33,40,78,17,117,10,95,111,2,55,60" hai2="34,110,35,83,131,101,4,49,22,132,71,51,92" hai3="105,3,23,48,126,74,134,46,104,24,37,54,5"/><V27/><F71/><W133/><G74/><T29/><D120/><U26/><E117/><V118/><F118/><W130/><G3/><T30/><D129/><U66/><E78/><V106/><F106/><W44/><G5/><T15/><D0/><U116/><E116/><V89/><F131/><W90/><G90/><T124/><D124/><U84/><E111/><V68/><F68/><W45/><G130/><T73/><D6/><U82/><E95/><V91/><F132/><N who="3" m="50795" /><G126/><T59/><D73/><U80/><E55/><V88/><F4/><W39/><G104/><T32/><D81/><U99/><E99/><N who="2" m="59623" /><F35/><W76/><G76/><T96/><D32/><U85/><E80/><V20/><F34/><W67/><G67/><N who="0" m="39367" /><D100/><U9/><E66/><V14/><F110/><W7/><G7/><T1/><D1/><U36/><E33/><V128/><F128/><W127/><G105/><T38/><D38/><N who="3" m="14345" /><G127/><T8/><AGARI ba="0,0" hai="8,15,18,29,30,31,50,53,59,96,98" m="39367" machi="8" ten="30,1100,0" yaku="8,1" doraHai="70" who="0" fromWho="0" sc="230,11,270,-3,332,-5,168,-3" /><INIT seed="3,0,0,0,5,102" ten="241,267,327,165" oya="3" hai0="108,26,56,133,112,15,69,110,73,76,38,115,46" hai1="121,130,2,82,14,104,9,78,58,128,35,49,44" hai2="83,93,135,16,37,68,127,5,80,120,72,54,13" hai3="57,8,22,36,88,10,119,91,111,125,84,122,114"/><W96/><G114/><N who="0" m="43563" /><D69/><U123/><E2/><V129/><F127/><W113/><G113/><T70/><D70/><U67/><E104/><V79/><F68/><W59/><G125/><T29/><D133/><U4/><E35/><V131/><F135/><W103/><G119/><T105/><D105/><U90/><E90/><V85/><F37/><W24/><G122/><T71/><D71/><U12/><E12/><V87/><F5/><W43/><G111/><N who="0" m="42539" /><D56/><N who="3" m="21577" /><G43/><N who="0" m="22903" /><D15/><U18/><E18/><V32/><F32/><W89/><G36/><T30/><D26/><U92/><E92/><V94/><F120/><N who="1" m="46153" /><E58/><V27/><F27/><W64/><G64/><T109/><N who="0" m="42547" /><T53/><DORA hai="11" /><D53/><U28/><E67/><V117/><F54/><W41/><G41/><T63/><D63/><U17/><E28/><V126/><F126/><W31/><G84/><T20/><D20/><U99/><E17/><V19/><F19/><W74/><G74/><T98/><D98/><U21/><E99/><V0/><F16/><W52/><G52/><T97/><D97/><U25/><E21/><V7/><F72/><W50/><G50/><T124/><D124/><U134/><E25/><V33/><F87/><W118/><G118/><T51/><D51/><U34/><E34/><V39/><F117/><W107/><G107/><T6/><D6/><U3/><E134/><V116/><F85/><W66/><G66/><T23/><D23/><U86/><E3/><V55/><F0/><W75/><G75/><T42/><D42/><AGARI ba="0,0" hai="4,9,14,42,44,49,78,82,86,128,130" m="46153" machi="42" ten="30,2000,0" yaku="25,1,52,1" doraHai="102,11" who="1" fromWho="0" sc="241,-20,267,20,327,0,165,0" owari="221,-17.9,287,8.7,327,42.7,165,-33.5" /></mjloggm>