<mjloggm ver="2.3"><GO type="225" lobby="0"/><UN n0="%E3%81%B7%E3%82%8A%E3%82%93%E8%81%96%E4%BA%BA" n1="%E3%83%AD%E3%83%83%E3%83%86%E9%9B%80%E7%90%83" n2="%6D%75%75%6D%75%72%61" n3="%E4%B8%8B%E6%AE%B5%E3%83%81%E3%82%A7%E3%83%AA%E3%83%BC" dan="16,17,16,16" rate="2150.69,2202.40,2085.40,2151.20" sx="M,M,F,M"/><TAIKYOKU oya="0"/><INIT seed="0,0,0,1,3,39" ten="250,250,250,250" oya="0" hai0="112,99,7,128,66,85,89,103,79,81,100,118,20" hai1="6,70,4,96,42,61,101,87,94,32,13,107,93" hai2="129,72,120,110,25,109,33,80,75,26,50,133,8" hai3="41,126,2,121,119,12,48,28,76,38,102,114,134"/><T3/><D66/><N who="1" m="41295" /><E87/><V34/><F120/><W132/><G2/><T122/><D122/><U9/><E6/><V88/><F129/><W44/><G121/><T52/><D112/><U98/><E98/><V97/><F133/><N who="3" m="51307" /><G114/><T77/><D128/><U73/><E73/><V10/><F50/><W63/><G119/><T11/><D103/><U0/><E13/><V135/><F135/><W17/><G126/><T127/><D127/><U53/><E53/><V117/><F97/><W78/><G102/><T65/><D65/><U92/><E42/><V36/><F36/><W67/><G38/><T45/><D20/><U22/><E22/><V130/><F130/><W18/><G28/><T24/><D24/><U47/><E47/><V86/><F117/><W82/><G12/><T31/><D31/><U49/><E49/><V60/><F60/><W69/><G78/><T106/><D118/><U43/><E43/><V115/><F115/><W16/><G17/><T5/><D5/><U30/><E94/><V116/><F116/><W54/><G54/><T15/><D3/><U27/><AGARI ba="0,0" hai="0,4,9,27,30,32,92,93,96,101,107" m="41295" machi="27" ten="30,1100,0" yaku="25,1" doraHai="39" who="1" fromWho="1" sc="250,-5,250,11,250,-3,250,-3" /><INIT seed="1,0,0,4,1,15" ten="245,261,247,247" oya="1" hai0="108,49,122,30,58,106,119,124,16,74,45,36,46" hai1="43,61,24,9,31,52,67,102,19,14,37,26,23" hai2="110,22,80,60,121,113,64,8,57,72,133,75,54" hai3="38,42,71,96,128,81,66,48,6,112,63,94,126"/><U127/><E127/><V104/><F121/><W73/><G112/><T1/><D30/><U83/><E102/><V85/><F113/><W100/><G126/><T12/><D1/><U84/><E37/><V21/><F110/><W76/><G128/><T53/><D74/><U20/><E43/><V11/><F133/><W55/><G6/><T59/><D106/><U27/><E9/><N who="2" m="3659" /><F104/><W44/><REACH who="3" step="1"/><G55/><REACH who="3" ten="245,261,247,237" step="2"/><T114/><D114/><U77/><REACH who="1" step="1"/><E52/><REACH who="1" ten="245,251,247,237" step="2"/><V98/><F54/><W105/><G105/><T115/><D115/><U132/><E132/><V78/><F64/><W118/><G118/><T101/><D119/><U135/><E135/><V17/><F72/><W79/><G79/><T4/><D124/><U32/><E32/><V111/><F75/><W62/><G62/><T33/><D33/><U69/><AGARI ba="0,2" hai="14,19,20,23,24,26,27,31,61,67,69,77,83,84" machi="69" ten="20,7800,0" yaku="1,1,0,1,7,1,52,1,53,0" doraHai="15" doraHaiUra="97" who="1" fromWho="1" sc="245,-26,251,98,247,-26,237,-26" /><INIT seed="1,1,0,4,5,43" ten="219,349,221,211" oya="1" hai0="52,80,61,81,103,44,53,78,117,9,28,0,57" hai1="1,23,26,127,45,114,30,98,84,20,5,59,60" hai2="29,100,118,76,2,56,38,115,47,107,71,11,123" hai3="86,83,21,39,36,112,77,54,109,22,62,41,104"/><U134/><E127/><V94/><F71/><W99/><G112/><T97/><D28/><U17/><E134/><V69/><F118/><W49/><G109/><T27/><D27/><U4/><E1/><V68/><F123/><W108/><G108/><T42/><D53/><U25/><E114/><V58/><F115/><W34/><G34/><T91/><D91/><U70/><E70/><V18/><F29/><W15/><G62/><T24/><D24/><U3/><E3/><V128/><F107/><W133/><G133/><T12/><D78/><U92/><E45/><V66/><F76/><W14/><G14/><T16/><D0/><U74/><E84/><V130/><F100/><W65/><G65/><T8/><D9/><U90/><E74/><V73/><F94/><W120/><G120/><T126/><D126/><U116/><REACH who="1" step="1"/><E116/><REACH who="1" ten="219,339,221,211" step="2"/><V50/><F73/><W88/><G86/><T72/><D72/><U51/><E51/><V113/><F113/><W106/><G39/><T95/><D117/><U64/><AGARI ba="1,1" hai="4,5,17,20,23,25,26,30,59,60,64,90,92,98" machi="64" ten="20,7800,0" yaku="1,1,0,1,7,1,8,1,53,0" doraHai="43" doraHaiUra="132" who="1" fromWho="1" sc="219,-27,339,91,221,-27,211,-27" /><INIT seed="1,2,0,5,3,126" ten="192,430,194,184" oya="1" hai0="16,13,112,129,105,50,65,92,28,104,10,17,93" hai1="90,54,128,42,122,107,69,101,66,106,114,127,3" hai2="8,48,53,15,108,83,32,19,72,123,55,117,29" hai3="118,98,22,134,12,125,51,116,111,34,43,30,109"/><U11/><E54/><V124/><F117/><N who="3" m="45163" /><G125/><T60/><D28/><U130/><E114/><V85/><F124/><W96/><G134/><T88/><D112/><U119/><E122/><V35/><F123/><W63/><G63/><T6/><D93/><U71/><E127/><V131/><F108/><N who="3" m="41547" /><G34/><T94/><D92/><U100/><E90/><V89/><F131/><N who="1" m="50217" /><E42/><V59/><F72/><W121/><G121/><T31/><D104/><N who="1" m="39979" /><E119/><V40/><F40/><W79/><G79/><T82/><D105/><U39/><E39/><V38/><F38/><W36/><G36/><T1/><D129/><U44/><E44/><V20/><F53/><W61/><G61/><T132/><D132/><U18/><E18/><V80/><F80/><W84/><G84/><T9/><D82/><U133/><E133/><V57/><F57/><W64/><G64/><T102/><D102/><N who="1" m="39531" /><E66/><V87/><F87/><W7/><G7/><AGARI ba="2,0" hai="3,7,11,69,71" m="39531,39979,50217" machi="7" ten="40,12000,1" yaku="19,1,52,3" doraHai="126" who="1" fromWho="3" sc="192,0,430,126,194,0,184,-126" /><INIT seed="1,3,0,4,1,23" ten="192,556,194,58" oya="1" hai0="26,37,15,62,40,116,4,17,34,56,49,42,47" hai1="83,130,80,38,6,72,24,79,121,33,0,35,60" hai2="2,126,84,59,30,103,41,114,13,111,21,97,3" hai3="54,133,106,86,85,58,81,102,125,129,10,18,131"/><U71/><E121/><V61/><F111/><W43/><G43/><T65/><D4/><U122/><E130/><V48/><F126/><W11/><G125/><T91/><D42/><U109/><E122/><V63/><F114/><W25/><G133/><T69/><D91/><U5/><E109/><V120/><F120/><W110/><G110/><T36/><D116/><U28/><E38/><V100/><F3/><W8/><G102/><T94/><D94/><U118/><E118/><V68/><F2/><W134/><G106/><T73/><D73/><U95/><E35/><V32/><F32/><W75/><G75/><T67/><D67/><U124/><E124/><V105/><F68/><W1/><G1/><T12/><D37/><U115/><E115/><V27/><F100/><W88/><G134/><T113/><D113/><U90/><E83/><V135/><F135/><W66/><G86/><T7/><D7/><U44/><E44/><V119/><F119/><W128/><G66/><T70/><D70/><U99/><E0/><V16/><F84/><W20/><REACH who="3" step="1"/><G10/><REACH who="3" ten="192,556,194,48" step="2"/><T52/><D34/><U112/><E112/><V31/><F105/><W92/><G92/><T89/><D89/><U22/><E33/><V78/><F41/><W9/><G9/><T64/><D64/><U14/><E72/><V101/><F101/><W93/><G93/><T74/><D74/><U132/><E95/><V82/><F103/><W117/><G117/><T39/><D36/><U123/><E132/><V107/><F107/><W96/><G96/><T53/><D53/><U108/><E99/><V55/><F97/><RYUUKYOKU ba="3,1" sc="192,15,556,-15,194,-15,48,15" hai0="12,15,17,26,39,40,47,49,52,56,62,65,69" hai3="8,11,18,20,25,54,58,81,85,88,128,129,131" /><INIT seed="2,4,1,3,0,123" ten="207,541,179,63" oya="2" hai0="100,124,115,135,14,128,37,10,127,122,74,108,75" hai1="17,34,30,104,114,72,11,119,38,129,25,55,101" hai2="125,18,45,44,19,22,117,61,57,21,96,106,12" hai3="41,26,90,36,63,86,67,130,131,110,49,132,0"/><V8/><F117/><W1/><G36/><T27/><D100/><U13/><E114/><V29/><F125/><W78/><G78/><T59/><D59/><U92/><E104/><V58/><F106/><W46/><G26/><T107/><D14/><U28/><E72/><V133/><F133/><W20/><G20/><T103/><D27/><U48/><E38/><V87/><F96/><W65/><G132/><T99/><D10/><U31/><E129/><N who="3" m="49162" /><G110/><T9/><D9/><U51/><E51/><V6/><F29/><W70/><G65/><T97/><D97/><N who="1" m="59559" /><E34/><V93/><F22/><W5/><G5/><T4/><D4/><U3/><E3/><V32/><F32/><W83/><AGARI ba="4,1" hai="0,1,41,46,49,63,67,70,83,86,90" m="49162" machi="83" ten="30,1100,0" yaku="19,1" doraHai="123" who="3" fromWho="3" sc="207,-7,541,-7,179,-9,63,33" /><INIT seed="3,0,0,0,1,5" ten="200,534,170,96" oya="3" hai0="48,18,35,60,110,113,114,109,70,55,36,78,27" hai1="69,108,125,8,21,33,49,25,126,15,115,106,34" hai2="84,123,117,22,99,40,87,91,89,23,128,102,73" hai3="12,83,24,10,13,9,116,80,19,129,68,81,85"/><W94/><G116/><T58/><D36/><U104/><E108/><N who="0" m="41577" /><D78/><U32/><E115/><N who="0" m="44041" /><D18/><N who="1" m="8551" /><E69/><V39/><F117/><W75/><G68/><T14/><D14/><N who="3" m="5737" /><G75/><T16/><D16/><N who="1" m="12455" /><E49/><V45/><F73/><W52/><G129/><T42/><D42/><U96/><E96/><V130/><F123/><W124/><G124/><AGARI ba="0,0" hai="32,33,34,104,106,124,125,126" m="12455,8551" machi="124" ten="40,5200,0" yaku="18,1,52,1,54,1" doraHai="5" who="1" fromWho="3" sc="200,0,534,52,170,0,96,-52" owari="200,0.0,586,68.6,170,-23.0,44,-45.6" /></mjloggm>