<mjloggm ver="2.3"><GO type="225" lobby="0"/><UN n0="%E5%84%AA%40%41%42%43" n1="%E3%83%AD%E3%83%83%E3%83%86%E9%9B%80%E7%90%83" n2="%73%61%6E%64%69%72%69%73" n3="%33%74%72%65%65" dan="17,17,16,16" rate="2270.96,2221.25,2161.82,2093.00" sx="M,M,M,F"/><TAIKYOKU oya="0"/><INIT seed="0,0,0,5,2,58" ten="250,250,250,250" oya="0" hai0="11,97,9,87,21,110,112,101,24,3,104,23,67" hai1="128,93,99,19,31,117,15,53,42,16,40,72,41" hai2="46,129,132,126,18,2,121,8,50,69,68,98,109" hai3="49,107,120,118,25,102,32,81,44,12,82,119,63"/><T114/><D110/><U103/><E128/><V130/><F121/><W61/><G120/><T78/><D21/><U34/><E72/><V75/><F75/><W36/><G36/><T26/><D26/><U133/><E133/><V106/><F132/><W6/><G119/><T83/><D67/><U73/><E73/><V47/><F126/><W17/><G118/><T76/><D76/><U59/><E117/><V80/><F80/><N who="3" m="30827" /><G107/><T57/><D57/><U52/><E53/><V28/><F28/><W71/><G71/><T74/><D74/><U37/><E37/><V1/><F109/><W35/><G35/><T134/><D134/><U56/><E56/><V64/><F18/><W48/><G102/><T54/><D54/><U90/><E103/><N who="2" m="62839" /><F47/><W43/><G32/><T85/><D85/><U70/><E70/><N who="2" m="27243" /><F8/><N who="3" m="4119" /><G48/><T123/><D123/><U95/><E95/><V113/><F113/><W84/><G84/><T127/><D127/><U105/><E105/><V108/><F108/><W51/><G51/><T111/><D111/><U0/><E0/><V92/><F92/><W22/><AGARI ba="0,0" hai="17,22,25,43,44,49,61,63" m="4119,30827" machi="22" ten="30,4000,0" yaku="8,1,52,2" doraHai="58" who="3" fromWho="3" sc="250,-20,250,-10,250,-10,250,40" /><INIT seed="1,0,0,5,0,107" ten="230,240,240,290" oya="1" hai0="103,34,127,96,24,129,130,79,90,121,53,131,72" hai1="88,16,26,57,63,5,89,73,87,41,111,18,47" hai2="77,38,59,42,6,11,40,17,125,12,108,101,86" hai3="3,80,75,48,67,35,29,94,99,8,4,105,56"/><U133/><E133/><V13/><F108/><W83/><G105/><N who="0" m="63719" /><D127/><U84/><E73/><V110/><F110/><W68/><G68/><T22/><D34/><U134/><E134/><V14/><F125/><W100/><G75/><T124/><D124/><U74/><E74/><V95/><F38/><W116/><G116/><T115/><D115/><U106/><E106/><V39/><F39/><W102/><G102/><T132/><D132/><U114/><E114/><V76/><F59/><W112/><G112/><T51/><D90/><N who="1" m="34923" /><E5/><V122/><F122/><W43/><G35/><T128/><D121/><U19/><E26/><V10/><F14/><N who="3" m="5383" /><G29/><N who="0" m="17559" /><D128/><U20/><E20/><V2/><F2/><W30/><G30/><T97/><D97/><U62/><E111/><V64/><F64/><W123/><G3/><T50/><D53/><N who="1" m="34095" /><E63/><V7/><F17/><N who="1" m="4353" /><U36/><AGARI ba="0,0" hai="36,41,47,84,87" m="4353,34095,34923" machi="36" ten="40,7800,0" yaku="4,1,54,2" doraHai="107" who="1" fromWho="1" sc="230,-26,240,78,240,-26,290,-26" /><INIT seed="1,1,0,3,4,17" ten="204,318,214,264" oya="1" hai0="114,65,40,46,31,100,106,99,32,62,19,11,86" hai1="29,122,6,115,25,1,128,85,116,53,27,30,118" hai2="59,10,2,105,5,84,126,125,69,12,93,71,39" hai3="47,24,110,42,70,4,83,80,130,133,104,64,89"/><U94/><E122/><V35/><F105/><W49/><G104/><T108/><D108/><U16/><E115/><V132/><F39/><W135/><G110/><T112/><D86/><U60/><E60/><V98/><F35/><W127/><G4/><T7/><D19/><U90/><E53/><V55/><F132/><W117/><G117/><T97/><D97/><U131/><E6/><V9/><F84/><W129/><G64/><T58/><D31/><N who="1" m="11787" /><E1/><V33/><F33/><W77/><G70/><T73/><D73/><U20/><E27/><V45/><F45/><W109/><G24/><T102/><D102/><U44/><E44/><V63/><F10/><W111/><G109/><T113/><D32/><U57/><E57/><V68/><REACH who="2" step="1"/><F2/><REACH who="2" ten="204,318,204,264" step="2"/><W82/><G111/><T56/><D56/><U79/><E79/><V3/><F3/><W67/><G77/><T8/><REACH who="0" step="1"/><D7/><REACH who="0" ten="194,318,204,264" step="2"/><U23/><E118/><V75/><F75/><W15/><G135/><T41/><D41/><U78/><E116/><V37/><F37/><AGARI ba="1,2" hai="8,11,37,40,46,58,62,65,99,100,106,112,113,114" machi="37" ten="40,1300,0" yaku="1,1,53,0" doraHai="17" doraHaiUra="34" who="0" fromWho="2" sc="194,36,318,0,204,-16,264,0" /><INIT seed="2,0,0,4,0,66" ten="230,318,188,264" oya="2" hai0="3,75,70,128,81,71,63,35,19,96,101,22,106" hai1="108,42,8,68,84,25,102,85,112,39,27,17,109" hai2="61,83,79,2,135,9,89,117,45,14,127,38,90" hai3="23,7,99,122,46,41,86,54,73,50,11,69,121"/><V10/><F117/><W58/><G73/><T12/><D128/><U20/><E68/><V125/><F135/><W104/><G69/><T56/><D3/><U31/><E112/><V92/><F61/><W88/><G23/><T93/><D35/><U97/><E42/><V105/><F105/><W123/><G99/><T6/><D6/><U119/><E39/><V53/><F2/><W114/><G104/><T95/><D95/><N who="1" m="58687" /><E119/><V29/><F29/><W15/><G114/><T87/><D75/><U40/><E40/><V107/><F107/><W130/><G130/><T24/><D12/><N who="1" m="7303" /><E27/><V4/><F10/><W32/><G32/><T76/><REACH who="0" step="1"/><D106/><REACH who="0" ten="220,318,188,264" step="2"/><U131/><E131/><V67/><F125/><W110/><G123/><T132/><D132/><U77/><E109/><V30/><F127/><W80/><G110/><T52/><AGARI ba="0,1" hai="19,22,24,52,56,63,70,71,76,81,87,93,96,101" machi="52" ten="20,12000,2" yaku="1,1,0,1,7,1,52,2,54,1,53,1" doraHai="66" doraHaiUra="98" who="0" fromWho="0" sc="220,130,318,-30,188,-60,264,-30" /><INIT seed="3,0,0,4,1,62" ten="350,288,128,234" oya="3" hai0="70,134,126,1,119,64,29,52,18,93,110,25,121" hai1="63,106,34,113,35,123,105,115,89,99,46,15,111" hai2="72,87,6,27,47,8,79,40,131,66,97,83,65" hai3="120,42,73,85,16,0,133,114,92,45,60,20,5"/><W125/><G120/><T98/><D119/><U59/><E123/><V56/><F131/><W80/><G114/><T3/><D110/><U39/><E111/><V129/><F129/><W71/><G133/><T108/><D108/><U74/><E74/><V82/><F56/><W86/><G125/><T61/><D126/><U67/><E15/><V2/><F97/><W135/><G92/><T19/><D134/><U50/><E39/><V36/><F27/><W101/><G101/><T75/><D75/><U33/><E89/><V78/><AGARI ba="0,0" hai="2,6,8,36,40,47,65,66,72,78,79,82,83,87" machi="78" ten="20,12000,2" yaku="0,1,7,1,25,2,52,2" doraHai="62" who="2" fromWho="2" sc="350,-30,288,-30,128,120,234,-60" owari="320,42.0,258,5.8,248,-15.2,174,-32.6" /></mjloggm>