<mjloggm ver="2.3"><GO type="225" lobby="0"/><UN n0="%63%62%69%73%6B%65%74" n1="%E9%80%86%E9%80%A3%E5%B8%AF%E3%81%AE%E9%AC%BC" n2="%E3%82%B2%E3%82%B9%E8%8C%82%E5%8B%9D" n3="%E3%83%97%E3%83%AC%E3%83%B4%E3%82%A1%E3%83%86%E3%82%A3" dan="16,16,16,16" rate="2055.18,2123.86,2151.19,2086.87" sx="M,M,F,F"/><TAIKYOKU oya="0"/><INIT seed="0,0,0,4,1,115" ten="250,250,250,250" oya="0" hai0="128,103,23,119,132,45,64,122,33,97,16,5,105" hai1="26,85,126,7,75,21,134,106,92,27,10,109,29" hai2="41,78,11,65,9,42,67,60,48,4,6,99,1" hai3="72,49,43,47,135,82,130,69,58,117,55,113,0"/><T3/><D122/><U125/><E75/><V25/><F99/><W15/><G0/><T46/><D33/><U81/><E106/><V123/><F123/><W51/><G113/><T28/><D28/><U57/><E134/><V80/><F25/><W59/><G135/><T71/><D132/><U38/><E38/><V53/><F41/><W24/><G130/><T13/><D128/><U14/><E109/><V68/><F65/><W56/><G24/><T131/><D131/><U96/><E27/><V18/><F18/><W40/><G15/><T19/><D119/><U74/><E74/><V70/><F42/><N who="3" m="15915" /><G82/><T102/><D102/><U116/><E116/><V79/><F70/><W101/><G72/><T76/><D76/><U36/><E36/><V121/><F80/><W63/><G101/><T34/><D19/><U61/><E85/><V39/><F39/><W73/><G73/><T22/><D22/><U114/><E81/><V100/><F100/><W118/><G49/><T20/><D20/><U66/><REACH who="1" step="1"/><E114/><REACH who="1" ten="250,240,250,250" step="2"/><V95/><F121/><W91/><G91/><AGARI ba="0,1" hai="7,10,14,21,26,29,57,61,66,91,92,96,125,126" machi="91" ten="40,2600,0" yaku="1,1,2,1,53,0" doraHai="115" doraHaiUra="120" who="1" fromWho="3" sc="250,0,240,36,250,0,250,-26" /><INIT seed="1,0,0,3,4,110" ten="250,276,250,224" oya="1" hai0="80,96,125,12,5,6,22,15,76,72,36,119,68" hai1="89,11,111,84,115,53,14,78,13,97,30,0,98" hai2="107,93,79,63,41,120,64,17,49,44,100,86,48" hai3="31,71,34,10,117,92,108,67,90,23,81,95,1"/><U114/><E111/><V38/><F120/><W94/><G108/><T55/><D119/><U133/><E133/><V9/><F107/><W50/><G117/><T126/><D68/><U122/><E122/><V21/><F9/><W40/><G34/><T101/><D36/><U65/><E65/><V112/><F112/><W39/><G39/><T70/><D70/><U16/><E0/><V8/><F8/><W123/><G123/><T42/><D42/><U88/><E30/><V26/><F79/><W124/><G124/><N who="0" m="47723" /><D55/><U29/><E29/><V7/><F7/><N who="0" m="2570" /><D22/><U105/><E105/><AGARI ba="0,0" hai="12,15,72,76,80,96,101,105" m="2570,47723" machi="105" ten="30,1000,0" yaku="18,1" doraHai="110" who="0" fromWho="1" sc="250,10,276,-10,250,0,224,0" /><INIT seed="2,0,0,2,2,39" ten="260,266,250,224" oya="2" hai0="91,6,84,25,101,56,87,95,17,18,33,66,106" hai1="110,38,86,107,69,97,28,50,112,134,130,4,11" hai2="26,89,59,53,5,55,31,81,121,74,8,24,0" hai3="51,104,64,111,37,77,113,9,99,93,10,83,15"/><V96/><F121/><W44/><G37/><T42/><D6/><U128/><E112/><V34/><F24/><W98/><G113/><T21/><D33/><U32/><E38/><V115/><F115/><W85/><G111/><T23/><D106/><U58/><E134/><V2/><F2/><W125/><G125/><T29/><D101/><U131/><E69/><V122/><F122/><W60/><G104/><T43/><D87/><U19/><E110/><V41/><F41/><N who="0" m="15370" /><D21/><U62/><E32/><V22/><F34/><W100/><G99/><T80/><D80/><U40/><E107/><V65/><F74/><W12/><G9/><T27/><D27/><U119/><E97/><V67/><F53/><W52/><REACH who="3" step="1"/><G10/><REACH who="3" ten="260,266,250,214" step="2"/><T46/><D46/><U108/><E11/><V61/><F96/><W73/><G73/><T118/><D118/><U47/><E119/><V123/><F123/><W117/><G117/><T127/><D127/><U82/><E108/><V13/><F0/><W75/><G75/><T94/><D94/><U102/><E47/><V129/><F129/><W90/><G90/><T14/><D14/><U132/><E130/><V109/><F109/><W79/><G79/><T30/><D30/><U71/><E28/><V7/><F5/><W45/><G45/><T35/><D35/><U1/><E4/><V124/><F124/><W72/><G72/><T103/><D103/><U114/><E131/><V63/><F89/><W126/><G126/><T133/><D133/><U36/><E128/><V54/><F81/><W48/><G48/><T92/><D92/><U68/><E132/><RYUUKYOKU ba="0,1" sc="260,10,266,-30,250,10,214,10" hai0="17,18,23,25,29,56,66,84,91,95" hai2="7,8,13,22,26,31,54,55,59,61,63,65,67" hai3="12,15,44,51,52,60,64,77,83,85,93,98,100" /><INIT seed="2,1,1,2,5,130" ten="270,236,260,224" oya="2" hai0="71,76,54,93,99,60,96,51,128,134,61,90,49" hai1="132,105,82,1,117,22,98,110,57,108,75,43,38" hai2="80,53,123,113,56,62,8,6,92,42,84,79,81" hai3="135,67,16,63,39,35,65,45,66,2,124,48,89"/><V85/><F113/><W17/><G35/><T78/><D128/><U7/><E22/><V23/><F123/><W47/><G2/><T5/><D5/><U94/><E57/><V26/><F42/><W15/><G124/><T29/><D29/><U104/><E117/><V59/><F92/><W58/><G135/><T4/><D4/><U32/><E32/><V86/><F56/><W77/><G77/><N who="0" m="29803" /><D134/><U25/><E25/><V33/><F33/><W116/><G116/><T121/><D121/><U11/><E132/><V107/><F107/><W74/><G74/><T97/><D71/><U115/><E115/><V118/><F118/><W119/><G119/><T112/><D112/><U34/><E34/><V109/><F109/><N who="1" m="42089" /><E82/><V101/><F101/><W24/><G39/><T70/><D70/><U91/><E75/><V0/><REACH who="2" step="1"/><F81/><REACH who="2" ten="270,236,250,224" step="2"/><W46/><G58/><N who="0" m="34903" /><D61/><U21/><E105/><V31/><AGARI ba="1,2" hai="0,6,8,23,26,31,53,59,62,79,80,84,85,86" machi="31" ten="20,7800,0" yaku="1,1,0,1,7,1,53,1" doraHai="130" doraHaiUra="19" who="2" fromWho="2" sc="270,-27,236,-27,250,101,224,-27" /><INIT seed="2,2,0,5,5,131" ten="243,209,351,197" oya="2" hai0="105,33,10,51,18,104,7,119,79,15,64,4,109" hai1="0,129,106,53,19,46,25,41,134,88,110,121,95" hai2="128,76,71,89,108,98,87,52,93,118,62,92,20" hai3="14,63,102,45,22,30,83,84,2,91,99,21,38"/><V6/><F118/><W1/><G38/><T50/><D33/><U34/><E129/><V27/><F128/><W132/><G45/><T135/><D119/><U114/><E114/><V36/><F36/><W66/><G132/><T127/><D109/><U115/><E121/><V13/><F108/><W126/><G126/><T17/><D15/><U112/><E110/><V9/><F71/><W39/><G39/><T69/><D10/><U55/><E106/><V72/><F72/><W8/><G1/><T111/><D111/><U48/><E0/><V101/><F76/><W124/><G2/><T57/><D57/><U120/><E120/><V40/><F40/><W97/><G124/><T117/><D117/><U12/><E134/><V81/><F62/><W3/><G3/><T60/><D60/><U35/><E115/><V116/><F116/><W86/><G86/><T103/><D69/><U78/><E78/><V16/><REACH who="2" step="1"/><F52/><REACH who="2" ten="243,209,341,197" step="2"/><W85/><G63/><T23/><D79/><U65/><E65/><V73/><BYE who="1" /><F73/><W123/><G66/><T28/><D64/><U82/><E82/><AGARI ba="2,1" hai="6,9,13,16,20,27,81,82,87,89,92,93,98,101" machi="82" ten="40,7700,0" yaku="1,1,8,1,54,1,53,0" doraHai="131" doraHaiUra="68" who="2" fromWho="1" sc="243,0,209,-83,341,93,197,0" /><UN n1="%E9%80%86%E9%80%A3%E5%B8%AF%E3%81%AE%E9%AC%BC" /><INIT seed="2,3,0,4,1,124" ten="243,126,434,197" oya="2" hai0="55,103,108,133,76,17,24,67,53,66,86,118,23" hai1="57,98,75,37,99,111,77,9,93,109,79,123,6" hai2="117,97,64,5,49,80,125,62,121,20,1,47,107" hai3="45,58,60,39,56,69,3,61,51,104,14,68,135"/><V7/><F121/><W48/><G104/><T15/><D108/><U83/><E123/><V122/><F125/><W132/><G3/><T84/><D133/><U44/><E79/><V90/><F122/><W105/><G105/><T34/><D103/><U94/><E57/><V110/><F117/><W101/><G101/><T70/><D118/><U43/><E94/><V63/><F110/><W27/><G14/><T100/><D100/><U11/><E11/><V120/><F120/><W36/><G27/><T12/><D34/><U91/><REACH who="1" step="1"/><E99/><REACH who="1" ten="243,116,434,197" step="2"/><V32/><F97/><W40/><G45/><T2/><D76/><U129/><E129/><V16/><F107/><W134/><G132/><T52/><D70/><U19/><E19/><V89/><F16/><W0/><G0/><AGARI ba="3,1" hai="0,6,9,37,43,44,75,77,83,91,93,98,109,111" machi="0" ten="40,8000,1" yaku="1,1,25,2,53,1" doraHai="124" doraHaiUra="78" who="1" fromWho="3" sc="243,0,116,99,434,0,197,-89" /><INIT seed="3,0,0,3,1,62" ten="243,215,434,108" oya="3" hai0="64,71,12,130,89,84,57,8,24,80,112,10,74" hai1="102,32,20,116,78,4,28,77,131,1,106,90,56" hai2="54,75,88,40,66,0,117,13,109,49,31,30,103" hai3="41,65,82,108,45,104,135,52,133,70,86,68,34"/><W91/><G104/><T76/><D71/><U27/><E131/><V25/><F117/><W39/><G34/><T87/><D130/><U81/><E116/><V33/><F109/><W110/><G70/><T53/><D112/><U46/><E46/><V132/><F132/><N who="3" m="50763" /><G52/><T51/><D24/><U3/><E32/><V126/><F0/><W2/><G2/><T83/><D74/><U29/><E29/><V107/><F75/><W96/><G96/><T35/><D35/><U72/><E78/><V50/><F40/><W17/><G17/><T61/><REACH who="0" step="1"/><D12/><REACH who="0" ten="233,215,434,108" step="2"/><U47/><E1/><V124/><F13/><W14/><G14/><T122/><D122/><U63/><E3/><V37/><F30/><W59/><G68/><T11/><D11/><U44/><E4/><V18/><F18/><W22/><G22/><T6/><D6/><U119/><E119/><V5/><F5/><W38/><G38/><T42/><D42/><U23/><E23/><V36/><F37/><W114/><G114/><T123/><D123/><U129/><E129/><V7/><F36/><W69/><G69/><T55/><D55/><U92/><E106/><V100/><F7/><W99/><G99/><T128/><D128/><U121/><E121/><V127/><F107/><W95/><G82/><T21/><D21/><U60/><E102/><V58/><F100/><W105/><G105/><T73/><D73/><U98/><E98/><V85/><BYE who="1" /><F103/><W113/><G113/><UN n1="%E9%80%86%E9%80%A3%E5%B8%AF%E3%81%AE%E9%AC%BC" /><T118/><D118/><U93/><E81/><N who="2" m="49199" /><F49/><W97/><G97/><T94/><D94/><U19/><E93/><V48/><F50/><RYUUKYOKU ba="0,1" sc="233,10,215,-30,434,10,108,10" hai0="8,10,51,53,57,61,64,76,80,83,84,87,89" hai2="25,31,33,48,54,58,66,124,126,127" hai3="39,41,45,59,65,86,91,95,108,110" /><INIT seed="3,1,1,0,3,101" ten="243,185,444,118" oya="3" hai0="41,61,83,16,80,58,4,116,125,99,113,27,60" hai1="45,91,122,73,14,128,57,2,0,43,29,7,92" hai2="31,30,66,118,67,131,17,59,37,93,53,87,56" hai3="20,70,26,96,108,38,10,84,117,112,129,8,105"/><W51/><G70/><T104/><D116/><U74/><E128/><V97/><BYE who="1" /><F131/><W35/><G129/><T42/><D125/><U98/><E98/><V64/><F37/><W75/><G117/><T78/><D113/><U106/><E106/><V11/><F118/><W95/><G112/><T23/><D4/><U86/><E86/><V39/><F39/><W28/><G38/><T121/><D121/><U32/><E32/><V123/><F123/><W3/><G75/><T54/><D61/><U24/><E24/><V6/><F17/><W47/><G3/><T36/><D36/><U103/><E103/><V69/><F69/><W46/><G108/><T1/><D1/><U52/><E52/><V82/><F11/><W18/><G105/><T65/><D65/><U94/><E94/><V9/><F9/><W71/><G71/><T102/><D83/><U19/><E19/><V88/><F6/><W68/><G84/><AGARI ba="1,1" hai="16,23,27,41,42,54,58,60,78,80,84,99,102,104" machi="84" ten="30,3900,0" yaku="7,1,52,1,54,1" doraHai="101" who="0" fromWho="3" sc="243,52,185,0,444,0,118,-42" owari="295,9.5,185,-21.5,444,54.4,76,-42.4" /></mjloggm>