<mjloggm ver="2.3"><GO type="225" lobby="0"/><UN n0="%E9%80%9F%E6%B0%B4%E5%87%9B%E9%A6%99" n1="%E5%AE%AE%E4%BF%9D%E9%B6%8F%E8%82%89" n2="%E5%B8%86%E7%AB%8B%E5%A4%8F%E8%A1%A3" n3="%45%6C%79%73%69%75%6D" dan="16,16,16,18" rate="2113.57,2083.67,2120.72,2165.65" sx="F,M,M,F"/><TAIKYOKU oya="0"/><INIT seed="0,0,0,2,5,10" ten="250,250,250,250" oya="0" hai0="5,49,106,68,17,93,13,16,78,21,127,74,66" hai1="47,22,129,102,117,83,1,75,56,35,134,34,41" hai2="71,116,6,119,61,33,84,37,85,43,31,97,42" hai3="103,9,2,53,77,25,36,70,63,20,46,52,87"/><T15/><D106/><U113/><E117/><N who="2" m="45131" /><F6/><W88/><G77/><T11/><D127/><U40/><E1/><V108/><F108/><W131/><G103/><T80/><D93/><U107/><E129/><V124/><F124/><W28/><G131/><T27/><D49/><U132/><E113/><V24/><F97/><W135/><G135/><T18/><REACH who="0" step="1"/><D27/><REACH who="0" ten="240,250,250,250" step="2"/><U44/><E107/><V65/><F37/><W123/><G36/><T98/><D98/><U58/><E132/><V60/><F60/><AGARI ba="0,1" hai="5,11,13,15,16,17,18,21,60,66,68,74,78,80" machi="60" ten="40,12000,1" yaku="1,1,52,2,54,1,53,0" doraHai="10" doraHaiUra="96" who="0" fromWho="2" sc="240,130,250,0,250,-120,250,0" /><INIT seed="0,1,0,1,4,4" ten="370,250,130,250" oya="0" hai0="117,113,93,120,45,57,78,68,122,33,35,112,116" hai1="34,7,128,110,84,121,75,37,71,20,31,38,8" hai2="76,83,58,130,12,3,111,135,94,115,24,69,42" hai3="70,40,90,101,13,118,17,108,82,127,54,56,51"/><T52/><D93/><U61/><E121/><N who="0" m="46697" /><D78/><U19/><E110/><V125/><F125/><W89/><G70/><T50/><D33/><U92/><E128/><V66/><F135/><W30/><G118/><N who="0" m="45675" /><D68/><U126/><E126/><V63/><F115/><N who="0" m="44106" /><D35/><U18/><E92/><V2/><F130/><W104/><G108/><T107/><D107/><U60/><E34/><V74/><F111/><W43/><G127/><T6/><D6/><U48/><E7/><V25/><F69/><W5/><G5/><T123/><N who="0" m="46705" /><T134/><DORA hai="106" /><D134/><U132/><E71/><V86/><F3/><W79/><G79/><T80/><D80/><U131/><E132/><V124/><F2/><W49/><G82/><T88/><D88/><U65/><E131/><V133/><F124/><W91/><G104/><T73/><D73/><U109/><E75/><V129/><F133/><W23/><G101/><T26/><D26/><U67/><E109/><V11/><F129/><W36/><G90/><T10/><D10/><U32/><E8/><V102/><F74/><W103/><G89/><T21/><D21/><U14/><E32/><V99/><REACH who="2" step="1"/><F42/><REACH who="2" ten="370,250,120,250" step="2"/><W9/><G40/><T22/><D22/><U55/><E20/><V114/><F114/><W77/><G43/><T98/><D98/><U41/><E41/><V81/><F81/><W59/><G23/><T46/><AGARI ba="1,1" hai="45,46,50,52,57" m="44106,45675,46705" machi="46" ten="50,9600,0" yaku="34,2,54,1" doraHai="4,106" who="0" fromWho="0" sc="370,109,250,-33,120,-33,250,-33" /><INIT seed="0,2,0,5,3,2" ten="479,217,87,217" oya="0" hai0="128,50,77,15,116,97,45,73,53,85,72,9,114" hai1="26,94,33,131,74,56,108,69,48,42,110,134,43" hai2="17,125,39,20,55,86,52,132,14,13,21,54,57" hai3="3,119,133,44,36,51,84,68,135,41,4,23,47"/><T6/><D114/><U22/><E69/><V63/><F132/><N who="3" m="50763" /><G119/><T61/><D116/><U59/><E134/><V123/><F125/><W35/><G35/><T109/><D128/><U89/><E74/><V49/><F123/><W40/><G68/><T12/><D109/><N who="1" m="42091" /><E33/><V105/><F105/><W34/><G34/><T120/><D120/><U83/><E83/><V60/><F39/><W103/><G103/><T121/><D121/><U46/><E43/><V32/><F32/><W5/><G3/><T88/><D97/><N who="1" m="57551" /><E131/><V38/><F38/><W90/><G23/><T37/><D37/><U107/><E107/><V19/><REACH who="2" step="1"/><F86/><REACH who="2" ten="479,217,77,217" step="2"/><W11/><G11/><T16/><D72/><U99/><E99/><V81/><F81/><AGARI ba="2,1" hai="4,5,36,40,41,44,47,51,81,84,90" m="50763" machi="81" ten="30,3900,0" yaku="20,1,52,2" doraHai="2" who="3" fromWho="2" sc="479,0,217,0,77,-45,217,55" /><INIT seed="1,0,0,0,4,45" ten="479,217,32,272" oya="1" hai0="62,15,95,99,59,14,64,131,63,94,12,8,24" hai1="108,116,128,51,17,77,30,106,119,86,93,118,16" hai2="39,90,50,79,10,65,87,3,52,133,61,66,47" hai3="60,70,92,38,56,123,71,13,80,2,111,31,97"/><U73/><E106/><V124/><F124/><W134/><G2/><T75/><D75/><U57/><E128/><V29/><F133/><W21/><G123/><T100/><D131/><U34/><E73/><V129/><F129/><W83/><G38/><T28/><D62/><U42/><E108/><V35/><F79/><W18/><G134/><T105/><REACH who="0" step="1"/><D8/><REACH who="0" ten="469,217,32,272" step="2"/><U22/><E118/><V37/><F66/><W1/><G60/><T109/><D109/><U113/><E119/><V46/><F61/><W49/><G111/><T44/><D44/><N who="1" m="26007" /><E116/><V48/><F65/><W89/><G70/><T112/><D112/><U33/><E113/><V9/><F9/><W132/><G71/><T4/><D4/><U27/><E33/><AGARI ba="0,1" hai="12,14,15,24,28,33,59,63,64,94,95,99,100,105" machi="33" ten="40,1300,0" yaku="1,1,53,0" doraHai="45" doraHaiUra="41" who="0" fromWho="1" sc="469,23,217,-13,32,0,272,0" /><INIT seed="2,0,0,5,0,111" ten="492,204,32,272" oya="2" hai0="63,106,67,82,94,132,109,55,110,100,105,38,80" hai1="60,0,13,25,78,23,14,65,81,69,70,52,88" hai2="97,126,86,125,122,99,59,35,64,117,85,34,9" hai3="93,84,91,73,108,131,50,116,96,124,83,10,20"/><V44/><F117/><W77/><G116/><T22/><D38/><U134/><E0/><V112/><F122/><W37/><G37/><T6/><D55/><U17/><E70/><V129/><F129/><W57/><G131/><T120/><D120/><U49/><E134/><V8/><F59/><W5/><G108/><N who="0" m="41579" /><D132/><U48/><E48/><V68/><F68/><W104/><G124/><T26/><D6/><U114/><E114/><V16/><F64/><W27/><G57/><N who="0" m="37359" /><D94/><U54/><E54/><V61/><F61/><W76/><G50/><T19/><D100/><U107/><E107/><AGARI ba="0,0" hai="19,22,26,80,82,105,106,107" m="37359,41579" machi="107" ten="30,1000,0" yaku="14,1" doraHai="111" who="0" fromWho="1" sc="492,10,204,-10,32,0,272,0" /><INIT seed="3,0,0,2,2,6" ten="502,194,32,272" oya="3" hai0="115,103,106,96,63,23,68,84,44,38,65,54,48" hai1="125,74,129,55,4,56,3,134,117,1,109,116,49" hai2="120,104,45,11,108,92,46,126,128,80,10,25,20" hai3="97,47,91,95,35,76,85,69,40,51,88,21,99"/><W70/><G35/><T58/><D115/><U62/><E74/><V5/><F104/><W18/><G76/><T123/><D123/><U2/><E109/><V27/><F108/><W33/><G33/><T19/><D84/><U57/><E129/><V22/><F126/><W113/><G113/><T112/><D112/><U82/><E125/><V119/><F120/><W118/><G118/><T130/><D130/><U9/><E134/><V34/><F128/><W93/><REACH who="3" step="1"/><G85/><REACH who="3" ten="502,194,32,262" step="2"/><T107/><D107/><U135/><E135/><V101/><F34/><W122/><G122/><T42/><D106/><U110/><E110/><V94/><F119/><W17/><G17/><T41/><D19/><U64/><REACH who="1" step="1"/><E82/><REACH who="1" ten="502,184,32,262" step="2"/><V60/><F80/><W98/><G98/><T87/><D96/><U12/><AGARI ba="0,2" hai="1,2,3,4,9,12,49,55,56,57,62,64,116,117" machi="12" ten="40,8000,1" yaku="1,1,2,1,0,1,52,1,53,0" doraHai="6" doraHaiUra="81" who="1" fromWho="1" sc="502,-20,184,100,32,-20,262,-40" owari="482,58.2,284,8.4,12,-48.8,222,-17.8" /></mjloggm>