<mjloggm ver="2.3"><GO type="225" lobby="0"/><UN n0="%E6%A1%9C%E8%8A%B1%E9%96%83%E3%80%85" n1="%E8%81%B7%E6%A5%AD%E3%80%81%E9%A2%A8%32" n2="%E3%82%B5%E3%83%AB%E3%82%B7%E3%83%B3" n3="%E5%A4%96%E5%B7%9D%E7%AB%9C%E6%88%90" dan="17,16,16,16" rate="2172.79,2111.93,2106.47,2149.11" sx="M,M,F,M"/><TAIKYOKU oya="0"/><INIT seed="0,0,0,3,0,20" ten="250,250,250,250" oya="0" hai0="46,97,83,5,54,53,50,25,45,72,128,103,108" hai1="56,22,51,36,109,107,132,121,12,8,31,79,126" hai2="6,85,89,26,115,120,67,2,63,73,17,77,75" hai3="38,33,110,59,119,23,43,55,48,42,65,125,82"/><T95/><D128/><U100/><E109/><V90/><F115/><W105/><G110/><T114/><D114/><U101/><E36/><V19/><F120/><W64/><G33/><T106/><D108/><U34/><E34/><V86/><F77/><W111/><G105/><T68/><D68/><U32/><E32/><V87/><F2/><W44/><G111/><T116/><D116/><U13/><E121/><V24/><F6/><W30/><G119/><T40/><D5/><N who="1" m="3087" /><E126/><V14/><F75/><W15/><G125/><T74/><D106/><U37/><E37/><V131/><F73/><W60/><G82/><T9/><D9/><U35/><E35/><V91/><F131/><W124/><G124/><T16/><D83/><U130/><E132/><V21/><REACH who="2" step="1"/><F17/><REACH who="2" ten="250,250,240,250" step="2"/><W133/><G133/><T98/><D74/><U135/><E79/><V69/><AGARI ba="0,1" hai="14,19,21,24,26,63,67,69,85,86,87,89,90,91" machi="69" ten="30,12000,2" yaku="1,1,2,1,0,1,52,2,53,1" doraHai="20" doraHaiUra="10" who="2" fromWho="2" sc="250,-60,250,-30,240,130,250,-30" /><INIT seed="1,0,0,2,3,135" ten="190,220,370,220" oya="1" hai0="92,22,120,79,104,33,37,19,66,77,102,112,63" hai1="84,24,2,72,123,43,87,61,15,8,1,28,114" hai2="122,38,39,18,48,131,78,25,16,5,133,101,49" hai3="12,115,75,110,80,70,128,21,85,73,124,68,116"/><U62/><E72/><V14/><F122/><W109/><G115/><T44/><D112/><U7/><E123/><V113/><F113/><W96/><G128/><T90/><D33/><U32/><E43/><V121/><F121/><W13/><G96/><T9/><D104/><U107/><E107/><V130/><F133/><W41/><G41/><T81/><D102/><U58/><E62/><V71/><F71/><N who="3" m="27179" /><G21/><T50/><D9/><U74/><E74/><N who="3" m="28170" /><G116/><T3/><D81/><U0/><REACH who="1" step="1"/><E114/><REACH who="1" ten="190,210,370,220" step="2"/><V23/><F39/><W98/><G109/><T20/><D37/><U46/><E46/><V93/><F38/><W54/><G110/><T69/><D120/><U59/><E59/><V27/><F131/><W100/><G54/><AGARI ba="0,1" hai="0,1,2,7,8,15,24,28,32,54,58,61,84,87" machi="54" ten="40,2000,0" yaku="1,1,53,0" doraHai="135" doraHaiUra="40" who="1" fromWho="3" sc="190,0,210,30,370,0,220,-20" /><INIT seed="1,1,0,3,3,40" ten="190,240,370,200" oya="1" hai0="102,126,13,80,106,110,2,99,53,129,39,45,90" hai1="108,42,72,8,7,92,120,113,112,68,123,81,60" hai2="15,85,70,66,101,121,11,76,59,130,3,107,6" hai3="41,35,47,50,16,27,83,18,127,56,9,104,64"/><U26/><E26/><V28/><F121/><N who="1" m="46665" /><E92/><V78/><F70/><W79/><G104/><T54/><D2/><N who="1" m="119" /><E42/><V86/><F28/><W63/><G127/><T37/><D126/><U55/><E55/><V114/><F107/><W100/><G100/><T119/><D54/><U1/><E1/><V61/><F101/><W96/><G96/><T84/><D119/><U109/><E81/><V95/><F95/><W48/><G48/><T93/><D106/><U116/><E72/><V33/><F33/><W12/><G35/><T135/><D53/><U43/><E43/><V24/><F86/><N who="3" m="48511" /><G27/><T117/><D117/><U133/><E133/><V67/><F85/><W4/><AGARI ba="1,0" hai="4,9,12,16,18,41,47,50,56,63,64" m="48511" machi="4" ten="30,7900,0" yaku="25,1,8,1,52,1,54,1" doraHai="40" who="3" fromWho="3" sc="190,-21,240,-40,370,-21,200,82" /><INIT seed="2,0,0,2,2,8" ten="169,200,349,282" oya="2" hai0="63,37,122,87,112,77,102,51,119,54,117,65,0" hai1="97,44,36,133,121,91,13,59,131,22,43,11,28" hai2="93,23,132,81,58,21,89,42,90,96,101,35,27" hai3="95,78,1,123,4,135,56,55,104,18,46,79,64"/><V50/><F132/><W69/><G135/><T106/><D0/><U124/><E121/><V109/><F109/><W45/><G123/><T103/><D122/><U20/><E131/><V57/><F35/><W52/><G104/><T71/><D106/><U34/><E124/><V32/><F32/><W115/><G69/><T98/><D112/><U19/><E133/><V6/><F6/><W31/><G31/><T53/><D37/><U9/><E59/><N who="2" m="22539" /><F81/><W16/><G4/><T108/><D108/><U105/><E34/><V10/><F10/><W126/><G1/><T5/><D5/><U76/><E76/><N who="3" m="29226" /><G64/><T49/><D77/><U111/><E111/><V67/><F67/><W14/><G18/><T66/><D87/><U15/><E28/><N who="2" m="17519" /><F23/><N who="3" m="11671" /><G126/><T82/><D82/><U68/><E68/><V73/><F73/><W29/><G29/><T86/><D71/><U41/><E105/><V129/><F129/><W17/><G115/><T62/><REACH who="0" step="1"/><D86/><REACH who="0" ten="159,200,349,282" step="2"/><U72/><E72/><V107/><F107/><W118/><G118/><T38/><D38/><U130/><E130/><V116/><F116/><W3/><G3/><T100/><D100/><U61/><E36/><V40/><F101/><W70/><G70/><T39/><D39/><U12/><E91/><V114/><F90/><W128/><G128/><T30/><D30/><U74/><E74/><V48/><F114/><W88/><G88/><T7/><D7/><U47/><E97/><AGARI ba="0,1" hai="49,51,53,54,62,63,65,66,97,98,102,103,117,119" machi="97" ten="25,3200,0" yaku="1,1,22,2,53,0" doraHai="8" doraHaiUra="2" who="0" fromWho="1" sc="159,42,200,-32,349,0,282,0" /><INIT seed="3,0,0,3,2,41" ten="201,168,349,282" oya="3" hai0="15,86,1,124,0,5,61,74,21,39,134,133,53" hai1="78,26,98,111,91,81,20,6,132,35,82,100,112" hai2="7,3,108,114,69,67,104,58,62,125,14,94,95" hai3="59,34,56,51,32,127,17,84,18,68,22,10,135"/><W31/><G68/><T129/><D74/><U44/><E112/><V116/><F104/><W102/><G102/><T87/><D39/><U101/><E35/><V11/><F116/><W13/><G127/><T75/><D75/><U27/><E111/><V2/><F114/><W64/><G135/><T52/><D124/><U30/><E132/><N who="0" m="50793" /><D129/><U36/><E6/><V33/><F33/><W37/><G31/><T93/><D93/><U45/><E36/><V72/><F72/><W73/><G73/><T88/><D61/><U76/><E27/><V47/><F108/><W128/><G128/><T8/><D21/><U77/><E91/><V130/><F130/><W50/><G37/><T23/><D23/><U71/><E71/><V40/><F69/><W115/><G115/><T109/><D109/><U4/><E4/><V126/><F126/><W49/><G64/><T42/><D42/><U103/><E98/><V119/><F119/><W79/><G34/><T46/><D53/><U55/><E55/><V43/><F43/><W99/><G99/><T90/><D87/><U97/><E97/><V122/><F67/><W12/><G32/><T9/><D9/><U113/><E113/><V24/><F40/><W70/><G70/><T66/><D66/><U121/><E121/><V54/><F122/><W80/><AGARI ba="0,0" hai="10,12,13,17,18,22,49,50,51,56,59,79,80,84" machi="80" ten="30,3000,0" yaku="0,1,8,1" doraHai="41" who="3" fromWho="3" sc="201,-10,168,-10,349,-10,282,30" /><INIT seed="3,1,0,1,3,115" ten="191,158,339,312" oya="3" hai0="58,101,47,118,48,82,87,74,36,113,77,21,129" hai1="46,26,33,27,10,16,45,24,90,103,20,4,79" hai2="104,65,107,97,83,123,1,64,85,55,110,67,42" hai3="56,38,39,102,43,37,23,54,29,99,11,91,93"/><W6/><G43/><T105/><D118/><U92/><E33/><V49/><F1/><W13/><G29/><T131/><D113/><U89/><E79/><V126/><F110/><W94/><G23/><T51/><D74/><U133/><E133/><V84/><F126/><W8/><G8/><T52/><D36/><U72/><E72/><V100/><F123/><W32/><G32/><T117/><D117/><U134/><E134/><V44/><F107/><W125/><G125/><T75/><D87/><U76/><E76/><V130/><F130/><N who="0" m="49674" /><D21/><U122/><E122/><V135/><F135/><W9/><G9/><T127/><D127/><U73/><E73/><V15/><F15/><W96/><REACH who="3" step="1"/><G38/><REACH who="3" ten="191,158,339,302" step="2"/><T121/><D121/><U69/><E69/><V112/><F112/><W78/><G78/><T62/><D75/><U3/><E103/><V57/><REACH who="2" step="1"/><F83/><REACH who="2" ten="191,158,329,302" step="2"/><W18/><G18/><T119/><D82/><U12/><REACH who="1" step="1"/><E90/><REACH who="1" ten="191,148,329,302" step="2"/><V114/><F114/><W63/><AGARI ba="1,3" hai="6,11,13,37,39,54,56,63,91,93,94,96,99,102" machi="63" ten="20,3900,0" yaku="1,1,0,1,7,1,53,0" doraHai="115" doraHaiUra="128" who="3" fromWho="3" sc="191,-14,148,-14,329,-14,302,72" owari="177,-22.3,134,-36.6,315,11.5,374,47.4" /></mjloggm>