<mjloggm ver="2.3"><GO type="225" lobby="0"/><UN n0="%E3%81%BF%E3%81%BF%E3%81%9A" n1="%E6%AF%9B%E8%8D%92%E3%82%8C%E3%83%BB%E3%82%B9%E3%83%9F%E3%82%B9" n2="%E5%A4%96%E5%B7%9D%E7%AB%9C%E6%88%90" n3="%6D%75%75%6D%75%72%61" dan="16,16,16,17" rate="2159.48,2016.46,2165.07,2233.39" sx="M,F,M,F"/><TAIKYOKU oya="0"/><INIT seed="0,0,0,0,4,58" ten="250,250,250,250" oya="0" hai0="72,56,48,104,68,71,130,84,124,112,53,18,36" hai1="41,75,52,1,105,46,118,60,94,121,19,135,101" hai2="59,34,128,134,44,98,74,108,40,103,35,125,14" hai3="50,78,82,30,32,113,62,29,131,87,54,116,132"/><T96/><D72/><U27/><E118/><V24/><F74/><W43/><G116/><T67/><D112/><U28/><E121/><V114/><F114/><W51/><G113/><T115/><D115/><U7/><E75/><V31/><F108/><W69/><G131/><T110/><D130/><U97/><E135/><V33/><F128/><W15/><G132/><T25/><D110/><U109/><E109/><V3/><F3/><W106/><G106/><T12/><D124/><U5/><E1/><V57/><F14/><W2/><G2/><T37/><D25/><U61/><E19/><V92/><F125/><W45/><G32/><T49/><D84/><U123/><E123/><V17/><F17/><W16/><G69/><T119/><D119/><U107/><E105/><V77/><F77/><W89/><G78/><T23/><D49/><N who="1" m="28727" /><E41/><V20/><REACH who="2" step="1"/><F134/><REACH who="2" ten="250,250,240,250" step="2"/><W129/><G129/><T8/><D18/><U22/><E107/><V9/><F9/><N who="3" m="6255" /><G62/><AGARI ba="0,1" hai="5,7,22,27,28,60,61,62,94,97,101" m="28727" machi="62" ten="30,8000,1" yaku="8,1,52,3,54,1" doraHai="58" who="1" fromWho="3" sc="250,0,250,90,240,0,250,-80" /><INIT seed="1,0,0,2,0,51" ten="250,340,240,170" oya="1" hai0="66,110,32,103,33,30,125,41,118,101,113,18,25" hai1="54,76,112,27,70,71,10,56,68,4,45,119,84" hai2="57,89,19,78,9,123,88,61,52,44,17,8,121" hai3="64,74,67,99,28,104,3,5,130,22,80,12,91"/><U39/><E112/><V133/><F133/><W97/><G3/><T102/><D113/><U0/><E119/><V50/><F123/><W96/><G130/><T11/><D118/><U106/><E106/><V73/><F121/><W20/><G104/><T29/><D41/><U65/><E27/><V93/><F73/><W13/><G74/><T109/><D66/><U87/><E65/><N who="3" m="25162" /><G28/><T124/><D11/><N who="2" m="4170" /><F78/><W95/><G80/><T37/><D18/><N who="2" m="6666" /><F93/><W79/><G79/><T81/><D81/><U108/><E108/><N who="0" m="41577" /><D37/><U111/><E111/><V7/><F7/><W127/><G127/><N who="0" m="48715" /><D25/><U16/><E76/><V55/><AGARI ba="0,0" hai="44,50,52,55,57,61,88,89" m="6666,4170" machi="55" ten="30,8000,1" yaku="8,1,52,2,54,2" doraHai="51" who="2" fromWho="2" sc="250,-20,340,-40,240,80,170,-20" /><INIT seed="2,0,0,1,4,37" ten="230,300,320,150" oya="2" hai0="41,123,87,71,90,11,95,89,63,5,57,47,38" hai1="132,74,49,18,9,12,121,22,58,112,120,61,85" hai2="7,125,6,92,65,72,62,69,86,98,130,16,23" hai3="80,88,4,35,133,126,128,50,103,8,26,129,34"/><V46/><F72/><W91/><G126/><T73/><D123/><N who="1" m="47179" /><E132/><V13/><F125/><W52/><G133/><T48/><D73/><U44/><E74/><V113/><F113/><W32/><G26/><T127/><D127/><U107/><E107/><V84/><F130/><N who="3" m="50283" /><G80/><T67/><D90/><N who="3" m="34345" /><G103/><T2/><REACH who="0" step="1"/><D38/><REACH who="0" ten="220,300,320,150" step="2"/><U83/><E112/><V114/><F114/><W36/><G36/><T81/><D81/><U56/><E83/><V15/><F86/><W106/><G106/><T60/><D60/><U104/><E85/><V75/><F84/><W29/><G29/><T28/><D28/><U135/><E135/><V33/><F75/><W79/><G79/><T111/><D111/><U94/><E104/><V55/><F92/><W30/><G30/><T77/><D77/><U131/><E61/><V3/><F62/><W116/><G116/><T51/><D51/><U119/><E119/><V115/><F115/><W93/><G93/><T0/><D0/><U43/><E94/><V59/><F3/><N who="3" m="31" /><G35/><T99/><D99/><U14/><E131/><V64/><F33/><W122/><G122/><T42/><D42/><U53/><E43/><V10/><F98/><W24/><G24/><T19/><D19/><AGARI ba="0,1" hai="9,12,14,18,19,22,44,49,53,56,58" m="47179" machi="19" ten="30,1000,0" yaku="13,1" doraHai="37" who="1" fromWho="0" sc="220,-10,300,20,320,0,150,0" /><INIT seed="3,0,0,2,3,46" ten="210,320,320,150" oya="3" hai0="82,109,113,110,6,115,27,119,77,61,30,91,104" hai1="93,8,86,21,31,32,20,83,84,49,48,125,44" hai2="85,117,114,22,76,80,18,2,51,58,16,45,97" hai3="127,111,9,47,120,62,90,121,37,29,36,34,116"/><W60/><G116/><T73/><D119/><U53/><E125/><V40/><F117/><W102/><G127/><T57/><D91/><N who="1" m="53479" /><E32/><V17/><F114/><N who="0" m="43530" /><D6/><U101/><E101/><V71/><F71/><W38/><G102/><T131/><D131/><U41/><E8/><V134/><F134/><W0/><G111/><T7/><D7/><U92/><E92/><V128/><F128/><W126/><G126/><T4/><D4/><U23/><E31/><V88/><F58/><W94/><G0/><T56/><D104/><U1/><E1/><V100/><F2/><W130/><G130/><T129/><D129/><U3/><E3/><V68/><F68/><W66/><G9/><T13/><D13/><U89/><E48/><V122/><F122/><W132/><G132/><T33/><D56/><U107/><E107/><V25/><F76/><W67/><G47/><T124/><D124/><U65/><E65/><AGARI ba="0,0" hai="27,30,33,57,61,65,73,77,82,109,110" m="43530" machi="65" ten="30,1000,0" yaku="11,1" doraHai="46" who="0" fromWho="1" sc="210,10,320,-10,320,0,150,0" owari="220,-18.0,310,11.0,320,42.0,150,-35.0" /></mjloggm>