<mjloggm ver="2.3"><GO type="225" lobby="0"/><UN n0="%E3%81%BF%E3%81%BF%E3%81%9A" n1="%E8%90%BD%E6%97%A5" n2="%6D%75%75%73%61%6E%6D%75" n3="%E3%81%92%E3%81%A3%E3%81%A1" dan="17,17,16,17" rate="2264.02,2185.32,2115.24,2225.58" sx="M,F,F,M"/><TAIKYOKU oya="0"/><INIT seed="0,0,0,2,4,27" ten="250,250,250,250" oya="0" hai0="101,85,77,98,108,4,128,35,57,55,83,22,94" hai1="78,11,91,32,117,134,66,80,39,107,56,24,115" hai2="43,114,68,113,125,42,47,99,100,131,60,40,51" hai3="69,19,93,26,23,132,104,53,18,49,76,2,122"/><T13/><D35/><U130/><E117/><V52/><F125/><W5/><G104/><T45/><D128/><U129/><E39/><V21/><F131/><N who="1" m="50185" /><E107/><V126/><F126/><W92/><G132/><T37/><D108/><U33/><E134/><V123/><F123/><W46/><G69/><T87/><D37/><U133/><E133/><V81/><F81/><W105/><G105/><T6/><D45/><U119/><E119/><V88/><F100/><W127/><G122/><T65/><D65/><U61/><E115/><V31/><F68/><W20/><G127/><T75/><D87/><U111/><E111/><V38/><F113/><W79/><G5/><T110/><D110/><U70/><E70/><V30/><F114/><W73/><G2/><T116/><D116/><U71/><E71/><V72/><F72/><W17/><G73/><T3/><D3/><U62/><E62/><V44/><F60/><W9/><G9/><T124/><D124/><U86/><E11/><V90/><F21/><W120/><G120/><T12/><D75/><N who="1" m="43103" /><E24/><V64/><F64/><W135/><G135/><T34/><D34/><U97/><E97/><V10/><F99/><W84/><G23/><T41/><D41/><U14/><E14/><N who="0" m="5737" /><D22/><U58/><E56/><V102/><F10/><W29/><REACH who="3" step="1"/><G84/><REACH who="3" ten="250,250,250,240" step="2"/><T8/><D8/><U96/><E96/><V74/><F74/><W95/><AGARI ba="0,1" hai="17,18,19,20,26,29,46,49,53,76,79,92,93,95" machi="95" ten="30,8000,1" yaku="1,1,2,1,0,1,8,1,52,1,53,0" doraHai="27" doraHaiUra="63" who="3" fromWho="3" sc="250,-40,250,-20,250,-20,240,90" /><INIT seed="1,0,0,1,2,19" ten="210,230,230,330" oya="1" hai0="22,102,50,118,133,44,26,115,106,66,121,46,27" hai1="80,117,84,97,88,61,112,28,103,135,23,123,92" hai2="41,73,72,17,21,4,58,43,15,16,57,93,49" hai3="56,91,38,14,128,1,55,113,86,35,104,0,6"/><U79/><E112/><V85/><F4/><W36/><G35/><T18/><D115/><U24/><E117/><V131/><F131/><W125/><G104/><T47/><D118/><U52/><E123/><V65/><F72/><W83/><G128/><T13/><D121/><U119/><E119/><V89/><F73/><W2/><G125/><T40/><D133/><U96/><E135/><V31/><F31/><W30/><G30/><T51/><D66/><U129/><E129/><V82/><F82/><W8/><REACH who="3" step="1"/><G113/><REACH who="3" ten="210,230,230,320" step="2"/><T98/><REACH who="0" step="1"/><D47/><REACH who="0" ten="200,230,230,320" step="2"/><U107/><REACH who="1" step="1"/><E61/><AGARI ba="0,2" hai="0,1,2,6,8,14,36,38,55,56,61,83,86,91" machi="61" ten="40,2600,0" yaku="1,1,2,1,53,0" doraHai="19" doraHaiUra="95" who="3" fromWho="1" sc="200,0,230,-26,230,0,320,46" /><INIT seed="2,0,0,5,1,114" ten="200,204,230,366" oya="2" hai0="29,20,28,91,10,125,30,108,36,98,95,1,82" hai1="90,57,85,3,134,75,60,64,45,19,128,94,12" hai2="129,9,4,52,65,14,111,32,71,37,119,59,86" hai3="42,131,47,15,92,118,48,23,110,101,53,49,88"/><V62/><F129/><W126/><G118/><T102/><D36/><U96/><E128/><V97/><F119/><W77/><G110/><T103/><D108/><U61/><E134/><V8/><F111/><W58/><G126/><T99/><D125/><U11/><E75/><V93/><F37/><W106/><G77/><T63/><D1/><U127/><E127/><V79/><F32/><W121/><G121/><T135/><D135/><U50/><E3/><V55/><F71/><W5/><G106/><T87/><D10/><U124/><E124/><V133/><F133/><W41/><G101/><T115/><D115/><U44/><E61/><V39/><F39/><W84/><G131/><T26/><REACH who="0" step="1"/><D63/><REACH who="0" ten="190,204,230,366" step="2"/><U43/><E45/><V107/><F9/><W6/><G42/><T7/><D7/><U24/><E24/><V51/><F51/><W31/><G15/><T40/><D40/><U0/><E0/><V112/><F112/><W104/><G104/><AGARI ba="0,1" hai="20,26,28,29,30,82,87,91,95,98,99,102,103,104" machi="104" ten="30,3900,0" yaku="1,1,7,1,53,1" doraHai="114" doraHaiUra="78" who="0" fromWho="3" sc="190,49,204,0,230,0,366,-39" /><INIT seed="3,0,0,5,2,10" ten="239,204,230,327" oya="3" hai0="33,135,69,129,4,115,61,90,106,60,114,44,3" hai1="113,111,38,0,88,100,93,119,55,50,107,123,29" hai2="79,126,26,39,41,98,45,130,36,108,57,104,12" hai3="25,20,59,51,132,2,103,56,22,14,101,23,6"/><W96/><G2/><T133/><D106/><U66/><E123/><V47/><F108/><W52/><G132/><N who="0" m="50763" /><D33/><U32/><E113/><N who="0" m="43017" /><D129/><U28/><E111/><V99/><F130/><W70/><G70/><T72/><D69/><U87/><E119/><V118/><F118/><W80/><G80/><T85/><D72/><U86/><E0/><V116/><F116/><W7/><G25/><T34/><D34/><U128/><E128/><V24/><F126/><W62/><G103/><T74/><D74/><U17/><E38/><V43/><F104/><W11/><G6/><T63/><D44/><N who="1" m="28103" /><E32/><V48/><F26/><W82/><G82/><N who="0" m="49463" /><D4/><U127/><E127/><V71/><F71/><W42/><G101/><T92/><D92/><N who="1" m="54295" /><E107/><V30/><F36/><W120/><G120/><T19/><D3/><U91/><E100/><V76/><F39/><W125/><G125/><T13/><D63/><U124/><E124/><V77/><F98/><W94/><G62/><T134/><N who="0" m="50771" /><T65/><DORA hai="9" /><D65/><U64/><E17/><V58/><F99/><W31/><G7/><T8/><AGARI ba="0,0" hai="8,13,19,60,61" m="49463,43017,50771" machi="8" ten="50,8000,1" yaku="20,1,11,1,52,2" doraHai="10,9" who="0" fromWho="0" sc="239,80,204,-20,230,-20,327,-40" owari="319,41.9,184,-31.6,210,-19.0,287,8.7" /></mjloggm>