<mjloggm ver="2.3"><GO type="225" lobby="0"/><UN n0="%E3%81%AA%E3%82%81%E3%81%93%E9%9B%80%E5%A3%AB" n1="%E7%99%BD%E5%92%B2%E8%8A%B1%E3%81%A1%E3%82%83%E3%82%93" n2="%E4%BA%BA%E9%96%93%E3%83%81%E3%83%A3%E3%83%BC%E3%83%8F%E3%83%B3" n3="%E3%83%89%E3%83%A9%E3%81%8F%E3%82%8C" dan="16,16,16,17" rate="2076.65,2112.89,2098.16,2231.08" sx="M,F,M,M"/><TAIKYOKU oya="0"/><INIT seed="0,0,0,3,4,3" ten="250,250,250,250" oya="0" hai0="7,8,50,61,15,106,68,75,54,86,81,1,131" hai1="31,21,88,60,102,101,30,89,57,82,4,59,2" hai2="22,126,112,110,125,69,80,45,46,18,58,111,33" hai3="135,132,41,6,48,0,118,99,108,32,113,52,28"/><T105/><D131/><U77/><E2/><V5/><F69/><W117/><G41/><T65/><D75/><U97/><E57/><V122/><F122/><W64/><G64/><T12/><D12/><U70/><E70/><V123/><F123/><W9/><G113/><T53/><D1/><U29/><E21/><V63/><F33/><W27/><G99/><T130/><D130/><U55/><E4/><V109/><F80/><W84/><G84/><T95/><D95/><U79/><E102/><V42/><F112/><W66/><G66/><T51/><D51/><U56/><E56/><V11/><F18/><W134/><REACH who="3" step="1"/><G108/><REACH who="3" ten="250,250,250,240" step="2"/><T13/><D54/><U115/><E115/><V83/><F42/><W120/><G120/><T114/><D114/><U87/><REACH who="1" step="1"/><E77/><REACH who="1" ten="250,240,250,240" step="2"/><V92/><F109/><W119/><G119/><T10/><D53/><U43/><E43/><V49/><F110/><W98/><G98/><T40/><D40/><U93/><AGARI ba="0,2" hai="29,30,31,55,59,60,79,82,87,88,89,93,97,101" machi="93" ten="30,8000,1" yaku="1,1,0,1,8,1,54,1,53,1" doraHai="3" doraHaiUra="90" who="1" fromWho="1" sc="250,-40,240,100,250,-20,240,-20" /><INIT seed="1,0,0,0,2,45" ten="210,340,230,220" oya="1" hai0="57,116,9,119,90,124,44,61,98,78,87,12,1" hai1="51,34,42,10,132,27,74,7,102,41,67,16,101" hai2="40,80,56,53,54,14,131,5,38,39,46,33,83" hai3="105,135,84,118,112,82,63,121,107,127,108,114,126"/><U94/><E132/><V49/><F33/><W97/><G63/><T111/><D1/><U4/><E74/><V23/><F131/><W29/><G29/><T26/><D111/><U96/><E67/><V28/><F54/><W13/><G13/><T21/><D124/><N who="3" m="47657" /><G121/><T66/><D98/><U123/><E123/><V68/><F68/><W17/><G17/><T31/><D78/><U100/><E34/><V59/><F39/><W130/><G108/><T64/><D64/><U3/><E7/><V99/><F99/><W77/><G135/><T22/><D22/><U79/><E79/><V62/><F28/><W106/><G130/><T120/><D120/><U109/><E109/><V115/><F115/><N who="3" m="44075" /><G118/><T91/><D119/><U81/><E81/><N who="2" m="31307" /><F38/><W36/><G36/><T19/><D116/><U20/><E42/><V76/><F76/><W129/><G129/><T37/><D37/><U93/><E41/><V70/><F70/><W89/><G77/><T88/><REACH who="0" step="1"/><D44/><REACH who="0" ten="200,340,230,220" step="2"/><U110/><E110/><V75/><F56/><W125/><N who="3" m="47665" /><W71/><DORA hai="47" /><G71/><T24/><D24/><U85/><E27/><V30/><F75/><W95/><G97/><T60/><D60/><U133/><E96/><V72/><F72/><W86/><G82/><AGARI ba="0,1" hai="9,12,19,21,26,31,57,61,66,82,87,88,90,91" machi="82" ten="30,7700,0" yaku="1,1,7,1,8,1,54,1,53,0" doraHai="45,47" doraHaiUra="43,35" who="0" fromWho="3" sc="200,87,340,0,230,0,220,-77" /><INIT seed="2,0,0,3,2,90" ten="287,340,230,143" oya="2" hai0="85,99,107,101,49,121,95,82,24,20,69,47,25" hai1="48,12,36,88,26,112,40,65,14,130,60,34,93" hai2="113,127,132,120,51,117,61,122,3,81,15,29,54" hai3="9,18,62,4,31,32,126,116,97,129,45,133,119"/><V35/><F113/><W52/><G133/><T8/><D69/><U96/><E112/><V76/><F117/><W86/><G129/><T39/><D39/><U128/><E36/><V55/><F3/><W109/><G126/><T91/><D121/><U64/><E40/><V103/><F127/><W73/><G73/><T44/><D8/><U22/><E48/><V77/><F132/><W28/><G109/><T38/><D38/><U42/><E42/><V58/><F103/><W74/><G74/><T123/><D123/><U63/><E34/><V30/><F76/><W92/><G86/><T56/><D107/><U13/><E63/><V17/><F35/><W53/><G18/><N who="0" m="12311" /><D25/><U6/><E6/><V75/><F30/><W114/><G114/><T7/><D7/><U19/><REACH who="1" step="1"/><E65/><REACH who="1" ten="287,330,230,143" step="2"/><V89/><F120/><W104/><G32/><T11/><D49/><U0/><E0/><V70/><F122/><W115/><G115/><T68/><D47/><U98/><E98/><V37/><F37/><W46/><G62/><T72/><D44/><U59/><AGARI ba="0,1" hai="12,13,14,19,22,26,59,60,64,88,93,96,128,130" machi="59" ten="30,7900,0" yaku="1,1,0,1,52,1,54,1,53,0" doraHai="90" doraHaiUra="111" who="1" fromWho="1" sc="287,-20,330,89,230,-39,143,-20" /><INIT seed="3,0,0,0,3,115" ten="267,419,191,123" oya="3" hai0="1,74,3,125,35,87,28,17,5,120,134,70,94" hai1="110,100,55,8,4,50,93,128,13,16,107,119,44" hai2="32,96,49,59,85,73,105,123,0,122,118,34,66" hai3="2,72,132,75,89,80,51,135,65,78,91,24,109"/><W46/><G2/><T129/><D74/><U43/><E110/><V117/><F73/><W29/><G72/><T97/><D70/><U114/><E119/><N who="2" m="45579" /><F0/><W58/><G109/><T6/><D87/><U82/><E128/><V81/><F96/><W124/><G124/><T69/><D129/><U18/><E107/><V20/><F105/><W126/><G126/><T98/><D125/><U64/><E82/><V54/><F20/><W61/><G91/><T38/><D94/><U25/><E64/><V56/><F56/><W131/><G89/><T95/><D95/><U121/><E121/><N who="2" m="46091" /><F66/><W116/><G131/><T67/><D67/><U79/><E100/><V19/><F19/><W127/><G127/><T14/><D69/><U37/><E16/><V106/><F106/><W41/><REACH who="3" step="1"/><G116/><REACH who="3" ten="267,419,191,113" step="2"/><T90/><D90/><AGARI ba="0,1" hai="32,34,49,54,59,81,85,90" m="46091,45579" machi="90" ten="30,7700,0" yaku="13,1,52,3" doraHai="115" who="2" fromWho="0" sc="267,-77,419,0,191,87,113,0" owari="190,-21.0,419,51.9,278,7.8,113,-38.7" /></mjloggm>