<mjloggm ver="2.3"><GO type="225" lobby="0"/><UN n0="%E3%81%8B%E3%82%8F%E3%81%A1%E3%82%83%E3%82%93%35%38" n1="%E6%9D%B1%E9%A2%A8%E3%81%AE%E3%81%8D%E3%82%83%E3%81%B7%E3%81%95%E3%82%93" n2="%6D%75%75%73%61%6E%6D%75" n3="%E5%A4%9C%E5%85%89%E5%A4%A9%E6%A5%BC" dan="16,17,16,16" rate="2154.55,2215.21,2120.67,2074.41" sx="M,M,F,F"/><TAIKYOKU oya="0"/><INIT seed="0,0,0,2,2,57" ten="250,250,250,250" oya="0" hai0="47,21,63,27,103,36,98,66,37,8,13,86,9" hai1="73,79,91,44,70,134,6,101,51,110,40,30,90" hai2="38,129,64,120,114,77,31,102,42,55,87,5,56" hai3="45,62,25,100,11,83,2,130,35,0,46,116,48"/><T84/><D37/><U39/><E70/><V89/><F120/><W60/><G116/><T17/><D36/><U127/><E101/><V128/><F114/><W43/><G100/><T4/><D47/><U50/><E30/><V132/><F132/><W106/><G106/><T97/><D8/><U16/><E134/><V18/><F77/><W85/><G130/><T99/><REACH who="0" step="1"/><D103/><REACH who="0" ten="240,250,250,250" step="2"/><U58/><E39/><V7/><F102/><W107/><G11/><T104/><D104/><U124/><E44/><V72/><F38/><W119/><G107/><T92/><D92/><U29/><E127/><V71/><F128/><W53/><G46/><T23/><D23/><U59/><E124/><V12/><F129/><W109/><G43/><T96/><N who="0" m="24576" /><DORA hai="123" /><T14/><D14/><U34/><E40/><V32/><F42/><W131/><G131/><T54/><D54/><U65/><E65/><V95/><F64/><W3/><G119/><T118/><D118/><U81/><E34/><V93/><F32/><W82/><G35/><T67/><D67/><U74/><E81/><V88/><F93/><W113/><G83/><T20/><D20/><U135/><E135/><V22/><F95/><W24/><G24/><T105/><D105/><U19/><E73/><V69/><F72/><W111/><G25/><T80/><D80/><U61/><E74/><V94/><F94/><W121/><G121/><T26/><D26/><U112/><E112/><V33/><F33/><W68/><G113/><T78/><D78/><U52/><E79/><V115/><F115/><W75/><G75/><T108/><D108/><RYUUKYOKU ba="0,1" sc="240,30,250,-10,250,-10,250,-10" hai0="4,9,13,17,21,27,63,66,84,86" /><INIT seed="0,1,1,5,1,22" ten="270,240,240,240" oya="0" hai0="130,86,93,63,89,81,114,73,116,109,16,36,70" hai1="1,96,10,4,128,126,104,76,11,100,123,95,91" hai2="59,43,25,34,67,111,54,75,112,32,47,124,121" hai3="45,107,30,58,40,79,84,94,113,2,65,39,14"/><T50/><D114/><U48/><E123/><V9/><F121/><W102/><G2/><T55/><D36/><U68/><E68/><V23/><F112/><W131/><G113/><T21/><D116/><U20/><E76/><V120/><F120/><W44/><G131/><T57/><D130/><U97/><E128/><V7/><F75/><W0/><G0/><T117/><D117/><U101/><E126/><V6/><F67/><W38/><G107/><T18/><D109/><U15/><E48/><V37/><F124/><W108/><G108/><T77/><D70/><U125/><E125/><V27/><F111/><W8/><G30/><T19/><REACH who="0" step="1"/><D63/><REACH who="0" ten="260,240,240,240" step="2"/><U69/><E69/><V118/><F118/><W61/><G39/><T105/><D105/><U83/><E104/><V87/><F37/><W127/><G38/><T132/><D132/><U115/><E115/><V90/><F34/><W56/><G127/><T133/><D133/><U29/><E1/><V26/><F32/><W41/><G61/><T98/><D98/><U53/><E97/><V85/><F59/><W71/><G56/><T46/><D46/><N who="3" m="18025" /><G58/><T135/><D135/><U33/><E33/><V119/><F119/><W129/><G71/><T72/><D72/><U28/><E96/><V62/><F62/><W51/><G129/><T78/><D78/><U64/><E101/><V31/><F47/><W99/><G79/><T66/><D66/><U103/><E64/><V134/><F134/><W74/><G65/><T92/><D92/><U80/><E95/><V82/><F43/><N who="3" m="16459" /><G74/><T106/><D106/><U24/><E103/><RYUUKYOKU ba="1,2" sc="260,30,240,-10,240,-10,240,-10" hai0="16,18,19,21,50,55,57,73,77,81,86,89,93" /><INIT seed="0,2,2,3,1,54" ten="290,230,230,230" oya="0" hai0="61,49,37,91,19,52,100,3,13,20,55,11,12" hai1="63,90,15,112,133,72,64,29,111,62,134,47,2" hai2="41,81,45,57,21,34,118,89,43,80,48,78,88" hai3="128,79,83,7,33,67,104,85,109,69,65,105,113"/><T16/><D37/><U135/><E72/><V73/><F34/><W27/><G113/><T35/><D35/><U53/><E2/><V119/><F43/><W9/><G128/><T126/><D126/><U14/><E112/><V87/><F21/><W36/><G36/><T86/><D3/><U32/><E111/><V66/><REACH who="2" step="1"/><F89/><REACH who="2" ten="290,230,220,230" step="2"/><W114/><G33/><T44/><D100/><U94/><E32/><V129/><F129/><W95/><G114/><T10/><D20/><U46/><E29/><V125/><F125/><W76/><G109/><T18/><D61/><AGARI ba="2,3" hai="41,45,48,57,61,66,73,78,80,81,87,88,118,119" machi="61" ten="40,8000,1" yaku="1,1,52,1,54,1,53,1" doraHai="54" doraHaiUra="38" who="2" fromWho="0" sc="290,-86,230,0,220,116,230,0" /><INIT seed="1,0,0,0,0,65" ten="204,230,336,230" oya="1" hai0="10,53,14,101,46,20,111,49,5,6,56,50,86" hai1="121,2,116,77,76,26,12,58,133,81,99,78,95" hai2="134,66,31,85,19,59,35,107,70,93,110,21,129" hai3="90,82,52,64,3,91,51,112,37,130,17,45,1"/><U69/><E2/><V43/><F107/><W135/><G112/><T7/><D111/><U104/><E121/><V98/><F110/><W13/><G130/><T41/><D101/><U34/><E116/><V25/><F129/><W8/><G135/><T44/><D20/><U119/><E119/><V122/><F122/><W29/><G37/><T117/><D117/><U47/><E133/><V22/><F134/><W15/><G29/><T68/><D68/><U97/><E69/><V32/><F43/><W74/><G64/><T28/><D28/><U132/><E132/><V87/><F87/><N who="3" m="50551" /><G74/><T40/><REACH who="0" step="1"/><D86/><REACH who="0" ten="194,230,336,230" step="2"/><U39/><E34/><V83/><F70/><W4/><G91/><T18/><D18/><U73/><E76/><N who="2" m="46311" /><F32/><W23/><G23/><T42/><D42/><U120/><E77/><V108/><F35/><W62/><G17/><T128/><D128/><U109/><E109/><V0/><F108/><W67/><G4/><T106/><D106/><U115/><E120/><V16/><F22/><W123/><G123/><T75/><D75/><U105/><E105/><V89/><F0/><W126/><G3/><T57/><D57/><U80/><E58/><V55/><F66/><W92/><G1/><T61/><AGARI ba="0,1" hai="5,6,7,10,14,40,41,44,46,49,50,53,56,61" machi="61" ten="20,8000,1" yaku="1,1,0,1,7,1,9,1,8,1,53,0" doraHai="65" doraHaiUra="113" who="0" fromWho="0" sc="194,90,230,-40,336,-20,230,-20" /><INIT seed="2,0,0,4,4,26" ten="284,190,316,210" oya="2" hai0="40,122,56,85,47,58,55,73,131,6,101,130,126" hai1="24,133,96,23,132,115,45,82,84,21,109,30,94" hai2="64,102,44,31,20,92,22,125,37,10,63,72,0" hai3="38,113,98,29,99,62,81,4,28,41,18,119,105"/><V90/><F72/><W129/><G119/><T59/><D73/><U135/><E115/><V93/><F125/><W11/><G113/><T60/><D101/><U7/><E7/><V42/><F0/><W127/><G127/><T33/><D126/><U91/><E45/><V95/><F10/><W39/><G41/><T35/><D6/><U53/><E53/><V104/><F90/><W110/><G105/><T15/><D15/><U86/><E109/><V70/><F31/><N who="3" m="11851" /><G18/><T67/><D85/><U65/><E65/><V12/><F12/><W71/><G81/><T76/><D76/><U52/><E52/><V16/><F16/><W19/><G19/><T57/><D122/><U111/><E111/><V68/><F68/><W118/><G118/><T83/><D83/><U106/><E106/><V100/><F104/><W79/><G79/><T3/><D3/><U134/><N who="1" m="33792" /><DORA hai="43" /><U74/><E21/><V9/><F9/><W50/><G110/><T69/><D33/><U2/><E2/><V123/><F123/><W107/><G107/><T25/><D25/><U49/><E49/><V36/><F37/><W128/><G50/><N who="0" m="30839" /><D35/><U117/><E117/><V48/><F36/><AGARI ba="0,0" hai="36,40,47,57,58,59,60,67,69,130,131" m="30839" machi="36" ten="30,7700,0" yaku="24,1,34,2,52,1" doraHai="26,43" who="0" fromWho="2" sc="284,77,190,0,316,-77,210,0" /><INIT seed="3,0,0,1,4,2" ten="361,190,239,210" oya="3" hai0="111,71,18,100,53,55,34,30,5,13,124,31,40" hai1="39,83,79,3,103,23,38,24,44,74,70,11,45" hai2="61,58,108,42,59,27,117,98,107,112,9,63,88" hai3="48,122,28,87,29,97,25,68,85,66,51,94,121"/><W16/><G121/><T93/><D71/><U20/><E103/><V10/><F112/><W106/><G122/><T114/><D5/><N who="1" m="1471" /><E70/><V75/><F117/><W6/><G6/><T41/><D111/><U17/><E20/><V32/><F75/><W123/><G106/><T95/><D124/><U92/><E92/><N who="2" m="56583" /><F32/><W54/><G123/><T128/><D41/><N who="1" m="22583" /><E45/><V120/><F108/><W12/><G66/><T14/><D128/><U52/><E39/><V135/><F107/><W131/><G131/><T127/><D13/><U118/><E52/><N who="2" m="33991" /><F135/><W81/><G68/><T129/><D127/><U57/><E57/><V130/><F130/><W91/><G87/><T65/><D34/><U72/><E74/><V26/><F42/><W64/><G64/><T116/><D40/><U113/><E113/><V69/><F69/><W96/><G96/><T50/><D116/><AGARI ba="0,0" hai="17,23,24,72,79,83,116,118" m="22583,1471" machi="116" ten="30,2000,0" yaku="25,1,52,1" doraHai="2" who="1" fromWho="0" sc="361,-20,190,20,239,0,210,0" owari="341,44.1,210,-19.0,239,3.9,210,-29.0" /></mjloggm>