<mjloggm ver="2.3"><GO type="225" lobby="0"/><UN n0="%E3%82%B2%E3%82%B9%E8%8C%82%E5%8B%9D" n1="%E5%8D%A0%E3%81%84%E5%B8%AB%E8%A3%8F%E3%81%AA%E3%81%84%E3%81%97" n2="%E5%A4%9C%E3%81%AE%E3%82%AC%E3%82%B9%E3%83%91%E3%83%BC%E3%83%AB" n3="%E3%81%B5%E3%81%98%E3%81%8B%E3%81%A4" dan="16,17,17,16" rate="2077.25,2159.10,2228.66,2148.81" sx="F,M,M,M"/><TAIKYOKU oya="0"/><INIT seed="0,0,0,5,0,59" ten="250,250,250,250" oya="0" hai0="108,49,109,133,55,51,45,132,88,125,122,47,7" hai1="74,21,91,53,127,56,14,103,24,29,72,118,12" hai2="8,16,115,98,6,77,31,93,26,28,84,9,78" hai3="0,134,129,69,121,99,113,44,70,95,36,4,126"/><T90/><D7/><U52/><E118/><V61/><F115/><W27/><G113/><T67/><D67/><U81/><E127/><V97/><F97/><W62/><G126/><T116/><D125/><U120/><E120/><V43/><F43/><W105/><G105/><T25/><D25/><U11/><E103/><V89/><F61/><W19/><G121/><T83/><D122/><U22/><E22/><N who="2" m="13639" /><F98/><W15/><G134/><N who="0" m="51819" /><D116/><U3/><E3/><V20/><F20/><W102/><G129/><T119/><D119/><U106/><E106/><V42/><F42/><W80/><G0/><T128/><D128/><U37/><E37/><V94/><F94/><W104/><G4/><T33/><D33/><U86/><E53/><V66/><F66/><W50/><G27/><T100/><D100/><U123/><E123/><V17/><F6/><W131/><G36/><T101/><D101/><U130/><E130/><V117/><F117/><W10/><G131/><T110/><D83/><U2/><E2/><V30/><F17/><W68/><G80/><T112/><D112/><U40/><E40/><AGARI ba="0,0" hai="40,45,47,49,51,55,88,90,108,109,110" m="51819" machi="40" ten="40,12000,1" yaku="14,1,10,1,20,1,54,1" doraHai="59" who="0" fromWho="1" sc="250,120,250,-120,250,0,250,0" /><INIT seed="0,1,0,1,4,59" ten="370,130,250,250" oya="0" hai0="55,21,112,29,22,62,78,9,87,132,121,7,130" hai1="100,119,77,49,128,75,50,94,110,118,104,105,12" hai2="4,63,127,108,48,53,107,40,36,85,69,32,98" hai3="68,70,19,80,58,67,2,24,120,131,124,52,101"/><T0/><D112/><U117/><E110/><V51/><F32/><W56/><G2/><T46/><D121/><U76/><E12/><V86/><F108/><W84/><G120/><T109/><D109/><U39/><E39/><V79/><F127/><W116/><G116/><T33/><D132/><U42/><E42/><V65/><F4/><W38/><G38/><T99/><D130/><U133/><E128/><V64/><F64/><W1/><G1/><T81/><D99/><U5/><E5/><V129/><F129/><W44/><G101/><T10/><D10/><U125/><E125/><V61/><F79/><W27/><G131/><T83/><D46/><U103/><E133/><V90/><F36/><W96/><G96/><T25/><REACH who="0" step="1"/><D83/><REACH who="0" ten="360,130,250,250" step="2"/><U30/><E118/><V114/><F114/><W122/><G124/><T106/><D106/><U15/><E94/><V6/><F107/><W111/><G80/><T88/><D88/><U92/><E92/><V57/><F98/><W95/><G44/><T73/><D73/><U123/><E123/><V37/><F90/><W14/><G122/><T8/><D8/><U45/><E45/><V34/><F37/><W41/><G111/><T82/><D82/><U93/><E93/><V113/><F113/><W28/><G95/><T26/><D26/><U126/><E126/><V20/><F85/><W47/><G27/><T91/><D91/><U102/><E102/><V16/><F86/><W89/><G89/><T11/><D11/><U17/><E75/><V31/><F6/><W3/><G47/><T43/><D43/><U134/><E119/><RYUUKYOKU ba="1,1" sc="360,30,130,-10,250,-10,250,-10" hai0="0,7,9,21,22,25,29,33,55,62,78,81,87" /><INIT seed="0,2,1,0,3,122" ten="390,120,240,240" oya="0" hai0="115,21,125,34,105,123,94,38,52,82,76,121,109" hai1="57,55,67,31,54,63,59,9,65,22,27,92,35" hai2="62,50,88,134,56,64,91,66,46,68,107,60,78" hai3="130,20,74,19,97,114,33,6,28,80,3,71,120"/><T2/><D52/><U69/><E35/><V87/><F107/><W85/><G71/><T75/><D21/><U29/><E69/><V0/><F0/><W119/><G120/><T40/><D40/><U124/><E124/><V77/><F134/><W36/><G36/><T7/><D7/><U126/><E126/><V72/><F72/><W89/><G119/><T4/><D4/><U116/><E116/><V47/><F47/><W101/><G114/><T17/><D17/><U100/><E29/><V25/><F25/><W24/><G130/><T111/><D34/><U95/><E9/><V133/><F133/><W79/><G6/><T102/><D38/><U30/><E30/><V44/><F44/><W23/><G3/><T13/><D13/><U117/><E117/><V49/><F49/><W58/><G58/><T81/><D2/><U118/><E118/><V84/><F84/><W51/><G51/><T10/><D10/><U98/><REACH who="1" step="1"/><E92/><REACH who="1" ten="390,110,240,240" step="2"/><V53/><F91/><W45/><G89/><T41/><D125/><U8/><E8/><V43/><F43/><W128/><G33/><T42/><D42/><U103/><E103/><V129/><F129/><W37/><G23/><T32/><D41/><U1/><E1/><V106/><F106/><N who="3" m="63791" /><G128/><T70/><D105/><U113/><E113/><V132/><F132/><W16/><G37/><T135/><D115/><U5/><E5/><V48/><F88/><N who="3" m="51239" /><G45/><T83/><D135/><U108/><E108/><V73/><F46/><W127/><G127/><T11/><D111/><U93/><E93/><V110/><F110/><W90/><G90/><RYUUKYOKU ba="2,2" sc="390,-15,110,15,240,-15,240,15" hai1="22,27,31,54,55,57,59,63,65,67,95,98,100" hai3="16,19,20,24,28,74,79" /><INIT seed="1,3,2,1,1,48" ten="375,125,225,255" oya="1" hai0="85,132,29,66,118,104,101,129,32,119,60,49,19" hai1="31,84,56,0,70,50,114,59,78,25,69,51,77" hai2="67,124,115,45,87,46,117,5,54,125,9,36,22" hai3="55,102,47,93,98,27,7,20,11,3,57,133,53"/><U62/><E114/><V116/><F115/><W100/><G133/><T111/><D132/><U121/><E121/><V76/><F67/><W122/><G122/><T18/><D111/><U134/><E0/><V14/><F22/><W65/><G47/><T135/><D135/><U41/><E134/><V39/><F46/><W127/><G127/><N who="2" m="48713" /><F87/><W38/><G38/><N who="2" m="14377" /><F76/><W112/><G112/><T128/><D85/><U113/><E113/><V15/><F14/><N who="3" m="5503" /><G102/><T4/><D4/><U74/><E74/><V37/><N who="2" m="14385" /><V26/><DORA hai="106" /><F26/><W109/><G109/><T42/><D42/><U68/><E41/><V108/><F108/><W94/><G94/><T1/><D1/><U79/><E84/><V71/><F71/><W30/><G3/><T90/><D66/><U88/><E88/><V120/><F120/><W35/><G35/><T89/><D90/><U123/><E123/><V75/><F75/><W21/><G21/><T103/><D89/><U28/><E59/><V96/><F96/><W40/><G40/><T52/><D32/><U58/><E56/><V130/><F130/><W99/><G99/><T95/><D128/><U33/><REACH who="1" step="1"/><E28/><REACH who="1" ten="375,115,225,255" step="2"/><V72/><F72/><W81/><G81/><T73/><D29/><U8/><E8/><V16/><F5/><W10/><G10/><T63/><D73/><U2/><E2/><V6/><F6/><W13/><G13/><T110/><D129/><U17/><E17/><V107/><F107/><W82/><G82/><T91/><D104/><U64/><AGARI ba="3,3" hai="25,31,33,50,51,58,62,64,68,69,70,77,78,79" machi="64" ten="40,3900,0" yaku="1,1,0,1,53,0" doraHai="48,106" doraHaiUra="12,126" who="1" fromWho="1" sc="375,-16,115,78,225,-16,255,-16" /><INIT seed="1,4,0,5,2,119" ten="359,193,209,239" oya="1" hai0="111,108,6,92,27,8,84,123,5,35,126,95,97" hai1="0,85,70,71,46,81,76,93,75,36,66,99,22" hai2="15,77,13,110,17,116,105,20,102,45,9,40,4" hai3="100,1,78,114,134,117,30,96,67,54,80,34,60"/><U88/><E0/><V38/><F116/><W41/><G117/><T90/><D126/><U25/><E66/><V109/><F77/><W19/><G114/><T23/><D35/><U28/><E36/><V124/><F124/><W112/><G112/><T42/><D42/><U98/><E46/><V68/><F68/><W103/><G134/><T32/><D32/><U21/><E22/><V130/><F130/><W120/><G1/><T74/><D74/><U132/><E132/><V65/><F65/><W7/><G7/><T122/><D23/><U87/><REACH who="1" step="1"/><E85/><REACH who="1" ten="359,183,209,239" step="2"/><V118/><F118/><W33/><G67/><T26/><D84/><U62/><E62/><V127/><F127/><W24/><G60/><T135/><D135/><U115/><E115/><V89/><F109/><W63/><G34/><T57/><D57/><U18/><E18/><V50/><F110/><W91/><G19/><T16/><D108/><U52/><E52/><V51/><F38/><W56/><G41/><T61/><D111/><U2/><E2/><V121/><F40/><W31/><G31/><T14/><D61/><U82/><E82/><V72/><F45/><W125/><G125/><T44/><D44/><U86/><E86/><V37/><F37/><W47/><G47/><T59/><D59/><U101/><E101/><V48/><F102/><W128/><G128/><T104/><D5/><U12/><E12/><V113/><F113/><W106/><G100/><T29/><D6/><U69/><AGARI ba="4,1" hai="21,25,28,69,70,71,75,76,81,87,88,93,98,99" machi="69" ten="30,6000,0" yaku="1,1,0,1,54,1,53,0" doraHai="119" doraHaiUra="55" who="1" fromWho="1" sc="359,-24,183,82,209,-24,239,-24" /><INIT seed="1,5,0,3,2,83" ten="335,265,185,215" oya="1" hai0="114,24,10,48,56,106,99,29,119,78,92,77,28" hai1="75,122,94,129,131,9,36,128,109,74,62,22,82" hai2="101,130,86,73,2,61,103,113,135,91,123,118,32" hai3="97,125,50,23,39,120,34,133,58,25,3,117,110"/><U66/><E122/><V21/><F118/><W37/><G97/><T59/><D119/><U112/><E112/><V69/><F123/><W95/><G95/><T0/><D106/><U105/><E105/><V40/><F32/><W38/><G23/><T115/><D10/><U52/><E36/><V67/><F73/><W132/><G25/><T14/><D14/><U71/><E109/><V53/><F2/><W134/><G3/><T60/><D0/><U30/><E9/><V63/><F113/><W11/><G11/><T72/><D72/><U51/><E94/><V27/><F130/><W33/><G117/><T15/><D15/><U87/><E22/><V4/><F4/><W85/><G120/><T47/><D114/><U41/><E41/><V42/><F135/><W49/><G110/><T100/><D115/><U88/><E30/><N who="0" m="11881" /><D24/><U79/><E79/><N who="0" m="30217" /><D60/><U19/><E19/><V89/><F42/><AGARI ba="5,0" hai="42,47,48,56,59,92,99,100" m="30217,11881" machi="42" ten="30,1000,0" yaku="8,1" doraHai="83" who="0" fromWho="2" sc="335,25,265,0,185,-25,215,0" /><INIT seed="2,0,0,1,1,19" ten="360,265,160,215" oya="2" hai0="42,8,45,0,127,114,74,135,113,108,118,126,128" hai1="100,43,5,103,10,62,33,84,112,24,124,11,57" hai2="123,15,63,109,47,120,92,79,27,115,34,116,3" hai3="105,87,13,95,66,39,130,58,48,73,107,70,18"/><V23/><F115/><N who="0" m="44042" /><D74/><U71/><E112/><V32/><F116/><W6/><G73/><T50/><D8/><U7/><E71/><V96/><F3/><W52/><G39/><N who="0" m="21727" /><D0/><U31/><E124/><N who="0" m="47657" /><D118/><U69/><E84/><V122/><F109/><W76/><G130/><T44/><D108/><U83/><E83/><V12/><F79/><W68/><G6/><T60/><D128/><U81/><E81/><V93/><F63/><W110/><G110/><T131/><D131/><U20/><E10/><V37/><F37/><W82/><G95/><T97/><D97/><U29/><E11/><V121/><F47/><W88/><G76/><T72/><D72/><U89/><E103/><V132/><N who="2" m="30720" /><DORA hai="106" /><V4/><F132/><W21/><REACH who="3" step="1"/><G70/><REACH who="3" ten="360,265,160,205" step="2"/><T129/><D129/><U90/><E69/><V2/><F92/><W117/><G117/><T64/><D135/><U75/><E75/><V133/><F133/><W59/><G59/><N who="0" m="36895" /><D44/><U125/><E5/><V35/><F2/><W101/><G101/><T36/><D36/><U38/><E7/><V99/><F4/><W55/><G55/><T49/><AGARI ba="0,1" hai="49,50" m="36895,47657,21727,44042" machi="49" ten="40,5200,0" yaku="18,1,34,2" doraHai="19,106" who="0" fromWho="0" sc="360,62,265,-13,160,-26,205,-13" /><INIT seed="3,0,0,0,3,41" ten="422,252,134,192" oya="3" hai0="52,77,111,106,59,21,34,45,7,120,22,53,27" hai1="81,92,15,124,115,33,44,129,17,78,108,42,134" hai2="12,11,86,49,47,19,125,105,63,23,4,80,96" hai3="16,2,32,58,112,101,62,6,126,118,109,61,98"/><W116/><G112/><T123/><D111/><U68/><E108/><V65/><F125/><W89/><G32/><T133/><D106/><U8/><E33/><V94/><F105/><W48/><G109/><T121/><D133/><U130/><E134/><V3/><F96/><W28/><G28/><T13/><D77/><U114/><E92/><V40/><F94/><W135/><G135/><T113/><D113/><U5/><E17/><V119/><F119/><W99/><G126/><T37/><D34/><U0/><E15/><V95/><F95/><W107/><G6/><T25/><D37/><N who="1" m="21583" /><E68/><V14/><F63/><W18/><G2/><T127/><D127/><U87/><E124/><V26/><REACH who="2" step="1"/><F65/><REACH who="2" ten="422,252,124,192" step="2"/><W36/><G62/><T51/><D120/><U91/><E115/><V54/><F54/><W20/><G99/><T110/><D121/><U71/><E114/><V76/><AGARI ba="0,1" hai="3,4,11,12,14,19,23,26,40,47,49,76,80,86" machi="76" ten="20,5200,0" yaku="1,1,0,1,7,1,52,1,53,0" doraHai="41" doraHaiUra="84" who="2" fromWho="2" sc="422,-13,252,-13,124,62,192,-26" owari="409,50.9,239,3.9,186,-21.4,166,-33.4" /></mjloggm>