<mjloggm ver="2.3"><GO type="225" lobby="0"/><UN n0="%E3%81%A8%E3%82%89%E3%81%84%E3%81%A1" n1="%E7%99%BD%E6%97%A5%E9%9B%AA%E8%8F%9C" n2="%4B%2E%32%2E%4B%2E" n3="%6D%75%75%6D%75%72%61" dan="16,16,16,16" rate="2121.81,2164.69,2170.51,2073.00" sx="M,M,M,F"/><TAIKYOKU oya="0"/><INIT seed="0,0,0,5,0,111" ten="250,250,250,250" oya="0" hai0="30,122,44,78,116,84,96,63,18,75,28,124,54" hai1="60,41,34,88,22,83,48,13,19,31,53,29,120" hai2="16,0,24,55,129,101,56,127,50,128,69,131,95" hai3="15,12,7,9,97,132,123,117,59,108,87,3,4"/><T93/><D116/><U10/><E120/><V11/><F127/><W90/><G108/><T14/><D122/><U72/><E34/><V126/><F126/><W6/><G123/><T58/><D75/><U62/><E41/><V42/><F69/><W32/><G132/><T112/><D124/><U135/><E135/><V68/><F68/><W76/><G32/><T104/><D104/><U107/><E107/><V92/><F101/><W86/><G117/><T35/><D35/><U47/><E72/><V130/><N who="2" m="32768" /><DORA hai="110" /><V105/><F105/><W134/><G134/><T25/><D25/><N who="1" m="16567" /><E31/><V45/><F0/><W38/><G38/><T113/><D44/><U74/><E74/><V46/><F46/><W114/><G97/><T23/><D30/><U70/><E70/><V98/><F98/><W57/><G3/><T8/><D28/><U39/><E39/><N who="2" m="21727" /><F24/><W66/><G15/><AGARI ba="0,0" hai="11,15,16,50,55,56,92,95" m="21727,32768" machi="15" ten="60,3900,0" yaku="19,1,54,1" doraHai="111,110" who="2" fromWho="3" sc="250,0,250,0,250,39,250,-39" /><INIT seed="1,0,0,5,4,113" ten="250,250,289,211" oya="1" hai0="54,40,2,25,81,28,119,58,76,106,63,9,123" hai1="85,48,73,29,53,52,90,70,32,8,109,41,69" hai2="24,56,100,6,134,108,111,87,34,62,133,18,49" hai3="39,21,45,30,92,46,86,105,3,114,77,103,14"/><U37/><E73/><V44/><F100/><W82/><G3/><T19/><D106/><U59/><E109/><N who="2" m="42059" /><F6/><W72/><G114/><T116/><D123/><U125/><E125/><V36/><F87/><W15/><G39/><T67/><D40/><U13/><E41/><N who="2" m="24719" /><F36/><W33/><G33/><T104/><D104/><U80/><E37/><V0/><F0/><W50/><G46/><T4/><D19/><U98/><E98/><V43/><F43/><W16/><G30/><T129/><D129/><U26/><REACH who="1" step="1"/><E53/><REACH who="1" ten="250,240,289,211" step="2"/><N who="2" m="34063" /><F34/><W66/><G72/><T99/><D54/><U17/><AGARI ba="0,1" hai="8,13,17,26,29,32,48,52,59,69,70,80,85,90" machi="17" ten="20,7800,0" yaku="1,1,0,1,7,1,54,1,53,0" doraHai="113" doraHaiUra="118" who="1" fromWho="1" sc="250,-26,240,88,289,-26,211,-26" /><INIT seed="1,1,0,0,4,44" ten="224,328,263,185" oya="1" hai0="81,126,115,35,132,25,127,122,18,88,33,31,39" hai1="125,97,119,1,37,48,47,131,70,50,23,7,82" hai2="59,67,26,103,0,6,13,12,108,61,76,28,34" hai3="123,2,75,42,95,124,133,99,58,4,90,120,89"/><U94/><E119/><V118/><F118/><W91/><G124/><N who="0" m="47659" /><D115/><U19/><E70/><V107/><F108/><W8/><G133/><T3/><D39/><U96/><E125/><V129/><F129/><W56/><G75/><T85/><D132/><U71/><E71/><V22/><F76/><W73/><G73/><T117/><D117/><U46/><E37/><V20/><F107/><W102/><REACH who="3" step="1"/><G42/><REACH who="3" ten="224,328,263,175" step="2"/><T104/><D122/><AGARI ba="1,1" hai="2,4,8,56,58,89,90,91,95,99,102,120,122,123" machi="122" ten="40,2600,0" yaku="1,1,2,1,53,0" doraHai="44" doraHaiUra="21" who="3" fromWho="0" sc="224,-29,328,0,263,0,175,39" /><INIT seed="2,0,0,3,4,108" ten="195,328,263,214" oya="2" hai0="37,123,70,69,44,82,132,95,83,84,85,28,61" hai1="134,109,74,94,15,113,117,8,55,51,60,129,25" hai2="68,89,3,24,43,1,63,114,38,128,98,29,71" hai3="13,111,16,40,88,21,59,11,100,78,121,0,102"/><V127/><F127/><W62/><G121/><T72/><D123/><U4/><E117/><V96/><F128/><W80/><G111/><T105/><D105/><U45/><E74/><V32/><F114/><W66/><G78/><T12/><D132/><U131/><E134/><V46/><F71/><W17/><G40/><T54/><D28/><U41/><E109/><V49/><F49/><W64/><G64/><T22/><D72/><U50/><E60/><V135/><F135/><W112/><G112/><T110/><D110/><U53/><E113/><V126/><F126/><W79/><G79/><N who="0" m="46175" /><D37/><U122/><E122/><V2/><REACH who="2" step="1"/><F89/><REACH who="2" ten="195,328,253,214" step="2"/><W31/><G88/><N who="0" m="53647" /><D69/><U77/><E131/><V47/><F47/><W39/><G39/><T42/><D70/><U23/><E129/><V10/><F10/><W57/><G11/><T116/><D116/><U104/><E45/><V73/><F73/><W58/><G58/><N who="0" m="35031" /><D44/><U75/><E75/><V34/><F34/><W36/><G36/><T90/><D42/><U67/><E41/><V30/><F30/><W130/><G130/><T52/><D90/><U118/><E118/><V119/><F119/><W48/><G59/><T56/><D56/><U120/><E120/><V14/><F14/><N who="3" m="9367" /><G31/><T5/><D22/><U124/><E23/><V33/><F33/><W65/><G0/><T106/><D12/><U81/><E15/><V92/><F92/><W97/><G48/><T35/><D35/><U93/><E51/><V27/><F27/><W26/><G26/><T87/><D106/><U86/><E124/><V107/><F107/><N who="3" m="63887" /><G57/><T133/><D133/><RYUUKYOKU ba="0,1" sc="195,-10,328,-10,253,30,214,-10" hai2="1,2,3,24,29,32,38,43,46,63,68,96,98" /><INIT seed="2,1,1,3,4,107" ten="185,318,283,204" oya="2" hai0="79,131,73,113,81,43,110,42,122,88,55,49,95" hai1="17,119,11,30,90,6,120,74,14,4,32,66,19" hai2="18,98,112,126,48,108,26,23,77,93,87,101,38" hai3="92,105,33,89,109,34,7,86,21,50,84,85,70"/><V65/><F112/><W133/><G70/><T37/><D122/><U63/><E119/><V58/><F38/><W130/><G105/><T35/><D113/><U132/><E120/><V47/><F126/><W28/><G109/><T97/><D110/><U39/><E39/><V100/><F108/><W111/><G111/><T62/><D37/><U20/><E74/><V16/><F101/><W94/><G130/><T36/><D36/><U59/><E132/><V5/><F5/><W103/><G133/><T72/><D131/><U96/><E32/><V104/><F104/><W41/><G34/><T118/><D118/><U13/><E30/><N who="2" m="17759" /><F87/><N who="3" m="33355" /><G33/><T76/><D62/><U60/><E63/><N who="2" m="38135" /><F77/><W22/><G7/><T15/><D15/><U24/><E24/><V12/><F12/><W67/><G67/><T106/><D106/><U102/><E102/><V83/><F83/><N who="3" m="49375" /><G28/><T80/><D35/><U99/><E90/><V0/><F0/><W53/><G41/><AGARI ba="1,1" hai="16,18,41,47,48,93,98,100" m="38135,17759" machi="41" ten="30,5800,0" yaku="25,1,8,1,54,1" doraHai="107" who="2" fromWho="3" sc="185,0,318,0,283,71,204,-61" /><INIT seed="2,2,0,4,0,104" ten="185,318,354,143" oya="2" hai0="75,33,109,71,61,13,89,2,53,99,28,115,124" hai1="105,9,20,102,11,95,16,117,123,121,114,85,42" hai2="125,24,93,80,119,129,52,134,5,29,55,51,22" hai3="87,77,111,96,78,130,34,0,19,90,113,135,17"/><V1/><F119/><W63/><G0/><T66/><D115/><U110/><E114/><V49/><F125/><W6/><G113/><T69/><D2/><U100/><E117/><V30/><F30/><W116/><G116/><T39/><D124/><U128/><E110/><V131/><F134/><W35/><G6/><T126/><D126/><U132/><E132/><V108/><F108/><W7/><G7/><T72/><D109/><U62/><E128/><V73/><F93/><W88/><G111/><T83/><D39/><U12/><E42/><V68/><F68/><W54/><G135/><T98/><D71/><U91/><E62/><V74/><F80/><W122/><G122/><N who="1" m="46602" /><E105/><V44/><F5/><W25/><G130/><N who="2" m="49673" /><F1/><W3/><G3/><T41/><D83/><U65/><E65/><V107/><F107/><W31/><G35/><T118/><D33/><U101/><AGARI ba="2,0" hai="9,11,12,16,20,85,91,95,100,101,102" m="46602" machi="101" ten="30,2000,0" yaku="13,1,54,1" doraHai="104" who="1" fromWho="1" sc="185,-7,318,26,354,-12,143,-7" /><INIT seed="3,0,0,5,5,114" ten="178,344,342,136" oya="3" hai0="9,117,46,13,79,89,99,121,18,127,45,51,74" hai1="71,17,12,4,125,77,108,124,39,63,11,60,7" hai2="33,132,31,6,55,119,94,85,87,116,134,64,35" hai3="0,34,10,32,25,80,100,106,38,104,40,130,56"/><W43/><G130/><T65/><D117/><N who="2" m="45130" /><F64/><W36/><G80/><T72/><D121/><U91/><E39/><V82/><F6/><W110/><G110/><T53/><D127/><N who="1" m="48715" /><E108/><V90/><F55/><W8/><G100/><T128/><D79/><U95/><E77/><N who="2" m="46287" /><F31/><W135/><G56/><T107/><D46/><U105/><E105/><V37/><F37/><W68/><G25/><T24/><D24/><U28/><E28/><V26/><F26/><W3/><REACH who="3" step="1"/><G135/><AGARI ba="0,0" hai="33,35,87,90,94,132,134,135" m="46287,45130" machi="135" ten="30,7700,0" yaku="20,1,52,3" doraHai="114" who="2" fromWho="3" sc="178,0,344,0,342,77,136,-77" owari="178,-22.2,344,14.4,419,51.9,59,-44.1" /></mjloggm>