<mjloggm ver="2.3"><GO type="225" lobby="0"/><UN n0="%E5%B0%8F%E9%B3%A5%E9%81%8A%E7%B7%B4%E7%84%A1%32%31%E6%AD%B3" n1="%E6%9D%B1%E9%A2%A8%E3%81%AE%E3%81%8D%E3%82%83%E3%81%B7%E3%81%95%E3%82%93" n2="%E3%81%A4%E3%81%A3%E3%81%B1%E3%82%8A%E3%83%9D%E3%83%BC%E3%83%AB" n3="%E3%82%B3%E3%83%90%E3%83%AC%E3%82%A4" dan="16,17,17,16" rate="2206.07,2198.01,2241.06,2100.16" sx="F,M,M,M"/><TAIKYOKU oya="0"/><INIT seed="0,0,0,3,0,41" ten="250,250,250,250" oya="0" hai0="65,35,51,24,57,122,71,77,48,113,133,102,13" hai1="7,80,62,21,50,46,108,109,135,63,11,12,29" hai2="85,58,60,40,54,98,132,9,134,111,2,8,95" hai3="4,64,66,34,126,19,112,115,88,38,27,32,23"/><T91/><D113/><U47/><E80/><V104/><F111/><N who="1" m="42569" /><E50/><V123/><F123/><W0/><G38/><T129/><D122/><U5/><E135/><N who="2" m="51755" /><F2/><W45/><G126/><T116/><D77/><U124/><E124/><V74/><F74/><W14/><G115/><T105/><D116/><U96/><E96/><V3/><F3/><W36/><G112/><T72/><D72/><U121/><E5/><V16/><F40/><W15/><G34/><T69/><D48/><U87/><E87/><V130/><F130/><W17/><G32/><T97/><D129/><U84/><E84/><V44/><F85/><W114/><G0/><T86/><D13/><U42/><E42/><V117/><F104/><W131/><G114/><T37/><D37/><U10/><E10/><V103/><F117/><W25/><G4/><T90/><D86/><U43/><E43/><V92/><F92/><W49/><G36/><T31/><D71/><U107/><E107/><V100/><F100/><W59/><G131/><T26/><D133/><U68/><E121/><V67/><F9/><W75/><G75/><T128/><D128/><U119/><E119/><V76/><F76/><W53/><G27/><T82/><D24/><N who="1" m="16527" /><E68/><V120/><F120/><W78/><G78/><T20/><D82/><U56/><E56/><V30/><F8/><N who="3" m="6343" /><G59/><T127/><D127/><U118/><E118/><V101/><F58/><W79/><G79/><T106/><D106/><U1/><E1/><V110/><F110/><W99/><G25/><T6/><D26/><U94/><E94/><AGARI ba="0,0" hai="15,19,23,45,49,53,64,66,88,94,99" m="6343" machi="94" ten="30,3900,0" yaku="8,1,52,1,54,1" doraHai="41" who="3" fromWho="1" sc="250,0,250,-39,250,0,250,39" /><INIT seed="1,0,0,0,4,101" ten="250,211,250,289" oya="1" hai0="30,53,21,124,42,38,39,113,9,91,106,116,27" hai1="81,129,45,80,51,0,16,35,117,111,87,22,10" hai2="108,66,115,112,37,77,128,19,93,26,94,82,14" hai3="15,109,13,107,84,73,100,52,130,76,1,86,44"/><U74/><E117/><V119/><F119/><W8/><G1/><T102/><D116/><U7/><E35/><V17/><F108/><W65/><G109/><T105/><D113/><N who="2" m="43594" /><F128/><W71/><G130/><T24/><D102/><U135/><E111/><V96/><F37/><W33/><G33/><T2/><D124/><U78/><E129/><V18/><F66/><W89/><G107/><T34/><D53/><U99/><E135/><V54/><F26/><W134/><G100/><T61/><D61/><U36/><E99/><V92/><F54/><W4/><G73/><T121/><D91/><U48/><E81/><V90/><F14/><W40/><G65/><T68/><D68/><U85/><E51/><V62/><F62/><W127/><G71/><T46/><D38/><U3/><E3/><V43/><F43/><W103/><G103/><T122/><D9/><U56/><E56/><V120/><F120/><N who="0" m="46186" /><D2/><U58/><E58/><V88/><F96/><W70/><G70/><T23/><D34/><U64/><E64/><V47/><F47/><W5/><G40/><T32/><D32/><U67/><E67/><V79/><F79/><W29/><G5/><T20/><D20/><U95/><E95/><N who="2" m="24323" /><V50/><DORA hai="72" /><F50/><N who="3" m="28743" /><G4/><T41/><D42/><N who="1" m="22727" /><E48/><V75/><AGARI ba="0,0" hai="17,18,19,75,77,82,88,90" m="24323,43594" machi="75" ten="40,5200,0" yaku="11,1,52,1,54,1" doraHai="101,72" who="2" fromWho="2" sc="250,-13,211,-26,250,52,289,-13" /><INIT seed="2,0,0,4,2,91" ten="237,185,302,276" oya="2" hai0="82,87,105,70,14,86,124,44,12,19,92,46,99" hai1="38,48,16,21,121,83,32,42,1,131,30,9,97" hai2="29,20,18,71,55,116,81,101,23,24,108,51,50" hai3="120,117,43,10,13,100,31,85,26,95,41,135,104"/><V69/><F116/><W122/><G117/><T123/><D123/><U111/><E121/><V39/><F39/><W33/><G135/><T57/><D70/><U36/><E131/><V98/><F108/><W56/><G122/><T115/><D105/><U76/><E111/><V77/><F51/><W84/><G84/><T114/><D124/><U66/><E66/><V63/><F63/><W128/><G128/><T65/><D114/><U17/><E97/><V52/><F55/><W8/><G8/><T110/><D115/><U5/><E48/><V11/><F11/><W59/><G104/><T61/><D12/><U133/><E133/><V103/><F23/><W94/><G120/><T22/><D110/><U127/><E127/><V37/><F29/><W67/><G59/><T126/><D86/><U102/><E102/><V88/><F37/><W58/><G58/><T35/><D35/><U118/><E118/><V72/><F88/><W74/><G43/><T119/><D126/><U7/><E7/><V106/><REACH who="2" step="1"/><F103/><REACH who="2" ten="237,185,292,276" step="2"/><W34/><G100/><N who="0" m="60519" /><D119/><U25/><E42/><V80/><F80/><W28/><G41/><T54/><D54/><U79/><E79/><AGARI ba="0,1" hai="14,19,22,44,46,57,61,65,79,82,87" m="60519" machi="79" ten="30,2000,0" yaku="8,1,52,1" doraHai="91" who="0" fromWho="1" sc="237,30,185,-20,292,0,276,0" /><INIT seed="3,0,0,5,4,1" ten="267,165,292,276" oya="3" hai0="64,83,79,10,131,121,118,37,75,69,52,3,43" hai1="54,59,66,91,0,50,76,60,130,39,32,71,19" hai2="106,104,16,123,81,78,127,126,115,22,112,17,38" hai3="23,135,90,46,108,99,18,119,74,27,9,24,49"/><W92/><G119/><T113/><D118/><U110/><E32/><V124/><F38/><W73/><G135/><T25/><D121/><U129/><E0/><V34/><F34/><W68/><G68/><T4/><D131/><N who="1" m="50187" /><E76/><V93/><F93/><W35/><G108/><T88/><D113/><N who="2" m="43594" /><F123/><W48/><G48/><T56/><D25/><U41/><E91/><V72/><F16/><W31/><REACH who="3" step="1"/><G9/><REACH who="3" ten="267,165,292,266" step="2"/><T94/><D69/><U89/><E89/><V33/><F33/><W105/><G105/><T7/><D10/><U45/><E19/><V80/><F80/><W120/><G120/><T63/><D37/><U53/><E53/><AGARI ba="0,1" hai="18,23,24,27,31,35,46,49,53,73,74,90,92,99" machi="53" ten="30,2900,0" yaku="1,1,7,1,53,0" doraHai="1" doraHaiUra="101" who="3" fromWho="1" sc="267,0,165,-29,292,0,266,39" owari="267,-13.3,136,-36.4,292,9.2,305,40.5" /></mjloggm>