<mjloggm ver="2.3"><GO type="225" lobby="0"/><UN n0="%33%74%72%65%65" n1="%E9%B3%B3%E6%9D%B1%E3%81%AE%E3%81%86%E3%81%95%E3%81%8E%E3%81%95%E3%82%93" n2="%E6%B4%BE%E9%81%A3%E3%81%AE%E3%82%B8%E3%83%A3%E3%83%83%E3%82%AF" n3="%E3%81%91%E3%83%BC%E3%81%9E%E3%81%88" dan="16,17,16,16" rate="2096.23,2262.64,2155.29,2175.25" sx="F,M,M,M"/><TAIKYOKU oya="0"/><INIT seed="0,0,0,2,2,42" ten="250,250,250,250" oya="0" hai0="90,98,81,93,103,101,84,0,52,113,34,29,37" hai1="57,129,6,127,33,78,40,11,77,36,15,114,25" hai2="55,116,56,16,59,106,110,8,38,132,87,17,19" hai3="72,58,3,12,88,14,21,96,100,70,130,128,134"/><T68/><D113/><U89/><E129/><N who="3" m="49770" /><G3/><T28/><D0/><U62/><E127/><V74/><F74/><W102/><G70/><T119/><D119/><U80/><E114/><V82/><F106/><W32/><G32/><T5/><D68/><U85/><E33/><V22/><F110/><W31/><G72/><T47/><D5/><U13/><E25/><V124/><F38/><W44/><G58/><T122/><D122/><U63/><E15/><N who="3" m="5674" /><G134/><T18/><D18/><U121/><E121/><V97/><F132/><W86/><G96/><T48/><D37/><U46/><REACH who="1" step="1"/><E63/><REACH who="1" ten="250,240,250,250" step="2"/><V92/><F124/><W61/><G61/><T115/><D115/><U65/><AGARI ba="0,1" hai="6,11,13,36,40,46,57,62,65,77,78,80,85,89" machi="65" ten="20,12000,2" yaku="1,1,2,1,0,1,7,1,52,1,53,1" doraHai="42" doraHaiUra="60" who="1" fromWho="1" sc="250,-60,240,130,250,-30,250,-30" /><INIT seed="1,0,0,0,0,85" ten="190,370,220,220" oya="1" hai0="59,17,25,48,55,7,116,92,97,113,29,19,131" hai1="75,73,9,133,86,67,87,57,47,36,121,126,134" hai2="111,13,80,3,4,129,34,52,128,89,104,77,51" hai3="78,26,88,120,118,43,24,90,66,98,20,109,53"/><U122/><E9/><N who="2" m="4263" /><F3/><W135/><G120/><N who="1" m="46186" /><E57/><N who="2" m="32927" /><F104/><W105/><G118/><T22/><D131/><N who="2" m="50250" /><F34/><W76/><G109/><T124/><D116/><U107/><E107/><V31/><F31/><N who="3" m="17799" /><G105/><T96/><D124/><U114/><E126/><V27/><F27/><W62/><G98/><T110/><D110/><U5/><E5/><V10/><F10/><W35/><G35/><T58/><D96/><U91/><E134/><V83/><F111/><W42/><G66/><T99/><D99/><U16/><E67/><V112/><F112/><W106/><G26/><T12/><D113/><U18/><E114/><V70/><F70/><W40/><G106/><T28/><D7/><U23/><E18/><V71/><F71/><W119/><G135/><T84/><D17/><U56/><E16/><V61/><F61/><W82/><G119/><T108/><D108/><U50/><E133/><V64/><F64/><W130/><G130/><T69/><D69/><U1/><E1/><V2/><F2/><W46/><G62/><T14/><D28/><U68/><E68/><V123/><F123/><W37/><G37/><T79/><D29/><U0/><E36/><V60/><F60/><W132/><G132/><T74/><D25/><U100/><E0/><V44/><F44/><W49/><G82/><N who="2" m="31273" /><F77/><AGARI ba="0,0" hai="40,42,43,46,49,53,76,77,78,88,90" m="17799" machi="77" ten="30,7700,0" yaku="8,1,52,2,54,1" doraHai="85" who="3" fromWho="2" sc="190,0,370,0,220,-77,220,77" /><INIT seed="2,0,0,5,2,75" ten="190,370,143,297" oya="2" hai0="36,11,132,83,104,99,125,121,90,12,28,53,111" hai1="23,42,19,49,97,68,120,51,9,110,48,1,44" hai2="45,89,109,123,128,14,50,58,67,124,35,134,82" hai3="4,16,60,103,59,43,64,57,33,27,117,78,69"/><V106/><F123/><W63/><G117/><T79/><D111/><U102/><E110/><V17/><F109/><W21/><G33/><T81/><D36/><U3/><E68/><V55/><F106/><W72/><G4/><T119/><D119/><U131/><E120/><V112/><F112/><W2/><G2/><T66/><D66/><U24/><E131/><V98/><F128/><W15/><G103/><T18/><D121/><U115/><E115/><V65/><F35/><W108/><G108/><T101/><D125/><U10/><E3/><V22/><F124/><W8/><G43/><T107/><D107/><U86/><E86/><N who="2" m="50391" /><F134/><W0/><G0/><T95/><D132/><U30/><E1/><V26/><F98/><W93/><G93/><T47/><D28/><U100/><E100/><V105/><F105/><W13/><G69/><T92/><D90/><U122/><E122/><V126/><F126/><W31/><G72/><T91/><D91/><U32/><E97/><V85/><F85/><W38/><G38/><T5/><D5/><U87/><E87/><V113/><F113/><W129/><G129/><T80/><D79/><U46/><E102/><V6/><F58/><W39/><G39/><T29/><D29/><U73/><E73/><V96/><F96/><W62/><G78/><T54/><D47/><U61/><E44/><V114/><F114/><W20/><G59/><T118/><D118/><U84/><E32/><V7/><F7/><N who="3" m="3231" /><G57/><T77/><D77/><U135/><E135/><V56/><F56/><N who="3" m="36871" /><G31/><T40/><D40/><U127/><E127/><V52/><F55/><AGARI ba="0,0" hai="11,12,18,53,54,55,80,81,83,92,95,99,101,104" machi="55" ten="40,1300,0" yaku="6,1" doraHai="75" who="0" fromWho="2" sc="190,13,370,0,143,-13,297,0" /><INIT seed="3,0,0,5,3,86" ten="203,370,130,297" oya="3" hai0="102,1,47,87,15,45,29,3,77,30,61,22,84" hai1="40,122,117,67,65,129,74,5,81,96,10,4,99" hai2="23,78,59,123,52,31,6,19,94,56,24,53,115" hai3="12,105,11,20,79,49,121,71,35,33,80,90,43"/><W133/><G121/><T7/><D102/><U89/><E122/><V111/><F123/><W119/><G71/><T104/><D104/><U21/><E117/><V110/><F115/><W17/><G133/><T25/><D30/><U9/><E129/><V50/><F6/><N who="1" m="2665" /><E74/><V118/><F118/><W26/><G105/><T0/><D87/><N who="1" m="50415" /><E40/><V124/><F124/><W57/><G119/><T73/><D73/><U60/><E21/><V34/><F78/><W69/><G69/><T113/><D61/><U76/><E76/><V55/><F94/><W51/><G51/><T109/><D109/><U130/><E130/><V38/><F38/><W63/><G90/><T106/><D106/><U32/><E32/><V97/><F97/><N who="1" m="37449" /><E60/><V39/><F39/><W62/><G35/><T41/><D77/><U2/><E2/><V91/><F91/><W70/><G33/><T85/><D113/><U82/><E82/><V134/><F134/><W72/><G70/><T8/><D41/><U42/><E42/><V44/><F44/><W101/><G101/><T128/><D128/><U107/><E107/><V75/><F75/><W27/><G27/><T13/><D13/><U16/><E9/><V131/><F131/><W68/><G68/><T103/><D103/><U132/><E132/><V95/><F95/><W116/><G116/><T100/><D100/><U98/><E98/><V88/><F88/><W66/><G66/><T126/><D126/><U108/><E108/><V37/><F37/><W58/><G43/><T36/><D36/><U135/><E135/><V46/><F46/><W48/><G72/><RYUUKYOKU ba="0,0" sc="203,15,370,15,130,-15,297,-15" hai0="0,1,3,7,8,15,22,25,29,45,47,84,85" hai1="10,16,65,67" owari="218,-18.2,385,48.5,115,-38.5,282,8.2" /></mjloggm>