<mjloggm ver="2.3"><GO type="225" lobby="0"/><UN n0="%E5%A4%96%E5%B7%9D%E7%AB%9C%E6%88%90" n1="%E3%81%9F%E3%81%93%E2%98%86%E7%84%BC%E3%81%8D" n2="%E3%81%95%E3%81%8D%E3%81%9F%E3%81%BE%E6%9E%97%E6%AA%8E" n3="%E3%81%86%E3%81%A1%E3%83%BC" dan="16,16,16,17" rate="2106.88,2114.78,2099.94,2197.25" sx="M,M,M,M"/><TAIKYOKU oya="0"/><INIT seed="0,0,0,1,0,75" ten="250,250,250,250" oya="0" hai0="55,50,25,107,65,99,15,128,68,58,48,11,34" hai1="135,1,126,5,113,64,62,130,0,134,3,133,101" hai2="83,47,54,114,19,123,8,35,80,111,91,37,70" hai3="85,79,16,43,26,44,31,9,10,104,103,45,41"/><T40/><D128/><U69/><E101/><V100/><F111/><W88/><G104/><T36/><D107/><U108/><E108/><V132/><F114/><W116/><G103/><T119/><D119/><U66/><E66/><V42/><F132/><W131/><G79/><T82/><D99/><U125/><E113/><V30/><F123/><W127/><G127/><N who="1" m="48650" /><E5/><V24/><F70/><W20/><G31/><T59/><D82/><U89/><E89/><V115/><F115/><W52/><G131/><AGARI ba="0,0" hai="0,1,3,62,64,69,130,131,133,134,135" m="48650" machi="131" ten="50,8000,1" yaku="30,2,20,1,18,1,23,1" doraHai="75" who="1" fromWho="3" sc="250,0,250,80,250,0,250,-80" /><INIT seed="1,0,0,1,3,20" ten="250,330,250,170" oya="1" hai0="97,133,119,81,46,35,87,101,38,37,10,16,7" hai1="58,122,68,127,72,32,102,60,56,96,36,78,42" hai2="50,123,22,82,34,41,13,29,11,23,52,108,5" hai3="44,14,111,66,18,124,17,104,3,31,24,61,62"/><U125/><E32/><V86/><F108/><W132/><G111/><T118/><D35/><U90/><E122/><V21/><F123/><W106/><G3/><T79/><D133/><U47/><E90/><V76/><F34/><W48/><G132/><T71/><D71/><U107/><E78/><V45/><REACH who="2" step="1"/><F52/><REACH who="2" ten="250,330,240,170" step="2"/><W8/><G124/><N who="1" m="47690" /><E72/><V80/><F80/><W83/><G83/><T84/><D81/><U116/><E116/><V25/><AGARI ba="0,1" hai="5,11,13,21,22,23,25,29,41,45,50,76,82,86" machi="25" ten="30,12000,2" yaku="1,1,0,1,25,2,8,1,52,1,53,0" doraHai="20" doraHaiUra="98" who="2" fromWho="2" sc="250,-30,330,-60,240,130,170,-30" /><INIT seed="2,0,0,3,0,43" ten="220,270,370,140" oya="2" hai0="20,80,118,88,38,7,22,100,129,61,15,133,120" hai1="56,18,50,98,101,12,51,14,121,23,34,106,96" hai2="79,134,81,66,127,0,119,5,92,128,31,53,104" hai3="125,29,11,107,89,59,68,33,124,71,9,72,35"/><V41/><F119/><W65/><G107/><T112/><D112/><U19/><E34/><N who="3" m="12810" /><G72/><T52/><D38/><U122/><E56/><V83/><F92/><W47/><G59/><N who="0" m="35047" /><D118/><U3/><E3/><V28/><F53/><W2/><G65/><T6/><D120/><U67/><E67/><V49/><F49/><W131/><G131/><T10/><D129/><U126/><E126/><N who="3" m="48746" /><G89/><T115/><D133/><U110/><E110/><V77/><F134/><W78/><G78/><T62/><D115/><U48/><REACH who="1" step="1"/><E98/><REACH who="1" ten="220,260,370,140" step="2"/><V132/><F127/><W63/><G2/><T117/><D117/><U123/><E123/><V16/><F66/><W32/><G63/><T113/><D62/><U4/><E4/><V37/><F5/><W36/><G71/><T135/><D6/><U58/><E58/><V25/><F0/><W44/><G68/><T116/><D116/><U40/><E40/><V73/><F41/><W86/><G36/><T45/><D113/><U93/><E93/><V94/><F94/><W26/><G86/><T105/><D7/><U24/><E24/><V130/><F25/><W30/><G30/><T57/><D57/><U1/><E1/><V27/><F27/><W21/><G32/><T111/><D111/><U90/><E90/><V46/><F31/><W74/><G74/><T91/><D91/><U75/><E75/><V17/><F28/><W85/><G85/><T70/><D88/><U42/><E42/><V55/><F128/><W97/><G97/><T99/><D99/><U54/><E54/><V103/><F130/><W95/><G95/><T87/><D87/><RYUUKYOKU ba="0,1" sc="220,-15,260,15,370,-15,140,15" hai1="12,14,18,19,23,48,50,51,96,101,106,121,122" hai3="9,11,21,26,29,44,47" /><INIT seed="3,1,1,1,4,40" ten="205,275,355,155" oya="3" hai0="79,104,66,39,57,23,100,115,54,83,89,6,68" hai1="126,108,35,12,102,99,87,67,28,41,96,51,63" hai2="1,88,69,7,29,13,26,133,48,44,38,116,85" hai3="77,33,129,14,42,122,18,27,128,10,8,24,4"/><W72/><G122/><T31/><D39/><U73/><E73/><V135/><F116/><W117/><G117/><T52/><D68/><U50/><E108/><V125/><F125/><W22/><G42/><T5/><D79/><U25/><E51/><V21/><F69/><W64/><G64/><T58/><D100/><U134/><E134/><N who="2" m="51211" /><F1/><N who="3" m="15" /><G77/><T121/><D104/><U124/><E87/><V78/><F78/><W46/><G72/><T127/><D115/><U111/><E12/><V56/><F56/><N who="0" m="21610" /><D66/><U97/><E111/><V105/><F105/><W84/><G84/><N who="0" m="50335" /><D127/><U93/><E126/><V91/><F38/><W81/><G81/><T109/><D109/><U92/><E92/><V82/><F91/><W17/><G46/><T47/><D121/><U95/><E95/><V0/><F0/><W130/><G33/><T11/><D47/><U76/><E76/><V2/><F2/><W62/><G62/><T123/><D123/><U74/><E74/><V119/><F119/><W118/><G118/><T32/><D32/><U94/><E94/><V131/><F44/><W59/><G59/><T19/><D54/><U45/><E124/><V113/><F48/><W114/><G114/><T120/><D52/><U43/><E43/><V75/><F75/><W53/><G53/><T101/><D120/><U30/><E30/><V80/><F80/><W15/><AGARI ba="1,1" hai="10,14,15,17,18,22,24,27,128,129,130" m="15" machi="15" ten="40,7800,0" yaku="19,1,34,2" doraHai="40" who="3" fromWho="3" sc="205,-27,275,-27,355,-27,155,91" /><INIT seed="3,2,0,0,5,10" ten="178,248,328,246" oya="3" hai0="120,102,119,42,31,93,115,80,112,48,83,134,41" hai1="74,129,116,131,51,109,57,126,88,86,110,54,40" hai2="33,96,111,60,82,70,0,17,106,25,21,6,123" hai3="65,5,7,130,94,107,127,78,49,103,69,9,118"/><W52/><G107/><T128/><D31/><U121/><E74/><V55/><F111/><N who="1" m="42505" /><E121/><V43/><F123/><W4/><G118/><T35/><D120/><U92/><E116/><V90/><F33/><W99/><G127/><T132/><D119/><U16/><E40/><N who="0" m="15465" /><D35/><U34/><E126/><V56/><F70/><W87/><G78/><T14/><D48/><U77/><E34/><V23/><F106/><W38/><G38/><T63/><D63/><U122/><E122/><V26/><F43/><W2/><G69/><T20/><D102/><U117/><E77/><V75/><F75/><W98/><G103/><T68/><D68/><U32/><E32/><V47/><F47/><W13/><G2/><T101/><D101/><U67/><E67/><V30/><F0/><W81/><G65/><T53/><D53/><U108/><E117/><V18/><F6/><W19/><G52/><T133/><D93/><U15/><N who="1" m="42513" /><U79/><DORA hai="39" /><E79/><V114/><F114/><N who="0" m="43562" /><D128/><U95/><E95/><N who="2" m="56439" /><F82/><W12/><G49/><T62/><D62/><U8/><AGARI ba="2,0" hai="8,15,16,51,54,57,86,88,92,129,131" m="42513" machi="8" ten="40,8000,1" yaku="14,1,52,1,54,2" doraHai="10,39" who="1" fromWho="1" sc="178,-22,248,86,328,-22,246,-42" owari="156,-34.4,334,43.4,306,10.6,204,-19.6" /></mjloggm>