<mjloggm ver="2.3"><GO type="225" lobby="0"/><UN n0="%E3%82%B8%E3%83%A3%E3%83%9E%E3%83%BC%E3%83%AB%E3%83%9E%E3%83%AC%E3%83%BC" n1="%E3%81%A9%E3%82%8F%E3%82%93%E3%81%94" n2="%43%68%65" n3="%E6%97%A5%E6%9B%9C%E6%97%A5%E3%82%88%E3%82%8A%E3%81%AE%E4%BD%BF%E8%80%85" dan="17,16,16,17" rate="2196.97,2165.46,2168.93,2167.39" sx="M,M,M,M"/><TAIKYOKU oya="0"/><INIT seed="0,0,0,3,5,133" ten="250,250,250,250" oya="0" hai0="103,21,98,118,43,23,58,47,60,125,120,131,19" hai1="129,7,107,112,61,135,82,71,68,14,99,1,88" hai2="134,117,65,79,38,11,17,114,86,119,111,46,74" hai3="39,28,76,101,33,84,109,130,77,64,115,90,83"/><T15/><D118/><U113/><E1/><V55/><F114/><N who="1" m="44137" /><E135/><V52/><F134/><W26/><G115/><T95/><D131/><U2/><E2/><V25/><F74/><W110/><G39/><T132/><D132/><U128/><E7/><V124/><F65/><W42/><G42/><T56/><D120/><U127/><E14/><V9/><F111/><N who="3" m="42507" /><G130/><N who="1" m="50282" /><E61/><V44/><F25/><W126/><G101/><T5/><D125/><U66/><E66/><V122/><F17/><W32/><G32/><T97/><D5/><U24/><E24/><V41/><F38/><W36/><G36/><T37/><D98/><U49/><E49/><V100/><F124/><W20/><G33/><T53/><REACH who="0" step="1"/><D56/><REACH who="0" ten="240,250,250,250" step="2"/><U29/><E127/><V96/><F122/><W63/><G126/><T73/><D73/><U70/><E29/><V10/><F117/><W45/><G45/><T108/><D108/><U51/><E71/><AGARI ba="0,1" hai="20,26,28,63,64,71,76,77,83,84,90" m="42507" machi="71" ten="30,1000,0" yaku="14,1" doraHai="133" who="3" fromWho="1" sc="240,0,250,-10,250,0,250,20" /><INIT seed="1,0,0,3,2,107" ten="240,240,250,270" oya="1" hai0="76,12,32,4,30,135,49,15,26,115,71,21,31" hai1="17,51,64,59,25,132,117,118,106,123,130,7,3" hai2="108,28,54,116,81,66,121,111,58,50,97,80,48" hai3="5,63,52,29,10,42,35,14,103,67,82,84,128"/><U109/><E106/><V110/><F116/><W2/><G128/><T13/><D71/><U75/><E123/><V74/><F121/><W87/><G42/><T1/><D76/><U113/><E113/><V56/><F28/><W99/><G2/><T79/><D79/><U105/><E105/><V78/><F81/><W94/><G35/><T40/><D49/><U73/><E3/><V57/><F66/><W9/><G29/><N who="0" m="19511" /><D40/><U93/><E7/><V18/><F18/><W65/><G10/><N who="0" m="2319" /><D115/><U23/><E93/><V126/><F126/><W61/><G61/><T95/><D95/><U19/><E19/><V39/><F39/><W70/><G70/><T60/><D60/><N who="1" m="37919" /><E51/><N who="2" m="19499" /><F97/><W101/><G101/><T88/><D31/><U133/><E130/><V34/><F34/><W0/><G0/><T122/><D30/><U83/><E83/><V89/><F89/><N who="3" m="51351" /><G87/><T47/><D88/><U98/><E98/><V38/><F38/><W68/><G68/><T127/><D122/><U45/><E45/><V92/><F92/><W6/><G6/><T46/><D127/><U33/><E33/><V27/><F54/><W43/><G43/><T77/><D77/><U119/><E75/><V102/><F102/><W114/><G114/><T44/><D44/><U20/><E73/><N who="2" m="43087" /><F27/><W112/><G112/><T55/><D47/><U131/><E131/><V62/><F62/><W124/><G124/><T91/><D46/><U100/><E100/><V96/><F96/><W72/><G72/><AGARI ba="0,0" hai="56,57,58,72,74,108,110,111" m="43087,19499" machi="72" ten="40,8000,1" yaku="14,1,52,3" doraHai="107" who="2" fromWho="3" sc="240,0,240,0,250,80,270,-80" /><INIT seed="2,0,0,4,5,115" ten="240,240,330,190" oya="2" hai0="95,131,30,15,72,89,83,130,121,35,14,77,70" hai1="76,32,48,127,112,26,133,8,128,104,1,34,40" hai2="53,3,111,51,108,33,5,19,129,17,22,54,126" hai3="66,44,43,84,11,135,31,63,52,65,37,10,117"/><V45/><F33/><W24/><G135/><T36/><D121/><U87/><E48/><V57/><F126/><W61/><G84/><T74/><D72/><U23/><E87/><V47/><F129/><N who="0" m="49162" /><D70/><U106/><E76/><V109/><F47/><W118/><G52/><T124/><D124/><U100/><E40/><V58/><F45/><W55/><G55/><T92/><D36/><U120/><E100/><V122/><F122/><W114/><G114/><T79/><D79/><U60/><E60/><N who="2" m="35887" /><F22/><W123/><G123/><T96/><D95/><U80/><E106/><V21/><F21/><W62/><G10/><AGARI ba="0,0" hai="3,5,10,17,19,51,54,58,108,109,111" m="35887" machi="10" ten="30,2900,0" yaku="14,1,10,1" doraHai="115" who="2" fromWho="3" sc="240,0,240,0,330,29,190,-29" /><INIT seed="2,1,0,3,0,17" ten="240,240,359,161" oya="2" hai0="7,76,72,62,127,78,52,49,100,46,120,99,95" hai1="19,70,81,82,118,71,64,14,87,54,113,91,69" hai2="13,124,85,109,55,114,35,50,126,108,101,135,116" hai3="6,51,133,92,10,68,53,77,75,130,121,44,97"/><V80/><F114/><W66/><G121/><T83/><D120/><U2/><E118/><V33/><F116/><W123/><G123/><T79/><D127/><N who="2" m="48682" /><F13/><W12/><G130/><T40/><D7/><U23/><E2/><V65/><F65/><W112/><G112/><T122/><D122/><U125/><E113/><V67/><F67/><W24/><G133/><T134/><D134/><U25/><E125/><V30/><F101/><W129/><G129/><T98/><D62/><U37/><E37/><V56/><F135/><W36/><G36/><T32/><D32/><N who="2" m="12362" /><F30/><W63/><G24/><T1/><D1/><U74/><E64/><V3/><F3/><W16/><G6/><T60/><D99/><U132/><E132/><V15/><F15/><W88/><REACH who="3" step="1"/><G77/><AGARI ba="1,0" hai="50,55,56,77,80,85,108,109" m="12362,48682" machi="77" ten="40,2000,0" yaku="18,1" doraHai="17" who="2" fromWho="3" sc="240,0,240,0,359,23,161,-23" /><INIT seed="2,2,0,0,0,120" ten="240,240,382,138" oya="2" hai0="40,71,64,59,2,129,15,128,45,106,69,133,87" hai1="79,14,11,124,35,33,132,76,100,31,131,74,48" hai2="90,52,117,47,61,34,93,44,4,41,135,121,27" hai3="63,57,127,19,85,21,36,94,96,37,86,56,66"/><V80/><F121/><W105/><G105/><T104/><D2/><U77/><E100/><V55/><F117/><W28/><G127/><T23/><D133/><U116/><E116/><V84/><F135/><W43/><G43/><T29/><D87/><U13/><E132/><V49/><F4/><W111/><G36/><T113/><D113/><U83/><E124/><V3/><F3/><W6/><G37/><T78/><D78/><U102/><E131/><N who="0" m="50249" /><D59/><U91/><E102/><V20/><F34/><W82/><G111/><T26/><D15/><U58/><E13/><V10/><F10/><W38/><G38/><N who="0" m="21655" /><D64/><U110/><E74/><V17/><F61/><W60/><G6/><T75/><D75/><U101/><E101/><V126/><F126/><W7/><G7/><T18/><D29/><U92/><E83/><V119/><F119/><W115/><G82/><T51/><D51/><U70/><E70/><AGARI ba="2,0" hai="18,23,26,69,70,71,104,106" m="21655,50249" machi="70" ten="30,1000,0" yaku="19,1" doraHai="120" who="0" fromWho="1" sc="240,16,240,-16,382,0,138,0" /><INIT seed="3,0,0,2,2,130" ten="256,224,382,138" oya="3" hai0="24,98,114,93,123,34,127,1,32,64,56,88,51" hai1="134,96,116,39,10,102,119,105,35,94,113,135,69" hai2="101,38,71,99,111,25,97,61,23,33,109,41,125" hai3="55,4,31,81,3,107,8,128,27,57,108,0,126"/><W124/><G107/><T70/><D123/><U90/><E35/><V95/><F33/><W36/><G36/><T92/><D1/><U43/><E69/><V7/><F7/><W83/><G0/><T60/><D127/><N who="3" m="48681" /><G128/><T110/><D110/><U87/><E10/><V22/><F38/><W120/><G120/><T9/><D9/><U11/><E11/><V37/><F37/><W131/><G131/><T45/><D114/><U75/><E113/><V47/><F71/><W67/><G67/><T78/><D78/><U89/><E75/><V26/><F125/><W66/><G66/><T50/><D24/><U104/><E104/><V5/><F5/><W121/><G121/><T44/><D93/><N who="1" m="54463" /><E43/><V85/><F41/><W54/><G108/><T84/><D70/><U77/><E77/><V74/><F74/><W2/><G2/><T86/><D34/><U72/><E72/><V80/><F95/><W112/><G112/><T129/><D32/><U42/><E42/><V48/><F80/><N who="3" m="30795" /><G57/><T53/><D129/><U73/><E73/><V100/><F111/><W13/><G3/><T118/><D118/><N who="1" m="45099" /><E39/><V29/><F109/><W16/><G4/><T14/><D64/><U133/><E105/><V6/><F6/><W117/><G117/><T46/><D56/><U17/><E17/><V19/><F19/><W59/><G59/><T28/><D46/><U18/><E18/><V52/><F47/><W15/><G15/><T115/><D45/><U132/><E132/><V12/><F12/><W103/><G103/><AGARI ba="0,0" hai="90,94,96,102,103,133,134,135" m="45099,54463" machi="103" ten="40,12000,2" yaku="20,1,12,1,34,2,52,3" doraHai="130" who="1" fromWho="3" sc="256,0,224,120,382,0,138,-120" owari="256,-14.4,344,14.4,382,48.2,18,-48.2" /></mjloggm>