<mjloggm ver="2.3"><GO type="225" lobby="0"/><UN n0="%E4%B8%89%E5%88%86%E5%B0%8F%E5%83%A7" n1="%6C%61%6D%62" n2="%E5%AE%AE%E4%BF%9D%E9%B6%8F%E8%82%89" n3="%E3%83%AC%E3%82%A4%E3%83%88%E3%83%B3%E5%87%86%E6%95%99%E6%8E%88" dan="16,16,16,18" rate="2076.14,2210.41,2081.60,2248.30" sx="M,M,M,M"/><TAIKYOKU oya="0"/><INIT seed="0,0,0,1,1,114" ten="250,250,250,250" oya="0" hai0="39,36,50,96,105,129,71,73,19,132,28,87,59" hai1="128,112,47,67,43,52,93,3,33,88,134,11,58" hai2="34,117,30,20,44,66,81,4,95,125,42,80,107" hai3="97,123,49,89,130,62,46,26,121,124,84,2,74"/><T25/><D71/><U6/><E33/><V32/><F107/><W29/><G74/><T63/><D73/><U57/><E112/><V76/><F125/><W120/><G124/><T77/><D129/><U60/><E128/><V27/><F66/><W72/><G72/><T8/><D132/><U122/><E134/><V113/><F113/><W40/><G2/><T0/><D50/><U108/><E108/><V126/><F126/><W106/><G62/><T10/><D10/><U16/><E16/><V54/><F4/><W38/><G130/><T15/><D0/><U65/><E58/><V12/><F54/><W103/><G49/><T24/><D105/><U119/><E122/><V69/><F69/><W17/><G17/><T53/><D96/><U85/><REACH who="1" step="1"/><E119/><REACH who="1" ten="250,240,250,250" step="2"/><V90/><F117/><W48/><G29/><T5/><D19/><U7/><E7/><V13/><F34/><W118/><G118/><T68/><D68/><U14/><E14/><V35/><F35/><W18/><G18/><T102/><D25/><U55/><E55/><V64/><F32/><W133/><G26/><T86/><D24/><U101/><E101/><V115/><F115/><W21/><G133/><T79/><D102/><U75/><E75/><N who="2" m="43039" /><F64/><W51/><REACH who="3" step="1"/><G21/><REACH who="3" ten="250,240,250,240" step="2"/><T78/><REACH who="0" step="1"/><D28/><REACH who="0" ten="240,240,250,240" step="2"/><U31/><E31/><V99/><F12/><W111/><G111/><T91/><D91/><U82/><E82/><AGARI ba="0,3" hai="38,40,46,48,51,82,84,89,97,103,106,120,121,123" machi="82" ten="40,5200,0" yaku="1,1,13,1,53,1" doraHai="114" doraHaiUra="83" who="3" fromWho="1" sc="240,0,240,-52,250,0,240,82" /><INIT seed="1,0,0,3,1,31" ten="240,188,250,322" oya="1" hai0="7,49,98,0,90,28,135,106,89,86,40,41,24" hai1="70,120,114,69,60,5,99,19,94,127,51,52,14" hai2="118,96,4,66,80,22,30,129,123,13,71,36,113" hai3="62,3,128,75,61,15,35,50,46,9,54,117,42"/><U27/><E114/><V68/><F118/><W119/><G75/><T8/><D135/><U26/><E120/><V102/><F123/><W111/><G111/><T25/><D25/><U48/><E127/><V6/><F36/><W95/><G3/><T17/><D17/><U124/><E124/><V76/><F113/><W67/><G128/><T122/><D122/><U77/><E77/><V57/><F129/><W12/><G35/><T121/><D121/><U21/><E69/><V87/><F71/><W56/><G95/><T64/><D64/><U108/><E108/><V63/><F68/><N who="3" m="42095" /><G9/><T107/><D107/><U101/><E5/><V59/><F57/><W103/><G103/><T47/><D41/><U53/><E70/><V91/><F76/><W125/><G125/><T73/><D73/><U88/><E101/><V92/><F13/><W18/><G18/><T93/><D106/><U58/><E60/><V81/><REACH who="2" step="1"/><F80/><REACH who="2" ten="240,188,240,322" step="2"/><W85/><G15/><T116/><D116/><U79/><E79/><V55/><F55/><W100/><G12/><T10/><D0/><U32/><E32/><V110/><F110/><W97/><G119/><T72/><D72/><U29/><E29/><V34/><F34/><W37/><G117/><T83/><D7/><U104/><E104/><V2/><F2/><W126/><G126/><T115/><D115/><U23/><E23/><AGARI ba="0,1" hai="8,10,23,24,28,40,47,49,83,86,89,90,93,98" machi="23" ten="30,2000,0" yaku="7,1,8,1" doraHai="31" who="0" fromWho="1" sc="240,30,188,-20,240,0,322,0" /><INIT seed="2,0,0,1,2,44" ten="270,168,240,322" oya="2" hai0="80,8,125,99,103,101,67,23,59,83,29,79,71" hai1="126,120,46,36,9,135,122,51,114,118,60,105,32" hai2="13,95,119,58,27,53,91,93,30,121,45,63,78" hai3="107,116,68,15,31,4,109,88,84,17,102,39,92"/><V123/><F119/><W37/><G68/><T12/><D71/><U55/><E105/><V73/><F73/><W43/><G116/><T10/><D125/><U38/><E118/><V112/><F78/><W87/><G4/><T34/><D34/><U11/><E32/><V127/><F112/><W20/><G109/><T110/><D110/><U124/><E9/><V22/><F127/><N who="1" m="48681" /><E11/><N who="0" m="4137" /><D99/><U7/><E7/><V132/><F132/><W41/><G31/><T57/><D79/><U25/><E25/><V26/><F13/><W19/><G19/><N who="0" m="10727" /><D29/><U108/><E108/><V100/><F27/><W94/><G107/><T40/><D40/><N who="1" m="25031" /><E114/><V21/><F21/><W75/><G75/><T130/><D130/><U0/><E0/><V86/><F22/><W85/><G20/><T66/><D83/><U104/><E104/><V89/><F26/><W56/><G15/><T33/><D80/><U50/><E60/><V14/><F14/><W42/><G17/><T115/><D33/><U1/><E1/><V6/><F6/><W47/><G102/><T61/><D115/><U5/><E5/><V48/><F100/><W62/><G92/><T54/><D103/><U111/><E111/><V52/><REACH who="2" step="1"/><F30/><REACH who="2" ten="270,168,230,322" step="2"/><W131/><G131/><T35/><D101/><U3/><E135/><V69/><F69/><W113/><G113/><T49/><D35/><U129/><E129/><V134/><F134/><W70/><G70/><T2/><D2/><U77/><E3/><V16/><F16/><W18/><G18/><T72/><D72/><U82/><E77/><V64/><F64/><AGARI ba="0,1" hai="49,54,57,59,61,64,66,67" m="10727,4137" machi="64" ten="30,2000,0" yaku="8,1,52,1" doraHai="44" who="0" fromWho="2" sc="270,30,168,0,230,-20,322,0" /><INIT seed="3,0,0,3,4,120" ten="300,168,210,322" oya="3" hai0="126,57,106,23,10,61,38,71,58,77,27,18,12" hai1="110,101,132,33,73,22,64,96,6,20,93,49,72" hai2="68,70,54,16,41,125,35,36,13,28,5,116,124" hai3="76,46,14,4,80,114,52,74,51,24,90,40,29"/><W75/><G114/><T100/><D38/><U34/><E6/><V2/><F116/><W37/><G90/><T3/><D3/><U118/><E118/><V19/><F2/><W86/><G14/><T122/><D122/><U128/><E64/><V81/><F36/><W62/><G62/><T55/><D126/><N who="2" m="48746" /><F41/><W127/><G4/><T97/><D77/><U65/><E65/><V85/><F54/><W83/><G83/><T59/><REACH who="0" step="1"/><D71/><REACH who="0" ten="290,168,210,322" step="2"/><U117/><E117/><V78/><F68/><W48/><G37/><T56/><D56/><U94/><E132/><V43/><F70/><W63/><G127/><T103/><D103/><U102/><E128/><V7/><F78/><W69/><G69/><T99/><D99/><U15/><E96/><V32/><F85/><W92/><G63/><T53/><D53/><U42/><E42/><V25/><F43/><W60/><G60/><T31/><AGARI ba="0,1" hai="10,12,18,23,27,31,55,57,58,59,61,97,100,106" machi="31" ten="20,5200,0" yaku="1,1,0,1,7,1,53,1" doraHai="120" doraHaiUra="11" who="0" fromWho="0" sc="290,62,168,-13,210,-13,322,-26" owari="352,45.2,155,-34.5,197,-20.3,296,9.6" /></mjloggm>