<mjloggm ver="2.3"><GO type="225" lobby="0"/><UN n0="%E6%9D%BE%E6%9C%AC%E5%81%A5%E7%94%B7" n1="%E3%81%8B%E3%82%8F%E3%81%A1%E3%82%83%E3%82%93%35%38" n2="%E4%BA%AE%E6%B5%81%E6%89%93%E8%80%85" n3="%72%69%6F%75%63%68%61%6E" dan="16,16,16,16" rate="2175.34,2119.94,2088.42,2177.16" sx="M,M,F,M"/><TAIKYOKU oya="0"/><INIT seed="0,0,0,4,4,68" ten="250,250,250,250" oya="0" hai0="42,75,95,24,50,134,115,108,53,109,46,86,66" hai1="110,29,43,19,23,130,51,60,35,21,47,111,93" hai2="63,62,112,41,102,65,100,61,96,77,114,3,64" hai3="15,129,6,118,76,103,10,121,87,98,40,33,89"/><T27/><D75/><U131/><E93/><N who="2" m="58383" /><F3/><W74/><G129/><N who="1" m="49162" /><E35/><V54/><F41/><W34/><G118/><T7/><D115/><U81/><E81/><V135/><F77/><W14/><G121/><T73/><D73/><U116/><E116/><V99/><F114/><W26/><G40/><T36/><D134/><U113/><E113/><V49/><F112/><W4/><G26/><T0/><D66/><N who="2" m="25706" /><F135/><W123/><G123/><T84/><D7/><U120/><E120/><V37/><F37/><W1/><G76/><T45/><D0/><U56/><E29/><V59/><F99/><W20/><G74/><T70/><D70/><U58/><E21/><V117/><F117/><W57/><G20/><T78/><D86/><U69/><E69/><V122/><F122/><W32/><G4/><T107/><D107/><U2/><E2/><V97/><F97/><W13/><G57/><N who="1" m="22122" /><E60/><N who="2" m="15363" /><V119/><DORA hai="101" /><F119/><W132/><G132/><T71/><D71/><U126/><E126/><V133/><F133/><W88/><REACH who="3" step="1"/><G87/><REACH who="3" ten="250,250,250,240" step="2"/><T82/><REACH who="0" step="1"/><D95/><AGARI ba="0,1" hai="1,6,10,13,14,15,32,33,34,88,89,95,98,103" machi="95" ten="50,12000,2" yaku="1,1,2,1,54,1,53,3" doraHai="68,101" doraHaiUra="16,11" who="3" fromWho="0" sc="250,-120,250,0,250,0,240,130" /><INIT seed="1,0,0,5,5,104" ten="130,250,250,370" oya="1" hai0="8,100,59,42,37,43,96,118,110,61,14,51,76" hai1="5,63,2,27,125,124,129,74,44,99,35,66,7" hai2="56,93,53,121,109,25,24,89,68,79,41,16,75" hai3="120,38,71,114,117,133,78,47,58,34,26,111,18"/><U9/><E9/><V103/><BYE who="1" /><F121/><W33/><G120/><T134/><D110/><U116/><E116/><V1/><F68/><W108/><G114/><T11/><D134/><U94/><E94/><V64/><F1/><W15/><G71/><T67/><D118/><U4/><E4/><V126/><F41/><N who="3" m="22967" /><G117/><T45/><D76/><UN n1="%E3%81%8B%E3%82%8F%E3%81%A1%E3%82%83%E3%82%93%35%38" /><U81/><E99/><N who="2" m="59887" /><F75/><W82/><G58/><T48/><D42/><U91/><E129/><V70/><F126/><N who="1" m="48745" /><E44/><V50/><F70/><W113/><G26/><N who="2" m="10345" /><F79/><W101/><G101/><T28/><D28/><N who="1" m="19871" /><E2/><V32/><F32/><W54/><G54/><T72/><D8/><U88/><E5/><V102/><F109/><N who="3" m="42059" /><G133/><T130/><D130/><U21/><E21/><V36/><F102/><W12/><G113/><T31/><D31/><U132/><E7/><V119/><F36/><W39/><G12/><T107/><REACH who="0" step="1"/><D72/><REACH who="0" ten="120,250,250,370" step="2"/><U105/><E105/><V17/><F119/><W3/><G39/><T55/><D55/><U23/><E132/><V90/><F64/><W127/><G127/><T20/><D20/><U13/><E23/><V123/><F123/><W46/><G33/><T0/><D0/><U73/><E73/><V83/><F90/><W30/><G3/><T92/><D92/><U131/><E131/><V95/><F95/><W97/><G34/><T112/><D112/><U86/><E74/><V19/><F89/><W52/><G30/><T22/><D22/><U84/><E91/><V115/><F115/><W60/><G78/><T98/><D98/><U29/><E88/><V77/><F77/><W49/><G97/><T40/><D40/><RYUUKYOKU ba="0,1" sc="120,15,250,-15,250,15,370,-15" hai0="11,14,37,43,45,48,51,59,61,67,96,100,107" hai2="16,17,19,50,53,56,83" /><INIT seed="2,1,1,0,4,77" ten="135,235,265,355" oya="2" hai0="108,17,60,87,129,43,18,27,37,70,48,111,0" hai1="35,1,121,81,132,75,38,30,115,53,106,67,56" hai2="95,130,119,59,7,96,127,114,5,85,9,64,86" hai3="33,21,120,11,24,100,116,12,112,88,107,3,113"/><V25/><F119/><W42/><G116/><T57/><D0/><U22/><E115/><N who="3" m="44106" /><G120/><T68/><D129/><U63/><E1/><V122/><F114/><W105/><G100/><T109/><D37/><U34/><E106/><V62/><F130/><W131/><G131/><T19/><D27/><U76/><E38/><V65/><F122/><W69/><G69/><T15/><D15/><U93/><E132/><V133/><F133/><W44/><G33/><T71/><D87/><N who="2" m="33290" /><F127/><W98/><G88/><T79/><D79/><U118/><E121/><V101/><F9/><W126/><G98/><T52/><REACH who="0" step="1"/><D43/><REACH who="0" ten="125,235,265,355" step="2"/><U6/><E6/><N who="2" m="2059" /><F25/><W61/><G3/><T125/><D125/><U58/><E118/><V80/><F80/><W45/><G126/><T134/><D134/><U28/><E22/><V26/><F26/><W92/><G21/><T39/><D39/><U10/><E10/><V135/><F135/><W23/><G23/><T29/><D29/><U123/><E123/><V84/><N who="2" m="33298" /><V124/><DORA hai="55" /><F124/><W31/><G24/><T82/><D82/><U66/><E66/><AGARI ba="1,2" hai="59,62,64,65,66,95,96,101" m="2059,33298" machi="66" ten="40,3900,0" yaku="8,1,52,1" doraHai="77,55" who="2" fromWho="1" sc="125,0,235,-42,265,62,355,0" /><AGARI ba="1,0" hai="17,18,19,48,52,57,60,66,68,70,71,108,109,111" machi="66" ten="50,12000,2" yaku="1,1,14,1,52,1,54,1,53,3" doraHai="77,55" doraHaiUra="14,16" who="0" fromWho="1" sc="125,120,193,-120,327,0,355,0" /><BYE who="1" /><UN n1="%E3%81%8B%E3%82%8F%E3%81%A1%E3%82%83%E3%82%93%35%38" /><INIT seed="2,2,0,4,0,42" ten="245,73,327,355" oya="2" hai0="34,26,59,44,30,36,24,122,21,15,111,84,61" hai1="103,40,125,25,56,47,80,73,4,41,107,64,123" hai2="2,106,8,71,45,74,48,83,108,109,112,58,70" hai3="0,78,117,104,65,118,101,54,14,97,132,110,6"/><V1/><F106/><W75/><G110/><N who="2" m="42601" /><F112/><W7/><G132/><T72/><D72/><U66/><E125/><V5/><F1/><W52/><G0/><T96/><D122/><U129/><E129/><V98/><F98/><W102/><G65/><T130/><D130/><U116/><E116/><V3/><F3/><W16/><G102/><T28/><D111/><U69/><E123/><V92/><F58/><W93/><G104/><T99/><D84/><U18/><E18/><V135/><F135/><W94/><G118/><T23/><D34/><U89/><E25/><V60/><F60/><W35/><G35/><T82/><D15/><U133/><E40/><N who="2" m="24615" /><F92/><N who="3" m="58535" /><G117/><T13/><D13/><U46/><E107/><V39/><F39/><W19/><G19/><T17/><D17/><U124/><E56/><V86/><F74/><W88/><G75/><T33/><D33/><U12/><E133/><V49/><F49/><W127/><G127/><T55/><D82/><U62/><E62/><V115/><F115/><W63/><G94/><T29/><D36/><U131/><E131/><V105/><F105/><W134/><G134/><T43/><D30/><U31/><E124/><V126/><F126/><W79/><G63/><T121/><D121/><U77/><E89/><AGARI ba="2,0" hai="2,5,8,70,71,83,86,89" m="24615,42601" machi="89" ten="30,5800,0" yaku="14,1,10,1,52,1" doraHai="42" who="2" fromWho="1" sc="245,0,73,-64,327,64,355,0" /><INIT seed="2,3,0,5,4,75" ten="245,9,391,355" oya="2" hai0="50,105,111,12,101,123,36,55,128,51,132,68,20" hai1="6,81,7,60,82,124,15,86,84,93,131,71,56" hai2="47,69,73,80,48,22,64,10,118,119,61,18,14" hai3="9,57,112,0,45,92,74,95,27,129,133,134,62"/><V38/><F38/><W52/><G129/><T106/><D123/><U70/><E70/><BYE who="1" /><V77/><REACH who="2" step="1"/><F22/><REACH who="2" ten="245,9,381,355" step="2"/><W103/><G112/><T44/><D36/><U25/><E25/><V4/><F4/><N who="3" m="1159" /><G103/><T90/><D128/><U117/><E117/><V13/><F13/><W34/><G74/><T96/><D132/><N who="3" m="50793" /><G45/><T125/><D20/><U63/><E63/><V85/><F85/><W11/><G11/><T88/><D12/><U8/><E8/><V98/><F98/><W116/><G116/><T30/><D96/><U135/><E135/><V78/><F78/><W1/><G1/><T120/><D120/><U91/><E91/><V87/><F87/><W26/><G26/><T23/><D23/><U58/><E58/><V59/><F59/><W43/><G43/><AGARI ba="3,1" hai="10,14,18,43,47,48,61,64,69,73,77,80,118,119" machi="43" ten="30,5800,0" yaku="1,1,7,1,52,1,53,0" doraHai="75" doraHaiUra="2" who="2" fromWho="3" sc="245,0,9,0,381,77,355,-67" /><INIT seed="2,4,0,5,2,56" ten="245,9,458,288" oya="2" hai0="58,27,124,53,62,14,119,20,122,47,113,109,17" hai1="89,97,42,55,5,96,112,71,36,32,83,92,82" hai2="7,80,91,106,57,25,19,99,9,115,132,107,128" hai3="70,121,24,10,41,0,73,44,34,59,45,116,108"/><V37/><F37/><W69/><G116/><T26/><D109/><U90/><E90/><V30/><F115/><W18/><G121/><T46/><D124/><U52/><E52/><V48/><F128/><W125/><G108/><T133/><D113/><U64/><E64/><V103/><F107/><W60/><G125/><T98/><D119/><U6/><E6/><V68/><F68/><W101/><G73/><T135/><D122/><U76/><E76/><V40/><F19/><W16/><G101/><T95/><D135/><U23/><E23/><V104/><F80/><W1/><G34/><T50/><D133/><U75/><E75/><V54/><F40/><W87/><G87/><T15/><D15/><U118/><E118/><V77/><F77/><W84/><G84/><T29/><D29/><U31/><E31/><V51/><F91/><W88/><G88/><T114/><D114/><U4/><E4/><V13/><F132/><W81/><G81/><T3/><D3/><N who="3" m="1097" /><G24/><T49/><D46/><N who="3" m="18025" /><G41/><T74/><D74/><U85/><E85/><V129/><F106/><W22/><G10/><T43/><D49/><U117/><E117/><V28/><F51/><W66/><G18/><T93/><D93/><U33/><E33/><V105/><F105/><W65/><G66/><T126/><D126/><U86/><E86/><V38/><F104/><W134/><G134/><T100/><AGARI ba="4,0" hai="14,17,20,26,27,43,47,50,53,58,62,95,98,100" machi="100" ten="20,5200,0" yaku="0,1,7,1,8,1,52,1" doraHai="56" who="0" fromWho="0" sc="245,64,9,-17,458,-30,288,-17" owari="309,10.9,-8,-50.8,428,52.8,271,-12.9" /></mjloggm>