<mjloggm ver="2.3"><GO type="225" lobby="0"/><UN n0="%E8%B6%85%E7%B4%9A%E9%B3%B3%E5%87%B0" n1="%E3%81%B5%E3%81%98%E3%81%8B%E3%81%A4" n2="%E3%81%8B%E3%82%8F%E3%81%A1%E3%82%83%E3%82%93%35%38" n3="%E7%99%BD%E6%97%A5%E9%9B%AA%E8%8F%9C" dan="17,16,16,17" rate="2208.53,2174.97,2143.32,2213.38" sx="M,M,M,M"/><TAIKYOKU oya="0"/><INIT seed="0,0,0,0,1,67" ten="250,250,250,250" oya="0" hai0="64,78,131,120,105,77,127,55,32,56,4,8,104" hai1="94,39,89,124,107,84,48,22,130,122,98,69,50" hai2="28,110,30,6,72,36,133,81,97,79,86,109,90" hai3="34,134,19,106,71,7,54,113,83,3,38,126,100"/><T121/><D32/><U112/><E122/><V59/><F133/><W43/><G19/><T115/><D115/><U13/><E39/><V63/><F36/><W80/><G54/><T12/><D131/><U40/><E112/><V125/><F125/><W76/><G83/><T24/><D127/><U102/><E124/><V57/><F6/><W58/><G58/><N who="2" m="22025" /><F97/><N who="3" m="61711" /><G126/><T14/><D64/><U25/><E130/><V15/><F15/><W128/><G34/><T33/><D14/><U88/><E69/><V68/><F63/><W44/><G134/><T9/><D9/><U82/><E40/><V27/><F27/><W47/><G47/><T108/><D108/><N who="2" m="41578" /><F68/><W61/><G128/><T62/><D105/><U18/><REACH who="1" step="1"/><E13/><REACH who="1" ten="250,240,250,250" step="2"/><V117/><F117/><W65/><G113/><T91/><D120/><U17/><E17/><V41/><F41/><W1/><G7/><T23/><D121/><U0/><E0/><V11/><F11/><W119/><G119/><T95/><D4/><U70/><E70/><V46/><F46/><W87/><G3/><T116/><D116/><U42/><E42/><V53/><F53/><W92/><G1/><T2/><D2/><U35/><E35/><V37/><F37/><W49/><G38/><T20/><D33/><U135/><E135/><V114/><F114/><W29/><G43/><T75/><D55/><U26/><E26/><V85/><F72/><W132/><G132/><T99/><D75/><U10/><E10/><V93/><AGARI ba="0,1" hai="28,30,79,81,85,86,90,93" m="41578,22025" machi="93" ten="30,1100,0" yaku="14,1" doraHai="67" who="2" fromWho="2" sc="250,-5,240,-3,250,21,250,-3" /><INIT seed="1,0,0,1,0,99" ten="245,237,271,247" oya="1" hai0="5,124,81,54,47,88,133,132,86,70,44,90,41" hai1="91,65,95,97,55,77,111,42,83,87,36,85,46" hai2="31,39,1,108,105,127,28,89,75,49,64,30,92" hai3="71,40,122,116,125,7,25,12,51,62,107,37,114"/><U0/><E0/><V119/><F39/><W2/><G12/><T9/><D70/><U76/><E111/><V80/><F105/><W61/><G114/><T15/><D124/><U6/><E6/><V26/><F1/><W135/><G122/><T35/><D35/><U126/><E126/><V104/><F104/><W106/><G25/><T11/><D11/><U60/><E55/><V27/><F64/><W20/><G20/><T53/><D90/><U101/><REACH who="1" step="1"/><E87/><REACH who="1" ten="245,227,271,247" step="2"/><V33/><F127/><W79/><G7/><T121/><D121/><U18/><E18/><V117/><F108/><W120/><G2/><T69/><D54/><U48/><E48/><V123/><F49/><W29/><G125/><T67/><D53/><U23/><E23/><V96/><F123/><W112/><G120/><T131/><D5/><U130/><E130/><V17/><F17/><W113/><G51/><T22/><D22/><U14/><E14/><V16/><F16/><W59/><G113/><T66/><D131/><U63/><E63/><V4/><F4/><W74/><G62/><T52/><D52/><U82/><E82/><V24/><F33/><W72/><G61/><T43/><D15/><U19/><E19/><V78/><AGARI ba="0,1" hai="24,26,27,28,30,31,75,78,80,89,92,96,117,119" machi="78" ten="40,1500,0" yaku="0,1" doraHai="99" who="2" fromWho="2" sc="245,-4,227,-7,271,25,247,-4" /><INIT seed="2,0,0,2,3,87" ten="241,220,296,243" oya="2" hai0="33,4,110,114,43,59,69,7,123,60,129,12,23" hai1="77,67,68,82,112,103,30,57,135,18,98,56,92" hai2="34,55,119,5,86,101,36,132,127,97,133,80,134" hai3="124,65,15,26,58,51,102,81,63,131,108,121,22"/><V104/><F34/><W35/><G121/><T91/><D123/><U120/><E120/><V90/><F36/><W118/><G118/><T46/><D114/><U66/><E112/><V1/><F5/><W84/><G108/><T79/><D33/><U13/><E135/><V17/><F1/><W74/><G74/><T126/><D110/><U48/><E30/><V6/><F6/><W14/><G35/><T125/><D129/><U21/><E68/><V113/><F113/><W49/><G124/><N who="0" m="47723" /><D69/><U61/><E48/><N who="3" m="18506" /><G102/><T95/><D79/><U41/><E41/><V39/><F55/><W38/><G38/><N who="0" m="21879" /><D23/><U53/><REACH who="1" step="1"/><E57/><REACH who="1" ten="241,210,296,243" step="2"/><V88/><F39/><W31/><G131/><T117/><D117/><U42/><E42/><V93/><F127/><W105/><G105/><T75/><D75/><AGARI ba="0,1" hai="13,18,21,53,56,61,66,67,75,77,82,92,98,103" machi="75" ten="30,2000,0" yaku="1,1,7,1,53,0" doraHai="87" doraHaiUra="25" who="1" fromWho="0" sc="241,-20,210,30,296,0,243,0" /><INIT seed="3,0,0,3,3,127" ten="221,240,296,243" oya="3" hai0="3,71,55,133,61,25,26,101,89,38,45,111,46" hai1="21,135,9,14,85,47,75,27,17,117,53,103,10" hai2="80,69,4,121,20,95,106,57,100,64,49,116,81" hai3="18,36,28,93,107,109,130,104,58,128,31,6,126"/><W66/><G36/><T63/><D3/><U73/><E135/><V12/><F106/><N who="3" m="40491" /><G126/><T40/><D133/><U67/><E103/><V70/><F70/><W60/><G6/><T84/><D111/><U16/><E117/><V134/><F69/><W2/><G2/><T52/><D101/><U124/><E124/><V123/><F116/><W120/><G120/><N who="2" m="46153" /><F134/><W29/><G109/><T83/><D71/><U118/><E67/><V56/><F49/><W119/><G119/><T79/><D79/><U77/><E118/><V41/><F41/><W42/><G42/><T114/><D114/><U105/><E105/><V97/><F20/><W0/><G0/><T90/><D90/><U129/><E75/><V122/><F122/><W30/><N who="3" m="7168" /><DORA hai="22" /><W65/><G65/><T110/><D110/><U98/><E73/><V11/><F64/><W19/><G93/><T39/><D39/><U1/><E1/><V99/><F99/><W86/><G86/><T131/><D131/><AGARI ba="0,0" hai="18,19,58,60,66,128,130,131" m="7168,40491" machi="131" ten="50,12000,1" yaku="19,1,52,3" doraHai="127,22" who="3" fromWho="0" sc="221,-120,240,0,296,0,243,120" owari="101,-39.9,240,-16.0,296,9.6,363,46.3" /></mjloggm>