<mjloggm ver="2.3"><GO type="225" lobby="0"/><UN n0="%E3%83%B4%E3%82%A3%E3%83%AF%E3%82%B3%E3%82%B0%E3%83%8B" n1="%48%61%61%61%6C%61%6E%64" n2="%E3%81%8B%E3%82%8F%E3%81%A1%E3%82%83%E3%82%93%35%38" n3="%E3%80%93%E3%81%97%E3%83%BC%E3%82%89%E3%80%93" dan="16,18,16,16" rate="2151.44,2241.89,2160.30,2096.05" sx="M,M,M,M"/><TAIKYOKU oya="0"/><INIT seed="0,0,0,5,5,3" ten="250,250,250,250" oya="0" hai0="127,92,84,21,71,129,120,38,14,41,97,15,106" hai1="46,135,134,8,119,102,98,104,22,37,5,122,47" hai2="9,125,133,74,48,83,94,70,68,64,66,85,69" hai3="110,93,121,62,61,90,42,57,10,128,32,59,72"/><T19/><D129/><U63/><E119/><V123/><F123/><W28/><G72/><T78/><D120/><U36/><E122/><V96/><F74/><W116/><G121/><T51/><D71/><U1/><E22/><V99/><F133/><N who="1" m="50697" /><E63/><V18/><F125/><W86/><G116/><T31/><D127/><U44/><AGARI ba="0,0" hai="1,5,8,36,37,44,46,47,98,102,104" m="50697" machi="44" ten="30,2000,0" yaku="20,1,52,1" doraHai="3" who="1" fromWho="1" sc="250,-10,250,20,250,-5,250,-5" /><INIT seed="1,0,0,4,5,84" ten="240,270,245,245" oya="1" hai0="65,85,20,15,75,128,6,103,110,108,109,46,29" hai1="56,83,33,122,45,47,117,93,63,60,95,44,124" hai2="69,55,115,43,4,32,0,16,42,68,53,119,106" hai3="36,54,129,67,87,76,25,121,13,19,114,77,27"/><U52/><E117/><V24/><F119/><W57/><G36/><T127/><D128/><U91/><E122/><V50/><F106/><W59/><G121/><T66/><D75/><U126/><E33/><V99/><F99/><W94/><G114/><T86/><D127/><N who="1" m="48683" /><E60/><V73/><F73/><W2/><G2/><T26/><D103/><U30/><E30/><V98/><F98/><W135/><G129/><T11/><D46/><U113/><E113/><V79/><F79/><N who="3" m="30283" /><G67/><AGARI ba="0,0" hai="6,11,15,20,26,29,65,66,67,85,86,108,109,110" machi="67" ten="40,1300,0" yaku="14,1" doraHai="84" who="0" fromWho="3" sc="240,13,270,0,245,0,245,-13" /><INIT seed="2,0,0,0,5,86" ten="253,270,245,232" oya="2" hai0="23,85,32,33,7,122,133,49,79,51,46,108,100" hai1="11,78,0,9,10,131,20,111,4,27,121,92,98" hai2="120,97,126,129,15,132,6,60,95,64,55,67,47" hai3="125,102,48,109,72,88,3,12,24,74,65,62,14"/><V30/><F120/><W2/><G102/><T90/><D108/><U13/><E111/><V54/><F132/><W80/><G109/><T31/><D122/><U42/><E121/><V117/><F117/><W93/><G125/><T28/><D133/><U77/><E42/><V123/><F123/><W41/><G24/><T119/><D119/><U118/><E131/><V75/><F75/><W38/><G38/><T36/><D79/><N who="1" m="30219" /><E0/><V103/><F129/><W45/><G80/><T83/><D7/><U110/><E110/><V73/><F73/><W128/><G128/><T127/><D127/><U107/><E107/><V26/><F126/><W59/><G74/><T134/><D134/><U39/><E39/><V22/><F47/><W56/><G72/><T35/><D100/><N who="1" m="60487" /><E118/><V114/><F114/><W50/><G2/><T44/><D36/><U76/><N who="1" m="30227" /><U106/><DORA hai="82" /><E106/><V113/><F113/><W105/><G105/><T52/><REACH who="0" step="1"/><D23/><REACH who="0" ten="243,270,245,232" step="2"/><U104/><E104/><V16/><F6/><W8/><G8/><T115/><D115/><U29/><AGARI ba="0,1" hai="4,9,10,11,13,20,27,29" m="60487,30227" machi="29" ten="30,1100,0" yaku="8,1" doraHai="86,82" who="1" fromWho="1" sc="243,-3,270,21,245,-5,232,-3" /><INIT seed="3,0,0,0,3,19" ten="240,291,240,229" oya="3" hai0="44,29,38,53,15,77,79,95,18,110,103,112,90" hai1="132,6,122,26,69,123,126,104,10,102,98,52,87" hai2="7,130,125,5,113,74,67,58,0,131,23,40,34" hai3="54,4,82,135,117,1,50,55,134,30,42,81,31"/><W101/><G117/><T97/><D110/><U24/><E69/><V68/><F34/><W93/><G42/><T124/><D124/><U14/><E126/><V76/><F125/><W99/><G4/><T60/><D38/><U86/><E132/><N who="3" m="50730" /><G1/><T46/><D112/><U65/><E65/><V45/><F113/><W28/><G55/><T57/><D29/><N who="3" m="7425" /><W109/><DORA hai="116" /><G109/><T94/><D46/><AGARI ba="0,0" hai="46,50,54,81,82,93,99,101" m="7425,50730" machi="46" ten="40,2000,0" yaku="20,1" doraHai="19,116" who="3" fromWho="0" sc="240,-20,291,0,240,0,229,20" /><INIT seed="3,1,0,4,2,40" ten="220,291,240,249" oya="3" hai0="84,17,105,27,23,106,93,102,48,72,41,89,53" hai1="104,42,64,0,74,28,46,5,119,111,112,135,36" hai2="118,100,126,127,37,90,76,12,44,121,103,132,77" hai3="7,124,96,114,66,35,130,88,14,8,87,69,16"/><W50/><G35/><T110/><D72/><U81/><E112/><V63/><F118/><W56/><G114/><T62/><D110/><U57/><E111/><V26/><F132/><W11/><G130/><T95/><D41/><U101/><E28/><V129/><F129/><W73/><G73/><T38/><D38/><U123/><E123/><V25/><F121/><W131/><G131/><T33/><D62/><U18/><E18/><V133/><F133/><W20/><G124/><T68/><D68/><U128/><E128/><V54/><F12/><N who="3" m="5151" /><G69/><T94/><D33/><U58/><E64/><V115/><F90/><W61/><G50/><T51/><D51/><U109/><E119/><V75/><F75/><W116/><G116/><T21/><D21/><U122/><E122/><V32/><F115/><W52/><G96/><T1/><D1/><U78/><E109/><V15/><F15/><W67/><G20/><T13/><D27/><N who="2" m="10250" /><F32/><W2/><G2/><T22/><D22/><U134/><E135/><V120/><F120/><W49/><G61/><T71/><D71/><U65/><E134/><V29/><F29/><W92/><AGARI ba="1,0" hai="11,14,16,49,52,56,66,67,87,88,92" m="5151" machi="92" ten="30,11700,0" yaku="8,1,54,3" doraHai="40" who="3" fromWho="3" sc="220,-40,291,-40,240,-40,249,120" owari="180,-32.0,251,5.1,200,-20.0,369,46.9" /></mjloggm>