<mjloggm ver="2.3"><GO type="225" lobby="0"/><UN n0="%6D%75%75%6D%75%72%61" n1="%77%72%77%72%77%72%77%72" n2="%E3%83%AD%E3%83%83%E3%83%86%E9%9B%80%E7%90%83" n3="%E7%B4%94%E6%BD%94%E3%83%94%E3%83%A9%E3%83%8B%E3%82%A2" dan="16,16,17,16" rate="2124.85,2090.12,2251.96,2089.97" sx="F,M,M,M"/><TAIKYOKU oya="0"/><INIT seed="0,0,0,4,0,14" ten="250,250,250,250" oya="0" hai0="52,46,115,78,21,106,123,66,102,63,57,129,54" hai1="37,86,90,103,79,133,96,33,25,5,49,80,30" hai2="65,84,64,42,76,68,134,73,91,99,3,56,62" hai3="2,116,35,70,6,19,7,110,15,135,28,51,74"/><T97/><D115/><U118/><E133/><V122/><F122/><W82/><G70/><T87/><D123/><U17/><E118/><V26/><F134/><W69/><G69/><T12/><D129/><U112/><E37/><V121/><F3/><W67/><G67/><T20/><D46/><U43/><E112/><V44/><F73/><W114/><G114/><T127/><D127/><U93/><E5/><V16/><F121/><W132/><G51/><T117/><D117/><U61/><E61/><V107/><F68/><W128/><G6/><T50/><D12/><U8/><E43/><V77/><F65/><W89/><G110/><T53/><REACH who="0" step="1"/><D50/><REACH who="0" ten="240,250,250,250" step="2"/><U125/><E49/><N who="2" m="26775" /><F107/><W111/><G128/><T130/><D130/><U113/><E113/><V98/><F76/><W9/><G116/><T119/><D119/><U13/><REACH who="1" step="1"/><E125/><REACH who="1" ten="240,240,250,250" step="2"/><V55/><F77/><AGARI ba="0,2" hai="8,13,17,25,30,33,77,79,80,86,90,93,96,103" machi="77" ten="40,8000,1" yaku="1,1,2,1,52,1,53,1" doraHai="14" doraHaiUra="10" who="1" fromWho="2" sc="240,0,240,100,250,-80,250,0" /><INIT seed="1,0,0,1,2,39" ten="240,340,170,250" oya="1" hai0="135,86,6,133,5,99,126,68,127,25,90,34,116" hai1="71,118,17,9,0,53,4,56,103,83,49,21,115" hai2="81,29,16,63,93,8,130,94,55,7,100,1,119" hai3="80,24,114,110,22,109,32,19,134,132,15,77,79"/><U60/><E115/><V41/><F130/><W2/><G114/><T128/><D68/><U105/><E118/><V26/><F119/><W111/><G2/><T52/><D99/><U101/><E105/><V61/><F81/><W23/><G32/><T59/><D116/><U31/><E31/><V48/><F16/><N who="3" m="10527" /><G80/><N who="0" m="49479" /><D25/><U13/><REACH who="1" step="1"/><E83/><REACH who="1" ten="240,330,170,250" step="2"/><V65/><F29/><W131/><G131/><T88/><D128/><U124/><E124/><V113/><F113/><W104/><G104/><T87/><D126/><U69/><E69/><V89/><F94/><W92/><G92/><N who="0" m="54303" /><D127/><U98/><E98/><V120/><F93/><W45/><G134/><N who="0" m="51211" /><D34/><U58/><E58/><V129/><F129/><W106/><G132/><T78/><D78/><U64/><AGARI ba="0,1" hai="0,4,9,13,17,21,49,53,56,60,64,71,101,103" machi="64" ten="30,3000,0" yaku="1,1,0,1,53,0" doraHai="39" doraHaiUra="20" who="1" fromWho="1" sc="240,-10,330,40,170,-10,250,-10" /><INIT seed="1,1,0,3,3,6" ten="230,370,160,240" oya="1" hai0="24,29,9,75,70,134,51,109,117,102,5,77,61" hai1="2,129,17,71,8,67,104,55,76,18,95,38,14" hai2="105,88,26,22,82,112,90,93,52,107,66,123,36" hai3="96,114,7,121,115,41,113,100,135,33,99,39,92"/><U48/><E104/><V54/><F123/><W94/><G121/><T50/><D117/><U15/><E2/><V49/><F36/><W106/><G33/><T10/><D109/><U20/><E38/><V64/><F112/><W97/><G39/><T103/><D134/><U72/><E129/><V118/><F118/><W31/><G31/><T3/><D75/><U126/><E126/><V68/><F107/><W23/><G23/><T0/><D77/><U124/><E124/><V59/><F105/><W116/><G41/><T125/><D125/><U81/><E95/><N who="3" m="36394" /><G7/><T132/><D132/><U69/><REACH who="1" step="1"/><E67/><REACH who="1" ten="230,360,160,240" step="2"/><V47/><F93/><W91/><G116/><T98/><D102/><U37/><E37/><V120/><F120/><W53/><G135/><T133/><D103/><U25/><E25/><V128/><F128/><W44/><G100/><T79/><D24/><U56/><AGARI ba="1,1" hai="8,14,15,17,18,20,48,55,56,69,71,72,76,81" machi="56" ten="20,7800,0" yaku="1,1,0,1,7,1,52,1,53,0" doraHai="6" doraHaiUra="108" who="1" fromWho="1" sc="230,-27,360,91,160,-27,240,-27" /><INIT seed="1,2,0,0,0,8" ten="203,451,133,213" oya="1" hai0="48,1,121,2,24,70,84,54,125,58,56,10,14" hai1="28,103,112,41,94,6,86,19,61,30,81,49,45" hai2="90,82,124,116,77,37,98,39,73,108,123,7,5" hai3="17,55,134,3,51,44,96,122,50,117,47,97,100"/><U118/><E112/><V11/><F116/><W95/><G117/><T83/><D70/><U101/><E118/><V130/><F123/><W9/><G122/><T35/><D121/><U25/><E6/><V27/><F124/><W63/><G134/><T127/><D58/><U85/><E61/><V92/><F130/><W23/><G3/><T79/><D35/><U113/><E113/><V4/><F108/><W128/><G128/><T62/><D24/><U43/><E41/><V21/><REACH who="2" step="1"/><F11/><REACH who="2" ten="203,451,123,213" step="2"/><W32/><G9/><T64/><D125/><U109/><E109/><V87/><F87/><W120/><G120/><T57/><REACH who="0" step="1"/><D127/><REACH who="0" ten="193,451,123,213" step="2"/><U66/><E25/><V80/><F80/><W78/><G32/><T0/><D0/><U20/><E81/><V65/><F65/><W40/><G96/><T75/><D75/><U76/><E66/><V71/><F71/><W135/><G135/><T102/><D102/><U114/><E103/><V99/><F99/><W68/><G68/><T74/><D74/><U105/><E101/><V26/><F26/><W22/><G97/><T36/><D36/><U15/><E114/><V42/><F42/><W89/><G100/><T126/><D126/><U131/><E131/><V129/><F129/><W93/><G40/><T31/><D31/><AGARI ba="2,2" hai="4,5,7,21,27,31,37,39,73,77,82,90,92,98" machi="31" ten="40,2600,0" yaku="1,1,53,1" doraHai="8" doraHaiUra="104" who="2" fromWho="0" sc="193,-32,451,0,123,52,213,0" /><INIT seed="2,0,0,2,1,25" ten="161,451,175,213" oya="2" hai0="33,59,131,50,104,102,1,45,94,101,26,103,4" hai1="84,77,96,118,9,23,62,112,95,128,32,98,125" hai2="42,29,72,17,126,14,15,135,36,7,13,31,108" hai3="2,115,105,133,111,124,83,49,47,75,119,91,39"/><V113/><F72/><W65/><G91/><T40/><D131/><U117/><E32/><V68/><F68/><W60/><G83/><T61/><D104/><U114/><E9/><N who="2" m="4287" /><F36/><W92/><G92/><T106/><D106/><U10/><E128/><V8/><F42/><W80/><G80/><T35/><D4/><U53/><E112/><V48/><F48/><W121/><G65/><T122/><D122/><U132/><E114/><V28/><F113/><W90/><G90/><T69/><D69/><U56/><E118/><V64/><F64/><W81/><G81/><T79/><D1/><U127/><E117/><V19/><F126/><W24/><G24/><T20/><D79/><U34/><E125/><V46/><F46/><W71/><G60/><T110/><D110/><U38/><E62/><V85/><F135/><W97/><G97/><N who="0" m="59575" /><D35/><U58/><E132/><V88/><F108/><W54/><G47/><T43/><D33/><U16/><E34/><V82/><F15/><W123/><G105/><T66/><D40/><U18/><E38/><V51/><F51/><W134/><G39/><T6/><D6/><AGARI ba="0,0" hai="6,8,14,17,19,28,29,31,82,85,88" m="4287" machi="6" ten="30,12000,1" yaku="8,1,52,3,54,1" doraHai="25" who="2" fromWho="0" sc="161,-120,451,0,175,120,213,0" /><INIT seed="2,1,0,1,3,27" ten="41,451,295,213" oya="2" hai0="126,96,113,108,114,2,9,20,4,0,116,13,124" hai1="56,5,88,45,129,104,42,135,34,52,78,110,90" hai2="62,94,122,86,120,118,48,125,134,119,71,7,109" hai3="83,99,87,36,131,80,60,23,37,3,127,117,57"/><V29/><F94/><W51/><G117/><N who="2" m="44553" /><F86/><W65/><G3/><N who="0" m="1067" /><D96/><U50/><E104/><V11/><F11/><W133/><G127/><N who="0" m="48683" /><D116/><U18/><E34/><V32/><F7/><W67/><G131/><T70/><D70/><U41/><E129/><V8/><F8/><W121/><G121/><T17/><D108/><U26/><E110/><V101/><F101/><W72/><G72/><T81/><D81/><U24/><E5/><V63/><F63/><W100/><G83/><T55/><D55/><U53/><E78/><V92/><F92/><W33/><G80/><T132/><D132/><U123/><E135/><V85/><F85/><W22/><G87/><T1/><AGARI ba="1,0" hai="1,4,9,13,17,20,113,114" m="48683,1067" machi="1" ten="30,4000,0" yaku="18,1,34,2" doraHai="27" who="0" fromWho="0" sc="41,43,451,-11,295,-21,213,-11" /><INIT seed="3,0,0,5,1,114" ten="84,440,274,202" oya="3" hai0="112,54,4,40,81,52,37,51,20,125,13,1,132" hai1="82,48,97,31,108,59,10,36,55,44,64,50,58" hai2="111,129,61,57,28,47,68,60,43,128,35,75,6" hai3="93,3,41,116,30,121,88,123,69,134,49,23,83"/><W71/><G3/><T100/><D112/><U92/><E108/><V89/><F111/><W17/><G30/><T119/><D125/><U102/><E36/><V76/><F6/><W5/><G5/><T9/><D132/><U24/><E82/><N who="2" m="45343" /><F68/><W106/><G106/><T110/><D110/><U104/><E104/><V98/><F98/><W32/><G32/><T22/><D100/><U63/><E10/><V12/><F89/><W101/><G101/><T78/><D119/><U133/><E133/><V120/><F12/><W72/><G116/><T118/><D118/><U90/><E90/><V39/><F120/><W122/><G134/><T96/><D96/><U131/><E131/><N who="2" m="50251" /><F57/><W34/><G34/><T67/><D67/><U18/><E18/><V95/><F95/><W84/><G72/><T130/><D130/><U70/><E50/><V65/><F65/><W109/><G93/><T85/><D1/><U53/><E53/><V73/><F73/><W87/><G87/><T21/><REACH who="0" step="1"/><D37/><REACH who="0" ten="74,440,274,202" step="2"/><U15/><E15/><V66/><F66/><W80/><G109/><T29/><D29/><U11/><E11/><V86/><F39/><W127/><G127/><T135/><D135/><U107/><E107/><V77/><F28/><W33/><G121/><T45/><AGARI ba="0,1" hai="4,9,13,20,21,22,40,45,51,52,54,78,81,85" machi="45" ten="30,12000,2" yaku="1,1,0,1,25,2,8,1,54,1,53,1" doraHai="114" doraHaiUra="46" who="0" fromWho="0" sc="74,130,440,-30,274,-30,202,-60" owari="204,-19.6,410,51.0,244,4.4,142,-35.8" /></mjloggm>