<mjloggm ver="2.3"><GO type="225" lobby="0"/><UN n0="%E8%B7%AF%E9%9C%B8" n1="%E3%81%95%E3%81%8D%E3%81%9F%E3%81%BE%E6%9E%97%E6%AA%8E" n2="%74%61%6B%65%2D%79%6F%75" n3="%E3%81%8C%E3%81%9F" dan="17,16,16,16" rate="2207.67,2138.52,2189.56,2074.18" sx="M,M,M,F"/><TAIKYOKU oya="0"/><INIT seed="0,0,0,0,0,25" ten="250,250,250,250" oya="0" hai0="106,22,92,95,13,36,71,99,38,5,100,70,58" hai1="105,16,73,96,1,44,8,128,20,72,67,112,102" hai2="129,48,114,101,57,93,91,21,18,66,103,11,116" hai3="29,43,111,113,122,14,126,124,65,97,24,135,74"/><T123/><D123/><U23/><E128/><V51/><F114/><W12/><G113/><T117/><D117/><U33/><E33/><V115/><F115/><W27/><G74/><T64/><D70/><U6/><E112/><V86/><F129/><W2/><G2/><T54/><D71/><U110/><E23/><V62/><F116/><W3/><G3/><T34/><D34/><U7/><E7/><V15/><REACH who="2" step="1"/><F11/><REACH who="2" ten="250,250,240,250" step="2"/><W47/><G122/><T30/><D36/><U42/><E110/><V41/><F41/><W84/><G111/><T89/><D38/><U60/><E42/><V131/><F131/><W121/><G121/><T90/><D5/><U87/><E8/><V119/><F119/><W37/><G43/><T108/><D108/><U0/><E6/><V63/><F63/><W109/><G37/><T31/><D64/><U69/><E60/><V40/><F40/><W83/><G65/><T19/><D106/><U104/><E67/><V53/><F53/><W78/><G109/><T130/><D130/><U35/><E105/><V80/><F80/><W133/><G83/><T45/><D45/><U55/><E44/><V98/><F98/><W81/><G97/><N who="0" m="57487" /><D100/><AGARI ba="0,1" hai="15,18,21,48,51,57,62,66,86,91,93,100,101,103" machi="100" ten="40,2600,0" yaku="1,1,8,1,53,0" doraHai="25" doraHaiUra="107" who="2" fromWho="0" sc="250,-26,250,0,240,36,250,0" /><INIT seed="1,0,0,3,1,67" ten="224,250,276,250" oya="1" hai0="104,66,72,79,108,124,41,22,9,21,92,13,27" hai1="90,65,64,100,57,91,52,18,130,36,80,28,127" hai2="83,15,133,121,96,53,61,44,58,68,107,46,106" hai3="86,84,30,77,33,35,25,123,135,128,5,97,6"/><U47/><E127/><V70/><F121/><W113/><G113/><T23/><D104/><U19/><E130/><V85/><F133/><W87/><G123/><T89/><D124/><U126/><E126/><V116/><F116/><W16/><G128/><T1/><D1/><U125/><E125/><V34/><F34/><W40/><G135/><T120/><D120/><U76/><E28/><V32/><F32/><W102/><G33/><T129/><D129/><U17/><E100/><V48/><F15/><W105/><G77/><T2/><D2/><U118/><E118/><V14/><F14/><W98/><G40/><T7/><D108/><U122/><E122/><V26/><F26/><W45/><G45/><T69/><D41/><U0/><E0/><V11/><F11/><W75/><G75/><T82/><D66/><N who="1" m="25707" /><E36/><V60/><F46/><W50/><G50/><T38/><D38/><U49/><E47/><V29/><F29/><W63/><G63/><T54/><D54/><U59/><E59/><V117/><F61/><W103/><REACH who="3" step="1"/><G16/><REACH who="3" ten="224,250,276,240" step="2"/><N who="1" m="4098" /><U78/><DORA hai="31" /><E78/><V39/><F117/><W88/><G88/><N who="1" m="33834" /><E76/><V42/><F44/><W12/><G12/><T24/><REACH who="0" step="1"/><D69/><REACH who="0" ten="214,250,276,240" step="2"/><U73/><E73/><V109/><F68/><W112/><G112/><T10/><D10/><U51/><E51/><V55/><F48/><W115/><G115/><T119/><D119/><U20/><E49/><V4/><F70/><W37/><G37/><T71/><D71/><U99/><E52/><V56/><F53/><W74/><G74/><T94/><D94/><AGARI ba="0,2" hai="5,6,25,30,35,84,86,87,94,97,98,102,103,105" machi="94" ten="40,2600,0" yaku="1,1,52,1,53,0" doraHai="67,31" doraHaiUra="111,62" who="3" fromWho="0" sc="214,-26,250,0,276,0,240,46" /><INIT seed="2,0,0,2,0,77" ten="188,250,276,286" oya="2" hai0="54,6,85,20,103,69,48,95,70,127,99,123,31" hai1="32,109,57,73,47,18,44,87,26,23,116,82,46" hai2="125,72,126,80,13,132,7,111,45,91,128,2,81" hai3="67,0,52,92,63,129,118,38,130,55,113,58,59"/><V78/><F128/><N who="3" m="49259" /><G0/><T4/><D123/><U74/><E109/><V121/><F121/><W93/><G118/><T105/><D127/><N who="2" m="48650" /><F111/><W12/><G113/><T42/><D42/><U135/><E116/><V68/><F132/><W21/><G38/><T19/><D31/><U86/><E135/><V64/><F2/><W131/><G131/><T124/><D124/><U112/><E112/><V22/><F45/><W120/><G120/><T34/><D34/><U39/><E39/><V37/><F37/><W115/><G115/><T49/><D70/><U50/><E32/><V29/><F68/><W108/><G108/><T40/><D69/><U88/><REACH who="1" step="1"/><E86/><REACH who="1" ten="188,240,276,286" step="2"/><V96/><F72/><W15/><G67/><T97/><D85/><U11/><E11/><V35/><F64/><W90/><G21/><T89/><D40/><U9/><E9/><V101/><F22/><W5/><G5/><T98/><D4/><U119/><E119/><V10/><F10/><W8/><G8/><T102/><D6/><U53/><AGARI ba="0,1" hai="18,23,26,44,46,47,50,53,57,73,74,82,87,88" machi="53" ten="30,7900,0" yaku="1,1,0,1,52,1,54,1,53,0" doraHai="77" doraHaiUra="60" who="1" fromWho="1" sc="188,-20,240,89,276,-39,286,-20" /><INIT seed="3,0,0,0,3,59" ten="168,329,237,266" oya="3" hai0="93,33,86,73,55,48,61,30,72,92,36,94,29" hai1="37,43,90,20,41,2,51,80,82,128,100,64,88" hai2="124,57,114,67,47,123,116,122,8,35,15,105,58" hai3="25,21,39,102,84,96,22,132,107,23,24,28,77"/><W120/><G120/><N who="2" m="46121" /><F114/><W44/><G132/><T54/><D36/><U4/><E37/><V49/><F116/><W26/><G39/><T134/><D134/><U103/><E2/><V127/><F35/><W135/><G135/><T83/><D33/><U17/><E4/><N who="2" m="3463" /><F105/><W71/><G44/><T115/><D115/><U131/><E64/><V75/><F75/><W10/><G71/><T62/><D72/><U78/><E78/><V5/><F5/><W109/><G109/><T6/><D73/><U87/><E51/><V42/><F67/><W133/><G133/><T91/><D6/><U9/><E9/><V27/><F27/><W129/><G129/><T0/><D0/><U68/><E68/><V34/><F34/><W63/><G10/><T117/><D117/><U97/><E97/><V89/><F89/><W13/><G13/><T101/><D101/><U38/><E38/><V125/><AGARI ba="0,0" hai="42,47,49,57,58,124,125,127" m="3463,46121" machi="125" ten="40,2700,0" yaku="18,1,13,1" doraHai="59" who="2" fromWho="2" sc="168,-7,329,-7,237,27,266,-13" owari="161,-33.9,322,42.2,264,6.4,253,-14.7" /></mjloggm>