<mjloggm ver="2.3"><GO type="225" lobby="0"/><UN n0="%E3%81%BF%E3%81%BF%E3%81%9A" n1="%E9%B3%B3%E6%9D%B1%E3%81%AE%E3%81%86%E3%81%95%E3%81%8E%E3%81%95%E3%82%93" n2="%72%65%6E%6B%75%6E" n3="%E3%81%AF%E3%82%88%E3%81%8A%E3%81%98%E3%81%95%E3%82%93" dan="17,17,17,17" rate="2295.18,2305.87,2212.45,2190.22" sx="M,M,M,M"/><TAIKYOKU oya="0"/><INIT seed="0,0,0,0,1,85" ten="250,250,250,250" oya="0" hai0="110,104,22,101,60,98,30,10,51,26,65,35,83" hai1="25,70,36,100,58,132,77,14,0,33,131,13,124" hai2="81,61,118,53,46,78,52,120,134,97,2,82,56" hai3="109,93,4,128,123,89,31,72,113,127,130,102,133"/><T111/><D51/><U11/><E70/><V48/><F120/><W23/><G23/><T135/><D135/><U103/><E36/><V16/><F134/><W63/><G31/><T34/><D83/><U6/><E77/><V116/><F2/><W18/><G18/><T112/><D10/><U38/><E38/><V114/><F114/><W96/><G4/><T88/><D112/><U54/><E132/><V126/><F126/><W87/><G63/><T91/><D22/><U7/><E124/><V32/><F32/><W95/><G133/><T24/><D26/><U5/><E131/><N who="3" m="50218" /><G127/><T47/><D47/><U3/><E3/><V86/><F97/><N who="3" m="59695" /><G113/><T90/><REACH who="0" step="1"/><D35/><REACH who="0" ten="240,250,250,250" step="2"/><U19/><E0/><V67/><F82/><N who="3" m="49399" /><G72/><T29/><D29/><U99/><E33/><V69/><REACH who="2" step="1"/><F16/><REACH who="2" ten="240,250,240,250" step="2"/><W129/><G129/><T55/><D55/><U49/><E25/><V42/><F42/><W9/><G9/><T1/><D1/><U45/><E19/><V62/><AGARI ba="0,2" hai="46,48,52,53,56,61,62,67,69,78,81,86,116,118" machi="62" ten="30,4000,0" yaku="1,1,0,1,54,1,53,0" doraHai="85" doraHaiUra="15" who="2" fromWho="2" sc="240,-20,250,-10,240,60,250,-10" /><INIT seed="1,0,0,1,5,46" ten="220,240,300,240" oya="1" hai0="40,21,66,24,67,74,83,103,44,17,122,28,33" hai1="73,20,41,43,31,12,76,18,128,131,51,45,101" hai2="98,90,133,4,39,92,112,14,78,88,132,110,113" hai3="120,121,58,87,59,62,109,81,106,1,107,80,35"/><U130/><E101/><V91/><F39/><W36/><G36/><T42/><D103/><U85/><E31/><V75/><F4/><W52/><G109/><T118/><D118/><U116/><E116/><V34/><F34/><W69/><G69/><T82/><D122/><U29/><E29/><V25/><F25/><W37/><G37/><T135/><D135/><N who="2" m="51786" /><F14/><W2/><G87/><T5/><D5/><U61/><E61/><V70/><F70/><W63/><REACH who="3" step="1"/><G35/><REACH who="3" ten="220,240,300,230" step="2"/><T32/><D32/><U68/><E68/><V26/><F110/><W104/><G104/><T38/><D74/><U65/><E73/><V15/><F75/><W72/><G72/><T115/><D115/><U57/><E85/><V23/><F78/><W77/><G77/><T86/><D82/><U84/><E84/><V6/><F112/><W49/><G49/><T64/><D40/><N who="1" m="24999" /><E76/><V134/><F113/><W9/><G9/><T11/><D11/><U55/><E43/><V8/><F134/><W56/><G56/><T60/><D86/><U47/><E41/><V89/><F98/><W119/><G119/><T71/><D83/><U129/><E129/><V126/><F92/><W99/><G99/><T79/><D79/><U53/><E47/><V105/><F105/><W50/><G50/><T97/><D97/><U96/><E96/><V111/><F111/><W10/><G10/><T100/><D100/><U114/><E114/><V48/><F48/><W27/><G27/><AGARI ba="0,1" hai="17,21,24,27,28,33,38,42,44,60,64,66,67,71" machi="27" ten="30,1000,0" yaku="7,1" doraHai="46" who="0" fromWho="3" sc="220,20,240,0,300,0,230,-10" /><INIT seed="2,0,0,5,5,109" ten="240,240,300,220" oya="2" hai0="134,108,68,11,18,94,99,116,93,27,91,41,0" hai1="126,50,38,28,8,9,114,133,53,65,118,74,32" hai2="12,78,2,96,111,90,35,1,10,7,20,110,119" hai3="84,129,46,127,125,55,67,124,76,98,122,45,123"/><V80/><F35/><W42/><G129/><T33/><D68/><U44/><E118/><V113/><F119/><W95/><G67/><T54/><D116/><U48/><E38/><V104/><F113/><W24/><G24/><T57/><D41/><U16/><E114/><V106/><F90/><N who="3" m="55671" /><G55/><T100/><D108/><N who="2" m="41514" /><F20/><W21/><G21/><N who="0" m="13751" /><D134/><U69/><E74/><N who="2" m="43095" /><F96/><W26/><G26/><T25/><D33/><U135/><E28/><V83/><F83/><N who="3" m="47207" /><G45/><T15/><D0/><AGARI ba="0,0" hai="0,1,2,7,10,12,104,106" m="43095,41514" machi="0" ten="30,2900,0" yaku="14,1,10,1" doraHai="109" who="2" fromWho="0" sc="240,-29,240,0,300,29,220,0" /><INIT seed="2,1,0,2,3,54" ten="211,240,329,220" oya="2" hai0="3,123,72,19,121,119,105,34,104,83,43,55,41" hai1="56,10,125,52,134,73,103,88,44,29,68,27,82" hai2="129,71,51,135,8,64,12,9,17,5,67,65,60" hai3="79,101,36,2,50,122,20,97,1,86,75,114,49"/><V37/><F37/><W57/><G36/><T130/><D34/><U35/><E68/><V7/><F129/><W107/><G122/><T108/><D3/><U26/><E134/><V14/><F135/><W133/><G133/><T39/><D39/><U74/><E44/><V38/><F38/><W47/><G75/><T116/><D130/><U15/><E103/><V120/><F120/><N who="0" m="46154" /><D108/><U28/><E125/><V80/><F17/><W53/><G114/><T124/><D19/><U16/><E88/><V61/><F61/><W111/><G111/><T112/><D112/><U89/><E89/><V21/><F21/><W81/><REACH who="3" step="1"/><G20/><REACH who="3" ten="211,240,329,210" step="2"/><T109/><D109/><U77/><E74/><V78/><F51/><W95/><G95/><T59/><D124/><U40/><E40/><AGARI ba="1,1" hai="1,2,40,47,49,50,53,57,79,81,86,97,101,107" machi="40" ten="30,7700,0" yaku="1,1,7,1,52,1,53,1" doraHai="54" doraHaiUra="100" who="3" fromWho="1" sc="211,0,240,-80,329,0,210,90" /><INIT seed="3,0,0,0,1,25" ten="211,160,329,300" oya="3" hai0="107,70,55,53,33,12,84,119,9,92,38,3,125" hai1="37,11,66,26,130,65,35,15,123,98,73,78,21" hai2="106,111,6,45,75,17,52,5,121,46,10,132,127" hai3="102,36,42,80,72,62,112,103,57,71,69,122,7"/><W101/><G122/><T76/><D119/><U77/><E130/><V118/><F106/><W29/><G112/><T74/><D38/><U89/><E35/><V113/><F75/><W105/><G105/><T34/><D3/><U32/><E32/><V83/><F113/><W41/><G7/><T90/><D70/><U81/><E37/><V109/><F118/><W129/><G129/><T16/><D125/><U134/><E134/><V131/><F131/><W120/><G120/><T99/><D33/><U40/><E40/><V115/><F83/><W24/><G72/><T43/><D34/><U128/><E123/><V117/><F117/><W60/><G80/><N who="0" m="45079" /><D43/><N who="3" m="16393" /><G62/><T18/><D18/><U51/><E128/><V96/><F132/><W23/><G36/><T94/><D94/><U135/><E135/><V124/><F121/><W20/><G69/><T85/><D85/><U50/><E77/><V61/><F115/><W22/><G71/><T0/><D0/><U64/><E89/><V116/><F111/><W108/><G108/><T31/><D31/><U4/><REACH who="1" step="1"/><E98/><REACH who="1" ten="211,150,329,300" step="2"/><V67/><F109/><W126/><G126/><T30/><D30/><AGARI ba="0,1" hai="4,11,15,21,26,30,50,51,64,65,66,73,78,81" machi="30" ten="40,5200,0" yaku="1,1,2,1,52,1,53,0" doraHai="25" doraHaiUra="28" who="1" fromWho="0" sc="211,-52,150,62,329,0,300,0" owari="159,-34.1,212,-18.8,329,42.9,300,10.0" /></mjloggm>