<mjloggm ver="2.3"><GO type="225" lobby="0"/><UN n0="%E3%82%82%E3%81%90%E3%82%89" n1="%E3%83%B4%E3%83%A0%EF%BC%99%E3%81%A6" n2="%E8%81%B7%E6%A5%AD%E3%80%81%E9%A2%A8%32" n3="%E6%97%A5%E6%9B%9C%E6%97%A5%E3%82%88%E3%82%8A%E3%81%AE%E4%BD%BF%E8%80%85" dan="17,17,16,17" rate="2169.68,2222.61,2109.23,2139.60" sx="M,M,M,M"/><TAIKYOKU oya="0"/><INIT seed="0,0,0,3,3,75" ten="250,250,250,250" oya="0" hai0="35,122,114,64,31,45,121,43,107,51,87,20,124" hai1="28,9,67,101,119,76,134,83,93,129,111,22,82" hai2="68,12,99,110,6,11,37,50,14,26,79,123,84" hai3="55,19,86,100,7,16,38,128,33,125,92,109,130"/><T94/><D107/><U2/><E119/><V0/><F37/><W81/><G33/><T62/><D114/><U126/><E111/><V10/><F68/><W41/><G7/><T96/><D35/><U57/><E126/><V40/><F110/><W89/><G109/><T44/><D44/><U34/><E34/><V17/><F123/><W24/><G125/><T132/><D132/><U131/><E134/><V4/><F0/><W74/><G55/><T78/><D124/><U25/><E82/><N who="2" m="47199" /><F99/><N who="3" m="59495" /><G74/><T91/><D20/><U133/><E133/><V73/><F73/><W85/><G24/><T42/><D31/><U1/><E9/><V118/><F118/><W108/><G108/><T61/><D42/><U63/><E83/><V54/><F40/><W80/><G41/><T104/><D61/><U21/><E76/><V113/><F113/><W13/><G13/><T32/><D32/><U77/><E77/><V97/><F97/><W120/><G38/><T56/><REACH who="0" step="1"/><D104/><REACH who="0" ten="240,250,250,250" step="2"/><U3/><E21/><N who="2" m="13615" /><F50/><W112/><G112/><T5/><D5/><U59/><E63/><V46/><F46/><W47/><G47/><T115/><D115/><U70/><E22/><V65/><F65/><W15/><G120/><T106/><D106/><U18/><E67/><V72/><F72/><W66/><G66/><T117/><D117/><U53/><E28/><V49/><F49/><W71/><G71/><T95/><D95/><U30/><E30/><V48/><F48/><W39/><G39/><T103/><D103/><U8/><E70/><V23/><F23/><N who="3" m="11679" /><G19/><T60/><D60/><N who="1" m="35887" /><E18/><V90/><F54/><RYUUKYOKU ba="0,1" sc="240,10,250,-30,250,10,250,10" hai0="43,45,51,56,62,64,78,87,91,94,96,121,122" hai2="4,6,10,11,12,14,90" hai3="80,81,85,86,89,128,130" /><INIT seed="0,1,1,2,2,111" ten="250,220,260,260" oya="0" hai0="74,123,80,2,5,81,107,16,85,119,23,83,106" hai1="22,3,35,54,97,92,90,7,91,17,25,40,38" hai2="135,59,9,69,36,72,12,15,114,88,124,121,55" hai3="130,93,37,109,29,75,52,98,48,95,76,104,44"/><T8/><D123/><U57/><E38/><V108/><F36/><W41/><G109/><T68/><D68/><U99/><E35/><V89/><F69/><W103/><G130/><T61/><D119/><U129/><E129/><V117/><F72/><W30/><G75/><T6/><D6/><U65/><E40/><V43/><F108/><W94/><REACH who="3" step="1"/><G76/><REACH who="3" ten="250,220,260,250" step="2"/><T19/><D74/><U47/><E3/><V14/><F121/><W67/><G67/><T4/><D2/><U118/><E118/><V128/><F117/><W113/><G113/><T79/><D79/><U18/><E65/><V1/><F114/><W26/><G26/><N who="0" m="14695" /><D107/><U60/><E7/><V39/><F1/><W63/><G63/><T13/><D106/><U115/><E115/><V32/><F128/><W0/><G0/><T122/><D122/><U133/><E133/><V120/><F135/><W28/><G28/><T56/><D85/><U105/><E105/><V77/><F120/><W33/><G33/><T49/><D49/><U62/><E62/><V134/><F77/><W11/><G11/><T73/><D73/><U84/><E17/><V86/><F9/><W58/><AGARI ba="1,2" hai="29,30,37,41,44,48,52,58,93,94,95,98,103,104" machi="58" ten="30,4000,0" yaku="1,1,0,1,54,1,53,0" doraHai="111" doraHaiUra="127" who="3" fromWho="3" sc="250,-21,220,-11,260,-11,250,63" /><INIT seed="1,0,0,3,1,110" ten="229,209,249,313" oya="1" hai0="74,24,27,127,113,106,56,44,86,125,20,88,25" hai1="108,58,22,30,129,134,78,15,19,54,48,38,62" hai2="57,7,63,0,105,6,36,29,71,114,34,98,26" hai3="93,52,43,72,122,92,95,128,117,41,46,133,31"/><U118/><E118/><V51/><F114/><W28/><G117/><T131/><D74/><U35/><E38/><V39/><F51/><N who="3" m="28791" /><G72/><T91/><D106/><U53/><E129/><V77/><F77/><W65/><G122/><T42/><D131/><U123/><E123/><V103/><F57/><W111/><G128/><T112/><D56/><U8/><E134/><V16/><F16/><W70/><G70/><T17/><D27/><U49/><E108/><V80/><F80/><W60/><G111/><T75/><D25/><U84/><E35/><V68/><F68/><W90/><G133/><T55/><D55/><U3/><E3/><V73/><F73/><W97/><G60/><T79/><D79/><U23/><E30/><N who="3" m="11306" /><G65/><T120/><D75/><U12/><E62/><V2/><F2/><W99/><G93/><N who="0" m="54423" /><D91/><AGARI ba="0,0" hai="41,43,90,91,92,95,97,99" m="11306,28791" machi="91" ten="30,2000,0" yaku="8,1,54,1" doraHai="110" who="3" fromWho="0" sc="229,-20,209,0,249,0,313,20" /><INIT seed="2,0,0,4,0,129" ten="209,209,249,333" oya="2" hai0="127,80,48,35,112,12,89,27,4,93,29,5,99" hai1="84,6,111,18,11,122,131,70,123,92,87,120,13" hai2="21,67,107,117,30,44,72,40,41,32,95,91,64" hai3="90,23,103,49,88,65,60,130,2,109,78,124,63"/><V42/><F107/><W37/><G37/><T100/><D112/><U108/><E131/><V19/><F32/><W9/><G130/><T77/><D127/><U126/><E126/><V3/><F3/><W0/><G124/><T74/><D12/><U121/><N who="1" m="30720" /><DORA hai="106" /><U118/><E118/><V79/><F30/><W10/><G103/><T82/><D48/><U52/><E70/><V68/><F117/><W116/><G78/><T53/><D53/><U81/><E92/><V55/><F72/><W31/><G23/><T101/><REACH who="0" step="1"/><D82/><REACH who="0" ten="199,209,249,333" step="2"/><U17/><E52/><V61/><F64/><W119/><G119/><T14/><D14/><U71/><E71/><V20/><F55/><W132/><G49/><T25/><D25/><U76/><REACH who="1" step="1"/><E84/><REACH who="1" ten="199,199,249,333" step="2"/><V66/><F68/><W26/><G116/><T69/><D69/><U39/><E39/><V58/><F67/><W75/><G65/><T43/><D43/><U38/><E38/><V97/><F42/><W8/><G63/><T114/><D114/><U85/><E85/><V102/><F41/><W86/><G60/><T50/><D50/><U45/><E45/><V54/><F44/><W51/><G51/><T47/><D47/><U134/><E134/><V46/><F40/><W83/><G132/><T36/><D36/><U16/><AGARI ba="0,2" hai="6,11,13,16,17,18,76,81,87,108,111" m="30720" machi="16" ten="60,8000,1" yaku="1,1,0,1,13,1,54,1,53,0" doraHai="129,106" doraHaiUra="57,125" who="1" fromWho="1" sc="199,-20,199,100,249,-40,333,-20" /><INIT seed="3,0,0,4,2,72" ten="179,299,209,313" oya="3" hai0="10,8,60,106,21,123,32,0,130,118,46,63,83" hai1="65,108,87,49,115,35,105,80,61,133,59,5,33" hai2="40,127,131,95,58,70,16,28,128,52,1,84,79" hai3="48,93,77,26,112,6,129,73,126,121,122,99,69"/><W56/><G69/><T117/><D130/><N who="2" m="49706" /><F70/><W100/><G112/><T85/><D123/><U22/><E115/><V47/><F1/><W44/><G129/><T74/><D32/><U119/><E105/><V71/><F71/><W88/><G126/><T17/><D106/><U11/><E108/><V7/><F127/><W98/><G6/><T102/><D102/><U15/><E133/><V104/><F104/><W134/><G134/><T94/><D74/><U27/><E119/><V124/><F124/><W14/><G14/><T45/><D94/><U53/><E22/><V81/><F28/><W29/><G56/><T91/><D118/><U92/><E92/><V82/><F7/><W3/><G3/><T107/><D107/><U89/><E27/><V78/><F95/><W43/><G99/><T66/><D117/><U31/><E31/><V24/><F47/><W18/><G18/><T23/><D23/><U55/><E55/><V54/><F40/><W120/><G100/><T36/><D46/><U67/><E67/><V64/><F64/><W109/><G109/><T132/><D132/><U97/><E97/><V12/><F58/><W62/><G29/><T113/><D113/><U34/><E33/><V19/><F24/><W111/><G26/><N who="0" m="14639" /><D0/><U39/><E39/><V2/><F2/><W41/><G111/><T42/><D66/><U96/><E96/><V75/><F19/><W38/><G38/><T50/><D36/><U110/><E110/><V135/><F135/><W13/><G13/><T86/><D86/><U90/><E34/><V30/><F30/><W57/><G41/><RYUUKYOKU ba="0,0" sc="179,15,299,-15,209,15,313,-15" hai0="8,10,42,45,50,60,63,83,85,91" hai2="12,16,52,54,75,78,79,81,82,84" /><INIT seed="4,1,0,4,3,67" ten="194,284,224,298" oya="0" hai0="83,16,92,18,123,39,129,63,131,81,115,95,112" hai1="93,62,61,55,64,50,133,106,46,82,58,80,22" hai2="14,9,2,107,1,77,40,119,100,19,88,69,28" hai3="5,45,132,85,108,99,21,79,56,65,94,27,86"/><T90/><D39/><U36/><E106/><V34/><F119/><W76/><G108/><T78/><D63/><U96/><E133/><V122/><F122/><W17/><G5/><T8/><D90/><U42/><E22/><V44/><F77/><N who="3" m="29771" /><G45/><T84/><D78/><U89/><REACH who="1" step="1"/><E61/><REACH who="1" ten="194,274,224,298" step="2"/><V124/><F107/><W35/><G132/><T13/><D123/><U105/><E105/><V11/><F34/><W127/><G35/><T57/><D57/><AGARI ba="1,1" hai="36,42,46,50,55,57,58,62,64,80,82,89,93,96" machi="57" ten="30,2000,0" yaku="1,1,7,1,53,0" doraHai="67" doraHaiUra="110" who="1" fromWho="0" sc="194,-23,274,33,224,0,298,0" owari="171,-32.9,307,40.7,224,-17.6,298,9.8" /></mjloggm>