<mjloggm ver="2.3"><GO type="225" lobby="0"/><UN n0="%74%61%6B%75%61%6B%61" n1="%6D%61%74%69%67%75%73%61" n2="%E3%81%86%E3%81%A9%E3%82%93%E3%81%93" n3="%4C%4F%4C%49%54%41" dan="16,17,16,16" rate="2144.93,2216.43,2182.90,2145.74" sx="M,M,M,F"/><TAIKYOKU oya="0"/><INIT seed="0,0,0,1,1,116" ten="250,250,250,250" oya="0" hai0="71,9,34,31,91,126,124,66,16,70,98,84,93" hai1="113,59,105,54,6,42,127,52,65,57,90,35,100" hai2="44,46,50,12,20,48,45,109,135,37,88,51,118" hai3="49,133,32,95,56,33,76,86,121,102,14,0,114"/><T132/><D132/><U128/><E35/><V87/><F135/><W107/><G0/><T96/><D31/><U68/><E6/><V77/><F109/><W112/><G133/><T53/><D34/><U43/><E90/><V74/><F74/><W130/><G107/><T119/><D119/><U115/><E100/><V103/><F118/><W83/><G130/><T13/><D53/><N who="1" m="20587" /><E105/><V79/><F103/><W10/><G49/><T101/><D98/><U11/><E11/><V67/><F67/><W30/><G56/><N who="1" m="21578" /><E127/><N who="0" m="48681" /><D66/><U4/><E4/><V94/><REACH who="2" step="1"/><F37/><REACH who="2" ten="250,250,240,250" step="2"/><W25/><G102/><T8/><D8/><U122/><E128/><V78/><F78/><W47/><G10/><T22/><D9/><U81/><E65/><V19/><AGARI ba="0,1" hai="12,19,20,44,45,46,48,50,51,77,79,87,88,94" machi="19" ten="40,8000,1" yaku="1,1,0,1,8,1,54,1,53,0" doraHai="116" doraHaiUra="7" who="2" fromWho="2" sc="250,-40,250,-20,240,90,250,-20" /><INIT seed="1,0,0,2,4,11" ten="210,230,330,230" oya="1" hai0="55,103,110,73,116,75,131,122,70,76,120,0,121" hai1="85,119,83,2,9,127,62,22,113,5,77,8,117" hai2="96,72,74,42,65,60,84,90,126,4,123,69,124" hai3="33,35,98,59,17,92,14,54,80,37,100,49,129"/><U47/><E113/><V104/><F123/><W15/><G37/><T52/><D116/><U111/><E127/><N who="2" m="48683" /><F42/><W18/><G129/><T7/><D131/><U66/><E111/><V45/><F45/><W39/><G39/><T6/><D110/><U114/><E114/><V56/><F4/><N who="0" m="1578" /><D0/><U3/><E8/><V32/><F32/><W102/><G102/><T28/><D70/><U67/><E2/><V53/><F96/><W108/><G108/><T71/><D71/><U12/><E47/><V79/><F79/><W86/><G17/><T63/><D103/><U64/><REACH who="1" step="1"/><E62/><REACH who="1" ten="210,220,330,230" step="2"/><N who="2" m="36111" /><F104/><W24/><G24/><T106/><D106/><U112/><E112/><V1/><F1/><W89/><REACH who="3" step="1"/><G14/><REACH who="3" ten="210,220,330,220" step="2"/><T115/><D115/><U91/><E91/><V38/><F38/><W41/><G41/><T125/><D125/><U43/><E43/><V16/><F16/><AGARI ba="0,2" hai="3,5,9,12,16,22,64,66,67,77,83,85,117,119" machi="16" ten="40,7700,0" yaku="1,1,52,1,54,1,53,0" doraHai="11" doraHaiUra="130" who="1" fromWho="2" sc="210,0,220,97,330,-77,220,0" /><INIT seed="1,1,0,0,3,57" ten="210,317,253,220" oya="1" hai0="58,26,99,55,101,113,48,0,51,49,2,25,131" hai1="117,100,47,33,34,111,127,85,80,84,3,27,20" hai2="132,66,41,1,46,102,24,13,43,119,9,30,52" hai3="14,87,107,116,62,56,28,22,11,61,6,53,122"/><U118/><E3/><V35/><F119/><W50/><G122/><T95/><D113/><U59/><E127/><V54/><F132/><W18/><G107/><T123/><D123/><U104/><E47/><V31/><F31/><W36/><G36/><T105/><D105/><U114/><E114/><V60/><F1/><W82/><G28/><T45/><D131/><U72/><E72/><V29/><F102/><W108/><G108/><T40/><D0/><U103/><E59/><V7/><F30/><W96/><G96/><T86/><D2/><U68/><E68/><V78/><F78/><W73/><G73/><T15/><D86/><U23/><E104/><V94/><F94/><W38/><G38/><T106/><D106/><U75/><E75/><V79/><F79/><N who="3" m="46559" /><G116/><T120/><D120/><U16/><E27/><AGARI ba="1,0" hai="6,11,14,18,22,27,50,53,56,61,62" m="46559" machi="27" ten="30,3900,0" yaku="8,1,52,2" doraHai="57" who="3" fromWho="1" sc="210,0,317,-42,253,0,220,42" /><INIT seed="2,0,0,4,4,44" ten="210,275,253,262" oya="2" hai0="115,109,85,34,52,68,24,60,113,74,18,101,62" hai1="30,86,102,25,93,3,19,16,17,122,41,33,132" hai2="127,125,8,23,47,49,104,61,71,120,119,77,91" hai3="12,107,39,99,28,90,15,114,5,105,50,84,51"/><V128/><F119/><W73/><G73/><T22/><D74/><U88/><E132/><V124/><F120/><W89/><G39/><T98/><D109/><U58/><E122/><V56/><F71/><W59/><G114/><T87/><D34/><U26/><E3/><V110/><F110/><W14/><G5/><T64/><D115/><U10/><E41/><V55/><F128/><W9/><G9/><T63/><D113/><U96/><E58/><V11/><F104/><W103/><G28/><T66/><D62/><U27/><REACH who="1" step="1"/><E10/><REACH who="1" ten="210,265,253,262" step="2"/><V54/><F77/><W126/><G59/><T20/><D20/><U67/><E67/><V112/><F112/><W131/><G131/><T13/><D52/><U133/><E133/><V40/><F55/><W111/><G111/><T48/><D64/><U45/><E45/><V21/><F21/><W95/><G126/><T57/><D57/><U92/><AGARI ba="0,1" hai="16,17,19,25,26,27,30,33,86,88,92,93,96,102" machi="92" ten="30,7900,0" yaku="1,1,0,1,54,2,53,0" doraHai="44" doraHaiUra="123" who="1" fromWho="1" sc="210,-20,265,89,253,-39,262,-20" /><INIT seed="3,0,0,4,3,29" ten="190,354,214,242" oya="3" hai0="13,103,36,83,88,21,113,33,96,18,51,92,132" hai1="27,2,123,95,104,73,110,41,15,134,0,101,119" hai2="115,117,116,122,79,37,28,82,47,14,54,55,40" hai3="6,24,94,58,3,129,135,42,67,86,124,65,114"/><W98/><G114/><T25/><D36/><U4/><E95/><V17/><F115/><W8/><G124/><T106/><D113/><U44/><E27/><V108/><F108/><W12/><G129/><T93/><D132/><U89/><E89/><V66/><F28/><W32/><G135/><T11/><D33/><U43/><E123/><V61/><F122/><W30/><G42/><T62/><D62/><U69/><E15/><V64/><F117/><W102/><G58/><T109/><D109/><U60/><E101/><V70/><F66/><W68/><G68/><T45/><D83/><U46/><E46/><V111/><F111/><W130/><G130/><T77/><D77/><U75/><E60/><V85/><F116/><W9/><REACH who="3" step="1"/><G86/><REACH who="3" ten="190,354,214,232" step="2"/><T52/><REACH who="0" step="1"/><D88/><REACH who="0" ten="180,354,214,232" step="2"/><U118/><E134/><V35/><F35/><W91/><G91/><T127/><D127/><U100/><E119/><V71/><F71/><W19/><AGARI ba="0,2" hai="3,6,8,9,12,19,24,30,32,65,67,94,98,102" machi="19" ten="20,7800,0" yaku="1,1,0,1,7,1,52,1,53,0" doraHai="29" doraHaiUra="126" who="3" fromWho="3" sc="180,-26,354,-26,214,-26,232,98" owari="154,-34.6,328,12.8,188,-21.2,330,43.0" /></mjloggm>