<mjloggm ver="2.3"><GO type="225" lobby="0"/><UN n0="%E3%81%82%E3%83%BC%E3%81%97" n1="%E4%B8%8B%E6%AE%B5%E3%83%81%E3%82%A7%E3%83%AA%E3%83%BC" n2="%E4%B8%89%E5%86%A0%E7%8E%8B%E3%83%BB%E5%B1%B1%E7%94%B0%E5%93%B2%E4%BA%BA" n3="%E6%A1%9C%E8%8A%B1%E9%96%83%E3%80%85" dan="16,16,16,16" rate="2116.88,2141.98,2140.05,2107.64" sx="M,M,M,M"/><TAIKYOKU oya="0"/><INIT seed="0,0,0,0,2,81" ten="250,250,250,250" oya="0" hai0="61,45,48,91,131,11,71,43,83,68,115,95,52" hai1="39,34,112,100,121,6,10,38,30,46,126,64,119" hai2="96,16,123,127,41,87,55,29,60,77,79,129,134" hai3="50,57,98,37,97,3,5,35,44,13,47,80,128"/><T93/><D115/><U78/><E119/><V56/><F123/><W66/><G3/><T82/><D131/><U120/><E112/><V107/><F129/><W103/><G35/><T22/><D71/><U54/><E64/><V84/><F29/><W69/><G44/><T15/><D22/><U23/><E126/><V122/><F122/><W32/><G37/><T36/><D95/><U17/><E100/><V88/><F127/><W116/><G32/><T62/><D68/><U21/><E21/><V111/><F111/><W8/><G69/><T2/><D2/><N who="1" m="343" /><E78/><N who="2" m="29707" /><F134/><W58/><G116/><T75/><D75/><U28/><E28/><V42/><F107/><W92/><G66/><T76/><D76/><U59/><E46/><V4/><F4/><W14/><G128/><T0/><D0/><U124/><E124/><V31/><F31/><W86/><G14/><T63/><D43/><N who="2" m="16394" /><F16/><N who="3" m="8231" /><G98/><N who="0" m="57663" /><D36/><U51/><E38/><V101/><F101/><W117/><G5/><AGARI ba="0,0" hai="5,11,15,45,48,52,61,62,63,82,83" m="57663" machi="5" ten="30,2900,0" yaku="8,1,54,1" doraHai="81" who="0" fromWho="3" sc="250,29,250,0,250,0,250,-29" /><INIT seed="0,1,0,5,2,96" ten="279,250,250,221" oya="0" hai0="87,45,79,43,65,35,120,61,67,89,59,14,58" hai1="36,20,51,40,128,109,3,1,50,123,105,76,5" hai2="85,91,104,135,68,70,114,12,108,132,31,106,127" hai3="56,126,80,30,130,26,115,44,39,73,90,100,97"/><T101/><D120/><U112/><E105/><V74/><F74/><W33/><G115/><T8/><D35/><U125/><E76/><V111/><F31/><W93/><G126/><T71/><D79/><U4/><E20/><V48/><F114/><W9/><G130/><T110/><D110/><N who="2" m="42026" /><F127/><W129/><G129/><T13/><D13/><U25/><E109/><V16/><F48/><W29/><G29/><T24/><D24/><U75/><E75/><V34/><F34/><W122/><G122/><T113/><D113/><U7/><E7/><V116/><F116/><W134/><G134/><N who="2" m="51241" /><F106/><W28/><G28/><T78/><D78/><U49/><E112/><V53/><F53/><W11/><G73/><T69/><D67/><U95/><E125/><V23/><F104/><W57/><G39/><T77/><D77/><U103/><E50/><V19/><F19/><W131/><G44/><T22/><D71/><U82/><E36/><V99/><F99/><W2/><G131/><T17/><D8/><U38/><E38/><V86/><F86/><N who="3" m="50503" /><G11/><T0/><D45/><U64/><E128/><V15/><F15/><W102/><G57/><T47/><D59/><U10/><E123/><V119/><F119/><W6/><G56/><T94/><D58/><U117/><E117/><V63/><F63/><W42/><G42/><T83/><D83/><AGARI ba="1,0" hai="12,16,23,68,70,83,85,91" m="51241,42026" machi="83" ten="30,3900,0" yaku="14,1,20,1,54,1" doraHai="96" who="2" fromWho="0" sc="279,-42,250,0,250,42,221,0" /><INIT seed="1,0,0,2,1,16" ten="237,250,292,221" oya="1" hai0="6,102,21,129,71,65,47,94,96,84,115,122,95" hai1="49,17,2,114,66,44,81,19,90,12,0,25,34" hai2="123,39,117,51,10,1,107,45,110,11,24,93,99" hai3="72,82,77,70,56,112,105,101,14,67,15,26,31"/><U4/><E114/><V133/><F107/><W74/><G112/><T79/><D115/><U20/><E66/><V106/><F106/><W52/><G74/><T109/><D129/><U35/><E35/><V100/><F39/><W125/><G125/><T50/><D6/><U126/><E126/><V131/><F117/><W76/><G76/><T54/><D109/><U113/><E113/><V41/><F123/><W13/><G67/><T7/><D7/><U5/><E0/><V121/><F1/><W128/><G70/><T29/><D122/><U135/><E135/><V134/><F110/><W118/><G128/><T38/><D38/><U58/><E58/><V92/><F121/><W111/><G118/><T120/><D120/><U88/><E2/><V3/><F131/><W116/><G116/><T127/><D127/><U64/><E64/><V130/><F130/><W28/><G111/><T22/><D29/><U8/><E34/><V46/><F3/><W60/><REACH who="3" step="1"/><G26/><REACH who="3" ten="237,250,292,211" step="2"/><T83/><D71/><U53/><E90/><V30/><F134/><W48/><G48/><T42/><D65/><U87/><AGARI ba="0,1" hai="4,5,8,12,17,19,20,25,44,49,53,81,87,88" machi="87" ten="30,18000,2" yaku="0,1,25,2,8,1,52,1,54,1" doraHai="16" who="1" fromWho="1" sc="237,-60,250,190,292,-60,211,-60" /><INIT seed="1,1,0,4,1,30" ten="177,440,232,151" oya="1" hai0="126,52,131,31,23,127,7,128,86,45,13,82,27" hai1="135,106,26,83,9,134,124,95,51,120,123,33,91" hai2="32,12,46,60,67,3,72,125,74,8,38,11,121" hai3="117,78,34,100,110,17,102,59,20,122,65,89,22"/><U111/><E106/><V25/><F121/><W44/><G122/><T70/><D70/><U56/><E124/><N who="0" m="47657" /><D45/><U77/><E9/><V66/><F66/><W5/><G110/><T114/><D114/><U2/><E2/><V69/><F11/><W132/><G132/><N who="1" m="50730" /><E111/><V87/><F8/><W118/><G78/><T43/><D43/><U48/><E48/><V10/><F10/><W79/><G79/><N who="0" m="46431" /><D7/><U73/><E51/><V75/><F38/><W36/><G44/><T24/><D13/><U58/><E58/><V35/><F12/><W6/><G59/><T88/><D52/><U84/><E56/><V112/><F125/><W107/><G65/><T97/><D27/><U76/><E76/><V49/><F25/><W93/><G36/><T115/><D115/><U4/><E4/><V129/><F3/><W42/><G42/><T94/><AGARI ba="1,0" hai="23,24,31,88,94,97,128,131" m="46431,47657" machi="94" ten="30,2000,0" yaku="18,1,54,1" doraHai="30" who="0" fromWho="0" sc="177,23,440,-11,232,-6,151,-6" /><INIT seed="2,0,0,1,0,3" ten="200,429,226,145" oya="2" hai0="104,124,32,74,97,91,11,5,22,65,89,0,30" hai1="113,51,108,58,73,41,131,127,92,50,35,21,20" hai2="84,2,18,53,114,129,98,110,27,26,103,43,44" hai3="38,134,62,63,120,133,66,60,71,94,55,105,90"/><V126/><F114/><W67/><G105/><T72/><D124/><U101/><E73/><V111/><F126/><W28/><G28/><T112/><D112/><U100/><E35/><V47/><F129/><W33/><G33/><T34/><D65/><U64/><E113/><V56/><F2/><W59/><G120/><T39/><D39/><U40/><E64/><V115/><F84/><W52/><G38/><T10/><D34/><U37/><E37/><V75/><F75/><W135/><REACH who="3" step="1"/><G60/><REACH who="3" ten="200,429,226,135" step="2"/><T96/><D104/><U46/><E127/><V42/><F115/><W132/><N who="3" m="33792" /><DORA hai="1" /><W106/><G106/><T15/><D32/><U109/><E131/><V121/><F121/><W61/><G61/><T107/><D107/><U54/><E51/><N who="2" m="30783" /><F111/><W57/><G57/><T24/><D74/><U99/><E108/><V93/><F110/><W19/><G19/><T70/><D72/><U117/><E109/><V14/><F47/><W77/><G77/><T48/><D70/><U6/><E46/><V68/><F68/><W86/><AGARI ba="0,1" hai="52,55,59,62,63,66,67,71,86,90,94" m="33792" machi="86" ten="60,12000,2" yaku="1,1,0,1,20,1,54,1,53,2" doraHai="3,1" doraHaiUra="88,80" who="3" fromWho="3" sc="200,-30,429,-30,226,-60,135,130" /><INIT seed="3,0,0,3,3,44" ten="170,399,166,265" oya="3" hai0="22,117,37,76,91,43,17,62,40,69,18,29,75" hai1="105,16,122,50,114,36,12,20,54,85,82,78,13" hai2="21,39,3,129,100,128,119,14,90,11,89,32,56" hai3="81,47,72,66,15,83,86,107,87,63,109,110,111"/><W133/><G15/><T28/><D117/><U64/><E122/><V38/><F32/><W96/><G47/><T67/><D75/><U1/><E1/><V10/><F119/><W5/><G5/><T99/><D76/><U130/><E36/><N who="2" m="13867" /><F100/><N who="3" m="62855" /><G63/><T53/><D18/><U68/><E105/><V104/><F104/><W120/><G66/><T134/><D134/><U7/><E114/><V73/><F73/><W58/><G58/><T70/><D69/><U27/><E68/><V48/><F21/><W57/><G57/><N who="0" m="35119" /><D37/><U132/><E64/><V30/><F30/><N who="0" m="11882" /><D67/><U4/><E4/><N who="2" m="1311" /><F56/><W123/><G133/><T6/><D6/><U45/><E7/><N who="2" m="3455" /><F48/><W49/><G49/><T125/><D125/><U124/><E132/><V92/><F92/><W42/><G42/><T112/><D112/><U116/><E124/><V103/><F103/><W61/><G61/><T60/><D60/><U71/><E71/><V101/><F101/><W118/><G118/><T113/><D113/><U8/><E116/><V88/><F89/><N who="3" m="51407" /><G72/><T23/><D70/><U35/><E35/><V108/><F108/><W41/><G41/><N who="0" m="15947" /><D17/><U31/><E12/><V80/><F80/><W94/><G94/><AGARI ba="0,0" hai="22,23,91,94,99" m="15947,11882,35119" machi="94" ten="30,1000,0" yaku="8,1" doraHai="44" who="0" fromWho="3" sc="170,10,399,0,166,0,265,-10" owari="180,-22.0,399,49.9,166,-33.4,255,5.5" /></mjloggm>