<mjloggm ver="2.3"><GO type="225" lobby="0"/><UN n0="%E5%8F%AF%E5%85%90%E9%82%A3%E7%94%B1%E5%A4%9A" n1="%E3%81%A8%E3%82%93%E3%81%A8%E3%81%93%E3%81%A8%E3%82%93" n2="%E3%82%B2%E3%82%B9%E8%8C%82%E5%8B%9D" n3="%72%69%6F%75%63%68%61%6E" dan="17,16,16,17" rate="2227.95,2118.52,2055.56,2147.11" sx="F,F,F,M"/><TAIKYOKU oya="0"/><INIT seed="0,0,0,2,2,60" ten="250,250,250,250" oya="0" hai0="71,74,38,109,127,37,30,42,18,128,57,24,55" hai1="84,134,86,79,49,95,66,32,124,76,56,14,135" hai2="112,61,46,40,25,78,113,132,103,31,121,54,41" hai3="108,51,123,117,73,126,91,21,19,3,104,48,88"/><T67/><D74/><U33/><E14/><V17/><F121/><W81/><G117/><T52/><D18/><U0/><E0/><V65/><F132/><N who="1" m="50729" /><E124/><V39/><F40/><W69/><G126/><T96/><D127/><U70/><E70/><V45/><F17/><W122/><G108/><T111/><D128/><U82/><E49/><N who="3" m="19018" /><G104/><T87/><D71/><U20/><E20/><V97/><F78/><N who="3" m="44239" /><G3/><T22/><D87/><U110/><E110/><N who="0" m="41993" /><D96/><U98/><E86/><V101/><F54/><N who="0" m="20522" /><D42/><U120/><E76/><V131/><F131/><W44/><G69/><T43/><D43/><U118/><E118/><V93/><F45/><W72/><G44/><T28/><D28/><U1/><E1/><V27/><F103/><W53/><G53/><T36/><D36/><U106/><E106/><V58/><REACH who="2" step="1"/><F25/><REACH who="2" ten="250,250,240,250" step="2"/><N who="3" m="14527" /><G72/><T6/><D6/><U125/><E120/><AGARI ba="0,1" hai="88,91,120,122,123" m="14527,44239,19018" machi="120" ten="30,2000,0" yaku="13,1,54,1" doraHai="60" who="3" fromWho="1" sc="250,0,250,-20,240,0,250,30" /><INIT seed="1,0,0,2,4,121" ten="250,230,240,280" oya="1" hai0="4,65,23,92,120,111,25,105,9,130,72,66,91" hai1="53,78,117,58,81,16,41,95,108,40,12,131,0" hai2="15,69,87,76,113,49,127,86,96,36,46,34,54" hai3="67,8,45,79,88,21,6,64,116,37,110,125,123"/><U75/><E117/><V28/><F127/><W17/><G110/><T27/><D105/><U3/><E131/><V62/><F113/><W134/><G123/><T55/><D120/><U60/><E95/><V124/><F124/><W18/><G125/><T100/><D72/><U90/><E90/><V2/><F2/><W109/><G109/><T61/><D100/><U98/><E98/><V14/><F36/><W101/><G116/><T1/><D130/><U59/><E108/><V104/><F87/><W11/><G134/><T71/><D111/><U42/><REACH who="1" step="1"/><E59/><REACH who="1" ten="250,220,240,280" step="2"/><V29/><F96/><W13/><G88/><T43/><D92/><U44/><E44/><V94/><F94/><W35/><G45/><T89/><D91/><U48/><E48/><V82/><F49/><W10/><G37/><T52/><D89/><U31/><E31/><V26/><F46/><W50/><G50/><T122/><D122/><U93/><E93/><V32/><F104/><W19/><G101/><T33/><D43/><U135/><E135/><V24/><F69/><W56/><G56/><AGARI ba="0,1" hai="14,15,24,26,28,29,32,34,54,56,62,76,82,86" machi="56" ten="40,1300,0" yaku="9,1" doraHai="121" who="2" fromWho="3" sc="250,0,220,0,240,23,280,-13" /><INIT seed="2,0,0,2,2,28" ten="250,220,263,267" oya="2" hai0="14,101,33,68,116,45,97,81,107,85,51,121,13" hai1="44,78,52,65,6,67,106,105,126,108,84,95,5" hai2="103,96,36,98,58,114,82,59,75,62,61,117,47" hai3="11,54,57,30,66,100,41,42,56,135,129,122,131"/><V38/><F114/><W87/><G122/><T125/><D121/><U91/><E108/><V27/><F117/><W49/><G135/><T10/><D68/><U76/><E126/><V73/><F27/><W1/><G100/><T119/><D125/><U46/><E95/><V110/><F103/><W118/><G118/><N who="0" m="45099" /><D10/><U112/><E84/><V88/><F110/><W39/><G30/><T89/><D33/><U31/><E31/><V29/><F29/><W92/><G39/><T40/><AGARI ba="0,0" hai="13,14,40,45,51,81,85,89,97,101,107" m="45099" machi="40" ten="30,1100,0" yaku="12,1" doraHai="28" who="0" fromWho="0" sc="250,11,220,-3,263,-5,267,-3" /><INIT seed="3,0,0,0,1,63" ten="261,217,258,264" oya="3" hai0="65,10,73,88,93,3,19,111,113,99,6,35,122" hai1="118,31,58,61,39,62,94,83,1,130,11,21,72" hai2="121,80,133,53,34,85,87,52,123,9,114,105,129" hai3="107,109,134,95,81,75,60,49,0,66,84,2,25"/><W5/><G107/><T56/><D122/><N who="2" m="46602" /><F114/><W46/><G134/><T59/><D73/><U28/><E130/><V12/><F34/><W79/><G5/><T68/><D35/><U131/><E131/><V116/><F116/><W4/><G4/><T108/><D113/><U98/><E39/><V14/><F129/><W106/><G106/><T42/><D42/><U8/><E118/><V37/><F37/><W120/><G120/><T64/><D68/><U44/><E44/><V67/><F105/><W47/><G47/><T16/><D56/><U124/><E124/><V30/><F30/><W27/><G109/><N who="0" m="42059" /><D59/><U97/><E1/><V78/><F133/><W70/><G0/><T74/><D74/><U50/><E72/><V126/><F87/><W23/><G2/><T48/><D48/><U117/><E117/><V103/><F103/><W32/><G32/><T112/><D112/><U22/><E50/><V24/><F24/><W135/><G135/><T41/><D41/><U128/><E128/><V102/><F102/><W29/><G25/><T18/><AGARI ba="0,0" hai="3,6,10,16,18,19,64,65,88,93,99" m="42059" machi="18" ten="30,8000,1" yaku="14,1,52,2,54,2" doraHai="63" who="0" fromWho="0" sc="261,80,217,-20,258,-20,264,-40" owari="341,44.1,197,-30.3,238,3.8,224,-17.6" /></mjloggm>