<mjloggm ver="2.3"><GO type="225" lobby="0"/><UN n0="%E5%B8%86%E7%AB%8B%E5%A4%8F%E8%A1%A3" n1="%E3%81%9F%E3%81%93%E2%98%86%E7%84%BC%E3%81%8D" n2="%E5%A4%96%E5%B7%9D%E7%AB%9C%E6%88%90" n3="%6D%75%75%6D%75%72%61" dan="17,16,16,16" rate="2166.08,2095.61,2090.29,2151.04" sx="M,M,M,F"/><TAIKYOKU oya="0"/><INIT seed="0,0,0,3,3,27" ten="250,250,250,250" oya="0" hai0="45,38,122,115,74,48,0,52,117,14,134,62,67" hai1="40,91,53,7,77,135,82,16,65,100,22,51,23" hai2="90,107,109,94,89,123,118,120,131,54,34,102,113" hai3="64,28,68,50,86,4,84,66,42,17,69,108,35"/><T20/><D115/><U126/><E7/><V132/><F34/><W76/><G4/><T55/><D117/><U85/><E100/><V114/><F54/><W103/><G17/><T106/><D122/><N who="2" m="46634" /><F131/><W99/><G108/><T129/><D134/><U96/><E126/><V112/><F132/><W18/><G18/><N who="0" m="10327" /><D106/><U5/><E5/><V57/><F57/><W43/><G50/><N who="0" m="28751" /><D74/><U1/><E65/><V60/><F60/><W124/><G124/><T26/><D0/><U8/><E40/><V63/><F63/><W59/><G35/><T13/><D38/><U79/><E1/><V105/><F118/><W133/><G133/><T11/><D26/><U127/><E8/><V41/><F41/><W92/><G69/><T121/><D121/><U72/><E22/><V56/><F56/><W116/><G68/><T58/><D129/><U33/><E72/><V75/><F75/><W71/><G71/><T80/><D80/><U19/><E19/><V44/><F44/><W104/><G116/><T95/><D95/><N who="1" m="56447" /><E33/><V98/><F109/><W97/><G43/><T61/><D67/><U36/><E36/><V32/><F32/><W110/><G42/><T130/><D130/><U128/><E128/><V6/><F6/><AGARI ba="0,0" hai="6,11,13,48,55,58,61,62" m="28751,10327" machi="6" ten="30,2900,0" yaku="8,1,54,1" doraHai="27" who="0" fromWho="2" sc="250,29,250,0,250,-29,250,0" /><INIT seed="0,1,0,4,5,86" ten="279,250,221,250" oya="0" hai0="11,29,126,46,125,121,56,81,41,6,49,73,103" hai1="51,111,80,57,97,47,25,62,83,4,65,131,27" hai2="82,74,105,24,55,76,96,18,22,106,85,100,31" hai3="64,79,9,116,115,52,119,60,109,95,122,54,63"/><T32/><D103/><U70/><E111/><V34/><F55/><W8/><G115/><T113/><D113/><U99/><E131/><V128/><F128/><W104/><G104/><T16/><D121/><U98/><E4/><V90/><F106/><W13/><G79/><T38/><D32/><U84/><E83/><V42/><F42/><W102/><G109/><T67/><D29/><U135/><E70/><V89/><REACH who="2" step="1"/><F74/><REACH who="2" ten="279,250,211,250" step="2"/><W36/><G54/><N who="0" m="31823" /><D67/><U110/><E110/><V7/><F7/><W43/><G43/><T39/><D39/><U17/><E135/><V129/><F129/><W21/><G36/><T120/><D120/><U2/><E65/><V45/><F45/><W14/><G122/><T107/><D107/><U68/><E47/><V1/><F1/><W61/><G52/><T33/><D38/><U12/><E2/><V3/><F3/><W130/><G64/><T15/><D41/><U93/><E51/><V37/><F37/><W75/><G130/><T40/><D46/><U23/><E62/><V53/><F53/><W132/><G75/><T72/><D40/><U124/><E68/><V69/><F69/><W30/><G132/><T133/><D133/><U108/><E108/><V94/><F94/><W58/><G63/><T134/><D134/><U117/><E93/><V118/><F118/><W26/><G61/><T44/><D44/><U19/><E117/><V10/><F10/><N who="3" m="4203" /><G119/><T5/><D73/><U77/><E57/><V48/><F48/><W123/><G116/><T71/><D71/><U112/><E112/><V0/><F0/><W127/><G60/><RYUUKYOKU ba="1,1" sc="279,-10,250,-10,211,30,250,-10" hai2="18,22,24,31,34,76,82,85,89,90,96,100,105" /><INIT seed="1,2,1,1,1,44" ten="269,240,241,240" oya="1" hai0="10,11,46,14,29,43,65,32,73,31,107,130,13" hai1="62,55,66,129,12,57,71,56,83,26,127,112,72" hai2="19,121,118,110,105,92,30,52,111,84,28,35,103" hai3="128,18,58,8,25,93,61,36,126,78,77,119,49"/><U104/><E104/><V50/><F118/><W99/><G36/><T87/><D130/><U125/><E129/><V132/><F121/><W45/><G128/><T74/><D65/><U94/><E26/><V59/><F132/><W86/><G126/><N who="1" m="48138" /><E112/><V40/><F35/><W4/><G119/><T63/><D107/><U64/><E12/><V27/><F40/><W67/><G86/><T69/><D69/><U53/><E94/><V33/><F105/><W0/><G18/><T15/><D63/><N who="1" m="40351" /><E83/><V42/><F42/><W98/><G25/><T76/><D32/><U91/><E91/><V102/><F30/><N who="0" m="11274" /><D74/><U54/><E72/><V7/><F7/><W109/><G109/><N who="2" m="41481" /><F19/><W60/><G99/><T9/><D73/><U131/><E131/><V108/><N who="2" m="41489" /><V106/><DORA hai="16" /><F106/><W38/><G78/><T135/><D135/><U116/><E116/><V96/><F84/><W68/><G77/><T39/><D87/><U124/><N who="1" m="48146" /><U134/><DORA hai="23" /><E134/><V70/><F70/><AGARI ba="2,1" hai="53,54,55,56,57,62,66,70" m="40351,48146" machi="70" ten="40,7700,0" yaku="18,1,34,2" doraHai="44,16,23" who="1" fromWho="2" sc="269,0,240,93,241,-83,240,0" /><BYE who="3" /><UN n3="%6D%75%75%6D%75%72%61" /><INIT seed="1,3,0,0,4,63" ten="269,333,158,240" oya="1" hai0="96,6,50,14,10,54,129,70,126,62,3,128,103" hai1="17,97,55,51,117,44,88,61,21,33,110,12,74" hai2="89,16,20,108,67,26,104,99,101,130,22,52,119" hai3="66,115,120,49,71,109,48,83,77,80,100,69,116"/><U124/><E74/><V40/><F119/><W35/><G115/><T13/><D126/><U58/><E33/><V57/><F108/><W95/><G120/><T76/><D76/><U43/><E117/><V7/><F130/><N who="0" m="50282" /><D62/><U56/><E124/><V2/><F40/><W39/><G39/><T118/><D70/><U135/><E135/><V111/><F111/><W32/><G109/><T11/><D11/><U37/><E110/><V78/><F78/><W112/><G77/><T94/><D118/><U8/><E58/><AGARI ba="3,0" hai="3,6,10,13,14,50,54,58,94,96,103" m="50282" machi="58" ten="30,1000,0" yaku="19,1" doraHai="63" who="0" fromWho="1" sc="269,19,333,-19,158,0,240,0" /><INIT seed="2,0,0,0,3,58" ten="288,314,158,240" oya="2" hai0="118,80,44,3,46,110,29,100,48,131,123,31,21" hai1="84,43,120,28,57,27,79,125,127,40,66,87,17" hai2="122,107,98,124,135,55,128,11,5,74,30,20,62" hai3="22,33,115,70,132,65,45,54,69,41,126,35,97"/><V53/><F122/><W37/><G132/><T13/><D3/><U88/><E84/><V117/><F117/><W63/><G126/><T103/><D110/><U8/><E79/><V121/><F121/><W134/><G134/><T104/><D131/><U25/><E25/><N who="2" m="16679" /><F74/><W64/><G115/><T106/><D123/><U71/><E71/><V9/><F135/><W12/><G54/><N who="2" m="20489" /><F128/><W112/><G97/><T36/><D118/><U15/><E120/><V32/><F32/><W133/><G133/><T1/><D1/><U19/><E19/><V130/><F130/><W52/><G112/><T0/><D0/><U111/><E111/><V99/><F124/><W4/><G35/><T77/><D31/><U50/><E28/><V2/><F107/><W73/><G33/><T119/><D29/><U38/><E27/><V42/><F42/><W83/><G70/><T49/><D119/><U116/><E40/><V95/><F95/><W6/><G69/><T86/><D36/><U108/><E38/><V102/><F102/><N who="0" m="38954" /><D106/><U51/><E43/><V14/><F62/><W24/><G24/><T90/><D104/><U85/><E116/><V81/><F81/><W93/><G93/><T72/><D72/><U113/><E113/><V68/><F68/><W26/><G26/><T56/><D77/><U60/><E108/><V18/><F2/><W91/><G73/><T67/><D67/><U109/><E109/><V61/><F61/><W39/><G39/><T105/><D105/><U23/><E127/><V10/><F5/><N who="3" m="2155" /><G65/><T92/><D92/><N who="1" m="54287" /><E125/><V78/><F78/><W94/><G37/><RYUUKYOKU ba="0,0" sc="288,-10,314,-10,158,30,240,-10" hai2="9,10,11,14,18,98,99" /><INIT seed="2,1,0,4,1,67" ten="278,304,188,230" oya="2" hai0="112,75,69,86,0,96,92,41,54,85,52,15,10" hai1="101,38,70,109,44,32,119,127,45,108,36,107,134" hai2="63,39,103,74,79,59,24,121,87,43,82,29,2" hai3="61,8,53,14,130,94,57,35,34,19,11,72,135"/><V73/><F121/><W91/><G72/><T40/><D75/><U84/><E84/><N who="0" m="32361" /><D69/><U21/><E21/><V104/><F2/><W116/><G116/><T89/><D0/><U37/><E32/><V23/><F104/><W111/><G111/><T80/><D80/><U125/><E119/><V133/><F133/><W9/><G135/><T16/><D112/><U7/><E7/><V60/><F60/><W131/><G35/><T27/><D27/><U106/><E101/><V90/><F90/><W55/><G34/><T62/><D54/><U110/><E134/><V120/><F120/><W1/><G55/><T30/><D30/><U99/><E99/><V105/><F43/><W13/><G1/><T77/><D77/><U122/><E70/><V123/><F39/><W3/><G3/><T5/><D5/><U132/><E122/><V49/><F49/><W93/><G19/><T50/><D62/><U100/><E100/><V18/><F18/><W71/><G71/><T28/><D28/><U42/><E132/><V95/><F105/><N who="1" m="39945" /><E42/><V78/><F78/><W115/><G91/><T68/><D68/><U12/><E12/><N who="3" m="4714" /><G115/><T20/><D20/><U76/><E76/><V88/><F123/><W83/><G83/><T17/><D17/><U4/><E4/><V117/><F117/><W51/><G61/><T97/><D97/><U22/><E22/><V98/><REACH who="2" step="1"/><F79/><REACH who="2" ten="278,304,178,230" step="2"/><W118/><G118/><T33/><D41/><U31/><E36/><V126/><F126/><W81/><G51/><T47/><D40/><U129/><E37/><V102/><F102/><W48/><G48/><RYUUKYOKU ba="1,1" sc="278,15,304,-15,178,15,230,-15" hai0="10,15,16,33,47,50,52,89,92,96" hai2="23,24,29,59,63,73,74,82,87,88,95,98,103" /><INIT seed="2,2,1,1,4,67" ten="293,289,193,215" oya="2" hai0="99,62,112,106,95,26,4,129,27,113,115,69,9" hai1="80,102,49,124,0,116,10,86,96,2,71,78,21" hai2="18,119,84,126,54,41,105,43,50,127,63,110,117" hai3="36,120,65,73,114,17,40,74,123,109,85,94,30"/><V93/><F105/><W57/><G109/><T133/><D106/><U92/><E116/><N who="2" m="44619" /><F93/><W87/><G30/><T103/><D133/><U22/><E71/><V47/><F84/><W58/><G65/><T135/><D135/><U14/><E124/><N who="2" m="47659" /><F18/><W31/><G31/><T19/><D19/><U90/><E0/><V64/><F110/><W70/><G17/><T60/><D129/><U12/><E14/><V8/><F8/><W28/><G28/><T33/><D33/><U45/><E2/><V125/><N who="2" m="47667" /><V13/><DORA hai="23" /><F13/><W20/><G94/><T134/><D134/><U32/><E32/><V35/><F35/><W108/><G108/><T66/><REACH who="0" step="1"/><D62/><REACH who="0" ten="283,289,193,215" step="2"/><U128/><E128/><V37/><F37/><W75/><G36/><T76/><D76/><U39/><E78/><V24/><F24/><W131/><G131/><T91/><D91/><U52/><E39/><V7/><F7/><AGARI ba="2,2" hai="7,10,12,21,22,45,49,52,80,86,90,92,96,102" machi="7" ten="30,3900,0" yaku="7,1,8,1,54,1" doraHai="67,23" who="1" fromWho="2" sc="283,0,289,65,193,-45,215,0" /><INIT seed="3,0,0,1,3,60" ten="283,354,148,215" oya="3" hai0="33,1,110,13,8,29,59,75,133,122,77,91,38" hai1="116,94,87,86,25,28,15,32,10,105,45,9,39" hai2="42,61,93,50,134,69,117,55,48,98,129,120,30" hai3="130,100,14,52,111,22,118,56,51,119,74,76,131"/><W99/><G74/><T4/><D122/><U124/><E105/><V36/><F30/><W27/><G14/><T125/><D125/><U112/><E9/><V101/><F117/><W21/><G76/><T63/><D110/><U92/><E94/><V31/><F120/><W11/><G11/><T83/><D133/><U104/><E104/><V44/><F134/><W109/><G22/><T85/><D38/><U26/><E26/><V5/><F5/><W41/><G41/><T89/><D1/><U115/><E124/><V68/><F129/><N who="3" m="49163" /><G99/><T127/><D127/><U121/><E116/><N who="3" m="44586" /><G100/><T135/><D135/><U80/><E15/><V37/><F31/><AGARI ba="0,0" hai="21,27,31,51,52,56,109,111" m="44586,49163" machi="31" ten="40,3900,0" yaku="19,1,54,1" doraHai="60" who="3" fromWho="2" sc="283,0,354,0,148,-39,215,39" /><INIT seed="3,1,0,1,3,38" ten="283,354,109,254" oya="3" hai0="8,82,88,81,19,69,28,49,41,124,109,135,84" hai1="26,111,93,57,133,67,89,48,51,110,52,31,12" hai2="53,34,125,10,96,45,97,44,63,60,1,122,47" hai3="77,90,83,25,80,86,131,71,105,43,55,72,106"/><W78/><G131/><T14/><D109/><N who="1" m="41483" /><E133/><V61/><F34/><W68/><G55/><T21/><D124/><U15/><E67/><V107/><F107/><W56/><G56/><T17/><D69/><U33/><E48/><V2/><F10/><W39/><G25/><T99/><D135/><U35/><E35/><V120/><F53/><W113/><G113/><T100/><D28/><U108/><E108/><V5/><F5/><W20/><G20/><T112/><D112/><U101/><E101/><V132/><F132/><W127/><G127/><T73/><D73/><U121/><E121/><N who="2" m="46699" /><F125/><W79/><G105/><T13/><D100/><U3/><E3/><AGARI ba="1,0" hai="1,2,3,44,45,47,60,61,63,96,97" m="46699" machi="3" ten="40,5200,0" yaku="28,2,13,1" doraHai="38" who="2" fromWho="1" sc="283,0,354,-55,109,55,254,0" /><INIT seed="4,0,0,4,4,31" ten="283,299,164,254" oya="0" hai0="70,65,34,63,119,86,76,7,62,69,135,113,64" hai1="77,0,103,5,57,30,129,117,75,67,102,36,25" hai2="45,3,40,16,43,10,98,84,132,27,54,56,59" hai3="71,85,133,89,49,13,53,81,46,90,87,79,19"/><T131/><D113/><U6/><E36/><V83/><F132/><W122/><G133/><T106/><D135/><U105/><E117/><V104/><F104/><W4/><G122/><T126/><D119/><U116/><E75/><V100/><F3/><W118/><G118/><T101/><D126/><U121/><E77/><V58/><F100/><W32/><G71/><T60/><D60/><N who="1" m="38287" /><E105/><V99/><F99/><W28/><G4/><N who="1" m="1642" /><E121/><V125/><F98/><W93/><G28/><T88/><D131/><U124/><E116/><V74/><F74/><W82/><G32/><T21/><D34/><U97/><E0/><V29/><F125/><W2/><G2/><T66/><D66/><U47/><E129/><V48/><F29/><W51/><G51/><T110/><D110/><U50/><E97/><V94/><F94/><W112/><G112/><T52/><D7/><U41/><E124/><V15/><REACH who="2" step="1"/><F27/><REACH who="2" ten="283,299,154,254" step="2"/><W23/><G93/><N who="0" m="54423" /><D101/><U78/><E25/><V42/><F42/><W39/><G39/><T109/><D106/><U20/><E30/><V12/><F12/><W95/><G95/><T9/><D109/><U24/><E103/><V73/><F73/><W11/><G79/><AGARI ba="0,1" hai="10,15,16,40,43,45,48,54,56,58,59,79,83,84" machi="79" ten="40,8000,1" yaku="1,1,8,1,54,1,53,2" doraHai="31" doraHaiUra="38" who="2" fromWho="3" sc="283,0,299,0,154,90,254,-80" /><INIT seed="5,0,0,0,0,73" ten="283,299,244,174" oya="1" hai0="87,79,50,41,31,7,69,36,102,52,130,39,44" hai1="124,47,42,3,119,96,28,15,103,53,45,129,60" hai2="131,40,2,86,14,84,75,19,115,26,70,21,61" hai3="74,122,49,78,93,133,20,27,25,24,120,67,127"/><U126/><E119/><V80/><F2/><W88/><G133/><T23/><D130/><U121/><E3/><V116/><F116/><W85/><G127/><N who="1" m="48682" /><E121/><V4/><F75/><W81/><G20/><T82/><D69/><U118/><E118/><V48/><F86/><W9/><G67/><T6/><D102/><U106/><E28/><V107/><F107/><W46/><REACH who="3" step="1"/><G9/><REACH who="3" ten="283,299,244,164" step="2"/><T10/><D10/><U72/><E129/><V59/><F131/><W99/><G99/><T101/><D23/><U95/><E106/><V30/><F115/><W13/><G13/><T32/><D32/><U33/><E15/><V56/><F4/><W92/><G92/><T63/><D7/><U112/><E33/><V38/><F14/><W11/><G11/><T111/><D6/><U105/><E105/><V134/><F21/><W76/><G76/><T35/><D35/><U110/><E112/><V123/><F134/><W91/><G91/><T8/><D8/><U114/><E114/><V77/><F26/><W5/><G5/><T57/><D31/><U34/><E34/><V108/><F77/><W18/><G18/><T125/><D125/><U1/><E1/><V66/><F19/><W109/><G109/><T135/><D111/><U51/><E110/><V16/><F108/><W22/><G22/><T83/><D135/><U12/><E12/><V43/><F16/><W71/><G71/><T37/><D101/><U54/><E103/><V90/><F30/><W98/><G98/><T55/><D83/><U132/><E96/><V68/><F68/><W94/><G94/><T117/><D117/><RYUUKYOKU ba="0,1" sc="283,15,299,-15,244,-15,164,15" hai0="36,37,39,41,44,50,52,55,57,63,79,82,87" hai3="24,25,27,46,49,74,78,81,85,88,93,120,122" /><INIT seed="6,1,1,2,3,36" ten="298,284,229,179" oya="2" hai0="69,53,4,0,135,104,83,12,22,5,103,67,3" hai1="17,79,91,2,88,118,16,82,45,94,116,30,50" hai2="24,52,74,124,7,21,99,71,28,38,112,11,66" hai3="51,10,40,95,34,25,109,29,132,96,130,98,18"/><V47/><F74/><W121/><G109/><T100/><D135/><U89/><E2/><V48/><F112/><W127/><G132/><T6/><D3/><U63/><E30/><V129/><F129/><W49/><G130/><T128/><D0/><U114/><E114/><V110/><F110/><W54/><G127/><T87/><D128/><U64/><E94/><V26/><F124/><W42/><G121/><T59/><D67/><U35/><E35/><V119/><F38/><W122/><G122/><T107/><D69/><U123/><E118/><V134/><F119/><W85/><G85/><T13/><D107/><U80/><E80/><V32/><F66/><W15/><G51/><N who="0" m="31167" /><D104/><U14/><E17/><V27/><F71/><W56/><REACH who="3" step="1"/><G96/><REACH who="3" ten="298,284,229,169" step="2"/><T84/><D84/><U8/><E116/><V108/><F108/><W58/><G58/><T97/><D97/><U117/><E117/><V20/><F134/><W92/><G92/><T61/><D87/><U68/><E123/><V86/><F86/><W55/><G55/><T9/><D83/><U65/><E82/><V113/><F99/><W93/><G93/><T70/><D70/><U43/><E68/><V23/><F113/><W57/><G57/><T78/><D78/><U73/><E50/><V125/><F125/><W126/><G126/><T90/><D90/><AGARI ba="1,2" hai="10,15,18,25,29,34,40,42,49,54,56,90,95,98" machi="90" ten="30,12000,2" yaku="1,1,7,1,52,2,53,2" doraHai="36" doraHaiUra="37" who="3" fromWho="0" sc="298,-123,284,0,229,0,169,143" owari="175,-32.5,284,8.4,229,-17.1,312,41.2" /></mjloggm>