<mjloggm ver="2.3"><GO type="225" lobby="0"/><UN n0="%E3%81%AF%E3%82%88%E3%81%8A%E3%81%98%E3%81%95%E3%82%93" n1="%72%61%6B%33" n2="%72%69%6F%75%63%68%61%6E" n3="%E3%81%9F%E3%81%A3%E3%81%A1%E3%82%87" dan="16,17,17,16" rate="2168.46,2285.03,2280.67,2077.32" sx="M,M,M,M"/><TAIKYOKU oya="0"/><INIT seed="0,0,0,5,1,110" ten="250,250,250,250" oya="0" hai0="135,120,42,30,13,90,84,35,80,63,49,54,32" hai1="103,64,4,111,23,78,117,95,22,96,25,27,43" hai2="92,130,118,108,15,86,57,125,28,1,124,24,77" hai3="104,2,115,39,68,72,20,40,71,8,58,17,99"/><T16/><D120/><U87/><E111/><V109/><F1/><W100/><G72/><T123/><D123/><U91/><E117/><V132/><F118/><W60/><G40/><T26/><D135/><U131/><E131/><V11/><F132/><W21/><G39/><T106/><D106/><U31/><E43/><V29/><F130/><W62/><G62/><T94/><D32/><U5/><E78/><V114/><F114/><W112/><G20/><T41/><D63/><U119/><E64/><V10/><F57/><W9/><G68/><T19/><D19/><U76/><E76/><V36/><F36/><W37/><G37/><T0/><D0/><U46/><E46/><V44/><F44/><W12/><G71/><T66/><D66/><U18/><REACH who="1" step="1"/><E119/><REACH who="1" ten="250,240,250,250" step="2"/><V61/><F109/><W133/><G133/><T88/><D42/><U59/><E59/><V89/><F77/><W33/><G33/><T79/><D41/><U70/><E70/><V128/><F108/><W105/><G58/><T116/><D116/><U113/><E113/><V69/><F128/><W107/><G112/><T82/><D79/><U7/><E7/><V38/><F38/><W52/><G115/><T126/><D126/><U101/><E101/><V53/><F69/><W102/><G100/><T127/><D127/><U51/><E51/><V81/><F125/><W122/><G122/><T93/><D49/><U3/><E3/><V75/><F124/><W97/><G2/><T55/><D55/><U65/><E65/><V56/><F53/><W6/><G102/><T73/><D54/><U74/><E74/><RYUUKYOKU ba="0,1" sc="250,-10,240,30,250,-10,250,-10" hai1="4,5,18,22,23,25,27,31,87,91,95,96,103" /><INIT seed="1,1,1,4,1,39" ten="240,270,240,240" oya="1" hai0="61,96,88,135,5,90,83,66,94,48,6,33,121" hai1="36,128,40,87,108,76,2,133,55,118,72,18,58" hai2="43,4,22,10,60,67,44,134,69,114,130,63,115" hai3="11,84,99,17,20,34,102,106,37,74,1,7,109"/><U62/><E118/><V57/><F22/><W113/><G113/><N who="2" m="43017" /><F130/><W31/><G109/><T93/><D33/><U26/><E2/><N who="2" m="279" /><F134/><W14/><G74/><T123/><D135/><U127/><E127/><V125/><F125/><W23/><G37/><T68/><D83/><U126/><E126/><V65/><F44/><W32/><G20/><T120/><REACH who="0" step="1"/><D48/><REACH who="0" ten="230,270,240,240" step="2"/><U0/><E133/><V80/><F43/><W105/><G32/><T124/><D124/><U64/><E40/><V79/><F79/><W85/><REACH who="3" step="1"/><G105/><REACH who="3" ten="230,270,240,230" step="2"/><T116/><D116/><U50/><E36/><V75/><F80/><W42/><G42/><T100/><D100/><U77/><E108/><V46/><F46/><W117/><G117/><T70/><D70/><U98/><E72/><AGARI ba="1,3" hai="57,60,63,65,67,69,72,75" m="279,43017" machi="72" ten="30,1000,0" yaku="11,1" doraHai="39" who="2" fromWho="1" sc="230,0,270,-13,240,43,230,0" /><INIT seed="2,0,0,4,5,1" ten="230,257,283,230" oya="2" hai0="67,33,113,18,11,64,135,52,71,127,27,74,15" hai1="77,87,121,22,101,124,99,0,2,37,49,79,61" hai2="81,72,102,53,86,62,109,25,66,75,129,103,116" hai3="35,110,95,115,111,3,14,112,45,104,134,100,44"/><V59/><F116/><W117/><G117/><T131/><D113/><N who="3" m="43593" /><G3/><T120/><D120/><U114/><E37/><V26/><F129/><W69/><G69/><T88/><D74/><U97/><E124/><V19/><F109/><N who="3" m="41483" /><G35/><T36/><D36/><U9/><E121/><V73/><F66/><W83/><G104/><T94/><D127/><U39/><E39/><V47/><F47/><W40/><G134/><T54/><D135/><U56/><E0/><V82/><F82/><W128/><G128/><T16/><D131/><U31/><E2/><V51/><F62/><W46/><G83/><T70/><D70/><U125/><E61/><V10/><F26/><W29/><G29/><T42/><D42/><U76/><E31/><V12/><REACH who="2" step="1"/><F25/><REACH who="2" ten="230,257,273,230" step="2"/><W92/><G40/><T30/><D71/><U20/><E114/><V17/><F17/><W21/><G100/><T32/><D32/><U65/><E101/><V98/><F98/><W28/><G28/><T57/><D18/><AGARI ba="0,1" hai="14,18,21,44,45,46,92,95" m="41483,43593" machi="18" ten="40,2600,0" yaku="11,1,14,1" doraHai="1" who="3" fromWho="0" sc="230,-26,257,0,273,0,230,36" /><INIT seed="3,0,0,3,3,132" ten="204,257,273,266" oya="3" hai0="1,83,39,69,103,43,123,61,120,17,115,102,58" hai1="87,3,56,129,13,85,18,122,7,86,21,5,119" hai2="124,81,6,68,99,12,80,37,116,77,19,98,30" hai3="24,40,108,134,54,73,93,0,14,109,16,67,135"/><W104/><G104/><T89/><D69/><U9/><E122/><V71/><F124/><W100/><G73/><T63/><D1/><U72/><E72/><V82/><F116/><W121/><G0/><T114/><D17/><U84/><E119/><V49/><F37/><W133/><G121/><N who="0" m="46667" /><D89/><U125/><E125/><V105/><F77/><W110/><G40/><T42/><D83/><U41/><E129/><V96/><F105/><W36/><G36/><T64/><D103/><U76/><E7/><V32/><F6/><W78/><G78/><T20/><D20/><U28/><E41/><N who="0" m="15369" /><D102/><U8/><E56/><V47/><F32/><W65/><G54/><N who="0" m="34007" /><D39/><U60/><E60/><V70/><F30/><W34/><G93/><T53/><D64/><U26/><N who="1" m="21504" /><DORA hai="57" /><U45/><E76/><V55/><F19/><W117/><G100/><T107/><D107/><U130/><E130/><V44/><F12/><W75/><G117/><T101/><D101/><U131/><E131/><V25/><F25/><W51/><G75/><T66/><D53/><U15/><E3/><V35/><F35/><W88/><G24/><T113/><D66/><N who="3" m="25097" /><G34/><T111/><D63/><U128/><E128/><V50/><F55/><W95/><G88/><T46/><D46/><AGARI ba="0,0" hai="5,8,9,13,15,18,21,26,28,45,46" m="21504" machi="46" ten="50,1600,0" yaku="8,1" doraHai="132,57" who="1" fromWho="0" sc="204,-16,257,16,273,0,266,0" /><AGARI ba="0,0" hai="44,46,47,49,50,68,70,71,80,81,82,96,98,99" machi="46" ten="50,8000,1" yaku="29,2,28,2" doraHai="132,57" who="2" fromWho="0" sc="188,-80,273,0,273,80,266,0" owari="108,-39.2,273,7.3,353,45.3,266,-13.4" /></mjloggm>