<mjloggm ver="2.3"><GO type="225" lobby="0"/><UN n0="%E4%B8%89%E5%88%86%E5%B0%8F%E5%83%A7" n1="%E6%A1%9C%E8%8A%B1%E9%96%83%E3%80%85" n2="%E6%A0%B9%E5%85%83%E3%81%8B%E3%82%89%E5%90%B9%E3%81%A3%E9%A3%9B%E3%81%B6" n3="%E3%81%8B%E3%82%8F%E3%81%A1%E3%82%83%E3%82%93%35%38" dan="16,17,17,16" rate="2099.48,2226.59,2134.65,2171.64" sx="M,M,F,M"/><TAIKYOKU oya="0"/><INIT seed="0,0,0,3,0,119" ten="250,250,250,250" oya="0" hai0="49,3,125,95,93,104,131,64,4,31,70,53,7" hai1="65,128,130,6,57,109,52,129,102,97,8,91,117" hai2="135,113,118,45,82,33,99,42,108,46,121,112,133" hai3="32,127,35,67,58,25,89,134,0,10,79,40,5"/><T17/><D104/><U69/><E109/><V114/><F33/><W22/><G79/><T1/><D125/><U2/><E117/><V20/><F118/><W19/><G40/><T59/><D131/><U77/><E77/><V103/><F108/><W12/><G127/><T48/><D31/><U43/><E43/><V9/><F82/><W55/><G134/><N who="2" m="51209" /><F20/><W39/><G39/><T98/><D17/><U120/><E91/><V90/><F90/><W34/><G67/><T28/><D28/><U30/><E30/><V75/><F75/><W92/><G0/><T110/><D110/><U47/><E47/><N who="2" m="17931" /><F9/><W81/><G81/><T61/><D49/><N who="1" m="30863" /><E102/><V18/><F18/><W62/><REACH who="3" step="1"/><G34/><REACH who="3" ten="250,250,250,240" step="2"/><T37/><D37/><U86/><E129/><V107/><F42/><W21/><G21/><T73/><D73/><U96/><E130/><V100/><F100/><W122/><G122/><AGARI ba="0,1" hai="99,103,107,112,113,114,121,122" m="17931,51209" machi="122" ten="40,5200,0" yaku="20,1,52,2" doraHai="119" who="2" fromWho="3" sc="250,0,250,0,250,62,240,-52" /><INIT seed="1,0,0,5,3,103" ten="250,250,312,188" oya="1" hai0="107,8,48,116,95,84,83,52,50,4,5,87,112" hai1="82,132,7,31,17,99,114,125,115,61,58,75,32" hai2="9,85,110,40,45,126,109,21,80,70,60,59,93" hai3="19,105,38,10,49,100,68,94,101,6,46,53,28"/><U104/><E7/><V78/><F126/><W42/><G68/><T96/><D112/><U122/><E122/><V55/><F21/><W26/><G19/><T64/><D116/><U35/><E125/><V89/><F9/><W67/><G67/><T72/><D64/><U0/><E0/><V88/><F70/><W44/><G94/><T25/><D72/><U43/><E43/><V30/><F30/><W123/><G123/><T130/><D25/><U131/><E17/><V129/><F129/><W106/><G101/><T29/><D29/><U79/><E131/><V121/><F121/><W13/><REACH who="3" step="1"/><G100/><REACH who="3" ten="250,250,312,178" step="2"/><T51/><D130/><U111/><E115/><V124/><F124/><W102/><G102/><T15/><D95/><U14/><E114/><V62/><F93/><W128/><G128/><T37/><D96/><U92/><E92/><V2/><F109/><W57/><G57/><T108/><D108/><U18/><E111/><V63/><F110/><W73/><G73/><T27/><D83/><U66/><E31/><V34/><F59/><W56/><G56/><T20/><D87/><U69/><E69/><V39/><F85/><W98/><G98/><T74/><D84/><U12/><E18/><V118/><F80/><W22/><AGARI ba="0,1" hai="6,10,13,22,26,28,38,42,44,46,49,53,105,106" machi="22" ten="20,12000,2" yaku="1,1,0,1,7,1,52,2,53,1" doraHai="103" doraHaiUra="23" who="3" fromWho="3" sc="250,-30,250,-60,312,-30,178,130" /><INIT seed="2,0,0,1,4,67" ten="220,190,282,308" oya="2" hai0="30,41,133,46,21,94,33,74,79,35,75,4,90" hai1="65,57,129,119,60,124,113,88,11,80,97,109,84" hai2="132,15,117,93,78,31,50,34,56,95,51,62,87" hai3="6,8,10,26,120,73,68,37,12,53,59,122,43"/><V111/><F117/><W82/><G68/><T116/><D133/><U27/><E119/><V121/><F121/><W125/><G125/><T101/><D101/><U40/><E113/><V123/><F123/><W96/><G37/><T25/><D4/><U108/><E124/><V89/><F132/><W61/><G43/><T86/><D116/><U105/><E129/><V118/><F118/><W36/><G36/><T47/><D47/><U64/><E40/><V69/><F69/><W83/><G73/><T54/><D54/><U14/><E64/><V29/><F78/><W20/><G122/><T32/><REACH who="0" step="1"/><D79/><REACH who="0" ten="210,190,282,308" step="2"/><U100/><REACH who="1" step="1"/><E27/><REACH who="1" ten="210,180,282,308" step="2"/><N who="2" m="18751" /><F111/><W19/><G120/><T52/><D52/><U91/><E91/><V115/><F89/><W45/><G53/><T0/><D0/><U126/><E126/><V5/><F115/><W76/><G76/><T135/><D135/><U92/><E92/><V7/><F95/><W24/><G24/><T127/><D127/><U107/><E107/><V128/><F93/><W44/><G26/><T1/><D1/><U77/><E77/><V81/><F128/><W9/><G83/><T72/><D72/><U3/><E3/><V130/><F81/><W58/><G82/><T55/><D55/><U49/><E49/><AGARI ba="0,2" hai="21,25,30,32,33,35,41,46,49,74,75,86,90,94" machi="49" ten="40,1300,0" yaku="1,1,53,0" doraHai="67" doraHaiUra="66" who="0" fromWho="1" sc="210,33,180,-13,282,0,308,0" /><INIT seed="3,0,0,2,3,126" ten="243,167,282,308" oya="3" hai0="119,118,98,19,108,58,43,75,46,21,18,111,99" hai1="129,112,127,44,110,10,14,73,67,88,54,47,55" hai2="101,97,107,128,64,96,81,29,9,82,59,6,90" hai3="31,120,13,1,133,12,105,35,53,15,5,51,83"/><W57/><G120/><T0/><D75/><U49/><E112/><V122/><F128/><W103/><G133/><T16/><D0/><U45/><E127/><V109/><F109/><N who="0" m="42058" /><D58/><U41/><E110/><V52/><F64/><W124/><G124/><T37/><D21/><U24/><E73/><V78/><F29/><W30/><G35/><T85/><D85/><U104/><E104/><V87/><F122/><W125/><G125/><T113/><D113/><U36/><E67/><V39/><F39/><W79/><G105/><T132/><D132/><U62/><E129/><V134/><F101/><W17/><G103/><T42/><D42/><U34/><E62/><V7/><F107/><W71/><G71/><T61/><D61/><U84/><E34/><V27/><F27/><W95/><G1/><T56/><D56/><U20/><E36/><V33/><F33/><W32/><G32/><T100/><D100/><U22/><E54/><V69/><F9/><N who="3" m="4143" /><G13/><T65/><D65/><U92/><E41/><V77/><F69/><W2/><G2/><T11/><D11/><U25/><E22/><V91/><F59/><W135/><G135/><T3/><D3/><U130/><E130/><V40/><F134/><W50/><G50/><T70/><D70/><U114/><E114/><V106/><F40/><W116/><G116/><AGARI ba="0,0" hai="16,18,19,37,43,46,98,99,116,118,119" m="42058" machi="116" ten="40,2600,0" yaku="14,1,54,1" doraHai="126" who="0" fromWho="3" sc="243,26,167,0,282,0,308,-26" /><INIT seed="4,0,0,3,5,41" ten="269,167,282,282" oya="0" hai0="66,3,87,95,7,48,118,14,24,40,96,69,12" hai1="126,53,57,94,23,51,19,34,129,44,97,29,65" hai2="22,112,103,101,132,93,2,36,105,83,35,113,92" hai3="104,119,123,77,130,54,27,13,8,85,75,86,122"/><T60/><D118/><U91/><E126/><V98/><F35/><W71/><G119/><T4/><D87/><U9/><E129/><V109/><F109/><W30/><G104/><T49/><D3/><U15/><E34/><V117/><F36/><W128/><G71/><T127/><D127/><U81/><E81/><V20/><F2/><W63/><G75/><T72/><D72/><U110/><E110/><V46/><F83/><N who="3" m="47343" /><G86/><T134/><D134/><U80/><E80/><V17/><F103/><W58/><G27/><T28/><D12/><U31/><REACH who="1" step="1"/><E23/><REACH who="1" ten="269,157,282,282" step="2"/><V68/><F22/><W82/><G82/><T99/><D99/><U108/><E108/><V10/><F20/><W67/><G130/><T121/><D121/><U18/><E18/><V42/><F17/><N who="3" m="8359" /><G30/><T38/><D28/><U102/><E102/><V124/><F124/><W79/><G79/><T84/><D4/><U74/><E74/><V55/><F101/><W62/><G128/><T33/><D7/><U135/><E135/><V111/><F132/><W56/><G123/><T47/><D33/><U73/><E73/><V76/><F117/><W107/><G122/><T64/><D96/><U59/><E59/><N who="3" m="22570" /><G107/><T1/><D69/><U114/><E114/><V6/><F113/><W116/><G116/><T11/><D11/><U37/><E37/><V131/><F10/><W70/><G63/><AGARI ba="0,1" hai="9,15,19,29,31,44,51,53,57,63,65,91,94,97" machi="63" ten="40,5200,0" yaku="1,1,8,1,52,1,53,0" doraHai="41" doraHaiUra="125" who="1" fromWho="3" sc="269,0,157,62,282,0,282,-52" /><INIT seed="5,0,0,5,3,36" ten="269,219,282,230" oya="1" hai0="75,43,54,16,90,125,5,96,6,107,18,33,85" hai1="122,26,78,55,63,17,131,128,99,0,88,21,11" hai2="124,135,80,109,73,70,61,129,82,60,50,44,22" hai3="45,132,120,1,23,103,115,72,32,127,130,2,126"/><U14/><E122/><V49/><F109/><W123/><G72/><T117/><D75/><U28/><E78/><V87/><F73/><W34/><G103/><T27/><D117/><U25/><E0/><V116/><F116/><W74/><G45/><T100/><D125/><N who="3" m="47625" /><G74/><T9/><D54/><U47/><E63/><N who="2" m="24139" /><F70/><W64/><G64/><T29/><D43/><U91/><E26/><V118/><F129/><N who="1" m="49737" /><E99/><V57/><F135/><W15/><G130/><T35/><D35/><N who="3" m="13353" /><G132/><T111/><D111/><U114/><E114/><V52/><F118/><W105/><G105/><T3/><REACH who="0" step="1"/><D5/><REACH who="0" ten="259,219,282,230" step="2"/><U30/><E30/><V42/><F124/><W95/><G115/><T62/><D62/><U20/><E20/><V58/><F22/><W113/><G113/><T67/><D67/><U106/><E106/><V98/><F98/><W83/><G23/><T7/><D7/><U81/><E81/><AGARI ba="0,1" hai="3,6,9,16,18,27,29,33,81,85,90,96,100,107" machi="81" ten="30,3900,0" yaku="1,1,7,1,54,1,53,0" doraHai="36" doraHaiUra="133" who="0" fromWho="1" sc="259,49,219,-39,282,0,230,0" owari="308,40.8,180,-32.0,282,8.2,230,-17.0" /></mjloggm>