<mjloggm ver="2.3"><GO type="225" lobby="0"/><UN n0="%E3%81%A8%E3%82%93%E3%81%A8%E3%81%93%E3%81%A8%E3%82%93" n1="%E8%B6%85%E7%B4%9A%E9%B3%B3%E5%87%B0" n2="%E8%83%83%E3%81%A8%E8%85%B8" n3="%E9%9B%80%E6%A5%B5%E3%81%AE%E3%81%B8" dan="16,16,17,16" rate="2131.11,2202.45,2211.97,2138.31" sx="F,M,M,M"/><TAIKYOKU oya="0"/><INIT seed="0,0,0,2,3,6" ten="250,250,250,250" oya="0" hai0="60,42,68,40,53,26,116,12,0,127,83,94,72" hai1="24,126,48,93,11,96,76,9,38,50,15,27,8" hai2="59,2,122,81,30,52,28,25,108,37,23,111,99" hai3="3,92,22,54,16,117,134,67,124,98,131,45,5"/><T97/><D0/><U85/><E38/><V39/><F122/><W107/><G117/><T106/><D106/><U89/><E126/><V58/><F2/><W47/><G107/><T35/><D116/><U14/><E14/><V78/><F99/><W128/><G124/><T109/><D12/><U61/><E61/><V19/><F58/><W123/><G67/><T51/><D109/><N who="2" m="42058" /><F28/><W21/><G123/><T55/><D127/><U114/><E15/><V110/><F30/><W73/><G73/><T74/><D35/><U88/><E76/><V135/><F135/><W86/><G86/><T4/><D26/><N who="1" m="9771" /><E114/><V103/><F103/><W70/><G70/><T44/><D68/><U87/><E87/><N who="2" m="48567" /><F110/><W36/><G134/><T115/><D115/><U34/><E34/><V31/><F31/><W10/><G47/><T65/><D44/><U95/><AGARI ba="0,0" hai="8,9,11,48,50,85,88,89,93,95,96" m="9771" machi="95" ten="30,8000,1" yaku="8,1,52,3,54,1" doraHai="6" who="1" fromWho="1" sc="250,-40,250,80,250,-20,250,-20" /><INIT seed="1,0,0,2,4,14" ten="210,330,230,230" oya="1" hai0="43,115,81,103,82,64,60,116,118,123,96,34,97" hai1="86,120,84,74,15,5,30,71,17,24,57,105,48" hai2="114,52,38,40,0,128,19,28,73,46,61,10,88" hai3="78,35,31,129,68,112,55,53,133,91,42,44,45"/><U62/><E120/><V93/><F73/><W65/><G112/><T23/><D34/><U94/><E105/><V99/><F114/><W83/><G31/><T67/><D115/><U66/><E74/><V3/><F28/><W9/><G35/><T72/><D123/><U117/><E117/><V131/><F3/><W107/><G107/><T77/><D43/><U104/><E104/><V12/><REACH who="2" step="1"/><F0/><REACH who="2" ten="210,330,220,230" step="2"/><W70/><G70/><T110/><D72/><U33/><E30/><V59/><AGARI ba="0,1" hai="10,12,19,38,40,46,52,59,61,88,93,99,128,131" machi="59" ten="30,12000,2" yaku="1,1,2,1,0,1,52,1,54,2,53,1" doraHai="14" doraHaiUra="50" who="2" fromWho="2" sc="210,-30,330,-60,220,130,230,-30" /><INIT seed="2,0,0,4,5,56" ten="180,270,350,200" oya="2" hai0="82,109,57,20,134,45,64,133,114,5,40,15,42" hai1="98,59,66,33,48,4,83,13,17,107,101,129,117" hai2="65,9,47,19,43,27,58,94,16,67,61,121,130" hai3="53,22,8,38,88,14,123,54,55,70,60,49,106"/><V97/><F130/><W11/><G123/><T35/><D35/><U0/><E117/><V118/><F118/><W31/><G38/><T77/><D114/><U120/><E33/><V104/><F104/><W112/><G106/><T81/><D109/><U122/><E129/><V93/><F121/><N who="1" m="46697" /><E83/><V68/><F27/><W116/><G112/><T30/><D30/><U72/><E72/><V127/><F127/><W103/><G103/><T73/><D82/><U50/><E4/><V12/><F19/><W46/><G116/><T36/><D42/><U28/><E28/><V1/><F1/><W23/><G70/><T115/><D115/><U26/><E26/><V39/><REACH who="2" step="1"/><F97/><REACH who="2" ten="180,270,340,200" step="2"/><W78/><G31/><T69/><D133/><U29/><E0/><V52/><F52/><W10/><G54/><T7/><D134/><U71/><E29/><V132/><F132/><W125/><G125/><T51/><D7/><U111/><E17/><V91/><F91/><W102/><G88/><T2/><D2/><U74/><E98/><V37/><F37/><W25/><G25/><T85/><D36/><U6/><E6/><V89/><F89/><W18/><G55/><T41/><D5/><U44/><E107/><V86/><F86/><W124/><G124/><T108/><D85/><U119/><E119/><V76/><F76/><W32/><G78/><T21/><D77/><U24/><E24/><V62/><AGARI ba="0,1" hai="9,12,16,39,43,47,58,61,62,65,67,68,93,94" machi="62" ten="30,12000,1" yaku="1,1,0,1,52,2,54,1,53,0" doraHai="56" doraHaiUra="87" who="2" fromWho="2" sc="180,-40,270,-40,340,130,200,-40" /><INIT seed="2,1,0,1,5,88" ten="140,230,470,160" oya="2" hai0="4,131,10,75,47,128,67,48,132,59,100,35,105" hai1="81,124,15,52,77,113,101,1,16,133,17,29,36" hai2="70,57,0,112,14,92,46,64,41,49,12,74,8" hai3="39,45,102,76,109,6,50,51,9,85,62,119,108"/><V2/><F112/><W53/><G119/><T56/><D35/><U91/><E113/><V34/><F74/><W89/><G76/><T107/><D75/><U106/><E1/><V38/><F34/><W82/><G39/><T80/><D80/><U97/><E36/><V24/><F24/><W25/><G102/><T58/><D67/><U129/><E129/><N who="0" m="49737" /><D100/><U126/><E133/><V94/><F70/><W18/><G62/><T13/><D132/><U32/><E91/><V69/><F69/><W54/><G25/><T79/><D79/><U26/><E52/><AGARI ba="1,0" hai="4,10,13,47,48,52,56,58,59,105,107" m="49737" machi="52" ten="30,2000,0" yaku="19,1,54,1" doraHai="88" who="0" fromWho="1" sc="140,23,230,-23,470,0,160,0" /><INIT seed="3,0,0,3,2,103" ten="163,207,470,160" oya="3" hai0="116,11,58,3,96,18,93,12,23,14,55,1,24" hai1="42,35,121,53,54,30,41,129,39,100,40,80,91" hai2="97,134,60,50,70,29,133,66,98,28,31,59,34" hai3="51,6,15,32,102,47,111,126,88,49,73,99,115"/><W94/><G115/><T65/><D65/><U131/><E121/><V43/><F34/><W9/><G126/><T19/><D116/><U113/><E113/><V21/><F21/><W79/><G32/><T13/><D13/><U85/><E39/><V104/><F104/><W78/><G111/><T86/><D14/><U8/><E8/><V69/><F69/><W130/><G130/><N who="1" m="49674" /><E100/><V52/><F43/><N who="3" m="24831" /><G73/><T77/><D77/><N who="3" m="29193" /><G51/><T25/><D1/><U38/><E38/><V22/><F22/><W71/><G71/><T7/><D25/><AGARI ba="0,0" hai="25,30,35,40,41,42,53,54,80,85,91" m="49674" machi="25" ten="30,1000,0" yaku="19,1" doraHai="103" who="1" fromWho="0" sc="163,-10,207,10,470,0,160,0" owari="153,-34.7,217,1.7,470,57.0,160,-24.0" /></mjloggm>