<mjloggm ver="2.3"><GO type="225" lobby="0"/><UN n0="%E3%82%A2%E3%83%9E%E3%83%9D%EF%BD%9E%EF%BD%9E%E3%83%A9" n1="%E3%81%8F%E3%82%8A%E3%83%94%E3%83%BC" n2="%E3%82%82%E3%81%90%E3%82%89" n3="%E5%B8%86%E7%AB%8B%E5%A4%8F%E8%A1%A3" dan="17,16,17,16" rate="2173.87,2082.92,2200.46,2060.93" sx="M,M,M,M"/><TAIKYOKU oya="0"/><INIT seed="0,0,0,2,5,28" ten="250,250,250,250" oya="0" hai0="120,4,119,54,92,76,84,45,14,91,105,117,96" hai1="79,18,124,114,17,86,88,134,44,93,6,61,12" hai2="85,127,2,48,107,56,42,129,122,123,49,31,118" hai3="33,25,100,26,101,27,39,29,57,110,51,35,64"/><T9/><D120/><U87/><E134/><V106/><F2/><W69/><G39/><T0/><D0/><U20/><E124/><V5/><F5/><W16/><G110/><T111/><D111/><U131/><E131/><V40/><F127/><W102/><G29/><T3/><D3/><U116/><E116/><V8/><F8/><W103/><N who="3" m="25600" /><DORA hai="75" /><W60/><REACH who="3" step="1"/><G16/><REACH who="3" ten="250,250,250,240" step="2"/><T83/><D105/><U34/><E114/><V90/><F31/><W21/><G21/><T71/><D71/><U89/><E18/><V15/><F107/><W104/><G104/><T58/><REACH who="0" step="1"/><D45/><REACH who="0" ten="240,250,250,240" step="2"/><U68/><E44/><N who="2" m="25607" /><F106/><W22/><G22/><T126/><D126/><U109/><E20/><V19/><F122/><W24/><N who="3" m="6144" /><DORA hai="65" /><W37/><G37/><T132/><D132/><U121/><E109/><V13/><F123/><W135/><G135/><T36/><D36/><U81/><E121/><V1/><F129/><W52/><AGARI ba="0,2" hai="33,35,51,52,57,60,64,69" m="6144,25600" machi="52" ten="60,16000,3" yaku="1,1,0,1,52,3,54,1,53,2" doraHai="28,75,65" doraHaiUra="108,53,47" who="3" fromWho="3" sc="240,-80,250,-40,250,-40,240,180" /><INIT seed="1,0,0,3,4,10" ten="160,210,210,420" oya="1" hai0="55,49,81,121,53,37,105,61,25,66,86,98,24" hai1="21,70,7,103,54,90,3,15,11,18,99,77,118" hai2="104,19,93,48,85,65,63,119,72,113,102,130,96" hai3="124,106,20,17,114,112,8,126,89,4,82,30,115"/><U84/><E118/><V101/><F119/><W35/><G106/><T87/><D37/><U67/><E77/><V50/><F72/><W59/><G59/><T73/><D73/><U52/><E67/><V27/><F130/><W135/><G89/><T57/><D121/><U68/><E68/><V6/><F6/><W62/><G82/><T134/><D134/><U97/><E70/><V14/><F27/><N who="3" m="18911" /><G62/><T123/><D123/><U92/><REACH who="1" step="1"/><E99/><REACH who="1" ten="160,200,210,420" step="2"/><V83/><F113/><W107/><G135/><T23/><D66/><U41/><E41/><V12/><F65/><W78/><G78/><T79/><D98/><U31/><E31/><V108/><F96/><W51/><G114/><T127/><D127/><U60/><E60/><V75/><F63/><W109/><G115/><T95/><D105/><AGARI ba="0,1" hai="3,7,11,15,18,21,52,54,84,90,92,97,103,105" machi="105" ten="30,12000,1" yaku="1,1,7,1,52,1,54,1,53,1" doraHai="10" doraHaiUra="32" who="1" fromWho="0" sc="160,-120,200,130,210,0,420,0" /><INIT seed="1,1,0,0,4,75" ten="40,330,210,420" oya="1" hai0="2,57,47,54,20,36,44,72,105,31,124,76,115" hai1="82,4,132,41,106,86,121,85,71,92,50,93,80" hai2="8,129,74,17,125,9,73,38,45,61,88,35,77" hai3="21,43,108,118,135,60,122,83,15,78,48,101,114"/><U94/><E71/><V81/><F35/><W5/><G114/><T6/><D115/><U134/><E4/><V23/><F74/><W28/><G122/><T120/><D120/><U65/><E65/><V26/><F129/><W7/><G108/><T29/><D105/><U10/><E10/><V22/><F125/><W69/><G135/><N who="1" m="51754" /><E50/><V103/><F103/><W99/><G118/><T18/><D124/><U95/><E41/><V16/><F61/><W70/><G70/><T24/><D2/><U127/><E127/><V84/><F45/><N who="3" m="25663" /><G69/><T116/><D6/><U46/><E46/><V113/><F38/><W39/><G60/><T42/><D47/><U64/><E95/><V52/><F52/><W19/><G28/><T25/><D116/><U98/><E64/><V97/><F113/><W33/><G33/><T110/><D110/><U32/><E32/><V3/><F3/><W79/><G39/><T119/><D119/><U63/><E63/><V12/><F97/><W53/><G99/><T34/><D31/><U49/><E49/><V62/><F62/><W89/><G53/><T111/><D111/><U37/><E37/><V11/><F11/><W27/><G21/><T126/><D126/><U40/><E40/><V133/><F133/><W117/><G117/><T130/><D130/><U68/><E68/><V100/><F100/><W59/><G101/><T104/><D104/><U91/><E121/><V112/><F112/><W96/><G59/><T107/><D107/><U87/><E106/><V102/><F102/><W123/><G123/><T0/><D57/><U56/><E56/><RYUUKYOKU ba="1,0" sc="40,-15,330,15,210,15,420,-15" hai1="80,82,85,86,87,91,92,93,94,98" hai2="8,9,12,16,17,22,23,26,73,77,81,84,88" /><INIT seed="1,2,0,3,1,123" ten="25,345,225,405" oya="1" hai0="10,41,42,72,92,63,2,47,24,132,59,119,93" hai1="25,51,77,79,74,67,121,54,112,6,94,56,48" hai2="38,14,131,4,73,126,83,33,100,1,43,102,84" hai3="76,97,29,21,90,40,88,129,5,96,60,127,37"/><U68/><E112/><V39/><F33/><W52/><G129/><T16/><D119/><U13/><E121/><V23/><F131/><W49/><G127/><T58/><D72/><U98/><E74/><V66/><F126/><W62/><G37/><T28/><D132/><U109/><E109/><V70/><F70/><W91/><G76/><T35/><D59/><U7/><E68/><V61/><F73/><W71/><G5/><T107/><D107/><U101/><E67/><V87/><F1/><W0/><G0/><T85/><D2/><U120/><E120/><V105/><F105/><W30/><G40/><T46/><D42/><U122/><E122/><V20/><F87/><W36/><G36/><T17/><D10/><N who="1" m="4311" /><E7/><V117/><F39/><W26/><G30/><T135/><D135/><U45/><E25/><V115/><F115/><W65/><REACH who="3" step="1"/><G62/><REACH who="3" ten="25,345,225,395" step="2"/><T69/><D69/><U12/><E12/><V32/><F38/><W19/><G19/><T103/><D41/><AGARI ba="2,1" hai="41,45,48,51,54,56,77,79,94,98,101" m="4311" machi="41" ten="30,1500,0" yaku="8,1" doraHai="123" who="1" fromWho="0" sc="25,-21,345,31,225,0,395,0" /><INIT seed="1,3,0,1,1,61" ten="4,376,225,395" oya="1" hai0="22,94,117,58,59,27,24,4,33,75,30,57,71" hai1="36,38,106,110,118,104,124,49,85,1,5,122,46" hai2="72,97,28,65,134,50,55,34,63,18,16,64,10" hai3="131,121,90,23,26,3,133,48,132,0,32,62,2"/><U56/><E118/><V95/><F72/><W114/><G121/><T74/><D117/><U123/><E124/><V68/><F134/><N who="3" m="51819" /><G114/><T82/><D71/><U14/><E1/><V47/><F34/><W84/><G131/><T54/><D4/><U86/><E56/><N who="2" m="35231" /><F28/><N who="3" m="17503" /><G32/><T96/><D54/><U53/><E122/><V19/><F10/><W12/><G12/><T91/><D82/><U17/><E5/><V45/><F68/><W52/><G62/><T113/><D113/><U135/><E123/><V103/><F45/><N who="3" m="27663" /><G3/><T126/><D126/><U128/><E128/><V129/><F129/><W98/><G98/><T13/><D13/><U81/><E110/><V69/><F69/><W108/><G108/><T107/><D107/><U116/><E116/><V11/><F11/><W21/><G21/><T83/><D83/><AGARI ba="3,0" hai="0,2,83,84,90" m="27663,17503,51819" machi="83" ten="30,2000,0" yaku="20,1,54,1" doraHai="61" who="3" fromWho="0" sc="4,-29,376,0,225,0,395,29" owari="-25,-52.5,376,17.6,225,-17.5,424,52.4" /></mjloggm>