<mjloggm ver="2.3"><GO type="225" lobby="0"/><UN n0="%72%69%6F%75%63%68%61%6E" n1="%E3%83%AC%E3%82%A4%E3%83%88%E3%83%B3%E5%87%86%E6%95%99%E6%8E%88" n2="%4C%4F%4C%49%54%41" n3="%E3%81%8B%E3%82%8F%E3%81%A1%E3%82%83%E3%82%93%35%38" dan="16,18,16,16" rate="2114.76,2215.87,2135.11,2119.65" sx="M,M,F,M"/><TAIKYOKU oya="0"/><INIT seed="0,0,0,3,4,21" ten="250,250,250,250" oya="0" hai0="42,101,5,115,96,60,47,61,44,18,92,90,13" hai1="109,113,130,132,126,52,72,30,10,50,98,74,70" hai2="24,54,134,69,94,6,85,127,99,53,14,87,108" hai3="17,33,7,102,81,89,104,43,105,77,1,118,27"/><T114/><D5/><U112/><E109/><V11/><F69/><W122/><G118/><T110/><D110/><U119/><E119/><V125/><F108/><W103/><G43/><T12/><D47/><U36/><E36/><V83/><F134/><W117/><G117/><T25/><D12/><U41/><E132/><V62/><F24/><W8/><G122/><T128/><D128/><U84/><E70/><V135/><F135/><W0/><G0/><T59/><D101/><U2/><E41/><V120/><F120/><W39/><G39/><T124/><D124/><N who="2" m="47690" /><F62/><W66/><G66/><T76/><D76/><U80/><E126/><V4/><F4/><W23/><G89/><T65/><D61/><U55/><E30/><V56/><F56/><W129/><G129/><T19/><D19/><U35/><E35/><V49/><F49/><W79/><G33/><T29/><D13/><U100/><E130/><V73/><F73/><W46/><G46/><T58/><D59/><U26/><E26/><V68/><F68/><W95/><G79/><T40/><D18/><U63/><E63/><V31/><F31/><W51/><G51/><T75/><D75/><U116/><E74/><V121/><F121/><W16/><G17/><T106/><D40/><U32/><E72/><V86/><F83/><W64/><G16/><T20/><REACH who="0" step="1"/><D106/><REACH who="0" ten="240,250,250,250" step="2"/><N who="1" m="63767" /><E116/><V28/><F28/><N who="3" m="17535" /><G105/><T107/><D107/><U131/><E131/><V88/><AGARI ba="0,1" hai="6,11,14,53,54,85,86,87,88,94,99" m="47690" machi="88" ten="30,2000,0" yaku="18,1,54,1" doraHai="21" who="2" fromWho="2" sc="240,-10,250,-5,250,30,250,-5" /><INIT seed="1,0,0,0,0,127" ten="230,245,280,245" oya="1" hai0="61,120,113,84,66,28,15,114,45,55,7,48,78" hai1="27,82,56,101,103,107,112,89,0,133,108,49,85" hai2="80,23,24,19,71,52,70,100,97,43,74,94,51" hai3="18,35,20,87,88,115,41,50,73,111,99,14,95"/><U131/><E112/><V53/><F43/><W124/><G115/><T25/><D120/><U32/><E32/><V21/><F53/><W13/><G73/><T105/><D105/><U109/><E109/><V8/><F8/><W33/><G111/><T9/><D84/><U67/><E0/><V1/><F1/><W38/><G38/><T106/><D106/><U64/><E133/><V132/><F132/><W54/><G124/><T68/><REACH who="0" step="1"/><D78/><REACH who="0" ten="220,245,280,245" step="2"/><U30/><E107/><V135/><F135/><W3/><G3/><T128/><D128/><U86/><E131/><V17/><F80/><W98/><G41/><T29/><D29/><U5/><E108/><V102/><F74/><W123/><G123/><T40/><D40/><U76/><E86/><V110/><F110/><W2/><G2/><T10/><D10/><U83/><E76/><V62/><F97/><W134/><G134/><T39/><D39/><U130/><E130/><V65/><F17/><N who="3" m="10287" /><G35/><AGARI ba="0,1" hai="7,9,15,25,28,35,45,48,55,61,66,68,113,114" machi="35" ten="30,2000,0" yaku="1,1,7,1,53,0" doraHai="127" doraHaiUra="37" who="0" fromWho="3" sc="220,30,245,0,280,0,245,-20" /><INIT seed="2,0,0,4,3,89" ten="250,245,280,225" oya="2" hai0="76,65,45,123,88,6,61,62,118,106,55,64,58" hai1="69,84,22,110,115,119,23,36,134,83,109,101,113" hai2="74,56,7,98,50,34,93,107,130,81,111,85,20" hai3="33,44,12,103,102,77,131,133,60,87,75,112,51"/><V18/><F34/><W38/><G38/><T53/><D123/><U48/><E36/><V96/><F74/><W41/><G33/><T4/><D118/><U52/><E119/><V108/><F130/><W95/><G131/><T99/><D76/><U121/><E69/><V32/><F32/><W43/><G133/><T54/><D45/><U10/><E101/><N who="3" m="38410" /><G75/><T9/><D106/><U117/><E117/><V72/><F72/><W8/><G112/><N who="1" m="43082" /><E10/><V24/><F107/><W27/><G27/><T5/><D99/><U16/><E134/><V128/><F7/><N who="3" m="3103" /><G60/><T124/><D88/><N who="1" m="51231" /><E16/><V35/><F128/><W80/><G41/><T90/><D90/><U57/><E121/><V26/><F26/><W129/><G129/><T13/><REACH who="0" step="1"/><D124/><REACH who="0" ten="240,245,280,225" step="2"/><U66/><E110/><V70/><F108/><W11/><G11/><T135/><D135/><U78/><E109/><V91/><F111/><W73/><G73/><T71/><AGARI ba="0,1" hai="4,5,6,9,13,53,54,55,58,61,62,64,65,71" machi="71" ten="30,2000,0" yaku="1,1,0,1,53,0" doraHai="89" doraHaiUra="105" who="0" fromWho="0" sc="240,30,245,-5,280,-10,225,-5" /><INIT seed="3,0,0,2,3,22" ten="270,240,270,220" oya="3" hai0="7,26,74,109,103,102,112,24,127,68,100,56,86" hai1="49,2,44,31,21,130,104,46,35,93,20,30,36" hai2="23,135,58,126,4,124,67,29,132,64,50,82,34" hai3="17,72,121,71,101,115,81,60,114,41,53,62,5"/><W122/><G5/><T19/><D109/><U80/><E104/><V3/><F34/><W134/><G17/><T61/><D74/><U16/><E2/><V37/><F37/><W69/><G81/><T119/><D119/><U6/><E130/><V85/><F4/><W47/><G101/><T84/><D68/><N who="3" m="26185" /><G72/><T106/><D127/><N who="2" m="48682" /><F3/><W66/><G53/><N who="0" m="33935" /><D112/><N who="3" m="43049" /><G134/><N who="2" m="51241" /><F23/><W38/><G62/><T10/><D106/><U113/><E21/><V75/><F29/><W63/><G60/><T118/><D118/><U11/><E31/><V108/><F75/><W55/><G55/><T14/><D7/><U28/><E28/><V73/><F73/><W1/><G1/><T133/><D133/><U43/><E30/><V117/><F117/><W111/><G111/><T42/><D42/><U0/><E113/><V40/><F108/><W128/><G128/><T105/><D105/><U107/><E107/><V87/><F40/><W110/><G110/><T45/><D45/><U92/><E44/><V52/><F85/><AGARI ba="0,0" hai="10,14,19,24,26,84,85,86,100,102,103" m="33935" machi="85" ten="30,3900,0" yaku="8,1,52,2" doraHai="22" who="0" fromWho="2" sc="270,39,240,0,270,-39,220,0" owari="309,40.9,240,4.0,231,-16.9,220,-28.0" /></mjloggm>