<mjloggm ver="2.3"><GO type="225" lobby="0"/><UN n0="%E7%89%B9%E6%9D%B1%E3%81%AF%E4%B8%96%E7%95%8C%E3%82%92%E6%95%91%E3%81%86" n1="%E5%91%A8%E6%9D%B1" n2="%E4%BF%BA%E3%81%A8%E5%A6%96%E5%A4%A2" n3="%E3%81%B2%E3%81%AA%E3%81%AE%E3%82%8A%E3%81%8F" dan="16,17,17,17" rate="2117.03,2205.84,2213.92,2206.63" sx="M,M,F,M"/><TAIKYOKU oya="0"/><INIT seed="0,0,0,3,3,74" ten="250,250,250,250" oya="0" hai0="66,10,13,69,90,50,6,98,33,20,70,55,85" hai1="127,95,109,87,72,121,119,67,96,14,99,26,15" hai2="60,117,71,54,128,42,80,114,131,35,73,123,56" hai3="18,65,63,62,53,34,81,29,59,89,130,19,46"/><T116/><D116/><U82/><E121/><V104/><F123/><W118/><G118/><T22/><D33/><U120/><E120/><V83/><F104/><W21/><G130/><N who="2" m="49705" /><F117/><W37/><G34/><T16/><D98/><U0/><E0/><V30/><F114/><W97/><G29/><T47/><D66/><U102/><E119/><V2/><F2/><W8/><G8/><T101/><D101/><U17/><E109/><V4/><F4/><W134/><G134/><T103/><D103/><U126/><E72/><V124/><F124/><N who="1" m="47657" /><E67/><N who="2" m="41447" /><F42/><W93/><G37/><T108/><D108/><U38/><E38/><V49/><F73/><W48/><G21/><T5/><D20/><N who="1" m="13583" /><E96/><V39/><F39/><W100/><REACH who="3" step="1"/><G63/><REACH who="3" ten="250,250,250,240" step="2"/><T43/><D6/><U79/><AGARI ba="0,1" hai="14,15,79,82,87,95,99,102" m="13583,47657" machi="79" ten="30,2000,0" yaku="18,1,52,1" doraHai="74" who="1" fromWho="1" sc="250,-10,250,30,250,-5,240,-5" /><INIT seed="1,0,0,0,3,69" ten="240,280,245,235" oya="1" hai0="20,70,35,99,25,18,74,121,114,50,135,134,49" hai1="30,75,51,127,8,55,102,31,73,111,94,36,83" hai2="119,72,101,16,108,27,103,92,90,110,116,130,84" hai3="120,21,128,122,37,0,95,56,64,100,38,59,17"/><U107/><E127/><V87/><F130/><W106/><G106/><T109/><D114/><U78/><E75/><V47/><F72/><W67/><G0/><T68/><D109/><N who="2" m="42090" /><F47/><W63/><G128/><T89/><D74/><U80/><E111/><V66/><F66/><W86/><G59/><T104/><D35/><U53/><E83/><V6/><F6/><W132/><G67/><T58/><D121/><U82/><E82/><V12/><F27/><W93/><G132/><N who="0" m="50731" /><D89/><U61/><E107/><V97/><F16/><W1/><G1/><T54/><D50/><U22/><E8/><V29/><F29/><W126/><G126/><T15/><D25/><U105/><E105/><V14/><F14/><W24/><G122/><T48/><D48/><U7/><E51/><V41/><F12/><W96/><REACH who="3" step="1"/><G120/><REACH who="3" ten="240,280,245,225" step="2"/><T32/><D32/><U40/><E40/><V26/><BYE who="1" /><F41/><W5/><G5/><T85/><D68/><U113/><E113/><V2/><F2/><W91/><AGARI ba="0,1" hai="17,21,24,37,38,56,63,64,86,91,93,95,96,100" machi="91" ten="30,7900,0" yaku="1,1,0,1,52,2,53,0" doraHai="69" doraHaiUra="43" who="3" fromWho="3" sc="240,-20,280,-39,245,-20,225,89" /><UN n1="%E5%91%A8%E6%9D%B1" /><INIT seed="2,0,0,4,4,0" ten="220,241,225,314" oya="2" hai0="119,58,113,91,36,38,85,9,76,51,80,65,88" hai1="79,23,16,4,120,2,49,19,68,132,86,8,84" hai2="96,116,73,112,37,6,55,105,29,122,106,75,129" hai3="97,25,70,35,128,89,42,130,133,57,114,93,131"/><V108/><F37/><W15/><G114/><T104/><D113/><U60/><E120/><V103/><F112/><W46/><G70/><T125/><D104/><U100/><E132/><V56/><F122/><W94/><G133/><T102/><D102/><U27/><E100/><V40/><F116/><W127/><G127/><T20/><D125/><U22/><E79/><V53/><F40/><W34/><G25/><T41/><D119/><U123/><E123/><V10/><F129/><W99/><G57/><T117/><D117/><U30/><E49/><V44/><F106/><W81/><G81/><T50/><D36/><U67/><REACH who="1" step="1"/><E30/><REACH who="1" ten="220,231,225,314" step="2"/><V18/><F29/><W110/><G131/><T3/><D38/><U24/><AGARI ba="0,1" hai="2,4,8,16,19,22,23,24,27,60,67,68,84,86" machi="24" ten="20,16000,3" yaku="1,1,2,1,0,1,7,1,9,1,52,1,54,1,53,2" doraHai="0" doraHaiUra="12" who="1" fromWho="1" sc="220,-40,231,170,225,-80,314,-40" /><INIT seed="3,0,0,3,4,122" ten="180,401,145,274" oya="3" hai0="98,89,58,118,26,32,82,15,36,87,0,3,92" hai1="13,10,9,66,125,100,61,51,77,90,117,132,38" hai2="20,78,94,129,99,73,25,120,57,29,27,60,105" hai3="50,2,110,34,111,134,14,64,47,22,1,39,8"/><W75/><G75/><T121/><D121/><U7/><E38/><V31/><F120/><W96/><G34/><T12/><D36/><U119/><E132/><V43/><F105/><W62/><G39/><T113/><D118/><U59/><E125/><V81/><F129/><W130/><G134/><T44/><D44/><U97/><E77/><V103/><F43/><W127/><G127/><T76/><D113/><U133/><E133/><V67/><F27/><W41/><G22/><T42/><D42/><U83/><E51/><V40/><F40/><W126/><G126/><T16/><D58/><U95/><E10/><V49/><F49/><W115/><G96/><T91/><D12/><U93/><REACH who="1" step="1"/><E83/><REACH who="1" ten="180,391,145,274" step="2"/><V33/><REACH who="2" step="1"/><F33/><REACH who="2" ten="180,391,135,274" step="2"/><W45/><G130/><T37/><D37/><U112/><E112/><V17/><BYE who="1" /><AGARI ba="0,2" hai="17,20,25,29,31,57,60,67,73,78,81,94,99,103" machi="17" ten="20,8000,1" yaku="1,1,2,1,0,1,7,1,53,1" doraHai="122" doraHaiUra="72" who="2" fromWho="2" sc="180,-20,391,-20,135,100,274,-40" owari="160,-34.0,371,47.1,235,3.5,234,-16.6" /></mjloggm>