<mjloggm ver="2.3"><GO type="225" lobby="0"/><UN n0="%E8%B6%85%E7%B4%9A%E9%B3%B3%E5%87%B0" n1="%70%6E%64%73%6E%67" n2="%E3%83%8F%E3%83%B3%E3%83%89%E3%83%A9%E3%83%BC%E3%83%BB%E3%83%AF%E3%83%B3" n3="%E3%81%8B%E3%82%8F%E3%81%A1%E3%82%83%E3%82%93%35%38" dan="16,16,17,17" rate="2118.85,2110.95,2219.69,2174.45" sx="F,M,M,M"/><TAIKYOKU oya="0"/><INIT seed="0,0,0,1,2,44" ten="250,250,250,250" oya="0" hai0="73,85,133,53,63,104,0,95,5,66,102,49,2" hai1="36,3,113,99,25,54,59,134,55,122,27,6,77" hai2="84,119,72,32,121,79,103,8,83,80,125,42,112" hai3="117,82,40,64,58,108,67,96,105,87,116,30,68"/><T48/><D73/><U29/><E122/><V90/><F121/><W9/><G68/><T78/><D133/><U12/><E134/><V38/><F112/><W123/><G123/><T131/><D131/><U132/><E132/><V21/><F32/><W13/><G30/><T106/><D2/><U86/><E3/><V18/><F125/><W115/><G115/><T43/><D5/><U17/><E6/><V130/><F130/><W92/><G105/><T126/><D126/><U93/><E36/><V74/><F119/><W10/><G108/><T129/><D129/><U91/><E113/><V71/><F71/><W14/><G40/><T24/><D24/><U100/><E77/><V7/><F103/><N who="3" m="60807" /><G117/><T57/><D0/><U37/><E37/><V52/><F74/><W75/><G75/><T98/><D43/><U94/><E29/><V107/><F107/><W128/><G128/><T28/><D28/><U88/><E100/><V46/><F7/><N who="3" m="3263" /><G58/><T109/><D109/><U34/><E55/><V62/><F8/><W23/><G23/><T111/><D111/><U11/><REACH who="1" step="1"/><E34/><REACH who="1" ten="250,240,250,250" step="2"/><V65/><F52/><W26/><G116/><T56/><D53/><U114/><E114/><V110/><F110/><W22/><G67/><T101/><D104/><U4/><E4/><V35/><F35/><W41/><G64/><T51/><D106/><U127/><E127/><V50/><F38/><W47/><G41/><T19/><D101/><U120/><E120/><V39/><F39/><W33/><G33/><T97/><D102/><U118/><E118/><V20/><F18/><W89/><G89/><RYUUKYOKU ba="0,1" sc="250,-15,240,15,250,15,250,-15" hai1="11,12,17,25,27,54,59,86,88,91,93,94,99" hai2="20,21,42,46,50,62,65,72,79,80,83,84,90" /><INIT seed="1,1,1,1,0,29" ten="235,255,265,235" oya="1" hai0="80,81,43,87,37,116,12,41,111,36,82,122,102" hai1="28,51,125,75,47,67,76,133,90,91,54,19,103" hai2="84,118,121,35,97,86,109,55,57,120,62,18,65" hai3="3,113,56,53,23,104,25,128,16,93,127,126,114"/><U69/><E133/><V99/><F118/><W132/><G104/><T17/><D116/><U59/><E125/><N who="3" m="47626" /><G3/><T6/><D111/><U89/><E28/><V78/><F109/><W79/><G132/><T4/><D122/><U38/><E103/><V33/><F18/><W46/><G128/><T71/><D71/><U108/><E108/><V74/><F74/><W11/><G79/><T9/><D102/><U34/><E75/><V13/><F13/><N who="3" m="7231" /><G46/><T92/><D37/><U32/><E76/><V88/><F78/><W42/><G93/><T0/><D0/><U21/><E69/><V123/><F86/><W107/><G42/><N who="0" m="15883" /><D36/><U40/><REACH who="1" step="1"/><E67/><REACH who="1" ten="235,245,265,235" step="2"/><V15/><F65/><W14/><G107/><T1/><D1/><U26/><AGARI ba="1,2" hai="19,21,26,32,34,38,40,47,51,54,59,89,90,91" machi="26" ten="30,18000,2" yaku="1,1,2,1,0,1,52,2,53,1" doraHai="29" doraHaiUra="45" who="1" fromWho="1" sc="235,-61,245,203,265,-61,235,-61" /><INIT seed="1,2,0,0,3,116" ten="174,448,204,174" oya="1" hai0="42,74,87,106,81,133,55,10,66,23,95,53,34" hai1="86,80,61,28,63,16,65,52,67,111,79,11,129" hai2="98,44,21,121,5,4,71,45,37,78,92,60,57" hai3="77,127,56,122,131,43,62,89,46,30,15,22,31"/><U39/><E39/><V40/><F71/><W96/><G122/><T27/><D106/><U64/><E129/><V59/><F121/><W102/><G131/><T113/><D113/><U17/><E111/><V108/><F108/><W83/><G89/><T20/><D133/><U107/><E107/><V112/><F112/><W69/><G69/><T132/><D132/><U99/><E99/><V90/><F78/><W58/><G127/><T91/><D66/><U134/><E134/><V103/><F44/><W93/><G15/><T119/><D119/><U115/><E28/><V104/><F21/><W19/><G58/><T14/><D42/><U88/><E115/><V117/><F59/><W123/><G123/><T126/><D126/><U29/><E29/><V130/><F117/><W25/><G83/><T47/><D34/><U26/><E79/><V18/><F18/><N who="1" m="7273" /><E11/><V72/><F72/><W3/><G3/><T97/><D74/><U124/><E124/><V114/><F114/><W84/><G84/><T50/><D27/><U41/><E41/><V128/><F128/><W2/><G2/><T7/><REACH who="0" step="1"/><D53/><REACH who="0" ten="164,448,204,174" step="2"/><U105/><E105/><V32/><F32/><W75/><G75/><T101/><AGARI ba="2,1" hai="7,10,14,20,23,47,50,55,81,87,91,95,97,101" machi="101" ten="20,8000,1" yaku="1,1,2,1,0,1,7,1,8,1,53,0" doraHai="116" doraHaiUra="13" who="0" fromWho="0" sc="164,96,448,-42,204,-22,174,-22" /><INIT seed="2,0,0,4,1,62" ten="260,406,182,152" oya="2" hai0="7,78,68,116,90,129,111,32,27,12,55,75,135" hai1="123,100,29,126,87,51,6,1,8,120,113,46,82" hai2="2,15,77,14,112,74,122,34,133,108,49,93,67" hai3="44,48,33,28,56,134,96,63,105,119,70,38,52"/><V73/><F112/><W125/><G28/><T31/><D68/><U18/><E126/><V64/><F122/><N who="1" m="46633" /><E113/><V61/><F2/><W83/><G33/><T26/><D111/><U92/><E29/><V47/><F34/><W57/><G83/><T81/><D129/><U39/><E18/><V36/><F36/><W88/><G105/><T3/><D135/><U102/><E92/><V109/><F133/><W131/><G134/><T128/><D128/><U25/><E25/><V40/><F93/><N who="3" m="56359" /><G119/><T130/><D116/><U59/><E59/><V89/><F89/><W66/><G131/><T41/><D130/><U117/><E39/><V86/><F86/><W21/><G125/><T101/><D31/><U0/><E0/><V42/><F42/><N who="3" m="22615" /><G57/><T35/><D41/><N who="1" m="25039" /><E117/><V115/><F115/><W43/><G43/><T10/><D35/><U80/><E80/><N who="2" m="45103" /><F74/><W50/><G50/><T58/><D32/><U107/><E107/><V20/><F20/><AGARI ba="0,0" hai="20,21,48,52,56,63,66,70" m="22615,56359" machi="20" ten="30,7700,0" yaku="24,1,52,1,54,2" doraHai="62" who="3" fromWho="2" sc="260,0,406,0,182,-77,152,77" /><INIT seed="3,0,0,4,3,2" ten="260,406,105,229" oya="3" hai0="98,77,59,122,134,29,109,102,64,21,49,127,117" hai1="40,128,130,103,126,86,24,63,46,70,89,94,73" hai2="35,48,79,39,5,90,69,135,118,108,125,71,3" hai3="113,44,107,67,99,85,131,106,12,45,58,22,19"/><W41/><G113/><T4/><D117/><U20/><E73/><V82/><F48/><W83/><G131/><N who="1" m="50218" /><E103/><V91/><F5/><W92/><G106/><T119/><D49/><N who="1" m="26823" /><E63/><V68/><F82/><W23/><G107/><T61/><D21/><U93/><E70/><V25/><F25/><W42/><G58/><T55/><D29/><N who="1" m="17543" /><E126/><V27/><F27/><W17/><G67/><T47/><D61/><U0/><E0/><V104/><F79/><W50/><G44/><T84/><D47/><U26/><E26/><V11/><F11/><W74/><G74/><T95/><D102/><U111/><E111/><V80/><F80/><AGARI ba="0,0" hai="80,86,89,93,94" m="17543,26823,50218" machi="80" ten="30,1000,0" yaku="19,1" doraHai="2" who="1" fromWho="2" sc="260,0,406,10,105,-10,229,0" owari="260,6.0,416,51.6,95,-40.5,229,-17.1" /></mjloggm>