<mjloggm ver="2.3"><GO type="225" lobby="0"/><UN n0="%E6%A1%9C%E8%8A%B1%E9%96%83%E3%80%85" n1="%43%68%65" n2="%61%67%65%48%61" n3="%E6%97%A5%E6%9B%9C%E6%97%A5%E3%82%88%E3%82%8A%E3%81%AE%E4%BD%BF%E8%80%85" dan="18,16,16,17" rate="2219.81,2162.56,2046.30,2161.69" sx="M,M,M,M"/><TAIKYOKU oya="0"/><INIT seed="0,0,0,4,1,101" ten="250,250,250,250" oya="0" hai0="43,118,60,15,78,63,128,131,82,114,88,130,32" hai1="25,38,7,102,14,50,10,35,17,47,52,28,98" hai2="107,29,61,48,90,27,51,0,20,54,70,1,19" hai3="109,46,31,26,76,5,86,135,91,79,4,53,55"/><T12/><D114/><U120/><E38/><V108/><F108/><W104/><G104/><T97/><D32/><U37/><E37/><V16/><F48/><W132/><G109/><T103/><D43/><U113/><E113/><V44/><F107/><W39/><G39/><T77/><D118/><U73/><E73/><V68/><F90/><W65/><G65/><T99/><D88/><U115/><E115/><V87/><F87/><W116/><G116/><T124/><D124/><U122/><REACH who="1" step="1"/><E7/><REACH who="1" ten="250,240,250,250" step="2"/><V89/><F70/><W134/><G4/><T121/><D121/><U34/><E34/><V64/><REACH who="2" step="1"/><F89/><REACH who="2" ten="250,240,240,250" step="2"/><W8/><G91/><T80/><D130/><U18/><E18/><AGARI ba="0,2" hai="0,1,16,18,19,20,27,29,44,51,54,61,64,68" machi="18" ten="40,5200,0" yaku="1,1,2,1,54,1,53,0" doraHai="101" doraHaiUra="2" who="2" fromWho="1" sc="250,0,240,-52,240,72,250,0" /><INIT seed="1,0,0,4,2,62" ten="250,188,312,250" oya="1" hai0="46,59,6,26,101,125,76,74,69,31,106,83,60" hai1="32,78,120,100,131,105,5,89,4,85,9,121,50" hai2="80,49,16,63,113,24,87,20,84,22,52,40,42" hai3="122,98,134,37,133,135,64,114,132,43,10,3,45"/><U27/><E131/><V41/><F113/><W38/><N who="3" m="33792" /><DORA hai="28" /><W66/><G114/><T15/><D125/><U14/><E4/><V2/><F2/><W104/><G37/><T117/><D117/><U81/><E105/><V108/><F108/><W123/><G104/><T33/><D46/><U51/><E100/><V129/><F129/><W11/><G98/><N who="0" m="61751" /><D59/><U58/><E89/><N who="2" m="51335" /><F63/><W91/><G91/><T48/><D15/><U65/><E51/><V116/><F116/><W68/><G68/><T128/><D6/><U17/><E17/><N who="2" m="12303" /><F87/><W127/><G127/><T36/><D48/><U102/><E102/><V71/><F71/><W93/><G93/><T130/><D36/><U97/><E97/><V57/><F40/><W119/><G119/><T111/><D111/><U118/><E118/><V12/><AGARI ba="0,0" hai="12,16,22,41,42,49,52,57" m="12303,51335" machi="12" ten="30,4000,0" yaku="8,1,54,2" doraHai="62,28" who="2" fromWho="2" sc="250,-10,188,-20,312,40,250,-10" /><INIT seed="2,0,0,2,5,112" ten="240,168,352,240" oya="2" hai0="115,39,133,78,2,113,71,38,4,5,18,35,89" hai1="68,20,74,12,72,114,76,104,21,22,88,10,77" hai2="102,117,119,37,64,93,6,96,55,97,58,16,59" hai3="34,48,134,46,111,91,41,126,94,130,44,124,107"/><V99/><F37/><W118/><G107/><T86/><D78/><U36/><E114/><V109/><F6/><W105/><G105/><T28/><D18/><U90/><E104/><V83/><F64/><W129/><G34/><T82/><D71/><U84/><E68/><V85/><F109/><W63/><G63/><T17/><D17/><U127/><E36/><V125/><F125/><N who="3" m="48235" /><G111/><T23/><D23/><U116/><E127/><V33/><F33/><W1/><G1/><T110/><D5/><U70/><E70/><V131/><F58/><W69/><G69/><T57/><D57/><U135/><E135/><V3/><F3/><W66/><G66/><T42/><D133/><U0/><E0/><V95/><F131/><N who="3" m="50187" /><G134/><T81/><D110/><U67/><E67/><V103/><F97/><N who="3" m="57567" /><G46/><T98/><D35/><U56/><E56/><V87/><F87/><W123/><G123/><T32/><D32/><U75/><E116/><AGARI ba="0,0" hai="41,44,48,116,118" m="57567,50187,48235" machi="116" ten="30,7700,0" yaku="18,1,19,1,52,2" doraHai="112" who="3" fromWho="1" sc="240,0,168,-77,352,0,240,77" /><INIT seed="3,0,0,4,4,12" ten="240,91,352,317" oya="3" hai0="112,67,26,8,39,63,60,74,34,106,113,40,114" hai1="58,117,71,94,5,100,75,22,70,50,16,52,126" hai2="0,115,43,61,46,65,24,45,57,134,98,33,11" hai3="72,86,79,99,73,36,124,122,56,41,101,83,120"/><W4/><G4/><T121/><D121/><N who="3" m="46697" /><G56/><T42/><D74/><N who="3" m="28777" /><G41/><N who="0" m="15979" /><D106/><U93/><E75/><V21/><F115/><W59/><G59/><T47/><D8/><U17/><E126/><V132/><F33/><W109/><G36/><T87/><D87/><U77/><E77/><V135/><F98/><W10/><G10/><T68/><D39/><U25/><E117/><V2/><F11/><W37/><G37/><T127/><D127/><U105/><E5/><V104/><F104/><N who="3" m="63551" /><G124/><T128/><D128/><U90/><E105/><V18/><F46/><W9/><G9/><T91/><D91/><U78/><E78/><V62/><F61/><W13/><G13/><T76/><D76/><U82/><E71/><V97/><F97/><W69/><G69/><T102/><D102/><U111/><E70/><V130/><F130/><W133/><G133/><T31/><D63/><U35/><E35/><V110/><F110/><AGARI ba="0,0" hai="79,83,86,109,110" m="63551,28777,46697" machi="110" ten="40,3900,0" yaku="34,2" doraHai="12" who="3" fromWho="2" sc="240,0,91,0,352,-39,317,39" owari="240,-16.0,91,-40.9,313,11.3,356,45.6" /></mjloggm>