<mjloggm ver="2.3"><GO type="225" lobby="0"/><UN n0="%E3%82%BF%E3%83%BC%E3%83%90%E3%83%B3%E9%87%8E%E5%8F%A3" n1="%E5%B0%8F%E9%B3%A5%E9%81%8A%E7%B7%B4%E7%84%A1%32%31%E6%AD%B3" n2="%4C%4F%4C%49%54%41" n3="%28%EF%BF%A3%E2%96%BD%EF%BF%A3%29%CE%B4%E2%8C%92%E3%83%BB" dan="16,16,16,16" rate="2135.63,2152.88,2184.15,2115.42" sx="M,F,F,M"/><TAIKYOKU oya="0"/><INIT seed="0,0,0,4,4,61" ten="250,250,250,250" oya="0" hai0="56,86,60,47,18,71,134,70,10,120,67,91,114" hai1="127,80,101,117,62,63,66,68,96,13,64,118,24" hai2="121,119,46,133,6,8,1,75,125,29,102,33,116" hai3="78,112,36,54,82,19,79,106,17,89,111,115,73"/><T16/><D120/><U105/><E127/><V34/><F75/><W0/><G36/><T25/><D114/><U41/><E13/><V88/><F121/><W2/><G106/><T76/><D134/><U40/><E80/><V87/><F125/><W123/><G123/><T126/><D126/><U84/><E84/><V107/><F133/><W94/><G111/><T69/><D76/><U22/><E41/><V129/><F129/><W5/><G79/><T128/><D128/><U100/><E100/><V135/><F135/><W52/><G19/><T28/><D47/><U23/><E40/><V99/><F46/><W77/><G17/><T15/><D18/><U81/><E81/><V48/><F48/><W58/><G77/><T83/><REACH who="0" step="1"/><D69/><REACH who="0" ten="240,250,250,250" step="2"/><U90/><E117/><N who="2" m="45131" /><F29/><W98/><G5/><T7/><D7/><U14/><E118/><V3/><F3/><W31/><G0/><T35/><AGARI ba="0,1" hai="10,15,16,25,28,35,56,60,67,70,71,83,86,91" machi="35" ten="20,18000,2" yaku="1,1,0,1,7,1,52,1,54,1,53,1" doraHai="61" doraHaiUra="85" who="0" fromWho="0" sc="240,190,250,-60,250,-60,250,-60" /><INIT seed="0,1,0,5,2,85" ten="430,190,190,190" oya="0" hai0="37,26,93,34,120,48,42,114,108,18,106,23,6" hai1="132,7,100,60,25,32,4,86,121,56,111,52,66" hai2="88,5,9,131,65,57,110,16,27,74,14,64,95" hai3="127,89,125,101,2,82,55,76,19,116,77,58,98"/><T11/><D120/><U134/><E121/><V122/><F74/><W39/><G2/><T10/><D106/><U123/><E123/><V38/><F38/><W124/><G39/><T91/><D114/><U35/><E100/><V29/><F122/><W79/><G116/><T87/><D108/><U3/><E111/><V75/><F75/><W109/><G109/><T72/><D72/><U78/><E66/><V45/><F131/><W67/><G67/><T44/><D34/><N who="1" m="12843" /><E25/><V61/><F110/><W97/><G19/><T59/><REACH who="0" step="1"/><D6/><REACH who="0" ten="420,190,190,190" step="2"/><U103/><E4/><V130/><F5/><W102/><G125/><T47/><D47/><U118/><E7/><V17/><F45/><W92/><G124/><T12/><D12/><U46/><E46/><V43/><F130/><W90/><G127/><T69/><D69/><U21/><E3/><V22/><F43/><W51/><REACH who="3" step="1"/><G82/><REACH who="3" ten="420,190,190,180" step="2"/><T36/><D36/><U8/><E134/><V28/><F64/><W107/><AGARI ba="1,2" hai="51,55,58,76,77,79,89,90,92,97,98,101,102,107" machi="107" ten="30,12000,2" yaku="1,1,2,1,0,1,52,2,53,2" doraHai="85" doraHaiUra="99" who="3" fromWho="3" sc="420,-61,190,-31,190,-31,180,143" /><INIT seed="1,0,0,1,3,120" ten="359,159,159,323" oya="1" hai0="84,74,77,109,92,71,103,47,46,97,107,42,21" hai1="76,119,40,20,122,55,130,88,8,106,61,56,98" hai2="58,17,12,39,131,78,15,115,85,87,54,116,32" hai3="0,135,65,43,3,57,80,95,112,114,75,63,69"/><U102/><E122/><V93/><F116/><W10/><G135/><T28/><D71/><U59/><E119/><V82/><F39/><W126/><G126/><T18/><D28/><U33/><E33/><V129/><F32/><W51/><G95/><T117/><D117/><U52/><E130/><N who="2" m="49675" /><F115/><W25/><G25/><T2/><D2/><U49/><E40/><V127/><F127/><W113/><G10/><T44/><D109/><U72/><E72/><N who="2" m="43335" /><F93/><W30/><G30/><T121/><D121/><U6/><E76/><V64/><F64/><W53/><G75/><T125/><D125/><U35/><E35/><V83/><F17/><W133/><G80/><N who="0" m="47119" /><D107/><U23/><REACH who="1" step="1"/><E88/><REACH who="1" ten="359,149,159,323" step="2"/><N who="2" m="51263" /><F87/><W96/><G133/><T118/><D118/><U105/><E105/><V70/><F70/><W66/><G113/><T9/><D74/><U104/><E104/><V14/><F14/><AGARI ba="0,1" hai="6,8,14,20,23,49,52,55,56,59,61,98,102,106" machi="14" ten="30,5800,0" yaku="1,1,7,1,54,1,53,0" doraHai="120" doraHaiUra="68" who="1" fromWho="2" sc="359,0,149,68,159,-58,323,0" /><INIT seed="1,1,0,5,0,41" ten="359,217,101,323" oya="1" hai0="54,75,100,78,59,68,52,56,110,122,107,115,97" hai1="49,33,35,25,10,38,42,0,132,95,37,8,90" hai2="124,80,19,79,6,70,48,50,53,94,121,7,39" hai3="66,108,62,27,1,18,57,129,87,117,89,58,83"/><U112/><E132/><V23/><F121/><W15/><G1/><T105/><D115/><U4/><E112/><V5/><F39/><W74/><G129/><T13/><D68/><U126/><E126/><V61/><F124/><W69/><G108/><T128/><D128/><U106/><E106/><V96/><F70/><W99/><G117/><T125/><D125/><U45/><E10/><V109/><F109/><W40/><G74/><T123/><D110/><U72/><E72/><V113/><F113/><W29/><G99/><T133/><D133/><U88/><E90/><V73/><F61/><W116/><G40/><T31/><D31/><U71/><E71/><V120/><F120/><N who="0" m="46122" /><D107/><U86/><REACH who="1" step="1"/><E25/><REACH who="1" ten="359,207,101,323" step="2"/><V82/><F73/><W2/><G116/><T127/><D127/><U77/><E77/><V47/><F79/><W30/><G69/><T14/><D78/><U102/><E102/><N who="2" m="60695" /><F50/><W85/><G27/><AGARI ba="1,1" hai="5,6,7,19,23,27,47,48,53,80,82" m="60695" machi="27" ten="30,2000,0" yaku="8,1,52,1" doraHai="41" who="2" fromWho="3" sc="359,0,207,0,101,33,323,-23" /><INIT seed="2,0,0,3,0,51" ten="359,207,134,300" oya="2" hai0="101,58,75,61,45,111,1,0,85,110,89,30,109" hai1="115,95,129,2,77,25,27,72,44,50,53,64,3" hai2="80,71,79,118,113,102,7,117,127,134,69,90,49" hai3="116,105,133,108,43,124,21,54,42,57,123,55,88"/><V6/><F113/><W37/><G105/><T87/><D75/><U41/><E129/><V24/><F102/><W15/><G123/><T130/><D130/><U47/><E115/><V119/><F127/><W18/><G116/><T81/><D101/><U35/><E64/><V38/><F38/><W39/><G124/><T34/><D45/><U63/><E95/><V29/><F134/><W28/><G133/><T104/><D104/><U19/><E35/><V92/><F49/><W10/><G39/><T62/><D62/><U93/><E93/><V112/><F112/><W22/><G37/><T36/><D36/><U74/><E77/><V70/><F90/><W4/><G57/><T94/><D30/><U83/><E83/><V48/><F92/><W97/><G28/><T16/><D16/><U84/><E19/><V56/><F48/><W73/><G73/><T103/><D34/><U9/><E9/><V13/><F13/><N who="3" m="5319" /><G108/><T5/><D5/><U65/><E74/><V46/><F46/><W120/><G120/><T82/><D103/><U14/><E72/><V135/><F56/><W23/><G88/><N who="0" m="51247" /><D94/><U76/><E2/><V12/><F135/><W121/><G97/><T128/><D128/><U114/><E3/><V122/><F122/><W78/><G78/><T59/><D59/><U32/><E76/><V26/><F12/><W99/><G99/><T132/><D132/><U126/><E14/><V20/><REACH who="2" step="1"/><F26/><REACH who="2" ten="359,207,124,300" step="2"/><W91/><G121/><T96/><D96/><U17/><E25/><V98/><F98/><W66/><G91/><T125/><D125/><U68/><E126/><RYUUKYOKU ba="0,1" sc="359,15,207,-15,124,15,300,-15" hai0="0,1,58,61,82,87,89,109,110,111" hai2="6,7,20,24,29,69,70,71,79,80,117,118,119" /><INIT seed="2,1,1,5,3,53" ten="374,192,139,285" oya="2" hai0="122,96,9,23,127,46,24,90,76,63,88,126,16" hai1="64,39,59,117,54,5,81,70,1,6,56,29,41" hai2="32,40,13,8,31,83,34,125,113,30,51,107,10" hai3="18,55,128,4,105,27,89,68,132,52,65,28,75"/><V37/><F113/><W94/><G105/><T91/><D122/><U17/><E117/><V80/><F107/><W14/><G75/><T48/><D76/><U112/><E112/><V131/><F37/><W38/><G38/><T116/><D116/><U22/><E29/><V79/><F125/><N who="0" m="47626" /><D63/><U26/><E1/><V109/><F131/><W72/><G72/><T2/><D96/><U82/><E70/><V133/><F133/><W97/><G132/><T115/><D115/><U98/><E98/><V60/><F60/><W86/><G4/><N who="1" m="1642" /><E41/><V111/><F51/><W36/><G36/><T50/><D2/><U87/><E39/><V3/><F3/><W134/><G128/><T108/><D108/><N who="2" m="41546" /><F40/><W62/><G97/><T66/><D66/><U93/><E64/><V20/><F83/><N who="1" m="31753" /><E54/><V103/><F103/><W45/><G134/><T12/><D46/><U47/><E47/><V129/><F129/><W101/><G101/><T21/><D21/><U100/><E100/><V11/><F13/><W19/><G45/><T135/><D135/><U61/><E61/><V118/><F118/><W120/><G14/><T121/><D121/><U57/><E87/><N who="2" m="48543" /><F20/><N who="3" m="15463" /><G120/><T123/><D123/><U33/><E33/><AGARI ba="1,1" hai="8,10,11,30,31,32,33,34" m="48543,41546" machi="33" ten="40,3900,0" yaku="14,1,10,1" doraHai="53" who="2" fromWho="1" sc="374,0,192,-42,139,52,285,0" /><INIT seed="2,2,0,4,0,98" ten="374,150,191,285" oya="2" hai0="20,69,32,127,65,90,79,1,23,92,44,63,45" hai1="110,116,50,12,107,21,57,66,62,67,133,3,70" hai2="128,43,83,61,29,27,131,8,14,35,105,134,130" hai3="41,121,93,112,72,118,15,36,16,74,103,52,96"/><V84/><F105/><W108/><G121/><T95/><D32/><U34/><E116/><V120/><F120/><W104/><G118/><T113/><D113/><U28/><E3/><V106/><F106/><W33/><G33/><T18/><D1/><U100/><E133/><V9/><F134/><W86/><G112/><T42/><D127/><U68/><E110/><V55/><F43/><W82/><G108/><T91/><D79/><U2/><E2/><V73/><F73/><W38/><G104/><T102/><D102/><U76/><E76/><V53/><F61/><W64/><G64/><T46/><D42/><U11/><E21/><V119/><F119/><W125/><G125/><T25/><D92/><U75/><E75/><V24/><F27/><W39/><G41/><T122/><D122/><U89/><E89/><N who="2" m="51359" /><F8/><W101/><G52/><T22/><REACH who="0" step="1"/><D91/><REACH who="0" ten="364,150,191,285" step="2"/><U129/><E34/><V10/><F35/><W54/><G103/><T19/><D19/><U37/><E100/><V56/><F130/><W47/><G16/><T49/><D49/><U123/><E129/><V4/><F131/><W5/><G5/><T51/><D51/><U109/><E123/><V17/><F128/><W40/><G38/><T7/><D7/><U115/><E37/><V77/><F77/><N who="3" m="46415" /><G39/><T132/><D132/><U59/><E115/><V85/><F4/><W6/><G54/><T31/><D31/><U13/><E107/><V48/><F55/><W99/><G99/><AGARI ba="2,1" hai="18,20,22,23,25,44,45,46,63,65,69,90,95,99" machi="99" ten="40,1300,0" yaku="1,1,53,0" doraHai="98" doraHaiUra="80" who="0" fromWho="3" sc="364,29,150,0,191,0,285,-19" /><INIT seed="3,0,0,2,4,60" ten="393,150,191,266" oya="3" hai0="130,79,51,133,61,68,2,55,48,0,123,17,94" hai1="87,41,5,32,53,119,59,101,129,78,12,38,62" hai2="34,29,83,52,21,40,109,58,131,44,54,97,114" hai3="81,111,35,99,112,15,16,36,27,9,80,71,64"/><W82/><G36/><T86/><D123/><U120/><E120/><V10/><F34/><W93/><G112/><T115/><D130/><U103/><E119/><V76/><F114/><W113/><G113/><T125/><D115/><U118/><E32/><V39/><F109/><W7/><G111/><T11/><D125/><U67/><E129/><V105/><F131/><W8/><G35/><T46/><D133/><U102/><E118/><V135/><F135/><W1/><G27/><T25/><D68/><U75/><E75/><V3/><F21/><W122/><G122/><T6/><D61/><U90/><E78/><V31/><F97/><W43/><G43/><T33/><D0/><U72/><E72/><N who="2" m="43399" /><F105/><W77/><G71/><T117/><D117/><U50/><E38/><V134/><F54/><W132/><G132/><T47/><D17/><U37/><E41/><V121/><F121/><W106/><G106/><T63/><D63/><U127/><E37/><V84/><F84/><W88/><REACH who="3" step="1"/><G64/><REACH who="3" ten="393,150,191,256" step="2"/><T85/><D25/><U92/><E127/><V30/><F134/><W116/><G116/><T24/><D24/><U91/><E91/><V73/><F39/><W23/><G23/><T69/><D69/><U66/><E50/><V95/><F40/><W26/><G26/><T128/><D128/><U65/><E65/><V98/><F30/><W22/><G22/><T49/><D33/><U28/><E28/><V96/><F29/><W20/><G20/><T14/><D51/><U124/><E124/><V70/><F31/><W56/><G56/><T74/><D49/><U107/><E107/><RYUUKYOKU ba="0,1" sc="393,-15,150,15,191,-15,256,15" hai1="5,12,53,59,62,66,67,87,90,92,101,102,103" hai3="1,7,8,9,15,16,77,80,81,82,88,93,99" /><INIT seed="3,1,1,1,1,83" ten="378,165,176,271" oya="3" hai0="14,5,76,121,63,124,74,111,112,66,119,45,30" hai1="52,117,127,135,79,134,18,75,38,64,96,11,89" hai2="110,21,54,102,49,1,65,32,36,10,68,126,113" hai3="29,131,100,46,118,20,42,116,56,91,107,34,16"/><W95/><G131/><T44/><D121/><U41/><E64/><V101/><F32/><W26/><G107/><T73/><D119/><U60/><E117/><V84/><F36/><W58/><G100/><T35/><D111/><U128/><E128/><V115/><F110/><W80/><G80/><T43/><D30/><U87/><E75/><V53/><F126/><W123/><G123/><T104/><D35/><U132/><E79/><V130/><F130/><W37/><G118/><T17/><D104/><U105/><E127/><V15/><F1/><W8/><G8/><T23/><D124/><U50/><E38/><V72/><F72/><W133/><G133/><T97/><D112/><U31/><E31/><V3/><F3/><W2/><G2/><T59/><D76/><U77/><E77/><V120/><F21/><W9/><G9/><T28/><D44/><N who="1" m="27719" /><E41/><V92/><F120/><W13/><REACH who="3" step="1"/><G116/><REACH who="3" ten="378,165,176,261" step="2"/><T94/><D74/><U81/><E105/><V55/><F113/><W93/><G93/><T51/><D73/><U25/><E11/><V103/><F115/><W129/><G129/><T108/><D108/><U82/><E81/><V33/><F92/><W70/><G70/><T88/><D5/><U125/><E125/><V57/><F68/><W106/><G106/><T109/><D109/><U69/><E69/><V61/><F10/><W40/><G40/><T85/><D28/><U7/><E7/><V12/><F102/><W90/><G90/><T4/><D4/><U19/><E96/><AGARI ba="1,2" hai="13,16,20,26,29,34,37,42,46,56,58,91,95,96" machi="96" ten="30,5800,0" yaku="1,1,7,1,54,1,53,0" doraHai="83" doraHaiUra="67" who="3" fromWho="1" sc="378,0,165,-61,176,0,261,81" /><AGARI ba="1,0" hai="14,17,23,43,45,51,59,63,66,85,88,94,96,97" machi="96" ten="40,5200,0" yaku="8,1,52,1,54,1" doraHai="83" who="0" fromWho="1" sc="378,52,104,-52,176,0,342,0" /><INIT seed="3,2,0,3,0,18" ten="430,52,176,342" oya="3" hai0="20,93,108,10,59,33,128,103,57,34,85,7,117" hai1="120,102,122,1,54,43,70,126,37,113,76,123,133" hai2="90,25,100,44,35,81,0,97,84,110,75,39,127" hai3="118,23,15,55,12,41,29,53,66,21,42,60,82"/><W52/><G118/><T14/><D117/><U36/><E54/><V83/><F0/><W65/><G82/><T134/><D108/><U104/><E102/><V68/><F68/><W124/><G124/><T46/><D128/><U105/><E76/><V38/><F110/><W50/><G29/><T112/><D134/><U116/><E43/><N who="3" m="16394" /><G50/><T77/><D112/><U72/><E37/><V8/><F44/><W49/><G49/><T71/><D71/><U27/><E27/><V107/><F8/><W61/><G60/><T132/><D132/><U28/><E28/><V2/><F2/><W89/><G89/><T99/><D46/><U111/><E105/><V69/><F69/><W78/><G78/><T51/><D51/><U79/><E79/><V6/><F90/><W115/><G115/><T22/><D33/><U125/><E122/><V3/><F3/><W106/><G106/><T94/><D34/><U63/><E63/><V58/><F35/><W131/><G131/><T80/><D93/><U87/><E87/><V19/><F84/><W32/><G32/><T17/><D20/><N who="3" m="7753" /><G61/><T16/><D17/><U135/><E123/><V40/><F127/><W48/><G48/><T86/><D86/><U114/><E126/><V56/><F39/><W95/><G95/><T11/><D11/><U130/><E113/><V98/><F38/><W96/><G96/><T129/><D129/><U24/><E24/><AGARI ba="2,0" hai="7,10,14,16,22,24,57,59,77,80,85,94,99,103" machi="24" ten="30,7700,0" yaku="7,1,8,1,52,1,54,1" doraHai="18" who="0" fromWho="1" sc="430,83,52,-83,176,0,342,0" owari="513,61.3,-31,-53.1,176,-22.4,342,14.2" /></mjloggm>