<mjloggm ver="2.3"><GO type="225" lobby="0"/><UN n0="%70%6E%64%73%6E%67" n1="%72%69%6F%75%63%68%61%6E" n2="%E6%81%A5%E6%99%92%E3%81%97" n3="%77%72%77%72%77%72%77%72" dan="16,16,16,17" rate="2133.12,2184.99,2115.52,2215.30" sx="M,M,M,M"/><TAIKYOKU oya="0"/><BYE who="3" /><UN n3="%77%72%77%72%77%72%77%72" /><INIT seed="0,0,0,3,1,62" ten="250,250,250,250" oya="0" hai0="65,57,63,19,119,131,117,87,92,70,112,61,73" hai1="83,128,1,10,106,82,31,56,105,12,43,115,85" hai2="60,32,101,66,97,67,91,40,81,114,59,68,77" hai3="122,108,104,49,109,15,27,132,26,80,116,135,121"/><T84/><D112/><U72/><E128/><V127/><F127/><W18/><G104/><T134/><D131/><U98/><E115/><V53/><F114/><W41/><G80/><T4/><D73/><U130/><E130/><V9/><F32/><W42/><G49/><T21/><D4/><U118/><E118/><V94/><F68/><W126/><G42/><T86/><D134/><N who="3" m="51241" /><G41/><T96/><D96/><U88/><E1/><V76/><F40/><W52/><G52/><T103/><D103/><U16/><E31/><V14/><F101/><W74/><G74/><T133/><D92/><U45/><E56/><V20/><F20/><N who="3" m="11359" /><G116/><T35/><D35/><U29/><E29/><V99/><F97/><W0/><G0/><T44/><D44/><U50/><REACH who="1" step="1"/><E98/><REACH who="1" ten="250,240,250,250" step="2"/><V79/><REACH who="2" step="1"/><F81/><REACH who="2" ten="250,240,240,250" step="2"/><W39/><G126/><T90/><D133/><U17/><E17/><AGARI ba="0,2" hai="9,14,17,53,59,60,66,67,76,77,79,91,94,99" machi="17" ten="40,8000,1" yaku="1,1,2,1,8,1,52,2,53,0" doraHai="62" doraHaiUra="129" who="2" fromWho="1" sc="250,0,240,-80,240,100,250,0" /><INIT seed="1,0,0,3,1,38" ten="250,160,340,250" oya="1" hai0="95,27,128,51,58,65,85,32,90,87,94,24,56" hai1="47,81,30,20,62,48,64,11,89,133,69,107,39" hai2="98,80,54,5,23,105,19,55,126,104,127,25,33" hai3="93,131,122,130,10,2,76,1,49,26,6,0,21"/><U77/><E133/><V40/><F5/><W22/><G76/><T117/><D117/><U12/><E107/><N who="2" m="41035" /><F33/><W86/><G49/><T88/><D128/><N who="3" m="49193" /><G93/><T29/><D65/><U42/><E89/><V73/><F98/><W111/><G86/><T34/><D51/><U109/><E109/><V35/><F35/><W129/><N who="3" m="49201" /><W63/><DORA hai="97" /><G63/><T66/><D66/><U110/><E110/><V61/><F40/><W53/><G53/><T116/><D116/><U119/><E119/><V7/><F7/><W112/><G111/><T103/><D103/><U132/><E132/><V4/><F4/><W59/><G59/><T17/><D17/><U123/><E123/><V52/><F80/><W60/><G60/><T102/><D102/><U50/><E30/><AGARI ba="0,0" hai="24,27,29,30,32,34,56,58,85,87,88,90,94,95" machi="30" ten="40,8000,1" yaku="32,3,54,1" doraHai="38,97" who="0" fromWho="1" sc="250,80,160,-80,340,0,250,0" /><INIT seed="2,0,0,2,1,17" ten="330,80,340,250" oya="2" hai0="1,28,18,109,99,102,123,32,131,95,24,50,88" hai1="7,33,65,68,121,29,53,103,110,37,19,25,124" hai2="10,101,96,84,97,94,82,57,9,70,89,42,0" hai3="66,15,8,35,86,122,72,71,114,49,14,129,11"/><V3/><F70/><W27/><G72/><T31/><D123/><U81/><E124/><V34/><F34/><W117/><G122/><T61/><D109/><U90/><E121/><V16/><F42/><W118/><G129/><T41/><D1/><U130/><E130/><V112/><F112/><W83/><G114/><T44/><D131/><U47/><E110/><V125/><F125/><W79/><G49/><T100/><D31/><U73/><E19/><V30/><F30/><W104/><G104/><T106/><D106/><U54/><E90/><V120/><F120/><W45/><G45/><T105/><D105/><U78/><E7/><V59/><F3/><W55/><G55/><BYE who="3" /><T23/><REACH who="0" step="1"/><D61/><REACH who="0" ten="320,80,340,250" step="2"/><U62/><REACH who="1" step="1"/><E103/><REACH who="1" ten="320,70,340,250" step="2"/><V63/><F0/><W132/><G132/><T46/><D46/><U69/><E69/><V74/><F101/><UN n3="%77%72%77%72%77%72%77%72" /><W75/><G71/><T93/><D93/><U128/><E128/><V20/><F94/><W36/><G118/><T91/><D91/><U48/><E48/><V113/><F89/><W126/><G117/><T2/><D2/><U111/><E111/><V127/><F127/><W64/><G126/><T58/><D58/><U43/><AGARI ba="0,2" hai="25,29,33,37,43,47,53,54,62,65,68,73,78,81" machi="43" ten="30,2000,0" yaku="1,1,0,1,53,0" doraHai="17" doraHaiUra="6" who="1" fromWho="1" sc="320,-5,70,40,340,-10,250,-5" /><INIT seed="3,0,0,4,0,98" ten="315,110,330,245" oya="3" hai0="87,30,4,88,6,135,71,61,76,107,122,48,82" hai1="59,45,108,92,18,20,99,101,116,62,0,27,42" hai2="103,104,125,17,8,2,63,47,94,102,43,56,3" hai3="120,83,53,96,34,57,33,39,118,127,86,24,41"/><W81/><G118/><T49/><D122/><U112/><E108/><V66/><F104/><W70/><G120/><T60/><D107/><U79/><E112/><V12/><F125/><W11/><G70/><T84/><D135/><U130/><E130/><V16/><F3/><W54/><G127/><T85/><D30/><U134/><E134/><V124/><F2/><W65/><G39/><T68/><D84/><U38/><E116/><V28/><F28/><W55/><G41/><T90/><D82/><U5/><E79/><AGARI ba="0,0" hai="4,6,48,49,60,61,68,71,76,79,85,87,88,90" machi="79" ten="25,3200,0" yaku="22,2,54,1" doraHai="98" who="0" fromWho="1" sc="315,32,110,-32,330,0,245,0" owari="347,44.7,78,-42.2,330,13.0,245,-15.5" /></mjloggm>