<mjloggm ver="2.3"><GO type="225" lobby="0"/><UN n0="%E3%83%A9%E3%83%BC%E3%83%A1%E3%83%B3%E4%BA%94%E9%83%8E" n1="%72%65%6E%6B%75%6E" n2="%72%69%6F%75%63%68%61%6E" n3="%E8%B6%85%E7%B4%9A%E9%B3%B3%E5%87%B0" dan="16,17,16,17" rate="2092.31,2226.38,2166.34,2209.46" sx="M,M,M,M"/><TAIKYOKU oya="0"/><INIT seed="0,0,0,4,0,122" ten="250,250,250,250" oya="0" hai0="41,35,15,58,49,7,115,106,65,74,79,102,133" hai1="34,131,134,44,108,48,76,117,53,82,30,120,101" hai2="20,23,17,85,94,36,72,60,77,104,8,25,109" hai3="24,3,127,105,37,12,123,93,129,28,124,118,100"/><T128/><D115/><U63/><E117/><V95/><F109/><W92/><G118/><T26/><D128/><U130/><E120/><V135/><F104/><W29/><G123/><T47/><D133/><U43/><E134/><V62/><F36/><W132/><G132/><T55/><D65/><U61/><E101/><V81/><F135/><W51/><G37/><T70/><D70/><U45/><E108/><V103/><F72/><W110/><G3/><T125/><D125/><N who="3" m="48201" /><G129/><N who="1" m="49162" /><E30/><V119/><F119/><W86/><G12/><T66/><D66/><U9/><E9/><V73/><F73/><W21/><G29/><T6/><D35/><U107/><E107/><V0/><F103/><W113/><G113/><T116/><D116/><U39/><E34/><V13/><F0/><W75/><G75/><AGARI ba="0,0" hai="39,43,44,45,48,53,61,63,75,76,82" m="49162" machi="75" ten="30,1000,0" yaku="19,1" doraHai="122" who="1" fromWho="3" sc="250,0,250,10,250,0,250,-10" /><INIT seed="1,0,0,5,3,39" ten="250,260,250,240" oya="1" hai0="68,32,90,47,72,60,65,78,5,73,9,127,84" hai1="122,115,104,61,119,74,15,120,126,59,22,54,131" hai2="14,42,12,97,38,75,77,17,52,121,71,56,24" hai3="25,8,50,34,48,116,41,87,92,35,89,46,93"/><U64/><E74/><V43/><F121/><N who="1" m="46697" /><E104/><V26/><F71/><W30/><G116/><T7/><D127/><U44/><E15/><N who="2" m="5675" /><F38/><W135/><G135/><T16/><D32/><U112/><E22/><N who="2" m="13391" /><F75/><W108/><G108/><T109/><D109/><U85/><E85/><V62/><F77/><W70/><G70/><T49/><D78/><U29/><E29/><V20/><F97/><W95/><G34/><T69/><D69/><N who="1" m="42127" /><E119/><V23/><F23/><W51/><REACH who="3" step="1"/><G8/><REACH who="3" ten="250,260,250,230" step="2"/><T55/><D9/><U91/><E126/><V28/><AGARI ba="0,1" hai="20,26,28,42,43,52,56,62" m="13391,5675" machi="28" ten="30,7900,0" yaku="8,1,52,2,54,1" doraHai="39" who="2" fromWho="2" sc="250,-20,260,-39,250,89,230,-20" /><INIT seed="2,0,0,2,3,93" ten="230,221,339,210" oya="2" hai0="128,57,23,18,22,73,17,15,96,45,12,120,105" hai1="7,75,50,56,37,30,84,115,26,41,98,27,68" hai2="20,97,78,104,119,106,90,125,88,5,36,6,48" hai3="130,122,86,3,117,99,91,103,70,77,79,110,16"/><V65/><F119/><W34/><G117/><T123/><D73/><U127/><E75/><V116/><F116/><W13/><G122/><T10/><D128/><U63/><E68/><V69/><F36/><W64/><G3/><T35/><D35/><U29/><E115/><V32/><F32/><W89/><G34/><T74/><D74/><U85/><E37/><V47/><F78/><W33/><G33/><T114/><D114/><U95/><E7/><V87/><F125/><W111/><G130/><T4/><D57/><U67/><E127/><V124/><F124/><W133/><G133/><T2/><REACH who="0" step="1"/><D45/><REACH who="0" ten="220,221,339,210" step="2"/><N who="1" m="25903" /><E29/><V25/><F47/><W113/><G113/><T109/><D109/><U101/><E27/><V21/><F25/><W1/><G110/><T71/><D71/><U51/><E51/><V60/><F48/><W59/><G111/><T62/><D62/><U9/><E9/><V39/><F39/><W112/><G70/><T82/><D82/><U31/><E31/><V8/><F8/><W108/><G112/><T43/><D43/><U42/><E42/><V14/><F60/><W76/><G108/><T58/><D58/><U52/><E67/><V38/><F69/><W83/><G64/><T49/><D49/><U61/><E63/><V44/><F38/><W100/><G59/><T102/><AGARI ba="0,1" hai="2,4,10,12,15,17,18,22,23,96,102,105,120,123" machi="102" ten="30,7900,0" yaku="1,1,0,1,9,1,52,1,53,0" doraHai="93" doraHaiUra="46" who="0" fromWho="0" sc="220,89,221,-20,339,-39,210,-20" /><INIT seed="3,0,0,5,2,70" ten="309,201,300,190" oya="3" hai0="41,60,98,97,3,114,5,105,47,133,80,93,87" hai1="129,56,68,120,125,57,124,106,17,45,15,96,130" hai2="35,76,100,121,82,26,73,7,51,40,59,54,53" hai3="30,52,116,38,94,25,9,111,134,39,27,131,66"/><W42/><G116/><T127/><D105/><U104/><E68/><V55/><F121/><W113/><G113/><T29/><D114/><U102/><E104/><V37/><F100/><W91/><G131/><N who="1" m="50186" /><E120/><V103/><F103/><W86/><G134/><T90/><D127/><N who="1" m="48715" /><E45/><V64/><F7/><W84/><G111/><T63/><D133/><U65/><E65/><V71/><F26/><W135/><G135/><T112/><D112/><U89/><E89/><V33/><F54/><W4/><G66/><T132/><D132/><U46/><E46/><N who="2" m="23823" /><F53/><W23/><G52/><T21/><D98/><U19/><E19/><V88/><F88/><W83/><G27/><N who="0" m="16623" /><D5/><U85/><E85/><V13/><F13/><W107/><G42/><T44/><D3/><U69/><E69/><V6/><F6/><W10/><G107/><T8/><D8/><AGARI ba="0,0" hai="8,15,17,56,57,96,102,106" m="48715,50186" machi="8" ten="30,2000,0" yaku="19,1,18,1" doraHai="70" who="1" fromWho="0" sc="309,-20,201,20,300,0,190,0" owari="289,8.9,221,-17.9,300,40.0,190,-31.0" /></mjloggm>