<mjloggm ver="2.3"><GO type="225" lobby="0"/><UN n0="%61%69%73%79%6F" n1="%72%61%6B%33" n2="%E3%81%82%E3%81%99%E3%81%AB%E3%82%83%E3%82%80" n3="%E3%82%B2%E3%82%B9%E8%8C%82%E5%8B%9D" dan="17,16,16,16" rate="2214.18,2129.06,2127.65,2043.54" sx="M,M,F,F"/><TAIKYOKU oya="0"/><INIT seed="0,0,0,1,4,9" ten="250,250,250,250" oya="0" hai0="107,38,27,120,8,105,24,114,19,50,29,95,11" hai1="115,113,135,54,117,37,130,119,55,68,26,18,131" hai2="96,6,103,116,52,14,98,85,66,34,12,64,84" hai3="65,83,41,36,49,76,22,133,93,59,91,90,118"/><T86/><D114/><N who="1" m="43531" /><E26/><V81/><F34/><W102/><G133/><T39/><D120/><U94/><E18/><V45/><F116/><N who="1" m="44617" /><E94/><N who="2" m="58775" /><F98/><W82/><G118/><T69/><D95/><U129/><E135/><V48/><F85/><W70/><G102/><T122/><D86/><U104/><E104/><V108/><F108/><W33/><G33/><T31/><D122/><U58/><E68/><V23/><F23/><W112/><G112/><T63/><D19/><U56/><E37/><V92/><F92/><W30/><G70/><T67/><D69/><U40/><E40/><V51/><F51/><W0/><G36/><T43/><D50/><U17/><E17/><V132/><F132/><W100/><G49/><T77/><D43/><U128/><E128/><V88/><F6/><W78/><G41/><T5/><D5/><U61/><E56/><V1/><F1/><W35/><G0/><T44/><D44/><U53/><AGARI ba="0,0" hai="53,54,55,58,61,129,130,131" m="44617,43531" machi="53" ten="40,8000,1" yaku="19,1,11,1,34,2" doraHai="9" who="1" fromWho="1" sc="250,-40,250,80,250,-20,250,-20" /><INIT seed="1,0,0,0,1,63" ten="210,330,230,230" oya="1" hai0="1,130,16,81,69,31,10,97,100,42,30,40,86" hai1="58,80,127,95,64,104,71,85,54,28,36,134,106" hai2="125,18,22,21,93,47,126,77,78,133,0,108,38" hai3="27,67,52,76,68,39,26,90,117,9,118,120,48"/><U99/><E36/><V56/><F108/><W45/><G120/><T115/><D115/><U112/><E112/><V103/><F0/><W128/><G128/><T44/><D130/><U82/><E127/><N who="2" m="48651" /><F133/><W75/><G39/><T11/><D69/><U15/><E134/><V61/><F22/><W107/><G107/><T111/><D111/><U17/><E28/><V62/><F62/><N who="3" m="40055" /><G90/><T19/><D1/><U8/><E71/><V43/><F103/><W122/><G122/><T132/><D132/><U65/><E106/><V88/><F21/><W89/><G89/><T129/><D129/><U96/><E104/><V5/><F5/><W3/><G3/><T72/><D72/><U13/><E13/><V41/><F41/><N who="0" m="15978" /><D44/><U74/><E74/><V94/><F94/><W55/><G9/><N who="0" m="3083" /><D97/><N who="1" m="37451" /><E95/><V32/><F32/><W84/><G75/><T53/><D53/><U60/><E82/><V2/><F2/><W50/><G55/><T123/><D123/><U135/><E135/><V57/><F57/><W131/><G131/><T102/><D30/><U6/><E6/><V110/><F110/><W87/><G48/><T34/><D31/><U49/><E49/><V33/><F33/><W91/><G87/><T66/><D34/><U70/><E70/><V92/><F92/><N who="3" m="54375" /><G76/><AGARI ba="0,0" hai="8,15,17,54,58,60,64,65,76,80,85" m="37451" machi="76" ten="30,5800,0" yaku="8,1,52,2" doraHai="63" who="1" fromWho="3" sc="210,0,330,58,230,0,230,-58" /><INIT seed="1,1,0,3,1,132" ten="210,388,230,172" oya="1" hai0="11,63,123,34,107,29,50,114,57,112,116,66,126" hai1="10,1,59,69,105,19,100,97,73,87,62,14,102" hai2="80,51,110,60,32,31,58,90,92,39,54,61,131" hai3="121,48,27,68,20,17,103,22,120,53,18,109,85"/><U93/><E73/><V70/><F110/><W75/><G75/><T47/><D116/><U101/><E69/><V28/><F39/><W130/><G109/><T46/><D107/><U124/><E124/><V7/><F131/><W4/><G130/><T134/><D34/><U35/><E35/><V104/><F104/><W81/><G68/><T43/><D29/><U76/><E1/><V23/><F32/><W3/><G103/><T65/><D11/><U25/><E25/><V125/><F125/><W82/><G4/><T117/><D117/><U42/><E42/><V78/><F7/><W71/><G71/><T13/><D13/><U33/><E33/><V94/><F94/><W55/><G3/><T8/><D8/><U52/><E105/><V118/><F118/><W88/><G81/><AGARI ba="1,0" hai="10,14,19,52,59,62,76,81,87,93,97,100,101,102" machi="81" ten="40,3900,0" yaku="8,1,54,1" doraHai="132" who="1" fromWho="3" sc="210,0,388,42,230,0,172,-42" /><INIT seed="1,2,0,3,1,3" ten="210,430,230,130" oya="1" hai0="26,37,129,74,14,21,49,111,135,120,121,97,122" hai1="55,43,89,33,41,22,82,88,124,73,13,18,118" hai2="110,132,24,76,12,47,17,64,92,36,77,5,112" hai3="93,7,19,57,44,78,106,95,0,113,127,128,40"/><U6/><E118/><V133/><F110/><W66/><G106/><T115/><D115/><U71/><E33/><V50/><F36/><W103/><G113/><T60/><D37/><U30/><E71/><V102/><F64/><W61/><G127/><T59/><D111/><U2/><E124/><V70/><F70/><W51/><G128/><T48/><D129/><U130/><E130/><V105/><F105/><W45/><G103/><T9/><D74/><U4/><E30/><V42/><F24/><W20/><G78/><T114/><D97/><U126/><E2/><V119/><F119/><W62/><G62/><T1/><D1/><U52/><E73/><V107/><F107/><W72/><G72/><T96/><D96/><U100/><E100/><V54/><F42/><N who="1" m="15881" /><E126/><V28/><F28/><W69/><G45/><T84/><D84/><N who="1" m="50199" /><E89/><V10/><F112/><W58/><G69/><T23/><D114/><U108/><E108/><V134/><F102/><W27/><REACH who="3" step="1"/><G57/><REACH who="3" ten="210,430,230,120" step="2"/><T79/><D59/><U63/><E63/><V46/><F47/><W35/><G35/><T123/><D60/><U75/><E75/><V29/><F77/><W81/><G81/><T109/><D79/><U39/><E39/><V80/><F80/><W83/><G83/><T32/><D109/><U98/><E98/><V101/><F76/><W31/><G31/><N who="0" m="19575" /><D121/><U117/><E117/><V11/><F29/><W67/><G67/><T16/><D135/><U25/><E25/><V56/><F56/><W65/><G65/><T125/><D125/><U104/><E104/><V8/><F101/><W94/><G94/><RYUUKYOKU ba="2,1" sc="210,10,430,10,230,-30,120,10" hai0="9,14,16,21,23,48,49,120,122,123" hai1="4,6,13,18,22,52,55" hai3="0,7,19,20,27,40,44,51,58,61,66,93,95" /><INIT seed="1,3,1,4,2,70" ten="220,440,200,130" oya="1" hai0="21,83,69,93,45,55,38,103,109,22,77,71,12" hai1="39,119,33,87,100,94,4,68,127,19,28,44,63" hai2="14,75,134,84,114,117,72,32,25,31,26,34,48" hai3="18,10,130,51,62,111,121,13,116,49,64,59,0"/><U52/><E119/><V97/><F117/><W9/><G111/><T47/><D109/><U124/><E4/><V73/><F134/><W41/><G121/><T57/><D103/><U80/><E19/><V105/><F114/><W91/><G130/><T106/><D106/><U35/><E68/><V17/><F48/><W50/><G116/><T36/><D93/><U102/><E63/><V96/><F84/><W76/><G76/><T20/><D12/><U131/><E131/><V16/><F105/><W5/><REACH who="3" step="1"/><G91/><REACH who="3" ten="220,440,200,120" step="2"/><T37/><D77/><U128/><E128/><V118/><F118/><W108/><G108/><T6/><D69/><U7/><E127/><V60/><F75/><W92/><G92/><T23/><D71/><U79/><E94/><V133/><F133/><W86/><G86/><T112/><D112/><U120/><E120/><V101/><F101/><W58/><G58/><T53/><D83/><U8/><E124/><V89/><F89/><W126/><G126/><T56/><D6/><U11/><E7/><V61/><F31/><W43/><AGARI ba="3,2" hai="0,5,9,10,13,18,41,43,49,50,51,59,62,64" machi="43" ten="30,8000,1" yaku="1,1,0,1,53,3" doraHai="70" doraHaiUra="46" who="3" fromWho="3" sc="220,-23,440,-43,200,-23,120,109" /><INIT seed="2,0,0,0,1,118" ten="197,397,177,229" oya="2" hai0="39,129,79,110,37,63,85,15,133,50,58,19,61" hai1="13,92,68,7,24,120,6,115,34,16,55,78,119" hai2="56,116,32,71,77,90,99,112,52,59,5,27,82" hai3="94,22,124,128,64,104,117,41,74,53,9,88,43"/><V28/><F116/><W87/><G117/><T102/><D39/><U84/><E68/><V35/><F112/><W11/><G104/><T109/><D37/><U2/><E2/><V96/><F71/><W121/><G121/><T42/><D102/><U126/><E126/><V122/><F122/><W95/><G124/><T44/><D133/><U21/><E120/><V3/><F35/><W69/><G128/><T18/><D129/><U75/><E75/><V70/><F70/><W1/><G74/><T47/><D47/><U132/><E132/><V0/><F59/><W73/><G73/><T49/><D49/><U51/><E115/><V36/><F36/><W31/><G53/><T62/><D58/><N who="1" m="33151" /><E119/><V89/><F3/><W25/><G64/><T40/><D40/><N who="3" m="15433" /><G1/><T33/><D33/><U127/><E127/><V105/><F105/><W134/><G69/><T123/><D123/><U76/><E34/><V45/><F45/><W72/><G72/><T113/><D113/><U26/><E26/><V111/><F111/><N who="0" m="42506" /><D15/><U130/><E130/><V103/><F103/><W114/><G114/><T83/><AGARI ba="0,0" hai="18,19,42,44,50,61,62,63,79,83,85" m="42506" machi="83" ten="40,1500,0" yaku="14,1" doraHai="118" who="0" fromWho="0" sc="197,15,397,-4,177,-7,229,-4" /><INIT seed="3,0,0,5,5,54" ten="212,393,170,225" oya="3" hai0="101,116,72,35,20,81,127,4,11,104,115,134,87" hai1="22,133,67,118,124,80,76,131,37,75,130,60,55" hai2="105,110,109,57,106,129,135,97,74,47,10,34,52" hai3="95,40,102,117,108,86,83,73,123,77,6,27,38"/><W65/><G117/><T42/><D116/><U119/><E124/><V30/><F129/><N who="1" m="49161" /><E133/><V93/><F135/><W14/><G123/><T16/><D35/><U3/><E3/><V84/><F74/><W92/><G108/><N who="2" m="41577" /><F47/><W107/><G65/><T91/><D127/><U5/><E5/><V122/><F122/><W48/><G38/><T1/><D134/><U19/><E55/><V18/><F84/><W33/><G33/><T17/><D115/><U128/><E37/><V53/><F53/><W112/><G112/><T99/><D42/><U82/><E82/><V113/><F113/><W25/><G73/><T132/><D132/><U62/><E128/><V79/><F79/><W12/><G107/><T41/><D41/><U89/><E89/><N who="2" m="55471" /><F34/><W8/><G14/><T114/><D114/><U0/><E0/><V43/><F43/><W50/><G50/><T69/><D69/><N who="1" m="42215" /><E62/><N who="2" m="36135" /><F30/><W39/><G39/><T94/><D72/><U24/><AGARI ba="0,0" hai="19,22,24,75,76,80,118,119" m="42215,49161" machi="24" ten="30,1100,0" yaku="19,1" doraHai="54" who="1" fromWho="1" sc="212,-3,393,11,170,-3,225,-5" owari="209,-19.1,404,50.4,167,-33.3,220,2.0" /></mjloggm>