<mjloggm ver="2.3"><GO type="225" lobby="0"/><UN n0="%E6%81%A5%E6%99%92%E3%81%97" n1="%E3%83%97%E3%83%AC%E3%83%B4%E3%82%A1%E3%83%86%E3%82%A3" n2="%E3%82%A2%E3%83%A1%E3%82%A2%E3%83%A9%E3%83%AC" n3="%E3%81%8B%E3%82%8F%E3%81%A1%E3%82%83%E3%82%93%35%38" dan="16,16,16,17" rate="2134.19,2102.94,2102.85,2183.31" sx="M,F,M,M"/><TAIKYOKU oya="0"/><INIT seed="0,0,0,3,4,26" ten="250,250,250,250" oya="0" hai0="27,65,117,133,35,66,73,75,96,38,30,81,72" hai1="12,18,87,47,44,82,110,97,128,9,114,134,8" hai2="64,16,57,37,11,132,2,91,51,86,67,105,119" hai3="41,19,13,32,56,131,103,102,107,46,94,24,60"/><T36/><D117/><U115/><E110/><V127/><F127/><W100/><G107/><T7/><D133/><U129/><E134/><V14/><F37/><W101/><G131/><N who="1" m="50250" /><E97/><V125/><F125/><W124/><G124/><T98/><D81/><U54/><E8/><V58/><F105/><W126/><G126/><T28/><D7/><U80/><E80/><N who="2" m="49607" /><F2/><W20/><G94/><T122/><D122/><U84/><E84/><V34/><F34/><W63/><N who="3" m="25600" /><DORA hai="108" /><W31/><REACH who="3" step="1"/><G56/><REACH who="3" ten="250,250,250,240" step="2"/><T22/><D38/><AGARI ba="0,1" hai="13,19,20,24,31,32,38,41,46,60,63" m="25600" machi="38" ten="50,8000,1" yaku="1,1,2,1,52,1,53,1" doraHai="26,108" doraHaiUra="39,55" who="3" fromWho="0" sc="250,-80,250,0,250,0,240,90" /><INIT seed="1,0,0,4,4,14" ten="170,250,250,330" oya="1" hai0="46,44,88,80,79,52,97,124,85,51,63,133,118" hai1="84,66,41,69,21,64,9,61,82,117,120,77,89" hai2="10,99,121,49,94,17,108,129,101,50,131,24,126" hai3="74,22,2,34,56,130,29,3,109,8,107,100,19"/><U15/><E117/><V60/><F108/><W78/><G74/><T119/><D124/><U76/><E120/><V103/><F121/><W13/><G78/><T104/><D133/><U59/><E41/><V62/><F126/><W28/><G56/><T113/><D113/><U132/><E132/><V90/><F129/><W111/><G100/><N who="2" m="38473" /><F131/><W40/><G40/><T71/><D104/><U73/><E21/><N who="2" m="13359" /><F10/><W57/><G57/><T102/><D102/><U72/><E72/><V67/><F67/><W33/><G107/><T20/><D44/><U87/><E73/><V70/><F70/><W45/><G45/><T37/><D37/><U112/><E112/><V26/><F26/><N who="3" m="14687" /><G130/><T38/><D38/><U43/><E43/><V114/><F114/><W0/><G111/><T32/><D32/><N who="3" m="12393" /><G109/><T16/><D79/><N who="1" m="46175" /><E66/><V86/><F86/><W31/><G13/><T68/><D97/><U48/><E69/><V55/><F49/><W125/><G125/><T91/><D91/><U5/><E48/><V25/><F25/><W30/><N who="3" m="7168" /><DORA hai="35" /><W6/><AGARI ba="0,0" hai="0,2,3,6,8" m="7168,12393,14687" machi="6" ten="50,16000,3" yaku="4,1,35,5,52,4" doraHai="14,35" who="3" fromWho="3" sc="170,-40,250,-80,250,-40,330,160" /><INIT seed="2,0,0,0,0,69" ten="130,170,210,490" oya="2" hai0="53,68,73,62,30,113,111,38,127,1,128,79,104" hai1="55,10,8,12,88,47,131,3,32,120,108,29,34" hai2="17,72,24,20,87,109,56,54,51,39,4,35,75" hai3="16,83,45,114,67,21,65,7,28,80,26,44,58"/><V99/><F39/><W18/><G7/><T74/><RYUUKYOKU type="yao9" ba="0,0" sc="130,0,170,0,210,0,490,0" hai0="1,30,38,53,62,68,73,74,79,104,111,113,127,128" /><INIT seed="2,1,0,5,3,73" ten="130,170,210,490" oya="2" hai0="81,9,66,19,8,21,109,98,110,134,75,1,50" hai1="103,60,80,40,88,17,113,70,123,72,117,84,133" hai2="115,27,22,85,57,31,28,65,102,13,122,0,35" hai3="91,11,126,100,130,48,112,129,4,63,15,114,49"/><V93/><F115/><N who="3" m="44075" /><G126/><T33/><D33/><U116/><E113/><V97/><F0/><W105/><G105/><T53/><D134/><U124/><E133/><V61/><F122/><W94/><G100/><T12/><D66/><U32/><E124/><V99/><F31/><W16/><G63/><T67/><D67/><U132/><E132/><V111/><F111/><W86/><G16/><N who="0" m="10375" /><D1/><U74/><E32/><V54/><F35/><W64/><G64/><T24/><D98/><U69/><E60/><V58/><F13/><W106/><G106/><T38/><D38/><U23/><E123/><V10/><F10/><W52/><G49/><T39/><D39/><U26/><E103/><V44/><F44/><AGARI ba="1,0" hai="4,11,15,44,48,52,86,91,94,129,130" m="44075" machi="44" ten="30,2000,0" yaku="11,1,54,1" doraHai="73" who="3" fromWho="2" sc="130,0,170,0,210,-23,490,23" /><INIT seed="3,0,0,3,1,2" ten="130,170,187,513" oya="3" hai0="60,22,82,115,93,12,50,102,36,120,121,98,103" hai1="43,122,6,56,114,34,32,63,28,72,84,1,4" hai2="110,15,79,76,104,10,87,46,18,53,126,108,54" hai3="35,116,99,20,71,74,62,59,111,45,113,51,33"/><W96/><G113/><T37/><D115/><U124/><E114/><V16/><F126/><W65/><G116/><T67/><D120/><U44/><E122/><V11/><F104/><W48/><G74/><T117/><D117/><U118/><E72/><V127/><F127/><W97/><G111/><N who="2" m="42537" /><F87/><W70/><G51/><T49/><D121/><U47/><E118/><V119/><F119/><W23/><G35/><T68/><D37/><U39/><E1/><V7/><F18/><W52/><REACH who="3" step="1"/><G33/><REACH who="3" ten="130,170,187,503" step="2"/><T31/><D36/><U75/><E75/><V95/><F46/><W125/><G125/><T19/><D31/><U92/><E34/><V109/><F109/><W58/><G58/><T5/><D5/><U89/><E124/><V25/><F7/><W86/><G86/><T80/><D103/><U69/><E69/><AGARI ba="0,1" hai="20,23,45,48,52,59,62,65,69,70,71,96,97,99" machi="69" ten="40,3900,0" yaku="1,1,54,1,53,0" doraHai="2" doraHaiUra="106" who="3" fromWho="1" sc="130,0,170,-39,187,0,503,49" owari="130,-37.0,131,-26.9,187,-1.3,552,65.2" /></mjloggm>