<mjloggm ver="2.3"><GO type="225" lobby="0"/><UN n0="%E9%80%9F%E6%B0%B4%E5%87%9B%E9%A6%99" n1="%72%61%6B%33" n2="%72%69%6F%75%63%68%61%6E" n3="%73%6C%69%63%6B%33%31%39" dan="16,16,17,16" rate="2078.93,2162.85,2255.88,2151.36" sx="F,M,M,M"/><TAIKYOKU oya="0"/><INIT seed="0,0,0,4,1,68" ten="250,250,250,250" oya="0" hai0="25,102,124,3,132,54,110,31,17,29,83,43,13" hai1="71,94,105,90,40,7,26,10,58,133,96,9,109" hai2="121,80,127,91,122,89,1,66,19,67,6,63,95" hai3="49,82,99,108,113,47,38,11,2,30,76,104,97"/><T120/><D120/><U103/><E71/><V45/><F127/><W78/><G113/><T69/><D69/><U8/><E109/><V112/><F112/><W92/><G108/><T55/><D3/><U88/><E133/><V129/><F129/><W125/><G125/><T119/><D124/><U57/><E7/><V86/><F19/><W41/><G30/><T75/><D119/><U36/><E26/><V22/><F22/><W123/><G123/><T134/><D110/><U53/><E105/><V115/><F115/><W85/><G104/><T0/><D0/><U64/><E64/><V116/><F116/><W118/><G118/><T128/><D75/><U44/><REACH who="1" step="1"/><E57/><REACH who="1" ten="250,240,250,250" step="2"/><V74/><F66/><W15/><G2/><T18/><D134/><U12/><E12/><V93/><F6/><W24/><G24/><T46/><D132/><U106/><E106/><V34/><F1/><W79/><G15/><T39/><D128/><U73/><E73/><V107/><F107/><W111/><G111/><T4/><D4/><U14/><E14/><V32/><F122/><W59/><G59/><T52/><D13/><U81/><E81/><V33/><F121/><W60/><G82/><T48/><D83/><U72/><E72/><V100/><F74/><W28/><G11/><T70/><D70/><U126/><E126/><V16/><F80/><W61/><G92/><T21/><D25/><U101/><E101/><V130/><F100/><W37/><G28/><T51/><D102/><U84/><E84/><N who="2" m="52391" /><F130/><W27/><G27/><N who="0" m="14767" /><D31/><U65/><E65/><V131/><F131/><W98/><G85/><RYUUKYOKU ba="0,1" sc="250,-15,240,15,250,-15,250,15" hai1="8,9,10,36,40,44,53,58,88,90,94,96,103" hai3="37,38,41,47,49,60,61,76,78,79,97,98,99" /><INIT seed="1,1,1,5,2,87" ten="235,255,235,265" oya="1" hai0="77,48,37,55,133,17,105,54,41,110,100,116,22" hai1="97,126,64,86,111,11,69,45,113,1,21,80,46" hai2="66,42,51,107,60,63,25,30,52,62,27,65,36" hai3="16,15,128,32,76,34,75,94,0,33,130,106,57"/><U9/><E113/><V109/><F107/><W124/><G106/><T59/><D116/><U129/><E129/><N who="3" m="49770" /><G0/><T7/><D110/><U40/><E111/><V117/><F117/><W13/><G124/><T83/><D133/><U114/><E114/><V135/><F109/><W29/><G29/><T73/><D7/><U26/><E126/><V82/><F135/><W96/><G57/><T108/><D108/><U89/><E97/><V91/><F42/><W38/><G38/><T49/><D41/><U8/><E1/><V79/><F36/><W127/><G127/><T119/><D119/><U134/><E134/><V84/><F79/><W78/><G13/><T71/><D71/><U70/><E64/><N who="2" m="24683" /><F30/><W132/><G75/><T93/><D105/><U88/><E45/><AGARI ba="1,1" hai="25,27,45,51,52,60,62,63,82,84,91" m="24683" machi="45" ten="30,3900,0" yaku="8,1,52,1,54,1" doraHai="87" who="2" fromWho="1" sc="235,0,255,-42,235,52,265,0" /><INIT seed="2,0,0,2,0,27" ten="235,213,287,265" oya="2" hai0="117,12,0,120,8,62,73,48,114,68,109,33,63" hai1="133,40,35,128,129,86,83,132,14,10,126,25,88" hai2="94,38,9,24,34,43,113,84,28,47,50,107,29" hai3="102,121,2,6,1,116,20,104,69,105,93,82,71"/><V19/><F113/><W13/><G116/><T4/><D73/><U125/><E40/><V21/><F107/><W60/><G121/><T41/><D120/><U32/><E14/><N who="2" m="7631" /><F34/><W59/><G105/><T22/><D114/><U81/><E10/><V134/><F38/><W55/><G104/><T127/><D109/><U37/><E37/><V106/><F106/><W49/><G82/><T51/><D127/><N who="1" m="48651" /><E81/><V112/><F134/><N who="1" m="51817" /><E25/><V64/><F112/><W7/><G1/><T101/><D41/><U75/><E75/><V58/><F64/><W42/><G2/><T5/><D0/><U31/><E31/><N who="2" m="17807" /><F58/><W124/><G69/><T39/><D68/><U53/><E53/><V97/><F84/><W76/><G71/><T74/><D39/><U130/><AGARI ba="0,0" hai="32,35,83,86,88,128,129,130" m="51817,48651" machi="130" ten="40,32000,5" yakuman="39" doraHai="27" who="1" fromWho="1" sc="235,-80,213,320,287,-160,265,-80" /><INIT seed="3,0,0,2,3,29" ten="155,533,127,185" oya="3" hai0="19,86,98,24,26,5,108,92,35,97,47,87,85" hai1="112,79,2,30,11,67,51,95,18,117,78,111,43" hai2="37,39,17,12,107,127,1,49,71,38,130,82,6" hai3="20,131,119,25,4,41,104,106,10,34,52,129,132"/><W72/><G119/><T58/><D108/><U22/><E112/><V23/><F71/><W33/><G72/><T75/><D75/><U76/><E111/><V15/><F107/><N who="3" m="41003" /><G41/><T84/><D5/><U96/><E117/><V99/><F127/><W57/><G132/><T120/><D120/><U3/><E67/><V54/><F130/><N who="3" m="49675" /><G20/><T36/><D35/><U28/><E22/><V53/><F1/><N who="3" m="271" /><G25/><T118/><D118/><U128/><E128/><V55/><F99/><W110/><G110/><T68/><D98/><U32/><E96/><V8/><REACH who="2" step="1"/><F82/><REACH who="2" ten="155,533,117,185" step="2"/><W133/><G133/><T27/><D68/><U73/><E73/><V113/><F113/><W80/><G80/><T64/><N who="0" m="21504" /><DORA hai="16" /><T77/><D77/><U91/><E43/><V109/><F109/><W14/><G14/><T74/><D97/><U44/><E79/><V46/><AGARI ba="0,1" hai="6,8,12,15,17,23,37,38,39,46,49,53,54,55" machi="46" ten="30,4000,0" yaku="1,1,0,1,52,1,53,0" doraHai="29,16" doraHaiUra="124,101" who="2" fromWho="2" sc="155,-10,533,-10,117,50,185,-20" owari="145,-35.5,523,62.3,167,-3.3,165,-23.5" /></mjloggm>