<mjloggm ver="2.3"><GO type="225" lobby="0"/><UN n0="%E5%B8%86%E7%AB%8B%E5%A4%8F%E8%A1%A3" n1="%E4%BF%BA%E3%81%A8%E5%A6%96%E5%A4%A2" n2="%E6%A0%B9%E5%85%83%E3%81%8B%E3%82%89%E5%90%B9%E3%81%A3%E9%A3%9B%E3%81%B6" n3="%E3%81%BF%E3%81%BF%E3%81%9A" dan="16,17,17,16" rate="2115.02,2221.69,2161.56,2147.79" sx="M,F,F,M"/><TAIKYOKU oya="0"/><INIT seed="0,0,0,5,4,17" ten="250,250,250,250" oya="0" hai0="107,78,102,133,104,90,1,11,45,91,43,56,51" hai1="38,85,74,68,6,124,35,25,57,94,0,39,97" hai2="92,105,86,40,58,117,135,14,61,5,4,26,82" hai3="125,22,47,53,99,34,103,71,21,76,67,88,80"/><T31/><D133/><U54/><E85/><V122/><F122/><W12/><G34/><T13/><D1/><U131/><E68/><V44/><F105/><W79/><G125/><T2/><D2/><U18/><E74/><V63/><F135/><W98/><G71/><T49/><D78/><N who="3" m="29737" /><G67/><T87/><D31/><U37/><E124/><V15/><F92/><N who="3" m="58823" /><G12/><N who="2" m="4649" /><F26/><W89/><G89/><T42/><D102/><U81/><E131/><V109/><F109/><W41/><G41/><T66/><D91/><U113/><E113/><V7/><F117/><W106/><G106/><T65/><D107/><U95/><E81/><V46/><F40/><W127/><G127/><T130/><D104/><U120/><E120/><V50/><F86/><N who="3" m="50247" /><G99/><T110/><D130/><U126/><E126/><V28/><F82/><W129/><G129/><T83/><D110/><U111/><E111/><V73/><F73/><W60/><G60/><T52/><REACH who="0" step="1"/><D43/><REACH who="0" ten="240,250,250,250" step="2"/><U93/><E97/><V32/><F32/><W33/><G33/><T69/><D69/><U16/><E35/><V19/><F4/><AGARI ba="0,1" hai="4,11,13,42,45,49,51,52,56,65,66,83,87,90" machi="4" ten="30,11600,0" yaku="1,1,7,1,8,1,54,1,53,0" doraHai="17" doraHaiUra="132" who="0" fromWho="2" sc="240,126,250,0,250,-116,250,0" /><INIT seed="0,1,0,5,5,63" ten="366,250,134,250" oya="0" hai0="134,72,93,79,96,76,92,89,62,83,35,71,87" hai1="31,126,5,112,58,12,95,127,34,52,77,84,25" hai2="9,60,6,59,55,132,23,85,22,65,64,67,29" hai3="99,135,51,113,50,19,106,27,70,42,66,16,43"/><T107/><D35/><U57/><E112/><V81/><F132/><W45/><G113/><T108/><D134/><U0/><E0/><V20/><F29/><W129/><G135/><T69/><D108/><U46/><E5/><V38/><F38/><W97/><G129/><T118/><D118/><U116/><E116/><V73/><F73/><W61/><G106/><T88/><D107/><U11/><E11/><V53/><F53/><W18/><REACH who="3" step="1"/><G27/><REACH who="3" ten="366,250,134,240" step="2"/><T94/><D79/><U119/><E77/><V133/><F133/><W114/><G114/><T102/><REACH who="0" step="1"/><D62/><REACH who="0" ten="356,250,134,240" step="2"/><U56/><E119/><V101/><F101/><W44/><AGARI ba="1,2" hai="16,18,19,42,43,44,45,50,51,61,66,70,97,99" machi="44" ten="30,8000,1" yaku="1,1,0,1,9,1,52,1,54,1,53,0" doraHai="63" doraHaiUra="104" who="3" fromWho="3" sc="356,-41,250,-21,134,-21,240,103" /><INIT seed="1,0,0,5,1,82" ten="315,229,113,343" oya="1" hai0="78,48,37,3,36,66,59,88,129,39,22,54,46" hai1="33,89,27,115,21,19,123,84,25,5,58,95,60" hai2="135,73,75,113,127,53,79,96,80,61,90,116,99" hai3="30,35,29,40,13,69,67,71,91,87,102,109,77"/><U98/><E123/><V131/><F53/><W7/><G102/><T8/><D129/><U24/><E115/><V51/><F51/><W38/><G77/><T0/><D78/><U62/><E33/><V85/><F61/><W64/><G7/><T110/><D110/><U92/><E5/><V126/><F116/><W11/><G109/><T81/><D8/><U45/><E45/><V104/><F113/><W34/><G11/><T12/><D66/><U114/><E114/><V9/><F131/><W93/><G13/><T41/><D22/><U28/><E28/><V120/><F120/><W133/><G93/><T32/><D12/><U14/><REACH who="1" step="1"/><E58/><REACH who="1" ten="315,219,113,343" step="2"/><V122/><F122/><W1/><G29/><T128/><D32/><U130/><E130/><V97/><F135/><W70/><G30/><T26/><D128/><U72/><E72/><N who="2" m="27723" /><F9/><W47/><G133/><T55/><D3/><U42/><E42/><V44/><F44/><W132/><G132/><T106/><D0/><U56/><E56/><V18/><F18/><W112/><G1/><T16/><D59/><U124/><E124/><N who="2" m="47659" /><F104/><W86/><G112/><T2/><D2/><U111/><E111/><V108/><F108/><W50/><G70/><T105/><D41/><U17/><E17/><V121/><F121/><W65/><G69/><T43/><D106/><U20/><E20/><V94/><AGARI ba="0,1" hai="79,80,85,90,94,96,97,99" m="47659,27723" machi="94" ten="40,8000,1" yaku="18,1,34,2,52,1" doraHai="82" who="2" fromWho="2" sc="315,-20,219,-40,113,90,343,-20" /><INIT seed="2,0,0,5,4,77" ten="295,179,203,323" oya="2" hai0="84,114,109,9,110,63,49,25,40,86,32,8,64" hai1="3,100,58,129,74,76,96,15,54,65,62,18,134" hai2="68,23,59,122,67,50,80,7,45,36,31,120,71" hai3="1,35,47,16,108,91,66,17,130,12,117,111,132"/><V69/><F7/><W72/><G117/><T131/><D114/><U43/><E129/><V107/><F107/><W26/><G1/><T87/><D131/><U24/><E3/><V33/><F33/><W124/><G130/><T42/><D32/><U126/><E126/><V57/><F31/><N who="3" m="19959" /><G72/><T106/><D25/><U38/><E134/><V4/><F4/><W81/><G132/><T125/><D106/><U133/><E133/><V104/><F104/><W51/><G66/><T41/><D49/><U52/><E24/><V97/><F23/><W10/><G17/><T123/><D123/><U102/><E43/><N who="2" m="22759" /><F97/><W79/><G79/><T48/><D48/><U6/><E6/><V95/><F95/><W34/><G34/><T27/><D27/><U20/><E38/><V78/><F78/><W93/><G93/><T11/><D125/><U112/><E112/><V39/><F39/><W121/><G121/><N who="2" m="46697" /><F59/><W82/><G124/><T55/><REACH who="0" step="1"/><D55/><REACH who="0" ten="285,179,203,323" step="2"/><U0/><E54/><N who="2" m="31959" /><F80/><W5/><G5/><T119/><D119/><U105/><E105/><V101/><F101/><W22/><G22/><T98/><D98/><U89/><E102/><V135/><F135/><W44/><G44/><T85/><N who="0" m="21504" /><DORA hai="83" /><T2/><D2/><U28/><E100/><V37/><F37/><W46/><G46/><T73/><D73/><U29/><E74/><V61/><AGARI ba="0,1" hai="61,67,68,69,71" m="31959,46697,22759" machi="61" ten="30,6000,0" yaku="24,1,34,2" doraHai="77,83" who="2" fromWho="2" sc="285,-20,179,-20,203,70,323,-20" /><INIT seed="2,1,0,4,0,46" ten="265,159,273,303" oya="2" hai0="74,44,71,17,129,47,33,96,64,20,66,5,58" hai1="6,108,80,79,69,53,110,24,128,41,127,119,76" hai2="12,40,72,30,2,82,52,38,37,104,77,21,28" hai3="60,22,70,32,84,55,89,19,134,122,34,48,102"/><V130/><F2/><W73/><G73/><T123/><D123/><U124/><E6/><V92/><F104/><W59/><G102/><T54/><D129/><U39/><E69/><V95/><F130/><W51/><G122/><T103/><D33/><U50/><E128/><V62/><F30/><W105/><G105/><T10/><D74/><U133/><E119/><V93/><F40/><W85/><G134/><T13/><D71/><U132/><E24/><V68/><F12/><W31/><G31/><T65/><D96/><U109/><E41/><V111/><F111/><W9/><G9/><T106/><D103/><U67/><E67/><V126/><F126/><N who="1" m="48169" /><E39/><V49/><F62/><W11/><G11/><T120/><D120/><U57/><E80/><V8/><F8/><W98/><G70/><T131/><D106/><U16/><E16/><V83/><F83/><W14/><G32/><T29/><D29/><U107/><E107/><V91/><F68/><W1/><G34/><T115/><D115/><U99/><E99/><V94/><F38/><W113/><G113/><T45/><D131/><U4/><E4/><V18/><F37/><W42/><G1/><T75/><D75/><U90/><E90/><V56/><F28/><W78/><G42/><T3/><REACH who="0" step="1"/><D66/><REACH who="0" ten="255,159,273,303" step="2"/><U121/><E121/><V36/><F72/><W15/><G98/><T125/><D125/><U114/><E114/><V26/><F36/><W7/><G85/><T25/><D25/><U43/><E43/><V100/><F100/><W86/><G84/><T97/><D97/><U135/><AGARI ba="1,1" hai="50,53,57,76,79,108,109,110,132,133,135" m="48169" machi="135" ten="50,8000,1" yaku="14,1,20,1,18,1,52,1" doraHai="46" who="1" fromWho="1" sc="255,-21,159,93,273,-41,303,-21" /><INIT seed="3,0,0,5,4,23" ten="234,252,232,282" oya="3" hai0="115,91,0,111,70,108,96,131,53,20,60,114,61" hai1="27,36,85,52,42,28,128,106,21,132,31,118,100" hai2="51,104,50,37,5,102,4,92,110,77,116,127,35" hai3="81,89,54,32,43,15,124,13,105,109,120,130,68"/><W14/><G120/><T135/><D0/><U34/><E118/><V134/><F116/><W41/><G32/><T121/><D121/><U7/><E42/><V125/><F35/><W49/><G68/><T45/><D91/><U107/><E36/><V39/><F110/><N who="0" m="42026" /><D96/><U17/><E85/><V69/><F69/><W90/><G105/><T64/><D20/><U73/><E73/><V3/><F104/><W126/><G130/><T65/><D135/><U117/><E100/><V78/><F134/><W113/><G113/><N who="0" m="43019" /><D131/><U33/><E33/><V30/><F3/><W56/><G109/><T83/><D83/><U62/><E117/><V6/><F92/><W48/><G81/><T98/><D98/><U67/><E128/><V84/><F102/><W29/><G29/><T80/><D80/><U133/><E31/><V59/><F30/><W1/><G1/><T72/><D72/><U40/><E107/><V38/><F84/><W86/><G86/><T75/><D75/><U79/><E106/><V18/><F59/><W95/><G95/><T11/><D11/><U129/><E129/><V47/><F47/><W101/><G101/><T93/><D93/><U24/><E132/><V57/><F57/><N who="3" m="32967" /><G90/><T122/><D122/><U123/><E123/><V112/><F112/><W25/><G89/><T103/><D103/><U119/><E119/><V2/><F2/><W99/><G56/><N who="0" m="34831" /><D45/><U9/><E133/><V26/><F78/><W71/><G99/><T10/><D10/><U46/><E79/><V19/><F77/><W94/><G94/><T76/><D76/><U74/><E74/><RYUUKYOKU ba="0,0" sc="234,30,252,-10,232,-10,282,-10" hai0="61,64,65,70" /><INIT seed="4,1,0,1,0,118" ten="264,242,222,272" oya="0" hai0="106,28,8,131,128,50,120,84,30,115,86,45,80" hai1="37,87,79,44,76,11,133,71,102,101,112,103,73" hai2="61,113,13,9,5,36,89,32,132,35,62,68,95" hai3="42,59,75,23,105,78,77,130,70,64,88,60,7"/><T63/><D115/><U41/><E73/><V49/><F36/><W85/><G105/><T29/><D106/><U12/><E71/><V51/><F113/><W97/><G75/><T22/><D120/><U111/><E112/><V58/><F132/><W92/><G130/><N who="0" m="49707" /><D22/><U126/><E111/><V57/><F68/><W6/><G42/><T2/><D63/><U123/><E126/><V119/><F119/><W20/><G70/><T52/><D80/><U40/><E40/><V4/><F95/><W125/><G125/><T124/><D124/><U67/><E67/><V10/><REACH who="2" step="1"/><F13/><REACH who="2" ten="264,242,212,272" step="2"/><W18/><G92/><T127/><D127/><U24/><E133/><V72/><F72/><W116/><G116/><T99/><D99/><U83/><E24/><V14/><F14/><W39/><G97/><T74/><D74/><U3/><E3/><V66/><F66/><W65/><G65/><T90/><D90/><AGARI ba="1,1" hai="4,5,9,10,32,35,49,51,57,58,61,62,89,90" machi="90" ten="25,8000,1" yaku="1,1,22,2,53,2" doraHai="118" doraHaiUra="54" who="2" fromWho="0" sc="264,-83,242,0,212,93,272,0" owari="181,-31.9,242,-15.8,305,40.5,272,7.2" /></mjloggm>