<mjloggm ver="2.3"><GO type="225" lobby="0"/><UN n0="%74%2E%6F%2E%6F%2E%73" n1="%6D%75%75%73%61%6E%6D%75" n2="%E3%81%A4%E3%81%A3%E3%81%B1%E3%82%8A%E3%83%9D%E3%83%BC%E3%83%AB" n3="%E4%B8%89%E8%8F%B1%E7%A4%BE%E5%93%A1" dan="18,17,17,16" rate="2162.04,2158.10,2210.01,2049.28" sx="M,F,M,M"/><TAIKYOKU oya="0"/><INIT seed="0,0,0,1,4,43" ten="250,250,250,250" oya="0" hai0="0,50,10,2,83,46,110,5,103,131,6,9,1" hai1="55,24,7,100,41,44,93,94,124,126,40,32,77" hai2="113,71,8,54,13,16,47,107,51,125,69,37,111" hai3="92,135,22,3,90,72,48,120,87,106,28,70,105"/><T116/><D116/><U96/><E77/><V27/><F113/><W12/><G3/><T45/><D131/><U19/><E7/><V121/><F121/><W33/><G33/><T95/><D110/><U122/><E122/><V97/><F111/><W84/><G72/><T62/><D62/><U75/><E75/><V78/><F125/><N who="1" m="48233" /><E94/><V117/><F117/><W35/><G35/><T76/><D0/><U38/><E19/><V81/><F37/><W82/><G135/><T74/><D50/><N who="1" m="29127" /><E38/><V11/><F11/><W63/><G120/><T42/><D42/><U18/><E18/><V26/><F26/><W118/><G118/><T58/><D58/><U114/><E114/><V15/><F15/><W21/><G12/><T49/><D49/><U25/><E25/><V133/><F27/><W88/><G48/><T85/><D74/><U128/><E128/><V98/><F133/><W66/><REACH who="3" step="1"/><G28/><AGARI ba="0,0" hai="24,28,32,40,41,93,96,100" m="29127,48233" machi="28" ten="30,2000,0" yaku="18,1,52,1" doraHai="43" who="1" fromWho="3" sc="250,0,250,20,250,0,250,-20" /><INIT seed="1,0,0,5,0,35" ten="250,270,250,230" oya="1" hai0="116,47,64,24,124,20,30,29,54,37,19,135,118" hai1="44,7,128,129,55,39,101,96,75,115,70,32,36" hai2="106,107,82,92,121,33,53,50,100,109,6,104,77" hai3="73,125,52,79,132,12,13,15,61,26,112,84,122"/><U43/><E115/><V126/><F121/><W25/><G112/><T117/><D124/><U21/><E32/><V57/><F126/><W74/><G125/><T119/><D135/><U41/><E75/><V91/><F33/><W71/><G122/><T86/><D64/><U59/><E70/><V78/><F109/><W67/><G132/><T22/><N who="0" m="29696" /><DORA hai="87" /><T94/><D22/><U127/><E7/><V56/><F6/><W66/><G66/><T4/><D4/><U93/><E21/><V34/><F34/><W81/><REACH who="3" step="1"/><G52/><REACH who="3" ten="250,270,250,220" step="2"/><T48/><REACH who="0" step="1"/><D37/><REACH who="0" ten="240,270,250,220" step="2"/><U103/><E127/><V68/><F68/><W120/><G120/><T58/><D58/><U99/><E59/><V113/><F57/><W28/><G28/><T133/><D133/><U102/><E39/><V69/><F69/><W88/><G88/><AGARI ba="0,2" hai="19,20,24,29,30,47,48,54,86,88,94" m="29696" machi="88" ten="70,8000,1" yaku="1,1,52,1,54,1,53,0" doraHai="35,87" doraHaiUra="108,1" who="0" fromWho="3" sc="240,100,270,0,250,0,220,-80" /><INIT seed="2,0,0,0,4,30" ten="340,270,250,140" oya="2" hai0="29,24,53,54,47,55,121,106,49,35,107,66,76" hai1="2,108,14,21,50,82,95,19,103,99,98,56,80" hai2="52,112,5,109,68,72,26,3,84,34,13,45,131" hai3="37,62,123,126,129,65,88,104,128,94,48,60,36"/><V23/><F72/><W18/><G104/><T122/><D66/><U32/><E108/><V10/><F68/><W1/><G1/><T11/><D76/><U51/><E2/><V0/><F109/><W33/><G123/><T81/><D81/><U20/><E32/><V40/><F112/><W27/><G126/><T31/><D11/><U70/><E70/><V73/><F73/><W116/><G116/><T127/><D31/><U115/><E115/><V17/><F131/><N who="3" m="50251" /><G18/><T102/><D127/><U92/><E21/><V101/><F101/><W67/><G27/><T132/><D132/><U75/><E75/><V7/><F7/><W93/><G48/><N who="1" m="18474" /><E56/><V74/><F74/><W59/><G33/><T91/><D91/><AGARI ba="0,0" hai="14,19,20,80,82,91,92,95,98,99,103" m="18474" machi="91" ten="30,1000,0" yaku="8,1" doraHai="30" who="1" fromWho="0" sc="340,-10,270,10,250,0,140,0" /><INIT seed="3,0,0,1,0,30" ten="330,280,250,140" oya="3" hai0="56,126,67,7,99,61,38,45,133,76,57,121,37" hai1="78,44,130,70,73,72,64,47,53,19,18,25,98" hai2="79,68,123,101,48,134,17,94,116,51,58,60,40" hai3="62,21,109,13,95,63,117,24,23,74,92,128,81"/><W125/><G117/><T20/><D121/><U85/><E70/><V59/><F116/><W29/><G128/><T87/><D126/><U5/><E64/><V107/><F107/><W54/><G125/><T91/><D133/><U120/><E120/><V65/><F134/><W15/><G109/><T35/><D35/><U43/><E98/><N who="2" m="59607" /><F68/><W4/><G74/><T111/><D111/><U119/><E5/><V88/><F123/><W102/><G81/><T103/><D76/><U14/><E130/><V49/><F79/><W118/><G118/><T97/><D97/><U28/><E119/><V114/><F114/><W90/><G102/><T86/><D7/><U84/><E78/><V12/><F59/><N who="3" m="35191" /><G63/><T36/><D57/><U27/><E73/><V26/><F26/><W93/><G90/><T122/><D122/><U33/><E72/><V50/><F88/><W129/><G129/><T132/><D132/><U39/><E27/><V52/><F40/><W34/><G34/><T112/><D112/><U9/><E19/><V110/><F110/><W71/><G71/><T10/><D45/><U83/><REACH who="1" step="1"/><E83/><REACH who="1" ten="330,270,250,140" step="2"/><V89/><F89/><W124/><G124/><T96/><D91/><U11/><E11/><N who="2" m="6303" /><F51/><AGARI ba="0,1" hai="9,14,18,25,28,33,39,43,44,47,51,53,84,85" machi="51" ten="40,2600,0" yaku="1,1,52,1,53,0" doraHai="30" doraHaiUra="104" who="1" fromWho="2" sc="330,0,270,36,250,-26,140,0" owari="330,43.0,306,10.6,224,-17.6,140,-36.0" /></mjloggm>