<mjloggm ver="2.3"><GO type="225" lobby="0"/><UN n0="%E3%81%88%E3%81%8C%E3%82%8F%E3%82%8A%E3%81%8A" n1="%E3%81%9F%E3%81%A3%E3%81%A1%E3%82%87" n2="%72%69%6F%75%63%68%61%6E" n3="%E3%81%AF%E3%82%88%E3%81%8A%E3%81%98%E3%81%95%E3%82%93" dan="16,16,16,16" rate="2098.95,2069.48,2182.94,2100.39" sx="M,M,M,M"/><TAIKYOKU oya="0"/><INIT seed="0,0,0,1,4,101" ten="250,250,250,250" oya="0" hai0="23,10,29,66,60,19,11,86,120,30,33,42,3" hai1="17,69,43,40,115,79,89,18,4,2,119,102,44" hai2="13,55,47,83,7,127,27,73,135,5,99,105,118" hai3="54,38,58,80,39,41,67,110,16,93,76,72,111"/><T31/><D120/><U85/><E119/><V91/><F127/><W88/><G67/><T15/><D42/><U6/><E69/><V122/><F135/><W62/><G41/><N who="1" m="15946" /><E44/><V113/><F113/><W126/><G126/><T70/><D3/><U94/><E2/><V77/><F122/><W74/><G72/><T65/><D65/><U12/><E115/><V90/><F118/><W59/><G58/><T75/><D75/><U8/><E102/><V36/><F36/><W37/><REACH who="3" step="1"/><G16/><REACH who="3" ten="250,250,250,240" step="2"/><N who="1" m="6250" /><E4/><V68/><F5/><W133/><G133/><T82/><REACH who="0" step="1"/><D33/><REACH who="0" ten="240,250,250,240" step="2"/><U103/><E103/><V45/><F73/><W61/><G61/><T63/><D63/><U46/><E46/><V49/><F45/><W20/><G20/><T121/><D121/><U24/><E8/><V14/><F47/><W9/><G9/><T0/><D0/><U56/><E56/><V50/><F68/><W130/><G130/><T53/><D53/><U25/><E6/><V1/><F55/><W125/><G125/><T124/><D124/><U34/><E34/><V100/><F7/><W123/><G123/><T95/><D95/><U128/><E128/><V81/><F1/><W97/><AGARI ba="0,2" hai="37,38,39,54,59,62,74,76,80,88,93,97,110,111" machi="97" ten="40,5200,0" yaku="1,1,0,1,54,1,53,0" doraHai="101" doraHaiUra="132" who="3" fromWho="3" sc="240,-26,250,-13,250,-13,240,72" /><INIT seed="1,0,0,0,0,8" ten="214,237,237,312" oya="1" hai0="73,19,84,116,54,49,93,36,24,129,46,27,12" hai1="61,127,85,86,74,132,90,110,100,13,75,64,125" hai2="11,26,99,92,82,118,121,14,6,50,66,68,21" hai3="114,115,117,104,29,119,15,94,10,31,88,123,41"/><U39/><E39/><V111/><F111/><W70/><G104/><T106/><D106/><U109/><E132/><V97/><F121/><W78/><G70/><T79/><D129/><U59/><E100/><V56/><F118/><N who="3" m="45067" /><G78/><T62/><D116/><U23/><E85/><V4/><F4/><N who="3" m="3527" /><G41/><T91/><D36/><U135/><E135/><V112/><F112/><N who="3" m="43051" /><G123/><T87/><D73/><N who="1" m="27659" /><E90/><V107/><F107/><W33/><G33/><T95/><D62/><U37/><E86/><AGARI ba="0,0" hai="29,31,86,88,94" m="43051,3527,45067" machi="86" ten="30,3900,0" yaku="12,1,52,1,54,1" doraHai="8" who="3" fromWho="1" sc="214,0,237,-39,237,0,312,39" /><INIT seed="2,0,0,2,1,47" ten="214,198,237,351" oya="2" hai0="45,36,53,114,6,40,18,44,10,62,83,84,77" hai1="102,4,76,11,70,30,103,78,80,132,16,9,131" hai2="129,33,115,87,99,96,127,48,61,24,7,112,108" hai3="85,15,12,124,86,71,66,41,23,17,90,34,13"/><V125/><F129/><W39/><G34/><T121/><D121/><U93/><E131/><V110/><F7/><W42/><G124/><N who="2" m="47689" /><F61/><W21/><G71/><T133/><D114/><N who="2" m="43562" /><F87/><W2/><G39/><T67/><D133/><U105/><E132/><V134/><F134/><W98/><G2/><T55/><D18/><U22/><E70/><V26/><F48/><W3/><G3/><T128/><D45/><U100/><E105/><V81/><F81/><W82/><G66/><T117/><D117/><U123/><E123/><V79/><F79/><N who="3" m="46303" /><G98/><N who="2" m="37417" /><F33/><W88/><G90/><T122/><D128/><U25/><E4/><V106/><F106/><W20/><G17/><T27/><D122/><U126/><E126/><V64/><F64/><W5/><G5/><T68/><REACH who="0" step="1"/><D27/><AGARI ba="0,0" hai="24,26,27,108,110" m="37417,43562,47689" machi="27" ten="40,7700,0" yaku="28,2,18,1" doraHai="47" who="2" fromWho="0" sc="214,-77,198,0,237,77,351,0" /><INIT seed="2,1,0,0,3,58" ten="137,198,314,351" oya="2" hai0="99,61,18,54,5,4,78,17,52,103,74,56,55" hai1="40,35,89,2,119,32,60,80,49,47,70,24,44" hai2="93,133,20,48,51,71,130,69,114,91,77,38,42" hai3="94,101,63,100,50,115,97,131,96,37,118,27,121"/><V111/><F114/><W12/><G37/><T135/><D135/><U45/><E119/><V129/><F133/><W113/><G118/><T8/><D78/><U23/><E2/><V123/><F123/><W21/><G121/><T36/><D74/><U108/><E108/><V39/><F77/><W30/><G131/><N who="2" m="50185" /><F20/><W25/><G50/><N who="2" m="18985" /><F111/><W126/><G126/><T65/><D36/><N who="2" m="13866" /><F42/><W9/><G27/><T105/><REACH who="0" step="1"/><D4/><REACH who="0" ten="127,198,314,351" step="2"/><U75/><E75/><V104/><F104/><W76/><G76/><T122/><D122/><U22/><E44/><V127/><F127/><W79/><G79/><T102/><D102/><U14/><E45/><V128/><N who="2" m="50193" /><V67/><DORA hai="46" /><F67/><W85/><G101/><T90/><D90/><U98/><E89/><V43/><F43/><W6/><G100/><T0/><AGARI ba="1,1" hai="0,5,8,17,18,52,54,55,56,61,65,99,103,105" machi="0" ten="30,8000,1" yaku="1,1,0,1,52,1,54,1,53,1" doraHai="58,46" doraHaiUra="88,34" who="0" fromWho="0" sc="127,93,198,-21,314,-41,351,-21" /><INIT seed="3,0,0,5,3,124" ten="220,177,273,330" oya="3" hai0="38,32,45,112,11,82,106,40,132,30,79,34,15" hai1="58,59,12,118,114,127,117,36,115,75,0,67,60" hai2="122,20,73,57,74,95,37,39,113,3,110,43,18" hai3="99,8,7,53,27,47,85,55,25,13,35,81,56"/><W94/><G35/><T89/><D106/><U84/><E75/><V133/><F113/><N who="1" m="43017" /><E0/><V1/><F110/><W29/><G47/><T103/><D112/><U102/><E102/><V66/><F133/><W26/><G29/><T129/><D132/><U44/><E84/><V128/><F128/><W28/><G28/><T104/><D129/><U83/><E83/><V42/><F122/><W93/><G99/><T4/><D89/><U116/><E12/><V109/><F109/><W105/><G105/><T121/><D121/><U54/><E127/><V135/><F135/><W22/><G22/><T119/><D30/><U6/><E6/><V96/><F57/><W62/><G55/><T76/><D76/><AGARI ba="0,0" hai="7,8,13,25,26,27,53,56,62,76,81,85,93,94" machi="76" ten="40,2000,0" yaku="8,1" doraHai="124" who="3" fromWho="0" sc="220,-20,177,0,273,0,330,20" owari="200,-20.0,177,-32.3,273,7.3,350,45.0" /></mjloggm>