<mjloggm ver="2.3"><GO type="225" lobby="0"/><UN n0="%E3%83%AD%E3%83%83%E3%83%86%E9%9B%80%E7%90%83" n1="%E3%81%B8%E3%82%80%E3%81%B8%E3%82%80%EF%BC%92%E5%8F%B7" n2="%73%61%6B%6F%EF%BC%A0%E6%9C%80" n3="%E6%97%A5%E6%9B%9C%E6%97%A5%E3%82%88%E3%82%8A%E3%81%AE%E4%BD%BF%E8%80%85" dan="17,17,16,17" rate="2192.84,2191.07,2155.22,2151.17" sx="M,M,M,M"/><TAIKYOKU oya="0"/><INIT seed="0,0,0,4,1,27" ten="250,250,250,250" oya="0" hai0="55,43,107,98,119,86,46,87,67,62,2,118,74" hai1="5,60,25,22,77,36,110,4,30,33,133,13,34" hai2="49,99,40,3,39,92,16,65,12,59,28,63,126" hai3="120,35,58,82,93,42,57,130,9,81,84,23,111"/><T100/><D74/><U24/><E36/><V129/><F3/><W69/><G69/><T105/><D2/><U51/><E77/><V83/><F129/><W61/><G35/><N who="1" m="13322" /><E51/><V56/><F126/><W41/><G130/><T128/><D128/><U116/><E60/><V0/><F0/><W78/><G120/><T103/><D55/><U44/><E44/><V72/><F72/><W50/><G111/><T18/><D18/><N who="1" m="10575" /><E110/><V1/><F1/><W6/><G93/><T104/><D87/><U20/><E133/><V90/><F83/><W125/><G125/><T94/><D86/><U95/><E95/><V96/><F39/><W45/><G81/><T112/><D112/><U122/><E122/><V127/><F127/><W115/><G42/><T91/><D91/><U52/><E52/><N who="2" m="31759" /><F40/><W70/><G115/><T76/><D76/><U135/><E135/><V71/><F71/><W8/><G70/><T11/><D103/><U80/><E80/><V134/><F134/><W89/><G89/><T88/><D100/><U102/><E102/><V108/><F108/><W75/><G75/><T114/><D114/><U31/><E116/><V97/><F28/><W66/><G58/><N who="0" m="37335" /><D119/><U131/><E131/><V121/><F121/><W19/><REACH who="3" step="1"/><G6/><REACH who="3" ten="250,250,250,240" step="2"/><T17/><D118/><U54/><E54/><V73/><F73/><W53/><G53/><T14/><D105/><U15/><E4/><V32/><F32/><W38/><G38/><N who="0" m="21879" /><D107/><U26/><E5/><V68/><F68/><W124/><G124/><T123/><D104/><U64/><E64/><V37/><F37/><W113/><G113/><RYUUKYOKU ba="0,1" sc="250,0,250,0,250,0,240,0" hai0="11,14,17,88,94,98,123" hai1="15,20,24,25,26,30,31" hai2="12,16,59,63,65,90,92,96,97,99" hai3="8,9,19,23,41,45,50,57,61,66,78,82,84" /><INIT seed="0,1,1,1,4,21" ten="250,250,250,240" oya="0" hai0="59,63,87,40,43,36,73,130,62,22,5,17,67" hai1="30,105,66,50,37,122,110,34,116,10,26,123,96" hai2="15,134,51,3,64,14,28,60,120,89,119,32,94" hai3="100,6,44,53,20,92,106,12,104,95,76,58,65"/><T56/><D130/><U74/><E37/><V102/><F120/><W55/><G76/><T46/><D73/><U93/><E74/><V132/><F3/><W126/><G126/><T114/><D114/><U16/><E116/><V35/><F119/><W13/><G100/><T9/><D43/><U125/><E105/><V115/><F51/><N who="3" m="28903" /><G104/><T112/><D87/><U107/><E107/><V101/><F115/><W86/><G65/><T33/><D33/><U133/><E66/><V103/><F32/><W80/><G106/><T97/><D97/><U108/><E50/><V128/><F128/><W83/><G6/><T91/><D91/><N who="1" m="55359" /><E125/><V18/><F15/><N who="3" m="5707" /><G20/><T45/><D112/><U82/><E82/><N who="3" m="31274" /><G86/><T81/><D81/><U23/><E10/><V52/><F64/><W42/><G42/><T85/><D85/><U61/><E61/><AGARI ba="1,1" hai="55,58,61,92,95" m="31274,5707,28903" machi="61" ten="30,1000,0" yaku="8,1" doraHai="21" who="3" fromWho="1" sc="250,0,250,-13,250,0,240,23" /><INIT seed="1,0,0,1,4,124" ten="250,237,250,263" oya="1" hai0="47,121,85,92,83,120,75,8,109,122,4,43,79" hai1="104,123,40,81,72,132,100,9,86,111,77,74,110" hai2="82,87,58,27,89,106,31,46,67,76,19,94,52" hai3="129,70,69,116,64,18,30,131,41,80,97,90,66"/><U91/><E40/><V56/><F106/><W20/><G30/><T45/><D109/><N who="1" m="41483" /><E9/><V1/><F1/><W59/><G41/><T51/><D47/><U57/><E57/><V96/><F19/><W38/><G38/><T125/><D125/><U29/><E29/><V32/><REACH who="2" step="1"/><F67/><REACH who="2" ten="250,237,240,263" step="2"/><W50/><G66/><T105/><D105/><U33/><E33/><V93/><F93/><W119/><G64/><T11/><D4/><U128/><E123/><V49/><AGARI ba="0,1" hai="27,31,32,46,49,52,56,58,76,82,87,89,94,96" machi="49" ten="30,7900,0" yaku="1,1,0,1,54,1,53,1" doraHai="124" doraHaiUra="48" who="2" fromWho="2" sc="250,-20,237,-39,240,89,263,-20" /><INIT seed="2,0,0,2,1,62" ten="230,198,329,243" oya="2" hai0="56,73,124,110,69,40,104,15,118,14,63,72,44" hai1="81,83,58,127,70,3,20,37,133,125,92,8,101" hai2="109,88,23,78,7,36,60,99,120,117,113,55,51" hai3="52,121,103,59,96,54,132,32,17,84,89,28,24"/><V29/><F36/><W94/><G121/><T33/><D104/><U106/><E70/><V67/><F120/><W116/><G116/><T102/><D33/><U31/><E37/><V111/><F117/><W10/><G132/><T38/><D118/><U130/><E106/><V30/><F113/><W2/><G59/><T87/><D102/><U22/><E133/><V18/><F78/><W35/><G35/><T34/><D34/><U0/><E58/><N who="2" m="37271" /><F7/><W4/><REACH who="3" step="1"/><G17/><REACH who="3" ten="230,198,329,233" step="2"/><T47/><D56/><U49/><E92/><AGARI ba="0,1" hai="2,4,10,24,28,32,52,54,84,89,92,94,96,103" machi="92" ten="30,8000,1" yaku="1,1,2,1,7,1,54,1,53,1" doraHai="62" doraHaiUra="80" who="3" fromWho="1" sc="230,0,198,-80,329,0,233,90" /><INIT seed="3,0,0,1,2,65" ten="230,118,329,323" oya="3" hai0="33,78,50,15,49,55,79,5,76,96,34,92,123" hai1="84,93,64,102,131,109,54,61,62,13,46,60,17" hai2="19,37,86,110,23,59,90,22,31,14,4,73,117" hai3="48,69,82,52,130,111,28,68,132,70,122,30,41"/><W0/><G122/><T124/><D124/><U35/><E35/><V29/><F37/><W40/><G0/><T98/><D123/><U67/><E131/><V106/><F73/><W107/><G107/><T42/><D34/><U95/><E109/><V63/><F106/><W39/><G82/><T121/><D121/><U51/><E102/><V66/><F117/><W18/><G18/><T91/><D33/><U101/><E101/><V88/><F110/><W89/><G111/><T133/><D133/><U119/><E119/><V77/><F4/><W134/><G89/><N who="2" m="34409" /><F23/><W99/><G99/><T27/><D27/><U118/><E118/><V2/><F2/><W112/><G112/><T44/><D98/><U81/><E64/><V114/><F114/><W53/><G130/><T103/><D103/><U20/><E67/><V6/><F6/><W10/><G10/><T11/><REACH who="0" step="1"/><D78/><REACH who="0" ten="220,118,329,323" step="2"/><U26/><REACH who="1" step="1"/><E26/><REACH who="1" ten="220,108,329,323" step="2"/><V16/><F77/><AGARI ba="0,2" hai="13,17,20,46,51,54,60,61,62,77,81,84,93,95" machi="77" ten="40,5200,0" yaku="1,1,2,1,8,1,53,0" doraHai="65" doraHaiUra="125" who="1" fromWho="2" sc="220,0,108,72,329,-52,323,0" owari="220,-18.0,180,-32.0,277,7.7,323,42.3" /></mjloggm>