<mjloggm ver="2.3"><GO type="225" lobby="0"/><UN n0="%E3%81%86%E3%81%A3%E3%81%97%E3%83%BC%30%30" n1="%E7%BD%AA%E5%88%91%E6%B3%95%E5%AE%9A%E4%B8%BB%E7%BE%A9" n2="%E6%AF%9B%E8%8D%92%E3%82%8C%E3%83%BB%E3%82%B9%E3%83%9F%E3%82%B9" n3="%E3%81%82%E3%81%99%E3%81%AB%E3%82%83%E3%82%80" dan="16,16,16,16" rate="2111.26,2133.50,2066.45,2143.33" sx="M,M,F,F"/><TAIKYOKU oya="0"/><INIT seed="0,0,0,1,1,24" ten="250,250,250,250" oya="0" hai0="94,49,98,58,82,19,37,93,79,103,118,86,46" hai1="66,61,85,119,50,81,71,84,27,43,105,0,55" hai2="80,96,31,23,109,120,117,108,77,87,110,4,10" hai3="89,51,132,92,125,59,104,35,42,65,90,123,33"/><T116/><D37/><U112/><E119/><V22/><F120/><W3/><G104/><T8/><D58/><U135/><E0/><V73/><F117/><W62/><G3/><T54/><REACH who="0" step="1"/><D94/><REACH who="0" ten="240,250,250,250" step="2"/><U56/><E105/><V115/><F115/><W130/><G123/><T100/><D100/><U30/><E112/><V11/><F110/><W60/><G92/><T67/><D67/><U131/><E131/><V121/><F109/><W63/><G130/><T36/><D36/><U97/><E135/><V9/><F108/><W113/><G65/><T47/><D47/><U48/><E66/><V101/><F121/><W7/><G59/><T127/><D127/><U111/><E56/><V122/><F122/><W64/><G125/><T14/><AGARI ba="0,1" hai="8,14,19,46,49,54,79,82,86,93,98,103,116,118" machi="14" ten="30,3000,0" yaku="1,1,0,1,53,0" doraHai="24" doraHaiUra="70" who="0" fromWho="0" sc="240,40,250,-10,250,-10,250,-10" /><INIT seed="0,1,0,5,1,87" ten="280,240,240,240" oya="0" hai0="14,18,33,94,58,16,79,75,86,32,100,71,129" hai1="63,17,6,91,26,5,2,24,50,13,39,112,70" hai2="111,68,89,62,92,7,69,43,132,12,37,110,119" hai3="57,10,78,41,44,49,31,95,4,97,108,126,115"/><T104/><D71/><U122/><E122/><V36/><F132/><W9/><G108/><N who="2" m="41513" /><F119/><W134/><G115/><T64/><D129/><U80/><E39/><N who="2" m="14923" /><F43/><W56/><G134/><T81/><D104/><U85/><E112/><V99/><F62/><W83/><G126/><T42/><D42/><U67/><E50/><V106/><F106/><W88/><G31/><T3/><D3/><U28/><E2/><V45/><F45/><W52/><G4/><T66/><D18/><U133/><E133/><V21/><F21/><W118/><G118/><T96/><D75/><U116/><E26/><V124/><F124/><W27/><G27/><T107/><D107/><U130/><E130/><V54/><F54/><W47/><G47/><T73/><D73/><U38/><E38/><V117/><F117/><W109/><G109/><T8/><REACH who="0" step="1"/><D58/><REACH who="0" ten="270,240,240,240" step="2"/><U84/><E116/><V61/><F61/><W131/><G57/><T19/><D19/><U120/><E120/><V103/><F103/><W20/><G131/><T60/><D60/><U128/><E128/><V55/><F55/><W23/><G56/><T74/><D74/><U98/><E63/><V25/><F25/><W82/><G41/><T15/><D15/><U127/><E13/><V30/><F30/><W65/><G65/><AGARI ba="1,1" hai="8,14,16,32,33,64,65,66,79,81,86,94,96,100" machi="65" ten="40,3900,0" yaku="1,1,54,1,53,0" doraHai="87" doraHaiUra="125" who="0" fromWho="3" sc="270,52,240,0,240,0,240,-42" /><INIT seed="0,2,0,4,5,3" ten="322,240,240,198" oya="0" hai0="134,31,70,22,64,96,10,61,41,127,88,119,26" hai1="122,87,83,120,135,21,69,130,95,92,98,37,107" hai2="117,28,126,60,84,59,30,54,118,57,75,19,91" hai3="35,78,13,11,115,77,68,43,56,27,38,89,1"/><T99/><D119/><N who="2" m="45578" /><F126/><W52/><G1/><T16/><D127/><U14/><E37/><V80/><F75/><W66/><G115/><T24/><D134/><U5/><E69/><V32/><F32/><W111/><G111/><T20/><D41/><U33/><E33/><V58/><F19/><W45/><G89/><T4/><REACH who="0" step="1"/><D88/><REACH who="0" ten="312,240,240,198" step="2"/><U0/><E135/><V133/><F133/><W7/><G35/><T103/><D103/><U102/><E122/><V125/><F125/><W18/><G77/><T29/><D29/><AGARI ba="2,1" hai="28,29,30,54,57,58,59,60,80,84,91" m="45578" machi="29" ten="30,1000,0" yaku="12,1" doraHai="3" who="2" fromWho="0" sc="312,-16,240,0,240,26,198,0" /><INIT seed="1,0,0,3,0,80" ten="296,240,266,198" oya="1" hai0="64,56,96,85,29,123,129,110,130,98,78,79,135" hai1="14,12,100,45,57,52,59,108,82,81,95,35,16" hai2="5,76,60,22,39,105,126,41,99,91,77,127,49" hai3="70,107,6,7,17,102,32,3,94,124,72,125,23"/><U19/><E35/><V26/><F39/><W38/><G70/><T27/><D110/><U118/><E118/><V58/><F5/><W69/><G38/><T8/><D8/><N who="1" m="6151" /><E108/><V122/><F122/><W21/><G69/><T4/><D4/><U134/><E134/><V111/><F111/><W104/><G72/><T68/><D68/><U55/><E100/><V15/><F15/><W119/><G32/><T117/><D117/><U128/><E128/><V13/><F13/><W37/><G37/><T28/><D135/><U0/><E0/><V20/><F20/><W71/><G71/><T84/><D123/><U31/><E31/><V63/><F105/><W2/><G17/><T51/><D27/><U61/><E45/><N who="2" m="25775" /><F60/><W46/><G46/><T75/><D75/><U53/><E95/><N who="2" m="56831" /><F126/><W50/><G94/><T120/><D120/><U106/><E106/><V43/><F43/><W1/><G1/><T89/><D129/><U47/><E47/><V24/><F127/><W30/><G30/><T83/><D130/><U34/><E34/><V67/><F24/><W114/><G119/><T93/><D29/><AGARI ba="0,0" hai="22,26,29,58,63,67,76,77" m="56831,25775" machi="29" ten="30,1000,0" yaku="8,1" doraHai="80" who="2" fromWho="0" sc="296,-10,240,0,266,10,198,0" /><INIT seed="2,0,0,2,4,17" ten="286,240,276,198" oya="2" hai0="24,75,124,133,34,45,84,11,100,123,37,65,113" hai1="115,125,81,33,93,64,54,80,135,73,105,16,21" hai2="10,18,53,126,78,87,119,51,67,66,13,2,15" hai3="99,61,60,70,29,42,109,48,26,85,55,92,102"/><V130/><F119/><W77/><G109/><T96/><D84/><U111/><E115/><V19/><F126/><W76/><G42/><T4/><D65/><U46/><E105/><V69/><F130/><W32/><G70/><T40/><D123/><U122/><E33/><V114/><F114/><W98/><G98/><T74/><D133/><U14/><E111/><V52/><F2/><W36/><G36/><T104/><D124/><U6/><E125/><V0/><F0/><W89/><G76/><T41/><D41/><U28/><E135/><V68/><F68/><W58/><REACH who="3" step="1"/><G77/><REACH who="3" ten="286,240,276,188" step="2"/><T79/><D79/><U131/><E122/><V106/><F69/><W83/><AGARI ba="0,1" hai="26,29,32,48,55,58,60,61,83,85,89,92,99,102" machi="83" ten="20,8000,1" yaku="1,1,2,1,0,1,7,1,53,1" doraHai="17" doraHaiUra="94" who="3" fromWho="3" sc="286,-20,240,-20,276,-40,188,90" /><INIT seed="3,0,0,0,4,27" ten="266,220,236,278" oya="3" hai0="62,93,135,15,29,83,12,126,7,42,89,53,19" hai1="116,6,129,91,119,107,52,96,1,106,122,75,100" hai2="33,24,8,13,60,125,22,38,20,108,2,71,16" hai3="50,25,131,59,26,44,14,55,109,21,34,95,61"/><W9/><G109/><T54/><D135/><U97/><E1/><V127/><F38/><W3/><G3/><T85/><D126/><N who="2" m="48138" /><F71/><W112/><G112/><T56/><D42/><U68/><E68/><V132/><F60/><W37/><G131/><T43/><D43/><U64/><E64/><V28/><F132/><W49/><G34/><T30/><D7/><U46/><E6/><N who="2" m="1111" /><F108/><W73/><G73/><T123/><D123/><U102/><E122/><V31/><F31/><N who="0" m="11786" /><D53/><U35/><E35/><AGARI ba="0,0" hai="13,16,20,22,24,28,33,35" m="1111,48138" machi="35" ten="30,8000,1" yaku="18,1,34,2,52,1,54,1" doraHai="27" who="2" fromWho="1" sc="266,0,220,-80,236,80,278,0" owari="266,-13.4,140,-36.0,316,41.6,278,7.8" /></mjloggm>