<mjloggm ver="2.3"><GO type="225" lobby="0"/><UN n0="%E3%83%97%E3%83%AC%E3%83%B4%E3%82%A1%E3%83%86%E3%82%A3" n1="%E3%82%B2%E3%82%B9%E8%8C%82%E5%8B%9D" n2="%E5%8F%AF%E5%85%90%E9%82%A3%E7%94%B1%E5%A4%9A" n3="%E3%82%BC%E3%83%AB%E3%83%80%E3%81%AE%E4%BC%9D%E8%AA%AC" dan="16,16,17,17" rate="2137.60,2066.01,2232.05,2261.10" sx="F,F,F,M"/><TAIKYOKU oya="0"/><INIT seed="0,0,0,5,5,134" ten="250,250,250,250" oya="0" hai0="45,39,70,74,129,23,80,94,18,82,110,27,108" hai1="59,69,16,36,86,4,78,55,95,75,41,97,98" hai2="83,126,116,92,44,14,63,101,135,119,47,130,28" hai3="123,76,91,128,125,20,61,115,103,104,25,29,107"/><T56/><D70/><U11/><E69/><V113/><F113/><W68/><G115/><T132/><D132/><U99/><E86/><V58/><F135/><W12/><G128/><T77/><D129/><U7/><E41/><V50/><F130/><W21/><G123/><T133/><D133/><U93/><E36/><V38/><F38/><W53/><G76/><T37/><D80/><U96/><E78/><V72/><F28/><W26/><G125/><T9/><D56/><U66/><E66/><V1/><F1/><W131/><G131/><T10/><D39/><U89/><E75/><V84/><F72/><W19/><G103/><T2/><D94/><U17/><N who="1" m="24576" /><DORA hai="34" /><U51/><E89/><V24/><F92/><N who="1" m="35401" /><E11/><V88/><F101/><W100/><G91/><T31/><D10/><U85/><E85/><V35/><F88/><W32/><G100/><T124/><D124/><U48/><E48/><V109/><F50/><W57/><REACH who="3" step="1"/><G68/><REACH who="3" ten="250,250,250,240" step="2"/><T90/><D90/><U42/><E42/><V60/><F126/><W43/><G43/><N who="0" m="22767" /><D31/><AGARI ba="0,1" hai="12,19,20,21,25,26,29,31,32,53,57,61,104,107" machi="31" ten="30,2000,0" yaku="1,1,7,1,53,0" doraHai="134,34" doraHaiUra="121,5" who="3" fromWho="0" sc="250,-20,250,0,250,0,240,30" /><INIT seed="1,0,0,4,3,22" ten="230,250,250,270" oya="1" hai0="52,117,88,121,62,127,26,49,7,24,64,10,40" hai1="59,100,78,27,81,33,11,3,74,107,34,120,68" hai2="135,94,4,104,134,25,58,8,93,53,61,92,91" hai3="83,12,70,122,118,84,131,6,37,114,113,73,129"/><U116/><E120/><V15/><F104/><W31/><G70/><T17/><D121/><U50/><E116/><V87/><REACH who="2" step="1"/><F25/><REACH who="2" ten="230,250,240,270" step="2"/><N who="0" m="9834" /><D117/><U46/><E34/><V90/><F90/><W54/><G118/><T18/><D127/><U57/><E33/><V72/><F72/><W79/><G73/><T82/><D40/><U103/><E27/><V99/><F99/><W1/><G122/><T47/><D64/><U97/><E103/><V16/><F16/><N who="0" m="6250" /><D62/><U85/><E74/><V20/><F20/><W29/><G114/><T95/><D82/><AGARI ba="0,1" hai="4,8,15,53,58,61,82,87,91,92,93,94,134,135" machi="82" ten="40,2600,0" yaku="1,1,53,1" doraHai="22" doraHaiUra="9" who="2" fromWho="0" sc="230,-26,250,0,240,36,270,0" /><INIT seed="2,0,0,3,2,39" ten="204,250,276,270" oya="2" hai0="105,107,56,49,135,55,45,33,52,86,0,104,69" hai1="92,123,66,85,10,58,112,15,37,14,96,27,102" hai2="125,38,111,68,3,26,60,23,29,9,128,35,113" hai3="17,90,36,71,120,109,22,74,101,4,21,44,75"/><V79/><F113/><W28/><G120/><T31/><D0/><U42/><E112/><V100/><F125/><W124/><G109/><T132/><D69/><U11/><E123/><V116/><F116/><W108/><G108/><T53/><D33/><U72/><E72/><V133/><F111/><W77/><G71/><T13/><D31/><U7/><E27/><V122/><F122/><W47/><G124/><T16/><D86/><U50/><E85/><V126/><F126/><W117/><G101/><T99/><D99/><U83/><E83/><V115/><F115/><W51/><G4/><T98/><D98/><U82/><E82/><V110/><F38/><W84/><G117/><T1/><D1/><U130/><E130/><V63/><F133/><N who="0" m="51274" /><D56/><U97/><E97/><V119/><F128/><W93/><G77/><T2/><D2/><U118/><E118/><V54/><F119/><W18/><G28/><T34/><D34/><U32/><E32/><V62/><F100/><W127/><G127/><T12/><D12/><U65/><E37/><V114/><F114/><W73/><G36/><T81/><D81/><U24/><E24/><V25/><F110/><W30/><G30/><T121/><D121/><U20/><E20/><AGARI ba="0,0" hai="13,16,20,45,49,52,53,55,104,105,107" m="51274" machi="20" ten="40,5200,0" yaku="20,1,54,2" doraHai="39" who="0" fromWho="1" sc="204,52,250,-52,276,0,270,0" /><INIT seed="3,0,0,2,0,72" ten="256,198,276,270" oya="3" hai0="23,60,110,34,134,81,78,97,116,69,89,48,53" hai1="73,68,42,33,109,101,32,38,131,88,129,105,20" hai2="76,6,13,56,83,5,52,7,107,44,127,77,2" hai3="135,55,54,123,1,15,58,8,126,133,124,112,28"/><W70/><G70/><T22/><D116/><U63/><E20/><V118/><F118/><W96/><G112/><T114/><D114/><U119/><E119/><V11/><F107/><W120/><G96/><T98/><D34/><N who="1" m="13419" /><E88/><V108/><F108/><W50/><G28/><T24/><D110/><U65/><E109/><V39/><F127/><N who="3" m="48683" /><G1/><T128/><D134/><N who="3" m="51209" /><G15/><T71/><D128/><N who="1" m="49227" /><E73/><N who="2" m="43407" /><F77/><W117/><G8/><T25/><D89/><U87/><E87/><V16/><F13/><W104/><G104/><T66/><D71/><U79/><E79/><V93/><F16/><W132/><G132/><T121/><D121/><N who="3" m="46665" /><G54/><T40/><D23/><U103/><E105/><V122/><F122/><W10/><G10/><T86/><D24/><U67/><E67/><V62/><F93/><W47/><G117/><T90/><D90/><U64/><E64/><V27/><F27/><W61/><G61/><T3/><D3/><U29/><E29/><V125/><F125/><W45/><AGARI ba="0,0" hai="45,47,50,55,58" m="46665,51209,48683" machi="45" ten="40,12000,1" yaku="18,1,20,1,34,2" doraHai="72" who="3" fromWho="3" sc="256,-40,198,-40,276,-40,270,120" owari="216,-18.4,158,-34.2,236,3.6,390,49.0" /></mjloggm>