<mjloggm ver="2.3"><GO type="225" lobby="0"/><UN n0="%E3%81%99%E3%81%84%E3%81%BE%E3%81%9B%E3%83%BC%E3%82%93" n1="%E3%81%BF%E3%81%BF%E3%81%9A" n2="%72%69%6F%75%63%68%61%6E" n3="%E3%81%B5%E3%81%98%E3%81%8B%E3%81%A4" dan="18,17,16,16" rate="2180.16,2287.48,2153.43,2175.18" sx="M,M,M,M"/><TAIKYOKU oya="0"/><INIT seed="0,0,0,5,1,113" ten="250,250,250,250" oya="0" hai0="106,20,18,73,124,57,109,87,122,32,0,131,97" hai1="52,86,65,96,38,24,50,58,17,71,95,130,75" hai2="129,16,123,81,117,100,111,85,15,93,54,3,29" hai3="133,62,6,7,49,121,60,134,35,10,5,12,112"/><T19/><D73/><U13/><E75/><V68/><F123/><W42/><G112/><T118/><D122/><U22/><E130/><V51/><F129/><W21/><G121/><T23/><D131/><U127/><E127/><V108/><F3/><W72/><G72/><T30/><D0/><U25/><E38/><V43/><F68/><W67/><G35/><T107/><D124/><U8/><E71/><V74/><F29/><W110/><G21/><T103/><D107/><U102/><E65/><V59/><F43/><W126/><G126/><T125/><D125/><U9/><REACH who="1" step="1"/><E86/><REACH who="1" ten="250,240,250,250" step="2"/><V70/><F70/><W2/><G67/><T79/><D87/><U64/><E64/><V115/><F115/><W41/><G110/><N who="2" m="42025" /><F74/><W83/><G2/><T39/><D109/><U56/><E56/><V78/><F117/><W40/><G49/><T91/><D118/><U37/><E37/><V135/><F135/><N who="3" m="51723" /><G83/><T101/><D39/><U31/><E31/><V128/><F128/><W76/><G76/><T92/><D30/><U1/><E1/><V53/><F59/><W34/><G34/><T98/><D32/><U61/><E61/><AGARI ba="0,1" hai="5,6,7,10,12,40,41,42,60,61,62" m="51723" machi="61" ten="30,1000,0" yaku="20,1" doraHai="113" who="3" fromWho="1" sc="250,0,240,-10,250,0,250,20" /><INIT seed="1,0,0,0,1,121" ten="250,230,250,270" oya="1" hai0="51,12,63,50,128,86,1,43,96,55,102,22,117" hai1="123,39,83,35,58,62,20,87,0,4,95,27,118" hai2="120,106,88,129,132,75,36,107,34,73,38,23,79" hai3="112,53,114,119,74,11,21,103,93,90,60,125,17"/><U77/><E123/><V57/><F120/><W101/><G119/><T66/><D117/><U30/><E118/><V61/><F34/><W115/><G74/><T68/><D1/><U113/><E113/><V100/><F73/><W8/><G125/><T108/><D128/><U92/><E39/><V72/><F72/><W9/><G53/><T31/><D108/><U109/><E109/><V25/><F129/><W7/><G60/><T71/><D71/><U76/><E76/><V29/><F132/><W19/><G7/><T94/><D43/><U105/><E105/><V130/><F130/><W3/><G3/><T28/><D51/><U42/><E42/><V47/><F47/><W45/><G45/><T10/><D22/><U18/><E4/><V134/><F134/><W14/><REACH who="3" step="1"/><G19/><REACH who="3" ten="250,230,250,260" step="2"/><T2/><D2/><U41/><E0/><V6/><F6/><W135/><G135/><T91/><D55/><U99/><E41/><V82/><F107/><W69/><G69/><T13/><D68/><U5/><E5/><V49/><F49/><W33/><G33/><T65/><D50/><U26/><E99/><AGARI ba="0,1" hai="8,9,11,14,17,21,90,93,99,101,103,112,114,115" machi="99" ten="50,3200,0" yaku="1,1,53,1" doraHai="121" doraHaiUra="89" who="3" fromWho="1" sc="250,0,230,-32,250,0,260,42" /><INIT seed="2,0,0,1,0,5" ten="250,198,250,302" oya="2" hai0="124,35,93,95,40,52,77,75,49,62,51,67,71" hai1="57,132,112,116,42,2,41,43,63,78,119,114,37" hai2="4,91,23,9,20,107,123,89,54,88,92,46,22" hai3="27,135,113,122,94,36,6,66,128,21,120,39,34"/><V99/><F123/><W86/><G135/><T38/><D35/><U25/><E2/><V47/><F107/><W18/><G128/><T131/><D131/><U30/><E78/><V104/><F104/><W130/><G130/><T29/><D29/><U82/><E82/><V26/><F26/><W106/><G106/><T61/><D124/><U59/><E37/><V44/><REACH who="2" step="1"/><F54/><REACH who="2" ten="250,198,240,302" step="2"/><W8/><G120/><T12/><D52/><N who="1" m="34215" /><E25/><V48/><F48/><W127/><G27/><T84/><D51/><U17/><E30/><V81/><F81/><W45/><G122/><T98/><D49/><U74/><E74/><V129/><F129/><W121/><G121/><T133/><D75/><U0/><E132/><V90/><F90/><W96/><G39/><T50/><D50/><U115/><E17/><V125/><F125/><W1/><G18/><T109/><D133/><U100/><E100/><V76/><F76/><W28/><G127/><T126/><D77/><U33/><E33/><V73/><F73/><W65/><G34/><T80/><D126/><U3/><E3/><AGARI ba="0,1" hai="3,4,9,20,22,23,44,46,47,88,89,91,92,99" machi="3" ten="40,7700,0" yaku="1,1,52,1,54,1,53,0" doraHai="5" doraHaiUra="64" who="2" fromWho="1" sc="250,0,198,-77,240,87,302,0" /><INIT seed="2,1,0,5,0,118" ten="250,121,327,302" oya="2" hai0="44,31,123,2,83,126,60,101,129,77,134,52,104" hai1="85,106,80,22,127,122,73,108,93,51,32,95,102" hai2="78,6,4,67,103,24,48,19,50,117,81,58,12" hai3="47,91,63,92,97,42,90,23,114,54,121,7,124"/><V110/><F117/><W70/><G121/><T34/><D123/><U5/><E32/><V53/><F110/><W112/><G124/><T3/><D126/><U86/><E127/><V61/><F103/><W29/><G7/><T65/><D129/><U38/><E38/><V98/><F98/><W14/><G70/><T59/><D134/><U96/><E5/><V1/><F24/><N who="3" m="16543" /><G63/><T66/><D101/><U125/><E22/><V0/><F0/><W9/><G54/><T132/><D104/><U37/><E51/><V55/><F50/><W27/><G27/><T30/><D132/><U64/><E37/><V46/><F55/><W82/><G82/><T79/><D83/><U15/><E15/><V119/><F1/><W28/><G28/><T62/><D34/><U40/><E64/><V36/><F36/><N who="3" m="21959" /><G14/><T20/><D52/><U131/><E40/><V21/><REACH who="2" step="1"/><F119/><REACH who="2" ten="250,121,317,302" step="2"/><W99/><G97/><T16/><D2/><U56/><E125/><V71/><F71/><W75/><G99/><T74/><D3/><U128/><E108/><V113/><F113/><W88/><G112/><T120/><D66/><U39/><E39/><V111/><F111/><W76/><G114/><T100/><D65/><U57/><E122/><V26/><F26/><W45/><G45/><T105/><D44/><U72/><E96/><V107/><F107/><W69/><G69/><T11/><D105/><U84/><E106/><V49/><F49/><W41/><G41/><T25/><D120/><U18/><E102/><V116/><F116/><W35/><G35/><T135/><D100/><U130/><E131/><RYUUKYOKU ba="1,1" sc="250,-10,121,-10,317,30,302,-10" hai2="4,6,12,19,21,46,48,53,58,61,67,78,81" /><INIT seed="2,2,1,2,4,25" ten="240,111,347,292" oya="2" hai0="133,126,51,89,5,110,21,26,6,11,72,130,131" hai1="28,134,78,23,74,60,109,4,75,37,82,85,19" hai2="81,68,16,15,42,127,32,10,69,43,102,12,115" hai3="24,13,125,3,116,14,84,95,67,7,46,123,58"/><V87/><F115/><W112/><G123/><T64/><D126/><U8/><E109/><V56/><F127/><W122/><G116/><T49/><D110/><U113/><E113/><V39/><F32/><W1/><G122/><T93/><D72/><U63/><E134/><V41/><F39/><W36/><G125/><T59/><D133/><U40/><E75/><V48/><F102/><W117/><G13/><T27/><D27/><U33/><E33/><V61/><F12/><W70/><G70/><T34/><D34/><U118/><E118/><V100/><F100/><W55/><G67/><T52/><D64/><U22/><E22/><V71/><F48/><W97/><G84/><T108/><D108/><U111/><E111/><V92/><F92/><W35/><G14/><T17/><D51/><U120/><E120/><V119/><F119/><W104/><G7/><T94/><D94/><U0/><E85/><V66/><REACH who="2" step="1"/><F71/><REACH who="2" ten="240,111,337,292" step="2"/><W31/><G117/><T53/><D93/><U124/><E124/><V29/><F29/><W129/><G112/><T105/><D49/><U135/><E135/><V73/><F73/><W121/><G121/><T88/><D131/><U80/><E80/><V47/><F47/><W18/><G129/><T9/><D130/><U65/><E65/><V77/><AGARI ba="2,2" hai="10,15,16,41,42,43,56,61,66,68,69,77,81,87" machi="77" ten="30,11700,0" yaku="1,1,0,1,54,1,53,1" doraHai="25" doraHaiUra="76" who="2" fromWho="2" sc="240,-41,111,-41,337,143,292,-41" /><INIT seed="2,3,0,5,4,59" ten="199,70,480,251" oya="2" hai0="69,122,111,7,32,42,34,13,8,57,129,121,99" hai1="50,4,38,23,47,18,134,118,63,45,96,25,132" hai2="94,16,76,85,58,60,127,17,11,64,95,27,114" hai3="107,92,44,112,86,82,105,37,93,124,126,75,41"/><V56/><F114/><W103/><G75/><T102/><D69/><U1/><E118/><V6/><F127/><N who="3" m="48683" /><G112/><T61/><D111/><U55/><E96/><V35/><F56/><W15/><G15/><T135/><D135/><N who="1" m="51755" /><E1/><V53/><F64/><W39/><G39/><T21/><D129/><U128/><E4/><V108/><F108/><W30/><G30/><T117/><D117/><U116/><E116/><V66/><F66/><W49/><G49/><T77/><D77/><U65/><E128/><V24/><F35/><W36/><G36/><T106/><D21/><U81/><E81/><N who="2" m="47271" /><F24/><W3/><G3/><T33/><REACH who="0" step="1"/><D42/><REACH who="0" ten="189,70,480,251" step="2"/><N who="1" m="22743" /><E65/><AGARI ba="3,1" hai="7,8,13,32,33,34,57,61,65,99,102,106,121,122" machi="65" ten="40,2600,0" yaku="1,1,52,1,53,0" doraHai="59" doraHaiUra="123" who="0" fromWho="1" sc="189,45,70,-35,480,0,251,0" /><INIT seed="3,0,0,1,0,46" ten="234,35,480,251" oya="3" hai0="84,82,116,101,19,105,62,37,41,98,60,108,25" hai1="52,106,54,69,57,128,23,99,132,104,59,8,35" hai2="93,125,72,134,33,27,100,48,1,14,117,78,70" hai3="131,109,45,6,88,34,26,97,65,94,20,43,31"/><W119/><G119/><T28/><D116/><U50/><E128/><V121/><F117/><W102/><G131/><T103/><D108/><U13/><E132/><V66/><F1/><W115/><G115/><T56/><D103/><U40/><E35/><V53/><F14/><W29/><G109/><T120/><D120/><U2/><E69/><V107/><F93/><W76/><G6/><T47/><D19/><U75/><E75/><V79/><F72/><W18/><G65/><T22/><REACH who="0" step="1"/><D56/><REACH who="0" ten="224,35,480,251" step="2"/><U15/><E40/><V122/><F134/><W89/><G76/><AGARI ba="0,1" hai="22,25,28,37,41,47,60,62,76,82,84,98,101,105" machi="76" ten="30,7700,0" yaku="1,1,2,1,7,1,53,1" doraHai="46" doraHaiUra="16" who="0" fromWho="3" sc="224,87,35,0,480,0,251,-77" owari="311,11.1,35,-46.5,480,58.0,174,-22.6" /></mjloggm>