<mjloggm ver="2.3"><GO type="225" lobby="0"/><UN n0="%6D%75%75%6D%75%72%61" n1="%E3%81%A8%E3%82%93%E3%81%A8%E3%81%93%E3%81%A8%E3%82%93" n2="%E5%A4%96%E5%B7%9D%E7%AB%9C%E6%88%90" n3="%48%61%61%61%6C%61%6E%64" dan="16,16,16,18" rate="2150.02,2182.33,2145.17,2189.38" sx="F,F,M,M"/><TAIKYOKU oya="0"/><INIT seed="0,0,0,3,2,11" ten="250,250,250,250" oya="0" hai0="104,58,40,115,31,73,118,119,129,15,76,91,36" hai1="116,3,26,132,97,64,107,30,133,83,24,55,47" hai2="54,43,49,65,10,77,23,66,109,99,62,45,92" hai3="48,42,100,126,70,74,125,113,37,21,50,44,88"/><T35/><D115/><U80/><E3/><V122/><F109/><W112/><G74/><T2/><D2/><U128/><E64/><V108/><F108/><W29/><G100/><T71/><D71/><U16/><E116/><V0/><F122/><W105/><G105/><T121/><D121/><U19/><E107/><V32/><F32/><W103/><G103/><T106/><D129/><U1/><E1/><V102/><F77/><W98/><G70/><T111/><D111/><U38/><E97/><V69/><F66/><W110/><G110/><T13/><D76/><U124/><E124/><N who="3" m="47722" /><G29/><T95/><D73/><U89/><E128/><V17/><F0/><W5/><G5/><T86/><D104/><U123/><E123/><V61/><F61/><W53/><G21/><T25/><D106/><U59/><E30/><V57/><F10/><W28/><G28/><T120/><D120/><U7/><E7/><V75/><F75/><W72/><G72/><T67/><D118/><U130/><E130/><V90/><F102/><W94/><G37/><T84/><D84/><U18/><E38/><V51/><F23/><W20/><G20/><T33/><D33/><U14/><E132/><V101/><F101/><W12/><G12/><T68/><D68/><U56/><E14/><V81/><F17/><W134/><G134/><T117/><D117/><U114/><E133/><V135/><F135/><W131/><G131/><T41/><D119/><U63/><E114/><V34/><F34/><W93/><G94/><T60/><D36/><U52/><E19/><V39/><F39/><W9/><G9/><RYUUKYOKU ba="0,0" sc="250,10,250,-30,250,10,250,10" hai0="13,15,25,31,35,40,41,58,60,67,86,91,95" hai2="43,45,49,51,54,57,62,65,69,81,90,92,99" hai3="42,44,48,50,53,88,93,98,112,113" /><INIT seed="0,1,0,1,4,5" ten="260,220,260,260" oya="0" hai0="70,22,39,29,60,46,58,0,61,102,26,35,37" hai1="64,12,56,31,15,36,44,62,28,20,57,14,13" hai2="83,41,88,30,90,2,118,127,109,3,135,125,33" hai3="77,99,27,119,124,130,106,105,51,85,42,116,98"/><T59/><D70/><U1/><E1/><N who="2" m="11" /><F41/><W18/><G27/><T107/><D0/><U82/><E36/><V55/><F55/><W79/><G18/><T81/><D35/><U6/><E44/><V132/><F109/><W115/><G51/><T74/><D102/><U80/><E56/><V113/><F113/><W120/><G42/><T76/><D107/><U47/><E47/><V66/><F66/><W100/><G115/><T8/><D46/><U128/><E128/><V10/><F118/><W25/><G25/><T7/><D59/><U65/><E65/><V53/><F53/><W24/><G24/><T32/><D32/><U91/><E91/><N who="2" m="34859" /><F83/><N who="1" m="31785" /><E20/><V93/><F93/><W17/><G130/><T101/><D101/><U121/><E121/><V38/><F38/><W131/><G131/><T48/><D48/><U19/><E6/><V110/><F110/><W123/><G100/><T86/><D74/><U84/><E84/><V134/><F10/><W21/><G21/><T71/><D71/><U67/><E64/><V54/><F54/><W75/><G85/><T114/><D114/><U126/><E126/><N who="2" m="48139" /><F33/><W94/><G124/><T4/><D4/><U96/><E96/><V11/><F11/><W68/><G98/><T72/><D86/><U45/><E45/><V69/><F69/><W92/><G68/><T129/><D129/><U122/><E122/><V49/><F49/><W112/><G112/><T95/><D95/><U16/><E12/><V103/><F103/><W52/><G99/><T97/><D97/><U111/><E111/><V117/><F117/><W89/><G119/><RYUUKYOKU ba="1,0" sc="260,-15,220,15,260,15,260,-15" hai1="13,14,15,16,19,28,31,57,62,67" hai2="30,132,134,135" /><INIT seed="1,2,0,4,0,113" ten="245,235,275,245" oya="1" hai0="87,22,93,53,52,61,30,10,39,12,78,100,114" hai1="9,14,98,110,60,86,71,43,45,38,48,34,44" hai2="0,15,80,95,83,96,54,125,55,2,32,127,41" hai3="90,132,26,101,8,66,106,19,65,67,76,6,94"/><U105/><E34/><V119/><F32/><W7/><G132/><T3/><D39/><U82/><E110/><V37/><F15/><N who="3" m="7655" /><G106/><T23/><D114/><U99/><E105/><V47/><F119/><W131/><G131/><T5/><D3/><U121/><E60/><V116/><F116/><W134/><G134/><T84/><D78/><U40/><E71/><V27/><F27/><W13/><G76/><T17/><D30/><U135/><E121/><V92/><F96/><N who="3" m="59543" /><G26/><T88/><D100/><U81/><E135/><V4/><F4/><W58/><G13/><N who="0" m="5327" /><D23/><U123/><E123/><V50/><F37/><W118/><G118/><T91/><D61/><U111/><E111/><V24/><F24/><W115/><G115/><T64/><D64/><N who="3" m="24681" /><G90/><T124/><D124/><U104/><E104/><V79/><F79/><W130/><G130/><T126/><D126/><U57/><E57/><V103/><F103/><W16/><G16/><T59/><D59/><U63/><E63/><AGARI ba="2,0" hai="6,7,58,63,67" m="24681,59543,7655" machi="63" ten="30,1000,0" yaku="8,1" doraHai="113" who="3" fromWho="1" sc="245,0,235,-16,275,0,245,16" /><INIT seed="2,0,0,5,3,104" ten="245,219,275,261" oya="2" hai0="99,119,12,103,13,77,62,51,129,63,50,102,112" hai1="41,123,8,57,101,0,72,59,121,58,9,52,82" hai2="83,10,90,134,55,132,96,70,19,124,92,32,15" hai3="133,116,34,122,42,31,89,106,56,64,11,84,97"/><V29/><F70/><W125/><G116/><T105/><D112/><U6/><E41/><V93/><F124/><W115/><G122/><N who="1" m="46602" /><E101/><V108/><F108/><W16/><G125/><T94/><D129/><U73/><E82/><V131/><F131/><W17/><G115/><T46/><D119/><U44/><E9/><V45/><F92/><W33/><G42/><T68/><D68/><U67/><E67/><V66/><F66/><W85/><G133/><N who="2" m="51305" /><F83/><W75/><G11/><T1/><D1/><U43/><E52/><V3/><F3/><W88/><G64/><T60/><D77/><U53/><E53/><V80/><F80/><W14/><G56/><N who="1" m="14338" /><U25/><DORA hai="5" /><E25/><N who="2" m="18479" /><F55/><W20/><G106/><T100/><D105/><U30/><E30/><V40/><F40/><W26/><G31/><T69/><D69/><U95/><E95/><V107/><F107/><W128/><G128/><T4/><D46/><AGARI ba="0,0" hai="10,15,19,45,46,90,93,96" m="18479,51305" machi="46" ten="30,2900,0" yaku="20,1,52,1" doraHai="104,5" who="2" fromWho="0" sc="245,-29,219,0,275,29,261,0" /><INIT seed="2,1,0,0,4,28" ten="216,219,304,261" oya="2" hai0="70,1,65,116,91,43,58,19,41,0,5,57,12" hai1="30,36,122,74,96,40,56,67,114,4,39,130,49" hai2="76,46,69,101,13,99,128,124,31,53,18,20,14" hai3="45,111,59,24,60,102,127,79,86,8,78,94,75"/><V118/><F118/><W95/><G75/><T109/><D116/><U81/><E4/><V54/><F69/><W61/><G111/><T27/><D109/><U129/><E30/><V87/><F124/><W15/><G127/><T50/><D70/><U35/><E35/><V121/><F121/><W38/><G24/><T131/><D131/><N who="1" m="50187" /><E96/><V93/><F31/><W51/><G38/><N who="1" m="14378" /><E81/><N who="2" m="47527" /><F128/><W125/><G125/><T92/><D5/><U110/><E74/><V22/><F46/><W17/><G60/><T64/><D1/><U82/><E82/><V47/><F47/><W119/><G119/><T73/><D0/><U115/><E110/><V62/><F62/><W100/><G86/><T77/><D73/><U7/><E7/><V120/><F120/><W133/><G78/><T113/><D77/><U21/><E21/><V85/><F85/><W80/><G79/><T117/><D113/><N who="1" m="43019" /><E122/><V63/><F22/><W88/><G80/><T90/><D117/><U103/><E103/><V52/><F13/><W134/><G100/><T83/><D83/><U48/><E40/><V112/><F112/><W105/><G102/><T104/><D12/><U42/><E42/><V66/><F14/><W68/><G15/><T3/><D3/><U16/><E16/><V132/><F18/><W26/><G17/><T29/><D29/><U135/><E135/><V10/><F132/><W11/><G133/><T89/><D19/><U55/><E67/><N who="0" m="25673" /><D27/><U9/><E9/><V97/><F10/><W71/><G8/><T108/><D108/><U34/><E34/><V32/><F32/><W126/><G134/><RYUUKYOKU ba="1,0" sc="216,-10,219,30,304,-10,261,-10" hai1="48,49,55,56" /><INIT seed="3,2,0,5,3,130" ten="206,249,294,251" oya="3" hai0="66,78,52,3,97,129,24,27,45,134,123,72,73" hai1="84,70,94,126,90,20,28,76,30,48,60,107,6" hai2="80,33,121,119,18,7,17,115,1,44,114,50,109" hai3="29,111,125,74,56,15,34,100,67,120,53,68,9"/><W16/><G120/><T105/><D123/><U98/><E126/><V128/><F121/><W25/><G74/><T46/><D3/><U51/><E6/><V113/><F119/><W63/><G125/><T75/><D129/><U38/><E38/><V89/><F128/><W2/><G111/><T132/><D78/><U23/><E70/><V19/><F33/><W37/><G37/><T5/><D5/><U127/><E60/><V43/><F109/><W106/><G2/><T39/><D66/><U42/><E107/><V81/><F89/><W13/><G13/><T49/><D105/><U31/><E127/><V54/><F54/><W92/><G92/><T118/><D97/><U8/><E8/><V101/><F101/><W41/><G41/><N who="0" m="22719" /><D118/><U131/><E131/><V59/><F59/><W86/><G86/><T96/><D96/><U22/><REACH who="1" step="1"/><E42/><REACH who="1" ten="206,239,294,251" step="2"/><V112/><F112/><W85/><G106/><T71/><D71/><U65/><E65/><V110/><F110/><W21/><G68/><T55/><D55/><U57/><E57/><V117/><F117/><W35/><G67/><T124/><D124/><U87/><E87/><V62/><F62/><W93/><G85/><T77/><D77/><U40/><E40/><V10/><AGARI ba="2,1" hai="1,7,10,17,18,19,43,44,50,80,81,113,114,115" machi="10" ten="40,1500,0" yaku="0,1" doraHai="130" who="2" fromWho="2" sc="206,-6,239,-6,294,31,251,-9" owari="200,-30.0,233,-16.7,325,42.5,242,4.2" /></mjloggm>