<mjloggm ver="2.3"><GO type="225" lobby="0"/><UN n0="%6D%75%75%6D%75%72%61" n1="%E3%81%B2%E3%81%BE%E3%81%A4%E3%81%B6%E3%81%97" n2="%E5%A4%8F%E9%88%B4%E9%88%B4%E5%A4%8F" n3="%E3%81%BF%E3%81%BF%E3%81%9A" dan="16,17,16,16" rate="2126.65,2226.80,2127.44,2138.06" sx="F,M,M,M"/><TAIKYOKU oya="0"/><INIT seed="0,0,0,4,3,125" ten="250,250,250,250" oya="0" hai0="38,100,56,71,129,51,105,117,50,121,73,3,93" hai1="78,65,99,53,113,2,69,36,128,114,88,35,131" hai2="9,85,134,109,97,86,24,55,98,33,81,83,32" hai3="82,115,76,84,31,130,44,22,12,60,133,4,20"/><T120/><D117/><U101/><E2/><V127/><F127/><W28/><G115/><N who="1" m="44042" /><E35/><V92/><F109/><W126/><G126/><T107/><D38/><U68/><E36/><V89/><F134/><W27/><G133/><T54/><D71/><N who="1" m="27211" /><E65/><V1/><F55/><W70/><G130/><N who="1" m="49706" /><E78/><V46/><F46/><W63/><G44/><T23/><D3/><U67/><E67/><V42/><F1/><W112/><G112/><T119/><D119/><U95/><E53/><V39/><F39/><W15/><G70/><T132/><D132/><U17/><E17/><V80/><F42/><W37/><G37/><T14/><D129/><U66/><E66/><V64/><F64/><W77/><G4/><T90/><D54/><U29/><E29/><V135/><F135/><W96/><G76/><T6/><D6/><U7/><E7/><V26/><F32/><W103/><G31/><T49/><D120/><U118/><E118/><V104/><F33/><W34/><G34/><T57/><D121/><U25/><E25/><V58/><F24/><W62/><G20/><T122/><D122/><U74/><E74/><V30/><F26/><W40/><G40/><T110/><D73/><U18/><E18/><V111/><F30/><W59/><G12/><T47/><D14/><U13/><E13/><V61/><F9/><W91/><G15/><T102/><D23/><U48/><E48/><V21/><F21/><W52/><G77/><T108/><D47/><U0/><E0/><V75/><F75/><W41/><G41/><T16/><D16/><U106/><E106/><AGARI ba="0,0" hai="22,27,28,52,59,60,62,63,82,84,91,96,103,106" machi="106" ten="30,2000,0" yaku="7,1,54,1" doraHai="125" who="3" fromWho="1" sc="250,0,250,-20,250,0,250,20" /><INIT seed="1,0,0,1,2,68" ten="250,230,250,270" oya="1" hai0="81,29,60,114,107,76,128,36,31,28,108,97,95" hai1="66,106,24,10,85,17,129,74,73,5,4,82,27" hai2="131,11,84,101,16,30,6,57,46,86,38,13,110" hai3="116,134,125,71,92,3,37,41,50,9,132,102,83"/><U88/><E129/><V87/><F110/><W33/><G33/><T2/><D114/><U65/><E106/><V7/><F131/><W69/><G125/><T111/><D128/><U35/><E17/><V62/><F101/><W100/><G50/><T91/><D2/><U93/><E5/><V51/><F38/><W39/><G116/><T130/><D130/><U22/><E35/><V43/><REACH who="2" step="1"/><F30/><REACH who="2" ten="250,230,240,270" step="2"/><W19/><G102/><T77/><D36/><U55/><E74/><V34/><F34/><W80/><G39/><T48/><D108/><U115/><E73/><V1/><F1/><W90/><G100/><T47/><D111/><U72/><E115/><V98/><F98/><W112/><G3/><T52/><D107/><U121/><E72/><V96/><F96/><W75/><G112/><T122/><D122/><U103/><E121/><V126/><F126/><W56/><G75/><T20/><D31/><U127/><E127/><V59/><F59/><W89/><G56/><T113/><D29/><U63/><E103/><V15/><F15/><N who="3" m="7663" /><G69/><T133/><D113/><U8/><E66/><AGARI ba="0,1" hai="6,7,11,13,16,43,46,51,57,62,66,84,86,87" machi="66" ten="40,8000,1" yaku="1,1,8,1,54,1,53,1" doraHai="68" doraHaiUra="42" who="2" fromWho="1" sc="250,0,230,-80,240,90,270,0" /><INIT seed="2,0,0,0,5,105" ten="250,150,330,270" oya="2" hai0="31,95,60,80,107,11,39,3,2,28,129,29,36" hai1="15,121,75,24,112,82,119,59,43,19,30,84,65" hai2="110,61,52,32,72,41,53,125,70,93,94,78,22" hai3="117,88,73,26,58,74,108,69,103,131,99,118,23"/><V1/><F32/><W115/><G69/><T27/><D107/><U35/><E112/><V48/><F1/><W126/><G115/><T86/><D129/><U9/><E119/><V77/><F41/><W57/><G131/><T122/><D122/><U25/><E121/><V76/><F125/><W49/><G126/><T38/><D27/><U123/><E123/><V64/><F110/><W68/><G68/><T87/><D95/><U102/><E25/><V0/><F0/><W81/><G108/><T109/><D109/><U91/><E43/><V14/><F72/><W8/><G8/><T5/><D3/><U4/><E102/><V96/><F93/><W114/><G114/><T46/><D46/><U106/><E106/><V47/><F53/><W90/><G103/><T101/><D101/><U71/><E71/><V44/><F44/><W85/><G99/><T40/><D40/><U6/><REACH who="1" step="1"/><E75/><REACH who="1" ten="250,140,330,270" step="2"/><V45/><F70/><W132/><G73/><T127/><D127/><U128/><E128/><V83/><F77/><W89/><G74/><T20/><D38/><U98/><E98/><V42/><F78/><N who="3" m="46263" /><G118/><T54/><D36/><U113/><E113/><V21/><F76/><W50/><G117/><T97/><D39/><U67/><E67/><V55/><F64/><W134/><G132/><T104/><D97/><U111/><E111/><V10/><F96/><W130/><G134/><T17/><D104/><U7/><E7/><V116/><F42/><W66/><G130/><T33/><D5/><U56/><E56/><N who="3" m="21610" /><G66/><T62/><D87/><U37/><E37/><V51/><F116/><RYUUKYOKU ba="0,1" sc="250,-15,140,15,330,-15,270,15" hai1="4,6,9,15,19,24,30,35,59,65,82,84,91" hai3="23,26,49,50,88,89,90" /><INIT seed="3,1,1,5,0,127" ten="235,155,315,285" oya="3" hai0="111,105,91,128,82,40,67,81,9,28,36,84,6" hai1="56,76,93,12,104,71,102,77,33,78,117,39,19" hai2="115,70,30,116,48,49,60,13,59,97,54,32,29" hai3="134,131,55,11,47,34,114,23,65,66,57,106,24"/><W69/><G114/><T68/><D105/><U108/><E71/><V38/><F38/><W110/><G106/><T42/><D111/><U5/><E39/><V123/><F116/><W52/><G34/><T98/><D98/><U7/><E104/><V100/><F115/><W20/><G110/><T31/><D128/><U72/><E33/><V90/><F123/><W113/><G131/><T89/><D67/><U62/><E72/><V43/><F32/><W17/><G69/><T95/><D68/><U103/><E108/><V120/><F120/><W15/><G113/><T64/><D64/><N who="3" m="24681" /><G134/><T107/><D107/><U119/><E119/><V45/><F70/><W133/><G133/><T92/><D36/><U88/><E117/><V87/><F60/><N who="3" m="35879" /><G24/><T94/><D42/><U25/><E25/><V14/><F100/><W125/><G125/><T58/><D40/><U101/><E56/><V130/><F97/><W2/><G2/><T35/><D58/><U10/><REACH who="1" step="1"/><E62/><REACH who="1" ten="235,145,315,285" step="2"/><V53/><F130/><W44/><G44/><T75/><D35/><U63/><E63/><V80/><F43/><W129/><G129/><T135/><D135/><U83/><E83/><V18/><F13/><W121/><G121/><T109/><D75/><U26/><E26/><V41/><F41/><W96/><G47/><T27/><D109/><U0/><E0/><V79/><F14/><W112/><G112/><T126/><D27/><U4/><E4/><V74/><F18/><W3/><G3/><T1/><D126/><U124/><E124/><V37/><F37/><W86/><G15/><T122/><D122/><RYUUKYOKU ba="1,2" sc="235,10,145,10,315,10,285,-30" hai0="1,6,9,28,31,81,82,84,89,91,92,94,95" hai1="5,7,10,12,19,76,77,78,88,93,101,102,103" hai2="29,30,45,48,49,53,54,59,74,79,80,87,90" owari="245,-15.5,155,-34.5,345,44.5,255,5.5" /></mjloggm>