<mjloggm ver="2.3"><GO type="225" lobby="0"/><UN n0="%E3%80%93%E3%81%97%E3%83%BC%E3%82%89%E3%80%93" n1="%E6%B4%BE%E9%81%A3%E3%81%AE%E3%82%B8%E3%83%A3%E3%83%83%E3%82%AF" n2="%E6%A1%9C%E8%8A%B1%E9%96%83%E3%80%85" n3="%E4%BF%BA%E3%81%A8%E5%A6%96%E5%A4%A2" dan="16,17,16,17" rate="2178.08,2223.47,2149.11,2203.62" sx="M,M,M,F"/><TAIKYOKU oya="0"/><INIT seed="0,0,0,2,1,4" ten="250,250,250,250" oya="0" hai0="35,78,50,119,5,29,1,113,62,112,32,25,30" hai1="26,22,63,73,47,51,131,134,82,107,17,40,15" hai2="97,54,41,60,123,105,101,44,19,43,87,7,133" hai3="108,99,124,53,84,57,18,10,94,77,79,80,76"/><T49/><D78/><U12/><E107/><V100/><F123/><W117/><G117/><T128/><D62/><U21/><E134/><V127/><F133/><W52/><G108/><T8/><D50/><U46/><E131/><V55/><F127/><W56/><G124/><T37/><D37/><U72/><E63/><V126/><F126/><W42/><G42/><T129/><D49/><U92/><E92/><V45/><F7/><W95/><G95/><T70/><D70/><U36/><E82/><V135/><F135/><W122/><G56/><T98/><D98/><U90/><E90/><V28/><F28/><W64/><G64/><T85/><D85/><U86/><E86/><V75/><F75/><W93/><G93/><T23/><D119/><U96/><E96/><V14/><F87/><W13/><G122/><T69/><D69/><U39/><E39/><V103/><F97/><W91/><G53/><N who="2" m="19977" /><F60/><AGARI ba="0,0" hai="10,13,18,52,57,60,76,77,79,80,84,91,94,99" machi="60" ten="30,7700,0" yaku="7,1,8,1,52,1,54,1" doraHai="4" who="3" fromWho="2" sc="250,0,250,0,250,-77,250,77" /><INIT seed="1,0,0,0,4,79" ten="250,250,173,327" oya="1" hai0="65,109,18,80,118,101,9,47,54,78,51,35,102" hai1="38,108,41,103,6,116,40,104,69,1,45,124,0" hai2="98,29,83,49,56,94,92,19,100,132,15,81,115" hai3="5,24,99,33,39,61,131,67,130,32,134,133,12"/><U135/><E116/><V95/><F132/><N who="3" m="50795" /><G39/><T127/><D35/><N who="3" m="13385" /><G99/><T72/><D118/><U53/><E135/><V97/><F29/><W10/><G24/><T42/><D127/><U3/><E124/><V89/><F115/><W17/><G17/><T120/><D120/><U105/><E53/><N who="2" m="31791" /><F95/><W107/><G107/><N who="1" m="41034" /><E103/><V70/><F70/><AGARI ba="0,0" hai="5,10,12,61,67,70,130,131" m="13385,50795" machi="70" ten="30,1000,0" yaku="20,1" doraHai="79" who="3" fromWho="2" sc="250,0,250,0,173,-10,327,10" /><INIT seed="2,0,0,4,2,134" ten="250,250,163,337" oya="2" hai0="124,2,89,3,64,12,41,31,125,32,53,126,62" hai1="28,16,123,93,6,88,120,131,77,26,117,127,68" hai2="33,73,92,98,70,38,46,5,35,49,1,58,55" hai3="87,84,14,63,109,51,66,37,25,4,13,83,75"/><V91/><F73/><W54/><G37/><T29/><D41/><U47/><E117/><V133/><F133/><W79/><G109/><T116/><D116/><U7/><E68/><V96/><F70/><W48/><G25/><N who="0" m="18479" /><D31/><U71/><E71/><V8/><REACH who="2" step="1"/><F98/><REACH who="2" ten="250,250,153,337" step="2"/><W103/><G75/><T129/><D129/><U42/><E131/><V9/><F9/><W50/><G84/><T78/><D78/><U27/><E77/><V65/><F65/><W104/><G66/><T21/><D64/><U10/><E10/><V43/><AGARI ba="0,1" hai="1,5,8,33,35,38,43,46,49,55,58,91,92,96" machi="43" ten="30,3000,0" yaku="1,1,0,1,53,0" doraHai="134" doraHaiUra="24" who="2" fromWho="2" sc="250,-10,250,-10,153,40,337,-10" /><INIT seed="2,1,0,4,4,62" ten="240,240,193,327" oya="2" hai0="107,109,64,104,21,81,118,60,111,112,134,75,7" hai1="102,72,66,108,29,49,30,42,83,45,94,130,13" hai2="18,65,52,69,89,36,116,44,58,71,54,25,67" hai3="117,100,80,128,123,24,33,32,87,110,76,48,82"/><V38/><F89/><W20/><G117/><T11/><D112/><U9/><E108/><N who="0" m="41545" /><D134/><U68/><E130/><V35/><F18/><W119/><G119/><T5/><D118/><U56/><E68/><N who="2" m="26187" /><F25/><W98/><G110/><T46/><D46/><U26/><E72/><V88/><F88/><W51/><G128/><T63/><D21/><U115/><E115/><V6/><F6/><N who="0" m="2058" /><D11/><U40/><E26/><V77/><F77/><W97/><G32/><T41/><D41/><N who="1" m="24751" /><E29/><V39/><F35/><W43/><G43/><T31/><D31/><U131/><E131/><V121/><F116/><W17/><G33/><T133/><D133/><U86/><E30/><V105/><F105/><N who="0" m="40522" /><D64/><N who="2" m="24650" /><F121/><W126/><G123/><T15/><D15/><U47/><E13/><V113/><F113/><W120/><G120/><T96/><D96/><U70/><E9/><V16/><F16/><W79/><G17/><T27/><D27/><U19/><E70/><V3/><F3/><W37/><G24/><T91/><D91/><U0/><E0/><V99/><F99/><W50/><G97/><T124/><D75/><U2/><E2/><V132/><F132/><W129/><G129/><T28/><D28/><U90/><E19/><V57/><F44/><W106/><G20/><T14/><D14/><U22/><E22/><V23/><F23/><W34/><G34/><T114/><D114/><U127/><E47/><V78/><F78/><W93/><G106/><T61/><D81/><U84/><E83/><V135/><F135/><W59/><G80/><T125/><AGARI ba="1,0" hai="60,61,63,124,125" m="40522,2058,41545" machi="125" ten="40,5200,0" yaku="28,2,14,1" doraHai="62" who="0" fromWho="0" sc="240,55,240,-14,193,-27,327,-14" /><INIT seed="3,0,0,3,4,60" ten="295,226,166,313" oya="3" hai0="17,31,92,89,21,11,29,19,94,40,10,54,47" hai1="65,50,87,118,9,100,113,127,66,85,70,90,38" hai2="16,33,4,81,83,77,3,26,6,64,123,41,110" hai3="88,78,43,131,23,99,0,86,57,126,8,74,59"/><W121/><G121/><T35/><D35/><U7/><E113/><V32/><F123/><W51/><G131/><T120/><D120/><U115/><E115/><V105/><F105/><W75/><G126/><T20/><D54/><U39/><E70/><V13/><F110/><W48/><G99/><T53/><D53/><U44/><E100/><V106/><F106/><W46/><G74/><T96/><D47/><U24/><E24/><V128/><F128/><W28/><G78/><T91/><D96/><U82/><E127/><V109/><F109/><W76/><G76/><T45/><D45/><U42/><E87/><V72/><F41/><AGARI ba="0,0" hai="10,11,17,19,20,21,29,31,40,41,89,91,92,94" machi="41" ten="25,3200,0" yaku="22,2,8,1" doraHai="60" who="0" fromWho="2" sc="295,32,226,0,166,-32,313,0" owari="327,42.7,226,-17.4,134,-36.6,313,11.3" /></mjloggm>