<mjloggm ver="2.3"><GO type="225" lobby="0"/><UN n0="%38%63%E3%81%AF%E3%81%A3%E3%81%97%E3%83%BC" n1="%E6%9A%87%E4%BA%BA%EF%BC%A0%E9%85%8D%E4%BF%A1%E5%9E%A2" n2="%E5%B8%86%E7%AB%8B%E5%A4%8F%E8%A1%A3" n3="%E3%83%B4%E3%83%A0%EF%BC%99%E3%81%A6" dan="16,17,16,17" rate="2111.92,2180.75,2071.69,2135.45" sx="M,F,M,M"/><TAIKYOKU oya="0"/><INIT seed="0,0,0,2,5,13" ten="250,250,250,250" oya="0" hai0="0,96,2,51,105,88,16,77,11,107,38,65,76" hai1="37,56,47,82,34,7,53,119,115,40,60,33,31" hai2="46,112,123,66,81,106,101,14,83,39,69,1,62" hai3="120,128,54,117,15,99,8,70,30,3,45,22,114"/><T87/><D38/><U20/><E119/><V72/><F112/><W111/><G114/><T12/><D65/><U58/><E115/><V71/><F123/><W24/><G70/><T41/><D0/><U92/><E7/><V131/><F131/><W110/><G128/><T79/><D2/><U26/><E82/><V29/><F1/><W97/><G117/><T122/><D122/><U89/><REACH who="1" step="1"/><E58/><REACH who="1" ten="250,240,250,250" step="2"/><V130/><F71/><W44/><G120/><T94/><REACH who="0" step="1"/><D96/><AGARI ba="0,1" hai="20,26,31,33,34,37,40,47,53,56,60,89,92,96" machi="96" ten="30,3900,0" yaku="1,1,2,1,7,1,53,0" doraHai="13" doraHaiUra="73" who="1" fromWho="0" sc="250,-39,240,49,250,0,250,0" /><INIT seed="1,0,0,5,3,123" ten="211,289,250,250" oya="1" hai0="57,59,20,44,18,83,119,124,51,21,88,49,68" hai1="29,77,112,106,16,34,89,47,116,45,62,87,9" hai2="71,94,114,92,135,91,134,127,93,11,27,76,74" hai3="86,46,99,28,1,15,130,48,52,70,120,43,95"/><U42/><E112/><V32/><F71/><W100/><G120/><T66/><D119/><U30/><E116/><V118/><F118/><W132/><G132/><N who="2" m="50729" /><F11/><W67/><G130/><T85/><D124/><U50/><E106/><V37/><F37/><W26/><G1/><T69/><D68/><U35/><E77/><V6/><F6/><W36/><G15/><T55/><D69/><U54/><E34/><V5/><F5/><W90/><G70/><T41/><REACH who="0" step="1"/><D18/><REACH who="0" ten="201,289,250,250" step="2"/><U101/><E16/><V23/><F127/><W61/><G67/><T82/><D82/><U0/><E30/><N who="2" m="17791" /><F114/><W7/><G7/><T111/><D111/><U24/><E29/><V98/><F32/><W110/><G110/><T12/><D12/><U65/><E35/><V4/><F4/><W14/><G14/><T3/><D3/><U121/><E121/><V8/><F8/><W102/><G28/><T80/><D80/><AGARI ba="0,1" hai="74,76,80,91,92,93,94,98" m="17791,50729" machi="80" ten="30,1000,0" yaku="20,1" doraHai="123" who="2" fromWho="0" sc="201,-10,289,0,250,20,250,0" /><INIT seed="2,0,0,4,2,40" ten="191,289,270,250" oya="2" hai0="74,43,22,91,108,2,103,0,5,124,27,99,57" hai1="77,88,23,76,75,116,107,115,49,68,39,87,63" hai2="81,37,53,28,58,52,4,44,106,9,131,30,109" hai3="66,47,54,17,31,73,93,127,12,64,122,61,89"/><V80/><F106/><W41/><G122/><T45/><D108/><U60/><E115/><V98/><F131/><W65/><G127/><T104/><D124/><U36/><E116/><V25/><F109/><W100/><G73/><T129/><D74/><U110/><E107/><V35/><F30/><W13/><G31/><T96/><D5/><U111/><E23/><V51/><F98/><W101/><G54/><T128/><D57/><U86/><E75/><V19/><F19/><W8/><G61/><T126/><D126/><U94/><E49/><V71/><F71/><W56/><G56/><T1/><D91/><U82/><E88/><V125/><F125/><W70/><G13/><T34/><D34/><U21/><E21/><V10/><F10/><W67/><G70/><T121/><D99/><U50/><E68/><V72/><F72/><W11/><G11/><T113/><D121/><U29/><E50/><V18/><F18/><W16/><G17/><T48/><REACH who="0" step="1"/><D113/><REACH who="0" ten="181,289,270,250" step="2"/><U114/><E114/><V42/><REACH who="2" step="1"/><F53/><REACH who="2" ten="181,289,260,250" step="2"/><W133/><G100/><T33/><D33/><U38/><E110/><V84/><F84/><W85/><G101/><T90/><D90/><U78/><E111/><V32/><F32/><W46/><G85/><T132/><D132/><U134/><E134/><V14/><AGARI ba="0,2" hai="4,9,14,25,28,35,37,42,44,51,52,58,80,81" machi="14" ten="20,18000,2" yaku="1,1,0,1,7,1,52,1,54,1,53,1" doraHai="40" doraHaiUra="55" who="2" fromWho="2" sc="181,-60,289,-60,260,200,250,-60" /><INIT seed="2,1,0,0,0,62" ten="121,229,460,190" oya="2" hai0="116,2,89,86,60,4,135,100,17,33,121,65,9" hai1="113,112,56,16,127,46,105,35,53,126,0,78,79" hai2="93,68,99,20,10,77,57,71,41,49,110,64,43" hai3="97,30,67,90,114,24,107,13,12,73,131,85,122"/><V45/><F77/><N who="1" m="29193" /><E105/><V101/><F110/><W61/><G122/><T124/><D121/><U11/><E35/><V6/><F43/><W15/><G73/><T104/><D116/><U133/><E46/><V134/><F134/><W54/><G114/><T80/><D135/><U95/><E133/><V21/><F71/><W58/><G131/><T106/><D124/><N who="1" m="47659" /><E95/><V37/><F68/><W26/><G54/><T19/><D33/><U74/><E74/><V111/><F111/><W40/><G40/><T59/><REACH who="0" step="1"/><D104/><REACH who="0" ten="111,229,460,190" step="2"/><U29/><E112/><V50/><F37/><W118/><G118/><T81/><D81/><U96/><E113/><V42/><F42/><W115/><G115/><T25/><D25/><U36/><E36/><V75/><F75/><W119/><G119/><T27/><D27/><U51/><E29/><V108/><F108/><W55/><G30/><T47/><D47/><U117/><E117/><V128/><F128/><W28/><G28/><T66/><D66/><U3/><E96/><AGARI ba="1,1" hai="2,4,9,17,19,59,60,65,80,86,89,96,100,106" machi="96" ten="40,2600,0" yaku="1,1,52,1,53,0" doraHai="62" doraHaiUra="39" who="0" fromWho="1" sc="111,39,229,-29,460,0,190,0" /><INIT seed="3,0,0,5,0,9" ten="150,200,460,190" oya="3" hai0="83,96,61,129,37,73,58,135,19,81,80,36,53" hai1="29,10,104,39,64,56,127,120,21,95,77,79,89" hai2="20,124,26,25,134,94,35,106,90,5,86,23,34" hai3="49,126,1,41,31,6,116,67,122,15,17,107,110"/><W68/><G116/><T72/><D135/><U105/><E120/><V42/><F106/><W59/><G122/><T123/><D123/><U121/><E121/><V16/><F124/><W70/><G107/><T71/><D71/><U27/><E104/><V11/><F134/><W82/><G126/><T32/><D32/><U115/><E115/><V8/><F42/><W47/><G31/><T60/><D129/><U2/><E105/><V14/><F8/><W92/><G110/><T109/><D109/><U7/><E39/><V113/><F113/><W62/><G6/><T97/><D19/><AGARI ba="0,0" hai="5,11,14,16,19,20,23,25,26,34,35,86,90,94" machi="19" ten="30,7700,0" yaku="7,1,9,1,52,1,54,1" doraHai="9" who="2" fromWho="0" sc="150,-77,200,0,460,77,190,0" owari="73,-42.7,200,0.0,537,63.7,190,-21.0" /></mjloggm>