<mjloggm ver="2.3"><GO type="225" lobby="0"/><UN n0="%E3%82%BC%E3%83%AB%E3%83%80%E3%81%AE%E4%BC%9D%E8%AA%AC" n1="%E5%B7%9D%E7%80%AC%E6%99%BA%E5%AD%90" n2="%E7%B4%94%E6%BD%94%E3%83%94%E3%83%A9%E3%83%8B%E3%82%A2" n3="%4B%2E%32%2E%4B%2E" dan="16,16,17,17" rate="2189.37,2040.55,2194.56,2251.98" sx="M,M,M,M"/><TAIKYOKU oya="0"/><INIT seed="0,0,0,4,4,117" ten="250,250,250,250" oya="0" hai0="100,78,21,44,46,109,134,92,35,61,102,10,81" hai1="88,93,62,71,89,107,90,94,104,127,14,113,82" hai2="2,112,108,70,36,5,52,74,131,56,32,15,9" hai3="18,43,124,38,39,31,16,119,120,58,20,103,133"/><T1/><D35/><U87/><E14/><V22/><F112/><W97/><G119/><T123/><D123/><U72/><E62/><V45/><F70/><W19/><G124/><T26/><D134/><U80/><E71/><V95/><F74/><W98/><G133/><T25/><D109/><U41/><E41/><V48/><F108/><W11/><G120/><T4/><D26/><U125/><E113/><V12/><F32/><W75/><G75/><T69/><D69/><U115/><E115/><V79/><F79/><W7/><G58/><T111/><D111/><U83/><E72/><V63/><F36/><W65/><G65/><T17/><D61/><U86/><E89/><V126/><F126/><AGARI ba="0,0" hai="80,82,83,86,87,88,90,93,94,104,107,125,126,127" machi="126" ten="40,12000,2" yaku="9,1,18,1,34,3,54,1" doraHai="117" who="1" fromWho="2" sc="250,0,250,120,250,-120,250,0" /><INIT seed="1,0,0,4,2,17" ten="250,370,130,250" oya="1" hai0="6,91,66,63,67,37,108,99,75,10,40,23,129" hai1="98,53,106,117,68,126,43,35,94,59,121,48,76" hai2="7,114,52,60,45,81,26,27,34,101,78,1,3" hai3="80,4,120,41,118,28,18,54,135,84,20,89,49"/><U56/><E117/><V133/><F114/><W62/><G120/><T112/><D112/><U42/><E121/><V16/><F133/><W105/><G135/><T64/><D75/><U38/><E68/><V0/><F101/><W124/><G118/><T83/><D108/><U39/><E35/><V87/><F7/><W115/><G115/><T14/><D129/><U92/><E106/><V131/><F131/><W47/><G124/><T31/><D37/><U103/><E76/><V85/><F85/><W110/><G110/><T32/><D32/><U109/><E126/><V55/><F45/><W24/><G4/><T79/><D40/><U86/><E109/><V36/><F36/><W128/><G128/><T69/><D79/><U46/><E38/><V22/><REACH who="2" step="1"/><F60/><REACH who="2" ten="250,370,120,250" step="2"/><W12/><G105/><T21/><D63/><U116/><E116/><V51/><F51/><W71/><G62/><T65/><D69/><U9/><E86/><V122/><F122/><W58/><G71/><T13/><D6/><U104/><E39/><V96/><F96/><W25/><G28/><AGARI ba="0,1" hai="0,1,3,16,22,26,27,28,34,52,55,78,81,87" machi="28" ten="40,8000,1" yaku="1,1,52,1,54,2,53,0" doraHai="17" doraHaiUra="111" who="2" fromWho="3" sc="250,0,370,0,120,90,250,-80" /><INIT seed="2,0,0,4,4,19" ten="250,370,210,170" oya="2" hai0="101,91,112,35,8,13,135,82,71,121,30,77,34" hai1="17,102,2,39,4,103,38,0,128,44,97,59,5" hai2="74,89,64,31,107,85,94,50,32,123,86,65,57" hai3="81,49,26,124,84,41,76,116,131,72,24,69,47"/><V43/><F74/><W117/><G124/><T7/><D112/><U105/><E128/><V20/><F107/><W113/><G113/><T45/><D71/><U27/><E59/><V3/><F3/><W10/><G131/><T96/><D121/><U22/><E103/><V83/><F32/><W42/><G69/><T55/><D135/><U127/><E127/><V98/><F86/><W56/><G41/><T126/><D91/><U61/><E61/><V15/><F123/><W88/><G56/><T110/><D30/><U106/><E106/><V75/><F75/><W25/><REACH who="3" step="1"/><G10/><REACH who="3" ten="250,370,210,160" step="2"/><T18/><D8/><U23/><E44/><N who="2" m="25887" /><F57/><W68/><G68/><T109/><D45/><U133/><E133/><V99/><F99/><W48/><G48/><T104/><D126/><U78/><E97/><V93/><F93/><AGARI ba="0,1" hai="24,25,26,42,47,49,72,76,81,84,88,93,116,117" machi="93" ten="40,2600,0" yaku="1,1,54,1,53,0" doraHai="19" doraHaiUra="9" who="3" fromWho="2" sc="250,0,370,0,210,-26,160,36" /><INIT seed="3,0,0,1,5,104" ten="250,370,184,196" oya="3" hai0="71,90,69,55,8,122,107,17,124,81,32,64,80" hai1="134,73,118,52,85,28,23,65,42,39,33,99,43" hai2="127,56,18,67,116,59,45,120,48,50,63,51,79" hai3="98,89,36,125,131,3,14,27,70,11,35,95,113"/><W112/><G125/><T7/><D122/><U100/><E73/><V1/><F1/><W110/><G131/><T88/><D32/><U12/><E65/><V15/><F116/><W34/><G36/><T44/><D107/><U49/><E33/><V115/><F115/><W19/><G110/><T108/><D108/><U66/><E66/><V20/><F120/><W102/><G70/><T13/><D124/><U97/><E39/><V121/><F121/><W84/><G3/><T6/><D64/><U91/><E134/><V74/><F56/><W25/><G34/><T4/><D69/><U129/><E129/><V133/><F133/><W47/><G47/><T106/><D106/><U29/><E29/><V41/><REACH who="2" step="1"/><F127/><REACH who="2" ten="250,370,174,196" step="2"/><W128/><G128/><T37/><D71/><U109/><E118/><V53/><F53/><W83/><REACH who="3" step="1"/><G35/><REACH who="3" ten="250,370,174,186" step="2"/><T94/><D44/><U10/><E109/><V40/><F40/><W76/><G76/><T119/><D119/><U72/><E42/><V61/><F61/><W30/><G30/><T123/><D123/><U75/><E28/><V26/><F26/><AGARI ba="0,2" hai="11,14,19,25,26,27,83,84,89,95,98,102,112,113" machi="26" ten="40,2000,0" yaku="1,1,53,0" doraHai="104" doraHaiUra="0" who="3" fromWho="2" sc="250,0,370,0,174,-20,186,40" /><INIT seed="3,1,0,2,0,32" ten="250,370,154,226" oya="3" hai0="68,31,118,99,135,27,109,92,74,111,131,65,13" hai1="130,62,51,14,61,42,85,72,86,94,20,116,89" hai2="119,24,110,114,75,52,129,69,124,55,133,121,50" hai3="97,7,106,96,57,90,71,132,105,79,76,39,21"/><W73/><G39/><T0/><D118/><U43/><E72/><V88/><RYUUKYOKU type="yao9" ba="1,0" sc="250,0,370,0,154,0,226,0" hai2="24,50,52,55,69,75,88,110,114,119,121,124,129,133" /><INIT seed="3,2,0,5,1,19" ten="250,370,154,226" oya="3" hai0="102,117,18,124,8,118,25,119,65,54,75,123,15" hai1="113,20,70,85,36,71,28,59,3,101,109,131,134" hai2="35,121,92,89,100,78,10,110,129,47,22,95,26" hai3="63,108,60,32,97,126,91,80,46,83,111,74,114"/><W55/><G32/><T7/><D75/><U84/><E3/><V11/><F121/><W9/><G114/><T34/><D65/><U45/><E113/><V73/><F110/><N who="3" m="42027" /><G126/><T27/><D102/><U5/><E5/><V116/><F116/><W130/><G130/><T90/><D90/><U41/><E101/><V72/><F129/><W81/><G74/><T42/><D42/><U52/><E131/><V29/><F72/><W50/><G9/><N who="0" m="6511" /><D54/><U125/><E125/><V1/><F1/><W53/><G55/><T57/><D57/><U93/><E84/><V62/><F73/><W135/><G135/><T122/><D124/><U87/><E87/><V43/><F78/><W16/><G16/><T86/><D86/><U58/><E58/><V120/><F120/><N who="0" m="46122" /><D34/><U40/><E134/><V39/><F35/><W77/><G77/><T24/><D24/><U104/><E109/><V31/><F31/><W82/><N who="3" m="20480" /><DORA hai="56" /><W0/><G91/><T51/><D51/><U79/><E28/><V21/><F21/><W12/><G97/><T88/><D88/><U103/><E20/><V23/><F23/><W107/><G107/><T66/><D66/><U61/><E79/><V30/><F30/><W13/><G53/><T4/><D4/><U38/><E104/><V2/><F2/><AGARI ba="2,0" hai="2,7,8,25,27,117,118,119" m="46122,6511" machi="2" ten="40,2600,0" yaku="34,2" doraHai="19,56" who="0" fromWho="2" sc="250,32,370,0,154,-32,226,0" owari="282,8.2,370,47.0,122,-37.8,226,-17.4" /></mjloggm>