<mjloggm ver="2.3"><GO type="225" lobby="0"/><UN n0="%E6%B0%B7%E5%B7%9D%E9%87%8C%E5%A5%88" n1="%E3%81%99%E3%81%84%E3%81%BE%E3%81%9B%E3%83%BC%E3%82%93" n2="%E3%81%A9%E3%82%8F%E3%82%93%E3%81%94" n3="%E3%81%AF%E3%82%88%E3%81%8A%E3%81%98%E3%81%95%E3%82%93" dan="16,16,16,17" rate="2142.89,2214.88,2096.72,2189.11" sx="F,M,M,M"/><TAIKYOKU oya="0"/><INIT seed="0,0,0,4,2,88" ten="250,250,250,250" oya="0" hai0="20,98,55,91,101,44,131,85,63,34,2,130,66" hai1="133,114,107,1,0,80,58,32,19,41,62,102,84" hai2="25,5,110,12,38,126,53,21,90,64,40,68,10" hai3="116,17,95,118,26,106,124,74,61,47,99,3,11"/><T86/><D34/><U50/><E32/><V54/><F110/><W120/><G74/><T92/><D2/><U113/><E133/><V112/><F126/><W78/><G78/><T132/><D132/><U100/><E19/><V7/><F112/><N who="1" m="43113" /><E50/><V97/><F7/><W56/><G106/><T83/><D20/><U39/><E41/><V89/><F68/><W18/><G124/><T49/><REACH who="0" step="1"/><D85/><REACH who="0" ten="240,250,250,250" step="2"/><U24/><E0/><V129/><F21/><N who="3" m="13615" /><G3/><T87/><D87/><U67/><E1/><V31/><F31/><W57/><G116/><T48/><D48/><U52/><E39/><V27/><F38/><W37/><G118/><T117/><D117/><U111/><E111/><V115/><F115/><W43/><G37/><T30/><D30/><U128/><E128/><V105/><F129/><W6/><G11/><T125/><D125/><U9/><E9/><V35/><F10/><W14/><G14/><T28/><D28/><U121/><E24/><V127/><F12/><W77/><G120/><T29/><D29/><U135/><E135/><V51/><F27/><W15/><G15/><T79/><D79/><U122/><E122/><V94/><F127/><W13/><G77/><T73/><D73/><U96/><E121/><V109/><F109/><W60/><G13/><T76/><D76/><U108/><E108/><V16/><F25/><W36/><G6/><T81/><D81/><U70/><E80/><V82/><F5/><W69/><G36/><T71/><AGARI ba="0,1" hai="44,49,55,63,66,71,83,86,91,92,98,101,130,131" machi="71" ten="30,6000,0" yaku="1,1,0,1,52,1,53,0" doraHai="88" doraHaiUra="33" who="0" fromWho="0" sc="240,70,250,-20,250,-20,250,-20" /><INIT seed="0,1,0,3,5,79" ten="310,230,230,230" oya="0" hai0="117,112,124,70,74,26,31,107,34,87,55,12,118" hai1="63,50,90,0,11,23,105,113,1,25,39,115,29" hai2="133,40,99,28,37,88,36,41,134,80,21,19,58" hai3="106,94,75,119,103,46,53,9,65,128,22,8,121"/><T32/><D112/><N who="1" m="43083" /><E39/><V130/><F28/><W109/><G119/><T6/><D74/><U135/><E135/><N who="2" m="51723" /><F130/><W116/><G116/><T10/><D34/><U72/><E105/><V129/><F129/><W61/><G128/><T57/><D70/><U62/><E72/><V110/><F110/><W4/><G75/><T38/><D38/><N who="2" m="14954" /><F58/><W85/><G106/><T68/><D68/><U24/><E50/><V45/><F45/><W71/><G109/><T101/><D124/><U84/><E24/><N who="2" m="14399" /><F99/><W114/><G114/><T5/><D5/><N who="1" m="1447" /><E1/><V81/><F88/><W67/><G4/><T43/><D43/><AGARI ba="1,0" hai="40,41,43,80,81" m="14399,14954,51723" machi="43" ten="30,3900,0" yaku="20,1,52,2" doraHai="79" who="2" fromWho="0" sc="310,-42,230,0,230,42,230,0" /><INIT seed="1,0,0,1,1,70" ten="268,230,272,230" oya="1" hai0="43,40,120,27,102,60,17,18,37,45,28,71,74" hai1="90,77,3,94,24,88,25,7,75,44,19,12,122" hai2="1,132,20,116,63,100,117,13,119,32,23,96,99" hai3="49,61,67,76,42,26,54,111,50,82,92,15,106"/><U11/><E122/><V2/><F32/><W130/><G106/><T98/><D74/><U0/><E0/><V39/><F39/><W33/><G111/><T131/><D131/><U85/><E90/><V29/><F132/><W16/><G130/><T73/><D73/><U9/><REACH who="1" step="1"/><E44/><REACH who="1" ten="268,220,272,230" step="2"/><V129/><F129/><W5/><G76/><T4/><D120/><U55/><E55/><V68/><F2/><W115/><G54/><T133/><D133/><U47/><E47/><V126/><F1/><W41/><G115/><T127/><D127/><U81/><AGARI ba="0,1" hai="3,7,9,11,12,19,24,25,75,77,81,85,88,94" machi="81" ten="30,6000,0" yaku="1,1,0,1,54,1,53,0" doraHai="70" doraHaiUra="103" who="1" fromWho="1" sc="268,-20,220,70,272,-20,230,-20" /><INIT seed="1,1,0,3,2,109" ten="248,290,252,210" oya="1" hai0="19,21,16,101,120,124,42,4,38,30,102,34,33" hai1="29,49,35,100,31,61,78,22,83,80,8,85,23" hai2="60,40,52,27,66,17,37,132,45,50,89,18,68" hai3="57,117,84,99,115,63,81,79,108,96,3,74,20"/><U36/><E36/><V98/><F132/><W103/><G115/><T135/><D124/><U51/><E100/><V32/><F89/><W69/><G3/><T112/><D112/><U56/><E8/><V116/><F116/><W75/><G69/><T58/><D135/><U88/><E35/><V133/><F133/><W0/><G0/><T43/><D120/><U118/><E118/><V77/><F77/><W76/><G117/><T110/><D110/><U14/><E51/><V127/><F127/><W5/><G108/><T25/><D4/><U111/><E49/><V41/><F98/><W123/><G123/><T15/><D38/><U59/><E59/><N who="2" m="33175" /><F41/><N who="0" m="15370" /><D34/><U53/><E111/><V87/><F87/><W47/><G47/><T86/><D33/><U113/><E113/><V94/><F94/><W130/><G130/><T28/><D58/><U97/><E97/><V105/><F105/><W62/><G5/><T114/><D86/><N who="1" m="50247" /><E14/><V10/><F10/><W64/><G79/><T82/><D82/><U129/><E129/><V11/><F11/><W13/><G99/><T70/><D70/><U44/><E44/><V6/><F6/><W90/><G76/><T24/><D114/><U122/><E122/><V65/><F66/><W125/><G125/><T48/><D48/><U71/><E71/><V126/><F126/><W1/><G1/><T119/><D119/><U72/><E72/><V93/><F93/><N who="3" m="58767" /><G63/><T2/><D2/><U12/><E12/><V104/><F104/><W46/><G46/><T73/><D73/><N who="3" m="27657" /><G13/><T7/><D7/><U107/><E107/><V67/><F67/><RYUUKYOKU ba="1,0" sc="248,-30,290,10,252,10,210,10" hai1="22,23,29,31,53,56,61,78,83,85" hai2="17,18,27,32,37,40,45,60,65,68" hai3="20,57,62,64,81,84,90" /><INIT seed="1,2,0,4,1,127" ten="218,300,262,220" oya="1" hai0="57,0,108,24,68,7,107,47,13,59,89,43,52" hai1="33,76,19,100,28,135,1,124,97,36,103,42,26" hai2="114,55,64,78,111,6,34,46,25,48,94,66,81" hai3="56,8,65,61,14,3,74,31,82,18,49,29,4"/><U98/><E1/><V20/><F111/><W35/><G35/><T87/><D68/><U38/><E124/><V132/><F132/><W109/><G109/><T131/><D108/><U45/><E135/><V50/><F114/><W95/><G95/><T91/><D0/><U125/><E125/><V60/><F34/><W88/><G49/><T44/><D107/><U54/><E76/><V71/><F6/><W112/><G112/><T72/><D72/><U96/><E38/><V128/><F128/><W133/><G133/><T102/><D102/><U134/><E134/><V84/><F94/><W92/><G82/><T118/><D118/><U69/><E69/><V5/><F5/><W123/><G74/><T9/><D24/><U90/><E90/><V121/><F121/><W104/><G104/><T12/><D131/><U99/><N who="1" m="24576" /><DORA hai="101" /><U73/><E73/><V17/><F71/><W37/><G37/><T129/><D129/><U32/><E32/><V40/><REACH who="2" step="1"/><F60/><REACH who="2" ten="218,300,252,220" step="2"/><W113/><G123/><T126/><D126/><U117/><E103/><V39/><F39/><W130/><G113/><T77/><D7/><U10/><E100/><V16/><F16/><W75/><G130/><T30/><D30/><U110/><E110/><V83/><F83/><W15/><G3/><T23/><D77/><U70/><E70/><V122/><F122/><W21/><G29/><T11/><D91/><U79/><E28/><V53/><F53/><W2/><G31/><T105/><D89/><U67/><E79/><V22/><F22/><W51/><G2/><T80/><D80/><U93/><E33/><RYUUKYOKU ba="2,1" sc="218,-10,300,-10,252,30,220,-10" hai2="17,20,25,40,46,48,50,55,64,66,78,81,84" /><INIT seed="2,3,1,3,3,45" ten="208,290,282,210" oya="2" hai0="120,64,3,113,33,65,76,46,26,101,28,35,98" hai1="86,92,111,1,31,27,82,15,106,102,128,114,104" hai2="93,30,25,52,109,129,24,84,121,85,72,108,47" hai3="23,49,20,95,56,61,96,122,59,89,32,97,50"/><V132/><F121/><W123/><G32/><T127/><D120/><U66/><E1/><V126/><F72/><W39/><G39/><T91/><D113/><U110/><E114/><V48/><F132/><W68/><G68/><T94/><D127/><U2/><E2/><V67/><F126/><W118/><G118/><T51/><D3/><U112/><E112/><V87/><F129/><W103/><G122/><T54/><D35/><U17/><E66/><V38/><F38/><W6/><G6/><T62/><D76/><U41/><E41/><V43/><F67/><W29/><G123/><T57/><REACH who="0" step="1"/><D101/><REACH who="0" ten="198,290,282,210" step="2"/><U90/><E102/><V19/><F109/><W119/><G119/><T22/><D22/><U107/><E111/><V75/><F108/><W34/><G34/><T77/><D77/><U134/><E110/><V100/><F75/><W12/><G20/><T71/><D71/><U80/><E128/><V13/><F100/><W58/><G61/><T125/><D125/><U0/><E0/><V135/><F135/><W74/><G74/><T8/><D8/><U14/><E134/><V36/><F87/><W16/><REACH who="3" step="1"/><G29/><REACH who="3" ten="198,290,282,200" step="2"/><T88/><D88/><U21/><E31/><V130/><F30/><W4/><G4/><T42/><AGARI ba="3,3" hai="26,28,33,42,46,51,54,57,62,64,65,91,94,98" machi="42" ten="20,5200,0" yaku="1,1,0,1,7,1,52,1,53,0" doraHai="45" doraHaiUra="18" who="0" fromWho="0" sc="198,91,290,-16,282,-29,200,-16" /><INIT seed="3,0,0,5,4,22" ten="289,274,253,184" oya="3" hai0="133,87,104,114,15,132,94,49,128,80,52,92,65" hai1="77,44,14,70,12,112,108,74,17,39,91,113,58" hai2="119,84,62,117,93,0,1,54,101,127,71,29,50" hai3="85,95,97,2,3,36,13,38,26,20,66,19,125"/><W27/><G125/><T30/><D104/><U10/><E70/><V78/><F127/><W35/><G66/><T56/><D128/><U51/><E108/><V120/><F120/><W16/><G85/><T4/><D114/><U76/><E74/><V48/><F1/><W31/><G2/><T25/><D65/><U59/><E39/><V42/><F0/><W98/><G3/><T46/><D56/><N who="1" m="21547" /><E113/><V18/><F71/><W89/><G98/><T33/><D4/><N who="1" m="3143" /><E91/><V107/><F107/><W75/><G75/><T118/><D15/><U7/><E7/><V131/><F42/><W111/><G111/><T126/><D126/><U99/><E99/><V123/><F123/><W106/><G106/><T9/><D9/><AGARI ba="0,0" hai="9,13,16,19,20,26,27,31,35,36,38,89,95,97" machi="9" ten="30,11600,0" yaku="7,1,52,2,54,1" doraHai="22" who="3" fromWho="0" sc="289,-116,274,0,253,0,184,116" owari="173,-32.7,274,7.4,253,-14.7,300,40.0" /></mjloggm>