<mjloggm ver="2.3"><GO type="225" lobby="0"/><UN n0="%E3%82%B2%E3%82%B9%E8%8C%82%E5%8B%9D" n1="%6D%75%75%6D%75%72%61" n2="%E5%A4%8F%E9%88%B4%E9%88%B4%E5%A4%8F" n3="%E3%81%AF%E3%82%88%E3%81%8A%E3%81%98%E3%81%95%E3%82%93" dan="16,17,16,17" rate="2057.92,2242.77,2109.07,2153.67" sx="F,F,M,M"/><TAIKYOKU oya="0"/><INIT seed="0,0,0,5,1,36" ten="250,250,250,250" oya="0" hai0="3,132,26,86,110,55,131,78,73,68,59,6,56" hai1="21,1,102,88,113,100,90,97,51,63,5,28,24" hai2="115,92,27,87,72,134,81,52,49,16,99,30,0" hai3="44,127,121,11,66,130,25,43,48,107,117,38,76"/><T120/><D120/><U53/><E113/><V34/><F115/><W79/><G117/><T15/><D73/><U18/><E1/><V7/><F72/><W2/><G107/><T112/><D68/><U106/><E5/><V118/><F134/><W82/><G121/><T13/><D112/><U85/><E100/><V29/><F118/><W125/><G130/><T20/><D131/><U4/><E4/><V84/><F29/><W91/><G66/><T12/><D132/><U108/><E108/><V71/><F71/><W124/><G2/><T61/><D110/><U129/><E129/><V23/><F7/><W32/><G11/><N who="0" m="4215" /><D3/><U47/><E85/><V83/><F0/><W93/><G82/><N who="2" m="31241" /><F30/><N who="3" m="19535" /><G38/><T67/><D86/><AGARI ba="0,0" hai="43,44,48,76,79,86,91,93,124,125,127" m="19535" machi="86" ten="30,2000,0" yaku="18,1,52,1" doraHai="36" who="3" fromWho="0" sc="250,-20,250,0,250,0,250,20" /><INIT seed="1,0,0,0,1,82" ten="230,250,250,270" oya="1" hai0="121,57,80,54,48,85,36,134,37,92,71,51,97" hai1="95,25,11,13,32,18,15,16,1,52,124,12,69" hai2="29,35,9,102,78,28,106,74,72,24,50,58,59" hai3="73,79,112,123,34,5,130,127,105,39,93,19,68"/><U60/><E124/><V108/><F108/><W133/><G19/><N who="1" m="7210" /><E69/><V91/><F28/><W47/><G93/><T20/><D134/><U64/><E1/><V118/><F118/><W76/><G47/><T2/><D121/><U110/><E32/><V86/><F9/><W89/><G89/><T131/><D131/><U90/><E110/><V104/><F58/><W128/><G5/><T38/><D71/><U22/><E64/><V65/><F78/><W70/><G76/><T107/><D107/><U40/><E40/><V81/><F102/><W101/><G79/><T113/><D113/><U53/><E11/><V10/><F10/><W56/><G56/><T111/><D111/><U114/><E114/><V100/><F50/><W99/><G99/><T8/><D20/><U125/><E125/><V44/><F44/><W132/><G101/><T17/><D48/><U94/><E60/><V0/><F0/><W83/><G130/><T122/><D122/><U109/><E109/><V135/><F135/><W120/><G133/><T3/><D8/><U115/><E115/><V4/><F4/><W31/><G112/><T27/><D27/><U6/><E6/><V77/><F100/><W129/><G127/><T41/><D41/><U75/><E75/><N who="2" m="28715" /><F77/><W66/><G132/><T117/><D17/><N who="1" m="12495" /><E95/><V98/><F98/><AGARI ba="0,0" hai="12,13,15,52,53,90,94,98" m="12495,7210" machi="98" ten="30,5800,0" yaku="8,1,54,2" doraHai="82" who="1" fromWho="2" sc="230,0,250,58,250,-58,270,0" /><INIT seed="1,1,0,1,4,2" ten="230,308,192,270" oya="1" hai0="46,90,29,47,39,65,98,23,17,73,34,26,31" hai1="52,11,18,44,1,3,115,117,102,33,60,8,30" hai2="116,57,95,50,118,51,13,112,92,16,56,4,87" hai3="25,7,81,28,48,121,12,113,42,19,9,133,122"/><U86/><E115/><V124/><F112/><W14/><G81/><T89/><D73/><U76/><E117/><V83/><F124/><W103/><G113/><T32/><D65/><U91/><E76/><V35/><F35/><W15/><G103/><T129/><D129/><U55/><E102/><V27/><F27/><W54/><G42/><T71/><D71/><U100/><E100/><V97/><F97/><W41/><G41/><T130/><D130/><U131/><E131/><V123/><F123/><W68/><G68/><T125/><D125/><U63/><E33/><V22/><F116/><W135/><G48/><N who="2" m="18473" /><F118/><W36/><G54/><T5/><D98/><U99/><E99/><V84/><F4/><W79/><G79/><T106/><D26/><U93/><E3/><V62/><F56/><W109/><G36/><T110/><D17/><U38/><E30/><V127/><F127/><W24/><G109/><T21/><D39/><U107/><E107/><V126/><F126/><W94/><G94/><N who="2" m="35881" /><F83/><W69/><G69/><T61/><D106/><U104/><E104/><V20/><F22/><N who="3" m="13407" /><G122/><T82/><D82/><U70/><E70/><V58/><F58/><W64/><G64/><AGARI ba="1,0" hai="13,16,20,57,62,64,84,87" m="35881,18473" machi="64" ten="30,2000,0" yaku="8,1,54,1" doraHai="2" who="2" fromWho="3" sc="230,0,308,0,192,23,270,-23" /><INIT seed="2,0,0,1,1,31" ten="230,308,215,247" oya="2" hai0="52,24,43,34,129,19,88,47,94,123,105,68,128" hai1="21,102,51,6,22,64,73,86,67,120,58,103,110" hai2="91,126,28,23,30,75,38,87,50,115,20,60,49" hai3="18,97,41,130,36,55,37,57,59,70,127,15,104"/><V114/><F38/><W131/><G70/><T109/><D109/><U82/><E73/><V42/><F75/><W121/><G121/><T95/><D105/><U99/><E110/><V54/><F126/><W81/><G127/><T61/><D123/><U80/><E120/><V96/><F114/><W65/><G81/><T112/><D112/><U26/><E6/><V11/><F115/><W27/><G27/><T116/><D116/><U108/><E108/><V125/><F125/><W107/><G65/><N who="1" m="25162" /><E99/><V106/><F106/><N who="3" m="40491" /><G97/><T113/><D113/><U89/><E80/><V134/><F134/><W71/><G71/><T32/><D68/><U39/><E39/><V90/><F96/><W66/><G66/><T12/><D95/><U118/><E118/><V79/><F79/><W33/><G59/><N who="0" m="35047" /><D24/><U29/><E22/><N who="2" m="8235" /><F11/><N who="3" m="6527" /><G41/><T10/><D94/><U100/><E58/><N who="2" m="34903" /><F91/><W17/><G17/><T72/><D88/><U9/><E9/><V98/><F98/><W35/><G36/><N who="0" m="21991" /><D72/><U133/><E133/><V44/><F49/><AGARI ba="0,0" hai="21,26,29,49,51,82,86,89,100,102,103" m="25162" machi="49" ten="30,1000,0" yaku="8,1" doraHai="31" who="1" fromWho="2" sc="230,0,308,10,215,-10,247,0" /><INIT seed="3,0,0,5,3,121" ten="230,318,205,247" oya="3" hai0="111,105,23,79,24,30,69,39,96,47,125,70,97" hai1="86,32,19,9,75,29,0,36,52,130,15,110,62" hai2="53,26,112,34,59,135,37,20,25,44,72,117,83" hai3="80,134,55,127,6,89,120,60,91,42,74,56,58"/><W98/><G120/><T51/><D39/><U31/><E75/><V92/><F117/><W81/><G74/><T50/><D125/><U124/><E36/><V94/><F112/><W87/><G127/><T48/><D47/><U22/><E124/><V66/><F135/><W107/><G134/><T3/><D3/><U4/><E110/><V88/><F66/><W106/><G6/><T85/><D111/><U122/><E122/><V128/><F128/><W33/><G33/><T21/><D105/><U54/><E130/><V43/><F34/><W1/><G1/><T7/><D7/><U10/><E10/><V113/><F26/><W14/><G14/><T101/><D101/><U28/><E32/><V84/><F72/><W119/><G119/><T114/><D114/><U99/><E62/><V102/><F102/><W17/><G17/><T18/><D70/><U11/><E11/><V64/><F64/><W8/><G8/><T93/><D69/><U77/><E99/><V129/><F113/><W78/><G42/><T46/><D46/><U61/><E61/><V40/><F43/><W45/><G45/><T16/><D30/><U68/><E68/><V109/><F109/><W90/><G58/><T67/><D67/><U27/><E0/><V115/><F115/><W118/><G118/><T12/><D79/><U133/><E133/><V108/><F108/><W5/><G5/><T116/><D116/><U95/><E77/><V65/><F65/><W13/><G78/><T2/><D2/><U103/><E103/><V73/><F73/><W131/><G131/><T38/><D38/><RYUUKYOKU ba="0,0" sc="230,15,318,15,205,-15,247,-15" hai0="12,16,18,21,23,24,48,50,51,85,93,96,97" hai1="4,9,15,19,22,27,28,29,31,52,54,86,95" owari="245,4.5,333,43.3,190,-31.0,232,-16.8" /></mjloggm>