<mjloggm ver="2.3"><GO type="225" lobby="0"/><UN n0="%6D%75%75%6D%75%72%61" n1="%E6%B4%BE%E9%81%A3%E3%81%AE%E3%82%B8%E3%83%A3%E3%83%83%E3%82%AF" n2="%6E%69%63%6B%6C%6F%77" n3="%73%61%6E%64%69%72%69%73" dan="16,16,16,16" rate="2146.19,2156.52,2089.90,2155.29" sx="F,M,F,M"/><TAIKYOKU oya="0"/><INIT seed="0,0,0,4,5,93" ten="250,250,250,250" oya="0" hai0="114,11,9,89,97,21,13,104,64,75,24,50,84" hai1="128,109,63,25,1,37,124,40,115,16,95,69,8" hai2="81,5,2,48,34,38,44,60,116,130,39,42,132" hai3="117,101,87,105,23,74,4,98,85,107,68,108,127"/><T126/><D114/><U14/><E109/><V110/><F34/><W47/><G68/><T135/><D135/><U46/><E115/><V3/><F110/><W17/><G108/><T26/><D126/><U32/><E124/><V125/><F125/><W66/><G66/><T51/><D75/><U123/><E128/><V92/><F130/><W80/><G127/><T99/><D64/><U111/><E111/><V129/><F129/><W20/><G117/><T73/><D73/><U53/><E123/><V96/><F60/><W57/><G4/><T122/><D122/><U112/><E112/><V0/><F132/><W67/><G105/><T119/><D104/><U54/><E1/><V79/><F5/><W58/><G47/><T70/><D70/><U100/><E69/><V83/><F116/><W106/><G23/><T103/><D103/><U36/><E36/><V30/><F30/><W65/><G65/><T90/><D119/><U77/><E77/><V55/><F42/><W10/><G10/><N who="0" m="3595" /><D13/><U72/><E72/><V12/><F12/><N who="3" m="9255" /><G107/><T33/><D33/><U45/><E45/><V102/><REACH who="2" step="1"/><F83/><REACH who="2" ten="250,250,240,250" step="2"/><W131/><G131/><T61/><D61/><U86/><E63/><V27/><F27/><W31/><G31/><N who="0" m="17807" /><D26/><U118/><E118/><V49/><F49/><N who="0" m="18442" /><D90/><N who="1" m="53719" /><E25/><V121/><F121/><W52/><G80/><AGARI ba="0,1" hai="80,84,89,97,99" m="18442,17807,3595" machi="80" ten="30,5800,0" yaku="8,1,52,2" doraHai="93" who="0" fromWho="3" sc="250,68,250,0,240,0,250,-58" /><INIT seed="0,1,0,3,1,123" ten="318,250,240,192" oya="0" hai0="92,23,6,96,62,101,133,5,120,64,41,109,11" hai1="30,0,84,83,9,44,79,38,81,97,80,87,55" hai2="36,50,78,135,47,22,24,95,33,20,116,54,110" hai3="46,99,125,59,14,127,48,94,74,45,39,70,53"/><T69/><D120/><U107/><E30/><V28/><F135/><W31/><G74/><T132/><D109/><U26/><E26/><V77/><F116/><W90/><G70/><T86/><D41/><U118/><E118/><V25/><F36/><W7/><G31/><T19/><D86/><U117/><E117/><V134/><F134/><N who="0" m="51818" /><D11/><U21/><E21/><V10/><F110/><W16/><G7/><T100/><D100/><U29/><E29/><N who="2" m="17543" /><F33/><W68/><G68/><T82/><D82/><U93/><E107/><V51/><F10/><N who="3" m="6231" /><G39/><T103/><D103/><U34/><E34/><V52/><F95/><W66/><G66/><T105/><D105/><U4/><E84/><V126/><F126/><AGARI ba="1,0" hai="45,46,48,53,59,90,94,99,125,126,127" m="6231" machi="126" ten="30,2000,0" yaku="18,1,54,1" doraHai="123" who="3" fromWho="2" sc="318,0,250,0,240,-23,192,23" /><INIT seed="1,0,0,5,0,74" ten="318,250,217,215" oya="1" hai0="11,66,116,112,33,111,65,57,125,98,45,48,5" hai1="3,56,37,39,84,63,22,61,130,27,113,54,106" hai2="35,55,90,127,18,124,108,122,76,105,131,67,38" hai3="92,34,73,12,123,115,51,40,109,89,134,30,87"/><U120/><E120/><V59/><F122/><W16/><G123/><T64/><D112/><U42/><E106/><V93/><F105/><W29/><G115/><T102/><D116/><U68/><E3/><V118/><F118/><W81/><G109/><T21/><D111/><U1/><E1/><V101/><F108/><W75/><G134/><T70/><D33/><U23/><E113/><V135/><F35/><W46/><G34/><T10/><D125/><U119/><E119/><V58/><F38/><W107/><G107/><T36/><D70/><U60/><E130/><V78/><F101/><W80/><G75/><T44/><D57/><U132/><E132/><V52/><F135/><W103/><G73/><T91/><D91/><U20/><E27/><V117/><F117/><W53/><G40/><T28/><D36/><U100/><E100/><V121/><F121/><W9/><G81/><T7/><D21/><U83/><E68/><V71/><F71/><W104/><G104/><T85/><D28/><U110/><E110/><V19/><F131/><W128/><G128/><T43/><D85/><U88/><REACH who="1" step="1"/><E39/><REACH who="1" ten="318,240,217,215" step="2"/><V15/><F67/><W2/><G2/><T6/><D65/><U26/><E26/><V129/><F129/><W31/><G31/><T94/><D66/><U72/><E72/><V96/><F127/><W25/><G25/><T14/><D64/><U50/><E50/><N who="2" m="30999" /><F124/><W62/><G62/><T82/><D48/><U32/><E32/><V69/><F69/><W114/><G114/><T133/><D133/><U24/><E24/><V126/><F126/><W17/><G17/><RYUUKYOKU ba="0,1" sc="318,-15,240,15,217,-15,215,15" hai1="20,22,23,37,42,54,56,60,61,63,83,84,88" hai3="9,12,16,29,30,46,51,53,80,87,89,92,103" /><INIT seed="1,1,1,4,3,3" ten="303,255,202,230" oya="1" hai0="60,63,14,93,21,49,72,61,19,53,7,8,32" hai1="115,39,135,20,107,87,28,66,98,69,113,132,2" hai2="1,34,51,82,114,81,129,104,90,22,83,12,9" hai3="11,80,95,101,121,48,126,111,10,31,52,44,124"/><U42/><E87/><V37/><F37/><W5/><G121/><T106/><D106/><U75/><E75/><V18/><F104/><W99/><G111/><T73/><D32/><U27/><E2/><V16/><F34/><W128/><G128/><T84/><D84/><U43/><E69/><V102/><F129/><W134/><G134/><N who="1" m="51242" /><E66/><V38/><F38/><W85/><G31/><T109/><D93/><U86/><E86/><N who="2" m="50511" /><F1/><W76/><REACH who="3" step="1"/><G5/><REACH who="3" ten="303,255,202,220" step="2"/><T92/><D109/><U120/><E120/><V131/><F131/><W112/><G112/><T118/><D118/><U35/><E113/><V56/><F114/><W15/><G15/><T68/><D14/><U29/><E115/><V23/><F102/><W96/><G96/><T105/><D7/><U33/><E29/><V119/><F119/><W45/><G45/><T57/><D19/><U64/><E98/><V59/><F9/><AGARI ba="1,2" hai="9,10,11,44,48,52,76,80,85,95,99,101,124,126" machi="9" ten="40,5200,0" yaku="1,1,54,1,53,1" doraHai="3" doraHaiUra="94" who="3" fromWho="2" sc="303,0,255,0,202,-55,220,75" /><INIT seed="2,0,0,5,1,89" ten="303,255,147,295" oya="2" hai0="46,16,71,133,69,72,59,28,27,117,113,74,50" hai1="129,5,53,31,135,127,128,36,45,94,96,3,10" hai2="34,21,101,51,92,116,29,60,25,12,4,99,93" hai3="32,20,132,91,123,120,95,62,108,37,110,33,83"/><V106/><F116/><W122/><G37/><T75/><D113/><U77/><E77/><V1/><F51/><W78/><G132/><T56/><D133/><U66/><E135/><V121/><F121/><W84/><G20/><T44/><D117/><U126/><E66/><V109/><F109/><N who="3" m="42091" /><G62/><T79/><D79/><U22/><E22/><V52/><F1/><W131/><G131/><N who="1" m="50250" /><E31/><V97/><F97/><AGARI ba="0,0" hai="32,33,78,83,84,91,95,97,120,122,123" m="42091" machi="97" ten="40,2600,0" yaku="14,1,52,1" doraHai="89" who="3" fromWho="2" sc="303,0,255,0,147,-26,295,26" /><INIT seed="3,0,0,5,3,82" ten="303,255,121,321" oya="3" hai0="125,34,113,133,107,33,10,7,72,115,2,98,5" hai1="48,11,28,0,52,94,65,38,76,77,53,75,118" hai2="103,80,63,69,110,60,134,14,85,26,18,19,123" hai3="95,35,96,20,121,57,117,32,12,42,99,122,104"/><W126/><G117/><T105/><D72/><U112/><E112/><N who="0" m="43081" /><D133/><U44/><E118/><V25/><F134/><W70/><G70/><T128/><D128/><U37/><E28/><V49/><F69/><W135/><G135/><T100/><D125/><U101/><E65/><V66/><F110/><W87/><G126/><T64/><D64/><U36/><E53/><V50/><F123/><W58/><G42/><T67/><D67/><U45/><E45/><V116/><F116/><W120/><G87/><T111/><D111/><U6/><REACH who="1" step="1"/><E75/><REACH who="1" ten="303,245,121,321" step="2"/><V54/><F66/><W129/><G129/><T46/><D46/><U62/><E62/><V27/><F103/><W81/><G121/><T61/><D61/><U22/><E22/><V29/><F29/><W43/><G20/><T74/><D74/><U102/><E102/><V93/><F49/><W71/><G120/><T39/><D39/><U114/><E114/><V55/><F55/><W31/><G31/><T47/><D47/><U13/><E13/><V131/><F131/><W9/><G122/><T3/><D107/><U51/><E51/><V127/><F127/><W97/><G104/><T40/><D40/><U59/><E59/><V119/><F119/><W88/><G43/><T24/><D24/><U1/><E1/><V84/><F93/><W16/><G71/><T73/><D73/><U68/><E68/><V124/><F124/><W4/><G81/><T91/><D91/><U78/><E78/><V89/><F84/><N who="3" m="52615" /><G58/><T56/><D56/><U109/><E109/><V83/><F83/><W30/><G57/><T90/><D90/><RYUUKYOKU ba="0,1" sc="303,15,245,15,121,-15,321,-15" hai0="2,3,5,7,10,33,34,98,100,105" hai1="0,6,11,36,37,38,44,48,52,76,77,94,101" owari="328,42.8,260,-14.0,106,-39.4,306,10.6" /></mjloggm>