<mjloggm ver="2.3"><GO type="225" lobby="0"/><UN n0="%E6%80%AA%E3%81%97%E3%81%99%E3%81%8E%E3%82%8B%E3%83%81%E3%83%BC" n1="%53%63%61%6E%64%61%6C" n2="%E9%B3%B3%E6%9D%B1%E3%81%AE%E3%81%86%E3%81%95%E3%81%8E%E3%81%95%E3%82%93" n3="%E9%80%9F%E6%B0%B4%E5%87%9B%E9%A6%99" dan="16,16,16,17" rate="2071.92,2154.67,2115.50,2174.64" sx="M,M,M,F"/><TAIKYOKU oya="0"/><INIT seed="0,0,0,5,1,96" ten="250,250,250,250" oya="0" hai0="59,105,116,28,108,22,60,97,53,11,38,40,106" hai1="45,0,121,135,68,5,80,65,47,115,1,62,34" hai2="8,118,112,56,75,66,23,21,32,58,129,82,42" hai3="69,18,51,83,86,17,100,102,61,113,36,91,109"/><T76/><D116/><U9/><E121/><V120/><F112/><W95/><G36/><T133/><D133/><U79/><E135/><V10/><F32/><W128/><G113/><T35/><D35/><U125/><E125/><V111/><F120/><W123/><G109/><T54/><D108/><U81/><E115/><V57/><F111/><W12/><G128/><T88/><D76/><U70/><E34/><V103/><F129/><W131/><G131/><T93/><D11/><U44/><E70/><V14/><F118/><W37/><G37/><T122/><D122/><U99/><E0/><V16/><F66/><W114/><G114/><T124/><D124/><U3/><E3/><V19/><F42/><W43/><G123/><T77/><D77/><U2/><E2/><V26/><F75/><W92/><G61/><T130/><D130/><U132/><E132/><V52/><F82/><W49/><G69/><T41/><D53/><U24/><E24/><V101/><F52/><W127/><G18/><T48/><D38/><U55/><E79/><V85/><F85/><W74/><G74/><T134/><D134/><U78/><E78/><V117/><F117/><W126/><G126/><T71/><D71/><U50/><REACH who="1" step="1"/><E99/><REACH who="1" ten="250,240,250,250" step="2"/><V63/><F63/><W6/><G127/><T73/><D60/><U15/><E15/><N who="2" m="9471" /><F8/><N who="3" m="6279" /><G6/><AGARI ba="0,1" hai="6,10,14,16,23,26,56,57,58,101,103" m="9471" machi="6" ten="30,7700,0" yaku="8,1,52,2,54,1" doraHai="96" who="2" fromWho="3" sc="250,0,240,0,250,87,250,-77" /><INIT seed="1,0,0,3,2,49" ten="250,240,337,173" oya="1" hai0="66,134,120,113,15,122,42,12,107,90,92,29,38" hai1="126,8,85,73,133,101,40,81,37,123,17,112,43" hai2="91,22,68,56,125,60,34,45,63,131,47,53,86" hai3="100,51,48,33,79,75,4,72,102,110,35,84,82"/><U52/><E112/><V121/><F34/><W25/><G110/><T18/><D113/><U103/><E123/><N who="0" m="47145" /><D107/><U67/><E133/><V83/><F121/><W13/><G72/><T1/><D1/><U74/><E67/><V19/><F131/><W5/><G75/><T39/><D134/><U44/><E43/><V0/><F0/><W128/><G128/><T105/><D105/><U93/><E126/><V6/><F6/><W109/><G109/><T46/><D29/><U11/><E93/><V70/><F125/><W7/><G13/><N who="0" m="5195" /><D66/><U132/><E17/><V62/><F68/><W130/><G130/><T55/><D18/><U111/><E111/><V104/><F104/><W96/><G48/><N who="0" m="29079" /><D42/><U106/><E106/><V36/><F70/><W32/><G25/><T77/><D77/><U57/><E132/><V117/><F117/><W14/><G14/><T3/><D3/><U20/><E73/><V108/><F108/><W71/><G71/><T2/><D2/><U16/><E74/><V88/><F91/><W127/><G127/><T98/><AGARI ba="0,0" hai="38,39,90,92,98" m="29079,5195,47145" machi="98" ten="30,2000,0" yaku="13,1,52,1" doraHai="49" who="0" fromWho="0" sc="250,20,240,-10,337,-5,173,-5" /><INIT seed="2,0,0,3,5,93" ten="270,230,332,168" oya="2" hai0="106,27,87,32,48,9,84,98,83,10,69,76,90" hai1="131,96,114,0,30,59,122,81,116,29,117,14,119" hai2="121,54,16,40,94,5,130,115,65,72,128,113,109" hai3="61,39,66,70,1,62,43,7,38,50,67,36,78"/><V104/><F104/><W23/><G23/><T133/><D133/><U103/><E0/><V85/><F72/><W80/><G7/><T126/><D126/><U102/><E114/><V101/><F121/><W21/><G21/><T13/><D69/><U132/><E122/><V34/><F34/><W107/><G107/><T73/><D48/><U42/><E132/><V127/><F127/><W12/><G12/><T41/><D41/><U135/><E135/><V110/><F65/><W120/><G1/><T111/><D111/><N who="2" m="42506" /><F5/><W63/><G80/><T24/><D10/><U74/><E131/><N who="2" m="50219" /><F40/><W15/><G78/><T89/><D73/><U112/><E112/><V25/><F54/><W20/><G15/><T57/><D32/><U55/><E42/><V86/><F86/><W129/><G20/><T77/><D106/><U6/><E74/><V100/><F100/><W105/><G105/><T19/><D87/><U44/><E103/><V28/><F28/><W49/><G129/><T52/><D76/><U47/><E30/><V53/><F53/><W46/><G120/><T3/><D77/><U35/><E29/><V37/><F37/><N who="3" m="14443" /><G62/><N who="0" m="36135" /><D3/><U134/><E35/><V11/><F25/><W82/><G82/><T123/><D123/><U108/><E108/><V91/><F101/><W31/><G31/><T68/><D27/><U97/><E134/><V99/><F85/><W22/><G22/><T124/><D24/><U64/><E102/><V92/><F92/><W33/><G33/><T95/><D124/><U88/><E116/><V17/><F11/><W60/><G70/><T118/><D68/><RYUUKYOKU ba="0,0" sc="270,10,230,-30,332,10,168,10" hai0="9,13,19,83,84,89,90,95,98,118" hai2="16,17,91,94,99,113,115" hai3="39,43,46,49,50,60,61,63,66,67" /><INIT seed="2,1,0,4,4,72" ten="280,200,342,178" oya="2" hai0="32,123,2,79,29,71,122,13,67,104,77,134,110" hai1="93,121,88,125,106,51,48,74,44,24,11,75,8" hai2="119,135,50,7,46,87,47,64,63,98,4,49,52" hai3="16,99,21,30,31,103,127,89,108,130,12,54,91"/><V114/><F135/><W126/><G108/><T60/><D2/><U115/><E115/><V73/><F119/><W5/><G5/><T84/><D134/><U82/><E106/><V42/><F73/><W0/><G0/><T22/><D110/><U59/><E125/><N who="3" m="47626" /><G130/><T19/><D104/><U43/><E121/><V53/><F114/><W66/><G66/><T70/><D70/><U56/><E24/><V78/><F98/><W62/><G62/><T17/><D17/><U120/><E120/><V116/><F42/><W9/><G54/><T25/><D84/><N who="1" m="50199" /><E75/><V111/><F116/><W20/><G9/><N who="1" m="3658" /><E74/><V26/><F26/><N who="3" m="16711" /><G31/><T33/><D33/><U41/><E93/><AGARI ba="1,0" hai="12,16,21,89,91,93,99,103" m="16711,47626" machi="93" ten="30,2000,0" yaku="18,1,54,1" doraHai="72" who="3" fromWho="1" sc="280,0,200,-23,342,0,178,23" /><INIT seed="3,0,0,4,0,120" ten="280,177,342,201" oya="3" hai0="87,25,128,52,119,83,92,4,57,122,9,53,69" hai1="102,112,126,133,10,29,110,132,7,130,68,121,111" hai2="22,43,28,64,100,47,59,16,63,134,77,12,55" hai3="44,32,35,11,49,45,114,33,18,82,26,90,135"/><W71/><G71/><T108/><D108/><N who="1" m="41515" /><E68/><V19/><F134/><N who="1" m="51817" /><E121/><V42/><F28/><W8/><G135/><T101/><D128/><U56/><E130/><V85/><F100/><W70/><G114/><T46/><D119/><U5/><E112/><V65/><F19/><W107/><G107/><T91/><D69/><U81/><E126/><V1/><F1/><W37/><G70/><T116/><D116/><U104/><E29/><V3/><F3/><W30/><G37/><T73/><D122/><U58/><E81/><N who="2" m="47279" /><F47/><W79/><G44/><T17/><D46/><U86/><E86/><V0/><F0/><W123/><G123/><T67/><D83/><U15/><E5/><V105/><F105/><W41/><G90/><T113/><D91/><U72/><E72/><V96/><F96/><AGARI ba="0,0" hai="7,10,15,56,58,96,102,104" m="51817,41515" machi="96" ten="30,8000,1" yaku="14,1,20,1,52,3" doraHai="120" who="1" fromWho="2" sc="280,0,177,80,342,-80,201,0" /><INIT seed="4,0,0,5,4,66" ten="280,257,262,201" oya="0" hai0="125,34,82,107,108,113,121,9,51,74,69,1,46" hai1="96,97,126,2,14,79,70,119,43,94,54,29,55" hai2="127,26,134,3,5,104,91,87,17,77,75,76,111" hai3="72,61,106,98,12,59,133,16,123,50,35,37,131"/><T90/><RYUUKYOKU type="yao9" ba="0,0" sc="280,0,257,0,262,0,201,0" hai0="1,9,34,46,51,69,74,82,90,107,108,113,121,125" /><INIT seed="4,1,0,3,5,41" ten="280,257,262,201" oya="0" hai0="29,96,52,50,132,63,35,9,31,62,114,46,45" hai1="94,27,134,78,65,8,38,91,1,130,117,71,89" hai2="15,75,69,60,5,14,61,103,133,51,98,36,34" hai3="88,80,21,131,86,122,47,104,40,54,127,76,19"/><T95/><D114/><U67/><E117/><V6/><F36/><W85/><G104/><T111/><D132/><U135/><E130/><V53/><F75/><W43/><G131/><T102/><D111/><U121/><E121/><V13/><F34/><W17/><G127/><T25/><D31/><U120/><E120/><V22/><F22/><W70/><G70/><T79/><D79/><U97/><E38/><V101/><F133/><N who="1" m="50697" /><E78/><V77/><F77/><W30/><G30/><T113/><D113/><U32/><E71/><V11/><F69/><W92/><G122/><T108/><D108/><U23/><E89/><V0/><F5/><W112/><G112/><T74/><D74/><U33/><E8/><V125/><F103/><W106/><G106/><T73/><D73/><U84/><E84/><V124/><F125/><W64/><G64/><N who="1" m="24650" /><E1/><V57/><REACH who="2" step="1"/><F124/><REACH who="2" ten="280,257,252,201" step="2"/><W87/><G17/><AGARI ba="1,1" hai="17,23,27,32,33,91,94,97" m="24650,50697" machi="17" ten="30,1000,0" yaku="20,1" doraHai="41" who="1" fromWho="3" sc="280,0,257,23,252,0,201,-13" /><INIT seed="5,0,0,1,4,34" ten="280,280,252,188" oya="1" hai0="14,5,123,26,43,21,42,77,116,55,78,39,3" hai1="29,23,48,85,131,60,16,83,63,19,57,89,6" hai2="54,130,20,72,22,110,31,105,9,40,103,119,73" hai3="71,25,56,111,1,96,28,58,37,117,47,76,108"/><U113/><E113/><V135/><F119/><W69/><G76/><T112/><D116/><U30/><E131/><V75/><F110/><N who="3" m="42027" /><G96/><T82/><D123/><U15/><E6/><V51/><F130/><W97/><G97/><T0/><D112/><U87/><E48/><V67/><F135/><W95/><G95/><T4/><D55/><N who="1" m="33855" /><E63/><V70/><F40/><N who="3" m="22927" /><G117/><T109/><D109/><U106/><E106/><V88/><F103/><W98/><G98/><T12/><D39/><U36/><E36/><V18/><F105/><W13/><G13/><T68/><D68/><N who="3" m="26185" /><G58/><T74/><D74/><U59/><E59/><V102/><F102/><W100/><G100/><T124/><D82/><N who="1" m="49335" /><E19/><V122/><F31/><W52/><G52/><T128/><D128/><U127/><E127/><V8/><F18/><W10/><G56/><T44/><D124/><U118/><E118/><V53/><F53/><W33/><G10/><T35/><D35/><U115/><E115/><V66/><F70/><W121/><G121/><T126/><D126/><U27/><E15/><V50/><F122/><W32/><G32/><T125/><D125/><U107/><E107/><V90/><F54/><W92/><G92/><T120/><D120/><U104/><E104/><V62/><F75/><W41/><G41/><T91/><D14/><U86/><E86/><V45/><F62/><W46/><G46/><AGARI ba="0,0" hai="8,9,20,22,45,46,50,51,66,67,72,73,88,90" machi="46" ten="25,3200,0" yaku="22,2,54,1" doraHai="34" who="2" fromWho="3" sc="280,0,280,0,252,32,188,-32" /><INIT seed="6,0,0,2,5,9" ten="280,280,284,156" oya="2" hai0="135,114,128,41,62,71,100,27,21,127,115,1,87" hai1="66,29,80,91,118,40,103,33,123,63,32,117,111" hai2="94,23,30,81,126,130,73,59,50,129,22,42,55" hai3="124,92,51,88,19,20,14,52,56,37,47,132,18"/><V105/><F105/><W10/><G132/><T24/><D1/><U12/><E111/><V107/><F107/><W13/><G124/><T57/><D71/><U96/><E123/><V75/><F126/><W61/><G37/><T72/><D72/><U110/><E40/><V101/><F42/><W122/><G122/><T84/><D127/><U26/><E110/><V44/><F44/><W6/><G6/><T89/><D135/><U38/><E38/><V35/><F35/><W109/><G109/><T46/><D128/><N who="2" m="49258" /><F81/><W54/><G92/><N who="0" m="54311" /><D100/><U25/><E33/><V53/><F53/><W98/><G98/><T15/><D87/><N who="1" m="50663" /><E26/><N who="2" m="16727" /><F23/><W133/><G133/><T97/><D114/><U69/><E12/><V45/><F45/><W49/><G88/><T43/><D115/><U0/><E0/><V36/><F36/><W7/><REACH who="3" step="1"/><G7/><REACH who="3" ten="280,280,284,146" step="2"/><T60/><D97/><AGARI ba="0,1" hai="50,55,59,73,75,94,97,101" m="16727,49258" machi="97" ten="30,1500,0" yaku="19,1" doraHai="9" who="2" fromWho="0" sc="280,-15,280,0,284,25,146,0" owari="265,-13.5,280,8.0,309,40.9,146,-35.4" /></mjloggm>