<mjloggm ver="2.3"><GO type="225" lobby="0"/><UN n0="%6E%69%63%6F%6E%74%6F" n1="%E8%B6%85%E7%B4%9A%E9%B3%B3%E5%87%B0" n2="%72%69%6F%75%63%68%61%6E" n3="%E5%B0%8F%E9%B3%A5%E9%81%8A%E7%B7%B4%E7%84%A1%32%31%E6%AD%B3" dan="17,16,17,16" rate="2128.98,2126.12,2224.78,2205.61" sx="M,M,M,F"/><TAIKYOKU oya="0"/><INIT seed="0,0,0,4,1,53" ten="250,250,250,250" oya="0" hai0="65,43,63,61,128,132,3,60,82,18,48,95,129" hai1="127,120,20,114,69,4,47,41,123,118,12,126,135" hai2="11,38,6,44,23,81,76,51,57,87,27,121,90" hai3="98,37,5,89,19,2,15,84,80,88,105,96,71"/><T73/><D3/><U91/><E118/><V68/><F121/><W50/><G37/><T58/><D132/><U92/><E69/><V39/><F68/><W124/><G124/><N who="1" m="47658" /><E135/><V22/><F90/><W55/><G71/><T42/><D18/><N who="1" m="10311" /><E4/><V10/><F57/><W26/><G2/><T21/><D21/><U24/><E24/><V94/><F94/><W13/><G105/><T115/><D95/><U56/><E56/><V46/><F44/><W110/><G110/><T101/><D101/><U70/><E70/><V36/><F27/><W133/><G133/><T130/><D82/><U134/><E134/><V25/><F25/><W67/><G26/><T62/><D73/><U32/><E32/><V99/><F99/><W112/><G96/><T49/><D115/><U113/><E113/><V14/><REACH who="2" step="1"/><F11/><REACH who="2" ten="250,250,240,250" step="2"/><W109/><G98/><T0/><D0/><U72/><E114/><V117/><F117/><W107/><G112/><T86/><D86/><N who="1" m="52343" /><E72/><V40/><AGARI ba="0,1" hai="6,10,14,22,23,36,38,39,40,46,51,76,81,87" machi="40" ten="30,7900,0" yaku="1,1,0,1,25,2,53,0" doraHai="53" doraHaiUra="59" who="2" fromWho="2" sc="250,-39,250,-20,240,89,250,-20" /><INIT seed="1,0,0,3,1,117" ten="211,230,329,230" oya="1" hai0="44,101,60,19,87,89,100,53,23,0,85,22,4" hai1="104,65,39,52,63,14,107,80,25,92,113,5,116" hai2="108,68,134,114,29,17,67,72,95,49,37,38,59" hai3="10,109,24,64,84,16,74,82,110,119,20,73,7"/><U31/><E116/><V50/><F72/><W120/><G64/><T133/><D133/><U41/><E113/><V9/><F134/><W48/><G48/><T103/><D0/><U56/><E80/><V128/><F108/><N who="3" m="41579" /><G119/><T33/><D4/><U131/><E131/><V98/><F128/><W1/><G120/><T121/><D33/><U55/><E39/><V106/><F114/><W2/><G1/><T54/><D121/><U12/><E41/><V45/><F106/><W78/><AGARI ba="0,0" hai="2,7,10,16,20,24,73,74,78,82,84" m="41579" machi="78" ten="30,2000,0" yaku="14,1,54,1" doraHai="117" who="3" fromWho="3" sc="211,-5,230,-10,329,-5,230,20" /><INIT seed="2,0,0,3,0,128" ten="206,220,324,250" oya="2" hai0="21,114,42,70,98,9,104,124,82,41,92,60,48" hai1="78,0,15,2,10,63,64,113,84,55,105,102,67" hai2="51,37,103,135,109,126,133,108,83,17,20,115,65" hai3="94,19,39,120,45,121,47,73,125,24,28,129,85"/><V119/><F115/><W87/><G73/><T101/><D124/><U76/><E113/><V93/><F126/><W80/><G125/><T35/><D114/><U1/><E55/><V97/><F119/><W127/><G19/><T32/><D21/><U54/><E54/><V14/><F37/><W56/><G127/><T26/><D26/><U23/><E23/><V29/><F65/><W91/><G56/><T62/><D62/><U11/><E84/><V100/><F103/><W58/><G58/><T31/><D31/><U57/><E67/><V69/><F69/><W36/><G129/><T44/><D41/><U34/><E34/><V118/><F118/><W130/><G130/><T33/><D9/><U16/><REACH who="1" step="1"/><E11/><REACH who="1" ten="206,210,324,250" step="2"/><V110/><F29/><W71/><G28/><T131/><D131/><U74/><E74/><V50/><F83/><W6/><G80/><T99/><D82/><U53/><E53/><V79/><F79/><W8/><G85/><T75/><D75/><U46/><E46/><V117/><F117/><W111/><G45/><T106/><D99/><AGARI ba="0,1" hai="0,1,2,10,15,16,57,63,64,76,78,99,102,105" machi="99" ten="40,2600,0" yaku="1,1,54,1,53,0" doraHai="128" doraHaiUra="132" who="1" fromWho="0" sc="206,-26,210,36,324,0,250,0" /><INIT seed="3,0,0,2,2,30" ten="180,246,324,250" oya="3" hai0="22,54,64,104,74,62,103,95,106,78,55,32,23" hai1="100,67,112,87,130,57,83,11,119,35,82,128,60" hai2="96,75,44,4,121,39,123,56,84,126,125,36,118" hai3="85,135,114,66,51,28,59,101,115,31,132,120,131"/><W90/><G101/><T77/><D95/><U69/><E112/><V92/><F118/><W93/><G131/><N who="1" m="50218" /><E119/><V53/><F75/><W24/><G28/><T111/><D103/><U46/><E35/><V127/><F4/><W6/><G6/><T58/><D111/><U0/><E100/><N who="2" m="60423" /><F84/><W9/><G9/><T98/><D98/><U21/><E21/><V25/><F25/><W2/><G2/><T97/><D97/><U81/><E46/><V110/><F110/><W52/><G66/><T117/><D117/><U19/><E69/><V18/><F18/><W70/><G70/><T37/><D74/><U15/><E0/><V20/><F20/><W99/><G99/><T8/><D8/><U105/><E105/><V76/><F76/><AGARI ba="0,0" hai="11,15,19,57,60,67,76,81,82,83,87" m="50218" machi="76" ten="30,1000,0" yaku="19,1" doraHai="30" who="1" fromWho="2" sc="180,0,246,10,324,-10,250,0" owari="180,-32.0,256,5.6,314,41.4,250,-15.0" /></mjloggm>