<mjloggm ver="2.3"><GO type="225" lobby="0"/><UN n0="%E4%BA%BA%E9%96%93%E3%83%81%E3%83%A3%E3%83%BC%E3%83%8F%E3%83%B3" n1="%E6%A0%B9%E5%85%83%E3%81%8B%E3%82%89%E5%90%B9%E3%81%A3%E9%A3%9B%E3%81%B6" n2="%E6%A1%9C%E8%8A%B1%E9%96%83%E3%80%85" n3="%33%74%72%65%65" dan="16,17,16,16" rate="2129.01,2167.50,2172.32,2150.34" sx="M,F,M,F"/><TAIKYOKU oya="0"/><INIT seed="0,0,0,2,3,38" ten="250,250,250,250" oya="0" hai0="88,74,72,63,55,125,103,4,113,122,36,15,118" hai1="67,35,93,6,78,51,49,50,130,7,129,8,104" hai2="10,58,60,80,24,29,92,21,62,95,43,132,86" hai3="110,102,31,107,32,127,9,119,83,66,19,109,115"/><T87/><D113/><U117/><E104/><V30/><F132/><W12/><G115/><T40/><D118/><U126/><E126/><V108/><F108/><N who="3" m="41579" /><G127/><T27/><D125/><U25/><E117/><V98/><F30/><W131/><G131/><N who="1" m="50186" /><E78/><V70/><F70/><W11/><G66/><T41/><D122/><U53/><E67/><V77/><F43/><N who="0" m="16458" /><D74/><U65/><E65/><N who="2" m="39063" /><F62/><W64/><G64/><T94/><D72/><U76/><E76/><V14/><F98/><N who="3" m="61911" /><G83/><N who="0" m="49279" /><D36/><U82/><E82/><V135/><F135/><W47/><G119/><T106/><D106/><U91/><E53/><V97/><F97/><W75/><G75/><T120/><D120/><U5/><E25/><V79/><F79/><W33/><G47/><T39/><D39/><U61/><E61/><V128/><F128/><W85/><G85/><T52/><D27/><U45/><E35/><V16/><AGARI ba="0,0" hai="10,14,16,21,24,29,77,80,86,92,95" m="39063" machi="16" ten="30,2000,0" yaku="8,1,54,1" doraHai="38" who="2" fromWho="2" sc="250,-10,250,-5,250,20,250,-5" /><INIT seed="1,0,0,3,3,32" ten="240,245,270,245" oya="1" hai0="1,114,105,19,117,41,28,31,63,6,90,88,77" hai1="11,57,116,110,37,26,95,97,66,80,86,108,98" hai2="18,15,129,132,94,130,52,67,69,8,68,115,23" hai3="16,20,21,38,99,122,7,65,60,104,33,55,101"/><U46/><E116/><V17/><F132/><W84/><G122/><T100/><D114/><U113/><E113/><V70/><F115/><W78/><G33/><T64/><D117/><U85/><E26/><V44/><F94/><W39/><G55/><T103/><D77/><N who="1" m="46223" /><E46/><V123/><F67/><W71/><G21/><T76/><D76/><U2/><E37/><V40/><F123/><W61/><G61/><T127/><D127/><U34/><E34/><V121/><F121/><W133/><G7/><T96/><D41/><U48/><E86/><V59/><F44/><W128/><G128/><N who="2" m="49257" /><F40/><W24/><REACH who="3" step="1"/><G133/><REACH who="3" ten="240,245,270,235" step="2"/><T93/><D6/><N who="1" m="1495" /><E66/><V92/><F23/><W87/><G87/><T47/><D64/><U27/><E27/><V42/><F42/><W30/><G30/><T25/><D31/><U45/><E45/><V109/><F18/><W82/><AGARI ba="0,1" hai="16,20,24,38,39,60,65,71,78,82,84,99,101,104" machi="82" ten="30,4000,0" yaku="1,1,0,1,54,1,53,0" doraHai="32" doraHaiUra="3" who="3" fromWho="3" sc="240,-10,245,-20,270,-10,235,50" /><INIT seed="2,0,0,2,5,87" ten="230,225,260,285" oya="2" hai0="58,81,34,101,11,102,2,5,22,64,4,107,57" hai1="134,114,118,60,39,48,53,91,27,73,133,50,8" hai2="110,125,37,105,124,112,30,116,71,69,128,44,29" hai3="70,40,41,23,17,77,94,86,9,106,95,54,115"/><V0/><F0/><W127/><G106/><T65/><D34/><U38/><E118/><V26/><F105/><W1/><G70/><N who="2" m="26633" /><F116/><W13/><G127/><N who="2" m="48713" /><F112/><W135/><G135/><N who="1" m="51722" /><E73/><V74/><F74/><W35/><G35/><T56/><D107/><U108/><E108/><V104/><F104/><W6/><G115/><T62/><D5/><U72/><E72/><V83/><F128/><W55/><G94/><T61/><D57/><N who="1" m="34863" /><E114/><V117/><F117/><W51/><G55/><T32/><D32/><U28/><E8/><V18/><F83/><W123/><G123/><T120/><D120/><U59/><E91/><V82/><F82/><W90/><REACH who="3" step="1"/><G77/><REACH who="3" ten="230,225,260,275" step="2"/><T66/><D66/><U80/><E80/><V75/><F110/><W43/><G43/><T126/><D126/><U100/><E100/><V111/><F111/><W33/><G33/><T10/><D81/><U49/><E59/><AGARI ba="0,1" hai="1,6,9,13,17,23,40,41,51,54,59,86,90,95" machi="59" ten="30,8000,1" yaku="1,1,7,1,25,2,52,1,53,0" doraHai="87" doraHaiUra="20" who="3" fromWho="1" sc="230,0,225,-80,260,0,275,90" /><INIT seed="3,0,0,2,4,96" ten="230,145,260,365" oya="3" hai0="105,80,62,57,72,54,99,39,110,48,8,134,114" hai1="102,74,77,43,92,17,93,42,124,83,5,131,50" hai2="45,135,90,123,129,41,89,25,59,15,82,9,16" hai3="86,104,111,106,66,7,40,122,75,121,97,78,60"/><W73/><G40/><T67/><D39/><U117/><E124/><V128/><F135/><W58/><G7/><T22/><D134/><U63/><E131/><N who="2" m="50251" /><F123/><W38/><G38/><T30/><D110/><U109/><E109/><V69/><F69/><W108/><G58/><T125/><D125/><U3/><E117/><V51/><F82/><W98/><G60/><T26/><D114/><U6/><E92/><V70/><F70/><W133/><G66/><T88/><D8/><U10/><E5/><V100/><F100/><W115/><G133/><T91/><D105/><U85/><E17/><V31/><F59/><W35/><G35/><AGARI ba="0,0" hai="9,15,16,25,31,35,41,45,51,89,90" m="50251" machi="35" ten="30,2000,0" yaku="19,1,54,1" doraHai="96" who="2" fromWho="3" sc="230,0,145,0,260,20,365,-20" owari="230,-17.0,145,-35.5,280,8.0,345,44.5" /></mjloggm>