<mjloggm ver="2.3"><GO type="225" lobby="0"/><UN n0="%E6%80%AA%E3%81%97%E3%81%99%E3%81%8E%E3%82%8B%E3%83%81%E3%83%BC" n1="%6D%75%75%6D%75%72%61" n2="%E3%81%AA%E3%81%8C%E3%81%95%E3%82%8F%E3%81%BE%E3%81%95%E3%81%BF" n3="%E9%80%9F%E6%B0%B4%E5%87%9B%E9%A6%99" dan="16,17,16,16" rate="2102.63,2178.05,2093.76,2161.65" sx="M,F,F,F"/><TAIKYOKU oya="0"/><INIT seed="0,0,0,2,4,24" ten="250,250,250,250" oya="0" hai0="97,135,112,78,8,84,80,121,54,71,18,100,10" hai1="34,133,120,21,55,88,86,111,106,23,76,47,9" hai2="30,77,19,118,113,124,4,122,72,26,91,83,41" hai3="25,36,68,102,90,132,92,117,128,33,7,53,114"/><T108/><D112/><U69/><E120/><V79/><F113/><W56/><G117/><T110/><D121/><U99/><E111/><N who="0" m="42537" /><D71/><U134/><E69/><V65/><F118/><W66/><G114/><T95/><D135/><N who="1" m="51723" /><E34/><V129/><F122/><W107/><G36/><T109/><N who="0" m="42545" /><T15/><DORA hai="16" /><D54/><U63/><E9/><AGARI ba="0,0" hai="8,9,10,15,18,78,80,84,95,97,100" m="42545" machi="9" ten="40,3900,0" yaku="14,1,10,1" doraHai="24,16" who="0" fromWho="1" sc="250,39,250,-39,250,0,250,0" /><INIT seed="0,1,0,4,2,121" ten="289,211,250,250" oya="0" hai0="46,118,85,0,20,134,89,42,16,76,4,40,14" hai1="54,10,78,93,71,38,131,33,90,26,32,119,98" hai2="9,111,27,37,97,47,60,23,13,5,112,108,18" hai3="110,126,105,59,79,120,53,63,117,106,22,67,99"/><T41/><D118/><U103/><E119/><V6/><F112/><W12/><G117/><T39/><D134/><U95/><E131/><V128/><F128/><W77/><G126/><T8/><REACH who="0" step="1"/><D76/><REACH who="0" ten="279,211,250,250" step="2"/><U1/><E78/><V122/><F122/><W123/><G77/><T74/><D74/><U50/><E32/><V55/><F5/><W102/><G79/><T91/><D91/><U24/><E33/><V7/><F6/><W2/><G123/><T11/><D11/><U115/><E10/><V56/><REACH who="2" step="1"/><F97/><REACH who="2" ten="279,211,240,250" step="2"/><W29/><G99/><T21/><D21/><U81/><E98/><V45/><F45/><W19/><G22/><T25/><D25/><U109/><E24/><V127/><F127/><W104/><G120/><T84/><D84/><U82/><E26/><V86/><F86/><W30/><G102/><T36/><D36/><U68/><E103/><V116/><F116/><W129/><G129/><T88/><D88/><U87/><E38/><V72/><F72/><W69/><G2/><T57/><D57/><U75/><E1/><V48/><F48/><W113/><G59/><T34/><D34/><U44/><E75/><V43/><AGARI ba="1,2" hai="7,9,13,18,23,27,37,43,47,55,56,60,108,111" machi="43" ten="30,7900,0" yaku="1,1,0,1,52,2,53,0" doraHai="121" doraHaiUra="114" who="2" fromWho="2" sc="279,-40,211,-21,240,102,250,-21" /><INIT seed="1,0,0,4,3,18" ten="239,190,342,229" oya="1" hai0="109,72,29,134,24,22,73,23,51,9,125,110,79" hai1="3,68,31,53,44,127,35,63,26,81,82,131,15" hai2="49,100,1,120,116,16,105,11,75,5,54,45,133" hai3="25,65,34,56,47,89,69,64,57,41,95,30,106"/><U38/><E3/><V4/><F120/><W107/><G107/><T20/><D125/><U21/><E127/><V28/><F116/><W104/><G104/><T90/><D134/><U42/><E131/><V108/><F75/><N who="0" m="28746" /><D79/><U85/><E85/><V103/><F108/><N who="0" m="41578" /><D9/><U74/><E74/><V40/><F133/><W91/><G106/><T128/><D128/><U61/><E61/><V83/><F83/><W0/><G0/><T121/><D121/><U70/><E70/><V66/><F66/><W97/><G89/><T96/><D51/><U13/><E35/><V2/><F105/><W117/><G117/><T77/><D77/><U60/><E60/><V39/><F28/><W102/><G91/><T130/><D130/><U135/><E135/><V46/><F16/><W132/><G132/><T78/><D78/><U67/><REACH who="1" step="1"/><E53/><REACH who="1" ten="239,180,342,229" step="2"/><V88/><F1/><W50/><G69/><T12/><D12/><AGARI ba="0,1" hai="12,13,15,21,26,31,38,42,44,63,67,68,81,82" machi="12" ten="40,7700,0" yaku="1,1,2,1,52,1,53,0" doraHai="18" doraHaiUra="111" who="1" fromWho="0" sc="239,-77,180,87,342,0,229,0" /><INIT seed="1,1,0,3,0,68" ten="162,267,342,229" oya="1" hai0="62,133,116,103,101,119,66,71,47,77,54,78,117" hai1="29,60,105,23,72,48,112,80,2,82,115,122,89" hai2="67,44,90,97,49,106,14,132,32,56,99,104,24" hai3="11,87,58,0,94,131,52,43,111,95,4,41,26"/><U31/><E122/><V96/><F14/><W129/><G111/><T30/><D133/><U84/><E2/><V28/><F132/><W88/><G26/><T1/><D1/><U5/><E105/><V18/><F18/><W3/><G95/><T46/><D30/><U110/><E5/><V59/><F90/><W45/><G0/><T51/><REACH who="0" step="1"/><D47/><REACH who="0" ten="152,267,342,229" step="2"/><U70/><E29/><V55/><F28/><W102/><G102/><AGARI ba="1,1" hai="46,51,54,62,66,71,77,78,101,102,103,116,117,119" machi="102" ten="40,2600,0" yaku="1,1,2,1,53,0" doraHai="68" doraHaiUra="10" who="0" fromWho="3" sc="152,39,267,0,342,0,229,-29" /><INIT seed="2,0,0,1,4,121" ten="191,267,342,200" oya="2" hai0="45,66,134,106,19,117,93,63,27,50,32,17,102" hai1="26,96,34,64,3,127,42,75,109,48,104,84,68" hai2="85,60,86,114,55,24,57,35,111,82,16,29,112" hai3="119,10,37,124,113,72,118,2,25,43,1,31,62"/><V54/><F111/><W0/><G62/><T76/><D134/><U128/><E75/><V40/><F40/><W105/><G43/><T67/><D117/><N who="3" m="44553" /><G37/><T8/><D76/><U52/><E127/><V90/><F86/><W91/><G91/><T53/><D106/><U46/><E3/><V12/><REACH who="2" step="1"/><F55/><REACH who="2" ten="191,267,332,200" step="2"/><W125/><G72/><T28/><D53/><U44/><E109/><V115/><F115/><W135/><G113/><T65/><D67/><U123/><E84/><V70/><F70/><W38/><G38/><T103/><D66/><U92/><E64/><V51/><F51/><W5/><G135/><T132/><D65/><U6/><E68/><V79/><F79/><W78/><G78/><T47/><D50/><U131/><E52/><V13/><F13/><N who="3" m="5327" /><G105/><T83/><D132/><U18/><E42/><V61/><F61/><W126/><G0/><T73/><D63/><U4/><E48/><V30/><F30/><W56/><G56/><T87/><D28/><U133/><E133/><V20/><AGARI ba="0,1" hai="12,16,20,24,29,35,54,57,60,82,85,90,112,114" machi="20" ten="20,12000,1" yaku="1,1,0,1,7,1,54,1,53,1" doraHai="121" doraHaiUra="77" who="2" fromWho="2" sc="191,-40,267,-40,332,130,200,-40" /><INIT seed="2,1,0,3,0,111" ten="151,227,462,160" oya="2" hai0="121,64,91,10,123,132,115,112,86,34,99,37,134" hai1="62,125,110,81,130,124,105,60,1,118,33,71,50" hai2="92,2,90,67,48,129,68,69,25,27,30,84,131" hai3="106,109,3,135,93,14,0,73,108,83,114,127,128"/><V107/><F107/><W20/><G106/><T46/><D34/><U87/><E87/><BYE who="1" /><V89/><F2/><N who="3" m="555" /><G93/><N who="0" m="56767" /><D64/><UN n1="%6D%75%75%6D%75%72%61" /><U21/><E105/><V78/><F78/><W66/><G66/><T65/><D65/><U54/><E81/><V4/><F4/><W82/><G73/><T41/><D10/><U95/><E33/><V74/><F74/><W88/><G82/><T44/><D86/><U45/><E71/><V56/><F56/><W97/><G83/><T35/><D35/><U43/><E95/><V31/><F48/><W18/><G97/><T119/><D46/><U5/><E54/><V28/><F67/><W102/><G102/><T51/><D37/><U126/><E62/><V55/><F55/><W40/><G40/><T8/><D8/><U13/><E60/><V94/><F31/><W101/><G88/><T47/><D47/><U6/><E50/><V133/><F84/><W17/><G101/><T22/><D22/><U79/><E45/><V80/><F80/><W53/><G53/><T58/><D58/><U103/><E103/><V85/><F85/><W15/><G114/><N who="0" m="43563" /><D119/><U59/><E59/><V24/><F68/><W75/><G75/><T104/><D104/><U39/><E39/><V49/><F69/><W26/><G109/><T96/><D96/><U11/><E110/><V19/><F92/><W72/><G108/><T113/><N who="0" m="43571" /><T117/><DORA hai="57" /><D117/><U29/><E43/><V12/><F94/><W120/><G72/><T63/><D63/><U7/><E118/><V9/><F89/><W16/><G20/><T100/><D100/><U116/><E21/><RYUUKYOKU ba="1,0" sc="151,30,227,-10,462,-10,160,-10" hai0="41,44,51,121,123,132,134" /><INIT seed="3,2,0,3,0,74" ten="181,217,452,150" oya="3" hai0="55,107,127,90,72,133,43,129,51,102,121,17,113" hai1="126,115,80,6,14,103,117,67,58,109,36,87,79" hai2="77,28,65,30,24,62,98,88,44,21,42,50,89" hai3="82,130,112,7,33,11,29,91,52,45,47,134,111"/><W68/><G112/><T13/><D113/><U128/><E115/><V0/><F0/><W110/><G68/><T61/><D121/><U32/><E36/><V23/><F77/><W12/><G134/><T38/><D72/><U100/><E32/><V123/><F123/><W37/><G37/><T31/><D133/><U39/><E39/><V95/><F89/><W132/><G132/><T69/><D129/><U34/><E34/><V66/><F62/><W46/><G130/><T9/><D127/><U49/><E128/><V59/><F59/><W15/><G29/><T86/><D31/><U81/><E109/><N who="3" m="41482" /><G33/><T85/><D107/><U41/><E126/><V125/><F125/><W119/><G119/><T16/><D102/><U10/><E81/><V105/><F105/><W26/><G26/><AGARI ba="2,0" hai="21,23,24,26,28,30,42,44,50,65,66,88,95,98" machi="26" ten="40,5200,0" yaku="9,1,8,1,54,1" doraHai="74" who="2" fromWho="3" sc="181,0,217,0,452,58,150,-58" owari="181,-21.9,217,1.7,510,61.0,92,-40.8" /></mjloggm>