<mjloggm ver="2.3"><GO type="225" lobby="0"/><UN n0="%74%2E%6F%2E%6F%2E%73" n1="%E8%BE%9B%E5%8F%A3%E3%82%AB%E3%83%AC%E3%83%BC%E3%83%A9%E3%82%A4%E3%82%B9" n2="%E6%98%93%E5%88%A9%E8%96%A9%E4%BC%AF" n3="%E3%83%81%E3%83%83%E3%82%BF%E3%82%BD%E3%83%BC" dan="18,17,16,17" rate="2155.44,2212.20,2093.95,2171.25" sx="M,M,F,F"/><TAIKYOKU oya="0"/><INIT seed="0,0,0,3,4,107" ten="250,250,250,250" oya="0" hai0="46,108,14,76,5,18,34,69,11,130,120,65,106" hai1="59,128,118,20,75,51,50,80,68,88,109,117,48" hai2="40,0,4,89,23,64,10,43,95,26,44,56,105" hai3="112,13,115,133,7,9,126,49,114,110,57,17,27"/><T132/><D120/><U35/><E35/><V29/><F105/><W129/><G110/><T90/><D106/><U83/><E68/><V135/><F135/><W104/><G104/><T101/><D101/><U3/><E3/><V15/><F0/><W12/><G133/><T41/><D34/><U127/><E109/><V92/><F44/><W37/><G37/><T94/><D132/><U16/><E128/><V31/><F31/><W119/><G119/><T61/><D130/><U24/><E127/><V22/><F22/><W74/><G74/><T123/><D123/><U78/><REACH who="1" step="1"/><E59/><REACH who="1" ten="250,240,250,250" step="2"/><V70/><F70/><W98/><G129/><T81/><D108/><U21/><E21/><V52/><F64/><W100/><G126/><T97/><D46/><U32/><E32/><V25/><F25/><W85/><G27/><T28/><D28/><U38/><E38/><V131/><F131/><W122/><G122/><T116/><D116/><U45/><E45/><V66/><F66/><W60/><G112/><T134/><D134/><U63/><E63/><V33/><F33/><W93/><G49/><T99/><D41/><U72/><E72/><V91/><F43/><W67/><G114/><T8/><D8/><U111/><E111/><V42/><F40/><W82/><G115/><T77/><D61/><U47/><E47/><V125/><F42/><W58/><G60/><T55/><D65/><U6/><E6/><V30/><F30/><W121/><G67/><T54/><D69/><U73/><E73/><V102/><F125/><W71/><G121/><T87/><D5/><U2/><E2/><RYUUKYOKU ba="0,1" sc="250,-10,240,30,250,-10,250,-10" hai1="16,20,24,48,50,51,75,78,80,83,88,117,118" /><INIT seed="1,1,1,4,4,64" ten="240,270,240,240" oya="1" hai0="15,97,59,111,123,93,29,67,124,24,52,96,33" hai1="16,89,44,88,110,1,47,53,30,100,37,132,10" hai2="80,11,90,81,103,27,75,63,129,79,3,85,61" hai3="134,114,2,119,23,84,109,101,77,17,56,72,20"/><U54/><E132/><V21/><F129/><W4/><G72/><T106/><D111/><U76/><E110/><V92/><F3/><W60/><G84/><T86/><D124/><U66/><E76/><V94/><F11/><W68/><G77/><T25/><D123/><U102/><E30/><V35/><F35/><W42/><G101/><N who="1" m="39018" /><E1/><V49/><F49/><W55/><G4/><T116/><D116/><U108/><E37/><V120/><F120/><W6/><G6/><T117/><D117/><U133/><E133/><V78/><F103/><W9/><G2/><T113/><D113/><U36/><E36/><V14/><F14/><W28/><G9/><T121/><D121/><U99/><E66/><V71/><F71/><W39/><G68/><T22/><D67/><U13/><E108/><V130/><F130/><W5/><G39/><T118/><D106/><U98/><E47/><V50/><F50/><W12/><G28/><T74/><D74/><U122/><E122/><V126/><F126/><W26/><G119/><T69/><D69/><U95/><E44/><V104/><F104/><W31/><G114/><T82/><D118/><U105/><E105/><V51/><F51/><W62/><G109/><T91/><D29/><U65/><E65/><V8/><F8/><N who="3" m="4111" /><G134/><T18/><D33/><U128/><E128/><V0/><F0/><W34/><G34/><T73/><D73/><U125/><E125/><V32/><F32/><W70/><G70/><T45/><D45/><U83/><E99/><N who="0" m="37961" /><D82/><U87/><AGARI ba="1,1" hai="10,13,16,53,54,83,87,88,89,95,98" m="39018" machi="87" ten="30,6000,0" yaku="8,1,54,2" doraHai="64" who="1" fromWho="1" sc="240,-21,270,73,240,-21,240,-21" /><INIT seed="1,2,0,4,2,94" ten="219,343,219,219" oya="1" hai0="29,43,113,31,79,133,37,36,15,23,125,122,53" hai1="109,87,68,100,77,63,46,30,14,85,2,106,86" hai2="40,88,111,42,83,38,24,45,135,99,117,72,76" hai3="71,81,59,66,74,115,67,129,75,103,89,19,82"/><U102/><E2/><V84/><F117/><W13/><G115/><T110/><D113/><U58/><E68/><V32/><F111/><W55/><G129/><T73/><D110/><U114/><E114/><V120/><F120/><W118/><G118/><T20/><D79/><U7/><E109/><V47/><F135/><W80/><G103/><T22/><D73/><U12/><E30/><V3/><F3/><W108/><G108/><T9/><D125/><U18/><E77/><V93/><F24/><W65/><G71/><T128/><D128/><U50/><E7/><V92/><F32/><W112/><G112/><T97/><D53/><N who="1" m="29911" /><E106/><V39/><REACH who="2" step="1"/><F93/><REACH who="2" ten="219,343,209,219" step="2"/><W124/><G124/><T62/><D133/><U105/><E105/><V44/><F44/><W78/><G74/><AGARI ba="2,1" hai="38,39,40,42,45,47,72,74,76,83,84,88,92,99" machi="74" ten="40,8000,1" yaku="1,1,9,1,52,1,54,1,53,0" doraHai="94" doraHaiUra="61" who="2" fromWho="3" sc="219,0,343,0,209,96,219,-86" /><INIT seed="2,0,0,5,1,32" ten="219,343,305,133" oya="2" hai0="125,50,30,128,131,77,60,106,117,115,35,15,51" hai1="2,19,38,1,111,59,6,24,94,56,29,4,134" hai2="75,21,105,126,130,81,92,26,34,43,103,89,36" hai3="100,31,70,61,67,118,107,133,90,13,41,45,99"/><V72/><F34/><W121/><G133/><T85/><D106/><U0/><E38/><V91/><F130/><W123/><G118/><T28/><D60/><U18/><E134/><V48/><F36/><W40/><G40/><T114/><D15/><U119/><E119/><V69/><F69/><W8/><G90/><T27/><D117/><U25/><E94/><V135/><F126/><W112/><G112/><T76/><D85/><U3/><E111/><V129/><F129/><W87/><G87/><T116/><D116/><U33/><E56/><V65/><F65/><W101/><G101/><T132/><D35/><N who="1" m="20903" /><E59/><V58/><F105/><W16/><REACH who="3" step="1"/><G31/><REACH who="3" ten="219,343,305,123" step="2"/><T63/><D132/><U86/><E86/><V109/><F135/><W122/><G122/><T124/><D28/><N who="1" m="19599" /><E6/><V108/><F103/><W68/><G68/><T74/><D114/><U64/><E64/><V104/><F43/><W10/><G10/><AGARI ba="0,1" hai="0,1,2,3,4,10,18,19" m="19599,20903" machi="10" ten="30,16000,3" yaku="35,5,52,4" doraHai="32" who="1" fromWho="3" sc="219,0,343,170,305,0,123,-160" owari="219,-18.1,513,61.3,305,10.5,-37,-53.7" /></mjloggm>