<mjloggm ver="2.3"><GO type="225" lobby="0"/><UN n0="%E8%A8%88%E7%AE%97%E6%A9%9F%E8%87%AA%E7%84%B6" n1="%53%61%63%68%69%30%34" n2="%E8%81%B7%E6%A5%AD%E3%80%81%E9%A2%A8%32" n3="%E3%81%82%E3%82%93%E3%81%AA%E3%81%A4" dan="17,16,16,16" rate="2210.08,2078.74,2093.28,2136.78" sx="M,M,M,M"/><TAIKYOKU oya="0"/><INIT seed="0,0,0,1,0,78" ten="250,250,250,250" oya="0" hai0="62,10,6,88,7,71,122,109,65,9,26,72,44" hai1="75,130,113,13,79,28,56,84,0,37,116,48,111" hai2="20,3,18,76,61,66,112,63,128,30,95,16,91" hai3="127,110,86,24,124,47,118,2,93,107,23,129,73"/><T104/><D122/><U41/><E116/><V97/><F112/><W38/><G73/><T133/><D104/><U22/><E0/><V89/><F128/><W131/><G107/><T55/><D72/><U57/><E37/><V96/><F3/><W31/><G2/><T60/><D133/><U68/><E68/><V59/><F76/><W121/><G118/><T8/><D109/><U92/><E111/><V39/><F39/><W27/><G27/><T98/><D26/><U99/><E130/><N who="3" m="49674" /><G110/><T21/><D21/><U29/><E75/><V43/><F43/><N who="3" m="23031" /><G121/><T67/><D55/><U15/><E29/><V106/><F30/><W35/><G35/><T81/><D44/><N who="1" m="25615" /><E113/><V51/><F106/><W83/><G93/><T119/><D119/><U50/><E28/><V70/><F51/><W102/><G102/><T103/><D103/><N who="1" m="60903" /><E50/><V17/><F97/><W101/><G101/><T64/><D98/><U33/><E33/><V49/><F49/><W42/><G42/><T19/><D71/><U58/><E22/><V4/><F20/><W54/><G54/><T74/><D74/><U77/><E77/><AGARI ba="0,0" hai="23,24,31,77,83,86,124,127" m="23031,49674" machi="77" ten="30,2000,0" yaku="19,1,52,1" doraHai="78" who="3" fromWho="1" sc="250,0,250,-20,250,0,250,20" /><INIT seed="1,0,0,2,0,76" ten="250,230,250,270" oya="1" hai0="0,110,74,45,40,105,122,104,77,39,3,59,14" hai1="100,92,130,47,95,88,75,23,60,72,66,49,113" hai2="28,37,134,43,83,103,133,126,85,62,86,101,7" hai3="21,118,131,31,35,67,63,48,61,106,78,46,58"/><U11/><E130/><V111/><F126/><W22/><G131/><T81/><D122/><U12/><E113/><V51/><F37/><W135/><G106/><N who="0" m="41067" /><D14/><U97/><E23/><V24/><F7/><W80/><G135/><N who="2" m="51721" /><F111/><W4/><G4/><T34/><D59/><U27/><E27/><V2/><F2/><N who="0" m="554" /><D110/><U33/><E33/><AGARI ba="0,0" hai="33,34,39,40,45,74,77,81" m="554,41067" machi="33" ten="30,3900,0" yaku="33,2,52,1" doraHai="76" who="0" fromWho="1" sc="250,39,230,-39,250,0,270,0" /><INIT seed="2,0,0,3,2,85" ten="289,191,250,270" oya="2" hai0="100,99,104,48,98,20,15,90,4,106,123,47,65" hai1="41,80,1,113,54,42,92,10,91,94,17,43,109" hai2="14,119,134,125,71,39,81,132,95,93,21,16,56" hai3="61,96,75,51,76,27,127,44,64,114,133,111,37"/><V58/><F119/><W88/><G111/><T40/><D123/><U11/><E113/><V28/><F71/><W0/><G0/><T77/><D77/><U55/><E109/><V84/><F39/><W67/><G37/><T117/><D117/><U66/><E66/><V33/><F33/><W49/><G114/><T129/><D129/><U36/><E36/><V103/><F28/><W46/><G133/><N who="2" m="51305" /><F125/><W23/><G76/><T13/><D65/><N who="3" m="25161" /><G61/><T128/><D128/><U5/><E80/><V105/><F105/><W24/><G75/><T101/><D4/><U38/><E92/><N who="2" m="35403" /><F103/><W124/><G27/><T69/><D69/><U7/><E17/><V22/><F21/><W6/><G6/><T18/><REACH who="0" step="1"/><D90/><AGARI ba="0,0" hai="14,16,22,56,58,81,84,90" m="35403,51305" machi="90" ten="30,5800,0" yaku="20,1,52,1,54,1" doraHai="85" who="2" fromWho="0" sc="289,-58,191,0,250,58,270,0" /><INIT seed="2,1,0,0,1,36" ten="231,191,308,270" oya="2" hai0="134,44,112,31,56,82,72,93,42,94,3,73,116" hai1="101,11,105,124,14,68,60,23,43,108,109,33,58" hai2="61,79,78,106,100,123,98,27,5,99,86,135,32" hai3="30,50,132,35,46,59,128,88,87,53,4,95,119"/><V129/><F123/><W51/><G119/><T102/><D112/><U1/><E33/><V18/><F135/><W29/><G132/><T16/><D134/><U9/><E68/><V130/><F5/><W2/><G128/><T122/><D122/><U114/><E114/><V121/><F121/><W111/><G111/><N who="1" m="42570" /><E124/><V107/><F61/><W77/><G35/><T67/><D3/><U127/><E127/><V92/><F32/><W83/><G4/><T85/><D31/><U75/><E75/><V25/><F18/><W0/><G0/><T21/><D116/><U120/><E120/><V37/><F37/><W8/><G8/><T49/><D72/><U19/><E1/><V17/><F17/><W91/><G91/><N who="0" m="51639" /><D73/><U104/><E101/><V15/><F15/><W13/><G13/><N who="0" m="9359" /><D102/><U39/><E105/><V28/><F28/><W40/><G2/><T20/><D20/><U103/><E103/><V96/><F25/><W6/><G6/><T69/><D69/><U70/><E104/><N who="2" m="39979" /><F27/><W63/><G63/><AGARI ba="1,0" hai="42,44,49,56,63,67,93,94" m="9359,51639" machi="63" ten="30,3900,0" yaku="8,1,52,1,54,1" doraHai="36" who="0" fromWho="3" sc="231,42,191,0,308,0,270,-42" /><INIT seed="3,0,0,3,3,135" ten="273,191,308,228" oya="3" hai0="42,10,92,106,122,87,9,86,24,20,43,53,95" hai1="65,133,1,105,66,90,51,104,96,49,40,81,45" hai2="41,58,14,52,18,132,23,103,112,71,109,2,101" hai3="69,111,11,25,73,74,117,72,113,33,75,32,5"/><W77/><G113/><T121/><D106/><U114/><E133/><V30/><F71/><W107/><G117/><T110/><D20/><U88/><E114/><V93/><F2/><W34/><G111/><T70/><D70/><U125/><E1/><V28/><F132/><W19/><G107/><T27/><REACH who="0" step="1"/><D53/><REACH who="0" ten="263,191,308,228" step="2"/><U120/><E120/><V0/><F112/><W134/><G134/><T37/><D37/><U56/><E125/><V17/><F109/><AGARI ba="0,1" hai="9,10,24,27,42,43,86,87,92,95,109,110,121,122" machi="109" ten="25,8000,1" yaku="1,1,22,2,53,2" doraHai="135" doraHaiUra="82" who="0" fromWho="2" sc="263,90,191,0,308,-80,228,0" owari="353,45.3,191,-30.9,228,2.8,228,-17.2" /></mjloggm>