<mjloggm ver="2.3"><GO type="225" lobby="0"/><UN n0="%E5%8D%A0%E3%81%84%E5%B8%AB%E8%A3%8F%E3%81%AA%E3%81%84%E3%81%97" n1="%E5%8F%AF%E5%85%90%E9%82%A3%E7%94%B1%E5%A4%9A" n2="%E3%82%B2%E3%82%B9%E8%8C%82%E5%8B%9D" n3="%6B%75%7A%75%6E" dan="16,17,16,17" rate="2113.05,2215.96,2051.81,2182.83" sx="M,F,F,M"/><TAIKYOKU oya="0"/><INIT seed="0,0,0,0,0,126" ten="250,250,250,250" oya="0" hai0="35,13,108,118,8,54,4,48,103,109,94,88,95" hai1="105,73,79,41,127,56,66,123,134,1,69,93,131" hai2="102,128,63,120,84,55,24,121,106,6,59,37,124" hai3="10,31,34,14,17,53,78,18,71,64,65,45,81"/><T113/><D113/><U57/><E105/><V91/><F37/><W67/><G34/><T43/><D35/><U92/><E1/><V60/><F124/><W11/><G31/><T47/><D118/><U74/><E123/><V33/><F6/><W29/><G29/><T61/><D103/><U117/><E117/><V89/><F24/><W114/><G114/><T125/><D125/><U76/><E127/><V36/><F36/><W30/><G30/><T32/><D32/><U70/><E41/><V135/><F33/><W0/><G0/><T16/><D4/><U112/><E112/><V26/><F135/><W50/><G71/><T39/><D61/><U99/><E99/><V80/><F26/><W110/><G110/><N who="0" m="42603" /><D88/><U130/><REACH who="1" step="1"/><E66/><REACH who="1" ten="250,240,250,250" step="2"/><V49/><F106/><W42/><G42/><T5/><D5/><U116/><E116/><V87/><F120/><W82/><G78/><T19/><D19/><U83/><E83/><V104/><F121/><W2/><G2/><T62/><D62/><U68/><E68/><V46/><F104/><W27/><G81/><T7/><D7/><U101/><E101/><V15/><F102/><W85/><G82/><T44/><AGARI ba="0,1" hai="8,13,16,39,43,44,47,48,54,94,95" m="42603" machi="44" ten="30,6000,0" yaku="14,1,10,1,54,1" doraHai="126" who="0" fromWho="0" sc="250,70,240,-20,250,-20,250,-20" /><INIT seed="0,1,0,3,3,0" ten="320,220,230,230" oya="0" hai0="96,20,75,105,52,115,79,67,56,3,50,81,99" hai1="10,118,58,123,71,125,61,21,74,80,92,108,90" hai2="121,104,12,68,102,49,43,65,119,122,59,4,38" hai3="47,1,63,45,25,46,53,103,87,76,94,66,23"/><T62/><D115/><U32/><E32/><V39/><F102/><W48/><G1/><T113/><D113/><U5/><E118/><V8/><F104/><W13/><G76/><T27/><D3/><U132/><E123/><V129/><F129/><W133/><G133/><T84/><D75/><U109/><E132/><V77/><F119/><W24/><G13/><T31/><REACH who="0" step="1"/><D105/><REACH who="0" ten="310,220,230,230" step="2"/><U51/><E74/><V15/><F121/><W57/><G24/><T78/><D78/><U22/><E109/><V131/><F122/><W36/><G36/><T128/><D128/><U85/><E108/><V28/><F39/><W95/><G87/><T44/><AGARI ba="1,1" hai="20,27,31,44,50,52,56,62,67,79,81,84,96,99" machi="44" ten="20,12000,1" yaku="1,1,0,1,7,1,8,1,54,1,53,0" doraHai="0" doraHaiUra="35" who="0" fromWho="0" sc="310,133,220,-41,230,-41,230,-41" /><INIT seed="0,2,0,4,4,30" ten="443,179,189,189" oya="0" hai0="42,39,103,82,20,77,51,34,96,32,21,90,91" hai1="121,135,113,16,54,5,100,131,86,50,105,29,64" hai2="58,19,67,94,47,53,6,79,55,104,118,72,98" hai3="66,71,38,36,61,12,4,43,110,68,22,130,33"/><T106/><D39/><U7/><E121/><V23/><F118/><W9/><G110/><T128/><D128/><U124/><E131/><V111/><F111/><W122/><G130/><T101/><D101/><U102/><E124/><V15/><F104/><W69/><G122/><T76/><D42/><U93/><E135/><V125/><F125/><W85/><G43/><T115/><D115/><U74/><E74/><V49/><F67/><W126/><G126/><T119/><D51/><U116/><E116/><V10/><F72/><W40/><G40/><T97/><D103/><N who="1" m="39467" /><E105/><V28/><F28/><W62/><G22/><T48/><D48/><U84/><E29/><V0/><F79/><W57/><G62/><T92/><D92/><U41/><E64/><V108/><F108/><W123/><G123/><T3/><D3/><U18/><E41/><V89/><F53/><W31/><REACH who="3" step="1"/><G85/><REACH who="3" ten="443,179,189,179" step="2"/><N who="1" m="32874" /><E113/><V35/><F35/><W44/><G44/><T63/><D106/><U78/><E78/><V73/><F47/><W60/><G60/><T27/><D63/><U46/><E93/><V52/><F73/><W107/><G107/><T133/><D119/><U59/><E46/><V117/><REACH who="2" step="1"/><F117/><REACH who="2" ten="443,179,179,179" step="2"/><W87/><G87/><T83/><D34/><U8/><E8/><V120/><F120/><W95/><G95/><T129/><D32/><U81/><E81/><V1/><F1/><W65/><G65/><T134/><D129/><U2/><E2/><V112/><F112/><W75/><G75/><T56/><D82/><U88/><E88/><V24/><F24/><AGARI ba="2,2" hai="4,9,12,24,31,33,36,38,57,61,66,68,69,71" machi="24" ten="40,2600,0" yaku="1,1,52,1,53,0" doraHai="30" doraHaiUra="37" who="3" fromWho="2" sc="443,0,179,0,179,-32,179,52" /><INIT seed="1,0,0,4,2,51" ten="443,179,147,231" oya="1" hai0="67,99,135,88,22,14,49,43,134,109,26,35,71" hai1="93,31,21,32,128,58,84,2,98,116,17,96,97" hai2="56,105,37,83,4,55,69,16,19,110,126,68,73" hai3="64,129,124,104,107,111,122,114,82,45,25,131,118"/><U44/><E116/><V85/><F105/><W5/><G122/><T48/><D109/><U40/><E2/><V0/><F110/><W92/><G111/><T125/><D35/><U20/><E128/><V28/><F73/><W1/><G114/><T89/><D125/><U70/><E70/><V62/><F126/><W86/><G92/><N who="0" m="56711" /><D14/><U7/><E7/><V77/><F37/><W66/><G45/><T18/><D43/><U90/><E32/><V59/><F28/><W113/><G113/><T27/><D27/><U53/><E31/><V61/><F4/><W50/><G25/><T10/><D10/><U65/><E65/><V34/><F0/><W8/><G118/><T33/><D89/><U76/><E76/><V36/><F36/><W106/><G124/><T100/><D100/><U38/><REACH who="1" step="1"/><E17/><REACH who="1" ten="443,169,147,231" step="2"/><V23/><F34/><W57/><G131/><T80/><D33/><U117/><E117/><V60/><F19/><W39/><G129/><T120/><D67/><U74/><E74/><V130/><F130/><W42/><G66/><T102/><D71/><U41/><E41/><V108/><F108/><W94/><G64/><T12/><D18/><U132/><E132/><V121/><F121/><W123/><G42/><T11/><D120/><U87/><E87/><V78/><F77/><N who="3" m="46415" /><G123/><T115/><D134/><U101/><E101/><V95/><F68/><W79/><G79/><T3/><D102/><U13/><E13/><N who="2" m="9615" /><F69/><W72/><G72/><T81/><D3/><U119/><E119/><V52/><F95/><W6/><G1/><T91/><D135/><U46/><E46/><RYUUKYOKU ba="0,1" sc="443,-15,169,15,147,15,231,-15" hai1="20,21,38,40,44,53,58,84,90,93,96,97,98" hai2="52,55,56,59,60,61,62,78,83,85" /><INIT seed="1,1,1,0,0,62" ten="428,184,162,216" oya="1" hai0="134,61,130,109,11,47,78,13,129,19,112,116,30" hai1="127,107,12,27,93,21,70,120,100,52,9,86,46" hai2="28,25,82,40,113,108,114,105,51,33,31,43,92" hai3="111,5,1,48,84,117,68,32,74,75,119,14,39"/><U76/><E120/><V7/><F105/><W20/><G48/><T59/><D109/><U58/><E70/><V66/><F108/><W115/><G84/><T87/><D112/><N who="2" m="43114" /><F7/><W35/><G20/><T16/><D116/><N who="3" m="44617" /><G14/><T73/><D73/><N who="3" m="27657" /><G111/><T131/><D134/><U65/><E107/><V57/><F82/><W63/><G39/><T8/><D30/><U125/><E12/><V36/><F36/><W128/><G115/><T89/><D78/><U67/><E9/><N who="0" m="3657" /><D47/><U60/><E46/><V94/><F28/><W122/><G122/><T64/><D13/><U56/><E76/><V71/><F71/><W29/><G29/><T69/><D69/><U41/><E41/><N who="2" m="15947" /><F51/><W54/><G5/><T37/><D37/><U44/><E44/><V88/><F88/><W106/><G106/><T133/><D133/><U102/><E56/><V124/><F124/><N who="1" m="47689" /><E86/><V6/><F6/><W80/><G1/><T96/><D96/><N who="1" m="59407" /><E102/><V10/><F10/><W126/><G126/><T24/><D24/><U26/><E27/><V55/><F55/><W77/><G54/><T110/><D110/><U18/><AGARI ba="1,1" hai="18,21,26,52,58,60,65,67" m="59407,47689" machi="18" ten="30,11700,0" yaku="18,1,52,2,54,1" doraHai="62" who="1" fromWho="1" sc="428,-40,184,130,162,-40,216,-40" /><INIT seed="1,2,0,4,1,2" ten="388,314,122,176" oya="1" hai0="36,93,44,29,129,86,60,73,3,27,108,56,25" hai1="69,40,62,23,7,14,72,34,71,24,78,42,45" hai2="11,123,116,91,120,48,12,121,80,31,99,90,131" hai3="70,4,61,46,52,96,0,119,55,134,67,103,82"/><U39/><E42/><V132/><F116/><W6/><G134/><T64/><D73/><U30/><E62/><V102/><F132/><W75/><G119/><T95/><D108/><U76/><E23/><V65/><F131/><W1/><G1/><T38/><D129/><U9/><REACH who="1" step="1"/><E72/><REACH who="1" ten="388,304,122,176" step="2"/><V22/><F121/><W15/><G0/><T112/><D60/><U111/><E111/><V10/><F120/><W81/><G75/><T122/><D3/><U35/><E35/><V125/><F123/><W104/><G15/><T54/><D122/><U115/><E115/><V43/><F43/><W110/><G110/><T89/><D112/><U68/><AGARI ba="2,1" hai="7,9,14,24,30,34,39,40,45,68,69,71,76,78" machi="68" ten="30,6000,0" yaku="1,1,0,1,52,1,53,0" doraHai="2" doraHaiUra="126" who="1" fromWho="1" sc="388,-22,304,76,122,-22,176,-22" /><INIT seed="1,3,0,0,1,73" ten="366,380,100,154" oya="1" hai0="31,50,120,60,14,22,67,71,126,66,10,62,25" hai1="78,38,42,115,5,36,105,130,124,15,81,16,88" hai2="21,51,114,125,103,107,134,24,44,57,37,109,82" hai3="33,8,13,23,79,3,7,70,43,94,127,69,80"/><U92/><E115/><V0/><F0/><W40/><G127/><T83/><D126/><U6/><E124/><V65/><F125/><W84/><G33/><T131/><D131/><U27/><E105/><V54/><F109/><W74/><G40/><T52/><D120/><U129/><E27/><V20/><F134/><W86/><G43/><T61/><D83/><U72/><E5/><V135/><F135/><W102/><G102/><T77/><D77/><U45/><E6/><V110/><F110/><W9/><G23/><T99/><D99/><U17/><E38/><V48/><F114/><W106/><G106/><T87/><D87/><U123/><E123/><V111/><F111/><W85/><REACH who="3" step="1"/><G94/><REACH who="3" ten="366,380,100,144" step="2"/><T46/><REACH who="0" step="1"/><D71/><REACH who="0" ten="356,380,100,144" step="2"/><U34/><E34/><V104/><F107/><W113/><G113/><T18/><AGARI ba="3,2" hai="10,14,18,22,25,31,46,50,52,60,61,62,66,67" machi="18" ten="30,8000,1" yaku="1,1,2,1,0,1,8,1,54,1,53,0" doraHai="73" doraHaiUra="75" who="0" fromWho="0" sc="356,109,380,-43,100,-23,144,-23" /><INIT seed="2,0,0,4,5,107" ten="465,337,77,121" oya="2" hai0="92,41,7,57,25,45,103,19,87,74,24,61,62" hai1="21,115,106,34,97,129,50,13,49,130,11,60,33" hai2="88,114,55,66,126,32,75,123,47,135,64,90,17" hai3="112,111,39,70,91,128,133,99,65,12,94,134,35"/><V29/><F123/><W18/><G111/><T38/><D74/><U16/><E115/><V72/><F114/><W109/><G109/><T89/><D7/><U84/><E84/><V117/><F117/><W110/><G110/><T51/><D38/><U22/><E60/><N who="0" m="23145" /><D103/><U53/><E106/><V68/><F29/><W67/><G39/><T98/><D57/><U48/><E97/><V102/><F102/><W122/><G122/><T86/><D19/><U9/><E53/><V20/><F32/><W37/><G37/><T31/><D31/><U105/><E105/><V46/><F17/><W1/><G1/><T93/><D93/><U80/><E80/><V56/><F20/><W119/><G35/><N who="1" m="13322" /><E9/><V3/><F3/><W44/><G112/><T82/><D98/><U79/><E79/><AGARI ba="0,0" hai="24,25,41,45,51,79,82,86,87,89,92" m="23145" machi="79" ten="30,1000,0" yaku="8,1" doraHai="107" who="0" fromWho="1" sc="465,10,337,-10,77,0,121,0" /><INIT seed="3,0,0,4,3,115" ten="475,327,77,121" oya="3" hai0="48,114,106,31,52,4,133,39,87,124,88,92,126" hai1="111,100,19,123,94,101,135,11,131,68,91,13,112" hai2="47,103,132,2,90,118,82,119,122,84,125,76,80" hai3="113,21,69,56,8,53,28,35,108,50,97,6,95"/><W12/><G113/><T79/><D106/><U116/><E112/><V3/><F47/><W98/><G69/><T33/><D114/><U42/><E123/><V14/><F14/><W70/><G70/><T55/><D39/><U49/><E111/><V117/><F122/><W34/><G108/><T74/><D133/><U22/><E135/><V102/><F132/><W86/><G35/><T60/><D4/><U51/><E131/><V64/><F64/><W134/><G34/><T29/><D33/><U71/><E71/><V20/><F20/><W38/><G38/><T73/><D60/><U30/><E68/><V99/><F125/><N who="0" m="48234" /><D55/><U105/><E105/><V36/><F36/><W104/><G104/><T67/><D67/><U58/><E116/><V10/><F10/><W65/><G65/><T18/><D18/><U0/><E0/><V81/><F81/><W75/><G75/><N who="0" m="28683" /><D79/><U1/><E1/><V45/><F45/><AGARI ba="0,0" hai="29,31,45,48,52,87,88,92" m="28683,48234" machi="45" ten="30,3900,0" yaku="18,1,54,2" doraHai="115" who="0" fromWho="2" sc="475,39,327,0,77,-39,121,0" owari="514,61.4,327,12.7,38,-46.2,121,-27.9" /></mjloggm>