<mjloggm ver="2.3"><GO type="225" lobby="0"/><UN n0="%E3%81%86%E3%83%BC%E3%81%B1%E3%83%BC" n1="%E5%AF%82%E5%AF%9E%E3%82%AE%E3%83%8D%E3%82%B9%E3%83%93%E3%83%BC%E3%83%AB" n2="%72%69%6F%75%63%68%61%6E" n3="%E7%B4%94%E6%BD%94%E3%83%94%E3%83%A9%E3%83%8B%E3%82%A2" dan="16,16,17,18" rate="2124.19,2135.73,2162.08,2302.35" sx="F,M,M,M"/><TAIKYOKU oya="0"/><INIT seed="0,0,0,2,5,113" ten="250,250,250,250" oya="0" hai0="125,90,107,133,104,122,124,40,93,28,112,51,132" hai1="70,88,129,27,91,36,2,49,45,86,22,9,126" hai2="54,4,48,0,105,60,17,120,55,26,75,50,79" hai3="30,67,33,56,130,65,117,14,110,5,24,106,63"/><T81/><D112/><U74/><E74/><V41/><F120/><W58/><G110/><T3/><D3/><U114/><E114/><V10/><F105/><N who="0" m="40522" /><D40/><U64/><E129/><V128/><F128/><W89/><G106/><T116/><D28/><U83/><E126/><N who="0" m="48745" /><D51/><U78/><E36/><V119/><F119/><W16/><G5/><T115/><D115/><U53/><E2/><V99/><F99/><W94/><G130/><T13/><D13/><U1/><E1/><V68/><F41/><W95/><G117/><T62/><D62/><U71/><E9/><V84/><F75/><W39/><G39/><T38/><D38/><U7/><E7/><V8/><F50/><W35/><G33/><T127/><N who="0" m="48753" /><T97/><DORA hai="23" /><D122/><U135/><E135/><N who="0" m="51785" /><D81/><U6/><E6/><V121/><F121/><W18/><G18/><T31/><D31/><U87/><E49/><V69/><F60/><W11/><G65/><T96/><D116/><U46/><E64/><V34/><F34/><W25/><G25/><T108/><D108/><U103/><E27/><V59/><F54/><W61/><G61/><T101/><D101/><U43/><E103/><V52/><F55/><W131/><G131/><T37/><D37/><U42/><E53/><V32/><F32/><W111/><G111/><T85/><AGARI ba="0,0" hai="85,90,93,96,97" m="51785,48753,40522" machi="85" ten="50,12000,1" yaku="18,1,20,1,34,2" doraHai="113,23" who="0" fromWho="0" sc="250,120,250,-40,250,-40,250,-40" /><INIT seed="0,1,0,2,5,10" ten="370,210,210,210" oya="0" hai0="74,135,130,97,59,89,3,12,68,29,24,127,53" hai1="48,120,125,49,117,36,35,39,73,121,101,4,1" hai2="103,64,66,128,109,40,22,92,28,79,105,20,65" hai3="111,115,55,38,14,67,19,134,88,123,34,26,112"/><T21/><D3/><U47/><E73/><V104/><F109/><W77/><G111/><T96/><D68/><U76/><E76/><V114/><F128/><W82/><G38/><N who="1" m="14378" /><E4/><V57/><F114/><W81/><G123/><N who="1" m="47178" /><E101/><V45/><F57/><W23/><G134/><T106/><D106/><U61/><E35/><V83/><F92/><W116/><G116/><T0/><D0/><U119/><E1/><V5/><F5/><W80/><G67/><T87/><D135/><U60/><E125/><V86/><F28/><W37/><G37/><T42/><D42/><N who="1" m="24695" /><E49/><N who="2" m="26791" /><F105/><W118/><G118/><AGARI ba="1,0" hai="60,61,117,118,119" m="24695,47178,14378" machi="118" ten="40,2600,0" yaku="34,2" doraHai="10" who="1" fromWho="3" sc="370,0,210,29,210,0,210,-29" /><INIT seed="1,0,0,0,3,110" ten="370,239,210,181" oya="1" hai0="64,29,107,42,85,106,134,50,37,39,53,68,87" hai1="36,97,91,82,98,62,46,105,34,44,22,26,76" hai2="6,19,94,35,79,83,40,54,45,120,25,14,43" hai3="121,75,49,0,127,33,51,74,61,118,48,59,70"/><U69/><E34/><V21/><F120/><W92/><G121/><T90/><D29/><U122/><E122/><V47/><F94/><W116/><G33/><T58/><D39/><U12/><E12/><V81/><F54/><W84/><G0/><T103/><D103/><U20/><E36/><V23/><F35/><W72/><G70/><T133/><D85/><U63/><E105/><V18/><F6/><W57/><G127/><T101/><D101/><U31/><E20/><V4/><F4/><W114/><G114/><T109/><D109/><U128/><E128/><V7/><F7/><W89/><REACH who="3" step="1"/><G61/><REACH who="3" ten="370,239,210,171" step="2"/><N who="0" m="39951" /><D134/><U78/><E62/><V95/><F95/><W15/><G15/><T96/><D107/><U108/><E69/><V102/><F102/><W104/><G104/><T93/><D133/><U17/><E63/><V129/><F129/><W125/><G125/><T30/><D106/><U86/><E108/><V99/><F99/><N who="1" m="37897" /><E31/><V38/><REACH who="2" step="1"/><F79/><AGARI ba="0,1" hai="17,22,26,44,46,76,78,79,82,86,91" m="37897" machi="79" ten="30,1500,0" yaku="8,1" doraHai="110" who="1" fromWho="2" sc="370,0,239,25,210,-15,171,0" /><INIT seed="1,1,0,3,2,69" ten="370,264,195,171" oya="1" hai0="6,45,33,4,53,127,70,98,94,31,28,124,93" hai1="51,106,25,11,38,15,46,95,19,116,47,123,17" hai2="89,80,67,0,26,16,66,12,125,65,128,62,60" hai3="3,54,55,100,82,110,118,108,63,71,133,87,58"/><U23/><E116/><V59/><F0/><W111/><G118/><T130/><D70/><U91/><E123/><V29/><F128/><W73/><G3/><T99/><D53/><U61/><E106/><V64/><F125/><N who="0" m="48202" /><D45/><U92/><E61/><V43/><F43/><W113/><G113/><T74/><D74/><U22/><E38/><V102/><F102/><W77/><G71/><T49/><D49/><U48/><E91/><V1/><F1/><W109/><N who="3" m="27648" /><DORA hai="37" /><W50/><G100/><N who="0" m="60495" /><D130/><U134/><E134/><V120/><F120/><W41/><G133/><T36/><D36/><U112/><E112/><V7/><F7/><N who="0" m="2602" /><D33/><U83/><E83/><V76/><F89/><AGARI ba="1,0" hai="28,31,89,94,99" m="2602,60495,48202" machi="89" ten="30,1000,0" yaku="18,1" doraHai="69,37" who="0" fromWho="2" sc="370,13,264,0,195,-13,171,0" /><INIT seed="2,0,0,2,3,76" ten="383,264,182,171" oya="2" hai0="63,116,102,107,75,123,88,21,106,84,68,135,29" hai1="94,52,38,86,87,35,49,125,97,99,119,128,20" hai2="43,130,25,65,0,10,56,93,71,4,18,1,115" hai3="101,95,23,9,14,7,47,26,17,112,108,53,98"/><V66/><F115/><W111/><G53/><T51/><D123/><U57/><E35/><V92/><F130/><W50/><G112/><T2/><D2/><U12/><E38/><V90/><F0/><W104/><G104/><T6/><D6/><U79/><E119/><V44/><F71/><W91/><G111/><T109/><D75/><U126/><E128/><V74/><F74/><W13/><G108/><T134/><D51/><U89/><E86/><V110/><F110/><W19/><G50/><T34/><D21/><U64/><E64/><V28/><F18/><W127/><G127/><N who="1" m="48650" /><E79/><V15/><F1/><W11/><REACH who="3" step="1"/><G47/><REACH who="3" ten="383,264,182,161" step="2"/><T69/><D106/><U30/><E30/><V120/><F120/><W105/><G105/><T132/><D107/><U131/><E131/><V80/><F56/><W100/><AGARI ba="0,1" hai="7,9,11,13,14,17,19,23,26,91,95,98,100,101" machi="100" ten="30,7900,0" yaku="1,1,0,1,8,1,53,1" doraHai="76" doraHaiUra="85" who="3" fromWho="3" sc="383,-20,264,-20,182,-39,161,89" /><INIT seed="3,0,0,0,4,121" ten="363,244,143,250" oya="3" hai0="72,122,59,79,108,20,107,110,77,64,16,119,34" hai1="66,0,47,19,91,84,71,30,67,1,8,99,58" hai2="134,17,83,126,80,96,33,78,82,23,98,86,100" hai3="11,92,132,95,48,102,89,65,49,13,114,14,40"/><W109/><G114/><T135/><D122/><U38/><E71/><V93/><F33/><W112/><G112/><T90/><D34/><U123/><E123/><V130/><F130/><W113/><G113/><T46/><D107/><U124/><E30/><V69/><F69/><W70/><G70/><T129/><D119/><U22/><E99/><V76/><F126/><W3/><G65/><T6/><D72/><U32/><E32/><V117/><F117/><W5/><G132/><T18/><D6/><U55/><E47/><V12/><F134/><W37/><G37/><T52/><D90/><U10/><E1/><V25/><F98/><W115/><G102/><T87/><D87/><U41/><E41/><V50/><F50/><W74/><G74/><T120/><D20/><U128/><E124/><V51/><F51/><W36/><G36/><T105/><D64/><N who="1" m="24619" /><E0/><V44/><F44/><W85/><G115/><T116/><D116/><U111/><E128/><V2/><F2/><W61/><G61/><T62/><D62/><N who="1" m="36191" /><E111/><V63/><F63/><W81/><G109/><T7/><D135/><U54/><E54/><V75/><F75/><W26/><G26/><T131/><D120/><U125/><E125/><V42/><F42/><W29/><G29/><T101/><D101/><U94/><E38/><V97/><F76/><W53/><G40/><T35/><D129/><U127/><E127/><V24/><REACH who="2" step="1"/><F97/><REACH who="2" ten="363,244,133,250" step="2"/><W31/><G48/><T73/><D131/><U43/><E43/><V56/><F56/><W118/><G3/><T103/><D73/><U133/><E133/><V45/><F45/><RYUUKYOKU ba="0,1" sc="363,-15,244,15,133,15,250,-15" hai1="8,10,19,22,84,91,94" hai2="12,17,23,24,25,78,80,82,83,86,93,96,100" owari="358,45.8,259,5.9,148,-35.2,235,-16.5" /></mjloggm>