<mjloggm ver="2.3"><GO type="225" lobby="0"/><UN n0="%E3%81%AA%E3%82%81%E3%81%93%E9%9B%80%E5%A3%AB" n1="%52%61%69%61%6E%2E" n2="%33%74%72%65%65" n3="%E3%82%A2%E3%83%A1%E3%82%A2%E3%83%A9%E3%83%AC" dan="16,16,16,16" rate="2051.45,2021.89,2152.61,2038.58" sx="M,M,F,M"/><TAIKYOKU oya="0"/><INIT seed="0,0,0,2,1,76" ten="250,250,250,250" oya="0" hai0="10,73,134,119,36,37,22,2,78,125,44,116,12" hai1="100,101,35,29,66,63,124,69,128,50,19,49,74" hai2="42,131,61,70,17,84,127,81,111,79,85,96,57" hai3="39,28,123,82,33,6,30,118,3,89,48,99,1"/><T24/><D2/><U40/><E74/><V26/><F111/><W122/><G39/><T72/><D72/><U62/><E128/><V109/><F109/><W8/><G1/><T55/><D125/><U114/><E124/><V65/><F127/><W126/><G126/><T11/><D11/><U95/><E114/><V121/><F121/><N who="3" m="46091" /><G118/><T18/><D134/><U90/><E29/><N who="3" m="11370" /><G33/><T98/><D37/><U38/><E35/><V97/><F131/><W58/><G99/><T60/><D98/><U16/><E38/><V45/><F84/><N who="3" m="50327" /><G48/><T106/><D106/><U86/><E62/><V68/><F97/><W13/><G3/><T132/><D132/><U105/><E50/><V64/><F96/><W4/><G58/><T21/><D36/><U135/><E135/><V52/><F68/><W7/><AGARI ba="0,0" hai="4,6,7,8,13" m="50327,11370,46091" machi="7" ten="30,2000,0" yaku="13,1,52,1" doraHai="76" who="3" fromWho="3" sc="250,-10,250,-5,250,-5,250,20" /><INIT seed="1,0,0,5,3,47" ten="240,245,245,270" oya="1" hai0="69,86,52,58,100,62,11,79,48,104,42,99,127" hai1="59,112,133,64,19,124,116,24,9,102,65,90,4" hai2="120,70,122,31,101,85,95,43,123,61,44,56,23" hai3="32,55,25,96,121,17,129,46,135,74,12,22,5"/><U98/><E112/><V93/><F70/><W7/><G121/><T118/><D118/><U2/><E116/><V78/><F31/><W126/><G74/><T8/><D127/><U77/><E77/><V117/><F117/><W27/><G135/><T63/><D42/><U67/><E124/><V14/><F101/><W97/><G129/><T80/><D69/><U13/><E133/><V88/><F78/><W37/><G37/><T84/><D84/><U68/><E68/><V29/><F95/><W72/><G72/><T81/><D81/><U91/><E24/><N who="3" m="9290" /><G32/><T114/><D114/><U34/><E34/><V30/><F23/><W82/><G82/><T10/><AGARI ba="0,0" hai="8,10,11,48,52,58,62,63,79,80,86,99,100,104" machi="10" ten="30,4000,0" yaku="0,1,52,1,54,1" doraHai="47" who="0" fromWho="0" sc="240,40,245,-20,245,-10,270,-10" /><INIT seed="2,0,0,0,4,97" ten="280,225,235,260" oya="2" hai0="45,23,30,100,48,108,21,103,114,58,11,15,8" hai1="33,47,36,57,131,129,119,54,5,91,17,88,16" hai2="87,56,52,107,133,46,99,0,29,65,10,130,71" hai3="19,123,62,22,14,26,64,113,70,126,50,110,34"/><V95/><F130/><N who="1" m="49673" /><E119/><V127/><F127/><W89/><G110/><T122/><D122/><U90/><E33/><V66/><F133/><W82/><G123/><T25/><D114/><U132/><E132/><V43/><F71/><W128/><G126/><T121/><D108/><U51/><E5/><V3/><F29/><W116/><G116/><T37/><D37/><U76/><E76/><V44/><F107/><W49/><G113/><T53/><D121/><U134/><E134/><V6/><F3/><W13/><G128/><T60/><D23/><U96/><E96/><V32/><F87/><W120/><G120/><T86/><D86/><U42/><AGARI ba="0,0" hai="16,17,36,42,47,51,54,57,88,90,91" m="49673" machi="42" ten="40,5200,0" yaku="19,1,54,2" doraHai="97" who="1" fromWho="1" sc="280,-13,225,52,235,-26,260,-13" /><INIT seed="3,0,0,0,2,52" ten="267,277,209,247" oya="3" hai0="122,28,63,54,83,127,89,56,87,20,44,13,133" hai1="98,111,53,14,76,3,55,73,47,35,61,117,78" hai2="37,45,79,135,125,24,93,75,58,114,40,4,82" hai3="86,97,74,113,59,34,131,33,77,130,0,11,124"/><W80/><G113/><T107/><D107/><U118/><E3/><V115/><F125/><W51/><G124/><T91/><D127/><U71/><E35/><V57/><F135/><W46/><G97/><T39/><D133/><U50/><E111/><V38/><F38/><W30/><G74/><T66/><D122/><U7/><E98/><V10/><F24/><W41/><G59/><N who="2" m="22537" /><F93/><W48/><G48/><N who="0" m="28935" /><D39/><U29/><E29/><V65/><F65/><W72/><G72/><T112/><D112/><U17/><E7/><V42/><F42/><W15/><G0/><AGARI ba="0,0" hai="0,4,10,37,40,45,75,79,82,114,115" m="22537" machi="0" ten="30,7700,0" yaku="25,1,52,3" doraHai="52" who="2" fromWho="3" sc="267,0,277,0,209,77,247,-77" /><INIT seed="4,0,0,5,2,54" ten="267,277,286,170" oya="0" hai0="117,47,60,83,57,44,19,42,16,114,62,63,75" hai1="48,22,108,61,37,113,46,100,99,127,80,135,77" hai2="115,97,64,120,49,43,123,15,59,81,125,38,65" hai3="5,95,3,124,122,128,94,79,106,66,71,92,18"/><T85/><D75/><U72/><E127/><V112/><F125/><W73/><G124/><T78/><D117/><U96/><E108/><V101/><F38/><W41/><G106/><T9/><D114/><N who="2" m="43562" /><F81/><W68/><G128/><T58/><D9/><U25/><E113/><V40/><F15/><W121/><G41/><N who="2" m="15945" /><F97/><W34/><G34/><T104/><D104/><U52/><E37/><V134/><F101/><W24/><G79/><T91/><D78/><U126/><E126/><V129/><F129/><W67/><G73/><T105/><D105/><U14/><E135/><V17/><F17/><N who="0" m="6730" /><D47/><U1/><E1/><V12/><F12/><W82/><G82/><T93/><D83/><U118/><E118/><V102/><F102/><W0/><G5/><T30/><D30/><U28/><E100/><V69/><F134/><W20/><G3/><T51/><AGARI ba="0,0" hai="42,44,51,57,58,60,62,63,85,91,93" m="6730" machi="51" ten="30,11700,0" yaku="8,1,52,2,54,1" doraHai="54" who="0" fromWho="0" sc="267,117,277,-39,286,-39,170,-39" owari="384,48.4,238,-16.2,247,4.7,131,-36.9" /></mjloggm>