<mjloggm ver="2.3"><GO type="225" lobby="0"/><UN n0="%E6%B4%BE%E9%81%A3%E3%81%AE%E3%82%B8%E3%83%A3%E3%83%83%E3%82%AF" n1="%E3%81%BF%E3%82%84%E3%81%93%E3%82%93%EF%BC%91%EF%BC%90%E6%AD%B3" n2="%E3%81%86%E3%83%BC%E3%81%B1%E3%83%BC" n3="%E5%8D%A0%E3%81%84%E5%B8%AB%E8%A3%8F%E3%81%AA%E3%81%84%E3%81%97" dan="17,16,17,16" rate="2222.45,2053.67,2166.87,2125.93" sx="M,M,F,M"/><TAIKYOKU oya="0"/><INIT seed="0,0,0,4,5,69" ten="250,250,250,250" oya="0" hai0="55,29,46,109,95,129,79,10,51,78,93,21,22" hai1="110,75,85,6,86,57,61,127,104,8,30,92,103" hai2="42,1,76,45,134,62,89,112,19,11,49,128,113" hai3="80,47,106,81,107,72,17,48,44,115,37,94,84"/><T71/><D71/><U83/><E110/><V24/><F134/><W77/><G115/><T32/><D32/><U31/><E127/><V18/><F128/><W12/><G94/><N who="0" m="35851" /><D129/><U117/><E104/><V74/><F89/><W99/><G99/><T121/><D121/><U118/><E75/><V102/><F102/><W4/><G47/><T26/><D109/><U135/><E135/><V33/><F62/><W53/><G4/><T70/><D70/><U101/><E118/><V5/><F33/><W114/><G114/><T43/><D21/><U40/><E40/><V73/><F73/><W54/><G54/><T105/><D105/><U59/><E117/><V91/><F91/><W120/><G120/><T116/><D116/><U96/><E103/><V98/><F98/><W36/><G107/><T122/><D122/><U65/><E59/><V15/><F24/><W130/><G106/><T27/><D27/><U7/><E86/><V123/><F123/><W0/><G0/><T50/><D10/><U100/><E100/><V28/><F28/><N who="1" m="10793" /><E8/><V14/><F112/><W125/><G125/><T87/><D87/><U66/><E66/><V25/><F113/><W132/><G132/><T9/><D9/><U90/><AGARI ba="0,0" hai="6,7,57,61,65,83,85,90,92,96,101" m="10793" machi="90" ten="30,1100,0" yaku="8,1" doraHai="69" who="1" fromWho="1" sc="250,-5,250,11,250,-3,250,-3" /><INIT seed="1,0,0,5,3,109" ten="245,261,247,247" oya="1" hai0="85,21,101,4,45,43,36,18,129,31,76,22,133" hai1="24,66,3,103,51,123,17,117,5,72,32,125,77" hai2="111,29,58,39,28,33,49,132,81,131,53,44,99" hai3="96,89,86,106,102,56,47,35,27,40,75,19,83"/><U110/><E123/><V104/><F33/><W112/><G56/><T90/><D133/><U7/><E117/><V78/><F132/><W23/><G35/><T119/><D119/><U65/><E110/><V69/><F69/><W130/><G130/><T2/><D129/><U126/><E103/><V100/><F111/><W108/><G108/><T135/><D135/><U74/><E51/><V30/><F131/><W34/><G34/><T37/><D101/><U60/><E17/><V118/><F118/><W57/><G57/><T14/><D76/><U128/><E128/><V98/><F99/><W113/><REACH who="3" step="1"/><G75/><REACH who="3" ten="245,261,247,237" step="2"/><T9/><D31/><N who="1" m="19559" /><E74/><V134/><F134/><W73/><G73/><T116/><D116/><U115/><E66/><V42/><F30/><W92/><G92/><T121/><D121/><U124/><E3/><V71/><F71/><W38/><AGARI ba="0,1" hai="19,23,27,38,40,47,83,86,89,96,102,106,112,113" machi="38" ten="20,8000,1" yaku="1,1,0,1,7,1,52,2,53,0" doraHai="109" doraHaiUra="122" who="3" fromWho="3" sc="245,-20,261,-40,247,-20,237,90" /><INIT seed="2,0,0,1,0,63" ten="225,221,227,327" oya="2" hai0="54,125,118,13,132,17,98,104,5,0,36,67,34" hai1="31,42,51,57,72,121,38,113,28,18,61,88,55" hai2="112,133,76,93,59,68,20,109,39,7,108,65,58" hai3="77,111,89,12,71,80,53,124,21,60,56,40,75"/><V78/><F112/><W64/><G124/><T83/><D36/><U115/><E72/><V117/><F117/><W131/><G111/><N who="2" m="42569" /><F133/><W22/><G131/><T79/><D34/><U1/><E1/><V2/><F39/><W69/><G69/><T102/><D125/><U14/><E121/><V30/><F93/><W32/><G32/><T92/><D132/><U74/><E74/><V50/><F7/><W129/><G129/><T16/><D118/><U27/><E38/><V35/><F2/><W120/><G40/><T99/><D54/><U127/><E127/><V24/><F35/><W84/><G12/><T86/><D0/><U116/><E116/><V23/><F20/><W134/><G120/><T85/><D67/><U37/><E37/><V94/><F94/><W95/><G134/><T100/><REACH who="0" step="1"/><D86/><REACH who="0" ten="215,221,227,327" step="2"/><U119/><E119/><V135/><F135/><W96/><G84/><T91/><D91/><U105/><E88/><V6/><F78/><W114/><G114/><T25/><D25/><U73/><E27/><V130/><F76/><W97/><G77/><T15/><D15/><U45/><E115/><V103/><F130/><W3/><G3/><T33/><D33/><U122/><E113/><V41/><F103/><W52/><G89/><T90/><D90/><U110/><E110/><V62/><F6/><W128/><G128/><T106/><D106/><U126/><E122/><V11/><F11/><AGARI ba="0,1" hai="5,11,13,16,17,79,83,85,92,98,99,100,102,104" machi="11" ten="40,2600,0" yaku="1,1,54,1,53,0" doraHai="63" doraHaiUra="70" who="0" fromWho="2" sc="215,36,221,0,227,-26,327,0" /><INIT seed="3,0,0,1,4,7" ten="251,221,201,327" oya="3" hai0="35,40,2,13,38,73,135,110,18,28,36,10,45" hai1="121,50,16,72,66,24,54,94,97,34,30,91,48" hai2="105,88,59,52,111,21,4,133,90,69,22,93,102" hai3="65,87,106,44,98,82,89,23,116,84,46,37,58"/><W130/><G116/><T5/><D73/><U83/><E121/><V11/><F69/><W67/><G37/><T119/><D110/><U25/><E66/><V55/><F111/><W47/><G130/><T14/><D135/><U109/><E109/><V9/><F133/><W101/><G58/><T29/><D119/><U17/><E25/><V15/><F105/><W49/><G49/><T53/><D36/><U27/><E27/><V117/><F117/><W118/><G118/><T108/><D108/><U120/><E120/><V31/><F11/><W12/><G87/><T114/><D114/><U95/><E50/><V78/><F78/><W125/><G125/><T123/><D123/><U33/><E33/><V76/><F76/><W6/><G6/><T41/><D35/><U128/><E128/><V81/><F31/><W115/><G115/><T124/><D5/><U122/><E122/><V3/><F3/><W96/><G96/><T77/><D77/><U20/><E34/><V129/><F129/><W134/><G134/><T60/><D29/><U63/><E63/><N who="2" m="36327" /><F55/><W104/><G106/><T79/><D53/><U1/><E1/><V43/><F43/><W26/><G104/><T61/><D40/><U62/><E62/><V132/><F132/><W51/><G67/><T74/><D60/><U56/><E95/><V39/><F39/><W85/><G65/><T103/><D61/><U112/><E112/><V68/><F68/><W42/><G42/><T0/><D41/><U92/><E92/><V113/><F113/><W127/><G51/><T80/><D38/><U75/><E75/><RYUUKYOKU ba="0,0" sc="251,-10,221,30,201,-10,327,-10" hai1="16,17,20,24,30,48,54,56,72,83,91,94,97" owari="241,-15.9,251,5.1,191,-30.9,317,41.7" /></mjloggm>