<mjloggm ver="2.3"><GO type="225" lobby="0"/><UN n0="%45%6C%79%73%69%75%6D" n1="%E8%A8%88%E7%AE%97%E6%A9%9F%E8%87%AA%E7%84%B6" n2="%73%6C%69%63%6B%33%31%39" n3="%54%4F%52" dan="18,17,16,17" rate="2186.50,2187.85,2182.45,2261.19" sx="F,M,M,M"/><TAIKYOKU oya="0"/><INIT seed="0,0,0,4,5,41" ten="250,250,250,250" oya="0" hai0="83,130,91,68,92,105,38,44,118,70,74,99,133" hai1="101,58,30,132,134,121,111,32,42,123,94,114,69" hai2="59,119,47,80,67,108,19,17,127,77,21,124,126" hai3="16,120,53,15,10,90,87,40,109,117,25,13,71"/><T86/><D118/><U39/><E69/><V12/><F119/><W128/><G117/><T100/><D130/><U85/><E111/><V125/><N who="2" m="31744" /><DORA hai="45" /><V107/><F107/><W113/><G113/><T88/><D133/><N who="1" m="51307" /><E114/><V37/><F108/><W131/><G109/><T65/><D65/><U106/><E106/><V14/><F37/><W20/><G71/><T112/><D112/><U57/><E30/><V122/><F122/><N who="1" m="46601" /><E32/><V116/><F116/><W27/><G120/><T29/><D29/><U73/><E73/><V46/><F59/><N who="1" m="22537" /><E85/><N who="2" m="48271" /><F67/><W1/><G128/><T110/><D110/><U97/><E42/><V3/><F3/><W95/><G40/><N who="0" m="22551" /><D91/><U9/><E39/><V8/><AGARI ba="0,0" hai="8,12,14,17,19,21,46,47" m="48271,31744" machi="8" ten="60,7900,0" yaku="18,1,52,2" doraHai="41,45" who="2" fromWho="2" sc="250,-39,250,-20,250,79,250,-20" /><INIT seed="1,0,0,1,2,108" ten="211,230,329,230" oya="1" hai0="8,76,31,72,104,85,28,135,27,93,56,25,41" hai1="120,71,67,92,29,53,105,68,95,113,83,87,9" hai2="70,51,126,125,35,79,0,98,75,23,117,107,122" hai3="74,62,36,21,54,86,4,129,123,1,133,127,89"/><U50/><E120/><V22/><F35/><W38/><G123/><T134/><D104/><U82/><E105/><V84/><F0/><W88/><G74/><T131/><D131/><U59/><E29/><V16/><F122/><W96/><G129/><T7/><D72/><U60/><E68/><V39/><F39/><W57/><G133/><N who="0" m="50699" /><D41/><U26/><E26/><N who="0" m="9737" /><D56/><U99/><E113/><V101/><F70/><W112/><G112/><T3/><D76/><U119/><E119/><V121/><F121/><W65/><G127/><T48/><D48/><U14/><E99/><V106/><F106/><W19/><G38/><T69/><D69/><U52/><E53/><V102/><F75/><W81/><G36/><T37/><D37/><U64/><E64/><V18/><F51/><W97/><G65/><T94/><D85/><U42/><E42/><V15/><F117/><W47/><G47/><T58/><D58/><U111/><E111/><V73/><F73/><W11/><REACH who="3" step="1"/><G89/><REACH who="3" ten="211,230,329,220" step="2"/><T44/><D44/><N who="1" m="27719" /><E71/><V110/><F110/><W2/><G2/><T34/><D34/><U17/><E87/><V91/><F126/><W33/><G33/><T80/><D3/><U13/><E13/><AGARI ba="0,1" hai="1,4,11,13,19,21,54,57,62,81,86,88,96,97" machi="13" ten="30,7700,0" yaku="1,1,7,1,54,1,53,1" doraHai="108" doraHaiUra="5" who="3" fromWho="1" sc="211,0,230,-77,329,0,220,87" /><INIT seed="2,0,0,5,0,133" ten="211,153,329,307" oya="2" hai0="130,7,121,74,48,131,14,9,76,107,22,11,134" hai1="108,39,127,90,6,113,78,4,37,41,83,58,71" hai2="103,98,115,32,86,85,93,40,51,109,116,12,111" hai3="54,124,97,28,82,72,69,123,45,112,13,33,122"/><V120/><F32/><W89/><G69/><T21/><D107/><U55/><E113/><V34/><F34/><W24/><G112/><T119/><D76/><U81/><E71/><V10/><F115/><W110/><G110/><N who="2" m="41993" /><F116/><W30/><G30/><T68/><D68/><U35/><E108/><V20/><F20/><N who="0" m="7786" /><D74/><U87/><E35/><V36/><F36/><W63/><G13/><N who="0" m="5311" /><D48/><U117/><E117/><V132/><F132/><W96/><G96/><T8/><D134/><U50/><E37/><V3/><F3/><W135/><G135/><T105/><D105/><U64/><E64/><V49/><F120/><W1/><G1/><T19/><D121/><U38/><E39/><V44/><F51/><W84/><G72/><T129/><D8/><U61/><E38/><V80/><F80/><W42/><G42/><T5/><D119/><U91/><E127/><V2/><F2/><W125/><G97/><T95/><D95/><U60/><E78/><V43/><F43/><W101/><G101/><T77/><D77/><U66/><E41/><V0/><F0/><W128/><G123/><T31/><D31/><U29/><E29/><V53/><F40/><W106/><G106/><T94/><D94/><U23/><E23/><V47/><F47/><W70/><G122/><T114/><D114/><U73/><E73/><V15/><F15/><W126/><G45/><T75/><D75/><U52/><E50/><V118/><F118/><W17/><G33/><T92/><D92/><U59/><E66/><V46/><F46/><W25/><G82/><T104/><D104/><U88/><E81/><RYUUKYOKU ba="0,0" sc="211,10,153,10,329,10,307,-30" hai0="5,11,14,19,129,130,131" hai1="4,6,52,55,58,59,60,61,83,87,88,90,91" hai2="10,12,44,49,53,85,86,93,98,103" /><INIT seed="2,1,0,3,0,74" ten="221,163,339,277" oya="2" hai0="23,19,97,124,24,105,4,38,7,16,9,122,108" hai1="135,77,10,40,73,80,132,94,123,6,27,131,14" hai2="120,118,130,63,86,106,18,92,119,101,71,8,114" hai3="107,115,78,111,43,102,75,21,81,113,0,17,25"/><V32/><F114/><N who="3" m="43531" /><G111/><T47/><D122/><U99/><E131/><V35/><F120/><W70/><G70/><T1/><D108/><U89/><E123/><V98/><F130/><W57/><G0/><T11/><D124/><U82/><E40/><V39/><F39/><W76/><G43/><T30/><D47/><U104/><E104/><V58/><F18/><W41/><G41/><T13/><D38/><U125/><E125/><V79/><F8/><W84/><G57/><T60/><D60/><U112/><E112/><V5/><F5/><N who="0" m="2122" /><D97/><U46/><E46/><V91/><F71/><W110/><G110/><T66/><D66/><U44/><E44/><V87/><F32/><W28/><G28/><T50/><D50/><U90/><REACH who="1" step="1"/><E27/><REACH who="1" ten="221,153,339,277" step="2"/><V49/><F106/><W53/><G107/><T88/><D105/><U12/><E12/><V54/><F118/><W69/><G25/><T134/><D1/><U56/><E56/><V2/><F58/><W72/><G69/><T117/><D117/><U116/><E116/><V67/><F2/><W83/><G72/><T37/><D37/><U68/><E68/><V133/><F119/><W100/><G53/><T65/><D65/><U129/><E129/><V20/><F54/><W64/><G64/><T121/><D121/><U127/><E127/><V3/><F67/><W33/><G33/><T61/><D24/><U95/><E95/><V62/><F92/><W45/><G45/><T36/><D36/><U93/><E93/><V22/><F35/><W29/><G75/><T34/><D34/><U31/><E31/><V48/><F3/><RYUUKYOKU ba="1,1" sc="221,-10,153,30,339,-10,277,-10" hai1="6,10,14,73,77,80,82,89,90,94,99,132,135" /><INIT seed="3,2,1,3,5,45" ten="211,183,329,267" oya="3" hai0="50,17,58,5,110,49,71,133,12,122,36,103,43" hai1="18,106,87,70,117,129,39,109,114,6,4,63,118" hai2="127,84,11,72,51,124,76,19,79,111,85,128,126" hai3="104,82,75,8,56,134,99,132,73,15,9,41,33"/><W100/><G33/><T102/><D122/><U81/><E114/><V35/><F111/><W60/><G41/><T30/><D71/><U0/><E39/><V66/><F128/><W97/><G97/><T37/><D110/><U130/><E106/><V55/><F35/><W53/><G8/><T64/><D133/><N who="3" m="51305" /><G82/><T94/><D30/><U98/><E109/><V21/><F66/><W135/><G135/><T40/><D5/><AGARI ba="2,1" hai="5,9,15,53,56,60,73,75,99,100,104" m="51305" machi="5" ten="30,1500,0" yaku="20,1" doraHai="45" who="3" fromWho="0" sc="211,-21,183,0,329,0,267,31" /><INIT seed="3,3,0,4,0,113" ten="190,183,329,298" oya="3" hai0="126,122,93,36,67,118,13,117,54,38,90,53,26" hai1="85,40,114,116,108,41,103,62,133,66,47,81,94" hai2="9,21,3,111,52,57,69,101,37,11,6,51,2" hai3="124,33,61,12,70,107,127,98,27,84,7,10,45"/><W99/><G84/><T14/><D122/><U86/><E114/><V83/><F37/><W15/><G15/><T63/><D26/><U34/><E34/><V89/><F69/><W105/><G45/><T43/><D13/><U109/><E133/><V71/><F71/><W74/><G74/><T0/><D14/><U128/><E128/><V60/><F111/><N who="1" m="42569" /><E116/><N who="0" m="44649" /><D0/><U135/><E135/><V49/><F101/><W82/><G82/><T78/><D78/><N who="1" m="46263" /><E47/><V20/><F2/><W16/><G99/><T87/><D126/><N who="3" m="48169" /><G98/><T120/><D120/><U132/><E132/><V104/><F104/><N who="3" m="40011" /><G33/><T48/><D87/><U110/><N who="1" m="42577" /><U5/><DORA hai="39" /><E5/><V96/><F6/><W102/><G102/><T121/><D121/><U73/><E73/><V80/><F3/><W59/><G70/><N who="0" m="42367" /><D93/><U131/><E131/><V58/><F96/><W23/><G7/><T95/><D95/><U125/><E125/><V55/><F89/><W24/><G10/><T25/><D90/><N who="1" m="53591" /><E103/><V30/><F30/><W134/><G134/><T4/><D4/><U22/><E22/><V76/><F76/><W46/><G46/><N who="0" m="25695" /><D25/><U68/><AGARI ba="3,0" hai="40,41,62,66,68" m="53591,46263,42577" machi="68" ten="40,5200,0" yaku="14,1,52,2" doraHai="113,39" who="1" fromWho="1" sc="190,-16,183,61,329,-16,298,-29" owari="174,-32.6,244,-15.6,313,41.3,269,6.9" /></mjloggm>