<mjloggm ver="2.3"><GO type="225" lobby="0"/><UN n0="%E3%82%B8%E3%83%A3%E3%83%9E%E3%83%BC%E3%83%AB%E3%83%9E%E3%83%AC%E3%83%BC" n1="%E9%A2%A8%E3%81%A7%E9%B3%B4%E3%81%8F" n2="%E6%97%A5%E6%9B%9C%E6%97%A5%E3%82%88%E3%82%8A%E3%81%AE%E4%BD%BF%E8%80%85" n3="%E3%83%B4%E3%83%A0%EF%BC%99%E3%81%A6" dan="17,16,18,17" rate="2197.87,2147.25,2164.35,2194.45" sx="M,M,M,M"/><TAIKYOKU oya="0"/><INIT seed="0,0,0,2,5,43" ten="250,250,250,250" oya="0" hai0="58,4,98,79,61,57,37,122,103,70,23,50,108" hai1="75,86,8,11,116,119,44,115,68,62,49,113,18" hai2="92,114,65,81,107,133,69,129,40,48,32,42,33" hai3="83,26,97,39,85,13,27,134,2,77,78,30,36"/><T35/><D122/><U123/><E86/><V124/><F107/><W80/><G2/><T104/><D37/><U53/><E75/><V15/><F114/><N who="1" m="43529" /><E123/><V118/><F69/><W25/><G134/><T120/><D120/><U71/><E71/><V91/><F65/><W76/><G30/><T87/><D4/><U99/><E99/><V90/><F15/><W19/><G97/><T67/><D108/><U20/><E62/><V45/><F133/><W101/><G101/><T110/><D110/><U34/><E34/><V0/><F32/><W102/><G102/><T16/><D35/><U38/><E38/><V12/><F33/><W54/><G54/><T121/><D121/><U52/><E53/><V117/><F117/><N who="1" m="45129" /><E68/><V106/><F118/><W128/><G76/><T56/><D50/><U1/><E1/><V72/><F0/><W47/><G39/><T60/><D87/><U59/><E59/><V131/><F72/><W29/><G77/><T132/><D79/><U100/><E100/><V105/><F48/><W82/><G85/><T130/><D132/><U96/><E96/><V31/><F81/><W41/><G78/><T125/><D125/><U10/><E20/><V24/><F124/><W127/><G127/><T84/><D84/><U94/><E94/><V22/><F92/><W111/><G111/><T9/><D23/><U3/><E3/><V28/><F22/><N who="3" m="11631" /><G29/><T135/><D135/><U17/><AGARI ba="0,0" hai="8,10,11,17,18,44,49,52" m="45129,43529" machi="17" ten="40,5200,0" yaku="11,1,52,1,54,1" doraHai="43" who="1" fromWho="1" sc="250,-26,250,52,250,-13,250,-13" /><INIT seed="1,0,0,3,5,52" ten="224,302,237,237" oya="1" hai0="6,132,65,67,125,91,81,74,100,63,34,111,82" hai1="75,47,26,0,39,4,70,32,113,9,2,109,68" hai2="90,105,76,11,66,88,83,28,94,43,41,103,98" hai3="119,15,19,89,38,106,14,120,56,135,16,77,3"/><U114/><E0/><V44/><F28/><W102/><G120/><T129/><D34/><U62/><E75/><V24/><F24/><W101/><G3/><T22/><D111/><U23/><E109/><V85/><F66/><W116/><G38/><T25/><D129/><U40/><E23/><V57/><F57/><W99/><G77/><T8/><D132/><U46/><E46/><V45/><F11/><W64/><G135/><T123/><D125/><U127/><E127/><V18/><F18/><N who="3" m="6699" /><G89/><T61/><D100/><N who="3" m="38505" /><G99/><T71/><D74/><U30/><REACH who="1" step="1"/><E62/><REACH who="1" ten="224,292,237,237" step="2"/><V131/><F131/><W80/><G106/><T78/><D63/><U121/><E121/><V35/><F35/><W21/><G21/><T87/><D123/><U69/><AGARI ba="0,1" hai="2,4,9,26,30,32,39,40,47,68,69,70,113,114" machi="69" ten="30,11700,0" yaku="1,1,0,1,23,2,53,0" doraHai="52" doraHaiUra="55" who="1" fromWho="1" sc="224,-39,292,127,237,-39,237,-39" /><INIT seed="1,1,0,3,0,85" ten="185,419,198,198" oya="1" hai0="13,100,17,34,117,96,5,21,75,116,66,70,119" hai1="83,72,28,89,62,46,129,112,95,92,6,104,4" hai2="87,19,24,55,59,64,101,44,110,77,105,20,43" hai3="133,50,12,88,106,90,38,113,18,91,63,130,131"/><U109/><E104/><V57/><F110/><W134/><G113/><T128/><D128/><N who="3" m="49193" /><G38/><T29/><D5/><U127/><E129/><V76/><F105/><W81/><G106/><N who="0" m="63751" /><D75/><U126/><E112/><V42/><F101/><W10/><G63/><N who="0" m="40287" /><D119/><U93/><E109/><V11/><F64/><W52/><G81/><T124/><D124/><N who="1" m="47659" /><E28/><V97/><F97/><W3/><G3/><T115/><D115/><U39/><E62/><V32/><F32/><W120/><G120/><T61/><D61/><U36/><E72/><V65/><F65/><W26/><G26/><AGARI ba="1,0" hai="13,17,21,26,29,34,116,117" m="40287,63751" machi="26" ten="30,1000,0" yaku="25,1" doraHai="85" who="0" fromWho="3" sc="185,13,419,0,198,0,198,-13" /><INIT seed="2,0,0,0,4,120" ten="198,419,198,185" oya="2" hai0="61,45,3,22,34,72,118,25,103,52,53,78,29" hai1="75,130,96,134,8,83,41,94,110,81,15,49,23" hai2="27,98,21,79,5,46,69,125,10,0,67,127,126" hai3="115,95,129,112,1,36,111,66,104,19,2,121,117"/><V35/><F79/><W85/><G121/><T128/><D3/><U39/><E110/><V93/><F46/><W51/><G117/><T7/><D118/><U28/><E39/><V24/><F35/><W71/><G104/><T57/><D128/><U102/><E134/><V109/><F109/><W40/><G36/><T65/><D7/><U31/><E75/><V4/><F4/><W20/><G129/><T30/><D103/><U91/><E91/><N who="2" m="55615" /><F21/><W32/><G32/><T59/><D45/><N who="1" m="25775" /><E130/><V87/><F87/><W82/><G95/><T114/><D114/><N who="3" m="43561" /><G66/><T116/><D116/><U89/><E89/><V62/><AGARI ba="0,0" hai="0,5,10,24,27,62,67,69,125,126,127" m="55615" machi="62" ten="40,2100,0" yaku="18,1" doraHai="120" who="2" fromWho="2" sc="198,-7,419,-7,198,21,185,-7" /><INIT seed="2,1,0,5,0,81" ten="191,412,219,178" oya="2" hai0="38,111,39,128,4,16,64,74,131,83,20,33,49" hai1="21,66,60,97,73,133,43,78,69,63,101,82,50" hai2="80,100,54,67,109,24,117,56,19,72,123,6,55" hai3="41,121,17,53,68,70,32,135,58,51,92,14,99"/><V110/><F117/><W29/><G135/><T94/><D33/><U23/><E133/><V124/><F123/><W46/><G121/><T11/><D111/><N who="2" m="42506" /><F124/><W8/><G32/><T27/><D64/><U44/><REACH who="1" step="1"/><E63/><REACH who="1" ten="191,402,219,178" step="2"/><N who="2" m="38375" /><F6/><W132/><G132/><T108/><D4/><U42/><E42/><V96/><F72/><W77/><G29/><T90/><D108/><U3/><E3/><V118/><F118/><W116/><G116/><T7/><D74/><U75/><E75/><V34/><F80/><W93/><G93/><AGARI ba="1,1" hai="21,23,43,44,50,60,66,69,73,78,82,93,97,101" machi="93" ten="30,2000,0" yaku="1,1,7,1,53,0" doraHai="81" doraHaiUra="87" who="1" fromWho="3" sc="191,0,402,33,219,0,178,-23" /><INIT seed="3,0,0,1,5,32" ten="191,435,219,155" oya="3" hai0="115,120,73,3,96,116,0,13,40,79,125,36,29" hai1="106,86,6,67,51,57,80,55,97,111,82,5,91" hai2="87,47,63,85,61,38,8,39,14,18,16,95,60" hai3="17,1,103,10,78,50,19,44,22,58,105,37,129"/><W69/><G69/><T26/><D116/><U121/><E121/><V113/><F113/><W83/><G129/><T72/><D120/><U20/><E111/><V42/><F39/><W43/><G103/><T46/><D115/><U92/><E67/><V30/><F30/><W101/><G101/><T41/><D13/><U9/><E5/><V65/><F65/><W62/><G105/><T99/><D125/><U34/><E34/><V126/><F126/><W23/><G50/><T7/><D41/><U70/><E70/><V25/><F95/><W127/><G127/><T54/><D54/><U102/><E20/><V118/><F118/><W94/><G94/><T88/><D88/><U75/><E75/><V133/><F133/><W131/><G131/><T33/><D0/><AGARI ba="0,0" hai="0,6,9,51,55,57,80,82,86,91,92,97,102,106" machi="0" ten="30,2000,0" yaku="7,1,52,1" doraHai="32" who="1" fromWho="0" sc="191,-20,435,20,219,0,155,0" owari="171,-22.9,455,55.5,219,1.9,155,-34.5" /></mjloggm>