<mjloggm ver="2.3"><GO type="225" lobby="0"/><UN n0="%E3%83%AD%E3%83%83%E3%83%86%E9%9B%80%E7%90%83" n1="%E3%81%A6%E3%81%A4%EF%BC%A3" n2="%73%6C%69%63%6B%33%31%39" n3="%E3%81%B2%E3%81%AA%E3%81%AE%E3%82%8A%E3%81%8F" dan="17,16,16,16" rate="2208.13,2061.80,2166.53,2195.44" sx="M,M,M,M"/><TAIKYOKU oya="0"/><INIT seed="0,0,0,1,3,129" ten="250,250,250,250" oya="0" hai0="71,49,28,36,98,47,133,24,82,34,5,38,96" hai1="99,113,73,69,19,112,75,59,39,0,115,124,119" hai2="118,103,26,64,70,35,102,89,107,6,48,8,72" hai3="13,125,63,43,55,130,42,4,100,22,54,120,94"/><T17/><D71/><U74/><E119/><V14/><F72/><W11/><G130/><T12/><D5/><U122/><E69/><V18/><F118/><W50/><G120/><T16/><D133/><U51/><E122/><V27/><F27/><W31/><G125/><T37/><D82/><U32/><E124/><V127/><F127/><W117/><G117/><T83/><D83/><U85/><E85/><V53/><F89/><W60/><G31/><T116/><D116/><U93/><E39/><V67/><F107/><W111/><G22/><T65/><D65/><N who="2" m="25162" /><F35/><W10/><G111/><T23/><REACH who="0" step="1"/><D17/><REACH who="0" ten="240,250,250,250" step="2"/><U56/><E19/><V86/><F18/><W109/><G4/><T61/><D61/><U135/><E135/><V128/><F128/><W62/><G62/><T108/><D108/><U126/><E126/><V41/><F70/><W97/><G63/><T9/><D9/><U132/><E132/><V88/><F8/><W2/><G11/><T30/><D30/><U57/><E0/><V40/><F6/><W78/><G2/><T68/><D68/><U114/><E113/><V84/><F40/><AGARI ba="0,1" hai="12,16,23,24,28,34,36,37,38,40,47,49,96,98" machi="40" ten="40,12000,1" yaku="1,1,54,1,53,2" doraHai="129" doraHaiUra="92" who="0" fromWho="2" sc="240,130,250,0,250,-120,250,0" /><INIT seed="0,1,0,1,2,10" ten="370,250,130,250" oya="0" hai0="134,13,32,48,113,104,71,51,5,78,81,100,63" hai1="56,55,127,9,102,117,99,31,41,64,85,92,26" hai2="24,93,49,52,76,106,121,129,2,36,66,42,3" hai3="65,28,114,29,18,110,57,103,95,47,101,16,75"/><T19/><D113/><U53/><E117/><V108/><F121/><W0/><G75/><T20/><D134/><U58/><E127/><V105/><F129/><W1/><G114/><T7/><D32/><U40/><E85/><V86/><F108/><W130/><G110/><T70/><D104/><U46/><E9/><V83/><F66/><W82/><G82/><T74/><D100/><U115/><E115/><V109/><F109/><W35/><G47/><T90/><D90/><U15/><E15/><V131/><F131/><W98/><G130/><T125/><D125/><U60/><E56/><V79/><F79/><W123/><G123/><T22/><D22/><N who="1" m="15831" /><E40/><V27/><F105/><W21/><G101/><T11/><D5/><U67/><E64/><V89/><F106/><W39/><G39/><AGARI ba="1,0" hai="39,41,46,53,55,58,60,67,92,99,102" m="15831" machi="39" ten="30,1000,0" yaku="25,1" doraHai="10" who="1" fromWho="3" sc="370,0,250,13,130,0,250,-13" /><INIT seed="1,0,0,2,3,7" ten="370,263,130,237" oya="1" hai0="69,23,114,119,109,8,124,46,81,86,62,75,67" hai1="6,47,43,106,3,111,31,91,132,35,22,2,32" hai2="110,99,129,127,11,51,82,45,84,128,37,87,94" hai3="52,58,134,13,56,80,93,34,112,15,55,107,59"/><U1/><E106/><V29/><F110/><W89/><G107/><T125/><D114/><U70/><E70/><V113/><F113/><W48/><G112/><T60/><D119/><U101/><E101/><V126/><F37/><W76/><G34/><T97/><D75/><U104/><E104/><V63/><F29/><W74/><G134/><T83/><D109/><U61/><E111/><V66/><F51/><W40/><G40/><T120/><D97/><U72/><E72/><V118/><F45/><W17/><G55/><T123/><D23/><U26/><E132/><V105/><F105/><W30/><G30/><T133/><D133/><U49/><E6/><V100/><F118/><W117/><G15/><T90/><D46/><U5/><E5/><V98/><F11/><W79/><G79/><T65/><D8/><U28/><E28/><V92/><F63/><W130/><G130/><N who="2" m="50281" /><F66/><W38/><G38/><T53/><D53/><U50/><E61/><V121/><F121/><N who="0" m="46666" /><D83/><U54/><REACH who="1" step="1"/><E91/><REACH who="1" ten="370,253,130,237" step="2"/><N who="2" m="55583" /><F82/><W36/><G117/><T78/><D90/><U19/><E19/><V95/><F95/><W122/><G122/><T18/><D18/><U12/><E12/><V21/><F21/><W39/><G13/><T96/><D62/><U0/><N who="1" m="0" /><DORA hai="131" /><U27/><E27/><V103/><F103/><W71/><G17/><T77/><D60/><U42/><E42/><V44/><F44/><AGARI ba="0,1" hai="22,26,31,32,35,43,44,47,49,50,54" m="0" machi="44" ten="70,12000,1" yaku="1,1,53,4" doraHai="7,131" doraHaiUra="135,33" who="1" fromWho="2" sc="370,0,253,130,130,-120,237,0" /><INIT seed="1,1,0,0,4,85" ten="370,383,10,237" oya="1" hai0="16,52,5,83,33,128,50,59,6,29,25,135,42" hai1="12,93,99,7,36,120,72,40,122,30,92,110,130" hai2="96,82,133,66,107,67,69,19,124,87,131,78,57" hai3="129,10,41,47,43,46,71,68,103,2,100,75,61"/><U1/><E130/><V86/><F69/><W63/><G75/><T77/><D128/><U119/><E119/><V115/><F131/><W81/><G129/><T98/><D135/><U62/><E1/><V56/><F133/><W64/><G81/><T17/><D42/><U18/><E72/><V53/><F124/><W90/><G10/><T134/><D134/><U132/><E132/><V55/><F115/><W13/><G13/><T20/><D98/><U54/><E7/><N who="0" m="2569" /><D33/><U80/><E80/><V60/><F107/><W113/><G113/><T76/><D83/><U97/><E30/><V118/><F118/><W37/><G2/><T21/><D17/><U44/><E110/><V27/><F87/><W65/><REACH who="3" step="1"/><G90/><REACH who="3" ten="370,383,10,227" step="2"/><T116/><D116/><U111/><E111/><V125/><F125/><W0/><G0/><T32/><D32/><U31/><E122/><V84/><F84/><W24/><G24/><AGARI ba="1,1" hai="16,20,21,24,25,29,50,52,59,76,77" m="2569" machi="24" ten="30,3900,0" yaku="8,1,54,2" doraHai="85" who="0" fromWho="3" sc="370,52,383,0,10,0,227,-42" /><INIT seed="2,0,0,2,5,120" ten="422,383,10,185" oya="2" hai0="124,65,112,31,83,85,5,27,113,32,68,56,78" hai1="129,18,95,58,43,128,87,21,132,103,135,8,53" hai2="89,127,110,116,97,13,107,71,74,118,60,111,9" hai3="25,48,26,64,80,47,133,77,35,119,92,125,6"/><V93/><F74/><W38/><G119/><T108/><D108/><N who="2" m="41514" /><F127/><W57/><G38/><T54/><D124/><U109/><E109/><V23/><F107/><W99/><G6/><T62/><REACH who="0" step="1"/><D5/><REACH who="0" ten="412,383,10,185" step="2"/><U94/><E128/><V114/><F114/><W37/><G125/><T51/><AGARI ba="0,1" hai="27,31,32,51,54,56,62,65,68,78,83,85,112,113" machi="51" ten="20,5200,0" yaku="1,1,2,1,0,1,7,1,53,0" doraHai="120" doraHaiUra="91" who="0" fromWho="0" sc="412,62,383,-13,10,-26,185,-13" owari="474,57.4,370,17.0,-16,-51.6,172,-22.8" /></mjloggm>