<mjloggm ver="2.3"><GO type="225" lobby="0"/><UN n0="%E3%81%BF%E3%81%BF%E3%81%9A" n1="%E3%81%8B%E3%82%8F%E3%81%A1%E3%82%83%E3%82%93%35%38" n2="%6D%75%75%6D%75%72%61" n3="%E5%86%B7%E5%87%8D%E3%82%AE%E3%83%A7%E3%83%BC%E3%82%B6" dan="16,17,17,16" rate="2136.97,2146.14,2197.18,2137.87" sx="M,M,F,M"/><TAIKYOKU oya="0"/><INIT seed="0,0,0,0,5,73" ten="250,250,250,250" oya="0" hai0="54,21,5,113,80,1,97,43,133,76,63,19,67" hai1="121,52,134,93,77,6,112,122,3,115,10,114,15" hai2="123,111,79,87,56,130,102,110,44,59,75,132,62" hai3="30,47,101,2,107,16,82,68,41,74,89,64,117"/><T135/><D113/><U32/><E32/><V17/><F123/><W118/><G2/><T7/><D43/><U25/><E134/><N who="0" m="51209" /><D97/><U27/><E93/><V51/><F132/><W4/><G4/><T65/><D54/><U78/><E3/><V34/><F130/><W95/><G30/><T29/><D29/><U23/><E52/><N who="2" m="29799" /><F34/><W26/><G101/><T92/><D92/><U53/><E53/><V28/><F75/><W120/><G107/><T88/><D88/><U86/><E27/><V99/><F28/><W81/><G120/><N who="1" m="46186" /><E86/><V105/><F17/><AGARI ba="0,0" hai="6,10,15,17,23,25,77,78,112,114,115" m="46186" machi="17" ten="40,5200,0" yaku="11,1,52,2" doraHai="73" who="1" fromWho="2" sc="250,0,250,52,250,-52,250,0" /><INIT seed="1,0,0,0,1,110" ten="250,302,198,250" oya="1" hai0="19,120,54,87,1,17,0,55,22,88,49,13,125" hai1="119,91,104,7,102,106,32,108,56,47,33,29,38" hai2="15,132,53,26,115,74,98,45,68,133,122,18,30" hai3="66,61,95,129,114,123,99,89,50,16,4,80,73"/><U69/><E119/><V46/><F122/><W62/><G123/><T43/><D120/><U86/><E69/><V71/><F74/><W14/><G129/><T81/><D125/><U127/><E127/><V24/><F98/><W28/><G114/><T12/><D43/><U116/><E116/><V5/><F5/><W124/><G124/><T117/><D117/><U97/><E106/><V113/><F53/><W57/><G4/><T44/><REACH who="0" step="1"/><D55/><REACH who="0" ten="240,302,198,250" step="2"/><U41/><E108/><V34/><F71/><W121/><G121/><T84/><D84/><U52/><E29/><V83/><F68/><W6/><G28/><T111/><D111/><U85/><E85/><V101/><F30/><W65/><G73/><T23/><AGARI ba="0,1" hai="0,1,12,13,17,19,22,23,44,49,54,81,87,88" machi="23" ten="20,12000,2" yaku="1,1,0,1,7,1,9,1,54,1,53,1" doraHai="110" doraHaiUra="77" who="0" fromWho="0" sc="240,130,302,-60,198,-30,250,-30" /><INIT seed="2,0,0,2,0,104" ten="370,242,168,220" oya="2" hai0="40,41,96,106,12,77,39,93,88,22,68,35,27" hai1="49,21,90,97,34,66,74,94,107,15,135,130,122" hai2="16,64,10,36,3,11,79,125,26,23,0,17,128" hai3="42,9,72,120,115,132,8,81,25,20,99,85,32"/><V103/><F36/><W67/><G120/><T129/><D68/><U113/><E34/><V119/><F64/><W123/><G123/><T4/><D129/><U37/><E37/><V38/><F38/><W50/><G132/><T76/><D106/><U48/><E122/><V45/><F45/><W118/><G118/><T24/><D35/><U124/><E113/><V7/><F103/><W59/><G32/><T114/><D114/><U92/><E107/><V101/><F101/><W29/><G72/><T117/><D117/><U53/><E66/><V116/><F79/><N who="0" m="30282" /><D39/><U102/><E74/><V98/><F98/><W33/><G33/><T31/><D27/><U5/><E124/><V95/><F95/><W54/><G42/><T87/><D96/><U108/><E135/><V47/><F47/><W126/><G126/><T73/><D73/><U110/><E130/><V2/><F128/><W127/><G127/><T6/><D6/><U112/><E112/><V121/><F121/><W57/><G99/><T55/><D55/><U105/><E105/><V134/><F134/><W13/><G115/><T1/><D1/><N who="2" m="618" /><F125/><W58/><G67/><T89/><D89/><U84/><E53/><V80/><F80/><W86/><G86/><T56/><D56/><N who="3" m="21609" /><G13/><AGARI ba="0,0" hai="3,7,10,11,13,16,17,23,26,116,119" m="618" machi="13" ten="30,5800,0" yaku="34,2,54,1" doraHai="104" who="2" fromWho="3" sc="370,0,242,0,168,58,220,-58" /><INIT seed="2,1,0,4,0,96" ten="370,242,226,162" oya="2" hai0="125,69,91,7,48,127,67,12,113,83,18,56,65" hai1="43,20,53,13,51,15,102,128,107,1,29,50,33" hai2="49,41,10,79,131,19,2,62,134,47,124,76,9" hai3="0,35,120,126,123,66,36,72,104,75,3,90,39"/><V114/><F114/><W103/><G90/><T116/><D7/><U108/><E108/><V118/><F118/><W45/><G66/><T37/><D37/><N who="3" m="14409" /><G45/><T64/><D113/><U70/><E70/><V135/><F131/><W119/><G119/><T87/><D116/><U109/><E109/><V85/><F124/><N who="0" m="47690" /><D69/><U100/><E107/><V86/><F62/><W117/><G117/><T111/><D111/><U16/><E1/><N who="3" m="586" /><G126/><T130/><D130/><U98/><E128/><V68/><F68/><W42/><G42/><T129/><D129/><U88/><E33/><V28/><F28/><W115/><G35/><T8/><D48/><U46/><E29/><V14/><F9/><W52/><G52/><T32/><D32/><U11/><E88/><V71/><F2/><W106/><G115/><T22/><D8/><U132/><E98/><V84/><REACH who="2" step="1"/><F71/><REACH who="2" ten="370,242,216,162" step="2"/><W82/><G82/><T21/><D21/><U40/><E132/><AGARI ba="1,1" hai="10,14,19,41,47,49,76,79,84,85,86,132,134,135" machi="132" ten="40,7700,0" yaku="1,1,2,1,20,1,53,0" doraHai="96" doraHaiUra="23" who="2" fromWho="1" sc="370,0,242,-80,216,90,162,0" /><INIT seed="2,2,0,5,1,99" ten="370,162,306,162" oya="2" hai0="66,116,71,35,42,62,93,12,13,133,90,7,70" hai1="83,61,85,126,48,28,115,124,41,73,27,122,105" hai2="112,16,109,121,120,19,95,78,111,129,37,84,36" hai3="100,102,11,87,135,107,69,39,74,86,128,132,127"/><V108/><F112/><W114/><G69/><T21/><D35/><U53/><E115/><V5/><F5/><W134/><G114/><T55/><D133/><U131/><E73/><V34/><F34/><W51/><G39/><N who="2" m="14921" /><F129/><W25/><G128/><T68/><D42/><U118/><E118/><V72/><F72/><W40/><G74/><T3/><D116/><U104/><E131/><V18/><F95/><W49/><G132/><T96/><D55/><U32/><E61/><V20/><F20/><W0/><G25/><T2/><D13/><U60/><E60/><V123/><F84/><W22/><G22/><T47/><D47/><N who="1" m="27807" /><E41/><V130/><F130/><W94/><G40/><T29/><D29/><U103/><E103/><V125/><F125/><N who="1" m="48233" /><E122/><V97/><F97/><W38/><G127/><T77/><D77/><AGARI ba="2,0" hai="27,28,32,77,83,85,104,105" m="48233,27807" machi="77" ten="30,1000,0" yaku="18,1" doraHai="99" who="1" fromWho="0" sc="370,-16,162,16,306,0,162,0" /><AGARI ba="2,0" hai="16,18,19,77,78,108,109,111,120,121,123" m="14921" machi="77" ten="50,18000,2" yaku="29,2,28,2,14,1,10,1,54,1" doraHai="99" who="2" fromWho="0" sc="354,-180,178,0,306,180,162,0" /><INIT seed="2,3,0,3,5,12" ten="174,178,486,162" oya="2" hai0="28,72,126,52,122,105,134,68,54,1,129,91,123" hai1="60,131,61,82,73,26,22,117,81,115,80,51,66" hai2="20,50,113,33,108,124,83,6,38,21,75,0,25" hai3="95,93,103,58,39,49,35,104,32,18,24,43,8"/><V86/><F113/><W46/><G104/><T64/><D1/><U70/><E115/><V62/><F38/><W97/><G93/><T55/><D72/><U84/><E117/><V114/><F114/><W132/><G132/><T10/><D105/><U118/><E118/><V59/><F75/><W106/><G106/><T85/><D134/><U30/><E73/><V45/><F33/><W92/><G92/><T111/><D28/><U99/><E131/><V15/><F124/><W101/><G101/><T100/><D100/><U128/><E128/><V7/><F0/><W98/><G98/><T19/><D129/><U107/><E107/><V79/><F108/><W87/><G87/><T44/><D111/><U9/><E99/><V102/><F102/><W121/><G121/><T130/><D126/><U110/><E110/><V109/><F109/><W76/><G76/><T133/><D133/><U125/><E125/><V13/><F59/><W11/><G11/><T96/><D96/><U27/><E9/><V47/><F62/><W67/><G67/><T2/><D44/><N who="2" m="16970" /><F50/><W112/><G112/><T14/><D2/><U42/><E51/><V116/><F116/><W56/><G56/><T74/><D74/><U77/><E42/><V41/><F41/><W48/><G39/><T119/><D119/><U120/><E120/><N who="0" m="46121" /><D130/><U29/><E61/><V127/><F127/><W3/><G3/><T5/><D68/><U4/><E4/><N who="2" m="1579" /><F21/><AGARI ba="3,0" hai="21,22,26,27,29,30,60,66,70,77,80,81,82,84" machi="21" ten="30,2000,0" yaku="7,1,9,1" doraHai="12" who="1" fromWho="2" sc="174,0,178,29,486,-29,162,0" /><INIT seed="3,0,0,3,3,48" ten="174,207,457,162" oya="3" hai0="127,69,24,123,122,100,109,6,132,41,89,22,1" hai1="112,82,86,124,64,125,42,0,83,35,51,8,73" hai2="80,25,28,92,111,96,23,115,108,43,44,18,120" hai3="95,71,29,113,12,116,135,31,20,30,106,32,103"/><W98/><G113/><T66/><D100/><U87/><E35/><V107/><F115/><W81/><G116/><T119/><D119/><U110/><E112/><V79/><F107/><W62/><G135/><T55/><D41/><U54/><E73/><V131/><F120/><W10/><G81/><T52/><D89/><U11/><E110/><N who="2" m="42027" /><F131/><W74/><G74/><T4/><D109/><U14/><E64/><V40/><F28/><W61/><G32/><T68/><D132/><U91/><E42/><V75/><F44/><W57/><G71/><T34/><D34/><U76/><E0/><V63/><F63/><W5/><G106/><T13/><D13/><U101/><E101/><AGARI ba="0,0" hai="18,23,25,40,43,75,79,80,92,96,101" m="42027" machi="101" ten="30,1000,0" yaku="14,1" doraHai="48" who="2" fromWho="1" sc="174,0,207,-10,457,10,162,0" owari="174,-22.6,197,-0.3,467,56.7,162,-33.8" /></mjloggm>