<mjloggm ver="2.3"><GO type="225" lobby="0"/><UN n0="%E6%A0%B9%E5%85%83%E3%81%8B%E3%82%89%E5%90%B9%E3%81%A3%E9%A3%9B%E3%81%B6" n1="%66%67%67%68%68%64%66" n2="%E3%81%A1%E3%82%85%E3%81%86%E3%81%A9%E3%81%8F%E8%B1%A1%E3%81%95%E3%82%93" n3="%E6%9D%BE%E6%9C%AC%E5%81%A5%E7%94%B7" dan="16,16,17,16" rate="2162.30,2061.06,2192.59,2127.34" sx="F,M,M,M"/><TAIKYOKU oya="0"/><INIT seed="0,0,0,0,5,80" ten="250,250,250,250" oya="0" hai0="26,55,57,113,76,12,134,56,49,135,5,40,20" hai1="83,112,124,2,66,108,89,45,53,39,23,50,129" hai2="3,111,90,79,37,35,24,126,63,84,64,68,99" hai3="104,30,60,32,110,17,7,69,86,131,102,82,130"/><T21/><D113/><U75/><E2/><V128/><F3/><W122/><G110/><T27/><D40/><U119/><E119/><V121/><F121/><W114/><G114/><T93/><D76/><U42/><E112/><V117/><F117/><W67/><G122/><T4/><D12/><U59/><E108/><V19/><F111/><W36/><G36/><T6/><D93/><U95/><E129/><V33/><F128/><W71/><G71/><T96/><D96/><U31/><E124/><V8/><F126/><W41/><G41/><T77/><D77/><U52/><E75/><V48/><F37/><W133/><G17/><T132/><D49/><U94/><E66/><V105/><F48/><W78/><G7/><T13/><D13/><U81/><E95/><V106/><F79/><W46/><G46/><T29/><D55/><U1/><E1/><V118/><F118/><W25/><G133/><T15/><D15/><U120/><E53/><V125/><F125/><W88/><G78/><T14/><D14/><U11/><E11/><V107/><F99/><AGARI ba="0,0" hai="25,30,32,60,67,69,82,86,88,99,102,104,130,131" machi="99" ten="40,8000,1" yaku="25,2,52,1,54,1" doraHai="80" who="3" fromWho="2" sc="250,0,250,0,250,-80,250,80" /><INIT seed="1,0,0,2,1,39" ten="250,250,170,330" oya="1" hai0="77,96,128,59,49,83,129,88,99,108,90,36,111" hai1="41,103,80,112,25,20,126,21,66,68,119,95,86" hai2="35,43,13,94,28,106,133,125,69,132,19,87,58" hai3="84,131,115,110,124,102,29,64,63,45,123,42,22"/><U53/><E112/><V72/><F69/><W51/><G123/><T10/><D36/><U37/><E119/><V38/><F72/><W16/><G115/><T135/><D59/><U134/><E134/><N who="2" m="51819" /><F106/><W6/><G110/><N who="0" m="42027" /><D49/><U55/><E126/><V116/><F116/><W62/><G131/><N who="0" m="50251" /><D135/><U11/><E11/><N who="2" m="6591" /><F125/><W91/><G124/><T15/><D96/><U30/><E20/><V0/><F0/><W114/><G114/><T97/><D99/><U56/><E68/><V33/><F58/><W100/><G6/><N who="0" m="3543" /><D97/><U78/><E56/><V101/><F28/><W98/><G29/><T24/><D24/><U93/><E103/><N who="3" m="39466" /><G98/><T8/><D8/><U92/><REACH who="1" step="1"/><E66/><REACH who="1" ten="250,240,170,330" step="2"/><V52/><F101/><W34/><G64/><T85/><AGARI ba="0,1" hai="77,83,85,88,90" m="3543,50251,42027" machi="85" ten="30,4000,0" yaku="14,1,19,1,54,1" doraHai="39" who="0" fromWho="0" sc="250,50,240,-20,170,-10,330,-10" /><INIT seed="2,0,0,0,0,77" ten="300,220,160,320" oya="2" hai0="47,40,126,51,95,5,2,73,69,80,108,127,125" hai1="65,33,28,135,22,54,113,43,41,23,99,63,81" hai2="94,53,116,123,124,70,46,1,87,27,86,115,75" hai3="4,55,85,12,71,122,134,45,25,102,59,8,104"/><V19/><F123/><W118/><G122/><T111/><D69/><U49/><E113/><V52/><F116/><W37/><G118/><T15/><D2/><U42/><E135/><V103/><F115/><W44/><G134/><T72/><D95/><U0/><E0/><V11/><F75/><N who="0" m="28746" /><D80/><U67/><E99/><N who="2" m="59895" /><F70/><W90/><G71/><T114/><D114/><U106/><E106/><V109/><F1/><W10/><G25/><T93/><D93/><U32/><E67/><V131/><F131/><W20/><G20/><T26/><D26/><U17/><E28/><V31/><F124/><W38/><G38/><T117/><D117/><U30/><E30/><V24/><F109/><W14/><G37/><T61/><D61/><U132/><E132/><V66/><F66/><W96/><G85/><N who="2" m="32265" /><F31/><W39/><G90/><T68/><D68/><U62/><E65/><V74/><F74/><W88/><G88/><T13/><D5/><U16/><E41/><V57/><F46/><W133/><G39/><T60/><D60/><U76/><E76/><V92/><F92/><W78/><G78/><T91/><D91/><U29/><E29/><V84/><N who="2" m="32273" /><V100/><DORA hai="21" /><F100/><W97/><G133/><T107/><D107/><U9/><E54/><N who="2" m="21099" /><F57/><W128/><G97/><T101/><D101/><U112/><E112/><V130/><F130/><W58/><G128/><T79/><D79/><U36/><E36/><V7/><F7/><N who="3" m="3103" /><G59/><T89/><D89/><U35/><E35/><V64/><F64/><W34/><G34/><T18/><D18/><U48/><E9/><V121/><F121/><RYUUKYOKU ba="0,0" sc="300,0,220,0,160,0,320,0" hai0="13,15,40,47,51,108,111,125,126,127" hai1="16,17,22,23,32,33,42,43,48,49,62,63,81" hai2="11,19,24,27" hai3="4,10,14,44,45,55,58,96,102,104" /><INIT seed="2,1,0,4,4,81" ten="300,220,160,320" oya="2" hai0="0,112,51,14,109,63,124,123,78,103,18,92,2" hai1="132,54,101,9,129,26,23,68,87,80,50,37,69" hai2="65,83,30,20,86,72,71,39,104,34,27,121,25" hai3="4,66,93,16,117,96,98,105,114,53,64,60,58"/><V127/><F121/><W32/><G117/><T8/><D123/><U116/><E116/><V15/><F39/><W113/><G32/><T128/><D112/><N who="3" m="43113" /><G4/><T44/><D109/><U131/><E37/><V57/><F104/><W38/><G38/><T62/><D124/><U61/><E101/><V47/><F127/><W55/><G55/><T107/><D128/><N who="1" m="49227" /><E9/><V84/><F71/><W100/><G16/><T22/><D107/><U74/><E74/><V82/><F47/><W52/><G66/><T135/><D78/><N who="1" m="46487" /><E61/><N who="0" m="23049" /><D135/><U106/><E106/><V102/><F102/><AGARI ba="1,0" hai="52,53,58,60,64,93,96,98,100,102,105" m="43113" machi="102" ten="30,2000,0" yaku="11,1,54,1" doraHai="81" who="3" fromWho="2" sc="300,0,220,0,160,-23,320,23" /><INIT seed="3,0,0,5,2,21" ten="300,220,137,343" oya="3" hai0="87,31,36,20,37,5,94,62,67,120,9,73,63" hai1="112,64,0,106,75,45,53,33,91,17,135,46,49" hai2="7,114,35,11,98,29,18,96,47,80,126,50,82" hai3="79,3,72,76,24,78,52,1,71,59,95,43,23"/><W110/><G71/><T111/><D111/><U15/><E0/><V44/><F114/><W84/><G110/><T101/><D73/><U10/><E112/><V16/><F126/><W90/><G72/><T81/><D120/><U19/><E106/><V61/><F61/><W74/><G74/><T100/><D37/><U77/><E135/><V51/><F35/><W58/><G58/><T129/><D36/><U134/><E134/><V128/><F11/><W68/><G43/><T2/><D129/><U34/><E64/><V28/><REACH who="2" step="1"/><F7/><REACH who="2" ten="300,220,127,343" step="2"/><W40/><G68/><T83/><D63/><U117/><E34/><V86/><F86/><W125/><G125/><T104/><D87/><U38/><E33/><V13/><F13/><W131/><G131/><T132/><D132/><U25/><E15/><V27/><F27/><W115/><G115/><T89/><D104/><U69/><E25/><V70/><F70/><W65/><G1/><T118/><D62/><U32/><E75/><V122/><F122/><W48/><G3/><T102/><D67/><U97/><E69/><V14/><F14/><W30/><G65/><T109/><D5/><U56/><E32/><V41/><F41/><W66/><G40/><T4/><D9/><U123/><E10/><V93/><F93/><W99/><G66/><T92/><D94/><U55/><E123/><V113/><F113/><W107/><G107/><T133/><D92/><U127/><E127/><V124/><F124/><W103/><G84/><T6/><D4/><U54/><E117/><V39/><F39/><W116/><G116/><T22/><D2/><RYUUKYOKU ba="0,1" sc="300,-15,220,-15,127,15,343,15" hai2="16,18,28,29,44,47,50,51,80,82,96,98,128" hai3="23,24,30,48,52,59,76,78,79,90,95,99,103" owari="285,8.5,205,-19.5,142,-35.8,368,46.8" /></mjloggm>