<mjloggm ver="2.3"><GO type="225" lobby="0"/><UN n0="%53%61%63%68%69%30%34" n1="%E4%B8%AD%E5%B9%B4%E3%81%AE%E5%8D%B1%E6%A9%9F" n2="%E3%81%95%E3%81%8D%E3%81%9F%E3%81%BE%E6%9E%97%E6%AA%8E" n3="%E6%9C%AA%E6%9D%A5%E5%B0%91%E5%B9%B4" dan="16,17,16,16" rate="2077.60,2133.27,2088.92,2131.88" sx="M,M,M,M"/><TAIKYOKU oya="0"/><INIT seed="0,0,0,0,2,92" ten="250,250,250,250" oya="0" hai0="93,50,31,127,20,84,19,132,34,17,27,65,4" hai1="28,98,23,5,94,117,71,135,63,54,108,124,11" hai2="122,130,52,80,0,88,49,131,90,43,119,30,62" hai3="69,72,81,104,12,83,1,67,59,55,64,33,45"/><T133/><D65/><U99/><E117/><V3/><F122/><W73/><G1/><T113/><D50/><U109/><E124/><V38/><F38/><W100/><G33/><T129/><D113/><U82/><E135/><N who="0" m="51785" /><D84/><U128/><E128/><N who="2" m="49195" /><F119/><W123/><G123/><T36/><D36/><U134/><E134/><V42/><F30/><W78/><G69/><T125/><D129/><U48/><E82/><V15/><F15/><W76/><G45/><T89/><D4/><U47/><E94/><V120/><F120/><W21/><G104/><T57/><D57/><U96/><E71/><V85/><F90/><W24/><G100/><T115/><D115/><U126/><E126/><N who="0" m="48137" /><D93/><U16/><E63/><V101/><F62/><W9/><G12/><N who="0" m="9255" /><D89/><U112/><E112/><V22/><F101/><W111/><G64/><T53/><D53/><U29/><E109/><V68/><F68/><W107/><G111/><T86/><D86/><U44/><E44/><N who="2" m="27687" /><F43/><W14/><G107/><T77/><D77/><U51/><E51/><V121/><F121/><W26/><G67/><T95/><D95/><U70/><E108/><V39/><F39/><W2/><G76/><T91/><D91/><U41/><E41/><V75/><F42/><W105/><G105/><T32/><D19/><U106/><E106/><V40/><F40/><W103/><G103/><T7/><D7/><U13/><REACH who="1" step="1"/><E70/><REACH who="1" ten="250,240,250,250" step="2"/><V116/><F116/><W58/><G83/><T56/><D56/><U18/><E18/><V8/><F80/><W60/><G72/><T79/><D79/><U61/><E61/><V37/><F75/><RYUUKYOKU ba="0,1" sc="250,15,240,15,250,-15,250,-15" hai0="27,31,32,34" hai1="5,11,13,16,23,28,29,47,48,54,96,98,99" /><INIT seed="0,1,1,4,0,123" ten="265,255,235,235" oya="0" hai0="42,5,63,11,19,96,110,115,21,32,113,23,118" hai1="88,79,37,20,90,69,58,7,109,87,104,1,61" hai2="67,93,128,122,14,27,74,120,106,26,54,84,124" hai3="77,0,3,121,53,82,47,31,2,46,24,107,66"/><T83/><D118/><U28/><E37/><V18/><F74/><W73/><G121/><T16/><D32/><U57/><E104/><V100/><F106/><W126/><G107/><T6/><D96/><U81/><E69/><V89/><F122/><W116/><G116/><T80/><D63/><U103/><E103/><V62/><F120/><W111/><G126/><T17/><D42/><U39/><E39/><V29/><F124/><W135/><G135/><T34/><D34/><U70/><E70/><V97/><F128/><W119/><G119/><T131/><D19/><U78/><E109/><V95/><F54/><W50/><G66/><T33/><D33/><U71/><E71/><V51/><F51/><W41/><G111/><T40/><D40/><U65/><E58/><N who="2" m="37335" /><F29/><W133/><G133/><T30/><D110/><U59/><E57/><V13/><F13/><W134/><G134/><T98/><D30/><U4/><E79/><V114/><F114/><W105/><G105/><T72/><D72/><U36/><E36/><V68/><F68/><W45/><REACH who="3" step="1"/><G41/><REACH who="3" ten="265,255,235,225" step="2"/><T92/><D131/><U8/><REACH who="1" step="1"/><E7/><REACH who="1" ten="265,245,235,225" step="2"/><V129/><F129/><W86/><G86/><T64/><D5/><U56/><E56/><V49/><F49/><W43/><G43/><T35/><D6/><U112/><E112/><V85/><F85/><W52/><G52/><T125/><D115/><U12/><E12/><V91/><F91/><W94/><G94/><T99/><D92/><U108/><E108/><V10/><AGARI ba="1,3" hai="10,14,18,26,27,84,89,93,95,97,100" m="37335" machi="10" ten="30,1100,0" yaku="8,1" doraHai="123" who="2" fromWho="2" sc="265,-6,245,-4,235,44,225,-4" /><INIT seed="1,0,0,3,1,63" ten="259,241,279,221" oya="1" hai0="21,92,76,30,8,50,39,78,126,20,112,26,19" hai1="99,85,74,97,14,86,116,1,113,115,37,40,109" hai2="103,43,5,52,34,69,36,132,68,4,91,111,45" hai3="41,53,114,27,25,79,119,130,80,94,7,33,83"/><U62/><E1/><V127/><F111/><W16/><G114/><T88/><D39/><U47/><E74/><V106/><F34/><W31/><G130/><T29/><D112/><U6/><E116/><V3/><F132/><W131/><G131/><T73/><D126/><U57/><E109/><V55/><F127/><W54/><G119/><T104/><D104/><U67/><E115/><V59/><F55/><W9/><G41/><T17/><D73/><U121/><E121/><V90/><F103/><W15/><G94/><T125/><D8/><U128/><E128/><V22/><F106/><W117/><G117/><T89/><D125/><U81/><E113/><V102/><F102/><W135/><G135/><T72/><D72/><U38/><E38/><V48/><F5/><W42/><G42/><T61/><D61/><U44/><E44/><V71/><REACH who="2" step="1"/><F22/><REACH who="2" ten="259,241,269,221" step="2"/><W64/><G64/><T95/><D21/><U93/><E6/><V75/><F75/><W133/><G133/><T105/><D20/><U18/><E18/><V110/><F110/><W0/><G27/><T2/><D26/><U46/><E46/><V66/><F66/><W12/><G12/><T35/><D35/><U101/><E14/><V60/><F60/><W77/><G7/><T65/><D2/><U56/><E56/><V107/><F107/><W13/><G13/><T129/><D105/><N who="1" m="63663" /><E81/><N who="3" m="31306" /><G0/><T118/><D129/><U134/><E134/><V98/><F98/><W108/><G108/><T32/><D32/><U120/><E120/><V87/><F87/><N who="1" m="33289" /><E99/><V24/><F24/><W124/><G124/><T58/><D118/><RYUUKYOKU ba="0,1" sc="259,-30,241,10,269,10,221,10" hai1="37,40,47,57,62,67,93" hai2="3,4,36,43,45,48,52,59,68,69,71,90,91" hai3="9,15,16,25,31,33,53,54,77,79" /><INIT seed="1,1,1,3,4,43" ten="229,251,279,231" oya="1" hai0="115,52,79,38,92,116,71,16,51,86,94,6,42" hai1="70,98,25,132,57,76,24,126,56,75,32,28,134" hai2="66,130,18,125,55,47,23,109,72,85,39,48,54" hai3="20,44,122,124,90,101,65,30,69,118,5,93,12"/><U19/><E70/><V49/><F109/><W123/><G124/><T7/><D115/><U102/><E126/><V1/><F125/><W58/><G69/><T50/><D38/><U119/><E119/><V67/><F130/><W9/><G118/><T2/><D116/><U133/><E76/><V77/><F72/><W60/><G44/><N who="0" m="25879" /><D2/><U21/><REACH who="1" step="1"/><E75/><REACH who="1" ten="229,241,279,231" step="2"/><V89/><F77/><W103/><G122/><T8/><D71/><U4/><E4/><V37/><F1/><W17/><G123/><T112/><D112/><U63/><E63/><V104/><F104/><AGARI ba="1,2" hai="19,21,24,25,28,32,56,57,98,102,104,132,133,134" machi="104" ten="40,3900,0" yaku="1,1,20,1,53,0" doraHai="43" doraHaiUra="46" who="1" fromWho="2" sc="229,0,241,62,279,-42,231,0" /><INIT seed="1,2,0,3,5,95" ten="229,303,237,231" oya="1" hai0="17,111,106,19,43,51,92,100,83,134,38,122,45" hai1="102,53,107,58,97,8,127,116,5,74,94,105,71" hai2="68,81,78,7,65,129,114,28,0,69,57,70,9" hai3="110,72,12,126,101,41,25,22,118,1,123,35,67"/><U42/><E116/><V113/><F129/><W124/><G123/><T10/><D111/><U99/><E127/><N who="3" m="48682" /><G118/><T82/><D134/><U77/><E71/><V31/><F57/><W80/><G110/><T61/><D106/><U23/><E42/><V2/><F2/><W4/><G1/><T15/><D122/><U20/><E77/><V34/><F65/><W59/><G41/><T76/><D38/><U125/><E74/><V46/><F46/><W64/><G101/><T26/><D61/><U98/><E125/><V112/><REACH who="2" step="1"/><F34/><REACH who="2" ten="229,303,227,231" step="2"/><W33/><G59/><T40/><D40/><U49/><E105/><V24/><F24/><W93/><G67/><T14/><D26/><U75/><E107/><V131/><F131/><W30/><G64/><T29/><D43/><U96/><REACH who="1" step="1"/><E75/><AGARI ba="2,1" hai="0,7,9,28,31,68,69,70,75,78,81,112,113,114" machi="75" ten="50,3200,0" yaku="1,1,11,1,53,0" doraHai="95" doraHaiUra="121" who="2" fromWho="1" sc="229,0,303,-38,227,48,231,0" /><INIT seed="2,0,0,0,5,93" ten="229,265,275,231" oya="2" hai0="119,121,103,2,43,89,41,46,62,30,14,79,63" hai1="17,75,134,72,133,33,64,99,74,120,87,113,65" hai2="49,6,10,67,20,0,26,105,91,125,42,108,11" hai3="52,1,40,111,107,35,19,38,81,123,122,39,15"/><V27/><F125/><W132/><G1/><T7/><D121/><U118/><E118/><V37/><F105/><W4/><G35/><T83/><D119/><U16/><E113/><V70/><F37/><W76/><G107/><T130/><D130/><U117/><E117/><V34/><F70/><W18/><G111/><T115/><D115/><U109/><E109/><V128/><F67/><N who="1" m="25673" /><E33/><V131/><F108/><W36/><G132/><N who="1" m="50794" /><E120/><V102/><F102/><W94/><G40/><T110/><D2/><U53/><E87/><V126/><F126/><W77/><G94/><T60/><D103/><U56/><E99/><V12/><F91/><W80/><G4/><T58/><D89/><U61/><AGARI ba="0,0" hai="16,17,53,56,61,72,74,75" m="50794,25673" machi="61" ten="40,2700,0" yaku="20,1,54,1" doraHai="93" who="1" fromWho="1" sc="229,-7,265,27,275,-13,231,-7" /><INIT seed="3,0,0,4,1,56" ten="222,292,262,224" oya="3" hai0="125,82,133,44,30,46,11,62,19,101,52,41,92" hai1="130,65,77,40,108,73,32,93,89,80,68,9,23" hai2="53,71,21,115,109,124,59,16,3,94,24,85,22" hai3="34,127,123,110,107,120,39,36,45,88,61,55,121"/><W51/><G107/><T29/><D125/><U114/><E32/><V118/><F109/><W25/><G127/><T96/><D133/><U69/><E114/><V105/><F105/><W17/><G110/><T58/><D82/><U54/><E108/><V135/><F135/><W74/><G74/><T86/><D86/><U20/><E130/><V83/><F71/><W99/><G17/><T13/><REACH who="0" step="1"/><D46/><REACH who="0" ten="212,292,262,224" step="2"/><U1/><E80/><V100/><F83/><W122/><G122/><T78/><D78/><U50/><E77/><V12/><F124/><W129/><G129/><T72/><D72/><U0/><E73/><V79/><F79/><W131/><G131/><T87/><D87/><U119/><E119/><V81/><F118/><W104/><G104/><T63/><D63/><U7/><E93/><V48/><F81/><W28/><REACH who="3" step="1"/><G61/><REACH who="3" ten="212,292,262,214" step="2"/><T47/><D47/><U27/><E7/><V95/><F115/><W33/><G33/><T38/><AGARI ba="0,2" hai="11,13,19,29,30,38,41,44,52,58,62,92,96,101" machi="38" ten="20,8000,1" yaku="1,1,0,1,7,1,52,1,54,1,53,0" doraHai="56" doraHaiUra="31" who="0" fromWho="0" sc="212,100,292,-20,262,-20,214,-40" owari="312,41.2,272,7.2,242,-15.8,174,-32.6" /></mjloggm>