<mjloggm ver="2.3"><GO type="225" lobby="0"/><UN n0="%E3%81%8B%E3%82%8F%E3%81%A1%E3%82%83%E3%82%93%35%38" n1="%E3%83%89%E3%83%A9%E3%81%8F%E3%82%8C" n2="%E3%81%BF%E3%81%BF%E3%81%9A" n3="%28%EF%BF%A3%E2%96%BD%EF%BF%A3%29%CE%B4%E2%8C%92%E3%83%BB" dan="17,17,18,16" rate="2231.48,2197.83,2220.63,2088.61" sx="M,M,M,M"/><TAIKYOKU oya="0"/><INIT seed="0,0,0,0,0,34" ten="250,250,250,250" oya="0" hai0="59,78,80,28,60,39,25,105,47,99,132,38,65" hai1="20,55,1,101,61,19,88,90,92,130,48,84,43" hai2="66,119,68,44,37,57,13,35,26,23,131,33,126" hai3="77,121,71,2,45,70,112,27,5,67,53,125,58"/><T117/><D117/><U36/><E130/><V54/><F119/><W115/><G77/><T15/><D132/><U124/><E124/><V4/><F126/><W21/><G125/><T6/><D47/><U42/><E1/><V7/><F131/><W114/><G45/><T98/><D6/><U12/><E36/><V18/><F35/><W69/><G121/><T110/><D15/><U89/><E61/><N who="2" m="40015" /><F33/><W104/><G104/><T75/><D110/><U106/><E106/><V63/><F63/><W83/><G83/><T122/><D122/><U82/><E101/><V40/><F13/><W133/><G133/><T113/><D113/><U31/><E31/><V134/><F134/><W10/><G67/><T102/><REACH who="0" step="1"/><D99/><REACH who="0" ten="240,250,250,250" step="2"/><U14/><E14/><V120/><F120/><W51/><REACH who="3" step="1"/><G114/><REACH who="3" ten="240,250,250,240" step="2"/><T129/><D129/><U74/><E74/><V49/><AGARI ba="0,2" hai="4,7,18,23,26,37,40,44,49,54,57" m="40015" machi="49" ten="30,1100,0" yaku="24,1" doraHai="34" who="2" fromWho="2" sc="240,-5,250,-3,250,31,240,-3" /><INIT seed="1,0,0,1,1,96" ten="235,247,281,237" oya="1" hai0="130,107,56,89,62,31,24,66,70,23,131,87,73" hai1="40,64,55,69,86,92,90,68,11,57,54,38,106" hai2="85,109,3,44,52,51,47,59,41,76,118,28,12" hai3="128,125,94,49,78,129,20,9,65,81,2,15,18"/><U84/><E106/><V100/><F3/><W8/><G125/><T67/><D73/><U61/><E61/><V133/><F118/><W122/><G122/><T53/><D107/><U101/><E11/><V16/><F109/><W13/><G65/><T14/><D14/><U6/><E6/><V77/><F133/><W126/><G126/><T121/><D121/><U1/><E1/><V119/><F28/><W22/><G2/><T30/><D30/><U19/><E19/><V27/><F27/><W105/><G105/><T34/><D34/><U7/><E7/><V0/><F0/><W134/><G49/><T103/><D103/><U124/><E101/><V48/><F119/><W116/><G94/><T88/><D89/><U46/><E86/><V35/><F35/><W63/><G63/><T120/><D120/><U33/><E33/><V71/><F71/><W95/><G95/><T26/><D26/><U32/><E32/><V42/><F85/><N who="3" m="48311" /><G134/><T132/><D132/><U25/><E25/><V98/><F98/><W80/><G80/><N who="0" m="49255" /><D70/><N who="1" m="27243" /><E124/><V117/><F100/><W113/><G116/><T79/><D79/><U60/><E38/><V36/><F117/><W4/><G113/><T72/><D72/><U104/><E104/><V5/><F5/><W97/><G97/><T82/><D82/><U45/><E40/><V123/><F123/><W74/><G74/><T37/><D37/><U43/><E43/><V93/><F93/><W115/><G115/><T91/><D91/><U39/><E39/><V135/><F135/><W75/><G75/><T58/><D67/><U111/><E111/><RYUUKYOKU ba="0,0" sc="235,0,247,0,281,0,237,0" hai0="23,24,31,53,56,58,62,66,130,131" hai1="45,46,54,55,57,60,64,84,90,92" hai2="12,16,36,41,42,44,47,48,51,52,59,76,77" hai3="4,8,9,13,15,18,20,22,128,129" /><INIT seed="1,1,0,2,5,103" ten="235,247,281,237" oya="1" hai0="75,71,16,66,93,98,58,53,36,116,26,20,69" hai1="79,10,105,114,80,134,91,86,62,129,112,73,14" hai2="31,108,38,70,130,21,1,48,131,40,2,30,78" hai3="87,35,92,95,50,115,74,77,12,11,67,17,113"/><U100/><E129/><N who="2" m="49163" /><F108/><W33/><G74/><T89/><D116/><U49/><E134/><V102/><F70/><W111/><G111/><T117/><D117/><U97/><E62/><V5/><F38/><W3/><G67/><T59/><D36/><U118/><E118/><V135/><F135/><W65/><G65/><T7/><D75/><U81/><REACH who="1" step="1"/><E49/><REACH who="1" ten="235,237,281,237" step="2"/><V107/><F48/><W121/><G50/><T99/><D66/><U128/><E128/><V25/><F40/><W106/><G115/><T8/><D59/><U101/><E101/><V51/><F51/><W133/><G113/><T55/><D58/><U13/><E13/><V45/><F45/><W120/><G12/><N who="0" m="5151" /><D69/><U34/><E34/><V104/><F102/><W29/><G35/><T124/><D71/><U28/><E28/><N who="2" m="17455" /><F1/><W57/><G3/><T0/><D0/><U43/><E43/><V4/><F2/><W56/><G133/><T94/><D124/><U63/><E63/><V27/><F30/><W37/><G57/><T72/><D72/><U24/><E24/><V68/><F68/><W6/><G56/><T127/><D127/><U22/><E22/><V64/><F64/><W119/><G119/><T42/><D42/><U132/><E132/><V47/><F47/><W110/><G110/><T85/><D55/><U54/><E54/><V23/><F78/><W52/><G77/><T9/><D53/><U122/><E122/><V61/><F61/><W46/><G121/><T18/><D9/><U82/><E82/><V90/><F90/><W125/><G120/><T60/><D60/><U88/><E88/><RYUUKYOKU ba="1,1" sc="235,-15,237,15,281,15,237,-15" hai1="10,14,73,79,80,81,86,91,97,100,105,112,114" hai2="4,5,23,27,31,104,107" /><INIT seed="1,2,1,1,5,75" ten="220,252,296,222" oya="1" hai0="32,108,112,77,123,8,47,73,95,68,110,59,91" hai1="54,119,18,69,12,41,48,62,37,46,105,78,113" hai2="114,111,36,11,67,89,92,82,104,40,43,56,103" hai3="88,94,124,15,28,83,117,122,24,90,22,35,49"/><U87/><E113/><V0/><F111/><N who="0" m="42538" /><D112/><U61/><E105/><V65/><F104/><W133/><G122/><T109/><N who="0" m="42546" /><T38/><DORA hai="51" /><D68/><U31/><E119/><V86/><F114/><W121/><G121/><T5/><D32/><U34/><E69/><V80/><F36/><W9/><G117/><T93/><D123/><U126/><E126/><V102/><F11/><W132/><G124/><T115/><D115/><U98/><E98/><V60/><F67/><W71/><G71/><T134/><D134/><N who="3" m="51817" /><G83/><N who="2" m="31785" /><F0/><W25/><G94/><T70/><D95/><U19/><E34/><V131/><F131/><W106/><G106/><T4/><D93/><U39/><E39/><V55/><F65/><W76/><G76/><T45/><D77/><U58/><E78/><V33/><F33/><W23/><G49/><T50/><D70/><U100/><E87/><V79/><F79/><W27/><G35/><T3/><D73/><U107/><E107/><V116/><F116/><W42/><G42/><AGARI ba="2,1" hai="40,42,43,55,56,60,86,89,92,102,103" m="31785" machi="42" ten="30,2000,0" yaku="8,1,52,1" doraHai="75,51" who="2" fromWho="3" sc="220,0,252,0,296,36,222,-26" /><INIT seed="2,0,0,1,1,115" ten="220,252,332,196" oya="2" hai0="64,17,91,67,131,41,54,84,83,10,35,77,29" hai1="108,63,128,25,38,59,49,89,74,110,118,135,87" hai2="90,16,14,56,39,4,26,104,106,32,111,28,114" hai3="31,97,102,100,40,103,18,50,94,71,30,3,122"/><V55/><F114/><W85/><G71/><T21/><D131/><U69/><E128/><V75/><F39/><W0/><G122/><T53/><D41/><U65/><E74/><V2/><F75/><W24/><G0/><T105/><D105/><U72/><E72/><V123/><F123/><W48/><G3/><T109/><D109/><N who="1" m="42091" /><E135/><V22/><F111/><W47/><G50/><T43/><D43/><U13/><E25/><V23/><F23/><W125/><G125/><T117/><D10/><U46/><E13/><V19/><F19/><W44/><G44/><T133/><D29/><U12/><E12/><V70/><F70/><W61/><G61/><T76/><D35/><U45/><E38/><V36/><F36/><W119/><G119/><T66/><D117/><U113/><E113/><V37/><F90/><W81/><G18/><T88/><D91/><U129/><E129/><V93/><F93/><W80/><G31/><T124/><D124/><U51/><E118/><V62/><F37/><W116/><G116/><T8/><D8/><AGARI ba="0,0" hai="2,4,8,14,16,22,26,28,32,55,56,62,104,106" machi="8" ten="40,7700,0" yaku="24,2,54,1" doraHai="115" who="2" fromWho="0" sc="220,-77,252,0,332,77,196,0" /><INIT seed="2,1,0,5,1,21" ten="143,252,409,196" oya="2" hai0="72,22,120,106,64,121,57,65,80,2,5,99,73" hai1="50,89,71,68,40,37,86,4,97,95,53,54,90" hai2="87,45,39,0,27,12,31,16,124,24,23,60,83" hai3="77,108,126,36,9,125,13,56,6,52,29,18,19"/><V47/><F0/><W107/><G107/><T10/><D65/><U82/><E4/><V103/><F124/><N who="3" m="47723" /><G36/><T94/><D106/><U105/><E105/><V34/><F39/><W104/><G104/><T112/><D112/><U43/><E37/><V28/><F60/><N who="3" m="35847" /><G108/><T32/><D32/><U49/><E71/><V131/><F103/><W61/><G77/><T58/><D58/><N who="1" m="33071" /><E68/><V15/><F131/><W102/><G102/><T59/><D59/><AGARI ba="1,0" hai="40,43,50,54,59,82,86,89,90,95,97" m="33071" machi="59" ten="30,1000,0" yaku="8,1" doraHai="21" who="1" fromWho="0" sc="143,-13,252,13,409,0,196,0" /><INIT seed="3,0,0,2,2,124" ten="130,265,409,196" oya="3" hai0="93,23,94,133,1,104,135,9,42,82,24,72,95" hai1="122,111,105,6,91,68,117,7,48,76,130,11,13" hai2="106,115,25,64,69,113,58,62,88,57,54,51,79" hai3="85,46,101,121,123,8,35,39,38,18,0,132,14"/><W40/><G132/><T15/><D104/><U70/><E122/><V102/><F79/><W83/><G35/><T47/><D1/><U127/><E105/><V49/><F88/><W43/><G101/><T29/><D72/><U16/><E111/><V129/><F129/><W4/><G43/><T125/><D125/><U86/><E127/><V44/><F25/><W120/><G39/><T128/><D135/><U116/><E76/><V28/><F28/><W66/><G66/><T71/><D71/><U80/><E130/><V3/><F3/><W92/><G92/><T53/><D133/><U21/><E7/><V110/><F110/><W26/><G26/><T19/><D128/><U33/><E33/><V22/><F22/><W114/><G114/><T97/><D82/><U5/><E5/><V112/><F102/><W32/><G32/><T37/><REACH who="0" step="1"/><D53/><REACH who="0" ten="120,265,409,196" step="2"/><U55/><E70/><V30/><F106/><W34/><G123/><T63/><D63/><U20/><E68/><V87/><F87/><W10/><G121/><T134/><D134/><U2/><E117/><V61/><F30/><W60/><G60/><T118/><D118/><U65/><E116/><V59/><F62/><W75/><G75/><T103/><AGARI ba="0,1" hai="9,15,19,23,24,29,37,42,47,93,94,95,97,103" machi="103" ten="20,5200,0" yaku="1,1,0,1,7,1,53,1" doraHai="124" doraHaiUra="12" who="0" fromWho="0" sc="120,62,265,-13,409,-13,196,-26" owari="182,-21.8,252,5.2,396,49.6,170,-33.0" /></mjloggm>