<mjloggm ver="2.3"><GO type="225" lobby="0"/><UN n0="%33%74%72%65%65" n1="%E4%BF%BA%E3%81%A8%E5%A6%96%E5%A4%A2" n2="%E6%A1%9C%E8%8A%B1%E9%96%83%E3%80%85" n3="%EF%BC%AE%EF%BC%A1%EF%BC%AF%33%33%39" dan="16,17,16,17" rate="2144.20,2154.17,2165.25,2147.63" sx="F,F,M,M"/><TAIKYOKU oya="0"/><INIT seed="0,0,0,4,4,84" ten="250,250,250,250" oya="0" hai0="69,11,119,109,106,21,71,12,30,29,65,13,45" hai1="80,68,121,8,9,27,88,117,118,3,0,58,134" hai2="61,16,128,74,38,105,10,48,85,24,66,108,25" hai3="89,42,70,50,18,28,63,83,59,125,20,76,129"/><T90/><D119/><U100/><E68/><V60/><F74/><W110/><G70/><T17/><D106/><U15/><E121/><V32/><F38/><W7/><G7/><T130/><D130/><U123/><E123/><V133/><F128/><W97/><G129/><T132/><D132/><U112/><E100/><V103/><F133/><W99/><G28/><T131/><D131/><U78/><E134/><V101/><F108/><W95/><G110/><T43/><D109/><U107/><E107/><V26/><F32/><W114/><G114/><T127/><D127/><U37/><E37/><V55/><F85/><W98/><G125/><T92/><D65/><U126/><E126/><V34/><F34/><W135/><G135/><T62/><D62/><N who="2" m="24170" /><F66/><W79/><G42/><T82/><D82/><U104/><E104/><V6/><F6/><W75/><G50/><N who="0" m="26943" /><D71/><U39/><E112/><V72/><F72/><W2/><G79/><T46/><D69/><U1/><E39/><V53/><F105/><W73/><G2/><T23/><D46/><U4/><E78/><V115/><F115/><W87/><G75/><T77/><D77/><U111/><E111/><V91/><F91/><W51/><G51/><T124/><D124/><U113/><E113/><V120/><F120/><W64/><REACH who="3" step="1"/><G73/><REACH who="3" ten="250,250,250,240" step="2"/><T40/><D40/><U67/><E0/><V54/><F48/><W52/><G52/><T44/><D30/><U94/><E1/><V96/><F96/><W5/><G5/><N who="0" m="3183" /><D29/><U49/><E3/><V57/><F57/><W41/><G41/><T93/><D44/><U122/><E122/><RYUUKYOKU ba="0,1" sc="250,-15,250,-15,250,15,240,15" hai2="10,16,24,25,26,53,54,55,101,103" hai3="18,20,59,63,64,76,83,87,89,95,97,98,99" /><INIT seed="1,1,1,3,5,46" ten="235,235,265,255" oya="1" hai0="45,64,31,25,96,91,125,42,106,126,35,1,114" hai1="133,18,36,105,34,58,72,17,75,50,43,19,13" hai2="2,9,79,68,130,83,102,37,132,118,40,127,119" hai3="135,99,53,33,71,92,60,28,121,103,49,32,77"/><U27/><E36/><V94/><F68/><W56/><G121/><T62/><D114/><U52/><E105/><V98/><F130/><W12/><G77/><T73/><D73/><U111/><E133/><V120/><F120/><W89/><G135/><T86/><D1/><U26/><E43/><V74/><F127/><W131/><G131/><T95/><D106/><U117/><E117/><V24/><F24/><W90/><G28/><T61/><D96/><U124/><E124/><N who="0" m="47721" /><D64/><U82/><E111/><V7/><REACH who="2" step="1"/><F132/><REACH who="2" ten="235,235,255,255" step="2"/><W11/><G71/><T8/><D8/><U81/><E26/><V122/><F122/><W47/><G32/><T14/><D14/><U6/><E34/><V54/><F54/><N who="3" m="30015" /><G33/><T29/><D29/><U51/><E27/><V39/><F39/><AGARI ba="1,2" hai="25,31,35,39,42,45,61,62,86,91,95" m="47721" machi="39" ten="30,1000,0" yaku="18,1" doraHai="46" who="0" fromWho="2" sc="235,33,235,0,255,-13,255,0" /><INIT seed="2,0,0,0,0,104" ten="268,235,242,255" oya="2" hai0="24,13,87,91,78,27,134,98,21,72,52,107,128" hai1="119,25,102,132,133,49,59,88,0,42,77,68,116" hai2="114,23,50,112,33,43,84,19,106,35,130,82,90" hai3="70,9,45,123,73,16,76,62,101,56,122,89,124"/><V32/><F106/><W83/><G70/><T63/><D128/><U38/><E68/><V46/><REACH who="2" step="1"/><F130/><REACH who="2" ten="268,235,232,255" step="2"/><W60/><G122/><T67/><D107/><U18/><E119/><V121/><F121/><W14/><G123/><T12/><D134/><U108/><E116/><V57/><F57/><W39/><G56/><T135/><D135/><U69/><E133/><V48/><F48/><W120/><G120/><T30/><D63/><U53/><E132/><V58/><F58/><W80/><G60/><T5/><D67/><U103/><E69/><V64/><F64/><W109/><G62/><T113/><D113/><U1/><E59/><V11/><F11/><W37/><G37/><T115/><D115/><U36/><E36/><V131/><F131/><W29/><G39/><T110/><D110/><U15/><E108/><V20/><F20/><W100/><G109/><T74/><D21/><U129/><E129/><V97/><F97/><W94/><G45/><T117/><D98/><U54/><E38/><V55/><F55/><W40/><G40/><T96/><D96/><U66/><E42/><V44/><F44/><W28/><G9/><T3/><D52/><U86/><E66/><V71/><F71/><W22/><G22/><T81/><D117/><U75/><E54/><V79/><F79/><W92/><G76/><T93/><D78/><U6/><E53/><V61/><F61/><W34/><G34/><T118/><D118/><U26/><E49/><V2/><F2/><W111/><G111/><T51/><D3/><U65/><E0/><V10/><F10/><W126/><G126/><RYUUKYOKU ba="0,1" sc="268,-10,235,-10,232,30,255,-10" hai2="19,23,32,33,35,43,46,50,82,84,90,112,114" /><INIT seed="2,1,1,2,0,82" ten="258,225,262,245" oya="2" hai0="7,60,106,15,1,46,95,90,75,128,130,65,74" hai1="28,129,10,45,42,68,3,38,43,49,18,91,98" hai2="118,67,24,63,62,100,59,11,123,124,92,103,12" hai3="14,83,94,87,25,110,131,97,69,119,132,2,109"/><V120/><F118/><W44/><G2/><T71/><D106/><U37/><E68/><V54/><F124/><W29/><G69/><T117/><D1/><U121/><E129/><N who="0" m="49769" /><D117/><U79/><E121/><V107/><F107/><W41/><G119/><T31/><D31/><U17/><E28/><V57/><F24/><W80/><G14/><T122/><D122/><U101/><E79/><V113/><F113/><W126/><G126/><T34/><D34/><U66/><E66/><V6/><REACH who="2" step="1"/><F103/><REACH who="2" ten="258,225,252,245" step="2"/><W5/><G131/><T55/><D15/><U30/><E3/><V51/><F51/><W89/><G25/><T4/><D75/><U0/><E0/><V105/><F105/><W20/><G29/><T73/><D73/><U84/><E30/><V50/><F50/><W88/><G132/><T77/><D74/><U61/><E49/><V52/><F52/><W102/><G102/><T125/><D125/><U70/><E38/><V9/><F9/><W111/><G111/><T133/><D133/><U76/><E101/><V99/><AGARI ba="1,2" hai="6,11,12,54,57,59,62,63,67,92,99,100,120,123" machi="99" ten="30,3000,0" yaku="1,1,0,1,53,0" doraHai="82" doraHaiUra="114" who="2" fromWho="2" sc="258,-11,225,-11,252,53,245,-11" /><INIT seed="2,2,0,0,3,95" ten="247,214,305,234" oya="2" hai0="29,57,78,50,37,105,40,128,108,2,74,45,126" hai1="121,8,12,36,123,124,33,46,90,85,23,39,116" hai2="127,11,58,38,102,84,96,60,47,73,71,112,129" hai3="120,106,79,14,92,28,93,44,4,49,51,76,3"/><V32/><F112/><W134/><G106/><T56/><D108/><U18/><E116/><V21/><F73/><W64/><G120/><T110/><D110/><U53/><E33/><V7/><F32/><W75/><G3/><T133/><D133/><U16/><E124/><V72/><F72/><W6/><G75/><T117/><D126/><U43/><E36/><V100/><F71/><W87/><G64/><T59/><D117/><U91/><E53/><V26/><F129/><W5/><G28/><T122/><D122/><N who="1" m="46603" /><E85/><V68/><F68/><W63/><G63/><T113/><D128/><U15/><AGARI ba="2,0" hai="8,12,15,16,18,23,39,43,46,90,91" m="46603" machi="15" ten="30,2000,0" yaku="13,1,54,1" doraHai="95" who="1" fromWho="1" sc="247,-7,214,26,305,-12,234,-7" /><INIT seed="3,0,0,3,4,13" ten="240,240,293,227" oya="3" hai0="52,57,46,71,120,112,27,135,63,83,4,132,15" hai1="16,86,98,122,129,6,82,56,72,70,87,43,99" hai2="89,23,106,25,113,75,17,73,59,105,100,69,35" hai3="97,7,29,68,26,12,121,103,22,102,67,11,45"/><W1/><G121/><T104/><D120/><U18/><E122/><V51/><F69/><W60/><G45/><T92/><D104/><U114/><E114/><V93/><F113/><W3/><REACH who="3" step="1"/><G103/><REACH who="3" ten="240,240,293,217" step="2"/><T77/><D112/><U134/><E70/><V85/><F100/><W20/><G20/><T28/><D46/><U107/><E134/><V21/><F21/><W19/><G19/><N who="1" m="7210" /><E107/><AGARI ba="0,1" hai="1,3,7,11,12,22,26,29,60,67,68,97,102,107" machi="107" ten="30,2900,0" yaku="1,1,7,1,53,0" doraHai="13" doraHaiUra="115" who="3" fromWho="1" sc="240,0,240,-29,293,0,217,39" /><INIT seed="3,1,0,0,0,32" ten="240,211,293,256" oya="3" hai0="88,7,126,119,5,64,76,46,3,116,38,85,8" hai1="103,13,1,4,20,69,0,19,22,65,58,125,83" hai2="106,45,133,68,41,42,131,108,94,18,86,63,104" hai3="124,96,112,118,72,47,113,48,120,73,52,12,82"/><W87/><G118/><T97/><D126/><U115/><E69/><V123/><F108/><W60/><G120/><T29/><D7/><U79/><E115/><V102/><F123/><W67/><G124/><T77/><D64/><U33/><E33/><V17/><F42/><W117/><G117/><T36/><D29/><U111/><E125/><V26/><F133/><W16/><G96/><T51/><D119/><U71/><E71/><V134/><F134/><W135/><G135/><T59/><D116/><U121/><E121/><V122/><F131/><W11/><G113/><T61/><D97/><U78/><E111/><V114/><F114/><W110/><G110/><T54/><D38/><U75/><E79/><V49/><F102/><W62/><G112/><T100/><D36/><U107/><E107/><V35/><F17/><W80/><G80/><T129/><D100/><U95/><E4/><V74/><F74/><W53/><G53/><T39/><D39/><U24/><E95/><V55/><F18/><W43/><G43/><T99/><D99/><U130/><E103/><V28/><F122/><W30/><G30/><T128/><D128/><U15/><E130/><V14/><F14/><N who="1" m="5129" /><E22/><V31/><F31/><W105/><G105/><N who="2" m="40553" /><F68/><W23/><G23/><T98/><D98/><U9/><E9/><V70/><F70/><N who="3" m="42343" /><G62/><T90/><D129/><U34/><E34/><V91/><F63/><W89/><AGARI ba="1,0" hai="11,12,16,47,48,52,72,73,82,87,89" m="42343" machi="89" ten="30,6000,0" yaku="25,1,54,2" doraHai="32" who="3" fromWho="3" sc="240,-21,211,-21,293,-21,256,63" owari="219,-18.1,190,-31.0,272,7.2,319,41.9" /></mjloggm>