<mjloggm ver="2.3"><GO type="225" lobby="0"/><UN n0="%E8%B6%85%E7%B4%9A%E9%B3%B3%E5%87%B0" n1="%E3%81%8B%E3%82%8F%E3%81%A1%E3%82%83%E3%82%93%35%38" n2="%E5%A4%9C%E3%81%AE%E3%82%AC%E3%82%B9%E3%83%91%E3%83%BC%E3%83%AB" n3="%72%69%6F%75%63%68%61%6E" dan="16,16,16,16" rate="2124.50,2170.30,2091.95,2109.21" sx="M,M,M,M"/><TAIKYOKU oya="0"/><INIT seed="0,0,0,0,3,115" ten="250,250,250,250" oya="0" hai0="124,14,46,12,34,20,134,41,83,106,69,66,57" hai1="129,105,104,77,63,36,9,67,84,112,114,0,85" hai2="72,78,31,43,23,93,1,107,68,39,53,64,82" hai3="4,128,29,47,65,17,122,25,38,26,6,119,99"/><T89/><D34/><U55/><E55/><V16/><F107/><N who="1" m="41033" /><E36/><V21/><F1/><W24/><G119/><T7/><D106/><U3/><E9/><V32/><F32/><W2/><G128/><T109/><D124/><U100/><E100/><V88/><F53/><W11/><G99/><T113/><D113/><N who="1" m="43627" /><E129/><V48/><F48/><W61/><G122/><T130/><D130/><U40/><E40/><V19/><F31/><W60/><G6/><T102/><D102/><U90/><E77/><V8/><F43/><W59/><G38/><T86/><D69/><N who="1" m="42239" /><E85/><V30/><F39/><W10/><G47/><T94/><D41/><U101/><E101/><V73/><F73/><W120/><G120/><T45/><D46/><U118/><E118/><V96/><F64/><W74/><G74/><T70/><D45/><U80/><AGARI ba="0,0" hai="0,3,80,84,90" m="42239,43627,41033" machi="80" ten="30,1100,0" yaku="11,1" doraHai="115" who="1" fromWho="1" sc="250,-5,250,11,250,-3,250,-3" /><INIT seed="1,0,0,3,1,102" ten="245,261,247,247" oya="1" hai0="132,10,135,121,100,67,42,129,25,3,99,26,20" hai1="70,47,130,15,68,75,14,57,9,81,128,17,69" hai2="62,34,56,115,131,88,125,122,123,110,95,50,97" hai3="54,96,31,8,116,33,35,46,107,64,61,103,101"/><U11/><E47/><V32/><F110/><W118/><G103/><T43/><D129/><N who="1" m="49771" /><E57/><V45/><F131/><W84/><G8/><N who="1" m="3146" /><E17/><V53/><F125/><W30/><G84/><T124/><D124/><U39/><E39/><V127/><F115/><W113/><G113/><T52/><D121/><U93/><E93/><V74/><F127/><W76/><G76/><AGARI ba="0,0" hai="14,15,68,69,70,75,76,81" m="3146,49771" machi="76" ten="40,2000,0" yaku="19,1" doraHai="102" who="1" fromWho="3" sc="245,0,261,20,247,0,247,-20" /><INIT seed="1,1,0,2,5,13" ten="245,281,247,227" oya="1" hai0="106,17,15,32,133,89,21,86,7,72,68,8,60" hai1="50,5,41,135,54,56,16,10,42,46,107,74,14" hai2="110,76,63,90,113,57,69,84,87,83,39,91,101" hai3="4,43,20,109,0,105,52,81,92,85,19,97,38"/><U122/><E122/><V103/><F69/><W44/><G105/><T11/><D32/><U70/><E107/><V115/><F39/><W123/><G123/><T2/><D106/><U131/><E74/><V95/><F110/><W128/><G109/><T37/><D37/><U59/><E70/><V62/><F76/><W117/><G128/><T132/><D72/><U3/><E131/><V129/><F129/><W82/><G117/><T124/><D124/><U112/><E112/><N who="2" m="43083" /><F63/><W67/><G67/><AGARI ba="1,0" hai="57,62,67,83,84,87,90,91,95,101,103" m="43083" machi="67" ten="30,1000,0" yaku="11,1" doraHai="13" who="2" fromWho="3" sc="245,0,281,0,247,13,227,-13" /><INIT seed="2,0,0,2,2,15" ten="245,281,260,214" oya="2" hai0="93,106,24,35,89,127,67,7,41,6,84,114,69" hai1="134,19,87,99,83,117,27,92,100,52,5,97,77" hai2="36,49,44,51,61,119,105,112,22,129,126,13,90" hai3="85,74,65,25,20,11,130,55,124,39,34,110,108"/><V28/><F112/><W48/><G39/><T111/><D114/><U63/><E117/><V66/><F119/><W14/><G74/><T88/><D106/><U9/><E134/><V98/><F126/><W123/><G124/><T122/><D127/><U113/><E113/><V75/><F75/><W81/><G34/><T104/><D104/><U96/><E5/><V42/><F129/><W95/><G130/><T57/><D122/><U62/><E62/><V79/><F79/><W8/><G65/><T116/><D116/><U102/><E92/><V59/><F28/><W31/><G95/><T80/><D69/><U131/><E131/><V45/><F44/><W101/><G101/><T33/><D111/><U43/><E43/><V71/><F71/><W115/><G123/><T70/><D70/><U46/><E9/><V107/><F107/><W23/><G23/><T76/><D41/><U94/><E94/><V60/><F60/><W3/><G3/><T118/><D118/><U32/><E32/><V125/><F125/><W50/><G115/><T78/><D35/><U16/><E27/><V0/><F0/><W128/><G128/><T53/><D67/><U73/><E73/><V133/><F133/><W120/><G120/><T103/><D103/><N who="1" m="39467" /><E46/><V21/><F105/><W64/><G64/><T121/><D121/><U1/><E1/><V38/><F38/><W86/><G110/><T12/><D33/><U47/><E47/><V26/><F26/><W82/><G108/><T135/><D24/><U18/><E63/><V91/><F36/><W17/><G25/><T29/><D135/><RYUUKYOKU ba="0,0" sc="245,-10,281,30,260,-10,214,-10" hai1="16,18,19,52,77,83,87,96,97,99" /><INIT seed="3,1,0,5,4,37" ten="235,311,250,204" oya="3" hai0="62,101,83,48,133,50,105,25,4,52,57,97,108" hai1="127,21,47,30,120,93,16,131,27,69,19,45,124" hai2="55,64,32,115,98,6,71,36,44,67,90,66,12" hai3="81,88,14,75,60,117,7,31,39,94,63,33,0"/><W123/><G117/><T82/><D108/><U76/><E120/><V118/><F118/><W78/><G123/><T134/><D4/><U23/><E69/><V126/><F115/><W85/><G0/><T95/><D25/><N who="1" m="14503" /><E76/><V28/><F126/><N who="1" m="48169" /><E131/><V84/><F71/><W135/><G39/><T110/><D110/><U77/><E77/><V3/><F3/><W125/><G125/><T96/><D82/><U132/><E132/><N who="0" m="50793" /><D83/><U1/><E1/><V91/><F28/><W74/><G135/><T29/><D29/><U38/><E38/><V106/><F32/><W86/><G7/><T128/><D128/><U40/><E40/><V61/><F36/><W51/><G14/><T89/><AGARI ba="1,0" hai="48,50,52,57,62,89,95,96,97,101,105" m="50793" machi="89" ten="30,2000,0" yaku="20,1,54,1" doraHai="37" who="0" fromWho="0" sc="235,23,311,-6,250,-6,204,-11" owari="258,5.8,305,40.5,244,-15.6,193,-30.7" /></mjloggm>