<mjloggm ver="2.3"><GO type="225" lobby="0"/><UN n0="%33%74%72%65%65" n1="%73%61%6E%64%69%72%69%73" n2="%28%EF%BF%A3%E2%96%BD%EF%BF%A3%29%CE%B4%E2%8C%92%E3%83%BB" n3="%E3%81%A8%E3%82%93%E3%81%A8%E3%81%93%E3%81%A8%E3%82%93" dan="16,16,16,16" rate="2128.22,2136.54,2141.02,2124.65" sx="F,M,M,M"/><TAIKYOKU oya="0"/><INIT seed="0,0,0,0,2,81" ten="250,250,250,250" oya="0" hai0="46,33,94,7,24,119,78,28,68,47,123,11,134" hai1="67,64,6,122,121,85,13,36,74,54,27,3,96" hai2="32,93,62,127,124,53,112,31,111,30,66,108,102" hai3="26,18,90,45,101,22,107,70,51,83,76,80,63"/><T65/><D119/><U43/><E74/><V19/><F112/><W20/><G90/><T38/><D123/><U4/><E3/><V116/><F116/><W100/><G107/><T58/><D134/><U29/><E96/><N who="2" m="59663" /><F53/><W75/><G83/><T91/><D68/><U135/><E36/><V118/><F19/><W57/><G70/><T12/><D38/><U77/><E43/><V110/><F118/><W128/><G128/><T125/><D78/><U95/><E54/><V37/><F37/><W130/><G130/><T25/><D25/><U106/><E106/><V71/><F32/><W42/><REACH who="3" step="1"/><G22/><REACH who="3" ten="250,250,250,240" step="2"/><T72/><D72/><U14/><E121/><V10/><F10/><W49/><G49/><T98/><REACH who="0" step="1"/><D125/><AGARI ba="0,1" hai="30,31,62,66,71,108,110,111,124,125,127" m="59663" machi="125" ten="40,2600,0" yaku="14,1,18,1" doraHai="81" who="2" fromWho="0" sc="250,-26,250,0,250,36,240,0" /><INIT seed="1,0,0,2,3,79" ten="224,250,286,240" oya="1" hai0="12,69,120,133,58,99,50,124,20,88,90,111,18" hai1="49,128,44,7,130,11,22,134,65,43,127,125,52" hai2="35,63,78,112,107,27,14,51,61,13,32,97,64" hai3="53,46,24,132,89,48,30,33,113,121,106,92,129"/><U54/><E22/><V101/><F112/><W17/><G121/><T74/><D111/><U3/><E65/><V126/><F63/><W1/><G113/><T2/><D133/><U16/><E16/><V38/><F38/><W104/><G129/><N who="1" m="49770" /><E134/><V108/><F108/><W28/><G132/><T37/><D124/><AGARI ba="0,0" hai="3,7,11,43,44,49,52,54,124,125,127" m="49770" machi="124" ten="30,5800,0" yaku="18,1,19,1,54,1" doraHai="79" who="1" fromWho="0" sc="224,-58,250,58,286,0,240,0" /><INIT seed="1,1,0,0,3,16" ten="166,308,286,240" oya="1" hai0="81,84,42,69,118,39,26,125,73,8,35,49,100" hai1="59,106,13,27,132,130,105,119,19,55,14,85,2" hai2="50,15,9,20,88,78,53,96,48,28,94,23,54" hai3="44,91,127,92,52,21,77,0,46,117,124,6,98"/><U113/><E2/><V31/><F78/><W89/><G117/><T126/><D118/><U65/><E113/><V115/><F115/><W80/><G89/><T99/><D73/><U37/><E37/><V66/><F66/><W128/><G128/><T62/><D39/><U51/><E119/><V18/><F31/><W45/><G6/><T82/><D8/><U58/><E132/><V76/><F76/><W56/><G0/><T83/><D84/><U114/><E106/><V1/><F1/><W4/><G4/><T122/><D122/><U70/><E105/><V95/><F28/><W32/><G32/><T75/><D75/><U30/><E70/><V34/><F34/><W33/><G33/><T11/><D11/><U86/><E13/><V104/><F104/><W5/><G5/><T10/><D10/><N who="1" m="6615" /><E130/><V102/><F50/><W12/><G12/><T64/><D26/><U72/><E72/><V112/><F112/><W71/><G71/><T101/><D35/><U123/><E123/><V111/><F111/><W40/><G40/><T133/><D133/><U134/><E134/><V109/><F109/><W22/><G124/><N who="0" m="47723" /><D99/><U47/><E114/><V116/><F116/><W29/><G127/><T36/><D36/><U121/><E121/><V63/><F63/><N who="3" m="36231" /><G29/><T74/><D74/><U93/><E30/><V79/><F79/><W57/><G57/><T135/><D135/><U17/><E59/><N who="2" m="33191" /><F54/><W110/><G110/><T7/><D7/><U3/><E3/><V60/><F60/><W107/><G107/><T87/><D87/><AGARI ba="1,0" hai="9,15,18,20,23,87,88,94,95,96,102" m="33191" machi="87" ten="30,7700,0" yaku="8,1,52,2,54,1" doraHai="16" who="2" fromWho="0" sc="166,-80,308,0,286,80,240,0" /><AGARI ba="1,0" hai="21,22,44,45,46,77,80,87,91,92,98" m="36231" machi="87" ten="30,7700,0" yaku="8,1,52,2,54,1" doraHai="16" who="3" fromWho="0" sc="86,-77,308,0,366,0,240,77" /><INIT seed="2,0,0,0,4,22" ten="9,308,366,317" oya="2" hai0="42,108,80,21,14,48,114,51,118,20,126,95,101" hai1="36,4,67,43,34,37,83,44,91,135,104,77,92" hai2="25,89,8,71,31,99,50,40,119,90,56,117,84" hai3="131,127,82,79,39,130,35,109,133,2,27,15,58"/><V1/><F71/><W59/><G2/><T124/><D114/><U49/><E104/><V41/><F1/><W110/><G39/><T62/><D108/><N who="3" m="41577" /><G127/><T122/><D122/><U81/><E135/><V57/><F8/><W73/><G15/><T12/><D118/><U69/><E34/><V60/><F119/><W116/><G116/><T18/><D80/><U66/><E4/><V105/><F117/><W78/><G79/><T6/><D62/><U97/><E83/><N who="2" m="49311" /><F105/><W63/><G133/><T134/><D134/><U120/><E120/><V23/><F50/><W38/><G38/><T103/><D6/><U13/><E13/><V86/><F99/><W19/><G63/><T3/><D3/><U16/><E69/><V17/><F31/><N who="3" m="19967" /><G19/><T52/><D18/><U32/><E32/><V106/><F106/><W74/><G73/><T68/><D68/><U26/><E36/><V55/><F57/><AGARI ba="0,0" hai="57,58,59,74,78,82,130,131" m="19967,41577" machi="57" ten="30,2000,0" yaku="14,1,52,1" doraHai="22" who="3" fromWho="2" sc="9,0,308,0,366,-20,317,20" /><INIT seed="3,0,0,0,3,105" ten="9,308,346,337" oya="3" hai0="0,120,6,13,96,72,1,15,92,98,53,55,128" hai1="81,30,61,119,5,107,112,62,93,89,50,9,45" hai2="87,40,114,56,68,25,90,22,69,127,12,130,41" hai3="122,134,11,14,3,43,99,46,125,109,42,21,49"/><W104/><G122/><T31/><D92/><U94/><E112/><V76/><F114/><W36/><G125/><T67/><D120/><U20/><E107/><V2/><F2/><W95/><G104/><T129/><D67/><U121/><E119/><V80/><F127/><W79/><G134/><T10/><D31/><U18/><E30/><N who="2" m="17719" /><F69/><W66/><G109/><T33/><D33/><U27/><E121/><V135/><F68/><W82/><G3/><T88/><D1/><U48/><E81/><V78/><F135/><W64/><G21/><T103/><D0/><U51/><E45/><V115/><F130/><W74/><G43/><N who="2" m="16457" /><F115/><W108/><G36/><T110/><D110/><U77/><E77/><N who="2" m="29803" /><F56/><W39/><G39/><T59/><D59/><U113/><E113/><V4/><F12/><W132/><G108/><T7/><D128/><U16/><E5/><AGARI ba="0,0" hai="4,5,80,87,90" m="29803,16457,17719" machi="5" ten="30,1000,0" yaku="8,1" doraHai="105" who="2" fromWho="1" sc="9,0,308,-10,346,10,337,0" owari="9,-49.1,298,-10.2,356,45.6,337,13.7" /></mjloggm>