<mjloggm ver="2.3"><GO type="225" lobby="0"/><UN n0="%E9%8A%80%E3%81%B0%E3%81%95%E3%81%BF" n1="%4E%49%4A%49%49%52%4F" n2="%6D%75%75%6D%75%72%61" n3="%72%69%6F%75%63%68%61%6E" dan="17,16,17,17" rate="2223.63,2181.83,2135.72,2286.19" sx="M,M,F,M"/><TAIKYOKU oya="0"/><INIT seed="0,0,0,2,1,37" ten="250,250,250,250" oya="0" hai0="116,12,14,66,109,86,43,24,15,36,9,38,17" hai1="92,103,105,11,70,91,117,102,64,95,96,23,22" hai2="77,74,40,131,101,133,84,115,135,104,13,79,119" hai3="107,20,28,10,100,88,63,29,58,41,93,83,46"/><T65/><D116/><U0/><E117/><V130/><F119/><W114/><G114/><T32/><D109/><U4/><E103/><V56/><F56/><W55/><G83/><T7/><D38/><U49/><E105/><V57/><F57/><W90/><G10/><T99/><D99/><U44/><E70/><V31/><F31/><W87/><G90/><T59/><D86/><U78/><E64/><V25/><F25/><W62/><G63/><T26/><D32/><U45/><E45/><V121/><F13/><W48/><REACH who="3" step="1"/><G20/><REACH who="3" ten="250,250,250,240" step="2"/><T68/><D9/><U53/><REACH who="1" step="1"/><E78/><REACH who="1" ten="250,240,250,240" step="2"/><V125/><F77/><W126/><G126/><T72/><D68/><U39/><E39/><V82/><F125/><W6/><G6/><T30/><D36/><U2/><E2/><V42/><F79/><W123/><G123/><T54/><D7/><U129/><E129/><V132/><F121/><W89/><G89/><T97/><D65/><U47/><E47/><V120/><F120/><W127/><G127/><T51/><D66/><U75/><E75/><V122/><F74/><W61/><G61/><T134/><D72/><U85/><AGARI ba="0,2" hai="0,4,11,22,23,44,49,53,85,91,92,95,96,102" machi="85" ten="20,2700,0" yaku="1,1,0,1,7,1,53,0" doraHai="37" doraHaiUra="76" who="1" fromWho="1" sc="250,-13,240,47,250,-7,240,-7" /><INIT seed="1,0,0,4,0,100" ten="237,287,243,233" oya="1" hai0="5,120,77,94,98,128,19,61,73,33,76,129,43" hai1="68,32,72,22,92,45,60,3,114,6,7,102,49" hai2="64,51,69,112,116,27,133,106,57,8,93,47,79" hai3="103,96,39,104,78,126,105,117,99,21,87,14,25"/><U55/><E32/><V122/><F116/><W86/><G117/><T12/><D33/><U62/><E114/><V130/><F122/><W44/><G126/><T124/><D124/><U132/><E132/><V97/><F133/><W0/><G0/><T31/><D31/><U82/><E68/><V54/><F130/><N who="0" m="50282" /><D120/><U28/><E72/><V111/><F111/><W95/><G14/><T108/><D108/><U83/><E3/><V9/><F112/><W65/><G65/><T107/><D5/><N who="1" m="1547" /><E102/><V127/><F69/><W56/><G56/><T30/><D30/><U1/><E1/><V115/><F127/><W29/><G78/><T71/><D73/><U2/><E2/><V37/><F115/><W17/><G29/><T18/><D43/><U135/><E135/><V23/><F79/><N who="0" m="30282" /><D107/><U24/><E92/><V15/><F106/><W67/><G67/><N who="0" m="41455" /><D12/><U16/><E28/><N who="2" m="17535" /><F15/><W80/><G105/><T109/><D109/><U52/><E60/><N who="2" m="37903" /><F37/><W125/><G125/><T36/><D36/><U70/><E70/><V13/><F13/><W48/><G39/><T91/><AGARI ba="0,0" hai="18,19,91,94,98" m="41455,30282,50282" machi="91" ten="30,1100,0" yaku="19,1" doraHai="100" who="0" fromWho="0" sc="237,11,287,-5,243,-3,233,-3" /><INIT seed="2,0,0,0,1,32" ten="248,282,240,230" oya="2" hai0="108,70,73,109,60,72,1,74,67,53,82,76,52" hai1="59,5,128,93,118,112,20,111,66,131,11,28,120" hai2="126,135,55,121,40,80,21,48,30,86,10,110,104" hai3="45,6,114,16,46,7,123,71,107,116,14,38,106"/><V18/><F121/><W56/><G123/><T127/><D1/><U0/><E120/><V54/><F104/><W62/><G116/><T43/><D43/><U125/><E118/><V90/><F126/><W115/><G71/><T42/><D42/><U95/><E112/><N who="3" m="43050" /><G107/><T113/><D113/><U12/><E125/><V37/><F135/><W78/><G106/><T87/><REACH who="0" step="1"/><D127/><REACH who="0" ten="238,282,240,230" step="2"/><U134/><E134/><V2/><F40/><N who="3" m="22679" /><G46/><T130/><D130/><U117/><E128/><V89/><F37/><W96/><G78/><T81/><D81/><U88/><E131/><V63/><F80/><W9/><G96/><T36/><D36/><U92/><E117/><V83/><F83/><W98/><G98/><T129/><D129/><U47/><E0/><V105/><F2/><W68/><G68/><T25/><D25/><N who="1" m="16423" /><E111/><AGARI ba="0,1" hai="52,53,60,67,70,72,73,74,76,82,87,108,109,111" machi="111" ten="50,6400,0" yaku="1,1,14,1,54,1,53,0" doraHai="32" doraHaiUra="27" who="0" fromWho="1" sc="238,74,282,-64,240,0,230,0" /><INIT seed="3,0,0,5,2,77" ten="312,218,240,230" oya="3" hai0="83,12,30,52,132,17,103,14,81,91,25,39,95" hai1="19,6,126,85,35,18,40,64,102,127,87,78,56" hai2="22,43,124,48,88,2,130,99,76,69,73,9,31" hai3="75,112,63,23,72,109,108,26,38,86,101,134,97"/><W90/><G134/><T115/><D39/><U58/><E35/><V60/><F124/><N who="1" m="47657" /><E102/><V66/><F130/><W110/><G38/><T128/><D128/><U53/><E6/><V54/><F43/><W116/><G116/><T82/><D132/><U32/><E32/><V135/><F135/><W111/><N who="3" m="27648" /><DORA hai="71" /><W10/><G112/><T131/><D131/><U24/><E40/><V45/><F31/><N who="3" m="17887" /><G63/><T118/><D118/><U28/><E64/><V67/><F67/><W4/><G97/><T93/><D115/><U74/><E74/><V121/><F99/><W0/><G101/><T5/><D103/><U8/><E8/><V21/><F9/><W59/><G59/><N who="1" m="22570" /><E53/><V100/><F54/><W37/><G37/><T80/><D52/><U122/><E122/><V133/><F100/><W98/><G98/><T123/><D123/><U13/><E13/><V46/><F121/><W49/><G49/><T42/><D14/><U3/><E3/><V41/><F2/><W68/><G68/><T55/><D12/><U1/><E1/><V70/><F133/><W113/><G113/><T117/><D55/><U79/><E79/><V16/><F70/><W125/><G125/><T106/><D117/><U119/><E119/><V94/><F76/><W65/><G65/><T61/><D42/><U44/><E44/><V105/><F45/><W89/><G89/><T15/><D91/><U120/><E120/><V47/><F46/><W50/><G50/><T57/><D57/><U129/><E129/><V92/><F88/><W20/><G20/><T104/><D61/><U107/><E78/><RYUUKYOKU ba="0,0" sc="312,-10,218,-10,240,-10,230,30" hai3="0,4,10,72,75,86,90" /><INIT seed="3,1,0,2,1,52" ten="302,208,230,260" oya="3" hai0="48,74,83,104,116,130,19,13,110,105,37,4,60" hai1="9,57,133,25,106,1,132,26,129,120,93,15,11" hai2="36,82,30,115,127,40,98,43,85,29,16,70,54" hai3="58,42,12,84,5,122,50,94,0,44,112,86,114"/><W107/><G122/><T111/><D37/><U75/><E106/><V87/><F70/><W123/><G123/><T73/><D116/><U76/><E120/><V109/><F115/><W125/><G107/><N who="0" m="41035" /><D4/><N who="1" m="1167" /><E93/><V124/><F109/><N who="0" m="41482" /><D130/><U72/><E76/><V68/><F68/><W96/><G125/><T108/><D108/><U38/><E38/><V17/><F36/><W41/><G0/><T2/><D2/><U23/><E129/><V119/><F54/><N who="3" m="32087" /><G114/><T59/><D59/><U91/><E91/><V101/><F82/><W79/><G112/><T56/><D48/><U7/><E72/><V34/><F34/><W53/><G53/><N who="0" m="33807" /><D83/><U97/><E75/><V14/><F119/><W33/><G33/><T51/><D51/><U24/><E97/><V39/><F98/><W8/><G44/><T46/><D46/><U128/><E57/><V35/><F35/><W81/><G86/><T31/><D31/><N who="1" m="17823" /><E128/><V32/><F39/><W99/><G96/><T65/><D65/><U77/><E77/><V88/><F32/><W134/><G134/><AGARI ba="1,0" hai="7,11,15,25,26,132,133,134" m="17823,1167" machi="134" ten="30,3900,0" yaku="20,1,34,2" doraHai="52" who="1" fromWho="3" sc="302,0,208,42,230,0,260,-42" owari="302,40.2,250,5.0,230,-17.0,218,-28.2" /></mjloggm>