<mjloggm ver="2.3"><GO type="225" lobby="0"/><UN n0="%E9%80%9F%E6%B0%B4%E5%87%9B%E9%A6%99" n1="%E6%A1%9C%E8%8A%B1%E9%96%83%E3%80%85" n2="%E2%91%A3%E9%81%BF%E9%81%8A%E6%88%AF%E3%80%90%E6%9D%B1%E5%8D%97%E3%80%91" n3="%E3%82%B5%E3%83%AB%E3%82%B7%E3%83%B3" dan="16,17,16,16" rate="2125.85,2212.86,2108.99,2129.41" sx="F,M,M,M"/><TAIKYOKU oya="0"/><INIT seed="0,0,0,3,1,25" ten="250,250,250,250" oya="0" hai0="58,110,74,62,39,112,117,2,6,11,9,41,4" hai1="94,96,116,125,91,13,3,134,68,95,15,104,40" hai2="114,85,23,18,54,102,107,77,24,63,111,72,53" hai3="126,26,66,131,12,71,5,109,76,42,108,51,86"/><T80/><D117/><U59/><E116/><V31/><F114/><W20/><G131/><T120/><D112/><U75/><E68/><V84/><F111/><N who="3" m="42571" /><G126/><T29/><D120/><U64/><E104/><V61/><F72/><W130/><G130/><T123/><D123/><U44/><E3/><V35/><F63/><N who="3" m="40415" /><G42/><T19/><D110/><U98/><E75/><V113/><F113/><W7/><G51/><T60/><D19/><U101/><E134/><V133/><F133/><W89/><G12/><T69/><D69/><U34/><E34/><V73/><F73/><W30/><G76/><T0/><D41/><U32/><E32/><V50/><F77/><W48/><G48/><T46/><D46/><U47/><E125/><V135/><F135/><W52/><G52/><T17/><D39/><U88/><E101/><V16/><F107/><W82/><AGARI ba="0,0" hai="5,7,20,26,30,82,86,89" m="40415,42571" machi="82" ten="30,2000,0" yaku="14,1,52,1" doraHai="25" who="3" fromWho="3" sc="250,-10,250,-5,250,-5,250,20" /><INIT seed="1,0,0,3,2,47" ten="240,245,245,270" oya="1" hai0="107,44,81,110,91,134,18,133,61,7,15,82,73" hai1="120,123,100,117,25,8,131,29,3,101,63,35,20" hai2="90,126,67,105,87,97,13,129,60,132,65,125,114" hai3="71,56,66,57,38,104,121,95,41,28,102,59,84"/><U43/><E117/><V23/><F114/><W98/><G121/><T130/><D107/><U115/><E115/><V75/><F75/><W22/><G38/><T108/><D7/><U4/><E131/><V128/><F105/><W135/><G135/><N who="0" m="51723" /><D73/><U89/><E43/><V79/><F79/><W26/><G41/><T42/><D61/><U93/><E63/><V48/><F97/><W51/><G71/><T80/><D91/><U55/><E55/><V112/><F112/><W99/><G84/><T53/><D53/><U76/><E76/><V10/><F23/><W127/><G127/><N who="2" m="48649" /><F132/><W58/><G66/><N who="2" m="25097" /><F60/><W46/><N who="3" m="14336" /><DORA hai="103" /><W124/><G124/><T62/><D62/><U52/><E52/><V9/><F9/><W36/><G99/><T50/><D130/><U113/><E113/><V64/><F64/><W21/><G104/><T11/><AGARI ba="0,0" hai="11,15,18,42,44,50,80,81,82,108,110" m="51723" machi="11" ten="40,2700,0" yaku="20,1,52,1" doraHai="47,103" who="0" fromWho="0" sc="240,27,245,-13,245,-7,270,-7" /><INIT seed="2,0,0,4,1,28" ten="267,232,238,263" oya="2" hai0="55,77,71,25,118,61,45,49,53,121,0,34,116" hai1="94,30,62,100,52,122,114,42,43,27,81,98,63" hai2="80,95,59,93,38,110,76,126,124,18,83,132,36" hai3="14,72,39,85,135,84,79,128,103,113,64,117,37"/><V58/><F18/><W26/><G117/><N who="0" m="45163" /><D0/><U133/><E114/><V123/><F76/><W15/><G113/><T92/><D121/><U99/><E122/><V44/><F123/><W3/><G3/><T105/><D105/><U90/><E133/><V87/><F87/><W96/><G135/><T19/><D77/><U130/><E130/><V7/><F132/><W12/><G128/><T8/><D92/><U35/><E81/><V127/><F7/><W75/><G64/><N who="0" m="41359" /><D8/><U41/><REACH who="1" step="1"/><E52/><REACH who="1" ten="267,222,238,263" step="2"/><V120/><F120/><W47/><G75/><T48/><D55/><U11/><E11/><V51/><F83/><W74/><G72/><T91/><D53/><U88/><E88/><V107/><F80/><W111/><G74/><T134/><D91/><U65/><E65/><V6/><F107/><AGARI ba="0,1" hai="27,30,35,41,42,43,62,63,90,94,98,99,100,107" machi="107" ten="40,5200,0" yaku="1,1,52,1,53,1" doraHai="28" doraHaiUra="22" who="1" fromWho="2" sc="267,0,222,62,238,-52,263,0" /><INIT seed="3,0,0,4,5,43" ten="267,284,186,263" oya="3" hai0="45,109,134,89,46,85,4,90,20,0,54,60,106" hai1="104,32,126,51,29,93,91,77,130,6,117,121,115" hai2="69,96,10,110,65,116,25,132,78,86,75,52,7" hai3="56,81,94,53,102,62,30,26,2,41,16,87,8"/><W92/><G102/><T55/><D106/><U108/><E104/><V58/><F116/><W101/><G101/><T40/><D109/><U79/><E121/><V133/><F110/><W114/><G114/><T27/><D134/><U33/><E115/><V17/><F75/><W57/><G41/><T103/><D103/><U70/><E70/><V31/><F96/><W28/><G57/><N who="0" m="34871" /><D0/><U38/><E38/><V71/><F65/><W12/><G2/><T19/><D4/><U24/><E33/><V111/><F111/><W18/><G18/><T61/><D40/><U37/><E37/><V83/><F17/><W98/><G98/><T76/><D76/><U9/><E126/><V112/><F112/><W113/><G113/><T99/><D99/><U128/><E117/><V80/><F83/><W35/><REACH who="3" step="1"/><G28/><REACH who="3" ten="267,284,186,253" step="2"/><T22/><D19/><U131/><E108/><V3/><F133/><W88/><AGARI ba="0,1" hai="8,12,16,26,30,35,53,56,62,81,87,88,92,94" machi="88" ten="20,18000,2" yaku="1,1,2,1,0,1,7,1,54,2,53,1" doraHai="43" doraHaiUra="48" who="3" fromWho="3" sc="267,-60,284,-60,186,-60,253,190" owari="207,-19.3,224,2.4,126,-37.4,443,54.3" /></mjloggm>