<mjloggm ver="2.3"><GO type="225" lobby="0"/><UN n0="%E4%BF%BA%E3%81%A8%E5%A6%96%E5%A4%A2" n1="%28%EF%BF%A3%E2%96%BD%EF%BF%A3%29%CE%B4%E2%8C%92%E3%83%BB" n2="%E3%81%A9%E3%82%8F%E3%82%93%E3%81%94" n3="%E6%A0%B9%E5%85%83%E3%81%8B%E3%82%89%E5%90%B9%E3%81%A3%E9%A3%9B%E3%81%B6" dan="17,16,16,17" rate="2178.34,2131.67,2088.36,2164.86" sx="F,M,M,F"/><TAIKYOKU oya="0"/><BYE who="3" /><INIT seed="0,0,0,3,0,46" ten="250,250,250,250" oya="0" hai0="9,134,108,77,25,51,131,122,36,87,66,101,115" hai1="110,83,8,71,44,93,103,26,6,53,15,54,65" hai2="72,14,64,32,23,47,117,27,78,58,30,40,129" hai3="13,102,95,109,42,35,33,74,4,41,39,107,43"/><T104/><D115/><UN n3="%E6%A0%B9%E5%85%83%E3%81%8B%E3%82%89%E5%90%B9%E3%81%A3%E9%A3%9B%E3%81%B6" /><U29/><E110/><V68/><F129/><W97/><G109/><T86/><D108/><U10/><E71/><V91/><F68/><W114/><G114/><T130/><D122/><U84/><E65/><V7/><F117/><W28/><G74/><T63/><D36/><U135/><E135/><V55/><F64/><W133/><G39/><T98/><D134/><U75/><E75/><V121/><F121/><W31/><G107/><T80/><D9/><U92/><E10/><N who="2" m="4447" /><F72/><W100/><G133/><T99/><D99/><U48/><E54/><V49/><F32/><W1/><G1/><T88/><D51/><U106/><E103/><V79/><F91/><W73/><G73/><T56/><REACH who="0" step="1"/><D25/><REACH who="0" ten="240,250,250,250" step="2"/><U113/><E113/><V34/><F34/><W50/><G35/><T24/><D24/><U116/><E116/><V60/><AGARI ba="0,1" hai="23,27,30,40,47,49,55,58,60,78,79" m="4447" machi="60" ten="30,2000,0" yaku="8,1,52,1" doraHai="46" who="2" fromWho="2" sc="240,-10,250,-5,250,30,250,-5" /><INIT seed="1,0,0,5,4,89" ten="230,245,280,245" oya="1" hai0="92,127,26,85,108,29,32,48,79,126,102,113,122" hai1="57,62,34,54,120,58,6,107,64,100,33,51,76" hai2="66,18,72,50,91,123,121,47,94,46,135,42,17" hai3="52,22,44,69,81,0,12,95,83,30,109,20,21"/><U1/><E120/><V131/><F72/><W117/><G69/><T105/><D113/><U8/><REACH who="1" step="1"/><E76/><REACH who="1" ten="230,235,280,245" step="2"/><V114/><F114/><W4/><G117/><T15/><D122/><U96/><AGARI ba="0,1" hai="1,6,8,33,34,51,54,57,58,62,64,96,100,107" machi="96" ten="30,6000,0" yaku="1,1,2,1,0,1,53,0" doraHai="89" doraHaiUra="78" who="1" fromWho="1" sc="230,-20,235,70,280,-20,245,-20" /><INIT seed="1,1,0,2,3,66" ten="210,305,260,225" oya="1" hai0="54,8,125,34,23,124,80,20,32,31,82,1,129" hai1="87,126,17,95,111,84,19,133,53,16,43,114,35" hai2="28,26,49,78,65,68,113,94,99,38,86,62,128" hai3="27,76,135,89,13,2,101,116,70,30,18,4,61"/><U42/><E114/><V72/><F38/><W6/><G76/><T73/><D54/><U130/><E35/><N who="0" m="13353" /><D73/><U60/><E126/><N who="0" m="48745" /><D129/><U36/><E130/><V41/><F72/><W24/><G101/><T118/><D118/><U9/><E133/><V104/><F113/><W85/><G135/><T103/><D103/><U119/><E119/><V75/><F128/><W33/><G116/><T120/><D120/><U45/><E111/><V67/><F104/><W115/><G115/><T5/><D31/><U107/><E107/><V117/><F75/><W51/><G51/><T123/><D123/><U69/><E43/><V14/><F117/><W81/><G30/><T64/><D64/><U56/><E95/><V127/><F67/><W100/><G100/><T21/><AGARI ba="1,0" hai="1,5,8,20,21,23,80,82" m="48745,13353" machi="21" ten="40,1500,0" yaku="18,1" doraHai="66" who="0" fromWho="0" sc="210,18,305,-8,260,-5,225,-5" /><INIT seed="2,0,0,5,3,35" ten="228,297,255,220" oya="2" hai0="16,43,78,107,22,28,94,127,124,125,57,88,122" hai1="68,75,67,44,34,97,77,120,103,53,42,32,134" hai2="82,131,106,41,96,49,54,40,20,114,10,104,33" hai3="110,105,116,80,6,58,111,19,17,64,83,90,36"/><V121/><F114/><W45/><G105/><T9/><D107/><N who="1" m="63983" /><E53/><V31/><F33/><W87/><G116/><T132/><D122/><U50/><E50/><V71/><F71/><W4/><G64/><T14/><D132/><U15/><E15/><V61/><F61/><W129/><G58/><T5/><D43/><U79/><E79/><V95/><F121/><W1/><G129/><T7/><D78/><U70/><E134/><V46/><F131/><W51/><G36/><T8/><D57/><U86/><E86/><V102/><F82/><W48/><G87/><N who="0" m="52511" /><D28/><U130/><E130/><V91/><F106/><W23/><G90/><T89/><D89/><U99/><E99/><V98/><REACH who="2" step="1"/><F10/><AGARI ba="0,0" hai="5,7,8,9,10,14,16,22,124,125,127" m="52511" machi="10" ten="30,3900,0" yaku="18,1,54,2" doraHai="35" who="0" fromWho="2" sc="228,39,297,0,255,-39,220,0" /><INIT seed="3,0,0,2,0,39" ten="267,297,216,220" oya="3" hai0="56,80,69,99,62,12,7,70,135,33,26,96,1" hai1="83,54,94,103,34,118,55,37,127,71,51,90,129" hai2="120,58,97,52,87,29,32,132,84,23,100,6,10" hai3="3,122,16,75,46,112,98,92,107,19,115,72,20"/><W78/><G3/><T31/><D1/><U45/><E34/><V53/><F32/><W116/><G116/><T117/><D117/><U119/><E71/><V108/><F108/><W24/><G122/><T65/><D135/><U17/><E103/><V102/><F132/><W14/><G107/><T18/><D7/><U74/><E127/><V95/><F102/><W67/><G67/><T114/><D114/><U13/><E129/><V30/><F120/><W40/><G75/><T77/><D69/><U111/><E37/><V47/><F47/><W134/><G134/><T105/><D70/><U126/><E126/><V27/><F30/><W48/><G78/><T133/><D105/><U68/><E68/><V4/><F53/><W63/><G63/><T9/><REACH who="0" step="1"/><D133/><REACH who="0" ten="257,297,216,220" step="2"/><U121/><E118/><V49/><REACH who="2" step="1"/><F6/><REACH who="2" ten="257,297,206,220" step="2"/><W91/><REACH who="3" step="1"/><G72/><AGARI ba="0,2" hai="9,12,18,26,31,33,56,62,65,72,77,80,96,99" machi="72" ten="30,3900,0" yaku="1,1,2,1,7,1,53,0" doraHai="39" doraHaiUra="43" who="0" fromWho="3" sc="257,59,297,0,206,0,220,-39" owari="316,41.6,297,9.7,206,-19.4,181,-31.9" /></mjloggm>