<mjloggm ver="2.3"><GO type="225" lobby="0"/><UN n0="%E5%80%89%E6%A9%8B%EF%BC%A0%E4%BA%8B%E5%8B%99" n1="%E3%81%8C%E3%81%9F" n2="%E3%81%A9%E3%82%8F%E3%82%93%E3%81%94" n3="%E3%81%A1%E3%82%85%E3%81%86%E3%81%A9%E3%81%8F%E8%B1%A1%E3%81%95%E3%82%93" dan="16,16,16,17" rate="2135.04,2100.33,2202.89,2202.48" sx="M,F,M,M"/><TAIKYOKU oya="0"/><INIT seed="0,0,0,3,1,18" ten="250,250,250,250" oya="0" hai0="71,74,125,45,24,16,1,115,17,5,43,131,61" hai1="82,92,113,31,90,2,27,80,46,20,56,52,36" hai2="86,122,60,22,119,96,110,40,64,93,94,133,84" hai3="69,0,51,72,50,101,114,33,21,8,19,37,70"/><T55/><D115/><U30/><E113/><V117/><F40/><W38/><G114/><T68/><D74/><U98/><E2/><V108/><F60/><W4/><G33/><T26/><D131/><U25/><E46/><V7/><F7/><W66/><G72/><T29/><D125/><U76/><E36/><V95/><F64/><W11/><G101/><T3/><D55/><U73/><E80/><V10/><F10/><W75/><G75/><T132/><D132/><U83/><E83/><V121/><F22/><W106/><G106/><T103/><D103/><U13/><E13/><V97/><F95/><W134/><G134/><AGARI ba="0,0" hai="84,86,93,94,96,97,108,110,117,119,121,122,133,134" machi="134" ten="25,8000,1" yaku="22,2,34,3" doraHai="18" who="2" fromWho="3" sc="250,0,250,0,250,80,250,-80" /><INIT seed="1,0,0,1,4,84" ten="250,250,330,170" oya="1" hai0="42,36,76,110,90,57,6,83,94,4,116,48,43" hai1="30,104,44,40,38,100,27,14,7,132,55,11,128" hai2="93,86,105,131,24,61,35,26,122,92,106,81,59" hai3="29,2,69,1,114,49,129,96,73,98,65,20,58"/><U62/><E128/><V37/><F122/><W52/><G114/><T56/><D116/><U39/><E132/><V3/><F37/><W22/><G73/><T54/><D110/><U77/><E77/><V47/><F3/><W91/><G129/><T88/><D36/><U53/><E38/><V32/><F47/><W16/><G29/><T72/><D56/><U33/><REACH who="1" step="1"/><E62/><REACH who="1" ten="250,240,330,170" step="2"/><V50/><F131/><W31/><G31/><T19/><D76/><U89/><E89/><N who="0" m="34409" /><D72/><U130/><E130/><V71/><F61/><W97/><G91/><T45/><D83/><U125/><E125/><V21/><F50/><W9/><G69/><T115/><D115/><U111/><E111/><V23/><F81/><W121/><G121/><T13/><D94/><U82/><E82/><V5/><F92/><W41/><G65/><T107/><D107/><U109/><E109/><V108/><F108/><W124/><G124/><T25/><D25/><U17/><E17/><V63/><F71/><W74/><G74/><T60/><D42/><U66/><E66/><V95/><F63/><W101/><G41/><T67/><D43/><U112/><E112/><V99/><F106/><W134/><G134/><T123/><D123/><U34/><E34/><V79/><F105/><W8/><G101/><T70/><D70/><U120/><E120/><V126/><F35/><W51/><G51/><T117/><D117/><U103/><E103/><V46/><F32/><W133/><G133/><T78/><D78/><U102/><E102/><N who="2" m="60783" /><F79/><W85/><G16/><T28/><D28/><U80/><E80/><V12/><F126/><RYUUKYOKU ba="0,1" sc="250,15,240,15,330,-15,170,-15" hai0="4,6,13,19,45,48,54,57,60,67" hai1="7,11,14,27,30,33,39,40,44,53,55,100,104" /><INIT seed="1,1,1,0,0,101" ten="265,255,315,155" oya="1" hai0="1,122,121,116,74,104,66,27,23,25,133,88,39" hai1="84,26,51,110,94,115,81,120,86,114,96,119,132" hai2="46,62,125,28,40,18,15,24,34,87,129,43,118" hai3="128,76,108,111,7,124,53,6,135,93,95,70,14"/><U44/><E119/><V10/><F118/><W8/><G70/><T20/><D116/><U131/><E120/><N who="0" m="46185" /><D39/><U130/><E26/><N who="0" m="9737" /><D74/><U103/><E51/><V85/><F129/><N who="1" m="49161" /><E44/><V64/><F125/><W47/><G128/><T134/><D1/><U42/><E42/><V102/><F102/><W92/><G135/><N who="0" m="51723" /><D66/><U78/><E132/><V57/><F43/><W30/><G124/><T49/><D49/><AGARI ba="1,1" hai="10,15,18,24,28,34,40,46,49,57,62,64,85,87" machi="49" ten="30,1000,0" yaku="7,1" doraHai="101" who="2" fromWho="0" sc="265,-13,255,0,315,23,155,0" /><INIT seed="2,0,0,1,0,114" ten="252,255,338,155" oya="2" hai0="43,96,6,33,7,38,19,126,90,17,14,47,16" hai1="0,84,70,22,67,12,48,63,56,88,50,37,130" hai2="34,107,69,118,15,134,11,91,129,111,110,89,32" hai3="46,5,101,79,1,44,124,39,106,103,54,87,127"/><V112/><F112/><W73/><G87/><T24/><D126/><U3/><E37/><V104/><F69/><W51/><G44/><T20/><D33/><N who="2" m="12906" /><F134/><W2/><G39/><T60/><D60/><U80/><E130/><V75/><F75/><W65/><G65/><T30/><REACH who="0" step="1"/><D14/><REACH who="0" ten="242,255,338,155" step="2"/><U95/><E3/><V53/><F15/><W108/><G1/><T21/><D21/><U13/><E0/><V59/><F129/><W49/><G124/><T100/><D100/><U116/><E116/><V133/><F118/><W85/><G127/><T36/><D36/><U31/><E70/><V99/><F133/><W28/><G101/><T29/><D29/><U97/><E31/><V77/><F11/><W55/><G28/><T9/><D9/><U92/><E13/><V76/><F111/><W45/><G108/><T132/><D132/><U10/><E22/><V8/><F8/><W86/><G2/><T62/><D62/><U94/><REACH who="1" step="1"/><E97/><REACH who="1" ten="242,245,338,155" step="2"/><V121/><F99/><W113/><G113/><T122/><D122/><U57/><E57/><V66/><F121/><W72/><G5/><AGARI ba="0,2" hai="5,10,12,48,50,56,63,67,80,84,88,92,94,95" machi="5" ten="40,8000,1" yaku="1,1,8,1,54,1,53,1" doraHai="114" doraHaiUra="81" who="1" fromWho="3" sc="242,0,245,100,338,0,155,-80" /><INIT seed="3,0,0,1,0,101" ten="242,345,338,75" oya="3" hai0="16,26,130,110,21,38,78,127,91,57,90,77,122" hai1="107,61,83,119,89,56,111,98,79,53,124,5,88" hai2="22,60,93,51,3,36,29,129,11,73,31,99,74" hai3="1,47,80,68,33,81,35,20,13,105,116,135,24"/><W134/><G68/><T41/><D122/><U70/><E111/><V19/><F36/><W64/><G116/><T52/><D110/><U102/><E70/><V104/><F104/><W85/><G1/><T120/><D120/><U27/><E124/><V58/><F74/><W18/><G64/><T66/><D127/><U71/><E71/><V34/><F73/><W54/><G105/><T133/><D130/><U48/><E119/><V28/><F129/><W115/><G115/><T72/><D133/><N who="3" m="50697" /><G24/><T131/><D131/><U94/><E5/><V40/><F34/><N who="3" m="12811" /><G85/><T15/><D66/><N who="1" m="39207" /><E107/><V109/><F3/><W49/><AGARI ba="0,0" hai="13,18,20,47,49,54,80,81" m="12811,50697" machi="49" ten="40,2100,0" yaku="20,1" doraHai="101" who="3" fromWho="3" sc="242,-7,345,-7,338,-7,75,21" /><INIT seed="3,1,0,5,5,54" ten="235,338,331,96" oya="3" hai0="124,56,93,66,115,2,130,91,112,107,84,110,85" hai1="79,47,46,30,49,63,135,118,108,36,19,40,4" hai2="71,18,59,97,89,101,5,22,133,95,68,103,123" hai3="72,28,96,86,120,16,39,75,23,104,134,88,48"/><W82/><G120/><T62/><D2/><U26/><E108/><V119/><F119/><W9/><G39/><T98/><D110/><U78/><E118/><V55/><F133/><W53/><G134/><T80/><D124/><U29/><E135/><V35/><F35/><W25/><G104/><T6/><D6/><U117/><E117/><V32/><F32/><W105/><G105/><T58/><D130/><U17/><E4/><V129/><F129/><W109/><G109/><T92/><D107/><U70/><E79/><V102/><F123/><W99/><G75/><T81/><D115/><U76/><E76/><V126/><F5/><W11/><G72/><T15/><D15/><U90/><E90/><V13/><REACH who="2" step="1"/><F126/><REACH who="2" ten="235,338,321,96" step="2"/><W10/><REACH who="3" step="1"/><G28/><REACH who="3" ten="235,338,321,86" step="2"/><T0/><D112/><U51/><E29/><V24/><F24/><W60/><G60/><AGARI ba="1,2" hai="13,18,22,55,59,60,68,71,89,95,97,101,102,103" machi="60" ten="40,2600,0" yaku="1,1,52,1,53,0" doraHai="54" doraHaiUra="34" who="2" fromWho="3" sc="235,0,338,0,321,49,86,-29" owari="235,-16.5,338,13.8,370,47.0,57,-44.3" /></mjloggm>