<mjloggm ver="2.3"><GO type="225" lobby="0"/><UN n0="%E7%8D%A3%E8%87%AD%E3%81%84%E8%82%89%E7%90%83" n1="%E3%83%9D%E3%82%B1%E3%83%83%E3%83%88" n2="%E3%83%8F%E3%83%B3%E3%83%89%E3%83%A9%E3%83%BC%E3%83%BB%E3%83%AF%E3%83%B3" n3="%E5%B8%86%E7%AB%8B%E5%A4%8F%E8%A1%A3" dan="16,16,17,17" rate="2113.36,2119.22,2175.34,2143.56" sx="M,M,M,M"/><TAIKYOKU oya="0"/><INIT seed="0,0,0,5,2,90" ten="250,250,250,250" oya="0" hai0="30,98,110,55,40,87,51,27,7,10,8,134,91" hai1="5,133,74,54,106,26,65,121,1,76,119,77,24" hai2="116,113,48,33,32,36,79,25,67,123,11,125,92" hai3="128,46,19,34,122,64,21,20,0,124,3,43,63"/><T17/><D134/><U95/><E106/><V16/><F36/><W135/><G34/><T112/><D112/><U100/><E119/><V96/><F123/><W130/><G135/><T88/><D40/><U45/><E121/><V132/><F113/><W103/><G122/><T129/><D129/><N who="3" m="49769" /><G103/><T94/><D17/><U84/><E74/><V83/><F132/><W52/><G124/><T85/><D110/><U68/><E1/><N who="3" m="586" /><G19/><T99/><D27/><U42/><E24/><V111/><F111/><W50/><G43/><T47/><D30/><U23/><E100/><V41/><F125/><W60/><G60/><T56/><D47/><U9/><E45/><V58/><F116/><W86/><G86/><T53/><D53/><U66/><E54/><V75/><F41/><W72/><G72/><T6/><D6/><U59/><E5/><V118/><F118/><W73/><G73/><T101/><D7/><U28/><E42/><V35/><F48/><W109/><G109/><T29/><D29/><U80/><E84/><N who="0" m="32329" /><D101/><U49/><E133/><V2/><F2/><W13/><G13/><T127/><D127/><U61/><E28/><V4/><F4/><W104/><G104/><T82/><D99/><U12/><E26/><V89/><F25/><W18/><G18/><T22/><D82/><U38/><E80/><V131/><F131/><W39/><G39/><T120/><D120/><U31/><E38/><V70/><F33/><W62/><G62/><T15/><D91/><U93/><E31/><V78/><F32/><W57/><AGARI ba="0,0" hai="20,21,46,50,52,57,63,64" m="586,49769" machi="57" ten="30,2000,0" yaku="19,1,54,1" doraHai="90" who="3" fromWho="3" sc="250,-10,250,-5,250,-5,250,20" /><INIT seed="1,0,0,3,2,129" ten="240,245,245,270" oya="1" hai0="126,32,61,107,68,49,23,0,132,28,29,65,85" hai1="3,2,36,70,91,118,45,83,10,101,116,96,14" hai2="82,86,79,34,89,56,40,123,7,15,48,115,38" hai3="88,128,122,99,21,105,39,108,43,135,35,75,37"/><U6/><E70/><V77/><F123/><W64/><G35/><T73/><D73/><U87/><E36/><V124/><F34/><W97/><G75/><T66/><D126/><U19/><E45/><N who="2" m="25639" /><F38/><W127/><G122/><T54/><D0/><U18/><E2/><V125/><F115/><W131/><G127/><N who="2" m="48713" /><F56/><W57/><G108/><T109/><D109/><U26/><E26/><V24/><F24/><W16/><G105/><T17/><D107/><U69/><E69/><V100/><F100/><W60/><G43/><T114/><D114/><U112/><E112/><V8/><AGARI ba="0,0" hai="7,8,15,77,79,82,86,89" m="48713,25639" machi="8" ten="30,1100,0" yaku="18,1" doraHai="129" who="2" fromWho="2" sc="240,-3,245,-5,245,11,270,-3" /><INIT seed="2,0,0,0,3,68" ten="237,240,256,267" oya="2" hai0="16,123,53,0,121,77,101,135,51,128,59,60,107" hai1="108,87,91,62,45,22,44,94,106,86,110,31,125" hai2="93,115,65,71,127,75,129,29,32,58,4,50,49" hai3="55,89,88,73,70,27,15,133,92,9,79,109,43"/><V38/><F115/><W2/><G70/><T97/><D135/><U30/><E106/><V56/><F75/><W19/><G133/><T74/><D0/><U52/><E125/><V120/><F120/><W66/><G109/><N who="1" m="42090" /><E87/><V80/><F4/><W6/><G66/><T103/><D128/><U130/><E130/><V25/><F129/><W112/><G112/><T41/><D103/><U42/><E22/><V90/><F127/><W11/><G27/><T132/><D132/><U20/><E20/><V26/><F38/><W117/><G117/><T61/><D74/><U12/><E12/><V72/><F71/><W48/><G43/><T34/><D34/><U24/><E24/><V23/><F80/><W5/><G5/><T54/><D77/><U21/><E21/><V10/><F10/><W131/><G131/><T99/><D99/><U96/><E96/><V47/><F72/><W118/><G118/><T81/><D81/><U76/><E76/><V95/><F65/><W17/><G17/><T67/><D16/><U57/><E45/><V39/><F23/><W14/><G2/><T98/><D98/><U64/><E64/><V104/><F104/><W28/><G28/><T124/><D124/><U85/><E85/><N who="2" m="52431" /><F25/><W111/><G111/><T1/><D1/><U33/><E33/><V134/><F134/><W113/><G113/><T36/><D123/><U13/><E13/><V35/><F35/><W119/><G119/><T3/><D3/><U46/><E46/><V102/><F32/><W82/><G92/><T122/><D122/><U69/><E69/><V78/><F95/><RYUUKYOKU ba="0,0" sc="237,-15,240,15,256,-15,267,15" hai1="30,31,42,44,52,57,62,86,91,94" hai3="6,9,11,14,15,19,48,55,73,79,82,88,89" /><INIT seed="3,1,0,0,4,71" ten="222,255,241,282" oya="3" hai0="106,85,51,78,47,69,28,134,104,15,57,89,94" hai1="109,77,67,42,59,75,95,86,129,32,98,44,40" hai2="73,112,120,11,38,10,50,103,3,56,64,7,17" hai3="9,26,119,108,133,123,124,128,113,132,130,131,125"/><W99/><G113/><T24/><D69/><U100/><E32/><V88/><F112/><W116/><G123/><T18/><D134/><N who="3" m="51817" /><G108/><T127/><D127/><N who="3" m="48713" /><G26/><T83/><D57/><U135/><E59/><V29/><F56/><W21/><G21/><T36/><D36/><U30/><E109/><V101/><F38/><W45/><G45/><T82/><D82/><U121/><E44/><V34/><F34/><W41/><G41/><T61/><D61/><U92/><E40/><V0/><F50/><W2/><G99/><T23/><D51/><U39/><E98/><V90/><F120/><W16/><G16/><T54/><D54/><U4/><E42/><V14/><F17/><W122/><G122/><T126/><D126/><U107/><E121/><V115/><F115/><W110/><G110/><T117/><D47/><U53/><E53/><V118/><F29/><W66/><G66/><T27/><D117/><U12/><E67/><V79/><F64/><W60/><G60/><T81/><D81/><U72/><E30/><V96/><F96/><W105/><G105/><T19/><D19/><U6/><E107/><V13/><F118/><W91/><G91/><T76/><D27/><U5/><E135/><V48/><F48/><W68/><G68/><T35/><REACH who="0" step="1"/><D78/><REACH who="0" ten="212,255,241,282" step="2"/><U1/><E77/><V33/><F79/><W8/><G8/><T114/><D114/><U93/><E39/><V22/><F11/><W111/><G111/><T65/><D65/><U58/><E58/><V31/><F10/><W74/><G74/><AGARI ba="1,1" hai="15,18,23,24,28,35,74,76,83,85,89,94,104,106" machi="74" ten="30,2000,0" yaku="1,1,7,1,53,0" doraHai="71" doraHaiUra="63" who="0" fromWho="3" sc="212,33,255,0,241,0,282,-23" /><INIT seed="4,0,0,5,1,35" ten="245,255,241,259" oya="0" hai0="87,125,66,29,103,124,79,62,30,101,118,0,88" hai1="108,63,33,24,19,58,131,115,47,135,3,59,107" hai2="9,67,31,76,95,49,56,84,53,132,112,17,121" hai3="133,74,1,61,16,50,73,80,7,120,12,39,18"/><T72/><D118/><U38/><E108/><V126/><F121/><W44/><G120/><T82/><D0/><U96/><E131/><V51/><F112/><W68/><G133/><T11/><D11/><U55/><E135/><V93/><F132/><W36/><G18/><T45/><D45/><U10/><E115/><V81/><F126/><N who="0" m="48746" /><D101/><U110/><E110/><V26/><F67/><W20/><G74/><T60/><D103/><U70/><E10/><V113/><F113/><W89/><G7/><T46/><D46/><U86/><E47/><V91/><F51/><W23/><G23/><T119/><D119/><U2/><E33/><V85/><F95/><W57/><G68/><N who="0" m="42055" /><D62/><U129/><E70/><V43/><F43/><W134/><G134/><T48/><D48/><U77/><E63/><V6/><F17/><W54/><G1/><T102/><D102/><U27/><E3/><V122/><F122/><W127/><G127/><T94/><AGARI ba="0,0" hai="29,30,72,79,82,87,88,94" m="42055,48746" machi="94" ten="30,3000,0" yaku="18,1,54,1" doraHai="35" who="0" fromWho="0" sc="245,30,255,-10,241,-10,259,-10" /><INIT seed="4,1,0,0,2,110" ten="275,245,231,249" oya="0" hai0="130,1,86,43,19,101,75,59,35,61,122,17,48" hai1="70,39,32,54,4,60,80,64,81,118,22,91,133" hai2="95,6,67,29,10,14,71,84,126,33,34,50,135" hai3="113,15,112,3,131,73,99,74,11,8,45,68,69"/><T49/><D122/><U132/><E118/><V102/><F126/><W55/><G131/><T120/><D120/><U52/><E32/><V21/><F135/><N who="1" m="51785" /><E39/><V129/><F129/><W100/><G55/><N who="1" m="21034" /><E4/><V107/><F107/><N who="3" m="63903" /><G45/><T127/><D75/><N who="3" m="28681" /><G11/><T79/><D127/><U76/><E76/><V16/><F29/><W56/><G56/><T128/><D59/><U98/><E22/><V114/><F50/><W37/><G37/><T92/><D79/><U51/><E51/><V13/><F114/><N who="3" m="44139" /><G3/><T38/><D1/><U96/><E96/><V83/><F67/><W20/><G20/><T58/><D38/><U111/><E111/><V97/><REACH who="2" step="1"/><F71/><REACH who="2" ten="275,245,221,249" step="2"/><W121/><G121/><T7/><D130/><U93/><AGARI ba="1,1" hai="60,64,70,80,81,91,93,98" m="21034,51785" machi="93" ten="30,2000,0" yaku="20,1,54,1" doraHai="110" who="1" fromWho="1" sc="275,-11,245,33,221,-6,249,-6" /><INIT seed="5,0,0,2,1,39" ten="264,278,215,243" oya="1" hai0="60,42,53,1,51,103,64,44,21,76,10,57,101" hai1="112,31,46,48,50,36,102,84,91,122,134,105,75" hai2="40,118,125,94,114,120,123,119,28,20,24,77,100" hai3="15,38,49,85,116,80,58,65,54,29,126,92,37"/><U73/><E122/><N who="2" m="46635" /><F77/><W56/><G126/><T107/><D107/><U11/><E36/><V35/><F94/><W131/><G131/><T2/><D76/><U111/><E31/><N who="2" m="19943" /><F100/><W106/><G106/><T3/><D21/><U12/><E50/><V61/><F61/><N who="3" m="38055" /><G116/><N who="2" m="44585" /><F40/><W129/><G129/><T55/><D10/><U83/><E102/><V93/><F93/><W16/><G29/><T0/><N who="0" m="0" /><DORA hai="13" /><T19/><D19/><U4/><E75/><V68/><F68/><W78/><G38/><T104/><D104/><U108/><E73/><V5/><F5/><W66/><G37/><T133/><D133/><U117/><E134/><V74/><F74/><W9/><G66/><T121/><D121/><U8/><E117/><V124/><F114/><W98/><G92/><T89/><D89/><U32/><E112/><V26/><AGARI ba="0,0" hai="20,26,28,124,125" m="44585,19943,46635" machi="26" ten="40,2700,0" yaku="34,2" doraHai="39,13" who="2" fromWho="2" sc="264,-7,278,-13,215,27,243,-7" /><INIT seed="6,0,0,1,2,106" ten="257,265,242,236" oya="2" hai0="71,84,108,60,117,4,15,56,53,89,127,34,55" hai1="58,68,130,82,11,23,76,21,41,48,50,1,28" hai2="90,109,51,33,66,128,77,102,129,24,119,87,95" hai3="22,96,57,81,75,126,13,14,17,83,20,73,42"/><V8/><F119/><W9/><G126/><T47/><D108/><U18/><E68/><V69/><F109/><W132/><G132/><T105/><D127/><U98/><E98/><V114/><F114/><W38/><G38/><T74/><D74/><U72/><E28/><V100/><F51/><W40/><G57/><T30/><D105/><U67/><E130/><N who="2" m="50283" /><F77/><W125/><G125/><T26/><D117/><U133/><E48/><V131/><N who="2" m="50291" /><V45/><DORA hai="104" /><F45/><W135/><G135/><T85/><D71/><U103/><E50/><V110/><F110/><W65/><G96/><T43/><D55/><U0/><E76/><V99/><F8/><W52/><G52/><T39/><REACH who="0" step="1"/><D89/><REACH who="0" ten="247,265,242,236" step="2"/><U123/><E133/><V10/><F10/><AGARI ba="0,1" hai="4,10,15,26,30,34,39,43,47,53,56,60,84,85" machi="10" ten="40,2600,0" yaku="1,1,2,1,53,0" doraHai="106,104" doraHaiUra="116,46" who="0" fromWho="2" sc="247,36,265,0,242,-26,236,0" /><INIT seed="7,0,0,3,1,28" ten="283,265,216,236" oya="3" hai0="133,52,71,60,95,135,115,123,2,69,72,13,108" hai1="70,27,49,120,56,92,40,98,97,6,26,22,119" hai2="8,130,14,113,125,46,10,12,33,68,110,131,32" hai3="5,31,79,36,47,45,82,38,106,29,78,102,17"/><W57/><G5/><T124/><D108/><U63/><E120/><V74/><F110/><W64/><G106/><T25/><D123/><U89/><E70/><V15/><F68/><W43/><G102/><T134/><D2/><U107/><E119/><V85/><F74/><W83/><G57/><N who="0" m="34855" /><D124/><U117/><E6/><V50/><F125/><W103/><G103/><T127/><D127/><U76/><E76/><V86/><F113/><W59/><G59/><T93/><D115/><U35/><E35/><N who="2" m="13387" /><F8/><W0/><G0/><T44/><D72/><U114/><E117/><V129/><F10/><W116/><G116/><T105/><D105/><U111/><E107/><V24/><F24/><W84/><G17/><T21/><D13/><U61/><E27/><V112/><F112/><W75/><REACH who="3" step="1"/><G64/><REACH who="3" ten="283,265,216,226" step="2"/><T65/><D65/><U55/><E114/><V7/><F7/><W87/><G87/><T19/><D71/><U109/><E109/><V58/><F58/><W11/><G11/><T34/><D69/><U41/><E111/><V48/><F48/><W18/><G18/><T99/><D19/><N who="1" m="12639" /><E98/><V42/><AGARI ba="0,1" hai="12,14,15,42,46,50,85,86,129,130,131" m="13387" machi="42" ten="40,8000,1" yaku="19,1,52,3" doraHai="28" who="2" fromWho="2" sc="283,-20,265,-20,216,90,226,-40" owari="263,6.3,245,-15.5,306,40.6,186,-31.4" /></mjloggm>