<mjloggm ver="2.3"><GO type="225" lobby="0"/><UN n0="%40%79%75%6B%69%73" n1="%77%72%77%72%77%72%77%72" n2="%E3%81%82%E3%81%99%E3%81%AB%E3%82%83%E3%82%80" n3="%72%65%6E%6B%75%6E" dan="16,16,16,17" rate="2189.52,2237.95,2133.03,2203.65" sx="M,M,F,M"/><TAIKYOKU oya="0"/><INIT seed="0,0,0,0,0,127" ten="250,250,250,250" oya="0" hai0="92,33,109,110,87,74,11,114,62,5,56,64,49" hai1="34,129,44,116,93,28,61,10,100,111,29,112,88" hai2="9,107,99,59,0,58,38,37,91,115,123,60,15" hai3="1,72,16,19,51,106,12,66,36,4,70,68,96"/><T32/><D74/><U42/><E116/><V104/><F0/><W55/><G36/><T45/><D114/><U46/><E112/><V102/><F115/><W131/><G72/><T75/><D75/><U40/><E111/><N who="0" m="42505" /><D92/><U113/><E129/><V132/><F107/><W25/><G1/><N who="0" m="431" /><D87/><U133/><E133/><V18/><F132/><W17/><G131/><T22/><D22/><U119/><E34/><V67/><F123/><W21/><G4/><T35/><D35/><U48/><E119/><V124/><F124/><W78/><G78/><T71/><D71/><U52/><E10/><V125/><F125/><W101/><G66/><T103/><D103/><U85/><E100/><V83/><F58/><W43/><G43/><AGARI ba="0,0" hai="32,33,43,45,49,56,62,64" m="431,42505" machi="43" ten="30,2900,0" yaku="14,1,10,1" doraHai="127" who="0" fromWho="3" sc="250,29,250,0,250,0,250,-29" /><INIT seed="0,1,0,3,3,17" ten="279,250,250,221" oya="0" hai0="3,131,90,87,61,129,70,103,5,88,62,105,135" hai1="94,110,51,106,28,4,16,48,18,12,15,55,35" hai2="101,115,77,86,22,1,52,6,117,56,116,75,36" hai3="60,33,37,128,84,53,102,66,120,74,43,24,34"/><T45/><D135/><U107/><E110/><V71/><F71/><W26/><G74/><T50/><D90/><U133/><E133/><V124/><F115/><W99/><G120/><T81/><D3/><U41/><E4/><V89/><F36/><W76/><G128/><N who="0" m="49227" /><D70/><U109/><E109/><V73/><F124/><W132/><G132/><T96/><D5/><U67/><E67/><V20/><F101/><W119/><G119/><N who="2" m="45641" /><F77/><W82/><G53/><AGARI ba="1,0" hai="45,50,53,61,62,81,87,88,96,103,105" m="49227" machi="53" ten="30,2900,0" yaku="19,1,54,1" doraHai="17" who="0" fromWho="3" sc="279,32,250,0,250,0,221,-32" /><INIT seed="0,2,0,3,0,111" ten="311,250,250,189" oya="0" hai0="79,130,104,4,124,133,97,14,22,23,25,98,48" hai1="44,52,75,32,90,47,81,33,49,10,71,119,59" hai2="125,83,13,28,78,11,82,117,66,99,86,112,29" hai3="6,120,72,26,9,56,3,12,73,101,84,21,60"/><T106/><D79/><U64/><E119/><V41/><F112/><W27/><G120/><T39/><D39/><U1/><E71/><V129/><F129/><W67/><G101/><T94/><D98/><U107/><E107/><V113/><F113/><W20/><G3/><T95/><D95/><U51/><E1/><V17/><F125/><W89/><G21/><T7/><D130/><U127/><E127/><V114/><F114/><W45/><G45/><T15/><D124/><U91/><E10/><V65/><F41/><W68/><G68/><T96/><D94/><U121/><E121/><V126/><F126/><W43/><G43/><T35/><D48/><U128/><E128/><V46/><F46/><W36/><G36/><T53/><D53/><U123/><E123/><V108/><F99/><W55/><G67/><T30/><D25/><U2/><E75/><V118/><F108/><W92/><REACH who="3" step="1"/><G27/><REACH who="3" ten="311,250,250,179" step="2"/><T61/><D23/><U58/><E64/><V102/><F102/><W63/><G63/><T50/><D22/><U116/><E2/><V57/><F66/><W87/><G87/><T115/><D61/><U105/><E105/><V69/><F69/><W42/><G42/><T24/><D24/><U103/><E103/><V70/><F70/><W135/><G135/><T93/><D133/><U0/><E0/><V31/><F65/><W19/><AGARI ba="2,1" hai="6,9,12,19,20,26,55,56,60,72,73,84,89,92" machi="19" ten="20,2700,0" yaku="1,1,0,1,7,1,53,0" doraHai="111" doraHaiUra="34" who="3" fromWho="3" sc="311,-15,250,-9,250,-9,179,43" /><INIT seed="1,0,0,4,2,56" ten="296,241,241,222" oya="1" hai0="126,118,70,46,123,101,66,79,34,59,61,127,99" hai1="49,105,112,42,36,134,86,104,82,92,121,60,90" hai2="26,111,72,116,10,62,47,129,95,27,13,107,37" hai3="117,32,81,7,44,125,52,74,120,73,20,28,119"/><U58/><E112/><V30/><F107/><W115/><G115/><T35/><D118/><N who="3" m="45065" /><G120/><T98/><D123/><U97/><E121/><V50/><F116/><W122/><G122/><T75/><D46/><U110/><E36/><V33/><F111/><W131/><G125/><N who="0" m="47627" /><D59/><U22/><E110/><V135/><F72/><W51/><G131/><T5/><D5/><U67/><E134/><V18/><F135/><W8/><G32/><N who="0" m="12331" /><D101/><U103/><REACH who="1" step="1"/><E22/><REACH who="1" ten="296,231,241,222" step="2"/><V91/><F37/><W55/><G20/><T108/><D108/><U39/><E39/><V4/><F129/><W1/><G28/><T94/><D94/><U48/><E48/><V113/><F113/><W130/><G130/><T84/><D75/><N who="3" m="28681" /><G81/><AGARI ba="0,1" hai="61,66,70,79,81,84,98,99" m="12331,47627" machi="81" ten="30,2000,0" yaku="18,1,52,1" doraHai="56" who="0" fromWho="3" sc="296,30,231,0,241,0,222,-20" /><INIT seed="2,0,0,5,1,52" ten="326,231,241,202" oya="2" hai0="126,68,47,92,12,95,117,55,38,60,28,23,13" hai1="69,80,61,32,58,102,34,36,17,67,51,43,113" hai2="93,94,35,44,54,129,56,4,40,7,65,118,73" hai3="24,22,18,49,86,74,16,31,20,3,27,104,97"/><V96/><F118/><W101/><G74/><T50/><D126/><U127/><E127/><V133/><F73/><W76/><G3/><T6/><D38/><U2/><E113/><V108/><F35/><W64/><G64/><T45/><D45/><N who="1" m="23783" /><E2/><V130/><F133/><W123/><G123/><T29/><D60/><U25/><E102/><V134/><F134/><W90/><G49/><T135/><D68/><U1/><E1/><V70/><F65/><W115/><G76/><T81/><D55/><N who="1" m="32127" /><E80/><V111/><F70/><W100/><G100/><T26/><D50/><U82/><E82/><V116/><F116/><W106/><G115/><T37/><D47/><U78/><E78/><V30/><F30/><W9/><G9/><T132/><D37/><U99/><E99/><V46/><F46/><W66/><G66/><T39/><D39/><U120/><E120/><V87/><F44/><W119/><G119/><T131/><D81/><U124/><E124/><V0/><F40/><W91/><G104/><T114/><D95/><N who="2" m="36362" /><F87/><W8/><REACH who="3" step="1"/><G86/><REACH who="3" ten="326,231,241,192" step="2"/><T48/><D114/><U14/><E69/><V109/><F0/><W128/><G128/><N who="2" m="49257" /><F96/><W21/><G21/><T98/><D23/><N who="1" m="11703" /><E67/><V19/><F111/><W72/><G72/><T33/><D117/><U15/><E61/><N who="2" m="35991" /><F109/><W59/><G59/><T83/><D131/><U62/><E62/><V77/><F108/><W112/><G112/><T42/><D135/><U57/><E57/><V41/><F77/><W53/><G53/><T122/><D132/><U71/><E71/><V5/><F41/><W10/><G10/><T103/><D42/><RYUUKYOKU ba="0,1" sc="326,-15,231,-15,241,15,192,15" hai2="4,5,7,19" hai3="8,16,18,20,22,24,27,31,90,91,97,101,106" /><INIT seed="2,1,1,2,0,73" ten="311,216,256,207" oya="2" hai0="126,118,104,86,83,132,21,109,85,41,127,12,94" hai1="81,121,43,108,76,50,24,64,134,35,7,88,67" hai2="42,117,123,14,120,125,78,75,90,33,55,106,53" hai3="66,49,65,52,60,101,19,115,46,72,102,111,70"/><V131/><F117/><W17/><G72/><T28/><D118/><U37/><E108/><V91/><F33/><W31/><G111/><T51/><D109/><U128/><E37/><V80/><F106/><W32/><G115/><T58/><D104/><U79/><E128/><V105/><F105/><W96/><G66/><N who="1" m="25130" /><E35/><V48/><F131/><W68/><G68/><T27/><D132/><U34/><E34/><V103/><F103/><W112/><G112/><T100/><D12/><U113/><E134/><V15/><F125/><W0/><G0/><T29/><D29/><U56/><E121/><V25/><F25/><W97/><G102/><T3/><D3/><U47/><E7/><V54/><F120/><W99/><REACH who="3" step="1"/><G101/><REACH who="3" ten="311,216,256,197" step="2"/><T13/><D100/><U9/><E113/><V89/><REACH who="2" step="1"/><F123/><REACH who="2" ten="311,216,246,197" step="2"/><W61/><G61/><T22/><D127/><U130/><E130/><V95/><F95/><W11/><G11/><T93/><D94/><U135/><E9/><V124/><F124/><W8/><G8/><T133/><D93/><U6/><E135/><V107/><F107/><W69/><G69/><T82/><D133/><U98/><E24/><AGARI ba="1,3" hai="17,19,24,31,32,46,49,52,60,65,70,96,97,99" machi="24" ten="40,2600,0" yaku="1,1,54,1,53,0" doraHai="73" doraHaiUra="36" who="3" fromWho="1" sc="311,0,216,-29,246,0,197,59" /><INIT seed="3,0,0,2,3,6" ten="311,187,246,256" oya="3" hai0="90,97,0,121,108,116,28,54,11,41,39,105,19" hai1="52,102,46,65,75,95,120,88,66,62,24,71,74" hai2="109,73,53,117,131,87,119,50,60,63,69,45,64" hai3="125,22,32,13,17,61,78,56,126,104,81,48,25"/><W5/><G104/><T68/><D121/><U106/><E120/><V12/><F73/><W26/><G48/><T93/><D68/><U33/><E65/><N who="2" m="41127" /><F12/><W20/><G32/><T122/><D108/><U31/><E106/><V76/><F87/><W23/><G5/><T115/><D54/><U89/><E102/><V110/><F76/><W96/><G96/><T70/><D70/><U29/><E29/><V43/><F43/><W79/><G79/><T30/><D105/><U124/><E124/><V100/><F100/><W107/><G107/><T1/><D122/><U85/><REACH who="1" step="1"/><E89/><REACH who="1" ten="311,177,246,256" step="2"/><V113/><F110/><W42/><G125/><T92/><D90/><U18/><E18/><V91/><F91/><W27/><G126/><T86/><D19/><U99/><E99/><V84/><F109/><W49/><G26/><T4/><D30/><U7/><E7/><V38/><F117/><W35/><G27/><T34/><D28/><U127/><E127/><V57/><F119/><W16/><G35/><T123/><D97/><U98/><E98/><V128/><F113/><W47/><G25/><T37/><D34/><U21/><E21/><V10/><F10/><W103/><G103/><T80/><D11/><U9/><E9/><V82/><F38/><W3/><G17/><T133/><D37/><U134/><E134/><V51/><F51/><AGARI ba="0,1" hai="24,31,33,46,51,52,62,66,71,74,75,85,88,95" machi="51" ten="40,8000,1" yaku="1,1,54,2,53,1" doraHai="6" doraHaiUra="40" who="1" fromWho="2" sc="311,0,177,90,246,-80,256,0" owari="311,41.1,267,6.7,166,-33.4,256,-14.4" /></mjloggm>