<mjloggm ver="2.3"><GO type="225" lobby="0"/><UN n0="%E4%B8%89%E5%88%86%E5%B0%8F%E5%83%A7" n1="%E3%81%AA%E3%81%BE%E3%81%91%E8%80%85" n2="%6D%75%75%73%61%6E%6D%75" n3="%E3%80%90%E8%92%BC%E7%90%89%E3%80%91" dan="16,16,16,16" rate="2084.50,2118.91,2148.74,2118.13" sx="M,M,F,F"/><TAIKYOKU oya="0"/><INIT seed="0,0,0,3,5,42" ten="250,250,250,250" oya="0" hai0="68,83,94,12,74,91,121,108,46,0,71,36,2" hai1="131,66,101,60,73,115,24,75,25,45,130,118,31" hai2="134,50,125,135,106,21,59,41,117,61,52,116,6" hai3="35,72,107,64,54,127,78,126,9,92,99,27,19"/><T123/><D74/><U81/><E118/><N who="2" m="45675" /><F106/><W77/><G107/><T3/><D83/><U124/><E101/><V16/><F125/><N who="3" m="47627" /><G64/><T93/><D108/><U80/><E124/><V132/><F6/><W89/><G72/><T28/><D28/><U17/><E115/><V34/><F34/><W87/><G54/><T109/><D109/><U67/><E31/><V10/><F10/><W44/><G44/><T57/><D12/><U38/><E60/><V90/><F90/><N who="3" m="55703" /><G35/><T102/><D102/><U65/><E65/><N who="2" m="39103" /><F41/><W95/><G9/><T48/><D57/><U1/><E67/><V18/><F21/><AGARI ba="0,0" hai="19,21,27,77,78,87,89,95" m="55703,47627" machi="21" ten="30,1000,0" yaku="18,1" doraHai="42" who="3" fromWho="2" sc="250,0,250,0,250,-10,250,10" /><INIT seed="1,0,0,0,0,19" ten="250,250,240,260" oya="1" hai0="62,113,1,38,109,47,2,45,6,63,0,135,82" hai1="121,71,51,79,52,30,120,66,3,13,17,88,111" hai2="22,11,85,89,76,48,57,132,42,46,80,67,94" hai3="107,64,8,90,101,34,28,95,123,18,4,50,104"/><U106/><E3/><V29/><F132/><W9/><G123/><T7/><D113/><U39/><E39/><V77/><F11/><W98/><G64/><T37/><D135/><U100/><E79/><V54/><F67/><W125/><G125/><T87/><D109/><U84/><E30/><V74/><F74/><W127/><G127/><T14/><D14/><U21/><E111/><V108/><F108/><W93/><G18/><T83/><D0/><U78/><E78/><V91/><F29/><W44/><G28/><T26/><REACH who="0" step="1"/><D87/><REACH who="0" ten="240,250,240,260" step="2"/><U55/><E121/><V92/><F22/><W69/><G34/><T65/><D65/><U35/><E120/><V72/><F72/><W103/><G8/><T5/><D5/><U25/><E66/><V133/><F133/><W56/><G9/><T134/><D134/><U36/><E71/><V129/><F129/><W49/><G4/><T118/><D118/><U12/><E12/><V10/><F10/><W53/><G69/><T117/><D117/><U61/><E35/><V31/><F31/><W16/><G16/><T68/><D68/><U97/><E25/><AGARI ba="0,1" hai="1,2,6,7,25,26,37,38,45,47,62,63,82,83" machi="25" ten="25,3200,0" yaku="1,1,22,2,53,0" doraHai="19" doraHaiUra="75" who="0" fromWho="1" sc="240,42,250,-32,240,0,260,0" /><INIT seed="2,0,0,1,4,1" ten="282,218,240,260" oya="2" hai0="115,93,121,88,5,10,61,8,41,124,73,43,15" hai1="75,18,127,86,83,4,56,102,117,25,130,71,70" hai2="29,134,11,63,107,103,13,45,120,129,82,0,106" hai3="68,78,60,74,40,112,47,87,36,46,65,51,16"/><V35/><F120/><W64/><G112/><T95/><D73/><U125/><E117/><V126/><F0/><W85/><G64/><T26/><D121/><U23/><E75/><V42/><F129/><W55/><G78/><T132/><D124/><U133/><E130/><V99/><F126/><W50/><G74/><T54/><D132/><U84/><E102/><V72/><F134/><W30/><G30/><T111/><D111/><U24/><E133/><V97/><F63/><W44/><REACH who="3" step="1"/><G16/><REACH who="3" ten="282,218,240,250" step="2"/><T67/><D115/><U109/><E127/><V119/><F119/><W114/><G114/><T94/><D67/><U90/><E125/><V113/><F113/><W89/><G89/><T27/><D88/><U81/><E109/><V105/><F29/><W2/><G2/><T131/><D131/><U59/><E71/><V31/><F31/><W69/><G69/><T96/><D10/><U32/><E70/><V3/><F3/><W37/><G37/><T19/><D19/><U135/><E135/><V57/><F35/><W9/><G9/><T14/><D8/><U48/><E32/><V98/><F103/><W116/><G116/><T22/><D27/><U33/><E25/><V58/><F11/><W92/><G92/><T66/><D26/><U38/><E33/><V128/><F128/><W79/><G79/><T80/><D22/><U122/><E38/><N who="2" m="21719" /><F13/><W110/><G110/><T76/><D15/><U20/><E20/><V39/><F39/><W12/><G12/><T53/><D14/><U28/><E28/><V52/><F52/><AGARI ba="0,1" hai="36,40,44,46,47,50,51,52,55,60,65,68,85,87" machi="52" ten="30,7700,0" yaku="1,1,7,1,9,1,54,1,53,0" doraHai="1" doraHaiUra="101" who="3" fromWho="2" sc="282,0,218,0,240,-77,250,87" /><INIT seed="3,0,0,5,0,54" ten="282,218,163,337" oya="3" hai0="63,12,57,73,90,39,74,100,106,84,64,108,16" hai1="77,21,79,17,94,19,56,127,67,66,50,89,91" hai2="121,0,132,78,122,118,105,55,120,103,60,62,96" hai3="82,128,28,34,26,3,1,107,112,42,44,14,129"/><W43/><G107/><T104/><D39/><U97/><E127/><V61/><F118/><W20/><G112/><T48/><D108/><U110/><E110/><V95/><F0/><W101/><G101/><T2/><D2/><N who="3" m="521" /><G82/><T123/><D123/><U115/><E115/><V114/><F114/><W130/><G44/><T111/><D111/><U49/><E21/><V25/><F132/><W33/><G14/><T85/><D85/><U51/><E51/><V131/><F131/><W30/><G30/><T99/><D48/><U134/><E134/><V93/><F78/><W46/><G46/><T35/><D35/><AGARI ba="0,0" hai="20,26,28,33,34,35,42,43,128,129,130" m="521" machi="35" ten="40,2000,0" yaku="19,1" doraHai="54" who="3" fromWho="0" sc="282,-20,218,0,163,0,337,20" owari="262,6.2,218,-18.2,163,-33.7,357,45.7" /></mjloggm>