<mjloggm ver="2.3"><GO type="225" lobby="0"/><UN n0="%E7%89%B9%E6%9D%B1%E3%81%AF%E4%B8%96%E7%95%8C%E3%82%92%E6%95%91%E3%81%86" n1="%33%74%72%65%65" n2="%E3%81%AA%E3%82%81%E3%81%93%E9%9B%80%E5%A3%AB" n3="%E4%BF%BA%E3%81%A8%E5%A6%96%E5%A4%A2" dan="16,16,16,17" rate="2035.41,2193.80,2032.40,2196.47" sx="M,F,M,F"/><TAIKYOKU oya="0"/><INIT seed="0,0,0,2,0,130" ten="250,250,250,250" oya="0" hai0="84,97,46,47,120,25,124,109,16,5,33,50,39" hai1="9,13,135,116,89,34,103,119,52,134,133,91,40" hai2="125,26,58,106,28,55,15,105,111,10,62,81,126" hai3="98,20,92,57,24,51,74,65,18,48,85,129,107"/><T43/><D120/><U127/><E127/><N who="2" m="48651" /><F81/><W75/><G129/><T27/><D124/><U67/><E34/><N who="2" m="20759" /><F111/><W53/><G107/><T101/><D109/><U121/><E121/><V45/><F45/><W11/><G85/><T123/><D123/><U99/><E40/><V64/><F55/><W71/><G71/><T12/><D5/><AGARI ba="0,0" hai="5,10,15,58,62,64,105,106" m="20759,48651" machi="5" ten="30,1000,0" yaku="18,1" doraHai="130" who="2" fromWho="0" sc="250,-10,250,0,250,10,250,0" /><INIT seed="1,0,0,1,5,96" ten="240,250,260,250" oya="1" hai0="52,98,74,87,48,134,14,129,68,78,126,41,3" hai1="5,135,13,28,17,22,111,0,63,125,53,18,10" hai2="120,81,75,31,107,46,85,36,12,102,76,97,6" hai3="80,122,114,26,4,84,27,69,9,113,51,55,83"/><U119/><E119/><V23/><F120/><W105/><G122/><T106/><D3/><U38/><E38/><V94/><F6/><W29/><G69/><T73/><D68/><U58/><E135/><V56/><F56/><W127/><G127/><T50/><D126/><U124/><E111/><V77/><F77/><W95/><G105/><T116/><D116/><U54/><E28/><V11/><F11/><W39/><G39/><T42/><D134/><U59/><REACH who="1" step="1"/><E18/><REACH who="1" ten="240,240,260,250" step="2"/><V104/><F31/><W8/><G29/><T82/><D129/><U24/><E24/><V100/><F36/><W21/><G27/><T92/><D14/><U123/><E123/><V86/><F12/><W70/><G26/><T49/><D106/><N who="2" m="40490" /><F23/><W67/><G21/><T32/><D32/><U108/><E108/><V15/><F15/><W115/><G115/><T101/><REACH who="0" step="1"/><D52/><REACH who="0" ten="230,240,260,250" step="2"/><U90/><E90/><N who="2" m="55511" /><F46/><W79/><G55/><T91/><D91/><U64/><E64/><V93/><F75/><AGARI ba="0,2" hai="41,42,48,49,50,73,74,75,78,82,87,92,98,101" machi="75" ten="40,2600,0" yaku="1,1,52,1,53,0" doraHai="96" doraHaiUra="62" who="0" fromWho="2" sc="230,46,240,0,260,-26,250,0" /><INIT seed="2,0,0,5,0,44" ten="276,240,234,250" oya="2" hai0="13,46,72,94,109,30,114,58,134,85,2,52,9" hai1="53,55,36,118,59,103,54,43,77,26,84,104,111" hai2="95,106,41,129,100,4,5,119,50,132,93,116,57" hai3="14,23,45,15,63,76,69,37,74,51,110,88,73"/><V20/><F132/><W70/><G37/><T108/><D114/><U16/><E118/><V39/><F39/><W113/><G113/><T90/><D72/><U42/><E111/><N who="0" m="42569" /><D134/><U78/><E104/><V66/><F129/><W49/><G110/><T67/><D30/><U79/><E36/><V87/><F106/><W92/><G76/><T124/><D124/><U127/><E127/><V135/><F135/><W81/><G81/><T11/><D2/><U38/><E38/><V121/><F121/><W62/><G45/><T101/><D101/><U0/><E0/><V105/><F105/><W102/><G102/><T31/><D31/><U83/><E103/><V28/><F119/><W17/><G23/><T80/><D94/><U131/><E131/><V1/><F95/><W126/><G92/><T130/><D130/><U97/><E97/><N who="2" m="59439" /><F87/><W98/><G126/><T71/><D46/><U21/><REACH who="1" step="1"/><E59/><REACH who="1" ten="276,230,234,250" step="2"/><V86/><F1/><W24/><G98/><T29/><D58/><U99/><E99/><V27/><F116/><W19/><G24/><T7/><D71/><U10/><E10/><V60/><F86/><W47/><G47/><AGARI ba="0,1" hai="4,5,20,27,28,41,47,50,57,60,66" m="59439" machi="47" ten="30,5800,0" yaku="25,1,8,1,52,1" doraHai="44" who="2" fromWho="3" sc="276,0,230,0,234,68,250,-58" /><INIT seed="2,1,0,4,4,91" ten="276,230,302,192" oya="2" hai0="97,26,71,11,62,12,24,15,101,105,123,73,43" hai1="1,69,110,3,23,67,107,76,75,77,87,59,108" hai2="99,116,47,103,9,14,65,38,124,100,106,119,66" hai3="49,50,126,39,113,40,19,115,64,4,89,133,55"/><V28/><F124/><W79/><G79/><T96/><D73/><U57/><E75/><V114/><F103/><W46/><G4/><T51/><D123/><U93/><E107/><V37/><F28/><W17/><G126/><T31/><D96/><U45/><E45/><V129/><F129/><W132/><G17/><T18/><D43/><U131/><E131/><V120/><F114/><N who="3" m="43531" /><G19/><T13/><D51/><U29/><E1/><V8/><F8/><W130/><G130/><T0/><D0/><U10/><E10/><V53/><F38/><W90/><G90/><T78/><D78/><U58/><E3/><V70/><F70/><W30/><G30/><T60/><D60/><N who="1" m="40167" /><E29/><V41/><F53/><W85/><G64/><N who="0" m="41367" /><D26/><U44/><E76/><V2/><F66/><W63/><G63/><T104/><D104/><U32/><E77/><V34/><F65/><W61/><G61/><T54/><D24/><U48/><E48/><N who="3" m="18538" /><G55/><T117/><D54/><U95/><E44/><V68/><F68/><W7/><G7/><T94/><D31/><U42/><E42/><V22/><F22/><W98/><G98/><T74/><D74/><U35/><E23/><V118/><F14/><W36/><G36/><T128/><D128/><U5/><E5/><N who="2" m="1207" /><F34/><N who="1" m="12841" /><E87/><V16/><F16/><W127/><G127/><T121/><D15/><U102/><E102/><V83/><F83/><AGARI ba="1,0" hai="39,40,46,83,85,89,132,133" m="18538,43531" machi="83" ten="30,1000,0" yaku="11,1" doraHai="91" who="3" fromWho="2" sc="276,0,230,0,302,-13,192,13" /><INIT seed="3,0,0,3,3,26" ten="276,230,289,205" oya="3" hai0="27,57,106,15,25,130,86,84,97,36,124,39,1" hai1="2,7,58,60,29,68,80,127,132,4,42,28,122" hai2="98,30,17,32,91,55,45,18,75,85,78,3,114" hai3="101,65,54,102,51,121,46,0,117,61,19,33,52"/><W47/><G117/><T76/><D1/><U89/><E68/><V50/><F3/><W8/><G121/><T6/><D130/><U128/><E122/><V53/><F114/><W38/><G33/><T93/><D106/><U133/><E128/><V44/><F98/><W120/><G120/><T9/><D124/><U64/><E42/><V118/><F78/><W104/><G104/><T100/><D39/><U48/><E48/><V115/><F75/><W10/><G10/><T63/><D36/><U111/><E111/><V83/><F115/><W82/><G54/><T34/><D34/><U59/><E59/><V41/><F55/><W66/><G66/><T70/><D70/><U131/><E131/><V35/><F35/><W56/><G82/><N who="0" m="47175" /><D86/><N who="1" m="50375" /><E127/><V103/><F103/><W112/><G112/><T37/><D37/><U99/><E99/><V134/><F134/><N who="1" m="51817" /><E2/><V113/><F113/><W31/><G31/><AGARI ba="0,0" hai="4,7,28,29,31,58,60,64" m="51817,50375" machi="31" ten="30,7700,0" yaku="20,1,52,3" doraHai="26" who="1" fromWho="3" sc="276,0,230,77,289,0,205,-77" owari="276,-12.4,307,40.7,289,8.9,128,-37.2" /></mjloggm>