<mjloggm ver="2.3"><GO type="225" lobby="0"/><UN n0="%E6%9D%BE%E6%9C%AC%E5%81%A5%E7%94%B7" n1="%E3%81%82%E3%81%84%E3%81%82%E3%81%8A%E3%81%84" n2="%E3%81%A9%E3%82%8F%E3%82%93%E3%81%94" n3="%47%32%E9%BE%8D%E9%96%80" dan="16,18,16,16" rate="2140.88,2188.39,2216.61,2101.29" sx="M,M,M,M"/><TAIKYOKU oya="0"/><INIT seed="0,0,0,0,2,95" ten="250,250,250,250" oya="0" hai0="14,16,112,65,131,15,83,57,36,77,35,53,93" hai1="44,50,56,59,60,52,27,63,82,30,102,126,66" hai2="123,129,85,43,24,104,134,42,0,61,39,72,116" hai3="33,29,5,55,64,87,11,89,76,38,98,18,128"/><T75/><D112/><U40/><E126/><V110/><RYUUKYOKU type="yao9" ba="0,0" sc="250,0,250,0,250,0,250,0" hai2="0,24,39,42,43,61,72,85,104,110,116,123,129,134" /><INIT seed="0,1,0,4,1,21" ten="250,250,250,250" oya="0" hai0="32,109,34,112,87,71,48,94,30,117,19,124,99" hai1="92,79,129,39,47,86,4,68,125,132,52,74,122" hai2="70,26,1,40,73,105,96,91,55,42,66,130,106" hai3="35,128,110,11,7,67,82,120,93,102,98,27,90"/><T58/><D117/><U46/><E122/><V119/><F1/><W116/><G110/><T15/><D112/><U62/><E74/><V95/><F73/><W113/><G116/><T17/><D71/><U0/><E4/><V16/><F119/><W131/><G113/><T38/><D38/><U51/><E0/><V59/><F130/><N who="3" m="49707" /><G120/><T80/><D124/><U114/><E129/><V123/><F123/><W28/><G67/><T25/><D34/><U78/><E114/><V6/><F6/><W12/><G82/><T76/><D109/><U63/><E125/><V127/><F127/><W56/><G56/><T24/><D24/><U107/><E107/><V2/><F2/><W9/><G11/><T14/><D14/><U3/><E3/><V64/><F106/><W60/><G60/><T5/><D5/><U36/><E132/><V50/><F105/><W49/><G49/><T135/><D135/><U33/><E33/><V8/><F70/><W134/><G134/><T29/><D29/><U57/><E92/><V97/><F97/><W72/><G72/><T22/><D17/><U65/><E86/><V118/><F118/><W54/><G54/><T43/><D58/><N who="1" m="35143" /><E79/><V108/><F108/><W77/><G77/><T126/><D126/><U31/><E78/><V89/><F66/><W75/><G75/><T104/><D104/><U101/><E31/><V121/><F64/><W13/><G102/><T10/><D32/><U61/><E101/><N who="2" m="60575" /><F121/><W69/><G69/><T41/><REACH who="0" step="1"/><D48/><REACH who="0" ten="240,250,250,250" step="2"/><U44/><E51/><V83/><F50/><W103/><G13/><T18/><D18/><RYUUKYOKU ba="1,1" sc="240,10,250,10,250,-30,250,10" hai0="10,15,19,22,25,30,41,43,76,80,87,94,99" hai1="36,39,44,46,47,57,61,63,65,68" hai3="7,9,12,27,28,35,90,93,98,103" /><INIT seed="0,2,1,4,2,94" ten="250,260,220,260" oya="0" hai0="131,60,89,54,19,63,81,48,106,10,96,134,21" hai1="77,33,45,126,27,122,79,37,98,62,125,49,65" hai2="18,59,8,4,110,1,113,84,17,115,24,38,112" hai3="99,117,16,9,30,43,70,5,14,132,129,20,12"/><T71/><D134/><U114/><E37/><V55/><F38/><W118/><G70/><T64/><D131/><U31/><E122/><V56/><F110/><W41/><G132/><T61/><D10/><U92/><E114/><V101/><F101/><W121/><G129/><T58/><D81/><U2/><E2/><V119/><F119/><W76/><G121/><T80/><D80/><U35/><E35/><V124/><F124/><N who="1" m="47721" /><E49/><V26/><F84/><W95/><G76/><T3/><D3/><U69/><E45/><V107/><F107/><W116/><REACH who="3" step="1"/><G30/><REACH who="3" ten="250,260,220,250" step="2"/><T93/><REACH who="0" step="1"/><D106/><REACH who="0" ten="240,260,220,250" step="2"/><U52/><E79/><V23/><F115/><W46/><G46/><T108/><D108/><U123/><E77/><V11/><F113/><W28/><G28/><T104/><D104/><U57/><E123/><V40/><F112/><W13/><G13/><AGARI ba="2,3" hai="13,19,21,48,54,58,60,61,63,64,71,89,93,96" machi="13" ten="30,5800,0" yaku="1,1,7,1,52,1,53,0" doraHai="94" doraHaiUra="82" who="0" fromWho="3" sc="240,94,260,0,220,0,250,-64" /><INIT seed="0,3,0,2,3,100" ten="334,260,220,186" oya="0" hai0="49,133,67,42,18,103,16,131,96,58,5,52,13" hai1="25,111,114,122,66,76,59,121,51,28,120,71,61" hai2="39,45,69,129,94,109,38,40,62,84,23,63,106" hai3="30,29,77,128,89,1,135,105,14,7,11,0,98"/><T19/><D133/><U53/><E76/><V47/><F109/><W26/><G77/><T70/><D131/><U87/><E87/><V115/><F129/><W12/><G128/><T82/><D42/><U74/><E74/><V104/><F115/><W34/><G89/><T6/><D70/><U107/><E111/><V132/><F132/><W55/><G55/><T68/><D68/><U36/><E36/><V73/><F73/><W92/><G92/><T95/><D67/><U20/><REACH who="1" step="1"/><E114/><REACH who="1" ten="334,250,220,186" step="2"/><V22/><F84/><W72/><G72/><T43/><D82/><U50/><E50/><V112/><F112/><W113/><G113/><T88/><D43/><U44/><E44/><V75/><F75/><W101/><G135/><T110/><D110/><U119/><E119/><V57/><F40/><W33/><REACH who="3" step="1"/><G1/><REACH who="3" ten="334,250,220,176" step="2"/><T130/><D130/><U17/><E17/><N who="0" m="6761" /><D88/><U4/><E4/><V41/><F41/><W64/><G64/><T24/><D24/><AGARI ba="3,2" hai="0,7,11,12,14,24,26,29,30,33,34,98,101,105" machi="24" ten="40,5200,0" yaku="1,1,9,1,52,1,53,0" doraHai="100" doraHaiUra="37" who="3" fromWho="0" sc="334,-61,250,0,220,0,176,81" /><INIT seed="1,0,0,4,1,57" ten="273,250,220,257" oya="1" hai0="20,1,77,89,102,86,125,36,64,3,30,119,8" hai1="133,121,78,25,9,5,101,69,71,65,47,107,48" hai2="29,31,18,90,111,15,35,34,91,60,128,127,88" hai3="59,70,68,106,51,32,108,97,134,62,11,52,53"/><U10/><E121/><V100/><F111/><W123/><G123/><T110/><D119/><U41/><E133/><V56/><F128/><W132/><G32/><T13/><D110/><U66/><E78/><V126/><F100/><W95/><G106/><T83/><D125/><N who="2" m="47626" /><F35/><W40/><G40/><T74/><D36/><U27/><E101/><V84/><F84/><W115/><G115/><T96/><D64/><U122/><E122/><V114/><F34/><W4/><G108/><T7/><D20/><U45/><E48/><V124/><N who="2" m="47634" /><V16/><DORA hai="42" /><F114/><W50/><G95/><T61/><D61/><U87/><E87/><V44/><F44/><N who="3" m="27719" /><G97/><T117/><D30/><N who="2" m="11274" /><F15/><N who="3" m="5607" /><G51/><T6/><D6/><U33/><E33/><V129/><F129/><W24/><G24/><T26/><D26/><U99/><E5/><V94/><F94/><W72/><G72/><T67/><D117/><U58/><E99/><V76/><F76/><W2/><G2/><T73/><D1/><U14/><E14/><V131/><F131/><W23/><G23/><T43/><D3/><U93/><E93/><V82/><F82/><W85/><G85/><T116/><D116/><U21/><E21/><V81/><F81/><W104/><G104/><T54/><D74/><U92/><E92/><V37/><F37/><W105/><G105/><T39/><D73/><U22/><E107/><V103/><F103/><W12/><G12/><T80/><D80/><U0/><E0/><V113/><F113/><W55/><G55/><AGARI ba="0,0" hai="16,18,55,56,60,88,90,91" m="11274,47634" machi="55" ten="50,8000,1" yaku="18,1,52,1,54,2" doraHai="57,42" who="2" fromWho="3" sc="273,0,250,0,220,80,257,-80" /><INIT seed="2,0,0,3,3,44" ten="273,250,300,177" oya="2" hai0="11,89,24,117,36,87,40,18,51,105,14,68,96" hai1="41,72,98,127,106,62,108,79,90,48,119,34,46" hai2="103,123,47,30,121,61,49,7,75,53,22,38,1" hai3="78,60,70,100,85,116,122,4,132,126,133,21,19"/><V129/><F75/><W125/><G70/><T8/><D117/><U112/><E112/><V50/><F38/><W13/><G60/><T6/><D68/><U92/><E119/><V10/><F129/><W31/><G100/><T45/><D105/><U42/><E34/><V101/><F61/><W25/><G85/><T110/><D96/><U55/><E108/><V118/><F118/><W35/><G78/><T128/><D128/><U2/><E2/><V80/><F80/><W93/><G93/><T15/><D24/><U20/><E127/><N who="3" m="48650" /><G116/><T43/><D110/><U66/><E106/><V88/><F88/><W3/><G122/><T115/><D115/><U74/><E20/><V26/><F123/><W134/><G4/><T83/><D36/><U9/><E9/><V135/><F135/><W111/><G3/><T102/><D102/><U12/><E12/><V58/><F121/><W63/><G63/><T73/><D73/><U113/><E113/><V84/><F84/><W91/><G91/><T37/><D37/><U114/><E114/><V33/><F101/><W16/><G19/><T131/><D131/><U29/><E29/><V23/><F103/><W120/><G120/><T56/><D56/><U71/><REACH who="1" step="1"/><E74/><REACH who="1" ten="273,240,300,177" step="2"/><V82/><F82/><AGARI ba="0,1" hai="41,42,46,48,55,62,66,71,72,79,82,90,92,98" machi="82" ten="40,5200,0" yaku="1,1,2,1,52,1,53,0" doraHai="44" doraHaiUra="17" who="1" fromWho="2" sc="273,0,240,62,300,-52,177,0" /><INIT seed="3,0,0,5,4,104" ten="273,302,248,177" oya="3" hai0="133,86,8,10,38,98,36,113,44,64,34,67,58" hai1="15,23,71,59,32,76,62,102,50,130,135,109,116" hai2="122,69,29,60,72,4,95,70,121,92,82,119,77" hai3="85,35,13,118,106,51,88,93,5,78,99,129,63"/><W107/><G118/><T48/><D34/><U84/><E32/><V120/><F119/><W3/><G35/><T131/><D131/><U28/><E116/><V25/><F4/><W22/><G129/><T128/><D128/><U21/><E130/><V91/><F60/><W97/><G3/><T90/><D133/><U20/><E71/><N who="2" m="27147" /><F91/><W26/><G63/><T16/><D113/><U103/><E28/><V1/><F1/><W115/><G115/><T19/><D98/><U52/><E109/><V111/><F111/><W27/><G107/><T79/><D79/><U53/><E135/><V9/><F9/><N who="0" m="3690" /><D38/><U101/><E15/><V49/><F49/><W87/><G5/><T56/><D36/><U81/><E102/><V33/><AGARI ba="0,0" hai="25,29,33,72,77,82,92,95,120,121,122" m="27147" machi="33" ten="40,2700,0" yaku="13,1,52,1" doraHai="104" who="2" fromWho="2" sc="273,-7,302,-7,248,27,177,-13" /><INIT seed="4,0,0,5,3,64" ten="266,295,275,164" oya="0" hai0="9,5,116,88,7,97,65,106,33,21,32,57,82" hai1="73,70,62,115,132,37,36,131,76,46,113,54,130" hai2="35,101,27,48,18,110,16,41,107,104,67,69,4" hai3="108,47,86,133,30,80,77,3,122,111,2,25,34"/><T24/><D116/><U68/><E132/><V53/><F110/><W43/><G133/><T11/><D106/><U12/><E12/><V112/><F41/><W13/><G122/><T94/><D82/><N who="1" m="45327" /><E54/><V117/><F117/><W103/><G103/><T51/><D33/><U99/><E99/><V124/><F124/><W121/><G121/><T119/><D32/><U102/><E102/><V26/><F112/><N who="1" m="43081" /><E62/><V52/><F53/><W78/><G78/><T63/><D119/><U58/><E58/><V74/><F52/><W1/><REACH who="3" step="1"/><G13/><REACH who="3" ten="266,295,275,154" step="2"/><T91/><D91/><U135/><E135/><V22/><F101/><W72/><G72/><T90/><D90/><U109/><E109/><V40/><F74/><W127/><G127/><T29/><D51/><AGARI ba="0,1" hai="1,2,3,25,30,34,43,47,51,77,80,86,108,111" machi="51" ten="40,1300,0" yaku="1,1,53,0" doraHai="64" doraHaiUra="14" who="3" fromWho="0" sc="266,-13,295,0,275,0,154,23" /><INIT seed="5,0,0,4,5,25" ten="253,295,275,177" oya="1" hai0="92,116,61,59,57,47,11,109,35,56,75,29,6" hai1="126,106,101,113,135,34,74,64,46,51,111,122,63" hai2="66,88,40,70,102,103,26,72,9,132,23,84,89" hai3="58,4,100,110,114,20,10,81,128,121,32,120,69"/><U115/><E122/><V44/><F72/><W71/><G32/><T7/><D109/><U2/><E74/><V53/><F132/><W118/><G110/><T91/><D116/><U55/><E111/><V13/><F70/><W16/><G118/><T82/><D47/><U36/><E2/><V134/><F66/><W119/><G119/><T19/><D19/><U73/><E73/><V22/><F134/><W87/><G114/><N who="1" m="43530" /><E34/><V85/><F53/><W33/><G33/><T54/><D29/><U97/><E36/><V80/><F44/><W108/><G108/><T42/><D42/><U124/><E135/><V18/><F40/><W65/><G128/><T76/><D35/><U48/><E48/><V95/><F23/><W104/><G58/><AGARI ba="0,0" hai="46,51,55,58,63,64,97,101,106,124,126" m="43530" machi="58" ten="30,1500,0" yaku="15,1" doraHai="25" who="1" fromWho="3" sc="253,0,295,15,275,0,177,-15" owari="253,-14.7,310,41.0,275,7.5,162,-33.8" /></mjloggm>