<mjloggm ver="2.3"><GO type="225" lobby="0"/><UN n0="%E3%83%81%E3%83%AF%E3%83%AF%E9%9A%8A%E9%95%B7" n1="%E6%A1%9C%E8%8A%B1%E9%96%83%E3%80%85" n2="%4B%2E%32%2E%4B%2E" n3="%E5%A4%9C%E3%81%AE%E3%82%AC%E3%82%B9%E3%83%91%E3%83%BC%E3%83%AB" dan="16,16,16,16" rate="2113.25,2198.40,2101.75,2160.21" sx="M,M,M,M"/><TAIKYOKU oya="0"/><INIT seed="0,0,0,0,5,89" ten="250,250,250,250" oya="0" hai0="135,31,79,55,99,104,128,114,83,34,4,95,26" hai1="122,97,59,1,23,78,3,118,121,42,96,46,106" hai2="108,11,119,39,0,60,36,92,75,67,58,16,86" hai3="2,76,14,41,38,109,124,65,115,103,43,44,73"/><T62/><D104/><U70/><E118/><V27/><F75/><W63/><G115/><T71/><D114/><U134/><E134/><V37/><F119/><W101/><G109/><T107/><D107/><U125/><E125/><V30/><F108/><W7/><G43/><T81/><D135/><U18/><E78/><V6/><F30/><W32/><G32/><T87/><D128/><U113/><E113/><V131/><F131/><W129/><G14/><T80/><D4/><U15/><E70/><V9/><F86/><W100/><G124/><T88/><REACH who="0" step="1"/><D55/><REACH who="0" ten="240,250,250,250" step="2"/><U85/><E106/><V98/><F39/><W77/><G129/><T117/><D117/><U40/><E122/><V49/><F37/><W28/><G7/><T45/><D45/><U64/><E46/><V10/><F36/><W116/><G116/><T111/><D111/><U5/><E5/><V82/><F6/><W19/><G44/><T74/><D74/><U24/><E121/><V22/><F0/><W91/><G2/><T68/><D68/><U17/><E3/><V105/><F105/><W48/><G73/><T56/><D56/><U53/><E59/><V90/><F49/><W61/><G48/><T12/><D12/><U93/><E15/><V33/><F33/><W72/><G72/><T132/><D132/><U110/><E1/><V69/><F69/><W20/><G38/><T123/><D123/><U50/><E50/><V112/><F112/><W84/><G63/><T51/><D51/><U8/><E110/><V25/><F25/><W13/><G61/><T102/><D102/><N who="1" m="60687" /><E24/><V47/><F47/><RYUUKYOKU ba="0,1" sc="240,15,250,-15,250,15,250,-15" hai0="26,31,34,62,71,79,80,81,83,87,88,95,99" hai2="9,10,11,16,22,27,58,60,67,82,90,92,98" /><INIT seed="0,1,1,4,2,59" ten="255,235,265,235" oya="0" hai0="89,105,85,132,38,56,58,16,96,14,86,13,80" hai1="49,62,75,87,50,130,34,53,111,123,23,27,47" hai2="78,135,109,20,17,115,107,127,90,18,124,4,93" hai3="9,76,73,61,117,101,102,2,82,133,99,63,40"/><T52/><D38/><U46/><E123/><V57/><F115/><W94/><G117/><T7/><D132/><U3/><E75/><V25/><F107/><W70/><G133/><T65/><D105/><U22/><E111/><V118/><F118/><W6/><G70/><T120/><D120/><U71/><E3/><V26/><F135/><W60/><REACH who="3" step="1"/><G40/><REACH who="3" ten="255,235,265,225" step="2"/><T79/><D65/><U69/><E69/><V119/><F119/><W88/><AGARI ba="1,2" hai="2,6,9,60,61,63,73,76,82,88,94,99,101,102" machi="88" ten="30,16000,3" yaku="1,1,2,1,0,1,52,3,54,1,53,1" doraHai="59" doraHaiUra="95" who="3" fromWho="3" sc="255,-81,235,-41,265,-41,225,183" /><INIT seed="1,0,0,4,3,127" ten="174,194,224,408" oya="1" hai0="103,57,128,71,13,5,32,126,115,3,9,20,48" hai1="81,24,30,18,133,98,56,37,63,102,44,15,84" hai2="78,41,8,54,39,108,59,33,112,110,45,69,60" hai3="16,116,25,34,105,100,0,6,35,92,52,106,51"/><U121/><E121/><V29/><F112/><W130/><G130/><T1/><D71/><U11/><E133/><V123/><F123/><W64/><G64/><T88/><D32/><U72/><E72/><V7/><F78/><W129/><G129/><T97/><D128/><U104/><E44/><V109/><F69/><W94/><G6/><T80/><D115/><U107/><E37/><V53/><F29/><W89/><G0/><T62/><D126/><U2/><E2/><N who="2" m="119" /><F33/><W27/><G100/><T42/><D20/><U111/><E111/><V43/><F43/><W90/><G51/><T113/><D113/><U119/><E119/><V4/><F4/><W117/><G52/><AGARI ba="0,0" hai="39,41,45,52,53,54,59,60,108,109,110" m="119" machi="52" ten="30,2000,0" yaku="14,1,54,1" doraHai="127" who="2" fromWho="3" sc="174,0,194,0,224,20,408,-20" /><INIT seed="2,0,0,5,2,105" ten="174,194,244,388" oya="2" hai0="127,132,82,135,83,124,11,16,71,33,85,61,49" hai1="53,59,125,77,119,27,64,3,31,101,25,57,44" hai2="50,60,24,89,87,41,52,106,47,78,0,5,43" hai3="38,113,15,117,115,69,62,102,42,28,116,131,8"/><V10/><F106/><W76/><G131/><T111/><D33/><U54/><E119/><V45/><F78/><W96/><G28/><T97/><D111/><U4/><E125/><N who="0" m="48201" /><D97/><U129/><E129/><V93/><F47/><N who="3" m="24023" /><G76/><T48/><D82/><U86/><E101/><V68/><F68/><W104/><G62/><T66/><D48/><U128/><E64/><V112/><F112/><N who="3" m="43083" /><G69/><T35/><D49/><U19/><E31/><V109/><F109/><W56/><G56/><T84/><D35/><U107/><E57/><V114/><F114/><W121/><G121/><T79/><D84/><U37/><E59/><V70/><F70/><W80/><G80/><T88/><D79/><U17/><E86/><V74/><F60/><W32/><G32/><T63/><D63/><U6/><E77/><V1/><F1/><W100/><G100/><T20/><D11/><U26/><E128/><V118/><F118/><W126/><G126/><T36/><D36/><U98/><E37/><V94/><F94/><W18/><AGARI ba="0,0" hai="8,15,18,96,102,104,116,117" m="43083,24023" machi="18" ten="30,1100,0" yaku="11,1" doraHai="105" who="3" fromWho="3" sc="174,-3,194,-3,244,-5,388,11" /><INIT seed="3,0,0,0,2,103" ten="171,191,239,399" oya="3" hai0="110,117,4,6,106,0,90,114,86,92,5,46,32" hai1="115,54,34,7,22,26,70,20,76,75,55,123,81" hai2="97,134,129,79,57,23,39,122,37,30,43,107,131" hai3="9,119,51,65,78,102,35,126,104,56,95,36,29"/><W15/><G119/><T67/><D32/><U108/><E115/><V124/><F124/><W118/><G36/><T100/><D117/><U62/><E123/><V41/><F122/><W63/><G78/><T73/><D73/><U11/><E34/><V93/><F107/><W17/><G95/><T101/><D114/><U125/><E125/><V111/><F111/><W33/><G118/><T49/><D110/><U44/><E108/><V16/><F30/><W135/><G135/><T88/><D0/><U83/><E83/><V113/><F113/><W69/><G35/><T68/><D106/><U31/><E22/><V13/><F134/><W27/><G56/><T116/><D116/><U28/><E28/><V72/><F57/><W96/><G51/><T74/><D74/><U45/><E55/><V2/><F2/><W48/><G48/><T1/><D1/><U14/><REACH who="1" step="1"/><E54/><REACH who="1" ten="171,181,239,399" step="2"/><V91/><F79/><W47/><G126/><T77/><D77/><U64/><AGARI ba="0,1" hai="7,11,14,20,26,31,44,45,62,64,70,75,76,81" machi="64" ten="30,7900,0" yaku="1,1,2,1,0,1,53,1" doraHai="103" doraHaiUra="24" who="1" fromWho="1" sc="171,-20,181,89,239,-20,399,-39" owari="151,-34.9,270,7.0,219,-18.1,360,46.0" /></mjloggm>