<mjloggm ver="2.3"><GO type="225" lobby="0"/><UN n0="%E5%B8%86%E7%AB%8B%E5%A4%8F%E8%A1%A3" n1="%E3%83%97%E3%83%AC%E3%83%B4%E3%82%A1%E3%83%86%E3%82%A3" n2="%47%48%4F%53%54" n3="%E3%81%8B%E3%82%8F%E3%81%A1%E3%82%83%E3%82%93%35%38" dan="16,16,18,16" rate="2093.14,2097.74,2277.78,2193.29" sx="M,F,M,M"/><TAIKYOKU oya="0"/><INIT seed="0,0,0,0,5,75" ten="250,250,250,250" oya="0" hai0="42,127,135,124,98,60,116,94,50,118,3,69,28" hai1="62,113,71,18,41,92,119,79,16,85,97,53,125" hai2="65,131,74,108,58,26,46,15,120,10,68,33,89" hai3="4,99,2,48,111,121,30,91,100,5,11,63,104"/><T112/><D3/><U37/><E119/><V8/><F120/><W49/><G121/><T115/><D28/><U107/><E125/><N who="0" m="48201" /><D94/><U110/><E110/><V106/><F68/><W87/><G111/><T38/><D38/><U102/><E113/><N who="0" m="43593" /><D135/><U130/><E130/><V96/><F108/><W54/><G5/><T20/><D20/><U1/><E1/><V51/><F33/><W61/><G30/><T52/><D98/><U32/><E32/><V36/><F96/><W12/><G49/><T44/><D42/><U23/><E37/><V47/><F36/><W27/><G27/><T73/><D73/><U80/><E41/><V56/><F74/><W66/><G66/><AGARI ba="0,0" hai="44,50,52,60,66,69,116,118" m="43593,48201" machi="66" ten="30,11600,0" yaku="18,1,34,2,54,1" doraHai="75" who="0" fromWho="3" sc="250,116,250,0,250,0,250,-116" /><INIT seed="0,1,0,5,5,9" ten="366,250,250,134" oya="0" hai0="100,118,42,121,124,126,67,18,7,58,73,17,19" hai1="110,0,68,12,127,60,69,59,50,41,80,119,129" hai2="34,31,86,107,134,1,76,117,88,37,99,105,15" hai3="125,135,77,113,39,101,38,46,2,108,83,79,66"/><T114/><D73/><U112/><E119/><V98/><F1/><W116/><G2/><T72/><D72/><U89/><E0/><V64/><F37/><W52/><G52/><T123/><D118/><U84/><E110/><V36/><F36/><W87/><G116/><T111/><D7/><U35/><E129/><V40/><F40/><W81/><G113/><T75/><D75/><U54/><E127/><N who="0" m="48681" /><D114/><U57/><E112/><V94/><F64/><W103/><G125/><T61/><D100/><U122/><E35/><V132/><F15/><W63/><G108/><T90/><D111/><U106/><E106/><N who="2" m="40459" /><F31/><W20/><G135/><N who="2" m="51753" /><F34/><W102/><G20/><T44/><D90/><U27/><E122/><V28/><F28/><W25/><G25/><T5/><D5/><U128/><E27/><V71/><F71/><W3/><G3/><T48/><AGARI ba="1,0" hai="17,18,19,42,44,48,58,61,67,121,123" m="48681" machi="48" ten="30,1500,0" yaku="18,1" doraHai="9" who="0" fromWho="0" sc="366,18,250,-6,250,-6,134,-6" /><INIT seed="0,2,0,0,1,60" ten="384,244,244,128" oya="0" hai0="79,83,39,4,132,93,80,10,58,17,37,77,123" hai1="71,42,53,2,72,130,3,131,50,47,6,73,90" hai2="133,122,14,30,34,105,110,106,21,74,113,38,28" hai3="29,116,25,121,99,40,66,86,63,18,26,0,126"/><T11/><D123/><U124/><E6/><V111/><F14/><W45/><G116/><T35/><D35/><U54/><E71/><V8/><F8/><W22/><G126/><T62/><D132/><U32/><E124/><V61/><F61/><W56/><G121/><T81/><D17/><U16/><E32/><V59/><F59/><W129/><G129/><N who="1" m="49162" /><E90/><V67/><F21/><W1/><G99/><T108/><D108/><U43/><E16/><V109/><F34/><W103/><G103/><T19/><D19/><U33/><E33/><V70/><F30/><W82/><G26/><T68/><D68/><U127/><E127/><V91/><F28/><W92/><G92/><T102/><D39/><U27/><E27/><V23/><F38/><W134/><G134/><T114/><D37/><U115/><E115/><V20/><F70/><W128/><G128/><T13/><D11/><U51/><E42/><V89/><F133/><W87/><G29/><T85/><D114/><U112/><E43/><V97/><F111/><W76/><REACH who="3" step="1"/><G87/><REACH who="3" ten="384,244,244,118" step="2"/><T24/><D24/><U65/><E112/><V135/><F113/><W69/><G69/><T118/><D118/><U52/><E73/><V104/><F74/><W98/><G98/><N who="0" m="59727" /><D85/><U120/><E72/><V49/><F110/><W44/><G44/><T96/><D96/><U41/><E120/><V57/><F97/><W12/><G12/><T78/><D83/><U15/><E15/><V75/><F109/><W7/><G7/><T48/><D81/><U9/><E47/><V94/><F135/><W88/><G88/><T101/><D80/><RYUUKYOKU ba="2,1" sc="384,-10,244,-10,244,-10,118,30" hai3="0,1,18,22,25,40,45,56,63,66,76,82,86" /><INIT seed="1,3,1,5,4,52" ten="374,234,234,148" oya="1" hai0="81,56,123,59,90,107,55,34,17,1,100,86,26" hai1="70,57,18,82,125,24,32,71,130,45,105,109,122" hai2="58,78,106,35,119,131,51,13,102,9,95,114,28" hai3="92,53,12,98,68,74,42,8,44,2,39,116,50"/><U113/><E122/><V60/><F119/><W76/><G116/><T47/><D123/><U79/><E113/><V69/><F131/><W62/><G2/><T22/><D1/><U20/><E130/><V111/><F114/><W15/><G74/><T64/><D34/><U73/><E125/><V134/><F111/><W63/><G76/><T46/><D107/><U4/><E109/><V11/><F134/><W91/><G68/><T0/><D100/><U25/><E105/><V10/><F78/><W89/><G89/><T72/><D0/><U132/><E132/><V54/><F106/><W14/><REACH who="3" step="1"/><G8/><REACH who="3" ten="374,234,234,138" step="2"/><T129/><D72/><U36/><E71/><V121/><F69/><W38/><G38/><T124/><D129/><U67/><E70/><V115/><F11/><W126/><G126/><T101/><D124/><U48/><E36/><V87/><F10/><W16/><G16/><T19/><D17/><U96/><E4/><V23/><F9/><W104/><G104/><T83/><D101/><U110/><E110/><V5/><F102/><W93/><G93/><T84/><D83/><U75/><E73/><V27/><F95/><W108/><G108/><T33/><D84/><U103/><E96/><V65/><F87/><W135/><G135/><T29/><D81/><U88/><E103/><V117/><F117/><W31/><G31/><T80/><D19/><U94/><E94/><V99/><F99/><W37/><G37/><T85/><D85/><U61/><E88/><V66/><F28/><W128/><G128/><T3/><D3/><U112/><E75/><V127/><F127/><RYUUKYOKU ba="3,2" sc="374,-10,234,-10,234,-10,138,30" hai3="12,14,15,39,42,44,50,53,62,63,91,92,98" /><INIT seed="2,4,2,4,0,47" ten="364,224,224,168" oya="2" hai0="110,103,10,2,112,39,90,88,118,128,89,98,123" hai1="20,106,3,49,58,57,31,95,81,42,133,35,117" hai2="85,46,22,116,37,33,108,114,61,75,104,74,63" hai3="30,55,94,84,77,122,48,76,101,127,107,28,72"/><V15/><F114/><W69/><G122/><T109/><D112/><U80/><E117/><V18/><F116/><W93/><G69/><T56/><D118/><U131/><E106/><V52/><F104/><W97/><G127/><T9/><D123/><U66/><E35/><V96/><F33/><W23/><G72/><T79/><D39/><U53/><E3/><V82/><F108/><N who="0" m="41578" /><D128/><U29/><E131/><V125/><F125/><W51/><G107/><N who="0" m="63991" /><D2/><U54/><E133/><V87/><F75/><W102/><G23/><T24/><D79/><N who="3" m="30281" /><G101/><T43/><D43/><U0/><E42/><V34/><F74/><W119/><G119/><T1/><D1/><U11/><E66/><V44/><F34/><W32/><G32/><T65/><D24/><U8/><E0/><V67/><F37/><W16/><G16/><T130/><D130/><U4/><E4/><V126/><F126/><W134/><G134/><T120/><D120/><U62/><E95/><V121/><F121/><W92/><G92/><T38/><D38/><U14/><E20/><V68/><F22/><W100/><G100/><T70/><D70/><U26/><E26/><V113/><F113/><W91/><G55/><T13/><D13/><U59/><E14/><V129/><F52/><W132/><G132/><T124/><D124/><U7/><E7/><V78/><F15/><W12/><G12/><T17/><D17/><U60/><E58/><V5/><F18/><W86/><G86/><T105/><D105/><U99/><E99/><V40/><F96/><N who="3" m="59663" /><G84/><N who="2" m="32329" /><F129/><W21/><G21/><T111/><D111/><U64/><E64/><RYUUKYOKU ba="4,2" sc="364,10,224,10,224,-30,168,10" hai0="9,10,56,65,88,89,90" hai1="8,11,29,31,49,53,54,57,59,60,62,80,81" hai3="28,30,48,51,91,94,97" /><INIT seed="3,5,2,3,3,61" ten="374,234,194,178" oya="3" hai0="28,66,108,35,125,5,15,124,6,119,40,70,87" hai1="91,89,105,112,19,129,102,68,50,16,55,10,93" hai2="65,67,134,22,81,104,2,103,54,99,79,64,26" hai3="98,90,63,113,95,85,92,110,73,82,71,12,131"/><W25/><G113/><T80/><D108/><U126/><E112/><V7/><F134/><W4/><G110/><T3/><D119/><U11/><E68/><V58/><F2/><W96/><G131/><T128/><D128/><U69/><E69/><V52/><F7/><W29/><G73/><T23/><D40/><U62/><E129/><V18/><REACH who="2" step="1"/><F58/><REACH who="2" ten="374,234,184,178" step="2"/><W75/><G75/><AGARI ba="5,3" hai="18,22,26,52,54,64,65,67,75,79,81,99,103,104" machi="75" ten="40,12000,2" yaku="1,1,2,1,52,3,54,1,53,1" doraHai="61" doraHaiUra="76" who="2" fromWho="3" sc="374,0,234,0,184,165,178,-135" owari="374,47.4,234,-16.6,349,14.9,43,-45.7" /></mjloggm>