<mjloggm ver="2.3"><GO type="225" lobby="0"/><UN n0="%E3%81%9F%E3%81%8C%E3%82%84%E3%81%99" n1="%45%6C%79%73%69%75%6D" n2="%72%69%6F%75%63%68%61%6E" n3="%E3%81%99%E3%81%84%E3%81%BE%E3%81%9B%E3%83%BC%E3%82%93" dan="16,18,17,16" rate="2102.23,2154.66,2281.50,2161.26" sx="M,F,M,M"/><TAIKYOKU oya="0"/><INIT seed="0,0,0,3,0,103" ten="250,250,250,250" oya="0" hai0="76,8,14,77,9,95,97,44,120,125,41,35,46" hai1="64,75,30,67,66,123,118,5,121,40,82,65,108" hai2="57,132,48,62,127,23,47,115,116,17,71,25,21" hai3="34,10,130,33,73,58,31,79,84,80,53,94,28"/><T68/><D35/><U1/><E118/><V36/><F127/><W131/><G10/><T112/><D120/><U102/><E108/><V69/><F132/><W110/><G110/><T74/><D112/><U88/><E30/><N who="3" m="11306" /><G94/><T51/><D125/><U12/><E1/><V7/><F115/><W6/><G6/><T13/><D68/><U109/><E109/><V59/><F116/><W60/><G73/><T91/><D74/><U2/><E2/><V49/><F7/><W92/><G92/><T27/><D27/><U124/><E124/><V113/><F113/><W93/><G93/><T37/><D13/><U72/><E102/><V61/><F36/><W117/><G117/><T114/><D8/><U22/><E12/><V19/><REACH who="2" step="1"/><F47/><REACH who="2" ten="250,250,240,250" step="2"/><W87/><G131/><T52/><REACH who="0" step="1"/><D114/><REACH who="0" ten="240,250,240,250" step="2"/><U4/><E121/><V24/><AGARI ba="0,2" hai="17,19,21,23,24,25,48,49,57,59,61,62,69,71" machi="24" ten="25,8000,1" yaku="1,1,2,1,0,1,22,2,53,0" doraHai="103" doraHaiUra="119" who="2" fromWho="2" sc="240,-40,250,-20,240,100,250,-20" /><INIT seed="1,0,0,1,4,129" ten="200,230,340,230" oya="1" hai0="117,90,91,76,92,69,101,60,4,95,63,79,77" hai1="104,56,48,46,34,67,8,58,51,33,6,115,113" hai2="75,39,31,107,110,40,71,19,3,109,111,93,84" hai3="52,9,28,54,97,0,72,5,1,14,81,100,114"/><U83/><E104/><V94/><F75/><W45/><G114/><T44/><D4/><U20/><E20/><V103/><F71/><W26/><G72/><T74/><D74/><U128/><E128/><V42/><F3/><W50/><G81/><T2/><D2/><U37/><E37/><V36/><F31/><W59/><G54/><T43/><D117/><U135/><E83/><V57/><F57/><W118/><G59/><T122/><D122/><U65/><E6/><V15/><F107/><W120/><G120/><T106/><D101/><U98/><E98/><V66/><F66/><W102/><G102/><T64/><D63/><U127/><E46/><V132/><F132/><W61/><G61/><T24/><D24/><U133/><REACH who="1" step="1"/><E127/><REACH who="1" ten="200,220,340,230" step="2"/><V29/><F39/><W18/><G5/><T85/><D106/><U35/><E35/><V41/><F36/><W123/><G123/><T82/><D82/><U121/><E121/><V108/><F108/><W7/><G7/><T96/><D76/><U32/><E32/><V116/><F116/><W27/><G118/><T78/><D79/><U105/><E105/><V10/><F29/><W53/><G28/><T80/><D80/><U134/><E134/><V119/><F119/><W125/><G125/><T68/><D68/><U124/><E124/><V16/><F19/><W89/><G0/><T130/><D130/><U23/><E23/><V131/><F131/><W49/><G1/><T62/><D78/><U86/><E86/><V12/><F84/><W99/><G18/><T87/><D77/><U73/><E73/><V112/><F111/><RYUUKYOKU ba="0,1" sc="200,-10,220,30,340,-10,230,-10" hai1="8,33,34,48,51,56,58,65,67,113,115,133,135" /><INIT seed="1,1,1,5,4,69" ten="190,250,330,220" oya="1" hai0="88,55,35,45,56,60,119,85,30,29,93,82,98" hai1="105,37,102,59,96,66,3,43,135,25,14,94,95" hai2="110,131,70,86,1,126,39,13,40,133,111,58,57" hai3="19,107,99,12,125,134,63,103,67,72,46,8,28"/><U24/><E3/><V106/><F1/><W38/><G72/><T90/><D35/><U76/><E76/><V54/><F106/><W33/><G125/><T81/><D119/><U130/><E130/><V118/><F118/><W48/><G134/><T53/><D82/><U44/><E135/><V65/><F133/><W75/><G75/><T0/><D0/><U61/><REACH who="1" step="1"/><E14/><REACH who="1" ten="190,240,330,220" step="2"/><V73/><F131/><W77/><G77/><T68/><D68/><U127/><E127/><V108/><F126/><W114/><G12/><T128/><D128/><U80/><E80/><V79/><F73/><W117/><G117/><T115/><D115/><U52/><E52/><V2/><F2/><W92/><G114/><T112/><D112/><U21/><E21/><V32/><F32/><W9/><G33/><T51/><AGARI ba="1,2" hai="29,30,45,51,53,55,56,60,81,85,88,90,93,98" machi="51" ten="30,4000,0" yaku="0,1,8,1,54,1" doraHai="69" who="0" fromWho="0" sc="190,63,240,-21,330,-11,220,-11" /><INIT seed="2,0,0,2,5,59" ten="253,219,319,209" oya="2" hai0="67,49,12,109,22,110,42,79,62,105,119,23,13" hai1="7,44,50,88,66,73,104,113,64,45,85,71,40" hai2="29,53,16,6,118,95,33,77,102,32,91,132,55" hai3="63,2,68,86,128,5,75,52,120,8,54,135,125"/><V10/><F132/><W107/><G120/><T134/><D105/><U27/><E73/><V35/><F118/><W96/><G75/><T127/><D79/><U38/><E104/><V69/><F69/><W24/><G135/><T115/><D134/><U21/><E113/><V60/><F29/><W131/><G125/><T101/><D101/><U9/><E71/><V18/><F102/><N who="3" m="62919" /><G86/><T87/><D87/><U121/><E121/><V80/><F53/><W92/><G92/><T72/><D72/><U108/><E108/><N who="0" m="41577" /><D115/><U90/><E90/><V39/><F39/><W15/><G2/><T78/><D78/><U103/><E103/><V57/><F80/><W129/><G24/><T70/><D127/><U28/><E44/><V93/><F77/><W36/><G36/><T25/><D23/><U97/><E38/><V14/><REACH who="2" step="1"/><F95/><REACH who="2" ten="253,219,309,209" step="2"/><W0/><G0/><T20/><D119/><U122/><E122/><V111/><F111/><W65/><AGARI ba="0,1" hai="5,8,15,52,54,63,65,68,128,129,131" m="62919" machi="65" ten="40,5200,0" yaku="19,1,52,1,54,1" doraHai="59" who="3" fromWho="3" sc="253,-13,219,-13,309,-26,209,62" /><INIT seed="3,0,0,1,1,52" ten="240,206,283,271" oya="3" hai0="129,73,12,86,97,25,106,91,131,31,2,32,103" hai1="77,8,0,61,65,107,62,100,51,124,17,79,92" hai2="7,45,111,10,108,102,56,126,28,20,49,96,66" hai3="104,125,72,115,81,116,54,30,27,132,68,15,38"/><W110/><RYUUKYOKU type="yao9" ba="0,0" sc="240,0,206,0,283,0,271,0" hai3="15,27,30,38,54,68,72,81,104,110,115,116,125,132" /><INIT seed="3,1,0,1,0,22" ten="240,206,283,271" oya="3" hai0="115,94,87,90,102,131,76,52,63,95,106,99,27" hai1="44,2,15,9,3,80,56,17,135,35,81,74,42" hai2="38,85,47,93,6,108,39,75,53,40,92,104,4" hai3="72,62,5,83,12,121,118,123,20,58,0,19,124"/><W50/><G118/><T8/><D76/><U11/><E135/><V79/><F104/><W60/><G124/><T101/><D131/><U65/><E35/><V10/><F108/><W31/><G50/><T23/><D115/><U77/><E80/><V89/><F38/><W41/><G41/><T134/><D134/><U97/><E97/><V46/><F93/><W59/><G31/><T122/><D122/><U70/><E70/><V29/><F29/><W49/><G49/><T112/><D112/><U98/><E98/><V129/><F129/><W71/><G71/><T48/><D8/><U125/><E125/><V117/><F117/><W113/><G113/><T67/><D106/><U105/><E105/><V13/><F53/><W51/><G51/><T110/><D110/><U1/><E56/><V7/><REACH who="2" step="1"/><F46/><REACH who="2" ten="240,206,273,271" step="2"/><W32/><G123/><T100/><D95/><U127/><E127/><V119/><F119/><W111/><G111/><T73/><D94/><U82/><E82/><AGARI ba="1,1" hai="4,6,7,10,13,39,40,47,75,79,82,85,89,92" machi="82" ten="40,1300,0" yaku="1,1,53,0" doraHai="22" doraHaiUra="96" who="2" fromWho="1" sc="240,0,206,-16,273,26,271,0" /><INIT seed="4,0,0,4,0,66" ten="240,190,299,271" oya="0" hai0="64,0,53,59,62,15,87,134,102,118,107,28,19" hai1="77,30,56,60,130,120,9,61,8,16,34,113,81" hai2="78,31,97,99,68,76,100,73,74,37,101,42,49" hai3="125,21,47,132,133,1,70,82,112,23,14,126,29"/><T88/><D0/><U44/><E120/><V71/><F31/><W26/><G112/><T106/><D118/><U46/><E113/><V35/><F49/><W2/><G70/><N who="2" m="26665" /><F35/><W32/><G47/><T18/><D134/><N who="3" m="51817" /><G82/><T45/><D28/><U96/><E130/><V52/><F52/><W91/><G91/><T92/><D102/><N who="2" m="39530" /><F42/><W63/><G63/><T36/><D19/><U121/><E121/><V93/><F93/><W90/><G90/><T17/><D17/><U124/><E34/><V110/><F37/><W95/><G95/><T22/><REACH who="0" step="1"/><D53/><REACH who="0" ten="230,190,299,271" step="2"/><U114/><E30/><V131/><F131/><W104/><G1/><T135/><D135/><U10/><E114/><V89/><F110/><W84/><G2/><T127/><D127/><U85/><E124/><V108/><F108/><W40/><G126/><T11/><D11/><N who="1" m="4171" /><E96/><N who="2" m="36939" /><F89/><W129/><G129/><T43/><AGARI ba="0,1" hai="15,18,22,36,43,45,59,62,64,87,88,92,106,107" machi="43" ten="30,6000,0" yaku="1,1,0,1,54,1,53,0" doraHai="66" doraHaiUra="27" who="0" fromWho="0" sc="230,70,190,-20,299,-20,271,-20" owari="300,40.0,170,-33.0,279,7.9,251,-14.9" /></mjloggm>