<mjloggm ver="2.3"><GO type="225" lobby="0"/><UN n0="%E3%80%93%E3%81%97%E3%83%BC%E3%82%89%E3%80%93" n1="%E3%81%99%E3%81%84%E3%81%BE%E3%81%9B%E3%83%BC%E3%82%93" n2="%E3%81%A4%E3%81%A3%E3%81%B1%E3%82%8A%E3%83%9D%E3%83%BC%E3%83%AB" n3="%E6%98%93%E5%88%A9%E8%96%A9%E4%BC%AF" dan="17,18,17,16" rate="2211.40,2238.14,2217.52,2062.45" sx="M,M,M,F"/><TAIKYOKU oya="0"/><INIT seed="0,0,0,1,0,59" ten="250,250,250,250" oya="0" hai0="112,34,37,95,44,19,17,18,16,25,125,132,54" hai1="94,108,106,92,4,84,126,117,42,89,26,96,6" hai2="128,90,45,91,70,22,71,58,28,64,65,104,57" hai3="134,124,32,99,79,56,109,48,86,80,78,27,73"/><T20/><D112/><U102/><E117/><V119/><F104/><W87/><G109/><T115/><D115/><U43/><E108/><V24/><F119/><W40/><G124/><T21/><D125/><U8/><E126/><V135/><F135/><W120/><G120/><T77/><D132/><U75/><E75/><V41/><F128/><W97/><G134/><T130/><D130/><U107/><E4/><V47/><F22/><W98/><G79/><T7/><D77/><U39/><E26/><V113/><F113/><W12/><G12/><T51/><D37/><U62/><E39/><V127/><F127/><W63/><G48/><T13/><D34/><U103/><E62/><V133/><F133/><W5/><G40/><T50/><D7/><U66/><E66/><V23/><F23/><W35/><G5/><T118/><D118/><U111/><E111/><V105/><F41/><W76/><G27/><T85/><D51/><U68/><E68/><V33/><F24/><W81/><REACH who="3" step="1"/><G73/><REACH who="3" ten="250,250,250,240" step="2"/><T129/><D129/><U100/><E43/><V69/><F33/><W114/><G114/><T30/><D30/><U10/><E42/><V88/><F28/><W121/><G121/><T49/><D49/><U36/><E36/><V67/><F105/><W72/><G72/><T2/><D2/><U82/><E107/><V11/><F11/><N who="1" m="4137" /><E6/><V3/><F3/><W53/><AGARI ba="0,1" hai="32,35,53,56,63,76,78,80,81,86,87,97,98,99" machi="53" ten="30,7900,0" yaku="1,1,0,1,9,1,52,1,53,0" doraHai="59" doraHaiUra="1" who="3" fromWho="3" sc="250,-39,250,-20,250,-20,240,89" /><INIT seed="1,0,0,0,3,4" ten="211,230,230,329" oya="1" hai0="22,51,130,87,3,124,36,50,115,23,77,19,49" hai1="118,18,74,30,8,126,55,25,28,129,70,37,125" hai2="72,119,112,73,78,9,134,59,99,108,44,85,110" hai3="98,48,39,65,14,105,83,84,90,95,60,66,123"/><U116/><E70/><V56/><F119/><N who="1" m="45609" /><E74/><N who="2" m="28779" /><F134/><W120/><G39/><T127/><D36/><U54/><E37/><V31/><F112/><W106/><G66/><T10/><D115/><U103/><E103/><V114/><F114/><W89/><G48/><T47/><D130/><U2/><E55/><V135/><F135/><W79/><G14/><N who="0" m="7639" /><D3/><U86/><E86/><V15/><F31/><N who="1" m="11817" /><E54/><V20/><F20/><N who="0" m="7722" /><D127/><N who="1" m="48651" /><E129/><V58/><F85/><N who="3" m="48383" /><G60/><T131/><D131/><U33/><E33/><V104/><F104/><N who="3" m="40043" /><G65/><T46/><D124/><U97/><E97/><V71/><F99/><W121/><G84/><T1/><D1/><U92/><E92/><V62/><F71/><W94/><G94/><T93/><D93/><U133/><E133/><V43/><F62/><W69/><G69/><T0/><D0/><U34/><E34/><V38/><F38/><W35/><G35/><T100/><D100/><AGARI ba="0,0" hai="89,90,95,98,100,120,121,123" m="40043,48383" machi="100" ten="40,2600,0" yaku="34,2" doraHai="4" who="3" fromWho="0" sc="211,-26,230,0,230,0,329,26" /><INIT seed="2,0,0,1,1,103" ten="185,230,230,355" oya="2" hai0="36,104,102,31,55,131,27,133,53,9,108,121,32" hai1="76,47,43,124,21,63,30,50,129,8,4,13,35" hai2="59,115,118,85,119,111,93,135,97,19,130,38,72" hai3="126,68,51,14,69,1,127,11,110,66,80,44,5"/><V86/><F38/><W89/><G110/><T64/><D36/><U87/><E129/><V81/><F59/><W112/><G112/><T49/><D121/><U82/><E124/><N who="3" m="47658" /><G1/><T109/><D131/><U16/><E63/><V113/><F19/><W15/><G66/><T134/><D64/><U125/><E125/><V61/><F61/><W90/><G15/><T24/><D9/><U41/><E35/><V116/><F130/><W39/><G39/><T117/><D117/><U37/><E30/><V54/><F54/><N who="0" m="20490" /><D49/><U45/><REACH who="1" step="1"/><E21/><REACH who="1" ten="185,220,230,355" step="2"/><V100/><F111/><N who="0" m="42570" /><D24/><U10/><E10/><V70/><F70/><W105/><G11/><T20/><D32/><U6/><AGARI ba="0,1" hai="4,6,8,13,16,37,41,43,45,47,50,76,82,87" machi="6" ten="30,4000,0" yaku="1,1,0,1,54,1,53,0" doraHai="103" doraHaiUra="57" who="1" fromWho="1" sc="185,-10,220,50,230,-20,355,-10" /><INIT seed="3,0,0,0,2,52" ten="175,270,210,345" oya="3" hai0="44,113,98,69,107,109,115,10,24,94,39,66,21" hai1="56,74,35,129,120,22,121,13,19,92,99,4,117" hai2="76,6,65,41,45,11,49,48,78,53,71,111,119" hai3="134,87,38,54,43,103,46,124,36,40,33,61,97"/><W106/><G134/><T110/><D107/><U1/><E74/><V26/><F119/><W28/><G124/><T59/><D69/><U122/><E129/><V9/><F111/><N who="0" m="42506" /><D10/><U95/><E117/><V8/><F6/><W30/><G87/><T83/><D83/><U62/><E35/><V0/><F0/><W72/><G72/><T29/><D44/><U42/><E42/><V67/><F26/><W63/><G30/><T127/><D39/><U105/><E105/><V114/><F114/><N who="0" m="43530" /><D127/><U32/><E95/><V20/><F20/><W108/><G108/><T93/><D98/><U135/><E32/><V86/><F71/><W23/><G33/><T133/><D133/><U25/><E135/><V58/><F78/><W16/><G43/><T18/><D29/><U84/><E99/><V77/><F76/><W116/><G38/><T31/><D31/><U47/><E47/><V128/><F128/><W96/><G96/><T34/><D34/><U3/><E120/><V126/><F126/><W2/><G28/><T82/><D82/><AGARI ba="0,0" hai="8,9,11,41,45,48,49,53,58,65,67,77,82,86" machi="82" ten="40,2600,0" yaku="8,1,52,1" doraHai="52" who="2" fromWho="0" sc="175,-26,270,0,210,26,345,0" owari="149,-35.1,270,7.0,236,-16.4,345,44.5" /></mjloggm>