<mjloggm ver="2.3"><GO type="225" lobby="0"/><UN n0="%E5%BA%97%E9%95%B7%4D" n1="%E3%81%B5%E3%81%98%E3%81%8B%E3%81%A4" n2="%E5%A4%9C%E5%85%89%E5%A4%A9%E6%A5%BC" n3="%EF%BC%B3%E3%81%9E%E3%81%88%E2%98%86" dan="16,17,17,16" rate="2078.89,2216.71,2166.42,2102.66" sx="M,M,F,M"/><TAIKYOKU oya="0"/><INIT seed="0,0,0,3,4,34" ten="250,250,250,250" oya="0" hai0="20,93,98,53,26,123,130,33,114,60,1,54,108" hai1="16,63,78,129,28,128,118,66,25,43,18,37,94" hai2="55,15,10,11,6,92,121,88,112,122,105,100,106" hai3="41,74,125,134,29,64,40,116,5,71,27,75,81"/><T65/><D114/><U48/><E118/><V39/><F112/><W24/><G116/><T9/><D123/><U4/><E78/><V3/><F39/><W135/><G125/><T49/><D33/><U58/><E4/><V104/><F55/><W85/><G5/><T124/><D124/><U38/><E94/><V19/><REACH who="2" step="1"/><F100/><REACH who="2" ten="250,250,240,250" step="2"/><W44/><G64/><T45/><D130/><N who="1" m="50283" /><E38/><V79/><F79/><W83/><G135/><T59/><D108/><U127/><E37/><V102/><F102/><W47/><G134/><T132/><D132/><U126/><E126/><V107/><N who="2" m="26624" /><DORA hai="17" /><V22/><F22/><W31/><REACH who="3" step="1"/><G85/><AGARI ba="0,1" hai="3,6,10,11,15,19,85,88,92,121,122" m="26624" machi="85" ten="70,8000,1" yaku="1,1,52,1,54,1,53,1" doraHai="34,17" doraHaiUra="35,131" who="2" fromWho="3" sc="250,0,250,0,240,90,250,-80" /><INIT seed="1,0,0,3,1,59" ten="250,250,330,170" oya="1" hai0="110,96,47,1,100,94,64,132,102,133,49,6,5" hai1="22,114,25,69,123,135,97,74,105,31,43,73,120" hai2="93,30,62,116,115,119,92,107,98,7,72,18,109" hai3="122,19,29,66,45,77,24,125,40,2,56,67,32"/><U112/><E43/><V50/><F72/><N who="1" m="27753" /><E22/><V20/><F107/><W88/><G122/><N who="1" m="46634" /><E25/><V13/><F30/><W87/><G77/><T130/><D130/><U61/><E135/><N who="0" m="51785" /><D110/><U118/><E31/><V35/><F35/><W91/><G125/><T15/><D1/><U54/><E54/><V103/><F109/><W14/><G2/><T38/><D38/><U86/><E86/><V27/><F50/><W95/><G91/><N who="0" m="55391" /><D64/><N who="1" m="41103" /><E118/><V127/><F98/><W84/><G84/><T126/><D126/><U80/><E80/><V124/><F127/><W81/><G81/><T129/><D129/><U53/><E53/><V17/><F124/><W75/><G75/><T36/><D36/><U108/><E108/><V76/><F119/><W51/><REACH who="3" step="1"/><G56/><REACH who="3" ten="250,250,330,160" step="2"/><T128/><D128/><U58/><E58/><V48/><F76/><W101/><G101/><AGARI ba="0,1" hai="97,101,105,112,114" m="41103,46634,27753" machi="101" ten="30,2900,0" yaku="23,1,52,1" doraHai="59" who="1" fromWho="3" sc="250,0,250,39,330,0,160,-29" /><INIT seed="1,1,0,4,5,90" ten="250,289,330,131" oya="1" hai0="117,28,6,98,112,34,80,118,48,39,97,65,31" hai1="10,4,19,113,42,56,63,1,111,23,62,17,59" hai2="16,89,22,75,11,100,91,24,101,37,66,86,78" hai3="84,127,76,79,14,68,130,103,9,122,105,82,21"/><U128/><E113/><V44/><F75/><W125/><G68/><T47/><D39/><U53/><E128/><V26/><F66/><W108/><G21/><T55/><D112/><U72/><E72/><V74/><F74/><W133/><G14/><T12/><D65/><U2/><E111/><V29/><F78/><N who="3" m="29739" /><G9/><N who="0" m="4151" /><D34/><U83/><E83/><V61/><F61/><W73/><G73/><T110/><D118/><U102/><E102/><V27/><F91/><N who="3" m="51607" /><G122/><T0/><D0/><U88/><E42/><V30/><F37/><W81/><G81/><T115/><D115/><U96/><E1/><V33/><F11/><W70/><G70/><T114/><D117/><U71/><E71/><V52/><F33/><W104/><G108/><T93/><D110/><U124/><E23/><N who="2" m="15615" /><F26/><W18/><G18/><T106/><D106/><N who="3" m="41065" /><G130/><T25/><D114/><U119/><E19/><V43/><F43/><W107/><G133/><T35/><D35/><U54/><E17/><V116/><F30/><N who="0" m="11306" /><D80/><U123/><E123/><V20/><F20/><W120/><G120/><T87/><D25/><U95/><E119/><V58/><F116/><W8/><G8/><T5/><D5/><U99/><E2/><V94/><F44/><W7/><G7/><T49/><D49/><U32/><E32/><V134/><F134/><W92/><N who="3" m="41073" /><W46/><DORA hai="40" /><G46/><T45/><D45/><U126/><E4/><V13/><F24/><W15/><G15/><T41/><D41/><U77/><E10/><V50/><AGARI ba="1,0" hai="13,16,22,50,52,58,86,89,94,100,101" m="15615" machi="50" ten="30,8000,1" yaku="25,1,8,1,52,1,54,2" doraHai="90,40" who="2" fromWho="2" sc="250,-21,289,-41,330,83,131,-21" /><INIT seed="2,0,0,1,5,127" ten="229,248,413,110" oya="2" hai0="111,11,114,36,64,14,4,90,121,57,104,49,110" hai1="86,51,62,15,68,135,13,29,84,88,45,1,25" hai2="48,131,56,113,72,95,132,129,134,6,89,3,21" hai3="2,117,108,52,55,85,75,99,65,46,37,66,67"/><V107/><F107/><W59/><G75/><T82/><D36/><U35/><E135/><N who="2" m="51755" /><F72/><W10/><G2/><T77/><D104/><U26/><E1/><V96/><F21/><W53/><G10/><T92/><D114/><U76/><E26/><V63/><F48/><N who="3" m="28695" /><G85/><T128/><D121/><U116/><E84/><V44/><F44/><W8/><G99/><T58/><D64/><N who="3" m="24681" /><G8/><T133/><D133/><U38/><E76/><V69/><F113/><W24/><G24/><T125/><D125/><U70/><E70/><V122/><F69/><W79/><G79/><T106/><D106/><U30/><E68/><V120/><F6/><W118/><G108/><N who="0" m="41515" /><D49/><U80/><E51/><V18/><F18/><W98/><G98/><N who="0" m="57623" /><D128/><N who="2" m="49226" /><F3/><W43/><G117/><T34/><D34/><U78/><E116/><V0/><F0/><W102/><G102/><T40/><D40/><U9/><E35/><V119/><F119/><W12/><G12/><T130/><D130/><U27/><E15/><V124/><F124/><W54/><N who="3" m="24689" /><AGARI ba="0,0" hai="56,63,67,89,95,96,120,122" m="49226,51755" machi="67" ten="30,18000,2" yaku="3,1,20,1,19,1,52,3" doraHai="127" who="2" fromWho="3" sc="229,0,248,0,413,180,110,-180" owari="229,-17.1,248,4.8,593,69.3,-70,-57.0" /></mjloggm>