<mjloggm ver="2.3"><GO type="225" lobby="0"/><UN n0="%E4%B8%89%E5%86%A0%E7%8E%8B%E3%83%BB%E5%B1%B1%E7%94%B0%E5%93%B2%E4%BA%BA" n1="%E9%80%9F%E6%B0%B4%E5%87%9B%E9%A6%99" n2="%61%6D%65%6B%69" n3="%45%6C%79%73%69%75%6D" dan="16,16,16,18" rate="2137.26,2114.69,2113.52,2164.43" sx="M,F,M,F"/><TAIKYOKU oya="0"/><INIT seed="0,0,0,4,4,96" ten="250,250,250,250" oya="0" hai0="66,14,133,8,83,1,27,80,48,78,90,88,13" hai1="40,126,15,85,91,109,103,118,81,73,123,34,19" hai2="63,4,87,24,74,5,68,42,12,113,49,104,2" hai3="50,124,121,16,107,99,119,25,23,9,111,95,18"/><T53/><D1/><U20/><E118/><V56/><F74/><W93/><G119/><T41/><D133/><U6/><E123/><V58/><F104/><W43/><G121/><T114/><D114/><U33/><E109/><V71/><F2/><W38/><G111/><T92/><D41/><U84/><E73/><V21/><F5/><W28/><G38/><T3/><D3/><U0/><E126/><V101/><F87/><W39/><G39/><T82/><D66/><U44/><E6/><V77/><F77/><W100/><G124/><T94/><D78/><U117/><E117/><V89/><F89/><N who="0" m="34410" /><D27/><U102/><E0/><V79/><F79/><W127/><G127/><T110/><D110/><U106/><E106/><V76/><F76/><W47/><REACH who="3" step="1"/><G28/><REACH who="3" ten="250,250,250,240" step="2"/><T120/><D120/><U30/><E30/><V35/><F113/><W75/><G75/><T86/><D86/><U128/><E85/><V22/><F71/><W135/><G135/><T52/><D14/><AGARI ba="0,1" hai="9,14,16,18,23,25,43,47,50,93,95,99,100,107" machi="14" ten="40,5200,0" yaku="1,1,52,1,54,1,53,0" doraHai="96" doraHaiUra="55" who="3" fromWho="0" sc="250,-52,250,0,250,0,240,62" /><INIT seed="1,0,0,0,5,123" ten="198,250,250,302" oya="1" hai0="8,93,45,89,0,29,125,94,13,131,69,49,110" hai1="124,53,10,99,87,104,101,75,96,37,117,118,83" hai2="76,22,54,47,48,44,12,126,57,100,113,88,82" hai3="62,18,20,6,95,3,51,129,43,105,61,34,107"/><U111/><E37/><V65/><F126/><W132/><G34/><T80/><D125/><U28/><E124/><V60/><F100/><W115/><G129/><T121/><D131/><U63/><E28/><V25/><F113/><W92/><G6/><T73/><D69/><U7/><E75/><V11/><F47/><W42/><G51/><T23/><D121/><U68/><E96/><V35/><F35/><W27/><G27/><T74/><D0/><U77/><E111/><V97/><F76/><W66/><G20/><T72/><D110/><U26/><E26/><V31/><F97/><W39/><G3/><T46/><D23/><U24/><E24/><V40/><F82/><W33/><G33/><T4/><D29/><U30/><E30/><V36/><F88/><W130/><G18/><T71/><D71/><U16/><E16/><V84/><F84/><W5/><G5/><T67/><D67/><U52/><E68/><V14/><REACH who="2" step="1"/><F11/><REACH who="2" ten="198,250,240,302" step="2"/><W106/><G106/><T78/><D45/><U120/><E120/><V9/><F9/><W85/><G85/><T59/><D94/><U108/><E108/><V2/><F2/><W55/><G95/><T1/><D1/><U17/><E10/><V86/><F86/><W119/><G130/><T134/><D46/><U70/><E87/><V79/><F79/><W15/><G92/><T103/><D103/><U64/><E77/><V116/><F116/><W90/><G119/><T128/><D128/><U58/><E118/><V38/><F38/><W19/><G39/><T81/><D78/><U98/><E117/><V133/><F133/><RYUUKYOKU ba="0,1" sc="198,-10,250,-10,240,30,302,-10" hai2="12,14,22,25,31,36,40,44,48,54,57,60,65" /><INIT seed="2,1,1,1,0,75" ten="188,240,270,292" oya="2" hai0="96,102,57,63,107,77,113,17,26,121,15,49,123" hai1="52,37,36,55,56,59,115,10,11,30,47,40,58" hai2="93,62,8,118,124,84,105,86,112,87,94,9,5" hai3="23,120,34,128,53,1,135,28,7,73,3,18,61"/><V44/><F105/><W88/><G120/><T78/><D113/><U74/><E74/><V69/><F112/><W22/><G22/><T4/><D4/><U111/><E30/><V83/><F118/><W13/><G73/><T125/><D26/><U92/><E115/><V104/><F104/><W42/><G42/><T21/><D125/><U131/><E111/><V80/><F124/><W109/><G109/><T117/><D117/><U70/><E131/><V101/><F69/><W24/><G135/><T119/><D49/><U72/><E72/><V31/><F31/><W60/><G128/><T108/><D108/><U45/><E92/><N who="2" m="35435" /><F101/><W71/><G71/><T43/><D43/><N who="1" m="22759" /><E10/><N who="2" m="4203" /><F5/><W110/><G110/><T46/><D46/><N who="1" m="23823" /><E11/><V29/><F29/><W2/><G7/><T0/><D0/><U99/><E99/><V20/><F44/><W129/><G129/><T66/><REACH who="0" step="1"/><D119/><REACH who="0" ten="178,240,270,292" step="2"/><U90/><E47/><V95/><F62/><W38/><G61/><T12/><D12/><U91/><E70/><V39/><F39/><W33/><G38/><T133/><D133/><U76/><E55/><V25/><F25/><W19/><G53/><T35/><D35/><U32/><E52/><V122/><F122/><AGARI ba="1,2" hai="15,17,21,57,63,66,77,78,96,102,107,121,122,123" machi="122" ten="40,5200,0" yaku="1,1,52,2,53,0" doraHai="75" doraHaiUra="50" who="0" fromWho="2" sc="178,75,240,0,270,-55,292,0" /><INIT seed="3,0,0,3,3,70" ten="253,240,215,292" oya="3" hai0="54,65,3,76,80,108,11,19,96,53,21,55,109" hai1="45,46,24,47,123,125,52,117,36,18,41,30,33" hai2="17,133,130,104,72,12,81,89,103,59,16,49,102" hai3="44,95,118,120,119,97,78,92,74,37,129,101,131"/><W94/><G44/><T100/><D65/><U126/><E123/><V90/><F130/><N who="3" m="49675" /><G37/><T111/><D11/><U84/><E117/><N who="3" m="44554" /><G120/><T50/><D3/><U27/><E84/><N who="2" m="50319" /><F133/><W39/><G39/><T2/><D2/><U28/><E18/><N who="2" m="7275" /><F104/><W22/><G22/><T25/><D50/><U112/><E112/><V31/><F72/><W57/><G57/><T82/><REACH who="0" step="1"/><D76/><REACH who="0" ten="243,240,215,292" step="2"/><U87/><E36/><V38/><F38/><W107/><G78/><T116/><D116/><U51/><E41/><V58/><F31/><W99/><G74/><T124/><D124/><U85/><E51/><V69/><F69/><W105/><G105/><AGARI ba="0,1" hai="19,21,25,53,54,55,80,82,96,100,105,108,109,111" machi="105" ten="50,6400,0" yaku="1,1,14,1,53,1" doraHai="70" doraHaiUra="93" who="0" fromWho="3" sc="243,74,240,0,215,0,292,-64" owari="317,41.7,240,4.0,215,-28.5,228,-17.2" /></mjloggm>