<mjloggm ver="2.3"><GO type="225" lobby="0"/><UN n0="%41%54%53%4D" n1="%E5%B8%86%E7%AB%8B%E5%A4%8F%E8%A1%A3" n2="%E6%A1%9C%E8%8A%B1%E9%96%83%E3%80%85" n3="%E3%81%A9%E3%82%8F%E3%82%93%E3%81%94" dan="16,16,17,16" rate="2093.87,2104.21,2243.88,2183.01" sx="M,M,M,M"/><TAIKYOKU oya="0"/><INIT seed="0,0,0,4,2,94" ten="250,250,250,250" oya="0" hai0="8,95,123,134,7,67,66,103,74,27,35,62,37" hai1="59,72,75,23,28,98,92,99,21,29,82,14,40" hai2="10,118,111,135,70,73,31,26,83,105,42,88,6" hai3="126,57,106,20,91,115,78,19,113,48,68,71,13"/><T110/><D123/><U5/><E75/><V60/><F111/><W36/><G36/><T120/><D120/><U119/><E119/><V63/><F118/><W125/><G106/><T132/><D74/><U34/><E34/><V112/><F112/><N who="3" m="43083" /><G78/><T50/><D37/><U51/><E72/><V43/><F135/><N who="0" m="51754" /><D110/><U81/><E23/><V16/><F105/><W86/><G48/><T12/><D50/><U2/><E2/><V3/><F73/><W53/><G53/><T24/><D35/><U100/><E98/><V102/><F102/><W58/><G71/><N who="0" m="42455" /><D67/><U55/><E40/><V84/><F31/><N who="1" m="11849" /><E21/><V9/><F26/><W104/><G68/><T22/><D22/><U54/><E55/><V41/><REACH who="2" step="1"/><F70/><REACH who="2" ten="250,250,240,250" step="2"/><W30/><G104/><T108/><D108/><U1/><E1/><V90/><F90/><W33/><G30/><T80/><D80/><U107/><E107/><V124/><F124/><N who="3" m="47723" /><G33/><T116/><D116/><U47/><E59/><V4/><F4/><W15/><G13/><AGARI ba="0,1" hai="3,6,9,10,13,16,41,42,43,60,63,83,84,88" machi="13" ten="40,5200,0" yaku="1,1,54,2,53,0" doraHai="94" doraHaiUra="109" who="2" fromWho="3" sc="250,0,250,0,240,62,250,-52" /><INIT seed="1,0,0,4,4,98" ten="250,250,302,198" oya="1" hai0="112,56,60,62,29,50,82,133,105,4,68,78,30" hai1="35,20,26,51,119,41,109,64,55,13,15,57,71" hai2="17,90,58,18,95,11,1,83,115,21,81,97,134" hai3="52,126,44,49,69,92,70,106,85,2,22,96,104"/><U123/><E123/><V36/><F134/><W127/><G2/><T61/><D112/><U130/><E119/><V129/><F115/><W84/><G69/><T118/><D68/><U63/><E130/><V38/><F129/><W91/><G70/><T103/><D118/><U114/><E114/><V45/><F58/><W86/><REACH who="3" step="1"/><G22/><REACH who="3" ten="250,250,302,188" step="2"/><T27/><D133/><U34/><E34/><V28/><F1/><W116/><G116/><T53/><D4/><U24/><E109/><V31/><F21/><W120/><G120/><T33/><D29/><U48/><E35/><V76/><F31/><W25/><G25/><T14/><D14/><U125/><E26/><V16/><F28/><W72/><G72/><T7/><D7/><U79/><E15/><V10/><F18/><W5/><G5/><T110/><D110/><U131/><E13/><V77/><F16/><W108/><G108/><T111/><D111/><U46/><E131/><V93/><F17/><W65/><G65/><T87/><REACH who="0" step="1"/><D62/><REACH who="0" ten="240,250,302,188" step="2"/><U66/><E71/><V23/><F23/><W128/><G128/><T132/><D132/><U3/><E63/><V124/><F10/><W88/><G88/><T89/><D89/><U73/><E3/><V54/><F11/><W121/><G121/><T6/><D6/><U113/><E113/><V37/><F90/><W8/><G8/><T59/><D59/><U100/><E20/><V42/><F77/><W67/><G67/><T102/><D102/><U135/><E100/><V0/><F76/><W122/><G122/><T40/><D40/><U74/><E41/><V80/><F42/><RYUUKYOKU ba="0,2" sc="240,15,250,-15,302,-15,188,15" hai0="27,30,33,50,53,56,60,61,78,82,87,103,105" hai3="44,49,52,84,85,86,91,92,96,104,106,126,127" /><INIT seed="2,1,2,4,2,37" ten="255,235,287,203" oya="2" hai0="71,89,120,72,116,91,129,15,30,121,38,117,115" hai1="135,12,128,28,6,9,80,103,123,69,33,21,118" hai2="8,64,113,25,76,41,43,50,108,109,60,84,73" hai3="34,107,40,22,87,49,20,112,131,83,61,56,55"/><V105/><F113/><W78/><G34/><T79/><D71/><U17/><E118/><N who="0" m="45673" /><D38/><U46/><E69/><V18/><F73/><W31/><G112/><T65/><D65/><U67/><E67/><V134/><F105/><W44/><G107/><T13/><D115/><U29/><E123/><N who="0" m="47177" /><D30/><U111/><E128/><V24/><F134/><W16/><G131/><T23/><D23/><U68/><E111/><N who="2" m="42571" /><F50/><W19/><G31/><T90/><D129/><U70/><E135/><V57/><F8/><W92/><G92/><T58/><D58/><U110/><E110/><V77/><F84/><W5/><G5/><T93/><D93/><U51/><E70/><V98/><F98/><W59/><G59/><T32/><D32/><U126/><E68/><V106/><F106/><W125/><G125/><T82/><AGARI ba="1,2" hai="13,15,72,79,82,89,90,91" m="47177,45673" machi="82" ten="40,1500,0" yaku="12,1" doraHai="37" who="0" fromWho="0" sc="255,38,235,-5,287,-8,203,-5" /><INIT seed="3,0,0,0,2,65" ten="293,230,279,198" oya="3" hai0="11,113,47,99,80,101,22,72,1,43,98,13,63" hai1="6,64,76,96,5,90,74,128,18,15,131,53,95" hai2="51,61,44,104,73,82,75,71,37,103,130,124,60" hai3="38,45,107,12,92,19,86,23,126,129,4,105,120"/><W29/><G120/><T25/><D113/><U58/><E74/><V88/><F124/><W16/><G126/><T26/><D63/><U89/><E76/><V67/><F60/><W134/><G134/><T118/><D118/><U93/><E64/><V0/><F130/><W115/><G115/><T121/><D1/><U55/><E131/><V31/><F31/><W81/><G129/><T17/><D25/><U70/><E70/><V123/><F123/><W85/><G29/><T59/><D59/><U125/><E125/><V62/><F62/><W109/><G4/><T87/><D72/><U66/><E66/><V24/><F24/><W35/><G35/><T42/><D121/><U122/><E122/><V94/><F37/><W33/><G33/><T132/><D132/><U52/><E58/><V34/><F0/><W46/><G109/><T68/><D68/><U127/><E127/><V32/><F103/><W41/><G46/><T36/><D42/><U57/><E57/><V91/><F104/><W10/><G92/><T2/><D101/><U114/><E114/><V40/><F75/><W21/><G86/><T133/><D2/><U8/><E128/><V77/><F91/><W27/><REACH who="3" step="1"/><G10/><REACH who="3" ten="293,230,279,188" step="2"/><T106/><D133/><U50/><E6/><V20/><F20/><W39/><G39/><T78/><D106/><U97/><E5/><AGARI ba="0,1" hai="5,11,13,17,22,26,36,43,47,78,80,87,98,99" machi="5" ten="30,1000,0" yaku="7,1" doraHai="65" who="0" fromWho="1" sc="293,20,230,-10,279,0,188,0" owari="313,41.3,220,-18.0,279,7.9,188,-31.2" /></mjloggm>