<mjloggm ver="2.3"><GO type="225" lobby="0"/><UN n0="%E3%81%86%E3%81%A9%E3%82%93%E3%81%93" n1="%4B%2E%32%2E%4B%2E" n2="%65%6B%61%72%75%74%65" n3="%E9%89%A2%E5%B7%BB%E3%82%AC%E3%83%96" dan="16,16,16,16" rate="2155.15,2127.56,2139.00,2051.06" sx="M,M,M,M"/><TAIKYOKU oya="0"/><INIT seed="0,0,0,5,5,120" ten="250,250,250,250" oya="0" hai0="123,95,5,41,75,51,28,15,90,65,106,96,124" hai1="110,100,59,89,126,107,21,81,86,78,48,87,82" hai2="61,30,57,44,49,119,134,33,11,3,39,16,47" hai3="115,116,88,0,13,105,36,125,97,133,6,131,67"/><T114/><D114/><U10/><BYE who="0" /><E126/><V46/><F134/><W112/><G116/><T109/><D109/><U121/><E121/><V56/><F119/><W74/><G36/><T91/><D91/><U117/><E117/><V31/><F39/><W19/><G74/><T99/><D99/><N who="1" m="61855" /><E10/><V111/><F111/><W18/><G125/><T17/><D17/><U64/><E21/><V58/><F33/><W79/><G133/><T69/><D69/><U76/><E48/><V132/><F132/><W71/><G79/><N who="1" m="30250" /><E59/><N who="2" m="22603" /><F3/><W70/><G6/><T54/><D54/><U53/><E53/><N who="2" m="33999" /><F49/><W24/><G0/><T104/><D104/><U118/><E64/><V135/><F135/><W43/><G105/><T127/><D127/><U101/><E118/><V108/><F108/><W8/><G67/><T60/><D60/><U98/><E110/><V1/><F1/><W35/><G43/><T103/><D103/><U62/><E62/><V73/><F73/><W42/><G42/><T50/><D50/><U52/><E52/><V63/><F63/><W27/><G70/><T102/><D102/><U12/><E12/><AGARI ba="0,0" hai="11,12,16,30,31,44,46,47" m="33999,22603" machi="12" ten="30,2000,0" yaku="8,1,54,1" doraHai="120" who="2" fromWho="1" sc="250,0,250,-20,250,20,250,0" /><INIT seed="1,0,0,1,0,129" ten="250,230,270,250" oya="1" hai0="8,37,122,41,40,114,38,85,66,30,33,80,97" hai1="110,101,31,104,3,83,1,96,107,58,9,78,69" hai2="21,77,132,59,84,109,72,17,5,82,133,92,81" hai3="120,16,113,57,23,131,74,50,32,62,70,119,67"/><U42/><E69/><V116/><F116/><W56/><G120/><T115/><D115/><U130/><E130/><V0/><F109/><W25/><G113/><T93/><D93/><U6/><E107/><V94/><F0/><W4/><G131/><T13/><D13/><U18/><E110/><V112/><F5/><W27/><G74/><T20/><D20/><U10/><E31/><V79/><F59/><W124/><G124/><T39/><D39/><U125/><E125/><V68/><F68/><W126/><G126/><T53/><D53/><U7/><E18/><V49/><F49/><W14/><G119/><T117/><D117/><U54/><E42/><V87/><F112/><W71/><G71/><T29/><D29/><U135/><E135/><N who="2" m="51787" /><F72/><W43/><G32/><T75/><D75/><U60/><E83/><V51/><F51/><W36/><G4/><T47/><D47/><U19/><E19/><V106/><F106/><W35/><G35/><T118/><D118/><U86/><E86/><V103/><F103/><W73/><G73/><T11/><D11/><U45/><E45/><V76/><F79/><AGARI ba="0,0" hai="1,3,6,7,9,10,54,58,60,78,79,96,101,104" machi="79" ten="40,2000,0" yaku="9,1" doraHai="129" who="1" fromWho="2" sc="250,0,230,20,270,-20,250,0" /><INIT seed="1,1,0,1,4,79" ten="250,250,250,250" oya="1" hai0="50,18,3,4,57,13,125,112,45,65,40,39,67" hai1="109,71,7,72,114,89,94,113,19,58,33,117,42" hai2="126,116,28,132,96,85,105,74,44,130,21,97,83" hai3="95,24,61,59,52,35,29,56,64,104,66,76,131"/><U41/><E72/><V49/><F116/><W99/><G131/><T62/><D62/><U122/><E71/><V128/><F74/><W118/><G118/><T8/><D8/><U75/><E117/><V22/><F126/><W124/><G124/><T134/><D134/><U10/><E122/><V31/><F132/><W9/><G104/><T5/><D5/><U69/><E69/><V77/><F128/><W115/><G115/><T78/><D78/><U2/><E75/><V80/><F130/><W123/><G123/><T110/><D110/><U0/><E109/><V16/><F83/><W48/><G76/><T63/><D63/><U127/><E127/><V119/><F119/><W92/><G9/><T121/><D121/><U107/><E107/><V108/><F108/><W37/><G37/><T46/><D46/><U133/><E133/><V81/><F81/><W20/><G35/><T17/><D17/><U88/><E0/><V86/><F86/><W38/><G38/><T135/><D135/><U84/><E33/><V54/><F105/><W53/><REACH who="3" step="1"/><G92/><REACH who="3" ten="250,250,250,240" step="2"/><T27/><D27/><U98/><E113/><V87/><F87/><W68/><G68/><T70/><D70/><U30/><E114/><V51/><F51/><W43/><G43/><T6/><D6/><U14/><E42/><V55/><F55/><W32/><G32/><T106/><D106/><U101/><E41/><V93/><F93/><W1/><G1/><T47/><D47/><U11/><E58/><V120/><F120/><W60/><G60/><T82/><D82/><N who="1" m="49303" /><E101/><AGARI ba="1,1" hai="20,24,29,48,52,53,56,59,61,64,66,95,99,101" machi="101" ten="30,7700,0" yaku="1,1,7,1,8,1,54,1,53,0" doraHai="79" doraHaiUra="100" who="3" fromWho="1" sc="250,0,250,-80,250,0,240,90" /><INIT seed="2,0,0,5,5,62" ten="250,170,250,330" oya="2" hai0="46,100,67,75,68,57,83,59,8,5,56,88,37" hai1="72,43,39,18,103,89,105,87,119,128,25,104,28" hai2="29,116,78,47,27,2,58,121,79,64,97,109,17" hai3="49,69,23,124,42,98,84,45,82,122,9,13,93"/><V92/><F116/><W117/><G122/><T110/><D110/><U73/><E119/><V114/><F121/><W132/><G124/><T95/><D95/><U107/><E128/><V30/><F114/><W6/><G132/><T54/><D54/><U118/><E118/><V32/><F109/><W86/><G69/><T99/><D99/><U22/><E103/><V135/><F135/><W7/><G117/><T120/><D120/><U26/><E43/><V19/><F2/><W80/><G23/><T77/><D77/><U63/><E39/><V16/><F30/><W123/><G123/><T14/><D14/><U44/><E44/><V81/><F47/><W130/><G7/><T48/><D48/><U50/><E50/><V66/><F58/><W1/><G1/><T106/><D106/><U71/><E63/><V125/><F125/><W127/><G130/><T108/><D108/><U10/><E71/><V12/><F12/><W90/><G127/><T36/><D36/><U35/><REACH who="1" step="1"/><E10/><REACH who="1" ten="250,160,250,330" step="2"/><V55/><F55/><W102/><G49/><T134/><D134/><U51/><E51/><V0/><F0/><W65/><G45/><T126/><D126/><U38/><E38/><V113/><F113/><W96/><G9/><T15/><D15/><U129/><E129/><V101/><REACH who="2" step="1"/><F78/><REACH who="2" ten="250,160,240,330" step="2"/><W112/><G13/><T111/><D111/><U94/><AGARI ba="0,2" hai="18,22,25,26,28,35,72,73,87,89,94,104,105,107" machi="94" ten="30,2000,0" yaku="1,1,0,1,53,0" doraHai="62" doraHaiUra="60" who="1" fromWho="1" sc="250,-5,160,40,240,-10,330,-5" /><INIT seed="3,0,0,1,2,6" ten="245,200,230,325" oya="3" hai0="97,103,111,28,83,131,121,35,105,134,51,42,87" hai1="27,74,135,82,129,102,63,94,124,17,53,71,117" hai2="50,1,120,9,98,45,89,37,33,107,5,59,11" hai3="55,128,75,43,76,39,119,86,7,80,95,133,54"/><W58/><G119/><T100/><D100/><U72/><E117/><V88/><F33/><W65/><G39/><T13/><D13/><U108/><E108/><V48/><F120/><W130/><G43/><T3/><D3/><U24/><E124/><V12/><F37/><W31/><G7/><T73/><D73/><U56/><E129/><N who="3" m="49770" /><G31/><T25/><D25/><U16/><E135/><V60/><F107/><W90/><G133/><T14/><D14/><U36/><E36/><V22/><F22/><W21/><G21/><T93/><D93/><U67/><E74/><V113/><F113/><W109/><G109/><T41/><D41/><U4/><E72/><V20/><F20/><W0/><G0/><T77/><D77/><U52/><E82/><V99/><F98/><W23/><G23/><T68/><D68/><U81/><E81/><V110/><F110/><W32/><G32/><T29/><D29/><U101/><E4/><N who="2" m="3111" /><F99/><W66/><G55/><N who="1" m="21066" /><E71/><V8/><F8/><W79/><G79/><T46/><D46/><U118/><E118/><V112/><F112/><W132/><G132/><T84/><D84/><U92/><E27/><V78/><F78/><W106/><G106/><T122/><D122/><U47/><E24/><V2/><F2/><W126/><G126/><T30/><D30/><U125/><E125/><V62/><F45/><W19/><G19/><N who="1" m="7242" /><E47/><V10/><F10/><W18/><G18/><T26/><D26/><U91/><E94/><V40/><F40/><W38/><G38/><T64/><D64/><U34/><E34/><V114/><F114/><W44/><G44/><RYUUKYOKU ba="0,0" sc="245,-15,200,15,230,-15,325,15" hai1="56,63,67,91,92,101,102" hai3="54,58,65,66,75,76,80,86,90,95" owari="230,3.0,215,-18.5,215,-28.5,340,44.0" /></mjloggm>