<mjloggm ver="2.3"><GO type="225" lobby="0"/><UN n0="%E3%83%B4%E3%83%A0%EF%BC%99%E3%81%A6" n1="%E3%82%BC%E3%83%AB%E3%83%80%E3%81%AE%E4%BC%9D%E8%AA%AC" n2="%E4%BF%BA%E3%81%A8%E5%A6%96%E5%A4%A2" n3="%4C%4F%4C%49%54%41" dan="16,17,16,16" rate="2135.59,2161.08,2146.62,2179.27" sx="M,M,F,F"/><TAIKYOKU oya="0"/><INIT seed="0,0,0,2,3,125" ten="250,250,250,250" oya="0" hai0="8,124,54,106,37,95,107,127,75,102,87,100,77" hai1="120,47,129,18,19,68,20,22,72,67,24,131,52" hai2="33,84,4,97,117,133,119,31,115,43,5,62,66" hai3="10,55,96,48,38,42,50,118,89,74,16,113,44"/><T41/><D41/><U53/><E72/><V34/><F115/><W39/><G113/><T27/><D37/><U60/><E120/><V69/><F43/><W85/><G74/><T134/><D54/><U11/><E11/><V70/><F70/><W103/><G118/><N who="2" m="45065" /><F133/><W114/><G114/><T65/><D65/><U28/><E28/><V17/><F84/><W90/><G39/><T109/><D27/><N who="1" m="14743" /><E47/><V15/><F97/><W1/><G85/><T9/><D134/><U79/><E79/><V13/><F31/><W135/><G135/><T126/><D109/><U57/><E68/><V49/><F49/><W99/><G38/><T92/><D75/><U91/><E91/><N who="3" m="34826" /><G103/><N who="0" m="39467" /><D8/><U7/><E7/><N who="2" m="2635" /><F13/><N who="3" m="7223" /><G1/><T29/><D9/><AGARI ba="0,0" hai="9,15,17,33,34,62,66,69" m="2635,45065" machi="9" ten="30,1000,0" yaku="12,1" doraHai="125" who="2" fromWho="0" sc="250,-10,250,0,250,10,250,0" /><INIT seed="1,0,0,0,1,10" ten="240,250,260,250" oya="1" hai0="103,102,121,78,82,66,126,29,104,36,41,37,45" hai1="3,75,122,24,54,26,15,11,55,7,118,132,30" hai2="96,119,90,76,100,40,107,101,57,18,63,39,4" hai3="28,87,52,62,92,67,125,113,70,25,123,53,128"/><U74/><E118/><V73/><F119/><W72/><G123/><T49/><D121/><U71/><E122/><V22/><F40/><W51/><G113/><T2/><D2/><U48/><E71/><V129/><F39/><W16/><G72/><T88/><D126/><U64/><E64/><V93/><F4/><W12/><G128/><T86/><D66/><U27/><E132/><V50/><F50/><W46/><G125/><T21/><D78/><U33/><E54/><V20/><F20/><W105/><G105/><T8/><D8/><U80/><E3/><V106/><F106/><W32/><G92/><T13/><D104/><U56/><REACH who="1" step="1"/><E74/><REACH who="1" ten="240,240,260,250" step="2"/><V85/><F73/><W89/><G53/><T95/><D103/><U131/><E131/><V114/><F101/><W110/><G110/><T65/><D65/><U116/><E116/><V9/><F129/><W135/><G135/><T83/><D102/><U98/><E98/><V47/><F107/><W120/><G120/><T5/><D86/><U127/><E127/><V38/><F100/><W43/><G87/><T79/><D41/><U130/><E130/><V34/><F96/><W117/><G117/><T60/><D60/><U94/><E94/><V0/><F0/><W35/><G43/><T108/><D95/><U115/><E115/><V81/><F114/><W14/><G67/><T91/><D108/><U109/><E109/><V77/><F93/><W31/><G62/><T84/><D84/><U68/><E68/><V44/><F63/><W6/><G70/><T1/><D1/><U111/><E111/><V69/><F69/><RYUUKYOKU ba="0,1" sc="240,-10,240,30,260,-10,250,-10" hai1="7,11,15,24,26,27,30,33,48,55,56,75,80" /><INIT seed="1,1,1,5,3,33" ten="230,270,250,240" oya="1" hai0="2,126,43,109,89,133,91,35,120,48,85,103,131" hai1="119,122,129,6,83,1,71,74,114,31,64,98,118" hai2="90,22,79,17,54,30,82,87,96,55,32,121,61" hai3="65,24,13,66,44,21,39,51,125,68,80,69,70"/><U18/><E18/><V9/><F121/><W134/><G134/><T78/><D35/><U123/><E114/><V14/><F32/><W86/><G39/><T26/><D26/><U113/><E31/><V115/><F115/><W4/><G125/><T84/><D126/><U8/><E113/><V77/><F96/><W81/><G13/><T11/><D133/><U57/><E57/><V53/><F61/><W67/><G4/><T29/><D29/><U49/><E49/><V10/><F30/><W116/><G86/><T112/><D112/><U19/><E19/><V73/><REACH who="2" step="1"/><F77/><REACH who="2" ten="230,270,240,240" step="2"/><W111/><G69/><T95/><D78/><N who="1" m="44503" /><E98/><V42/><F42/><W76/><G70/><T3/><D120/><N who="1" m="46123" /><E129/><V28/><F28/><W36/><G68/><T60/><D131/><U59/><E71/><V127/><F127/><W88/><G76/><T132/><D60/><U117/><E117/><V105/><F105/><W62/><G116/><T93/><D132/><U128/><E128/><V124/><F124/><W12/><G62/><T20/><D43/><U72/><E119/><V135/><F135/><W27/><G66/><T97/><D97/><U75/><E118/><V41/><F41/><W56/><G65/><T92/><D103/><U0/><E64/><V100/><F100/><W108/><G67/><T58/><D109/><U107/><E107/><V46/><F46/><W50/><G111/><T15/><D58/><U37/><E59/><V5/><F5/><W110/><G108/><T130/><D130/><U40/><E40/><V45/><F45/><W106/><G110/><T104/><D104/><RYUUKYOKU ba="1,2" sc="230,-10,270,-10,240,30,240,-10" hai2="9,10,14,17,22,53,54,55,73,79,82,87,90" /><INIT seed="2,2,2,3,0,44" ten="220,260,270,230" oya="2" hai0="88,10,102,7,107,51,70,32,100,20,13,50,112" hai1="37,8,19,75,128,117,78,5,134,25,98,14,34" hai2="17,99,104,11,28,124,113,85,60,129,76,1,77" hai3="6,97,101,62,42,108,132,16,106,126,93,73,24"/><V45/><F113/><W65/><G73/><T125/><D32/><U105/><E117/><V68/><F129/><W26/><G108/><T52/><D112/><U30/><E37/><V133/><F133/><W90/><G126/><T131/><D70/><U109/><E109/><V58/><F68/><W74/><G132/><T121/><D121/><U72/><E134/><V69/><F69/><W118/><G6/><T27/><D107/><U31/><E128/><V63/><F124/><W80/><G42/><T55/><D125/><U94/><E105/><V61/><F28/><W66/><G118/><T35/><D35/><U29/><E75/><V2/><F58/><N who="3" m="37079" /><G66/><T114/><D114/><U91/><E78/><V57/><F57/><W115/><G16/><N who="0" m="12679" /><D131/><U116/><E72/><V33/><F33/><W46/><G46/><N who="0" m="28119" /><D88/><U84/><E116/><V79/><F85/><N who="3" m="52431" /><G115/><T83/><D83/><U122/><E122/><V22/><F1/><W103/><G103/><T110/><D110/><U3/><E84/><V41/><F2/><W23/><G23/><AGARI ba="2,2" hai="3,5,8,14,19,23,25,29,30,31,34,91,94,98" machi="23" ten="30,3900,0" yaku="7,1,24,2" doraHai="44" who="1" fromWho="3" sc="220,0,260,65,270,0,230,-45" /><INIT seed="3,0,0,1,3,85" ten="220,325,270,185" oya="3" hai0="39,108,76,41,20,56,34,7,80,84,63,37,71" hai1="86,104,52,45,124,1,121,30,47,106,17,62,60" hai2="61,110,51,96,69,75,10,107,66,0,11,58,48" hai3="46,90,133,13,134,79,5,6,94,15,101,73,54"/><W74/><G101/><T125/><D34/><U83/><E1/><V91/><F75/><N who="3" m="28683" /><G79/><T72/><D71/><U32/><E121/><V105/><F110/><W70/><G70/><T113/><D108/><U126/><E17/><V88/><F48/><N who="3" m="28951" /><G6/><T25/><D113/><U97/><E30/><V118/><F118/><W130/><G5/><T128/><D7/><U23/><E23/><V3/><F3/><W8/><G8/><T102/><D102/><N who="1" m="62543" /><E32/><V27/><F0/><W2/><G2/><T120/><D120/><U57/><E62/><V87/><F11/><W77/><G77/><T49/><D63/><U31/><E31/><V129/><F10/><W112/><G112/><T40/><D76/><N who="1" m="46439" /><E106/><V114/><F107/><W99/><G130/><T117/><D128/><U35/><E35/><V29/><F129/><W24/><G24/><T9/><D25/><U92/><E92/><V95/><F114/><W93/><G94/><T16/><D9/><U82/><E82/><V78/><F27/><W98/><G98/><T22/><D80/><U36/><E36/><V4/><F4/><W115/><G115/><T81/><D81/><U100/><E100/><N who="2" m="62599" /><F29/><W12/><G99/><T127/><D72/><U50/><E60/><V64/><F78/><W111/><G111/><T103/><D22/><U33/><E33/><V42/><F69/><W67/><G67/><T14/><D20/><U21/><E21/><V59/><F66/><W131/><G131/><T122/><D122/><U28/><E28/><V116/><F64/><W53/><G53/><T19/><D19/><U38/><E38/><RYUUKYOKU ba="0,0" sc="220,-15,325,15,270,-15,185,15" hai1="45,47,50,52,57,124,126" hai3="12,13,15,90,93,133,134" /><INIT seed="3,1,0,4,0,35" ten="205,340,255,200" oya="3" hai0="119,52,134,91,13,70,106,48,53,15,3,30,118" hai1="102,67,108,97,43,60,105,40,58,68,121,113,73" hai2="50,116,51,54,24,96,17,9,76,19,42,38,31" hai3="130,85,5,22,125,82,46,79,47,80,110,75,25"/><W132/><G132/><T56/><D134/><U123/><E113/><V95/><F116/><W88/><G125/><T66/><D106/><U103/><E73/><V115/><F115/><W112/><G112/><T129/><D3/><U69/><E102/><V128/><F128/><W32/><G32/><T74/><D129/><U133/><E133/><V101/><F38/><W10/><G110/><T2/><D2/><U63/><E108/><V12/><F42/><W83/><G82/><T37/><D74/><U77/><E77/><V90/><F76/><W29/><REACH who="3" step="1"/><G130/><REACH who="3" ten="205,340,255,190" step="2"/><T61/><D118/><U59/><E123/><V104/><F17/><W117/><G117/><T111/><D119/><U120/><E120/><V135/><F135/><W14/><AGARI ba="1,1" hai="5,10,14,22,25,29,46,47,75,79,80,83,85,88" machi="14" ten="20,7800,0" yaku="1,1,0,1,7,1,54,1,53,0" doraHai="35" doraHaiUra="122" who="3" fromWho="3" sc="205,-27,340,-27,255,-27,190,91" /><INIT seed="3,2,0,5,5,38" ten="178,313,228,281" oya="3" hai0="20,69,18,128,111,5,120,17,33,10,114,36,125" hai1="119,83,45,57,124,16,11,29,12,26,102,78,49" hai2="77,9,30,68,8,126,39,81,79,3,117,85,31" hai3="97,106,105,60,67,91,108,65,19,76,129,48,73"/><W135/><G129/><T103/><D69/><U130/><E130/><V1/><F68/><W96/><G135/><T109/><D103/><U74/><E124/><V56/><F126/><W71/><G108/><N who="0" m="41547" /><D36/><U89/><E119/><V95/><F117/><W70/><G76/><N who="2" m="29257" /><F39/><W132/><G132/><T116/><D116/><U58/><E89/><N who="2" m="51375" /><F1/><W22/><G91/><T93/><D93/><U7/><E7/><V87/><F3/><W35/><G48/><T101/><D101/><U94/><E94/><V28/><F56/><W115/><G35/><T52/><D52/><U37/><E37/><V104/><F104/><W6/><G6/><T84/><D84/><U47/><E47/><V54/><F54/><W32/><G32/><T27/><D125/><U23/><E102/><V107/><F107/><W42/><G73/><T62/><D62/><U53/><AGARI ba="2,0" hai="11,12,16,23,26,29,45,49,53,57,58,74,78,83" machi="53" ten="20,2700,0" yaku="0,1,7,1,54,1" doraHai="38" who="1" fromWho="1" sc="178,-9,313,33,228,-9,281,-15" owari="169,-33.1,346,44.6,219,-18.1,266,6.6" /></mjloggm>