<mjloggm ver="2.3"><GO type="225" lobby="0"/><UN n0="%E5%8F%AF%E5%85%90%E9%82%A3%E7%94%B1%E5%A4%9A" n1="%E8%81%B7%E6%A5%AD%E3%80%81%E9%A2%A8%32" n2="%4B%2E%32%2E%4B%2E" n3="%E3%81%A8%E3%82%93%E3%81%A8%E3%81%93%E3%81%A8%E3%82%93" dan="17,16,17,16" rate="2238.77,2129.25,2184.37,2127.15" sx="F,M,M,M"/><TAIKYOKU oya="0"/><INIT seed="0,0,0,4,1,1" ten="250,250,250,250" oya="0" hai0="77,87,41,14,135,33,68,82,117,123,95,59,5" hai1="37,31,50,39,86,3,99,103,60,79,122,92,121" hai2="61,38,28,53,51,47,100,54,88,108,74,52,65" hai3="115,102,12,80,71,110,22,127,21,112,40,90,97"/><T49/><D117/><U85/><E3/><V63/><F74/><W133/><G71/><T107/><D123/><U81/><E31/><V111/><F100/><W116/><G116/><T104/><D68/><U32/><E32/><V106/><F106/><W66/><G66/><T29/><D135/><U16/><E60/><N who="2" m="23115" /><F28/><W62/><G62/><T98/><D33/><U26/><E86/><V17/><F17/><W69/><G69/><T42/><D29/><U45/><E121/><V125/><F65/><W134/><G40/><T24/><D24/><U55/><REACH who="1" step="1"/><E122/><REACH who="1" ten="250,240,250,250" step="2"/><V8/><F111/><W129/><G110/><T19/><D87/><U36/><E36/><V48/><F108/><W131/><G133/><T83/><D49/><U84/><E84/><V130/><F38/><W94/><G134/><T6/><D77/><U0/><E0/><V44/><F51/><W10/><G115/><T30/><D30/><U7/><E7/><V20/><F48/><W67/><G112/><T101/><D5/><U43/><E43/><V120/><F120/><W124/><G67/><T34/><D34/><U70/><E70/><V78/><F78/><W76/><G76/><T72/><D6/><U9/><E9/><V25/><F8/><W27/><G10/><N who="0" m="6615" /><D42/><U75/><E75/><V128/><F54/><W96/><G127/><T15/><D41/><U119/><E119/><V57/><F125/><W35/><G124/><T2/><D2/><U23/><AGARI ba="0,1" hai="16,23,26,37,39,45,50,55,79,81,85,92,99,103" machi="23" ten="30,4000,0" yaku="1,1,0,1,54,1,53,0" doraHai="1" doraHaiUra="118" who="1" fromWho="1" sc="250,-20,240,50,250,-10,250,-10" /><INIT seed="1,0,0,0,5,134" ten="230,290,240,240" oya="1" hai0="59,112,27,70,71,79,56,105,85,0,101,110,6" hai1="44,3,73,90,43,68,132,135,76,53,36,130,118" hai2="32,12,13,119,106,24,103,100,87,10,21,111,84" hai3="37,57,8,26,81,1,63,55,35,129,50,93,109"/><U83/><E118/><V75/><F75/><W4/><G37/><T72/><D112/><U47/><E68/><V78/><F32/><W20/><G109/><T133/><D72/><U5/><E90/><V77/><F119/><W123/><G123/><T46/><D133/><N who="1" m="51275" /><E53/><V34/><F34/><W51/><G35/><T16/><D110/><U49/><E130/><V52/><F111/><W23/><G129/><T121/><D121/><U42/><E5/><V104/><F21/><W15/><G81/><T29/><D70/><U66/><E66/><V82/><F24/><W108/><G108/><T18/><D71/><U91/><E91/><V11/><F82/><W69/><G69/><T131/><D131/><U80/><E80/><V45/><REACH who="2" step="1"/><F52/><REACH who="2" ten="230,290,230,240" step="2"/><W122/><G122/><T89/><D27/><U33/><E33/><V86/><F86/><W124/><G20/><T102/><D85/><U98/><E98/><V40/><F40/><W127/><G23/><T38/><D59/><U22/><E22/><V114/><F114/><W9/><G26/><T19/><D56/><U28/><E28/><V95/><F95/><W14/><G93/><T39/><D29/><U17/><E17/><V99/><F99/><W94/><G94/><T88/><D18/><U61/><E61/><V92/><F92/><W30/><G30/><T54/><D19/><U41/><E43/><V126/><F126/><N who="3" m="48171" /><G1/><AGARI ba="0,1" hai="1,3,36,41,42,44,47,49,73,76,83" m="51275" machi="1" ten="30,1500,0" yaku="20,1" doraHai="134" who="1" fromWho="3" sc="230,0,290,25,230,0,240,-15" /><INIT seed="1,1,0,2,3,11" ten="230,315,230,225" oya="1" hai0="10,135,49,121,112,27,90,133,87,84,15,19,58" hai1="94,26,21,97,134,92,124,13,25,115,72,22,107" hai2="35,81,48,69,68,82,61,64,131,17,103,30,7" hai3="110,71,75,117,20,100,56,129,24,70,132,50,9"/><U51/><E115/><V31/><F69/><W40/><G75/><T88/><D112/><U85/><E72/><V130/><F7/><W52/><G110/><T41/><D121/><U116/><E116/><V60/><F103/><W5/><G129/><N who="2" m="49161" /><F48/><W106/><G132/><N who="0" m="50763" /><D27/><N who="1" m="10251" /><E107/><V63/><F17/><W67/><G117/><T98/><D58/><U45/><E124/><V34/><F64/><W32/><G32/><N who="2" m="12329" /><F68/><W99/><G67/><T78/><D98/><U109/><E134/><V59/><F59/><W102/><G102/><T73/><D73/><U4/><E109/><V37/><F37/><W104/><G104/><T119/><D119/><U113/><E113/><V47/><F47/><W38/><G38/><T126/><D126/><U28/><E28/><AGARI ba="1,0" hai="28,30,31,60,61,63,81,82" m="12329,49161" machi="28" ten="40,5200,0" yaku="28,2,19,1" doraHai="11" who="2" fromWho="1" sc="230,0,315,-55,230,55,225,0" /><INIT seed="2,0,0,5,2,89" ten="230,260,285,225" oya="2" hai0="90,110,125,114,12,109,33,83,126,41,73,102,4" hai1="79,20,117,40,0,116,3,58,88,27,119,106,6" hai2="51,82,57,63,36,113,121,70,124,128,77,74,120" hai3="132,17,46,22,9,31,34,118,56,55,38,96,100"/><V71/><F113/><W48/><G118/><T78/><D33/><U98/><E79/><V50/><F36/><W30/><G132/><T8/><D114/><U99/><E40/><V11/><F124/><N who="0" m="47722" /><D102/><U80/><E99/><V72/><F128/><W111/><G111/><N who="0" m="42507" /><D90/><U97/><E98/><V14/><F72/><W62/><G38/><T16/><D41/><U131/><E131/><V134/><F134/><W13/><G34/><T53/><D53/><U1/><E6/><AGARI ba="0,0" hai="4,6,8,12,16,73,78,83" m="42507,47722" machi="6" ten="30,3900,0" yaku="18,1,14,1,54,1" doraHai="89" who="0" fromWho="1" sc="230,39,260,-39,285,0,225,0" /><INIT seed="3,0,0,0,3,29" ten="269,221,285,225" oya="3" hai0="99,120,56,24,79,132,90,135,113,82,87,46,3" hai1="116,124,43,51,122,123,44,115,93,11,37,106,109" hai2="60,75,100,32,16,73,101,58,4,28,78,62,59" hai3="111,127,102,67,85,14,68,21,53,10,88,77,103"/><W41/><G127/><T114/><D3/><U107/><E115/><N who="0" m="44041" /><D56/><U8/><E124/><V15/><F4/><W121/><G121/><T23/><D46/><U83/><E109/><V112/><F112/><W81/><G111/><T133/><D120/><U20/><E122/><V22/><F32/><W126/><G126/><T118/><D118/><U55/><E123/><V96/><F28/><W40/><G68/><T42/><D42/><N who="3" m="16489" /><G67/><T47/><D47/><U27/><E116/><V36/><F36/><W94/><G21/><T34/><D34/><U98/><E83/><V95/><F101/><N who="3" m="38411" /><G53/><T92/><D23/><U38/><E106/><V63/><F75/><W97/><G14/><T0/><D0/><U104/><E107/><V19/><F19/><W69/><G69/><T129/><D24/><U5/><E104/><V134/><F134/><W45/><G45/><T13/><D13/><N who="1" m="5263" /><E38/><V57/><F73/><W128/><G128/><AGARI ba="0,0" hai="79,82,87,90,92,99,128,129,132,133,135" m="44041" machi="128" ten="40,8000,1" yaku="20,1,11,1,34,2" doraHai="29" who="0" fromWho="3" sc="269,80,221,0,285,0,225,-80" owari="349,44.9,221,-17.9,285,8.5,145,-35.5" /></mjloggm>