<mjloggm ver="2.3"><GO type="225" lobby="0"/><UN n0="%63%68%78%62%64" n1="%33%74%72%65%65" n2="%E5%82%8D%E8%8B%A5%E7%84%A1%E4%BA%BA%35%31" n3="%E6%B8%A9%E2%98%85%E6%83%85%E2%98%85%E6%8E%AA%E2%98%85%E7%BD%AE" dan="16,16,16,18" rate="2133.41,2185.24,2103.91,2197.92" sx="M,F,M,M"/><TAIKYOKU oya="0"/><INIT seed="0,0,0,3,4,102" ten="250,250,250,250" oya="0" hai0="90,5,87,25,17,47,50,73,66,98,132,108,96" hai1="78,51,100,56,13,9,26,63,85,116,106,3,27" hai2="114,70,48,38,76,97,0,75,49,30,22,8,34" hai3="52,2,58,109,18,79,43,54,4,12,1,59,71"/><T110/><D73/><U127/><E116/><V93/><F70/><W119/><G119/><T23/><D132/><U39/><E39/><V45/><F34/><W104/><G71/><T128/><D66/><U16/><E127/><V41/><F114/><W103/><G43/><T20/><D5/><U19/><E3/><V118/><F118/><W31/><G31/><T14/><D128/><U135/><E135/><V86/><F86/><W29/><G29/><T89/><D23/><U133/><E51/><V33/><F33/><W37/><G37/><T125/><D25/><U6/><E133/><V83/><F22/><W36/><G36/><T55/><D125/><U11/><E11/><V92/><F30/><W53/><G79/><T72/><D72/><U10/><E106/><V42/><F42/><W67/><G67/><T117/><D117/><U69/><E100/><N who="2" m="60455" /><F93/><W15/><G4/><AGARI ba="0,0" hai="0,4,8,38,41,45,48,49,75,76,83" m="60455" machi="4" ten="30,1000,0" yaku="25,1" doraHai="102" who="2" fromWho="3" sc="250,0,250,0,250,10,250,-10" /><INIT seed="1,0,0,1,0,77" ten="250,250,260,240" oya="1" hai0="0,95,116,16,90,31,67,46,132,2,111,125,5" hai1="69,27,15,29,1,44,113,48,55,62,63,59,64" hai2="68,43,24,104,58,131,6,102,99,30,7,38,8" hai3="22,101,92,133,13,130,129,89,33,47,72,11,10"/><U93/><E113/><V49/><F131/><N who="3" m="50187" /><G33/><T85/><D116/><U134/><E1/><V79/><F68/><W17/><G133/><T117/><D117/><U65/><E134/><V54/><F79/><W19/><G72/><T32/><D132/><U97/><E15/><V41/><F38/><W123/><G123/><T74/><D125/><U110/><E110/><V119/><F119/><W124/><G124/><T98/><D74/><U57/><E69/><V51/><F49/><W108/><G108/><T87/><D111/><U76/><E76/><V135/><F135/><W14/><G47/><T109/><D109/><U61/><E61/><V127/><F127/><W39/><G39/><T82/><D67/><U25/><REACH who="1" step="1"/><E29/><REACH who="1" ten="250,240,260,240" step="2"/><V114/><F114/><W122/><G122/><T78/><D2/><U45/><E45/><V105/><F105/><W50/><G10/><T53/><D46/><U60/><E60/><V83/><F8/><W73/><G11/><T126/><D0/><U26/><E26/><V42/><REACH who="2" step="1"/><F83/><REACH who="2" ten="250,240,250,240" step="2"/><W70/><G70/><T81/><D126/><U106/><E106/><V18/><F18/><W56/><G19/><T120/><D16/><U91/><AGARI ba="0,2" hai="25,27,44,48,55,57,59,62,63,64,65,91,93,97" machi="91" ten="20,12000,1" yaku="1,1,0,1,7,1,9,1,8,1,53,0" doraHai="77" doraHaiUra="75" who="1" fromWho="1" sc="250,-40,240,140,250,-40,240,-40" /><INIT seed="1,1,0,4,2,75" ten="210,380,210,200" oya="1" hai0="48,126,21,53,94,58,110,90,18,40,129,130,29" hai1="114,13,16,99,10,62,78,24,82,113,31,96,134" hai2="27,77,52,121,46,36,103,89,14,111,25,5,97" hai3="1,54,4,26,115,47,35,9,71,98,19,72,87"/><U83/><E83/><V117/><F111/><W122/><G72/><T84/><D110/><U88/><E134/><V100/><F121/><W64/><G115/><T135/><D126/><U116/><E116/><V70/><F70/><W8/><G122/><T42/><D135/><U39/><E39/><V61/><F117/><W127/><G127/><T131/><REACH who="0" step="1"/><D29/><REACH who="0" ten="200,380,210,200" step="2"/><U67/><E113/><V81/><F36/><W2/><G2/><T60/><D60/><U12/><E31/><V57/><F46/><W104/><G1/><T102/><D102/><U68/><E62/><V22/><F103/><W63/><G63/><T74/><D74/><U65/><E114/><V85/><F100/><W128/><G47/><T76/><D76/><U49/><E78/><V105/><F105/><W33/><G104/><T0/><D0/><U11/><E88/><V132/><F132/><W38/><G128/><T107/><D107/><U56/><E67/><V34/><F34/><W37/><G64/><T15/><AGARI ba="1,1" hai="15,18,21,40,42,48,53,58,84,90,94,129,130,131" machi="15" ten="30,12000,2" yaku="1,1,0,1,25,2,19,1,53,1" doraHai="75" doraHaiUra="80" who="0" fromWho="0" sc="200,133,380,-61,210,-31,200,-31" /><INIT seed="2,0,0,4,0,16" ten="333,319,179,169" oya="2" hai0="111,41,26,11,56,135,59,89,42,52,123,98,131" hai1="94,117,128,9,0,10,103,97,79,43,102,87,109" hai2="12,69,70,46,36,37,112,84,44,54,100,60,96" hai3="113,114,68,47,92,72,61,120,34,49,121,65,3"/><V88/><F112/><N who="3" m="43115" /><G3/><T67/><D123/><N who="3" m="47177" /><G34/><T31/><D111/><U86/><E109/><V132/><F132/><W93/><G72/><T74/><D131/><U27/><E117/><V66/><F70/><W13/><G13/><T2/><D135/><U129/><E43/><V127/><F127/><W39/><G39/><T29/><D74/><U63/><E102/><V118/><F118/><W71/><G71/><T6/><D67/><U133/><E133/><V7/><F37/><W124/><G124/><T20/><D59/><U110/><E110/><V40/><F46/><W50/><G50/><T30/><D98/><U82/><E0/><V14/><F54/><AGARI ba="0,0" hai="47,49,54,61,65,68,92,93" m="47177,43115" machi="54" ten="30,1000,0" yaku="11,1" doraHai="16" who="3" fromWho="2" sc="333,0,319,0,179,-10,169,10" /><INIT seed="3,0,0,5,2,82" ten="333,319,169,179" oya="3" hai0="95,36,30,10,26,5,15,99,17,51,123,86,73" hai1="129,103,35,2,98,111,19,14,60,79,102,96,119" hai2="125,83,41,92,113,133,59,33,127,11,42,1,6" hai3="22,80,16,46,29,24,37,68,104,44,105,130,31"/><W84/><G68/><T109/><D36/><U28/><E111/><V65/><F133/><W55/><G130/><T23/><D73/><U108/><E108/><V117/><F113/><W8/><G37/><T88/><D109/><U39/><E2/><V112/><F112/><W4/><G105/><T13/><D123/><U132/><E132/><V126/><F117/><W52/><G104/><T134/><D134/><U118/><E39/><V76/><F92/><W120/><G120/><T62/><D62/><U122/><E122/><V18/><F33/><W38/><G38/><T53/><D99/><U56/><E79/><V48/><F18/><W58/><G55/><T0/><D30/><N who="3" m="11273" /><G4/><T69/><D69/><U77/><E129/><V66/><F65/><W7/><G8/><T3/><D3/><U94/><E28/><V81/><F81/><W47/><G7/><T116/><D116/><U67/><E35/><V57/><F66/><W61/><G46/><AGARI ba="0,0" hai="0,5,10,13,15,17,23,26,46,51,53,86,88,95" machi="46" ten="30,3900,0" yaku="7,1,52,1,54,1" doraHai="82" who="0" fromWho="3" sc="333,39,319,0,169,0,179,-39" owari="372,47.2,319,11.9,169,-23.1,140,-36.0" /></mjloggm>