<mjloggm ver="2.3"><GO type="225" lobby="0"/><UN n0="%E3%81%BF%E3%81%BF%E3%81%9A" n1="%E3%81%AF%E3%82%88%E3%81%8A%E3%81%98%E3%81%95%E3%82%93" n2="%E8%90%BD%E6%97%A5" n3="%E4%BA%BA%E9%96%93%E3%83%81%E3%83%A3%E3%83%BC%E3%83%8F%E3%83%B3" dan="18,17,16,16" rate="2245.14,2170.89,2115.61,2093.82" sx="M,M,F,M"/><TAIKYOKU oya="0"/><INIT seed="0,0,0,2,1,93" ten="250,250,250,250" oya="0" hai0="65,39,97,59,24,53,60,83,115,88,112,62,107" hai1="26,69,91,45,40,5,79,123,54,95,101,56,118" hai2="13,44,75,18,82,114,32,78,134,120,67,131,61" hai3="87,128,92,17,7,72,48,64,96,119,41,124,70"/><T21/><D39/><U127/><E118/><V117/><F120/><W98/><G119/><T130/><D130/><U106/><E123/><V73/><F117/><W37/><G72/><T14/><D14/><U12/><E69/><V125/><F114/><W85/><G37/><T84/><D107/><U132/><E127/><V55/><F125/><W27/><G124/><T33/><D33/><U77/><E132/><V1/><F1/><W10/><G70/><T57/><REACH who="0" step="1"/><D97/><REACH who="0" ten="240,250,250,250" step="2"/><U99/><E12/><V16/><F32/><W2/><G128/><T29/><AGARI ba="0,1" hai="21,24,29,53,57,59,60,62,65,83,84,88,112,115" machi="29" ten="20,12000,1" yaku="1,1,2,1,0,1,7,1,54,1,53,0" doraHai="93" doraHaiUra="42" who="0" fromWho="0" sc="240,130,250,-40,250,-40,250,-40" /><INIT seed="0,1,0,0,4,123" ten="370,210,210,210" oya="0" hai0="135,27,59,120,57,48,20,4,49,53,129,50,39" hai1="5,1,10,86,26,130,69,83,94,114,131,111,112" hai2="88,122,31,33,117,66,62,12,93,13,97,78,109" hai3="51,118,99,19,96,125,43,75,32,133,106,79,58"/><T37/><D120/><U127/><E69/><V60/><F122/><W14/><G118/><T119/><D119/><U107/><E107/><V87/><F117/><W63/><G32/><T7/><D135/><U76/><E127/><V68/><F109/><W52/><G125/><T21/><D129/><N who="1" m="49163" /><E26/><V45/><F33/><W108/><G133/><T80/><D80/><U110/><E94/><V23/><F62/><W103/><G99/><T105/><D105/><U134/><E134/><V55/><F78/><W56/><G43/><T11/><D49/><U18/><E18/><V116/><F116/><W2/><G2/><T47/><D20/><U64/><E64/><V115/><F115/><AGARI ba="1,0" hai="1,5,10,76,83,86,110,111,112,114,115" m="49163" machi="115" ten="30,7700,0" yaku="11,1,19,1,52,2" doraHai="123" who="1" fromWho="2" sc="370,0,210,80,210,-80,210,0" /><INIT seed="1,0,0,5,4,127" ten="370,290,130,210" oya="1" hai0="50,72,28,77,84,132,129,108,13,75,106,31,38" hai1="102,74,121,131,99,15,52,46,3,115,58,30,53" hai2="25,118,67,130,42,76,49,86,97,105,51,56,73" hai3="17,113,2,29,19,26,36,104,8,103,71,65,45"/><U82/><E3/><V33/><F73/><W83/><G113/><T89/><D38/><U21/><E115/><V39/><F39/><W0/><G83/><T80/><D108/><U119/><E119/><V16/><F118/><W66/><G66/><T61/><D132/><U128/><E121/><V79/><F33/><N who="3" m="20663" /><G17/><T135/><D135/><U111/><E111/><V62/><F130/><N who="1" m="49705" /><E46/><V11/><F42/><N who="3" m="22727" /><G19/><T87/><D72/><U125/><E125/><V101/><F76/><W81/><G81/><T114/><D77/><N who="1" m="44343" /><E58/><V94/><F79/><W6/><G0/><T64/><D80/><U27/><E15/><V34/><F34/><W107/><G103/><T14/><D75/><U112/><E112/><V120/><F120/><W109/><G109/><T63/><D114/><U98/><E98/><V117/><F117/><W100/><G100/><T9/><D14/><U48/><E48/><V47/><F47/><W116/><G116/><T85/><D50/><U54/><E53/><V95/><F105/><AGARI ba="0,0" hai="21,27,30,52,54,99,102,105" m="44343,49705" machi="105" ten="30,12000,1" yaku="19,1,52,3,54,1" doraHai="127" who="1" fromWho="2" sc="370,0,290,120,130,-120,210,0" /><INIT seed="1,1,0,1,1,127" ten="370,410,10,210" oya="1" hai0="34,57,2,48,72,12,63,95,107,66,103,17,33" hai1="53,100,69,27,7,0,122,123,61,43,115,116,51" hai2="121,96,39,73,133,54,80,41,128,106,84,64,49" hai3="35,124,99,111,129,76,21,112,8,114,19,62,105"/><U50/><BYE who="2" /><E100/><V37/><F37/><W32/><G62/><T5/><D72/><U56/><E27/><V11/><F11/><W6/><G76/><T92/><D107/><U40/><E7/><V1/><F1/><W90/><G90/><T125/><D125/><U60/><E0/><V79/><F79/><W104/><G99/><T102/><D2/><U22/><E22/><V24/><F24/><W26/><G104/><T42/><D5/><U71/><E116/><V36/><F36/><W135/><G105/><T52/><D42/><N who="1" m="15915" /><E115/><V134/><F134/><W117/><G117/><T15/><D33/><U83/><E83/><V38/><F38/><W31/><G111/><T101/><D34/><U110/><E110/><V65/><F65/><W68/><G68/><N who="1" m="26186" /><E60/><V58/><F58/><W109/><G109/><T78/><D78/><U108/><E108/><V91/><F91/><W75/><G75/><T45/><REACH who="0" step="1"/><D12/><REACH who="0" ten="360,410,10,210" step="2"/><U86/><E86/><V18/><F18/><W30/><G124/><T93/><D93/><U29/><E29/><N who="3" m="10762" /><G135/><T113/><D113/><N who="3" m="43625" /><G129/><T88/><D88/><U10/><E10/><AGARI ba="1,1" hai="10,15,17,45,48,52,57,63,66,92,95,101,102,103" machi="10" ten="40,5200,0" yaku="1,1,8,1,54,1,53,0" doraHai="127" doraHaiUra="16" who="0" fromWho="1" sc="360,65,410,-55,10,0,210,0" /><INIT seed="2,0,0,2,3,128" ten="425,355,10,210" oya="2" hai0="8,66,38,121,81,88,78,92,29,1,57,72,22" hai1="11,83,74,101,86,95,80,110,82,17,115,24,39" hai2="134,132,14,47,133,90,87,106,59,91,42,107,116" hai3="62,89,109,44,125,63,111,75,43,2,103,120,123"/><V3/><F3/><W129/><G2/><T31/><D121/><U56/><E115/><V4/><F4/><W34/><G34/><T84/><D22/><U114/><E114/><V45/><F45/><W76/><G89/><T25/><D25/><U64/><E39/><V135/><F135/><W32/><G32/><T48/><D38/><U94/><E110/><V46/><F46/><W131/><G103/><T13/><D1/><U77/><E83/><V10/><F10/><W41/><G76/><T15/><D15/><U71/><E71/><V23/><F23/><W96/><G96/><T5/><REACH who="0" step="1"/><D48/><REACH who="0" ten="415,355,10,210" step="2"/><U130/><E24/><V54/><F54/><W52/><G75/><T118/><D118/><U27/><E27/><V98/><F98/><W60/><G125/><T93/><D93/><U105/><E95/><V36/><F36/><W18/><G18/><T112/><D112/><U49/><E94/><V85/><F85/><W104/><G104/><T102/><D102/><U19/><E101/><V33/><F33/><W65/><G65/><T79/><D79/><U122/><E105/><V30/><F30/><W113/><G113/><T67/><D67/><U20/><E122/><N who="3" m="46634" /><G111/><T50/><D50/><U53/><E64/><V61/><F61/><AGARI ba="0,1" hai="5,8,13,29,31,57,61,66,72,78,81,84,88,92" machi="61" ten="40,2600,0" yaku="1,1,54,1,53,0" doraHai="128" doraHaiUra="28" who="0" fromWho="2" sc="415,36,355,0,10,-26,210,0" owari="451,55.1,355,15.5,-16,-51.6,210,-19.0" /></mjloggm>