<mjloggm ver="2.3"><GO type="225" lobby="0"/><UN n0="%72%61%6B%33" n1="%6D%75%75%6D%75%72%61" n2="%E9%B3%B3%E6%9D%B1%E3%81%AE%E3%81%86%E3%81%95%E3%81%8E%E3%81%95%E3%82%93" n3="%72%69%6F%75%63%68%61%6E" dan="16,16,16,16" rate="2178.53,2123.91,2117.87,2184.14" sx="M,F,M,M"/><TAIKYOKU oya="0"/><INIT seed="0,0,0,3,5,65" ten="250,250,250,250" oya="0" hai0="46,72,30,88,23,129,47,14,100,28,96,20,101" hai1="18,70,81,83,19,25,115,127,105,54,64,3,33" hai2="50,36,9,58,41,53,10,89,110,38,0,22,123" hai3="94,82,69,87,112,113,32,24,128,63,8,2,73"/><T132/><D132/><U95/><E105/><V4/><F110/><W21/><G128/><T49/><D72/><U48/><E3/><V84/><F123/><W125/><G125/><T120/><D129/><U86/><E127/><V104/><F104/><W11/><G32/><T108/><D108/><U1/><E1/><V111/><F111/><W78/><G73/><T66/><D66/><U60/><E33/><V102/><F102/><N who="0" m="39530" /><D47/><U61/><E61/><V67/><F10/><W59/><G94/><N who="0" m="56391" /><D120/><U15/><E115/><V74/><F74/><W114/><G69/><T99/><D99/><U68/><E68/><V107/><F107/><W121/><G121/><T7/><D7/><U118/><E118/><V75/><F75/><W62/><G2/><T117/><D117/><U97/><E97/><V131/><F131/><W17/><REACH who="3" step="1"/><G63/><REACH who="3" ten="250,250,250,240" step="2"/><T79/><D79/><U27/><E95/><V126/><F126/><W42/><G42/><N who="0" m="24791" /><D14/><U39/><E15/><V134/><F41/><W116/><G116/><T98/><D98/><U45/><E70/><V90/><F0/><W5/><G5/><T56/><D56/><U52/><E83/><V109/><F4/><W91/><G91/><T80/><D80/><U122/><E122/><V37/><F90/><W77/><G77/><T51/><D51/><U130/><E130/><V124/><F89/><W43/><G43/><T29/><AGARI ba="0,1" hai="20,23,28,29,30" m="24791,56391,39530" machi="29" ten="30,3000,0" yaku="8,1,54,1" doraHai="65" who="0" fromWho="0" sc="250,40,250,-10,250,-10,240,-10" /><INIT seed="0,1,0,0,5,40" ten="290,240,240,230" oya="0" hai0="82,99,89,133,61,84,59,20,87,112,50,102,91" hai1="105,83,30,11,66,93,17,1,45,125,55,123,5" hai2="24,132,15,76,78,68,111,2,41,122,67,46,75" hai3="6,74,128,77,69,94,70,9,13,37,8,96,60"/><T18/><D133/><U52/><E105/><V92/><F122/><W80/><G128/><T16/><D112/><U3/><E123/><V39/><F2/><W31/><G37/><T135/><D135/><U114/><E3/><V81/><F132/><W26/><G9/><T72/><D72/><U120/><E120/><V85/><F111/><W65/><G70/><T33/><D33/><U121/><E121/><V54/><F15/><W98/><REACH who="3" step="1"/><G94/><REACH who="3" ten="290,240,240,220" step="2"/><T44/><D20/><AGARI ba="1,1" hai="6,8,13,20,26,31,60,65,69,74,77,80,96,98" machi="20" ten="30,7700,0" yaku="1,1,2,1,7,1,53,1" doraHai="40" doraHaiUra="62" who="3" fromWho="0" sc="290,-80,240,0,240,0,220,90" /><INIT seed="1,0,0,2,2,54" ten="210,240,240,310" oya="1" hai0="117,1,96,112,42,2,59,130,64,70,63,101,0" hai1="39,83,128,30,121,98,28,3,82,87,78,74,99" hai2="32,11,20,58,27,15,102,19,129,85,108,6,14" hai3="50,61,80,35,97,9,113,86,26,119,120,57,103"/><U110/><E121/><V40/><F108/><W107/><G120/><T71/><D112/><U46/><E110/><V31/><F129/><W10/><G113/><T91/><D117/><U47/><E3/><V29/><F40/><W134/><G134/><T132/><D132/><U34/><E128/><V5/><F102/><W49/><G119/><T48/><D130/><U109/><E109/><V73/><F73/><W41/><G49/><T4/><D4/><N who="2" m="1642" /><F85/><W72/><G72/><T68/><D91/><U135/><E135/><V13/><F58/><W60/><G60/><T21/><D21/><U36/><E74/><V88/><F88/><W55/><G35/><T65/><D65/><U79/><E34/><V122/><F122/><W124/><G26/><AGARI ba="0,0" hai="11,13,14,15,19,20,26,27,29,31,32" m="1642" machi="26" ten="30,8000,1" yaku="35,5" doraHai="54" who="2" fromWho="3" sc="210,0,240,0,240,80,310,-80" /><INIT seed="2,0,0,3,1,126" ten="210,240,320,230" oya="2" hai0="73,25,12,86,87,58,88,99,132,56,83,19,90" hai1="97,21,29,44,98,85,8,71,0,103,95,123,1" hai2="106,81,75,55,127,57,64,94,11,27,14,46,108" hai3="17,43,41,72,79,84,52,122,6,60,78,16,125"/><V3/><F106/><W111/><G122/><T45/><D132/><U50/><E123/><V109/><F3/><W115/><G111/><N who="2" m="42569" /><F127/><W129/><G129/><T119/><D119/><U67/><E8/><V31/><F64/><W34/><G34/><T18/><D73/><U48/><E48/><V104/><F104/><W70/><G125/><T133/><D133/><U33/><E33/><V42/><F94/><W128/><G128/><T49/><D99/><U113/><E113/><V93/><F93/><W4/><G115/><T74/><D74/><U53/><E97/><V39/><F75/><W105/><G72/><T69/><D69/><U2/><E85/><V24/><F81/><W135/><G105/><T63/><D25/><U9/><E9/><V54/><F57/><N who="3" m="34855" /><G70/><T15/><D63/><U91/><E71/><V100/><F100/><W96/><G96/><T20/><D87/><U110/><E110/><V28/><F28/><W117/><G117/><T38/><D90/><U61/><E103/><V62/><F62/><W114/><G114/><T65/><D65/><U35/><E61/><V101/><F101/><W7/><G135/><T40/><D38/><U22/><E67/><V13/><F31/><W37/><G37/><T47/><D47/><U118/><E118/><V130/><F46/><W68/><G68/><T77/><D77/><N who="3" m="29193" /><G84/><T32/><D32/><U107/><E107/><V10/><F39/><W5/><N who="3" m="1024" /><DORA hai="124" /><W30/><G30/><T89/><D89/><U121/><E29/><V102/><F102/><W26/><G26/><T82/><D82/><U51/><E121/><RYUUKYOKU ba="0,0" sc="210,15,240,-15,320,-15,230,15" hai0="12,15,18,19,20,40,45,49,56,58,83,86,88" hai3="16,17,41,43" /><INIT seed="3,1,0,0,3,96" ten="225,225,305,245" oya="3" hai0="88,32,93,103,12,130,23,44,92,49,106,22,129" hai1="71,61,133,80,3,14,43,45,131,132,28,77,70" hai2="73,10,116,25,21,5,59,13,4,115,36,105,20" hai3="62,33,135,67,79,118,123,104,53,72,74,16,109"/><W15/><G118/><T107/><D32/><U127/><E3/><V125/><F105/><N who="0" m="39946" /><D93/><U8/><E28/><V111/><F36/><W101/><G135/><N who="1" m="51786" /><E61/><V99/><F125/><W34/><G123/><T0/><D0/><U57/><E57/><V100/><F115/><W54/><G109/><T40/><D12/><U85/><E131/><N who="0" m="50185" /><D103/><U76/><E76/><V97/><F100/><W78/><G79/><T47/><D47/><U19/><E127/><V94/><F13/><W51/><G78/><T75/><D75/><U117/><E117/><V112/><F111/><W17/><G72/><T29/><D29/><U2/><E2/><V7/><F73/><W126/><G74/><T108/><D108/><U68/><E68/><V102/><F116/><W119/><G119/><T6/><D6/><U124/><E124/><V60/><F4/><W27/><G126/><T24/><D24/><U90/><E77/><V64/><F5/><W82/><G27/><T11/><D11/><U87/><E87/><AGARI ba="1,0" hai="22,23,40,44,49,87,88,92" m="50185,39946" machi="87" ten="30,2000,0" yaku="19,1,54,1" doraHai="96" who="0" fromWho="1" sc="225,23,225,-23,305,0,245,0" owari="248,4.8,202,-29.8,305,40.5,245,-15.5" /></mjloggm>