<mjloggm ver="2.3"><GO type="225" lobby="0"/><UN n0="%E5%B8%86%E7%AB%8B%E5%A4%8F%E8%A1%A3" n1="%E3%81%99%E3%81%84%E3%81%BE%E3%81%9B%E3%83%BC%E3%82%93" n2="%72%69%6F%75%63%68%61%6E" n3="%E3%83%B4%E3%82%A3%E3%83%AF%E3%82%B3%E3%82%B0%E3%83%8B" dan="17,16,17,16" rate="2136.01,2160.05,2247.91,2151.67" sx="M,M,M,M"/><TAIKYOKU oya="0"/><INIT seed="0,0,0,1,2,118" ten="250,250,250,250" oya="0" hai0="85,77,2,27,119,88,49,115,34,31,52,1,82" hai1="0,55,58,134,108,78,23,89,98,54,7,69,103" hai2="117,80,11,53,110,40,39,48,63,93,105,111,17" hai3="132,95,61,66,94,112,3,76,99,46,29,133,109"/><T37/><D115/><U30/><E108/><V124/><F105/><W67/><G3/><T91/><D119/><U68/><E134/><N who="3" m="51818" /><G112/><T21/><D37/><U59/><E78/><V38/><F117/><W20/><G109/><N who="2" m="41481" /><F124/><W36/><G76/><T116/><D116/><U32/><E32/><V18/><F80/><W86/><G86/><T33/><D33/><U56/><E89/><V96/><F63/><W4/><G4/><T79/><D79/><U113/><E113/><V127/><F127/><W74/><G74/><T64/><D64/><U5/><E0/><V50/><F50/><W26/><G99/><T15/><D2/><U81/><E81/><V25/><F25/><W114/><G114/><T128/><D1/><U130/><E130/><V73/><F73/><W122/><G122/><T84/><D128/><U87/><E87/><V44/><F11/><W120/><G120/><T51/><D51/><U92/><E69/><V6/><F6/><N who="1" m="2057" /><E68/><V129/><F129/><W12/><G12/><T45/><REACH who="0" step="1"/><D84/><REACH who="0" ten="240,250,250,250" step="2"/><U125/><E125/><V72/><F72/><W57/><G66/><T126/><D126/><U131/><E131/><V60/><F39/><W102/><G36/><T121/><D121/><U106/><E106/><V28/><F38/><W123/><G123/><T62/><D62/><U65/><E65/><V16/><F60/><W71/><G71/><T8/><D8/><U75/><E75/><V14/><F48/><W90/><G61/><T19/><AGARI ba="0,1" hai="15,19,21,27,31,34,45,49,52,77,82,85,88,91" machi="19" ten="30,11700,0" yaku="1,1,0,1,54,2,53,0" doraHai="118" doraHaiUra="35" who="0" fromWho="0" sc="240,127,250,-39,250,-39,250,-39" /><INIT seed="0,1,0,3,5,131" ten="367,211,211,211" oya="0" hai0="36,32,104,121,39,68,19,26,100,94,98,85,93" hai1="67,33,65,119,22,81,18,8,37,28,125,110,117" hai2="55,70,95,64,71,76,129,35,89,48,23,63,73" hai3="112,61,38,114,91,58,97,6,46,41,31,51,79"/><T72/><D121/><U126/><E37/><V43/><F35/><W42/><G79/><T13/><D72/><U134/><E110/><V118/><F129/><W4/><G31/><T102/><D68/><U40/><E40/><V15/><F118/><N who="1" m="45065" /><E81/><V12/><F70/><W88/><G38/><T107/><D39/><U83/><E83/><V60/><F43/><W16/><G42/><T7/><D36/><U56/><E56/><V130/><F130/><W10/><G4/><T47/><D47/><U127/><E8/><V82/><F60/><W132/><G97/><T115/><D98/><U3/><E3/><V86/><REACH who="2" step="1"/><F23/><REACH who="2" ten="367,211,201,211" step="2"/><W124/><G61/><T109/><D32/><U99/><E33/><V108/><F108/><W24/><G41/><T77/><D109/><U5/><E22/><V135/><F135/><W116/><G132/><T54/><D107/><U96/><E134/><V92/><F92/><W80/><G114/><T27/><D104/><U111/><E111/><V123/><F123/><W113/><G112/><T62/><D94/><U84/><E127/><V75/><F75/><W57/><G113/><T120/><D93/><U29/><E126/><V25/><F25/><W128/><G124/><T17/><D115/><U34/><E34/><V0/><F0/><W59/><G128/><T87/><D120/><U122/><E122/><V30/><F30/><W105/><G105/><T9/><D27/><U101/><E125/><V133/><F133/><W90/><G24/><T74/><D26/><U20/><E29/><V52/><F52/><W49/><G49/><T106/><D106/><RYUUKYOKU ba="1,1" sc="367,-10,211,-10,201,30,211,-10" hai2="12,15,48,55,63,64,71,73,76,82,86,89,95" /><INIT seed="1,2,1,4,2,110" ten="357,201,231,201" oya="1" hai0="71,16,93,63,70,7,2,126,108,95,52,77,27" hai1="87,33,80,130,39,86,125,119,135,75,114,9,6" hai2="92,62,31,28,67,44,118,25,61,132,120,127,100" hai3="81,74,101,85,84,17,51,12,109,82,4,0,29"/><U5/><E119/><V38/><F118/><W59/><G109/><T89/><D108/><U43/><E33/><V40/><F120/><W11/><G101/><T19/><D77/><N who="1" m="44095" /><E5/><V102/><F127/><W111/><G111/><T129/><D129/><U104/><E104/><V68/><F132/><W112/><G29/><T47/><D126/><U34/><E34/><V73/><F73/><W56/><G74/><T105/><D105/><U94/><E125/><V23/><F31/><W122/><G122/><T18/><D27/><U1/><E135/><V107/><F107/><W3/><G112/><T103/><D2/><U123/><E123/><V117/><F117/><W134/><G134/><T54/><D7/><U78/><E78/><V26/><F26/><W124/><G124/><T88/><D103/><U42/><E130/><V133/><F133/><W128/><G128/><T45/><D19/><U37/><E94/><V76/><F76/><W121/><G121/><T14/><D63/><U65/><E114/><V30/><F30/><W99/><G99/><T72/><D72/><U115/><E115/><V83/><F62/><W20/><G0/><T116/><D116/><U60/><E87/><N who="3" m="33354" /><G51/><T96/><D96/><U24/><E86/><V64/><F83/><N who="3" m="31755" /><G3/><T90/><D90/><U15/><E1/><V66/><REACH who="2" step="1"/><F100/><REACH who="2" ten="357,201,221,201" step="2"/><W79/><G79/><T91/><D91/><U10/><E24/><V32/><F32/><W69/><G69/><T48/><D14/><U21/><E15/><V55/><F55/><W58/><G58/><T49/><AGARI ba="2,2" hai="16,18,45,47,48,49,52,54,70,71,88,89,93,95" machi="49" ten="25,12000,2" yaku="0,1,22,2,54,3" doraHai="110" who="0" fromWho="0" sc="357,146,201,-62,221,-32,201,-32" /><INIT seed="2,0,0,0,1,67" ten="503,139,189,169" oya="2" hai0="120,20,122,128,74,130,68,113,66,47,48,82,132" hai1="87,135,92,11,55,34,90,53,125,100,70,14,19" hai2="5,111,71,60,30,106,108,24,4,31,123,52,61" hai3="75,84,54,110,23,109,104,85,99,58,119,42,103"/><V77/><F123/><W117/><G42/><T49/><D113/><U18/><E34/><V45/><F106/><W81/><G23/><T126/><D126/><U28/><E125/><V33/><F77/><N who="3" m="44223" /><G54/><T69/><D132/><U62/><E28/><V101/><F101/><W27/><G27/><T93/><D93/><U10/><E135/><V41/><F30/><W105/><G58/><T95/><D95/><U29/><E29/><V115/><F115/><W64/><G64/><T35/><D20/><U7/><E100/><V80/><F80/><W57/><G57/><T131/><D35/><U127/><E127/><V96/><F96/><W44/><G44/><T25/><D25/><U12/><REACH who="1" step="1"/><E7/><REACH who="1" ten="503,129,189,169" step="2"/><V72/><F4/><W3/><G105/><T22/><D130/><U1/><E1/><V129/><F5/><W13/><G3/><T37/><D49/><U2/><E2/><V17/><F129/><W134/><G134/><T83/><D47/><U97/><E97/><V107/><F31/><W38/><G38/><T6/><D22/><U98/><E98/><V78/><F33/><W102/><G102/><T56/><D56/><U8/><E8/><V9/><F9/><W32/><G32/><T46/><D46/><U40/><E40/><V116/><F45/><W88/><G104/><T15/><D6/><U43/><E43/><V51/><F41/><W16/><G103/><T21/><D21/><U121/><E121/><V26/><F107/><W79/><G99/><T65/><D122/><U73/><E73/><V94/><F72/><W112/><G112/><T114/><D120/><RYUUKYOKU ba="0,1" sc="503,-10,129,30,189,-10,169,-10" hai1="10,11,12,14,18,19,53,55,62,70,87,90,92" /><INIT seed="3,1,1,0,5,37" ten="493,159,179,159" oya="3" hai0="35,75,66,109,17,71,62,9,120,132,18,58,15" hai1="20,100,28,96,57,87,135,73,88,102,103,133,85" hai2="14,93,47,2,21,59,69,16,90,123,44,61,33" hai3="67,114,121,97,131,36,72,82,54,65,24,64,41"/><W86/><G121/><T129/><D109/><U118/><E73/><V8/><F123/><W95/><G72/><T4/><D120/><U77/><E118/><V43/><F33/><W107/><G107/><T13/><D129/><U32/><E32/><V134/><F69/><W23/><G114/><T10/><D132/><N who="1" m="50763" /><E57/><V115/><F115/><W111/><G111/><T126/><D126/><U94/><E77/><V56/><F134/><W52/><G131/><T106/><D106/><U46/><E46/><N who="2" m="17451" /><F43/><W25/><G41/><T7/><D75/><U74/><E74/><V79/><F2/><W0/><G0/><T51/><D35/><U125/><E125/><V39/><F39/><W68/><G36/><T89/><D89/><U48/><E48/><V29/><F79/><N who="3" m="46431" /><G68/><T3/><D3/><U53/><E53/><AGARI ba="1,1" hai="4,7,9,10,13,15,17,18,51,53,58,62,66,71" machi="53" ten="40,1300,0" yaku="9,1" doraHai="37" who="0" fromWho="1" sc="493,26,159,-16,179,0,159,0" owari="519,61.9,143,-35.7,179,-2.1,159,-24.1" /></mjloggm>