<mjloggm ver="2.3"><GO type="225" lobby="0"/><UN n0="%E3%81%86%E3%82%8B%E3%81%8A%E3%81%A1%E3%82%83" n1="%41%54%53%4D" n2="%61%6D%65%6B%69" n3="%E3%82%B5%E3%83%AB%E3%82%B7%E3%83%B3" dan="16,16,16,16" rate="2099.96,2119.44,2083.21,2113.08" sx="F,M,M,M"/><TAIKYOKU oya="0"/><INIT seed="0,0,0,3,3,88" ten="250,250,250,250" oya="0" hai0="18,27,50,64,91,2,130,104,25,112,41,99,119" hai1="133,89,43,15,69,68,47,11,75,53,31,73,132" hai2="121,108,84,42,81,33,56,135,118,128,45,71,67" hai3="51,129,54,83,44,117,123,21,28,24,5,122,34"/><T111/><D112/><U76/><E31/><V86/><F33/><W46/><G117/><T66/><D119/><U7/><E53/><V100/><F71/><W35/><G129/><T70/><D2/><U20/><E20/><V92/><F121/><N who="3" m="46091" /><G5/><T103/><D130/><U57/><E57/><V74/><F128/><W48/><G83/><T120/><D120/><U38/><E89/><V52/><F108/><W125/><G125/><T113/><D113/><U39/><E39/><V80/><F118/><W65/><G65/><N who="0" m="25195" /><D70/><N who="1" m="27243" /><E76/><V23/><F135/><AGARI ba="0,0" hai="7,11,15,38,43,47,73,75,132,133,135" m="27243" machi="135" ten="30,1000,0" yaku="20,1" doraHai="88" who="1" fromWho="2" sc="250,0,250,10,250,-10,250,0" /><INIT seed="1,0,0,1,1,80" ten="250,260,240,250" oya="1" hai0="40,57,41,113,53,112,32,96,52,79,119,47,20" hai1="125,81,43,2,89,118,66,92,63,25,3,59,106" hai2="34,77,16,122,42,72,17,28,100,99,0,14,128" hai3="21,49,86,107,114,67,18,60,95,102,19,74,24"/><U91/><E106/><V68/><F0/><W104/><G74/><T11/><D32/><U76/><E118/><V54/><F122/><W39/><G39/><T82/><D119/><U84/><E125/><V64/><F128/><W50/><G114/><T130/><D130/><U103/><E43/><V93/><F42/><W108/><G108/><T135/><D135/><U129/><E129/><V6/><F77/><W62/><G62/><T75/><D96/><N who="1" m="59783" /><E3/><V131/><F72/><W8/><G104/><T126/><D41/><U45/><E2/><V7/><F17/><W56/><G107/><T117/><D117/><U70/><E70/><V85/><F131/><W1/><G1/><T90/><D126/><U127/><E45/><V78/><F54/><W71/><G71/><T48/><D11/><U69/><E69/><V105/><F64/><W65/><G65/><T61/><D90/><U10/><E127/><V33/><F68/><W44/><G44/><T26/><REACH who="0" step="1"/><D40/><REACH who="0" ten="240,260,240,250" step="2"/><U134/><E134/><V94/><F34/><W123/><G123/><T101/><D101/><U46/><E10/><V120/><F120/><W9/><G9/><T29/><AGARI ba="0,1" hai="20,26,29,47,48,52,53,57,61,75,79,82,112,113" machi="29" ten="20,8000,1" yaku="1,1,0,1,7,1,54,1,53,1" doraHai="80" doraHaiUra="27" who="0" fromWho="0" sc="240,90,260,-40,240,-20,250,-20" /><INIT seed="2,0,0,2,1,117" ten="330,220,220,230" oya="2" hai0="47,25,58,33,45,97,26,4,111,74,128,11,36" hai1="66,43,95,108,116,69,16,73,122,23,57,112,126" hai2="34,94,87,70,85,3,6,55,46,86,42,90,30" hai3="83,12,39,105,124,63,68,76,77,35,127,13,29"/><V54/><F70/><W114/><G39/><T115/><D115/><U92/><E69/><V53/><F6/><W79/><G105/><T5/><D74/><U99/><E73/><V120/><F3/><W32/><G114/><T31/><D111/><U2/><E2/><V19/><F19/><W132/><G132/><T8/><D128/><U49/><E112/><V52/><N who="2" m="13312" /><DORA hai="17" /><V101/><F101/><W125/><G83/><T9/><D26/><N who="1" m="14695" /><E116/><V113/><F113/><W119/><G119/><T65/><D97/><U51/><E108/><V18/><F18/><W82/><G82/><T89/><D89/><U75/><E75/><V84/><F120/><W100/><G100/><T14/><D36/><U71/><E71/><V93/><F93/><W44/><G44/><T21/><D33/><N who="3" m="12873" /><G29/><T106/><D106/><U96/><E122/><V0/><F0/><W102/><G102/><T59/><D9/><U37/><E37/><V121/><F121/><W80/><G80/><T60/><REACH who="0" step="1"/><D58/><REACH who="0" ten="320,220,220,230" step="2"/><U62/><E126/><V103/><F103/><W133/><G133/><T129/><D129/><U72/><E72/><V135/><F135/><W88/><G88/><T131/><D131/><U20/><E20/><V109/><F109/><W41/><G124/><T48/><D48/><N who="1" m="18507" /><E43/><V15/><F34/><W56/><G41/><T10/><D10/><U118/><E118/><V104/><F104/><W98/><G68/><T67/><D67/><U91/><E91/><V107/><F107/><W40/><G40/><T1/><AGARI ba="0,1" hai="1,4,5,8,11,14,21,25,31,45,47,59,60,65" machi="1" ten="20,5200,0" yaku="1,1,0,1,7,1,52,1,53,0" doraHai="117,17" doraHaiUra="110,64" who="0" fromWho="0" sc="320,62,220,-13,220,-26,230,-13" /><INIT seed="3,0,0,0,3,74" ten="382,207,194,217" oya="3" hai0="124,66,118,56,91,125,35,2,17,102,78,27,105" hai1="130,129,82,64,69,14,98,133,31,7,37,24,36" hai2="58,76,55,86,22,85,112,61,5,115,50,114,87" hai3="116,16,60,10,48,3,39,46,135,38,13,120,54"/><W19/><G120/><T73/><D118/><U28/><E133/><V12/><F61/><W44/><G116/><T83/><D2/><U21/><E28/><V122/><F122/><W81/><G135/><T67/><D91/><U111/><E111/><V104/><F104/><W84/><G3/><T90/><D90/><U53/><E98/><V89/><F76/><W15/><G60/><T65/><D56/><U9/><E53/><V109/><F109/><W43/><G39/><T123/><D123/><U32/><E82/><V18/><REACH who="2" step="1"/><F5/><REACH who="2" ten="382,207,184,217" step="2"/><W70/><G70/><T72/><D72/><U23/><E69/><V52/><F52/><W11/><G81/><AGARI ba="0,1" hai="12,18,22,50,55,58,81,85,86,87,89,112,114,115" machi="81" ten="40,1300,0" yaku="1,1,53,0" doraHai="74" doraHaiUra="29" who="2" fromWho="3" sc="382,0,207,0,184,23,217,-13" owari="382,48.2,207,0.7,207,-19.3,204,-29.6" /></mjloggm>