<mjloggm ver="2.3"><GO type="225" lobby="0"/><UN n0="%E7%99%BD%E9%9B%AA%E4%B9%83%E6%84%9B" n1="%6D%75%75%6D%75%72%61" n2="%E5%8D%A0%E3%81%84%E5%B8%AB%E8%A3%8F%E3%81%AA%E3%81%84%E3%81%97" n3="%E5%8F%AF%E5%85%90%E9%82%A3%E7%94%B1%E5%A4%9A" dan="16,17,16,17" rate="2052.61,2199.57,2112.53,2205.77" sx="F,F,M,F"/><TAIKYOKU oya="0"/><INIT seed="0,0,0,5,3,135" ten="250,250,250,250" oya="0" hai0="10,27,30,95,88,9,87,8,129,105,7,110,119" hai1="28,17,59,54,132,45,97,4,23,13,11,72,76" hai2="18,40,70,85,6,99,124,12,92,91,61,115,100" hai3="78,56,32,83,67,3,15,80,118,131,63,134,94"/><T102/><D119/><U101/><E132/><V113/><F6/><W60/><G134/><T96/><D129/><U111/><E111/><V75/><F40/><W109/><G3/><T127/><D110/><U46/><E28/><V73/><F61/><W35/><G109/><T126/><REACH who="0" step="1"/><D7/><REACH who="0" ten="240,250,250,250" step="2"/><U123/><E123/><V103/><F113/><W106/><G118/><T49/><D49/><U55/><E4/><V98/><F115/><W43/><G131/><T19/><D19/><U24/><E17/><V68/><F18/><W89/><G60/><T41/><D41/><U104/><E11/><V121/><F121/><W21/><G43/><T14/><D14/><U25/><E13/><V48/><F12/><W20/><G15/><T33/><AGARI ba="0,1" hai="8,9,10,27,30,33,87,88,95,96,102,105,126,127" machi="33" ten="30,12000,1" yaku="1,1,0,1,52,2,54,1,53,0" doraHai="135" doraHaiUra="16" who="0" fromWho="0" sc="240,130,250,-40,250,-40,250,-40" /><INIT seed="0,1,0,1,4,19" ten="370,210,210,210" oya="0" hai0="80,10,93,118,27,38,101,86,32,36,18,53,112" hai1="134,31,135,35,8,132,17,28,66,47,40,90,15" hai2="61,12,14,85,34,128,127,97,24,126,92,133,117" hai3="72,73,84,62,81,111,129,57,46,113,2,29,49"/><T59/><D112/><U131/><E131/><V4/><F128/><W16/><G129/><T1/><D118/><U58/><E35/><V105/><F117/><W119/><G119/><T75/><D75/><U108/><E108/><V120/><F120/><W55/><G113/><T99/><D1/><U21/><E90/><V76/><F133/><W51/><G111/><T79/><D10/><U114/><E114/><V69/><F4/><W123/><G123/><T102/><D102/><U41/><E8/><V87/><F87/><W98/><G2/><T83/><D83/><U91/><E91/><V74/><F85/><W68/><G29/><N who="1" m="11338" /><E47/><V100/><F92/><W37/><G37/><T0/><D0/><U26/><E26/><V6/><F24/><W33/><G33/><T64/><D64/><U13/><E13/><N who="2" m="5227" /><F6/><W110/><G110/><T88/><D32/><U42/><E66/><N who="2" m="41167" /><F34/><W52/><G98/><T23/><D101/><U11/><E11/><V39/><F39/><W77/><G68/><T63/><AGARI ba="1,0" hai="18,23,27,36,38,53,59,63,79,80,86,88,93,99" machi="63" ten="20,18000,2" yaku="0,1,7,1,25,2,52,1,54,1" doraHai="19" who="0" fromWho="0" sc="370,183,210,-61,210,-61,210,-61" /><INIT seed="0,2,0,5,5,11" ten="553,149,149,149" oya="0" hai0="106,89,40,90,4,134,110,109,33,21,65,120,100" hai1="32,25,77,63,46,70,14,12,24,67,36,130,6" hai2="87,51,129,35,81,26,85,82,58,13,52,42,68" hai3="133,54,18,1,122,84,124,62,95,75,43,119,91"/><T2/><D120/><U80/><E130/><V98/><F68/><W71/><G119/><T72/><D33/><U97/><E97/><V127/><F127/><W132/><G124/><T101/><D72/><U125/><E125/><V128/><F98/><W15/><G1/><T49/><D134/><N who="3" m="51817" /><G122/><T126/><D126/><U20/><E32/><V103/><F103/><N who="0" m="39498" /><D65/><U57/><E70/><V79/><F42/><W64/><G75/><T28/><D106/><U96/><E96/><V118/><F118/><W111/><G43/><T86/><D86/><U69/><E69/><V61/><F61/><W116/><G116/><T10/><D21/><U117/><E117/><V7/><F35/><W37/><G37/><T114/><D28/><U50/><E36/><V113/><F26/><N who="1" m="10345" /><E20/><V121/><F113/><W74/><G74/><T47/><D114/><U19/><E19/><V27/><F27/><W16/><G111/><AGARI ba="2,0" hai="2,4,10,40,47,49,89,90,109,110,111" m="39498" machi="111" ten="30,2900,0" yaku="14,1,10,1" doraHai="11" who="0" fromWho="3" sc="553,35,149,0,149,0,149,-35" /><INIT seed="0,3,0,4,5,42" ten="588,149,149,114" oya="0" hai0="49,51,62,97,54,47,17,9,4,50,20,86,22" hai1="30,117,60,99,11,128,57,79,77,6,103,13,89" hai2="82,26,61,3,45,81,28,98,92,19,132,80,95" hai3="14,63,41,126,71,116,48,113,100,96,18,107,106"/><T7/><D97/><U53/><E128/><V111/><F111/><W34/><G113/><T87/><D62/><U104/><E117/><V108/><F108/><W37/><G116/><T16/><D51/><U84/><REACH who="1" step="1"/><E30/><REACH who="1" ten="588,139,149,114" step="2"/><V32/><F28/><W29/><G29/><T27/><D50/><U12/><E12/><V46/><F3/><W24/><G14/><N who="0" m="5439" /><D4/><U74/><E74/><V83/><F61/><W114/><G48/><T131/><D131/><U33/><E33/><V76/><F32/><W40/><G34/><T55/><D55/><U43/><E43/><V127/><F127/><W125/><G41/><T56/><D56/><U129/><E129/><V21/><F132/><W133/><G133/><T31/><D31/><U88/><E88/><V15/><F15/><AGARI ba="3,1" hai="15,16,17,20,22,27,47,49,54,86,87" m="5439" machi="15" ten="30,5800,0" yaku="8,1,52,1,54,1" doraHai="42" who="0" fromWho="2" sc="588,77,139,0,149,-67,114,0" /><INIT seed="0,4,0,1,2,10" ten="665,139,82,114" oya="0" hai0="121,82,112,124,22,6,125,96,111,66,81,48,43" hai1="15,19,76,18,8,23,80,93,88,69,51,20,106" hai2="99,78,101,119,34,104,28,45,103,83,129,56,33" hai3="100,67,12,25,14,9,4,79,13,77,95,92,127"/><T52/><D112/><U47/><E106/><V126/><F126/><N who="0" m="48746" /><D121/><U122/><E69/><V40/><F129/><W55/><G127/><T63/><D43/><U120/><E120/><V118/><F101/><W1/><G67/><T90/><D6/><U59/><E59/><V115/><F56/><W89/><G100/><T30/><D111/><U31/><E31/><V94/><F94/><W54/><G95/><N who="0" m="56439" /><D30/><U73/><E19/><V27/><F33/><W114/><G114/><T134/><D134/><U3/><E3/><V74/><REACH who="2" step="1"/><F115/><REACH who="2" ten="665,139,72,114" step="2"/><W131/><G131/><T135/><D135/><U85/><E122/><V61/><F61/><W108/><G108/><T116/><D116/><U107/><E107/><V39/><AGARI ba="4,1" hai="27,28,34,39,40,45,74,78,83,99,103,104,118,119" machi="39" ten="30,7900,0" yaku="1,1,0,1,23,2,53,0" doraHai="10" doraHaiUra="49" who="2" fromWho="2" sc="665,-43,139,-24,72,101,114,-24" /><INIT seed="1,0,0,0,1,121" ten="622,115,173,90" oya="1" hai0="49,46,9,118,90,14,83,52,47,61,108,119,75" hai1="5,93,80,133,134,104,130,27,84,64,78,48,15" hai2="25,129,31,105,120,112,127,99,96,32,98,71,59" hai3="124,135,4,43,37,19,82,7,86,109,17,16,40"/><U79/><E104/><V95/><F120/><W8/><G135/><N who="1" m="51722" /><E130/><V94/><F71/><W36/><G124/><T55/><D108/><U85/><E64/><V131/><F127/><W106/><G106/><T57/><D46/><U6/><E27/><V73/><F73/><W102/><G102/><T12/><D12/><U65/><E65/><V0/><F0/><W132/><G132/><T115/><D115/><U74/><E74/><V23/><F105/><W62/><G62/><T51/><D61/><U1/><E1/><V107/><F107/><W11/><G109/><T125/><D125/><U114/><E114/><V97/><F112/><W68/><G68/><T54/><D54/><U87/><E93/><V113/><F94/><W39/><G86/><N who="1" m="33386" /><E78/><V81/><F113/><W92/><G82/><T29/><D29/><U111/><N who="1" m="33394" /><U53/><DORA hai="70" /><E111/><V123/><F81/><W116/><G92/><T50/><D83/><U20/><E79/><V30/><F123/><W38/><N who="3" m="9216" /><DORA hai="33" /><W3/><REACH who="3" step="1"/><G116/><REACH who="3" ten="622,115,173,80" step="2"/><T89/><D119/><U42/><E80/><V110/><F95/><W126/><G126/><T24/><D118/><U26/><E42/><V63/><F110/><W128/><G128/><T22/><D75/><U67/><E67/><N who="2" m="39423" /><F131/><W91/><G91/><T66/><D90/><U28/><E15/><AGARI ba="0,1" hai="3,4,7,8,11,15,16,17,19,40,43" m="9216" machi="15" ten="70,24000,4" yaku="1,1,52,5,54,1,53,5" doraHai="121,70,33" doraHaiUra="10,77,69" who="3" fromWho="1" sc="622,0,115,-240,173,0,80,250" owari="622,72.2,-125,-62.5,173,-22.7,330,13.0" /></mjloggm>