<mjloggm ver="2.3"><GO type="225" lobby="0"/><UN n0="%4B%2E%32%2E%4B%2E" n1="%E3%81%95%E3%81%8D%E3%81%9F%E3%81%BE%E6%9E%97%E6%AA%8E" n2="%E3%80%93%E3%81%97%E3%83%BC%E3%82%89%E3%80%93" n3="%72%69%6F%75%63%68%61%6E" dan="17,16,17,16" rate="2186.39,2086.30,2208.70,2166.48" sx="M,M,M,M"/><TAIKYOKU oya="0"/><INIT seed="0,0,0,2,1,24" ten="250,250,250,250" oya="0" hai0="37,30,29,32,119,39,123,21,59,42,0,11,66" hai1="121,112,103,101,72,1,96,90,50,17,97,5,117" hai2="3,102,26,12,28,91,55,19,134,116,40,93,51" hai3="71,14,118,43,23,109,49,100,53,10,98,87,2"/><T104/><D119/><U132/><E117/><V133/><F3/><W65/><G118/><T48/><D123/><U60/><E121/><V99/><F40/><W108/><G43/><T122/><D122/><U27/><E72/><V124/><F124/><W20/><G2/><T15/><D104/><U83/><E112/><V68/><F68/><W22/><G87/><T56/><D0/><U73/><E73/><V25/><F102/><W113/><G113/><T89/><D32/><U34/><E34/><V46/><F116/><W77/><G77/><T84/><D39/><U70/><E70/><V58/><F46/><W86/><G86/><T4/><D21/><U125/><E125/><V57/><F57/><N who="0" m="22090" /><D66/><U6/><E1/><V52/><F55/><W78/><G78/><T131/><D131/><U64/><E64/><V80/><F80/><W8/><G71/><T45/><D37/><U130/><E130/><V81/><F81/><AGARI ba="0,0" hai="4,11,15,29,30,42,45,48,81,84,89" m="22090" machi="81" ten="30,5800,0" yaku="8,1,52,2" doraHai="24" who="0" fromWho="2" sc="250,58,250,0,250,-58,250,0" /><INIT seed="0,1,0,4,2,69" ten="308,250,192,250" oya="0" hai0="80,0,12,73,9,4,37,8,102,95,86,72,50" hai1="106,26,6,36,35,75,84,103,135,27,51,100,31" hai2="81,10,113,129,120,64,30,16,71,15,74,40,61" hai3="122,132,28,89,46,134,47,82,98,38,109,43,44"/><T108/><D108/><U19/><E75/><V22/><F113/><W21/><G109/><T29/><D29/><U128/><E6/><V101/><F120/><W118/><G118/><T53/><D37/><U76/><E36/><V117/><F117/><W42/><G122/><T34/><D34/><U18/><E106/><V133/><F133/><N who="3" m="51307" /><G43/><T57/><D95/><U58/><E135/><V13/><F129/><W49/><G49/><T23/><D23/><U96/><E128/><V45/><F101/><W70/><G70/><T124/><D102/><U121/><E121/><V92/><F92/><N who="3" m="56591" /><G82/><T68/><D68/><U107/><E103/><V104/><F104/><W119/><G119/><T83/><D83/><U63/><E51/><V112/><F112/><W130/><G130/><T116/><D124/><U114/><E114/><V115/><F115/><W79/><G79/><T17/><REACH who="0" step="1"/><D116/><REACH who="0" ten="298,250,192,250" step="2"/><U78/><E107/><V3/><F30/><W66/><G66/><T62/><D62/><U67/><E63/><V123/><F123/><W59/><G28/><T2/><D2/><U105/><E31/><V77/><F3/><W111/><G21/><T87/><D87/><U97/><E84/><V127/><F127/><W11/><G111/><T60/><D60/><U88/><E105/><V99/><F99/><W91/><G91/><AGARI ba="1,1" hai="0,4,8,9,12,17,50,53,57,72,73,80,86,91" machi="91" ten="30,5800,0" yaku="1,1,7,1,53,1" doraHai="69" doraHaiUra="33" who="0" fromWho="3" sc="298,71,250,0,192,0,250,-61" /><INIT seed="0,2,0,1,4,110" ten="369,250,192,189" oya="0" hai0="43,95,132,40,88,37,52,3,71,2,118,96,105" hai1="51,17,28,4,47,46,19,38,56,129,58,66,113" hai2="41,67,11,121,22,57,135,45,35,134,49,27,83" hai3="120,16,94,24,23,5,60,108,77,9,84,39,119"/><T44/><D118/><U98/><E4/><V74/><F121/><W7/><G119/><T65/><D132/><U50/><E38/><V6/><F35/><W48/><G108/><T63/><D43/><U13/><E28/><V25/><F25/><W117/><G117/><T30/><D105/><U122/><E122/><V82/><F74/><W76/><G120/><T125/><D125/><U81/><E81/><V123/><F123/><W89/><G39/><T91/><D91/><U106/><E106/><V116/><F116/><W90/><G5/><T10/><D10/><U64/><E129/><V36/><F36/><W8/><G8/><T72/><D72/><U61/><E98/><V100/><F100/><W114/><G114/><T87/><D96/><U15/><E61/><V73/><F73/><W101/><G101/><T0/><D30/><U115/><AGARI ba="2,0" hai="13,15,17,19,46,47,50,51,56,58,64,66,113,115" machi="115" ten="25,8000,1" yaku="0,1,22,2,52,2" doraHai="110" who="1" fromWho="1" sc="369,-42,250,86,192,-22,189,-22" /><INIT seed="1,0,0,2,4,120" ten="327,336,170,167" oya="1" hai0="1,71,127,102,103,21,8,90,89,133,54,92,74" hai1="81,115,9,7,108,31,5,97,119,78,18,39,26" hai2="131,113,107,118,93,60,68,49,42,110,36,48,75" hai3="38,33,111,73,3,57,55,65,15,19,66,51,32"/><U28/><E115/><V30/><F107/><W130/><G130/><T96/><D71/><U40/><E119/><V11/><F75/><W52/><G3/><T98/><D74/><U116/><E116/><V77/><F118/><W13/><G73/><T62/><D127/><U126/><E126/><V86/><F113/><W47/><G111/><T91/><D133/><U69/><E69/><V88/><F77/><W0/><G0/><T43/><D43/><U34/><E97/><V20/><F131/><W14/><G19/><T100/><D1/><N who="1" m="175" /><E31/><V53/><F110/><W79/><G79/><T61/><D8/><U109/><E18/><V84/><F11/><W67/><REACH who="3" step="1"/><G38/><REACH who="3" ten="327,336,170,157" step="2"/><T132/><D132/><U70/><E7/><V4/><F4/><W122/><G122/><T95/><D103/><U128/><E128/><V125/><F125/><W50/><AGARI ba="0,1" hai="13,14,15,32,33,47,50,51,52,55,57,65,66,67" machi="50" ten="40,5200,0" yaku="1,1,0,1,54,1,53,0" doraHai="120" doraHaiUra="16" who="3" fromWho="3" sc="327,-13,336,-26,170,-13,157,62" /><INIT seed="2,0,0,3,2,29" ten="314,310,157,219" oya="2" hai0="56,65,26,96,75,102,44,37,28,79,83,86,6" hai1="98,50,62,73,108,22,47,90,3,54,123,97,85" hai2="120,130,58,71,115,21,106,52,13,31,101,81,27" hai3="87,99,78,16,93,53,88,131,118,124,109,122,66"/><V125/><F71/><W55/><G118/><T104/><D6/><U34/><E73/><V126/><F115/><W63/><G122/><T105/><D105/><U2/><E123/><V69/><F69/><W19/><G109/><T103/><D103/><U100/><E108/><V128/><F120/><W17/><G124/><N who="2" m="47721" /><F81/><N who="3" m="47543" /><G131/><N who="2" m="50217" /><F13/><W7/><G7/><T36/><D44/><U61/><E47/><V1/><F1/><W76/><G76/><T70/><D56/><AGARI ba="0,0" hai="16,17,19,53,55,56,63,66,88,93,99" m="47543" machi="56" ten="30,3900,0" yaku="8,1,54,2" doraHai="29" who="3" fromWho="0" sc="314,-39,310,0,157,0,219,39" /><INIT seed="3,0,0,1,0,108" ten="275,310,157,258" oya="3" hai0="115,102,11,85,90,113,36,28,120,83,60,12,21" hai1="106,49,15,35,10,25,22,71,77,67,131,3,17" hai2="82,32,100,9,111,92,27,132,53,93,119,97,135" hai3="78,134,52,41,47,75,38,42,5,129,40,30,20"/><W86/><G129/><T37/><D120/><U31/><E106/><V88/><F53/><W26/><G134/><N who="2" m="51241" /><F9/><W76/><G75/><T84/><D102/><U65/><E131/><V121/><F27/><W124/><G124/><T110/><D110/><U101/><E101/><V56/><F56/><W99/><G5/><T95/><D60/><U63/><E77/><N who="3" m="29802" /><G38/><T103/><D85/><U107/><E107/><N who="2" m="63887" /><F32/><W62/><G99/><N who="0" m="59903" /><D21/><U127/><E127/><V18/><F18/><W7/><G7/><N who="0" m="3199" /><D28/><U72/><E67/><V68/><F68/><W2/><G2/><T118/><D118/><U23/><E72/><V66/><F66/><W114/><G114/><AGARI ba="0,0" hai="36,37,83,84,90,113,114,115" m="3199,59903" machi="114" ten="30,7700,0" yaku="11,1,52,3" doraHai="108" who="0" fromWho="3" sc="275,77,310,0,157,0,258,-77" owari="352,45.2,310,11.0,157,-34.3,181,-21.9" /></mjloggm>