<mjloggm ver="2.3"><GO type="225" lobby="0"/><UN n0="%E9%80%86%E9%80%A3%E5%B8%AF%E3%81%AE%E9%AC%BC" n1="%28%EF%BF%A3%E2%96%BD%EF%BF%A3%29%CE%B4%E2%8C%92%E3%83%BB" n2="%E4%BF%BA%E3%81%A8%E5%A6%96%E5%A4%A2" n3="%72%69%6F%75%63%68%61%6E" dan="17,16,17,17" rate="2173.94,2146.32,2158.16,2255.27" sx="M,M,F,M"/><TAIKYOKU oya="0"/><INIT seed="0,0,0,3,2,19" ten="250,250,250,250" oya="0" hai0="80,92,18,116,122,9,68,58,16,84,66,83,117" hai1="120,127,48,89,101,59,41,121,105,87,98,70,85" hai2="53,54,50,20,73,111,5,63,132,133,126,91,25" hai3="34,43,109,37,55,4,67,10,40,29,42,15,125"/><T114/><D122/><U28/><E70/><V21/><F73/><W74/><G109/><T33/><D114/><U12/><E127/><V3/><F111/><W8/><G125/><T81/><D33/><U51/><E87/><V7/><F126/><W113/><G113/><T62/><D68/><U95/><E51/><V46/><F91/><W26/><G74/><T60/><D60/><U56/><E56/><N who="2" m="35215" /><F3/><W130/><G130/><T90/><REACH who="0" step="1"/><D9/><REACH who="0" ten="240,250,250,250" step="2"/><U128/><E121/><V2/><F133/><W13/><G67/><T104/><D104/><U124/><E120/><V103/><F132/><W39/><REACH who="3" step="1"/><G55/><REACH who="3" ten="240,250,250,240" step="2"/><T1/><D1/><U115/><E124/><V71/><F2/><W135/><G135/><T118/><AGARI ba="0,2" hai="16,18,58,62,66,80,81,83,84,90,92,116,117,118" machi="118" ten="40,7800,0" yaku="1,1,0,1,54,1,53,0" doraHai="19" doraHaiUra="69" who="0" fromWho="0" sc="240,98,250,-26,250,-26,240,-26" /><INIT seed="0,1,0,2,2,135" ten="338,224,224,214" oya="0" hai0="92,119,82,97,25,48,85,101,5,46,53,50,56" hai1="29,66,45,62,88,122,99,93,128,120,42,124,126" hai2="39,32,64,65,18,20,106,61,16,87,24,71,74" hai3="2,17,111,134,113,103,51,112,35,26,80,15,31"/><T129/><D129/><U116/><E116/><V43/><F74/><W76/><G134/><T3/><D119/><U0/><E0/><V94/><F106/><W41/><G111/><T38/><D38/><U81/><E128/><V22/><F32/><W78/><G2/><T68/><D68/><U77/><E29/><V104/><F104/><W100/><G113/><T67/><D25/><U75/><E120/><V34/><F34/><W115/><G115/><T52/><D67/><U132/><E132/><V123/><F123/><W30/><G112/><T37/><D37/><U127/><E122/><V130/><F130/><W19/><G31/><T63/><D3/><U69/><E45/><V58/><F39/><W107/><G19/><T54/><D5/><U110/><E42/><V98/><F43/><W7/><G7/><T49/><REACH who="0" step="1"/><D54/><REACH who="0" ten="328,224,224,214" step="2"/><U28/><E28/><V117/><F71/><W13/><G41/><T86/><D86/><N who="1" m="48431" /><E110/><V114/><F87/><W12/><G17/><T27/><D27/><U55/><E55/><N who="2" m="34015" /><F114/><W102/><G107/><T1/><D1/><U57/><E69/><V84/><F84/><W4/><G4/><T60/><D60/><N who="1" m="38159" /><E75/><V95/><F117/><W105/><G105/><T118/><D118/><U108/><E108/><V70/><F70/><W125/><G51/><T23/><D23/><U59/><E62/><V91/><F20/><W33/><G35/><T89/><AGARI ba="1,1" hai="46,48,49,50,52,53,56,63,82,85,89,92,97,101" machi="89" ten="20,12000,1" yaku="1,1,0,1,7,1,8,1,54,1,53,0" doraHai="135" doraHaiUra="109" who="0" fromWho="0" sc="328,133,224,-41,224,-41,214,-41" /><INIT seed="0,2,0,3,3,27" ten="461,183,183,173" oya="0" hai0="1,29,99,91,94,35,17,12,66,52,118,31,134" hai1="115,56,44,5,4,100,20,92,110,93,54,69,117" hai2="70,8,57,98,21,111,19,16,40,18,10,125,96" hai3="23,50,86,7,90,102,67,15,76,101,74,30,119"/><T97/><D118/><U39/><E69/><V106/><F70/><W11/><G119/><T24/><D134/><U13/><E117/><V107/><F111/><W63/><G76/><T51/><D1/><U133/><E110/><V62/><F40/><W48/><G74/><T34/><D66/><U22/><E133/><V59/><F21/><W68/><G48/><T135/><D135/><U127/><E127/><V124/><F19/><W0/><G50/><T3/><D3/><U120/><E120/><V116/><F116/><W73/><G73/><T81/><D81/><U32/><E32/><V130/><REACH who="2" step="1"/><F62/><REACH who="2" ten="461,183,173,173" step="2"/><W82/><REACH who="3" step="1"/><G30/><REACH who="3" ten="461,183,173,163" step="2"/><T14/><D31/><U132/><E132/><V26/><F26/><W60/><G60/><T109/><D109/><U84/><E115/><V61/><F61/><W45/><G45/><T108/><D108/><U114/><E44/><V6/><F6/><W38/><G38/><T42/><D29/><U28/><E39/><V37/><F37/><W41/><G41/><T103/><D42/><U46/><E28/><V65/><F65/><W113/><G113/><T131/><D35/><U121/><E114/><V105/><F105/><W72/><G72/><T83/><D34/><U43/><E46/><V9/><F9/><W36/><G36/><T128/><D51/><U77/><E43/><V85/><F85/><W112/><G112/><T129/><D24/><U64/><E64/><V104/><F104/><W49/><G49/><T87/><D87/><U95/><E84/><V80/><F80/><W25/><G25/><T71/><D83/><U75/><E4/><RYUUKYOKU ba="2,2" sc="461,-15,183,-15,173,15,163,15" hai2="8,10,16,18,57,59,96,98,106,107,124,125,130" hai3="0,7,11,15,23,63,67,68,82,86,90,101,102" /><INIT seed="1,3,2,1,0,46" ten="446,168,188,178" oya="1" hai0="21,59,34,13,1,28,68,125,103,118,115,122,135" hai1="64,40,50,55,36,33,99,51,26,124,35,77,22" hai2="30,86,84,102,89,72,120,41,83,92,31,73,116" hai3="88,18,76,91,70,10,101,97,107,75,134,133,108"/><U94/><E36/><V24/><F116/><W111/><G70/><T54/><D118/><U93/><E124/><V74/><F120/><W81/><G18/><T106/><D125/><U131/><E131/><V130/><F130/><W69/><G69/><T0/><D122/><U43/><E35/><V19/><F41/><N who="1" m="15945" /><E33/><V20/><REACH who="2" step="1"/><F102/><REACH who="2" ten="446,168,178,178" step="2"/><W56/><G10/><T79/><D103/><N who="1" m="60911" /><E55/><V8/><F8/><W47/><G47/><T109/><D54/><U71/><E71/><V39/><F39/><W11/><G56/><T65/><D59/><U61/><E77/><AGARI ba="3,3" hai="19,20,24,30,31,72,73,74,77,83,84,86,89,92" machi="77" ten="40,1300,0" yaku="1,1,53,0" doraHai="46" doraHaiUra="52" who="2" fromWho="1" sc="446,0,168,-22,178,52,178,0" /><INIT seed="2,0,0,4,4,120" ten="446,146,230,178" oya="2" hai0="25,39,114,80,29,128,12,83,135,30,69,99,35" hai1="104,22,71,133,81,31,115,127,45,52,87,85,74" hai2="82,119,53,111,38,0,44,93,96,76,23,106,126" hai3="21,130,55,1,95,37,46,132,61,102,117,16,103"/><V98/><F119/><W110/><G110/><T124/><D114/><U59/><E104/><V101/><F0/><W65/><G117/><T90/><D135/><U32/><E32/><V24/><F126/><W129/><G1/><T15/><D128/><N who="3" m="49257" /><G132/><T34/><D69/><U72/><E71/><V20/><F111/><W36/><G55/><T2/><D2/><U100/><E133/><V70/><F70/><N who="3" m="42287" /><G95/><T57/><D39/><N who="3" m="14921" /><G46/><T50/><D124/><U66/><E127/><V121/><F121/><W92/><G92/><T26/><D99/><U27/><E115/><V17/><F23/><W28/><G28/><T51/><D57/><U33/><E33/><V125/><F125/><W84/><G84/><T134/><D134/><U94/><E45/><V109/><F109/><W40/><G40/><T64/><D64/><U60/><E52/><V43/><F53/><W42/><G42/><T41/><D41/><U86/><REACH who="1" step="1"/><E81/><REACH who="1" ten="446,136,230,178" step="2"/><V112/><F112/><W68/><G68/><T105/><D105/><U19/><E19/><V62/><F62/><W67/><G67/><T123/><D123/><U10/><E10/><V48/><F38/><W58/><G58/><T73/><D83/><U107/><E107/><V63/><F63/><W49/><G49/><T79/><D51/><U47/><E47/><V56/><F56/><W54/><G54/><T13/><D50/><U4/><E4/><V97/><F106/><W118/><G118/><T8/><D8/><U6/><E6/><V11/><F11/><W116/><G116/><T108/><D108/><U113/><E113/><V89/><F82/><RYUUKYOKU ba="0,1" sc="446,10,136,10,230,-30,178,10" hai0="12,13,15,25,26,29,30,34,35,73,79,80,90" hai1="22,27,31,59,60,66,72,74,85,86,87,94,100" hai3="16,21,102,103" /><INIT seed="3,1,1,3,3,105" ten="456,146,200,188" oya="3" hai0="80,112,16,32,68,28,59,78,2,25,36,46,33" hai1="77,57,116,88,121,61,102,13,103,67,84,131,69" hai2="29,5,90,44,31,126,53,56,15,72,20,42,60" hai3="89,98,83,26,10,91,92,0,65,23,7,123,49"/><W1/><G123/><T14/><D112/><U8/><E121/><V133/><F72/><W132/><G132/><T96/><D68/><U70/><E131/><V12/><F133/><W114/><G114/><T50/><D2/><U37/><E116/><V86/><F126/><W6/><G65/><T35/><D96/><U124/><E124/><V71/><F71/><W128/><G128/><T52/><D36/><U9/><E37/><V22/><F5/><W38/><G38/><T106/><D106/><U113/><E113/><V75/><F75/><W104/><G104/><T134/><D134/><U41/><E70/><V43/><F29/><W101/><G83/><T119/><D119/><U62/><E41/><N who="2" m="15371" /><F44/><W4/><G49/><T107/><D107/><U99/><E77/><V40/><F40/><W48/><G48/><T18/><D46/><U73/><E73/><V85/><F85/><W45/><G45/><T30/><D30/><U47/><E47/><V93/><F20/><W81/><G0/><T100/><D100/><U66/><E99/><V135/><F135/><W17/><G101/><T95/><D95/><U108/><E108/><V39/><F39/><W34/><G34/><T82/><D18/><U58/><E69/><V76/><F76/><W118/><G118/><T54/><D54/><U63/><E63/><V97/><F97/><W51/><G51/><T19/><D19/><N who="1" m="8615" /><E9/><V129/><F129/><W21/><G21/><N who="0" m="11415" /><D82/><U120/><E120/><V64/><F53/><W122/><G122/><T3/><D3/><U27/><E27/><AGARI ba="1,1" hai="12,15,22,27,31,56,60,64,86,90,93" m="15371" machi="27" ten="30,1000,0" yaku="8,1" doraHai="105" who="2" fromWho="1" sc="456,0,146,-13,200,23,188,0" owari="456,55.6,133,-36.7,223,2.3,188,-21.2" /></mjloggm>