<mjloggm ver="2.3"><GO type="225" lobby="0"/><UN n0="%E7%B4%94%E6%BD%94%E3%83%94%E3%83%A9%E3%83%8B%E3%82%A2" n1="%E3%82%B2%E3%82%B9%E8%8C%82%E5%8B%9D" n2="%77%72%77%72%77%72%77%72" n3="%E3%81%B5%E3%81%98%E3%81%8B%E3%81%A4" dan="16,16,17,16" rate="2127.97,2103.36,2221.63,2189.33" sx="M,F,M,M"/><TAIKYOKU oya="0"/><INIT seed="0,0,0,1,1,56" ten="250,250,250,250" oya="0" hai0="88,24,61,4,37,18,52,86,27,119,130,30,14" hai1="85,6,89,2,74,131,42,128,70,72,50,19,118" hai2="84,92,71,17,62,98,40,53,99,38,60,12,106" hai3="48,111,104,115,101,79,73,67,108,54,110,58,49"/><T95/><D119/><U31/><E118/><V78/><F71/><W8/><G115/><T47/><D4/><U133/><E133/><V117/><F117/><W63/><G73/><T129/><D37/><U33/><E19/><V120/><F120/><W132/><G79/><T23/><D27/><U113/><E113/><V112/><F112/><W46/><G104/><T114/><D114/><U69/><E74/><V97/><F106/><W82/><G82/><T90/><D90/><U44/><E72/><V9/><F38/><W22/><G101/><T3/><D3/><U65/><E31/><V32/><F32/><W29/><G8/><T105/><D105/><U134/><E33/><V51/><F40/><N who="3" m="24647" /><G22/><T124/><D124/><U0/><E134/><V11/><F11/><W25/><G25/><T66/><D47/><U43/><E42/><V100/><F100/><W127/><G29/><T81/><D81/><U102/><E102/><V75/><F75/><W57/><G132/><T41/><D41/><U55/><E43/><V116/><F116/><W16/><G16/><T26/><D52/><U59/><E0/><V77/><F92/><W103/><G103/><T107/><D107/><U94/><E6/><V21/><F9/><W121/><G121/><T91/><D91/><U7/><E7/><V125/><F125/><AGARI ba="0,0" hai="49,54,57,58,63,67,108,110,111,125,127" m="24647" machi="125" ten="40,8000,1" yaku="14,1,34,2,52,1" doraHai="56" who="3" fromWho="2" sc="250,0,250,0,250,-80,250,80" /><INIT seed="1,0,0,2,5,7" ten="250,250,170,330" oya="1" hai0="71,53,80,5,113,21,110,18,87,132,102,43,70" hai1="134,57,26,126,91,84,124,103,82,111,8,114,78" hai2="10,66,30,38,94,23,64,62,75,51,131,0,33" hai3="125,83,22,89,105,59,106,49,61,46,52,107,68"/><U128/><E114/><V130/><F38/><W67/><G125/><N who="1" m="48234" /><E26/><N who="2" m="16735" /><F33/><W73/><G22/><T4/><D43/><U76/><E134/><V118/><F75/><W15/><G15/><T116/><D102/><U72/><E57/><V135/><F118/><W77/><REACH who="3" step="1"/><G89/><REACH who="3" ten="250,250,170,320" step="2"/><T19/><D21/><U117/><E117/><V121/><F135/><W34/><G34/><T93/><D132/><U32/><E32/><V31/><F121/><W74/><G74/><T108/><D116/><U29/><E29/><V17/><F31/><W56/><AGARI ba="0,1" hai="46,49,52,56,59,61,67,68,73,77,83,105,106,107" machi="56" ten="40,8000,1" yaku="1,1,0,1,54,1,53,1" doraHai="7" doraHaiUra="65" who="3" fromWho="3" sc="250,-20,250,-40,170,-20,320,90" /><INIT seed="2,0,0,5,0,54" ten="230,210,150,410" oya="2" hai0="64,81,63,82,44,127,134,18,66,13,126,34,104" hai1="14,84,105,130,59,77,23,74,15,9,19,29,39" hai2="99,88,43,57,8,65,46,100,38,56,62,48,97" hai3="75,86,55,92,135,61,52,113,120,33,121,133,102"/><V78/><F78/><W103/><G33/><T70/><D34/><U2/><E130/><V72/><F72/><W6/><G75/><T67/><D104/><U22/><E39/><V24/><F8/><W58/><G6/><T79/><D44/><U0/><E74/><V51/><F38/><W117/><G117/><T96/><D96/><U132/><E105/><V49/><F100/><W95/><G113/><T11/><D134/><N who="3" m="51209" /><G55/><T1/><D1/><U93/><E132/><V41/><F24/><W91/><G95/><T5/><D5/><U123/><E123/><AGARI ba="0,0" hai="52,58,61,86,91,92,102,103,120,121,123" m="51209" machi="123" ten="30,3900,0" yaku="20,1,52,1,54,1" doraHai="54" who="3" fromWho="1" sc="230,0,210,-39,150,0,410,39" /><INIT seed="3,0,0,1,3,10" ten="230,171,150,449" oya="3" hai0="76,122,45,1,134,120,110,50,133,82,70,77,91" hai1="61,73,20,12,39,69,124,80,62,37,98,24,0" hai2="49,99,118,127,35,58,67,71,96,36,81,34,9" hai3="11,117,79,115,26,51,106,40,43,15,89,90,29"/><W42/><G106/><T56/><D70/><U21/><E124/><V125/><F36/><W7/><G117/><T95/><D56/><U94/><E0/><V128/><F118/><W130/><G130/><T32/><D32/><U3/><E3/><V131/><F71/><W66/><G79/><N who="0" m="30283" /><D82/><U116/><E116/><V72/><F9/><W18/><G66/><T126/><D1/><U119/><E119/><V48/><F81/><W46/><G115/><T57/><D57/><U129/><E129/><V78/><F78/><W54/><G7/><T97/><D110/><U86/><E73/><V59/><REACH who="2" step="1"/><F67/><REACH who="2" ten="230,171,140,449" step="2"/><W28/><G28/><T85/><D122/><U53/><E69/><V105/><F105/><W111/><G111/><T17/><D120/><U6/><E37/><V41/><F41/><W84/><G84/><T38/><D85/><U4/><E39/><V65/><F65/><W60/><G60/><T13/><D38/><U107/><E107/><V22/><F22/><AGARI ba="0,1" hai="11,15,18,22,26,29,40,42,43,46,51,54,89,90" machi="22" ten="40,3900,0" yaku="8,1,52,1" doraHai="10" who="3" fromWho="2" sc="230,0,171,0,140,-39,449,49" owari="230,3.0,171,-22.9,101,-39.9,498,59.8" /></mjloggm>